|j|☆Andrewtre
|j|☆Boneyard00
|t:|1743800935
|gametype|singles
|player|p1|Andrewtre|psychic-gen4|1172
|player|p2|Boneyard00|acetrainer-gen4dp|1190
|teamsize|p1|6
|teamsize|p2|6
|gen|9
|tier|[Gen 9] OU
|rated|
|rule|HP Percentage Mod: HP is shown in percentages
|rule|Endless Battle Clause: Forcing endless battles is banned
|rule|Species Clause: Limit one of each Pokémon
|rule|OHKO Clause: OHKO moves are banned
|rule|Evasion Items Clause: Evasion items are banned
|rule|Evasion Moves Clause: Evasion moves are banned
|rule|Sleep Moves Clause: Sleep-inducing moves are banned
|clearpoke
|poke|p1|Farigiraf, M|
|poke|p1|Golurk|
|poke|p1|Slowking, F|
|poke|p1|Golduck, M|
|poke|p1|Hatterene, F|
|poke|p1|Dragapult, F|
|poke|p2|Talonflame, F|
|poke|p2|Sawsbuck-Winter, M|
|poke|p2|Basculegion, M|
|poke|p2|Electivire, M|
|poke|p2|Avalugg, M|
|poke|p2|Vespiquen, F|
|teampreview
|inactive|Battle timer is ON: inactive players will automatically lose when time's up. (requested by Andrewtre)
|
|t:|1743800947
|start
|switch|p1a: Hatty|Hatterene, F|100/100
|switch|p2a: Bashigon|Basculegion, M|100/100
|turn|1
|
|t:|1743800950
|move|p2a: Bashigon|Phantom Force||[still]
|-prepare|p2a: Bashigon|Phantom Force
|move|p1a: Hatty|Trick Room|p1a: Hatty
|-fieldstart|move: Trick Room|[of] p1a: Hatty
|
|upkeep
|turn|2
|
|t:|1743800954
|switch|p1a: Farigiraf|Farigiraf, M|100/100
|move|p2a: Bashigon|Phantom Force|p1a: Farigiraf|[from] lockedmove
|-immune|p1a: Farigiraf
|
|upkeep
|turn|3
|
|t:|1743800960
|switch|p2a: Laurentor|Avalugg, M|100/100
|move|p1a: Farigiraf|Psychic Fangs|p2a: Laurentor
|-damage|p2a: Laurentor|77/100
|-damage|p1a: Farigiraf|84/100|[from] item: Rocky Helmet|[of] p2a: Laurentor
|-damage|p1a: Farigiraf|74/100|[from] item: Life Orb
|
|upkeep
|turn|4
|
|t:|1743800962
|-terastallize|p1a: Farigiraf|Fighting
|move|p2a: Laurentor|Body Press|p1a: Farigiraf
|-damage|p1a: Farigiraf|39/100
|move|p1a: Farigiraf|Tera Blast|p2a: Laurentor|[anim] Tera Blast Fighting
|-supereffective|p2a: Laurentor
|-damage|p2a: Laurentor|28/100
|-damage|p1a: Farigiraf|29/100|[from] item: Life Orb
|
|upkeep
|turn|5
|
|t:|1743800973
|-terastallize|p2a: Laurentor|Ghost
|move|p2a: Laurentor|Recover|p2a: Laurentor
|-heal|p2a: Laurentor|78/100
|move|p1a: Farigiraf|Tera Blast|p2a: Laurentor|[anim] Tera Blast Fighting
|-immune|p2a: Laurentor
|
|-fieldend|move: Trick Room
|upkeep
|turn|6
|
|t:|1743800975
|move|p1a: Farigiraf|Psychic Fangs|p2a: Laurentor
|-damage|p2a: Laurentor|56/100
|-damage|p1a: Farigiraf|12/100|[from] item: Rocky Helmet|[of] p2a: Laurentor
|-damage|p1a: Farigiraf|2/100|[from] item: Life Orb
|move|p2a: Laurentor|Avalanche|p1a: Farigiraf
|-damage|p1a: Farigiraf|0 fnt
|faint|p1a: Farigiraf
|
|upkeep
|
|t:|1743800978
|switch|p1a: Dragapult|Dragapult, F|100/100
|turn|7
|
|t:|1743800981
|move|p1a: Dragapult|Shadow Ball|p2a: Laurentor
|-supereffective|p2a: Laurentor
|-damage|p2a: Laurentor|0 fnt
|faint|p2a: Laurentor
|-damage|p1a: Dragapult|91/100|[from] item: Life Orb
|
|upkeep
|
|t:|1743800988
|switch|p2a: Haywire|Electivire, M|100/100
|turn|8
|
|t:|1743800992
|move|p1a: Dragapult|Dragon Pulse|p2a: Haywire
|-damage|p2a: Haywire|62/100
|-damage|p1a: Dragapult|81/100|[from] item: Life Orb
|move|p2a: Haywire|Knock Off|p1a: Dragapult
|-supereffective|p1a: Dragapult
|-damage|p1a: Dragapult|4/100
|-enditem|p1a: Dragapult|Life Orb|[from] move: Knock Off|[of] p2a: Haywire
|
|upkeep
|turn|9
|
|t:|1743800999
|move|p1a: Dragapult|Dragon Pulse|p2a: Haywire
|-damage|p2a: Haywire|31/100
|move|p2a: Haywire|Thunderbolt|p1a: Dragapult
|-resisted|p1a: Dragapult
|-damage|p1a: Dragapult|0 fnt
|faint|p1a: Dragapult
|
|upkeep
|
|t:|1743801004
|switch|p1a: Golurk|Golurk|100/100
|turn|10
|
|t:|1743801006
|move|p2a: Haywire|Knock Off|p1a: Golurk
|-supereffective|p1a: Golurk
|-damage|p1a: Golurk|39/100
|-enditem|p1a: Golurk|Life Orb|[from] move: Knock Off|[of] p2a: Haywire
|move|p1a: Golurk|Stealth Rock|p2a: Haywire
|-sidestart|p2: Boneyard00|move: Stealth Rock
|
|upkeep
|turn|11
|
|t:|1743801009
|move|p2a: Haywire|Knock Off|p1a: Golurk
|-supereffective|p1a: Golurk
|-damage|p1a: Golurk|0 fnt
|faint|p1a: Golurk
|
|upkeep
|
|t:|1743801013
|switch|p1a: Hatty|Hatterene, F|100/100
|turn|12
|
|t:|1743801017
|move|p2a: Haywire|Knock Off|p1a: Hatty
|-damage|p1a: Hatty|72/100
|-enditem|p1a: Hatty|Focus Sash|[from] move: Knock Off|[of] p2a: Haywire
|move|p1a: Hatty|Trick Room|p1a: Hatty
|-fieldstart|move: Trick Room|[of] p1a: Hatty
|
|upkeep
|turn|13
|
|t:|1743801020
|move|p1a: Hatty|Psychic|p2a: Haywire
|-damage|p2a: Haywire|0 fnt
|faint|p2a: Haywire
|
|upkeep
|
|t:|1743801029
|switch|p2a: Vicky|Vespiquen, F|100/100
|-damage|p2a: Vicky|50/100|[from] Stealth Rock
|-ability|p2a: Vicky|Pressure
|turn|14
|
|t:|1743801031
|move|p1a: Hatty|Mystical Fire|p2a: Vicky
|-supereffective|p2a: Vicky
|-damage|p2a: Vicky|5/100
|-unboost|p2a: Vicky|spa|1
|move|p2a: Vicky|Roost|p2a: Vicky
|-heal|p2a: Vicky|55/100
|-singleturn|p2a: Vicky|move: Roost
|
|-heal|p2a: Vicky|61/100|[from] item: Leftovers
|upkeep
|turn|15
|
|t:|1743801036
|move|p1a: Hatty|Psychic|p2a: Vicky
|-damage|p2a: Vicky|20/100
|move|p2a: Vicky|Defend Order|p2a: Vicky
|-boost|p2a: Vicky|def|1
|-boost|p2a: Vicky|spd|1
|
|-heal|p2a: Vicky|26/100|[from] item: Leftovers
|upkeep
|turn|16
|
|t:|1743801040
|move|p1a: Hatty|Mystical Fire|p2a: Vicky
|-supereffective|p2a: Vicky
|-damage|p2a: Vicky|0 fnt
|faint|p2a: Vicky
|
|-fieldend|move: Trick Room
|upkeep
|
|t:|1743801046
|switch|p2a: Bashigon|Basculegion, M|100/100
|-damage|p2a: Bashigon|88/100|[from] Stealth Rock
|turn|17
|
|t:|1743801051
|move|p2a: Bashigon|Phantom Force||[still]
|-prepare|p2a: Bashigon|Phantom Force
|move|p1a: Hatty|Trick Room|p1a: Hatty
|-fieldstart|move: Trick Room|[of] p1a: Hatty
|
|upkeep
|turn|18
|
|t:|1743801060
|move|p1a: Hatty|Psychic|p2a: Bashigon|[miss]
|-miss|p1a: Hatty|p2a: Bashigon
|move|p2a: Bashigon|Phantom Force|p1a: Hatty|[from] lockedmove
|-supereffective|p1a: Hatty
|-damage|p1a: Hatty|0 fnt
|faint|p1a: Hatty
|
|upkeep
|
|t:|1743801064
|switch|p1a: Queen|Slowking, F|100/100
|turn|19
|
|t:|1743801069
|move|p1a: Queen|Psychic|p2a: Bashigon
|-damage|p2a: Bashigon|26/100
|-unboost|p2a: Bashigon|spd|1
|-damage|p1a: Queen|91/100|[from] item: Life Orb
|move|p2a: Bashigon|Phantom Force||[still]
|-prepare|p2a: Bashigon|Phantom Force
|
|upkeep
|turn|20
|
|t:|1743801074
|move|p1a: Queen|Psychic|p2a: Bashigon|[miss]
|-miss|p1a: Queen|p2a: Bashigon
|move|p2a: Bashigon|Phantom Force|p1a: Queen|[from] lockedmove
|-supereffective|p1a: Queen
|-damage|p1a: Queen|0 fnt
|faint|p1a: Queen
|
|upkeep
|
|t:|1743801076
|switch|p1a: Goldie|Golduck, M|100/100
|turn|21
|
|t:|1743801087
|move|p1a: Goldie|Rain Dance|p1a: Goldie
|-weather|RainDance
|move|p2a: Bashigon|Phantom Force||[still]
|-prepare|p2a: Bashigon|Phantom Force
|
|-weather|RainDance|[upkeep]
|-fieldend|move: Trick Room
|upkeep
|turn|22
|
|t:|1743801093
|move|p1a: Goldie|Ice Beam|p2a: Bashigon|[miss]
|-miss|p1a: Goldie|p2a: Bashigon
|move|p2a: Bashigon|Phantom Force|p1a: Goldie|[from] lockedmove
|-enditem|p1a: Goldie|Focus Sash
|-damage|p1a: Goldie|1/100
|
|-weather|RainDance|[upkeep]
|upkeep
|turn|23
|
|t:|1743801100
|switch|p2a: Milwauk|Sawsbuck-Winter, M, shiny|100/100
|-damage|p2a: Milwauk|88/100|[from] Stealth Rock
|move|p1a: Goldie|Ice Beam|p2a: Milwauk
|-supereffective|p2a: Milwauk
|-damage|p2a: Milwauk|3/100
|
|-weather|RainDance|[upkeep]
|upkeep
|turn|24
|
|t:|1743801102
|move|p1a: Goldie|Surf|p2a: Milwauk
|-resisted|p2a: Milwauk
|-damage|p2a: Milwauk|0 fnt
|faint|p2a: Milwauk
|
|-weather|RainDance|[upkeep]
|upkeep
|
|t:|1743801105
|switch|p2a: Bashigon|Basculegion, M|26/100
|-damage|p2a: Bashigon|13/100|[from] Stealth Rock
|turn|25
|
|t:|1743801109
|move|p2a: Bashigon|Aqua Jet|p1a: Goldie
|-resisted|p1a: Goldie
|-damage|p1a: Goldie|0 fnt
|faint|p1a: Goldie
|
|win|Boneyard00
|raw|Andrewtre's rating: 1172 &rarr; <strong>1148</strong><br />(-24 for losing)
|raw|Boneyard00's rating: 1190 &rarr; <strong>1214</strong><br />(+24 for winning)
|l|☆Andrewtre
|player|p1|
|c|☆Boneyard00|Gg
|l|☆Boneyard00
|player|p2|
