|j|☆BurgerThing
|j|☆45worldd
|t:|1743875945
|gametype|singles
|player|p1|BurgerThing|lucas-gen4pt|1574
|player|p2|45worldd|jupiter|1531
|teamsize|p1|6
|teamsize|p2|6
|gen|9
|tier|[Gen 9] OU
|rated|
|rule|HP Percentage Mod: HP is shown in percentages
|rule|Endless Battle Clause: Forcing endless battles is banned
|rule|Species Clause: Limit one of each Pokémon
|rule|OHKO Clause: OHKO moves are banned
|rule|Evasion Items Clause: Evasion items are banned
|rule|Evasion Moves Clause: Evasion moves are banned
|rule|Sleep Moves Clause: Sleep-inducing moves are banned
|clearpoke
|poke|p1|Rillaboom, M|
|poke|p1|Great Tusk|
|poke|p1|Garganacl, F|
|poke|p1|Altaria, F|
|poke|p1|Iron Valiant|
|poke|p1|Ogerpon-Wellspring, F|
|poke|p2|Walking Wake|
|poke|p2|Whimsicott, F|
|poke|p2|Ninetales, M|
|poke|p2|Great Tusk|
|poke|p2|Comfey, F|
|poke|p2|Arboliva, F|
|teampreview
|
|t:|1743875952
|start
|switch|p1a: Ogerpon|Ogerpon-Wellspring, F|100/100
|switch|p2a: Walking Wake|Walking Wake|100/100
|turn|1
|
|t:|1743875958
|move|p1a: Ogerpon|U-turn|p2a: Walking Wake
|-damage|p2a: Walking Wake|73/100
|
|t:|1743875962
|switch|p1a: Iron Valiant|Iron Valiant, shiny|100/100|[from] U-turn
|move|p2a: Walking Wake|Draco Meteor|p1a: Iron Valiant
|-immune|p1a: Iron Valiant
|
|upkeep
|turn|2
|
|t:|1743875969
|-end|p2a: Walking Wake|Protosynthesis|[silent]
|switch|p2a: Ninetales|Ninetales, M|100/100
|-weather|SunnyDay|[from] ability: Drought|[of] p2a: Ninetales
|move|p1a: Iron Valiant|Moonblast|p2a: Ninetales
|-resisted|p2a: Ninetales
|-damage|p2a: Ninetales|77/100
|-unboost|p2a: Ninetales|spa|1
|
|-weather|SunnyDay|[upkeep]
|upkeep
|turn|3
|
|t:|1743875978
|-end|p1a: Iron Valiant|Quark Drive|[silent]
|switch|p1a: Altaria|Altaria, F, shiny|100/100
|move|p2a: Ninetales|Will-O-Wisp|p1a: Altaria
|-status|p1a: Altaria|brn
|
|-weather|SunnyDay|[upkeep]
|-damage|p1a: Altaria|94/100 brn|[from] brn
|upkeep
|turn|4
|
|t:|1743876000
|switch|p2a: Whimsicott|Whimsicott, F|100/100
|move|p1a: Altaria|Fire Spin|p2a: Whimsicott
|-supereffective|p2a: Whimsicott
|-damage|p2a: Whimsicott|71/100
|-activate|p2a: Whimsicott|move: Fire Spin|[of] p1a: Altaria
|
|-weather|SunnyDay|[upkeep]
|-heal|p1a: Altaria|100/100 brn|[from] item: Leftovers
|-damage|p1a: Altaria|94/100 brn|[from] brn
|-damage|p2a: Whimsicott|58/100|[from] move: Fire Spin|[partiallytrapped]
|upkeep
|turn|5
|
|t:|1743876007
|move|p2a: Whimsicott|Growth|p2a: Whimsicott
|-boost|p2a: Whimsicott|atk|2
|-boost|p2a: Whimsicott|spa|2
|move|p1a: Altaria|Will-O-Wisp|p2a: Whimsicott
|-status|p2a: Whimsicott|brn
|
|-weather|SunnyDay|[upkeep]
|-heal|p1a: Altaria|100/100 brn|[from] item: Leftovers
|-damage|p2a: Whimsicott|52/100 brn|[from] brn
|-damage|p1a: Altaria|94/100 brn|[from] brn
|-damage|p2a: Whimsicott|40/100 brn|[from] move: Fire Spin|[partiallytrapped]
|upkeep
|turn|6
|
|t:|1743876014
|move|p2a: Whimsicott|Moonblast|p1a: Altaria
|-supereffective|p1a: Altaria
|-damage|p1a: Altaria|0 fnt
|faint|p1a: Altaria
|-damage|p2a: Whimsicott|30/100 brn|[from] item: Life Orb
|
|-weather|SunnyDay|[upkeep]
|-damage|p2a: Whimsicott|24/100 brn|[from] brn
|-end|p2a: Whimsicott|Fire Spin|[partiallytrapped]|[silent]
|upkeep
|
|t:|1743876022
|switch|p1a: Rillaboom|Rillaboom, M, shiny|100/100
|-fieldstart|move: Grassy Terrain|[from] ability: Grassy Surge|[of] p1a: Rillaboom
|turn|7
|
|t:|1743876041
|move|p1a: Rillaboom|Grassy Glide|p2a: Whimsicott
|-resisted|p2a: Whimsicott
|-damage|p2a: Whimsicott|0 fnt
|faint|p2a: Whimsicott
|
|-weather|SunnyDay|[upkeep]
|upkeep
|inactive|Battle timer is ON: inactive players will automatically lose when time's up. (requested by BurgerThing)
|
|t:|1743876055
|switch|p2a: Arboliva|Arboliva, F|100/100
|turn|8
|
|t:|1743876062
|move|p1a: Rillaboom|Knock Off|p2a: Arboliva
|-damage|p2a: Arboliva|64/100
|-enditem|p2a: Arboliva|Custap Berry|[from] move: Knock Off|[of] p1a: Rillaboom
|move|p2a: Arboliva|Growth|p2a: Arboliva
|-boost|p2a: Arboliva|atk|2
|-boost|p2a: Arboliva|spa|2
|
|-weather|SunnyDay|[upkeep]
|-heal|p2a: Arboliva|70/100|[from] Grassy Terrain
|upkeep
|turn|9
|
|t:|1743876068
|move|p1a: Rillaboom|U-turn|p2a: Arboliva
|-supereffective|p2a: Arboliva
|-damage|p2a: Arboliva|17/100
|
|t:|1743876075
|switch|p1a: Ogerpon|Ogerpon-Wellspring, F|100/100|[from] U-turn
|move|p2a: Arboliva|Tera Blast|p1a: Ogerpon
|-damage|p1a: Ogerpon|0 fnt
|faint|p1a: Ogerpon
|
|-weather|none
|-heal|p2a: Arboliva|23/100|[from] Grassy Terrain
|upkeep
|
|t:|1743876080
|switch|p1a: Great Tusk|Great Tusk|100/100
|turn|10
|
|t:|1743876085
|move|p1a: Great Tusk|Stealth Rock|p2a: Arboliva
|-sidestart|p2: 45worldd|move: Stealth Rock
|move|p2a: Arboliva|Tera Blast|p1a: Great Tusk
|-damage|p1a: Great Tusk|26/100
|
|-heal|p1a: Great Tusk|32/100|[from] Grassy Terrain
|-heal|p1a: Great Tusk|38/100|[from] item: Leftovers
|-heal|p2a: Arboliva|29/100|[from] Grassy Terrain
|upkeep
|turn|11
|
|t:|1743876090
|move|p1a: Great Tusk|Ice Spinner|p2a: Arboliva
|-supereffective|p2a: Arboliva
|-damage|p2a: Arboliva|0 fnt
|-fieldend|move: Grassy Terrain
|faint|p2a: Arboliva
|
|-heal|p1a: Great Tusk|44/100|[from] item: Leftovers
|upkeep
|
|t:|1743876099
|switch|p2a: Ninetales|Ninetales, M|77/100
|-damage|p2a: Ninetales|52/100|[from] Stealth Rock
|-weather|SunnyDay|[from] ability: Drought|[of] p2a: Ninetales
|-activate|p1a: Great Tusk|ability: Protosynthesis
|-start|p1a: Great Tusk|protosynthesisatk
|turn|12
|
|t:|1743876102
|move|p2a: Ninetales|Weather Ball|p1a: Great Tusk
|-damage|p1a: Great Tusk|6/100
|move|p1a: Great Tusk|Rapid Spin|p2a: Ninetales
|-damage|p2a: Ninetales|28/100
|-boost|p1a: Great Tusk|spe|1
|
|-weather|SunnyDay|[upkeep]
|-heal|p1a: Great Tusk|12/100|[from] item: Leftovers
|upkeep
|turn|13
|
|t:|1743876109
|switch|p2a: Great Tusk|Great Tusk|100/100
|-damage|p2a: Great Tusk|98/100|[from] Stealth Rock
|-activate|p2a: Great Tusk|ability: Protosynthesis
|-start|p2a: Great Tusk|protosynthesisspe
|move|p1a: Great Tusk|Rapid Spin|p2a: Great Tusk
|-damage|p2a: Great Tusk|83/100
|-boost|p1a: Great Tusk|spe|1
|-damage|p1a: Great Tusk|0 fnt|[from] item: Rocky Helmet|[of] p2a: Great Tusk
|faint|p1a: Great Tusk
|-end|p1a: Great Tusk|Protosynthesis|[silent]
|
|-weather|SunnyDay|[upkeep]
|upkeep
|
|t:|1743876112
|switch|p1a: Iron Valiant|Iron Valiant, shiny|100/100
|turn|14
|
|t:|1743876131
|-end|p2a: Great Tusk|Protosynthesis|[silent]
|switch|p2a: Ninetales|Ninetales, M|28/100
|-damage|p2a: Ninetales|3/100|[from] Stealth Rock
|move|p1a: Iron Valiant|Moonblast|p2a: Ninetales
|-resisted|p2a: Ninetales
|-damage|p2a: Ninetales|0 fnt
|faint|p2a: Ninetales
|
|-weather|SunnyDay|[upkeep]
|upkeep
|
|t:|1743876141
|switch|p2a: Comfey|Comfey, F|100/100
|-damage|p2a: Comfey|88/100|[from] Stealth Rock
|turn|15
|
|t:|1743876144
|-end|p1a: Iron Valiant|Quark Drive|[silent]
|switch|p1a: Rillaboom|Rillaboom, M, shiny|100/100
|-fieldstart|move: Grassy Terrain|[from] ability: Grassy Surge|[of] p1a: Rillaboom
|move|p2a: Comfey|Growth|p2a: Comfey
|-boost|p2a: Comfey|atk|2
|-boost|p2a: Comfey|spa|2
|
|-weather|SunnyDay|[upkeep]
|-heal|p2a: Comfey|94/100|[from] Grassy Terrain
|upkeep
|turn|16
|
|t:|1743876148
|move|p2a: Comfey|Draining Kiss|p1a: Rillaboom
|-damage|p1a: Rillaboom|64/100
|-heal|p2a: Comfey|100/100|[from] drain|[of] p1a: Rillaboom
|-damage|p2a: Comfey|91/100|[from] item: Life Orb
|move|p1a: Rillaboom|Knock Off|p2a: Comfey
|-resisted|p2a: Comfey
|-damage|p2a: Comfey|67/100
|-enditem|p2a: Comfey|Life Orb|[from] move: Knock Off|[of] p1a: Rillaboom
|
|-weather|SunnyDay|[upkeep]
|-heal|p2a: Comfey|73/100|[from] Grassy Terrain
|-heal|p1a: Rillaboom|70/100|[from] Grassy Terrain
|upkeep
|turn|17
|
|t:|1743876152
|move|p2a: Comfey|Draining Kiss|p1a: Rillaboom
|-damage|p1a: Rillaboom|44/100
|-heal|p2a: Comfey|96/100|[from] drain|[of] p1a: Rillaboom
|move|p1a: Rillaboom|Grassy Glide|p2a: Comfey
|-damage|p2a: Comfey|43/100
|
|-weather|SunnyDay|[upkeep]
|-heal|p2a: Comfey|49/100|[from] Grassy Terrain
|-heal|p1a: Rillaboom|50/100|[from] Grassy Terrain
|upkeep
|turn|18
|
|t:|1743876161
|move|p2a: Comfey|Draining Kiss|p1a: Rillaboom
|-damage|p1a: Rillaboom|22/100
|-heal|p2a: Comfey|72/100|[from] drain|[of] p1a: Rillaboom
|move|p1a: Rillaboom|Grassy Glide|p2a: Comfey
|-damage|p2a: Comfey|25/100
|
|-weather|SunnyDay|[upkeep]
|-heal|p2a: Comfey|31/100|[from] Grassy Terrain
|-heal|p1a: Rillaboom|29/100|[from] Grassy Terrain
|upkeep
|turn|19
|
|t:|1743876170
|move|p2a: Comfey|Draining Kiss|p1a: Rillaboom
|-damage|p1a: Rillaboom|0 fnt
|-heal|p2a: Comfey|55/100|[from] drain|[of] p1a: Rillaboom
|faint|p1a: Rillaboom
|
|-weather|none
|-heal|p2a: Comfey|61/100|[from] Grassy Terrain
|-fieldend|move: Grassy Terrain
|upkeep
|
|t:|1743876178
|switch|p1a: Garganacl|Garganacl, F, shiny|100/100
|turn|20
|
|t:|1743876181
|-terastallize|p2a: Comfey|Ground
|move|p2a: Comfey|Tera Blast|p1a: Garganacl|[anim] Tera Blast Ground
|-supereffective|p1a: Garganacl
|-damage|p1a: Garganacl|15/100
|move|p1a: Garganacl|Salt Cure|p2a: Comfey
|-resisted|p2a: Comfey
|-damage|p2a: Comfey|52/100
|-start|p2a: Comfey|Salt Cure
|
|-heal|p1a: Garganacl|22/100|[from] item: Leftovers
|-damage|p2a: Comfey|40/100|[from] Salt Cure
|upkeep
|turn|21
|
|t:|1743876190
|move|p2a: Comfey|Tera Blast|p1a: Garganacl|[anim] Tera Blast Ground
|-supereffective|p1a: Garganacl
|-damage|p1a: Garganacl|0 fnt
|faint|p1a: Garganacl
|
|-damage|p2a: Comfey|28/100|[from] Salt Cure
|upkeep
|
|t:|1743876191
|switch|p1a: Iron Valiant|Iron Valiant, shiny|100/100
|turn|22
|
|t:|1743876198
|-terastallize|p1a: Iron Valiant|Steel
|move|p2a: Comfey|Draining Kiss|p1a: Iron Valiant
|-resisted|p1a: Iron Valiant
|-damage|p1a: Iron Valiant|69/100
|-heal|p2a: Comfey|50/100|[from] drain|[of] p1a: Iron Valiant
|move|p1a: Iron Valiant|Moonblast|p2a: Comfey
|-damage|p2a: Comfey|1/100
|-unboost|p2a: Comfey|spa|1
|
|-damage|p2a: Comfey|0 fnt|[from] Salt Cure
|faint|p2a: Comfey
|upkeep
|
|t:|1743876204
|switch|p2a: Walking Wake|Walking Wake|73/100
|-damage|p2a: Walking Wake|61/100|[from] Stealth Rock
|turn|23
|
|t:|1743876210
|move|p1a: Iron Valiant|Moonblast|p2a: Walking Wake
|-supereffective|p2a: Walking Wake
|-damage|p2a: Walking Wake|0 fnt
|faint|p2a: Walking Wake
|-end|p2a: Walking Wake|Protosynthesis|[silent]
|
|upkeep
|
|t:|1743876212
|switch|p2a: Great Tusk|Great Tusk|83/100
|-damage|p2a: Great Tusk|80/100|[from] Stealth Rock
|turn|24
|
|t:|1743876218
|move|p1a: Iron Valiant|Moonblast|p2a: Great Tusk
|-supereffective|p2a: Great Tusk
|-damage|p2a: Great Tusk|0 fnt
|faint|p2a: Great Tusk
|-end|p2a: Great Tusk|Protosynthesis|[silent]
|
|win|BurgerThing
|raw|BurgerThing's rating: 1574 &rarr; <strong>1592</strong><br />(+18 for winning)
|raw|45worldd's rating: 1531 &rarr; <strong>1513</strong><br />(-18 for losing)
|c|☆BurgerThing|ggwp
|l|☆BurgerThing
|player|p1|
|l|☆45worldd
|player|p2|
