|j|☆Darkside2906
|j|☆sladearrow
|inactive|Battle timer is ON: inactive players will automatically lose when time's up.
|t:|1743888609
|gametype|singles
|player|p1|Darkside2906|grimsley-gen7|
|player|p2|sladearrow|phoebe-masters|
|teamsize|p1|4
|teamsize|p2|4
|gen|9
|tier|[Gen 9] OU
|rated|Tournament battle
|rule|HP Percentage Mod: HP is shown in percentages
|rule|Endless Battle Clause: Forcing endless battles is banned
|rule|Species Clause: Limit one of each Pokémon
|rule|OHKO Clause: OHKO moves are banned
|rule|Evasion Items Clause: Evasion items are banned
|rule|Evasion Moves Clause: Evasion moves are banned
|rule|Sleep Moves Clause: Sleep-inducing moves are banned
|clearpoke
|poke|p1|Basculin-White-Striped, M|
|poke|p1|Kingambit, M|
|poke|p1|Garchomp, M|
|poke|p1|Hitmonlee, M|
|poke|p2|Hypno, M|
|poke|p2|Metagross|
|poke|p2|Froslass, F|
|poke|p2|Blaziken, F|
|teampreview
|j|*Lady Monita ❄
|c|☆sladearrow|glhf
|j| MicrowavePoptarts
|
|t:|1743888624
|start
|switch|p1a: Hitmonlee|Hitmonlee, M|100/100
|switch|p2a: Hypno|Hypno, M, shiny|100/100
|turn|1
|
|t:|1743888632
|move|p1a: Hitmonlee|Blaze Kick|p2a: Hypno
|-crit|p2a: Hypno
|-damage|p2a: Hypno|48/100
|move|p2a: Hypno|Reflect|p2a: Hypno
|-sidestart|p2: sladearrow|Reflect
|
|upkeep
|turn|2
|
|t:|1743888639
|move|p1a: Hitmonlee|Blaze Kick|p2a: Hypno|[miss]
|-miss|p1a: Hitmonlee|p2a: Hypno
|move|p2a: Hypno|Toxic|p1a: Hitmonlee
|-status|p1a: Hitmonlee|tox
|
|-damage|p1a: Hitmonlee|94/100 tox|[from] psn
|upkeep
|turn|3
|
|t:|1743888647
|switch|p2a: Metagross|Metagross, shiny|100/100
|move|p1a: Hitmonlee|Blaze Kick|p2a: Metagross
|-supereffective|p2a: Metagross
|-crit|p2a: Metagross
|-damage|p2a: Metagross|25/100
|-status|p2a: Metagross|brn
|-enditem|p2a: Metagross|Weakness Policy
|-boost|p2a: Metagross|atk|2|[from] item: Weakness Policy
|-boost|p2a: Metagross|spa|2|[from] item: Weakness Policy
|
|-damage|p1a: Hitmonlee|82/100 tox|[from] psn
|-damage|p2a: Metagross|19/100 brn|[from] brn
|upkeep
|turn|4
|c|☆sladearrow|man...
|
|t:|1743888658
|move|p1a: Hitmonlee|Blaze Kick|p2a: Metagross
|-supereffective|p2a: Metagross
|-damage|p2a: Metagross|0 fnt
|faint|p2a: Metagross
|
|-damage|p1a: Hitmonlee|63/100 tox|[from] psn
|upkeep
|
|t:|1743888660
|switch|p2a: Blaziken|Blaziken, F, shiny|100/100
|-item|p2a: Blaziken|Air Balloon
|turn|5
|
|t:|1743888667
|move|p1a: Hitmonlee|Close Combat|p2a: Blaziken
|-damage|p2a: Blaziken|55/100
|-unboost|p1a: Hitmonlee|def|1
|-unboost|p1a: Hitmonlee|spd|1
|-enditem|p2a: Blaziken|Air Balloon
|move|p2a: Blaziken|Swords Dance|p2a: Blaziken
|-boost|p2a: Blaziken|atk|2
|
|-damage|p1a: Hitmonlee|38/100 tox|[from] psn
|-ability|p2a: Blaziken|Speed Boost|boost
|-boost|p2a: Blaziken|spe|1
|upkeep
|turn|6
|
|t:|1743888686
|move|p2a: Blaziken|Detect|p2a: Blaziken
|-singleturn|p2a: Blaziken|Protect
|move|p1a: Hitmonlee|Close Combat|p2a: Blaziken
|-activate|p2a: Blaziken|move: Protect
|
|-damage|p1a: Hitmonlee|7/100 tox|[from] psn
|-ability|p2a: Blaziken|Speed Boost|boost
|-boost|p2a: Blaziken|spe|1
|upkeep
|turn|7
|
|t:|1743888694
|move|p2a: Blaziken|Flare Blitz|p1a: Hitmonlee
|-damage|p1a: Hitmonlee|0 fnt
|faint|p1a: Hitmonlee
|-damage|p2a: Blaziken|53/100|[from] Recoil
|
|-ability|p2a: Blaziken|Speed Boost|boost
|-boost|p2a: Blaziken|spe|1
|upkeep
|j| yuh mans
|
|t:|1743888701
|switch|p1a: Garchomp|Garchomp, M|100/100
|turn|8
|
|t:|1743888708
|move|p2a: Blaziken|Close Combat|p1a: Garchomp
|-damage|p1a: Garchomp|0 fnt
|-unboost|p2a: Blaziken|def|1
|-unboost|p2a: Blaziken|spd|1
|-damage|p2a: Blaziken|41/100|[from] ability: Rough Skin|[of] p1a: Garchomp
|faint|p1a: Garchomp
|
|-sideend|p2: sladearrow|Reflect
|-ability|p2a: Blaziken|Speed Boost|boost
|-boost|p2a: Blaziken|spe|1
|upkeep
|
|t:|1743888719
|switch|p1a: Basculin|Basculin-White-Striped, M|100/100
|turn|9
|
|t:|1743888723
|move|p2a: Blaziken|Detect|p2a: Blaziken
|-singleturn|p2a: Blaziken|Protect
|move|p1a: Basculin|Head Smash|p2a: Blaziken
|-activate|p2a: Blaziken|move: Protect
|
|-ability|p2a: Blaziken|Speed Boost|boost
|-boost|p2a: Blaziken|spe|1
|upkeep
|turn|10
|inactive|Darkside2906 has 120 seconds left.
|
|t:|1743888760
|move|p2a: Blaziken|Close Combat|p1a: Basculin
|-damage|p1a: Basculin|0 fnt
|-unboost|p2a: Blaziken|def|1
|-unboost|p2a: Blaziken|spd|1
|faint|p1a: Basculin
|
|-ability|p2a: Blaziken|Speed Boost|boost
|-boost|p2a: Blaziken|spe|1
|upkeep
|j| Raichu95lucario
|
|t:|1743888769
|switch|p1a: Kingambit|Kingambit, M, shiny|100/100
|-activate|p1a: Kingambit|ability: Supreme Overlord
|-start|p1a: Kingambit|fallen3|[silent]
|turn|11
|inactive|Darkside2906 has 120 seconds left.
|
|t:|1743888783
|-terastallize|p1a: Kingambit|Flying
|move|p2a: Blaziken|Flare Blitz|p1a: Kingambit
|-damage|p1a: Kingambit|8/100
|-damage|p2a: Blaziken|24/100|[from] item: Rocky Helmet|[of] p1a: Kingambit
|-damage|p2a: Blaziken|0 fnt|[from] Recoil
|faint|p2a: Blaziken
|move|p1a: Kingambit|Tera Blast|p2: Blaziken|[notarget]
|-fail|p1a: Kingambit
|
|upkeep
|
|t:|1743888792
|switch|p2a: Froslass|Froslass, F, shiny|100/100
|turn|12
|
|t:|1743888797
|-terastallize|p2a: Froslass|Water
|move|p2a: Froslass|Ice Beam|p1a: Kingambit
|-supereffective|p1a: Kingambit
|-damage|p1a: Kingambit|0 fnt
|faint|p1a: Kingambit
|-end|p1a: Kingambit|fallen3|[silent]
|
|win|sladearrow
|n|☆Darkside2906|darkside2906
|n|☆sladearrow|sladearrow
|n|*Lady Monita ❄|ladymonita
|n| MicrowavePoptarts|microwavepoptarts
|n| yuh mans|yuhmans
|n| Raichu95lucario|raichu95lucario
