|j|☆jxrx
|j|☆Princessjosie1001
|t:|1743862226
|gametype|singles
|player|p1|jxrx|norman|1244
|player|p2|Princessjosie1001|nurse|1269
|teamsize|p1|6
|teamsize|p2|6
|gen|9
|tier|[Gen 9] OU
|rated|
|rule|HP Percentage Mod: HP is shown in percentages
|rule|Endless Battle Clause: Forcing endless battles is banned
|rule|Species Clause: Limit one of each Pokémon
|rule|OHKO Clause: OHKO moves are banned
|rule|Evasion Items Clause: Evasion items are banned
|rule|Evasion Moves Clause: Evasion moves are banned
|rule|Sleep Moves Clause: Sleep-inducing moves are banned
|clearpoke
|poke|p1|Great Tusk|
|poke|p1|Muk-Alola, F|
|poke|p1|Dragapult, M|
|poke|p1|Empoleon, M|
|poke|p1|Vileplume, M|
|poke|p1|Iron Moth|
|poke|p2|Cinderace, F|
|poke|p2|Cloyster, F|
|poke|p2|Hatterene, F|
|poke|p2|Espeon, F|
|poke|p2|Jirachi|
|poke|p2|Yanmega, F|
|teampreview
|inactive|Battle timer is ON: inactive players will automatically lose when time's up. (requested by Princessjosie1001)
|inactive|jxrx has 120 seconds left.
|
|t:|1743862297
|start
|switch|p1a: Iron Moth|Iron Moth|100/100
|switch|p2a: Yanmega|Yanmega, F|100/100
|turn|1
|
|t:|1743862302
|move|p2a: Yanmega|Detect|p2a: Yanmega
|-singleturn|p2a: Yanmega|Protect
|move|p1a: Iron Moth|Fiery Dance|p2a: Yanmega
|-activate|p2a: Yanmega|move: Protect
|
|-ability|p2a: Yanmega|Speed Boost|boost
|-boost|p2a: Yanmega|spe|1
|upkeep
|turn|2
|
|t:|1743862310
|move|p1a: Iron Moth|Fiery Dance|p2a: Yanmega
|-supereffective|p2a: Yanmega
|-damage|p2a: Yanmega|0 fnt
|-boost|p1a: Iron Moth|spa|1
|faint|p2a: Yanmega
|
|upkeep
|
|t:|1743862320
|switch|p2a: Hatterene|Hatterene, F|100/100
|turn|3
|
|t:|1743862330
|-end|p1a: Iron Moth|Quark Drive|[silent]
|switch|p1a: Muk|Muk-Alola, F|100/100
|move|p2a: Hatterene|Psychic|p1a: Muk
|-immune|p1a: Muk
|
|upkeep
|turn|4
|
|t:|1743862336
|switch|p2a: Cinderace|Cinderace, F|100/100
|move|p1a: Muk|Knock Off|p2a: Cinderace
|-damage|p2a: Cinderace|52/100
|-enditem|p2a: Cinderace|Choice Scarf|[from] move: Knock Off|[of] p1a: Muk
|
|upkeep
|turn|5
|inactive|jxrx has 120 seconds left.
|
|t:|1743862372
|switch|p1a: Great Tusk|Great Tusk|100/100
|move|p2a: Cinderace|Pyro Ball|p1a: Great Tusk
|-damage|p1a: Great Tusk|51/100
|
|upkeep
|turn|6
|inactive|jxrx has 120 seconds left.
|
|t:|1743862381
|move|p2a: Cinderace|Pyro Ball|p1a: Great Tusk
|-damage|p1a: Great Tusk|3/100
|move|p1a: Great Tusk|Rapid Spin|p2a: Cinderace
|-damage|p2a: Cinderace|29/100
|-boost|p1a: Great Tusk|spe|1
|
|upkeep
|turn|7
|
|t:|1743862388
|move|p2a: Cinderace|Sucker Punch|p1a: Great Tusk
|-start|p2a: Cinderace|typechange|Dark|[from] ability: Libero
|-resisted|p1a: Great Tusk
|-damage|p1a: Great Tusk|0 fnt
|faint|p1a: Great Tusk
|-end|p1a: Great Tusk|Protosynthesis|[silent]
|
|upkeep
|
|t:|1743862396
|switch|p1a: Iron Moth|Iron Moth|100/100
|turn|8
|
|t:|1743862400
|move|p2a: Cinderace|Sucker Punch|p1a: Iron Moth
|-damage|p1a: Iron Moth|33/100
|move|p1a: Iron Moth|Fiery Dance|p2a: Cinderace
|-damage|p2a: Cinderace|0 fnt
|faint|p2a: Cinderace
|
|upkeep
|
|t:|1743862410
|switch|p2a: Hatterene|Hatterene, F|100/100
|turn|9
|
|t:|1743862413
|-end|p1a: Iron Moth|Quark Drive|[silent]
|switch|p1a: Muk|Muk-Alola, F|100/100
|move|p2a: Hatterene|Nuzzle|p1a: Muk
|-damage|p1a: Muk|97/100
|-status|p1a: Muk|par
|
|upkeep
|turn|10
|
|t:|1743862421
|move|p2a: Hatterene|Dazzling Gleam|p1a: Muk
|-damage|p1a: Muk|76/100 par
|move|p1a: Muk|Knock Off|p2a: Hatterene
|-damage|p2a: Hatterene|51/100
|-enditem|p2a: Hatterene|Focus Sash|[from] move: Knock Off|[of] p1a: Muk
|
|upkeep
|turn|11
|
|t:|1743862427
|move|p2a: Hatterene|Dazzling Gleam|p1a: Muk
|-damage|p1a: Muk|59/100 par
|move|p1a: Muk|Poison Fang|p2a: Hatterene
|-supereffective|p2a: Hatterene
|-damage|p2a: Hatterene|0 fnt
|faint|p2a: Hatterene
|
|upkeep
|
|t:|1743862436
|switch|p2a: Jirachi|Jirachi|100/100
|turn|12
|
|t:|1743862456
|switch|p1a: Vileplume|Vileplume, M|100/100
|move|p2a: Jirachi|Iron Head|p1a: Vileplume
|-damage|p1a: Vileplume|73/100
|-damage|p2a: Jirachi|84/100|[from] item: Rocky Helmet|[of] p1a: Vileplume
|
|upkeep
|turn|13
|
|t:|1743862462
|move|p2a: Jirachi|Iron Head|p1a: Vileplume
|-damage|p1a: Vileplume|46/100
|-damage|p2a: Jirachi|68/100|[from] item: Rocky Helmet|[of] p1a: Vileplume
|move|p1a: Vileplume|Strength Sap|p2a: Jirachi
|-unboost|p2a: Jirachi|atk|1
|-heal|p1a: Vileplume|100/100
|
|upkeep
|turn|14
|
|t:|1743862470
|switch|p2a: No hazard allowed|Espeon, F|100/100
|move|p1a: Vileplume|Leech Seed|p2a: No hazard allowed
|move|p2a: No hazard allowed|Leech Seed|p1a: Vileplume|[from] ability: Magic Bounce
|-immune|p1a: Vileplume
|
|upkeep
|turn|15
|
|t:|1743862478
|switch|p1a: Muk|Muk-Alola, F|59/100 par
|move|p2a: No hazard allowed|Trick|p1a: Muk
|-activate|p2a: No hazard allowed|move: Trick|[of] p1a: Muk
|-item|p1a: Muk|Choice Scarf|[from] move: Trick
|-item|p2a: No hazard allowed|Assault Vest|[from] move: Trick
|
|upkeep
|turn|16
|
|t:|1743862488
|move|p2a: No hazard allowed|Shadow Ball|p1a: Muk
|-resisted|p1a: Muk
|-damage|p1a: Muk|50/100 par
|move|p1a: Muk|Knock Off|p2a: No hazard allowed
|-supereffective|p2a: No hazard allowed
|-damage|p2a: No hazard allowed|0 fnt
|-enditem|p2a: No hazard allowed|Assault Vest|[from] move: Knock Off|[of] p1a: Muk
|faint|p2a: No hazard allowed
|
|upkeep
|
|t:|1743862496
|switch|p2a: Cloyster|Cloyster, F|100/100
|turn|17
|inactive|jxrx has 120 seconds left.
|inactive|jxrx has 90 seconds left.
|inactive|jxrx has 60 seconds left.
|
|t:|1743862616
|move|p2a: Cloyster|Shell Smash|p2a: Cloyster
|-unboost|p2a: Cloyster|def|1
|-unboost|p2a: Cloyster|spd|1
|-boost|p2a: Cloyster|atk|2
|-boost|p2a: Cloyster|spa|2
|-boost|p2a: Cloyster|spe|2
|move|p1a: Muk|Knock Off|p2a: Cloyster
|-damage|p2a: Cloyster|56/100
|-enditem|p2a: Cloyster|Focus Sash|[from] move: Knock Off|[of] p1a: Muk
|
|upkeep
|turn|18
|
|t:|1743862635
|move|p2a: Cloyster|Icicle Spear|p1a: Muk
|-damage|p1a: Muk|24/100 par
|-damage|p1a: Muk|0 fnt
|faint|p1a: Muk
|-hitcount|p1: Muk|2
|
|upkeep
|
|t:|1743862639
|switch|p1a: Empoleon|Empoleon, M|100/100
|turn|19
|
|t:|1743862641
|move|p2a: Cloyster|Rock Blast|p1a: Empoleon
|-resisted|p1a: Empoleon
|-damage|p1a: Empoleon|91/100
|-resisted|p1a: Empoleon
|-damage|p1a: Empoleon|82/100
|-resisted|p1a: Empoleon
|-damage|p1a: Empoleon|72/100
|-resisted|p1a: Empoleon
|-damage|p1a: Empoleon|62/100
|-resisted|p1a: Empoleon
|-damage|p1a: Empoleon|54/100
|-hitcount|p1a: Empoleon|5
|move|p1a: Empoleon|Flash Cannon|p2a: Cloyster
|-damage|p2a: Cloyster|0 fnt
|faint|p2a: Cloyster
|
|-heal|p1a: Empoleon|60/100|[from] item: Leftovers
|upkeep
|
|t:|1743862654
|switch|p2a: Jirachi|Jirachi|68/100
|turn|20
|inactive|jxrx has 60 seconds left.
|
|t:|1743862665
|move|p2a: Jirachi|Zen Headbutt|p1a: Empoleon
|-resisted|p1a: Empoleon
|-damage|p1a: Empoleon|37/100
|cant|p1a: Empoleon|flinch
|
|-heal|p1a: Empoleon|43/100|[from] item: Leftovers
|upkeep
|turn|21
|inactive|jxrx has 60 seconds left.
|
|t:|1743862671
|move|p2a: Jirachi|Zen Headbutt|p1a: Empoleon
|-resisted|p1a: Empoleon
|-damage|p1a: Empoleon|20/100
|move|p1a: Empoleon|Surf|p2a: Jirachi
|-damage|p2a: Jirachi|24/100
|
|-heal|p1a: Empoleon|26/100|[from] item: Leftovers
|upkeep
|turn|22
|
|t:|1743862678
|move|p2a: Jirachi|Zen Headbutt|p1a: Empoleon
|-resisted|p1a: Empoleon
|-damage|p1a: Empoleon|3/100
|move|p1a: Empoleon|Surf|p2a: Jirachi
|-damage|p2a: Jirachi|0 fnt
|faint|p2a: Jirachi
|
|win|jxrx
|raw|jxrx's rating: 1244 &rarr; <strong>1271</strong><br />(+27 for winning)
|raw|Princessjosie1001's rating: 1269 &rarr; <strong>1242</strong><br />(-27 for losing)
|l|☆Princessjosie1001
|player|p2|
|l|☆jxrx
|player|p1|
