|j|☆SL1003
|j|☆m709lkjo
|t:|1743898050
|gametype|singles
|player|p1|SL1003|n|1372
|player|p2|m709lkjo|1|1304
|teamsize|p1|6
|teamsize|p2|6
|gen|9
|tier|[Gen 9] OU
|rated|
|rule|HP Percentage Mod: HP is shown in percentages
|rule|Endless Battle Clause: Forcing endless battles is banned
|rule|Species Clause: Limit one of each Pokémon
|rule|OHKO Clause: OHKO moves are banned
|rule|Evasion Items Clause: Evasion items are banned
|rule|Evasion Moves Clause: Evasion moves are banned
|rule|Sleep Moves Clause: Sleep-inducing moves are banned
|clearpoke
|poke|p1|Blissey, F|
|poke|p1|Hoopa-Unbound|
|poke|p1|Quagsire, F|
|poke|p1|Alomomola, M|
|poke|p1|Corviknight, F|
|poke|p1|Weezing-Galar, F|
|poke|p2|Gliscor, M|
|poke|p2|Alomomola, M|
|poke|p2|Garganacl, F|
|poke|p2|Blaziken, F|
|poke|p2|Zoroark-Hisui, M|
|poke|p2|Kingambit, F|
|teampreview
|c|☆m709lkjo|gl hf
|inactive|Battle timer is ON: inactive players will automatically lose when time's up. (requested by m709lkjo)
|
|t:|1743898071
|start
|switch|p1a: Hoopa|Hoopa-Unbound|100/100
|switch|p2a: Kingambit|Kingambit, F|100/100
|turn|1
|
|t:|1743898081
|-end|p2a: Kingambit|fallenundefined|[silent]
|switch|p2a: Alomomola|Alomomola, M|100/100
|move|p1a: Hoopa|Drain Punch|p2a: Alomomola
|-damage|p2a: Alomomola|86/100
|-damage|p1a: Hoopa|84/100|[from] item: Rocky Helmet|[of] p2a: Alomomola
|
|upkeep
|turn|2
|
|t:|1743898089
|move|p1a: Hoopa|Thunderbolt|p2a: Alomomola
|-supereffective|p2a: Alomomola
|-crit|p2a: Alomomola
|-damage|p2a: Alomomola|0 fnt
|faint|p2a: Alomomola
|
|upkeep
|
|t:|1743898114
|switch|p2a: Blaziken|Blaziken, F|100/100
|turn|3
|
|t:|1743898135
|switch|p1a: Quagsire|Quagsire, F|100/100
|move|p2a: Blaziken|Protect||[still]
|-fail|p2a: Blaziken
|
|-ability|p2a: Blaziken|Speed Boost|boost
|-boost|p2a: Blaziken|spe|1
|upkeep
|turn|4
|
|t:|1743898142
|switch|p2a: Gliscor|Gliscor, M|100/100
|move|p1a: Quagsire|Earthquake|p2a: Gliscor
|-immune|p2a: Gliscor
|
|-status|p2a: Gliscor|tox|[from] item: Toxic Orb
|upkeep
|turn|5
|
|t:|1743898159
|switch|p2a: Garganacl|Garganacl, F|100/100
|switch|p1a: Corviknight|Corviknight, F|100/100
|-ability|p1a: Corviknight|Pressure
|
|upkeep
|turn|6
|
|t:|1743898166
|move|p1a: Corviknight|Body Press|p2a: Garganacl
|-supereffective|p2a: Garganacl
|-damage|p2a: Garganacl|63/100
|move|p2a: Garganacl|Salt Cure|p1a: Corviknight
|-damage|p1a: Corviknight|90/100
|-start|p1a: Corviknight|Salt Cure
|
|-heal|p1a: Corviknight|97/100|[from] item: Leftovers
|-heal|p2a: Garganacl|70/100|[from] item: Leftovers
|-damage|p1a: Corviknight|72/100|[from] Salt Cure
|upkeep
|turn|7
|
|t:|1743898180
|switch|p1a: Alomomola|Alomomola, M|100/100
|move|p2a: Garganacl|Stealth Rock|p1a: Alomomola
|-sidestart|p1: SL1003|move: Stealth Rock
|
|-heal|p2a: Garganacl|76/100|[from] item: Leftovers
|upkeep
|turn|8
|
|t:|1743898188
|move|p1a: Alomomola|Wish|p1a: Alomomola
|move|p2a: Garganacl|Salt Cure|p1a: Alomomola
|-damage|p1a: Alomomola|93/100
|-start|p1a: Alomomola|Salt Cure
|
|-heal|p2a: Garganacl|82/100|[from] item: Leftovers
|-damage|p1a: Alomomola|68/100|[from] Salt Cure
|upkeep
|turn|9
|
|t:|1743898196
|move|p1a: Alomomola|Flip Turn|p2a: Garganacl
|-supereffective|p2a: Garganacl
|-damage|p2a: Garganacl|61/100
|
|t:|1743898199
|switch|p1a: Hoopa|Hoopa-Unbound|84/100|[from] Flip Turn
|-damage|p1a: Hoopa|72/100|[from] Stealth Rock
|move|p2a: Garganacl|Salt Cure|p1a: Hoopa
|-damage|p1a: Hoopa|57/100
|-start|p1a: Hoopa|Salt Cure
|
|-heal|p1a: Hoopa|100/100|[from] move: Wish|[wisher] Alomomola
|-heal|p2a: Garganacl|67/100|[from] item: Leftovers
|-damage|p1a: Hoopa|88/100|[from] Salt Cure
|upkeep
|turn|10
|
|t:|1743898210
|move|p1a: Hoopa|Drain Punch|p2a: Garganacl
|-supereffective|p2a: Garganacl
|-damage|p2a: Garganacl|32/100
|-heal|p1a: Hoopa|100/100|[from] drain|[of] p2a: Garganacl
|move|p2a: Garganacl|Recover|p2a: Garganacl
|-heal|p2a: Garganacl|82/100
|
|-heal|p2a: Garganacl|88/100|[from] item: Leftovers
|-damage|p1a: Hoopa|88/100|[from] Salt Cure
|upkeep
|turn|11
|
|t:|1743898219
|move|p1a: Hoopa|Psychic Noise|p2a: Garganacl
|-damage|p2a: Garganacl|58/100
|-start|p2a: Garganacl|move: Heal Block
|move|p2a: Garganacl|Curse|p2a: Garganacl
|-unboost|p2a: Garganacl|spe|1
|-boost|p2a: Garganacl|atk|1
|-boost|p2a: Garganacl|def|1
|
|-damage|p1a: Hoopa|76/100|[from] Salt Cure
|upkeep
|turn|12
|
|t:|1743898237
|switch|p2a: Gliscor|Gliscor, M|100/100 tox
|move|p1a: Hoopa|Drain Punch|p2a: Gliscor
|-resisted|p2a: Gliscor
|-damage|p2a: Gliscor|90/100 tox
|-heal|p1a: Hoopa|81/100|[from] drain|[of] p2a: Gliscor
|
|-heal|p2a: Gliscor|100/100 tox|[from] ability: Poison Heal
|-damage|p1a: Hoopa|69/100|[from] Salt Cure
|upkeep
|turn|13
|
|t:|1743898250
|switch|p1a: Corviknight|Corviknight, F|72/100
|-damage|p1a: Corviknight|59/100|[from] Stealth Rock
|-ability|p1a: Corviknight|Pressure
|move|p2a: Gliscor|Earthquake|p1a: Corviknight
|-immune|p1a: Corviknight
|
|-heal|p1a: Corviknight|65/100|[from] item: Leftovers
|upkeep
|turn|14
|
|t:|1743898269
|switch|p2a: Garganacl|Garganacl, F|100/100
|move|p1a: Corviknight|Defog|p2a: Garganacl
|-unboost|p2a: Garganacl|evasion|1
|-sideend|p1: SL1003|Stealth Rock|[from] move: Defog|[of] p1a: Corviknight
|
|-heal|p1a: Corviknight|72/100|[from] item: Leftovers
|upkeep
|turn|15
|
|t:|1743898286
|move|p2a: Garganacl|Trick|p1a: Corviknight
|-activate|p2a: Garganacl|move: Trick|[of] p1a: Corviknight
|-item|p1a: Corviknight|Choice Scarf|[from] move: Trick
|-item|p2a: Garganacl|Leftovers|[from] move: Trick
|move|p1a: Corviknight|Body Press|p2a: Garganacl
|-immune|p2a: Garganacl
|
|upkeep
|turn|16
|inactive|SL1003 has 120 seconds left.
|
|t:|1743898310
|switch|p1a: Weezing|Weezing-Galar, F|100/100
|-ability|p1a: Weezing|Neutralizing Gas
|replace|p2a: Zoroark|Zoroark-Hisui, M
|-end|p2a: Zoroark|Illusion
|move|p2a: Zoroark|Will-O-Wisp|p1a: Weezing
|-status|p1a: Weezing|brn
|
|-damage|p1a: Weezing|95/100 brn|[from] brn
|upkeep
|turn|17
|inactive|SL1003 has 120 seconds left.
|
|t:|1743898326
|switch|p2a: Blaziken|Blaziken, F|100/100
|move|p1a: Weezing|Strange Steam|p2a: Blaziken
|-damage|p2a: Blaziken|56/100
|-start|p2a: Blaziken|confusion
|
|-damage|p1a: Weezing|89/100 brn|[from] brn
|upkeep
|turn|18
|inactive|SL1003 has 120 seconds left.
|
|t:|1743898337
|switch|p2a: Kingambit|Kingambit, F|100/100
|move|p1a: Weezing|Strange Steam|p2a: Kingambit
|-damage|p2a: Kingambit|83/100
|
|-damage|p1a: Weezing|83/100 brn|[from] brn
|upkeep
|turn|19
|
|t:|1743898344
|move|p1a: Weezing|Will-O-Wisp|p2a: Kingambit
|-status|p2a: Kingambit|brn
|move|p2a: Kingambit|Iron Head|p1a: Weezing
|-supereffective|p1a: Weezing
|-damage|p1a: Weezing|54/100 brn
|
|-damage|p1a: Weezing|48/100 brn|[from] brn
|-damage|p2a: Kingambit|77/100 brn|[from] brn
|upkeep
|turn|20
|
|t:|1743898358
|move|p1a: Weezing|Pain Split|p2a: Kingambit
|-sethp|p2a: Kingambit|58/100 brn|[from] move: Pain Split|[silent]
|-sethp|p1a: Weezing|71/100 brn|[from] move: Pain Split
|move|p2a: Kingambit|Iron Head|p1a: Weezing
|-supereffective|p1a: Weezing
|-damage|p1a: Weezing|40/100 brn
|
|-damage|p1a: Weezing|34/100 brn|[from] brn
|-damage|p2a: Kingambit|52/100 brn|[from] brn
|upkeep
|turn|21
|inactive|SL1003 has 120 seconds left.
|
|t:|1743898384
|-end|p1a: Weezing|ability: Neutralizing Gas
|-activate|p2a: Kingambit|ability: Supreme Overlord
|-start|p2a: Kingambit|fallen1|[silent]
|switch|p1a: Alomomola|Alomomola, M|100/100
|move|p2a: Kingambit|Iron Head|p1a: Alomomola
|-resisted|p1a: Alomomola
|-damage|p1a: Alomomola|93/100
|-damage|p2a: Kingambit|36/100 brn|[from] item: Rocky Helmet|[of] p1a: Alomomola
|
|-damage|p2a: Kingambit|29/100 brn|[from] brn
|upkeep
|turn|22
|inactive|SL1003 has 120 seconds left.
|
|t:|1743898393
|-end|p2a: Kingambit|fallen1|[silent]
|switch|p2a: Gliscor|Gliscor, M|100/100 tox
|move|p1a: Alomomola|Wish|p1a: Alomomola
|
|upkeep
|turn|23
|
|t:|1743898411
|move|p2a: Gliscor|Earthquake|p1a: Alomomola
|-damage|p1a: Alomomola|63/100
|move|p1a: Alomomola|Flip Turn|p2a: Gliscor
|-supereffective|p2a: Gliscor
|-damage|p2a: Gliscor|75/100 tox
|inactive|SL1003 has 120 seconds left.
|
|t:|1743898427
|switch|p1a: Weezing|Weezing-Galar, F|34/100 brn|[from] Flip Turn
|-ability|p1a: Weezing|Neutralizing Gas
|
|-heal|p1a: Weezing|100/100 brn|[from] move: Wish|[wisher] Alomomola
|-damage|p2a: Gliscor|62/100 tox|[from] psn
|-damage|p1a: Weezing|95/100 brn|[from] brn
|upkeep
|turn|24
|inactive|SL1003 has 120 seconds left.
|
|t:|1743898440
|switch|p2a: Kingambit|Kingambit, F|29/100 brn
|move|p1a: Weezing|Strange Steam|p2a: Kingambit
|-damage|p2a: Kingambit|11/100 brn
|
|-damage|p1a: Weezing|89/100 brn|[from] brn
|-damage|p2a: Kingambit|5/100 brn|[from] brn
|upkeep
|turn|25
|inactive|SL1003 has 120 seconds left.
|
|t:|1743898450
|-end|p1a: Weezing|ability: Neutralizing Gas
|-activate|p2a: Kingambit|ability: Supreme Overlord
|-start|p2a: Kingambit|fallen1|[silent]
|switch|p1a: Corviknight|Corviknight, F|72/100
|-ability|p1a: Corviknight|Pressure
|move|p2a: Kingambit|Sucker Punch||[still]
|-fail|p2a: Kingambit
|
|-damage|p2a: Kingambit|0 fnt|[from] brn
|faint|p2a: Kingambit
|-end|p2a: Kingambit|fallen1|[silent]
|upkeep
|
|t:|1743898458
|switch|p2a: Garganacl|Garganacl, F|58/100
|turn|26
|
|t:|1743898464
|move|p1a: Corviknight|Body Press|p2a: Garganacl
|-supereffective|p2a: Garganacl
|-damage|p2a: Garganacl|25/100
|move|p2a: Garganacl|Recover|p2a: Garganacl
|-heal|p2a: Garganacl|75/100
|
|-heal|p2a: Garganacl|81/100|[from] item: Leftovers
|upkeep
|turn|27
|
|t:|1743898472
|switch|p1a: Alomomola|Alomomola, M|97/100
|move|p2a: Garganacl|Salt Cure|p1a: Alomomola
|-damage|p1a: Alomomola|88/100
|-start|p1a: Alomomola|Salt Cure
|
|-heal|p2a: Garganacl|88/100|[from] item: Leftovers
|-damage|p1a: Alomomola|63/100|[from] Salt Cure
|upkeep
|turn|28
|
|t:|1743898480
|move|p1a: Alomomola|Flip Turn|p2a: Garganacl
|-supereffective|p2a: Garganacl
|-damage|p2a: Garganacl|66/100
|
|t:|1743898483
|switch|p1a: Hoopa|Hoopa-Unbound|69/100|[from] Flip Turn
|move|p2a: Garganacl|Stealth Rock|p1a: Hoopa
|-sidestart|p1: SL1003|move: Stealth Rock
|
|-heal|p2a: Garganacl|73/100|[from] item: Leftovers
|upkeep
|turn|29
|c|☆m709lkjo|gg
|-message|m709lkjo forfeited.
|
|win|SL1003
|raw|SL1003's rating: 1372 &rarr; <strong>1388</strong><br />(+16 for winning)
|raw|m709lkjo's rating: 1304 &rarr; <strong>1288</strong><br />(-16 for losing)
|l|☆m709lkjo
|player|p2|
|l|☆SL1003
|player|p1|
