|j|☆antwan420
|j|☆ElDrago12
|t:|1743832059
|gametype|singles
|player|p1|antwan420|unknown|1370
|player|p2|ElDrago12|psychic|1392
|teamsize|p1|6
|teamsize|p2|6
|gen|9
|tier|[Gen 9] OU
|rated|
|rule|HP Percentage Mod: HP is shown in percentages
|rule|Endless Battle Clause: Forcing endless battles is banned
|rule|Species Clause: Limit one of each Pokémon
|rule|OHKO Clause: OHKO moves are banned
|rule|Evasion Items Clause: Evasion items are banned
|rule|Evasion Moves Clause: Evasion moves are banned
|rule|Sleep Moves Clause: Sleep-inducing moves are banned
|clearpoke
|poke|p1|Necrozma|
|poke|p1|Keldeo-Resolute|
|poke|p1|Cyclizar, M|
|poke|p1|Shiftry, M|
|poke|p1|Gliscor, F|
|poke|p1|Slowbro-Galar, F|
|poke|p2|Kingambit, M|
|poke|p2|Cinderace, F|
|poke|p2|Slowking-Galar, F|
|poke|p2|Ceruledge, M|
|poke|p2|Raging Bolt|
|poke|p2|Kyurem|
|teampreview
|inactive|Battle timer is ON: inactive players will automatically lose when time's up. (requested by ElDrago12)
|
|t:|1743832068
|start
|switch|p1a: Keldeo|Keldeo-Resolute|100/100
|switch|p2a: Slowking|Slowking-Galar, F|100/100
|turn|1
|
|t:|1743832075
|move|p1a: Keldeo|Flip Turn|p2a: Slowking
|-damage|p2a: Slowking|86/100
|
|t:|1743832081
|switch|p1a: Cyclizar|Cyclizar, M|100/100|[from] Flip Turn
|move|p2a: Slowking|Future Sight|p1a: Cyclizar
|-start|p2a: Slowking|move: Future Sight
|
|upkeep
|turn|2
|
|t:|1743832086
|move|p1a: Cyclizar|Knock Off|p2a: Slowking
|-supereffective|p2a: Slowking
|-damage|p2a: Slowking|43/100
|-enditem|p2a: Slowking|Heavy-Duty Boots|[from] move: Knock Off|[of] p1a: Cyclizar
|move|p2a: Slowking|Ice Beam|p1a: Cyclizar
|-supereffective|p1a: Cyclizar
|-damage|p1a: Cyclizar|65/100
|
|upkeep
|turn|3
|
|t:|1743832095
|move|p1a: Cyclizar|U-turn|p2a: Slowking
|-damage|p2a: Slowking|27/100
|
|t:|1743832098
|switch|p1a: Shiftry|Shiftry, M|100/100|[from] U-turn
|-prepare|p2a: Slowking|Chilly Reception|[premajor]
|move|p2a: Slowking|Chilly Reception|p2a: Slowking
|-weather|Snowscape
|
|t:|1743832104
|switch|p2a: Kyurem|Kyurem|100/100|[from] Chilly Reception
|-ability|p2a: Kyurem|Pressure
|
|-weather|Snowscape|[upkeep]
|-end|p1a: Shiftry|move: Future Sight
|-immune|p1a: Shiftry
|upkeep
|turn|4
|c|☆ElDrago12|Your team is really cool
|inactive|antwan420 has 120 seconds left.
|c|☆antwan420|thx
|c|☆antwan420|but it kinda sucks
|c|☆antwan420|lol
|c|☆antwan420|im testin out so many diff mons so far
|inactive|antwan420 has 90 seconds left.
|c|☆antwan420|like rn im cooked
|inactive|antwan420 has 60 seconds left.
|c|☆ElDrago12|Yeah but why not play with mons you like
|c|☆antwan420|i like these lol
|
|t:|1743832220
|move|p2a: Kyurem|Blizzard|p1a: Shiftry
|-supereffective|p1a: Shiftry
|-damage|p1a: Shiftry|0 fnt
|faint|p1a: Shiftry
|
|-weather|Snowscape|[upkeep]
|upkeep
|
|t:|1743832229
|switch|p1a: Necrozma|Necrozma|100/100
|turn|5
|
|t:|1743832235
|-terastallize|p1a: Necrozma|Steel
|move|p2a: Kyurem|Blizzard|p1a: Necrozma
|-resisted|p1a: Necrozma
|-damage|p1a: Necrozma|58/100
|move|p1a: Necrozma|Meteor Beam||[still]
|-prepare|p1a: Necrozma|Meteor Beam
|-boost|p1a: Necrozma|spa|1
|-enditem|p1a: Necrozma|Power Herb
|-anim|p1a: Necrozma|Meteor Beam|p2a: Kyurem
|-supereffective|p2a: Kyurem
|-damage|p2a: Kyurem|0 fnt
|faint|p2a: Kyurem
|
|-weather|Snowscape|[upkeep]
|upkeep
|
|t:|1743832251
|switch|p2a: Ceruledge|Ceruledge, M|100/100
|turn|6
|
|t:|1743832256
|move|p2a: Ceruledge|Swords Dance|p2a: Ceruledge
|-boost|p2a: Ceruledge|atk|2
|move|p1a: Necrozma|Earth Power|p2a: Ceruledge
|-supereffective|p2a: Ceruledge
|-enditem|p2a: Ceruledge|Focus Sash
|-damage|p2a: Ceruledge|1/100
|
|-weather|Snowscape|[upkeep]
|upkeep
|turn|7
|inactive|antwan420 has 60 seconds left.
|
|t:|1743832265
|switch|p1a: Slowbro|Slowbro-Galar, F|100/100
|move|p2a: Ceruledge|Bitter Blade|p1a: Slowbro
|-damage|p1a: Slowbro|41/100
|-heal|p2a: Ceruledge|41/100|[from] drain|[of] p1a: Slowbro
|-damage|p2a: Ceruledge|25/100|[from] item: Rocky Helmet|[of] p1a: Slowbro
|
|-weather|none
|upkeep
|turn|8
|l|☆ElDrago12
|inactive|ElDrago12 disconnected and has a minute to reconnect!
|player|p2|
|j|☆ElDrago12
|inactive|ElDrago12 reconnected and has 130 seconds left.
|player|p2|ElDrago12|psychic|
|
|t:|1743832291
|move|p2a: Ceruledge|Bitter Blade|p1a: Slowbro
|-damage|p1a: Slowbro|0 fnt
|-heal|p2a: Ceruledge|52/100|[from] drain|[of] p1a: Slowbro
|-damage|p2a: Ceruledge|36/100|[from] item: Rocky Helmet|[of] p1a: Slowbro
|faint|p1a: Slowbro
|
|upkeep
|
|t:|1743832294
|switch|p1a: Keldeo|Keldeo-Resolute|100/100
|turn|9
|
|t:|1743832302
|move|p2a: Ceruledge|Shadow Sneak|p1a: Keldeo
|-damage|p1a: Keldeo|55/100
|move|p1a: Keldeo|Flip Turn|p2a: Ceruledge
|-supereffective|p2a: Ceruledge
|-crit|p2a: Ceruledge
|-damage|p2a: Ceruledge|0 fnt
|faint|p2a: Ceruledge
|
|t:|1743832309
|switch|p1a: Gliscor|Gliscor, F|100/100|[from] Flip Turn
|
|-status|p1a: Gliscor|tox|[from] item: Toxic Orb
|upkeep
|
|t:|1743832318
|switch|p2a: Slowking|Slowking-Galar, F|61/100
|turn|10
|
|t:|1743832323
|move|p1a: Gliscor|Earthquake|p2a: Slowking
|-supereffective|p2a: Slowking
|-damage|p2a: Slowking|0 fnt
|faint|p2a: Slowking
|
|upkeep
|
|t:|1743832338
|switch|p2a: Cinderace|Cinderace, F|100/100
|turn|11
|
|t:|1743832344
|move|p1a: Gliscor|Protect|p1a: Gliscor
|-singleturn|p1a: Gliscor|Protect
|move|p2a: Cinderace|Pyro Ball|p1a: Gliscor
|-activate|p1a: Gliscor|move: Protect
|
|upkeep
|turn|12
|
|t:|1743832350
|move|p2a: Cinderace|Pyro Ball|p1a: Gliscor
|-damage|p1a: Gliscor|68/100 tox
|move|p1a: Gliscor|Earthquake|p2a: Cinderace
|-supereffective|p2a: Cinderace
|-damage|p2a: Cinderace|0 fnt
|faint|p2a: Cinderace
|
|-heal|p1a: Gliscor|81/100 tox|[from] ability: Poison Heal
|upkeep
|
|t:|1743832360
|switch|p2a: Raging Bolt|Raging Bolt|100/100
|turn|13
|
|t:|1743832366
|move|p1a: Gliscor|Toxic|p2a: Raging Bolt
|-status|p2a: Raging Bolt|tox
|move|p2a: Raging Bolt|Draco Meteor|p1a: Gliscor
|-damage|p1a: Gliscor|0 fnt
|-unboost|p2a: Raging Bolt|spa|2
|faint|p1a: Gliscor
|
|-damage|p2a: Raging Bolt|94/100 tox|[from] psn
|upkeep
|
|t:|1743832374
|switch|p1a: Necrozma|Necrozma, tera:Steel|58/100
|turn|14
|
|t:|1743832380
|move|p1a: Necrozma|Earth Power|p2a: Raging Bolt
|-supereffective|p2a: Raging Bolt
|-damage|p2a: Raging Bolt|35/100 tox
|move|p2a: Raging Bolt|Calm Mind|p2a: Raging Bolt
|-boost|p2a: Raging Bolt|spa|1
|-boost|p2a: Raging Bolt|spd|1
|
|-heal|p2a: Raging Bolt|41/100 tox|[from] item: Leftovers
|-damage|p2a: Raging Bolt|29/100 tox|[from] psn
|upkeep
|turn|15
|
|t:|1743832391
|move|p2a: Raging Bolt|Thunderclap|p1a: Necrozma
|-damage|p1a: Necrozma|29/100
|move|p1a: Necrozma|Earth Power|p2a: Raging Bolt
|-supereffective|p2a: Raging Bolt
|-damage|p2a: Raging Bolt|0 fnt
|faint|p2a: Raging Bolt
|-end|p2a: Raging Bolt|Protosynthesis|[silent]
|
|upkeep
|
|t:|1743832399
|switch|p2a: Kingambit|Kingambit, M|100/100
|-activate|p2a: Kingambit|ability: Supreme Overlord
|-start|p2a: Kingambit|fallen5|[silent]
|turn|16
|
|t:|1743832407
|-terastallize|p2a: Kingambit|Fairy
|move|p1a: Necrozma|Earth Power|p2a: Kingambit
|-damage|p2a: Kingambit|66/100
|-unboost|p2a: Kingambit|spd|1
|move|p2a: Kingambit|Kowtow Cleave|p1a: Necrozma
|-damage|p1a: Necrozma|0 fnt
|faint|p1a: Necrozma
|
|-heal|p2a: Kingambit|72/100|[from] item: Leftovers
|upkeep
|
|t:|1743832417
|switch|p1a: Keldeo|Keldeo-Resolute|55/100
|turn|17
|
|t:|1743832423
|move|p1a: Keldeo|Surf|p2a: Kingambit
|-damage|p2a: Kingambit|0 fnt
|faint|p2a: Kingambit
|-end|p2a: Kingambit|fallen5|[silent]
|
|win|antwan420
|raw|antwan420's rating: 1370 &rarr; <strong>1391</strong><br />(+21 for winning)
|raw|ElDrago12's rating: 1392 &rarr; <strong>1371</strong><br />(-21 for losing)
|c|☆ElDrago12|Gg
|c|☆antwan420|gg
|l|☆ElDrago12
|player|p2|
|l|☆antwan420
|player|p1|
