|j|☆Flixa
|j|☆GOD D DRAGON
|t:|1743857095
|gametype|singles
|player|p1|Flixa|ninjaboy|1188
|player|p2|GOD D DRAGON|170|1304
|teamsize|p1|6
|teamsize|p2|6
|gen|9
|tier|[Gen 9] OU
|rated|
|rule|HP Percentage Mod: HP is shown in percentages
|rule|Endless Battle Clause: Forcing endless battles is banned
|rule|Species Clause: Limit one of each Pokémon
|rule|OHKO Clause: OHKO moves are banned
|rule|Evasion Items Clause: Evasion items are banned
|rule|Evasion Moves Clause: Evasion moves are banned
|rule|Sleep Moves Clause: Sleep-inducing moves are banned
|clearpoke
|poke|p1|Darkrai|
|poke|p1|Manaphy|
|poke|p1|Landorus-Therian, M|
|poke|p1|Gholdengo|
|poke|p1|Raging Bolt|
|poke|p1|Iron Valiant|
|poke|p2|Espeon, F|
|poke|p2|Zarude-Dada|
|poke|p2|Thundurus-Therian, M|
|poke|p2|Tinkaton, F|
|poke|p2|Donphan, M|
|poke|p2|Raging Bolt|
|teampreview
|
|t:|1743857103
|start
|switch|p1a: Ransom|Landorus-Therian, M|100/100
|switch|p2a: Thundurus|Thundurus-Therian, M|100/100
|-ability|p1a: Ransom|Intimidate|boost
|-unboost|p2a: Thundurus|atk|1
|turn|1
|
|t:|1743857113
|switch|p2a: Espeon|Espeon, F|100/100
|move|p1a: Ransom|Taunt|p2a: Espeon
|move|p2a: Espeon|Taunt|p1a: Ransom|[from] ability: Magic Bounce
|-start|p1a: Ransom|move: Taunt
|
|upkeep
|turn|2
|
|t:|1743857122
|move|p2a: Espeon|Trick|p1a: Ransom
|-activate|p2a: Espeon|move: Trick|[of] p1a: Ransom
|-item|p1a: Ransom|Choice Scarf|[from] move: Trick
|-item|p2a: Espeon|Rocky Helmet|[from] move: Trick
|move|p1a: Ransom|Earth Power|p2a: Espeon
|-damage|p2a: Espeon|55/100
|
|upkeep
|turn|3
|
|t:|1743857134
|switch|p2a: Zarude|Zarude-Dada|100/100
|move|p1a: Ransom|Earth Power|p2a: Zarude
|-resisted|p2a: Zarude
|-damage|p2a: Zarude|83/100
|
|-heal|p2a: Zarude|89/100|[from] item: Leftovers
|upkeep
|turn|4
|
|t:|1743857148
|switch|p1a: lotta me|Gholdengo|100/100
|-item|p1a: lotta me|Air Balloon
|move|p2a: Zarude|Knock Off|p1a: lotta me
|-supereffective|p1a: lotta me
|-damage|p1a: lotta me|14/100
|-enditem|p1a: lotta me|Air Balloon
|
|-heal|p2a: Zarude|95/100|[from] item: Leftovers
|upkeep
|turn|5
|
|t:|1743857161
|move|p2a: Zarude|Petal Blizzard|p1a: lotta me
|-resisted|p1a: lotta me
|-damage|p1a: lotta me|0 fnt
|faint|p1a: lotta me
|
|-heal|p2a: Zarude|100/100|[from] item: Leftovers
|upkeep
|
|t:|1743857166
|switch|p1a: lil Tecca|Raging Bolt|100/100
|-enditem|p1a: lil Tecca|Booster Energy
|-activate|p1a: lil Tecca|ability: Protosynthesis|[fromitem]
|-start|p1a: lil Tecca|protosynthesisspa
|turn|6
|
|t:|1743857177
|move|p2a: Zarude|Knock Off|p1a: lil Tecca
|-damage|p1a: lil Tecca|76/100
|move|p1a: lil Tecca|Calm Mind|p1a: lil Tecca
|-boost|p1a: lil Tecca|spa|1
|-boost|p1a: lil Tecca|spd|1
|
|upkeep
|turn|7
|
|t:|1743857188
|switch|p2a: Donphan|Donphan, M|100/100
|move|p1a: lil Tecca|Thunderbolt|p2a: Donphan
|-immune|p2a: Donphan
|
|upkeep
|turn|8
|
|t:|1743857198
|move|p1a: lil Tecca|Dragon Pulse|p2a: Donphan
|-ability|p2a: Donphan|Sturdy
|-damage|p2a: Donphan|1/100
|move|p2a: Donphan|Earthquake|p1a: lil Tecca
|-supereffective|p1a: lil Tecca
|-damage|p1a: lil Tecca|0 fnt
|faint|p1a: lil Tecca
|-end|p1a: lil Tecca|Protosynthesis|[silent]
|
|-heal|p2a: Donphan|7/100|[from] item: Leftovers
|upkeep
|
|t:|1743857204
|switch|p1a: Ransom|Landorus-Therian, M|100/100
|-ability|p1a: Ransom|Intimidate|boost
|-unboost|p2a: Donphan|atk|1
|turn|9
|
|t:|1743857212
|move|p2a: Donphan|Ice Shard|p1a: Ransom
|-supereffective|p1a: Ransom
|-damage|p1a: Ransom|62/100
|move|p1a: Ransom|U-turn|p2a: Donphan
|-damage|p2a: Donphan|0 fnt
|faint|p2a: Donphan
|
|t:|1743857219
|switch|p1a: Dark Thoughts|Darkrai|100/100|[from] U-turn
|
|upkeep
|
|t:|1743857232
|switch|p2a: Tinkaton|Tinkaton, F|100/100
|-ability|p2a: Tinkaton|Mold Breaker
|turn|10
|
|t:|1743857246
|switch|p1a: Ransom|Landorus-Therian, M|62/100
|-ability|p1a: Ransom|Intimidate|boost
|-unboost|p2a: Tinkaton|atk|1
|move|p2a: Tinkaton|Thunder Wave|p1a: Ransom
|-immune|p1a: Ransom
|
|upkeep
|turn|11
|
|t:|1743857255
|move|p1a: Ransom|Earth Power|p2a: Tinkaton
|-supereffective|p2a: Tinkaton
|-damage|p2a: Tinkaton|37/100
|move|p2a: Tinkaton|Ice Hammer|p1a: Ransom
|-supereffective|p1a: Ransom
|-damage|p1a: Ransom|0 fnt
|-unboost|p2a: Tinkaton|spe|1
|faint|p1a: Ransom
|
|upkeep
|
|t:|1743857260
|switch|p1a: 500LB|Manaphy|100/100
|turn|12
|
|t:|1743857267
|move|p1a: 500LB|Tail Glow|p1a: 500LB
|-boost|p1a: 500LB|spa|3
|move|p2a: Tinkaton|Thunder Wave|p1a: 500LB
|-status|p1a: 500LB|par
|
|upkeep
|turn|13
|
|t:|1743857276
|move|p2a: Tinkaton|Play Rough|p1a: 500LB
|-damage|p1a: 500LB|77/100 par
|move|p1a: 500LB|Surf|p2a: Tinkaton
|-damage|p2a: Tinkaton|0 fnt
|faint|p2a: Tinkaton
|
|upkeep
|
|t:|1743857284
|switch|p2a: Raging Bolt|Raging Bolt|100/100
|-enditem|p2a: Raging Bolt|Booster Energy
|-activate|p2a: Raging Bolt|ability: Protosynthesis|[fromitem]
|-start|p2a: Raging Bolt|protosynthesisspa
|turn|14
|
|t:|1743857299
|-terastallize|p1a: 500LB|Fairy
|move|p2a: Raging Bolt|Calm Mind|p2a: Raging Bolt
|-boost|p2a: Raging Bolt|spa|1
|-boost|p2a: Raging Bolt|spd|1
|move|p1a: 500LB|Ice Beam|p2a: Raging Bolt
|-supereffective|p2a: Raging Bolt
|-damage|p2a: Raging Bolt|29/100
|
|upkeep
|turn|15
|
|t:|1743857313
|move|p2a: Raging Bolt|Thunderclap|p1a: 500LB
|-damage|p1a: 500LB|1/100 par
|cant|p1a: 500LB|par
|
|upkeep
|turn|16
|inactive|Battle timer is ON: inactive players will automatically lose when time's up. (requested by GOD D DRAGON)
|
|t:|1743857336
|move|p2a: Raging Bolt|Thunderclap|p1a: 500LB
|-damage|p1a: 500LB|0 fnt
|faint|p1a: 500LB
|
|upkeep
|
|t:|1743857345
|switch|p1a: Dark Thoughts|Darkrai|100/100
|turn|17
|
|t:|1743857348
|move|p2a: Raging Bolt|Thunderclap|p1a: Dark Thoughts
|-damage|p1a: Dark Thoughts|0 fnt
|faint|p1a: Dark Thoughts
|
|upkeep
|
|t:|1743857351
|switch|p1a: EVIL JORDAN|Iron Valiant|100/100
|-enditem|p1a: EVIL JORDAN|Booster Energy
|-activate|p1a: EVIL JORDAN|ability: Quark Drive|[fromitem]
|-start|p1a: EVIL JORDAN|quarkdrivespe
|turn|18
|
|t:|1743857358
|move|p2a: Raging Bolt|Thunderclap|p1a: EVIL JORDAN
|-damage|p1a: EVIL JORDAN|0 fnt
|faint|p1a: EVIL JORDAN
|-end|p1a: EVIL JORDAN|Quark Drive|[silent]
|
|win|GOD D DRAGON
|raw|Flixa's rating: 1188 &rarr; <strong>1169</strong><br />(-19 for losing)
|raw|GOD D DRAGON's rating: 1280 &rarr; <strong>1299</strong><br />(+19 for winning)
|l|☆Flixa
|player|p1|
