|j|☆Aniball92
|j|☆tizzza
|t:|1743896813
|gametype|singles
|player|p1|Aniball92|red|1082
|player|p2|tizzza|plasmagrunt-gen5bw|1052
|teamsize|p1|6
|teamsize|p2|6
|gen|9
|tier|[Gen 9] OU
|rated|
|rule|HP Percentage Mod: HP is shown in percentages
|rule|Endless Battle Clause: Forcing endless battles is banned
|rule|Species Clause: Limit one of each Pokémon
|rule|OHKO Clause: OHKO moves are banned
|rule|Evasion Items Clause: Evasion items are banned
|rule|Evasion Moves Clause: Evasion moves are banned
|rule|Sleep Moves Clause: Sleep-inducing moves are banned
|clearpoke
|poke|p1|Politoed, F|
|poke|p1|Salamence, M|
|poke|p1|Sceptile, F|
|poke|p1|Glimmora, F|
|poke|p1|Magnezone|
|poke|p1|Leavanny, F|
|poke|p2|Blissey, F|
|poke|p2|Clefable, F|
|poke|p2|Gliscor, F|
|poke|p2|Ting-Lu|
|poke|p2|Dondozo, F|
|poke|p2|Amoonguss, F|
|teampreview
|
|t:|1743896830
|start
|switch|p1a: Glimmora|Glimmora, F|100/100
|switch|p2a: Gliscor|Gliscor, F|100/100
|turn|1
|
|t:|1743896837
|move|p1a: Glimmora|Stealth Rock|p2a: Gliscor
|-sidestart|p2: tizzza|move: Stealth Rock
|move|p2a: Gliscor|Toxic|p1a: Glimmora
|-immune|p1a: Glimmora
|
|-status|p2a: Gliscor|tox|[from] item: Toxic Orb
|upkeep
|turn|2
|
|t:|1743896843
|move|p1a: Glimmora|Spikes|p2a: Gliscor
|-sidestart|p2: tizzza|Spikes
|move|p2a: Gliscor|Toxic|p1a: Glimmora
|-immune|p1a: Glimmora
|
|upkeep
|turn|3
|
|t:|1743896849
|move|p1a: Glimmora|Spikes|p2a: Gliscor
|-sidestart|p2: tizzza|Spikes
|move|p2a: Gliscor|Spikes|p1a: Glimmora
|-sidestart|p1: Aniball92|Spikes
|
|upkeep
|turn|4
|
|t:|1743896853
|move|p1a: Glimmora|Spikes|p2a: Gliscor
|-sidestart|p2: tizzza|Spikes
|move|p2a: Gliscor|Toxic|p1a: Glimmora
|-immune|p1a: Glimmora
|
|upkeep
|turn|5
|
|t:|1743896861
|move|p1a: Glimmora|Energy Ball|p2a: Gliscor
|-damage|p2a: Gliscor|71/100 tox
|move|p2a: Gliscor|Knock Off|p1a: Glimmora
|-damage|p1a: Glimmora|80/100
|-activate|p1a: Glimmora|ability: Toxic Debris
|-sidestart|p2: tizzza|move: Toxic Spikes
|-enditem|p1a: Glimmora|Focus Band|[from] move: Knock Off|[of] p2a: Gliscor
|
|-heal|p2a: Gliscor|84/100 tox|[from] ability: Poison Heal
|upkeep
|turn|6
|
|t:|1743896870
|move|p1a: Glimmora|Energy Ball|p2a: Gliscor
|-damage|p2a: Gliscor|54/100 tox
|move|p2a: Gliscor|Knock Off|p1a: Glimmora
|-damage|p1a: Glimmora|66/100
|-activate|p1a: Glimmora|ability: Toxic Debris
|-sidestart|p2: tizzza|move: Toxic Spikes
|
|-heal|p2a: Gliscor|66/100 tox|[from] ability: Poison Heal
|upkeep
|turn|7
|
|t:|1743896879
|move|p1a: Glimmora|Spiky Shield|p1a: Glimmora
|-singleturn|p1a: Glimmora|move: Protect
|move|p2a: Gliscor|Knock Off|p1a: Glimmora
|-activate|p1a: Glimmora|move: Protect
|-damage|p2a: Gliscor|54/100 tox|[from] Spiky Shield|[of] p1a: Glimmora
|
|-heal|p2a: Gliscor|66/100 tox|[from] ability: Poison Heal
|upkeep
|turn|8
|
|t:|1743896886
|move|p2a: Gliscor|Protect|p2a: Gliscor
|-singleturn|p2a: Gliscor|Protect
|move|p1a: Glimmora|Energy Ball|p2a: Gliscor
|-activate|p2a: Gliscor|move: Protect
|
|-heal|p2a: Gliscor|79/100 tox|[from] ability: Poison Heal
|upkeep
|turn|9
|
|t:|1743896890
|move|p2a: Gliscor|Protect||[still]
|-fail|p2a: Gliscor
|move|p1a: Glimmora|Energy Ball|p2a: Gliscor
|-damage|p2a: Gliscor|49/100 tox
|
|-heal|p2a: Gliscor|61/100 tox|[from] ability: Poison Heal
|upkeep
|turn|10
|
|t:|1743896902
|move|p2a: Gliscor|Protect|p2a: Gliscor
|-singleturn|p2a: Gliscor|Protect
|move|p1a: Glimmora|Energy Ball|p2a: Gliscor
|-activate|p2a: Gliscor|move: Protect
|
|-heal|p2a: Gliscor|74/100 tox|[from] ability: Poison Heal
|upkeep
|turn|11
|
|t:|1743896919
|switch|p2a: Dondozo|Dondozo, F|100/100
|move|p1a: Glimmora|Energy Ball|p2a: Dondozo
|-supereffective|p2a: Dondozo
|-damage|p2a: Dondozo|53/100
|-unboost|p2a: Dondozo|spd|1
|
|upkeep
|turn|12
|
|t:|1743896937
|move|p1a: Glimmora|Spiky Shield|p1a: Glimmora
|-singleturn|p1a: Glimmora|move: Protect
|move|p2a: Dondozo|Waterfall|p1a: Glimmora
|-activate|p1a: Glimmora|move: Protect
|-damage|p2a: Dondozo|41/100|[from] Spiky Shield|[of] p1a: Glimmora
|
|upkeep
|turn|13
|
|t:|1743896958
|move|p1a: Glimmora|Energy Ball|p2a: Dondozo
|-supereffective|p2a: Dondozo
|-damage|p2a: Dondozo|0 fnt
|faint|p2a: Dondozo
|
|upkeep
|
|t:|1743896964
|switch|p2a: Clefable|Clefable, F|100/100
|-status|p2a: Clefable|tox
|turn|14
|
|t:|1743896974
|move|p1a: Glimmora|Energy Ball|p2a: Clefable
|-damage|p2a: Clefable|76/100 tox
|-unboost|p2a: Clefable|spd|1
|move|p2a: Clefable|Moonblast|p1a: Glimmora
|-resisted|p1a: Glimmora
|-damage|p1a: Glimmora|49/100
|-unboost|p1a: Glimmora|spa|1
|
|upkeep
|turn|15
|
|t:|1743896987
|move|p1a: Glimmora|Energy Ball|p2a: Clefable
|-damage|p2a: Clefable|50/100 tox
|move|p2a: Clefable|Knock Off|p1a: Glimmora
|-damage|p1a: Glimmora|38/100
|
|upkeep
|turn|16
|
|t:|1743896996
|move|p1a: Glimmora|Spiky Shield|p1a: Glimmora
|-singleturn|p1a: Glimmora|move: Protect
|move|p2a: Clefable|Moonlight|p2a: Clefable
|-heal|p2a: Clefable|99/100 tox
|
|upkeep
|turn|17
|
|t:|1743897003
|move|p1a: Glimmora|Energy Ball|p2a: Clefable
|-damage|p2a: Clefable|76/100 tox
|move|p2a: Clefable|Knock Off|p1a: Glimmora
|-damage|p1a: Glimmora|27/100
|
|upkeep
|turn|18
|
|t:|1743897012
|-terastallize|p2a: Clefable|Steel
|move|p1a: Glimmora|Energy Ball|p2a: Clefable
|-resisted|p2a: Clefable
|-damage|p2a: Clefable|64/100 tox
|move|p2a: Clefable|Knock Off|p1a: Glimmora
|-damage|p1a: Glimmora|16/100
|
|upkeep
|turn|19
|
|t:|1743897024
|move|p1a: Glimmora|Spiky Shield|p1a: Glimmora
|-singleturn|p1a: Glimmora|move: Protect
|move|p2a: Clefable|Moonblast|p1a: Glimmora
|-activate|p1a: Glimmora|move: Protect
|
|upkeep
|turn|20
|inactive|Battle timer is ON: inactive players will automatically lose when time's up. (requested by tizzza)
|
|t:|1743897045
|switch|p1a: Sceptile|Sceptile, F|100/100
|-damage|p1a: Sceptile|88/100|[from] Spikes
|move|p2a: Clefable|Moonblast|p1a: Sceptile
|-damage|p1a: Sceptile|44/100
|
|upkeep
|turn|21
|
|t:|1743897064
|switch|p2a: Amoonguss|Amoonguss, F|100/100
|-sideend|p2: tizzza|move: Toxic Spikes|[of] p2a: Amoonguss
|move|p1a: Sceptile|Leech Seed|p2a: Amoonguss
|-immune|p2a: Amoonguss
|
|upkeep
|turn|22
|
|t:|1743897072
|switch|p1a: Leavanny|Leavanny, F|100/100
|-damage|p1a: Leavanny|88/100|[from] Spikes
|move|p2a: Amoonguss|Toxic|p1a: Leavanny
|-status|p1a: Leavanny|tox
|
|-heal|p1a: Leavanny|94/100 tox|[from] item: Leftovers
|-damage|p1a: Leavanny|88/100 tox|[from] psn
|upkeep
|turn|23
|
|t:|1743897093
|move|p1a: Leavanny|Sticky Web|p2a: Amoonguss
|-sidestart|p2: tizzza|move: Sticky Web
|move|p2a: Amoonguss|Foul Play|p1a: Leavanny
|-damage|p1a: Leavanny|48/100 tox
|
|-heal|p1a: Leavanny|54/100 tox|[from] item: Leftovers
|-damage|p1a: Leavanny|42/100 tox|[from] psn
|upkeep
|turn|24
|
|t:|1743897102
|move|p1a: Leavanny|Triple Axel|p2a: Amoonguss
|-supereffective|p2a: Amoonguss
|-damage|p2a: Amoonguss|92/100
|-supereffective|p2a: Amoonguss
|-damage|p2a: Amoonguss|74/100
|-supereffective|p2a: Amoonguss
|-damage|p2a: Amoonguss|50/100
|-hitcount|p2a: Amoonguss|3
|move|p2a: Amoonguss|Foul Play|p1a: Leavanny
|-damage|p1a: Leavanny|3/100 tox
|
|-heal|p1a: Leavanny|9/100 tox|[from] item: Leftovers
|-damage|p1a: Leavanny|0 fnt|[from] psn
|faint|p1a: Leavanny
|upkeep
|
|t:|1743897116
|switch|p1a: Salamence|Salamence, M|100/100
|-ability|p1a: Salamence|Intimidate|boost
|-unboost|p2a: Amoonguss|atk|1
|turn|25
|
|t:|1743897124
|move|p1a: Salamence|Dual Wingbeat|p2a: Amoonguss
|-supereffective|p2a: Amoonguss
|-damage|p2a: Amoonguss|17/100
|-supereffective|p2a: Amoonguss
|-damage|p2a: Amoonguss|0 fnt
|faint|p2a: Amoonguss
|-hitcount|p2: Amoonguss|2
|
|upkeep
|
|t:|1743897132
|switch|p2a: Gliscor|Gliscor, F|74/100 tox
|-damage|p2a: Gliscor|61/100 tox|[from] Stealth Rock
|turn|26
|
|t:|1743897148
|move|p1a: Salamence|Dragon Dance|p1a: Salamence
|-boost|p1a: Salamence|atk|1
|-boost|p1a: Salamence|spe|1
|move|p2a: Gliscor|Toxic|p1a: Salamence
|-status|p1a: Salamence|tox
|
|-damage|p1a: Salamence|94/100 tox|[from] psn
|-heal|p2a: Gliscor|74/100 tox|[from] ability: Poison Heal
|upkeep
|turn|27
|
|t:|1743897168
|move|p2a: Gliscor|Protect|p2a: Gliscor
|-singleturn|p2a: Gliscor|Protect
|move|p1a: Salamence|Dragon Dance|p1a: Salamence
|-boost|p1a: Salamence|atk|1
|-boost|p1a: Salamence|spe|1
|
|-heal|p1a: Salamence|100/100 tox|[from] item: Leftovers
|-damage|p1a: Salamence|88/100 tox|[from] psn
|-heal|p2a: Gliscor|86/100 tox|[from] ability: Poison Heal
|upkeep
|turn|28
|
|t:|1743897182
|move|p1a: Salamence|Dual Wingbeat|p2a: Gliscor
|-damage|p2a: Gliscor|58/100 tox
|-damage|p2a: Gliscor|27/100 tox
|-hitcount|p2a: Gliscor|2
|move|p2a: Gliscor|Knock Off|p1a: Salamence
|-crit|p1a: Salamence
|-damage|p1a: Salamence|52/100 tox
|-enditem|p1a: Salamence|Leftovers|[from] move: Knock Off|[of] p2a: Gliscor
|
|-damage|p1a: Salamence|34/100 tox|[from] psn
|-heal|p2a: Gliscor|40/100 tox|[from] ability: Poison Heal
|upkeep
|turn|29
|
|t:|1743897200
|move|p2a: Gliscor|Protect|p2a: Gliscor
|-singleturn|p2a: Gliscor|Protect
|move|p1a: Salamence|Dragon Dance|p1a: Salamence
|-boost|p1a: Salamence|atk|1
|-boost|p1a: Salamence|spe|1
|
|-damage|p1a: Salamence|10/100 tox|[from] psn
|-heal|p2a: Gliscor|52/100 tox|[from] ability: Poison Heal
|upkeep
|turn|30
|
|t:|1743897214
|move|p2a: Gliscor|Protect||[still]
|-fail|p2a: Gliscor
|move|p1a: Salamence|Dual Wingbeat|p2a: Gliscor
|-crit|p2a: Gliscor
|-damage|p2a: Gliscor|0 fnt
|faint|p2a: Gliscor
|-hitcount|p2: Gliscor|1
|
|-damage|p1a: Salamence|0 fnt|[from] psn
|faint|p1a: Salamence
|upkeep
|inactive|tizzza has 120 seconds left.
|
|t:|1743897259
|switch|p1a: Politoed|Politoed, F|100/100
|switch|p2a: Blissey|Blissey, F|100/100
|-damage|p1a: Politoed|88/100|[from] Spikes
|turn|31
|inactive|tizzza has 90 seconds left.
|
|t:|1743897289
|move|p1a: Politoed|Surf|p2a: Blissey
|-damage|p2a: Blissey|88/100
|move|p2a: Blissey|Flamethrower|p1a: Politoed
|-resisted|p1a: Politoed
|-damage|p1a: Politoed|81/100
|
|upkeep
|turn|32
|
|t:|1743897299
|move|p1a: Politoed|Ice Beam|p2a: Blissey
|-damage|p2a: Blissey|79/100
|-status|p2a: Blissey|frz
|cant|p2a: Blissey|frz
|
|upkeep
|turn|33
|
|t:|1743897307
|switch|p1a: Sceptile|Sceptile, F|44/100
|-damage|p1a: Sceptile|31/100|[from] Spikes
|cant|p2a: Blissey|frz
|
|upkeep
|turn|34
|inactive|tizzza has 90 seconds left.
|
|t:|1743897314
|move|p1a: Sceptile|Leech Seed|p2a: Blissey
|-start|p2a: Blissey|move: Leech Seed
|cant|p2a: Blissey|frz
|
|-damage|p2a: Blissey|67/100 frz|[from] Leech Seed|[of] p1a: Sceptile
|-heal|p1a: Sceptile|60/100|[silent]
|upkeep
|turn|35
|
|t:|1743897324
|move|p1a: Sceptile|Giga Drain|p2a: Blissey
|-damage|p2a: Blissey|55/100 frz
|-heal|p1a: Sceptile|74/100|[from] drain|[of] p2a: Blissey
|-curestatus|p2a: Blissey|frz|[msg]
|move|p2a: Blissey|Flamethrower|p1a: Sceptile
|-supereffective|p1a: Sceptile
|-damage|p1a: Sceptile|25/100
|
|-damage|p2a: Blissey|43/100|[from] Leech Seed|[of] p1a: Sceptile
|-heal|p1a: Sceptile|54/100|[silent]
|upkeep
|turn|36
|
|t:|1743897342
|move|p1a: Sceptile|Giga Drain|p2a: Blissey
|-crit|p2a: Blissey
|-damage|p2a: Blissey|23/100
|-heal|p1a: Sceptile|77/100|[from] drain|[of] p2a: Blissey
|move|p2a: Blissey|Flamethrower|p1a: Sceptile
|-supereffective|p1a: Sceptile
|-damage|p1a: Sceptile|36/100
|
|-damage|p2a: Blissey|10/100|[from] Leech Seed|[of] p1a: Sceptile
|-heal|p1a: Sceptile|65/100|[silent]
|upkeep
|turn|37
|inactive|tizzza has 90 seconds left.
|
|t:|1743897358
|move|p1a: Sceptile|Giga Drain|p2a: Blissey
|-damage|p2a: Blissey|0 fnt
|-heal|p1a: Sceptile|76/100|[from] drain|[of] p2a: Blissey
|faint|p2a: Blissey
|
|upkeep
|inactive|tizzza has 90 seconds left.
|
|t:|1743897367
|switch|p2a: Clefable|Clefable, F, tera:Steel|64/100 tox
|-activate|p2a: Clefable|move: Sticky Web
|-unboost|p2a: Clefable|spe|1
|turn|38
|inactive|tizzza has 90 seconds left.
|
|t:|1743897380
|move|p1a: Sceptile|Leech Seed|p2a: Clefable
|-start|p2a: Clefable|move: Leech Seed
|move|p2a: Clefable|Moonblast|p1a: Sceptile
|-damage|p1a: Sceptile|29/100
|-unboost|p1a: Sceptile|spa|1
|
|upkeep
|turn|39
|inactive|tizzza has 90 seconds left.
|
|t:|1743897390
|switch|p1a: Glimmora|Glimmora, F|16/100
|-damage|p1a: Glimmora|4/100|[from] Spikes
|move|p2a: Clefable|Moonblast|p1a: Glimmora
|-resisted|p1a: Glimmora
|-crit|p1a: Glimmora
|-damage|p1a: Glimmora|0 fnt
|faint|p1a: Glimmora
|
|upkeep
|
|t:|1743897399
|switch|p1a: Politoed|Politoed, F|81/100
|-damage|p1a: Politoed|69/100|[from] Spikes
|turn|40
|inactive|tizzza has 90 seconds left.
|
|t:|1743897419
|move|p1a: Politoed|Earth Power|p2a: Clefable
|-supereffective|p2a: Clefable
|-damage|p2a: Clefable|18/100 tox
|-unboost|p2a: Clefable|spd|1
|move|p2a: Clefable|Knock Off|p1a: Politoed
|-damage|p1a: Politoed|52/100
|-enditem|p1a: Politoed|Rocky Helmet|[from] move: Knock Off|[of] p2a: Clefable
|
|upkeep
|turn|41
|inactive|tizzza has 90 seconds left.
|
|t:|1743897434
|move|p1a: Politoed|Earth Power|p2a: Clefable
|-supereffective|p2a: Clefable
|-damage|p2a: Clefable|0 fnt
|faint|p2a: Clefable
|
|upkeep
|inactive|tizzza has 90 seconds left.
|
|t:|1743897442
|switch|p2a: Ting-Lu|Ting-Lu|100/100
|-ability|p2a: Ting-Lu|Vessel of Ruin
|turn|42
|
|t:|1743897446
|move|p1a: Politoed|Surf|p2a: Ting-Lu
|-supereffective|p2a: Ting-Lu
|-damage|p2a: Ting-Lu|70/100
|move|p2a: Ting-Lu|Rest|p2a: Ting-Lu
|-status|p2a: Ting-Lu|slp|[from] move: Rest
|-heal|p2a: Ting-Lu|100/100 slp|[silent]
|
|upkeep
|turn|43
|
|t:|1743897460
|switch|p1a: Sceptile|Sceptile, F|29/100
|-damage|p1a: Sceptile|17/100|[from] Spikes
|cant|p2a: Ting-Lu|slp
|
|upkeep
|turn|44
|
|t:|1743897475
|move|p1a: Sceptile|Leech Seed|p2a: Ting-Lu
|-start|p2a: Ting-Lu|move: Leech Seed
|cant|p2a: Ting-Lu|slp
|
|-damage|p2a: Ting-Lu|88/100 slp|[from] Leech Seed|[of] p1a: Sceptile
|-heal|p1a: Sceptile|39/100|[silent]
|upkeep
|turn|45
|
|t:|1743897490
|move|p1a: Sceptile|Giga Drain|p2a: Ting-Lu
|-supereffective|p2a: Ting-Lu
|-damage|p2a: Ting-Lu|55/100 slp
|-heal|p1a: Sceptile|69/100|[from] drain|[of] p2a: Ting-Lu
|-curestatus|p2a: Ting-Lu|slp|[msg]
|move|p2a: Ting-Lu|Earthquake|p1a: Sceptile
|-resisted|p1a: Sceptile
|-damage|p1a: Sceptile|36/100
|
|-damage|p2a: Ting-Lu|43/100|[from] Leech Seed|[of] p1a: Sceptile
|-heal|p1a: Sceptile|59/100|[silent]
|upkeep
|turn|46
|
|t:|1743897502
|move|p2a: Ting-Lu|Protect|p2a: Ting-Lu
|-singleturn|p2a: Ting-Lu|Protect
|move|p1a: Sceptile|Giga Drain|p2a: Ting-Lu
|-activate|p2a: Ting-Lu|move: Protect
|
|-damage|p2a: Ting-Lu|30/100|[from] Leech Seed|[of] p1a: Sceptile
|-heal|p1a: Sceptile|82/100|[silent]
|upkeep
|turn|47
|inactive|tizzza has 90 seconds left.
|-message|tizzza forfeited.
|
|win|Aniball92
|raw|Aniball92's rating: 1082 &rarr; <strong>1107</strong><br />(+25 for winning)
|raw|tizzza's rating: 1052 &rarr; <strong>1036</strong><br />(-16 for losing)
