|j|☆Quintesshou
|j|☆elephantdunglover
|t:|1743883220
|gametype|singles
|player|p1|Quintesshou|clerkf|1159
|player|p2|elephantdunglover|sailor|1228
|teamsize|p1|6
|teamsize|p2|6
|gen|9
|tier|[Gen 9] OU
|rated|
|rule|HP Percentage Mod: HP is shown in percentages
|rule|Endless Battle Clause: Forcing endless battles is banned
|rule|Species Clause: Limit one of each Pokémon
|rule|OHKO Clause: OHKO moves are banned
|rule|Evasion Items Clause: Evasion items are banned
|rule|Evasion Moves Clause: Evasion moves are banned
|rule|Sleep Moves Clause: Sleep-inducing moves are banned
|clearpoke
|poke|p1|Hatterene, F|
|poke|p1|Alcremie-Ruby-Cream, F|
|poke|p1|Clefable, F|
|poke|p1|Blissey, F|
|poke|p1|Sylveon, F|
|poke|p1|Slowbro-Galar, F|
|poke|p2|Pelipper, F|
|poke|p2|Barraskewda, F|
|poke|p2|Politoed, F|
|poke|p2|Overqwil, F|
|poke|p2|Lanturn, F|
|poke|p2|Basculegion, M|
|teampreview
|inactive|Battle timer is ON: inactive players will automatically lose when time's up. (requested by elephantdunglover)
|inactive|Quintesshou also wants the timer to be on.
|
|t:|1743883243
|start
|switch|p1a: Serenitank|Blissey, F|100/100
|switch|p2a: MRbigmouth|Pelipper, F|100/100
|-weather|RainDance|[from] ability: Drizzle|[of] p2a: MRbigmouth
|turn|1
|
|t:|1743883251
|move|p2a: MRbigmouth|U-turn|p1a: Serenitank
|-damage|p1a: Serenitank|93/100
|
|t:|1743883254
|switch|p2a: Lattatta|Lanturn, F|100/100|[from] U-turn
|move|p1a: Serenitank|Thunder Wave|p2a: Lattatta
|-immune|p2a: Lattatta|[from] ability: Volt Absorb
|
|-weather|RainDance|[upkeep]
|upkeep
|turn|2
|
|t:|1743883273
|switch|p1a: Moonique|Clefable, F|100/100
|move|p2a: Lattatta|Volt Switch|p1a: Moonique
|-damage|p1a: Moonique|64/100
|
|t:|1743883276
|switch|p2a: dickfish|Barraskewda, F|100/100|[from] Volt Switch
|
|-weather|RainDance|[upkeep]
|-heal|p1a: Moonique|71/100|[from] item: Leftovers
|upkeep
|turn|3
|
|t:|1743883285
|-terastallize|p2a: dickfish|Water
|move|p2a: dickfish|Flip Turn|p1a: Moonique
|-damage|p1a: Moonique|0 fnt
|faint|p1a: Moonique
|
|t:|1743883289
|switch|p2a: Dragooon|Basculegion, M|100/100|[from] Flip Turn
|
|-weather|RainDance|[upkeep]
|upkeep
|
|t:|1743883299
|switch|p1a: HexClair|Hatterene, F, shiny|100/100
|turn|4
|
|t:|1743883308
|move|p2a: Dragooon|Wave Crash|p1a: HexClair
|-damage|p1a: HexClair|0 fnt
|faint|p1a: HexClair
|-damage|p2a: Dragooon|73/100|[from] Recoil
|
|-weather|RainDance|[upkeep]
|upkeep
|
|t:|1743883323
|switch|p1a: Serenitank|Blissey, F|93/100
|turn|5
|
|t:|1743883326
|move|p2a: Dragooon|Wave Crash|p1a: Serenitank
|-damage|p1a: Serenitank|13/100
|-damage|p2a: Dragooon|23/100|[from] Recoil
|move|p1a: Serenitank|Thunder Wave|p2a: Dragooon
|-status|p2a: Dragooon|par
|
|-weather|RainDance|[upkeep]
|upkeep
|turn|6
|
|t:|1743883334
|move|p2a: Dragooon|Scale Shot|p1a: Serenitank
|-damage|p1a: Serenitank|5/100
|-damage|p1a: Serenitank|0 fnt
|faint|p1a: Serenitank
|-hitcount|p1: Serenitank|2
|-unboost|p2a: Dragooon|def|1
|-boost|p2a: Dragooon|spe|1
|
|-weather|RainDance|[upkeep]
|upkeep
|
|t:|1743883345
|switch|p1a: SweeterThanU|Alcremie-Ruby-Cream, F|100/100
|turn|7
|
|t:|1743883352
|move|p2a: Dragooon|Wave Crash|p1a: SweeterThanU
|-damage|p1a: SweeterThanU|0 fnt
|faint|p1a: SweeterThanU
|-damage|p2a: Dragooon|0 fnt|[from] Recoil
|faint|p2a: Dragooon
|
|-weather|RainDance|[upkeep]
|upkeep
|
|t:|1743883362
|switch|p2a: dickfish|Barraskewda, F, tera:Water|100/100
|switch|p1a: VoxiePop|Sylveon, F|100/100
|turn|8
|
|t:|1743883371
|-terastallize|p1a: VoxiePop|Fairy
|move|p2a: dickfish|Flip Turn|p1a: VoxiePop
|-damage|p1a: VoxiePop|0 fnt
|faint|p1a: VoxiePop
|
|t:|1743883374
|switch|p2a: ButtUmbrella|Overqwil, F|100/100|[from] Flip Turn
|
|-weather|none
|upkeep
|
|t:|1743883379
|switch|p1a: ToxiCutie|Slowbro-Galar, F|100/100
|turn|9
|c|☆Quintesshou|why is barraskewda painful :(
|
|t:|1743883397
|move|p2a: ButtUmbrella|Crunch|p1a: ToxiCutie
|-supereffective|p1a: ToxiCutie
|-damage|p1a: ToxiCutie|29/100
|-unboost|p1a: ToxiCutie|def|1
|-damage|p2a: ButtUmbrella|91/100|[from] item: Life Orb
|move|p1a: ToxiCutie|Psychic|p2a: ButtUmbrella
|-immune|p2a: ButtUmbrella
|
|upkeep
|turn|10
|c|☆elephantdunglover|so strong mon
|c|☆elephantdunglover|idk why it is like that
|
|t:|1743883407
|move|p2a: ButtUmbrella|Crunch|p1a: ToxiCutie
|-supereffective|p1a: ToxiCutie
|-damage|p1a: ToxiCutie|0 fnt
|faint|p1a: ToxiCutie
|-damage|p2a: ButtUmbrella|81/100|[from] item: Life Orb
|
|win|elephantdunglover
|raw|Quintesshou's rating: 1159 &rarr; <strong>1139</strong><br />(-20 for losing)
|raw|elephantdunglover's rating: 1228 &rarr; <strong>1248</strong><br />(+20 for winning)
|c|☆elephantdunglover|gg
|c|☆Quintesshou|gg
|l|☆elephantdunglover
|player|p2|
|l|☆Quintesshou
|player|p1|
