|j|☆ranapolitica
|j|☆natdexaltacc
|t:|1743837002
|gametype|singles
|player|p1|ranapolitica|marlon|1062
|player|p2|natdexaltacc|n|1068
|teamsize|p1|6
|teamsize|p2|6
|gen|9
|tier|[Gen 9] OU
|rated|
|rule|HP Percentage Mod: HP is shown in percentages
|rule|Endless Battle Clause: Forcing endless battles is banned
|rule|Species Clause: Limit one of each Pokémon
|rule|OHKO Clause: OHKO moves are banned
|rule|Evasion Items Clause: Evasion items are banned
|rule|Evasion Moves Clause: Evasion moves are banned
|rule|Sleep Moves Clause: Sleep-inducing moves are banned
|clearpoke
|poke|p1|Scrafty, M|
|poke|p1|Gliscor, F|
|poke|p1|Vaporeon, M|
|poke|p1|Forretress, M|
|poke|p1|Haxorus, F|
|poke|p1|Gholdengo|
|poke|p2|Cinderace, F|
|poke|p2|Hoopa-Unbound|
|poke|p2|Dragapult, F|
|poke|p2|Darkrai|
|poke|p2|Iron Valiant|
|poke|p2|Gholdengo|
|teampreview
|inactive|Battle timer is ON: inactive players will automatically lose when time's up. (requested by natdexaltacc)
|
|t:|1743837028
|start
|switch|p1a: Forretress|Forretress, M|100/100
|switch|p2a: Cinderace|Cinderace, F|100/100
|turn|1
|
|t:|1743837037
|switch|p1a: Vaporeon|Vaporeon, M|100/100
|move|p2a: Cinderace|Pyro Ball|p1a: Vaporeon
|-resisted|p1a: Vaporeon
|-crit|p1a: Vaporeon
|-damage|p1a: Vaporeon|50/100
|
|-heal|p1a: Vaporeon|56/100|[from] item: Leftovers
|upkeep
|turn|2
|
|t:|1743837047
|move|p2a: Cinderace|Will-O-Wisp|p1a: Vaporeon
|-status|p1a: Vaporeon|brn
|move|p1a: Vaporeon|Acid Armor|p1a: Vaporeon
|-boost|p1a: Vaporeon|def|2
|
|-heal|p1a: Vaporeon|63/100 brn|[from] item: Leftovers
|-damage|p1a: Vaporeon|56/100 brn|[from] brn
|upkeep
|turn|3
|
|t:|1743837056
|move|p2a: Cinderace|U-turn|p1a: Vaporeon
|-start|p2a: Cinderace|typechange|Bug|[from] ability: Libero
|-damage|p1a: Vaporeon|37/100 brn
|
|t:|1743837059
|switch|p2a: Hoopa|Hoopa-Unbound|100/100|[from] U-turn
|move|p1a: Vaporeon|Wish|p1a: Vaporeon
|
|-heal|p1a: Vaporeon|43/100 brn|[from] item: Leftovers
|-damage|p1a: Vaporeon|37/100 brn|[from] brn
|upkeep
|turn|4
|
|t:|1743837068
|move|p1a: Vaporeon|Protect|p1a: Vaporeon
|-singleturn|p1a: Vaporeon|Protect
|move|p2a: Hoopa|Thunderbolt|p1a: Vaporeon
|-activate|p1a: Vaporeon|move: Protect
|
|-heal|p1a: Vaporeon|87/100 brn|[from] move: Wish|[wisher] Vaporeon
|-heal|p1a: Vaporeon|93/100 brn|[from] item: Leftovers
|-damage|p1a: Vaporeon|87/100 brn|[from] brn
|upkeep
|turn|5
|
|t:|1743837082
|switch|p1a: Gliscor|Gliscor, F|100/100
|move|p2a: Hoopa|Psychic Noise|p1a: Gliscor
|-damage|p1a: Gliscor|32/100
|-start|p1a: Gliscor|move: Heal Block
|
|-status|p1a: Gliscor|tox|[from] item: Toxic Orb
|upkeep
|turn|6
|
|t:|1743837097
|switch|p1a: Forretress|Forretress, M|100/100
|switch|p2a: Cinderace|Cinderace, F|100/100
|
|upkeep
|turn|7
|
|t:|1743837106
|switch|p1a: Vaporeon|Vaporeon, M|87/100 brn
|move|p2a: Cinderace|Pyro Ball|p1a: Vaporeon
|-resisted|p1a: Vaporeon
|-damage|p1a: Vaporeon|53/100 brn
|
|-heal|p1a: Vaporeon|60/100 brn|[from] item: Leftovers
|-damage|p1a: Vaporeon|53/100 brn|[from] brn
|upkeep
|turn|8
|
|t:|1743837115
|move|p2a: Cinderace|U-turn|p1a: Vaporeon
|-start|p2a: Cinderace|typechange|Bug|[from] ability: Libero
|-crit|p1a: Vaporeon
|-damage|p1a: Vaporeon|0 fnt
|faint|p1a: Vaporeon
|
|t:|1743837142
|switch|p2a: Darkrai|Darkrai|100/100|[from] U-turn
|
|upkeep
|
|t:|1743837148
|switch|p1a: Forretress|Forretress, M|100/100
|turn|9
|
|t:|1743837166
|switch|p2a: Cinderace|Cinderace, F|100/100
|move|p1a: Forretress|Toxic Spikes|p2a: Cinderace
|-sidestart|p2: natdexaltacc|move: Toxic Spikes
|
|upkeep
|turn|10
|
|t:|1743837178
|switch|p1a: Haxorus|Haxorus, F|100/100
|-ability|p1a: Haxorus|Mold Breaker
|move|p2a: Cinderace|Pyro Ball|p1a: Haxorus
|-resisted|p1a: Haxorus
|-damage|p1a: Haxorus|61/100
|
|upkeep
|turn|11
|
|t:|1743837193
|move|p2a: Cinderace|Will-O-Wisp|p1a: Haxorus
|-status|p1a: Haxorus|brn
|move|p1a: Haxorus|Dragon Dance|p1a: Haxorus
|-boost|p1a: Haxorus|atk|1
|-boost|p1a: Haxorus|spe|1
|
|-damage|p1a: Haxorus|55/100 brn|[from] brn
|upkeep
|turn|12
|
|t:|1743837202
|move|p1a: Haxorus|Earthquake|p2a: Cinderace
|-supereffective|p2a: Cinderace
|-crit|p2a: Cinderace
|-damage|p2a: Cinderace|0 fnt
|faint|p2a: Cinderace
|-damage|p1a: Haxorus|45/100 brn|[from] item: Life Orb
|
|-damage|p1a: Haxorus|39/100 brn|[from] brn
|upkeep
|
|t:|1743837211
|switch|p2a: Iron Valiant|Iron Valiant|100/100
|-status|p2a: Iron Valiant|psn
|turn|13
|
|t:|1743837217
|move|p2a: Iron Valiant|Moonblast|p1a: Haxorus
|-supereffective|p1a: Haxorus
|-damage|p1a: Haxorus|0 fnt
|faint|p1a: Haxorus
|
|-damage|p2a: Iron Valiant|88/100 psn|[from] psn
|upkeep
|
|t:|1743837228
|switch|p1a: Scrafty|Scrafty, M|100/100
|turn|14
|
|t:|1743837231
|move|p2a: Iron Valiant|Moonblast|p1a: Scrafty
|-supereffective|p1a: Scrafty
|-damage|p1a: Scrafty|0 fnt
|faint|p1a: Scrafty
|
|-damage|p2a: Iron Valiant|76/100 psn|[from] psn
|upkeep
|
|t:|1743837240
|switch|p1a: Forretress|Forretress, M|100/100
|turn|15
|
|t:|1743837246
|-end|p2a: Iron Valiant|Quark Drive|[silent]
|switch|p2a: Dragapult|Dragapult, F|100/100
|move|p1a: Forretress|Explosion|p2a: Dragapult
|-immune|p2a: Dragapult
|faint|p1a: Forretress
|
|upkeep
|
|t:|1743837255
|switch|p1a: Gholdengo|Gholdengo|100/100
|turn|16
|c|☆natdexaltacc|am i the goat or what
|
|t:|1743837260
|move|p2a: Dragapult|Hex|p1a: Gholdengo
|-supereffective|p1a: Gholdengo
|-damage|p1a: Gholdengo|47/100
|move|p1a: Gholdengo|Shadow Ball|p2a: Dragapult
|-supereffective|p2a: Dragapult
|-damage|p2a: Dragapult|0 fnt
|faint|p2a: Dragapult
|
|-heal|p1a: Gholdengo|53/100|[from] item: Leftovers
|upkeep
|
|t:|1743837263
|switch|p2a: Darkrai|Darkrai|100/100
|-status|p2a: Darkrai|psn
|turn|17
|
|t:|1743837274
|switch|p1a: Gliscor|Gliscor, F|32/100 tox
|move|p2a: Darkrai|Dark Pulse|p1a: Gliscor
|-damage|p1a: Gliscor|0 fnt
|faint|p1a: Gliscor
|-damage|p2a: Darkrai|91/100 psn|[from] item: Life Orb
|
|-damage|p2a: Darkrai|78/100 psn|[from] psn
|upkeep
|
|t:|1743837284
|switch|p1a: Gholdengo|Gholdengo|53/100
|turn|18
|
|t:|1743837296
|move|p1a: Gholdengo|Protect|p1a: Gholdengo
|-singleturn|p1a: Gholdengo|Protect
|move|p2a: Darkrai|Dark Pulse|p1a: Gholdengo
|-activate|p1a: Gholdengo|move: Protect
|
|-heal|p1a: Gholdengo|59/100|[from] item: Leftovers
|-damage|p2a: Darkrai|66/100 psn|[from] psn
|upkeep
|turn|19
|
|t:|1743837306
|move|p2a: Darkrai|Dark Pulse|p1a: Gholdengo
|-supereffective|p1a: Gholdengo
|-damage|p1a: Gholdengo|0 fnt
|faint|p1a: Gholdengo
|-damage|p2a: Darkrai|56/100 psn|[from] item: Life Orb
|
|win|natdexaltacc
|raw|ranapolitica's rating: 1062 &rarr; <strong>1043</strong><br />(-19 for losing)
|raw|natdexaltacc's rating: 1068 &rarr; <strong>1097</strong><br />(+29 for winning)
|l|☆ranapolitica
|player|p1|
|l|☆natdexaltacc
|player|p2|
