|j|☆BabyBattleBoy
|j|☆ahoy00
|t:|1743786750
|gametype|singles
|player|p1|BabyBattleBoy|lass|1382
|player|p2|ahoy00|2|1402
|teamsize|p1|6
|teamsize|p2|6
|gen|9
|tier|[Gen 9] OU
|rated|
|rule|HP Percentage Mod: HP is shown in percentages
|rule|Endless Battle Clause: Forcing endless battles is banned
|rule|Species Clause: Limit one of each Pokémon
|rule|OHKO Clause: OHKO moves are banned
|rule|Evasion Items Clause: Evasion items are banned
|rule|Evasion Moves Clause: Evasion moves are banned
|rule|Sleep Moves Clause: Sleep-inducing moves are banned
|clearpoke
|poke|p1|Tinkaton, F|
|poke|p1|Vileplume, F|
|poke|p1|Mamoswine, M|
|poke|p1|Ogerpon-Wellspring, F|
|poke|p1|Cinccino, F|
|poke|p1|Walking Wake|
|poke|p2|Hydrapple, F|
|poke|p2|Keldeo-Resolute|
|poke|p2|Hatterene, F|
|poke|p2|Gholdengo|
|poke|p2|Araquanid, M|
|poke|p2|Frosmoth, F|
|teampreview
|
|t:|1743786771
|start
|switch|p1a: I hate sand|Cinccino, F|100/100
|switch|p2a: Keldeo|Keldeo-Resolute|100/100
|turn|1
|
|t:|1743786778
|switch|p1a: Misery Bloom|Vileplume, F, shiny|100/100
|move|p2a: Keldeo|Secret Sword|p1a: Misery Bloom
|-resisted|p1a: Misery Bloom
|-damage|p1a: Misery Bloom|81/100
|
|upkeep
|turn|2
|
|t:|1743786790
|switch|p2a: Gholdengo|Gholdengo|100/100
|-item|p2a: Gholdengo|Air Balloon
|move|p1a: Misery Bloom|Sludge Bomb|p2a: Gholdengo
|-immune|p2a: Gholdengo
|
|upkeep
|turn|3
|
|t:|1743786802
|switch|p1a: Original Idea|Walking Wake|100/100
|move|p2a: Gholdengo|Thunder Wave|p1a: Original Idea
|-status|p1a: Original Idea|par
|
|upkeep
|turn|4
|
|t:|1743786818
|switch|p2a: Araquanid|Araquanid, M|100/100
|move|p1a: Original Idea|Flip Turn|p2a: Araquanid
|-resisted|p2a: Araquanid
|-damage|p2a: Araquanid|92/100
|
|t:|1743786824
|-end|p1a: Original Idea|Protosynthesis|[silent]
|switch|p1a: I hate sand|Cinccino, F|100/100|[from] Flip Turn
|
|upkeep
|turn|5
|
|t:|1743786828
|move|p1a: I hate sand|Tail Slap|p2a: Araquanid
|-damage|p2a: Araquanid|72/100
|-damage|p2a: Araquanid|55/100
|-damage|p2a: Araquanid|36/100
|-damage|p2a: Araquanid|18/100
|-damage|p2a: Araquanid|0 fnt
|faint|p2a: Araquanid
|-hitcount|p2: Araquanid|5
|
|upkeep
|
|t:|1743786840
|switch|p2a: Hydrapple|Hydrapple, F|100/100
|turn|6
|
|t:|1743786846
|move|p1a: I hate sand|Triple Axel|p2a: Hydrapple
|-supereffective|p2a: Hydrapple
|-damage|p2a: Hydrapple|72/100
|-supereffective|p2a: Hydrapple
|-damage|p2a: Hydrapple|17/100
|-supereffective|p2a: Hydrapple
|-damage|p2a: Hydrapple|0 fnt
|faint|p2a: Hydrapple
|-hitcount|p2: Hydrapple|3
|
|upkeep
|
|t:|1743786857
|switch|p2a: Hatterene|Hatterene, F|100/100
|turn|7
|
|t:|1743786863
|switch|p1a: Big and Tall|Mamoswine, M|100/100
|move|p2a: Hatterene|Calm Mind|p2a: Hatterene
|-boost|p2a: Hatterene|spa|1
|-boost|p2a: Hatterene|spd|1
|
|upkeep
|turn|8
|
|t:|1743786869
|move|p1a: Big and Tall|Trailblaze|p2a: Hatterene
|-damage|p2a: Hatterene|85/100
|-boost|p1a: Big and Tall|spe|1
|move|p2a: Hatterene|Calm Mind|p2a: Hatterene
|-boost|p2a: Hatterene|spa|1
|-boost|p2a: Hatterene|spd|1
|
|-heal|p2a: Hatterene|91/100|[from] item: Leftovers
|upkeep
|turn|9
|
|t:|1743786875
|move|p1a: Big and Tall|Earthquake|p2a: Hatterene
|-damage|p2a: Hatterene|49/100
|move|p2a: Hatterene|Draining Kiss|p1a: Big and Tall
|-damage|p1a: Big and Tall|64/100
|-heal|p2a: Hatterene|83/100|[from] drain|[of] p1a: Big and Tall
|
|-heal|p2a: Hatterene|89/100|[from] item: Leftovers
|upkeep
|turn|10
|
|t:|1743786881
|move|p1a: Big and Tall|Earthquake|p2a: Hatterene
|-damage|p2a: Hatterene|41/100
|move|p2a: Hatterene|Draining Kiss|p1a: Big and Tall
|-damage|p1a: Big and Tall|25/100
|-heal|p2a: Hatterene|77/100|[from] drain|[of] p1a: Big and Tall
|
|-heal|p2a: Hatterene|83/100|[from] item: Leftovers
|upkeep
|turn|11
|
|t:|1743786886
|move|p1a: Big and Tall|Earthquake|p2a: Hatterene
|-damage|p2a: Hatterene|40/100
|move|p2a: Hatterene|Draining Kiss|p1a: Big and Tall
|-damage|p1a: Big and Tall|0 fnt
|-heal|p2a: Hatterene|63/100|[from] drain|[of] p1a: Big and Tall
|faint|p1a: Big and Tall
|
|-heal|p2a: Hatterene|69/100|[from] item: Leftovers
|upkeep
|
|t:|1743786890
|switch|p1a: Flubbino|Tinkaton, F|100/100
|-ability|p1a: Flubbino|Mold Breaker
|turn|12
|
|t:|1743786896
|move|p1a: Flubbino|Gigaton Hammer|p2a: Hatterene
|-supereffective|p2a: Hatterene
|-damage|p2a: Hatterene|0 fnt
|faint|p2a: Hatterene
|
|upkeep
|
|t:|1743786902
|switch|p2a: Gholdengo|Gholdengo|100/100
|-item|p2a: Gholdengo|Air Balloon
|turn|13
|
|t:|1743786909
|switch|p1a: Original Idea|Walking Wake|100/100 par
|move|p2a: Gholdengo|Thunder Wave|p1a: Original Idea
|-fail|p1a: Original Idea|par
|
|upkeep
|turn|14
|
|t:|1743786917
|move|p2a: Gholdengo|Hex|p1a: Original Idea
|-damage|p1a: Original Idea|66/100 par
|move|p1a: Original Idea|Flamethrower|p2a: Gholdengo
|-supereffective|p2a: Gholdengo
|-damage|p2a: Gholdengo|45/100
|-enditem|p2a: Gholdengo|Air Balloon
|
|upkeep
|turn|15
|-message|ahoy00 forfeited.
|
|win|BabyBattleBoy
|raw|BabyBattleBoy's rating: 1382 &rarr; <strong>1403</strong><br />(+21 for winning)
|raw|ahoy00's rating: 1402 &rarr; <strong>1381</strong><br />(-21 for losing)
|l|☆ahoy00
|player|p2|
|l|☆BabyBattleBoy
|player|p1|
