|j|☆Oyayo Ai Hoshino
|j|☆adil
|t:|1743893376
|gametype|singles
|player|p1|Oyayo Ai Hoshino|kris-masters|1724
|player|p2|adil|2|1700
|teamsize|p1|6
|teamsize|p2|6
|gen|9
|tier|[Gen 9] OU
|rated|
|rule|HP Percentage Mod: HP is shown in percentages
|rule|Endless Battle Clause: Forcing endless battles is banned
|rule|Species Clause: Limit one of each Pokémon
|rule|OHKO Clause: OHKO moves are banned
|rule|Evasion Items Clause: Evasion items are banned
|rule|Evasion Moves Clause: Evasion moves are banned
|rule|Sleep Moves Clause: Sleep-inducing moves are banned
|clearpoke
|poke|p1|Dragapult, F|
|poke|p1|Darkrai|
|poke|p1|Corviknight, F|
|poke|p1|Fezandipiti, M|
|poke|p1|Ting-Lu|
|poke|p1|Pecharunt|
|poke|p2|Iron Hands|
|poke|p2|Ninetales-Alola, F|
|poke|p2|Kyurem|
|poke|p2|Manaphy|
|poke|p2|Gholdengo|
|poke|p2|Great Tusk|
|teampreview
|inactive|Battle timer is ON: inactive players will automatically lose when time's up. (requested by Oyayo Ai Hoshino)
|
|t:|1743893402
|start
|switch|p1a: Fezandipiti|Fezandipiti, M|100/100
|switch|p2a: Ninetales|Ninetales-Alola, F|100/100
|-weather|Snowscape|[from] ability: Snow Warning|[of] p2a: Ninetales
|turn|1
|
|t:|1743893410
|move|p2a: Ninetales|Aurora Veil|p2a: Ninetales
|-sidestart|p2: adil|move: Aurora Veil
|move|p1a: Fezandipiti|Sludge Bomb|p2a: Ninetales
|-supereffective|p2a: Ninetales
|-damage|p2a: Ninetales|73/100
|-status|p2a: Ninetales|tox|[from] ability: Toxic Chain|[of] p1a: Fezandipiti
|
|-weather|Snowscape|[upkeep]
|-damage|p2a: Ninetales|67/100 tox|[from] psn
|upkeep
|turn|2
|
|t:|1743893417
|switch|p2a: Gholdengo|Gholdengo|100/100
|-item|p2a: Gholdengo|Air Balloon
|move|p1a: Fezandipiti|Moonblast|p2a: Gholdengo
|-resisted|p2a: Gholdengo
|-damage|p2a: Gholdengo|92/100
|-enditem|p2a: Gholdengo|Air Balloon
|
|-weather|Snowscape|[upkeep]
|upkeep
|turn|3
|
|t:|1743893421
|switch|p1a: Ting-Lu|Ting-Lu|100/100
|-ability|p1a: Ting-Lu|Vessel of Ruin
|move|p2a: Gholdengo|Nasty Plot|p2a: Gholdengo
|-boost|p2a: Gholdengo|spa|2
|
|-weather|Snowscape|[upkeep]
|upkeep
|turn|4
|
|t:|1743893429
|move|p2a: Gholdengo|Nasty Plot|p2a: Gholdengo
|-boost|p2a: Gholdengo|spa|2
|move|p1a: Ting-Lu|Earthquake|p2a: Gholdengo
|-supereffective|p2a: Gholdengo
|-damage|p2a: Gholdengo|52/100
|
|-weather|Snowscape|[upkeep]
|upkeep
|turn|5
|
|t:|1743893435
|move|p2a: Gholdengo|Make It Rain|p1a: Ting-Lu
|-damage|p1a: Ting-Lu|23/100
|-unboost|p2a: Gholdengo|spa|1
|move|p1a: Ting-Lu|Earthquake|p2a: Gholdengo
|-supereffective|p2a: Gholdengo
|-damage|p2a: Gholdengo|6/100
|
|-weather|none
|-heal|p1a: Ting-Lu|29/100|[from] item: Leftovers
|upkeep
|turn|6
|
|t:|1743893442
|move|p2a: Gholdengo|Recover|p2a: Gholdengo
|-heal|p2a: Gholdengo|56/100
|move|p1a: Ting-Lu|Earthquake|p2a: Gholdengo
|-supereffective|p2a: Gholdengo
|-damage|p2a: Gholdengo|15/100
|
|-heal|p1a: Ting-Lu|35/100|[from] item: Leftovers
|upkeep
|turn|7
|
|t:|1743893447
|move|p2a: Gholdengo|Recover|p2a: Gholdengo
|-heal|p2a: Gholdengo|65/100
|move|p1a: Ting-Lu|Earthquake|p2a: Gholdengo
|-supereffective|p2a: Gholdengo
|-damage|p2a: Gholdengo|19/100
|
|-heal|p1a: Ting-Lu|42/100|[from] item: Leftovers
|upkeep
|turn|8
|
|t:|1743893450
|move|p2a: Gholdengo|Recover|p2a: Gholdengo
|-heal|p2a: Gholdengo|69/100
|move|p1a: Ting-Lu|Earthquake|p2a: Gholdengo
|-supereffective|p2a: Gholdengo
|-damage|p2a: Gholdengo|24/100
|
|-heal|p1a: Ting-Lu|48/100|[from] item: Leftovers
|-sideend|p2: adil|move: Aurora Veil
|upkeep
|turn|9
|
|t:|1743893452
|switch|p2a: Ninetales|Ninetales-Alola, F|67/100 tox
|-weather|Snowscape|[from] ability: Snow Warning|[of] p2a: Ninetales
|move|p1a: Ting-Lu|Earthquake|p2a: Ninetales
|-damage|p2a: Ninetales|35/100 tox
|
|-weather|Snowscape|[upkeep]
|-heal|p1a: Ting-Lu|54/100|[from] item: Leftovers
|-damage|p2a: Ninetales|29/100 tox|[from] psn
|upkeep
|turn|10
|
|t:|1743893454
|move|p2a: Ninetales|Aurora Veil|p2a: Ninetales
|-sidestart|p2: adil|move: Aurora Veil
|move|p1a: Ting-Lu|Stealth Rock|p2a: Ninetales
|-sidestart|p2: adil|move: Stealth Rock
|
|-weather|Snowscape|[upkeep]
|-heal|p1a: Ting-Lu|60/100|[from] item: Leftovers
|-damage|p2a: Ninetales|17/100 tox|[from] psn
|upkeep
|turn|11
|
|t:|1743893457
|switch|p1a: Fezandipiti|Fezandipiti, M|100/100
|move|p2a: Ninetales|Encore||[still]
|-fail|p2a: Ninetales
|
|-weather|Snowscape|[upkeep]
|-damage|p2a: Ninetales|0 fnt|[from] psn
|faint|p2a: Ninetales
|upkeep
|
|t:|1743893462
|switch|p2a: Great Tusk|Great Tusk|100/100
|-damage|p2a: Great Tusk|98/100|[from] Stealth Rock
|turn|12
|
|t:|1743893467
|switch|p1a: Pecharunt|Pecharunt|100/100
|move|p2a: Great Tusk|Stealth Rock|p1a: Pecharunt
|-sidestart|p1: Oyayo Ai Hoshino|move: Stealth Rock
|
|-weather|Snowscape|[upkeep]
|upkeep
|turn|13
|
|t:|1743893471
|move|p2a: Great Tusk|Headlong Rush|p1a: Pecharunt
|-supereffective|p1a: Pecharunt
|-damage|p1a: Pecharunt|38/100
|-unboost|p2a: Great Tusk|def|1
|-unboost|p2a: Great Tusk|spd|1
|move|p1a: Pecharunt|Parting Shot|p2a: Great Tusk
|-unboost|p2a: Great Tusk|atk|1
|-unboost|p2a: Great Tusk|spa|1
|
|t:|1743893475
|switch|p1a: Dragapult|Dragapult, F|100/100|[from] Parting Shot
|
|-weather|none
|upkeep
|turn|14
|
|t:|1743893479
|-end|p2a: Great Tusk|Protosynthesis|[silent]
|switch|p2a: Gholdengo|Gholdengo|24/100
|-damage|p2a: Gholdengo|18/100|[from] Stealth Rock
|move|p1a: Dragapult|Will-O-Wisp|p2a: Gholdengo
|-immune|p2a: Gholdengo|[from] ability: Good as Gold
|
|upkeep
|turn|15
|
|t:|1743893481
|move|p1a: Dragapult|Hex|p2a: Gholdengo
|-supereffective|p2a: Gholdengo
|-damage|p2a: Gholdengo|0 fnt
|faint|p2a: Gholdengo
|
|upkeep
|
|t:|1743893485
|switch|p2a: Manaphy|Manaphy|100/100
|-damage|p2a: Manaphy|88/100|[from] Stealth Rock
|turn|16
|
|t:|1743893488
|move|p1a: Dragapult|U-turn|p2a: Manaphy
|-damage|p2a: Manaphy|69/100
|
|t:|1743893491
|switch|p1a: Fezandipiti|Fezandipiti, M|100/100|[from] U-turn
|move|p2a: Manaphy|Tail Glow|p2a: Manaphy
|-boost|p2a: Manaphy|spa|3
|
|-heal|p2a: Manaphy|75/100|[from] item: Leftovers
|upkeep
|turn|17
|
|t:|1743893496
|move|p2a: Manaphy|Surf|p1a: Fezandipiti
|-crit|p1a: Fezandipiti
|-damage|p1a: Fezandipiti|11/100
|move|p1a: Fezandipiti|Sludge Bomb|p2a: Manaphy
|-damage|p2a: Manaphy|61/100
|-status|p2a: Manaphy|psn
|
|-heal|p2a: Manaphy|68/100 psn|[from] item: Leftovers
|-damage|p2a: Manaphy|55/100 psn|[from] psn
|-sideend|p2: adil|move: Aurora Veil
|upkeep
|turn|18
|
|t:|1743893499
|move|p2a: Manaphy|Surf|p1a: Fezandipiti
|-damage|p1a: Fezandipiti|0 fnt
|faint|p1a: Fezandipiti
|
|-heal|p2a: Manaphy|61/100 psn|[from] item: Leftovers
|-damage|p2a: Manaphy|49/100 psn|[from] psn
|upkeep
|
|t:|1743893502
|switch|p1a: Dragapult|Dragapult, F|100/100
|turn|19
|
|t:|1743893508
|move|p1a: Dragapult|Hex|p2a: Manaphy
|-damage|p2a: Manaphy|0 fnt
|faint|p2a: Manaphy
|
|upkeep
|
|t:|1743893519
|switch|p2a: Kyurem|Kyurem|100/100
|-damage|p2a: Kyurem|76/100|[from] Stealth Rock
|-ability|p2a: Kyurem|Pressure
|turn|20
|
|t:|1743893533
|-terastallize|p2a: Kyurem|Ground
|move|p1a: Dragapult|Dragon Darts|p2a: Kyurem
|-damage|p2a: Kyurem|54/100
|-anim|p1a: Dragapult|Dragon Darts|p2a: Kyurem
|-damage|p2a: Kyurem|35/100
|move|p2a: Kyurem|Dragon Dance|p2a: Kyurem
|-boost|p2a: Kyurem|atk|1
|-boost|p2a: Kyurem|spe|1
|
|upkeep
|turn|21
|
|t:|1743893543
|switch|p1a: Pecharunt|Pecharunt|38/100
|move|p2a: Kyurem|Scale Shot|p1a: Pecharunt
|-damage|p1a: Pecharunt|29/100
|-damage|p1a: Pecharunt|20/100
|-damage|p1a: Pecharunt|10/100
|-damage|p1a: Pecharunt|1/100
|-damage|p1a: Pecharunt|0 fnt
|faint|p1a: Pecharunt
|-hitcount|p1: Pecharunt|5
|-unboost|p2a: Kyurem|def|1
|-boost|p2a: Kyurem|spe|1
|
|upkeep
|
|t:|1743893545
|switch|p1a: Corviknight|Corviknight, F|100/100
|-damage|p1a: Corviknight|88/100|[from] Stealth Rock
|-ability|p1a: Corviknight|Pressure
|turn|22
|
|t:|1743893549
|move|p2a: Kyurem|Icicle Spear|p1a: Corviknight
|-damage|p1a: Corviknight|77/100
|-damage|p1a: Corviknight|65/100
|-damage|p1a: Corviknight|54/100
|-damage|p1a: Corviknight|43/100
|-damage|p1a: Corviknight|32/100
|-hitcount|p1a: Corviknight|5
|move|p1a: Corviknight|Body Press|p2a: Kyurem
|-damage|p2a: Kyurem|0 fnt
|faint|p2a: Kyurem
|
|upkeep
|
|t:|1743893558
|switch|p2a: Iron Hands|Iron Hands|100/100
|-damage|p2a: Iron Hands|94/100|[from] Stealth Rock
|-enditem|p2a: Iron Hands|Booster Energy
|-activate|p2a: Iron Hands|ability: Quark Drive|[fromitem]
|-start|p2a: Iron Hands|quarkdriveatk
|turn|23
|
|t:|1743893563
|move|p1a: Corviknight|Roost|p1a: Corviknight
|-heal|p1a: Corviknight|82/100
|-singleturn|p1a: Corviknight|move: Roost
|move|p2a: Iron Hands|Swords Dance|p2a: Iron Hands
|-boost|p2a: Iron Hands|atk|2
|
|upkeep
|turn|24
|
|t:|1743893572
|-terastallize|p1a: Corviknight|Dragon
|move|p1a: Corviknight|Iron Defense|p1a: Corviknight
|-boost|p1a: Corviknight|def|2
|move|p2a: Iron Hands|Drain Punch|p1a: Corviknight
|-damage|p1a: Corviknight|45/100
|-heal|p2a: Iron Hands|100/100|[from] drain|[of] p1a: Corviknight
|
|upkeep
|turn|25
|
|t:|1743893577
|move|p1a: Corviknight|Body Press|p2a: Iron Hands
|-damage|p2a: Iron Hands|66/100
|move|p2a: Iron Hands|Swords Dance|p2a: Iron Hands
|-boost|p2a: Iron Hands|atk|2
|
|upkeep
|turn|26
|
|t:|1743893585
|move|p1a: Corviknight|Body Press|p2a: Iron Hands
|-damage|p2a: Iron Hands|27/100
|move|p2a: Iron Hands|Drain Punch|p1a: Corviknight
|-damage|p1a: Corviknight|0 fnt
|-heal|p2a: Iron Hands|46/100|[from] drain|[of] p1a: Corviknight
|faint|p1a: Corviknight
|
|upkeep
|
|t:|1743893589
|switch|p1a: Dragapult|Dragapult, F|100/100
|turn|27
|
|t:|1743893600
|move|p1a: Dragapult|Dragon Darts|p2a: Iron Hands
|-damage|p2a: Iron Hands|31/100
|-anim|p1a: Dragapult|Dragon Darts|p2a: Iron Hands
|-damage|p2a: Iron Hands|16/100
|move|p2a: Iron Hands|Ice Punch|p1a: Dragapult
|-supereffective|p1a: Dragapult
|-damage|p1a: Dragapult|0 fnt
|faint|p1a: Dragapult
|
|upkeep
|
|t:|1743893603
|switch|p1a: Darkrai|Darkrai|100/100
|turn|28
|
|t:|1743893608
|move|p1a: Darkrai|Ice Beam|p2a: Iron Hands
|-damage|p2a: Iron Hands|0 fnt
|faint|p2a: Iron Hands
|-end|p2a: Iron Hands|Quark Drive|[silent]
|
|upkeep
|
|t:|1743893611
|switch|p2a: Great Tusk|Great Tusk|98/100
|-damage|p2a: Great Tusk|95/100|[from] Stealth Rock
|turn|29
|
|t:|1743893614
|move|p1a: Darkrai|Ice Beam|p2a: Great Tusk
|-supereffective|p2a: Great Tusk
|-damage|p2a: Great Tusk|0 fnt
|faint|p2a: Great Tusk
|-end|p2a: Great Tusk|Protosynthesis|[silent]
|
|win|Oyayo Ai Hoshino
|raw|Oyayo Ai Hoshino's rating: 1724 &rarr; <strong>1743</strong><br />(+19 for winning)
|raw|adil's rating: 1700 &rarr; <strong>1681</strong><br />(-19 for losing)
|l|☆adil
|player|p2|
|l|☆Oyayo Ai Hoshino
|player|p1|
