|j|☆dnfje
|j|☆wdytyaia
|t:|1743791503
|gametype|singles
|player|p1|dnfje|policeman-gen4|1157
|player|p2|wdytyaia|aromalady|1196
|teamsize|p1|6
|teamsize|p2|6
|gen|9
|tier|[Gen 9] OU
|rated|
|rule|HP Percentage Mod: HP is shown in percentages
|rule|Endless Battle Clause: Forcing endless battles is banned
|rule|Species Clause: Limit one of each Pokémon
|rule|OHKO Clause: OHKO moves are banned
|rule|Evasion Items Clause: Evasion items are banned
|rule|Evasion Moves Clause: Evasion moves are banned
|rule|Sleep Moves Clause: Sleep-inducing moves are banned
|clearpoke
|poke|p1|Garganacl, M|
|poke|p1|Weezing-Galar, F|
|poke|p1|Corviknight, F|
|poke|p1|Dragapult, F|
|poke|p1|Slowking-Galar, F|
|poke|p1|Samurott-Hisui, F|
|poke|p2|Darkrai|
|poke|p2|Hydrapple, M|
|poke|p2|Tinkaton, F|
|poke|p2|Moltres|
|poke|p2|Rotom-Wash|
|poke|p2|Great Tusk|
|teampreview
|inactive|Battle timer is ON: inactive players will automatically lose when time's up. (requested by dnfje)
|inactive|wdytyaia has 120 seconds left.
|
|t:|1743791545
|start
|switch|p1a: Corviknight|Corviknight, F|100/100
|switch|p2a: Rotom|Rotom-Wash|100/100
|turn|1
|
|t:|1743791566
|switch|p1a: Garganacl|Garganacl, M|100/100
|move|p2a: Rotom|Volt Switch|p1a: Garganacl
|-damage|p1a: Garganacl|83/100
|inactive|wdytyaia has 120 seconds left.
|
|t:|1743791606
|switch|p2a: Hydrapple|Hydrapple, M|100/100|[from] Volt Switch
|
|-heal|p1a: Garganacl|89/100|[from] item: Leftovers
|upkeep
|turn|2
|inactive|wdytyaia has 120 seconds left.
|
|t:|1743791615
|move|p1a: Garganacl|Protect|p1a: Garganacl
|-singleturn|p1a: Garganacl|Protect
|move|p2a: Hydrapple|Leaf Storm|p1a: Garganacl
|-activate|p1a: Garganacl|move: Protect
|
|-heal|p1a: Garganacl|95/100|[from] item: Leftovers
|upkeep
|turn|3
|inactive|wdytyaia has 120 seconds left.
|
|t:|1743791634
|switch|p2a: Darkrai|Darkrai|100/100
|switch|p1a: Slowking|Slowking-Galar, F|100/100
|
|upkeep
|turn|4
|inactive|wdytyaia has 120 seconds left.
|
|t:|1743791656
|switch|p1a: Garganacl|Garganacl, M|95/100
|move|p2a: Darkrai|Nasty Plot|p2a: Darkrai
|-boost|p2a: Darkrai|spa|2
|
|-heal|p1a: Garganacl|100/100|[from] item: Leftovers
|upkeep
|turn|5
|
|t:|1743791662
|move|p2a: Darkrai|Dark Pulse|p1a: Garganacl
|-damage|p1a: Garganacl|40/100
|move|p1a: Garganacl|Salt Cure|p2a: Darkrai
|-damage|p2a: Darkrai|82/100
|-start|p2a: Darkrai|Salt Cure
|
|-heal|p2a: Darkrai|88/100|[from] item: Leftovers
|-heal|p1a: Garganacl|47/100|[from] item: Leftovers
|-damage|p2a: Darkrai|76/100|[from] Salt Cure
|upkeep
|turn|6
|
|t:|1743791676
|move|p1a: Garganacl|Protect|p1a: Garganacl
|-singleturn|p1a: Garganacl|Protect
|move|p2a: Darkrai|Dark Pulse|p1a: Garganacl
|-activate|p1a: Garganacl|move: Protect
|
|-heal|p2a: Darkrai|82/100|[from] item: Leftovers
|-heal|p1a: Garganacl|53/100|[from] item: Leftovers
|-damage|p2a: Darkrai|69/100|[from] Salt Cure
|upkeep
|turn|7
|
|t:|1743791690
|-terastallize|p1a: Garganacl|Fairy
|move|p2a: Darkrai|Dark Pulse|p1a: Garganacl
|-resisted|p1a: Garganacl
|-damage|p1a: Garganacl|25/100
|move|p1a: Garganacl|Recover|p1a: Garganacl
|-heal|p1a: Garganacl|75/100
|
|-heal|p2a: Darkrai|75/100|[from] item: Leftovers
|-heal|p1a: Garganacl|81/100|[from] item: Leftovers
|-damage|p2a: Darkrai|63/100|[from] Salt Cure
|upkeep
|turn|8
|
|t:|1743791704
|switch|p2a: Tinkaton|Tinkaton, F|100/100
|-ability|p2a: Tinkaton|Mold Breaker
|move|p1a: Garganacl|Stealth Rock|p2a: Tinkaton
|-sidestart|p2: wdytyaia|move: Stealth Rock
|
|-heal|p1a: Garganacl|87/100|[from] item: Leftovers
|upkeep
|turn|9
|
|t:|1743791712
|move|p1a: Garganacl|Protect|p1a: Garganacl
|-singleturn|p1a: Garganacl|Protect
|move|p2a: Tinkaton|Encore|p1a: Garganacl
|-activate|p1a: Garganacl|move: Protect
|
|-heal|p1a: Garganacl|93/100|[from] item: Leftovers
|upkeep
|turn|10
|
|t:|1743791720
|move|p2a: Tinkaton|Stealth Rock|p1a: Garganacl
|-sidestart|p1: dnfje|move: Stealth Rock
|move|p1a: Garganacl|Salt Cure|p2a: Tinkaton
|-resisted|p2a: Tinkaton
|-damage|p2a: Tinkaton|93/100
|-start|p2a: Tinkaton|Salt Cure
|
|-heal|p2a: Tinkaton|99/100|[from] item: Leftovers
|-heal|p1a: Garganacl|99/100|[from] item: Leftovers
|-damage|p2a: Tinkaton|74/100|[from] Salt Cure
|upkeep
|turn|11
|
|t:|1743791732
|switch|p2a: Great Tusk|Great Tusk|100/100
|move|p1a: Garganacl|Protect||[still]
|-fail|p1a: Garganacl
|
|-heal|p1a: Garganacl|100/100|[from] item: Leftovers
|upkeep
|turn|12
|
|t:|1743791742
|move|p2a: Great Tusk|Knock Off|p1a: Garganacl
|-resisted|p1a: Garganacl
|-damage|p1a: Garganacl|90/100
|-enditem|p1a: Garganacl|Leftovers|[from] move: Knock Off|[of] p2a: Great Tusk
|move|p1a: Garganacl|Salt Cure|p2a: Great Tusk
|-resisted|p2a: Great Tusk
|-damage|p2a: Great Tusk|98/100
|-start|p2a: Great Tusk|Salt Cure
|
|-damage|p2a: Great Tusk|86/100|[from] Salt Cure
|upkeep
|turn|13
|
|t:|1743791767
|-end|p2a: Great Tusk|Protosynthesis|[silent]
|switch|p2a: Tinkaton|Tinkaton, F|74/100
|-damage|p2a: Tinkaton|68/100|[from] Stealth Rock
|-ability|p2a: Tinkaton|Mold Breaker
|switch|p1a: Dragapult|Dragapult, F|100/100
|
|-heal|p2a: Tinkaton|74/100|[from] item: Leftovers
|upkeep
|turn|14
|
|t:|1743791777
|move|p1a: Dragapult|Will-O-Wisp|p2a: Tinkaton|[miss]
|-miss|p1a: Dragapult|p2a: Tinkaton
|move|p2a: Tinkaton|Knock Off|p1a: Dragapult
|-supereffective|p1a: Dragapult
|-damage|p1a: Dragapult|51/100
|-enditem|p1a: Dragapult|Heavy-Duty Boots|[from] move: Knock Off|[of] p2a: Tinkaton
|
|-heal|p2a: Tinkaton|80/100|[from] item: Leftovers
|upkeep
|turn|15
|
|t:|1743791786
|move|p1a: Dragapult|Will-O-Wisp|p2a: Tinkaton|[miss]
|-miss|p1a: Dragapult|p2a: Tinkaton
|move|p2a: Tinkaton|Encore|p1a: Dragapult
|-start|p1a: Dragapult|Encore
|
|-heal|p2a: Tinkaton|87/100|[from] item: Leftovers
|upkeep
|turn|16
|
|t:|1743791791
|switch|p2a: Moltres|Moltres|100/100
|move|p1a: Dragapult|Will-O-Wisp|p2a: Moltres
|-immune|p2a: Moltres
|
|upkeep
|turn|17
|
|t:|1743791797
|switch|p1a: Garganacl|Garganacl, M, tera:Fairy|90/100
|-damage|p1a: Garganacl|77/100|[from] Stealth Rock
|move|p2a: Moltres|U-turn|p1a: Garganacl
|-resisted|p1a: Garganacl
|-damage|p1a: Garganacl|73/100
|
|t:|1743791803
|switch|p2a: Great Tusk|Great Tusk|86/100|[from] U-turn
|
|upkeep
|turn|18
|
|t:|1743791818
|move|p2a: Great Tusk|Rapid Spin|p1a: Garganacl
|-damage|p1a: Garganacl|61/100
|-boost|p2a: Great Tusk|spe|1
|-sideend|p2: wdytyaia|Stealth Rock|[from] move: Rapid Spin|[of] p2a: Great Tusk
|move|p1a: Garganacl|Recover|p1a: Garganacl
|-heal|p1a: Garganacl|100/100
|
|upkeep
|turn|19
|
|t:|1743791832
|switch|p1a: Corviknight|Corviknight, F|100/100
|-damage|p1a: Corviknight|88/100|[from] Stealth Rock
|move|p2a: Great Tusk|Headlong Rush|p1a: Corviknight
|-immune|p1a: Corviknight
|
|upkeep
|turn|20
|
|t:|1743791850
|move|p2a: Great Tusk|Knock Off|p1a: Corviknight
|-damage|p1a: Corviknight|68/100
|-damage|p2a: Great Tusk|69/100|[from] item: Rocky Helmet|[of] p1a: Corviknight
|-enditem|p1a: Corviknight|Rocky Helmet|[from] move: Knock Off|[of] p2a: Great Tusk
|move|p1a: Corviknight|Body Press|p2a: Great Tusk
|-damage|p2a: Great Tusk|50/100
|
|upkeep
|turn|21
|
|t:|1743791858
|-end|p2a: Great Tusk|Protosynthesis|[silent]
|switch|p2a: Moltres|Moltres|100/100
|move|p1a: Corviknight|Brave Bird|p2a: Moltres
|-damage|p2a: Moltres|67/100
|-damage|p1a: Corviknight|57/100|[from] Recoil
|
|upkeep
|turn|22
|
|t:|1743791873
|switch|p1a: Samurott|Samurott-Hisui, F, shiny|100/100
|-damage|p1a: Samurott|88/100|[from] Stealth Rock
|move|p2a: Moltres|U-turn|p1a: Samurott
|-supereffective|p1a: Samurott
|-damage|p1a: Samurott|54/100
|
|t:|1743791879
|switch|p2a: Rotom|Rotom-Wash|100/100|[from] U-turn
|
|upkeep
|turn|23
|
|t:|1743791898
|switch|p1a: Weezing|Weezing-Galar, F|100/100
|-ability|p1a: Weezing|Neutralizing Gas
|move|p2a: Rotom|Volt Switch|p1a: Weezing
|-damage|p1a: Weezing|68/100
|
|t:|1743791905
|switch|p2a: Tinkaton|Tinkaton, F|87/100|[from] Volt Switch
|
|-heal|p2a: Tinkaton|93/100|[from] item: Leftovers
|upkeep
|turn|24
|
|t:|1743791913
|move|p2a: Tinkaton|Gigaton Hammer|p1a: Weezing
|-supereffective|p1a: Weezing
|-damage|p1a: Weezing|11/100
|move|p1a: Weezing|Will-O-Wisp|p2a: Tinkaton
|-status|p2a: Tinkaton|brn
|
|-heal|p2a: Tinkaton|99/100 brn|[from] item: Leftovers
|-damage|p2a: Tinkaton|93/100 brn|[from] brn
|upkeep
|turn|25
|
|t:|1743791922
|move|p2a: Tinkaton|Knock Off|p1a: Weezing
|-resisted|p1a: Weezing
|-damage|p1a: Weezing|8/100
|-enditem|p1a: Weezing|Heavy-Duty Boots|[from] move: Knock Off|[of] p2a: Tinkaton
|move|p1a: Weezing|Pain Split|p2a: Tinkaton
|-sethp|p2a: Tinkaton|50/100 brn|[from] move: Pain Split|[silent]
|-sethp|p1a: Weezing|56/100|[from] move: Pain Split
|
|-heal|p2a: Tinkaton|56/100 brn|[from] item: Leftovers
|-damage|p2a: Tinkaton|50/100 brn|[from] brn
|upkeep
|turn|26
|
|t:|1743791940
|-end|p1a: Weezing|ability: Neutralizing Gas
|-ability|p2a: Tinkaton|Mold Breaker
|switch|p1a: Corviknight|Corviknight, F|57/100
|-damage|p1a: Corviknight|45/100|[from] Stealth Rock
|move|p2a: Tinkaton|Gigaton Hammer|p1a: Corviknight
|-resisted|p1a: Corviknight
|-damage|p1a: Corviknight|38/100
|
|-heal|p2a: Tinkaton|56/100 brn|[from] item: Leftovers
|-damage|p2a: Tinkaton|50/100 brn|[from] brn
|upkeep
|turn|27
|
|t:|1743791957
|switch|p2a: Moltres|Moltres|67/100
|move|p1a: Corviknight|Brave Bird|p2a: Moltres
|-damage|p2a: Moltres|33/100
|-status|p1a: Corviknight|brn|[from] ability: Flame Body|[of] p2a: Moltres
|-damage|p1a: Corviknight|27/100 brn|[from] Recoil
|
|-damage|p1a: Corviknight|21/100 brn|[from] brn
|upkeep
|turn|28
|
|t:|1743791968
|move|p2a: Moltres|Roost|p2a: Moltres
|-heal|p2a: Moltres|83/100
|-singleturn|p2a: Moltres|move: Roost
|move|p1a: Corviknight|Roost|p1a: Corviknight
|-heal|p1a: Corviknight|71/100 brn
|-singleturn|p1a: Corviknight|move: Roost
|
|-damage|p1a: Corviknight|65/100 brn|[from] brn
|upkeep
|turn|29
|inactive|dnfje has 120 seconds left.
|
|t:|1743792013
|switch|p1a: Garganacl|Garganacl, M, tera:Fairy|100/100
|-damage|p1a: Garganacl|88/100|[from] Stealth Rock
|move|p2a: Moltres|Flamethrower|p1a: Garganacl
|-damage|p1a: Garganacl|61/100
|
|upkeep
|turn|30
|
|t:|1743792021
|move|p2a: Moltres|U-turn|p1a: Garganacl
|-resisted|p1a: Garganacl
|-damage|p1a: Garganacl|57/100
|
|t:|1743792024
|switch|p2a: Hydrapple|Hydrapple, M|100/100|[from] U-turn
|move|p1a: Garganacl|Salt Cure|p2a: Hydrapple
|-damage|p2a: Hydrapple|91/100
|-start|p2a: Hydrapple|Salt Cure
|
|-damage|p2a: Hydrapple|78/100|[from] Salt Cure
|upkeep
|turn|31
|inactive|dnfje has 120 seconds left.
|
|t:|1743792037
|move|p1a: Garganacl|Protect|p1a: Garganacl
|-singleturn|p1a: Garganacl|Protect
|move|p2a: Hydrapple|Nasty Plot|p2a: Hydrapple
|-boost|p2a: Hydrapple|spa|2
|
|-damage|p2a: Hydrapple|66/100|[from] Salt Cure
|upkeep
|turn|32
|inactive|dnfje has 120 seconds left.
|
|t:|1743792044
|switch|p1a: Slowking|Slowking-Galar, F|100/100
|-damage|p1a: Slowking|88/100|[from] Stealth Rock
|move|p2a: Hydrapple|Leaf Storm|p1a: Slowking
|-resisted|p1a: Slowking
|-damage|p1a: Slowking|56/100
|-unboost|p2a: Hydrapple|spa|2
|
|-damage|p2a: Hydrapple|53/100|[from] Salt Cure
|upkeep
|turn|33
|inactive|dnfje has 120 seconds left.
|
|t:|1743792056
|switch|p2a: Tinkaton|Tinkaton, F|50/100 brn
|-ability|p2a: Tinkaton|Mold Breaker
|move|p1a: Slowking|Flamethrower|p2a: Tinkaton
|-supereffective|p2a: Tinkaton
|-damage|p2a: Tinkaton|5/100 brn
|
|-heal|p2a: Tinkaton|11/100 brn|[from] item: Leftovers
|-damage|p2a: Tinkaton|5/100 brn|[from] brn
|upkeep
|turn|34
|inactive|dnfje has 120 seconds left.
|
|t:|1743792072
|move|p2a: Tinkaton|Knock Off|p1a: Slowking
|-supereffective|p1a: Slowking
|-damage|p1a: Slowking|38/100
|-enditem|p1a: Slowking|Assault Vest|[from] move: Knock Off|[of] p2a: Tinkaton
|move|p1a: Slowking|Psychic Noise|p2a: Tinkaton
|-resisted|p2a: Tinkaton
|-damage|p2a: Tinkaton|0 fnt
|faint|p2a: Tinkaton
|
|upkeep
|
|t:|1743792089
|switch|p2a: Darkrai|Darkrai|63/100
|turn|35
|inactive|dnfje has 120 seconds left.
|
|t:|1743792107
|switch|p1a: Weezing|Weezing-Galar, F|56/100
|-ability|p1a: Weezing|Neutralizing Gas
|-damage|p1a: Weezing|43/100|[from] Stealth Rock
|move|p2a: Darkrai|Dark Pulse|p1a: Weezing
|-resisted|p1a: Weezing
|-damage|p1a: Weezing|14/100
|
|-heal|p2a: Darkrai|69/100|[from] item: Leftovers
|upkeep
|turn|36
|inactive|dnfje has 120 seconds left.
|
|t:|1743792117
|move|p2a: Darkrai|Dark Pulse|p1a: Weezing
|-resisted|p1a: Weezing
|-damage|p1a: Weezing|0 fnt
|faint|p1a: Weezing
|-end|p1a: Weezing|ability: Neutralizing Gas
|
|-heal|p2a: Darkrai|75/100|[from] item: Leftovers
|upkeep
|inactive|dnfje has 120 seconds left.
|
|t:|1743792128
|switch|p1a: Samurott|Samurott-Hisui, F, shiny|54/100
|-damage|p1a: Samurott|41/100|[from] Stealth Rock
|turn|37
|inactive|dnfje has 120 seconds left.
|
|t:|1743792139
|switch|p2a: Rotom|Rotom-Wash|100/100
|move|p1a: Samurott|Flip Turn|p2a: Rotom
|-resisted|p2a: Rotom
|-damage|p2a: Rotom|90/100
|-damage|p1a: Samurott|25/100|[from] item: Rocky Helmet|[of] p2a: Rotom
|
|t:|1743792150
|switch|p1a: Garganacl|Garganacl, M, tera:Fairy|57/100|[from] Flip Turn
|-damage|p1a: Garganacl|45/100|[from] Stealth Rock
|
|upkeep
|turn|38
|
|t:|1743792160
|move|p2a: Rotom|Volt Switch|p1a: Garganacl
|-damage|p1a: Garganacl|27/100
|
|t:|1743792164
|switch|p2a: Hydrapple|Hydrapple, M|87/100|[from] Volt Switch
|move|p1a: Garganacl|Recover|p1a: Garganacl
|-heal|p1a: Garganacl|77/100
|
|upkeep
|turn|39
|inactive|dnfje has 120 seconds left.
|
|t:|1743792187
|move|p2a: Hydrapple|Nasty Plot|p2a: Hydrapple
|-boost|p2a: Hydrapple|spa|2
|move|p1a: Garganacl|Salt Cure|p2a: Hydrapple
|-damage|p2a: Hydrapple|76/100
|-start|p2a: Hydrapple|Salt Cure
|
|-damage|p2a: Hydrapple|64/100|[from] Salt Cure
|upkeep
|turn|40
|inactive|dnfje has 120 seconds left.
|
|t:|1743792196
|move|p1a: Garganacl|Protect|p1a: Garganacl
|-singleturn|p1a: Garganacl|Protect
|move|p2a: Hydrapple|Leaf Storm|p1a: Garganacl
|-activate|p1a: Garganacl|move: Protect
|
|-damage|p2a: Hydrapple|51/100|[from] Salt Cure
|upkeep
|turn|41
|inactive|dnfje has 120 seconds left.
|
|t:|1743792218
|move|p2a: Hydrapple|Leaf Storm|p1a: Garganacl
|-damage|p1a: Garganacl|0 fnt
|-unboost|p2a: Hydrapple|spa|2
|faint|p1a: Garganacl
|
|-damage|p2a: Hydrapple|39/100|[from] Salt Cure
|upkeep
|-message|dnfje forfeited.
|
|win|wdytyaia
|raw|dnfje's rating: 1157 &rarr; <strong>1135</strong><br />(-22 for losing)
|raw|wdytyaia's rating: 1196 &rarr; <strong>1218</strong><br />(+22 for winning)
|l|☆dnfje
|player|p1|
