|j|☆soil analysis
|j|☆tohelpu
|t:|1743850779
|gametype|singles
|player|p1|soil analysis|scientist-gen4|1190
|player|p2|tohelpu|1|1143
|teamsize|p1|6
|teamsize|p2|6
|gen|9
|tier|[Gen 9] OU
|rated|
|rule|HP Percentage Mod: HP is shown in percentages
|rule|Endless Battle Clause: Forcing endless battles is banned
|rule|Species Clause: Limit one of each Pokémon
|rule|OHKO Clause: OHKO moves are banned
|rule|Evasion Items Clause: Evasion items are banned
|rule|Evasion Moves Clause: Evasion moves are banned
|rule|Sleep Moves Clause: Sleep-inducing moves are banned
|clearpoke
|poke|p1|Moltres|
|poke|p1|Clefable, F|
|poke|p1|Scizor, F|
|poke|p1|Walking Wake|
|poke|p1|Zamazenta-*|
|poke|p1|Gholdengo|
|poke|p2|Reuniclus, M|
|poke|p2|Slither Wing|
|poke|p2|Jirachi|
|poke|p2|Primarina, F|
|poke|p2|Excadrill, M|
|poke|p2|Vikavolt, F|
|teampreview
|
|t:|1743850805
|start
|switch|p1a: Moltres|Moltres|100/100
|switch|p2a: Vikavolt|Vikavolt, F|100/100
|turn|1
|
|t:|1743850816
|move|p1a: Moltres|U-turn|p2a: Vikavolt
|-damage|p2a: Vikavolt|89/100
|
|t:|1743850819
|switch|p1a: Clefable|Clefable, F, shiny|100/100|[from] U-turn
|move|p2a: Vikavolt|Volt Switch|p1a: Clefable
|-damage|p1a: Clefable|67/100
|
|t:|1743850829
|switch|p2a: Excadrill|Excadrill, M|100/100|[from] Volt Switch
|
|-heal|p1a: Clefable|73/100|[from] item: Leftovers
|upkeep
|turn|2
|
|t:|1743850835
|switch|p1a: Moltres|Moltres|100/100
|move|p2a: Excadrill|Sandstorm|p2a: Excadrill
|-weather|Sandstorm
|
|-weather|Sandstorm|[upkeep]
|-damage|p1a: Moltres|94/100|[from] Sandstorm
|upkeep
|turn|3
|
|t:|1743850842
|move|p2a: Excadrill|Rock Slide|p1a: Moltres
|-supereffective|p1a: Moltres
|-damage|p1a: Moltres|0 fnt
|faint|p1a: Moltres
|-damage|p2a: Excadrill|91/100|[from] item: Life Orb
|
|-weather|Sandstorm|[upkeep]
|upkeep
|
|t:|1743850846
|switch|p1a: Walking Wake|Walking Wake|100/100
|turn|4
|
|t:|1743850853
|move|p2a: Excadrill|Earthquake|p1a: Walking Wake
|-damage|p1a: Walking Wake|29/100
|-damage|p2a: Excadrill|81/100|[from] item: Life Orb
|move|p1a: Walking Wake|Surf|p2a: Excadrill
|-supereffective|p2a: Excadrill
|-damage|p2a: Excadrill|0 fnt
|faint|p2a: Excadrill
|
|-weather|Sandstorm|[upkeep]
|-damage|p1a: Walking Wake|23/100|[from] Sandstorm
|upkeep
|
|t:|1743850863
|switch|p2a: Primarina|Primarina, F|100/100
|turn|5
|
|t:|1743850870
|move|p1a: Walking Wake|Flip Turn|p2a: Primarina
|-resisted|p2a: Primarina
|-damage|p2a: Primarina|91/100
|
|t:|1743850875
|-end|p1a: Walking Wake|Protosynthesis|[silent]
|switch|p1a: Clefable|Clefable, F, shiny|73/100|[from] Flip Turn
|move|p2a: Primarina|Surf|p1a: Clefable
|-damage|p1a: Clefable|41/100
|
|-weather|Sandstorm|[upkeep]
|-damage|p2a: Primarina|84/100|[from] Sandstorm
|-heal|p1a: Clefable|47/100|[from] item: Leftovers
|upkeep
|turn|6
|
|t:|1743850887
|switch|p2a: Jirachi|Jirachi|100/100
|move|p1a: Clefable|Wish|p1a: Clefable
|
|-weather|none
|-heal|p1a: Clefable|53/100|[from] item: Leftovers
|upkeep
|turn|7
|
|t:|1743850892
|move|p1a: Clefable|Protect|p1a: Clefable
|-singleturn|p1a: Clefable|Protect
|move|p2a: Jirachi|Trick|p1a: Clefable
|-activate|p1a: Clefable|move: Protect
|
|-heal|p1a: Clefable|100/100|[from] move: Wish|[wisher] Clefable
|upkeep
|turn|8
|
|t:|1743850909
|switch|p2a: Vikavolt|Vikavolt, F|89/100
|switch|p1a: Walking Wake|Walking Wake|23/100
|
|upkeep
|turn|9
|
|t:|1743850914
|switch|p2a: Primarina|Primarina, F|84/100
|move|p1a: Walking Wake|Draco Meteor|p2a: Primarina
|-immune|p2a: Primarina
|
|upkeep
|turn|10
|
|t:|1743850923
|switch|p2a: Vikavolt|Vikavolt, F|89/100
|move|p1a: Walking Wake|Flip Turn|p2a: Vikavolt
|-damage|p2a: Vikavolt|77/100
|
|t:|1743850940
|-end|p1a: Walking Wake|Protosynthesis|[silent]
|switch|p1a: Clefable|Clefable, F, shiny|100/100|[from] Flip Turn
|
|upkeep
|turn|11
|
|t:|1743850944
|move|p1a: Clefable|Stealth Rock|p2a: Vikavolt
|-sidestart|p2: tohelpu|move: Stealth Rock
|move|p2a: Vikavolt|Thunderbolt|p1a: Clefable
|-damage|p1a: Clefable|58/100
|
|-heal|p1a: Clefable|64/100|[from] item: Leftovers
|upkeep
|turn|12
|
|t:|1743850949
|move|p1a: Clefable|Wish|p1a: Clefable
|move|p2a: Vikavolt|Thunderbolt|p1a: Clefable
|-damage|p1a: Clefable|22/100
|
|-heal|p1a: Clefable|28/100|[from] item: Leftovers
|upkeep
|turn|13
|
|t:|1743850955
|move|p1a: Clefable|Protect|p1a: Clefable
|-singleturn|p1a: Clefable|Protect
|move|p2a: Vikavolt|Thunderbolt|p1a: Clefable
|-activate|p1a: Clefable|move: Protect
|
|-heal|p1a: Clefable|78/100|[from] move: Wish|[wisher] Clefable
|-heal|p1a: Clefable|84/100|[from] item: Leftovers
|upkeep
|turn|14
|
|t:|1743850963
|move|p1a: Clefable|Wish|p1a: Clefable
|move|p2a: Vikavolt|Thunderbolt|p1a: Clefable
|-damage|p1a: Clefable|37/100
|
|-heal|p1a: Clefable|43/100|[from] item: Leftovers
|upkeep
|turn|15
|
|t:|1743850969
|move|p1a: Clefable|Protect|p1a: Clefable
|-singleturn|p1a: Clefable|Protect
|move|p2a: Vikavolt|Thunderbolt|p1a: Clefable
|-activate|p1a: Clefable|move: Protect
|
|-heal|p1a: Clefable|93/100|[from] move: Wish|[wisher] Clefable
|-heal|p1a: Clefable|99/100|[from] item: Leftovers
|upkeep
|turn|16
|
|t:|1743850977
|move|p1a: Clefable|Wish|p1a: Clefable
|move|p2a: Vikavolt|Thunderbolt|p1a: Clefable
|-damage|p1a: Clefable|52/100
|-status|p1a: Clefable|par
|
|-heal|p1a: Clefable|58/100 par|[from] item: Leftovers
|upkeep
|turn|17
|
|t:|1743850987
|move|p1a: Clefable|Protect|p1a: Clefable
|-singleturn|p1a: Clefable|Protect
|move|p2a: Vikavolt|Thunderbolt|p1a: Clefable
|-activate|p1a: Clefable|move: Protect
|
|-heal|p1a: Clefable|100/100 par|[from] move: Wish|[wisher] Clefable
|upkeep
|turn|18
|
|t:|1743850995
|move|p2a: Vikavolt|Thunderbolt|p1a: Clefable
|-damage|p1a: Clefable|55/100 par
|move|p1a: Clefable|Wish|p1a: Clefable
|
|-heal|p1a: Clefable|61/100 par|[from] item: Leftovers
|upkeep
|turn|19
|
|t:|1743851003
|move|p2a: Vikavolt|Thunderbolt|p1a: Clefable
|-damage|p1a: Clefable|12/100 par
|move|p1a: Clefable|Moonblast|p2a: Vikavolt
|-damage|p2a: Vikavolt|39/100
|
|-heal|p1a: Clefable|62/100 par|[from] move: Wish|[wisher] Clefable
|-heal|p1a: Clefable|68/100 par|[from] item: Leftovers
|upkeep
|turn|20
|
|t:|1743851012
|cant|p1a: Clefable|par
|move|p2a: Vikavolt|Thunderbolt|p1a: Clefable
|-damage|p1a: Clefable|18/100 par
|
|-heal|p1a: Clefable|24/100 par|[from] item: Leftovers
|upkeep
|turn|21
|
|t:|1743851017
|cant|p1a: Clefable|par
|move|p2a: Vikavolt|Thunderbolt|p1a: Clefable
|-damage|p1a: Clefable|0 fnt
|faint|p1a: Clefable
|
|upkeep
|
|t:|1743851021
|switch|p1a: Scizor|Scizor, F|100/100
|turn|22
|
|t:|1743851025
|move|p1a: Scizor|Swords Dance|p1a: Scizor
|-boost|p1a: Scizor|atk|2
|move|p2a: Vikavolt|Thunderbolt|p1a: Scizor
|-damage|p1a: Scizor|15/100
|
|upkeep
|turn|23
|
|t:|1743851030
|move|p1a: Scizor|Bullet Punch|p2a: Vikavolt
|-resisted|p2a: Vikavolt
|-damage|p2a: Vikavolt|15/100
|move|p2a: Vikavolt|Thunderbolt|p1a: Scizor
|-damage|p1a: Scizor|0 fnt
|faint|p1a: Scizor
|
|upkeep
|
|t:|1743851035
|switch|p1a: Zamazenta|Zamazenta|100/100
|-ability|p1a: Zamazenta|Dauntless Shield|boost
|-boost|p1a: Zamazenta|def|1
|turn|24
|
|t:|1743851040
|move|p1a: Zamazenta|Iron Defense|p1a: Zamazenta
|-boost|p1a: Zamazenta|def|2
|move|p2a: Vikavolt|Thunderbolt|p1a: Zamazenta
|-damage|p1a: Zamazenta|51/100
|
|upkeep
|turn|25
|
|t:|1743851048
|move|p1a: Zamazenta|Body Press|p2a: Vikavolt
|-resisted|p2a: Vikavolt
|-damage|p2a: Vikavolt|0 fnt
|faint|p2a: Vikavolt
|
|upkeep
|
|t:|1743851057
|switch|p2a: Primarina|Primarina, F|84/100
|-damage|p2a: Primarina|72/100|[from] Stealth Rock
|turn|26
|
|t:|1743851072
|-terastallize|p1a: Zamazenta|Fire
|move|p1a: Zamazenta|Body Press|p2a: Primarina
|-resisted|p2a: Primarina
|-damage|p2a: Primarina|25/100
|move|p2a: Primarina|Surf|p1a: Zamazenta
|-supereffective|p1a: Zamazenta
|-damage|p1a: Zamazenta|0 fnt
|faint|p1a: Zamazenta
|
|upkeep
|
|t:|1743851081
|switch|p1a: Gholdengo|Gholdengo|100/100
|-item|p1a: Gholdengo|Air Balloon
|turn|27
|
|t:|1743851086
|move|p1a: Gholdengo|Shadow Ball|p2a: Primarina
|-damage|p2a: Primarina|1/100
|move|p2a: Primarina|Surf|p1a: Gholdengo
|-damage|p1a: Gholdengo|15/100
|-enditem|p1a: Gholdengo|Air Balloon
|
|upkeep
|turn|28
|
|t:|1743851093
|move|p1a: Gholdengo|Shadow Ball|p2a: Primarina
|-damage|p2a: Primarina|0 fnt
|faint|p2a: Primarina
|
|upkeep
|
|t:|1743851100
|switch|p2a: Jirachi|Jirachi|100/100
|-damage|p2a: Jirachi|94/100|[from] Stealth Rock
|turn|29
|
|t:|1743851105
|move|p2a: Jirachi|Iron Head|p1a: Gholdengo
|-resisted|p1a: Gholdengo
|-damage|p1a: Gholdengo|0 fnt
|faint|p1a: Gholdengo
|
|upkeep
|
|t:|1743851108
|switch|p1a: Walking Wake|Walking Wake|23/100
|turn|30
|c|☆tohelpu|gg
|
|t:|1743851112
|move|p2a: Jirachi|Iron Head|p1a: Walking Wake
|-resisted|p1a: Walking Wake
|-damage|p1a: Walking Wake|1/100
|move|p1a: Walking Wake|Flamethrower|p2a: Jirachi
|-supereffective|p2a: Jirachi
|-crit|p2a: Jirachi
|-damage|p2a: Jirachi|14/100
|
|upkeep
|turn|31
|-message|soil analysis forfeited.
|
|win|tohelpu
|raw|soil analysis's rating: 1190 &rarr; <strong>1162</strong><br />(-28 for losing)
|raw|tohelpu's rating: 1143 &rarr; <strong>1171</strong><br />(+28 for winning)
|l|☆soil analysis
|player|p1|
