|j|☆Kis Vegallomas
|j|☆IPlayOnAToaster
|t:|1743877761
|gametype|singles
|player|p1|Kis Vegallomas|265|1423
|player|p2|IPlayOnAToaster|102|1409
|teamsize|p1|6
|teamsize|p2|6
|gen|9
|tier|[Gen 9] OU
|rated|
|rule|HP Percentage Mod: HP is shown in percentages
|rule|Endless Battle Clause: Forcing endless battles is banned
|rule|Species Clause: Limit one of each Pokémon
|rule|OHKO Clause: OHKO moves are banned
|rule|Evasion Items Clause: Evasion items are banned
|rule|Evasion Moves Clause: Evasion moves are banned
|rule|Sleep Moves Clause: Sleep-inducing moves are banned
|clearpoke
|poke|p1|Mandibuzz, F|
|poke|p1|Donphan, M|
|poke|p1|Frosmoth, F|
|poke|p1|Klefki, F|
|poke|p1|Polteageist-Antique|
|poke|p1|Cinderace, M|
|poke|p2|Iron Crown|
|poke|p2|Samurott-Hisui, F|
|poke|p2|Moltres|
|poke|p2|Primarina, M|
|poke|p2|Landorus-Therian, M|
|poke|p2|Tentacruel, M|
|teampreview
|
|t:|1743877772
|start
|switch|p1a: Donphan|Donphan, M|100/100
|switch|p2a: Samurott|Samurott-Hisui, F|100/100
|turn|1
|
|t:|1743877779
|move|p2a: Samurott|Aqua Cutter|p1a: Donphan
|-supereffective|p1a: Donphan
|-damage|p1a: Donphan|16/100
|move|p1a: Donphan|Earthquake|p2a: Samurott
|-damage|p2a: Samurott|47/100
|
|upkeep
|turn|2
|-enditem|p1a: Donphan|Custap Berry|[eat]
|-activate|p1a: Donphan|item: Custap Berry|[consumed]
|
|t:|1743877783
|move|p1a: Donphan|Earthquake|p2a: Samurott
|-damage|p2a: Samurott|0 fnt
|faint|p2a: Samurott
|
|upkeep
|
|t:|1743877790
|switch|p2a: Landorus|Landorus-Therian, M|100/100
|-ability|p2a: Landorus|Intimidate|boost
|-unboost|p1a: Donphan|atk|1
|turn|3
|
|t:|1743877796
|switch|p1a: Mandibuzz|Mandibuzz, F|100/100
|move|p2a: Landorus|Earthquake|p1a: Mandibuzz
|-immune|p1a: Mandibuzz
|
|upkeep
|turn|4
|
|t:|1743877800
|switch|p2a: Iron Crown|Iron Crown|100/100
|move|p1a: Mandibuzz|Toxic|p2a: Iron Crown
|-immune|p2a: Iron Crown
|
|upkeep
|turn|5
|
|t:|1743877802
|move|p2a: Iron Crown|Future Sight|p1a: Mandibuzz
|-start|p2a: Iron Crown|move: Future Sight
|move|p1a: Mandibuzz|U-turn|p2a: Iron Crown
|-damage|p2a: Iron Crown|87/100
|
|t:|1743877806
|switch|p1a: Klefki|Klefki, F|100/100|[from] U-turn
|
|upkeep
|turn|6
|
|t:|1743877812
|move|p1a: Klefki|Thunder Wave|p2a: Iron Crown
|-status|p2a: Iron Crown|par
|move|p2a: Iron Crown|Volt Switch|p1a: Klefki
|-damage|p1a: Klefki|70/100
|
|t:|1743877816
|-end|p2a: Iron Crown|Quark Drive|[silent]
|switch|p2a: Landorus|Landorus-Therian, M|100/100|[from] Volt Switch
|-ability|p2a: Landorus|Intimidate|boost
|-unboost|p1a: Klefki|atk|1
|
|upkeep
|turn|7
|
|t:|1743877822
|switch|p1a: Mandibuzz|Mandibuzz, F|100/100
|move|p2a: Landorus|Stone Edge|p1a: Mandibuzz
|-supereffective|p1a: Mandibuzz
|-damage|p1a: Mandibuzz|61/100
|
|-end|p1a: Mandibuzz|move: Future Sight
|-immune|p1a: Mandibuzz
|-heal|p1a: Mandibuzz|67/100|[from] item: Leftovers
|upkeep
|turn|8
|c|☆IPlayOnAToaster|ok wow that did nothing
|
|t:|1743877837
|switch|p2a: Iron Crown|Iron Crown|87/100 par
|move|p1a: Mandibuzz|Roost|p1a: Mandibuzz
|-heal|p1a: Mandibuzz|100/100
|-singleturn|p1a: Mandibuzz|move: Roost
|
|upkeep
|turn|9
|
|t:|1743877840
|move|p1a: Mandibuzz|U-turn|p2a: Iron Crown
|-crit|p2a: Iron Crown
|-damage|p2a: Iron Crown|70/100 par
|
|t:|1743877842
|switch|p1a: Donphan|Donphan, M|16/100|[from] U-turn
|move|p2a: Iron Crown|Volt Switch|p1a: Donphan
|-immune|p1a: Donphan
|
|upkeep
|turn|10
|
|t:|1743877847
|move|p2a: Iron Crown|Tachyon Cutter|p1a: Donphan
|-damage|p1a: Donphan|0 fnt
|faint|p1a: Donphan
|-hitcount|p1: Donphan|1
|
|upkeep
|
|t:|1743877850
|switch|p1a: Frosmoth|Frosmoth, F|100/100
|turn|11
|
|t:|1743877853
|-terastallize|p1a: Frosmoth|Water
|move|p1a: Frosmoth|Quiver Dance|p1a: Frosmoth
|-boost|p1a: Frosmoth|spa|1
|-boost|p1a: Frosmoth|spd|1
|-boost|p1a: Frosmoth|spe|1
|move|p2a: Iron Crown|Tachyon Cutter|p1a: Frosmoth
|-resisted|p1a: Frosmoth
|-damage|p1a: Frosmoth|95/100
|-resisted|p1a: Frosmoth
|-damage|p1a: Frosmoth|90/100
|-hitcount|p1a: Frosmoth|2
|
|upkeep
|turn|12
|
|t:|1743877871
|move|p1a: Frosmoth|Tera Blast|p2a: Iron Crown|[anim] Tera Blast Water
|-damage|p2a: Iron Crown|27/100 par
|move|p2a: Iron Crown|Volt Switch|p1a: Frosmoth
|-supereffective|p1a: Frosmoth
|-damage|p1a: Frosmoth|69/100
|
|t:|1743877874
|-end|p2a: Iron Crown|Quark Drive|[silent]
|switch|p2a: Landorus|Landorus-Therian, M|100/100|[from] Volt Switch
|-ability|p2a: Landorus|Intimidate|boost
|-unboost|p1a: Frosmoth|atk|1
|
|upkeep
|turn|13
|
|t:|1743877881
|-terastallize|p2a: Landorus|Ice
|move|p2a: Landorus|Earthquake|p1a: Frosmoth
|-damage|p1a: Frosmoth|0 fnt
|faint|p1a: Frosmoth
|
|upkeep
|
|t:|1743877890
|switch|p1a: Polteageist|Polteageist-Antique, shiny|100/100
|turn|14
|
|t:|1743877896
|switch|p2a: Tentacruel|Tentacruel, M|100/100
|move|p1a: Polteageist|Shell Smash|p1a: Polteageist
|-unboost|p1a: Polteageist|def|1
|-unboost|p1a: Polteageist|spd|1
|-boost|p1a: Polteageist|atk|2
|-boost|p1a: Polteageist|spa|2
|-boost|p1a: Polteageist|spe|2
|
|upkeep
|turn|15
|
|t:|1743877898
|move|p1a: Polteageist|Stored Power|p2a: Tentacruel
|-supereffective|p2a: Tentacruel
|-damage|p2a: Tentacruel|0 fnt
|faint|p2a: Tentacruel
|
|upkeep
|
|t:|1743877902
|switch|p2a: Primarina|Primarina, M|100/100
|turn|16
|
|t:|1743877906
|move|p1a: Polteageist|Stored Power|p2a: Primarina
|-damage|p2a: Primarina|2/100
|move|p2a: Primarina|Moonblast|p1a: Polteageist
|-enditem|p1a: Polteageist|Focus Sash
|-damage|p1a: Polteageist|1/100
|
|upkeep
|turn|17
|-enditem|p2a: Primarina|Custap Berry|[eat]
|-activate|p2a: Primarina|item: Custap Berry|[consumed]
|
|t:|1743877910
|move|p2a: Primarina|Moonblast|p1a: Polteageist
|-damage|p1a: Polteageist|0 fnt
|faint|p1a: Polteageist
|
|upkeep
|
|t:|1743877915
|switch|p1a: Cinderace|Cinderace, M|100/100
|turn|18
|
|t:|1743877917
|move|p1a: Cinderace|Pyro Ball|p2a: Primarina
|-resisted|p2a: Primarina
|-damage|p2a: Primarina|0 fnt
|faint|p2a: Primarina
|
|upkeep
|
|t:|1743877925
|switch|p2a: Moltres|Moltres|100/100
|turn|19
|
|t:|1743877927
|switch|p1a: Mandibuzz|Mandibuzz, F|100/100
|move|p2a: Moltres|Flamethrower|p1a: Mandibuzz
|-damage|p1a: Mandibuzz|71/100
|
|-heal|p1a: Mandibuzz|78/100|[from] item: Leftovers
|upkeep
|turn|20
|
|t:|1743877933
|switch|p2a: Iron Crown|Iron Crown|27/100 par
|move|p1a: Mandibuzz|Toxic||[still]
|-fail|p1a: Mandibuzz
|
|-heal|p1a: Mandibuzz|84/100|[from] item: Leftovers
|upkeep
|turn|21
|
|t:|1743877938
|move|p1a: Mandibuzz|Foul Play|p2a: Iron Crown
|-supereffective|p2a: Iron Crown
|-damage|p2a: Iron Crown|0 fnt
|faint|p2a: Iron Crown
|-end|p2a: Iron Crown|Quark Drive|[silent]
|
|-heal|p1a: Mandibuzz|90/100|[from] item: Leftovers
|upkeep
|
|t:|1743877942
|switch|p2a: Landorus|Landorus-Therian, M, tera:Ice|100/100
|-ability|p2a: Landorus|Intimidate|boost
|-unboost|p1a: Mandibuzz|atk|1
|turn|22
|
|t:|1743877944
|switch|p1a: Klefki|Klefki, F|70/100
|move|p2a: Landorus|Tera Blast|p1a: Klefki|[anim] Tera Blast Ice
|-resisted|p1a: Klefki
|-damage|p1a: Klefki|53/100
|
|upkeep
|turn|23
|inactive|Battle timer is ON: inactive players will automatically lose when time's up. (requested by IPlayOnAToaster)
|
|t:|1743877953
|switch|p2a: Moltres|Moltres|100/100
|move|p1a: Klefki|Light Screen|p1a: Klefki
|-sidestart|p1: Kis Vegallomas|move: Light Screen
|
|upkeep
|turn|24
|
|t:|1743877956
|switch|p1a: Mandibuzz|Mandibuzz, F|90/100
|move|p2a: Moltres|Will-O-Wisp|p1a: Mandibuzz
|-status|p1a: Mandibuzz|brn
|
|-heal|p1a: Mandibuzz|96/100 brn|[from] item: Leftovers
|-damage|p1a: Mandibuzz|90/100 brn|[from] brn
|upkeep
|turn|25
|
|t:|1743877959
|move|p2a: Moltres|Flamethrower|p1a: Mandibuzz
|-damage|p1a: Mandibuzz|74/100 brn
|move|p1a: Mandibuzz|Toxic|p2a: Moltres
|-status|p2a: Moltres|tox
|
|-heal|p1a: Mandibuzz|80/100 brn|[from] item: Leftovers
|-damage|p2a: Moltres|94/100 tox|[from] psn
|-damage|p1a: Mandibuzz|74/100 brn|[from] brn
|upkeep
|turn|26
|
|t:|1743877962
|move|p2a: Moltres|Flamethrower|p1a: Mandibuzz
|-damage|p1a: Mandibuzz|58/100 brn
|move|p1a: Mandibuzz|Roost|p1a: Mandibuzz
|-heal|p1a: Mandibuzz|100/100 brn
|-singleturn|p1a: Mandibuzz|move: Roost
|
|-damage|p2a: Moltres|82/100 tox|[from] psn
|-damage|p1a: Mandibuzz|94/100 brn|[from] brn
|upkeep
|turn|27
|
|t:|1743877966
|move|p2a: Moltres|U-turn|p1a: Mandibuzz
|-damage|p1a: Mandibuzz|86/100 brn
|
|t:|1743877967
|switch|p2a: Landorus|Landorus-Therian, M, tera:Ice|100/100|[from] U-turn
|-ability|p2a: Landorus|Intimidate|boost
|-unboost|p1a: Mandibuzz|atk|1
|move|p1a: Mandibuzz|U-turn|p2a: Landorus
|-damage|p2a: Landorus|96/100
|
|t:|1743877971
|switch|p1a: Klefki|Klefki, F|53/100|[from] U-turn
|
|upkeep
|turn|28
|
|t:|1743877974
|move|p1a: Klefki|Reflect|p1a: Klefki
|-sidestart|p1: Kis Vegallomas|Reflect
|move|p2a: Landorus|Earthquake|p1a: Klefki
|-supereffective|p1a: Klefki
|-damage|p1a: Klefki|6/100
|
|upkeep
|turn|29
|-message|IPlayOnAToaster forfeited.
|
|win|Kis Vegallomas
|raw|Kis Vegallomas's rating: 1423 &rarr; <strong>1442</strong><br />(+19 for winning)
|raw|IPlayOnAToaster's rating: 1409 &rarr; <strong>1390</strong><br />(-19 for losing)
|l|☆IPlayOnAToaster
|player|p2|
|l|☆Kis Vegallomas
|player|p1|
