|j|☆herosfan
|j|☆Mook_man22
|t:|1743912664
|gametype|singles
|player|p1|herosfan|cynthia-gen4|1198
|player|p2|Mook_man22|hilbert-wonderlauncher|1229
|teamsize|p1|6
|teamsize|p2|6
|gen|9
|tier|[Gen 9] OU
|rated|
|rule|HP Percentage Mod: HP is shown in percentages
|rule|Endless Battle Clause: Forcing endless battles is banned
|rule|Species Clause: Limit one of each Pokémon
|rule|OHKO Clause: OHKO moves are banned
|rule|Evasion Items Clause: Evasion items are banned
|rule|Evasion Moves Clause: Evasion moves are banned
|rule|Sleep Moves Clause: Sleep-inducing moves are banned
|clearpoke
|poke|p1|Scrafty, F|
|poke|p1|Garganacl, F|
|poke|p1|Toxtricity-Low-Key, F|
|poke|p1|Primarina, M|
|poke|p1|Corviknight, F|
|poke|p1|Rillaboom, M|
|poke|p2|Iron Crown|
|poke|p2|Azumarill, F|
|poke|p2|Enamorus, F|
|poke|p2|Zapdos|
|poke|p2|Garganacl, M|
|poke|p2|Dragapult, F|
|teampreview
|inactive|Battle timer is ON: inactive players will automatically lose when time's up. (requested by herosfan)
|
|t:|1743912679
|start
|switch|p1a: Toxtricity|Toxtricity-Low-Key, F|100/100
|switch|p2a: Dragapult|Dragapult, F|100/100
|turn|1
|inactive|Mook_man22 has 120 seconds left.
|
|t:|1743912728
|switch|p1a: Primarina|Primarina, M|100/100
|move|p2a: Dragapult|Dragon Darts|p1a: Primarina
|-immune|p1a: Primarina
|
|upkeep
|turn|2
|inactive|Mook_man22 has 120 seconds left.
|
|t:|1743912738
|switch|p2a: Iron Crown|Iron Crown|100/100
|move|p1a: Primarina|Flip Turn|p2a: Iron Crown
|-damage|p2a: Iron Crown|85/100
|inactive|herosfan has 120 seconds left.
|
|t:|1743912765
|switch|p1a: Toxtricity|Toxtricity-Low-Key, F|100/100|[from] Flip Turn
|
|upkeep
|turn|3
|
|t:|1743912779
|move|p2a: Iron Crown|Volt Switch|p1a: Toxtricity
|-resisted|p1a: Toxtricity
|-damage|p1a: Toxtricity|82/100
|
|t:|1743912785
|-end|p2a: Iron Crown|Quark Drive|[silent]
|switch|p2a: Garganacl|Garganacl, M|100/100|[from] Volt Switch
|move|p1a: Toxtricity|Overdrive|p2a: Garganacl
|-damage|p2a: Garganacl|41/100
|
|-heal|p2a: Garganacl|47/100|[from] item: Leftovers
|upkeep
|turn|4
|inactive|Mook_man22 has 120 seconds left.
|
|t:|1743912808
|move|p2a: Garganacl|Protect|p2a: Garganacl
|-singleturn|p2a: Garganacl|Protect
|move|p1a: Toxtricity|Overdrive|p2a: Garganacl
|-activate|p2a: Garganacl|move: Protect
|
|-heal|p2a: Garganacl|53/100|[from] item: Leftovers
|upkeep
|turn|5
|inactive|herosfan has 120 seconds left.
|inactive|Mook_man22 has 120 seconds left.
|
|t:|1743912823
|switch|p2a: Iron Crown|Iron Crown|85/100
|move|p1a: Toxtricity|Overdrive|p2a: Iron Crown
|-damage|p2a: Iron Crown|29/100
|
|upkeep
|turn|6
|
|t:|1743912839
|move|p2a: Iron Crown|Future Sight|p1a: Toxtricity
|-start|p2a: Iron Crown|move: Future Sight
|move|p1a: Toxtricity|Overdrive|p2a: Iron Crown
|-damage|p2a: Iron Crown|0 fnt
|faint|p2a: Iron Crown
|-end|p2a: Iron Crown|Quark Drive|[silent]
|
|upkeep
|inactive|Mook_man22 has 120 seconds left.
|
|t:|1743912857
|switch|p2a: Enamorus|Enamorus, F|100/100
|turn|7
|
|t:|1743912867
|switch|p1a: Primarina|Primarina, M|100/100
|move|p2a: Enamorus|Earth Power|p1a: Primarina
|-damage|p1a: Primarina|85/100
|
|upkeep
|turn|8
|inactive|herosfan has 120 seconds left.
|inactive|Mook_man22 has 120 seconds left.
|
|t:|1743912889
|switch|p2a: Zapdos|Zapdos|100/100
|move|p1a: Primarina|Surf|p2a: Zapdos
|-crit|p2a: Zapdos
|-damage|p2a: Zapdos|44/100
|
|-end|p1a: Primarina|move: Future Sight
|-damage|p1a: Primarina|56/100
|upkeep
|turn|9
|inactive|herosfan has 120 seconds left.
|
|t:|1743912902
|switch|p1a: Toxtricity|Toxtricity-Low-Key, F|82/100
|move|p2a: Zapdos|Thunder Wave|p1a: Toxtricity
|-immune|p1a: Toxtricity
|
|upkeep
|turn|10
|inactive|herosfan has 120 seconds left.
|inactive|Mook_man22 has 120 seconds left.
|
|t:|1743912917
|move|p1a: Toxtricity|Overdrive|p2a: Zapdos
|-damage|p2a: Zapdos|0 fnt
|faint|p2a: Zapdos
|
|upkeep
|inactive|Mook_man22 has 120 seconds left.
|
|t:|1743912930
|switch|p2a: Dragapult|Dragapult, F|100/100
|turn|11
|inactive|Mook_man22 has 120 seconds left.
|
|t:|1743912938
|-terastallize|p2a: Dragapult|Ghost
|move|p2a: Dragapult|Tera Blast|p1a: Toxtricity|[anim] Tera Blast Ghost
|-damage|p1a: Toxtricity|0 fnt
|faint|p1a: Toxtricity
|
|upkeep
|inactive|herosfan has 120 seconds left.
|
|t:|1743912956
|switch|p1a: Scrafty|Scrafty, F|100/100
|turn|12
|
|t:|1743912961
|switch|p2a: Garganacl|Garganacl, M|53/100
|move|p1a: Scrafty|Dragon Dance|p1a: Scrafty
|-boost|p1a: Scrafty|atk|1
|-boost|p1a: Scrafty|spe|1
|
|-heal|p2a: Garganacl|60/100|[from] item: Leftovers
|upkeep
|turn|13
|
|t:|1743912970
|move|p1a: Scrafty|Dragon Dance|p1a: Scrafty
|-boost|p1a: Scrafty|atk|1
|-boost|p1a: Scrafty|spe|1
|move|p2a: Garganacl|Salt Cure|p1a: Scrafty
|-resisted|p1a: Scrafty
|-damage|p1a: Scrafty|94/100
|-start|p1a: Scrafty|Salt Cure
|
|-heal|p1a: Scrafty|100/100|[from] item: Leftovers
|-heal|p2a: Garganacl|66/100|[from] item: Leftovers
|-damage|p1a: Scrafty|88/100|[from] Salt Cure
|upkeep
|turn|14
|
|t:|1743912975
|move|p2a: Garganacl|Protect|p2a: Garganacl
|-singleturn|p2a: Garganacl|Protect
|move|p1a: Scrafty|Drain Punch|p2a: Garganacl
|-activate|p2a: Garganacl|move: Protect
|
|-heal|p1a: Scrafty|94/100|[from] item: Leftovers
|-heal|p2a: Garganacl|72/100|[from] item: Leftovers
|-damage|p1a: Scrafty|82/100|[from] Salt Cure
|upkeep
|turn|15
|
|t:|1743912980
|move|p1a: Scrafty|Knock Off|p2a: Garganacl
|-damage|p2a: Garganacl|26/100
|-enditem|p2a: Garganacl|Leftovers|[from] move: Knock Off|[of] p1a: Scrafty
|move|p2a: Garganacl|Stealth Rock|p1a: Scrafty
|-sidestart|p1: herosfan|move: Stealth Rock
|
|-heal|p1a: Scrafty|88/100|[from] item: Leftovers
|-damage|p1a: Scrafty|75/100|[from] Salt Cure
|upkeep
|turn|16
|
|t:|1743912985
|move|p2a: Garganacl|Protect|p2a: Garganacl
|-singleturn|p2a: Garganacl|Protect
|move|p1a: Scrafty|Dragon Dance|p1a: Scrafty
|-boost|p1a: Scrafty|atk|1
|-boost|p1a: Scrafty|spe|1
|
|-heal|p1a: Scrafty|81/100|[from] item: Leftovers
|-damage|p1a: Scrafty|69/100|[from] Salt Cure
|upkeep
|turn|17
|
|t:|1743913006
|move|p2a: Garganacl|Protect|p2a: Garganacl
|-singleturn|p2a: Garganacl|Protect
|move|p1a: Scrafty|Drain Punch|p2a: Garganacl
|-activate|p2a: Garganacl|move: Protect
|
|-heal|p1a: Scrafty|75/100|[from] item: Leftovers
|-damage|p1a: Scrafty|63/100|[from] Salt Cure
|upkeep
|turn|18
|inactive|Mook_man22 has 120 seconds left.
|
|t:|1743913044
|move|p1a: Scrafty|Knock Off|p2a: Garganacl
|-damage|p2a: Garganacl|0 fnt
|faint|p2a: Garganacl
|
|-heal|p1a: Scrafty|69/100|[from] item: Leftovers
|-damage|p1a: Scrafty|56/100|[from] Salt Cure
|upkeep
|
|t:|1743913049
|switch|p2a: Azumarill|Azumarill, F|100/100
|turn|19
|
|t:|1743913061
|-terastallize|p1a: Scrafty|Poison
|move|p2a: Azumarill|Aqua Jet|p1a: Scrafty
|-damage|p1a: Scrafty|32/100
|move|p1a: Scrafty|Poison Jab|p2a: Azumarill
|-supereffective|p2a: Azumarill
|-damage|p2a: Azumarill|0 fnt
|faint|p2a: Azumarill
|
|-heal|p1a: Scrafty|38/100|[from] item: Leftovers
|-damage|p1a: Scrafty|25/100|[from] Salt Cure
|upkeep
|inactive|Mook_man22 has 120 seconds left.
|
|t:|1743913081
|switch|p2a: Enamorus|Enamorus, F|100/100
|turn|20
|
|t:|1743913086
|move|p1a: Scrafty|Poison Jab|p2a: Enamorus
|-supereffective|p2a: Enamorus
|-damage|p2a: Enamorus|0 fnt
|faint|p2a: Enamorus
|
|-heal|p1a: Scrafty|31/100|[from] item: Leftovers
|-damage|p1a: Scrafty|19/100|[from] Salt Cure
|upkeep
|
|t:|1743913088
|switch|p2a: Dragapult|Dragapult, F, tera:Ghost|100/100
|turn|21
|
|t:|1743913091
|move|p1a: Scrafty|Knock Off|p2a: Dragapult
|-supereffective|p2a: Dragapult
|-damage|p2a: Dragapult|0 fnt
|-enditem|p2a: Dragapult|Choice Band|[from] move: Knock Off|[of] p1a: Scrafty
|faint|p2a: Dragapult
|
|win|herosfan
|raw|herosfan's rating: 1198 &rarr; <strong>1225</strong><br />(+27 for winning)
|raw|Mook_man22's rating: 1229 &rarr; <strong>1202</strong><br />(-27 for losing)
