|j|☆xMUSLiM_LOVEx
|j|☆RAGHA BLAGHA
|t:|1743779752
|gametype|singles
|player|p1|xMUSLiM_LOVEx|266|1361
|player|p2|RAGHA BLAGHA|brycenman|1377
|teamsize|p1|6
|teamsize|p2|6
|gen|9
|tier|[Gen 9] OU
|rated|
|rule|HP Percentage Mod: HP is shown in percentages
|rule|Endless Battle Clause: Forcing endless battles is banned
|rule|Species Clause: Limit one of each Pokémon
|rule|OHKO Clause: OHKO moves are banned
|rule|Evasion Items Clause: Evasion items are banned
|rule|Evasion Moves Clause: Evasion moves are banned
|rule|Sleep Moves Clause: Sleep-inducing moves are banned
|clearpoke
|poke|p1|Araquanid, M|
|poke|p1|Raging Bolt|
|poke|p1|Iron Moth|
|poke|p1|Great Tusk|
|poke|p1|Gholdengo|
|poke|p1|Kingambit, M|
|poke|p2|Ting-Lu|
|poke|p2|Tinkaton, F|
|poke|p2|Ogerpon-Wellspring, F|
|poke|p2|Ceruledge, F|
|poke|p2|Dragalge, F|
|poke|p2|Landorus-Therian, M|
|teampreview
|c|☆xMUSLiM_LOVEx|glhf
|inactive|Battle timer is ON: inactive players will automatically lose when time's up. (requested by xMUSLiM_LOVEx)
|inactive|RAGHA BLAGHA has 120 seconds left.
|
|t:|1743779799
|start
|switch|p1a: Araquanid|Araquanid, M|100/100
|switch|p2a: Landorus|Landorus-Therian, M|100/100
|-ability|p2a: Landorus|Intimidate|boost
|-unboost|p1a: Araquanid|atk|1
|turn|1
|inactive|RAGHA BLAGHA has 120 seconds left.
|
|t:|1743779832
|-terastallize|p2a: Landorus|Flying
|move|p2a: Landorus|Tera Blast|p1a: Araquanid|[anim] Tera Blast Flying
|-supereffective|p1a: Araquanid
|-damage|p1a: Araquanid|0 fnt
|faint|p1a: Araquanid
|
|upkeep
|
|t:|1743779842
|switch|p1a: Raging Bolt|Raging Bolt|100/100
|-enditem|p1a: Raging Bolt|Booster Energy
|-activate|p1a: Raging Bolt|ability: Protosynthesis|[fromitem]
|-start|p1a: Raging Bolt|protosynthesisspa
|turn|2
|
|t:|1743779847
|switch|p2a: Ting-Lu|Ting-Lu|100/100
|-ability|p2a: Ting-Lu|Vessel of Ruin
|-terastallize|p1a: Raging Bolt|Bug
|move|p1a: Raging Bolt|Calm Mind|p1a: Raging Bolt
|-boost|p1a: Raging Bolt|spa|1
|-boost|p1a: Raging Bolt|spd|1
|
|upkeep
|turn|3
|
|t:|1743779852
|move|p1a: Raging Bolt|Dragon Pulse|p2a: Ting-Lu
|-damage|p2a: Ting-Lu|62/100
|move|p2a: Ting-Lu|Whirlwind|p1a: Raging Bolt
|-end|p1a: Raging Bolt|Protosynthesis|[silent]
|drag|p1a: Iron Moth|Iron Moth|100/100
|-enditem|p1a: Iron Moth|Booster Energy
|-activate|p1a: Iron Moth|ability: Quark Drive|[fromitem]
|-start|p1a: Iron Moth|quarkdrivespa
|
|upkeep
|turn|4
|
|t:|1743779858
|move|p1a: Iron Moth|Dazzling Gleam|p2a: Ting-Lu
|-supereffective|p2a: Ting-Lu
|-damage|p2a: Ting-Lu|31/100
|move|p2a: Ting-Lu|Spikes|p1a: Iron Moth
|-sidestart|p1: xMUSLiM_LOVEx|Spikes
|
|upkeep
|turn|5
|
|t:|1743779868
|switch|p2a: Dragalge|Dragalge, F|100/100
|move|p1a: Iron Moth|Fiery Dance|p2a: Dragalge
|-resisted|p2a: Dragalge
|-damage|p2a: Dragalge|77/100
|
|upkeep
|turn|6
|
|t:|1743779878
|move|p1a: Iron Moth|Psychic|p2a: Dragalge
|-supereffective|p2a: Dragalge
|-damage|p2a: Dragalge|3/100
|-unboost|p2a: Dragalge|spd|1
|move|p2a: Dragalge|Draco Meteor|p1a: Iron Moth
|-crit|p1a: Iron Moth
|-damage|p1a: Iron Moth|0 fnt
|-unboost|p2a: Dragalge|spa|2
|faint|p1a: Iron Moth
|-end|p1a: Iron Moth|Quark Drive|[silent]
|
|upkeep
|
|t:|1743779889
|switch|p1a: Raging Bolt|Raging Bolt, tera:Bug|100/100
|-damage|p1a: Raging Bolt|88/100|[from] Spikes
|turn|7
|
|t:|1743779892
|move|p1a: Raging Bolt|Calm Mind|p1a: Raging Bolt
|-boost|p1a: Raging Bolt|spa|1
|-boost|p1a: Raging Bolt|spd|1
|move|p2a: Dragalge|Draco Meteor|p1a: Raging Bolt
|-damage|p1a: Raging Bolt|46/100
|-unboost|p2a: Dragalge|spa|2
|
|upkeep
|turn|8
|
|t:|1743779903
|move|p1a: Raging Bolt|Thunderbolt|p2a: Dragalge
|-resisted|p2a: Dragalge
|-damage|p2a: Dragalge|0 fnt
|faint|p2a: Dragalge
|
|upkeep
|
|t:|1743779906
|switch|p2a: Tinkaton|Tinkaton, F|100/100
|-item|p2a: Tinkaton|Air Balloon
|turn|9
|
|t:|1743779910
|move|p2a: Tinkaton|Thunder Wave|p1a: Raging Bolt
|-status|p1a: Raging Bolt|par
|move|p1a: Raging Bolt|Thunderbolt|p2a: Tinkaton
|-damage|p2a: Tinkaton|26/100
|-enditem|p2a: Tinkaton|Air Balloon
|
|upkeep
|turn|10
|
|t:|1743779921
|move|p1a: Raging Bolt|Thunderclap||[still]
|-fail|p1a: Raging Bolt
|move|p2a: Tinkaton|Encore|p1a: Raging Bolt
|-start|p1a: Raging Bolt|Encore
|
|upkeep
|turn|11
|-message|xMUSLiM_LOVEx forfeited.
|
|win|RAGHA BLAGHA
|raw|xMUSLiM_LOVEx's rating: 1361 &rarr; <strong>1342</strong><br />(-19 for losing)
|raw|RAGHA BLAGHA's rating: 1377 &rarr; <strong>1396</strong><br />(+19 for winning)
|l|☆xMUSLiM_LOVEx
|player|p1|
|l|☆RAGHA BLAGHA
|player|p2|
