|j|☆Dribblz
|j|☆KurbyK14
|t:|1743829229
|gametype|singles
|player|p1|Dribblz|roxanne|1231
|player|p2|KurbyK14|pokemonranger-gen4|1249
|teamsize|p1|6
|teamsize|p2|6
|gen|9
|tier|[Gen 9] OU
|rated|
|rule|HP Percentage Mod: HP is shown in percentages
|rule|Endless Battle Clause: Forcing endless battles is banned
|rule|Species Clause: Limit one of each Pokémon
|rule|OHKO Clause: OHKO moves are banned
|rule|Evasion Items Clause: Evasion items are banned
|rule|Evasion Moves Clause: Evasion moves are banned
|rule|Sleep Moves Clause: Sleep-inducing moves are banned
|clearpoke
|poke|p1|Samurott-Hisui, M|
|poke|p1|Iron Valiant|
|poke|p1|Bisharp, M|
|poke|p1|Ceruledge, M|
|poke|p1|Kleavor, M|
|poke|p1|Corviknight, F|
|poke|p2|Leavanny, M|
|poke|p2|Torkoal, M|
|poke|p2|Walking Wake|
|poke|p2|Great Tusk|
|poke|p2|Venusaur, F|
|poke|p2|Ceruledge, F|
|teampreview
|inactive|Battle timer is ON: inactive players will automatically lose when time's up. (requested by Dribblz)
|
|t:|1743829242
|start
|switch|p1a: Kleavor|Kleavor, M|100/100
|switch|p2a: Torkoal|Torkoal, M|100/100
|-weather|SunnyDay|[from] ability: Drought|[of] p2a: Torkoal
|turn|1
|
|t:|1743829256
|move|p1a: Kleavor|Stone Axe|p2a: Torkoal
|-supereffective|p2a: Torkoal
|-damage|p2a: Torkoal|42/100
|-sidestart|p2: KurbyK14|move: Stealth Rock
|move|p2a: Torkoal|Will-O-Wisp|p1a: Kleavor
|-status|p1a: Kleavor|brn
|
|-weather|SunnyDay|[upkeep]
|-damage|p1a: Kleavor|94/100 brn|[from] brn
|upkeep
|turn|2
|
|t:|1743829271
|switch|p2a: Great Tusk|Great Tusk|100/100
|-damage|p2a: Great Tusk|98/100|[from] Stealth Rock
|-activate|p2a: Great Tusk|ability: Protosynthesis
|-start|p2a: Great Tusk|protosynthesisatk
|move|p1a: Kleavor|U-turn|p2a: Great Tusk
|-resisted|p2a: Great Tusk
|-damage|p2a: Great Tusk|90/100
|-damage|p1a: Kleavor|78/100 brn|[from] item: Rocky Helmet|[of] p2a: Great Tusk
|
|t:|1743829280
|switch|p1a: Iron Valiant|Iron Valiant|100/100|[from] U-turn
|-enditem|p1a: Iron Valiant|Booster Energy
|-activate|p1a: Iron Valiant|ability: Quark Drive|[fromitem]
|-start|p1a: Iron Valiant|quarkdrivespe
|
|-weather|SunnyDay|[upkeep]
|upkeep
|turn|3
|
|t:|1743829302
|-terastallize|p2a: Great Tusk|Steel
|move|p1a: Iron Valiant|Dazzling Gleam|p2a: Great Tusk
|-resisted|p2a: Great Tusk
|-damage|p2a: Great Tusk|58/100
|move|p2a: Great Tusk|Headlong Rush|p1a: Iron Valiant
|-damage|p1a: Iron Valiant|0 fnt
|-unboost|p2a: Great Tusk|def|1
|-unboost|p2a: Great Tusk|spd|1
|faint|p1a: Iron Valiant
|-end|p1a: Iron Valiant|Quark Drive|[silent]
|
|-weather|SunnyDay|[upkeep]
|upkeep
|
|t:|1743829322
|switch|p1a: Samurott|Samurott-Hisui, M|100/100
|turn|4
|
|t:|1743829332
|move|p1a: Samurott|Ceaseless Edge|p2a: Great Tusk
|-damage|p2a: Great Tusk|12/100
|-damage|p1a: Samurott|84/100|[from] item: Rocky Helmet|[of] p2a: Great Tusk
|-sidestart|p2: KurbyK14|Spikes
|move|p2a: Great Tusk|Rapid Spin|p1a: Samurott
|-damage|p1a: Samurott|55/100
|-boost|p2a: Great Tusk|spe|1
|-sideend|p2: KurbyK14|Spikes|[from] move: Rapid Spin|[of] p2a: Great Tusk
|-sideend|p2: KurbyK14|Stealth Rock|[from] move: Rapid Spin|[of] p2a: Great Tusk
|
|-weather|SunnyDay|[upkeep]
|upkeep
|turn|5
|
|t:|1743829345
|move|p2a: Great Tusk|Headlong Rush|p1a: Samurott
|-damage|p1a: Samurott|0 fnt
|-unboost|p2a: Great Tusk|def|1
|-unboost|p2a: Great Tusk|spd|1
|faint|p1a: Samurott
|
|-weather|SunnyDay|[upkeep]
|upkeep
|
|t:|1743829355
|switch|p1a: Bisharp|Bisharp, M|100/100
|turn|6
|c|☆Dribblz|Bother
|
|t:|1743829369
|-end|p2a: Great Tusk|Protosynthesis|[silent]
|switch|p2a: Leavanny|Leavanny, M|100/100
|move|p1a: Bisharp|Sucker Punch||[still]
|-fail|p1a: Bisharp
|
|-weather|SunnyDay|[upkeep]
|upkeep
|turn|7
|
|t:|1743829386
|move|p2a: Leavanny|Low Kick|p1a: Bisharp
|-supereffective|p1a: Bisharp
|-damage|p1a: Bisharp|46/100
|move|p1a: Bisharp|Iron Head|p2a: Leavanny
|-damage|p2a: Leavanny|52/100
|
|-weather|SunnyDay|[upkeep]
|upkeep
|turn|8
|
|t:|1743829394
|move|p2a: Leavanny|Sticky Web|p1a: Bisharp
|-sidestart|p1: Dribblz|move: Sticky Web
|move|p1a: Bisharp|Swords Dance|p1a: Bisharp
|-boost|p1a: Bisharp|atk|2
|
|-weather|none
|upkeep
|turn|9
|
|t:|1743829403
|move|p2a: Leavanny|Low Kick|p1a: Bisharp
|-supereffective|p1a: Bisharp
|-damage|p1a: Bisharp|0 fnt
|faint|p1a: Bisharp
|
|upkeep
|
|t:|1743829409
|switch|p1a: Ceruledge|Ceruledge, M, shiny|100/100
|-activate|p1a: Ceruledge|move: Sticky Web
|-unboost|p1a: Ceruledge|spe|1
|turn|10
|
|t:|1743829419
|move|p2a: Leavanny|Leaf Storm|p1a: Ceruledge
|-resisted|p1a: Ceruledge
|-damage|p1a: Ceruledge|90/100
|-unboost|p2a: Leavanny|spa|2
|-enditem|p2a: Leavanny|Eject Pack
|
|t:|1743829430
|switch|p2a: Torkoal|Torkoal, M|42/100
|-weather|SunnyDay|[from] ability: Drought|[of] p2a: Torkoal
|move|p1a: Ceruledge|Poison Jab|p2a: Torkoal
|-damage|p2a: Torkoal|28/100
|-status|p2a: Torkoal|psn
|
|-weather|SunnyDay|[upkeep]
|-damage|p2a: Torkoal|16/100 psn|[from] psn
|upkeep
|turn|11
|
|t:|1743829446
|move|p1a: Ceruledge|Shadow Claw|p2a: Torkoal
|-damage|p2a: Torkoal|0 fnt
|faint|p2a: Torkoal
|
|-weather|SunnyDay|[upkeep]
|upkeep
|
|t:|1743829451
|switch|p2a: Walking Wake|Walking Wake|100/100
|-activate|p2a: Walking Wake|ability: Protosynthesis
|-start|p2a: Walking Wake|protosynthesisspa
|turn|12
|
|t:|1743829461
|-terastallize|p1a: Ceruledge|Ice
|move|p2a: Walking Wake|Hydro Steam|p1a: Ceruledge
|-damage|p1a: Ceruledge|24/100
|move|p1a: Ceruledge|Tera Blast|p2a: Walking Wake|[anim] Tera Blast Ice
|-damage|p2a: Walking Wake|62/100
|
|-weather|SunnyDay|[upkeep]
|upkeep
|turn|13
|-message|Dribblz forfeited.
|
|win|KurbyK14
|raw|Dribblz's rating: 1231 &rarr; <strong>1207</strong><br />(-24 for losing)
|raw|KurbyK14's rating: 1249 &rarr; <strong>1273</strong><br />(+24 for winning)
|l|☆Dribblz
|player|p1|
|l|☆KurbyK14
|player|p2|
