|j|☆A KlNG
|j|☆showbegin
|t:|1743826042
|gametype|singles
|player|p1|A KlNG|archie-gen3|1466
|player|p2|showbegin|lucas|1504
|teamsize|p1|6
|teamsize|p2|6
|gen|9
|tier|[Gen 9] OU
|rated|
|rule|HP Percentage Mod: HP is shown in percentages
|rule|Endless Battle Clause: Forcing endless battles is banned
|rule|Species Clause: Limit one of each Pokémon
|rule|OHKO Clause: OHKO moves are banned
|rule|Evasion Items Clause: Evasion items are banned
|rule|Evasion Moves Clause: Evasion moves are banned
|rule|Sleep Moves Clause: Sleep-inducing moves are banned
|clearpoke
|poke|p1|Darkrai|
|poke|p1|Kyurem|
|poke|p1|Iron Crown|
|poke|p1|Moltres-Galar|
|poke|p1|Ursaluna, F|
|poke|p1|Enamorus, F|
|poke|p2|Gholdengo|
|poke|p2|Slowking-Galar, M|
|poke|p2|Mandibuzz, F|
|poke|p2|Primarina, F|
|poke|p2|Landorus-Therian, M|
|poke|p2|Dragonite, F|
|teampreview
|inactive|Battle timer is ON: inactive players will automatically lose when time's up. (requested by showbegin)
|
|t:|1743826060
|start
|switch|p1a: Darkrai|Darkrai|100/100
|switch|p2a: Primarina|Primarina, F|100/100
|turn|1
|
|t:|1743826063
|move|p1a: Darkrai|Sludge Bomb|p2a: Primarina
|-supereffective|p2a: Primarina
|-damage|p2a: Primarina|67/100
|move|p2a: Primarina|Moonblast|p1a: Darkrai
|-supereffective|p1a: Darkrai
|-enditem|p1a: Darkrai|Focus Sash
|-damage|p1a: Darkrai|1/100
|
|upkeep
|turn|2
|
|t:|1743826071
|switch|p2a: Slowking|Slowking-Galar, M|100/100
|move|p1a: Darkrai|Sludge Bomb|p2a: Slowking
|-resisted|p2a: Slowking
|-damage|p2a: Slowking|92/100
|
|upkeep
|turn|3
|
|t:|1743826074
|move|p1a: Darkrai|Dark Pulse|p2a: Slowking
|-supereffective|p2a: Slowking
|-damage|p2a: Slowking|42/100
|move|p2a: Slowking|Sludge Bomb|p1a: Darkrai
|-damage|p1a: Darkrai|0 fnt
|faint|p1a: Darkrai
|
|upkeep
|
|t:|1743826080
|switch|p1a: Ursaluna|Ursaluna, F|100/100
|turn|4
|
|t:|1743826083
|switch|p2a: Mandibuzz|Mandibuzz, F|100/100
|move|p1a: Ursaluna|Swords Dance|p1a: Ursaluna
|-boost|p1a: Ursaluna|atk|2
|
|-status|p1a: Ursaluna|brn|[from] item: Flame Orb
|upkeep
|turn|5
|
|t:|1743826085
|move|p1a: Ursaluna|Facade|p2a: Mandibuzz
|-damage|p2a: Mandibuzz|0 fnt
|faint|p2a: Mandibuzz
|
|-damage|p1a: Ursaluna|94/100 brn|[from] brn
|upkeep
|
|t:|1743826093
|switch|p2a: Landorus|Landorus-Therian, M|100/100
|-ability|p2a: Landorus|Intimidate|boost
|-unboost|p1a: Ursaluna|atk|1
|turn|6
|
|t:|1743826096
|move|p2a: Landorus|Grass Knot|p1a: Ursaluna
|-supereffective|p1a: Ursaluna
|-damage|p1a: Ursaluna|34/100 brn
|move|p1a: Ursaluna|Facade|p2a: Landorus
|-damage|p2a: Landorus|0 fnt
|-damage|p1a: Ursaluna|18/100 brn|[from] item: Rocky Helmet|[of] p2a: Landorus
|faint|p2a: Landorus
|
|-damage|p1a: Ursaluna|12/100 brn|[from] brn
|upkeep
|
|t:|1743826102
|switch|p2a: Dragonite|Dragonite, F|100/100
|turn|7
|
|t:|1743826107
|move|p2a: Dragonite|Earthquake|p1a: Ursaluna
|-damage|p1a: Ursaluna|0 fnt
|faint|p1a: Ursaluna
|
|upkeep
|
|t:|1743826110
|switch|p1a: Enamorus|Enamorus, F|100/100
|turn|8
|
|t:|1743826116
|switch|p1a: Iron Crown|Iron Crown|100/100
|-enditem|p1a: Iron Crown|Booster Energy
|-activate|p1a: Iron Crown|ability: Quark Drive|[fromitem]
|-start|p1a: Iron Crown|quarkdrivespe
|switch|p2a: Slowking|Slowking-Galar, M|76/100
|
|upkeep
|turn|9
|
|t:|1743826121
|move|p1a: Iron Crown|Calm Mind|p1a: Iron Crown
|-boost|p1a: Iron Crown|spa|1
|-boost|p1a: Iron Crown|spd|1
|-prepare|p2a: Slowking|Chilly Reception|[premajor]
|move|p2a: Slowking|Chilly Reception|p2a: Slowking
|-weather|Snowscape
|
|t:|1743826125
|switch|p2a: Dragonite|Dragonite, F|100/100|[from] Chilly Reception
|
|-weather|Snowscape|[upkeep]
|upkeep
|turn|10
|
|t:|1743826130
|move|p1a: Iron Crown|Tachyon Cutter|p2a: Dragonite
|-damage|p2a: Dragonite|84/100
|-damage|p2a: Dragonite|44/100
|-hitcount|p2a: Dragonite|2
|move|p2a: Dragonite|Dragon Dance|p2a: Dragonite
|-boost|p2a: Dragonite|atk|1
|-boost|p2a: Dragonite|spe|1
|
|-weather|Snowscape|[upkeep]
|upkeep
|turn|11
|
|t:|1743826138
|move|p1a: Iron Crown|Tachyon Cutter|p2a: Dragonite
|-damage|p2a: Dragonite|4/100
|-damage|p2a: Dragonite|0 fnt
|faint|p2a: Dragonite
|-hitcount|p2: Dragonite|2
|
|-weather|Snowscape|[upkeep]
|upkeep
|
|t:|1743826141
|switch|p2a: Gholdengo|Gholdengo|100/100
|turn|12
|
|t:|1743826146
|move|p1a: Iron Crown|Calm Mind|p1a: Iron Crown
|-boost|p1a: Iron Crown|spa|1
|-boost|p1a: Iron Crown|spd|1
|move|p2a: Gholdengo|Nasty Plot|p2a: Gholdengo
|-boost|p2a: Gholdengo|spa|2
|
|-weather|Snowscape|[upkeep]
|upkeep
|turn|13
|
|t:|1743826153
|-terastallize|p1a: Iron Crown|Water
|move|p1a: Iron Crown|Tera Blast|p2a: Gholdengo|[anim] Tera Blast Water
|-damage|p2a: Gholdengo|29/100
|move|p2a: Gholdengo|Shadow Ball|p1a: Iron Crown
|-damage|p1a: Iron Crown|66/100
|
|-weather|none
|upkeep
|turn|14
|-message|showbegin forfeited.
|
|win|A KlNG
|raw|A KlNG's rating: 1466 &rarr; <strong>1488</strong><br />(+22 for winning)
|raw|showbegin's rating: 1504 &rarr; <strong>1482</strong><br />(-22 for losing)
|l|☆showbegin
|player|p2|
|l|☆A KlNG
|player|p1|
