|j|☆TKDanixx13
|j|☆Dadhurtme
|t:|1743856643
|gametype|singles
|player|p1|TKDanixx13|steven|1089
|player|p2|Dadhurtme|265|1062
|teamsize|p1|6
|teamsize|p2|6
|gen|9
|tier|[Gen 9] OU
|rated|
|rule|HP Percentage Mod: HP is shown in percentages
|rule|Endless Battle Clause: Forcing endless battles is banned
|rule|Species Clause: Limit one of each Pokémon
|rule|OHKO Clause: OHKO moves are banned
|rule|Evasion Items Clause: Evasion items are banned
|rule|Evasion Moves Clause: Evasion moves are banned
|rule|Sleep Moves Clause: Sleep-inducing moves are banned
|clearpoke
|poke|p1|Arcanine, F|
|poke|p1|Vileplume, F|
|poke|p1|Azumarill, F|
|poke|p1|Metagross|
|poke|p1|Weavile, F|
|poke|p1|Gliscor, M|
|poke|p2|Maushold|
|poke|p2|Oricorio, M|
|poke|p2|Garchomp, M|
|poke|p2|Iron Crown|
|poke|p2|Comfey, M|
|poke|p2|Volcanion|
|teampreview
|inactive|Battle timer is ON: inactive players will automatically lose when time's up. (requested by TKDanixx13)
|
|t:|1743856649
|start
|switch|p1a: Azumarill|Azumarill, F, shiny|100/100
|switch|p2a: Oricorio|Oricorio, M, shiny|100/100
|turn|1
|
|t:|1743856657
|switch|p2a: Volcanion|Volcanion|100/100
|move|p1a: Azumarill|Belly Drum|p1a: Azumarill
|-damage|p1a: Azumarill|51/100
|-setboost|p1a: Azumarill|atk|6|[from] move: Belly Drum
|
|upkeep
|turn|2
|
|t:|1743856665
|move|p2a: Volcanion|Will-O-Wisp|p1a: Azumarill
|-status|p1a: Azumarill|brn
|move|p1a: Azumarill|Play Rough|p2a: Volcanion
|-resisted|p2a: Volcanion
|-damage|p2a: Volcanion|66/100
|
|-heal|p2a: Volcanion|72/100|[from] item: Leftovers
|-damage|p1a: Azumarill|44/100 brn|[from] brn
|upkeep
|-enditem|p1a: Azumarill|Sitrus Berry|[eat]
|-heal|p1a: Azumarill|69/100 brn|[from] item: Sitrus Berry
|turn|3
|
|t:|1743856682
|-terastallize|p1a: Azumarill|Fairy
|move|p2a: Volcanion|Fire Spin|p1a: Azumarill
|-damage|p1a: Azumarill|52/100 brn
|-activate|p1a: Azumarill|move: Fire Spin|[of] p2a: Volcanion
|move|p1a: Azumarill|Play Rough|p2a: Volcanion
|-resisted|p2a: Volcanion
|-damage|p2a: Volcanion|27/100
|
|-heal|p2a: Volcanion|33/100|[from] item: Leftovers
|-damage|p1a: Azumarill|46/100 brn|[from] brn
|-damage|p1a: Azumarill|34/100 brn|[from] move: Fire Spin|[partiallytrapped]
|upkeep
|turn|4
|
|t:|1743856696
|move|p2a: Volcanion|Scald|p1a: Azumarill
|-damage|p1a: Azumarill|0 fnt
|faint|p1a: Azumarill
|
|-heal|p2a: Volcanion|39/100|[from] item: Leftovers
|upkeep
|
|t:|1743856704
|switch|p1a: Gliscor|Gliscor, M, shiny|100/100
|turn|5
|
|t:|1743856714
|move|p1a: Gliscor|Earthquake|p2a: Volcanion
|-supereffective|p2a: Volcanion
|-damage|p2a: Volcanion|0 fnt
|faint|p2a: Volcanion
|
|-status|p1a: Gliscor|tox|[from] item: Toxic Orb
|upkeep
|
|t:|1743856723
|switch|p2a: Oricorio|Oricorio, M, shiny|100/100
|turn|6
|
|t:|1743856736
|move|p2a: Oricorio|Quiver Dance|p2a: Oricorio
|-boost|p2a: Oricorio|spa|1
|-boost|p2a: Oricorio|spd|1
|-boost|p2a: Oricorio|spe|1
|move|p1a: Gliscor|Earthquake|p2a: Oricorio
|-immune|p2a: Oricorio
|
|upkeep
|turn|7
|
|t:|1743856754
|move|p2a: Oricorio|Icy Wind|p1a: Gliscor
|-supereffective|p1a: Gliscor
|-damage|p1a: Gliscor|0 fnt
|faint|p1a: Gliscor
|
|upkeep
|
|t:|1743856767
|switch|p1a: Arcanine|Arcanine, F, shiny|100/100
|-ability|p1a: Arcanine|Intimidate|boost
|-unboost|p2a: Oricorio|atk|1
|turn|8
|
|t:|1743856771
|move|p2a: Oricorio|Air Slash|p1a: Arcanine
|-crit|p1a: Arcanine
|-damage|p1a: Arcanine|7/100
|move|p1a: Arcanine|Wild Charge|p2a: Oricorio
|-supereffective|p2a: Oricorio
|-damage|p2a: Oricorio|5/100
|-damage|p1a: Arcanine|0 fnt|[from] Recoil
|faint|p1a: Arcanine
|
|upkeep
|
|t:|1743856778
|switch|p1a: Metagross|Metagross, shiny|100/100
|-item|p1a: Metagross|Air Balloon
|turn|9
|
|t:|1743856784
|move|p1a: Metagross|Bullet Punch|p2a: Oricorio
|-resisted|p2a: Oricorio
|-damage|p2a: Oricorio|0 fnt
|faint|p2a: Oricorio
|
|upkeep
|
|t:|1743856793
|switch|p2a: Garchomp|Garchomp, M|100/100
|turn|10
|
|t:|1743856800
|move|p2a: Garchomp|Swords Dance|p2a: Garchomp
|-boost|p2a: Garchomp|atk|2
|move|p1a: Metagross|Zen Headbutt|p2a: Garchomp
|-damage|p2a: Garchomp|59/100
|-damage|p1a: Metagross|88/100|[from] ability: Rough Skin|[of] p2a: Garchomp
|-damage|p1a: Metagross|72/100|[from] item: Rocky Helmet|[of] p2a: Garchomp
|
|upkeep
|turn|11
|
|t:|1743856809
|move|p2a: Garchomp|Earthquake|p1a: Metagross
|-immune|p1a: Metagross
|move|p1a: Metagross|Zen Headbutt|p2a: Garchomp
|-damage|p2a: Garchomp|21/100
|-damage|p1a: Metagross|59/100|[from] ability: Rough Skin|[of] p2a: Garchomp
|-damage|p1a: Metagross|43/100|[from] item: Rocky Helmet|[of] p2a: Garchomp
|
|upkeep
|turn|12
|
|t:|1743856819
|move|p2a: Garchomp|Liquidation|p1a: Metagross
|-damage|p1a: Metagross|7/100
|-enditem|p1a: Metagross|Air Balloon
|move|p1a: Metagross|Zen Headbutt|p2a: Garchomp
|-damage|p2a: Garchomp|0 fnt
|-damage|p1a: Metagross|0 fnt|[from] ability: Rough Skin|[of] p2a: Garchomp
|faint|p2a: Garchomp
|faint|p1a: Metagross
|
|upkeep
|
|t:|1743856845
|switch|p2a: Iron Crown|Iron Crown|100/100
|switch|p1a: Weavile|Weavile, F, shiny|100/100
|-enditem|p2a: Iron Crown|Booster Energy
|-activate|p2a: Iron Crown|ability: Quark Drive|[fromitem]
|-start|p2a: Iron Crown|quarkdrivespa
|turn|13
|
|t:|1743856858
|move|p1a: Weavile|Fake Out|p2a: Iron Crown
|-resisted|p2a: Iron Crown
|-damage|p2a: Iron Crown|94/100
|cant|p2a: Iron Crown|flinch
|
|upkeep
|turn|14
|
|t:|1743856864
|move|p1a: Weavile|Knock Off|p2a: Iron Crown
|-supereffective|p2a: Iron Crown
|-damage|p2a: Iron Crown|33/100
|move|p2a: Iron Crown|Tachyon Cutter|p1a: Weavile
|-supereffective|p1a: Weavile
|-damage|p1a: Weavile|14/100
|-supereffective|p1a: Weavile
|-damage|p1a: Weavile|0 fnt
|faint|p1a: Weavile
|-hitcount|p1: Weavile|2
|
|upkeep
|
|t:|1743856871
|switch|p1a: Vileplume|Vileplume, F, shiny|100/100
|turn|15
|
|t:|1743856879
|move|p2a: Iron Crown|Psyshock|p1a: Vileplume
|-supereffective|p1a: Vileplume
|-damage|p1a: Vileplume|0 fnt
|faint|p1a: Vileplume
|
|win|Dadhurtme
|raw|TKDanixx13's rating: 1089 &rarr; <strong>1064</strong><br />(-25 for losing)
|raw|Dadhurtme's rating: 1062 &rarr; <strong>1095</strong><br />(+33 for winning)
|l|☆TKDanixx13
|player|p1|
|l|☆Dadhurtme
|player|p2|
