|j|☆Yecity
|j|☆creggles
|t:|1743912460
|gametype|singles
|player|p1|Yecity|rosa|1334
|player|p2|creggles|170|1329
|teamsize|p1|6
|teamsize|p2|6
|gen|9
|tier|[Gen 9] OU
|rated|
|rule|HP Percentage Mod: HP is shown in percentages
|rule|Endless Battle Clause: Forcing endless battles is banned
|rule|Species Clause: Limit one of each Pokémon
|rule|OHKO Clause: OHKO moves are banned
|rule|Evasion Items Clause: Evasion items are banned
|rule|Evasion Moves Clause: Evasion moves are banned
|rule|Sleep Moves Clause: Sleep-inducing moves are banned
|clearpoke
|poke|p1|Meowscarada, M|
|poke|p1|Dragapult, F|
|poke|p1|Samurott-Hisui, M|
|poke|p1|Iron Crown|
|poke|p1|Hydreigon, F|
|poke|p1|Skeledirge, F|
|poke|p2|Toxapex, M|
|poke|p2|Dragapult, M|
|poke|p2|Garchomp, M|
|poke|p2|Cinderace, F|
|poke|p2|Iron Crown|
|poke|p2|Slowking-Galar, F|
|teampreview
|inactive|Battle timer is ON: inactive players will automatically lose when time's up. (requested by Yecity)
|
|t:|1743912479
|start
|switch|p1a: Samurott|Samurott-Hisui, M|100/100
|switch|p2a: Cinderace|Cinderace, F, shiny|100/100
|turn|1
|
|t:|1743912490
|move|p2a: Cinderace|High Jump Kick|p1a: Samurott
|-start|p2a: Cinderace|typechange|Fighting|[from] ability: Libero
|-supereffective|p1a: Samurott
|-enditem|p1a: Samurott|Focus Sash
|-damage|p1a: Samurott|1/100
|move|p1a: Samurott|Ceaseless Edge|p2a: Cinderace
|-resisted|p2a: Cinderace
|-damage|p2a: Cinderace|69/100
|-sidestart|p2: creggles|Spikes
|
|upkeep
|turn|2
|
|t:|1743912510
|switch|p2a: Garchomp|Garchomp, M, shiny|100/100
|-damage|p2a: Garchomp|88/100|[from] Spikes
|move|p1a: Samurott|Razor Shell|p2a: Garchomp
|-damage|p2a: Garchomp|59/100
|-unboost|p2a: Garchomp|def|1
|-damage|p1a: Samurott|0 fnt|[from] ability: Rough Skin|[of] p2a: Garchomp
|faint|p1a: Samurott
|
|upkeep
|
|t:|1743912523
|switch|p1a: Dragapult|Dragapult, F|100/100
|turn|3
|
|t:|1743912530
|-terastallize|p2a: Garchomp|Steel
|move|p1a: Dragapult|Dragon Darts|p2a: Garchomp
|-resisted|p2a: Garchomp
|-damage|p2a: Garchomp|47/100
|-anim|p1a: Dragapult|Dragon Darts|p2a: Garchomp
|-resisted|p2a: Garchomp
|-damage|p2a: Garchomp|36/100
|move|p2a: Garchomp|Dragon Tail|p1a: Dragapult
|-supereffective|p1a: Dragapult
|-damage|p1a: Dragapult|28/100
|drag|p1a: Meowscarada|Meowscarada, M|100/100
|
|upkeep
|turn|4
|inactive|Yecity has 120 seconds left.
|inactive|Yecity has 90 seconds left.
|
|t:|1743912593
|move|p1a: Meowscarada|Knock Off|p2a: Garchomp
|-start|p1a: Meowscarada|typechange|Dark|[from] ability: Protean
|-damage|p2a: Garchomp|0 fnt
|-damage|p1a: Meowscarada|88/100|[from] ability: Rough Skin|[of] p2a: Garchomp
|-damage|p1a: Meowscarada|72/100|[from] item: Rocky Helmet|[of] p2a: Garchomp
|-enditem|p2a: Garchomp|Rocky Helmet|[from] move: Knock Off|[of] p1a: Meowscarada
|faint|p2a: Garchomp
|-damage|p1a: Meowscarada|62/100|[from] item: Life Orb
|
|upkeep
|inactive|creggles has 120 seconds left.
|
|t:|1743912619
|switch|p2a: Iron Crown|Iron Crown|100/100
|-damage|p2a: Iron Crown|88/100|[from] Spikes
|turn|5
|
|t:|1743912626
|move|p2a: Iron Crown|Tachyon Cutter|p1a: Meowscarada
|-damage|p1a: Meowscarada|24/100
|-damage|p1a: Meowscarada|0 fnt
|faint|p1a: Meowscarada
|-hitcount|p1: Meowscarada|2
|
|upkeep
|
|t:|1743912633
|switch|p1a: Skeledirge|Skeledirge, F|100/100
|turn|6
|
|t:|1743912638
|-end|p2a: Iron Crown|Quark Drive|[silent]
|switch|p2a: Toxapex|Toxapex, M, shiny|100/100
|move|p1a: Skeledirge|Torch Song|p2a: Toxapex
|-resisted|p2a: Toxapex
|-damage|p2a: Toxapex|90/100
|-boost|p1a: Skeledirge|spa|1
|
|upkeep
|turn|7
|
|t:|1743912646
|move|p1a: Skeledirge|Will-O-Wisp|p2a: Toxapex|[miss]
|-miss|p1a: Skeledirge|p2a: Toxapex
|move|p2a: Toxapex|Toxic|p1a: Skeledirge
|-status|p1a: Skeledirge|tox
|
|-damage|p1a: Skeledirge|94/100 tox|[from] psn
|upkeep
|turn|8
|inactive|Yecity has 120 seconds left.
|
|t:|1743912661
|switch|p1a: Iron Crown|Iron Crown|100/100
|-enditem|p1a: Iron Crown|Booster Energy
|-activate|p1a: Iron Crown|ability: Quark Drive|[fromitem]
|-start|p1a: Iron Crown|quarkdrivespa
|move|p2a: Toxapex|Chilling Water|p1a: Iron Crown
|-damage|p1a: Iron Crown|89/100
|-unboost|p1a: Iron Crown|atk|1
|
|upkeep
|turn|9
|inactive|Yecity has 120 seconds left.
|inactive|creggles has 120 seconds left.
|
|t:|1743912689
|switch|p2a: Iron Crown|Iron Crown|88/100
|-damage|p2a: Iron Crown|76/100|[from] Spikes
|move|p1a: Iron Crown|Psychic|p2a: Iron Crown
|-resisted|p2a: Iron Crown
|-damage|p2a: Iron Crown|62/100
|
|upkeep
|turn|10
|inactive|Yecity has 120 seconds left.
|
|t:|1743912699
|move|p2a: Iron Crown|Tachyon Cutter|p1a: Iron Crown
|-resisted|p1a: Iron Crown
|-damage|p1a: Iron Crown|76/100
|-resisted|p1a: Iron Crown
|-damage|p1a: Iron Crown|64/100
|-hitcount|p1a: Iron Crown|2
|move|p1a: Iron Crown|Focus Blast|p2a: Iron Crown
|-crit|p2a: Iron Crown
|-damage|p2a: Iron Crown|0 fnt
|faint|p2a: Iron Crown
|-end|p2a: Iron Crown|Quark Drive|[silent]
|
|upkeep
|inactive|creggles has 120 seconds left.
|
|t:|1743912715
|switch|p2a: Dragapult|Dragapult, M, shiny|100/100
|turn|11
|
|t:|1743912724
|-end|p1a: Iron Crown|Quark Drive|[silent]
|switch|p1a: Skeledirge|Skeledirge, F|94/100 tox
|move|p2a: Dragapult|Hex|p1a: Skeledirge
|-supereffective|p1a: Skeledirge
|-damage|p1a: Skeledirge|0 fnt
|faint|p1a: Skeledirge
|
|upkeep
|
|t:|1743912732
|switch|p1a: Dragapult|Dragapult, F|28/100
|turn|12
|
|t:|1743912737
|move|p2a: Dragapult|Hex|p1a: Dragapult
|-supereffective|p1a: Dragapult
|-damage|p1a: Dragapult|0 fnt
|faint|p1a: Dragapult
|
|upkeep
|
|t:|1743912742
|switch|p1a: Hydreigon|Hydreigon, F|100/100
|turn|13
|
|t:|1743912748
|-terastallize|p1a: Hydreigon|Steel
|move|p2a: Dragapult|Draco Meteor|p1a: Hydreigon
|-resisted|p1a: Hydreigon
|-damage|p1a: Hydreigon|66/100
|-unboost|p2a: Dragapult|spa|2
|move|p1a: Hydreigon|Dragon Pulse|p2a: Dragapult
|-supereffective|p2a: Dragapult
|-damage|p2a: Dragapult|0 fnt
|faint|p2a: Dragapult
|
|-heal|p1a: Hydreigon|73/100|[from] item: Leftovers
|upkeep
|
|t:|1743912761
|switch|p2a: Cinderace|Cinderace, F, shiny|69/100
|-damage|p2a: Cinderace|57/100|[from] Spikes
|turn|14
|
|t:|1743912766
|move|p2a: Cinderace|Pyro Ball|p1a: Hydreigon
|-supereffective|p1a: Hydreigon
|-damage|p1a: Hydreigon|0 fnt
|faint|p1a: Hydreigon
|
|upkeep
|
|t:|1743912773
|switch|p1a: Iron Crown|Iron Crown|64/100
|turn|15
|
|t:|1743912780
|move|p2a: Cinderace|Pyro Ball|p1a: Iron Crown
|-supereffective|p1a: Iron Crown
|-damage|p1a: Iron Crown|0 fnt
|faint|p1a: Iron Crown
|-end|p1a: Iron Crown|Quark Drive|[silent]
|
|win|creggles
|raw|Yecity's rating: 1334 &rarr; <strong>1314</strong><br />(-20 for losing)
|raw|creggles's rating: 1329 &rarr; <strong>1349</strong><br />(+20 for winning)
|l|☆Yecity
|player|p1|
|l|☆creggles
|player|p2|
