|j|☆scalling
|j|☆Gen1elite
|t:|1743877274
|gametype|singles
|player|p1|scalling|cyclist|1070
|player|p2|Gen1elite|red|1099
|teamsize|p1|6
|teamsize|p2|6
|gen|9
|tier|[Gen 9] OU
|rated|
|rule|HP Percentage Mod: HP is shown in percentages
|rule|Endless Battle Clause: Forcing endless battles is banned
|rule|Species Clause: Limit one of each Pokémon
|rule|OHKO Clause: OHKO moves are banned
|rule|Evasion Items Clause: Evasion items are banned
|rule|Evasion Moves Clause: Evasion moves are banned
|rule|Sleep Moves Clause: Sleep-inducing moves are banned
|clearpoke
|poke|p1|Bisharp, M|
|poke|p1|Toxapex, F|
|poke|p1|Rotom-Wash|
|poke|p1|Garchomp, F|
|poke|p1|Iron Valiant|
|poke|p1|Dragapult, F|
|poke|p2|Pikachu, M|
|poke|p2|Gengar, M|
|poke|p2|Blastoise, F|
|poke|p2|Clefable, M|
|poke|p2|Rhydon, M|
|poke|p2|Snorlax, M|
|teampreview
|
|t:|1743877306
|start
|switch|p1a: Rotom|Rotom-Wash|100/100
|switch|p2a: Pikachu|Pikachu, M|100/100
|turn|1
|
|t:|1743877315
|switch|p2a: Rhydon|Rhydon, M|100/100
|move|p1a: Rotom|Will-O-Wisp|p2a: Rhydon
|-status|p2a: Rhydon|brn
|
|-damage|p2a: Rhydon|94/100 brn|[from] brn
|upkeep
|turn|2
|
|t:|1743877328
|-terastallize|p2a: Rhydon|Dragon
|move|p1a: Rotom|Hydro Pump|p2a: Rhydon
|-resisted|p2a: Rhydon
|-damage|p2a: Rhydon|72/100 brn
|move|p2a: Rhydon|Outrage|p1a: Rotom
|-damage|p1a: Rotom|65/100
|
|-heal|p1a: Rotom|71/100|[from] item: Leftovers
|-damage|p2a: Rhydon|66/100 brn|[from] brn
|upkeep
|turn|3
|
|t:|1743877340
|move|p1a: Rotom|Volt Switch|p2a: Rhydon
|-resisted|p2a: Rhydon
|-damage|p2a: Rhydon|51/100 brn
|
|t:|1743877344
|switch|p1a: Iron Valiant|Iron Valiant|100/100|[from] Volt Switch
|-enditem|p1a: Iron Valiant|Booster Energy
|-activate|p1a: Iron Valiant|ability: Quark Drive|[fromitem]
|-start|p1a: Iron Valiant|quarkdrivespe
|move|p2a: Rhydon|Outrage|p1a: Iron Valiant|[from] lockedmove
|-immune|p1a: Iron Valiant
|
|-damage|p2a: Rhydon|45/100 brn|[from] brn
|upkeep
|turn|4
|
|t:|1743877361
|switch|p2a: Clefable|Clefable, M|100/100
|move|p1a: Iron Valiant|Moonblast|p2a: Clefable
|-damage|p2a: Clefable|58/100
|
|-heal|p2a: Clefable|64/100|[from] item: Leftovers
|upkeep
|turn|5
|
|t:|1743877378
|move|p1a: Iron Valiant|Moonblast|p2a: Clefable
|-damage|p2a: Clefable|25/100
|move|p2a: Clefable|Moonblast|p1a: Iron Valiant
|-supereffective|p1a: Iron Valiant
|-damage|p1a: Iron Valiant|0 fnt
|faint|p1a: Iron Valiant
|-end|p1a: Iron Valiant|Quark Drive|[silent]
|
|-heal|p2a: Clefable|31/100|[from] item: Leftovers
|upkeep
|
|t:|1743877396
|switch|p1a: Wednesday|Toxapex, F|100/100
|turn|6
|
|t:|1743877406
|move|p2a: Clefable|Moonblast|p1a: Wednesday
|-resisted|p1a: Wednesday
|-damage|p1a: Wednesday|86/100
|-unboost|p1a: Wednesday|spa|1
|move|p1a: Wednesday|Toxic Spikes|p2a: Clefable
|-sidestart|p2: Gen1elite|move: Toxic Spikes
|
|-heal|p2a: Clefable|37/100|[from] item: Leftovers
|upkeep
|turn|7
|
|t:|1743877416
|move|p2a: Clefable|Moonblast|p1a: Wednesday
|-resisted|p1a: Wednesday
|-damage|p1a: Wednesday|73/100
|-unboost|p1a: Wednesday|spa|1
|move|p1a: Wednesday|Surf|p2a: Clefable
|-damage|p2a: Clefable|19/100
|
|-heal|p2a: Clefable|25/100|[from] item: Leftovers
|upkeep
|turn|8
|
|t:|1743877426
|move|p2a: Clefable|Moonlight|p2a: Clefable
|-heal|p2a: Clefable|75/100
|move|p1a: Wednesday|Surf|p2a: Clefable
|-damage|p2a: Clefable|56/100
|
|-heal|p2a: Clefable|62/100|[from] item: Leftovers
|upkeep
|turn|9
|
|t:|1743877434
|move|p2a: Clefable|Calm Mind|p2a: Clefable
|-boost|p2a: Clefable|spa|1
|-boost|p2a: Clefable|spd|1
|move|p1a: Wednesday|Toxic Spikes|p2a: Clefable
|-sidestart|p2: Gen1elite|move: Toxic Spikes
|
|-heal|p2a: Clefable|69/100|[from] item: Leftovers
|upkeep
|turn|10
|
|t:|1743877442
|move|p2a: Clefable|Calm Mind|p2a: Clefable
|-boost|p2a: Clefable|spa|1
|-boost|p2a: Clefable|spd|1
|move|p1a: Wednesday|Haze|p1a: Wednesday
|-clearallboost
|
|-heal|p2a: Clefable|75/100|[from] item: Leftovers
|upkeep
|turn|11
|
|t:|1743877453
|move|p2a: Clefable|Moonblast|p1a: Wednesday
|-resisted|p1a: Wednesday
|-damage|p1a: Wednesday|59/100
|-unboost|p1a: Wednesday|spa|1
|move|p1a: Wednesday|Toxic Spikes||[still]
|-fail|p1a: Wednesday
|
|-heal|p2a: Clefable|81/100|[from] item: Leftovers
|upkeep
|turn|12
|
|t:|1743877472
|switch|p1a: Rotom|Rotom-Wash|71/100
|move|p2a: Clefable|Moonblast|p1a: Rotom
|-damage|p1a: Rotom|47/100
|-unboost|p1a: Rotom|spa|1
|
|-heal|p1a: Rotom|53/100|[from] item: Leftovers
|-heal|p2a: Clefable|87/100|[from] item: Leftovers
|upkeep
|turn|13
|
|t:|1743877485
|move|p1a: Rotom|Will-O-Wisp|p2a: Clefable
|-status|p2a: Clefable|brn
|move|p2a: Clefable|Calm Mind|p2a: Clefable
|-boost|p2a: Clefable|spa|1
|-boost|p2a: Clefable|spd|1
|
|-heal|p1a: Rotom|59/100|[from] item: Leftovers
|-heal|p2a: Clefable|93/100 brn|[from] item: Leftovers
|-damage|p2a: Clefable|87/100 brn|[from] brn
|upkeep
|turn|14
|
|t:|1743877499
|move|p1a: Rotom|Pain Split|p2a: Clefable
|-sethp|p2a: Clefable|66/100 brn|[from] move: Pain Split|[silent]
|-sethp|p1a: Rotom|86/100|[from] move: Pain Split
|move|p2a: Clefable|Moonblast|p1a: Rotom
|-damage|p1a: Rotom|49/100
|
|-heal|p1a: Rotom|55/100|[from] item: Leftovers
|-heal|p2a: Clefable|72/100 brn|[from] item: Leftovers
|-damage|p2a: Clefable|66/100 brn|[from] brn
|upkeep
|turn|15
|
|t:|1743877511
|switch|p1a: Wednesday|Toxapex, F|92/100
|move|p2a: Clefable|Calm Mind|p2a: Clefable
|-boost|p2a: Clefable|spa|1
|-boost|p2a: Clefable|spd|1
|
|-heal|p2a: Clefable|72/100 brn|[from] item: Leftovers
|-damage|p2a: Clefable|66/100 brn|[from] brn
|upkeep
|turn|16
|
|t:|1743877523
|move|p2a: Clefable|Moonblast|p1a: Wednesday
|-resisted|p1a: Wednesday
|-damage|p1a: Wednesday|65/100
|-unboost|p1a: Wednesday|spa|1
|move|p1a: Wednesday|Haze|p1a: Wednesday
|-clearallboost
|
|-heal|p2a: Clefable|72/100 brn|[from] item: Leftovers
|-damage|p2a: Clefable|66/100 brn|[from] brn
|upkeep
|turn|17
|
|t:|1743877535
|move|p2a: Clefable|Moonblast|p1a: Wednesday
|-resisted|p1a: Wednesday
|-damage|p1a: Wednesday|51/100
|move|p1a: Wednesday|Surf|p2a: Clefable
|-damage|p2a: Clefable|49/100 brn
|
|-heal|p2a: Clefable|55/100 brn|[from] item: Leftovers
|-damage|p2a: Clefable|49/100 brn|[from] brn
|upkeep
|turn|18
|
|t:|1743877545
|move|p2a: Clefable|Moonlight|p2a: Clefable
|-heal|p2a: Clefable|99/100 brn
|move|p1a: Wednesday|Surf|p2a: Clefable
|-damage|p2a: Clefable|83/100 brn
|
|-heal|p2a: Clefable|89/100 brn|[from] item: Leftovers
|-damage|p2a: Clefable|83/100 brn|[from] brn
|upkeep
|turn|19
|
|t:|1743877555
|move|p2a: Clefable|Moonblast|p1a: Wednesday
|-resisted|p1a: Wednesday
|-damage|p1a: Wednesday|38/100
|move|p1a: Wednesday|Surf|p2a: Clefable
|-damage|p2a: Clefable|67/100 brn
|
|-heal|p2a: Clefable|73/100 brn|[from] item: Leftovers
|-damage|p2a: Clefable|67/100 brn|[from] brn
|upkeep
|turn|20
|
|t:|1743877565
|move|p2a: Clefable|Moonblast|p1a: Wednesday
|-resisted|p1a: Wednesday
|-damage|p1a: Wednesday|24/100
|-unboost|p1a: Wednesday|spa|1
|move|p1a: Wednesday|Surf|p2a: Clefable
|-damage|p2a: Clefable|49/100 brn
|
|-heal|p2a: Clefable|55/100 brn|[from] item: Leftovers
|-damage|p2a: Clefable|49/100 brn|[from] brn
|upkeep
|turn|21
|
|t:|1743877576
|move|p2a: Clefable|Moonblast|p1a: Wednesday
|-resisted|p1a: Wednesday
|-damage|p1a: Wednesday|10/100
|move|p1a: Wednesday|Recover|p1a: Wednesday
|-heal|p1a: Wednesday|60/100
|
|-heal|p2a: Clefable|55/100 brn|[from] item: Leftovers
|-damage|p2a: Clefable|49/100 brn|[from] brn
|upkeep
|turn|22
|
|t:|1743877586
|move|p2a: Clefable|Moonlight|p2a: Clefable
|-heal|p2a: Clefable|99/100 brn
|move|p1a: Wednesday|Recover|p1a: Wednesday
|-heal|p1a: Wednesday|100/100
|
|-heal|p2a: Clefable|100/100 brn|[from] item: Leftovers
|-damage|p2a: Clefable|94/100 brn|[from] brn
|upkeep
|turn|23
|
|t:|1743877595
|move|p2a: Clefable|Moonblast|p1a: Wednesday
|-resisted|p1a: Wednesday
|-damage|p1a: Wednesday|87/100
|-unboost|p1a: Wednesday|spa|1
|move|p1a: Wednesday|Surf|p2a: Clefable
|-damage|p2a: Clefable|76/100 brn
|
|-heal|p2a: Clefable|82/100 brn|[from] item: Leftovers
|-damage|p2a: Clefable|76/100 brn|[from] brn
|upkeep
|turn|24
|
|t:|1743877606
|switch|p2a: Gengar|Gengar, M|100/100
|-sideend|p2: Gen1elite|move: Toxic Spikes|[of] p2a: Gengar
|move|p1a: Wednesday|Surf|p2a: Gengar
|-damage|p2a: Gengar|85/100
|
|upkeep
|turn|25
|
|t:|1743877642
|move|p2a: Gengar|Shadow Ball|p1a: Wednesday
|-damage|p1a: Wednesday|40/100
|-damage|p2a: Gengar|75/100|[from] item: Life Orb
|move|p1a: Wednesday|Recover|p1a: Wednesday
|-heal|p1a: Wednesday|90/100
|
|upkeep
|turn|26
|
|t:|1743877655
|move|p2a: Gengar|Encore|p1a: Wednesday
|-start|p1a: Wednesday|Encore
|move|p1a: Wednesday|Recover|p1a: Wednesday
|-heal|p1a: Wednesday|100/100
|
|upkeep
|turn|27
|
|t:|1743877661
|switch|p1a: Rotom|Rotom-Wash|55/100
|move|p2a: Gengar|Shadow Ball|p1a: Rotom
|-damage|p1a: Rotom|10/100
|-damage|p2a: Gengar|65/100|[from] item: Life Orb
|
|-heal|p1a: Rotom|16/100|[from] item: Leftovers
|upkeep
|turn|28
|
|t:|1743877683
|move|p2a: Gengar|Shadow Ball|p1a: Rotom
|-damage|p1a: Rotom|0 fnt
|faint|p1a: Rotom
|-damage|p2a: Gengar|55/100|[from] item: Life Orb
|
|upkeep
|
|t:|1743877689
|switch|p1a: Garchomp|Garchomp, F|100/100
|turn|29
|
|t:|1743877697
|move|p2a: Gengar|Destiny Bond|p2a: Gengar
|-singlemove|p2a: Gengar|Destiny Bond
|move|p1a: Garchomp|Stealth Rock|p2a: Gengar
|-sidestart|p2: Gen1elite|move: Stealth Rock
|
|upkeep
|turn|30
|
|t:|1743877705
|move|p2a: Gengar|Encore|p1a: Garchomp
|-start|p1a: Garchomp|Encore
|move|p1a: Garchomp|Stealth Rock||[still]
|-fail|p1a: Garchomp
|
|upkeep
|turn|31
|
|t:|1743877722
|switch|p1a: Wednesday|Toxapex, F|100/100
|move|p2a: Gengar|Shadow Ball|p1a: Wednesday
|-damage|p1a: Wednesday|58/100
|-unboost|p1a: Wednesday|spd|1
|-damage|p2a: Gengar|45/100|[from] item: Life Orb
|
|upkeep
|turn|32
|
|t:|1743877730
|move|p2a: Gengar|Shadow Ball|p1a: Wednesday
|-damage|p1a: Wednesday|0 fnt
|faint|p1a: Wednesday
|-damage|p2a: Gengar|35/100|[from] item: Life Orb
|
|upkeep
|
|t:|1743877734
|switch|p1a: Yasuo|Bisharp, M, shiny|100/100
|turn|33
|
|t:|1743877742
|move|p1a: Yasuo|Sucker Punch||[still]
|-fail|p1a: Yasuo
|move|p2a: Gengar|Encore|p1a: Yasuo
|-start|p1a: Yasuo|Encore
|
|upkeep
|turn|34
|
|t:|1743877749
|switch|p2a: Blastoise|Blastoise, F|100/100
|-damage|p2a: Blastoise|88/100|[from] Stealth Rock
|move|p1a: Yasuo|Sucker Punch||[still]
|-fail|p1a: Yasuo
|
|upkeep
|turn|35
|
|t:|1743877758
|switch|p1a: Dragapult|Dragapult, F|100/100
|move|p2a: Blastoise|Rapid Spin|p1a: Dragapult
|-immune|p1a: Dragapult
|
|upkeep
|turn|36
|
|t:|1743877766
|move|p1a: Dragapult|Thunderbolt|p2a: Blastoise
|-supereffective|p2a: Blastoise
|-damage|p2a: Blastoise|43/100
|move|p2a: Blastoise|Ice Beam|p1a: Dragapult
|-supereffective|p1a: Dragapult
|-damage|p1a: Dragapult|24/100
|-status|p1a: Dragapult|frz
|
|upkeep
|turn|37
|
|t:|1743877774
|cant|p1a: Dragapult|frz
|move|p2a: Blastoise|Ice Beam|p1a: Dragapult
|-supereffective|p1a: Dragapult
|-damage|p1a: Dragapult|0 fnt
|faint|p1a: Dragapult
|
|upkeep
|
|t:|1743877781
|switch|p1a: Garchomp|Garchomp, F|100/100
|turn|38
|
|t:|1743877791
|-terastallize|p1a: Garchomp|Fire
|move|p2a: Blastoise|Ice Beam|p1a: Garchomp
|-resisted|p1a: Garchomp
|-damage|p1a: Garchomp|89/100
|-status|p1a: Garchomp|frz
|cant|p1a: Garchomp|frz
|
|-heal|p1a: Garchomp|95/100 frz|[from] item: Leftovers
|upkeep
|turn|39
|c|☆Gen1elite|Gen 1 for real lol
|
|t:|1743877816
|move|p2a: Blastoise|Hydro Pump|p1a: Garchomp
|-supereffective|p1a: Garchomp
|-damage|p1a: Garchomp|5/100 frz
|cant|p1a: Garchomp|frz
|
|-heal|p1a: Garchomp|11/100 frz|[from] item: Leftovers
|upkeep
|turn|40
|
|t:|1743877824
|-curestatus|p1a: Garchomp|frz|[msg]
|move|p1a: Garchomp|Earthquake|p2a: Blastoise
|-damage|p2a: Blastoise|5/100
|move|p2a: Blastoise|Dragon Pulse|p1a: Garchomp
|-damage|p1a: Garchomp|0 fnt
|faint|p1a: Garchomp
|
|upkeep
|
|t:|1743877829
|switch|p1a: Yasuo|Bisharp, M, shiny|100/100
|turn|41
|
|t:|1743877839
|move|p1a: Yasuo|Swords Dance|p1a: Yasuo
|-boost|p1a: Yasuo|atk|2
|move|p2a: Blastoise|Rapid Spin|p1a: Yasuo
|-resisted|p1a: Yasuo
|-damage|p1a: Yasuo|95/100
|-boost|p2a: Blastoise|spe|1
|-sideend|p2: Gen1elite|Stealth Rock|[from] move: Rapid Spin|[of] p2a: Blastoise
|
|upkeep
|turn|42
|
|t:|1743877848
|move|p1a: Yasuo|Sucker Punch|p2a: Blastoise
|-damage|p2a: Blastoise|0 fnt
|faint|p2a: Blastoise
|
|upkeep
|
|t:|1743877853
|switch|p2a: Gengar|Gengar, M|35/100
|turn|43
|
|t:|1743877859
|move|p2a: Gengar|Destiny Bond|p2a: Gengar
|-singlemove|p2a: Gengar|Destiny Bond
|move|p1a: Yasuo|Iron Head|p2a: Gengar
|-damage|p2a: Gengar|0 fnt
|-start|p1a: Yasuo|Disable|Iron Head|[from] ability: Cursed Body|[of] p2a: Gengar
|faint|p2a: Gengar
|-activate|p2a: Gengar|move: Destiny Bond
|faint|p1a: Yasuo
|
|win|Gen1elite
|raw|scalling's rating: 1070 &rarr; <strong>1051</strong><br />(-19 for losing)
|raw|Gen1elite's rating: 1099 &rarr; <strong>1122</strong><br />(+23 for winning)
|l|☆Gen1elite
|player|p2|
|l|☆scalling
|player|p1|
