|j|☆Suchaaz
|j|☆asbolus verrucosus
|t:|1743782440
|gametype|singles
|player|p1|Suchaaz|cynthia|1410
|player|p2|asbolus verrucosus|erika-gen1|1404
|teamsize|p1|6
|teamsize|p2|6
|gen|9
|tier|[Gen 9] OU
|rated|
|rule|HP Percentage Mod: HP is shown in percentages
|rule|Endless Battle Clause: Forcing endless battles is banned
|rule|Species Clause: Limit one of each Pokémon
|rule|OHKO Clause: OHKO moves are banned
|rule|Evasion Items Clause: Evasion items are banned
|rule|Evasion Moves Clause: Evasion moves are banned
|rule|Sleep Moves Clause: Sleep-inducing moves are banned
|clearpoke
|poke|p1|Dragapult, M|
|poke|p1|Primarina, F|
|poke|p1|Great Tusk|
|poke|p1|Dragonite, M|
|poke|p1|Scizor, F|
|poke|p1|Hoopa-Unbound|
|poke|p2|Kyurem|
|poke|p2|Great Tusk|
|poke|p2|Dragapult, M|
|poke|p2|Dragonite, M|
|poke|p2|Haxorus, M|
|poke|p2|Galvantula, M|
|teampreview
|inactive|Battle timer is ON: inactive players will automatically lose when time's up. (requested by asbolus verrucosus)
|inactive|Suchaaz also wants the timer to be on.
|
|t:|1743782456
|start
|switch|p1a: Dragapult|Dragapult, M|100/100
|switch|p2a: Darkling|Galvantula, M|100/100
|turn|1
|
|t:|1743782460
|move|p1a: Dragapult|Dragon Darts|p2a: Darkling
|-crit|p2a: Darkling
|-damage|p2a: Darkling|43/100
|-anim|p1a: Dragapult|Dragon Darts|p2a: Darkling
|-damage|p2a: Darkling|5/100
|move|p2a: Darkling|Thunder Wave|p1a: Dragapult
|-status|p1a: Dragapult|par
|
|upkeep
|turn|2
|
|t:|1743782472
|move|p2a: Darkling|Sticky Web|p1a: Dragapult
|-sidestart|p1: Suchaaz|move: Sticky Web
|move|p1a: Dragapult|U-turn|p2a: Darkling
|-damage|p2a: Darkling|0 fnt
|faint|p2a: Darkling
|
|t:|1743782478
|switch|p1a: Primarina|Primarina, F|100/100|[from] U-turn
|-activate|p1a: Primarina|move: Sticky Web
|-unboost|p1a: Primarina|spe|1
|
|upkeep
|inactive|asbolus verrucosus has 120 seconds left.
|
|t:|1743782522
|switch|p2a: Great Tusk|Great Tusk|100/100
|-enditem|p2a: Great Tusk|Booster Energy
|-activate|p2a: Great Tusk|ability: Protosynthesis|[fromitem]
|-start|p2a: Great Tusk|protosynthesisatk
|turn|3
|
|t:|1743782527
|switch|p1a: Great Tusk|Great Tusk|100/100
|-activate|p1a: Great Tusk|move: Sticky Web
|-unboost|p1a: Great Tusk|spe|1
|move|p2a: Great Tusk|Headlong Rush|p1a: Great Tusk
|-damage|p1a: Great Tusk|40/100
|-unboost|p2a: Great Tusk|def|1
|-unboost|p2a: Great Tusk|spd|1
|
|-heal|p1a: Great Tusk|46/100|[from] item: Leftovers
|upkeep
|turn|4
|
|t:|1743782534
|-end|p1a: Great Tusk|Protosynthesis|[silent]
|switch|p1a: Dragonite|Dragonite, M|100/100
|move|p2a: Great Tusk|Ice Spinner|p1a: Dragonite
|-supereffective|p1a: Dragonite
|-damage|p1a: Dragonite|23/100
|
|upkeep
|turn|5
|
|t:|1743782540
|move|p1a: Dragonite|Extreme Speed|p2a: Great Tusk
|-damage|p2a: Great Tusk|70/100
|move|p2a: Great Tusk|Rapid Spin|p1a: Dragonite
|-damage|p1a: Dragonite|0 fnt
|-boost|p2a: Great Tusk|spe|1
|faint|p1a: Dragonite
|
|upkeep
|
|t:|1743782547
|switch|p1a: Scizor|Scizor, F|100/100
|-activate|p1a: Scizor|move: Sticky Web
|-unboost|p1a: Scizor|spe|1
|turn|6
|
|t:|1743782557
|-terastallize|p1a: Scizor|Steel
|move|p1a: Scizor|Bullet Punch|p2a: Great Tusk
|-damage|p2a: Great Tusk|0 fnt
|faint|p2a: Great Tusk
|-end|p2a: Great Tusk|Protosynthesis|[silent]
|
|upkeep
|
|t:|1743782582
|switch|p2a: Haxorus|Haxorus, M|100/100
|-ability|p2a: Haxorus|Mold Breaker
|turn|7
|
|t:|1743782588
|switch|p1a: Dragapult|Dragapult, M|100/100 par
|move|p2a: Haxorus|Earthquake|p1a: Dragapult
|-damage|p1a: Dragapult|48/100 par
|
|upkeep
|turn|8
|
|t:|1743782591
|move|p2a: Haxorus|Earthquake|p1a: Dragapult
|-damage|p1a: Dragapult|0 fnt
|faint|p1a: Dragapult
|
|upkeep
|
|t:|1743782594
|switch|p1a: Great Tusk|Great Tusk|46/100
|-activate|p1a: Great Tusk|move: Sticky Web
|-unboost|p1a: Great Tusk|spe|1
|turn|9
|
|t:|1743782598
|move|p2a: Haxorus|Scale Shot|p1a: Great Tusk|[miss]
|-miss|p2a: Haxorus|p1a: Great Tusk
|move|p1a: Great Tusk|Rapid Spin|p2a: Haxorus
|-damage|p2a: Haxorus|78/100
|-boost|p1a: Great Tusk|spe|1
|-sideend|p1: Suchaaz|Sticky Web|[from] move: Rapid Spin|[of] p1a: Great Tusk
|
|-heal|p1a: Great Tusk|52/100|[from] item: Leftovers
|upkeep
|turn|10
|
|t:|1743782608
|move|p1a: Great Tusk|Ice Spinner|p2a: Haxorus
|-supereffective|p2a: Haxorus
|-damage|p2a: Haxorus|7/100
|move|p2a: Haxorus|Scale Shot|p1a: Great Tusk
|-damage|p1a: Great Tusk|41/100
|-damage|p1a: Great Tusk|30/100
|-damage|p1a: Great Tusk|19/100
|-damage|p1a: Great Tusk|7/100
|-damage|p1a: Great Tusk|0 fnt
|faint|p1a: Great Tusk
|-end|p1a: Great Tusk|Protosynthesis|[silent]
|-hitcount|p1: Great Tusk|5
|-unboost|p2a: Haxorus|def|1
|-boost|p2a: Haxorus|spe|1
|
|upkeep
|
|t:|1743782612
|switch|p1a: Scizor|Scizor, F, tera:Steel|100/100
|turn|11
|
|t:|1743782616
|move|p1a: Scizor|Bullet Punch|p2a: Haxorus
|-damage|p2a: Haxorus|0 fnt
|faint|p2a: Haxorus
|
|upkeep
|
|t:|1743782634
|switch|p2a: Dragonite|Dragonite, M, shiny|100/100
|turn|12
|
|t:|1743782641
|switch|p1a: Primarina|Primarina, F|100/100
|move|p2a: Dragonite|Fire Punch|p1a: Primarina
|-resisted|p1a: Primarina
|-damage|p1a: Primarina|83/100
|-status|p1a: Primarina|brn
|
|-damage|p1a: Primarina|77/100 brn|[from] brn
|upkeep
|turn|13
|
|t:|1743782647
|-terastallize|p2a: Dragonite|Fire
|move|p2a: Dragonite|Dragon Dance|p2a: Dragonite
|-boost|p2a: Dragonite|atk|1
|-boost|p2a: Dragonite|spe|1
|move|p1a: Primarina|Moonblast|p2a: Dragonite
|-resisted|p2a: Dragonite
|-damage|p2a: Dragonite|86/100
|-unboost|p2a: Dragonite|spa|1
|
|-damage|p1a: Primarina|71/100 brn|[from] brn
|upkeep
|turn|14
|
|t:|1743782653
|move|p2a: Dragonite|Encore|p1a: Primarina
|-start|p1a: Primarina|Encore
|move|p1a: Primarina|Moonblast|p2a: Dragonite
|-resisted|p2a: Dragonite
|-damage|p2a: Dragonite|58/100
|-unboost|p2a: Dragonite|spa|1
|
|-damage|p1a: Primarina|65/100 brn|[from] brn
|upkeep
|turn|15
|
|t:|1743782657
|move|p2a: Dragonite|Dragon Dance|p2a: Dragonite
|-boost|p2a: Dragonite|atk|1
|-boost|p2a: Dragonite|spe|1
|move|p1a: Primarina|Moonblast|p2a: Dragonite
|-resisted|p2a: Dragonite
|-damage|p2a: Dragonite|30/100
|
|-damage|p1a: Primarina|59/100 brn|[from] brn
|upkeep
|turn|16
|
|t:|1743782665
|move|p2a: Dragonite|Fire Punch|p1a: Primarina
|-resisted|p1a: Primarina
|-damage|p1a: Primarina|9/100 brn
|move|p1a: Primarina|Moonblast|p2a: Dragonite
|-resisted|p2a: Dragonite
|-damage|p2a: Dragonite|2/100
|
|-damage|p1a: Primarina|3/100 brn|[from] brn
|-end|p1a: Primarina|Encore
|upkeep
|turn|17
|
|t:|1743782672
|move|p2a: Dragonite|Fire Punch|p1a: Primarina
|-resisted|p1a: Primarina
|-damage|p1a: Primarina|0 fnt
|faint|p1a: Primarina
|
|upkeep
|
|t:|1743782674
|switch|p1a: Scizor|Scizor, F, tera:Steel|100/100
|turn|18
|
|t:|1743782677
|move|p1a: Scizor|Bullet Punch|p2a: Dragonite
|-resisted|p2a: Dragonite
|-damage|p2a: Dragonite|0 fnt
|faint|p2a: Dragonite
|
|upkeep
|
|t:|1743782690
|switch|p2a: Dragapult|Dragapult, M|100/100
|turn|19
|
|t:|1743782692
|move|p1a: Scizor|Bullet Punch|p2a: Dragapult
|-damage|p2a: Dragapult|1/100
|move|p2a: Dragapult|Fire Blast|p1a: Scizor
|-supereffective|p1a: Scizor
|-damage|p1a: Scizor|0 fnt
|faint|p1a: Scizor
|-damage|p2a: Dragapult|0 fnt|[from] item: Life Orb
|faint|p2a: Dragapult
|
|upkeep
|
|t:|1743782697
|switch|p2a: Kyurem|Kyurem|100/100
|switch|p1a: Hoopa|Hoopa-Unbound|100/100
|-ability|p2a: Kyurem|Pressure
|turn|20
|
|t:|1743782708
|move|p1a: Hoopa|Dark Pulse|p2a: Kyurem
|-damage|p2a: Kyurem|25/100
|cant|p2a: Kyurem|flinch
|
|upkeep
|turn|21
|
|t:|1743782713
|move|p1a: Hoopa|Dark Pulse|p2a: Kyurem
|-damage|p2a: Kyurem|0 fnt
|faint|p2a: Kyurem
|
|win|Suchaaz
|raw|Suchaaz's rating: 1410 &rarr; <strong>1430</strong><br />(+20 for winning)
|raw|asbolus verrucosus's rating: 1404 &rarr; <strong>1384</strong><br />(-20 for losing)
|l|☆asbolus verrucosus
|player|p2|
|c|☆Suchaaz|gg
|l|☆Suchaaz
|player|p1|
