|j|☆GN Radahn
|j|☆syfy57485
|t:|1743819818
|gametype|singles
|player|p1|GN Radahn|2|1107
|player|p2|syfy57485|101|1099
|teamsize|p1|6
|teamsize|p2|5
|gen|9
|tier|[Gen 9] OU
|rated|
|rule|HP Percentage Mod: HP is shown in percentages
|rule|Endless Battle Clause: Forcing endless battles is banned
|rule|Species Clause: Limit one of each Pokémon
|rule|OHKO Clause: OHKO moves are banned
|rule|Evasion Items Clause: Evasion items are banned
|rule|Evasion Moves Clause: Evasion moves are banned
|rule|Sleep Moves Clause: Sleep-inducing moves are banned
|clearpoke
|poke|p1|Primeape, M|
|poke|p1|Swampert, F|
|poke|p1|Corviknight, M|
|poke|p1|Galvantula, F|
|poke|p1|Ceruledge, M|
|poke|p1|Gardevoir, F|
|poke|p2|Salamence, M|
|poke|p2|Dondozo, F|
|poke|p2|Gholdengo|
|poke|p2|Thundurus-Therian, M|
|poke|p2|Meowscarada, M|
|teampreview
|inactive|Battle timer is ON: inactive players will automatically lose when time's up. (requested by syfy57485)
|
|t:|1743819825
|start
|switch|p1a: Swampert|Swampert, F|100/100
|switch|p2a: Thundurus|Thundurus-Therian, M|100/100
|turn|1
|
|t:|1743819832
|move|p2a: Thundurus|Grass Knot|p1a: Swampert
|-supereffective|p1a: Swampert
|-damage|p1a: Swampert|0 fnt
|faint|p1a: Swampert
|
|upkeep
|
|t:|1743819842
|switch|p1a: Corviknight|Corviknight, M|100/100
|-ability|p1a: Corviknight|Pressure
|turn|2
|
|t:|1743819847
|switch|p2a: Gholdengo|Gholdengo|100/100
|move|p1a: Corviknight|Iron Defense|p1a: Corviknight
|-boost|p1a: Corviknight|def|2
|
|-status|p2a: Gholdengo|brn|[from] item: Flame Orb
|upkeep
|turn|3
|
|t:|1743819855
|switch|p1a: Ceruledge|Ceruledge, M|100/100
|move|p2a: Gholdengo|Trick|p1a: Ceruledge
|-activate|p2a: Gholdengo|move: Trick|[of] p1a: Ceruledge
|-item|p1a: Ceruledge|Flame Orb|[from] move: Trick
|-item|p2a: Gholdengo|Sitrus Berry|[from] move: Trick
|
|-damage|p2a: Gholdengo|94/100 brn|[from] brn
|upkeep
|turn|4
|
|t:|1743819866
|move|p2a: Gholdengo|Shadow Ball|p1a: Ceruledge
|-supereffective|p1a: Ceruledge
|-crit|p1a: Ceruledge
|-damage|p1a: Ceruledge|10/100
|move|p1a: Ceruledge|Shadow Claw|p2a: Gholdengo
|-supereffective|p2a: Gholdengo
|-damage|p2a: Gholdengo|32/100 brn
|-enditem|p2a: Gholdengo|Sitrus Berry|[eat]
|-heal|p2a: Gholdengo|56/100 brn|[from] item: Sitrus Berry
|
|-damage|p2a: Gholdengo|50/100 brn|[from] brn
|upkeep
|turn|5
|
|t:|1743819878
|-terastallize|p2a: Gholdengo|Steel
|move|p1a: Ceruledge|Protect|p1a: Ceruledge
|-singleturn|p1a: Ceruledge|Protect
|move|p2a: Gholdengo|Trick|p1a: Ceruledge
|-activate|p1a: Ceruledge|move: Protect
|
|-damage|p2a: Gholdengo|44/100 brn|[from] brn
|upkeep
|turn|6
|
|t:|1743819888
|move|p2a: Gholdengo|Trick|p1a: Ceruledge
|-activate|p2a: Gholdengo|move: Trick|[of] p1a: Ceruledge
|-enditem|p1a: Ceruledge|Flame Orb|[silent]|[from] move: Trick
|-item|p2a: Gholdengo|Flame Orb|[from] move: Trick
|move|p1a: Ceruledge|Bitter Blade|p2a: Gholdengo
|-supereffective|p2a: Gholdengo
|-damage|p2a: Gholdengo|0 fnt
|-heal|p1a: Ceruledge|30/100|[from] drain|[of] p2a: Gholdengo
|faint|p2a: Gholdengo
|
|upkeep
|
|t:|1743819896
|switch|p2a: Meowscarada|Meowscarada, M|100/100
|turn|7
|
|t:|1743819904
|move|p2a: Meowscarada|Knock Off|p1a: Ceruledge
|-supereffective|p1a: Ceruledge
|-damage|p1a: Ceruledge|0 fnt
|faint|p1a: Ceruledge
|-damage|p2a: Meowscarada|91/100|[from] item: Life Orb
|
|upkeep
|
|t:|1743819908
|switch|p1a: Primeape|Primeape, M|100/100
|turn|8
|
|t:|1743819911
|move|p2a: Meowscarada|Spikes|p1a: Primeape
|-sidestart|p1: GN Radahn|Spikes
|move|p1a: Primeape|Bulk Up|p1a: Primeape
|-boost|p1a: Primeape|atk|1
|-boost|p1a: Primeape|def|1
|
|upkeep
|turn|9
|
|t:|1743819916
|move|p2a: Meowscarada|Spikes|p1a: Primeape
|-sidestart|p1: GN Radahn|Spikes
|move|p1a: Primeape|Bulk Up|p1a: Primeape
|-boost|p1a: Primeape|atk|1
|-boost|p1a: Primeape|def|1
|
|upkeep
|turn|10
|
|t:|1743819923
|move|p2a: Meowscarada|Knock Off|p1a: Primeape
|-resisted|p1a: Primeape
|-damage|p1a: Primeape|90/100
|-enditem|p1a: Primeape|Eviolite|[from] move: Knock Off|[of] p2a: Meowscarada
|-damage|p2a: Meowscarada|81/100|[from] item: Life Orb
|move|p1a: Primeape|Drain Punch|p2a: Meowscarada
|-supereffective|p2a: Meowscarada
|-damage|p2a: Meowscarada|0 fnt
|-heal|p1a: Primeape|100/100|[from] drain|[of] p2a: Meowscarada
|faint|p2a: Meowscarada
|
|upkeep
|
|t:|1743819931
|switch|p2a: Dondozo|Dondozo, F, shiny|100/100
|turn|11
|
|t:|1743819940
|move|p1a: Primeape|Stealth Rock|p2a: Dondozo
|-sidestart|p2: syfy57485|move: Stealth Rock
|move|p2a: Dondozo|Curse|p2a: Dondozo
|-unboost|p2a: Dondozo|spe|1
|-boost|p2a: Dondozo|atk|1
|-boost|p2a: Dondozo|def|1
|
|upkeep
|turn|12
|
|t:|1743819953
|move|p1a: Primeape|Bulk Up|p1a: Primeape
|-boost|p1a: Primeape|atk|1
|-boost|p1a: Primeape|def|1
|move|p2a: Dondozo|Curse|p2a: Dondozo
|-unboost|p2a: Dondozo|spe|1
|-boost|p2a: Dondozo|atk|1
|-boost|p2a: Dondozo|def|1
|
|upkeep
|turn|13
|
|t:|1743819969
|move|p1a: Primeape|Bulk Up|p1a: Primeape
|-boost|p1a: Primeape|atk|1
|-boost|p1a: Primeape|def|1
|move|p2a: Dondozo|Curse|p2a: Dondozo
|-unboost|p2a: Dondozo|spe|1
|-boost|p2a: Dondozo|atk|1
|-boost|p2a: Dondozo|def|1
|
|upkeep
|turn|14
|
|t:|1743819973
|move|p1a: Primeape|Bulk Up|p1a: Primeape
|-boost|p1a: Primeape|atk|1
|-boost|p1a: Primeape|def|1
|move|p2a: Dondozo|Earthquake|p1a: Primeape
|-damage|p1a: Primeape|48/100
|
|upkeep
|turn|15
|
|t:|1743819982
|move|p1a: Primeape|Drain Punch|p2a: Dondozo
|-damage|p2a: Dondozo|96/100
|-heal|p1a: Primeape|51/100|[from] drain|[of] p2a: Dondozo
|move|p2a: Dondozo|Earthquake|p1a: Primeape
|-damage|p1a: Primeape|0 fnt
|faint|p1a: Primeape
|
|-heal|p2a: Dondozo|100/100|[from] item: Leftovers
|upkeep
|
|t:|1743819996
|switch|p1a: Corviknight|Corviknight, M|100/100
|-ability|p1a: Corviknight|Pressure
|turn|16
|
|t:|1743820001
|move|p1a: Corviknight|Defog|p2a: Dondozo
|-unboost|p2a: Dondozo|evasion|1
|-sideend|p2: syfy57485|Stealth Rock|[from] move: Defog|[of] p1a: Corviknight
|-sideend|p1: GN Radahn|Spikes|[from] move: Defog|[of] p1a: Corviknight
|move|p2a: Dondozo|Avalanche|p1a: Corviknight
|-damage|p1a: Corviknight|79/100
|-enditem|p1a: Corviknight|Red Card|[of] p2a: Dondozo
|drag|p2a: Salamence|Salamence, M|100/100
|-ability|p2a: Salamence|Intimidate|boost
|-unboost|p1a: Corviknight|atk|1
|
|upkeep
|turn|17
|
|t:|1743820016
|move|p2a: Salamence|Dragon Dance|p2a: Salamence
|-boost|p2a: Salamence|atk|1
|-boost|p2a: Salamence|spe|1
|move|p1a: Corviknight|Iron Defense|p1a: Corviknight
|-boost|p1a: Corviknight|def|2
|
|upkeep
|turn|18
|
|t:|1743820022
|move|p2a: Salamence|Dual Wingbeat|p1a: Corviknight
|-resisted|p1a: Corviknight
|-damage|p1a: Corviknight|72/100
|-resisted|p1a: Corviknight
|-damage|p1a: Corviknight|65/100
|-hitcount|p1a: Corviknight|2
|-damage|p2a: Salamence|91/100|[from] item: Life Orb
|move|p1a: Corviknight|Iron Defense|p1a: Corviknight
|-boost|p1a: Corviknight|def|2
|
|upkeep
|turn|19
|
|t:|1743820030
|switch|p2a: Thundurus|Thundurus-Therian, M|100/100
|move|p1a: Corviknight|Iron Defense|p1a: Corviknight
|-boost|p1a: Corviknight|def|2
|
|upkeep
|turn|20
|
|t:|1743820036
|switch|p1a: Galvantula|Galvantula, F|100/100
|-ability|p1a: Galvantula|Unnerve
|move|p2a: Thundurus|Thunderbolt|p1a: Galvantula
|-resisted|p1a: Galvantula
|-damage|p1a: Galvantula|46/100
|
|upkeep
|turn|21
|
|t:|1743820045
|move|p1a: Galvantula|Sucker Punch|p2a: Thundurus
|-damage|p2a: Thundurus|58/100
|move|p2a: Thundurus|Thunderbolt|p1a: Galvantula
|-resisted|p1a: Galvantula
|-damage|p1a: Galvantula|0 fnt
|faint|p1a: Galvantula
|
|upkeep
|
|t:|1743820049
|switch|p1a: Gardevoir|Gardevoir, F|100/100
|-ability|p1a: Gardevoir|Volt Absorb|[from] ability: Trace|[of] p2a: Thundurus
|turn|22
|
|t:|1743820058
|switch|p2a: Dondozo|Dondozo, F, shiny|100/100
|move|p1a: Gardevoir|Moonblast|p2a: Dondozo
|-damage|p2a: Dondozo|51/100
|
|-heal|p2a: Dondozo|57/100|[from] item: Leftovers
|upkeep
|turn|23
|
|t:|1743820066
|move|p1a: Gardevoir|Thunderbolt|p2a: Dondozo
|-supereffective|p2a: Dondozo
|-damage|p2a: Dondozo|0 fnt
|faint|p2a: Dondozo
|
|upkeep
|
|t:|1743820071
|switch|p2a: Thundurus|Thundurus-Therian, M|58/100
|turn|24
|
|t:|1743820074
|move|p2a: Thundurus|Sludge Bomb|p1a: Gardevoir
|-supereffective|p1a: Gardevoir
|-damage|p1a: Gardevoir|17/100
|-status|p1a: Gardevoir|psn
|move|p1a: Gardevoir|Thunderbolt|p2a: Thundurus
|-heal|p2a: Thundurus|83/100|[from] ability: Volt Absorb|[of] p1a: Gardevoir
|
|-damage|p1a: Gardevoir|5/100 psn|[from] psn
|upkeep
|turn|25
|
|t:|1743820080
|switch|p1a: Corviknight|Corviknight, M|65/100
|-ability|p1a: Corviknight|Pressure
|move|p2a: Thundurus|Sludge Bomb|p1a: Corviknight
|-immune|p1a: Corviknight
|
|upkeep
|turn|26
|
|t:|1743820087
|switch|p2a: Salamence|Salamence, M|91/100
|-ability|p2a: Salamence|Intimidate|boost
|-unboost|p1a: Corviknight|atk|1
|move|p1a: Corviknight|Iron Defense|p1a: Corviknight
|-boost|p1a: Corviknight|def|2
|
|upkeep
|turn|27
|
|t:|1743820093
|switch|p2a: Thundurus|Thundurus-Therian, M|83/100
|move|p1a: Corviknight|Body Press|p2a: Thundurus
|-resisted|p2a: Thundurus
|-damage|p2a: Thundurus|46/100
|
|upkeep
|turn|28
|
|t:|1743820101
|move|p2a: Thundurus|Thunderbolt|p1a: Corviknight
|-supereffective|p1a: Corviknight
|-damage|p1a: Corviknight|0 fnt
|faint|p1a: Corviknight
|
|upkeep
|
|t:|1743820104
|switch|p1a: Gardevoir|Gardevoir, F|5/100 psn
|-ability|p1a: Gardevoir|Volt Absorb|[from] ability: Trace|[of] p2a: Thundurus
|turn|29
|
|t:|1743820111
|move|p2a: Thundurus|Thunderbolt|p1a: Gardevoir
|-heal|p1a: Gardevoir|30/100 psn|[from] ability: Volt Absorb|[of] p2a: Thundurus
|move|p1a: Gardevoir|Moonblast|p2a: Thundurus
|-damage|p2a: Thundurus|0 fnt
|faint|p2a: Thundurus
|
|-damage|p1a: Gardevoir|18/100 psn|[from] psn
|upkeep
|
|t:|1743820116
|switch|p2a: Salamence|Salamence, M|91/100
|-ability|p2a: Salamence|Intimidate|boost
|-unboost|p1a: Gardevoir|atk|1
|turn|30
|
|t:|1743820124
|move|p2a: Salamence|Earthquake|p1a: Gardevoir
|-damage|p1a: Gardevoir|0 fnt
|faint|p1a: Gardevoir
|-damage|p2a: Salamence|81/100|[from] item: Life Orb
|
|win|syfy57485
|raw|GN Radahn's rating: 1107 &rarr; <strong>1081</strong><br />(-26 for losing)
|raw|syfy57485's rating: 1099 &rarr; <strong>1125</strong><br />(+26 for winning)
