|j|☆Siisisihisia
|j|☆happyorunhappy
|t:|1743859466
|gametype|singles
|player|p1|Siisisihisia|101|1334
|player|p2|happyorunhappy|iono|1386
|teamsize|p1|6
|teamsize|p2|6
|gen|9
|tier|[Gen 9] OU
|rated|
|rule|HP Percentage Mod: HP is shown in percentages
|rule|Endless Battle Clause: Forcing endless battles is banned
|rule|Species Clause: Limit one of each Pokémon
|rule|OHKO Clause: OHKO moves are banned
|rule|Evasion Items Clause: Evasion items are banned
|rule|Evasion Moves Clause: Evasion moves are banned
|rule|Sleep Moves Clause: Sleep-inducing moves are banned
|clearpoke
|poke|p1|Enamorus, F|
|poke|p1|Tyranitar, F|
|poke|p1|Excadrill, M|
|poke|p1|Weezing, M|
|poke|p1|Gliscor, M|
|poke|p1|Gengar, F|
|poke|p2|Tornadus-Therian, M|
|poke|p2|Tyranitar, M|
|poke|p2|Excadrill, M|
|poke|p2|Espeon, F|
|poke|p2|Hippowdon, M|
|poke|p2|Corviknight, M|
|teampreview
|inactive|Battle timer is ON: inactive players will automatically lose when time's up. (requested by happyorunhappy)
|
|t:|1743859484
|start
|switch|p1a: Enamorus|Enamorus, F|100/100
|switch|p2a: Hippowdon|Hippowdon, M, shiny|100/100
|-weather|Sandstorm|[from] ability: Sand Stream|[of] p2a: Hippowdon
|turn|1
|c|☆happyorunhappy|glhf
|
|t:|1743859488
|move|p1a: Enamorus|Moonblast|p2a: Hippowdon
|-damage|p2a: Hippowdon|43/100
|-unboost|p2a: Hippowdon|spa|1
|move|p2a: Hippowdon|Heavy Slam|p1a: Enamorus
|-supereffective|p1a: Enamorus
|-damage|p1a: Enamorus|0 fnt
|faint|p1a: Enamorus
|
|-weather|Sandstorm|[upkeep]
|upkeep
|
|t:|1743859495
|switch|p1a: Gengar|Gengar, F|100/100
|turn|2
|
|t:|1743859499
|move|p1a: Gengar|Shadow Ball|p2a: Hippowdon
|-damage|p2a: Hippowdon|0 fnt
|faint|p2a: Hippowdon
|
|-weather|Sandstorm|[upkeep]
|-damage|p1a: Gengar|94/100|[from] Sandstorm
|upkeep
|
|t:|1743859506
|switch|p2a: Espeon|Espeon, F|100/100
|turn|3
|
|t:|1743859513
|switch|p1a: Gliscor|Gliscor, M|100/100
|move|p2a: Espeon|Psychic Noise|p1a: Gliscor
|-damage|p1a: Gliscor|69/100
|-start|p1a: Gliscor|move: Heal Block
|
|-weather|Sandstorm|[upkeep]
|-damage|p2a: Espeon|95/100|[from] Sandstorm
|-status|p1a: Gliscor|tox|[from] item: Toxic Orb
|upkeep
|turn|4
|
|t:|1743859520
|switch|p2a: Corviknight|Corviknight, M, shiny|100/100
|-ability|p2a: Corviknight|Pressure
|switch|p1a: Tyranitar|Tyranitar, F|100/100
|
|-weather|Sandstorm|[upkeep]
|upkeep
|turn|5
|
|t:|1743859527
|switch|p1a: Gengar|Gengar, F|94/100
|move|p2a: Corviknight|U-turn|p1a: Gengar
|-resisted|p1a: Gengar
|-damage|p1a: Gengar|88/100
|
|t:|1743859531
|switch|p2a: Espeon|Espeon, F|95/100|[from] U-turn
|
|-weather|Sandstorm|[upkeep]
|-damage|p2a: Espeon|89/100|[from] Sandstorm
|-damage|p1a: Gengar|82/100|[from] Sandstorm
|upkeep
|turn|6
|
|t:|1743859534
|switch|p1a: Tyranitar|Tyranitar, F|100/100
|move|p2a: Espeon|Psychic Noise|p1a: Tyranitar
|-immune|p1a: Tyranitar
|
|-weather|Sandstorm|[upkeep]
|-damage|p2a: Espeon|83/100|[from] Sandstorm
|upkeep
|turn|7
|
|t:|1743859538
|switch|p2a: Corviknight|Corviknight, M, shiny|100/100
|-ability|p2a: Corviknight|Pressure
|move|p1a: Tyranitar|Stealth Rock|p2a: Corviknight
|-sidestart|p2: happyorunhappy|move: Stealth Rock
|
|-weather|Sandstorm|[upkeep]
|upkeep
|turn|8
|
|t:|1743859547
|move|p2a: Corviknight|Defog|p1a: Tyranitar
|-unboost|p1a: Tyranitar|evasion|1
|-sideend|p2: happyorunhappy|Stealth Rock|[from] move: Defog|[of] p2a: Corviknight
|move|p1a: Tyranitar|Knock Off|p2a: Corviknight
|-damage|p2a: Corviknight|71/100
|-damage|p1a: Tyranitar|84/100|[from] item: Rocky Helmet|[of] p2a: Corviknight
|-enditem|p2a: Corviknight|Rocky Helmet|[from] move: Knock Off|[of] p1a: Tyranitar
|
|-weather|none
|upkeep
|turn|9
|
|t:|1743859558
|switch|p1a: Gliscor|Gliscor, M|69/100 tox
|move|p2a: Corviknight|U-turn|p1a: Gliscor
|-resisted|p1a: Gliscor
|-damage|p1a: Gliscor|63/100 tox
|
|t:|1743859562
|switch|p2a: Tornadus|Tornadus-Therian, M, shiny|100/100|[from] U-turn
|
|-heal|p1a: Gliscor|76/100 tox|[from] ability: Poison Heal
|upkeep
|turn|10
|
|t:|1743859565
|move|p1a: Gliscor|Protect|p1a: Gliscor
|-singleturn|p1a: Gliscor|Protect
|move|p2a: Tornadus|Bleakwind Storm|p1a: Gliscor
|-activate|p1a: Gliscor|move: Protect
|
|-heal|p1a: Gliscor|88/100 tox|[from] ability: Poison Heal
|upkeep
|turn|11
|
|t:|1743859569
|move|p2a: Tornadus|Bleakwind Storm|p1a: Gliscor
|-damage|p1a: Gliscor|52/100 tox
|move|p1a: Gliscor|Toxic|p2a: Tornadus|[miss]
|-miss|p1a: Gliscor|p2a: Tornadus
|
|-heal|p1a: Gliscor|65/100 tox|[from] ability: Poison Heal
|upkeep
|turn|12
|
|t:|1743859574
|move|p1a: Gliscor|Protect|p1a: Gliscor
|-singleturn|p1a: Gliscor|Protect
|move|p2a: Tornadus|U-turn|p1a: Gliscor
|-activate|p1a: Gliscor|move: Protect
|
|-heal|p1a: Gliscor|77/100 tox|[from] ability: Poison Heal
|upkeep
|turn|13
|
|t:|1743859576
|move|p2a: Tornadus|U-turn|p1a: Gliscor
|-resisted|p1a: Gliscor
|-damage|p1a: Gliscor|72/100 tox
|
|t:|1743859579
|switch|p2a: Corviknight|Corviknight, M, shiny|71/100|[from] U-turn
|-ability|p2a: Corviknight|Pressure
|move|p1a: Gliscor|Toxic|p2a: Corviknight
|-immune|p2a: Corviknight
|
|-heal|p1a: Gliscor|84/100 tox|[from] ability: Poison Heal
|upkeep
|turn|14
|
|t:|1743859585
|move|p1a: Gliscor|Spikes|p2a: Corviknight
|-sidestart|p2: happyorunhappy|Spikes
|move|p2a: Corviknight|U-turn|p1a: Gliscor
|-resisted|p1a: Gliscor
|-damage|p1a: Gliscor|78/100 tox
|
|t:|1743859589
|switch|p2a: Tyranitar|Tyranitar, M, shiny|100/100|[from] U-turn
|-damage|p2a: Tyranitar|88/100|[from] Spikes
|-weather|Sandstorm|[from] ability: Sand Stream|[of] p2a: Tyranitar
|
|-weather|Sandstorm|[upkeep]
|-heal|p1a: Gliscor|90/100 tox|[from] ability: Poison Heal
|upkeep
|turn|15
|
|t:|1743859598
|move|p1a: Gliscor|Protect|p1a: Gliscor
|-singleturn|p1a: Gliscor|Protect
|move|p2a: Tyranitar|Knock Off|p1a: Gliscor
|-activate|p1a: Gliscor|move: Protect
|
|-weather|Sandstorm|[upkeep]
|-heal|p1a: Gliscor|100/100 tox|[from] ability: Poison Heal
|upkeep
|turn|16
|
|t:|1743859602
|move|p1a: Gliscor|Earthquake|p2a: Tyranitar
|-supereffective|p2a: Tyranitar
|-damage|p2a: Tyranitar|41/100
|move|p2a: Tyranitar|Knock Off|p1a: Gliscor
|-damage|p1a: Gliscor|29/100 tox
|-enditem|p1a: Gliscor|Toxic Orb|[from] move: Knock Off|[of] p2a: Tyranitar
|
|-weather|Sandstorm|[upkeep]
|-heal|p1a: Gliscor|41/100 tox|[from] ability: Poison Heal
|upkeep
|turn|17
|
|t:|1743859609
|switch|p2a: Espeon|Espeon, F|83/100
|-damage|p2a: Espeon|71/100|[from] Spikes
|move|p1a: Gliscor|Protect||[still]
|-fail|p1a: Gliscor
|
|-weather|Sandstorm|[upkeep]
|-damage|p2a: Espeon|65/100|[from] Sandstorm
|-heal|p1a: Gliscor|54/100 tox|[from] ability: Poison Heal
|upkeep
|turn|18
|
|t:|1743859615
|move|p1a: Gliscor|Protect|p1a: Gliscor
|-singleturn|p1a: Gliscor|Protect
|move|p2a: Espeon|Weather Ball|p1a: Gliscor
|-activate|p1a: Gliscor|move: Protect
|
|-weather|none
|-heal|p1a: Gliscor|66/100 tox|[from] ability: Poison Heal
|upkeep
|turn|19
|
|t:|1743859621
|switch|p2a: Corviknight|Corviknight, M, shiny|71/100
|-ability|p2a: Corviknight|Pressure
|switch|p1a: Tyranitar|Tyranitar, F|84/100
|-weather|Sandstorm|[from] ability: Sand Stream|[of] p1a: Tyranitar
|
|-weather|Sandstorm|[upkeep]
|upkeep
|turn|20
|
|t:|1743859635
|switch|p2a: Espeon|Espeon, F|65/100
|-damage|p2a: Espeon|53/100|[from] Spikes
|move|p1a: Tyranitar|Stealth Rock|p2a: Espeon
|move|p2a: Espeon|Stealth Rock|p1a: Tyranitar|[from] ability: Magic Bounce
|-sidestart|p1: Siisisihisia|move: Stealth Rock
|
|-weather|Sandstorm|[upkeep]
|-damage|p2a: Espeon|47/100|[from] Sandstorm
|upkeep
|turn|21
|
|t:|1743859643
|-terastallize|p2a: Espeon|Fighting
|move|p2a: Espeon|Tera Blast|p1a: Tyranitar|[anim] Tera Blast Fighting
|-supereffective|p1a: Tyranitar
|-damage|p1a: Tyranitar|0 fnt
|faint|p1a: Tyranitar
|
|-weather|Sandstorm|[upkeep]
|-damage|p2a: Espeon|41/100|[from] Sandstorm
|upkeep
|
|t:|1743859650
|switch|p1a: Gengar|Gengar, F|82/100
|-damage|p1a: Gengar|69/100|[from] Stealth Rock
|turn|22
|
|t:|1743859654
|switch|p2a: Tornadus|Tornadus-Therian, M, shiny|100/100
|move|p1a: Gengar|Focus Blast|p2a: Tornadus
|-resisted|p2a: Tornadus
|-damage|p2a: Tornadus|76/100
|
|-weather|Sandstorm|[upkeep]
|-damage|p2a: Tornadus|70/100|[from] Sandstorm
|-damage|p1a: Gengar|63/100|[from] Sandstorm
|upkeep
|turn|23
|
|t:|1743859663
|switch|p1a: Excadrill|Excadrill, M|100/100
|move|p2a: Tornadus|Weather Ball|p1a: Excadrill
|-resisted|p1a: Excadrill
|-damage|p1a: Excadrill|92/100
|
|-weather|none
|upkeep
|turn|24
|
|t:|1743859671
|move|p2a: Tornadus|Heat Wave|p1a: Excadrill
|-supereffective|p1a: Excadrill
|-damage|p1a: Excadrill|27/100
|move|p1a: Excadrill|Rapid Spin|p2a: Tornadus
|-damage|p2a: Tornadus|51/100
|-boost|p1a: Excadrill|spe|1
|-sideend|p1: Siisisihisia|Stealth Rock|[from] move: Rapid Spin|[of] p1a: Excadrill
|
|upkeep
|turn|25
|
|t:|1743859681
|switch|p1a: Gliscor|Gliscor, M|66/100 tox
|switch|p2a: Corviknight|Corviknight, M, shiny|71/100
|-ability|p2a: Corviknight|Pressure
|
|-heal|p1a: Gliscor|79/100 tox|[from] ability: Poison Heal
|upkeep
|turn|26
|
|t:|1743859684
|move|p1a: Gliscor|Protect|p1a: Gliscor
|-singleturn|p1a: Gliscor|Protect
|move|p2a: Corviknight|U-turn|p1a: Gliscor
|-activate|p1a: Gliscor|move: Protect
|
|-heal|p1a: Gliscor|91/100 tox|[from] ability: Poison Heal
|upkeep
|turn|27
|
|t:|1743859687
|switch|p1a: Gengar|Gengar, F|63/100
|switch|p2a: Espeon|Espeon, F, tera:Fighting|41/100
|-damage|p2a: Espeon|29/100|[from] Spikes
|
|upkeep
|turn|28
|
|t:|1743859691
|switch|p1a: Gliscor|Gliscor, M|91/100 tox
|move|p2a: Espeon|Psychic Noise|p1a: Gliscor
|-damage|p1a: Gliscor|60/100 tox
|-start|p1a: Gliscor|move: Heal Block
|
|upkeep
|turn|29
|
|t:|1743859700
|switch|p2a: Corviknight|Corviknight, M, shiny|71/100
|-ability|p2a: Corviknight|Pressure
|move|p1a: Gliscor|Protect||[still]
|-fail|p1a: Gliscor
|
|-end|p1a: Gliscor|move: Heal Block
|upkeep
|turn|30
|
|t:|1743859708
|move|p1a: Gliscor|Protect|p1a: Gliscor
|-singleturn|p1a: Gliscor|Protect
|move|p2a: Corviknight|U-turn|p1a: Gliscor
|-activate|p1a: Gliscor|move: Protect
|
|-heal|p1a: Gliscor|72/100 tox|[from] ability: Poison Heal
|upkeep
|turn|31
|
|t:|1743859720
|switch|p1a: Weezing|Weezing, M|100/100
|-ability|p1a: Weezing|Neutralizing Gas
|move|p2a: Corviknight|U-turn|p1a: Weezing
|-resisted|p1a: Weezing
|-damage|p1a: Weezing|96/100
|
|t:|1743859724
|switch|p2a: Espeon|Espeon, F, tera:Fighting|29/100|[from] U-turn
|-damage|p2a: Espeon|16/100|[from] Spikes
|
|upkeep
|turn|32
|
|t:|1743859740
|-end|p1a: Weezing|ability: Neutralizing Gas
|switch|p1a: Excadrill|Excadrill, M|27/100
|move|p2a: Espeon|Psychic Noise|p1a: Excadrill
|-resisted|p1a: Excadrill
|-crit|p1a: Excadrill
|-damage|p1a: Excadrill|0 fnt
|faint|p1a: Excadrill
|
|upkeep
|
|t:|1743859746
|switch|p1a: Gliscor|Gliscor, M|72/100 tox
|turn|33
|
|t:|1743859749
|move|p2a: Espeon|Psychic Noise|p1a: Gliscor
|-damage|p1a: Gliscor|41/100 tox
|-start|p1a: Gliscor|move: Heal Block
|move|p1a: Gliscor|Earthquake|p2a: Espeon
|-damage|p2a: Espeon|0 fnt
|faint|p2a: Espeon
|
|upkeep
|
|t:|1743859758
|switch|p2a: Tornadus|Tornadus-Therian, M, shiny|84/100
|turn|34
|
|t:|1743859763
|move|p1a: Gliscor|Protect|p1a: Gliscor
|-singleturn|p1a: Gliscor|Protect
|move|p2a: Tornadus|Bleakwind Storm|p1a: Gliscor
|-activate|p1a: Gliscor|move: Protect
|
|-end|p1a: Gliscor|move: Heal Block
|upkeep
|turn|35
|
|t:|1743859769
|switch|p1a: Weezing|Weezing, M|96/100
|-ability|p1a: Weezing|Neutralizing Gas
|move|p2a: Tornadus|Bleakwind Storm|p1a: Weezing
|-damage|p1a: Weezing|35/100
|
|upkeep
|turn|36
|
|t:|1743859776
|move|p2a: Tornadus|Bleakwind Storm|p1a: Weezing
|-damage|p1a: Weezing|0 fnt
|faint|p1a: Weezing
|-end|p1a: Weezing|ability: Neutralizing Gas
|
|upkeep
|
|t:|1743859779
|switch|p1a: Gengar|Gengar, F|63/100
|turn|37
|
|t:|1743859781
|move|p2a: Tornadus|Bleakwind Storm|p1a: Gengar
|-damage|p1a: Gengar|0 fnt
|faint|p1a: Gengar
|
|upkeep
|
|t:|1743859784
|switch|p1a: Gliscor|Gliscor, M|41/100 tox
|turn|38
|
|t:|1743859787
|move|p1a: Gliscor|Protect|p1a: Gliscor
|-singleturn|p1a: Gliscor|Protect
|move|p2a: Tornadus|Bleakwind Storm|p1a: Gliscor
|-activate|p1a: Gliscor|move: Protect
|
|-heal|p1a: Gliscor|54/100 tox|[from] ability: Poison Heal
|upkeep
|turn|39
|
|t:|1743859791
|move|p2a: Tornadus|Bleakwind Storm|p1a: Gliscor
|-damage|p1a: Gliscor|19/100 tox
|move|p1a: Gliscor|Toxic|p2a: Tornadus
|-status|p2a: Tornadus|tox
|
|-damage|p2a: Tornadus|78/100 tox|[from] psn
|-heal|p1a: Gliscor|32/100 tox|[from] ability: Poison Heal
|upkeep
|turn|40
|
|t:|1743859796
|move|p1a: Gliscor|Protect|p1a: Gliscor
|-singleturn|p1a: Gliscor|Protect
|move|p2a: Tornadus|Bleakwind Storm|p1a: Gliscor
|-activate|p1a: Gliscor|move: Protect
|
|-damage|p2a: Tornadus|65/100 tox|[from] psn
|-heal|p1a: Gliscor|44/100 tox|[from] ability: Poison Heal
|upkeep
|turn|41
|
|t:|1743859800
|move|p2a: Tornadus|Bleakwind Storm|p1a: Gliscor
|-damage|p1a: Gliscor|10/100 tox
|move|p1a: Gliscor|Spikes|p2a: Tornadus
|-sidestart|p2: happyorunhappy|Spikes
|
|-damage|p2a: Tornadus|46/100 tox|[from] psn
|-heal|p1a: Gliscor|22/100 tox|[from] ability: Poison Heal
|upkeep
|turn|42
|
|t:|1743859804
|move|p1a: Gliscor|Protect|p1a: Gliscor
|-singleturn|p1a: Gliscor|Protect
|move|p2a: Tornadus|Bleakwind Storm|p1a: Gliscor
|-activate|p1a: Gliscor|move: Protect
|
|-damage|p2a: Tornadus|22/100 tox|[from] psn
|-heal|p1a: Gliscor|34/100 tox|[from] ability: Poison Heal
|upkeep
|turn|43
|
|t:|1743859806
|move|p1a: Gliscor|Protect||[still]
|-fail|p1a: Gliscor
|move|p2a: Tornadus|Bleakwind Storm|p1a: Gliscor|[miss]
|-miss|p2a: Tornadus|p1a: Gliscor
|
|-damage|p2a: Tornadus|0 fnt|[from] psn
|faint|p2a: Tornadus
|-heal|p1a: Gliscor|47/100 tox|[from] ability: Poison Heal
|upkeep
|
|t:|1743859813
|switch|p2a: Tyranitar|Tyranitar, M, shiny|41/100
|-damage|p2a: Tyranitar|24/100|[from] Spikes
|-weather|Sandstorm|[from] ability: Sand Stream|[of] p2a: Tyranitar
|turn|44
|
|t:|1743859816
|move|p1a: Gliscor|Protect|p1a: Gliscor
|-singleturn|p1a: Gliscor|Protect
|move|p2a: Tyranitar|Stone Edge|p1a: Gliscor
|-activate|p1a: Gliscor|move: Protect
|
|-weather|Sandstorm|[upkeep]
|-heal|p1a: Gliscor|59/100 tox|[from] ability: Poison Heal
|upkeep
|turn|45
|
|t:|1743859818
|move|p1a: Gliscor|Earthquake|p2a: Tyranitar
|-supereffective|p2a: Tyranitar
|-damage|p2a: Tyranitar|0 fnt
|faint|p2a: Tyranitar
|
|-weather|Sandstorm|[upkeep]
|-heal|p1a: Gliscor|72/100 tox|[from] ability: Poison Heal
|upkeep
|
|t:|1743859820
|switch|p2a: Excadrill|Excadrill, M, shiny|100/100
|-damage|p2a: Excadrill|84/100|[from] Spikes
|turn|46
|
|t:|1743859825
|move|p2a: Excadrill|Rock Slide|p1a: Gliscor
|-damage|p1a: Gliscor|40/100 tox
|-damage|p2a: Excadrill|74/100|[from] item: Life Orb
|move|p1a: Gliscor|Earthquake|p2a: Excadrill
|-supereffective|p2a: Excadrill
|-damage|p2a: Excadrill|0 fnt
|faint|p2a: Excadrill
|
|-weather|Sandstorm|[upkeep]
|-heal|p1a: Gliscor|52/100 tox|[from] ability: Poison Heal
|upkeep
|
|t:|1743859832
|switch|p2a: Corviknight|Corviknight, M, shiny|71/100
|-ability|p2a: Corviknight|Pressure
|turn|47
|
|t:|1743859837
|move|p1a: Gliscor|Toxic|p2a: Corviknight
|-immune|p2a: Corviknight
|move|p2a: Corviknight|Brave Bird|p1a: Gliscor
|-damage|p1a: Gliscor|24/100 tox
|-damage|p2a: Corviknight|63/100|[from] Recoil
|
|-weather|Sandstorm|[upkeep]
|-heal|p1a: Gliscor|37/100 tox|[from] ability: Poison Heal
|upkeep
|turn|48
|
|t:|1743859844
|move|p1a: Gliscor|Toxic|p2a: Corviknight
|-immune|p2a: Corviknight
|move|p2a: Corviknight|Brave Bird|p1a: Gliscor
|-damage|p1a: Gliscor|6/100 tox
|-damage|p2a: Corviknight|54/100|[from] Recoil
|
|-weather|none
|-heal|p1a: Gliscor|19/100 tox|[from] ability: Poison Heal
|upkeep
|turn|49
|
|t:|1743859850
|move|p1a: Gliscor|Protect|p1a: Gliscor
|-singleturn|p1a: Gliscor|Protect
|move|p2a: Corviknight|Brave Bird|p1a: Gliscor
|-activate|p1a: Gliscor|move: Protect
|
|-heal|p1a: Gliscor|31/100 tox|[from] ability: Poison Heal
|upkeep
|turn|50
|
|t:|1743859853
|move|p1a: Gliscor|Toxic|p2a: Corviknight
|-immune|p2a: Corviknight
|move|p2a: Corviknight|Brave Bird|p1a: Gliscor
|-damage|p1a: Gliscor|0 fnt
|faint|p1a: Gliscor
|-damage|p2a: Corviknight|45/100|[from] Recoil
|
|win|happyorunhappy
|raw|Siisisihisia's rating: 1334 &rarr; <strong>1317</strong><br />(-17 for losing)
|raw|happyorunhappy's rating: 1386 &rarr; <strong>1403</strong><br />(+17 for winning)
|l|☆Siisisihisia
|player|p1|
|j| 123lxy
|j| ldh666
|l| ldh666
|l| 123lxy
|j| xinshouSM
|l| xinshouSM
|j| lichenxin
|j| xinshouSM
|l|☆happyorunhappy
|player|p2|
|j| ahacjy
|l| ahacjy
