|j|☆Pyrez57
|j|☆OUZQ Kus
|t:|1743898079
|gametype|singles
|player|p1|Pyrez57|blue|1619
|player|p2|OUZQ Kus|rosa-masters|1625
|teamsize|p1|6
|teamsize|p2|6
|gen|9
|tier|[Gen 9] OU
|rated|
|rule|HP Percentage Mod: HP is shown in percentages
|rule|Endless Battle Clause: Forcing endless battles is banned
|rule|Species Clause: Limit one of each Pokémon
|rule|OHKO Clause: OHKO moves are banned
|rule|Evasion Items Clause: Evasion items are banned
|rule|Evasion Moves Clause: Evasion moves are banned
|rule|Sleep Moves Clause: Sleep-inducing moves are banned
|clearpoke
|poke|p1|Kingambit, M|
|poke|p1|Zapdos|
|poke|p1|Great Tusk|
|poke|p1|Grimmsnarl, M|
|poke|p1|Dragapult, M|
|poke|p1|Latios, M|
|poke|p2|Ting-Lu|
|poke|p2|Corviknight, F|
|poke|p2|Darkrai|
|poke|p2|Cinderace, M|
|poke|p2|Kyurem|
|poke|p2|Slowking-Galar, M|
|teampreview
|
|t:|1743898091
|start
|switch|p1a: Mr. Prince|Zapdos, shiny|100/100
|switch|p2a: Goodnight and Go|Darkrai|100/100
|turn|1
|j| deno_nemesis
|
|t:|1743898094
|switch|p2a: Headlock|Ting-Lu|100/100
|-ability|p2a: Headlock|Vessel of Ruin
|move|p1a: Mr. Prince|Hurricane|p2a: Headlock
|-damage|p2a: Headlock|76/100
|
|-heal|p2a: Headlock|83/100|[from] item: Leftovers
|upkeep
|turn|2
|
|t:|1743898099
|switch|p1a: Manwel|Great Tusk, shiny|100/100
|move|p2a: Headlock|Stealth Rock|p1a: Manwel
|-sidestart|p1: Pyrez57|move: Stealth Rock
|
|-heal|p2a: Headlock|89/100|[from] item: Leftovers
|upkeep
|turn|3
|
|t:|1743898102
|switch|p2a: Clear the Area|Corviknight, F|100/100
|-ability|p2a: Clear the Area|Pressure
|move|p1a: Manwel|Rapid Spin|p2a: Clear the Area
|-resisted|p2a: Clear the Area
|-damage|p2a: Clear the Area|96/100
|-boost|p1a: Manwel|spe|1
|-damage|p1a: Manwel|84/100|[from] item: Rocky Helmet|[of] p2a: Clear the Area
|-sideend|p1: Pyrez57|Stealth Rock|[from] move: Rapid Spin|[of] p1a: Manwel
|
|upkeep
|turn|4
|
|t:|1743898106
|-end|p1a: Manwel|Protosynthesis|[silent]
|switch|p1a: Goldberg|Grimmsnarl, M|100/100
|move|p2a: Clear the Area|U-turn|p1a: Goldberg
|-damage|p1a: Goldberg|84/100
|
|t:|1743898111
|switch|p2a: Daylight Robbery|Cinderace, M|100/100|[from] U-turn
|
|upkeep
|turn|5
|
|t:|1743898114
|move|p1a: Goldberg|Thunder Wave|p2a: Daylight Robbery
|-status|p2a: Daylight Robbery|par
|cant|p2a: Daylight Robbery|par
|
|upkeep
|turn|6
|
|t:|1743898118
|move|p1a: Goldberg|Parting Shot|p2a: Daylight Robbery
|-unboost|p2a: Daylight Robbery|atk|1
|-unboost|p2a: Daylight Robbery|spa|1
|
|t:|1743898120
|switch|p1a: Manwel|Great Tusk, shiny|84/100|[from] Parting Shot
|move|p2a: Daylight Robbery|Will-O-Wisp|p1a: Manwel
|-status|p1a: Manwel|brn
|
|-damage|p1a: Manwel|78/100 brn|[from] brn
|upkeep
|turn|7
|
|t:|1743898124
|-end|p1a: Manwel|Protosynthesis|[silent]
|switch|p1a: Mr. Prince|Zapdos, shiny|100/100
|move|p2a: Daylight Robbery|U-turn|p1a: Mr. Prince
|-resisted|p1a: Mr. Prince
|-damage|p1a: Mr. Prince|94/100
|
|t:|1743898126
|switch|p2a: Headlock|Ting-Lu|89/100|[from] U-turn
|-ability|p2a: Headlock|Vessel of Ruin
|
|-heal|p2a: Headlock|95/100|[from] item: Leftovers
|upkeep
|turn|8
|
|t:|1743898128
|move|p1a: Mr. Prince|Hurricane|p2a: Headlock|[miss]
|-miss|p1a: Mr. Prince|p2a: Headlock
|move|p2a: Headlock|Ruination|p1a: Mr. Prince
|-damage|p1a: Mr. Prince|47/100
|
|-heal|p2a: Headlock|100/100|[from] item: Leftovers
|upkeep
|turn|9
|j| pedroemiya
|
|t:|1743898131
|move|p1a: Mr. Prince|Hurricane|p2a: Headlock|[miss]
|-miss|p1a: Mr. Prince|p2a: Headlock
|move|p2a: Headlock|Stealth Rock|p1a: Mr. Prince
|-sidestart|p1: Pyrez57|move: Stealth Rock
|
|upkeep
|turn|10
|
|t:|1743898134
|move|p1a: Mr. Prince|Hurricane|p2a: Headlock
|-damage|p2a: Headlock|77/100
|-start|p2a: Headlock|confusion
|-activate|p2a: Headlock|confusion
|move|p2a: Headlock|Earthquake|p1a: Mr. Prince
|-immune|p1a: Mr. Prince
|
|-heal|p2a: Headlock|83/100|[from] item: Leftovers
|upkeep
|turn|11
|
|t:|1743898139
|move|p1a: Mr. Prince|Hurricane|p2a: Headlock
|-damage|p2a: Headlock|59/100
|-activate|p2a: Headlock|confusion
|move|p2a: Headlock|Ruination|p1a: Mr. Prince
|-damage|p1a: Mr. Prince|24/100
|
|-heal|p2a: Headlock|65/100|[from] item: Leftovers
|upkeep
|turn|12
|
|t:|1743898144
|switch|p2a: Hide and Seek|Slowking-Galar, M|100/100
|move|p1a: Mr. Prince|Hurricane|p2a: Hide and Seek
|-damage|p2a: Hide and Seek|65/100
|
|upkeep
|turn|13
|
|t:|1743898149
|move|p1a: Mr. Prince|Roost|p1a: Mr. Prince
|-heal|p1a: Mr. Prince|74/100
|-singleturn|p1a: Mr. Prince|move: Roost
|-prepare|p2a: Hide and Seek|Chilly Reception|[premajor]
|move|p2a: Hide and Seek|Chilly Reception|p2a: Hide and Seek
|-weather|Snowscape
|
|t:|1743898151
|switch|p2a: Headlock|Ting-Lu|65/100|[from] Chilly Reception
|-ability|p2a: Headlock|Vessel of Ruin
|
|-weather|Snowscape|[upkeep]
|-heal|p2a: Headlock|72/100|[from] item: Leftovers
|upkeep
|turn|14
|
|t:|1743898154
|move|p1a: Mr. Prince|Hurricane|p2a: Headlock
|-damage|p2a: Headlock|48/100
|move|p2a: Headlock|Ruination|p1a: Mr. Prince|[miss]
|-miss|p2a: Headlock|p1a: Mr. Prince
|
|-weather|Snowscape|[upkeep]
|-heal|p2a: Headlock|54/100|[from] item: Leftovers
|upkeep
|turn|15
|
|t:|1743898161
|move|p1a: Mr. Prince|Hurricane|p2a: Headlock
|-damage|p2a: Headlock|28/100
|move|p2a: Headlock|Ruination|p1a: Mr. Prince
|-damage|p1a: Mr. Prince|37/100
|
|-weather|Snowscape|[upkeep]
|-heal|p2a: Headlock|34/100|[from] item: Leftovers
|upkeep
|turn|16
|
|t:|1743898166
|move|p1a: Mr. Prince|Hurricane|p2a: Headlock
|-damage|p2a: Headlock|8/100
|move|p2a: Headlock|Whirlwind|p1a: Mr. Prince
|drag|p1a: Goldberg|Grimmsnarl, M|84/100
|-damage|p1a: Goldberg|72/100|[from] Stealth Rock
|
|-weather|Snowscape|[upkeep]
|-heal|p2a: Headlock|14/100|[from] item: Leftovers
|upkeep
|turn|17
|
|t:|1743898173
|switch|p2a: Daylight Robbery|Cinderace, M|100/100 par
|move|p1a: Goldberg|Reflect|p1a: Goldberg
|-sidestart|p1: Pyrez57|Reflect
|
|-weather|none
|upkeep
|turn|18
|
|t:|1743898177
|move|p1a: Goldberg|Parting Shot|p2a: Daylight Robbery
|-unboost|p2a: Daylight Robbery|atk|1
|-unboost|p2a: Daylight Robbery|spa|1
|
|t:|1743898181
|switch|p1a: Mr. Prince|Zapdos, shiny|37/100|[from] Parting Shot
|move|p2a: Daylight Robbery|U-turn|p1a: Mr. Prince
|-resisted|p1a: Mr. Prince
|-damage|p1a: Mr. Prince|35/100
|
|t:|1743898183
|switch|p2a: Headlock|Ting-Lu|14/100|[from] U-turn
|-ability|p2a: Headlock|Vessel of Ruin
|
|-heal|p2a: Headlock|20/100|[from] item: Leftovers
|upkeep
|turn|19
|
|t:|1743898187
|switch|p2a: Hide and Seek|Slowking-Galar, M|98/100
|move|p1a: Mr. Prince|Roost|p1a: Mr. Prince
|-heal|p1a: Mr. Prince|85/100
|-singleturn|p1a: Mr. Prince|move: Roost
|
|upkeep
|turn|20
|
|t:|1743898190
|move|p1a: Mr. Prince|Hurricane|p2a: Hide and Seek|[miss]
|-miss|p1a: Mr. Prince|p2a: Hide and Seek
|-prepare|p2a: Hide and Seek|Chilly Reception|[premajor]
|move|p2a: Hide and Seek|Chilly Reception|p2a: Hide and Seek
|-weather|Snowscape
|
|t:|1743898192
|switch|p2a: Headlock|Ting-Lu|20/100|[from] Chilly Reception
|-ability|p2a: Headlock|Vessel of Ruin
|
|-weather|Snowscape|[upkeep]
|-heal|p2a: Headlock|27/100|[from] item: Leftovers
|upkeep
|turn|21
|
|t:|1743898194
|switch|p2a: Hide and Seek|Slowking-Galar, M|100/100
|move|p1a: Mr. Prince|Hurricane|p2a: Hide and Seek|[miss]
|-miss|p1a: Mr. Prince|p2a: Hide and Seek
|
|-weather|Snowscape|[upkeep]
|upkeep
|turn|22
|
|t:|1743898196
|move|p1a: Mr. Prince|Hurricane|p2a: Hide and Seek|[miss]
|-miss|p1a: Mr. Prince|p2a: Hide and Seek
|-prepare|p2a: Hide and Seek|Chilly Reception|[premajor]
|move|p2a: Hide and Seek|Chilly Reception|p2a: Hide and Seek
|
|t:|1743898198
|switch|p2a: Headlock|Ting-Lu|27/100|[from] Chilly Reception
|-ability|p2a: Headlock|Vessel of Ruin
|
|-weather|Snowscape|[upkeep]
|-heal|p2a: Headlock|33/100|[from] item: Leftovers
|upkeep
|turn|23
|
|t:|1743898201
|switch|p2a: Hide and Seek|Slowking-Galar, M|100/100
|move|p1a: Mr. Prince|Hurricane|p2a: Hide and Seek|[miss]
|-miss|p1a: Mr. Prince|p2a: Hide and Seek
|
|-weather|Snowscape|[upkeep]
|upkeep
|turn|24
|
|t:|1743898204
|move|p1a: Mr. Prince|Volt Switch|p2a: Hide and Seek
|-damage|p2a: Hide and Seek|78/100
|
|t:|1743898205
|switch|p1a: SR-71 BlkBrd|Dragapult, M, shiny|100/100|[from] Volt Switch
|-damage|p1a: SR-71 BlkBrd|88/100|[from] Stealth Rock
|-prepare|p2a: Hide and Seek|Chilly Reception|[premajor]
|move|p2a: Hide and Seek|Chilly Reception|p2a: Hide and Seek
|
|t:|1743898209
|switch|p2a: Goodnight and Go|Darkrai|100/100|[from] Chilly Reception
|
|-weather|none
|-sideend|p1: Pyrez57|Reflect
|upkeep
|turn|25
|
|t:|1743898213
|move|p2a: Goodnight and Go|Dark Pulse|p1a: SR-71 BlkBrd
|-supereffective|p1a: SR-71 BlkBrd
|-damage|p1a: SR-71 BlkBrd|0 fnt
|faint|p1a: SR-71 BlkBrd
|
|upkeep
|
|t:|1743898216
|switch|p1a: King Tars|Kingambit, M|100/100
|-damage|p1a: King Tars|94/100|[from] Stealth Rock
|-activate|p1a: King Tars|ability: Supreme Overlord
|-start|p1a: King Tars|fallen1|[silent]
|turn|26
|
|t:|1743898218
|switch|p2a: Daylight Robbery|Cinderace, M|100/100 par
|-end|p1a: King Tars|fallen1|[silent]
|switch|p1a: Mr. Prince|Zapdos, shiny|85/100
|
|upkeep
|turn|27
|
|t:|1743898220
|switch|p2a: Hide and Seek|Slowking-Galar, M|100/100
|move|p1a: Mr. Prince|Hurricane|p2a: Hide and Seek|[miss]
|-miss|p1a: Mr. Prince|p2a: Hide and Seek
|
|upkeep
|turn|28
|
|t:|1743898222
|move|p1a: Mr. Prince|Volt Switch|p2a: Hide and Seek
|-damage|p2a: Hide and Seek|78/100
|
|t:|1743898228
|switch|p1a: King Tars|Kingambit, M|94/100|[from] Volt Switch
|-damage|p1a: King Tars|88/100|[from] Stealth Rock
|-activate|p1a: King Tars|ability: Supreme Overlord
|-start|p1a: King Tars|fallen1|[silent]
|-prepare|p2a: Hide and Seek|Chilly Reception|[premajor]
|move|p2a: Hide and Seek|Chilly Reception|p2a: Hide and Seek
|-weather|Snowscape
|
|t:|1743898232
|switch|p2a: Goodnight and Go|Darkrai|100/100|[from] Chilly Reception
|
|-weather|Snowscape|[upkeep]
|upkeep
|turn|29
|-message|Pyrez57 forfeited.
|
|win|OUZQ Kus
|raw|Pyrez57's rating: 1619 &rarr; <strong>1599</strong><br />(-20 for losing)
|raw|OUZQ Kus's rating: 1625 &rarr; <strong>1645</strong><br />(+20 for winning)
|l|☆Pyrez57
|player|p1|
