|j|☆mathiak
|j|☆crkk
|t:|1743907004
|gametype|singles
|player|p1|mathiak|nate|1159
|player|p2|crkk|102|1099
|teamsize|p1|6
|teamsize|p2|6
|gen|9
|tier|[Gen 9] OU
|rated|
|rule|HP Percentage Mod: HP is shown in percentages
|rule|Endless Battle Clause: Forcing endless battles is banned
|rule|Species Clause: Limit one of each Pokémon
|rule|OHKO Clause: OHKO moves are banned
|rule|Evasion Items Clause: Evasion items are banned
|rule|Evasion Moves Clause: Evasion moves are banned
|rule|Sleep Moves Clause: Sleep-inducing moves are banned
|clearpoke
|poke|p1|Pelipper, F|
|poke|p1|Ogerpon-Wellspring, F|
|poke|p1|Zapdos|
|poke|p1|Raging Bolt|
|poke|p1|Iron Treads|
|poke|p1|Kingambit, M|
|poke|p2|Goodra-Hisui, F|
|poke|p2|Ting-Lu|
|poke|p2|Toxapex, M|
|poke|p2|Kleavor, M|
|poke|p2|Snorlax, F|
|poke|p2|Ceruledge, M|
|teampreview
|
|t:|1743907011
|start
|switch|p1a: Pelipper|Pelipper, F, shiny|100/100
|switch|p2a: Snorlax|Snorlax, F|100/100
|-weather|RainDance|[from] ability: Drizzle|[of] p1a: Pelipper
|turn|1
|
|t:|1743907018
|move|p1a: Pelipper|Weather Ball|p2a: Snorlax
|-damage|p2a: Snorlax|71/100
|move|p2a: Snorlax|Curse|p2a: Snorlax
|-unboost|p2a: Snorlax|spe|1
|-boost|p2a: Snorlax|atk|1
|-boost|p2a: Snorlax|def|1
|
|-weather|RainDance|[upkeep]
|-heal|p2a: Snorlax|77/100|[from] item: Leftovers
|upkeep
|turn|2
|
|t:|1743907022
|move|p1a: Pelipper|Weather Ball|p2a: Snorlax
|-damage|p2a: Snorlax|50/100
|move|p2a: Snorlax|Curse|p2a: Snorlax
|-unboost|p2a: Snorlax|spe|1
|-boost|p2a: Snorlax|atk|1
|-boost|p2a: Snorlax|def|1
|
|-weather|RainDance|[upkeep]
|-heal|p2a: Snorlax|56/100|[from] item: Leftovers
|upkeep
|turn|3
|inactive|Battle timer is ON: inactive players will automatically lose when time's up. (requested by mathiak)
|
|t:|1743907031
|move|p1a: Pelipper|Weather Ball|p2a: Snorlax
|-damage|p2a: Snorlax|28/100
|move|p2a: Snorlax|Rest|p2a: Snorlax
|-status|p2a: Snorlax|slp|[from] move: Rest
|-heal|p2a: Snorlax|100/100 slp|[silent]
|
|-weather|RainDance|[upkeep]
|upkeep
|turn|4
|
|t:|1743907049
|move|p1a: Pelipper|Weather Ball|p2a: Snorlax
|-damage|p2a: Snorlax|72/100 slp
|cant|p2a: Snorlax|slp
|
|-weather|RainDance|[upkeep]
|-heal|p2a: Snorlax|79/100 slp|[from] item: Leftovers
|upkeep
|turn|5
|
|t:|1743907059
|move|p1a: Pelipper|Weather Ball|p2a: Snorlax
|-damage|p2a: Snorlax|50/100 slp
|cant|p2a: Snorlax|slp
|
|-weather|none
|-heal|p2a: Snorlax|56/100 slp|[from] item: Leftovers
|upkeep
|turn|6
|
|t:|1743907071
|switch|p1a: Kingambit|Kingambit, M, shiny|100/100
|-curestatus|p2a: Snorlax|slp|[msg]
|move|p2a: Snorlax|Body Slam|p1a: Kingambit
|-resisted|p1a: Kingambit
|-damage|p1a: Kingambit|78/100
|
|-heal|p2a: Snorlax|63/100|[from] item: Leftovers
|upkeep
|turn|7
|
|t:|1743907083
|-terastallize|p1a: Kingambit|Ghost
|move|p1a: Kingambit|Swords Dance|p1a: Kingambit
|-boost|p1a: Kingambit|atk|2
|move|p2a: Snorlax|Heat Crash|p1a: Kingambit
|-damage|p1a: Kingambit|49/100
|
|-heal|p2a: Snorlax|69/100|[from] item: Leftovers
|upkeep
|turn|8
|
|t:|1743907092
|move|p1a: Kingambit|Swords Dance|p1a: Kingambit
|-boost|p1a: Kingambit|atk|2
|move|p2a: Snorlax|Heat Crash|p1a: Kingambit
|-damage|p1a: Kingambit|19/100
|
|-heal|p2a: Snorlax|75/100|[from] item: Leftovers
|upkeep
|turn|9
|
|t:|1743907105
|move|p1a: Kingambit|Sucker Punch|p2a: Snorlax
|-damage|p2a: Snorlax|0 fnt
|faint|p2a: Snorlax
|
|upkeep
|
|t:|1743907108
|switch|p2a: Ceruledge|Ceruledge, M|100/100
|turn|10
|
|t:|1743907115
|move|p2a: Ceruledge|Shadow Sneak|p1a: Kingambit
|-supereffective|p1a: Kingambit
|-damage|p1a: Kingambit|0 fnt
|faint|p1a: Kingambit
|-end|p1a: Kingambit|fallenundefined|[silent]
|
|upkeep
|
|t:|1743907119
|switch|p1a: Pelipper|Pelipper, F, shiny|100/100
|-weather|RainDance|[from] ability: Drizzle|[of] p1a: Pelipper
|turn|11
|
|t:|1743907146
|switch|p2a: Toxapex|Toxapex, M|100/100
|move|p1a: Pelipper|Weather Ball|p2a: Toxapex
|-resisted|p2a: Toxapex
|-damage|p2a: Toxapex|73/100
|
|-weather|RainDance|[upkeep]
|upkeep
|turn|12
|
|t:|1743907154
|switch|p1a: Zapdos|Zapdos, shiny|100/100
|move|p2a: Toxapex|Acid Spray|p1a: Zapdos
|-damage|p1a: Zapdos|88/100
|-unboost|p1a: Zapdos|spd|2
|
|-weather|RainDance|[upkeep]
|upkeep
|turn|13
|
|t:|1743907165
|move|p2a: Toxapex|Baneful Bunker|p2a: Toxapex
|-singleturn|p2a: Toxapex|move: Protect
|move|p1a: Zapdos|Volt Switch|p2a: Toxapex
|-activate|p2a: Toxapex|move: Protect
|
|-weather|RainDance|[upkeep]
|upkeep
|turn|14
|
|t:|1743907180
|switch|p2a: Goodra|Goodra-Hisui, F|100/100
|move|p1a: Zapdos|Volt Switch|p2a: Goodra
|-resisted|p2a: Goodra
|-damage|p2a: Goodra|94/100
|
|t:|1743907186
|switch|p1a: Iron Treads|Iron Treads, shiny|100/100|[from] Volt Switch
|
|-weather|RainDance|[upkeep]
|upkeep
|turn|15
|
|t:|1743907195
|move|p1a: Iron Treads|Earthquake|p2a: Goodra
|-supereffective|p2a: Goodra
|-damage|p2a: Goodra|4/100
|move|p2a: Goodra|Ice Beam|p1a: Iron Treads
|-damage|p1a: Iron Treads|60/100
|
|-weather|none
|-heal|p1a: Iron Treads|67/100|[from] item: Leftovers
|upkeep
|turn|16
|
|t:|1743907205
|move|p1a: Iron Treads|Rapid Spin|p2a: Goodra
|-resisted|p2a: Goodra
|-damage|p2a: Goodra|0 fnt
|-boost|p1a: Iron Treads|spe|1
|faint|p2a: Goodra
|
|-heal|p1a: Iron Treads|73/100|[from] item: Leftovers
|upkeep
|
|t:|1743907214
|switch|p2a: Toxapex|Toxapex, M|73/100
|turn|17
|
|t:|1743907218
|move|p1a: Iron Treads|Steel Beam|p2a: Toxapex
|-resisted|p2a: Toxapex
|-damage|p2a: Toxapex|58/100
|-damage|p1a: Iron Treads|23/100|[from] steelbeam
|move|p2a: Toxapex|Chilling Water|p1a: Iron Treads
|-supereffective|p1a: Iron Treads
|-crit|p1a: Iron Treads
|-damage|p1a: Iron Treads|0 fnt
|faint|p1a: Iron Treads
|-end|p1a: Iron Treads|Quark Drive|[silent]
|
|upkeep
|
|t:|1743907227
|switch|p1a: Zapdos|Zapdos, shiny|88/100
|turn|18
|
|t:|1743907233
|switch|p2a: Ting-Lu|Ting-Lu|100/100
|-ability|p2a: Ting-Lu|Vessel of Ruin
|move|p1a: Zapdos|Volt Switch|p2a: Ting-Lu
|-immune|p2a: Ting-Lu
|
|upkeep
|turn|19
|
|t:|1743907243
|switch|p1a: Ogerpon|Ogerpon-Wellspring, F|100/100
|move|p2a: Ting-Lu|Spikes|p1a: Ogerpon
|-sidestart|p1: mathiak|Spikes
|
|upkeep
|turn|20
|
|t:|1743907267
|switch|p2a: Toxapex|Toxapex, M|58/100
|move|p1a: Ogerpon|Ivy Cudgel|p2a: Toxapex|[anim] Ivy Cudgel Water
|-resisted|p2a: Toxapex
|-damage|p2a: Toxapex|33/100
|
|upkeep
|turn|21
|
|t:|1743907284
|move|p1a: Ogerpon|Power Whip|p2a: Toxapex
|-damage|p2a: Toxapex|0 fnt
|-damage|p1a: Ogerpon|84/100|[from] item: Rocky Helmet|[of] p2a: Toxapex
|faint|p2a: Toxapex
|
|upkeep
|
|t:|1743907287
|switch|p2a: Ceruledge|Ceruledge, M|100/100
|turn|22
|
|t:|1743907293
|move|p1a: Ogerpon|Knock Off|p2a: Ceruledge
|-supereffective|p2a: Ceruledge
|-enditem|p2a: Ceruledge|Focus Sash
|-damage|p2a: Ceruledge|1/100
|-ability|p2a: Ceruledge|Weak Armor|boost
|-unboost|p2a: Ceruledge|def|1
|-boost|p2a: Ceruledge|spe|2
|move|p2a: Ceruledge|Bitter Blade|p1a: Ogerpon
|-damage|p1a: Ogerpon|19/100
|-heal|p2a: Ceruledge|35/100|[from] drain|[of] p1a: Ogerpon
|
|upkeep
|turn|23
|
|t:|1743907310
|switch|p1a: Pelipper|Pelipper, F, shiny|100/100
|-weather|RainDance|[from] ability: Drizzle|[of] p1a: Pelipper
|move|p2a: Ceruledge|Shadow Sneak|p1a: Pelipper
|-damage|p1a: Pelipper|72/100
|
|-weather|RainDance|[upkeep]
|upkeep
|turn|24
|
|t:|1743907318
|move|p2a: Ceruledge|Poltergeist|p1a: Pelipper
|-activate|p1a: Pelipper|move: Poltergeist|Choice Scarf
|-damage|p1a: Pelipper|0 fnt
|faint|p1a: Pelipper
|
|-weather|RainDance|[upkeep]
|upkeep
|
|t:|1743907327
|switch|p1a: Raging Bolt|Raging Bolt|100/100
|turn|25
|
|t:|1743907333
|move|p1a: Raging Bolt|Thunderclap|p2a: Ceruledge
|-damage|p2a: Ceruledge|0 fnt
|faint|p2a: Ceruledge
|
|-weather|RainDance|[upkeep]
|upkeep
|
|t:|1743907338
|switch|p2a: Ting-Lu|Ting-Lu|100/100
|-ability|p2a: Ting-Lu|Vessel of Ruin
|turn|26
|
|t:|1743907343
|move|p1a: Raging Bolt|Taunt|p2a: Ting-Lu
|-start|p2a: Ting-Lu|move: Taunt
|move|p2a: Ting-Lu|Earthquake|p1a: Raging Bolt
|-supereffective|p1a: Raging Bolt
|-damage|p1a: Raging Bolt|24/100
|
|-weather|RainDance|[upkeep]
|upkeep
|turn|27
|
|t:|1743907347
|move|p1a: Raging Bolt|Dragon Pulse|p2a: Ting-Lu
|-damage|p2a: Ting-Lu|80/100
|move|p2a: Ting-Lu|Earthquake|p1a: Raging Bolt
|-supereffective|p1a: Raging Bolt
|-damage|p1a: Raging Bolt|0 fnt
|faint|p1a: Raging Bolt
|-end|p1a: Raging Bolt|Protosynthesis|[silent]
|
|-weather|none
|-heal|p2a: Ting-Lu|86/100|[from] item: Leftovers
|upkeep
|
|t:|1743907351
|switch|p1a: Ogerpon|Ogerpon-Wellspring, F|19/100
|-damage|p1a: Ogerpon|7/100|[from] Spikes
|turn|28
|
|t:|1743907354
|move|p1a: Ogerpon|Ivy Cudgel|p2a: Ting-Lu|[anim] Ivy Cudgel Water
|-supereffective|p2a: Ting-Lu
|-crit|p2a: Ting-Lu
|-damage|p2a: Ting-Lu|0 fnt
|faint|p2a: Ting-Lu
|
|upkeep
|
|t:|1743907357
|switch|p2a: Kleavor|Kleavor, M|100/100
|turn|29
|c|☆mathiak|that crit 100% mattered
|
|t:|1743907373
|move|p1a: Ogerpon|Ivy Cudgel|p2a: Kleavor|[anim] Ivy Cudgel Water
|-supereffective|p2a: Kleavor
|-enditem|p2a: Kleavor|Focus Sash
|-damage|p2a: Kleavor|1/100
|move|p2a: Kleavor|X-Scissor|p1a: Ogerpon
|-supereffective|p1a: Ogerpon
|-damage|p1a: Ogerpon|0 fnt
|faint|p1a: Ogerpon
|
|upkeep
|
|t:|1743907376
|switch|p1a: Zapdos|Zapdos, shiny|88/100
|turn|30
|
|t:|1743907382
|move|p2a: Kleavor|Stone Axe|p1a: Zapdos
|-supereffective|p1a: Zapdos
|-damage|p1a: Zapdos|9/100
|-sidestart|p1: mathiak|move: Stealth Rock
|move|p1a: Zapdos|Volt Switch|p2a: Kleavor
|-damage|p2a: Kleavor|0 fnt
|faint|p2a: Kleavor
|
|win|mathiak
|raw|mathiak's rating: 1159 &rarr; <strong>1180</strong><br />(+21 for winning)
|raw|crkk's rating: 1099 &rarr; <strong>1078</strong><br />(-21 for losing)
|c|☆mathiak|gg
|c|☆mathiak|close
|l|☆crkk
|player|p2|
