|j|☆PumpkinShadow
|j|☆Spirit Bomb 777
|t:|1743827405
|gametype|singles
|player|p1|PumpkinShadow|drayden|1214
|player|p2|Spirit Bomb 777|kimonogirl|1231
|teamsize|p1|6
|teamsize|p2|6
|gen|9
|tier|[Gen 9] OU
|rated|
|rule|HP Percentage Mod: HP is shown in percentages
|rule|Endless Battle Clause: Forcing endless battles is banned
|rule|Species Clause: Limit one of each Pokémon
|rule|OHKO Clause: OHKO moves are banned
|rule|Evasion Items Clause: Evasion items are banned
|rule|Evasion Moves Clause: Evasion moves are banned
|rule|Sleep Moves Clause: Sleep-inducing moves are banned
|clearpoke
|poke|p1|Pelipper, F|
|poke|p1|Barraskewda, M|
|poke|p1|Zapdos|
|poke|p1|Corviknight, M|
|poke|p1|Clodsire, F|
|poke|p1|Incineroar, F|
|poke|p2|Iron Treads|
|poke|p2|Zamazenta-*|
|poke|p2|Ursaluna, F|
|poke|p2|Ogerpon-Wellspring, F|
|poke|p2|Dragonite, M|
|poke|p2|Sinistcha|
|teampreview
|
|t:|1743827430
|start
|switch|p1a: Pelipper|Pelipper, F|100/100
|switch|p2a: Iron Treads|Iron Treads|100/100
|-weather|RainDance|[from] ability: Drizzle|[of] p1a: Pelipper
|-enditem|p2a: Iron Treads|Booster Energy
|-activate|p2a: Iron Treads|ability: Quark Drive|[fromitem]
|-start|p2a: Iron Treads|quarkdrivespe
|turn|1
|
|t:|1743827435
|move|p2a: Iron Treads|Stealth Rock|p1a: Pelipper
|-sidestart|p1: PumpkinShadow|move: Stealth Rock
|move|p1a: Pelipper|Weather Ball|p2a: Iron Treads
|-supereffective|p2a: Iron Treads
|-damage|p2a: Iron Treads|0 fnt
|faint|p2a: Iron Treads
|-end|p2a: Iron Treads|Quark Drive|[silent]
|
|-weather|RainDance|[upkeep]
|upkeep
|
|t:|1743827443
|switch|p2a: Nobody Can Save Me|Ogerpon-Wellspring, F|100/100
|turn|2
|
|t:|1743827447
|switch|p1a: Incineroar|Incineroar, F, shiny|100/100
|-ability|p1a: Incineroar|Intimidate|boost
|-unboost|p2a: Nobody Can Save Me|atk|1
|move|p2a: Nobody Can Save Me|Swords Dance|p2a: Nobody Can Save Me
|-boost|p2a: Nobody Can Save Me|atk|2
|
|-weather|RainDance|[upkeep]
|upkeep
|turn|3
|
|t:|1743827450
|-terastallize|p1a: Incineroar|Grass
|move|p2a: Nobody Can Save Me|Ivy Cudgel|p1a: Incineroar|[anim] Ivy Cudgel Water
|-resisted|p1a: Incineroar
|-damage|p1a: Incineroar|52/100
|move|p1a: Incineroar|Will-O-Wisp|p2a: Nobody Can Save Me
|-status|p2a: Nobody Can Save Me|brn
|
|-weather|RainDance|[upkeep]
|-damage|p2a: Nobody Can Save Me|95/100 brn|[from] brn
|upkeep
|turn|4
|
|t:|1743827460
|move|p2a: Nobody Can Save Me|Knock Off|p1a: Incineroar
|-damage|p1a: Incineroar|33/100
|-enditem|p1a: Incineroar|Heavy-Duty Boots|[from] move: Knock Off|[of] p2a: Nobody Can Save Me
|move|p1a: Incineroar|Parting Shot|p2a: Nobody Can Save Me
|-unboost|p2a: Nobody Can Save Me|atk|1
|-unboost|p2a: Nobody Can Save Me|spa|1
|
|t:|1743827466
|switch|p1a: Corviknight|Corviknight, M, shiny|100/100|[from] Parting Shot
|-damage|p1a: Corviknight|88/100|[from] Stealth Rock
|-ability|p1a: Corviknight|Pressure
|
|-weather|RainDance|[upkeep]
|-damage|p2a: Nobody Can Save Me|89/100 brn|[from] brn
|upkeep
|turn|5
|
|t:|1743827474
|move|p2a: Nobody Can Save Me|Knock Off|p1a: Corviknight
|-damage|p1a: Corviknight|77/100
|-damage|p2a: Nobody Can Save Me|72/100 brn|[from] item: Rocky Helmet|[of] p1a: Corviknight
|-enditem|p1a: Corviknight|Rocky Helmet|[from] move: Knock Off|[of] p2a: Nobody Can Save Me
|move|p1a: Corviknight|Defog|p2a: Nobody Can Save Me
|-unboost|p2a: Nobody Can Save Me|evasion|1
|-sideend|p1: PumpkinShadow|Stealth Rock|[from] move: Defog|[of] p1a: Corviknight
|
|-weather|RainDance|[upkeep]
|-damage|p2a: Nobody Can Save Me|66/100 brn|[from] brn
|upkeep
|turn|6
|
|t:|1743827482
|move|p2a: Nobody Can Save Me|Swords Dance|p2a: Nobody Can Save Me
|-boost|p2a: Nobody Can Save Me|atk|2
|move|p1a: Corviknight|U-turn|p2a: Nobody Can Save Me
|-supereffective|p2a: Nobody Can Save Me
|-damage|p2a: Nobody Can Save Me|26/100 brn
|
|t:|1743827490
|switch|p1a: Barraskewda|Barraskewda, M|100/100|[from] U-turn
|
|-weather|RainDance|[upkeep]
|-damage|p2a: Nobody Can Save Me|20/100 brn|[from] brn
|upkeep
|turn|7
|
|t:|1743827516
|move|p1a: Barraskewda|Close Combat|p2a: Nobody Can Save Me
|-damage|p2a: Nobody Can Save Me|0 fnt
|-unboost|p1a: Barraskewda|def|1
|-unboost|p1a: Barraskewda|spd|1
|faint|p2a: Nobody Can Save Me
|
|-weather|RainDance|[upkeep]
|upkeep
|
|t:|1743827520
|switch|p2a: Sinistcha|Sinistcha|100/100
|turn|8
|
|t:|1743827527
|switch|p1a: Zapdos|Zapdos, shiny|100/100
|move|p2a: Sinistcha|Calm Mind|p2a: Sinistcha
|-boost|p2a: Sinistcha|spa|1
|-boost|p2a: Sinistcha|spd|1
|
|-weather|none
|upkeep
|turn|9
|
|t:|1743827533
|move|p1a: Zapdos|Hurricane|p2a: Sinistcha
|-supereffective|p2a: Sinistcha
|-damage|p2a: Sinistcha|16/100
|-enditem|p2a: Sinistcha|Weakness Policy
|-boost|p2a: Sinistcha|atk|2|[from] item: Weakness Policy
|-boost|p2a: Sinistcha|spa|2|[from] item: Weakness Policy
|move|p2a: Sinistcha|Calm Mind|p2a: Sinistcha
|-boost|p2a: Sinistcha|spa|1
|-boost|p2a: Sinistcha|spd|1
|
|upkeep
|turn|10
|
|t:|1743827552
|-terastallize|p2a: Sinistcha|Steel
|move|p1a: Zapdos|Hurricane|p2a: Sinistcha
|-resisted|p2a: Sinistcha
|-damage|p2a: Sinistcha|1/100
|-start|p2a: Sinistcha|confusion
|-activate|p2a: Sinistcha|confusion
|move|p2a: Sinistcha|Shadow Ball|p1a: Zapdos
|-damage|p1a: Zapdos|0 fnt
|faint|p1a: Zapdos
|
|upkeep
|
|t:|1743827558
|switch|p1a: Barraskewda|Barraskewda, M|100/100
|turn|11
|
|t:|1743827562
|move|p1a: Barraskewda|Flip Turn|p2a: Sinistcha
|-damage|p2a: Sinistcha|0 fnt
|faint|p2a: Sinistcha
|
|t:|1743827565
|switch|p1a: Pelipper|Pelipper, F|100/100|[from] Flip Turn
|-weather|RainDance|[from] ability: Drizzle|[of] p1a: Pelipper
|
|-weather|RainDance|[upkeep]
|upkeep
|
|t:|1743827574
|switch|p2a: Zamazenta|Zamazenta|100/100
|-ability|p2a: Zamazenta|Dauntless Shield|boost
|-boost|p2a: Zamazenta|def|1
|turn|12
|
|t:|1743827577
|move|p2a: Zamazenta|Light Screen|p2a: Zamazenta
|-sidestart|p2: Spirit Bomb 777|move: Light Screen
|move|p1a: Pelipper|Hurricane|p2a: Zamazenta
|-supereffective|p2a: Zamazenta
|-damage|p2a: Zamazenta|73/100
|
|-weather|RainDance|[upkeep]
|upkeep
|turn|13
|
|t:|1743827581
|move|p2a: Zamazenta|Reflect|p2a: Zamazenta
|-sidestart|p2: Spirit Bomb 777|Reflect
|move|p1a: Pelipper|Hurricane|p2a: Zamazenta
|-supereffective|p2a: Zamazenta
|-damage|p2a: Zamazenta|43/100
|
|-weather|RainDance|[upkeep]
|upkeep
|turn|14
|
|t:|1743827589
|switch|p2a: Ursaluna|Ursaluna, F|100/100
|move|p1a: Pelipper|Hurricane|p2a: Ursaluna
|-damage|p2a: Ursaluna|84/100
|
|-weather|RainDance|[upkeep]
|-status|p2a: Ursaluna|brn|[from] item: Flame Orb
|upkeep
|turn|15
|
|t:|1743827592
|move|p2a: Ursaluna|Facade|p1a: Pelipper
|-damage|p1a: Pelipper|4/100
|move|p1a: Pelipper|Weather Ball|p2a: Ursaluna
|-supereffective|p2a: Ursaluna
|-damage|p2a: Ursaluna|35/100 brn
|
|-weather|RainDance|[upkeep]
|-damage|p2a: Ursaluna|29/100 brn|[from] brn
|upkeep
|turn|16
|
|t:|1743827598
|move|p2a: Ursaluna|Facade|p1a: Pelipper
|-crit|p1a: Pelipper
|-damage|p1a: Pelipper|0 fnt
|faint|p1a: Pelipper
|
|-weather|RainDance|[upkeep]
|-damage|p2a: Ursaluna|23/100 brn|[from] brn
|upkeep
|
|t:|1743827601
|switch|p1a: Barraskewda|Barraskewda, M|100/100
|turn|17
|
|t:|1743827604
|move|p1a: Barraskewda|Flip Turn|p2a: Ursaluna
|-supereffective|p2a: Ursaluna
|-damage|p2a: Ursaluna|0 fnt
|faint|p2a: Ursaluna
|
|t:|1743827609
|switch|p1a: Corviknight|Corviknight, M, shiny|77/100|[from] Flip Turn
|-ability|p1a: Corviknight|Pressure
|
|-weather|RainDance|[upkeep]
|upkeep
|
|t:|1743827614
|switch|p2a: Dragonite|Dragonite, M|100/100
|turn|18
|
|t:|1743827617
|move|p2a: Dragonite|Dragon Dance|p2a: Dragonite
|-boost|p2a: Dragonite|atk|1
|-boost|p2a: Dragonite|spe|1
|move|p1a: Corviknight|U-turn|p2a: Dragonite
|-resisted|p2a: Dragonite
|-damage|p2a: Dragonite|99/100
|
|t:|1743827619
|switch|p1a: Incineroar|Incineroar, F, shiny, tera:Grass|33/100|[from] U-turn
|-ability|p1a: Incineroar|Intimidate|boost
|-unboost|p2a: Dragonite|atk|1
|
|-weather|none
|upkeep
|turn|19
|
|t:|1743827623
|move|p2a: Dragonite|Fire Punch|p1a: Incineroar
|-supereffective|p1a: Incineroar
|-damage|p1a: Incineroar|0 fnt
|faint|p1a: Incineroar
|
|-sideend|p2: Spirit Bomb 777|move: Light Screen
|upkeep
|
|t:|1743827626
|switch|p1a: Clodsire|Clodsire, F|100/100
|turn|20
|
|t:|1743827630
|move|p2a: Dragonite|Dragon Dance|p2a: Dragonite
|-boost|p2a: Dragonite|atk|1
|-boost|p2a: Dragonite|spe|1
|move|p1a: Clodsire|Toxic|p2a: Dragonite
|-status|p2a: Dragonite|tox
|
|-damage|p2a: Dragonite|92/100 tox|[from] psn
|-sideend|p2: Spirit Bomb 777|Reflect
|upkeep
|turn|21
|
|t:|1743827639
|move|p2a: Dragonite|Encore|p1a: Clodsire
|-start|p1a: Clodsire|Encore
|move|p1a: Clodsire|Toxic|p2a: Dragonite
|-fail|p2a: Dragonite|tox
|
|-damage|p2a: Dragonite|80/100 tox|[from] psn
|upkeep
|turn|22
|
|t:|1743827642
|switch|p1a: Corviknight|Corviknight, M, shiny|77/100
|-ability|p1a: Corviknight|Pressure
|move|p2a: Dragonite|Scale Shot|p1a: Corviknight|[miss]
|-miss|p2a: Dragonite|p1a: Corviknight
|
|-damage|p2a: Dragonite|61/100 tox|[from] psn
|upkeep
|turn|23
|
|t:|1743827652
|switch|p1a: Clodsire|Clodsire, F|100/100
|move|p2a: Dragonite|Fire Punch|p1a: Clodsire
|-crit|p1a: Clodsire
|-damage|p1a: Clodsire|30/100
|
|-heal|p1a: Clodsire|36/100|[from] item: Leftovers
|-damage|p2a: Dragonite|37/100 tox|[from] psn
|upkeep
|turn|24
|
|t:|1743827664
|switch|p1a: Corviknight|Corviknight, M, shiny|77/100
|-ability|p1a: Corviknight|Pressure
|move|p2a: Dragonite|Scale Shot|p1a: Corviknight
|-resisted|p1a: Corviknight
|-damage|p1a: Corviknight|71/100
|-resisted|p1a: Corviknight
|-damage|p1a: Corviknight|65/100
|-resisted|p1a: Corviknight
|-damage|p1a: Corviknight|60/100
|-resisted|p1a: Corviknight
|-damage|p1a: Corviknight|53/100
|-resisted|p1a: Corviknight
|-damage|p1a: Corviknight|48/100
|-hitcount|p1a: Corviknight|5
|-unboost|p2a: Dragonite|def|1
|-boost|p2a: Dragonite|spe|1
|
|-damage|p2a: Dragonite|6/100 tox|[from] psn
|upkeep
|turn|25
|
|t:|1743827679
|switch|p1a: Clodsire|Clodsire, F|36/100
|move|p2a: Dragonite|Fire Punch|p1a: Clodsire
|-damage|p1a: Clodsire|0 fnt
|faint|p1a: Clodsire
|
|-damage|p2a: Dragonite|0 fnt|[from] psn
|faint|p2a: Dragonite
|upkeep
|
|t:|1743827685
|switch|p2a: Zamazenta|Zamazenta|43/100
|switch|p1a: Corviknight|Corviknight, M, shiny|48/100
|-ability|p1a: Corviknight|Pressure
|turn|26
|
|t:|1743827688
|move|p2a: Zamazenta|Iron Defense|p2a: Zamazenta
|-boost|p2a: Zamazenta|def|2
|move|p1a: Corviknight|Roost|p1a: Corviknight
|-heal|p1a: Corviknight|98/100
|-singleturn|p1a: Corviknight|move: Roost
|
|upkeep
|turn|27
|
|t:|1743827691
|move|p2a: Zamazenta|Iron Defense|p2a: Zamazenta
|-boost|p2a: Zamazenta|def|2
|move|p1a: Corviknight|U-turn|p2a: Zamazenta
|-resisted|p2a: Zamazenta
|-damage|p2a: Zamazenta|41/100
|
|t:|1743827693
|switch|p1a: Barraskewda|Barraskewda, M|100/100|[from] U-turn
|
|upkeep
|turn|28
|
|t:|1743827698
|move|p2a: Zamazenta|Body Press|p1a: Barraskewda
|-damage|p1a: Barraskewda|0 fnt
|faint|p1a: Barraskewda
|
|upkeep
|-message|PumpkinShadow forfeited.
|
|win|Spirit Bomb 777
|raw|PumpkinShadow's rating: 1214 &rarr; <strong>1190</strong><br />(-24 for losing)
|raw|Spirit Bomb 777's rating: 1231 &rarr; <strong>1255</strong><br />(+24 for winning)
|l|☆PumpkinShadow
|player|p1|
|l|☆Spirit Bomb 777
|player|p2|
