|j|☆chingching9
|j|☆EchoInTheDrk
|t:|1743826209
|gametype|singles
|player|p1|chingching9|richboy|1064
|player|p2|EchoInTheDrk|101|1083
|teamsize|p1|6
|teamsize|p2|6
|gen|9
|tier|[Gen 9] OU
|rated|
|rule|HP Percentage Mod: HP is shown in percentages
|rule|Endless Battle Clause: Forcing endless battles is banned
|rule|Species Clause: Limit one of each Pokémon
|rule|OHKO Clause: OHKO moves are banned
|rule|Evasion Items Clause: Evasion items are banned
|rule|Evasion Moves Clause: Evasion moves are banned
|rule|Sleep Moves Clause: Sleep-inducing moves are banned
|clearpoke
|poke|p1|Lucario, M|
|poke|p1|Gengar, M|
|poke|p1|Corviknight, M|
|poke|p1|Gyarados, M|
|poke|p1|Charizard, M|
|poke|p1|Dragonite, M|
|poke|p2|Samurott-Hisui, M|
|poke|p2|Kingambit, F|
|poke|p2|Great Tusk|
|poke|p2|Slowking, F|
|poke|p2|Maushold|
|poke|p2|Toxapex, M|
|teampreview
|inactive|Battle timer is ON: inactive players will automatically lose when time's up. (requested by chingching9)
|inactive|chingching9 has 120 seconds left.
|
|t:|1743826256
|start
|switch|p1a: Lucario|Lucario, M|100/100
|switch|p2a: Mr. Cool|Samurott-Hisui, M|100/100
|turn|1
|
|t:|1743826274
|switch|p2a: Wet Socks|Toxapex, M|100/100
|move|p1a: Lucario|Close Combat|p2a: Wet Socks
|-resisted|p2a: Wet Socks
|-damage|p2a: Wet Socks|77/100
|-unboost|p1a: Lucario|def|1
|-unboost|p1a: Lucario|spd|1
|-damage|p1a: Lucario|91/100|[from] item: Life Orb
|
|-heal|p2a: Wet Socks|84/100|[from] item: Black Sludge
|upkeep
|turn|2
|
|t:|1743826288
|move|p1a: Lucario|Meteor Mash|p2a: Wet Socks
|-resisted|p2a: Wet Socks
|-damage|p2a: Wet Socks|65/100
|-damage|p1a: Lucario|81/100|[from] item: Life Orb
|move|p2a: Wet Socks|Infestation|p1a: Lucario
|-resisted|p1a: Lucario
|-crit|p1a: Lucario
|-damage|p1a: Lucario|78/100
|-activate|p1a: Lucario|move: Infestation|[of] p2a: Wet Socks
|
|-heal|p2a: Wet Socks|72/100|[from] item: Black Sludge
|-damage|p1a: Lucario|66/100|[from] move: Infestation|[partiallytrapped]
|upkeep
|turn|3
|
|t:|1743826303
|move|p1a: Lucario|Swords Dance|p1a: Lucario
|-boost|p1a: Lucario|atk|2
|move|p2a: Wet Socks|Recover|p2a: Wet Socks
|-heal|p2a: Wet Socks|100/100
|
|-damage|p1a: Lucario|53/100|[from] move: Infestation|[partiallytrapped]
|upkeep
|turn|4
|
|t:|1743826316
|move|p1a: Lucario|Meteor Mash|p2a: Wet Socks
|-resisted|p2a: Wet Socks
|-damage|p2a: Wet Socks|66/100
|-boost|p1a: Lucario|atk|1
|-damage|p1a: Lucario|43/100|[from] item: Life Orb
|move|p2a: Wet Socks|Haze|p2a: Wet Socks
|-clearallboost
|
|-heal|p2a: Wet Socks|73/100|[from] item: Black Sludge
|-damage|p1a: Lucario|31/100|[from] move: Infestation|[partiallytrapped]
|upkeep
|turn|5
|
|t:|1743826328
|move|p1a: Lucario|Swords Dance|p1a: Lucario
|-boost|p1a: Lucario|atk|2
|move|p2a: Wet Socks|Recover|p2a: Wet Socks
|-heal|p2a: Wet Socks|100/100
|
|-damage|p1a: Lucario|19/100|[from] move: Infestation|[partiallytrapped]
|upkeep
|turn|6
|
|t:|1743826335
|move|p1a: Lucario|Meteor Mash|p2a: Wet Socks
|-resisted|p2a: Wet Socks
|-damage|p2a: Wet Socks|65/100
|-damage|p1a: Lucario|9/100|[from] item: Life Orb
|move|p2a: Wet Socks|Haze|p2a: Wet Socks
|-clearallboost
|
|-heal|p2a: Wet Socks|71/100|[from] item: Black Sludge
|-end|p1a: Lucario|Infestation|[partiallytrapped]
|upkeep
|turn|7
|
|t:|1743826346
|move|p1a: Lucario|Meteor Mash|p2a: Wet Socks
|-resisted|p2a: Wet Socks
|-damage|p2a: Wet Socks|52/100
|-damage|p1a: Lucario|0 fnt|[from] item: Life Orb
|faint|p1a: Lucario
|move|p2a: Wet Socks|Infestation|p1: Lucario|[notarget]
|-fail|p2a: Wet Socks
|
|-heal|p2a: Wet Socks|58/100|[from] item: Black Sludge
|upkeep
|
|t:|1743826361
|switch|p1a: Dragonite|Dragonite, M|100/100
|turn|8
|
|t:|1743826368
|move|p1a: Dragonite|Thunder Punch|p2a: Wet Socks
|-supereffective|p2a: Wet Socks
|-damage|p2a: Wet Socks|24/100
|move|p2a: Wet Socks|Toxic|p1a: Dragonite
|-status|p1a: Dragonite|tox
|
|-heal|p2a: Wet Socks|30/100|[from] item: Black Sludge
|-damage|p1a: Dragonite|94/100 tox|[from] psn
|upkeep
|turn|9
|
|t:|1743826379
|switch|p2a: StupidtheElephant|Great Tusk|100/100
|move|p1a: Dragonite|Thunder Punch|p2a: StupidtheElephant
|-immune|p2a: StupidtheElephant
|
|-damage|p1a: Dragonite|82/100 tox|[from] psn
|upkeep
|turn|10
|
|t:|1743826396
|move|p2a: StupidtheElephant|Stealth Rock|p1a: Dragonite
|-sidestart|p1: chingching9|move: Stealth Rock
|move|p1a: Dragonite|Dragon Dance|p1a: Dragonite
|-boost|p1a: Dragonite|atk|1
|-boost|p1a: Dragonite|spe|1
|
|-damage|p1a: Dragonite|63/100 tox|[from] psn
|upkeep
|turn|11
|
|t:|1743826405
|move|p1a: Dragonite|Outrage|p2a: StupidtheElephant
|-damage|p2a: StupidtheElephant|27/100
|-damage|p1a: Dragonite|47/100 tox|[from] item: Rocky Helmet|[of] p2a: StupidtheElephant
|move|p2a: StupidtheElephant|Ice Spinner|p1a: Dragonite
|-supereffective|p1a: Dragonite
|-damage|p1a: Dragonite|0 fnt
|faint|p1a: Dragonite
|
|upkeep
|
|t:|1743826418
|switch|p1a: Gyarados|Gyarados, M|100/100
|-damage|p1a: Gyarados|76/100|[from] Stealth Rock
|turn|12
|
|t:|1743826429
|-end|p2a: StupidtheElephant|Protosynthesis|[silent]
|switch|p2a: Wet Socks|Toxapex, M|63/100
|move|p1a: Gyarados|Earthquake|p2a: Wet Socks
|-supereffective|p2a: Wet Socks
|-damage|p2a: Wet Socks|19/100
|
|-heal|p1a: Gyarados|82/100|[from] item: Leftovers
|-heal|p2a: Wet Socks|25/100|[from] item: Black Sludge
|upkeep
|turn|13
|
|t:|1743826439
|switch|p2a: Bullshot|Kingambit, F|100/100
|-item|p2a: Bullshot|Air Balloon
|move|p1a: Gyarados|Earthquake|p2a: Bullshot
|-immune|p2a: Bullshot
|
|-heal|p1a: Gyarados|88/100|[from] item: Leftovers
|upkeep
|turn|14
|
|t:|1743826457
|switch|p1a: Corviknight|Corviknight, M|100/100
|-damage|p1a: Corviknight|88/100|[from] Stealth Rock
|-ability|p1a: Corviknight|Pressure
|move|p2a: Bullshot|Kowtow Cleave|p1a: Corviknight
|-damage|p1a: Corviknight|60/100
|
|-heal|p1a: Corviknight|66/100|[from] item: Leftovers
|upkeep
|turn|15
|
|t:|1743826478
|-end|p2a: Bullshot|fallenundefined|[silent]
|switch|p2a: Mr. Cool|Samurott-Hisui, M|100/100
|move|p1a: Corviknight|Brave Bird|p2a: Mr. Cool
|-damage|p2a: Mr. Cool|57/100
|-damage|p1a: Corviknight|55/100|[from] Recoil
|
|-heal|p1a: Corviknight|61/100|[from] item: Leftovers
|upkeep
|turn|16
|inactive|chingching9 has 120 seconds left.
|
|t:|1743826515
|move|p2a: Mr. Cool|Knock Off|p1a: Corviknight
|-damage|p1a: Corviknight|35/100
|-enditem|p1a: Corviknight|Leftovers|[from] move: Knock Off|[of] p2a: Mr. Cool
|move|p1a: Corviknight|U-turn|p2a: Mr. Cool
|-supereffective|p2a: Mr. Cool
|-damage|p2a: Mr. Cool|22/100
|
|t:|1743826524
|switch|p1a: Gengar|Gengar, M|100/100|[from] U-turn
|-damage|p1a: Gengar|88/100|[from] Stealth Rock
|
|upkeep
|turn|17
|
|t:|1743826534
|move|p1a: Gengar|Shadow Ball|p2a: Mr. Cool
|-resisted|p2a: Mr. Cool
|-damage|p2a: Mr. Cool|0 fnt
|faint|p2a: Mr. Cool
|
|upkeep
|
|t:|1743826540
|switch|p2a: Credit Card|Maushold|100/100
|turn|18
|
|t:|1743826554
|move|p2a: Credit Card|Taunt|p1a: Gengar
|-start|p1a: Gengar|move: Taunt
|move|p1a: Gengar|Sludge Wave|p2a: Credit Card
|-damage|p2a: Credit Card|21/100
|
|upkeep
|turn|19
|
|t:|1743826565
|move|p2a: Credit Card|Bullet Seed|p1a: Gengar
|-resisted|p1a: Gengar
|-damage|p1a: Gengar|80/100
|-resisted|p1a: Gengar
|-damage|p1a: Gengar|70/100
|-resisted|p1a: Gengar
|-damage|p1a: Gengar|62/100
|-resisted|p1a: Gengar
|-damage|p1a: Gengar|52/100
|-resisted|p1a: Gengar
|-damage|p1a: Gengar|44/100
|-start|p2a: Credit Card|Disable|Bullet Seed|[from] ability: Cursed Body|[of] p1a: Gengar
|-hitcount|p1a: Gengar|5
|move|p1a: Gengar|Sludge Wave|p2a: Credit Card
|-damage|p2a: Credit Card|0 fnt
|faint|p2a: Credit Card
|
|upkeep
|
|t:|1743826580
|switch|p2a: Duface|Slowking, F|100/100
|turn|20
|
|t:|1743826589
|move|p1a: Gengar|Shadow Ball|p2a: Duface
|-supereffective|p2a: Duface
|-damage|p2a: Duface|52/100
|-prepare|p2a: Duface|Chilly Reception|[premajor]
|move|p2a: Duface|Chilly Reception|p2a: Duface
|-weather|Snowscape
|
|t:|1743826596
|switch|p2a: Wet Socks|Toxapex, M|58/100|[from] Chilly Reception
|
|-weather|Snowscape|[upkeep]
|-heal|p2a: Wet Socks|64/100|[from] item: Black Sludge
|-end|p1a: Gengar|move: Taunt
|upkeep
|turn|21
|
|t:|1743826614
|switch|p1a: Gyarados|Gyarados, M|88/100
|-damage|p1a: Gyarados|63/100|[from] Stealth Rock
|move|p2a: Wet Socks|Infestation|p1a: Gyarados
|-resisted|p1a: Gyarados
|-damage|p1a: Gyarados|62/100
|-activate|p1a: Gyarados|move: Infestation|[of] p2a: Wet Socks
|
|-weather|Snowscape|[upkeep]
|-heal|p1a: Gyarados|68/100|[from] item: Leftovers
|-heal|p2a: Wet Socks|71/100|[from] item: Black Sludge
|-damage|p1a: Gyarados|55/100|[from] move: Infestation|[partiallytrapped]
|upkeep
|turn|22
|
|t:|1743826626
|switch|p2a: Duface|Slowking, F|85/100
|move|p1a: Gyarados|Earthquake|p2a: Duface
|-damage|p2a: Duface|44/100
|
|-weather|Snowscape|[upkeep]
|-heal|p1a: Gyarados|61/100|[from] item: Leftovers
|-heal|p2a: Duface|50/100|[from] item: Leftovers
|-end|p1a: Gyarados|Infestation|[partiallytrapped]|[silent]
|upkeep
|turn|23
|
|t:|1743826645
|switch|p2a: Bullshot|Kingambit, F|100/100
|-activate|p2a: Bullshot|ability: Supreme Overlord
|-start|p2a: Bullshot|fallen2|[silent]
|-item|p2a: Bullshot|Air Balloon
|move|p1a: Gyarados|Dragon Dance|p1a: Gyarados
|-boost|p1a: Gyarados|atk|1
|-boost|p1a: Gyarados|spe|1
|
|-weather|Snowscape|[upkeep]
|-heal|p1a: Gyarados|68/100|[from] item: Leftovers
|upkeep
|turn|24
|
|t:|1743826661
|move|p2a: Bullshot|Sucker Punch|p1a: Gyarados
|-damage|p1a: Gyarados|19/100
|move|p1a: Gyarados|Waterfall|p2a: Bullshot
|-damage|p2a: Bullshot|51/100
|-enditem|p2a: Bullshot|Air Balloon
|
|-weather|none
|-heal|p1a: Gyarados|25/100|[from] item: Leftovers
|upkeep
|turn|25
|inactive|chingching9 has 120 seconds left.
|
|t:|1743826676
|move|p2a: Bullshot|Sucker Punch|p1a: Gyarados
|-damage|p1a: Gyarados|0 fnt
|faint|p1a: Gyarados
|
|upkeep
|inactive|chingching9 has 120 seconds left.
|
|t:|1743826687
|switch|p1a: Corviknight|Corviknight, M|35/100
|-damage|p1a: Corviknight|22/100|[from] Stealth Rock
|-ability|p1a: Corviknight|Pressure
|turn|26
|inactive|chingching9 has 120 seconds left.
|
|t:|1743826694
|move|p2a: Bullshot|Sucker Punch||[still]
|-fail|p2a: Bullshot
|move|p1a: Corviknight|Roost|p1a: Corviknight
|-heal|p1a: Corviknight|72/100
|-singleturn|p1a: Corviknight|move: Roost
|
|upkeep
|turn|27
|
|t:|1743826703
|-end|p2a: Bullshot|fallen2|[silent]
|switch|p2a: Wet Socks|Toxapex, M|100/100
|move|p1a: Corviknight|Roost|p1a: Corviknight
|-heal|p1a: Corviknight|100/100
|-singleturn|p1a: Corviknight|move: Roost
|
|upkeep
|turn|28
|inactive|chingching9 has 120 seconds left.
|
|t:|1743826735
|move|p1a: Corviknight|Brave Bird|p2a: Wet Socks
|-damage|p2a: Wet Socks|80/100
|-damage|p1a: Corviknight|95/100|[from] Recoil
|move|p2a: Wet Socks|Infestation|p1a: Corviknight
|-resisted|p1a: Corviknight
|-crit|p1a: Corviknight
|-damage|p1a: Corviknight|94/100
|-activate|p1a: Corviknight|move: Infestation|[of] p2a: Wet Socks
|
|-heal|p2a: Wet Socks|86/100|[from] item: Black Sludge
|-damage|p1a: Corviknight|82/100|[from] move: Infestation|[partiallytrapped]
|upkeep
|turn|29
|
|t:|1743826753
|switch|p2a: Duface|Slowking, F|83/100
|move|p1a: Corviknight|U-turn|p2a: Duface
|-supereffective|p2a: Duface
|-damage|p2a: Duface|55/100
|
|t:|1743826763
|switch|p1a: Gengar|Gengar, M|44/100|[from] U-turn
|-damage|p1a: Gengar|31/100|[from] Stealth Rock
|
|-heal|p2a: Duface|61/100|[from] item: Leftovers
|upkeep
|turn|30
|
|t:|1743826771
|move|p1a: Gengar|Shadow Ball|p2a: Duface
|-supereffective|p2a: Duface
|-damage|p2a: Duface|12/100
|move|p2a: Duface|Future Sight|p1a: Gengar
|-start|p2a: Duface|move: Future Sight
|
|-heal|p2a: Duface|18/100|[from] item: Leftovers
|upkeep
|turn|31
|
|t:|1743826778
|switch|p2a: StupidtheElephant|Great Tusk|27/100
|move|p1a: Gengar|Shadow Ball|p2a: StupidtheElephant
|-damage|p2a: StupidtheElephant|0 fnt
|faint|p2a: StupidtheElephant
|-end|p2a: StupidtheElephant|Protosynthesis|[silent]
|
|upkeep
|
|t:|1743826784
|switch|p2a: Wet Socks|Toxapex, M|100/100
|turn|32
|inactive|chingching9 has 120 seconds left.
|
|t:|1743826796
|move|p1a: Gengar|Sludge Wave|p2a: Wet Socks
|-resisted|p2a: Wet Socks
|-damage|p2a: Wet Socks|82/100
|move|p2a: Wet Socks|Infestation|p1a: Gengar
|-resisted|p1a: Gengar
|-damage|p1a: Gengar|30/100
|-activate|p1a: Gengar|move: Infestation|[of] p2a: Wet Socks
|-start|p2a: Wet Socks|Disable|Infestation|[from] ability: Cursed Body|[of] p1a: Gengar
|
|-end|p1a: Gengar|move: Future Sight
|-supereffective|p1a: Gengar
|-damage|p1a: Gengar|0 fnt
|faint|p1a: Gengar
|-heal|p2a: Wet Socks|88/100|[from] item: Black Sludge
|upkeep
|inactive|chingching9 has 120 seconds left.
|
|t:|1743826808
|switch|p1a: Charizard|Charizard, M, shiny|100/100
|-damage|p1a: Charizard|50/100|[from] Stealth Rock
|turn|33
|
|t:|1743826815
|move|p1a: Charizard|Flamethrower|p2a: Wet Socks
|-resisted|p2a: Wet Socks
|-damage|p2a: Wet Socks|68/100
|-damage|p1a: Charizard|41/100|[from] item: Life Orb
|move|p2a: Wet Socks|Toxic|p1a: Charizard
|-status|p1a: Charizard|tox
|
|-heal|p2a: Wet Socks|74/100|[from] item: Black Sludge
|-damage|p1a: Charizard|35/100 tox|[from] psn
|upkeep
|turn|34
|
|t:|1743826826
|move|p1a: Charizard|Earthquake|p2a: Wet Socks
|-supereffective|p2a: Wet Socks
|-damage|p2a: Wet Socks|48/100
|-damage|p1a: Charizard|25/100 tox|[from] item: Life Orb
|move|p2a: Wet Socks|Recover|p2a: Wet Socks
|-heal|p2a: Wet Socks|98/100
|
|-heal|p2a: Wet Socks|100/100|[from] item: Black Sludge
|-damage|p1a: Charizard|13/100 tox|[from] psn
|upkeep
|turn|35
|
|t:|1743826839
|move|p1a: Charizard|Earthquake|p2a: Wet Socks
|-supereffective|p2a: Wet Socks
|-damage|p2a: Wet Socks|72/100
|-damage|p1a: Charizard|3/100 tox|[from] item: Life Orb
|move|p2a: Wet Socks|Recover|p2a: Wet Socks
|-heal|p2a: Wet Socks|100/100
|
|-damage|p1a: Charizard|0 fnt|[from] psn
|faint|p1a: Charizard
|-end|p2a: Wet Socks|Disable
|upkeep
|
|t:|1743826849
|switch|p1a: Corviknight|Corviknight, M|82/100
|-damage|p1a: Corviknight|69/100|[from] Stealth Rock
|-ability|p1a: Corviknight|Pressure
|turn|36
|
|t:|1743826856
|move|p1a: Corviknight|Brave Bird|p2a: Wet Socks
|-damage|p2a: Wet Socks|77/100
|-damage|p1a: Corviknight|63/100|[from] Recoil
|move|p2a: Wet Socks|Infestation|p1a: Corviknight
|-resisted|p1a: Corviknight
|-crit|p1a: Corviknight
|-damage|p1a: Corviknight|63/100
|-activate|p1a: Corviknight|move: Infestation|[of] p2a: Wet Socks
|
|-heal|p2a: Wet Socks|84/100|[from] item: Black Sludge
|-damage|p1a: Corviknight|50/100|[from] move: Infestation|[partiallytrapped]
|upkeep
|turn|37
|
|t:|1743826866
|move|p1a: Corviknight|Roost|p1a: Corviknight
|-heal|p1a: Corviknight|99/100
|-singleturn|p1a: Corviknight|move: Roost
|move|p2a: Wet Socks|Recover|p2a: Wet Socks
|-heal|p2a: Wet Socks|100/100
|
|-damage|p1a: Corviknight|88/100|[from] move: Infestation|[partiallytrapped]
|upkeep
|turn|38
|
|t:|1743826879
|switch|p2a: Duface|Slowking, F|51/100
|move|p1a: Corviknight|Defog|p2a: Duface
|-unboost|p2a: Duface|evasion|1
|-sideend|p1: chingching9|Stealth Rock|[from] move: Defog|[of] p1a: Corviknight
|
|-heal|p2a: Duface|57/100|[from] item: Leftovers
|-end|p1a: Corviknight|Infestation|[partiallytrapped]|[silent]
|upkeep
|turn|39
|
|t:|1743826886
|move|p1a: Corviknight|Brave Bird|p2a: Duface
|-damage|p2a: Duface|17/100
|-damage|p1a: Corviknight|75/100|[from] Recoil
|move|p2a: Duface|Slack Off|p2a: Duface
|-heal|p2a: Duface|67/100
|
|-heal|p2a: Duface|73/100|[from] item: Leftovers
|upkeep
|turn|40
|
|t:|1743826896
|switch|p2a: Wet Socks|Toxapex, M|100/100
|move|p1a: Corviknight|Brave Bird|p2a: Wet Socks
|-damage|p2a: Wet Socks|78/100
|-damage|p1a: Corviknight|69/100|[from] Recoil
|
|-heal|p2a: Wet Socks|84/100|[from] item: Black Sludge
|upkeep
|turn|41
|
|t:|1743826904
|switch|p2a: Duface|Slowking, F|100/100
|move|p1a: Corviknight|Brave Bird|p2a: Duface
|-damage|p2a: Duface|63/100
|-damage|p1a: Corviknight|57/100|[from] Recoil
|
|-heal|p2a: Duface|69/100|[from] item: Leftovers
|upkeep
|turn|42
|
|t:|1743826913
|move|p1a: Corviknight|Brave Bird|p2a: Duface
|-damage|p2a: Duface|28/100
|-damage|p1a: Corviknight|43/100|[from] Recoil
|move|p2a: Duface|Scald|p1a: Corviknight
|-crit|p1a: Corviknight
|-damage|p1a: Corviknight|3/100
|
|-heal|p2a: Duface|35/100|[from] item: Leftovers
|upkeep
|turn|43
|
|t:|1743826922
|move|p1a: Corviknight|Roost|p1a: Corviknight
|-heal|p1a: Corviknight|53/100
|-singleturn|p1a: Corviknight|move: Roost
|move|p2a: Duface|Scald|p1a: Corviknight
|-damage|p1a: Corviknight|28/100
|
|-heal|p2a: Duface|41/100|[from] item: Leftovers
|upkeep
|turn|44
|
|t:|1743826930
|move|p1a: Corviknight|Roost|p1a: Corviknight
|-heal|p1a: Corviknight|78/100
|-singleturn|p1a: Corviknight|move: Roost
|move|p2a: Duface|Scald|p1a: Corviknight
|-damage|p1a: Corviknight|50/100
|-status|p1a: Corviknight|brn
|
|-heal|p2a: Duface|47/100|[from] item: Leftovers
|-damage|p1a: Corviknight|43/100 brn|[from] brn
|upkeep
|turn|45
|
|t:|1743826943
|move|p1a: Corviknight|Roost|p1a: Corviknight
|-heal|p1a: Corviknight|93/100 brn
|-singleturn|p1a: Corviknight|move: Roost
|move|p2a: Duface|Slack Off|p2a: Duface
|-heal|p2a: Duface|97/100
|
|-heal|p2a: Duface|100/100|[from] item: Leftovers
|-damage|p1a: Corviknight|87/100 brn|[from] brn
|upkeep
|turn|46
|
|t:|1743826952
|move|p1a: Corviknight|Brave Bird|p2a: Duface
|-damage|p2a: Duface|80/100
|-damage|p1a: Corviknight|81/100 brn|[from] Recoil
|move|p2a: Duface|Future Sight|p1a: Corviknight
|-start|p2a: Duface|move: Future Sight
|
|-heal|p2a: Duface|87/100|[from] item: Leftovers
|-damage|p1a: Corviknight|74/100 brn|[from] brn
|upkeep
|turn|47
|
|t:|1743826961
|move|p1a: Corviknight|U-turn|p2a: Duface
|-supereffective|p2a: Duface
|-damage|p2a: Duface|72/100
|move|p2a: Duface|Scald|p1a: Corviknight
|-damage|p1a: Corviknight|47/100 brn
|
|-heal|p2a: Duface|78/100|[from] item: Leftovers
|-damage|p1a: Corviknight|41/100 brn|[from] brn
|upkeep
|turn|48
|
|t:|1743826973
|switch|p2a: Wet Socks|Toxapex, M|100/100
|move|p1a: Corviknight|Roost|p1a: Corviknight
|-heal|p1a: Corviknight|91/100 brn
|-singleturn|p1a: Corviknight|move: Roost
|
|-end|p1a: Corviknight|move: Future Sight
|-resisted|p1a: Corviknight
|-damage|p1a: Corviknight|72/100 brn
|-damage|p1a: Corviknight|66/100 brn|[from] brn
|upkeep
|turn|49
|
|t:|1743826984
|move|p1a: Corviknight|Brave Bird|p2a: Wet Socks
|-damage|p2a: Wet Socks|89/100
|-damage|p1a: Corviknight|63/100 brn|[from] Recoil
|move|p2a: Wet Socks|Infestation|p1a: Corviknight
|-resisted|p1a: Corviknight
|-damage|p1a: Corviknight|62/100 brn
|-activate|p1a: Corviknight|move: Infestation|[of] p2a: Wet Socks
|
|-heal|p2a: Wet Socks|95/100|[from] item: Black Sludge
|-damage|p1a: Corviknight|56/100 brn|[from] brn
|-damage|p1a: Corviknight|44/100 brn|[from] move: Infestation|[partiallytrapped]
|upkeep
|turn|50
|
|t:|1743826996
|move|p1a: Corviknight|Roost|p1a: Corviknight
|-heal|p1a: Corviknight|94/100 brn
|-singleturn|p1a: Corviknight|move: Roost
|move|p2a: Wet Socks|Haze|p2a: Wet Socks
|-clearallboost
|
|-heal|p2a: Wet Socks|100/100|[from] item: Black Sludge
|-damage|p1a: Corviknight|87/100 brn|[from] brn
|-damage|p1a: Corviknight|75/100 brn|[from] move: Infestation|[partiallytrapped]
|upkeep
|turn|51
|
|t:|1743827016
|move|p1a: Corviknight|Defog|p2a: Wet Socks
|-unboost|p2a: Wet Socks|evasion|1
|move|p2a: Wet Socks|Haze|p2a: Wet Socks
|-clearallboost
|
|-damage|p1a: Corviknight|69/100 brn|[from] brn
|-damage|p1a: Corviknight|56/100 brn|[from] move: Infestation|[partiallytrapped]
|upkeep
|turn|52
|
|t:|1743827025
|move|p1a: Corviknight|Brave Bird|p2a: Wet Socks
|-damage|p2a: Wet Socks|90/100
|-damage|p1a: Corviknight|53/100 brn|[from] Recoil
|move|p2a: Wet Socks|Haze|p2a: Wet Socks
|-clearallboost
|
|-heal|p2a: Wet Socks|96/100|[from] item: Black Sludge
|-damage|p1a: Corviknight|47/100 brn|[from] brn
|-damage|p1a: Corviknight|35/100 brn|[from] move: Infestation|[partiallytrapped]
|upkeep
|turn|53
|
|t:|1743827037
|move|p1a: Corviknight|U-turn|p2a: Wet Socks
|-resisted|p2a: Wet Socks
|-damage|p2a: Wet Socks|94/100
|move|p2a: Wet Socks|Recover|p2a: Wet Socks
|-heal|p2a: Wet Socks|100/100
|
|-damage|p1a: Corviknight|29/100 brn|[from] brn
|-damage|p1a: Corviknight|16/100 brn|[from] move: Infestation|[partiallytrapped]
|upkeep
|turn|54
|
|t:|1743827048
|move|p1a: Corviknight|Brave Bird|p2a: Wet Socks
|-damage|p2a: Wet Socks|89/100
|-damage|p1a: Corviknight|13/100 brn|[from] Recoil
|move|p2a: Wet Socks|Recover|p2a: Wet Socks
|-heal|p2a: Wet Socks|100/100
|
|-damage|p1a: Corviknight|7/100 brn|[from] brn
|-end|p1a: Corviknight|Infestation|[partiallytrapped]
|upkeep
|turn|55
|
|t:|1743827058
|move|p1a: Corviknight|U-turn|p2a: Wet Socks
|-resisted|p2a: Wet Socks
|-damage|p2a: Wet Socks|99/100
|move|p2a: Wet Socks|Infestation|p1a: Corviknight
|-resisted|p1a: Corviknight
|-crit|p1a: Corviknight
|-damage|p1a: Corviknight|6/100 brn
|-activate|p1a: Corviknight|move: Infestation|[of] p2a: Wet Socks
|
|-heal|p2a: Wet Socks|100/100|[from] item: Black Sludge
|-damage|p1a: Corviknight|0 fnt|[from] brn
|faint|p1a: Corviknight
|
|win|EchoInTheDrk
|raw|chingching9's rating: 1064 &rarr; <strong>1045</strong><br />(-19 for losing)
|raw|EchoInTheDrk's rating: 1083 &rarr; <strong>1109</strong><br />(+26 for winning)
|l|☆chingching9
|player|p1|
|c|☆EchoInTheDrk|gg
|l|☆EchoInTheDrk
|player|p2|
