|j|☆Dadhurtme
|j|☆malefor1230
|t:|1743857171
|gametype|singles
|player|p1|Dadhurtme|265|1118
|player|p2|malefor1230|265|1077
|teamsize|p1|6
|teamsize|p2|6
|gen|9
|tier|[Gen 9] OU
|rated|
|rule|HP Percentage Mod: HP is shown in percentages
|rule|Endless Battle Clause: Forcing endless battles is banned
|rule|Species Clause: Limit one of each Pokémon
|rule|OHKO Clause: OHKO moves are banned
|rule|Evasion Items Clause: Evasion items are banned
|rule|Evasion Moves Clause: Evasion moves are banned
|rule|Sleep Moves Clause: Sleep-inducing moves are banned
|clearpoke
|poke|p1|Maushold|
|poke|p1|Oricorio, M|
|poke|p1|Garchomp, F|
|poke|p1|Iron Crown|
|poke|p1|Comfey, F|
|poke|p1|Volcanion|
|poke|p2|Pelipper, M|
|poke|p2|Tauros-Paldea-Aqua, M|
|poke|p2|Zapdos|
|poke|p2|Excadrill, F|
|poke|p2|Iron Hands|
|poke|p2|Dragonite, F|
|teampreview
|inactive|Battle timer is ON: inactive players will automatically lose when time's up. (requested by malefor1230)
|
|t:|1743857190
|start
|switch|p1a: Maushold|Maushold|100/100
|switch|p2a: Excadrill|Excadrill, F|100/100
|-ability|p2a: Excadrill|Mold Breaker
|turn|1
|
|t:|1743857205
|switch|p1a: Oricorio|Oricorio, M, shiny|100/100
|move|p2a: Excadrill|Stealth Rock|p1a: Oricorio
|-sidestart|p1: Dadhurtme|move: Stealth Rock
|
|upkeep
|turn|2
|
|t:|1743857214
|move|p2a: Excadrill|Rapid Spin|p1a: Oricorio
|-damage|p1a: Oricorio|72/100
|-boost|p2a: Excadrill|spe|1
|move|p1a: Oricorio|Quiver Dance|p1a: Oricorio
|-boost|p1a: Oricorio|spa|1
|-boost|p1a: Oricorio|spd|1
|-boost|p1a: Oricorio|spe|1
|
|upkeep
|turn|3
|
|t:|1743857223
|move|p2a: Excadrill|Rapid Spin|p1a: Oricorio
|-damage|p1a: Oricorio|44/100
|-boost|p2a: Excadrill|spe|1
|move|p1a: Oricorio|Revelation Dance|p2a: Excadrill
|-supereffective|p2a: Excadrill
|-enditem|p2a: Excadrill|Focus Sash
|-damage|p2a: Excadrill|1/100
|
|upkeep
|turn|4
|
|t:|1743857238
|move|p2a: Excadrill|Iron Head|p1a: Oricorio
|-resisted|p1a: Oricorio
|-damage|p1a: Oricorio|9/100
|cant|p1a: Oricorio|flinch
|
|upkeep
|turn|5
|
|t:|1743857249
|move|p2a: Excadrill|Rapid Spin|p1a: Oricorio
|-damage|p1a: Oricorio|0 fnt
|-boost|p2a: Excadrill|spe|1
|faint|p1a: Oricorio
|
|upkeep
|
|t:|1743857255
|switch|p1a: Garchomp|Garchomp, F|100/100
|-damage|p1a: Garchomp|94/100|[from] Stealth Rock
|turn|6
|
|t:|1743857259
|move|p2a: Excadrill|Earthquake|p1a: Garchomp
|-damage|p1a: Garchomp|51/100
|move|p1a: Garchomp|Swords Dance|p1a: Garchomp
|-boost|p1a: Garchomp|atk|2
|
|upkeep
|turn|7
|
|t:|1743857266
|move|p2a: Excadrill|Earthquake|p1a: Garchomp
|-damage|p1a: Garchomp|2/100
|move|p1a: Garchomp|Liquidation|p2a: Excadrill
|-supereffective|p2a: Excadrill
|-damage|p2a: Excadrill|0 fnt
|faint|p2a: Excadrill
|
|upkeep
|
|t:|1743857276
|switch|p2a: Zapdos|Zapdos|100/100
|turn|8
|
|t:|1743857280
|move|p1a: Garchomp|Poison Jab|p2a: Zapdos
|-damage|p2a: Zapdos|42/100
|move|p2a: Zapdos|U-turn|p1a: Garchomp
|-damage|p1a: Garchomp|0 fnt
|-damage|p2a: Zapdos|29/100|[from] ability: Rough Skin|[of] p1a: Garchomp
|-damage|p2a: Zapdos|13/100|[from] item: Rocky Helmet|[of] p1a: Garchomp
|faint|p1a: Garchomp
|
|t:|1743857283
|switch|p2a: Pelipper|Pelipper, M|100/100|[from] U-turn
|-weather|RainDance|[from] ability: Drizzle|[of] p2a: Pelipper
|
|-weather|RainDance|[upkeep]
|upkeep
|
|t:|1743857295
|switch|p1a: Maushold|Maushold|100/100
|-damage|p1a: Maushold|88/100|[from] Stealth Rock
|turn|9
|
|t:|1743857301
|move|p1a: Maushold|Tidy Up|p1a: Maushold
|-sideend|p1: Dadhurtme|Stealth Rock
|-activate|p1a: Maushold|move: Tidy Up
|-boost|p1a: Maushold|atk|1
|-boost|p1a: Maushold|spe|1
|move|p2a: Pelipper|Knock Off|p1a: Maushold
|-damage|p1a: Maushold|70/100
|-enditem|p1a: Maushold|Wide Lens|[from] move: Knock Off|[of] p2a: Pelipper
|
|-weather|RainDance|[upkeep]
|upkeep
|turn|10
|
|t:|1743857311
|move|p1a: Maushold|Population Bomb|p2a: Pelipper
|-damage|p2a: Pelipper|84/100
|-hitcount|p2a: Pelipper|1
|move|p2a: Pelipper|Chilling Water|p1a: Maushold
|-damage|p1a: Maushold|31/100
|-unboost|p1a: Maushold|atk|1
|
|-weather|RainDance|[upkeep]
|upkeep
|turn|11
|
|t:|1743857321
|move|p1a: Maushold|Population Bomb|p2a: Pelipper
|-damage|p2a: Pelipper|73/100
|-damage|p2a: Pelipper|62/100
|-damage|p2a: Pelipper|51/100
|-damage|p2a: Pelipper|40/100
|-damage|p2a: Pelipper|29/100
|-damage|p2a: Pelipper|17/100
|-damage|p2a: Pelipper|7/100
|-hitcount|p2a: Pelipper|7
|move|p2a: Pelipper|Chilling Water|p1a: Maushold
|-damage|p1a: Maushold|0 fnt
|faint|p1a: Maushold
|
|-weather|RainDance|[upkeep]
|upkeep
|
|t:|1743857336
|switch|p1a: Iron Crown|Iron Crown|100/100
|-enditem|p1a: Iron Crown|Booster Energy
|-activate|p1a: Iron Crown|ability: Quark Drive|[fromitem]
|-start|p1a: Iron Crown|quarkdrivespa
|turn|12
|
|t:|1743857353
|move|p1a: Iron Crown|Agility|p1a: Iron Crown
|-boost|p1a: Iron Crown|spe|2
|move|p2a: Pelipper|Roost|p2a: Pelipper
|-heal|p2a: Pelipper|57/100
|-singleturn|p2a: Pelipper|move: Roost
|
|-weather|RainDance|[upkeep]
|upkeep
|turn|13
|
|t:|1743857364
|switch|p2a: Dragonite|Dragonite, F|100/100
|move|p1a: Iron Crown|Psyshock|p2a: Dragonite
|-damage|p2a: Dragonite|67/100
|
|-weather|RainDance|[upkeep]
|-heal|p2a: Dragonite|73/100|[from] item: Leftovers
|upkeep
|turn|14
|
|t:|1743857377
|move|p1a: Iron Crown|Tachyon Cutter|p2a: Dragonite
|-damage|p2a: Dragonite|39/100
|-damage|p2a: Dragonite|2/100
|-hitcount|p2a: Dragonite|2
|move|p2a: Dragonite|Dragon Dance|p2a: Dragonite
|-boost|p2a: Dragonite|atk|1
|-boost|p2a: Dragonite|spe|1
|
|-weather|RainDance|[upkeep]
|-heal|p2a: Dragonite|8/100|[from] item: Leftovers
|upkeep
|turn|15
|
|t:|1743857386
|move|p2a: Dragonite|Extreme Speed|p1a: Iron Crown
|-resisted|p1a: Iron Crown
|-damage|p1a: Iron Crown|81/100
|move|p1a: Iron Crown|Tachyon Cutter|p2a: Dragonite
|-damage|p2a: Dragonite|0 fnt
|faint|p2a: Dragonite
|-hitcount|p2: Dragonite|1
|
|-weather|none
|upkeep
|
|t:|1743857397
|switch|p2a: Pelipper|Pelipper, M|57/100
|-weather|RainDance|[from] ability: Drizzle|[of] p2a: Pelipper
|turn|16
|
|t:|1743857403
|switch|p2a: Iron Hands|Iron Hands|100/100
|move|p1a: Iron Crown|Psyshock|p2a: Iron Hands
|-supereffective|p2a: Iron Hands
|-damage|p2a: Iron Hands|36/100
|
|-weather|RainDance|[upkeep]
|upkeep
|turn|17
|
|t:|1743857411
|move|p2a: Iron Hands|Fake Out|p1a: Iron Crown
|-resisted|p1a: Iron Crown
|-damage|p1a: Iron Crown|74/100
|cant|p1a: Iron Crown|flinch
|
|-weather|RainDance|[upkeep]
|upkeep
|turn|18
|
|t:|1743857431
|move|p1a: Iron Crown|Psyshock|p2a: Iron Hands
|-supereffective|p2a: Iron Hands
|-damage|p2a: Iron Hands|0 fnt
|faint|p2a: Iron Hands
|-end|p2a: Iron Hands|Quark Drive|[silent]
|
|-weather|RainDance|[upkeep]
|upkeep
|
|t:|1743857434
|switch|p2a: Tauros|Tauros-Paldea-Aqua, M|100/100
|-ability|p2a: Tauros|Intimidate|boost
|-unboost|p1a: Iron Crown|atk|1
|turn|19
|
|t:|1743857444
|move|p2a: Tauros|Aqua Jet|p1a: Iron Crown
|-damage|p1a: Iron Crown|35/100
|move|p1a: Iron Crown|Psyshock|p2a: Tauros
|-supereffective|p2a: Tauros
|-damage|p2a: Tauros|0 fnt
|faint|p2a: Tauros
|
|-weather|RainDance|[upkeep]
|upkeep
|inactive|malefor1230 has 120 seconds left.
|
|t:|1743857499
|switch|p2a: Zapdos|Zapdos|13/100
|turn|20
|-message|malefor1230 forfeited.
|
|win|Dadhurtme
|raw|Dadhurtme's rating: 1118 &rarr; <strong>1140</strong><br />(+22 for winning)
|raw|malefor1230's rating: 1077 &rarr; <strong>1058</strong><br />(-19 for losing)
|l|☆malefor1230
|player|p2|
|l|☆Dadhurtme
|player|p1|
