|j|☆CardboardConfetti
|j|☆jhonss
|t:|1743831827
|gametype|singles
|player|p1|CardboardConfetti|pryce|1187
|player|p2|jhonss|clown|1236
|teamsize|p1|6
|teamsize|p2|6
|gen|9
|tier|[Gen 9] OU
|rated|
|rule|HP Percentage Mod: HP is shown in percentages
|rule|Endless Battle Clause: Forcing endless battles is banned
|rule|Species Clause: Limit one of each Pokémon
|rule|OHKO Clause: OHKO moves are banned
|rule|Evasion Items Clause: Evasion items are banned
|rule|Evasion Moves Clause: Evasion moves are banned
|rule|Sleep Moves Clause: Sleep-inducing moves are banned
|clearpoke
|poke|p1|Grafaiai, M|
|poke|p1|Ceruledge, F|
|poke|p1|Clodsire, F|
|poke|p1|Corviknight, F|
|poke|p1|Iron Valiant|
|poke|p1|Abomasnow, M|
|poke|p2|Walking Wake|
|poke|p2|Torkoal, F|
|poke|p2|Lilligant-Hisui, F|
|poke|p2|Thundurus, M|
|poke|p2|Gholdengo|
|poke|p2|Great Tusk|
|teampreview
|inactive|Battle timer is ON: inactive players will automatically lose when time's up. (requested by CardboardConfetti)
|
|t:|1743831835
|start
|switch|p1a: Grafaiai|Grafaiai, M|100/100
|switch|p2a: Thundurus|Thundurus, M, shiny|100/100
|turn|1
|
|t:|1743831847
|move|p2a: Thundurus|Thunder Wave|p1a: Grafaiai
|-status|p1a: Grafaiai|par
|cant|p1a: Grafaiai|par
|
|upkeep
|turn|2
|
|t:|1743831854
|move|p2a: Thundurus|Knock Off|p1a: Grafaiai
|-damage|p1a: Grafaiai|55/100 par
|-enditem|p1a: Grafaiai|Heavy-Duty Boots|[from] move: Knock Off|[of] p2a: Thundurus
|move|p1a: Grafaiai|Knock Off|p2a: Thundurus
|-damage|p2a: Thundurus|66/100
|-status|p2a: Thundurus|psn|[from] ability: Poison Touch|[of] p1a: Grafaiai
|-enditem|p2a: Thundurus|Heat Rock|[from] move: Knock Off|[of] p1a: Grafaiai
|
|-damage|p2a: Thundurus|54/100 psn|[from] psn
|upkeep
|turn|3
|
|t:|1743831865
|move|p2a: Thundurus|Sunny Day|p2a: Thundurus
|-weather|SunnyDay
|cant|p1a: Grafaiai|par
|
|-weather|SunnyDay|[upkeep]
|-damage|p2a: Thundurus|41/100 psn|[from] psn
|upkeep
|turn|4
|
|t:|1743831874
|move|p2a: Thundurus|Knock Off|p1a: Grafaiai
|-damage|p1a: Grafaiai|26/100 par
|cant|p1a: Grafaiai|par
|
|-weather|SunnyDay|[upkeep]
|-damage|p2a: Thundurus|29/100 psn|[from] psn
|upkeep
|turn|5
|
|t:|1743831881
|move|p2a: Thundurus|Knock Off|p1a: Grafaiai
|-crit|p1a: Grafaiai
|-damage|p1a: Grafaiai|0 fnt
|faint|p1a: Grafaiai
|
|-weather|SunnyDay|[upkeep]
|-damage|p2a: Thundurus|17/100 psn|[from] psn
|upkeep
|
|t:|1743831889
|switch|p1a: Ceruledge|Ceruledge, F|100/100
|turn|6
|
|t:|1743831892
|move|p1a: Ceruledge|Shadow Sneak|p2a: Thundurus
|-damage|p2a: Thundurus|0 fnt
|faint|p2a: Thundurus
|
|-weather|SunnyDay|[upkeep]
|upkeep
|
|t:|1743831901
|switch|p2a: Walking Wake|Walking Wake|100/100
|-activate|p2a: Walking Wake|ability: Protosynthesis
|-start|p2a: Walking Wake|protosynthesisspe
|turn|7
|
|t:|1743831909
|switch|p1a: Clodsire|Clodsire, F|100/100
|move|p2a: Walking Wake|Draco Meteor|p1a: Clodsire
|-damage|p1a: Clodsire|45/100
|-unboost|p2a: Walking Wake|spa|2
|
|-weather|none
|-end|p2a: Walking Wake|Protosynthesis
|-heal|p1a: Clodsire|52/100|[from] item: Black Sludge
|upkeep
|turn|8
|
|t:|1743831922
|-end|p2a: Walking Wake|Protosynthesis|[silent]
|switch|p2a: Torkoal|Torkoal, F|100/100
|-weather|SunnyDay|[from] ability: Drought|[of] p2a: Torkoal
|move|p1a: Clodsire|Recover|p1a: Clodsire
|-heal|p1a: Clodsire|100/100
|
|-weather|SunnyDay|[upkeep]
|upkeep
|turn|9
|
|t:|1743831931
|move|p2a: Torkoal|Stealth Rock|p1a: Clodsire
|-sidestart|p1: CardboardConfetti|move: Stealth Rock
|move|p1a: Clodsire|Curse|p1a: Clodsire
|-unboost|p1a: Clodsire|spe|1
|-boost|p1a: Clodsire|atk|1
|-boost|p1a: Clodsire|def|1
|
|-weather|SunnyDay|[upkeep]
|upkeep
|turn|10
|
|t:|1743831943
|switch|p2a: Gholdengo|Gholdengo, shiny|100/100
|move|p1a: Clodsire|Earthquake|p2a: Gholdengo
|-supereffective|p2a: Gholdengo
|-damage|p2a: Gholdengo|8/100
|
|-weather|SunnyDay|[upkeep]
|upkeep
|turn|11
|
|t:|1743831951
|move|p2a: Gholdengo|Trick|p1a: Clodsire
|-activate|p2a: Gholdengo|move: Trick|[of] p1a: Clodsire
|-item|p1a: Clodsire|Choice Scarf|[from] move: Trick
|-item|p2a: Gholdengo|Black Sludge|[from] move: Trick
|move|p1a: Clodsire|Earthquake|p2a: Gholdengo
|-supereffective|p2a: Gholdengo
|-damage|p2a: Gholdengo|0 fnt
|faint|p2a: Gholdengo
|
|-weather|SunnyDay|[upkeep]
|upkeep
|
|t:|1743831957
|switch|p2a: Lilligant|Lilligant-Hisui, F, shiny|100/100
|turn|12
|
|t:|1743831965
|switch|p1a: Abomasnow|Abomasnow, M|100/100
|-damage|p1a: Abomasnow|76/100|[from] Stealth Rock
|-weather|Snowscape|[from] ability: Snow Warning|[of] p1a: Abomasnow
|move|p2a: Lilligant|Solar Blade||[still]
|-prepare|p2a: Lilligant|Solar Blade
|
|-weather|Snowscape|[upkeep]
|upkeep
|turn|13
|
|t:|1743831977
|move|p2a: Lilligant|Solar Blade|p1a: Abomasnow|[from] lockedmove
|-resisted|p1a: Abomasnow
|-damage|p1a: Abomasnow|61/100
|-damage|p2a: Lilligant|91/100|[from] item: Life Orb
|move|p1a: Abomasnow|Aurora Veil|p1a: Abomasnow
|-sidestart|p1: CardboardConfetti|move: Aurora Veil
|
|-weather|Snowscape|[upkeep]
|upkeep
|turn|14
|
|t:|1743831986
|switch|p2a: Torkoal|Torkoal, F|100/100
|-weather|SunnyDay|[from] ability: Drought|[of] p2a: Torkoal
|move|p1a: Abomasnow|Blizzard|p2a: Torkoal
|-resisted|p2a: Torkoal
|-damage|p2a: Torkoal|76/100
|
|-weather|SunnyDay|[upkeep]
|upkeep
|turn|15
|
|t:|1743832008
|switch|p1a: Ceruledge|Ceruledge, F|100/100
|-damage|p1a: Ceruledge|76/100|[from] Stealth Rock
|move|p2a: Torkoal|Will-O-Wisp|p1a: Ceruledge
|-start|p1a: Ceruledge|ability: Flash Fire
|
|-weather|SunnyDay|[upkeep]
|upkeep
|turn|16
|
|t:|1743832019
|switch|p2a: Walking Wake|Walking Wake|100/100
|-activate|p2a: Walking Wake|ability: Protosynthesis
|-start|p2a: Walking Wake|protosynthesisspe
|-terastallize|p1a: Ceruledge|Bug
|move|p1a: Ceruledge|Bulk Up|p1a: Ceruledge
|-boost|p1a: Ceruledge|atk|1
|-boost|p1a: Ceruledge|def|1
|
|-weather|SunnyDay|[upkeep]
|upkeep
|turn|17
|
|t:|1743832033
|move|p2a: Walking Wake|Hydro Steam|p1a: Ceruledge
|-damage|p1a: Ceruledge|36/100
|move|p1a: Ceruledge|Bitter Blade|p2a: Walking Wake
|-resisted|p2a: Walking Wake
|-damage|p2a: Walking Wake|57/100
|-heal|p1a: Ceruledge|62/100|[from] drain|[of] p2a: Walking Wake
|
|-weather|SunnyDay|[upkeep]
|-sideend|p1: CardboardConfetti|move: Aurora Veil
|upkeep
|turn|18
|
|t:|1743832050
|-end|p2a: Walking Wake|Protosynthesis|[silent]
|switch|p2a: Great Tusk|Great Tusk|100/100
|-activate|p2a: Great Tusk|ability: Protosynthesis
|-start|p2a: Great Tusk|protosynthesisatk
|move|p1a: Ceruledge|Bitter Blade|p2a: Great Tusk
|-damage|p2a: Great Tusk|0 fnt
|-heal|p1a: Ceruledge|100/100|[from] drain|[of] p2a: Great Tusk
|faint|p2a: Great Tusk
|-end|p2a: Great Tusk|Protosynthesis|[silent]
|
|-weather|SunnyDay|[upkeep]
|upkeep
|
|t:|1743832058
|switch|p2a: Walking Wake|Walking Wake|57/100
|-activate|p2a: Walking Wake|ability: Protosynthesis
|-start|p2a: Walking Wake|protosynthesisspe
|turn|19
|
|t:|1743832065
|-terastallize|p2a: Walking Wake|Water
|move|p2a: Walking Wake|Hydro Steam|p1a: Ceruledge
|-damage|p1a: Ceruledge|0 fnt
|faint|p1a: Ceruledge
|
|-weather|SunnyDay|[upkeep]
|upkeep
|
|t:|1743832078
|switch|p1a: Clodsire|Clodsire, F|100/100
|-damage|p1a: Clodsire|94/100|[from] Stealth Rock
|turn|20
|
|t:|1743832083
|-end|p2a: Walking Wake|Protosynthesis|[silent]
|switch|p2a: Lilligant|Lilligant-Hisui, F, shiny|91/100
|move|p1a: Clodsire|Toxic|p2a: Lilligant
|-status|p2a: Lilligant|tox
|
|-weather|SunnyDay|[upkeep]
|-damage|p2a: Lilligant|84/100 tox|[from] psn
|upkeep
|turn|21
|
|t:|1743832091
|switch|p1a: Corviknight|Corviknight, F|100/100
|-damage|p1a: Corviknight|88/100|[from] Stealth Rock
|move|p2a: Lilligant|Close Combat|p1a: Corviknight
|-damage|p1a: Corviknight|30/100
|-unboost|p2a: Lilligant|def|1
|-unboost|p2a: Lilligant|spd|1
|-damage|p2a: Lilligant|68/100 tox|[from] item: Rocky Helmet|[of] p1a: Corviknight
|-damage|p2a: Lilligant|58/100 tox|[from] item: Life Orb
|
|-weather|none
|-damage|p2a: Lilligant|46/100 tox|[from] psn
|upkeep
|turn|22
|
|t:|1743832105
|switch|p2a: Torkoal|Torkoal, F|76/100
|-weather|SunnyDay|[from] ability: Drought|[of] p2a: Torkoal
|move|p1a: Corviknight|Roost|p1a: Corviknight
|-heal|p1a: Corviknight|80/100
|-singleturn|p1a: Corviknight|move: Roost
|
|-weather|SunnyDay|[upkeep]
|upkeep
|turn|23
|
|t:|1743832117
|switch|p1a: Clodsire|Clodsire, F|94/100
|-damage|p1a: Clodsire|88/100|[from] Stealth Rock
|move|p2a: Torkoal|Lava Plume|p1a: Clodsire
|-damage|p1a: Clodsire|70/100
|
|-weather|SunnyDay|[upkeep]
|upkeep
|turn|24
|
|t:|1743832125
|switch|p2a: Lilligant|Lilligant-Hisui, F, shiny|46/100 tox
|move|p1a: Clodsire|Toxic|p2a: Lilligant
|-fail|p2a: Lilligant|tox
|
|-weather|SunnyDay|[upkeep]
|-damage|p2a: Lilligant|40/100 tox|[from] psn
|upkeep
|turn|25
|
|t:|1743832135
|switch|p1a: Abomasnow|Abomasnow, M|61/100
|-damage|p1a: Abomasnow|37/100|[from] Stealth Rock
|-weather|Snowscape|[from] ability: Snow Warning|[of] p1a: Abomasnow
|move|p2a: Lilligant|Close Combat|p1a: Abomasnow
|-supereffective|p1a: Abomasnow
|-damage|p1a: Abomasnow|0 fnt
|-unboost|p2a: Lilligant|def|1
|-unboost|p2a: Lilligant|spd|1
|faint|p1a: Abomasnow
|-damage|p2a: Lilligant|30/100 tox|[from] item: Life Orb
|
|-weather|Snowscape|[upkeep]
|-damage|p2a: Lilligant|18/100 tox|[from] psn
|upkeep
|
|t:|1743832150
|switch|p1a: Iron Valiant|Iron Valiant|100/100
|-damage|p1a: Iron Valiant|94/100|[from] Stealth Rock
|-enditem|p1a: Iron Valiant|Booster Energy
|-activate|p1a: Iron Valiant|ability: Quark Drive|[fromitem]
|-start|p1a: Iron Valiant|quarkdrivespe
|turn|26
|
|t:|1743832157
|switch|p2a: Torkoal|Torkoal, F|76/100
|-weather|SunnyDay|[from] ability: Drought|[of] p2a: Torkoal
|move|p1a: Iron Valiant|Moonblast|p2a: Torkoal
|-resisted|p2a: Torkoal
|-damage|p2a: Torkoal|44/100
|-unboost|p2a: Torkoal|spa|1
|
|-weather|SunnyDay|[upkeep]
|upkeep
|turn|27
|
|t:|1743832167
|move|p1a: Iron Valiant|Aura Sphere|p2a: Torkoal
|-damage|p2a: Torkoal|0 fnt
|faint|p2a: Torkoal
|
|-weather|SunnyDay|[upkeep]
|upkeep
|
|t:|1743832171
|switch|p2a: Lilligant|Lilligant-Hisui, F, shiny|18/100 tox
|turn|28
|
|t:|1743832176
|move|p2a: Lilligant|Solar Blade||[still]
|-prepare|p2a: Lilligant|Solar Blade
|-anim|p2a: Lilligant|Solar Blade|p1a: Iron Valiant
|-damage|p1a: Iron Valiant|0 fnt
|faint|p1a: Iron Valiant
|-end|p1a: Iron Valiant|Quark Drive|[silent]
|-damage|p2a: Lilligant|8/100 tox|[from] item: Life Orb
|
|-weather|SunnyDay|[upkeep]
|-damage|p2a: Lilligant|2/100 tox|[from] psn
|upkeep
|
|t:|1743832189
|switch|p1a: Corviknight|Corviknight, F|80/100
|-damage|p1a: Corviknight|68/100|[from] Stealth Rock
|turn|29
|
|t:|1743832193
|switch|p2a: Walking Wake|Walking Wake, tera:Water|57/100
|-activate|p2a: Walking Wake|ability: Protosynthesis
|-start|p2a: Walking Wake|protosynthesisspe
|move|p1a: Corviknight|Brave Bird|p2a: Walking Wake
|-damage|p2a: Walking Wake|14/100
|-damage|p1a: Corviknight|56/100|[from] Recoil
|
|-weather|SunnyDay|[upkeep]
|upkeep
|turn|30
|
|t:|1743832203
|move|p2a: Walking Wake|Flamethrower|p1a: Corviknight
|-supereffective|p1a: Corviknight
|-crit|p1a: Corviknight
|-damage|p1a: Corviknight|0 fnt
|faint|p1a: Corviknight
|
|-weather|SunnyDay|[upkeep]
|upkeep
|
|t:|1743832210
|switch|p1a: Clodsire|Clodsire, F|70/100
|-damage|p1a: Clodsire|63/100|[from] Stealth Rock
|turn|31
|
|t:|1743832216
|move|p2a: Walking Wake|Flamethrower|p1a: Clodsire
|-damage|p1a: Clodsire|30/100
|move|p1a: Clodsire|Earthquake|p2a: Walking Wake
|-damage|p2a: Walking Wake|0 fnt
|faint|p2a: Walking Wake
|-end|p2a: Walking Wake|Protosynthesis|[silent]
|
|-weather|SunnyDay|[upkeep]
|upkeep
|
|t:|1743832221
|switch|p2a: Lilligant|Lilligant-Hisui, F, shiny|2/100 tox
|turn|32
|
|t:|1743832228
|move|p2a: Lilligant|Triple Axel|p1a: Clodsire
|-supereffective|p1a: Clodsire
|-damage|p1a: Clodsire|9/100
|-supereffective|p1a: Clodsire
|-damage|p1a: Clodsire|0 fnt
|faint|p1a: Clodsire
|-hitcount|p1: Clodsire|2
|-damage|p2a: Lilligant|0 fnt|[from] item: Life Orb
|faint|p2a: Lilligant
|
|win|jhonss
|raw|CardboardConfetti's rating: 1187 &rarr; <strong>1166</strong><br />(-21 for losing)
|raw|jhonss's rating: 1236 &rarr; <strong>1257</strong><br />(+21 for winning)
|l|☆CardboardConfetti
|player|p1|
|l|☆jhonss
|player|p2|
