|j|☆iamaguyprobably
|j|☆xlunarRaez
|inactive|Battle timer is ON: inactive players will automatically lose when time's up.
|t:|1743826583
|gametype|singles
|player|p1|iamaguyprobably|1|
|player|p2|xlunarRaez|anabel-gen7|
|teamsize|p1|3
|teamsize|p2|3
|gen|9
|tier|[Gen 9] OU
|rated|Tournament battle
|rule|HP Percentage Mod: HP is shown in percentages
|rule|Endless Battle Clause: Forcing endless battles is banned
|rule|Species Clause: Limit one of each Pokémon
|rule|OHKO Clause: OHKO moves are banned
|rule|Evasion Items Clause: Evasion items are banned
|rule|Evasion Moves Clause: Evasion moves are banned
|rule|Sleep Moves Clause: Sleep-inducing moves are banned
|clearpoke
|poke|p1|Chinchou, F|
|poke|p1|Dragalge, F|
|poke|p1|Cetitan, M|
|poke|p2|Ceruledge, F|
|poke|p2|Petilil, F|
|poke|p2|Serperior, F|
|teampreview
|j|*Lady Monita ❄
|inactive|iamaguyprobably also wants the timer to be on.
|inactive|xlunarRaez also wants the timer to be on.
|
|t:|1743826592
|start
|switch|p1a: Dragalge|Dragalge, F|100/100
|switch|p2a: Petilil|Petilil, F|100/100
|turn|1
|c|☆iamaguyprobably|glhf
|j| Hitmonchang
|c|☆xlunarRaez|you too
|j| Raichu95lucario
|c|☆iamaguyprobably|thanks
|
|t:|1743826612
|move|p2a: Petilil|Sunny Day|p2a: Petilil
|-weather|SunnyDay
|move|p1a: Dragalge|Sludge Bomb|p2a: Petilil
|-supereffective|p2a: Petilil
|-damage|p2a: Petilil|0 fnt
|faint|p2a: Petilil
|
|-weather|SunnyDay|[upkeep]
|upkeep
|
|t:|1743826617
|switch|p2a: Ceruledge|Ceruledge, F|100/100
|turn|2
|
|t:|1743826627
|move|p2a: Ceruledge|Dragon Claw|p1a: Dragalge
|-supereffective|p1a: Dragalge
|-damage|p1a: Dragalge|20/100
|-damage|p2a: Ceruledge|91/100|[from] item: Life Orb
|move|p1a: Dragalge|Draco Meteor|p2a: Ceruledge
|-damage|p2a: Ceruledge|0 fnt
|-unboost|p1a: Dragalge|spa|2
|faint|p2a: Ceruledge
|
|-weather|SunnyDay|[upkeep]
|upkeep
|
|t:|1743826630
|switch|p2a: Serperior|Serperior, F|100/100
|turn|3
|
|t:|1743826642
|move|p2a: Serperior|Substitute|p2a: Serperior
|-start|p2a: Serperior|Substitute
|-damage|p2a: Serperior|76/100
|move|p1a: Dragalge|Sludge Bomb|p2a: Serperior
|-supereffective|p2a: Serperior
|-end|p2a: Serperior|Substitute
|
|-weather|SunnyDay|[upkeep]
|-heal|p2a: Serperior|82/100|[from] item: Leftovers
|upkeep
|turn|4
|
|t:|1743826651
|-terastallize|p2a: Serperior|Dragon
|move|p2a: Serperior|Substitute|p2a: Serperior
|-start|p2a: Serperior|Substitute
|-damage|p2a: Serperior|57/100
|move|p1a: Dragalge|Sludge Bomb|p2a: Serperior
|-end|p2a: Serperior|Substitute
|
|-weather|SunnyDay|[upkeep]
|-heal|p2a: Serperior|63/100|[from] item: Leftovers
|upkeep
|turn|5
|
|t:|1743826655
|move|p2a: Serperior|Dragon Pulse|p1a: Dragalge
|-supereffective|p1a: Dragalge
|-damage|p1a: Dragalge|0 fnt
|faint|p1a: Dragalge
|
|-weather|none
|-heal|p2a: Serperior|70/100|[from] item: Leftovers
|upkeep
|
|t:|1743826658
|switch|p1a: Cetitan|Cetitan, M|100/100
|turn|6
|
|t:|1743826664
|move|p2a: Serperior|Leaf Storm|p1a: Cetitan
|-damage|p1a: Cetitan|55/100
|-boost|p2a: Serperior|spa|2
|move|p1a: Cetitan|Icicle Crash|p2a: Serperior
|-supereffective|p2a: Serperior
|-damage|p2a: Serperior|0 fnt
|faint|p2a: Serperior
|
|win|iamaguyprobably
|n|☆iamaguyprobably|iamaguyprobably
|n|☆xlunarRaez|xlunarraez
|n|*Lady Monita ❄|ladymonita
|n| Hitmonchang|hitmonchang
|n| Raichu95lucario|raichu95lucario
