|j|☆Slushers
|j|☆Emonstar
|t:|1743825735
|gametype|singles
|player|p1|Slushers|bruno|1085
|player|p2|Emonstar|1|1117
|teamsize|p1|6
|teamsize|p2|6
|gen|9
|tier|[Gen 9] OU
|rated|
|rule|HP Percentage Mod: HP is shown in percentages
|rule|Endless Battle Clause: Forcing endless battles is banned
|rule|Species Clause: Limit one of each Pokémon
|rule|OHKO Clause: OHKO moves are banned
|rule|Evasion Items Clause: Evasion items are banned
|rule|Evasion Moves Clause: Evasion moves are banned
|rule|Sleep Moves Clause: Sleep-inducing moves are banned
|clearpoke
|poke|p1|Gliscor, F|
|poke|p1|Corviknight, M|
|poke|p1|Quagsire, M|
|poke|p1|Iron Valiant|
|poke|p1|Dragonite, F|
|poke|p1|Mamoswine, F|
|poke|p2|Klefki, M|
|poke|p2|Poliwrath, M|
|poke|p2|Armarouge, F|
|poke|p2|Frosmoth, M|
|poke|p2|Garchomp, F|
|poke|p2|Magnezone|
|teampreview
|
|t:|1743825749
|start
|switch|p1a: Gliscor|Gliscor, F|100/100
|switch|p2a: Armarouge|Armarouge, F|100/100
|turn|1
|inactive|Battle timer is ON: inactive players will automatically lose when time's up. (requested by Emonstar)
|
|t:|1743825776
|move|p2a: Armarouge|Armor Cannon|p1a: Gliscor
|-damage|p1a: Gliscor|0 fnt
|-unboost|p2a: Armarouge|def|1
|-unboost|p2a: Armarouge|spd|1
|faint|p1a: Gliscor
|
|upkeep
|
|t:|1743825783
|switch|p1a: Mamoswine|Mamoswine, F, shiny|100/100
|turn|2
|
|t:|1743825789
|switch|p2a: Magnezone|Magnezone|100/100
|move|p1a: Mamoswine|Knock Off|p2a: Magnezone
|-damage|p2a: Magnezone|66/100
|-enditem|p2a: Magnezone|Choice Scarf|[from] move: Knock Off|[of] p1a: Mamoswine
|
|upkeep
|turn|3
|
|t:|1743825800
|switch|p1a: Corviknight|Corviknight, M, shiny|100/100
|-terastallize|p2a: Magnezone|Fighting
|move|p2a: Magnezone|Iron Defense|p2a: Magnezone
|-boost|p2a: Magnezone|def|2
|
|upkeep
|turn|4
|
|t:|1743825812
|move|p2a: Magnezone|Iron Defense|p2a: Magnezone
|-boost|p2a: Magnezone|def|2
|move|p1a: Corviknight|Iron Defense|p1a: Corviknight
|-boost|p1a: Corviknight|def|2
|
|upkeep
|turn|5
|
|t:|1743825819
|move|p2a: Magnezone|Volt Switch|p1a: Corviknight
|-supereffective|p1a: Corviknight
|-damage|p1a: Corviknight|49/100
|
|t:|1743825828
|switch|p2a: Armarouge|Armarouge, F|100/100|[from] Volt Switch
|move|p1a: Corviknight|Body Press|p2a: Armarouge
|-resisted|p2a: Armarouge
|-damage|p2a: Armarouge|74/100
|-ability|p2a: Armarouge|Weak Armor|boost
|-unboost|p2a: Armarouge|def|1
|-boost|p2a: Armarouge|spe|2
|
|-heal|p1a: Corviknight|55/100|[from] item: Leftovers
|upkeep
|turn|6
|
|t:|1743825840
|switch|p1a: Bubblegum|Quagsire, M, shiny|100/100
|move|p2a: Armarouge|Armor Cannon|p1a: Bubblegum
|-resisted|p1a: Bubblegum
|-damage|p1a: Bubblegum|40/100
|-unboost|p2a: Armarouge|def|1
|-unboost|p2a: Armarouge|spd|1
|
|-heal|p1a: Bubblegum|46/100|[from] item: Leftovers
|upkeep
|turn|7
|
|t:|1743825848
|move|p2a: Armarouge|Armor Cannon|p1a: Bubblegum
|-resisted|p1a: Bubblegum
|-damage|p1a: Bubblegum|0 fnt
|-unboost|p2a: Armarouge|def|1
|-unboost|p2a: Armarouge|spd|1
|faint|p1a: Bubblegum
|
|upkeep
|
|t:|1743825856
|switch|p1a: Dragonite|Dragonite, F|100/100
|turn|8
|
|t:|1743825863
|switch|p2a: Garchomp|Garchomp, F|100/100
|move|p1a: Dragonite|Dragon Dance|p1a: Dragonite
|-boost|p1a: Dragonite|atk|1
|-boost|p1a: Dragonite|spe|1
|
|upkeep
|turn|9
|
|t:|1743825870
|move|p1a: Dragonite|Iron Head|p2a: Garchomp
|-damage|p2a: Garchomp|75/100
|-damage|p1a: Dragonite|88/100|[from] ability: Rough Skin|[of] p2a: Garchomp
|-damage|p1a: Dragonite|71/100|[from] item: Rocky Helmet|[of] p2a: Garchomp
|move|p2a: Garchomp|Dragon Tail|p1a: Dragonite
|-supereffective|p1a: Dragonite
|-crit|p1a: Dragonite
|-damage|p1a: Dragonite|0 fnt
|faint|p1a: Dragonite
|
|upkeep
|
|t:|1743825879
|switch|p1a: Corviknight|Corviknight, M, shiny|55/100
|turn|10
|
|t:|1743825882
|move|p2a: Garchomp|Stealth Rock|p1a: Corviknight
|-sidestart|p1: Slushers|move: Stealth Rock
|move|p1a: Corviknight|Body Press|p2a: Garchomp
|-damage|p2a: Garchomp|60/100
|-damage|p1a: Corviknight|43/100|[from] ability: Rough Skin|[of] p2a: Garchomp
|-damage|p1a: Corviknight|26/100|[from] item: Rocky Helmet|[of] p2a: Garchomp
|
|-heal|p1a: Corviknight|32/100|[from] item: Leftovers
|upkeep
|turn|11
|-message|Slushers forfeited.
|
|win|Emonstar
|raw|Slushers's rating: 1085 &rarr; <strong>1064</strong><br />(-21 for losing)
|raw|Emonstar's rating: 1117 &rarr; <strong>1140</strong><br />(+23 for winning)
|l|☆Slushers
|player|p1|
|l|☆Emonstar
|player|p2|
