|j|☆metaknight69
|j|☆miguelghh1303
|t:|1743846114
|gametype|singles
|player|p1|metaknight69|nate|1256
|player|p2|miguelghh1303|170|1348
|teamsize|p1|6
|teamsize|p2|6
|gen|9
|tier|[Gen 9] OU
|rated|
|rule|HP Percentage Mod: HP is shown in percentages
|rule|Endless Battle Clause: Forcing endless battles is banned
|rule|Species Clause: Limit one of each Pokémon
|rule|OHKO Clause: OHKO moves are banned
|rule|Evasion Items Clause: Evasion items are banned
|rule|Evasion Moves Clause: Evasion moves are banned
|rule|Sleep Moves Clause: Sleep-inducing moves are banned
|clearpoke
|poke|p1|Raging Bolt|
|poke|p1|Primarina, F|
|poke|p1|Araquanid, F|
|poke|p1|Talonflame, M|
|poke|p1|Great Tusk|
|poke|p1|Kingambit, M|
|poke|p2|Dragonite, M|
|poke|p2|Ting-Lu|
|poke|p2|Iron Moth|
|poke|p2|Iron Valiant|
|poke|p2|Kyurem|
|poke|p2|Gholdengo|
|teampreview
|inactive|Battle timer is ON: inactive players will automatically lose when time's up. (requested by miguelghh1303)
|
|t:|1743846124
|start
|switch|p1a: Great Tusk|Great Tusk|100/100
|switch|p2a: Ting-Lu|Ting-Lu|100/100
|-ability|p2a: Ting-Lu|Vessel of Ruin
|turn|1
|
|t:|1743846141
|switch|p2a: Iron Valiant|Iron Valiant|100/100
|-enditem|p2a: Iron Valiant|Booster Energy
|-activate|p2a: Iron Valiant|ability: Quark Drive|[fromitem]
|-start|p2a: Iron Valiant|quarkdrivespe
|move|p1a: Great Tusk|Stealth Rock|p2a: Iron Valiant
|-sidestart|p2: miguelghh1303|move: Stealth Rock
|
|upkeep
|turn|2
|
|t:|1743846159
|-end|p1a: Great Tusk|Protosynthesis|[silent]
|switch|p1a: Ire-Foudre|Raging Bolt|100/100
|-enditem|p1a: Ire-Foudre|Booster Energy
|-activate|p1a: Ire-Foudre|ability: Protosynthesis|[fromitem]
|-start|p1a: Ire-Foudre|protosynthesisspa
|move|p2a: Iron Valiant|Moonblast|p1a: Ire-Foudre
|-supereffective|p1a: Ire-Foudre
|-damage|p1a: Ire-Foudre|32/100
|
|upkeep
|turn|3
|
|t:|1743846176
|move|p1a: Ire-Foudre|Thunderclap|p2a: Iron Valiant
|-damage|p2a: Iron Valiant|0 fnt
|faint|p2a: Iron Valiant
|-end|p2a: Iron Valiant|Quark Drive|[silent]
|
|upkeep
|
|t:|1743846181
|switch|p2a: Ting-Lu|Ting-Lu|100/100
|-damage|p2a: Ting-Lu|94/100|[from] Stealth Rock
|-ability|p2a: Ting-Lu|Vessel of Ruin
|turn|4
|
|t:|1743846191
|move|p2a: Ting-Lu|Stealth Rock|p1a: Ire-Foudre
|-sidestart|p1: metaknight69|move: Stealth Rock
|move|p1a: Ire-Foudre|Dragon Pulse|p2a: Ting-Lu
|-damage|p2a: Ting-Lu|51/100
|
|upkeep
|turn|5
|
|t:|1743846196
|move|p2a: Ting-Lu|Earthquake|p1a: Ire-Foudre
|-supereffective|p1a: Ire-Foudre
|-damage|p1a: Ire-Foudre|0 fnt
|faint|p1a: Ire-Foudre
|-end|p1a: Ire-Foudre|Protosynthesis|[silent]
|
|upkeep
|
|t:|1743846204
|switch|p1a: Tarembulle|Araquanid, F|100/100
|-damage|p1a: Tarembulle|76/100|[from] Stealth Rock
|turn|6
|
|t:|1743846208
|move|p2a: Ting-Lu|Taunt|p1a: Tarembulle
|-start|p1a: Tarembulle|move: Taunt
|-enditem|p1a: Tarembulle|Mental Herb
|-end|p1a: Tarembulle|move: Taunt
|move|p1a: Tarembulle|Sticky Web|p2a: Ting-Lu
|-sidestart|p2: miguelghh1303|move: Sticky Web
|
|upkeep
|turn|7
|
|t:|1743846215
|move|p2a: Ting-Lu|Ruination|p1a: Tarembulle
|-damage|p1a: Tarembulle|38/100
|move|p1a: Tarembulle|Surf|p2a: Ting-Lu
|-supereffective|p2a: Ting-Lu
|-damage|p2a: Ting-Lu|4/100
|
|upkeep
|turn|8
|
|t:|1743846221
|move|p2a: Ting-Lu|Ruination|p1a: Tarembulle
|-damage|p1a: Tarembulle|19/100
|move|p1a: Tarembulle|Surf|p2a: Ting-Lu
|-supereffective|p2a: Ting-Lu
|-damage|p2a: Ting-Lu|0 fnt
|faint|p2a: Ting-Lu
|
|upkeep
|
|t:|1743846231
|switch|p2a: Dragonite|Dragonite, M|100/100
|turn|9
|
|t:|1743846242
|switch|p1a: Flambusard|Talonflame, M|100/100
|move|p2a: Dragonite|Dragon Dance|p2a: Dragonite
|-boost|p2a: Dragonite|atk|1
|-boost|p2a: Dragonite|spe|1
|
|upkeep
|turn|10
|
|t:|1743846254
|move|p2a: Dragonite|Extreme Speed|p1a: Flambusard
|-damage|p1a: Flambusard|38/100
|move|p1a: Flambusard|Flare Blitz|p2a: Dragonite
|-resisted|p2a: Dragonite
|-damage|p2a: Dragonite|89/100
|-damage|p1a: Flambusard|33/100|[from] Recoil
|
|upkeep
|turn|11
|
|t:|1743846262
|move|p2a: Dragonite|Extreme Speed|p1a: Flambusard
|-damage|p1a: Flambusard|0 fnt
|faint|p1a: Flambusard
|
|upkeep
|
|t:|1743846267
|switch|p1a: Oratoria|Primarina, F|100/100
|-damage|p1a: Oratoria|88/100|[from] Stealth Rock
|turn|12
|
|t:|1743846273
|move|p2a: Dragonite|Extreme Speed|p1a: Oratoria
|-damage|p1a: Oratoria|41/100
|move|p1a: Oratoria|Ice Beam|p2a: Dragonite
|-supereffective|p2a: Dragonite
|-damage|p2a: Dragonite|0 fnt
|faint|p2a: Dragonite
|
|upkeep
|
|t:|1743846287
|switch|p2a: Iron Moth|Iron Moth|100/100
|-damage|p2a: Iron Moth|76/100|[from] Stealth Rock
|-activate|p2a: Iron Moth|move: Sticky Web
|-unboost|p2a: Iron Moth|spe|1
|-enditem|p2a: Iron Moth|Booster Energy
|-activate|p2a: Iron Moth|ability: Quark Drive|[fromitem]
|-start|p2a: Iron Moth|quarkdrivespa
|turn|13
|
|t:|1743846303
|-terastallize|p2a: Iron Moth|Ghost
|move|p2a: Iron Moth|Sludge Wave|p1a: Oratoria
|-supereffective|p1a: Oratoria
|-damage|p1a: Oratoria|0 fnt
|faint|p1a: Oratoria
|
|upkeep
|
|t:|1743846322
|switch|p1a: Tarembulle|Araquanid, F|19/100
|-damage|p1a: Tarembulle|0 fnt|[from] Stealth Rock
|faint|p1a: Tarembulle
|
|t:|1743846326
|switch|p1a: Great Tusk|Great Tusk|100/100
|-damage|p1a: Great Tusk|98/100|[from] Stealth Rock
|turn|14
|
|t:|1743846338
|move|p1a: Great Tusk|Rapid Spin|p2a: Iron Moth
|-immune|p2a: Iron Moth
|move|p2a: Iron Moth|Dazzling Gleam|p1a: Great Tusk
|-supereffective|p1a: Great Tusk
|-damage|p1a: Great Tusk|0 fnt
|faint|p1a: Great Tusk
|-end|p1a: Great Tusk|Protosynthesis|[silent]
|
|upkeep
|
|t:|1743846344
|switch|p1a: Scalpereur|Kingambit, M|100/100
|-damage|p1a: Scalpereur|94/100|[from] Stealth Rock
|-activate|p1a: Scalpereur|ability: Supreme Overlord
|-start|p1a: Scalpereur|fallen5|[silent]
|-item|p1a: Scalpereur|Air Balloon
|turn|15
|
|t:|1743846350
|move|p2a: Iron Moth|Fiery Dance|p1a: Scalpereur
|-supereffective|p1a: Scalpereur
|-damage|p1a: Scalpereur|0 fnt
|-boost|p2a: Iron Moth|spa|1
|-enditem|p1a: Scalpereur|Air Balloon
|faint|p1a: Scalpereur
|-end|p1a: Scalpereur|fallen5|[silent]
|
|win|miguelghh1303
|raw|metaknight69's rating: 1256 &rarr; <strong>1237</strong><br />(-19 for losing)
|raw|miguelghh1303's rating: 1348 &rarr; <strong>1363</strong><br />(+15 for winning)
|l|☆metaknight69
|player|p1|
|l|☆miguelghh1303
|player|p2|
