|j|☆StarryCap
|j|☆Otilia
|t:|1743830932
|gametype|singles
|player|p1|StarryCap|ryuki|1091
|player|p2|Otilia|pryce|1053
|teamsize|p1|6
|teamsize|p2|6
|gen|9
|tier|[Gen 9] OU
|rated|
|rule|HP Percentage Mod: HP is shown in percentages
|rule|Endless Battle Clause: Forcing endless battles is banned
|rule|Species Clause: Limit one of each Pokémon
|rule|OHKO Clause: OHKO moves are banned
|rule|Evasion Items Clause: Evasion items are banned
|rule|Evasion Moves Clause: Evasion moves are banned
|rule|Sleep Moves Clause: Sleep-inducing moves are banned
|clearpoke
|poke|p1|Glimmora, F|
|poke|p1|Zamazenta-*|
|poke|p1|Latias, F|
|poke|p1|Gholdengo|
|poke|p1|Dragonite, F|
|poke|p1|Weavile, M|
|poke|p2|Ninetales-Alola, F|
|poke|p2|Mamoswine, M|
|poke|p2|Lapras, F|
|poke|p2|Cetitan, F|
|poke|p2|Articuno|
|poke|p2|Cloyster, M|
|teampreview
|inactive|Battle timer is ON: inactive players will automatically lose when time's up. (requested by StarryCap)
|
|t:|1743830938
|start
|switch|p1a: Glimmora|Glimmora, F|100/100
|switch|p2a: Cloyster|Cloyster, M|100/100
|turn|1
|
|t:|1743830945
|-terastallize|p2a: Cloyster|Water
|move|p2a: Cloyster|Shell Smash|p2a: Cloyster
|-unboost|p2a: Cloyster|def|1
|-unboost|p2a: Cloyster|spd|1
|-boost|p2a: Cloyster|atk|2
|-boost|p2a: Cloyster|spa|2
|-boost|p2a: Cloyster|spe|2
|move|p1a: Glimmora|Stealth Rock|p2a: Cloyster
|-sidestart|p2: Otilia|move: Stealth Rock
|
|upkeep
|turn|2
|
|t:|1743830955
|move|p2a: Cloyster|Liquidation|p1a: Glimmora
|-supereffective|p1a: Glimmora
|-damage|p1a: Glimmora|0 fnt
|-activate|p1a: Glimmora|ability: Toxic Debris
|-sidestart|p2: Otilia|move: Toxic Spikes
|faint|p1a: Glimmora
|
|upkeep
|inactive|StarryCap has 120 seconds left.
|inactive|StarryCap has 90 seconds left.
|
|t:|1743831028
|switch|p1a: Dragonite|Dragonite, F|100/100
|turn|3
|
|t:|1743831032
|-terastallize|p1a: Dragonite|Normal
|move|p2a: Cloyster|Icicle Spear|p1a: Dragonite
|-damage|p1a: Dragonite|89/100
|-damage|p1a: Dragonite|68/100
|-damage|p1a: Dragonite|47/100
|-damage|p1a: Dragonite|21/100
|-damage|p1a: Dragonite|0 fnt
|faint|p1a: Dragonite
|-hitcount|p1: Dragonite|5
|
|upkeep
|
|t:|1743831057
|switch|p1a: Weavile|Weavile, M|100/100
|turn|4
|
|t:|1743831076
|move|p2a: Cloyster|Icicle Spear|p1a: Weavile
|-resisted|p1a: Weavile
|-damage|p1a: Weavile|81/100
|-resisted|p1a: Weavile
|-damage|p1a: Weavile|62/100
|-resisted|p1a: Weavile
|-damage|p1a: Weavile|44/100
|-resisted|p1a: Weavile
|-damage|p1a: Weavile|25/100
|-resisted|p1a: Weavile
|-damage|p1a: Weavile|5/100
|-hitcount|p1a: Weavile|5
|move|p1a: Weavile|Knock Off|p2a: Cloyster
|-damage|p2a: Cloyster|25/100
|-enditem|p2a: Cloyster|Focus Sash|[from] move: Knock Off|[of] p1a: Weavile
|-damage|p1a: Weavile|0 fnt|[from] item: Life Orb
|faint|p1a: Weavile
|
|upkeep
|inactive|StarryCap has 60 seconds left.
|
|t:|1743831099
|switch|p1a: Zamazenta|Zamazenta|100/100
|-ability|p1a: Zamazenta|Dauntless Shield|boost
|-boost|p1a: Zamazenta|def|1
|turn|5
|
|t:|1743831104
|move|p2a: Cloyster|Icicle Spear|p1a: Zamazenta
|-damage|p1a: Zamazenta|90/100
|-damage|p1a: Zamazenta|79/100
|-damage|p1a: Zamazenta|68/100
|-damage|p1a: Zamazenta|58/100
|-damage|p1a: Zamazenta|48/100
|-hitcount|p1a: Zamazenta|5
|move|p1a: Zamazenta|Body Press|p2a: Cloyster
|-damage|p2a: Cloyster|0 fnt
|faint|p2a: Cloyster
|
|-heal|p1a: Zamazenta|54/100|[from] item: Leftovers
|upkeep
|
|t:|1743831120
|switch|p2a: Baddie|Ninetales-Alola, F, shiny|100/100
|-damage|p2a: Baddie|76/100|[from] Stealth Rock
|-status|p2a: Baddie|psn
|-weather|Snowscape|[from] ability: Snow Warning|[of] p2a: Baddie
|turn|6
|
|t:|1743831133
|move|p1a: Zamazenta|Body Press|p2a: Baddie
|-damage|p2a: Baddie|33/100 psn
|move|p2a: Baddie|Aurora Veil|p2a: Baddie
|-sidestart|p2: Otilia|move: Aurora Veil
|
|-weather|Snowscape|[upkeep]
|-heal|p1a: Zamazenta|60/100|[from] item: Leftovers
|-damage|p2a: Baddie|21/100 psn|[from] psn
|upkeep
|turn|7
|
|t:|1743831141
|move|p1a: Zamazenta|Substitute|p1a: Zamazenta
|-start|p1a: Zamazenta|Substitute
|-damage|p1a: Zamazenta|35/100
|move|p2a: Baddie|Zen Headbutt|p1a: Zamazenta
|-supereffective|p1a: Zamazenta
|-activate|p1a: Zamazenta|move: Substitute|[damage]
|
|-weather|Snowscape|[upkeep]
|-heal|p1a: Zamazenta|41/100|[from] item: Leftovers
|-damage|p2a: Baddie|9/100 psn|[from] psn
|upkeep
|turn|8
|
|t:|1743831149
|move|p1a: Zamazenta|Iron Defense|p1a: Zamazenta
|-boost|p1a: Zamazenta|def|2
|move|p2a: Baddie|Zen Headbutt|p1a: Zamazenta|[miss]
|-miss|p2a: Baddie|p1a: Zamazenta
|
|-weather|Snowscape|[upkeep]
|-heal|p1a: Zamazenta|48/100|[from] item: Leftovers
|-damage|p2a: Baddie|0 fnt|[from] psn
|faint|p2a: Baddie
|upkeep
|
|t:|1743831162
|switch|p2a: Articuno|Articuno|100/100
|-ability|p2a: Articuno|Pressure
|turn|9
|inactive|StarryCap has 90 seconds left.
|
|t:|1743831180
|move|p1a: Zamazenta|Body Press|p2a: Articuno
|-damage|p2a: Articuno|72/100
|move|p2a: Articuno|Blizzard|p1a: Zamazenta
|-end|p1a: Zamazenta|Substitute
|
|-weather|Snowscape|[upkeep]
|-heal|p1a: Zamazenta|54/100|[from] item: Leftovers
|upkeep
|turn|10
|
|t:|1743831198
|move|p1a: Zamazenta|Substitute|p1a: Zamazenta
|-start|p1a: Zamazenta|Substitute
|-damage|p1a: Zamazenta|29/100
|move|p2a: Articuno|Blizzard|p1a: Zamazenta
|-end|p1a: Zamazenta|Substitute
|
|-weather|none
|-heal|p1a: Zamazenta|35/100|[from] item: Leftovers
|upkeep
|turn|11
|inactive|StarryCap has 60 seconds left.
|
|t:|1743831233
|move|p1a: Zamazenta|Substitute|p1a: Zamazenta
|-start|p1a: Zamazenta|Substitute
|-damage|p1a: Zamazenta|10/100
|move|p2a: Articuno|Freeze-Dry|p1a: Zamazenta
|-end|p1a: Zamazenta|Substitute
|
|-heal|p1a: Zamazenta|16/100|[from] item: Leftovers
|upkeep
|turn|12
|
|t:|1743831243
|move|p1a: Zamazenta|Body Press|p2a: Articuno
|-damage|p2a: Articuno|27/100
|move|p2a: Articuno|Freeze-Dry|p1a: Zamazenta
|-damage|p1a: Zamazenta|0 fnt
|faint|p1a: Zamazenta
|
|upkeep
|
|t:|1743831252
|switch|p1a: Gholdengo|Gholdengo|100/100
|turn|13
|
|t:|1743831255
|move|p2a: Articuno|Roost|p2a: Articuno
|-heal|p2a: Articuno|77/100
|-singleturn|p2a: Articuno|move: Roost
|move|p1a: Gholdengo|Nasty Plot|p1a: Gholdengo
|-boost|p1a: Gholdengo|spa|2
|
|-sideend|p2: Otilia|move: Aurora Veil
|upkeep
|turn|14
|
|t:|1743831263
|move|p2a: Articuno|Substitute|p2a: Articuno
|-start|p2a: Articuno|Substitute
|-damage|p2a: Articuno|52/100
|move|p1a: Gholdengo|Thunderbolt|p2a: Articuno
|-supereffective|p2a: Articuno
|-end|p2a: Articuno|Substitute
|
|upkeep
|turn|15
|
|t:|1743831270
|move|p2a: Articuno|Roost|p2a: Articuno
|-heal|p2a: Articuno|100/100
|-singleturn|p2a: Articuno|move: Roost
|move|p1a: Gholdengo|Thunderbolt|p2a: Articuno
|-damage|p2a: Articuno|54/100
|
|upkeep
|turn|16
|
|t:|1743831277
|move|p2a: Articuno|Freeze-Dry|p1a: Gholdengo
|-resisted|p1a: Gholdengo
|-damage|p1a: Gholdengo|86/100
|move|p1a: Gholdengo|Thunderbolt|p2a: Articuno
|-supereffective|p2a: Articuno
|-damage|p2a: Articuno|0 fnt
|faint|p2a: Articuno
|
|upkeep
|
|t:|1743831286
|switch|p2a: Elephant|Mamoswine, M|100/100
|-damage|p2a: Elephant|88/100|[from] Stealth Rock
|-status|p2a: Elephant|psn
|turn|17
|inactive|StarryCap has 90 seconds left.
|
|t:|1743831298
|move|p1a: Gholdengo|Shadow Ball|p2a: Elephant
|-damage|p2a: Elephant|0 fnt
|faint|p2a: Elephant
|
|upkeep
|
|t:|1743831305
|switch|p2a: Nessie|Lapras, F, shiny|100/100
|-damage|p2a: Nessie|76/100|[from] Stealth Rock
|-status|p2a: Nessie|psn
|turn|18
|inactive|StarryCap has 90 seconds left.
|
|t:|1743831315
|move|p1a: Gholdengo|Shadow Ball|p2a: Nessie
|-damage|p2a: Nessie|30/100 psn
|-unboost|p2a: Nessie|spd|1
|move|p2a: Nessie|Surf|p1a: Gholdengo
|-damage|p1a: Gholdengo|49/100
|
|-damage|p2a: Nessie|18/100 psn|[from] psn
|upkeep
|turn|19
|inactive|StarryCap has 90 seconds left.
|
|t:|1743831327
|move|p1a: Gholdengo|Shadow Ball|p2a: Nessie
|-damage|p2a: Nessie|0 fnt
|faint|p2a: Nessie
|
|upkeep
|
|t:|1743831331
|switch|p2a: Cetitan|Cetitan, F, shiny|100/100
|-damage|p2a: Cetitan|76/100|[from] Stealth Rock
|-status|p2a: Cetitan|psn
|turn|20
|
|t:|1743831341
|move|p2a: Cetitan|Icicle Crash|p1a: Gholdengo
|-resisted|p1a: Gholdengo
|-damage|p1a: Gholdengo|28/100
|cant|p1a: Gholdengo|flinch
|
|-damage|p2a: Cetitan|63/100 psn|[from] psn
|upkeep
|turn|21
|
|t:|1743831349
|move|p2a: Cetitan|Icicle Crash|p1a: Gholdengo
|-resisted|p1a: Gholdengo
|-damage|p1a: Gholdengo|10/100
|cant|p1a: Gholdengo|flinch
|
|-damage|p2a: Cetitan|51/100 psn|[from] psn
|upkeep
|turn|22
|-enditem|p1a: Gholdengo|Custap Berry|[eat]
|-activate|p1a: Gholdengo|item: Custap Berry|[consumed]
|
|t:|1743831358
|move|p1a: Gholdengo|Shadow Ball|p2a: Cetitan
|-damage|p2a: Cetitan|0 fnt
|faint|p2a: Cetitan
|
|win|StarryCap
|raw|StarryCap's rating: 1091 &rarr; <strong>1114</strong><br />(+23 for winning)
|raw|Otilia's rating: 1053 &rarr; <strong>1037</strong><br />(-16 for losing)
|l|☆StarryCap
|player|p1|
|l|☆Otilia
|player|p2|
