|j|☆metakill4r
|j|☆MicrowaveHeart
|t:|1743911955
|gametype|singles
|player|p1|metakill4r|boarder|1553
|player|p2|MicrowaveHeart|hilda|1564
|teamsize|p1|6
|teamsize|p2|6
|gen|9
|tier|[Gen 9] OU
|rated|
|rule|HP Percentage Mod: HP is shown in percentages
|rule|Endless Battle Clause: Forcing endless battles is banned
|rule|Species Clause: Limit one of each Pokémon
|rule|OHKO Clause: OHKO moves are banned
|rule|Evasion Items Clause: Evasion items are banned
|rule|Evasion Moves Clause: Evasion moves are banned
|rule|Sleep Moves Clause: Sleep-inducing moves are banned
|clearpoke
|poke|p1|Ninetales-Alola, M|
|poke|p1|Great Tusk|
|poke|p1|Slowking-Galar, M|
|poke|p1|Kyurem|
|poke|p1|Gholdengo|
|poke|p1|Greninja-*, M|
|poke|p2|Gholdengo|
|poke|p2|Samurott-Hisui, F|
|poke|p2|Iron Treads|
|poke|p2|Tentacruel, F|
|poke|p2|Latios, M|
|poke|p2|Ceruledge, M|
|teampreview
|
|t:|1743911965
|start
|switch|p1a: Ninetales|Ninetales-Alola, M|100/100
|switch|p2a: Tentacruel|Tentacruel, F, shiny|100/100
|-weather|Snowscape|[from] ability: Snow Warning|[of] p1a: Ninetales
|turn|1
|inactive|Battle timer is ON: inactive players will automatically lose when time's up. (requested by metakill4r)
|
|t:|1743911980
|move|p1a: Ninetales|Aurora Veil|p1a: Ninetales
|-sidestart|p1: metakill4r|move: Aurora Veil
|move|p2a: Tentacruel|Knock Off|p1a: Ninetales
|-resisted|p1a: Ninetales
|-damage|p1a: Ninetales|97/100
|-enditem|p1a: Ninetales|Light Clay|[from] move: Knock Off|[of] p2a: Tentacruel
|
|-weather|Snowscape|[upkeep]
|upkeep
|turn|2
|
|t:|1743911986
|move|p1a: Ninetales|Freeze-Dry|p2a: Tentacruel
|-supereffective|p2a: Tentacruel
|-damage|p2a: Tentacruel|82/100
|move|p2a: Tentacruel|Sludge Bomb|p1a: Ninetales
|-supereffective|p1a: Ninetales
|-damage|p1a: Ninetales|71/100
|
|-weather|Snowscape|[upkeep]
|upkeep
|turn|3
|
|t:|1743911995
|switch|p1a: Temu Mamo|Great Tusk|100/100
|-enditem|p1a: Temu Mamo|Booster Energy
|-activate|p1a: Temu Mamo|ability: Protosynthesis|[fromitem]
|-start|p1a: Temu Mamo|protosynthesisatk
|move|p2a: Tentacruel|Sludge Bomb|p1a: Temu Mamo
|-resisted|p1a: Temu Mamo
|-damage|p1a: Temu Mamo|90/100
|-status|p1a: Temu Mamo|psn
|
|-weather|Snowscape|[upkeep]
|-damage|p1a: Temu Mamo|78/100 psn|[from] psn
|upkeep
|turn|4
|
|t:|1743912008
|switch|p2a: Latios|Latios, M|100/100
|move|p1a: Temu Mamo|Stealth Rock|p2a: Latios
|-sidestart|p2: MicrowaveHeart|move: Stealth Rock
|
|-weather|Snowscape|[upkeep]
|-damage|p1a: Temu Mamo|65/100 psn|[from] psn
|upkeep
|turn|5
|
|t:|1743912021
|-end|p1a: Temu Mamo|Protosynthesis|[silent]
|switch|p1a: Slowking|Slowking-Galar, M|100/100
|move|p2a: Latios|Luster Purge|p1a: Slowking
|-damage|p1a: Slowking|86/100
|
|-weather|none
|upkeep
|turn|6
|
|t:|1743912039
|switch|p2a: Iron Treads|Iron Treads|100/100
|-damage|p2a: Iron Treads|97/100|[from] Stealth Rock
|move|p1a: Slowking|Ice Beam|p2a: Iron Treads
|-damage|p2a: Iron Treads|74/100
|
|-heal|p2a: Iron Treads|81/100|[from] item: Leftovers
|upkeep
|turn|7
|
|t:|1743912051
|move|p2a: Iron Treads|Rapid Spin|p1a: Slowking
|-damage|p1a: Slowking|79/100
|-boost|p2a: Iron Treads|spe|1
|-sideend|p2: MicrowaveHeart|Stealth Rock|[from] move: Rapid Spin|[of] p2a: Iron Treads
|move|p1a: Slowking|Flamethrower|p2a: Iron Treads
|-supereffective|p2a: Iron Treads
|-damage|p2a: Iron Treads|29/100
|
|-heal|p2a: Iron Treads|35/100|[from] item: Leftovers
|upkeep
|turn|8
|
|t:|1743912065
|switch|p1a: Temu Mamo|Great Tusk|65/100 psn
|move|p2a: Iron Treads|Stealth Rock|p1a: Temu Mamo
|-sidestart|p1: metakill4r|move: Stealth Rock
|
|-heal|p2a: Iron Treads|42/100|[from] item: Leftovers
|-damage|p1a: Temu Mamo|53/100 psn|[from] psn
|-sideend|p1: metakill4r|move: Aurora Veil
|upkeep
|turn|9
|
|t:|1743912082
|-end|p2a: Iron Treads|Quark Drive|[silent]
|switch|p2a: Gholdengo|Gholdengo|100/100
|move|p1a: Temu Mamo|Headlong Rush|p2a: Gholdengo
|-supereffective|p2a: Gholdengo
|-damage|p2a: Gholdengo|0 fnt
|-unboost|p1a: Temu Mamo|def|1
|-unboost|p1a: Temu Mamo|spd|1
|faint|p2a: Gholdengo
|
|-damage|p1a: Temu Mamo|41/100 psn|[from] psn
|upkeep
|
|t:|1743912096
|switch|p2a: Samurott|Samurott-Hisui, F|100/100
|turn|10
|
|t:|1743912100
|move|p1a: Temu Mamo|Rapid Spin|p2a: Samurott
|-damage|p2a: Samurott|78/100
|-boost|p1a: Temu Mamo|spe|1
|-sideend|p1: metakill4r|Stealth Rock|[from] move: Rapid Spin|[of] p1a: Temu Mamo
|move|p2a: Samurott|Razor Shell|p1a: Temu Mamo
|-supereffective|p1a: Temu Mamo
|-damage|p1a: Temu Mamo|0 fnt
|faint|p1a: Temu Mamo
|-end|p1a: Temu Mamo|Protosynthesis|[silent]
|
|upkeep
|
|t:|1743912107
|switch|p1a: Ninetales|Ninetales-Alola, M|71/100
|-weather|Snowscape|[from] ability: Snow Warning|[of] p1a: Ninetales
|turn|11
|
|t:|1743912122
|switch|p2a: Iron Treads|Iron Treads|42/100
|move|p1a: Ninetales|Aurora Veil|p1a: Ninetales
|-sidestart|p1: metakill4r|move: Aurora Veil
|
|-weather|Snowscape|[upkeep]
|-heal|p2a: Iron Treads|48/100|[from] item: Leftovers
|upkeep
|turn|12
|
|t:|1743912129
|switch|p1a: Kyurem|Kyurem|100/100
|-ability|p1a: Kyurem|Pressure
|move|p2a: Iron Treads|Stealth Rock|p1a: Kyurem
|-sidestart|p1: metakill4r|move: Stealth Rock
|
|-weather|Snowscape|[upkeep]
|-heal|p2a: Iron Treads|54/100|[from] item: Leftovers
|upkeep
|turn|13
|
|t:|1743912136
|-terastallize|p1a: Kyurem|Fire
|move|p1a: Kyurem|Dragon Dance|p1a: Kyurem
|-boost|p1a: Kyurem|atk|1
|-boost|p1a: Kyurem|spe|1
|move|p2a: Iron Treads|Knock Off|p1a: Kyurem
|-damage|p1a: Kyurem|89/100
|-enditem|p1a: Kyurem|Loaded Dice|[from] move: Knock Off|[of] p2a: Iron Treads
|
|-weather|Snowscape|[upkeep]
|-heal|p2a: Iron Treads|60/100|[from] item: Leftovers
|upkeep
|turn|14
|
|t:|1743912150
|move|p1a: Kyurem|Tera Blast|p2a: Iron Treads|[anim] Tera Blast Fire
|-supereffective|p2a: Iron Treads
|-damage|p2a: Iron Treads|0 fnt
|faint|p2a: Iron Treads
|-end|p2a: Iron Treads|Quark Drive|[silent]
|
|-weather|Snowscape|[upkeep]
|upkeep
|
|t:|1743912166
|switch|p2a: Tentacruel|Tentacruel, F, shiny|82/100
|turn|15
|
|t:|1743912171
|move|p1a: Kyurem|Scale Shot|p2a: Tentacruel
|-damage|p2a: Tentacruel|58/100
|-damage|p2a: Tentacruel|35/100
|-hitcount|p2a: Tentacruel|2
|-unboost|p1a: Kyurem|def|1
|-boost|p1a: Kyurem|spe|1
|move|p2a: Tentacruel|Surf|p1a: Kyurem
|-supereffective|p1a: Kyurem
|-damage|p1a: Kyurem|64/100
|
|-weather|none
|-sideend|p1: metakill4r|move: Aurora Veil
|upkeep
|turn|16
|
|t:|1743912185
|move|p1a: Kyurem|Scale Shot|p2a: Tentacruel
|-damage|p2a: Tentacruel|14/100
|-damage|p2a: Tentacruel|0 fnt
|faint|p2a: Tentacruel
|-hitcount|p2: Tentacruel|2
|-unboost|p1a: Kyurem|def|1
|-boost|p1a: Kyurem|spe|1
|
|upkeep
|
|t:|1743912194
|switch|p2a: Samurott|Samurott-Hisui, F|78/100
|turn|17
|
|t:|1743912198
|move|p2a: Samurott|Aqua Jet|p1a: Kyurem
|-supereffective|p1a: Kyurem
|-damage|p1a: Kyurem|0 fnt
|faint|p1a: Kyurem
|
|upkeep
|
|t:|1743912204
|switch|p1a: Ninetales|Ninetales-Alola, M|71/100
|-damage|p1a: Ninetales|46/100|[from] Stealth Rock
|-weather|Snowscape|[from] ability: Snow Warning|[of] p1a: Ninetales
|turn|18
|
|t:|1743912213
|switch|p2a: Ceruledge|Ceruledge, M|100/100
|move|p1a: Ninetales|Aurora Veil|p1a: Ninetales
|-sidestart|p1: metakill4r|move: Aurora Veil
|
|-weather|Snowscape|[upkeep]
|upkeep
|turn|19
|
|t:|1743912229
|move|p1a: Ninetales|Freeze-Dry|p2a: Ceruledge
|-resisted|p2a: Ceruledge
|-damage|p2a: Ceruledge|88/100
|move|p2a: Ceruledge|Bulk Up|p2a: Ceruledge
|-boost|p2a: Ceruledge|atk|1
|-boost|p2a: Ceruledge|def|1
|
|-weather|Snowscape|[upkeep]
|upkeep
|turn|20
|
|t:|1743912236
|move|p1a: Ninetales|Encore|p2a: Ceruledge
|-start|p2a: Ceruledge|Encore
|move|p2a: Ceruledge|Bulk Up|p2a: Ceruledge
|-boost|p2a: Ceruledge|atk|1
|-boost|p2a: Ceruledge|def|1
|
|-weather|Snowscape|[upkeep]
|upkeep
|turn|21
|
|t:|1743912243
|switch|p1a: Gholdengo|Gholdengo|100/100
|-damage|p1a: Gholdengo|94/100|[from] Stealth Rock
|move|p2a: Ceruledge|Bulk Up|p2a: Ceruledge
|-boost|p2a: Ceruledge|atk|1
|-boost|p2a: Ceruledge|def|1
|
|-weather|Snowscape|[upkeep]
|upkeep
|turn|22
|
|t:|1743912253
|-terastallize|p2a: Ceruledge|Fighting
|move|p1a: Gholdengo|Shadow Ball|p2a: Ceruledge
|-damage|p2a: Ceruledge|43/100
|move|p2a: Ceruledge|Bulk Up|p2a: Ceruledge
|-boost|p2a: Ceruledge|atk|1
|-boost|p2a: Ceruledge|def|1
|
|-weather|none
|-end|p2a: Ceruledge|Encore
|-sideend|p1: metakill4r|move: Aurora Veil
|upkeep
|turn|23
|
|t:|1743912263
|move|p2a: Ceruledge|Shadow Sneak|p1a: Gholdengo
|-supereffective|p1a: Gholdengo
|-damage|p1a: Gholdengo|0 fnt
|faint|p1a: Gholdengo
|
|upkeep
|
|t:|1743912267
|switch|p1a: Greninja|Greninja, M|100/100
|-damage|p1a: Greninja|88/100|[from] Stealth Rock
|turn|24
|
|t:|1743912280
|move|p2a: Ceruledge|Shadow Sneak|p1a: Greninja
|-resisted|p1a: Greninja
|-damage|p1a: Greninja|39/100
|move|p1a: Greninja|Surf|p2a: Ceruledge
|-damage|p2a: Ceruledge|0 fnt
|faint|p2a: Ceruledge
|-ability|p1a: Greninja|Battle Bond|boost
|-boost|p1a: Greninja|atk|1
|-boost|p1a: Greninja|spa|1
|-boost|p1a: Greninja|spe|1
|-activate|p1a: Greninja|ability: Battle Bond
|-damage|p1a: Greninja|29/100|[from] item: Life Orb
|
|upkeep
|
|t:|1743912291
|switch|p2a: Samurott|Samurott-Hisui, F|78/100
|turn|25
|
|t:|1743912304
|move|p2a: Samurott|Aqua Jet|p1a: Greninja
|-resisted|p1a: Greninja
|-damage|p1a: Greninja|13/100
|move|p1a: Greninja|Surf|p2a: Samurott
|-resisted|p2a: Samurott
|-damage|p2a: Samurott|17/100
|-damage|p1a: Greninja|3/100|[from] item: Life Orb
|
|upkeep
|turn|26
|
|t:|1743912312
|move|p1a: Greninja|Water Shuriken|p2a: Samurott
|-resisted|p2a: Samurott
|-damage|p2a: Samurott|8/100
|-resisted|p2a: Samurott
|-damage|p2a: Samurott|0 fnt
|faint|p2a: Samurott
|-hitcount|p2: Samurott|2
|-damage|p1a: Greninja|0 fnt|[from] item: Life Orb
|faint|p1a: Greninja
|
|upkeep
|
|t:|1743912321
|switch|p1a: Slowking|Slowking-Galar, M|100/100
|switch|p2a: Latios|Latios, M|100/100
|-damage|p1a: Slowking|88/100|[from] Stealth Rock
|turn|27
|
|t:|1743912330
|move|p2a: Latios|Luster Purge|p1a: Slowking
|-damage|p1a: Slowking|61/100
|-unboost|p1a: Slowking|spd|1
|move|p1a: Slowking|Ice Beam|p2a: Latios
|-supereffective|p2a: Latios
|-damage|p2a: Latios|43/100
|
|upkeep
|turn|28
|
|t:|1743912341
|switch|p1a: Ninetales|Ninetales-Alola, M|46/100
|-damage|p1a: Ninetales|21/100|[from] Stealth Rock
|-weather|Snowscape|[from] ability: Snow Warning|[of] p1a: Ninetales
|move|p2a: Latios|Draco Meteor|p1a: Ninetales
|-immune|p1a: Ninetales
|
|-weather|Snowscape|[upkeep]
|upkeep
|turn|29
|
|t:|1743912351
|move|p2a: Latios|Luster Purge|p1a: Ninetales
|-damage|p1a: Ninetales|0 fnt
|faint|p1a: Ninetales
|
|-weather|Snowscape|[upkeep]
|upkeep
|
|t:|1743912353
|switch|p1a: Slowking|Slowking-Galar, M|94/100
|-damage|p1a: Slowking|81/100|[from] Stealth Rock
|turn|30
|
|t:|1743912358
|move|p2a: Latios|Draco Meteor|p1a: Slowking
|-damage|p1a: Slowking|41/100
|-unboost|p2a: Latios|spa|2
|move|p1a: Slowking|Ice Beam|p2a: Latios
|-supereffective|p2a: Latios
|-damage|p2a: Latios|0 fnt
|faint|p2a: Latios
|
|win|metakill4r
|raw|metakill4r's rating: 1553 &rarr; <strong>1574</strong><br />(+21 for winning)
|raw|MicrowaveHeart's rating: 1564 &rarr; <strong>1543</strong><br />(-21 for losing)
|l|☆metakill4r
|player|p1|
|l|☆MicrowaveHeart
|player|p2|
