|j|☆T-Garchomp
|j|☆Matatex
|t:|1743794493
|gametype|singles
|player|p1|T-Garchomp|ghetsis-gen5bw|1275
|player|p2|Matatex|hiker|1314
|teamsize|p1|6
|teamsize|p2|6
|gen|9
|tier|[Gen 9] OU
|rated|
|rule|HP Percentage Mod: HP is shown in percentages
|rule|Endless Battle Clause: Forcing endless battles is banned
|rule|Species Clause: Limit one of each Pokémon
|rule|OHKO Clause: OHKO moves are banned
|rule|Evasion Items Clause: Evasion items are banned
|rule|Evasion Moves Clause: Evasion moves are banned
|rule|Sleep Moves Clause: Sleep-inducing moves are banned
|clearpoke
|poke|p1|Iron Valiant|
|poke|p1|Samurott-Hisui, F|
|poke|p1|Dragonite, M|
|poke|p1|Pecharunt|
|poke|p1|Great Tusk|
|poke|p1|Kingambit, F|
|poke|p2|Darkrai|
|poke|p2|Blaziken, M|
|poke|p2|Great Tusk|
|poke|p2|Primarina, M|
|poke|p2|Raging Bolt|
|poke|p2|Ogerpon-Wellspring, F|
|teampreview
|
|t:|1743794507
|start
|switch|p1a: Pecharunt|Pecharunt|100/100
|switch|p2a: Darkrai|Darkrai|100/100
|turn|1
|
|t:|1743794518
|switch|p1a: Lean Man|Iron Valiant, shiny|100/100
|move|p2a: Darkrai|Trick|p1a: Lean Man
|-activate|p2a: Darkrai|move: Trick|[of] p1a: Lean Man
|-item|p1a: Lean Man|Choice Scarf|[from] move: Trick
|-item|p2a: Darkrai|Choice Specs|[from] move: Trick
|
|upkeep
|turn|2
|
|t:|1743794547
|-terastallize|p2a: Darkrai|Fairy
|move|p1a: Lean Man|Moonblast|p2a: Darkrai
|-damage|p2a: Darkrai|43/100
|move|p2a: Darkrai|Dark Pulse|p1a: Lean Man
|-resisted|p1a: Lean Man
|-damage|p1a: Lean Man|72/100
|
|upkeep
|turn|3
|
|t:|1743794554
|switch|p2a: Primarina|Primarina, M|100/100
|move|p1a: Lean Man|Moonblast|p2a: Primarina
|-damage|p2a: Primarina|71/100
|
|upkeep
|turn|4
|
|t:|1743794560
|-end|p1a: Lean Man|Quark Drive|[silent]
|switch|p1a: Pecharunt|Pecharunt|100/100
|move|p2a: Primarina|Surf|p1a: Pecharunt
|-damage|p1a: Pecharunt|51/100
|
|-heal|p1a: Pecharunt|57/100|[from] item: Leftovers
|upkeep
|turn|5
|
|t:|1743794565
|move|p1a: Pecharunt|Malignant Chain|p2a: Primarina
|-supereffective|p2a: Primarina
|-damage|p2a: Primarina|20/100
|move|p2a: Primarina|Psychic Noise|p1a: Pecharunt
|-supereffective|p1a: Pecharunt
|-damage|p1a: Pecharunt|1/100
|-start|p1a: Pecharunt|move: Heal Block
|
|upkeep
|turn|6
|
|t:|1743794587
|move|p1a: Pecharunt|Parting Shot|p2a: Primarina
|-unboost|p2a: Primarina|atk|1
|-unboost|p2a: Primarina|spa|1
|
|t:|1743794595
|switch|p1a: Attack|Kingambit, F, shiny|100/100|[from] Parting Shot
|move|p2a: Primarina|Flip Turn|p1a: Attack
|-damage|p1a: Attack|90/100
|
|t:|1743794605
|switch|p2a: Blaziken|Blaziken, M|100/100|[from] Flip Turn
|
|-heal|p1a: Attack|96/100|[from] item: Leftovers
|upkeep
|turn|7
|
|t:|1743794625
|-end|p1a: Attack|fallenundefined|[silent]
|switch|p1a: Pecharunt|Pecharunt|1/100
|move|p2a: Blaziken|Swords Dance|p2a: Blaziken
|-boost|p2a: Blaziken|atk|2
|
|-heal|p1a: Pecharunt|7/100|[from] item: Leftovers
|-ability|p2a: Blaziken|Speed Boost|boost
|-boost|p2a: Blaziken|spe|1
|upkeep
|turn|8
|
|t:|1743794643
|move|p2a: Blaziken|Flare Blitz|p1a: Pecharunt
|-damage|p1a: Pecharunt|0 fnt
|faint|p1a: Pecharunt
|-damage|p2a: Blaziken|98/100|[from] Recoil
|-damage|p2a: Blaziken|88/100|[from] item: Life Orb
|
|-ability|p2a: Blaziken|Speed Boost|boost
|-boost|p2a: Blaziken|spe|1
|upkeep
|
|t:|1743794649
|switch|p1a: Elephant|Great Tusk|100/100
|turn|9
|
|t:|1743794663
|move|p2a: Blaziken|Flare Blitz|p1a: Elephant
|-damage|p1a: Elephant|0 fnt
|-damage|p2a: Blaziken|71/100|[from] item: Rocky Helmet|[of] p1a: Elephant
|faint|p1a: Elephant
|-end|p1a: Elephant|Protosynthesis|[silent]
|-damage|p2a: Blaziken|24/100|[from] Recoil
|-damage|p2a: Blaziken|14/100|[from] item: Life Orb
|
|-ability|p2a: Blaziken|Speed Boost|boost
|-boost|p2a: Blaziken|spe|1
|upkeep
|
|t:|1743794677
|switch|p1a: Dragonite|Dragonite, M, shiny|100/100
|turn|10
|
|t:|1743794681
|switch|p2a: Great Tusk|Great Tusk|100/100
|move|p1a: Dragonite|Extreme Speed|p2a: Great Tusk
|-damage|p2a: Great Tusk|85/100
|-damage|p1a: Dragonite|84/100|[from] item: Rocky Helmet|[of] p2a: Great Tusk
|
|upkeep
|turn|11
|
|t:|1743794709
|switch|p1a: Brah|Samurott-Hisui, F, shiny|100/100
|move|p2a: Great Tusk|Ice Spinner|p1a: Brah
|-resisted|p1a: Brah
|-damage|p1a: Brah|86/100
|
|upkeep
|turn|12
|inactive|Battle timer is ON: inactive players will automatically lose when time's up. (requested by Matatex)
|
|t:|1743794741
|-end|p2a: Great Tusk|Protosynthesis|[silent]
|switch|p2a: Ogerpon|Ogerpon-Wellspring, F|100/100
|move|p1a: Brah|Razor Shell|p2a: Ogerpon
|-immune|p2a: Ogerpon|[from] ability: Water Absorb
|
|upkeep
|turn|13
|
|t:|1743794751
|switch|p2a: Great Tusk|Great Tusk|85/100
|move|p1a: Brah|Ceaseless Edge|p2a: Great Tusk
|-resisted|p2a: Great Tusk
|-crit|p2a: Great Tusk
|-damage|p2a: Great Tusk|68/100
|-damage|p1a: Brah|69/100|[from] item: Rocky Helmet|[of] p2a: Great Tusk
|-sidestart|p2: Matatex|Spikes
|
|upkeep
|turn|14
|
|t:|1743794761
|move|p1a: Brah|Razor Shell|p2a: Great Tusk
|-supereffective|p2a: Great Tusk
|-damage|p2a: Great Tusk|18/100
|-unboost|p2a: Great Tusk|def|1
|-damage|p1a: Brah|53/100|[from] item: Rocky Helmet|[of] p2a: Great Tusk
|move|p2a: Great Tusk|Rapid Spin|p1a: Brah
|-damage|p1a: Brah|35/100
|-boost|p2a: Great Tusk|spe|1
|-sideend|p2: Matatex|Spikes|[from] move: Rapid Spin|[of] p2a: Great Tusk
|
|upkeep
|turn|15
|
|t:|1743794767
|move|p1a: Brah|Sucker Punch|p2a: Great Tusk
|-resisted|p2a: Great Tusk
|-damage|p2a: Great Tusk|6/100
|-damage|p1a: Brah|19/100|[from] item: Rocky Helmet|[of] p2a: Great Tusk
|move|p2a: Great Tusk|Knock Off|p1a: Brah
|-resisted|p1a: Brah
|-damage|p1a: Brah|0 fnt
|-enditem|p1a: Brah|Heavy-Duty Boots|[from] move: Knock Off|[of] p2a: Great Tusk
|faint|p1a: Brah
|
|upkeep
|
|t:|1743794774
|switch|p1a: Dragonite|Dragonite, M, shiny|84/100
|turn|16
|
|t:|1743794779
|move|p1a: Dragonite|Extreme Speed|p2a: Great Tusk
|-damage|p2a: Great Tusk|0 fnt
|-damage|p1a: Dragonite|68/100|[from] item: Rocky Helmet|[of] p2a: Great Tusk
|faint|p2a: Great Tusk
|-end|p2a: Great Tusk|Protosynthesis|[silent]
|
|upkeep
|
|t:|1743794786
|switch|p2a: Darkrai|Darkrai, tera:Fairy|43/100
|turn|17
|
|t:|1743794801
|switch|p1a: Attack|Kingambit, F, shiny|96/100
|-activate|p1a: Attack|ability: Supreme Overlord
|-start|p1a: Attack|fallen3|[silent]
|move|p2a: Darkrai|Ice Beam|p1a: Attack
|-resisted|p1a: Attack
|-damage|p1a: Attack|72/100
|
|-heal|p1a: Attack|78/100|[from] item: Leftovers
|upkeep
|turn|18
|
|t:|1743794811
|switch|p2a: Primarina|Primarina, M|20/100
|move|p1a: Attack|Swords Dance|p1a: Attack
|-boost|p1a: Attack|atk|2
|
|-heal|p1a: Attack|84/100|[from] item: Leftovers
|upkeep
|turn|19
|
|t:|1743794835
|move|p2a: Primarina|Flip Turn|p1a: Attack
|-damage|p1a: Attack|67/100
|
|t:|1743794840
|switch|p2a: Blaziken|Blaziken, M|14/100|[from] Flip Turn
|move|p1a: Attack|Swords Dance|p1a: Attack
|-boost|p1a: Attack|atk|2
|
|-heal|p1a: Attack|73/100|[from] item: Leftovers
|upkeep
|turn|20
|
|t:|1743794846
|move|p1a: Attack|Sucker Punch||[still]
|-fail|p1a: Attack
|move|p2a: Blaziken|Swords Dance|p2a: Blaziken
|-boost|p2a: Blaziken|atk|2
|
|-heal|p1a: Attack|79/100|[from] item: Leftovers
|-ability|p2a: Blaziken|Speed Boost|boost
|-boost|p2a: Blaziken|spe|1
|upkeep
|turn|21
|
|t:|1743794878
|-terastallize|p1a: Attack|Ghost
|move|p1a: Attack|Sucker Punch||[still]
|-fail|p1a: Attack
|move|p2a: Blaziken|Swords Dance|p2a: Blaziken
|-boost|p2a: Blaziken|atk|2
|
|-heal|p1a: Attack|85/100|[from] item: Leftovers
|-ability|p2a: Blaziken|Speed Boost|boost
|-boost|p2a: Blaziken|spe|1
|upkeep
|turn|22
|
|t:|1743794895
|move|p2a: Blaziken|Protect|p2a: Blaziken
|-singleturn|p2a: Blaziken|Protect
|move|p1a: Attack|Kowtow Cleave|p2a: Blaziken
|-activate|p2a: Blaziken|move: Protect
|
|-heal|p1a: Attack|91/100|[from] item: Leftovers
|-ability|p2a: Blaziken|Speed Boost|boost
|-boost|p2a: Blaziken|spe|1
|upkeep
|turn|23
|
|t:|1743794905
|move|p1a: Attack|Sucker Punch||[still]
|-fail|p1a: Attack
|move|p2a: Blaziken|Swords Dance|p2a: Blaziken
|-boost|p2a: Blaziken|atk|2
|
|-heal|p1a: Attack|97/100|[from] item: Leftovers
|-ability|p2a: Blaziken|Speed Boost|boost
|-boost|p2a: Blaziken|spe|1
|upkeep
|turn|24
|
|t:|1743794920
|move|p2a: Blaziken|Swords Dance|p2a: Blaziken
|-boost|p2a: Blaziken|atk|0
|move|p1a: Attack|Swords Dance|p1a: Attack
|-boost|p1a: Attack|atk|2
|
|-heal|p1a: Attack|100/100|[from] item: Leftovers
|-ability|p2a: Blaziken|Speed Boost|boost
|-boost|p2a: Blaziken|spe|1
|upkeep
|turn|25
|
|t:|1743794928
|move|p2a: Blaziken|Protect|p2a: Blaziken
|-singleturn|p2a: Blaziken|Protect
|move|p1a: Attack|Kowtow Cleave|p2a: Blaziken
|-activate|p2a: Blaziken|move: Protect
|
|-ability|p2a: Blaziken|Speed Boost|boost
|-boost|p2a: Blaziken|spe|1
|upkeep
|turn|26
|
|t:|1743794942
|move|p2a: Blaziken|Flare Blitz|p1a: Attack
|-damage|p1a: Attack|0 fnt
|faint|p1a: Attack
|-end|p1a: Attack|fallen3|[silent]
|-damage|p2a: Blaziken|0 fnt|[from] Recoil
|faint|p2a: Blaziken
|
|upkeep
|-message|T-Garchomp forfeited.
|
|win|Matatex
|raw|T-Garchomp's rating: 1275 &rarr; <strong>1251</strong><br />(-24 for losing)
|raw|Matatex's rating: 1291 &rarr; <strong>1315</strong><br />(+24 for winning)
|l|☆T-Garchomp
|player|p1|
