|j|☆Edge Seven
|j|☆circus abuser
|t:|1743923456
|gametype|singles
|player|p1|Edge Seven|maid|1556
|player|p2|circus abuser|fisherman-gen4|1450
|teamsize|p1|6
|teamsize|p2|6
|gen|9
|tier|[Gen 9] OU
|rated|
|rule|HP Percentage Mod: HP is shown in percentages
|rule|Endless Battle Clause: Forcing endless battles is banned
|rule|Species Clause: Limit one of each Pokémon
|rule|OHKO Clause: OHKO moves are banned
|rule|Evasion Items Clause: Evasion items are banned
|rule|Evasion Moves Clause: Evasion moves are banned
|rule|Sleep Moves Clause: Sleep-inducing moves are banned
|clearpoke
|poke|p1|Zapdos|
|poke|p1|Iron Valiant|
|poke|p1|Ogerpon-Wellspring, F|
|poke|p1|Hatterene, F|
|poke|p1|Ting-Lu|
|poke|p1|Kingambit, F|
|poke|p2|Kingambit, M|
|poke|p2|Garchomp, M|
|poke|p2|Pecharunt|
|poke|p2|Darkrai|
|poke|p2|Kyurem|
|poke|p2|Zapdos-Galar|
|teampreview
|inactive|Battle timer is ON: inactive players will automatically lose when time's up. (requested by Edge Seven)
|inactive|circus abuser has 120 seconds left.
|inactive|Edge Seven has 120 seconds left.
|inactive|Edge Seven has 90 seconds left.
|
|t:|1743923532
|start
|switch|p1a: Hatterene|Hatterene, F|100/100
|switch|p2a: Garchomp|Garchomp, M|100/100
|turn|1
|
|t:|1743923552
|move|p2a: Garchomp|Earthquake|p1a: Hatterene
|-damage|p1a: Hatterene|54/100
|-damage|p2a: Garchomp|91/100|[from] item: Life Orb
|move|p1a: Hatterene|Draining Kiss|p2a: Garchomp
|-supereffective|p2a: Garchomp
|-damage|p2a: Garchomp|38/100
|-heal|p1a: Hatterene|99/100|[from] drain|[of] p2a: Garchomp
|-damage|p1a: Hatterene|87/100|[from] ability: Rough Skin|[of] p2a: Garchomp
|
|-heal|p1a: Hatterene|93/100|[from] item: Leftovers
|upkeep
|turn|2
|
|t:|1743923561
|move|p2a: Garchomp|Earthquake|p1a: Hatterene
|-damage|p1a: Hatterene|46/100
|-damage|p2a: Garchomp|28/100|[from] item: Life Orb
|move|p1a: Hatterene|Draining Kiss|p2a: Garchomp
|-supereffective|p2a: Garchomp
|-damage|p2a: Garchomp|0 fnt
|-heal|p1a: Hatterene|69/100|[from] drain|[of] p2a: Garchomp
|-damage|p1a: Hatterene|57/100|[from] ability: Rough Skin|[of] p2a: Garchomp
|faint|p2a: Garchomp
|
|-heal|p1a: Hatterene|63/100|[from] item: Leftovers
|upkeep
|
|t:|1743923564
|switch|p2a: Pecharunt|Pecharunt|100/100
|-item|p2a: Pecharunt|Air Balloon
|turn|3
|
|t:|1743923579
|switch|p2a: Zapdos|Zapdos-Galar|100/100
|switch|p1a: Kingambit|Kingambit, F|100/100
|
|upkeep
|turn|4
|
|t:|1743923587
|switch|p2a: Darkrai|Darkrai|100/100
|-end|p1a: Kingambit|fallenundefined|[silent]
|switch|p1a: Zapdos|Zapdos|100/100
|
|upkeep
|turn|5
|
|t:|1743923591
|switch|p1a: Ting-Lu|Ting-Lu|100/100
|-ability|p1a: Ting-Lu|Vessel of Ruin
|move|p2a: Darkrai|Nasty Plot|p2a: Darkrai
|-boost|p2a: Darkrai|spa|2
|
|upkeep
|turn|6
|
|t:|1743923598
|move|p2a: Darkrai|Focus Blast|p1a: Ting-Lu
|-supereffective|p1a: Ting-Lu
|-crit|p1a: Ting-Lu
|-damage|p1a: Ting-Lu|0 fnt
|faint|p1a: Ting-Lu
|
|upkeep
|inactive|Edge Seven has 120 seconds left.
|inactive|Edge Seven has 90 seconds left.
|
|t:|1743923658
|switch|p1a: Ogerpon|Ogerpon-Wellspring, F|100/100
|turn|7
|
|t:|1743923662
|-terastallize|p1a: Ogerpon|Water
|detailschange|p1a: Ogerpon|Ogerpon-Wellspring-Tera, F, tera:Water
|-ability|p1a: Ogerpon|Embody Aspect (Wellspring)|boost
|-boost|p1a: Ogerpon|spd|1
|move|p2a: Darkrai|Dark Pulse|p1a: Ogerpon
|-damage|p1a: Ogerpon|29/100
|cant|p1a: Ogerpon|flinch
|
|upkeep
|turn|8
|c|☆circus abuser|Have you tried loving your Pokemon more
|
|t:|1743923681
|switch|p1a: Kingambit|Kingambit, F|100/100
|-activate|p1a: Kingambit|ability: Supreme Overlord
|-start|p1a: Kingambit|fallen1|[silent]
|move|p2a: Darkrai|Dark Pulse|p1a: Kingambit
|-resisted|p1a: Kingambit
|-damage|p1a: Kingambit|62/100
|
|-heal|p1a: Kingambit|68/100|[from] item: Leftovers
|upkeep
|turn|9
|
|t:|1743923686
|move|p2a: Darkrai|Focus Blast|p1a: Kingambit
|-supereffective|p1a: Kingambit
|-damage|p1a: Kingambit|0 fnt
|faint|p1a: Kingambit
|-end|p1a: Kingambit|fallen1|[silent]
|
|upkeep
|
|t:|1743923690
|switch|p1a: Zapdos|Zapdos|100/100
|turn|10
|
|t:|1743923692
|move|p2a: Darkrai|Ice Beam|p1a: Zapdos
|-supereffective|p1a: Zapdos
|-damage|p1a: Zapdos|0 fnt
|faint|p1a: Zapdos
|
|upkeep
|
|t:|1743923695
|switch|p1a: Iron Valiant|Iron Valiant|100/100
|-enditem|p1a: Iron Valiant|Booster Energy
|-activate|p1a: Iron Valiant|ability: Quark Drive|[fromitem]
|-start|p1a: Iron Valiant|quarkdrivespe
|turn|11
|
|t:|1743923698
|-terastallize|p2a: Darkrai|Ghost
|move|p1a: Iron Valiant|Knock Off|p2a: Darkrai
|-supereffective|p2a: Darkrai
|-damage|p2a: Darkrai|27/100
|-enditem|p2a: Darkrai|Heavy-Duty Boots|[from] move: Knock Off|[of] p1a: Iron Valiant
|move|p2a: Darkrai|Ice Beam|p1a: Iron Valiant
|-damage|p1a: Iron Valiant|0 fnt
|faint|p1a: Iron Valiant
|-end|p1a: Iron Valiant|Quark Drive|[silent]
|
|upkeep
|
|t:|1743923711
|switch|p1a: Hatterene|Hatterene, F|63/100
|turn|12
|
|t:|1743923715
|move|p2a: Darkrai|Dark Pulse|p1a: Hatterene
|-damage|p1a: Hatterene|0 fnt
|faint|p1a: Hatterene
|
|upkeep
|
|t:|1743923718
|switch|p1a: Ogerpon|Ogerpon-Wellspring-Tera, F, tera:Water|29/100
|-ability|p1a: Ogerpon|Embody Aspect (Wellspring)|boost
|-boost|p1a: Ogerpon|spd|1
|turn|13
|
|t:|1743923721
|move|p2a: Darkrai|Focus Blast|p1a: Ogerpon|[miss]
|-miss|p2a: Darkrai|p1a: Ogerpon
|move|p1a: Ogerpon|Horn Leech|p2a: Darkrai
|-damage|p2a: Darkrai|0 fnt
|-heal|p1a: Ogerpon|41/100|[from] drain|[of] p2a: Darkrai
|faint|p2a: Darkrai
|
|upkeep
|
|t:|1743923726
|switch|p2a: Zapdos|Zapdos-Galar|100/100
|turn|14
|
|t:|1743923732
|move|p2a: Zapdos|Brave Bird|p1a: Ogerpon
|-damage|p1a: Ogerpon|0 fnt
|faint|p1a: Ogerpon
|-damage|p2a: Zapdos|88/100|[from] Recoil
|
|win|circus abuser
|raw|Edge Seven's rating: 1556 &rarr; <strong>1530</strong><br />(-26 for losing)
|raw|circus abuser's rating: 1450 &rarr; <strong>1476</strong><br />(+26 for winning)
