|j|☆Wahter
|j|☆coluve
|t:|1743798818
|gametype|singles
|player|p1|Wahter|265|1122
|player|p2|coluve|pokekid|1096
|teamsize|p1|6
|teamsize|p2|6
|gen|9
|tier|[Gen 9] OU
|rated|
|rule|HP Percentage Mod: HP is shown in percentages
|rule|Endless Battle Clause: Forcing endless battles is banned
|rule|Species Clause: Limit one of each Pokémon
|rule|OHKO Clause: OHKO moves are banned
|rule|Evasion Items Clause: Evasion items are banned
|rule|Evasion Moves Clause: Evasion moves are banned
|rule|Sleep Moves Clause: Sleep-inducing moves are banned
|clearpoke
|poke|p1|Kingambit, M|
|poke|p1|Ceruledge, F|
|poke|p1|Alomomola, F|
|poke|p1|Garganacl, F|
|poke|p1|Uxie|
|poke|p1|Klefki, M|
|poke|p2|Jirachi|
|poke|p2|Golem-Alola, F|
|poke|p2|Slowking-Galar, M|
|poke|p2|Ceruledge, M|
|poke|p2|Hatterene, F|
|poke|p2|Hoopa-Unbound|
|teampreview
|inactive|Battle timer is ON: inactive players will automatically lose when time's up. (requested by Wahter)
|
|t:|1743798829
|start
|switch|p1a: Klefki|Klefki, M, shiny|100/100
|switch|p2a: Hatterene|Hatterene, F|100/100
|turn|1
|
|t:|1743798834
|move|p1a: Klefki|Switcheroo|p2a: Hatterene
|-activate|p1a: Klefki|move: Trick|[of] p2a: Hatterene
|-item|p2a: Hatterene|Choice Scarf|[from] move: Switcheroo
|-item|p1a: Klefki|Mental Herb|[from] move: Switcheroo
|move|p2a: Hatterene|Trick Room|p2a: Hatterene
|-fieldstart|move: Trick Room|[of] p2a: Hatterene
|
|upkeep
|turn|2
|inactive|coluve has 120 seconds left.
|
|t:|1743798879
|switch|p2a: Ceruledge|Ceruledge, M|100/100
|move|p1a: Klefki|Spikes|p2a: Ceruledge
|-sidestart|p2: coluve|Spikes
|
|upkeep
|turn|3
|
|t:|1743798884
|-terastallize|p2a: Ceruledge|Fire
|move|p1a: Klefki|Thunder Wave|p2a: Ceruledge
|-status|p2a: Ceruledge|par
|move|p2a: Ceruledge|Flare Blitz|p1a: Klefki
|-supereffective|p1a: Klefki
|-damage|p1a: Klefki|0 fnt
|faint|p1a: Klefki
|-damage|p2a: Ceruledge|77/100 par|[from] Recoil
|
|upkeep
|
|t:|1743798895
|switch|p1a: Uxie|Uxie, shiny|100/100
|turn|4
|
|t:|1743798902
|move|p2a: Ceruledge|Flare Blitz|p1a: Uxie
|-damage|p1a: Uxie|0 fnt
|faint|p1a: Uxie
|-damage|p2a: Ceruledge|50/100 par|[from] Recoil
|
|upkeep
|
|t:|1743798908
|switch|p1a: Shank|Ceruledge, F, shiny|100/100
|turn|5
|
|t:|1743798910
|move|p2a: Ceruledge|Flare Blitz|p1a: Shank
|-resisted|p1a: Shank
|-enditem|p1a: Shank|Focus Sash
|-damage|p1a: Shank|1/100
|-ability|p1a: Shank|Weak Armor|boost
|-unboost|p1a: Shank|def|1
|-boost|p1a: Shank|spe|2
|-damage|p2a: Ceruledge|23/100 par|[from] Recoil
|move|p1a: Shank|Swords Dance|p1a: Shank
|-boost|p1a: Shank|atk|2
|
|-fieldend|move: Trick Room
|upkeep
|turn|6
|
|t:|1743798915
|move|p1a: Shank|Bitter Blade|p2a: Ceruledge
|-start|p2a: Ceruledge|ability: Flash Fire
|move|p2a: Ceruledge|Flare Blitz|p1a: Shank
|-resisted|p1a: Shank
|-damage|p1a: Shank|0 fnt
|faint|p1a: Shank
|-damage|p2a: Ceruledge|22/100 par|[from] Recoil
|
|upkeep
|
|t:|1743798920
|switch|p1a: The Fish|Alomomola, F, shiny|100/100
|turn|7
|
|t:|1743798923
|move|p1a: The Fish|Flip Turn|p2a: Ceruledge
|-supereffective|p2a: Ceruledge
|-damage|p2a: Ceruledge|0 fnt
|faint|p2a: Ceruledge
|
|t:|1743798926
|switch|p1a: Garganacl|Garganacl, F, shiny|100/100|[from] Flip Turn
|
|upkeep
|
|t:|1743798930
|switch|p2a: Hatterene|Hatterene, F|100/100
|-damage|p2a: Hatterene|88/100|[from] Spikes
|turn|8
|inactive|Wahter has 120 seconds left.
|
|t:|1743798978
|move|p1a: Garganacl|Salt Cure|p2a: Hatterene
|-damage|p2a: Hatterene|73/100
|-start|p2a: Hatterene|Salt Cure
|move|p2a: Hatterene|Trick Room|p2a: Hatterene
|-fieldstart|move: Trick Room|[of] p2a: Hatterene
|
|-damage|p2a: Hatterene|61/100|[from] Salt Cure
|upkeep
|turn|9
|
|t:|1743798995
|switch|p2a: Golem|Golem-Alola, F|100/100
|-damage|p2a: Golem|88/100|[from] Spikes
|move|p1a: Garganacl|Iron Defense|p1a: Garganacl
|-boost|p1a: Garganacl|def|2
|
|upkeep
|turn|10
|
|t:|1743799002
|move|p2a: Golem|Earthquake|p1a: Garganacl
|-supereffective|p1a: Garganacl
|-damage|p1a: Garganacl|62/100
|move|p1a: Garganacl|Body Press|p2a: Golem
|-supereffective|p2a: Golem
|-damage|p2a: Golem|0 fnt
|faint|p2a: Golem
|
|-heal|p1a: Garganacl|69/100|[from] item: Leftovers
|upkeep
|
|t:|1743799005
|switch|p2a: Hoopa|Hoopa-Unbound|100/100
|-damage|p2a: Hoopa|88/100|[from] Spikes
|turn|11
|
|t:|1743799009
|move|p1a: Garganacl|Body Press|p2a: Hoopa
|-crit|p2a: Hoopa
|-damage|p2a: Hoopa|0 fnt
|faint|p2a: Hoopa
|
|-heal|p1a: Garganacl|75/100|[from] item: Leftovers
|upkeep
|
|t:|1743799025
|switch|p2a: Hatterene|Hatterene, F|61/100
|-damage|p2a: Hatterene|49/100|[from] Spikes
|turn|12
|
|t:|1743799033
|move|p2a: Hatterene|Shadow Ball|p1a: Garganacl
|-damage|p1a: Garganacl|65/100
|move|p1a: Garganacl|Salt Cure|p2a: Hatterene
|-damage|p2a: Hatterene|34/100
|-start|p2a: Hatterene|Salt Cure
|
|-heal|p1a: Garganacl|71/100|[from] item: Leftovers
|-damage|p2a: Hatterene|22/100|[from] Salt Cure
|-fieldend|move: Trick Room
|upkeep
|turn|13
|
|t:|1743799036
|move|p1a: Garganacl|Salt Cure|p2a: Hatterene
|-damage|p2a: Hatterene|7/100
|move|p2a: Hatterene|Shadow Ball|p1a: Garganacl
|-damage|p1a: Garganacl|62/100
|
|-heal|p1a: Garganacl|69/100|[from] item: Leftovers
|-damage|p2a: Hatterene|0 fnt|[from] Salt Cure
|faint|p2a: Hatterene
|upkeep
|
|t:|1743799039
|switch|p2a: Jirachi|Jirachi|100/100
|-damage|p2a: Jirachi|88/100|[from] Spikes
|turn|14
|
|t:|1743799043
|move|p1a: Garganacl|Body Press|p2a: Jirachi
|-damage|p2a: Jirachi|41/100
|-enditem|p2a: Jirachi|Sitrus Berry|[eat]
|-heal|p2a: Jirachi|66/100|[from] item: Sitrus Berry
|move|p2a: Jirachi|Trick Room|p2a: Jirachi
|-fieldstart|move: Trick Room|[of] p2a: Jirachi
|
|-heal|p1a: Garganacl|75/100|[from] item: Leftovers
|upkeep
|turn|15
|-message|coluve forfeited.
|
|win|Wahter
|raw|Wahter's rating: 1122 &rarr; <strong>1145</strong><br />(+23 for winning)
|raw|coluve's rating: 1096 &rarr; <strong>1073</strong><br />(-23 for losing)
|l|☆coluve
|player|p2|
|l|☆Wahter
|player|p1|
