|j|☆chewfive
|j|☆wolfxbite
|t:|1743784838
|gametype|singles
|player|p1|chewfive|1|1254
|player|p2|wolfxbite|169|1302
|teamsize|p1|6
|teamsize|p2|6
|gen|9
|tier|[Gen 9] OU
|rated|
|rule|HP Percentage Mod: HP is shown in percentages
|rule|Endless Battle Clause: Forcing endless battles is banned
|rule|Species Clause: Limit one of each Pokémon
|rule|OHKO Clause: OHKO moves are banned
|rule|Evasion Items Clause: Evasion items are banned
|rule|Evasion Moves Clause: Evasion moves are banned
|rule|Sleep Moves Clause: Sleep-inducing moves are banned
|clearpoke
|poke|p1|Hoopa-Unbound|
|poke|p1|Torterra, F|
|poke|p1|Quagsire, F|
|poke|p1|Sinistcha|
|poke|p1|Rampardos, M|
|poke|p1|Smeargle, M|
|poke|p2|Dragapult, M|
|poke|p2|Primarina, M|
|poke|p2|Iron Crown|
|poke|p2|Samurott-Hisui, M|
|poke|p2|Kingambit, F|
|poke|p2|Landorus-Therian, M|
|teampreview
|inactive|Battle timer is ON: inactive players will automatically lose when time's up. (requested by chewfive)
|
|t:|1743784894
|start
|switch|p1a: u ready?|Sinistcha|100/100
|switch|p2a: Landorus|Landorus-Therian, M, shiny|100/100
|-ability|p2a: Landorus|Intimidate|boost
|-unboost|p1a: u ready?|atk|1
|turn|1
|
|t:|1743784908
|move|p2a: Landorus|Stealth Rock|p1a: u ready?
|-sidestart|p1: chewfive|move: Stealth Rock
|move|p1a: u ready?|Trick Room|p1a: u ready?
|-fieldstart|move: Trick Room|[of] p1a: u ready?
|
|upkeep
|turn|2
|
|t:|1743784924
|move|p1a: u ready?|Matcha Gotcha|p2a: Landorus
|-damage|p2a: Landorus|56/100
|move|p2a: Landorus|U-turn|p1a: u ready?
|-damage|p1a: u ready?|81/100
|
|t:|1743784941
|switch|p2a: Kingambit|Kingambit, F, shiny|100/100|[from] U-turn
|
|upkeep
|turn|3
|
|t:|1743784957
|switch|p1a: the destroyer|Rampardos, M|100/100
|-damage|p1a: the destroyer|88/100|[from] Stealth Rock
|move|p2a: Kingambit|Kowtow Cleave|p1a: the destroyer
|-damage|p1a: the destroyer|18/100
|
|upkeep
|turn|4
|
|t:|1743784969
|move|p1a: the destroyer|Hammer Arm|p2a: Kingambit
|-supereffective|p2a: Kingambit
|-damage|p2a: Kingambit|0 fnt
|-unboost|p1a: the destroyer|spe|1
|faint|p2a: Kingambit
|-end|p2a: Kingambit|fallenundefined|[silent]
|
|upkeep
|
|t:|1743784977
|switch|p2a: Landorus|Landorus-Therian, M, shiny|56/100
|-ability|p2a: Landorus|Intimidate|boost
|-unboost|p1a: the destroyer|atk|1
|turn|5
|
|t:|1743784985
|switch|p1a: TERA DEATH|Torterra, F|100/100
|-damage|p1a: TERA DEATH|94/100|[from] Stealth Rock
|move|p2a: Landorus|Grass Knot|p1a: TERA DEATH
|-damage|p1a: TERA DEATH|63/100
|-enditem|p1a: TERA DEATH|Maranga Berry|[eat]
|-boost|p1a: TERA DEATH|spd|1|[from] item: Maranga Berry
|
|-fieldend|move: Trick Room
|upkeep
|turn|6
|
|t:|1743784999
|move|p2a: Landorus|Grass Knot|p1a: TERA DEATH
|-damage|p1a: TERA DEATH|45/100
|move|p1a: TERA DEATH|Stockpile|p1a: TERA DEATH
|-start|p1a: TERA DEATH|stockpile1
|-boost|p1a: TERA DEATH|def|1
|-boost|p1a: TERA DEATH|spd|1
|
|upkeep
|turn|7
|
|t:|1743785008
|move|p2a: Landorus|Grass Knot|p1a: TERA DEATH
|-damage|p1a: TERA DEATH|29/100
|move|p1a: TERA DEATH|Leech Seed|p2a: Landorus
|-start|p2a: Landorus|move: Leech Seed
|
|-damage|p2a: Landorus|43/100|[from] Leech Seed|[of] p1a: TERA DEATH
|-heal|p1a: TERA DEATH|41/100|[silent]
|upkeep
|turn|8
|
|t:|1743785030
|move|p2a: Landorus|Grass Knot|p1a: TERA DEATH
|-damage|p1a: TERA DEATH|28/100
|move|p1a: TERA DEATH|Synthesis|p1a: TERA DEATH
|-heal|p1a: TERA DEATH|78/100
|
|-damage|p2a: Landorus|31/100|[from] Leech Seed|[of] p1a: TERA DEATH
|-heal|p1a: TERA DEATH|90/100|[silent]
|upkeep
|turn|9
|
|t:|1743785039
|move|p2a: Landorus|U-turn|p1a: TERA DEATH
|-supereffective|p1a: TERA DEATH
|-damage|p1a: TERA DEATH|73/100
|
|t:|1743785055
|switch|p2a: Iron Crown|Iron Crown|100/100|[from] U-turn
|move|p1a: TERA DEATH|Stockpile|p1a: TERA DEATH
|-start|p1a: TERA DEATH|stockpile2
|-boost|p1a: TERA DEATH|def|1
|-boost|p1a: TERA DEATH|spd|1
|
|upkeep
|turn|10
|
|t:|1743785065
|move|p2a: Iron Crown|Future Sight|p1a: TERA DEATH
|-start|p2a: Iron Crown|move: Future Sight
|move|p1a: TERA DEATH|Leech Seed|p2a: Iron Crown
|-start|p2a: Iron Crown|move: Leech Seed
|
|-damage|p2a: Iron Crown|88/100|[from] Leech Seed|[of] p1a: TERA DEATH
|-heal|p1a: TERA DEATH|83/100|[silent]
|upkeep
|turn|11
|
|t:|1743785072
|move|p2a: Iron Crown|Focus Blast|p1a: TERA DEATH
|-damage|p1a: TERA DEATH|67/100
|-unboost|p1a: TERA DEATH|spd|1
|move|p1a: TERA DEATH|Sand Tomb|p2a: Iron Crown
|-supereffective|p2a: Iron Crown
|-damage|p2a: Iron Crown|59/100
|-activate|p2a: Iron Crown|move: Sand Tomb|[of] p1a: TERA DEATH
|
|-damage|p2a: Iron Crown|47/100|[from] Leech Seed|[of] p1a: TERA DEATH
|-heal|p1a: TERA DEATH|77/100|[silent]
|-damage|p2a: Iron Crown|34/100|[from] move: Sand Tomb|[partiallytrapped]
|upkeep
|turn|12
|
|t:|1743785084
|move|p2a: Iron Crown|Tachyon Cutter|p1a: TERA DEATH
|-damage|p1a: TERA DEATH|64/100
|-damage|p1a: TERA DEATH|52/100
|-hitcount|p1a: TERA DEATH|2
|move|p1a: TERA DEATH|Stockpile|p1a: TERA DEATH
|-start|p1a: TERA DEATH|stockpile3
|-boost|p1a: TERA DEATH|def|1
|-boost|p1a: TERA DEATH|spd|1
|
|-end|p1a: TERA DEATH|move: Future Sight
|-damage|p1a: TERA DEATH|28/100
|-damage|p2a: Iron Crown|22/100|[from] Leech Seed|[of] p1a: TERA DEATH
|-heal|p1a: TERA DEATH|38/100|[silent]
|-damage|p2a: Iron Crown|10/100|[from] move: Sand Tomb|[partiallytrapped]
|upkeep
|turn|13
|
|t:|1743785098
|move|p2a: Iron Crown|Future Sight|p1a: TERA DEATH
|-start|p2a: Iron Crown|move: Future Sight
|move|p1a: TERA DEATH|Synthesis|p1a: TERA DEATH
|-heal|p1a: TERA DEATH|88/100
|
|-damage|p2a: Iron Crown|0 fnt|[from] Leech Seed|[of] p1a: TERA DEATH
|-heal|p1a: TERA DEATH|95/100|[silent]
|faint|p2a: Iron Crown
|-end|p2a: Iron Crown|Quark Drive|[silent]
|upkeep
|
|t:|1743785103
|switch|p2a: Dragapult|Dragapult, M, shiny|100/100
|turn|14
|
|t:|1743785114
|move|p2a: Dragapult|Dragon Darts|p1a: TERA DEATH
|-damage|p1a: TERA DEATH|85/100
|-anim|p2a: Dragapult|Dragon Darts|p1a: TERA DEATH
|-damage|p1a: TERA DEATH|76/100
|move|p1a: TERA DEATH|Leech Seed|p2a: Dragapult
|-start|p2a: Dragapult|move: Leech Seed
|
|-damage|p2a: Dragapult|88/100|[from] Leech Seed|[of] p1a: TERA DEATH
|-heal|p1a: TERA DEATH|86/100|[silent]
|upkeep
|turn|15
|
|t:|1743785125
|move|p2a: Dragapult|Dragon Darts|p1a: TERA DEATH
|-damage|p1a: TERA DEATH|78/100
|-anim|p2a: Dragapult|Dragon Darts|p1a: TERA DEATH
|-damage|p1a: TERA DEATH|68/100
|move|p1a: TERA DEATH|Sand Tomb|p2a: Dragapult
|-damage|p2a: Dragapult|70/100
|-activate|p2a: Dragapult|move: Sand Tomb|[of] p1a: TERA DEATH
|
|-end|p1a: TERA DEATH|move: Future Sight
|-damage|p1a: TERA DEATH|45/100
|-damage|p2a: Dragapult|58/100|[from] Leech Seed|[of] p1a: TERA DEATH
|-heal|p1a: TERA DEATH|55/100|[silent]
|-damage|p2a: Dragapult|46/100|[from] move: Sand Tomb|[partiallytrapped]
|upkeep
|turn|16
|
|t:|1743785138
|move|p2a: Dragapult|Dragon Darts|p1a: TERA DEATH
|-damage|p1a: TERA DEATH|46/100
|-anim|p2a: Dragapult|Dragon Darts|p1a: TERA DEATH
|-damage|p1a: TERA DEATH|37/100
|move|p1a: TERA DEATH|Synthesis|p1a: TERA DEATH
|-heal|p1a: TERA DEATH|87/100
|
|-damage|p2a: Dragapult|33/100|[from] Leech Seed|[of] p1a: TERA DEATH
|-heal|p1a: TERA DEATH|97/100|[silent]
|-damage|p2a: Dragapult|21/100|[from] move: Sand Tomb|[partiallytrapped]
|upkeep
|turn|17
|
|t:|1743785149
|switch|p2a: Primarina|Primarina, M, shiny|100/100
|move|p1a: TERA DEATH|Sand Tomb|p2a: Primarina
|-damage|p2a: Primarina|86/100
|-activate|p2a: Primarina|move: Sand Tomb|[of] p1a: TERA DEATH
|
|-damage|p2a: Primarina|74/100|[from] move: Sand Tomb|[partiallytrapped]
|upkeep
|turn|18
|
|t:|1743785158
|-terastallize|p2a: Primarina|Fairy
|-terastallize|p1a: TERA DEATH|Poison
|move|p2a: Primarina|Moonblast|p1a: TERA DEATH
|-resisted|p1a: TERA DEATH
|-damage|p1a: TERA DEATH|83/100
|-unboost|p1a: TERA DEATH|spa|1
|move|p1a: TERA DEATH|Leech Seed|p2a: Primarina
|-start|p2a: Primarina|move: Leech Seed
|
|-damage|p2a: Primarina|61/100|[from] Leech Seed|[of] p1a: TERA DEATH
|-heal|p1a: TERA DEATH|95/100|[silent]
|-damage|p2a: Primarina|49/100|[from] move: Sand Tomb|[partiallytrapped]
|upkeep
|turn|19
|
|t:|1743785173
|move|p2a: Primarina|Psychic Noise|p1a: TERA DEATH
|-supereffective|p1a: TERA DEATH
|-damage|p1a: TERA DEATH|74/100
|-start|p1a: TERA DEATH|move: Heal Block
|move|p1a: TERA DEATH|Sand Tomb|p2a: Primarina
|-damage|p2a: Primarina|34/100
|
|-damage|p2a: Primarina|21/100|[from] Leech Seed|[of] p1a: TERA DEATH
|-damage|p2a: Primarina|9/100|[from] move: Sand Tomb|[partiallytrapped]
|upkeep
|turn|20
|
|t:|1743785187
|move|p2a: Primarina|Psychic Noise|p1a: TERA DEATH
|-supereffective|p1a: TERA DEATH
|-damage|p1a: TERA DEATH|54/100
|move|p1a: TERA DEATH|Sand Tomb|p2a: Primarina|[miss]
|-miss|p1a: TERA DEATH|p2a: Primarina
|
|-damage|p2a: Primarina|0 fnt|[from] Leech Seed|[of] p1a: TERA DEATH
|faint|p2a: Primarina
|-end|p1a: TERA DEATH|move: Heal Block
|upkeep
|
|t:|1743785189
|switch|p2a: Landorus|Landorus-Therian, M, shiny|31/100
|-ability|p2a: Landorus|Intimidate|boost
|-unboost|p1a: TERA DEATH|atk|1
|turn|21
|-message|wolfxbite forfeited.
|
|win|chewfive
|raw|chewfive's rating: 1254 &rarr; <strong>1282</strong><br />(+28 for winning)
|raw|wolfxbite's rating: 1302 &rarr; <strong>1279</strong><br />(-23 for losing)
|l|☆chewfive
|player|p1|
