|j|☆yetaseena
|j|☆ShowerCurt
|t:|1743913845
|gametype|singles
|player|p1|yetaseena|101|1173
|player|p2|ShowerCurt|janitor|1145
|teamsize|p1|6
|teamsize|p2|6
|gen|9
|tier|[Gen 9] OU
|rated|
|rule|HP Percentage Mod: HP is shown in percentages
|rule|Endless Battle Clause: Forcing endless battles is banned
|rule|Species Clause: Limit one of each Pokémon
|rule|OHKO Clause: OHKO moves are banned
|rule|Evasion Items Clause: Evasion items are banned
|rule|Evasion Moves Clause: Evasion moves are banned
|rule|Sleep Moves Clause: Sleep-inducing moves are banned
|clearpoke
|poke|p1|Sinistcha-Masterpiece|
|poke|p1|Meowscarada, M|
|poke|p1|Brambleghast, F|
|poke|p1|Decidueye-Hisui, F|
|poke|p1|Ogerpon-Cornerstone, F|
|poke|p1|Serperior, M|
|poke|p2|Galvantula, F|
|poke|p2|Braviary-Hisui, M|
|poke|p2|Ursaluna, M|
|poke|p2|Goodra-Hisui, F|
|poke|p2|Toxtricity, M|
|poke|p2|Chandelure, M|
|teampreview
|inactive|Battle timer is ON: inactive players will automatically lose when time's up. (requested by ShowerCurt)
|
|t:|1743913851
|start
|switch|p1a: Decidueye|Decidueye-Hisui, F|100/100
|switch|p2a: Galvantula|Galvantula, F, shiny|100/100
|turn|1
|c|☆ShowerCurt|Glhf
|
|t:|1743913862
|move|p2a: Galvantula|Thunder Wave|p1a: Decidueye
|-status|p1a: Decidueye|par
|move|p1a: Decidueye|Swords Dance|p1a: Decidueye
|-boost|p1a: Decidueye|atk|2
|
|upkeep
|turn|2
|
|t:|1743913869
|move|p2a: Galvantula|Sticky Web|p1a: Decidueye
|-sidestart|p1: yetaseena|move: Sticky Web
|move|p1a: Decidueye|Swords Dance|p1a: Decidueye
|-boost|p1a: Decidueye|atk|2
|
|upkeep
|turn|3
|
|t:|1743913877
|move|p2a: Galvantula|Thunder|p1a: Decidueye
|-resisted|p1a: Decidueye
|-damage|p1a: Decidueye|75/100 par
|move|p1a: Decidueye|Triple Arrows|p2a: Galvantula
|-resisted|p2a: Galvantula
|-enditem|p2a: Galvantula|Focus Sash
|-damage|p2a: Galvantula|1/100
|
|-heal|p1a: Decidueye|81/100 par|[from] item: Leftovers
|upkeep
|turn|4
|
|t:|1743913888
|cant|p1a: Decidueye|par
|move|p2a: Galvantula|Energy Ball|p1a: Decidueye
|-resisted|p1a: Decidueye
|-damage|p1a: Decidueye|67/100 par
|
|-heal|p1a: Decidueye|73/100 par|[from] item: Leftovers
|upkeep
|turn|5
|
|t:|1743913899
|cant|p1a: Decidueye|par
|move|p2a: Galvantula|Thunder|p1a: Decidueye
|-resisted|p1a: Decidueye
|-damage|p1a: Decidueye|48/100 par
|
|-heal|p1a: Decidueye|53/100 par|[from] item: Leftovers
|upkeep
|turn|6
|
|t:|1743913908
|move|p1a: Decidueye|Shadow Sneak|p2a: Galvantula
|-damage|p2a: Galvantula|0 fnt
|faint|p2a: Galvantula
|
|-heal|p1a: Decidueye|59/100 par|[from] item: Leftovers
|upkeep
|
|t:|1743913912
|switch|p2a: Braviary|Braviary-Hisui, M, shiny|100/100
|turn|7
|
|t:|1743913919
|move|p1a: Decidueye|Shadow Sneak|p2a: Braviary
|-supereffective|p2a: Braviary
|-damage|p2a: Braviary|19/100
|move|p2a: Braviary|Esper Wing|p1a: Decidueye
|-supereffective|p1a: Decidueye
|-damage|p1a: Decidueye|0 fnt
|-boost|p2a: Braviary|spe|1
|faint|p1a: Decidueye
|
|-heal|p2a: Braviary|26/100|[from] item: Leftovers
|upkeep
|
|t:|1743913934
|switch|p1a: Brambleghast|Brambleghast, F|100/100
|turn|8
|
|t:|1743913941
|switch|p2a: Chandelure|Chandelure, M, shiny|100/100
|move|p1a: Brambleghast|Poltergeist|p2a: Chandelure
|-activate|p2a: Chandelure|move: Poltergeist|Rocky Helmet
|-supereffective|p2a: Chandelure
|-damage|p2a: Chandelure|0 fnt
|faint|p2a: Chandelure
|
|upkeep
|
|t:|1743913948
|switch|p2a: Toxtricity|Toxtricity, M, shiny|100/100
|turn|9
|
|t:|1743913958
|-terastallize|p1a: Brambleghast|Steel
|move|p1a: Brambleghast|Substitute|p1a: Brambleghast
|-start|p1a: Brambleghast|Substitute
|-damage|p1a: Brambleghast|75/100
|move|p2a: Toxtricity|Overdrive|p1a: Brambleghast
|-damage|p1a: Brambleghast|0 fnt
|faint|p1a: Brambleghast
|-enditem|p2a: Toxtricity|Throat Spray
|-boost|p2a: Toxtricity|spa|1|[from] item: Throat Spray
|
|upkeep
|
|t:|1743913981
|switch|p1a: Sinistcha|Sinistcha-Masterpiece|100/100
|-activate|p1a: Sinistcha|move: Sticky Web
|-unboost|p1a: Sinistcha|spe|1
|turn|10
|
|t:|1743913992
|move|p2a: Toxtricity|Psychic Noise|p1a: Sinistcha
|-damage|p1a: Sinistcha|34/100
|-start|p1a: Sinistcha|move: Heal Block
|move|p1a: Sinistcha|Calm Mind|p1a: Sinistcha
|-boost|p1a: Sinistcha|spa|1
|-boost|p1a: Sinistcha|spd|1
|
|upkeep
|turn|11
|
|t:|1743914002
|move|p2a: Toxtricity|Sludge Bomb|p1a: Sinistcha
|-damage|p1a: Sinistcha|0 fnt
|faint|p1a: Sinistcha
|
|upkeep
|
|t:|1743914012
|switch|p1a: Ogerpon|Ogerpon-Cornerstone, F|100/100
|-activate|p1a: Ogerpon|move: Sticky Web
|-unboost|p1a: Ogerpon|spe|1
|turn|12
|
|t:|1743914026
|move|p2a: Toxtricity|Sludge Bomb|p1a: Ogerpon
|-damage|p1a: Ogerpon|22/100
|-status|p1a: Ogerpon|psn
|move|p1a: Ogerpon|Trailblaze|p2a: Toxtricity
|-resisted|p2a: Toxtricity
|-damage|p2a: Toxtricity|75/100
|-boost|p1a: Ogerpon|spe|1
|
|-damage|p1a: Ogerpon|10/100 psn|[from] psn
|upkeep
|turn|13
|
|t:|1743914041
|move|p1a: Ogerpon|Ivy Cudgel|p2a: Toxtricity|[anim] Ivy Cudgel Rock
|-damage|p2a: Toxtricity|0 fnt
|faint|p2a: Toxtricity
|
|-damage|p1a: Ogerpon|0 fnt|[from] psn
|faint|p1a: Ogerpon
|upkeep
|
|t:|1743914051
|switch|p1a: Meowscarada|Meowscarada, M|100/100
|switch|p2a: Ursaluna|Ursaluna, M, shiny|100/100
|-activate|p1a: Meowscarada|move: Sticky Web
|-unboost|p1a: Meowscarada|spe|1
|turn|14
|
|t:|1743914063
|move|p1a: Meowscarada|Triple Axel|p2a: Ursaluna
|-start|p1a: Meowscarada|typechange|Ice|[from] ability: Protean
|-supereffective|p2a: Ursaluna
|-damage|p2a: Ursaluna|80/100
|-supereffective|p2a: Ursaluna
|-damage|p2a: Ursaluna|40/100
|-supereffective|p2a: Ursaluna
|-damage|p2a: Ursaluna|0 fnt
|faint|p2a: Ursaluna
|-hitcount|p2: Ursaluna|3
|
|upkeep
|
|t:|1743914072
|switch|p2a: Goodra|Goodra-Hisui, F, shiny|100/100
|-item|p2a: Goodra|Air Balloon
|turn|15
|
|t:|1743914079
|switch|p1a: Serperior|Serperior, M|100/100
|-activate|p1a: Serperior|move: Sticky Web
|-boost|p1a: Serperior|spe|1
|move|p2a: Goodra|Acid Armor|p2a: Goodra
|-boost|p2a: Goodra|def|2
|
|upkeep
|turn|16
|
|t:|1743914101
|move|p1a: Serperior|Leaf Storm|p2a: Goodra
|-resisted|p2a: Goodra
|-damage|p2a: Goodra|93/100
|-boost|p1a: Serperior|spa|2
|-enditem|p2a: Goodra|Air Balloon
|move|p2a: Goodra|Acid Armor|p2a: Goodra
|-boost|p2a: Goodra|def|2
|
|upkeep
|turn|17
|
|t:|1743914111
|move|p1a: Serperior|Leaf Storm|p2a: Goodra
|-resisted|p2a: Goodra
|-damage|p2a: Goodra|79/100
|-boost|p1a: Serperior|spa|2
|move|p2a: Goodra|Acid Armor|p2a: Goodra
|-boost|p2a: Goodra|def|2
|
|upkeep
|turn|18
|
|t:|1743914118
|move|p1a: Serperior|Leaf Storm|p2a: Goodra
|-resisted|p2a: Goodra
|-damage|p2a: Goodra|60/100
|-boost|p1a: Serperior|spa|2
|move|p2a: Goodra|Body Press|p1a: Serperior
|-damage|p1a: Serperior|1/100
|
|upkeep
|turn|19
|
|t:|1743914127
|move|p1a: Serperior|Leaf Storm|p2a: Goodra
|-resisted|p2a: Goodra
|-damage|p2a: Goodra|34/100
|move|p2a: Goodra|Body Press|p1a: Serperior
|-damage|p1a: Serperior|0 fnt
|faint|p1a: Serperior
|
|upkeep
|
|t:|1743914136
|switch|p1a: Meowscarada|Meowscarada, M|100/100
|-activate|p1a: Meowscarada|move: Sticky Web
|-unboost|p1a: Meowscarada|spe|1
|turn|20
|
|t:|1743914144
|move|p1a: Meowscarada|Brick Break|p2a: Goodra
|-start|p1a: Meowscarada|typechange|Fighting|[from] ability: Protean
|-supereffective|p2a: Goodra
|-damage|p2a: Goodra|10/100
|move|p2a: Goodra|Body Press|p1a: Meowscarada
|-damage|p1a: Meowscarada|0 fnt
|faint|p1a: Meowscarada
|
|win|ShowerCurt
|raw|yetaseena's rating: 1173 &rarr; <strong>1146</strong><br />(-27 for losing)
|raw|ShowerCurt's rating: 1145 &rarr; <strong>1172</strong><br />(+27 for winning)
|l|☆yetaseena
|player|p1|
|c|☆ShowerCurt|GG
|l|☆ShowerCurt
|player|p2|
