|j|☆mf spicy
|j|☆MaskedScorpio
|t:|1743912575
|gametype|singles
|player|p1|mf spicy|clair|1177
|player|p2|MaskedScorpio|silver-gen2|1196
|teamsize|p1|6
|teamsize|p2|6
|gen|9
|tier|[Gen 9] OU
|rated|
|rule|HP Percentage Mod: HP is shown in percentages
|rule|Endless Battle Clause: Forcing endless battles is banned
|rule|Species Clause: Limit one of each Pokémon
|rule|OHKO Clause: OHKO moves are banned
|rule|Evasion Items Clause: Evasion items are banned
|rule|Evasion Moves Clause: Evasion moves are banned
|rule|Sleep Moves Clause: Sleep-inducing moves are banned
|clearpoke
|poke|p1|Cobalion|
|poke|p1|Darkrai|
|poke|p1|Garganacl, M|
|poke|p1|Ambipom, M|
|poke|p1|Dragonite, M|
|poke|p1|Gliscor, M|
|poke|p2|Typhlosion-Hisui, F|
|poke|p2|Landorus-Therian, M|
|poke|p2|Clefable, F|
|poke|p2|Ogerpon-Wellspring, F|
|poke|p2|Latias, F|
|poke|p2|Corviknight, F|
|teampreview
|
|t:|1743912583
|start
|switch|p1a: Cobalion|Cobalion|100/100
|switch|p2a: Landorus|Landorus-Therian, M|100/100
|-ability|p2a: Landorus|Intimidate|boost
|-unboost|p1a: Cobalion|atk|1
|turn|1
|
|t:|1743912590
|move|p1a: Cobalion|Stealth Rock|p2a: Landorus
|-sidestart|p2: MaskedScorpio|move: Stealth Rock
|move|p2a: Landorus|Taunt|p1a: Cobalion
|-start|p1a: Cobalion|move: Taunt
|
|upkeep
|turn|2
|
|t:|1743912596
|switch|p1a: Garganacl|Garganacl, M|100/100
|move|p2a: Landorus|Stealth Rock|p1a: Garganacl
|-sidestart|p1: mf spicy|move: Stealth Rock
|
|upkeep
|turn|3
|
|t:|1743912601
|move|p2a: Landorus|Taunt|p1a: Garganacl
|-start|p1a: Garganacl|move: Taunt
|cant|p1a: Garganacl|move: Taunt|Curse
|
|upkeep
|turn|4
|
|t:|1743912604
|move|p2a: Landorus|U-turn|p1a: Garganacl
|-damage|p1a: Garganacl|90/100
|
|t:|1743912617
|switch|p2a: Corviknight|Corviknight, F|100/100|[from] U-turn
|-damage|p2a: Corviknight|88/100|[from] Stealth Rock
|-ability|p2a: Corviknight|Pressure
|move|p1a: Garganacl|Salt Cure|p2a: Corviknight
|-damage|p2a: Corviknight|80/100
|-start|p2a: Corviknight|Salt Cure
|
|-heal|p2a: Corviknight|86/100|[from] item: Leftovers
|-heal|p1a: Garganacl|96/100|[from] item: Leftovers
|-damage|p2a: Corviknight|61/100|[from] Salt Cure
|upkeep
|turn|5
|inactive|Battle timer is ON: inactive players will automatically lose when time's up. (requested by MaskedScorpio)
|
|t:|1743912639
|switch|p1a: Dragonite|Dragonite, M|100/100
|-damage|p1a: Dragonite|76/100|[from] Stealth Rock
|move|p2a: Corviknight|U-turn|p1a: Dragonite
|-resisted|p1a: Dragonite
|-damage|p1a: Dragonite|68/100
|
|t:|1743912649
|switch|p2a: Clefable|Clefable, F|100/100|[from] U-turn
|
|upkeep
|turn|6
|
|t:|1743912661
|move|p1a: Dragonite|Earthquake|p2a: Clefable
|-damage|p2a: Clefable|58/100
|move|p2a: Clefable|Thunder Wave|p1a: Dragonite|[miss]
|-miss|p2a: Clefable|p1a: Dragonite
|
|-heal|p2a: Clefable|64/100|[from] item: Leftovers
|upkeep
|turn|7
|
|t:|1743912667
|switch|p1a: Gliscor|Gliscor, M|100/100
|-damage|p1a: Gliscor|88/100|[from] Stealth Rock
|move|p2a: Clefable|Moonblast|p1a: Gliscor
|-damage|p1a: Gliscor|62/100
|
|-heal|p2a: Clefable|70/100|[from] item: Leftovers
|-status|p1a: Gliscor|tox|[from] item: Toxic Orb
|upkeep
|turn|8
|
|t:|1743912676
|switch|p2a: Corviknight|Corviknight, F|61/100
|-damage|p2a: Corviknight|49/100|[from] Stealth Rock
|-ability|p2a: Corviknight|Pressure
|move|p1a: Gliscor|Swords Dance|p1a: Gliscor
|-boost|p1a: Gliscor|atk|2
|
|-heal|p2a: Corviknight|55/100|[from] item: Leftovers
|-heal|p1a: Gliscor|75/100 tox|[from] ability: Poison Heal
|upkeep
|turn|9
|
|t:|1743912685
|move|p1a: Gliscor|Facade|p2a: Corviknight
|-resisted|p2a: Corviknight
|-damage|p2a: Corviknight|37/100
|move|p2a: Corviknight|Defog|p1a: Gliscor
|-unboost|p1a: Gliscor|evasion|1
|-sideend|p1: mf spicy|Stealth Rock|[from] move: Defog|[of] p2a: Corviknight
|-sideend|p2: MaskedScorpio|Stealth Rock|[from] move: Defog|[of] p2a: Corviknight
|
|-heal|p2a: Corviknight|43/100|[from] item: Leftovers
|-heal|p1a: Gliscor|87/100 tox|[from] ability: Poison Heal
|upkeep
|turn|10
|
|t:|1743912689
|move|p1a: Gliscor|Swords Dance|p1a: Gliscor
|-boost|p1a: Gliscor|atk|2
|move|p2a: Corviknight|Roost|p2a: Corviknight
|-heal|p2a: Corviknight|93/100
|-singleturn|p2a: Corviknight|move: Roost
|
|-heal|p2a: Corviknight|99/100|[from] item: Leftovers
|-heal|p1a: Gliscor|99/100 tox|[from] ability: Poison Heal
|upkeep
|turn|11
|
|t:|1743912694
|switch|p2a: Landorus|Landorus-Therian, M|100/100
|-ability|p2a: Landorus|Intimidate|boost
|-unboost|p1a: Gliscor|atk|1
|move|p1a: Gliscor|Swords Dance|p1a: Gliscor
|-boost|p1a: Gliscor|atk|2
|
|-heal|p1a: Gliscor|100/100 tox|[from] ability: Poison Heal
|upkeep
|turn|12
|
|t:|1743912702
|-terastallize|p1a: Gliscor|Water
|move|p2a: Landorus|Taunt|p1a: Gliscor
|-start|p1a: Gliscor|move: Taunt
|move|p1a: Gliscor|Facade|p2a: Landorus
|-damage|p2a: Landorus|0 fnt
|-damage|p1a: Gliscor|84/100 tox|[from] item: Rocky Helmet|[of] p2a: Landorus
|faint|p2a: Landorus
|
|-heal|p1a: Gliscor|97/100 tox|[from] ability: Poison Heal
|upkeep
|
|t:|1743912712
|switch|p2a: Ogerpon|Ogerpon-Wellspring, F|100/100
|turn|13
|
|t:|1743912715
|move|p2a: Ogerpon|Horn Leech|p1a: Gliscor
|-supereffective|p1a: Gliscor
|-damage|p1a: Gliscor|31/100 tox
|move|p1a: Gliscor|Facade|p2a: Ogerpon
|-damage|p2a: Ogerpon|0 fnt
|faint|p2a: Ogerpon
|
|-heal|p1a: Gliscor|44/100 tox|[from] ability: Poison Heal
|upkeep
|
|t:|1743912721
|switch|p2a: Typhlosion|Typhlosion-Hisui, F|100/100
|turn|14
|
|t:|1743912724
|move|p2a: Typhlosion|Shadow Ball|p1a: Gliscor
|-damage|p1a: Gliscor|0 fnt
|faint|p1a: Gliscor
|
|upkeep
|
|t:|1743912728
|switch|p1a: Ambipom|Ambipom, M|100/100
|turn|15
|
|t:|1743912734
|switch|p2a: Corviknight|Corviknight, F|99/100
|-ability|p2a: Corviknight|Pressure
|move|p1a: Ambipom|Switcheroo|p2a: Corviknight
|-activate|p1a: Ambipom|move: Trick|[of] p2a: Corviknight
|-item|p2a: Corviknight|Choice Scarf|[from] move: Switcheroo
|-item|p1a: Ambipom|Leftovers|[from] move: Switcheroo
|
|upkeep
|turn|16
|
|t:|1743912743
|move|p1a: Ambipom|Thunder Wave|p2a: Corviknight
|-status|p2a: Corviknight|par
|move|p2a: Corviknight|U-turn|p1a: Ambipom
|-damage|p1a: Ambipom|78/100
|
|t:|1743912747
|switch|p2a: Typhlosion|Typhlosion-Hisui, F|100/100|[from] U-turn
|
|-heal|p1a: Ambipom|84/100|[from] item: Leftovers
|upkeep
|turn|17
|
|t:|1743912758
|switch|p1a: Garganacl|Garganacl, M|96/100
|move|p2a: Typhlosion|Eruption|p1a: Garganacl
|-resisted|p1a: Garganacl
|-damage|p1a: Garganacl|45/100
|
|-heal|p1a: Garganacl|51/100|[from] item: Leftovers
|upkeep
|turn|18
|
|t:|1743912763
|move|p2a: Typhlosion|Eruption|p1a: Garganacl
|-resisted|p1a: Garganacl
|-damage|p1a: Garganacl|3/100
|move|p1a: Garganacl|Curse|p1a: Garganacl
|-unboost|p1a: Garganacl|spe|1
|-boost|p1a: Garganacl|atk|1
|-boost|p1a: Garganacl|def|1
|
|-heal|p1a: Garganacl|10/100|[from] item: Leftovers
|upkeep
|turn|19
|
|t:|1743912767
|move|p1a: Garganacl|Protect|p1a: Garganacl
|-singleturn|p1a: Garganacl|Protect
|move|p2a: Typhlosion|Eruption|p1a: Garganacl
|-activate|p1a: Garganacl|move: Protect
|
|-heal|p1a: Garganacl|16/100|[from] item: Leftovers
|upkeep
|turn|20
|
|t:|1743912772
|move|p1a: Garganacl|Protect||[still]
|-fail|p1a: Garganacl
|move|p2a: Typhlosion|Eruption|p1a: Garganacl
|-resisted|p1a: Garganacl
|-damage|p1a: Garganacl|0 fnt
|faint|p1a: Garganacl
|
|upkeep
|
|t:|1743912774
|switch|p1a: Dragonite|Dragonite, M|68/100
|turn|21
|
|t:|1743912783
|move|p2a: Typhlosion|Eruption|p1a: Dragonite
|-resisted|p1a: Dragonite
|-damage|p1a: Dragonite|12/100
|move|p1a: Dragonite|Ice Spinner|p2a: Typhlosion
|-resisted|p2a: Typhlosion
|-damage|p2a: Typhlosion|65/100
|
|upkeep
|turn|22
|
|t:|1743912788
|move|p2a: Typhlosion|Eruption|p1a: Dragonite
|-resisted|p1a: Dragonite
|-damage|p1a: Dragonite|0 fnt
|faint|p1a: Dragonite
|
|upkeep
|
|t:|1743912791
|switch|p1a: Ambipom|Ambipom, M|84/100
|turn|23
|
|t:|1743912801
|switch|p2a: Corviknight|Corviknight, F|99/100 par
|-ability|p2a: Corviknight|Pressure
|move|p1a: Ambipom|Fake Out|p2a: Corviknight
|-resisted|p2a: Corviknight
|-damage|p2a: Corviknight|90/100 par
|
|-heal|p1a: Ambipom|90/100|[from] item: Leftovers
|upkeep
|turn|24
|
|t:|1743912806
|switch|p1a: Cobalion|Cobalion|100/100
|move|p2a: Corviknight|U-turn|p1a: Cobalion
|-resisted|p1a: Cobalion
|-damage|p1a: Cobalion|97/100
|
|t:|1743912813
|switch|p2a: Typhlosion|Typhlosion-Hisui, F|65/100|[from] U-turn
|
|-heal|p1a: Cobalion|100/100|[from] item: Leftovers
|upkeep
|turn|25
|
|t:|1743912820
|move|p1a: Cobalion|Volt Switch|p2a: Typhlosion
|-damage|p2a: Typhlosion|49/100
|
|t:|1743912823
|switch|p1a: Darkrai|Darkrai|100/100|[from] Volt Switch
|move|p2a: Typhlosion|Flamethrower|p1a: Darkrai
|-damage|p1a: Darkrai|6/100
|
|upkeep
|turn|26
|
|t:|1743912828
|move|p1a: Darkrai|Dark Pulse|p2a: Typhlosion
|-supereffective|p2a: Typhlosion
|-damage|p2a: Typhlosion|0 fnt
|faint|p2a: Typhlosion
|
|upkeep
|
|t:|1743912836
|switch|p2a: Latias|Latias, F|100/100
|turn|27
|
|t:|1743912841
|move|p1a: Darkrai|Dark Pulse|p2a: Latias
|-supereffective|p2a: Latias
|-damage|p2a: Latias|31/100
|-enditem|p2a: Latias|Weakness Policy
|-boost|p2a: Latias|atk|2|[from] item: Weakness Policy
|-boost|p2a: Latias|spa|2|[from] item: Weakness Policy
|move|p2a: Latias|Agility|p2a: Latias
|-boost|p2a: Latias|spe|2
|
|upkeep
|turn|28
|
|t:|1743912844
|move|p2a: Latias|Aura Sphere|p1a: Darkrai
|-supereffective|p1a: Darkrai
|-damage|p1a: Darkrai|0 fnt
|faint|p1a: Darkrai
|
|upkeep
|-message|mf spicy forfeited.
|
|win|MaskedScorpio
|raw|mf spicy's rating: 1177 &rarr; <strong>1153</strong><br />(-24 for losing)
|raw|MaskedScorpio's rating: 1196 &rarr; <strong>1220</strong><br />(+24 for winning)
|l|☆mf spicy
|player|p1|
|l|☆MaskedScorpio
|player|p2|
