|j|☆shimazuu
|j|☆0fluid0
|t:|1743916404
|gametype|singles
|player|p1|shimazuu|hilbert-wonderlauncher|1083
|player|p2|0fluid0|veteran|1112
|teamsize|p1|6
|teamsize|p2|6
|gen|9
|tier|[Gen 9] OU
|rated|
|rule|HP Percentage Mod: HP is shown in percentages
|rule|Endless Battle Clause: Forcing endless battles is banned
|rule|Species Clause: Limit one of each Pokémon
|rule|OHKO Clause: OHKO moves are banned
|rule|Evasion Items Clause: Evasion items are banned
|rule|Evasion Moves Clause: Evasion moves are banned
|rule|Sleep Moves Clause: Sleep-inducing moves are banned
|clearpoke
|poke|p1|Incineroar, F|
|poke|p1|Cresselia, F|
|poke|p1|Iron Hands|
|poke|p1|Conkeldurr, M|
|poke|p1|Diancie|
|poke|p1|Ursaluna, M|
|poke|p2|Charizard, F|
|poke|p2|Torkoal, F|
|poke|p2|Meowscarada, M|
|poke|p2|Blissey, F|
|poke|p2|Glimmora, M|
|poke|p2|Kingambit, M|
|teampreview
|inactive|Battle timer is ON: inactive players will automatically lose when time's up. (requested by shimazuu)
|
|t:|1743916433
|start
|switch|p1a: duck|Cresselia, F|100/100
|switch|p2a: Torkoal|Torkoal, F|100/100
|-weather|SunnyDay|[from] ability: Drought|[of] p2a: Torkoal
|turn|1
|
|t:|1743916436
|move|p2a: Torkoal|Stealth Rock|p1a: duck
|-sidestart|p1: shimazuu|move: Stealth Rock
|move|p1a: duck|Trick Room|p1a: duck
|-fieldstart|move: Trick Room|[of] p1a: duck
|
|-weather|SunnyDay|[upkeep]
|upkeep
|turn|2
|
|t:|1743916441
|switch|p2a: Blissey|Blissey, F|100/100
|switch|p1a: HAARP weapon|Ursaluna, M|100/100
|-damage|p1a: HAARP weapon|94/100|[from] Stealth Rock
|
|-weather|SunnyDay|[upkeep]
|upkeep
|turn|3
|
|t:|1743916446
|switch|p2a: Glimmora|Glimmora, M|100/100
|-terastallize|p1a: HAARP weapon|Ghost
|move|p1a: HAARP weapon|Belly Drum|p1a: HAARP weapon
|-damage|p1a: HAARP weapon|44/100
|-setboost|p1a: HAARP weapon|atk|6|[from] move: Belly Drum
|-enditem|p1a: HAARP weapon|Sitrus Berry|[eat]
|-heal|p1a: HAARP weapon|69/100|[from] item: Sitrus Berry
|
|-weather|SunnyDay|[upkeep]
|upkeep
|turn|4
|
|t:|1743916451
|move|p1a: HAARP weapon|Earthquake|p2a: Glimmora
|-supereffective|p2a: Glimmora
|-damage|p2a: Glimmora|0 fnt
|-activate|p2a: Glimmora|ability: Toxic Debris
|-sidestart|p1: shimazuu|move: Toxic Spikes
|faint|p2a: Glimmora
|
|-weather|SunnyDay|[upkeep]
|upkeep
|
|t:|1743916460
|switch|p2a: Torkoal|Torkoal, F|100/100
|turn|5
|
|t:|1743916463
|move|p2a: Torkoal|Protect|p2a: Torkoal
|-singleturn|p2a: Torkoal|Protect
|move|p1a: HAARP weapon|Earthquake|p2a: Torkoal
|-activate|p2a: Torkoal|move: Protect
|
|-weather|none
|-fieldend|move: Trick Room
|upkeep
|turn|6
|
|t:|1743916468
|move|p1a: HAARP weapon|Earthquake|p2a: Torkoal
|-supereffective|p2a: Torkoal
|-damage|p2a: Torkoal|0 fnt
|faint|p2a: Torkoal
|
|upkeep
|
|t:|1743916471
|switch|p2a: Meowscarada|Meowscarada, M|100/100
|turn|7
|
|t:|1743916473
|move|p2a: Meowscarada|Knock Off|p1a: HAARP weapon
|-supereffective|p1a: HAARP weapon
|-damage|p1a: HAARP weapon|1/100
|move|p1a: HAARP weapon|Ice Punch|p2a: Meowscarada
|-supereffective|p2a: Meowscarada
|-damage|p2a: Meowscarada|0 fnt
|faint|p2a: Meowscarada
|
|upkeep
|
|t:|1743916478
|switch|p2a: Charizard|Charizard, F|100/100
|turn|8
|
|t:|1743916484
|move|p2a: Charizard|Air Slash|p1a: HAARP weapon
|-damage|p1a: HAARP weapon|0 fnt
|faint|p1a: HAARP weapon
|
|upkeep
|
|t:|1743916487
|switch|p1a: Diancie|Diancie|100/100
|-damage|p1a: Diancie|88/100|[from] Stealth Rock
|-status|p1a: Diancie|psn
|turn|9
|
|t:|1743916492
|switch|p2a: Blissey|Blissey, F|100/100
|move|p1a: Diancie|Diamond Storm|p2a: Blissey
|-damage|p2a: Blissey|50/100
|
|-damage|p1a: Diancie|76/100 psn|[from] psn
|upkeep
|turn|10
|
|t:|1743916498
|move|p2a: Blissey|Soft-Boiled|p2a: Blissey
|-heal|p2a: Blissey|99/100
|move|p1a: Diancie|Trick Room|p1a: Diancie
|-fieldstart|move: Trick Room|[of] p1a: Diancie
|
|-damage|p1a: Diancie|64/100 psn|[from] psn
|upkeep
|turn|11
|
|t:|1743916507
|switch|p1a: Iron Hands|Iron Hands|100/100
|-damage|p1a: Iron Hands|94/100|[from] Stealth Rock
|-status|p1a: Iron Hands|psn
|move|p2a: Blissey|Seismic Toss|p1a: Iron Hands
|-damage|p1a: Iron Hands|75/100 psn
|
|-damage|p1a: Iron Hands|63/100 psn|[from] psn
|upkeep
|turn|12
|
|t:|1743916512
|move|p1a: Iron Hands|Swords Dance|p1a: Iron Hands
|-boost|p1a: Iron Hands|atk|2
|move|p2a: Blissey|Calm Mind|p2a: Blissey
|-boost|p2a: Blissey|spa|1
|-boost|p2a: Blissey|spd|1
|
|-damage|p1a: Iron Hands|50/100 psn|[from] psn
|upkeep
|turn|13
|
|t:|1743916523
|move|p1a: Iron Hands|Close Combat|p2a: Blissey
|-supereffective|p2a: Blissey
|-damage|p2a: Blissey|0 fnt
|-unboost|p1a: Iron Hands|def|1
|-unboost|p1a: Iron Hands|spd|1
|faint|p2a: Blissey
|
|-damage|p1a: Iron Hands|38/100 psn|[from] psn
|upkeep
|
|t:|1743916527
|switch|p2a: Charizard|Charizard, F|100/100
|turn|14
|
|t:|1743916529
|move|p1a: Iron Hands|Supercell Slam|p2a: Charizard
|-supereffective|p2a: Charizard
|-damage|p2a: Charizard|0 fnt
|faint|p2a: Charizard
|
|-damage|p1a: Iron Hands|26/100 psn|[from] psn
|-fieldend|move: Trick Room
|upkeep
|
|t:|1743916534
|switch|p2a: Kingambit|Kingambit, M|100/100
|-activate|p2a: Kingambit|ability: Supreme Overlord
|-start|p2a: Kingambit|fallen5|[silent]
|turn|15
|
|t:|1743916539
|move|p2a: Kingambit|Swords Dance|p2a: Kingambit
|-boost|p2a: Kingambit|atk|2
|move|p1a: Iron Hands|Close Combat|p2a: Kingambit
|-supereffective|p2a: Kingambit
|-damage|p2a: Kingambit|0 fnt
|-unboost|p1a: Iron Hands|def|1
|-unboost|p1a: Iron Hands|spd|1
|faint|p2a: Kingambit
|-end|p2a: Kingambit|fallen5|[silent]
|
|win|shimazuu
|raw|shimazuu's rating: 1083 &rarr; <strong>1113</strong><br />(+30 for winning)
|raw|0fluid0's rating: 1112 &rarr; <strong>1085</strong><br />(-27 for losing)
|l|☆shimazuu
|player|p1|
|l|☆0fluid0
|player|p2|
