|j|☆N0110111001101111
|j|☆timmy973
|t:|1743871462
|gametype|singles
|player|p1|N0110111001101111|backersf|1252
|player|p2|timmy973|102|1181
|teamsize|p1|6
|teamsize|p2|6
|gen|9
|tier|[Gen 9] OU
|rated|
|rule|HP Percentage Mod: HP is shown in percentages
|rule|Endless Battle Clause: Forcing endless battles is banned
|rule|Species Clause: Limit one of each Pokémon
|rule|OHKO Clause: OHKO moves are banned
|rule|Evasion Items Clause: Evasion items are banned
|rule|Evasion Moves Clause: Evasion moves are banned
|rule|Sleep Moves Clause: Sleep-inducing moves are banned
|clearpoke
|poke|p1|Glimmora, M|
|poke|p1|Samurott-Hisui, M|
|poke|p1|Kyurem|
|poke|p1|Great Tusk|
|poke|p1|Gholdengo|
|poke|p1|Kingambit, F|
|poke|p2|Lucario, M|
|poke|p2|Garganacl, M|
|poke|p2|Okidogi, M|
|poke|p2|Great Tusk|
|poke|p2|Ting-Lu|
|poke|p2|Iron Boulder|
|teampreview
|inactive|Battle timer is ON: inactive players will automatically lose when time's up. (requested by N0110111001101111)
|
|t:|1743871488
|start
|switch|p1a: Glimmora|Glimmora, M|100/100
|switch|p2a: Okidogi|Okidogi, M|100/100
|turn|1
|
|t:|1743871492
|move|p1a: Glimmora|Earth Power|p2a: Okidogi
|-supereffective|p2a: Okidogi
|-damage|p2a: Okidogi|35/100
|move|p2a: Okidogi|Bulk Up|p2a: Okidogi
|-boost|p2a: Okidogi|atk|1
|-boost|p2a: Okidogi|def|1
|
|-heal|p2a: Okidogi|41/100|[from] item: Black Sludge
|upkeep
|turn|2
|
|t:|1743871496
|-terastallize|p2a: Okidogi|Fighting
|move|p1a: Glimmora|Earth Power|p2a: Okidogi
|-damage|p2a: Okidogi|12/100
|move|p2a: Okidogi|Drain Punch|p1a: Glimmora
|-enditem|p1a: Glimmora|Focus Sash
|-damage|p1a: Glimmora|1/100
|-heal|p2a: Okidogi|52/100|[from] drain|[of] p1a: Glimmora
|-activate|p1a: Glimmora|ability: Toxic Debris
|-sidestart|p2: timmy973|move: Toxic Spikes
|
|-damage|p2a: Okidogi|39/100|[from] item: Black Sludge
|upkeep
|turn|3
|
|t:|1743871504
|move|p1a: Glimmora|Sludge Wave|p2a: Okidogi
|-damage|p2a: Okidogi|0 fnt
|faint|p2a: Okidogi
|
|upkeep
|
|t:|1743871508
|switch|p2a: Great Tusk|Great Tusk|100/100
|turn|4
|
|t:|1743871522
|-terastallize|p1a: Glimmora|Ghost
|move|p1a: Glimmora|Sludge Wave|p2a: Great Tusk
|-resisted|p2a: Great Tusk
|-damage|p2a: Great Tusk|65/100
|move|p2a: Great Tusk|Rapid Spin|p1a: Glimmora
|-immune|p1a: Glimmora
|
|upkeep
|turn|5
|
|t:|1743871528
|move|p1a: Glimmora|Stealth Rock|p2a: Great Tusk
|-sidestart|p2: timmy973|move: Stealth Rock
|move|p2a: Great Tusk|Ice Spinner|p1a: Glimmora
|-damage|p1a: Glimmora|0 fnt
|-activate|p1a: Glimmora|ability: Toxic Debris
|-sidestart|p2: timmy973|move: Toxic Spikes
|faint|p1a: Glimmora
|
|upkeep
|
|t:|1743871531
|switch|p1a: Kyurem|Kyurem|100/100
|-ability|p1a: Kyurem|Pressure
|turn|6
|
|t:|1743871536
|-end|p2a: Great Tusk|Protosynthesis|[silent]
|switch|p2a: Iron Boulder|Iron Boulder|100/100
|-status|p2a: Iron Boulder|tox
|-damage|p2a: Iron Boulder|88/100 tox|[from] Stealth Rock
|-enditem|p2a: Iron Boulder|Booster Energy
|-activate|p2a: Iron Boulder|ability: Quark Drive|[fromitem]
|-start|p2a: Iron Boulder|quarkdrivespe
|move|p1a: Kyurem|Icicle Spear|p2a: Iron Boulder
|-crit|p2a: Iron Boulder
|-damage|p2a: Iron Boulder|61/100 tox
|-damage|p2a: Iron Boulder|43/100 tox
|-damage|p2a: Iron Boulder|25/100 tox
|-damage|p2a: Iron Boulder|8/100 tox
|-damage|p2a: Iron Boulder|0 fnt
|faint|p2a: Iron Boulder
|-end|p2a: Iron Boulder|Quark Drive|[silent]
|-hitcount|p2: Iron Boulder|5
|
|upkeep
|
|t:|1743871541
|switch|p2a: Lucario|Lucario, M|100/100
|-damage|p2a: Lucario|98/100|[from] Stealth Rock
|turn|7
|
|t:|1743871549
|switch|p1a: Gholdengo|Gholdengo|100/100
|-item|p1a: Gholdengo|Air Balloon
|move|p2a: Lucario|Nasty Plot|p2a: Lucario
|-boost|p2a: Lucario|spa|2
|
|upkeep
|turn|8
|
|t:|1743871555
|move|p2a: Lucario|Dark Pulse|p1a: Gholdengo
|-supereffective|p1a: Gholdengo
|-damage|p1a: Gholdengo|0 fnt
|-enditem|p1a: Gholdengo|Air Balloon
|faint|p1a: Gholdengo
|-damage|p2a: Lucario|88/100|[from] item: Life Orb
|
|upkeep
|
|t:|1743871559
|switch|p1a: Samurott|Samurott-Hisui, M|100/100
|turn|9
|
|t:|1743871563
|move|p2a: Lucario|Vacuum Wave|p1a: Samurott
|-supereffective|p1a: Samurott
|-damage|p1a: Samurott|0 fnt
|faint|p1a: Samurott
|-damage|p2a: Lucario|78/100|[from] item: Life Orb
|
|upkeep
|
|t:|1743871566
|switch|p1a: Great Tusk|Great Tusk|100/100
|turn|10
|
|t:|1743871571
|move|p2a: Lucario|Flash Cannon|p1a: Great Tusk
|-damage|p1a: Great Tusk|0 fnt
|faint|p1a: Great Tusk
|-end|p1a: Great Tusk|Protosynthesis|[silent]
|-damage|p2a: Lucario|68/100|[from] item: Life Orb
|
|upkeep
|
|t:|1743871574
|switch|p1a: Kingambit|Kingambit, F|100/100
|-activate|p1a: Kingambit|ability: Supreme Overlord
|-start|p1a: Kingambit|fallen4|[silent]
|turn|11
|
|t:|1743871583
|move|p2a: Lucario|Vacuum Wave|p1a: Kingambit
|-supereffective|p1a: Kingambit
|-damage|p1a: Kingambit|0 fnt
|faint|p1a: Kingambit
|-end|p1a: Kingambit|fallen4|[silent]
|-damage|p2a: Lucario|58/100|[from] item: Life Orb
|
|upkeep
|-message|N0110111001101111 forfeited.
|
|win|timmy973
|raw|N0110111001101111's rating: 1252 &rarr; <strong>1222</strong><br />(-30 for losing)
|raw|timmy973's rating: 1181 &rarr; <strong>1211</strong><br />(+30 for winning)
|l|☆N0110111001101111
|player|p1|
