|j|☆Seltzergod
|j|☆RenegadeArtUtube
|t:|1743802406
|gametype|singles
|player|p1|Seltzergod|flannery|1490
|player|p2|RenegadeArtUtube|gambler|1553
|teamsize|p1|6
|teamsize|p2|6
|gen|9
|tier|[Gen 9] OU
|rated|
|rule|HP Percentage Mod: HP is shown in percentages
|rule|Endless Battle Clause: Forcing endless battles is banned
|rule|Species Clause: Limit one of each Pokémon
|rule|OHKO Clause: OHKO moves are banned
|rule|Evasion Items Clause: Evasion items are banned
|rule|Evasion Moves Clause: Evasion moves are banned
|rule|Sleep Moves Clause: Sleep-inducing moves are banned
|clearpoke
|poke|p1|Blaziken, F|
|poke|p1|Great Tusk|
|poke|p1|Muk, F|
|poke|p1|Alomomola, F|
|poke|p1|Ting-Lu|
|poke|p1|Kyurem|
|poke|p2|Blaziken, M|
|poke|p2|Ninetales-Alola, F|
|poke|p2|Polteageist-Antique|
|poke|p2|Hatterene, F|
|poke|p2|Raging Bolt|
|poke|p2|Landorus-Therian, M|
|teampreview
|inactive|Battle timer is ON: inactive players will automatically lose when time's up. (requested by RenegadeArtUtube)
|
|t:|1743802416
|start
|switch|p1a: XIV|Ting-Lu|100/100
|switch|p2a: Hatterene|Hatterene, F, shiny|100/100
|-ability|p1a: XIV|Vessel of Ruin
|turn|1
|
|t:|1743802426
|move|p1a: XIV|Ruination|p2a: Hatterene
|-damage|p2a: Hatterene|50/100
|move|p2a: Hatterene|Calm Mind|p2a: Hatterene
|-boost|p2a: Hatterene|spa|1
|-boost|p2a: Hatterene|spd|1
|
|upkeep
|turn|2
|
|t:|1743802439
|move|p1a: XIV|Earthquake|p2a: Hatterene
|-damage|p2a: Hatterene|18/100
|move|p2a: Hatterene|Draining Kiss|p1a: XIV
|-supereffective|p1a: XIV
|-damage|p1a: XIV|73/100
|-heal|p2a: Hatterene|51/100|[from] drain|[of] p1a: XIV
|
|-heal|p1a: XIV|79/100|[from] item: Leftovers
|upkeep
|turn|3
|
|t:|1743802450
|switch|p1a: Monster Munch|Muk, F|100/100
|move|p2a: Hatterene|Draining Kiss|p1a: Monster Munch
|-resisted|p1a: Monster Munch
|-damage|p1a: Monster Munch|91/100
|-heal|p2a: Hatterene|61/100|[from] drain|[of] p1a: Monster Munch
|
|upkeep
|turn|4
|
|t:|1743802459
|switch|p2a: Landorus|Landorus-Therian, M|100/100
|-ability|p2a: Landorus|Intimidate|boost
|-unboost|p1a: Monster Munch|atk|1
|move|p1a: Monster Munch|Poison Jab|p2a: Landorus
|-resisted|p2a: Landorus
|-damage|p2a: Landorus|86/100
|-damage|p1a: Monster Munch|74/100|[from] item: Rocky Helmet|[of] p2a: Landorus
|
|upkeep
|turn|5
|
|t:|1743802469
|switch|p1a: Savior|Alomomola, F|100/100
|move|p2a: Landorus|Stealth Rock|p1a: Savior
|-sidestart|p1: Seltzergod|move: Stealth Rock
|
|upkeep
|turn|6
|
|t:|1743802475
|move|p2a: Landorus|U-turn|p1a: Savior
|-damage|p1a: Savior|85/100
|
|t:|1743802478
|switch|p2a: Ninetales|Ninetales-Alola, F|100/100|[from] U-turn
|-weather|Snowscape|[from] ability: Snow Warning|[of] p2a: Ninetales
|move|p1a: Savior|Flip Turn|p2a: Ninetales
|-damage|p2a: Ninetales|86/100
|
|t:|1743802494
|switch|p1a: Larry Bird|Blaziken, F|100/100|[from] Flip Turn
|-damage|p1a: Larry Bird|88/100|[from] Stealth Rock
|
|-weather|Snowscape|[upkeep]
|upkeep
|turn|7
|
|t:|1743802502
|move|p2a: Ninetales|Aurora Veil|p2a: Ninetales
|-sidestart|p2: RenegadeArtUtube|move: Aurora Veil
|move|p1a: Larry Bird|Swords Dance|p1a: Larry Bird
|-boost|p1a: Larry Bird|atk|2
|
|-weather|Snowscape|[upkeep]
|-ability|p1a: Larry Bird|Speed Boost|boost
|-boost|p1a: Larry Bird|spe|1
|upkeep
|turn|8
|
|t:|1743802511
|switch|p2a: Landorus|Landorus-Therian, M|86/100
|-ability|p2a: Landorus|Intimidate|boost
|-unboost|p1a: Larry Bird|atk|1
|move|p1a: Larry Bird|Temper Flare|p2a: Landorus
|-damage|p2a: Landorus|46/100
|-damage|p1a: Larry Bird|72/100|[from] item: Rocky Helmet|[of] p2a: Landorus
|-damage|p1a: Larry Bird|62/100|[from] item: Life Orb
|
|-weather|Snowscape|[upkeep]
|-ability|p1a: Larry Bird|Speed Boost|boost
|-boost|p1a: Larry Bird|spe|1
|upkeep
|turn|9
|
|t:|1743802525
|switch|p1a: Savior|Alomomola, F|100/100
|move|p2a: Landorus|Earthquake|p1a: Savior
|-crit|p1a: Savior
|-damage|p1a: Savior|48/100
|
|-weather|Snowscape|[upkeep]
|upkeep
|turn|10
|
|t:|1743802535
|move|p2a: Landorus|U-turn|p1a: Savior
|-damage|p1a: Savior|33/100
|
|t:|1743802552
|switch|p2a: Raging Bolt|Raging Bolt|100/100|[from] U-turn
|-enditem|p2a: Raging Bolt|Booster Energy
|-activate|p2a: Raging Bolt|ability: Protosynthesis|[fromitem]
|-start|p2a: Raging Bolt|protosynthesisspa
|move|p1a: Savior|Wish|p1a: Savior
|
|-weather|none
|upkeep
|turn|11
|
|t:|1743802575
|switch|p1a: XIV|Ting-Lu|79/100
|-damage|p1a: XIV|73/100|[from] Stealth Rock
|-ability|p1a: XIV|Vessel of Ruin
|move|p2a: Raging Bolt|Dragon Breath|p1a: XIV
|-damage|p1a: XIV|53/100
|
|-heal|p1a: XIV|99/100|[from] move: Wish|[wisher] Savior
|-heal|p1a: XIV|100/100|[from] item: Leftovers
|upkeep
|turn|12
|
|t:|1743802588
|-end|p2a: Raging Bolt|Protosynthesis|[silent]
|switch|p2a: Hatterene|Hatterene, F, shiny|61/100
|move|p1a: XIV|Spikes|p2a: Hatterene
|move|p2a: Hatterene|Spikes|p1a: XIV|[from] ability: Magic Bounce
|-sidestart|p1: Seltzergod|Spikes
|
|upkeep
|turn|13
|
|t:|1743802597
|move|p1a: XIV|Ruination|p2a: Hatterene|[miss]
|-miss|p1a: XIV|p2a: Hatterene
|move|p2a: Hatterene|Calm Mind|p2a: Hatterene
|-boost|p2a: Hatterene|spa|1
|-boost|p2a: Hatterene|spd|1
|
|upkeep
|turn|14
|
|t:|1743802605
|move|p1a: XIV|Ruination|p2a: Hatterene
|-damage|p2a: Hatterene|31/100
|move|p2a: Hatterene|Future Sight|p1a: XIV
|-start|p2a: Hatterene|move: Future Sight
|
|-sideend|p2: RenegadeArtUtube|move: Aurora Veil
|upkeep
|turn|15
|
|t:|1743802613
|move|p1a: XIV|Earthquake|p2a: Hatterene
|-damage|p2a: Hatterene|0 fnt
|faint|p2a: Hatterene
|
|upkeep
|
|t:|1743802620
|switch|p2a: Ninetales|Ninetales-Alola, F|86/100
|-weather|Snowscape|[from] ability: Snow Warning|[of] p2a: Ninetales
|turn|16
|
|t:|1743802627
|move|p2a: Ninetales|Aurora Veil|p2a: Ninetales
|-sidestart|p2: RenegadeArtUtube|move: Aurora Veil
|move|p1a: XIV|Spikes|p2a: Ninetales
|-sidestart|p2: RenegadeArtUtube|Spikes
|
|-weather|Snowscape|[upkeep]
|-end|p1a: XIV|move: Future Sight
|-immune|p1a: XIV
|upkeep
|turn|17
|
|t:|1743802639
|move|p2a: Ninetales|Encore|p1a: XIV
|-start|p1a: XIV|Encore
|move|p1a: XIV|Spikes|p2a: Ninetales
|-sidestart|p2: RenegadeArtUtube|Spikes
|
|-weather|Snowscape|[upkeep]
|upkeep
|turn|18
|
|t:|1743802647
|switch|p2a: Blaziken|Blaziken, M, shiny|100/100
|-damage|p2a: Blaziken|84/100|[from] Spikes
|switch|p1a: Savior|Alomomola, F|66/100
|
|-weather|Snowscape|[upkeep]
|upkeep
|turn|19
|
|t:|1743802656
|move|p2a: Blaziken|Swords Dance|p2a: Blaziken
|-boost|p2a: Blaziken|atk|2
|move|p1a: Savior|Flip Turn|p2a: Blaziken
|-supereffective|p2a: Blaziken
|-damage|p2a: Blaziken|60/100
|
|t:|1743802663
|switch|p1a: Tutankhamun|Great Tusk|100/100|[from] Flip Turn
|-damage|p1a: Tutankhamun|98/100|[from] Stealth Rock
|-damage|p1a: Tutankhamun|85/100|[from] Spikes
|-enditem|p1a: Tutankhamun|Booster Energy
|-activate|p1a: Tutankhamun|ability: Protosynthesis|[fromitem]
|-start|p1a: Tutankhamun|protosynthesisspe
|
|-weather|Snowscape|[upkeep]
|-ability|p2a: Blaziken|Speed Boost|boost
|-boost|p2a: Blaziken|spe|1
|upkeep
|turn|20
|
|t:|1743802677
|-terastallize|p2a: Blaziken|Ghost
|move|p1a: Tutankhamun|Headlong Rush|p2a: Blaziken
|-damage|p2a: Blaziken|22/100
|-unboost|p1a: Tutankhamun|def|1
|-unboost|p1a: Tutankhamun|spd|1
|move|p2a: Blaziken|Swords Dance|p2a: Blaziken
|-boost|p2a: Blaziken|atk|2
|
|-weather|none
|-ability|p2a: Blaziken|Speed Boost|boost
|-boost|p2a: Blaziken|spe|1
|upkeep
|turn|21
|
|t:|1743802704
|-end|p1a: Tutankhamun|Protosynthesis|[silent]
|switch|p1a: Monster Munch|Muk, F|74/100
|-damage|p1a: Monster Munch|62/100|[from] Stealth Rock
|-damage|p1a: Monster Munch|50/100|[from] Spikes
|move|p2a: Blaziken|Close Combat|p1a: Monster Munch
|-resisted|p1a: Monster Munch
|-damage|p1a: Monster Munch|0 fnt
|-unboost|p2a: Blaziken|def|1
|-unboost|p2a: Blaziken|spd|1
|faint|p1a: Monster Munch
|
|-ability|p2a: Blaziken|Speed Boost|boost
|-boost|p2a: Blaziken|spe|1
|upkeep
|
|t:|1743802705
|switch|p1a: Metal Cooler|Kyurem|100/100
|-damage|p1a: Metal Cooler|76/100|[from] Stealth Rock
|-damage|p1a: Metal Cooler|63/100|[from] Spikes
|-ability|p1a: Metal Cooler|Pressure
|turn|22
|
|t:|1743802727
|-terastallize|p1a: Metal Cooler|Ghost
|move|p2a: Blaziken|Knock Off|p1a: Metal Cooler
|-supereffective|p1a: Metal Cooler
|-damage|p1a: Metal Cooler|0 fnt
|-enditem|p1a: Metal Cooler|Choice Specs|[from] move: Knock Off|[of] p2a: Blaziken
|faint|p1a: Metal Cooler
|
|-ability|p2a: Blaziken|Speed Boost|boost
|-boost|p2a: Blaziken|spe|1
|upkeep
|-message|Seltzergod forfeited.
|
|win|RenegadeArtUtube
|raw|Seltzergod's rating: 1490 &rarr; <strong>1474</strong><br />(-16 for losing)
|raw|RenegadeArtUtube's rating: 1553 &rarr; <strong>1569</strong><br />(+16 for winning)
|l|☆Seltzergod
|player|p1|
