|j|☆JasperHatton
|j|☆btagrere
|t:|1743878223
|gametype|singles
|player|p1|JasperHatton|palmer|1204
|player|p2|btagrere|silver|1206
|teamsize|p1|6
|teamsize|p2|6
|gen|9
|tier|[Gen 9] OU
|rated|
|rule|HP Percentage Mod: HP is shown in percentages
|rule|Endless Battle Clause: Forcing endless battles is banned
|rule|Species Clause: Limit one of each Pokémon
|rule|OHKO Clause: OHKO moves are banned
|rule|Evasion Items Clause: Evasion items are banned
|rule|Evasion Moves Clause: Evasion moves are banned
|rule|Sleep Moves Clause: Sleep-inducing moves are banned
|clearpoke
|poke|p1|Houndoom, M|
|poke|p1|Lucario, M|
|poke|p1|Gardevoir, F|
|poke|p1|Garchomp, M|
|poke|p1|Leavanny, F|
|poke|p1|Gengar, M|
|poke|p2|Landorus-Therian, M|
|poke|p2|Primarina, M|
|poke|p2|Rotom-Wash|
|poke|p2|Glimmora, M|
|poke|p2|Slowking-Galar, M|
|poke|p2|Beartic, F|
|teampreview
|
|t:|1743878245
|start
|switch|p1a: Lucario|Lucario, M|100/100
|switch|p2a: Rotom|Rotom-Wash|100/100
|turn|1
|inactive|Battle timer is ON: inactive players will automatically lose when time's up. (requested by btagrere)
|
|t:|1743878257
|move|p2a: Rotom|Will-O-Wisp|p1a: Lucario|[miss]
|-miss|p2a: Rotom|p1a: Lucario
|move|p1a: Lucario|Aura Sphere|p2a: Rotom
|-damage|p2a: Rotom|32/100
|-damage|p1a: Lucario|91/100|[from] item: Life Orb
|
|upkeep
|turn|2
|
|t:|1743878265
|switch|p2a: Primarina|Primarina, M, shiny|100/100
|move|p1a: Lucario|Aura Sphere|p2a: Primarina
|-resisted|p2a: Primarina
|-damage|p2a: Primarina|88/100
|-damage|p1a: Lucario|81/100|[from] item: Life Orb
|
|upkeep
|turn|3
|
|t:|1743878274
|move|p1a: Lucario|Flash Cannon|p2a: Primarina
|-damage|p2a: Primarina|59/100
|-damage|p1a: Lucario|71/100|[from] item: Life Orb
|move|p2a: Primarina|Psychic Noise|p1a: Lucario
|-damage|p1a: Lucario|0 fnt
|faint|p1a: Lucario
|
|upkeep
|
|t:|1743878283
|switch|p1a: Gengar|Gengar, M|100/100
|turn|4
|
|t:|1743878288
|switch|p2a: Slowking|Slowking-Galar, M|100/100
|move|p1a: Gengar|Sludge Wave|p2a: Slowking
|-resisted|p2a: Slowking
|-damage|p2a: Slowking|85/100
|
|-heal|p2a: Slowking|91/100|[from] item: Leftovers
|upkeep
|turn|5
|inactive|JasperHatton has 120 seconds left.
|
|t:|1743878328
|move|p1a: Gengar|Shadow Ball|p2a: Slowking
|-supereffective|p2a: Slowking
|-damage|p2a: Slowking|38/100
|move|p2a: Slowking|Trick Room|p2a: Slowking
|-fieldstart|move: Trick Room|[of] p2a: Slowking
|
|-heal|p2a: Slowking|44/100|[from] item: Leftovers
|upkeep
|turn|6
|inactive|JasperHatton has 120 seconds left.
|
|t:|1743878336
|-prepare|p2a: Slowking|Chilly Reception|[premajor]
|move|p2a: Slowking|Chilly Reception|p2a: Slowking
|-weather|Snowscape
|
|t:|1743878341
|switch|p2a: Rotom|Rotom-Wash|32/100|[from] Chilly Reception
|move|p1a: Gengar|Shadow Ball|p2a: Rotom
|-damage|p2a: Rotom|0 fnt
|faint|p2a: Rotom
|
|-weather|Snowscape|[upkeep]
|upkeep
|
|t:|1743878359
|switch|p2a: Primarina|Primarina, M, shiny|59/100
|turn|7
|
|t:|1743878366
|move|p2a: Primarina|Psychic Noise|p1a: Gengar
|-damage|p1a: Gengar|36/100
|-start|p1a: Gengar|move: Heal Block
|-start|p2a: Primarina|Disable|Psychic Noise|[from] ability: Cursed Body|[of] p1a: Gengar
|move|p1a: Gengar|Sludge Wave|p2a: Primarina
|-supereffective|p2a: Primarina
|-damage|p2a: Primarina|4/100
|
|-weather|Snowscape|[upkeep]
|upkeep
|turn|8
|
|t:|1743878378
|move|p2a: Primarina|Ice Beam|p1a: Gengar
|-damage|p1a: Gengar|0 fnt
|faint|p1a: Gengar
|
|-weather|Snowscape|[upkeep]
|upkeep
|
|t:|1743878384
|switch|p1a: Leavanny|Leavanny, F|100/100
|turn|9
|
|t:|1743878389
|move|p2a: Primarina|Ice Beam|p1a: Leavanny
|-supereffective|p1a: Leavanny
|-damage|p1a: Leavanny|2/100
|move|p1a: Leavanny|X-Scissor|p2a: Primarina
|-resisted|p2a: Primarina
|-damage|p2a: Primarina|0 fnt
|faint|p2a: Primarina
|
|-weather|Snowscape|[upkeep]
|-fieldend|move: Trick Room
|upkeep
|
|t:|1743878400
|switch|p2a: Beartic|Beartic, F, shiny|100/100
|turn|10
|
|t:|1743878413
|move|p2a: Beartic|Ice Punch|p1a: Leavanny
|-supereffective|p1a: Leavanny
|-damage|p1a: Leavanny|0 fnt
|faint|p1a: Leavanny
|
|-weather|none
|upkeep
|
|t:|1743878415
|switch|p1a: Houndoom|Houndoom, M|100/100
|turn|11
|
|t:|1743878425
|switch|p2a: Glimmora|Glimmora, M|100/100
|move|p1a: Houndoom|Flamethrower|p2a: Glimmora
|-resisted|p2a: Glimmora
|-damage|p2a: Glimmora|69/100
|
|upkeep
|turn|12
|
|t:|1743878432
|move|p1a: Houndoom|Dark Pulse|p2a: Glimmora
|-damage|p2a: Glimmora|13/100
|move|p2a: Glimmora|Spikes|p1a: Houndoom
|-sidestart|p1: JasperHatton|Spikes
|
|upkeep
|turn|13
|
|t:|1743878438
|move|p1a: Houndoom|Dark Pulse|p2a: Glimmora
|-damage|p2a: Glimmora|0 fnt
|faint|p2a: Glimmora
|
|upkeep
|
|t:|1743878448
|switch|p2a: Slowking|Slowking-Galar, M|77/100
|turn|14
|
|t:|1743878453
|-terastallize|p2a: Slowking|Poison
|move|p1a: Houndoom|Dark Pulse|p2a: Slowking
|-damage|p2a: Slowking|55/100
|move|p2a: Slowking|Trick Room|p2a: Slowking
|-fieldstart|move: Trick Room|[of] p2a: Slowking
|
|-heal|p2a: Slowking|61/100|[from] item: Leftovers
|upkeep
|turn|15
|
|t:|1743878463
|switch|p1a: Garchomp|Garchomp, M|100/100
|-damage|p1a: Garchomp|88/100|[from] Spikes
|-prepare|p2a: Slowking|Chilly Reception|[premajor]
|move|p2a: Slowking|Chilly Reception|p2a: Slowking
|-weather|Snowscape
|
|t:|1743878470
|switch|p2a: Beartic|Beartic, F, shiny|100/100|[from] Chilly Reception
|
|-weather|Snowscape|[upkeep]
|upkeep
|turn|16
|
|t:|1743878478
|switch|p1a: Houndoom|Houndoom, M|100/100
|-damage|p1a: Houndoom|88/100|[from] Spikes
|move|p2a: Beartic|Ice Punch|p1a: Houndoom
|-resisted|p1a: Houndoom
|-damage|p1a: Houndoom|17/100
|
|-weather|Snowscape|[upkeep]
|upkeep
|turn|17
|
|t:|1743878488
|move|p1a: Houndoom|Flamethrower|p2a: Beartic
|-supereffective|p2a: Beartic
|-damage|p2a: Beartic|6/100
|move|p2a: Beartic|Ice Punch|p1a: Houndoom
|-resisted|p1a: Houndoom
|-damage|p1a: Houndoom|0 fnt
|faint|p1a: Houndoom
|
|-weather|Snowscape|[upkeep]
|upkeep
|
|t:|1743878493
|switch|p1a: Gardevoir|Gardevoir, F|100/100
|-damage|p1a: Gardevoir|88/100|[from] Spikes
|-ability|p1a: Gardevoir|Slush Rush|[from] ability: Trace|[of] p2a: Beartic
|turn|18
|
|t:|1743878502
|move|p2a: Beartic|Ice Punch|p1a: Gardevoir
|-damage|p1a: Gardevoir|0 fnt
|faint|p1a: Gardevoir
|
|-weather|Snowscape|[upkeep]
|-fieldend|move: Trick Room
|upkeep
|
|t:|1743878509
|switch|p1a: Garchomp|Garchomp, M|88/100
|-damage|p1a: Garchomp|76/100|[from] Spikes
|turn|19
|
|t:|1743878513
|move|p2a: Beartic|Ice Punch|p1a: Garchomp
|-supereffective|p1a: Garchomp
|-damage|p1a: Garchomp|0 fnt
|-damage|p2a: Beartic|0 fnt|[from] ability: Rough Skin|[of] p1a: Garchomp
|faint|p1a: Garchomp
|faint|p2a: Beartic
|
|win|btagrere
|raw|JasperHatton's rating: 1204 &rarr; <strong>1179</strong><br />(-25 for losing)
|raw|btagrere's rating: 1206 &rarr; <strong>1231</strong><br />(+25 for winning)
|c|☆JasperHatton|Gg
|l|☆JasperHatton
|player|p1|
|l|☆btagrere
|player|p2|
