|j|☆onetruebun
|j|☆lklowxhn
|t:|1743823849
|gametype|singles
|player|p1|onetruebun|shauntal|1269
|player|p2|lklowxhn|silver|1295
|teamsize|p1|6
|teamsize|p2|6
|gen|9
|tier|[Gen 9] OU
|rated|
|rule|HP Percentage Mod: HP is shown in percentages
|rule|Endless Battle Clause: Forcing endless battles is banned
|rule|Species Clause: Limit one of each Pokémon
|rule|OHKO Clause: OHKO moves are banned
|rule|Evasion Items Clause: Evasion items are banned
|rule|Evasion Moves Clause: Evasion moves are banned
|rule|Sleep Moves Clause: Sleep-inducing moves are banned
|clearpoke
|poke|p1|Walking Wake|
|poke|p1|Clefable, F|
|poke|p1|Ninetales, F|
|poke|p1|Great Tusk|
|poke|p1|Araquanid, F|
|poke|p1|Raging Bolt|
|poke|p2|Pelipper, F|
|poke|p2|Scizor, M|
|poke|p2|Floatzel, F|
|poke|p2|Thundurus, M|
|poke|p2|Ludicolo, M|
|poke|p2|Landorus-Therian, M|
|teampreview
|inactive|Battle timer is ON: inactive players will automatically lose when time's up. (requested by lklowxhn)
|
|t:|1743823867
|start
|switch|p1a: Raging Bolt|Raging Bolt|100/100
|switch|p2a: 梦泪菇我错了✋😭✋|Pelipper, F|100/100
|-weather|RainDance|[from] ability: Drizzle|[of] p2a: 梦泪菇我错了✋😭✋
|turn|1
|
|t:|1743823881
|-terastallize|p2a: 梦泪菇我错了✋😭✋|Fairy
|move|p1a: Raging Bolt|Calm Mind|p1a: Raging Bolt
|-boost|p1a: Raging Bolt|spa|1
|-boost|p1a: Raging Bolt|spd|1
|move|p2a: 梦泪菇我错了✋😭✋|Ice Beam|p1a: Raging Bolt
|-supereffective|p1a: Raging Bolt
|-damage|p1a: Raging Bolt|72/100
|
|-weather|RainDance|[upkeep]
|-heal|p1a: Raging Bolt|78/100|[from] item: Leftovers
|upkeep
|turn|2
|
|t:|1743823891
|move|p1a: Raging Bolt|Thunderclap|p2a: 梦泪菇我错了✋😭✋
|-damage|p2a: 梦泪菇我错了✋😭✋|16/100
|move|p2a: 梦泪菇我错了✋😭✋|U-turn|p1a: Raging Bolt
|-damage|p1a: Raging Bolt|72/100
|
|t:|1743823900
|switch|p2a: 喵|Landorus-Therian, M|100/100|[from] U-turn
|-ability|p2a: 喵|Intimidate|boost
|-unboost|p1a: Raging Bolt|atk|1
|
|-weather|RainDance|[upkeep]
|-heal|p1a: Raging Bolt|78/100|[from] item: Leftovers
|upkeep
|turn|3
|
|t:|1743823918
|-end|p1a: Raging Bolt|Protosynthesis|[silent]
|switch|p1a: Araquanid|Araquanid, F|100/100
|move|p2a: 喵|Earthquake|p1a: Araquanid
|-resisted|p1a: Araquanid
|-damage|p1a: Araquanid|70/100
|
|-weather|RainDance|[upkeep]
|-heal|p1a: Araquanid|76/100|[from] item: Leftovers
|upkeep
|turn|4
|
|t:|1743823925
|switch|p2a: 哈哈哈哈哈哈哈哈哈哈|Ludicolo, M|100/100
|move|p1a: Araquanid|Aqua Ring|p1a: Araquanid
|-start|p1a: Araquanid|Aqua Ring
|
|-weather|RainDance|[upkeep]
|-heal|p1a: Araquanid|82/100|[from] item: Leftovers
|-heal|p1a: Araquanid|88/100|[from] Aqua Ring
|upkeep
|turn|5
|
|t:|1743823937
|move|p2a: 哈哈哈哈哈哈哈哈哈哈|Weather Ball|p1a: Araquanid
|-resisted|p1a: Araquanid
|-damage|p1a: Araquanid|52/100
|move|p1a: Araquanid|Sticky Web|p2a: 哈哈哈哈哈哈哈哈哈哈
|-sidestart|p2: lklowxhn|move: Sticky Web
|
|-weather|RainDance|[upkeep]
|-heal|p1a: Araquanid|58/100|[from] item: Leftovers
|-heal|p1a: Araquanid|64/100|[from] Aqua Ring
|upkeep
|turn|6
|
|t:|1743823943
|move|p2a: 哈哈哈哈哈哈哈哈哈哈|Weather Ball|p1a: Araquanid
|-resisted|p1a: Araquanid
|-damage|p1a: Araquanid|25/100
|move|p1a: Araquanid|Bug Buzz|p2a: 哈哈哈哈哈哈哈哈哈哈
|-supereffective|p2a: 哈哈哈哈哈哈哈哈哈哈
|-damage|p2a: 哈哈哈哈哈哈哈哈哈哈|39/100
|-unboost|p2a: 哈哈哈哈哈哈哈哈哈哈|spd|1
|
|-weather|RainDance|[upkeep]
|-heal|p1a: Araquanid|32/100|[from] item: Leftovers
|-heal|p1a: Araquanid|38/100|[from] Aqua Ring
|upkeep
|turn|7
|
|t:|1743823959
|switch|p1a: Raging Bolt|Raging Bolt|78/100
|move|p2a: 哈哈哈哈哈哈哈哈哈哈|Weather Ball|p1a: Raging Bolt
|-resisted|p1a: Raging Bolt
|-damage|p1a: Raging Bolt|39/100
|
|-weather|RainDance|[upkeep]
|-heal|p1a: Raging Bolt|46/100|[from] item: Leftovers
|upkeep
|turn|8
|
|t:|1743823979
|move|p2a: 哈哈哈哈哈哈哈哈哈哈|Weather Ball|p1a: Raging Bolt
|-resisted|p1a: Raging Bolt
|-damage|p1a: Raging Bolt|3/100
|move|p1a: Raging Bolt|Hyper Voice|p2a: 哈哈哈哈哈哈哈哈哈哈
|-damage|p2a: 哈哈哈哈哈哈哈哈哈哈|0 fnt
|faint|p2a: 哈哈哈哈哈哈哈哈哈哈
|
|-weather|none
|-heal|p1a: Raging Bolt|10/100|[from] item: Leftovers
|upkeep
|
|t:|1743823983
|switch|p2a: 我是 输出|Scizor, M|100/100
|-activate|p2a: 我是 输出|move: Sticky Web
|-unboost|p2a: 我是 输出|spe|1
|turn|9
|-message|lklowxhn forfeited.
|
|win|onetruebun
|raw|onetruebun's rating: 1269 &rarr; <strong>1296</strong><br />(+27 for winning)
|raw|lklowxhn's rating: 1295 &rarr; <strong>1268</strong><br />(-27 for losing)
|l|☆lklowxhn
|player|p2|
|l|☆onetruebun
|player|p1|
