|j|☆foobarbazqux
|j|☆Lilacq
|t:|1743812594
|gametype|singles
|player|p1|foobarbazqux|101|1574
|player|p2|Lilacq|erika|1549
|teamsize|p1|6
|teamsize|p2|6
|gen|9
|tier|[Gen 9] OU
|rated|
|rule|HP Percentage Mod: HP is shown in percentages
|rule|Endless Battle Clause: Forcing endless battles is banned
|rule|Species Clause: Limit one of each Pokémon
|rule|OHKO Clause: OHKO moves are banned
|rule|Evasion Items Clause: Evasion items are banned
|rule|Evasion Moves Clause: Evasion moves are banned
|rule|Sleep Moves Clause: Sleep-inducing moves are banned
|clearpoke
|poke|p1|Araquanid, F|
|poke|p1|Cinderace, M|
|poke|p1|Kingambit, F|
|poke|p1|Serperior, F|
|poke|p1|Gliscor, M|
|poke|p1|Milotic, M|
|poke|p2|Kyurem|
|poke|p2|Arboliva, F|
|poke|p2|Enamorus, F|
|poke|p2|Rillaboom, F|
|poke|p2|Ninetales-Alola, F|
|poke|p2|Landorus-Therian, M|
|teampreview
|inactive|Battle timer is ON: inactive players will automatically lose when time's up. (requested by foobarbazqux)
|
|t:|1743812608
|start
|switch|p1a: Araquanid|Araquanid, F|100/100
|switch|p2a: Kyurem|Kyurem|100/100
|-ability|p2a: Kyurem|Pressure
|turn|1
|
|t:|1743812614
|move|p2a: Kyurem|Freeze-Dry|p1a: Araquanid
|-supereffective|p1a: Araquanid
|-damage|p1a: Araquanid|28/100
|move|p1a: Araquanid|Sticky Web|p2a: Kyurem
|-sidestart|p2: Lilacq|move: Sticky Web
|
|upkeep
|turn|2
|
|t:|1743812622
|move|p1a: Araquanid|Endure|p1a: Araquanid
|-singleturn|p1a: Araquanid|move: Endure
|move|p2a: Kyurem|Earth Power|p1a: Araquanid
|-resisted|p1a: Araquanid
|-damage|p1a: Araquanid|16/100
|
|upkeep
|turn|3
|-enditem|p1a: Araquanid|Custap Berry|[eat]
|-activate|p1a: Araquanid|item: Custap Berry|[consumed]
|
|t:|1743812628
|move|p1a: Araquanid|Endeavor|p2a: Kyurem
|-damage|p2a: Kyurem|14/100
|move|p2a: Kyurem|Freeze-Dry|p1a: Araquanid
|-supereffective|p1a: Araquanid
|-damage|p1a: Araquanid|0 fnt
|faint|p1a: Araquanid
|
|upkeep
|
|t:|1743812634
|switch|p1a: Cinderace|Cinderace, M|100/100
|turn|4
|
|t:|1743812637
|move|p1a: Cinderace|Court Change|p1a: Cinderace
|-swapsideconditions
|-activate|p1a: Cinderace|move: Court Change
|move|p2a: Kyurem|Earth Power|p1a: Cinderace
|-supereffective|p1a: Cinderace
|-damage|p1a: Cinderace|9/100
|
|upkeep
|turn|5
|
|t:|1743812641
|move|p1a: Cinderace|Pyro Ball|p2a: Kyurem|[miss]
|-miss|p1a: Cinderace|p2a: Kyurem
|move|p2a: Kyurem|Freeze-Dry|p1a: Cinderace
|-resisted|p1a: Cinderace
|-damage|p1a: Cinderace|0 fnt
|faint|p1a: Cinderace
|
|upkeep
|
|t:|1743812647
|switch|p1a: Serperior|Serperior, F|100/100
|-activate|p1a: Serperior|move: Sticky Web
|-boost|p1a: Serperior|spe|1
|turn|6
|
|t:|1743812652
|move|p1a: Serperior|Leaf Storm|p2a: Kyurem
|-resisted|p2a: Kyurem
|-damage|p2a: Kyurem|0 fnt
|-boost|p1a: Serperior|spa|2
|faint|p2a: Kyurem
|-damage|p1a: Serperior|91/100|[from] item: Life Orb
|
|upkeep
|
|t:|1743812674
|switch|p2a: Rillaboom|Rillaboom, F|100/100
|-fieldstart|move: Grassy Terrain|[from] ability: Grassy Surge|[of] p2a: Rillaboom
|turn|7
|
|t:|1743812682
|move|p1a: Serperior|Leaf Storm|p2a: Rillaboom
|-resisted|p2a: Rillaboom
|-damage|p2a: Rillaboom|0 fnt
|-boost|p1a: Serperior|spa|2
|faint|p2a: Rillaboom
|-damage|p1a: Serperior|81/100|[from] item: Life Orb
|
|-heal|p1a: Serperior|87/100|[from] Grassy Terrain
|upkeep
|
|t:|1743812684
|switch|p2a: Arboliva|Arboliva, F|100/100
|turn|8
|
|t:|1743812689
|-terastallize|p2a: Arboliva|Fire
|move|p1a: Serperior|Leaf Storm|p2a: Arboliva
|-resisted|p2a: Arboliva
|-damage|p2a: Arboliva|0 fnt
|-boost|p1a: Serperior|spa|2
|faint|p2a: Arboliva
|-damage|p1a: Serperior|77/100|[from] item: Life Orb
|
|-heal|p1a: Serperior|83/100|[from] Grassy Terrain
|upkeep
|-message|Lilacq forfeited.
|
|win|foobarbazqux
|raw|foobarbazqux's rating: 1574 &rarr; <strong>1593</strong><br />(+19 for winning)
|raw|Lilacq's rating: 1549 &rarr; <strong>1530</strong><br />(-19 for losing)
|l|☆Lilacq
|player|p2|
|l|☆foobarbazqux
|player|p1|
