|j|☆Pokemoncryptic
|j|☆CARRYING BOATS
|t:|1743837293
|gametype|singles
|player|p1|Pokemoncryptic|ingo|1444
|player|p2|CARRYING BOATS|101|1488
|teamsize|p1|6
|teamsize|p2|6
|gen|9
|tier|[Gen 9] OU
|rated|
|rule|HP Percentage Mod: HP is shown in percentages
|rule|Endless Battle Clause: Forcing endless battles is banned
|rule|Species Clause: Limit one of each Pokémon
|rule|OHKO Clause: OHKO moves are banned
|rule|Evasion Items Clause: Evasion items are banned
|rule|Evasion Moves Clause: Evasion moves are banned
|rule|Sleep Moves Clause: Sleep-inducing moves are banned
|clearpoke
|poke|p1|Indeedee, M|
|poke|p1|Armarouge, M|
|poke|p1|Hatterene, F|
|poke|p1|Polteageist|
|poke|p1|Hawlucha, F|
|poke|p1|Maushold|
|poke|p2|Dragonite, F|
|poke|p2|Ting-Lu|
|poke|p2|Sinistcha-Masterpiece|
|poke|p2|Tinkaton, F|
|poke|p2|Kyurem|
|poke|p2|Cinderace, F|
|teampreview
|
|t:|1743837319
|start
|switch|p1a: Indeedee|Indeedee, M|100/100
|switch|p2a: Tinkaton|Tinkaton, F|100/100
|-fieldstart|move: Psychic Terrain|[from] ability: Psychic Surge|[of] p1a: Indeedee
|-ability|p2a: Tinkaton|Mold Breaker
|-item|p2a: Tinkaton|Air Balloon
|turn|1
|
|t:|1743837327
|switch|p1a: Hatterene|Hatterene, F|100/100
|move|p2a: Tinkaton|Thunder Wave|p1a: Hatterene|[miss]
|-miss|p2a: Tinkaton|p1a: Hatterene
|
|upkeep
|turn|2
|
|t:|1743837332
|move|p2a: Tinkaton|Stealth Rock|p1a: Hatterene
|-sidestart|p1: Pokemoncryptic|move: Stealth Rock
|move|p1a: Hatterene|Nuzzle|p2a: Tinkaton
|-damage|p2a: Tinkaton|96/100
|-status|p2a: Tinkaton|par
|-enditem|p2a: Tinkaton|Air Balloon
|
|upkeep
|turn|3
|
|t:|1743837338
|move|p2a: Tinkaton|Gigaton Hammer|p1a: Hatterene
|-supereffective|p1a: Hatterene
|-damage|p1a: Hatterene|34/100
|-enditem|p1a: Hatterene|Eject Button
|
|t:|1743837346
|switch|p1a: Indeedee|Indeedee, M|100/100
|-damage|p1a: Indeedee|88/100|[from] Stealth Rock
|
|upkeep
|turn|4
|
|t:|1743837356
|move|p1a: Indeedee|Encore|p2a: Tinkaton
|-start|p2a: Tinkaton|Encore
|cant|p2a: Tinkaton|par
|
|upkeep
|turn|5
|
|t:|1743837363
|switch|p2a: Ting-Lu|Ting-Lu|100/100
|-ability|p2a: Ting-Lu|Vessel of Ruin
|move|p1a: Indeedee|Healing Wish|p1a: Indeedee
|faint|p1a: Indeedee
|
|upkeep
|
|t:|1743837374
|switch|p1a: Hatterene|Hatterene, F|34/100
|-heal|p1a: Hatterene|100/100|[from] move: Healing Wish
|-damage|p1a: Hatterene|88/100|[from] Stealth Rock
|turn|6
|
|t:|1743837379
|switch|p2a: Tinkaton|Tinkaton, F|96/100 par
|-ability|p2a: Tinkaton|Mold Breaker
|move|p1a: Hatterene|Draining Kiss|p2a: Tinkaton
|-resisted|p2a: Tinkaton
|-damage|p2a: Tinkaton|85/100 par
|-heal|p1a: Hatterene|98/100|[from] drain|[of] p2a: Tinkaton
|
|upkeep
|turn|7
|
|t:|1743837387
|move|p2a: Tinkaton|Gigaton Hammer|p1a: Hatterene
|-supereffective|p1a: Hatterene
|-damage|p1a: Hatterene|30/100
|move|p1a: Hatterene|Mystical Fire|p2a: Tinkaton
|-supereffective|p2a: Tinkaton
|-damage|p2a: Tinkaton|46/100 par
|-unboost|p2a: Tinkaton|spa|1
|
|upkeep
|turn|8
|
|t:|1743837394
|switch|p2a: Ting-Lu|Ting-Lu|100/100
|-ability|p2a: Ting-Lu|Vessel of Ruin
|move|p1a: Hatterene|Healing Wish|p1a: Hatterene
|faint|p1a: Hatterene
|
|-fieldend|move: Psychic Terrain
|upkeep
|
|t:|1743837404
|switch|p1a: Hawlucha|Hawlucha, F|100/100
|-damage|p1a: Hawlucha|88/100|[from] Stealth Rock
|turn|9
|
|t:|1743837443
|-terastallize|p2a: Ting-Lu|Ghost
|move|p1a: Hawlucha|Close Combat|p2a: Ting-Lu
|-immune|p2a: Ting-Lu
|move|p2a: Ting-Lu|Whirlwind|p1a: Hawlucha
|drag|p1a: Polteageist|Polteageist|100/100
|-damage|p1a: Polteageist|88/100|[from] Stealth Rock
|
|upkeep
|turn|10
|
|t:|1743837457
|move|p1a: Polteageist|Shadow Ball|p2a: Ting-Lu
|-supereffective|p2a: Ting-Lu
|-damage|p2a: Ting-Lu|61/100
|-unboost|p2a: Ting-Lu|spd|1
|move|p2a: Ting-Lu|Whirlwind|p1a: Polteageist
|drag|p1a: Maushold|Maushold|100/100
|-damage|p1a: Maushold|88/100|[from] Stealth Rock
|
|-heal|p2a: Ting-Lu|67/100|[from] item: Leftovers
|upkeep
|turn|11
|
|t:|1743837470
|move|p1a: Maushold|Tidy Up|p1a: Maushold
|-sideend|p1: Pokemoncryptic|Stealth Rock
|-activate|p1a: Maushold|move: Tidy Up
|-boost|p1a: Maushold|atk|1
|-boost|p1a: Maushold|spe|1
|move|p2a: Ting-Lu|Ruination|p1a: Maushold|[miss]
|-miss|p2a: Ting-Lu|p1a: Maushold
|
|-heal|p2a: Ting-Lu|73/100|[from] item: Leftovers
|upkeep
|turn|12
|
|t:|1743837481
|switch|p2a: Sinistcha|Sinistcha-Masterpiece|100/100
|move|p1a: Maushold|Encore||[still]
|-fail|p1a: Maushold
|
|upkeep
|turn|13
|
|t:|1743837489
|-terastallize|p1a: Maushold|Dark
|move|p1a: Maushold|Bite|p2a: Sinistcha
|-supereffective|p2a: Sinistcha
|-damage|p2a: Sinistcha|33/100
|cant|p2a: Sinistcha|flinch
|
|upkeep
|turn|14
|
|t:|1743837508
|move|p1a: Maushold|Bite|p2a: Sinistcha
|-supereffective|p2a: Sinistcha
|-damage|p2a: Sinistcha|0 fnt
|faint|p2a: Sinistcha
|
|upkeep
|
|t:|1743837517
|switch|p2a: Ting-Lu|Ting-Lu, tera:Ghost|73/100
|-ability|p2a: Ting-Lu|Vessel of Ruin
|turn|15
|
|t:|1743837532
|move|p1a: Maushold|Bite|p2a: Ting-Lu
|-supereffective|p2a: Ting-Lu
|-damage|p2a: Ting-Lu|21/100
|move|p2a: Ting-Lu|Ruination|p1a: Maushold
|-damage|p1a: Maushold|44/100
|
|-heal|p2a: Ting-Lu|27/100|[from] item: Leftovers
|upkeep
|turn|16
|
|t:|1743837544
|move|p1a: Maushold|Bite|p2a: Ting-Lu
|-supereffective|p2a: Ting-Lu
|-damage|p2a: Ting-Lu|0 fnt
|faint|p2a: Ting-Lu
|
|upkeep
|
|t:|1743837549
|switch|p2a: Dragonite|Dragonite, F|100/100
|turn|17
|
|t:|1743837554
|move|p2a: Dragonite|Extreme Speed|p1a: Maushold
|-damage|p1a: Maushold|0 fnt
|faint|p1a: Maushold
|
|upkeep
|
|t:|1743837564
|switch|p1a: Armarouge|Armarouge, M|100/100
|turn|18
|
|t:|1743837574
|move|p1a: Armarouge|Expanding Force|p2a: Dragonite
|-damage|p2a: Dragonite|80/100
|move|p2a: Dragonite|Dragon Tail|p1a: Armarouge
|-damage|p1a: Armarouge|62/100
|-ability|p1a: Armarouge|Weak Armor|boost
|-unboost|p1a: Armarouge|def|1
|-boost|p1a: Armarouge|spe|2
|drag|p1a: Hawlucha|Hawlucha, F|88/100
|-heal|p1a: Hawlucha|100/100|[from] move: Healing Wish
|
|upkeep
|turn|19
|
|t:|1743837593
|move|p1a: Hawlucha|Encore|p2a: Dragonite
|-start|p2a: Dragonite|Encore
|move|p2a: Dragonite|Dragon Tail|p1a: Hawlucha|[miss]
|-miss|p2a: Dragonite|p1a: Hawlucha
|
|upkeep
|turn|20
|
|t:|1743837599
|move|p1a: Hawlucha|Acrobatics|p2a: Dragonite
|-damage|p2a: Dragonite|57/100
|move|p2a: Dragonite|Dragon Tail|p1a: Hawlucha
|-damage|p1a: Hawlucha|58/100
|drag|p1a: Polteageist|Polteageist|88/100
|
|upkeep
|turn|21
|
|t:|1743837605
|move|p1a: Polteageist|Shadow Ball|p2a: Dragonite
|-damage|p2a: Dragonite|16/100
|move|p2a: Dragonite|Dragon Tail|p1a: Polteageist
|-damage|p1a: Polteageist|23/100
|-ability|p1a: Polteageist|Weak Armor|boost
|-unboost|p1a: Polteageist|def|1
|-boost|p1a: Polteageist|spe|2
|drag|p1a: Hawlucha|Hawlucha, F|58/100
|
|-end|p2a: Dragonite|Encore
|upkeep
|turn|22
|
|t:|1743837617
|move|p2a: Dragonite|Extreme Speed|p1a: Hawlucha
|-damage|p1a: Hawlucha|16/100
|move|p1a: Hawlucha|Acrobatics|p2a: Dragonite
|-damage|p2a: Dragonite|0 fnt
|faint|p2a: Dragonite
|
|upkeep
|
|t:|1743837622
|switch|p2a: Cinderace|Cinderace, F|100/100
|turn|23
|
|t:|1743837629
|move|p2a: Cinderace|Pyro Ball|p1a: Hawlucha
|-damage|p1a: Hawlucha|0 fnt
|faint|p1a: Hawlucha
|
|upkeep
|
|t:|1743837633
|switch|p1a: Polteageist|Polteageist|23/100
|turn|24
|
|t:|1743837637
|move|p2a: Cinderace|Pyro Ball|p1a: Polteageist|[miss]
|-miss|p2a: Cinderace|p1a: Polteageist
|move|p1a: Polteageist|Shell Smash|p1a: Polteageist
|-unboost|p1a: Polteageist|def|1
|-unboost|p1a: Polteageist|spd|1
|-boost|p1a: Polteageist|atk|2
|-boost|p1a: Polteageist|spa|2
|-boost|p1a: Polteageist|spe|2
|
|upkeep
|turn|25
|
|t:|1743837649
|move|p2a: Cinderace|Sucker Punch|p1a: Polteageist
|-start|p2a: Cinderace|typechange|Dark|[from] ability: Libero
|-supereffective|p1a: Polteageist
|-damage|p1a: Polteageist|0 fnt
|faint|p1a: Polteageist
|
|upkeep
|
|t:|1743837654
|switch|p1a: Armarouge|Armarouge, M|62/100
|turn|26
|
|t:|1743837660
|move|p2a: Cinderace|U-turn|p1a: Armarouge
|-damage|p1a: Armarouge|37/100
|-ability|p1a: Armarouge|Weak Armor|boost
|-unboost|p1a: Armarouge|def|1
|-boost|p1a: Armarouge|spe|2
|
|t:|1743837662
|switch|p2a: Tinkaton|Tinkaton, F|46/100 par|[from] U-turn
|-ability|p2a: Tinkaton|Mold Breaker
|move|p1a: Armarouge|Aura Sphere|p2a: Tinkaton
|-damage|p2a: Tinkaton|20/100 par
|
|upkeep
|turn|27
|
|t:|1743837669
|move|p1a: Armarouge|Expanding Force|p2a: Tinkaton
|-resisted|p2a: Tinkaton
|-damage|p2a: Tinkaton|1/100 par
|move|p2a: Tinkaton|Gigaton Hammer|p1a: Armarouge
|-resisted|p1a: Armarouge
|-damage|p1a: Armarouge|0 fnt
|faint|p1a: Armarouge
|
|win|CARRYING BOATS
|raw|Pokemoncryptic's rating: 1444 &rarr; <strong>1427</strong><br />(-17 for losing)
|raw|CARRYING BOATS's rating: 1488 &rarr; <strong>1505</strong><br />(+17 for winning)
|l|☆CARRYING BOATS
|player|p2|
|l|☆Pokemoncryptic
|player|p1|
