|j|☆Open666
|j|☆MewEnRage
|t:|1743784225
|gametype|singles
|player|p1|Open666|gambler|1373
|player|p2|MewEnRage|pokemaniac|1322
|teamsize|p1|6
|teamsize|p2|6
|gen|9
|tier|[Gen 9] OU
|rated|
|rule|HP Percentage Mod: HP is shown in percentages
|rule|Endless Battle Clause: Forcing endless battles is banned
|rule|Species Clause: Limit one of each Pokémon
|rule|OHKO Clause: OHKO moves are banned
|rule|Evasion Items Clause: Evasion items are banned
|rule|Evasion Moves Clause: Evasion moves are banned
|rule|Sleep Moves Clause: Sleep-inducing moves are banned
|clearpoke
|poke|p1|Grimmsnarl, M|
|poke|p1|Ogerpon-Wellspring, F|
|poke|p1|Glimmora, M|
|poke|p1|Dragapult, F|
|poke|p1|Gliscor, F|
|poke|p1|Mimikyu, M|
|poke|p2|Electabuzz, M|
|poke|p2|Ogerpon-Wellspring, F|
|poke|p2|Enamorus, F|
|poke|p2|Iron Treads|
|poke|p2|Landorus-Therian, M|
|poke|p2|Deoxys-Speed|
|teampreview
|inactive|Battle timer is ON: inactive players will automatically lose when time's up. (requested by Open666)
|
|t:|1743784242
|start
|switch|p1a: Grimmsnarl|Grimmsnarl, M|100/100
|switch|p2a: dede|Deoxys-Speed|100/100
|-ability|p2a: dede|Pressure
|turn|1
|
|t:|1743784259
|move|p1a: Grimmsnarl|Light Screen|p1a: Grimmsnarl
|-sidestart|p1: Open666|move: Light Screen
|move|p2a: dede|Taunt|p1a: Grimmsnarl
|-start|p1a: Grimmsnarl|move: Taunt
|
|upkeep
|turn|2
|inactive|Open666 has 120 seconds left.
|
|t:|1743784291
|switch|p1a: Gliscor|Gliscor, F|100/100
|move|p2a: dede|Spikes|p1a: Gliscor
|-sidestart|p1: Open666|Spikes
|
|-status|p1a: Gliscor|tox|[from] item: Toxic Orb
|upkeep
|turn|3
|inactive|Open666 has 120 seconds left.
|
|t:|1743784306
|move|p2a: dede|Spikes|p1a: Gliscor
|-sidestart|p1: Open666|Spikes
|move|p1a: Gliscor|Toxic|p2a: dede
|-status|p2a: dede|tox
|
|-damage|p2a: dede|94/100 tox|[from] psn
|upkeep
|turn|4
|inactive|Open666 has 120 seconds left.
|
|t:|1743784317
|move|p2a: dede|Spikes|p1a: Gliscor
|-sidestart|p1: Open666|Spikes
|move|p1a: Gliscor|Ice Fang|p2a: dede
|-damage|p2a: dede|69/100 tox
|-enditem|p2a: dede|Red Card|[of] p1a: Gliscor
|drag|p1a: Glimmora|Glimmora, M|100/100
|-damage|p1a: Glimmora|75/100|[from] Spikes
|
|-damage|p2a: dede|57/100 tox|[from] psn
|upkeep
|turn|5
|inactive|Open666 has 120 seconds left.
|
|t:|1743784333
|switch|p1a: Grimmsnarl|Grimmsnarl, M|100/100
|-damage|p1a: Grimmsnarl|76/100|[from] Spikes
|move|p2a: dede|Psycho Boost|p1a: Grimmsnarl
|-immune|p1a: Grimmsnarl
|
|-damage|p2a: dede|38/100 tox|[from] psn
|upkeep
|turn|6
|
|t:|1743784349
|move|p1a: Grimmsnarl|Reflect|p1a: Grimmsnarl
|-sidestart|p1: Open666|Reflect
|move|p2a: dede|Knock Off|p1a: Grimmsnarl
|-resisted|p1a: Grimmsnarl
|-damage|p1a: Grimmsnarl|73/100
|-enditem|p1a: Grimmsnarl|Light Clay|[from] move: Knock Off|[of] p2a: dede
|
|-damage|p2a: dede|13/100 tox|[from] psn
|upkeep
|turn|7
|
|t:|1743784364
|move|p1a: Grimmsnarl|Parting Shot|p2a: dede
|-unboost|p2a: dede|atk|1
|-unboost|p2a: dede|spa|1
|
|t:|1743784368
|switch|p1a: Gliscor|Gliscor, F|100/100 tox|[from] Parting Shot
|move|p2a: dede|Taunt|p1a: Gliscor
|-start|p1a: Gliscor|move: Taunt
|
|-damage|p2a: dede|0 fnt|[from] psn
|faint|p2a: dede
|upkeep
|
|t:|1743784383
|switch|p2a: ponpon|Ogerpon-Wellspring, F|100/100
|turn|8
|
|t:|1743784395
|switch|p1a: Ogerpon|Ogerpon-Wellspring, F|100/100
|-damage|p1a: Ogerpon|76/100|[from] Spikes
|move|p2a: ponpon|Ivy Cudgel|p1a: Ogerpon|[anim] Ivy Cudgel Water
|-heal|p1a: Ogerpon|100/100|[from] ability: Water Absorb|[of] p2a: ponpon
|
|-sideend|p1: Open666|move: Light Screen
|upkeep
|turn|9
|
|t:|1743784409
|switch|p2a: dodo|Landorus-Therian, M|100/100
|-ability|p2a: dodo|Intimidate|boost
|-unboost|p1a: Ogerpon|atk|1
|move|p1a: Ogerpon|Swords Dance|p1a: Ogerpon
|-boost|p1a: Ogerpon|atk|2
|
|upkeep
|turn|10
|inactive|Open666 has 120 seconds left.
|
|t:|1743784419
|-terastallize|p2a: dodo|Water
|move|p1a: Ogerpon|Ivy Cudgel|p2a: dodo|[anim] Ivy Cudgel Water
|-resisted|p2a: dodo
|-damage|p2a: dodo|58/100
|move|p2a: dodo|U-turn|p1a: Ogerpon
|-supereffective|p1a: Ogerpon
|-damage|p1a: Ogerpon|75/100
|
|t:|1743784427
|switch|p2a: Tek no|Electabuzz, M, shiny|100/100|[from] U-turn
|
|upkeep
|turn|11
|
|t:|1743784436
|move|p1a: Ogerpon|Horn Leech|p2a: Tek no
|-damage|p2a: Tek no|0 fnt
|-heal|p1a: Ogerpon|100/100|[from] drain|[of] p2a: Tek no
|faint|p2a: Tek no
|
|upkeep
|-message|MewEnRage forfeited.
|
|win|Open666
|raw|Open666's rating: 1373 &rarr; <strong>1390</strong><br />(+17 for winning)
|raw|MewEnRage's rating: 1322 &rarr; <strong>1305</strong><br />(-17 for losing)
|l|☆MewEnRage
|player|p2|
|l|☆Open666
|player|p1|
