|j|☆HolisticMystic
|j|☆Skrunky69
|t:|1743814362
|gametype|singles
|player|p1|HolisticMystic|biker-gen4|1111
|player|p2|Skrunky69|rocketgrunt|1085
|teamsize|p1|6
|teamsize|p2|6
|gen|9
|tier|[Gen 9] OU
|rated|
|rule|HP Percentage Mod: HP is shown in percentages
|rule|Endless Battle Clause: Forcing endless battles is banned
|rule|Species Clause: Limit one of each Pokémon
|rule|OHKO Clause: OHKO moves are banned
|rule|Evasion Items Clause: Evasion items are banned
|rule|Evasion Moves Clause: Evasion moves are banned
|rule|Sleep Moves Clause: Sleep-inducing moves are banned
|clearpoke
|poke|p1|Venusaur, M|
|poke|p1|Swampert, F|
|poke|p1|Hypno, F|
|poke|p1|Granbull, F|
|poke|p1|Staraptor, F|
|poke|p1|Hitmonchan, M|
|poke|p2|Slowking-Galar, M|
|poke|p2|Alomomola, F|
|poke|p2|Gholdengo|
|poke|p2|Iron Valiant|
|poke|p2|Zamazenta-*|
|poke|p2|Dragonite, M|
|teampreview
|
|t:|1743814368
|start
|switch|p1a: Staraptor|Staraptor, F|100/100
|switch|p2a: Dragonite|Dragonite, M, shiny|100/100
|turn|1
|
|t:|1743814374
|-terastallize|p2a: Dragonite|Normal
|move|p1a: Staraptor|U-turn|p2a: Dragonite
|-damage|p2a: Dragonite|86/100
|
|t:|1743814378
|switch|p1a: Granbull|Granbull, F|100/100|[from] U-turn
|-ability|p1a: Granbull|Intimidate|boost
|-unboost|p2a: Dragonite|atk|1
|move|p2a: Dragonite|Dragon Dance|p2a: Dragonite
|-boost|p2a: Dragonite|atk|1
|-boost|p2a: Dragonite|spe|1
|
|upkeep
|turn|2
|
|t:|1743814386
|move|p2a: Dragonite|Dragon Dance|p2a: Dragonite
|-boost|p2a: Dragonite|atk|1
|-boost|p2a: Dragonite|spe|1
|move|p1a: Granbull|Thunder Wave|p2a: Dragonite
|-status|p2a: Dragonite|par
|
|upkeep
|turn|3
|
|t:|1743814393
|move|p2a: Dragonite|Extreme Speed|p1a: Granbull
|-damage|p1a: Granbull|37/100
|move|p1a: Granbull|Play Rough|p2a: Dragonite
|-damage|p2a: Dragonite|35/100 par
|
|-heal|p1a: Granbull|43/100|[from] item: Leftovers
|upkeep
|turn|4
|
|t:|1743814400
|move|p2a: Dragonite|Extreme Speed|p1a: Granbull
|-damage|p1a: Granbull|0 fnt
|faint|p1a: Granbull
|
|upkeep
|
|t:|1743814406
|switch|p1a: Venusaur|Venusaur, M|100/100
|turn|5
|
|t:|1743814408
|move|p2a: Dragonite|Roost|p2a: Dragonite
|-heal|p2a: Dragonite|85/100 par
|move|p1a: Venusaur|Giga Drain|p2a: Dragonite
|-damage|p2a: Dragonite|50/100 par
|
|upkeep
|turn|6
|
|t:|1743814414
|move|p2a: Dragonite|Earthquake|p1a: Venusaur
|-crit|p1a: Venusaur
|-damage|p1a: Venusaur|14/100
|move|p1a: Venusaur|Leech Seed|p2a: Dragonite
|-start|p2a: Dragonite|move: Leech Seed
|
|-damage|p2a: Dragonite|38/100 par|[from] Leech Seed|[of] p1a: Venusaur
|-heal|p1a: Venusaur|26/100|[silent]
|upkeep
|turn|7
|
|t:|1743814424
|switch|p1a: Staraptor|Staraptor, F|100/100
|move|p2a: Dragonite|Extreme Speed|p1a: Staraptor
|-damage|p1a: Staraptor|6/100
|
|-damage|p2a: Dragonite|26/100 par|[from] Leech Seed|[of] p1a: Staraptor
|-heal|p1a: Staraptor|19/100|[silent]
|upkeep
|turn|8
|
|t:|1743814433
|move|p2a: Dragonite|Extreme Speed|p1a: Staraptor
|-damage|p1a: Staraptor|0 fnt
|faint|p1a: Staraptor
|
|upkeep
|
|t:|1743814435
|switch|p1a: Venusaur|Venusaur, M|26/100
|turn|9
|
|t:|1743814438
|move|p2a: Dragonite|Extreme Speed|p1a: Venusaur
|-damage|p1a: Venusaur|0 fnt
|-damage|p2a: Dragonite|9/100 par|[from] item: Rocky Helmet|[of] p1a: Venusaur
|faint|p1a: Venusaur
|
|upkeep
|
|t:|1743814443
|switch|p1a: Hitmonchan|Hitmonchan, M|100/100
|turn|10
|
|t:|1743814447
|move|p2a: Dragonite|Roost|p2a: Dragonite
|-heal|p2a: Dragonite|59/100 par
|move|p1a: Hitmonchan|Rapid Spin|p2a: Dragonite
|-damage|p2a: Dragonite|43/100 par
|-boost|p1a: Hitmonchan|spe|1
|
|-damage|p2a: Dragonite|31/100 par|[from] Leech Seed|[of] p1a: Hitmonchan
|upkeep
|turn|11
|
|t:|1743814454
|move|p1a: Hitmonchan|Drain Punch|p2a: Dragonite
|-supereffective|p2a: Dragonite
|-damage|p2a: Dragonite|0 fnt
|faint|p2a: Dragonite
|
|upkeep
|
|t:|1743814460
|switch|p2a: Slowking|Slowking-Galar, M|100/100
|turn|12
|
|t:|1743814463
|switch|p1a: Hypno|Hypno, F|100/100
|move|p2a: Slowking|Future Sight|p1a: Hypno
|-start|p2a: Slowking|move: Future Sight
|
|upkeep
|turn|13
|
|t:|1743814468
|move|p1a: Hypno|Thunder Wave|p2a: Slowking
|-status|p2a: Slowking|par
|cant|p2a: Slowking|par
|
|upkeep
|turn|14
|
|t:|1743814474
|switch|p2a: Alomomola|Alomomola, F, shiny|100/100
|move|p1a: Hypno|Encore||[still]
|-fail|p1a: Hypno
|
|-end|p1a: Hypno|move: Future Sight
|-resisted|p1a: Hypno
|-crit|p1a: Hypno
|-damage|p1a: Hypno|75/100
|-heal|p1a: Hypno|81/100|[from] item: Leftovers
|upkeep
|turn|15
|
|t:|1743814482
|move|p1a: Hypno|Thunder Wave|p2a: Alomomola|[miss]
|-miss|p1a: Hypno|p2a: Alomomola
|move|p2a: Alomomola|Scald|p1a: Hypno
|-damage|p1a: Hypno|72/100
|
|-heal|p1a: Hypno|78/100|[from] item: Leftovers
|upkeep
|turn|16
|
|t:|1743814490
|move|p1a: Hypno|Disable|p2a: Alomomola
|-start|p2a: Alomomola|Disable|Scald
|cant|p2a: Alomomola|Disable|Scald
|
|-heal|p1a: Hypno|84/100|[from] item: Leftovers
|upkeep
|turn|17
|
|t:|1743814495
|move|p1a: Hypno|Thunder Wave|p2a: Alomomola
|-status|p2a: Alomomola|par
|move|p2a: Alomomola|Flip Turn|p1a: Hypno
|-damage|p1a: Hypno|63/100
|
|t:|1743814505
|switch|p2a: Iron Valiant|Iron Valiant, shiny|100/100|[from] Flip Turn
|-enditem|p2a: Iron Valiant|Booster Energy
|-activate|p2a: Iron Valiant|ability: Quark Drive|[fromitem]
|-start|p2a: Iron Valiant|quarkdrivespe
|
|-heal|p1a: Hypno|69/100|[from] item: Leftovers
|upkeep
|turn|18
|
|t:|1743814511
|move|p2a: Iron Valiant|Knock Off|p1a: Hypno
|-supereffective|p1a: Hypno
|-damage|p1a: Hypno|0 fnt
|-enditem|p1a: Hypno|Leftovers|[from] move: Knock Off|[of] p2a: Iron Valiant
|faint|p1a: Hypno
|
|upkeep
|
|t:|1743814516
|switch|p1a: Swampert|Swampert, F|100/100
|turn|19
|
|t:|1743814521
|move|p2a: Iron Valiant|Swords Dance|p2a: Iron Valiant
|-boost|p2a: Iron Valiant|atk|2
|move|p1a: Swampert|Earthquake|p2a: Iron Valiant
|-damage|p2a: Iron Valiant|43/100
|
|upkeep
|turn|20
|
|t:|1743814526
|move|p2a: Iron Valiant|Knock Off|p1a: Swampert
|-damage|p1a: Swampert|47/100
|-enditem|p1a: Swampert|Leftovers|[from] move: Knock Off|[of] p2a: Iron Valiant
|move|p1a: Swampert|Earthquake|p2a: Iron Valiant
|-damage|p2a: Iron Valiant|0 fnt
|faint|p2a: Iron Valiant
|-end|p2a: Iron Valiant|Quark Drive|[silent]
|
|upkeep
|
|t:|1743814533
|switch|p2a: Gholdengo|Gholdengo|100/100
|-item|p2a: Gholdengo|Air Balloon
|turn|21
|
|t:|1743814538
|move|p2a: Gholdengo|Make It Rain|p1a: Swampert
|-resisted|p1a: Swampert
|-damage|p1a: Swampert|24/100
|-unboost|p2a: Gholdengo|spa|1
|move|p1a: Swampert|Waterfall|p2a: Gholdengo
|-damage|p2a: Gholdengo|65/100
|-enditem|p2a: Gholdengo|Air Balloon
|
|upkeep
|turn|22
|
|t:|1743814548
|move|p2a: Gholdengo|Thunder Wave|p1a: Swampert
|-immune|p1a: Swampert
|move|p1a: Swampert|Earthquake|p2a: Gholdengo
|-supereffective|p2a: Gholdengo
|-damage|p2a: Gholdengo|10/100
|
|upkeep
|turn|23
|
|t:|1743814555
|switch|p2a: Slowking|Slowking-Galar, M|100/100 par
|move|p1a: Swampert|Earthquake|p2a: Slowking
|-supereffective|p2a: Slowking
|-damage|p2a: Slowking|21/100 par
|
|upkeep
|turn|24
|
|t:|1743814561
|switch|p2a: Alomomola|Alomomola, F, shiny|100/100 par
|move|p1a: Swampert|Earthquake|p2a: Alomomola
|-damage|p2a: Alomomola|77/100 par
|
|upkeep
|turn|25
|
|t:|1743814568
|move|p1a: Swampert|Earthquake|p2a: Alomomola
|-damage|p2a: Alomomola|52/100 par
|move|p2a: Alomomola|Wish|p2a: Alomomola
|
|upkeep
|turn|26
|
|t:|1743814573
|move|p1a: Swampert|Earthquake|p2a: Alomomola
|-damage|p2a: Alomomola|29/100 par
|move|p2a: Alomomola|Flip Turn|p1a: Swampert
|-damage|p1a: Swampert|12/100
|
|t:|1743814579
|switch|p2a: Gholdengo|Gholdengo|10/100|[from] Flip Turn
|
|-heal|p2a: Gholdengo|72/100|[from] move: Wish|[wisher] Alomomola
|upkeep
|turn|27
|
|t:|1743814584
|move|p2a: Gholdengo|Make It Rain|p1a: Swampert
|-resisted|p1a: Swampert
|-damage|p1a: Swampert|0 fnt
|-unboost|p2a: Gholdengo|spa|1
|faint|p1a: Swampert
|
|upkeep
|
|t:|1743814587
|switch|p1a: Hitmonchan|Hitmonchan, M|100/100
|turn|28
|
|t:|1743814593
|move|p1a: Hitmonchan|Bulk Up|p1a: Hitmonchan
|-boost|p1a: Hitmonchan|atk|1
|-boost|p1a: Hitmonchan|def|1
|move|p2a: Gholdengo|Thunder Wave|p1a: Hitmonchan
|-status|p1a: Hitmonchan|par
|
|upkeep
|turn|29
|
|t:|1743814599
|move|p2a: Gholdengo|Hex|p1a: Hitmonchan
|-damage|p1a: Hitmonchan|57/100 par
|move|p1a: Hitmonchan|Fire Punch|p2a: Gholdengo
|-supereffective|p2a: Gholdengo
|-damage|p2a: Gholdengo|25/100
|
|upkeep
|turn|30
|
|t:|1743814605
|move|p2a: Gholdengo|Hex|p1a: Hitmonchan
|-damage|p1a: Hitmonchan|18/100 par
|-enditem|p1a: Hitmonchan|Aguav Berry|[eat]
|-heal|p1a: Hitmonchan|52/100 par|[from] item: Aguav Berry
|move|p1a: Hitmonchan|Fire Punch|p2a: Gholdengo
|-supereffective|p2a: Gholdengo
|-damage|p2a: Gholdengo|0 fnt
|faint|p2a: Gholdengo
|
|upkeep
|
|t:|1743814613
|switch|p2a: Slowking|Slowking-Galar, M|55/100 par
|turn|31
|
|t:|1743814617
|move|p1a: Hitmonchan|Drain Punch|p2a: Slowking
|-resisted|p2a: Slowking
|-damage|p2a: Slowking|41/100 par
|-heal|p1a: Hitmonchan|62/100 par|[from] drain|[of] p2a: Slowking
|move|p2a: Slowking|Future Sight|p1a: Hitmonchan
|-start|p2a: Slowking|move: Future Sight
|
|upkeep
|turn|32
|
|t:|1743814623
|cant|p1a: Hitmonchan|par
|move|p2a: Slowking|Slack Off|p2a: Slowking
|-heal|p2a: Slowking|91/100 par
|
|upkeep
|turn|33
|-message|HolisticMystic forfeited.
|
|win|Skrunky69
|raw|HolisticMystic's rating: 1111 &rarr; <strong>1084</strong><br />(-27 for losing)
|raw|Skrunky69's rating: 1085 &rarr; <strong>1114</strong><br />(+29 for winning)
|l|☆HolisticMystic
|player|p1|
|l|☆Skrunky69
|player|p2|
