|j|☆MayaDimple
|j|☆ShittyHole69
|t:|1743834877
|gametype|singles
|player|p1|MayaDimple|lenora|1141
|player|p2|ShittyHole69|drayden|1209
|teamsize|p1|6
|teamsize|p2|6
|gen|9
|tier|[Gen 9] OU
|rated|
|rule|HP Percentage Mod: HP is shown in percentages
|rule|Endless Battle Clause: Forcing endless battles is banned
|rule|Species Clause: Limit one of each Pokémon
|rule|OHKO Clause: OHKO moves are banned
|rule|Evasion Items Clause: Evasion items are banned
|rule|Evasion Moves Clause: Evasion moves are banned
|rule|Sleep Moves Clause: Sleep-inducing moves are banned
|clearpoke
|poke|p1|Walking Wake|
|poke|p1|Enamorus, F|
|poke|p1|Leafeon, M|
|poke|p1|Basculegion-F, F|
|poke|p1|Galvantula, F|
|poke|p1|Iron Treads|
|poke|p2|Ogerpon, F|
|poke|p2|Chandelure, M|
|poke|p2|Greninja-*, M|
|poke|p2|Mandibuzz, F|
|poke|p2|Moltres-Galar|
|poke|p2|Landorus-Therian, M|
|teampreview
|
|t:|1743834891
|start
|switch|p1a: Galvantula|Galvantula, F|100/100
|switch|p2a: Ogerpon-Shitspring|Ogerpon, F|100/100
|turn|1
|
|t:|1743834895
|move|p2a: Ogerpon-Shitspring|U-turn|p1a: Galvantula
|-damage|p1a: Galvantula|37/100
|
|t:|1743834897
|switch|p2a: Torrent?|Greninja, M|100/100|[from] U-turn
|move|p1a: Galvantula|Thunder Wave|p2a: Torrent?
|-status|p2a: Torrent?|par
|
|upkeep
|turn|2
|
|t:|1743834901
|move|p2a: Torrent?|Water Shuriken|p1a: Galvantula
|-damage|p1a: Galvantula|23/100
|-damage|p1a: Galvantula|8/100
|-damage|p1a: Galvantula|0 fnt
|faint|p1a: Galvantula
|-ability|p2a: Torrent?|Battle Bond|boost
|-boost|p2a: Torrent?|atk|1
|-boost|p2a: Torrent?|spa|1
|-boost|p2a: Torrent?|spe|1
|-activate|p2a: Torrent?|ability: Battle Bond
|-hitcount|p1: Galvantula|3
|
|upkeep
|
|t:|1743834909
|switch|p1a: Enamorus|Enamorus, F|100/100
|turn|3
|
|t:|1743834915
|move|p2a: Torrent?|Water Shuriken|p1a: Enamorus
|-damage|p1a: Enamorus|83/100
|-damage|p1a: Enamorus|66/100
|-hitcount|p1a: Enamorus|2
|move|p1a: Enamorus|Calm Mind|p1a: Enamorus
|-boost|p1a: Enamorus|spa|1
|-boost|p1a: Enamorus|spd|1
|
|upkeep
|turn|4
|
|t:|1743834921
|move|p2a: Torrent?|Water Shuriken|p1a: Enamorus
|-damage|p1a: Enamorus|55/100
|-damage|p1a: Enamorus|44/100
|-damage|p1a: Enamorus|33/100
|-damage|p1a: Enamorus|20/100
|-hitcount|p1a: Enamorus|4
|move|p1a: Enamorus|Draining Kiss|p2a: Torrent?
|-supereffective|p2a: Torrent?
|-damage|p2a: Torrent?|0 fnt
|-heal|p1a: Enamorus|94/100|[from] drain|[of] p2a: Torrent?
|faint|p2a: Torrent?
|
|upkeep
|
|t:|1743834930
|switch|p2a: Chandy|Chandelure, M|100/100
|turn|5
|
|t:|1743834935
|move|p1a: Enamorus|Earth Power|p2a: Chandy
|-supereffective|p2a: Chandy
|-damage|p2a: Chandy|0 fnt
|faint|p2a: Chandy
|
|upkeep
|
|t:|1743834941
|switch|p2a: Cancerous-Therian|Landorus-Therian, M|100/100
|-ability|p2a: Cancerous-Therian|Intimidate|boost
|-unboost|p1a: Enamorus|atk|1
|turn|6
|
|t:|1743834946
|move|p1a: Enamorus|Draining Kiss|p2a: Cancerous-Therian
|-damage|p2a: Cancerous-Therian|42/100
|-heal|p1a: Enamorus|100/100|[from] drain|[of] p2a: Cancerous-Therian
|move|p2a: Cancerous-Therian|Stone Edge|p1a: Enamorus
|-supereffective|p1a: Enamorus
|-damage|p1a: Enamorus|0 fnt
|faint|p1a: Enamorus
|
|upkeep
|
|t:|1743834950
|switch|p1a: Basculegion|Basculegion-F, F|100/100
|turn|7
|
|t:|1743834958
|move|p1a: Basculegion|Ice Beam|p2a: Cancerous-Therian
|-supereffective|p2a: Cancerous-Therian
|-damage|p2a: Cancerous-Therian|0 fnt
|faint|p2a: Cancerous-Therian
|
|upkeep
|
|t:|1743834967
|switch|p2a: Mandibuzz|Mandibuzz, F|100/100
|turn|8
|
|t:|1743834972
|move|p1a: Basculegion|Ice Beam|p2a: Mandibuzz
|-supereffective|p2a: Mandibuzz
|-damage|p2a: Mandibuzz|51/100
|move|p2a: Mandibuzz|Foul Play|p1a: Basculegion
|-supereffective|p1a: Basculegion
|-damage|p1a: Basculegion|24/100
|
|upkeep
|turn|9
|
|t:|1743834978
|move|p1a: Basculegion|Ice Beam|p2a: Mandibuzz
|-supereffective|p2a: Mandibuzz
|-damage|p2a: Mandibuzz|0 fnt
|faint|p2a: Mandibuzz
|
|upkeep
|
|t:|1743834981
|switch|p2a: Ogerpon-Shitspring|Ogerpon, F|100/100
|turn|10
|
|t:|1743834985
|-terastallize|p2a: Ogerpon-Shitspring|Grass
|detailschange|p2a: Ogerpon-Shitspring|Ogerpon-Teal-Tera, F, tera:Grass
|-ability|p2a: Ogerpon-Shitspring|Embody Aspect (Teal)|boost
|-boost|p2a: Ogerpon-Shitspring|spe|1
|move|p2a: Ogerpon-Shitspring|Ivy Cudgel|p1a: Basculegion
|-supereffective|p1a: Basculegion
|-damage|p1a: Basculegion|0 fnt
|faint|p1a: Basculegion
|
|upkeep
|
|t:|1743834997
|switch|p1a: Leafeon|Leafeon, M, shiny|100/100
|turn|11
|
|t:|1743835000
|-terastallize|p1a: Leafeon|Fire
|move|p2a: Ogerpon-Shitspring|Ivy Cudgel|p1a: Leafeon
|-resisted|p1a: Leafeon
|-crit|p1a: Leafeon
|-damage|p1a: Leafeon|28/100
|move|p1a: Leafeon|Tera Blast|p2a: Ogerpon-Shitspring|[anim] Tera Blast Fire
|-supereffective|p2a: Ogerpon-Shitspring
|-crit|p2a: Ogerpon-Shitspring
|-damage|p2a: Ogerpon-Shitspring|0 fnt
|faint|p2a: Ogerpon-Shitspring
|
|upkeep
|
|t:|1743835007
|switch|p2a: Moltres|Moltres-Galar|100/100
|turn|12
|
|t:|1743835013
|move|p1a: Leafeon|Tera Blast|p2a: Moltres|[anim] Tera Blast Fire
|-damage|p2a: Moltres|57/100
|move|p2a: Moltres|Brave Bird|p1a: Leafeon
|-damage|p1a: Leafeon|0 fnt
|faint|p1a: Leafeon
|-damage|p2a: Moltres|50/100|[from] Recoil
|
|upkeep
|
|t:|1743835016
|switch|p1a: Walking Wake|Walking Wake|100/100
|turn|13
|-message|ShittyHole69 forfeited.
|
|win|MayaDimple
|raw|MayaDimple's rating: 1141 &rarr; <strong>1171</strong><br />(+30 for winning)
|raw|ShittyHole69's rating: 1209 &rarr; <strong>1179</strong><br />(-30 for losing)
|l|☆ShittyHole69
|player|p2|
|l|☆MayaDimple
|player|p1|
