|j|☆brodiewhaat.
|j|☆Mossful
|t:|1743803574
|gametype|singles
|player|p1|brodiewhaat.|bugcatcher-gen4dp|1460
|player|p2|Mossful|juniper|1401
|teamsize|p1|6
|teamsize|p2|6
|gen|9
|tier|[Gen 9] OU
|rated|
|rule|HP Percentage Mod: HP is shown in percentages
|rule|Endless Battle Clause: Forcing endless battles is banned
|rule|Species Clause: Limit one of each Pokémon
|rule|OHKO Clause: OHKO moves are banned
|rule|Evasion Items Clause: Evasion items are banned
|rule|Evasion Moves Clause: Evasion moves are banned
|rule|Sleep Moves Clause: Sleep-inducing moves are banned
|clearpoke
|poke|p1|Ogerpon-Wellspring, F|
|poke|p1|Glimmora, F|
|poke|p1|Dragapult, M|
|poke|p1|Darkrai|
|poke|p1|Great Tusk|
|poke|p1|Slowking-Galar, M|
|poke|p2|Araquanid, F|
|poke|p2|Weavile, M|
|poke|p2|Gholdengo|
|poke|p2|Great Tusk|
|poke|p2|Ogerpon-Wellspring, F|
|poke|p2|Entei|
|teampreview
|inactive|Battle timer is ON: inactive players will automatically lose when time's up. (requested by brodiewhaat.)
|
|t:|1743803584
|start
|switch|p1a: pult|Dragapult, M|100/100
|switch|p2a: Araquanid|Araquanid, F, shiny|100/100
|turn|1
|
|t:|1743803588
|move|p1a: pult|Dragon Darts|p2a: Araquanid
|-damage|p2a: Araquanid|61/100
|-anim|p1a: pult|Dragon Darts|p2a: Araquanid
|-damage|p2a: Araquanid|26/100
|move|p2a: Araquanid|Sticky Web|p1a: pult
|-sidestart|p1: brodiewhaat.|move: Sticky Web
|
|upkeep
|turn|2
|
|t:|1743803594
|move|p1a: pult|Dragon Darts|p2a: Araquanid
|-damage|p2a: Araquanid|0 fnt
|faint|p2a: Araquanid
|
|upkeep
|
|t:|1743803602
|switch|p2a: Entei|Entei|100/100
|-ability|p2a: Entei|Pressure
|turn|3
|
|t:|1743803607
|move|p1a: pult|Dragon Darts|p2a: Entei
|-damage|p2a: Entei|62/100
|-anim|p1a: pult|Dragon Darts|p2a: Entei
|-damage|p2a: Entei|26/100
|move|p2a: Entei|Swagger|p1a: pult
|-boost|p1a: pult|atk|2
|-start|p1a: pult|confusion
|-enditem|p2a: Entei|Mirror Herb
|-boost|p2a: Entei|atk|2|[from] item: Mirror Herb
|
|upkeep
|turn|4
|inactive|brodiewhaat. has 120 seconds left.
|l|☆Mossful
|inactive|Mossful disconnected and has a minute to reconnect!
|player|p2|
|j|☆Mossful
|inactive|Mossful reconnected.
|player|p2|Mossful|juniper|
|inactive|brodiewhaat. has 90 seconds left.
|l|☆Mossful
|inactive|Mossful disconnected and has a minute to reconnect!
|player|p2|
|j|☆Mossful
|inactive|Mossful reconnected.
|player|p2|Mossful|juniper|
|
|t:|1743803693
|-activate|p1a: pult|confusion
|move|p1a: pult|Dragon Darts|p2a: Entei
|-damage|p2a: Entei|0 fnt
|faint|p2a: Entei
|
|upkeep
|
|t:|1743803698
|switch|p2a: Gholdengo|Gholdengo|100/100
|-item|p2a: Gholdengo|Air Balloon
|turn|5
|
|t:|1743803708
|-activate|p1a: pult|confusion
|-damage|p1a: pult|64/100|[from] confusion
|move|p2a: Gholdengo|Shadow Ball|p1a: pult
|-supereffective|p1a: pult
|-damage|p1a: pult|0 fnt
|faint|p1a: pult
|
|upkeep
|
|t:|1743803714
|switch|p1a: rai|Darkrai|100/100
|-activate|p1a: rai|move: Sticky Web
|-unboost|p1a: rai|spe|1
|turn|6
|
|t:|1743803723
|move|p1a: rai|Dark Pulse|p2a: Gholdengo
|-supereffective|p2a: Gholdengo
|-damage|p2a: Gholdengo|0 fnt
|-enditem|p2a: Gholdengo|Air Balloon
|faint|p2a: Gholdengo
|-damage|p1a: rai|91/100|[from] item: Life Orb
|
|upkeep
|
|t:|1743803726
|switch|p2a: Weavile|Weavile, M|100/100
|turn|7
|inactive|brodiewhaat. has 90 seconds left.
|
|t:|1743803734
|move|p2a: Weavile|Triple Axel|p1a: rai
|-damage|p1a: rai|76/100
|-damage|p1a: rai|49/100
|-damage|p1a: rai|6/100
|-hitcount|p1a: rai|3
|move|p1a: rai|Focus Blast|p2a: Weavile
|-supereffective|p2a: Weavile
|-damage|p2a: Weavile|0 fnt
|faint|p2a: Weavile
|-damage|p1a: rai|0 fnt|[from] item: Life Orb
|faint|p1a: rai
|
|upkeep
|inactive|brodiewhaat. has 90 seconds left.
|
|t:|1743803746
|switch|p1a: tusk|Great Tusk|100/100
|switch|p2a: Ogerpon|Ogerpon-Wellspring, F|100/100
|-activate|p1a: tusk|move: Sticky Web
|-unboost|p1a: tusk|spe|1
|turn|8
|
|t:|1743803752
|move|p2a: Ogerpon|Ivy Cudgel|p1a: tusk|[anim] Ivy Cudgel Water
|-supereffective|p1a: tusk
|-crit|p1a: tusk
|-damage|p1a: tusk|22/100
|move|p1a: tusk|Rapid Spin|p2a: Ogerpon
|-damage|p2a: Ogerpon|80/100
|-boost|p1a: tusk|spe|1
|-sideend|p1: brodiewhaat.|Sticky Web|[from] move: Rapid Spin|[of] p1a: tusk
|
|-heal|p1a: tusk|28/100|[from] item: Leftovers
|upkeep
|turn|9
|
|t:|1743803756
|move|p2a: Ogerpon|Horn Leech|p1a: tusk
|-supereffective|p1a: tusk
|-damage|p1a: tusk|0 fnt
|-heal|p2a: Ogerpon|99/100|[from] drain|[of] p1a: tusk
|faint|p1a: tusk
|-end|p1a: tusk|Protosynthesis|[silent]
|
|upkeep
|
|t:|1743803773
|switch|p1a: woger|Ogerpon-Wellspring, F|100/100
|turn|10
|
|t:|1743803779
|switch|p2a: Great Tusk|Great Tusk, shiny|100/100
|move|p1a: woger|Trailblaze|p2a: Great Tusk
|-supereffective|p2a: Great Tusk
|-damage|p2a: Great Tusk|55/100
|-boost|p1a: woger|spe|1
|-damage|p1a: woger|84/100|[from] item: Rocky Helmet|[of] p2a: Great Tusk
|
|upkeep
|turn|11
|
|t:|1743803789
|move|p1a: woger|Ivy Cudgel|p2a: Great Tusk|[anim] Ivy Cudgel Water
|-supereffective|p2a: Great Tusk
|-damage|p2a: Great Tusk|0 fnt
|faint|p2a: Great Tusk
|-end|p2a: Great Tusk|Protosynthesis|[silent]
|
|upkeep
|
|t:|1743803791
|switch|p2a: Ogerpon|Ogerpon-Wellspring, F|99/100
|turn|12
|
|t:|1743803795
|move|p1a: woger|Power Whip|p2a: Ogerpon
|-damage|p2a: Ogerpon|6/100
|move|p2a: Ogerpon|Horn Leech|p1a: woger
|-damage|p1a: woger|26/100
|-heal|p2a: Ogerpon|35/100|[from] drain|[of] p1a: woger
|
|upkeep
|turn|13
|-message|Mossful forfeited.
|
|win|brodiewhaat.
|raw|brodiewhaat.'s rating: 1460 &rarr; <strong>1477</strong><br />(+17 for winning)
|raw|Mossful's rating: 1401 &rarr; <strong>1384</strong><br />(-17 for losing)
|l|☆Mossful
|player|p2|
|l|☆brodiewhaat.
|player|p1|
