|j|☆cokmm
|j|☆Thaichuoi
|t:|1743792893
|gametype|singles
|player|p1|cokmm|265|1052
|player|p2|Thaichuoi|1|1072
|teamsize|p1|6
|teamsize|p2|6
|gen|9
|tier|[Gen 9] OU
|rated|
|rule|HP Percentage Mod: HP is shown in percentages
|rule|Endless Battle Clause: Forcing endless battles is banned
|rule|Species Clause: Limit one of each Pokémon
|rule|OHKO Clause: OHKO moves are banned
|rule|Evasion Items Clause: Evasion items are banned
|rule|Evasion Moves Clause: Evasion moves are banned
|rule|Sleep Moves Clause: Sleep-inducing moves are banned
|clearpoke
|poke|p1|Torkoal, F|
|poke|p1|Scovillain, M|
|poke|p1|Hattrem, F|
|poke|p1|Charizard, M|
|poke|p1|Brute Bonnet|
|poke|p1|Whimsicott, M|
|poke|p2|Dragapult, F|
|poke|p2|Conkeldurr, M|
|poke|p2|Slowking, F|
|poke|p2|Gliscor, F|
|poke|p2|Metagross|
|poke|p2|Vikavolt, M|
|teampreview
|
|t:|1743792906
|start
|switch|p1a: Torkoal|Torkoal, F|100/100
|switch|p2a: Dragapult|Dragapult, F|100/100
|-weather|SunnyDay|[from] ability: Drought|[of] p1a: Torkoal
|turn|1
|
|t:|1743792923
|move|p2a: Dragapult|Draco Meteor|p1a: Torkoal|[miss]
|-miss|p2a: Dragapult|p1a: Torkoal
|move|p1a: Torkoal|Overheat|p2a: Dragapult
|-resisted|p2a: Dragapult
|-damage|p2a: Dragapult|63/100
|-unboost|p1a: Torkoal|spa|2
|
|-weather|SunnyDay|[upkeep]
|upkeep
|turn|2
|
|t:|1743792937
|switch|p1a: Hattrem|Hattrem, F|100/100
|move|p2a: Dragapult|Draco Meteor|p1a: Hattrem
|-damage|p1a: Hattrem|0 fnt
|-unboost|p2a: Dragapult|spa|2
|faint|p1a: Hattrem
|
|-weather|SunnyDay|[upkeep]
|upkeep
|
|t:|1743792957
|switch|p1a: Charizard|Charizard, M|100/100
|turn|3
|
|t:|1743792966
|switch|p2a: Slowking|Slowking, F|100/100
|move|p1a: Charizard|Weather Ball|p2a: Slowking
|-resisted|p2a: Slowking
|-damage|p2a: Slowking|51/100
|
|-weather|SunnyDay|[upkeep]
|-damage|p1a: Charizard|88/100|[from] ability: Solar Power|[of] p1a: Charizard
|-heal|p2a: Slowking|57/100|[from] item: Leftovers
|upkeep
|turn|4
|
|t:|1743792982
|switch|p1a: Whimsicott|Whimsicott, M|100/100
|move|p2a: Slowking|Scald|p1a: Whimsicott
|-resisted|p1a: Whimsicott
|-damage|p1a: Whimsicott|90/100
|
|-weather|SunnyDay|[upkeep]
|-heal|p2a: Slowking|63/100|[from] item: Leftovers
|upkeep
|turn|5
|
|t:|1743792993
|move|p1a: Whimsicott|Solar Beam||[still]
|-prepare|p1a: Whimsicott|Solar Beam
|-anim|p1a: Whimsicott|Solar Beam|p2a: Slowking
|-supereffective|p2a: Slowking
|-damage|p2a: Slowking|0 fnt
|faint|p2a: Slowking
|
|-weather|SunnyDay|[upkeep]
|upkeep
|
|t:|1743793000
|switch|p2a: Metagross|Metagross|100/100
|turn|6
|
|t:|1743793011
|switch|p1a: Torkoal|Torkoal, F|100/100
|move|p2a: Metagross|Meteor Mash|p1a: Torkoal
|-resisted|p1a: Torkoal
|-damage|p1a: Torkoal|86/100
|
|-weather|SunnyDay|[upkeep]
|upkeep
|turn|7
|
|t:|1743793022
|-terastallize|p2a: Metagross|Normal
|move|p2a: Metagross|Tera Blast|p1a: Torkoal|[anim] Tera Blast Normal
|-damage|p1a: Torkoal|60/100
|move|p1a: Torkoal|Overheat|p2a: Metagross
|-crit|p2a: Metagross
|-damage|p2a: Metagross|0 fnt
|-unboost|p1a: Torkoal|spa|2
|faint|p2a: Metagross
|
|-weather|SunnyDay|[upkeep]
|upkeep
|
|t:|1743793032
|switch|p2a: Dragapult|Dragapult, F|63/100
|turn|8
|
|t:|1743793039
|switch|p1a: Whimsicott|Whimsicott, M|90/100
|move|p2a: Dragapult|Draco Meteor|p1a: Whimsicott
|-immune|p1a: Whimsicott
|
|-weather|none
|upkeep
|turn|9
|-message|Thaichuoi forfeited.
|
|win|cokmm
|raw|cokmm's rating: 1052 &rarr; <strong>1086</strong><br />(+34 for winning)
|raw|Thaichuoi's rating: 1072 &rarr; <strong>1050</strong><br />(-22 for losing)
|l|☆Thaichuoi
|player|p2|
|l|☆cokmm
|player|p1|
