|j|☆gabb_brn
|j|☆the flavius
|t:|1743854835
|gametype|singles
|player|p1|gabb_brn|bruno|1230
|player|p2|the flavius|aaron|1238
|teamsize|p1|6
|teamsize|p2|6
|gen|9
|tier|[Gen 9] OU
|rated|
|rule|HP Percentage Mod: HP is shown in percentages
|rule|Endless Battle Clause: Forcing endless battles is banned
|rule|Species Clause: Limit one of each Pokémon
|rule|OHKO Clause: OHKO moves are banned
|rule|Evasion Items Clause: Evasion items are banned
|rule|Evasion Moves Clause: Evasion moves are banned
|rule|Sleep Moves Clause: Sleep-inducing moves are banned
|clearpoke
|poke|p1|Skeledirge, F|
|poke|p1|Manaphy|
|poke|p1|Gholdengo|
|poke|p1|Landorus-Therian, M|
|poke|p1|Amoonguss, M|
|poke|p1|Great Tusk|
|poke|p2|Torkoal, F|
|poke|p2|Flygon, M|
|poke|p2|Salazzle, F|
|poke|p2|Milotic, M|
|poke|p2|Lilligant, F|
|poke|p2|Mismagius, M|
|teampreview
|inactive|Battle timer is ON: inactive players will automatically lose when time's up. (requested by the flavius)
|
|t:|1743854852
|start
|switch|p1a: Landorus|Landorus-Therian, M|100/100
|switch|p2a: Wiccano|Mismagius, M|100/100
|-ability|p1a: Landorus|Intimidate|boost
|-unboost|p2a: Wiccano|atk|1
|turn|1
|
|t:|1743854869
|move|p2a: Wiccano|Will-O-Wisp|p1a: Landorus
|-status|p1a: Landorus|brn
|move|p1a: Landorus|Stealth Rock|p2a: Wiccano
|-sidestart|p2: the flavius|move: Stealth Rock
|
|-damage|p1a: Landorus|94/100 brn|[from] brn
|upkeep
|turn|2
|
|t:|1743854883
|switch|p2a: Rain|Milotic, M|100/100
|-damage|p2a: Rain|88/100|[from] Stealth Rock
|move|p1a: Landorus|Taunt|p2a: Rain
|-start|p2a: Rain|move: Taunt
|
|-heal|p2a: Rain|94/100|[from] item: Leftovers
|-damage|p1a: Landorus|88/100 brn|[from] brn
|upkeep
|turn|3
|
|t:|1743854896
|move|p1a: Landorus|U-turn|p2a: Rain
|-damage|p2a: Rain|84/100
|
|t:|1743854900
|switch|p1a: trippy troppy|Manaphy, shiny|100/100|[from] U-turn
|move|p2a: Rain|Scald|p1a: trippy troppy
|-resisted|p1a: trippy troppy
|-damage|p1a: trippy troppy|92/100
|
|-heal|p1a: trippy troppy|99/100|[from] item: Leftovers
|-heal|p2a: Rain|90/100|[from] item: Leftovers
|upkeep
|turn|4
|
|t:|1743854909
|move|p1a: trippy troppy|Take Heart|p1a: trippy troppy
|-boost|p1a: trippy troppy|spa|1
|-boost|p1a: trippy troppy|spd|1
|move|p2a: Rain|Wrap|p1a: trippy troppy|[miss]
|-miss|p2a: Rain|p1a: trippy troppy
|
|-heal|p1a: trippy troppy|100/100|[from] item: Leftovers
|-heal|p2a: Rain|96/100|[from] item: Leftovers
|-end|p2a: Rain|move: Taunt
|upkeep
|turn|5
|
|t:|1743854927
|move|p1a: trippy troppy|Acid Armor|p1a: trippy troppy
|-boost|p1a: trippy troppy|def|2
|move|p2a: Rain|Haze|p2a: Rain
|-clearallboost
|
|-heal|p2a: Rain|100/100|[from] item: Leftovers
|upkeep
|turn|6
|
|t:|1743854943
|move|p1a: trippy troppy|Acid Armor|p1a: trippy troppy
|-boost|p1a: trippy troppy|def|2
|move|p2a: Rain|Wrap|p1a: trippy troppy
|-crit|p1a: trippy troppy
|-damage|p1a: trippy troppy|98/100
|-activate|p1a: trippy troppy|move: Wrap|[of] p2a: Rain
|
|-heal|p1a: trippy troppy|100/100|[from] item: Leftovers
|-damage|p1a: trippy troppy|88/100|[from] move: Wrap|[partiallytrapped]
|upkeep
|turn|7
|
|t:|1743854952
|move|p1a: trippy troppy|Scald|p2a: Rain
|-resisted|p2a: Rain
|-damage|p2a: Rain|92/100
|move|p2a: Rain|Haze|p2a: Rain
|-clearallboost
|
|-heal|p1a: trippy troppy|94/100|[from] item: Leftovers
|-heal|p2a: Rain|98/100|[from] item: Leftovers
|-damage|p1a: trippy troppy|82/100|[from] move: Wrap|[partiallytrapped]
|upkeep
|turn|8
|
|t:|1743854967
|move|p1a: trippy troppy|Acid Armor|p1a: trippy troppy
|-boost|p1a: trippy troppy|def|2
|move|p2a: Rain|Scald|p1a: trippy troppy
|-resisted|p1a: trippy troppy
|-damage|p1a: trippy troppy|73/100
|-status|p1a: trippy troppy|brn
|
|-heal|p1a: trippy troppy|79/100 brn|[from] item: Leftovers
|-heal|p2a: Rain|100/100|[from] item: Leftovers
|-damage|p1a: trippy troppy|73/100 brn|[from] brn
|-damage|p1a: trippy troppy|61/100 brn|[from] move: Wrap|[partiallytrapped]
|upkeep
|turn|9
|
|t:|1743854979
|move|p1a: trippy troppy|Take Heart|p1a: trippy troppy
|-boost|p1a: trippy troppy|spa|1
|-boost|p1a: trippy troppy|spd|1
|-curestatus|p1a: trippy troppy|brn|[msg]
|move|p2a: Rain|Haze|p2a: Rain
|-clearallboost
|
|-heal|p1a: trippy troppy|67/100|[from] item: Leftovers
|-damage|p1a: trippy troppy|54/100|[from] move: Wrap|[partiallytrapped]
|upkeep
|turn|10
|
|t:|1743854990
|move|p1a: trippy troppy|Acid Armor|p1a: trippy troppy
|-boost|p1a: trippy troppy|def|2
|move|p2a: Rain|Scald|p1a: trippy troppy
|-resisted|p1a: trippy troppy
|-damage|p1a: trippy troppy|46/100
|
|-heal|p1a: trippy troppy|52/100|[from] item: Leftovers
|-end|p1a: trippy troppy|Wrap|[partiallytrapped]
|upkeep
|turn|11
|
|t:|1743855002
|switch|p1a: Amoonguss|Amoonguss, M, shiny|100/100
|move|p2a: Rain|Wrap|p1a: Amoonguss
|-damage|p1a: Amoonguss|99/100
|-activate|p1a: Amoonguss|move: Wrap|[of] p2a: Rain
|
|-heal|p1a: Amoonguss|100/100|[from] item: Black Sludge
|-damage|p1a: Amoonguss|88/100|[from] move: Wrap|[partiallytrapped]
|upkeep
|turn|12
|
|t:|1743855010
|switch|p2a: Light Shower|Torkoal, F|100/100
|-weather|SunnyDay|[from] ability: Drought|[of] p2a: Light Shower
|move|p1a: Amoonguss|Giga Drain|p2a: Light Shower
|-resisted|p2a: Light Shower
|-damage|p2a: Light Shower|86/100
|-heal|p1a: Amoonguss|94/100|[from] drain|[of] p2a: Light Shower
|
|-weather|SunnyDay|[upkeep]
|-heal|p1a: Amoonguss|99/100|[from] item: Black Sludge
|-end|p1a: Amoonguss|Wrap|[partiallytrapped]|[silent]
|upkeep
|turn|13
|
|t:|1743855029
|switch|p1a: Great Tusk|Great Tusk|100/100
|-activate|p1a: Great Tusk|ability: Protosynthesis
|-start|p1a: Great Tusk|protosynthesisdef
|move|p2a: Light Shower|Stealth Rock|p1a: Great Tusk
|-sidestart|p1: gabb_brn|move: Stealth Rock
|
|-weather|SunnyDay|[upkeep]
|upkeep
|turn|14
|
|t:|1743855039
|switch|p2a: Wiccano|Mismagius, M|100/100
|-damage|p2a: Wiccano|88/100|[from] Stealth Rock
|move|p1a: Great Tusk|Rapid Spin|p2a: Wiccano
|-immune|p2a: Wiccano
|
|-weather|SunnyDay|[upkeep]
|upkeep
|turn|15
|
|t:|1743855054
|move|p2a: Wiccano|Trick|p1a: Great Tusk
|-activate|p2a: Wiccano|move: Trick|[of] p1a: Great Tusk
|-item|p1a: Great Tusk|Choice Scarf|[from] move: Trick
|-item|p2a: Wiccano|Leftovers|[from] move: Trick
|move|p1a: Great Tusk|Knock Off|p2a: Wiccano
|-supereffective|p2a: Wiccano
|-damage|p2a: Wiccano|0 fnt
|-enditem|p2a: Wiccano|Leftovers|[from] move: Knock Off|[of] p1a: Great Tusk
|faint|p2a: Wiccano
|
|-weather|SunnyDay|[upkeep]
|upkeep
|
|t:|1743855062
|switch|p2a: Nymphologi|Lilligant, F|100/100
|-damage|p2a: Nymphologi|88/100|[from] Stealth Rock
|turn|16
|
|t:|1743855066
|move|p2a: Nymphologi|Solar Beam||[still]
|-prepare|p2a: Nymphologi|Solar Beam
|-anim|p2a: Nymphologi|Solar Beam|p1a: Great Tusk
|-supereffective|p1a: Great Tusk
|-damage|p1a: Great Tusk|0 fnt
|faint|p1a: Great Tusk
|-end|p1a: Great Tusk|Protosynthesis|[silent]
|
|-weather|none
|upkeep
|
|t:|1743855074
|switch|p1a: Amoonguss|Amoonguss, M, shiny|100/100
|-damage|p1a: Amoonguss|88/100|[from] Stealth Rock
|turn|17
|
|t:|1743855081
|switch|p2a: Light Shower|Torkoal, F|86/100
|-weather|SunnyDay|[from] ability: Drought|[of] p2a: Light Shower
|move|p1a: Amoonguss|Sludge Bomb|p2a: Light Shower
|-damage|p2a: Light Shower|48/100
|
|-weather|SunnyDay|[upkeep]
|-heal|p1a: Amoonguss|94/100|[from] item: Black Sludge
|upkeep
|turn|18
|
|t:|1743855096
|move|p1a: Amoonguss|Sludge Bomb|p2a: Light Shower
|-damage|p2a: Light Shower|14/100
|move|p2a: Light Shower|Rapid Spin|p1a: Amoonguss
|-damage|p1a: Amoonguss|87/100
|-boost|p2a: Light Shower|spe|1
|-sideend|p2: the flavius|Stealth Rock|[from] move: Rapid Spin|[of] p2a: Light Shower
|
|-weather|SunnyDay|[upkeep]
|-heal|p1a: Amoonguss|93/100|[from] item: Black Sludge
|upkeep
|turn|19
|
|t:|1743855109
|switch|p2a: Moon Cycle|Salazzle, F|100/100
|move|p1a: Amoonguss|Sludge Bomb|p2a: Moon Cycle
|-resisted|p2a: Moon Cycle
|-damage|p2a: Moon Cycle|75/100
|
|-weather|SunnyDay|[upkeep]
|-heal|p1a: Amoonguss|99/100|[from] item: Black Sludge
|upkeep
|turn|20
|
|t:|1743855119
|move|p2a: Moon Cycle|Flamethrower|p1a: Amoonguss
|-supereffective|p1a: Amoonguss
|-damage|p1a: Amoonguss|0 fnt
|faint|p1a: Amoonguss
|
|-weather|SunnyDay|[upkeep]
|upkeep
|
|t:|1743855125
|switch|p1a: bombardirocrocodlo|Skeledirge, F, shiny|100/100
|turn|21
|
|t:|1743855133
|move|p2a: Moon Cycle|Toxic|p1a: bombardirocrocodlo
|-status|p1a: bombardirocrocodlo|tox
|move|p1a: bombardirocrocodlo|Torch Song|p2a: Moon Cycle
|-resisted|p2a: Moon Cycle
|-damage|p2a: Moon Cycle|33/100
|-boost|p1a: bombardirocrocodlo|spa|1
|
|-weather|none
|-damage|p1a: bombardirocrocodlo|94/100 tox|[from] psn
|upkeep
|turn|22
|
|t:|1743855158
|switch|p2a: Rain|Milotic, M|100/100
|move|p1a: bombardirocrocodlo|Torch Song|p2a: Rain
|-resisted|p2a: Rain
|-damage|p2a: Rain|87/100
|-boost|p1a: bombardirocrocodlo|spa|1
|
|-heal|p2a: Rain|93/100|[from] item: Leftovers
|-damage|p1a: bombardirocrocodlo|82/100 tox|[from] psn
|upkeep
|turn|23
|
|t:|1743855171
|-terastallize|p1a: bombardirocrocodlo|Fairy
|move|p2a: Rain|Haze|p2a: Rain
|-clearallboost
|move|p1a: bombardirocrocodlo|Will-O-Wisp|p2a: Rain
|-status|p2a: Rain|brn
|
|-heal|p2a: Rain|99/100 brn|[from] item: Leftovers
|-damage|p1a: bombardirocrocodlo|64/100 tox|[from] psn
|-damage|p2a: Rain|93/100 brn|[from] brn
|upkeep
|turn|24
|
|t:|1743855182
|move|p2a: Rain|Wrap|p1a: bombardirocrocodlo|[miss]
|-miss|p2a: Rain|p1a: bombardirocrocodlo
|move|p1a: bombardirocrocodlo|Slack Off|p1a: bombardirocrocodlo
|-heal|p1a: bombardirocrocodlo|100/100 tox
|
|-heal|p2a: Rain|99/100 brn|[from] item: Leftovers
|-damage|p1a: bombardirocrocodlo|76/100 tox|[from] psn
|-damage|p2a: Rain|93/100 brn|[from] brn
|upkeep
|turn|25
|
|t:|1743855191
|move|p2a: Rain|Wrap|p1a: bombardirocrocodlo|[miss]
|-miss|p2a: Rain|p1a: bombardirocrocodlo
|move|p1a: bombardirocrocodlo|Hex|p2a: Rain
|-damage|p2a: Rain|66/100 brn
|
|-heal|p2a: Rain|72/100 brn|[from] item: Leftovers
|-damage|p1a: bombardirocrocodlo|46/100 tox|[from] psn
|-damage|p2a: Rain|66/100 brn|[from] brn
|upkeep
|turn|26
|
|t:|1743855201
|switch|p1a: Gholdengo|Gholdengo|100/100
|-damage|p1a: Gholdengo|94/100|[from] Stealth Rock
|move|p2a: Rain|Wrap|p1a: Gholdengo
|-immune|p1a: Gholdengo
|
|-heal|p2a: Rain|72/100 brn|[from] item: Leftovers
|-damage|p2a: Rain|66/100 brn|[from] brn
|upkeep
|turn|27
|
|t:|1743855216
|switch|p2a: Light Shower|Torkoal, F|14/100
|-weather|SunnyDay|[from] ability: Drought|[of] p2a: Light Shower
|move|p1a: Gholdengo|Trick|p2a: Light Shower
|-activate|p1a: Gholdengo|move: Trick|[of] p2a: Light Shower
|-item|p2a: Light Shower|Choice Scarf|[from] move: Trick
|-item|p1a: Gholdengo|Heavy-Duty Boots|[from] move: Trick
|
|-weather|SunnyDay|[upkeep]
|upkeep
|turn|28
|
|t:|1743855235
|switch|p1a: Landorus|Landorus-Therian, M|88/100 brn
|-damage|p1a: Landorus|76/100 brn|[from] Stealth Rock
|-ability|p1a: Landorus|Intimidate|boost
|-unboost|p2a: Light Shower|atk|1
|move|p2a: Light Shower|Lava Plume|p1a: Landorus
|-damage|p1a: Landorus|39/100 brn
|
|-weather|SunnyDay|[upkeep]
|-damage|p1a: Landorus|33/100 brn|[from] brn
|upkeep
|turn|29
|
|t:|1743855248
|move|p1a: Landorus|Stealth Rock|p2a: Light Shower
|-sidestart|p2: the flavius|move: Stealth Rock
|move|p2a: Light Shower|Lava Plume|p1a: Landorus
|-damage|p1a: Landorus|0 fnt
|faint|p1a: Landorus
|
|-weather|SunnyDay|[upkeep]
|upkeep
|
|t:|1743855254
|switch|p1a: bombardirocrocodlo|Skeledirge, F, shiny, tera:Fairy|46/100 tox
|turn|30
|
|t:|1743855260
|move|p1a: bombardirocrocodlo|Slack Off|p1a: bombardirocrocodlo
|-heal|p1a: bombardirocrocodlo|96/100 tox
|move|p2a: Light Shower|Lava Plume|p1a: bombardirocrocodlo
|-damage|p1a: bombardirocrocodlo|58/100 tox
|
|-weather|SunnyDay|[upkeep]
|-damage|p1a: bombardirocrocodlo|52/100 tox|[from] psn
|upkeep
|turn|31
|
|t:|1743855268
|move|p1a: bombardirocrocodlo|Torch Song|p2a: Light Shower
|-resisted|p2a: Light Shower
|-damage|p2a: Light Shower|0 fnt
|-boost|p1a: bombardirocrocodlo|spa|1
|faint|p2a: Light Shower
|
|-weather|none
|-damage|p1a: bombardirocrocodlo|40/100 tox|[from] psn
|upkeep
|
|t:|1743855273
|switch|p2a: Moon Cycle|Salazzle, F|33/100
|-damage|p2a: Moon Cycle|8/100|[from] Stealth Rock
|turn|32
|l|☆gabb_brn
|inactive|gabb_brn disconnected and has a minute to reconnect!
|player|p1|
|j|☆gabb_brn
|inactive|gabb_brn reconnected and has 125 seconds left.
|player|p1|gabb_brn|bruno|
|inactive|gabb_brn has 120 seconds left.
|
|t:|1743855307
|switch|p1a: Gholdengo|Gholdengo|94/100
|move|p2a: Moon Cycle|Sludge Wave|p1a: Gholdengo
|-immune|p1a: Gholdengo
|
|upkeep
|turn|33
|inactive|gabb_brn has 120 seconds left.
|
|t:|1743855325
|move|p2a: Moon Cycle|Flamethrower|p1a: Gholdengo
|-supereffective|p1a: Gholdengo
|-damage|p1a: Gholdengo|0 fnt
|faint|p1a: Gholdengo
|
|upkeep
|
|t:|1743855330
|switch|p1a: trippy troppy|Manaphy, shiny|52/100
|-damage|p1a: trippy troppy|40/100|[from] Stealth Rock
|turn|34
|inactive|gabb_brn has 120 seconds left.
|
|t:|1743855335
|move|p2a: Moon Cycle|Sludge Wave|p1a: trippy troppy
|-damage|p1a: trippy troppy|12/100
|move|p1a: trippy troppy|Scald|p2a: Moon Cycle
|-supereffective|p2a: Moon Cycle
|-damage|p2a: Moon Cycle|0 fnt
|faint|p2a: Moon Cycle
|
|-heal|p1a: trippy troppy|18/100|[from] item: Leftovers
|upkeep
|
|t:|1743855340
|switch|p2a: Nymphologi|Lilligant, F|88/100
|-damage|p2a: Nymphologi|76/100|[from] Stealth Rock
|turn|35
|
|t:|1743855353
|move|p2a: Nymphologi|Energy Ball|p1a: trippy troppy
|-supereffective|p1a: trippy troppy
|-damage|p1a: trippy troppy|0 fnt
|faint|p1a: trippy troppy
|
|upkeep
|
|t:|1743855358
|switch|p1a: bombardirocrocodlo|Skeledirge, F, shiny, tera:Fairy|40/100 tox
|turn|36
|
|t:|1743855363
|move|p2a: Nymphologi|Energy Ball|p1a: bombardirocrocodlo
|-damage|p1a: bombardirocrocodlo|0 fnt
|faint|p1a: bombardirocrocodlo
|
|win|the flavius
|raw|gabb_brn's rating: 1230 &rarr; <strong>1206</strong><br />(-24 for losing)
|raw|the flavius's rating: 1238 &rarr; <strong>1262</strong><br />(+24 for winning)
|l|☆the flavius
|player|p2|
|l|☆gabb_brn
|player|p1|
