|j|☆jielzzz
|j|☆RSDPM
|t:|1743934224
|gametype|singles
|player|p1|jielzzz|worker|1307
|player|p2|RSDPM|riley|1366
|teamsize|p1|6
|teamsize|p2|6
|gen|9
|tier|[Gen 9] OU
|rated|
|rule|HP Percentage Mod: HP is shown in percentages
|rule|Endless Battle Clause: Forcing endless battles is banned
|rule|Species Clause: Limit one of each Pokémon
|rule|OHKO Clause: OHKO moves are banned
|rule|Evasion Items Clause: Evasion items are banned
|rule|Evasion Moves Clause: Evasion moves are banned
|rule|Sleep Moves Clause: Sleep-inducing moves are banned
|clearpoke
|poke|p1|Cinderace, F|
|poke|p1|Iron Boulder|
|poke|p1|Corviknight, M|
|poke|p1|Clodsire, F|
|poke|p1|Darkrai|
|poke|p1|Raging Bolt|
|poke|p2|Meowscarada, M|
|poke|p2|Skeledirge, M|
|poke|p2|Quaquaval, M|
|poke|p2|Pawmot, F|
|poke|p2|Arboliva, F|
|poke|p2|Tinkaton, F|
|teampreview
|
|t:|1743934231
|start
|switch|p1a: Darkrai|Darkrai|100/100
|switch|p2a: Meowscarada|Meowscarada, M|100/100
|turn|1
|inactive|Battle timer is ON: inactive players will automatically lose when time's up. (requested by jielzzz)
|inactive|RSDPM also wants the timer to be on.
|
|t:|1743934245
|move|p2a: Meowscarada|U-turn|p1a: Darkrai
|-start|p2a: Meowscarada|typechange|Bug|[from] ability: Protean
|-supereffective|p1a: Darkrai
|-damage|p1a: Darkrai|15/100
|
|t:|1743934251
|switch|p2a: Tinkaton|Tinkaton, F|100/100|[from] U-turn
|-ability|p2a: Tinkaton|Mold Breaker
|move|p1a: Darkrai|Sludge Bomb|p2a: Tinkaton
|-immune|p2a: Tinkaton
|
|upkeep
|turn|2
|
|t:|1743934273
|switch|p1a: Clodsire|Clodsire, F|100/100
|move|p2a: Tinkaton|Knock Off|p1a: Clodsire
|-damage|p1a: Clodsire|81/100
|-enditem|p1a: Clodsire|Black Sludge|[from] move: Knock Off|[of] p2a: Tinkaton
|
|upkeep
|turn|3
|
|t:|1743934281
|move|p2a: Tinkaton|Gigaton Hammer|p1a: Clodsire
|-damage|p1a: Clodsire|33/100
|move|p1a: Clodsire|Earthquake|p2a: Tinkaton
|-supereffective|p2a: Tinkaton
|-damage|p2a: Tinkaton|61/100
|
|upkeep
|turn|4
|
|t:|1743934291
|move|p2a: Tinkaton|Stealth Rock|p1a: Clodsire
|-sidestart|p1: jielzzz|move: Stealth Rock
|move|p1a: Clodsire|Recover|p1a: Clodsire
|-heal|p1a: Clodsire|83/100
|
|upkeep
|turn|5
|
|t:|1743934297
|move|p2a: Tinkaton|Gigaton Hammer|p1a: Clodsire
|-damage|p1a: Clodsire|32/100
|move|p1a: Clodsire|Earthquake|p2a: Tinkaton
|-supereffective|p2a: Tinkaton
|-damage|p2a: Tinkaton|19/100
|
|upkeep
|turn|6
|
|t:|1743934306
|switch|p2a: Quaquaval|Quaquaval, M|100/100
|move|p1a: Clodsire|Recover|p1a: Clodsire
|-heal|p1a: Clodsire|82/100
|
|upkeep
|turn|7
|
|t:|1743934314
|switch|p1a: Corviknight|Corviknight, M|100/100
|-damage|p1a: Corviknight|88/100|[from] Stealth Rock
|-ability|p1a: Corviknight|Pressure
|move|p2a: Quaquaval|Ice Spinner|p1a: Corviknight
|-damage|p1a: Corviknight|72/100
|-damage|p2a: Quaquaval|84/100|[from] item: Rocky Helmet|[of] p1a: Corviknight
|
|upkeep
|turn|8
|
|t:|1743934327
|switch|p2a: Skeledirge|Skeledirge, M|100/100
|move|p1a: Corviknight|Roost|p1a: Corviknight
|-heal|p1a: Corviknight|100/100
|-singleturn|p1a: Corviknight|move: Roost
|
|upkeep
|turn|9
|
|t:|1743934334
|move|p1a: Corviknight|U-turn|p2a: Skeledirge
|-resisted|p2a: Skeledirge
|-damage|p2a: Skeledirge|98/100
|
|t:|1743934353
|switch|p1a: Clodsire|Clodsire, F|82/100|[from] U-turn
|-damage|p1a: Clodsire|76/100|[from] Stealth Rock
|move|p2a: Skeledirge|Will-O-Wisp|p1a: Clodsire|[miss]
|-miss|p2a: Skeledirge|p1a: Clodsire
|
|-heal|p2a: Skeledirge|100/100|[from] item: Leftovers
|upkeep
|turn|10
|
|t:|1743934363
|move|p2a: Skeledirge|Will-O-Wisp|p1a: Clodsire
|-status|p1a: Clodsire|brn
|move|p1a: Clodsire|Toxic|p2a: Skeledirge
|-status|p2a: Skeledirge|tox
|
|-damage|p2a: Skeledirge|94/100 tox|[from] psn
|-damage|p1a: Clodsire|70/100 brn|[from] brn
|upkeep
|turn|11
|
|t:|1743934375
|move|p2a: Skeledirge|Torch Song|p1a: Clodsire
|-damage|p1a: Clodsire|55/100 brn
|-boost|p2a: Skeledirge|spa|1
|move|p1a: Clodsire|Ancient Power|p2a: Skeledirge
|-supereffective|p2a: Skeledirge
|-damage|p2a: Skeledirge|84/100 tox
|
|-heal|p2a: Skeledirge|90/100 tox|[from] item: Leftovers
|-damage|p2a: Skeledirge|78/100 tox|[from] psn
|-damage|p1a: Clodsire|49/100 brn|[from] brn
|upkeep
|turn|12
|
|t:|1743934388
|move|p2a: Skeledirge|Hex|p1a: Clodsire
|-damage|p1a: Clodsire|24/100 brn
|move|p1a: Clodsire|Recover|p1a: Clodsire
|-heal|p1a: Clodsire|74/100 brn
|
|-heal|p2a: Skeledirge|84/100 tox|[from] item: Leftovers
|-damage|p2a: Skeledirge|66/100 tox|[from] psn
|-damage|p1a: Clodsire|68/100 brn|[from] brn
|upkeep
|turn|13
|
|t:|1743934400
|switch|p2a: Quaquaval|Quaquaval, M|84/100
|move|p1a: Clodsire|Ancient Power|p2a: Quaquaval
|-resisted|p2a: Quaquaval
|-damage|p2a: Quaquaval|79/100
|
|-damage|p1a: Clodsire|61/100 brn|[from] brn
|upkeep
|turn|14
|
|t:|1743934411
|move|p2a: Quaquaval|Aqua Step|p1a: Clodsire
|-supereffective|p1a: Clodsire
|-damage|p1a: Clodsire|0 fnt
|-boost|p2a: Quaquaval|spe|1
|faint|p1a: Clodsire
|-ability|p2a: Quaquaval|Moxie|boost
|-boost|p2a: Quaquaval|atk|1
|
|upkeep
|
|t:|1743934420
|switch|p1a: Corviknight|Corviknight, M|100/100
|-damage|p1a: Corviknight|88/100|[from] Stealth Rock
|-ability|p1a: Corviknight|Pressure
|turn|15
|
|t:|1743934427
|move|p2a: Quaquaval|Close Combat|p1a: Corviknight
|-damage|p1a: Corviknight|35/100
|-unboost|p2a: Quaquaval|def|1
|-unboost|p2a: Quaquaval|spd|1
|-damage|p2a: Quaquaval|63/100|[from] item: Rocky Helmet|[of] p1a: Corviknight
|move|p1a: Corviknight|Iron Defense|p1a: Corviknight
|-boost|p1a: Corviknight|def|2
|
|upkeep
|turn|16
|
|t:|1743934439
|switch|p2a: Skeledirge|Skeledirge, M|66/100 tox
|move|p1a: Corviknight|Roost|p1a: Corviknight
|-heal|p1a: Corviknight|85/100
|-singleturn|p1a: Corviknight|move: Roost
|
|-heal|p2a: Skeledirge|72/100 tox|[from] item: Leftovers
|-damage|p2a: Skeledirge|66/100 tox|[from] psn
|upkeep
|turn|17
|
|t:|1743934460
|-terastallize|p1a: Corviknight|Dragon
|move|p1a: Corviknight|Iron Defense|p1a: Corviknight
|-boost|p1a: Corviknight|def|2
|move|p2a: Skeledirge|Torch Song|p1a: Corviknight
|-resisted|p1a: Corviknight
|-damage|p1a: Corviknight|72/100
|-boost|p2a: Skeledirge|spa|1
|
|-heal|p2a: Skeledirge|72/100 tox|[from] item: Leftovers
|-damage|p2a: Skeledirge|59/100 tox|[from] psn
|upkeep
|turn|18
|
|t:|1743934475
|move|p1a: Corviknight|Iron Defense|p1a: Corviknight
|-boost|p1a: Corviknight|def|2
|move|p2a: Skeledirge|Will-O-Wisp|p1a: Corviknight
|-status|p1a: Corviknight|brn
|
|-heal|p2a: Skeledirge|66/100 tox|[from] item: Leftovers
|-damage|p2a: Skeledirge|47/100 tox|[from] psn
|-damage|p1a: Corviknight|66/100 brn|[from] brn
|upkeep
|turn|19
|
|t:|1743934486
|move|p1a: Corviknight|Roost|p1a: Corviknight
|-heal|p1a: Corviknight|100/100 brn
|move|p2a: Skeledirge|Hex|p1a: Corviknight
|-damage|p1a: Corviknight|31/100 brn
|
|-heal|p2a: Skeledirge|53/100 tox|[from] item: Leftovers
|-damage|p2a: Skeledirge|29/100 tox|[from] psn
|-damage|p1a: Corviknight|25/100 brn|[from] brn
|upkeep
|turn|20
|
|t:|1743934500
|move|p1a: Corviknight|Roost|p1a: Corviknight
|-heal|p1a: Corviknight|75/100 brn
|move|p2a: Skeledirge|Hex|p1a: Corviknight
|-damage|p1a: Corviknight|2/100 brn
|
|-heal|p2a: Skeledirge|35/100 tox|[from] item: Leftovers
|-damage|p2a: Skeledirge|5/100 tox|[from] psn
|-damage|p1a: Corviknight|0 fnt|[from] brn
|faint|p1a: Corviknight
|upkeep
|inactive|jielzzz has 120 seconds left.
|
|t:|1743934519
|switch|p1a: Cinderace|Cinderace, F|100/100
|turn|21
|inactive|jielzzz has 120 seconds left.
|
|t:|1743934525
|move|p1a: Cinderace|Pyro Ball|p2a: Skeledirge
|-resisted|p2a: Skeledirge
|-damage|p2a: Skeledirge|0 fnt
|faint|p2a: Skeledirge
|
|upkeep
|
|t:|1743934532
|switch|p2a: Quaquaval|Quaquaval, M|63/100
|turn|22
|
|t:|1743934542
|move|p1a: Cinderace|U-turn|p2a: Quaquaval
|-resisted|p2a: Quaquaval
|-damage|p2a: Quaquaval|47/100
|
|t:|1743934545
|switch|p1a: Raging Bolt|Raging Bolt|100/100|[from] U-turn
|-damage|p1a: Raging Bolt|88/100|[from] Stealth Rock
|move|p2a: Quaquaval|Aqua Step|p1a: Raging Bolt
|-resisted|p1a: Raging Bolt
|-damage|p1a: Raging Bolt|72/100
|-boost|p2a: Quaquaval|spe|1
|
|-heal|p1a: Raging Bolt|78/100|[from] item: Leftovers
|upkeep
|turn|23
|
|t:|1743934557
|switch|p2a: Arboliva|Arboliva, F|100/100
|move|p1a: Raging Bolt|Dragon Pulse|p2a: Arboliva
|-damage|p2a: Arboliva|73/100
|-fieldstart|move: Grassy Terrain|[from] ability: Seed Sower|[of] p2a: Arboliva
|
|-heal|p1a: Raging Bolt|84/100|[from] Grassy Terrain
|-heal|p1a: Raging Bolt|91/100|[from] item: Leftovers
|-heal|p2a: Arboliva|79/100|[from] Grassy Terrain
|upkeep
|turn|24
|
|t:|1743934572
|-end|p1a: Raging Bolt|Protosynthesis|[silent]
|switch|p1a: Cinderace|Cinderace, F|100/100
|move|p2a: Arboliva|Earth Power|p1a: Cinderace
|-supereffective|p1a: Cinderace
|-damage|p1a: Cinderace|8/100
|
|-heal|p1a: Cinderace|14/100|[from] Grassy Terrain
|-heal|p2a: Arboliva|85/100|[from] Grassy Terrain
|upkeep
|turn|25
|
|t:|1743934582
|switch|p2a: Tinkaton|Tinkaton, F|19/100
|-ability|p2a: Tinkaton|Mold Breaker
|move|p1a: Cinderace|Pyro Ball|p2a: Tinkaton
|-supereffective|p2a: Tinkaton
|-damage|p2a: Tinkaton|0 fnt
|faint|p2a: Tinkaton
|
|-heal|p1a: Cinderace|20/100|[from] Grassy Terrain
|upkeep
|
|t:|1743934592
|switch|p2a: Meowscarada|Meowscarada, M|100/100
|turn|26
|
|t:|1743934599
|switch|p1a: Raging Bolt|Raging Bolt|91/100
|-damage|p1a: Raging Bolt|78/100|[from] Stealth Rock
|move|p2a: Meowscarada|Knock Off|p1a: Raging Bolt
|-start|p2a: Meowscarada|typechange|Dark|[from] ability: Protean
|-damage|p1a: Raging Bolt|40/100
|-enditem|p1a: Raging Bolt|Leftovers|[from] move: Knock Off|[of] p2a: Meowscarada
|
|-heal|p1a: Raging Bolt|46/100|[from] Grassy Terrain
|upkeep
|turn|27
|
|t:|1743934612
|switch|p2a: Arboliva|Arboliva, F|85/100
|move|p1a: Raging Bolt|Calm Mind|p1a: Raging Bolt
|-boost|p1a: Raging Bolt|spa|1
|-boost|p1a: Raging Bolt|spd|1
|
|-heal|p1a: Raging Bolt|52/100|[from] Grassy Terrain
|-heal|p2a: Arboliva|91/100|[from] Grassy Terrain
|-fieldend|move: Grassy Terrain
|upkeep
|turn|28
|
|t:|1743934623
|move|p1a: Raging Bolt|Calm Mind|p1a: Raging Bolt
|-boost|p1a: Raging Bolt|spa|1
|-boost|p1a: Raging Bolt|spd|1
|move|p2a: Arboliva|Earth Power|p1a: Raging Bolt
|-supereffective|p1a: Raging Bolt
|-damage|p1a: Raging Bolt|23/100
|
|upkeep
|turn|29
|
|t:|1743934631
|switch|p2a: Quaquaval|Quaquaval, M|47/100
|move|p1a: Raging Bolt|Dragon Pulse|p2a: Quaquaval
|-damage|p2a: Quaquaval|0 fnt
|faint|p2a: Quaquaval
|
|upkeep
|
|t:|1743934634
|switch|p2a: Pawmot|Pawmot, F|100/100
|turn|30
|
|t:|1743934646
|move|p2a: Pawmot|Ice Punch|p1a: Raging Bolt
|-supereffective|p1a: Raging Bolt
|-damage|p1a: Raging Bolt|0 fnt
|faint|p1a: Raging Bolt
|-end|p1a: Raging Bolt|Protosynthesis|[silent]
|
|upkeep
|
|t:|1743934665
|switch|p1a: Iron Boulder|Iron Boulder|100/100
|-damage|p1a: Iron Boulder|88/100|[from] Stealth Rock
|-enditem|p1a: Iron Boulder|Booster Energy
|-activate|p1a: Iron Boulder|ability: Quark Drive|[fromitem]
|-start|p1a: Iron Boulder|quarkdrivespe
|turn|31
|
|t:|1743934673
|move|p1a: Iron Boulder|Swords Dance|p1a: Iron Boulder
|-boost|p1a: Iron Boulder|atk|2
|move|p2a: Pawmot|Double Shock|p1a: Iron Boulder
|-damage|p1a: Iron Boulder|10/100
|-start|p2a: Pawmot|typechange|???/Fighting|[from] move: Double Shock
|
|upkeep
|turn|32
|
|t:|1743934682
|move|p1a: Iron Boulder|Psycho Cut|p2a: Pawmot
|-supereffective|p2a: Pawmot
|-enditem|p2a: Pawmot|Focus Sash
|-damage|p2a: Pawmot|1/100
|move|p2a: Pawmot|Close Combat|p1a: Iron Boulder
|-damage|p1a: Iron Boulder|0 fnt
|-unboost|p2a: Pawmot|def|1
|-unboost|p2a: Pawmot|spd|1
|faint|p1a: Iron Boulder
|-end|p1a: Iron Boulder|Quark Drive|[silent]
|
|upkeep
|-message|jielzzz forfeited.
|
|win|RSDPM
|raw|jielzzz's rating: 1307 &rarr; <strong>1290</strong><br />(-17 for losing)
|raw|RSDPM's rating: 1366 &rarr; <strong>1383</strong><br />(+17 for winning)
|l|☆jielzzz
|player|p1|
|l|☆RSDPM
|player|p2|
