|j|☆Magcargoat69
|j|☆WiLMS7111992
|t:|1743816461
|gametype|singles
|player|p1|Magcargoat69|chuck|1186
|player|p2|WiLMS7111992|1|1197
|teamsize|p1|6
|teamsize|p2|6
|gen|9
|tier|[Gen 9] OU
|rated|
|rule|HP Percentage Mod: HP is shown in percentages
|rule|Endless Battle Clause: Forcing endless battles is banned
|rule|Species Clause: Limit one of each Pokémon
|rule|OHKO Clause: OHKO moves are banned
|rule|Evasion Items Clause: Evasion items are banned
|rule|Evasion Moves Clause: Evasion moves are banned
|rule|Sleep Moves Clause: Sleep-inducing moves are banned
|clearpoke
|poke|p1|Magcargo, F|
|poke|p1|Dragonite, F|
|poke|p1|Dragapult, F|
|poke|p1|Iron Treads|
|poke|p1|Lokix, F|
|poke|p1|Volcanion|
|poke|p2|Skeledirge, M|
|poke|p2|Samurott-Hisui, M|
|poke|p2|Clodsire, F|
|poke|p2|Gholdengo|
|poke|p2|Garganacl, F|
|poke|p2|Great Tusk|
|teampreview
|inactive|Battle timer is ON: inactive players will automatically lose when time's up. (requested by WiLMS7111992)
|
|t:|1743816477
|start
|switch|p1a: Lokix|Lokix, F|100/100
|switch|p2a: Clodsire|Clodsire, F|100/100
|turn|1
|
|t:|1743816483
|move|p1a: Lokix|U-turn|p2a: Clodsire
|-resisted|p2a: Clodsire
|-damage|p2a: Clodsire|64/100
|
|t:|1743816492
|switch|p1a: Iron Treads|Iron Treads|100/100|[from] U-turn
|-enditem|p1a: Iron Treads|Booster Energy
|-activate|p1a: Iron Treads|ability: Quark Drive|[fromitem]
|-start|p1a: Iron Treads|quarkdriveatk
|move|p2a: Clodsire|Toxic Spikes|p1a: Iron Treads
|-sidestart|p1: Magcargoat69|move: Toxic Spikes
|
|-heal|p2a: Clodsire|70/100|[from] item: Black Sludge
|upkeep
|turn|2
|
|t:|1743816501
|switch|p2a: Skeledirge|Skeledirge, M|100/100
|move|p1a: Iron Treads|Earthquake|p2a: Skeledirge
|-supereffective|p2a: Skeledirge
|-damage|p2a: Skeledirge|24/100
|
|-heal|p2a: Skeledirge|30/100|[from] item: Leftovers
|upkeep
|turn|3
|
|t:|1743816508
|move|p1a: Iron Treads|Earthquake|p2a: Skeledirge
|-supereffective|p2a: Skeledirge
|-damage|p2a: Skeledirge|0 fnt
|faint|p2a: Skeledirge
|
|upkeep
|
|t:|1743816516
|switch|p2a: Great Tusk|Great Tusk|100/100
|turn|4
|
|t:|1743816530
|-terastallize|p1a: Iron Treads|Ghost
|move|p1a: Iron Treads|Rapid Spin|p2a: Great Tusk
|-damage|p2a: Great Tusk|86/100
|-boost|p1a: Iron Treads|spe|1
|-sideend|p1: Magcargoat69|Toxic Spikes|[from] move: Rapid Spin|[of] p1a: Iron Treads
|move|p2a: Great Tusk|Bulk Up|p2a: Great Tusk
|-boost|p2a: Great Tusk|atk|1
|-boost|p2a: Great Tusk|def|1
|
|-heal|p2a: Great Tusk|92/100|[from] item: Leftovers
|upkeep
|turn|5
|
|t:|1743816540
|move|p1a: Iron Treads|Ice Spinner|p2a: Great Tusk
|-supereffective|p2a: Great Tusk
|-damage|p2a: Great Tusk|60/100
|move|p2a: Great Tusk|Knock Off|p1a: Iron Treads
|-supereffective|p1a: Iron Treads
|-damage|p1a: Iron Treads|49/100
|
|-heal|p2a: Great Tusk|66/100|[from] item: Leftovers
|upkeep
|turn|6
|
|t:|1743816551
|-terastallize|p2a: Great Tusk|Poison
|move|p1a: Iron Treads|Ice Spinner|p2a: Great Tusk
|-damage|p2a: Great Tusk|50/100
|move|p2a: Great Tusk|Knock Off|p1a: Iron Treads
|-supereffective|p1a: Iron Treads
|-damage|p1a: Iron Treads|0 fnt
|faint|p1a: Iron Treads
|-end|p1a: Iron Treads|Quark Drive|[silent]
|
|-heal|p2a: Great Tusk|57/100|[from] item: Leftovers
|upkeep
|
|t:|1743816561
|switch|p1a: Dragapult|Dragapult, F|100/100
|turn|7
|
|t:|1743816564
|move|p1a: Dragapult|Draco Meteor|p2a: Great Tusk
|-damage|p2a: Great Tusk|0 fnt
|-unboost|p1a: Dragapult|spa|2
|faint|p2a: Great Tusk
|-end|p2a: Great Tusk|Protosynthesis|[silent]
|
|upkeep
|
|t:|1743816569
|switch|p2a: Clodsire|Clodsire, F|70/100
|turn|8
|
|t:|1743816580
|switch|p1a: Lokix|Lokix, F|100/100
|move|p2a: Clodsire|Toxic Spikes|p1a: Lokix
|-sidestart|p1: Magcargoat69|move: Toxic Spikes
|
|-heal|p2a: Clodsire|76/100|[from] item: Black Sludge
|upkeep
|turn|9
|
|t:|1743816587
|move|p1a: Lokix|Leech Life|p2a: Clodsire
|-resisted|p2a: Clodsire
|-damage|p2a: Clodsire|32/100
|move|p2a: Clodsire|Toxic Spikes|p1a: Lokix
|-sidestart|p1: Magcargoat69|move: Toxic Spikes
|
|-heal|p2a: Clodsire|39/100|[from] item: Black Sludge
|upkeep
|turn|10
|
|t:|1743816595
|switch|p2a: Gholdengo|Gholdengo|100/100
|move|p1a: Lokix|Leech Life|p2a: Gholdengo
|-resisted|p2a: Gholdengo
|-crit|p2a: Gholdengo
|-damage|p2a: Gholdengo|74/100
|
|-heal|p2a: Gholdengo|80/100|[from] item: Leftovers
|upkeep
|turn|11
|
|t:|1743816605
|switch|p1a: Dragonite|Dragonite, F|100/100
|move|p2a: Gholdengo|Dazzling Gleam|p1a: Dragonite
|-supereffective|p1a: Dragonite
|-damage|p1a: Dragonite|75/100
|
|-heal|p2a: Gholdengo|86/100|[from] item: Leftovers
|upkeep
|turn|12
|
|t:|1743816612
|move|p1a: Dragonite|Earthquake|p2a: Gholdengo
|-supereffective|p2a: Gholdengo
|-damage|p2a: Gholdengo|34/100
|move|p2a: Gholdengo|Nasty Plot|p2a: Gholdengo
|-boost|p2a: Gholdengo|spa|2
|
|-heal|p2a: Gholdengo|40/100|[from] item: Leftovers
|upkeep
|turn|13
|
|t:|1743816621
|move|p1a: Dragonite|Dragon Dance|p1a: Dragonite
|-boost|p1a: Dragonite|atk|1
|-boost|p1a: Dragonite|spe|1
|move|p2a: Gholdengo|Dazzling Gleam|p1a: Dragonite
|-supereffective|p1a: Dragonite
|-damage|p1a: Dragonite|0 fnt
|faint|p1a: Dragonite
|
|-heal|p2a: Gholdengo|46/100|[from] item: Leftovers
|upkeep
|
|t:|1743816629
|switch|p1a: Volcanion|Volcanion|100/100
|-status|p1a: Volcanion|tox
|turn|14
|
|t:|1743816633
|switch|p2a: Clodsire|Clodsire, F|39/100
|move|p1a: Volcanion|Flamethrower|p2a: Clodsire
|-damage|p2a: Clodsire|6/100
|
|-heal|p2a: Clodsire|12/100|[from] item: Black Sludge
|-damage|p1a: Volcanion|94/100 tox|[from] psn
|upkeep
|turn|15
|
|t:|1743816641
|switch|p2a: Samurott|Samurott-Hisui, M|100/100
|move|p1a: Volcanion|Flamethrower|p2a: Samurott
|-resisted|p2a: Samurott
|-damage|p2a: Samurott|69/100
|
|-heal|p2a: Samurott|75/100|[from] item: Leftovers
|-damage|p1a: Volcanion|82/100 tox|[from] psn
|upkeep
|turn|16
|
|t:|1743816650
|move|p2a: Samurott|Ceaseless Edge|p1a: Volcanion
|-damage|p1a: Volcanion|48/100 tox
|-sidestart|p1: Magcargoat69|Spikes
|move|p1a: Volcanion|Steam Eruption|p2a: Samurott
|-resisted|p2a: Samurott
|-damage|p2a: Samurott|33/100
|
|-heal|p2a: Samurott|40/100|[from] item: Leftovers
|-damage|p1a: Volcanion|30/100 tox|[from] psn
|upkeep
|turn|17
|
|t:|1743816659
|switch|p2a: Clodsire|Clodsire, F|12/100
|move|p1a: Volcanion|Steam Eruption|p2a: Clodsire
|-heal|p2a: Clodsire|37/100|[from] ability: Water Absorb|[of] p1a: Volcanion
|
|-heal|p2a: Clodsire|43/100|[from] item: Black Sludge
|-damage|p1a: Volcanion|6/100 tox|[from] psn
|upkeep
|turn|18
|
|t:|1743816668
|switch|p2a: Samurott|Samurott-Hisui, M|40/100
|move|p1a: Volcanion|Earth Power|p2a: Samurott
|-damage|p2a: Samurott|0 fnt
|faint|p2a: Samurott
|
|-damage|p1a: Volcanion|0 fnt|[from] psn
|faint|p1a: Volcanion
|upkeep
|
|t:|1743816678
|switch|p2a: Garganacl|Garganacl, F|100/100
|switch|p1a: Magcargo|Magcargo, F|100/100
|-status|p1a: Magcargo|tox
|-damage|p1a: Magcargo|88/100 tox|[from] Spikes
|turn|19
|
|t:|1743816687
|move|p1a: Magcargo|Shell Smash|p1a: Magcargo
|-unboost|p1a: Magcargo|def|1
|-unboost|p1a: Magcargo|spd|1
|-boost|p1a: Magcargo|atk|2
|-boost|p1a: Magcargo|spa|2
|-boost|p1a: Magcargo|spe|2
|move|p2a: Garganacl|Iron Defense|p2a: Garganacl
|-boost|p2a: Garganacl|def|2
|
|-damage|p1a: Magcargo|82/100 tox|[from] psn
|upkeep
|turn|20
|
|t:|1743816695
|move|p1a: Magcargo|Earth Power|p2a: Garganacl
|-supereffective|p2a: Garganacl
|-damage|p2a: Garganacl|35/100
|move|p2a: Garganacl|Body Press|p1a: Magcargo
|-supereffective|p1a: Magcargo
|-damage|p1a: Magcargo|0 fnt
|faint|p1a: Magcargo
|
|-heal|p2a: Garganacl|41/100|[from] item: Leftovers
|upkeep
|
|t:|1743816700
|switch|p1a: Dragapult|Dragapult, F|100/100
|-status|p1a: Dragapult|tox
|-damage|p1a: Dragapult|88/100 tox|[from] Spikes
|turn|21
|
|t:|1743816708
|switch|p2a: Clodsire|Clodsire, F|43/100
|move|p1a: Dragapult|Draco Meteor|p2a: Clodsire
|-damage|p2a: Clodsire|0 fnt
|-unboost|p1a: Dragapult|spa|2
|faint|p2a: Clodsire
|
|-damage|p1a: Dragapult|82/100 tox|[from] psn
|upkeep
|
|t:|1743816717
|switch|p2a: Gholdengo|Gholdengo|46/100
|turn|22
|
|t:|1743816720
|switch|p1a: Lokix|Lokix, F|100/100
|-status|p1a: Lokix|tox
|-damage|p1a: Lokix|88/100 tox|[from] Spikes
|move|p2a: Gholdengo|Dazzling Gleam|p1a: Lokix
|-supereffective|p1a: Lokix
|-damage|p1a: Lokix|4/100 tox
|
|-heal|p2a: Gholdengo|52/100|[from] item: Leftovers
|-damage|p1a: Lokix|0 fnt|[from] psn
|faint|p1a: Lokix
|upkeep
|
|t:|1743816721
|switch|p1a: Dragapult|Dragapult, F|82/100 tox
|-damage|p1a: Dragapult|70/100 tox|[from] Spikes
|turn|23
|
|t:|1743816734
|move|p1a: Dragapult|Shadow Ball|p2a: Gholdengo
|-supereffective|p2a: Gholdengo
|-damage|p2a: Gholdengo|0 fnt
|faint|p2a: Gholdengo
|
|-damage|p1a: Dragapult|64/100 tox|[from] psn
|upkeep
|
|t:|1743816740
|switch|p2a: Garganacl|Garganacl, F|41/100
|turn|24
|
|t:|1743816743
|move|p1a: Dragapult|Shadow Ball|p2a: Garganacl
|-damage|p2a: Garganacl|24/100
|-unboost|p2a: Garganacl|spd|1
|move|p2a: Garganacl|Salt Cure|p1a: Dragapult
|-damage|p1a: Dragapult|43/100 tox
|-start|p1a: Dragapult|Salt Cure
|
|-heal|p2a: Garganacl|30/100|[from] item: Leftovers
|-damage|p1a: Dragapult|31/100 tox|[from] psn
|-damage|p1a: Dragapult|19/100 tox|[from] Salt Cure
|upkeep
|turn|25
|
|t:|1743816754
|move|p1a: Dragapult|Shadow Ball|p2a: Garganacl
|-damage|p2a: Garganacl|6/100
|-unboost|p2a: Garganacl|spd|1
|move|p2a: Garganacl|Salt Cure|p1a: Dragapult
|-damage|p1a: Dragapult|0 fnt
|faint|p1a: Dragapult
|
|win|WiLMS7111992
|raw|Magcargoat69's rating: 1186 &rarr; <strong>1162</strong><br />(-24 for losing)
|raw|WiLMS7111992's rating: 1197 &rarr; <strong>1221</strong><br />(+24 for winning)
|l|☆Magcargoat69
|player|p1|
|l|☆WiLMS7111992
|player|p2|
