|j|☆servant of cinder
|j|☆ProteinMan11
|t:|1743885354
|gametype|singles
|player|p1|servant of cinder|blaine|1630
|player|p2|ProteinMan11|hiker-gen4|1705
|teamsize|p1|6
|teamsize|p2|6
|gen|9
|tier|[Gen 9] OU
|rated|
|rule|HP Percentage Mod: HP is shown in percentages
|rule|Endless Battle Clause: Forcing endless battles is banned
|rule|Species Clause: Limit one of each Pokémon
|rule|OHKO Clause: OHKO moves are banned
|rule|Evasion Items Clause: Evasion items are banned
|rule|Evasion Moves Clause: Evasion moves are banned
|rule|Sleep Moves Clause: Sleep-inducing moves are banned
|clearpoke
|poke|p1|Great Tusk|
|poke|p1|Tornadus-Therian, M|
|poke|p1|Garganacl, M|
|poke|p1|Ogerpon-Wellspring, F|
|poke|p1|Gholdengo|
|poke|p1|Zamazenta-*|
|poke|p2|Ninetales-Alola, M|
|poke|p2|Dragonite, M|
|poke|p2|Deoxys-Speed|
|poke|p2|Iron Valiant|
|poke|p2|Great Tusk|
|poke|p2|Polteageist|
|teampreview
|inactive|Battle timer is ON: inactive players will automatically lose when time's up. (requested by ProteinMan11)
|
|t:|1743885370
|start
|switch|p1a: Gholdengo|Gholdengo|100/100
|switch|p2a: Donald Trump|Ninetales-Alola, M|100/100
|-weather|Snowscape|[from] ability: Snow Warning|[of] p2a: Donald Trump
|turn|1
|
|t:|1743885373
|move|p1a: Gholdengo|Make It Rain|p2a: Donald Trump
|-supereffective|p2a: Donald Trump
|-damage|p2a: Donald Trump|0 fnt
|-unboost|p1a: Gholdengo|spa|1
|faint|p2a: Donald Trump
|
|-weather|Snowscape|[upkeep]
|upkeep
|
|t:|1743885382
|switch|p2a: This-a-way|Deoxys-Speed, shiny|100/100
|-ability|p2a: This-a-way|Pressure
|turn|2
|
|t:|1743885393
|switch|p1a: Garganacl|Garganacl, M, shiny|100/100
|move|p2a: This-a-way|Cosmic Power|p2a: This-a-way
|-boost|p2a: This-a-way|def|1
|-boost|p2a: This-a-way|spd|1
|
|-weather|Snowscape|[upkeep]
|upkeep
|turn|3
|
|t:|1743885396
|move|p2a: This-a-way|Cosmic Power|p2a: This-a-way
|-boost|p2a: This-a-way|def|1
|-boost|p2a: This-a-way|spd|1
|move|p1a: Garganacl|Salt Cure|p2a: This-a-way
|-damage|p2a: This-a-way|92/100
|-start|p2a: This-a-way|Salt Cure
|
|-weather|Snowscape|[upkeep]
|-damage|p2a: This-a-way|79/100|[from] Salt Cure
|upkeep
|turn|4
|
|t:|1743885406
|switch|p1a: Gholdengo|Gholdengo|100/100
|move|p2a: This-a-way|Cosmic Power|p2a: This-a-way
|-boost|p2a: This-a-way|def|1
|-boost|p2a: This-a-way|spd|1
|
|-weather|Snowscape|[upkeep]
|-damage|p2a: This-a-way|67/100|[from] Salt Cure
|upkeep
|turn|5
|
|t:|1743885411
|-terastallize|p2a: This-a-way|Fighting
|move|p1a: Gholdengo|Shadow Ball|p2a: This-a-way
|-damage|p2a: This-a-way|45/100
|move|p2a: This-a-way|Recover|p2a: This-a-way
|-heal|p2a: This-a-way|95/100
|
|-weather|none
|-damage|p2a: This-a-way|82/100|[from] Salt Cure
|upkeep
|turn|6
|
|t:|1743885418
|move|p1a: Gholdengo|Shadow Ball|p2a: This-a-way
|-damage|p2a: This-a-way|59/100
|move|p2a: This-a-way|Cosmic Power|p2a: This-a-way
|-boost|p2a: This-a-way|def|1
|-boost|p2a: This-a-way|spd|1
|
|-damage|p2a: This-a-way|47/100|[from] Salt Cure
|upkeep
|turn|7
|
|t:|1743885422
|move|p1a: Gholdengo|Shadow Ball|p2a: This-a-way
|-damage|p2a: This-a-way|30/100
|-unboost|p2a: This-a-way|spd|1
|move|p2a: This-a-way|Recover|p2a: This-a-way
|-heal|p2a: This-a-way|80/100
|
|-damage|p2a: This-a-way|68/100|[from] Salt Cure
|upkeep
|turn|8
|
|t:|1743885427
|move|p1a: Gholdengo|Shadow Ball|p2a: This-a-way
|-damage|p2a: This-a-way|46/100
|-unboost|p2a: This-a-way|spd|1
|move|p2a: This-a-way|Cosmic Power|p2a: This-a-way
|-boost|p2a: This-a-way|def|1
|-boost|p2a: This-a-way|spd|1
|
|-damage|p2a: This-a-way|33/100|[from] Salt Cure
|upkeep
|turn|9
|
|t:|1743885432
|move|p1a: Gholdengo|Shadow Ball|p2a: This-a-way
|-damage|p2a: This-a-way|11/100
|move|p2a: This-a-way|Recover|p2a: This-a-way
|-heal|p2a: This-a-way|61/100
|
|-damage|p2a: This-a-way|48/100|[from] Salt Cure
|upkeep
|turn|10
|
|t:|1743885436
|move|p1a: Gholdengo|Shadow Ball|p2a: This-a-way
|-damage|p2a: This-a-way|25/100
|move|p2a: This-a-way|Recover|p2a: This-a-way
|-heal|p2a: This-a-way|75/100
|
|-damage|p2a: This-a-way|63/100|[from] Salt Cure
|upkeep
|turn|11
|
|t:|1743885444
|switch|p1a: Garganacl|Garganacl, M, shiny|100/100
|move|p2a: This-a-way|Recover|p2a: This-a-way
|-heal|p2a: This-a-way|100/100
|
|-damage|p2a: This-a-way|88/100|[from] Salt Cure
|upkeep
|turn|12
|
|t:|1743885447
|switch|p1a: Gholdengo|Gholdengo|100/100
|move|p2a: This-a-way|Cosmic Power|p2a: This-a-way
|-boost|p2a: This-a-way|def|1
|-boost|p2a: This-a-way|spd|1
|
|-damage|p2a: This-a-way|75/100|[from] Salt Cure
|upkeep
|turn|13
|
|t:|1743885453
|move|p1a: Gholdengo|Trick|p2a: This-a-way
|-activate|p1a: Gholdengo|move: Trick|[of] p2a: This-a-way
|-item|p2a: This-a-way|Choice Scarf|[from] move: Trick
|-item|p1a: Gholdengo|Weakness Policy|[from] move: Trick
|move|p2a: This-a-way|Recover|p2a: This-a-way
|-heal|p2a: This-a-way|100/100
|
|-damage|p2a: This-a-way|88/100|[from] Salt Cure
|upkeep
|turn|14
|
|t:|1743885462
|move|p2a: This-a-way|Recover|p2a: This-a-way
|-heal|p2a: This-a-way|100/100
|move|p1a: Gholdengo|Shadow Ball|p2a: This-a-way
|-damage|p2a: This-a-way|84/100
|-unboost|p2a: This-a-way|spd|1
|
|-damage|p2a: This-a-way|72/100|[from] Salt Cure
|upkeep
|turn|15
|
|t:|1743885467
|move|p2a: This-a-way|Recover|p2a: This-a-way
|-heal|p2a: This-a-way|100/100
|move|p1a: Gholdengo|Shadow Ball|p2a: This-a-way
|-damage|p2a: This-a-way|80/100
|
|-damage|p2a: This-a-way|68/100|[from] Salt Cure
|upkeep
|turn|16
|
|t:|1743885471
|switch|p1a: Great Tusk|Great Tusk|100/100
|-activate|p2a: This-a-way|move: Struggle
|move|p2a: This-a-way|Struggle|p1a: Great Tusk
|-damage|p1a: Great Tusk|95/100
|-damage|p2a: This-a-way|51/100|[from] item: Rocky Helmet|[of] p1a: Great Tusk
|-damage|p2a: This-a-way|26/100|[from] recoil
|
|-damage|p2a: This-a-way|14/100|[from] Salt Cure
|upkeep
|turn|17
|
|t:|1743885473
|-activate|p2a: This-a-way|move: Struggle
|move|p2a: This-a-way|Struggle|p1a: Great Tusk
|-damage|p1a: Great Tusk|90/100
|-damage|p2a: This-a-way|0 fnt|[from] item: Rocky Helmet|[of] p1a: Great Tusk
|faint|p2a: This-a-way
|move|p1a: Great Tusk|Stealth Rock|p2: This-a-way
|-sidestart|p2: ProteinMan11|move: Stealth Rock
|
|upkeep
|
|t:|1743885480
|switch|p2a: Great Bust|Great Tusk|100/100
|-damage|p2a: Great Bust|98/100|[from] Stealth Rock
|turn|18
|
|t:|1743885492
|-end|p1a: Great Tusk|Protosynthesis|[silent]
|switch|p1a: Gholdengo|Gholdengo|100/100
|move|p2a: Great Bust|Headlong Rush|p1a: Gholdengo
|-supereffective|p1a: Gholdengo
|-damage|p1a: Gholdengo|0 fnt
|-unboost|p2a: Great Bust|def|1
|-unboost|p2a: Great Bust|spd|1
|faint|p1a: Gholdengo
|-damage|p2a: Great Bust|88/100|[from] item: Life Orb
|
|upkeep
|
|t:|1743885495
|switch|p1a: Ogerpon|Ogerpon-Wellspring, F|100/100
|turn|19
|
|t:|1743885500
|-end|p2a: Great Bust|Protosynthesis|[silent]
|switch|p2a: Michael|Dragonite, M|100/100
|-damage|p2a: Michael|76/100|[from] Stealth Rock
|move|p1a: Ogerpon|Ivy Cudgel|p2a: Michael|[anim] Ivy Cudgel Water
|-resisted|p2a: Michael
|-damage|p2a: Michael|48/100
|
|upkeep
|turn|20
|j| Norigon
|
|t:|1743885517
|switch|p1a: Garganacl|Garganacl, M, shiny|100/100
|move|p2a: Michael|Outrage|p1a: Garganacl
|-damage|p1a: Garganacl|57/100
|
|upkeep
|turn|21
|
|t:|1743885528
|move|p2a: Michael|Outrage|p1a: Garganacl|[from] lockedmove
|-crit|p1a: Garganacl
|-damage|p1a: Garganacl|0 fnt
|faint|p1a: Garganacl
|-start|p2a: Michael|confusion|[fatigue]
|
|upkeep
|
|t:|1743885532
|switch|p1a: Zamazenta|Zamazenta|100/100
|-ability|p1a: Zamazenta|Dauntless Shield|boost
|-boost|p1a: Zamazenta|def|1
|turn|22
|
|t:|1743885538
|switch|p2a: Great Bust|Great Tusk|88/100
|-damage|p2a: Great Bust|85/100|[from] Stealth Rock
|move|p1a: Zamazenta|Ice Fang|p2a: Great Bust
|-supereffective|p2a: Great Bust
|-damage|p2a: Great Bust|58/100
|-status|p2a: Great Bust|frz
|
|upkeep
|turn|23
|
|t:|1743885542
|switch|p1a: Ogerpon|Ogerpon-Wellspring, F|100/100
|cant|p2a: Great Bust|frz
|
|upkeep
|turn|24
|
|t:|1743885545
|move|p1a: Ogerpon|Ivy Cudgel|p2a: Great Bust|[anim] Ivy Cudgel Water
|-supereffective|p2a: Great Bust
|-damage|p2a: Great Bust|0 fnt
|faint|p2a: Great Bust
|-end|p2a: Great Bust|Protosynthesis|[silent]
|
|upkeep
|
|t:|1743885552
|switch|p2a: Darius|Iron Valiant|100/100
|-damage|p2a: Darius|94/100|[from] Stealth Rock
|-enditem|p2a: Darius|Booster Energy
|-activate|p2a: Darius|ability: Quark Drive|[fromitem]
|-start|p2a: Darius|quarkdrivespe
|turn|25
|
|t:|1743885560
|switch|p1a: Tornadus|Tornadus-Therian, M|100/100
|move|p2a: Darius|Close Combat|p1a: Tornadus
|-resisted|p1a: Tornadus
|-damage|p1a: Tornadus|68/100
|-unboost|p2a: Darius|def|1
|-unboost|p2a: Darius|spd|1
|
|upkeep
|turn|26
|
|t:|1743885568
|move|p2a: Darius|Swords Dance|p2a: Darius
|-boost|p2a: Darius|atk|2
|move|p1a: Tornadus|Bleakwind Storm|p2a: Darius
|-supereffective|p2a: Darius
|-damage|p2a: Darius|0 fnt
|faint|p2a: Darius
|-end|p2a: Darius|Quark Drive|[silent]
|
|upkeep
|
|t:|1743885574
|switch|p2a: WAAAAATER|Polteageist|100/100
|-damage|p2a: WAAAAATER|88/100|[from] Stealth Rock
|turn|27
|
|t:|1743885577
|move|p1a: Tornadus|Knock Off|p2a: WAAAAATER
|-supereffective|p2a: WAAAAATER
|-damage|p2a: WAAAAATER|17/100
|-ability|p2a: WAAAAATER|Weak Armor|boost
|-unboost|p2a: WAAAAATER|def|1
|-boost|p2a: WAAAAATER|spe|2
|-enditem|p2a: WAAAAATER|Focus Sash|[from] move: Knock Off|[of] p1a: Tornadus
|move|p2a: WAAAAATER|Shell Smash|p2a: WAAAAATER
|-unboost|p2a: WAAAAATER|def|1
|-unboost|p2a: WAAAAATER|spd|1
|-boost|p2a: WAAAAATER|atk|2
|-boost|p2a: WAAAAATER|spa|2
|-boost|p2a: WAAAAATER|spe|2
|
|upkeep
|turn|28
|
|t:|1743885582
|move|p2a: WAAAAATER|Stored Power|p1a: Tornadus
|-damage|p1a: Tornadus|0 fnt
|faint|p1a: Tornadus
|
|upkeep
|
|t:|1743885591
|switch|p1a: Zamazenta|Zamazenta|100/100
|turn|29
|
|t:|1743885596
|-terastallize|p1a: Zamazenta|Steel
|move|p2a: WAAAAATER|Stored Power|p1a: Zamazenta
|-resisted|p1a: Zamazenta
|-damage|p1a: Zamazenta|36/100
|move|p1a: Zamazenta|Crunch|p2a: WAAAAATER
|-supereffective|p2a: WAAAAATER
|-damage|p2a: WAAAAATER|0 fnt
|faint|p2a: WAAAAATER
|
|upkeep
|
|t:|1743885603
|switch|p2a: Michael|Dragonite, M|48/100
|-damage|p2a: Michael|24/100|[from] Stealth Rock
|turn|30
|
|t:|1743885607
|move|p2a: Michael|Extreme Speed|p1a: Zamazenta
|-resisted|p1a: Zamazenta
|-damage|p1a: Zamazenta|21/100
|move|p1a: Zamazenta|Crunch|p2a: Michael
|-damage|p2a: Michael|0 fnt
|faint|p2a: Michael
|
|win|servant of cinder
|raw|servant of cinder's rating: 1630 &rarr; <strong>1654</strong><br />(+24 for winning)
|raw|ProteinMan11's rating: 1705 &rarr; <strong>1681</strong><br />(-24 for losing)
|l|☆ProteinMan11
|player|p2|
|l|☆servant of cinder
|player|p1|
|l| Norigon
