|j|☆riloid
|j|☆izoky
|t:|1743876486
|gametype|singles
|player|p1|riloid|steven|1178
|player|p2|izoky|picnicker|1208
|teamsize|p1|6
|teamsize|p2|6
|gen|9
|tier|[Gen 9] OU
|rated|
|rule|HP Percentage Mod: HP is shown in percentages
|rule|Endless Battle Clause: Forcing endless battles is banned
|rule|Species Clause: Limit one of each Pokémon
|rule|OHKO Clause: OHKO moves are banned
|rule|Evasion Items Clause: Evasion items are banned
|rule|Evasion Moves Clause: Evasion moves are banned
|rule|Sleep Moves Clause: Sleep-inducing moves are banned
|clearpoke
|poke|p1|Snorlax, F|
|poke|p1|Meloetta|
|poke|p1|Porygon2|
|poke|p1|Dudunsparce-*, M|
|poke|p1|Ursaluna, M|
|poke|p1|Ditto|
|poke|p2|Corviknight, M|
|poke|p2|Clodsire, F|
|poke|p2|Rotom-Wash|
|poke|p2|Meowscarada, F|
|poke|p2|Whimsicott, M|
|poke|p2|Blaziken, M|
|teampreview
|inactive|Battle timer is ON: inactive players will automatically lose when time's up. (requested by izoky)
|
|t:|1743876500
|start
|switch|p1a: witch|Meloetta|100/100
|switch|p2a: Blaziken|Blaziken, M|100/100
|turn|1
|
|t:|1743876510
|move|p2a: Blaziken|Protect|p2a: Blaziken
|-singleturn|p2a: Blaziken|Protect
|move|p1a: witch|Psychic|p2a: Blaziken
|-activate|p2a: Blaziken|move: Protect
|
|-ability|p2a: Blaziken|Speed Boost|boost
|-boost|p2a: Blaziken|spe|1
|upkeep
|turn|2
|
|t:|1743876520
|-terastallize|p2a: Blaziken|Ghost
|move|p2a: Blaziken|Swords Dance|p2a: Blaziken
|-boost|p2a: Blaziken|atk|2
|move|p1a: witch|Psychic|p2a: Blaziken
|-damage|p2a: Blaziken|1/100
|-unboost|p2a: Blaziken|spd|1
|
|-ability|p2a: Blaziken|Speed Boost|boost
|-boost|p2a: Blaziken|spe|1
|upkeep
|turn|3
|
|t:|1743876541
|move|p2a: Blaziken|Close Combat|p1a: witch
|-crit|p1a: witch
|-damage|p1a: witch|0 fnt
|-unboost|p2a: Blaziken|def|1
|-unboost|p2a: Blaziken|spd|1
|faint|p1a: witch
|-damage|p2a: Blaziken|0 fnt|[from] item: Life Orb
|faint|p2a: Blaziken
|
|upkeep
|inactive|riloid has 120 seconds left.
|
|t:|1743876562
|switch|p1a: Super Porygon|Porygon2, shiny|100/100
|switch|p2a: Whimsicott|Whimsicott, M|100/100
|-ability|p1a: Super Porygon|Prankster|[from] ability: Trace|[of] p2a: Whimsicott
|turn|4
|
|t:|1743876571
|move|p2a: Whimsicott|Switcheroo|p1a: Super Porygon
|-activate|p2a: Whimsicott|move: Trick|[of] p1a: Super Porygon
|-item|p1a: Super Porygon|Choice Specs|[from] move: Switcheroo
|-item|p2a: Whimsicott|Eviolite|[from] move: Switcheroo
|move|p1a: Super Porygon|Ice Beam|p2a: Whimsicott
|-supereffective|p2a: Whimsicott
|-damage|p2a: Whimsicott|0 fnt
|faint|p2a: Whimsicott
|
|upkeep
|
|t:|1743876579
|switch|p2a: Rotom|Rotom-Wash|100/100
|turn|5
|
|t:|1743876591
|switch|p1a: Redmoon|Ursaluna, M|100/100
|move|p2a: Rotom|Hydro Pump|p1a: Redmoon
|-supereffective|p1a: Redmoon
|-damage|p1a: Redmoon|10/100
|
|-status|p1a: Redmoon|brn|[from] item: Flame Orb
|upkeep
|turn|6
|
|t:|1743876603
|move|p2a: Rotom|Hydro Pump|p1a: Redmoon|[miss]
|-miss|p2a: Rotom|p1a: Redmoon
|move|p1a: Redmoon|Crunch|p2a: Rotom
|-damage|p2a: Rotom|39/100
|
|-damage|p1a: Redmoon|4/100 brn|[from] brn
|upkeep
|turn|7
|
|t:|1743876614
|switch|p2a: Corviknight|Corviknight, M|100/100
|move|p1a: Redmoon|Crunch|p2a: Corviknight
|-damage|p2a: Corviknight|70/100
|-ability|p2a: Corviknight|Mirror Armor
|-unboost|p1a: Redmoon|def|1
|-damage|p1a: Redmoon|0 fnt|[from] item: Rocky Helmet|[of] p2a: Corviknight
|faint|p1a: Redmoon
|
|upkeep
|
|t:|1743876631
|switch|p1a: game changer|Dudunsparce, M|100/100
|turn|8
|
|t:|1743876636
|switch|p2a: Meowscarada|Meowscarada, F|100/100
|move|p1a: game changer|Ancient Power|p2a: Meowscarada
|-damage|p2a: Meowscarada|76/100
|-boost|p1a: game changer|atk|1
|-boost|p1a: game changer|def|1
|-boost|p1a: game changer|spa|1
|-boost|p1a: game changer|spd|1
|-boost|p1a: game changer|spe|1
|
|upkeep
|turn|9
|
|t:|1743876656
|move|p2a: Meowscarada|Trick|p1a: game changer
|-start|p2a: Meowscarada|typechange|Psychic|[from] ability: Protean
|-activate|p2a: Meowscarada|move: Trick|[of] p1a: game changer
|-item|p1a: game changer|Choice Band|[from] move: Trick
|-item|p2a: Meowscarada|Leftovers|[from] move: Trick
|move|p1a: game changer|Agility|p1a: game changer
|-boost|p1a: game changer|spe|2
|
|-heal|p2a: Meowscarada|82/100|[from] item: Leftovers
|upkeep
|turn|10
|inactive|riloid has 120 seconds left.
|
|t:|1743876676
|switch|p1a: World|Snorlax, F, shiny|100/100
|switch|p2a: Clodsire|Clodsire, F|100/100
|
|upkeep
|turn|11
|inactive|riloid has 120 seconds left.
|
|t:|1743876694
|move|p1a: World|Curse|p1a: World
|-unboost|p1a: World|spe|1
|-boost|p1a: World|atk|1
|-boost|p1a: World|def|1
|move|p2a: Clodsire|Toxic|p1a: World
|-immune|p1a: World|[from] ability: Immunity
|
|upkeep
|turn|12
|inactive|riloid has 120 seconds left.
|
|t:|1743876704
|move|p2a: Clodsire|Earthquake|p1a: World
|-damage|p1a: World|76/100
|move|p1a: World|Heavy Slam|p2a: Clodsire
|-crit|p2a: Clodsire
|-damage|p2a: Clodsire|66/100
|
|-heal|p2a: Clodsire|73/100|[from] item: Black Sludge
|-heal|p1a: World|82/100|[from] item: Leftovers
|upkeep
|turn|13
|inactive|riloid has 120 seconds left.
|
|t:|1743876714
|move|p2a: Clodsire|Earthquake|p1a: World
|-damage|p1a: World|58/100
|move|p1a: World|Curse|p1a: World
|-unboost|p1a: World|spe|1
|-boost|p1a: World|atk|1
|-boost|p1a: World|def|1
|
|-heal|p2a: Clodsire|79/100|[from] item: Black Sludge
|-heal|p1a: World|64/100|[from] item: Leftovers
|upkeep
|turn|14
|inactive|riloid has 120 seconds left.
|
|t:|1743876733
|move|p2a: Clodsire|Earthquake|p1a: World
|-damage|p1a: World|40/100
|move|p1a: World|Body Slam|p2a: Clodsire
|-damage|p2a: Clodsire|32/100
|
|-heal|p2a: Clodsire|38/100|[from] item: Black Sludge
|-heal|p1a: World|46/100|[from] item: Leftovers
|upkeep
|turn|15
|inactive|riloid has 120 seconds left.
|
|t:|1743876747
|move|p2a: Clodsire|Recover|p2a: Clodsire
|-heal|p2a: Clodsire|88/100
|move|p1a: World|Body Slam|p2a: Clodsire
|-damage|p2a: Clodsire|42/100
|-status|p2a: Clodsire|par
|
|-heal|p1a: World|52/100|[from] item: Leftovers
|-heal|p2a: Clodsire|48/100 par|[from] item: Black Sludge
|upkeep
|turn|16
|inactive|riloid has 120 seconds left.
|
|t:|1743876762
|move|p1a: World|Body Slam|p2a: Clodsire
|-damage|p2a: Clodsire|4/100 par
|move|p2a: Clodsire|Recover|p2a: Clodsire
|-heal|p2a: Clodsire|54/100 par
|
|-heal|p1a: World|59/100|[from] item: Leftovers
|-heal|p2a: Clodsire|60/100 par|[from] item: Black Sludge
|upkeep
|turn|17
|
|t:|1743876772
|move|p1a: World|Curse|p1a: World
|-unboost|p1a: World|spe|1
|-boost|p1a: World|atk|1
|-boost|p1a: World|def|1
|move|p2a: Clodsire|Earthquake|p1a: World
|-damage|p1a: World|32/100
|
|-heal|p1a: World|38/100|[from] item: Leftovers
|-heal|p2a: Clodsire|66/100 par|[from] item: Black Sludge
|upkeep
|turn|18
|
|t:|1743876783
|cant|p2a: Clodsire|par
|move|p1a: World|Body Slam|p2a: Clodsire
|-damage|p2a: Clodsire|21/100 par
|
|-heal|p2a: Clodsire|27/100 par|[from] item: Black Sludge
|-heal|p1a: World|44/100|[from] item: Leftovers
|upkeep
|turn|19
|
|t:|1743876796
|move|p1a: World|Body Slam|p2a: Clodsire
|-damage|p2a: Clodsire|0 fnt
|faint|p2a: Clodsire
|
|-heal|p1a: World|50/100|[from] item: Leftovers
|upkeep
|
|t:|1743876803
|switch|p2a: Rotom|Rotom-Wash|39/100
|turn|20
|
|t:|1743876808
|move|p2a: Rotom|Volt Switch|p1a: World
|-damage|p1a: World|32/100
|
|t:|1743876811
|switch|p2a: Corviknight|Corviknight, M|70/100|[from] Volt Switch
|move|p1a: World|Body Slam|p2a: Corviknight
|-resisted|p2a: Corviknight
|-damage|p2a: Corviknight|40/100
|-damage|p1a: World|15/100|[from] item: Rocky Helmet|[of] p2a: Corviknight
|
|-heal|p1a: World|21/100|[from] item: Leftovers
|upkeep
|turn|21
|
|t:|1743876823
|move|p2a: Corviknight|Roost|p2a: Corviknight
|-heal|p2a: Corviknight|90/100
|-singleturn|p2a: Corviknight|move: Roost
|move|p1a: World|Rest|p1a: World
|-status|p1a: World|slp|[from] move: Rest
|-heal|p1a: World|100/100 slp|[silent]
|
|upkeep
|turn|22
|inactive|riloid has 120 seconds left.
|
|t:|1743876871
|move|p2a: Corviknight|Bulk Up|p2a: Corviknight
|-boost|p2a: Corviknight|atk|1
|-boost|p2a: Corviknight|def|1
|cant|p1a: World|slp
|
|upkeep
|turn|23
|
|t:|1743876884
|move|p2a: Corviknight|Bulk Up|p2a: Corviknight
|-boost|p2a: Corviknight|atk|1
|-boost|p2a: Corviknight|def|1
|cant|p1a: World|slp
|
|upkeep
|turn|24
|inactive|riloid has 90 seconds left.
|
|t:|1743876910
|switch|p2a: Meowscarada|Meowscarada, F|82/100
|-curestatus|p1a: World|slp|[msg]
|move|p1a: World|Body Slam|p2a: Meowscarada
|-damage|p2a: Meowscarada|0 fnt
|faint|p2a: Meowscarada
|
|upkeep
|-message|izoky forfeited.
|
|win|riloid
|raw|riloid's rating: 1178 &rarr; <strong>1205</strong><br />(+27 for winning)
|raw|izoky's rating: 1208 &rarr; <strong>1181</strong><br />(-27 for losing)
|l|☆izoky
|player|p2|
|l|☆riloid
|player|p1|
