|j|☆annexd
|j|☆malaria moose
|t:|1743883463
|gametype|singles
|player|p1|annexd|101|1280
|player|p2|malaria moose|clerk|1268
|teamsize|p1|6
|teamsize|p2|6
|gen|9
|tier|[Gen 9] OU
|rated|
|rule|HP Percentage Mod: HP is shown in percentages
|rule|Endless Battle Clause: Forcing endless battles is banned
|rule|Species Clause: Limit one of each Pokémon
|rule|OHKO Clause: OHKO moves are banned
|rule|Evasion Items Clause: Evasion items are banned
|rule|Evasion Moves Clause: Evasion moves are banned
|rule|Sleep Moves Clause: Sleep-inducing moves are banned
|clearpoke
|poke|p1|Enamorus, F|
|poke|p1|Sinistcha|
|poke|p1|Kingambit, M|
|poke|p1|Iron Crown|
|poke|p1|Dragapult, M|
|poke|p1|Dragalge, M|
|poke|p2|Iron Moth|
|poke|p2|Primarina, F|
|poke|p2|Kingambit, F|
|poke|p2|Zamazenta-*|
|poke|p2|Great Tusk|
|poke|p2|Kyurem|
|teampreview
|inactive|Battle timer is ON: inactive players will automatically lose when time's up. (requested by malaria moose)
|
|t:|1743883480
|start
|switch|p1a: Dragapult|Dragapult, M|100/100
|switch|p2a: Primarina|Primarina, F|100/100
|turn|1
|
|t:|1743883494
|switch|p1a: Dragalge|Dragalge, M|100/100
|move|p2a: Primarina|Moonblast|p1a: Dragalge
|-damage|p1a: Dragalge|68/100
|
|-heal|p1a: Dragalge|74/100|[from] item: Leftovers
|upkeep
|turn|2
|
|t:|1743883503
|move|p2a: Primarina|Flip Turn|p1a: Dragalge
|-resisted|p1a: Dragalge
|-damage|p1a: Dragalge|66/100
|
|t:|1743883507
|switch|p2a: Great Tusk|Great Tusk|100/100|[from] Flip Turn
|move|p1a: Dragalge|Toxic Spikes|p2a: Great Tusk
|-sidestart|p2: malaria moose|move: Toxic Spikes
|
|-heal|p1a: Dragalge|72/100|[from] item: Leftovers
|upkeep
|turn|3
|
|t:|1743883520
|move|p2a: Great Tusk|Rapid Spin|p1a: Dragalge
|-damage|p1a: Dragalge|55/100
|-boost|p2a: Great Tusk|spe|1
|-sideend|p2: malaria moose|Toxic Spikes|[from] move: Rapid Spin|[of] p2a: Great Tusk
|move|p1a: Dragalge|Dragon Tail|p2a: Great Tusk
|-damage|p2a: Great Tusk|79/100
|-damage|p1a: Dragalge|38/100|[from] item: Rocky Helmet|[of] p2a: Great Tusk
|-end|p2a: Great Tusk|Protosynthesis|[silent]
|drag|p2a: Primarina|Primarina, F|100/100
|
|-heal|p1a: Dragalge|44/100|[from] item: Leftovers
|upkeep
|turn|4
|
|t:|1743883532
|move|p2a: Primarina|Flip Turn|p1a: Dragalge
|-resisted|p1a: Dragalge
|-damage|p1a: Dragalge|36/100
|
|t:|1743883534
|switch|p2a: Great Tusk|Great Tusk|79/100|[from] Flip Turn
|move|p1a: Dragalge|Flip Turn|p2a: Great Tusk
|-supereffective|p2a: Great Tusk
|-damage|p2a: Great Tusk|59/100
|-damage|p1a: Dragalge|20/100|[from] item: Rocky Helmet|[of] p2a: Great Tusk
|
|t:|1743883539
|switch|p1a: Enamorus|Enamorus, F|100/100|[from] Flip Turn
|
|upkeep
|turn|5
|
|t:|1743883558
|-end|p2a: Great Tusk|Protosynthesis|[silent]
|switch|p2a: Kingambit|Kingambit, F|100/100
|move|p1a: Enamorus|Moonblast|p2a: Kingambit
|-damage|p2a: Kingambit|22/100
|-unboost|p2a: Kingambit|spa|1
|
|-heal|p2a: Kingambit|28/100|[from] item: Leftovers
|upkeep
|turn|6
|
|t:|1743883576
|move|p1a: Enamorus|Moonblast|p2a: Kingambit
|-damage|p2a: Kingambit|0 fnt
|faint|p2a: Kingambit
|-end|p2a: Kingambit|fallenundefined|[silent]
|
|upkeep
|
|t:|1743883583
|switch|p2a: Kyurem|Kyurem|100/100
|-ability|p2a: Kyurem|Pressure
|turn|7
|
|t:|1743883599
|switch|p1a: Dragalge|Dragalge, M|20/100
|-terastallize|p2a: Kyurem|Electric
|move|p2a: Kyurem|Tera Blast|p1a: Dragalge|[anim] Tera Blast Electric
|-resisted|p1a: Dragalge
|-damage|p1a: Dragalge|0 fnt
|faint|p1a: Dragalge
|
|upkeep
|
|t:|1743883604
|switch|p1a: Iron Crown|Iron Crown|100/100
|turn|8
|
|t:|1743883607
|move|p2a: Kyurem|Dragon Dance|p2a: Kyurem
|-boost|p2a: Kyurem|atk|1
|-boost|p2a: Kyurem|spe|1
|move|p1a: Iron Crown|Tachyon Cutter|p2a: Kyurem
|-resisted|p2a: Kyurem
|-crit|p2a: Kyurem
|-damage|p2a: Kyurem|87/100
|-resisted|p2a: Kyurem
|-damage|p2a: Kyurem|76/100
|-hitcount|p2a: Kyurem|2
|
|upkeep
|turn|9
|
|t:|1743883613
|-end|p1a: Iron Crown|Quark Drive|[silent]
|switch|p1a: Dragapult|Dragapult, M|100/100
|move|p2a: Kyurem|Dragon Dance|p2a: Kyurem
|-boost|p2a: Kyurem|atk|1
|-boost|p2a: Kyurem|spe|1
|
|upkeep
|turn|10
|
|t:|1743883620
|-terastallize|p1a: Dragapult|Steel
|move|p2a: Kyurem|Scale Shot|p1a: Dragapult
|-resisted|p1a: Dragapult
|-damage|p1a: Dragapult|85/100
|-resisted|p1a: Dragapult
|-damage|p1a: Dragapult|69/100
|-start|p2a: Kyurem|Disable|Scale Shot|[from] ability: Cursed Body|[of] p1a: Dragapult
|-resisted|p1a: Dragapult
|-damage|p1a: Dragapult|52/100
|-resisted|p1a: Dragapult
|-damage|p1a: Dragapult|35/100
|-resisted|p1a: Dragapult
|-damage|p1a: Dragapult|19/100
|-hitcount|p1a: Dragapult|5
|-unboost|p2a: Kyurem|def|1
|-boost|p2a: Kyurem|spe|1
|move|p1a: Dragapult|Reflect|p1a: Dragapult
|-sidestart|p1: annexd|Reflect
|
|upkeep
|turn|11
|
|t:|1743883627
|move|p2a: Kyurem|Icicle Spear|p1a: Dragapult
|-resisted|p1a: Dragapult
|-damage|p1a: Dragapult|10/100
|-resisted|p1a: Dragapult
|-damage|p1a: Dragapult|2/100
|-resisted|p1a: Dragapult
|-damage|p1a: Dragapult|0 fnt
|faint|p1a: Dragapult
|-hitcount|p1: Dragapult|3
|
|upkeep
|
|t:|1743883633
|switch|p1a: Kingambit|Kingambit, M|100/100
|-activate|p1a: Kingambit|ability: Supreme Overlord
|-start|p1a: Kingambit|fallen2|[silent]
|turn|12
|inactive|malaria moose has 120 seconds left.
|
|t:|1743883671
|move|p2a: Kyurem|Tera Blast|p1a: Kingambit|[anim] Tera Blast Electric
|-damage|p1a: Kingambit|69/100
|move|p1a: Kingambit|Kowtow Cleave|p2a: Kyurem
|-damage|p2a: Kyurem|0 fnt
|faint|p2a: Kyurem
|
|upkeep
|
|t:|1743883678
|switch|p2a: Primarina|Primarina, F|100/100
|turn|13
|
|t:|1743883681
|move|p2a: Primarina|Moonblast|p1a: Kingambit
|-damage|p1a: Kingambit|28/100
|move|p1a: Kingambit|Swords Dance|p1a: Kingambit
|-boost|p1a: Kingambit|atk|2
|
|upkeep
|turn|14
|
|t:|1743883686
|-end|p1a: Kingambit|fallen2|[silent]
|switch|p1a: Iron Crown|Iron Crown|100/100
|move|p2a: Primarina|Moonblast|p1a: Iron Crown
|-resisted|p1a: Iron Crown
|-damage|p1a: Iron Crown|93/100
|
|upkeep
|turn|15
|
|t:|1743883691
|move|p1a: Iron Crown|Psychic Noise|p2a: Primarina
|-damage|p2a: Primarina|87/100
|-start|p2a: Primarina|move: Heal Block
|move|p2a: Primarina|Flip Turn|p1a: Iron Crown
|-damage|p1a: Iron Crown|86/100
|
|t:|1743883698
|switch|p2a: Zamazenta|Zamazenta|100/100|[from] Flip Turn
|-ability|p2a: Zamazenta|Dauntless Shield|boost
|-boost|p2a: Zamazenta|def|1
|
|upkeep
|turn|16
|
|t:|1743883701
|move|p2a: Zamazenta|Body Press|p1a: Iron Crown
|-damage|p1a: Iron Crown|60/100
|move|p1a: Iron Crown|Psychic Noise|p2a: Zamazenta
|-supereffective|p2a: Zamazenta
|-damage|p2a: Zamazenta|45/100
|-start|p2a: Zamazenta|move: Heal Block
|
|upkeep
|turn|17
|
|t:|1743883706
|move|p2a: Zamazenta|Body Press|p1a: Iron Crown
|-damage|p1a: Iron Crown|36/100
|move|p1a: Iron Crown|Psychic Noise|p2a: Zamazenta
|-supereffective|p2a: Zamazenta
|-damage|p2a: Zamazenta|0 fnt
|faint|p2a: Zamazenta
|
|-sideend|p1: annexd|Reflect
|upkeep
|
|t:|1743883711
|switch|p2a: Iron Moth|Iron Moth|100/100
|-enditem|p2a: Iron Moth|Booster Energy
|-activate|p2a: Iron Moth|ability: Quark Drive|[fromitem]
|-start|p2a: Iron Moth|quarkdrivespe
|turn|18
|
|t:|1743883715
|move|p2a: Iron Moth|Fiery Dance|p1a: Iron Crown
|-supereffective|p1a: Iron Crown
|-damage|p1a: Iron Crown|0 fnt
|faint|p1a: Iron Crown
|-end|p1a: Iron Crown|Quark Drive|[silent]
|
|upkeep
|
|t:|1743883723
|switch|p1a: Sinistcha|Sinistcha|100/100
|turn|19
|
|t:|1743883731
|move|p2a: Iron Moth|Fiery Dance|p1a: Sinistcha
|-supereffective|p1a: Sinistcha
|-damage|p1a: Sinistcha|69/100
|-boost|p2a: Iron Moth|spa|1
|move|p1a: Sinistcha|Matcha Gotcha|p2a: Iron Moth
|-resisted|p2a: Iron Moth
|-damage|p2a: Iron Moth|92/100
|-heal|p1a: Sinistcha|73/100|[from] drain|[of] p2a: Iron Moth
|
|-heal|p1a: Sinistcha|79/100|[from] item: Leftovers
|upkeep
|turn|20
|
|t:|1743883742
|move|p2a: Iron Moth|Fiery Dance|p1a: Sinistcha
|-supereffective|p1a: Sinistcha
|-damage|p1a: Sinistcha|24/100
|-boost|p2a: Iron Moth|spa|1
|move|p1a: Sinistcha|Calm Mind|p1a: Sinistcha
|-boost|p1a: Sinistcha|spa|1
|-boost|p1a: Sinistcha|spd|1
|
|-heal|p1a: Sinistcha|31/100|[from] item: Leftovers
|upkeep
|turn|21
|
|t:|1743883747
|move|p2a: Iron Moth|Fiery Dance|p1a: Sinistcha
|-supereffective|p1a: Sinistcha
|-damage|p1a: Sinistcha|0 fnt
|faint|p1a: Sinistcha
|
|upkeep
|
|t:|1743883749
|switch|p1a: Kingambit|Kingambit, M|28/100
|-activate|p1a: Kingambit|ability: Supreme Overlord
|-start|p1a: Kingambit|fallen4|[silent]
|turn|22
|
|t:|1743883752
|move|p1a: Kingambit|Sucker Punch|p2a: Iron Moth
|-damage|p2a: Iron Moth|0 fnt
|faint|p2a: Iron Moth
|-end|p2a: Iron Moth|Quark Drive|[silent]
|
|upkeep
|
|t:|1743883758
|switch|p2a: Great Tusk|Great Tusk|59/100
|turn|23
|
|t:|1743883761
|move|p1a: Kingambit|Sucker Punch|p2a: Great Tusk
|-resisted|p2a: Great Tusk
|-damage|p2a: Great Tusk|39/100
|-damage|p1a: Kingambit|12/100|[from] item: Rocky Helmet|[of] p2a: Great Tusk
|move|p2a: Great Tusk|Headlong Rush|p1a: Kingambit
|-supereffective|p1a: Kingambit
|-damage|p1a: Kingambit|0 fnt
|-unboost|p2a: Great Tusk|def|1
|-unboost|p2a: Great Tusk|spd|1
|faint|p1a: Kingambit
|-end|p1a: Kingambit|fallen4|[silent]
|
|upkeep
|
|t:|1743883764
|switch|p1a: Enamorus|Enamorus, F|100/100
|turn|24
|
|t:|1743883768
|move|p1a: Enamorus|Moonblast|p2a: Great Tusk
|-supereffective|p2a: Great Tusk
|-damage|p2a: Great Tusk|0 fnt
|faint|p2a: Great Tusk
|-end|p2a: Great Tusk|Protosynthesis|[silent]
|
|upkeep
|
|t:|1743883770
|switch|p2a: Primarina|Primarina, F|87/100
|turn|25
|
|t:|1743883774
|move|p1a: Enamorus|Moonblast|p2a: Primarina
|-damage|p2a: Primarina|55/100
|move|p2a: Primarina|Surf|p1a: Enamorus
|-damage|p1a: Enamorus|49/100
|
|upkeep
|turn|26
|
|t:|1743883777
|move|p1a: Enamorus|Moonblast|p2a: Primarina
|-damage|p2a: Primarina|21/100
|-unboost|p2a: Primarina|spa|1
|move|p2a: Primarina|Surf|p1a: Enamorus
|-crit|p1a: Enamorus
|-damage|p1a: Enamorus|0 fnt
|faint|p1a: Enamorus
|
|win|malaria moose
|raw|annexd's rating: 1280 &rarr; <strong>1254</strong><br />(-26 for losing)
|raw|malaria moose's rating: 1268 &rarr; <strong>1294</strong><br />(+26 for winning)
|l|☆malaria moose
|player|p2|
