|j|☆tdd20070515兹伏奇大吾
|j|☆hamoodiscute
|t:|1743821272
|gametype|singles
|player|p1|tdd20070515兹伏奇大吾|steven-masters2|1474
|player|p2|hamoodiscute|265|1448
|teamsize|p1|6
|teamsize|p2|6
|gen|9
|tier|[Gen 9] OU
|rated|
|rule|HP Percentage Mod: HP is shown in percentages
|rule|Endless Battle Clause: Forcing endless battles is banned
|rule|Species Clause: Limit one of each Pokémon
|rule|OHKO Clause: OHKO moves are banned
|rule|Evasion Items Clause: Evasion items are banned
|rule|Evasion Moves Clause: Evasion moves are banned
|rule|Sleep Moves Clause: Sleep-inducing moves are banned
|clearpoke
|poke|p1|Great Tusk|
|poke|p1|Alomomola, F|
|poke|p1|Hydreigon, M|
|poke|p1|Metagross|
|poke|p1|Sinistcha-Masterpiece|
|poke|p1|Zamazenta-*|
|poke|p2|Dragonite, F|
|poke|p2|Ting-Lu|
|poke|p2|Gholdengo|
|poke|p2|Iron Valiant|
|poke|p2|Zamazenta-*|
|poke|p2|Kingambit, M|
|teampreview
|
|t:|1743821302
|start
|switch|p1a: Zamazenta|Zamazenta|100/100
|switch|p2a: Gholdengo|Gholdengo|100/100
|-ability|p1a: Zamazenta|Dauntless Shield|boost
|-boost|p1a: Zamazenta|def|1
|-item|p2a: Gholdengo|Air Balloon
|turn|1
|
|t:|1743821311
|move|p1a: Zamazenta|Crunch|p2a: Gholdengo
|-supereffective|p2a: Gholdengo
|-damage|p2a: Gholdengo|0 fnt
|-enditem|p2a: Gholdengo|Air Balloon
|faint|p2a: Gholdengo
|
|upkeep
|
|t:|1743821320
|switch|p2a: Iron Valiant|Iron Valiant|100/100
|-enditem|p2a: Iron Valiant|Booster Energy
|-activate|p2a: Iron Valiant|ability: Quark Drive|[fromitem]
|-start|p2a: Iron Valiant|quarkdrivespe
|turn|2
|
|t:|1743821327
|switch|p1a: 最后我第一，又强又厉害|Metagross|100/100
|move|p2a: Iron Valiant|Calm Mind|p2a: Iron Valiant
|-boost|p2a: Iron Valiant|spa|1
|-boost|p2a: Iron Valiant|spd|1
|
|upkeep
|turn|3
|
|t:|1743821330
|-terastallize|p2a: Iron Valiant|Electric
|-terastallize|p1a: 最后我第一，又强又厉害|Fairy
|move|p2a: Iron Valiant|Thunderbolt|p1a: 最后我第一，又强又厉害
|-damage|p1a: 最后我第一，又强又厉害|48/100
|move|p1a: 最后我第一，又强又厉害|Heavy Slam|p2a: Iron Valiant
|-resisted|p2a: Iron Valiant
|-damage|p2a: Iron Valiant|67/100
|
|-heal|p1a: 最后我第一，又强又厉害|54/100|[from] item: Leftovers
|upkeep
|turn|4
|
|t:|1743821351
|move|p2a: Iron Valiant|Moonblast|p1a: 最后我第一，又强又厉害
|-damage|p1a: 最后我第一，又强又厉害|8/100
|move|p1a: 最后我第一，又强又厉害|Heavy Slam|p2a: Iron Valiant
|-resisted|p2a: Iron Valiant
|-damage|p2a: Iron Valiant|34/100
|
|-heal|p1a: 最后我第一，又强又厉害|14/100|[from] item: Leftovers
|upkeep
|turn|5
|
|t:|1743821360
|move|p2a: Iron Valiant|Moonblast|p1a: 最后我第一，又强又厉害
|-damage|p1a: 最后我第一，又强又厉害|0 fnt
|faint|p1a: 最后我第一，又强又厉害
|
|upkeep
|
|t:|1743821361
|switch|p1a: 来悲茶吗|Sinistcha-Masterpiece|100/100
|turn|6
|
|t:|1743821365
|move|p2a: Iron Valiant|Moonblast|p1a: 来悲茶吗
|-damage|p1a: 来悲茶吗|13/100
|-unboost|p1a: 来悲茶吗|spa|1
|move|p1a: 来悲茶吗|Matcha Gotcha|p2a: Iron Valiant
|-damage|p2a: Iron Valiant|11/100
|-heal|p1a: 来悲茶吗|23/100|[from] drain|[of] p2a: Iron Valiant
|-status|p2a: Iron Valiant|brn
|
|-damage|p2a: Iron Valiant|4/100 brn|[from] brn
|upkeep
|turn|7
|
|t:|1743821375
|switch|p1a: 大吾私人保姆|Alomomola, F|100/100
|move|p2a: Iron Valiant|Moonblast|p1a: 大吾私人保姆
|-damage|p1a: 大吾私人保姆|47/100
|
|-damage|p2a: Iron Valiant|0 fnt|[from] brn
|faint|p2a: Iron Valiant
|-end|p2a: Iron Valiant|Quark Drive|[silent]
|upkeep
|
|t:|1743821380
|switch|p2a: Dragonite|Dragonite, F|100/100
|turn|8
|
|t:|1743821394
|move|p2a: Dragonite|Dragon Dance|p2a: Dragonite
|-boost|p2a: Dragonite|atk|1
|-boost|p2a: Dragonite|spe|1
|move|p1a: 大吾私人保姆|Wish|p1a: 大吾私人保姆
|
|upkeep
|turn|9
|
|t:|1743821400
|switch|p1a: 战斗，然后死吧!|Great Tusk|100/100
|move|p2a: Dragonite|Encore||[still]
|-fail|p2a: Dragonite
|
|upkeep
|turn|10
|
|t:|1743821407
|move|p2a: Dragonite|Low Kick|p1a: 战斗，然后死吧!
|-damage|p1a: 战斗，然后死吧!|66/100
|move|p1a: 战斗，然后死吧!|Ice Spinner|p2a: Dragonite
|-supereffective|p2a: Dragonite
|-crit|p2a: Dragonite
|-damage|p2a: Dragonite|21/100
|
|-heal|p1a: 战斗，然后死吧!|73/100|[from] item: Leftovers
|upkeep
|turn|11
|
|t:|1743821415
|switch|p2a: Ting-Lu|Ting-Lu|100/100
|-ability|p2a: Ting-Lu|Vessel of Ruin
|move|p1a: 战斗，然后死吧!|Ice Spinner|p2a: Ting-Lu
|-supereffective|p2a: Ting-Lu
|-damage|p2a: Ting-Lu|74/100
|-enditem|p2a: Ting-Lu|Red Card|[of] p1a: 战斗，然后死吧!
|-end|p1a: 战斗，然后死吧!|Protosynthesis|[silent]
|drag|p1a: 来悲茶吗|Sinistcha-Masterpiece|23/100
|
|upkeep
|turn|12
|
|t:|1743821422
|move|p1a: 来悲茶吗|Strength Sap|p2a: Ting-Lu
|-unboost|p2a: Ting-Lu|atk|1
|-heal|p1a: 来悲茶吗|97/100
|move|p2a: Ting-Lu|Stealth Rock|p1a: 来悲茶吗
|-sidestart|p1: tdd20070515兹伏奇大吾|move: Stealth Rock
|
|upkeep
|turn|13
|
|t:|1743821427
|move|p1a: 来悲茶吗|Calm Mind|p1a: 来悲茶吗
|-boost|p1a: 来悲茶吗|spa|1
|-boost|p1a: 来悲茶吗|spd|1
|move|p2a: Ting-Lu|Ruination|p1a: 来悲茶吗
|-damage|p1a: 来悲茶吗|49/100
|
|upkeep
|turn|14
|
|t:|1743821430
|switch|p2a: Kingambit|Kingambit, M|100/100
|-activate|p2a: Kingambit|ability: Supreme Overlord
|-start|p2a: Kingambit|fallen2|[silent]
|move|p1a: 来悲茶吗|Matcha Gotcha|p2a: Kingambit
|-resisted|p2a: Kingambit
|-damage|p2a: Kingambit|70/100
|-heal|p1a: 来悲茶吗|64/100|[from] drain|[of] p2a: Kingambit
|
|upkeep
|turn|15
|
|t:|1743821438
|move|p2a: Kingambit|Kowtow Cleave|p1a: 来悲茶吗
|-supereffective|p1a: 来悲茶吗
|-damage|p1a: 来悲茶吗|0 fnt
|faint|p1a: 来悲茶吗
|
|upkeep
|
|t:|1743821442
|switch|p1a: Zamazenta|Zamazenta|100/100
|-damage|p1a: Zamazenta|94/100|[from] Stealth Rock
|turn|16
|
|t:|1743821448
|-end|p2a: Kingambit|fallen2|[silent]
|switch|p2a: Dragonite|Dragonite, F|21/100
|move|p1a: Zamazenta|Close Combat|p2a: Dragonite
|-resisted|p2a: Dragonite
|-damage|p2a: Dragonite|0 fnt
|-unboost|p1a: Zamazenta|def|1
|-unboost|p1a: Zamazenta|spd|1
|faint|p2a: Dragonite
|
|upkeep
|
|t:|1743821455
|switch|p2a: Zamazenta|Zamazenta|100/100
|-ability|p2a: Zamazenta|Dauntless Shield|boost
|-boost|p2a: Zamazenta|def|1
|turn|17
|
|t:|1743821476
|switch|p1a: 大吾私人保姆|Alomomola, F|80/100
|move|p2a: Zamazenta|Close Combat|p1a: 大吾私人保姆
|-damage|p1a: 大吾私人保姆|38/100
|-unboost|p2a: Zamazenta|def|1
|-unboost|p2a: Zamazenta|spd|1
|
|upkeep
|turn|18
|
|t:|1743821482
|move|p2a: Zamazenta|Howl|p2a: Zamazenta
|-boost|p2a: Zamazenta|atk|1
|move|p1a: 大吾私人保姆|Flip Turn|p2a: Zamazenta
|-damage|p2a: Zamazenta|85/100
|
|t:|1743821485
|switch|p1a: Zamazenta|Zamazenta|94/100|[from] Flip Turn
|-damage|p1a: Zamazenta|88/100|[from] Stealth Rock
|
|upkeep
|turn|19
|
|t:|1743821488
|move|p2a: Zamazenta|Close Combat|p1a: Zamazenta
|-damage|p1a: Zamazenta|5/100
|-unboost|p2a: Zamazenta|def|1
|-unboost|p2a: Zamazenta|spd|1
|move|p1a: Zamazenta|Close Combat|p2a: Zamazenta
|-damage|p2a: Zamazenta|0 fnt
|-unboost|p1a: Zamazenta|def|1
|-unboost|p1a: Zamazenta|spd|1
|faint|p2a: Zamazenta
|
|upkeep
|
|t:|1743821492
|switch|p2a: Kingambit|Kingambit, M|70/100
|-activate|p2a: Kingambit|ability: Supreme Overlord
|-start|p2a: Kingambit|fallen4|[silent]
|turn|20
|
|t:|1743821496
|move|p2a: Kingambit|Sucker Punch|p1a: Zamazenta
|-resisted|p1a: Zamazenta
|-crit|p1a: Zamazenta
|-damage|p1a: Zamazenta|0 fnt
|faint|p1a: Zamazenta
|
|upkeep
|
|t:|1743821497
|switch|p1a: 战斗，然后死吧!|Great Tusk|73/100
|-damage|p1a: 战斗，然后死吧!|70/100|[from] Stealth Rock
|turn|21
|
|t:|1743821502
|-end|p2a: Kingambit|fallen4|[silent]
|switch|p2a: Ting-Lu|Ting-Lu|74/100
|-ability|p2a: Ting-Lu|Vessel of Ruin
|move|p1a: 战斗，然后死吧!|Bulk Up|p1a: 战斗，然后死吧!
|-boost|p1a: 战斗，然后死吧!|atk|1
|-boost|p1a: 战斗，然后死吧!|def|1
|
|-heal|p1a: 战斗，然后死吧!|76/100|[from] item: Leftovers
|upkeep
|turn|22
|
|t:|1743821505
|move|p1a: 战斗，然后死吧!|Rapid Spin|p2a: Ting-Lu
|-damage|p2a: Ting-Lu|61/100
|-boost|p1a: 战斗，然后死吧!|spe|1
|-sideend|p1: tdd20070515兹伏奇大吾|Stealth Rock|[from] move: Rapid Spin|[of] p1a: 战斗，然后死吧!
|move|p2a: Ting-Lu|Taunt|p1a: 战斗，然后死吧!
|-start|p1a: 战斗，然后死吧!|move: Taunt
|
|-heal|p1a: 战斗，然后死吧!|82/100|[from] item: Leftovers
|upkeep
|turn|23
|
|t:|1743821510
|move|p1a: 战斗，然后死吧!|Ice Spinner|p2a: Ting-Lu
|-supereffective|p2a: Ting-Lu
|-damage|p2a: Ting-Lu|25/100
|move|p2a: Ting-Lu|Ruination|p1a: 战斗，然后死吧!
|-damage|p1a: 战斗，然后死吧!|41/100
|
|-heal|p1a: 战斗，然后死吧!|48/100|[from] item: Leftovers
|upkeep
|turn|24
|
|t:|1743821513
|move|p1a: 战斗，然后死吧!|Ice Spinner|p2a: Ting-Lu
|-supereffective|p2a: Ting-Lu
|-damage|p2a: Ting-Lu|0 fnt
|faint|p2a: Ting-Lu
|
|-heal|p1a: 战斗，然后死吧!|54/100|[from] item: Leftovers
|upkeep
|
|t:|1743821516
|switch|p2a: Kingambit|Kingambit, M|70/100
|-activate|p2a: Kingambit|ability: Supreme Overlord
|-start|p2a: Kingambit|fallen5|[silent]
|turn|25
|
|t:|1743821518
|move|p1a: 战斗，然后死吧!|Earthquake|p2a: Kingambit
|-supereffective|p2a: Kingambit
|-damage|p2a: Kingambit|0 fnt
|faint|p2a: Kingambit
|-end|p2a: Kingambit|fallen5|[silent]
|
|win|tdd20070515兹伏奇大吾
|raw|tdd20070515兹伏奇大吾's rating: 1474 &rarr; <strong>1493</strong><br />(+19 for winning)
|raw|hamoodiscute's rating: 1448 &rarr; <strong>1429</strong><br />(-19 for losing)
