|j|☆nebbely
|j|☆Otilia
|t:|1743827400
|gametype|singles
|player|p1|nebbely|preschoolerf|1050
|player|p2|Otilia|pryce|1076
|teamsize|p1|6
|teamsize|p2|6
|gen|9
|tier|[Gen 9] OU
|rated|
|rule|HP Percentage Mod: HP is shown in percentages
|rule|Endless Battle Clause: Forcing endless battles is banned
|rule|Species Clause: Limit one of each Pokémon
|rule|OHKO Clause: OHKO moves are banned
|rule|Evasion Items Clause: Evasion items are banned
|rule|Evasion Moves Clause: Evasion moves are banned
|rule|Sleep Moves Clause: Sleep-inducing moves are banned
|clearpoke
|poke|p1|Basculegion, M|
|poke|p1|Arcanine-Hisui, F|
|poke|p1|Cloyster, M|
|poke|p1|Sableye, F|
|poke|p1|Metagross|
|poke|p1|Tinkaton, F|
|poke|p2|Ninetales-Alola, F|
|poke|p2|Mamoswine, M|
|poke|p2|Lapras, F|
|poke|p2|Cetitan, M|
|poke|p2|Articuno|
|poke|p2|Cloyster, F|
|teampreview
|inactive|Battle timer is ON: inactive players will automatically lose when time's up. (requested by nebbely)
|inactive|Otilia has 120 seconds left.
|
|t:|1743827441
|start
|switch|p1a: Basculegion|Basculegion, M|100/100
|switch|p2a: Cloyster|Cloyster, F|100/100
|turn|1
|
|t:|1743827450
|-terastallize|p2a: Cloyster|Water
|move|p2a: Cloyster|Shell Smash|p2a: Cloyster
|-unboost|p2a: Cloyster|def|1
|-unboost|p2a: Cloyster|spd|1
|-boost|p2a: Cloyster|atk|2
|-boost|p2a: Cloyster|spa|2
|-boost|p2a: Cloyster|spe|2
|move|p1a: Basculegion|Phantom Force||[still]
|-prepare|p1a: Basculegion|Phantom Force
|
|upkeep
|turn|2
|
|t:|1743827459
|move|p2a: Cloyster|Spikes|p1a: Basculegion
|-sidestart|p1: nebbely|Spikes
|move|p1a: Basculegion|Phantom Force|p2a: Cloyster|[from] lockedmove
|-damage|p2a: Cloyster|5/100
|-damage|p1a: Basculegion|91/100|[from] item: Life Orb
|
|upkeep
|turn|3
|
|t:|1743827465
|move|p1a: Basculegion|Aqua Jet|p2a: Cloyster
|-resisted|p2a: Cloyster
|-damage|p2a: Cloyster|0 fnt
|faint|p2a: Cloyster
|-damage|p1a: Basculegion|81/100|[from] item: Life Orb
|
|upkeep
|
|t:|1743827474
|switch|p2a: Nessie|Lapras, F, shiny|100/100
|turn|4
|
|t:|1743827480
|move|p1a: Basculegion|Phantom Force||[still]
|-prepare|p1a: Basculegion|Phantom Force
|move|p2a: Nessie|Freeze-Dry|p1a: Basculegion|[miss]
|-miss|p2a: Nessie|p1a: Basculegion
|
|upkeep
|turn|5
|
|t:|1743827494
|move|p1a: Basculegion|Phantom Force|p2a: Nessie|[from] lockedmove
|-damage|p2a: Nessie|30/100
|-damage|p1a: Basculegion|71/100|[from] item: Life Orb
|move|p2a: Nessie|Freeze-Dry|p1a: Basculegion
|-supereffective|p1a: Basculegion
|-damage|p1a: Basculegion|3/100
|
|upkeep
|turn|6
|
|t:|1743827502
|move|p1a: Basculegion|Phantom Force||[still]
|-prepare|p1a: Basculegion|Phantom Force
|move|p2a: Nessie|Freeze-Dry|p1a: Basculegion|[miss]
|-miss|p2a: Nessie|p1a: Basculegion
|
|upkeep
|turn|7
|
|t:|1743827506
|move|p1a: Basculegion|Phantom Force|p2a: Nessie|[from] lockedmove
|-damage|p2a: Nessie|0 fnt
|faint|p2a: Nessie
|-damage|p1a: Basculegion|0 fnt|[from] item: Life Orb
|faint|p1a: Basculegion
|
|upkeep
|
|t:|1743827513
|switch|p1a: Arcanine|Arcanine-Hisui, F|100/100
|switch|p2a: Baddie|Ninetales-Alola, F, shiny|100/100
|-damage|p1a: Arcanine|88/100|[from] Spikes
|-weather|Snowscape|[from] ability: Snow Warning|[of] p2a: Baddie
|turn|8
|
|t:|1743827523
|move|p1a: Arcanine|Head Smash|p2a: Baddie
|-supereffective|p2a: Baddie
|-damage|p2a: Baddie|0 fnt
|faint|p2a: Baddie
|
|-weather|Snowscape|[upkeep]
|upkeep
|
|t:|1743827534
|switch|p2a: Elephant|Mamoswine, M|100/100
|turn|9
|
|t:|1743827542
|-terastallize|p1a: Arcanine|Fire
|move|p1a: Arcanine|Head Smash|p2a: Elephant
|-damage|p2a: Elephant|48/100
|move|p2a: Elephant|Earthquake|p1a: Arcanine
|-supereffective|p1a: Arcanine
|-damage|p1a: Arcanine|0 fnt
|faint|p1a: Arcanine
|
|-weather|Snowscape|[upkeep]
|upkeep
|
|t:|1743827553
|switch|p1a: Tinkaton|Tinkaton, F|100/100
|-damage|p1a: Tinkaton|88/100|[from] Spikes
|-ability|p1a: Tinkaton|Mold Breaker
|turn|10
|
|t:|1743827559
|move|p1a: Tinkaton|Gigaton Hammer|p2a: Elephant
|-supereffective|p2a: Elephant
|-damage|p2a: Elephant|0 fnt
|faint|p2a: Elephant
|
|-weather|Snowscape|[upkeep]
|-heal|p1a: Tinkaton|94/100|[from] item: Leftovers
|upkeep
|
|t:|1743827566
|switch|p2a: Articuno|Articuno|100/100
|-ability|p2a: Articuno|Pressure
|turn|11
|
|t:|1743827572
|move|p1a: Tinkaton|Thunder Wave|p2a: Articuno
|-status|p2a: Articuno|par
|cant|p2a: Articuno|par
|
|-weather|Snowscape|[upkeep]
|-heal|p1a: Tinkaton|100/100|[from] item: Leftovers
|upkeep
|turn|12
|
|t:|1743827578
|move|p1a: Tinkaton|Gigaton Hammer|p2a: Articuno
|-supereffective|p2a: Articuno
|-damage|p2a: Articuno|13/100 par
|cant|p2a: Articuno|par
|
|-weather|none
|upkeep
|turn|13
|
|t:|1743827584
|move|p1a: Tinkaton|Play Rough|p2a: Articuno
|-damage|p2a: Articuno|0 fnt
|faint|p2a: Articuno
|
|upkeep
|
|t:|1743827591
|switch|p2a: Cetitan|Cetitan, M, shiny|100/100
|turn|14
|
|t:|1743827596
|move|p1a: Tinkaton|Gigaton Hammer|p2a: Cetitan
|-supereffective|p2a: Cetitan
|-damage|p2a: Cetitan|0 fnt
|faint|p2a: Cetitan
|
|win|nebbely
|raw|nebbely's rating: 1050 &rarr; <strong>1085</strong><br />(+35 for winning)
|raw|Otilia's rating: 1076 &rarr; <strong>1053</strong><br />(-23 for losing)
|l|☆nebbely
|player|p1|
