|j|☆jefedelamanda
|j|☆MREUhjrwuje
|t:|1743807490
|gametype|singles
|player|p1|jefedelamanda|tuber|1303
|player|p2|MREUhjrwuje|102|1362
|teamsize|p1|6
|teamsize|p2|6
|gen|9
|tier|[Gen 9] OU
|rated|
|rule|HP Percentage Mod: HP is shown in percentages
|rule|Endless Battle Clause: Forcing endless battles is banned
|rule|Species Clause: Limit one of each Pokémon
|rule|OHKO Clause: OHKO moves are banned
|rule|Evasion Items Clause: Evasion items are banned
|rule|Evasion Moves Clause: Evasion moves are banned
|rule|Sleep Moves Clause: Sleep-inducing moves are banned
|clearpoke
|poke|p1|Clodsire, F|
|poke|p1|Chansey, F|
|poke|p1|Talonflame, M|
|poke|p1|Grimmsnarl, M|
|poke|p1|Raging Bolt|
|poke|p1|Scizor, F|
|poke|p2|Gloom, F|
|poke|p2|Clefable, F|
|poke|p2|Haxorus, F|
|poke|p2|Blaziken, F|
|poke|p2|Sandy Shocks|
|poke|p2|Ninetales, F|
|teampreview
|inactive|Battle timer is ON: inactive players will automatically lose when time's up. (requested by MREUhjrwuje)
|
|t:|1743807508
|start
|switch|p1a: Scizor|Scizor, F|100/100
|switch|p2a: The Strongest|Clefable, F|100/100
|turn|1
|inactive|MREUhjrwuje has 120 seconds left.
|
|t:|1743807543
|switch|p2a: Just Add Fire!|Ninetales, F|100/100
|-weather|SunnyDay|[from] ability: Drought|[of] p2a: Just Add Fire!
|move|p1a: Scizor|Bullet Punch|p2a: Just Add Fire!
|-resisted|p2a: Just Add Fire!
|-damage|p2a: Just Add Fire!|69/100
|
|-weather|SunnyDay|[upkeep]
|upkeep
|turn|2
|
|t:|1743807558
|switch|p1a: Chansey|Chansey, F|100/100
|move|p2a: Just Add Fire!|Weather Ball|p1a: Chansey
|-damage|p1a: Chansey|88/100
|
|-weather|SunnyDay|[upkeep]
|upkeep
|turn|3
|
|t:|1743807566
|switch|p2a: Haxorus|Haxorus, F|100/100
|-ability|p2a: Haxorus|Mold Breaker
|move|p1a: Chansey|Stealth Rock|p2a: Haxorus
|-sidestart|p2: MREUhjrwuje|move: Stealth Rock
|
|-weather|SunnyDay|[upkeep]
|upkeep
|turn|4
|
|t:|1743807577
|switch|p1a: Talonflame|Talonflame, M|100/100
|move|p2a: Haxorus|Swords Dance|p2a: Haxorus
|-boost|p2a: Haxorus|atk|2
|
|-weather|SunnyDay|[upkeep]
|upkeep
|turn|5
|inactive|MREUhjrwuje has 120 seconds left.
|
|t:|1743807610
|move|p1a: Talonflame|Will-O-Wisp|p2a: Haxorus|[miss]
|-miss|p1a: Talonflame|p2a: Haxorus
|move|p2a: Haxorus|Scale Shot|p1a: Talonflame
|-crit|p1a: Talonflame
|-damage|p1a: Talonflame|57/100
|-damage|p1a: Talonflame|25/100
|-damage|p1a: Talonflame|0 fnt
|faint|p1a: Talonflame
|-hitcount|p1: Talonflame|3
|-unboost|p2a: Haxorus|def|1
|-boost|p2a: Haxorus|spe|1
|
|-weather|SunnyDay|[upkeep]
|upkeep
|
|t:|1743807631
|switch|p1a: Clodsire|Clodsire, F|100/100
|turn|6
|
|t:|1743807646
|move|p2a: Haxorus|Earthquake|p1a: Clodsire
|-supereffective|p1a: Clodsire
|-damage|p1a: Clodsire|0 fnt
|faint|p1a: Clodsire
|
|-weather|SunnyDay|[upkeep]
|upkeep
|
|t:|1743807661
|switch|p1a: Raging Bolt|Raging Bolt|100/100
|-activate|p1a: Raging Bolt|ability: Protosynthesis
|-start|p1a: Raging Bolt|protosynthesisspa
|turn|7
|
|t:|1743807667
|-terastallize|p1a: Raging Bolt|Fairy
|move|p2a: Haxorus|Earthquake|p1a: Raging Bolt
|-damage|p1a: Raging Bolt|34/100
|move|p1a: Raging Bolt|Dragon Pulse|p2a: Haxorus
|-supereffective|p2a: Haxorus
|-damage|p2a: Haxorus|0 fnt
|faint|p2a: Haxorus
|
|-weather|SunnyDay|[upkeep]
|upkeep
|
|t:|1743807673
|switch|p2a: S.S. Shocks|Sandy Shocks|100/100
|-activate|p2a: S.S. Shocks|ability: Protosynthesis
|-start|p2a: S.S. Shocks|protosynthesisspa
|turn|8
|
|t:|1743807680
|move|p2a: S.S. Shocks|Volt Switch|p1a: Raging Bolt
|-damage|p1a: Raging Bolt|0 fnt
|faint|p1a: Raging Bolt
|-end|p1a: Raging Bolt|Protosynthesis|[silent]
|
|t:|1743807686
|-end|p2a: S.S. Shocks|Protosynthesis|[silent]
|switch|p2a: The Strongest|Clefable, F|100/100|[from] Volt Switch
|
|-weather|none
|upkeep
|
|t:|1743807691
|switch|p1a: Scizor|Scizor, F|100/100
|turn|9
|
|t:|1743807694
|switch|p2a: Just Add Fire!|Ninetales, F|69/100
|-damage|p2a: Just Add Fire!|44/100|[from] Stealth Rock
|-weather|SunnyDay|[from] ability: Drought|[of] p2a: Just Add Fire!
|move|p1a: Scizor|Bullet Punch|p2a: Just Add Fire!
|-resisted|p2a: Just Add Fire!
|-damage|p2a: Just Add Fire!|15/100
|
|-weather|SunnyDay|[upkeep]
|upkeep
|turn|10
|
|t:|1743807702
|move|p1a: Scizor|Bullet Punch|p2a: Just Add Fire!
|-resisted|p2a: Just Add Fire!
|-damage|p2a: Just Add Fire!|0 fnt
|faint|p2a: Just Add Fire!
|
|-weather|SunnyDay|[upkeep]
|upkeep
|
|t:|1743807704
|switch|p2a: ☺|Blaziken, F|100/100
|-damage|p2a: ☺|88/100|[from] Stealth Rock
|-item|p2a: ☺|Air Balloon
|turn|11
|
|t:|1743807713
|switch|p1a: Grimmsnarl|Grimmsnarl, M|100/100
|move|p2a: ☺|Flare Blitz|p1a: Grimmsnarl
|-damage|p1a: Grimmsnarl|0 fnt
|faint|p1a: Grimmsnarl
|-damage|p2a: ☺|45/100|[from] Recoil
|
|-weather|SunnyDay|[upkeep]
|-ability|p2a: ☺|Speed Boost|boost
|-boost|p2a: ☺|spe|1
|upkeep
|
|t:|1743807723
|switch|p1a: Scizor|Scizor, F|100/100
|turn|12
|
|t:|1743807726
|move|p2a: ☺|Upper Hand|p1a: Scizor
|-damage|p1a: Scizor|68/100
|cant|p1a: Scizor|flinch
|
|-weather|SunnyDay|[upkeep]
|-ability|p2a: ☺|Speed Boost|boost
|-boost|p2a: ☺|spe|1
|upkeep
|turn|13
|
|t:|1743807754
|move|p2a: ☺|Upper Hand|p1a: Scizor
|-damage|p1a: Scizor|36/100
|cant|p1a: Scizor|flinch
|
|-weather|SunnyDay|[upkeep]
|-ability|p2a: ☺|Speed Boost|boost
|-boost|p2a: ☺|spe|1
|upkeep
|turn|14
|
|t:|1743807761
|move|p2a: ☺|Upper Hand||[still]
|-fail|p2a: ☺
|move|p1a: Scizor|Knock Off|p2a: ☺
|-resisted|p2a: ☺
|-damage|p2a: ☺|6/100
|-enditem|p2a: ☺|Air Balloon
|
|-weather|SunnyDay|[upkeep]
|-ability|p2a: ☺|Speed Boost|boost
|-boost|p2a: ☺|spe|1
|upkeep
|turn|15
|-message|jefedelamanda forfeited.
|
|win|MREUhjrwuje
|raw|jefedelamanda's rating: 1303 &rarr; <strong>1286</strong><br />(-17 for losing)
|raw|MREUhjrwuje's rating: 1362 &rarr; <strong>1379</strong><br />(+17 for winning)
