|j|☆stenchclassic
|j|☆kalen80
|t:|1743936087
|gametype|singles
|player|p1|stenchclassic|266|1217
|player|p2|kalen80|burglar|1211
|teamsize|p1|6
|teamsize|p2|6
|gen|9
|tier|[Gen 9] OU
|rated|
|rule|HP Percentage Mod: HP is shown in percentages
|rule|Endless Battle Clause: Forcing endless battles is banned
|rule|Species Clause: Limit one of each Pokémon
|rule|OHKO Clause: OHKO moves are banned
|rule|Evasion Items Clause: Evasion items are banned
|rule|Evasion Moves Clause: Evasion moves are banned
|rule|Sleep Moves Clause: Sleep-inducing moves are banned
|clearpoke
|poke|p1|Kingambit, F|
|poke|p1|Smeargle, F|
|poke|p1|Serperior, M|
|poke|p1|Malamar, M|
|poke|p1|Empoleon, F|
|poke|p1|Scizor, F|
|poke|p2|Toxtricity, M|
|poke|p2|Armarouge, M|
|poke|p2|Bisharp, M|
|poke|p2|Dudunsparce-*, M|
|poke|p2|Tropius, F|
|poke|p2|Mandibuzz, F|
|teampreview
|inactive|Battle timer is ON: inactive players will automatically lose when time's up. (requested by stenchclassic)
|
|t:|1743936098
|start
|switch|p1a: Smeargle|Smeargle, F|100/100
|switch|p2a: Toxtricity|Toxtricity, M|100/100
|turn|1
|
|t:|1743936106
|move|p1a: Smeargle|Sticky Web|p2a: Toxtricity
|-sidestart|p2: kalen80|move: Sticky Web
|move|p2a: Toxtricity|Shift Gear|p2a: Toxtricity
|-boost|p2a: Toxtricity|spe|2
|-boost|p2a: Toxtricity|atk|1
|
|upkeep
|turn|2
|
|t:|1743936112
|move|p2a: Toxtricity|Boomburst|p1a: Smeargle
|-enditem|p1a: Smeargle|Focus Sash
|-damage|p1a: Smeargle|1/100
|-enditem|p2a: Toxtricity|Throat Spray
|-boost|p2a: Toxtricity|spa|1|[from] item: Throat Spray
|move|p1a: Smeargle|Roar|p2a: Toxtricity
|drag|p2a: Dudunsparce|Dudunsparce, M|100/100
|-activate|p2a: Dudunsparce|move: Sticky Web
|-unboost|p2a: Dudunsparce|spe|1
|
|upkeep
|turn|3
|
|t:|1743936125
|switch|p2a: Toxtricity|Toxtricity, M|100/100
|-activate|p2a: Toxtricity|move: Sticky Web
|-unboost|p2a: Toxtricity|spe|1
|move|p1a: Smeargle|Court Change|p1a: Smeargle
|-swapsideconditions
|-activate|p1a: Smeargle|move: Court Change
|
|upkeep
|turn|4
|
|t:|1743936135
|move|p2a: Toxtricity|Shift Gear|p2a: Toxtricity
|-boost|p2a: Toxtricity|spe|2
|-boost|p2a: Toxtricity|atk|1
|move|p1a: Smeargle|Roar|p2a: Toxtricity
|drag|p2a: Tropius|Tropius, F|100/100
|
|upkeep
|turn|5
|
|t:|1743936147
|switch|p2a: Toxtricity|Toxtricity, M|100/100
|move|p1a: Smeargle|Sticky Web|p2a: Toxtricity
|-sidestart|p2: kalen80|move: Sticky Web
|
|upkeep
|turn|6
|
|t:|1743936153
|switch|p2a: Mandibuzz|Mandibuzz, F|100/100
|move|p1a: Smeargle|Roar|p2a: Mandibuzz
|drag|p2a: Tropius|Tropius, F|100/100
|
|upkeep
|turn|7
|
|t:|1743936165
|switch|p2a: Mandibuzz|Mandibuzz, F|100/100
|move|p1a: Smeargle|Roar|p2a: Mandibuzz
|drag|p2a: Toxtricity|Toxtricity, M|100/100
|-activate|p2a: Toxtricity|move: Sticky Web
|-unboost|p2a: Toxtricity|spe|1
|
|upkeep
|turn|8
|
|t:|1743936172
|move|p2a: Toxtricity|Shift Gear|p2a: Toxtricity
|-boost|p2a: Toxtricity|spe|2
|-boost|p2a: Toxtricity|atk|1
|move|p1a: Smeargle|Roar|p2a: Toxtricity
|drag|p2a: Armarouge|Armarouge, M|100/100
|-activate|p2a: Armarouge|move: Sticky Web
|-unboost|p2a: Armarouge|spe|1
|
|upkeep
|turn|9
|
|t:|1743936181
|switch|p1a: Empoleon|Empoleon, F|100/100
|-activate|p1a: Empoleon|move: Sticky Web
|-unboost|p1a: Empoleon|spe|1
|-ability|p1a: Empoleon|Competitive|boost
|-boost|p1a: Empoleon|spa|2
|switch|p2a: Bisharp|Bisharp, M|100/100
|-activate|p2a: Bisharp|move: Sticky Web
|-unboost|p2a: Bisharp|spe|1
|-ability|p2a: Bisharp|Defiant|boost
|-boost|p2a: Bisharp|atk|2
|
|upkeep
|turn|10
|
|t:|1743936188
|move|p2a: Bisharp|Night Slash|p1a: Empoleon
|-damage|p1a: Empoleon|39/100
|move|p1a: Empoleon|Surf|p2a: Bisharp
|-damage|p2a: Bisharp|34/100
|
|upkeep
|turn|11
|
|t:|1743936196
|switch|p1a: Smeargle|Smeargle, F|1/100
|-activate|p1a: Smeargle|move: Sticky Web
|-unboost|p1a: Smeargle|spe|1
|move|p2a: Bisharp|Night Slash|p1a: Smeargle
|-damage|p1a: Smeargle|0 fnt
|faint|p1a: Smeargle
|
|upkeep
|
|t:|1743936206
|switch|p1a: Malamar|Malamar, M|100/100
|-activate|p1a: Malamar|move: Sticky Web
|-boost|p1a: Malamar|spe|1
|turn|12
|
|t:|1743936216
|move|p1a: Malamar|Superpower|p2a: Bisharp
|-supereffective|p2a: Bisharp
|-damage|p2a: Bisharp|0 fnt
|-boost|p1a: Malamar|atk|1
|-boost|p1a: Malamar|def|1
|faint|p2a: Bisharp
|
|upkeep
|
|t:|1743936218
|switch|p2a: Mandibuzz|Mandibuzz, F|100/100
|turn|13
|
|t:|1743936230
|switch|p1a: Empoleon|Empoleon, F|39/100
|-activate|p1a: Empoleon|move: Sticky Web
|-unboost|p1a: Empoleon|spe|1
|-ability|p1a: Empoleon|Competitive|boost
|-boost|p1a: Empoleon|spa|2
|move|p2a: Mandibuzz|Toxic|p1a: Empoleon
|-immune|p1a: Empoleon
|
|upkeep
|turn|14
|
|t:|1743936234
|move|p2a: Mandibuzz|Defog|p1a: Empoleon
|-unboost|p1a: Empoleon|evasion|1
|-ability|p1a: Empoleon|Competitive|boost
|-boost|p1a: Empoleon|spa|2
|-sideend|p1: stenchclassic|Sticky Web|[from] move: Defog|[of] p2a: Mandibuzz
|-sideend|p2: kalen80|Sticky Web|[from] move: Defog|[of] p2a: Mandibuzz
|move|p1a: Empoleon|Roost|p1a: Empoleon
|-heal|p1a: Empoleon|89/100
|-singleturn|p1a: Empoleon|move: Roost
|
|upkeep
|turn|15
|
|t:|1743936247
|move|p2a: Mandibuzz|Foul Play|p1a: Empoleon
|-damage|p1a: Empoleon|68/100
|move|p1a: Empoleon|Surf|p2a: Mandibuzz
|-damage|p2a: Mandibuzz|6/100
|
|upkeep
|turn|16
|
|t:|1743936254
|move|p2a: Mandibuzz|Foul Play|p1a: Empoleon
|-damage|p1a: Empoleon|44/100
|move|p1a: Empoleon|Roost|p1a: Empoleon
|-heal|p1a: Empoleon|94/100
|-singleturn|p1a: Empoleon|move: Roost
|
|upkeep
|turn|17
|
|t:|1743936260
|move|p2a: Mandibuzz|Foul Play|p1a: Empoleon
|-crit|p1a: Empoleon
|-damage|p1a: Empoleon|59/100
|move|p1a: Empoleon|Surf|p2a: Mandibuzz
|-damage|p2a: Mandibuzz|0 fnt
|faint|p2a: Mandibuzz
|
|upkeep
|
|t:|1743936264
|switch|p2a: Toxtricity|Toxtricity, M|100/100
|turn|18
|
|t:|1743936269
|move|p2a: Toxtricity|Overdrive|p1a: Empoleon
|-supereffective|p1a: Empoleon
|-damage|p1a: Empoleon|0 fnt
|faint|p1a: Empoleon
|
|upkeep
|
|t:|1743936275
|switch|p1a: Kingambit|Kingambit, F|100/100
|turn|19
|
|t:|1743936279
|move|p2a: Toxtricity|Drain Punch|p1a: Kingambit
|-supereffective|p1a: Kingambit
|-damage|p1a: Kingambit|49/100
|move|p1a: Kingambit|Swords Dance|p1a: Kingambit
|-boost|p1a: Kingambit|atk|2
|
|upkeep
|turn|20
|
|t:|1743936286
|-terastallize|p1a: Kingambit|Fairy
|move|p1a: Kingambit|Sucker Punch||[still]
|-fail|p1a: Kingambit
|move|p2a: Toxtricity|Shift Gear|p2a: Toxtricity
|-boost|p2a: Toxtricity|spe|2
|-boost|p2a: Toxtricity|atk|1
|
|upkeep
|turn|21
|
|t:|1743936291
|move|p2a: Toxtricity|Shift Gear|p2a: Toxtricity
|-boost|p2a: Toxtricity|spe|2
|-boost|p2a: Toxtricity|atk|1
|move|p1a: Kingambit|Substitute|p1a: Kingambit
|-start|p1a: Kingambit|Substitute
|-damage|p1a: Kingambit|24/100
|
|upkeep
|turn|22
|
|t:|1743936295
|move|p2a: Toxtricity|Boomburst|p1a: Kingambit
|-damage|p1a: Kingambit|0 fnt
|faint|p1a: Kingambit
|
|upkeep
|
|t:|1743936300
|switch|p1a: Scizor|Scizor, F|100/100
|turn|23
|
|t:|1743936303
|move|p1a: Scizor|Bullet Punch|p2a: Toxtricity
|-resisted|p2a: Toxtricity
|-damage|p2a: Toxtricity|56/100
|move|p2a: Toxtricity|Overdrive|p1a: Scizor
|-damage|p1a: Scizor|36/100
|
|upkeep
|turn|24
|
|t:|1743936309
|move|p1a: Scizor|Bullet Punch|p2a: Toxtricity
|-resisted|p2a: Toxtricity
|-damage|p2a: Toxtricity|13/100
|move|p2a: Toxtricity|Overdrive|p1a: Scizor
|-damage|p1a: Scizor|0 fnt
|faint|p1a: Scizor
|
|upkeep
|-message|stenchclassic forfeited.
|
|win|kalen80
|raw|stenchclassic's rating: 1217 &rarr; <strong>1192</strong><br />(-25 for losing)
|raw|kalen80's rating: 1211 &rarr; <strong>1236</strong><br />(+25 for winning)
|l|☆stenchclassic
|player|p1|
|l|☆kalen80
|player|p2|
