|j|☆anoncowboy
|j|‽omari p
|t:|1743878200
|gametype|singles
|player|p1|anoncowboy|pokemonranger-gen4|1695
|player|p2|omari p|pokemonrangerf|1649
|teamsize|p1|6
|teamsize|p2|6
|gen|9
|tier|[Gen 9] OU
|rated|
|rule|HP Percentage Mod: HP is shown in percentages
|rule|Endless Battle Clause: Forcing endless battles is banned
|rule|Species Clause: Limit one of each Pokémon
|rule|OHKO Clause: OHKO moves are banned
|rule|Evasion Items Clause: Evasion items are banned
|rule|Evasion Moves Clause: Evasion moves are banned
|rule|Sleep Moves Clause: Sleep-inducing moves are banned
|clearpoke
|poke|p1|Araquanid, M|
|poke|p1|Samurott-Hisui, M|
|poke|p1|Sinistcha-Masterpiece|
|poke|p1|Skeledirge, M|
|poke|p1|Raging Bolt|
|poke|p1|Great Tusk|
|poke|p2|Thundurus-Therian, M|
|poke|p2|Cinderace, F|
|poke|p2|Mandibuzz, F|
|poke|p2|Latios, M|
|poke|p2|Deoxys-Speed|
|poke|p2|Iron Hands|
|teampreview
|inactive|Battle timer is ON: inactive players will automatically lose when time's up. (requested by anoncowboy)
|inactive|omari p has 120 seconds left.
|
|t:|1743878234
|start
|switch|p1a: Samurott|Samurott-Hisui, M, shiny|100/100
|switch|p2a: Iron Hands|Iron Hands|100/100
|turn|1
|
|t:|1743878244
|move|p1a: Samurott|Flip Turn|p2a: Iron Hands
|-damage|p2a: Iron Hands|79/100
|
|t:|1743878247
|switch|p1a: Great Tusk|Great Tusk, shiny|100/100|[from] Flip Turn
|move|p2a: Iron Hands|Close Combat|p1a: Great Tusk
|-damage|p1a: Great Tusk|46/100
|-unboost|p2a: Iron Hands|def|1
|-unboost|p2a: Iron Hands|spd|1
|
|upkeep
|turn|2
|
|t:|1743878251
|-end|p2a: Iron Hands|Quark Drive|[silent]
|switch|p2a: Mandibuzz|Mandibuzz, F, shiny|100/100
|move|p1a: Great Tusk|Stealth Rock|p2a: Mandibuzz
|-sidestart|p2: omari p|move: Stealth Rock
|
|upkeep
|turn|3
|
|t:|1743878260
|-end|p1a: Great Tusk|Protosynthesis|[silent]
|switch|p1a: Araquanid|Araquanid, M, shiny|100/100
|move|p2a: Mandibuzz|Toxic|p1a: Araquanid
|-status|p1a: Araquanid|tox
|
|-damage|p1a: Araquanid|94/100 tox|[from] psn
|upkeep
|turn|4
|
|t:|1743878264
|move|p2a: Mandibuzz|Defog|p1a: Araquanid
|-unboost|p1a: Araquanid|evasion|1
|-sideend|p2: omari p|Stealth Rock|[from] move: Defog|[of] p2a: Mandibuzz
|move|p1a: Araquanid|Liquidation|p2a: Mandibuzz
|-damage|p2a: Mandibuzz|75/100
|-unboost|p2a: Mandibuzz|def|1
|-damage|p1a: Araquanid|78/100 tox|[from] item: Rocky Helmet|[of] p2a: Mandibuzz
|
|-damage|p1a: Araquanid|65/100 tox|[from] psn
|upkeep
|turn|5
|
|t:|1743878269
|switch|p2a: Deoxys|Deoxys-Speed|100/100
|-ability|p2a: Deoxys|Pressure
|move|p1a: Araquanid|Liquidation|p2a: Deoxys
|-damage|p2a: Deoxys|29/100
|
|-damage|p1a: Araquanid|47/100 tox|[from] psn
|upkeep
|turn|6
|
|t:|1743878272
|move|p2a: Deoxys|Psycho Boost|p1a: Araquanid
|-damage|p1a: Araquanid|1/100 tox
|-unboost|p2a: Deoxys|spa|2
|move|p1a: Araquanid|Liquidation|p2a: Deoxys
|-damage|p2a: Deoxys|0 fnt
|faint|p2a: Deoxys
|
|-damage|p1a: Araquanid|0 fnt|[from] psn
|faint|p1a: Araquanid
|upkeep
|
|t:|1743878280
|switch|p2a: Latios|Latios, M|100/100
|switch|p1a: Raging Bolt|Raging Bolt|100/100
|turn|7
|
|t:|1743878288
|switch|p2a: Iron Hands|Iron Hands|79/100
|-terastallize|p1a: Raging Bolt|Fairy
|move|p1a: Raging Bolt|Tera Blast|p2a: Iron Hands|[anim] Tera Blast Fairy
|-supereffective|p2a: Iron Hands
|-damage|p2a: Iron Hands|11/100
|
|upkeep
|turn|8
|
|t:|1743878291
|move|p1a: Raging Bolt|Tera Blast|p2a: Iron Hands|[anim] Tera Blast Fairy
|-supereffective|p2a: Iron Hands
|-damage|p2a: Iron Hands|0 fnt
|faint|p2a: Iron Hands
|-end|p2a: Iron Hands|Quark Drive|[silent]
|
|upkeep
|
|t:|1743878296
|switch|p2a: Thundurus|Thundurus-Therian, M|100/100
|turn|9
|
|t:|1743878303
|-terastallize|p2a: Thundurus|Fairy
|move|p2a: Thundurus|Nasty Plot|p2a: Thundurus
|-boost|p2a: Thundurus|spa|2
|move|p1a: Raging Bolt|Tera Blast|p2a: Thundurus|[anim] Tera Blast Fairy
|-damage|p2a: Thundurus|11/100
|
|-heal|p2a: Thundurus|17/100|[from] item: Leftovers
|upkeep
|turn|10
|
|t:|1743878308
|-end|p1a: Raging Bolt|Protosynthesis|[silent]
|switch|p1a: Skeledirge|Skeledirge, M|100/100
|move|p2a: Thundurus|Thunderbolt|p1a: Skeledirge
|-damage|p1a: Skeledirge|64/100
|
|-heal|p2a: Thundurus|23/100|[from] item: Leftovers
|upkeep
|turn|11
|
|t:|1743878311
|move|p2a: Thundurus|Thunderbolt|p1a: Skeledirge
|-damage|p1a: Skeledirge|24/100
|move|p1a: Skeledirge|Torch Song|p2a: Thundurus
|-damage|p2a: Thundurus|0 fnt
|-boost|p1a: Skeledirge|spa|1
|faint|p2a: Thundurus
|
|upkeep
|
|t:|1743878315
|switch|p2a: Cinderace|Cinderace, F|100/100
|turn|12
|
|t:|1743878319
|move|p2a: Cinderace|Pyro Ball|p1a: Skeledirge
|-resisted|p1a: Skeledirge
|-damage|p1a: Skeledirge|0 fnt
|faint|p1a: Skeledirge
|
|upkeep
|
|t:|1743878323
|switch|p1a: Samurott|Samurott-Hisui, M, shiny|100/100
|turn|13
|
|t:|1743878328
|move|p1a: Samurott|Aqua Cutter|p2a: Cinderace
|-supereffective|p2a: Cinderace
|-damage|p2a: Cinderace|0 fnt
|faint|p2a: Cinderace
|
|upkeep
|
|t:|1743878331
|switch|p2a: Mandibuzz|Mandibuzz, F, shiny|75/100
|turn|14
|-message|omari p forfeited.
|
|win|anoncowboy
|raw|anoncowboy's rating: 1695 &rarr; <strong>1712</strong><br />(+17 for winning)
|raw|omari p's rating: 1649 &rarr; <strong>1632</strong><br />(-17 for losing)
|l|‽omari p
|player|p2|
|l|☆anoncowboy
|player|p1|
