|j|☆OSAKA 2026
|j|☆ewqorhoqwhroqwr
|t:|1743780392
|gametype|singles
|player|p1|OSAKA 2026|backpackerf|1785
|player|p2|ewqorhoqwhroqwr|allister-masters|1779
|teamsize|p1|6
|teamsize|p2|6
|gen|9
|tier|[Gen 9] OU
|rated|
|rule|HP Percentage Mod: HP is shown in percentages
|rule|Endless Battle Clause: Forcing endless battles is banned
|rule|Species Clause: Limit one of each Pokémon
|rule|OHKO Clause: OHKO moves are banned
|rule|Evasion Items Clause: Evasion items are banned
|rule|Evasion Moves Clause: Evasion moves are banned
|rule|Sleep Moves Clause: Sleep-inducing moves are banned
|clearpoke
|poke|p1|Kyurem|
|poke|p1|Ogerpon-Wellspring, F|
|poke|p1|Scizor, F|
|poke|p1|Moltres|
|poke|p1|Great Tusk|
|poke|p1|Muk-Alola, F|
|poke|p2|Zamazenta-*|
|poke|p2|Ogerpon-Wellspring, F|
|poke|p2|Slowking-Galar, M|
|poke|p2|Great Tusk|
|poke|p2|Kingambit, M|
|poke|p2|Zapdos|
|teampreview
|inactive|Battle timer is ON: inactive players will automatically lose when time's up. (requested by ewqorhoqwhroqwr)
|j| HuaiYi0923
|
|t:|1743780417
|start
|switch|p1a: Bijuu|Kyurem, shiny|100/100
|switch|p2a: Zamazenta|Zamazenta|100/100
|-ability|p2a: Zamazenta|Dauntless Shield|boost
|-boost|p2a: Zamazenta|def|1
|-ability|p1a: Bijuu|Pressure
|turn|1
|
|t:|1743780424
|switch|p1a: Greatest Summon|Great Tusk|100/100
|move|p2a: Zamazenta|Stone Edge|p1a: Greatest Summon|[miss]
|-miss|p2a: Zamazenta|p1a: Greatest Summon
|
|upkeep
|turn|2
|
|t:|1743780435
|switch|p2a: Zapdos|Zapdos|100/100
|move|p1a: Greatest Summon|Stealth Rock|p2a: Zapdos
|-sidestart|p2: ewqorhoqwhroqwr|move: Stealth Rock
|
|upkeep
|turn|3
|
|t:|1743780439
|-end|p1a: Greatest Summon|Protosynthesis|[silent]
|switch|p1a: Three-Way Deadlock|Muk-Alola, F|100/100
|move|p2a: Zapdos|Hurricane|p1a: Three-Way Deadlock
|-damage|p1a: Three-Way Deadlock|74/100
|
|-heal|p1a: Three-Way Deadlock|80/100|[from] item: Leftovers
|upkeep
|turn|4
|
|t:|1743780445
|move|p2a: Zapdos|Volt Switch|p1a: Three-Way Deadlock
|-damage|p1a: Three-Way Deadlock|63/100
|
|t:|1743780448
|switch|p2a: Kingambit|Kingambit, M|100/100|[from] Volt Switch
|-damage|p2a: Kingambit|94/100|[from] Stealth Rock
|move|p1a: Three-Way Deadlock|Poison Fang|p2a: Kingambit
|-immune|p2a: Kingambit
|
|-heal|p2a: Kingambit|100/100|[from] item: Leftovers
|-heal|p1a: Three-Way Deadlock|69/100|[from] item: Leftovers
|upkeep
|turn|5
|
|t:|1743780450
|-end|p2a: Kingambit|fallenundefined|[silent]
|switch|p2a: Zapdos|Zapdos|100/100
|move|p1a: Three-Way Deadlock|Protect||[still]
|-fail|p1a: Three-Way Deadlock
|
|-heal|p1a: Three-Way Deadlock|75/100|[from] item: Leftovers
|upkeep
|turn|6
|
|t:|1743780454
|move|p1a: Three-Way Deadlock|Protect|p1a: Three-Way Deadlock
|-singleturn|p1a: Three-Way Deadlock|Protect
|move|p2a: Zapdos|Volt Switch|p1a: Three-Way Deadlock
|-activate|p1a: Three-Way Deadlock|move: Protect
|
|-heal|p1a: Three-Way Deadlock|81/100|[from] item: Leftovers
|upkeep
|turn|7
|
|t:|1743780456
|move|p2a: Zapdos|Volt Switch|p1a: Three-Way Deadlock
|-damage|p1a: Three-Way Deadlock|63/100
|
|t:|1743780458
|switch|p2a: Kingambit|Kingambit, M|100/100|[from] Volt Switch
|-damage|p2a: Kingambit|94/100|[from] Stealth Rock
|move|p1a: Three-Way Deadlock|Poison Fang|p2a: Kingambit
|-immune|p2a: Kingambit
|
|-heal|p2a: Kingambit|100/100|[from] item: Leftovers
|-heal|p1a: Three-Way Deadlock|69/100|[from] item: Leftovers
|upkeep
|turn|8
|
|t:|1743780460
|move|p1a: Three-Way Deadlock|Protect|p1a: Three-Way Deadlock
|-singleturn|p1a: Three-Way Deadlock|Protect
|move|p2a: Kingambit|Swords Dance|p2a: Kingambit
|-boost|p2a: Kingambit|atk|2
|
|-heal|p1a: Three-Way Deadlock|75/100|[from] item: Leftovers
|upkeep
|turn|9
|
|t:|1743780469
|switch|p1a: Greatest Summon|Great Tusk|100/100
|move|p2a: Kingambit|Kowtow Cleave|p1a: Greatest Summon
|-resisted|p1a: Greatest Summon
|-damage|p1a: Greatest Summon|75/100
|
|-heal|p1a: Greatest Summon|81/100|[from] item: Leftovers
|upkeep
|turn|10
|
|t:|1743780496
|-end|p2a: Kingambit|fallenundefined|[silent]
|switch|p2a: Great Tusk|Great Tusk, shiny|100/100
|move|p1a: Greatest Summon|Headlong Rush|p2a: Great Tusk
|-crit|p2a: Great Tusk
|-damage|p2a: Great Tusk|46/100
|-unboost|p1a: Greatest Summon|def|1
|-unboost|p1a: Greatest Summon|spd|1
|
|-heal|p1a: Greatest Summon|88/100|[from] item: Leftovers
|upkeep
|turn|11
|
|t:|1743780504
|move|p2a: Great Tusk|Stealth Rock|p1a: Greatest Summon
|-sidestart|p1: OSAKA 2026|move: Stealth Rock
|move|p1a: Greatest Summon|Rapid Spin|p2a: Great Tusk
|-damage|p2a: Great Tusk|36/100
|-boost|p1a: Greatest Summon|spe|1
|-sideend|p1: OSAKA 2026|Stealth Rock|[from] move: Rapid Spin|[of] p1a: Greatest Summon
|
|-heal|p1a: Greatest Summon|94/100|[from] item: Leftovers
|upkeep
|turn|12
|
|t:|1743780511
|move|p1a: Greatest Summon|Headlong Rush|p2a: Great Tusk
|-damage|p2a: Great Tusk|0 fnt
|-unboost|p1a: Greatest Summon|def|1
|-unboost|p1a: Greatest Summon|spd|1
|faint|p2a: Great Tusk
|-end|p2a: Great Tusk|Protosynthesis|[silent]
|
|-heal|p1a: Greatest Summon|99/100|[from] item: Leftovers
|upkeep
|
|t:|1743780514
|switch|p2a: Ogerpon|Ogerpon-Wellspring, F|100/100
|-damage|p2a: Ogerpon|88/100|[from] Stealth Rock
|turn|13
|
|t:|1743780529
|-end|p1a: Greatest Summon|Protosynthesis|[silent]
|switch|p1a: Bijuu|Kyurem, shiny|100/100
|-ability|p1a: Bijuu|Pressure
|move|p2a: Ogerpon|Knock Off|p1a: Bijuu
|-damage|p1a: Bijuu|61/100
|-enditem|p1a: Bijuu|Choice Specs|[from] move: Knock Off|[of] p2a: Ogerpon
|
|upkeep
|turn|14
|
|t:|1743780536
|move|p2a: Ogerpon|U-turn|p1a: Bijuu
|-damage|p1a: Bijuu|32/100
|
|t:|1743780538
|switch|p2a: Slowking|Slowking-Galar, M|100/100|[from] U-turn
|-damage|p2a: Slowking|88/100|[from] Stealth Rock
|move|p1a: Bijuu|Freeze-Dry|p2a: Slowking
|-damage|p2a: Slowking|69/100
|-status|p2a: Slowking|frz
|
|upkeep
|turn|15
|
|t:|1743780545
|move|p1a: Bijuu|Earth Power|p2a: Slowking
|-supereffective|p2a: Slowking
|-damage|p2a: Slowking|39/100 frz
|cant|p2a: Slowking|frz
|
|upkeep
|turn|16
|
|t:|1743780549
|switch|p2a: Ogerpon|Ogerpon-Wellspring, F|88/100
|-damage|p2a: Ogerpon|76/100|[from] Stealth Rock
|move|p1a: Bijuu|Earth Power|p2a: Ogerpon
|-resisted|p2a: Ogerpon
|-damage|p2a: Ogerpon|58/100
|
|upkeep
|turn|17
|
|t:|1743780556
|move|p2a: Ogerpon|Power Whip|p1a: Bijuu
|-resisted|p1a: Bijuu
|-damage|p1a: Bijuu|0 fnt
|faint|p1a: Bijuu
|
|upkeep
|
|t:|1743780561
|switch|p1a: Hebi|Scizor, F|100/100
|turn|18
|
|t:|1743780565
|move|p2a: Ogerpon|U-turn|p1a: Hebi
|-resisted|p1a: Hebi
|-damage|p1a: Hebi|86/100
|
|t:|1743780575
|switch|p2a: Zapdos|Zapdos|100/100|[from] U-turn
|move|p1a: Hebi|U-turn|p2a: Zapdos
|-resisted|p2a: Zapdos
|-damage|p2a: Zapdos|78/100
|inactive|OSAKA 2026 has 120 seconds left.
|
|t:|1743780612
|switch|p1a: Three-Way Deadlock|Muk-Alola, F|75/100|[from] U-turn
|
|-heal|p1a: Three-Way Deadlock|81/100|[from] item: Leftovers
|upkeep
|turn|19
|
|t:|1743780616
|move|p2a: Zapdos|Volt Switch|p1a: Three-Way Deadlock
|-damage|p1a: Three-Way Deadlock|65/100
|
|t:|1743780620
|switch|p2a: Kingambit|Kingambit, M|100/100|[from] Volt Switch
|-damage|p2a: Kingambit|94/100|[from] Stealth Rock
|-activate|p2a: Kingambit|ability: Supreme Overlord
|-start|p2a: Kingambit|fallen1|[silent]
|move|p1a: Three-Way Deadlock|Knock Off|p2a: Kingambit
|-resisted|p2a: Kingambit
|-damage|p2a: Kingambit|81/100
|-enditem|p2a: Kingambit|Leftovers|[from] move: Knock Off|[of] p1a: Three-Way Deadlock
|
|-heal|p1a: Three-Way Deadlock|71/100|[from] item: Leftovers
|upkeep
|turn|20
|
|t:|1743780627
|move|p2a: Kingambit|Swords Dance|p2a: Kingambit
|-boost|p2a: Kingambit|atk|2
|move|p1a: Three-Way Deadlock|Drain Punch|p2a: Kingambit
|-supereffective|p2a: Kingambit
|-damage|p2a: Kingambit|24/100
|-heal|p1a: Three-Way Deadlock|98/100|[from] drain|[of] p2a: Kingambit
|
|-heal|p1a: Three-Way Deadlock|100/100|[from] item: Leftovers
|upkeep
|turn|21
|
|t:|1743780643
|switch|p1a: Greatest Summon|Great Tusk|99/100
|move|p2a: Kingambit|Low Kick|p1a: Greatest Summon
|-crit|p1a: Greatest Summon
|-damage|p1a: Greatest Summon|13/100
|
|-heal|p1a: Greatest Summon|20/100|[from] item: Leftovers
|upkeep
|turn|22
|
|t:|1743780661
|-end|p1a: Greatest Summon|Protosynthesis|[silent]
|switch|p1a: Taka|Moltres|100/100
|move|p2a: Kingambit|Sucker Punch||[still]
|-fail|p2a: Kingambit
|
|upkeep
|turn|23
|
|t:|1743780674
|move|p2a: Kingambit|Sucker Punch|p1a: Taka
|-damage|p1a: Taka|33/100
|move|p1a: Taka|U-turn|p2a: Kingambit
|-damage|p2a: Kingambit|12/100
|
|t:|1743780677
|switch|p1a: Akatsuki|Ogerpon-Wellspring, F|100/100|[from] U-turn
|
|upkeep
|turn|24
|
|t:|1743780687
|-end|p2a: Kingambit|fallen1|[silent]
|switch|p2a: Zapdos|Zapdos|78/100
|move|p1a: Akatsuki|Encore||[still]
|-fail|p1a: Akatsuki
|
|upkeep
|turn|25
|
|t:|1743780691
|switch|p1a: Three-Way Deadlock|Muk-Alola, F|100/100
|move|p2a: Zapdos|Thunder Wave|p1a: Three-Way Deadlock
|-status|p1a: Three-Way Deadlock|par
|
|upkeep
|turn|26
|l| HuaiYi0923
|
|t:|1743780697
|move|p2a: Zapdos|Volt Switch|p1a: Three-Way Deadlock
|-damage|p1a: Three-Way Deadlock|82/100 par
|
|t:|1743780703
|switch|p2a: Kingambit|Kingambit, M|12/100|[from] Volt Switch
|-damage|p2a: Kingambit|6/100|[from] Stealth Rock
|-activate|p2a: Kingambit|ability: Supreme Overlord
|-start|p2a: Kingambit|fallen1|[silent]
|cant|p1a: Three-Way Deadlock|par
|
|-heal|p1a: Three-Way Deadlock|88/100 par|[from] item: Leftovers
|upkeep
|turn|27
|
|t:|1743780709
|switch|p1a: Greatest Summon|Great Tusk|20/100
|move|p2a: Kingambit|Low Kick|p1a: Greatest Summon
|-damage|p1a: Greatest Summon|0 fnt
|faint|p1a: Greatest Summon
|-end|p1a: Greatest Summon|Protosynthesis|[silent]
|
|upkeep
|
|t:|1743780711
|switch|p1a: Akatsuki|Ogerpon-Wellspring, F|100/100
|turn|28
|
|t:|1743780716
|move|p1a: Akatsuki|Horn Leech|p2a: Kingambit
|-resisted|p2a: Kingambit
|-damage|p2a: Kingambit|0 fnt
|faint|p2a: Kingambit
|-end|p2a: Kingambit|fallen1|[silent]
|
|upkeep
|
|t:|1743780719
|switch|p2a: Zapdos|Zapdos|78/100
|turn|29
|
|t:|1743780722
|switch|p1a: Three-Way Deadlock|Muk-Alola, F|88/100 par
|move|p2a: Zapdos|Hurricane|p1a: Three-Way Deadlock|[miss]
|-miss|p2a: Zapdos|p1a: Three-Way Deadlock
|
|-heal|p1a: Three-Way Deadlock|94/100 par|[from] item: Leftovers
|upkeep
|turn|30
|
|t:|1743780728
|move|p2a: Zapdos|Volt Switch|p1a: Three-Way Deadlock
|-damage|p1a: Three-Way Deadlock|78/100 par
|
|t:|1743780739
|switch|p2a: Slowking|Slowking-Galar, M|72/100 frz|[from] Volt Switch
|-damage|p2a: Slowking|60/100 frz|[from] Stealth Rock
|move|p1a: Three-Way Deadlock|Poison Fang|p2a: Slowking
|-resisted|p2a: Slowking
|-damage|p2a: Slowking|51/100 frz
|
|-heal|p1a: Three-Way Deadlock|84/100 par|[from] item: Leftovers
|upkeep
|turn|31
|
|t:|1743780762
|cant|p2a: Slowking|frz
|cant|p1a: Three-Way Deadlock|par
|
|-heal|p1a: Three-Way Deadlock|90/100 par|[from] item: Leftovers
|upkeep
|turn|32
|
|t:|1743780765
|cant|p2a: Slowking|frz
|move|p1a: Three-Way Deadlock|Knock Off|p2a: Slowking
|-supereffective|p2a: Slowking
|-damage|p2a: Slowking|0 fnt
|-enditem|p2a: Slowking|Assault Vest|[from] move: Knock Off|[of] p1a: Three-Way Deadlock
|faint|p2a: Slowking
|
|-heal|p1a: Three-Way Deadlock|96/100 par|[from] item: Leftovers
|upkeep
|
|t:|1743780768
|switch|p2a: Ogerpon|Ogerpon-Wellspring, F|58/100
|-damage|p2a: Ogerpon|46/100|[from] Stealth Rock
|turn|33
|
|t:|1743780800
|-terastallize|p2a: Ogerpon|Water
|detailschange|p2a: Ogerpon|Ogerpon-Wellspring-Tera, F, tera:Water
|-ability|p2a: Ogerpon|Embody Aspect (Wellspring)|boost
|-boost|p2a: Ogerpon|spd|1
|move|p2a: Ogerpon|Ivy Cudgel|p1a: Three-Way Deadlock|[anim] Ivy Cudgel Water
|-damage|p1a: Three-Way Deadlock|16/100 par
|move|p1a: Three-Way Deadlock|Poison Fang|p2a: Ogerpon
|-damage|p2a: Ogerpon|23/100
|-status|p2a: Ogerpon|tox
|
|-heal|p1a: Three-Way Deadlock|22/100 par|[from] item: Leftovers
|-damage|p2a: Ogerpon|17/100 tox|[from] psn
|upkeep
|turn|34
|
|t:|1743780810
|move|p1a: Three-Way Deadlock|Protect|p1a: Three-Way Deadlock
|-singleturn|p1a: Three-Way Deadlock|Protect
|move|p2a: Ogerpon|Ivy Cudgel|p1a: Three-Way Deadlock|[anim] Ivy Cudgel Water
|-activate|p1a: Three-Way Deadlock|move: Protect
|
|-heal|p1a: Three-Way Deadlock|28/100 par|[from] item: Leftovers
|-damage|p2a: Ogerpon|5/100 tox|[from] psn
|upkeep
|turn|35
|
|t:|1743780826
|switch|p1a: Akatsuki|Ogerpon-Wellspring, F|100/100
|move|p2a: Ogerpon|Power Whip|p1a: Akatsuki|[miss]
|-miss|p2a: Ogerpon|p1a: Akatsuki
|
|-damage|p2a: Ogerpon|0 fnt|[from] psn
|faint|p2a: Ogerpon
|upkeep
|
|t:|1743780830
|switch|p2a: Zapdos|Zapdos|78/100
|turn|36
|j| Bobs sandwichshop
|
|t:|1743780844
|move|p1a: Akatsuki|Ivy Cudgel|p2a: Zapdos|[anim] Ivy Cudgel Water
|-damage|p2a: Zapdos|42/100
|move|p2a: Zapdos|Hurricane|p1a: Akatsuki|[miss]
|-miss|p2a: Zapdos|p1a: Akatsuki
|
|upkeep
|turn|37
|
|t:|1743780849
|-terastallize|p1a: Akatsuki|Water
|detailschange|p1a: Akatsuki|Ogerpon-Wellspring-Tera, F, tera:Water
|-ability|p1a: Akatsuki|Embody Aspect (Wellspring)|boost
|-boost|p1a: Akatsuki|spd|1
|move|p1a: Akatsuki|Ivy Cudgel|p2a: Zapdos|[anim] Ivy Cudgel Water
|-damage|p2a: Zapdos|0 fnt
|faint|p2a: Zapdos
|
|upkeep
|
|t:|1743780852
|switch|p2a: Zamazenta|Zamazenta|100/100
|-damage|p2a: Zamazenta|94/100|[from] Stealth Rock
|turn|38
|
|t:|1743780861
|move|p2a: Zamazenta|Crunch|p1a: Akatsuki
|-damage|p1a: Akatsuki|64/100
|move|p1a: Akatsuki|Ivy Cudgel|p2a: Zamazenta|[anim] Ivy Cudgel Water
|-damage|p2a: Zamazenta|25/100
|
|upkeep
|turn|39
|
|t:|1743780865
|move|p2a: Zamazenta|Close Combat|p1a: Akatsuki
|-damage|p1a: Akatsuki|0 fnt
|-unboost|p2a: Zamazenta|def|1
|-unboost|p2a: Zamazenta|spd|1
|faint|p1a: Akatsuki
|
|upkeep
|
|t:|1743780868
|switch|p1a: Hebi|Scizor, F|86/100
|turn|40
|
|t:|1743780870
|move|p1a: Hebi|Bullet Punch|p2a: Zamazenta
|-damage|p2a: Zamazenta|0 fnt
|faint|p2a: Zamazenta
|
|win|OSAKA 2026
|raw|OSAKA 2026's rating: 1765 &rarr; <strong>1786</strong><br />(+21 for winning)
|raw|ewqorhoqwhroqwr's rating: 1779 &rarr; <strong>1758</strong><br />(-21 for losing)
|l|☆OSAKA 2026
|player|p1|
|l|☆ewqorhoqwhroqwr
|player|p2|
