|j|☆rising skies
|j|☆sadotaxista
|t:|1743864714
|gametype|singles
|player|p1|rising skies|2|1400
|player|p2|sadotaxista|miku-ground|1488
|teamsize|p1|6
|teamsize|p2|6
|gen|9
|tier|[Gen 9] OU
|rated|
|rule|HP Percentage Mod: HP is shown in percentages
|rule|Endless Battle Clause: Forcing endless battles is banned
|rule|Species Clause: Limit one of each Pokémon
|rule|OHKO Clause: OHKO moves are banned
|rule|Evasion Items Clause: Evasion items are banned
|rule|Evasion Moves Clause: Evasion moves are banned
|rule|Sleep Moves Clause: Sleep-inducing moves are banned
|clearpoke
|poke|p1|Iron Hands|
|poke|p1|Empoleon, M|
|poke|p1|Great Tusk|
|poke|p1|Salamence, F|
|poke|p1|Rotom-Heat|
|poke|p1|Grimmsnarl, M|
|poke|p2|Iron Crown|
|poke|p2|Samurott-Hisui, F|
|poke|p2|Great Tusk|
|poke|p2|Kyurem|
|poke|p2|Ogerpon-Wellspring, F|
|poke|p2|Moltres|
|teampreview
|inactive|Battle timer is ON: inactive players will automatically lose when time's up. (requested by sadotaxista)
|inactive|rising skies also wants the timer to be on.
|
|t:|1743864723
|start
|switch|p1a: Rotom|Rotom-Heat|100/100
|switch|p2a: Slayyy|Samurott-Hisui, F|100/100
|turn|1
|
|t:|1743864729
|move|p2a: Slayyy|Razor Shell|p1a: Rotom
|-supereffective|p1a: Rotom
|-damage|p1a: Rotom|0 fnt
|faint|p1a: Rotom
|
|upkeep
|
|t:|1743864735
|switch|p1a: Salamence|Salamence, F|100/100
|turn|2
|
|t:|1743864741
|switch|p2a: Motres|Moltres|100/100
|move|p1a: Salamence|Dragon Dance|p1a: Salamence
|-boost|p1a: Salamence|atk|1
|-boost|p1a: Salamence|spe|1
|
|upkeep
|turn|3
|
|t:|1743864746
|move|p1a: Salamence|Dragon Dance|p1a: Salamence
|-boost|p1a: Salamence|atk|1
|-boost|p1a: Salamence|spe|1
|move|p2a: Motres|Roar|p1a: Salamence
|drag|p1a: Grimmsnarl|Grimmsnarl, M|100/100
|
|upkeep
|turn|4
|
|t:|1743864754
|move|p1a: Grimmsnarl|Light Screen|p1a: Grimmsnarl
|-sidestart|p1: rising skies|move: Light Screen
|move|p2a: Motres|Will-O-Wisp|p1a: Grimmsnarl|[miss]
|-miss|p2a: Motres|p1a: Grimmsnarl
|
|upkeep
|turn|5
|
|t:|1743864758
|move|p1a: Grimmsnarl|Taunt|p2a: Motres
|-start|p2a: Motres|move: Taunt
|cant|p2a: Motres|move: Taunt|Roar
|
|upkeep
|turn|6
|
|t:|1743864764
|switch|p2a: Poggerpon|Ogerpon-Wellspring, F|100/100
|move|p1a: Grimmsnarl|Reflect|p1a: Grimmsnarl
|-sidestart|p1: rising skies|Reflect
|
|upkeep
|turn|7
|l|☆sadotaxista
|inactive|sadotaxista disconnected and has a minute to reconnect!
|player|p2|
|j|☆sadotaxista
|inactive|sadotaxista reconnected and has 140 seconds left.
|player|p2|sadotaxista|miku-ground|
|
|t:|1743864784
|move|p1a: Grimmsnarl|Taunt|p2a: Poggerpon
|-start|p2a: Poggerpon|move: Taunt
|cant|p2a: Poggerpon|move: Taunt|Encore
|
|upkeep
|turn|8
|
|t:|1743864790
|switch|p2a: Perioddd|Great Tusk|100/100
|switch|p1a: Iron Hands|Iron Hands|100/100
|
|upkeep
|turn|9
|
|t:|1743864795
|move|p2a: Perioddd|Knock Off|p1a: Iron Hands
|-resisted|p1a: Iron Hands
|-damage|p1a: Iron Hands|97/100
|-enditem|p1a: Iron Hands|Punching Glove|[from] move: Knock Off|[of] p2a: Perioddd
|move|p1a: Iron Hands|Swords Dance|p1a: Iron Hands
|-boost|p1a: Iron Hands|atk|2
|
|upkeep
|turn|10
|
|t:|1743864809
|-end|p2a: Perioddd|Protosynthesis|[silent]
|switch|p2a: Motres|Moltres|100/100
|move|p1a: Iron Hands|Ice Punch|p2a: Motres
|-damage|p2a: Motres|47/100
|
|upkeep
|turn|11
|
|t:|1743864817
|-end|p1a: Iron Hands|Quark Drive|[silent]
|switch|p1a: Grimmsnarl|Grimmsnarl, M|100/100
|move|p2a: Motres|Will-O-Wisp|p1a: Grimmsnarl
|-status|p1a: Grimmsnarl|brn
|
|-damage|p1a: Grimmsnarl|94/100 brn|[from] brn
|-sideend|p1: rising skies|move: Light Screen
|upkeep
|turn|12
|
|t:|1743864825
|move|p1a: Grimmsnarl|Light Screen|p1a: Grimmsnarl
|-sidestart|p1: rising skies|move: Light Screen
|move|p2a: Motres|Roost|p2a: Motres
|-heal|p2a: Motres|97/100
|-singleturn|p2a: Motres|move: Roost
|
|-damage|p1a: Grimmsnarl|88/100 brn|[from] brn
|upkeep
|turn|13
|
|t:|1743864833
|move|p1a: Grimmsnarl|Taunt|p2a: Motres
|-start|p2a: Motres|move: Taunt
|move|p2a: Motres|Flare Blitz|p1a: Grimmsnarl
|-damage|p1a: Grimmsnarl|68/100 brn
|-damage|p2a: Motres|91/100|[from] Recoil
|
|-damage|p1a: Grimmsnarl|62/100 brn|[from] brn
|-sideend|p1: rising skies|Reflect
|upkeep
|turn|14
|
|t:|1743864842
|switch|p2a: Girl Dinner|Iron Crown|100/100
|move|p1a: Grimmsnarl|Reflect|p1a: Grimmsnarl
|-sidestart|p1: rising skies|Reflect
|
|-damage|p1a: Grimmsnarl|56/100 brn|[from] brn
|upkeep
|turn|15
|
|t:|1743864854
|switch|p1a: Salamence|Salamence, F|100/100
|move|p2a: Girl Dinner|Volt Switch|p1a: Salamence
|-damage|p1a: Salamence|85/100
|
|t:|1743864857
|-end|p2a: Girl Dinner|Quark Drive|[silent]
|switch|p2a: Motres|Moltres|91/100|[from] Volt Switch
|
|upkeep
|turn|16
|
|t:|1743864862
|switch|p1a: Grimmsnarl|Grimmsnarl, M|56/100 brn
|move|p2a: Motres|Will-O-Wisp|p1a: Grimmsnarl
|-fail|p1a: Grimmsnarl|brn
|
|-damage|p1a: Grimmsnarl|50/100 brn|[from] brn
|upkeep
|turn|17
|
|t:|1743864871
|switch|p1a: Iron Hands|Iron Hands|97/100
|move|p2a: Motres|Flare Blitz|p1a: Iron Hands
|-damage|p1a: Iron Hands|86/100
|-damage|p2a: Motres|87/100|[from] Recoil
|
|upkeep
|turn|18
|
|t:|1743864877
|-end|p1a: Iron Hands|Quark Drive|[silent]
|switch|p1a: Grimmsnarl|Grimmsnarl, M|50/100 brn
|move|p2a: Motres|Will-O-Wisp|p1a: Grimmsnarl
|-fail|p1a: Grimmsnarl|brn
|
|-damage|p1a: Grimmsnarl|44/100 brn|[from] brn
|upkeep
|turn|19
|
|t:|1743864884
|move|p1a: Grimmsnarl|Taunt|p2a: Motres
|-start|p2a: Motres|move: Taunt
|move|p2a: Motres|Flare Blitz|p1a: Grimmsnarl
|-damage|p1a: Grimmsnarl|22/100 brn
|-damage|p2a: Motres|81/100|[from] Recoil
|
|-damage|p1a: Grimmsnarl|16/100 brn|[from] brn
|-sideend|p1: rising skies|move: Light Screen
|upkeep
|turn|20
|
|t:|1743864893
|move|p1a: Grimmsnarl|Light Screen|p1a: Grimmsnarl
|-sidestart|p1: rising skies|move: Light Screen
|move|p2a: Motres|Flare Blitz|p1a: Grimmsnarl
|-damage|p1a: Grimmsnarl|0 fnt
|faint|p1a: Grimmsnarl
|-damage|p2a: Motres|76/100|[from] Recoil
|
|upkeep
|
|t:|1743864900
|switch|p1a: Iron Hands|Iron Hands|86/100
|turn|21
|
|t:|1743864904
|move|p2a: Motres|Flare Blitz|p1a: Iron Hands
|-damage|p1a: Iron Hands|75/100
|-damage|p2a: Motres|72/100|[from] Recoil
|move|p1a: Iron Hands|Swords Dance|p1a: Iron Hands
|-boost|p1a: Iron Hands|atk|2
|
|-end|p2a: Motres|move: Taunt
|-sideend|p1: rising skies|Reflect
|upkeep
|turn|22
|
|t:|1743864917
|move|p2a: Motres|Will-O-Wisp|p1a: Iron Hands
|-status|p1a: Iron Hands|brn
|move|p1a: Iron Hands|Thunder Punch|p2a: Motres
|-supereffective|p2a: Motres
|-damage|p2a: Motres|2/100
|
|-damage|p1a: Iron Hands|68/100 brn|[from] brn
|upkeep
|turn|23
|
|t:|1743864924
|move|p2a: Motres|Roost|p2a: Motres
|-heal|p2a: Motres|52/100
|-singleturn|p2a: Motres|move: Roost
|move|p1a: Iron Hands|Ice Punch|p2a: Motres
|-resisted|p2a: Motres
|-damage|p2a: Motres|39/100
|-status|p2a: Motres|frz
|
|-damage|p1a: Iron Hands|62/100 brn|[from] brn
|upkeep
|turn|24
|
|t:|1743864934
|-curestatus|p2a: Motres|frz|[from] move: Flare Blitz
|move|p2a: Motres|Flare Blitz|p1a: Iron Hands
|-damage|p1a: Iron Hands|39/100 brn
|-damage|p2a: Motres|29/100|[from] Recoil
|move|p1a: Iron Hands|Swords Dance|p1a: Iron Hands
|-boost|p1a: Iron Hands|atk|2
|
|-damage|p1a: Iron Hands|32/100 brn|[from] brn
|upkeep
|turn|25
|
|t:|1743864943
|move|p2a: Motres|Roost|p2a: Motres
|-heal|p2a: Motres|80/100
|-singleturn|p2a: Motres|move: Roost
|move|p1a: Iron Hands|Drain Punch|p2a: Motres
|-damage|p2a: Motres|22/100
|-heal|p1a: Iron Hands|57/100 brn|[from] drain|[of] p2a: Motres
|
|-damage|p1a: Iron Hands|51/100 brn|[from] brn
|upkeep
|turn|26
|
|t:|1743864955
|switch|p2a: I commit crimes|Kyurem|100/100
|-ability|p2a: I commit crimes|Pressure
|move|p1a: Iron Hands|Drain Punch|p2a: I commit crimes
|-supereffective|p2a: I commit crimes
|-damage|p2a: I commit crimes|0 fnt
|-heal|p1a: Iron Hands|100/100 brn|[from] drain|[of] p2a: I commit crimes
|faint|p2a: I commit crimes
|
|-damage|p1a: Iron Hands|94/100 brn|[from] brn
|upkeep
|
|t:|1743864968
|switch|p2a: Perioddd|Great Tusk|100/100
|turn|27
|
|t:|1743864979
|move|p2a: Perioddd|Knock Off|p1a: Iron Hands
|-resisted|p1a: Iron Hands
|-damage|p1a: Iron Hands|89/100 brn
|move|p1a: Iron Hands|Ice Punch|p2a: Perioddd
|-supereffective|p2a: Perioddd
|-damage|p2a: Perioddd|48/100
|-status|p2a: Perioddd|frz
|
|-damage|p1a: Iron Hands|83/100 brn|[from] brn
|-sideend|p1: rising skies|move: Light Screen
|upkeep
|turn|28
|
|t:|1743864990
|cant|p2a: Perioddd|frz
|move|p1a: Iron Hands|Drain Punch|p2a: Perioddd
|-damage|p2a: Perioddd|6/100 frz
|-heal|p1a: Iron Hands|100/100 brn|[from] drain|[of] p2a: Perioddd
|
|-damage|p1a: Iron Hands|94/100 brn|[from] brn
|upkeep
|turn|29
|
|t:|1743864997
|-curestatus|p2a: Perioddd|frz|[msg]
|move|p2a: Perioddd|Headlong Rush|p1a: Iron Hands
|-supereffective|p1a: Iron Hands
|-damage|p1a: Iron Hands|37/100 brn
|-unboost|p2a: Perioddd|def|1
|-unboost|p2a: Perioddd|spd|1
|move|p1a: Iron Hands|Drain Punch|p2a: Perioddd
|-damage|p2a: Perioddd|0 fnt
|-heal|p1a: Iron Hands|39/100 brn|[from] drain|[of] p2a: Perioddd
|faint|p2a: Perioddd
|-end|p2a: Perioddd|Protosynthesis|[silent]
|
|-damage|p1a: Iron Hands|33/100 brn|[from] brn
|upkeep
|
|t:|1743865005
|switch|p2a: Poggerpon|Ogerpon-Wellspring, F|100/100
|turn|30
|
|t:|1743865012
|move|p2a: Poggerpon|Ivy Cudgel|p1a: Iron Hands|[anim] Ivy Cudgel Water
|-damage|p1a: Iron Hands|5/100 brn
|move|p1a: Iron Hands|Drain Punch|p2a: Poggerpon
|-damage|p2a: Poggerpon|17/100
|-heal|p1a: Iron Hands|33/100 brn|[from] drain|[of] p2a: Poggerpon
|
|-damage|p1a: Iron Hands|27/100 brn|[from] brn
|upkeep
|turn|31
|
|t:|1743865020
|move|p2a: Poggerpon|Horn Leech|p1a: Iron Hands
|-damage|p1a: Iron Hands|5/100 brn
|-heal|p2a: Poggerpon|34/100|[from] drain|[of] p1a: Iron Hands
|move|p1a: Iron Hands|Drain Punch|p2a: Poggerpon
|-damage|p2a: Poggerpon|0 fnt
|-heal|p1a: Iron Hands|16/100 brn|[from] drain|[of] p2a: Poggerpon
|faint|p2a: Poggerpon
|
|-damage|p1a: Iron Hands|10/100 brn|[from] brn
|upkeep
|
|t:|1743865028
|switch|p2a: Girl Dinner|Iron Crown|100/100
|turn|32
|
|t:|1743865032
|move|p2a: Girl Dinner|Psyshock|p1a: Iron Hands
|-supereffective|p1a: Iron Hands
|-damage|p1a: Iron Hands|0 fnt
|faint|p1a: Iron Hands
|-end|p1a: Iron Hands|Quark Drive|[silent]
|
|upkeep
|
|t:|1743865038
|switch|p1a: Empoleon|Empoleon, M|100/100
|turn|33
|
|t:|1743865042
|move|p2a: Girl Dinner|Volt Switch|p1a: Empoleon
|-supereffective|p1a: Empoleon
|-damage|p1a: Empoleon|61/100
|
|t:|1743865044
|-end|p2a: Girl Dinner|Quark Drive|[silent]
|switch|p2a: Motres|Moltres|22/100|[from] Volt Switch
|move|p1a: Empoleon|Flip Turn|p2a: Motres
|-supereffective|p2a: Motres
|-damage|p2a: Motres|0 fnt
|faint|p2a: Motres
|
|t:|1743865058
|switch|p1a: Salamence|Salamence, F|85/100|[from] Flip Turn
|
|upkeep
|
|t:|1743865060
|switch|p2a: Girl Dinner|Iron Crown|100/100
|turn|34
|inactive|rising skies has 120 seconds left.
|
|t:|1743865102
|-terastallize|p2a: Girl Dinner|Ice
|move|p1a: Salamence|Dragon Dance|p1a: Salamence
|-boost|p1a: Salamence|atk|1
|-boost|p1a: Salamence|spe|1
|move|p2a: Girl Dinner|Tera Blast|p1a: Salamence|[anim] Tera Blast Ice
|-supereffective|p1a: Salamence
|-damage|p1a: Salamence|0 fnt
|faint|p1a: Salamence
|
|upkeep
|
|t:|1743865111
|switch|p1a: Empoleon|Empoleon, M|61/100
|turn|35
|
|t:|1743865122
|move|p2a: Girl Dinner|Volt Switch|p1a: Empoleon
|-supereffective|p1a: Empoleon
|-damage|p1a: Empoleon|18/100
|
|t:|1743865124
|-end|p2a: Girl Dinner|Quark Drive|[silent]
|switch|p2a: Slayyy|Samurott-Hisui, F|100/100|[from] Volt Switch
|move|p1a: Empoleon|Flip Turn|p2a: Slayyy
|-resisted|p2a: Slayyy
|-damage|p2a: Slayyy|89/100
|
|t:|1743865130
|switch|p1a: Great Tusk|Great Tusk|100/100|[from] Flip Turn
|-enditem|p1a: Great Tusk|Booster Energy
|-activate|p1a: Great Tusk|ability: Protosynthesis|[fromitem]
|-start|p1a: Great Tusk|protosynthesisatk
|
|upkeep
|turn|36
|inactive|rising skies has 120 seconds left.
|
|t:|1743865137
|-terastallize|p1a: Great Tusk|Electric
|move|p2a: Slayyy|Razor Shell|p1a: Great Tusk
|-damage|p1a: Great Tusk|62/100
|move|p1a: Great Tusk|Rapid Spin|p2a: Slayyy
|-damage|p2a: Slayyy|63/100
|-boost|p1a: Great Tusk|spe|1
|
|upkeep
|turn|37
|
|t:|1743865147
|move|p1a: Great Tusk|Supercell Slam|p2a: Slayyy
|-supereffective|p2a: Slayyy
|-damage|p2a: Slayyy|0 fnt
|faint|p2a: Slayyy
|
|upkeep
|
|t:|1743865150
|switch|p2a: Girl Dinner|Iron Crown, tera:Ice|100/100
|turn|38
|
|t:|1743865167
|move|p1a: Great Tusk|Temper Flare|p2a: Girl Dinner
|-supereffective|p2a: Girl Dinner
|-damage|p2a: Girl Dinner|42/100
|move|p2a: Girl Dinner|Tera Blast|p1a: Great Tusk|[anim] Tera Blast Ice
|-damage|p1a: Great Tusk|11/100
|
|upkeep
|turn|39
|
|t:|1743865173
|move|p1a: Great Tusk|Temper Flare|p2a: Girl Dinner
|-supereffective|p2a: Girl Dinner
|-damage|p2a: Girl Dinner|0 fnt
|faint|p2a: Girl Dinner
|-end|p2a: Girl Dinner|Quark Drive|[silent]
|
|win|rising skies
|raw|rising skies's rating: 1400 &rarr; <strong>1425</strong><br />(+25 for winning)
|raw|sadotaxista's rating: 1488 &rarr; <strong>1463</strong><br />(-25 for losing)
|l|☆sadotaxista
|player|p2|
|l|☆rising skies
|player|p1|
