|j|☆ttttllllldibdhejd
|j|‽MagicMage0
|t:|1743847905
|gametype|singles
|player|p1|ttttllllldibdhejd|elesa|1153
|player|p2|MagicMage0|flannery|1151
|teamsize|p1|6
|teamsize|p2|6
|gen|9
|tier|[Gen 9] OU
|rated|
|rule|HP Percentage Mod: HP is shown in percentages
|rule|Endless Battle Clause: Forcing endless battles is banned
|rule|Species Clause: Limit one of each Pokémon
|rule|OHKO Clause: OHKO moves are banned
|rule|Evasion Items Clause: Evasion items are banned
|rule|Evasion Moves Clause: Evasion moves are banned
|rule|Sleep Moves Clause: Sleep-inducing moves are banned
|clearpoke
|poke|p1|Heatran, F|
|poke|p1|Volcanion|
|poke|p1|Torkoal, M|
|poke|p1|Venusaur, F|
|poke|p1|Walking Wake|
|poke|p1|Cloyster, F|
|poke|p2|Ogerpon-Cornerstone, F|
|poke|p2|Mew|
|poke|p2|Mimikyu, M|
|poke|p2|Manaphy|
|poke|p2|Revavroom, F|
|poke|p2|Lokix, F|
|teampreview
|inactive|Battle timer is ON: inactive players will automatically lose when time's up. (requested by ttttllllldibdhejd)
|
|t:|1743847925
|start
|switch|p1a: Cloyster|Cloyster, F|100/100
|switch|p2a: Revavroom|Revavroom, F|100/100
|-item|p2a: Revavroom|Air Balloon
|turn|1
|
|t:|1743847936
|move|p2a: Revavroom|Shift Gear|p2a: Revavroom
|-boost|p2a: Revavroom|spe|2
|-boost|p2a: Revavroom|atk|1
|move|p1a: Cloyster|Shell Smash|p1a: Cloyster
|-unboost|p1a: Cloyster|def|1
|-unboost|p1a: Cloyster|spd|1
|-boost|p1a: Cloyster|atk|2
|-boost|p1a: Cloyster|spa|2
|-boost|p1a: Cloyster|spe|2
|
|upkeep
|turn|2
|
|t:|1743847963
|move|p2a: Revavroom|Iron Head|p1a: Cloyster
|-damage|p1a: Cloyster|19/100
|move|p1a: Cloyster|Shell Smash|p1a: Cloyster
|-unboost|p1a: Cloyster|def|1
|-unboost|p1a: Cloyster|spd|1
|-boost|p1a: Cloyster|atk|2
|-boost|p1a: Cloyster|spa|2
|-boost|p1a: Cloyster|spe|2
|
|upkeep
|turn|3
|
|t:|1743847978
|move|p1a: Cloyster|Icicle Spear|p2a: Revavroom
|-resisted|p2a: Revavroom
|-damage|p2a: Revavroom|79/100
|-enditem|p2a: Revavroom|Air Balloon
|-resisted|p2a: Revavroom
|-damage|p2a: Revavroom|59/100
|-resisted|p2a: Revavroom
|-damage|p2a: Revavroom|39/100
|-resisted|p2a: Revavroom
|-damage|p2a: Revavroom|20/100
|-resisted|p2a: Revavroom
|-damage|p2a: Revavroom|0 fnt
|faint|p2a: Revavroom
|-hitcount|p2: Revavroom|5
|
|upkeep
|
|t:|1743847981
|switch|p2a: Mimikyu|Mimikyu, M|100/100
|turn|4
|
|t:|1743847996
|-terastallize|p2a: Mimikyu|Ghost
|move|p2a: Mimikyu|Shadow Sneak|p1a: Cloyster
|-damage|p1a: Cloyster|0 fnt
|faint|p1a: Cloyster
|-damage|p2a: Mimikyu|91/100|[from] item: Life Orb
|
|upkeep
|
|t:|1743848008
|switch|p1a: Torkoal|Torkoal, M|100/100
|-weather|SunnyDay|[from] ability: Drought|[of] p1a: Torkoal
|turn|5
|
|t:|1743848016
|move|p2a: Mimikyu|Swords Dance|p2a: Mimikyu
|-boost|p2a: Mimikyu|atk|2
|move|p1a: Torkoal|Will-O-Wisp|p2a: Mimikyu
|-status|p2a: Mimikyu|brn
|
|-weather|SunnyDay|[upkeep]
|-damage|p2a: Mimikyu|85/100 brn|[from] brn
|upkeep
|turn|6
|
|t:|1743848033
|switch|p1a: Venusaur|Venusaur, F|100/100
|move|p2a: Mimikyu|Swords Dance|p2a: Mimikyu
|-boost|p2a: Mimikyu|atk|2
|
|-weather|SunnyDay|[upkeep]
|-damage|p2a: Mimikyu|79/100 brn|[from] brn
|upkeep
|turn|7
|
|t:|1743848044
|move|p1a: Venusaur|Solar Beam||[still]
|-prepare|p1a: Venusaur|Solar Beam
|-anim|p1a: Venusaur|Solar Beam|p2a: Mimikyu
|-activate|p2a: Mimikyu|ability: Disguise
|-damage|p2a: Mimikyu|79/100 brn
|detailschange|p2a: Mimikyu|Mimikyu-Busted, M, tera:Ghost
|-damage|p2a: Mimikyu|66/100 brn|[from] pokemon: Mimikyu-Busted
|move|p2a: Mimikyu|Shadow Claw|p1a: Venusaur
|-damage|p1a: Venusaur|0 fnt
|faint|p1a: Venusaur
|-damage|p2a: Mimikyu|56/100 brn|[from] item: Life Orb
|
|-weather|SunnyDay|[upkeep]
|-damage|p2a: Mimikyu|50/100 brn|[from] brn
|upkeep
|inactive|ttttllllldibdhejd has 120 seconds left.
|inactive|ttttllllldibdhejd has 90 seconds left.
|inactive|ttttllllldibdhejd has 60 seconds left.
|inactive|ttttllllldibdhejd has 30 seconds left.
|inactive|ttttllllldibdhejd has 20 seconds left.
|inactive|ttttllllldibdhejd has 15 seconds left.
|inactive|ttttllllldibdhejd has 10 seconds left.
|inactive|ttttllllldibdhejd has 5 seconds left.
|-message|ttttllllldibdhejd lost due to inactivity.
|
|win|MagicMage0
|raw|ttttllllldibdhejd's rating: 1108 &rarr; <strong>1086</strong><br />(-22 for losing)
|raw|MagicMage0's rating: 1151 &rarr; <strong>1173</strong><br />(+22 for winning)
