|j|☆sunney
|j|☆TheLump
|t:|1743858509
|gametype|singles
|player|p1|sunney|bruno|1175
|player|p2|TheLump|102|1143
|teamsize|p1|6
|teamsize|p2|6
|gen|9
|tier|[Gen 9] OU
|rated|
|rule|HP Percentage Mod: HP is shown in percentages
|rule|Endless Battle Clause: Forcing endless battles is banned
|rule|Species Clause: Limit one of each Pokémon
|rule|OHKO Clause: OHKO moves are banned
|rule|Evasion Items Clause: Evasion items are banned
|rule|Evasion Moves Clause: Evasion moves are banned
|rule|Sleep Moves Clause: Sleep-inducing moves are banned
|clearpoke
|poke|p1|Leavanny, F|
|poke|p1|Great Tusk|
|poke|p1|Ceruledge, F|
|poke|p1|Walking Wake|
|poke|p1|Ninetales, F|
|poke|p1|Dragonite, F|
|poke|p2|Venomoth, M|
|poke|p2|Victreebel, M|
|poke|p2|Torkoal, F|
|poke|p2|Iron Moth|
|poke|p2|Revavroom, F|
|poke|p2|Swalot, F|
|teampreview
|
|t:|1743858545
|start
|switch|p1a: Ninetales|Ninetales, F|100/100
|switch|p2a: Torkoal|Torkoal, F, shiny|100/100
|-weather|SunnyDay|[from] ability: Drought|[of] p1a: Ninetales
|turn|1
|
|t:|1743858552
|switch|p1a: Walking Wake|Walking Wake|100/100
|-activate|p1a: Walking Wake|ability: Protosynthesis
|-start|p1a: Walking Wake|protosynthesisspa
|move|p2a: Torkoal|Earth Power|p1a: Walking Wake
|-damage|p1a: Walking Wake|84/100
|
|-weather|SunnyDay|[upkeep]
|upkeep
|turn|2
|
|t:|1743858567
|move|p1a: Walking Wake|Hydro Steam|p2a: Torkoal
|-supereffective|p2a: Torkoal
|-damage|p2a: Torkoal|0 fnt
|faint|p2a: Torkoal
|
|-weather|SunnyDay|[upkeep]
|upkeep
|
|t:|1743858572
|switch|p2a: Venomoth|Venomoth, M|100/100
|turn|3
|
|t:|1743858575
|move|p1a: Walking Wake|Hydro Steam|p2a: Venomoth
|-damage|p2a: Venomoth|0 fnt
|faint|p2a: Venomoth
|
|-weather|SunnyDay|[upkeep]
|upkeep
|
|t:|1743858580
|switch|p2a: Swalot|Swalot, F|100/100
|turn|4
|
|t:|1743858582
|move|p1a: Walking Wake|Hydro Steam|p2a: Swalot
|-damage|p2a: Swalot|50/100
|move|p2a: Swalot|Toxic|p1a: Walking Wake
|-status|p1a: Walking Wake|tox
|
|-weather|SunnyDay|[upkeep]
|-heal|p2a: Swalot|56/100|[from] item: Black Sludge
|-damage|p1a: Walking Wake|77/100 tox|[from] psn
|upkeep
|turn|5
|
|t:|1743858589
|move|p1a: Walking Wake|Hydro Steam|p2a: Swalot
|-damage|p2a: Swalot|5/100
|move|p2a: Swalot|Gastro Acid|p1a: Walking Wake
|-endability|p1a: Walking Wake
|-end|p1a: Walking Wake|Protosynthesis|[silent]
|
|-weather|SunnyDay|[upkeep]
|-heal|p2a: Swalot|11/100|[from] item: Black Sludge
|-damage|p1a: Walking Wake|65/100 tox|[from] psn
|upkeep
|turn|6
|
|t:|1743858596
|switch|p2a: Lowi Trusmadi|Victreebel, M|100/100
|move|p1a: Walking Wake|Hydro Steam|p2a: Lowi Trusmadi
|-resisted|p2a: Lowi Trusmadi
|-damage|p2a: Lowi Trusmadi|53/100
|
|-weather|SunnyDay|[upkeep]
|-damage|p1a: Walking Wake|47/100 tox|[from] psn
|upkeep
|turn|7
|
|t:|1743858601
|move|p2a: Lowi Trusmadi|Giga Drain|p1a: Walking Wake
|-damage|p1a: Walking Wake|16/100 tox
|-heal|p2a: Lowi Trusmadi|70/100|[from] drain|[of] p1a: Walking Wake
|move|p1a: Walking Wake|Hydro Steam|p2a: Lowi Trusmadi
|-resisted|p2a: Lowi Trusmadi
|-damage|p2a: Lowi Trusmadi|26/100
|
|-weather|SunnyDay|[upkeep]
|-damage|p1a: Walking Wake|0 fnt|[from] psn
|faint|p1a: Walking Wake
|-end|p1a: Walking Wake|Protosynthesis|[silent]
|upkeep
|
|t:|1743858606
|switch|p1a: Leavanny|Leavanny, F|100/100
|turn|8
|
|t:|1743858608
|move|p1a: Leavanny|Triple Axel|p2a: Lowi Trusmadi|[miss]
|-miss|p1a: Leavanny|p2a: Lowi Trusmadi
|move|p2a: Lowi Trusmadi|Weather Ball|p1a: Leavanny
|-supereffective|p1a: Leavanny
|-damage|p1a: Leavanny|0 fnt
|faint|p1a: Leavanny
|
|-weather|none
|upkeep
|
|t:|1743858617
|switch|p1a: Dragonite|Dragonite, F|100/100
|turn|9
|
|t:|1743858622
|move|p1a: Dragonite|Extreme Speed|p2a: Lowi Trusmadi
|-damage|p2a: Lowi Trusmadi|0 fnt
|faint|p2a: Lowi Trusmadi
|
|upkeep
|
|t:|1743858625
|switch|p2a: Revavroom|Revavroom, F|100/100
|turn|10
|
|t:|1743858628
|-terastallize|p1a: Dragonite|Fire
|move|p2a: Revavroom|Shift Gear|p2a: Revavroom
|-boost|p2a: Revavroom|spe|2
|-boost|p2a: Revavroom|atk|1
|move|p1a: Dragonite|Fire Punch|p2a: Revavroom
|-supereffective|p2a: Revavroom
|-damage|p2a: Revavroom|0 fnt
|faint|p2a: Revavroom
|
|upkeep
|
|t:|1743858632
|switch|p2a: Iron Moth|Iron Moth|100/100
|-enditem|p2a: Iron Moth|Booster Energy
|-activate|p2a: Iron Moth|ability: Quark Drive|[fromitem]
|-start|p2a: Iron Moth|quarkdrivespe
|turn|11
|
|t:|1743858634
|move|p2a: Iron Moth|Sludge Wave|p1a: Dragonite
|-damage|p1a: Dragonite|74/100
|move|p1a: Dragonite|Dragon Claw|p2a: Iron Moth
|-damage|p2a: Iron Moth|23/100
|
|upkeep
|turn|12
|
|t:|1743858637
|move|p1a: Dragonite|Extreme Speed|p2a: Iron Moth
|-damage|p2a: Iron Moth|0 fnt
|faint|p2a: Iron Moth
|-end|p2a: Iron Moth|Quark Drive|[silent]
|
|upkeep
|
|t:|1743858640
|switch|p2a: Swalot|Swalot, F|11/100
|turn|13
|
|t:|1743858643
|move|p1a: Dragonite|Fire Punch|p2a: Swalot
|-damage|p2a: Swalot|0 fnt
|faint|p2a: Swalot
|
|win|sunney
|raw|sunney's rating: 1175 &rarr; <strong>1198</strong><br />(+23 for winning)
|raw|TheLump's rating: 1143 &rarr; <strong>1120</strong><br />(-23 for losing)
|l|☆sunney
|player|p1|
|l|☆TheLump
|player|p2|
