|j|☆OSAKA 2026
|j|☆No_OverUsed?
|t:|1743845329
|gametype|singles
|player|p1|OSAKA 2026|backpackerf|1692
|player|p2|No_OverUsed?|marlon|1671
|teamsize|p1|6
|teamsize|p2|6
|gen|9
|tier|[Gen 9] OU
|rated|
|rule|HP Percentage Mod: HP is shown in percentages
|rule|Endless Battle Clause: Forcing endless battles is banned
|rule|Species Clause: Limit one of each Pokémon
|rule|OHKO Clause: OHKO moves are banned
|rule|Evasion Items Clause: Evasion items are banned
|rule|Evasion Moves Clause: Evasion moves are banned
|rule|Sleep Moves Clause: Sleep-inducing moves are banned
|clearpoke
|poke|p1|Kyurem|
|poke|p1|Ogerpon-Wellspring, F|
|poke|p1|Scizor, F|
|poke|p1|Moltres|
|poke|p1|Great Tusk|
|poke|p1|Muk-Alola, F|
|poke|p2|Scizor, M|
|poke|p2|Thundurus-Therian, M|
|poke|p2|Reuniclus, M|
|poke|p2|Decidueye-Hisui, M|
|poke|p2|Incineroar, M|
|poke|p2|Keldeo-Resolute|
|teampreview
|inactive|Battle timer is ON: inactive players will automatically lose when time's up. (requested by No_OverUsed?)
|inactive|No_OverUsed? has 120 seconds left.
|
|t:|1743845364
|start
|switch|p1a: Hebi|Scizor, F|100/100
|switch|p2a: VGC|Incineroar, M|100/100
|-ability|p2a: VGC|Intimidate|boost
|-unboost|p1a: Hebi|atk|1
|turn|1
|
|t:|1743845368
|switch|p1a: Taka|Moltres|100/100
|move|p2a: VGC|Knock Off|p1a: Taka
|-damage|p1a: Taka|76/100
|-enditem|p1a: Taka|Heavy-Duty Boots|[from] move: Knock Off|[of] p2a: VGC
|
|upkeep
|turn|2
|
|t:|1743845374
|move|p1a: Taka|Scorching Sands|p2a: VGC
|-supereffective|p2a: VGC
|-damage|p2a: VGC|74/100
|move|p2a: VGC|Knock Off|p1a: Taka
|-damage|p1a: Taka|58/100
|
|-heal|p2a: VGC|80/100|[from] item: Leftovers
|upkeep
|turn|3
|
|t:|1743845380
|move|p1a: Taka|Scorching Sands|p2a: VGC
|-supereffective|p2a: VGC
|-damage|p2a: VGC|50/100
|move|p2a: VGC|Knock Off|p1a: Taka
|-damage|p1a: Taka|40/100
|
|-heal|p2a: VGC|56/100|[from] item: Leftovers
|upkeep
|turn|4
|
|t:|1743845383
|move|p1a: Taka|Roost|p1a: Taka
|-heal|p1a: Taka|90/100
|-singleturn|p1a: Taka|move: Roost
|move|p2a: VGC|Knock Off|p1a: Taka
|-damage|p1a: Taka|71/100
|
|-heal|p2a: VGC|62/100|[from] item: Leftovers
|upkeep
|turn|5
|
|t:|1743845386
|switch|p2a: Guts|Keldeo-Resolute|100/100
|move|p1a: Taka|Scorching Sands|p2a: Guts
|-damage|p2a: Guts|76/100
|
|upkeep
|turn|6
|
|t:|1743845390
|switch|p1a: Three-Way Deadlock|Muk-Alola, F|100/100
|move|p2a: Guts|Secret Sword|p1a: Three-Way Deadlock
|-damage|p1a: Three-Way Deadlock|32/100
|
|-heal|p1a: Three-Way Deadlock|38/100|[from] item: Leftovers
|upkeep
|turn|7
|
|t:|1743845393
|move|p1a: Three-Way Deadlock|Protect|p1a: Three-Way Deadlock
|-singleturn|p1a: Three-Way Deadlock|Protect
|move|p2a: Guts|Secret Sword|p1a: Three-Way Deadlock
|-activate|p1a: Three-Way Deadlock|move: Protect
|
|-heal|p1a: Three-Way Deadlock|44/100|[from] item: Leftovers
|upkeep
|turn|8
|
|t:|1743845396
|switch|p1a: Greatest Summon|Great Tusk|100/100
|move|p2a: Guts|Secret Sword|p1a: Greatest Summon
|-damage|p1a: Greatest Summon|63/100
|
|-heal|p1a: Greatest Summon|69/100|[from] item: Leftovers
|upkeep
|turn|9
|
|t:|1743845402
|switch|p2a: Hawkeye|Decidueye-Hisui, M, shiny|100/100
|move|p1a: Greatest Summon|Stealth Rock|p2a: Hawkeye
|-sidestart|p2: No_OverUsed?|move: Stealth Rock
|
|-heal|p1a: Greatest Summon|76/100|[from] item: Leftovers
|upkeep
|turn|10
|
|t:|1743845406
|move|p1a: Greatest Summon|Taunt|p2a: Hawkeye
|-start|p2a: Hawkeye|move: Taunt
|cant|p2a: Hawkeye|move: Taunt|Defog
|
|-heal|p1a: Greatest Summon|82/100|[from] item: Leftovers
|upkeep
|turn|11
|
|t:|1743845410
|-end|p1a: Greatest Summon|Protosynthesis|[silent]
|switch|p1a: Bijuu|Kyurem, shiny|100/100
|-ability|p1a: Bijuu|Pressure
|move|p2a: Hawkeye|Triple Arrows|p1a: Bijuu
|-supereffective|p1a: Bijuu
|-crit|p1a: Bijuu
|-damage|p1a: Bijuu|3/100
|-unboost|p1a: Bijuu|def|1
|
|upkeep
|turn|12
|
|t:|1743845420
|switch|p2a: Amber|Scizor, M, shiny|100/100
|-damage|p2a: Amber|88/100|[from] Stealth Rock
|move|p1a: Bijuu|Ice Beam|p2a: Amber
|-resisted|p2a: Amber
|-damage|p2a: Amber|37/100
|
|upkeep
|turn|13
|
|t:|1743845427
|switch|p1a: Taka|Moltres|71/100
|move|p2a: Amber|Bullet Punch|p1a: Taka
|-resisted|p1a: Taka
|-damage|p1a: Taka|53/100
|-status|p2a: Amber|brn|[from] ability: Flame Body|[of] p1a: Taka
|
|-damage|p2a: Amber|31/100 brn|[from] brn
|upkeep
|turn|14
|
|t:|1743845433
|switch|p2a: Hawkeye|Decidueye-Hisui, M, shiny|100/100
|-damage|p2a: Hawkeye|94/100|[from] Stealth Rock
|move|p1a: Taka|U-turn|p2a: Hawkeye
|-damage|p2a: Hawkeye|84/100
|-damage|p1a: Taka|37/100|[from] item: Rocky Helmet|[of] p2a: Hawkeye
|
|t:|1743845436
|switch|p1a: Bijuu|Kyurem, shiny|3/100|[from] U-turn
|-ability|p1a: Bijuu|Pressure
|
|upkeep
|turn|15
|
|t:|1743845438
|switch|p2a: VGC|Incineroar, M|62/100
|-damage|p2a: VGC|37/100|[from] Stealth Rock
|-ability|p2a: VGC|Intimidate|boost
|-unboost|p1a: Bijuu|atk|1
|move|p1a: Bijuu|Ice Beam|p2a: VGC
|-resisted|p2a: VGC
|-damage|p2a: VGC|9/100
|
|-heal|p2a: VGC|15/100|[from] item: Leftovers
|upkeep
|turn|16
|
|t:|1743845443
|move|p1a: Bijuu|Ice Beam|p2a: VGC
|-resisted|p2a: VGC
|-damage|p2a: VGC|0 fnt
|faint|p2a: VGC
|
|upkeep
|
|t:|1743845444
|switch|p2a: Guts|Keldeo-Resolute|76/100
|-damage|p2a: Guts|70/100|[from] Stealth Rock
|turn|17
|
|t:|1743845452
|switch|p1a: Greatest Summon|Great Tusk|82/100
|move|p2a: Guts|Secret Sword|p1a: Greatest Summon
|-damage|p1a: Greatest Summon|48/100
|
|-heal|p1a: Greatest Summon|55/100|[from] item: Leftovers
|upkeep
|turn|18
|
|t:|1743845459
|switch|p2a: Hawkeye|Decidueye-Hisui, M, shiny|84/100
|-damage|p2a: Hawkeye|78/100|[from] Stealth Rock
|move|p1a: Greatest Summon|Headlong Rush|p2a: Hawkeye
|-resisted|p2a: Hawkeye
|-damage|p2a: Hawkeye|61/100
|-unboost|p1a: Greatest Summon|def|1
|-unboost|p1a: Greatest Summon|spd|1
|-damage|p1a: Greatest Summon|38/100|[from] item: Rocky Helmet|[of] p2a: Hawkeye
|
|-heal|p1a: Greatest Summon|44/100|[from] item: Leftovers
|upkeep
|turn|19
|
|t:|1743845462
|move|p1a: Greatest Summon|Taunt|p2a: Hawkeye
|-start|p2a: Hawkeye|move: Taunt
|move|p2a: Hawkeye|Triple Arrows|p1a: Greatest Summon
|-damage|p1a: Greatest Summon|15/100
|-unboost|p1a: Greatest Summon|def|1
|
|-heal|p1a: Greatest Summon|21/100|[from] item: Leftovers
|upkeep
|turn|20
|
|t:|1743845465
|move|p1a: Greatest Summon|Headlong Rush|p2a: Hawkeye
|-resisted|p2a: Hawkeye
|-damage|p2a: Hawkeye|42/100
|-unboost|p1a: Greatest Summon|def|1
|-unboost|p1a: Greatest Summon|spd|1
|-damage|p1a: Greatest Summon|5/100|[from] item: Rocky Helmet|[of] p2a: Hawkeye
|move|p2a: Hawkeye|Triple Arrows|p1a: Greatest Summon
|-damage|p1a: Greatest Summon|0 fnt
|faint|p1a: Greatest Summon
|-end|p1a: Greatest Summon|Protosynthesis|[silent]
|
|upkeep
|
|t:|1743845467
|switch|p1a: Bijuu|Kyurem, shiny|3/100
|-ability|p1a: Bijuu|Pressure
|turn|21
|
|t:|1743845470
|switch|p2a: Amber|Scizor, M, shiny|31/100 brn
|-damage|p2a: Amber|18/100 brn|[from] Stealth Rock
|move|p1a: Bijuu|Ice Beam|p2a: Amber
|-resisted|p2a: Amber
|-damage|p2a: Amber|0 fnt
|faint|p2a: Amber
|
|upkeep
|
|t:|1743845474
|switch|p2a: Zeus|Thundurus-Therian, M|100/100
|-damage|p2a: Zeus|76/100|[from] Stealth Rock
|turn|22
|
|t:|1743845479
|switch|p1a: Taka|Moltres|37/100
|move|p2a: Zeus|Thunderbolt|p1a: Taka
|-supereffective|p1a: Taka
|-damage|p1a: Taka|0 fnt
|faint|p1a: Taka
|
|upkeep
|
|t:|1743845486
|switch|p1a: Hebi|Scizor, F|100/100
|turn|23
|
|t:|1743845493
|switch|p2a: Genosis|Reuniclus, M, shiny|100/100
|-damage|p2a: Genosis|88/100|[from] Stealth Rock
|move|p1a: Hebi|U-turn|p2a: Genosis
|-supereffective|p2a: Genosis
|-damage|p2a: Genosis|0 fnt
|faint|p2a: Genosis
|
|t:|1743845500
|switch|p1a: Bijuu|Kyurem, shiny|3/100|[from] U-turn
|-ability|p1a: Bijuu|Pressure
|
|upkeep
|
|t:|1743845504
|switch|p2a: Zeus|Thundurus-Therian, M|76/100
|-damage|p2a: Zeus|51/100|[from] Stealth Rock
|turn|24
|
|t:|1743845512
|switch|p1a: Three-Way Deadlock|Muk-Alola, F|44/100
|move|p2a: Zeus|Thunderbolt|p1a: Three-Way Deadlock
|-damage|p1a: Three-Way Deadlock|11/100
|
|-heal|p1a: Three-Way Deadlock|17/100|[from] item: Leftovers
|upkeep
|turn|25
|
|t:|1743845515
|move|p1a: Three-Way Deadlock|Protect|p1a: Three-Way Deadlock
|-singleturn|p1a: Three-Way Deadlock|Protect
|move|p2a: Zeus|Thunderbolt|p1a: Three-Way Deadlock
|-activate|p1a: Three-Way Deadlock|move: Protect
|
|-heal|p1a: Three-Way Deadlock|23/100|[from] item: Leftovers
|upkeep
|turn|26
|
|t:|1743845516
|move|p2a: Zeus|Thunderbolt|p1a: Three-Way Deadlock
|-damage|p1a: Three-Way Deadlock|0 fnt
|faint|p1a: Three-Way Deadlock
|
|upkeep
|
|t:|1743845520
|switch|p1a: Hebi|Scizor, F|100/100
|turn|27
|
|t:|1743845530
|move|p2a: Zeus|Thunderbolt|p1a: Hebi
|-damage|p1a: Hebi|31/100
|-status|p1a: Hebi|par
|cant|p1a: Hebi|par
|
|upkeep
|turn|28
|
|t:|1743845535
|move|p2a: Zeus|Thunderbolt|p1a: Hebi
|-damage|p1a: Hebi|0 fnt
|faint|p1a: Hebi
|
|upkeep
|
|t:|1743845537
|switch|p1a: Bijuu|Kyurem, shiny|3/100
|-ability|p1a: Bijuu|Pressure
|turn|29
|
|t:|1743845548
|-terastallize|p1a: Bijuu|Ground
|move|p2a: Zeus|Thunderbolt|p1a: Bijuu
|-immune|p1a: Bijuu
|move|p1a: Bijuu|Ice Beam|p2a: Zeus
|-supereffective|p2a: Zeus
|-damage|p2a: Zeus|0 fnt
|faint|p2a: Zeus
|
|upkeep
|
|t:|1743845554
|switch|p2a: Guts|Keldeo-Resolute|70/100
|-damage|p2a: Guts|64/100|[from] Stealth Rock
|turn|30
|
|t:|1743845561
|move|p2a: Guts|Secret Sword|p1a: Bijuu
|-damage|p1a: Bijuu|0 fnt
|faint|p1a: Bijuu
|
|upkeep
|
|t:|1743845562
|switch|p1a: Akatsuki|Ogerpon-Wellspring, F|100/100
|turn|31
|
|t:|1743845564
|-terastallize|p2a: Guts|Dragon
|move|p1a: Akatsuki|Ivy Cudgel|p2a: Guts|[anim] Ivy Cudgel Water
|-resisted|p2a: Guts
|-damage|p2a: Guts|33/100
|move|p2a: Guts|Secret Sword|p1a: Akatsuki
|-crit|p1a: Akatsuki
|-damage|p1a: Akatsuki|0 fnt
|faint|p1a: Akatsuki
|
|win|No_OverUsed?
|raw|OSAKA 2026's rating: 1708 &rarr; <strong>1687</strong><br />(-21 for losing)
|raw|No_OverUsed?'s rating: 1691 &rarr; <strong>1712</strong><br />(+21 for winning)
|l|☆OSAKA 2026
|player|p1|
|l|☆No_OverUsed?
|player|p2|
