|j|☆Rocktar Made
|j|☆Oyayo Ai Hoshino
|t:|1743892607
|gametype|singles
|player|p1|Rocktar Made|lass-gen4dp|1732
|player|p2|Oyayo Ai Hoshino|kris-masters|1687
|teamsize|p1|6
|teamsize|p2|6
|gen|9
|tier|[Gen 9] OU
|rated|
|rule|HP Percentage Mod: HP is shown in percentages
|rule|Endless Battle Clause: Forcing endless battles is banned
|rule|Species Clause: Limit one of each Pokémon
|rule|OHKO Clause: OHKO moves are banned
|rule|Evasion Items Clause: Evasion items are banned
|rule|Evasion Moves Clause: Evasion moves are banned
|rule|Sleep Moves Clause: Sleep-inducing moves are banned
|clearpoke
|poke|p1|Enamorus, F|
|poke|p1|Alomomola, M|
|poke|p1|Lokix, M|
|poke|p1|Iron Treads|
|poke|p1|Pecharunt|
|poke|p1|Zamazenta-*|
|poke|p2|Dragapult, F|
|poke|p2|Darkrai|
|poke|p2|Corviknight, M|
|poke|p2|Fezandipiti, M|
|poke|p2|Ting-Lu|
|poke|p2|Pecharunt|
|teampreview
|inactive|Battle timer is ON: inactive players will automatically lose when time's up. (requested by Rocktar Made)
|
|t:|1743892617
|start
|switch|p1a: Lokix|Lokix, M|100/100
|switch|p2a: Dragapult|Dragapult, F|100/100
|turn|1
|
|t:|1743892627
|move|p2a: Dragapult|U-turn|p1a: Lokix
|-supereffective|p1a: Lokix
|-damage|p1a: Lokix|43/100
|
|t:|1743892629
|switch|p2a: Corviknight|Corviknight, M|100/100|[from] U-turn
|-ability|p2a: Corviknight|Pressure
|move|p1a: Lokix|Knock Off|p2a: Corviknight
|-crit|p2a: Corviknight
|-damage|p2a: Corviknight|36/100
|-enditem|p2a: Corviknight|Covert Cloak|[from] move: Knock Off|[of] p1a: Lokix
|
|upkeep
|turn|2
|
|t:|1743892632
|move|p1a: Lokix|Knock Off|p2a: Corviknight
|-damage|p2a: Corviknight|8/100
|move|p2a: Corviknight|Roost|p2a: Corviknight
|-heal|p2a: Corviknight|58/100
|-singleturn|p2a: Corviknight|move: Roost
|
|upkeep
|turn|3
|
|t:|1743892635
|switch|p1a: Pecharunt|Pecharunt|100/100
|-item|p1a: Pecharunt|Air Balloon
|move|p2a: Corviknight|Roost|p2a: Corviknight
|-heal|p2a: Corviknight|100/100
|-singleturn|p2a: Corviknight|move: Roost
|
|upkeep
|turn|4
|
|t:|1743892637
|move|p1a: Pecharunt|Parting Shot|p2a: Corviknight
|-unboost|p2a: Corviknight|atk|1
|-unboost|p2a: Corviknight|spa|1
|
|t:|1743892639
|switch|p1a: Alomomola|Alomomola, M|100/100|[from] Parting Shot
|move|p2a: Corviknight|U-turn|p1a: Alomomola
|-damage|p1a: Alomomola|94/100
|
|t:|1743892644
|switch|p2a: Fezandipiti|Fezandipiti, M|100/100|[from] U-turn
|
|upkeep
|turn|5
|j| mayomama
|
|t:|1743892646
|move|p2a: Fezandipiti|Sludge Bomb|p1a: Alomomola
|-damage|p1a: Alomomola|78/100
|-status|p1a: Alomomola|psn
|move|p1a: Alomomola|Flip Turn|p2a: Fezandipiti
|-damage|p2a: Fezandipiti|84/100
|
|t:|1743892650
|switch|p1a: Iron Treads|Iron Treads|100/100|[from] Flip Turn
|
|upkeep
|turn|6
|
|t:|1743892656
|-end|p1a: Iron Treads|Quark Drive|[silent]
|switch|p1a: Enamorus|Enamorus, F|100/100
|switch|p2a: Corviknight|Corviknight, M|100/100
|-ability|p2a: Corviknight|Pressure
|
|upkeep
|turn|7
|
|t:|1743892660
|move|p1a: Enamorus|Mystical Fire|p2a: Corviknight
|-supereffective|p2a: Corviknight
|-damage|p2a: Corviknight|17/100
|-unboost|p2a: Corviknight|spa|1
|move|p2a: Corviknight|U-turn|p1a: Enamorus
|-resisted|p1a: Enamorus
|-damage|p1a: Enamorus|94/100
|
|t:|1743892663
|switch|p2a: Ting-Lu|Ting-Lu|100/100|[from] U-turn
|-ability|p2a: Ting-Lu|Vessel of Ruin
|
|upkeep
|turn|8
|
|t:|1743892667
|switch|p1a: Lokix|Lokix, M|43/100
|move|p2a: Ting-Lu|Stealth Rock|p1a: Lokix
|-sidestart|p1: Rocktar Made|move: Stealth Rock
|
|upkeep
|turn|9
|
|t:|1743892673
|move|p1a: Lokix|U-turn|p2a: Ting-Lu
|-supereffective|p2a: Ting-Lu
|-damage|p2a: Ting-Lu|44/100
|
|t:|1743892675
|switch|p1a: Iron Treads|Iron Treads|100/100|[from] U-turn
|-damage|p1a: Iron Treads|97/100|[from] Stealth Rock
|move|p2a: Ting-Lu|Spikes|p1a: Iron Treads
|-sidestart|p1: Rocktar Made|Spikes
|
|-heal|p1a: Iron Treads|100/100|[from] item: Leftovers
|-heal|p2a: Ting-Lu|50/100|[from] item: Leftovers
|upkeep
|turn|10
|
|t:|1743892679
|switch|p2a: Pecharunt|Pecharunt|100/100
|move|p1a: Iron Treads|Rapid Spin|p2a: Pecharunt
|-immune|p2a: Pecharunt
|
|upkeep
|turn|11
|
|t:|1743892682
|move|p1a: Iron Treads|Knock Off|p2a: Pecharunt
|-supereffective|p2a: Pecharunt
|-damage|p2a: Pecharunt|78/100
|-enditem|p2a: Pecharunt|Heavy-Duty Boots|[from] move: Knock Off|[of] p1a: Iron Treads
|move|p2a: Pecharunt|Parting Shot|p1a: Iron Treads
|-unboost|p1a: Iron Treads|atk|1
|-unboost|p1a: Iron Treads|spa|1
|
|t:|1743892684
|switch|p2a: Dragapult|Dragapult, F|100/100|[from] Parting Shot
|
|upkeep
|turn|12
|
|t:|1743892687
|move|p2a: Dragapult|Will-O-Wisp|p1a: Iron Treads
|-status|p1a: Iron Treads|brn
|move|p1a: Iron Treads|Stealth Rock|p2a: Dragapult
|-sidestart|p2: Oyayo Ai Hoshino|move: Stealth Rock
|
|-damage|p1a: Iron Treads|94/100 brn|[from] brn
|upkeep
|turn|13
|
|t:|1743892693
|-end|p1a: Iron Treads|Quark Drive|[silent]
|switch|p1a: Alomomola|Alomomola, M|100/100 psn
|-damage|p1a: Alomomola|88/100 psn|[from] Stealth Rock
|-damage|p1a: Alomomola|76/100 psn|[from] Spikes
|move|p2a: Dragapult|Hex|p1a: Alomomola
|-damage|p1a: Alomomola|47/100 psn
|
|-damage|p1a: Alomomola|34/100 psn|[from] psn
|upkeep
|turn|14
|
|t:|1743892698
|move|p2a: Dragapult|Dragon Darts|p1a: Alomomola
|-damage|p1a: Alomomola|21/100 psn
|-anim|p2a: Dragapult|Dragon Darts|p1a: Alomomola
|-damage|p1a: Alomomola|8/100 psn
|move|p1a: Alomomola|Mirror Coat||[still]
|-fail|p1a: Alomomola
|
|-damage|p1a: Alomomola|0 fnt|[from] psn
|faint|p1a: Alomomola
|upkeep
|
|t:|1743892700
|switch|p1a: Enamorus|Enamorus, F|94/100
|-damage|p1a: Enamorus|69/100|[from] Stealth Rock
|turn|15
|
|t:|1743892707
|switch|p2a: Corviknight|Corviknight, M|17/100
|-damage|p2a: Corviknight|5/100|[from] Stealth Rock
|-ability|p2a: Corviknight|Pressure
|move|p1a: Enamorus|Moonblast|p2a: Corviknight
|-resisted|p2a: Corviknight
|-damage|p2a: Corviknight|0 fnt
|faint|p2a: Corviknight
|
|upkeep
|
|t:|1743892710
|switch|p2a: Fezandipiti|Fezandipiti, M|84/100
|turn|16
|
|t:|1743892714
|switch|p1a: Iron Treads|Iron Treads|94/100 brn
|-damage|p1a: Iron Treads|91/100 brn|[from] Stealth Rock
|-damage|p1a: Iron Treads|79/100 brn|[from] Spikes
|move|p2a: Fezandipiti|Moonblast|p1a: Iron Treads
|-resisted|p1a: Iron Treads
|-damage|p1a: Iron Treads|68/100 brn
|
|-heal|p1a: Iron Treads|74/100 brn|[from] item: Leftovers
|-damage|p1a: Iron Treads|68/100 brn|[from] brn
|upkeep
|turn|17
|j| pecharunt glazer
|
|t:|1743892720
|-end|p1a: Iron Treads|Quark Drive|[silent]
|switch|p1a: Enamorus|Enamorus, F|69/100
|-damage|p1a: Enamorus|44/100|[from] Stealth Rock
|switch|p2a: Pecharunt|Pecharunt|78/100
|-damage|p2a: Pecharunt|65/100|[from] Stealth Rock
|
|upkeep
|turn|18
|
|t:|1743892725
|switch|p2a: Ting-Lu|Ting-Lu|50/100
|-damage|p2a: Ting-Lu|44/100|[from] Stealth Rock
|-ability|p2a: Ting-Lu|Vessel of Ruin
|move|p1a: Enamorus|Earth Power|p2a: Ting-Lu
|-damage|p2a: Ting-Lu|21/100
|
|-heal|p2a: Ting-Lu|27/100|[from] item: Leftovers
|upkeep
|turn|19
|
|t:|1743892731
|move|p1a: Enamorus|Earth Power|p2a: Ting-Lu
|-damage|p2a: Ting-Lu|4/100
|move|p2a: Ting-Lu|Spikes|p1a: Enamorus
|-sidestart|p1: Rocktar Made|Spikes
|
|-heal|p2a: Ting-Lu|10/100|[from] item: Leftovers
|upkeep
|turn|20
|
|t:|1743892733
|move|p1a: Enamorus|Earth Power|p2a: Ting-Lu
|-crit|p2a: Ting-Lu
|-damage|p2a: Ting-Lu|0 fnt
|faint|p2a: Ting-Lu
|
|upkeep
|
|t:|1743892736
|switch|p2a: Darkrai|Darkrai|100/100
|turn|21
|
|t:|1743892739
|switch|p1a: Iron Treads|Iron Treads|68/100 brn
|-damage|p1a: Iron Treads|65/100 brn|[from] Stealth Rock
|-damage|p1a: Iron Treads|48/100 brn|[from] Spikes
|move|p2a: Darkrai|Ice Beam|p1a: Iron Treads
|-damage|p1a: Iron Treads|21/100 brn
|
|-heal|p1a: Iron Treads|27/100 brn|[from] item: Leftovers
|-damage|p1a: Iron Treads|21/100 brn|[from] brn
|upkeep
|turn|22
|
|t:|1743892742
|move|p2a: Darkrai|Ice Beam|p1a: Iron Treads
|-damage|p1a: Iron Treads|0 fnt
|faint|p1a: Iron Treads
|-end|p1a: Iron Treads|Quark Drive|[silent]
|
|upkeep
|
|t:|1743892744
|switch|p1a: Zamazenta|Zamazenta|100/100
|-damage|p1a: Zamazenta|94/100|[from] Stealth Rock
|-damage|p1a: Zamazenta|78/100|[from] Spikes
|-ability|p1a: Zamazenta|Dauntless Shield|boost
|-boost|p1a: Zamazenta|def|1
|turn|23
|
|t:|1743892748
|switch|p2a: Dragapult|Dragapult, F|100/100
|move|p1a: Zamazenta|Heavy Slam|p2a: Dragapult
|-damage|p2a: Dragapult|47/100
|-damage|p1a: Zamazenta|68/100|[from] item: Life Orb
|
|upkeep
|turn|24
|
|t:|1743892752
|switch|p1a: Enamorus|Enamorus, F|44/100
|-damage|p1a: Enamorus|20/100|[from] Stealth Rock
|move|p2a: Dragapult|Will-O-Wisp|p1a: Enamorus
|-status|p1a: Enamorus|brn
|
|-damage|p1a: Enamorus|13/100 brn|[from] brn
|upkeep
|turn|25
|
|t:|1743892759
|switch|p2a: Fezandipiti|Fezandipiti, M|84/100
|move|p1a: Enamorus|Earth Power|p2a: Fezandipiti
|-supereffective|p2a: Fezandipiti
|-damage|p2a: Fezandipiti|15/100
|
|-damage|p1a: Enamorus|7/100 brn|[from] brn
|upkeep
|turn|26
|
|t:|1743892763
|move|p1a: Enamorus|Earth Power|p2a: Fezandipiti
|-supereffective|p2a: Fezandipiti
|-damage|p2a: Fezandipiti|0 fnt
|faint|p2a: Fezandipiti
|
|-damage|p1a: Enamorus|1/100 brn|[from] brn
|upkeep
|
|t:|1743892765
|switch|p2a: Darkrai|Darkrai|100/100
|turn|27
|
|t:|1743892771
|move|p2a: Darkrai|Ice Beam|p1a: Enamorus
|-supereffective|p1a: Enamorus
|-damage|p1a: Enamorus|0 fnt
|faint|p1a: Enamorus
|
|upkeep
|
|t:|1743892775
|switch|p1a: Lokix|Lokix, M|43/100
|-damage|p1a: Lokix|18/100|[from] Stealth Rock
|-damage|p1a: Lokix|1/100|[from] Spikes
|turn|28
|j| Zapdos135
|
|t:|1743892780
|switch|p2a: Pecharunt|Pecharunt|65/100
|-damage|p2a: Pecharunt|53/100|[from] Stealth Rock
|move|p1a: Lokix|U-turn|p2a: Pecharunt
|-resisted|p2a: Pecharunt
|-damage|p2a: Pecharunt|42/100
|
|t:|1743892783
|switch|p1a: Pecharunt|Pecharunt|100/100|[from] U-turn
|-damage|p1a: Pecharunt|88/100|[from] Stealth Rock
|-item|p1a: Pecharunt|Air Balloon
|
|upkeep
|turn|29
|l| Zapdos135
|
|t:|1743892789
|move|p1a: Pecharunt|Hex|p2a: Pecharunt
|-supereffective|p2a: Pecharunt
|-damage|p2a: Pecharunt|1/100
|move|p2a: Pecharunt|Recover|p2a: Pecharunt
|-heal|p2a: Pecharunt|51/100
|
|upkeep
|turn|30
|
|t:|1743892794
|move|p1a: Pecharunt|Hex|p2a: Pecharunt
|-supereffective|p2a: Pecharunt
|-damage|p2a: Pecharunt|13/100
|move|p2a: Pecharunt|Recover|p2a: Pecharunt
|-heal|p2a: Pecharunt|63/100
|
|upkeep
|turn|31
|
|t:|1743892797
|move|p1a: Pecharunt|Hex|p2a: Pecharunt
|-supereffective|p2a: Pecharunt
|-damage|p2a: Pecharunt|20/100
|move|p2a: Pecharunt|Recover|p2a: Pecharunt
|-heal|p2a: Pecharunt|70/100
|
|upkeep
|turn|32
|
|t:|1743892802
|move|p1a: Pecharunt|Hex|p2a: Pecharunt
|-supereffective|p2a: Pecharunt
|-damage|p2a: Pecharunt|29/100
|move|p2a: Pecharunt|Recover|p2a: Pecharunt
|-heal|p2a: Pecharunt|79/100
|
|upkeep
|turn|33
|
|t:|1743892805
|move|p1a: Pecharunt|Hex|p2a: Pecharunt
|-supereffective|p2a: Pecharunt
|-damage|p2a: Pecharunt|36/100
|move|p2a: Pecharunt|Recover|p2a: Pecharunt
|-heal|p2a: Pecharunt|86/100
|
|upkeep
|turn|34
|
|t:|1743892809
|switch|p2a: Darkrai|Darkrai|100/100
|move|p1a: Pecharunt|Hex|p2a: Darkrai
|-resisted|p2a: Darkrai
|-damage|p2a: Darkrai|86/100
|
|upkeep
|turn|35
|
|t:|1743892835
|switch|p1a: Lokix|Lokix, M|1/100
|-damage|p1a: Lokix|0 fnt|[from] Stealth Rock
|faint|p1a: Lokix
|move|p2a: Darkrai|Dark Pulse|p1: Lokix|[notarget]
|-fail|p2a: Darkrai
|
|upkeep
|
|t:|1743892836
|switch|p1a: Zamazenta|Zamazenta|68/100
|-damage|p1a: Zamazenta|62/100|[from] Stealth Rock
|-damage|p1a: Zamazenta|45/100|[from] Spikes
|turn|36
|
|t:|1743892847
|switch|p2a: Pecharunt|Pecharunt|86/100
|-damage|p2a: Pecharunt|74/100|[from] Stealth Rock
|move|p1a: Zamazenta|Close Combat|p2a: Pecharunt
|-immune|p2a: Pecharunt
|
|upkeep
|turn|37
|
|t:|1743892851
|move|p1a: Zamazenta|Ice Fang|p2a: Pecharunt
|-damage|p2a: Pecharunt|62/100
|-damage|p1a: Zamazenta|35/100|[from] item: Life Orb
|move|p2a: Pecharunt|Malignant Chain|p1a: Zamazenta
|-crit|p1a: Zamazenta
|-damage|p1a: Zamazenta|0 fnt
|faint|p1a: Zamazenta
|
|upkeep
|
|t:|1743892853
|switch|p1a: Pecharunt|Pecharunt|88/100
|-damage|p1a: Pecharunt|76/100|[from] Stealth Rock
|-item|p1a: Pecharunt|Air Balloon
|turn|38
|
|t:|1743892856
|-terastallize|p1a: Pecharunt|Dark
|move|p1a: Pecharunt|Hex|p2a: Pecharunt
|-supereffective|p2a: Pecharunt
|-damage|p2a: Pecharunt|24/100
|move|p2a: Pecharunt|Parting Shot|p1a: Pecharunt
|-unboost|p1a: Pecharunt|atk|1
|-unboost|p1a: Pecharunt|spa|1
|
|t:|1743892861
|switch|p2a: Darkrai|Darkrai|86/100|[from] Parting Shot
|
|upkeep
|turn|39
|
|t:|1743892863
|-terastallize|p2a: Darkrai|Poison
|move|p2a: Darkrai|Sludge Bomb|p1a: Pecharunt
|-damage|p1a: Pecharunt|27/100
|-enditem|p1a: Pecharunt|Air Balloon
|move|p1a: Pecharunt|Recover|p1a: Pecharunt
|-heal|p1a: Pecharunt|77/100
|
|upkeep
|turn|40
|-message|Rocktar Made forfeited.
|
|win|Oyayo Ai Hoshino
|raw|Rocktar Made's rating: 1732 &rarr; <strong>1709</strong><br />(-23 for losing)
|raw|Oyayo Ai Hoshino's rating: 1687 &rarr; <strong>1710</strong><br />(+23 for winning)
|c|☆Oyayo Ai Hoshino|gg
|l|☆Oyayo Ai Hoshino
|player|p2|
|l| pecharunt glazer
|l| mayomama
