|j|☆bigz42069
|j|☆IASASAY
|t:|1743812124
|gametype|singles
|player|p1|bigz42069|blackbelt-gen4dp|1365
|player|p2|IASASAY|ghetsis|1362
|teamsize|p1|6
|teamsize|p2|6
|gen|9
|tier|[Gen 9] OU
|rated|
|rule|HP Percentage Mod: HP is shown in percentages
|rule|Endless Battle Clause: Forcing endless battles is banned
|rule|Species Clause: Limit one of each Pokémon
|rule|OHKO Clause: OHKO moves are banned
|rule|Evasion Items Clause: Evasion items are banned
|rule|Evasion Moves Clause: Evasion moves are banned
|rule|Sleep Moves Clause: Sleep-inducing moves are banned
|clearpoke
|poke|p1|Tyranitar, M|
|poke|p1|Excadrill, M|
|poke|p1|Rotom-Wash|
|poke|p1|Garganacl, F|
|poke|p1|Dragapult, M|
|poke|p1|Darkrai|
|poke|p2|Inteleon, M|
|poke|p2|Dragapult, M|
|poke|p2|Cinderace, F|
|poke|p2|Corviknight, F|
|poke|p2|Alomomola, F|
|poke|p2|Ting-Lu|
|teampreview
|inactive|Battle timer is ON: inactive players will automatically lose when time's up. (requested by IASASAY)
|
|t:|1743812141
|start
|switch|p1a: Dragapult|Dragapult, M|100/100
|switch|p2a: Dragapult|Dragapult, M|100/100
|turn|1
|
|t:|1743812147
|switch|p1a: Tyranitar|Tyranitar, M|100/100
|-weather|Sandstorm|[from] ability: Sand Stream|[of] p1a: Tyranitar
|move|p2a: Dragapult|Dragon Darts|p1a: Tyranitar
|-damage|p1a: Tyranitar|72/100
|-anim|p2a: Dragapult|Dragon Darts|p1a: Tyranitar
|-damage|p1a: Tyranitar|43/100
|
|-weather|Sandstorm|[upkeep]
|-damage|p2a: Dragapult|95/100|[from] Sandstorm
|upkeep
|turn|2
|
|t:|1743812158
|switch|p1a: Excadrill|Excadrill, M|100/100
|-item|p1a: Excadrill|Air Balloon
|move|p2a: Dragapult|Dragon Darts|p1a: Excadrill
|-resisted|p1a: Excadrill
|-damage|p1a: Excadrill|74/100
|-enditem|p1a: Excadrill|Air Balloon
|-anim|p2a: Dragapult|Dragon Darts|p1a: Excadrill
|-resisted|p1a: Excadrill
|-damage|p1a: Excadrill|48/100
|
|-weather|Sandstorm|[upkeep]
|-damage|p2a: Dragapult|89/100|[from] Sandstorm
|upkeep
|turn|3
|
|t:|1743812173
|switch|p2a: Alomomola|Alomomola, F|100/100
|move|p1a: Excadrill|Iron Head|p2a: Alomomola
|-resisted|p2a: Alomomola
|-damage|p2a: Alomomola|90/100
|
|-weather|Sandstorm|[upkeep]
|-damage|p2a: Alomomola|83/100|[from] Sandstorm
|upkeep
|turn|4
|
|t:|1743812182
|switch|p1a: Rotom|Rotom-Wash|100/100
|move|p2a: Alomomola|Flip Turn|p1a: Rotom
|-resisted|p1a: Rotom
|-damage|p1a: Rotom|94/100
|-damage|p2a: Alomomola|67/100|[from] item: Rocky Helmet|[of] p1a: Rotom
|
|t:|1743812196
|switch|p2a: Ting-Lu|Ting-Lu|100/100|[from] Flip Turn
|-ability|p2a: Ting-Lu|Vessel of Ruin
|
|-weather|Sandstorm|[upkeep]
|-damage|p1a: Rotom|87/100|[from] Sandstorm
|upkeep
|turn|5
|
|t:|1743812205
|switch|p1a: Garganacl|Garganacl, F|100/100
|move|p2a: Ting-Lu|Stealth Rock|p1a: Garganacl
|-sidestart|p1: bigz42069|move: Stealth Rock
|
|-weather|none
|upkeep
|turn|6
|
|t:|1743812212
|move|p2a: Ting-Lu|Earthquake|p1a: Garganacl
|-supereffective|p1a: Garganacl
|-crit|p1a: Garganacl
|-damage|p1a: Garganacl|25/100
|move|p1a: Garganacl|Stealth Rock|p2a: Ting-Lu
|-sidestart|p2: IASASAY|move: Stealth Rock
|
|-heal|p1a: Garganacl|31/100|[from] item: Leftovers
|upkeep
|turn|7
|-message|bigz42069 forfeited.
|
|win|IASASAY
|raw|bigz42069's rating: 1365 &rarr; <strong>1345</strong><br />(-20 for losing)
|raw|IASASAY's rating: 1362 &rarr; <strong>1382</strong><br />(+20 for winning)
|l|☆bigz42069
|player|p1|
