|j|☆Au genius
|j|☆modern_oshawott
|t:|1743851659
|gametype|singles
|player|p1|Au genius|youngster-gen4dp|1084
|player|p2|modern_oshawott|miku-water|1068
|teamsize|p1|6
|teamsize|p2|6
|gen|9
|tier|[Gen 9] OU
|rated|
|rule|HP Percentage Mod: HP is shown in percentages
|rule|Endless Battle Clause: Forcing endless battles is banned
|rule|Species Clause: Limit one of each Pokémon
|rule|OHKO Clause: OHKO moves are banned
|rule|Evasion Items Clause: Evasion items are banned
|rule|Evasion Moves Clause: Evasion moves are banned
|rule|Sleep Moves Clause: Sleep-inducing moves are banned
|clearpoke
|poke|p1|Greninja-*, M|
|poke|p1|Hydreigon, F|
|poke|p1|Zapdos|
|poke|p1|Dragonite, F|
|poke|p1|Salamence, M|
|poke|p1|Iron Treads|
|poke|p2|Grafaiai, F|
|poke|p2|Rillaboom, M|
|poke|p2|Raichu-Alola, M|
|poke|p2|Pincurchin, M|
|poke|p2|Revavroom, M|
|poke|p2|Azumarill, F|
|teampreview
|
|t:|1743851669
|start
|switch|p1a: Greninja|Greninja, M|100/100
|switch|p2a: Pincurchin|Pincurchin, M|100/100
|-fieldstart|move: Electric Terrain|[from] ability: Electric Surge|[of] p2a: Pincurchin
|turn|1
|
|t:|1743851679
|move|p1a: Greninja|Ice Beam|p2a: Pincurchin
|-damage|p2a: Pincurchin|53/100
|-damage|p1a: Greninja|91/100|[from] item: Life Orb
|move|p2a: Pincurchin|Toxic Spikes|p1a: Greninja
|-sidestart|p1: Au genius|move: Toxic Spikes
|
|upkeep
|turn|2
|
|t:|1743851689
|move|p1a: Greninja|Dark Pulse|p2a: Pincurchin
|-damage|p2a: Pincurchin|0 fnt
|faint|p2a: Pincurchin
|-ability|p1a: Greninja|Battle Bond|boost
|-boost|p1a: Greninja|atk|1
|-boost|p1a: Greninja|spa|1
|-boost|p1a: Greninja|spe|1
|-activate|p1a: Greninja|ability: Battle Bond
|-damage|p1a: Greninja|81/100|[from] item: Life Orb
|
|upkeep
|
|t:|1743851699
|switch|p2a: Raichu|Raichu-Alola, M|100/100
|turn|3
|
|t:|1743851704
|move|p2a: Raichu|Thunderbolt|p1a: Greninja
|-supereffective|p1a: Greninja
|-damage|p1a: Greninja|0 fnt
|faint|p1a: Greninja
|-damage|p2a: Raichu|91/100|[from] item: Life Orb
|
|upkeep
|
|t:|1743851708
|switch|p1a: Hydreigon|Hydreigon, F|100/100
|turn|4
|
|t:|1743851715
|move|p2a: Raichu|Nasty Plot|p2a: Raichu
|-boost|p2a: Raichu|spa|2
|move|p1a: Hydreigon|Earthquake|p2a: Raichu
|-supereffective|p2a: Raichu
|-damage|p2a: Raichu|0 fnt
|faint|p2a: Raichu
|
|upkeep
|
|t:|1743851724
|switch|p2a: Azumarill|Azumarill, F|100/100
|turn|5
|
|t:|1743851738
|switch|p1a: Iron Treads|Iron Treads, shiny|100/100
|-activate|p1a: Iron Treads|ability: Quark Drive
|-start|p1a: Iron Treads|quarkdrivespe
|move|p2a: Azumarill|Belly Drum|p2a: Azumarill
|-damage|p2a: Azumarill|50/100
|-setboost|p2a: Azumarill|atk|6|[from] move: Belly Drum
|-enditem|p2a: Azumarill|Sitrus Berry|[eat]
|-heal|p2a: Azumarill|75/100|[from] item: Sitrus Berry
|
|upkeep
|turn|6
|inactive|Battle timer is ON: inactive players will automatically lose when time's up. (requested by modern_oshawott)
|
|t:|1743851745
|move|p1a: Iron Treads|Rapid Spin|p2a: Azumarill
|-damage|p2a: Azumarill|62/100
|-boost|p1a: Iron Treads|spe|1
|-sideend|p1: Au genius|Toxic Spikes|[from] move: Rapid Spin|[of] p1a: Iron Treads
|move|p2a: Azumarill|Aqua Tail|p1a: Iron Treads
|-supereffective|p1a: Iron Treads
|-damage|p1a: Iron Treads|0 fnt
|faint|p1a: Iron Treads
|-end|p1a: Iron Treads|Quark Drive|[silent]
|
|upkeep
|
|t:|1743851756
|switch|p1a: Zapdos|Zapdos|100/100
|turn|7
|
|t:|1743851763
|-terastallize|p2a: Azumarill|Water
|move|p2a: Azumarill|Aqua Jet|p1a: Zapdos
|-damage|p1a: Zapdos|0 fnt
|-damage|p2a: Azumarill|46/100|[from] item: Rocky Helmet|[of] p1a: Zapdos
|faint|p1a: Zapdos
|
|upkeep
|
|t:|1743851774
|switch|p1a: Hydreigon|Hydreigon, F|100/100
|turn|8
|
|t:|1743851783
|-terastallize|p1a: Hydreigon|Poison
|move|p1a: Hydreigon|Dragon Dance|p1a: Hydreigon
|-boost|p1a: Hydreigon|atk|1
|-boost|p1a: Hydreigon|spe|1
|move|p2a: Azumarill|Play Rough|p1a: Hydreigon|[miss]
|-miss|p2a: Azumarill|p1a: Hydreigon
|
|-fieldend|move: Electric Terrain
|upkeep
|turn|9
|
|t:|1743851799
|move|p2a: Azumarill|Aqua Jet|p1a: Hydreigon
|-damage|p1a: Hydreigon|0 fnt
|faint|p1a: Hydreigon
|
|upkeep
|
|t:|1743851802
|switch|p1a: Salamence|Salamence, M|100/100
|-ability|p1a: Salamence|Intimidate|boost
|-unboost|p2a: Azumarill|atk|1
|turn|10
|-message|Au genius forfeited.
|
|win|modern_oshawott
|raw|Au genius's rating: 1084 &rarr; <strong>1060</strong><br />(-24 for losing)
|raw|modern_oshawott's rating: 1068 &rarr; <strong>1099</strong><br />(+31 for winning)
|l|☆Au genius
|player|p1|
