|j|☆TKDanixx13
|j|☆IconicWrecker
|t:|1743855801
|gametype|singles
|player|p1|TKDanixx13|steven|1106
|player|p2|IconicWrecker|red|1102
|teamsize|p1|6
|teamsize|p2|6
|gen|9
|tier|[Gen 9] OU
|rated|
|rule|HP Percentage Mod: HP is shown in percentages
|rule|Endless Battle Clause: Forcing endless battles is banned
|rule|Species Clause: Limit one of each Pokémon
|rule|OHKO Clause: OHKO moves are banned
|rule|Evasion Items Clause: Evasion items are banned
|rule|Evasion Moves Clause: Evasion moves are banned
|rule|Sleep Moves Clause: Sleep-inducing moves are banned
|clearpoke
|poke|p1|Arcanine, F|
|poke|p1|Vileplume, F|
|poke|p1|Azumarill, F|
|poke|p1|Metagross|
|poke|p1|Weavile, M|
|poke|p1|Gliscor, M|
|poke|p2|Serperior, M|
|poke|p2|Skeledirge, M|
|poke|p2|Scizor, M|
|poke|p2|Volcanion|
|poke|p2|Latias, F|
|poke|p2|Armarouge, M|
|teampreview
|inactive|Battle timer is ON: inactive players will automatically lose when time's up. (requested by TKDanixx13)
|
|t:|1743855808
|start
|switch|p1a: Arcanine|Arcanine, F, shiny|100/100
|switch|p2a: Latias|Latias, F, shiny|100/100
|-ability|p1a: Arcanine|Intimidate|boost
|-unboost|p2a: Latias|atk|1
|turn|1
|
|t:|1743855817
|move|p2a: Latias|Reflect|p2a: Latias
|-sidestart|p2: IconicWrecker|Reflect
|move|p1a: Arcanine|Flamethrower|p2a: Latias
|-resisted|p2a: Latias
|-damage|p2a: Latias|87/100
|
|upkeep
|turn|2
|
|t:|1743855825
|move|p2a: Latias|Light Screen|p2a: Latias
|-sidestart|p2: IconicWrecker|move: Light Screen
|move|p1a: Arcanine|Flamethrower|p2a: Latias
|-resisted|p2a: Latias
|-damage|p2a: Latias|79/100
|
|upkeep
|turn|3
|
|t:|1743855831
|move|p2a: Latias|Future Sight|p1a: Arcanine
|-start|p2a: Latias|move: Future Sight
|move|p1a: Arcanine|Flamethrower|p2a: Latias
|-resisted|p2a: Latias
|-damage|p2a: Latias|72/100
|
|upkeep
|turn|4
|
|t:|1743855843
|switch|p2a: Armarouge|Armarouge, M|100/100
|move|p1a: Arcanine|Flamethrower|p2a: Armarouge
|-resisted|p2a: Armarouge
|-damage|p2a: Armarouge|91/100
|
|upkeep
|turn|5
|
|t:|1743855851
|move|p2a: Armarouge|Calm Mind|p2a: Armarouge
|-boost|p2a: Armarouge|spa|1
|-boost|p2a: Armarouge|spd|1
|move|p1a: Arcanine|Flamethrower|p2a: Armarouge
|-resisted|p2a: Armarouge
|-damage|p2a: Armarouge|84/100
|
|-end|p1a: Arcanine|move: Future Sight
|-damage|p1a: Arcanine|41/100
|upkeep
|turn|6
|
|t:|1743855860
|switch|p1a: Azumarill|Azumarill, F, shiny|100/100
|move|p2a: Armarouge|Calm Mind|p2a: Armarouge
|-boost|p2a: Armarouge|spa|1
|-boost|p2a: Armarouge|spd|1
|
|upkeep
|turn|7
|
|t:|1743855869
|move|p2a: Armarouge|Calm Mind|p2a: Armarouge
|-boost|p2a: Armarouge|spa|1
|-boost|p2a: Armarouge|spd|1
|move|p1a: Azumarill|Aqua Tail|p2a: Armarouge
|-supereffective|p2a: Armarouge
|-damage|p2a: Armarouge|33/100
|-ability|p2a: Armarouge|Weak Armor|boost
|-unboost|p2a: Armarouge|def|1
|-boost|p2a: Armarouge|spe|2
|
|upkeep
|turn|8
|
|t:|1743855883
|move|p2a: Armarouge|Stored Power|p1a: Azumarill
|-damage|p1a: Azumarill|0 fnt
|faint|p1a: Azumarill
|-heal|p2a: Armarouge|48/100|[from] item: Shell Bell|[of] p1: Azumarill
|
|-sideend|p2: IconicWrecker|Reflect
|upkeep
|
|t:|1743855887
|switch|p1a: Gliscor|Gliscor, M, shiny|100/100
|turn|9
|
|t:|1743855892
|move|p2a: Armarouge|Stored Power|p1a: Gliscor
|-damage|p1a: Gliscor|0 fnt
|faint|p1a: Gliscor
|-heal|p2a: Armarouge|62/100|[from] item: Shell Bell|[of] p1: Gliscor
|
|-sideend|p2: IconicWrecker|move: Light Screen
|upkeep
|
|t:|1743855898
|switch|p1a: Metagross|Metagross, shiny|100/100
|-item|p1a: Metagross|Air Balloon
|turn|10
|
|t:|1743855905
|move|p2a: Armarouge|Flamethrower|p1a: Metagross
|-supereffective|p1a: Metagross
|-damage|p1a: Metagross|0 fnt
|-enditem|p1a: Metagross|Air Balloon
|faint|p1a: Metagross
|-heal|p2a: Armarouge|75/100|[from] item: Shell Bell|[of] p1: Metagross
|
|upkeep
|
|t:|1743855909
|switch|p1a: Weavile|Weavile, M, shiny|100/100
|turn|11
|
|t:|1743855919
|move|p2a: Armarouge|Aura Sphere|p1a: Weavile
|-supereffective|p1a: Weavile
|-crit|p1a: Weavile
|-damage|p1a: Weavile|0 fnt
|faint|p1a: Weavile
|-heal|p2a: Armarouge|88/100|[from] item: Shell Bell|[of] p1: Weavile
|
|upkeep
|
|t:|1743855923
|switch|p1a: Arcanine|Arcanine, F, shiny|41/100
|-ability|p1a: Arcanine|Intimidate|boost
|-unboost|p2a: Armarouge|atk|1
|turn|12
|
|t:|1743855929
|move|p2a: Armarouge|Stored Power|p1a: Arcanine
|-damage|p1a: Arcanine|0 fnt
|faint|p1a: Arcanine
|-heal|p2a: Armarouge|93/100|[from] item: Shell Bell|[of] p1: Arcanine
|
|upkeep
|
|t:|1743855932
|switch|p1a: Vileplume|Vileplume, F, shiny|100/100
|turn|13
|
|t:|1743855937
|move|p2a: Armarouge|Stored Power|p1a: Vileplume
|-supereffective|p1a: Vileplume
|-damage|p1a: Vileplume|0 fnt
|faint|p1a: Vileplume
|-heal|p2a: Armarouge|100/100|[from] item: Shell Bell|[of] p1: Vileplume
|
|win|IconicWrecker
|raw|TKDanixx13's rating: 1106 &rarr; <strong>1081</strong><br />(-25 for losing)
|raw|IconicWrecker's rating: 1102 &rarr; <strong>1127</strong><br />(+25 for winning)
|l|☆TKDanixx13
|player|p1|
|l|☆IconicWrecker
|player|p2|
