|j|☆Miku de Farnese
|j|☆vileshroomer
|t:|1743798990
|gametype|singles
|player|p1|Miku de Farnese|marnie-masters3|1370
|player|p2|vileshroomer|102|1342
|teamsize|p1|6
|teamsize|p2|6
|gen|9
|tier|[Gen 9] OU
|rated|
|rule|HP Percentage Mod: HP is shown in percentages
|rule|Endless Battle Clause: Forcing endless battles is banned
|rule|Species Clause: Limit one of each Pokémon
|rule|OHKO Clause: OHKO moves are banned
|rule|Evasion Items Clause: Evasion items are banned
|rule|Evasion Moves Clause: Evasion moves are banned
|rule|Sleep Moves Clause: Sleep-inducing moves are banned
|clearpoke
|poke|p1|Great Tusk|
|poke|p1|Kingambit, F|
|poke|p1|Moltres|
|poke|p1|Tinkaton, F|
|poke|p1|Hydrapple, F|
|poke|p1|Samurott-Hisui, F|
|poke|p2|Weavile, M|
|poke|p2|Great Tusk|
|poke|p2|Corviknight, M|
|poke|p2|Ting-Lu|
|poke|p2|Raging Bolt|
|poke|p2|Terrakion|
|teampreview
|
|t:|1743799037
|start
|switch|p1a: Thanks Megumi|Tinkaton, F|100/100
|switch|p2a: Corviknight|Corviknight, M|100/100
|-item|p1a: Thanks Megumi|Air Balloon
|-ability|p2a: Corviknight|Pressure
|turn|1
|
|t:|1743799048
|switch|p1a: Burnslikeaphoenix|Moltres|100/100
|move|p2a: Corviknight|U-turn|p1a: Burnslikeaphoenix
|-resisted|p1a: Burnslikeaphoenix
|-damage|p1a: Burnslikeaphoenix|98/100
|-status|p2a: Corviknight|brn|[from] ability: Flame Body|[of] p1a: Burnslikeaphoenix
|
|t:|1743799055
|switch|p2a: Terrakion|Terrakion|100/100|[from] U-turn
|-item|p2a: Terrakion|Air Balloon
|
|upkeep
|turn|2
|
|t:|1743799084
|switch|p1a: So good and tasty|Hydrapple, F|100/100
|move|p2a: Terrakion|Stealth Rock|p1a: So good and tasty
|-sidestart|p1: Miku de Farnese|move: Stealth Rock
|
|upkeep
|turn|3
|
|t:|1743799098
|switch|p2a: Corviknight|Corviknight, M|100/100 brn
|-ability|p2a: Corviknight|Pressure
|move|p1a: So good and tasty|Giga Drain|p2a: Corviknight
|-resisted|p2a: Corviknight
|-crit|p2a: Corviknight
|-damage|p2a: Corviknight|87/100 brn
|
|-damage|p2a: Corviknight|81/100 brn|[from] brn
|upkeep
|turn|4
|
|t:|1743799114
|switch|p1a: Burnslikeaphoenix|Moltres|98/100
|move|p2a: Corviknight|U-turn|p1a: Burnslikeaphoenix
|-resisted|p1a: Burnslikeaphoenix
|-damage|p1a: Burnslikeaphoenix|97/100
|
|t:|1743799121
|switch|p2a: Terrakion|Terrakion|100/100|[from] U-turn
|-item|p2a: Terrakion|Air Balloon
|
|upkeep
|turn|5
|
|t:|1743799144
|switch|p1a: Dumbo|Great Tusk|100/100
|move|p2a: Terrakion|Stone Edge|p1a: Dumbo
|-resisted|p1a: Dumbo
|-damage|p1a: Dumbo|92/100
|
|upkeep
|turn|6
|
|t:|1743799181
|switch|p2a: Corviknight|Corviknight, M|81/100 brn
|-ability|p2a: Corviknight|Pressure
|move|p1a: Dumbo|Rapid Spin|p2a: Corviknight
|-resisted|p2a: Corviknight
|-damage|p2a: Corviknight|76/100 brn
|-boost|p1a: Dumbo|spe|1
|-damage|p1a: Dumbo|75/100|[from] item: Rocky Helmet|[of] p2a: Corviknight
|-sideend|p1: Miku de Farnese|Stealth Rock|[from] move: Rapid Spin|[of] p1a: Dumbo
|
|-damage|p2a: Corviknight|70/100 brn|[from] brn
|upkeep
|turn|7
|
|t:|1743799243
|-end|p1a: Dumbo|Protosynthesis|[silent]
|switch|p1a: Thanks Megumi|Tinkaton, F|100/100
|-item|p1a: Thanks Megumi|Air Balloon
|move|p2a: Corviknight|U-turn|p1a: Thanks Megumi
|-resisted|p1a: Thanks Megumi
|-damage|p1a: Thanks Megumi|99/100
|-enditem|p1a: Thanks Megumi|Air Balloon
|-enditem|p2a: Corviknight|Rocky Helmet|[silent]|[from] ability: Pickpocket|[of] p2a: Corviknight
|-item|p1a: Thanks Megumi|Rocky Helmet|[from] ability: Pickpocket|[of] p2a: Corviknight
|
|t:|1743799261
|switch|p2a: Terrakion|Terrakion|100/100|[from] U-turn
|-item|p2a: Terrakion|Air Balloon
|
|upkeep
|turn|8
|
|t:|1743799283
|move|p2a: Terrakion|Earthquake|p1a: Thanks Megumi
|-supereffective|p1a: Thanks Megumi
|-damage|p1a: Thanks Megumi|15/100
|move|p1a: Thanks Megumi|Gigaton Hammer|p2a: Terrakion
|-supereffective|p2a: Terrakion
|-crit|p2a: Terrakion
|-damage|p2a: Terrakion|0 fnt
|-enditem|p2a: Terrakion|Air Balloon
|faint|p2a: Terrakion
|
|upkeep
|
|t:|1743799314
|switch|p2a: Corviknight|Corviknight, M|70/100 brn
|-ability|p2a: Corviknight|Pressure
|turn|9
|
|t:|1743799345
|move|p1a: Thanks Megumi|Stealth Rock|p2a: Corviknight
|-sidestart|p2: vileshroomer|move: Stealth Rock
|move|p2a: Corviknight|Roost|p2a: Corviknight
|-heal|p2a: Corviknight|100/100 brn
|-singleturn|p2a: Corviknight|move: Roost
|
|-damage|p2a: Corviknight|94/100 brn|[from] brn
|upkeep
|turn|10
|
|t:|1743799361
|switch|p1a: Burnslikeaphoenix|Moltres|97/100
|move|p2a: Corviknight|Body Press|p1a: Burnslikeaphoenix
|-resisted|p1a: Burnslikeaphoenix
|-damage|p1a: Burnslikeaphoenix|92/100
|
|-damage|p2a: Corviknight|88/100 brn|[from] brn
|upkeep
|turn|11
|
|t:|1743799407
|switch|p2a: Ting-Lu|Ting-Lu|100/100
|-damage|p2a: Ting-Lu|94/100|[from] Stealth Rock
|-ability|p2a: Ting-Lu|Vessel of Ruin
|move|p1a: Burnslikeaphoenix|Flamethrower|p2a: Ting-Lu
|-damage|p2a: Ting-Lu|79/100
|
|-heal|p2a: Ting-Lu|85/100|[from] item: Leftovers
|upkeep
|turn|12
|
|t:|1743799448
|move|p1a: Burnslikeaphoenix|Scorching Sands|p2a: Ting-Lu
|-damage|p2a: Ting-Lu|77/100
|-status|p2a: Ting-Lu|brn
|move|p2a: Ting-Lu|Ruination|p1a: Burnslikeaphoenix
|-damage|p1a: Burnslikeaphoenix|46/100
|
|-heal|p2a: Ting-Lu|83/100 brn|[from] item: Leftovers
|-damage|p2a: Ting-Lu|77/100 brn|[from] brn
|upkeep
|turn|13
|
|t:|1743799460
|move|p1a: Burnslikeaphoenix|Roost|p1a: Burnslikeaphoenix
|-heal|p1a: Burnslikeaphoenix|97/100
|-singleturn|p1a: Burnslikeaphoenix|move: Roost
|move|p2a: Ting-Lu|Spikes|p1a: Burnslikeaphoenix
|-sidestart|p1: Miku de Farnese|Spikes
|
|-heal|p2a: Ting-Lu|83/100 brn|[from] item: Leftovers
|-damage|p2a: Ting-Lu|77/100 brn|[from] brn
|upkeep
|turn|14
|
|t:|1743799470
|move|p1a: Burnslikeaphoenix|U-turn|p2a: Ting-Lu
|-supereffective|p2a: Ting-Lu
|-damage|p2a: Ting-Lu|59/100 brn
|
|t:|1743799474
|switch|p1a: Dumbo|Great Tusk|75/100|[from] U-turn
|move|p2a: Ting-Lu|Ruination|p1a: Dumbo
|-damage|p1a: Dumbo|38/100
|
|-heal|p2a: Ting-Lu|66/100 brn|[from] item: Leftovers
|-damage|p2a: Ting-Lu|59/100 brn|[from] brn
|upkeep
|turn|15
|
|t:|1743799488
|switch|p2a: Corviknight|Corviknight, M|88/100 brn
|-damage|p2a: Corviknight|76/100 brn|[from] Stealth Rock
|-ability|p2a: Corviknight|Pressure
|move|p1a: Dumbo|Rapid Spin|p2a: Corviknight
|-resisted|p2a: Corviknight
|-damage|p2a: Corviknight|71/100 brn
|-boost|p1a: Dumbo|spe|1
|-sideend|p1: Miku de Farnese|Spikes|[from] move: Rapid Spin|[of] p1a: Dumbo
|
|-damage|p2a: Corviknight|65/100 brn|[from] brn
|upkeep
|turn|16
|
|t:|1743799509
|-end|p1a: Dumbo|Protosynthesis|[silent]
|switch|p1a: Burnslikeaphoenix|Moltres|97/100
|move|p2a: Corviknight|U-turn|p1a: Burnslikeaphoenix
|-resisted|p1a: Burnslikeaphoenix
|-damage|p1a: Burnslikeaphoenix|96/100
|
|t:|1743799518
|switch|p2a: Raging Bolt|Raging Bolt|100/100|[from] U-turn
|-damage|p2a: Raging Bolt|88/100|[from] Stealth Rock
|-enditem|p2a: Raging Bolt|Booster Energy
|-activate|p2a: Raging Bolt|ability: Protosynthesis|[fromitem]
|-start|p2a: Raging Bolt|protosynthesisspa
|
|upkeep
|turn|17
|
|t:|1743799574
|switch|p1a: Thanks Megumi|Tinkaton, F|15/100
|move|p2a: Raging Bolt|Calm Mind|p2a: Raging Bolt
|-boost|p2a: Raging Bolt|spa|1
|-boost|p2a: Raging Bolt|spd|1
|
|upkeep
|turn|18
|
|t:|1743799606
|-terastallize|p2a: Raging Bolt|Fairy
|move|p1a: Thanks Megumi|Gigaton Hammer|p2a: Raging Bolt
|-supereffective|p2a: Raging Bolt
|-damage|p2a: Raging Bolt|11/100
|move|p2a: Raging Bolt|Thunderbolt|p1a: Thanks Megumi
|-damage|p1a: Thanks Megumi|0 fnt
|faint|p1a: Thanks Megumi
|
|upkeep
|
|t:|1743799630
|switch|p1a: Dumbo|Great Tusk|38/100
|turn|19
|
|t:|1743799642
|-end|p2a: Raging Bolt|Protosynthesis|[silent]
|switch|p2a: Corviknight|Corviknight, M|65/100 brn
|-damage|p2a: Corviknight|52/100 brn|[from] Stealth Rock
|-ability|p2a: Corviknight|Pressure
|move|p1a: Dumbo|Rapid Spin|p2a: Corviknight
|-resisted|p2a: Corviknight
|-damage|p2a: Corviknight|47/100 brn
|-boost|p1a: Dumbo|spe|1
|
|-damage|p2a: Corviknight|41/100 brn|[from] brn
|upkeep
|turn|20
|
|t:|1743799668
|-end|p1a: Dumbo|Protosynthesis|[silent]
|switch|p1a: Burnslikeaphoenix|Moltres|96/100
|move|p2a: Corviknight|Roost|p2a: Corviknight
|-heal|p2a: Corviknight|91/100 brn
|-singleturn|p2a: Corviknight|move: Roost
|
|-damage|p2a: Corviknight|85/100 brn|[from] brn
|upkeep
|turn|21
|
|t:|1743799691
|switch|p2a: Ting-Lu|Ting-Lu|59/100 brn
|-damage|p2a: Ting-Lu|53/100 brn|[from] Stealth Rock
|-ability|p2a: Ting-Lu|Vessel of Ruin
|move|p1a: Burnslikeaphoenix|Flamethrower|p2a: Ting-Lu
|-damage|p2a: Ting-Lu|37/100 brn
|
|-heal|p2a: Ting-Lu|43/100 brn|[from] item: Leftovers
|-damage|p2a: Ting-Lu|37/100 brn|[from] brn
|upkeep
|turn|22
|
|t:|1743799749
|move|p1a: Burnslikeaphoenix|U-turn|p2a: Ting-Lu
|-supereffective|p2a: Ting-Lu
|-damage|p2a: Ting-Lu|22/100 brn
|
|t:|1743799754
|switch|p1a: So good and tasty|Hydrapple, F|100/100|[from] U-turn
|move|p2a: Ting-Lu|Spikes|p1a: So good and tasty
|-sidestart|p1: Miku de Farnese|Spikes
|
|-heal|p2a: Ting-Lu|28/100 brn|[from] item: Leftovers
|-damage|p2a: Ting-Lu|22/100 brn|[from] brn
|upkeep
|turn|23
|
|t:|1743799771
|switch|p1a: Dumbo|Great Tusk|38/100
|move|p2a: Ting-Lu|Ruination|p1a: Dumbo
|-damage|p1a: Dumbo|19/100
|
|-heal|p2a: Ting-Lu|28/100 brn|[from] item: Leftovers
|-damage|p2a: Ting-Lu|22/100 brn|[from] brn
|upkeep
|turn|24
|
|t:|1743799789
|move|p1a: Dumbo|Ice Spinner|p2a: Ting-Lu
|-supereffective|p2a: Ting-Lu
|-damage|p2a: Ting-Lu|0 fnt
|faint|p2a: Ting-Lu
|
|upkeep
|
|t:|1743799799
|switch|p2a: Weavile|Weavile, M|100/100
|-ability|p2a: Weavile|Pressure
|turn|25
|
|t:|1743799805
|-end|p1a: Dumbo|Protosynthesis|[silent]
|switch|p1a: Burnslikeaphoenix|Moltres|96/100
|move|p2a: Weavile|Swords Dance|p2a: Weavile
|-boost|p2a: Weavile|atk|2
|
|upkeep
|turn|26
|inactive|Battle timer is ON: inactive players will automatically lose when time's up. (requested by Miku de Farnese)
|
|t:|1743799840
|move|p2a: Weavile|Knock Off|p1a: Burnslikeaphoenix
|-damage|p1a: Burnslikeaphoenix|31/100
|-status|p2a: Weavile|brn|[from] ability: Flame Body|[of] p1a: Burnslikeaphoenix
|-enditem|p1a: Burnslikeaphoenix|Heavy-Duty Boots|[from] move: Knock Off|[of] p2a: Weavile
|move|p1a: Burnslikeaphoenix|Flamethrower|p2a: Weavile
|-supereffective|p2a: Weavile
|-damage|p2a: Weavile|0 fnt
|faint|p2a: Weavile
|
|upkeep
|
|t:|1743799851
|switch|p2a: Raging Bolt|Raging Bolt, tera:Fairy|11/100
|-damage|p2a: Raging Bolt|0 fnt|[from] Stealth Rock
|faint|p2a: Raging Bolt
|-end|p2a: Raging Bolt|Protosynthesis|[silent]
|-message|vileshroomer forfeited.
|
|win|Miku de Farnese
|raw|Miku de Farnese's rating: 1370 &rarr; <strong>1388</strong><br />(+18 for winning)
|raw|vileshroomer's rating: 1342 &rarr; <strong>1324</strong><br />(-18 for losing)
|l|☆vileshroomer
|player|p2|
|l|☆Miku de Farnese
|player|p1|
