|j|☆Aloaded
|j|☆Frostywingz
|t:|1743919588
|gametype|singles
|player|p1|Aloaded|red|1192
|player|p2|Frostywingz|sabrina|1182
|teamsize|p1|6
|teamsize|p2|6
|gen|9
|tier|[Gen 9] OU
|rated|
|rule|HP Percentage Mod: HP is shown in percentages
|rule|Endless Battle Clause: Forcing endless battles is banned
|rule|Species Clause: Limit one of each Pokémon
|rule|OHKO Clause: OHKO moves are banned
|rule|Evasion Items Clause: Evasion items are banned
|rule|Evasion Moves Clause: Evasion moves are banned
|rule|Sleep Moves Clause: Sleep-inducing moves are banned
|clearpoke
|poke|p1|Gholdengo|
|poke|p1|Weavile, M|
|poke|p1|Tinkaton, F|
|poke|p1|Gliscor, M|
|poke|p1|Great Tusk|
|poke|p1|Raging Bolt|
|poke|p2|Dusclops, F|
|poke|p2|Articuno|
|poke|p2|Cinccino, M|
|poke|p2|Meowstic, M|
|poke|p2|Iron Valiant|
|poke|p2|Ribombee, F|
|teampreview
|inactive|Battle timer is ON: inactive players will automatically lose when time's up. (requested by Frostywingz)
|
|t:|1743919603
|start
|switch|p1a: Tinkaton|Tinkaton, F|100/100
|switch|p2a: Ribombee|Ribombee, F|100/100
|-ability|p1a: Tinkaton|Mold Breaker
|-item|p1a: Tinkaton|Air Balloon
|turn|1
|
|t:|1743919613
|move|p2a: Ribombee|Sticky Web|p1a: Tinkaton
|-sidestart|p1: Aloaded|move: Sticky Web
|move|p1a: Tinkaton|Stealth Rock|p2a: Ribombee
|-sidestart|p2: Frostywingz|move: Stealth Rock
|
|upkeep
|turn|2
|
|t:|1743919622
|move|p2a: Ribombee|Bug Buzz|p1a: Tinkaton
|-resisted|p1a: Tinkaton
|-damage|p1a: Tinkaton|92/100
|-enditem|p1a: Tinkaton|Air Balloon
|move|p1a: Tinkaton|Thunder Wave|p2a: Ribombee
|-status|p2a: Ribombee|par
|
|upkeep
|turn|3
|
|t:|1743919627
|switch|p2a: Cinccino|Cinccino, M|100/100
|-damage|p2a: Cinccino|88/100|[from] Stealth Rock
|move|p1a: Tinkaton|Encore||[still]
|-fail|p1a: Tinkaton
|
|upkeep
|turn|4
|
|t:|1743919634
|move|p2a: Cinccino|Tidy Up|p2a: Cinccino
|-sideend|p2: Frostywingz|Stealth Rock
|-sideend|p1: Aloaded|Sticky Web
|-activate|p2a: Cinccino|move: Tidy Up
|-boost|p2a: Cinccino|atk|1
|-boost|p2a: Cinccino|spe|1
|move|p1a: Tinkaton|Gigaton Hammer|p2a: Cinccino
|-damage|p2a: Cinccino|10/100
|
|upkeep
|turn|5
|
|t:|1743919651
|switch|p2a: Dusclops|Dusclops, F|100/100
|move|p1a: Tinkaton|Thunder Wave|p2a: Dusclops
|-status|p2a: Dusclops|par
|
|upkeep
|turn|6
|
|t:|1743919665
|switch|p1a: Gliscor|Gliscor, M|100/100
|switch|p2a: Cinccino|Cinccino, M|10/100
|
|-status|p1a: Gliscor|tox|[from] item: Toxic Orb
|upkeep
|turn|7
|
|t:|1743919673
|switch|p2a: Dusclops|Dusclops, F|100/100 par
|-item|p1a: Gliscor|Toxic Orb|[from] ability: Frisk|[of] p2a: Dusclops
|move|p1a: Gliscor|Knock Off|p2a: Dusclops
|-supereffective|p2a: Dusclops
|-damage|p2a: Dusclops|73/100 par
|-enditem|p2a: Dusclops|Eviolite|[from] move: Knock Off|[of] p1a: Gliscor
|
|upkeep
|turn|8
|
|t:|1743919676
|move|p1a: Gliscor|Spikes|p2a: Dusclops
|-sidestart|p2: Frostywingz|Spikes
|cant|p2a: Dusclops|par
|
|upkeep
|turn|9
|
|t:|1743919681
|move|p1a: Gliscor|Spikes|p2a: Dusclops
|-sidestart|p2: Frostywingz|Spikes
|cant|p2a: Dusclops|par
|
|upkeep
|turn|10
|
|t:|1743919684
|move|p1a: Gliscor|Spikes|p2a: Dusclops
|-sidestart|p2: Frostywingz|Spikes
|cant|p2a: Dusclops|par
|
|upkeep
|turn|11
|c|☆Frostywingz|Fun
|
|t:|1743919711
|switch|p1a: Great Tusk|Great Tusk|100/100
|move|p2a: Dusclops|Ice Beam|p1a: Great Tusk
|-supereffective|p1a: Great Tusk
|-damage|p1a: Great Tusk|35/100
|
|upkeep
|turn|12
|
|t:|1743919719
|move|p1a: Great Tusk|Headlong Rush|p2a: Dusclops
|-crit|p2a: Dusclops
|-damage|p2a: Dusclops|0 fnt
|-unboost|p1a: Great Tusk|def|1
|-unboost|p1a: Great Tusk|spd|1
|faint|p2a: Dusclops
|
|upkeep
|
|t:|1743919727
|switch|p2a: Cinccino|Cinccino, M|10/100
|-damage|p2a: Cinccino|0 fnt|[from] Spikes
|faint|p2a: Cinccino
|c|☆Aloaded|Its pokemon
|
|t:|1743919737
|switch|p2a: Meowstic|Meowstic, M|100/100
|-damage|p2a: Meowstic|76/100|[from] Spikes
|turn|13
|c|☆Frostywingz|Its bs
|
|t:|1743919752
|move|p2a: Meowstic|Reflect|p2a: Meowstic
|-sidestart|p2: Frostywingz|Reflect
|move|p1a: Great Tusk|Stealth Rock|p2a: Meowstic
|-sidestart|p2: Frostywingz|move: Stealth Rock
|
|upkeep
|turn|14
|
|t:|1743919760
|-end|p1a: Great Tusk|Protosynthesis|[silent]
|switch|p1a: Tinkaton|Tinkaton, F|92/100
|-ability|p1a: Tinkaton|Mold Breaker
|move|p2a: Meowstic|Light Screen|p2a: Meowstic
|-sidestart|p2: Frostywingz|move: Light Screen
|
|upkeep
|turn|15
|
|t:|1743919768
|move|p2a: Meowstic|Thunder Wave|p1a: Tinkaton
|-status|p1a: Tinkaton|par
|cant|p1a: Tinkaton|par
|
|upkeep
|turn|16
|
|t:|1743919774
|switch|p2a: Ribombee|Ribombee, F|100/100 par
|-damage|p2a: Ribombee|76/100 par|[from] Spikes
|-damage|p2a: Ribombee|51/100 par|[from] Stealth Rock
|move|p1a: Tinkaton|Thunder Wave|p2a: Ribombee
|-fail|p2a: Ribombee|par
|
|upkeep
|turn|17
|
|t:|1743919785
|switch|p1a: Great Tusk|Great Tusk|35/100
|move|p2a: Ribombee|Sticky Web|p1a: Great Tusk
|-sidestart|p1: Aloaded|move: Sticky Web
|
|upkeep
|turn|18
|
|t:|1743919790
|move|p1a: Great Tusk|Rapid Spin|p2a: Ribombee
|-damage|p2a: Ribombee|33/100 par
|-boost|p1a: Great Tusk|spe|1
|-sideend|p1: Aloaded|Sticky Web|[from] move: Rapid Spin|[of] p1a: Great Tusk
|move|p2a: Ribombee|Moonblast|p1a: Great Tusk
|-supereffective|p1a: Great Tusk
|-crit|p1a: Great Tusk
|-damage|p1a: Great Tusk|0 fnt
|faint|p1a: Great Tusk
|-end|p1a: Great Tusk|Protosynthesis|[silent]
|
|upkeep
|
|t:|1743919802
|switch|p1a: Weavile|Weavile, M|100/100
|-ability|p1a: Weavile|Pressure
|turn|19
|
|t:|1743919805
|move|p1a: Weavile|Triple Axel|p2a: Ribombee
|-damage|p2a: Ribombee|23/100 par
|-damage|p2a: Ribombee|4/100 par
|-damage|p2a: Ribombee|0 fnt
|faint|p2a: Ribombee
|-hitcount|p2: Ribombee|3
|
|upkeep
|
|t:|1743919811
|switch|p2a: Meowstic|Meowstic, M|76/100
|-damage|p2a: Meowstic|51/100|[from] Spikes
|-damage|p2a: Meowstic|39/100|[from] Stealth Rock
|turn|20
|
|t:|1743919820
|move|p2a: Meowstic|Thunder Wave|p1a: Weavile
|-hint|Since gen 7, Dark is immune to Prankster moves.
|-immune|p1a: Weavile
|move|p1a: Weavile|Knock Off|p2a: Meowstic
|-supereffective|p2a: Meowstic
|-damage|p2a: Meowstic|0 fnt
|-enditem|p2a: Meowstic|Light Clay|[from] move: Knock Off|[of] p1a: Weavile
|faint|p2a: Meowstic
|
|-sideend|p2: Frostywingz|Reflect
|upkeep
|
|t:|1743919825
|switch|p2a: Iron Valiant|Iron Valiant|100/100
|-damage|p2a: Iron Valiant|76/100|[from] Spikes
|-damage|p2a: Iron Valiant|69/100|[from] Stealth Rock
|-enditem|p2a: Iron Valiant|Booster Energy
|-activate|p2a: Iron Valiant|ability: Quark Drive|[fromitem]
|-start|p2a: Iron Valiant|quarkdrivespe
|turn|21
|
|t:|1743919839
|-terastallize|p1a: Weavile|Ice
|move|p2a: Iron Valiant|Swords Dance|p2a: Iron Valiant
|-boost|p2a: Iron Valiant|atk|2
|move|p1a: Weavile|Knock Off|p2a: Iron Valiant
|-resisted|p2a: Iron Valiant
|-damage|p2a: Iron Valiant|59/100
|
|-sideend|p2: Frostywingz|move: Light Screen
|upkeep
|turn|22
|
|t:|1743919846
|move|p1a: Weavile|Ice Shard|p2a: Iron Valiant
|-damage|p2a: Iron Valiant|23/100
|move|p2a: Iron Valiant|Close Combat|p1a: Weavile
|-supereffective|p1a: Weavile
|-damage|p1a: Weavile|0 fnt
|-unboost|p2a: Iron Valiant|def|1
|-unboost|p2a: Iron Valiant|spd|1
|faint|p1a: Weavile
|
|upkeep
|
|t:|1743919858
|switch|p1a: Tinkaton|Tinkaton, F|92/100 par
|-ability|p1a: Tinkaton|Mold Breaker
|turn|23
|
|t:|1743919862
|move|p2a: Iron Valiant|Close Combat|p1a: Tinkaton
|-damage|p1a: Tinkaton|0 fnt
|-unboost|p2a: Iron Valiant|def|1
|-unboost|p2a: Iron Valiant|spd|1
|faint|p1a: Tinkaton
|
|upkeep
|
|t:|1743919866
|switch|p1a: Raging Bolt|Raging Bolt|100/100
|-enditem|p1a: Raging Bolt|Booster Energy
|-activate|p1a: Raging Bolt|ability: Protosynthesis|[fromitem]
|-start|p1a: Raging Bolt|protosynthesisspa
|turn|24
|
|t:|1743919876
|move|p1a: Raging Bolt|Thunderclap|p2a: Iron Valiant
|-damage|p2a: Iron Valiant|0 fnt
|faint|p2a: Iron Valiant
|-end|p2a: Iron Valiant|Quark Drive|[silent]
|
|upkeep
|
|t:|1743919877
|switch|p2a: Articuno|Articuno|100/100
|-damage|p2a: Articuno|50/100|[from] Stealth Rock
|-ability|p2a: Articuno|Pressure
|turn|25
|
|t:|1743919884
|-terastallize|p2a: Articuno|Ground
|move|p2a: Articuno|Freeze-Dry|p1a: Raging Bolt
|-supereffective|p1a: Raging Bolt
|-damage|p1a: Raging Bolt|20/100
|move|p1a: Raging Bolt|Thunderbolt|p2a: Articuno
|-immune|p2a: Articuno
|
|upkeep
|turn|26
|
|t:|1743919887
|move|p2a: Articuno|Freeze-Dry|p1a: Raging Bolt
|-supereffective|p1a: Raging Bolt
|-damage|p1a: Raging Bolt|0 fnt
|faint|p1a: Raging Bolt
|-end|p1a: Raging Bolt|Protosynthesis|[silent]
|
|upkeep
|
|t:|1743919888
|switch|p1a: Gholdengo|Gholdengo|100/100
|turn|27
|
|t:|1743919891
|move|p2a: Articuno|Freeze-Dry|p1a: Gholdengo
|-resisted|p1a: Gholdengo
|-damage|p1a: Gholdengo|78/100
|move|p1a: Gholdengo|Shadow Ball|p2a: Articuno
|-damage|p2a: Articuno|19/100
|
|upkeep
|turn|28
|
|t:|1743919894
|move|p2a: Articuno|Freeze-Dry|p1a: Gholdengo
|-resisted|p1a: Gholdengo
|-damage|p1a: Gholdengo|56/100
|move|p1a: Gholdengo|Shadow Ball|p2a: Articuno
|-damage|p2a: Articuno|0 fnt
|faint|p2a: Articuno
|
|win|Aloaded
|raw|Aloaded's rating: 1192 &rarr; <strong>1216</strong><br />(+24 for winning)
|raw|Frostywingz's rating: 1182 &rarr; <strong>1158</strong><br />(-24 for losing)
|l|☆Frostywingz
|player|p2|
|l|☆Aloaded
|player|p1|
