|j|☆keepmomo
|j|☆ballup14
|t:|1743791153
|gametype|singles
|player|p1|keepmomo|dawn|1054
|player|p2|ballup14|lucas|1060
|teamsize|p1|6
|teamsize|p2|6
|gen|9
|tier|[Gen 9] OU
|rated|
|rule|HP Percentage Mod: HP is shown in percentages
|rule|Endless Battle Clause: Forcing endless battles is banned
|rule|Species Clause: Limit one of each Pokémon
|rule|OHKO Clause: OHKO moves are banned
|rule|Evasion Items Clause: Evasion items are banned
|rule|Evasion Moves Clause: Evasion moves are banned
|rule|Sleep Moves Clause: Sleep-inducing moves are banned
|clearpoke
|poke|p1|Comfey, M|
|poke|p1|Klefki, F|
|poke|p1|Ambipom, F|
|poke|p1|Illumise, F|
|poke|p1|Jumpluff, F|
|poke|p1|Alomomola, F|
|poke|p2|Pelipper, M|
|poke|p2|Kingdra, F|
|poke|p2|Beartic, F|
|poke|p2|Sandy Shocks|
|poke|p2|Quagsire, F|
|poke|p2|Chansey, F|
|teampreview
|inactive|Battle timer is ON: inactive players will automatically lose when time's up. (requested by ballup14)
|
|t:|1743791167
|start
|switch|p1a: Illumise|Illumise, F|100/100
|switch|p2a: Pelipper|Pelipper, M|100/100
|-weather|RainDance|[from] ability: Drizzle|[of] p2a: Pelipper
|turn|1
|
|t:|1743791182
|move|p1a: Illumise|Thunder Wave|p2a: Pelipper
|-status|p2a: Pelipper|par
|move|p2a: Pelipper|Hurricane|p1a: Illumise
|-supereffective|p1a: Illumise
|-damage|p1a: Illumise|12/100
|-start|p1a: Illumise|confusion
|
|-weather|RainDance|[upkeep]
|-heal|p1a: Illumise|18/100|[from] item: Leftovers
|upkeep
|turn|2
|
|t:|1743791202
|switch|p1a: Klefki|Klefki, F|100/100
|move|p2a: Pelipper|U-turn|p1a: Klefki
|-resisted|p1a: Klefki
|-damage|p1a: Klefki|98/100
|
|t:|1743791209
|switch|p2a: Kingdra|Kingdra, F|100/100|[from] U-turn
|
|-weather|RainDance|[upkeep]
|upkeep
|turn|3
|
|t:|1743791219
|move|p1a: Klefki|Light Screen|p1a: Klefki
|-sidestart|p1: keepmomo|move: Light Screen
|move|p2a: Kingdra|Hydro Pump|p1a: Klefki
|-damage|p1a: Klefki|26/100
|
|-weather|RainDance|[upkeep]
|upkeep
|turn|4
|
|t:|1743791228
|move|p1a: Klefki|Reflect|p1a: Klefki
|-sidestart|p1: keepmomo|Reflect
|move|p2a: Kingdra|Hydro Pump|p1a: Klefki
|-damage|p1a: Klefki|0 fnt
|faint|p1a: Klefki
|
|-weather|RainDance|[upkeep]
|upkeep
|
|t:|1743791230
|switch|p1a: Jumpluff|Jumpluff, F|100/100
|turn|5
|
|t:|1743791240
|switch|p2a: Beartic|Beartic, F|100/100
|move|p1a: Jumpluff|Memento|p2a: Beartic
|-unboost|p2a: Beartic|atk|2
|-unboost|p2a: Beartic|spa|2
|faint|p1a: Jumpluff
|
|-weather|RainDance|[upkeep]
|upkeep
|
|t:|1743791245
|switch|p1a: Comfey|Comfey, M, shiny|100/100
|turn|6
|
|t:|1743791251
|switch|p2a: Sandy Shocks|Sandy Shocks|100/100
|-enditem|p2a: Sandy Shocks|Booster Energy
|-activate|p2a: Sandy Shocks|ability: Protosynthesis|[fromitem]
|-start|p2a: Sandy Shocks|protosynthesisspa
|move|p1a: Comfey|Calm Mind|p1a: Comfey
|-boost|p1a: Comfey|spa|1
|-boost|p1a: Comfey|spd|1
|
|-weather|RainDance|[upkeep]
|upkeep
|turn|7
|
|t:|1743791258
|move|p2a: Sandy Shocks|Thunderbolt|p1a: Comfey
|-damage|p1a: Comfey|82/100
|move|p1a: Comfey|Calm Mind|p1a: Comfey
|-boost|p1a: Comfey|spa|1
|-boost|p1a: Comfey|spd|1
|
|-weather|RainDance|[upkeep]
|-sideend|p1: keepmomo|move: Light Screen
|upkeep
|turn|8
|
|t:|1743791263
|move|p2a: Sandy Shocks|Earth Power|p1a: Comfey
|-damage|p1a: Comfey|51/100
|move|p1a: Comfey|Calm Mind|p1a: Comfey
|-boost|p1a: Comfey|spa|1
|-boost|p1a: Comfey|spd|1
|
|-weather|none
|-sideend|p1: keepmomo|Reflect
|upkeep
|turn|9
|
|t:|1743791268
|move|p2a: Sandy Shocks|Earth Power|p1a: Comfey
|-damage|p1a: Comfey|28/100
|move|p1a: Comfey|Calm Mind|p1a: Comfey
|-boost|p1a: Comfey|spa|1
|-boost|p1a: Comfey|spd|1
|
|upkeep
|turn|10
|
|t:|1743791271
|-terastallize|p1a: Comfey|Fairy
|move|p1a: Comfey|Draining Kiss|p2a: Sandy Shocks
|-damage|p2a: Sandy Shocks|0 fnt
|-heal|p1a: Comfey|100/100|[from] drain|[of] p2a: Sandy Shocks
|faint|p2a: Sandy Shocks
|-end|p2a: Sandy Shocks|Protosynthesis|[silent]
|
|upkeep
|
|t:|1743791274
|switch|p2a: Quagsire|Quagsire, F|100/100
|turn|11
|
|t:|1743791277
|move|p1a: Comfey|Taunt|p2a: Quagsire
|-start|p2a: Quagsire|move: Taunt
|cant|p2a: Quagsire|move: Taunt|Haze
|
|upkeep
|turn|12
|
|t:|1743791298
|switch|p2a: Chansey|Chansey, F|100/100
|move|p1a: Comfey|Leech Seed|p2a: Chansey
|-start|p2a: Chansey|move: Leech Seed
|
|-damage|p2a: Chansey|88/100|[from] Leech Seed|[of] p1a: Comfey
|upkeep
|turn|13
|
|t:|1743791305
|move|p1a: Comfey|Taunt|p2a: Chansey
|-start|p2a: Chansey|move: Taunt
|cant|p2a: Chansey|move: Taunt|Thunder Wave
|
|-damage|p2a: Chansey|76/100|[from] Leech Seed|[of] p1a: Comfey
|upkeep
|turn|14
|
|t:|1743791310
|switch|p2a: Pelipper|Pelipper, M|100/100 par
|-weather|RainDance|[from] ability: Drizzle|[of] p2a: Pelipper
|move|p1a: Comfey|Calm Mind|p1a: Comfey
|-boost|p1a: Comfey|spa|1
|-boost|p1a: Comfey|spd|1
|
|-weather|RainDance|[upkeep]
|upkeep
|turn|15
|
|t:|1743791326
|move|p1a: Comfey|Calm Mind|p1a: Comfey
|-boost|p1a: Comfey|spa|1
|-boost|p1a: Comfey|spd|1
|move|p2a: Pelipper|Ice Beam|p1a: Comfey
|-damage|p1a: Comfey|95/100
|
|-weather|RainDance|[upkeep]
|upkeep
|turn|16
|
|t:|1743791334
|move|p1a: Comfey|Draining Kiss|p2a: Pelipper
|-damage|p2a: Pelipper|0 fnt
|-heal|p1a: Comfey|100/100|[from] drain|[of] p2a: Pelipper
|faint|p2a: Pelipper
|
|-weather|RainDance|[upkeep]
|upkeep
|
|t:|1743791339
|switch|p2a: Beartic|Beartic, F|100/100
|turn|17
|
|t:|1743791343
|move|p1a: Comfey|Draining Kiss|p2a: Beartic
|-damage|p2a: Beartic|0 fnt
|faint|p2a: Beartic
|
|-weather|RainDance|[upkeep]
|upkeep
|
|t:|1743791346
|switch|p2a: Quagsire|Quagsire, F|100/100
|turn|18
|
|t:|1743791351
|move|p1a: Comfey|Taunt|p2a: Quagsire
|-start|p2a: Quagsire|move: Taunt
|cant|p2a: Quagsire|move: Taunt|Haze
|
|-weather|RainDance|[upkeep]
|upkeep
|turn|19
|
|t:|1743791355
|move|p1a: Comfey|Leech Seed|p2a: Quagsire
|-start|p2a: Quagsire|move: Leech Seed
|move|p2a: Quagsire|Hydro Pump|p1a: Comfey
|-damage|p1a: Comfey|59/100
|
|-weather|RainDance|[upkeep]
|-damage|p2a: Quagsire|88/100|[from] Leech Seed|[of] p1a: Comfey
|-heal|p1a: Comfey|75/100|[silent]
|upkeep
|turn|20
|
|t:|1743791358
|switch|p2a: Kingdra|Kingdra, F|100/100
|move|p1a: Comfey|Draining Kiss|p2a: Kingdra
|-supereffective|p2a: Kingdra
|-damage|p2a: Kingdra|0 fnt
|-heal|p1a: Comfey|100/100|[from] drain|[of] p2a: Kingdra
|faint|p2a: Kingdra
|
|-weather|RainDance|[upkeep]
|upkeep
|
|t:|1743791374
|switch|p2a: Quagsire|Quagsire, F|88/100
|turn|21
|
|t:|1743791377
|move|p1a: Comfey|Taunt|p2a: Quagsire
|-start|p2a: Quagsire|move: Taunt
|move|p2a: Quagsire|Hydro Pump|p1a: Comfey
|-damage|p1a: Comfey|56/100
|
|-weather|none
|-heal|p2a: Quagsire|94/100|[from] item: Leftovers
|upkeep
|turn|22
|
|t:|1743791401
|move|p1a: Comfey|Leech Seed|p2a: Quagsire
|-start|p2a: Quagsire|move: Leech Seed
|move|p2a: Quagsire|Hydro Pump|p1a: Comfey|[miss]
|-miss|p2a: Quagsire|p1a: Comfey
|
|-heal|p2a: Quagsire|99/100|[from] item: Leftovers
|-damage|p2a: Quagsire|88/100|[from] Leech Seed|[of] p1a: Comfey
|-heal|p1a: Comfey|72/100|[silent]
|upkeep
|turn|23
|inactive|ballup14 has 120 seconds left.
|
|t:|1743791438
|move|p1a: Comfey|Draining Kiss|p2a: Quagsire
|-damage|p2a: Quagsire|47/100
|-heal|p1a: Comfey|100/100|[from] drain|[of] p2a: Quagsire
|move|p2a: Quagsire|Hydro Pump|p1a: Comfey|[miss]
|-miss|p2a: Quagsire|p1a: Comfey
|
|-heal|p2a: Quagsire|53/100|[from] item: Leftovers
|-damage|p2a: Quagsire|41/100|[from] Leech Seed|[of] p1a: Comfey
|-end|p2a: Quagsire|move: Taunt
|upkeep
|turn|24
|
|t:|1743791442
|move|p1a: Comfey|Draining Kiss|p2a: Quagsire
|-damage|p2a: Quagsire|0 fnt
|faint|p2a: Quagsire
|
|upkeep
|
|t:|1743791444
|switch|p2a: Chansey|Chansey, F|76/100
|turn|25
|
|t:|1743791446
|move|p1a: Comfey|Draining Kiss|p2a: Chansey
|-damage|p2a: Chansey|18/100
|move|p2a: Chansey|Seismic Toss|p1a: Comfey
|-damage|p1a: Comfey|68/100
|
|upkeep
|turn|26
|
|t:|1743791449
|move|p1a: Comfey|Draining Kiss|p2a: Chansey
|-damage|p2a: Chansey|0 fnt
|-heal|p1a: Comfey|98/100|[from] drain|[of] p2a: Chansey
|faint|p2a: Chansey
|
|win|keepmomo
|raw|keepmomo's rating: 1054 &rarr; <strong>1086</strong><br />(+32 for winning)
|raw|ballup14's rating: 1060 &rarr; <strong>1041</strong><br />(-19 for losing)
|l|☆keepmomo
|player|p1|
|l|☆ballup14
|player|p2|
