|j|☆milesxzooz
|j|☆Duncan134
|t:|1743854227
|gametype|singles
|player|p1|milesxzooz|169|1076
|player|p2|Duncan134|101|1100
|teamsize|p1|6
|teamsize|p2|6
|gen|9
|tier|[Gen 9] OU
|rated|
|rule|HP Percentage Mod: HP is shown in percentages
|rule|Endless Battle Clause: Forcing endless battles is banned
|rule|Species Clause: Limit one of each Pokémon
|rule|OHKO Clause: OHKO moves are banned
|rule|Evasion Items Clause: Evasion items are banned
|rule|Evasion Moves Clause: Evasion moves are banned
|rule|Sleep Moves Clause: Sleep-inducing moves are banned
|clearpoke
|poke|p1|Fezandipiti, M|
|poke|p1|Magnezone|
|poke|p1|Rillaboom, F|
|poke|p1|Cinderace, F|
|poke|p1|Lokix, F|
|poke|p1|Dragonite, F|
|poke|p2|Scrafty, M|
|poke|p2|Gholdengo|
|poke|p2|Araquanid, M|
|poke|p2|Landorus-Therian, M|
|poke|p2|Whimsicott, F|
|poke|p2|Avalugg, M|
|teampreview
|inactive|Battle timer is ON: inactive players will automatically lose when time's up. (requested by Duncan134)
|
|t:|1743854256
|start
|switch|p1a: Magnez Carlsen|Magnezone|100/100
|switch|p2a: Crabbles|Araquanid, M|100/100
|turn|1
|
|t:|1743854269
|move|p1a: Magnez Carlsen|Thunderbolt|p2a: Crabbles
|-supereffective|p2a: Crabbles
|-damage|p2a: Crabbles|21/100
|move|p2a: Crabbles|Sticky Web|p1a: Magnez Carlsen
|-sidestart|p1: milesxzooz|move: Sticky Web
|
|upkeep
|turn|2
|
|t:|1743854284
|switch|p2a: TigerThing|Landorus-Therian, M|100/100
|-ability|p2a: TigerThing|Intimidate|boost
|-unboost|p1a: Magnez Carlsen|atk|1
|move|p1a: Magnez Carlsen|Volt Switch|p2a: TigerThing
|-immune|p2a: TigerThing
|
|upkeep
|turn|3
|
|t:|1743854305
|switch|p1a: Dragonite|Dragonite, F|100/100
|move|p2a: TigerThing|U-turn|p1a: Dragonite
|-resisted|p1a: Dragonite
|-damage|p1a: Dragonite|93/100
|
|t:|1743854309
|switch|p2a: Surfer|Gholdengo|100/100|[from] U-turn
|
|upkeep
|turn|4
|inactive|milesxzooz has 120 seconds left.
|inactive|Duncan134 has 120 seconds left.
|
|t:|1743854342
|switch|p2a: TigerThing|Landorus-Therian, M|100/100
|-ability|p2a: TigerThing|Intimidate|boost
|-unboost|p1a: Dragonite|atk|1
|move|p1a: Dragonite|Dragon Dance|p1a: Dragonite
|-boost|p1a: Dragonite|atk|1
|-boost|p1a: Dragonite|spe|1
|
|upkeep
|turn|5
|inactive|milesxzooz has 120 seconds left.
|
|t:|1743854353
|move|p2a: TigerThing|Rock Slide|p1a: Dragonite
|-supereffective|p1a: Dragonite
|-damage|p1a: Dragonite|31/100
|move|p1a: Dragonite|Dragon Dance|p1a: Dragonite
|-boost|p1a: Dragonite|atk|1
|-boost|p1a: Dragonite|spe|1
|
|upkeep
|turn|6
|inactive|milesxzooz has 120 seconds left.
|
|t:|1743854365
|-terastallize|p1a: Dragonite|Normal
|move|p1a: Dragonite|Extreme Speed|p2a: TigerThing
|-damage|p2a: TigerThing|25/100
|move|p2a: TigerThing|Rock Slide|p1a: Dragonite
|-damage|p1a: Dragonite|0 fnt
|faint|p1a: Dragonite
|
|upkeep
|inactive|milesxzooz has 120 seconds left.
|
|t:|1743854389
|switch|p1a: Cinderace|Cinderace, F|100/100
|turn|7
|
|t:|1743854400
|switch|p2a: Scratch|Scrafty, M|100/100
|move|p1a: Cinderace|Court Change|p1a: Cinderace
|-start|p1a: Cinderace|typechange|Normal|[from] ability: Libero
|-swapsideconditions
|-activate|p1a: Cinderace|move: Court Change
|
|upkeep
|turn|8
|inactive|milesxzooz has 120 seconds left.
|
|t:|1743854415
|move|p1a: Cinderace|U-turn|p2a: Scratch
|-damage|p2a: Scratch|75/100
|
|t:|1743854419
|switch|p1a: Lokix|Lokix, F|100/100|[from] U-turn
|move|p2a: Scratch|Dragon Dance|p2a: Scratch
|-boost|p2a: Scratch|atk|1
|-boost|p2a: Scratch|spe|1
|
|upkeep
|turn|9
|inactive|milesxzooz has 120 seconds left.
|
|t:|1743854439
|-terastallize|p2a: Scratch|Poison
|move|p1a: Lokix|First Impression|p2a: Scratch
|-resisted|p2a: Scratch
|-crit|p2a: Scratch
|-damage|p2a: Scratch|0 fnt
|faint|p2a: Scratch
|
|upkeep
|
|t:|1743854451
|switch|p2a: Surfer|Gholdengo|100/100
|-activate|p2a: Surfer|move: Sticky Web
|-unboost|p2a: Surfer|spe|1
|turn|10
|inactive|milesxzooz has 120 seconds left.
|
|t:|1743854462
|switch|p2a: Lyla|Whimsicott, F, shiny|100/100
|-activate|p2a: Lyla|move: Sticky Web
|-unboost|p2a: Lyla|spe|1
|move|p1a: Lokix|Sucker Punch||[still]
|-fail|p1a: Lokix
|
|upkeep
|turn|11
|inactive|milesxzooz has 120 seconds left.
|
|t:|1743854479
|move|p2a: Lyla|Tailwind|p2a: Lyla
|-sidestart|p2: Duncan134|move: Tailwind
|move|p1a: Lokix|Leech Life|p2a: Lyla
|-damage|p2a: Lyla|64/100
|
|-heal|p2a: Lyla|70/100|[from] item: Leftovers
|upkeep
|turn|12
|inactive|milesxzooz has 120 seconds left.
|
|t:|1743854487
|move|p2a: Lyla|Moonblast|p1a: Lokix
|-supereffective|p1a: Lokix
|-damage|p1a: Lokix|21/100
|move|p1a: Lokix|Swords Dance|p1a: Lokix
|-boost|p1a: Lokix|atk|2
|
|-heal|p2a: Lyla|76/100|[from] item: Leftovers
|upkeep
|turn|13
|inactive|milesxzooz has 120 seconds left.
|inactive|milesxzooz has 90 seconds left.
|
|t:|1743854534
|switch|p1a: Fezandipiti|Fezandipiti, M|100/100
|move|p2a: Lyla|U-turn|p1a: Fezandipiti
|-resisted|p1a: Fezandipiti
|-damage|p1a: Fezandipiti|98/100
|
|t:|1743854541
|switch|p2a: Table|Avalugg, M|100/100|[from] U-turn
|
|upkeep
|turn|14
|
|t:|1743854550
|move|p1a: Fezandipiti|Beat Up|p2a: Table
|-damage|p2a: Table|99/100
|-damage|p2a: Table|97/100
|-damage|p2a: Table|95/100
|-damage|p2a: Table|93/100
|-damage|p2a: Table|91/100
|-hitcount|p2a: Table|5
|move|p2a: Table|Rapid Spin|p1a: Fezandipiti
|-damage|p1a: Fezandipiti|83/100
|-boost|p2a: Table|spe|1
|-sideend|p2: Duncan134|Sticky Web|[from] move: Rapid Spin|[of] p2a: Table
|
|-sideend|p2: Duncan134|move: Tailwind
|upkeep
|turn|15
|
|t:|1743854571
|move|p1a: Fezandipiti|Beat Up|p2a: Table
|-damage|p2a: Table|90/100
|-damage|p2a: Table|88/100
|-status|p2a: Table|tox|[from] ability: Toxic Chain|[of] p1a: Fezandipiti
|-crit|p2a: Table
|-damage|p2a: Table|85/100 tox
|-damage|p2a: Table|83/100 tox
|-damage|p2a: Table|82/100 tox
|-hitcount|p2a: Table|5
|move|p2a: Table|Ice Spinner|p1a: Fezandipiti
|-damage|p1a: Fezandipiti|47/100
|
|-damage|p2a: Table|76/100 tox|[from] psn
|upkeep
|turn|16
|
|t:|1743854587
|move|p1a: Fezandipiti|Roost|p1a: Fezandipiti
|-heal|p1a: Fezandipiti|97/100
|-singleturn|p1a: Fezandipiti|move: Roost
|move|p2a: Table|Ice Spinner|p1a: Fezandipiti
|-damage|p1a: Fezandipiti|61/100
|
|-damage|p2a: Table|63/100 tox|[from] psn
|upkeep
|turn|17
|
|t:|1743854596
|switch|p2a: Surfer|Gholdengo|100/100
|move|p1a: Fezandipiti|Roost|p1a: Fezandipiti
|-heal|p1a: Fezandipiti|100/100
|-singleturn|p1a: Fezandipiti|move: Roost
|
|upkeep
|turn|18
|inactive|milesxzooz has 90 seconds left.
|
|t:|1743854630
|move|p1a: Fezandipiti|Beat Up|p2a: Surfer
|-supereffective|p2a: Surfer
|-crit|p2a: Surfer
|-damage|p2a: Surfer|87/100
|-supereffective|p2a: Surfer
|-damage|p2a: Surfer|76/100
|-supereffective|p2a: Surfer
|-damage|p2a: Surfer|65/100
|-supereffective|p2a: Surfer
|-damage|p2a: Surfer|54/100
|-supereffective|p2a: Surfer
|-damage|p2a: Surfer|46/100
|-hitcount|p2a: Surfer|5
|move|p2a: Surfer|Make It Rain|p1a: Fezandipiti
|-supereffective|p1a: Fezandipiti
|-damage|p1a: Fezandipiti|0 fnt
|-unboost|p2a: Surfer|spa|1
|faint|p1a: Fezandipiti
|
|upkeep
|inactive|milesxzooz has 60 seconds left.
|
|t:|1743854676
|switch|p1a: Rillaboom|Rillaboom, F|100/100
|-fieldstart|move: Grassy Terrain|[from] ability: Grassy Surge|[of] p1a: Rillaboom
|turn|19
|
|t:|1743854685
|switch|p1a: Magnez Carlsen|Magnezone|100/100
|switch|p2a: Lyla|Whimsicott, F, shiny|76/100
|
|-heal|p2a: Lyla|83/100|[from] Grassy Terrain
|-heal|p2a: Lyla|89/100|[from] item: Leftovers
|upkeep
|turn|20
|
|t:|1743854697
|move|p2a: Lyla|U-turn|p1a: Magnez Carlsen
|-resisted|p1a: Magnez Carlsen
|-damage|p1a: Magnez Carlsen|95/100
|
|t:|1743854702
|switch|p2a: Crabbles|Araquanid, M|21/100|[from] U-turn
|move|p1a: Magnez Carlsen|Flash Cannon|p2a: Crabbles
|-resisted|p2a: Crabbles
|-damage|p2a: Crabbles|6/100
|
|-heal|p1a: Magnez Carlsen|100/100|[from] Grassy Terrain
|-heal|p2a: Crabbles|12/100|[from] Grassy Terrain
|upkeep
|turn|21
|-enditem|p2a: Crabbles|Custap Berry|[eat]
|-activate|p2a: Crabbles|item: Custap Berry|[consumed]
|
|t:|1743854713
|move|p2a: Crabbles|Endeavor|p1a: Magnez Carlsen
|-damage|p1a: Magnez Carlsen|14/100
|move|p1a: Magnez Carlsen|Volt Switch|p2a: Crabbles
|-supereffective|p2a: Crabbles
|-damage|p2a: Crabbles|0 fnt
|faint|p2a: Crabbles
|
|t:|1743854723
|switch|p1a: Lokix|Lokix, F|21/100|[from] Volt Switch
|
|-heal|p1a: Lokix|27/100|[from] Grassy Terrain
|upkeep
|
|t:|1743854728
|switch|p2a: Lyla|Whimsicott, F, shiny|89/100
|turn|22
|
|t:|1743854735
|switch|p1a: Cinderace|Cinderace, F|100/100
|move|p2a: Lyla|Moonblast|p1a: Cinderace
|-resisted|p1a: Cinderace
|-damage|p1a: Cinderace|80/100
|
|-heal|p1a: Cinderace|86/100|[from] Grassy Terrain
|-heal|p2a: Lyla|95/100|[from] Grassy Terrain
|-heal|p2a: Lyla|100/100|[from] item: Leftovers
|upkeep
|turn|23
|inactive|milesxzooz has 60 seconds left.
|
|t:|1743854747
|move|p2a: Lyla|Stun Spore|p1a: Cinderace|[miss]
|-miss|p2a: Lyla|p1a: Cinderace
|move|p1a: Cinderace|Pyro Ball|p2a: Lyla|[miss]
|-miss|p1a: Cinderace|p2a: Lyla
|
|-heal|p1a: Cinderace|92/100|[from] Grassy Terrain
|-fieldend|move: Grassy Terrain
|upkeep
|turn|24
|inactive|milesxzooz has 60 seconds left.
|
|t:|1743854760
|switch|p1a: Rillaboom|Rillaboom, F|100/100
|-fieldstart|move: Grassy Terrain|[from] ability: Grassy Surge|[of] p1a: Rillaboom
|move|p2a: Lyla|Tailwind|p2a: Lyla
|-sidestart|p2: Duncan134|move: Tailwind
|
|upkeep
|turn|25
|inactive|milesxzooz has 60 seconds left.
|
|t:|1743854774
|move|p2a: Lyla|Moonblast|p1a: Rillaboom
|-crit|p1a: Rillaboom
|-damage|p1a: Rillaboom|47/100
|move|p1a: Rillaboom|U-turn|p2a: Lyla
|-damage|p2a: Lyla|69/100
|
|t:|1743854785
|switch|p1a: Magnez Carlsen|Magnezone|14/100|[from] U-turn
|
|-heal|p2a: Lyla|75/100|[from] Grassy Terrain
|-heal|p2a: Lyla|81/100|[from] item: Leftovers
|-heal|p1a: Magnez Carlsen|20/100|[from] Grassy Terrain
|upkeep
|turn|26
|
|t:|1743854795
|switch|p2a: Surfer|Gholdengo|46/100
|move|p1a: Magnez Carlsen|Flash Cannon|p2a: Surfer
|-resisted|p2a: Surfer
|-damage|p2a: Surfer|17/100
|
|-heal|p2a: Surfer|23/100|[from] Grassy Terrain
|-heal|p1a: Magnez Carlsen|26/100|[from] Grassy Terrain
|upkeep
|turn|27
|inactive|milesxzooz has 60 seconds left.
|
|t:|1743854824
|switch|p1a: Rillaboom|Rillaboom, F|47/100
|move|p2a: Surfer|Shadow Ball|p1a: Rillaboom
|-damage|p1a: Rillaboom|0 fnt
|faint|p1a: Rillaboom
|
|-heal|p2a: Surfer|29/100|[from] Grassy Terrain
|-sideend|p2: Duncan134|move: Tailwind
|upkeep
|inactive|milesxzooz has 30 seconds left.
|
|t:|1743854842
|switch|p1a: Lokix|Lokix, F|27/100
|turn|28
|inactive|milesxzooz has 30 seconds left.
|
|t:|1743854855
|switch|p2a: Table|Avalugg, M|63/100 tox
|move|p1a: Lokix|Swords Dance|p1a: Lokix
|-boost|p1a: Lokix|atk|2
|
|-heal|p1a: Lokix|33/100|[from] Grassy Terrain
|-heal|p2a: Table|70/100 tox|[from] Grassy Terrain
|-damage|p2a: Table|63/100 tox|[from] psn
|-fieldend|move: Grassy Terrain
|upkeep
|turn|29
|inactive|milesxzooz has 30 seconds left.
|
|t:|1743854867
|move|p1a: Lokix|Leech Life|p2a: Table
|-damage|p2a: Table|28/100 tox
|-heal|p1a: Lokix|53/100|[from] drain|[of] p2a: Table
|move|p2a: Table|Ice Spinner|p1a: Lokix
|-damage|p1a: Lokix|17/100
|
|-damage|p2a: Table|15/100 tox|[from] psn
|upkeep
|turn|30
|inactive|milesxzooz has 30 seconds left.
|
|t:|1743854881
|move|p1a: Lokix|Leech Life|p2a: Table
|-damage|p2a: Table|0 fnt
|-heal|p1a: Lokix|26/100|[from] drain|[of] p2a: Table
|faint|p2a: Table
|
|upkeep
|
|t:|1743854884
|switch|p2a: TigerThing|Landorus-Therian, M|25/100
|-ability|p2a: TigerThing|Intimidate|boost
|-unboost|p1a: Lokix|atk|1
|turn|31
|inactive|milesxzooz has 30 seconds left.
|
|t:|1743854905
|move|p1a: Lokix|Sucker Punch|p2a: TigerThing
|-damage|p2a: TigerThing|0 fnt
|faint|p2a: TigerThing
|
|upkeep
|inactive|milesxzooz has 30 seconds left this turn.
|
|t:|1743854913
|switch|p2a: Lyla|Whimsicott, F, shiny|81/100
|turn|32
|inactive|milesxzooz has 30 seconds left.
|inactive|milesxzooz has 20 seconds left.
|inactive|milesxzooz has 15 seconds left.
|inactive|milesxzooz has 10 seconds left.
|inactive|milesxzooz has 5 seconds left.
|
|t:|1743854950
|move|p1a: Lokix|Sucker Punch|p2a: Lyla
|-resisted|p2a: Lyla
|-damage|p2a: Lyla|39/100
|move|p2a: Lyla|Moonblast|p1a: Lokix
|-supereffective|p1a: Lokix
|-damage|p1a: Lokix|0 fnt
|faint|p1a: Lokix
|
|-heal|p2a: Lyla|46/100|[from] item: Leftovers
|upkeep
|inactive|milesxzooz has 10 seconds left this turn.
|inactive|milesxzooz has 5 seconds left.
|-message|milesxzooz lost due to inactivity.
|
|win|Duncan134
|raw|milesxzooz's rating: 1076 &rarr; <strong>1056</strong><br />(-20 for losing)
|raw|Duncan134's rating: 1100 &rarr; <strong>1123</strong><br />(+23 for winning)
|l|☆milesxzooz
|player|p1|
|c|☆Duncan134|gg
|l|☆Duncan134
|player|p2|
