|j|☆thetrueditto
|j|☆BTTFKR3000
|t:|1743839895
|gametype|singles
|player|p1|thetrueditto|1|1092
|player|p2|BTTFKR3000|1|1093
|teamsize|p1|6
|teamsize|p2|6
|gen|9
|tier|[Gen 9] OU
|rated|
|rule|HP Percentage Mod: HP is shown in percentages
|rule|Endless Battle Clause: Forcing endless battles is banned
|rule|Species Clause: Limit one of each Pokémon
|rule|OHKO Clause: OHKO moves are banned
|rule|Evasion Items Clause: Evasion items are banned
|rule|Evasion Moves Clause: Evasion moves are banned
|rule|Sleep Moves Clause: Sleep-inducing moves are banned
|clearpoke
|poke|p1|Great Tusk|
|poke|p1|Weavile, M|
|poke|p1|Kyurem|
|poke|p1|Alomomola, F|
|poke|p1|Iron Valiant|
|poke|p1|Ting-Lu|
|poke|p2|Whimsicott, F|
|poke|p2|Gliscor, F|
|poke|p2|Okidogi, M|
|poke|p2|Latias, F|
|poke|p2|Venomoth, M|
|poke|p2|Sylveon, M|
|teampreview
|inactive|Battle timer is ON: inactive players will automatically lose when time's up. (requested by thetrueditto)
|
|t:|1743839905
|start
|switch|p1a: Kyurem|Kyurem|100/100
|switch|p2a: Red Toothless|Latias, F|100/100
|-ability|p1a: Kyurem|Pressure
|turn|1
|
|t:|1743839920
|-terastallize|p2a: Red Toothless|Steel
|-terastallize|p1a: Kyurem|Ice
|move|p2a: Red Toothless|Agility|p2a: Red Toothless
|-boost|p2a: Red Toothless|spe|2
|move|p1a: Kyurem|Freeze-Dry|p2a: Red Toothless
|-resisted|p2a: Red Toothless
|-damage|p2a: Red Toothless|78/100
|-status|p2a: Red Toothless|frz
|
|-heal|p2a: Red Toothless|84/100 frz|[from] item: Leftovers
|upkeep
|turn|2
|
|t:|1743839936
|switch|p1a: Iron Valiant|Iron Valiant|100/100
|-enditem|p1a: Iron Valiant|Booster Energy
|-activate|p1a: Iron Valiant|ability: Quark Drive|[fromitem]
|-start|p1a: Iron Valiant|quarkdrivespe
|cant|p2a: Red Toothless|frz
|
|-heal|p2a: Red Toothless|90/100 frz|[from] item: Leftovers
|upkeep
|turn|3
|
|t:|1743839947
|switch|p2a: OkiDOGE|Okidogi, M|100/100
|move|p1a: Iron Valiant|Swords Dance|p1a: Iron Valiant
|-boost|p1a: Iron Valiant|atk|2
|
|upkeep
|turn|4
|
|t:|1743839976
|move|p1a: Iron Valiant|Moonblast|p2a: OkiDOGE
|-damage|p2a: OkiDOGE|56/100
|move|p2a: OkiDOGE|Gunk Shot|p1a: Iron Valiant
|-supereffective|p1a: Iron Valiant
|-damage|p1a: Iron Valiant|0 fnt
|faint|p1a: Iron Valiant
|-end|p1a: Iron Valiant|Quark Drive|[silent]
|
|-heal|p2a: OkiDOGE|62/100|[from] item: Leftovers
|upkeep
|
|t:|1743839985
|switch|p1a: Kyurem|Kyurem, tera:Ice|100/100
|-ability|p1a: Kyurem|Pressure
|turn|5
|
|t:|1743839993
|switch|p2a: Red Toothless|Latias, F, tera:Steel|90/100 frz
|move|p1a: Kyurem|Freeze-Dry|p2a: Red Toothless
|-resisted|p2a: Red Toothless
|-damage|p2a: Red Toothless|69/100 frz
|
|-heal|p2a: Red Toothless|75/100 frz|[from] item: Leftovers
|upkeep
|turn|6
|
|t:|1743840002
|switch|p1a: Great Tusk|Great Tusk|100/100
|cant|p2a: Red Toothless|frz
|
|-heal|p2a: Red Toothless|81/100 frz|[from] item: Leftovers
|upkeep
|turn|7
|
|t:|1743840011
|switch|p2a: Scorpio|Gliscor, F|100/100
|move|p1a: Great Tusk|Knock Off|p2a: Scorpio
|-damage|p2a: Scorpio|72/100
|-enditem|p2a: Scorpio|Toxic Orb|[from] move: Knock Off|[of] p1a: Great Tusk
|
|upkeep
|turn|8
|
|t:|1743840021
|move|p2a: Scorpio|Toxic|p1a: Great Tusk
|-status|p1a: Great Tusk|tox
|move|p1a: Great Tusk|Ice Spinner|p2a: Scorpio
|-supereffective|p2a: Scorpio
|-damage|p2a: Scorpio|0 fnt
|faint|p2a: Scorpio
|
|-damage|p1a: Great Tusk|94/100 tox|[from] psn
|upkeep
|
|t:|1743840031
|switch|p2a: Red Toothless|Latias, F, tera:Steel|81/100 frz
|turn|9
|
|t:|1743840036
|cant|p2a: Red Toothless|frz
|move|p1a: Great Tusk|Knock Off|p2a: Red Toothless
|-damage|p2a: Red Toothless|48/100 frz
|-enditem|p2a: Red Toothless|Leftovers|[from] move: Knock Off|[of] p1a: Great Tusk
|
|-damage|p1a: Great Tusk|82/100 tox|[from] psn
|upkeep
|turn|10
|
|t:|1743840046
|-end|p1a: Great Tusk|Protosynthesis|[silent]
|switch|p1a: Weavile|Weavile, M|100/100
|-ability|p1a: Weavile|Pressure
|cant|p2a: Red Toothless|frz
|
|upkeep
|turn|11
|
|t:|1743840058
|move|p1a: Weavile|Knock Off|p2a: Red Toothless
|-damage|p2a: Red Toothless|0 fnt
|faint|p2a: Red Toothless
|
|upkeep
|
|t:|1743840064
|switch|p2a: Twink|Sylveon, M|100/100
|turn|12
|
|t:|1743840068
|switch|p1a: Ting-Lu|Ting-Lu|100/100
|-ability|p1a: Ting-Lu|Vessel of Ruin
|move|p2a: Twink|Wish|p2a: Twink
|
|upkeep
|turn|13
|
|t:|1743840076
|switch|p2a: OkiDOGE|Okidogi, M|62/100
|move|p1a: Ting-Lu|Ruination|p2a: OkiDOGE
|-damage|p2a: OkiDOGE|31/100
|
|-heal|p2a: OkiDOGE|93/100|[from] move: Wish|[wisher] Twink
|-heal|p2a: OkiDOGE|99/100|[from] item: Leftovers
|upkeep
|turn|14
|
|t:|1743840099
|switch|p1a: Alomomola|Alomomola, F|100/100
|move|p2a: OkiDOGE|Drain Punch|p1a: Alomomola
|-damage|p1a: Alomomola|82/100
|-heal|p2a: OkiDOGE|100/100|[from] drain|[of] p1a: Alomomola
|
|upkeep
|turn|15
|
|t:|1743840108
|move|p2a: OkiDOGE|Bulk Up|p2a: OkiDOGE
|-boost|p2a: OkiDOGE|atk|1
|-boost|p2a: OkiDOGE|def|1
|move|p1a: Alomomola|Scald|p2a: OkiDOGE
|-damage|p2a: OkiDOGE|88/100
|-status|p2a: OkiDOGE|brn
|
|-heal|p2a: OkiDOGE|94/100 brn|[from] item: Leftovers
|-damage|p2a: OkiDOGE|88/100 brn|[from] brn
|upkeep
|turn|16
|
|t:|1743840119
|move|p2a: OkiDOGE|Bulk Up|p2a: OkiDOGE
|-boost|p2a: OkiDOGE|atk|1
|-boost|p2a: OkiDOGE|def|1
|move|p1a: Alomomola|Flip Turn|p2a: OkiDOGE
|-damage|p2a: OkiDOGE|81/100 brn
|inactive|thetrueditto has 120 seconds left.
|
|t:|1743840142
|switch|p1a: Ting-Lu|Ting-Lu|100/100|[from] Flip Turn
|-ability|p1a: Ting-Lu|Vessel of Ruin
|
|-heal|p2a: OkiDOGE|87/100 brn|[from] item: Leftovers
|-damage|p2a: OkiDOGE|81/100 brn|[from] brn
|upkeep
|turn|17
|
|t:|1743840150
|move|p2a: OkiDOGE|Drain Punch|p1a: Ting-Lu
|-supereffective|p1a: Ting-Lu
|-damage|p1a: Ting-Lu|60/100
|-heal|p2a: OkiDOGE|100/100 brn|[from] drain|[of] p1a: Ting-Lu
|move|p1a: Ting-Lu|Earthquake|p2a: OkiDOGE
|-supereffective|p2a: OkiDOGE
|-damage|p2a: OkiDOGE|72/100 brn
|
|-heal|p2a: OkiDOGE|78/100 brn|[from] item: Leftovers
|-heal|p1a: Ting-Lu|66/100|[from] item: Leftovers
|-damage|p2a: OkiDOGE|72/100 brn|[from] brn
|upkeep
|turn|18
|
|t:|1743840163
|switch|p1a: Alomomola|Alomomola, F|100/100
|move|p2a: OkiDOGE|Bulk Up|p2a: OkiDOGE
|-boost|p2a: OkiDOGE|atk|1
|-boost|p2a: OkiDOGE|def|1
|
|-heal|p2a: OkiDOGE|78/100 brn|[from] item: Leftovers
|-damage|p2a: OkiDOGE|72/100 brn|[from] brn
|upkeep
|turn|19
|
|t:|1743840175
|move|p2a: OkiDOGE|Bulk Up|p2a: OkiDOGE
|-boost|p2a: OkiDOGE|atk|1
|-boost|p2a: OkiDOGE|def|1
|move|p1a: Alomomola|Flip Turn|p2a: OkiDOGE
|-damage|p2a: OkiDOGE|67/100 brn
|
|t:|1743840177
|switch|p1a: Kyurem|Kyurem, tera:Ice|100/100|[from] Flip Turn
|-ability|p1a: Kyurem|Pressure
|
|-heal|p2a: OkiDOGE|73/100 brn|[from] item: Leftovers
|-damage|p2a: OkiDOGE|67/100 brn|[from] brn
|upkeep
|turn|20
|
|t:|1743840188
|move|p1a: Kyurem|Earth Power|p2a: OkiDOGE
|-supereffective|p2a: OkiDOGE
|-damage|p2a: OkiDOGE|6/100 brn
|move|p2a: OkiDOGE|Drain Punch|p1a: Kyurem
|-supereffective|p1a: Kyurem
|-damage|p1a: Kyurem|0 fnt
|-heal|p2a: OkiDOGE|68/100 brn|[from] drain|[of] p1a: Kyurem
|faint|p1a: Kyurem
|
|-heal|p2a: OkiDOGE|74/100 brn|[from] item: Leftovers
|-damage|p2a: OkiDOGE|68/100 brn|[from] brn
|upkeep
|
|t:|1743840196
|switch|p1a: Weavile|Weavile, M|100/100
|-ability|p1a: Weavile|Pressure
|turn|21
|
|t:|1743840204
|move|p1a: Weavile|Knock Off|p2a: OkiDOGE
|-resisted|p2a: OkiDOGE
|-damage|p2a: OkiDOGE|57/100 brn
|-enditem|p2a: OkiDOGE|Leftovers|[from] move: Knock Off|[of] p1a: Weavile
|move|p2a: OkiDOGE|Drain Punch|p1a: Weavile
|-supereffective|p1a: Weavile
|-damage|p1a: Weavile|0 fnt
|-heal|p2a: OkiDOGE|100/100 brn|[from] drain|[of] p1a: Weavile
|faint|p1a: Weavile
|
|-damage|p2a: OkiDOGE|95/100 brn|[from] brn
|upkeep
|-message|thetrueditto forfeited.
|
|win|BTTFKR3000
|raw|thetrueditto's rating: 1092 &rarr; <strong>1068</strong><br />(-24 for losing)
|raw|BTTFKR3000's rating: 1093 &rarr; <strong>1119</strong><br />(+26 for winning)
|l|☆thetrueditto
|player|p1|
|l|☆BTTFKR3000
|player|p2|
