|j|☆shuppetLover
|j|☆Enzoo1600
|t:|1743801625
|gametype|singles
|player|p1|shuppetLover|scientist-gen4dp|1119
|player|p2|Enzoo1600|lucas|1150
|teamsize|p1|6
|teamsize|p2|6
|gen|9
|tier|[Gen 9] OU
|rated|
|rule|HP Percentage Mod: HP is shown in percentages
|rule|Endless Battle Clause: Forcing endless battles is banned
|rule|Species Clause: Limit one of each Pokémon
|rule|OHKO Clause: OHKO moves are banned
|rule|Evasion Items Clause: Evasion items are banned
|rule|Evasion Moves Clause: Evasion moves are banned
|rule|Sleep Moves Clause: Sleep-inducing moves are banned
|clearpoke
|poke|p1|Hatterene, F|
|poke|p1|Carbink|
|poke|p1|Honchkrow, F|
|poke|p1|Primarina, F|
|poke|p1|Enamorus, F|
|poke|p1|Iron Thorns|
|poke|p2|Glimmora, F|
|poke|p2|Zamazenta-*|
|poke|p2|Hatterene, F|
|poke|p2|Pecharunt|
|poke|p2|Ting-Lu|
|poke|p2|Kingambit, M|
|teampreview
|
|t:|1743801651
|start
|switch|p1a: Carbink|Carbink|100/100
|switch|p2a: Glimmora|Glimmora, F, shiny|100/100
|turn|1
|
|t:|1743801667
|move|p2a: Glimmora|Earth Power|p1a: Carbink
|-supereffective|p1a: Carbink
|-damage|p1a: Carbink|49/100
|move|p1a: Carbink|Stealth Rock|p2a: Glimmora
|-sidestart|p2: Enzoo1600|move: Stealth Rock
|
|upkeep
|turn|2
|
|t:|1743801673
|move|p2a: Glimmora|Mortal Spin|p1a: Carbink
|-damage|p1a: Carbink|45/100
|-status|p1a: Carbink|psn
|-enditem|p1a: Carbink|Lum Berry|[eat]
|-curestatus|p1a: Carbink|psn|[msg]
|-sideend|p2: Enzoo1600|Stealth Rock|[from] move: Mortal Spin|[of] p2a: Glimmora
|move|p1a: Carbink|Trick Room|p1a: Carbink
|-fieldstart|move: Trick Room|[of] p1a: Carbink
|
|upkeep
|turn|3
|j| RocketGruntLudwig
|
|t:|1743801682
|move|p1a: Carbink|Misty Explosion|p2a: Glimmora
|-resisted|p2a: Glimmora
|-damage|p2a: Glimmora|88/100
|faint|p1a: Carbink
|move|p2a: Glimmora|Earth Power|p1: Carbink|[notarget]
|-fail|p2a: Glimmora
|
|upkeep
|
|t:|1743801687
|switch|p1a: Honchkrow|Honchkrow, F|100/100
|-enditem|p1a: Honchkrow|Room Service
|-unboost|p1a: Honchkrow|spe|1|[from] item: Room Service
|turn|4
|
|t:|1743801693
|move|p1a: Honchkrow|Night Slash|p2a: Glimmora
|-crit|p2a: Glimmora
|-damage|p2a: Glimmora|11/100
|-activate|p2a: Glimmora|ability: Toxic Debris
|-sidestart|p1: shuppetLover|move: Toxic Spikes
|move|p2a: Glimmora|Power Gem|p1a: Honchkrow
|-supereffective|p1a: Honchkrow
|-damage|p1a: Honchkrow|0 fnt
|faint|p1a: Honchkrow
|
|upkeep
|
|t:|1743801708
|switch|p1a: Iron Thorns|Iron Thorns|100/100
|-status|p1a: Iron Thorns|psn
|turn|5
|
|t:|1743801712
|move|p1a: Iron Thorns|Rock Blast|p2a: Glimmora
|-damage|p2a: Glimmora|0 fnt
|-activate|p2a: Glimmora|ability: Toxic Debris
|-sidestart|p1: shuppetLover|move: Toxic Spikes
|faint|p2a: Glimmora
|-hitcount|p2: Glimmora|1
|
|-damage|p1a: Iron Thorns|88/100 psn|[from] psn
|upkeep
|
|t:|1743801739
|switch|p2a: Ting-Lu|Ting-Lu|100/100
|-ability|p2a: Ting-Lu|Vessel of Ruin
|turn|6
|
|t:|1743801750
|move|p2a: Ting-Lu|Earthquake|p1a: Iron Thorns
|-supereffective|p1a: Iron Thorns
|-damage|p1a: Iron Thorns|0 fnt
|faint|p1a: Iron Thorns
|-end|p1a: Iron Thorns|Quark Drive|[silent]
|
|-fieldend|move: Trick Room
|upkeep
|c|☆shuppetLover|Hmmm
|c|☆shuppetLover|I was gonna low kick you
|c|☆Enzoo1600|why four fairy?
|c|☆shuppetLover|Now i have to plan
|
|t:|1743801780
|switch|p1a: Primarina|Primarina, F|100/100
|-status|p1a: Primarina|tox
|turn|7
|
|t:|1743801784
|move|p1a: Primarina|Surf|p2a: Ting-Lu
|-supereffective|p2a: Ting-Lu
|-damage|p2a: Ting-Lu|59/100
|-damage|p1a: Primarina|90/100 tox|[from] item: Life Orb
|move|p2a: Ting-Lu|Whirlwind|p1a: Primarina
|drag|p1a: Hatterene|Hatterene, F|100/100
|-status|p1a: Hatterene|tox
|
|-heal|p2a: Ting-Lu|65/100|[from] item: Leftovers
|-damage|p1a: Hatterene|94/100 tox|[from] psn
|upkeep
|turn|8
|c|☆shuppetLover|Fairy is strong and a pokemon type
|c|☆shuppetLover|Why 6 pokemon?
|c|☆Enzoo1600|but with four no
|
|t:|1743801825
|switch|p2a: Kingambit|Kingambit, M|100/100
|-activate|p2a: Kingambit|ability: Supreme Overlord
|-start|p2a: Kingambit|fallen1|[silent]
|move|p1a: Hatterene|Trick Room|p1a: Hatterene
|-fieldstart|move: Trick Room|[of] p1a: Hatterene
|
|-heal|p1a: Hatterene|100/100 tox|[from] item: Leftovers
|-damage|p1a: Hatterene|88/100 tox|[from] psn
|upkeep
|turn|9
|c|☆shuppetLover|Uhhh
|c|☆shuppetLover|No u
|
|t:|1743801834
|move|p1a: Hatterene|Magic Powder|p2a: Kingambit
|-start|p2a: Kingambit|typechange|Psychic
|move|p2a: Kingambit|Swords Dance|p2a: Kingambit
|-boost|p2a: Kingambit|atk|2
|
|-heal|p1a: Hatterene|94/100 tox|[from] item: Leftovers
|-damage|p1a: Hatterene|75/100 tox|[from] psn
|upkeep
|turn|10
|
|t:|1743801843
|move|p2a: Kingambit|Sucker Punch|p1a: Hatterene
|-damage|p1a: Hatterene|0 fnt
|faint|p1a: Hatterene
|
|upkeep
|
|t:|1743801848
|switch|p1a: Primarina|Primarina, F|90/100 tox
|turn|11
|
|t:|1743801851
|move|p1a: Primarina|Surf|p2a: Kingambit
|-damage|p2a: Kingambit|34/100
|-damage|p1a: Primarina|80/100 tox|[from] item: Life Orb
|move|p2a: Kingambit|Iron Head|p1a: Primarina
|-damage|p1a: Primarina|20/100 tox
|
|-damage|p1a: Primarina|14/100 tox|[from] psn
|upkeep
|turn|12
|
|t:|1743801858
|switch|p1a: Enamorus|Enamorus, F|100/100
|-enditem|p1a: Enamorus|Room Service
|-boost|p1a: Enamorus|spe|1|[from] item: Room Service
|move|p2a: Kingambit|Sucker Punch||[still]
|-fail|p2a: Kingambit
|
|-fieldend|move: Trick Room
|upkeep
|turn|13
|
|t:|1743801868
|-terastallize|p1a: Enamorus|Stellar
|move|p2a: Kingambit|Sucker Punch|p1a: Enamorus
|-resisted|p1a: Enamorus
|-damage|p1a: Enamorus|41/100
|move|p1a: Enamorus|Tera Blast|p2a: Kingambit|[anim] Tera Blast Stellar
|-damage|p2a: Kingambit|0 fnt
|-boost|p1a: Enamorus|atk|1
|-boost|p1a: Enamorus|spa|1
|faint|p2a: Kingambit
|-end|p2a: Kingambit|fallen1|[silent]
|
|upkeep
|
|t:|1743801883
|switch|p2a: Ting-Lu|Ting-Lu|65/100
|-ability|p2a: Ting-Lu|Vessel of Ruin
|turn|14
|c|☆shuppetLover|I is the winner
|
|t:|1743801895
|move|p1a: Enamorus|Tera Blast|p2a: Ting-Lu|[anim] Tera Blast Stellar
|-damage|p2a: Ting-Lu|41/100
|-boost|p1a: Enamorus|atk|1
|-boost|p1a: Enamorus|spa|1
|move|p2a: Ting-Lu|Whirlwind|p1a: Enamorus
|drag|p1a: Primarina|Primarina, F|14/100 tox
|
|-heal|p2a: Ting-Lu|47/100|[from] item: Leftovers
|-damage|p1a: Primarina|8/100 tox|[from] psn
|upkeep
|turn|15
|
|t:|1743801903
|move|p1a: Primarina|Surf|p2a: Ting-Lu
|-supereffective|p2a: Ting-Lu
|-damage|p2a: Ting-Lu|0 fnt
|faint|p2a: Ting-Lu
|-damage|p1a: Primarina|0 fnt|[from] item: Life Orb
|faint|p1a: Primarina
|
|upkeep
|c|☆shuppetLover|Go boom.
|
|t:|1743801907
|switch|p1a: Enamorus|Enamorus, F, tera:Stellar|41/100
|switch|p2a: Pecharunt|Pecharunt|100/100
|turn|16
|
|t:|1743801912
|move|p1a: Enamorus|Extrasensory|p2a: Pecharunt
|-supereffective|p2a: Pecharunt
|-damage|p2a: Pecharunt|27/100
|move|p2a: Pecharunt|Malignant Chain|p1a: Enamorus
|-supereffective|p1a: Enamorus
|-damage|p1a: Enamorus|0 fnt
|faint|p1a: Enamorus
|
|win|Enzoo1600
|raw|shuppetLover's rating: 1119 &rarr; <strong>1096</strong><br />(-23 for losing)
|raw|Enzoo1600's rating: 1150 &rarr; <strong>1173</strong><br />(+23 for winning)
|c|☆Enzoo1600|gg
|c|☆shuppetLover|I needee those stats
|c|☆shuppetLover|Ggs
|l| RocketGruntLudwig
