|j|☆Thenix12
|j|☆Daddy3141
|t:|1743885858
|gametype|singles
|player|p1|Thenix12|nurse|1361
|player|p2|Daddy3141|bruno-gen3|1307
|teamsize|p1|6
|teamsize|p2|6
|gen|9
|tier|[Gen 9] OU
|rated|
|rule|HP Percentage Mod: HP is shown in percentages
|rule|Endless Battle Clause: Forcing endless battles is banned
|rule|Species Clause: Limit one of each Pokémon
|rule|OHKO Clause: OHKO moves are banned
|rule|Evasion Items Clause: Evasion items are banned
|rule|Evasion Moves Clause: Evasion moves are banned
|rule|Sleep Moves Clause: Sleep-inducing moves are banned
|clearpoke
|poke|p1|Emboar, M|
|poke|p1|Cinccino, M|
|poke|p1|Hydrapple, M|
|poke|p1|Iron Crown|
|poke|p1|Basculin-Blue-Striped, M|
|poke|p1|Clodsire, M|
|poke|p2|Sinistcha|
|poke|p2|Garganacl, F|
|poke|p2|Skarmory, F|
|poke|p2|Zamazenta-*|
|poke|p2|Tinkaton, F|
|poke|p2|Darkrai|
|teampreview
|
|t:|1743885877
|start
|switch|p1a: Clodsire|Clodsire, M|100/100
|switch|p2a: Darkrai|Darkrai|100/100
|turn|1
|
|t:|1743885885
|switch|p2a: Tinkaton|Tinkaton, F|100/100
|-item|p2a: Tinkaton|Air Balloon
|move|p1a: Clodsire|Toxic|p2a: Tinkaton
|-immune|p2a: Tinkaton
|
|upkeep
|turn|2
|
|t:|1743885890
|move|p2a: Tinkaton|Stealth Rock|p1a: Clodsire
|-sidestart|p1: Thenix12|move: Stealth Rock
|move|p1a: Clodsire|Stealth Rock|p2a: Tinkaton
|-sidestart|p2: Daddy3141|move: Stealth Rock
|
|upkeep
|turn|3
|
|t:|1743885898
|switch|p1a: Emboar|Emboar, M|100/100
|-damage|p1a: Emboar|88/100|[from] Stealth Rock
|move|p2a: Tinkaton|Knock Off|p1a: Emboar
|-resisted|p1a: Emboar
|-crit|p1a: Emboar
|-damage|p1a: Emboar|64/100
|-enditem|p1a: Emboar|Choice Band|[from] move: Knock Off|[of] p2a: Tinkaton
|
|upkeep
|turn|4
|
|t:|1743885932
|switch|p2a: Sinistcha|Sinistcha|100/100
|move|p1a: Emboar|Flare Blitz|p2a: Sinistcha
|-supereffective|p2a: Sinistcha
|-damage|p2a: Sinistcha|36/100
|-damage|p1a: Emboar|45/100|[from] Recoil
|
|upkeep
|turn|5
|
|t:|1743885967
|switch|p2a: Garganacl|Garganacl, F|100/100
|-damage|p2a: Garganacl|88/100|[from] Stealth Rock
|move|p1a: Emboar|Flare Blitz|p2a: Garganacl
|-resisted|p2a: Garganacl
|-damage|p2a: Garganacl|61/100
|-damage|p1a: Emboar|36/100|[from] Recoil
|
|-heal|p2a: Garganacl|68/100|[from] item: Leftovers
|upkeep
|turn|6
|
|t:|1743885977
|switch|p2a: Skarmory|Skarmory, F|100/100
|-damage|p2a: Skarmory|88/100|[from] Stealth Rock
|move|p1a: Emboar|Close Combat|p2a: Skarmory
|-damage|p2a: Skarmory|45/100
|-unboost|p1a: Emboar|def|1
|-unboost|p1a: Emboar|spd|1
|-damage|p1a: Emboar|20/100|[from] item: Rocky Helmet|[of] p2a: Skarmory
|
|upkeep
|turn|7
|
|t:|1743886012
|switch|p2a: Zamazenta|Zamazenta|100/100
|-damage|p2a: Zamazenta|94/100|[from] Stealth Rock
|-ability|p2a: Zamazenta|Dauntless Shield|boost
|-boost|p2a: Zamazenta|def|1
|move|p1a: Emboar|Flare Blitz|p2a: Zamazenta
|-damage|p2a: Zamazenta|56/100
|-status|p2a: Zamazenta|brn
|-damage|p1a: Emboar|7/100|[from] Recoil
|
|-heal|p2a: Zamazenta|62/100 brn|[from] item: Leftovers
|-damage|p2a: Zamazenta|56/100 brn|[from] brn
|upkeep
|turn|8
|
|t:|1743886027
|switch|p1a: Hydrapple|Hydrapple, M|100/100
|-damage|p1a: Hydrapple|88/100|[from] Stealth Rock
|move|p2a: Zamazenta|Body Press|p1a: Hydrapple
|-damage|p1a: Hydrapple|74/100
|-damage|p2a: Zamazenta|40/100 brn|[from] item: Rocky Helmet|[of] p1a: Hydrapple
|
|-heal|p2a: Zamazenta|46/100 brn|[from] item: Leftovers
|-damage|p2a: Zamazenta|40/100 brn|[from] brn
|upkeep
|turn|9
|
|t:|1743886037
|switch|p2a: Tinkaton|Tinkaton, F|100/100
|-damage|p2a: Tinkaton|94/100|[from] Stealth Rock
|-item|p2a: Tinkaton|Air Balloon
|move|p1a: Hydrapple|Body Press|p2a: Tinkaton
|-damage|p2a: Tinkaton|54/100
|-enditem|p2a: Tinkaton|Air Balloon
|-enditem|p1a: Hydrapple|Rocky Helmet|[silent]|[from] ability: Pickpocket|[of] p1a: Hydrapple
|-item|p2a: Tinkaton|Rocky Helmet|[from] ability: Pickpocket|[of] p1a: Hydrapple
|
|upkeep
|turn|10
|
|t:|1743886051
|move|p1a: Hydrapple|Protect|p1a: Hydrapple
|-singleturn|p1a: Hydrapple|Protect
|move|p2a: Tinkaton|Thunder Wave|p1a: Hydrapple
|-activate|p1a: Hydrapple|move: Protect
|
|upkeep
|turn|11
|
|t:|1743886056
|switch|p1a: Clodsire|Clodsire, M|100/100
|-damage|p1a: Clodsire|94/100|[from] Stealth Rock
|move|p2a: Tinkaton|Gigaton Hammer|p1a: Clodsire
|-damage|p1a: Clodsire|33/100
|
|-heal|p1a: Clodsire|39/100|[from] item: Leftovers
|upkeep
|turn|12
|
|t:|1743886067
|switch|p2a: Garganacl|Garganacl, F|68/100
|-damage|p2a: Garganacl|55/100|[from] Stealth Rock
|move|p1a: Clodsire|Recover|p1a: Clodsire
|-heal|p1a: Clodsire|89/100
|
|-heal|p2a: Garganacl|61/100|[from] item: Leftovers
|-heal|p1a: Clodsire|95/100|[from] item: Leftovers
|upkeep
|turn|13
|
|t:|1743886073
|move|p2a: Garganacl|Salt Cure|p1a: Clodsire
|-resisted|p1a: Clodsire
|-damage|p1a: Clodsire|88/100
|-start|p1a: Clodsire|Salt Cure
|move|p1a: Clodsire|Toxic|p2a: Garganacl
|-immune|p2a: Garganacl|[from] ability: Purifying Salt
|
|-heal|p2a: Garganacl|68/100|[from] item: Leftovers
|-heal|p1a: Clodsire|94/100|[from] item: Leftovers
|-damage|p1a: Clodsire|82/100|[from] Salt Cure
|upkeep
|turn|14
|
|t:|1743886078
|move|p2a: Garganacl|Curse|p2a: Garganacl
|-unboost|p2a: Garganacl|spe|1
|-boost|p2a: Garganacl|atk|1
|-boost|p2a: Garganacl|def|1
|move|p1a: Clodsire|Earthquake|p2a: Garganacl
|-supereffective|p2a: Garganacl
|-damage|p2a: Garganacl|28/100
|
|-heal|p1a: Clodsire|88/100|[from] item: Leftovers
|-heal|p2a: Garganacl|34/100|[from] item: Leftovers
|-damage|p1a: Clodsire|75/100|[from] Salt Cure
|upkeep
|turn|15
|
|t:|1743886085
|move|p1a: Clodsire|Earthquake|p2a: Garganacl
|-supereffective|p2a: Garganacl
|-damage|p2a: Garganacl|0 fnt
|faint|p2a: Garganacl
|
|-heal|p1a: Clodsire|82/100|[from] item: Leftovers
|-damage|p1a: Clodsire|69/100|[from] Salt Cure
|upkeep
|
|t:|1743886091
|switch|p2a: Tinkaton|Tinkaton, F|54/100
|-damage|p2a: Tinkaton|48/100|[from] Stealth Rock
|turn|16
|
|t:|1743886102
|move|p2a: Tinkaton|Gigaton Hammer|p1a: Clodsire
|-damage|p1a: Clodsire|4/100
|move|p1a: Clodsire|Earthquake|p2a: Tinkaton
|-supereffective|p2a: Tinkaton
|-damage|p2a: Tinkaton|0 fnt
|faint|p2a: Tinkaton
|
|-heal|p1a: Clodsire|10/100|[from] item: Leftovers
|-damage|p1a: Clodsire|0 fnt|[from] Salt Cure
|faint|p1a: Clodsire
|upkeep
|
|t:|1743886111
|switch|p2a: Darkrai|Darkrai|100/100
|switch|p1a: Cinccino|Cinccino, M|100/100
|-damage|p2a: Darkrai|88/100|[from] Stealth Rock
|-damage|p1a: Cinccino|88/100|[from] Stealth Rock
|turn|17
|
|t:|1743886130
|move|p2a: Darkrai|Dark Pulse|p1a: Cinccino
|-damage|p1a: Cinccino|0 fnt
|faint|p1a: Cinccino
|
|upkeep
|
|t:|1743886138
|switch|p1a: Hydrapple|Hydrapple, M|100/100
|-damage|p1a: Hydrapple|88/100|[from] Stealth Rock
|turn|18
|
|t:|1743886152
|switch|p2a: Zamazenta|Zamazenta|40/100 brn
|-damage|p2a: Zamazenta|33/100 brn|[from] Stealth Rock
|switch|p1a: Basculin|Basculin-Blue-Striped, M|100/100
|-damage|p1a: Basculin|88/100|[from] Stealth Rock
|
|-heal|p2a: Zamazenta|40/100 brn|[from] item: Leftovers
|-damage|p2a: Zamazenta|33/100 brn|[from] brn
|upkeep
|turn|19
|
|t:|1743886162
|move|p2a: Zamazenta|Iron Defense|p2a: Zamazenta
|-boost|p2a: Zamazenta|def|2
|move|p1a: Basculin|Hydro Pump|p2a: Zamazenta
|-damage|p2a: Zamazenta|0 fnt
|faint|p2a: Zamazenta
|
|upkeep
|
|t:|1743886167
|switch|p2a: Sinistcha|Sinistcha|36/100
|turn|20
|
|t:|1743886174
|move|p1a: Basculin|Blizzard|p2a: Sinistcha
|-supereffective|p2a: Sinistcha
|-damage|p2a: Sinistcha|0 fnt
|faint|p2a: Sinistcha
|
|upkeep
|
|t:|1743886177
|switch|p2a: Darkrai|Darkrai|88/100
|-damage|p2a: Darkrai|76/100|[from] Stealth Rock
|turn|21
|
|t:|1743886186
|-terastallize|p1a: Basculin|Fairy
|move|p1a: Basculin|Aqua Jet|p2a: Darkrai
|-damage|p2a: Darkrai|58/100
|move|p2a: Darkrai|Sludge Bomb|p1a: Basculin
|-supereffective|p1a: Basculin
|-damage|p1a: Basculin|0 fnt
|faint|p1a: Basculin
|
|upkeep
|
|t:|1743886197
|switch|p1a: Hydrapple|Hydrapple, M|100/100
|-damage|p1a: Hydrapple|88/100|[from] Stealth Rock
|turn|22
|
|t:|1743886199
|move|p2a: Darkrai|Sludge Bomb|p1a: Hydrapple
|-supereffective|p1a: Hydrapple
|-damage|p1a: Hydrapple|0 fnt
|faint|p1a: Hydrapple
|
|upkeep
|
|t:|1743886202
|switch|p1a: Iron Crown|Iron Crown|100/100
|-damage|p1a: Iron Crown|94/100|[from] Stealth Rock
|-enditem|p1a: Iron Crown|Booster Energy
|-activate|p1a: Iron Crown|ability: Quark Drive|[fromitem]
|-start|p1a: Iron Crown|quarkdrivespa
|turn|23
|
|t:|1743886206
|switch|p2a: Skarmory|Skarmory, F|45/100
|-damage|p2a: Skarmory|33/100|[from] Stealth Rock
|move|p1a: Iron Crown|Focus Blast|p2a: Skarmory
|-damage|p2a: Skarmory|0 fnt
|faint|p2a: Skarmory
|
|upkeep
|
|t:|1743886207
|switch|p2a: Darkrai|Darkrai|58/100
|-damage|p2a: Darkrai|46/100|[from] Stealth Rock
|turn|24
|
|t:|1743886210
|move|p2a: Darkrai|Dark Pulse|p1a: Iron Crown
|-supereffective|p1a: Iron Crown
|-damage|p1a: Iron Crown|0 fnt
|faint|p1a: Iron Crown
|-end|p1a: Iron Crown|Quark Drive|[silent]
|
|upkeep
|
|t:|1743886213
|switch|p1a: Emboar|Emboar, M|7/100
|-damage|p1a: Emboar|0 fnt|[from] Stealth Rock
|faint|p1a: Emboar
|
|win|Daddy3141
|raw|Thenix12's rating: 1361 &rarr; <strong>1338</strong><br />(-23 for losing)
|raw|Daddy3141's rating: 1307 &rarr; <strong>1330</strong><br />(+23 for winning)
|l|☆Thenix12
|player|p1|
