|j|☆andy1234567890
|j|☆OfficialTMRocket
|t:|1743796933
|gametype|singles
|player|p1|andy1234567890|266|
|player|p2|OfficialTMRocket|1|
|teamsize|p1|6
|teamsize|p2|6
|gen|9
|tier|[Gen 9] OU
|rule|HP Percentage Mod: HP is shown in percentages
|rule|Endless Battle Clause: Forcing endless battles is banned
|rule|Species Clause: Limit one of each Pokémon
|rule|OHKO Clause: OHKO moves are banned
|rule|Evasion Items Clause: Evasion items are banned
|rule|Evasion Moves Clause: Evasion moves are banned
|rule|Sleep Moves Clause: Sleep-inducing moves are banned
|clearpoke
|poke|p1|Zamazenta-*|
|poke|p1|Kingambit, M|
|poke|p1|Samurott-Hisui, M|
|poke|p1|Landorus-Therian, M|
|poke|p1|Iron Valiant|
|poke|p1|Iron Moth|
|poke|p2|Clefable, F|
|poke|p2|Corviknight, F|
|poke|p2|Toxapex, F|
|poke|p2|Ditto|
|poke|p2|Tinkaton, F|
|poke|p2|Okidogi, M|
|teampreview
|
|t:|1743796948
|start
|switch|p1a: Samurott|Samurott-Hisui, M|100/100
|switch|p2a: Clefable|Clefable, F|100/100
|turn|1
|
|t:|1743796959
|move|p1a: Samurott|Ceaseless Edge|p2a: Clefable
|-resisted|p2a: Clefable
|-crit|p2a: Clefable
|-damage|p2a: Clefable|73/100
|-sidestart|p2: OfficialTMRocket|Spikes
|move|p2a: Clefable|Calm Mind|p2a: Clefable
|-boost|p2a: Clefable|spa|1
|-boost|p2a: Clefable|spd|1
|
|-heal|p2a: Clefable|79/100|[from] item: Leftovers
|upkeep
|turn|2
|
|t:|1743796970
|move|p1a: Samurott|Ceaseless Edge|p2a: Clefable
|-resisted|p2a: Clefable
|-damage|p2a: Clefable|60/100
|-sidestart|p2: OfficialTMRocket|Spikes
|move|p2a: Clefable|Moonblast|p1a: Samurott
|-supereffective|p1a: Samurott
|-crit|p1a: Samurott
|-enditem|p1a: Samurott|Focus Sash
|-damage|p1a: Samurott|1/100
|
|-heal|p2a: Clefable|66/100|[from] item: Leftovers
|upkeep
|turn|3
|
|t:|1743796988
|switch|p1a: Iron Moth|Iron Moth|100/100
|-enditem|p1a: Iron Moth|Booster Energy
|-activate|p1a: Iron Moth|ability: Quark Drive|[fromitem]
|-start|p1a: Iron Moth|quarkdrivespe
|move|p2a: Clefable|Moonblast|p1a: Iron Moth
|-resisted|p1a: Iron Moth
|-damage|p1a: Iron Moth|87/100
|
|-heal|p2a: Clefable|72/100|[from] item: Leftovers
|upkeep
|turn|4
|
|t:|1743797005
|switch|p2a: Corviknight|Corviknight, F|100/100
|move|p1a: Iron Moth|Fiery Dance|p2a: Corviknight
|-supereffective|p2a: Corviknight
|-damage|p2a: Corviknight|31/100
|
|upkeep
|turn|5
|
|t:|1743797013
|switch|p2a: Toxapex|Toxapex, F|100/100
|-damage|p2a: Toxapex|84/100|[from] Spikes
|move|p1a: Iron Moth|Fiery Dance|p2a: Toxapex
|-resisted|p2a: Toxapex
|-damage|p2a: Toxapex|68/100
|
|-heal|p2a: Toxapex|74/100|[from] item: Leftovers
|upkeep
|turn|6
|
|t:|1743797031
|-terastallize|p2a: Toxapex|Poison
|move|p1a: Iron Moth|Psychic|p2a: Toxapex
|-supereffective|p2a: Toxapex
|-damage|p2a: Toxapex|21/100
|move|p2a: Toxapex|Toxic Spikes|p1a: Iron Moth
|-sidestart|p1: andy1234567890|move: Toxic Spikes
|
|-heal|p2a: Toxapex|27/100|[from] item: Leftovers
|upkeep
|turn|7
|
|t:|1743797045
|switch|p2a: Ditto|Ditto|100/100
|-damage|p2a: Ditto|84/100|[from] Spikes
|-transform|p2a: Ditto|p1a: Iron Moth|[from] ability: Imposter
|move|p1a: Iron Moth|Fiery Dance|p2a: Ditto
|-resisted|p2a: Ditto
|-damage|p2a: Ditto|55/100
|-boost|p1a: Iron Moth|spa|1
|
|upkeep
|turn|8
|
|t:|1743797087
|move|p1a: Iron Moth|Psychic|p2a: Ditto
|-supereffective|p2a: Ditto
|-damage|p2a: Ditto|0 fnt
|faint|p2a: Ditto
|-end|p2a: Ditto|Quark Drive|[silent]
|
|upkeep
|
|t:|1743797098
|switch|p2a: Clefable|Clefable, F|72/100
|-damage|p2a: Clefable|56/100|[from] Spikes
|turn|9
|
|t:|1743797151
|move|p1a: Iron Moth|Sludge Wave|p2a: Clefable
|-supereffective|p2a: Clefable
|-crit|p2a: Clefable
|-damage|p2a: Clefable|0 fnt
|faint|p2a: Clefable
|
|upkeep
|
|t:|1743797166
|switch|p2a: Tinkaton|Tinkaton, F|100/100
|-damage|p2a: Tinkaton|84/100|[from] Spikes
|-ability|p2a: Tinkaton|Mold Breaker
|turn|10
|
|t:|1743797181
|move|p2a: Tinkaton|Fake Out|p1a: Iron Moth
|-damage|p1a: Iron Moth|70/100
|-damage|p2a: Tinkaton|74/100|[from] item: Life Orb
|cant|p1a: Iron Moth|flinch
|
|upkeep
|turn|11
|
|t:|1743797192
|move|p1a: Iron Moth|Fiery Dance|p2a: Tinkaton
|-supereffective|p2a: Tinkaton
|-damage|p2a: Tinkaton|0 fnt
|faint|p2a: Tinkaton
|
|upkeep
|c|☆andy1234567890|gg
|
|t:|1743797201
|switch|p2a: Okidogi|Okidogi, M|100/100
|-damage|p2a: Okidogi|84/100|[from] Spikes
|turn|12
|
|t:|1743797208
|move|p1a: Iron Moth|Psychic|p2a: Okidogi
|-supereffective|p2a: Okidogi
|-damage|p2a: Okidogi|0 fnt
|faint|p2a: Okidogi
|
|upkeep
|
|t:|1743797214
|switch|p2a: Corviknight|Corviknight, F|31/100
|turn|13
|
|t:|1743797219
|move|p1a: Iron Moth|Fiery Dance|p2a: Corviknight
|-supereffective|p2a: Corviknight
|-damage|p2a: Corviknight|0 fnt
|-boost|p1a: Iron Moth|spa|1
|faint|p2a: Corviknight
|
|upkeep
|
|t:|1743797225
|switch|p2a: Toxapex|Toxapex, F, tera:Poison|60/100
|-damage|p2a: Toxapex|44/100|[from] Spikes
|turn|14
|
|t:|1743797231
|-terastallize|p1a: Iron Moth|Ground
|move|p1a: Iron Moth|Tera Blast|p2a: Toxapex|[anim] Tera Blast Ground
|-supereffective|p2a: Toxapex
|-damage|p2a: Toxapex|0 fnt
|faint|p2a: Toxapex
|
|win|andy1234567890
