|j|‽kj21gameing
|j|☆mops2002
|t:|1743797746
|gametype|singles
|player|p1|kj21gameing|leon|1184
|player|p2|mops2002|266|1172
|teamsize|p1|6
|teamsize|p2|6
|gen|9
|tier|[Gen 9] OU
|rated|
|rule|HP Percentage Mod: HP is shown in percentages
|rule|Endless Battle Clause: Forcing endless battles is banned
|rule|Species Clause: Limit one of each Pokémon
|rule|OHKO Clause: OHKO moves are banned
|rule|Evasion Items Clause: Evasion items are banned
|rule|Evasion Moves Clause: Evasion moves are banned
|rule|Sleep Moves Clause: Sleep-inducing moves are banned
|clearpoke
|poke|p1|Charizard, F|
|poke|p1|Blastoise, F|
|poke|p1|Venusaur, F|
|poke|p1|Espeon, F|
|poke|p1|Pikachu, M|
|poke|p1|Snorlax, F|
|poke|p2|Rillaboom, F|
|poke|p2|Great Tusk|
|poke|p2|Slowking-Galar, M|
|poke|p2|Iron Crown|
|poke|p2|Zapdos|
|poke|p2|Samurott-Hisui, M|
|teampreview
|inactive|Battle timer is ON: inactive players will automatically lose when time's up. (requested by mops2002)
|
|t:|1743797765
|start
|switch|p1a: Pikachu|Pikachu, M|100/100
|switch|p2a: Samurott|Samurott-Hisui, M|100/100
|turn|1
|
|t:|1743797788
|move|p1a: Pikachu|Fake Out|p2a: Samurott
|-damage|p2a: Samurott|83/100
|cant|p2a: Samurott|flinch
|
|upkeep
|turn|2
|
|t:|1743797799
|move|p1a: Pikachu|Volt Tackle|p2a: Samurott
|-supereffective|p2a: Samurott
|-damage|p2a: Samurott|0 fnt
|faint|p2a: Samurott
|-damage|p1a: Pikachu|53/100|[from] Recoil
|
|upkeep
|
|t:|1743797809
|switch|p2a: Iron Crown|Iron Crown|100/100
|turn|3
|
|t:|1743797831
|move|p2a: Iron Crown|Psychic Noise|p1a: Pikachu
|-damage|p1a: Pikachu|0 fnt
|faint|p1a: Pikachu
|
|upkeep
|
|t:|1743797837
|switch|p1a: Charizard|Charizard, F|100/100
|turn|4
|
|t:|1743797854
|-end|p2a: Iron Crown|Quark Drive|[silent]
|switch|p2a: Zapdos|Zapdos|100/100
|move|p1a: Charizard|Dragon Dance|p1a: Charizard
|-boost|p1a: Charizard|atk|1
|-boost|p1a: Charizard|spe|1
|
|upkeep
|turn|5
|
|t:|1743797864
|-terastallize|p1a: Charizard|Fire
|move|p1a: Charizard|Flare Blitz|p2a: Zapdos
|-damage|p2a: Zapdos|25/100
|-damage|p1a: Charizard|68/100|[from] Recoil
|move|p2a: Zapdos|Volt Switch|p1a: Charizard
|-damage|p1a: Charizard|31/100
|
|t:|1743797872
|switch|p2a: Rillaboom|Rillaboom, F|100/100|[from] Volt Switch
|-fieldstart|move: Grassy Terrain|[from] ability: Grassy Surge|[of] p2a: Rillaboom
|
|-heal|p1a: Charizard|38/100|[from] Grassy Terrain
|upkeep
|turn|6
|
|t:|1743797879
|move|p2a: Rillaboom|Grassy Glide|p1a: Charizard
|-resisted|p1a: Charizard
|-damage|p1a: Charizard|0 fnt
|faint|p1a: Charizard
|
|upkeep
|
|t:|1743797886
|switch|p1a: Venusaur|Venusaur, F|100/100
|turn|7
|
|t:|1743797899
|switch|p2a: Iron Crown|Iron Crown|100/100
|move|p1a: Venusaur|Substitute|p1a: Venusaur
|-start|p1a: Venusaur|Substitute
|-damage|p1a: Venusaur|76/100
|
|-heal|p1a: Venusaur|82/100|[from] Grassy Terrain
|-heal|p1a: Venusaur|88/100|[from] item: Black Sludge
|upkeep
|turn|8
|
|t:|1743797905
|-terastallize|p2a: Iron Crown|Steel
|move|p2a: Iron Crown|Tachyon Cutter|p1a: Venusaur
|-end|p1a: Venusaur|Substitute
|-damage|p1a: Venusaur|53/100
|-hitcount|p1a: Venusaur|2
|move|p1a: Venusaur|Leech Seed|p2a: Iron Crown
|-start|p2a: Iron Crown|move: Leech Seed
|
|-heal|p1a: Venusaur|59/100|[from] Grassy Terrain
|-heal|p1a: Venusaur|65/100|[from] item: Black Sludge
|-damage|p2a: Iron Crown|88/100|[from] Leech Seed|[of] p1a: Venusaur
|-heal|p1a: Venusaur|76/100|[silent]
|upkeep
|turn|9
|
|t:|1743797916
|move|p2a: Iron Crown|Tachyon Cutter|p1a: Venusaur
|-damage|p1a: Venusaur|43/100
|-damage|p1a: Venusaur|6/100
|-hitcount|p1a: Venusaur|2
|move|p1a: Venusaur|Substitute|p1a: Venusaur
|-fail|p1a: Venusaur|move: Substitute|[weak]
|
|-heal|p2a: Iron Crown|94/100|[from] Grassy Terrain
|-heal|p1a: Venusaur|12/100|[from] Grassy Terrain
|-heal|p1a: Venusaur|18/100|[from] item: Black Sludge
|-damage|p2a: Iron Crown|82/100|[from] Leech Seed|[of] p1a: Venusaur
|-heal|p1a: Venusaur|29/100|[silent]
|-fieldend|move: Grassy Terrain
|upkeep
|turn|10
|
|t:|1743797923
|switch|p1a: Espeon|Espeon, F|100/100
|move|p2a: Iron Crown|Tachyon Cutter|p1a: Espeon
|-damage|p1a: Espeon|36/100
|-damage|p1a: Espeon|0 fnt
|faint|p1a: Espeon
|-hitcount|p1: Espeon|2
|
|upkeep
|
|t:|1743797926
|switch|p1a: Snorlax|Snorlax, F|100/100
|turn|11
|
|t:|1743797932
|-end|p2a: Iron Crown|Quark Drive|[silent]
|switch|p2a: Rillaboom|Rillaboom, F|100/100
|-fieldstart|move: Grassy Terrain|[from] ability: Grassy Surge|[of] p2a: Rillaboom
|move|p1a: Snorlax|Belly Drum|p1a: Snorlax
|-damage|p1a: Snorlax|51/100
|-setboost|p1a: Snorlax|atk|6|[from] move: Belly Drum
|
|-heal|p1a: Snorlax|57/100|[from] Grassy Terrain
|upkeep
|turn|12
|
|t:|1743797945
|move|p2a: Rillaboom|Grassy Glide|p1a: Snorlax
|-damage|p1a: Snorlax|6/100
|-enditem|p1a: Snorlax|Aguav Berry|[eat]
|-heal|p1a: Snorlax|40/100|[from] item: Aguav Berry
|move|p1a: Snorlax|Ice Punch|p2a: Rillaboom
|-supereffective|p2a: Rillaboom
|-damage|p2a: Rillaboom|0 fnt
|faint|p2a: Rillaboom
|
|-heal|p1a: Snorlax|46/100|[from] Grassy Terrain
|upkeep
|
|t:|1743797950
|switch|p2a: Iron Crown|Iron Crown, tera:Steel|82/100
|turn|13
|
|t:|1743797953
|move|p2a: Iron Crown|Tachyon Cutter|p1a: Snorlax
|-damage|p1a: Snorlax|17/100
|-damage|p1a: Snorlax|0 fnt
|faint|p1a: Snorlax
|-hitcount|p1: Snorlax|2
|
|-heal|p2a: Iron Crown|88/100|[from] Grassy Terrain
|upkeep
|
|t:|1743797958
|switch|p1a: Blastoise|Blastoise, F|100/100
|turn|14
|
|t:|1743797966
|move|p2a: Iron Crown|Tachyon Cutter|p1a: Blastoise
|-resisted|p1a: Blastoise
|-damage|p1a: Blastoise|73/100
|-resisted|p1a: Blastoise
|-damage|p1a: Blastoise|43/100
|-hitcount|p1a: Blastoise|2
|move|p1a: Blastoise|Shell Smash|p1a: Blastoise
|-unboost|p1a: Blastoise|def|1
|-unboost|p1a: Blastoise|spd|1
|-boost|p1a: Blastoise|atk|2
|-boost|p1a: Blastoise|spa|2
|-boost|p1a: Blastoise|spe|2
|-enditem|p1a: Blastoise|White Herb
|-clearnegativeboost|p1a: Blastoise|[silent]
|
|-heal|p1a: Blastoise|49/100|[from] Grassy Terrain
|-heal|p2a: Iron Crown|94/100|[from] Grassy Terrain
|upkeep
|turn|15
|
|t:|1743797972
|move|p1a: Blastoise|Surf|p2a: Iron Crown
|-damage|p2a: Iron Crown|25/100
|move|p2a: Iron Crown|Tachyon Cutter|p1a: Blastoise
|-resisted|p1a: Blastoise
|-damage|p1a: Blastoise|21/100
|-resisted|p1a: Blastoise
|-crit|p1a: Blastoise
|-damage|p1a: Blastoise|0 fnt
|faint|p1a: Blastoise
|-hitcount|p1: Blastoise|2
|
|-heal|p2a: Iron Crown|31/100|[from] Grassy Terrain
|-fieldend|move: Grassy Terrain
|upkeep
|
|t:|1743797975
|switch|p1a: Venusaur|Venusaur, F|29/100
|turn|16
|
|t:|1743797985
|move|p2a: Iron Crown|Tachyon Cutter|p1a: Venusaur
|-damage|p1a: Venusaur|0 fnt
|faint|p1a: Venusaur
|-hitcount|p1: Venusaur|1
|
|win|mops2002
|raw|kj21gameing's rating: 1184 &rarr; <strong>1158</strong><br />(-26 for losing)
|raw|mops2002's rating: 1172 &rarr; <strong>1198</strong><br />(+26 for winning)
|l|☆mops2002
|player|p2|
|l|‽kj21gameing
|player|p1|
