|j|☆cat3039
|j|☆Furiousjulian
|t:|1743859169
|gametype|singles
|player|p1|cat3039|ltsurge|1423
|player|p2|Furiousjulian|blackbelt|1424
|teamsize|p1|6
|teamsize|p2|6
|gen|9
|tier|[Gen 9] OU
|rated|
|rule|HP Percentage Mod: HP is shown in percentages
|rule|Endless Battle Clause: Forcing endless battles is banned
|rule|Species Clause: Limit one of each Pokémon
|rule|OHKO Clause: OHKO moves are banned
|rule|Evasion Items Clause: Evasion items are banned
|rule|Evasion Moves Clause: Evasion moves are banned
|rule|Sleep Moves Clause: Sleep-inducing moves are banned
|clearpoke
|poke|p1|Great Tusk|
|poke|p1|Ninetales, M|
|poke|p1|Whimsicott, M|
|poke|p1|Walking Wake|
|poke|p1|Iron Moth|
|poke|p1|Comfey, M|
|poke|p2|Arcanine-Hisui, M|
|poke|p2|Enamorus, F|
|poke|p2|Latios, M|
|poke|p2|Dondozo, M|
|poke|p2|Scyther, M|
|poke|p2|Magnezone|
|teampreview
|inactive|Battle timer is ON: inactive players will automatically lose when time's up. (requested by cat3039)
|
|t:|1743859199
|start
|switch|p1a: Ninetales|Ninetales, M|100/100
|switch|p2a: Kanine|Arcanine-Hisui, M|100/100
|-weather|SunnyDay|[from] ability: Drought|[of] p1a: Ninetales
|turn|1
|
|t:|1743859215
|switch|p1a: Great Tusk|Great Tusk|100/100
|-activate|p1a: Great Tusk|ability: Protosynthesis
|-start|p1a: Great Tusk|protosynthesisatk
|move|p2a: Kanine|Head Smash|p1a: Great Tusk|[miss]
|-miss|p2a: Kanine|p1a: Great Tusk
|
|-weather|SunnyDay|[upkeep]
|upkeep
|turn|2
|
|t:|1743859225
|switch|p2a: Justiceforwhales|Dondozo, M|100/100
|move|p1a: Great Tusk|Knock Off|p2a: Justiceforwhales
|-damage|p2a: Justiceforwhales|81/100
|-damage|p1a: Great Tusk|84/100|[from] item: Rocky Helmet|[of] p2a: Justiceforwhales
|-enditem|p2a: Justiceforwhales|Rocky Helmet|[from] move: Knock Off|[of] p1a: Great Tusk
|
|-weather|SunnyDay|[upkeep]
|upkeep
|turn|3
|
|t:|1743859239
|-end|p1a: Great Tusk|Protosynthesis|[silent]
|switch|p1a: Whimsicott|Whimsicott, M|100/100
|switch|p2a: Tom Scarling|Scyther, M|100/100
|
|-weather|SunnyDay|[upkeep]
|upkeep
|turn|4
|
|t:|1743859255
|move|p1a: Whimsicott|Moonblast|p2a: Tom Scarling
|-damage|p2a: Tom Scarling|64/100
|move|p2a: Tom Scarling|Dual Wingbeat|p1a: Whimsicott
|-supereffective|p1a: Whimsicott
|-damage|p1a: Whimsicott|32/100
|-supereffective|p1a: Whimsicott
|-damage|p1a: Whimsicott|0 fnt
|faint|p1a: Whimsicott
|-hitcount|p1: Whimsicott|2
|
|-weather|SunnyDay|[upkeep]
|upkeep
|
|t:|1743859270
|switch|p1a: Walking Wake|Walking Wake|100/100
|-activate|p1a: Walking Wake|ability: Protosynthesis
|-start|p1a: Walking Wake|protosynthesisspe
|turn|5
|
|t:|1743859276
|switch|p2a: Dreamwyvern|Latios, M, shiny|100/100
|move|p1a: Walking Wake|Hydro Steam|p2a: Dreamwyvern
|-resisted|p2a: Dreamwyvern
|-damage|p2a: Dreamwyvern|74/100
|
|-weather|SunnyDay|[upkeep]
|upkeep
|turn|6
|
|t:|1743859285
|-end|p1a: Walking Wake|Protosynthesis|[silent]
|switch|p1a: Comfey|Comfey, M|100/100
|move|p2a: Dreamwyvern|Psyshock|p1a: Comfey
|-damage|p1a: Comfey|46/100
|
|-weather|SunnyDay|[upkeep]
|-heal|p1a: Comfey|52/100|[from] item: Leftovers
|upkeep
|turn|7
|
|t:|1743859293
|switch|p2a: Probotector|Magnezone|100/100
|move|p1a: Comfey|Draining Kiss|p2a: Probotector
|-resisted|p2a: Probotector
|-damage|p2a: Probotector|92/100
|-heal|p1a: Comfey|59/100|[from] drain|[of] p2a: Probotector
|
|-weather|SunnyDay|[upkeep]
|-heal|p1a: Comfey|65/100|[from] item: Leftovers
|upkeep
|turn|8
|
|t:|1743859304
|switch|p1a: Great Tusk|Great Tusk|84/100
|-activate|p1a: Great Tusk|ability: Protosynthesis
|-start|p1a: Great Tusk|protosynthesisatk
|move|p2a: Probotector|Flash Cannon|p1a: Great Tusk
|-damage|p1a: Great Tusk|28/100
|
|-weather|none
|-end|p1a: Great Tusk|Protosynthesis
|upkeep
|turn|9
|
|t:|1743859326
|switch|p2a: Tom Scarling|Scyther, M|64/100
|move|p1a: Great Tusk|Ice Spinner|p2a: Tom Scarling
|-supereffective|p2a: Tom Scarling
|-damage|p2a: Tom Scarling|0 fnt
|faint|p2a: Tom Scarling
|
|upkeep
|
|t:|1743859339
|switch|p2a: Dreamwyvern|Latios, M, shiny|74/100
|turn|10
|
|t:|1743859343
|-end|p1a: Great Tusk|Protosynthesis|[silent]
|switch|p1a: Ninetales|Ninetales, M|100/100
|-weather|SunnyDay|[from] ability: Drought|[of] p1a: Ninetales
|move|p2a: Dreamwyvern|Psyshock|p1a: Ninetales
|-damage|p1a: Ninetales|49/100
|
|-weather|SunnyDay|[upkeep]
|upkeep
|turn|11
|inactive|cat3039 has 120 seconds left.
|
|t:|1743859380
|move|p1a: Ninetales|Healing Wish|p1a: Ninetales
|faint|p1a: Ninetales
|move|p2a: Dreamwyvern|Psyshock|p1: Ninetales|[notarget]
|-fail|p2a: Dreamwyvern
|
|-weather|SunnyDay|[upkeep]
|upkeep
|
|t:|1743859386
|switch|p1a: Comfey|Comfey, M|65/100
|-heal|p1a: Comfey|100/100|[from] move: Healing Wish
|turn|12
|inactive|cat3039 has 120 seconds left.
|
|t:|1743859394
|switch|p2a: Probotector|Magnezone|92/100
|move|p1a: Comfey|Growth|p1a: Comfey
|-boost|p1a: Comfey|atk|2
|-boost|p1a: Comfey|spa|2
|
|-weather|SunnyDay|[upkeep]
|upkeep
|turn|13
|
|t:|1743859404
|-terastallize|p1a: Comfey|Fire
|move|p1a: Comfey|Tera Blast|p2a: Probotector|[anim] Tera Blast Fire
|-supereffective|p2a: Probotector
|-damage|p2a: Probotector|0 fnt
|faint|p2a: Probotector
|
|-weather|SunnyDay|[upkeep]
|upkeep
|
|t:|1743859411
|switch|p2a: Kanine|Arcanine-Hisui, M|100/100
|turn|14
|
|t:|1743859427
|move|p1a: Comfey|Stored Power|p2a: Kanine
|-damage|p2a: Kanine|40/100
|move|p2a: Kanine|Head Smash|p1a: Comfey|[miss]
|-miss|p2a: Kanine|p1a: Comfey
|
|-weather|SunnyDay|[upkeep]
|upkeep
|turn|15
|
|t:|1743859443
|switch|p2a: Justiceforwhales|Dondozo, M|81/100
|move|p1a: Comfey|Stored Power|p2a: Justiceforwhales
|-damage|p2a: Justiceforwhales|55/100
|
|-weather|SunnyDay|[upkeep]
|upkeep
|turn|16
|c|☆Furiousjulian|wtgf
|
|t:|1743859457
|move|p1a: Comfey|Growth|p1a: Comfey
|-boost|p1a: Comfey|atk|2
|-boost|p1a: Comfey|spa|2
|move|p2a: Justiceforwhales|Body Press|p1a: Comfey
|-damage|p1a: Comfey|68/100
|
|-weather|SunnyDay|[upkeep]
|-heal|p1a: Comfey|74/100|[from] item: Leftovers
|upkeep
|turn|17
|
|t:|1743859467
|move|p1a: Comfey|Growth|p1a: Comfey
|-boost|p1a: Comfey|atk|2
|-boost|p1a: Comfey|spa|2
|move|p2a: Justiceforwhales|Body Press|p1a: Comfey
|-damage|p1a: Comfey|38/100
|
|-weather|none
|-heal|p1a: Comfey|44/100|[from] item: Leftovers
|upkeep
|turn|18
|
|t:|1743859475
|move|p1a: Comfey|Draining Kiss|p2a: Justiceforwhales
|-damage|p2a: Justiceforwhales|34/100
|-heal|p1a: Comfey|70/100|[from] drain|[of] p2a: Justiceforwhales
|move|p2a: Justiceforwhales|Body Press|p1a: Comfey
|-damage|p1a: Comfey|34/100
|
|-heal|p1a: Comfey|40/100|[from] item: Leftovers
|upkeep
|turn|19
|
|t:|1743859483
|move|p1a: Comfey|Stored Power|p2a: Justiceforwhales
|-damage|p2a: Justiceforwhales|0 fnt
|faint|p2a: Justiceforwhales
|
|-heal|p1a: Comfey|46/100|[from] item: Leftovers
|upkeep
|
|t:|1743859492
|switch|p2a: Kanine|Arcanine-Hisui, M|40/100
|turn|20
|
|t:|1743859507
|-terastallize|p2a: Kanine|Normal
|move|p1a: Comfey|Draining Kiss|p2a: Kanine
|-damage|p2a: Kanine|0 fnt
|-heal|p1a: Comfey|85/100|[from] drain|[of] p2a: Kanine
|faint|p2a: Kanine
|
|-heal|p1a: Comfey|91/100|[from] item: Leftovers
|upkeep
|-message|Furiousjulian forfeited.
|
|win|cat3039
|raw|cat3039's rating: 1423 &rarr; <strong>1443</strong><br />(+20 for winning)
|raw|Furiousjulian's rating: 1424 &rarr; <strong>1404</strong><br />(-20 for losing)
|l|☆Furiousjulian
|player|p2|
