|j|☆drifter1798?
|j|‽thesaxman71200
|t:|1743808229
|gametype|singles
|player|p1|drifter1798?|102|1443
|player|p2|thesaxman71200|skyla|1493
|teamsize|p1|6
|teamsize|p2|6
|gen|9
|tier|[Gen 9] OU
|rated|
|rule|HP Percentage Mod: HP is shown in percentages
|rule|Endless Battle Clause: Forcing endless battles is banned
|rule|Species Clause: Limit one of each Pokémon
|rule|OHKO Clause: OHKO moves are banned
|rule|Evasion Items Clause: Evasion items are banned
|rule|Evasion Moves Clause: Evasion moves are banned
|rule|Sleep Moves Clause: Sleep-inducing moves are banned
|clearpoke
|poke|p1|Arcanine-Hisui, F|
|poke|p1|Corviknight, M|
|poke|p1|Alomomola, F|
|poke|p1|Iron Valiant|
|poke|p1|Quaquaval, M|
|poke|p1|Articuno-Galar|
|poke|p2|Comfey, M|
|poke|p2|Whimsicott, M|
|poke|p2|Iron Moth|
|poke|p2|Walking Wake|
|poke|p2|Great Tusk|
|poke|p2|Ninetales, M|
|teampreview
|inactive|Battle timer is ON: inactive players will automatically lose when time's up. (requested by thesaxman71200)
|
|t:|1743808238
|start
|switch|p1a: Arcanine|Arcanine-Hisui, F|100/100
|switch|p2a: Ninetales|Ninetales, M|100/100
|-weather|SunnyDay|[from] ability: Drought|[of] p2a: Ninetales
|turn|1
|
|t:|1743808248
|switch|p2a: Great Tusk|Great Tusk|100/100
|-activate|p2a: Great Tusk|ability: Protosynthesis
|-start|p2a: Great Tusk|protosynthesisspe
|move|p1a: Arcanine|Head Smash|p2a: Great Tusk
|-resisted|p2a: Great Tusk
|-damage|p2a: Great Tusk|85/100
|-damage|p1a: Arcanine|84/100|[from] item: Rocky Helmet|[of] p2a: Great Tusk
|-damage|p1a: Arcanine|74/100|[from] item: Life Orb
|
|-weather|SunnyDay|[upkeep]
|upkeep
|turn|2
|
|t:|1743808259
|move|p2a: Great Tusk|Stealth Rock|p1a: Arcanine
|-sidestart|p1: drifter1798?|move: Stealth Rock
|move|p1a: Arcanine|Flare Blitz|p2a: Great Tusk
|-damage|p2a: Great Tusk|11/100
|-damage|p1a: Arcanine|57/100|[from] item: Rocky Helmet|[of] p2a: Great Tusk
|-damage|p1a: Arcanine|48/100|[from] item: Life Orb
|
|-weather|SunnyDay|[upkeep]
|upkeep
|turn|3
|
|t:|1743808268
|move|p2a: Great Tusk|Headlong Rush|p1a: Arcanine
|-supereffective|p1a: Arcanine
|-damage|p1a: Arcanine|0 fnt
|-unboost|p2a: Great Tusk|def|1
|-unboost|p2a: Great Tusk|spd|1
|faint|p1a: Arcanine
|
|-weather|SunnyDay|[upkeep]
|upkeep
|
|t:|1743808275
|switch|p1a: Quaquaval|Quaquaval, M|100/100
|-damage|p1a: Quaquaval|94/100|[from] Stealth Rock
|turn|4
|
|t:|1743808282
|-end|p2a: Great Tusk|Protosynthesis|[silent]
|switch|p2a: Whimsicott|Whimsicott, M|100/100
|move|p1a: Quaquaval|Aqua Step|p2a: Whimsicott
|-resisted|p2a: Whimsicott
|-damage|p2a: Whimsicott|86/100
|-boost|p1a: Quaquaval|spe|1
|
|-weather|SunnyDay|[upkeep]
|upkeep
|turn|5
|
|t:|1743808292
|move|p2a: Whimsicott|Growth|p2a: Whimsicott
|-boost|p2a: Whimsicott|atk|2
|-boost|p2a: Whimsicott|spa|2
|move|p1a: Quaquaval|Ice Spinner|p2a: Whimsicott
|-supereffective|p2a: Whimsicott
|-damage|p2a: Whimsicott|8/100
|
|-weather|SunnyDay|[upkeep]
|upkeep
|turn|6
|
|t:|1743808306
|switch|p1a: Corviknight|Corviknight, M|100/100
|-damage|p1a: Corviknight|88/100|[from] Stealth Rock
|-ability|p1a: Corviknight|Pressure
|move|p2a: Whimsicott|Giga Drain|p1a: Corviknight
|-resisted|p1a: Corviknight
|-damage|p1a: Corviknight|68/100
|-heal|p2a: Whimsicott|20/100|[from] drain|[of] p1a: Corviknight
|-damage|p2a: Whimsicott|11/100|[from] item: Life Orb
|
|-weather|SunnyDay|[upkeep]
|-heal|p1a: Corviknight|75/100|[from] item: Leftovers
|upkeep
|turn|7
|
|t:|1743808318
|move|p2a: Whimsicott|Shadow Ball|p1a: Corviknight
|-damage|p1a: Corviknight|19/100
|-unboost|p1a: Corviknight|spd|1
|-damage|p2a: Whimsicott|1/100|[from] item: Life Orb
|move|p1a: Corviknight|U-turn|p2a: Whimsicott
|-damage|p2a: Whimsicott|0 fnt
|faint|p2a: Whimsicott
|
|t:|1743808329
|switch|p1a: Iron Valiant|Iron Valiant|100/100|[from] U-turn
|-damage|p1a: Iron Valiant|94/100|[from] Stealth Rock
|-enditem|p1a: Iron Valiant|Booster Energy
|-activate|p1a: Iron Valiant|ability: Quark Drive|[fromitem]
|-start|p1a: Iron Valiant|quarkdriveatk
|
|-weather|SunnyDay|[upkeep]
|upkeep
|
|t:|1743808343
|switch|p2a: Great Tusk|Great Tusk|11/100
|-activate|p2a: Great Tusk|ability: Protosynthesis
|-start|p2a: Great Tusk|protosynthesisspe
|turn|8
|
|t:|1743808350
|move|p2a: Great Tusk|Headlong Rush|p1a: Iron Valiant
|-damage|p1a: Iron Valiant|26/100
|-unboost|p2a: Great Tusk|def|1
|-unboost|p2a: Great Tusk|spd|1
|move|p1a: Iron Valiant|Knock Off|p2a: Great Tusk
|-resisted|p2a: Great Tusk
|-damage|p2a: Great Tusk|0 fnt
|-damage|p1a: Iron Valiant|9/100|[from] item: Rocky Helmet|[of] p2a: Great Tusk
|-enditem|p2a: Great Tusk|Rocky Helmet|[from] move: Knock Off|[of] p1a: Iron Valiant
|faint|p2a: Great Tusk
|-end|p2a: Great Tusk|Protosynthesis|[silent]
|
|-weather|none
|upkeep
|
|t:|1743808366
|switch|p2a: Ninetales|Ninetales, M|100/100
|-weather|SunnyDay|[from] ability: Drought|[of] p2a: Ninetales
|turn|9
|
|t:|1743808378
|move|p1a: Iron Valiant|Destiny Bond|p1a: Iron Valiant
|-singlemove|p1a: Iron Valiant|Destiny Bond
|move|p2a: Ninetales|Will-O-Wisp|p1a: Iron Valiant
|-status|p1a: Iron Valiant|brn
|
|-weather|SunnyDay|[upkeep]
|-damage|p1a: Iron Valiant|3/100 brn|[from] brn
|upkeep
|turn|10
|
|t:|1743808385
|move|p1a: Iron Valiant|Knock Off|p2a: Ninetales
|-damage|p2a: Ninetales|71/100
|-enditem|p2a: Ninetales|Heat Rock|[from] move: Knock Off|[of] p1a: Iron Valiant
|move|p2a: Ninetales|Encore|p1a: Iron Valiant
|-start|p1a: Iron Valiant|Encore
|
|-weather|SunnyDay|[upkeep]
|-damage|p1a: Iron Valiant|0 fnt|[from] brn
|faint|p1a: Iron Valiant
|-end|p1a: Iron Valiant|Quark Drive|[silent]
|upkeep
|
|t:|1743808396
|switch|p1a: Alomomola|Alomomola, F|100/100
|-damage|p1a: Alomomola|88/100|[from] Stealth Rock
|turn|11
|
|t:|1743808402
|move|p2a: Ninetales|Healing Wish|p2a: Ninetales
|faint|p2a: Ninetales
|move|p1a: Alomomola|Mirror Coat|p2: Ninetales|[notarget]
|-fail|p1a: Alomomola
|
|-weather|SunnyDay|[upkeep]
|upkeep
|
|t:|1743808407
|switch|p2a: Comfey|Comfey, M|100/100
|turn|12
|
|t:|1743808412
|move|p2a: Comfey|Growth|p2a: Comfey
|-boost|p2a: Comfey|atk|2
|-boost|p2a: Comfey|spa|2
|move|p1a: Alomomola|Flip Turn|p2a: Comfey
|-damage|p2a: Comfey|91/100
|
|t:|1743808418
|switch|p1a: Corviknight|Corviknight, M|19/100|[from] Flip Turn
|-damage|p1a: Corviknight|7/100|[from] Stealth Rock
|-ability|p1a: Corviknight|Pressure
|
|-weather|SunnyDay|[upkeep]
|-heal|p1a: Corviknight|13/100|[from] item: Leftovers
|upkeep
|turn|13
|
|t:|1743808427
|move|p2a: Comfey|Draining Kiss|p1a: Corviknight
|-resisted|p1a: Corviknight
|-damage|p1a: Corviknight|0 fnt
|-heal|p2a: Comfey|100/100|[from] drain|[of] p1a: Corviknight
|faint|p1a: Corviknight
|-damage|p2a: Comfey|91/100|[from] item: Life Orb
|
|-weather|SunnyDay|[upkeep]
|upkeep
|
|t:|1743808435
|switch|p1a: Alomomola|Alomomola, F|100/100
|-damage|p1a: Alomomola|88/100|[from] Stealth Rock
|turn|14
|
|t:|1743808441
|move|p2a: Comfey|Growth|p2a: Comfey
|-boost|p2a: Comfey|atk|2
|-boost|p2a: Comfey|spa|2
|move|p1a: Alomomola|Flip Turn|p2a: Comfey
|-damage|p2a: Comfey|80/100
|
|t:|1743808446
|switch|p1a: Articuno|Articuno-Galar|100/100|[from] Flip Turn
|-damage|p1a: Articuno|76/100|[from] Stealth Rock
|
|-weather|SunnyDay|[upkeep]
|-heal|p1a: Articuno|82/100|[from] item: Leftovers
|upkeep
|turn|15
|
|t:|1743808454
|move|p2a: Comfey|Draining Kiss|p1a: Articuno
|-damage|p1a: Articuno|6/100
|-heal|p2a: Comfey|100/100|[from] drain|[of] p1a: Articuno
|-damage|p2a: Comfey|91/100|[from] item: Life Orb
|move|p1a: Articuno|Calm Mind|p1a: Articuno
|-boost|p1a: Articuno|spa|1
|-boost|p1a: Articuno|spd|1
|
|-weather|SunnyDay|[upkeep]
|-heal|p1a: Articuno|12/100|[from] item: Leftovers
|upkeep
|turn|16
|
|t:|1743808464
|move|p2a: Comfey|Draining Kiss|p1a: Articuno
|-damage|p1a: Articuno|0 fnt
|-heal|p2a: Comfey|100/100|[from] drain|[of] p1a: Articuno
|faint|p1a: Articuno
|-damage|p2a: Comfey|91/100|[from] item: Life Orb
|
|-weather|none
|upkeep
|-message|drifter1798? forfeited.
|
|win|thesaxman71200
|raw|drifter1798?'s rating: 1443 &rarr; <strong>1426</strong><br />(-17 for losing)
|raw|thesaxman71200's rating: 1493 &rarr; <strong>1510</strong><br />(+17 for winning)
|l|☆drifter1798?
|player|p1|
|l|‽thesaxman71200
|player|p2|
