|j|☆Quintesshou
|j|☆domtomrom
|t:|1743883819
|gametype|singles
|player|p1|Quintesshou|clerkf|1160
|player|p2|domtomrom|266|1242
|teamsize|p1|6
|teamsize|p2|6
|gen|9
|tier|[Gen 9] OU
|rated|
|rule|HP Percentage Mod: HP is shown in percentages
|rule|Endless Battle Clause: Forcing endless battles is banned
|rule|Species Clause: Limit one of each Pokémon
|rule|OHKO Clause: OHKO moves are banned
|rule|Evasion Items Clause: Evasion items are banned
|rule|Evasion Moves Clause: Evasion moves are banned
|rule|Sleep Moves Clause: Sleep-inducing moves are banned
|clearpoke
|poke|p1|Hatterene, F|
|poke|p1|Alcremie-Ruby-Cream, F|
|poke|p1|Clefable, F|
|poke|p1|Blissey, F|
|poke|p1|Sylveon, F|
|poke|p1|Slowbro-Galar, F|
|poke|p2|Oricorio-Pom-Pom, F|
|poke|p2|Gliscor, F|
|poke|p2|Corviknight, M|
|poke|p2|Crawdaunt, F|
|poke|p2|Lokix, F|
|poke|p2|Pecharunt|
|teampreview
|inactive|Battle timer is ON: inactive players will automatically lose when time's up. (requested by Quintesshou)
|inactive|domtomrom has 120 seconds left.
|inactive|domtomrom has 90 seconds left.
|
|t:|1743883903
|start
|switch|p1a: ToxiCutie|Slowbro-Galar, F|100/100
|switch|p2a: Gliscor|Gliscor, F|100/100
|turn|1
|c|☆domtomrom|Hype pink team
|c|☆Quintesshou|yaass
|
|t:|1743883922
|move|p2a: Gliscor|Spikes|p1a: ToxiCutie
|-sidestart|p1: Quintesshou|Spikes
|move|p1a: ToxiCutie|Ice Beam|p2a: Gliscor
|-supereffective|p2a: Gliscor
|-damage|p2a: Gliscor|30/100
|
|-status|p2a: Gliscor|tox|[from] item: Toxic Orb
|upkeep
|turn|2
|
|t:|1743883932
|move|p2a: Gliscor|Protect|p2a: Gliscor
|-singleturn|p2a: Gliscor|Protect
|move|p1a: ToxiCutie|Shadow Ball|p2a: Gliscor
|-activate|p2a: Gliscor|move: Protect
|
|-heal|p2a: Gliscor|43/100 tox|[from] ability: Poison Heal
|upkeep
|turn|3
|
|t:|1743883950
|switch|p2a: Corviknight|Corviknight, M|100/100
|-ability|p2a: Corviknight|Pressure
|move|p1a: ToxiCutie|Ice Beam|p2a: Corviknight
|-damage|p2a: Corviknight|81/100
|
|-heal|p2a: Corviknight|87/100|[from] item: Leftovers
|upkeep
|turn|4
|inactive|Quintesshou has 120 seconds left.
|
|t:|1743883987
|switch|p1a: HexClair|Hatterene, F, shiny|100/100
|-damage|p1a: HexClair|88/100|[from] Spikes
|move|p2a: Corviknight|Brave Bird|p1a: HexClair
|-damage|p1a: HexClair|48/100
|-damage|p2a: Corviknight|77/100|[from] Recoil
|
|-heal|p2a: Corviknight|83/100|[from] item: Leftovers
|-heal|p1a: HexClair|54/100|[from] item: Leftovers
|upkeep
|turn|5
|inactive|Quintesshou has 120 seconds left.
|
|t:|1743883999
|move|p2a: Corviknight|U-turn|p1a: HexClair
|-damage|p1a: HexClair|39/100
|
|t:|1743884010
|switch|p2a: Pecharunt|Pecharunt|100/100|[from] U-turn
|move|p1a: HexClair|Nuzzle|p2a: Pecharunt
|-damage|p2a: Pecharunt|98/100
|-status|p2a: Pecharunt|par
|
|-heal|p1a: HexClair|45/100|[from] item: Leftovers
|upkeep
|turn|6
|inactive|Quintesshou has 120 seconds left.
|
|t:|1743884022
|move|p2a: Pecharunt|Malignant Chain|p1a: HexClair
|-supereffective|p1a: HexClair
|-damage|p1a: HexClair|0 fnt
|faint|p1a: HexClair
|
|upkeep
|inactive|Quintesshou has 120 seconds left.
|
|t:|1743884030
|switch|p1a: ToxiCutie|Slowbro-Galar, F|100/100
|-damage|p1a: ToxiCutie|88/100|[from] Spikes
|turn|7
|
|t:|1743884040
|move|p2a: Pecharunt|Parting Shot|p1a: ToxiCutie
|-unboost|p1a: ToxiCutie|atk|1
|-unboost|p1a: ToxiCutie|spa|1
|
|t:|1743884044
|switch|p2a: Lokix|Lokix, F|100/100|[from] Parting Shot
|move|p1a: ToxiCutie|Psychic|p2a: Lokix
|-immune|p2a: Lokix
|
|upkeep
|turn|8
|
|t:|1743884054
|-terastallize|p2a: Lokix|Bug
|move|p2a: Lokix|First Impression|p1a: ToxiCutie
|-damage|p1a: ToxiCutie|33/100
|move|p1a: ToxiCutie|Ice Beam|p2a: Lokix
|-damage|p2a: Lokix|74/100
|
|upkeep
|turn|9
|
|t:|1743884065
|switch|p2a: Gliscor|Gliscor, F|43/100 tox
|switch|p1a: Serenitank|Blissey, F|100/100
|
|-heal|p2a: Gliscor|55/100 tox|[from] ability: Poison Heal
|upkeep
|turn|10
|
|t:|1743884075
|move|p2a: Gliscor|Toxic|p1a: Serenitank
|-status|p1a: Serenitank|tox
|move|p1a: Serenitank|Seismic Toss|p2a: Gliscor
|-damage|p2a: Gliscor|27/100 tox
|
|-heal|p2a: Gliscor|39/100 tox|[from] ability: Poison Heal
|-damage|p1a: Serenitank|94/100 tox|[from] psn
|upkeep
|turn|11
|
|t:|1743884084
|move|p2a: Gliscor|Spikes|p1a: Serenitank
|-sidestart|p1: Quintesshou|Spikes
|move|p1a: Serenitank|Seismic Toss|p2a: Gliscor
|-damage|p2a: Gliscor|11/100 tox
|
|-heal|p2a: Gliscor|23/100 tox|[from] ability: Poison Heal
|-damage|p1a: Serenitank|82/100 tox|[from] psn
|upkeep
|turn|12
|
|t:|1743884092
|move|p2a: Gliscor|Protect|p2a: Gliscor
|-singleturn|p2a: Gliscor|Protect
|move|p1a: Serenitank|Seismic Toss|p2a: Gliscor
|-activate|p2a: Gliscor|move: Protect
|
|-heal|p2a: Gliscor|36/100 tox|[from] ability: Poison Heal
|-damage|p1a: Serenitank|64/100 tox|[from] psn
|upkeep
|turn|13
|
|t:|1743884101
|move|p2a: Gliscor|Spikes|p1a: Serenitank
|-sidestart|p1: Quintesshou|Spikes
|move|p1a: Serenitank|Heal Bell|p1a: Serenitank
|-activate|p1a: Serenitank|move: Heal Bell
|-curestatus|p1a: Serenitank|tox|[msg]
|
|-heal|p2a: Gliscor|48/100 tox|[from] ability: Poison Heal
|upkeep
|turn|14
|
|t:|1743884109
|move|p2a: Gliscor|Earthquake|p1a: Serenitank
|-damage|p1a: Serenitank|36/100
|move|p1a: Serenitank|Seismic Toss|p2a: Gliscor
|-damage|p2a: Gliscor|20/100 tox
|
|-heal|p2a: Gliscor|32/100 tox|[from] ability: Poison Heal
|upkeep
|turn|15
|
|t:|1743884118
|move|p2a: Gliscor|Earthquake|p1a: Serenitank
|-damage|p1a: Serenitank|9/100
|move|p1a: Serenitank|Soft-Boiled|p1a: Serenitank
|-heal|p1a: Serenitank|59/100
|
|-heal|p2a: Gliscor|45/100 tox|[from] ability: Poison Heal
|upkeep
|turn|16
|
|t:|1743884130
|switch|p2a: Lokix|Lokix, F, tera:Bug|74/100
|move|p1a: Serenitank|Soft-Boiled|p1a: Serenitank
|-heal|p1a: Serenitank|100/100
|
|upkeep
|turn|17
|
|t:|1743884141
|move|p2a: Lokix|Leech Life|p1a: Serenitank
|-damage|p1a: Serenitank|34/100
|-heal|p2a: Lokix|100/100|[from] drain|[of] p1a: Serenitank
|move|p1a: Serenitank|Thunder Wave|p2a: Lokix|[miss]
|-miss|p1a: Serenitank|p2a: Lokix
|
|upkeep
|turn|18
|
|t:|1743884151
|move|p2a: Lokix|Leech Life|p1a: Serenitank
|-damage|p1a: Serenitank|0 fnt
|faint|p1a: Serenitank
|
|upkeep
|
|t:|1743884163
|switch|p1a: VoxiePop|Sylveon, F|100/100
|-damage|p1a: VoxiePop|76/100|[from] Spikes
|turn|19
|
|t:|1743884172
|switch|p2a: Corviknight|Corviknight, M|83/100
|-ability|p2a: Corviknight|Pressure
|-terastallize|p1a: VoxiePop|Fairy
|move|p1a: VoxiePop|Hyper Voice|p2a: Corviknight
|-resisted|p2a: Corviknight
|-damage|p2a: Corviknight|33/100
|
|-heal|p2a: Corviknight|39/100|[from] item: Leftovers
|upkeep
|turn|20
|
|t:|1743884190
|move|p2a: Corviknight|Roost|p2a: Corviknight
|-heal|p2a: Corviknight|89/100
|-singleturn|p2a: Corviknight|move: Roost
|move|p1a: VoxiePop|Hyper Voice|p2a: Corviknight
|-resisted|p2a: Corviknight
|-damage|p2a: Corviknight|39/100
|
|-heal|p2a: Corviknight|45/100|[from] item: Leftovers
|upkeep
|turn|21
|
|t:|1743884199
|move|p2a: Corviknight|Roost|p2a: Corviknight
|-heal|p2a: Corviknight|95/100
|-singleturn|p2a: Corviknight|move: Roost
|move|p1a: VoxiePop|Hyper Voice|p2a: Corviknight
|-resisted|p2a: Corviknight
|-damage|p2a: Corviknight|39/100
|
|-heal|p2a: Corviknight|45/100|[from] item: Leftovers
|upkeep
|turn|22
|
|t:|1743884207
|move|p2a: Corviknight|Roost|p2a: Corviknight
|-heal|p2a: Corviknight|95/100
|-singleturn|p2a: Corviknight|move: Roost
|move|p1a: VoxiePop|Hyper Voice|p2a: Corviknight
|-resisted|p2a: Corviknight
|-damage|p2a: Corviknight|43/100
|
|-heal|p2a: Corviknight|49/100|[from] item: Leftovers
|upkeep
|turn|23
|
|t:|1743884223
|move|p2a: Corviknight|Roost|p2a: Corviknight
|-heal|p2a: Corviknight|99/100
|-singleturn|p2a: Corviknight|move: Roost
|move|p1a: VoxiePop|Hyper Voice|p2a: Corviknight
|-resisted|p2a: Corviknight
|-damage|p2a: Corviknight|46/100
|
|-heal|p2a: Corviknight|52/100|[from] item: Leftovers
|upkeep
|turn|24
|
|t:|1743884232
|move|p2a: Corviknight|Roost|p2a: Corviknight
|-heal|p2a: Corviknight|100/100
|-singleturn|p2a: Corviknight|move: Roost
|move|p1a: VoxiePop|Hyper Voice|p2a: Corviknight
|-resisted|p2a: Corviknight
|-damage|p2a: Corviknight|45/100
|
|-heal|p2a: Corviknight|51/100|[from] item: Leftovers
|upkeep
|turn|25
|
|t:|1743884242
|move|p2a: Corviknight|Roost|p2a: Corviknight
|-heal|p2a: Corviknight|100/100
|-singleturn|p2a: Corviknight|move: Roost
|move|p1a: VoxiePop|Hyper Voice|p2a: Corviknight
|-resisted|p2a: Corviknight
|-damage|p2a: Corviknight|51/100
|
|-heal|p2a: Corviknight|57/100|[from] item: Leftovers
|upkeep
|turn|26
|inactive|domtomrom has 120 seconds left.
|
|t:|1743884273
|switch|p1a: Moonique|Clefable, F|100/100
|move|p2a: Corviknight|U-turn|p1a: Moonique
|-resisted|p1a: Moonique
|-damage|p1a: Moonique|94/100
|inactive|domtomrom has 120 seconds left.
|
|t:|1743884293
|switch|p2a: Pecharunt|Pecharunt|98/100 par|[from] U-turn
|
|-heal|p1a: Moonique|100/100|[from] item: Leftovers
|upkeep
|turn|27
|
|t:|1743884303
|move|p1a: Moonique|Calm Mind|p1a: Moonique
|-boost|p1a: Moonique|spa|1
|-boost|p1a: Moonique|spd|1
|move|p2a: Pecharunt|Parting Shot|p1a: Moonique
|-unboost|p1a: Moonique|atk|1
|-unboost|p1a: Moonique|spa|1
|
|t:|1743884313
|switch|p2a: Crawdaunt|Crawdaunt, F, shiny|100/100|[from] Parting Shot
|
|upkeep
|turn|28
|
|t:|1743884319
|move|p1a: Moonique|Moonblast|p2a: Crawdaunt
|-supereffective|p2a: Crawdaunt
|-damage|p2a: Crawdaunt|36/100
|move|p2a: Crawdaunt|Liquidation|p1a: Moonique
|-damage|p1a: Moonique|60/100
|
|-heal|p1a: Moonique|66/100|[from] item: Leftovers
|upkeep
|turn|29
|inactive|domtomrom has 120 seconds left.
|
|t:|1743884327
|move|p2a: Crawdaunt|Aqua Jet|p1a: Moonique
|-crit|p1a: Moonique
|-damage|p1a: Moonique|41/100
|move|p1a: Moonique|Moonblast|p2a: Crawdaunt
|-supereffective|p2a: Crawdaunt
|-damage|p2a: Crawdaunt|0 fnt
|faint|p2a: Crawdaunt
|
|-heal|p1a: Moonique|47/100|[from] item: Leftovers
|upkeep
|inactive|domtomrom has 120 seconds left.
|
|t:|1743884332
|switch|p2a: Lokix|Lokix, F, tera:Bug|100/100
|turn|30
|
|t:|1743884338
|move|p2a: Lokix|Leech Life|p1a: Moonique
|-resisted|p1a: Moonique
|-damage|p1a: Moonique|0 fnt
|faint|p1a: Moonique
|
|upkeep
|
|t:|1743884345
|switch|p1a: SweeterThanU|Alcremie-Ruby-Cream, F|100/100
|-damage|p1a: SweeterThanU|76/100|[from] Spikes
|turn|31
|
|t:|1743884353
|move|p2a: Lokix|Leech Life|p1a: SweeterThanU
|-resisted|p1a: SweeterThanU
|-crit|p1a: SweeterThanU
|-damage|p1a: SweeterThanU|0 fnt
|faint|p1a: SweeterThanU
|
|upkeep
|
|t:|1743884361
|switch|p1a: VoxiePop|Sylveon, F, tera:Fairy|76/100
|-damage|p1a: VoxiePop|51/100|[from] Spikes
|turn|32
|
|t:|1743884370
|switch|p2a: Corviknight|Corviknight, M|57/100
|-ability|p2a: Corviknight|Pressure
|move|p1a: VoxiePop|Draining Kiss|p2a: Corviknight
|-resisted|p2a: Corviknight
|-damage|p2a: Corviknight|28/100
|-heal|p1a: VoxiePop|73/100|[from] drain|[of] p2a: Corviknight
|
|-heal|p2a: Corviknight|34/100|[from] item: Leftovers
|upkeep
|turn|33
|
|t:|1743884380
|move|p2a: Corviknight|Roost|p2a: Corviknight
|-heal|p2a: Corviknight|84/100
|-singleturn|p2a: Corviknight|move: Roost
|move|p1a: VoxiePop|Draining Kiss|p2a: Corviknight
|-resisted|p2a: Corviknight
|-damage|p2a: Corviknight|52/100
|-heal|p1a: VoxiePop|97/100|[from] drain|[of] p2a: Corviknight
|
|-heal|p2a: Corviknight|58/100|[from] item: Leftovers
|upkeep
|turn|34
|
|t:|1743884392
|move|p2a: Corviknight|U-turn|p1a: VoxiePop
|-resisted|p1a: VoxiePop
|-damage|p1a: VoxiePop|89/100
|
|t:|1743884396
|switch|p2a: Pecharunt|Pecharunt|98/100 par|[from] U-turn
|move|p1a: VoxiePop|Draining Kiss|p2a: Pecharunt
|-resisted|p2a: Pecharunt
|-damage|p2a: Pecharunt|65/100 par
|-heal|p1a: VoxiePop|100/100|[from] drain|[of] p2a: Pecharunt
|
|upkeep
|turn|35
|
|t:|1743884404
|move|p1a: VoxiePop|Draining Kiss|p2a: Pecharunt
|-resisted|p2a: Pecharunt
|-damage|p2a: Pecharunt|35/100 par
|move|p2a: Pecharunt|Malignant Chain|p1a: VoxiePop
|-supereffective|p1a: VoxiePop
|-damage|p1a: VoxiePop|58/100
|
|upkeep
|turn|36
|
|t:|1743884413
|move|p1a: VoxiePop|Draining Kiss|p2a: Pecharunt
|-resisted|p2a: Pecharunt
|-damage|p2a: Pecharunt|3/100 par
|-heal|p1a: VoxiePop|81/100|[from] drain|[of] p2a: Pecharunt
|move|p2a: Pecharunt|Parting Shot|p1a: VoxiePop
|-unboost|p1a: VoxiePop|atk|1
|-unboost|p1a: VoxiePop|spa|1
|
|t:|1743884422
|switch|p2a: Oricorio|Oricorio-Pom-Pom, F, shiny|100/100|[from] Parting Shot
|
|upkeep
|turn|37
|
|t:|1743884429
|move|p2a: Oricorio|Quiver Dance|p2a: Oricorio
|-boost|p2a: Oricorio|spa|1
|-boost|p2a: Oricorio|spd|1
|-boost|p2a: Oricorio|spe|1
|move|p1a: VoxiePop|Draining Kiss|p2a: Oricorio
|-damage|p2a: Oricorio|57/100
|-heal|p1a: VoxiePop|100/100|[from] drain|[of] p2a: Oricorio
|
|upkeep
|turn|38
|
|t:|1743884437
|move|p2a: Oricorio|Revelation Dance|p1a: VoxiePop
|-damage|p1a: VoxiePop|54/100
|move|p1a: VoxiePop|Draining Kiss|p2a: Oricorio
|-damage|p2a: Oricorio|16/100
|-heal|p1a: VoxiePop|77/100|[from] drain|[of] p2a: Oricorio
|
|upkeep
|turn|39
|
|t:|1743884447
|move|p2a: Oricorio|Revelation Dance|p1a: VoxiePop
|-damage|p1a: VoxiePop|31/100
|move|p1a: VoxiePop|Draining Kiss|p2a: Oricorio
|-damage|p2a: Oricorio|0 fnt
|-heal|p1a: VoxiePop|40/100|[from] drain|[of] p2a: Oricorio
|faint|p2a: Oricorio
|
|upkeep
|
|t:|1743884456
|switch|p2a: Lokix|Lokix, F, tera:Bug|100/100
|turn|40
|
|t:|1743884462
|move|p2a: Lokix|Leech Life|p1a: VoxiePop
|-resisted|p1a: VoxiePop
|-damage|p1a: VoxiePop|0 fnt
|faint|p1a: VoxiePop
|
|upkeep
|
|t:|1743884467
|switch|p1a: ToxiCutie|Slowbro-Galar, F|66/100
|-damage|p1a: ToxiCutie|42/100|[from] Spikes
|turn|41
|
|t:|1743884472
|move|p2a: Lokix|Leech Life|p1a: ToxiCutie
|-damage|p1a: ToxiCutie|0 fnt
|faint|p1a: ToxiCutie
|
|win|domtomrom
|raw|Quintesshou's rating: 1160 &rarr; <strong>1141</strong><br />(-19 for losing)
|raw|domtomrom's rating: 1242 &rarr; <strong>1261</strong><br />(+19 for winning)
|l|☆Quintesshou
|player|p1|
|c|☆domtomrom|Gg cute team!
|l|☆domtomrom
|player|p2|
