|j|☆tdd20070515兹伏奇大吾
|j|☆team10thPlanet
|t:|1743821640
|gametype|singles
|player|p1|tdd20070515兹伏奇大吾|steven-masters2|1493
|player|p2|team10thPlanet|alder|1578
|teamsize|p1|6
|teamsize|p2|6
|gen|9
|tier|[Gen 9] OU
|rated|
|rule|HP Percentage Mod: HP is shown in percentages
|rule|Endless Battle Clause: Forcing endless battles is banned
|rule|Species Clause: Limit one of each Pokémon
|rule|OHKO Clause: OHKO moves are banned
|rule|Evasion Items Clause: Evasion items are banned
|rule|Evasion Moves Clause: Evasion moves are banned
|rule|Sleep Moves Clause: Sleep-inducing moves are banned
|clearpoke
|poke|p1|Great Tusk|
|poke|p1|Alomomola, M|
|poke|p1|Hydreigon, F|
|poke|p1|Metagross|
|poke|p1|Sinistcha-Masterpiece|
|poke|p1|Zamazenta-*|
|poke|p2|Dragonite, M|
|poke|p2|Zamazenta-*|
|poke|p2|Araquanid, M|
|poke|p2|Zapdos|
|poke|p2|Iron Treads|
|poke|p2|Ogerpon-Wellspring, F|
|teampreview
|
|t:|1743821672
|start
|switch|p1a: 灭世魔龙|Hydreigon, F|100/100
|switch|p2a: Iron Treads|Iron Treads|100/100
|-enditem|p2a: Iron Treads|Booster Energy
|-activate|p2a: Iron Treads|ability: Quark Drive|[fromitem]
|-start|p2a: Iron Treads|quarkdrivespe
|turn|1
|
|t:|1743821683
|move|p2a: Iron Treads|Stealth Rock|p1a: 灭世魔龙
|-sidestart|p1: tdd20070515兹伏奇大吾|move: Stealth Rock
|move|p1a: 灭世魔龙|Fire Blast|p2a: Iron Treads
|-supereffective|p2a: Iron Treads
|-damage|p2a: Iron Treads|0 fnt
|faint|p2a: Iron Treads
|-end|p2a: Iron Treads|Quark Drive|[silent]
|
|upkeep
|
|t:|1743821698
|switch|p2a: Zapdos|Zapdos|100/100
|turn|2
|
|t:|1743821704
|-terastallize|p2a: Zapdos|Fairy
|move|p2a: Zapdos|Tera Blast|p1a: 灭世魔龙|[anim] Tera Blast Fairy
|-supereffective|p1a: 灭世魔龙
|-damage|p1a: 灭世魔龙|2/100
|move|p1a: 灭世魔龙|Draco Meteor|p2a: Zapdos
|-immune|p2a: Zapdos
|
|upkeep
|turn|3
|
|t:|1743821715
|switch|p1a: 最后我第一，又强又厉害|Metagross|100/100
|-damage|p1a: 最后我第一，又强又厉害|94/100|[from] Stealth Rock
|move|p2a: Zapdos|Tera Blast|p1a: 最后我第一，又强又厉害|[anim] Tera Blast Fairy
|-resisted|p1a: 最后我第一，又强又厉害
|-damage|p1a: 最后我第一，又强又厉害|80/100
|
|-heal|p1a: 最后我第一，又强又厉害|86/100|[from] item: Leftovers
|upkeep
|turn|4
|
|t:|1743821744
|switch|p2a: Araquanid|Araquanid, M|100/100
|move|p1a: 最后我第一，又强又厉害|Stealth Rock|p2a: Araquanid
|-sidestart|p2: team10thPlanet|move: Stealth Rock
|
|-heal|p1a: 最后我第一，又强又厉害|92/100|[from] item: Leftovers
|upkeep
|turn|5
|
|t:|1743821751
|switch|p1a: 大吾私人保姆|Alomomola, M|100/100
|move|p2a: Araquanid|Surf|p1a: 大吾私人保姆
|-resisted|p1a: 大吾私人保姆
|-damage|p1a: 大吾私人保姆|79/100
|
|upkeep
|turn|6
|
|t:|1743821758
|move|p1a: 大吾私人保姆|Wish|p1a: 大吾私人保姆
|move|p2a: Araquanid|Sticky Web|p1a: 大吾私人保姆
|-sidestart|p1: tdd20070515兹伏奇大吾|move: Sticky Web
|
|upkeep
|turn|7
|
|t:|1743821764
|switch|p1a: 来悲茶吗|Sinistcha-Masterpiece|100/100
|switch|p2a: Zapdos|Zapdos, tera:Fairy|100/100
|
|upkeep
|turn|8
|
|t:|1743821773
|switch|p1a: 大吾私人保姆|Alomomola, M|100/100
|move|p2a: Zapdos|Hurricane|p1a: 大吾私人保姆|[miss]
|-miss|p2a: Zapdos|p1a: 大吾私人保姆
|
|upkeep
|turn|9
|
|t:|1743821781
|move|p2a: Zapdos|Thunderbolt|p1a: 大吾私人保姆
|-supereffective|p1a: 大吾私人保姆
|-damage|p1a: 大吾私人保姆|29/100
|move|p1a: 大吾私人保姆|Mirror Coat|p2a: Zapdos
|-damage|p2a: Zapdos|0 fnt
|faint|p2a: Zapdos
|
|upkeep
|
|t:|1743821798
|switch|p2a: Ogerpon|Ogerpon-Wellspring, F|100/100
|-damage|p2a: Ogerpon|88/100|[from] Stealth Rock
|turn|10
|
|t:|1743821803
|switch|p1a: 来悲茶吗|Sinistcha-Masterpiece|100/100
|move|p2a: Ogerpon|Knock Off|p1a: 来悲茶吗
|-supereffective|p1a: 来悲茶吗
|-damage|p1a: 来悲茶吗|39/100
|-enditem|p1a: 来悲茶吗|Heavy-Duty Boots|[from] move: Knock Off|[of] p2a: Ogerpon
|
|upkeep
|turn|11
|
|t:|1743821814
|move|p2a: Ogerpon|Knock Off|p1a: 来悲茶吗
|-supereffective|p1a: 来悲茶吗
|-damage|p1a: 来悲茶吗|3/100
|move|p1a: 来悲茶吗|Strength Sap|p2a: Ogerpon
|-unboost|p2a: Ogerpon|atk|1
|-heal|p1a: 来悲茶吗|100/100
|
|upkeep
|turn|12
|
|t:|1743821828
|switch|p2a: Araquanid|Araquanid, M|100/100
|-damage|p2a: Araquanid|75/100|[from] Stealth Rock
|move|p1a: 来悲茶吗|Calm Mind|p1a: 来悲茶吗
|-boost|p1a: 来悲茶吗|spa|1
|-boost|p1a: 来悲茶吗|spd|1
|
|upkeep
|turn|13
|
|t:|1743821840
|move|p1a: 来悲茶吗|Calm Mind|p1a: 来悲茶吗
|-boost|p1a: 来悲茶吗|spa|1
|-boost|p1a: 来悲茶吗|spd|1
|move|p2a: Araquanid|Surf|p1a: 来悲茶吗
|-resisted|p1a: 来悲茶吗
|-damage|p1a: 来悲茶吗|84/100
|
|upkeep
|turn|14
|
|t:|1743821852
|switch|p2a: Dragonite|Dragonite, M, shiny|100/100
|-damage|p2a: Dragonite|76/100|[from] Stealth Rock
|move|p1a: 来悲茶吗|Matcha Gotcha|p2a: Dragonite
|-resisted|p2a: Dragonite
|-damage|p2a: Dragonite|62/100
|-heal|p1a: 来悲茶吗|92/100|[from] drain|[of] p2a: Dragonite
|
|upkeep
|turn|15
|
|t:|1743821863
|move|p2a: Dragonite|Outrage|p1a: 来悲茶吗
|-damage|p1a: 来悲茶吗|21/100
|move|p1a: 来悲茶吗|Shadow Ball|p2a: Dragonite
|-damage|p2a: Dragonite|3/100
|
|upkeep
|turn|16
|
|t:|1743821877
|switch|p1a: 灭世魔龙|Hydreigon, F|2/100
|-damage|p1a: 灭世魔龙|0 fnt|[from] Stealth Rock
|faint|p1a: 灭世魔龙
|move|p2a: Dragonite|Outrage|p1: 灭世魔龙|[from] lockedmove|[notarget]
|-fail|p2a: Dragonite
|-start|p2a: Dragonite|confusion|[fatigue]
|
|upkeep
|
|t:|1743821881
|switch|p1a: 战斗，然后死吧!|Great Tusk|100/100
|-damage|p1a: 战斗，然后死吧!|98/100|[from] Stealth Rock
|-activate|p1a: 战斗，然后死吧!|move: Sticky Web
|-unboost|p1a: 战斗，然后死吧!|spe|1
|turn|17
|
|t:|1743821890
|-activate|p2a: Dragonite|confusion
|move|p2a: Dragonite|Outrage|p1a: 战斗，然后死吧!
|-damage|p1a: 战斗，然后死吧!|45/100
|move|p1a: 战斗，然后死吧!|Rapid Spin|p2a: Dragonite
|-damage|p2a: Dragonite|0 fnt
|-boost|p1a: 战斗，然后死吧!|spe|1
|-sideend|p1: tdd20070515兹伏奇大吾|Stealth Rock|[from] move: Rapid Spin|[of] p1a: 战斗，然后死吧!
|-sideend|p1: tdd20070515兹伏奇大吾|Sticky Web|[from] move: Rapid Spin|[of] p1a: 战斗，然后死吧!
|faint|p2a: Dragonite
|
|-heal|p1a: 战斗，然后死吧!|52/100|[from] item: Leftovers
|upkeep
|
|t:|1743821904
|switch|p2a: Ogerpon|Ogerpon-Wellspring, F|88/100
|-damage|p2a: Ogerpon|76/100|[from] Stealth Rock
|turn|18
|
|t:|1743821910
|-end|p1a: 战斗，然后死吧!|Protosynthesis|[silent]
|switch|p1a: Zamazenta|Zamazenta|100/100
|-ability|p1a: Zamazenta|Dauntless Shield|boost
|-boost|p1a: Zamazenta|def|1
|move|p2a: Ogerpon|Horn Leech|p1a: Zamazenta
|-damage|p1a: Zamazenta|70/100
|-heal|p2a: Ogerpon|93/100|[from] drain|[of] p1a: Zamazenta
|
|upkeep
|turn|19
|
|t:|1743821919
|move|p1a: Zamazenta|Close Combat|p2a: Ogerpon
|-damage|p2a: Ogerpon|0 fnt
|-unboost|p1a: Zamazenta|def|1
|-unboost|p1a: Zamazenta|spd|1
|faint|p2a: Ogerpon
|
|upkeep
|
|t:|1743821928
|switch|p2a: Araquanid|Araquanid, M|75/100
|-damage|p2a: Araquanid|50/100|[from] Stealth Rock
|turn|20
|
|t:|1743821932
|switch|p1a: 大吾私人保姆|Alomomola, M|63/100
|move|p2a: Araquanid|Surf|p1a: 大吾私人保姆
|-resisted|p1a: 大吾私人保姆
|-damage|p1a: 大吾私人保姆|44/100
|
|upkeep
|turn|21
|
|t:|1743821945
|move|p1a: 大吾私人保姆|Wish|p1a: 大吾私人保姆
|move|p2a: Araquanid|Sticky Web|p1a: 大吾私人保姆
|-sidestart|p1: tdd20070515兹伏奇大吾|move: Sticky Web
|
|upkeep
|turn|22
|
|t:|1743821950
|move|p1a: 大吾私人保姆|Flip Turn|p2a: Araquanid
|-resisted|p2a: Araquanid
|-damage|p2a: Araquanid|42/100
|
|t:|1743821955
|switch|p1a: 来悲茶吗|Sinistcha-Masterpiece|21/100|[from] Flip Turn
|-activate|p1a: 来悲茶吗|move: Sticky Web
|-unboost|p1a: 来悲茶吗|spe|1
|move|p2a: Araquanid|Surf|p1a: 来悲茶吗
|-resisted|p1a: 来悲茶吗
|-damage|p1a: 来悲茶吗|0 fnt
|faint|p1a: 来悲茶吗
|
|upkeep
|
|t:|1743821958
|switch|p1a: 战斗，然后死吧!|Great Tusk|52/100
|-activate|p1a: 战斗，然后死吧!|move: Sticky Web
|-unboost|p1a: 战斗，然后死吧!|spe|1
|turn|23
|
|t:|1743821973
|-end|p1a: 战斗，然后死吧!|Protosynthesis|[silent]
|switch|p1a: 大吾私人保姆|Alomomola, M|77/100
|move|p2a: Araquanid|Surf|p1a: 大吾私人保姆
|-resisted|p1a: 大吾私人保姆
|-damage|p1a: 大吾私人保姆|55/100
|
|upkeep
|turn|24
|
|t:|1743821983
|move|p1a: 大吾私人保姆|Wish|p1a: 大吾私人保姆
|move|p2a: Araquanid|Endeavor|p1a: 大吾私人保姆
|-damage|p1a: 大吾私人保姆|27/100
|
|upkeep
|turn|25
|
|t:|1743821989
|move|p1a: 大吾私人保姆|Flip Turn|p2a: Araquanid
|-resisted|p2a: Araquanid
|-damage|p2a: Araquanid|33/100
|
|t:|1743821997
|switch|p1a: 最后我第一，又强又厉害|Metagross|92/100|[from] Flip Turn
|-activate|p1a: 最后我第一，又强又厉害|move: Sticky Web
|-fail|p1a: 最后我第一，又强又厉害|unboost|[from] ability: Clear Body|[of] p1a: 最后我第一，又强又厉害
|move|p2a: Araquanid|Surf|p1a: 最后我第一，又强又厉害
|-damage|p1a: 最后我第一，又强又厉害|50/100
|
|-heal|p1a: 最后我第一，又强又厉害|100/100|[from] move: Wish|[wisher] 大吾私人保姆
|upkeep
|turn|26
|
|t:|1743822009
|move|p1a: 最后我第一，又强又厉害|Knock Off|p2a: Araquanid
|-damage|p2a: Araquanid|4/100
|-enditem|p2a: Araquanid|Custap Berry|[from] move: Knock Off|[of] p1a: 最后我第一，又强又厉害
|move|p2a: Araquanid|Endeavor|p1a: 最后我第一，又强又厉害
|-damage|p1a: 最后我第一，又强又厉害|4/100
|
|-heal|p1a: 最后我第一，又强又厉害|10/100|[from] item: Leftovers
|upkeep
|turn|27
|
|t:|1743822018
|move|p1a: 最后我第一，又强又厉害|Ice Punch|p2a: Araquanid
|-resisted|p2a: Araquanid
|-damage|p2a: Araquanid|0 fnt
|faint|p2a: Araquanid
|
|-heal|p1a: 最后我第一，又强又厉害|16/100|[from] item: Leftovers
|upkeep
|
|t:|1743822027
|switch|p2a: Zamazenta|Zamazenta|100/100
|-damage|p2a: Zamazenta|94/100|[from] Stealth Rock
|-ability|p2a: Zamazenta|Dauntless Shield|boost
|-boost|p2a: Zamazenta|def|1
|turn|28
|
|t:|1743822036
|move|p2a: Zamazenta|Crunch|p1a: 最后我第一，又强又厉害
|-supereffective|p1a: 最后我第一，又强又厉害
|-damage|p1a: 最后我第一，又强又厉害|0 fnt
|faint|p1a: 最后我第一，又强又厉害
|
|upkeep
|
|t:|1743822040
|switch|p1a: 战斗，然后死吧!|Great Tusk|52/100
|-activate|p1a: 战斗，然后死吧!|move: Sticky Web
|-unboost|p1a: 战斗，然后死吧!|spe|1
|turn|29
|
|t:|1743822051
|move|p2a: Zamazenta|Close Combat|p1a: 战斗，然后死吧!
|-damage|p1a: 战斗，然后死吧!|23/100
|-unboost|p2a: Zamazenta|def|1
|-unboost|p2a: Zamazenta|spd|1
|move|p1a: 战斗，然后死吧!|Bulk Up|p1a: 战斗，然后死吧!
|-boost|p1a: 战斗，然后死吧!|atk|1
|-boost|p1a: 战斗，然后死吧!|def|1
|
|-heal|p1a: 战斗，然后死吧!|29/100|[from] item: Leftovers
|upkeep
|turn|30
|-message|team10thPlanet forfeited.
|
|win|tdd20070515兹伏奇大吾
|raw|tdd20070515兹伏奇大吾's rating: 1493 &rarr; <strong>1518</strong><br />(+25 for winning)
|raw|team10thPlanet's rating: 1578 &rarr; <strong>1553</strong><br />(-25 for losing)
|l|☆team10thPlanet
|player|p2|
