|j|☆thatguyhere_15
|j|☆GladdtheMadlad
|t:|1743793202
|gametype|singles
|player|p1|thatguyhere_15|steven|1193
|player|p2|GladdtheMadlad|janine|1239
|teamsize|p1|6
|teamsize|p2|6
|gen|9
|tier|[Gen 9] OU
|rated|
|rule|HP Percentage Mod: HP is shown in percentages
|rule|Endless Battle Clause: Forcing endless battles is banned
|rule|Species Clause: Limit one of each Pokémon
|rule|OHKO Clause: OHKO moves are banned
|rule|Evasion Items Clause: Evasion items are banned
|rule|Evasion Moves Clause: Evasion moves are banned
|rule|Sleep Moves Clause: Sleep-inducing moves are banned
|clearpoke
|poke|p1|Ursaluna, M|
|poke|p1|Haxorus, M|
|poke|p1|Tropius, M|
|poke|p1|Kingambit, M|
|poke|p1|Ceruledge, F|
|poke|p1|Dragapult, M|
|poke|p2|Bellibolt, F|
|poke|p2|Clefable, M|
|poke|p2|Corviknight, F|
|poke|p2|Dragapult, M|
|poke|p2|Great Tusk|
|poke|p2|Manaphy|
|teampreview
|inactive|Battle timer is ON: inactive players will automatically lose when time's up. (requested by thatguyhere_15)
|inactive|GladdtheMadlad has 120 seconds left.
|
|t:|1743793235
|start
|switch|p1a: Haxorus|Haxorus, M, shiny|100/100
|switch|p2a: Corviknight|Corviknight, F|100/100
|-ability|p1a: Haxorus|Mold Breaker
|-ability|p2a: Corviknight|Pressure
|turn|1
|
|t:|1743793248
|move|p1a: Haxorus|Swords Dance|p1a: Haxorus
|-boost|p1a: Haxorus|atk|2
|move|p2a: Corviknight|U-turn|p1a: Haxorus
|-damage|p1a: Haxorus|82/100
|
|t:|1743793250
|switch|p2a: Clefable|Clefable, M|100/100|[from] U-turn
|
|upkeep
|turn|2
|
|t:|1743793255
|move|p1a: Haxorus|Iron Head|p2a: Clefable
|-supereffective|p2a: Clefable
|-damage|p2a: Clefable|0 fnt
|faint|p2a: Clefable
|
|upkeep
|
|t:|1743793258
|switch|p2a: Dragapult|Dragapult, M|100/100
|turn|3
|
|t:|1743793261
|move|p2a: Dragapult|Dragon Darts|p1a: Haxorus
|-supereffective|p1a: Haxorus
|-damage|p1a: Haxorus|28/100
|-anim|p2a: Dragapult|Dragon Darts|p1a: Haxorus
|-supereffective|p1a: Haxorus
|-damage|p1a: Haxorus|0 fnt
|faint|p1a: Haxorus
|
|upkeep
|
|t:|1743793274
|switch|p1a: Tropius|Tropius, M|100/100
|turn|4
|
|t:|1743793278
|move|p2a: Dragapult|Will-O-Wisp|p1a: Tropius
|-status|p1a: Tropius|brn
|move|p1a: Tropius|Leech Seed|p2a: Dragapult
|-start|p2a: Dragapult|move: Leech Seed
|
|-damage|p2a: Dragapult|88/100|[from] Leech Seed|[of] p1a: Tropius
|-damage|p1a: Tropius|94/100 brn|[from] brn
|upkeep
|turn|5
|
|t:|1743793287
|move|p2a: Dragapult|Dragon Darts|p1a: Tropius
|-damage|p1a: Tropius|80/100 brn
|-anim|p2a: Dragapult|Dragon Darts|p1a: Tropius
|-damage|p1a: Tropius|68/100 brn
|move|p1a: Tropius|Calm Mind|p1a: Tropius
|-boost|p1a: Tropius|spa|1
|-boost|p1a: Tropius|spd|1
|
|-damage|p2a: Dragapult|76/100|[from] Leech Seed|[of] p1a: Tropius
|-heal|p1a: Tropius|77/100 brn|[silent]
|-damage|p1a: Tropius|71/100 brn|[from] brn
|upkeep
|turn|6
|
|t:|1743793298
|switch|p2a: Corviknight|Corviknight, F|100/100
|-ability|p2a: Corviknight|Pressure
|move|p1a: Tropius|Substitute|p1a: Tropius
|-start|p1a: Tropius|Substitute
|-damage|p1a: Tropius|46/100 brn
|-enditem|p1a: Tropius|Sitrus Berry|[eat]
|-heal|p1a: Tropius|71/100 brn|[from] item: Sitrus Berry
|
|-damage|p1a: Tropius|65/100 brn|[from] brn
|upkeep
|turn|7
|
|t:|1743793307
|move|p2a: Corviknight|Brave Bird|p1a: Tropius
|-supereffective|p1a: Tropius
|-end|p1a: Tropius|Substitute
|-damage|p2a: Corviknight|92/100|[from] Recoil|[of] p1a: Tropius
|move|p1a: Tropius|Leech Seed|p2a: Corviknight
|-start|p2a: Corviknight|move: Leech Seed
|
|-damage|p2a: Corviknight|80/100|[from] Leech Seed|[of] p1a: Tropius
|-heal|p1a: Tropius|77/100 brn|[silent]
|-damage|p1a: Tropius|71/100 brn|[from] brn
|-item|p1a: Tropius|Sitrus Berry|[from] ability: Harvest
|upkeep
|turn|8
|
|t:|1743793318
|move|p2a: Corviknight|U-turn|p1a: Tropius
|-damage|p1a: Tropius|61/100 brn
|
|t:|1743793320
|switch|p2a: Great Tusk|Great Tusk|100/100|[from] U-turn
|move|p1a: Tropius|Calm Mind|p1a: Tropius
|-boost|p1a: Tropius|spa|1
|-boost|p1a: Tropius|spd|1
|
|-damage|p1a: Tropius|55/100 brn|[from] brn
|upkeep
|turn|9
|
|t:|1743793328
|move|p2a: Great Tusk|Ice Spinner|p1a: Tropius
|-supereffective|p1a: Tropius
|-damage|p1a: Tropius|0 fnt
|faint|p1a: Tropius
|
|upkeep
|
|t:|1743793342
|switch|p1a: Ceruledge|Ceruledge, F|100/100
|turn|10
|
|t:|1743793370
|move|p2a: Great Tusk|Headlong Rush|p1a: Ceruledge
|-supereffective|p1a: Ceruledge
|-enditem|p1a: Ceruledge|Focus Sash
|-damage|p1a: Ceruledge|1/100
|-unboost|p2a: Great Tusk|def|1
|-unboost|p2a: Great Tusk|spd|1
|-ability|p1a: Ceruledge|Weak Armor|boost
|-unboost|p1a: Ceruledge|def|1
|-boost|p1a: Ceruledge|spe|2
|move|p1a: Ceruledge|Swords Dance|p1a: Ceruledge
|-boost|p1a: Ceruledge|atk|2
|
|upkeep
|turn|11
|
|t:|1743793382
|move|p1a: Ceruledge|Bitter Blade|p2a: Great Tusk
|-damage|p2a: Great Tusk|0 fnt
|-heal|p1a: Ceruledge|65/100|[from] drain|[of] p2a: Great Tusk
|faint|p2a: Great Tusk
|-end|p2a: Great Tusk|Protosynthesis|[silent]
|
|upkeep
|
|t:|1743793385
|switch|p2a: Corviknight|Corviknight, F|80/100
|-ability|p2a: Corviknight|Pressure
|turn|12
|
|t:|1743793392
|-terastallize|p2a: Corviknight|Dragon
|move|p1a: Ceruledge|Bitter Blade|p2a: Corviknight
|-resisted|p2a: Corviknight
|-damage|p2a: Corviknight|54/100
|-heal|p1a: Ceruledge|82/100|[from] drain|[of] p2a: Corviknight
|-damage|p1a: Ceruledge|66/100|[from] item: Rocky Helmet|[of] p2a: Corviknight
|move|p2a: Corviknight|Brave Bird|p1a: Ceruledge
|-damage|p1a: Ceruledge|0 fnt
|faint|p1a: Ceruledge
|-damage|p2a: Corviknight|38/100|[from] Recoil
|
|upkeep
|
|t:|1743793407
|switch|p1a: Ursaluna|Ursaluna, M|100/100
|turn|13
|
|t:|1743793419
|switch|p2a: Dragapult|Dragapult, M|76/100
|move|p1a: Ursaluna|Swords Dance|p1a: Ursaluna
|-boost|p1a: Ursaluna|atk|2
|
|-status|p1a: Ursaluna|brn|[from] item: Flame Orb
|upkeep
|turn|14
|
|t:|1743793427
|move|p2a: Dragapult|Dragon Darts|p1a: Ursaluna
|-damage|p1a: Ursaluna|87/100 brn
|-anim|p2a: Dragapult|Dragon Darts|p1a: Ursaluna
|-damage|p1a: Ursaluna|72/100 brn
|move|p1a: Ursaluna|Earthquake|p2a: Dragapult
|-damage|p2a: Dragapult|0 fnt
|faint|p2a: Dragapult
|
|-damage|p1a: Ursaluna|66/100 brn|[from] brn
|upkeep
|
|t:|1743793429
|switch|p2a: Manaphy|Manaphy|100/100
|turn|15
|
|t:|1743793437
|move|p2a: Manaphy|Scald|p1a: Ursaluna
|-supereffective|p1a: Ursaluna
|-damage|p1a: Ursaluna|18/100 brn
|move|p1a: Ursaluna|Drain Punch|p2a: Manaphy
|-damage|p2a: Manaphy|23/100
|-heal|p1a: Ursaluna|52/100 brn|[from] drain|[of] p2a: Manaphy
|
|-heal|p2a: Manaphy|29/100|[from] item: Leftovers
|-damage|p1a: Ursaluna|46/100 brn|[from] brn
|upkeep
|turn|16
|
|t:|1743793448
|move|p2a: Manaphy|Scald|p1a: Ursaluna
|-supereffective|p1a: Ursaluna
|-damage|p1a: Ursaluna|0 fnt
|faint|p1a: Ursaluna
|
|-heal|p2a: Manaphy|35/100|[from] item: Leftovers
|upkeep
|
|t:|1743793454
|switch|p1a: Dragapult|Dragapult, M|100/100
|turn|17
|
|t:|1743793458
|move|p1a: Dragapult|Dragon Dance|p1a: Dragapult
|-boost|p1a: Dragapult|atk|1
|-boost|p1a: Dragapult|spe|1
|move|p2a: Manaphy|Take Heart|p2a: Manaphy
|-boost|p2a: Manaphy|spa|1
|-boost|p2a: Manaphy|spd|1
|
|-heal|p2a: Manaphy|41/100|[from] item: Leftovers
|upkeep
|turn|18
|
|t:|1743793467
|move|p1a: Dragapult|Dragon Darts|p2a: Manaphy
|-damage|p2a: Manaphy|11/100
|-anim|p1a: Dragapult|Dragon Darts|p2a: Manaphy
|-damage|p2a: Manaphy|0 fnt
|faint|p2a: Manaphy
|
|upkeep
|
|t:|1743793470
|switch|p2a: Bellibolt|Bellibolt, F|100/100
|turn|19
|
|t:|1743793474
|move|p1a: Dragapult|Dragon Dance|p1a: Dragapult
|-boost|p1a: Dragapult|atk|1
|-boost|p1a: Dragapult|spe|1
|move|p2a: Bellibolt|Toxic|p1a: Dragapult|[miss]
|-miss|p2a: Bellibolt|p1a: Dragapult
|
|upkeep
|turn|20
|
|t:|1743793480
|move|p1a: Dragapult|Dragon Darts|p2a: Bellibolt
|-damage|p2a: Bellibolt|68/100
|-start|p2a: Bellibolt|Charge|Dragon Darts|[from] ability: Electromorphosis
|-anim|p1a: Dragapult|Dragon Darts|p2a: Bellibolt
|-damage|p2a: Bellibolt|33/100
|-start|p2a: Bellibolt|Charge|Dragon Darts|[from] ability: Electromorphosis
|move|p2a: Bellibolt|Toxic|p1a: Dragapult
|-status|p1a: Dragapult|tox
|
|-heal|p2a: Bellibolt|39/100|[from] item: Leftovers
|-damage|p1a: Dragapult|95/100 tox|[from] psn
|upkeep
|turn|21
|
|t:|1743793492
|move|p1a: Dragapult|Dragon Darts|p2a: Bellibolt
|-damage|p2a: Bellibolt|5/100
|-start|p2a: Bellibolt|Charge|Dragon Darts|[from] ability: Electromorphosis
|-anim|p1a: Dragapult|Dragon Darts|p2a: Bellibolt
|-damage|p2a: Bellibolt|0 fnt
|faint|p2a: Bellibolt
|
|-heal|p1a: Dragapult|100/100 tox|[from] item: Leftovers
|-damage|p1a: Dragapult|89/100 tox|[from] psn
|upkeep
|
|t:|1743793495
|switch|p2a: Corviknight|Corviknight, F, tera:Dragon|38/100
|-ability|p2a: Corviknight|Pressure
|turn|22
|
|t:|1743793504
|move|p1a: Dragapult|Dragon Darts|p2a: Corviknight
|-supereffective|p2a: Corviknight
|-damage|p2a: Corviknight|0 fnt
|faint|p2a: Corviknight
|
|win|thatguyhere_15
|raw|thatguyhere_15's rating: 1193 &rarr; <strong>1221</strong><br />(+28 for winning)
|raw|GladdtheMadlad's rating: 1239 &rarr; <strong>1211</strong><br />(-28 for losing)
|c|☆thatguyhere_15|gg
|c|☆GladdtheMadlad|gg
|l|☆thatguyhere_15
|player|p1|
|l|☆GladdtheMadlad
|player|p2|
