|j|☆Puffy Blowhog
|j|☆Mimizy ❤️
|t:|1743865112
|gametype|singles
|player|p1|Puffy Blowhog|cynthia-gen4|1114
|player|p2|Mimizy ❤️|rosa-masters2|1147
|teamsize|p1|6
|teamsize|p2|6
|gen|9
|tier|[Gen 9] OU
|rated|
|rule|HP Percentage Mod: HP is shown in percentages
|rule|Endless Battle Clause: Forcing endless battles is banned
|rule|Species Clause: Limit one of each Pokémon
|rule|OHKO Clause: OHKO moves are banned
|rule|Evasion Items Clause: Evasion items are banned
|rule|Evasion Moves Clause: Evasion moves are banned
|rule|Sleep Moves Clause: Sleep-inducing moves are banned
|clearpoke
|poke|p1|Weavile, F|
|poke|p1|Iron Valiant|
|poke|p1|Corviknight, M|
|poke|p1|Raging Bolt|
|poke|p1|Slowking-Galar, F|
|poke|p1|Great Tusk|
|poke|p2|Mienshao, F|
|poke|p2|Porygon-Z|
|poke|p2|Ursaluna, F|
|poke|p2|Copperajah, F|
|poke|p2|Drednaw, F|
|poke|p2|Pelipper, F|
|teampreview
|inactive|Battle timer is ON: inactive players will automatically lose when time's up. (requested by Mimizy ❤️)
|inactive|Mimizy ❤️ has 120 seconds left.
|
|t:|1743865152
|start
|switch|p1a: Raging Bolt|Raging Bolt|100/100
|switch|p2a: WATAHHH HYAAH|Mienshao, F|100/100
|-enditem|p1a: Raging Bolt|Booster Energy
|-activate|p1a: Raging Bolt|ability: Protosynthesis|[fromitem]
|-start|p1a: Raging Bolt|protosynthesisspa
|turn|1
|inactive|Puffy Blowhog has 120 seconds left.
|
|t:|1743865201
|-end|p1a: Raging Bolt|Protosynthesis|[silent]
|switch|p1a: Corviknight|Corviknight, M|100/100
|-ability|p1a: Corviknight|Pressure
|move|p2a: WATAHHH HYAAH|High Jump Kick|p1a: Corviknight
|-damage|p1a: Corviknight|19/100
|
|-heal|p1a: Corviknight|25/100|[from] item: Leftovers
|upkeep
|turn|2
|
|t:|1743865218
|move|p2a: WATAHHH HYAAH|High Jump Kick|p1a: Corviknight
|-damage|p1a: Corviknight|0 fnt
|faint|p1a: Corviknight
|
|upkeep
|
|t:|1743865222
|switch|p1a: Slowking|Slowking-Galar, F|100/100
|turn|3
|
|t:|1743865231
|switch|p2a: mouth do|Pelipper, F|100/100
|-weather|RainDance|[from] ability: Drizzle|[of] p2a: mouth do
|move|p1a: Slowking|Psychic Noise|p2a: mouth do
|-damage|p2a: mouth do|61/100
|-start|p2a: mouth do|move: Heal Block
|
|-weather|RainDance|[upkeep]
|upkeep
|turn|4
|inactive|Puffy Blowhog has 120 seconds left.
|
|t:|1743865247
|move|p2a: mouth do|Knock Off|p1a: Slowking
|-supereffective|p1a: Slowking
|-damage|p1a: Slowking|77/100
|-enditem|p1a: Slowking|Heavy-Duty Boots|[from] move: Knock Off|[of] p2a: mouth do
|move|p1a: Slowking|Psychic Noise|p2a: mouth do
|-damage|p2a: mouth do|19/100
|
|-weather|RainDance|[upkeep]
|-end|p2a: mouth do|move: Heal Block
|upkeep
|turn|5
|
|t:|1743865259
|switch|p2a: Your nightmare|Porygon-Z|100/100
|move|p1a: Slowking|Psychic Noise|p2a: Your nightmare
|-damage|p2a: Your nightmare|61/100
|-start|p2a: Your nightmare|move: Heal Block
|
|-weather|RainDance|[upkeep]
|upkeep
|turn|6
|
|t:|1743865281
|move|p2a: Your nightmare|Tri Attack|p1a: Slowking
|-damage|p1a: Slowking|17/100
|move|p1a: Slowking|Psychic Noise|p2a: Your nightmare
|-damage|p2a: Your nightmare|22/100
|
|-weather|RainDance|[upkeep]
|-end|p2a: Your nightmare|move: Heal Block
|upkeep
|turn|7
|inactive|Puffy Blowhog has 90 seconds left.
|
|t:|1743865317
|switch|p1a: Great Tusk|Great Tusk|100/100
|move|p2a: Your nightmare|Tri Attack|p1a: Great Tusk
|-damage|p1a: Great Tusk|0 fnt
|faint|p1a: Great Tusk
|-end|p1a: Great Tusk|Protosynthesis|[silent]
|
|-weather|RainDance|[upkeep]
|upkeep
|
|t:|1743865327
|switch|p1a: Weavile|Weavile, F|100/100
|-ability|p1a: Weavile|Pressure
|turn|8
|
|t:|1743865337
|switch|p2a: WATAHHH HYAAH|Mienshao, F|100/100
|move|p1a: Weavile|Triple Axel|p2a: WATAHHH HYAAH
|-damage|p2a: WATAHHH HYAAH|82/100
|-damage|p2a: WATAHHH HYAAH|44/100
|-damage|p2a: WATAHHH HYAAH|0 fnt
|faint|p2a: WATAHHH HYAAH
|-hitcount|p2: WATAHHH HYAAH|3
|
|-weather|RainDance|[upkeep]
|upkeep
|
|t:|1743865342
|switch|p2a: Nom|Drednaw, F|100/100
|turn|9
|inactive|Puffy Blowhog has 90 seconds left.
|
|t:|1743865358
|switch|p1a: Slowking|Slowking-Galar, F|50/100
|move|p2a: Nom|Rock Tomb|p1a: Slowking
|-crit|p1a: Slowking
|-damage|p1a: Slowking|0 fnt
|faint|p1a: Slowking
|-damage|p2a: Nom|91/100|[from] item: Life Orb
|
|-weather|RainDance|[upkeep]
|upkeep
|
|t:|1743865364
|switch|p1a: Raging Bolt|Raging Bolt|100/100
|turn|10
|
|t:|1743865373
|switch|p2a: spongebob|Ursaluna, F|100/100
|move|p1a: Raging Bolt|Thunderbolt|p2a: spongebob
|-immune|p2a: spongebob
|
|-weather|none
|-status|p2a: spongebob|brn|[from] item: Flame Orb
|upkeep
|turn|11
|inactive|Puffy Blowhog has 90 seconds left.
|
|t:|1743865392
|-terastallize|p1a: Raging Bolt|Fairy
|move|p1a: Raging Bolt|Calm Mind|p1a: Raging Bolt
|-boost|p1a: Raging Bolt|spa|1
|-boost|p1a: Raging Bolt|spd|1
|move|p2a: spongebob|Earthquake|p1a: Raging Bolt
|-damage|p1a: Raging Bolt|12/100
|
|-damage|p2a: spongebob|94/100 brn|[from] brn
|upkeep
|turn|12
|
|t:|1743865405
|move|p1a: Raging Bolt|Dragon Pulse|p2a: spongebob
|-damage|p2a: spongebob|17/100 brn
|move|p2a: spongebob|Earthquake|p1a: Raging Bolt
|-damage|p1a: Raging Bolt|0 fnt
|faint|p1a: Raging Bolt
|-end|p1a: Raging Bolt|Protosynthesis|[silent]
|
|-damage|p2a: spongebob|11/100 brn|[from] brn
|upkeep
|
|t:|1743865411
|switch|p1a: Weavile|Weavile, F|100/100
|-ability|p1a: Weavile|Pressure
|turn|13
|
|t:|1743865429
|move|p1a: Weavile|Triple Axel|p2a: spongebob
|-supereffective|p2a: spongebob
|-damage|p2a: spongebob|0 fnt
|faint|p2a: spongebob
|-hitcount|p2: spongebob|1
|
|upkeep
|
|t:|1743865448
|switch|p2a: Big back|Copperajah, F|100/100
|turn|14
|
|t:|1743865456
|switch|p1a: Iron Valiant|Iron Valiant|100/100
|move|p2a: Big back|Iron Head|p1a: Iron Valiant
|-supereffective|p1a: Iron Valiant
|-damage|p1a: Iron Valiant|0 fnt
|faint|p1a: Iron Valiant
|-end|p1a: Iron Valiant|Quark Drive|[silent]
|
|upkeep
|
|t:|1743865459
|switch|p1a: Weavile|Weavile, F|100/100
|-ability|p1a: Weavile|Pressure
|turn|15
|
|t:|1743865463
|-terastallize|p2a: Big back|Ghost
|move|p1a: Weavile|Knock Off|p2a: Big back
|-supereffective|p2a: Big back
|-damage|p2a: Big back|0 fnt
|-enditem|p2a: Big back|Choice Band|[from] move: Knock Off|[of] p1a: Weavile
|faint|p2a: Big back
|
|upkeep
|
|t:|1743865475
|switch|p2a: mouth do|Pelipper, F|19/100
|-weather|RainDance|[from] ability: Drizzle|[of] p2a: mouth do
|turn|16
|
|t:|1743865488
|move|p1a: Weavile|Swords Dance|p1a: Weavile
|-boost|p1a: Weavile|atk|2
|move|p2a: mouth do|U-turn|p1a: Weavile
|-supereffective|p1a: Weavile
|-damage|p1a: Weavile|72/100
|
|t:|1743865491
|switch|p2a: Nom|Drednaw, F|91/100|[from] U-turn
|
|-weather|RainDance|[upkeep]
|upkeep
|turn|17
|
|t:|1743865507
|move|p2a: Nom|Waterfall|p1a: Weavile
|-damage|p1a: Weavile|0 fnt
|faint|p1a: Weavile
|-damage|p2a: Nom|81/100|[from] item: Life Orb
|
|win|Mimizy ❤️
|raw|Puffy Blowhog's rating: 1114 &rarr; <strong>1091</strong><br />(-23 for losing)
|raw|Mimizy ❤️'s rating: 1147 &rarr; <strong>1170</strong><br />(+23 for winning)
|l|☆Mimizy ❤️
|player|p2|
|l|☆Puffy Blowhog
|player|p1|
