|j|☆Phantasmiccat
|j|☆Mr.diversity
|t:|1743782367
|gametype|singles
|player|p1|Phantasmiccat|miku-grass|1626
|player|p2|Mr.diversity|102|1785
|teamsize|p1|6
|teamsize|p2|6
|gen|9
|tier|[Gen 9] OU
|rated|
|rule|HP Percentage Mod: HP is shown in percentages
|rule|Endless Battle Clause: Forcing endless battles is banned
|rule|Species Clause: Limit one of each Pokémon
|rule|OHKO Clause: OHKO moves are banned
|rule|Evasion Items Clause: Evasion items are banned
|rule|Evasion Moves Clause: Evasion moves are banned
|rule|Sleep Moves Clause: Sleep-inducing moves are banned
|clearpoke
|poke|p1|Tyranitar, M|
|poke|p1|Excadrill, M|
|poke|p1|Zamazenta-*|
|poke|p1|Ogerpon-Wellspring, F|
|poke|p1|Moltres|
|poke|p1|Primarina, F|
|poke|p2|Landorus-Therian, M|
|poke|p2|Cinderace, F|
|poke|p2|Great Tusk|
|poke|p2|Heatran, M|
|poke|p2|Clodsire, M|
|poke|p2|Armarouge, F|
|teampreview
|inactive|Battle timer is ON: inactive players will automatically lose when time's up. (requested by Phantasmiccat)
|inactive|Phantasmiccat has 120 seconds left.
|
|t:|1743782400
|start
|switch|p1a: Ogerpon|Ogerpon-Wellspring, F|100/100
|switch|p2a: Landorus|Landorus-Therian, M|100/100
|-ability|p2a: Landorus|Intimidate|boost
|-unboost|p1a: Ogerpon|atk|1
|turn|1
|
|t:|1743782405
|switch|p2a: Clodsire|Clodsire, M|100/100
|move|p1a: Ogerpon|Ivy Cudgel|p2a: Clodsire|[anim] Ivy Cudgel Water
|-immune|p2a: Clodsire|[from] ability: Water Absorb
|
|upkeep
|turn|2
|
|t:|1743782409
|move|p1a: Ogerpon|U-turn|p2a: Clodsire
|-resisted|p2a: Clodsire
|-damage|p2a: Clodsire|91/100
|j| LudocyelZ
|
|t:|1743782420
|switch|p1a: Tyranitar|Tyranitar, M|100/100|[from] U-turn
|-weather|Sandstorm|[from] ability: Sand Stream|[of] p1a: Tyranitar
|move|p2a: Clodsire|Toxic|p1a: Tyranitar
|-status|p1a: Tyranitar|tox
|
|-weather|Sandstorm|[upkeep]
|-heal|p2a: Clodsire|97/100|[from] item: Leftovers
|-damage|p1a: Tyranitar|94/100 tox|[from] psn
|upkeep
|turn|3
|
|t:|1743782431
|move|p1a: Tyranitar|Stealth Rock|p2a: Clodsire
|-sidestart|p2: Mr.diversity|move: Stealth Rock
|move|p2a: Clodsire|Stealth Rock|p1a: Tyranitar
|-sidestart|p1: Phantasmiccat|move: Stealth Rock
|
|-weather|Sandstorm|[upkeep]
|-heal|p2a: Clodsire|100/100|[from] item: Leftovers
|-damage|p1a: Tyranitar|82/100 tox|[from] psn
|upkeep
|turn|4
|
|t:|1743782442
|move|p1a: Tyranitar|Knock Off|p2a: Clodsire
|-damage|p2a: Clodsire|52/100
|-enditem|p2a: Clodsire|Leftovers|[from] move: Knock Off|[of] p1a: Tyranitar
|move|p2a: Clodsire|Earthquake|p1a: Tyranitar
|-supereffective|p1a: Tyranitar
|-damage|p1a: Tyranitar|40/100 tox
|
|-weather|Sandstorm|[upkeep]
|-damage|p1a: Tyranitar|21/100 tox|[from] psn
|upkeep
|turn|5
|
|t:|1743782452
|switch|p1a: Excadrill|Excadrill, M|100/100
|-damage|p1a: Excadrill|97/100|[from] Stealth Rock
|-item|p1a: Excadrill|Air Balloon
|move|p2a: Clodsire|Earthquake|p1a: Excadrill
|-immune|p1a: Excadrill
|
|-weather|Sandstorm|[upkeep]
|upkeep
|turn|6
|
|t:|1743782458
|switch|p2a: Landorus|Landorus-Therian, M|100/100
|-damage|p2a: Landorus|88/100|[from] Stealth Rock
|-ability|p2a: Landorus|Intimidate|boost
|-unboost|p1a: Excadrill|atk|1
|move|p1a: Excadrill|Rapid Spin|p2a: Landorus
|-crit|p2a: Landorus
|-damage|p2a: Landorus|60/100
|-boost|p1a: Excadrill|spe|1
|-sideend|p1: Phantasmiccat|Stealth Rock|[from] move: Rapid Spin|[of] p1a: Excadrill
|
|-weather|Sandstorm|[upkeep]
|upkeep
|turn|7
|
|t:|1743782463
|-terastallize|p1a: Excadrill|Ice
|move|p1a: Excadrill|Tera Blast|p2a: Landorus|[anim] Tera Blast Ice
|-supereffective|p2a: Landorus
|-damage|p2a: Landorus|0 fnt
|faint|p2a: Landorus
|
|-weather|Sandstorm|[upkeep]
|upkeep
|
|t:|1743782466
|switch|p2a: Great Tusk|Great Tusk|100/100
|-damage|p2a: Great Tusk|98/100|[from] Stealth Rock
|-enditem|p2a: Great Tusk|Booster Energy
|-activate|p2a: Great Tusk|ability: Protosynthesis|[fromitem]
|-start|p2a: Great Tusk|protosynthesisatk
|turn|8
|
|t:|1743782474
|switch|p1a: Moltres|Moltres|100/100
|move|p2a: Great Tusk|Close Combat|p1a: Moltres
|-resisted|p1a: Moltres
|-damage|p1a: Moltres|72/100
|-unboost|p2a: Great Tusk|def|1
|-unboost|p2a: Great Tusk|spd|1
|
|-weather|Sandstorm|[upkeep]
|-damage|p1a: Moltres|66/100|[from] Sandstorm
|upkeep
|turn|9
|
|t:|1743782495
|-end|p2a: Great Tusk|Protosynthesis|[silent]
|switch|p2a: Clodsire|Clodsire, M|52/100
|-damage|p2a: Clodsire|46/100|[from] Stealth Rock
|move|p1a: Moltres|U-turn|p2a: Clodsire
|-resisted|p2a: Clodsire
|-damage|p2a: Clodsire|39/100
|inactive|Phantasmiccat has 120 seconds left.
|
|t:|1743782540
|switch|p1a: Excadrill|Excadrill, M, tera:Ice|97/100|[from] U-turn
|-item|p1a: Excadrill|Air Balloon
|
|-weather|none
|upkeep
|turn|10
|
|t:|1743782560
|move|p1a: Excadrill|Earthquake|p2a: Clodsire
|-supereffective|p2a: Clodsire
|-damage|p2a: Clodsire|0 fnt
|faint|p2a: Clodsire
|
|upkeep
|
|t:|1743782564
|switch|p2a: Cinderace|Cinderace, F|100/100
|-damage|p2a: Cinderace|76/100|[from] Stealth Rock
|turn|11
|
|t:|1743782567
|switch|p1a: Tyranitar|Tyranitar, M|21/100 tox
|-weather|Sandstorm|[from] ability: Sand Stream|[of] p1a: Tyranitar
|move|p2a: Cinderace|Pyro Ball|p1a: Tyranitar
|-resisted|p1a: Tyranitar
|-damage|p1a: Tyranitar|0 fnt
|faint|p1a: Tyranitar
|
|-weather|Sandstorm|[upkeep]
|-damage|p2a: Cinderace|70/100|[from] Sandstorm
|upkeep
|inactive|Phantasmiccat has 120 seconds left.
|
|t:|1743782577
|switch|p1a: Excadrill|Excadrill, M, tera:Ice|97/100
|-item|p1a: Excadrill|Air Balloon
|turn|12
|
|t:|1743782583
|move|p1a: Excadrill|Earthquake|p2a: Cinderace
|-supereffective|p2a: Cinderace
|-damage|p2a: Cinderace|0 fnt
|faint|p2a: Cinderace
|
|-weather|Sandstorm|[upkeep]
|upkeep
|
|t:|1743782584
|switch|p2a: Heatran|Heatran, M|100/100
|-damage|p2a: Heatran|88/100|[from] Stealth Rock
|turn|13
|inactive|Phantasmiccat has 120 seconds left.
|
|t:|1743782614
|switch|p1a: Ogerpon|Ogerpon-Wellspring, F|100/100
|-terastallize|p2a: Heatran|Bug
|move|p2a: Heatran|Magma Storm|p1a: Ogerpon
|-damage|p1a: Ogerpon|0 fnt
|faint|p1a: Ogerpon
|
|-weather|Sandstorm|[upkeep]
|-damage|p2a: Heatran|82/100|[from] Sandstorm
|upkeep
|inactive|Phantasmiccat has 120 seconds left.
|
|t:|1743782625
|switch|p1a: Primarina|Primarina, F|100/100
|turn|14
|inactive|Phantasmiccat has 120 seconds left.
|
|t:|1743782632
|move|p2a: Heatran|Magma Storm|p1a: Primarina
|-resisted|p1a: Primarina
|-damage|p1a: Primarina|65/100
|-activate|p1a: Primarina|move: Magma Storm|[of] p2a: Heatran
|move|p1a: Primarina|Calm Mind|p1a: Primarina
|-boost|p1a: Primarina|spa|1
|-boost|p1a: Primarina|spd|1
|
|-weather|Sandstorm|[upkeep]
|-damage|p2a: Heatran|76/100|[from] Sandstorm
|-damage|p1a: Primarina|58/100|[from] Sandstorm
|-heal|p1a: Primarina|65/100|[from] item: Leftovers
|-damage|p1a: Primarina|52/100|[from] move: Magma Storm|[partiallytrapped]
|upkeep
|turn|15
|inactive|Phantasmiccat has 120 seconds left.
|
|t:|1743782646
|move|p2a: Heatran|Magma Storm|p1a: Primarina
|-resisted|p1a: Primarina
|-damage|p1a: Primarina|30/100
|move|p1a: Primarina|Surf|p2a: Heatran
|-damage|p2a: Heatran|1/100
|
|-weather|Sandstorm|[upkeep]
|-damage|p2a: Heatran|0 fnt|[from] Sandstorm
|-damage|p1a: Primarina|24/100|[from] Sandstorm
|faint|p2a: Heatran
|-heal|p1a: Primarina|30/100|[from] item: Leftovers
|-end|p1a: Primarina|Magma Storm|[partiallytrapped]|[silent]
|upkeep
|
|t:|1743782649
|switch|p2a: Great Tusk|Great Tusk|98/100
|-damage|p2a: Great Tusk|95/100|[from] Stealth Rock
|turn|16
|inactive|Phantasmiccat has 120 seconds left.
|
|t:|1743782665
|move|p2a: Great Tusk|Headlong Rush|p1a: Primarina
|-damage|p1a: Primarina|0 fnt
|-unboost|p2a: Great Tusk|def|1
|-unboost|p2a: Great Tusk|spd|1
|faint|p1a: Primarina
|
|-weather|Sandstorm|[upkeep]
|upkeep
|
|t:|1743782670
|switch|p1a: Excadrill|Excadrill, M, tera:Ice|97/100
|-item|p1a: Excadrill|Air Balloon
|turn|17
|
|t:|1743782674
|-end|p2a: Great Tusk|Protosynthesis|[silent]
|switch|p2a: Armarouge|Armarouge, F|100/100
|-damage|p2a: Armarouge|76/100|[from] Stealth Rock
|move|p1a: Excadrill|Tera Blast|p2a: Armarouge|[anim] Tera Blast Ice
|-resisted|p2a: Armarouge
|-damage|p2a: Armarouge|54/100
|-ability|p2a: Armarouge|Weak Armor|boost
|-unboost|p2a: Armarouge|def|1
|-boost|p2a: Armarouge|spe|2
|
|-weather|Sandstorm|[upkeep]
|-damage|p2a: Armarouge|47/100|[from] Sandstorm
|upkeep
|turn|18
|
|t:|1743782682
|switch|p2a: Great Tusk|Great Tusk|95/100
|-damage|p2a: Great Tusk|92/100|[from] Stealth Rock
|move|p1a: Excadrill|Earthquake|p2a: Great Tusk
|-damage|p2a: Great Tusk|53/100
|
|-weather|none
|upkeep
|turn|19
|
|t:|1743782686
|move|p1a: Excadrill|Tera Blast|p2a: Great Tusk|[anim] Tera Blast Ice
|-supereffective|p2a: Great Tusk
|-damage|p2a: Great Tusk|0 fnt
|faint|p2a: Great Tusk
|-end|p2a: Great Tusk|Protosynthesis|[silent]
|
|upkeep
|
|t:|1743782688
|switch|p2a: Armarouge|Armarouge, F|47/100
|-damage|p2a: Armarouge|23/100|[from] Stealth Rock
|turn|20
|
|t:|1743782693
|move|p2a: Armarouge|Endure|p2a: Armarouge
|-singleturn|p2a: Armarouge|move: Endure
|move|p1a: Excadrill|Earthquake|p2a: Armarouge
|-supereffective|p2a: Armarouge
|-activate|p2a: Armarouge|move: Endure
|-damage|p2a: Armarouge|1/100
|-ability|p2a: Armarouge|Weak Armor|boost
|-unboost|p2a: Armarouge|def|1
|-boost|p2a: Armarouge|spe|2
|-enditem|p2a: Armarouge|Weakness Policy
|-boost|p2a: Armarouge|atk|2|[from] item: Weakness Policy
|-boost|p2a: Armarouge|spa|2|[from] item: Weakness Policy
|
|upkeep
|turn|21
|j| asilentkingambitx
|
|t:|1743782702
|move|p2a: Armarouge|Armor Cannon|p1a: Excadrill
|-supereffective|p1a: Excadrill
|-damage|p1a: Excadrill|0 fnt
|-unboost|p2a: Armarouge|def|1
|-unboost|p2a: Armarouge|spd|1
|-enditem|p1a: Excadrill|Air Balloon
|faint|p1a: Excadrill
|
|upkeep
|l| asilentkingambitx
|
|t:|1743782708
|switch|p1a: Moltres|Moltres|66/100
|turn|22
|
|t:|1743782710
|move|p2a: Armarouge|Stored Power|p1a: Moltres
|-damage|p1a: Moltres|0 fnt
|faint|p1a: Moltres
|
|upkeep
|
|t:|1743782711
|switch|p1a: Zamazenta|Zamazenta|100/100
|-ability|p1a: Zamazenta|Dauntless Shield|boost
|-boost|p1a: Zamazenta|def|1
|turn|23
|
|t:|1743782713
|move|p2a: Armarouge|Stored Power|p1a: Zamazenta
|-supereffective|p1a: Zamazenta
|-damage|p1a: Zamazenta|0 fnt
|faint|p1a: Zamazenta
|
|win|Mr.diversity
|raw|Phantasmiccat's rating: 1626 &rarr; <strong>1615</strong><br />(-11 for losing)
|raw|Mr.diversity's rating: 1785 &rarr; <strong>1796</strong><br />(+11 for winning)
|l|☆Phantasmiccat
|player|p1|
|l|☆Mr.diversity
|player|p2|
|l| LudocyelZ
