|j|☆TOXICccccccccccccc
|j|☆El Rompepotos
|t:|1743887285
|gametype|singles
|player|p1|TOXICccccccccccccc|hiker-gen4|1102
|player|p2|El Rompepotos|hooligans|1169
|teamsize|p1|6
|teamsize|p2|6
|gen|9
|tier|[Gen 9] OU
|rated|
|rule|HP Percentage Mod: HP is shown in percentages
|rule|Endless Battle Clause: Forcing endless battles is banned
|rule|Species Clause: Limit one of each Pokémon
|rule|OHKO Clause: OHKO moves are banned
|rule|Evasion Items Clause: Evasion items are banned
|rule|Evasion Moves Clause: Evasion moves are banned
|rule|Sleep Moves Clause: Sleep-inducing moves are banned
|clearpoke
|poke|p1|Glimmora, M|
|poke|p1|Salazzle, F|
|poke|p1|Pecharunt|
|poke|p1|Alomomola, F|
|poke|p1|Samurott-Hisui, M|
|poke|p1|Garchomp, M|
|poke|p2|Gallade, M|
|poke|p2|Garchomp, M|
|poke|p2|Corviknight, M|
|poke|p2|Primarina, M|
|poke|p2|Glimmora, M|
|poke|p2|Ceruledge, M|
|teampreview
|inactive|Battle timer is ON: inactive players will automatically lose when time's up. (requested by TOXICccccccccccccc)
|
|t:|1743887293
|start
|switch|p1a: Samurott|Samurott-Hisui, M|100/100
|switch|p2a: Glimmora|Glimmora, M|100/100
|turn|1
|
|t:|1743887297
|move|p1a: Samurott|Aqua Cutter|p2a: Glimmora
|-supereffective|p2a: Glimmora
|-enditem|p2a: Glimmora|Focus Sash
|-damage|p2a: Glimmora|1/100
|-activate|p2a: Glimmora|ability: Toxic Debris
|-sidestart|p1: TOXICccccccccccccc|move: Toxic Spikes
|move|p2a: Glimmora|Stealth Rock|p1a: Samurott
|-sidestart|p1: TOXICccccccccccccc|move: Stealth Rock
|
|upkeep
|turn|2
|
|t:|1743887302
|move|p1a: Samurott|Aqua Cutter|p2a: Glimmora
|-supereffective|p2a: Glimmora
|-damage|p2a: Glimmora|0 fnt
|-activate|p2a: Glimmora|ability: Toxic Debris
|-sidestart|p1: TOXICccccccccccccc|move: Toxic Spikes
|faint|p2a: Glimmora
|
|upkeep
|
|t:|1743887306
|switch|p2a: Gallade|Gallade, M|100/100
|turn|3
|
|t:|1743887311
|switch|p1a: Alomomola|Alomomola, F|100/100
|move|p2a: Gallade|Sacred Sword|p1a: Alomomola
|-damage|p1a: Alomomola|63/100
|
|upkeep
|turn|4
|
|t:|1743887320
|switch|p2a: Primarina|Primarina, M|100/100
|move|p1a: Alomomola|Flip Turn|p2a: Primarina
|-resisted|p2a: Primarina
|-damage|p2a: Primarina|89/100
|
|t:|1743887327
|switch|p1a: Glimmora|Glimmora, M|100/100|[from] Flip Turn
|-sideend|p1: TOXICccccccccccccc|move: Toxic Spikes|[of] p1a: Glimmora
|-damage|p1a: Glimmora|88/100|[from] Stealth Rock
|
|-heal|p1a: Glimmora|94/100|[from] item: Leftovers
|upkeep
|turn|5
|
|t:|1743887333
|-terastallize|p1a: Glimmora|Bug
|move|p1a: Glimmora|Toxic|p2a: Primarina
|-status|p2a: Primarina|tox
|move|p2a: Primarina|Surf|p1a: Glimmora
|-damage|p1a: Glimmora|53/100
|
|-heal|p1a: Glimmora|59/100|[from] item: Leftovers
|-damage|p2a: Primarina|83/100 tox|[from] psn
|upkeep
|turn|6
|
|t:|1743887348
|move|p1a: Glimmora|Toxic Spikes|p2a: Primarina
|-sidestart|p2: El Rompepotos|move: Toxic Spikes
|move|p2a: Primarina|Moonblast|p1a: Glimmora
|-damage|p1a: Glimmora|14/100
|
|-heal|p1a: Glimmora|20/100|[from] item: Leftovers
|-damage|p2a: Primarina|71/100 tox|[from] psn
|upkeep
|turn|7
|
|t:|1743887354
|move|p1a: Glimmora|Sludge Wave|p2a: Primarina
|-supereffective|p2a: Primarina
|-crit|p2a: Primarina
|-damage|p2a: Primarina|0 fnt
|faint|p2a: Primarina
|
|-heal|p1a: Glimmora|26/100|[from] item: Leftovers
|upkeep
|
|t:|1743887357
|switch|p2a: Corviknight|Corviknight, M|100/100
|-ability|p2a: Corviknight|Pressure
|turn|8
|
|t:|1743887361
|move|p1a: Glimmora|Toxic|p2a: Corviknight|[miss]
|-miss|p1a: Glimmora|p2a: Corviknight
|move|p2a: Corviknight|Defog|p1a: Glimmora
|-unboost|p1a: Glimmora|evasion|1
|-sideend|p1: TOXICccccccccccccc|Stealth Rock|[from] move: Defog|[of] p2a: Corviknight
|-sideend|p2: El Rompepotos|Toxic Spikes|[from] move: Defog|[of] p2a: Corviknight
|
|-heal|p1a: Glimmora|32/100|[from] item: Leftovers
|upkeep
|turn|9
|
|t:|1743887363
|move|p1a: Glimmora|Toxic|p2a: Corviknight
|-status|p2a: Corviknight|tox
|move|p2a: Corviknight|Brave Bird|p1a: Glimmora
|-supereffective|p1a: Glimmora
|-damage|p1a: Glimmora|0 fnt
|faint|p1a: Glimmora
|-damage|p2a: Corviknight|91/100 tox|[from] Recoil
|
|-heal|p2a: Corviknight|97/100 tox|[from] item: Leftovers
|-damage|p2a: Corviknight|91/100 tox|[from] psn
|upkeep
|
|t:|1743887377
|switch|p1a: Alomomola|Alomomola, F|96/100
|turn|10
|
|t:|1743887380
|move|p2a: Corviknight|U-turn|p1a: Alomomola
|-damage|p1a: Alomomola|88/100
|
|t:|1743887384
|switch|p2a: Gallade|Gallade, M|100/100|[from] U-turn
|move|p1a: Alomomola|Flip Turn|p2a: Gallade
|-damage|p2a: Gallade|72/100
|
|t:|1743887393
|switch|p1a: Pecharunt|Pecharunt|100/100|[from] Flip Turn
|-item|p1a: Pecharunt|Air Balloon
|
|upkeep
|turn|11
|
|t:|1743887397
|switch|p1a: Samurott|Samurott-Hisui, M|100/100
|move|p2a: Gallade|Psycho Cut|p1a: Samurott
|-immune|p1a: Samurott
|
|upkeep
|turn|12
|
|t:|1743887402
|switch|p2a: Garchomp|Garchomp, M|100/100
|move|p1a: Samurott|Flip Turn|p2a: Garchomp
|-damage|p2a: Garchomp|73/100
|-damage|p1a: Samurott|88/100|[from] ability: Rough Skin|[of] p2a: Garchomp
|
|t:|1743887408
|switch|p1a: Alomomola|Alomomola, F|100/100|[from] Flip Turn
|
|upkeep
|turn|13
|
|t:|1743887412
|move|p2a: Garchomp|Stealth Rock|p1a: Alomomola
|-sidestart|p1: TOXICccccccccccccc|move: Stealth Rock
|move|p1a: Alomomola|Flip Turn|p2a: Garchomp
|-damage|p2a: Garchomp|57/100
|-damage|p1a: Alomomola|88/100|[from] ability: Rough Skin|[of] p2a: Garchomp
|
|t:|1743887417
|switch|p1a: Samurott|Samurott-Hisui, M|88/100|[from] Flip Turn
|-damage|p1a: Samurott|76/100|[from] Stealth Rock
|
|upkeep
|turn|14
|
|t:|1743887420
|move|p1a: Samurott|Ceaseless Edge|p2a: Garchomp
|-crit|p2a: Garchomp
|-damage|p2a: Garchomp|0 fnt
|-damage|p1a: Samurott|64/100|[from] ability: Rough Skin|[of] p2a: Garchomp
|-sidestart|p2: El Rompepotos|Spikes
|faint|p2a: Garchomp
|
|upkeep
|
|t:|1743887424
|switch|p2a: Gallade|Gallade, M|72/100
|-damage|p2a: Gallade|60/100|[from] Spikes
|turn|15
|
|t:|1743887428
|switch|p1a: Alomomola|Alomomola, F|100/100
|move|p2a: Gallade|Leaf Blade|p1a: Alomomola
|-supereffective|p1a: Alomomola
|-damage|p1a: Alomomola|44/100
|
|upkeep
|turn|16
|
|t:|1743887433
|switch|p1a: Pecharunt|Pecharunt|100/100
|-damage|p1a: Pecharunt|88/100|[from] Stealth Rock
|-item|p1a: Pecharunt|Air Balloon
|move|p2a: Gallade|Leaf Blade|p1a: Pecharunt
|-resisted|p1a: Pecharunt
|-damage|p1a: Pecharunt|73/100
|-enditem|p1a: Pecharunt|Air Balloon
|
|upkeep
|turn|17
|-message|El Rompepotos forfeited.
|
|win|TOXICccccccccccccc
|raw|TOXICccccccccccccc's rating: 1102 &rarr; <strong>1132</strong><br />(+30 for winning)
|raw|El Rompepotos's rating: 1169 &rarr; <strong>1139</strong><br />(-30 for losing)
|l|☆El Rompepotos
|player|p2|
