|j|☆Ghol D Von
|j|☆KTHAN0S
|t:|1743869298
|gametype|singles
|player|p1|Ghol D Von|dragontamer|1510
|player|p2|KTHAN0S|hooligans|1448
|teamsize|p1|6
|teamsize|p2|6
|gen|9
|tier|[Gen 9] OU
|rated|
|rule|HP Percentage Mod: HP is shown in percentages
|rule|Endless Battle Clause: Forcing endless battles is banned
|rule|Species Clause: Limit one of each Pokémon
|rule|OHKO Clause: OHKO moves are banned
|rule|Evasion Items Clause: Evasion items are banned
|rule|Evasion Moves Clause: Evasion moves are banned
|rule|Sleep Moves Clause: Sleep-inducing moves are banned
|clearpoke
|poke|p1|Dragonite, M|
|poke|p1|Skeledirge, F|
|poke|p1|Scizor, M|
|poke|p1|Rotom-Wash|
|poke|p1|Latios, M|
|poke|p1|Clodsire, F|
|poke|p2|Manaphy|
|poke|p2|Hoopa-Unbound|
|poke|p2|Dragapult, M|
|poke|p2|Blaziken, M|
|poke|p2|Maushold|
|poke|p2|Iron Treads|
|teampreview
|inactive|Battle timer is ON: inactive players will automatically lose when time's up. (requested by KTHAN0S)
|
|t:|1743869310
|start
|switch|p1a: Clodsire|Clodsire, F|100/100
|switch|p2a: Blaziken|Blaziken, M, shiny|100/100
|turn|1
|
|t:|1743869317
|switch|p2a: Maushold|Maushold, shiny|100/100
|move|p1a: Clodsire|Earthquake|p2a: Maushold
|-damage|p2a: Maushold|59/100
|
|upkeep
|turn|2
|
|t:|1743869326
|switch|p2a: Iron Treads|Iron Treads, shiny|100/100
|switch|p1a: Skeledirge|Skeledirge, F|100/100
|
|upkeep
|turn|3
|
|t:|1743869332
|switch|p1a: Rotom|Rotom-Wash|100/100
|move|p2a: Iron Treads|Earthquake|p1a: Rotom
|-immune|p1a: Rotom|[from] ability: Levitate
|
|upkeep
|turn|4
|l|☆KTHAN0S
|inactive|KTHAN0S disconnected and has a minute to reconnect!
|player|p2|
|j|☆KTHAN0S
|inactive|KTHAN0S reconnected and has 120 seconds left.
|player|p2|KTHAN0S|hooligans|
|
|t:|1743869370
|move|p2a: Iron Treads|Volt Switch|p1a: Rotom
|-damage|p1a: Rotom|92/100
|
|t:|1743869377
|-end|p2a: Iron Treads|Quark Drive|[silent]
|switch|p2a: Maushold|Maushold, shiny|59/100|[from] Volt Switch
|move|p1a: Rotom|Hydro Pump|p2a: Maushold
|-damage|p2a: Maushold|0 fnt
|faint|p2a: Maushold
|
|-heal|p1a: Rotom|98/100|[from] item: Leftovers
|upkeep
|
|t:|1743869382
|switch|p2a: Hoopa|Hoopa-Unbound|100/100
|turn|5
|
|t:|1743869385
|move|p2a: Hoopa|Dark Pulse|p1a: Rotom
|-damage|p1a: Rotom|60/100
|cant|p1a: Rotom|flinch
|
|-heal|p1a: Rotom|66/100|[from] item: Leftovers
|upkeep
|turn|6
|
|t:|1743869394
|move|p2a: Hoopa|Dark Pulse|p1a: Rotom
|-damage|p1a: Rotom|26/100
|cant|p1a: Rotom|flinch
|
|-heal|p1a: Rotom|33/100|[from] item: Leftovers
|upkeep
|turn|7
|
|t:|1743869402
|switch|p1a: Clodsire|Clodsire, F|100/100
|move|p2a: Hoopa|Dark Pulse|p1a: Clodsire
|-damage|p1a: Clodsire|75/100
|
|upkeep
|turn|8
|
|t:|1743869431
|switch|p1a: Dragonite|Dragonite, M|100/100
|move|p2a: Hoopa|Dark Pulse|p1a: Dragonite
|-damage|p1a: Dragonite|77/100
|
|upkeep
|turn|9
|
|t:|1743869442
|move|p2a: Hoopa|Dark Pulse|p1a: Dragonite
|-damage|p1a: Dragonite|26/100
|cant|p1a: Dragonite|flinch
|
|upkeep
|turn|10
|
|t:|1743869456
|move|p1a: Dragonite|Extreme Speed|p2a: Hoopa
|-damage|p2a: Hoopa|46/100
|move|p2a: Hoopa|Dark Pulse|p1a: Dragonite
|-damage|p1a: Dragonite|0 fnt
|faint|p1a: Dragonite
|
|upkeep
|inactive|Ghol D Von has 120 seconds left.
|
|t:|1743869468
|switch|p1a: Scizor|Scizor, M|100/100
|turn|11
|
|t:|1743869472
|switch|p2a: Iron Treads|Iron Treads, shiny|100/100
|move|p1a: Scizor|Bullet Punch|p2a: Iron Treads
|-resisted|p2a: Iron Treads
|-damage|p2a: Iron Treads|82/100
|
|upkeep
|turn|12
|
|t:|1743869477
|switch|p1a: Latios|Latios, M|100/100
|move|p2a: Iron Treads|Volt Switch|p1a: Latios
|-resisted|p1a: Latios
|-damage|p1a: Latios|95/100
|
|t:|1743869481
|-end|p2a: Iron Treads|Quark Drive|[silent]
|switch|p2a: Hoopa|Hoopa-Unbound|46/100|[from] Volt Switch
|
|upkeep
|turn|13
|
|t:|1743869490
|switch|p1a: Scizor|Scizor, M|100/100
|move|p2a: Hoopa|Dark Pulse|p1a: Scizor
|-damage|p1a: Scizor|36/100
|
|upkeep
|turn|14
|
|t:|1743869497
|move|p2a: Hoopa|Dark Pulse|p1a: Scizor
|-damage|p1a: Scizor|0 fnt
|faint|p1a: Scizor
|
|upkeep
|
|t:|1743869501
|switch|p1a: Latios|Latios, M|95/100
|turn|15
|
|t:|1743869508
|move|p2a: Hoopa|Dark Pulse|p1a: Latios
|-supereffective|p1a: Latios
|-damage|p1a: Latios|0 fnt
|faint|p1a: Latios
|
|upkeep
|-message|Ghol D Von forfeited.
|
|win|KTHAN0S
|raw|Ghol D Von's rating: 1510 &rarr; <strong>1486</strong><br />(-24 for losing)
|raw|KTHAN0S's rating: 1448 &rarr; <strong>1472</strong><br />(+24 for winning)
|l|☆Ghol D Von
|player|p1|
|l|☆KTHAN0S
|player|p2|
