|j|☆Dark Rivial
|j|☆probeywan
|t:|1743887164
|gametype|singles
|player|p1|Dark Rivial|265|1229
|player|p2|probeywan|lucas|1203
|teamsize|p1|6
|teamsize|p2|6
|gen|9
|tier|[Gen 9] OU
|rated|
|rule|HP Percentage Mod: HP is shown in percentages
|rule|Endless Battle Clause: Forcing endless battles is banned
|rule|Species Clause: Limit one of each Pokémon
|rule|OHKO Clause: OHKO moves are banned
|rule|Evasion Items Clause: Evasion items are banned
|rule|Evasion Moves Clause: Evasion moves are banned
|rule|Sleep Moves Clause: Sleep-inducing moves are banned
|clearpoke
|poke|p1|Delphox, M|
|poke|p1|Ninetales-Alola, F|
|poke|p1|Slowking-Galar, M|
|poke|p1|Toxicroak, F|
|poke|p1|Dondozo, M|
|poke|p1|Ceruledge, M|
|poke|p2|Latios, M|
|poke|p2|Mamoswine, M|
|poke|p2|Blaziken, M|
|poke|p2|Zapdos|
|poke|p2|Dragonite, M|
|poke|p2|Venusaur, M|
|teampreview
|
|t:|1743887193
|start
|switch|p1a: Ninetales|Ninetales-Alola, F|100/100
|switch|p2a: Mamoswine|Mamoswine, M|100/100
|-weather|Snowscape|[from] ability: Snow Warning|[of] p1a: Ninetales
|turn|1
|
|t:|1743887204
|move|p1a: Ninetales|Aurora Veil|p1a: Ninetales
|-sidestart|p1: Dark Rivial|move: Aurora Veil
|move|p2a: Mamoswine|Stealth Rock|p1a: Ninetales
|-sidestart|p1: Dark Rivial|move: Stealth Rock
|
|-weather|Snowscape|[upkeep]
|upkeep
|turn|2
|
|t:|1743887213
|move|p1a: Ninetales|Nasty Plot|p1a: Ninetales
|-boost|p1a: Ninetales|spa|2
|move|p2a: Mamoswine|Earthquake|p1a: Ninetales
|-damage|p1a: Ninetales|79/100
|
|-weather|Snowscape|[upkeep]
|upkeep
|turn|3
|
|t:|1743887221
|move|p1a: Ninetales|Freeze-Dry|p2a: Mamoswine
|-damage|p2a: Mamoswine|35/100
|move|p2a: Mamoswine|Earthquake|p1a: Ninetales
|-damage|p1a: Ninetales|58/100
|
|-weather|Snowscape|[upkeep]
|upkeep
|turn|4
|
|t:|1743887251
|move|p1a: Ninetales|Draining Kiss|p2a: Mamoswine
|-damage|p2a: Mamoswine|0 fnt
|-heal|p1a: Ninetales|97/100|[from] drain|[of] p2a: Mamoswine
|faint|p2a: Mamoswine
|
|-weather|Snowscape|[upkeep]
|upkeep
|
|t:|1743887272
|switch|p2a: Blaziken|Blaziken, M|100/100
|turn|5
|
|t:|1743887297
|switch|p1a: Dondozo|Dondozo, M|100/100
|-damage|p1a: Dondozo|88/100|[from] Stealth Rock
|move|p2a: Blaziken|Flare Blitz|p1a: Dondozo
|-resisted|p1a: Dondozo
|-damage|p1a: Dondozo|81/100
|-damage|p2a: Blaziken|97/100|[from] Recoil
|
|-weather|none
|-heal|p2a: Blaziken|100/100|[from] item: Leftovers
|-heal|p1a: Dondozo|87/100|[from] item: Leftovers
|-ability|p2a: Blaziken|Speed Boost|boost
|-boost|p2a: Blaziken|spe|1
|upkeep
|turn|6
|
|t:|1743887311
|switch|p2a: Latios|Latios, M|100/100
|move|p1a: Dondozo|Waterfall|p2a: Latios
|-resisted|p2a: Latios
|-damage|p2a: Latios|78/100
|
|-heal|p1a: Dondozo|93/100|[from] item: Leftovers
|upkeep
|turn|7
|
|t:|1743887324
|switch|p1a: Slowking|Slowking-Galar, M|100/100
|-damage|p1a: Slowking|88/100|[from] Stealth Rock
|move|p2a: Latios|Luster Purge|p1a: Slowking
|-damage|p1a: Slowking|71/100
|
|-heal|p1a: Slowking|77/100|[from] item: Black Sludge
|upkeep
|turn|8
|
|t:|1743887350
|-terastallize|p2a: Latios|Steel
|move|p2a: Latios|Luster Purge|p1a: Slowking
|-damage|p1a: Slowking|59/100
|move|p1a: Slowking|Sludge Wave|p2a: Latios
|-immune|p2a: Latios
|
|-heal|p1a: Slowking|65/100|[from] item: Black Sludge
|-sideend|p1: Dark Rivial|move: Aurora Veil
|upkeep
|turn|9
|
|t:|1743887361
|move|p2a: Latios|Draco Meteor|p1a: Slowking
|-damage|p1a: Slowking|20/100
|-unboost|p2a: Latios|spa|2
|-prepare|p1a: Slowking|Chilly Reception|[premajor]
|move|p1a: Slowking|Chilly Reception|p1a: Slowking
|-weather|Snowscape
|
|t:|1743887369
|switch|p1a: Delphox|Delphox, M|100/100|[from] Chilly Reception
|-damage|p1a: Delphox|76/100|[from] Stealth Rock
|
|-weather|Snowscape|[upkeep]
|-heal|p1a: Delphox|82/100|[from] item: Leftovers
|upkeep
|turn|10
|
|t:|1743887387
|switch|p2a: Dragonite|Dragonite, M|100/100
|move|p1a: Delphox|Agility|p1a: Delphox
|-boost|p1a: Delphox|spe|2
|
|-weather|Snowscape|[upkeep]
|-heal|p1a: Delphox|88/100|[from] item: Leftovers
|upkeep
|turn|11
|
|t:|1743887400
|move|p2a: Dragonite|Extreme Speed|p1a: Delphox
|-damage|p1a: Delphox|37/100
|move|p1a: Delphox|Psychic Noise|p2a: Dragonite
|-damage|p2a: Dragonite|84/100
|-start|p2a: Dragonite|move: Heal Block
|
|-weather|Snowscape|[upkeep]
|-heal|p1a: Delphox|43/100|[from] item: Leftovers
|upkeep
|turn|12
|
|t:|1743887415
|switch|p1a: Dondozo|Dondozo, M|93/100
|-damage|p1a: Dondozo|81/100|[from] Stealth Rock
|move|p2a: Dragonite|Earthquake|p1a: Dondozo
|-damage|p1a: Dondozo|62/100
|
|-weather|Snowscape|[upkeep]
|-heal|p1a: Dondozo|68/100|[from] item: Leftovers
|-end|p2a: Dragonite|move: Heal Block
|upkeep
|turn|13
|
|t:|1743887428
|move|p1a: Dondozo|Waterfall|p2a: Dragonite
|-resisted|p2a: Dragonite
|-damage|p2a: Dragonite|70/100
|move|p2a: Dragonite|Dragon Tail|p1a: Dondozo
|-damage|p1a: Dondozo|51/100
|drag|p1a: Ceruledge|Ceruledge, M|100/100
|-damage|p1a: Ceruledge|76/100|[from] Stealth Rock
|
|-weather|none
|-heal|p1a: Ceruledge|82/100|[from] item: Leftovers
|upkeep
|turn|14
|
|t:|1743887448
|move|p1a: Ceruledge|Bulk Up|p1a: Ceruledge
|-boost|p1a: Ceruledge|atk|1
|-boost|p1a: Ceruledge|def|1
|move|p2a: Dragonite|Dragon Tail|p1a: Ceruledge
|-damage|p1a: Ceruledge|50/100
|drag|p1a: Slowking|Slowking-Galar, M|53/100
|-damage|p1a: Slowking|40/100|[from] Stealth Rock
|
|-heal|p1a: Slowking|46/100|[from] item: Black Sludge
|upkeep
|turn|15
|
|t:|1743887464
|move|p2a: Dragonite|Earthquake|p1a: Slowking
|-supereffective|p1a: Slowking
|-damage|p1a: Slowking|0 fnt
|faint|p1a: Slowking
|
|upkeep
|
|t:|1743887470
|switch|p1a: Ninetales|Ninetales-Alola, F|97/100
|-damage|p1a: Ninetales|72/100|[from] Stealth Rock
|-weather|Snowscape|[from] ability: Snow Warning|[of] p1a: Ninetales
|turn|16
|
|t:|1743887480
|move|p1a: Ninetales|Aurora Veil|p1a: Ninetales
|-sidestart|p1: Dark Rivial|move: Aurora Veil
|move|p2a: Dragonite|Dragon Tail|p1a: Ninetales
|-immune|p1a: Ninetales
|
|-weather|Snowscape|[upkeep]
|upkeep
|turn|17
|
|t:|1743887493
|switch|p2a: Latios|Latios, M, tera:Steel|78/100
|move|p1a: Ninetales|Nasty Plot|p1a: Ninetales
|-boost|p1a: Ninetales|spa|2
|
|-weather|Snowscape|[upkeep]
|upkeep
|turn|18
|
|t:|1743887504
|move|p2a: Latios|Aura Sphere|p1a: Ninetales
|-damage|p1a: Ninetales|55/100
|move|p1a: Ninetales|Freeze-Dry|p2a: Latios
|-resisted|p2a: Latios
|-damage|p2a: Latios|53/100
|
|-weather|Snowscape|[upkeep]
|upkeep
|turn|19
|
|t:|1743887513
|move|p2a: Latios|Aura Sphere|p1a: Ninetales
|-crit|p1a: Ninetales
|-damage|p1a: Ninetales|3/100
|move|p1a: Ninetales|Nasty Plot|p1a: Ninetales
|-boost|p1a: Ninetales|spa|2
|
|-weather|Snowscape|[upkeep]
|upkeep
|turn|20
|
|t:|1743887521
|move|p2a: Latios|Aura Sphere|p1a: Ninetales
|-damage|p1a: Ninetales|0 fnt
|faint|p1a: Ninetales
|
|-weather|none
|upkeep
|
|t:|1743887528
|switch|p1a: Ceruledge|Ceruledge, M|50/100
|-damage|p1a: Ceruledge|25/100|[from] Stealth Rock
|turn|21
|
|t:|1743887533
|move|p2a: Latios|Luster Purge|p1a: Ceruledge
|-damage|p1a: Ceruledge|0 fnt
|faint|p1a: Ceruledge
|
|upkeep
|
|t:|1743887550
|switch|p1a: Toxicroak|Toxicroak, F|100/100
|-damage|p1a: Toxicroak|94/100|[from] Stealth Rock
|turn|22
|
|t:|1743887560
|-terastallize|p1a: Toxicroak|Dark
|move|p2a: Latios|Luster Purge|p1a: Toxicroak
|-immune|p1a: Toxicroak
|move|p1a: Toxicroak|Bulk Up|p1a: Toxicroak
|-boost|p1a: Toxicroak|atk|1
|-boost|p1a: Toxicroak|def|1
|
|-heal|p1a: Toxicroak|100/100|[from] item: Leftovers
|upkeep
|turn|23
|
|t:|1743887572
|move|p2a: Latios|Aura Sphere|p1a: Toxicroak
|-supereffective|p1a: Toxicroak
|-damage|p1a: Toxicroak|62/100
|move|p1a: Toxicroak|Drain Punch|p2a: Latios
|-supereffective|p2a: Latios
|-damage|p2a: Latios|0 fnt
|-heal|p1a: Toxicroak|83/100|[from] drain|[of] p2a: Latios
|faint|p2a: Latios
|
|-heal|p1a: Toxicroak|90/100|[from] item: Leftovers
|-sideend|p1: Dark Rivial|move: Aurora Veil
|upkeep
|
|t:|1743887587
|switch|p2a: Venusaur|Venusaur, M|100/100
|turn|24
|
|t:|1743887599
|move|p1a: Toxicroak|Sucker Punch|p2a: Venusaur
|-damage|p2a: Venusaur|47/100
|move|p2a: Venusaur|Sludge Bomb|p1a: Toxicroak
|-damage|p1a: Toxicroak|24/100
|-damage|p2a: Venusaur|37/100|[from] item: Life Orb
|
|-heal|p1a: Toxicroak|30/100|[from] item: Leftovers
|upkeep
|turn|25
|
|t:|1743887619
|move|p2a: Venusaur|Growth|p2a: Venusaur
|-boost|p2a: Venusaur|atk|1
|-boost|p2a: Venusaur|spa|1
|move|p1a: Toxicroak|Poison Jab|p2a: Venusaur
|-damage|p2a: Venusaur|0 fnt
|faint|p2a: Venusaur
|
|-heal|p1a: Toxicroak|37/100|[from] item: Leftovers
|upkeep
|
|t:|1743887633
|switch|p2a: Zapdos|Zapdos|100/100
|turn|26
|
|t:|1743887639
|move|p2a: Zapdos|Volt Switch|p1a: Toxicroak
|-damage|p1a: Toxicroak|0 fnt
|faint|p1a: Toxicroak
|
|t:|1743887646
|switch|p2a: Dragonite|Dragonite, M|70/100|[from] Volt Switch
|
|upkeep
|
|t:|1743887650
|switch|p1a: Dondozo|Dondozo, M|51/100
|-damage|p1a: Dondozo|39/100|[from] Stealth Rock
|turn|27
|
|t:|1743887658
|move|p2a: Dragonite|Extreme Speed|p1a: Dondozo
|-damage|p1a: Dondozo|24/100
|move|p1a: Dondozo|Rest|p1a: Dondozo
|-status|p1a: Dondozo|slp|[from] move: Rest
|-heal|p1a: Dondozo|100/100 slp|[silent]
|
|upkeep
|turn|28
|
|t:|1743887667
|cant|p1a: Dondozo|slp
|move|p2a: Dragonite|Dragon Tail|p1a: Dondozo
|-damage|p1a: Dondozo|82/100 slp
|drag|p1a: Delphox|Delphox, M|43/100
|-damage|p1a: Delphox|18/100|[from] Stealth Rock
|
|-heal|p1a: Delphox|25/100|[from] item: Leftovers
|upkeep
|turn|29
|
|t:|1743887679
|move|p1a: Delphox|Psychic Noise|p2a: Dragonite
|-damage|p2a: Dragonite|39/100
|-start|p2a: Dragonite|move: Heal Block
|move|p2a: Dragonite|Earthquake|p1a: Delphox
|-supereffective|p1a: Delphox
|-damage|p1a: Delphox|0 fnt
|faint|p1a: Delphox
|
|upkeep
|
|t:|1743887687
|switch|p1a: Dondozo|Dondozo, M|82/100 slp
|-damage|p1a: Dondozo|70/100 slp|[from] Stealth Rock
|turn|30
|
|t:|1743887693
|cant|p1a: Dondozo|slp
|move|p2a: Dragonite|Dragon Tail|p1a: Dondozo
|-damage|p1a: Dondozo|53/100 slp
|
|-heal|p1a: Dondozo|59/100 slp|[from] item: Leftovers
|-end|p2a: Dragonite|move: Heal Block
|upkeep
|turn|31
|
|t:|1743887700
|move|p2a: Dragonite|Roost|p2a: Dragonite
|-heal|p2a: Dragonite|89/100
|-singleturn|p2a: Dragonite|move: Roost
|-curestatus|p1a: Dondozo|slp|[msg]
|move|p1a: Dondozo|Curse|p1a: Dondozo
|-unboost|p1a: Dondozo|spe|1
|-boost|p1a: Dondozo|atk|1
|-boost|p1a: Dondozo|def|1
|
|-heal|p1a: Dondozo|65/100|[from] item: Leftovers
|upkeep
|turn|32
|
|t:|1743887712
|move|p2a: Dragonite|Earthquake|p1a: Dondozo
|-damage|p1a: Dondozo|51/100
|move|p1a: Dondozo|Waterfall|p2a: Dragonite
|-resisted|p2a: Dragonite
|-damage|p2a: Dragonite|63/100
|
|-heal|p1a: Dondozo|57/100|[from] item: Leftovers
|upkeep
|turn|33
|
|t:|1743887724
|move|p1a: Dondozo|Rest|p1a: Dondozo
|-status|p1a: Dondozo|slp|[from] move: Rest
|-heal|p1a: Dondozo|100/100 slp|[silent]
|move|p2a: Dragonite|Dragon Tail|p1a: Dondozo|[miss]
|-miss|p2a: Dragonite|p1a: Dondozo
|
|upkeep
|turn|34
|
|t:|1743887731
|cant|p1a: Dondozo|slp
|move|p2a: Dragonite|Dragon Tail|p1a: Dondozo
|-crit|p1a: Dondozo
|-damage|p1a: Dondozo|75/100 slp
|
|-heal|p1a: Dondozo|81/100 slp|[from] item: Leftovers
|upkeep
|turn|35
|
|t:|1743887738
|cant|p1a: Dondozo|slp
|move|p2a: Dragonite|Dragon Tail|p1a: Dondozo
|-damage|p1a: Dondozo|70/100 slp
|
|-heal|p1a: Dondozo|76/100 slp|[from] item: Leftovers
|upkeep
|turn|36
|
|t:|1743887744
|-curestatus|p1a: Dondozo|slp|[msg]
|move|p1a: Dondozo|Curse|p1a: Dondozo
|-unboost|p1a: Dondozo|spe|1
|-boost|p1a: Dondozo|atk|1
|-boost|p1a: Dondozo|def|1
|move|p2a: Dragonite|Dragon Tail|p1a: Dondozo
|-damage|p1a: Dondozo|68/100
|
|-heal|p1a: Dondozo|74/100|[from] item: Leftovers
|upkeep
|turn|37
|
|t:|1743887755
|move|p2a: Dragonite|Extreme Speed|p1a: Dondozo
|-damage|p1a: Dondozo|66/100
|move|p1a: Dondozo|Waterfall|p2a: Dragonite
|-resisted|p2a: Dragonite
|-damage|p2a: Dragonite|32/100
|
|-heal|p1a: Dondozo|72/100|[from] item: Leftovers
|upkeep
|turn|38
|
|t:|1743887765
|move|p2a: Dragonite|Earthquake|p1a: Dondozo
|-damage|p1a: Dondozo|62/100
|move|p1a: Dondozo|Curse|p1a: Dondozo
|-unboost|p1a: Dondozo|spe|1
|-boost|p1a: Dondozo|atk|1
|-boost|p1a: Dondozo|def|1
|
|-heal|p1a: Dondozo|68/100|[from] item: Leftovers
|upkeep
|turn|39
|
|t:|1743887775
|move|p1a: Dondozo|Curse|p1a: Dondozo
|-unboost|p1a: Dondozo|spe|1
|-boost|p1a: Dondozo|atk|1
|-boost|p1a: Dondozo|def|1
|move|p2a: Dragonite|Dragon Tail|p1a: Dondozo
|-damage|p1a: Dondozo|62/100
|
|-heal|p1a: Dondozo|68/100|[from] item: Leftovers
|upkeep
|turn|40
|
|t:|1743887784
|move|p1a: Dondozo|Curse|p1a: Dondozo
|-unboost|p1a: Dondozo|spe|1
|-boost|p1a: Dondozo|atk|1
|-boost|p1a: Dondozo|def|1
|move|p2a: Dragonite|Dragon Tail|p1a: Dondozo
|-damage|p1a: Dondozo|63/100
|
|-heal|p1a: Dondozo|69/100|[from] item: Leftovers
|upkeep
|turn|41
|
|t:|1743887797
|move|p2a: Dragonite|Roost|p2a: Dragonite
|-heal|p2a: Dragonite|82/100
|-singleturn|p2a: Dragonite|move: Roost
|move|p1a: Dondozo|Curse|p1a: Dondozo
|-unboost|p1a: Dondozo|spe|1
|-boost|p1a: Dondozo|atk|1
|-boost|p1a: Dondozo|def|1
|
|-heal|p1a: Dondozo|75/100|[from] item: Leftovers
|upkeep
|turn|42
|
|t:|1743887807
|move|p2a: Dragonite|Roost|p2a: Dragonite
|-heal|p2a: Dragonite|100/100
|-singleturn|p2a: Dragonite|move: Roost
|move|p1a: Dondozo|Waterfall|p2a: Dragonite
|-resisted|p2a: Dragonite
|-damage|p2a: Dragonite|68/100
|
|-heal|p1a: Dondozo|81/100|[from] item: Leftovers
|upkeep
|turn|43
|
|t:|1743887819
|move|p1a: Dondozo|Tera Blast|p2a: Dragonite
|-damage|p2a: Dragonite|58/100
|move|p2a: Dragonite|Dragon Tail|p1a: Dondozo|[miss]
|-miss|p2a: Dragonite|p1a: Dondozo
|
|-heal|p1a: Dondozo|87/100|[from] item: Leftovers
|upkeep
|turn|44
|
|t:|1743887829
|move|p2a: Dragonite|Earthquake|p1a: Dondozo
|-damage|p1a: Dondozo|82/100
|move|p1a: Dondozo|Waterfall|p2a: Dragonite
|-resisted|p2a: Dragonite
|-damage|p2a: Dragonite|0 fnt
|faint|p2a: Dragonite
|
|-heal|p1a: Dondozo|88/100|[from] item: Leftovers
|upkeep
|
|t:|1743887838
|switch|p2a: Zapdos|Zapdos|100/100
|turn|45
|
|t:|1743887843
|move|p2a: Zapdos|Volt Switch|p1a: Dondozo
|-supereffective|p1a: Dondozo
|-damage|p1a: Dondozo|22/100
|
|t:|1743887847
|switch|p2a: Blaziken|Blaziken, M|100/100|[from] Volt Switch
|move|p1a: Dondozo|Waterfall|p2a: Blaziken
|-supereffective|p2a: Blaziken
|-crit|p2a: Blaziken
|-damage|p2a: Blaziken|0 fnt
|faint|p2a: Blaziken
|
|-heal|p1a: Dondozo|29/100|[from] item: Leftovers
|upkeep
|
|t:|1743887856
|switch|p2a: Zapdos|Zapdos|100/100
|turn|46
|-message|Dark Rivial forfeited.
|
|win|probeywan
|raw|Dark Rivial's rating: 1229 &rarr; <strong>1202</strong><br />(-27 for losing)
|raw|probeywan's rating: 1203 &rarr; <strong>1230</strong><br />(+27 for winning)
|l|☆Dark Rivial
|player|p1|
|c|☆probeywan|wow
|l|☆probeywan
|player|p2|
