|j|☆supercrack1
|j|☆lupiit
|t:|1743834037
|gametype|singles
|player|p1|supercrack1|170|1127
|player|p2|lupiit|dragontamer|1136
|teamsize|p1|6
|teamsize|p2|6
|gen|9
|tier|[Gen 9] OU
|rated|
|rule|HP Percentage Mod: HP is shown in percentages
|rule|Endless Battle Clause: Forcing endless battles is banned
|rule|Species Clause: Limit one of each Pokémon
|rule|OHKO Clause: OHKO moves are banned
|rule|Evasion Items Clause: Evasion items are banned
|rule|Evasion Moves Clause: Evasion moves are banned
|rule|Sleep Moves Clause: Sleep-inducing moves are banned
|clearpoke
|poke|p1|Gyarados, M|
|poke|p1|Garchomp, M|
|poke|p1|Porygon2|
|poke|p1|Metagross|
|poke|p1|Zoroark, M|
|poke|p1|Incineroar, M|
|poke|p2|Kyurem|
|poke|p2|Cinderace, M|
|poke|p2|Electrode-Hisui|
|poke|p2|Scizor, F|
|poke|p2|Smeargle, F|
|poke|p2|Mew|
|teampreview
|inactive|Battle timer is ON: inactive players will automatically lose when time's up. (requested by lupiit)
|
|t:|1743834055
|start
|switch|p1a: Metagross|Metagross, shiny|100/100
|switch|p2a: SONIC BALL|Electrode-Hisui|100/100
|turn|1
|
|t:|1743834062
|move|p2a: SONIC BALL|Volt Switch|p1a: Metagross
|-damage|p1a: Metagross|39/100
|replace|p1a: Zoroark|Zoroark, M, shiny
|-end|p1a: Zoroark|Illusion
|-damage|p2a: SONIC BALL|91/100|[from] item: Life Orb
|
|t:|1743834066
|switch|p2a: U-TURN EZPZ|Scizor, F|100/100|[from] Volt Switch
|move|p1a: Zoroark|Flamethrower|p2a: U-TURN EZPZ
|-supereffective|p2a: U-TURN EZPZ
|-damage|p2a: U-TURN EZPZ|0 fnt
|faint|p2a: U-TURN EZPZ
|-damage|p1a: Zoroark|29/100|[from] item: Life Orb
|
|upkeep
|
|t:|1743834068
|switch|p2a: SONIC BALL|Electrode-Hisui|91/100
|turn|2
|
|t:|1743834082
|move|p2a: SONIC BALL|Charge Beam|p1a: Zoroark
|-damage|p1a: Zoroark|0 fnt
|faint|p1a: Zoroark
|-damage|p2a: SONIC BALL|81/100|[from] item: Life Orb
|
|upkeep
|
|t:|1743834089
|switch|p1a: Incineroar|Incineroar, M, shiny|100/100
|-ability|p1a: Incineroar|Intimidate|boost
|-unboost|p2a: SONIC BALL|atk|1
|turn|3
|
|t:|1743834095
|move|p1a: Incineroar|Fake Out|p2a: SONIC BALL
|-damage|p2a: SONIC BALL|56/100
|cant|p2a: SONIC BALL|flinch
|
|upkeep
|turn|4
|
|t:|1743834109
|switch|p1a: Metagross|Metagross, shiny|100/100
|move|p2a: SONIC BALL|Volt Switch|p1a: Metagross
|-damage|p1a: Metagross|53/100
|-damage|p2a: SONIC BALL|46/100|[from] item: Life Orb
|inactive|lupiit has 120 seconds left.
|
|t:|1743834140
|switch|p2a: GOAL!|Cinderace, M|100/100|[from] Volt Switch
|
|upkeep
|turn|5
|
|t:|1743834150
|switch|p1a: Gyarados|Gyarados, M, shiny|100/100
|-ability|p1a: Gyarados|Intimidate|boost
|-unboost|p2a: GOAL!|atk|1
|-item|p1a: Gyarados|Air Balloon
|move|p2a: GOAL!|Pyro Ball|p1a: Gyarados
|-resisted|p1a: Gyarados
|-damage|p1a: Gyarados|65/100
|-enditem|p1a: Gyarados|Air Balloon
|
|upkeep
|turn|6
|
|t:|1743834164
|switch|p2a: PICASSO|Smeargle, F|100/100
|move|p1a: Gyarados|Waterfall|p2a: PICASSO
|-enditem|p2a: PICASSO|Focus Sash
|-damage|p2a: PICASSO|1/100
|
|upkeep
|turn|7
|
|t:|1743834173
|switch|p1a: Garchomp|Garchomp, M, shiny|100/100
|move|p2a: PICASSO|Decorate|p1a: Garchomp
|-boost|p1a: Garchomp|atk|2
|-boost|p1a: Garchomp|spa|2
|
|upkeep
|turn|8
|
|t:|1743834184
|move|p2a: PICASSO|Decorate|p1a: Garchomp
|-boost|p1a: Garchomp|atk|2
|-boost|p1a: Garchomp|spa|2
|move|p1a: Garchomp|Iron Head|p2a: PICASSO
|-crit|p2a: PICASSO
|-damage|p2a: PICASSO|0 fnt
|faint|p2a: PICASSO
|
|upkeep
|
|t:|1743834187
|switch|p2a: Mew|Mew|100/100
|turn|9
|
|t:|1743834196
|switch|p1a: Gyarados|Gyarados, M, shiny|65/100
|-ability|p1a: Gyarados|Intimidate|boost
|-unboost|p2a: Mew|atk|1
|move|p2a: Mew|Ice Beam|p1a: Gyarados
|-damage|p1a: Gyarados|38/100
|
|upkeep
|turn|10
|
|t:|1743834204
|move|p2a: Mew|Volt Switch|p1a: Gyarados
|-supereffective|p1a: Gyarados
|-damage|p1a: Gyarados|0 fnt
|faint|p1a: Gyarados
|
|t:|1743834210
|switch|p2a: CHILLYYYYYYYY|Kyurem|100/100|[from] Volt Switch
|-ability|p2a: CHILLYYYYYYYY|Pressure
|
|upkeep
|
|t:|1743834215
|switch|p1a: Porygon2|Porygon2, shiny|100/100
|turn|11
|
|t:|1743834221
|move|p2a: CHILLYYYYYYYY|Ice Beam|p1a: Porygon2
|-damage|p1a: Porygon2|58/100
|move|p1a: Porygon2|Trick Room|p1a: Porygon2
|-fieldstart|move: Trick Room|[of] p1a: Porygon2
|
|upkeep
|turn|12
|
|t:|1743834227
|move|p1a: Porygon2|Thunder Wave|p2a: CHILLYYYYYYYY
|-status|p2a: CHILLYYYYYYYY|par
|move|p2a: CHILLYYYYYYYY|Ice Beam|p1a: Porygon2
|-damage|p1a: Porygon2|10/100
|
|upkeep
|turn|13
|
|t:|1743834233
|move|p1a: Porygon2|Tri Attack|p2a: CHILLYYYYYYYY
|-damage|p2a: CHILLYYYYYYYY|60/100 par
|cant|p2a: CHILLYYYYYYYY|par
|
|upkeep
|turn|14
|
|t:|1743834238
|move|p1a: Porygon2|Tri Attack|p2a: CHILLYYYYYYYY
|-crit|p2a: CHILLYYYYYYYY
|-damage|p2a: CHILLYYYYYYYY|6/100 par
|cant|p2a: CHILLYYYYYYYY|par
|
|upkeep
|turn|15
|
|t:|1743834243
|move|p1a: Porygon2|Tri Attack|p2a: CHILLYYYYYYYY
|-damage|p2a: CHILLYYYYYYYY|0 fnt
|faint|p2a: CHILLYYYYYYYY
|
|-fieldend|move: Trick Room
|upkeep
|-message|lupiit forfeited.
|
|win|supercrack1
|raw|supercrack1's rating: 1127 &rarr; <strong>1153</strong><br />(+26 for winning)
|raw|lupiit's rating: 1136 &rarr; <strong>1110</strong><br />(-26 for losing)
|l|☆lupiit
|player|p2|
|l|☆supercrack1
|player|p1|
