|j|☆fasterfaster88
|j|☆2(H2O)-Alt
|t:|1743852756
|gametype|singles
|player|p1|fasterfaster88|1|1788
|player|p2|2(H2O)-Alt|chase|1756
|teamsize|p1|6
|teamsize|p2|6
|gen|9
|tier|[Gen 9] OU
|rated|
|rule|HP Percentage Mod: HP is shown in percentages
|rule|Endless Battle Clause: Forcing endless battles is banned
|rule|Species Clause: Limit one of each Pokémon
|rule|OHKO Clause: OHKO moves are banned
|rule|Evasion Items Clause: Evasion items are banned
|rule|Evasion Moves Clause: Evasion moves are banned
|rule|Sleep Moves Clause: Sleep-inducing moves are banned
|clearpoke
|poke|p1|Clefable, F|
|poke|p1|Incineroar, F|
|poke|p1|Clodsire, M|
|poke|p1|Zapdos-Galar|
|poke|p1|Gholdengo|
|poke|p1|Dragapult, M|
|poke|p2|Cinderace, M|
|poke|p2|Kyurem|
|poke|p2|Kingambit, M|
|poke|p2|Darkrai|
|poke|p2|Alomomola, M|
|poke|p2|Moltres|
|teampreview
|inactive|Battle timer is ON: inactive players will automatically lose when time's up. (requested by fasterfaster88)
|c|☆2(H2O)-Alt|Hf big bri
|c|☆2(H2O)-Alt|bro
|inactive|fasterfaster88 has 120 seconds left.
|
|t:|1743852790
|start
|switch|p1a: Clodsire|Clodsire, M, shiny|100/100
|switch|p2a: Alomomola|Alomomola, M|100/100
|turn|1
|
|t:|1743852808
|switch|p2a: Kyurem|Kyurem|100/100
|-ability|p2a: Kyurem|Pressure
|move|p1a: Clodsire|Stealth Rock|p2a: Kyurem
|-sidestart|p2: 2(H2O)-Alt|move: Stealth Rock
|
|upkeep
|turn|2
|
|t:|1743852813
|move|p2a: Kyurem|Icicle Spear|p1a: Clodsire
|-supereffective|p1a: Clodsire
|-crit|p1a: Clodsire
|-damage|p1a: Clodsire|55/100
|-supereffective|p1a: Clodsire
|-damage|p1a: Clodsire|25/100
|-supereffective|p1a: Clodsire
|-damage|p1a: Clodsire|0 fnt
|faint|p1a: Clodsire
|-hitcount|p1: Clodsire|3
|
|upkeep
|
|t:|1743852823
|switch|p1a: Zapdos|Zapdos-Galar, shiny|100/100
|turn|3
|
|t:|1743852828
|switch|p2a: Moltres|Moltres|100/100
|-ability|p2a: Moltres|Pressure
|move|p1a: Zapdos|Thunderous Kick|p2a: Moltres
|-resisted|p2a: Moltres
|-damage|p2a: Moltres|81/100
|-unboost|p2a: Moltres|def|1
|
|upkeep
|turn|4
|
|t:|1743852839
|move|p1a: Zapdos|Knock Off|p2a: Moltres
|-damage|p2a: Moltres|34/100
|-enditem|p2a: Moltres|Heavy-Duty Boots|[from] move: Knock Off|[of] p1a: Zapdos
|move|p2a: Moltres|U-turn|p1a: Zapdos
|-resisted|p1a: Zapdos
|-damage|p1a: Zapdos|97/100
|
|t:|1743852843
|switch|p2a: Cinderace|Cinderace, M|100/100|[from] U-turn
|
|upkeep
|turn|5
|
|t:|1743852847
|move|p2a: Cinderace|Court Change|p2a: Cinderace
|-swapsideconditions
|-activate|p2a: Cinderace|move: Court Change
|move|p1a: Zapdos|Thunderous Kick|p2a: Cinderace
|-damage|p2a: Cinderace|39/100
|-unboost|p2a: Cinderace|def|1
|
|upkeep
|turn|6
|
|t:|1743852853
|move|p2a: Cinderace|U-turn|p1a: Zapdos
|-resisted|p1a: Zapdos
|-damage|p1a: Zapdos|91/100
|
|t:|1743852854
|switch|p2a: Alomomola|Alomomola, M|100/100|[from] U-turn
|move|p1a: Zapdos|Thunderous Kick|p2a: Alomomola
|-damage|p2a: Alomomola|70/100
|-unboost|p2a: Alomomola|def|1
|
|upkeep
|turn|7
|
|t:|1743852870
|switch|p2a: Moltres|Moltres|34/100
|-ability|p2a: Moltres|Pressure
|move|p1a: Zapdos|Bulk Up|p1a: Zapdos
|-boost|p1a: Zapdos|atk|1
|-boost|p1a: Zapdos|def|1
|
|upkeep
|turn|8
|
|t:|1743852879
|move|p1a: Zapdos|Brave Bird|p2a: Moltres
|-damage|p2a: Moltres|0 fnt
|faint|p2a: Moltres
|-damage|p1a: Zapdos|77/100|[from] Recoil
|
|upkeep
|
|t:|1743852893
|switch|p2a: Cinderace|Cinderace, M|39/100
|turn|9
|
|t:|1743852896
|move|p2a: Cinderace|Will-O-Wisp|p1a: Zapdos
|-status|p1a: Zapdos|brn
|-enditem|p1a: Zapdos|Lum Berry|[eat]
|-curestatus|p1a: Zapdos|brn|[msg]
|move|p1a: Zapdos|Thunderous Kick|p2a: Cinderace
|-damage|p2a: Cinderace|0 fnt
|faint|p2a: Cinderace
|
|upkeep
|
|t:|1743852904
|switch|p2a: Darkrai|Darkrai|100/100
|turn|10
|
|t:|1743852908
|-terastallize|p1a: Zapdos|Steel
|move|p2a: Darkrai|Ice Beam|p1a: Zapdos
|-resisted|p1a: Zapdos
|-damage|p1a: Zapdos|50/100
|move|p1a: Zapdos|Thunderous Kick|p2a: Darkrai
|-supereffective|p2a: Darkrai
|-damage|p2a: Darkrai|0 fnt
|faint|p2a: Darkrai
|
|upkeep
|
|t:|1743852916
|switch|p2a: Kingambit|Kingambit, M|100/100
|-activate|p2a: Kingambit|ability: Supreme Overlord
|-start|p2a: Kingambit|fallen3|[silent]
|turn|11
|
|t:|1743852920
|-terastallize|p2a: Kingambit|Dark
|move|p2a: Kingambit|Sucker Punch|p1a: Zapdos
|-damage|p1a: Zapdos|0 fnt
|faint|p1a: Zapdos
|
|upkeep
|
|t:|1743852929
|switch|p1a: Incineroar|Incineroar, F, shiny|100/100
|-ability|p1a: Incineroar|Intimidate|boost
|-unboost|p2a: Kingambit|atk|1
|turn|12
|
|t:|1743852931
|-end|p2a: Kingambit|fallen3|[silent]
|switch|p2a: Alomomola|Alomomola, M|100/100
|move|p1a: Incineroar|Will-O-Wisp|p2a: Alomomola
|-status|p2a: Alomomola|brn
|
|-damage|p2a: Alomomola|94/100 brn|[from] brn
|upkeep
|turn|13
|
|t:|1743852939
|move|p1a: Incineroar|Knock Off|p2a: Alomomola
|-damage|p2a: Alomomola|62/100 brn
|-enditem|p2a: Alomomola|Assault Vest|[from] move: Knock Off|[of] p1a: Incineroar
|move|p2a: Alomomola|Scald|p1a: Incineroar
|-supereffective|p1a: Incineroar
|-damage|p1a: Incineroar|74/100
|
|-damage|p2a: Alomomola|56/100 brn|[from] brn
|upkeep
|turn|14
|
|t:|1743852948
|move|p1a: Incineroar|U-turn|p2a: Alomomola
|-damage|p2a: Alomomola|39/100 brn
|
|t:|1743852955
|switch|p1a: Dragapult|Dragapult, M|100/100|[from] U-turn
|move|p2a: Alomomola|Flip Turn|p1a: Dragapult
|-resisted|p1a: Dragapult
|-damage|p1a: Dragapult|95/100
|
|t:|1743852961
|switch|p2a: Kingambit|Kingambit, M, tera:Dark|100/100|[from] Flip Turn
|-activate|p2a: Kingambit|ability: Supreme Overlord
|-start|p2a: Kingambit|fallen3|[silent]
|
|upkeep
|turn|15
|inactive|fasterfaster88 has 120 seconds left.
|
|t:|1743852996
|move|p1a: Dragapult|U-turn|p2a: Kingambit
|-supereffective|p2a: Kingambit
|-damage|p2a: Kingambit|62/100
|
|t:|1743852999
|switch|p1a: Incineroar|Incineroar, F, shiny|74/100|[from] U-turn
|-ability|p1a: Incineroar|Intimidate|boost
|-unboost|p2a: Kingambit|atk|1
|move|p2a: Kingambit|Kowtow Cleave|p1a: Incineroar
|-resisted|p1a: Incineroar
|-damage|p1a: Incineroar|41/100
|
|upkeep
|turn|16
|
|t:|1743853009
|-end|p2a: Kingambit|fallen3|[silent]
|switch|p2a: Alomomola|Alomomola, M|72/100 brn
|move|p1a: Incineroar|U-turn|p2a: Alomomola
|-damage|p2a: Alomomola|55/100 brn
|
|t:|1743853020
|switch|p1a: Dragapult|Dragapult, M|95/100|[from] U-turn
|
|-damage|p2a: Alomomola|49/100 brn|[from] brn
|upkeep
|turn|17
|
|t:|1743853025
|move|p1a: Dragapult|Hex|p2a: Alomomola
|-damage|p2a: Alomomola|10/100 brn
|move|p2a: Alomomola|Flip Turn|p1a: Dragapult
|-resisted|p1a: Dragapult
|-damage|p1a: Dragapult|89/100
|
|t:|1743853027
|switch|p2a: Kingambit|Kingambit, M, tera:Dark|62/100|[from] Flip Turn
|-activate|p2a: Kingambit|ability: Supreme Overlord
|-start|p2a: Kingambit|fallen3|[silent]
|
|upkeep
|turn|18
|
|t:|1743853033
|move|p1a: Dragapult|Will-O-Wisp|p2a: Kingambit
|-status|p2a: Kingambit|brn
|move|p2a: Kingambit|Kowtow Cleave|p1a: Dragapult
|-supereffective|p1a: Dragapult
|-damage|p1a: Dragapult|0 fnt
|faint|p1a: Dragapult
|
|-damage|p2a: Kingambit|56/100 brn|[from] brn
|upkeep
|
|t:|1743853048
|switch|p1a: Incineroar|Incineroar, F, shiny|41/100
|-ability|p1a: Incineroar|Intimidate|boost
|-unboost|p2a: Kingambit|atk|1
|turn|19
|
|t:|1743853053
|-end|p2a: Kingambit|fallen3|[silent]
|switch|p2a: Alomomola|Alomomola, M|44/100 brn
|move|p1a: Incineroar|U-turn|p2a: Alomomola
|-damage|p2a: Alomomola|28/100 brn
|
|t:|1743853059
|switch|p1a: Clefable|Clefable, F, shiny|100/100|[from] U-turn
|-damage|p1a: Clefable|88/100|[from] Stealth Rock
|
|-heal|p1a: Clefable|94/100|[from] item: Leftovers
|-damage|p2a: Alomomola|22/100 brn|[from] brn
|upkeep
|turn|20
|
|t:|1743853062
|move|p1a: Clefable|Wish|p1a: Clefable
|move|p2a: Alomomola|Flip Turn|p1a: Clefable
|-damage|p1a: Clefable|88/100
|
|t:|1743853064
|switch|p2a: Kingambit|Kingambit, M, tera:Dark|56/100 brn|[from] Flip Turn
|-activate|p2a: Kingambit|ability: Supreme Overlord
|-start|p2a: Kingambit|fallen3|[silent]
|
|-heal|p1a: Clefable|94/100|[from] item: Leftovers
|-damage|p2a: Kingambit|50/100 brn|[from] brn
|upkeep
|turn|21
|
|t:|1743853077
|-end|p2a: Kingambit|fallen3|[silent]
|switch|p2a: Alomomola|Alomomola, M|56/100 brn
|move|p1a: Clefable|Calm Mind|p1a: Clefable
|-boost|p1a: Clefable|spa|1
|-boost|p1a: Clefable|spd|1
|
|-heal|p1a: Clefable|100/100|[from] move: Wish|[wisher] Clefable
|-damage|p2a: Alomomola|49/100 brn|[from] brn
|upkeep
|turn|22
|
|t:|1743853085
|move|p1a: Clefable|Moonblast|p2a: Alomomola
|-damage|p2a: Alomomola|14/100 brn
|-unboost|p2a: Alomomola|spa|1
|move|p2a: Alomomola|Flip Turn|p1a: Clefable
|-damage|p1a: Clefable|94/100
|
|t:|1743853087
|switch|p2a: Kingambit|Kingambit, M, tera:Dark|50/100 brn|[from] Flip Turn
|-activate|p2a: Kingambit|ability: Supreme Overlord
|-start|p2a: Kingambit|fallen3|[silent]
|
|-heal|p1a: Clefable|100/100|[from] item: Leftovers
|-damage|p2a: Kingambit|44/100 brn|[from] brn
|upkeep
|turn|23
|
|t:|1743853093
|move|p2a: Kingambit|Iron Head|p1a: Clefable
|-supereffective|p1a: Clefable
|-damage|p1a: Clefable|54/100
|move|p1a: Clefable|Wish|p1a: Clefable
|
|-heal|p1a: Clefable|61/100|[from] item: Leftovers
|-damage|p2a: Kingambit|38/100 brn|[from] brn
|upkeep
|turn|24
|
|t:|1743853103
|move|p2a: Kingambit|Iron Head|p1a: Clefable
|-supereffective|p1a: Clefable
|-damage|p1a: Clefable|12/100
|move|p1a: Clefable|Moonblast|p2a: Kingambit
|-supereffective|p2a: Kingambit
|-damage|p2a: Kingambit|0 fnt
|faint|p2a: Kingambit
|-end|p2a: Kingambit|fallen3|[silent]
|
|-heal|p1a: Clefable|62/100|[from] move: Wish|[wisher] Clefable
|-heal|p1a: Clefable|68/100|[from] item: Leftovers
|upkeep
|
|t:|1743853107
|switch|p2a: Kyurem|Kyurem|100/100
|-ability|p2a: Kyurem|Pressure
|turn|25
|
|t:|1743853112
|move|p2a: Kyurem|Dragon Dance|p2a: Kyurem
|-boost|p2a: Kyurem|atk|1
|-boost|p2a: Kyurem|spe|1
|move|p1a: Clefable|Moonblast|p2a: Kyurem
|-supereffective|p2a: Kyurem
|-crit|p2a: Kyurem
|-damage|p2a: Kyurem|0 fnt
|faint|p2a: Kyurem
|
|-heal|p1a: Clefable|74/100|[from] item: Leftovers
|upkeep
|c|☆2(H2O)-Alt|gg
|c|☆fasterfaster88|gg
|c|☆2(H2O)-Alt|Wp
|-message|2(H2O)-Alt forfeited.
|
|win|fasterfaster88
|raw|fasterfaster88's rating: 1788 &rarr; <strong>1806</strong><br />(+18 for winning)
|raw|2(H2O)-Alt's rating: 1756 &rarr; <strong>1738</strong><br />(-18 for losing)
|l|☆2(H2O)-Alt
|player|p2|
|l|☆fasterfaster88
|player|p1|
