|j|☆zywlj
|j|☆JEANPMGCB
|t:|1743899769
|gametype|singles
|player|p1|zywlj|lucas|1111
|player|p2|JEANPMGCB|riley|1110
|teamsize|p1|6
|teamsize|p2|6
|gen|9
|tier|[Gen 9] OU
|rated|
|rule|HP Percentage Mod: HP is shown in percentages
|rule|Endless Battle Clause: Forcing endless battles is banned
|rule|Species Clause: Limit one of each Pokémon
|rule|OHKO Clause: OHKO moves are banned
|rule|Evasion Items Clause: Evasion items are banned
|rule|Evasion Moves Clause: Evasion moves are banned
|rule|Sleep Moves Clause: Sleep-inducing moves are banned
|clearpoke
|poke|p1|Incineroar, F|
|poke|p1|Chansey, F|
|poke|p1|Meowscarada, F|
|poke|p1|Greninja-*, M|
|poke|p1|Great Tusk|
|poke|p1|Dragonite, M|
|poke|p2|Charizard, M|
|poke|p2|Greninja-*, M|
|poke|p2|Serperior, M|
|poke|p2|Electivire, M|
|poke|p2|Metagross|
|poke|p2|Zoroark-Hisui, M|
|teampreview
|inactive|Battle timer is ON: inactive players will automatically lose when time's up. (requested by JEANPMGCB)
|
|t:|1743899787
|start
|switch|p1a: Chansey|Chansey, F|100/100
|switch|p2a: STAFF|Greninja, M|100/100
|turn|1
|
|t:|1743899791
|move|p2a: STAFF|Agility|p2a: STAFF
|-boost|p2a: STAFF|spe|2
|move|p1a: Chansey|Stealth Rock|p2a: STAFF
|-sidestart|p2: JEANPMGCB|move: Stealth Rock
|
|upkeep
|turn|2
|
|t:|1743899795
|move|p2a: STAFF|Sludge Bomb|p1a: Chansey
|-damage|p1a: Chansey|91/100
|move|p1a: Chansey|Sweet Kiss|p2a: STAFF
|-start|p2a: STAFF|confusion
|
|upkeep
|turn|3
|
|t:|1743899799
|-activate|p2a: STAFF|confusion
|move|p2a: STAFF|Sludge Bomb|p1a: Chansey
|-damage|p1a: Chansey|81/100
|move|p1a: Chansey|Seismic Toss|p2a: STAFF
|-immune|p2a: STAFF
|
|upkeep
|turn|4
|
|t:|1743899801
|-activate|p2a: STAFF|confusion
|move|p2a: STAFF|Sludge Bomb|p1a: Chansey
|-damage|p1a: Chansey|73/100
|-status|p1a: Chansey|psn
|move|p1a: Chansey|Seismic Toss|p2a: STAFF
|-immune|p2a: STAFF
|
|-damage|p1a: Chansey|60/100 psn|[from] psn
|upkeep
|turn|5
|
|t:|1743899808
|-activate|p2a: STAFF|confusion
|-damage|p2a: STAFF|89/100|[from] confusion
|move|p1a: Chansey|Seismic Toss|p2a: STAFF
|-immune|p2a: STAFF
|
|-damage|p1a: Chansey|48/100 psn|[from] psn
|upkeep
|turn|6
|
|t:|1743899814
|-curestatus|p1a: Chansey|psn|[from] ability: Natural Cure
|switch|p1a: Meowscarada|Meowscarada, F|100/100
|-activate|p2a: STAFF|confusion
|-damage|p2a: STAFF|77/100|[from] confusion
|
|upkeep
|turn|7
|
|t:|1743899822
|-end|p2a: STAFF|confusion
|move|p2a: STAFF|Sludge Bomb|p1a: Meowscarada
|-supereffective|p1a: Meowscarada
|-damage|p1a: Meowscarada|0 fnt
|faint|p1a: Meowscarada
|
|upkeep
|
|t:|1743899833
|switch|p1a: Chansey|Chansey, F|48/100
|turn|8
|
|t:|1743899843
|move|p2a: STAFF|Sludge Bomb|p1a: Chansey
|-damage|p1a: Chansey|38/100
|move|p1a: Chansey|Soft-Boiled|p1a: Chansey
|-heal|p1a: Chansey|88/100
|
|upkeep
|turn|9
|
|t:|1743899849
|move|p2a: STAFF|Sludge Bomb|p1a: Chansey
|-damage|p1a: Chansey|78/100
|move|p1a: Chansey|Seismic Toss|p2a: STAFF
|-immune|p2a: STAFF
|
|upkeep
|turn|10
|
|t:|1743899862
|switch|p1a: Dragonite|Dragonite, M|100/100
|move|p2a: STAFF|Sludge Bomb|p1a: Dragonite
|-damage|p1a: Dragonite|84/100
|-status|p1a: Dragonite|psn
|
|-damage|p1a: Dragonite|72/100 psn|[from] psn
|upkeep
|turn|11
|
|t:|1743899868
|move|p2a: STAFF|Bitter Malice|p1a: Dragonite
|-damage|p1a: Dragonite|29/100 psn
|-unboost|p1a: Dragonite|atk|1
|move|p1a: Dragonite|Fire Spin|p2a: STAFF
|-damage|p2a: STAFF|62/100
|-activate|p2a: STAFF|move: Fire Spin|[of] p1a: Dragonite
|replace|p2a: SAB|Zoroark-Hisui, M, shiny
|-end|p2a: SAB|Illusion
|
|-damage|p1a: Dragonite|17/100 psn|[from] psn
|-damage|p2a: SAB|50/100|[from] move: Fire Spin|[partiallytrapped]
|upkeep
|turn|12
|
|t:|1743899883
|move|p2a: SAB|Bitter Malice|p1a: Dragonite
|-damage|p1a: Dragonite|0 fnt
|faint|p1a: Dragonite
|
|-end|p2a: SAB|Fire Spin|[partiallytrapped]|[silent]
|upkeep
|
|t:|1743899892
|switch|p1a: Greninja|Greninja, M|100/100
|turn|13
|
|t:|1743899897
|-terastallize|p1a: Greninja|Water
|move|p2a: SAB|Focus Blast|p1a: Greninja|[miss]
|-miss|p2a: SAB|p1a: Greninja
|move|p1a: Greninja|Extrasensory|p2a: SAB
|-damage|p2a: SAB|9/100
|
|upkeep
|turn|14
|
|t:|1743899904
|move|p1a: Greninja|Water Shuriken|p2a: SAB
|-damage|p2a: SAB|0 fnt
|faint|p2a: SAB
|-ability|p1a: Greninja|Battle Bond|boost
|-boost|p1a: Greninja|atk|1
|-boost|p1a: Greninja|spa|1
|-boost|p1a: Greninja|spe|1
|-activate|p1a: Greninja|ability: Battle Bond
|-hitcount|p2: SAB|1
|
|upkeep
|
|t:|1743899907
|switch|p2a: LEITO|Serperior, M, shiny|100/100
|-damage|p2a: LEITO|88/100|[from] Stealth Rock
|turn|15
|
|t:|1743899911
|move|p1a: Greninja|Ice Beam|p2a: LEITO
|-supereffective|p2a: LEITO
|-damage|p2a: LEITO|0 fnt
|faint|p2a: LEITO
|
|upkeep
|
|t:|1743899914
|switch|p2a: ARE|Electivire, M, shiny|100/100
|-damage|p2a: ARE|88/100|[from] Stealth Rock
|-item|p2a: ARE|Air Balloon
|turn|16
|
|t:|1743899921
|move|p1a: Greninja|Dark Pulse|p2a: ARE
|-damage|p2a: ARE|28/100
|-enditem|p2a: ARE|Air Balloon
|move|p2a: ARE|Supercell Slam|p1a: Greninja
|-supereffective|p1a: Greninja
|-damage|p1a: Greninja|0 fnt
|faint|p1a: Greninja
|
|upkeep
|
|t:|1743899927
|switch|p1a: Chansey|Chansey, F|78/100
|turn|17
|
|t:|1743899935
|move|p2a: ARE|Bulk Up|p2a: ARE
|-boost|p2a: ARE|atk|1
|-boost|p2a: ARE|def|1
|move|p1a: Chansey|Stealth Rock||[still]
|-fail|p1a: Chansey
|
|upkeep
|turn|18
|
|t:|1743899945
|switch|p1a: Incineroar|Incineroar, F|100/100
|-ability|p1a: Incineroar|Intimidate|boost
|-unboost|p2a: ARE|atk|1
|move|p2a: ARE|Supercell Slam|p1a: Incineroar
|-damage|p1a: Incineroar|70/100
|
|upkeep
|turn|19
|
|t:|1743899955
|move|p2a: ARE|Supercell Slam|p1a: Incineroar
|-damage|p1a: Incineroar|41/100
|-enditem|p1a: Incineroar|Sitrus Berry|[eat]
|-heal|p1a: Incineroar|66/100|[from] item: Sitrus Berry
|move|p1a: Incineroar|Knock Off|p2a: ARE
|-damage|p2a: ARE|5/100
|
|upkeep
|turn|20
|
|t:|1743899963
|move|p2a: ARE|Supercell Slam|p1a: Incineroar
|-damage|p1a: Incineroar|37/100
|move|p1a: Incineroar|Darkest Lariat|p2a: ARE
|-damage|p2a: ARE|0 fnt
|faint|p2a: ARE
|
|upkeep
|
|t:|1743899966
|switch|p2a: STAFF|Greninja, M|100/100
|-damage|p2a: STAFF|88/100|[from] Stealth Rock
|turn|21
|
|t:|1743899972
|switch|p1a: Chansey|Chansey, F|78/100
|move|p2a: STAFF|Surf|p1a: Chansey
|-damage|p1a: Chansey|67/100
|
|upkeep
|turn|22
|
|t:|1743899978
|switch|p2a: ANG|Metagross, shiny|100/100
|-damage|p2a: ANG|94/100|[from] Stealth Rock
|move|p1a: Chansey|Soft-Boiled|p1a: Chansey
|-heal|p1a: Chansey|100/100
|
|upkeep
|turn|23
|
|t:|1743899984
|switch|p1a: Incineroar|Incineroar, F|37/100
|-ability|p1a: Incineroar|Intimidate|boost
|-fail|p2a: ANG|unboost|[from] ability: Clear Body|[of] p2a: ANG
|move|p2a: ANG|Agility|p2a: ANG
|-boost|p2a: ANG|spe|2
|
|upkeep
|turn|24
|
|t:|1743899990
|move|p2a: ANG|Earthquake|p1a: Incineroar
|-supereffective|p1a: Incineroar
|-damage|p1a: Incineroar|0 fnt
|faint|p1a: Incineroar
|
|upkeep
|
|t:|1743900004
|switch|p1a: Great Tusk|Great Tusk|100/100
|turn|25
|
|t:|1743900011
|move|p2a: ANG|Ice Punch|p1a: Great Tusk
|-supereffective|p1a: Great Tusk
|-damage|p1a: Great Tusk|64/100
|move|p1a: Great Tusk|Close Combat|p2a: ANG
|-damage|p2a: ANG|44/100
|-unboost|p1a: Great Tusk|def|1
|-unboost|p1a: Great Tusk|spd|1
|
|upkeep
|turn|26
|
|t:|1743900018
|move|p2a: ANG|Ice Punch|p1a: Great Tusk
|-supereffective|p1a: Great Tusk
|-damage|p1a: Great Tusk|8/100
|move|p1a: Great Tusk|Close Combat|p2a: ANG
|-damage|p2a: ANG|0 fnt
|-unboost|p1a: Great Tusk|def|1
|-unboost|p1a: Great Tusk|spd|1
|faint|p2a: ANG
|
|upkeep
|
|t:|1743900022
|switch|p2a: STAFF|Greninja, M|88/100
|-damage|p2a: STAFF|76/100|[from] Stealth Rock
|turn|27
|
|t:|1743900027
|-end|p1a: Great Tusk|Protosynthesis|[silent]
|switch|p1a: Chansey|Chansey, F|100/100
|move|p2a: STAFF|Sludge Wave|p1a: Chansey
|-damage|p1a: Chansey|91/100
|
|upkeep
|turn|28
|
|t:|1743900033
|move|p2a: STAFF|Sludge Wave|p1a: Chansey
|-damage|p1a: Chansey|83/100
|move|p1a: Chansey|Seismic Toss|p2a: STAFF
|-damage|p2a: STAFF|45/100
|
|upkeep
|turn|29
|
|t:|1743900036
|move|p2a: STAFF|Sludge Wave|p1a: Chansey
|-damage|p1a: Chansey|75/100
|move|p1a: Chansey|Seismic Toss|p2a: STAFF
|-damage|p2a: STAFF|15/100
|
|upkeep
|turn|30
|
|t:|1743900041
|move|p2a: STAFF|Surf|p1a: Chansey
|-damage|p1a: Chansey|63/100
|move|p1a: Chansey|Seismic Toss|p2a: STAFF
|-damage|p2a: STAFF|0 fnt
|faint|p2a: STAFF
|
|upkeep
|
|t:|1743900043
|switch|p2a: JYN|Charizard, M, shiny|100/100
|turn|31
|
|t:|1743900050
|move|p2a: JYN|Dragon Dance|p2a: JYN
|-boost|p2a: JYN|atk|1
|-boost|p2a: JYN|spe|1
|move|p1a: Chansey|Soft-Boiled|p1a: Chansey
|-heal|p1a: Chansey|100/100
|
|upkeep
|turn|32
|
|t:|1743900056
|move|p2a: JYN|Dragon Dance|p2a: JYN
|-boost|p2a: JYN|atk|1
|-boost|p2a: JYN|spe|1
|move|p1a: Chansey|Seismic Toss|p2a: JYN
|-damage|p2a: JYN|73/100
|
|upkeep
|turn|33
|
|t:|1743900065
|move|p2a: JYN|Flare Blitz|p1a: Chansey
|-damage|p1a: Chansey|2/100
|-damage|p2a: JYN|9/100|[from] Recoil
|move|p1a: Chansey|Seismic Toss|p2a: JYN
|-damage|p2a: JYN|0 fnt
|faint|p2a: JYN
|
|win|zywlj
|raw|zywlj's rating: 1111 &rarr; <strong>1136</strong><br />(+25 for winning)
|raw|JEANPMGCB's rating: 1110 &rarr; <strong>1085</strong><br />(-25 for losing)
|l|☆JEANPMGCB
|player|p2|
