|j|☆Thelastdudemanpp
|j|☆ttino
|t:|1743785014
|gametype|singles
|player|p1|Thelastdudemanpp|wattson|1231
|player|p2|ttino|1|1221
|teamsize|p1|6
|teamsize|p2|6
|gen|9
|tier|[Gen 9] OU
|rated|
|rule|HP Percentage Mod: HP is shown in percentages
|rule|Endless Battle Clause: Forcing endless battles is banned
|rule|Species Clause: Limit one of each Pokémon
|rule|OHKO Clause: OHKO moves are banned
|rule|Evasion Items Clause: Evasion items are banned
|rule|Evasion Moves Clause: Evasion moves are banned
|rule|Sleep Moves Clause: Sleep-inducing moves are banned
|clearpoke
|poke|p1|Komala, M|
|poke|p1|Great Tusk|
|poke|p1|Scizor, M|
|poke|p1|Comfey, F|
|poke|p1|Salazzle, F|
|poke|p1|Mew|
|poke|p2|Reuniclus, F|
|poke|p2|Chesnaught, M|
|poke|p2|Indeedee, M|
|poke|p2|Pecharunt|
|poke|p2|Dondozo, M|
|poke|p2|Kingambit, M|
|teampreview
|inactive|Battle timer is ON: inactive players will automatically lose when time's up. (requested by Thelastdudemanpp)
|inactive|Thelastdudemanpp has 120 seconds left.
|
|t:|1743785065
|start
|switch|p1a: Cat man|Mew|100/100
|switch|p2a: Pecharunt|Pecharunt|100/100
|turn|1
|
|t:|1743785076
|move|p1a: Cat man|Trick|p2a: Pecharunt
|-activate|p1a: Cat man|move: Trick|[of] p2a: Pecharunt
|-item|p2a: Pecharunt|Choice Scarf|[from] move: Trick
|-item|p1a: Cat man|Black Sludge|[from] move: Trick
|move|p2a: Pecharunt|Malignant Chain|p1a: Cat man
|-damage|p1a: Cat man|54/100
|-status|p1a: Cat man|tox
|-start|p1a: Cat man|confusion|[from] ability: Poison Puppeteer|[of] p2a: Pecharunt
|-activate|p1a: Cat man|ability: Synchronize
|-immune|p2a: Pecharunt
|
|-damage|p1a: Cat man|42/100 tox|[from] item: Black Sludge
|-damage|p1a: Cat man|36/100 tox|[from] psn
|upkeep
|turn|2
|
|t:|1743785089
|move|p2a: Pecharunt|Malignant Chain|p1a: Cat man
|-damage|p1a: Cat man|0 fnt
|faint|p1a: Cat man
|
|upkeep
|c|☆Thelastdudemanpp|gg
|
|t:|1743785106
|switch|p1a: Iron Scissors|Scizor, M|100/100
|turn|3
|
|t:|1743785116
|switch|p2a: Chesnaught|Chesnaught, M|100/100
|move|p1a: Iron Scissors|Sunny Day|p1a: Iron Scissors
|-weather|SunnyDay
|
|-weather|SunnyDay|[upkeep]
|upkeep
|turn|4
|
|t:|1743785124
|move|p1a: Iron Scissors|U-turn|p2a: Chesnaught
|-damage|p2a: Chesnaught|74/100
|-damage|p1a: Iron Scissors|84/100|[from] item: Rocky Helmet|[of] p2a: Chesnaught
|
|t:|1743785130
|switch|p1a: Lizard Economy|Salazzle, F|100/100|[from] U-turn
|move|p2a: Chesnaught|Leech Seed|p1a: Lizard Economy|[miss]
|-miss|p2a: Chesnaught|p1a: Lizard Economy
|
|-weather|SunnyDay|[upkeep]
|upkeep
|turn|5
|
|t:|1743785139
|move|p2a: Chesnaught|Spiky Shield|p2a: Chesnaught
|-singleturn|p2a: Chesnaught|move: Protect
|move|p1a: Lizard Economy|Will-O-Wisp|p2a: Chesnaught
|-activate|p2a: Chesnaught|move: Protect
|
|-weather|SunnyDay|[upkeep]
|upkeep
|turn|6
|
|t:|1743785147
|switch|p2a: Indeedee|Indeedee, M|100/100
|-fieldstart|move: Psychic Terrain|[from] ability: Psychic Surge|[of] p2a: Indeedee
|move|p1a: Lizard Economy|Will-O-Wisp|p2a: Indeedee
|-status|p2a: Indeedee|brn
|
|-weather|SunnyDay|[upkeep]
|-damage|p2a: Indeedee|94/100 brn|[from] brn
|upkeep
|turn|7
|
|t:|1743785156
|move|p1a: Lizard Economy|Overheat|p2a: Indeedee
|-damage|p2a: Indeedee|0 fnt
|-unboost|p1a: Lizard Economy|spa|2
|-enditem|p1a: Lizard Economy|Eject Pack
|faint|p2a: Indeedee
|
|t:|1743785167
|switch|p1a: Iron Scissors|Scizor, M|84/100
|
|-weather|none
|upkeep
|
|t:|1743785177
|switch|p2a: Pecharunt|Pecharunt|100/100
|turn|8
|
|t:|1743785184
|move|p2a: Pecharunt|Parting Shot|p1a: Iron Scissors
|-unboost|p1a: Iron Scissors|atk|1
|-unboost|p1a: Iron Scissors|spa|1
|
|t:|1743785188
|switch|p2a: Chesnaught|Chesnaught, M|74/100|[from] Parting Shot
|move|p1a: Iron Scissors|Knock Off|p2a: Chesnaught
|-resisted|p2a: Chesnaught
|-damage|p2a: Chesnaught|66/100
|-damage|p1a: Iron Scissors|67/100|[from] item: Rocky Helmet|[of] p2a: Chesnaught
|-enditem|p2a: Chesnaught|Rocky Helmet|[from] move: Knock Off|[of] p1a: Iron Scissors
|
|upkeep
|turn|9
|
|t:|1743785199
|move|p1a: Iron Scissors|Sunny Day|p1a: Iron Scissors
|-weather|SunnyDay
|move|p2a: Chesnaught|Drain Punch|p1a: Iron Scissors
|-damage|p1a: Iron Scissors|42/100
|-heal|p2a: Chesnaught|78/100|[from] drain|[of] p1a: Iron Scissors
|
|-weather|SunnyDay|[upkeep]
|upkeep
|turn|10
|
|t:|1743785207
|move|p1a: Iron Scissors|U-turn|p2a: Chesnaught
|-damage|p2a: Chesnaught|62/100
|
|t:|1743785217
|switch|p1a: Lizard Economy|Salazzle, F|100/100|[from] U-turn
|move|p2a: Chesnaught|Drain Punch|p1a: Lizard Economy
|-resisted|p1a: Lizard Economy
|-damage|p1a: Lizard Economy|75/100
|-heal|p2a: Chesnaught|72/100|[from] drain|[of] p1a: Lizard Economy
|
|-weather|SunnyDay|[upkeep]
|upkeep
|turn|11
|
|t:|1743785230
|move|p1a: Lizard Economy|Thunder Wave|p2a: Chesnaught
|-status|p2a: Chesnaught|par
|move|p2a: Chesnaught|Leech Seed|p1a: Lizard Economy
|-start|p1a: Lizard Economy|move: Leech Seed
|
|-weather|SunnyDay|[upkeep]
|-damage|p1a: Lizard Economy|63/100|[from] Leech Seed|[of] p2a: Chesnaught
|-heal|p2a: Chesnaught|81/100 par|[silent]
|upkeep
|turn|12
|
|t:|1743785237
|move|p2a: Chesnaught|Spiky Shield|p2a: Chesnaught
|-singleturn|p2a: Chesnaught|move: Protect
|move|p1a: Lizard Economy|Overheat|p2a: Chesnaught
|-activate|p2a: Chesnaught|move: Protect
|
|-weather|SunnyDay|[upkeep]
|-damage|p1a: Lizard Economy|50/100|[from] Leech Seed|[of] p2a: Chesnaught
|-heal|p2a: Chesnaught|90/100 par|[silent]
|upkeep
|turn|13
|
|t:|1743785246
|switch|p2a: Dondozo|Dondozo, M|100/100
|move|p1a: Lizard Economy|Overheat|p2a: Dondozo
|-resisted|p2a: Dondozo
|-damage|p2a: Dondozo|55/100
|-unboost|p1a: Lizard Economy|spa|2
|
|-weather|none
|-heal|p2a: Dondozo|61/100|[from] item: Leftovers
|-damage|p1a: Lizard Economy|38/100|[from] Leech Seed|[of] p2a: Dondozo
|-heal|p2a: Dondozo|68/100|[silent]
|-fieldend|move: Psychic Terrain
|upkeep
|turn|14
|
|t:|1743785257
|move|p1a: Lizard Economy|Will-O-Wisp|p2a: Dondozo
|-status|p2a: Dondozo|brn
|move|p2a: Dondozo|Avalanche|p1a: Lizard Economy
|-resisted|p1a: Lizard Economy
|-damage|p1a: Lizard Economy|32/100
|
|-heal|p2a: Dondozo|74/100 brn|[from] item: Leftovers
|-damage|p1a: Lizard Economy|20/100|[from] Leech Seed|[of] p2a: Dondozo
|-heal|p2a: Dondozo|81/100 brn|[silent]
|-damage|p2a: Dondozo|75/100 brn|[from] brn
|upkeep
|turn|15
|
|t:|1743785279
|switch|p1a: Iron Scissors|Scizor, M|42/100
|move|p2a: Dondozo|Avalanche|p1a: Iron Scissors
|-resisted|p1a: Iron Scissors
|-damage|p1a: Iron Scissors|38/100
|
|-heal|p2a: Dondozo|81/100 brn|[from] item: Leftovers
|-damage|p2a: Dondozo|75/100 brn|[from] brn
|upkeep
|turn|16
|
|t:|1743785292
|switch|p2a: Reuniclus|Reuniclus, F|100/100
|move|p1a: Iron Scissors|Knock Off|p2a: Reuniclus
|-supereffective|p2a: Reuniclus
|-damage|p2a: Reuniclus|8/100
|-enditem|p2a: Reuniclus|Life Orb|[from] move: Knock Off|[of] p1a: Iron Scissors
|
|upkeep
|turn|17
|
|t:|1743785302
|switch|p2a: Pecharunt|Pecharunt|100/100
|move|p1a: Iron Scissors|Bullet Punch|p2a: Pecharunt
|-damage|p2a: Pecharunt|81/100
|
|upkeep
|turn|18
|
|t:|1743785313
|move|p2a: Pecharunt|Hex|p1a: Iron Scissors
|-damage|p1a: Iron Scissors|6/100
|move|p1a: Iron Scissors|Knock Off|p2a: Pecharunt
|-supereffective|p2a: Pecharunt
|-damage|p2a: Pecharunt|27/100
|-enditem|p2a: Pecharunt|Choice Scarf|[from] move: Knock Off|[of] p1a: Iron Scissors
|
|upkeep
|turn|19
|
|t:|1743785320
|move|p1a: Iron Scissors|Bullet Punch|p2a: Pecharunt
|-damage|p2a: Pecharunt|5/100
|move|p2a: Pecharunt|Hex|p1a: Iron Scissors
|-damage|p1a: Iron Scissors|0 fnt
|faint|p1a: Iron Scissors
|
|upkeep
|
|t:|1743785332
|switch|p1a: Dave|Komala, M|100/100
|-ability|p1a: Dave|Comatose
|turn|20
|
|t:|1743785337
|move|p2a: Pecharunt|Malignant Chain|p1a: Dave
|-damage|p1a: Dave|51/100
|move|p1a: Dave|Swords Dance|p1a: Dave
|-boost|p1a: Dave|atk|2
|
|upkeep
|turn|21
|
|t:|1743785345
|move|p1a: Dave|Sucker Punch|p2a: Pecharunt
|-supereffective|p2a: Pecharunt
|-damage|p2a: Pecharunt|0 fnt
|faint|p2a: Pecharunt
|
|upkeep
|
|t:|1743785350
|switch|p2a: Chesnaught|Chesnaught, M|90/100 par
|turn|22
|
|t:|1743785356
|move|p1a: Dave|Substitute|p1a: Dave
|-start|p1a: Dave|Substitute
|-damage|p1a: Dave|26/100
|move|p2a: Chesnaught|Drain Punch|p1a: Dave
|-supereffective|p1a: Dave
|-end|p1a: Dave|Substitute
|-heal|p2a: Chesnaught|99/100 par|[from] drain|[of] p1a: Dave
|
|upkeep
|turn|23
|
|t:|1743785365
|move|p1a: Dave|Substitute|p1a: Dave
|-start|p1a: Dave|Substitute
|-damage|p1a: Dave|1/100
|-enditem|p1a: Dave|Aguav Berry|[eat]
|-heal|p1a: Dave|34/100|[from] item: Aguav Berry
|cant|p2a: Chesnaught|par
|
|upkeep
|turn|24
|
|t:|1743785381
|move|p1a: Dave|Swords Dance|p1a: Dave
|-boost|p1a: Dave|atk|2
|move|p2a: Chesnaught|Drain Punch|p1a: Dave
|-supereffective|p1a: Dave
|-end|p1a: Dave|Substitute
|-heal|p2a: Chesnaught|100/100 par|[from] drain|[of] p1a: Dave
|
|upkeep
|turn|25
|
|t:|1743785392
|move|p1a: Dave|Sucker Punch|p2a: Chesnaught
|-resisted|p2a: Chesnaught
|-damage|p2a: Chesnaught|77/100 par
|move|p2a: Chesnaught|Drain Punch|p1a: Dave
|-supereffective|p1a: Dave
|-damage|p1a: Dave|0 fnt
|-heal|p2a: Chesnaught|91/100 par|[from] drain|[of] p1a: Dave
|faint|p1a: Dave
|
|upkeep
|inactive|Thelastdudemanpp has 120 seconds left.
|
|t:|1743785412
|switch|p1a: God of Flower|Comfey, F|100/100
|turn|26
|
|t:|1743785416
|move|p1a: God of Flower|Calm Mind|p1a: God of Flower
|-boost|p1a: God of Flower|spa|1
|-boost|p1a: God of Flower|spd|1
|cant|p2a: Chesnaught|par
|
|upkeep
|turn|27
|
|t:|1743785422
|move|p1a: God of Flower|Calm Mind|p1a: God of Flower
|-boost|p1a: God of Flower|spa|1
|-boost|p1a: God of Flower|spd|1
|move|p2a: Chesnaught|Leech Seed|p1a: God of Flower
|-start|p1a: God of Flower|move: Leech Seed
|
|-damage|p1a: God of Flower|88/100|[from] Leech Seed|[of] p2a: Chesnaught
|-heal|p2a: Chesnaught|99/100 par|[silent]
|upkeep
|turn|28
|
|t:|1743785433
|move|p1a: God of Flower|Calm Mind|p1a: God of Flower
|-boost|p1a: God of Flower|spa|1
|-boost|p1a: God of Flower|spd|1
|move|p2a: Chesnaught|Drain Punch|p1a: God of Flower
|-resisted|p1a: God of Flower
|-damage|p1a: God of Flower|69/100
|-heal|p2a: Chesnaught|100/100 par|[from] drain|[of] p1a: God of Flower
|
|-heal|p1a: God of Flower|75/100|[from] item: Leftovers
|-damage|p1a: God of Flower|63/100|[from] Leech Seed|[of] p2a: Chesnaught
|upkeep
|turn|29
|
|t:|1743785448
|move|p1a: God of Flower|Draining Kiss|p2a: Chesnaught
|-supereffective|p2a: Chesnaught
|-damage|p2a: Chesnaught|5/100 par
|-heal|p1a: God of Flower|100/100|[from] drain|[of] p2a: Chesnaught
|move|p2a: Chesnaught|Drain Punch|p1a: God of Flower
|-resisted|p1a: God of Flower
|-damage|p1a: God of Flower|82/100
|-heal|p2a: Chesnaught|11/100 par|[from] drain|[of] p1a: God of Flower
|
|-heal|p1a: God of Flower|88/100|[from] item: Leftovers
|-damage|p1a: God of Flower|75/100|[from] Leech Seed|[of] p2a: Chesnaught
|-heal|p2a: Chesnaught|19/100 par|[silent]
|upkeep
|turn|30
|
|t:|1743785461
|cant|p2a: Chesnaught|par
|move|p1a: God of Flower|Calm Mind|p1a: God of Flower
|-boost|p1a: God of Flower|spa|1
|-boost|p1a: God of Flower|spd|1
|
|-heal|p1a: God of Flower|82/100|[from] item: Leftovers
|-damage|p1a: God of Flower|69/100|[from] Leech Seed|[of] p2a: Chesnaught
|-heal|p2a: Chesnaught|27/100 par|[silent]
|upkeep
|turn|31
|
|t:|1743785474
|move|p1a: God of Flower|Draining Kiss|p2a: Chesnaught
|-supereffective|p2a: Chesnaught
|-damage|p2a: Chesnaught|0 fnt
|-heal|p1a: God of Flower|100/100|[from] drain|[of] p2a: Chesnaught
|faint|p2a: Chesnaught
|
|upkeep
|
|t:|1743785480
|switch|p2a: Kingambit|Kingambit, M|100/100
|-activate|p2a: Kingambit|ability: Supreme Overlord
|-start|p2a: Kingambit|fallen3|[silent]
|-item|p2a: Kingambit|Air Balloon
|turn|32
|
|t:|1743785490
|-terastallize|p1a: God of Flower|Water
|move|p1a: God of Flower|Draining Kiss|p2a: Kingambit
|-damage|p2a: Kingambit|49/100
|-enditem|p2a: Kingambit|Air Balloon
|move|p2a: Kingambit|Iron Head|p1a: God of Flower
|-resisted|p1a: God of Flower
|-damage|p1a: God of Flower|62/100
|
|-heal|p1a: God of Flower|68/100|[from] item: Leftovers
|-damage|p1a: God of Flower|56/100|[from] Leech Seed|[of] p2a: Kingambit
|-heal|p2a: Kingambit|56/100|[silent]
|upkeep
|turn|33
|
|t:|1743785502
|move|p1a: God of Flower|Draining Kiss|p2a: Kingambit
|-damage|p2a: Kingambit|6/100
|-heal|p1a: God of Flower|100/100|[from] drain|[of] p2a: Kingambit
|move|p2a: Kingambit|Sucker Punch||[still]
|-fail|p2a: Kingambit
|
|-damage|p1a: God of Flower|88/100|[from] Leech Seed|[of] p2a: Kingambit
|-heal|p2a: Kingambit|13/100|[silent]
|upkeep
|turn|34
|
|t:|1743785515
|move|p1a: God of Flower|Draining Kiss|p2a: Kingambit
|-crit|p2a: Kingambit
|-damage|p2a: Kingambit|0 fnt
|-heal|p1a: God of Flower|100/100|[from] drain|[of] p2a: Kingambit
|faint|p2a: Kingambit
|-end|p2a: Kingambit|fallen3|[silent]
|
|upkeep
|c|☆Thelastdudemanpp|Gotta read up on triage priority man
|-message|ttino forfeited.
|
|win|Thelastdudemanpp
|raw|Thelastdudemanpp's rating: 1231 &rarr; <strong>1255</strong><br />(+24 for winning)
|raw|ttino's rating: 1221 &rarr; <strong>1197</strong><br />(-24 for losing)
|l|☆ttino
|player|p2|
|c|☆Thelastdudemanpp|its plus 3
