|j|☆keynerriv
|j|☆kodezter
|t:|1743816208
|gametype|singles
|player|p1|keynerriv|266|1307
|player|p2|kodezter|2|1264
|teamsize|p1|6
|teamsize|p2|6
|gen|9
|tier|[Gen 9] OU
|rated|
|rule|HP Percentage Mod: HP is shown in percentages
|rule|Endless Battle Clause: Forcing endless battles is banned
|rule|Species Clause: Limit one of each Pokémon
|rule|OHKO Clause: OHKO moves are banned
|rule|Evasion Items Clause: Evasion items are banned
|rule|Evasion Moves Clause: Evasion moves are banned
|rule|Sleep Moves Clause: Sleep-inducing moves are banned
|clearpoke
|poke|p1|Ogerpon-Wellspring, F|
|poke|p1|Dragapult, M|
|poke|p1|Corviknight, F|
|poke|p1|Slowking-Galar, M|
|poke|p1|Umbreon, F|
|poke|p1|Crocalor, M|
|poke|p2|Weavile, M|
|poke|p2|Slowking-Galar, F|
|poke|p2|Iron Valiant|
|poke|p2|Landorus-Therian, M|
|poke|p2|Cinderace, M|
|poke|p2|Sinistcha|
|teampreview
|inactive|Battle timer is ON: inactive players will automatically lose when time's up. (requested by keynerriv)
|c|☆keynerriv|Oh
|
|t:|1743816222
|start
|switch|p1a: Crocalor|Crocalor, M|100/100
|switch|p2a: Weavile|Weavile, M|100/100
|-ability|p2a: Weavile|Pressure
|turn|1
|inactive|kodezter has 120 seconds left.
|
|t:|1743816280
|switch|p2a: Slowking|Slowking-Galar, F|100/100
|move|p1a: Crocalor|Will-O-Wisp|p2a: Slowking|[miss]
|-miss|p1a: Crocalor|p2a: Slowking
|
|upkeep
|turn|2
|
|t:|1743816288
|switch|p1a: Slowking|Slowking-Galar, M|100/100
|move|p2a: Slowking|Thunder Wave|p1a: Slowking
|-status|p1a: Slowking|par
|
|upkeep
|turn|3
|
|t:|1743816294
|move|p2a: Slowking|Future Sight|p1a: Slowking
|-start|p2a: Slowking|move: Future Sight
|move|p1a: Slowking|Psychic|p2a: Slowking
|-damage|p2a: Slowking|82/100
|
|upkeep
|turn|4
|
|t:|1743816300
|-prepare|p2a: Slowking|Chilly Reception|[premajor]
|move|p2a: Slowking|Chilly Reception|p2a: Slowking
|-weather|Snowscape
|
|t:|1743816307
|switch|p2a: Weavile|Weavile, M|100/100|[from] Chilly Reception
|-ability|p2a: Weavile|Pressure
|move|p1a: Slowking|Sludge Bomb|p2a: Weavile
|-crit|p2a: Weavile
|-damage|p2a: Weavile|30/100
|
|-weather|Snowscape|[upkeep]
|upkeep
|turn|5
|
|t:|1743816315
|switch|p1a: Corviknight|Corviknight, F|100/100
|-ability|p1a: Corviknight|Pressure
|move|p2a: Weavile|Swords Dance|p2a: Weavile
|-boost|p2a: Weavile|atk|2
|
|-weather|Snowscape|[upkeep]
|-end|p1a: Corviknight|move: Future Sight
|-resisted|p1a: Corviknight
|-damage|p1a: Corviknight|80/100
|upkeep
|turn|6
|
|t:|1743816337
|move|p2a: Weavile|Triple Axel|p1a: Corviknight
|-damage|p1a: Corviknight|69/100
|-damage|p2a: Weavile|14/100|[from] item: Rocky Helmet|[of] p1a: Corviknight
|-damage|p1a: Corviknight|47/100
|-damage|p2a: Weavile|0 fnt|[from] item: Rocky Helmet|[of] p1a: Corviknight
|faint|p2a: Weavile
|-hitcount|p1a: Corviknight|2
|move|p1a: Corviknight|U-turn|p2: Weavile|[notarget]
|-fail|p1a: Corviknight
|
|-weather|Snowscape|[upkeep]
|upkeep
|
|t:|1743816347
|switch|p2a: Cinderace|Cinderace, M|100/100
|turn|7
|
|t:|1743816351
|switch|p1a: Crocalor|Crocalor, M|100/100
|move|p2a: Cinderace|U-turn|p1a: Crocalor
|-resisted|p1a: Crocalor
|-damage|p1a: Crocalor|94/100
|
|t:|1743816355
|switch|p2a: Landorus|Landorus-Therian, M|100/100|[from] U-turn
|-ability|p2a: Landorus|Intimidate|boost
|-unboost|p1a: Crocalor|atk|1
|
|-weather|Snowscape|[upkeep]
|upkeep
|turn|8
|
|t:|1743816361
|move|p2a: Landorus|Stealth Rock|p1a: Crocalor
|-sidestart|p1: keynerriv|move: Stealth Rock
|move|p1a: Crocalor|Will-O-Wisp|p2a: Landorus
|-status|p2a: Landorus|brn
|
|-weather|none
|-damage|p2a: Landorus|94/100 brn|[from] brn
|upkeep
|turn|9
|
|t:|1743816370
|switch|p1a: Corviknight|Corviknight, F|47/100
|-damage|p1a: Corviknight|34/100|[from] Stealth Rock
|-ability|p1a: Corviknight|Pressure
|move|p2a: Landorus|U-turn|p1a: Corviknight
|-resisted|p1a: Corviknight
|-damage|p1a: Corviknight|33/100
|-damage|p2a: Landorus|78/100 brn|[from] item: Rocky Helmet|[of] p1a: Corviknight
|
|t:|1743816372
|switch|p2a: Cinderace|Cinderace, M|100/100|[from] U-turn
|
|upkeep
|turn|10
|
|t:|1743816388
|switch|p1a: Slowking|Slowking-Galar, M|100/100 par
|-damage|p1a: Slowking|88/100 par|[from] Stealth Rock
|move|p2a: Cinderace|Pyro Ball|p1a: Slowking|[miss]
|-miss|p2a: Cinderace|p1a: Slowking
|
|upkeep
|turn|11
|
|t:|1743816397
|move|p2a: Cinderace|Pyro Ball|p1a: Slowking
|-damage|p1a: Slowking|25/100 par
|cant|p1a: Slowking|par
|
|upkeep
|turn|12
|
|t:|1743816402
|switch|p1a: Crocalor|Crocalor, M|94/100
|-damage|p1a: Crocalor|69/100|[from] Stealth Rock
|move|p2a: Cinderace|U-turn|p1a: Crocalor
|-resisted|p1a: Crocalor
|-damage|p1a: Crocalor|64/100
|
|t:|1743816406
|switch|p2a: Slowking|Slowking-Galar, F|100/100|[from] U-turn
|
|upkeep
|turn|13
|
|t:|1743816410
|switch|p1a: Umbreon|Umbreon, F|100/100
|-damage|p1a: Umbreon|88/100|[from] Stealth Rock
|move|p2a: Slowking|Future Sight|p1a: Umbreon
|-start|p2a: Slowking|move: Future Sight
|
|-heal|p1a: Umbreon|94/100|[from] item: Leftovers
|upkeep
|turn|14
|
|t:|1743816417
|switch|p2a: Iron Valiant|Iron Valiant|100/100
|-enditem|p2a: Iron Valiant|Booster Energy
|-activate|p2a: Iron Valiant|ability: Quark Drive|[fromitem]
|-start|p2a: Iron Valiant|quarkdrivespe
|move|p1a: Umbreon|Wish|p1a: Umbreon
|
|-heal|p1a: Umbreon|99/100|[from] item: Leftovers
|upkeep
|turn|15
|
|t:|1743816427
|move|p2a: Iron Valiant|Knock Off|p1a: Umbreon
|-resisted|p1a: Umbreon
|-damage|p1a: Umbreon|89/100
|-enditem|p1a: Umbreon|Leftovers|[from] move: Knock Off|[of] p2a: Iron Valiant
|move|p1a: Umbreon|Toxic|p2a: Iron Valiant
|-status|p2a: Iron Valiant|tox
|
|-end|p1a: Umbreon|move: Future Sight
|-immune|p1a: Umbreon
|-heal|p1a: Umbreon|100/100|[from] move: Wish|[wisher] Umbreon
|-damage|p2a: Iron Valiant|94/100 tox|[from] psn
|upkeep
|turn|16
|
|t:|1743816438
|move|p2a: Iron Valiant|Close Combat|p1a: Umbreon
|-supereffective|p1a: Umbreon
|-damage|p1a: Umbreon|14/100
|-unboost|p2a: Iron Valiant|def|1
|-unboost|p2a: Iron Valiant|spd|1
|move|p1a: Umbreon|Wish|p1a: Umbreon
|
|-damage|p2a: Iron Valiant|82/100 tox|[from] psn
|upkeep
|turn|17
|
|t:|1743816447
|-end|p2a: Iron Valiant|Quark Drive|[silent]
|switch|p2a: Sinistcha|Sinistcha|100/100
|move|p1a: Umbreon|Protect||[still]
|-fail|p1a: Umbreon
|
|-heal|p1a: Umbreon|64/100|[from] move: Wish|[wisher] Umbreon
|upkeep
|turn|18
|
|t:|1743816454
|switch|p2a: Slowking|Slowking-Galar, F|100/100
|move|p1a: Umbreon|Toxic|p2a: Slowking
|-immune|p2a: Slowking
|
|upkeep
|turn|19
|
|t:|1743816459
|move|p1a: Umbreon|Wish|p1a: Umbreon
|move|p2a: Slowking|Thunder Wave|p1a: Umbreon
|-status|p1a: Umbreon|par
|-activate|p1a: Umbreon|ability: Synchronize
|-status|p2a: Slowking|par
|
|upkeep
|turn|20
|
|t:|1743816466
|switch|p1a: Corviknight|Corviknight, F|33/100
|-damage|p1a: Corviknight|20/100|[from] Stealth Rock
|-ability|p1a: Corviknight|Pressure
|-prepare|p2a: Slowking|Chilly Reception|[premajor]
|move|p2a: Slowking|Chilly Reception|p2a: Slowking
|-weather|Snowscape
|
|t:|1743816470
|switch|p2a: Sinistcha|Sinistcha|100/100|[from] Chilly Reception
|
|-weather|Snowscape|[upkeep]
|-heal|p1a: Corviknight|69/100|[from] move: Wish|[wisher] Umbreon
|upkeep
|turn|21
|
|t:|1743816483
|move|p2a: Sinistcha|Calm Mind|p2a: Sinistcha
|-boost|p2a: Sinistcha|spa|1
|-boost|p2a: Sinistcha|spd|1
|move|p1a: Corviknight|U-turn|p2a: Sinistcha
|-damage|p2a: Sinistcha|90/100
|
|t:|1743816490
|switch|p1a: Ogerpon|Ogerpon-Wellspring, F|100/100|[from] U-turn
|-damage|p1a: Ogerpon|88/100|[from] Stealth Rock
|
|-weather|Snowscape|[upkeep]
|upkeep
|turn|22
|
|t:|1743816497
|move|p1a: Ogerpon|Knock Off|p2a: Sinistcha
|-supereffective|p2a: Sinistcha
|-damage|p2a: Sinistcha|31/100
|-enditem|p2a: Sinistcha|Heavy-Duty Boots|[from] move: Knock Off|[of] p1a: Ogerpon
|move|p2a: Sinistcha|Strength Sap|p1a: Ogerpon
|-unboost|p1a: Ogerpon|atk|1
|-heal|p2a: Sinistcha|100/100
|
|-weather|Snowscape|[upkeep]
|upkeep
|turn|23
|
|t:|1743816507
|move|p1a: Ogerpon|U-turn|p2a: Sinistcha
|-damage|p2a: Sinistcha|85/100
|
|t:|1743816514
|switch|p1a: Corviknight|Corviknight, F|69/100|[from] U-turn
|-damage|p1a: Corviknight|57/100|[from] Stealth Rock
|-ability|p1a: Corviknight|Pressure
|move|p2a: Sinistcha|Calm Mind|p2a: Sinistcha
|-boost|p2a: Sinistcha|spa|1
|-boost|p2a: Sinistcha|spd|1
|
|-weather|Snowscape|[upkeep]
|upkeep
|turn|24
|
|t:|1743816528
|move|p2a: Sinistcha|Shadow Ball|p1a: Corviknight
|-damage|p1a: Corviknight|0 fnt
|faint|p1a: Corviknight
|
|-weather|none
|upkeep
|
|t:|1743816534
|switch|p1a: Slowking|Slowking-Galar, M|58/100 par
|-damage|p1a: Slowking|46/100 par|[from] Stealth Rock
|turn|25
|
|t:|1743816538
|switch|p1a: Umbreon|Umbreon, F|64/100 par
|-damage|p1a: Umbreon|51/100 par|[from] Stealth Rock
|move|p2a: Sinistcha|Shadow Ball|p1a: Umbreon
|-resisted|p1a: Umbreon
|-damage|p1a: Umbreon|34/100 par
|
|upkeep
|turn|26
|
|t:|1743816546
|move|p2a: Sinistcha|Matcha Gotcha|p1a: Umbreon|[miss]
|-miss|p2a: Sinistcha|p1a: Umbreon
|move|p1a: Umbreon|Toxic|p2a: Sinistcha
|-status|p2a: Sinistcha|tox
|
|-damage|p2a: Sinistcha|79/100 tox|[from] psn
|upkeep
|turn|27
|
|t:|1743816554
|move|p2a: Sinistcha|Matcha Gotcha|p1a: Umbreon
|-damage|p1a: Umbreon|0 fnt
|-heal|p2a: Sinistcha|99/100 tox|[from] drain|[of] p1a: Umbreon
|faint|p1a: Umbreon
|
|-damage|p2a: Sinistcha|87/100 tox|[from] psn
|upkeep
|inactive|keynerriv has 120 seconds left.
|
|t:|1743816596
|switch|p1a: Ogerpon|Ogerpon-Wellspring, F|88/100
|-damage|p1a: Ogerpon|76/100|[from] Stealth Rock
|turn|28
|
|t:|1743816612
|move|p1a: Ogerpon|U-turn|p2a: Sinistcha
|-damage|p2a: Sinistcha|67/100 tox
|
|t:|1743816616
|switch|p1a: Slowking|Slowking-Galar, M|79/100 par|[from] U-turn
|-damage|p1a: Slowking|66/100 par|[from] Stealth Rock
|move|p2a: Sinistcha|Matcha Gotcha|p1a: Slowking
|-resisted|p1a: Slowking
|-damage|p1a: Slowking|54/100 par
|-heal|p2a: Sinistcha|74/100 tox|[from] drain|[of] p1a: Slowking
|
|-damage|p2a: Sinistcha|56/100 tox|[from] psn
|upkeep
|turn|29
|inactive|keynerriv has 120 seconds left.
|
|t:|1743816627
|move|p2a: Sinistcha|Shadow Ball|p1a: Slowking
|-supereffective|p1a: Slowking
|-damage|p1a: Slowking|6/100 par
|move|p1a: Slowking|Sludge Bomb|p2a: Sinistcha
|-damage|p2a: Sinistcha|37/100 tox
|
|-damage|p2a: Sinistcha|12/100 tox|[from] psn
|upkeep
|turn|30
|inactive|keynerriv has 120 seconds left.
|
|t:|1743816654
|switch|p1a: Dragapult|Dragapult, M|100/100
|-damage|p1a: Dragapult|88/100|[from] Stealth Rock
|move|p2a: Sinistcha|Strength Sap|p1a: Dragapult
|-unboost|p1a: Dragapult|atk|1
|-heal|p2a: Sinistcha|76/100 tox
|
|-damage|p2a: Sinistcha|46/100 tox|[from] psn
|upkeep
|turn|31
|
|t:|1743816672
|-terastallize|p2a: Sinistcha|Fairy
|move|p1a: Dragapult|Shadow Ball|p2a: Sinistcha
|-damage|p2a: Sinistcha|14/100 tox
|-unboost|p2a: Sinistcha|spd|1
|move|p2a: Sinistcha|Shadow Ball|p1a: Dragapult
|-supereffective|p1a: Dragapult
|-damage|p1a: Dragapult|0 fnt
|faint|p1a: Dragapult
|
|-damage|p2a: Sinistcha|0 fnt|[from] psn
|faint|p2a: Sinistcha
|upkeep
|
|t:|1743816683
|switch|p1a: Slowking|Slowking-Galar, M|39/100 par
|switch|p2a: Cinderace|Cinderace, M|100/100
|-damage|p1a: Slowking|27/100 par|[from] Stealth Rock
|turn|32
|
|t:|1743816689
|switch|p1a: Crocalor|Crocalor, M|64/100
|-damage|p1a: Crocalor|39/100|[from] Stealth Rock
|move|p2a: Cinderace|U-turn|p1a: Crocalor
|-resisted|p1a: Crocalor
|-damage|p1a: Crocalor|33/100
|
|t:|1743816696
|switch|p2a: Iron Valiant|Iron Valiant|82/100 tox|[from] U-turn
|
|-damage|p2a: Iron Valiant|76/100 tox|[from] psn
|upkeep
|turn|33
|
|t:|1743816702
|move|p2a: Iron Valiant|Knock Off|p1a: Crocalor
|-damage|p1a: Crocalor|18/100
|-enditem|p1a: Crocalor|Eviolite|[from] move: Knock Off|[of] p2a: Iron Valiant
|move|p1a: Crocalor|Slack Off|p1a: Crocalor
|-heal|p1a: Crocalor|68/100
|
|-damage|p2a: Iron Valiant|63/100 tox|[from] psn
|upkeep
|turn|34
|inactive|keynerriv has 120 seconds left.
|
|t:|1743816710
|move|p2a: Iron Valiant|Close Combat|p1a: Crocalor
|-damage|p1a: Crocalor|25/100
|-unboost|p2a: Iron Valiant|def|1
|-unboost|p2a: Iron Valiant|spd|1
|move|p1a: Crocalor|Flamethrower|p2a: Iron Valiant
|-damage|p2a: Iron Valiant|6/100 tox
|
|-damage|p2a: Iron Valiant|0 fnt|[from] psn
|faint|p2a: Iron Valiant
|-end|p2a: Iron Valiant|Quark Drive|[silent]
|upkeep
|
|t:|1743816716
|switch|p2a: Landorus|Landorus-Therian, M|78/100 brn
|-ability|p2a: Landorus|Intimidate|boost
|-unboost|p1a: Crocalor|atk|1
|turn|35
|
|t:|1743816723
|move|p2a: Landorus|Earthquake|p1a: Crocalor
|-supereffective|p1a: Crocalor
|-damage|p1a: Crocalor|0 fnt
|faint|p1a: Crocalor
|
|-damage|p2a: Landorus|72/100 brn|[from] brn
|upkeep
|
|t:|1743816728
|switch|p1a: Ogerpon|Ogerpon-Wellspring, F|76/100
|-damage|p1a: Ogerpon|64/100|[from] Stealth Rock
|turn|36
|
|t:|1743816738
|-terastallize|p1a: Ogerpon|Water
|detailschange|p1a: Ogerpon|Ogerpon-Wellspring-Tera, F, tera:Water
|-ability|p1a: Ogerpon|Embody Aspect (Wellspring)|boost
|-boost|p1a: Ogerpon|spd|1
|move|p1a: Ogerpon|Horn Leech|p2a: Landorus
|-damage|p2a: Landorus|27/100 brn
|-heal|p1a: Ogerpon|92/100|[from] drain|[of] p2a: Landorus
|move|p2a: Landorus|U-turn|p1a: Ogerpon
|-damage|p1a: Ogerpon|77/100
|
|t:|1743816745
|switch|p2a: Slowking|Slowking-Galar, F|100/100 par|[from] U-turn
|
|upkeep
|turn|37
|
|t:|1743816754
|switch|p1a: Slowking|Slowking-Galar, M|60/100 par
|-damage|p1a: Slowking|48/100 par|[from] Stealth Rock
|move|p2a: Slowking|Thunder Wave|p1a: Slowking
|-fail|p1a: Slowking|par
|
|upkeep
|turn|38
|
|t:|1743816762
|switch|p2a: Cinderace|Cinderace, M|100/100
|move|p1a: Slowking|Psychic|p2a: Cinderace
|-damage|p2a: Cinderace|55/100
|
|upkeep
|turn|39
|
|t:|1743816770
|move|p2a: Cinderace|Pyro Ball|p1a: Slowking
|-damage|p1a: Slowking|0 fnt
|faint|p1a: Slowking
|
|upkeep
|
|t:|1743816774
|switch|p1a: Ogerpon|Ogerpon-Wellspring-Tera, F, tera:Water|77/100
|-damage|p1a: Ogerpon|65/100|[from] Stealth Rock
|-ability|p1a: Ogerpon|Embody Aspect (Wellspring)|boost
|-boost|p1a: Ogerpon|spd|1
|turn|40
|
|t:|1743816781
|move|p2a: Cinderace|U-turn|p1a: Ogerpon
|-damage|p1a: Ogerpon|36/100
|
|t:|1743816783
|switch|p2a: Landorus|Landorus-Therian, M|27/100 brn|[from] U-turn
|-ability|p2a: Landorus|Intimidate|boost
|-unboost|p1a: Ogerpon|atk|1
|move|p1a: Ogerpon|Ivy Cudgel|p2a: Landorus|[anim] Ivy Cudgel Water
|-supereffective|p2a: Landorus
|-damage|p2a: Landorus|0 fnt
|faint|p2a: Landorus
|
|upkeep
|
|t:|1743816786
|switch|p2a: Cinderace|Cinderace, M|55/100
|turn|41
|
|t:|1743816796
|move|p2a: Cinderace|U-turn|p1a: Ogerpon
|-damage|p1a: Ogerpon|5/100
|
|t:|1743816799
|switch|p2a: Slowking|Slowking-Galar, F|100/100 par|[from] U-turn
|move|p1a: Ogerpon|Ivy Cudgel|p2a: Slowking|[anim] Ivy Cudgel Water
|-damage|p2a: Slowking|47/100 par
|
|upkeep
|turn|42
|c|☆kodezter|gg
|
|t:|1743816805
|move|p1a: Ogerpon|Knock Off|p2a: Slowking
|-supereffective|p2a: Slowking
|-damage|p2a: Slowking|0 fnt
|-enditem|p2a: Slowking|Heavy-Duty Boots|[from] move: Knock Off|[of] p1a: Ogerpon
|faint|p2a: Slowking
|
|upkeep
|c|☆keynerriv|XD
|
|t:|1743816808
|switch|p2a: Cinderace|Cinderace, M|55/100
|turn|43
|
|t:|1743816812
|move|p2a: Cinderace|U-turn|p1a: Ogerpon
|-damage|p1a: Ogerpon|0 fnt
|faint|p1a: Ogerpon
|
|win|kodezter
|raw|keynerriv's rating: 1307 &rarr; <strong>1285</strong><br />(-22 for losing)
|raw|kodezter's rating: 1264 &rarr; <strong>1292</strong><br />(+28 for winning)
|l|☆keynerriv
|player|p1|
|l|☆kodezter
|player|p2|
