|j|☆Norther2610
|j|☆alinare12
|t:|1743845775
|gametype|singles
|player|p1|Norther2610|red|1234
|player|p2|alinare12|pokemonrangerf-gen4|1275
|teamsize|p1|6
|teamsize|p2|6
|gen|9
|tier|[Gen 9] OU
|rated|
|rule|HP Percentage Mod: HP is shown in percentages
|rule|Endless Battle Clause: Forcing endless battles is banned
|rule|Species Clause: Limit one of each Pokémon
|rule|OHKO Clause: OHKO moves are banned
|rule|Evasion Items Clause: Evasion items are banned
|rule|Evasion Moves Clause: Evasion moves are banned
|rule|Sleep Moves Clause: Sleep-inducing moves are banned
|clearpoke
|poke|p1|Araquanid, F|
|poke|p1|Zamazenta-*|
|poke|p1|Meowscarada, F|
|poke|p1|Inteleon, M|
|poke|p1|Excadrill, M|
|poke|p1|Thundurus-Therian, M|
|poke|p2|Garganacl, M|
|poke|p2|Glimmora, F|
|poke|p2|Iron Boulder|
|poke|p2|Tyranitar, F|
|poke|p2|Diancie|
|poke|p2|Ogerpon-Cornerstone, F|
|teampreview
|inactive|Battle timer is ON: inactive players will automatically lose when time's up. (requested by Norther2610)
|inactive|alinare12 has 120 seconds left.
|
|t:|1743845821
|start
|switch|p1a: Meowscarada|Meowscarada, F, shiny|100/100
|switch|p2a: Ogerpon|Ogerpon-Cornerstone, F|100/100
|turn|1
|
|t:|1743845830
|move|p2a: Ogerpon|Spiky Shield|p2a: Ogerpon
|-singleturn|p2a: Ogerpon|move: Protect
|move|p1a: Meowscarada|U-turn|p2a: Ogerpon
|-start|p1a: Meowscarada|typechange|Bug|[from] ability: Protean
|-activate|p2a: Ogerpon|move: Protect
|-damage|p1a: Meowscarada|88/100|[from] Spiky Shield|[of] p2a: Ogerpon
|
|upkeep
|turn|2
|
|t:|1743845836
|move|p1a: Meowscarada|U-turn|p2a: Ogerpon
|-supereffective|p2a: Ogerpon
|-crit|p2a: Ogerpon
|-ability|p2a: Ogerpon|Sturdy
|-damage|p2a: Ogerpon|1/100
|
|t:|1743845840
|switch|p1a: Excadrill|Excadrill, M, shiny|100/100|[from] U-turn
|-ability|p1a: Excadrill|Mold Breaker
|move|p2a: Ogerpon|Ivy Cudgel|p1a: Excadrill|[anim] Ivy Cudgel Rock
|-resisted|p1a: Excadrill
|-damage|p1a: Excadrill|79/100
|
|upkeep
|turn|3
|
|t:|1743845849
|move|p2a: Ogerpon|Horn Leech|p1a: Excadrill
|-damage|p1a: Excadrill|21/100
|-heal|p2a: Ogerpon|36/100|[from] drain|[of] p1a: Excadrill
|move|p1a: Excadrill|Rapid Spin|p2a: Ogerpon
|-resisted|p2a: Ogerpon
|-damage|p2a: Ogerpon|25/100
|-boost|p1a: Excadrill|spe|1
|
|upkeep
|turn|4
|
|t:|1743845861
|move|p2a: Ogerpon|Spiky Shield|p2a: Ogerpon
|-singleturn|p2a: Ogerpon|move: Protect
|move|p1a: Excadrill|Iron Head|p2a: Ogerpon
|-activate|p2a: Ogerpon|move: Protect
|-damage|p1a: Excadrill|9/100|[from] Spiky Shield|[of] p2a: Ogerpon
|
|upkeep
|turn|5
|
|t:|1743845884
|switch|p2a: Glimmora|Glimmora, F|100/100
|move|p1a: Excadrill|Iron Head|p2a: Glimmora
|-supereffective|p2a: Glimmora
|-damage|p2a: Glimmora|6/100
|-activate|p2a: Glimmora|ability: Toxic Debris
|-sidestart|p1: Norther2610|move: Toxic Spikes
|
|upkeep
|turn|6
|
|t:|1743845892
|move|p2a: Glimmora|Spiky Shield|p2a: Glimmora
|-singleturn|p2a: Glimmora|move: Protect
|move|p1a: Excadrill|Rapid Spin|p2a: Glimmora
|-activate|p2a: Glimmora|move: Protect
|-damage|p1a: Excadrill|0 fnt|[from] Spiky Shield|[of] p2a: Glimmora
|faint|p1a: Excadrill
|
|upkeep
|
|t:|1743845900
|switch|p1a: Inteleon|Inteleon, M, shiny|100/100
|-status|p1a: Inteleon|psn
|turn|7
|
|t:|1743845904
|move|p2a: Glimmora|Spiky Shield||[still]
|-fail|p2a: Glimmora
|move|p1a: Inteleon|Snipe Shot|p2a: Glimmora
|-supereffective|p2a: Glimmora
|-crit|p2a: Glimmora
|-damage|p2a: Glimmora|0 fnt
|faint|p2a: Glimmora
|
|-damage|p1a: Inteleon|88/100 psn|[from] psn
|upkeep
|
|t:|1743845910
|switch|p2a: Tyranitar|Tyranitar, F|100/100
|-weather|Sandstorm|[from] ability: Sand Stream|[of] p2a: Tyranitar
|turn|8
|
|t:|1743845928
|switch|p1a: Zamazenta|Zamazenta, shiny|100/100
|-status|p1a: Zamazenta|psn
|-ability|p1a: Zamazenta|Dauntless Shield|boost
|-boost|p1a: Zamazenta|def|1
|move|p2a: Tyranitar|Knock Off|p1a: Zamazenta
|-resisted|p1a: Zamazenta
|-damage|p1a: Zamazenta|87/100 psn
|-enditem|p1a: Zamazenta|Leftovers|[from] move: Knock Off|[of] p2a: Tyranitar
|-damage|p2a: Tyranitar|91/100|[from] item: Life Orb
|
|-weather|Sandstorm|[upkeep]
|-damage|p1a: Zamazenta|81/100 psn|[from] Sandstorm
|-damage|p1a: Zamazenta|69/100 psn|[from] psn
|upkeep
|turn|9
|
|t:|1743845940
|switch|p2a: Diancie|Diancie|100/100
|move|p1a: Zamazenta|Body Press|p2a: Diancie
|-damage|p2a: Diancie|65/100
|
|-weather|Sandstorm|[upkeep]
|-damage|p1a: Zamazenta|62/100 psn|[from] Sandstorm
|-damage|p1a: Zamazenta|50/100 psn|[from] psn
|upkeep
|turn|10
|
|t:|1743845948
|move|p1a: Zamazenta|Body Press|p2a: Diancie
|-damage|p2a: Diancie|30/100
|move|p2a: Diancie|Diamond Storm|p1a: Zamazenta
|-resisted|p1a: Zamazenta
|-damage|p1a: Zamazenta|39/100 psn
|-boost|p2a: Diancie|def|2
|
|-weather|Sandstorm|[upkeep]
|-damage|p1a: Zamazenta|32/100 psn|[from] Sandstorm
|-damage|p1a: Zamazenta|20/100 psn|[from] psn
|upkeep
|turn|11
|
|t:|1743845957
|move|p1a: Zamazenta|Body Press|p2a: Diancie
|-damage|p2a: Diancie|13/100
|move|p2a: Diancie|Diamond Storm|p1a: Zamazenta
|-resisted|p1a: Zamazenta
|-damage|p1a: Zamazenta|9/100 psn
|-boost|p2a: Diancie|def|2
|
|-weather|Sandstorm|[upkeep]
|-damage|p1a: Zamazenta|3/100 psn|[from] Sandstorm
|-damage|p1a: Zamazenta|0 fnt|[from] psn
|faint|p1a: Zamazenta
|upkeep
|-message|Norther2610 forfeited.
|
|win|alinare12
|raw|Norther2610's rating: 1234 &rarr; <strong>1212</strong><br />(-22 for losing)
|raw|alinare12's rating: 1275 &rarr; <strong>1297</strong><br />(+22 for winning)
|l|☆Norther2610
|player|p1|
|l|☆alinare12
|player|p2|
