|j|☆AberrantReceptacle
|j|☆haxlolo
|t:|1743876345
|gametype|singles
|player|p1|AberrantReceptacle|serena-masters2|
|player|p2|haxlolo|#epl2024avaluggs|
|teamsize|p1|6
|teamsize|p2|6
|gen|9
|tier|[Gen 9] OU
|rule|HP Percentage Mod: HP is shown in percentages
|rule|Endless Battle Clause: Forcing endless battles is banned
|rule|Species Clause: Limit one of each Pokémon
|rule|OHKO Clause: OHKO moves are banned
|rule|Evasion Items Clause: Evasion items are banned
|rule|Evasion Moves Clause: Evasion moves are banned
|rule|Sleep Moves Clause: Sleep-inducing moves are banned
|clearpoke
|poke|p1|Cinderace, F|
|poke|p1|Dragapult, F|
|poke|p1|Great Tusk|
|poke|p1|Hatterene, F|
|poke|p1|Torkoal, M|
|poke|p1|Walking Wake|
|poke|p2|Lokix, F|
|poke|p2|Pecharunt|
|poke|p2|Zamazenta-*|
|poke|p2|Ting-Lu|
|poke|p2|Latios, M|
|poke|p2|Gliscor, F|
|teampreview
|c|☆haxlolo|glhf
|c|☆AberrantReceptacle|Gljf
|c|☆AberrantReceptacle|*glhf
|
|t:|1743876385
|start
|switch|p1a: The tork|Torkoal, M|100/100
|switch|p2a: Latios|Latios, M|100/100
|-weather|SunnyDay|[from] ability: Drought|[of] p1a: The tork
|turn|1
|
|t:|1743876400
|switch|p1a: Wizzrobe|Hatterene, F, shiny|100/100
|move|p2a: Latios|Psychic Noise|p1a: Wizzrobe
|-resisted|p1a: Wizzrobe
|-damage|p1a: Wizzrobe|78/100
|-start|p1a: Wizzrobe|move: Heal Block
|-enditem|p1a: Wizzrobe|Eject Button
|
|t:|1743876415
|switch|p1a: Trebuchet|Dragapult, F|100/100
|
|-weather|SunnyDay|[upkeep]
|upkeep
|turn|2
|
|t:|1743876420
|switch|p2a: Ting-Lu|Ting-Lu|100/100
|-ability|p2a: Ting-Lu|Vessel of Ruin
|move|p1a: Trebuchet|Dragon Darts|p2a: Ting-Lu
|-damage|p2a: Ting-Lu|86/100
|-anim|p1a: Trebuchet|Dragon Darts|p2a: Ting-Lu
|-damage|p2a: Ting-Lu|72/100
|-damage|p1a: Trebuchet|91/100|[from] item: Life Orb
|
|-weather|SunnyDay|[upkeep]
|-heal|p2a: Ting-Lu|79/100|[from] item: Leftovers
|upkeep
|turn|3
|
|t:|1743876434
|move|p1a: Trebuchet|Will-O-Wisp|p2a: Ting-Lu
|-status|p2a: Ting-Lu|brn
|move|p2a: Ting-Lu|Ruination|p1a: Trebuchet|[miss]
|-miss|p2a: Ting-Lu|p1a: Trebuchet
|
|-weather|SunnyDay|[upkeep]
|-heal|p2a: Ting-Lu|85/100 brn|[from] item: Leftovers
|-damage|p2a: Ting-Lu|79/100 brn|[from] brn
|upkeep
|turn|4
|
|t:|1743876450
|switch|p1a: Wizzrobe|Hatterene, F, shiny|78/100
|move|p2a: Ting-Lu|Ruination|p1a: Wizzrobe
|-damage|p1a: Wizzrobe|40/100
|
|-weather|SunnyDay|[upkeep]
|-heal|p2a: Ting-Lu|85/100 brn|[from] item: Leftovers
|-damage|p2a: Ting-Lu|79/100 brn|[from] brn
|upkeep
|turn|5
|
|t:|1743876465
|switch|p2a: Pecharunt|Pecharunt|100/100
|move|p1a: Wizzrobe|Draining Kiss|p2a: Pecharunt
|-resisted|p2a: Pecharunt
|-damage|p2a: Pecharunt|88/100
|-heal|p1a: Wizzrobe|51/100|[from] drain|[of] p2a: Pecharunt
|
|-weather|SunnyDay|[upkeep]
|upkeep
|turn|6
|
|t:|1743876485
|move|p2a: Pecharunt|Malignant Chain|p1a: Wizzrobe
|-supereffective|p1a: Wizzrobe
|-crit|p1a: Wizzrobe
|-damage|p1a: Wizzrobe|0 fnt
|faint|p1a: Wizzrobe
|
|-weather|SunnyDay|[upkeep]
|upkeep
|
|t:|1743876492
|switch|p1a: Trebuchet|Dragapult, F|91/100
|turn|7
|
|t:|1743876497
|switch|p2a: Ting-Lu|Ting-Lu|79/100 brn
|-ability|p2a: Ting-Lu|Vessel of Ruin
|move|p1a: Trebuchet|Shadow Ball|p2a: Ting-Lu
|-resisted|p2a: Ting-Lu
|-crit|p2a: Ting-Lu
|-damage|p2a: Ting-Lu|63/100 brn
|-damage|p1a: Trebuchet|81/100|[from] item: Life Orb
|
|-weather|SunnyDay|[upkeep]
|-heal|p2a: Ting-Lu|70/100 brn|[from] item: Leftovers
|-damage|p2a: Ting-Lu|63/100 brn|[from] brn
|upkeep
|turn|8
|
|t:|1743876508
|move|p1a: Trebuchet|Solar Beam||[still]
|-prepare|p1a: Trebuchet|Solar Beam
|-anim|p1a: Trebuchet|Solar Beam|p2a: Ting-Lu
|-supereffective|p2a: Ting-Lu
|-damage|p2a: Ting-Lu|26/100 brn
|-damage|p1a: Trebuchet|71/100|[from] item: Life Orb
|move|p2a: Ting-Lu|Stealth Rock|p1a: Trebuchet
|-sidestart|p1: AberrantReceptacle|move: Stealth Rock
|
|-weather|none
|-heal|p2a: Ting-Lu|33/100 brn|[from] item: Leftovers
|-damage|p2a: Ting-Lu|26/100 brn|[from] brn
|upkeep
|turn|9
|
|t:|1743876521
|move|p1a: Trebuchet|Dragon Darts|p2a: Ting-Lu
|-damage|p2a: Ting-Lu|10/100 brn
|-anim|p1a: Trebuchet|Dragon Darts|p2a: Ting-Lu
|-damage|p2a: Ting-Lu|0 fnt
|faint|p2a: Ting-Lu
|-damage|p1a: Trebuchet|61/100|[from] item: Life Orb
|
|upkeep
|
|t:|1743876549
|switch|p2a: Gliscor|Gliscor, F|100/100
|turn|10
|
|t:|1743876570
|move|p1a: Trebuchet|Will-O-Wisp|p2a: Gliscor
|-status|p2a: Gliscor|brn
|move|p2a: Gliscor|Knock Off|p1a: Trebuchet
|-supereffective|p1a: Trebuchet
|-damage|p1a: Trebuchet|30/100
|-enditem|p1a: Trebuchet|Life Orb|[from] move: Knock Off|[of] p2a: Gliscor
|
|-damage|p2a: Gliscor|94/100 brn|[from] brn
|upkeep
|turn|11
|
|t:|1743876578
|switch|p1a: The tork|Torkoal, M|100/100
|-damage|p1a: The tork|76/100|[from] Stealth Rock
|-weather|SunnyDay|[from] ability: Drought|[of] p1a: The tork
|move|p2a: Gliscor|Spikes|p1a: The tork
|-sidestart|p1: AberrantReceptacle|Spikes
|
|-weather|SunnyDay|[upkeep]
|-damage|p2a: Gliscor|88/100 brn|[from] brn
|upkeep
|turn|12
|
|t:|1743876585
|move|p2a: Gliscor|U-turn|p1a: The tork
|-resisted|p1a: The tork
|-damage|p1a: The tork|74/100
|
|t:|1743876593
|switch|p2a: Pecharunt|Pecharunt|88/100|[from] U-turn
|move|p1a: The tork|Stealth Rock|p2a: Pecharunt
|-sidestart|p2: haxlolo|move: Stealth Rock
|
|-weather|SunnyDay|[upkeep]
|upkeep
|turn|13
|
|t:|1743876626
|move|p2a: Pecharunt|Malignant Chain|p1a: The tork
|-damage|p1a: The tork|35/100
|move|p1a: The tork|Lava Plume|p2a: Pecharunt
|-damage|p2a: Pecharunt|51/100
|-status|p2a: Pecharunt|brn
|
|-weather|SunnyDay|[upkeep]
|-damage|p2a: Pecharunt|45/100 brn|[from] brn
|upkeep
|turn|14
|
|t:|1743876636
|switch|p1a: AK-47|Great Tusk|100/100
|-damage|p1a: AK-47|98/100|[from] Stealth Rock
|-damage|p1a: AK-47|85/100|[from] Spikes
|-activate|p1a: AK-47|ability: Protosynthesis
|-start|p1a: AK-47|protosynthesisdef
|move|p2a: Pecharunt|Recover|p2a: Pecharunt
|-heal|p2a: Pecharunt|95/100 brn
|
|-weather|SunnyDay|[upkeep]
|-damage|p2a: Pecharunt|89/100 brn|[from] brn
|upkeep
|turn|15
|
|t:|1743876646
|move|p1a: AK-47|Headlong Rush|p2a: Pecharunt
|-supereffective|p2a: Pecharunt
|-damage|p2a: Pecharunt|28/100 brn
|-unboost|p1a: AK-47|def|1
|-unboost|p1a: AK-47|spd|1
|-enditem|p1a: AK-47|Eject Pack
|
|t:|1743876655
|-end|p1a: AK-47|Protosynthesis|[silent]
|switch|p1a: Illegal|Cinderace, F|100/100
|-damage|p1a: Illegal|76/100|[from] Stealth Rock
|-damage|p1a: Illegal|63/100|[from] Spikes
|move|p2a: Pecharunt|Parting Shot|p1a: Illegal
|-unboost|p1a: Illegal|atk|1
|-unboost|p1a: Illegal|spa|1
|
|t:|1743876669
|switch|p2a: Zamazenta|Zamazenta|100/100|[from] Parting Shot
|-ability|p2a: Zamazenta|Dauntless Shield|boost
|-boost|p2a: Zamazenta|def|1
|
|-weather|SunnyDay|[upkeep]
|upkeep
|turn|16
|
|t:|1743876689
|move|p1a: Illegal|U-turn|p2a: Zamazenta
|-start|p1a: Illegal|typechange|Bug|[from] ability: Libero
|-resisted|p2a: Zamazenta
|-damage|p2a: Zamazenta|94/100
|
|t:|1743876691
|switch|p1a: AK-47|Great Tusk|85/100|[from] U-turn
|-damage|p1a: AK-47|82/100|[from] Stealth Rock
|-damage|p1a: AK-47|70/100|[from] Spikes
|-activate|p1a: AK-47|ability: Protosynthesis
|-start|p1a: AK-47|protosynthesisdef
|move|p2a: Zamazenta|Stone Edge|p1a: AK-47
|-resisted|p1a: AK-47
|-damage|p1a: AK-47|66/100
|
|-weather|SunnyDay|[upkeep]
|upkeep
|turn|17
|
|t:|1743876697
|switch|p2a: Pecharunt|Pecharunt|28/100 brn
|move|p1a: AK-47|Rapid Spin|p2a: Pecharunt
|-immune|p2a: Pecharunt
|
|-weather|SunnyDay|[upkeep]
|-damage|p2a: Pecharunt|22/100 brn|[from] brn
|upkeep
|turn|18
|
|t:|1743876729
|move|p1a: AK-47|Headlong Rush|p2a: Pecharunt
|-supereffective|p2a: Pecharunt
|-damage|p2a: Pecharunt|0 fnt
|-unboost|p1a: AK-47|def|1
|-unboost|p1a: AK-47|spd|1
|faint|p2a: Pecharunt
|
|-weather|none
|-end|p1a: AK-47|Protosynthesis
|upkeep
|
|t:|1743876737
|switch|p2a: Latios|Latios, M|100/100
|-damage|p2a: Latios|88/100|[from] Stealth Rock
|turn|19
|
|t:|1743876741
|-end|p1a: AK-47|Protosynthesis|[silent]
|switch|p1a: The tork|Torkoal, M|35/100
|-damage|p1a: The tork|10/100|[from] Stealth Rock
|-damage|p1a: The tork|0 fnt|[from] Spikes
|faint|p1a: The tork
|move|p2a: Latios|Psychic Noise|p1: The tork|[notarget]
|-fail|p2a: Latios
|
|upkeep
|
|t:|1743876749
|switch|p1a: Trebuchet|Dragapult, F|30/100
|-damage|p1a: Trebuchet|18/100|[from] Stealth Rock
|-damage|p1a: Trebuchet|5/100|[from] Spikes
|turn|20
|
|t:|1743876762
|switch|p2a: Gliscor|Gliscor, F|88/100 brn
|-damage|p2a: Gliscor|75/100 brn|[from] Stealth Rock
|move|p1a: Trebuchet|Dragon Darts|p2a: Gliscor
|-damage|p2a: Gliscor|60/100 brn
|-anim|p1a: Trebuchet|Dragon Darts|p2a: Gliscor
|-damage|p2a: Gliscor|44/100 brn
|
|-damage|p2a: Gliscor|37/100 brn|[from] brn
|upkeep
|turn|21
|
|t:|1743876789
|move|p1a: Trebuchet|Shadow Ball|p2a: Gliscor
|-damage|p2a: Gliscor|7/100 brn
|move|p2a: Gliscor|Knock Off|p1a: Trebuchet
|-supereffective|p1a: Trebuchet
|-damage|p1a: Trebuchet|0 fnt
|faint|p1a: Trebuchet
|
|-damage|p2a: Gliscor|0 fnt|[from] brn
|faint|p2a: Gliscor
|upkeep
|
|t:|1743876799
|switch|p1a: AK-47|Great Tusk|66/100
|switch|p2a: Latios|Latios, M|88/100
|-damage|p2a: Latios|76/100|[from] Stealth Rock
|-damage|p1a: AK-47|63/100|[from] Stealth Rock
|-damage|p1a: AK-47|50/100|[from] Spikes
|turn|22
|
|t:|1743876808
|move|p2a: Latios|Psychic Noise|p1a: AK-47
|-supereffective|p1a: AK-47
|-damage|p1a: AK-47|0 fnt
|faint|p1a: AK-47
|-end|p1a: AK-47|Protosynthesis|[silent]
|
|upkeep
|
|t:|1743876809
|switch|p1a: Illegal|Cinderace, F|63/100
|-damage|p1a: Illegal|38/100|[from] Stealth Rock
|-damage|p1a: Illegal|26/100|[from] Spikes
|turn|23
|
|t:|1743876846
|switch|p2a: Zamazenta|Zamazenta|94/100
|move|p1a: Illegal|U-turn|p2a: Zamazenta
|-start|p1a: Illegal|typechange|Bug|[from] ability: Libero
|-resisted|p2a: Zamazenta
|-damage|p2a: Zamazenta|77/100
|
|t:|1743876857
|switch|p1a: Walking Biohazard|Walking Wake|100/100|[from] U-turn
|-damage|p1a: Walking Biohazard|88/100|[from] Stealth Rock
|-damage|p1a: Walking Biohazard|76/100|[from] Spikes
|
|upkeep
|turn|24
|
|t:|1743876888
|-terastallize|p1a: Walking Biohazard|Ghost
|move|p2a: Zamazenta|Close Combat|p1a: Walking Biohazard
|-immune|p1a: Walking Biohazard
|move|p1a: Walking Biohazard|Substitute|p1a: Walking Biohazard
|-start|p1a: Walking Biohazard|Substitute
|-damage|p1a: Walking Biohazard|51/100
|
|upkeep
|turn|25
|
|t:|1743876895
|move|p2a: Zamazenta|Crunch|p1a: Walking Biohazard
|-supereffective|p1a: Walking Biohazard
|-end|p1a: Walking Biohazard|Substitute
|move|p1a: Walking Biohazard|Hydro Steam|p2a: Zamazenta
|-damage|p2a: Zamazenta|32/100
|
|upkeep
|turn|26
|
|t:|1743876901
|move|p2a: Zamazenta|Crunch|p1a: Walking Biohazard
|-supereffective|p1a: Walking Biohazard
|-damage|p1a: Walking Biohazard|0 fnt
|faint|p1a: Walking Biohazard
|-end|p1a: Walking Biohazard|Protosynthesis|[silent]
|
|upkeep
|
|t:|1743876902
|switch|p1a: Illegal|Cinderace, F|26/100
|-damage|p1a: Illegal|1/100|[from] Stealth Rock
|-damage|p1a: Illegal|0 fnt|[from] Spikes
|faint|p1a: Illegal
|
|win|haxlolo
|c|☆haxlolo|ggs
|c|☆AberrantReceptacle|gg
|l|☆AberrantReceptacle
|player|p1|
