|j|☆E4Sens
|j|☆9878998 Guest
|t:|1743917032
|gametype|singles
|player|p1|E4Sens|sidney|1146
|player|p2|9878998 Guest|psychicf-gen4|1204
|teamsize|p1|6
|teamsize|p2|6
|gen|9
|tier|[Gen 9] OU
|rated|
|rule|HP Percentage Mod: HP is shown in percentages
|rule|Endless Battle Clause: Forcing endless battles is banned
|rule|Species Clause: Limit one of each Pokémon
|rule|OHKO Clause: OHKO moves are banned
|rule|Evasion Items Clause: Evasion items are banned
|rule|Evasion Moves Clause: Evasion moves are banned
|rule|Sleep Moves Clause: Sleep-inducing moves are banned
|clearpoke
|poke|p1|Hoopa-Unbound|
|poke|p1|Malamar, M|
|poke|p1|Weavile, F|
|poke|p1|Greninja-*, M|
|poke|p1|Mandibuzz, F|
|poke|p1|Iron Jugulis|
|poke|p2|Kyurem|
|poke|p2|Corviknight, F|
|poke|p2|Ting-Lu|
|poke|p2|Dondozo, M|
|poke|p2|Slowking-Galar, L99, M|
|poke|p2|Cinderace, M|
|teampreview
|inactive|Battle timer is ON: inactive players will automatically lose when time's up. (requested by 9878998 Guest)
|
|t:|1743917048
|start
|switch|p1a: Weavile|Weavile, F|100/100
|switch|p2a: Kyurem|Kyurem, shiny|100/100
|-ability|p2a: Kyurem|Pressure
|turn|1
|
|t:|1743917060
|move|p1a: Weavile|Swords Dance|p1a: Weavile
|-boost|p1a: Weavile|atk|2
|move|p2a: Kyurem|Earth Power|p1a: Weavile
|-damage|p1a: Weavile|60/100
|
|upkeep
|turn|2
|
|t:|1743917071
|switch|p2a: Dondozo|Dondozo, M, shiny|100/100
|move|p1a: Weavile|Triple Axel|p2a: Dondozo
|-resisted|p2a: Dondozo
|-damage|p2a: Dondozo|99/100
|-resisted|p2a: Dondozo
|-damage|p2a: Dondozo|94/100
|-resisted|p2a: Dondozo
|-damage|p2a: Dondozo|88/100
|-hitcount|p2a: Dondozo|3
|
|-heal|p2a: Dondozo|94/100|[from] item: Leftovers
|upkeep
|turn|3
|
|t:|1743917081
|move|p1a: Weavile|Knock Off|p2a: Dondozo
|-damage|p2a: Dondozo|73/100
|-enditem|p2a: Dondozo|Leftovers|[from] move: Knock Off|[of] p1a: Weavile
|move|p2a: Dondozo|Body Press|p1a: Weavile
|-supereffective|p1a: Weavile
|-crit|p1a: Weavile
|-damage|p1a: Weavile|0 fnt
|faint|p1a: Weavile
|
|upkeep
|
|t:|1743917089
|switch|p1a: Hoopa|Hoopa-Unbound|100/100
|turn|4
|
|t:|1743917093
|switch|p2a: Ting-Lu|Ting-Lu|100/100
|-ability|p2a: Ting-Lu|Vessel of Ruin
|move|p1a: Hoopa|Thunderbolt|p2a: Ting-Lu
|-immune|p2a: Ting-Lu
|
|upkeep
|turn|5
|
|t:|1743917104
|switch|p1a: Malamar|Malamar, M|100/100
|switch|p2a: Kyurem|Kyurem, shiny|100/100
|-ability|p2a: Kyurem|Pressure
|
|upkeep
|turn|6
|
|t:|1743917114
|move|p2a: Kyurem|Substitute|p2a: Kyurem
|-start|p2a: Kyurem|Substitute
|-damage|p2a: Kyurem|76/100
|move|p1a: Malamar|Superpower|p2a: Kyurem
|-supereffective|p2a: Kyurem
|-end|p2a: Kyurem|Substitute
|-boost|p1a: Malamar|atk|1
|-boost|p1a: Malamar|def|1
|
|-heal|p2a: Kyurem|82/100|[from] item: Leftovers
|upkeep
|turn|7
|
|t:|1743917123
|switch|p2a: Dondozo|Dondozo, M, shiny|73/100
|move|p1a: Malamar|Superpower|p2a: Dondozo
|-damage|p2a: Dondozo|57/100
|-boost|p1a: Malamar|atk|1
|-boost|p1a: Malamar|def|1
|
|upkeep
|turn|8
|
|t:|1743917130
|switch|p1a: Mandibuzz|Mandibuzz, F|100/100
|move|p2a: Dondozo|Waterfall|p1a: Mandibuzz
|-damage|p1a: Mandibuzz|84/100
|-damage|p2a: Dondozo|41/100|[from] item: Rocky Helmet|[of] p1a: Mandibuzz
|
|upkeep
|turn|9
|
|t:|1743917137
|move|p1a: Mandibuzz|Taunt|p2a: Dondozo
|-start|p2a: Dondozo|move: Taunt
|cant|p2a: Dondozo|move: Taunt|Rest
|
|upkeep
|turn|10
|
|t:|1743917150
|switch|p2a: Slowking|Slowking-Galar, L99, M, shiny|100/100
|move|p1a: Mandibuzz|Taunt|p2a: Slowking
|-start|p2a: Slowking|move: Taunt
|
|upkeep
|turn|11
|
|t:|1743917158
|switch|p1a: Iron Jugulis|Iron Jugulis|100/100
|-enditem|p1a: Iron Jugulis|Booster Energy
|-activate|p1a: Iron Jugulis|ability: Quark Drive|[fromitem]
|-start|p1a: Iron Jugulis|quarkdrivespa
|move|p2a: Slowking|Sludge Bomb|p1a: Iron Jugulis
|-damage|p1a: Iron Jugulis|57/100
|
|upkeep
|turn|12
|
|t:|1743917166
|switch|p2a: Ting-Lu|Ting-Lu|100/100
|-ability|p2a: Ting-Lu|Vessel of Ruin
|move|p1a: Iron Jugulis|Dark Pulse|p2a: Ting-Lu
|-resisted|p2a: Ting-Lu
|-damage|p2a: Ting-Lu|89/100
|
|-heal|p2a: Ting-Lu|95/100|[from] item: Leftovers
|upkeep
|turn|13
|
|t:|1743917174
|move|p1a: Iron Jugulis|Taunt|p2a: Ting-Lu
|-start|p2a: Ting-Lu|move: Taunt
|move|p2a: Ting-Lu|Payback|p1a: Iron Jugulis
|-resisted|p1a: Iron Jugulis
|-damage|p1a: Iron Jugulis|35/100
|
|-heal|p2a: Ting-Lu|100/100|[from] item: Leftovers
|upkeep
|turn|14
|
|t:|1743917181
|move|p1a: Iron Jugulis|Air Slash|p2a: Ting-Lu
|-damage|p2a: Ting-Lu|81/100
|move|p2a: Ting-Lu|Payback|p1a: Iron Jugulis
|-resisted|p1a: Iron Jugulis
|-damage|p1a: Iron Jugulis|12/100
|
|-heal|p2a: Ting-Lu|87/100|[from] item: Leftovers
|upkeep
|turn|15
|
|t:|1743917189
|move|p1a: Iron Jugulis|Air Slash|p2a: Ting-Lu
|-damage|p2a: Ting-Lu|69/100
|move|p2a: Ting-Lu|Payback|p1a: Iron Jugulis
|-resisted|p1a: Iron Jugulis
|-damage|p1a: Iron Jugulis|0 fnt
|faint|p1a: Iron Jugulis
|-end|p1a: Iron Jugulis|Quark Drive|[silent]
|
|-heal|p2a: Ting-Lu|75/100|[from] item: Leftovers
|-end|p2a: Ting-Lu|move: Taunt
|upkeep
|
|t:|1743917198
|switch|p1a: Malamar|Malamar, M|100/100
|turn|16
|
|t:|1743917201
|switch|p2a: Dondozo|Dondozo, M, shiny|41/100
|move|p1a: Malamar|Superpower|p2a: Dondozo
|-damage|p2a: Dondozo|27/100
|-boost|p1a: Malamar|atk|1
|-boost|p1a: Malamar|def|1
|
|upkeep
|turn|17
|
|t:|1743917208
|move|p1a: Malamar|Psycho Cut|p2a: Dondozo
|-damage|p2a: Dondozo|13/100
|move|p2a: Dondozo|Rest|p2a: Dondozo
|-status|p2a: Dondozo|slp|[from] move: Rest
|-heal|p2a: Dondozo|100/100 slp|[silent]
|
|upkeep
|turn|18
|
|t:|1743917219
|switch|p1a: Hoopa|Hoopa-Unbound|100/100
|cant|p2a: Dondozo|slp
|
|upkeep
|turn|19
|
|t:|1743917224
|switch|p2a: Slowking|Slowking-Galar, L99, M, shiny|100/100
|move|p1a: Hoopa|Drain Punch|p2a: Slowking
|-resisted|p2a: Slowking
|-damage|p2a: Slowking|94/100
|
|upkeep
|turn|20
|
|t:|1743917231
|move|p1a: Hoopa|Psychic Noise|p2a: Slowking
|-crit|p2a: Slowking
|-damage|p2a: Slowking|51/100
|-start|p2a: Slowking|move: Heal Block
|move|p2a: Slowking|Sludge Bomb|p1a: Hoopa
|-damage|p1a: Hoopa|86/100
|-status|p1a: Hoopa|psn
|
|-damage|p1a: Hoopa|74/100 psn|[from] psn
|upkeep
|turn|21
|
|t:|1743917241
|switch|p2a: Ting-Lu|Ting-Lu|75/100
|-ability|p2a: Ting-Lu|Vessel of Ruin
|move|p1a: Hoopa|Knock Off|p2a: Ting-Lu
|-resisted|p2a: Ting-Lu
|-damage|p2a: Ting-Lu|62/100
|-enditem|p2a: Ting-Lu|Leftovers|[from] move: Knock Off|[of] p1a: Hoopa
|
|-damage|p1a: Hoopa|62/100 psn|[from] psn
|upkeep
|turn|22
|
|t:|1743917250
|switch|p2a: Slowking|Slowking-Galar, L99, M, shiny|84/100
|move|p1a: Hoopa|Drain Punch|p2a: Slowking
|-resisted|p2a: Slowking
|-damage|p2a: Slowking|77/100
|-heal|p1a: Hoopa|66/100 psn|[from] drain|[of] p2a: Slowking
|
|-damage|p1a: Hoopa|53/100 psn|[from] psn
|upkeep
|turn|23
|
|t:|1743917258
|switch|p2a: Ting-Lu|Ting-Lu|62/100
|-ability|p2a: Ting-Lu|Vessel of Ruin
|move|p1a: Hoopa|Knock Off|p2a: Ting-Lu
|-resisted|p2a: Ting-Lu
|-damage|p2a: Ting-Lu|53/100
|
|-damage|p1a: Hoopa|41/100 psn|[from] psn
|upkeep
|turn|24
|
|t:|1743917266
|move|p1a: Hoopa|Drain Punch|p2a: Ting-Lu
|-supereffective|p2a: Ting-Lu
|-damage|p2a: Ting-Lu|26/100
|-heal|p1a: Hoopa|60/100 psn|[from] drain|[of] p2a: Ting-Lu
|move|p2a: Ting-Lu|Earthquake|p1a: Hoopa
|-damage|p1a: Hoopa|5/100 psn
|
|-damage|p1a: Hoopa|0 fnt|[from] psn
|faint|p1a: Hoopa
|upkeep
|
|t:|1743917275
|switch|p1a: Greninja|Greninja, M|100/100
|turn|25
|
|t:|1743917280
|-terastallize|p2a: Ting-Lu|Water
|move|p1a: Greninja|Ice Beam|p2a: Ting-Lu
|-resisted|p2a: Ting-Lu
|-damage|p2a: Ting-Lu|20/100
|move|p2a: Ting-Lu|Rest|p2a: Ting-Lu
|-status|p2a: Ting-Lu|slp|[from] move: Rest
|-heal|p2a: Ting-Lu|100/100 slp|[silent]
|
|upkeep
|turn|26
|
|t:|1743917288
|move|p1a: Greninja|Dark Pulse|p2a: Ting-Lu
|-damage|p2a: Ting-Lu|83/100 slp
|cant|p2a: Ting-Lu|slp
|cant|p2a: Ting-Lu|flinch
|
|upkeep
|turn|27
|
|t:|1743917294
|move|p1a: Greninja|Dark Pulse|p2a: Ting-Lu
|-damage|p2a: Ting-Lu|68/100 slp
|cant|p2a: Ting-Lu|slp
|move|p2a: Ting-Lu|Sleep Talk|p2a: Ting-Lu
|move|p2a: Ting-Lu|Rest||[from] move: Sleep Talk|[still]
|-fail|p2a: Ting-Lu
|
|upkeep
|turn|28
|
|t:|1743917302
|switch|p1a: Malamar|Malamar, M|100/100
|-curestatus|p2a: Ting-Lu|slp|[msg]
|move|p2a: Ting-Lu|Earthquake|p1a: Malamar
|-damage|p1a: Malamar|53/100
|
|upkeep
|turn|29
|
|t:|1743917309
|switch|p2a: Dondozo|Dondozo, M, shiny|100/100 slp
|move|p1a: Malamar|Superpower|p2a: Dondozo
|-damage|p2a: Dondozo|86/100 slp
|-boost|p1a: Malamar|atk|1
|-boost|p1a: Malamar|def|1
|
|upkeep
|turn|30
|
|t:|1743917317
|switch|p1a: Greninja|Greninja, M|100/100
|cant|p2a: Dondozo|slp
|
|upkeep
|turn|31
|
|t:|1743917321
|switch|p2a: Ting-Lu|Ting-Lu, tera:Water|68/100
|-ability|p2a: Ting-Lu|Vessel of Ruin
|move|p1a: Greninja|Dark Pulse|p2a: Ting-Lu
|-damage|p2a: Ting-Lu|50/100
|
|upkeep
|turn|32
|
|t:|1743917328
|move|p1a: Greninja|Dark Pulse|p2a: Ting-Lu
|-damage|p2a: Ting-Lu|33/100
|cant|p2a: Ting-Lu|flinch
|
|upkeep
|turn|33
|
|t:|1743917333
|move|p1a: Greninja|Dark Pulse|p2a: Ting-Lu
|-damage|p2a: Ting-Lu|17/100
|cant|p2a: Ting-Lu|flinch
|
|upkeep
|turn|34
|
|t:|1743917337
|move|p1a: Greninja|Dark Pulse|p2a: Ting-Lu
|-damage|p2a: Ting-Lu|0 fnt
|faint|p2a: Ting-Lu
|-ability|p1a: Greninja|Battle Bond|boost
|-boost|p1a: Greninja|atk|1
|-boost|p1a: Greninja|spa|1
|-boost|p1a: Greninja|spe|1
|-activate|p1a: Greninja|ability: Battle Bond
|
|upkeep
|c|☆E4Sens|ur team is disgusting
|
|t:|1743917347
|switch|p2a: Kyurem|Kyurem, shiny|82/100
|-ability|p2a: Kyurem|Pressure
|turn|35
|
|t:|1743917352
|move|p2a: Kyurem|Protect|p2a: Kyurem
|-singleturn|p2a: Kyurem|Protect
|move|p1a: Greninja|Dark Pulse|p2a: Kyurem
|-activate|p2a: Kyurem|move: Protect
|
|-heal|p2a: Kyurem|88/100|[from] item: Leftovers
|upkeep
|turn|36
|
|t:|1743917358
|move|p1a: Greninja|Dark Pulse|p2a: Kyurem
|-damage|p2a: Kyurem|33/100
|move|p2a: Kyurem|Freeze-Dry|p1a: Greninja
|-supereffective|p1a: Greninja
|-damage|p1a: Greninja|0 fnt
|faint|p1a: Greninja
|
|-heal|p2a: Kyurem|39/100|[from] item: Leftovers
|upkeep
|
|t:|1743917366
|switch|p1a: Malamar|Malamar, M|53/100
|turn|37
|
|t:|1743917376
|switch|p2a: Dondozo|Dondozo, M, shiny|86/100 slp
|move|p1a: Malamar|Superpower|p2a: Dondozo
|-damage|p2a: Dondozo|71/100 slp
|-boost|p1a: Malamar|atk|1
|-boost|p1a: Malamar|def|1
|
|upkeep
|turn|38
|
|t:|1743917382
|move|p1a: Malamar|Psycho Cut|p2a: Dondozo
|-damage|p2a: Dondozo|58/100 slp
|-curestatus|p2a: Dondozo|slp|[msg]
|move|p2a: Dondozo|Waterfall|p1a: Malamar
|-damage|p1a: Malamar|19/100
|
|upkeep
|turn|39
|
|t:|1743917388
|move|p1a: Malamar|Psycho Cut|p2a: Dondozo
|-damage|p2a: Dondozo|44/100
|move|p2a: Dondozo|Waterfall|p1a: Malamar
|-damage|p1a: Malamar|0 fnt
|faint|p1a: Malamar
|
|upkeep
|-message|E4Sens forfeited.
|
|win|9878998 Guest
|raw|E4Sens's rating: 1146 &rarr; <strong>1125</strong><br />(-21 for losing)
|raw|9878998 Guest's rating: 1204 &rarr; <strong>1225</strong><br />(+21 for winning)
|l|☆E4Sens
|player|p1|
|l|☆9878998 Guest
|player|p2|
