|j|☆RemySlimeDragon
|j|☆guillermo3113
|t:|1743917056
|gametype|singles
|player|p1|RemySlimeDragon|101|1000
|player|p2|guillermo3113|richboy-gen4|1000
|teamsize|p1|6
|teamsize|p2|6
|gen|9
|tier|[Gen 9] OU
|rated|
|rule|HP Percentage Mod: HP is shown in percentages
|rule|Endless Battle Clause: Forcing endless battles is banned
|rule|Species Clause: Limit one of each Pokémon
|rule|OHKO Clause: OHKO moves are banned
|rule|Evasion Items Clause: Evasion items are banned
|rule|Evasion Moves Clause: Evasion moves are banned
|rule|Sleep Moves Clause: Sleep-inducing moves are banned
|clearpoke
|poke|p1|Smeargle, M|
|poke|p1|Pawmot, M|
|poke|p1|Rabsca, F|
|poke|p1|Gengar, F|
|poke|p1|Iron Valiant|
|poke|p1|Kingambit, M|
|poke|p2|Venusaur, M|
|poke|p2|Wo-Chien|
|poke|p2|Brute Bonnet|
|poke|p2|Metagross|
|poke|p2|Dragonite, M|
|poke|p2|Armarouge, M|
|teampreview
|
|t:|1743917072
|start
|switch|p1a: Smeargle|Smeargle, M|100/100
|switch|p2a: Armarouge|Armarouge, M, shiny|100/100
|turn|1
|-activate|p1a: Smeargle|item: Quick Claw
|
|t:|1743917082
|-terastallize|p2a: Armarouge|Stellar
|move|p1a: Smeargle|Baneful Bunker|p1a: Smeargle
|-singleturn|p1a: Smeargle|move: Protect
|move|p2a: Armarouge|Iron Defense|p2a: Armarouge
|-boost|p2a: Armarouge|def|2
|
|upkeep
|turn|2
|
|t:|1743917091
|move|p1a: Smeargle|Destiny Bond|p1a: Smeargle
|-singlemove|p1a: Smeargle|Destiny Bond
|move|p2a: Armarouge|Iron Defense|p2a: Armarouge
|-boost|p2a: Armarouge|def|2
|
|upkeep
|turn|3
|-activate|p1a: Smeargle|item: Quick Claw
|
|t:|1743917099
|move|p1a: Smeargle|Destiny Bond||[still]
|-fail|p1a: Smeargle
|move|p2a: Armarouge|Calm Mind|p2a: Armarouge
|-boost|p2a: Armarouge|spa|1
|-boost|p2a: Armarouge|spd|1
|
|upkeep
|turn|4
|
|t:|1743917106
|move|p1a: Smeargle|Destiny Bond|p1a: Smeargle
|-singlemove|p1a: Smeargle|Destiny Bond
|move|p2a: Armarouge|Calm Mind|p2a: Armarouge
|-boost|p2a: Armarouge|spa|1
|-boost|p2a: Armarouge|spd|1
|
|upkeep
|turn|5
|
|t:|1743917113
|move|p1a: Smeargle|Spiky Shield|p1a: Smeargle
|-singleturn|p1a: Smeargle|move: Protect
|move|p2a: Armarouge|Calm Mind|p2a: Armarouge
|-boost|p2a: Armarouge|spa|1
|-boost|p2a: Armarouge|spd|1
|
|upkeep
|turn|6
|
|t:|1743917119
|move|p1a: Smeargle|Destiny Bond|p1a: Smeargle
|-singlemove|p1a: Smeargle|Destiny Bond
|move|p2a: Armarouge|Iron Defense|p2a: Armarouge
|-boost|p2a: Armarouge|def|2
|
|upkeep
|turn|7
|
|t:|1743917126
|move|p1a: Smeargle|Protect|p1a: Smeargle
|-singleturn|p1a: Smeargle|Protect
|move|p2a: Armarouge|Calm Mind|p2a: Armarouge
|-boost|p2a: Armarouge|spa|1
|-boost|p2a: Armarouge|spd|1
|
|upkeep
|turn|8
|
|t:|1743917134
|move|p1a: Smeargle|Destiny Bond|p1a: Smeargle
|-singlemove|p1a: Smeargle|Destiny Bond
|move|p2a: Armarouge|Calm Mind|p2a: Armarouge
|-boost|p2a: Armarouge|spa|1
|-boost|p2a: Armarouge|spd|1
|
|upkeep
|turn|9
|
|t:|1743917145
|move|p1a: Smeargle|Protect|p1a: Smeargle
|-singleturn|p1a: Smeargle|Protect
|move|p2a: Armarouge|Calm Mind|p2a: Armarouge
|-boost|p2a: Armarouge|spa|1
|-boost|p2a: Armarouge|spd|1
|
|upkeep
|turn|10
|
|t:|1743917153
|move|p1a: Smeargle|Destiny Bond|p1a: Smeargle
|-singlemove|p1a: Smeargle|Destiny Bond
|move|p2a: Armarouge|Aura Sphere|p1a: Smeargle
|-supereffective|p1a: Smeargle
|-damage|p1a: Smeargle|0 fnt
|faint|p1a: Smeargle
|-activate|p1a: Smeargle|move: Destiny Bond
|faint|p2a: Armarouge
|
|upkeep
|-message|guillermo3113 forfeited.
|
|win|RemySlimeDragon
|raw|RemySlimeDragon's rating: 1000 &rarr; <strong>1040</strong><br />(+40 for winning)
|raw|guillermo3113's rating: 1000 &rarr; <strong>1000</strong><br />(+0 for losing)
|l|☆guillermo3113
|player|p2|
