|j|☆Johnny987
|j|☆ultraminkey
|t:|1743891856
|gametype|singles
|player|p1|Johnny987|169|1533
|player|p2|ultraminkey|lusamine-nihilego|1481
|teamsize|p1|6
|teamsize|p2|6
|gen|9
|tier|[Gen 9] OU
|rated|
|rule|HP Percentage Mod: HP is shown in percentages
|rule|Endless Battle Clause: Forcing endless battles is banned
|rule|Species Clause: Limit one of each Pokémon
|rule|OHKO Clause: OHKO moves are banned
|rule|Evasion Items Clause: Evasion items are banned
|rule|Evasion Moves Clause: Evasion moves are banned
|rule|Sleep Moves Clause: Sleep-inducing moves are banned
|clearpoke
|poke|p1|Ninetales, F|
|poke|p1|Hatterene, F|
|poke|p1|Great Tusk|
|poke|p1|Walking Wake|
|poke|p1|Kingambit, F|
|poke|p1|Leavanny, F|
|poke|p2|Landorus-Therian, M|
|poke|p2|Hatterene, F|
|poke|p2|Ogerpon-Wellspring, F|
|poke|p2|Kingambit, F|
|poke|p2|Samurott-Hisui, F|
|poke|p2|Arcanine-Hisui, F|
|teampreview
|inactive|Battle timer is ON: inactive players will automatically lose when time's up. (requested by Johnny987)
|
|t:|1743891867
|start
|switch|p1a: Kim|Ninetales, F|100/100
|switch|p2a: Arcanine|Arcanine-Hisui, F|100/100
|-weather|SunnyDay|[from] ability: Drought|[of] p1a: Kim
|turn|1
|
|t:|1743891874
|switch|p1a: Cris|Hatterene, F|100/100
|move|p2a: Arcanine|Head Smash|p1a: Cris
|-damage|p1a: Cris|11/100
|-enditem|p1a: Cris|Eject Button
|-damage|p2a: Arcanine|91/100|[from] item: Life Orb
|
|t:|1743891888
|switch|p1a: Licha|Walking Wake|100/100
|-activate|p1a: Licha|ability: Protosynthesis
|-start|p1a: Licha|protosynthesisspe
|
|-weather|SunnyDay|[upkeep]
|upkeep
|turn|2
|
|t:|1743891898
|switch|p2a: Hatterene|Hatterene, F|100/100
|move|p1a: Licha|Dragon Pulse|p2a: Hatterene
|-immune|p2a: Hatterene
|
|-weather|SunnyDay|[upkeep]
|upkeep
|turn|3
|
|t:|1743891906
|-end|p1a: Licha|Protosynthesis|[silent]
|switch|p1a: Cris|Hatterene, F|11/100
|move|p2a: Hatterene|Draining Kiss|p1a: Cris
|-damage|p1a: Cris|0 fnt
|faint|p1a: Cris
|
|-weather|SunnyDay|[upkeep]
|upkeep
|
|t:|1743891915
|switch|p1a: Leavanny|Leavanny, F|100/100
|turn|4
|
|t:|1743891927
|move|p1a: Leavanny|Leaf Blade|p2a: Hatterene
|-crit|p2a: Hatterene
|-damage|p2a: Hatterene|0 fnt
|faint|p2a: Hatterene
|
|-weather|SunnyDay|[upkeep]
|upkeep
|
|t:|1743891937
|switch|p2a: Arcanine|Arcanine-Hisui, F|91/100
|turn|5
|
|t:|1743891956
|move|p1a: Leavanny|Leaf Blade|p2a: Arcanine
|-crit|p2a: Arcanine
|-damage|p2a: Arcanine|0 fnt
|faint|p2a: Arcanine
|
|-weather|SunnyDay|[upkeep]
|upkeep
|
|t:|1743891972
|switch|p2a: Landorus|Landorus-Therian, M|100/100
|-ability|p2a: Landorus|Intimidate|boost
|-unboost|p1a: Leavanny|atk|1
|turn|6
|
|t:|1743891989
|switch|p1a: Greg|Great Tusk|100/100
|-activate|p1a: Greg|ability: Protosynthesis
|-start|p1a: Greg|protosynthesisatk
|move|p2a: Landorus|Stone Edge|p1a: Greg|[miss]
|-miss|p2a: Landorus|p1a: Greg
|
|-weather|SunnyDay|[upkeep]
|upkeep
|turn|7
|
|t:|1743892000
|switch|p2a: Ogerpon|Ogerpon-Wellspring, F|100/100
|move|p1a: Greg|Rapid Spin|p2a: Ogerpon
|-damage|p2a: Ogerpon|71/100
|-boost|p1a: Greg|spe|1
|
|-weather|SunnyDay|[upkeep]
|upkeep
|turn|8
|
|t:|1743892021
|move|p1a: Greg|Knock Off|p2a: Ogerpon
|-damage|p2a: Ogerpon|35/100
|move|p2a: Ogerpon|Trailblaze|p1a: Greg
|-supereffective|p1a: Greg
|-damage|p1a: Greg|56/100
|-boost|p2a: Ogerpon|spe|1
|
|-weather|none
|-end|p1a: Greg|Protosynthesis
|upkeep
|turn|9
|inactive|Johnny987 has 120 seconds left.
|
|t:|1743892041
|move|p2a: Ogerpon|Ivy Cudgel|p1a: Greg|[anim] Ivy Cudgel Water
|-supereffective|p1a: Greg
|-damage|p1a: Greg|0 fnt
|faint|p1a: Greg
|-end|p1a: Greg|Protosynthesis|[silent]
|
|upkeep
|inactive|Johnny987 has 120 seconds left.
|
|t:|1743892047
|switch|p1a: Kim|Ninetales, F|100/100
|-weather|SunnyDay|[from] ability: Drought|[of] p1a: Kim
|turn|10
|inactive|Johnny987 has 120 seconds left.
|
|t:|1743892059
|-terastallize|p1a: Kim|Grass
|move|p2a: Ogerpon|Ivy Cudgel|p1a: Kim|[anim] Ivy Cudgel Water
|-resisted|p1a: Kim
|-damage|p1a: Kim|84/100
|move|p1a: Kim|Will-O-Wisp|p2a: Ogerpon
|-status|p2a: Ogerpon|brn
|
|-weather|SunnyDay|[upkeep]
|-damage|p2a: Ogerpon|29/100 brn|[from] brn
|upkeep
|turn|11
|inactive|Johnny987 has 120 seconds left.
|
|t:|1743892076
|move|p2a: Ogerpon|Play Rough|p1a: Kim|[miss]
|-miss|p2a: Ogerpon|p1a: Kim
|move|p1a: Kim|Will-O-Wisp|p2a: Ogerpon
|-fail|p2a: Ogerpon|brn
|
|-weather|SunnyDay|[upkeep]
|-damage|p2a: Ogerpon|23/100 brn|[from] brn
|upkeep
|turn|12
|inactive|Johnny987 has 120 seconds left.
|
|t:|1743892086
|switch|p1a: Alex|Kingambit, F|100/100
|-activate|p1a: Alex|ability: Supreme Overlord
|-start|p1a: Alex|fallen2|[silent]
|move|p2a: Ogerpon|Swords Dance|p2a: Ogerpon
|-boost|p2a: Ogerpon|atk|2
|
|-weather|SunnyDay|[upkeep]
|-damage|p2a: Ogerpon|17/100 brn|[from] brn
|upkeep
|turn|13
|inactive|Johnny987 has 120 seconds left.
|
|t:|1743892103
|switch|p2a: Landorus|Landorus-Therian, M|100/100
|-ability|p2a: Landorus|Intimidate|boost
|-unboost|p1a: Alex|atk|1
|move|p1a: Alex|Iron Head|p2a: Landorus
|-damage|p2a: Landorus|57/100
|
|-weather|SunnyDay|[upkeep]
|upkeep
|turn|14
|
|t:|1743892121
|-end|p1a: Alex|fallen2|[silent]
|switch|p1a: Leavanny|Leavanny, F|100/100
|move|p2a: Landorus|Earthquake|p1a: Leavanny
|-resisted|p1a: Leavanny
|-damage|p1a: Leavanny|80/100
|
|-weather|SunnyDay|[upkeep]
|upkeep
|turn|15
|
|t:|1743892130
|switch|p2a: Ogerpon|Ogerpon-Wellspring, F|17/100 brn
|move|p1a: Leavanny|Leaf Blade|p2a: Ogerpon
|-damage|p2a: Ogerpon|0 fnt
|faint|p2a: Ogerpon
|
|-weather|SunnyDay|[upkeep]
|upkeep
|
|t:|1743892138
|switch|p2a: Kingambit|Kingambit, F|100/100
|-activate|p2a: Kingambit|ability: Supreme Overlord
|-start|p2a: Kingambit|fallen3|[silent]
|turn|16
|inactive|Johnny987 has 120 seconds left.
|
|t:|1743892147
|move|p2a: Kingambit|Sucker Punch|p1a: Leavanny
|-damage|p1a: Leavanny|0 fnt
|faint|p1a: Leavanny
|
|-weather|SunnyDay|[upkeep]
|upkeep
|inactive|Johnny987 has 120 seconds left.
|
|t:|1743892162
|switch|p1a: Kim|Ninetales, F, tera:Grass|84/100
|turn|17
|inactive|ultraminkey has 120 seconds left.
|inactive|ultraminkey has 90 seconds left.
|
|t:|1743892224
|move|p1a: Kim|Will-O-Wisp|p2a: Kingambit
|-status|p2a: Kingambit|brn
|move|p2a: Kingambit|Kowtow Cleave|p1a: Kim
|-damage|p1a: Kim|39/100
|
|-weather|none
|-damage|p2a: Kingambit|94/100 brn|[from] brn
|upkeep
|turn|18
|inactive|Johnny987 has 120 seconds left.
|
|t:|1743892234
|switch|p1a: Alex|Kingambit, F|100/100
|-activate|p1a: Alex|ability: Supreme Overlord
|-start|p1a: Alex|fallen3|[silent]
|move|p2a: Kingambit|Sucker Punch||[still]
|-fail|p2a: Kingambit
|
|-damage|p2a: Kingambit|88/100 brn|[from] brn
|upkeep
|turn|19
|
|t:|1743892243
|-end|p2a: Kingambit|fallen3|[silent]
|switch|p2a: Samurott|Samurott-Hisui, F|100/100
|move|p1a: Alex|Swords Dance|p1a: Alex
|-boost|p1a: Alex|atk|2
|
|upkeep
|turn|20
|
|t:|1743892250
|move|p2a: Samurott|Sacred Sword|p1a: Alex
|-supereffective|p1a: Alex
|-damage|p1a: Alex|0 fnt
|faint|p1a: Alex
|-end|p1a: Alex|fallen3|[silent]
|
|upkeep
|
|t:|1743892257
|switch|p1a: Kim|Ninetales, F, tera:Grass|39/100
|-weather|SunnyDay|[from] ability: Drought|[of] p1a: Kim
|turn|21
|
|t:|1743892273
|switch|p2a: Kingambit|Kingambit, F|88/100 brn
|-activate|p2a: Kingambit|ability: Supreme Overlord
|-start|p2a: Kingambit|fallen3|[silent]
|move|p1a: Kim|Will-O-Wisp|p2a: Kingambit
|-fail|p2a: Kingambit|brn
|
|-weather|SunnyDay|[upkeep]
|-damage|p2a: Kingambit|82/100 brn|[from] brn
|upkeep
|turn|22
|inactive|ultraminkey has 120 seconds left.
|
|t:|1743892287
|move|p1a: Kim|Weather Ball|p2a: Kingambit
|-supereffective|p2a: Kingambit
|-damage|p2a: Kingambit|0 fnt
|faint|p2a: Kingambit
|-end|p2a: Kingambit|fallen3|[silent]
|
|-weather|SunnyDay|[upkeep]
|upkeep
|
|t:|1743892291
|switch|p2a: Landorus|Landorus-Therian, M|57/100
|-ability|p2a: Landorus|Intimidate|boost
|-unboost|p1a: Kim|atk|1
|turn|23
|inactive|ultraminkey has 120 seconds left.
|inactive|Johnny987 has 120 seconds left.
|inactive|ultraminkey has 90 seconds left.
|
|t:|1743892341
|switch|p1a: Licha|Walking Wake|100/100
|-activate|p1a: Licha|ability: Protosynthesis
|-start|p1a: Licha|protosynthesisspe
|move|p2a: Landorus|U-turn|p1a: Licha
|-damage|p1a: Licha|72/100
|
|t:|1743892344
|switch|p2a: Samurott|Samurott-Hisui, F|100/100|[from] U-turn
|
|-weather|SunnyDay|[upkeep]
|upkeep
|turn|24
|
|t:|1743892354
|move|p1a: Licha|Draco Meteor|p2a: Samurott
|-damage|p2a: Samurott|0 fnt
|-unboost|p1a: Licha|spa|2
|faint|p2a: Samurott
|
|-weather|SunnyDay|[upkeep]
|upkeep
|
|t:|1743892357
|switch|p2a: Landorus|Landorus-Therian, M|57/100
|-ability|p2a: Landorus|Intimidate|boost
|-unboost|p1a: Licha|atk|1
|turn|25
|
|t:|1743892367
|-end|p1a: Licha|Protosynthesis|[silent]
|switch|p1a: Kim|Ninetales, F, tera:Grass|39/100
|-terastallize|p2a: Landorus|Flying
|move|p2a: Landorus|Tera Blast|p1a: Kim|[anim] Tera Blast Flying
|-supereffective|p1a: Kim
|-damage|p1a: Kim|0 fnt
|faint|p1a: Kim
|
|-weather|SunnyDay|[upkeep]
|upkeep
|
|t:|1743892378
|switch|p1a: Licha|Walking Wake|72/100
|-activate|p1a: Licha|ability: Protosynthesis
|-start|p1a: Licha|protosynthesisspe
|turn|26
|
|t:|1743892383
|move|p1a: Licha|Hydro Steam|p2a: Landorus
|-damage|p2a: Landorus|0 fnt
|faint|p2a: Landorus
|
|win|Johnny987
|raw|Johnny987's rating: 1533 &rarr; <strong>1550</strong><br />(+17 for winning)
|raw|ultraminkey's rating: 1481 &rarr; <strong>1464</strong><br />(-17 for losing)
|c|☆ultraminkey|gg
|l|☆ultraminkey
|player|p2|
|l|☆Johnny987
|player|p1|
