|j|☆Inspector Leo
|j|☆Blue_whale23
|t:|1743934930
|gametype|singles
|player|p1|Inspector Leo|veteran|1054
|player|p2|Blue_whale23|102|1065
|teamsize|p1|6
|teamsize|p2|6
|gen|9
|tier|[Gen 9] OU
|rated|
|rule|HP Percentage Mod: HP is shown in percentages
|rule|Endless Battle Clause: Forcing endless battles is banned
|rule|Species Clause: Limit one of each Pokémon
|rule|OHKO Clause: OHKO moves are banned
|rule|Evasion Items Clause: Evasion items are banned
|rule|Evasion Moves Clause: Evasion moves are banned
|rule|Sleep Moves Clause: Sleep-inducing moves are banned
|clearpoke
|poke|p1|Rhyperior, F|
|poke|p1|Snorlax, M|
|poke|p1|Goodra-Hisui, F|
|poke|p1|Weezing-Galar, M|
|poke|p1|Vileplume, F|
|poke|p1|Yanmega, M|
|poke|p2|Gholdengo|
|poke|p2|Dragonite, M|
|poke|p2|Ogerpon-Cornerstone, F|
|poke|p2|Glimmora, F|
|poke|p2|Tornadus-Therian, M|
|poke|p2|Alomomola, M|
|teampreview
|
|t:|1743934933
|start
|switch|p1a: Weezing|Weezing-Galar, M|100/100
|switch|p2a: Glimmora|Glimmora, F|100/100
|turn|1
|
|t:|1743934946
|move|p2a: Glimmora|Spikes|p1a: Weezing
|-sidestart|p1: Inspector Leo|Spikes
|move|p1a: Weezing|Will-O-Wisp|p2a: Glimmora
|-status|p2a: Glimmora|brn
|
|-damage|p2a: Glimmora|94/100 brn|[from] brn
|upkeep
|turn|2
|
|t:|1743934954
|move|p2a: Glimmora|Spikes|p1a: Weezing
|-sidestart|p1: Inspector Leo|Spikes
|move|p1a: Weezing|Toxic Spikes|p2a: Glimmora
|-sidestart|p2: Blue_whale23|move: Toxic Spikes
|
|-damage|p2a: Glimmora|88/100 brn|[from] brn
|upkeep
|turn|3
|
|t:|1743934964
|move|p2a: Glimmora|Earth Power|p1a: Weezing
|-immune|p1a: Weezing|[from] ability: Levitate
|move|p1a: Weezing|Toxic Spikes|p2a: Glimmora
|-sidestart|p2: Blue_whale23|move: Toxic Spikes
|
|-damage|p2a: Glimmora|82/100 brn|[from] brn
|upkeep
|turn|4
|
|t:|1743934973
|move|p2a: Glimmora|Meteor Beam||[still]
|-prepare|p2a: Glimmora|Meteor Beam
|-boost|p2a: Glimmora|spa|1
|-enditem|p2a: Glimmora|Power Herb
|-anim|p2a: Glimmora|Meteor Beam|p1a: Weezing
|-damage|p1a: Weezing|0 fnt
|faint|p1a: Weezing
|
|-damage|p2a: Glimmora|76/100 brn|[from] brn
|upkeep
|
|t:|1743934987
|switch|p1a: Rhyperior|Rhyperior, F|100/100
|-damage|p1a: Rhyperior|84/100|[from] Spikes
|turn|5
|
|t:|1743934993
|move|p2a: Glimmora|Earth Power|p1a: Rhyperior
|-supereffective|p1a: Rhyperior
|-damage|p1a: Rhyperior|28/100
|move|p1a: Rhyperior|Stealth Rock|p2a: Glimmora
|-sidestart|p2: Blue_whale23|move: Stealth Rock
|
|-damage|p2a: Glimmora|70/100 brn|[from] brn
|upkeep
|turn|6
|
|t:|1743935000
|move|p2a: Glimmora|Earth Power|p1a: Rhyperior
|-supereffective|p1a: Rhyperior
|-damage|p1a: Rhyperior|0 fnt
|faint|p1a: Rhyperior
|
|-damage|p2a: Glimmora|63/100 brn|[from] brn
|upkeep
|
|t:|1743935011
|switch|p1a: Goodra|Goodra-Hisui, F|100/100
|-damage|p1a: Goodra|84/100|[from] Spikes
|turn|7
|
|t:|1743935018
|move|p2a: Glimmora|Earth Power|p1a: Goodra
|-supereffective|p1a: Goodra
|-damage|p1a: Goodra|11/100
|move|p1a: Goodra|Ice Beam|p2a: Glimmora
|-damage|p2a: Glimmora|28/100 brn
|
|-heal|p1a: Goodra|17/100|[from] item: Leftovers
|-damage|p2a: Glimmora|22/100 brn|[from] brn
|upkeep
|turn|8
|
|t:|1743935027
|move|p2a: Glimmora|Earth Power|p1a: Goodra
|-supereffective|p1a: Goodra
|-damage|p1a: Goodra|0 fnt
|faint|p1a: Goodra
|
|-damage|p2a: Glimmora|16/100 brn|[from] brn
|upkeep
|
|t:|1743935033
|switch|p1a: Yanmega|Yanmega, M, shiny|100/100
|turn|9
|
|t:|1743935044
|move|p1a: Yanmega|Tera Blast|p2a: Glimmora
|-resisted|p2a: Glimmora
|-damage|p2a: Glimmora|0 fnt
|faint|p2a: Glimmora
|
|-ability|p1a: Yanmega|Speed Boost|boost
|-boost|p1a: Yanmega|spe|1
|upkeep
|
|t:|1743935057
|switch|p2a: Ogerpon|Ogerpon-Cornerstone, F|100/100
|-status|p2a: Ogerpon|tox
|-damage|p2a: Ogerpon|88/100 tox|[from] Stealth Rock
|turn|10
|
|t:|1743935068
|move|p1a: Yanmega|Air Slash|p2a: Ogerpon
|-damage|p2a: Ogerpon|47/100 tox
|move|p2a: Ogerpon|Ivy Cudgel|p1a: Yanmega|[anim] Ivy Cudgel Rock
|-supereffective|p1a: Yanmega
|-crit|p1a: Yanmega
|-damage|p1a: Yanmega|0 fnt
|faint|p1a: Yanmega
|
|-damage|p2a: Ogerpon|41/100 tox|[from] psn
|upkeep
|
|t:|1743935077
|switch|p1a: Vileplume|Vileplume, F|100/100
|-item|p1a: Vileplume|Air Balloon
|turn|11
|
|t:|1743935085
|move|p1a: Vileplume|Protect|p1a: Vileplume
|-singleturn|p1a: Vileplume|Protect
|move|p2a: Ogerpon|U-turn|p1a: Vileplume
|-activate|p1a: Vileplume|move: Protect
|
|-damage|p2a: Ogerpon|29/100 tox|[from] psn
|upkeep
|turn|12
|
|t:|1743935108
|move|p2a: Ogerpon|U-turn|p1a: Vileplume
|-damage|p1a: Vileplume|72/100
|-enditem|p1a: Vileplume|Air Balloon
|
|t:|1743935115
|switch|p2a: Tornadus|Tornadus-Therian, M|100/100|[from] U-turn
|-damage|p2a: Tornadus|76/100|[from] Stealth Rock
|move|p1a: Vileplume|Toxic|p2a: Tornadus
|-status|p2a: Tornadus|tox
|
|-heal|p2a: Tornadus|82/100 tox|[from] item: Leftovers
|-damage|p2a: Tornadus|76/100 tox|[from] psn
|upkeep
|turn|13
|
|t:|1743935127
|move|p1a: Vileplume|Protect|p1a: Vileplume
|-singleturn|p1a: Vileplume|Protect
|move|p2a: Tornadus|Bleakwind Storm|p1a: Vileplume
|-activate|p1a: Vileplume|move: Protect
|
|-heal|p2a: Tornadus|82/100 tox|[from] item: Leftovers
|-damage|p2a: Tornadus|70/100 tox|[from] psn
|upkeep
|turn|14
|
|t:|1743935141
|move|p2a: Tornadus|Bleakwind Storm|p1a: Vileplume|[miss]
|-miss|p2a: Tornadus|p1a: Vileplume
|move|p1a: Vileplume|Moonblast|p2a: Tornadus
|-damage|p2a: Tornadus|43/100 tox
|
|-heal|p2a: Tornadus|49/100 tox|[from] item: Leftovers
|-damage|p2a: Tornadus|31/100 tox|[from] psn
|upkeep
|turn|15
|
|t:|1743935154
|move|p2a: Tornadus|Heat Wave|p1a: Vileplume
|-supereffective|p1a: Vileplume
|-damage|p1a: Vileplume|19/100
|move|p1a: Vileplume|Moonblast|p2a: Tornadus
|-damage|p2a: Tornadus|5/100 tox
|
|-heal|p2a: Tornadus|12/100 tox|[from] item: Leftovers
|-damage|p2a: Tornadus|0 fnt|[from] psn
|faint|p2a: Tornadus
|upkeep
|
|t:|1743935169
|switch|p2a: Dragonite|Dragonite, M, shiny|100/100
|-damage|p2a: Dragonite|76/100|[from] Stealth Rock
|turn|16
|
|t:|1743935178
|move|p2a: Dragonite|Extreme Speed|p1a: Vileplume
|-damage|p1a: Vileplume|0 fnt
|faint|p1a: Vileplume
|
|upkeep
|
|t:|1743935182
|switch|p1a: Snorlax|Snorlax, M|100/100
|-damage|p1a: Snorlax|84/100|[from] Spikes
|turn|17
|
|t:|1743935190
|-terastallize|p2a: Dragonite|Normal
|move|p2a: Dragonite|Dragon Dance|p2a: Dragonite
|-boost|p2a: Dragonite|atk|1
|-boost|p2a: Dragonite|spe|1
|move|p1a: Snorlax|Encore|p2a: Dragonite
|-start|p2a: Dragonite|Encore
|
|-heal|p1a: Snorlax|90/100|[from] item: Leftovers
|upkeep
|turn|18
|
|t:|1743935197
|move|p2a: Dragonite|Dragon Dance|p2a: Dragonite
|-boost|p2a: Dragonite|atk|1
|-boost|p2a: Dragonite|spe|1
|move|p1a: Snorlax|Body Slam|p2a: Dragonite
|-damage|p2a: Dragonite|43/100
|-damage|p1a: Snorlax|73/100|[from] item: Rocky Helmet|[of] p2a: Dragonite
|
|-heal|p1a: Snorlax|80/100|[from] item: Leftovers
|upkeep
|turn|19
|
|t:|1743935205
|move|p2a: Dragonite|Dragon Dance|p2a: Dragonite
|-boost|p2a: Dragonite|atk|1
|-boost|p2a: Dragonite|spe|1
|move|p1a: Snorlax|Body Slam|p2a: Dragonite
|-damage|p2a: Dragonite|9/100
|-damage|p1a: Snorlax|63/100|[from] item: Rocky Helmet|[of] p2a: Dragonite
|
|-heal|p1a: Snorlax|69/100|[from] item: Leftovers
|upkeep
|turn|20
|
|t:|1743935219
|move|p2a: Dragonite|Dragon Dance|p2a: Dragonite
|-boost|p2a: Dragonite|atk|1
|-boost|p2a: Dragonite|spe|1
|move|p1a: Snorlax|Body Slam|p2a: Dragonite
|-damage|p2a: Dragonite|0 fnt
|-damage|p1a: Snorlax|52/100|[from] item: Rocky Helmet|[of] p2a: Dragonite
|faint|p2a: Dragonite
|
|-heal|p1a: Snorlax|59/100|[from] item: Leftovers
|upkeep
|
|t:|1743935229
|switch|p2a: Ogerpon|Ogerpon-Cornerstone, F|29/100 tox
|-damage|p2a: Ogerpon|17/100 tox|[from] Stealth Rock
|turn|21
|
|t:|1743935236
|move|p2a: Ogerpon|Ivy Cudgel|p1a: Snorlax|[anim] Ivy Cudgel Rock
|-damage|p1a: Snorlax|21/100
|move|p1a: Snorlax|Rest|p1a: Snorlax
|-status|p1a: Snorlax|slp|[from] move: Rest
|-heal|p1a: Snorlax|100/100 slp|[silent]
|
|-damage|p2a: Ogerpon|11/100 tox|[from] psn
|upkeep
|turn|22
|
|t:|1743935247
|move|p2a: Ogerpon|Ivy Cudgel|p1a: Snorlax|[anim] Ivy Cudgel Rock
|-damage|p1a: Snorlax|64/100 slp
|cant|p1a: Snorlax|slp
|
|-heal|p1a: Snorlax|70/100 slp|[from] item: Leftovers
|-damage|p2a: Ogerpon|0 fnt|[from] psn
|faint|p2a: Ogerpon
|upkeep
|
|t:|1743935260
|switch|p2a: Gholdengo|Gholdengo, shiny|100/100
|-damage|p2a: Gholdengo|94/100|[from] Stealth Rock
|-item|p2a: Gholdengo|Air Balloon
|turn|23
|
|t:|1743935266
|move|p2a: Gholdengo|Nasty Plot|p2a: Gholdengo
|-boost|p2a: Gholdengo|spa|2
|cant|p1a: Snorlax|slp
|
|-heal|p1a: Snorlax|76/100 slp|[from] item: Leftovers
|upkeep
|turn|24
|
|t:|1743935272
|move|p2a: Gholdengo|Focus Blast|p1a: Snorlax
|-supereffective|p1a: Snorlax
|-damage|p1a: Snorlax|0 fnt
|faint|p1a: Snorlax
|
|win|Blue_whale23
|raw|Inspector Leo's rating: 1054 &rarr; <strong>1036</strong><br />(-18 for losing)
|raw|Blue_whale23's rating: 1065 &rarr; <strong>1094</strong><br />(+29 for winning)
|l|☆Inspector Leo
|player|p1|
|l|☆Blue_whale23
|player|p2|
