|j|☆Gamen
|j|☆thegodnamedjeff
|t:|1743838990
|gametype|singles
|player|p1|Gamen|169|1356
|player|p2|thegodnamedjeff|1|1328
|teamsize|p1|6
|teamsize|p2|6
|gen|9
|tier|[Gen 9] OU
|rated|
|rule|HP Percentage Mod: HP is shown in percentages
|rule|Endless Battle Clause: Forcing endless battles is banned
|rule|Species Clause: Limit one of each Pokémon
|rule|OHKO Clause: OHKO moves are banned
|rule|Evasion Items Clause: Evasion items are banned
|rule|Evasion Moves Clause: Evasion moves are banned
|rule|Sleep Moves Clause: Sleep-inducing moves are banned
|clearpoke
|poke|p1|Ninetales, M|
|poke|p1|Scovillain, F|
|poke|p1|Walking Wake|
|poke|p1|Iron Moth|
|poke|p1|Venusaur, M|
|poke|p1|Whimsicott, F|
|poke|p2|Kingambit, M|
|poke|p2|Corviknight, M|
|poke|p2|Zamazenta-*|
|poke|p2|Rotom-Wash|
|poke|p2|Enamorus, F|
|poke|p2|Hatterene, F|
|teampreview
|inactive|Battle timer is ON: inactive players will automatically lose when time's up. (requested by Gamen)
|
|t:|1743838997
|start
|switch|p1a: Ninetales|Ninetales, M|100/100
|switch|p2a: Hatterene|Hatterene, F|100/100
|-weather|SunnyDay|[from] ability: Drought|[of] p1a: Ninetales
|turn|1
|
|t:|1743839012
|switch|p1a: Iron Moth|Iron Moth|100/100
|move|p2a: Hatterene|Nuzzle|p1a: Iron Moth
|-damage|p1a: Iron Moth|95/100
|-status|p1a: Iron Moth|par
|
|-weather|SunnyDay|[upkeep]
|upkeep
|turn|2
|
|t:|1743839022
|switch|p2a: Corviknight|Corviknight, M|100/100
|-ability|p2a: Corviknight|Pressure
|move|p1a: Iron Moth|Fiery Dance|p2a: Corviknight
|-supereffective|p2a: Corviknight
|-damage|p2a: Corviknight|0 fnt
|faint|p2a: Corviknight
|
|-weather|SunnyDay|[upkeep]
|upkeep
|
|t:|1743839028
|switch|p2a: Hatterene|Hatterene, F|100/100
|turn|3
|
|t:|1743839031
|cant|p1a: Iron Moth|par
|move|p2a: Hatterene|Psyshock|p1a: Iron Moth
|-supereffective|p1a: Iron Moth
|-damage|p1a: Iron Moth|0 fnt
|faint|p1a: Iron Moth
|-end|p1a: Iron Moth|Quark Drive|[silent]
|
|-weather|SunnyDay|[upkeep]
|upkeep
|
|t:|1743839040
|switch|p1a: Ninetales|Ninetales, M|100/100
|turn|4
|
|t:|1743839047
|move|p1a: Ninetales|Overheat|p2a: Hatterene
|-damage|p2a: Hatterene|54/100
|-unboost|p1a: Ninetales|spa|2
|move|p2a: Hatterene|Nuzzle|p1a: Ninetales
|-damage|p1a: Ninetales|95/100
|-status|p1a: Ninetales|par
|
|-weather|SunnyDay|[upkeep]
|upkeep
|turn|5
|
|t:|1743839058
|move|p1a: Ninetales|Overheat|p2a: Hatterene
|-damage|p2a: Hatterene|30/100
|-unboost|p1a: Ninetales|spa|2
|move|p2a: Hatterene|Draining Kiss|p1a: Ninetales
|-resisted|p1a: Ninetales
|-damage|p1a: Ninetales|80/100 par
|-heal|p2a: Hatterene|40/100|[from] drain|[of] p1a: Ninetales
|
|-weather|SunnyDay|[upkeep]
|upkeep
|turn|6
|
|t:|1743839066
|switch|p1a: Walking Wake|Walking Wake|100/100
|-activate|p1a: Walking Wake|ability: Protosynthesis
|-start|p1a: Walking Wake|protosynthesisspe
|move|p2a: Hatterene|Psyshock|p1a: Walking Wake
|-damage|p1a: Walking Wake|53/100
|
|-weather|SunnyDay|[upkeep]
|upkeep
|turn|7
|
|t:|1743839074
|move|p1a: Walking Wake|Hydro Steam|p2a: Hatterene
|-damage|p2a: Hatterene|0 fnt
|faint|p2a: Hatterene
|
|-weather|SunnyDay|[upkeep]
|upkeep
|
|t:|1743839086
|switch|p2a: Zamazenta|Zamazenta|100/100
|-ability|p2a: Zamazenta|Dauntless Shield|boost
|-boost|p2a: Zamazenta|def|1
|turn|8
|
|t:|1743839090
|move|p1a: Walking Wake|Hydro Steam|p2a: Zamazenta
|-damage|p2a: Zamazenta|34/100
|move|p2a: Zamazenta|Iron Defense|p2a: Zamazenta
|-boost|p2a: Zamazenta|def|2
|
|-weather|none
|-end|p1a: Walking Wake|Protosynthesis
|-heal|p2a: Zamazenta|40/100|[from] item: Leftovers
|upkeep
|turn|9
|
|t:|1743839095
|move|p2a: Zamazenta|Body Press|p1a: Walking Wake
|-damage|p1a: Walking Wake|0 fnt
|faint|p1a: Walking Wake
|-end|p1a: Walking Wake|Protosynthesis|[silent]
|
|-heal|p2a: Zamazenta|46/100|[from] item: Leftovers
|upkeep
|
|t:|1743839098
|switch|p1a: Ninetales|Ninetales, M|80/100 par
|-weather|SunnyDay|[from] ability: Drought|[of] p1a: Ninetales
|turn|10
|
|t:|1743839107
|move|p2a: Zamazenta|Body Press|p1a: Ninetales
|-crit|p1a: Ninetales
|-damage|p1a: Ninetales|0 fnt
|faint|p1a: Ninetales
|
|-weather|SunnyDay|[upkeep]
|-heal|p2a: Zamazenta|52/100|[from] item: Leftovers
|upkeep
|
|t:|1743839114
|switch|p1a: Whimsicott|Whimsicott, F|100/100
|turn|11
|
|t:|1743839129
|move|p2a: Zamazenta|Body Press|p1a: Whimsicott
|-resisted|p1a: Whimsicott
|-damage|p1a: Whimsicott|34/100
|move|p1a: Whimsicott|Moonblast|p2a: Zamazenta
|-supereffective|p2a: Zamazenta
|-damage|p2a: Zamazenta|0 fnt
|faint|p2a: Zamazenta
|
|-weather|SunnyDay|[upkeep]
|upkeep
|
|t:|1743839135
|switch|p2a: Enamorus|Enamorus, F|100/100
|turn|12
|
|t:|1743839142
|switch|p1a: Venusaur|Venusaur, M|100/100
|-terastallize|p2a: Enamorus|Stellar
|move|p2a: Enamorus|Tera Blast|p1a: Venusaur|[anim] Tera Blast Stellar
|-damage|p1a: Venusaur|55/100
|-boost|p2a: Enamorus|atk|1
|-boost|p2a: Enamorus|spa|1
|
|-weather|SunnyDay|[upkeep]
|upkeep
|turn|13
|
|t:|1743839162
|move|p1a: Venusaur|Weather Ball|p2a: Enamorus
|-damage|p2a: Enamorus|23/100
|-damage|p1a: Venusaur|45/100|[from] item: Life Orb
|move|p2a: Enamorus|Tera Blast|p1a: Venusaur|[anim] Tera Blast Stellar
|-damage|p1a: Venusaur|0 fnt
|-boost|p2a: Enamorus|atk|1
|-boost|p2a: Enamorus|spa|1
|faint|p1a: Venusaur
|
|-weather|SunnyDay|[upkeep]
|upkeep
|
|t:|1743839166
|switch|p1a: Scovillain|Scovillain, F|100/100
|turn|14
|
|t:|1743839192
|move|p1a: Scovillain|Solar Beam||[still]
|-prepare|p1a: Scovillain|Solar Beam
|-anim|p1a: Scovillain|Solar Beam|p2a: Enamorus
|-resisted|p2a: Enamorus
|-damage|p2a: Enamorus|0 fnt
|faint|p2a: Enamorus
|
|-weather|SunnyDay|[upkeep]
|upkeep
|
|t:|1743839199
|switch|p2a: Rotom|Rotom-Wash|100/100
|turn|15
|
|t:|1743839205
|move|p1a: Scovillain|Growth|p1a: Scovillain
|-boost|p1a: Scovillain|atk|2
|-boost|p1a: Scovillain|spa|2
|move|p2a: Rotom|Hydro Pump|p1a: Scovillain|[miss]
|-miss|p2a: Rotom|p1a: Scovillain
|
|-weather|SunnyDay|[upkeep]
|upkeep
|turn|16
|
|t:|1743839210
|move|p1a: Scovillain|Solar Beam||[still]
|-prepare|p1a: Scovillain|Solar Beam
|-anim|p1a: Scovillain|Solar Beam|p2a: Rotom
|-supereffective|p2a: Rotom
|-damage|p2a: Rotom|0 fnt
|faint|p2a: Rotom
|
|-weather|SunnyDay|[upkeep]
|upkeep
|
|t:|1743839212
|switch|p2a: Kingambit|Kingambit, M|100/100
|-activate|p2a: Kingambit|ability: Supreme Overlord
|-start|p2a: Kingambit|fallen5|[silent]
|turn|17
|
|t:|1743839216
|move|p1a: Scovillain|Flamethrower|p2a: Kingambit
|-supereffective|p2a: Kingambit
|-damage|p2a: Kingambit|0 fnt
|faint|p2a: Kingambit
|-end|p2a: Kingambit|fallen5|[silent]
|
|win|Gamen
|raw|Gamen's rating: 1356 &rarr; <strong>1374</strong><br />(+18 for winning)
|raw|thegodnamedjeff's rating: 1328 &rarr; <strong>1310</strong><br />(-18 for losing)
|l|☆Gamen
|player|p1|
