|j|☆pennstcoll
|j|☆JP ShinySeeker
|t:|1743904166
|gametype|singles
|player|p1|pennstcoll|266|1561
|player|p2|JP ShinySeeker|grimsley|1530
|teamsize|p1|6
|teamsize|p2|6
|gen|9
|tier|[Gen 9] OU
|rated|
|rule|HP Percentage Mod: HP is shown in percentages
|rule|Endless Battle Clause: Forcing endless battles is banned
|rule|Species Clause: Limit one of each Pokémon
|rule|OHKO Clause: OHKO moves are banned
|rule|Evasion Items Clause: Evasion items are banned
|rule|Evasion Moves Clause: Evasion moves are banned
|rule|Sleep Moves Clause: Sleep-inducing moves are banned
|clearpoke
|poke|p1|Landorus-Therian, M|
|poke|p1|Raging Bolt|
|poke|p1|Enamorus, F|
|poke|p1|Corviknight, F|
|poke|p1|Dragapult, F|
|poke|p1|Great Tusk|
|poke|p2|Manaphy|
|poke|p2|Raging Bolt|
|poke|p2|Entei|
|poke|p2|Hoopa-Unbound|
|poke|p2|Avalugg, M|
|poke|p2|Garchomp, M|
|teampreview
|inactive|Battle timer is ON: inactive players will automatically lose when time's up. (requested by pennstcoll)
|
|t:|1743904188
|start
|switch|p1a: Enamorus|Enamorus, F|100/100
|switch|p2a: Manaphy|Manaphy|100/100
|turn|1
|
|t:|1743904193
|switch|p2a: Entei|Entei, shiny|100/100
|move|p1a: Enamorus|Moonblast|p2a: Entei
|-resisted|p2a: Entei
|-damage|p2a: Entei|55/100
|
|upkeep
|turn|2
|
|t:|1743904198
|move|p1a: Enamorus|Moonblast|p2a: Entei
|-resisted|p2a: Entei
|-damage|p2a: Entei|8/100
|move|p2a: Entei|Sacred Fire|p1a: Enamorus
|-damage|p1a: Enamorus|27/100
|-status|p1a: Enamorus|brn
|
|-damage|p1a: Enamorus|20/100 brn|[from] brn
|upkeep
|turn|3
|
|t:|1743904207
|move|p2a: Entei|Extreme Speed|p1a: Enamorus
|-damage|p1a: Enamorus|0 fnt
|faint|p1a: Enamorus
|
|upkeep
|
|t:|1743904211
|switch|p1a: Dragapult|Dragapult, F|100/100
|turn|4
|
|t:|1743904214
|move|p1a: Dragapult|U-turn|p2a: Entei
|-resisted|p2a: Entei
|-damage|p2a: Entei|0 fnt
|faint|p2a: Entei
|
|t:|1743904241
|switch|p1a: Great Tusk|Great Tusk|100/100|[from] U-turn
|
|upkeep
|
|t:|1743904244
|switch|p2a: Manaphy|Manaphy|100/100
|turn|5
|
|t:|1743904252
|-end|p1a: Great Tusk|Protosynthesis|[silent]
|switch|p1a: Raging Bolt|Raging Bolt|100/100
|move|p2a: Manaphy|Substitute|p2a: Manaphy
|-start|p2a: Manaphy|Substitute
|-damage|p2a: Manaphy|76/100
|
|-heal|p2a: Manaphy|82/100|[from] item: Leftovers
|upkeep
|turn|6
|
|t:|1743904260
|move|p2a: Manaphy|Tail Glow|p2a: Manaphy
|-boost|p2a: Manaphy|spa|3
|move|p1a: Raging Bolt|Dragon Pulse|p2a: Manaphy
|-end|p2a: Manaphy|Substitute
|
|-heal|p2a: Manaphy|88/100|[from] item: Leftovers
|upkeep
|turn|7
|
|t:|1743904267
|-terastallize|p2a: Manaphy|Fairy
|move|p2a: Manaphy|Substitute|p2a: Manaphy
|-start|p2a: Manaphy|Substitute
|-damage|p2a: Manaphy|63/100
|move|p1a: Raging Bolt|Thunderbolt|p2a: Manaphy
|-end|p2a: Manaphy|Substitute
|
|-heal|p2a: Manaphy|69/100|[from] item: Leftovers
|upkeep
|turn|8
|
|t:|1743904284
|move|p2a: Manaphy|Alluring Voice|p1a: Raging Bolt
|-supereffective|p1a: Raging Bolt
|-damage|p1a: Raging Bolt|0 fnt
|faint|p1a: Raging Bolt
|-end|p1a: Raging Bolt|Protosynthesis|[silent]
|
|-heal|p2a: Manaphy|75/100|[from] item: Leftovers
|upkeep
|
|t:|1743904291
|switch|p1a: Corviknight|Corviknight, F|100/100
|turn|9
|
|t:|1743904297
|move|p2a: Manaphy|Tail Glow|p2a: Manaphy
|-boost|p2a: Manaphy|spa|3
|move|p1a: Corviknight|Iron Head|p2a: Manaphy
|-supereffective|p2a: Manaphy
|-damage|p2a: Manaphy|0 fnt
|faint|p2a: Manaphy
|
|upkeep
|
|t:|1743904306
|switch|p2a: Raging Bolt|Raging Bolt|100/100
|-enditem|p2a: Raging Bolt|Booster Energy
|-activate|p2a: Raging Bolt|ability: Protosynthesis|[fromitem]
|-start|p2a: Raging Bolt|protosynthesisspa
|turn|10
|
|t:|1743904318
|move|p2a: Raging Bolt|Dragon Pulse|p1a: Corviknight
|-resisted|p1a: Corviknight
|-damage|p1a: Corviknight|64/100
|move|p1a: Corviknight|Iron Head|p2a: Raging Bolt
|-resisted|p2a: Raging Bolt
|-damage|p2a: Raging Bolt|78/100
|
|upkeep
|turn|11
|
|t:|1743904326
|move|p2a: Raging Bolt|Thunderbolt|p1a: Corviknight
|-supereffective|p1a: Corviknight
|-damage|p1a: Corviknight|0 fnt
|faint|p1a: Corviknight
|
|upkeep
|
|t:|1743904335
|switch|p1a: Landorus|Landorus-Therian, M|100/100
|-ability|p1a: Landorus|Intimidate|boost
|-unboost|p2a: Raging Bolt|atk|1
|turn|12
|
|t:|1743904340
|-end|p2a: Raging Bolt|Protosynthesis|[silent]
|switch|p2a: Avalugg|Avalugg, M|100/100
|move|p1a: Landorus|Earthquake|p2a: Avalugg
|-damage|p2a: Avalugg|66/100
|
|upkeep
|turn|13
|
|t:|1743904345
|move|p1a: Landorus|Earthquake|p2a: Avalugg
|-damage|p2a: Avalugg|34/100
|move|p2a: Avalugg|Avalanche|p1a: Landorus
|-supereffective|p1a: Landorus
|-damage|p1a: Landorus|0 fnt
|faint|p1a: Landorus
|
|upkeep
|
|t:|1743904352
|switch|p1a: Dragapult|Dragapult, F|100/100
|turn|14
|
|t:|1743904357
|switch|p2a: Raging Bolt|Raging Bolt|78/100
|move|p1a: Dragapult|Dragon Darts|p2a: Raging Bolt
|-supereffective|p2a: Raging Bolt
|-damage|p2a: Raging Bolt|4/100
|-anim|p1a: Dragapult|Dragon Darts|p2a: Raging Bolt
|-supereffective|p2a: Raging Bolt
|-damage|p2a: Raging Bolt|0 fnt
|faint|p2a: Raging Bolt
|-end|p2a: Raging Bolt|Protosynthesis|[silent]
|
|upkeep
|
|t:|1743904362
|switch|p2a: Avalugg|Avalugg, M|34/100
|turn|15
|
|t:|1743904366
|move|p1a: Dragapult|Dragon Darts|p2a: Avalugg
|-damage|p2a: Avalugg|19/100
|-anim|p1a: Dragapult|Dragon Darts|p2a: Avalugg
|-damage|p2a: Avalugg|5/100
|move|p2a: Avalugg|Recover|p2a: Avalugg
|-heal|p2a: Avalugg|55/100
|
|upkeep
|turn|16
|
|t:|1743904374
|move|p1a: Dragapult|Dragon Darts|p2a: Avalugg
|-damage|p2a: Avalugg|39/100
|-anim|p1a: Dragapult|Dragon Darts|p2a: Avalugg
|-damage|p2a: Avalugg|24/100
|move|p2a: Avalugg|Recover|p2a: Avalugg
|-heal|p2a: Avalugg|74/100
|
|upkeep
|turn|17
|
|t:|1743904381
|move|p1a: Dragapult|Dragon Darts|p2a: Avalugg
|-damage|p2a: Avalugg|59/100
|-anim|p1a: Dragapult|Dragon Darts|p2a: Avalugg
|-damage|p2a: Avalugg|43/100
|move|p2a: Avalugg|Avalanche|p1a: Dragapult
|-supereffective|p1a: Dragapult
|-damage|p1a: Dragapult|0 fnt
|faint|p1a: Dragapult
|
|upkeep
|
|t:|1743904389
|switch|p1a: Great Tusk|Great Tusk|100/100
|turn|18
|
|t:|1743904400
|-terastallize|p1a: Great Tusk|Ice
|move|p1a: Great Tusk|Close Combat|p2a: Avalugg
|-supereffective|p2a: Avalugg
|-damage|p2a: Avalugg|0 fnt
|-unboost|p1a: Great Tusk|def|1
|-unboost|p1a: Great Tusk|spd|1
|faint|p2a: Avalugg
|
|upkeep
|
|t:|1743904406
|switch|p2a: Garchomp|Garchomp, M|100/100
|turn|19
|
|t:|1743904411
|move|p1a: Great Tusk|Close Combat|p2a: Garchomp
|-damage|p2a: Garchomp|41/100
|-unboost|p1a: Great Tusk|def|1
|-unboost|p1a: Great Tusk|spd|1
|-damage|p1a: Great Tusk|88/100|[from] ability: Rough Skin|[of] p2a: Garchomp
|move|p2a: Garchomp|Earthquake|p1a: Great Tusk
|-damage|p1a: Great Tusk|11/100
|
|upkeep
|turn|20
|
|t:|1743904419
|move|p1a: Great Tusk|Close Combat|p2a: Garchomp
|-damage|p2a: Garchomp|0 fnt
|-unboost|p1a: Great Tusk|def|1
|-unboost|p1a: Great Tusk|spd|1
|-damage|p1a: Great Tusk|0 fnt|[from] ability: Rough Skin|[of] p2a: Garchomp
|faint|p2a: Garchomp
|faint|p1a: Great Tusk
|-end|p1a: Great Tusk|Protosynthesis|[silent]
|
|win|JP ShinySeeker
|raw|pennstcoll's rating: 1561 &rarr; <strong>1539</strong><br />(-22 for losing)
|raw|JP ShinySeeker's rating: 1530 &rarr; <strong>1552</strong><br />(+22 for winning)
|l|☆pennstcoll
|player|p1|
|l|☆JP ShinySeeker
|player|p2|
