|j|☆luvbunz
|j|☆assatfao
|t:|1743877156
|gametype|singles
|player|p1|luvbunz|2|1381
|player|p2|assatfao|ghetsis|1421
|teamsize|p1|6
|teamsize|p2|6
|gen|9
|tier|[Gen 9] OU
|rated|
|rule|HP Percentage Mod: HP is shown in percentages
|rule|Endless Battle Clause: Forcing endless battles is banned
|rule|Species Clause: Limit one of each Pokémon
|rule|OHKO Clause: OHKO moves are banned
|rule|Evasion Items Clause: Evasion items are banned
|rule|Evasion Moves Clause: Evasion moves are banned
|rule|Sleep Moves Clause: Sleep-inducing moves are banned
|clearpoke
|poke|p1|Blaziken, F|
|poke|p1|Glimmora, F|
|poke|p1|Dragonite, M|
|poke|p1|Dragapult, F|
|poke|p1|Raging Bolt|
|poke|p1|Iron Treads|
|poke|p2|Inteleon, F|
|poke|p2|Dragapult, M|
|poke|p2|Cinderace, M|
|poke|p2|Corviknight, M|
|poke|p2|Alomomola, F|
|poke|p2|Ting-Lu|
|teampreview
|inactive|Battle timer is ON: inactive players will automatically lose when time's up. (requested by assatfao)
|
|t:|1743877196
|start
|switch|p1a: Glimmora|Glimmora, F|100/100
|switch|p2a: Dragapult|Dragapult, M|100/100
|turn|1
|
|t:|1743877204
|move|p2a: Dragapult|Dragon Darts|p1a: Glimmora
|-damage|p1a: Glimmora|54/100
|-activate|p1a: Glimmora|ability: Toxic Debris
|-sidestart|p2: assatfao|move: Toxic Spikes
|-anim|p2a: Dragapult|Dragon Darts|p1a: Glimmora
|-damage|p1a: Glimmora|12/100
|-activate|p1a: Glimmora|ability: Toxic Debris
|-sidestart|p2: assatfao|move: Toxic Spikes
|move|p1a: Glimmora|Stealth Rock|p2a: Dragapult
|-sidestart|p2: assatfao|move: Stealth Rock
|
|upkeep
|turn|2
|
|t:|1743877216
|move|p2a: Dragapult|Dragon Darts|p1a: Glimmora
|-damage|p1a: Glimmora|0 fnt
|faint|p1a: Glimmora
|
|upkeep
|
|t:|1743877227
|switch|p1a: Dragapult|Dragapult, F|100/100
|turn|3
|
|t:|1743877239
|-terastallize|p2a: Dragapult|Ghost
|move|p2a: Dragapult|Dragon Darts|p1a: Dragapult
|-supereffective|p1a: Dragapult
|-damage|p1a: Dragapult|0 fnt
|faint|p1a: Dragapult
|
|upkeep
|
|t:|1743877249
|switch|p1a: Blaziken|Blaziken, F, shiny|100/100
|turn|4
|
|t:|1743877257
|switch|p2a: Cinderace|Cinderace, M|100/100
|move|p1a: Blaziken|Protect||[still]
|-fail|p1a: Blaziken
|
|-ability|p1a: Blaziken|Speed Boost|boost
|-boost|p1a: Blaziken|spe|1
|upkeep
|turn|5
|
|t:|1743877281
|move|p1a: Blaziken|Protect|p1a: Blaziken
|-singleturn|p1a: Blaziken|Protect
|move|p2a: Cinderace|Court Change|p2a: Cinderace
|-start|p2a: Cinderace|typechange|Normal|[from] ability: Libero
|-swapsideconditions
|-activate|p2a: Cinderace|move: Court Change
|
|-ability|p1a: Blaziken|Speed Boost|boost
|-boost|p1a: Blaziken|spe|1
|upkeep
|turn|6
|
|t:|1743877295
|move|p2a: Cinderace|Sucker Punch|p1a: Blaziken
|-resisted|p1a: Blaziken
|-damage|p1a: Blaziken|86/100
|move|p1a: Blaziken|Focus Blast|p2a: Cinderace
|-supereffective|p2a: Cinderace
|-damage|p2a: Cinderace|0 fnt
|faint|p2a: Cinderace
|
|-ability|p1a: Blaziken|Speed Boost|boost
|-boost|p1a: Blaziken|spe|1
|upkeep
|
|t:|1743877306
|switch|p2a: Inteleon|Inteleon, F|100/100
|turn|7
|inactive|luvbunz has 120 seconds left.
|
|t:|1743877338
|move|p1a: Blaziken|Focus Blast|p2a: Inteleon|[miss]
|-miss|p1a: Blaziken|p2a: Inteleon
|move|p2a: Inteleon|Surf|p1a: Blaziken
|-supereffective|p1a: Blaziken
|-damage|p1a: Blaziken|0 fnt
|faint|p1a: Blaziken
|
|upkeep
|
|t:|1743877342
|switch|p1a: Dragonite|Dragonite, M|100/100
|turn|8
|inactive|luvbunz has 120 seconds left.
|
|t:|1743877354
|switch|p2a: Corviknight|Corviknight, M|100/100
|-ability|p2a: Corviknight|Pressure
|-terastallize|p1a: Dragonite|Normal
|move|p1a: Dragonite|Dragon Dance|p1a: Dragonite
|-boost|p1a: Dragonite|atk|1
|-boost|p1a: Dragonite|spe|1
|
|upkeep
|turn|9
|inactive|luvbunz has 120 seconds left.
|
|t:|1743877370
|move|p1a: Dragonite|Ice Spinner|p2a: Corviknight
|-damage|p2a: Corviknight|72/100
|-damage|p1a: Dragonite|84/100|[from] item: Rocky Helmet|[of] p2a: Corviknight
|move|p2a: Corviknight|Body Press|p1a: Dragonite
|-supereffective|p1a: Dragonite
|-damage|p1a: Dragonite|30/100
|
|upkeep
|turn|10
|inactive|luvbunz has 120 seconds left.
|
|t:|1743877379
|switch|p1a: Iron Treads|Iron Treads|100/100
|-damage|p1a: Iron Treads|97/100|[from] Stealth Rock
|-enditem|p1a: Iron Treads|Booster Energy
|-activate|p1a: Iron Treads|ability: Quark Drive|[fromitem]
|-start|p1a: Iron Treads|quarkdrivespe
|move|p2a: Corviknight|Roost|p2a: Corviknight
|-heal|p2a: Corviknight|100/100
|-singleturn|p2a: Corviknight|move: Roost
|
|upkeep
|turn|11
|inactive|luvbunz has 120 seconds left.
|
|t:|1743877394
|move|p1a: Iron Treads|Rock Slide|p2a: Corviknight
|-damage|p2a: Corviknight|86/100
|cant|p2a: Corviknight|flinch
|
|upkeep
|turn|12
|inactive|luvbunz has 120 seconds left.
|inactive|luvbunz has 90 seconds left.
|
|t:|1743877442
|-end|p1a: Iron Treads|Quark Drive|[silent]
|switch|p1a: Raging Bolt|Raging Bolt|100/100
|-status|p1a: Raging Bolt|tox
|-damage|p1a: Raging Bolt|88/100 tox|[from] Stealth Rock
|-enditem|p1a: Raging Bolt|Booster Energy
|-activate|p1a: Raging Bolt|ability: Protosynthesis|[fromitem]
|-start|p1a: Raging Bolt|protosynthesisspa
|move|p2a: Corviknight|Body Press|p1a: Raging Bolt
|-damage|p1a: Raging Bolt|64/100 tox
|
|-damage|p1a: Raging Bolt|58/100 tox|[from] psn
|upkeep
|turn|13
|
|t:|1743877455
|switch|p2a: Ting-Lu|Ting-Lu|100/100
|-ability|p2a: Ting-Lu|Vessel of Ruin
|-end|p1a: Raging Bolt|Protosynthesis|[silent]
|switch|p1a: Iron Treads|Iron Treads|97/100
|-damage|p1a: Iron Treads|94/100|[from] Stealth Rock
|
|upkeep
|turn|14
|
|t:|1743877464
|switch|p2a: Dragapult|Dragapult, M, tera:Ghost|100/100
|move|p1a: Iron Treads|Iron Head|p2a: Dragapult
|-damage|p2a: Dragapult|47/100
|
|upkeep
|turn|15
|inactive|luvbunz has 90 seconds left.
|
|t:|1743877470
|move|p2a: Dragapult|U-turn|p1a: Iron Treads
|-resisted|p1a: Iron Treads
|-damage|p1a: Iron Treads|79/100
|
|t:|1743877474
|switch|p2a: Inteleon|Inteleon, F|100/100|[from] U-turn
|move|p1a: Iron Treads|Iron Head|p2a: Inteleon
|-resisted|p2a: Inteleon
|-damage|p2a: Inteleon|66/100
|
|upkeep
|turn|16
|c|☆assatfao|Gg
|inactive|assatfao has 120 seconds left.
|
|t:|1743877516
|move|p2a: Inteleon|Surf|p1a: Iron Treads
|-supereffective|p1a: Iron Treads
|-damage|p1a: Iron Treads|0 fnt
|faint|p1a: Iron Treads
|-end|p1a: Iron Treads|Quark Drive|[silent]
|
|upkeep
|
|t:|1743877521
|switch|p1a: Raging Bolt|Raging Bolt|58/100 tox
|-damage|p1a: Raging Bolt|46/100 tox|[from] Stealth Rock
|turn|17
|
|t:|1743877527
|switch|p2a: Ting-Lu|Ting-Lu|100/100
|-ability|p2a: Ting-Lu|Vessel of Ruin
|move|p1a: Raging Bolt|Dragon Pulse|p2a: Ting-Lu
|-damage|p2a: Ting-Lu|76/100
|
|-heal|p2a: Ting-Lu|82/100|[from] item: Leftovers
|-damage|p1a: Raging Bolt|40/100 tox|[from] psn
|upkeep
|turn|18
|
|t:|1743877538
|-end|p1a: Raging Bolt|Protosynthesis|[silent]
|switch|p1a: Dragonite|Dragonite, M, tera:Normal|30/100
|move|p2a: Ting-Lu|Earthquake|p1a: Dragonite
|-damage|p1a: Dragonite|0 fnt
|faint|p1a: Dragonite
|
|-heal|p2a: Ting-Lu|88/100|[from] item: Leftovers
|upkeep
|
|t:|1743877542
|switch|p1a: Raging Bolt|Raging Bolt|40/100 tox
|-damage|p1a: Raging Bolt|27/100 tox|[from] Stealth Rock
|turn|19
|c|☆assatfao|????
|
|t:|1743877551
|move|p1a: Raging Bolt|Dragon Pulse|p2a: Ting-Lu
|-damage|p2a: Ting-Lu|65/100
|move|p2a: Ting-Lu|Ruination|p1a: Raging Bolt
|-damage|p1a: Raging Bolt|14/100 tox
|
|-heal|p2a: Ting-Lu|72/100|[from] item: Leftovers
|-damage|p1a: Raging Bolt|8/100 tox|[from] psn
|upkeep
|turn|20
|
|t:|1743877560
|move|p1a: Raging Bolt|Dragon Pulse|p2a: Ting-Lu
|-damage|p2a: Ting-Lu|50/100
|move|p2a: Ting-Lu|Stealth Rock||[still]
|-fail|p2a: Ting-Lu
|
|-heal|p2a: Ting-Lu|57/100|[from] item: Leftovers
|-damage|p1a: Raging Bolt|0 fnt|[from] psn
|faint|p1a: Raging Bolt
|-end|p1a: Raging Bolt|Protosynthesis|[silent]
|
|win|assatfao
|raw|luvbunz's rating: 1381 &rarr; <strong>1363</strong><br />(-18 for losing)
|raw|assatfao's rating: 1421 &rarr; <strong>1439</strong><br />(+18 for winning)
|l|☆luvbunz
|player|p1|
|l| assatfao
