|j|☆GuantuxX
|j|☆saturnette
|t:|1743799145
|gametype|singles
|player|p1|GuantuxX|2|
|player|p2|saturnette|169|
|teamsize|p1|6
|teamsize|p2|6
|gen|9
|tier|[Gen 9] OU
|rule|HP Percentage Mod: HP is shown in percentages
|rule|Endless Battle Clause: Forcing endless battles is banned
|rule|Species Clause: Limit one of each Pokémon
|rule|OHKO Clause: OHKO moves are banned
|rule|Evasion Items Clause: Evasion items are banned
|rule|Evasion Moves Clause: Evasion moves are banned
|rule|Sleep Moves Clause: Sleep-inducing moves are banned
|clearpoke
|poke|p1|Gliscor, M|
|poke|p1|Ribombee, F|
|poke|p1|Gholdengo|
|poke|p1|Kyurem|
|poke|p1|Iron Moth|
|poke|p1|Ogerpon-Wellspring, F|
|poke|p2|Dragapult, M|
|poke|p2|Rotom-Wash|
|poke|p2|Landorus-Therian, M|
|poke|p2|Clefable, F|
|poke|p2|Zamazenta-*|
|poke|p2|Samurott-Hisui, M|
|teampreview
|
|t:|1743799167
|start
|switch|p1a: Ribombee|Ribombee, F|100/100
|switch|p2a: Rotom|Rotom-Wash|100/100
|turn|1
|
|t:|1743799181
|move|p1a: Ribombee|Sticky Web|p2a: Rotom
|-sidestart|p2: saturnette|move: Sticky Web
|move|p2a: Rotom|Hydro Pump|p1a: Ribombee
|-damage|p1a: Ribombee|28/100
|
|upkeep
|turn|2
|
|t:|1743799189
|move|p1a: Ribombee|Moonblast|p2a: Rotom
|-damage|p2a: Rotom|55/100
|move|p2a: Rotom|Thunder Wave|p1a: Ribombee
|-status|p1a: Ribombee|par
|
|-heal|p2a: Rotom|61/100|[from] item: Leftovers
|upkeep
|turn|3
|
|t:|1743799196
|move|p2a: Rotom|Hydro Pump|p1a: Ribombee
|-damage|p1a: Ribombee|0 fnt
|faint|p1a: Ribombee
|
|-heal|p2a: Rotom|68/100|[from] item: Leftovers
|upkeep
|
|t:|1743799199
|switch|p1a: Ogerpon|Ogerpon-Wellspring, F|100/100
|turn|4
|
|t:|1743799210
|switch|p2a: Dragapult|Dragapult, M|100/100
|move|p1a: Ogerpon|Horn Leech|p2a: Dragapult
|-resisted|p2a: Dragapult
|-damage|p2a: Dragapult|71/100
|
|upkeep
|turn|5
|
|t:|1743799217
|move|p2a: Dragapult|Will-O-Wisp|p1a: Ogerpon
|-status|p1a: Ogerpon|brn
|move|p1a: Ogerpon|Play Rough|p2a: Dragapult
|-supereffective|p2a: Dragapult
|-damage|p2a: Dragapult|25/100
|
|-damage|p1a: Ogerpon|95/100 brn|[from] brn
|upkeep
|turn|6
|
|t:|1743799234
|switch|p1a: Kyurem|Kyurem|100/100
|-ability|p1a: Kyurem|Pressure
|move|p2a: Dragapult|U-turn|p1a: Kyurem
|-damage|p1a: Kyurem|81/100
|
|t:|1743799242
|switch|p2a: Clefable|Clefable, F|100/100|[from] U-turn
|-activate|p2a: Clefable|move: Sticky Web
|-unboost|p2a: Clefable|spe|1
|
|upkeep
|turn|7
|
|t:|1743799261
|switch|p1a: Iron Moth|Iron Moth|100/100
|-enditem|p1a: Iron Moth|Booster Energy
|-activate|p1a: Iron Moth|ability: Quark Drive|[fromitem]
|-start|p1a: Iron Moth|quarkdrivespa
|switch|p2a: Rotom|Rotom-Wash|68/100
|
|-heal|p2a: Rotom|74/100|[from] item: Leftovers
|upkeep
|turn|8
|
|t:|1743799274
|move|p1a: Iron Moth|Substitute|p1a: Iron Moth
|-start|p1a: Iron Moth|Substitute
|-damage|p1a: Iron Moth|76/100
|move|p2a: Rotom|Thunder Wave||[still]
|-fail|p2a: Rotom
|
|-heal|p2a: Rotom|80/100|[from] item: Leftovers
|upkeep
|turn|9
|
|t:|1743799280
|move|p1a: Iron Moth|Sludge Wave|p2a: Rotom
|-damage|p2a: Rotom|6/100
|move|p2a: Rotom|Hydro Pump|p1a: Iron Moth
|-supereffective|p1a: Iron Moth
|-end|p1a: Iron Moth|Substitute
|
|-heal|p2a: Rotom|12/100|[from] item: Leftovers
|upkeep
|turn|10
|
|t:|1743799291
|move|p1a: Iron Moth|Dazzling Gleam|p2a: Rotom
|-crit|p2a: Rotom
|-damage|p2a: Rotom|0 fnt
|faint|p2a: Rotom
|
|upkeep
|inactive|Battle timer is ON: inactive players will automatically lose when time's up. (requested by GuantuxX)
|
|t:|1743799302
|switch|p2a: Dragapult|Dragapult, M|25/100
|turn|11
|inactiveoff|Battle timer is now OFF.
|
|t:|1743799308
|move|p2a: Dragapult|Dragon Darts|p1a: Iron Moth
|-damage|p1a: Iron Moth|36/100
|-anim|p2a: Dragapult|Dragon Darts|p1a: Iron Moth
|-damage|p1a: Iron Moth|0 fnt
|faint|p1a: Iron Moth
|-end|p1a: Iron Moth|Quark Drive|[silent]
|
|upkeep
|
|t:|1743799316
|switch|p1a: Ogerpon|Ogerpon-Wellspring, F|95/100 brn
|turn|12
|
|t:|1743799327
|move|p2a: Dragapult|U-turn|p1a: Ogerpon
|-supereffective|p1a: Ogerpon
|-damage|p1a: Ogerpon|41/100 brn
|
|t:|1743799333
|switch|p2a: Landorus|Landorus-Therian, M|100/100|[from] U-turn
|-ability|p2a: Landorus|Intimidate|boost
|-unboost|p1a: Ogerpon|atk|1
|move|p1a: Ogerpon|Ivy Cudgel|p2a: Landorus|[anim] Ivy Cudgel Water
|-supereffective|p2a: Landorus
|-damage|p2a: Landorus|54/100
|
|-damage|p1a: Ogerpon|35/100 brn|[from] brn
|upkeep
|turn|13
|
|t:|1743799346
|move|p1a: Ogerpon|Ivy Cudgel|p2a: Landorus|[anim] Ivy Cudgel Water
|-supereffective|p2a: Landorus
|-crit|p2a: Landorus
|-damage|p2a: Landorus|0 fnt
|faint|p2a: Landorus
|
|-damage|p1a: Ogerpon|29/100 brn|[from] brn
|upkeep
|c|☆saturnette|_¿v
|c|☆saturnette|:'v
|
|t:|1743799367
|switch|p2a: Clefable|Clefable, F|100/100
|-activate|p2a: Clefable|move: Sticky Web
|-unboost|p2a: Clefable|spe|1
|turn|14
|
|t:|1743799373
|move|p1a: Ogerpon|Ivy Cudgel|p2a: Clefable|[anim] Ivy Cudgel Water
|-damage|p2a: Clefable|87/100
|move|p2a: Clefable|Calm Mind|p2a: Clefable
|-boost|p2a: Clefable|spa|1
|-boost|p2a: Clefable|spd|1
|
|-damage|p1a: Ogerpon|23/100 brn|[from] brn
|upkeep
|turn|15
|
|t:|1743799379
|move|p1a: Ogerpon|Swords Dance|p1a: Ogerpon
|-boost|p1a: Ogerpon|atk|2
|move|p2a: Clefable|Calm Mind|p2a: Clefable
|-boost|p2a: Clefable|spa|1
|-boost|p2a: Clefable|spd|1
|
|-damage|p1a: Ogerpon|17/100 brn|[from] brn
|upkeep
|turn|16
|
|t:|1743799384
|move|p1a: Ogerpon|Horn Leech|p2a: Clefable
|-damage|p2a: Clefable|62/100
|-heal|p1a: Ogerpon|34/100 brn|[from] drain|[of] p2a: Clefable
|move|p2a: Clefable|Calm Mind|p2a: Clefable
|-boost|p2a: Clefable|spa|1
|-boost|p2a: Clefable|spd|1
|
|-damage|p1a: Ogerpon|28/100 brn|[from] brn
|upkeep
|turn|17
|
|t:|1743799390
|move|p1a: Ogerpon|Ivy Cudgel|p2a: Clefable|[anim] Ivy Cudgel Water
|-damage|p2a: Clefable|30/100
|move|p2a: Clefable|Moonlight|p2a: Clefable
|-heal|p2a: Clefable|80/100
|
|-damage|p1a: Ogerpon|22/100 brn|[from] brn
|upkeep
|turn|18
|
|t:|1743799399
|move|p1a: Ogerpon|Ivy Cudgel|p2a: Clefable|[anim] Ivy Cudgel Water
|-crit|p2a: Clefable
|-damage|p2a: Clefable|32/100
|move|p2a: Clefable|Moonblast|p1a: Ogerpon
|-damage|p1a: Ogerpon|0 fnt
|faint|p1a: Ogerpon
|
|upkeep
|
|t:|1743799405
|switch|p1a: Kyurem|Kyurem|81/100
|-ability|p1a: Kyurem|Pressure
|turn|19
|inactive|Battle timer is ON: inactive players will automatically lose when time's up. (requested by GuantuxX)
|
|t:|1743799419
|move|p1a: Kyurem|Icicle Spear|p2a: Clefable
|-damage|p2a: Clefable|23/100
|-crit|p2a: Clefable
|-damage|p2a: Clefable|8/100
|-damage|p2a: Clefable|0 fnt
|faint|p2a: Clefable
|-hitcount|p2: Clefable|3
|
|upkeep
|
|t:|1743799427
|switch|p2a: Dragapult|Dragapult, M|25/100
|turn|20
|
|t:|1743799435
|-terastallize|p1a: Kyurem|Ground
|move|p2a: Dragapult|Will-O-Wisp|p1a: Kyurem
|-status|p1a: Kyurem|brn
|move|p1a: Kyurem|Icicle Spear|p2a: Dragapult
|-supereffective|p2a: Dragapult
|-damage|p2a: Dragapult|9/100
|-supereffective|p2a: Dragapult
|-damage|p2a: Dragapult|0 fnt
|faint|p2a: Dragapult
|-hitcount|p2: Dragapult|2
|
|-damage|p1a: Kyurem|75/100 brn|[from] brn
|upkeep
|
|t:|1743799463
|switch|p2a: Samurott|Samurott-Hisui, M|100/100
|turn|21
|
|t:|1743799471
|move|p1a: Kyurem|Freeze-Dry|p2a: Samurott
|-supereffective|p2a: Samurott
|-damage|p2a: Samurott|10/100
|move|p2a: Samurott|Razor Shell|p1a: Kyurem
|-supereffective|p1a: Kyurem
|-damage|p1a: Kyurem|0 fnt
|faint|p1a: Kyurem
|
|upkeep
|
|t:|1743799477
|switch|p1a: Gliscor|Gliscor, M, shiny|100/100
|turn|22
|
|t:|1743799483
|move|p1a: Gliscor|Earthquake|p2a: Samurott
|-damage|p2a: Samurott|0 fnt
|faint|p2a: Samurott
|
|-status|p1a: Gliscor|tox|[from] item: Toxic Orb
|upkeep
|
|t:|1743799486
|switch|p2a: Zamazenta|Zamazenta|100/100
|-activate|p2a: Zamazenta|move: Sticky Web
|-unboost|p2a: Zamazenta|spe|1
|-ability|p2a: Zamazenta|Dauntless Shield|boost
|-boost|p2a: Zamazenta|def|1
|turn|23
|
|t:|1743799495
|move|p1a: Gliscor|Swords Dance|p1a: Gliscor
|-boost|p1a: Gliscor|atk|2
|move|p2a: Zamazenta|Heavy Slam|p1a: Gliscor
|-damage|p1a: Gliscor|66/100 tox
|-damage|p2a: Zamazenta|91/100|[from] item: Life Orb
|
|-heal|p1a: Gliscor|78/100 tox|[from] ability: Poison Heal
|upkeep
|turn|24
|c|☆saturnette|gg, me jodieron esos criticos xd
|
|t:|1743799510
|move|p1a: Gliscor|Swords Dance|p1a: Gliscor
|-boost|p1a: Gliscor|atk|2
|move|p2a: Zamazenta|Heavy Slam|p1a: Gliscor
|-damage|p1a: Gliscor|42/100 tox
|-damage|p2a: Zamazenta|81/100|[from] item: Life Orb
|
|-heal|p1a: Gliscor|55/100 tox|[from] ability: Poison Heal
|upkeep
|turn|25
|c|☆saturnette|bueno mas el de clefable
|
|t:|1743799533
|move|p1a: Gliscor|Protect|p1a: Gliscor
|-singleturn|p1a: Gliscor|Protect
|move|p2a: Zamazenta|Heavy Slam|p1a: Gliscor
|-activate|p1a: Gliscor|move: Protect
|
|-heal|p1a: Gliscor|67/100 tox|[from] ability: Poison Heal
|upkeep
|turn|26
|
|t:|1743799536
|move|p1a: Gliscor|Swords Dance|p1a: Gliscor
|-boost|p1a: Gliscor|atk|2
|move|p2a: Zamazenta|Heavy Slam|p1a: Gliscor
|-damage|p1a: Gliscor|33/100 tox
|-damage|p2a: Zamazenta|71/100|[from] item: Life Orb
|
|-heal|p1a: Gliscor|45/100 tox|[from] ability: Poison Heal
|upkeep
|turn|27
|
|t:|1743799539
|move|p1a: Gliscor|Protect|p1a: Gliscor
|-singleturn|p1a: Gliscor|Protect
|move|p2a: Zamazenta|Heavy Slam|p1a: Gliscor
|-activate|p1a: Gliscor|move: Protect
|
|-heal|p1a: Gliscor|58/100 tox|[from] ability: Poison Heal
|upkeep
|turn|28
|
|t:|1743799542
|move|p1a: Gliscor|Dual Wingbeat|p2a: Zamazenta
|-supereffective|p2a: Zamazenta
|-damage|p2a: Zamazenta|1/100
|-supereffective|p2a: Zamazenta
|-damage|p2a: Zamazenta|0 fnt
|faint|p2a: Zamazenta
|-hitcount|p2: Zamazenta|2
|
|win|GuantuxX
|l|☆saturnette
|player|p2|
|c|☆GuantuxX|Gg jiji
