|j|☆jiotave
|j|☆kingCR0C
|t:|1743789508
|gametype|singles
|player|p1|jiotave|hilbert|1400
|player|p2|kingCR0C|265|1398
|teamsize|p1|6
|teamsize|p2|6
|gen|9
|tier|[Gen 9] OU
|rated|
|rule|HP Percentage Mod: HP is shown in percentages
|rule|Endless Battle Clause: Forcing endless battles is banned
|rule|Species Clause: Limit one of each Pokémon
|rule|OHKO Clause: OHKO moves are banned
|rule|Evasion Items Clause: Evasion items are banned
|rule|Evasion Moves Clause: Evasion moves are banned
|rule|Sleep Moves Clause: Sleep-inducing moves are banned
|clearpoke
|poke|p1|Araquanid, M|
|poke|p1|Raging Bolt|
|poke|p1|Iron Moth|
|poke|p1|Gholdengo|
|poke|p1|Great Tusk|
|poke|p1|Samurott-Hisui, M|
|poke|p2|Minior-Yellow|
|poke|p2|Quaquaval, M|
|poke|p2|Lokix, M|
|poke|p2|Iron Moth|
|poke|p2|Blaziken, M|
|poke|p2|Toxtricity, M|
|teampreview
|inactive|Battle timer is ON: inactive players will automatically lose when time's up. (requested by jiotave)
|
|t:|1743789511
|start
|switch|p1a: Araquanid|Araquanid, M|100/100
|switch|p2a: Madness|Toxtricity, M|100/100
|turn|1
|
|t:|1743789518
|move|p2a: Madness|Overdrive|p1a: Araquanid
|-supereffective|p1a: Araquanid
|-damage|p1a: Araquanid|19/100
|-enditem|p2a: Madness|Throat Spray
|-boost|p2a: Madness|spa|1|[from] item: Throat Spray
|move|p1a: Araquanid|Sticky Web|p2a: Madness
|-sidestart|p2: kingCR0C|move: Sticky Web
|
|upkeep
|turn|2
|-enditem|p1a: Araquanid|Custap Berry|[eat]
|-activate|p1a: Araquanid|item: Custap Berry|[consumed]
|
|t:|1743789526
|move|p1a: Araquanid|Endeavor|p2a: Madness
|-damage|p2a: Madness|22/100
|move|p2a: Madness|Shift Gear|p2a: Madness
|-boost|p2a: Madness|spe|2
|-boost|p2a: Madness|atk|1
|
|upkeep
|turn|3
|
|t:|1743789536
|move|p2a: Madness|Drain Punch|p1a: Araquanid
|-resisted|p1a: Araquanid
|-damage|p1a: Araquanid|8/100
|-heal|p2a: Madness|29/100|[from] drain|[of] p1a: Araquanid
|move|p1a: Araquanid|Surf|p2a: Madness
|-damage|p2a: Madness|0 fnt
|faint|p2a: Madness
|
|upkeep
|
|t:|1743789541
|switch|p2a: Brainstorm|Minior-Yellow|100/100
|-formechange|p2a: Brainstorm|Minior-Meteor||[from] ability: Shields Down
|turn|4
|c|☆jiotave|Wtf
|c|☆jiotave|Lol
|
|t:|1743789551
|move|p2a: Brainstorm|Acrobatics|p1a: Araquanid
|-supereffective|p1a: Araquanid
|-damage|p1a: Araquanid|0 fnt
|faint|p1a: Araquanid
|
|upkeep
|c|☆kingCR0C|Thought you would switch
|
|t:|1743789564
|switch|p1a: Samurott|Samurott-Hisui, M|100/100
|turn|5
|
|t:|1743789569
|switch|p2a: Blueprint|Quaquaval, M|100/100
|-activate|p2a: Blueprint|move: Sticky Web
|-unboost|p2a: Blueprint|spe|1
|move|p1a: Samurott|Flip Turn|p2a: Blueprint
|-resisted|p2a: Blueprint
|-damage|p2a: Blueprint|72/100
|
|t:|1743789581
|switch|p1a: Raging Bolt|Raging Bolt|100/100|[from] Flip Turn
|-enditem|p1a: Raging Bolt|Booster Energy
|-activate|p1a: Raging Bolt|ability: Protosynthesis|[fromitem]
|-start|p1a: Raging Bolt|protosynthesisspa
|
|upkeep
|turn|6
|
|t:|1743789589
|move|p1a: Raging Bolt|Thunderbolt|p2a: Blueprint
|-supereffective|p2a: Blueprint
|-damage|p2a: Blueprint|0 fnt
|faint|p2a: Blueprint
|
|upkeep
|
|t:|1743789592
|switch|p2a: Brainstorm|Minior-Yellow|100/100
|-formechange|p2a: Brainstorm|Minior-Meteor||[from] ability: Shields Down
|turn|7
|
|t:|1743789598
|-terastallize|p2a: Brainstorm|Ground
|move|p1a: Raging Bolt|Thunderbolt|p2a: Brainstorm
|-immune|p2a: Brainstorm
|move|p2a: Brainstorm|Shell Smash|p2a: Brainstorm
|-unboost|p2a: Brainstorm|def|1
|-unboost|p2a: Brainstorm|spd|1
|-boost|p2a: Brainstorm|atk|2
|-boost|p2a: Brainstorm|spa|2
|-boost|p2a: Brainstorm|spe|2
|-enditem|p2a: Brainstorm|White Herb
|-clearnegativeboost|p2a: Brainstorm|[silent]
|
|upkeep
|turn|8
|
|t:|1743789610
|move|p2a: Brainstorm|Earthquake|p1a: Raging Bolt
|-supereffective|p1a: Raging Bolt
|-damage|p1a: Raging Bolt|0 fnt
|faint|p1a: Raging Bolt
|-end|p1a: Raging Bolt|Protosynthesis|[silent]
|
|upkeep
|
|t:|1743789622
|switch|p1a: Gholdengo|Gholdengo|100/100
|-item|p1a: Gholdengo|Air Balloon
|turn|9
|
|t:|1743789632
|move|p2a: Brainstorm|Substitute|p2a: Brainstorm
|-start|p2a: Brainstorm|Substitute
|-damage|p2a: Brainstorm|76/100
|move|p1a: Gholdengo|Shadow Ball|p2a: Brainstorm
|-end|p2a: Brainstorm|Substitute
|
|upkeep
|turn|10
|
|t:|1743789640
|move|p2a: Brainstorm|Acrobatics|p1a: Gholdengo
|-resisted|p1a: Gholdengo
|-damage|p1a: Gholdengo|59/100
|-enditem|p1a: Gholdengo|Air Balloon
|move|p1a: Gholdengo|Shadow Ball|p2a: Brainstorm
|-damage|p2a: Brainstorm|21/100
|
|-formechange|p2a: Brainstorm|Minior-Yellow||[from] ability: Shields Down
|upkeep
|turn|11
|
|t:|1743789652
|move|p2a: Brainstorm|Earthquake|p1a: Gholdengo
|-supereffective|p1a: Gholdengo
|-damage|p1a: Gholdengo|0 fnt
|faint|p1a: Gholdengo
|
|upkeep
|
|t:|1743789666
|switch|p1a: Great Tusk|Great Tusk|100/100
|-enditem|p1a: Great Tusk|Booster Energy
|-activate|p1a: Great Tusk|ability: Protosynthesis|[fromitem]
|-start|p1a: Great Tusk|protosynthesisatk
|turn|12
|
|t:|1743789673
|-terastallize|p1a: Great Tusk|Ghost
|move|p2a: Brainstorm|Acrobatics|p1a: Great Tusk
|-damage|p1a: Great Tusk|22/100
|move|p1a: Great Tusk|Rapid Spin|p2a: Brainstorm
|-damage|p2a: Brainstorm|0 fnt
|-boost|p1a: Great Tusk|spe|1
|faint|p2a: Brainstorm
|
|upkeep
|
|t:|1743789679
|switch|p2a: Stuntman|Lokix, M|100/100
|-activate|p2a: Stuntman|move: Sticky Web
|-unboost|p2a: Stuntman|spe|1
|turn|13
|
|t:|1743789701
|move|p2a: Stuntman|First Impression|p1a: Great Tusk
|-resisted|p1a: Great Tusk
|-damage|p1a: Great Tusk|0 fnt
|faint|p1a: Great Tusk
|-end|p1a: Great Tusk|Protosynthesis|[silent]
|-damage|p2a: Stuntman|91/100|[from] item: Life Orb
|
|upkeep
|
|t:|1743789709
|switch|p1a: Iron Moth|Iron Moth|100/100
|-enditem|p1a: Iron Moth|Booster Energy
|-activate|p1a: Iron Moth|ability: Quark Drive|[fromitem]
|-start|p1a: Iron Moth|quarkdrivespa
|turn|14
|
|t:|1743789714
|move|p2a: Stuntman|Sucker Punch|p1a: Iron Moth
|-damage|p1a: Iron Moth|30/100
|-damage|p2a: Stuntman|81/100|[from] item: Life Orb
|move|p1a: Iron Moth|Fiery Dance|p2a: Stuntman
|-supereffective|p2a: Stuntman
|-damage|p2a: Stuntman|0 fnt
|-boost|p1a: Iron Moth|spa|1
|faint|p2a: Stuntman
|
|upkeep
|
|t:|1743789719
|switch|p2a: Burnt jocker|Iron Moth|100/100
|-activate|p2a: Burnt jocker|move: Sticky Web
|-unboost|p2a: Burnt jocker|spe|1
|-enditem|p2a: Burnt jocker|Booster Energy
|-activate|p2a: Burnt jocker|ability: Quark Drive|[fromitem]
|-start|p2a: Burnt jocker|quarkdrivespa
|turn|15
|
|t:|1743789730
|move|p1a: Iron Moth|Psychic|p2a: Burnt jocker
|-supereffective|p2a: Burnt jocker
|-crit|p2a: Burnt jocker
|-damage|p2a: Burnt jocker|0 fnt
|faint|p2a: Burnt jocker
|-end|p2a: Burnt jocker|Quark Drive|[silent]
|
|upkeep
|
|t:|1743789732
|switch|p2a: Hack|Blaziken, M|100/100
|-activate|p2a: Hack|move: Sticky Web
|-unboost|p2a: Hack|spe|1
|turn|16
|c|☆kingCR0C|Gg
|
|t:|1743789741
|move|p1a: Iron Moth|Psychic|p2a: Hack
|-supereffective|p2a: Hack
|-damage|p2a: Hack|0 fnt
|faint|p2a: Hack
|
|win|jiotave
|raw|jiotave's rating: 1400 &rarr; <strong>1420</strong><br />(+20 for winning)
|raw|kingCR0C's rating: 1398 &rarr; <strong>1378</strong><br />(-20 for losing)
|c|☆jiotave|Gg
|l|☆jiotave
|player|p1|
|l|☆kingCR0C
|player|p2|
