|j|☆Remioche
|j|☆pamphilus
|t:|1743878088
|gametype|singles
|player|p1|Remioche|lucas|1468
|player|p2|pamphilus|steven|1524
|teamsize|p1|6
|teamsize|p2|6
|gen|9
|tier|[Gen 9] OU
|rated|
|rule|HP Percentage Mod: HP is shown in percentages
|rule|Endless Battle Clause: Forcing endless battles is banned
|rule|Species Clause: Limit one of each Pokémon
|rule|OHKO Clause: OHKO moves are banned
|rule|Evasion Items Clause: Evasion items are banned
|rule|Evasion Moves Clause: Evasion moves are banned
|rule|Sleep Moves Clause: Sleep-inducing moves are banned
|clearpoke
|poke|p1|Sandy Shocks|
|poke|p1|Slowking-Galar, F|
|poke|p1|Dragonite, F|
|poke|p1|Corviknight, F|
|poke|p1|Cinderace, M|
|poke|p1|Iron Valiant|
|poke|p2|Blaziken, F|
|poke|p2|Darkrai|
|poke|p2|Slowking-Galar, M|
|poke|p2|Iron Treads|
|poke|p2|Landorus-Therian, M|
|poke|p2|Ogerpon-Wellspring, F|
|teampreview
|inactive|Battle timer is ON: inactive players will automatically lose when time's up. (requested by Remioche)
|
|t:|1743878099
|start
|switch|p1a: Iron Valiant|Iron Valiant|100/100
|switch|p2a: Darkrai|Darkrai|100/100
|turn|1
|
|t:|1743878113
|switch|p2a: Slowking|Slowking-Galar, M|100/100
|-end|p1a: Iron Valiant|Quark Drive|[silent]
|switch|p1a: Slowking|Slowking-Galar, F|100/100
|
|upkeep
|turn|2
|
|t:|1743878124
|-prepare|p2a: Slowking|Chilly Reception|[premajor]
|move|p2a: Slowking|Chilly Reception|p2a: Slowking
|-weather|Snowscape
|
|t:|1743878128
|switch|p2a: Iron Treads|Iron Treads|100/100|[from] Chilly Reception
|move|p1a: Slowking|Future Sight|p2a: Iron Treads
|-start|p1a: Slowking|move: Future Sight
|
|-weather|Snowscape|[upkeep]
|upkeep
|turn|3
|
|t:|1743878145
|switch|p1a: Corviknight|Corviknight, F|100/100
|-ability|p1a: Corviknight|Pressure
|move|p2a: Iron Treads|Knock Off|p1a: Corviknight
|-damage|p1a: Corviknight|78/100
|-enditem|p1a: Corviknight|Leftovers|[from] move: Knock Off|[of] p2a: Iron Treads
|
|-weather|Snowscape|[upkeep]
|upkeep
|turn|4
|
|t:|1743878156
|-end|p2a: Iron Treads|Quark Drive|[silent]
|switch|p2a: Landorus|Landorus-Therian, M|100/100
|-ability|p2a: Landorus|Intimidate|boost
|-unboost|p1a: Corviknight|atk|1
|move|p1a: Corviknight|Body Press|p2a: Landorus
|-resisted|p2a: Landorus
|-damage|p2a: Landorus|87/100
|-damage|p1a: Corviknight|62/100|[from] item: Rocky Helmet|[of] p2a: Landorus
|
|-weather|Snowscape|[upkeep]
|-end|p2a: Landorus|move: Future Sight
|-damage|p2a: Landorus|40/100
|upkeep
|turn|5
|
|t:|1743878163
|move|p2a: Landorus|Taunt|p1a: Corviknight
|-start|p1a: Corviknight|move: Taunt
|cant|p1a: Corviknight|move: Taunt|Roost
|
|-weather|Snowscape|[upkeep]
|upkeep
|turn|6
|
|t:|1743878170
|switch|p1a: Dragonite|Dragonite, F|100/100
|move|p2a: Landorus|Stealth Rock|p1a: Dragonite
|-sidestart|p1: Remioche|move: Stealth Rock
|
|-weather|none
|upkeep
|turn|7
|
|t:|1743878176
|switch|p1a: Jeaneau|Cinderace, M, shiny|100/100
|move|p2a: Landorus|Taunt|p1a: Jeaneau
|-start|p1a: Jeaneau|move: Taunt
|
|upkeep
|turn|8
|
|t:|1743878180
|move|p1a: Jeaneau|Pyro Ball|p2a: Landorus|[miss]
|-miss|p1a: Jeaneau|p2a: Landorus
|move|p2a: Landorus|Earthquake|p1a: Jeaneau
|-supereffective|p1a: Jeaneau
|-damage|p1a: Jeaneau|0 fnt
|faint|p1a: Jeaneau
|
|upkeep
|
|t:|1743878186
|switch|p1a: Iron Valiant|Iron Valiant|100/100
|-damage|p1a: Iron Valiant|94/100|[from] Stealth Rock
|turn|9
|
|t:|1743878190
|move|p1a: Iron Valiant|Knock Off|p2a: Landorus
|-damage|p2a: Landorus|9/100
|-damage|p1a: Iron Valiant|78/100|[from] item: Rocky Helmet|[of] p2a: Landorus
|-enditem|p2a: Landorus|Rocky Helmet|[from] move: Knock Off|[of] p1a: Iron Valiant
|move|p2a: Landorus|Earthquake|p1a: Iron Valiant
|-damage|p1a: Iron Valiant|11/100
|
|upkeep
|turn|10
|
|t:|1743878197
|move|p1a: Iron Valiant|Knock Off|p2a: Landorus
|-damage|p2a: Landorus|0 fnt
|faint|p2a: Landorus
|
|upkeep
|
|t:|1743878224
|switch|p2a: Slowking|Slowking-Galar, M|100/100
|turn|11
|
|t:|1743878242
|move|p1a: Iron Valiant|Knock Off|p2a: Slowking
|-supereffective|p2a: Slowking
|-damage|p2a: Slowking|54/100
|-enditem|p2a: Slowking|Heavy-Duty Boots|[from] move: Knock Off|[of] p1a: Iron Valiant
|move|p2a: Slowking|Ice Beam|p1a: Iron Valiant
|-damage|p1a: Iron Valiant|0 fnt
|faint|p1a: Iron Valiant
|-end|p1a: Iron Valiant|Quark Drive|[silent]
|
|upkeep
|
|t:|1743878253
|switch|p1a: Kouign Amann|Sandy Shocks|100/100
|turn|12
|
|t:|1743878263
|-terastallize|p2a: Slowking|Grass
|move|p1a: Kouign Amann|Earth Power|p2a: Slowking
|-resisted|p2a: Slowking
|-damage|p2a: Slowking|35/100
|-prepare|p2a: Slowking|Chilly Reception|[premajor]
|move|p2a: Slowking|Chilly Reception|p2a: Slowking
|-weather|Snowscape
|
|t:|1743878273
|switch|p2a: Ogerpon|Ogerpon-Wellspring, F|100/100|[from] Chilly Reception
|
|-weather|Snowscape|[upkeep]
|upkeep
|turn|13
|
|t:|1743878280
|-end|p1a: Kouign Amann|Protosynthesis|[silent]
|switch|p1a: Dragonite|Dragonite, F|100/100
|move|p2a: Ogerpon|Ivy Cudgel|p1a: Dragonite|[anim] Ivy Cudgel Water
|-resisted|p1a: Dragonite
|-crit|p1a: Dragonite
|-damage|p1a: Dragonite|76/100
|
|-weather|Snowscape|[upkeep]
|upkeep
|turn|14
|
|t:|1743878289
|switch|p2a: Darkrai|Darkrai|100/100
|move|p1a: Dragonite|Thunder Wave|p2a: Darkrai
|-status|p2a: Darkrai|par
|
|-weather|Snowscape|[upkeep]
|upkeep
|turn|15
|
|t:|1743878302
|move|p2a: Darkrai|Trick|p1a: Dragonite
|-activate|p2a: Darkrai|move: Trick|[of] p1a: Dragonite
|-item|p1a: Dragonite|Choice Scarf|[from] move: Trick
|-item|p2a: Darkrai|Heavy-Duty Boots|[from] move: Trick
|move|p1a: Dragonite|Roost|p1a: Dragonite
|-heal|p1a: Dragonite|100/100
|-singleturn|p1a: Dragonite|move: Roost
|
|-weather|Snowscape|[upkeep]
|upkeep
|turn|16
|
|t:|1743878309
|switch|p1a: Slowking|Slowking-Galar, F|100/100
|-damage|p1a: Slowking|88/100|[from] Stealth Rock
|cant|p2a: Darkrai|par
|
|-weather|none
|-heal|p1a: Slowking|94/100|[from] item: Leftovers
|upkeep
|turn|17
|
|t:|1743878316
|switch|p2a: Iron Treads|Iron Treads|100/100
|move|p1a: Slowking|Future Sight|p2a: Iron Treads
|-start|p1a: Slowking|move: Future Sight
|
|-heal|p1a: Slowking|99/100|[from] item: Leftovers
|upkeep
|turn|18
|
|t:|1743878323
|switch|p1a: Corviknight|Corviknight, F|62/100
|-damage|p1a: Corviknight|50/100|[from] Stealth Rock
|-ability|p1a: Corviknight|Pressure
|move|p2a: Iron Treads|Knock Off|p1a: Corviknight
|-damage|p1a: Corviknight|35/100
|
|upkeep
|turn|19
|
|t:|1743878336
|-end|p2a: Iron Treads|Quark Drive|[silent]
|switch|p2a: Slowking|Slowking-Galar, M, tera:Grass|69/100
|move|p1a: Corviknight|Roost|p1a: Corviknight
|-heal|p1a: Corviknight|85/100
|-singleturn|p1a: Corviknight|move: Roost
|
|-end|p2a: Slowking|move: Future Sight
|-damage|p2a: Slowking|33/100
|upkeep
|turn|20
|inactive|Remioche has 120 seconds left.
|
|t:|1743878372
|switch|p2a: Iron Treads|Iron Treads|100/100
|move|p1a: Corviknight|Body Press|p2a: Iron Treads
|-supereffective|p2a: Iron Treads
|-damage|p2a: Iron Treads|51/100
|
|upkeep
|turn|21
|
|t:|1743878381
|-end|p2a: Iron Treads|Quark Drive|[silent]
|switch|p2a: Slowking|Slowking-Galar, M, tera:Grass|67/100
|move|p1a: Corviknight|Iron Defense|p1a: Corviknight
|-boost|p1a: Corviknight|def|2
|
|upkeep
|turn|22
|
|t:|1743878386
|move|p1a: Corviknight|Body Press|p2a: Slowking
|-damage|p2a: Slowking|25/100
|move|p2a: Slowking|Flamethrower|p1a: Corviknight
|-supereffective|p1a: Corviknight
|-damage|p1a: Corviknight|34/100
|
|upkeep
|turn|23
|
|t:|1743878396
|switch|p2a: Darkrai|Darkrai|100/100 par
|move|p1a: Corviknight|Body Press|p2a: Darkrai
|-supereffective|p2a: Darkrai
|-damage|p2a: Darkrai|0 fnt
|faint|p2a: Darkrai
|
|upkeep
|
|t:|1743878400
|switch|p2a: Blaziken|Blaziken, F|100/100
|turn|24
|
|t:|1743878402
|move|p2a: Blaziken|Swords Dance|p2a: Blaziken
|-boost|p2a: Blaziken|atk|2
|move|p1a: Corviknight|Roost|p1a: Corviknight
|-heal|p1a: Corviknight|84/100
|-singleturn|p1a: Corviknight|move: Roost
|
|-ability|p2a: Blaziken|Speed Boost|boost
|-boost|p2a: Blaziken|spe|1
|upkeep
|turn|25
|
|t:|1743878410
|-terastallize|p1a: Corviknight|Fighting
|move|p2a: Blaziken|Swords Dance|p2a: Blaziken
|-boost|p2a: Blaziken|atk|2
|move|p1a: Corviknight|Iron Defense|p1a: Corviknight
|-boost|p1a: Corviknight|def|2
|
|-ability|p2a: Blaziken|Speed Boost|boost
|-boost|p2a: Blaziken|spe|1
|upkeep
|turn|26
|
|t:|1743878414
|move|p2a: Blaziken|Flare Blitz|p1a: Corviknight
|-damage|p1a: Corviknight|42/100
|-damage|p2a: Blaziken|85/100|[from] Recoil
|move|p1a: Corviknight|Iron Defense|p1a: Corviknight
|-boost|p1a: Corviknight|def|2
|
|-heal|p2a: Blaziken|91/100|[from] item: Leftovers
|-ability|p2a: Blaziken|Speed Boost|boost
|-boost|p2a: Blaziken|spe|1
|upkeep
|turn|27
|
|t:|1743878420
|move|p2a: Blaziken|Flare Blitz|p1a: Corviknight
|-damage|p1a: Corviknight|9/100
|-damage|p2a: Blaziken|78/100|[from] Recoil
|move|p1a: Corviknight|Roost|p1a: Corviknight
|-heal|p1a: Corviknight|59/100
|
|-heal|p2a: Blaziken|85/100|[from] item: Leftovers
|-ability|p2a: Blaziken|Speed Boost|boost
|-boost|p2a: Blaziken|spe|1
|upkeep
|turn|28
|
|t:|1743878425
|move|p2a: Blaziken|Flare Blitz|p1a: Corviknight
|-damage|p1a: Corviknight|28/100
|-damage|p2a: Blaziken|73/100|[from] Recoil
|move|p1a: Corviknight|Roost|p1a: Corviknight
|-heal|p1a: Corviknight|78/100
|
|-heal|p2a: Blaziken|79/100|[from] item: Leftovers
|-ability|p2a: Blaziken|Speed Boost|boost
|-boost|p2a: Blaziken|spe|1
|upkeep
|turn|29
|
|t:|1743878430
|move|p2a: Blaziken|Flare Blitz|p1a: Corviknight
|-damage|p1a: Corviknight|46/100
|-damage|p2a: Blaziken|67/100|[from] Recoil
|move|p1a: Corviknight|Body Press|p2a: Blaziken
|-damage|p2a: Blaziken|0 fnt
|faint|p2a: Blaziken
|
|upkeep
|
|t:|1743878436
|switch|p2a: Ogerpon|Ogerpon-Wellspring, F|100/100
|turn|30
|
|t:|1743878439
|move|p2a: Ogerpon|Ivy Cudgel|p1a: Corviknight|[anim] Ivy Cudgel Water
|-damage|p1a: Corviknight|36/100
|move|p1a: Corviknight|Body Press|p2a: Ogerpon
|-damage|p2a: Ogerpon|0 fnt
|faint|p2a: Ogerpon
|
|upkeep
|-message|pamphilus forfeited.
|
|win|Remioche
|raw|Remioche's rating: 1468 &rarr; <strong>1491</strong><br />(+23 for winning)
|raw|pamphilus's rating: 1524 &rarr; <strong>1501</strong><br />(-23 for losing)
|l|☆pamphilus
|player|p2|
|l|☆Remioche
|player|p1|
