|j|☆Parker757
|j|☆EndlessDark9
|t:|1743825904
|gametype|singles
|player|p1|Parker757|n-masters3|1481
|player|p2|EndlessDark9|iono|1460
|teamsize|p1|6
|teamsize|p2|6
|gen|9
|tier|[Gen 9] OU
|rated|
|rule|HP Percentage Mod: HP is shown in percentages
|rule|Endless Battle Clause: Forcing endless battles is banned
|rule|Species Clause: Limit one of each Pokémon
|rule|OHKO Clause: OHKO moves are banned
|rule|Evasion Items Clause: Evasion items are banned
|rule|Evasion Moves Clause: Evasion moves are banned
|rule|Sleep Moves Clause: Sleep-inducing moves are banned
|clearpoke
|poke|p1|Dragonite, M|
|poke|p1|Ting-Lu|
|poke|p1|Iron Moth|
|poke|p1|Iron Valiant|
|poke|p1|Kyurem|
|poke|p1|Gholdengo|
|poke|p2|Ting-Lu|
|poke|p2|Pecharunt|
|poke|p2|Great Tusk|
|poke|p2|Ogerpon-Wellspring, F|
|poke|p2|Raging Bolt|
|poke|p2|Gholdengo|
|teampreview
|inactive|Battle timer is ON: inactive players will automatically lose when time's up. (requested by EndlessDark9)
|inactive|Parker757 also wants the timer to be on.
|inactive|Parker757 has 120 seconds left.
|
|t:|1743825936
|start
|switch|p1a: Kyurem|Kyurem|100/100
|switch|p2a: Ting-Lu|Ting-Lu|100/100
|-ability|p1a: Kyurem|Pressure
|-ability|p2a: Ting-Lu|Vessel of Ruin
|turn|1
|
|t:|1743825942
|-terastallize|p2a: Ting-Lu|Poison
|move|p1a: Kyurem|Icicle Spear|p2a: Ting-Lu
|-damage|p2a: Ting-Lu|93/100
|-damage|p2a: Ting-Lu|86/100
|-damage|p2a: Ting-Lu|78/100
|-damage|p2a: Ting-Lu|70/100
|-damage|p2a: Ting-Lu|63/100
|-hitcount|p2a: Ting-Lu|5
|move|p2a: Ting-Lu|Spikes|p1a: Kyurem
|-sidestart|p1: Parker757|Spikes
|
|-heal|p2a: Ting-Lu|69/100|[from] item: Leftovers
|upkeep
|turn|2
|
|t:|1743825951
|switch|p2a: Pecharunt|Pecharunt|100/100
|move|p1a: Kyurem|Dragon Dance|p1a: Kyurem
|-boost|p1a: Kyurem|atk|1
|-boost|p1a: Kyurem|spe|1
|
|upkeep
|turn|3
|
|t:|1743825957
|move|p1a: Kyurem|Icicle Spear|p2a: Pecharunt
|-damage|p2a: Pecharunt|89/100
|-damage|p2a: Pecharunt|77/100
|-damage|p2a: Pecharunt|64/100
|-damage|p2a: Pecharunt|50/100
|-damage|p2a: Pecharunt|37/100
|-hitcount|p2a: Pecharunt|5
|move|p2a: Pecharunt|Malignant Chain|p1a: Kyurem
|-crit|p1a: Kyurem
|-damage|p1a: Kyurem|59/100
|-status|p1a: Kyurem|tox
|-start|p1a: Kyurem|confusion|[from] ability: Poison Puppeteer|[of] p2a: Pecharunt
|
|-damage|p1a: Kyurem|53/100 tox|[from] psn
|upkeep
|turn|4
|
|t:|1743825966
|-activate|p1a: Kyurem|confusion
|move|p1a: Kyurem|Icicle Spear|p2a: Pecharunt
|-damage|p2a: Pecharunt|25/100
|-damage|p2a: Pecharunt|13/100
|-damage|p2a: Pecharunt|0 fnt
|faint|p2a: Pecharunt
|-hitcount|p2: Pecharunt|3
|
|-damage|p1a: Kyurem|40/100 tox|[from] psn
|upkeep
|
|t:|1743825986
|switch|p2a: Ting-Lu|Ting-Lu, tera:Poison|69/100
|-ability|p2a: Ting-Lu|Vessel of Ruin
|turn|5
|inactive|Parker757 has 120 seconds left.
|inactive|Parker757 has 90 seconds left.
|inactive|Parker757 has 60 seconds left.
|
|t:|1743826079
|-end|p1a: Kyurem|confusion
|move|p1a: Kyurem|Icicle Spear|p2a: Ting-Lu
|-damage|p2a: Ting-Lu|58/100
|-damage|p2a: Ting-Lu|46/100
|-damage|p2a: Ting-Lu|35/100
|-damage|p2a: Ting-Lu|23/100
|-hitcount|p2a: Ting-Lu|4
|move|p2a: Ting-Lu|Spikes|p1a: Kyurem
|-sidestart|p1: Parker757|Spikes
|
|-heal|p2a: Ting-Lu|29/100|[from] item: Leftovers
|-damage|p1a: Kyurem|22/100 tox|[from] psn
|upkeep
|turn|6
|inactive|Parker757 has 60 seconds left.
|
|t:|1743826103
|move|p1a: Kyurem|Icicle Spear|p2a: Ting-Lu
|-damage|p2a: Ting-Lu|16/100
|-damage|p2a: Ting-Lu|3/100
|-damage|p2a: Ting-Lu|0 fnt
|faint|p2a: Ting-Lu
|-hitcount|p2: Ting-Lu|3
|
|-damage|p1a: Kyurem|0 fnt|[from] psn
|faint|p1a: Kyurem
|upkeep
|inactive|Parker757 has 60 seconds left.
|
|t:|1743826115
|switch|p1a: Iron Moth|Iron Moth|100/100
|switch|p2a: Great Tusk|Great Tusk|100/100
|-damage|p1a: Iron Moth|84/100|[from] Spikes
|-enditem|p1a: Iron Moth|Booster Energy
|-activate|p1a: Iron Moth|ability: Quark Drive|[fromitem]
|-start|p1a: Iron Moth|quarkdrivespe
|turn|7
|
|t:|1743826125
|move|p1a: Iron Moth|Dazzling Gleam|p2a: Great Tusk
|-supereffective|p2a: Great Tusk
|-damage|p2a: Great Tusk|20/100
|move|p2a: Great Tusk|Stealth Rock|p1a: Iron Moth
|-sidestart|p1: Parker757|move: Stealth Rock
|
|upkeep
|turn|8
|inactive|Parker757 has 60 seconds left.
|
|t:|1743826147
|move|p1a: Iron Moth|Fiery Dance|p2a: Great Tusk
|-crit|p2a: Great Tusk
|-damage|p2a: Great Tusk|0 fnt
|-boost|p1a: Iron Moth|spa|1
|faint|p2a: Great Tusk
|-end|p2a: Great Tusk|Protosynthesis|[silent]
|
|upkeep
|
|t:|1743826152
|switch|p2a: Ogerpon|Ogerpon-Wellspring, F|100/100
|turn|9
|inactive|Parker757 has 60 seconds left.
|inactive|EndlessDark9 has 120 seconds left.
|
|t:|1743826183
|move|p1a: Iron Moth|Sludge Wave|p2a: Ogerpon
|-supereffective|p2a: Ogerpon
|-damage|p2a: Ogerpon|0 fnt
|faint|p2a: Ogerpon
|
|upkeep
|-message|EndlessDark9 forfeited.
|
|win|Parker757
|raw|Parker757's rating: 1481 &rarr; <strong>1500</strong><br />(+19 for winning)
|raw|EndlessDark9's rating: 1460 &rarr; <strong>1441</strong><br />(-19 for losing)
|l|☆EndlessDark9
|player|p2|
|l|☆Parker757
|player|p1|
