|j|☆EpicUmbreon29
|j|☆Talonshadow
|t:|1743908950
|gametype|singles
|player|p1|EpicUmbreon29|grimsley|1629
|player|p2|Talonshadow|101|1651
|teamsize|p1|6
|teamsize|p2|6
|gen|9
|tier|[Gen 9] OU
|rated|
|rule|HP Percentage Mod: HP is shown in percentages
|rule|Endless Battle Clause: Forcing endless battles is banned
|rule|Species Clause: Limit one of each Pokémon
|rule|OHKO Clause: OHKO moves are banned
|rule|Evasion Items Clause: Evasion items are banned
|rule|Evasion Moves Clause: Evasion moves are banned
|rule|Sleep Moves Clause: Sleep-inducing moves are banned
|clearpoke
|poke|p1|Kyurem|
|poke|p1|Reuniclus, F|
|poke|p1|Araquanid, F|
|poke|p1|Indeedee, M|
|poke|p1|Hawlucha, F|
|poke|p1|Great Tusk|
|poke|p2|Landorus-Therian, M|
|poke|p2|Slowking-Galar, F|
|poke|p2|Zapdos|
|poke|p2|Kyurem|
|poke|p2|Cinderace, M|
|poke|p2|Dragapult, F|
|teampreview
|
|t:|1743908969
|start
|switch|p1a: Kyurem|Kyurem|100/100
|switch|p2a: Zapdos|Zapdos|100/100
|-ability|p1a: Kyurem|Pressure
|turn|1
|inactive|Battle timer is ON: inactive players will automatically lose when time's up. (requested by Talonshadow)
|
|t:|1743908977
|switch|p2a: Slowking|Slowking-Galar, F|100/100
|move|p1a: Kyurem|Ice Beam|p2a: Slowking
|-damage|p2a: Slowking|58/100
|-status|p2a: Slowking|frz
|
|upkeep
|turn|2
|
|t:|1743908981
|move|p1a: Kyurem|Ice Beam|p2a: Slowking
|-damage|p2a: Slowking|19/100 frz
|cant|p2a: Slowking|frz
|
|upkeep
|turn|3
|c|☆Talonshadow|ofcourse
|
|t:|1743908987
|switch|p2a: Cinderace|Cinderace, M|100/100
|move|p1a: Kyurem|Ice Beam|p2a: Cinderace
|-resisted|p2a: Cinderace
|-damage|p2a: Cinderace|46/100
|
|upkeep
|turn|4
|
|t:|1743908996
|switch|p1a: Araquanid|Araquanid, F|100/100
|move|p2a: Cinderace|Pyro Ball|p1a: Araquanid
|-damage|p1a: Araquanid|72/100
|
|upkeep
|turn|5
|
|t:|1743909004
|switch|p1a: Kyurem|Kyurem|100/100
|-ability|p1a: Kyurem|Pressure
|move|p2a: Cinderace|U-turn|p1a: Kyurem
|-start|p2a: Cinderace|typechange|Bug|[from] ability: Libero
|-damage|p1a: Kyurem|66/100
|
|t:|1743909007
|switch|p2a: Kyurem|Kyurem|100/100|[from] U-turn
|-ability|p2a: Kyurem|Pressure
|
|upkeep
|turn|6
|
|t:|1743909011
|switch|p1a: Araquanid|Araquanid, F|72/100
|move|p2a: Kyurem|Draco Meteor|p1a: Araquanid
|-damage|p1a: Araquanid|23/100
|-unboost|p2a: Kyurem|spa|2
|
|upkeep
|turn|7
|-enditem|p1a: Araquanid|Custap Berry|[eat]
|-activate|p1a: Araquanid|item: Custap Berry|[consumed]
|
|t:|1743909017
|switch|p2a: Zapdos|Zapdos|100/100
|move|p1a: Araquanid|Endeavor|p2a: Zapdos
|-damage|p2a: Zapdos|20/100
|
|upkeep
|turn|8
|
|t:|1743909024
|move|p2a: Zapdos|Roost|p2a: Zapdos
|-heal|p2a: Zapdos|70/100
|-singleturn|p2a: Zapdos|move: Roost
|move|p1a: Araquanid|Surf|p2a: Zapdos
|-damage|p2a: Zapdos|14/100
|
|upkeep
|turn|9
|
|t:|1743909028
|move|p2a: Zapdos|Discharge|p1a: Araquanid
|-supereffective|p1a: Araquanid
|-damage|p1a: Araquanid|0 fnt
|faint|p1a: Araquanid
|
|upkeep
|
|t:|1743909034
|switch|p1a: Kyurem|Kyurem|66/100
|-ability|p1a: Kyurem|Pressure
|turn|10
|
|t:|1743909038
|switch|p2a: Slowking|Slowking-Galar, F|53/100 frz
|move|p1a: Kyurem|Ice Beam|p2a: Slowking
|-damage|p2a: Slowking|14/100 frz
|
|upkeep
|turn|11
|
|t:|1743909042
|move|p1a: Kyurem|Ice Beam|p2a: Slowking
|-damage|p2a: Slowking|0 fnt
|faint|p2a: Slowking
|
|upkeep
|
|t:|1743909047
|switch|p2a: Cinderace|Cinderace, M|46/100
|turn|12
|
|t:|1743909055
|switch|p1a: Great Tusk|Great Tusk|100/100
|-enditem|p1a: Great Tusk|Booster Energy
|-activate|p1a: Great Tusk|ability: Protosynthesis|[fromitem]
|-start|p1a: Great Tusk|protosynthesisspe
|move|p2a: Cinderace|Pyro Ball|p1a: Great Tusk
|-crit|p1a: Great Tusk
|-damage|p1a: Great Tusk|46/100
|
|upkeep
|turn|13
|
|t:|1743909064
|switch|p2a: Zapdos|Zapdos|14/100
|move|p1a: Great Tusk|Bulk Up|p1a: Great Tusk
|-boost|p1a: Great Tusk|atk|1
|-boost|p1a: Great Tusk|def|1
|
|upkeep
|turn|14
|
|t:|1743909067
|move|p1a: Great Tusk|Ice Spinner|p2a: Zapdos
|-supereffective|p2a: Zapdos
|-damage|p2a: Zapdos|0 fnt
|faint|p2a: Zapdos
|
|upkeep
|
|t:|1743909070
|switch|p2a: Landorus|Landorus-Therian, M|100/100
|-ability|p2a: Landorus|Intimidate|boost
|-unboost|p1a: Great Tusk|atk|1
|turn|15
|
|t:|1743909073
|-terastallize|p2a: Landorus|Water
|move|p1a: Great Tusk|Ice Spinner|p2a: Landorus
|-resisted|p2a: Landorus
|-damage|p2a: Landorus|90/100
|-damage|p1a: Great Tusk|30/100|[from] item: Rocky Helmet|[of] p2a: Landorus
|move|p2a: Landorus|Grass Knot|p1a: Great Tusk
|-supereffective|p1a: Great Tusk
|-crit|p1a: Great Tusk
|-damage|p1a: Great Tusk|0 fnt
|faint|p1a: Great Tusk
|-end|p1a: Great Tusk|Protosynthesis|[silent]
|
|upkeep
|
|t:|1743909079
|switch|p1a: Kyurem|Kyurem|66/100
|-ability|p1a: Kyurem|Pressure
|turn|16
|
|t:|1743909084
|switch|p2a: Cinderace|Cinderace, M|46/100
|move|p1a: Kyurem|Freeze-Dry|p2a: Cinderace
|-resisted|p2a: Cinderace
|-damage|p2a: Cinderace|0 fnt
|faint|p2a: Cinderace
|
|upkeep
|
|t:|1743909089
|switch|p2a: Dragapult|Dragapult, F|100/100
|turn|17
|j| LudocyelZ
|
|t:|1743909105
|move|p2a: Dragapult|Dragon Darts|p1a: Kyurem
|-supereffective|p1a: Kyurem
|-damage|p1a: Kyurem|21/100
|-anim|p2a: Dragapult|Dragon Darts|p1a: Kyurem
|-supereffective|p1a: Kyurem
|-damage|p1a: Kyurem|0 fnt
|faint|p1a: Kyurem
|
|upkeep
|
|t:|1743909113
|switch|p1a: Reuniclus|Reuniclus, F|100/100
|turn|18
|
|t:|1743909116
|move|p2a: Dragapult|Dragon Darts|p1a: Reuniclus
|-damage|p1a: Reuniclus|81/100
|-anim|p2a: Dragapult|Dragon Darts|p1a: Reuniclus
|-crit|p1a: Reuniclus
|-damage|p1a: Reuniclus|55/100
|move|p1a: Reuniclus|Calm Mind|p1a: Reuniclus
|-boost|p1a: Reuniclus|spa|1
|-boost|p1a: Reuniclus|spd|1
|
|upkeep
|turn|19
|
|t:|1743909122
|move|p2a: Dragapult|U-turn|p1a: Reuniclus
|-supereffective|p1a: Reuniclus
|-damage|p1a: Reuniclus|21/100
|
|t:|1743909125
|switch|p2a: Landorus|Landorus-Therian, M, tera:Water|90/100|[from] U-turn
|-ability|p2a: Landorus|Intimidate|boost
|-unboost|p1a: Reuniclus|atk|1
|move|p1a: Reuniclus|Recover|p1a: Reuniclus
|-heal|p1a: Reuniclus|71/100
|
|upkeep
|turn|20
|
|t:|1743909128
|move|p2a: Landorus|Earthquake|p1a: Reuniclus
|-damage|p1a: Reuniclus|40/100
|move|p1a: Reuniclus|Recover|p1a: Reuniclus
|-heal|p1a: Reuniclus|90/100
|
|upkeep
|turn|21
|
|t:|1743909132
|move|p2a: Landorus|Earthquake|p1a: Reuniclus
|-crit|p1a: Reuniclus
|-damage|p1a: Reuniclus|42/100
|move|p1a: Reuniclus|Calm Mind|p1a: Reuniclus
|-boost|p1a: Reuniclus|spa|1
|-boost|p1a: Reuniclus|spd|1
|
|upkeep
|turn|22
|
|t:|1743909135
|move|p2a: Landorus|U-turn|p1a: Reuniclus
|-supereffective|p1a: Reuniclus
|-damage|p1a: Reuniclus|13/100
|
|t:|1743909137
|switch|p2a: Dragapult|Dragapult, F|100/100|[from] U-turn
|move|p1a: Reuniclus|Recover|p1a: Reuniclus
|-heal|p1a: Reuniclus|63/100
|
|upkeep
|turn|23
|
|t:|1743909143
|move|p2a: Dragapult|Dragon Darts|p1a: Reuniclus
|-damage|p1a: Reuniclus|46/100
|-anim|p2a: Dragapult|Dragon Darts|p1a: Reuniclus
|-damage|p1a: Reuniclus|29/100
|move|p1a: Reuniclus|Stored Power|p2a: Dragapult
|-damage|p2a: Dragapult|0 fnt
|faint|p2a: Dragapult
|
|upkeep
|
|t:|1743909149
|switch|p2a: Landorus|Landorus-Therian, M, tera:Water|90/100
|-ability|p2a: Landorus|Intimidate|boost
|-unboost|p1a: Reuniclus|atk|1
|turn|24
|
|t:|1743909152
|move|p2a: Landorus|U-turn|p1a: Reuniclus
|-supereffective|p1a: Reuniclus
|-damage|p1a: Reuniclus|0 fnt
|faint|p1a: Reuniclus
|
|t:|1743909154
|switch|p2a: Kyurem|Kyurem|100/100|[from] U-turn
|-ability|p2a: Kyurem|Pressure
|
|upkeep
|
|t:|1743909156
|switch|p1a: Indeedee|Indeedee, M|100/100
|-fieldstart|move: Psychic Terrain|[from] ability: Psychic Surge|[of] p1a: Indeedee
|turn|25
|
|t:|1743909162
|move|p2a: Kyurem|Ice Beam|p1a: Indeedee
|-damage|p1a: Indeedee|36/100
|move|p1a: Indeedee|Expanding Force|p2a: Kyurem
|-damage|p2a: Kyurem|35/100
|
|upkeep
|turn|26
|
|t:|1743909165
|move|p2a: Kyurem|Ice Beam|p1a: Indeedee
|-damage|p1a: Indeedee|0 fnt
|faint|p1a: Indeedee
|
|upkeep
|
|t:|1743909169
|switch|p1a: Hawlucha|Hawlucha, F|100/100
|-enditem|p1a: Hawlucha|Psychic Seed
|-boost|p1a: Hawlucha|spd|1|[from] item: Psychic Seed
|turn|27
|
|t:|1743909179
|-terastallize|p1a: Hawlucha|Fire
|move|p1a: Hawlucha|Swords Dance|p1a: Hawlucha
|-boost|p1a: Hawlucha|atk|2
|move|p2a: Kyurem|Ice Beam|p1a: Hawlucha
|-resisted|p1a: Hawlucha
|-damage|p1a: Hawlucha|80/100
|
|upkeep
|turn|28
|
|t:|1743909183
|switch|p2a: Landorus|Landorus-Therian, M, tera:Water|90/100
|-ability|p2a: Landorus|Intimidate|boost
|-unboost|p1a: Hawlucha|atk|1
|move|p1a: Hawlucha|Swords Dance|p1a: Hawlucha
|-boost|p1a: Hawlucha|atk|2
|
|upkeep
|turn|29
|
|t:|1743909188
|switch|p2a: Kyurem|Kyurem|35/100
|-ability|p2a: Kyurem|Pressure
|move|p1a: Hawlucha|Close Combat|p2a: Kyurem
|-supereffective|p2a: Kyurem
|-damage|p2a: Kyurem|0 fnt
|-unboost|p1a: Hawlucha|def|1
|-unboost|p1a: Hawlucha|spd|1
|faint|p2a: Kyurem
|
|upkeep
|
|t:|1743909190
|switch|p2a: Landorus|Landorus-Therian, M, tera:Water|90/100
|-ability|p2a: Landorus|Intimidate|boost
|-unboost|p1a: Hawlucha|atk|1
|turn|30
|
|t:|1743909193
|move|p1a: Hawlucha|Close Combat|p2a: Landorus
|-damage|p2a: Landorus|0 fnt
|-unboost|p1a: Hawlucha|def|1
|-unboost|p1a: Hawlucha|spd|1
|-damage|p1a: Hawlucha|63/100|[from] item: Rocky Helmet|[of] p2a: Landorus
|faint|p2a: Landorus
|
|win|EpicUmbreon29
|raw|EpicUmbreon29's rating: 1629 &rarr; <strong>1650</strong><br />(+21 for winning)
|raw|Talonshadow's rating: 1651 &rarr; <strong>1630</strong><br />(-21 for losing)
|l|☆EpicUmbreon29
|player|p1|
|l|☆Talonshadow
|player|p2|
