|j|☆fadedthanaho5
|j|☆rgnmko
|t:|1743911652
|gametype|singles
|player|p1|fadedthanaho5|2|1417
|player|p2|rgnmko|lass-gen4dp|1422
|teamsize|p1|6
|teamsize|p2|6
|gen|9
|tier|[Gen 9] OU
|rated|
|rule|HP Percentage Mod: HP is shown in percentages
|rule|Endless Battle Clause: Forcing endless battles is banned
|rule|Species Clause: Limit one of each Pokémon
|rule|OHKO Clause: OHKO moves are banned
|rule|Evasion Items Clause: Evasion items are banned
|rule|Evasion Moves Clause: Evasion moves are banned
|rule|Sleep Moves Clause: Sleep-inducing moves are banned
|clearpoke
|poke|p1|Meowscarada, F|
|poke|p1|Gliscor, F|
|poke|p1|Ursaluna, F|
|poke|p1|Skarmory, F|
|poke|p1|Dragapult, F|
|poke|p1|Slowking-Galar, F|
|poke|p2|Clefable, F|
|poke|p2|Great Tusk|
|poke|p2|Gliscor, F|
|poke|p2|Ogerpon-Wellspring, F|
|poke|p2|Kingambit, M|
|poke|p2|Dragapult, F|
|teampreview
|l|☆rgnmko
|player|p2|
|
|t:|1743911671
|start
|switch|p1a: Meowscarada|Meowscarada, F|100/100
|switch|p2a: Clefable|Clefable, F|100/100
|turn|1
|j|☆rgnmko
|player|p2|rgnmko|lass-gen4dp|
|
|t:|1743911688
|move|p1a: Meowscarada|U-turn|p2a: Clefable
|-start|p1a: Meowscarada|typechange|Bug|[from] ability: Protean
|-resisted|p2a: Clefable
|-crit|p2a: Clefable
|-damage|p2a: Clefable|83/100
|
|t:|1743911693
|switch|p1a: Slowking|Slowking-Galar, F|100/100|[from] U-turn
|move|p2a: Clefable|Stealth Rock|p1a: Slowking
|-sidestart|p1: fadedthanaho5|move: Stealth Rock
|
|-heal|p2a: Clefable|89/100|[from] item: Leftovers
|upkeep
|turn|2
|
|t:|1743911707
|switch|p2a: Gliscor|Gliscor, F|100/100
|move|p1a: Slowking|Sludge Bomb|p2a: Gliscor
|-resisted|p2a: Gliscor
|-damage|p2a: Gliscor|85/100
|-status|p2a: Gliscor|psn
|
|-heal|p2a: Gliscor|98/100 psn|[from] ability: Poison Heal
|upkeep
|turn|3
|
|t:|1743911732
|switch|p1a: Ursaluna|Ursaluna, F|100/100
|move|p2a: Gliscor|Spikes|p1a: Ursaluna
|-sidestart|p1: fadedthanaho5|Spikes
|
|-heal|p2a: Gliscor|100/100 psn|[from] ability: Poison Heal
|upkeep
|turn|4
|
|t:|1743911744
|move|p2a: Gliscor|Knock Off|p1a: Ursaluna
|-damage|p1a: Ursaluna|85/100
|-enditem|p1a: Ursaluna|Heavy-Duty Boots|[from] move: Knock Off|[of] p2a: Gliscor
|move|p1a: Ursaluna|Ice Punch|p2a: Gliscor
|-supereffective|p2a: Gliscor
|-crit|p2a: Gliscor
|-damage|p2a: Gliscor|0 fnt
|faint|p2a: Gliscor
|
|upkeep
|
|t:|1743911752
|switch|p2a: Dragapult|Dragapult, F|100/100
|turn|5
|
|t:|1743911767
|move|p2a: Dragapult|Draco Meteor|p1a: Ursaluna
|-damage|p1a: Ursaluna|19/100
|-unboost|p2a: Dragapult|spa|2
|move|p1a: Ursaluna|Ice Punch|p2a: Dragapult
|-supereffective|p2a: Dragapult
|-damage|p2a: Dragapult|22/100
|
|upkeep
|turn|6
|
|t:|1743911776
|move|p2a: Dragapult|Draco Meteor|p1a: Ursaluna
|-damage|p1a: Ursaluna|0 fnt
|-unboost|p2a: Dragapult|spa|2
|faint|p1a: Ursaluna
|
|upkeep
|
|t:|1743911785
|switch|p1a: Gliscor|Gliscor, F|100/100
|-damage|p1a: Gliscor|88/100|[from] Stealth Rock
|turn|7
|
|t:|1743911791
|switch|p2a: Ogerpon|Ogerpon-Wellspring, F|100/100
|move|p1a: Gliscor|Swords Dance|p1a: Gliscor
|-boost|p1a: Gliscor|atk|2
|
|-status|p1a: Gliscor|tox|[from] item: Toxic Orb
|upkeep
|turn|8
|
|t:|1743911809
|move|p1a: Gliscor|Protect|p1a: Gliscor
|-singleturn|p1a: Gliscor|Protect
|move|p2a: Ogerpon|Ivy Cudgel|p1a: Gliscor|[anim] Ivy Cudgel Water
|-activate|p1a: Gliscor|move: Protect
|
|-heal|p1a: Gliscor|100/100 tox|[from] ability: Poison Heal
|upkeep
|turn|9
|
|t:|1743911816
|-terastallize|p1a: Gliscor|Normal
|move|p2a: Ogerpon|Ivy Cudgel|p1a: Gliscor|[anim] Ivy Cudgel Water
|-damage|p1a: Gliscor|59/100 tox
|move|p1a: Gliscor|Facade|p2a: Ogerpon
|-damage|p2a: Ogerpon|0 fnt
|faint|p2a: Ogerpon
|
|-heal|p1a: Gliscor|71/100 tox|[from] ability: Poison Heal
|upkeep
|
|t:|1743911823
|switch|p2a: Dragapult|Dragapult, F|22/100
|turn|10
|
|t:|1743911829
|move|p1a: Gliscor|Protect|p1a: Gliscor
|-singleturn|p1a: Gliscor|Protect
|move|p2a: Dragapult|Draco Meteor|p1a: Gliscor
|-activate|p1a: Gliscor|move: Protect
|
|-heal|p1a: Gliscor|84/100 tox|[from] ability: Poison Heal
|upkeep
|turn|11
|
|t:|1743911836
|move|p2a: Dragapult|Draco Meteor|p1a: Gliscor
|-damage|p1a: Gliscor|0 fnt
|-unboost|p2a: Dragapult|spa|2
|faint|p1a: Gliscor
|
|upkeep
|
|t:|1743911849
|switch|p1a: Meowscarada|Meowscarada, F|100/100
|turn|12
|
|t:|1743911859
|switch|p2a: Clefable|Clefable, F|89/100
|move|p1a: Meowscarada|Knock Off|p2a: Clefable
|-start|p1a: Meowscarada|typechange|Dark|[from] ability: Protean
|-resisted|p2a: Clefable
|-damage|p2a: Clefable|73/100
|-enditem|p2a: Clefable|Leftovers|[from] move: Knock Off|[of] p1a: Meowscarada
|
|upkeep
|turn|13
|
|t:|1743911871
|move|p1a: Meowscarada|U-turn|p2a: Clefable
|-resisted|p2a: Clefable
|-damage|p2a: Clefable|64/100
|
|t:|1743911874
|switch|p1a: Slowking|Slowking-Galar, F|100/100|[from] U-turn
|move|p2a: Clefable|Thunder Wave|p1a: Slowking
|-status|p1a: Slowking|par
|
|upkeep
|turn|14
|
|t:|1743911879
|switch|p2a: Kingambit|Kingambit, M|100/100
|-activate|p2a: Kingambit|ability: Supreme Overlord
|-start|p2a: Kingambit|fallen2|[silent]
|-prepare|p1a: Slowking|Chilly Reception|[premajor]
|move|p1a: Slowking|Chilly Reception|p1a: Slowking
|-weather|Snowscape
|
|t:|1743911891
|switch|p1a: Skarmory|Skarmory, F|100/100|[from] Chilly Reception
|-damage|p1a: Skarmory|88/100|[from] Stealth Rock
|
|-weather|Snowscape|[upkeep]
|upkeep
|turn|15
|
|t:|1743911898
|-end|p2a: Kingambit|fallen2|[silent]
|switch|p2a: Dragapult|Dragapult, F|22/100
|move|p1a: Skarmory|Stealth Rock|p2a: Dragapult
|-sidestart|p2: rgnmko|move: Stealth Rock
|
|-weather|Snowscape|[upkeep]
|upkeep
|turn|16
|
|t:|1743911911
|switch|p1a: Slowking|Slowking-Galar, F|100/100 par
|move|p2a: Dragapult|Flamethrower|p1a: Slowking
|-damage|p1a: Slowking|76/100 par
|
|-weather|Snowscape|[upkeep]
|upkeep
|turn|17
|
|t:|1743911920
|switch|p2a: Great Tusk|Great Tusk|100/100
|-damage|p2a: Great Tusk|98/100|[from] Stealth Rock
|-prepare|p1a: Slowking|Chilly Reception|[premajor]
|cant|p1a: Slowking|par
|
|-weather|Snowscape|[upkeep]
|-heal|p2a: Great Tusk|100/100|[from] item: Leftovers
|upkeep
|turn|18
|
|t:|1743911930
|switch|p1a: Skarmory|Skarmory, F|88/100
|-damage|p1a: Skarmory|76/100|[from] Stealth Rock
|move|p2a: Great Tusk|Knock Off|p1a: Skarmory
|-damage|p1a: Skarmory|56/100
|-damage|p2a: Great Tusk|84/100|[from] item: Rocky Helmet|[of] p1a: Skarmory
|-enditem|p1a: Skarmory|Rocky Helmet|[from] move: Knock Off|[of] p2a: Great Tusk
|
|-weather|none
|-heal|p2a: Great Tusk|90/100|[from] item: Leftovers
|upkeep
|turn|19
|
|t:|1743911936
|move|p2a: Great Tusk|Rapid Spin|p1a: Skarmory
|-resisted|p1a: Skarmory
|-damage|p1a: Skarmory|51/100
|-boost|p2a: Great Tusk|spe|1
|-sideend|p2: rgnmko|Stealth Rock|[from] move: Rapid Spin|[of] p2a: Great Tusk
|move|p1a: Skarmory|Roost|p1a: Skarmory
|-heal|p1a: Skarmory|100/100
|-singleturn|p1a: Skarmory|move: Roost
|
|-heal|p2a: Great Tusk|96/100|[from] item: Leftovers
|upkeep
|turn|20
|
|t:|1743911948
|-end|p2a: Great Tusk|Protosynthesis|[silent]
|switch|p2a: Dragapult|Dragapult, F|22/100
|move|p1a: Skarmory|Stealth Rock|p2a: Dragapult
|-sidestart|p2: rgnmko|move: Stealth Rock
|
|upkeep
|turn|21
|
|t:|1743911957
|switch|p1a: Slowking|Slowking-Galar, F|100/100 par
|move|p2a: Dragapult|Shadow Ball|p1a: Slowking
|-supereffective|p1a: Slowking
|-damage|p1a: Slowking|38/100 par
|
|upkeep
|turn|22
|
|t:|1743911968
|switch|p1a: Meowscarada|Meowscarada, F|100/100
|move|p2a: Dragapult|Shadow Ball|p1a: Meowscarada
|-resisted|p1a: Meowscarada
|-damage|p1a: Meowscarada|57/100
|-unboost|p1a: Meowscarada|spd|1
|
|upkeep
|turn|23
|
|t:|1743911978
|switch|p2a: Clefable|Clefable, F|64/100
|move|p1a: Meowscarada|Knock Off|p2a: Clefable
|-start|p1a: Meowscarada|typechange|Dark|[from] ability: Protean
|-resisted|p2a: Clefable
|-damage|p2a: Clefable|53/100
|
|upkeep
|turn|24
|
|t:|1743911991
|move|p1a: Meowscarada|U-turn|p2a: Clefable
|-resisted|p2a: Clefable
|-damage|p2a: Clefable|45/100
|
|t:|1743911994
|switch|p1a: Slowking|Slowking-Galar, F|71/100 par|[from] U-turn
|move|p2a: Clefable|Moonblast|p1a: Slowking
|-resisted|p1a: Slowking
|-damage|p1a: Slowking|63/100 par
|
|upkeep
|turn|25
|
|t:|1743912003
|move|p2a: Clefable|Moonlight|p2a: Clefable
|-heal|p2a: Clefable|95/100
|-prepare|p1a: Slowking|Chilly Reception|[premajor]
|cant|p1a: Slowking|par
|
|upkeep
|turn|26
|
|t:|1743912009
|switch|p2a: Kingambit|Kingambit, M|100/100
|-damage|p2a: Kingambit|94/100|[from] Stealth Rock
|-activate|p2a: Kingambit|ability: Supreme Overlord
|-start|p2a: Kingambit|fallen2|[silent]
|move|p1a: Slowking|Sludge Bomb|p2a: Kingambit
|-immune|p2a: Kingambit
|
|-heal|p2a: Kingambit|100/100|[from] item: Leftovers
|upkeep
|turn|27
|
|t:|1743912020
|-end|p2a: Kingambit|fallen2|[silent]
|switch|p2a: Great Tusk|Great Tusk|96/100
|-damage|p2a: Great Tusk|93/100|[from] Stealth Rock
|switch|p1a: Skarmory|Skarmory, F|100/100
|-damage|p1a: Skarmory|88/100|[from] Stealth Rock
|
|-heal|p2a: Great Tusk|99/100|[from] item: Leftovers
|upkeep
|turn|28
|
|t:|1743912024
|move|p2a: Great Tusk|Rapid Spin|p1a: Skarmory
|-resisted|p1a: Skarmory
|-damage|p1a: Skarmory|83/100
|-boost|p2a: Great Tusk|spe|1
|-sideend|p2: rgnmko|Stealth Rock|[from] move: Rapid Spin|[of] p2a: Great Tusk
|move|p1a: Skarmory|Stealth Rock|p2a: Great Tusk
|-sidestart|p2: rgnmko|move: Stealth Rock
|
|-heal|p2a: Great Tusk|100/100|[from] item: Leftovers
|upkeep
|turn|29
|
|t:|1743912034
|move|p2a: Great Tusk|Ice Spinner|p1a: Skarmory
|-damage|p1a: Skarmory|64/100
|move|p1a: Skarmory|Brave Bird|p2a: Great Tusk
|-supereffective|p2a: Great Tusk
|-damage|p2a: Great Tusk|50/100
|-damage|p1a: Skarmory|46/100|[from] Recoil
|
|-heal|p2a: Great Tusk|57/100|[from] item: Leftovers
|upkeep
|turn|30
|
|t:|1743912040
|move|p2a: Great Tusk|Rapid Spin|p1a: Skarmory
|-resisted|p1a: Skarmory
|-damage|p1a: Skarmory|41/100
|-boost|p2a: Great Tusk|spe|1
|-sideend|p2: rgnmko|Stealth Rock|[from] move: Rapid Spin|[of] p2a: Great Tusk
|move|p1a: Skarmory|Roost|p1a: Skarmory
|-heal|p1a: Skarmory|91/100
|-singleturn|p1a: Skarmory|move: Roost
|
|-heal|p2a: Great Tusk|63/100|[from] item: Leftovers
|upkeep
|turn|31
|
|t:|1743912048
|-end|p2a: Great Tusk|Protosynthesis|[silent]
|switch|p2a: Clefable|Clefable, F|95/100
|move|p1a: Skarmory|Stealth Rock|p2a: Clefable
|-sidestart|p2: rgnmko|move: Stealth Rock
|
|upkeep
|turn|32
|
|t:|1743912052
|switch|p1a: Slowking|Slowking-Galar, F|96/100 par
|move|p2a: Clefable|Thunder Wave|p1a: Slowking
|-fail|p1a: Slowking|par
|
|upkeep
|turn|33
|
|t:|1743912070
|switch|p2a: Kingambit|Kingambit, M|100/100
|-damage|p2a: Kingambit|94/100|[from] Stealth Rock
|-activate|p2a: Kingambit|ability: Supreme Overlord
|-start|p2a: Kingambit|fallen2|[silent]
|move|p1a: Slowking|Sludge Bomb|p2a: Kingambit
|-immune|p2a: Kingambit
|
|-heal|p2a: Kingambit|100/100|[from] item: Leftovers
|upkeep
|turn|34
|
|t:|1743912079
|switch|p1a: Skarmory|Skarmory, F|91/100
|-damage|p1a: Skarmory|79/100|[from] Stealth Rock
|move|p2a: Kingambit|Kowtow Cleave|p1a: Skarmory
|-damage|p1a: Skarmory|43/100
|
|upkeep
|turn|35
|
|t:|1743912086
|-end|p2a: Kingambit|fallen2|[silent]
|switch|p2a: Great Tusk|Great Tusk|63/100
|-damage|p2a: Great Tusk|60/100|[from] Stealth Rock
|move|p1a: Skarmory|Roost|p1a: Skarmory
|-heal|p1a: Skarmory|93/100
|-singleturn|p1a: Skarmory|move: Roost
|
|-heal|p2a: Great Tusk|66/100|[from] item: Leftovers
|upkeep
|turn|36
|
|t:|1743912093
|move|p2a: Great Tusk|Rapid Spin|p1a: Skarmory
|-resisted|p1a: Skarmory
|-damage|p1a: Skarmory|88/100
|-boost|p2a: Great Tusk|spe|1
|-sideend|p2: rgnmko|Stealth Rock|[from] move: Rapid Spin|[of] p2a: Great Tusk
|move|p1a: Skarmory|Brave Bird|p2a: Great Tusk
|-supereffective|p2a: Great Tusk
|-damage|p2a: Great Tusk|9/100
|-damage|p1a: Skarmory|67/100|[from] Recoil
|
|-heal|p2a: Great Tusk|15/100|[from] item: Leftovers
|upkeep
|turn|37
|
|t:|1743912107
|move|p2a: Great Tusk|Ice Spinner|p1a: Skarmory
|-damage|p1a: Skarmory|51/100
|move|p1a: Skarmory|Whirlwind|p2a: Great Tusk
|-end|p2a: Great Tusk|Protosynthesis|[silent]
|drag|p2a: Dragapult|Dragapult, F|22/100
|
|upkeep
|turn|38
|
|t:|1743912126
|switch|p1a: Slowking|Slowking-Galar, F|100/100 par
|move|p2a: Dragapult|Shadow Ball|p1a: Slowking
|-supereffective|p1a: Slowking
|-damage|p1a: Slowking|35/100 par
|
|upkeep
|turn|39
|
|t:|1743912140
|switch|p2a: Kingambit|Kingambit, M|100/100
|-activate|p2a: Kingambit|ability: Supreme Overlord
|-start|p2a: Kingambit|fallen2|[silent]
|-prepare|p1a: Slowking|Chilly Reception|[premajor]
|move|p1a: Slowking|Chilly Reception|p1a: Slowking
|-weather|Snowscape
|
|t:|1743912150
|switch|p1a: Skarmory|Skarmory, F|51/100|[from] Chilly Reception
|-damage|p1a: Skarmory|39/100|[from] Stealth Rock
|
|-weather|Snowscape|[upkeep]
|upkeep
|turn|40
|
|t:|1743912157
|move|p1a: Skarmory|Roost|p1a: Skarmory
|-heal|p1a: Skarmory|89/100
|-singleturn|p1a: Skarmory|move: Roost
|move|p2a: Kingambit|Kowtow Cleave|p1a: Skarmory
|-damage|p1a: Skarmory|54/100
|
|-weather|Snowscape|[upkeep]
|upkeep
|turn|41
|
|t:|1743912165
|-end|p2a: Kingambit|fallen2|[silent]
|switch|p2a: Dragapult|Dragapult, F|22/100
|move|p1a: Skarmory|Stealth Rock|p2a: Dragapult
|-sidestart|p2: rgnmko|move: Stealth Rock
|
|-weather|Snowscape|[upkeep]
|upkeep
|turn|42
|
|t:|1743912174
|switch|p1a: Slowking|Slowking-Galar, F|68/100 par
|move|p2a: Dragapult|Shadow Ball|p1a: Slowking
|-supereffective|p1a: Slowking
|-crit|p1a: Slowking
|-damage|p1a: Slowking|0 fnt
|faint|p1a: Slowking
|
|-weather|Snowscape|[upkeep]
|upkeep
|
|t:|1743912177
|switch|p1a: Meowscarada|Meowscarada, F|57/100
|turn|43
|
|t:|1743912189
|switch|p2a: Clefable|Clefable, F|95/100
|move|p1a: Meowscarada|Triple Axel|p2a: Clefable
|-start|p1a: Meowscarada|typechange|Ice|[from] ability: Protean
|-damage|p2a: Clefable|88/100
|-damage|p2a: Clefable|74/100
|-damage|p2a: Clefable|53/100
|-hitcount|p2a: Clefable|3
|
|-weather|none
|upkeep
|turn|44
|
|t:|1743912217
|move|p1a: Meowscarada|Triple Axel|p2a: Clefable|[miss]
|-miss|p1a: Meowscarada|p2a: Clefable
|move|p2a: Clefable|Moonlight|p2a: Clefable
|-heal|p2a: Clefable|100/100
|
|upkeep
|turn|45
|l|☆rgnmko
|player|p2|
|
|t:|1743912224
|move|p1a: Meowscarada|Triple Axel|p2a: Clefable|[miss]
|-miss|p1a: Meowscarada|p2a: Clefable
|move|p2a: Clefable|Thunder Wave|p1a: Meowscarada
|-status|p1a: Meowscarada|par
|
|upkeep
|turn|46
|-message|fadedthanaho5 forfeited.
|
|win|rgnmko
|raw|fadedthanaho5's rating: 1417 &rarr; <strong>1397</strong><br />(-20 for losing)
|raw|rgnmko's rating: 1422 &rarr; <strong>1442</strong><br />(+20 for winning)
|l|☆fadedthanaho5
|player|p1|
|j|☆rgnmko
|player|p2|rgnmko|lass-gen4dp|
|l|☆rgnmko
|player|p2|
