|j|☆BEZG
|j|☆Nagi
|t:|1743861119
|gametype|singles
|player|p1|BEZG|hoopster|1193
|player|p2|Nagi|camper|1162
|teamsize|p1|6
|teamsize|p2|6
|gen|9
|tier|[Gen 9] OU
|rated|
|rule|HP Percentage Mod: HP is shown in percentages
|rule|Endless Battle Clause: Forcing endless battles is banned
|rule|Species Clause: Limit one of each Pokémon
|rule|OHKO Clause: OHKO moves are banned
|rule|Evasion Items Clause: Evasion items are banned
|rule|Evasion Moves Clause: Evasion moves are banned
|rule|Sleep Moves Clause: Sleep-inducing moves are banned
|clearpoke
|poke|p1|Conkeldurr, M|
|poke|p1|Iron Valiant|
|poke|p1|Samurott-Hisui, M|
|poke|p1|Weezing-Galar, M|
|poke|p1|Mamoswine, M|
|poke|p1|Gholdengo|
|poke|p2|Frosmoth, F|
|poke|p2|Ceruledge, F|
|poke|p2|Orthworm, M|
|poke|p2|Tatsugiri, F|
|poke|p2|Gliscor, M|
|poke|p2|Indeedee, M|
|teampreview
|
|t:|1743861153
|start
|switch|p1a: Samurott|Samurott-Hisui, M|100/100
|switch|p2a: Frosmoth|Frosmoth, F|100/100
|turn|1
|
|t:|1743861167
|switch|p1a: Conkeldurr|Conkeldurr, M|100/100
|move|p2a: Frosmoth|Bug Buzz|p1a: Conkeldurr
|-resisted|p1a: Conkeldurr
|-damage|p1a: Conkeldurr|70/100
|
|upkeep
|turn|2
|
|t:|1743861178
|-terastallize|p2a: Frosmoth|Fairy
|move|p2a: Frosmoth|Dazzling Gleam|p1a: Conkeldurr
|-supereffective|p1a: Conkeldurr
|-damage|p1a: Conkeldurr|0 fnt
|faint|p1a: Conkeldurr
|
|upkeep
|
|t:|1743861184
|switch|p1a: Gholdengo|Gholdengo|100/100
|turn|3
|
|t:|1743861195
|switch|p2a: Tatsugiri|Tatsugiri, F|100/100
|move|p1a: Gholdengo|Flash Cannon|p2a: Tatsugiri
|-resisted|p2a: Tatsugiri
|-damage|p2a: Tatsugiri|81/100
|
|upkeep
|turn|4
|
|t:|1743861204
|switch|p1a: Weezing|Weezing-Galar, M|100/100
|-ability|p1a: Weezing|Neutralizing Gas
|move|p2a: Tatsugiri|Surf|p1a: Weezing
|-damage|p1a: Weezing|38/100
|
|-heal|p1a: Weezing|44/100|[from] item: Leftovers
|upkeep
|turn|5
|
|t:|1743861213
|move|p2a: Tatsugiri|Surf|p1a: Weezing
|-damage|p1a: Weezing|0 fnt
|faint|p1a: Weezing
|-end|p1a: Weezing|ability: Neutralizing Gas
|
|upkeep
|
|t:|1743861224
|switch|p1a: Gholdengo|Gholdengo|100/100
|turn|6
|
|t:|1743861228
|move|p1a: Gholdengo|Thunderbolt|p2a: Tatsugiri
|-damage|p2a: Tatsugiri|50/100
|move|p2a: Tatsugiri|Mirror Coat|p1a: Gholdengo
|-damage|p1a: Gholdengo|46/100
|
|upkeep
|turn|7
|
|t:|1743861241
|switch|p1a: Samurott|Samurott-Hisui, M|100/100
|switch|p2a: Gliscor|Gliscor, M|100/100
|
|-status|p2a: Gliscor|tox|[from] item: Toxic Orb
|upkeep
|turn|8
|
|t:|1743861249
|switch|p2a: Tatsugiri|Tatsugiri, F|50/100
|move|p1a: Samurott|Ceaseless Edge|p2a: Tatsugiri
|-damage|p2a: Tatsugiri|0 fnt
|-sidestart|p2: Nagi|Spikes
|faint|p2a: Tatsugiri
|
|upkeep
|
|t:|1743861259
|switch|p2a: gummy|Orthworm, M|100/100
|-damage|p2a: gummy|88/100|[from] Spikes
|turn|9
|
|t:|1743861273
|move|p1a: Samurott|Ceaseless Edge|p2a: gummy
|-damage|p2a: gummy|47/100
|-sidestart|p2: Nagi|Spikes
|move|p2a: gummy|Stealth Rock|p1a: Samurott
|-sidestart|p1: BEZG|move: Stealth Rock
|
|-heal|p2a: gummy|53/100|[from] item: Leftovers
|upkeep
|turn|10
|
|t:|1743861281
|move|p1a: Samurott|Ceaseless Edge|p2a: gummy
|-damage|p2a: gummy|14/100
|-sidestart|p2: Nagi|Spikes
|move|p2a: gummy|Iron Defense|p2a: gummy
|-boost|p2a: gummy|def|2
|
|-heal|p2a: gummy|20/100|[from] item: Leftovers
|upkeep
|turn|11
|
|t:|1743861291
|move|p1a: Samurott|Ceaseless Edge|p2a: gummy
|-damage|p2a: gummy|0 fnt
|faint|p2a: gummy
|
|upkeep
|
|t:|1743861298
|switch|p2a: Gliscor|Gliscor, M|100/100 tox
|turn|12
|
|t:|1743861303
|move|p1a: Samurott|Ceaseless Edge|p2a: Gliscor
|-damage|p2a: Gliscor|38/100 tox
|move|p2a: Gliscor|Tailwind|p2a: Gliscor
|-sidestart|p2: Nagi|move: Tailwind
|
|-heal|p2a: Gliscor|50/100 tox|[from] ability: Poison Heal
|upkeep
|turn|13
|
|t:|1743861317
|switch|p1a: Mamoswine|Mamoswine, M|100/100
|-damage|p1a: Mamoswine|88/100|[from] Stealth Rock
|move|p2a: Gliscor|Earthquake|p1a: Mamoswine
|-damage|p1a: Mamoswine|34/100
|
|-heal|p2a: Gliscor|62/100 tox|[from] ability: Poison Heal
|upkeep
|turn|14
|
|t:|1743861326
|move|p1a: Mamoswine|Ice Shard|p2a: Gliscor
|-supereffective|p2a: Gliscor
|-damage|p2a: Gliscor|0 fnt
|faint|p2a: Gliscor
|
|upkeep
|
|t:|1743861346
|switch|p2a: Indeedee|Indeedee, M|100/100
|-damage|p2a: Indeedee|76/100|[from] Spikes
|-fieldstart|move: Psychic Terrain|[from] ability: Psychic Surge|[of] p2a: Indeedee
|turn|15
|
|t:|1743861370
|switch|p1a: Iron Valiant|Iron Valiant, shiny|100/100
|-damage|p1a: Iron Valiant|94/100|[from] Stealth Rock
|-enditem|p1a: Iron Valiant|Booster Energy
|-activate|p1a: Iron Valiant|ability: Quark Drive|[fromitem]
|-start|p1a: Iron Valiant|quarkdrivespe
|move|p2a: Indeedee|Trick Room|p2a: Indeedee
|-fieldstart|move: Trick Room|[of] p2a: Indeedee
|
|-sideend|p2: Nagi|move: Tailwind
|upkeep
|turn|16
|
|t:|1743861392
|switch|p2a: Ceruledge|Ceruledge, F|100/100
|-damage|p2a: Ceruledge|76/100|[from] Spikes
|-terastallize|p1a: Iron Valiant|Water
|move|p1a: Iron Valiant|Shadow Sneak|p2a: Ceruledge
|-activate|p2a: Ceruledge|move: Psychic Terrain
|
|upkeep
|turn|17
|
|t:|1743861406
|move|p2a: Ceruledge|Bulk Up|p2a: Ceruledge
|-boost|p2a: Ceruledge|atk|1
|-boost|p2a: Ceruledge|def|1
|move|p1a: Iron Valiant|Spirit Break|p2a: Ceruledge
|-resisted|p2a: Ceruledge
|-damage|p2a: Ceruledge|58/100
|-unboost|p2a: Ceruledge|spa|1
|
|upkeep
|turn|18
|
|t:|1743861424
|move|p2a: Ceruledge|Bulk Up|p2a: Ceruledge
|-boost|p2a: Ceruledge|atk|1
|-boost|p2a: Ceruledge|def|1
|move|p1a: Iron Valiant|Swords Dance|p1a: Iron Valiant
|-boost|p1a: Iron Valiant|atk|2
|
|upkeep
|turn|19
|
|t:|1743861434
|move|p2a: Ceruledge|Close Combat|p1a: Iron Valiant
|-damage|p1a: Iron Valiant|0 fnt
|-unboost|p2a: Ceruledge|def|1
|-unboost|p2a: Ceruledge|spd|1
|faint|p1a: Iron Valiant
|-end|p1a: Iron Valiant|Quark Drive|[silent]
|-damage|p2a: Ceruledge|48/100|[from] item: Life Orb
|
|-fieldend|move: Trick Room
|-fieldend|move: Psychic Terrain
|upkeep
|
|t:|1743861456
|switch|p1a: Samurott|Samurott-Hisui, M|100/100
|-damage|p1a: Samurott|88/100|[from] Stealth Rock
|turn|20
|
|t:|1743861474
|switch|p2a: Indeedee|Indeedee, M|76/100
|-damage|p2a: Indeedee|51/100|[from] Spikes
|-fieldstart|move: Psychic Terrain|[from] ability: Psychic Surge|[of] p2a: Indeedee
|move|p1a: Samurott|Aqua Jet|p2a: Indeedee
|-activate|p2a: Indeedee|move: Psychic Terrain
|
|upkeep
|turn|21
|
|t:|1743861492
|switch|p1a: Mamoswine|Mamoswine, M|34/100
|-damage|p1a: Mamoswine|21/100|[from] Stealth Rock
|move|p2a: Indeedee|Healing Wish|p2a: Indeedee
|faint|p2a: Indeedee
|
|upkeep
|
|t:|1743861498
|switch|p2a: Ceruledge|Ceruledge, F|48/100
|-heal|p2a: Ceruledge|100/100|[from] move: Healing Wish
|-damage|p2a: Ceruledge|76/100|[from] Spikes
|turn|22
|
|t:|1743861504
|move|p2a: Ceruledge|Bitter Blade|p1a: Mamoswine
|-supereffective|p1a: Mamoswine
|-damage|p1a: Mamoswine|0 fnt
|-heal|p2a: Ceruledge|89/100|[from] drain|[of] p1a: Mamoswine
|faint|p1a: Mamoswine
|-damage|p2a: Ceruledge|79/100|[from] item: Life Orb
|
|upkeep
|
|t:|1743861516
|switch|p1a: Samurott|Samurott-Hisui, M|88/100
|-damage|p1a: Samurott|76/100|[from] Stealth Rock
|turn|23
|
|t:|1743861525
|move|p1a: Samurott|Ceaseless Edge|p2a: Ceruledge
|-supereffective|p2a: Ceruledge
|-damage|p2a: Ceruledge|0 fnt
|faint|p2a: Ceruledge
|
|upkeep
|
|t:|1743861530
|switch|p2a: Frosmoth|Frosmoth, F, tera:Fairy|100/100
|turn|24
|
|t:|1743861539
|move|p1a: Samurott|Ceaseless Edge|p2a: Frosmoth
|-resisted|p2a: Frosmoth
|-damage|p2a: Frosmoth|35/100
|move|p2a: Frosmoth|Quiver Dance|p2a: Frosmoth
|-boost|p2a: Frosmoth|spa|1
|-boost|p2a: Frosmoth|spd|1
|-boost|p2a: Frosmoth|spe|1
|
|-fieldend|move: Psychic Terrain
|upkeep
|turn|25
|-message|Nagi forfeited.
|
|win|BEZG
|raw|BEZG's rating: 1193 &rarr; <strong>1216</strong><br />(+23 for winning)
|raw|Nagi's rating: 1162 &rarr; <strong>1139</strong><br />(-23 for losing)
|l|☆Nagi
|player|p2|
|l|☆BEZG
|player|p1|
