|j|‽SkyN64
|j|☆TunaMinh
|t:|1743844550
|gametype|singles
|player|p1|SkyN64|1|1338
|player|p2|TunaMinh|veteran|1302
|teamsize|p1|6
|teamsize|p2|6
|gen|9
|tier|[Gen 9] OU
|rated|
|rule|HP Percentage Mod: HP is shown in percentages
|rule|Endless Battle Clause: Forcing endless battles is banned
|rule|Species Clause: Limit one of each Pokémon
|rule|OHKO Clause: OHKO moves are banned
|rule|Evasion Items Clause: Evasion items are banned
|rule|Evasion Moves Clause: Evasion moves are banned
|rule|Sleep Moves Clause: Sleep-inducing moves are banned
|clearpoke
|poke|p1|Hatterene, F|
|poke|p1|Meowscarada, F|
|poke|p1|Corviknight, M|
|poke|p1|Garchomp, F|
|poke|p1|Quaquaval, F|
|poke|p1|Toxtricity, F|
|poke|p2|Weavile, F|
|poke|p2|Great Tusk|
|poke|p2|Alomomola, M|
|poke|p2|Zapdos|
|poke|p2|Dragapult, M|
|poke|p2|Ditto|
|teampreview
|inactive|Battle timer is ON: inactive players will automatically lose when time's up. (requested by SkyN64)
|
|t:|1743844562
|start
|switch|p1a: Meowscarada|Meowscarada, F|100/100
|switch|p2a: Dragapult|Dragapult, M|100/100
|turn|1
|
|t:|1743844571
|switch|p1a: Hatterene|Hatterene, F|100/100
|move|p2a: Dragapult|U-turn|p1a: Hatterene
|-damage|p1a: Hatterene|86/100
|
|t:|1743844577
|switch|p2a: Alomomola|Alomomola, M|100/100|[from] U-turn
|
|-heal|p1a: Hatterene|92/100|[from] item: Leftovers
|upkeep
|turn|2
|
|t:|1743844587
|move|p2a: Alomomola|Body Slam|p1a: Hatterene
|-damage|p1a: Hatterene|78/100
|move|p1a: Hatterene|Future Sight|p2a: Alomomola
|-start|p1a: Hatterene|move: Future Sight
|
|-heal|p1a: Hatterene|84/100|[from] item: Leftovers
|upkeep
|turn|3
|
|t:|1743844595
|move|p2a: Alomomola|Body Slam|p1a: Hatterene
|-damage|p1a: Hatterene|72/100
|-status|p1a: Hatterene|par
|move|p1a: Hatterene|Calm Mind|p1a: Hatterene
|-boost|p1a: Hatterene|spa|1
|-boost|p1a: Hatterene|spd|1
|
|-heal|p1a: Hatterene|78/100 par|[from] item: Leftovers
|upkeep
|turn|4
|
|t:|1743844605
|move|p2a: Alomomola|Flip Turn|p1a: Hatterene
|-damage|p1a: Hatterene|63/100 par
|
|t:|1743844607
|switch|p2a: Weavile|Weavile, F, shiny|100/100|[from] Flip Turn
|-ability|p2a: Weavile|Pressure
|move|p1a: Hatterene|Nuzzle|p2a: Weavile
|-damage|p2a: Weavile|94/100
|-status|p2a: Weavile|par
|
|-end|p2a: Weavile|move: Future Sight
|-immune|p2a: Weavile
|-heal|p1a: Hatterene|69/100 par|[from] item: Leftovers
|upkeep
|turn|5
|
|t:|1743844622
|cant|p2a: Weavile|par
|move|p1a: Hatterene|Draining Kiss|p2a: Weavile
|-supereffective|p2a: Weavile
|-damage|p2a: Weavile|0 fnt
|-heal|p1a: Hatterene|100/100 par|[from] drain|[of] p2a: Weavile
|faint|p2a: Weavile
|
|upkeep
|
|t:|1743844628
|switch|p2a: Alomomola|Alomomola, M|100/100
|turn|6
|
|t:|1743844634
|move|p2a: Alomomola|Body Slam|p1a: Hatterene
|-damage|p1a: Hatterene|88/100 par
|move|p1a: Hatterene|Nuzzle|p2a: Alomomola
|-supereffective|p2a: Alomomola
|-damage|p2a: Alomomola|95/100
|-status|p2a: Alomomola|par
|
|-heal|p1a: Hatterene|94/100 par|[from] item: Leftovers
|upkeep
|turn|7
|
|t:|1743844644
|move|p2a: Alomomola|Body Slam|p1a: Hatterene
|-damage|p1a: Hatterene|81/100 par
|move|p1a: Hatterene|Future Sight|p2a: Alomomola
|-start|p1a: Hatterene|move: Future Sight
|
|-heal|p1a: Hatterene|87/100 par|[from] item: Leftovers
|upkeep
|turn|8
|
|t:|1743844652
|move|p2a: Alomomola|Body Slam|p1a: Hatterene
|-damage|p1a: Hatterene|74/100 par
|move|p1a: Hatterene|Calm Mind|p1a: Hatterene
|-boost|p1a: Hatterene|spa|1
|-boost|p1a: Hatterene|spd|1
|
|-heal|p1a: Hatterene|80/100 par|[from] item: Leftovers
|upkeep
|turn|9
|
|t:|1743844662
|cant|p2a: Alomomola|par
|move|p1a: Hatterene|Draining Kiss|p2a: Alomomola
|-damage|p2a: Alomomola|74/100 par
|-heal|p1a: Hatterene|100/100 par|[from] drain|[of] p2a: Alomomola
|
|-end|p2a: Alomomola|move: Future Sight
|-damage|p2a: Alomomola|26/100 par
|upkeep
|turn|10
|
|t:|1743844679
|switch|p2a: Ditto|Ditto|100/100
|-transform|p2a: Ditto|p1a: Hatterene|[from] ability: Imposter
|cant|p1a: Hatterene|par
|
|upkeep
|turn|11
|
|t:|1743844699
|move|p2a: Ditto|Future Sight|p1a: Hatterene
|-start|p2a: Ditto|move: Future Sight
|cant|p1a: Hatterene|par
|
|upkeep
|turn|12
|
|t:|1743844713
|switch|p2a: Alomomola|Alomomola, M|59/100 par
|move|p1a: Hatterene|Nuzzle|p2a: Alomomola
|-supereffective|p2a: Alomomola
|-damage|p2a: Alomomola|53/100 par
|
|upkeep
|turn|13
|
|t:|1743844722
|move|p1a: Hatterene|Future Sight|p2a: Alomomola
|-start|p1a: Hatterene|move: Future Sight
|move|p2a: Alomomola|Mirror Coat||[still]
|-fail|p2a: Alomomola
|
|-end|p1a: Hatterene|move: Future Sight
|-resisted|p1a: Hatterene
|-damage|p1a: Hatterene|97/100 par
|-heal|p1a: Hatterene|100/100 par|[from] item: Leftovers
|upkeep
|turn|14
|
|t:|1743844751
|cant|p1a: Hatterene|par
|move|p2a: Alomomola|Mirror Coat||[still]
|-fail|p2a: Alomomola
|
|upkeep
|turn|15
|
|t:|1743844760
|move|p2a: Alomomola|Body Slam|p1a: Hatterene
|-damage|p1a: Hatterene|88/100 par
|move|p1a: Hatterene|Calm Mind|p1a: Hatterene
|-boost|p1a: Hatterene|spa|1
|-boost|p1a: Hatterene|spd|1
|
|-end|p2a: Alomomola|move: Future Sight
|-damage|p2a: Alomomola|0 fnt
|faint|p2a: Alomomola
|-heal|p1a: Hatterene|94/100 par|[from] item: Leftovers
|upkeep
|
|t:|1743844774
|switch|p2a: Ditto|Ditto|100/100
|-transform|p2a: Ditto|p1a: Hatterene|[from] ability: Imposter
|turn|16
|
|t:|1743844785
|move|p2a: Ditto|Draining Kiss|p1a: Hatterene
|-crit|p1a: Hatterene
|-damage|p1a: Hatterene|1/100 par
|move|p1a: Hatterene|Nuzzle|p2a: Ditto
|-damage|p2a: Ditto|97/100
|-status|p2a: Ditto|par
|
|-heal|p1a: Hatterene|7/100 par|[from] item: Leftovers
|upkeep
|turn|17
|
|t:|1743844808
|cant|p2a: Ditto|par
|move|p1a: Hatterene|Future Sight|p2a: Ditto
|-start|p1a: Hatterene|move: Future Sight
|
|-heal|p1a: Hatterene|13/100 par|[from] item: Leftovers
|upkeep
|turn|18
|l|☆TunaMinh
|inactive|TunaMinh disconnected and has a minute to reconnect!
|player|p2|
|inactive|SkyN64 has 120 seconds left.
|j|☆TunaMinh
|inactive|TunaMinh reconnected and has 135 seconds left.
|player|p2|TunaMinh|veteran|
|
|t:|1743844831
|move|p2a: Ditto|Draining Kiss|p1a: Hatterene
|-damage|p1a: Hatterene|0 fnt
|-heal|p2a: Ditto|100/100 par|[from] drain|[of] p1a: Hatterene
|faint|p1a: Hatterene
|
|upkeep
|inactive|SkyN64 has 120 seconds left.
|
|t:|1743844855
|switch|p1a: Toxtricity|Toxtricity, F|100/100
|turn|19
|
|t:|1743844873
|move|p1a: Toxtricity|Sludge Bomb|p2a: Ditto
|-supereffective|p2a: Ditto
|-damage|p2a: Ditto|50/100 par
|-damage|p1a: Toxtricity|91/100|[from] item: Life Orb
|move|p2a: Ditto|Draining Kiss|p1a: Toxtricity
|-resisted|p1a: Toxtricity
|-damage|p1a: Toxtricity|48/100
|-heal|p2a: Ditto|81/100 par|[from] drain|[of] p1a: Toxtricity
|
|-end|p2a: Ditto|move: Future Sight
|-resisted|p2a: Ditto
|-damage|p2a: Ditto|68/100 par
|upkeep
|turn|20
|inactive|SkyN64 has 120 seconds left.
|
|t:|1743844896
|move|p1a: Toxtricity|Sludge Bomb|p2a: Ditto
|-supereffective|p2a: Ditto
|-damage|p2a: Ditto|14/100 par
|-damage|p1a: Toxtricity|38/100|[from] item: Life Orb
|move|p2a: Ditto|Draining Kiss|p1a: Toxtricity
|-resisted|p1a: Toxtricity
|-damage|p1a: Toxtricity|0 fnt
|-heal|p2a: Ditto|41/100 par|[from] drain|[of] p1a: Toxtricity
|faint|p1a: Toxtricity
|
|upkeep
|l|☆TunaMinh
|inactive|TunaMinh disconnected and has a minute to reconnect!
|player|p2|
|
|t:|1743844907
|switch|p1a: Garchomp|Garchomp, F|100/100
|turn|21
|inactive|TunaMinh has 30 seconds to reconnect!
|inactive|TunaMinh has 20 seconds to reconnect!
|inactive|TunaMinh has 15 seconds to reconnect!
|inactive|TunaMinh has 10 seconds to reconnect!
|j|☆TunaMinh
|inactive|TunaMinh reconnected and has 100 seconds left.
|player|p2|TunaMinh|veteran|
|
|t:|1743844963
|move|p1a: Garchomp|Poison Jab|p2a: Ditto
|-supereffective|p2a: Ditto
|-damage|p2a: Ditto|0 fnt
|faint|p2a: Ditto
|
|upkeep
|
|t:|1743844968
|switch|p2a: Dragapult|Dragapult, M|100/100
|turn|22
|
|t:|1743844972
|-terastallize|p1a: Garchomp|Steel
|move|p2a: Dragapult|Flamethrower|p1a: Garchomp
|-supereffective|p1a: Garchomp
|-damage|p1a: Garchomp|14/100
|move|p1a: Garchomp|Scale Shot|p2a: Dragapult
|-supereffective|p2a: Dragapult
|-damage|p2a: Dragapult|66/100
|-supereffective|p2a: Dragapult
|-damage|p2a: Dragapult|27/100
|-supereffective|p2a: Dragapult
|-damage|p2a: Dragapult|0 fnt
|faint|p2a: Dragapult
|-hitcount|p2: Dragapult|3
|-unboost|p1a: Garchomp|def|1
|-boost|p1a: Garchomp|spe|1
|
|upkeep
|
|t:|1743844980
|switch|p2a: Zapdos|Zapdos|100/100
|turn|23
|
|t:|1743844994
|move|p1a: Garchomp|Scale Shot|p2a: Zapdos
|-damage|p2a: Zapdos|91/100
|-damage|p2a: Zapdos|81/100
|-damage|p2a: Zapdos|72/100
|-damage|p2a: Zapdos|62/100
|-damage|p2a: Zapdos|53/100
|-hitcount|p2a: Zapdos|5
|-unboost|p1a: Garchomp|def|1
|-boost|p1a: Garchomp|spe|1
|move|p2a: Zapdos|Volt Switch|p1a: Garchomp
|-crit|p1a: Garchomp
|-damage|p1a: Garchomp|0 fnt
|faint|p1a: Garchomp
|inactive|TunaMinh has 120 seconds left.
|
|t:|1743845004
|switch|p2a: Great Tusk|Great Tusk|100/100|[from] Volt Switch
|
|upkeep
|
|t:|1743845013
|switch|p1a: Quaquaval|Quaquaval, F|100/100
|turn|24
|
|t:|1743845028
|-end|p2a: Great Tusk|Protosynthesis|[silent]
|switch|p2a: Zapdos|Zapdos|53/100
|move|p1a: Quaquaval|Aqua Step|p2a: Zapdos
|-damage|p2a: Zapdos|22/100
|-boost|p1a: Quaquaval|spe|1
|
|upkeep
|turn|25
|
|t:|1743845037
|move|p1a: Quaquaval|Aqua Step|p2a: Zapdos
|-damage|p2a: Zapdos|0 fnt
|-boost|p1a: Quaquaval|spe|1
|-status|p1a: Quaquaval|par|[from] ability: Static|[of] p2a: Zapdos
|faint|p2a: Zapdos
|-ability|p1a: Quaquaval|Moxie|boost
|-boost|p1a: Quaquaval|atk|1
|
|upkeep
|
|t:|1743845040
|switch|p2a: Great Tusk|Great Tusk|100/100
|turn|26
|
|t:|1743845047
|-terastallize|p2a: Great Tusk|Dark
|move|p2a: Great Tusk|Knock Off|p1a: Quaquaval
|-resisted|p1a: Quaquaval
|-damage|p1a: Quaquaval|67/100 par
|-enditem|p1a: Quaquaval|Leftovers|[from] move: Knock Off|[of] p2a: Great Tusk
|cant|p1a: Quaquaval|par
|
|upkeep
|turn|27
|
|t:|1743845056
|move|p2a: Great Tusk|Rapid Spin|p1a: Quaquaval
|-damage|p1a: Quaquaval|46/100 par
|-boost|p2a: Great Tusk|spe|1
|move|p1a: Quaquaval|Close Combat|p2a: Great Tusk
|-supereffective|p2a: Great Tusk
|-damage|p2a: Great Tusk|0 fnt
|-unboost|p1a: Quaquaval|def|1
|-unboost|p1a: Quaquaval|spd|1
|faint|p2a: Great Tusk
|-end|p2a: Great Tusk|Protosynthesis|[silent]
|
|win|SkyN64
|raw|SkyN64's rating: 1338 &rarr; <strong>1356</strong><br />(+18 for winning)
|raw|TunaMinh's rating: 1302 &rarr; <strong>1284</strong><br />(-18 for losing)
|l|☆TunaMinh
|player|p2|
|l|‽SkyN64
|player|p1|
