|j|☆GintamaXXOO
|j|☆ch1ck3n nu99ets
|t:|1743830325
|gametype|singles
|player|p1|GintamaXXOO|magmagruntf|1468
|player|p2|ch1ck3n nu99ets|169|1564
|teamsize|p1|6
|teamsize|p2|6
|gen|9
|tier|[Gen 9] OU
|rated|
|rule|HP Percentage Mod: HP is shown in percentages
|rule|Endless Battle Clause: Forcing endless battles is banned
|rule|Species Clause: Limit one of each Pokémon
|rule|OHKO Clause: OHKO moves are banned
|rule|Evasion Items Clause: Evasion items are banned
|rule|Evasion Moves Clause: Evasion moves are banned
|rule|Sleep Moves Clause: Sleep-inducing moves are banned
|clearpoke
|poke|p1|Araquanid, F|
|poke|p1|Raging Bolt|
|poke|p1|Iron Moth|
|poke|p1|Great Tusk|
|poke|p1|Gholdengo|
|poke|p1|Kingambit, M|
|poke|p2|Keldeo-Resolute|
|poke|p2|Ursaluna, M|
|poke|p2|Scream Tail|
|poke|p2|Pecharunt|
|poke|p2|Heatran, F|
|poke|p2|Darkrai|
|teampreview
|inactive|Battle timer is ON: inactive players will automatically lose when time's up. (requested by GintamaXXOO)
|
|t:|1743830352
|start
|switch|p1a: Araquanid|Araquanid, F|100/100
|switch|p2a: Darkrai|Darkrai|100/100
|turn|1
|
|t:|1743830357
|move|p2a: Darkrai|Dark Pulse|p1a: Araquanid
|-damage|p1a: Araquanid|73/100
|move|p1a: Araquanid|Sticky Web|p2a: Darkrai
|-sidestart|p2: ch1ck3n nu99ets|move: Sticky Web
|
|upkeep
|turn|2
|
|t:|1743830361
|move|p2a: Darkrai|Knock Off|p1a: Araquanid
|-damage|p1a: Araquanid|45/100
|-enditem|p1a: Araquanid|Custap Berry|[from] move: Knock Off|[of] p2a: Darkrai
|move|p1a: Araquanid|Lunge|p2a: Darkrai
|-supereffective|p2a: Darkrai
|-damage|p2a: Darkrai|45/100
|-unboost|p2a: Darkrai|atk|1
|
|upkeep
|turn|3
|
|t:|1743830368
|switch|p2a: Scream Tail|Scream Tail|100/100
|-activate|p2a: Scream Tail|move: Sticky Web
|-unboost|p2a: Scream Tail|spe|1
|move|p1a: Araquanid|Liquidation|p2a: Scream Tail
|-damage|p2a: Scream Tail|68/100
|
|-heal|p2a: Scream Tail|74/100|[from] item: Leftovers
|upkeep
|turn|4
|
|t:|1743830378
|switch|p1a: Gholdengo|Gholdengo|100/100
|-item|p1a: Gholdengo|Air Balloon
|move|p2a: Scream Tail|Wish|p2a: Scream Tail
|
|-heal|p2a: Scream Tail|80/100|[from] item: Leftovers
|upkeep
|turn|5
|
|t:|1743830384
|-end|p2a: Scream Tail|Protosynthesis|[silent]
|switch|p2a: Heatran|Heatran, F|100/100
|-activate|p2a: Heatran|move: Sticky Web
|-unboost|p2a: Heatran|spe|1
|move|p1a: Gholdengo|Nasty Plot|p1a: Gholdengo
|-boost|p1a: Gholdengo|spa|2
|
|upkeep
|turn|6
|
|t:|1743830394
|switch|p1a: Araquanid|Araquanid, F|45/100
|move|p2a: Heatran|Magma Storm|p1a: Araquanid
|-damage|p1a: Araquanid|29/100
|-activate|p1a: Araquanid|move: Magma Storm|[of] p2a: Heatran
|
|-damage|p1a: Araquanid|17/100|[from] move: Magma Storm|[partiallytrapped]
|upkeep
|turn|7
|
|t:|1743830402
|switch|p2a: Scream Tail|Scream Tail|80/100
|-activate|p2a: Scream Tail|move: Sticky Web
|-unboost|p2a: Scream Tail|spe|1
|move|p1a: Araquanid|Liquidation|p2a: Scream Tail
|-damage|p2a: Scream Tail|45/100
|
|-heal|p2a: Scream Tail|51/100|[from] item: Leftovers
|-end|p1a: Araquanid|Magma Storm|[partiallytrapped]|[silent]
|upkeep
|turn|8
|
|t:|1743830406
|move|p2a: Scream Tail|Wish|p2a: Scream Tail
|move|p1a: Araquanid|Liquidation|p2a: Scream Tail
|-damage|p2a: Scream Tail|17/100
|-unboost|p2a: Scream Tail|def|1
|
|-heal|p2a: Scream Tail|23/100|[from] item: Leftovers
|upkeep
|turn|9
|
|t:|1743830413
|move|p2a: Scream Tail|Dazzling Gleam|p1a: Araquanid
|-damage|p1a: Araquanid|3/100
|move|p1a: Araquanid|Liquidation|p2a: Scream Tail
|-damage|p2a: Scream Tail|0 fnt
|faint|p2a: Scream Tail
|-end|p2a: Scream Tail|Protosynthesis|[silent]
|
|upkeep
|
|t:|1743830418
|switch|p2a: Darkrai|Darkrai|45/100
|turn|10
|
|t:|1743830422
|move|p2a: Darkrai|Knock Off|p1a: Araquanid
|-damage|p1a: Araquanid|0 fnt
|faint|p1a: Araquanid
|
|upkeep
|
|t:|1743830442
|switch|p1a: Raging Bolt|Raging Bolt|100/100
|-enditem|p1a: Raging Bolt|Booster Energy
|-activate|p1a: Raging Bolt|ability: Protosynthesis|[fromitem]
|-start|p1a: Raging Bolt|protosynthesisspa
|turn|11
|
|t:|1743830446
|move|p2a: Darkrai|Ice Beam|p1a: Raging Bolt
|-supereffective|p1a: Raging Bolt
|-damage|p1a: Raging Bolt|35/100
|move|p1a: Raging Bolt|Calm Mind|p1a: Raging Bolt
|-boost|p1a: Raging Bolt|spa|1
|-boost|p1a: Raging Bolt|spd|1
|
|upkeep
|turn|12
|
|t:|1743830451
|switch|p2a: Ursaluna|Ursaluna, M|100/100
|-activate|p2a: Ursaluna|move: Sticky Web
|-unboost|p2a: Ursaluna|spe|1
|move|p1a: Raging Bolt|Thunderclap||[still]
|-fail|p1a: Raging Bolt
|
|-status|p2a: Ursaluna|brn|[from] item: Flame Orb
|upkeep
|turn|13
|
|t:|1743830457
|move|p1a: Raging Bolt|Dragon Pulse|p2a: Ursaluna
|-damage|p2a: Ursaluna|0 fnt
|faint|p2a: Ursaluna
|
|upkeep
|
|t:|1743830461
|switch|p2a: Heatran|Heatran, F|100/100
|-activate|p2a: Heatran|move: Sticky Web
|-unboost|p2a: Heatran|spe|1
|turn|14
|
|t:|1743830465
|move|p1a: Raging Bolt|Thunderbolt|p2a: Heatran
|-damage|p2a: Heatran|35/100
|move|p2a: Heatran|Earth Power|p1a: Raging Bolt
|-supereffective|p1a: Raging Bolt
|-damage|p1a: Raging Bolt|0 fnt
|faint|p1a: Raging Bolt
|-end|p1a: Raging Bolt|Protosynthesis|[silent]
|
|-heal|p2a: Heatran|41/100|[from] item: Leftovers
|upkeep
|
|t:|1743830494
|switch|p1a: Gholdengo|Gholdengo|100/100
|-item|p1a: Gholdengo|Air Balloon
|turn|15
|
|t:|1743830507
|move|p1a: Gholdengo|Shadow Ball|p2a: Heatran
|-damage|p2a: Heatran|13/100
|-unboost|p2a: Heatran|spd|1
|move|p2a: Heatran|Magma Storm|p1a: Gholdengo
|-supereffective|p1a: Gholdengo
|-damage|p1a: Gholdengo|1/100
|-activate|p1a: Gholdengo|move: Magma Storm|[of] p2a: Heatran
|-enditem|p1a: Gholdengo|Air Balloon
|
|-heal|p2a: Heatran|19/100|[from] item: Leftovers
|-damage|p1a: Gholdengo|0 fnt|[from] move: Magma Storm|[partiallytrapped]
|faint|p1a: Gholdengo
|upkeep
|
|t:|1743830516
|switch|p1a: Great Tusk|Great Tusk|100/100
|-enditem|p1a: Great Tusk|Booster Energy
|-activate|p1a: Great Tusk|ability: Protosynthesis|[fromitem]
|-start|p1a: Great Tusk|protosynthesisatk
|turn|16
|
|t:|1743830520
|move|p1a: Great Tusk|Rapid Spin|p2a: Heatran
|-resisted|p2a: Heatran
|-damage|p2a: Heatran|10/100
|-boost|p1a: Great Tusk|spe|1
|move|p2a: Heatran|Magma Storm|p1a: Great Tusk
|-crit|p1a: Great Tusk
|-damage|p1a: Great Tusk|10/100
|-activate|p1a: Great Tusk|move: Magma Storm|[of] p2a: Heatran
|
|-heal|p2a: Heatran|16/100|[from] item: Leftovers
|-damage|p1a: Great Tusk|0 fnt|[from] move: Magma Storm|[partiallytrapped]
|faint|p1a: Great Tusk
|-end|p1a: Great Tusk|Protosynthesis|[silent]
|upkeep
|
|t:|1743830524
|switch|p1a: Iron Moth|Iron Moth|100/100
|-enditem|p1a: Iron Moth|Booster Energy
|-activate|p1a: Iron Moth|ability: Quark Drive|[fromitem]
|-start|p1a: Iron Moth|quarkdrivespa
|turn|17
|c|☆ch1ck3n nu99ets|bro
|
|t:|1743830527
|move|p1a: Iron Moth|Psychic|p2a: Heatran
|-resisted|p2a: Heatran
|-damage|p2a: Heatran|0 fnt
|faint|p2a: Heatran
|
|upkeep
|
|t:|1743830539
|switch|p2a: Darkrai|Darkrai|45/100
|turn|18
|
|t:|1743830545
|move|p2a: Darkrai|Dark Pulse|p1a: Iron Moth
|-damage|p1a: Iron Moth|56/100
|move|p1a: Iron Moth|Fiery Dance|p2a: Darkrai
|-damage|p2a: Darkrai|0 fnt
|-boost|p1a: Iron Moth|spa|1
|faint|p2a: Darkrai
|
|upkeep
|
|t:|1743830556
|switch|p2a: Keldeo|Keldeo-Resolute|100/100
|turn|19
|
|t:|1743830572
|move|p1a: Iron Moth|Sludge Wave|p2a: Keldeo
|-damage|p2a: Keldeo|0 fnt
|faint|p2a: Keldeo
|
|upkeep
|-message|ch1ck3n nu99ets forfeited.
|
|win|GintamaXXOO
|raw|GintamaXXOO's rating: 1468 &rarr; <strong>1493</strong><br />(+25 for winning)
|raw|ch1ck3n nu99ets's rating: 1564 &rarr; <strong>1539</strong><br />(-25 for losing)
|l|☆ch1ck3n nu99ets
|player|p2|
|l|☆GintamaXXOO
|player|p1|
