|j|☆andy1234567890
|j|☆SSK27
|t:|1743795271
|gametype|singles
|player|p1|andy1234567890|266|
|player|p2|SSK27|veteran|
|teamsize|p1|6
|teamsize|p2|6
|gen|9
|tier|[Gen 9] OU
|rule|HP Percentage Mod: HP is shown in percentages
|rule|Endless Battle Clause: Forcing endless battles is banned
|rule|Species Clause: Limit one of each Pokémon
|rule|OHKO Clause: OHKO moves are banned
|rule|Evasion Items Clause: Evasion items are banned
|rule|Evasion Moves Clause: Evasion moves are banned
|rule|Sleep Moves Clause: Sleep-inducing moves are banned
|clearpoke
|poke|p1|Gliscor, F|
|poke|p1|Meowscarada, F|
|poke|p1|Ursaluna, F|
|poke|p1|Skarmory, F|
|poke|p1|Dragapult, F|
|poke|p1|Slowking-Galar, F|
|poke|p2|Garganacl, M|
|poke|p2|Armarouge, F|
|poke|p2|Hydrapple, F|
|poke|p2|Araquanid, M|
|poke|p2|Skarmory, M|
|poke|p2|Iron Valiant|
|teampreview
|inactive|Battle timer is ON: inactive players will automatically lose when time's up. (requested by SSK27)
|
|t:|1743795283
|start
|switch|p1a: Meowscarada|Meowscarada, F|100/100
|switch|p2a: Araquanid|Araquanid, M|100/100
|turn|1
|
|t:|1743795293
|move|p1a: Meowscarada|U-turn|p2a: Araquanid
|-start|p1a: Meowscarada|typechange|Bug|[from] ability: Protean
|-damage|p2a: Araquanid|64/100
|
|t:|1743795302
|switch|p1a: Gliscor|Gliscor, F|100/100|[from] U-turn
|move|p2a: Araquanid|Sticky Web|p1a: Gliscor
|-sidestart|p1: andy1234567890|move: Sticky Web
|
|-status|p1a: Gliscor|tox|[from] item: Toxic Orb
|upkeep
|turn|2
|
|t:|1743795317
|switch|p2a: Skarmory|Skarmory, M|100/100
|move|p1a: Gliscor|Swords Dance|p1a: Gliscor
|-boost|p1a: Gliscor|atk|2
|
|upkeep
|turn|3
|
|t:|1743795325
|move|p1a: Gliscor|Knock Off|p2a: Skarmory
|-damage|p2a: Skarmory|76/100
|-enditem|p2a: Skarmory|Leftovers|[from] move: Knock Off|[of] p1a: Gliscor
|move|p2a: Skarmory|Stealth Rock|p1a: Gliscor
|-sidestart|p1: andy1234567890|move: Stealth Rock
|
|upkeep
|turn|4
|
|t:|1743795344
|move|p1a: Gliscor|Swords Dance|p1a: Gliscor
|-boost|p1a: Gliscor|atk|2
|move|p2a: Skarmory|Brave Bird|p1a: Gliscor
|-damage|p1a: Gliscor|80/100 tox
|-damage|p2a: Skarmory|69/100|[from] Recoil
|
|-heal|p1a: Gliscor|92/100 tox|[from] ability: Poison Heal
|upkeep
|turn|5
|
|t:|1743795352
|move|p1a: Gliscor|Facade|p2a: Skarmory
|-resisted|p2a: Skarmory
|-damage|p2a: Skarmory|41/100
|move|p2a: Skarmory|Roost|p2a: Skarmory
|-heal|p2a: Skarmory|91/100
|-singleturn|p2a: Skarmory|move: Roost
|
|-heal|p1a: Gliscor|100/100 tox|[from] ability: Poison Heal
|upkeep
|turn|6
|
|t:|1743795365
|move|p1a: Gliscor|Swords Dance|p1a: Gliscor
|-boost|p1a: Gliscor|atk|2
|move|p2a: Skarmory|Brave Bird|p1a: Gliscor
|-damage|p1a: Gliscor|80/100 tox
|-damage|p2a: Skarmory|84/100|[from] Recoil
|
|-heal|p1a: Gliscor|93/100 tox|[from] ability: Poison Heal
|upkeep
|turn|7
|
|t:|1743795381
|move|p1a: Gliscor|Facade|p2a: Skarmory
|-resisted|p2a: Skarmory
|-damage|p2a: Skarmory|50/100
|move|p2a: Skarmory|Brave Bird|p1a: Gliscor
|-damage|p1a: Gliscor|71/100 tox
|-damage|p2a: Skarmory|43/100|[from] Recoil
|
|-heal|p1a: Gliscor|83/100 tox|[from] ability: Poison Heal
|upkeep
|turn|8
|
|t:|1743795388
|move|p1a: Gliscor|Facade|p2a: Skarmory
|-resisted|p2a: Skarmory
|-damage|p2a: Skarmory|5/100
|move|p2a: Skarmory|Roost|p2a: Skarmory
|-heal|p2a: Skarmory|55/100
|-singleturn|p2a: Skarmory|move: Roost
|
|-heal|p1a: Gliscor|96/100 tox|[from] ability: Poison Heal
|upkeep
|turn|9
|
|t:|1743795397
|move|p1a: Gliscor|Facade|p2a: Skarmory
|-resisted|p2a: Skarmory
|-damage|p2a: Skarmory|20/100
|move|p2a: Skarmory|Roost|p2a: Skarmory
|-heal|p2a: Skarmory|70/100
|-singleturn|p2a: Skarmory|move: Roost
|
|-heal|p1a: Gliscor|100/100 tox|[from] ability: Poison Heal
|upkeep
|turn|10
|
|t:|1743795420
|move|p1a: Gliscor|Facade|p2a: Skarmory
|-resisted|p2a: Skarmory
|-damage|p2a: Skarmory|32/100
|move|p2a: Skarmory|Brave Bird|p1a: Gliscor
|-damage|p1a: Gliscor|80/100 tox
|-damage|p2a: Skarmory|25/100|[from] Recoil
|
|-heal|p1a: Gliscor|93/100 tox|[from] ability: Poison Heal
|upkeep
|turn|11
|
|t:|1743795427
|move|p1a: Gliscor|Facade|p2a: Skarmory
|-resisted|p2a: Skarmory
|-damage|p2a: Skarmory|0 fnt
|faint|p2a: Skarmory
|
|-heal|p1a: Gliscor|100/100 tox|[from] ability: Poison Heal
|upkeep
|
|t:|1743795430
|switch|p2a: Garganacl|Garganacl, M|100/100
|turn|12
|
|t:|1743795441
|-terastallize|p2a: Garganacl|Fighting
|move|p1a: Gliscor|Knock Off|p2a: Garganacl
|-resisted|p2a: Garganacl
|-damage|p2a: Garganacl|73/100
|-enditem|p2a: Garganacl|Leftovers|[from] move: Knock Off|[of] p1a: Gliscor
|move|p2a: Garganacl|Iron Defense|p2a: Garganacl
|-boost|p2a: Garganacl|def|2
|
|upkeep
|turn|13
|
|t:|1743795452
|move|p1a: Gliscor|Facade|p2a: Garganacl
|-damage|p2a: Garganacl|35/100
|move|p2a: Garganacl|Recover|p2a: Garganacl
|-heal|p2a: Garganacl|85/100
|
|upkeep
|turn|14
|
|t:|1743795458
|move|p1a: Gliscor|Facade|p2a: Garganacl
|-damage|p2a: Garganacl|48/100
|move|p2a: Garganacl|Iron Defense|p2a: Garganacl
|-boost|p2a: Garganacl|def|2
|
|upkeep
|turn|15
|
|t:|1743795465
|move|p1a: Gliscor|Facade|p2a: Garganacl
|-damage|p2a: Garganacl|21/100
|move|p2a: Garganacl|Recover|p2a: Garganacl
|-heal|p2a: Garganacl|71/100
|
|upkeep
|turn|16
|
|t:|1743795471
|move|p1a: Gliscor|Facade|p2a: Garganacl
|-damage|p2a: Garganacl|42/100
|move|p2a: Garganacl|Iron Defense|p2a: Garganacl
|-boost|p2a: Garganacl|def|2
|
|upkeep
|turn|17
|
|t:|1743795477
|move|p1a: Gliscor|Facade|p2a: Garganacl
|-damage|p2a: Garganacl|23/100
|move|p2a: Garganacl|Recover|p2a: Garganacl
|-heal|p2a: Garganacl|73/100
|
|upkeep
|turn|18
|
|t:|1743795487
|move|p1a: Gliscor|Facade|p2a: Garganacl
|-damage|p2a: Garganacl|54/100
|move|p2a: Garganacl|Salt Cure|p1a: Gliscor
|-damage|p1a: Gliscor|92/100 tox
|-start|p1a: Gliscor|Salt Cure
|
|-heal|p1a: Gliscor|100/100 tox|[from] ability: Poison Heal
|-damage|p1a: Gliscor|88/100 tox|[from] Salt Cure
|upkeep
|turn|19
|
|t:|1743795496
|move|p1a: Gliscor|Facade|p2a: Garganacl
|-damage|p2a: Garganacl|35/100
|move|p2a: Garganacl|Recover|p2a: Garganacl
|-heal|p2a: Garganacl|85/100
|
|-heal|p1a: Gliscor|100/100 tox|[from] ability: Poison Heal
|-damage|p1a: Gliscor|88/100 tox|[from] Salt Cure
|upkeep
|turn|20
|
|t:|1743795504
|move|p1a: Gliscor|Facade|p2a: Garganacl
|-damage|p2a: Garganacl|67/100
|move|p2a: Garganacl|Body Press|p1a: Gliscor
|-resisted|p1a: Gliscor
|-damage|p1a: Gliscor|43/100 tox
|
|-heal|p1a: Gliscor|55/100 tox|[from] ability: Poison Heal
|-damage|p1a: Gliscor|43/100 tox|[from] Salt Cure
|upkeep
|turn|21
|
|t:|1743795513
|move|p1a: Gliscor|Protect|p1a: Gliscor
|-singleturn|p1a: Gliscor|Protect
|move|p2a: Garganacl|Recover|p2a: Garganacl
|-heal|p2a: Garganacl|100/100
|
|-heal|p1a: Gliscor|55/100 tox|[from] ability: Poison Heal
|-damage|p1a: Gliscor|43/100 tox|[from] Salt Cure
|upkeep
|turn|22
|
|t:|1743795526
|switch|p1a: Dragapult|Dragapult, F|100/100
|move|p2a: Garganacl|Body Press|p1a: Dragapult
|-immune|p1a: Dragapult
|
|upkeep
|turn|23
|
|t:|1743795532
|move|p1a: Dragapult|Will-O-Wisp|p2a: Garganacl
|-immune|p2a: Garganacl|[from] ability: Purifying Salt
|move|p2a: Garganacl|Salt Cure|p1a: Dragapult
|-damage|p1a: Dragapult|81/100
|-start|p1a: Dragapult|Salt Cure
|
|-damage|p1a: Dragapult|68/100|[from] Salt Cure
|upkeep
|turn|24
|
|t:|1743795538
|move|p1a: Dragapult|Draco Meteor|p2a: Garganacl
|-crit|p2a: Garganacl
|-damage|p2a: Garganacl|46/100
|-unboost|p1a: Dragapult|spa|2
|move|p2a: Garganacl|Salt Cure|p1a: Dragapult
|-damage|p1a: Dragapult|49/100
|
|-damage|p1a: Dragapult|37/100|[from] Salt Cure
|upkeep
|turn|25
|
|t:|1743795543
|move|p1a: Dragapult|U-turn|p2a: Garganacl
|-resisted|p2a: Garganacl
|-damage|p2a: Garganacl|44/100
|
|t:|1743795550
|switch|p1a: Slowking|Slowking-Galar, F|100/100|[from] U-turn
|move|p2a: Garganacl|Recover|p2a: Garganacl
|-heal|p2a: Garganacl|94/100
|
|upkeep
|turn|26
|
|t:|1743795556
|move|p2a: Garganacl|Salt Cure|p1a: Slowking
|-damage|p1a: Slowking|86/100
|-start|p1a: Slowking|Salt Cure
|move|p1a: Slowking|Psychic Noise|p2a: Garganacl
|-supereffective|p2a: Garganacl
|-damage|p2a: Garganacl|55/100
|-start|p2a: Garganacl|move: Heal Block
|
|-damage|p1a: Slowking|73/100|[from] Salt Cure
|upkeep
|turn|27
|
|t:|1743795574
|move|p2a: Garganacl|Salt Cure|p1a: Slowking
|-damage|p1a: Slowking|60/100
|move|p1a: Slowking|Psychic Noise|p2a: Garganacl
|-supereffective|p2a: Garganacl
|-damage|p2a: Garganacl|21/100
|
|-damage|p1a: Slowking|48/100|[from] Salt Cure
|-end|p2a: Garganacl|move: Heal Block
|upkeep
|turn|28
|
|t:|1743795590
|move|p2a: Garganacl|Recover|p2a: Garganacl
|-heal|p2a: Garganacl|71/100
|move|p1a: Slowking|Psychic Noise|p2a: Garganacl
|-supereffective|p2a: Garganacl
|-damage|p2a: Garganacl|34/100
|-start|p2a: Garganacl|move: Heal Block
|
|-damage|p1a: Slowking|35/100|[from] Salt Cure
|upkeep
|turn|29
|
|t:|1743795603
|switch|p2a: Armarouge|Armarouge, F|100/100
|move|p1a: Slowking|Psychic Noise|p2a: Armarouge
|-resisted|p2a: Armarouge
|-damage|p2a: Armarouge|82/100
|-start|p2a: Armarouge|move: Heal Block
|
|-damage|p1a: Slowking|23/100|[from] Salt Cure
|upkeep
|turn|30
|
|t:|1743795615
|move|p2a: Armarouge|Armor Cannon|p1a: Slowking
|-damage|p1a: Slowking|0 fnt
|-unboost|p2a: Armarouge|def|1
|-unboost|p2a: Armarouge|spd|1
|faint|p1a: Slowking
|
|-end|p2a: Armarouge|move: Heal Block
|upkeep
|
|t:|1743795623
|switch|p1a: Meowscarada|Meowscarada, F|100/100
|turn|31
|
|t:|1743795633
|switch|p2a: Araquanid|Araquanid, M|64/100
|move|p1a: Meowscarada|Knock Off|p2a: Araquanid
|-start|p1a: Meowscarada|typechange|Dark|[from] ability: Protean
|-damage|p2a: Araquanid|18/100
|-enditem|p2a: Araquanid|Heavy-Duty Boots|[from] move: Knock Off|[of] p1a: Meowscarada
|
|upkeep
|turn|32
|
|t:|1743795640
|move|p1a: Meowscarada|U-turn|p2a: Araquanid
|-damage|p2a: Araquanid|0 fnt
|faint|p2a: Araquanid
|
|t:|1743795644
|switch|p1a: Dragapult|Dragapult, F|37/100|[from] U-turn
|
|upkeep
|
|t:|1743795652
|switch|p2a: Iron Valiant|Iron Valiant|100/100
|turn|33
|
|t:|1743795656
|move|p1a: Dragapult|U-turn|p2a: Iron Valiant
|-resisted|p2a: Iron Valiant
|-damage|p2a: Iron Valiant|95/100
|
|t:|1743795659
|switch|p1a: Skarmory|Skarmory, F|100/100|[from] U-turn
|-damage|p1a: Skarmory|88/100|[from] Stealth Rock
|move|p2a: Iron Valiant|Knock Off|p1a: Skarmory
|-damage|p1a: Skarmory|66/100
|-damage|p2a: Iron Valiant|78/100|[from] item: Rocky Helmet|[of] p1a: Skarmory
|-enditem|p1a: Skarmory|Rocky Helmet|[from] move: Knock Off|[of] p2a: Iron Valiant
|-damage|p2a: Iron Valiant|69/100|[from] item: Life Orb
|
|upkeep
|turn|34
|
|t:|1743795669
|-end|p2a: Iron Valiant|Quark Drive|[silent]
|switch|p2a: Armarouge|Armarouge, F|82/100
|move|p1a: Skarmory|Stealth Rock|p2a: Armarouge
|-sidestart|p2: SSK27|move: Stealth Rock
|
|upkeep
|turn|35
|
|t:|1743795696
|switch|p1a: Dragapult|Dragapult, F|37/100
|move|p2a: Armarouge|Armor Cannon|p1a: Dragapult
|-resisted|p1a: Dragapult
|-damage|p1a: Dragapult|0 fnt
|-unboost|p2a: Armarouge|def|1
|-unboost|p2a: Armarouge|spd|1
|faint|p1a: Dragapult
|
|upkeep
|
|t:|1743795702
|switch|p1a: Meowscarada|Meowscarada, F|100/100
|turn|36
|
|t:|1743795709
|switch|p2a: Iron Valiant|Iron Valiant|69/100
|-damage|p2a: Iron Valiant|62/100|[from] Stealth Rock
|move|p1a: Meowscarada|Knock Off|p2a: Iron Valiant
|-start|p1a: Meowscarada|typechange|Dark|[from] ability: Protean
|-resisted|p2a: Iron Valiant
|-damage|p2a: Iron Valiant|48/100
|-enditem|p2a: Iron Valiant|Life Orb|[from] move: Knock Off|[of] p1a: Meowscarada
|
|upkeep
|turn|37
|
|t:|1743795724
|move|p1a: Meowscarada|U-turn|p2a: Iron Valiant
|-resisted|p2a: Iron Valiant
|-damage|p2a: Iron Valiant|41/100
|
|t:|1743795728
|switch|p1a: Skarmory|Skarmory, F|66/100|[from] U-turn
|-damage|p1a: Skarmory|53/100|[from] Stealth Rock
|move|p2a: Iron Valiant|Moonblast|p1a: Skarmory
|-resisted|p1a: Skarmory
|-damage|p1a: Skarmory|25/100
|-unboost|p1a: Skarmory|spa|1
|
|upkeep
|turn|38
|
|t:|1743795738
|switch|p1a: Gliscor|Gliscor, F|43/100 tox
|-damage|p1a: Gliscor|30/100 tox|[from] Stealth Rock
|move|p2a: Iron Valiant|Moonblast|p1a: Gliscor
|-damage|p1a: Gliscor|0 fnt
|faint|p1a: Gliscor
|
|upkeep
|c|☆SSK27|gg
|c|☆andy1234567890|gg
|-message|andy1234567890 forfeited.
|
|win|SSK27
|l|☆andy1234567890
|player|p1|
