|j|☆alinare12
|j|☆Koto5blue
|t:|1743848060
|gametype|singles
|player|p1|alinare12|pokemonrangerf-gen4|1280
|player|p2|Koto5blue|2|1288
|teamsize|p1|6
|teamsize|p2|6
|gen|9
|tier|[Gen 9] OU
|rated|
|rule|HP Percentage Mod: HP is shown in percentages
|rule|Endless Battle Clause: Forcing endless battles is banned
|rule|Species Clause: Limit one of each Pokémon
|rule|OHKO Clause: OHKO moves are banned
|rule|Evasion Items Clause: Evasion items are banned
|rule|Evasion Moves Clause: Evasion moves are banned
|rule|Sleep Moves Clause: Sleep-inducing moves are banned
|clearpoke
|poke|p1|Garganacl, F|
|poke|p1|Glimmora, M|
|poke|p1|Iron Boulder|
|poke|p1|Tyranitar, F|
|poke|p1|Diancie|
|poke|p1|Ogerpon-Cornerstone, F|
|poke|p2|Empoleon, F|
|poke|p2|Cinderace, F|
|poke|p2|Great Tusk|
|poke|p2|Slowking-Galar, F|
|poke|p2|Corviknight, F|
|poke|p2|Meowscarada, M|
|teampreview
|
|t:|1743848083
|start
|switch|p1a: Garganacl|Garganacl, F|100/100
|switch|p2a: Empoleon|Empoleon, F|100/100
|turn|1
|
|t:|1743848094
|-terastallize|p1a: Garganacl|Ghost
|move|p2a: Empoleon|Hydro Pump|p1a: Garganacl
|-damage|p1a: Garganacl|59/100
|move|p1a: Garganacl|Salt Cure|p2a: Empoleon
|-resisted|p2a: Empoleon
|-damage|p2a: Empoleon|94/100
|-start|p2a: Empoleon|Salt Cure
|
|-heal|p1a: Garganacl|65/100|[from] item: Leftovers
|-damage|p2a: Empoleon|69/100|[from] Salt Cure
|upkeep
|turn|2
|
|t:|1743848106
|switch|p2a: Meowscarada|Meowscarada, M|100/100
|move|p1a: Garganacl|Body Press|p2a: Meowscarada
|-supereffective|p2a: Meowscarada
|-damage|p2a: Meowscarada|14/100
|
|-heal|p1a: Garganacl|71/100|[from] item: Leftovers
|upkeep
|turn|3
|
|t:|1743848116
|switch|p1a: Glimmora|Glimmora, M|100/100
|move|p2a: Meowscarada|Knock Off|p1a: Glimmora
|-damage|p1a: Glimmora|52/100
|-activate|p1a: Glimmora|ability: Toxic Debris
|-sidestart|p2: Koto5blue|move: Toxic Spikes
|-enditem|p1a: Glimmora|Focus Sash|[from] move: Knock Off|[of] p2a: Meowscarada
|
|upkeep
|turn|4
|
|t:|1743848125
|switch|p2a: Empoleon|Empoleon, F|69/100
|move|p1a: Glimmora|Spiky Shield||[still]
|-fail|p1a: Glimmora
|
|upkeep
|turn|5
|
|t:|1743848135
|switch|p1a: Tyranitar|Tyranitar, F|100/100
|-weather|Sandstorm|[from] ability: Sand Stream|[of] p1a: Tyranitar
|move|p2a: Empoleon|Flash Cannon|p1a: Tyranitar
|-supereffective|p1a: Tyranitar
|-damage|p1a: Tyranitar|61/100
|
|-weather|Sandstorm|[upkeep]
|upkeep
|turn|6
|
|t:|1743848141
|switch|p2a: Corviknight|Corviknight, F|100/100
|-ability|p2a: Corviknight|Pressure
|move|p1a: Tyranitar|Brick Break|p2a: Corviknight
|-damage|p2a: Corviknight|81/100
|-damage|p1a: Tyranitar|45/100|[from] item: Rocky Helmet|[of] p2a: Corviknight
|-damage|p1a: Tyranitar|35/100|[from] item: Life Orb
|
|-weather|Sandstorm|[upkeep]
|upkeep
|turn|7
|
|t:|1743848151
|move|p2a: Corviknight|U-turn|p1a: Tyranitar
|-supereffective|p1a: Tyranitar
|-damage|p1a: Tyranitar|12/100
|
|t:|1743848155
|switch|p2a: Great Tusk|Great Tusk|100/100|[from] U-turn
|-status|p2a: Great Tusk|psn
|move|p1a: Tyranitar|Knock Off|p2a: Great Tusk
|-resisted|p2a: Great Tusk
|-damage|p2a: Great Tusk|78/100 psn
|-damage|p1a: Tyranitar|0 fnt|[from] item: Rocky Helmet|[of] p2a: Great Tusk
|faint|p1a: Tyranitar
|
|-weather|Sandstorm|[upkeep]
|-damage|p2a: Great Tusk|66/100 psn|[from] psn
|upkeep
|
|t:|1743848169
|switch|p1a: Ogerpon|Ogerpon-Cornerstone, F|100/100
|turn|8
|
|t:|1743848180
|-end|p2a: Great Tusk|Protosynthesis|[silent]
|switch|p2a: Empoleon|Empoleon, F|69/100
|move|p1a: Ogerpon|Spiky Shield||[still]
|-fail|p1a: Ogerpon
|
|-weather|Sandstorm|[upkeep]
|upkeep
|turn|9
|
|t:|1743848186
|move|p1a: Ogerpon|Horn Leech|p2a: Empoleon
|-damage|p2a: Empoleon|24/100
|move|p2a: Empoleon|Flash Cannon|p1a: Ogerpon
|-supereffective|p1a: Ogerpon
|-damage|p1a: Ogerpon|35/100
|
|-weather|none
|upkeep
|turn|10
|
|t:|1743848191
|move|p1a: Ogerpon|Horn Leech|p2a: Empoleon
|-damage|p2a: Empoleon|0 fnt
|-heal|p1a: Ogerpon|50/100|[from] drain|[of] p2a: Empoleon
|faint|p2a: Empoleon
|
|upkeep
|
|t:|1743848193
|switch|p2a: Corviknight|Corviknight, F|81/100
|-ability|p2a: Corviknight|Pressure
|turn|11
|
|t:|1743848202
|switch|p1a: Glimmora|Glimmora, M|52/100
|move|p2a: Corviknight|Iron Defense|p2a: Corviknight
|-boost|p2a: Corviknight|def|2
|
|upkeep
|turn|12
|
|t:|1743848208
|move|p1a: Glimmora|Stealth Rock|p2a: Corviknight
|-sidestart|p2: Koto5blue|move: Stealth Rock
|move|p2a: Corviknight|Body Press|p1a: Glimmora
|-damage|p1a: Glimmora|0 fnt
|-activate|p1a: Glimmora|ability: Toxic Debris
|-sidestart|p2: Koto5blue|move: Toxic Spikes
|faint|p1a: Glimmora
|
|upkeep
|
|t:|1743848216
|switch|p1a: Diancie|Diancie|100/100
|turn|13
|
|t:|1743848228
|move|p2a: Corviknight|U-turn|p1a: Diancie
|-resisted|p1a: Diancie
|-damage|p1a: Diancie|96/100
|
|t:|1743848231
|switch|p2a: Great Tusk|Great Tusk|66/100 psn|[from] U-turn
|-damage|p2a: Great Tusk|63/100 psn|[from] Stealth Rock
|move|p1a: Diancie|Diamond Storm|p2a: Great Tusk
|-resisted|p2a: Great Tusk
|-crit|p2a: Great Tusk
|-damage|p2a: Great Tusk|52/100 psn
|-boost|p1a: Diancie|def|2
|
|-damage|p2a: Great Tusk|39/100 psn|[from] psn
|upkeep
|turn|14
|
|t:|1743848239
|move|p2a: Great Tusk|Rapid Spin|p1a: Diancie
|-resisted|p1a: Diancie
|-damage|p1a: Diancie|92/100
|-boost|p2a: Great Tusk|spe|1
|-sideend|p2: Koto5blue|Toxic Spikes|[from] move: Rapid Spin|[of] p2a: Great Tusk
|-sideend|p2: Koto5blue|Stealth Rock|[from] move: Rapid Spin|[of] p2a: Great Tusk
|move|p1a: Diancie|Play Rough|p2a: Great Tusk
|-supereffective|p2a: Great Tusk
|-damage|p2a: Great Tusk|0 fnt
|-damage|p1a: Diancie|76/100|[from] item: Rocky Helmet|[of] p2a: Great Tusk
|faint|p2a: Great Tusk
|-end|p2a: Great Tusk|Protosynthesis|[silent]
|
|upkeep
|
|t:|1743848245
|switch|p2a: Meowscarada|Meowscarada, M|14/100
|turn|15
|
|t:|1743848252
|move|p2a: Meowscarada|Flower Trick|p1a: Diancie
|-supereffective|p1a: Diancie
|-crit|p1a: Diancie
|-damage|p1a: Diancie|0 fnt
|faint|p1a: Diancie
|
|upkeep
|
|t:|1743848258
|switch|p1a: Iron Boulder|Iron Boulder|100/100
|-enditem|p1a: Iron Boulder|Booster Energy
|-activate|p1a: Iron Boulder|ability: Quark Drive|[fromitem]
|-start|p1a: Iron Boulder|quarkdrivespe
|turn|16
|
|t:|1743848264
|switch|p2a: Corviknight|Corviknight, F|81/100
|-ability|p2a: Corviknight|Pressure
|move|p1a: Iron Boulder|Mighty Cleave|p2a: Corviknight
|-damage|p2a: Corviknight|52/100
|-damage|p1a: Iron Boulder|84/100|[from] item: Rocky Helmet|[of] p2a: Corviknight
|
|upkeep
|turn|17
|
|t:|1743848271
|move|p1a: Iron Boulder|Swords Dance|p1a: Iron Boulder
|-boost|p1a: Iron Boulder|atk|2
|move|p2a: Corviknight|Roost|p2a: Corviknight
|-heal|p2a: Corviknight|100/100
|-singleturn|p2a: Corviknight|move: Roost
|
|upkeep
|turn|18
|
|t:|1743848276
|move|p1a: Iron Boulder|Mighty Cleave|p2a: Corviknight
|-damage|p2a: Corviknight|44/100
|-damage|p1a: Iron Boulder|68/100|[from] item: Rocky Helmet|[of] p2a: Corviknight
|move|p2a: Corviknight|Iron Defense|p2a: Corviknight
|-boost|p2a: Corviknight|def|2
|
|upkeep
|turn|19
|
|t:|1743848280
|move|p1a: Iron Boulder|Mighty Cleave|p2a: Corviknight
|-damage|p2a: Corviknight|13/100
|-damage|p1a: Iron Boulder|51/100|[from] item: Rocky Helmet|[of] p2a: Corviknight
|move|p2a: Corviknight|Roost|p2a: Corviknight
|-heal|p2a: Corviknight|63/100
|-singleturn|p2a: Corviknight|move: Roost
|
|upkeep
|turn|20
|
|t:|1743848285
|move|p1a: Iron Boulder|Swords Dance|p1a: Iron Boulder
|-boost|p1a: Iron Boulder|atk|2
|move|p2a: Corviknight|Roost|p2a: Corviknight
|-heal|p2a: Corviknight|100/100
|-singleturn|p2a: Corviknight|move: Roost
|
|upkeep
|turn|21
|
|t:|1743848289
|move|p1a: Iron Boulder|Mighty Cleave|p2a: Corviknight
|-damage|p2a: Corviknight|53/100
|-damage|p1a: Iron Boulder|35/100|[from] item: Rocky Helmet|[of] p2a: Corviknight
|move|p2a: Corviknight|Iron Defense|p2a: Corviknight
|-boost|p2a: Corviknight|def|2
|
|upkeep
|turn|22
|
|t:|1743848294
|move|p1a: Iron Boulder|Swords Dance|p1a: Iron Boulder
|-boost|p1a: Iron Boulder|atk|2
|move|p2a: Corviknight|Roost|p2a: Corviknight
|-heal|p2a: Corviknight|100/100
|-singleturn|p2a: Corviknight|move: Roost
|
|upkeep
|turn|23
|
|t:|1743848301
|move|p1a: Iron Boulder|Psycho Cut|p2a: Corviknight
|-resisted|p2a: Corviknight
|-damage|p2a: Corviknight|85/100
|move|p2a: Corviknight|Iron Defense|p2a: Corviknight
|-boost|p2a: Corviknight|def|2
|
|upkeep
|turn|24
|
|t:|1743848307
|-end|p1a: Iron Boulder|Quark Drive|[silent]
|switch|p1a: Garganacl|Garganacl, F, tera:Ghost|71/100
|move|p2a: Corviknight|Body Press|p1a: Garganacl
|-immune|p1a: Garganacl
|
|-heal|p1a: Garganacl|77/100|[from] item: Leftovers
|upkeep
|turn|25
|
|t:|1743848310
|move|p2a: Corviknight|U-turn|p1a: Garganacl
|-resisted|p1a: Garganacl
|-damage|p1a: Garganacl|72/100
|
|t:|1743848314
|switch|p2a: Cinderace|Cinderace, F|100/100|[from] U-turn
|move|p1a: Garganacl|Salt Cure|p2a: Cinderace
|-supereffective|p2a: Cinderace
|-damage|p2a: Cinderace|63/100
|-start|p2a: Cinderace|Salt Cure
|
|-heal|p1a: Garganacl|79/100|[from] item: Leftovers
|-damage|p2a: Cinderace|50/100|[from] Salt Cure
|upkeep
|turn|26
|
|t:|1743848323
|-terastallize|p2a: Cinderace|Fire
|move|p1a: Garganacl|Protect|p1a: Garganacl
|-singleturn|p1a: Garganacl|Protect
|move|p2a: Cinderace|Pyro Ball|p1a: Garganacl
|-activate|p1a: Garganacl|move: Protect
|
|-heal|p1a: Garganacl|85/100|[from] item: Leftovers
|-damage|p2a: Cinderace|38/100|[from] Salt Cure
|upkeep
|turn|27
|
|t:|1743848333
|switch|p1a: Iron Boulder|Iron Boulder|35/100
|move|p2a: Cinderace|Pyro Ball|p1a: Iron Boulder
|-resisted|p1a: Iron Boulder
|-damage|p1a: Iron Boulder|0 fnt
|faint|p1a: Iron Boulder
|-end|p1a: Iron Boulder|Quark Drive|[silent]
|
|-damage|p2a: Cinderace|26/100|[from] Salt Cure
|upkeep
|
|t:|1743848337
|switch|p1a: Garganacl|Garganacl, F, tera:Ghost|85/100
|turn|28
|
|t:|1743848341
|switch|p2a: Meowscarada|Meowscarada, M|14/100
|move|p1a: Garganacl|Protect||[still]
|-fail|p1a: Garganacl
|
|-heal|p1a: Garganacl|91/100|[from] item: Leftovers
|upkeep
|turn|29
|
|t:|1743848358
|move|p2a: Meowscarada|Knock Off|p1a: Garganacl
|-supereffective|p1a: Garganacl
|-crit|p1a: Garganacl
|-damage|p1a: Garganacl|7/100
|-enditem|p1a: Garganacl|Leftovers|[from] move: Knock Off|[of] p2a: Meowscarada
|move|p1a: Garganacl|Body Press|p2a: Meowscarada
|-supereffective|p2a: Meowscarada
|-damage|p2a: Meowscarada|0 fnt
|faint|p2a: Meowscarada
|
|upkeep
|
|t:|1743848365
|switch|p2a: Cinderace|Cinderace, F, tera:Fire|26/100
|turn|30
|
|t:|1743848397
|move|p1a: Garganacl|Protect|p1a: Garganacl
|-singleturn|p1a: Garganacl|Protect
|move|p2a: Cinderace|U-turn|p1a: Garganacl
|-activate|p1a: Garganacl|move: Protect
|
|upkeep
|turn|31
|
|t:|1743848402
|switch|p1a: Ogerpon|Ogerpon-Cornerstone, F|50/100
|move|p2a: Cinderace|U-turn|p1a: Ogerpon
|-supereffective|p1a: Ogerpon
|-damage|p1a: Ogerpon|0 fnt
|faint|p1a: Ogerpon
|
|t:|1743848407
|switch|p2a: Slowking|Slowking-Galar, F|100/100|[from] U-turn
|
|upkeep
|
|t:|1743848410
|switch|p1a: Garganacl|Garganacl, F, tera:Ghost|7/100
|turn|32
|
|t:|1743848417
|move|p2a: Slowking|Psyshock|p1a: Garganacl
|-damage|p1a: Garganacl|0 fnt
|faint|p1a: Garganacl
|
|win|Koto5blue
|raw|alinare12's rating: 1280 &rarr; <strong>1256</strong><br />(-24 for losing)
|raw|Koto5blue's rating: 1288 &rarr; <strong>1312</strong><br />(+24 for winning)
|l|☆alinare12
|player|p1|
|l|☆Koto5blue
|player|p2|
