|badge|p2|silver|gen9lc|30-5
|badge|p2|silver|gen9ubers|30-5
|uhtml|medal-msg|<div class="broadcast-blue">Curious what those medals under the avatar are? PS now has Ladder Seasons! For more information, check out the <a href="https://www.smogon.com/forums/threads/3740067/">thread on Smogon.</a></div>
|j|☆Mik3ymon
|j|☆wssi
|t:|1743890514
|gametype|singles
|player|p1|Mik3ymon|wallace-gen6|
|player|p2|wssi|102|
|teamsize|p1|6
|teamsize|p2|6
|gen|9
|tier|[Gen 9] OU
|rule|HP Percentage Mod: HP is shown in percentages
|rule|Endless Battle Clause: Forcing endless battles is banned
|rule|Species Clause: Limit one of each Pokémon
|rule|OHKO Clause: OHKO moves are banned
|rule|Evasion Items Clause: Evasion items are banned
|rule|Evasion Moves Clause: Evasion moves are banned
|rule|Sleep Moves Clause: Sleep-inducing moves are banned
|clearpoke
|poke|p1|Darkrai|
|poke|p1|Kyurem|
|poke|p1|Ogerpon-Wellspring, F|
|poke|p1|Enamorus, F|
|poke|p1|Great Tusk|
|poke|p1|Scizor, M|
|poke|p2|Dragapult, M|
|poke|p2|Excadrill, M|
|poke|p2|Tyranitar, M|
|poke|p2|Slowking-Galar, M|
|poke|p2|Rotom-Wash|
|poke|p2|Iron Valiant|
|teampreview
|c|☆Mik3ymon|hf
|c|☆wssi|u2
|inactive|Battle timer is ON: inactive players will automatically lose when time's up. (requested by Mik3ymon)
|
|t:|1743890556
|start
|switch|p1a: Scizor|Scizor, M, shiny|100/100
|switch|p2a: Rotom|Rotom-Wash, shiny|100/100
|turn|1
|
|t:|1743890580
|switch|p1a: Darkrai|Darkrai|100/100
|move|p2a: Rotom|Volt Switch|p1a: Darkrai
|-damage|p1a: Darkrai|57/100
|inactive|wssi has 270 seconds left.
|inactive|wssi has 240 seconds left.
|
|t:|1743890649
|switch|p2a: Tyranitar|Tyranitar, M, shiny|100/100|[from] Volt Switch
|-weather|Sandstorm|[from] ability: Sand Stream|[of] p2a: Tyranitar
|
|-weather|Sandstorm|[upkeep]
|-damage|p1a: Darkrai|51/100|[from] Sandstorm
|upkeep
|turn|2
|c|☆wssi|tiver focus
|c|☆wssi|é mafia
|
|t:|1743890667
|move|p1a: Darkrai|Will-O-Wisp|p2a: Tyranitar
|-status|p2a: Tyranitar|brn
|move|p2a: Tyranitar|Low Kick|p1a: Darkrai
|-supereffective|p1a: Darkrai
|-damage|p1a: Darkrai|11/100
|
|-weather|Sandstorm|[upkeep]
|-damage|p1a: Darkrai|5/100|[from] Sandstorm
|-damage|p2a: Tyranitar|94/100 brn|[from] brn
|upkeep
|turn|3
|
|t:|1743890680
|switch|p1a: Enamorus|Enamorus, F|100/100
|move|p2a: Tyranitar|Ice Punch|p1a: Enamorus
|-supereffective|p1a: Enamorus
|-damage|p1a: Enamorus|51/100
|-start|p2a: Tyranitar|Attract|[from] ability: Cute Charm|[of] p1a: Enamorus
|
|-weather|Sandstorm|[upkeep]
|-damage|p1a: Enamorus|44/100|[from] Sandstorm
|-heal|p1a: Enamorus|51/100|[from] item: Leftovers
|-damage|p2a: Tyranitar|88/100 brn|[from] brn
|upkeep
|turn|4
|c|☆wssi|KKKKKKKKKKKKKKKKKKKKKKKKKKKKKKKKKKKKKKKKKKKKKKKKK CUTE CHARM
|c|☆wssi|PQP
|c|☆Mik3ymon|kkkkkkkk
|inactive|wssi has 210 seconds left.
|
|t:|1743890718
|switch|p2a: Slowking|Slowking-Galar, M, shiny|100/100
|move|p1a: Enamorus|Substitute|p1a: Enamorus
|-start|p1a: Enamorus|Substitute
|-damage|p1a: Enamorus|26/100
|
|-weather|Sandstorm|[upkeep]
|-damage|p1a: Enamorus|20/100|[from] Sandstorm
|-damage|p2a: Slowking|94/100|[from] Sandstorm
|-heal|p1a: Enamorus|26/100|[from] item: Leftovers
|upkeep
|turn|5
|inactive|wssi has 210 seconds left.
|
|t:|1743890729
|move|p1a: Enamorus|Earth Power|p2a: Slowking
|-supereffective|p2a: Slowking
|-damage|p2a: Slowking|58/100
|move|p2a: Slowking|Psychic Noise|p1a: Enamorus
|-damage|p1a: Enamorus|0 fnt
|faint|p1a: Enamorus
|
|-weather|Sandstorm|[upkeep]
|-damage|p2a: Slowking|52/100|[from] Sandstorm
|upkeep
|
|t:|1743890734
|switch|p1a: Scizor|Scizor, M, shiny|100/100
|turn|6
|inactive|wssi has 210 seconds left.
|inactive|wssi has 180 seconds left.
|
|t:|1743890786
|switch|p2a: Rotom|Rotom-Wash, shiny|100/100
|move|p1a: Scizor|Knock Off|p2a: Rotom
|-damage|p2a: Rotom|55/100
|-enditem|p2a: Rotom|Choice Scarf|[from] move: Knock Off|[of] p1a: Scizor
|
|-weather|Sandstorm|[upkeep]
|-damage|p2a: Rotom|49/100|[from] Sandstorm
|upkeep
|turn|7
|inactive|wssi has 180 seconds left.
|
|t:|1743890799
|move|p2a: Rotom|Volt Switch|p1a: Scizor
|-damage|p1a: Scizor|77/100
|
|t:|1743890807
|switch|p2a: Tyranitar|Tyranitar, M, shiny|88/100 brn|[from] Volt Switch
|move|p1a: Scizor|U-turn|p2a: Tyranitar
|-supereffective|p2a: Tyranitar
|-damage|p2a: Tyranitar|21/100 brn
|
|t:|1743890818
|switch|p1a: Ogerpon|Ogerpon-Wellspring, F|100/100|[from] U-turn
|
|-weather|Sandstorm|[upkeep]
|-damage|p1a: Ogerpon|95/100|[from] Sandstorm
|-damage|p2a: Tyranitar|15/100 brn|[from] brn
|upkeep
|turn|8
|
|t:|1743890826
|move|p1a: Ogerpon|Ivy Cudgel|p2a: Tyranitar|[anim] Ivy Cudgel Water
|-supereffective|p2a: Tyranitar
|-crit|p2a: Tyranitar
|-damage|p2a: Tyranitar|0 fnt
|faint|p2a: Tyranitar
|
|-weather|none
|upkeep
|
|t:|1743890829
|switch|p2a: Dragapult|Dragapult, M, shiny|100/100
|turn|9
|
|t:|1743890834
|move|p2a: Dragapult|U-turn|p1a: Ogerpon
|-supereffective|p1a: Ogerpon
|-damage|p1a: Ogerpon|4/100
|
|t:|1743890842
|switch|p2a: Rotom|Rotom-Wash, shiny|49/100|[from] U-turn
|move|p1a: Ogerpon|Encore||[still]
|-fail|p1a: Ogerpon
|
|upkeep
|turn|10
|c|☆Mik3ymon|kkkkkkkk
|c|☆Mik3ymon|eu dei miss
|
|t:|1743890859
|move|p1a: Ogerpon|Power Whip|p2a: Rotom
|-supereffective|p2a: Rotom
|-damage|p2a: Rotom|0 fnt
|faint|p2a: Rotom
|
|upkeep
|
|t:|1743890862
|switch|p2a: Dragapult|Dragapult, M, shiny|100/100
|turn|11
|
|t:|1743890865
|switch|p1a: Darkrai|Darkrai|5/100
|move|p2a: Dragapult|U-turn|p1a: Darkrai
|-supereffective|p1a: Darkrai
|-damage|p1a: Darkrai|0 fnt
|faint|p1a: Darkrai
|inactive|wssi has 210 seconds left.
|
|t:|1743890876
|switch|p2a: Iron Valiant|Iron Valiant, shiny|100/100|[from] U-turn
|
|upkeep
|
|t:|1743890885
|switch|p1a: Scizor|Scizor, M, shiny|77/100
|turn|12
|inactive|wssi has 210 seconds left.
|
|t:|1743890906
|-end|p2a: Iron Valiant|Quark Drive|[silent]
|switch|p2a: Slowking|Slowking-Galar, M, shiny|85/100
|move|p1a: Scizor|Close Combat|p2a: Slowking
|-resisted|p2a: Slowking
|-damage|p2a: Slowking|78/100
|-unboost|p1a: Scizor|def|1
|-unboost|p1a: Scizor|spd|1
|
|upkeep
|turn|13
|c|☆wssi|e agora
|c|☆wssi|50/50
|inactive|wssi has 180 seconds left.
|inactive|Mik3ymon has 270 seconds left.
|
|t:|1743890974
|move|p1a: Scizor|Knock Off|p2a: Slowking
|-supereffective|p2a: Slowking
|-damage|p2a: Slowking|30/100
|-enditem|p2a: Slowking|Assault Vest|[from] move: Knock Off|[of] p1a: Scizor
|move|p2a: Slowking|Flamethrower|p1a: Scizor
|-supereffective|p1a: Scizor
|-damage|p1a: Scizor|0 fnt
|faint|p1a: Scizor
|
|upkeep
|inactive|Mik3ymon has 270 seconds left.
|
|t:|1743890982
|switch|p1a: Great Tusk|Great Tusk, shiny|100/100
|-enditem|p1a: Great Tusk|Booster Energy
|-activate|p1a: Great Tusk|ability: Protosynthesis|[fromitem]
|-start|p1a: Great Tusk|protosynthesisspe
|turn|14
|
|t:|1743890999
|move|p1a: Great Tusk|Headlong Rush|p2a: Slowking
|-supereffective|p2a: Slowking
|-crit|p2a: Slowking
|-damage|p2a: Slowking|0 fnt
|-unboost|p1a: Great Tusk|def|1
|-unboost|p1a: Great Tusk|spd|1
|faint|p2a: Slowking
|
|upkeep
|inactive|wssi has 150 seconds left.
|
|t:|1743891031
|switch|p2a: Dragapult|Dragapult, M, shiny|100/100
|turn|15
|
|t:|1743891040
|-terastallize|p1a: Great Tusk|Ground
|move|p1a: Great Tusk|Headlong Rush|p2a: Dragapult
|-crit|p2a: Dragapult
|-damage|p2a: Dragapult|0 fnt
|-unboost|p1a: Great Tusk|def|1
|-unboost|p1a: Great Tusk|spd|1
|faint|p2a: Dragapult
|
|upkeep
|c|☆wssi|vem epica
|inactive|wssi has 120 seconds left.
|c|☆wssi|4 Atk Tera Ground Great Tusk Headlong Rush vs. 0 HP / 0 Def Dragapult: 278-328 (87.6 - 103.4%) -- 25% chance to OHKO
|c|☆wssi|...
|c|☆wssi|LOL
|c|☆Mik3ymon|,-,
|
|t:|1743891080
|switch|p2a: Iron Valiant|Iron Valiant, shiny|100/100
|turn|16
|
|t:|1743891091
|move|p1a: Great Tusk|Headlong Rush|p2a: Iron Valiant
|-damage|p2a: Iron Valiant|14/100
|-unboost|p1a: Great Tusk|def|1
|-unboost|p1a: Great Tusk|spd|1
|move|p2a: Iron Valiant|Moonblast|p1a: Great Tusk
|-damage|p1a: Great Tusk|0 fnt
|faint|p1a: Great Tusk
|-end|p1a: Great Tusk|Protosynthesis|[silent]
|
|upkeep
|
|t:|1743891100
|switch|p1a: Kyurem|Kyurem, shiny|100/100
|-ability|p1a: Kyurem|Pressure
|turn|17
|
|t:|1743891122
|move|p2a: Iron Valiant|Moonblast|p1a: Kyurem
|-supereffective|p1a: Kyurem
|-damage|p1a: Kyurem|0 fnt
|faint|p1a: Kyurem
|
|upkeep
|c|☆wssi|gg
|c|☆Mik3ymon|speecs?
|c|☆Mik3ymon|gg
|c|☆wssi|s
|-message|Mik3ymon forfeited.
|
|win|wssi
|l|☆Mik3ymon
|player|p1|
