|j|☆supergigachadxl
|j|☆lklowxhn
|t:|1743908797
|gametype|singles
|player|p1|supergigachadxl|hiker-gen4|1293
|player|p2|lklowxhn|silver|1324
|teamsize|p1|6
|teamsize|p2|6
|gen|9
|tier|[Gen 9] OU
|rated|
|rule|HP Percentage Mod: HP is shown in percentages
|rule|Endless Battle Clause: Forcing endless battles is banned
|rule|Species Clause: Limit one of each Pokémon
|rule|OHKO Clause: OHKO moves are banned
|rule|Evasion Items Clause: Evasion items are banned
|rule|Evasion Moves Clause: Evasion moves are banned
|rule|Sleep Moves Clause: Sleep-inducing moves are banned
|clearpoke
|poke|p1|Zamazenta-*|
|poke|p1|Primarina, M|
|poke|p1|Iron Valiant|
|poke|p1|Latias, F|
|poke|p1|Cinderace, M|
|poke|p1|Iron Crown|
|poke|p2|Pelipper, F|
|poke|p2|Scizor, M|
|poke|p2|Floatzel, F|
|poke|p2|Thundurus, M|
|poke|p2|Ludicolo, F|
|poke|p2|Landorus-Therian, M|
|teampreview
|inactive|Battle timer is ON: inactive players will automatically lose when time's up. (requested by lklowxhn)
|
|t:|1743908801
|start
|switch|p1a: Primarina|Primarina, M, shiny|100/100
|switch|p2a: 梦泪菇我错了✋😭✋|Pelipper, F|100/100
|-weather|RainDance|[from] ability: Drizzle|[of] p2a: 梦泪菇我错了✋😭✋
|turn|1
|
|t:|1743908815
|move|p2a: 梦泪菇我错了✋😭✋|U-turn|p1a: Primarina
|-resisted|p1a: Primarina
|-damage|p1a: Primarina|96/100
|
|t:|1743908821
|switch|p2a: 我是 输出|Scizor, M|100/100|[from] U-turn
|move|p1a: Primarina|Moonblast|p2a: 我是 输出
|-resisted|p2a: 我是 输出
|-damage|p2a: 我是 输出|67/100
|
|-weather|RainDance|[upkeep]
|-heal|p2a: 我是 输出|73/100|[from] item: Leftovers
|upkeep
|turn|2
|
|t:|1743908833
|move|p2a: 我是 输出|U-turn|p1a: Primarina
|-resisted|p1a: Primarina
|-crit|p1a: Primarina
|-damage|p1a: Primarina|60/100
|
|t:|1743908839
|switch|p2a: 哈哈哈哈哈哈哈哈哈哈|Ludicolo, F|100/100|[from] U-turn
|move|p1a: Primarina|Hyper Voice|p2a: 哈哈哈哈哈哈哈哈哈哈
|-resisted|p2a: 哈哈哈哈哈哈哈哈哈哈
|-damage|p2a: 哈哈哈哈哈哈哈哈哈哈|77/100
|
|-weather|RainDance|[upkeep]
|upkeep
|turn|3
|
|t:|1743908859
|move|p2a: 哈哈哈哈哈哈哈哈哈哈|Giga Drain|p1a: Primarina
|-supereffective|p1a: Primarina
|-damage|p1a: Primarina|1/100
|-heal|p2a: 哈哈哈哈哈哈哈哈哈哈|100/100|[from] drain|[of] p1a: Primarina
|move|p1a: Primarina|Moonblast|p2a: 哈哈哈哈哈哈哈哈哈哈
|-damage|p2a: 哈哈哈哈哈哈哈哈哈哈|36/100
|-unboost|p2a: 哈哈哈哈哈哈哈哈哈哈|spa|1
|
|-weather|RainDance|[upkeep]
|upkeep
|turn|4
|
|t:|1743908869
|move|p1a: Primarina|Aqua Jet|p2a: 哈哈哈哈哈哈哈哈哈哈
|-resisted|p2a: 哈哈哈哈哈哈哈哈哈哈
|-damage|p2a: 哈哈哈哈哈哈哈哈哈哈|30/100
|move|p2a: 哈哈哈哈哈哈哈哈哈哈|Giga Drain|p1a: Primarina
|-supereffective|p1a: Primarina
|-damage|p1a: Primarina|0 fnt
|-heal|p2a: 哈哈哈哈哈哈哈哈哈哈|30/100|[from] drain|[of] p1a: Primarina
|faint|p1a: Primarina
|
|-weather|RainDance|[upkeep]
|upkeep
|inactive|supergigachadxl has 120 seconds left.
|
|t:|1743908896
|switch|p1a: Iron Crown|Iron Crown|100/100
|-enditem|p1a: Iron Crown|Booster Energy
|-activate|p1a: Iron Crown|ability: Quark Drive|[fromitem]
|-start|p1a: Iron Crown|quarkdrivespe
|turn|5
|l|☆supergigachadxl
|inactive|supergigachadxl disconnected and has a minute to reconnect!
|player|p1|
|j|☆supergigachadxl
|inactive|supergigachadxl reconnected and has 120 seconds left.
|player|p1|supergigachadxl|hiker-gen4|
|
|t:|1743908905
|switch|p2a: 喵|Landorus-Therian, M|100/100
|-ability|p2a: 喵|Intimidate|boost
|-unboost|p1a: Iron Crown|atk|1
|move|p1a: Iron Crown|Calm Mind|p1a: Iron Crown
|-boost|p1a: Iron Crown|spa|1
|-boost|p1a: Iron Crown|spd|1
|
|-weather|RainDance|[upkeep]
|upkeep
|turn|6
|inactive|supergigachadxl has 120 seconds left.
|
|t:|1743908924
|move|p1a: Iron Crown|Tachyon Cutter|p2a: 喵
|-damage|p2a: 喵|63/100
|-damage|p2a: 喵|27/100
|-hitcount|p2a: 喵|2
|move|p2a: 喵|Earthquake|p1a: Iron Crown
|-supereffective|p1a: Iron Crown
|-damage|p1a: Iron Crown|0 fnt
|faint|p1a: Iron Crown
|-end|p1a: Iron Crown|Quark Drive|[silent]
|
|-weather|RainDance|[upkeep]
|upkeep
|
|t:|1743908944
|switch|p1a: Zamazenta|Zamazenta, shiny|100/100
|-ability|p1a: Zamazenta|Dauntless Shield|boost
|-boost|p1a: Zamazenta|def|1
|turn|7
|
|t:|1743908950
|switch|p2a: 耐砍王|Thundurus, M|100/100
|move|p1a: Zamazenta|Iron Defense|p1a: Zamazenta
|-boost|p1a: Zamazenta|def|2
|
|-weather|RainDance|[upkeep]
|upkeep
|turn|8
|inactive|supergigachadxl has 120 seconds left.
|
|t:|1743908958
|move|p1a: Zamazenta|Substitute|p1a: Zamazenta
|-start|p1a: Zamazenta|Substitute
|-damage|p1a: Zamazenta|76/100
|move|p2a: 耐砍王|Thunder|p1a: Zamazenta
|-end|p1a: Zamazenta|Substitute
|-damage|p2a: 耐砍王|91/100|[from] item: Life Orb
|
|-weather|none
|-heal|p1a: Zamazenta|82/100|[from] item: Leftovers
|upkeep
|turn|9
|inactive|supergigachadxl has 120 seconds left.
|
|t:|1743908969
|move|p1a: Zamazenta|Substitute|p1a: Zamazenta
|-start|p1a: Zamazenta|Substitute
|-damage|p1a: Zamazenta|57/100
|move|p2a: 耐砍王|Volt Switch|p1a: Zamazenta
|-end|p1a: Zamazenta|Substitute
|-damage|p2a: 耐砍王|81/100|[from] item: Life Orb
|
|t:|1743908972
|switch|p2a: 梦泪菇我错了✋😭✋|Pelipper, F|100/100|[from] Volt Switch
|-weather|RainDance|[from] ability: Drizzle|[of] p2a: 梦泪菇我错了✋😭✋
|
|-weather|RainDance|[upkeep]
|-heal|p1a: Zamazenta|63/100|[from] item: Leftovers
|upkeep
|turn|10
|inactive|supergigachadxl has 120 seconds left.
|
|t:|1743908991
|move|p1a: Zamazenta|Body Press|p2a: 梦泪菇我错了✋😭✋
|-resisted|p2a: 梦泪菇我错了✋😭✋
|-damage|p2a: 梦泪菇我错了✋😭✋|50/100
|move|p2a: 梦泪菇我错了✋😭✋|Hurricane|p1a: Zamazenta
|-supereffective|p1a: Zamazenta
|-damage|p1a: Zamazenta|0 fnt
|faint|p1a: Zamazenta
|
|-weather|RainDance|[upkeep]
|upkeep
|inactive|supergigachadxl has 120 seconds left.
|
|t:|1743909008
|switch|p1a: Iron Valiant|Iron Valiant, shiny|100/100
|-enditem|p1a: Iron Valiant|Booster Energy
|-activate|p1a: Iron Valiant|ability: Quark Drive|[fromitem]
|-start|p1a: Iron Valiant|quarkdrivespe
|turn|11
|
|t:|1743909016
|switch|p2a: 我是 输出|Scizor, M|73/100
|move|p1a: Iron Valiant|Moonblast|p2a: 我是 输出
|-resisted|p2a: 我是 输出
|-damage|p2a: 我是 输出|46/100
|
|-weather|RainDance|[upkeep]
|-heal|p2a: 我是 输出|53/100|[from] item: Leftovers
|upkeep
|turn|12
|inactive|supergigachadxl has 120 seconds left.
|
|t:|1743909026
|move|p2a: 我是 输出|Bullet Punch|p1a: Iron Valiant
|-supereffective|p1a: Iron Valiant
|-damage|p1a: Iron Valiant|15/100
|move|p1a: Iron Valiant|Close Combat|p2a: 我是 输出
|-damage|p2a: 我是 输出|0 fnt
|-unboost|p1a: Iron Valiant|def|1
|-unboost|p1a: Iron Valiant|spd|1
|faint|p2a: 我是 输出
|
|-weather|RainDance|[upkeep]
|upkeep
|
|t:|1743909035
|switch|p2a: 一头创死在~大树上|Floatzel, F|100/100
|turn|13
|
|t:|1743909040
|move|p2a: 一头创死在~大树上|Flip Turn|p1a: Iron Valiant
|-damage|p1a: Iron Valiant|0 fnt
|faint|p1a: Iron Valiant
|-end|p1a: Iron Valiant|Quark Drive|[silent]
|-damage|p2a: 一头创死在~大树上|91/100|[from] item: Life Orb
|
|t:|1743909051
|switch|p2a: 哈哈哈哈哈哈哈哈哈哈|Ludicolo, F|30/100|[from] Flip Turn
|
|-weather|RainDance|[upkeep]
|upkeep
|
|t:|1743909057
|switch|p1a: Latias|Latias, F, shiny|100/100
|turn|14
|
|t:|1743909060
|move|p2a: 哈哈哈哈哈哈哈哈哈哈|Ice Beam|p1a: Latias
|-supereffective|p1a: Latias
|-damage|p1a: Latias|28/100
|move|p1a: Latias|Calm Mind|p1a: Latias
|-boost|p1a: Latias|spa|1
|-boost|p1a: Latias|spd|1
|
|-weather|RainDance|[upkeep]
|-heal|p1a: Latias|34/100|[from] item: Leftovers
|upkeep
|turn|15
|
|t:|1743909078
|-terastallize|p1a: Latias|Fairy
|move|p2a: 哈哈哈哈哈哈哈哈哈哈|Ice Beam|p1a: Latias
|-damage|p1a: Latias|9/100
|-status|p1a: Latias|frz
|cant|p1a: Latias|frz
|
|-weather|RainDance|[upkeep]
|-heal|p1a: Latias|15/100 frz|[from] item: Leftovers
|upkeep
|turn|16
|-message|supergigachadxl forfeited.
|
|win|lklowxhn
|raw|supergigachadxl's rating: 1293 &rarr; <strong>1270</strong><br />(-23 for losing)
|raw|lklowxhn's rating: 1324 &rarr; <strong>1342</strong><br />(+18 for winning)
|l|☆supergigachadxl
|player|p1|
|l|☆lklowxhn
|player|p2|
