|j|☆Awsomeduse10077
|j|☆wutheringrudi
|t:|1743875922
|gametype|singles
|player|p1|Awsomeduse10077|101|1137
|player|p2|wutheringrudi|170|1146
|teamsize|p1|6
|teamsize|p2|6
|gen|9
|tier|[Gen 9] OU
|rated|
|rule|HP Percentage Mod: HP is shown in percentages
|rule|Endless Battle Clause: Forcing endless battles is banned
|rule|Species Clause: Limit one of each Pokémon
|rule|OHKO Clause: OHKO moves are banned
|rule|Evasion Items Clause: Evasion items are banned
|rule|Evasion Moves Clause: Evasion moves are banned
|rule|Sleep Moves Clause: Sleep-inducing moves are banned
|clearpoke
|poke|p1|Salamence, M|
|poke|p1|Deoxys-Speed|
|poke|p1|Gengar, M|
|poke|p1|Arcanine-Hisui, F|
|poke|p1|Gyarados, F|
|poke|p1|Electrode-Hisui|
|poke|p2|Glimmora, M|
|poke|p2|Ninetales-Alola, F|
|poke|p2|Maushold-Four|
|poke|p2|Vivillon-Pokeball, M|
|poke|p2|Polteageist-Antique|
|poke|p2|Great Tusk|
|teampreview
|
|t:|1743875933
|start
|switch|p1a: Deoxys|Deoxys-Speed|100/100
|switch|p2a: Glimmora|Glimmora, M|100/100
|-ability|p1a: Deoxys|Pressure
|turn|1
|inactive|Battle timer is ON: inactive players will automatically lose when time's up. (requested by Awsomeduse10077)
|
|t:|1743875945
|move|p1a: Deoxys|Taunt|p2a: Glimmora
|-start|p2a: Glimmora|move: Taunt
|move|p2a: Glimmora|Meteor Beam||[still]
|-prepare|p2a: Glimmora|Meteor Beam
|-boost|p2a: Glimmora|spa|1
|-enditem|p2a: Glimmora|Power Herb
|-anim|p2a: Glimmora|Meteor Beam|p1a: Deoxys
|-crit|p1a: Deoxys
|-enditem|p1a: Deoxys|Focus Sash
|-damage|p1a: Deoxys|1/100
|
|upkeep
|turn|2
|
|t:|1743875952
|-terastallize|p2a: Glimmora|Flying
|move|p1a: Deoxys|Stealth Rock|p2a: Glimmora
|-sidestart|p2: wutheringrudi|move: Stealth Rock
|move|p2a: Glimmora|Sludge Bomb|p1a: Deoxys
|-damage|p1a: Deoxys|0 fnt
|faint|p1a: Deoxys
|
|upkeep
|
|t:|1743875956
|switch|p1a: Arcanine|Arcanine-Hisui, F|100/100
|turn|3
|
|t:|1743875964
|move|p1a: Arcanine|Head Smash|p2a: Glimmora
|-supereffective|p2a: Glimmora
|-crit|p2a: Glimmora
|-damage|p2a: Glimmora|0 fnt
|-activate|p2a: Glimmora|ability: Toxic Debris
|-sidestart|p1: Awsomeduse10077|move: Toxic Spikes
|faint|p2a: Glimmora
|
|upkeep
|
|t:|1743875967
|switch|p2a: Ninetales|Ninetales-Alola, F|100/100
|-damage|p2a: Ninetales|76/100|[from] Stealth Rock
|-weather|Snowscape|[from] ability: Snow Warning|[of] p2a: Ninetales
|turn|4
|
|t:|1743875970
|move|p2a: Ninetales|Aurora Veil|p2a: Ninetales
|-sidestart|p2: wutheringrudi|move: Aurora Veil
|move|p1a: Arcanine|Head Smash|p2a: Ninetales
|-supereffective|p2a: Ninetales
|-crit|p2a: Ninetales
|-damage|p2a: Ninetales|0 fnt
|faint|p2a: Ninetales
|
|-weather|Snowscape|[upkeep]
|upkeep
|
|t:|1743875974
|switch|p2a: Great Tusk|Great Tusk|100/100
|-damage|p2a: Great Tusk|98/100|[from] Stealth Rock
|-enditem|p2a: Great Tusk|Booster Energy
|-activate|p2a: Great Tusk|ability: Protosynthesis|[fromitem]
|-start|p2a: Great Tusk|protosynthesisatk
|turn|5
|
|t:|1743875979
|switch|p1a: Salamence|Salamence, M|100/100
|move|p2a: Great Tusk|Rapid Spin|p1a: Salamence
|-damage|p1a: Salamence|71/100
|-boost|p2a: Great Tusk|spe|1
|-damage|p2a: Great Tusk|81/100|[from] item: Rocky Helmet|[of] p1a: Salamence
|-sideend|p2: wutheringrudi|Stealth Rock|[from] move: Rapid Spin|[of] p2a: Great Tusk
|
|-weather|Snowscape|[upkeep]
|upkeep
|turn|6
|
|t:|1743875997
|move|p1a: Salamence|Dragon Claw|p2a: Great Tusk
|-damage|p2a: Great Tusk|66/100
|move|p2a: Great Tusk|Rapid Spin|p1a: Salamence
|-damage|p1a: Salamence|39/100
|-boost|p2a: Great Tusk|spe|1
|-damage|p2a: Great Tusk|50/100|[from] item: Rocky Helmet|[of] p1a: Salamence
|
|-weather|Snowscape|[upkeep]
|upkeep
|turn|7
|
|t:|1743876007
|move|p2a: Great Tusk|Rapid Spin|p1a: Salamence
|-damage|p1a: Salamence|10/100
|-boost|p2a: Great Tusk|spe|1
|-damage|p2a: Great Tusk|33/100|[from] item: Rocky Helmet|[of] p1a: Salamence
|move|p1a: Salamence|Dragon Claw|p2a: Great Tusk
|-damage|p2a: Great Tusk|20/100
|
|-weather|Snowscape|[upkeep]
|upkeep
|turn|8
|
|t:|1743876009
|move|p2a: Great Tusk|Rapid Spin|p1a: Salamence
|-crit|p1a: Salamence
|-damage|p1a: Salamence|0 fnt
|-boost|p2a: Great Tusk|spe|1
|-damage|p2a: Great Tusk|3/100|[from] item: Rocky Helmet|[of] p1a: Salamence
|faint|p1a: Salamence
|
|-weather|none
|upkeep
|
|t:|1743876011
|switch|p1a: Gengar|Gengar, M|100/100
|-sideend|p1: Awsomeduse10077|move: Toxic Spikes|[of] p1a: Gengar
|turn|9
|
|t:|1743876015
|move|p2a: Great Tusk|Earthquake|p1a: Gengar
|-supereffective|p1a: Gengar
|-enditem|p1a: Gengar|Focus Sash
|-damage|p1a: Gengar|1/100
|move|p1a: Gengar|Shadow Ball|p2a: Great Tusk
|-damage|p2a: Great Tusk|0 fnt
|faint|p2a: Great Tusk
|-end|p2a: Great Tusk|Protosynthesis|[silent]
|
|upkeep
|
|t:|1743876022
|switch|p2a: Polteageist|Polteageist-Antique|100/100
|turn|10
|
|t:|1743876029
|move|p1a: Gengar|Destiny Bond|p1a: Gengar
|-singlemove|p1a: Gengar|Destiny Bond
|move|p2a: Polteageist|Shell Smash|p2a: Polteageist
|-unboost|p2a: Polteageist|def|1
|-unboost|p2a: Polteageist|spd|1
|-boost|p2a: Polteageist|atk|2
|-boost|p2a: Polteageist|spa|2
|-boost|p2a: Polteageist|spe|2
|-enditem|p2a: Polteageist|White Herb
|-clearnegativeboost|p2a: Polteageist|[silent]
|
|upkeep
|turn|11
|
|t:|1743876035
|move|p2a: Polteageist|Stored Power|p1a: Gengar
|-supereffective|p1a: Gengar
|-crit|p1a: Gengar
|-damage|p1a: Gengar|0 fnt
|-start|p2a: Polteageist|Disable|Stored Power|[from] ability: Cursed Body|[of] p1a: Gengar
|faint|p1a: Gengar
|-activate|p1a: Gengar|move: Destiny Bond
|faint|p2a: Polteageist
|
|-sideend|p2: wutheringrudi|move: Aurora Veil
|upkeep
|
|t:|1743876041
|switch|p1a: Electrode|Electrode-Hisui|100/100
|switch|p2a: Vivillon|Vivillon-Pokeball, M|100/100
|turn|12
|
|t:|1743876044
|move|p1a: Electrode|Thunderbolt|p2a: Vivillon
|-supereffective|p2a: Vivillon
|-damage|p2a: Vivillon|0 fnt
|faint|p2a: Vivillon
|-damage|p1a: Electrode|91/100|[from] item: Life Orb
|
|upkeep
|
|t:|1743876047
|switch|p2a: Maushold|Maushold-Four|100/100
|turn|13
|
|t:|1743876050
|move|p1a: Electrode|Chloroblast|p2a: Maushold
|-damage|p2a: Maushold|0 fnt
|faint|p2a: Maushold
|-damage|p1a: Electrode|41/100|[from] Recoil
|-damage|p1a: Electrode|31/100|[from] item: Life Orb
|
|win|Awsomeduse10077
|raw|Awsomeduse10077's rating: 1137 &rarr; <strong>1163</strong><br />(+26 for winning)
|raw|wutheringrudi's rating: 1146 &rarr; <strong>1120</strong><br />(-26 for losing)
|l|☆wutheringrudi
|player|p2|
|l|☆Awsomeduse10077
|player|p1|
