|j|☆Slimypits
|j|☆Jwzlll
|t:|1743916814
|gametype|singles
|player|p1|Slimypits|1|1225
|player|p2|Jwzlll|2|1238
|teamsize|p1|6
|teamsize|p2|6
|gen|9
|tier|[Gen 9] OU
|rated|
|rule|HP Percentage Mod: HP is shown in percentages
|rule|Endless Battle Clause: Forcing endless battles is banned
|rule|Species Clause: Limit one of each Pokémon
|rule|OHKO Clause: OHKO moves are banned
|rule|Evasion Items Clause: Evasion items are banned
|rule|Evasion Moves Clause: Evasion moves are banned
|rule|Sleep Moves Clause: Sleep-inducing moves are banned
|clearpoke
|poke|p1|Ninetales-Alola, M|
|poke|p1|Great Tusk|
|poke|p1|Ogerpon-Wellspring, F|
|poke|p1|Blaziken, F|
|poke|p1|Gholdengo|
|poke|p1|Samurott-Hisui, F|
|poke|p2|Toxapex, F|
|poke|p2|Amoonguss, M|
|poke|p2|Chansey, F|
|poke|p2|Avalugg, M|
|poke|p2|Clodsire, F|
|poke|p2|Garganacl, F|
|teampreview
|inactive|Battle timer is ON: inactive players will automatically lose when time's up. (requested by Slimypits)
|
|t:|1743916830
|start
|switch|p1a: Ninetales|Ninetales-Alola, M|100/100
|switch|p2a: Toxapex|Toxapex, F, shiny|100/100
|-weather|Snowscape|[from] ability: Snow Warning|[of] p1a: Ninetales
|turn|1
|
|t:|1743916836
|move|p1a: Ninetales|Aurora Veil|p1a: Ninetales
|-sidestart|p1: Slimypits|move: Aurora Veil
|move|p2a: Toxapex|Toxic|p1a: Ninetales
|-status|p1a: Ninetales|tox
|
|-weather|Snowscape|[upkeep]
|-damage|p1a: Ninetales|94/100 tox|[from] psn
|upkeep
|turn|2
|
|t:|1743916846
|switch|p1a: Gholdengo|Gholdengo|100/100
|-item|p1a: Gholdengo|Air Balloon
|move|p2a: Toxapex|Toxic Spikes|p1a: Gholdengo
|-sidestart|p1: Slimypits|move: Toxic Spikes
|
|-weather|Snowscape|[upkeep]
|upkeep
|turn|3
|
|t:|1743916865
|switch|p1a: Great Tusk|Great Tusk|100/100
|-status|p1a: Great Tusk|psn
|switch|p2a: Amoonguss|Amoonguss, M, shiny|100/100
|
|-weather|Snowscape|[upkeep]
|-damage|p1a: Great Tusk|88/100 psn|[from] psn
|upkeep
|turn|4
|
|t:|1743916874
|move|p1a: Great Tusk|Knock Off|p2a: Amoonguss
|-damage|p2a: Amoonguss|59/100
|-enditem|p2a: Amoonguss|Assault Vest|[from] move: Knock Off|[of] p1a: Great Tusk
|move|p2a: Amoonguss|Bullet Seed|p1a: Great Tusk
|-supereffective|p1a: Great Tusk
|-crit|p1a: Great Tusk
|-damage|p1a: Great Tusk|67/100 psn
|-supereffective|p1a: Great Tusk
|-damage|p1a: Great Tusk|60/100 psn
|-supereffective|p1a: Great Tusk
|-damage|p1a: Great Tusk|54/100 psn
|-hitcount|p1a: Great Tusk|3
|
|-weather|Snowscape|[upkeep]
|-heal|p1a: Great Tusk|60/100 psn|[from] item: Leftovers
|-damage|p1a: Great Tusk|48/100 psn|[from] psn
|upkeep
|turn|5
|
|t:|1743916887
|move|p1a: Great Tusk|Ice Spinner|p2a: Amoonguss
|-supereffective|p2a: Amoonguss
|-damage|p2a: Amoonguss|0 fnt
|faint|p2a: Amoonguss
|
|-weather|none
|-heal|p1a: Great Tusk|54/100 psn|[from] item: Leftovers
|-damage|p1a: Great Tusk|41/100 psn|[from] psn
|upkeep
|
|t:|1743916907
|switch|p2a: Avalugg|Avalugg, M, shiny|100/100
|turn|6
|
|t:|1743916920
|-end|p1a: Great Tusk|Protosynthesis|[silent]
|switch|p1a: Gholdengo|Gholdengo|100/100
|-item|p1a: Gholdengo|Air Balloon
|move|p2a: Avalugg|Icicle Crash|p1a: Gholdengo
|-resisted|p1a: Gholdengo
|-damage|p1a: Gholdengo|90/100
|-enditem|p1a: Gholdengo|Air Balloon
|
|upkeep
|turn|7
|
|t:|1743916949
|switch|p2a: Garganacl|Garganacl, F, shiny|100/100
|move|p1a: Gholdengo|Make It Rain|p2a: Garganacl
|-supereffective|p2a: Garganacl
|-damage|p2a: Garganacl|0 fnt
|-unboost|p1a: Gholdengo|spa|1
|faint|p2a: Garganacl
|
|upkeep
|
|t:|1743916960
|switch|p2a: Chansey|Chansey, F, shiny|100/100
|turn|8
|
|t:|1743916973
|switch|p1a: Great Tusk|Great Tusk|41/100 psn
|move|p2a: Chansey|Stealth Rock|p1a: Great Tusk
|-sidestart|p1: Slimypits|move: Stealth Rock
|
|-heal|p1a: Great Tusk|48/100 psn|[from] item: Leftovers
|-damage|p1a: Great Tusk|35/100 psn|[from] psn
|-sideend|p1: Slimypits|move: Aurora Veil
|upkeep
|turn|9
|
|t:|1743916981
|move|p1a: Great Tusk|Rapid Spin|p2a: Chansey
|-damage|p2a: Chansey|86/100
|-boost|p1a: Great Tusk|spe|1
|-sideend|p1: Slimypits|Toxic Spikes|[from] move: Rapid Spin|[of] p1a: Great Tusk
|-sideend|p1: Slimypits|Stealth Rock|[from] move: Rapid Spin|[of] p1a: Great Tusk
|move|p2a: Chansey|Seismic Toss|p1a: Great Tusk
|-damage|p1a: Great Tusk|8/100 psn
|
|-heal|p1a: Great Tusk|15/100 psn|[from] item: Leftovers
|-damage|p1a: Great Tusk|2/100 psn|[from] psn
|upkeep
|turn|10
|
|t:|1743916991
|-end|p1a: Great Tusk|Protosynthesis|[silent]
|switch|p1a: Samurott|Samurott-Hisui, F|100/100
|move|p2a: Chansey|Stealth Rock|p1a: Samurott
|-sidestart|p1: Slimypits|move: Stealth Rock
|
|upkeep
|turn|11
|
|t:|1743916997
|switch|p2a: Avalugg|Avalugg, M, shiny|100/100
|move|p1a: Samurott|Ceaseless Edge|p2a: Avalugg
|-damage|p2a: Avalugg|82/100
|-sidestart|p2: Jwzlll|Spikes
|
|upkeep
|turn|12
|
|t:|1743917005
|switch|p1a: Gholdengo|Gholdengo|90/100
|-damage|p1a: Gholdengo|84/100|[from] Stealth Rock
|move|p2a: Avalugg|Body Press|p1a: Gholdengo
|-immune|p1a: Gholdengo
|
|upkeep
|turn|13
|
|t:|1743917017
|switch|p1a: Blaziken|Blaziken, F|100/100
|-damage|p1a: Blaziken|88/100|[from] Stealth Rock
|switch|p2a: Chansey|Chansey, F, shiny|86/100
|-damage|p2a: Chansey|74/100|[from] Spikes
|
|-heal|p1a: Blaziken|94/100|[from] item: Leftovers
|upkeep
|turn|14
|
|t:|1743917027
|switch|p2a: Toxapex|Toxapex, F, shiny|100/100
|-damage|p2a: Toxapex|88/100|[from] Spikes
|move|p1a: Blaziken|Swords Dance|p1a: Blaziken
|-boost|p1a: Blaziken|atk|2
|
|-heal|p1a: Blaziken|99/100|[from] item: Leftovers
|-ability|p1a: Blaziken|Speed Boost|boost
|-boost|p1a: Blaziken|spe|1
|upkeep
|turn|15
|
|t:|1743917036
|switch|p1a: Ninetales|Ninetales-Alola, M|94/100 tox
|-damage|p1a: Ninetales|70/100 tox|[from] Stealth Rock
|-weather|Snowscape|[from] ability: Snow Warning|[of] p1a: Ninetales
|move|p2a: Toxapex|Haze|p2a: Toxapex
|-clearallboost
|
|-weather|Snowscape|[upkeep]
|-damage|p1a: Ninetales|64/100 tox|[from] psn
|upkeep
|turn|16
|
|t:|1743917047
|move|p1a: Ninetales|Moonblast|p2a: Toxapex
|-resisted|p2a: Toxapex
|-damage|p2a: Toxapex|77/100
|-unboost|p2a: Toxapex|spa|1
|move|p2a: Toxapex|Toxic Spikes|p1a: Ninetales
|-sidestart|p1: Slimypits|move: Toxic Spikes
|
|-weather|Snowscape|[upkeep]
|-damage|p1a: Ninetales|52/100 tox|[from] psn
|upkeep
|turn|17
|
|t:|1743917057
|switch|p1a: Ogerpon|Ogerpon-Wellspring, F|100/100
|-damage|p1a: Ogerpon|88/100|[from] Stealth Rock
|-status|p1a: Ogerpon|psn
|switch|p2a: Chansey|Chansey, F, shiny|74/100
|-damage|p2a: Chansey|61/100|[from] Spikes
|
|-weather|Snowscape|[upkeep]
|-damage|p1a: Ogerpon|76/100 psn|[from] psn
|upkeep
|turn|18
|
|t:|1743917068
|switch|p2a: Avalugg|Avalugg, M, shiny|82/100
|move|p1a: Ogerpon|Power Whip|p2a: Avalugg|[miss]
|-miss|p1a: Ogerpon|p2a: Avalugg
|
|-weather|Snowscape|[upkeep]
|-damage|p1a: Ogerpon|64/100 psn|[from] psn
|upkeep
|turn|19
|
|t:|1743917084
|switch|p1a: Great Tusk|Great Tusk|2/100 psn
|-damage|p1a: Great Tusk|0 fnt|[from] Stealth Rock
|faint|p1a: Great Tusk
|-end|p1a: Great Tusk|Protosynthesis|[silent]
|switch|p2a: Toxapex|Toxapex, F, shiny|100/100
|-damage|p2a: Toxapex|88/100|[from] Spikes
|
|-weather|none
|upkeep
|
|t:|1743917092
|switch|p1a: Samurott|Samurott-Hisui, F|100/100
|-damage|p1a: Samurott|88/100|[from] Stealth Rock
|-status|p1a: Samurott|psn
|turn|20
|
|t:|1743917100
|move|p1a: Samurott|Knock Off|p2a: Toxapex
|-damage|p2a: Toxapex|62/100
|-enditem|p2a: Toxapex|Mental Herb|[from] move: Knock Off|[of] p1a: Samurott
|move|p2a: Toxapex|Toxic Spikes|p1a: Samurott
|-sidestart|p1: Slimypits|move: Toxic Spikes
|
|-damage|p1a: Samurott|76/100 psn|[from] psn
|upkeep
|turn|21
|
|t:|1743917109
|switch|p1a: Gholdengo|Gholdengo|84/100
|-damage|p1a: Gholdengo|78/100|[from] Stealth Rock
|switch|p2a: Avalugg|Avalugg, M, shiny|82/100
|
|upkeep
|turn|22
|
|t:|1743917118
|switch|p2a: Chansey|Chansey, F, shiny|61/100
|-damage|p2a: Chansey|49/100|[from] Spikes
|move|p1a: Gholdengo|Nasty Plot|p1a: Gholdengo
|-boost|p1a: Gholdengo|spa|2
|
|upkeep
|turn|23
|
|t:|1743917125
|move|p1a: Gholdengo|Make It Rain|p2a: Chansey
|-damage|p2a: Chansey|19/100
|-unboost|p1a: Gholdengo|spa|1
|move|p2a: Chansey|Calm Mind|p2a: Chansey
|-boost|p2a: Chansey|spa|1
|-boost|p2a: Chansey|spd|1
|
|upkeep
|turn|24
|
|t:|1743917134
|move|p1a: Gholdengo|Make It Rain|p2a: Chansey
|-damage|p2a: Chansey|4/100
|-unboost|p1a: Gholdengo|spa|1
|move|p2a: Chansey|Soft-Boiled|p2a: Chansey
|-heal|p2a: Chansey|54/100
|
|upkeep
|turn|25
|
|t:|1743917144
|switch|p1a: Samurott|Samurott-Hisui, F|76/100 psn
|-damage|p1a: Samurott|63/100 psn|[from] Stealth Rock
|move|p2a: Chansey|Soft-Boiled|p2a: Chansey
|-heal|p2a: Chansey|100/100
|
|-damage|p1a: Samurott|51/100 psn|[from] psn
|upkeep
|turn|26
|
|t:|1743917152
|switch|p2a: Avalugg|Avalugg, M, shiny|82/100
|move|p1a: Samurott|Ceaseless Edge|p2a: Avalugg
|-damage|p2a: Avalugg|65/100
|-sidestart|p2: Jwzlll|Spikes
|
|-damage|p1a: Samurott|38/100 psn|[from] psn
|upkeep
|turn|27
|
|t:|1743917171
|switch|p1a: Ninetales|Ninetales-Alola, M|52/100 tox
|-damage|p1a: Ninetales|27/100 tox|[from] Stealth Rock
|-weather|Snowscape|[from] ability: Snow Warning|[of] p1a: Ninetales
|move|p2a: Avalugg|Icicle Crash|p1a: Ninetales
|-resisted|p1a: Ninetales
|-damage|p1a: Ninetales|13/100 tox
|
|-weather|Snowscape|[upkeep]
|-damage|p1a: Ninetales|7/100 tox|[from] psn
|upkeep
|turn|28
|
|t:|1743917186
|switch|p2a: Chansey|Chansey, F, shiny|100/100
|-damage|p2a: Chansey|84/100|[from] Spikes
|move|p1a: Ninetales|Aurora Veil|p1a: Ninetales
|-sidestart|p1: Slimypits|move: Aurora Veil
|
|-weather|Snowscape|[upkeep]
|-damage|p1a: Ninetales|0 fnt|[from] psn
|faint|p1a: Ninetales
|upkeep
|
|t:|1743917195
|switch|p1a: Blaziken|Blaziken, F|99/100
|-damage|p1a: Blaziken|88/100|[from] Stealth Rock
|-status|p1a: Blaziken|tox
|turn|29
|
|t:|1743917201
|switch|p2a: Toxapex|Toxapex, F, shiny|96/100
|-damage|p2a: Toxapex|79/100|[from] Spikes
|move|p1a: Blaziken|Swords Dance|p1a: Blaziken
|-boost|p1a: Blaziken|atk|2
|
|-weather|Snowscape|[upkeep]
|-heal|p1a: Blaziken|94/100 tox|[from] item: Leftovers
|-damage|p1a: Blaziken|88/100 tox|[from] psn
|-ability|p1a: Blaziken|Speed Boost|boost
|-boost|p1a: Blaziken|spe|1
|upkeep
|turn|30
|
|t:|1743917212
|-terastallize|p1a: Blaziken|Fighting
|move|p1a: Blaziken|Close Combat|p2a: Toxapex
|-resisted|p2a: Toxapex
|-damage|p2a: Toxapex|25/100
|-unboost|p1a: Blaziken|def|1
|-unboost|p1a: Blaziken|spd|1
|move|p2a: Toxapex|Haze|p2a: Toxapex
|-clearallboost
|
|-weather|Snowscape|[upkeep]
|-heal|p1a: Blaziken|94/100 tox|[from] item: Leftovers
|-damage|p1a: Blaziken|82/100 tox|[from] psn
|-ability|p1a: Blaziken|Speed Boost|boost
|-boost|p1a: Blaziken|spe|1
|upkeep
|turn|31
|
|t:|1743917226
|move|p1a: Blaziken|Swords Dance|p1a: Blaziken
|-boost|p1a: Blaziken|atk|2
|move|p2a: Toxapex|Recover|p2a: Toxapex
|-heal|p2a: Toxapex|75/100
|
|-weather|none
|-heal|p1a: Blaziken|88/100 tox|[from] item: Leftovers
|-damage|p1a: Blaziken|70/100 tox|[from] psn
|-ability|p1a: Blaziken|Speed Boost|boost
|-boost|p1a: Blaziken|spe|1
|upkeep
|turn|32
|
|t:|1743917236
|move|p1a: Blaziken|Close Combat|p2a: Toxapex
|-resisted|p2a: Toxapex
|-damage|p2a: Toxapex|20/100
|-unboost|p1a: Blaziken|def|1
|-unboost|p1a: Blaziken|spd|1
|move|p2a: Toxapex|Haze|p2a: Toxapex
|-clearallboost
|
|-heal|p1a: Blaziken|76/100 tox|[from] item: Leftovers
|-damage|p1a: Blaziken|52/100 tox|[from] psn
|-ability|p1a: Blaziken|Speed Boost|boost
|-boost|p1a: Blaziken|spe|1
|upkeep
|turn|33
|
|t:|1743917248
|switch|p1a: Gholdengo|Gholdengo|78/100
|-damage|p1a: Gholdengo|72/100|[from] Stealth Rock
|-terastallize|p2a: Toxapex|Fairy
|move|p2a: Toxapex|Recover|p2a: Toxapex
|-heal|p2a: Toxapex|70/100
|
|upkeep
|turn|34
|
|t:|1743917263
|switch|p2a: Chansey|Chansey, F, shiny|84/100
|-damage|p2a: Chansey|67/100|[from] Spikes
|move|p1a: Gholdengo|Nasty Plot|p1a: Gholdengo
|-boost|p1a: Gholdengo|spa|2
|
|upkeep
|turn|35
|
|t:|1743917278
|move|p1a: Gholdengo|Make It Rain|p2a: Chansey
|-damage|p2a: Chansey|33/100
|-unboost|p1a: Gholdengo|spa|1
|move|p2a: Chansey|Soft-Boiled|p2a: Chansey
|-heal|p2a: Chansey|83/100
|
|-sideend|p1: Slimypits|move: Aurora Veil
|upkeep
|turn|36
|
|t:|1743917290
|switch|p1a: Samurott|Samurott-Hisui, F|38/100 psn
|-damage|p1a: Samurott|26/100 psn|[from] Stealth Rock
|move|p2a: Chansey|Calm Mind|p2a: Chansey
|-boost|p2a: Chansey|spa|1
|-boost|p2a: Chansey|spd|1
|
|-damage|p1a: Samurott|13/100 psn|[from] psn
|upkeep
|turn|37
|
|t:|1743917298
|switch|p2a: Avalugg|Avalugg, M, shiny|65/100
|move|p1a: Samurott|Ceaseless Edge|p2a: Avalugg
|-damage|p2a: Avalugg|46/100
|-sidestart|p2: Jwzlll|Spikes
|
|-damage|p1a: Samurott|1/100 psn|[from] psn
|upkeep
|turn|38
|
|t:|1743917309
|switch|p1a: Gholdengo|Gholdengo|72/100
|-damage|p1a: Gholdengo|66/100|[from] Stealth Rock
|move|p2a: Avalugg|Iron Defense|p2a: Avalugg
|-boost|p2a: Avalugg|def|2
|
|upkeep
|turn|39
|
|t:|1743917319
|switch|p2a: Chansey|Chansey, F, shiny|83/100
|-damage|p2a: Chansey|58/100|[from] Spikes
|move|p1a: Gholdengo|Nasty Plot|p1a: Gholdengo
|-boost|p1a: Gholdengo|spa|2
|
|upkeep
|turn|40
|
|t:|1743917326
|move|p1a: Gholdengo|Nasty Plot|p1a: Gholdengo
|-boost|p1a: Gholdengo|spa|2
|move|p2a: Chansey|Soft-Boiled|p2a: Chansey
|-heal|p2a: Chansey|100/100
|
|upkeep
|turn|41
|
|t:|1743917332
|move|p1a: Gholdengo|Make It Rain|p2a: Chansey
|-damage|p2a: Chansey|51/100
|-unboost|p1a: Gholdengo|spa|1
|move|p2a: Chansey|Calm Mind|p2a: Chansey
|-boost|p2a: Chansey|spa|1
|-boost|p2a: Chansey|spd|1
|
|upkeep
|turn|42
|
|t:|1743917340
|switch|p1a: Ogerpon|Ogerpon-Wellspring, F|64/100 psn
|-damage|p1a: Ogerpon|51/100 psn|[from] Stealth Rock
|move|p2a: Chansey|Soft-Boiled|p2a: Chansey
|-heal|p2a: Chansey|100/100
|
|-damage|p1a: Ogerpon|39/100 psn|[from] psn
|upkeep
|turn|43
|
|t:|1743917349
|switch|p2a: Avalugg|Avalugg, M, shiny|46/100
|move|p1a: Ogerpon|Power Whip|p2a: Avalugg
|-damage|p2a: Avalugg|13/100
|
|-damage|p1a: Ogerpon|27/100 psn|[from] psn
|upkeep
|turn|44
|
|t:|1743917365
|switch|p2a: Toxapex|Toxapex, F, shiny, tera:Fairy|100/100
|-damage|p2a: Toxapex|75/100|[from] Spikes
|move|p1a: Ogerpon|Power Whip|p2a: Toxapex
|-damage|p2a: Toxapex|29/100
|
|-damage|p1a: Ogerpon|14/100 psn|[from] psn
|upkeep
|turn|45
|
|t:|1743917377
|switch|p1a: Samurott|Samurott-Hisui, F|1/100 psn
|-damage|p1a: Samurott|0 fnt|[from] Stealth Rock
|faint|p1a: Samurott
|switch|p2a: Avalugg|Avalugg, M, shiny|13/100
|
|upkeep
|
|t:|1743917381
|switch|p1a: Gholdengo|Gholdengo|66/100
|-damage|p1a: Gholdengo|60/100|[from] Stealth Rock
|turn|46
|
|t:|1743917387
|switch|p1a: Blaziken|Blaziken, F, tera:Fighting|52/100 tox
|-damage|p1a: Blaziken|46/100 tox|[from] Stealth Rock
|switch|p2a: Chansey|Chansey, F, shiny|100/100
|-damage|p2a: Chansey|76/100|[from] Spikes
|
|-heal|p1a: Blaziken|52/100 tox|[from] item: Leftovers
|-damage|p1a: Blaziken|46/100 tox|[from] psn
|upkeep
|turn|47
|
|t:|1743917397
|move|p1a: Blaziken|Swords Dance|p1a: Blaziken
|-boost|p1a: Blaziken|atk|2
|move|p2a: Chansey|Seismic Toss|p1a: Blaziken
|-damage|p1a: Blaziken|13/100 tox
|
|-heal|p1a: Blaziken|19/100 tox|[from] item: Leftovers
|-damage|p1a: Blaziken|7/100 tox|[from] psn
|-ability|p1a: Blaziken|Speed Boost|boost
|-boost|p1a: Blaziken|spe|1
|upkeep
|turn|48
|
|t:|1743917406
|switch|p2a: Toxapex|Toxapex, F, shiny, tera:Fairy|62/100
|-damage|p2a: Toxapex|37/100|[from] Spikes
|move|p1a: Blaziken|Flare Blitz|p2a: Toxapex
|-damage|p2a: Toxapex|0 fnt
|faint|p2a: Toxapex
|-damage|p1a: Blaziken|0 fnt|[from] Recoil
|faint|p1a: Blaziken
|
|upkeep
|
|t:|1743917421
|switch|p1a: Ogerpon|Ogerpon-Wellspring, F|14/100 psn
|switch|p2a: Avalugg|Avalugg, M, shiny|13/100
|-damage|p1a: Ogerpon|2/100 psn|[from] Stealth Rock
|turn|49
|
|t:|1743917427
|move|p1a: Ogerpon|Ivy Cudgel|p2a: Avalugg|[anim] Ivy Cudgel Water
|-damage|p2a: Avalugg|0 fnt
|faint|p2a: Avalugg
|
|-damage|p1a: Ogerpon|0 fnt|[from] psn
|faint|p1a: Ogerpon
|upkeep
|
|t:|1743917435
|switch|p1a: Gholdengo|Gholdengo|60/100
|switch|p2a: Clodsire|Clodsire, F, shiny|100/100
|-damage|p1a: Gholdengo|54/100|[from] Stealth Rock
|-damage|p2a: Clodsire|75/100|[from] Spikes
|turn|50
|
|t:|1743917447
|move|p1a: Gholdengo|Nasty Plot|p1a: Gholdengo
|-boost|p1a: Gholdengo|spa|2
|move|p2a: Clodsire|Amnesia|p2a: Clodsire
|-boost|p2a: Clodsire|spd|2
|
|-heal|p2a: Clodsire|82/100|[from] item: Black Sludge
|upkeep
|turn|51
|
|t:|1743917454
|move|p1a: Gholdengo|Shadow Ball|p2a: Clodsire
|-damage|p2a: Clodsire|71/100
|move|p2a: Clodsire|Amnesia|p2a: Clodsire
|-boost|p2a: Clodsire|spd|2
|
|-heal|p2a: Clodsire|77/100|[from] item: Black Sludge
|upkeep
|turn|52
|
|t:|1743917461
|move|p1a: Gholdengo|Shadow Ball|p2a: Clodsire
|-damage|p2a: Clodsire|69/100
|move|p2a: Clodsire|Amnesia|p2a: Clodsire
|-boost|p2a: Clodsire|spd|2
|
|-heal|p2a: Clodsire|75/100|[from] item: Black Sludge
|upkeep
|turn|53
|
|t:|1743917471
|move|p1a: Gholdengo|Shadow Ball|p2a: Clodsire
|-damage|p2a: Clodsire|70/100
|move|p2a: Clodsire|Toxic Spikes||[still]
|-fail|p2a: Clodsire
|
|-heal|p2a: Clodsire|76/100|[from] item: Black Sludge
|upkeep
|turn|54
|
|t:|1743917479
|move|p1a: Gholdengo|Shadow Ball|p2a: Clodsire
|-damage|p2a: Clodsire|70/100
|move|p2a: Clodsire|Amnesia|p2a: Clodsire
|-boost|p2a: Clodsire|spd|0
|
|-heal|p2a: Clodsire|76/100|[from] item: Black Sludge
|upkeep
|turn|55
|
|t:|1743917489
|move|p1a: Gholdengo|Recover|p1a: Gholdengo
|-heal|p1a: Gholdengo|100/100
|move|p2a: Clodsire|Toxic Spikes||[still]
|-fail|p2a: Clodsire
|
|-heal|p2a: Clodsire|83/100|[from] item: Black Sludge
|upkeep
|turn|56
|
|t:|1743917497
|move|p1a: Gholdengo|Nasty Plot|p1a: Gholdengo
|-boost|p1a: Gholdengo|spa|2
|move|p2a: Clodsire|Toxic Spikes||[still]
|-fail|p2a: Clodsire
|
|-heal|p2a: Clodsire|89/100|[from] item: Black Sludge
|upkeep
|turn|57
|
|t:|1743917503
|move|p1a: Gholdengo|Nasty Plot|p1a: Gholdengo
|-boost|p1a: Gholdengo|spa|2
|move|p2a: Clodsire|Toxic Spikes||[still]
|-fail|p2a: Clodsire
|
|-heal|p2a: Clodsire|95/100|[from] item: Black Sludge
|upkeep
|turn|58
|
|t:|1743917511
|move|p1a: Gholdengo|Shadow Ball|p2a: Clodsire
|-damage|p2a: Clodsire|89/100
|move|p2a: Clodsire|Recover|p2a: Clodsire
|-heal|p2a: Clodsire|100/100
|
|upkeep
|turn|59
|
|t:|1743917517
|move|p1a: Gholdengo|Shadow Ball|p2a: Clodsire
|-damage|p2a: Clodsire|95/100
|move|p2a: Clodsire|Toxic Spikes||[still]
|-fail|p2a: Clodsire
|
|-heal|p2a: Clodsire|100/100|[from] item: Black Sludge
|upkeep
|turn|60
|
|t:|1743917532
|move|p1a: Gholdengo|Shadow Ball|p2a: Clodsire
|-damage|p2a: Clodsire|95/100
|move|p2a: Clodsire|Toxic Spikes||[still]
|-fail|p2a: Clodsire
|
|-heal|p2a: Clodsire|100/100|[from] item: Black Sludge
|upkeep
|turn|61
|
|t:|1743917538
|move|p1a: Gholdengo|Shadow Ball|p2a: Clodsire
|-damage|p2a: Clodsire|95/100
|-unboost|p2a: Clodsire|spd|1
|move|p2a: Clodsire|Toxic Spikes||[still]
|-fail|p2a: Clodsire
|
|-heal|p2a: Clodsire|100/100|[from] item: Black Sludge
|upkeep
|turn|62
|
|t:|1743917546
|move|p1a: Gholdengo|Nasty Plot|p1a: Gholdengo
|-boost|p1a: Gholdengo|spa|0
|move|p2a: Clodsire|Amnesia|p2a: Clodsire
|-boost|p2a: Clodsire|spd|1
|
|upkeep
|turn|63
|
|t:|1743917552
|move|p1a: Gholdengo|Nasty Plot|p1a: Gholdengo
|-boost|p1a: Gholdengo|spa|0
|move|p2a: Clodsire|Toxic Spikes||[still]
|-fail|p2a: Clodsire
|
|upkeep
|turn|64
|
|t:|1743917557
|move|p1a: Gholdengo|Nasty Plot|p1a: Gholdengo
|-boost|p1a: Gholdengo|spa|0
|move|p2a: Clodsire|Toxic Spikes||[still]
|-fail|p2a: Clodsire
|
|upkeep
|turn|65
|
|t:|1743917563
|move|p1a: Gholdengo|Nasty Plot|p1a: Gholdengo
|-boost|p1a: Gholdengo|spa|0
|move|p2a: Clodsire|Toxic Spikes||[still]
|-fail|p2a: Clodsire
|
|upkeep
|turn|66
|
|t:|1743917569
|move|p1a: Gholdengo|Nasty Plot|p1a: Gholdengo
|-boost|p1a: Gholdengo|spa|0
|move|p2a: Clodsire|Toxic Spikes||[still]
|-fail|p2a: Clodsire
|
|upkeep
|turn|67
|
|t:|1743917575
|move|p1a: Gholdengo|Nasty Plot|p1a: Gholdengo
|-boost|p1a: Gholdengo|spa|0
|move|p2a: Clodsire|Toxic Spikes||[still]
|-fail|p2a: Clodsire
|
|upkeep
|turn|68
|
|t:|1743917581
|move|p1a: Gholdengo|Shadow Ball|p2a: Clodsire
|-damage|p2a: Clodsire|95/100
|move|p2a: Clodsire|Toxic Spikes||[still]
|-fail|p2a: Clodsire
|
|-heal|p2a: Clodsire|100/100|[from] item: Black Sludge
|upkeep
|turn|69
|-message|Slimypits forfeited.
|
|win|Jwzlll
|raw|Slimypits's rating: 1225 &rarr; <strong>1201</strong><br />(-24 for losing)
|raw|Jwzlll's rating: 1238 &rarr; <strong>1262</strong><br />(+24 for winning)
|l|☆Slimypits
|player|p1|
|l|☆Jwzlll
|player|p2|
