|j|☆highscore59
|j|☆Mimizy ❤️
|t:|1743859363
|gametype|singles
|player|p1|highscore59|giovanni|1102
|player|p2|Mimizy ❤️|rosa-masters2|1154
|teamsize|p1|6
|teamsize|p2|6
|gen|9
|tier|[Gen 9] OU
|rated|
|rule|HP Percentage Mod: HP is shown in percentages
|rule|Endless Battle Clause: Forcing endless battles is banned
|rule|Species Clause: Limit one of each Pokémon
|rule|OHKO Clause: OHKO moves are banned
|rule|Evasion Items Clause: Evasion items are banned
|rule|Evasion Moves Clause: Evasion moves are banned
|rule|Sleep Moves Clause: Sleep-inducing moves are banned
|clearpoke
|poke|p1|Minior-Indigo|
|poke|p1|Shaymin|
|poke|p1|Hariyama, F|
|poke|p1|Wigglytuff, F|
|poke|p1|Bellossom, F|
|poke|p1|Cetitan, F|
|poke|p2|Ribombee, M|
|poke|p2|Darkrai|
|poke|p2|Landorus-Therian, M|
|poke|p2|Moltres|
|poke|p2|Kommo-o, M|
|poke|p2|Primarina, M|
|teampreview
|inactive|Battle timer is ON: inactive players will automatically lose when time's up. (requested by Mimizy ❤️)
|inactive|highscore59 also wants the timer to be on.
|c|☆highscore59|i randomized my team
|inactive|Mimizy ❤️ has 120 seconds left.
|c|☆Mimizy ❤️|oh ok, i was wondering what i was looking at
|c|☆Mimizy ❤️|c h a t g p t t e a m
|
|t:|1743859418
|start
|switch|p1a: Wigglytuff|Wigglytuff, F|100/100
|switch|p2a: 可愛いと渋いです|Ribombee, M, shiny|100/100
|turn|1
|
|t:|1743859426
|move|p2a: 可愛いと渋いです|Sticky Web|p1a: Wigglytuff
|-sidestart|p1: highscore59|move: Sticky Web
|move|p1a: Wigglytuff|Encore|p2a: 可愛いと渋いです
|-start|p2a: 可愛いと渋いです|Encore
|
|upkeep
|turn|2
|
|t:|1743859434
|switch|p2a: Funny|Landorus-Therian, M|100/100
|-ability|p2a: Funny|Intimidate|boost
|-unboost|p1a: Wigglytuff|atk|1
|-ability|p1a: Wigglytuff|Competitive|boost
|-boost|p1a: Wigglytuff|spa|2
|move|p1a: Wigglytuff|Taunt|p2a: Funny
|-start|p2a: Funny|move: Taunt
|
|upkeep
|turn|3
|
|t:|1743859442
|move|p2a: Funny|Sludge Bomb|p1a: Wigglytuff
|-supereffective|p1a: Wigglytuff
|-damage|p1a: Wigglytuff|55/100
|move|p1a: Wigglytuff|Alluring Voice|p2a: Funny
|-damage|p2a: Funny|36/100
|
|-heal|p1a: Wigglytuff|62/100|[from] item: Leftovers
|upkeep
|turn|4
|
|t:|1743859449
|switch|p2a: 水曜日|Primarina, M|100/100
|move|p1a: Wigglytuff|Alluring Voice|p2a: 水曜日
|-damage|p2a: 水曜日|72/100
|
|-heal|p1a: Wigglytuff|68/100|[from] item: Leftovers
|upkeep
|turn|5
|
|t:|1743859456
|move|p2a: 水曜日|Moonblast|p1a: Wigglytuff
|-damage|p1a: Wigglytuff|26/100
|move|p1a: Wigglytuff|Alluring Voice|p2a: 水曜日
|-damage|p2a: 水曜日|46/100
|
|-heal|p1a: Wigglytuff|33/100|[from] item: Leftovers
|upkeep
|turn|6
|
|t:|1743859463
|move|p2a: 水曜日|Moonblast|p1a: Wigglytuff
|-damage|p1a: Wigglytuff|0 fnt
|faint|p1a: Wigglytuff
|
|upkeep
|
|t:|1743859468
|switch|p1a: Bellossom|Bellossom, F|100/100
|-activate|p1a: Bellossom|move: Sticky Web
|-unboost|p1a: Bellossom|spe|1
|turn|7
|
|t:|1743859492
|switch|p2a: 暑い|Moltres, shiny|100/100
|move|p1a: Bellossom|Quiver Dance|p1a: Bellossom
|-boost|p1a: Bellossom|spa|1
|-boost|p1a: Bellossom|spd|1
|-boost|p1a: Bellossom|spe|1
|
|upkeep
|turn|8
|
|t:|1743859502
|-terastallize|p1a: Bellossom|Fairy
|move|p1a: Bellossom|Sludge Bomb|p2a: 暑い
|-damage|p2a: 暑い|56/100
|move|p2a: 暑い|Flamethrower|p1a: Bellossom
|-damage|p1a: Bellossom|71/100
|
|-heal|p1a: Bellossom|77/100|[from] item: Leftovers
|upkeep
|turn|9
|inactive|Mimizy ❤️ has 120 seconds left.
|
|t:|1743859532
|switch|p2a: 水曜日|Primarina, M|46/100
|move|p1a: Bellossom|Sludge Bomb|p2a: 水曜日
|-supereffective|p2a: 水曜日
|-damage|p2a: 水曜日|4/100
|
|-heal|p1a: Bellossom|83/100|[from] item: Leftovers
|upkeep
|turn|10
|
|t:|1743859541
|move|p1a: Bellossom|Giga Drain|p2a: 水曜日
|-supereffective|p2a: 水曜日
|-damage|p2a: 水曜日|0 fnt
|-heal|p1a: Bellossom|85/100|[from] drain|[of] p2a: 水曜日
|faint|p2a: 水曜日
|
|-heal|p1a: Bellossom|91/100|[from] item: Leftovers
|upkeep
|inactive|Mimizy ❤️ has 120 seconds left.
|
|t:|1743859567
|switch|p2a: Funny|Landorus-Therian, M|36/100
|-ability|p2a: Funny|Intimidate|boost
|-unboost|p1a: Bellossom|atk|1
|turn|11
|
|t:|1743859571
|move|p2a: Funny|Sludge Bomb|p1a: Bellossom
|-supereffective|p1a: Bellossom
|-damage|p1a: Bellossom|46/100
|move|p1a: Bellossom|Giga Drain|p2a: Funny
|-damage|p2a: Funny|0 fnt
|-heal|p1a: Bellossom|65/100|[from] drain|[of] p2a: Funny
|faint|p2a: Funny
|
|-heal|p1a: Bellossom|72/100|[from] item: Leftovers
|upkeep
|c|☆Mimizy ❤️|Theres no way 🥺
|c|☆Mimizy ❤️|am i gonna lose to a bellossom..
|inactive|Mimizy ❤️ has 90 seconds left.
|c|☆highscore59|i didnt think bellosom was this good
|c|☆Mimizy ❤️|she's her apparently
|inactive|Mimizy ❤️ has 60 seconds left.
|c|☆Mimizy ❤️|that and my team sucks
|c|☆highscore59|it isnt bellosom prrof
|inactive|Mimizy ❤️ has 30 seconds left.
|
|t:|1743859666
|switch|p2a: GN|Darkrai|100/100
|turn|12
|c|☆Mimizy ❤️|yeah im swept
|inactive|Mimizy ❤️ has 30 seconds left.
|
|t:|1743859677
|move|p2a: GN|Nasty Plot|p2a: GN
|-boost|p2a: GN|spa|2
|move|p1a: Bellossom|Moonblast|p2a: GN
|-supereffective|p2a: GN
|-damage|p2a: GN|0 fnt
|faint|p2a: GN
|
|-heal|p1a: Bellossom|78/100|[from] item: Leftovers
|upkeep
|inactive|Mimizy ❤️ has 30 seconds left.
|inactive|Mimizy ❤️ has 20 seconds left.
|
|t:|1743859693
|switch|p2a: 暑い|Moltres, shiny|56/100
|turn|13
|inactive|Mimizy ❤️ has 30 seconds left this turn.
|
|t:|1743859701
|move|p1a: Bellossom|Sludge Bomb|p2a: 暑い
|-damage|p2a: 暑い|12/100
|move|p2a: 暑い|Flamethrower|p1a: Bellossom
|-damage|p1a: Bellossom|48/100
|
|-heal|p1a: Bellossom|54/100|[from] item: Leftovers
|upkeep
|turn|14
|
|t:|1743859709
|move|p1a: Bellossom|Sludge Bomb|p2a: 暑い
|-damage|p2a: 暑い|0 fnt
|faint|p2a: 暑い
|
|-heal|p1a: Bellossom|60/100|[from] item: Leftovers
|upkeep
|
|t:|1743859712
|switch|p2a: Your nightmare|Kommo-o, M|100/100
|turn|15
|
|t:|1743859716
|-terastallize|p2a: Your nightmare|Ghost
|move|p2a: Your nightmare|Dragon Dance|p2a: Your nightmare
|-boost|p2a: Your nightmare|atk|1
|-boost|p2a: Your nightmare|spe|1
|move|p1a: Bellossom|Moonblast|p2a: Your nightmare
|-damage|p2a: Your nightmare|33/100
|-unboost|p2a: Your nightmare|spa|1
|
|-heal|p1a: Bellossom|66/100|[from] item: Leftovers
|upkeep
|turn|16
|
|t:|1743859730
|move|p2a: Your nightmare|Earthquake|p1a: Bellossom
|-damage|p1a: Bellossom|3/100
|move|p1a: Bellossom|Moonblast|p2a: Your nightmare
|-damage|p2a: Your nightmare|0 fnt
|faint|p2a: Your nightmare
|
|-heal|p1a: Bellossom|9/100|[from] item: Leftovers
|upkeep
|
|t:|1743859733
|switch|p2a: 可愛いと渋いです|Ribombee, M, shiny|100/100
|turn|17
|
|t:|1743859737
|move|p2a: 可愛いと渋いです|Moonblast|p1a: Bellossom
|-damage|p1a: Bellossom|0 fnt
|faint|p1a: Bellossom
|
|upkeep
|c|☆Mimizy ❤️|:(
|
|t:|1743859743
|switch|p1a: Minior|Minior-Indigo|100/100
|-formechange|p1a: Minior|Minior-Meteor||[from] ability: Shields Down
|turn|18
|
|t:|1743859752
|move|p2a: 可愛いと渋いです|Moonblast|p1a: Minior
|-damage|p1a: Minior|51/100
|move|p1a: Minior|Acrobatics|p2a: 可愛いと渋いです
|-supereffective|p2a: 可愛いと渋いです
|-damage|p2a: 可愛いと渋いです|26/100
|
|-heal|p1a: Minior|57/100|[from] item: Leftovers
|upkeep
|turn|19
|c|☆highscore59|so close with the komoo
|
|t:|1743859764
|move|p2a: 可愛いと渋いです|Moonblast|p1a: Minior
|-damage|p1a: Minior|9/100
|-unboost|p1a: Minior|spa|1
|move|p1a: Minior|Acrobatics|p2a: 可愛いと渋いです
|-supereffective|p2a: 可愛いと渋いです
|-damage|p2a: 可愛いと渋いです|0 fnt
|faint|p2a: 可愛いと渋いです
|
|win|highscore59
|raw|highscore59's rating: 1102 &rarr; <strong>1131</strong><br />(+29 for winning)
|raw|Mimizy ❤️'s rating: 1154 &rarr; <strong>1125</strong><br />(-29 for losing)
|l|☆Mimizy ❤️
|player|p2|
|c|☆highscore59|gg
|l|☆highscore59
|player|p1|
|j|☆Mimizy ❤️
|player|p2|Mimizy ❤️|rosa-masters2|
|j| LeHackeron James
|l|☆Mimizy ❤️
|player|p2|
|j| adreamew
|j| Lazilalt
|l| Lazilalt
|l| adreamew
|j| Lazilalt
|l| Lazilalt
