|j|☆turnyacc
|j|☆roc$ktar made
|t:|1743834068
|gametype|singles
|player|p1|turnyacc|266|1814
|player|p2|roc$ktar made|pokefan-gen4|1740
|teamsize|p1|6
|teamsize|p2|6
|gen|9
|tier|[Gen 9] OU
|rated|
|rule|HP Percentage Mod: HP is shown in percentages
|rule|Endless Battle Clause: Forcing endless battles is banned
|rule|Species Clause: Limit one of each Pokémon
|rule|OHKO Clause: OHKO moves are banned
|rule|Evasion Items Clause: Evasion items are banned
|rule|Evasion Moves Clause: Evasion moves are banned
|rule|Sleep Moves Clause: Sleep-inducing moves are banned
|clearpoke
|poke|p1|Moltres|
|poke|p1|Clodsire, M|
|poke|p1|Raging Bolt|
|poke|p1|Great Tusk|
|poke|p1|Clefable, M|
|poke|p1|Iron Crown|
|poke|p2|Weezing-Galar, M|
|poke|p2|Alomomola, F|
|poke|p2|Enamorus, F|
|poke|p2|Iron Treads|
|poke|p2|Zoroark-Hisui, M|
|poke|p2|Zamazenta-*|
|teampreview
|inactive|Battle timer is ON: inactive players will automatically lose when time's up. (requested by roc$ktar made)
|inactive|roc$ktar made has 120 seconds left.
|
|t:|1743834106
|start
|switch|p1a: Clodsire|Clodsire, M|100/100
|switch|p2a: Iron Treads|Iron Treads|100/100
|turn|1
|
|t:|1743834116
|switch|p1a: Moltres|Moltres|100/100
|-terastallize|p2a: Iron Treads|Ghost
|move|p2a: Iron Treads|Shadow Ball|p1a: Moltres
|-damage|p1a: Moltres|23/100
|-unboost|p1a: Moltres|spd|1
|
|upkeep
|turn|2
|
|t:|1743834128
|switch|p1a: Clodsire|Clodsire, M|100/100
|move|p2a: Iron Treads|Shadow Ball|p1a: Clodsire
|-crit|p1a: Clodsire
|-damage|p1a: Clodsire|40/100
|
|-heal|p1a: Clodsire|46/100|[from] item: Leftovers
|upkeep
|turn|3
|
|t:|1743834131
|move|p2a: Iron Treads|Shadow Ball|p1a: Clodsire
|-damage|p1a: Clodsire|2/100
|-unboost|p1a: Clodsire|spd|1
|move|p1a: Clodsire|Recover|p1a: Clodsire
|-heal|p1a: Clodsire|53/100
|
|-heal|p1a: Clodsire|59/100|[from] item: Leftovers
|upkeep
|turn|4
|c|☆turnyacc|crit drop
|c|☆roc$ktar made|im so sorry :((((
|c|☆roc$ktar made|not.
|inactive|turnyacc has 120 seconds left.
|
|t:|1743834179
|move|p2a: Iron Treads|Shadow Ball|p1a: Clodsire
|-damage|p1a: Clodsire|0 fnt
|faint|p1a: Clodsire
|
|upkeep
|
|t:|1743834195
|switch|p1a: Iron Crown|Iron Crown|100/100
|turn|5
|
|t:|1743834206
|switch|p2a: Alomomola|Alomomola, F|100/100
|move|p1a: Iron Crown|Tachyon Cutter|p2a: Alomomola
|-resisted|p2a: Alomomola
|-damage|p2a: Alomomola|94/100
|-resisted|p2a: Alomomola
|-damage|p2a: Alomomola|88/100
|-hitcount|p2a: Alomomola|2
|
|upkeep
|turn|6
|
|t:|1743834209
|move|p1a: Iron Crown|Future Sight|p2a: Alomomola
|-start|p1a: Iron Crown|move: Future Sight
|move|p2a: Alomomola|Flip Turn|p1a: Iron Crown
|-damage|p1a: Iron Crown|85/100
|
|t:|1743834218
|switch|p2a: Iron Treads|Iron Treads, tera:Ghost|100/100|[from] Flip Turn
|
|upkeep
|turn|7
|inactive|turnyacc has 120 seconds left.
|
|t:|1743834239
|move|p2a: Iron Treads|U-turn|p1a: Iron Crown
|-damage|p1a: Iron Crown|69/100
|
|t:|1743834243
|switch|p2a: Iron Treads|Iron Treads|100/100|[from] U-turn
|move|p1a: Iron Crown|Tachyon Cutter|p2a: Iron Treads
|-resisted|p2a: Iron Treads
|-damage|p2a: Iron Treads|91/100
|-resisted|p2a: Iron Treads
|-damage|p2a: Iron Treads|82/100
|-hitcount|p2a: Iron Treads|2
|
|-heal|p2a: Iron Treads|88/100|[from] item: Leftovers
|upkeep
|turn|8
|
|t:|1743834248
|-end|p1a: Iron Crown|Quark Drive|[silent]
|switch|p1a: Moltres|Moltres|23/100
|move|p2a: Iron Treads|Stealth Rock|p1a: Moltres
|-sidestart|p1: turnyacc|move: Stealth Rock
|
|-end|p2a: Iron Treads|move: Future Sight
|-resisted|p2a: Iron Treads
|-damage|p2a: Iron Treads|65/100
|-heal|p2a: Iron Treads|71/100|[from] item: Leftovers
|upkeep
|turn|9
|
|t:|1743834254
|-end|p2a: Iron Treads|Quark Drive|[silent]
|switch|p2a: Alomomola|Alomomola, F|100/100
|move|p1a: Moltres|Roost|p1a: Moltres
|-heal|p1a: Moltres|73/100
|-singleturn|p1a: Moltres|move: Roost
|
|upkeep
|turn|10
|
|t:|1743834258
|move|p1a: Moltres|Will-O-Wisp|p2a: Alomomola
|-status|p2a: Alomomola|brn
|move|p2a: Alomomola|Flip Turn|p1a: Moltres
|-supereffective|p1a: Moltres
|-damage|p1a: Moltres|62/100
|
|t:|1743834260
|switch|p2a: Alomomola|Alomomola, F, tera:Ghost|100/100|[from] Flip Turn
|
|upkeep
|turn|11
|
|t:|1743834281
|move|p2a: Alomomola|Shadow Ball|p1a: Moltres
|-damage|p1a: Moltres|0 fnt
|faint|p1a: Moltres
|
|upkeep
|
|t:|1743834284
|switch|p1a: Clefable|Clefable, M|100/100
|turn|12
|
|t:|1743834300
|switch|p2a: Iron Treads|Iron Treads|71/100
|move|p1a: Clefable|Thunder Wave|p2a: Iron Treads
|-immune|p2a: Iron Treads
|
|-heal|p2a: Iron Treads|77/100|[from] item: Leftovers
|upkeep
|turn|13
|
|t:|1743834303
|move|p2a: Iron Treads|Knock Off|p1a: Clefable
|-resisted|p1a: Clefable
|-damage|p1a: Clefable|91/100
|-enditem|p1a: Clefable|Leftovers|[from] move: Knock Off|[of] p2a: Iron Treads
|move|p1a: Clefable|Stealth Rock|p2a: Iron Treads
|-sidestart|p2: roc$ktar made|move: Stealth Rock
|
|-heal|p2a: Iron Treads|83/100|[from] item: Leftovers
|upkeep
|turn|14
|
|t:|1743834308
|move|p2a: Iron Treads|Rapid Spin|p1a: Clefable
|-damage|p1a: Clefable|81/100
|-boost|p2a: Iron Treads|spe|1
|-sideend|p2: roc$ktar made|Stealth Rock|[from] move: Rapid Spin|[of] p2a: Iron Treads
|move|p1a: Clefable|Wish|p1a: Clefable
|
|-heal|p2a: Iron Treads|90/100|[from] item: Leftovers
|upkeep
|turn|15
|
|t:|1743834313
|switch|p1a: Great Tusk|Great Tusk|100/100
|move|p2a: Iron Treads|Earthquake|p1a: Great Tusk
|-crit|p1a: Great Tusk
|-damage|p1a: Great Tusk|61/100
|
|-heal|p1a: Great Tusk|100/100|[from] move: Wish|[wisher] Clefable
|-heal|p2a: Iron Treads|96/100|[from] item: Leftovers
|upkeep
|turn|16
|
|t:|1743834326
|-end|p2a: Iron Treads|Quark Drive|[silent]
|switch|p2a: Alomomola|Alomomola, F|100/100 brn
|move|p1a: Great Tusk|Rapid Spin|p2a: Alomomola
|-damage|p2a: Alomomola|89/100 brn
|-boost|p1a: Great Tusk|spe|1
|-sideend|p1: turnyacc|Stealth Rock|[from] move: Rapid Spin|[of] p1a: Great Tusk
|
|-damage|p2a: Alomomola|83/100 brn|[from] brn
|upkeep
|turn|17
|
|t:|1743834329
|move|p1a: Great Tusk|Knock Off|p2a: Alomomola
|-damage|p2a: Alomomola|61/100 brn
|-enditem|p2a: Alomomola|Assault Vest|[from] move: Knock Off|[of] p1a: Great Tusk
|move|p2a: Alomomola|Flip Turn|p1a: Great Tusk
|-supereffective|p1a: Great Tusk
|-damage|p1a: Great Tusk|89/100
|
|t:|1743834340
|switch|p2a: Weezing|Weezing-Galar, M|100/100|[from] Flip Turn
|-ability|p2a: Weezing|Neutralizing Gas
|
|upkeep
|turn|18
|
|t:|1743834343
|move|p1a: Great Tusk|Headlong Rush|p2a: Weezing
|-supereffective|p2a: Weezing
|-damage|p2a: Weezing|24/100
|-unboost|p1a: Great Tusk|def|1
|-unboost|p1a: Great Tusk|spd|1
|move|p2a: Weezing|Will-O-Wisp|p1a: Great Tusk
|-status|p1a: Great Tusk|brn
|
|-heal|p2a: Weezing|30/100|[from] item: Leftovers
|-damage|p1a: Great Tusk|83/100 brn|[from] brn
|upkeep
|turn|19
|
|t:|1743834364
|-end|p2a: Weezing|ability: Neutralizing Gas
|switch|p2a: Enamorus|Enamorus, F|100/100
|move|p1a: Great Tusk|Headlong Rush|p2a: Enamorus
|-immune|p2a: Enamorus
|
|-damage|p1a: Great Tusk|77/100 brn|[from] brn
|upkeep
|turn|20
|
|t:|1743834368
|move|p2a: Enamorus|Earth Power|p1a: Great Tusk
|-damage|p1a: Great Tusk|0 fnt
|faint|p1a: Great Tusk
|-end|p1a: Great Tusk|Protosynthesis|[silent]
|
|upkeep
|
|t:|1743834372
|switch|p1a: Clefable|Clefable, M|81/100
|turn|21
|
|t:|1743834374
|switch|p2a: Iron Treads|Iron Treads|96/100
|move|p1a: Clefable|Wish|p1a: Clefable
|
|-heal|p2a: Iron Treads|100/100|[from] item: Leftovers
|upkeep
|turn|22
|
|t:|1743834377
|switch|p1a: Iron Crown|Iron Crown|69/100
|move|p2a: Iron Treads|Stealth Rock|p1a: Iron Crown
|-sidestart|p1: turnyacc|move: Stealth Rock
|
|-heal|p1a: Iron Crown|100/100|[from] move: Wish|[wisher] Clefable
|upkeep
|turn|23
|
|t:|1743834381
|move|p1a: Iron Crown|Future Sight|p2a: Iron Treads
|-start|p1a: Iron Crown|move: Future Sight
|move|p2a: Iron Treads|Knock Off|p1a: Iron Crown
|-supereffective|p1a: Iron Crown
|-damage|p1a: Iron Crown|49/100
|-enditem|p1a: Iron Crown|Assault Vest|[from] move: Knock Off|[of] p2a: Iron Treads
|
|upkeep
|turn|24
|
|t:|1743834386
|move|p1a: Iron Crown|Tachyon Cutter|p2a: Iron Treads
|-resisted|p2a: Iron Treads
|-damage|p2a: Iron Treads|91/100
|-resisted|p2a: Iron Treads
|-damage|p2a: Iron Treads|81/100
|-hitcount|p2a: Iron Treads|2
|move|p2a: Iron Treads|Earthquake|p1a: Iron Crown
|-supereffective|p1a: Iron Crown
|-damage|p1a: Iron Crown|0 fnt
|faint|p1a: Iron Crown
|-end|p1a: Iron Crown|Quark Drive|[silent]
|
|-heal|p2a: Iron Treads|87/100|[from] item: Leftovers
|upkeep
|j| Trucker Hat Mew
|
|t:|1743834390
|switch|p1a: Clefable|Clefable, M|81/100
|turn|25
|j| frindlebabbin
|
|t:|1743834394
|move|p2a: Iron Treads|Earthquake|p1a: Clefable
|-damage|p1a: Clefable|54/100
|move|p1a: Clefable|Wish|p1a: Clefable
|
|-end|p2a: Iron Treads|move: Future Sight
|-resisted|p2a: Iron Treads
|-damage|p2a: Iron Treads|64/100
|-heal|p2a: Iron Treads|70/100|[from] item: Leftovers
|upkeep
|turn|26
|
|t:|1743834415
|-end|p2a: Iron Treads|Quark Drive|[silent]
|switch|p2a: Enamorus|Enamorus, F, tera:Ghost|100/100
|move|p1a: Clefable|Moonblast|p2a: Enamorus
|-damage|p2a: Enamorus|38/100
|replace|p2a: Zoroark|Zoroark-Hisui, M
|-end|p2a: Zoroark|Illusion
|
|-heal|p1a: Clefable|100/100|[from] move: Wish|[wisher] Clefable
|upkeep
|turn|27
|j| Erizz8964
|
|t:|1743834424
|move|p2a: Zoroark|U-turn|p1a: Clefable
|-resisted|p1a: Clefable
|-damage|p1a: Clefable|95/100
|
|t:|1743834433
|switch|p2a: Iron Treads|Iron Treads|70/100|[from] U-turn
|move|p1a: Clefable|Moonblast|p2a: Iron Treads
|-resisted|p2a: Iron Treads
|-damage|p2a: Iron Treads|58/100
|
|-heal|p2a: Iron Treads|64/100|[from] item: Leftovers
|upkeep
|turn|28
|j| bikingtotop100
|
|t:|1743834436
|move|p2a: Iron Treads|Earthquake|p1a: Clefable
|-damage|p1a: Clefable|67/100
|move|p1a: Clefable|Wish|p1a: Clefable
|
|-heal|p2a: Iron Treads|71/100|[from] item: Leftovers
|upkeep
|turn|29
|
|t:|1743834440
|-end|p2a: Iron Treads|Quark Drive|[silent]
|switch|p2a: Zamazenta|Zamazenta|100/100
|-ability|p2a: Zamazenta|Dauntless Shield|boost
|-boost|p2a: Zamazenta|def|1
|move|p1a: Clefable|Stealth Rock|p2a: Zamazenta
|-sidestart|p2: roc$ktar made|move: Stealth Rock
|
|-heal|p1a: Clefable|100/100|[from] move: Wish|[wisher] Clefable
|upkeep
|turn|30
|
|t:|1743834445
|move|p2a: Zamazenta|Heavy Slam|p1a: Clefable
|-supereffective|p1a: Clefable
|-damage|p1a: Clefable|22/100
|-damage|p2a: Zamazenta|91/100|[from] item: Life Orb
|move|p1a: Clefable|Moonblast|p2a: Zamazenta
|-supereffective|p2a: Zamazenta
|-damage|p2a: Zamazenta|30/100
|-unboost|p2a: Zamazenta|spa|1
|
|upkeep
|turn|31
|
|t:|1743834448
|move|p2a: Zamazenta|Close Combat|p1a: Clefable
|-resisted|p1a: Clefable
|-damage|p1a: Clefable|0 fnt
|-unboost|p2a: Zamazenta|def|1
|-unboost|p2a: Zamazenta|spd|1
|faint|p1a: Clefable
|-damage|p2a: Zamazenta|20/100|[from] item: Life Orb
|
|upkeep
|
|t:|1743834450
|switch|p1a: Raging Bolt|Raging Bolt|100/100
|-damage|p1a: Raging Bolt|88/100|[from] Stealth Rock
|turn|32
|
|t:|1743834451
|move|p1a: Raging Bolt|Thunderclap|p2a: Zamazenta
|-crit|p2a: Zamazenta
|-damage|p2a: Zamazenta|0 fnt
|faint|p2a: Zamazenta
|
|-heal|p1a: Raging Bolt|94/100|[from] item: Leftovers
|upkeep
|
|t:|1743834452
|switch|p2a: Enamorus|Enamorus, F, tera:Ghost|38/100
|-damage|p2a: Enamorus|26/100|[from] Stealth Rock
|turn|33
|
|t:|1743834456
|move|p1a: Raging Bolt|Thunderclap||[still]
|-fail|p1a: Raging Bolt
|move|p2a: Enamorus|Trick|p1a: Raging Bolt
|-activate|p2a: Enamorus|move: Trick|[of] p1a: Raging Bolt
|-item|p1a: Raging Bolt|Choice Specs|[from] move: Trick
|-item|p2a: Enamorus|Leftovers|[from] move: Trick
|
|-heal|p2a: Enamorus|32/100|[from] item: Leftovers
|upkeep
|turn|34
|c|☆turnyacc|damn
|c|☆roc$ktar made|Gg
|c|☆turnyacc|whatever bro u won once
|-message|turnyacc forfeited.
|
|win|roc$ktar made
|raw|turnyacc's rating: 1814 &rarr; <strong>1790</strong><br />(-24 for losing)
|raw|roc$ktar made's rating: 1740 &rarr; <strong>1764</strong><br />(+24 for winning)
|l|☆turnyacc
|player|p1|
|c|☆roc$ktar made|GG
|l|☆roc$ktar made
|player|p2|
|l| frindlebabbin
|l| Trucker Hat Mew
