|j|☆Rocktar Made
|j|☆54 insane rats
|t:|1743880746
|gametype|singles
|player|p1|Rocktar Made|lass-gen4dp|1800
|player|p2|54 insane rats|supernerd|1783
|teamsize|p1|6
|teamsize|p2|6
|gen|9
|tier|[Gen 9] OU
|rated|
|rule|HP Percentage Mod: HP is shown in percentages
|rule|Endless Battle Clause: Forcing endless battles is banned
|rule|Species Clause: Limit one of each Pokémon
|rule|OHKO Clause: OHKO moves are banned
|rule|Evasion Items Clause: Evasion items are banned
|rule|Evasion Moves Clause: Evasion moves are banned
|rule|Sleep Moves Clause: Sleep-inducing moves are banned
|clearpoke
|poke|p1|Weezing-Galar, M|
|poke|p1|Alomomola, M|
|poke|p1|Enamorus, F|
|poke|p1|Iron Treads|
|poke|p1|Scizor, M|
|poke|p1|Zamazenta-*|
|poke|p2|Gholdengo|
|poke|p2|Gliscor, M|
|poke|p2|Toxapex, M|
|poke|p2|Clefable, F|
|poke|p2|Skarmory, M|
|poke|p2|Clodsire, F|
|teampreview
|inactive|Battle timer is ON: inactive players will automatically lose when time's up. (requested by 54 insane rats)
|inactive|Rocktar Made also wants the timer to be on.
|j| union boss
|
|t:|1743880766
|start
|switch|p1a: Scizor|Scizor, M|100/100
|switch|p2a: Skarmory|Skarmory, M|100/100
|turn|1
|
|t:|1743880769
|move|p1a: Scizor|Knock Off|p2a: Skarmory
|-damage|p2a: Skarmory|63/100
|-damage|p1a: Scizor|84/100|[from] item: Rocky Helmet|[of] p2a: Skarmory
|-enditem|p2a: Skarmory|Rocky Helmet|[from] move: Knock Off|[of] p1a: Scizor
|move|p2a: Skarmory|Spikes|p1a: Scizor
|-sidestart|p1: Rocktar Made|Spikes
|
|upkeep
|turn|2
|
|t:|1743880775
|switch|p1a: Weezing|Weezing-Galar, M|100/100
|-ability|p1a: Weezing|Neutralizing Gas
|-damage|p1a: Weezing|88/100|[from] Spikes
|move|p2a: Skarmory|Spikes|p1a: Weezing
|-sidestart|p1: Rocktar Made|Spikes
|
|-heal|p1a: Weezing|94/100|[from] item: Leftovers
|upkeep
|turn|3
|
|t:|1743880779
|switch|p2a: Gholdengo|Gholdengo|100/100
|move|p1a: Weezing|Will-O-Wisp|p2a: Gholdengo
|-status|p2a: Gholdengo|brn
|
|-heal|p1a: Weezing|99/100|[from] item: Leftovers
|-damage|p2a: Gholdengo|94/100 brn|[from] brn
|upkeep
|turn|4
|
|t:|1743880782
|-end|p1a: Weezing|ability: Neutralizing Gas
|switch|p1a: Alomomola|Alomomola, M|100/100
|-damage|p1a: Alomomola|84/100|[from] Spikes
|move|p2a: Gholdengo|Shadow Ball|p1a: Alomomola
|-damage|p1a: Alomomola|65/100
|
|-damage|p2a: Gholdengo|88/100 brn|[from] brn
|upkeep
|turn|5
|
|t:|1743880791
|move|p2a: Gholdengo|Nasty Plot|p2a: Gholdengo
|-boost|p2a: Gholdengo|spa|2
|move|p1a: Alomomola|Flip Turn|p2a: Gholdengo
|-damage|p2a: Gholdengo|76/100 brn
|
|t:|1743880793
|switch|p1a: Iron Treads|Iron Treads|100/100|[from] Flip Turn
|-damage|p1a: Iron Treads|84/100|[from] Spikes
|
|-heal|p1a: Iron Treads|90/100|[from] item: Leftovers
|-damage|p2a: Gholdengo|70/100 brn|[from] brn
|upkeep
|turn|6
|
|t:|1743880802
|move|p1a: Iron Treads|Earthquake|p2a: Gholdengo
|-supereffective|p2a: Gholdengo
|-damage|p2a: Gholdengo|16/100 brn
|move|p2a: Gholdengo|Shadow Ball|p1a: Iron Treads
|-damage|p1a: Iron Treads|30/100
|
|-heal|p1a: Iron Treads|37/100|[from] item: Leftovers
|-damage|p2a: Gholdengo|9/100 brn|[from] brn
|upkeep
|turn|7
|
|t:|1743880807
|move|p1a: Iron Treads|Knock Off|p2a: Gholdengo
|-supereffective|p2a: Gholdengo
|-damage|p2a: Gholdengo|0 fnt
|-enditem|p2a: Gholdengo|Heavy-Duty Boots|[from] move: Knock Off|[of] p1a: Iron Treads
|faint|p2a: Gholdengo
|
|-heal|p1a: Iron Treads|43/100|[from] item: Leftovers
|upkeep
|
|t:|1743880816
|switch|p2a: Clefable|Clefable, F|100/100
|turn|8
|
|t:|1743880818
|move|p1a: Iron Treads|Rapid Spin|p2a: Clefable
|-damage|p2a: Clefable|91/100
|-boost|p1a: Iron Treads|spe|1
|-sideend|p1: Rocktar Made|Spikes|[from] move: Rapid Spin|[of] p1a: Iron Treads
|move|p2a: Clefable|Calm Mind|p2a: Clefable
|-boost|p2a: Clefable|spa|1
|-boost|p2a: Clefable|spd|1
|
|-heal|p1a: Iron Treads|49/100|[from] item: Leftovers
|-heal|p2a: Clefable|97/100|[from] item: Leftovers
|upkeep
|turn|9
|
|t:|1743880822
|-end|p1a: Iron Treads|Quark Drive|[silent]
|switch|p1a: Scizor|Scizor, M|84/100
|move|p2a: Clefable|Calm Mind|p2a: Clefable
|-boost|p2a: Clefable|spa|1
|-boost|p2a: Clefable|spd|1
|
|-heal|p2a: Clefable|100/100|[from] item: Leftovers
|upkeep
|turn|10
|j| orphanofkosm
|
|t:|1743880825
|-terastallize|p2a: Clefable|Water
|move|p1a: Scizor|U-turn|p2a: Clefable
|-damage|p2a: Clefable|58/100
|
|t:|1743880833
|switch|p1a: Enamorus|Enamorus, F|100/100|[from] U-turn
|move|p2a: Clefable|Moonblast|p1a: Enamorus
|-damage|p1a: Enamorus|14/100
|
|-heal|p2a: Clefable|64/100|[from] item: Leftovers
|upkeep
|turn|11
|
|t:|1743880842
|move|p1a: Enamorus|Healing Wish|p1a: Enamorus
|faint|p1a: Enamorus
|move|p2a: Clefable|Moonlight|p2a: Clefable
|-heal|p2a: Clefable|100/100
|
|upkeep
|
|t:|1743880843
|switch|p1a: Scizor|Scizor, M|84/100
|-heal|p1a: Scizor|100/100|[from] move: Healing Wish
|turn|12
|
|t:|1743880848
|move|p1a: Scizor|Close Combat|p2a: Clefable
|-damage|p2a: Clefable|51/100
|-unboost|p1a: Scizor|def|1
|-unboost|p1a: Scizor|spd|1
|move|p2a: Clefable|Knock Off|p1a: Scizor
|-damage|p1a: Scizor|77/100
|-enditem|p1a: Scizor|Choice Band|[from] move: Knock Off|[of] p2a: Clefable
|
|-heal|p2a: Clefable|57/100|[from] item: Leftovers
|upkeep
|turn|13
|
|t:|1743880853
|move|p1a: Scizor|U-turn|p2a: Clefable
|-damage|p2a: Clefable|25/100
|
|t:|1743880855
|switch|p1a: Zamazenta|Zamazenta|100/100|[from] U-turn
|-ability|p1a: Zamazenta|Dauntless Shield|boost
|-boost|p1a: Zamazenta|def|1
|move|p2a: Clefable|Moonlight|p2a: Clefable
|-heal|p2a: Clefable|75/100
|
|-heal|p2a: Clefable|81/100|[from] item: Leftovers
|upkeep
|turn|14
|
|t:|1743880857
|move|p1a: Zamazenta|Close Combat|p2a: Clefable
|-damage|p2a: Clefable|21/100
|-unboost|p1a: Zamazenta|def|1
|-unboost|p1a: Zamazenta|spd|1
|-damage|p1a: Zamazenta|91/100|[from] item: Life Orb
|move|p2a: Clefable|Moonblast|p1a: Zamazenta
|-supereffective|p1a: Zamazenta
|-damage|p1a: Zamazenta|0 fnt
|faint|p1a: Zamazenta
|
|-heal|p2a: Clefable|27/100|[from] item: Leftovers
|upkeep
|
|t:|1743880860
|switch|p1a: Scizor|Scizor, M|77/100
|turn|15
|
|t:|1743880869
|switch|p2a: Gliscor|Gliscor, M|100/100
|move|p1a: Scizor|U-turn|p2a: Gliscor
|-resisted|p2a: Gliscor
|-damage|p2a: Gliscor|86/100
|j| floating all day
|
|t:|1743880874
|switch|p1a: Alomomola|Alomomola, M|98/100|[from] U-turn
|
|-status|p2a: Gliscor|tox|[from] item: Toxic Orb
|upkeep
|turn|16
|
|t:|1743880878
|move|p2a: Gliscor|Knock Off|p1a: Alomomola
|-damage|p1a: Alomomola|85/100
|-enditem|p1a: Alomomola|Assault Vest|[from] move: Knock Off|[of] p2a: Gliscor
|move|p1a: Alomomola|Flip Turn|p2a: Gliscor
|-supereffective|p2a: Gliscor
|-damage|p2a: Gliscor|60/100 tox
|
|t:|1743880880
|switch|p1a: Weezing|Weezing-Galar, M|99/100|[from] Flip Turn
|-ability|p1a: Weezing|Neutralizing Gas
|
|-heal|p1a: Weezing|100/100|[from] item: Leftovers
|-damage|p2a: Gliscor|54/100 tox|[from] psn
|upkeep
|turn|17
|
|t:|1743880887
|switch|p2a: Clefable|Clefable, F, tera:Water|27/100
|move|p1a: Weezing|Will-O-Wisp|p2a: Clefable|[miss]
|-miss|p1a: Weezing|p2a: Clefable
|
|-heal|p2a: Clefable|33/100|[from] item: Leftovers
|upkeep
|turn|18
|
|t:|1743880891
|move|p1a: Weezing|Will-O-Wisp|p2a: Clefable|[miss]
|-miss|p1a: Weezing|p2a: Clefable
|move|p2a: Clefable|Moonlight|p2a: Clefable
|-heal|p2a: Clefable|83/100
|
|-heal|p2a: Clefable|89/100|[from] item: Leftovers
|upkeep
|turn|19
|
|t:|1743880901
|switch|p2a: Toxapex|Toxapex, M|100/100
|move|p1a: Weezing|Will-O-Wisp|p2a: Toxapex
|-status|p2a: Toxapex|brn
|
|-damage|p2a: Toxapex|95/100 brn|[from] brn
|upkeep
|turn|20
|
|t:|1743880904
|-end|p1a: Weezing|ability: Neutralizing Gas
|switch|p1a: Iron Treads|Iron Treads|49/100
|move|p2a: Toxapex|Infestation|p1a: Iron Treads
|-resisted|p1a: Iron Treads
|-damage|p1a: Iron Treads|48/100
|-activate|p1a: Iron Treads|move: Infestation|[of] p2a: Toxapex
|
|-heal|p1a: Iron Treads|54/100|[from] item: Leftovers
|-damage|p2a: Toxapex|89/100 brn|[from] brn
|-damage|p1a: Iron Treads|42/100|[from] move: Infestation|[partiallytrapped]
|upkeep
|turn|21
|
|t:|1743880916
|switch|p2a: Gliscor|Gliscor, M|54/100 tox
|move|p1a: Iron Treads|Knock Off|p2a: Gliscor
|-damage|p2a: Gliscor|37/100 tox
|-enditem|p2a: Gliscor|Toxic Orb|[from] move: Knock Off|[of] p1a: Iron Treads
|
|-heal|p1a: Iron Treads|48/100|[from] item: Leftovers
|-heal|p2a: Gliscor|49/100 tox|[from] ability: Poison Heal
|-end|p1a: Iron Treads|Infestation|[partiallytrapped]|[silent]
|upkeep
|turn|22
|
|t:|1743880919
|move|p1a: Iron Treads|Stealth Rock|p2a: Gliscor
|-sidestart|p2: 54 insane rats|move: Stealth Rock
|move|p2a: Gliscor|Knock Off|p1a: Iron Treads
|-damage|p1a: Iron Treads|31/100
|-enditem|p1a: Iron Treads|Leftovers|[from] move: Knock Off|[of] p2a: Gliscor
|
|-heal|p2a: Gliscor|62/100 tox|[from] ability: Poison Heal
|upkeep
|turn|23
|
|t:|1743880921
|-end|p1a: Iron Treads|Quark Drive|[silent]
|switch|p1a: Weezing|Weezing-Galar, M|100/100
|-ability|p1a: Weezing|Neutralizing Gas
|move|p2a: Gliscor|Knock Off|p1a: Weezing
|-resisted|p1a: Weezing
|-damage|p1a: Weezing|94/100
|-enditem|p1a: Weezing|Leftovers|[from] move: Knock Off|[of] p2a: Gliscor
|
|-damage|p2a: Gliscor|43/100 tox|[from] psn
|upkeep
|turn|24
|
|t:|1743880926
|switch|p2a: Toxapex|Toxapex, M|100/100 brn
|move|p1a: Weezing|Strange Steam|p2a: Toxapex
|-resisted|p2a: Toxapex
|-damage|p2a: Toxapex|92/100 brn
|
|-damage|p2a: Toxapex|86/100 brn|[from] brn
|upkeep
|turn|25
|
|t:|1743880929
|-end|p1a: Weezing|ability: Neutralizing Gas
|switch|p1a: Iron Treads|Iron Treads|31/100
|move|p2a: Toxapex|Infestation|p1a: Iron Treads
|-resisted|p1a: Iron Treads
|-damage|p1a: Iron Treads|30/100
|-activate|p1a: Iron Treads|move: Infestation|[of] p2a: Toxapex
|
|-damage|p2a: Toxapex|80/100 brn|[from] brn
|-damage|p1a: Iron Treads|18/100|[from] move: Infestation|[partiallytrapped]
|upkeep
|turn|26
|
|t:|1743880931
|move|p1a: Iron Treads|Knock Off|p2a: Toxapex
|-damage|p2a: Toxapex|63/100 brn
|-enditem|p2a: Toxapex|Heavy-Duty Boots|[from] move: Knock Off|[of] p1a: Iron Treads
|move|p2a: Toxapex|Recover|p2a: Toxapex
|-heal|p2a: Toxapex|100/100 brn
|
|-damage|p2a: Toxapex|95/100 brn|[from] brn
|-damage|p1a: Iron Treads|5/100|[from] move: Infestation|[partiallytrapped]
|upkeep
|turn|27
|
|t:|1743880933
|move|p1a: Iron Treads|Earthquake|p2a: Toxapex
|-supereffective|p2a: Toxapex
|-damage|p2a: Toxapex|40/100 brn
|move|p2a: Toxapex|Recover|p2a: Toxapex
|-heal|p2a: Toxapex|91/100 brn
|
|-damage|p2a: Toxapex|85/100 brn|[from] brn
|-damage|p1a: Iron Treads|0 fnt|[from] move: Infestation|[partiallytrapped]
|faint|p1a: Iron Treads
|-end|p1a: Iron Treads|Quark Drive|[silent]
|upkeep
|
|t:|1743880938
|switch|p1a: Scizor|Scizor, M|77/100
|turn|28
|
|t:|1743880942
|move|p1a: Scizor|Knock Off|p2a: Toxapex
|-damage|p2a: Toxapex|67/100 brn
|move|p2a: Toxapex|Infestation|p1a: Scizor
|-resisted|p1a: Scizor
|-damage|p1a: Scizor|75/100
|-activate|p1a: Scizor|move: Infestation|[of] p2a: Toxapex
|
|-damage|p2a: Toxapex|61/100 brn|[from] brn
|-damage|p1a: Scizor|63/100|[from] move: Infestation|[partiallytrapped]
|upkeep
|turn|29
|j| jsnsddk
|
|t:|1743880948
|move|p1a: Scizor|U-turn|p2a: Toxapex
|-resisted|p2a: Toxapex
|-damage|p2a: Toxapex|44/100 brn
|
|t:|1743880950
|switch|p1a: Alomomola|Alomomola, M|100/100|[from] U-turn
|move|p2a: Toxapex|Toxic|p1a: Alomomola
|-status|p1a: Alomomola|tox
|
|-damage|p1a: Alomomola|94/100 tox|[from] psn
|-damage|p2a: Toxapex|38/100 brn|[from] brn
|upkeep
|turn|30
|
|t:|1743880953
|move|p1a: Alomomola|Flip Turn|p2a: Toxapex
|-resisted|p2a: Toxapex
|-damage|p2a: Toxapex|32/100 brn
|
|t:|1743880954
|switch|p1a: Scizor|Scizor, M|63/100|[from] Flip Turn
|move|p2a: Toxapex|Recover|p2a: Toxapex
|-heal|p2a: Toxapex|82/100 brn
|
|-damage|p2a: Toxapex|76/100 brn|[from] brn
|upkeep
|turn|31
|
|t:|1743880959
|move|p1a: Scizor|U-turn|p2a: Toxapex
|-resisted|p2a: Toxapex
|-damage|p2a: Toxapex|60/100 brn
|
|t:|1743880960
|switch|p1a: Alomomola|Alomomola, M|100/100 tox|[from] U-turn
|move|p2a: Toxapex|Infestation|p1a: Alomomola
|-damage|p1a: Alomomola|98/100 tox
|-activate|p1a: Alomomola|move: Infestation|[of] p2a: Toxapex
|
|-damage|p1a: Alomomola|92/100 tox|[from] psn
|-damage|p2a: Toxapex|54/100 brn|[from] brn
|-damage|p1a: Alomomola|79/100 tox|[from] move: Infestation|[partiallytrapped]
|upkeep
|turn|32
|
|t:|1743880963
|move|p1a: Alomomola|Flip Turn|p2a: Toxapex
|-resisted|p2a: Toxapex
|-damage|p2a: Toxapex|48/100 brn
|
|t:|1743880964
|switch|p1a: Scizor|Scizor, M|63/100|[from] Flip Turn
|move|p2a: Toxapex|Infestation|p1a: Scizor
|-resisted|p1a: Scizor
|-damage|p1a: Scizor|61/100
|-activate|p1a: Scizor|move: Infestation|[of] p2a: Toxapex
|
|-damage|p2a: Toxapex|42/100 brn|[from] brn
|-damage|p1a: Scizor|49/100|[from] move: Infestation|[partiallytrapped]
|upkeep
|turn|33
|
|t:|1743880966
|move|p1a: Scizor|U-turn|p2a: Toxapex
|-resisted|p2a: Toxapex
|-damage|p2a: Toxapex|26/100 brn
|
|t:|1743880968
|switch|p1a: Alomomola|Alomomola, M|100/100 tox|[from] U-turn
|move|p2a: Toxapex|Recover|p2a: Toxapex
|-heal|p2a: Toxapex|76/100 brn
|
|-damage|p1a: Alomomola|94/100 tox|[from] psn
|-damage|p2a: Toxapex|70/100 brn|[from] brn
|upkeep
|turn|34
|
|t:|1743880972
|switch|p2a: Clefable|Clefable, F, tera:Water|89/100
|move|p1a: Alomomola|Flip Turn|p2a: Clefable
|-resisted|p2a: Clefable
|-damage|p2a: Clefable|82/100
|
|t:|1743880974
|switch|p1a: Weezing|Weezing-Galar, M|94/100|[from] Flip Turn
|-ability|p1a: Weezing|Neutralizing Gas
|
|-heal|p2a: Clefable|89/100|[from] item: Leftovers
|upkeep
|turn|35
|
|t:|1743880978
|move|p1a: Weezing|Will-O-Wisp|p2a: Clefable
|-status|p2a: Clefable|brn
|move|p2a: Clefable|Calm Mind|p2a: Clefable
|-boost|p2a: Clefable|spa|1
|-boost|p2a: Clefable|spd|1
|
|-heal|p2a: Clefable|95/100 brn|[from] item: Leftovers
|-damage|p2a: Clefable|89/100 brn|[from] brn
|upkeep
|turn|36
|
|t:|1743880981
|move|p2a: Clefable|Calm Mind|p2a: Clefable
|-boost|p2a: Clefable|spa|1
|-boost|p2a: Clefable|spd|1
|move|p1a: Weezing|Strange Steam|p2a: Clefable
|-damage|p2a: Clefable|76/100 brn
|
|-heal|p2a: Clefable|82/100 brn|[from] item: Leftovers
|-damage|p2a: Clefable|76/100 brn|[from] brn
|upkeep
|turn|37
|
|t:|1743880984
|-end|p1a: Weezing|ability: Neutralizing Gas
|switch|p1a: Scizor|Scizor, M|49/100
|move|p2a: Clefable|Calm Mind|p2a: Clefable
|-boost|p2a: Clefable|spa|1
|-boost|p2a: Clefable|spd|1
|
|-heal|p2a: Clefable|82/100 brn|[from] item: Leftovers
|upkeep
|turn|38
|
|t:|1743880990
|move|p1a: Scizor|Close Combat|p2a: Clefable
|-damage|p2a: Clefable|47/100 brn
|-unboost|p1a: Scizor|def|1
|-unboost|p1a: Scizor|spd|1
|move|p2a: Clefable|Moonlight|p2a: Clefable
|-heal|p2a: Clefable|97/100 brn
|
|-heal|p2a: Clefable|100/100 brn|[from] item: Leftovers
|upkeep
|turn|39
|
|t:|1743880992
|move|p1a: Scizor|U-turn|p2a: Clefable
|-damage|p2a: Clefable|72/100 brn
|-message|Rocktar Made forfeited.
|
|win|54 insane rats
|raw|Rocktar Made's rating: 1800 &rarr; <strong>1779</strong><br />(-21 for losing)
|raw|54 insane rats's rating: 1783 &rarr; <strong>1804</strong><br />(+21 for winning)
|l|☆54 insane rats
|player|p2|
|l| jsnsddk
