|j|☆togethernespresso
|j|☆Slurpzz
|t:|1743907039
|gametype|singles
|player|p1|togethernespresso|1|1141
|player|p2|Slurpzz|102|1162
|teamsize|p1|6
|teamsize|p2|6
|gen|9
|tier|[Gen 9] OU
|rated|
|rule|HP Percentage Mod: HP is shown in percentages
|rule|Endless Battle Clause: Forcing endless battles is banned
|rule|Species Clause: Limit one of each Pokémon
|rule|OHKO Clause: OHKO moves are banned
|rule|Evasion Items Clause: Evasion items are banned
|rule|Evasion Moves Clause: Evasion moves are banned
|rule|Sleep Moves Clause: Sleep-inducing moves are banned
|clearpoke
|poke|p1|Garchomp, F|
|poke|p1|Arcanine-Hisui, F|
|poke|p1|Ninetales-Alola, M|
|poke|p1|Corviknight, M|
|poke|p1|Umbreon, M|
|poke|p1|Articuno-Galar|
|poke|p2|Ninetales-Alola, F|
|poke|p2|Ogerpon-Wellspring, F|
|poke|p2|Dragonite, F|
|poke|p2|Iron Treads|
|poke|p2|Dragapult, M|
|poke|p2|Raging Bolt|
|teampreview
|inactive|Battle timer is ON: inactive players will automatically lose when time's up. (requested by Slurpzz)
|
|t:|1743907045
|start
|switch|p1a: Ninetales|Ninetales-Alola, M, shiny|100/100
|switch|p2a: Ninetales|Ninetales-Alola, F|100/100
|-weather|Snowscape|[from] ability: Snow Warning|[of] p1a: Ninetales
|turn|1
|
|t:|1743907055
|move|p1a: Ninetales|Aurora Veil|p1a: Ninetales
|-sidestart|p1: togethernespresso|move: Aurora Veil
|move|p2a: Ninetales|Encore|p1a: Ninetales
|-start|p1a: Ninetales|Encore
|
|-weather|Snowscape|[upkeep]
|upkeep
|turn|2
|
|t:|1743907075
|switch|p1a: Umbreon|Umbreon, M, shiny|100/100
|move|p2a: Ninetales|Aurora Veil|p2a: Ninetales
|-sidestart|p2: Slurpzz|move: Aurora Veil
|
|-weather|Snowscape|[upkeep]
|upkeep
|turn|3
|
|t:|1743907081
|move|p2a: Ninetales|Moonblast|p1a: Umbreon
|-supereffective|p1a: Umbreon
|-damage|p1a: Umbreon|85/100
|move|p1a: Umbreon|Toxic|p2a: Ninetales
|-status|p2a: Ninetales|tox
|
|-weather|Snowscape|[upkeep]
|-heal|p1a: Umbreon|91/100|[from] item: Leftovers
|-damage|p2a: Ninetales|94/100 tox|[from] psn
|upkeep
|turn|4
|
|t:|1743907092
|switch|p2a: Ogerpon|Ogerpon-Wellspring, F|100/100
|move|p1a: Umbreon|Wish|p1a: Umbreon
|
|-weather|Snowscape|[upkeep]
|-heal|p1a: Umbreon|97/100|[from] item: Leftovers
|upkeep
|turn|5
|
|t:|1743907097
|move|p2a: Ogerpon|Swords Dance|p2a: Ogerpon
|-boost|p2a: Ogerpon|atk|2
|move|p1a: Umbreon|Toxic|p2a: Ogerpon
|-status|p2a: Ogerpon|tox
|
|-weather|none
|-heal|p1a: Umbreon|100/100|[from] move: Wish|[wisher] Umbreon
|-damage|p2a: Ogerpon|95/100 tox|[from] psn
|upkeep
|turn|6
|
|t:|1743907110
|switch|p1a: Ninetales|Ninetales-Alola, M, shiny|100/100
|-weather|Snowscape|[from] ability: Snow Warning|[of] p1a: Ninetales
|move|p2a: Ogerpon|Swords Dance|p2a: Ogerpon
|-boost|p2a: Ogerpon|atk|2
|
|-weather|Snowscape|[upkeep]
|-damage|p2a: Ogerpon|83/100 tox|[from] psn
|upkeep
|turn|7
|
|t:|1743907121
|move|p2a: Ogerpon|Ivy Cudgel|p1a: Ninetales|[anim] Ivy Cudgel Water
|-damage|p1a: Ninetales|7/100
|move|p1a: Ninetales|Blizzard|p2a: Ogerpon
|-damage|p2a: Ogerpon|58/100 tox
|
|-weather|Snowscape|[upkeep]
|-damage|p2a: Ogerpon|40/100 tox|[from] psn
|upkeep
|turn|8
|
|t:|1743907138
|switch|p1a: Corviknight|Corviknight, M, shiny|100/100
|-ability|p1a: Corviknight|Pressure
|move|p2a: Ogerpon|Horn Leech|p1a: Corviknight
|-resisted|p1a: Corviknight
|-damage|p1a: Corviknight|90/100
|-heal|p2a: Ogerpon|47/100 tox|[from] drain|[of] p1a: Corviknight
|-damage|p2a: Ogerpon|30/100 tox|[from] item: Rocky Helmet|[of] p1a: Corviknight
|
|-weather|Snowscape|[upkeep]
|-damage|p2a: Ogerpon|6/100 tox|[from] psn
|-sideend|p1: togethernespresso|move: Aurora Veil
|upkeep
|turn|9
|
|t:|1743907149
|move|p2a: Ogerpon|Swords Dance|p2a: Ogerpon
|-boost|p2a: Ogerpon|atk|2
|move|p1a: Corviknight|Iron Defense|p1a: Corviknight
|-boost|p1a: Corviknight|def|2
|
|-weather|Snowscape|[upkeep]
|-damage|p2a: Ogerpon|0 fnt|[from] psn
|faint|p2a: Ogerpon
|-sideend|p2: Slurpzz|move: Aurora Veil
|upkeep
|c|☆Slurpzz|missclicked gg bra
|n|!Slurpzz|slurpzz
|c|☆togethernespresso|not over yet brah
|
|t:|1743907169
|switch|p2a: Raging Bolt|Raging Bolt|100/100
|-enditem|p2a: Raging Bolt|Booster Energy
|-activate|p2a: Raging Bolt|ability: Protosynthesis|[fromitem]
|-start|p2a: Raging Bolt|protosynthesisspa
|turn|10
|
|t:|1743907178
|switch|p1a: Garchomp|Garchomp, F, shiny|100/100
|move|p2a: Raging Bolt|Calm Mind|p2a: Raging Bolt
|-boost|p2a: Raging Bolt|spa|1
|-boost|p2a: Raging Bolt|spd|1
|
|-weather|none
|upkeep
|turn|11
|
|t:|1743907186
|-terastallize|p1a: Garchomp|Dragon
|-terastallize|p2a: Raging Bolt|Fairy
|move|p1a: Garchomp|Outrage|p2a: Raging Bolt
|-immune|p2a: Raging Bolt
|move|p2a: Raging Bolt|Draco Meteor|p1a: Garchomp
|-supereffective|p1a: Garchomp
|-damage|p1a: Garchomp|0 fnt
|-unboost|p2a: Raging Bolt|spa|2
|faint|p1a: Garchomp
|
|upkeep
|c|☆togethernespresso|nice
|
|t:|1743907203
|switch|p1a: Corviknight|Corviknight, M, shiny|90/100
|-ability|p1a: Corviknight|Pressure
|turn|12
|
|t:|1743907213
|switch|p1a: Arcanine|Arcanine-Hisui, F|100/100
|move|p2a: Raging Bolt|Calm Mind|p2a: Raging Bolt
|-boost|p2a: Raging Bolt|spa|1
|-boost|p2a: Raging Bolt|spd|1
|
|upkeep
|turn|13
|
|t:|1743907220
|move|p1a: Arcanine|Head Smash|p2a: Raging Bolt
|-damage|p2a: Raging Bolt|0 fnt
|faint|p2a: Raging Bolt
|-end|p2a: Raging Bolt|Protosynthesis|[silent]
|
|upkeep
|
|t:|1743907227
|switch|p2a: Iron Treads|Iron Treads|100/100
|-enditem|p2a: Iron Treads|Booster Energy
|-activate|p2a: Iron Treads|ability: Quark Drive|[fromitem]
|-start|p2a: Iron Treads|quarkdrivespe
|turn|14
|
|t:|1743907247
|switch|p1a: Corviknight|Corviknight, M, shiny|90/100
|-ability|p1a: Corviknight|Pressure
|move|p2a: Iron Treads|Stealth Rock|p1a: Corviknight
|-sidestart|p1: togethernespresso|move: Stealth Rock
|
|upkeep
|turn|15
|
|t:|1743907256
|move|p2a: Iron Treads|Steel Beam|p1a: Corviknight
|-resisted|p1a: Corviknight
|-damage|p1a: Corviknight|67/100
|-damage|p2a: Iron Treads|50/100|[from] steelbeam
|move|p1a: Corviknight|Body Press|p2a: Iron Treads
|-supereffective|p2a: Iron Treads
|-damage|p2a: Iron Treads|0 fnt
|faint|p2a: Iron Treads
|-end|p2a: Iron Treads|Quark Drive|[silent]
|
|upkeep
|
|t:|1743907262
|switch|p2a: Ninetales|Ninetales-Alola, F|94/100 tox
|-weather|Snowscape|[from] ability: Snow Warning|[of] p2a: Ninetales
|turn|16
|
|t:|1743907267
|move|p2a: Ninetales|Aurora Veil|p2a: Ninetales
|-sidestart|p2: Slurpzz|move: Aurora Veil
|move|p1a: Corviknight|Body Press|p2a: Ninetales
|-damage|p2a: Ninetales|84/100 tox
|
|-weather|Snowscape|[upkeep]
|-damage|p2a: Ninetales|78/100 tox|[from] psn
|upkeep
|turn|17
|
|t:|1743907282
|move|p2a: Ninetales|Blizzard|p1a: Corviknight
|-damage|p1a: Corviknight|40/100
|move|p1a: Corviknight|Defog|p2a: Ninetales
|-unboost|p2a: Ninetales|evasion|1
|-sideend|p2: Slurpzz|move: Aurora Veil
|-sideend|p1: togethernespresso|Stealth Rock|[from] move: Defog|[of] p1a: Corviknight
|
|-weather|Snowscape|[upkeep]
|-damage|p2a: Ninetales|66/100 tox|[from] psn
|upkeep
|turn|18
|
|t:|1743907290
|move|p2a: Ninetales|Blizzard|p1a: Corviknight
|-damage|p1a: Corviknight|8/100
|move|p1a: Corviknight|Roost|p1a: Corviknight
|-heal|p1a: Corviknight|58/100
|-singleturn|p1a: Corviknight|move: Roost
|
|-weather|Snowscape|[upkeep]
|-damage|p2a: Ninetales|48/100 tox|[from] psn
|upkeep
|turn|19
|
|t:|1743907298
|move|p2a: Ninetales|Encore|p1a: Corviknight
|-start|p1a: Corviknight|Encore
|move|p1a: Corviknight|Roost|p1a: Corviknight
|-heal|p1a: Corviknight|100/100
|-singleturn|p1a: Corviknight|move: Roost
|
|-weather|Snowscape|[upkeep]
|-damage|p2a: Ninetales|24/100 tox|[from] psn
|upkeep
|turn|20
|
|t:|1743907307
|switch|p2a: Dragapult|Dragapult, M|100/100
|move|p1a: Corviknight|Roost||[still]
|-fail|p1a: Corviknight|heal
|
|-weather|none
|upkeep
|turn|21
|
|t:|1743907313
|switch|p1a: Umbreon|Umbreon, M, shiny|100/100
|move|p2a: Dragapult|Will-O-Wisp|p1a: Umbreon
|-status|p1a: Umbreon|brn
|
|-damage|p1a: Umbreon|94/100 brn|[from] brn
|upkeep
|turn|22
|
|t:|1743907337
|move|p2a: Dragapult|Draco Meteor|p1a: Umbreon
|-damage|p1a: Umbreon|63/100 brn
|-unboost|p2a: Dragapult|spa|2
|move|p1a: Umbreon|Toxic|p2a: Dragapult
|-status|p2a: Dragapult|tox
|
|-heal|p1a: Umbreon|69/100 brn|[from] item: Leftovers
|-damage|p2a: Dragapult|95/100 tox|[from] psn
|-damage|p1a: Umbreon|63/100 brn|[from] brn
|upkeep
|turn|23
|
|t:|1743907347
|switch|p2a: Ninetales|Ninetales-Alola, F|24/100 tox
|-weather|Snowscape|[from] ability: Snow Warning|[of] p2a: Ninetales
|move|p1a: Umbreon|Wish|p1a: Umbreon
|
|-weather|Snowscape|[upkeep]
|-heal|p1a: Umbreon|69/100 brn|[from] item: Leftovers
|-damage|p2a: Ninetales|18/100 tox|[from] psn
|-damage|p1a: Umbreon|63/100 brn|[from] brn
|upkeep
|turn|24
|
|t:|1743907356
|switch|p1a: Ninetales|Ninetales-Alola, M, shiny|7/100
|move|p2a: Ninetales|Moonblast|p1a: Ninetales
|-damage|p1a: Ninetales|0 fnt
|faint|p1a: Ninetales
|
|-weather|Snowscape|[upkeep]
|-damage|p2a: Ninetales|6/100 tox|[from] psn
|upkeep
|
|t:|1743907368
|switch|p1a: Articuno|Articuno-Galar, shiny|100/100
|turn|25
|
|t:|1743907383
|move|p2a: Ninetales|Aurora Veil|p2a: Ninetales
|-sidestart|p2: Slurpzz|move: Aurora Veil
|move|p1a: Articuno|Future Sight|p2a: Ninetales
|-start|p1a: Articuno|move: Future Sight
|
|-weather|Snowscape|[upkeep]
|-damage|p2a: Ninetales|0 fnt|[from] psn
|faint|p2a: Ninetales
|upkeep
|
|t:|1743907390
|switch|p2a: Dragapult|Dragapult, M|95/100 tox
|turn|26
|inactive|togethernespresso has 120 seconds left.
|
|t:|1743907426
|switch|p1a: Umbreon|Umbreon, M, shiny|63/100 brn
|move|p2a: Dragapult|Will-O-Wisp|p1a: Umbreon
|-fail|p1a: Umbreon|brn
|
|-weather|Snowscape|[upkeep]
|-heal|p1a: Umbreon|69/100 brn|[from] item: Leftovers
|-damage|p2a: Dragapult|89/100 tox|[from] psn
|-damage|p1a: Umbreon|63/100 brn|[from] brn
|upkeep
|turn|27
|inactive|togethernespresso has 120 seconds left.
|
|t:|1743907435
|move|p2a: Dragapult|Hex|p1a: Umbreon
|-resisted|p1a: Umbreon
|-damage|p1a: Umbreon|48/100 brn
|move|p1a: Umbreon|Wish|p1a: Umbreon
|
|-weather|none
|-end|p2a: Dragapult|move: Future Sight
|-damage|p2a: Dragapult|45/100 tox
|-heal|p1a: Umbreon|54/100 brn|[from] item: Leftovers
|-damage|p2a: Dragapult|33/100 tox|[from] psn
|-damage|p1a: Umbreon|48/100 brn|[from] brn
|upkeep
|turn|28
|inactive|togethernespresso has 120 seconds left.
|
|t:|1743907445
|move|p1a: Umbreon|Detect|p1a: Umbreon
|-singleturn|p1a: Umbreon|Protect
|move|p2a: Dragapult|Flamethrower|p1a: Umbreon
|-activate|p1a: Umbreon|move: Protect
|
|-heal|p1a: Umbreon|98/100 brn|[from] move: Wish|[wisher] Umbreon
|-heal|p1a: Umbreon|100/100 brn|[from] item: Leftovers
|-damage|p2a: Dragapult|15/100 tox|[from] psn
|-damage|p1a: Umbreon|94/100 brn|[from] brn
|upkeep
|turn|29
|inactive|togethernespresso has 120 seconds left.
|
|t:|1743907458
|move|p2a: Dragapult|Flamethrower|p1a: Umbreon
|-damage|p1a: Umbreon|80/100 brn
|move|p1a: Umbreon|Wish|p1a: Umbreon
|
|-heal|p1a: Umbreon|87/100 brn|[from] item: Leftovers
|-damage|p2a: Dragapult|0 fnt|[from] psn
|faint|p2a: Dragapult
|-damage|p1a: Umbreon|80/100 brn|[from] brn
|upkeep
|
|t:|1743907462
|switch|p2a: Dragonite|Dragonite, F|100/100
|turn|30
|
|t:|1743907468
|move|p2a: Dragonite|Dragon Dance|p2a: Dragonite
|-boost|p2a: Dragonite|atk|1
|-boost|p2a: Dragonite|spe|1
|move|p1a: Umbreon|Toxic|p2a: Dragonite
|-status|p2a: Dragonite|tox
|
|-heal|p1a: Umbreon|100/100 brn|[from] move: Wish|[wisher] Umbreon
|-damage|p2a: Dragonite|94/100 tox|[from] psn
|-damage|p1a: Umbreon|94/100 brn|[from] brn
|upkeep
|turn|31
|
|t:|1743907486
|switch|p1a: Arcanine|Arcanine-Hisui, F|100/100
|move|p2a: Dragonite|Dragon Dance|p2a: Dragonite
|-boost|p2a: Dragonite|atk|1
|-boost|p2a: Dragonite|spe|1
|
|-damage|p2a: Dragonite|82/100 tox|[from] psn
|upkeep
|turn|32
|
|t:|1743907494
|move|p2a: Dragonite|Earthquake|p1a: Arcanine
|-supereffective|p1a: Arcanine
|-damage|p1a: Arcanine|0 fnt
|faint|p1a: Arcanine
|
|-damage|p2a: Dragonite|63/100 tox|[from] psn
|-sideend|p2: Slurpzz|move: Aurora Veil
|upkeep
|
|t:|1743907500
|switch|p1a: Articuno|Articuno-Galar, shiny|100/100
|turn|33
|
|t:|1743907505
|move|p2a: Dragonite|Outrage|p1a: Articuno
|-damage|p1a: Articuno|0 fnt
|faint|p1a: Articuno
|
|-damage|p2a: Dragonite|39/100 tox|[from] psn
|upkeep
|c|☆togethernespresso|gg
|
|t:|1743907514
|switch|p1a: Corviknight|Corviknight, M, shiny|100/100
|-ability|p1a: Corviknight|Pressure
|turn|34
|
|t:|1743907519
|move|p2a: Dragonite|Outrage|p1a: Corviknight|[from] lockedmove
|-resisted|p1a: Corviknight
|-damage|p1a: Corviknight|59/100
|-damage|p2a: Dragonite|22/100 tox|[from] item: Rocky Helmet|[of] p1a: Corviknight
|move|p1a: Corviknight|Roost|p1a: Corviknight
|-heal|p1a: Corviknight|100/100
|-singleturn|p1a: Corviknight|move: Roost
|
|-damage|p2a: Dragonite|0 fnt|[from] psn
|faint|p2a: Dragonite
|
|win|togethernespresso
