|j|☆thepippy27
|j|☆Chrisie10101
|t:|1743904592
|gametype|singles
|player|p1|thepippy27|acetrainerf-gen4dp|1499
|player|p2|Chrisie10101|hiker-gen4|1508
|teamsize|p1|6
|teamsize|p2|6
|gen|9
|tier|[Gen 9] OU
|rated|
|rule|HP Percentage Mod: HP is shown in percentages
|rule|Endless Battle Clause: Forcing endless battles is banned
|rule|Species Clause: Limit one of each Pokémon
|rule|OHKO Clause: OHKO moves are banned
|rule|Evasion Items Clause: Evasion items are banned
|rule|Evasion Moves Clause: Evasion moves are banned
|rule|Sleep Moves Clause: Sleep-inducing moves are banned
|clearpoke
|poke|p1|Iron Valiant|
|poke|p1|Garganacl, M|
|poke|p1|Alomomola, F|
|poke|p1|Scizor, M|
|poke|p1|Gliscor, F|
|poke|p1|Great Tusk|
|poke|p2|Gliscor, F|
|poke|p2|Blissey, F|
|poke|p2|Clefable, F|
|poke|p2|Toxapex, F|
|poke|p2|Dondozo, F|
|poke|p2|Corviknight, F|
|teampreview
|c|☆Chrisie10101|Hello
|
|t:|1743904620
|start
|switch|p1a: Garganacl|Garganacl, M|100/100
|switch|p2a: Adder|Gliscor, F|100/100
|turn|1
|
|t:|1743904670
|move|p2a: Adder|Knock Off|p1a: Garganacl
|-damage|p1a: Garganacl|90/100
|-enditem|p1a: Garganacl|Leftovers|[from] move: Knock Off|[of] p2a: Adder
|move|p1a: Garganacl|Salt Cure|p2a: Adder
|-crit|p2a: Adder
|-damage|p2a: Adder|87/100
|-start|p2a: Adder|Salt Cure
|
|-damage|p2a: Adder|75/100|[from] Salt Cure
|-status|p2a: Adder|tox|[from] item: Toxic Orb
|upkeep
|turn|2
|
|t:|1743904720
|move|p2a: Adder|Spikes|p1a: Garganacl
|-sidestart|p1: thepippy27|Spikes
|move|p1a: Garganacl|Stealth Rock|p2a: Adder
|-sidestart|p2: Chrisie10101|move: Stealth Rock
|
|-heal|p2a: Adder|87/100 tox|[from] ability: Poison Heal
|-damage|p2a: Adder|75/100 tox|[from] Salt Cure
|upkeep
|turn|3
|
|t:|1743904730
|switch|p1a: Gliscor|Gliscor, F|100/100
|move|p2a: Adder|Knock Off|p1a: Gliscor
|-damage|p1a: Gliscor|86/100
|-enditem|p1a: Gliscor|Toxic Orb|[from] move: Knock Off|[of] p2a: Adder
|
|-heal|p2a: Adder|87/100 tox|[from] ability: Poison Heal
|-damage|p2a: Adder|75/100 tox|[from] Salt Cure
|upkeep
|turn|4
|
|t:|1743904740
|switch|p2a: Nell|Clefable, F|100/100
|move|p1a: Gliscor|Knock Off|p2a: Nell
|-resisted|p2a: Nell
|-damage|p2a: Nell|92/100
|
|-damage|p1a: Gliscor|74/100|[from] item: Sticky Barb
|upkeep
|turn|5
|c|☆thepippy27|you’ve done this rodeo before
|
|t:|1743904783
|switch|p1a: Scizor|Scizor, M|100/100
|-damage|p1a: Scizor|88/100|[from] Spikes
|move|p2a: Nell|Stealth Rock|p1a: Scizor
|-sidestart|p1: thepippy27|move: Stealth Rock
|
|upkeep
|turn|6
|c|☆Chrisie10101|In what sense?
|
|t:|1743904809
|switch|p2a: Adder|Gliscor, F|75/100 tox
|-damage|p2a: Adder|62/100 tox|[from] Stealth Rock
|move|p1a: Scizor|U-turn|p2a: Adder
|-resisted|p2a: Adder
|-damage|p2a: Adder|45/100 tox
|
|t:|1743904835
|switch|p1a: Great Tusk|Great Tusk|100/100|[from] U-turn
|
|-heal|p2a: Adder|58/100 tox|[from] ability: Poison Heal
|upkeep
|turn|7
|
|t:|1743904841
|move|p2a: Adder|Protect|p2a: Adder
|-singleturn|p2a: Adder|Protect
|move|p1a: Great Tusk|Ice Spinner|p2a: Adder
|-activate|p2a: Adder|move: Protect
|
|-heal|p2a: Adder|70/100 tox|[from] ability: Poison Heal
|upkeep
|turn|8
|
|t:|1743904869
|switch|p2a: Sturm|Corviknight, F, shiny|100/100
|-damage|p2a: Sturm|88/100|[from] Stealth Rock
|-ability|p2a: Sturm|Pressure
|move|p1a: Great Tusk|Rapid Spin|p2a: Sturm
|-resisted|p2a: Sturm
|-damage|p2a: Sturm|81/100
|-boost|p1a: Great Tusk|spe|1
|-sideend|p1: thepippy27|Spikes|[from] move: Rapid Spin|[of] p1a: Great Tusk
|-sideend|p1: thepippy27|Stealth Rock|[from] move: Rapid Spin|[of] p1a: Great Tusk
|
|-heal|p2a: Sturm|87/100|[from] item: Leftovers
|upkeep
|turn|9
|
|t:|1743904880
|move|p1a: Great Tusk|Knock Off|p2a: Sturm
|-damage|p2a: Sturm|61/100
|-enditem|p2a: Sturm|Leftovers|[from] move: Knock Off|[of] p1a: Great Tusk
|move|p2a: Sturm|Substitute|p2a: Sturm
|-start|p2a: Sturm|Substitute
|-damage|p2a: Sturm|36/100
|
|upkeep
|turn|10
|
|t:|1743904891
|-end|p1a: Great Tusk|Protosynthesis|[silent]
|switch|p1a: Iron Valiant|Iron Valiant, shiny|100/100
|-enditem|p1a: Iron Valiant|Booster Energy
|-activate|p1a: Iron Valiant|ability: Quark Drive|[fromitem]
|-start|p1a: Iron Valiant|quarkdrivespe
|move|p2a: Sturm|Roost|p2a: Sturm
|-heal|p2a: Sturm|86/100
|-singleturn|p2a: Sturm|move: Roost
|
|upkeep
|turn|11
|
|t:|1743904900
|move|p1a: Iron Valiant|Encore|p2a: Sturm
|-start|p2a: Sturm|Encore
|move|p2a: Sturm|Roost|p2a: Sturm
|-heal|p2a: Sturm|100/100
|-singleturn|p2a: Sturm|move: Roost
|
|upkeep
|turn|12
|
|t:|1743904919
|switch|p2a: Lash|Toxapex, F, shiny|100/100
|move|p1a: Iron Valiant|Swords Dance|p1a: Iron Valiant
|-boost|p1a: Iron Valiant|atk|2
|
|upkeep
|turn|13
|
|t:|1743904939
|-terastallize|p1a: Iron Valiant|Steel
|move|p1a: Iron Valiant|Swords Dance|p1a: Iron Valiant
|-boost|p1a: Iron Valiant|atk|2
|move|p2a: Lash|Toxic|p1a: Iron Valiant
|-immune|p1a: Iron Valiant
|
|upkeep
|turn|14
|
|t:|1743904949
|switch|p2a: Jugger|Dondozo, F|100/100
|move|p1a: Iron Valiant|Close Combat|p2a: Jugger
|-damage|p2a: Jugger|75/100
|-unboost|p1a: Iron Valiant|def|1
|-unboost|p1a: Iron Valiant|spd|1
|
|upkeep
|turn|15
|
|t:|1743904969
|-end|p1a: Iron Valiant|Quark Drive|[silent]
|switch|p1a: Alomomola|Alomomola, F|100/100
|move|p2a: Jugger|Rest|p2a: Jugger
|-status|p2a: Jugger|slp|[from] move: Rest
|-heal|p2a: Jugger|100/100 slp|[silent]
|
|upkeep
|turn|16
|
|t:|1743904981
|switch|p2a: Nell|Clefable, F|92/100
|move|p1a: Alomomola|Flip Turn|p2a: Nell
|-damage|p2a: Nell|80/100
|
|t:|1743904985
|switch|p1a: Scizor|Scizor, M|88/100|[from] Flip Turn
|
|upkeep
|turn|17
|
|t:|1743904992
|switch|p2a: Sturm|Corviknight, F, shiny|100/100
|-damage|p2a: Sturm|88/100|[from] Stealth Rock
|-ability|p2a: Sturm|Pressure
|move|p1a: Scizor|U-turn|p2a: Sturm
|-resisted|p2a: Sturm
|-damage|p2a: Sturm|75/100
|
|t:|1743905014
|switch|p1a: Garganacl|Garganacl, M|90/100|[from] U-turn
|
|upkeep
|turn|18
|
|t:|1743905019
|move|p2a: Sturm|Substitute|p2a: Sturm
|-start|p2a: Sturm|Substitute
|-damage|p2a: Sturm|50/100
|move|p1a: Garganacl|Salt Cure|p2a: Sturm
|-activate|p2a: Sturm|move: Substitute|[damage]
|
|upkeep
|turn|19
|
|t:|1743905040
|switch|p1a: Great Tusk|Great Tusk|100/100
|move|p2a: Sturm|Roost|p2a: Sturm
|-heal|p2a: Sturm|99/100
|-singleturn|p2a: Sturm|move: Roost
|
|upkeep
|turn|20
|
|t:|1743905053
|move|p1a: Great Tusk|Ice Spinner|p2a: Sturm
|-end|p2a: Sturm|Substitute
|move|p2a: Sturm|Spite|p1a: Great Tusk
|-activate|p1a: Great Tusk|move: Spite|Ice Spinner|4
|
|upkeep
|turn|21
|
|t:|1743905086
|-end|p1a: Great Tusk|Protosynthesis|[silent]
|switch|p1a: Iron Valiant|Iron Valiant, shiny, tera:Steel|100/100
|move|p2a: Sturm|Substitute|p2a: Sturm
|-start|p2a: Sturm|Substitute
|-damage|p2a: Sturm|75/100
|
|upkeep
|turn|22
|
|t:|1743905101
|switch|p2a: Jugger|Dondozo, F|100/100 slp
|move|p1a: Iron Valiant|Close Combat|p2a: Jugger
|-damage|p2a: Jugger|74/100 slp
|-unboost|p1a: Iron Valiant|def|1
|-unboost|p1a: Iron Valiant|spd|1
|
|upkeep
|turn|23
|
|t:|1743905110
|-end|p1a: Iron Valiant|Quark Drive|[silent]
|switch|p1a: Garganacl|Garganacl, M|90/100
|cant|p2a: Jugger|slp
|move|p2a: Jugger|Sleep Talk|p2a: Jugger
|move|p2a: Jugger|Body Press|p1a: Garganacl|[from] move: Sleep Talk
|-supereffective|p1a: Garganacl
|-damage|p1a: Garganacl|59/100
|
|upkeep
|turn|24
|
|t:|1743905120
|switch|p2a: Nell|Clefable, F|80/100
|move|p1a: Garganacl|Salt Cure|p2a: Nell
|-damage|p2a: Nell|68/100
|-start|p2a: Nell|Salt Cure
|
|upkeep
|turn|25
|
|t:|1743905147
|move|p2a: Nell|Moonlight|p2a: Nell
|-heal|p2a: Nell|100/100
|move|p1a: Garganacl|Recover|p1a: Garganacl
|-heal|p1a: Garganacl|100/100
|
|upkeep
|turn|26
|
|t:|1743905157
|switch|p1a: Scizor|Scizor, M|88/100
|move|p2a: Nell|Trick|p1a: Scizor
|-activate|p2a: Nell|move: Trick|[of] p1a: Scizor
|-enditem|p1a: Scizor|Choice Band|[silent]|[from] move: Trick
|-item|p2a: Nell|Choice Band|[from] move: Trick
|
|upkeep
|turn|27
|
|t:|1743905175
|switch|p2a: Adder|Gliscor, F|70/100 tox
|-damage|p2a: Adder|58/100 tox|[from] Stealth Rock
|move|p1a: Scizor|Bullet Punch|p2a: Adder
|-crit|p2a: Adder
|-damage|p2a: Adder|29/100 tox
|
|-heal|p2a: Adder|42/100 tox|[from] ability: Poison Heal
|upkeep
|turn|28
|
|t:|1743905188
|move|p1a: Scizor|U-turn|p2a: Adder
|-resisted|p2a: Adder
|-damage|p2a: Adder|31/100 tox
|
|t:|1743905198
|switch|p1a: Great Tusk|Great Tusk|100/100|[from] U-turn
|move|p2a: Adder|Spikes|p1a: Great Tusk
|-sidestart|p1: thepippy27|Spikes
|
|-heal|p2a: Adder|43/100 tox|[from] ability: Poison Heal
|upkeep
|turn|29
|
|t:|1743905218
|move|p2a: Adder|Protect|p2a: Adder
|-singleturn|p2a: Adder|Protect
|move|p1a: Great Tusk|Rapid Spin|p2a: Adder
|-activate|p2a: Adder|move: Protect
|
|-heal|p2a: Adder|56/100 tox|[from] ability: Poison Heal
|upkeep
|turn|30
|
|t:|1743905229
|-terastallize|p2a: Adder|Ghost
|move|p1a: Great Tusk|Ice Spinner|p2a: Adder
|-damage|p2a: Adder|40/100 tox
|move|p2a: Adder|Toxic|p1a: Great Tusk
|-status|p1a: Great Tusk|tox
|
|-damage|p1a: Great Tusk|94/100 tox|[from] psn
|-heal|p2a: Adder|53/100 tox|[from] ability: Poison Heal
|upkeep
|turn|31
|
|t:|1743905247
|-end|p1a: Great Tusk|Protosynthesis|[silent]
|switch|p1a: Scizor|Scizor, M|88/100
|-damage|p1a: Scizor|76/100|[from] Spikes
|move|p2a: Adder|Protect||[still]
|-fail|p2a: Adder
|
|-heal|p2a: Adder|65/100 tox|[from] ability: Poison Heal
|upkeep
|turn|32
|
|t:|1743905255
|move|p2a: Adder|Protect|p2a: Adder
|-singleturn|p2a: Adder|Protect
|move|p1a: Scizor|Knock Off|p2a: Adder
|-activate|p2a: Adder|move: Protect
|
|-heal|p2a: Adder|78/100 tox|[from] ability: Poison Heal
|upkeep
|turn|33
|
|t:|1743905268
|move|p1a: Scizor|Knock Off|p2a: Adder
|-supereffective|p2a: Adder
|-damage|p2a: Adder|33/100 tox
|-enditem|p2a: Adder|Toxic Orb|[from] move: Knock Off|[of] p1a: Scizor
|move|p2a: Adder|Spikes|p1a: Scizor
|-sidestart|p1: thepippy27|Spikes
|
|-heal|p2a: Adder|45/100 tox|[from] ability: Poison Heal
|upkeep
|turn|34
|
|t:|1743905284
|move|p2a: Adder|Protect|p2a: Adder
|-singleturn|p2a: Adder|Protect
|move|p1a: Scizor|Knock Off|p2a: Adder
|-activate|p2a: Adder|move: Protect
|
|-heal|p2a: Adder|58/100 tox|[from] ability: Poison Heal
|upkeep
|turn|35
|
|t:|1743905301
|move|p1a: Scizor|Knock Off|p2a: Adder
|-supereffective|p2a: Adder
|-damage|p2a: Adder|28/100 tox
|move|p2a: Adder|Spikes|p1a: Scizor
|-sidestart|p1: thepippy27|Spikes
|
|-heal|p2a: Adder|40/100 tox|[from] ability: Poison Heal
|upkeep
|turn|36
|
|t:|1743905315
|switch|p1a: Garganacl|Garganacl, M|100/100
|-damage|p1a: Garganacl|75/100|[from] Spikes
|move|p2a: Adder|Protect||[still]
|-fail|p2a: Adder
|
|-heal|p2a: Adder|53/100 tox|[from] ability: Poison Heal
|upkeep
|turn|37
|
|t:|1743905322
|move|p2a: Adder|Protect|p2a: Adder
|-singleturn|p2a: Adder|Protect
|move|p1a: Garganacl|Salt Cure|p2a: Adder
|-activate|p2a: Adder|move: Protect
|
|-heal|p2a: Adder|65/100 tox|[from] ability: Poison Heal
|upkeep
|turn|38
|
|t:|1743905332
|switch|p2a: Nell|Clefable, F|100/100
|move|p1a: Garganacl|Salt Cure|p2a: Nell
|-damage|p2a: Nell|91/100
|-start|p2a: Nell|Salt Cure
|
|upkeep
|turn|39
|
|t:|1743905347
|move|p1a: Garganacl|Protect|p1a: Garganacl
|-singleturn|p1a: Garganacl|Protect
|move|p2a: Nell|Trick|p1a: Garganacl
|-activate|p1a: Garganacl|move: Protect
|
|upkeep
|turn|40
|
|t:|1743905360
|switch|p2a: Adder|Gliscor, F, tera:Ghost|65/100 tox
|-damage|p2a: Adder|53/100 tox|[from] Stealth Rock
|switch|p1a: Gliscor|Gliscor, F|74/100
|
|-heal|p2a: Adder|65/100 tox|[from] ability: Poison Heal
|-damage|p1a: Gliscor|62/100|[from] item: Sticky Barb
|upkeep
|turn|41
|
|t:|1743905371
|move|p2a: Adder|Protect|p2a: Adder
|-singleturn|p2a: Adder|Protect
|move|p1a: Gliscor|Spikes|p2a: Adder
|-sidestart|p2: Chrisie10101|Spikes
|
|-heal|p2a: Adder|78/100 tox|[from] ability: Poison Heal
|-damage|p1a: Gliscor|49/100|[from] item: Sticky Barb
|upkeep
|turn|42
|
|t:|1743905404
|switch|p1a: Iron Valiant|Iron Valiant, shiny, tera:Steel|100/100
|-damage|p1a: Iron Valiant|76/100|[from] Spikes
|switch|p2a: Nell|Clefable, F|91/100
|
|upkeep
|turn|43
|
|t:|1743905416
|move|p1a: Iron Valiant|Spirit Break|p2a: Nell
|-damage|p2a: Nell|61/100
|-unboost|p2a: Nell|spa|1
|move|p2a: Nell|Trick|p1a: Iron Valiant
|-activate|p2a: Nell|move: Trick|[of] p1a: Iron Valiant
|-item|p1a: Iron Valiant|Choice Band|[from] move: Trick
|-enditem|p2a: Nell|Choice Band|[silent]|[from] move: Trick
|
|upkeep
|turn|44
|
|t:|1743905433
|switch|p2a: Lash|Toxapex, F, shiny|100/100
|move|p1a: Iron Valiant|Spirit Break|p2a: Lash
|-resisted|p2a: Lash
|-damage|p2a: Lash|77/100
|-unboost|p2a: Lash|spa|1
|
|upkeep
|turn|45
|
|t:|1743905442
|-end|p1a: Iron Valiant|Quark Drive|[silent]
|switch|p1a: Great Tusk|Great Tusk|94/100 tox
|move|p2a: Lash|Infestation|p1a: Great Tusk
|-resisted|p1a: Great Tusk
|-damage|p1a: Great Tusk|93/100 tox
|-activate|p1a: Great Tusk|move: Infestation|[of] p2a: Lash
|
|-damage|p1a: Great Tusk|87/100 tox|[from] psn
|-damage|p1a: Great Tusk|75/100 tox|[from] move: Infestation|[partiallytrapped]
|upkeep
|turn|46
|
|t:|1743905459
|switch|p2a: Adder|Gliscor, F, tera:Ghost|78/100 tox
|-damage|p2a: Adder|65/100 tox|[from] Stealth Rock
|-damage|p2a: Adder|53/100 tox|[from] Spikes
|move|p1a: Great Tusk|Headlong Rush|p2a: Adder
|-damage|p2a: Adder|14/100 tox
|-unboost|p1a: Great Tusk|def|1
|-unboost|p1a: Great Tusk|spd|1
|
|-damage|p1a: Great Tusk|63/100 tox|[from] psn
|-heal|p2a: Adder|27/100 tox|[from] ability: Poison Heal
|-end|p1a: Great Tusk|Infestation|[partiallytrapped]|[silent]
|upkeep
|turn|47
|
|t:|1743905483
|move|p2a: Adder|Protect|p2a: Adder
|-singleturn|p2a: Adder|Protect
|move|p1a: Great Tusk|Headlong Rush|p2a: Adder
|-activate|p2a: Adder|move: Protect
|
|-damage|p1a: Great Tusk|45/100 tox|[from] psn
|-heal|p2a: Adder|39/100 tox|[from] ability: Poison Heal
|upkeep
|turn|48
|
|t:|1743905495
|switch|p2a: Sturm|Corviknight, F, shiny|75/100
|-damage|p2a: Sturm|63/100|[from] Stealth Rock
|-ability|p2a: Sturm|Pressure
|move|p1a: Great Tusk|Headlong Rush|p2a: Sturm
|-immune|p2a: Sturm
|
|-damage|p1a: Great Tusk|21/100 tox|[from] psn
|upkeep
|turn|49
|
|t:|1743905506
|move|p1a: Great Tusk|Rapid Spin|p2a: Sturm
|-resisted|p2a: Sturm
|-damage|p2a: Sturm|57/100
|-boost|p1a: Great Tusk|spe|1
|-sideend|p1: thepippy27|Spikes|[from] move: Rapid Spin|[of] p1a: Great Tusk
|move|p2a: Sturm|Roost|p2a: Sturm
|-heal|p2a: Sturm|100/100
|-singleturn|p2a: Sturm|move: Roost
|
|-damage|p1a: Great Tusk|0 fnt|[from] psn
|faint|p1a: Great Tusk
|-end|p1a: Great Tusk|Protosynthesis|[silent]
|upkeep
|
|t:|1743905525
|switch|p1a: Garganacl|Garganacl, M|75/100
|turn|50
|
|t:|1743905530
|switch|p2a: Nell|Clefable, F|61/100
|switch|p1a: Scizor|Scizor, M|76/100
|
|upkeep
|turn|51
|
|t:|1743905549
|switch|p2a: Sturm|Corviknight, F, shiny|100/100
|-damage|p2a: Sturm|88/100|[from] Stealth Rock
|-ability|p2a: Sturm|Pressure
|move|p1a: Scizor|Bullet Punch|p2a: Sturm
|-resisted|p2a: Sturm
|-damage|p2a: Sturm|75/100
|
|upkeep
|turn|52
|
|t:|1743905561
|move|p2a: Sturm|Substitute|p2a: Sturm
|-start|p2a: Sturm|Substitute
|-damage|p2a: Sturm|50/100
|move|p1a: Scizor|U-turn|p2a: Sturm
|-resisted|p2a: Sturm
|-activate|p2a: Sturm|move: Substitute|[damage]
|
|t:|1743905576
|switch|p1a: Iron Valiant|Iron Valiant, shiny, tera:Steel|76/100|[from] U-turn
|
|upkeep
|turn|53
|
|t:|1743905581
|move|p1a: Iron Valiant|Encore|p2a: Sturm
|-start|p2a: Sturm|Encore
|move|p2a: Sturm|Substitute|p2a: Sturm
|-fail|p2a: Sturm|move: Substitute
|
|upkeep
|turn|54
|
|t:|1743905592
|-end|p1a: Iron Valiant|Quark Drive|[silent]
|switch|p1a: Scizor|Scizor, M|76/100
|move|p2a: Sturm|Substitute|p2a: Sturm
|-fail|p2a: Sturm|move: Substitute
|
|upkeep
|turn|55
|
|t:|1743905598
|move|p2a: Sturm|Substitute|p2a: Sturm
|-fail|p2a: Sturm|move: Substitute
|move|p1a: Scizor|U-turn|p2a: Sturm
|-resisted|p2a: Sturm
|-activate|p2a: Sturm|move: Substitute|[damage]
|
|t:|1743905601
|switch|p1a: Alomomola|Alomomola, F|100/100|[from] U-turn
|
|-end|p2a: Sturm|Encore
|upkeep
|turn|56
|
|t:|1743905607
|move|p2a: Sturm|Roost|p2a: Sturm
|-heal|p2a: Sturm|99/100
|-singleturn|p2a: Sturm|move: Roost
|move|p1a: Alomomola|Wish|p1a: Alomomola
|
|upkeep
|turn|57
|
|t:|1743905615
|move|p2a: Sturm|Spite|p1a: Alomomola
|-activate|p1a: Alomomola|move: Spite|Wish|4
|move|p1a: Alomomola|Flip Turn|p2a: Sturm
|-end|p2a: Sturm|Substitute
|
|t:|1743905626
|switch|p1a: Gliscor|Gliscor, F|49/100|[from] Flip Turn
|
|-heal|p1a: Gliscor|100/100|[from] move: Wish|[wisher] Alomomola
|-damage|p1a: Gliscor|88/100|[from] item: Sticky Barb
|upkeep
|turn|58
|
|t:|1743905638
|switch|p1a: Garganacl|Garganacl, M|75/100
|switch|p2a: Nell|Clefable, F|61/100
|
|upkeep
|turn|59
|
|t:|1743905643
|switch|p1a: Scizor|Scizor, M|76/100
|move|p2a: Nell|Stealth Rock|p1a: Scizor
|-sidestart|p1: thepippy27|move: Stealth Rock
|
|upkeep
|turn|60
|
|t:|1743905657
|switch|p2a: Sturm|Corviknight, F, shiny|99/100
|-damage|p2a: Sturm|88/100|[from] Stealth Rock
|-ability|p2a: Sturm|Pressure
|move|p1a: Scizor|Close Combat|p2a: Sturm
|-damage|p2a: Sturm|50/100
|-unboost|p1a: Scizor|def|1
|-unboost|p1a: Scizor|spd|1
|
|upkeep
|turn|61
|
|t:|1743905666
|move|p2a: Sturm|Roost|p2a: Sturm
|-heal|p2a: Sturm|99/100
|-singleturn|p2a: Sturm|move: Roost
|move|p1a: Scizor|Close Combat|p2a: Sturm
|-supereffective|p2a: Sturm
|-damage|p2a: Sturm|26/100
|-unboost|p1a: Scizor|def|1
|-unboost|p1a: Scizor|spd|1
|
|upkeep
|turn|62
|
|t:|1743905676
|move|p2a: Sturm|Protect|p2a: Sturm
|-singleturn|p2a: Sturm|Protect
|move|p1a: Scizor|Close Combat|p2a: Sturm
|-activate|p2a: Sturm|move: Protect
|
|upkeep
|turn|63
|
|t:|1743905683
|move|p2a: Sturm|Spite|p1a: Scizor
|-activate|p1a: Scizor|move: Spite|Close Combat|2
|move|p1a: Scizor|Knock Off|p2a: Sturm
|-damage|p2a: Sturm|4/100
|
|upkeep
|turn|64
|
|t:|1743905688
|move|p1a: Scizor|Bullet Punch|p2a: Sturm
|-resisted|p2a: Sturm
|-damage|p2a: Sturm|0 fnt
|faint|p2a: Sturm
|
|upkeep
|
|t:|1743905729
|switch|p2a: Adder|Gliscor, F, tera:Ghost|39/100 tox
|-damage|p2a: Adder|27/100 tox|[from] Stealth Rock
|-damage|p2a: Adder|14/100 tox|[from] Spikes
|turn|65
|
|t:|1743905736
|move|p2a: Adder|Protect|p2a: Adder
|-singleturn|p2a: Adder|Protect
|move|p1a: Scizor|Knock Off|p2a: Adder
|-activate|p2a: Adder|move: Protect
|
|-heal|p2a: Adder|27/100 tox|[from] ability: Poison Heal
|upkeep
|turn|66
|
|t:|1743905768
|switch|p2a: Lash|Toxapex, F, shiny|100/100
|move|p1a: Scizor|Knock Off|p2a: Lash
|-damage|p2a: Lash|74/100
|-enditem|p2a: Lash|Heavy-Duty Boots|[from] move: Knock Off|[of] p1a: Scizor
|
|upkeep
|turn|67
|
|t:|1743905781
|move|p1a: Scizor|U-turn|p2a: Lash
|-resisted|p2a: Lash
|-damage|p2a: Lash|58/100
|
|t:|1743905801
|switch|p1a: Garganacl|Garganacl, M|75/100|[from] U-turn
|-damage|p1a: Garganacl|63/100|[from] Stealth Rock
|move|p2a: Lash|Infestation|p1a: Garganacl
|-damage|p1a: Garganacl|60/100
|-activate|p1a: Garganacl|move: Infestation|[of] p2a: Lash
|
|-damage|p1a: Garganacl|48/100|[from] move: Infestation|[partiallytrapped]
|upkeep
|turn|68
|
|t:|1743905809
|switch|p2a: Nell|Clefable, F|61/100
|move|p1a: Garganacl|Recover|p1a: Garganacl
|-heal|p1a: Garganacl|98/100
|
|-end|p1a: Garganacl|Infestation|[partiallytrapped]|[silent]
|upkeep
|turn|69
|
|t:|1743905819
|switch|p1a: Scizor|Scizor, M|76/100
|-damage|p1a: Scizor|64/100|[from] Stealth Rock
|move|p2a: Nell|Moonlight|p2a: Nell
|-heal|p2a: Nell|100/100
|
|upkeep
|turn|70
|
|t:|1743905838
|switch|p2a: Lash|Toxapex, F, shiny|91/100
|-damage|p2a: Lash|79/100|[from] Stealth Rock
|-damage|p2a: Lash|67/100|[from] Spikes
|move|p1a: Scizor|Bullet Punch|p2a: Lash
|-resisted|p2a: Lash
|-damage|p2a: Lash|54/100
|
|upkeep
|turn|71
|
|t:|1743905847
|move|p1a: Scizor|Knock Off|p2a: Lash
|-damage|p2a: Lash|36/100
|move|p2a: Lash|Infestation|p1a: Scizor
|-resisted|p1a: Scizor
|-damage|p1a: Scizor|61/100
|-activate|p1a: Scizor|move: Infestation|[of] p2a: Lash
|
|-damage|p1a: Scizor|49/100|[from] move: Infestation|[partiallytrapped]
|upkeep
|turn|72
|
|t:|1743905855
|move|p1a: Scizor|U-turn|p2a: Lash
|-resisted|p2a: Lash
|-damage|p2a: Lash|21/100
|
|t:|1743905864
|switch|p1a: Garganacl|Garganacl, M|98/100|[from] U-turn
|-damage|p1a: Garganacl|86/100|[from] Stealth Rock
|move|p2a: Lash|Recover|p2a: Lash
|-heal|p2a: Lash|71/100
|
|upkeep
|turn|73
|
|t:|1743905872
|switch|p2a: Nell|Clefable, F|100/100
|move|p1a: Garganacl|Salt Cure|p2a: Nell
|-damage|p2a: Nell|89/100
|-start|p2a: Nell|Salt Cure
|
|upkeep
|turn|74
|
|t:|1743905880
|move|p1a: Garganacl|Protect|p1a: Garganacl
|-singleturn|p1a: Garganacl|Protect
|move|p2a: Nell|Moonblast|p1a: Garganacl
|-activate|p1a: Garganacl|move: Protect
|
|upkeep
|turn|75
|
|t:|1743905891
|switch|p1a: Gliscor|Gliscor, F|88/100
|-damage|p1a: Gliscor|76/100|[from] Stealth Rock
|move|p2a: Nell|Moonblast|p1a: Gliscor
|-damage|p1a: Gliscor|38/100
|
|-damage|p1a: Gliscor|25/100|[from] item: Sticky Barb
|upkeep
|turn|76
|
|t:|1743905900
|move|p1a: Gliscor|Spikes|p2a: Nell
|-sidestart|p2: Chrisie10101|Spikes
|move|p2a: Nell|Moonblast|p1a: Gliscor
|-damage|p1a: Gliscor|0 fnt
|faint|p1a: Gliscor
|
|upkeep
|
|t:|1743905909
|switch|p1a: Iron Valiant|Iron Valiant, shiny, tera:Steel|76/100
|-damage|p1a: Iron Valiant|69/100|[from] Stealth Rock
|turn|77
|
|t:|1743905922
|move|p1a: Iron Valiant|Spirit Break|p2a: Nell
|-damage|p2a: Nell|46/100
|-unboost|p2a: Nell|spa|1
|move|p2a: Nell|Moonlight|p2a: Nell
|-heal|p2a: Nell|96/100
|
|upkeep
|turn|78
|
|t:|1743905934
|switch|p2a: Lash|Toxapex, F, shiny|100/100
|-damage|p2a: Lash|88/100|[from] Stealth Rock
|-damage|p2a: Lash|72/100|[from] Spikes
|move|p1a: Iron Valiant|Spirit Break|p2a: Lash
|-resisted|p2a: Lash
|-damage|p2a: Lash|49/100
|-unboost|p2a: Lash|spa|1
|
|upkeep
|turn|79
|
|t:|1743905951
|-end|p1a: Iron Valiant|Quark Drive|[silent]
|switch|p1a: Alomomola|Alomomola, F|100/100
|-damage|p1a: Alomomola|88/100|[from] Stealth Rock
|move|p2a: Lash|Infestation|p1a: Alomomola
|-damage|p1a: Alomomola|86/100
|-activate|p1a: Alomomola|move: Infestation|[of] p2a: Lash
|-damage|p2a: Lash|33/100|[from] item: Rocky Helmet|[of] p1a: Alomomola
|
|-damage|p1a: Alomomola|74/100|[from] move: Infestation|[partiallytrapped]
|upkeep
|turn|80
|
|t:|1743905962
|move|p1a: Alomomola|Flip Turn|p2a: Lash
|-resisted|p2a: Lash
|-damage|p2a: Lash|27/100
|
|t:|1743905976
|switch|p1a: Iron Valiant|Iron Valiant, shiny, tera:Steel|69/100|[from] Flip Turn
|-damage|p1a: Iron Valiant|63/100|[from] Stealth Rock
|move|p2a: Lash|Toxic|p1a: Iron Valiant
|-immune|p1a: Iron Valiant
|
|upkeep
|turn|81
|
|t:|1743905994
|switch|p2a: Adder|Gliscor, F, tera:Ghost|27/100 tox
|-damage|p2a: Adder|14/100 tox|[from] Stealth Rock
|-damage|p2a: Adder|0 fnt|[from] Spikes
|faint|p2a: Adder
|move|p1a: Iron Valiant|Spirit Break|p2: Adder|[notarget]
|-fail|p1a: Iron Valiant
|
|upkeep
|
|t:|1743906004
|switch|p2a: Jugger|Dondozo, F|74/100 slp
|turn|82
|
|t:|1743906013
|-end|p1a: Iron Valiant|Quark Drive|[silent]
|switch|p1a: Alomomola|Alomomola, F|100/100
|-damage|p1a: Alomomola|88/100|[from] Stealth Rock
|cant|p2a: Jugger|slp
|move|p2a: Jugger|Sleep Talk|p2a: Jugger
|move|p2a: Jugger|Body Press|p1a: Alomomola|[from] move: Sleep Talk
|-damage|p1a: Alomomola|74/100
|-damage|p2a: Jugger|57/100 slp|[from] item: Rocky Helmet|[of] p1a: Alomomola
|
|upkeep
|turn|83
|
|t:|1743906023
|move|p1a: Alomomola|Wish|p1a: Alomomola
|-curestatus|p2a: Jugger|slp|[msg]
|move|p2a: Jugger|Rest|p2a: Jugger
|-status|p2a: Jugger|slp|[from] move: Rest
|-heal|p2a: Jugger|100/100 slp|[silent]
|
|upkeep
|turn|84
|
|t:|1743906029
|move|p1a: Alomomola|Flip Turn|p2a: Jugger
|-resisted|p2a: Jugger
|-damage|p2a: Jugger|97/100 slp
|
|t:|1743906036
|switch|p1a: Scizor|Scizor, M|49/100|[from] Flip Turn
|-damage|p1a: Scizor|37/100|[from] Stealth Rock
|cant|p2a: Jugger|slp
|move|p2a: Jugger|Sleep Talk|p2a: Jugger
|move|p2a: Jugger|Body Press|p1a: Scizor|[from] move: Sleep Talk
|-damage|p1a: Scizor|3/100
|
|-heal|p1a: Scizor|94/100|[from] move: Wish|[wisher] Alomomola
|upkeep
|turn|85
|
|t:|1743906064
|switch|p2a: Flesh Tutu|Blissey, F|100/100
|move|p1a: Scizor|Knock Off|p2a: Flesh Tutu
|-damage|p2a: Flesh Tutu|60/100
|-enditem|p2a: Flesh Tutu|Heavy-Duty Boots|[from] move: Knock Off|[of] p1a: Scizor
|
|upkeep
|turn|86
|
|t:|1743906076
|move|p1a: Scizor|U-turn|p2a: Flesh Tutu
|-damage|p2a: Flesh Tutu|9/100
|
|t:|1743906081
|switch|p1a: Garganacl|Garganacl, M|86/100|[from] U-turn
|-damage|p1a: Garganacl|73/100|[from] Stealth Rock
|move|p2a: Flesh Tutu|Soft-Boiled|p2a: Flesh Tutu
|-heal|p2a: Flesh Tutu|59/100
|
|upkeep
|turn|87
|
|t:|1743906096
|switch|p1a: Scizor|Scizor, M|94/100
|-damage|p1a: Scizor|82/100|[from] Stealth Rock
|move|p2a: Flesh Tutu|Soft-Boiled|p2a: Flesh Tutu
|-heal|p2a: Flesh Tutu|100/100
|
|upkeep
|turn|88
|
|t:|1743906107
|move|p1a: Scizor|U-turn|p2a: Flesh Tutu
|-damage|p2a: Flesh Tutu|56/100
|
|t:|1743906112
|switch|p1a: Garganacl|Garganacl, M|73/100|[from] U-turn
|-damage|p1a: Garganacl|61/100|[from] Stealth Rock
|move|p2a: Flesh Tutu|Seismic Toss|p1a: Garganacl
|-damage|p1a: Garganacl|36/100
|
|upkeep
|turn|89
|
|t:|1743906119
|switch|p2a: Nell|Clefable, F|96/100
|move|p1a: Garganacl|Recover|p1a: Garganacl
|-heal|p1a: Garganacl|86/100
|
|upkeep
|turn|90
|
|t:|1743906135
|switch|p1a: Scizor|Scizor, M|82/100
|-damage|p1a: Scizor|70/100|[from] Stealth Rock
|move|p2a: Nell|Moonblast|p1a: Scizor
|-resisted|p1a: Scizor
|-damage|p1a: Scizor|46/100
|
|upkeep
|turn|91
|
|t:|1743906144
|switch|p2a: Flesh Tutu|Blissey, F|56/100
|-damage|p2a: Flesh Tutu|44/100|[from] Stealth Rock
|-damage|p2a: Flesh Tutu|27/100|[from] Spikes
|move|p1a: Scizor|Knock Off|p2a: Flesh Tutu
|-damage|p2a: Flesh Tutu|0 fnt
|faint|p2a: Flesh Tutu
|
|upkeep
|
|t:|1743906152
|switch|p2a: Lash|Toxapex, F, shiny|60/100
|-damage|p2a: Lash|48/100|[from] Stealth Rock
|-damage|p2a: Lash|32/100|[from] Spikes
|turn|92
|
|t:|1743906164
|move|p1a: Scizor|U-turn|p2a: Lash
|-resisted|p2a: Lash
|-damage|p2a: Lash|17/100
|
|t:|1743906174
|switch|p1a: Alomomola|Alomomola, F|100/100|[from] U-turn
|-damage|p1a: Alomomola|88/100|[from] Stealth Rock
|move|p2a: Lash|Recover|p2a: Lash
|-heal|p2a: Lash|67/100
|
|upkeep
|turn|93
|
|t:|1743906189
|move|p1a: Alomomola|Protect|p1a: Alomomola
|-singleturn|p1a: Alomomola|Protect
|move|p2a: Lash|Toxic|p1a: Alomomola
|-activate|p1a: Alomomola|move: Protect
|
|upkeep
|turn|94
|
|t:|1743906195
|move|p1a: Alomomola|Flip Turn|p2a: Lash
|-resisted|p2a: Lash
|-damage|p2a: Lash|61/100
|
|t:|1743906197
|switch|p1a: Garganacl|Garganacl, M|86/100|[from] Flip Turn
|-damage|p1a: Garganacl|74/100|[from] Stealth Rock
|move|p2a: Lash|Infestation|p1a: Garganacl
|-damage|p1a: Garganacl|71/100
|-activate|p1a: Garganacl|move: Infestation|[of] p2a: Lash
|
|-damage|p1a: Garganacl|58/100|[from] move: Infestation|[partiallytrapped]
|upkeep
|turn|95
|
|t:|1743906206
|switch|p2a: Nell|Clefable, F|96/100
|move|p1a: Garganacl|Salt Cure|p2a: Nell
|-damage|p2a: Nell|86/100
|-start|p2a: Nell|Salt Cure
|
|-end|p1a: Garganacl|Infestation|[partiallytrapped]|[silent]
|upkeep
|turn|96
|
|t:|1743906215
|move|p1a: Garganacl|Protect|p1a: Garganacl
|-singleturn|p1a: Garganacl|Protect
|move|p2a: Nell|Moonblast|p1a: Garganacl
|-activate|p1a: Garganacl|move: Protect
|
|upkeep
|turn|97
|
|t:|1743906223
|move|p2a: Nell|Moonblast|p1a: Garganacl
|-damage|p1a: Garganacl|31/100
|move|p1a: Garganacl|Recover|p1a: Garganacl
|-heal|p1a: Garganacl|81/100
|
|upkeep
|turn|98
|
|t:|1743906230
|switch|p1a: Alomomola|Alomomola, F|100/100
|-damage|p1a: Alomomola|88/100|[from] Stealth Rock
|move|p2a: Nell|Moonblast|p1a: Alomomola
|-damage|p1a: Alomomola|53/100
|
|upkeep
|turn|99
|
|t:|1743906238
|move|p2a: Nell|Trick|p1a: Alomomola
|-activate|p2a: Nell|move: Trick|[of] p1a: Alomomola
|-enditem|p1a: Alomomola|Rocky Helmet|[silent]|[from] move: Trick
|-item|p2a: Nell|Rocky Helmet|[from] move: Trick
|move|p1a: Alomomola|Mirror Coat||[still]
|-fail|p1a: Alomomola
|
|upkeep
|turn|100
|
|t:|1743906251
|switch|p2a: Lash|Toxapex, F, shiny|94/100
|-damage|p2a: Lash|82/100|[from] Stealth Rock
|-damage|p2a: Lash|66/100|[from] Spikes
|move|p1a: Alomomola|Wish|p1a: Alomomola
|
|upkeep
|turn|101
|
|t:|1743906260
|move|p1a: Alomomola|Flip Turn|p2a: Lash
|-resisted|p2a: Lash
|-damage|p2a: Lash|59/100
|
|t:|1743906262
|switch|p1a: Scizor|Scizor, M|46/100|[from] Flip Turn
|-damage|p1a: Scizor|33/100|[from] Stealth Rock
|move|p2a: Lash|Infestation|p1a: Scizor
|-resisted|p1a: Scizor
|-damage|p1a: Scizor|31/100
|-activate|p1a: Scizor|move: Infestation|[of] p2a: Lash
|
|-heal|p1a: Scizor|100/100|[from] move: Wish|[wisher] Alomomola
|-damage|p1a: Scizor|88/100|[from] move: Infestation|[partiallytrapped]
|upkeep
|turn|102
|
|t:|1743906273
|move|p1a: Scizor|Knock Off|p2a: Lash
|-damage|p2a: Lash|41/100
|move|p2a: Lash|Recover|p2a: Lash
|-heal|p2a: Lash|91/100
|
|-damage|p1a: Scizor|76/100|[from] move: Infestation|[partiallytrapped]
|upkeep
|turn|103
|
|t:|1743906279
|move|p1a: Scizor|U-turn|p2a: Lash
|-resisted|p2a: Lash
|-damage|p2a: Lash|75/100
|
|t:|1743906287
|switch|p1a: Iron Valiant|Iron Valiant, shiny, tera:Steel|63/100|[from] U-turn
|-damage|p1a: Iron Valiant|57/100|[from] Stealth Rock
|move|p2a: Lash|Haze|p2a: Lash
|-clearallboost
|
|upkeep
|turn|104
|
|t:|1743906314
|move|p1a: Iron Valiant|Swords Dance|p1a: Iron Valiant
|-boost|p1a: Iron Valiant|atk|2
|move|p2a: Lash|Infestation|p1a: Iron Valiant
|-resisted|p1a: Iron Valiant
|-damage|p1a: Iron Valiant|54/100
|-activate|p1a: Iron Valiant|move: Infestation|[of] p2a: Lash
|
|-damage|p1a: Iron Valiant|42/100|[from] move: Infestation|[partiallytrapped]
|upkeep
|turn|105
|
|t:|1743906321
|move|p1a: Iron Valiant|Swords Dance|p1a: Iron Valiant
|-boost|p1a: Iron Valiant|atk|2
|move|p2a: Lash|Infestation|p1a: Iron Valiant
|-resisted|p1a: Iron Valiant
|-damage|p1a: Iron Valiant|39/100
|
|-damage|p1a: Iron Valiant|26/100|[from] move: Infestation|[partiallytrapped]
|upkeep
|turn|106
|
|t:|1743906328
|move|p1a: Iron Valiant|Swords Dance|p1a: Iron Valiant
|-boost|p1a: Iron Valiant|atk|2
|move|p2a: Lash|Infestation|p1a: Iron Valiant
|-resisted|p1a: Iron Valiant
|-damage|p1a: Iron Valiant|24/100
|
|-damage|p1a: Iron Valiant|11/100|[from] move: Infestation|[partiallytrapped]
|upkeep
|turn|107
|
|t:|1743906335
|move|p1a: Iron Valiant|Swords Dance|p1a: Iron Valiant
|-boost|p1a: Iron Valiant|atk|0
|move|p2a: Lash|Infestation|p1a: Iron Valiant
|-resisted|p1a: Iron Valiant
|-crit|p1a: Iron Valiant
|-damage|p1a: Iron Valiant|7/100
|
|-damage|p1a: Iron Valiant|0 fnt|[from] move: Infestation|[partiallytrapped]
|faint|p1a: Iron Valiant
|-end|p1a: Iron Valiant|Quark Drive|[silent]
|upkeep
|
|t:|1743906337
|switch|p1a: Garganacl|Garganacl, M|81/100
|-damage|p1a: Garganacl|69/100|[from] Stealth Rock
|turn|108
|
|t:|1743906346
|switch|p2a: Nell|Clefable, F|86/100
|move|p1a: Garganacl|Protect||[still]
|-fail|p1a: Garganacl
|
|upkeep
|turn|109
|
|t:|1743906353
|switch|p1a: Scizor|Scizor, M|76/100
|-damage|p1a: Scizor|64/100|[from] Stealth Rock
|move|p2a: Nell|Stealth Rock||[still]
|-fail|p2a: Nell
|
|upkeep
|turn|110
|
|t:|1743906359
|switch|p2a: Lash|Toxapex, F, shiny|100/100
|-damage|p2a: Lash|88/100|[from] Stealth Rock
|-damage|p2a: Lash|72/100|[from] Spikes
|move|p1a: Scizor|U-turn|p2a: Lash
|-resisted|p2a: Lash
|-damage|p2a: Lash|55/100
|
|t:|1743906364
|switch|p1a: Garganacl|Garganacl, M|69/100|[from] U-turn
|-damage|p1a: Garganacl|56/100|[from] Stealth Rock
|
|upkeep
|turn|111
|
|t:|1743906370
|switch|p2a: Nell|Clefable, F|86/100
|move|p1a: Garganacl|Salt Cure|p2a: Nell
|-damage|p2a: Nell|74/100
|-start|p2a: Nell|Salt Cure
|
|upkeep
|turn|112
|
|t:|1743906378
|switch|p1a: Alomomola|Alomomola, F|86/100
|-damage|p1a: Alomomola|74/100|[from] Stealth Rock
|move|p2a: Nell|Moonblast|p1a: Alomomola
|-damage|p1a: Alomomola|38/100
|-unboost|p1a: Alomomola|spa|1
|
|upkeep
|turn|113
|
|t:|1743906393
|switch|p2a: Lash|Toxapex, F, shiny|88/100
|-damage|p2a: Lash|76/100|[from] Stealth Rock
|-damage|p2a: Lash|60/100|[from] Spikes
|move|p1a: Alomomola|Wish|p1a: Alomomola
|
|upkeep
|turn|114
|
|t:|1743906399
|move|p1a: Alomomola|Flip Turn|p2a: Lash
|-resisted|p2a: Lash
|-damage|p2a: Lash|53/100
|
|t:|1743906404
|switch|p1a: Garganacl|Garganacl, M|56/100|[from] Flip Turn
|-damage|p1a: Garganacl|44/100|[from] Stealth Rock
|move|p2a: Lash|Infestation|p1a: Garganacl
|-damage|p1a: Garganacl|41/100
|-activate|p1a: Garganacl|move: Infestation|[of] p2a: Lash
|
|-heal|p1a: Garganacl|100/100|[from] move: Wish|[wisher] Alomomola
|-damage|p1a: Garganacl|88/100|[from] move: Infestation|[partiallytrapped]
|upkeep
|turn|115
|
|t:|1743906413
|switch|p2a: Nell|Clefable, F|74/100
|move|p1a: Garganacl|Protect||[still]
|-fail|p1a: Garganacl
|
|-end|p1a: Garganacl|Infestation|[partiallytrapped]|[silent]
|upkeep
|turn|116
|
|t:|1743906419
|switch|p1a: Scizor|Scizor, M|64/100
|-damage|p1a: Scizor|51/100|[from] Stealth Rock
|move|p2a: Nell|Moonblast|p1a: Scizor
|-resisted|p1a: Scizor
|-damage|p1a: Scizor|28/100
|
|upkeep
|turn|117
|
|t:|1743906428
|switch|p2a: Lash|Toxapex, F, shiny|86/100
|-damage|p2a: Lash|74/100|[from] Stealth Rock
|-damage|p2a: Lash|57/100|[from] Spikes
|move|p1a: Scizor|U-turn|p2a: Lash
|-resisted|p2a: Lash
|-damage|p2a: Lash|42/100
|
|t:|1743906436
|switch|p1a: Alomomola|Alomomola, F|71/100|[from] U-turn
|-damage|p1a: Alomomola|59/100|[from] Stealth Rock
|
|upkeep
|turn|118
|
|t:|1743906443
|move|p1a: Alomomola|Protect|p1a: Alomomola
|-singleturn|p1a: Alomomola|Protect
|move|p2a: Lash|Recover|p2a: Lash
|-heal|p2a: Lash|92/100
|
|upkeep
|turn|119
|
|t:|1743906452
|move|p1a: Alomomola|Flip Turn|p2a: Lash
|-resisted|p2a: Lash
|-damage|p2a: Lash|86/100
|
|t:|1743906455
|switch|p1a: Garganacl|Garganacl, M|88/100|[from] Flip Turn
|-damage|p1a: Garganacl|76/100|[from] Stealth Rock
|move|p2a: Lash|Infestation|p1a: Garganacl
|-crit|p1a: Garganacl
|-damage|p1a: Garganacl|72/100
|-activate|p1a: Garganacl|move: Infestation|[of] p2a: Lash
|
|-damage|p1a: Garganacl|59/100|[from] move: Infestation|[partiallytrapped]
|upkeep
|turn|120
|
|t:|1743906464
|switch|p2a: Nell|Clefable, F|74/100
|move|p1a: Garganacl|Salt Cure|p2a: Nell
|-damage|p2a: Nell|64/100
|-start|p2a: Nell|Salt Cure
|
|-end|p1a: Garganacl|Infestation|[partiallytrapped]|[silent]
|upkeep
|turn|121
|
|t:|1743906474
|switch|p1a: Alomomola|Alomomola, F|92/100
|-damage|p1a: Alomomola|80/100|[from] Stealth Rock
|move|p2a: Nell|Moonblast|p1a: Alomomola
|-damage|p1a: Alomomola|48/100
|
|upkeep
|turn|122
|
|t:|1743906484
|switch|p2a: Lash|Toxapex, F, shiny|100/100
|-damage|p2a: Lash|88/100|[from] Stealth Rock
|-damage|p2a: Lash|72/100|[from] Spikes
|move|p1a: Alomomola|Wish|p1a: Alomomola
|
|upkeep
|turn|123
|
|t:|1743906492
|move|p1a: Alomomola|Flip Turn|p2a: Lash
|-resisted|p2a: Lash
|-damage|p2a: Lash|66/100
|
|t:|1743906494
|switch|p1a: Scizor|Scizor, M|28/100|[from] Flip Turn
|-damage|p1a: Scizor|15/100|[from] Stealth Rock
|move|p2a: Lash|Infestation|p1a: Scizor
|-resisted|p1a: Scizor
|-damage|p1a: Scizor|13/100
|-activate|p1a: Scizor|move: Infestation|[of] p2a: Lash
|
|-heal|p1a: Scizor|100/100|[from] move: Wish|[wisher] Alomomola
|-damage|p1a: Scizor|88/100|[from] move: Infestation|[partiallytrapped]
|upkeep
|turn|124
|
|t:|1743906508
|move|p1a: Scizor|U-turn|p2a: Lash
|-resisted|p2a: Lash
|-damage|p2a: Lash|49/100
|
|t:|1743906512
|switch|p1a: Garganacl|Garganacl, M|59/100|[from] U-turn
|-damage|p1a: Garganacl|47/100|[from] Stealth Rock
|move|p2a: Lash|Infestation|p1a: Garganacl
|-damage|p1a: Garganacl|44/100
|-activate|p1a: Garganacl|move: Infestation|[of] p2a: Lash
|
|-damage|p1a: Garganacl|31/100|[from] move: Infestation|[partiallytrapped]
|upkeep
|turn|125
|
|t:|1743906520
|switch|p2a: Nell|Clefable, F|64/100
|move|p1a: Garganacl|Recover|p1a: Garganacl
|-heal|p1a: Garganacl|81/100
|
|-end|p1a: Garganacl|Infestation|[partiallytrapped]|[silent]
|upkeep
|turn|126
|
|t:|1743906526
|switch|p1a: Scizor|Scizor, M|88/100
|-damage|p1a: Scizor|76/100|[from] Stealth Rock
|move|p2a: Nell|Moonblast|p1a: Scizor
|-resisted|p1a: Scizor
|-damage|p1a: Scizor|55/100
|
|upkeep
|turn|127
|
|t:|1743906533
|switch|p2a: Lash|Toxapex, F, shiny|83/100
|-damage|p2a: Lash|70/100|[from] Stealth Rock
|-damage|p2a: Lash|54/100|[from] Spikes
|move|p1a: Scizor|U-turn|p2a: Lash
|-resisted|p2a: Lash
|-damage|p2a: Lash|37/100
|
|t:|1743906538
|switch|p1a: Garganacl|Garganacl, M|81/100|[from] U-turn
|-damage|p1a: Garganacl|69/100|[from] Stealth Rock
|
|upkeep
|turn|128
|
|t:|1743906547
|switch|p2a: Nell|Clefable, F|64/100
|move|p1a: Garganacl|Salt Cure|p2a: Nell
|-damage|p2a: Nell|53/100
|-start|p2a: Nell|Salt Cure
|
|upkeep
|turn|129
|
|t:|1743906556
|switch|p1a: Scizor|Scizor, M|55/100
|-damage|p1a: Scizor|43/100|[from] Stealth Rock
|move|p2a: Nell|Moonblast|p1a: Scizor
|-resisted|p1a: Scizor
|-damage|p1a: Scizor|22/100
|
|upkeep
|turn|130
|
|t:|1743906569
|switch|p2a: Jugger|Dondozo, F|97/100 slp
|move|p1a: Scizor|Bullet Punch|p2a: Jugger
|-resisted|p2a: Jugger
|-damage|p2a: Jugger|90/100 slp
|
|upkeep
|turn|131
|
|t:|1743906584
|switch|p1a: Alomomola|Alomomola, F|81/100
|-damage|p1a: Alomomola|68/100|[from] Stealth Rock
|cant|p2a: Jugger|slp
|move|p2a: Jugger|Sleep Talk|p2a: Jugger
|move|p2a: Jugger|Body Press|p1a: Alomomola|[from] move: Sleep Talk
|-damage|p1a: Alomomola|52/100
|
|upkeep
|turn|132
|
|t:|1743906594
|switch|p2a: Lash|Toxapex, F, shiny|71/100
|-damage|p2a: Lash|59/100|[from] Stealth Rock
|-damage|p2a: Lash|42/100|[from] Spikes
|move|p1a: Alomomola|Wish|p1a: Alomomola
|
|upkeep
|turn|133
|
|t:|1743906608
|move|p1a: Alomomola|Flip Turn|p2a: Lash
|-resisted|p2a: Lash
|-damage|p2a: Lash|35/100
|
|t:|1743906611
|switch|p1a: Scizor|Scizor, M|22/100|[from] Flip Turn
|-damage|p1a: Scizor|10/100|[from] Stealth Rock
|move|p2a: Lash|Recover|p2a: Lash
|-heal|p2a: Lash|86/100
|
|-heal|p1a: Scizor|100/100|[from] move: Wish|[wisher] Alomomola
|upkeep
|turn|134
|
|t:|1743906619
|move|p1a: Scizor|U-turn|p2a: Lash
|-resisted|p2a: Lash
|-damage|p2a: Lash|70/100
|
|t:|1743906630
|switch|p1a: Alomomola|Alomomola, F|85/100|[from] U-turn
|-damage|p1a: Alomomola|73/100|[from] Stealth Rock
|move|p2a: Lash|Infestation|p1a: Alomomola
|-damage|p1a: Alomomola|70/100
|-activate|p1a: Alomomola|move: Infestation|[of] p2a: Lash
|
|-damage|p1a: Alomomola|57/100|[from] move: Infestation|[partiallytrapped]
|upkeep
|turn|135
|
|t:|1743906639
|move|p1a: Alomomola|Flip Turn|p2a: Lash
|-resisted|p2a: Lash
|-damage|p2a: Lash|64/100
|
|t:|1743906647
|switch|p1a: Garganacl|Garganacl, M|69/100|[from] Flip Turn
|-damage|p1a: Garganacl|57/100|[from] Stealth Rock
|move|p2a: Lash|Toxic|p1a: Garganacl
|-immune|p1a: Garganacl|[from] ability: Purifying Salt
|
|upkeep
|turn|136
|
|t:|1743906658
|switch|p1a: Scizor|Scizor, M|100/100
|-damage|p1a: Scizor|88/100|[from] Stealth Rock
|switch|p2a: Nell|Clefable, F|53/100
|
|upkeep
|turn|137
|
|t:|1743906667
|switch|p2a: Lash|Toxapex, F, shiny|98/100
|-damage|p2a: Lash|85/100|[from] Stealth Rock
|-damage|p2a: Lash|69/100|[from] Spikes
|move|p1a: Scizor|Knock Off|p2a: Lash
|-crit|p2a: Lash
|-damage|p2a: Lash|41/100
|
|upkeep
|turn|138
|
|t:|1743906704
|move|p1a: Scizor|U-turn|p2a: Lash
|-resisted|p2a: Lash
|-damage|p2a: Lash|26/100
|
|t:|1743906717
|switch|p1a: Alomomola|Alomomola, F|91/100|[from] U-turn
|-damage|p1a: Alomomola|78/100|[from] Stealth Rock
|move|p2a: Lash|Recover|p2a: Lash
|-heal|p2a: Lash|76/100
|
|upkeep
|turn|139
|
|t:|1743906725
|move|p1a: Alomomola|Protect|p1a: Alomomola
|-singleturn|p1a: Alomomola|Protect
|move|p2a: Lash|Toxic|p1a: Alomomola
|-activate|p1a: Alomomola|move: Protect
|
|upkeep
|turn|140
|
|t:|1743906730
|switch|p1a: Garganacl|Garganacl, M|57/100
|-damage|p1a: Garganacl|44/100|[from] Stealth Rock
|move|p2a: Lash|Infestation|p1a: Garganacl
|-crit|p1a: Garganacl
|-damage|p1a: Garganacl|40/100
|-activate|p1a: Garganacl|move: Infestation|[of] p2a: Lash
|
|-damage|p1a: Garganacl|28/100|[from] move: Infestation|[partiallytrapped]
|upkeep
|turn|141
|
|t:|1743906740
|switch|p2a: Nell|Clefable, F|53/100
|move|p1a: Garganacl|Recover|p1a: Garganacl
|-heal|p1a: Garganacl|78/100
|
|-end|p1a: Garganacl|Infestation|[partiallytrapped]|[silent]
|upkeep
|turn|142
|
|t:|1743906745
|switch|p1a: Scizor|Scizor, M|88/100
|-damage|p1a: Scizor|76/100|[from] Stealth Rock
|move|p2a: Nell|Moonblast|p1a: Scizor
|-resisted|p1a: Scizor
|-damage|p1a: Scizor|52/100
|
|upkeep
|turn|143
|
|t:|1743906757
|switch|p2a: Lash|Toxapex, F, shiny|100/100
|-damage|p2a: Lash|88/100|[from] Stealth Rock
|-damage|p2a: Lash|72/100|[from] Spikes
|move|p1a: Scizor|Knock Off|p2a: Lash
|-damage|p2a: Lash|52/100
|
|upkeep
|turn|144
|
|t:|1743906793
|switch|p1a: Garganacl|Garganacl, M|78/100
|-damage|p1a: Garganacl|66/100|[from] Stealth Rock
|move|p2a: Lash|Toxic|p1a: Garganacl
|-immune|p1a: Garganacl|[from] ability: Purifying Salt
|
|upkeep
|turn|145
|
|t:|1743906806
|switch|p1a: Alomomola|Alomomola, F|100/100
|-damage|p1a: Alomomola|88/100|[from] Stealth Rock
|switch|p2a: Nell|Clefable, F|53/100
|
|upkeep
|turn|146
|
|t:|1743906830
|switch|p2a: Lash|Toxapex, F, shiny|86/100
|-damage|p2a: Lash|73/100|[from] Stealth Rock
|-damage|p2a: Lash|57/100|[from] Spikes
|move|p1a: Alomomola|Mirror Coat||[still]
|-fail|p1a: Alomomola
|
|upkeep
|turn|147
|
|t:|1743906841
|move|p1a: Alomomola|Protect|p1a: Alomomola
|-singleturn|p1a: Alomomola|Protect
|move|p2a: Lash|Toxic|p1a: Alomomola
|-activate|p1a: Alomomola|move: Protect
|
|upkeep
|turn|148
|
|t:|1743906851
|switch|p1a: Garganacl|Garganacl, M|66/100
|-damage|p1a: Garganacl|53/100|[from] Stealth Rock
|move|p2a: Lash|Infestation|p1a: Garganacl
|-damage|p1a: Garganacl|50/100
|-activate|p1a: Garganacl|move: Infestation|[of] p2a: Lash
|
|-damage|p1a: Garganacl|38/100|[from] move: Infestation|[partiallytrapped]
|upkeep
|turn|149
|
|t:|1743906859
|switch|p2a: Nell|Clefable, F|53/100
|move|p1a: Garganacl|Salt Cure|p2a: Nell
|-damage|p2a: Nell|43/100
|-start|p2a: Nell|Salt Cure
|
|-end|p1a: Garganacl|Infestation|[partiallytrapped]|[silent]
|upkeep
|turn|150
|
|t:|1743906867
|switch|p1a: Scizor|Scizor, M|52/100
|-damage|p1a: Scizor|40/100|[from] Stealth Rock
|move|p2a: Nell|Moonlight|p2a: Nell
|-heal|p2a: Nell|93/100
|
|upkeep
|turn|151
|
|t:|1743906875
|switch|p2a: Lash|Toxapex, F, shiny|90/100
|-damage|p2a: Lash|78/100|[from] Stealth Rock
|-damage|p2a: Lash|62/100|[from] Spikes
|move|p1a: Scizor|U-turn|p2a: Lash
|-resisted|p2a: Lash
|-damage|p2a: Lash|45/100
|
|t:|1743906883
|switch|p1a: Alomomola|Alomomola, F|100/100|[from] U-turn
|-damage|p1a: Alomomola|88/100|[from] Stealth Rock
|
|upkeep
|turn|152
|
|t:|1743906889
|move|p1a: Alomomola|Protect|p1a: Alomomola
|-singleturn|p1a: Alomomola|Protect
|move|p2a: Lash|Toxic|p1a: Alomomola
|-activate|p1a: Alomomola|move: Protect
|
|upkeep
|turn|153
|
|t:|1743906898
|move|p1a: Alomomola|Wish|p1a: Alomomola
|move|p2a: Lash|Infestation|p1a: Alomomola
|-damage|p1a: Alomomola|85/100
|-activate|p1a: Alomomola|move: Infestation|[of] p2a: Lash
|
|-damage|p1a: Alomomola|73/100|[from] move: Infestation|[partiallytrapped]
|upkeep
|turn|154
|
|t:|1743906908
|move|p1a: Alomomola|Flip Turn|p2a: Lash
|-resisted|p2a: Lash
|-damage|p2a: Lash|38/100
|
|t:|1743906915
|switch|p1a: Scizor|Scizor, M|40/100|[from] Flip Turn
|-damage|p1a: Scizor|28/100|[from] Stealth Rock
|move|p2a: Lash|Recover|p2a: Lash
|-heal|p2a: Lash|88/100
|
|-heal|p1a: Scizor|100/100|[from] move: Wish|[wisher] Alomomola
|upkeep
|turn|155
|
|t:|1743906956
|move|p1a: Scizor|Bullet Punch|p2a: Lash
|-resisted|p2a: Lash
|-damage|p2a: Lash|76/100
|move|p2a: Lash|Infestation|p1a: Scizor
|-resisted|p1a: Scizor
|-damage|p1a: Scizor|98/100
|-activate|p1a: Scizor|move: Infestation|[of] p2a: Lash
|
|-damage|p1a: Scizor|86/100|[from] move: Infestation|[partiallytrapped]
|upkeep
|turn|156
|
|t:|1743906964
|move|p1a: Scizor|U-turn|p2a: Lash
|-resisted|p2a: Lash
|-damage|p2a: Lash|60/100
|
|t:|1743906968
|switch|p1a: Alomomola|Alomomola, F|100/100|[from] U-turn
|-damage|p1a: Alomomola|88/100|[from] Stealth Rock
|move|p2a: Lash|Infestation|p1a: Alomomola
|-damage|p1a: Alomomola|85/100
|-activate|p1a: Alomomola|move: Infestation|[of] p2a: Lash
|
|-damage|p1a: Alomomola|73/100|[from] move: Infestation|[partiallytrapped]
|upkeep
|turn|157
|
|t:|1743906975
|move|p1a: Alomomola|Protect|p1a: Alomomola
|-singleturn|p1a: Alomomola|Protect
|move|p2a: Lash|Infestation|p1a: Alomomola
|-activate|p1a: Alomomola|move: Protect
|
|-damage|p1a: Alomomola|60/100|[from] move: Infestation|[partiallytrapped]
|upkeep
|turn|158
|
|t:|1743906982
|move|p1a: Alomomola|Flip Turn|p2a: Lash
|-resisted|p2a: Lash
|-damage|p2a: Lash|54/100
|
|t:|1743906985
|switch|p1a: Scizor|Scizor, M|86/100|[from] Flip Turn
|-damage|p1a: Scizor|74/100|[from] Stealth Rock
|move|p2a: Lash|Toxic|p1a: Scizor
|-immune|p1a: Scizor
|
|upkeep
|turn|159
|
|t:|1743906997
|move|p1a: Scizor|U-turn|p2a: Lash
|-resisted|p2a: Lash
|-damage|p2a: Lash|37/100
|
|t:|1743907001
|switch|p1a: Garganacl|Garganacl, M|38/100|[from] U-turn
|-damage|p1a: Garganacl|25/100|[from] Stealth Rock
|move|p2a: Lash|Toxic|p1a: Garganacl
|-immune|p1a: Garganacl|[from] ability: Purifying Salt
|
|upkeep
|turn|160
|
|t:|1743907009
|switch|p2a: Nell|Clefable, F|93/100
|move|p1a: Garganacl|Recover|p1a: Garganacl
|-heal|p1a: Garganacl|75/100
|
|upkeep
|turn|161
|
|t:|1743907016
|switch|p1a: Scizor|Scizor, M|74/100
|-damage|p1a: Scizor|61/100|[from] Stealth Rock
|move|p2a: Nell|Moonblast|p1a: Scizor
|-resisted|p1a: Scizor
|-damage|p1a: Scizor|38/100
|
|upkeep
|turn|162
|
|t:|1743907046
|switch|p2a: Jugger|Dondozo, F|90/100 slp
|move|p1a: Scizor|Bullet Punch|p2a: Jugger
|-resisted|p2a: Jugger
|-damage|p2a: Jugger|83/100 slp
|
|upkeep
|turn|163
|
|t:|1743907053
|move|p1a: Scizor|Knock Off|p2a: Jugger
|-damage|p2a: Jugger|65/100 slp
|-enditem|p2a: Jugger|Heavy-Duty Boots|[from] move: Knock Off|[of] p1a: Scizor
|-curestatus|p2a: Jugger|slp|[msg]
|move|p2a: Jugger|Body Press|p1a: Scizor
|-damage|p1a: Scizor|6/100
|
|upkeep
|turn|164
|c|☆thepippy27|oh no
|
|t:|1743907078
|move|p1a: Scizor|Knock Off|p2a: Jugger
|-damage|p2a: Jugger|54/100
|move|p2a: Jugger|Body Press|p1a: Scizor
|-damage|p1a: Scizor|0 fnt
|faint|p1a: Scizor
|
|upkeep
|c|☆Chrisie10101|is that guaranteed stealth rock range?
|
|t:|1743907083
|switch|p1a: Garganacl|Garganacl, M|75/100
|-damage|p1a: Garganacl|63/100|[from] Stealth Rock
|turn|165
|
|t:|1743907088
|switch|p2a: Nell|Clefable, F|93/100
|move|p1a: Garganacl|Salt Cure|p2a: Nell
|-damage|p2a: Nell|82/100
|-start|p2a: Nell|Salt Cure
|
|upkeep
|turn|166
|c|☆thepippy27|yea nothing i could have done
|c|☆Chrisie10101|oof
|
|t:|1743907109
|switch|p1a: Alomomola|Alomomola, F|94/100
|-damage|p1a: Alomomola|81/100|[from] Stealth Rock
|move|p2a: Nell|Moonblast|p1a: Alomomola
|-damage|p1a: Alomomola|46/100
|
|upkeep
|turn|167
|c|☆thepippy27|well i guess i could have not stayed in with sciz haha
|c|☆Chrisie10101|that was a decently high roll
|c|☆Chrisie10101|very unfortunate
|c|☆thepippy27|eh what ya gonna do, gg wp!
|c|☆Chrisie10101|gg :)
|-message|thepippy27 forfeited.
|
|win|Chrisie10101
|raw|thepippy27's rating: 1499 &rarr; <strong>1480</strong><br />(-19 for losing)
|raw|Chrisie10101's rating: 1508 &rarr; <strong>1527</strong><br />(+19 for winning)
|l|☆thepippy27
|player|p1|
|c|☆Chrisie10101|i really messed up with corv
