|j|☆ElTulaMan
|j|☆Noamm
|t:|1743863720
|gametype|singles
|player|p1|ElTulaMan|1|1472
|player|p2|Noamm|gambler|1473
|teamsize|p1|6
|teamsize|p2|6
|gen|9
|tier|[Gen 9] OU
|rated|
|rule|HP Percentage Mod: HP is shown in percentages
|rule|Endless Battle Clause: Forcing endless battles is banned
|rule|Species Clause: Limit one of each Pokémon
|rule|OHKO Clause: OHKO moves are banned
|rule|Evasion Items Clause: Evasion items are banned
|rule|Evasion Moves Clause: Evasion moves are banned
|rule|Sleep Moves Clause: Sleep-inducing moves are banned
|clearpoke
|poke|p1|Darkrai|
|poke|p1|Sylveon, F|
|poke|p1|Slowking, M|
|poke|p1|Meowscarada, F|
|poke|p1|Garchomp, F|
|poke|p1|Iron Treads|
|poke|p2|Lokix, M|
|poke|p2|Raging Bolt|
|poke|p2|Great Tusk|
|poke|p2|Moltres|
|poke|p2|Dragapult, M|
|poke|p2|Tinkaton, F|
|teampreview
|
|t:|1743863738
|start
|switch|p1a: Slowking|Slowking, M|100/100
|switch|p2a: Ryuki|Moltres|100/100
|turn|1
|
|t:|1743863742
|move|p2a: Ryuki|U-turn|p1a: Slowking
|-supereffective|p1a: Slowking
|-damage|p1a: Slowking|75/100
|
|t:|1743863745
|switch|p2a: Ruriko Midorikawa|Tinkaton, F|100/100|[from] U-turn
|-item|p2a: Ruriko Midorikawa|Air Balloon
|move|p1a: Slowking|Future Sight|p2a: Ruriko Midorikawa
|-start|p1a: Slowking|move: Future Sight
|
|upkeep
|turn|2
|
|t:|1743863752
|move|p2a: Ruriko Midorikawa|Stealth Rock|p1a: Slowking
|-sidestart|p1: ElTulaMan|move: Stealth Rock
|-prepare|p1a: Slowking|Chilly Reception|[premajor]
|move|p1a: Slowking|Chilly Reception|p1a: Slowking
|-weather|Snowscape
|
|t:|1743863758
|switch|p1a: Iron Treads|Iron Treads|100/100|[from] Chilly Reception
|-damage|p1a: Iron Treads|97/100|[from] Stealth Rock
|
|-weather|Snowscape|[upkeep]
|upkeep
|turn|3
|
|t:|1743863766
|move|p1a: Iron Treads|Rapid Spin|p2a: Ruriko Midorikawa
|-resisted|p2a: Ruriko Midorikawa
|-damage|p2a: Ruriko Midorikawa|92/100
|-boost|p1a: Iron Treads|spe|1
|-enditem|p2a: Ruriko Midorikawa|Air Balloon
|-sideend|p1: ElTulaMan|Stealth Rock|[from] move: Rapid Spin|[of] p1a: Iron Treads
|-enditem|p1a: Iron Treads|Assault Vest|[silent]|[from] ability: Pickpocket|[of] p1a: Iron Treads
|-item|p2a: Ruriko Midorikawa|Assault Vest|[from] ability: Pickpocket|[of] p1a: Iron Treads
|move|p2a: Ruriko Midorikawa|Encore|p1a: Iron Treads
|-start|p1a: Iron Treads|Encore
|
|-weather|Snowscape|[upkeep]
|-end|p2a: Ruriko Midorikawa|move: Future Sight
|-resisted|p2a: Ruriko Midorikawa
|-damage|p2a: Ruriko Midorikawa|80/100
|upkeep
|turn|4
|
|t:|1743863794
|-end|p1a: Iron Treads|Quark Drive|[silent]
|switch|p1a: Slowking|Slowking, M|100/100
|switch|p2a: Kamakiri Kamereon|Dragapult, M|100/100
|
|-weather|Snowscape|[upkeep]
|upkeep
|turn|5
|
|t:|1743863820
|switch|p2a: Prof. Midorikawa|Raging Bolt|100/100
|-prepare|p1a: Slowking|Chilly Reception|[premajor]
|move|p1a: Slowking|Chilly Reception|p1a: Slowking
|
|t:|1743863833
|switch|p1a: Sylveon|Sylveon, F|100/100|[from] Chilly Reception
|
|-weather|Snowscape|[upkeep]
|upkeep
|turn|6
|
|t:|1743863837
|move|p2a: Prof. Midorikawa|Volt Switch|p1a: Sylveon
|-damage|p1a: Sylveon|55/100
|
|t:|1743863841
|-end|p2a: Prof. Midorikawa|Protosynthesis|[silent]
|switch|p2a: Ruriko Midorikawa|Tinkaton, F|80/100|[from] Volt Switch
|move|p1a: Sylveon|Hyper Voice|p2a: Ruriko Midorikawa
|-resisted|p2a: Ruriko Midorikawa
|-damage|p2a: Ruriko Midorikawa|70/100
|
|-weather|none
|-heal|p1a: Sylveon|61/100|[from] item: Leftovers
|upkeep
|turn|7
|
|t:|1743863851
|switch|p2a: Ryuki|Moltres|100/100
|move|p1a: Sylveon|Protect||[still]
|-fail|p1a: Sylveon
|
|-heal|p1a: Sylveon|67/100|[from] item: Leftovers
|upkeep
|turn|8
|
|t:|1743863856
|move|p1a: Sylveon|Wish|p1a: Sylveon
|move|p2a: Ryuki|Roar|p1a: Sylveon
|drag|p1a: Garchomp|Garchomp, F|100/100
|
|upkeep
|turn|9
|
|t:|1743863861
|move|p1a: Garchomp|Stealth Rock|p2a: Ryuki
|-sidestart|p2: Noamm|move: Stealth Rock
|move|p2a: Ryuki|Flamethrower|p1a: Garchomp
|-resisted|p1a: Garchomp
|-damage|p1a: Garchomp|82/100
|-status|p1a: Garchomp|brn
|
|-heal|p1a: Garchomp|100/100 brn|[from] move: Wish|[wisher] Sylveon
|-damage|p1a: Garchomp|94/100 brn|[from] brn
|upkeep
|turn|10
|
|t:|1743863874
|switch|p2a: Oumori Aug|Great Tusk|100/100
|move|p1a: Garchomp|Spikes|p2a: Oumori Aug
|-sidestart|p2: Noamm|Spikes
|
|-damage|p1a: Garchomp|88/100 brn|[from] brn
|upkeep
|turn|11
|
|t:|1743863884
|-terastallize|p1a: Garchomp|Ghost
|move|p2a: Oumori Aug|Rapid Spin|p1a: Garchomp
|-immune|p1a: Garchomp
|move|p1a: Garchomp|Dragon Tail|p2a: Oumori Aug
|-damage|p2a: Oumori Aug|92/100
|-end|p2a: Oumori Aug|Protosynthesis|[silent]
|drag|p2a: Kamakiri Kamereon|Dragapult, M|100/100
|
|-damage|p1a: Garchomp|82/100 brn|[from] brn
|upkeep
|turn|12
|
|t:|1743863900
|switch|p1a: Iron Treads|Iron Treads|97/100
|move|p2a: Kamakiri Kamereon|Hex|p1a: Iron Treads
|-damage|p1a: Iron Treads|61/100
|
|upkeep
|turn|13
|
|t:|1743863907
|move|p2a: Kamakiri Kamereon|Will-O-Wisp|p1a: Iron Treads
|-status|p1a: Iron Treads|brn
|move|p1a: Iron Treads|Knock Off|p2a: Kamakiri Kamereon
|-supereffective|p2a: Kamakiri Kamereon
|-damage|p2a: Kamakiri Kamereon|59/100
|-enditem|p2a: Kamakiri Kamereon|Heavy-Duty Boots|[from] move: Knock Off|[of] p1a: Iron Treads
|
|-damage|p1a: Iron Treads|55/100 brn|[from] brn
|upkeep
|turn|14
|
|t:|1743863915
|move|p2a: Kamakiri Kamereon|Hex|p1a: Iron Treads
|-damage|p1a: Iron Treads|0 fnt
|faint|p1a: Iron Treads
|-end|p1a: Iron Treads|Quark Drive|[silent]
|
|upkeep
|l|☆Noamm
|player|p2|
|j|☆Noamm
|player|p2|Noamm|gambler|
|
|t:|1743863964
|switch|p1a: Meowscarada|Meowscarada, F|100/100
|turn|15
|
|t:|1743863968
|switch|p2a: Ryuki|Moltres|100/100
|move|p1a: Meowscarada|Sucker Punch||[still]
|-fail|p1a: Meowscarada
|
|upkeep
|turn|16
|
|t:|1743863973
|switch|p1a: Sylveon|Sylveon, F|67/100
|move|p2a: Ryuki|U-turn|p1a: Sylveon
|-resisted|p1a: Sylveon
|-damage|p1a: Sylveon|61/100
|
|t:|1743863984
|switch|p2a: Oumori Aug|Great Tusk|92/100|[from] U-turn
|
|-heal|p1a: Sylveon|67/100|[from] item: Leftovers
|upkeep
|turn|17
|
|t:|1743863988
|switch|p1a: Garchomp|Garchomp, F, tera:Ghost|82/100 brn
|move|p2a: Oumori Aug|Headlong Rush|p1a: Garchomp
|-damage|p1a: Garchomp|42/100 brn
|-unboost|p2a: Oumori Aug|def|1
|-unboost|p2a: Oumori Aug|spd|1
|-damage|p2a: Oumori Aug|79/100|[from] ability: Rough Skin|[of] p1a: Garchomp
|-damage|p2a: Oumori Aug|63/100|[from] item: Rocky Helmet|[of] p1a: Garchomp
|
|-damage|p1a: Garchomp|36/100 brn|[from] brn
|upkeep
|turn|18
|
|t:|1743863994
|move|p2a: Oumori Aug|Headlong Rush|p1a: Garchomp
|-damage|p1a: Garchomp|0 fnt
|-unboost|p2a: Oumori Aug|def|1
|-unboost|p2a: Oumori Aug|spd|1
|-damage|p2a: Oumori Aug|50/100|[from] ability: Rough Skin|[of] p1a: Garchomp
|-damage|p2a: Oumori Aug|34/100|[from] item: Rocky Helmet|[of] p1a: Garchomp
|faint|p1a: Garchomp
|
|upkeep
|
|t:|1743864003
|switch|p1a: Darkrai|Darkrai|100/100
|turn|19
|
|t:|1743864005
|-end|p2a: Oumori Aug|Protosynthesis|[silent]
|switch|p2a: Ruriko Midorikawa|Tinkaton, F|70/100
|-damage|p2a: Ruriko Midorikawa|64/100|[from] Stealth Rock
|-damage|p2a: Ruriko Midorikawa|51/100|[from] Spikes
|move|p1a: Darkrai|Ice Beam|p2a: Ruriko Midorikawa
|-resisted|p2a: Ruriko Midorikawa
|-damage|p2a: Ruriko Midorikawa|43/100
|
|upkeep
|turn|20
|
|t:|1743864014
|move|p1a: Darkrai|Will-O-Wisp|p2a: Ruriko Midorikawa
|-status|p2a: Ruriko Midorikawa|brn
|move|p2a: Ruriko Midorikawa|Gigaton Hammer|p1a: Darkrai
|-damage|p1a: Darkrai|73/100
|
|-damage|p2a: Ruriko Midorikawa|37/100 brn|[from] brn
|upkeep
|turn|21
|
|t:|1743864028
|move|p1a: Darkrai|Dark Pulse|p2a: Ruriko Midorikawa
|-resisted|p2a: Ruriko Midorikawa
|-damage|p2a: Ruriko Midorikawa|26/100 brn
|-activate|p2a: Ruriko Midorikawa|move: Struggle
|move|p2a: Ruriko Midorikawa|Struggle|p1a: Darkrai
|-damage|p1a: Darkrai|67/100
|-damage|p2a: Ruriko Midorikawa|0 fnt|[from] recoil
|faint|p2a: Ruriko Midorikawa
|
|upkeep
|
|t:|1743864039
|switch|p2a: Ryuki|Moltres|100/100
|turn|22
|
|t:|1743864042
|switch|p1a: Slowking|Slowking, M|100/100
|move|p2a: Ryuki|Flamethrower|p1a: Slowking
|-resisted|p1a: Slowking
|-damage|p1a: Slowking|88/100
|
|upkeep
|turn|23
|
|t:|1743864048
|move|p1a: Slowking|Ice Beam|p2a: Ryuki
|-damage|p2a: Ryuki|80/100
|move|p2a: Ryuki|Roar|p1a: Slowking
|drag|p1a: Darkrai|Darkrai|67/100
|
|upkeep
|turn|24
|
|t:|1743864054
|switch|p1a: Slowking|Slowking, M|100/100
|move|p2a: Ryuki|U-turn|p1a: Slowking
|-supereffective|p1a: Slowking
|-damage|p1a: Slowking|75/100
|
|t:|1743864061
|switch|p2a: Prof. Midorikawa|Raging Bolt|100/100|[from] U-turn
|-damage|p2a: Prof. Midorikawa|88/100|[from] Stealth Rock
|-damage|p2a: Prof. Midorikawa|76/100|[from] Spikes
|
|upkeep
|turn|25
|
|t:|1743864070
|switch|p1a: Meowscarada|Meowscarada, F|100/100
|move|p2a: Prof. Midorikawa|Volt Switch|p1a: Meowscarada
|-resisted|p1a: Meowscarada
|-damage|p1a: Meowscarada|48/100
|
|t:|1743864075
|-end|p2a: Prof. Midorikawa|Protosynthesis|[silent]
|switch|p2a: Ryuki|Moltres|80/100|[from] Volt Switch
|
|upkeep
|turn|26
|
|t:|1743864078
|move|p1a: Meowscarada|Knock Off|p2a: Ryuki
|-start|p1a: Meowscarada|typechange|Dark|[from] ability: Protean
|-damage|p2a: Ryuki|36/100
|-status|p1a: Meowscarada|brn|[from] ability: Flame Body|[of] p2a: Ryuki
|-enditem|p2a: Ryuki|Heavy-Duty Boots|[from] move: Knock Off|[of] p1a: Meowscarada
|move|p2a: Ryuki|U-turn|p1a: Meowscarada
|-supereffective|p1a: Meowscarada
|-damage|p1a: Meowscarada|3/100 brn
|
|t:|1743864089
|switch|p2a: Rider KICK|Lokix, M, shiny|100/100|[from] U-turn
|-damage|p2a: Rider KICK|76/100|[from] Stealth Rock
|-damage|p2a: Rider KICK|63/100|[from] Spikes
|
|-damage|p1a: Meowscarada|0 fnt|[from] brn
|faint|p1a: Meowscarada
|upkeep
|
|t:|1743864096
|switch|p1a: Sylveon|Sylveon, F|67/100
|turn|27
|
|t:|1743864100
|-terastallize|p2a: Rider KICK|Bug
|move|p1a: Sylveon|Protect|p1a: Sylveon
|-singleturn|p1a: Sylveon|Protect
|move|p2a: Rider KICK|U-turn|p1a: Sylveon
|-activate|p1a: Sylveon|move: Protect
|
|-heal|p1a: Sylveon|73/100|[from] item: Leftovers
|upkeep
|turn|28
|
|t:|1743864110
|move|p2a: Rider KICK|U-turn|p1a: Sylveon
|-resisted|p1a: Sylveon
|-damage|p1a: Sylveon|16/100
|
|t:|1743864126
|switch|p2a: Kamakiri Kamereon|Dragapult, M|59/100|[from] U-turn
|-damage|p2a: Kamakiri Kamereon|47/100|[from] Stealth Rock
|-damage|p2a: Kamakiri Kamereon|35/100|[from] Spikes
|move|p1a: Sylveon|Hyper Voice|p2a: Kamakiri Kamereon
|-supereffective|p2a: Kamakiri Kamereon
|-damage|p2a: Kamakiri Kamereon|0 fnt
|faint|p2a: Kamakiri Kamereon
|
|-heal|p1a: Sylveon|23/100|[from] item: Leftovers
|upkeep
|
|t:|1743864128
|switch|p2a: Oumori Aug|Great Tusk|34/100
|turn|29
|
|t:|1743864130
|move|p2a: Oumori Aug|Rapid Spin|p1a: Sylveon
|-damage|p1a: Sylveon|7/100
|-boost|p2a: Oumori Aug|spe|1
|-sideend|p2: Noamm|Spikes|[from] move: Rapid Spin|[of] p2a: Oumori Aug
|-sideend|p2: Noamm|Stealth Rock|[from] move: Rapid Spin|[of] p2a: Oumori Aug
|move|p1a: Sylveon|Hyper Voice|p2a: Oumori Aug
|-supereffective|p2a: Oumori Aug
|-damage|p2a: Oumori Aug|0 fnt
|faint|p2a: Oumori Aug
|-end|p2a: Oumori Aug|Protosynthesis|[silent]
|
|-heal|p1a: Sylveon|13/100|[from] item: Leftovers
|upkeep
|
|t:|1743864136
|switch|p2a: Prof. Midorikawa|Raging Bolt|76/100
|turn|30
|
|t:|1743864138
|move|p1a: Sylveon|Protect|p1a: Sylveon
|-singleturn|p1a: Sylveon|Protect
|move|p2a: Prof. Midorikawa|Volt Switch|p1a: Sylveon
|-activate|p1a: Sylveon|move: Protect
|
|-heal|p1a: Sylveon|20/100|[from] item: Leftovers
|upkeep
|turn|31
|
|t:|1743864142
|move|p1a: Sylveon|Protect||[still]
|-fail|p1a: Sylveon
|move|p2a: Prof. Midorikawa|Volt Switch|p1a: Sylveon
|-crit|p1a: Sylveon
|-damage|p1a: Sylveon|0 fnt
|faint|p1a: Sylveon
|
|t:|1743864143
|-end|p2a: Prof. Midorikawa|Protosynthesis|[silent]
|switch|p2a: Rider KICK|Lokix, M, shiny, tera:Bug|63/100|[from] Volt Switch
|
|upkeep
|
|t:|1743864147
|switch|p1a: Slowking|Slowking, M|100/100
|turn|32
|
|t:|1743864150
|move|p2a: Rider KICK|Leech Life|p1a: Slowking
|-supereffective|p1a: Slowking
|-damage|p1a: Slowking|0 fnt
|-heal|p2a: Rider KICK|100/100|[from] drain|[of] p1a: Slowking
|faint|p1a: Slowking
|
|upkeep
|-message|ElTulaMan forfeited.
|
|win|Noamm
|raw|ElTulaMan's rating: 1472 &rarr; <strong>1452</strong><br />(-20 for losing)
|raw|Noamm's rating: 1473 &rarr; <strong>1493</strong><br />(+20 for winning)
|l|☆ElTulaMan
|player|p1|
|l|☆Noamm
|player|p2|
