|j|☆Pocket25
|j|☆Princessjosie1001
|t:|1743862050
|gametype|singles
|player|p1|Pocket25|265|1263
|player|p2|Princessjosie1001|nurse|1296
|teamsize|p1|6
|teamsize|p2|6
|gen|9
|tier|[Gen 9] OU
|rated|
|rule|HP Percentage Mod: HP is shown in percentages
|rule|Endless Battle Clause: Forcing endless battles is banned
|rule|Species Clause: Limit one of each Pokémon
|rule|OHKO Clause: OHKO moves are banned
|rule|Evasion Items Clause: Evasion items are banned
|rule|Evasion Moves Clause: Evasion moves are banned
|rule|Sleep Moves Clause: Sleep-inducing moves are banned
|clearpoke
|poke|p1|Dragapult, F|
|poke|p1|Kingambit, M|
|poke|p1|Glimmora, M|
|poke|p1|Samurott-Hisui, M|
|poke|p1|Primarina, F|
|poke|p1|Raging Bolt|
|poke|p2|Cinderace, M|
|poke|p2|Cloyster, M|
|poke|p2|Hatterene, F|
|poke|p2|Espeon, F|
|poke|p2|Jirachi|
|poke|p2|Yanmega, M|
|teampreview
|
|t:|1743862066
|start
|switch|p1a: Samurott|Samurott-Hisui, M|100/100
|switch|p2a: Hatterene|Hatterene, F|100/100
|turn|1
|
|t:|1743862078
|move|p1a: Samurott|Ceaseless Edge|p2a: Hatterene
|-damage|p2a: Hatterene|40/100
|-sidestart|p2: Princessjosie1001|Spikes
|move|p2a: Hatterene|Nuzzle|p1a: Samurott
|-supereffective|p1a: Samurott
|-damage|p1a: Samurott|91/100
|-status|p1a: Samurott|par
|
|upkeep
|turn|2
|
|t:|1743862087
|move|p1a: Samurott|Ceaseless Edge|p2a: Hatterene
|-damage|p2a: Hatterene|0 fnt
|-sidestart|p2: Princessjosie1001|Spikes
|faint|p2a: Hatterene
|
|upkeep
|
|t:|1743862094
|switch|p2a: Yanmega|Yanmega, M|100/100
|turn|3
|
|t:|1743862100
|move|p2a: Yanmega|Air Slash|p1a: Samurott
|-damage|p1a: Samurott|16/100 par
|-damage|p2a: Yanmega|91/100|[from] item: Life Orb
|cant|p1a: Samurott|flinch
|
|-ability|p2a: Yanmega|Speed Boost|boost
|-boost|p2a: Yanmega|spe|1
|upkeep
|turn|4
|
|t:|1743862108
|move|p2a: Yanmega|Ancient Power|p1a: Samurott
|-damage|p1a: Samurott|0 fnt
|faint|p1a: Samurott
|-damage|p2a: Yanmega|81/100|[from] item: Life Orb
|
|-ability|p2a: Yanmega|Speed Boost|boost
|-boost|p2a: Yanmega|spe|1
|upkeep
|
|t:|1743862113
|switch|p1a: Raging Bolt|Raging Bolt|100/100
|turn|5
|
|t:|1743862119
|switch|p2a: No hazard allowed|Espeon, F|100/100
|-damage|p2a: No hazard allowed|84/100|[from] Spikes
|move|p1a: Raging Bolt|Thunderbolt|p2a: No hazard allowed
|-damage|p2a: No hazard allowed|0 fnt
|faint|p2a: No hazard allowed
|-damage|p1a: Raging Bolt|91/100|[from] item: Life Orb
|
|upkeep
|
|t:|1743862129
|switch|p2a: Yanmega|Yanmega, M|81/100
|turn|6
|
|t:|1743862133
|move|p2a: Yanmega|Detect|p2a: Yanmega
|-singleturn|p2a: Yanmega|Protect
|move|p1a: Raging Bolt|Thunderclap||[still]
|-fail|p1a: Raging Bolt
|
|-ability|p2a: Yanmega|Speed Boost|boost
|-boost|p2a: Yanmega|spe|1
|upkeep
|turn|7
|
|t:|1743862141
|move|p2a: Yanmega|Detect||[still]
|-fail|p2a: Yanmega
|move|p1a: Raging Bolt|Thunderbolt|p2a: Yanmega
|-supereffective|p2a: Yanmega
|-damage|p2a: Yanmega|0 fnt
|faint|p2a: Yanmega
|-damage|p1a: Raging Bolt|81/100|[from] item: Life Orb
|
|upkeep
|
|t:|1743862148
|switch|p2a: Jirachi|Jirachi|100/100
|-damage|p2a: Jirachi|84/100|[from] Spikes
|turn|8
|
|t:|1743862155
|move|p2a: Jirachi|Iron Head|p1a: Raging Bolt
|-resisted|p1a: Raging Bolt
|-damage|p1a: Raging Bolt|64/100
|move|p1a: Raging Bolt|Calm Mind|p1a: Raging Bolt
|-boost|p1a: Raging Bolt|spa|1
|-boost|p1a: Raging Bolt|spd|1
|
|upkeep
|turn|9
|
|t:|1743862161
|move|p2a: Jirachi|Iron Head|p1a: Raging Bolt
|-resisted|p1a: Raging Bolt
|-damage|p1a: Raging Bolt|48/100
|cant|p1a: Raging Bolt|flinch
|
|upkeep
|turn|10
|
|t:|1743862166
|move|p2a: Jirachi|Iron Head|p1a: Raging Bolt
|-resisted|p1a: Raging Bolt
|-damage|p1a: Raging Bolt|29/100
|move|p1a: Raging Bolt|Thunderbolt|p2a: Jirachi
|-damage|p2a: Jirachi|0 fnt
|faint|p2a: Jirachi
|-damage|p1a: Raging Bolt|19/100|[from] item: Life Orb
|
|upkeep
|
|t:|1743862174
|switch|p2a: Cinderace|Cinderace, M|100/100
|-damage|p2a: Cinderace|84/100|[from] Spikes
|turn|11
|
|t:|1743862179
|move|p1a: Raging Bolt|Thunderclap||[still]
|-fail|p1a: Raging Bolt
|move|p2a: Cinderace|Court Change|p2a: Cinderace
|-start|p2a: Cinderace|typechange|Normal|[from] ability: Libero
|-swapsideconditions
|-activate|p2a: Cinderace|move: Court Change
|
|upkeep
|turn|12
|
|t:|1743862186
|switch|p2a: Cloyster|Cloyster, M|100/100
|move|p1a: Raging Bolt|Thunderclap||[still]
|-fail|p1a: Raging Bolt
|
|upkeep
|turn|13
|
|t:|1743862193
|switch|p2a: Cinderace|Cinderace, M|84/100
|move|p1a: Raging Bolt|Thunderbolt|p2a: Cinderace
|-damage|p2a: Cinderace|0 fnt
|faint|p2a: Cinderace
|-damage|p1a: Raging Bolt|9/100|[from] item: Life Orb
|
|upkeep
|
|t:|1743862199
|switch|p2a: Cloyster|Cloyster, M|100/100
|turn|14
|
|t:|1743862202
|move|p1a: Raging Bolt|Thunderclap|p2a: Cloyster
|-supereffective|p2a: Cloyster
|-enditem|p2a: Cloyster|Focus Sash
|-damage|p2a: Cloyster|1/100
|-damage|p1a: Raging Bolt|0 fnt|[from] item: Life Orb
|faint|p1a: Raging Bolt
|-end|p1a: Raging Bolt|Protosynthesis|[silent]
|move|p2a: Cloyster|Ice Shard|p1: Raging Bolt|[notarget]
|-fail|p2a: Cloyster
|
|upkeep
|
|t:|1743862208
|switch|p1a: Glimmora|Glimmora, M|100/100
|-damage|p1a: Glimmora|84/100|[from] Spikes
|turn|15
|
|t:|1743862213
|move|p1a: Glimmora|Power Gem|p2a: Cloyster
|-supereffective|p2a: Cloyster
|-damage|p2a: Cloyster|0 fnt
|faint|p2a: Cloyster
|
|win|Pocket25
|raw|Pocket25's rating: 1263 &rarr; <strong>1290</strong><br />(+27 for winning)
|raw|Princessjosie1001's rating: 1296 &rarr; <strong>1269</strong><br />(-27 for losing)
|l|☆Princessjosie1001
|player|p2|
|l|☆Pocket25
|player|p1|
