|j|☆jpapaio
|j|☆lolcano46
|t:|1743881604
|gametype|singles
|player|p1|jpapaio|psychic-gen2|1659
|player|p2|lolcano46|fisherman-gen4|1588
|teamsize|p1|6
|teamsize|p2|6
|gen|9
|tier|[Gen 9] OU
|rated|
|rule|HP Percentage Mod: HP is shown in percentages
|rule|Endless Battle Clause: Forcing endless battles is banned
|rule|Species Clause: Limit one of each Pokémon
|rule|OHKO Clause: OHKO moves are banned
|rule|Evasion Items Clause: Evasion items are banned
|rule|Evasion Moves Clause: Evasion moves are banned
|rule|Sleep Moves Clause: Sleep-inducing moves are banned
|clearpoke
|poke|p1|Rillaboom, M|
|poke|p1|Raging Bolt|
|poke|p1|Zamazenta-*|
|poke|p1|Ting-Lu|
|poke|p1|Iron Crown|
|poke|p1|Hatterene, F|
|poke|p2|Azelf|
|poke|p2|Ogerpon-Wellspring, F|
|poke|p2|Scizor, M|
|poke|p2|Gengar, M|
|poke|p2|Raging Bolt|
|poke|p2|Cinderace, M|
|teampreview
|inactive|Battle timer is ON: inactive players will automatically lose when time's up. (requested by lolcano46)
|
|t:|1743881618
|start
|switch|p1a: Ting-Lu|Ting-Lu|100/100
|switch|p2a: Azelf|Azelf|100/100
|-ability|p1a: Ting-Lu|Vessel of Ruin
|turn|1
|
|t:|1743881632
|-terastallize|p2a: Azelf|Fairy
|move|p2a: Azelf|Dazzling Gleam|p1a: Ting-Lu
|-supereffective|p1a: Ting-Lu
|-damage|p1a: Ting-Lu|58/100
|move|p1a: Ting-Lu|Whirlwind|p2a: Azelf
|drag|p2a: Ogerpon|Ogerpon-Wellspring, F|100/100
|
|upkeep
|turn|2
|
|t:|1743881662
|switch|p2a: Cinderace|Cinderace, M|100/100
|switch|p1a: Rillaboom|Rillaboom, M|100/100
|-fieldstart|move: Grassy Terrain|[from] ability: Grassy Surge|[of] p1a: Rillaboom
|
|upkeep
|turn|3
|
|t:|1743881668
|switch|p1a: Hatterene|Hatterene, F|100/100
|move|p2a: Cinderace|Pyro Ball|p1a: Hatterene
|-damage|p1a: Hatterene|40/100
|
|-heal|p1a: Hatterene|46/100|[from] Grassy Terrain
|upkeep
|turn|4
|
|t:|1743881675
|switch|p1a: Zamazenta|Zamazenta|100/100
|-ability|p1a: Zamazenta|Dauntless Shield|boost
|-boost|p1a: Zamazenta|def|1
|move|p2a: Cinderace|Pyro Ball|p1a: Zamazenta
|-damage|p1a: Zamazenta|61/100
|
|-heal|p1a: Zamazenta|68/100|[from] Grassy Terrain
|upkeep
|turn|5
|
|t:|1743881686
|move|p1a: Zamazenta|Stone Edge|p2a: Cinderace
|-supereffective|p2a: Cinderace
|-damage|p2a: Cinderace|0 fnt
|faint|p2a: Cinderace
|-damage|p1a: Zamazenta|58/100|[from] item: Life Orb
|
|-heal|p1a: Zamazenta|64/100|[from] Grassy Terrain
|upkeep
|
|t:|1743881691
|switch|p2a: Raging Bolt|Raging Bolt|100/100
|-enditem|p2a: Raging Bolt|Booster Energy
|-activate|p2a: Raging Bolt|ability: Protosynthesis|[fromitem]
|-start|p2a: Raging Bolt|protosynthesisspa
|turn|6
|
|t:|1743881697
|switch|p1a: Ting-Lu|Ting-Lu|58/100
|-ability|p1a: Ting-Lu|Vessel of Ruin
|move|p2a: Raging Bolt|Calm Mind|p2a: Raging Bolt
|-boost|p2a: Raging Bolt|spa|1
|-boost|p2a: Raging Bolt|spd|1
|
|-heal|p1a: Ting-Lu|65/100|[from] Grassy Terrain
|-fieldend|move: Grassy Terrain
|upkeep
|turn|7
|
|t:|1743881707
|move|p2a: Raging Bolt|Dragon Pulse|p1a: Ting-Lu
|-damage|p1a: Ting-Lu|23/100
|move|p1a: Ting-Lu|Stomping Tantrum|p2a: Raging Bolt
|-supereffective|p2a: Raging Bolt
|-damage|p2a: Raging Bolt|45/100
|
|upkeep
|turn|8
|
|t:|1743881713
|switch|p1a: Hatterene|Hatterene, F|46/100
|move|p2a: Raging Bolt|Dragon Pulse|p1a: Hatterene
|-immune|p1a: Hatterene
|
|upkeep
|turn|9
|
|t:|1743881721
|move|p2a: Raging Bolt|Thunderbolt|p1a: Hatterene
|-damage|p1a: Hatterene|0 fnt
|faint|p1a: Hatterene
|
|upkeep
|
|t:|1743881731
|switch|p1a: Iron Crown|Iron Crown|100/100
|turn|10
|
|t:|1743881734
|move|p1a: Iron Crown|Psyshock|p2a: Raging Bolt
|-damage|p2a: Raging Bolt|0 fnt
|faint|p2a: Raging Bolt
|-end|p2a: Raging Bolt|Protosynthesis|[silent]
|
|upkeep
|
|t:|1743881742
|switch|p2a: Azelf|Azelf, tera:Fairy|100/100
|turn|11
|
|t:|1743881747
|-end|p1a: Iron Crown|Quark Drive|[silent]
|switch|p1a: Ting-Lu|Ting-Lu|23/100
|-ability|p1a: Ting-Lu|Vessel of Ruin
|move|p2a: Azelf|Flamethrower|p1a: Ting-Lu
|-damage|p1a: Ting-Lu|12/100
|
|upkeep
|turn|12
|
|t:|1743881756
|move|p2a: Azelf|Dazzling Gleam|p1a: Ting-Lu
|-supereffective|p1a: Ting-Lu
|-damage|p1a: Ting-Lu|0 fnt
|faint|p1a: Ting-Lu
|
|upkeep
|
|t:|1743881761
|switch|p1a: Iron Crown|Iron Crown|100/100
|turn|13
|
|t:|1743881764
|move|p2a: Azelf|Flamethrower|p1a: Iron Crown
|-supereffective|p1a: Iron Crown
|-damage|p1a: Iron Crown|30/100
|move|p1a: Iron Crown|Volt Switch|p2a: Azelf
|-damage|p2a: Azelf|42/100
|
|t:|1743881769
|-end|p1a: Iron Crown|Quark Drive|[silent]
|switch|p1a: Rillaboom|Rillaboom, M|100/100|[from] Volt Switch
|-fieldstart|move: Grassy Terrain|[from] ability: Grassy Surge|[of] p1a: Rillaboom
|
|upkeep
|turn|14
|
|t:|1743881775
|switch|p2a: Scizor|Scizor, M|100/100
|move|p1a: Rillaboom|Grassy Glide|p2a: Scizor
|-resisted|p2a: Scizor
|-damage|p2a: Scizor|85/100
|
|-heal|p2a: Scizor|91/100|[from] Grassy Terrain
|upkeep
|turn|15
|
|t:|1743881782
|switch|p1a: Raging Bolt|Raging Bolt|100/100
|-enditem|p1a: Raging Bolt|Grassy Seed
|-boost|p1a: Raging Bolt|def|1|[from] item: Grassy Seed
|move|p2a: Scizor|Swords Dance|p2a: Scizor
|-boost|p2a: Scizor|atk|2
|
|-heal|p2a: Scizor|97/100|[from] Grassy Terrain
|upkeep
|turn|16
|
|t:|1743881791
|move|p1a: Raging Bolt|Discharge|p2a: Scizor
|-damage|p2a: Scizor|30/100
|-status|p2a: Scizor|par
|move|p2a: Scizor|Close Combat|p1a: Raging Bolt
|-damage|p1a: Raging Bolt|49/100
|-unboost|p2a: Scizor|def|1
|-unboost|p2a: Scizor|spd|1
|
|-heal|p1a: Raging Bolt|56/100|[from] Grassy Terrain
|-heal|p2a: Scizor|36/100 par|[from] Grassy Terrain
|upkeep
|turn|17
|
|t:|1743881802
|cant|p2a: Scizor|par
|move|p1a: Raging Bolt|Discharge|p2a: Scizor
|-crit|p2a: Scizor
|-damage|p2a: Scizor|0 fnt
|faint|p2a: Scizor
|
|-heal|p1a: Raging Bolt|62/100|[from] Grassy Terrain
|-fieldend|move: Grassy Terrain
|upkeep
|
|t:|1743881806
|switch|p2a: Gengar|Gengar, M|100/100
|turn|18
|
|t:|1743881809
|move|p2a: Gengar|Sludge Bomb|p1a: Raging Bolt
|-damage|p1a: Raging Bolt|19/100
|move|p1a: Raging Bolt|Discharge|p2a: Gengar
|-damage|p2a: Gengar|16/100
|-start|p1a: Raging Bolt|Disable|Discharge|[from] ability: Cursed Body|[of] p2a: Gengar
|
|upkeep
|turn|19
|
|t:|1743881816
|switch|p2a: Ogerpon|Ogerpon-Wellspring, F|100/100
|move|p1a: Raging Bolt|Thunderclap||[still]
|-fail|p1a: Raging Bolt
|
|upkeep
|turn|20
|
|t:|1743881826
|move|p2a: Ogerpon|Ivy Cudgel|p1a: Raging Bolt|[anim] Ivy Cudgel Water
|-resisted|p1a: Raging Bolt
|-damage|p1a: Raging Bolt|2/100
|move|p1a: Raging Bolt|Dragon Pulse|p2a: Ogerpon
|-damage|p2a: Ogerpon|36/100
|
|upkeep
|turn|21
|
|t:|1743881832
|move|p2a: Ogerpon|Ivy Cudgel|p1a: Raging Bolt|[anim] Ivy Cudgel Water
|-resisted|p1a: Raging Bolt
|-damage|p1a: Raging Bolt|0 fnt
|faint|p1a: Raging Bolt
|-end|p1a: Raging Bolt|Protosynthesis|[silent]
|
|upkeep
|
|t:|1743881834
|switch|p1a: Rillaboom|Rillaboom, M|100/100
|-fieldstart|move: Grassy Terrain|[from] ability: Grassy Surge|[of] p1a: Rillaboom
|turn|22
|
|t:|1743881839
|move|p1a: Rillaboom|Grassy Glide|p2a: Ogerpon
|-damage|p2a: Ogerpon|0 fnt
|faint|p2a: Ogerpon
|
|upkeep
|
|t:|1743881842
|switch|p2a: Azelf|Azelf, tera:Fairy|42/100
|turn|23
|
|t:|1743881845
|move|p1a: Rillaboom|Grassy Glide|p2a: Azelf
|-damage|p2a: Azelf|0 fnt
|faint|p2a: Azelf
|
|upkeep
|
|t:|1743881850
|switch|p2a: Gengar|Gengar, M|16/100
|turn|24
|c|☆jpapaio|gg
|
|t:|1743881853
|-terastallize|p1a: Rillaboom|Grass
|move|p1a: Rillaboom|Grassy Glide|p2a: Gengar
|-resisted|p2a: Gengar
|-damage|p2a: Gengar|0 fnt
|-start|p1a: Rillaboom|Disable|Grassy Glide|[from] ability: Cursed Body|[of] p2a: Gengar
|faint|p2a: Gengar
|
|win|jpapaio
|raw|jpapaio's rating: 1659 &rarr; <strong>1675</strong><br />(+16 for winning)
|raw|lolcano46's rating: 1588 &rarr; <strong>1572</strong><br />(-16 for losing)
|c|☆lolcano46|gg
|l|☆jpapaio
|player|p1|
|l|☆lolcano46
|player|p2|
