|j|☆hollow 497
|j|☆beeg peeg
|t:|1743797221
|gametype|singles
|player|p1|hollow 497|ingo|1312
|player|p2|beeg peeg|waiter-gen4|1302
|teamsize|p1|6
|teamsize|p2|6
|gen|9
|tier|[Gen 9] OU
|rated|
|rule|HP Percentage Mod: HP is shown in percentages
|rule|Endless Battle Clause: Forcing endless battles is banned
|rule|Species Clause: Limit one of each Pokémon
|rule|OHKO Clause: OHKO moves are banned
|rule|Evasion Items Clause: Evasion items are banned
|rule|Evasion Moves Clause: Evasion moves are banned
|rule|Sleep Moves Clause: Sleep-inducing moves are banned
|clearpoke
|poke|p1|Kommo-o, F|
|poke|p1|Zapdos-Galar|
|poke|p1|Slowking-Galar, M|
|poke|p1|Iron Treads|
|poke|p1|Primarina, M|
|poke|p1|Ogerpon-Cornerstone, F|
|poke|p2|Rampardos, M|
|poke|p2|Dragapult, M|
|poke|p2|Iron Valiant|
|poke|p2|Kingambit, M|
|poke|p2|Zapdos|
|poke|p2|Tinkaton, F|
|teampreview
|inactive|Battle timer is ON: inactive players will automatically lose when time's up. (requested by hollow 497)
|inactive|hollow 497 has 120 seconds left.
|
|t:|1743797263
|start
|switch|p1a: Zapdos|Zapdos-Galar|100/100
|switch|p2a: Rampardos|Rampardos, M|100/100
|-ability|p2a: Rampardos|Mold Breaker
|turn|1
|inactive|hollow 497 has 120 seconds left.
|
|t:|1743797295
|move|p2a: Rampardos|Endure|p2a: Rampardos
|-singleturn|p2a: Rampardos|move: Endure
|move|p1a: Zapdos|U-turn|p2a: Rampardos
|-damage|p2a: Rampardos|69/100
|inactive|hollow 497 has 120 seconds left.
|
|t:|1743797301
|switch|p1a: All of me|Kommo-o, F|100/100|[from] U-turn
|
|upkeep
|turn|2
|
|t:|1743797313
|move|p1a: All of me|Drain Punch|p2a: Rampardos
|-supereffective|p2a: Rampardos
|-damage|p2a: Rampardos|0 fnt
|faint|p2a: Rampardos
|
|upkeep
|
|t:|1743797322
|switch|p2a: Iron Valiant|Iron Valiant|100/100
|-enditem|p2a: Iron Valiant|Booster Energy
|-activate|p2a: Iron Valiant|ability: Quark Drive|[fromitem]
|-start|p2a: Iron Valiant|quarkdrivespe
|turn|3
|inactive|hollow 497 has 120 seconds left.
|
|t:|1743797350
|switch|p1a: Slowking|Slowking-Galar, M|100/100
|move|p2a: Iron Valiant|Swords Dance|p2a: Iron Valiant
|-boost|p2a: Iron Valiant|atk|2
|
|upkeep
|turn|4
|
|t:|1743797357
|move|p2a: Iron Valiant|Knock Off|p1a: Slowking
|-supereffective|p1a: Slowking
|-damage|p1a: Slowking|0 fnt
|-enditem|p1a: Slowking|Heavy-Duty Boots|[from] move: Knock Off|[of] p2a: Iron Valiant
|faint|p1a: Slowking
|
|upkeep
|inactive|hollow 497 has 120 seconds left.
|
|t:|1743797373
|switch|p1a: Evergarden|Primarina, M|100/100
|turn|5
|inactive|hollow 497 has 120 seconds left.
|
|t:|1743797382
|-end|p2a: Iron Valiant|Quark Drive|[silent]
|switch|p2a: Zapdos|Zapdos|100/100
|move|p1a: Evergarden|Moonblast|p2a: Zapdos
|-damage|p2a: Zapdos|64/100
|-unboost|p2a: Zapdos|spa|1
|
|upkeep
|turn|6
|inactive|hollow 497 has 120 seconds left.
|
|t:|1743797407
|switch|p1a: Iron Treads|Iron Treads|100/100
|-enditem|p1a: Iron Treads|Booster Energy
|-activate|p1a: Iron Treads|ability: Quark Drive|[fromitem]
|-start|p1a: Iron Treads|quarkdriveatk
|move|p2a: Zapdos|Thunderbolt|p1a: Iron Treads
|-immune|p1a: Iron Treads
|
|upkeep
|turn|7
|
|t:|1743797423
|move|p1a: Iron Treads|Rapid Spin|p2a: Zapdos
|-damage|p2a: Zapdos|50/100
|-boost|p1a: Iron Treads|spe|1
|-status|p1a: Iron Treads|par|[from] ability: Static|[of] p2a: Zapdos
|move|p2a: Zapdos|U-turn|p1a: Iron Treads
|-resisted|p1a: Iron Treads
|-damage|p1a: Iron Treads|94/100 par
|
|t:|1743797433
|switch|p2a: Iron Valiant|Iron Valiant|100/100|[from] U-turn
|
|upkeep
|turn|8
|
|t:|1743797438
|move|p2a: Iron Valiant|Close Combat|p1a: Iron Treads
|-supereffective|p1a: Iron Treads
|-damage|p1a: Iron Treads|0 fnt
|-unboost|p2a: Iron Valiant|def|1
|-unboost|p2a: Iron Valiant|spd|1
|faint|p1a: Iron Treads
|-end|p1a: Iron Treads|Quark Drive|[silent]
|
|upkeep
|
|t:|1743797447
|switch|p1a: Zapdos|Zapdos-Galar|100/100
|turn|9
|inactive|hollow 497 has 120 seconds left.
|
|t:|1743797462
|move|p1a: Zapdos|Close Combat|p2a: Iron Valiant
|-resisted|p2a: Iron Valiant
|-damage|p2a: Iron Valiant|38/100
|-unboost|p1a: Zapdos|def|1
|-unboost|p1a: Zapdos|spd|1
|move|p2a: Iron Valiant|Knock Off|p1a: Zapdos
|-resisted|p1a: Zapdos
|-damage|p1a: Zapdos|71/100
|-enditem|p1a: Zapdos|Choice Scarf|[from] move: Knock Off|[of] p2a: Iron Valiant
|
|upkeep
|turn|10
|inactive|beeg peeg has 120 seconds left.
|
|t:|1743797500
|move|p2a: Iron Valiant|Close Combat|p1a: Zapdos
|-resisted|p1a: Zapdos
|-damage|p1a: Zapdos|20/100
|-unboost|p2a: Iron Valiant|def|1
|-unboost|p2a: Iron Valiant|spd|1
|move|p1a: Zapdos|Brave Bird|p2a: Iron Valiant
|-supereffective|p2a: Iron Valiant
|-damage|p2a: Iron Valiant|0 fnt
|faint|p2a: Iron Valiant
|-end|p2a: Iron Valiant|Quark Drive|[silent]
|-damage|p1a: Zapdos|9/100|[from] Recoil
|
|upkeep
|
|t:|1743797504
|switch|p2a: Dragapult|Dragapult, M|100/100
|turn|11
|inactive|hollow 497 has 120 seconds left.
|
|t:|1743797512
|move|p2a: Dragapult|Shadow Ball|p1a: Zapdos
|-damage|p1a: Zapdos|0 fnt
|faint|p1a: Zapdos
|
|upkeep
|inactive|hollow 497 has 120 seconds left.
|
|t:|1743797536
|switch|p1a: Evergarden|Primarina, M|100/100
|turn|12
|
|t:|1743797542
|switch|p2a: Tinkaton|Tinkaton, F|100/100
|-ability|p2a: Tinkaton|Mold Breaker
|move|p1a: Evergarden|Calm Mind|p1a: Evergarden
|-boost|p1a: Evergarden|spa|1
|-boost|p1a: Evergarden|spd|1
|
|upkeep
|turn|13
|
|t:|1743797550
|move|p2a: Tinkaton|Thunder Wave|p1a: Evergarden
|-status|p1a: Evergarden|par
|cant|p1a: Evergarden|par
|
|upkeep
|turn|14
|
|t:|1743797555
|move|p2a: Tinkaton|Swords Dance|p2a: Tinkaton
|-boost|p2a: Tinkaton|atk|2
|cant|p1a: Evergarden|par
|
|upkeep
|turn|15
|
|t:|1743797560
|move|p2a: Tinkaton|Gigaton Hammer|p1a: Evergarden
|-damage|p1a: Evergarden|0 fnt
|faint|p1a: Evergarden
|
|upkeep
|
|t:|1743797570
|switch|p1a: All of me|Kommo-o, F|100/100
|turn|16
|
|t:|1743797579
|move|p2a: Tinkaton|Thunder Wave|p1a: All of me
|-status|p1a: All of me|par
|move|p1a: All of me|Flamethrower|p2a: Tinkaton
|-supereffective|p2a: Tinkaton
|-damage|p2a: Tinkaton|50/100
|-status|p2a: Tinkaton|brn
|
|-damage|p2a: Tinkaton|44/100 brn|[from] brn
|upkeep
|turn|17
|
|t:|1743797588
|move|p2a: Tinkaton|Gigaton Hammer|p1a: All of me
|-damage|p1a: All of me|41/100 par
|move|p1a: All of me|Flamethrower|p2a: Tinkaton
|-supereffective|p2a: Tinkaton
|-damage|p2a: Tinkaton|0 fnt
|faint|p2a: Tinkaton
|
|upkeep
|
|t:|1743797601
|switch|p2a: Zapdos|Zapdos|50/100
|turn|18
|
|t:|1743797605
|move|p2a: Zapdos|Roost|p2a: Zapdos
|-heal|p2a: Zapdos|99/100
|-singleturn|p2a: Zapdos|move: Roost
|move|p1a: All of me|Boomburst|p2a: Zapdos
|-damage|p2a: Zapdos|65/100
|-enditem|p1a: All of me|Throat Spray
|-boost|p1a: All of me|spa|1|[from] item: Throat Spray
|
|upkeep
|turn|19
|inactive|hollow 497 has 120 seconds left.
|
|t:|1743797636
|switch|p1a: Ogerpon|Ogerpon-Cornerstone, F|100/100
|move|p2a: Zapdos|Hurricane|p1a: Ogerpon
|-damage|p1a: Ogerpon|43/100
|
|upkeep
|turn|20
|
|t:|1743797648
|-terastallize|p1a: Ogerpon|Rock
|detailschange|p1a: Ogerpon|Ogerpon-Cornerstone-Tera, F, tera:Rock
|-ability|p1a: Ogerpon|Embody Aspect (Cornerstone)|boost
|-boost|p1a: Ogerpon|def|1
|move|p1a: Ogerpon|Ivy Cudgel|p2a: Zapdos|[anim] Ivy Cudgel Rock
|-supereffective|p2a: Zapdos
|-damage|p2a: Zapdos|0 fnt
|faint|p2a: Zapdos
|
|upkeep
|
|t:|1743797653
|switch|p2a: Dragapult|Dragapult, M|100/100
|turn|21
|-message|hollow 497 forfeited.
|
|win|beeg peeg
|raw|hollow 497's rating: 1312 &rarr; <strong>1291</strong><br />(-21 for losing)
|raw|beeg peeg's rating: 1302 &rarr; <strong>1323</strong><br />(+21 for winning)
|l|☆hollow 497
|player|p1|
|l|☆beeg peeg
|player|p2|
