|j|☆Team BBIO 38
|j|☆Naniel41
|t:|1743912889
|gametype|singles
|player|p1|Team BBIO 38|dragontamer|1387
|player|p2|Naniel41|266|1354
|teamsize|p1|6
|teamsize|p2|6
|gen|9
|tier|[Gen 9] OU
|rated|
|rule|HP Percentage Mod: HP is shown in percentages
|rule|Endless Battle Clause: Forcing endless battles is banned
|rule|Species Clause: Limit one of each Pokémon
|rule|OHKO Clause: OHKO moves are banned
|rule|Evasion Items Clause: Evasion items are banned
|rule|Evasion Moves Clause: Evasion moves are banned
|rule|Sleep Moves Clause: Sleep-inducing moves are banned
|clearpoke
|poke|p1|Dusclops, M|
|poke|p1|Blissey, F|
|poke|p1|Flamigo, M|
|poke|p1|Mimikyu, M|
|poke|p1|Rotom-Wash|
|poke|p1|Alcremie-Rainbow-Swirl, F|
|poke|p2|Weezing-Galar, F|
|poke|p2|Dragapult, F|
|poke|p2|Gliscor, M|
|poke|p2|Garganacl, M|
|poke|p2|Moltres|
|poke|p2|Rotom-Wash|
|teampreview
|inactive|Battle timer is ON: inactive players will automatically lose when time's up. (requested by Team BBIO 38)
|
|t:|1743912900
|start
|switch|p1a: Dusclops|Dusclops, M|100/100
|switch|p2a: Gliscor|Gliscor, M|100/100
|-item|p2a: Gliscor|Toxic Orb|[from] ability: Frisk|[of] p1a: Dusclops
|turn|1
|
|t:|1743912906
|move|p2a: Gliscor|Toxic|p1a: Dusclops
|-status|p1a: Dusclops|tox
|move|p1a: Dusclops|Will-O-Wisp|p2a: Gliscor
|-status|p2a: Gliscor|brn
|
|-damage|p1a: Dusclops|95/100 tox|[from] psn
|-damage|p2a: Gliscor|94/100 brn|[from] brn
|upkeep
|turn|2
|
|t:|1743912915
|switch|p1a: Blissey|Blissey, F|100/100
|move|p2a: Gliscor|Spikes|p1a: Blissey
|-sidestart|p1: Team BBIO 38|Spikes
|
|-damage|p2a: Gliscor|88/100 brn|[from] brn
|upkeep
|turn|3
|
|t:|1743912923
|switch|p2a: Garganacl|Garganacl, M|100/100
|move|p1a: Blissey|Stealth Rock|p2a: Garganacl
|-sidestart|p2: Naniel41|move: Stealth Rock
|
|upkeep
|turn|4
|
|t:|1743912930
|move|p1a: Blissey|Seismic Toss|p2a: Garganacl
|-damage|p2a: Garganacl|76/100
|move|p2a: Garganacl|Stealth Rock|p1a: Blissey
|-sidestart|p1: Team BBIO 38|move: Stealth Rock
|
|-heal|p2a: Garganacl|82/100|[from] item: Leftovers
|upkeep
|turn|5
|
|t:|1743912936
|move|p1a: Blissey|Seismic Toss|p2a: Garganacl
|-damage|p2a: Garganacl|57/100
|move|p2a: Garganacl|Salt Cure|p1a: Blissey
|-damage|p1a: Blissey|88/100
|-start|p1a: Blissey|Salt Cure
|
|-heal|p1a: Blissey|94/100|[from] item: Leftovers
|-heal|p2a: Garganacl|63/100|[from] item: Leftovers
|-damage|p1a: Blissey|82/100|[from] Salt Cure
|upkeep
|turn|6
|
|t:|1743912946
|switch|p1a: Rotom|Rotom-Wash|100/100
|-damage|p1a: Rotom|88/100|[from] Stealth Rock
|move|p2a: Garganacl|Salt Cure|p1a: Rotom
|-damage|p1a: Rotom|73/100
|-start|p1a: Rotom|Salt Cure
|
|-heal|p2a: Garganacl|70/100|[from] item: Leftovers
|-damage|p1a: Rotom|48/100|[from] Salt Cure
|upkeep
|turn|7
|
|t:|1743912955
|move|p1a: Rotom|Hydro Pump|p2a: Garganacl
|-supereffective|p2a: Garganacl
|-damage|p2a: Garganacl|0 fnt
|faint|p2a: Garganacl
|
|-damage|p1a: Rotom|23/100|[from] Salt Cure
|upkeep
|-message|Naniel41 forfeited.
|
|win|Team BBIO 38
|raw|Team BBIO 38's rating: 1387 &rarr; <strong>1405</strong><br />(+18 for winning)
|raw|Naniel41's rating: 1354 &rarr; <strong>1336</strong><br />(-18 for losing)
|l|☆Naniel41
|player|p2|
|l|☆Team BBIO 38
|player|p1|
