|j|☆cat3039
|j|☆The Name Change
|t:|1743861061
|gametype|singles
|player|p1|cat3039|ltsurge|1436
|player|p2|The Name Change|2|1521
|teamsize|p1|6
|teamsize|p2|6
|gen|9
|tier|[Gen 9] OU
|rated|
|rule|HP Percentage Mod: HP is shown in percentages
|rule|Endless Battle Clause: Forcing endless battles is banned
|rule|Species Clause: Limit one of each Pokémon
|rule|OHKO Clause: OHKO moves are banned
|rule|Evasion Items Clause: Evasion items are banned
|rule|Evasion Moves Clause: Evasion moves are banned
|rule|Sleep Moves Clause: Sleep-inducing moves are banned
|clearpoke
|poke|p1|Great Tusk|
|poke|p1|Ninetales, M|
|poke|p1|Whimsicott, F|
|poke|p1|Walking Wake|
|poke|p1|Iron Moth|
|poke|p1|Comfey, M|
|poke|p2|Gliscor, F|
|poke|p2|Keldeo|
|poke|p2|Ting-Lu|
|poke|p2|Sinistcha-Masterpiece|
|poke|p2|Tinkaton, F|
|poke|p2|Dragonite, F|
|teampreview
|inactive|Battle timer is ON: inactive players will automatically lose when time's up. (requested by cat3039)
|
|t:|1743861071
|start
|switch|p1a: Ninetales|Ninetales, M|100/100
|switch|p2a: Ting-Lu|Ting-Lu|100/100
|-weather|SunnyDay|[from] ability: Drought|[of] p1a: Ninetales
|-ability|p2a: Ting-Lu|Vessel of Ruin
|turn|1
|
|t:|1743861079
|move|p1a: Ninetales|Will-O-Wisp|p2a: Ting-Lu
|-status|p2a: Ting-Lu|brn
|move|p2a: Ting-Lu|Earthquake|p1a: Ninetales
|-supereffective|p1a: Ninetales
|-damage|p1a: Ninetales|51/100
|
|-weather|SunnyDay|[upkeep]
|-damage|p2a: Ting-Lu|94/100 brn|[from] brn
|upkeep
|turn|2
|
|t:|1743861085
|switch|p1a: Whimsicott|Whimsicott, F|100/100
|move|p2a: Ting-Lu|Spikes|p1a: Whimsicott
|-sidestart|p1: cat3039|Spikes
|
|-weather|SunnyDay|[upkeep]
|-heal|p2a: Ting-Lu|100/100 brn|[from] item: Leftovers
|-damage|p2a: Ting-Lu|94/100 brn|[from] brn
|upkeep
|turn|3
|
|t:|1743861094
|switch|p2a: Tinkaton|Tinkaton, F|100/100
|-ability|p2a: Tinkaton|Mold Breaker
|-item|p2a: Tinkaton|Air Balloon
|move|p1a: Whimsicott|Moonblast|p2a: Tinkaton
|-resisted|p2a: Tinkaton
|-damage|p2a: Tinkaton|89/100
|-enditem|p2a: Tinkaton|Air Balloon
|
|-weather|SunnyDay|[upkeep]
|upkeep
|turn|4
|
|t:|1743861098
|move|p1a: Whimsicott|U-turn|p2a: Tinkaton
|-resisted|p2a: Tinkaton
|-damage|p2a: Tinkaton|86/100
|
|t:|1743861101
|switch|p1a: Great Tusk|Great Tusk|100/100|[from] U-turn
|-damage|p1a: Great Tusk|88/100|[from] Spikes
|-activate|p1a: Great Tusk|ability: Protosynthesis
|-start|p1a: Great Tusk|protosynthesisatk
|move|p2a: Tinkaton|Stealth Rock|p1a: Great Tusk
|-sidestart|p1: cat3039|move: Stealth Rock
|
|-weather|SunnyDay|[upkeep]
|upkeep
|turn|5
|
|t:|1743861111
|switch|p2a: Sinistcha|Sinistcha-Masterpiece|100/100
|move|p1a: Great Tusk|Knock Off|p2a: Sinistcha
|-supereffective|p2a: Sinistcha
|-damage|p2a: Sinistcha|38/100
|-enditem|p2a: Sinistcha|Heavy-Duty Boots|[from] move: Knock Off|[of] p1a: Great Tusk
|
|-weather|SunnyDay|[upkeep]
|upkeep
|turn|6
|inactive|cat3039 has 120 seconds left.
|
|t:|1743861143
|-terastallize|p2a: Sinistcha|Poison
|move|p1a: Great Tusk|Knock Off|p2a: Sinistcha
|-damage|p2a: Sinistcha|18/100
|move|p2a: Sinistcha|Strength Sap|p1a: Great Tusk
|-unboost|p1a: Great Tusk|atk|1
|-heal|p2a: Sinistcha|100/100
|
|-weather|SunnyDay|[upkeep]
|upkeep
|turn|7
|
|t:|1743861154
|move|p1a: Great Tusk|Rapid Spin|p2a: Sinistcha
|-damage|p2a: Sinistcha|90/100
|-boost|p1a: Great Tusk|spe|1
|-sideend|p1: cat3039|Spikes|[from] move: Rapid Spin|[of] p1a: Great Tusk
|-sideend|p1: cat3039|Stealth Rock|[from] move: Rapid Spin|[of] p1a: Great Tusk
|move|p2a: Sinistcha|Matcha Gotcha|p1a: Great Tusk
|-supereffective|p1a: Great Tusk
|-damage|p1a: Great Tusk|0 fnt
|-heal|p2a: Sinistcha|100/100|[from] drain|[of] p1a: Great Tusk
|faint|p1a: Great Tusk
|-end|p1a: Great Tusk|Protosynthesis|[silent]
|
|-weather|SunnyDay|[upkeep]
|upkeep
|inactive|cat3039 has 120 seconds left.
|
|t:|1743861180
|switch|p1a: Whimsicott|Whimsicott, F|100/100
|turn|8
|
|t:|1743861188
|move|p1a: Whimsicott|Encore|p2a: Sinistcha
|-start|p2a: Sinistcha|Encore
|move|p2a: Sinistcha|Matcha Gotcha|p1a: Whimsicott
|-resisted|p1a: Whimsicott
|-damage|p1a: Whimsicott|82/100
|-status|p1a: Whimsicott|brn
|
|-weather|none
|-damage|p1a: Whimsicott|76/100 brn|[from] brn
|upkeep
|turn|9
|
|t:|1743861195
|switch|p2a: Tinkaton|Tinkaton, F|86/100
|-ability|p2a: Tinkaton|Mold Breaker
|move|p1a: Whimsicott|U-turn|p2a: Tinkaton
|-resisted|p2a: Tinkaton
|-damage|p2a: Tinkaton|85/100
|
|t:|1743861198
|switch|p1a: Ninetales|Ninetales, M|51/100|[from] U-turn
|-weather|SunnyDay|[from] ability: Drought|[of] p1a: Ninetales
|
|-weather|SunnyDay|[upkeep]
|upkeep
|turn|10
|
|t:|1743861206
|switch|p2a: Ting-Lu|Ting-Lu|94/100 brn
|-ability|p2a: Ting-Lu|Vessel of Ruin
|move|p1a: Ninetales|Will-O-Wisp|p2a: Ting-Lu
|-fail|p2a: Ting-Lu|brn
|
|-weather|SunnyDay|[upkeep]
|-heal|p2a: Ting-Lu|100/100 brn|[from] item: Leftovers
|-damage|p2a: Ting-Lu|94/100 brn|[from] brn
|upkeep
|turn|11
|
|t:|1743861216
|switch|p1a: Walking Wake|Walking Wake|100/100
|-activate|p1a: Walking Wake|ability: Protosynthesis
|-start|p1a: Walking Wake|protosynthesisspe
|move|p2a: Ting-Lu|Spikes|p1a: Walking Wake
|-sidestart|p1: cat3039|Spikes
|
|-weather|SunnyDay|[upkeep]
|-heal|p2a: Ting-Lu|100/100 brn|[from] item: Leftovers
|-damage|p2a: Ting-Lu|94/100 brn|[from] brn
|upkeep
|turn|12
|
|t:|1743861239
|switch|p2a: Tinkaton|Tinkaton, F|85/100
|-ability|p2a: Tinkaton|Mold Breaker
|move|p1a: Walking Wake|Hydro Steam|p2a: Tinkaton
|-damage|p2a: Tinkaton|8/100
|
|-weather|SunnyDay|[upkeep]
|upkeep
|turn|13
|
|t:|1743861244
|move|p1a: Walking Wake|Hydro Steam|p2a: Tinkaton
|-damage|p2a: Tinkaton|0 fnt
|faint|p2a: Tinkaton
|
|-weather|SunnyDay|[upkeep]
|upkeep
|
|t:|1743861246
|switch|p2a: Dragonite|Dragonite, F|100/100
|turn|14
|
|t:|1743861259
|-end|p1a: Walking Wake|Protosynthesis|[silent]
|switch|p1a: Whimsicott|Whimsicott, F|76/100 brn
|switch|p2a: Ting-Lu|Ting-Lu|94/100 brn
|-ability|p2a: Ting-Lu|Vessel of Ruin
|
|-weather|SunnyDay|[upkeep]
|-heal|p2a: Ting-Lu|100/100 brn|[from] item: Leftovers
|-damage|p1a: Whimsicott|70/100 brn|[from] brn
|-damage|p2a: Ting-Lu|94/100 brn|[from] brn
|upkeep
|turn|15
|
|t:|1743861277
|move|p1a: Whimsicott|Moonblast|p2a: Ting-Lu
|-supereffective|p2a: Ting-Lu
|-damage|p2a: Ting-Lu|69/100 brn
|-unboost|p2a: Ting-Lu|spa|1
|move|p2a: Ting-Lu|Spikes|p1a: Whimsicott
|-sidestart|p1: cat3039|Spikes
|
|-weather|SunnyDay|[upkeep]
|-heal|p2a: Ting-Lu|76/100 brn|[from] item: Leftovers
|-damage|p1a: Whimsicott|63/100 brn|[from] brn
|-damage|p2a: Ting-Lu|69/100 brn|[from] brn
|upkeep
|turn|16
|
|t:|1743861283
|switch|p2a: Sinistcha|Sinistcha-Masterpiece, tera:Poison|100/100
|move|p1a: Whimsicott|U-turn|p2a: Sinistcha
|-resisted|p2a: Sinistcha
|-damage|p2a: Sinistcha|99/100
|
|t:|1743861299
|switch|p1a: Iron Moth|Iron Moth|100/100|[from] U-turn
|-damage|p1a: Iron Moth|84/100|[from] Spikes
|-enditem|p1a: Iron Moth|Booster Energy
|-activate|p1a: Iron Moth|ability: Quark Drive|[fromitem]
|-start|p1a: Iron Moth|quarkdrivespe
|
|-weather|none
|upkeep
|turn|17
|
|t:|1743861309
|move|p1a: Iron Moth|Substitute|p1a: Iron Moth
|-start|p1a: Iron Moth|Substitute
|-damage|p1a: Iron Moth|59/100
|move|p2a: Sinistcha|Calm Mind|p2a: Sinistcha
|-boost|p2a: Sinistcha|spa|1
|-boost|p2a: Sinistcha|spd|1
|
|upkeep
|turn|18
|
|t:|1743861318
|move|p1a: Iron Moth|Fiery Dance|p2a: Sinistcha
|-damage|p2a: Sinistcha|84/100
|move|p2a: Sinistcha|Shadow Ball|p1a: Iron Moth
|-end|p1a: Iron Moth|Substitute
|
|upkeep
|turn|19
|
|t:|1743861335
|-end|p1a: Iron Moth|Quark Drive|[silent]
|switch|p1a: Ninetales|Ninetales, M|51/100
|-damage|p1a: Ninetales|34/100|[from] Spikes
|-weather|SunnyDay|[from] ability: Drought|[of] p1a: Ninetales
|move|p2a: Sinistcha|Calm Mind|p2a: Sinistcha
|-boost|p2a: Sinistcha|spa|1
|-boost|p2a: Sinistcha|spd|1
|
|-weather|SunnyDay|[upkeep]
|upkeep
|turn|20
|
|t:|1743861349
|move|p1a: Ninetales|Will-O-Wisp|p2a: Sinistcha
|-status|p2a: Sinistcha|brn
|move|p2a: Sinistcha|Shadow Ball|p1a: Ninetales
|-damage|p1a: Ninetales|0 fnt
|faint|p1a: Ninetales
|
|-weather|SunnyDay|[upkeep]
|-damage|p2a: Sinistcha|81/100 brn|[from] brn
|upkeep
|inactive|cat3039 has 120 seconds left.
|
|t:|1743861382
|switch|p1a: Walking Wake|Walking Wake|100/100
|-damage|p1a: Walking Wake|84/100|[from] Spikes
|-activate|p1a: Walking Wake|ability: Protosynthesis
|-start|p1a: Walking Wake|protosynthesisspe
|turn|21
|
|t:|1743861391
|-terastallize|p1a: Walking Wake|Water
|move|p1a: Walking Wake|Hydro Steam|p2a: Sinistcha
|-damage|p2a: Sinistcha|3/100 brn
|move|p2a: Sinistcha|Matcha Gotcha|p1a: Walking Wake
|-supereffective|p1a: Walking Wake
|-damage|p1a: Walking Wake|0 fnt
|-heal|p2a: Sinistcha|45/100 brn|[from] drain|[of] p1a: Walking Wake
|faint|p1a: Walking Wake
|-end|p1a: Walking Wake|Protosynthesis|[silent]
|
|-weather|SunnyDay|[upkeep]
|-damage|p2a: Sinistcha|42/100 brn|[from] brn
|upkeep
|
|t:|1743861413
|switch|p1a: Iron Moth|Iron Moth|59/100
|-damage|p1a: Iron Moth|42/100|[from] Spikes
|turn|22
|
|t:|1743861419
|move|p1a: Iron Moth|Fiery Dance|p2a: Sinistcha
|-damage|p2a: Sinistcha|24/100 brn
|-boost|p1a: Iron Moth|spa|1
|move|p2a: Sinistcha|Strength Sap|p1a: Iron Moth
|-unboost|p1a: Iron Moth|atk|1
|-heal|p2a: Sinistcha|70/100 brn
|
|-weather|SunnyDay|[upkeep]
|-damage|p2a: Sinistcha|67/100 brn|[from] brn
|upkeep
|turn|23
|
|t:|1743861434
|move|p1a: Iron Moth|Fiery Dance|p2a: Sinistcha
|-crit|p2a: Sinistcha
|-damage|p2a: Sinistcha|0 fnt
|faint|p2a: Sinistcha
|
|-weather|SunnyDay|[upkeep]
|upkeep
|
|t:|1743861448
|switch|p2a: Ting-Lu|Ting-Lu|69/100 brn
|-ability|p2a: Ting-Lu|Vessel of Ruin
|turn|24
|inactive|cat3039 has 120 seconds left.
|
|t:|1743861464
|move|p1a: Iron Moth|Fiery Dance|p2a: Ting-Lu
|-damage|p2a: Ting-Lu|31/100 brn
|move|p2a: Ting-Lu|Earthquake|p1a: Iron Moth
|-supereffective|p1a: Iron Moth
|-damage|p1a: Iron Moth|0 fnt
|faint|p1a: Iron Moth
|-end|p1a: Iron Moth|Quark Drive|[silent]
|
|-weather|SunnyDay|[upkeep]
|-heal|p2a: Ting-Lu|37/100 brn|[from] item: Leftovers
|-damage|p2a: Ting-Lu|31/100 brn|[from] brn
|upkeep
|
|t:|1743861479
|switch|p1a: Comfey|Comfey, M|100/100
|-damage|p1a: Comfey|84/100|[from] Spikes
|turn|25
|
|t:|1743861483
|move|p1a: Comfey|Growth|p1a: Comfey
|-boost|p1a: Comfey|atk|2
|-boost|p1a: Comfey|spa|2
|move|p2a: Ting-Lu|Whirlwind|p1a: Comfey
|drag|p1a: Whimsicott|Whimsicott, F|63/100 brn
|
|-weather|SunnyDay|[upkeep]
|-heal|p2a: Ting-Lu|37/100 brn|[from] item: Leftovers
|-damage|p1a: Whimsicott|57/100 brn|[from] brn
|-damage|p2a: Ting-Lu|31/100 brn|[from] brn
|upkeep
|turn|26
|inactive|cat3039 has 120 seconds left.
|
|t:|1743861493
|move|p1a: Whimsicott|Moonblast|p2a: Ting-Lu
|-supereffective|p2a: Ting-Lu
|-damage|p2a: Ting-Lu|6/100 brn
|move|p2a: Ting-Lu|Ruination|p1a: Whimsicott
|-damage|p1a: Whimsicott|29/100 brn
|
|-weather|none
|-heal|p2a: Ting-Lu|12/100 brn|[from] item: Leftovers
|-damage|p1a: Whimsicott|23/100 brn|[from] brn
|-damage|p2a: Ting-Lu|6/100 brn|[from] brn
|upkeep
|turn|27
|
|t:|1743861504
|move|p1a: Whimsicott|Sunny Day|p1a: Whimsicott
|-weather|SunnyDay
|move|p2a: Ting-Lu|Ruination|p1a: Whimsicott
|-damage|p1a: Whimsicott|12/100 brn
|
|-weather|SunnyDay|[upkeep]
|-heal|p2a: Ting-Lu|12/100 brn|[from] item: Leftovers
|-damage|p1a: Whimsicott|5/100 brn|[from] brn
|-damage|p2a: Ting-Lu|6/100 brn|[from] brn
|upkeep
|turn|28
|
|t:|1743861517
|switch|p2a: Gliscor|Gliscor, F|100/100
|move|p1a: Whimsicott|U-turn|p2a: Gliscor
|-resisted|p2a: Gliscor
|-crit|p2a: Gliscor
|-damage|p2a: Gliscor|98/100
|
|t:|1743861522
|switch|p1a: Comfey|Comfey, M|84/100|[from] U-turn
|-damage|p1a: Comfey|67/100|[from] Spikes
|
|-weather|SunnyDay|[upkeep]
|-heal|p1a: Comfey|73/100|[from] item: Leftovers
|-status|p2a: Gliscor|tox|[from] item: Toxic Orb
|upkeep
|turn|29
|
|t:|1743861527
|move|p2a: Gliscor|Facade|p1a: Comfey
|-damage|p1a: Comfey|34/100
|move|p1a: Comfey|Growth|p1a: Comfey
|-boost|p1a: Comfey|atk|2
|-boost|p1a: Comfey|spa|2
|
|-weather|SunnyDay|[upkeep]
|-heal|p1a: Comfey|41/100|[from] item: Leftovers
|-heal|p2a: Gliscor|100/100 tox|[from] ability: Poison Heal
|upkeep
|turn|30
|
|t:|1743861538
|move|p1a: Comfey|Draining Kiss|p2a: Gliscor
|-damage|p2a: Gliscor|47/100 tox
|-heal|p1a: Comfey|86/100|[from] drain|[of] p2a: Gliscor
|move|p2a: Gliscor|Swords Dance|p2a: Gliscor
|-boost|p2a: Gliscor|atk|2
|
|-weather|SunnyDay|[upkeep]
|-heal|p1a: Comfey|93/100|[from] item: Leftovers
|-heal|p2a: Gliscor|60/100 tox|[from] ability: Poison Heal
|upkeep
|turn|31
|
|t:|1743861546
|move|p2a: Gliscor|Facade|p1a: Comfey
|-damage|p1a: Comfey|23/100
|move|p1a: Comfey|Growth|p1a: Comfey
|-boost|p1a: Comfey|atk|2
|-boost|p1a: Comfey|spa|2
|
|-weather|none
|-heal|p1a: Comfey|30/100|[from] item: Leftovers
|-heal|p2a: Gliscor|72/100 tox|[from] ability: Poison Heal
|upkeep
|turn|32
|
|t:|1743861552
|move|p2a: Gliscor|Protect|p2a: Gliscor
|-singleturn|p2a: Gliscor|Protect
|move|p1a: Comfey|Draining Kiss|p2a: Gliscor
|-activate|p2a: Gliscor|move: Protect
|
|-heal|p1a: Comfey|36/100|[from] item: Leftovers
|-heal|p2a: Gliscor|85/100 tox|[from] ability: Poison Heal
|upkeep
|turn|33
|
|t:|1743861555
|move|p1a: Comfey|Draining Kiss|p2a: Gliscor
|-damage|p2a: Gliscor|1/100 tox
|-heal|p1a: Comfey|100/100|[from] drain|[of] p2a: Gliscor
|move|p2a: Gliscor|Facade|p1a: Comfey
|-damage|p1a: Comfey|27/100
|
|-heal|p1a: Comfey|33/100|[from] item: Leftovers
|-heal|p2a: Gliscor|14/100 tox|[from] ability: Poison Heal
|upkeep
|turn|34
|
|t:|1743861566
|move|p1a: Comfey|Draining Kiss|p2a: Gliscor
|-damage|p2a: Gliscor|0 fnt
|-heal|p1a: Comfey|45/100|[from] drain|[of] p2a: Gliscor
|faint|p2a: Gliscor
|
|-heal|p1a: Comfey|51/100|[from] item: Leftovers
|upkeep
|
|t:|1743861572
|switch|p2a: Dragonite|Dragonite, F|100/100
|turn|35
|
|t:|1743861577
|move|p1a: Comfey|Draining Kiss|p2a: Dragonite
|-supereffective|p2a: Dragonite
|-damage|p2a: Dragonite|48/100
|-heal|p1a: Comfey|99/100|[from] drain|[of] p2a: Dragonite
|move|p2a: Dragonite|Extreme Speed|p1a: Comfey
|-damage|p1a: Comfey|63/100
|
|-heal|p1a: Comfey|69/100|[from] item: Leftovers
|upkeep
|turn|36
|
|t:|1743861587
|move|p2a: Dragonite|Extreme Speed|p1a: Comfey
|-damage|p1a: Comfey|30/100
|move|p1a: Comfey|Growth|p1a: Comfey
|-boost|p1a: Comfey|atk|1
|-boost|p1a: Comfey|spa|1
|
|-heal|p1a: Comfey|36/100|[from] item: Leftovers
|upkeep
|turn|37
|
|t:|1743861591
|move|p1a: Comfey|Draining Kiss|p2a: Dragonite
|-supereffective|p2a: Dragonite
|-damage|p2a: Dragonite|0 fnt
|-heal|p1a: Comfey|81/100|[from] drain|[of] p2a: Dragonite
|faint|p2a: Dragonite
|
|-heal|p1a: Comfey|87/100|[from] item: Leftovers
|upkeep
|
|t:|1743861595
|switch|p2a: Ting-Lu|Ting-Lu|6/100 brn
|-ability|p2a: Ting-Lu|Vessel of Ruin
|turn|38
|
|t:|1743861603
|move|p1a: Comfey|Draining Kiss|p2a: Ting-Lu
|-supereffective|p2a: Ting-Lu
|-damage|p2a: Ting-Lu|0 fnt
|-heal|p1a: Comfey|94/100|[from] drain|[of] p2a: Ting-Lu
|faint|p2a: Ting-Lu
|
|-heal|p1a: Comfey|99/100|[from] item: Leftovers
|upkeep
|-message|The Name Change forfeited.
|
|win|cat3039
|raw|cat3039's rating: 1436 &rarr; <strong>1461</strong><br />(+25 for winning)
|raw|The Name Change's rating: 1521 &rarr; <strong>1496</strong><br />(-25 for losing)
|l|☆The Name Change
|player|p2|
