|j|☆reojo
|j|☆Aiaoqppqqppq
|t:|1743842353
|gametype|singles
|player|p1|reojo|ingo|1129
|player|p2|Aiaoqppqqppq|170|1081
|teamsize|p1|6
|teamsize|p2|6
|gen|9
|tier|[Gen 9] OU
|rated|
|rule|HP Percentage Mod: HP is shown in percentages
|rule|Endless Battle Clause: Forcing endless battles is banned
|rule|Species Clause: Limit one of each Pokémon
|rule|OHKO Clause: OHKO moves are banned
|rule|Evasion Items Clause: Evasion items are banned
|rule|Evasion Moves Clause: Evasion moves are banned
|rule|Sleep Moves Clause: Sleep-inducing moves are banned
|clearpoke
|poke|p1|Araquanid, F|
|poke|p1|Zapdos|
|poke|p1|Grimmsnarl, M|
|poke|p1|Samurott-Hisui, F|
|poke|p1|Landorus-Therian, M|
|poke|p1|Pelipper, M|
|poke|p2|Araquanid, M|
|poke|p2|Raging Bolt|
|poke|p2|Iron Moth|
|poke|p2|Great Tusk|
|poke|p2|Gholdengo|
|poke|p2|Kingambit, F|
|teampreview
|
|t:|1743842367
|start
|switch|p1a: 素质首发滴蛛霸|Araquanid, F, shiny|100/100
|switch|p2a: Araquanid|Araquanid, M|100/100
|turn|1
|
|t:|1743842378
|move|p2a: Araquanid|Sticky Web|p1a: 素质首发滴蛛霸
|-sidestart|p1: reojo|move: Sticky Web
|move|p1a: 素质首发滴蛛霸|Sticky Web|p2a: Araquanid
|-sidestart|p2: Aiaoqppqqppq|move: Sticky Web
|
|upkeep
|turn|2
|
|t:|1743842409
|move|p2a: Araquanid|Lunge|p1a: 素质首发滴蛛霸
|-damage|p1a: 素质首发滴蛛霸|78/100
|-unboost|p1a: 素质首发滴蛛霸|atk|1
|move|p1a: 素质首发滴蛛霸|Liquidation|p2a: Araquanid
|-resisted|p2a: Araquanid
|-damage|p2a: Araquanid|81/100
|-damage|p1a: 素质首发滴蛛霸|69/100|[from] item: Life Orb
|
|upkeep
|turn|3
|
|t:|1743842421
|switch|p1a: byd长毛巨魔|Grimmsnarl, M|100/100
|-activate|p1a: byd长毛巨魔|move: Sticky Web
|-unboost|p1a: byd长毛巨魔|spe|1
|move|p2a: Araquanid|Lunge|p1a: byd长毛巨魔
|-crit|p1a: byd长毛巨魔
|-damage|p1a: byd长毛巨魔|62/100
|-unboost|p1a: byd长毛巨魔|atk|1
|
|upkeep
|turn|4
|
|t:|1743842439
|move|p1a: byd长毛巨魔|Parting Shot|p2a: Araquanid
|-unboost|p2a: Araquanid|atk|1
|-unboost|p2a: Araquanid|spa|1
|
|t:|1743842448
|switch|p1a: 降雨为谁而开？|Pelipper, M|100/100|[from] Parting Shot
|-weather|RainDance|[from] ability: Drizzle|[of] p1a: 降雨为谁而开？
|move|p2a: Araquanid|Lunge|p1a: 降雨为谁而开？
|-resisted|p1a: 降雨为谁而开？
|-damage|p1a: 降雨为谁而开？|93/100
|-unboost|p1a: 降雨为谁而开？|atk|1
|
|-weather|RainDance|[upkeep]
|upkeep
|turn|5
|
|t:|1743842461
|switch|p2a: Raging Bolt|Raging Bolt|100/100
|-activate|p2a: Raging Bolt|move: Sticky Web
|-unboost|p2a: Raging Bolt|spe|1
|-enditem|p2a: Raging Bolt|Booster Energy
|-activate|p2a: Raging Bolt|ability: Protosynthesis|[fromitem]
|-start|p2a: Raging Bolt|protosynthesisspa
|move|p1a: 降雨为谁而开？|Hurricane|p2a: Raging Bolt
|-resisted|p2a: Raging Bolt
|-damage|p2a: Raging Bolt|78/100
|
|-weather|RainDance|[upkeep]
|upkeep
|turn|6
|
|t:|1743842476
|switch|p1a: Landorus|Landorus-Therian, M|100/100
|-ability|p1a: Landorus|Intimidate|boost
|-unboost|p2a: Raging Bolt|atk|1
|move|p2a: Raging Bolt|Calm Mind|p2a: Raging Bolt
|-boost|p2a: Raging Bolt|spa|1
|-boost|p2a: Raging Bolt|spd|1
|
|-weather|RainDance|[upkeep]
|upkeep
|turn|7
|
|t:|1743842485
|-terastallize|p2a: Raging Bolt|Bug
|move|p1a: Landorus|Earth Power|p2a: Raging Bolt
|-resisted|p2a: Raging Bolt
|-damage|p2a: Raging Bolt|62/100
|-damage|p1a: Landorus|91/100|[from] item: Life Orb
|move|p2a: Raging Bolt|Dragon Pulse|p1a: Landorus
|-damage|p1a: Landorus|0 fnt
|faint|p1a: Landorus
|
|-weather|RainDance|[upkeep]
|upkeep
|
|t:|1743842497
|switch|p1a: 降雨为谁而开？|Pelipper, M|93/100
|turn|8
|
|t:|1743842501
|move|p2a: Raging Bolt|Thunderclap|p1a: 降雨为谁而开？
|-supereffective|p1a: 降雨为谁而开？
|-damage|p1a: 降雨为谁而开？|0 fnt
|faint|p1a: 降雨为谁而开？
|
|-weather|RainDance|[upkeep]
|upkeep
|
|t:|1743842507
|switch|p1a: 09天才特攻手|Zapdos, shiny|100/100
|turn|9
|
|t:|1743842513
|move|p1a: 09天才特攻手|Protect|p1a: 09天才特攻手
|-singleturn|p1a: 09天才特攻手|Protect
|move|p2a: Raging Bolt|Thunderclap||[still]
|-fail|p2a: Raging Bolt
|
|-weather|RainDance|[upkeep]
|upkeep
|turn|10
|
|t:|1743842521
|switch|p1a: byd长毛巨魔|Grimmsnarl, M|62/100
|-activate|p1a: byd长毛巨魔|move: Sticky Web
|-unboost|p1a: byd长毛巨魔|spe|1
|move|p2a: Raging Bolt|Thunderclap||[still]
|-fail|p2a: Raging Bolt
|
|-weather|RainDance|[upkeep]
|upkeep
|turn|11
|-message|reojo forfeited.
|
|win|Aiaoqppqqppq
|raw|reojo's rating: 1129 &rarr; <strong>1101</strong><br />(-28 for losing)
|raw|Aiaoqppqqppq's rating: 1081 &rarr; <strong>1113</strong><br />(+32 for winning)
|l|☆reojo
|player|p1|
