|j|☆Lodesthard
|j|‽itsumade mars
|t:|1743872550
|gametype|singles
|player|p1|Lodesthard|1|1207
|player|p2|itsumade mars|drayden|1215
|teamsize|p1|6
|teamsize|p2|6
|gen|9
|tier|[Gen 9] OU
|rated|
|rule|HP Percentage Mod: HP is shown in percentages
|rule|Endless Battle Clause: Forcing endless battles is banned
|rule|Species Clause: Limit one of each Pokémon
|rule|OHKO Clause: OHKO moves are banned
|rule|Evasion Items Clause: Evasion items are banned
|rule|Evasion Moves Clause: Evasion moves are banned
|rule|Sleep Moves Clause: Sleep-inducing moves are banned
|clearpoke
|poke|p1|Serperior, F|
|poke|p1|Iron Valiant|
|poke|p1|Darkrai|
|poke|p1|Corviknight, M|
|poke|p1|Great Tusk|
|poke|p1|Dondozo, M|
|poke|p2|Slowking-Galar, M|
|poke|p2|Skeledirge, M|
|poke|p2|Froslass, F|
|poke|p2|Araquanid, M|
|poke|p2|Landorus-Therian, M|
|poke|p2|Great Tusk|
|teampreview
|inactive|Battle timer is ON: inactive players will automatically lose when time's up. (requested by Lodesthard)
|inactive|itsumade mars has 120 seconds left.
|
|t:|1743872593
|start
|switch|p1a: Darkrai|Darkrai, shiny|100/100
|switch|p2a: Slowking|Slowking-Galar, M|100/100
|turn|1
|
|t:|1743872602
|-terastallize|p2a: Slowking|Fairy
|move|p1a: Darkrai|Dark Pulse|p2a: Slowking
|-resisted|p2a: Slowking
|-damage|p2a: Slowking|81/100
|-damage|p1a: Darkrai|91/100|[from] item: Life Orb
|move|p2a: Slowking|Toxic Spikes|p1a: Darkrai
|-sidestart|p1: Lodesthard|move: Toxic Spikes
|
|upkeep
|turn|2
|
|t:|1743872615
|switch|p2a: Skeledirge|Skeledirge, M|100/100
|-terastallize|p1a: Darkrai|Poison
|move|p1a: Darkrai|Sludge Bomb|p2a: Skeledirge
|-resisted|p2a: Skeledirge
|-damage|p2a: Skeledirge|67/100
|-status|p2a: Skeledirge|psn
|-damage|p1a: Darkrai|81/100|[from] item: Life Orb
|
|-damage|p2a: Skeledirge|55/100 psn|[from] psn
|upkeep
|turn|3
|
|t:|1743872640
|switch|p2a: Slowking|Slowking-Galar, M, tera:Fairy|100/100
|move|p1a: Darkrai|Dark Pulse|p2a: Slowking
|-resisted|p2a: Slowking
|-damage|p2a: Slowking|83/100
|-damage|p1a: Darkrai|71/100|[from] item: Life Orb
|
|upkeep
|turn|4
|
|t:|1743872657
|switch|p2a: Araquanid|Araquanid, M|100/100
|move|p1a: Darkrai|Sludge Bomb|p2a: Araquanid
|-damage|p2a: Araquanid|47/100
|-damage|p1a: Darkrai|61/100|[from] item: Life Orb
|
|upkeep
|turn|5
|inactive|itsumade mars has 120 seconds left.
|
|t:|1743872681
|switch|p2a: Landorus|Landorus-Therian, M|100/100
|-ability|p2a: Landorus|Intimidate|boost
|-unboost|p1a: Darkrai|atk|1
|move|p1a: Darkrai|Sludge Bomb|p2a: Landorus
|-resisted|p2a: Landorus
|-damage|p2a: Landorus|61/100
|-damage|p1a: Darkrai|51/100|[from] item: Life Orb
|
|upkeep
|turn|6
|inactive|itsumade mars has 120 seconds left.
|
|t:|1743872690
|switch|p2a: Araquanid|Araquanid, M|47/100
|move|p1a: Darkrai|Ice Beam|p2a: Araquanid
|-resisted|p2a: Araquanid
|-damage|p2a: Araquanid|28/100
|-damage|p1a: Darkrai|41/100|[from] item: Life Orb
|
|upkeep
|turn|7
|inactive|itsumade mars has 120 seconds left.
|
|t:|1743872704
|switch|p2a: Landorus|Landorus-Therian, M|61/100
|-ability|p2a: Landorus|Intimidate|boost
|-unboost|p1a: Darkrai|atk|1
|move|p1a: Darkrai|Sludge Bomb|p2a: Landorus
|-resisted|p2a: Landorus
|-damage|p2a: Landorus|19/100
|-damage|p1a: Darkrai|31/100|[from] item: Life Orb
|
|upkeep
|turn|8
|inactive|itsumade mars has 120 seconds left.
|
|t:|1743872724
|switch|p2a: Araquanid|Araquanid, M|28/100
|move|p1a: Darkrai|Sludge Bomb|p2a: Araquanid
|-damage|p2a: Araquanid|0 fnt
|faint|p2a: Araquanid
|-damage|p1a: Darkrai|21/100|[from] item: Life Orb
|
|upkeep
|
|t:|1743872737
|switch|p2a: Slowking|Slowking-Galar, M, tera:Fairy|100/100
|turn|9
|
|t:|1743872742
|move|p1a: Darkrai|Sludge Bomb|p2a: Slowking
|-supereffective|p2a: Slowking
|-damage|p2a: Slowking|5/100
|-damage|p1a: Darkrai|11/100|[from] item: Life Orb
|-prepare|p2a: Slowking|Chilly Reception|[premajor]
|move|p2a: Slowking|Chilly Reception|p2a: Slowking
|-weather|Snowscape
|
|t:|1743872750
|switch|p2a: Froslass|Froslass, F|100/100|[from] Chilly Reception
|
|-weather|Snowscape|[upkeep]
|upkeep
|turn|10
|
|t:|1743872758
|switch|p2a: Slowking|Slowking-Galar, M, tera:Fairy|39/100
|move|p1a: Darkrai|Dark Pulse|p2a: Slowking
|-resisted|p2a: Slowking
|-damage|p2a: Slowking|18/100
|-damage|p1a: Darkrai|1/100|[from] item: Life Orb
|
|-weather|Snowscape|[upkeep]
|upkeep
|turn|11
|
|t:|1743872769
|move|p1a: Darkrai|Sludge Bomb|p2a: Slowking
|-supereffective|p2a: Slowking
|-damage|p2a: Slowking|0 fnt
|faint|p2a: Slowking
|-damage|p1a: Darkrai|0 fnt|[from] item: Life Orb
|faint|p1a: Darkrai
|
|-weather|Snowscape|[upkeep]
|upkeep
|
|t:|1743872791
|switch|p1a: Iron Valiant|Iron Valiant|100/100
|switch|p2a: Landorus|Landorus-Therian, M|19/100
|-status|p1a: Iron Valiant|psn
|-ability|p2a: Landorus|Intimidate|boost
|-unboost|p1a: Iron Valiant|atk|1
|-enditem|p1a: Iron Valiant|Booster Energy
|-activate|p1a: Iron Valiant|ability: Quark Drive|[fromitem]
|-start|p1a: Iron Valiant|quarkdrivespe
|turn|12
|
|t:|1743872805
|switch|p2a: Skeledirge|Skeledirge, M|55/100 psn
|move|p1a: Iron Valiant|Moonblast|p2a: Skeledirge
|-resisted|p2a: Skeledirge
|-damage|p2a: Skeledirge|32/100 psn
|-unboost|p2a: Skeledirge|spa|1
|
|-weather|Snowscape|[upkeep]
|-damage|p1a: Iron Valiant|88/100 psn|[from] psn
|-damage|p2a: Skeledirge|20/100 psn|[from] psn
|upkeep
|turn|13
|
|t:|1743872816
|move|p1a: Iron Valiant|Moonblast|p2a: Skeledirge
|-resisted|p2a: Skeledirge
|-damage|p2a: Skeledirge|0 fnt
|faint|p2a: Skeledirge
|
|-weather|Snowscape|[upkeep]
|-damage|p1a: Iron Valiant|76/100 psn|[from] psn
|upkeep
|
|t:|1743872819
|switch|p2a: Froslass|Froslass, F|100/100
|turn|14
|
|t:|1743872829
|move|p1a: Iron Valiant|Destiny Bond|p1a: Iron Valiant
|-singlemove|p1a: Iron Valiant|Destiny Bond
|move|p2a: Froslass|Aurora Veil|p2a: Froslass
|-sidestart|p2: itsumade mars|move: Aurora Veil
|
|-weather|Snowscape|[upkeep]
|-damage|p1a: Iron Valiant|63/100 psn|[from] psn
|upkeep
|turn|15
|
|t:|1743872839
|move|p1a: Iron Valiant|Encore|p2a: Froslass
|-start|p2a: Froslass|Encore
|move|p2a: Froslass|Aurora Veil||[still]
|-fail|p2a: Froslass
|
|-weather|Snowscape|[upkeep]
|-damage|p1a: Iron Valiant|51/100 psn|[from] psn
|upkeep
|turn|16
|-message|itsumade mars forfeited.
|
|win|Lodesthard
|raw|Lodesthard's rating: 1207 &rarr; <strong>1233</strong><br />(+26 for winning)
|raw|itsumade mars's rating: 1215 &rarr; <strong>1189</strong><br />(-26 for losing)
|l|☆Lodesthard
|player|p1|
|l|‽itsumade mars
|player|p2|
