|j|☆Coldwiii
|j|☆Dr. Drake6782
|t:|1743796291
|gametype|singles
|player|p1|Coldwiii|wattson|1514
|player|p2|Dr. Drake6782|lance-lgpe|1497
|teamsize|p1|6
|teamsize|p2|6
|gen|9
|tier|[Gen 9] OU
|rated|
|rule|HP Percentage Mod: HP is shown in percentages
|rule|Endless Battle Clause: Forcing endless battles is banned
|rule|Species Clause: Limit one of each Pokémon
|rule|OHKO Clause: OHKO moves are banned
|rule|Evasion Items Clause: Evasion items are banned
|rule|Evasion Moves Clause: Evasion moves are banned
|rule|Sleep Moves Clause: Sleep-inducing moves are banned
|clearpoke
|poke|p1|Comfey, M|
|poke|p1|Whimsicott, F|
|poke|p1|Iron Moth|
|poke|p1|Walking Wake|
|poke|p1|Great Tusk|
|poke|p1|Ninetales, M|
|poke|p2|Dragonite, F|
|poke|p2|Ting-Lu|
|poke|p2|Gholdengo|
|poke|p2|Iron Valiant|
|poke|p2|Zamazenta-*|
|poke|p2|Kingambit, F|
|teampreview
|inactive|Battle timer is ON: inactive players will automatically lose when time's up. (requested by Dr. Drake6782)
|c|☆Coldwiii|glhf
|inactive|Dr. Drake6782 has 120 seconds left.
|c|☆Dr. Drake6782|ok nigeta
|
|t:|1743796338
|start
|switch|p1a: Ninetales|Ninetales, M|100/100
|switch|p2a: Ting-Lu|Ting-Lu|100/100
|-weather|SunnyDay|[from] ability: Drought|[of] p1a: Ninetales
|-ability|p2a: Ting-Lu|Vessel of Ruin
|turn|1
|
|t:|1743796359
|move|p1a: Ninetales|Will-O-Wisp|p2a: Ting-Lu|[miss]
|-miss|p1a: Ninetales|p2a: Ting-Lu
|move|p2a: Ting-Lu|Stealth Rock|p1a: Ninetales
|-sidestart|p1: Coldwiii|move: Stealth Rock
|
|-weather|SunnyDay|[upkeep]
|upkeep
|turn|2
|c|☆Coldwiii|bruh
|
|t:|1743796372
|move|p1a: Ninetales|Will-O-Wisp|p2a: Ting-Lu
|-status|p2a: Ting-Lu|brn
|move|p2a: Ting-Lu|Earthquake|p1a: Ninetales
|-supereffective|p1a: Ninetales
|-crit|p1a: Ninetales
|-damage|p1a: Ninetales|36/100
|
|-weather|SunnyDay|[upkeep]
|-damage|p2a: Ting-Lu|94/100 brn|[from] brn
|upkeep
|turn|3
|c|☆Dr. Drake6782|its ok nigeta
|c|☆Dr. Drake6782|lol
|
|t:|1743796385
|switch|p1a: Great Tusk|Great Tusk|100/100
|-damage|p1a: Great Tusk|98/100|[from] Stealth Rock
|-activate|p1a: Great Tusk|ability: Protosynthesis
|-start|p1a: Great Tusk|protosynthesisspe
|move|p2a: Ting-Lu|Earthquake|p1a: Great Tusk
|-damage|p1a: Great Tusk|85/100
|
|-weather|SunnyDay|[upkeep]
|-damage|p2a: Ting-Lu|88/100 brn|[from] brn
|upkeep
|turn|4
|
|t:|1743796396
|move|p1a: Great Tusk|Ice Spinner|p2a: Ting-Lu
|-supereffective|p2a: Ting-Lu
|-crit|p2a: Ting-Lu
|-damage|p2a: Ting-Lu|51/100 brn
|-enditem|p2a: Ting-Lu|Red Card|[of] p1a: Great Tusk
|-end|p1a: Great Tusk|Protosynthesis|[silent]
|drag|p1a: Comfey|Comfey, M|100/100
|-damage|p1a: Comfey|88/100|[from] Stealth Rock
|move|p2a: Ting-Lu|Ruination|p1a: Comfey
|-damage|p1a: Comfey|44/100
|
|-weather|SunnyDay|[upkeep]
|-damage|p2a: Ting-Lu|45/100 brn|[from] brn
|upkeep
|turn|5
|c|☆Dr. Drake6782|choose ur next move wisely
|c|☆Dr. Drake6782|good job
|
|t:|1743796408
|move|p1a: Comfey|Growth|p1a: Comfey
|-boost|p1a: Comfey|atk|2
|-boost|p1a: Comfey|spa|2
|move|p2a: Ting-Lu|Taunt|p1a: Comfey
|-start|p1a: Comfey|move: Taunt
|
|-weather|SunnyDay|[upkeep]
|-damage|p2a: Ting-Lu|39/100 brn|[from] brn
|upkeep
|turn|6
|
|t:|1743796416
|move|p1a: Comfey|Draining Kiss|p2a: Ting-Lu
|-supereffective|p2a: Ting-Lu
|-damage|p2a: Ting-Lu|0 fnt
|-heal|p1a: Comfey|93/100|[from] drain|[of] p2a: Ting-Lu
|faint|p2a: Ting-Lu
|-damage|p1a: Comfey|83/100|[from] item: Life Orb
|
|-weather|SunnyDay|[upkeep]
|upkeep
|
|t:|1743796419
|switch|p2a: Gholdengo|Gholdengo|100/100
|-item|p2a: Gholdengo|Air Balloon
|turn|7
|c|☆Dr. Drake6782|stored power won't do shi rn
|
|t:|1743796436
|move|p2a: Gholdengo|Shadow Ball|p1a: Comfey
|-damage|p1a: Comfey|43/100
|move|p1a: Comfey|Stored Power|p2a: Gholdengo
|-resisted|p2a: Gholdengo
|-damage|p2a: Gholdengo|56/100
|-enditem|p2a: Gholdengo|Air Balloon
|-damage|p1a: Comfey|33/100|[from] item: Life Orb
|
|-weather|SunnyDay|[upkeep]
|upkeep
|turn|8
|
|t:|1743796446
|-terastallize|p1a: Comfey|Water
|move|p1a: Comfey|Draining Kiss|p2a: Gholdengo
|-resisted|p2a: Gholdengo
|-damage|p2a: Gholdengo|23/100
|-heal|p1a: Comfey|59/100|[from] drain|[of] p2a: Gholdengo
|-damage|p1a: Comfey|49/100|[from] item: Life Orb
|move|p2a: Gholdengo|Shadow Ball|p1a: Comfey
|-damage|p1a: Comfey|9/100
|
|-weather|none
|-end|p1a: Comfey|move: Taunt
|upkeep
|turn|9
|
|t:|1743796460
|move|p1a: Comfey|Synthesis|p1a: Comfey
|-heal|p1a: Comfey|59/100
|move|p2a: Gholdengo|Shadow Ball|p1a: Comfey
|-damage|p1a: Comfey|18/100
|-unboost|p1a: Comfey|spd|1
|
|upkeep
|turn|10
|
|t:|1743796467
|move|p1a: Comfey|Draining Kiss|p2a: Gholdengo
|-resisted|p2a: Gholdengo
|-damage|p2a: Gholdengo|0 fnt
|-heal|p1a: Comfey|36/100|[from] drain|[of] p2a: Gholdengo
|faint|p2a: Gholdengo
|-damage|p1a: Comfey|26/100|[from] item: Life Orb
|
|upkeep
|
|t:|1743796478
|switch|p2a: Kingambit|Kingambit, F|100/100
|-activate|p2a: Kingambit|ability: Supreme Overlord
|-start|p2a: Kingambit|fallen2|[silent]
|turn|11
|
|t:|1743796486
|move|p1a: Comfey|Synthesis|p1a: Comfey
|-heal|p1a: Comfey|76/100
|move|p2a: Kingambit|Kowtow Cleave|p1a: Comfey
|-damage|p1a: Comfey|7/100
|
|upkeep
|turn|12
|
|t:|1743796492
|move|p1a: Comfey|Synthesis|p1a: Comfey
|-heal|p1a: Comfey|57/100
|move|p2a: Kingambit|Kowtow Cleave|p1a: Comfey
|-damage|p1a: Comfey|0 fnt
|faint|p1a: Comfey
|
|upkeep
|c|☆Dr. Drake6782|ok nigeta
|
|t:|1743796499
|switch|p1a: Great Tusk|Great Tusk|85/100
|-damage|p1a: Great Tusk|82/100|[from] Stealth Rock
|turn|13
|
|t:|1743796504
|-end|p2a: Kingambit|fallen2|[silent]
|switch|p2a: Zamazenta|Zamazenta|100/100
|-ability|p2a: Zamazenta|Dauntless Shield|boost
|-boost|p2a: Zamazenta|def|1
|move|p1a: Great Tusk|Rapid Spin|p2a: Zamazenta
|-damage|p2a: Zamazenta|91/100
|-boost|p1a: Great Tusk|spe|1
|-sideend|p1: Coldwiii|Stealth Rock|[from] move: Rapid Spin|[of] p1a: Great Tusk
|
|upkeep
|turn|14
|
|t:|1743796511
|move|p1a: Great Tusk|Stealth Rock|p2a: Zamazenta
|-sidestart|p2: Dr. Drake6782|move: Stealth Rock
|move|p2a: Zamazenta|Howl|p2a: Zamazenta
|-boost|p2a: Zamazenta|atk|1
|
|upkeep
|turn|15
|
|t:|1743796528
|-end|p1a: Great Tusk|Protosynthesis|[silent]
|switch|p1a: Ninetales|Ninetales, M|36/100
|-weather|SunnyDay|[from] ability: Drought|[of] p1a: Ninetales
|move|p2a: Zamazenta|Howl|p2a: Zamazenta
|-boost|p2a: Zamazenta|atk|1
|
|-weather|SunnyDay|[upkeep]
|upkeep
|turn|16
|
|t:|1743796536
|move|p2a: Zamazenta|Crunch|p1a: Ninetales
|-damage|p1a: Ninetales|0 fnt
|faint|p1a: Ninetales
|
|-weather|SunnyDay|[upkeep]
|upkeep
|
|t:|1743796550
|switch|p1a: Whimsicott|Whimsicott, F|100/100
|turn|17
|
|t:|1743796554
|-terastallize|p2a: Zamazenta|Fire
|move|p1a: Whimsicott|Growth|p1a: Whimsicott
|-boost|p1a: Whimsicott|atk|2
|-boost|p1a: Whimsicott|spa|2
|move|p2a: Zamazenta|Ice Fang|p1a: Whimsicott
|-supereffective|p1a: Whimsicott
|-damage|p1a: Whimsicott|0 fnt
|faint|p1a: Whimsicott
|
|-weather|SunnyDay|[upkeep]
|upkeep
|
|t:|1743796563
|switch|p1a: Walking Wake|Walking Wake|100/100
|-activate|p1a: Walking Wake|ability: Protosynthesis
|-start|p1a: Walking Wake|protosynthesisspe
|turn|18
|c|☆Dr. Drake6782|why did u not click moonblast
|c|☆Dr. Drake6782|a blast of the moon
|
|t:|1743796581
|move|p1a: Walking Wake|Hydro Steam|p2a: Zamazenta
|-supereffective|p2a: Zamazenta
|-damage|p2a: Zamazenta|0 fnt
|faint|p2a: Zamazenta
|
|-weather|SunnyDay|[upkeep]
|upkeep
|
|t:|1743796584
|switch|p2a: Dragonite|Dragonite, F|100/100
|turn|19
|inactive|Coldwiii has 120 seconds left.
|
|t:|1743796626
|move|p1a: Walking Wake|Draco Meteor|p2a: Dragonite|[miss]
|-miss|p1a: Walking Wake|p2a: Dragonite
|move|p2a: Dragonite|Dragon Dance|p2a: Dragonite
|-boost|p2a: Dragonite|atk|1
|-boost|p2a: Dragonite|spe|1
|
|-weather|SunnyDay|[upkeep]
|upkeep
|turn|20
|inactive|Coldwiii has 90 seconds left.
|c|☆Dr. Drake6782|ruba ]
|c|☆Dr. Drake6782|yara me kya karue
|c|☆Coldwiii|gg
|-message|Coldwiii forfeited.
|
|win|Dr. Drake6782
|raw|Coldwiii's rating: 1514 &rarr; <strong>1493</strong><br />(-21 for losing)
|raw|Dr. Drake6782's rating: 1497 &rarr; <strong>1518</strong><br />(+21 for winning)
|l|☆Coldwiii
|player|p1|
