|j|☆proman123lol
|j|☆iufewal
|t:|1743783839
|gametype|singles
|player|p1|proman123lol|101|1122
|player|p2|iufewal|collector|1107
|teamsize|p1|6
|teamsize|p2|6
|gen|9
|tier|[Gen 9] OU
|rated|
|rule|HP Percentage Mod: HP is shown in percentages
|rule|Endless Battle Clause: Forcing endless battles is banned
|rule|Species Clause: Limit one of each Pokémon
|rule|OHKO Clause: OHKO moves are banned
|rule|Evasion Items Clause: Evasion items are banned
|rule|Evasion Moves Clause: Evasion moves are banned
|rule|Sleep Moves Clause: Sleep-inducing moves are banned
|clearpoke
|poke|p1|Gliscor, F|
|poke|p1|Blaziken, F|
|poke|p1|Regidrago|
|poke|p1|Sunflora, F|
|poke|p1|Lapras, F|
|poke|p1|Kingambit, M|
|poke|p2|Blissey, F|
|poke|p2|Amoonguss, F|
|poke|p2|Bronzong|
|poke|p2|Gliscor, F|
|poke|p2|Dondozo, F|
|poke|p2|Alomomola, F|
|teampreview
|
|t:|1743783848
|start
|switch|p1a: Gliscor|Gliscor, F|100/100
|switch|p2a: Gliscor|Gliscor, F|100/100
|turn|1
|
|t:|1743783853
|move|p2a: Gliscor|Protect|p2a: Gliscor
|-singleturn|p2a: Gliscor|Protect
|move|p1a: Gliscor|Knock Off|p2a: Gliscor
|-activate|p2a: Gliscor|move: Protect
|
|-status|p2a: Gliscor|tox|[from] item: Toxic Orb
|upkeep
|turn|2
|
|t:|1743783867
|move|p1a: Gliscor|Knock Off|p2a: Gliscor
|-damage|p2a: Gliscor|77/100 tox
|-enditem|p2a: Gliscor|Toxic Orb|[from] move: Knock Off|[of] p1a: Gliscor
|move|p2a: Gliscor|Knock Off|p1a: Gliscor
|-damage|p1a: Gliscor|81/100
|-enditem|p1a: Gliscor|Heavy-Duty Boots|[from] move: Knock Off|[of] p2a: Gliscor
|
|-heal|p2a: Gliscor|90/100 tox|[from] ability: Poison Heal
|upkeep
|turn|3
|
|t:|1743783878
|move|p1a: Gliscor|Rock Slide|p2a: Gliscor
|-damage|p2a: Gliscor|74/100 tox
|move|p2a: Gliscor|Spikes|p1a: Gliscor
|-sidestart|p1: proman123lol|Spikes
|
|-heal|p2a: Gliscor|86/100 tox|[from] ability: Poison Heal
|upkeep
|turn|4
|
|t:|1743783885
|move|p1a: Gliscor|Knock Off|p2a: Gliscor
|-damage|p2a: Gliscor|71/100 tox
|move|p2a: Gliscor|Spikes|p1a: Gliscor
|-sidestart|p1: proman123lol|Spikes
|
|-heal|p2a: Gliscor|83/100 tox|[from] ability: Poison Heal
|upkeep
|turn|5
|
|t:|1743783896
|switch|p1a: Lapras|Lapras, F|100/100
|move|p2a: Gliscor|Spikes|p1a: Lapras
|-sidestart|p1: proman123lol|Spikes
|
|-heal|p2a: Gliscor|96/100 tox|[from] ability: Poison Heal
|upkeep
|turn|6
|
|t:|1743783907
|switch|p2a: Alomomola|Alomomola, F|100/100
|move|p1a: Lapras|Dragon Dance|p1a: Lapras
|-boost|p1a: Lapras|atk|1
|-boost|p1a: Lapras|spe|1
|
|upkeep
|turn|7
|
|t:|1743783913
|move|p1a: Lapras|Freeze-Dry|p2a: Alomomola
|-supereffective|p2a: Alomomola
|-damage|p2a: Alomomola|50/100
|move|p2a: Alomomola|Flip Turn|p1a: Lapras
|-immune|p1a: Lapras|[from] ability: Water Absorb
|
|upkeep
|turn|8
|
|t:|1743783920
|switch|p2a: Dondozo|Dondozo, F|100/100
|move|p1a: Lapras|Dragon Dance|p1a: Lapras
|-boost|p1a: Lapras|atk|1
|-boost|p1a: Lapras|spe|1
|
|upkeep
|turn|9
|
|t:|1743783934
|-terastallize|p2a: Dondozo|Fighting
|move|p1a: Lapras|Freeze-Dry|p2a: Dondozo
|-damage|p2a: Dondozo|71/100
|-status|p2a: Dondozo|frz
|cant|p2a: Dondozo|frz
|
|upkeep
|turn|10
|
|t:|1743783942
|move|p1a: Lapras|Alluring Voice|p2a: Dondozo
|-supereffective|p2a: Dondozo
|-damage|p2a: Dondozo|27/100 frz
|cant|p2a: Dondozo|frz
|
|upkeep
|turn|11
|
|t:|1743783950
|switch|p2a: Bronzong|Bronzong|100/100
|move|p1a: Lapras|Alluring Voice|p2a: Bronzong
|-resisted|p2a: Bronzong
|-damage|p2a: Bronzong|93/100
|
|-heal|p2a: Bronzong|99/100|[from] item: Leftovers
|upkeep
|turn|12
|
|t:|1743783962
|move|p1a: Lapras|Hydro Pump|p2a: Bronzong
|-damage|p2a: Bronzong|69/100
|move|p2a: Bronzong|Body Press|p1a: Lapras
|-supereffective|p1a: Lapras
|-damage|p1a: Lapras|60/100
|
|-heal|p2a: Bronzong|75/100|[from] item: Leftovers
|upkeep
|turn|13
|
|t:|1743783976
|switch|p1a: Blaziken|Blaziken, F|100/100
|-damage|p1a: Blaziken|76/100|[from] Spikes
|switch|p2a: Blissey|Blissey, F|100/100
|
|-heal|p1a: Blaziken|82/100|[from] item: Leftovers
|upkeep
|turn|14
|
|t:|1743783989
|switch|p2a: Dondozo|Dondozo, F, tera:Fighting|27/100 frz
|move|p1a: Blaziken|Focus Blast|p2a: Dondozo
|-damage|p2a: Dondozo|0 fnt
|faint|p2a: Dondozo
|
|-heal|p1a: Blaziken|88/100|[from] item: Leftovers
|-ability|p1a: Blaziken|Speed Boost|boost
|-boost|p1a: Blaziken|spe|1
|upkeep
|
|t:|1743783998
|switch|p2a: Gliscor|Gliscor, F|96/100 tox
|turn|15
|
|t:|1743784011
|switch|p1a: Sunflora|Sunflora, F|100/100
|-damage|p1a: Sunflora|76/100|[from] Spikes
|move|p2a: Gliscor|Earthquake|p1a: Sunflora
|-resisted|p1a: Sunflora
|-damage|p1a: Sunflora|49/100
|
|-heal|p2a: Gliscor|100/100 tox|[from] ability: Poison Heal
|upkeep
|turn|16
|
|t:|1743784021
|move|p2a: Gliscor|Knock Off|p1a: Sunflora
|-damage|p1a: Sunflora|17/100
|-damage|p2a: Gliscor|84/100 tox|[from] item: Rocky Helmet|[of] p1a: Sunflora
|-enditem|p1a: Sunflora|Rocky Helmet|[from] move: Knock Off|[of] p2a: Gliscor
|move|p1a: Sunflora|Leech Seed|p2a: Gliscor
|-start|p2a: Gliscor|move: Leech Seed
|
|-damage|p2a: Gliscor|72/100 tox|[from] Leech Seed|[of] p1a: Sunflora
|-heal|p1a: Sunflora|30/100|[silent]
|-heal|p2a: Gliscor|84/100 tox|[from] ability: Poison Heal
|upkeep
|turn|17
|
|t:|1743784031
|switch|p2a: Amoonguss|Amoonguss, F|100/100
|move|p1a: Sunflora|Synthesis|p1a: Sunflora
|-heal|p1a: Sunflora|80/100
|
|upkeep
|turn|18
|
|t:|1743784038
|move|p1a: Sunflora|Sunny Day|p1a: Sunflora
|-weather|SunnyDay
|move|p2a: Amoonguss|Toxic|p1a: Sunflora
|-status|p1a: Sunflora|tox
|
|-weather|SunnyDay|[upkeep]
|-damage|p1a: Sunflora|73/100 tox|[from] psn
|upkeep
|turn|19
|
|t:|1743784044
|switch|p2a: Blissey|Blissey, F|100/100
|move|p1a: Sunflora|Weather Ball|p2a: Blissey
|-damage|p2a: Blissey|90/100
|
|-weather|SunnyDay|[upkeep]
|-damage|p1a: Sunflora|61/100 tox|[from] psn
|upkeep
|turn|20
|
|t:|1743784053
|move|p1a: Sunflora|Leech Seed|p2a: Blissey
|-start|p2a: Blissey|move: Leech Seed
|move|p2a: Blissey|Seismic Toss|p1a: Sunflora
|-damage|p1a: Sunflora|33/100 tox
|
|-weather|SunnyDay|[upkeep]
|-damage|p2a: Blissey|78/100|[from] Leech Seed|[of] p1a: Sunflora
|-heal|p1a: Sunflora|56/100 tox|[silent]
|-damage|p1a: Sunflora|37/100 tox|[from] psn
|upkeep
|turn|21
|
|t:|1743784061
|move|p1a: Sunflora|Synthesis|p1a: Sunflora
|-heal|p1a: Sunflora|100/100 tox
|move|p2a: Blissey|Soft-Boiled|p2a: Blissey
|-heal|p2a: Blissey|100/100
|
|-weather|SunnyDay|[upkeep]
|-damage|p2a: Blissey|88/100|[from] Leech Seed|[of] p1a: Sunflora
|-damage|p1a: Sunflora|76/100 tox|[from] psn
|upkeep
|turn|22
|
|t:|1743784070
|switch|p2a: Alomomola|Alomomola, F|83/100
|move|p1a: Sunflora|Weather Ball|p2a: Alomomola
|-resisted|p2a: Alomomola
|-damage|p2a: Alomomola|67/100
|
|-weather|none
|-damage|p1a: Sunflora|45/100 tox|[from] psn
|upkeep
|turn|23
|
|t:|1743784078
|move|p1a: Sunflora|Synthesis|p1a: Sunflora
|-heal|p1a: Sunflora|95/100 tox
|move|p2a: Alomomola|Wish|p2a: Alomomola
|
|-damage|p1a: Sunflora|57/100 tox|[from] psn
|upkeep
|turn|24
|
|t:|1743784083
|switch|p2a: Bronzong|Bronzong|75/100
|move|p1a: Sunflora|Leech Seed|p2a: Bronzong
|-start|p2a: Bronzong|move: Leech Seed
|
|-heal|p2a: Bronzong|100/100|[from] move: Wish|[wisher] Alomomola
|-damage|p2a: Bronzong|88/100|[from] Leech Seed|[of] p1a: Sunflora
|-heal|p1a: Sunflora|69/100 tox|[silent]
|-damage|p1a: Sunflora|26/100 tox|[from] psn
|upkeep
|turn|25
|
|t:|1743784095
|switch|p2a: Amoonguss|Amoonguss, F|100/100
|move|p1a: Sunflora|Sunny Day|p1a: Sunflora
|-weather|SunnyDay
|
|-weather|SunnyDay|[upkeep]
|-damage|p1a: Sunflora|0 fnt|[from] psn
|faint|p1a: Sunflora
|upkeep
|
|t:|1743784101
|switch|p1a: Blaziken|Blaziken, F|88/100
|-damage|p1a: Blaziken|63/100|[from] Spikes
|turn|26
|
|t:|1743784109
|switch|p2a: Blissey|Blissey, F|88/100
|move|p1a: Blaziken|Swords Dance|p1a: Blaziken
|-boost|p1a: Blaziken|atk|2
|
|-weather|SunnyDay|[upkeep]
|-heal|p1a: Blaziken|69/100|[from] item: Leftovers
|-ability|p1a: Blaziken|Speed Boost|boost
|-boost|p1a: Blaziken|spe|1
|upkeep
|turn|27
|
|t:|1743784118
|switch|p2a: Gliscor|Gliscor, F|84/100 tox
|move|p1a: Blaziken|Blaze Kick|p2a: Gliscor
|-damage|p2a: Gliscor|0 fnt
|faint|p2a: Gliscor
|
|-weather|SunnyDay|[upkeep]
|-heal|p1a: Blaziken|75/100|[from] item: Leftovers
|-ability|p1a: Blaziken|Speed Boost|boost
|-boost|p1a: Blaziken|spe|1
|upkeep
|
|t:|1743784126
|switch|p2a: Alomomola|Alomomola, F|99/100
|turn|28
|
|t:|1743784130
|move|p1a: Blaziken|Focus Blast|p2a: Alomomola
|-crit|p2a: Alomomola
|-damage|p2a: Alomomola|41/100
|move|p2a: Alomomola|Flip Turn|p1a: Blaziken
|-supereffective|p1a: Blaziken
|-damage|p1a: Blaziken|46/100
|-message|iufewal forfeited.
|
|win|proman123lol
|raw|proman123lol's rating: 1122 &rarr; <strong>1146</strong><br />(+24 for winning)
|raw|iufewal's rating: 1107 &rarr; <strong>1083</strong><br />(-24 for losing)
|l|☆iufewal
|player|p2|
|l|☆proman123lol
|player|p1|
