|j|☆tapu moxo
|j|☆Dr.Jean Pepper
|t:|1743938796
|gametype|singles
|player|p1|tapu moxo|yellow|1419
|player|p2|Dr.Jean Pepper|erika-lgpe|1417
|teamsize|p1|6
|teamsize|p2|6
|gen|9
|tier|[Gen 9] OU
|rated|
|rule|HP Percentage Mod: HP is shown in percentages
|rule|Endless Battle Clause: Forcing endless battles is banned
|rule|Species Clause: Limit one of each Pokémon
|rule|OHKO Clause: OHKO moves are banned
|rule|Evasion Items Clause: Evasion items are banned
|rule|Evasion Moves Clause: Evasion moves are banned
|rule|Sleep Moves Clause: Sleep-inducing moves are banned
|clearpoke
|poke|p1|Ceruledge, F|
|poke|p1|Raging Bolt|
|poke|p1|Kingambit, F|
|poke|p1|Enamorus, F|
|poke|p1|Great Tusk|
|poke|p1|Araquanid, F|
|poke|p2|Raging Bolt|
|poke|p2|Iron Moth|
|poke|p2|Great Tusk|
|poke|p2|Weavile, M|
|poke|p2|Forretress, M|
|poke|p2|Cinderace, M|
|teampreview
|inactive|Battle timer is ON: inactive players will automatically lose when time's up. (requested by Dr.Jean Pepper)
|
|t:|1743938799
|start
|switch|p1a: Araquanid|Araquanid, F|100/100
|switch|p2a: Old but Good|Forretress, M, shiny|100/100
|turn|1
|
|t:|1743938806
|move|p1a: Araquanid|Surf|p2a: Old but Good
|-damage|p2a: Old but Good|28/100
|move|p2a: Old but Good|Stealth Rock|p1a: Araquanid
|-sidestart|p1: tapu moxo|move: Stealth Rock
|
|upkeep
|turn|2
|
|t:|1743938814
|move|p1a: Araquanid|Surf|p2a: Old but Good
|-damage|p2a: Old but Good|0 fnt
|faint|p2a: Old but Good
|
|upkeep
|
|t:|1743938820
|switch|p2a: Neck game $100|Raging Bolt|100/100
|turn|3
|inactive|tapu moxo has 120 seconds left.
|
|t:|1743938855
|move|p2a: Neck game $100|Draco Meteor|p1a: Araquanid
|-damage|p1a: Araquanid|36/100
|-unboost|p2a: Neck game $100|spa|2
|move|p1a: Araquanid|Sticky Web|p2a: Neck game $100
|-sidestart|p2: Dr.Jean Pepper|move: Sticky Web
|
|upkeep
|turn|4
|inactive|tapu moxo has 120 seconds left.
|inactive|tapu moxo has 90 seconds left.
|
|t:|1743938903
|move|p1a: Araquanid|Endure|p1a: Araquanid
|-singleturn|p1a: Araquanid|move: Endure
|move|p2a: Neck game $100|Thunderbolt|p1a: Araquanid
|-supereffective|p1a: Araquanid
|-activate|p1a: Araquanid|move: Endure
|-damage|p1a: Araquanid|1/100
|
|upkeep
|turn|5
|-enditem|p1a: Araquanid|Custap Berry|[eat]
|-activate|p1a: Araquanid|item: Custap Berry|[consumed]
|
|t:|1743938911
|move|p2a: Neck game $100|Thunderclap|p1a: Araquanid
|-supereffective|p1a: Araquanid
|-damage|p1a: Araquanid|0 fnt
|faint|p1a: Araquanid
|
|upkeep
|
|t:|1743938919
|switch|p1a: Great Tusk|Great Tusk|100/100
|turn|6
|
|t:|1743938925
|-end|p2a: Neck game $100|Protosynthesis|[silent]
|switch|p2a: Fire playboy|Cinderace, M|100/100
|move|p1a: Great Tusk|Rapid Spin|p2a: Fire playboy
|-damage|p2a: Fire playboy|77/100
|-boost|p1a: Great Tusk|spe|1
|-sideend|p1: tapu moxo|Stealth Rock|[from] move: Rapid Spin|[of] p1a: Great Tusk
|
|upkeep
|turn|7
|
|t:|1743938938
|move|p1a: Great Tusk|Headlong Rush|p2a: Fire playboy
|-supereffective|p2a: Fire playboy
|-damage|p2a: Fire playboy|0 fnt
|-unboost|p1a: Great Tusk|def|1
|-unboost|p1a: Great Tusk|spd|1
|faint|p2a: Fire playboy
|
|upkeep
|
|t:|1743938945
|switch|p2a: Silly Lad|Weavile, M|100/100
|-activate|p2a: Silly Lad|move: Sticky Web
|-unboost|p2a: Silly Lad|spe|1
|-ability|p2a: Silly Lad|Pressure
|turn|8
|
|t:|1743938960
|move|p2a: Silly Lad|Ice Shard|p1a: Great Tusk
|-supereffective|p1a: Great Tusk
|-damage|p1a: Great Tusk|39/100
|move|p1a: Great Tusk|Headlong Rush|p2a: Silly Lad
|-damage|p2a: Silly Lad|0 fnt
|-unboost|p1a: Great Tusk|def|1
|-unboost|p1a: Great Tusk|spd|1
|faint|p2a: Silly Lad
|
|upkeep
|
|t:|1743938968
|switch|p2a: Ultra Tusk|Great Tusk|100/100
|-activate|p2a: Ultra Tusk|move: Sticky Web
|-unboost|p2a: Ultra Tusk|spe|1
|turn|9
|
|t:|1743938981
|-end|p1a: Great Tusk|Protosynthesis|[silent]
|switch|p1a: Ceruledge|Ceruledge, F|100/100
|move|p2a: Ultra Tusk|Ice Spinner|p1a: Ceruledge
|-resisted|p1a: Ceruledge
|-damage|p1a: Ceruledge|78/100
|-ability|p1a: Ceruledge|Weak Armor|boost
|-unboost|p1a: Ceruledge|def|1
|-boost|p1a: Ceruledge|spe|2
|
|upkeep
|turn|10
|
|t:|1743938989
|move|p1a: Ceruledge|Bitter Blade|p2a: Ultra Tusk
|-damage|p2a: Ultra Tusk|63/100
|-heal|p1a: Ceruledge|100/100|[from] drain|[of] p2a: Ultra Tusk
|-damage|p1a: Ceruledge|84/100|[from] item: Rocky Helmet|[of] p2a: Ultra Tusk
|move|p2a: Ultra Tusk|Earthquake|p1a: Ceruledge
|-supereffective|p1a: Ceruledge
|-damage|p1a: Ceruledge|0 fnt
|faint|p1a: Ceruledge
|
|upkeep
|
|t:|1743939005
|switch|p1a: Raging Bolt|Raging Bolt|100/100
|-enditem|p1a: Raging Bolt|Booster Energy
|-activate|p1a: Raging Bolt|ability: Protosynthesis|[fromitem]
|-start|p1a: Raging Bolt|protosynthesisspa
|turn|11
|
|t:|1743939013
|move|p1a: Raging Bolt|Dragon Pulse|p2a: Ultra Tusk
|-damage|p2a: Ultra Tusk|0 fnt
|faint|p2a: Ultra Tusk
|-end|p2a: Ultra Tusk|Protosynthesis|[silent]
|
|upkeep
|
|t:|1743939018
|switch|p2a: Neck game $100|Raging Bolt|100/100
|-activate|p2a: Neck game $100|move: Sticky Web
|-unboost|p2a: Neck game $100|spe|1
|turn|12
|
|t:|1743939024
|-terastallize|p1a: Raging Bolt|Fairy
|-terastallize|p2a: Neck game $100|Fairy
|move|p1a: Raging Bolt|Calm Mind|p1a: Raging Bolt
|-boost|p1a: Raging Bolt|spa|1
|-boost|p1a: Raging Bolt|spd|1
|move|p2a: Neck game $100|Tera Blast|p1a: Raging Bolt|[anim] Tera Blast Fairy
|-damage|p1a: Raging Bolt|68/100
|
|upkeep
|turn|13
|
|t:|1743939035
|move|p2a: Neck game $100|Thunderclap|p1a: Raging Bolt
|-damage|p1a: Raging Bolt|41/100
|move|p1a: Raging Bolt|Thunderbolt|p2a: Neck game $100
|-damage|p2a: Neck game $100|39/100
|-status|p2a: Neck game $100|par
|
|upkeep
|turn|14
|
|t:|1743939041
|move|p1a: Raging Bolt|Thunderbolt|p2a: Neck game $100
|-damage|p2a: Neck game $100|0 fnt
|faint|p2a: Neck game $100
|-end|p2a: Neck game $100|Protosynthesis|[silent]
|
|upkeep
|-message|Dr.Jean Pepper forfeited.
|
|win|tapu moxo
|raw|tapu moxo's rating: 1419 &rarr; <strong>1439</strong><br />(+20 for winning)
|raw|Dr.Jean Pepper's rating: 1417 &rarr; <strong>1397</strong><br />(-20 for losing)
|l|☆Dr.Jean Pepper
|player|p2|
|l|☆tapu moxo
|player|p1|
