|j|☆Fraserb23
|j|☆salgaiii404
|t:|1743833965
|gametype|singles
|player|p1|Fraserb23|flint|1700
|player|p2|salgaiii404|lady|1702
|teamsize|p1|6
|teamsize|p2|6
|gen|9
|tier|[Gen 9] OU
|rated|
|rule|HP Percentage Mod: HP is shown in percentages
|rule|Endless Battle Clause: Forcing endless battles is banned
|rule|Species Clause: Limit one of each Pokémon
|rule|OHKO Clause: OHKO moves are banned
|rule|Evasion Items Clause: Evasion items are banned
|rule|Evasion Moves Clause: Evasion moves are banned
|rule|Sleep Moves Clause: Sleep-inducing moves are banned
|clearpoke
|poke|p1|Zamazenta-*|
|poke|p1|Iron Valiant|
|poke|p1|Raging Bolt|
|poke|p1|Pecharunt|
|poke|p1|Darkrai|
|poke|p1|Kingambit, F|
|poke|p2|Tauros-Paldea-Blaze, M|
|poke|p2|Kingambit, M|
|poke|p2|Ting-Lu|
|poke|p2|Pecharunt|
|poke|p2|Ogerpon-Wellspring, F|
|poke|p2|Great Tusk|
|teampreview
|inactive|Battle timer is ON: inactive players will automatically lose when time's up. (requested by salgaiii404)
|
|t:|1743833980
|start
|switch|p1a: Raging Bolt|Raging Bolt|100/100
|switch|p2a: Ting-Lu|Ting-Lu|100/100
|-ability|p2a: Ting-Lu|Vessel of Ruin
|-enditem|p1a: Raging Bolt|Booster Energy
|-activate|p1a: Raging Bolt|ability: Protosynthesis|[fromitem]
|-start|p1a: Raging Bolt|protosynthesisspa
|turn|1
|
|t:|1743833991
|-end|p1a: Raging Bolt|Protosynthesis|[silent]
|switch|p1a: Runt|Pecharunt|100/100
|-item|p1a: Runt|Air Balloon
|move|p2a: Ting-Lu|Earthquake|p1a: Runt
|-immune|p1a: Runt
|
|upkeep
|turn|2
|
|t:|1743833996
|move|p1a: Runt|Malignant Chain|p2a: Ting-Lu
|-resisted|p2a: Ting-Lu
|-damage|p2a: Ting-Lu|92/100
|move|p2a: Ting-Lu|Stealth Rock|p1a: Runt
|-sidestart|p1: Fraserb23|move: Stealth Rock
|
|-heal|p2a: Ting-Lu|98/100|[from] item: Leftovers
|upkeep
|turn|3
|
|t:|1743834002
|move|p1a: Runt|Malignant Chain|p2a: Ting-Lu
|-resisted|p2a: Ting-Lu
|-damage|p2a: Ting-Lu|90/100
|-status|p2a: Ting-Lu|tox
|-start|p2a: Ting-Lu|confusion|[from] ability: Poison Puppeteer|[of] p1a: Runt
|-activate|p2a: Ting-Lu|confusion
|move|p2a: Ting-Lu|Ruination|p1a: Runt
|-damage|p1a: Runt|51/100
|-enditem|p1a: Runt|Air Balloon
|
|-heal|p2a: Ting-Lu|96/100 tox|[from] item: Leftovers
|-damage|p2a: Ting-Lu|90/100 tox|[from] psn
|upkeep
|turn|4
|
|t:|1743834015
|switch|p2a: Kingambit|Kingambit, M|100/100
|-item|p2a: Kingambit|Air Balloon
|move|p1a: Runt|Recover|p1a: Runt
|-heal|p1a: Runt|100/100
|
|upkeep
|turn|5
|
|t:|1743834024
|switch|p1a: Zamazenta|Zamazenta|100/100
|-damage|p1a: Zamazenta|95/100|[from] Stealth Rock
|-ability|p1a: Zamazenta|Dauntless Shield|boost
|-boost|p1a: Zamazenta|def|1
|move|p2a: Kingambit|Swords Dance|p2a: Kingambit
|-boost|p2a: Kingambit|atk|2
|
|upkeep
|turn|6
|
|t:|1743834029
|-end|p2a: Kingambit|fallenundefined|[silent]
|switch|p2a: Pecharunt|Pecharunt|100/100
|move|p1a: Zamazenta|Crunch|p2a: Pecharunt
|-supereffective|p2a: Pecharunt
|-damage|p2a: Pecharunt|75/100
|
|upkeep
|turn|7
|
|t:|1743834036
|switch|p1a: Kevin Garnett|Kingambit, F|100/100
|-damage|p1a: Kevin Garnett|94/100|[from] Stealth Rock
|-item|p1a: Kevin Garnett|Air Balloon
|move|p2a: Pecharunt|Malignant Chain|p1a: Kevin Garnett
|-immune|p1a: Kevin Garnett
|
|upkeep
|turn|8
|
|t:|1743834041
|move|p2a: Pecharunt|Parting Shot|p1a: Kevin Garnett
|-unboost|p1a: Kevin Garnett|atk|1
|-unboost|p1a: Kevin Garnett|spa|1
|
|t:|1743834042
|switch|p2a: Tauros|Tauros-Paldea-Blaze, M|100/100|[from] Parting Shot
|-ability|p2a: Tauros|Intimidate|boost
|-unboost|p1a: Kevin Garnett|atk|1
|move|p1a: Kevin Garnett|Kowtow Cleave|p2a: Tauros
|-resisted|p2a: Tauros
|-damage|p2a: Tauros|87/100
|
|upkeep
|turn|9
|
|t:|1743834055
|-end|p1a: Kevin Garnett|fallenundefined|[silent]
|switch|p1a: Runt|Pecharunt|100/100
|-damage|p1a: Runt|88/100|[from] Stealth Rock
|move|p2a: Tauros|Raging Bull|p1a: Runt
|-damage|p1a: Runt|47/100
|
|upkeep
|turn|10
|
|t:|1743834074
|move|p2a: Tauros|Raging Bull|p1a: Runt
|-crit|p1a: Runt
|-damage|p1a: Runt|0 fnt
|faint|p1a: Runt
|
|upkeep
|c|☆Fraserb23|crit
|c|☆Fraserb23|saved by the bell
|c|☆Fraserb23|coward
|inactive|Fraserb23 has 120 seconds left.
|
|t:|1743834106
|switch|p1a: Raging Bolt|Raging Bolt|100/100
|-damage|p1a: Raging Bolt|88/100|[from] Stealth Rock
|turn|11
|
|t:|1743834112
|switch|p2a: Ting-Lu|Ting-Lu|90/100 tox
|-ability|p2a: Ting-Lu|Vessel of Ruin
|move|p1a: Raging Bolt|Draco Meteor|p2a: Ting-Lu
|-damage|p2a: Ting-Lu|59/100 tox
|-unboost|p1a: Raging Bolt|spa|2
|
|-heal|p2a: Ting-Lu|65/100 tox|[from] item: Leftovers
|-damage|p2a: Ting-Lu|59/100 tox|[from] psn
|upkeep
|turn|12
|inactive|Fraserb23 has 120 seconds left.
|
|t:|1743834137
|-end|p1a: Raging Bolt|Protosynthesis|[silent]
|switch|p1a: Kevin Garnett|Kingambit, F|94/100
|-damage|p1a: Kevin Garnett|88/100|[from] Stealth Rock
|-activate|p1a: Kevin Garnett|ability: Supreme Overlord
|-start|p1a: Kevin Garnett|fallen1|[silent]
|-item|p1a: Kevin Garnett|Air Balloon
|move|p2a: Ting-Lu|Ruination|p1a: Kevin Garnett
|-damage|p1a: Kevin Garnett|44/100
|-enditem|p1a: Kevin Garnett|Air Balloon
|
|-heal|p2a: Ting-Lu|65/100 tox|[from] item: Leftovers
|-damage|p2a: Ting-Lu|52/100 tox|[from] psn
|upkeep
|turn|13
|inactive|Fraserb23 has 90 seconds left.
|
|t:|1743834162
|move|p1a: Kevin Garnett|Iron Head|p2a: Ting-Lu
|-damage|p2a: Ting-Lu|24/100 tox
|move|p2a: Ting-Lu|Earthquake|p1a: Kevin Garnett
|-supereffective|p1a: Kevin Garnett
|-damage|p1a: Kevin Garnett|0 fnt
|faint|p1a: Kevin Garnett
|-end|p1a: Kevin Garnett|fallen1|[silent]
|
|-heal|p2a: Ting-Lu|30/100 tox|[from] item: Leftovers
|-damage|p2a: Ting-Lu|11/100 tox|[from] psn
|upkeep
|inactive|Fraserb23 has 90 seconds left.
|inactive|Fraserb23 has 60 seconds left.
|
|t:|1743834202
|switch|p1a: Darkrai|Darkrai|100/100
|-damage|p1a: Darkrai|88/100|[from] Stealth Rock
|turn|14
|
|t:|1743834205
|move|p1a: Darkrai|Nasty Plot|p1a: Darkrai
|-boost|p1a: Darkrai|spa|2
|move|p2a: Ting-Lu|Whirlwind|p1a: Darkrai
|drag|p1a: Raging Bolt|Raging Bolt|88/100
|-damage|p1a: Raging Bolt|76/100|[from] Stealth Rock
|
|-heal|p2a: Ting-Lu|18/100 tox|[from] item: Leftovers
|-damage|p2a: Ting-Lu|0 fnt|[from] psn
|faint|p2a: Ting-Lu
|upkeep
|
|t:|1743834205
|switch|p2a: Great Tusk|Great Tusk|100/100
|turn|15
|
|t:|1743834225
|-terastallize|p1a: Raging Bolt|Fairy
|move|p2a: Great Tusk|Headlong Rush|p1a: Raging Bolt
|-damage|p1a: Raging Bolt|23/100
|-unboost|p2a: Great Tusk|def|1
|-unboost|p2a: Great Tusk|spd|1
|move|p1a: Raging Bolt|Draco Meteor|p2a: Great Tusk
|-damage|p2a: Great Tusk|0 fnt
|-unboost|p1a: Raging Bolt|spa|2
|faint|p2a: Great Tusk
|-end|p2a: Great Tusk|Protosynthesis|[silent]
|
|upkeep
|
|t:|1743834231
|switch|p2a: Ogerpon|Ogerpon-Wellspring, F|100/100
|turn|16
|
|t:|1743834237
|move|p1a: Raging Bolt|Thunderclap||[still]
|-fail|p1a: Raging Bolt
|move|p2a: Ogerpon|Swords Dance|p2a: Ogerpon
|-boost|p2a: Ogerpon|atk|2
|
|upkeep
|turn|17
|
|t:|1743834244
|move|p1a: Raging Bolt|Thunderclap||[still]
|-fail|p1a: Raging Bolt
|move|p2a: Ogerpon|Swords Dance|p2a: Ogerpon
|-boost|p2a: Ogerpon|atk|2
|
|upkeep
|turn|18
|
|t:|1743834248
|move|p1a: Raging Bolt|Thunderclap|p2a: Ogerpon
|-damage|p2a: Ogerpon|76/100
|move|p2a: Ogerpon|Horn Leech|p1a: Raging Bolt
|-damage|p1a: Raging Bolt|0 fnt
|-heal|p2a: Ogerpon|91/100|[from] drain|[of] p1a: Raging Bolt
|faint|p1a: Raging Bolt
|-end|p1a: Raging Bolt|Protosynthesis|[silent]
|
|upkeep
|inactive|Fraserb23 has 90 seconds left.
|
|t:|1743834268
|switch|p1a: Darkrai|Darkrai|88/100
|-damage|p1a: Darkrai|76/100|[from] Stealth Rock
|turn|19
|
|t:|1743834269
|-terastallize|p2a: Ogerpon|Water
|detailschange|p2a: Ogerpon|Ogerpon-Wellspring-Tera, F, tera:Water
|-ability|p2a: Ogerpon|Embody Aspect (Wellspring)|boost
|-boost|p2a: Ogerpon|spd|1
|move|p1a: Darkrai|Sludge Bomb|p2a: Ogerpon
|-damage|p2a: Ogerpon|58/100
|-damage|p1a: Darkrai|66/100|[from] item: Life Orb
|move|p2a: Ogerpon|Horn Leech|p1a: Darkrai
|-damage|p1a: Darkrai|0 fnt
|-heal|p2a: Ogerpon|88/100|[from] drain|[of] p1a: Darkrai
|faint|p1a: Darkrai
|
|upkeep
|inactive|Fraserb23 has 90 seconds left.
|
|t:|1743834285
|switch|p1a: Iron Valiant|Iron Valiant, shiny|100/100
|-damage|p1a: Iron Valiant|94/100|[from] Stealth Rock
|-enditem|p1a: Iron Valiant|Booster Energy
|-activate|p1a: Iron Valiant|ability: Quark Drive|[fromitem]
|-start|p1a: Iron Valiant|quarkdrivespe
|turn|20
|
|t:|1743834287
|move|p1a: Iron Valiant|Thunderbolt|p2a: Ogerpon
|-supereffective|p2a: Ogerpon
|-damage|p2a: Ogerpon|39/100
|move|p2a: Ogerpon|Horn Leech|p1a: Iron Valiant
|-crit|p1a: Iron Valiant
|-damage|p1a: Iron Valiant|0 fnt
|-heal|p2a: Ogerpon|86/100|[from] drain|[of] p1a: Iron Valiant
|faint|p1a: Iron Valiant
|-end|p1a: Iron Valiant|Quark Drive|[silent]
|
|upkeep
|inactive|Fraserb23 has 90 seconds left.
|
|t:|1743834294
|switch|p1a: Zamazenta|Zamazenta|95/100
|-damage|p1a: Zamazenta|89/100|[from] Stealth Rock
|turn|21
|-message|Fraserb23 forfeited.
|
|win|salgaiii404
|raw|Fraserb23's rating: 1700 &rarr; <strong>1680</strong><br />(-20 for losing)
|raw|salgaiii404's rating: 1702 &rarr; <strong>1722</strong><br />(+20 for winning)
|l|☆Fraserb23
|player|p1|
