|j|☆SlimyTime
|j|☆baanshoe
|t:|1743801769
|gametype|singles
|player|p1|SlimyTime|170|1414
|player|p2|baanshoe|lucas-gen4pt|1464
|teamsize|p1|6
|teamsize|p2|6
|gen|9
|tier|[Gen 9] OU
|rated|
|rule|HP Percentage Mod: HP is shown in percentages
|rule|Endless Battle Clause: Forcing endless battles is banned
|rule|Species Clause: Limit one of each Pokémon
|rule|OHKO Clause: OHKO moves are banned
|rule|Evasion Items Clause: Evasion items are banned
|rule|Evasion Moves Clause: Evasion moves are banned
|rule|Sleep Moves Clause: Sleep-inducing moves are banned
|clearpoke
|poke|p1|Garganacl, M|
|poke|p1|Weezing-Galar, F|
|poke|p1|Corviknight, M|
|poke|p1|Dragapult, M|
|poke|p1|Slowking-Galar, F|
|poke|p1|Samurott-Hisui, F|
|poke|p2|Ceruledge, F|
|poke|p2|Ninetales, M|
|poke|p2|Leavanny, M|
|poke|p2|Great Tusk|
|poke|p2|Kyurem|
|poke|p2|Walking Wake|
|teampreview
|
|t:|1743801793
|start
|switch|p1a: Garganacl|Garganacl, M|100/100
|switch|p2a: Ceruledge|Ceruledge, F|100/100
|turn|1
|
|t:|1743801803
|switch|p2a: Leavanny|Leavanny, M|100/100
|move|p1a: Garganacl|Salt Cure|p2a: Leavanny
|-supereffective|p2a: Leavanny
|-damage|p2a: Leavanny|59/100
|-start|p2a: Leavanny|Salt Cure
|
|-damage|p2a: Leavanny|47/100|[from] Salt Cure
|upkeep
|turn|2
|
|t:|1743801811
|move|p2a: Leavanny|Leaf Storm|p1a: Garganacl
|-supereffective|p1a: Garganacl
|-damage|p1a: Garganacl|43/100
|-unboost|p2a: Leavanny|spa|2
|-enditem|p2a: Leavanny|Eject Pack
|
|t:|1743801825
|switch|p2a: Great Tusk|Great Tusk|100/100
|move|p1a: Garganacl|Stealth Rock|p2a: Great Tusk
|-sidestart|p2: baanshoe|move: Stealth Rock
|
|-heal|p1a: Garganacl|49/100|[from] item: Leftovers
|upkeep
|turn|3
|
|t:|1743801842
|move|p1a: Garganacl|Protect|p1a: Garganacl
|-singleturn|p1a: Garganacl|Protect
|move|p2a: Great Tusk|Headlong Rush|p1a: Garganacl
|-activate|p1a: Garganacl|move: Protect
|
|-heal|p1a: Garganacl|55/100|[from] item: Leftovers
|upkeep
|turn|4
|
|t:|1743801858
|switch|p1a: Corviknight|Corviknight, M|100/100
|-ability|p1a: Corviknight|Pressure
|move|p2a: Great Tusk|Rapid Spin|p1a: Corviknight
|-resisted|p1a: Corviknight
|-damage|p1a: Corviknight|95/100
|-boost|p2a: Great Tusk|spe|1
|-damage|p2a: Great Tusk|84/100|[from] item: Rocky Helmet|[of] p1a: Corviknight
|-sideend|p2: baanshoe|Stealth Rock|[from] move: Rapid Spin|[of] p2a: Great Tusk
|
|upkeep
|turn|5
|
|t:|1743801868
|-end|p2a: Great Tusk|Protosynthesis|[silent]
|switch|p2a: Ninetales|Ninetales, M|100/100
|-weather|SunnyDay|[from] ability: Drought|[of] p2a: Ninetales
|switch|p1a: Garganacl|Garganacl, M|55/100
|
|-weather|SunnyDay|[upkeep]
|-heal|p1a: Garganacl|61/100|[from] item: Leftovers
|upkeep
|turn|6
|
|t:|1743801902
|switch|p2a: Walking Wake|Walking Wake|100/100
|-activate|p2a: Walking Wake|ability: Protosynthesis
|-start|p2a: Walking Wake|protosynthesisspa
|move|p1a: Garganacl|Salt Cure|p2a: Walking Wake
|-damage|p2a: Walking Wake|84/100
|-start|p2a: Walking Wake|Salt Cure
|
|-weather|SunnyDay|[upkeep]
|-heal|p1a: Garganacl|67/100|[from] item: Leftovers
|-damage|p2a: Walking Wake|59/100|[from] Salt Cure
|upkeep
|turn|7
|inactive|Battle timer is ON: inactive players will automatically lose when time's up. (requested by SlimyTime)
|
|t:|1743801919
|-end|p2a: Walking Wake|Protosynthesis|[silent]
|switch|p2a: Great Tusk|Great Tusk|84/100
|-activate|p2a: Great Tusk|ability: Protosynthesis
|-start|p2a: Great Tusk|protosynthesisatk
|move|p1a: Garganacl|Protect||[still]
|-fail|p1a: Garganacl
|
|-weather|SunnyDay|[upkeep]
|-heal|p1a: Garganacl|74/100|[from] item: Leftovers
|upkeep
|turn|8
|
|t:|1743801928
|move|p1a: Garganacl|Protect|p1a: Garganacl
|-singleturn|p1a: Garganacl|Protect
|move|p2a: Great Tusk|Headlong Rush|p1a: Garganacl
|-activate|p1a: Garganacl|move: Protect
|
|-weather|SunnyDay|[upkeep]
|-heal|p1a: Garganacl|80/100|[from] item: Leftovers
|upkeep
|turn|9
|
|t:|1743801935
|switch|p1a: Corviknight|Corviknight, M|95/100
|-ability|p1a: Corviknight|Pressure
|move|p2a: Great Tusk|Headlong Rush|p1a: Corviknight
|-immune|p1a: Corviknight
|
|-weather|SunnyDay|[upkeep]
|upkeep
|turn|10
|
|t:|1743801946
|move|p2a: Great Tusk|Temper Flare|p1a: Corviknight
|-supereffective|p1a: Corviknight
|-damage|p1a: Corviknight|0 fnt
|-damage|p2a: Great Tusk|68/100|[from] item: Rocky Helmet|[of] p1a: Corviknight
|faint|p1a: Corviknight
|
|-weather|SunnyDay|[upkeep]
|upkeep
|
|t:|1743801952
|switch|p1a: Dragapult|Dragapult, M|100/100
|turn|11
|
|t:|1743801977
|-end|p2a: Great Tusk|Protosynthesis|[silent]
|switch|p2a: Kyurem|Kyurem|100/100
|-ability|p2a: Kyurem|Pressure
|move|p1a: Dragapult|Will-O-Wisp|p2a: Kyurem
|-status|p2a: Kyurem|brn
|
|-weather|SunnyDay|[upkeep]
|-damage|p2a: Kyurem|94/100 brn|[from] brn
|upkeep
|turn|12
|
|t:|1743801991
|move|p1a: Dragapult|Dragon Darts|p2a: Kyurem
|-supereffective|p2a: Kyurem
|-damage|p2a: Kyurem|48/100 brn
|-anim|p1a: Dragapult|Dragon Darts|p2a: Kyurem
|-supereffective|p2a: Kyurem
|-damage|p2a: Kyurem|5/100 brn
|move|p2a: Kyurem|Ice Beam|p1a: Dragapult
|-supereffective|p1a: Dragapult
|-damage|p1a: Dragapult|0 fnt
|faint|p1a: Dragapult
|
|-weather|none
|-damage|p2a: Kyurem|0 fnt|[from] brn
|faint|p2a: Kyurem
|upkeep
|inactive|baanshoe has 120 seconds left.
|
|t:|1743802019
|switch|p1a: Garganacl|Garganacl, M|80/100
|switch|p2a: Ninetales|Ninetales, M|100/100
|-weather|SunnyDay|[from] ability: Drought|[of] p2a: Ninetales
|turn|13
|inactive|baanshoe has 120 seconds left.
|
|t:|1743802030
|switch|p2a: Leavanny|Leavanny, M|47/100
|move|p1a: Garganacl|Salt Cure|p2a: Leavanny
|-supereffective|p2a: Leavanny
|-crit|p2a: Leavanny
|-damage|p2a: Leavanny|0 fnt
|faint|p2a: Leavanny
|
|-weather|SunnyDay|[upkeep]
|-heal|p1a: Garganacl|86/100|[from] item: Leftovers
|upkeep
|inactive|baanshoe has 120 seconds left.
|
|t:|1743802042
|switch|p2a: Walking Wake|Walking Wake|59/100
|-activate|p2a: Walking Wake|ability: Protosynthesis
|-start|p2a: Walking Wake|protosynthesisspa
|turn|14
|inactive|baanshoe has 120 seconds left.
|
|t:|1743802051
|-terastallize|p2a: Walking Wake|Water
|move|p1a: Garganacl|Protect|p1a: Garganacl
|-singleturn|p1a: Garganacl|Protect
|move|p2a: Walking Wake|Hydro Steam|p1a: Garganacl
|-activate|p1a: Garganacl|move: Protect
|
|-weather|SunnyDay|[upkeep]
|-heal|p1a: Garganacl|92/100|[from] item: Leftovers
|upkeep
|turn|15
|
|t:|1743802062
|switch|p1a: Slowking|Slowking-Galar, F|100/100
|move|p2a: Walking Wake|Hydro Steam|p1a: Slowking
|-damage|p1a: Slowking|30/100
|
|-weather|SunnyDay|[upkeep]
|upkeep
|turn|16
|
|t:|1743802069
|move|p2a: Walking Wake|Hydro Steam|p1a: Slowking
|-damage|p1a: Slowking|0 fnt
|faint|p1a: Slowking
|
|-weather|SunnyDay|[upkeep]
|upkeep
|
|t:|1743802073
|switch|p1a: Samurott|Samurott-Hisui, F|100/100
|turn|17
|
|t:|1743802081
|-end|p2a: Walking Wake|Protosynthesis|[silent]
|switch|p2a: Great Tusk|Great Tusk|68/100
|-activate|p2a: Great Tusk|ability: Protosynthesis
|-start|p2a: Great Tusk|protosynthesisatk
|move|p1a: Samurott|Ceaseless Edge|p2a: Great Tusk
|-resisted|p2a: Great Tusk
|-damage|p2a: Great Tusk|51/100
|-sidestart|p2: baanshoe|Spikes
|
|-weather|SunnyDay|[upkeep]
|upkeep
|turn|18
|
|t:|1743802089
|switch|p1a: Weezing|Weezing-Galar, F|100/100
|-ability|p1a: Weezing|Neutralizing Gas
|move|p2a: Great Tusk|Rapid Spin|p1a: Weezing
|-damage|p1a: Weezing|90/100
|-boost|p2a: Great Tusk|spe|1
|-sideend|p2: baanshoe|Spikes|[from] move: Rapid Spin|[of] p2a: Great Tusk
|
|-weather|SunnyDay|[upkeep]
|upkeep
|turn|19
|
|t:|1743802098
|move|p2a: Great Tusk|Headlong Rush|p1a: Weezing
|-supereffective|p1a: Weezing
|-damage|p1a: Weezing|3/100
|-unboost|p2a: Great Tusk|def|1
|-unboost|p2a: Great Tusk|spd|1
|move|p1a: Weezing|Strange Steam|p2a: Great Tusk
|-supereffective|p2a: Great Tusk
|-damage|p2a: Great Tusk|0 fnt
|faint|p2a: Great Tusk
|-end|p2a: Great Tusk|Protosynthesis|[silent]
|
|-weather|SunnyDay|[upkeep]
|upkeep
|
|t:|1743802112
|switch|p2a: Walking Wake|Walking Wake, tera:Water|59/100
|turn|20
|
|t:|1743802129
|move|p2a: Walking Wake|Hydro Steam|p1a: Weezing
|-damage|p1a: Weezing|0 fnt
|faint|p1a: Weezing
|-end|p1a: Weezing|ability: Neutralizing Gas
|-activate|p2a: Walking Wake|ability: Protosynthesis
|-start|p2a: Walking Wake|protosynthesisspa
|
|-weather|none
|-end|p2a: Walking Wake|Protosynthesis
|upkeep
|
|t:|1743802131
|switch|p1a: Samurott|Samurott-Hisui, F|100/100
|turn|21
|inactive|baanshoe has 120 seconds left.
|
|t:|1743802178
|move|p1a: Samurott|Ceaseless Edge|p2a: Walking Wake
|-damage|p2a: Walking Wake|10/100
|-sidestart|p2: baanshoe|Spikes
|move|p2a: Walking Wake|Hydro Steam|p1a: Samurott
|-resisted|p1a: Samurott
|-damage|p1a: Samurott|39/100
|
|upkeep
|turn|22
|
|t:|1743802193
|move|p1a: Samurott|Ceaseless Edge|p2a: Walking Wake
|-damage|p2a: Walking Wake|0 fnt
|-sidestart|p2: baanshoe|Spikes
|faint|p2a: Walking Wake
|-end|p2a: Walking Wake|Protosynthesis|[silent]
|
|upkeep
|
|t:|1743802197
|switch|p2a: Ninetales|Ninetales, M|100/100
|-damage|p2a: Ninetales|84/100|[from] Spikes
|-weather|SunnyDay|[from] ability: Drought|[of] p2a: Ninetales
|turn|23
|
|t:|1743802214
|move|p1a: Samurott|Ceaseless Edge|p2a: Ninetales
|-damage|p2a: Ninetales|24/100
|-sidestart|p2: baanshoe|Spikes
|move|p2a: Ninetales|Weather Ball|p1a: Samurott
|-resisted|p1a: Samurott
|-damage|p1a: Samurott|5/100
|
|-weather|SunnyDay|[upkeep]
|upkeep
|turn|24
|
|t:|1743802225
|move|p1a: Samurott|Ceaseless Edge|p2a: Ninetales
|-damage|p2a: Ninetales|0 fnt
|faint|p2a: Ninetales
|
|-weather|SunnyDay|[upkeep]
|upkeep
|
|t:|1743802230
|switch|p2a: Ceruledge|Ceruledge, F|100/100
|-damage|p2a: Ceruledge|76/100|[from] Spikes
|turn|25
|
|t:|1743802235
|move|p2a: Ceruledge|Shadow Sneak|p1a: Samurott
|-resisted|p1a: Samurott
|-damage|p1a: Samurott|0 fnt
|faint|p1a: Samurott
|
|-weather|SunnyDay|[upkeep]
|upkeep
|
|t:|1743802237
|switch|p1a: Garganacl|Garganacl, M|92/100
|turn|26
|
|t:|1743802250
|-terastallize|p1a: Garganacl|Water
|move|p2a: Ceruledge|Solar Blade||[still]
|-prepare|p2a: Ceruledge|Solar Blade
|-anim|p2a: Ceruledge|Solar Blade|p1a: Garganacl
|-supereffective|p1a: Garganacl
|-damage|p1a: Garganacl|27/100
|move|p1a: Garganacl|Salt Cure|p2a: Ceruledge
|-supereffective|p2a: Ceruledge
|-damage|p2a: Ceruledge|35/100
|-start|p2a: Ceruledge|Salt Cure
|-ability|p2a: Ceruledge|Weak Armor|boost
|-unboost|p2a: Ceruledge|def|1
|-boost|p2a: Ceruledge|spe|2
|
|-weather|SunnyDay|[upkeep]
|-heal|p1a: Garganacl|33/100|[from] item: Leftovers
|-damage|p2a: Ceruledge|22/100|[from] Salt Cure
|upkeep
|turn|27
|
|t:|1743802264
|move|p1a: Garganacl|Protect|p1a: Garganacl
|-singleturn|p1a: Garganacl|Protect
|move|p2a: Ceruledge|Swords Dance|p2a: Ceruledge
|-boost|p2a: Ceruledge|atk|2
|
|-weather|SunnyDay|[upkeep]
|-heal|p1a: Garganacl|39/100|[from] item: Leftovers
|-damage|p2a: Ceruledge|10/100|[from] Salt Cure
|upkeep
|turn|28
|
|t:|1743802272
|move|p1a: Garganacl|Protect||[still]
|-fail|p1a: Garganacl
|move|p2a: Ceruledge|Solar Blade||[still]
|-prepare|p2a: Ceruledge|Solar Blade
|-anim|p2a: Ceruledge|Solar Blade|p1a: Garganacl
|-supereffective|p1a: Garganacl
|-damage|p1a: Garganacl|0 fnt
|faint|p1a: Garganacl
|
|win|baanshoe
|raw|SlimyTime's rating: 1414 &rarr; <strong>1397</strong><br />(-17 for losing)
|raw|baanshoe's rating: 1464 &rarr; <strong>1481</strong><br />(+17 for winning)
|c|☆baanshoe|gg
|l|☆SlimyTime
|player|p1|
|l|☆baanshoe
|player|p2|
