|j|☆Bum_Muncha
|j|☆BeastBoostedBoy
|t:|1743912776
|gametype|singles
|player|p1|Bum_Muncha|265|1538
|player|p2|BeastBoostedBoy|mars|1604
|teamsize|p1|6
|teamsize|p2|6
|gen|9
|tier|[Gen 9] OU
|rated|
|rule|HP Percentage Mod: HP is shown in percentages
|rule|Endless Battle Clause: Forcing endless battles is banned
|rule|Species Clause: Limit one of each Pokémon
|rule|OHKO Clause: OHKO moves are banned
|rule|Evasion Items Clause: Evasion items are banned
|rule|Evasion Moves Clause: Evasion moves are banned
|rule|Sleep Moves Clause: Sleep-inducing moves are banned
|clearpoke
|poke|p1|Ting-Lu|
|poke|p1|Gliscor, F|
|poke|p1|Sinistcha|
|poke|p1|Keldeo-Resolute|
|poke|p1|Tinkaton, F|
|poke|p1|Dragonite, F|
|poke|p2|Ogerpon-Wellspring, F|
|poke|p2|Enamorus, F|
|poke|p2|Great Tusk|
|poke|p2|Ting-Lu|
|poke|p2|Dragapult, F|
|poke|p2|Slowking-Galar, F|
|teampreview
|
|t:|1743912794
|start
|switch|p1a: Tinkaton|Tinkaton, F|100/100
|switch|p2a: Blue Talisman|Ogerpon-Wellspring, F|100/100
|-ability|p1a: Tinkaton|Mold Breaker
|-item|p1a: Tinkaton|Air Balloon
|turn|1
|
|t:|1743912801
|move|p2a: Blue Talisman|U-turn|p1a: Tinkaton
|-resisted|p1a: Tinkaton
|-damage|p1a: Tinkaton|93/100
|-enditem|p1a: Tinkaton|Air Balloon
|
|t:|1743912811
|switch|p2a: Bergamask|Ting-Lu|100/100|[from] U-turn
|-ability|p2a: Bergamask|Vessel of Ruin
|move|p1a: Tinkaton|Stealth Rock|p2a: Bergamask
|-sidestart|p2: BeastBoostedBoy|move: Stealth Rock
|
|upkeep
|turn|2
|
|t:|1743912813
|move|p1a: Tinkaton|Knock Off|p2a: Bergamask
|-resisted|p2a: Bergamask
|-damage|p2a: Bergamask|96/100
|-enditem|p2a: Bergamask|Leftovers|[from] move: Knock Off|[of] p1a: Tinkaton
|move|p2a: Bergamask|Stealth Rock|p1a: Tinkaton
|-sidestart|p1: Bum_Muncha|move: Stealth Rock
|
|upkeep
|turn|3
|
|t:|1743912821
|move|p1a: Tinkaton|Gigaton Hammer|p2a: Bergamask
|-damage|p2a: Bergamask|71/100
|move|p2a: Bergamask|Ruination|p1a: Tinkaton
|-damage|p1a: Tinkaton|47/100
|
|upkeep
|turn|4
|
|t:|1743912827
|switch|p1a: Ting-Lu|Ting-Lu|100/100
|-damage|p1a: Ting-Lu|94/100|[from] Stealth Rock
|-ability|p1a: Ting-Lu|Vessel of Ruin
|move|p2a: Bergamask|Earthquake|p1a: Ting-Lu
|-damage|p1a: Ting-Lu|75/100
|
|-heal|p1a: Ting-Lu|82/100|[from] item: Leftovers
|upkeep
|turn|5
|
|t:|1743912832
|move|p1a: Ting-Lu|Spikes|p2a: Bergamask
|-sidestart|p2: BeastBoostedBoy|Spikes
|move|p2a: Bergamask|Ruination|p1a: Ting-Lu
|-damage|p1a: Ting-Lu|41/100
|
|-heal|p1a: Ting-Lu|47/100|[from] item: Leftovers
|upkeep
|turn|6
|
|t:|1743912838
|move|p1a: Ting-Lu|Spikes|p2a: Bergamask
|-sidestart|p2: BeastBoostedBoy|Spikes
|move|p2a: Bergamask|Whirlwind|p1a: Ting-Lu
|drag|p1a: Keldeo|Keldeo-Resolute|100/100
|
|upkeep
|turn|7
|
|t:|1743912846
|switch|p2a: Venom Incarnat|Slowking-Galar, F|100/100
|move|p1a: Keldeo|Flip Turn|p2a: Venom Incarnat
|-damage|p2a: Venom Incarnat|86/100
|
|t:|1743912854
|switch|p1a: Tinkaton|Tinkaton, F|47/100|[from] Flip Turn
|-damage|p1a: Tinkaton|41/100|[from] Stealth Rock
|-ability|p1a: Tinkaton|Mold Breaker
|
|upkeep
|turn|8
|
|t:|1743912862
|switch|p2a: Terroni|Great Tusk|100/100
|-damage|p2a: Terroni|98/100|[from] Stealth Rock
|-damage|p2a: Terroni|81/100|[from] Spikes
|move|p1a: Tinkaton|Knock Off|p2a: Terroni
|-resisted|p2a: Terroni
|-damage|p2a: Terroni|76/100
|-damage|p1a: Tinkaton|24/100|[from] item: Rocky Helmet|[of] p2a: Terroni
|-enditem|p2a: Terroni|Rocky Helmet|[from] move: Knock Off|[of] p1a: Tinkaton
|
|upkeep
|turn|9
|
|t:|1743912868
|switch|p1a: Sinistcha|Sinistcha|100/100
|move|p2a: Terroni|Knock Off|p1a: Sinistcha
|-supereffective|p1a: Sinistcha
|-damage|p1a: Sinistcha|59/100
|-enditem|p1a: Sinistcha|Heavy-Duty Boots|[from] move: Knock Off|[of] p2a: Terroni
|
|upkeep
|turn|10
|
|t:|1743912874
|-end|p2a: Terroni|Protosynthesis|[silent]
|switch|p2a: Venom Incarnat|Slowking-Galar, F|100/100
|move|p1a: Sinistcha|Strength Sap|p2a: Venom Incarnat
|-unboost|p2a: Venom Incarnat|atk|1
|-heal|p1a: Sinistcha|98/100
|
|upkeep
|turn|11
|
|t:|1743912877
|move|p1a: Sinistcha|Shadow Ball|p2a: Venom Incarnat
|-supereffective|p2a: Venom Incarnat
|-damage|p2a: Venom Incarnat|65/100
|-prepare|p2a: Venom Incarnat|Chilly Reception|[premajor]
|move|p2a: Venom Incarnat|Chilly Reception|p2a: Venom Incarnat
|-weather|Snowscape
|
|t:|1743912885
|switch|p2a: Naxos|Dragapult, F, shiny|100/100|[from] Chilly Reception
|
|-weather|Snowscape|[upkeep]
|upkeep
|turn|12
|
|t:|1743912891
|switch|p1a: Ting-Lu|Ting-Lu|47/100
|-damage|p1a: Ting-Lu|41/100|[from] Stealth Rock
|-ability|p1a: Ting-Lu|Vessel of Ruin
|move|p2a: Naxos|U-turn|p1a: Ting-Lu
|-supereffective|p1a: Ting-Lu
|-damage|p1a: Ting-Lu|21/100
|
|t:|1743912907
|switch|p2a: Blue Talisman|Ogerpon-Wellspring, F|100/100|[from] U-turn
|-damage|p2a: Blue Talisman|88/100|[from] Stealth Rock
|-damage|p2a: Blue Talisman|72/100|[from] Spikes
|
|-weather|Snowscape|[upkeep]
|-heal|p1a: Ting-Lu|28/100|[from] item: Leftovers
|upkeep
|turn|13
|
|t:|1743912911
|switch|p1a: Dragonite|Dragonite, F|100/100
|move|p2a: Blue Talisman|U-turn|p1a: Dragonite
|-resisted|p1a: Dragonite
|-damage|p1a: Dragonite|95/100
|
|t:|1743912916
|switch|p2a: Naxos|Dragapult, F, shiny|100/100|[from] U-turn
|
|-weather|Snowscape|[upkeep]
|upkeep
|turn|14
|
|t:|1743912921
|move|p2a: Naxos|Dragon Darts|p1a: Dragonite
|-supereffective|p1a: Dragonite
|-damage|p1a: Dragonite|52/100
|-anim|p2a: Naxos|Dragon Darts|p1a: Dragonite
|-supereffective|p1a: Dragonite
|-damage|p1a: Dragonite|15/100
|move|p1a: Dragonite|Dragon Tail|p2a: Naxos
|-supereffective|p2a: Naxos
|-damage|p2a: Naxos|3/100
|drag|p2a: Karagöz|Enamorus, F|100/100
|-damage|p2a: Karagöz|76/100|[from] Stealth Rock
|
|-weather|Snowscape|[upkeep]
|upkeep
|turn|15
|
|t:|1743912936
|move|p1a: Dragonite|Extreme Speed|p2a: Karagöz
|-damage|p2a: Karagöz|29/100
|move|p2a: Karagöz|Moonblast|p1a: Dragonite
|-supereffective|p1a: Dragonite
|-damage|p1a: Dragonite|0 fnt
|faint|p1a: Dragonite
|
|-weather|none
|upkeep
|
|t:|1743912944
|switch|p1a: Keldeo|Keldeo-Resolute|100/100
|turn|16
|
|t:|1743912949
|switch|p2a: Venom Incarnat|Slowking-Galar, F|98/100
|move|p1a: Keldeo|Surf|p2a: Venom Incarnat
|-damage|p2a: Venom Incarnat|70/100
|
|upkeep
|turn|17
|
|t:|1743912960
|move|p1a: Keldeo|Flip Turn|p2a: Venom Incarnat
|-damage|p2a: Venom Incarnat|55/100
|
|t:|1743912963
|switch|p1a: Gliscor|Gliscor, F|100/100|[from] Flip Turn
|-damage|p1a: Gliscor|88/100|[from] Stealth Rock
|-prepare|p2a: Venom Incarnat|Chilly Reception|[premajor]
|move|p2a: Venom Incarnat|Chilly Reception|p2a: Venom Incarnat
|-weather|Snowscape
|
|t:|1743912980
|switch|p2a: Blue Talisman|Ogerpon-Wellspring, F|72/100|[from] Chilly Reception
|-damage|p2a: Blue Talisman|59/100|[from] Stealth Rock
|-damage|p2a: Blue Talisman|43/100|[from] Spikes
|
|-weather|Snowscape|[upkeep]
|-status|p1a: Gliscor|tox|[from] item: Toxic Orb
|upkeep
|turn|18
|
|t:|1743912986
|move|p1a: Gliscor|Protect|p1a: Gliscor
|-singleturn|p1a: Gliscor|Protect
|move|p2a: Blue Talisman|Horn Leech|p1a: Gliscor
|-activate|p1a: Gliscor|move: Protect
|
|-weather|Snowscape|[upkeep]
|-heal|p1a: Gliscor|100/100 tox|[from] ability: Poison Heal
|upkeep
|turn|19
|
|t:|1743912988
|switch|p1a: Sinistcha|Sinistcha|98/100
|-damage|p1a: Sinistcha|86/100|[from] Stealth Rock
|move|p2a: Blue Talisman|Ivy Cudgel|p1a: Sinistcha|[anim] Ivy Cudgel Water
|-resisted|p1a: Sinistcha
|-damage|p1a: Sinistcha|67/100
|
|-weather|Snowscape|[upkeep]
|upkeep
|turn|20
|
|t:|1743912992
|move|p2a: Blue Talisman|U-turn|p1a: Sinistcha
|-damage|p1a: Sinistcha|47/100
|
|t:|1743912995
|switch|p2a: Venom Incarnat|Slowking-Galar, F|89/100|[from] U-turn
|move|p1a: Sinistcha|Strength Sap|p2a: Venom Incarnat
|-unboost|p2a: Venom Incarnat|atk|1
|-heal|p1a: Sinistcha|86/100
|
|-weather|Snowscape|[upkeep]
|upkeep
|turn|21
|
|t:|1743912997
|switch|p1a: Gliscor|Gliscor, F|100/100 tox
|-damage|p1a: Gliscor|88/100 tox|[from] Stealth Rock
|move|p2a: Venom Incarnat|Sludge Bomb|p1a: Gliscor
|-resisted|p1a: Gliscor
|-damage|p1a: Gliscor|66/100 tox
|
|-weather|none
|-heal|p1a: Gliscor|78/100 tox|[from] ability: Poison Heal
|upkeep
|turn|22
|
|t:|1743913021
|move|p1a: Gliscor|Knock Off|p2a: Venom Incarnat
|-supereffective|p2a: Venom Incarnat
|-damage|p2a: Venom Incarnat|47/100
|-enditem|p2a: Venom Incarnat|Heavy-Duty Boots|[from] move: Knock Off|[of] p1a: Gliscor
|-prepare|p2a: Venom Incarnat|Chilly Reception|[premajor]
|move|p2a: Venom Incarnat|Chilly Reception|p2a: Venom Incarnat
|-weather|Snowscape
|
|t:|1743913027
|switch|p2a: Terroni|Great Tusk|76/100|[from] Chilly Reception
|-damage|p2a: Terroni|73/100|[from] Stealth Rock
|-damage|p2a: Terroni|56/100|[from] Spikes
|
|-weather|Snowscape|[upkeep]
|-heal|p1a: Gliscor|91/100 tox|[from] ability: Poison Heal
|upkeep
|turn|23
|
|t:|1743913033
|switch|p1a: Sinistcha|Sinistcha|86/100
|-damage|p1a: Sinistcha|73/100|[from] Stealth Rock
|move|p2a: Terroni|Ice Spinner|p1a: Sinistcha
|-supereffective|p1a: Sinistcha
|-damage|p1a: Sinistcha|40/100
|
|-weather|Snowscape|[upkeep]
|upkeep
|turn|24
|
|t:|1743913054
|-end|p2a: Terroni|Protosynthesis|[silent]
|switch|p2a: Venom Incarnat|Slowking-Galar, F|80/100
|-damage|p2a: Venom Incarnat|68/100|[from] Stealth Rock
|-damage|p2a: Venom Incarnat|51/100|[from] Spikes
|move|p1a: Sinistcha|Strength Sap|p2a: Venom Incarnat
|-unboost|p2a: Venom Incarnat|atk|1
|-heal|p1a: Sinistcha|79/100
|
|-weather|Snowscape|[upkeep]
|upkeep
|turn|25
|
|t:|1743913058
|switch|p1a: Gliscor|Gliscor, F|91/100 tox
|-damage|p1a: Gliscor|78/100 tox|[from] Stealth Rock
|-prepare|p2a: Venom Incarnat|Chilly Reception|[premajor]
|move|p2a: Venom Incarnat|Chilly Reception|p2a: Venom Incarnat
|inactive|Battle timer is ON: inactive players will automatically lose when time's up. (requested by Bum_Muncha)
|
|t:|1743913119
|switch|p2a: Terroni|Great Tusk|56/100|[from] Chilly Reception
|-damage|p2a: Terroni|53/100|[from] Stealth Rock
|-damage|p2a: Terroni|36/100|[from] Spikes
|
|-weather|Snowscape|[upkeep]
|-heal|p1a: Gliscor|91/100 tox|[from] ability: Poison Heal
|upkeep
|turn|26
|
|t:|1743913124
|move|p1a: Gliscor|Protect|p1a: Gliscor
|-singleturn|p1a: Gliscor|Protect
|move|p2a: Terroni|Ice Spinner|p1a: Gliscor
|-activate|p1a: Gliscor|move: Protect
|
|-weather|none
|-heal|p1a: Gliscor|100/100 tox|[from] ability: Poison Heal
|upkeep
|turn|27
|
|t:|1743913128
|switch|p1a: Keldeo|Keldeo-Resolute|100/100
|move|p2a: Terroni|Ice Spinner|p1a: Keldeo
|-resisted|p1a: Keldeo
|-damage|p1a: Keldeo|86/100
|
|upkeep
|turn|28
|
|t:|1743913135
|-terastallize|p2a: Terroni|Water
|move|p1a: Keldeo|Secret Sword|p2a: Terroni
|-damage|p2a: Terroni|10/100
|move|p2a: Terroni|Rapid Spin|p1a: Keldeo
|-damage|p1a: Keldeo|69/100
|-boost|p2a: Terroni|spe|1
|-sideend|p2: BeastBoostedBoy|Spikes|[from] move: Rapid Spin|[of] p2a: Terroni
|-sideend|p2: BeastBoostedBoy|Stealth Rock|[from] move: Rapid Spin|[of] p2a: Terroni
|
|upkeep
|turn|29
|
|t:|1743913147
|move|p1a: Keldeo|Vacuum Wave|p2a: Terroni
|-damage|p2a: Terroni|0 fnt
|faint|p2a: Terroni
|-end|p2a: Terroni|Protosynthesis|[silent]
|
|upkeep
|
|t:|1743913159
|switch|p2a: Venom Incarnat|Slowking-Galar, F|85/100
|turn|30
|
|t:|1743913162
|move|p1a: Keldeo|Flip Turn|p2a: Venom Incarnat
|-damage|p2a: Venom Incarnat|70/100
|
|t:|1743913164
|switch|p1a: Ting-Lu|Ting-Lu|28/100|[from] Flip Turn
|-damage|p1a: Ting-Lu|21/100|[from] Stealth Rock
|-ability|p1a: Ting-Lu|Vessel of Ruin
|move|p2a: Venom Incarnat|Future Sight|p1a: Ting-Lu
|-start|p2a: Venom Incarnat|move: Future Sight
|
|-heal|p1a: Ting-Lu|28/100|[from] item: Leftovers
|upkeep
|turn|31
|
|t:|1743913175
|move|p1a: Ting-Lu|Spikes|p2a: Venom Incarnat
|-sidestart|p2: BeastBoostedBoy|Spikes
|-prepare|p2a: Venom Incarnat|Chilly Reception|[premajor]
|move|p2a: Venom Incarnat|Chilly Reception|p2a: Venom Incarnat
|-weather|Snowscape
|
|t:|1743913178
|switch|p2a: Karagöz|Enamorus, F|29/100|[from] Chilly Reception
|
|-weather|Snowscape|[upkeep]
|-heal|p1a: Ting-Lu|34/100|[from] item: Leftovers
|upkeep
|turn|32
|
|t:|1743913183
|move|p2a: Karagöz|Moonblast|p1a: Ting-Lu
|-supereffective|p1a: Ting-Lu
|-damage|p1a: Ting-Lu|0 fnt
|faint|p1a: Ting-Lu
|
|-weather|Snowscape|[upkeep]
|-hint|Future Sight did not hit because the target is fainted.
|upkeep
|
|t:|1743913185
|switch|p1a: Gliscor|Gliscor, F|100/100 tox
|-damage|p1a: Gliscor|88/100 tox|[from] Stealth Rock
|turn|33
|
|t:|1743913189
|move|p2a: Karagöz|Moonblast|p1a: Gliscor
|-crit|p1a: Gliscor
|-damage|p1a: Gliscor|0 fnt
|faint|p1a: Gliscor
|
|-weather|Snowscape|[upkeep]
|upkeep
|
|t:|1743913194
|switch|p1a: Keldeo|Keldeo-Resolute|69/100
|turn|34
|
|t:|1743913199
|-terastallize|p1a: Keldeo|Water
|move|p2a: Karagöz|Moonblast|p1a: Keldeo
|-damage|p1a: Keldeo|10/100
|-unboost|p1a: Keldeo|spa|1
|move|p1a: Keldeo|Surf|p2a: Karagöz
|-damage|p2a: Karagöz|0 fnt
|faint|p2a: Karagöz
|
|-weather|Snowscape|[upkeep]
|upkeep
|
|t:|1743913213
|switch|p2a: Naxos|Dragapult, F, shiny|3/100
|turn|35
|
|t:|1743913217
|switch|p1a: Tinkaton|Tinkaton, F|24/100
|-damage|p1a: Tinkaton|18/100|[from] Stealth Rock
|-ability|p1a: Tinkaton|Mold Breaker
|move|p2a: Naxos|Hex|p1a: Tinkaton
|-damage|p1a: Tinkaton|0 fnt
|faint|p1a: Tinkaton
|
|-weather|none
|upkeep
|
|t:|1743913220
|switch|p1a: Sinistcha|Sinistcha|79/100
|-damage|p1a: Sinistcha|66/100|[from] Stealth Rock
|turn|36
|
|t:|1743913227
|move|p2a: Naxos|U-turn|p1a: Sinistcha
|-damage|p1a: Sinistcha|52/100
|
|t:|1743913229
|switch|p2a: Venom Incarnat|Slowking-Galar, F|100/100|[from] U-turn
|-damage|p2a: Venom Incarnat|88/100|[from] Spikes
|move|p1a: Sinistcha|Strength Sap|p2a: Venom Incarnat
|-unboost|p2a: Venom Incarnat|atk|1
|-heal|p1a: Sinistcha|91/100
|
|upkeep
|turn|37
|
|t:|1743913231
|move|p1a: Sinistcha|Calm Mind|p1a: Sinistcha
|-boost|p1a: Sinistcha|spa|1
|-boost|p1a: Sinistcha|spd|1
|move|p2a: Venom Incarnat|Thunder Wave|p1a: Sinistcha
|-status|p1a: Sinistcha|par
|
|upkeep
|turn|38
|
|t:|1743913234
|move|p1a: Sinistcha|Calm Mind|p1a: Sinistcha
|-boost|p1a: Sinistcha|spa|1
|-boost|p1a: Sinistcha|spd|1
|move|p2a: Venom Incarnat|Sludge Bomb|p1a: Sinistcha
|-damage|p1a: Sinistcha|71/100 par
|
|upkeep
|turn|39
|
|t:|1743913241
|move|p1a: Sinistcha|Shadow Ball|p2a: Venom Incarnat
|-supereffective|p2a: Venom Incarnat
|-damage|p2a: Venom Incarnat|13/100
|-prepare|p2a: Venom Incarnat|Chilly Reception|[premajor]
|move|p2a: Venom Incarnat|Chilly Reception|p2a: Venom Incarnat
|-weather|Snowscape
|
|t:|1743913244
|switch|p2a: Bergamask|Ting-Lu|71/100|[from] Chilly Reception
|-damage|p2a: Bergamask|58/100|[from] Spikes
|-ability|p2a: Bergamask|Vessel of Ruin
|
|-weather|Snowscape|[upkeep]
|upkeep
|turn|40
|
|t:|1743913247
|cant|p1a: Sinistcha|par
|move|p2a: Bergamask|Whirlwind|p1a: Sinistcha
|drag|p1a: Keldeo|Keldeo-Resolute, tera:Water|10/100
|
|-weather|Snowscape|[upkeep]
|upkeep
|turn|41
|
|t:|1743913251
|switch|p2a: Venom Incarnat|Slowking-Galar, F|46/100
|-damage|p2a: Venom Incarnat|34/100|[from] Spikes
|move|p1a: Keldeo|Surf|p2a: Venom Incarnat
|-damage|p2a: Venom Incarnat|0 fnt
|faint|p2a: Venom Incarnat
|
|-weather|Snowscape|[upkeep]
|upkeep
|
|t:|1743913257
|switch|p2a: Naxos|Dragapult, F, shiny|3/100
|turn|42
|c|☆BeastBoostedBoy|gg
|
|t:|1743913262
|move|p2a: Naxos|Dragon Darts|p1a: Keldeo
|-damage|p1a: Keldeo|0 fnt
|faint|p1a: Keldeo
|
|-weather|Snowscape|[upkeep]
|upkeep
|-message|Bum_Muncha forfeited.
|
|win|BeastBoostedBoy
|raw|Bum_Muncha's rating: 1538 &rarr; <strong>1522</strong><br />(-16 for losing)
|raw|BeastBoostedBoy's rating: 1604 &rarr; <strong>1620</strong><br />(+16 for winning)
|l|☆Bum_Muncha
|player|p1|
