|j|☆Koto5blue
|j|☆torito25
|t:|1743937894
|gametype|singles
|player|p1|Koto5blue|falkner|1476
|player|p2|torito25|101|1475
|teamsize|p1|6
|teamsize|p2|6
|gen|9
|tier|[Gen 9] OU
|rated|
|rule|HP Percentage Mod: HP is shown in percentages
|rule|Endless Battle Clause: Forcing endless battles is banned
|rule|Species Clause: Limit one of each Pokémon
|rule|OHKO Clause: OHKO moves are banned
|rule|Evasion Items Clause: Evasion items are banned
|rule|Evasion Moves Clause: Evasion moves are banned
|rule|Sleep Moves Clause: Sleep-inducing moves are banned
|clearpoke
|poke|p1|Empoleon, M|
|poke|p1|Corviknight, M|
|poke|p1|Great Tusk|
|poke|p1|Slowking-Galar, M|
|poke|p1|Meowscarada, M|
|poke|p1|Cinderace, F|
|poke|p2|Moltres|
|poke|p2|Kyurem|
|poke|p2|Dragapult, F|
|poke|p2|Zamazenta-*|
|poke|p2|Weezing-Galar, F|
|poke|p2|Ting-Lu|
|teampreview
|inactive|Battle timer is ON: inactive players will automatically lose when time's up. (requested by torito25)
|inactive|Koto5blue also wants the timer to be on.
|
|t:|1743937908
|start
|switch|p1a: Cinderace|Cinderace, F|100/100
|switch|p2a: Dragapult|Dragapult, F|100/100
|turn|1
|
|t:|1743937915
|move|p1a: Cinderace|Sucker Punch|p2a: Dragapult
|-start|p1a: Cinderace|typechange|Dark|[from] ability: Libero
|-supereffective|p2a: Dragapult
|-damage|p2a: Dragapult|2/100
|move|p2a: Dragapult|U-turn|p1a: Cinderace
|-supereffective|p1a: Cinderace
|-damage|p1a: Cinderace|30/100
|
|t:|1743937923
|switch|p2a: Moltres|Moltres|100/100|[from] U-turn
|
|upkeep
|turn|2
|
|t:|1743937930
|switch|p1a: Empoleon|Empoleon, M|100/100
|move|p2a: Moltres|U-turn|p1a: Empoleon
|-resisted|p1a: Empoleon
|-damage|p1a: Empoleon|94/100
|
|t:|1743937947
|switch|p2a: Ting-Lu|Ting-Lu|100/100|[from] U-turn
|-ability|p2a: Ting-Lu|Vessel of Ruin
|
|upkeep
|turn|3
|
|t:|1743937956
|switch|p1a: Great Tusk|Great Tusk|100/100
|move|p2a: Ting-Lu|Ruination|p1a: Great Tusk
|-damage|p1a: Great Tusk|51/100
|
|upkeep
|turn|4
|
|t:|1743937964
|switch|p2a: Moltres|Moltres|100/100
|move|p1a: Great Tusk|Stealth Rock|p2a: Moltres
|-sidestart|p2: torito25|move: Stealth Rock
|
|upkeep
|turn|5
|
|t:|1743937971
|-end|p1a: Great Tusk|Protosynthesis|[silent]
|switch|p1a: Empoleon|Empoleon, M|94/100
|move|p2a: Moltres|U-turn|p1a: Empoleon
|-resisted|p1a: Empoleon
|-damage|p1a: Empoleon|86/100
|
|t:|1743937987
|switch|p2a: Weezing|Weezing-Galar, F|100/100|[from] U-turn
|-ability|p2a: Weezing|Neutralizing Gas
|-damage|p2a: Weezing|88/100|[from] Stealth Rock
|
|-heal|p2a: Weezing|94/100|[from] item: Black Sludge
|upkeep
|turn|6
|
|t:|1743937991
|-end|p2a: Weezing|ability: Neutralizing Gas
|switch|p2a: Ting-Lu|Ting-Lu|100/100
|-damage|p2a: Ting-Lu|94/100|[from] Stealth Rock
|-ability|p2a: Ting-Lu|Vessel of Ruin
|move|p1a: Empoleon|Flash Cannon|p2a: Ting-Lu
|-damage|p2a: Ting-Lu|78/100
|-unboost|p2a: Ting-Lu|spd|1
|
|-heal|p2a: Ting-Lu|85/100|[from] item: Leftovers
|upkeep
|turn|7
|
|t:|1743938003
|move|p1a: Empoleon|Hydro Pump|p2a: Ting-Lu
|-supereffective|p2a: Ting-Lu
|-damage|p2a: Ting-Lu|13/100
|move|p2a: Ting-Lu|Whirlwind|p1a: Empoleon
|drag|p1a: Great Tusk|Great Tusk|51/100
|
|-heal|p2a: Ting-Lu|19/100|[from] item: Leftovers
|upkeep
|turn|8
|
|t:|1743938017
|-end|p1a: Great Tusk|Protosynthesis|[silent]
|switch|p1a: Empoleon|Empoleon, M|86/100
|switch|p2a: Moltres|Moltres|100/100
|
|upkeep
|turn|9
|
|t:|1743938042
|switch|p2a: Zamazenta|Zamazenta|100/100
|-damage|p2a: Zamazenta|94/100|[from] Stealth Rock
|-ability|p2a: Zamazenta|Dauntless Shield|boost
|-boost|p2a: Zamazenta|def|1
|move|p1a: Empoleon|Hydro Pump|p2a: Zamazenta
|-damage|p2a: Zamazenta|46/100
|
|-heal|p2a: Zamazenta|52/100|[from] item: Leftovers
|upkeep
|turn|10
|
|t:|1743938056
|switch|p1a: Great Tusk|Great Tusk|51/100
|move|p2a: Zamazenta|Substitute|p2a: Zamazenta
|-start|p2a: Zamazenta|Substitute
|-damage|p2a: Zamazenta|27/100
|
|-heal|p2a: Zamazenta|33/100|[from] item: Leftovers
|upkeep
|turn|11
|
|t:|1743938066
|move|p2a: Zamazenta|Iron Defense|p2a: Zamazenta
|-boost|p2a: Zamazenta|def|2
|move|p1a: Great Tusk|Rapid Spin|p2a: Zamazenta
|-activate|p2a: Zamazenta|move: Substitute|[damage]
|-boost|p1a: Great Tusk|spe|1
|
|-heal|p2a: Zamazenta|39/100|[from] item: Leftovers
|upkeep
|turn|12
|
|t:|1743938069
|move|p1a: Great Tusk|Headlong Rush|p2a: Zamazenta
|-activate|p2a: Zamazenta|move: Substitute|[damage]
|-unboost|p1a: Great Tusk|def|1
|-unboost|p1a: Great Tusk|spd|1
|move|p2a: Zamazenta|Body Press|p1a: Great Tusk
|-damage|p1a: Great Tusk|0 fnt
|-damage|p2a: Zamazenta|23/100|[from] item: Rocky Helmet|[of] p1a: Great Tusk
|faint|p1a: Great Tusk
|-end|p1a: Great Tusk|Protosynthesis|[silent]
|
|-heal|p2a: Zamazenta|29/100|[from] item: Leftovers
|upkeep
|
|t:|1743938076
|switch|p1a: Slowking|Slowking-Galar, M|100/100
|turn|13
|
|t:|1743938081
|switch|p2a: Ting-Lu|Ting-Lu|19/100
|-damage|p2a: Ting-Lu|13/100|[from] Stealth Rock
|-ability|p2a: Ting-Lu|Vessel of Ruin
|move|p1a: Slowking|Sludge Bomb|p2a: Ting-Lu
|-resisted|p2a: Ting-Lu
|-damage|p2a: Ting-Lu|3/100
|
|-heal|p2a: Ting-Lu|9/100|[from] item: Leftovers
|upkeep
|turn|14
|
|t:|1743938101
|move|p2a: Ting-Lu|Ruination|p1a: Slowking
|-damage|p1a: Slowking|50/100
|move|p1a: Slowking|Ice Beam|p2a: Ting-Lu
|-supereffective|p2a: Ting-Lu
|-damage|p2a: Ting-Lu|0 fnt
|faint|p2a: Ting-Lu
|
|upkeep
|
|t:|1743938114
|switch|p2a: Weezing|Weezing-Galar, F|94/100
|-ability|p2a: Weezing|Neutralizing Gas
|-damage|p2a: Weezing|82/100|[from] Stealth Rock
|turn|15
|
|t:|1743938127
|move|p2a: Weezing|Defog|p1a: Slowking
|-unboost|p1a: Slowking|evasion|1
|-sideend|p2: torito25|Stealth Rock|[from] move: Defog|[of] p2a: Weezing
|move|p1a: Slowking|Psyshock|p2a: Weezing
|-supereffective|p2a: Weezing
|-damage|p2a: Weezing|36/100
|
|-heal|p2a: Weezing|42/100|[from] item: Black Sludge
|upkeep
|turn|16
|
|t:|1743938137
|-end|p2a: Weezing|ability: Neutralizing Gas
|switch|p2a: Moltres|Moltres|100/100
|move|p1a: Slowking|Psyshock|p2a: Moltres
|-crit|p2a: Moltres
|-damage|p2a: Moltres|60/100
|
|upkeep
|turn|17
|
|t:|1743938143
|switch|p1a: Empoleon|Empoleon, M|86/100
|move|p2a: Moltres|Hurricane|p1a: Empoleon
|-resisted|p1a: Empoleon
|-damage|p1a: Empoleon|64/100
|
|upkeep
|turn|18
|
|t:|1743938160
|move|p2a: Moltres|U-turn|p1a: Empoleon
|-resisted|p1a: Empoleon
|-damage|p1a: Empoleon|57/100
|
|t:|1743938170
|switch|p2a: Zamazenta|Zamazenta|29/100|[from] U-turn
|move|p1a: Empoleon|Hydro Pump|p2a: Zamazenta
|-damage|p2a: Zamazenta|0 fnt
|faint|p2a: Zamazenta
|
|upkeep
|
|t:|1743938184
|switch|p2a: Kyurem|Kyurem|100/100
|-ability|p2a: Kyurem|Pressure
|turn|19
|
|t:|1743938191
|switch|p1a: Corviknight|Corviknight, M|100/100
|-ability|p1a: Corviknight|Pressure
|move|p2a: Kyurem|Earth Power|p1a: Corviknight
|-immune|p1a: Corviknight
|
|upkeep
|turn|20
|
|t:|1743938196
|switch|p2a: Moltres|Moltres|60/100
|move|p1a: Corviknight|U-turn|p2a: Moltres
|-resisted|p2a: Moltres
|-damage|p2a: Moltres|57/100
|
|t:|1743938198
|switch|p1a: Empoleon|Empoleon, M|57/100|[from] U-turn
|
|upkeep
|turn|21
|
|t:|1743938208
|move|p2a: Moltres|Flamethrower|p1a: Empoleon
|-damage|p1a: Empoleon|21/100
|move|p1a: Empoleon|Flash Cannon|p2a: Moltres
|-resisted|p2a: Moltres
|-damage|p2a: Moltres|36/100
|
|upkeep
|turn|22
|
|t:|1743938216
|move|p2a: Moltres|Flamethrower|p1a: Empoleon
|-damage|p1a: Empoleon|0 fnt
|faint|p1a: Empoleon
|
|upkeep
|
|t:|1743938219
|switch|p1a: Slowking|Slowking-Galar, M|84/100
|turn|23
|
|t:|1743938229
|move|p2a: Moltres|Roost|p2a: Moltres
|-heal|p2a: Moltres|86/100
|-singleturn|p2a: Moltres|move: Roost
|move|p1a: Slowking|Psyshock|p2a: Moltres
|-damage|p2a: Moltres|58/100
|
|upkeep
|turn|24
|
|t:|1743938234
|move|p2a: Moltres|Flamethrower|p1a: Slowking
|-damage|p1a: Slowking|62/100
|move|p1a: Slowking|Sludge Bomb|p2a: Moltres
|-damage|p2a: Moltres|10/100
|
|upkeep
|turn|25
|
|t:|1743938255
|move|p2a: Moltres|Flamethrower|p1a: Slowking
|-damage|p1a: Slowking|41/100
|-status|p1a: Slowking|brn
|move|p1a: Slowking|Sludge Bomb|p2a: Moltres
|-damage|p2a: Moltres|0 fnt
|faint|p2a: Moltres
|
|-damage|p1a: Slowking|35/100 brn|[from] brn
|upkeep
|
|t:|1743938261
|switch|p2a: Weezing|Weezing-Galar, F|42/100
|-ability|p2a: Weezing|Neutralizing Gas
|turn|26
|
|t:|1743938274
|move|p2a: Weezing|Strange Steam|p1a: Slowking
|-resisted|p1a: Slowking
|-crit|p1a: Slowking
|-damage|p1a: Slowking|24/100 brn
|move|p1a: Slowking|Psyshock|p2a: Weezing
|-supereffective|p2a: Weezing
|-damage|p2a: Weezing|0 fnt
|faint|p2a: Weezing
|-end|p2a: Weezing|ability: Neutralizing Gas
|
|-damage|p1a: Slowking|18/100 brn|[from] brn
|upkeep
|
|t:|1743938280
|switch|p2a: Dragapult|Dragapult, F|2/100
|turn|27
|
|t:|1743938288
|move|p2a: Dragapult|Hex|p1a: Slowking
|-supereffective|p1a: Slowking
|-damage|p1a: Slowking|0 fnt
|faint|p1a: Slowking
|
|upkeep
|
|t:|1743938290
|switch|p1a: Meowscarada|Meowscarada, M|100/100
|turn|28
|
|t:|1743938295
|move|p1a: Meowscarada|Knock Off|p2a: Dragapult
|-start|p1a: Meowscarada|typechange|Dark|[from] ability: Protean
|-supereffective|p2a: Dragapult
|-damage|p2a: Dragapult|0 fnt
|-enditem|p2a: Dragapult|Heavy-Duty Boots|[from] move: Knock Off|[of] p1a: Meowscarada
|faint|p2a: Dragapult
|
|upkeep
|
|t:|1743938298
|switch|p2a: Kyurem|Kyurem|100/100
|-ability|p2a: Kyurem|Pressure
|turn|29
|-message|torito25 forfeited.
|
|win|Koto5blue
|raw|Koto5blue's rating: 1476 &rarr; <strong>1496</strong><br />(+20 for winning)
|raw|torito25's rating: 1475 &rarr; <strong>1455</strong><br />(-20 for losing)
|l|☆torito25
|player|p2|
|l|☆Koto5blue
|player|p1|
