|j|☆u glazin
|j|☆Chorley Cakes
|inactive|Battle timer is ON: inactive players will automatically lose when time's up.
|t:|1743859301
|gametype|singles
|player|p1|u glazin|lucas|
|player|p2|Chorley Cakes|pokemonranger-gen4|
|teamsize|p1|6
|teamsize|p2|6
|gen|9
|tier|[Gen 9] OU
|rated|Tournament battle
|rule|HP Percentage Mod: HP is shown in percentages
|rule|Endless Battle Clause: Forcing endless battles is banned
|rule|Species Clause: Limit one of each Pokémon
|rule|OHKO Clause: OHKO moves are banned
|rule|Evasion Items Clause: Evasion items are banned
|rule|Evasion Moves Clause: Evasion moves are banned
|rule|Sleep Moves Clause: Sleep-inducing moves are banned
|clearpoke
|poke|p1|Zamazenta-*|
|poke|p1|Cinderace, F|
|poke|p1|Slowking-Galar, M|
|poke|p1|Corviknight, F|
|poke|p1|Ting-Lu|
|poke|p1|Kyurem|
|poke|p2|Kyurem|
|poke|p2|Zamazenta-*|
|poke|p2|Landorus-Therian, M|
|poke|p2|Zapdos|
|poke|p2|Glimmora, F|
|poke|p2|Alomomola, M|
|teampreview
|inactive|Chorley Cakes also wants the timer to be on.
|c|☆Chorley Cakes|gl hf
|
|t:|1743859317
|start
|switch|p1a: Kyurem|Kyurem|100/100
|switch|p2a: Alomomola|Alomomola, M|100/100
|-ability|p1a: Kyurem|Pressure
|turn|1
|inactive|Chorley Cakes has 120 seconds left.
|
|t:|1743859358
|move|p1a: Kyurem|Substitute|p1a: Kyurem
|-start|p1a: Kyurem|Substitute
|-damage|p1a: Kyurem|75/100
|move|p2a: Alomomola|Flip Turn|p1a: Kyurem
|-resisted|p1a: Kyurem
|-activate|p1a: Kyurem|move: Substitute|[damage]
|
|t:|1743859364
|switch|p2a: Kyurem|Kyurem|100/100|[from] Flip Turn
|-ability|p2a: Kyurem|Pressure
|
|-heal|p1a: Kyurem|82/100|[from] item: Leftovers
|upkeep
|turn|2
|
|t:|1743859389
|switch|p1a: Corviknight|Corviknight, F|100/100
|-ability|p1a: Corviknight|Pressure
|move|p2a: Kyurem|Scale Shot|p1a: Corviknight
|-resisted|p1a: Corviknight
|-damage|p1a: Corviknight|97/100
|-resisted|p1a: Corviknight
|-damage|p1a: Corviknight|93/100
|-resisted|p1a: Corviknight
|-damage|p1a: Corviknight|89/100
|-resisted|p1a: Corviknight
|-damage|p1a: Corviknight|85/100
|-hitcount|p1a: Corviknight|4
|-unboost|p2a: Kyurem|def|1
|-boost|p2a: Kyurem|spe|1
|
|upkeep
|turn|3
|inactive|Chorley Cakes has 120 seconds left.
|inactive|u glazin has 120 seconds left.
|
|t:|1743859414
|switch|p2a: Landorus|Landorus-Therian, M|100/100
|-ability|p2a: Landorus|Intimidate|boost
|-unboost|p1a: Corviknight|atk|1
|switch|p1a: Slowking|Slowking-Galar, M|100/100
|
|upkeep
|turn|4
|
|t:|1743859423
|switch|p1a: Kyurem|Kyurem|82/100
|-ability|p1a: Kyurem|Pressure
|move|p2a: Landorus|Stealth Rock|p1a: Kyurem
|-sidestart|p1: u glazin|move: Stealth Rock
|
|-heal|p1a: Kyurem|88/100|[from] item: Leftovers
|upkeep
|turn|5
|inactive|Chorley Cakes has 90 seconds left.
|
|t:|1743859455
|move|p1a: Kyurem|Freeze-Dry|p2a: Landorus
|-supereffective|p2a: Landorus
|-damage|p2a: Landorus|0 fnt
|faint|p2a: Landorus
|
|-heal|p1a: Kyurem|94/100|[from] item: Leftovers
|upkeep
|inactive|Chorley Cakes has 90 seconds left.
|
|t:|1743859477
|switch|p2a: Kyurem|Kyurem|100/100
|-ability|p2a: Kyurem|Pressure
|turn|6
|
|t:|1743859491
|switch|p1a: Zamazenta|Zamazenta|100/100
|-damage|p1a: Zamazenta|94/100|[from] Stealth Rock
|-ability|p1a: Zamazenta|Dauntless Shield|boost
|-boost|p1a: Zamazenta|def|1
|move|p2a: Kyurem|Dragon Dance|p2a: Kyurem
|-boost|p2a: Kyurem|atk|1
|-boost|p2a: Kyurem|spe|1
|
|upkeep
|turn|7
|inactive|Chorley Cakes has 90 seconds left.
|
|t:|1743859516
|-terastallize|p2a: Kyurem|Electric
|move|p2a: Kyurem|Icicle Spear|p1a: Zamazenta
|-damage|p1a: Zamazenta|82/100
|-damage|p1a: Zamazenta|69/100
|-damage|p1a: Zamazenta|58/100
|-damage|p1a: Zamazenta|47/100
|-damage|p1a: Zamazenta|36/100
|-hitcount|p1a: Zamazenta|5
|move|p1a: Zamazenta|Close Combat|p2a: Kyurem
|-damage|p2a: Kyurem|10/100
|-unboost|p1a: Zamazenta|def|1
|-unboost|p1a: Zamazenta|spd|1
|
|upkeep
|turn|8
|
|t:|1743859534
|move|p2a: Kyurem|Scale Shot|p1a: Zamazenta
|-damage|p1a: Zamazenta|20/100
|-damage|p1a: Zamazenta|3/100
|-damage|p1a: Zamazenta|0 fnt
|faint|p1a: Zamazenta
|-hitcount|p1: Zamazenta|3
|-unboost|p2a: Kyurem|def|1
|-boost|p2a: Kyurem|spe|1
|
|upkeep
|inactive|u glazin has 120 seconds left.
|
|t:|1743859564
|switch|p1a: Ting-Lu|Ting-Lu|100/100
|-damage|p1a: Ting-Lu|94/100|[from] Stealth Rock
|-ability|p1a: Ting-Lu|Vessel of Ruin
|turn|9
|
|t:|1743859570
|-terastallize|p1a: Ting-Lu|Poison
|move|p2a: Kyurem|Icicle Spear|p1a: Ting-Lu
|-damage|p1a: Ting-Lu|84/100
|-damage|p1a: Ting-Lu|72/100
|-crit|p1a: Ting-Lu
|-damage|p1a: Ting-Lu|56/100
|-damage|p1a: Ting-Lu|44/100
|-hitcount|p1a: Ting-Lu|4
|move|p1a: Ting-Lu|Earthquake|p2a: Kyurem
|-supereffective|p2a: Kyurem
|-crit|p2a: Kyurem
|-damage|p2a: Kyurem|0 fnt
|faint|p2a: Kyurem
|
|-heal|p1a: Ting-Lu|51/100|[from] item: Leftovers
|upkeep
|
|t:|1743859586
|switch|p2a: Zapdos|Zapdos|100/100
|turn|10
|
|t:|1743859591
|move|p2a: Zapdos|Discharge|p1a: Ting-Lu
|-damage|p1a: Ting-Lu|35/100
|move|p1a: Ting-Lu|Rest|p1a: Ting-Lu
|-status|p1a: Ting-Lu|slp|[from] move: Rest
|-heal|p1a: Ting-Lu|100/100 slp|[silent]
|
|upkeep
|turn|11
|inactive|Chorley Cakes has 60 seconds left.
|
|t:|1743859635
|switch|p2a: Alomomola|Alomomola, M|100/100
|cant|p1a: Ting-Lu|slp
|move|p1a: Ting-Lu|Sleep Talk|p1a: Ting-Lu
|move|p1a: Ting-Lu|Earthquake|p2a: Alomomola|[from] move: Sleep Talk
|-damage|p2a: Alomomola|75/100
|
|upkeep
|turn|12
|
|t:|1743859649
|move|p2a: Alomomola|Scald|p1a: Ting-Lu
|-damage|p1a: Ting-Lu|94/100 slp
|cant|p1a: Ting-Lu|slp
|move|p1a: Ting-Lu|Sleep Talk|p1a: Ting-Lu
|move|p1a: Ting-Lu|Payback|p2a: Alomomola|[from] move: Sleep Talk
|-damage|p2a: Alomomola|52/100
|-damage|p1a: Ting-Lu|78/100 slp|[from] item: Rocky Helmet|[of] p2a: Alomomola
|
|-heal|p1a: Ting-Lu|84/100 slp|[from] item: Leftovers
|upkeep
|turn|13
|inactive|Chorley Cakes has 60 seconds left.
|
|t:|1743859659
|switch|p1a: Slowking|Slowking-Galar, M|100/100
|move|p2a: Alomomola|Wish|p2a: Alomomola
|
|upkeep
|turn|14
|
|t:|1743859668
|move|p2a: Alomomola|Scald|p1a: Slowking
|-damage|p1a: Slowking|93/100
|move|p1a: Slowking|Future Sight|p2a: Alomomola
|-start|p1a: Slowking|move: Future Sight
|
|-heal|p2a: Alomomola|100/100|[from] move: Wish|[wisher] Alomomola
|upkeep
|turn|15
|
|t:|1743859675
|move|p2a: Alomomola|Scald|p1a: Slowking
|-damage|p1a: Slowking|84/100
|move|p1a: Slowking|Toxic|p2a: Alomomola
|-status|p2a: Alomomola|tox
|
|-damage|p2a: Alomomola|94/100 tox|[from] psn
|upkeep
|turn|16
|-message|Chorley Cakes forfeited.
|
|win|u glazin
|n|☆u glazin|uglazin
|n|☆Chorley Cakes|chorleycakes
|l|☆Chorley Cakes
|player|p2|
