|j|☆CutestEduck1
|j|☆Eliano030
|t:|1743786530
|gametype|singles
|player|p1|CutestEduck1|dawn-gen4pt|1414
|player|p2|Eliano030|102|1417
|teamsize|p1|6
|teamsize|p2|6
|gen|9
|tier|[Gen 9] OU
|rated|
|rule|HP Percentage Mod: HP is shown in percentages
|rule|Endless Battle Clause: Forcing endless battles is banned
|rule|Species Clause: Limit one of each Pokémon
|rule|OHKO Clause: OHKO moves are banned
|rule|Evasion Items Clause: Evasion items are banned
|rule|Evasion Moves Clause: Evasion moves are banned
|rule|Sleep Moves Clause: Sleep-inducing moves are banned
|clearpoke
|poke|p1|Meowscarada, F|
|poke|p1|Latios, M|
|poke|p1|Pecharunt|
|poke|p1|Tinkaton, F|
|poke|p1|Samurott-Hisui, F|
|poke|p1|Great Tusk|
|poke|p2|Meowscarada, M|
|poke|p2|Cinderace, F|
|poke|p2|Greninja-*, M|
|poke|p2|Garganacl, F|
|poke|p2|Bronzong|
|poke|p2|Donphan, L1, F|
|teampreview
|inactive|Battle timer is ON: inactive players will automatically lose when time's up. (requested by CutestEduck1)
|
|t:|1743786541
|start
|switch|p1a: Tinkaton|Tinkaton, F|100/100
|switch|p2a: Meowscarada|Meowscarada, M|100/100
|-ability|p1a: Tinkaton|Mold Breaker
|-item|p1a: Tinkaton|Air Balloon
|turn|1
|
|t:|1743786546
|move|p2a: Meowscarada|U-turn|p1a: Tinkaton
|-start|p2a: Meowscarada|typechange|Bug|[from] ability: Protean
|-resisted|p1a: Tinkaton
|-damage|p1a: Tinkaton|91/100
|-enditem|p1a: Tinkaton|Air Balloon
|
|t:|1743786551
|switch|p2a: Bronzong|Bronzong, shiny|100/100|[from] U-turn
|move|p1a: Tinkaton|Stealth Rock|p2a: Bronzong
|-sidestart|p2: Eliano030|move: Stealth Rock
|
|upkeep
|turn|2
|
|t:|1743786557
|move|p1a: Tinkaton|Thunder Wave|p2a: Bronzong
|-status|p2a: Bronzong|par
|move|p2a: Bronzong|Future Sight|p1a: Tinkaton
|-start|p2a: Bronzong|move: Future Sight
|
|upkeep
|turn|3
|
|t:|1743786564
|switch|p1a: Samurott|Samurott-Hisui, F|100/100
|move|p2a: Bronzong|Gyro Ball|p1a: Samurott
|-resisted|p1a: Samurott
|-damage|p1a: Samurott|73/100
|
|upkeep
|turn|4
|
|t:|1743786575
|-terastallize|p2a: Bronzong|Fighting
|move|p1a: Samurott|Ceaseless Edge|p2a: Bronzong
|-resisted|p2a: Bronzong
|-damage|p2a: Bronzong|79/100 par
|-sidestart|p2: Eliano030|Spikes
|cant|p2a: Bronzong|par
|
|-end|p1a: Samurott|move: Future Sight
|-immune|p1a: Samurott
|-heal|p2a: Bronzong|85/100 par|[from] item: Leftovers
|upkeep
|turn|5
|c|☆Eliano030|:(
|
|t:|1743786598
|move|p1a: Samurott|Flip Turn|p2a: Bronzong
|-damage|p2a: Bronzong|60/100 par
|
|t:|1743786603
|switch|p1a: Pecharunt|Pecharunt|100/100|[from] Flip Turn
|move|p2a: Bronzong|Future Sight|p1a: Pecharunt
|-start|p2a: Bronzong|move: Future Sight
|
|-heal|p2a: Bronzong|66/100 par|[from] item: Leftovers
|upkeep
|turn|6
|
|t:|1743786615
|move|p1a: Pecharunt|Hex|p2a: Bronzong
|-damage|p2a: Bronzong|38/100 par
|move|p2a: Bronzong|Gyro Ball|p1a: Pecharunt
|-damage|p1a: Pecharunt|74/100
|
|-heal|p2a: Bronzong|44/100 par|[from] item: Leftovers
|upkeep
|turn|7
|
|t:|1743786621
|switch|p1a: Samurott|Samurott-Hisui, F|73/100
|move|p2a: Bronzong|Gyro Ball|p1a: Samurott
|-resisted|p1a: Samurott
|-damage|p1a: Samurott|48/100
|
|-end|p1a: Samurott|move: Future Sight
|-immune|p1a: Samurott
|-heal|p2a: Bronzong|50/100 par|[from] item: Leftovers
|upkeep
|turn|8
|
|t:|1743786629
|move|p1a: Samurott|Aqua Cutter|p2a: Bronzong
|-damage|p2a: Bronzong|4/100 par
|move|p2a: Bronzong|Body Press|p1a: Samurott
|-supereffective|p1a: Samurott
|-damage|p1a: Samurott|0 fnt
|faint|p1a: Samurott
|
|-heal|p2a: Bronzong|10/100 par|[from] item: Leftovers
|upkeep
|
|t:|1743786637
|switch|p1a: Meowscarada|Meowscarada, F|100/100
|turn|9
|
|t:|1743786639
|move|p2a: Bronzong|Protect|p2a: Bronzong
|-singleturn|p2a: Bronzong|Protect
|move|p1a: Meowscarada|U-turn|p2a: Bronzong
|-start|p1a: Meowscarada|typechange|Bug|[from] ability: Protean
|-activate|p2a: Bronzong|move: Protect
|
|-heal|p2a: Bronzong|16/100 par|[from] item: Leftovers
|upkeep
|turn|10
|
|t:|1743786642
|move|p1a: Meowscarada|U-turn|p2a: Bronzong
|-resisted|p2a: Bronzong
|-damage|p2a: Bronzong|1/100 par
|
|t:|1743786650
|switch|p1a: Great Tusk|Great Tusk|100/100|[from] U-turn
|move|p2a: Bronzong|Future Sight|p1a: Great Tusk
|-start|p2a: Bronzong|move: Future Sight
|
|-heal|p2a: Bronzong|7/100 par|[from] item: Leftovers
|upkeep
|turn|11
|
|t:|1743786656
|cant|p2a: Bronzong|par
|move|p1a: Great Tusk|Rapid Spin|p2a: Bronzong
|-damage|p2a: Bronzong|0 fnt
|-boost|p1a: Great Tusk|spe|1
|faint|p2a: Bronzong
|
|upkeep
|
|t:|1743786663
|switch|p2a: Meowscarada|Meowscarada, M|100/100
|-damage|p2a: Meowscarada|88/100|[from] Stealth Rock
|-damage|p2a: Meowscarada|76/100|[from] Spikes
|turn|12
|
|t:|1743786670
|-end|p1a: Great Tusk|Protosynthesis|[silent]
|switch|p1a: Tinkaton|Tinkaton, F|91/100
|-ability|p1a: Tinkaton|Mold Breaker
|move|p2a: Meowscarada|Flower Trick|p1a: Tinkaton
|-start|p2a: Meowscarada|typechange|Grass|[from] ability: Protean
|-resisted|p1a: Tinkaton
|-crit|p1a: Tinkaton
|-damage|p1a: Tinkaton|61/100
|
|-end|p1a: Tinkaton|move: Future Sight
|-resisted|p1a: Tinkaton
|-damage|p1a: Tinkaton|46/100
|upkeep
|turn|13
|
|t:|1743786678
|switch|p2a: Garganacl|Garganacl, F|100/100
|-damage|p2a: Garganacl|88/100|[from] Stealth Rock
|-damage|p2a: Garganacl|76/100|[from] Spikes
|move|p1a: Tinkaton|Thunder Wave|p2a: Garganacl|[miss]
|-miss|p1a: Tinkaton|p2a: Garganacl
|
|-heal|p2a: Garganacl|82/100|[from] item: Leftovers
|upkeep
|turn|14
|
|t:|1743786683
|move|p1a: Tinkaton|Gigaton Hammer|p2a: Garganacl
|-supereffective|p2a: Garganacl
|-damage|p2a: Garganacl|39/100
|move|p2a: Garganacl|Salt Cure|p1a: Tinkaton
|-resisted|p1a: Tinkaton
|-damage|p1a: Tinkaton|38/100
|-start|p1a: Tinkaton|Salt Cure
|
|-heal|p2a: Garganacl|45/100|[from] item: Leftovers
|-damage|p1a: Tinkaton|14/100|[from] Salt Cure
|upkeep
|turn|15
|
|t:|1743786691
|switch|p1a: Meowscarada|Meowscarada, F|100/100
|move|p2a: Garganacl|Recover|p2a: Garganacl
|-heal|p2a: Garganacl|95/100
|
|-heal|p2a: Garganacl|100/100|[from] item: Leftovers
|upkeep
|turn|16
|
|t:|1743786697
|move|p2a: Garganacl|Protect|p2a: Garganacl
|-singleturn|p2a: Garganacl|Protect
|move|p1a: Meowscarada|Knock Off|p2a: Garganacl
|-start|p1a: Meowscarada|typechange|Dark|[from] ability: Protean
|-activate|p2a: Garganacl|move: Protect
|
|upkeep
|turn|17
|
|t:|1743786701
|move|p1a: Meowscarada|Knock Off|p2a: Garganacl
|-damage|p2a: Garganacl|76/100
|-enditem|p2a: Garganacl|Leftovers|[from] move: Knock Off|[of] p1a: Meowscarada
|move|p2a: Garganacl|Body Press|p1a: Meowscarada
|-supereffective|p1a: Meowscarada
|-damage|p1a: Meowscarada|4/100
|
|upkeep
|turn|18
|
|t:|1743786709
|switch|p1a: Pecharunt|Pecharunt|74/100
|move|p2a: Garganacl|Salt Cure|p1a: Pecharunt
|-damage|p1a: Pecharunt|65/100
|-start|p1a: Pecharunt|Salt Cure
|
|-damage|p1a: Pecharunt|53/100|[from] Salt Cure
|upkeep
|turn|19
|
|t:|1743786716
|move|p2a: Garganacl|Protect|p2a: Garganacl
|-singleturn|p2a: Garganacl|Protect
|move|p1a: Pecharunt|Recover|p1a: Pecharunt
|-heal|p1a: Pecharunt|100/100
|
|-damage|p1a: Pecharunt|88/100|[from] Salt Cure
|upkeep
|turn|20
|
|t:|1743786721
|switch|p1a: Latios|Latios, M|100/100
|move|p2a: Garganacl|Recover|p2a: Garganacl
|-heal|p2a: Garganacl|100/100
|
|upkeep
|turn|21
|
|t:|1743786725
|move|p1a: Latios|Trick|p2a: Garganacl
|-activate|p1a: Latios|move: Trick|[of] p2a: Garganacl
|-item|p2a: Garganacl|Choice Specs|[from] move: Trick
|-enditem|p1a: Latios|Choice Specs|[silent]|[from] move: Trick
|move|p2a: Garganacl|Salt Cure|p1a: Latios
|-damage|p1a: Latios|82/100
|-start|p1a: Latios|Salt Cure
|
|-damage|p1a: Latios|70/100|[from] Salt Cure
|upkeep
|turn|22
|
|t:|1743786734
|move|p1a: Latios|Luster Purge|p2a: Garganacl
|-damage|p2a: Garganacl|54/100
|-unboost|p2a: Garganacl|spd|1
|move|p2a: Garganacl|Salt Cure|p1a: Latios
|-damage|p1a: Latios|50/100
|
|-damage|p1a: Latios|37/100|[from] Salt Cure
|upkeep
|turn|23
|
|t:|1743786741
|move|p1a: Latios|Draco Meteor|p2a: Garganacl
|-damage|p2a: Garganacl|0 fnt
|-unboost|p1a: Latios|spa|2
|faint|p2a: Garganacl
|
|-damage|p1a: Latios|25/100|[from] Salt Cure
|upkeep
|
|t:|1743786745
|switch|p2a: Cinderace|Cinderace, F|100/100
|turn|24
|
|t:|1743786748
|switch|p1a: Pecharunt|Pecharunt|88/100
|move|p2a: Cinderace|Court Change|p2a: Cinderace
|-start|p2a: Cinderace|typechange|Normal|[from] ability: Libero
|-swapsideconditions
|-activate|p2a: Cinderace|move: Court Change
|
|upkeep
|turn|25
|
|t:|1743786761
|move|p2a: Cinderace|Pyro Ball|p1a: Pecharunt
|-damage|p1a: Pecharunt|66/100
|move|p1a: Pecharunt|Malignant Chain|p2a: Cinderace
|-damage|p2a: Cinderace|58/100
|-status|p2a: Cinderace|tox
|-start|p2a: Cinderace|confusion|[from] ability: Poison Puppeteer|[of] p1a: Pecharunt
|
|-damage|p2a: Cinderace|52/100 tox|[from] psn
|upkeep
|turn|26
|
|t:|1743786765
|-activate|p2a: Cinderace|confusion
|move|p2a: Cinderace|U-turn|p1a: Pecharunt
|-resisted|p1a: Pecharunt
|-damage|p1a: Pecharunt|63/100
|
|t:|1743786770
|switch|p2a: Meowscarada|Meowscarada, M|76/100|[from] U-turn
|move|p1a: Pecharunt|Recover|p1a: Pecharunt
|-heal|p1a: Pecharunt|100/100
|
|upkeep
|turn|27
|
|t:|1743786781
|move|p2a: Meowscarada|Knock Off|p1a: Pecharunt
|-start|p2a: Meowscarada|typechange|Dark|[from] ability: Protean
|-supereffective|p1a: Pecharunt
|-damage|p1a: Pecharunt|45/100
|-enditem|p1a: Pecharunt|Heavy-Duty Boots|[from] move: Knock Off|[of] p2a: Meowscarada
|move|p1a: Pecharunt|Malignant Chain|p2a: Meowscarada
|-damage|p2a: Meowscarada|26/100
|
|upkeep
|turn|28
|
|t:|1743786787
|move|p2a: Meowscarada|Knock Off|p1a: Pecharunt
|-supereffective|p1a: Pecharunt
|-damage|p1a: Pecharunt|6/100
|move|p1a: Pecharunt|Recover|p1a: Pecharunt
|-heal|p1a: Pecharunt|56/100
|
|upkeep
|turn|29
|
|t:|1743786793
|move|p2a: Meowscarada|Knock Off|p1a: Pecharunt
|-supereffective|p1a: Pecharunt
|-damage|p1a: Pecharunt|18/100
|move|p1a: Pecharunt|Recover|p1a: Pecharunt
|-heal|p1a: Pecharunt|68/100
|
|upkeep
|turn|30
|
|t:|1743786799
|switch|p1a: Great Tusk|Great Tusk|100/100
|move|p2a: Meowscarada|Knock Off|p1a: Great Tusk
|-resisted|p1a: Great Tusk
|-damage|p1a: Great Tusk|86/100
|-enditem|p1a: Great Tusk|Heavy-Duty Boots|[from] move: Knock Off|[of] p2a: Meowscarada
|
|upkeep
|turn|31
|
|t:|1743786807
|switch|p2a: Greninja|Greninja, M|100/100
|move|p1a: Great Tusk|Rapid Spin|p2a: Greninja
|-damage|p2a: Greninja|73/100
|-boost|p1a: Great Tusk|spe|1
|-sideend|p1: CutestEduck1|Spikes|[from] move: Rapid Spin|[of] p1a: Great Tusk
|-sideend|p1: CutestEduck1|Stealth Rock|[from] move: Rapid Spin|[of] p1a: Great Tusk
|
|upkeep
|turn|32
|
|t:|1743786810
|move|p2a: Greninja|Water Shuriken|p1a: Great Tusk
|-supereffective|p1a: Great Tusk
|-damage|p1a: Great Tusk|66/100
|-supereffective|p1a: Great Tusk
|-damage|p1a: Great Tusk|43/100
|-supereffective|p1a: Great Tusk
|-damage|p1a: Great Tusk|23/100
|-supereffective|p1a: Great Tusk
|-damage|p1a: Great Tusk|2/100
|-supereffective|p1a: Great Tusk
|-damage|p1a: Great Tusk|0 fnt
|faint|p1a: Great Tusk
|-end|p1a: Great Tusk|Protosynthesis|[silent]
|-ability|p2a: Greninja|Battle Bond|boost
|-boost|p2a: Greninja|atk|1
|-boost|p2a: Greninja|spa|1
|-boost|p2a: Greninja|spe|1
|-activate|p2a: Greninja|ability: Battle Bond
|-hitcount|p1: Great Tusk|5
|
|upkeep
|
|t:|1743786815
|switch|p1a: Meowscarada|Meowscarada, F|4/100
|turn|33
|
|t:|1743786819
|move|p2a: Greninja|Water Shuriken|p1a: Meowscarada
|-resisted|p1a: Meowscarada
|-crit|p1a: Meowscarada
|-damage|p1a: Meowscarada|0 fnt
|faint|p1a: Meowscarada
|-hitcount|p1: Meowscarada|1
|
|upkeep
|
|t:|1743786826
|switch|p1a: Pecharunt|Pecharunt|68/100
|turn|34
|
|t:|1743786829
|-terastallize|p1a: Pecharunt|Fairy
|move|p2a: Greninja|Dark Pulse|p1a: Pecharunt
|-resisted|p1a: Pecharunt
|-damage|p1a: Pecharunt|40/100
|move|p1a: Pecharunt|Malignant Chain|p2a: Greninja
|-damage|p2a: Greninja|23/100
|-status|p2a: Greninja|tox
|-start|p2a: Greninja|confusion|[from] ability: Poison Puppeteer|[of] p1a: Pecharunt
|
|-damage|p2a: Greninja|17/100 tox|[from] psn
|upkeep
|turn|35
|
|t:|1743786837
|switch|p1a: Tinkaton|Tinkaton, F|14/100
|-ability|p1a: Tinkaton|Mold Breaker
|-activate|p2a: Greninja|confusion
|-damage|p2a: Greninja|0 fnt|[from] confusion
|faint|p2a: Greninja
|
|upkeep
|
|t:|1743786847
|switch|p2a: Cinderace|Cinderace, F|52/100 tox
|turn|36
|
|t:|1743786851
|move|p2a: Cinderace|Pyro Ball|p1a: Tinkaton
|-supereffective|p1a: Tinkaton
|-damage|p1a: Tinkaton|0 fnt
|faint|p1a: Tinkaton
|
|-damage|p2a: Cinderace|46/100 tox|[from] psn
|upkeep
|
|t:|1743786853
|switch|p1a: Pecharunt|Pecharunt, tera:Fairy|40/100
|turn|37
|
|t:|1743786857
|move|p2a: Cinderace|Pyro Ball|p1a: Pecharunt
|-damage|p1a: Pecharunt|6/100
|move|p1a: Pecharunt|Recover|p1a: Pecharunt
|-heal|p1a: Pecharunt|56/100
|
|-damage|p2a: Cinderace|34/100 tox|[from] psn
|upkeep
|turn|38
|
|t:|1743786859
|move|p2a: Cinderace|Pyro Ball|p1a: Pecharunt
|-damage|p1a: Pecharunt|19/100
|move|p1a: Pecharunt|Recover|p1a: Pecharunt
|-heal|p1a: Pecharunt|69/100
|
|-damage|p2a: Cinderace|16/100 tox|[from] psn
|upkeep
|turn|39
|
|t:|1743786862
|move|p2a: Cinderace|Pyro Ball|p1a: Pecharunt
|-damage|p1a: Pecharunt|32/100
|move|p1a: Pecharunt|Recover|p1a: Pecharunt
|-heal|p1a: Pecharunt|82/100
|
|-damage|p2a: Cinderace|0 fnt|[from] psn
|faint|p2a: Cinderace
|upkeep
|
|t:|1743786871
|switch|p2a: Meowscarada|Meowscarada, M|26/100
|turn|40
|
|t:|1743786877
|move|p2a: Meowscarada|Flower Trick|p1a: Pecharunt
|-start|p2a: Meowscarada|typechange|Grass|[from] ability: Protean
|-crit|p1a: Pecharunt
|-damage|p1a: Pecharunt|55/100
|move|p1a: Pecharunt|Malignant Chain|p2a: Meowscarada
|-supereffective|p2a: Meowscarada
|-damage|p2a: Meowscarada|0 fnt
|faint|p2a: Meowscarada
|
|upkeep
|
|t:|1743786883
|switch|p2a: Cheatofant|Donphan, L1, F|100/100
|turn|41
|
|t:|1743786885
|move|p1a: Pecharunt|Malignant Chain|p2a: Cheatofant
|-resisted|p2a: Cheatofant
|-ability|p2a: Cheatofant|Sturdy
|-damage|p2a: Cheatofant|8/100
|move|p2a: Cheatofant|Endeavor|p1a: Pecharunt
|-damage|p1a: Pecharunt|1/100
|-heal|p2a: Cheatofant|100/100|[from] item: Shell Bell|[of] p1a: Pecharunt
|
|upkeep
|turn|42
|
|t:|1743786895
|move|p2a: Cheatofant|Ice Shard|p1a: Pecharunt
|-damage|p1a: Pecharunt|0 fnt
|faint|p1a: Pecharunt
|
|upkeep
|
|t:|1743786896
|switch|p1a: Latios|Latios, M|25/100
|turn|43
|
|t:|1743786910
|move|p1a: Latios|Trick|p2a: Cheatofant
|-activate|p1a: Latios|move: Trick|[of] p2a: Cheatofant
|-enditem|p2a: Cheatofant|Shell Bell|[silent]|[from] move: Trick
|-item|p1a: Latios|Shell Bell|[from] move: Trick
|move|p2a: Cheatofant|Sandstorm|p2a: Cheatofant
|-weather|Sandstorm
|
|-weather|Sandstorm|[upkeep]
|-damage|p1a: Latios|19/100|[from] Sandstorm
|upkeep
|turn|44
|
|t:|1743786916
|move|p1a: Latios|Luster Purge|p2a: Cheatofant
|-ability|p2a: Cheatofant|Sturdy
|-damage|p2a: Cheatofant|8/100
|-heal|p1a: Latios|19/100|[from] item: Shell Bell|[of] p2a: Cheatofant
|move|p2a: Cheatofant|Endeavor|p1a: Latios
|-damage|p1a: Latios|1/100
|
|-weather|Sandstorm|[upkeep]
|-damage|p1a: Latios|0 fnt|[from] Sandstorm
|faint|p1a: Latios
|
|win|Eliano030
|raw|CutestEduck1's rating: 1414 &rarr; <strong>1394</strong><br />(-20 for losing)
|raw|Eliano030's rating: 1417 &rarr; <strong>1437</strong><br />(+20 for winning)
|l|☆Eliano030
|player|p2|
