|badge|p2|bronze|gen9uu|100-5
|uhtml|medal-msg|<div class="broadcast-blue">Curious what those medals under the avatar are? PS now has Ladder Seasons! For more information, check out the <a href="https://www.smogon.com/forums/threads/3740067/">thread on Smogon.</a></div>
|j|☆cbateadmira
|j|☆budgetplayer
|t:|1743898155
|gametype|singles
|player|p1|cbateadmira|266|1593
|player|p2|budgetplayer|ethan-masters|1590
|teamsize|p1|6
|teamsize|p2|6
|gen|9
|tier|[Gen 9] OU
|rated|
|rule|HP Percentage Mod: HP is shown in percentages
|rule|Endless Battle Clause: Forcing endless battles is banned
|rule|Species Clause: Limit one of each Pokémon
|rule|OHKO Clause: OHKO moves are banned
|rule|Evasion Items Clause: Evasion items are banned
|rule|Evasion Moves Clause: Evasion moves are banned
|rule|Sleep Moves Clause: Sleep-inducing moves are banned
|clearpoke
|poke|p1|Corviknight, F|
|poke|p1|Raging Bolt|
|poke|p1|Cinderace, M|
|poke|p1|Ogerpon, F|
|poke|p1|Ting-Lu|
|poke|p1|Zamazenta-*|
|poke|p2|Iron Valiant|
|poke|p2|Samurott-Hisui, F|
|poke|p2|Dragonite, M|
|poke|p2|Pecharunt|
|poke|p2|Great Tusk|
|poke|p2|Kingambit, F|
|teampreview
|inactive|Battle timer is ON: inactive players will automatically lose when time's up. (requested by cbateadmira)
|
|t:|1743898185
|start
|switch|p1a: Ogerpon|Ogerpon, F|100/100
|switch|p2a: i need more meth|Iron Valiant|100/100
|turn|1
|
|t:|1743898193
|move|p2a: i need more meth|Moonblast|p1a: Ogerpon
|-damage|p1a: Ogerpon|13/100
|move|p1a: Ogerpon|Ivy Cudgel|p2a: i need more meth
|-damage|p2a: i need more meth|33/100
|
|upkeep
|turn|2
|
|t:|1743898198
|switch|p1a: Cinderace|Cinderace, M|100/100
|move|p2a: i need more meth|Moonblast|p1a: Cinderace
|-resisted|p1a: Cinderace
|-damage|p1a: Cinderace|49/100
|
|upkeep
|turn|3
|
|t:|1743898206
|-end|p2a: i need more meth|Quark Drive|[silent]
|switch|p2a: Great Tusk|Great Tusk|100/100
|move|p1a: Cinderace|Pyro Ball|p2a: Great Tusk|[miss]
|-miss|p1a: Cinderace|p2a: Great Tusk
|
|upkeep
|turn|4
|
|t:|1743898209
|move|p1a: Cinderace|Will-O-Wisp|p2a: Great Tusk
|-status|p2a: Great Tusk|brn
|move|p2a: Great Tusk|Stealth Rock|p1a: Cinderace
|-sidestart|p1: cbateadmira|move: Stealth Rock
|
|-damage|p2a: Great Tusk|94/100 brn|[from] brn
|upkeep
|turn|5
|
|t:|1743898213
|move|p1a: Cinderace|Court Change|p1a: Cinderace
|-swapsideconditions
|-activate|p1a: Cinderace|move: Court Change
|move|p2a: Great Tusk|Headlong Rush|p1a: Cinderace
|-supereffective|p1a: Cinderace
|-damage|p1a: Cinderace|0 fnt
|-unboost|p2a: Great Tusk|def|1
|-unboost|p2a: Great Tusk|spd|1
|faint|p1a: Cinderace
|
|-damage|p2a: Great Tusk|88/100 brn|[from] brn
|upkeep
|
|t:|1743898218
|switch|p1a: Ogerpon|Ogerpon, F|13/100
|turn|6
|
|t:|1743898224
|-end|p2a: Great Tusk|Protosynthesis|[silent]
|switch|p2a: Pecharunt|Pecharunt|100/100
|move|p1a: Ogerpon|Ivy Cudgel|p2a: Pecharunt
|-resisted|p2a: Pecharunt
|-damage|p2a: Pecharunt|87/100
|
|upkeep
|turn|7
|
|t:|1743898230
|move|p1a: Ogerpon|Knock Off|p2a: Pecharunt
|-supereffective|p2a: Pecharunt
|-damage|p2a: Pecharunt|51/100
|-enditem|p2a: Pecharunt|Heavy-Duty Boots|[from] move: Knock Off|[of] p1a: Ogerpon
|move|p2a: Pecharunt|Malignant Chain|p1a: Ogerpon
|-supereffective|p1a: Ogerpon
|-damage|p1a: Ogerpon|0 fnt
|faint|p1a: Ogerpon
|
|upkeep
|
|t:|1743898247
|switch|p1a: Raging Bolt|Raging Bolt|100/100
|turn|8
|
|t:|1743898252
|switch|p2a: Great Tusk|Great Tusk|88/100 brn
|-damage|p2a: Great Tusk|85/100 brn|[from] Stealth Rock
|move|p1a: Raging Bolt|Draco Meteor|p2a: Great Tusk
|-damage|p2a: Great Tusk|0 fnt
|-unboost|p1a: Raging Bolt|spa|2
|faint|p2a: Great Tusk
|-end|p2a: Great Tusk|Protosynthesis|[silent]
|
|upkeep
|inactive|budgetplayer has 120 seconds left.
|
|t:|1743898284
|switch|p2a: Samurott|Samurott-Hisui, F|100/100
|turn|9
|
|t:|1743898291
|-end|p1a: Raging Bolt|Protosynthesis|[silent]
|switch|p1a: Corviknight|Corviknight, F|100/100
|-ability|p1a: Corviknight|Pressure
|move|p2a: Samurott|Encore||[still]
|-fail|p2a: Samurott
|
|upkeep
|turn|10
|
|t:|1743898296
|move|p2a: Samurott|Ceaseless Edge|p1a: Corviknight
|-damage|p1a: Corviknight|70/100
|-damage|p2a: Samurott|84/100|[from] item: Rocky Helmet|[of] p1a: Corviknight
|-sidestart|p1: cbateadmira|Spikes
|move|p1a: Corviknight|Body Press|p2a: Samurott
|-supereffective|p2a: Samurott
|-damage|p2a: Samurott|21/100
|
|upkeep
|turn|11
|
|t:|1743898304
|switch|p2a: Pecharunt|Pecharunt|51/100
|-damage|p2a: Pecharunt|38/100|[from] Stealth Rock
|move|p1a: Corviknight|Brave Bird|p2a: Pecharunt
|-damage|p2a: Pecharunt|17/100
|-damage|p1a: Corviknight|63/100|[from] Recoil
|
|upkeep
|turn|12
|
|t:|1743898308
|switch|p1a: Ting-Lu|Ting-Lu|100/100
|-damage|p1a: Ting-Lu|88/100|[from] Spikes
|-ability|p1a: Ting-Lu|Vessel of Ruin
|move|p2a: Pecharunt|Recover|p2a: Pecharunt
|-heal|p2a: Pecharunt|67/100
|
|-heal|p1a: Ting-Lu|94/100|[from] item: Leftovers
|upkeep
|turn|13
|
|t:|1743898313
|move|p2a: Pecharunt|Malignant Chain|p1a: Ting-Lu
|-resisted|p1a: Ting-Lu
|-damage|p1a: Ting-Lu|88/100
|move|p1a: Ting-Lu|Spikes|p2a: Pecharunt
|-sidestart|p2: budgetplayer|Spikes
|
|-heal|p1a: Ting-Lu|94/100|[from] item: Leftovers
|upkeep
|turn|14
|
|t:|1743898318
|move|p2a: Pecharunt|Malignant Chain|p1a: Ting-Lu
|-resisted|p1a: Ting-Lu
|-damage|p1a: Ting-Lu|88/100
|-status|p1a: Ting-Lu|tox
|-start|p1a: Ting-Lu|confusion|[from] ability: Poison Puppeteer|[of] p2a: Pecharunt
|-activate|p1a: Ting-Lu|confusion
|move|p1a: Ting-Lu|Earthquake|p2a: Pecharunt
|-supereffective|p2a: Pecharunt
|-damage|p2a: Pecharunt|24/100
|
|-heal|p1a: Ting-Lu|94/100 tox|[from] item: Leftovers
|-damage|p1a: Ting-Lu|88/100 tox|[from] psn
|upkeep
|turn|15
|
|t:|1743898323
|move|p2a: Pecharunt|Recover|p2a: Pecharunt
|-heal|p2a: Pecharunt|74/100
|-end|p1a: Ting-Lu|confusion
|move|p1a: Ting-Lu|Spikes|p2a: Pecharunt
|-sidestart|p2: budgetplayer|Spikes
|
|-heal|p1a: Ting-Lu|94/100 tox|[from] item: Leftovers
|-damage|p1a: Ting-Lu|82/100 tox|[from] psn
|upkeep
|turn|16
|
|t:|1743898327
|switch|p2a: Samurott|Samurott-Hisui, F|21/100
|move|p1a: Ting-Lu|Whirlwind|p2a: Samurott
|drag|p2a: Dragonite|Dragonite, M|100/100
|
|-heal|p1a: Ting-Lu|88/100 tox|[from] item: Leftovers
|-damage|p1a: Ting-Lu|69/100 tox|[from] psn
|upkeep
|turn|17
|
|t:|1743898340
|switch|p2a: Samurott|Samurott-Hisui, F|21/100
|move|p1a: Ting-Lu|Ruination|p2a: Samurott
|-damage|p2a: Samurott|11/100
|
|-heal|p1a: Ting-Lu|75/100 tox|[from] item: Leftovers
|-damage|p1a: Ting-Lu|50/100 tox|[from] psn
|upkeep
|turn|18
|j| vegemite360
|inactive|cbateadmira has 120 seconds left.
|
|t:|1743898373
|switch|p1a: Corviknight|Corviknight, F|63/100
|-ability|p1a: Corviknight|Pressure
|move|p2a: Samurott|Knock Off|p1a: Corviknight
|-damage|p1a: Corviknight|33/100
|-damage|p2a: Samurott|0 fnt|[from] item: Rocky Helmet|[of] p1a: Corviknight
|faint|p2a: Samurott
|
|upkeep
|l| vegemite360
|inactive|budgetplayer has 120 seconds left.
|
|t:|1743898391
|switch|p2a: i need more meth|Iron Valiant|33/100
|-damage|p2a: i need more meth|26/100|[from] Stealth Rock
|-damage|p2a: i need more meth|10/100|[from] Spikes
|turn|19
|
|t:|1743898403
|move|p2a: i need more meth|Moonblast|p1a: Corviknight
|-resisted|p1a: Corviknight
|-damage|p1a: Corviknight|4/100
|move|p1a: Corviknight|Brave Bird|p2a: i need more meth
|-supereffective|p2a: i need more meth
|-damage|p2a: i need more meth|0 fnt
|faint|p2a: i need more meth
|-end|p2a: i need more meth|Quark Drive|[silent]
|-damage|p1a: Corviknight|2/100|[from] Recoil
|
|upkeep
|
|t:|1743898410
|switch|p2a: Dragonite|Dragonite, M|100/100
|turn|20
|j| pedroemiya
|
|t:|1743898414
|move|p2a: Dragonite|Extreme Speed|p1a: Corviknight
|-resisted|p1a: Corviknight
|-damage|p1a: Corviknight|0 fnt
|-damage|p2a: Dragonite|84/100|[from] item: Rocky Helmet|[of] p1a: Corviknight
|faint|p1a: Corviknight
|
|upkeep
|inactive|cbateadmira has 120 seconds left.
|
|t:|1743898464
|switch|p1a: Ting-Lu|Ting-Lu|50/100 tox
|-damage|p1a: Ting-Lu|38/100 tox|[from] Spikes
|-ability|p1a: Ting-Lu|Vessel of Ruin
|turn|21
|
|t:|1743898473
|move|p2a: Dragonite|Roost|p2a: Dragonite
|-heal|p2a: Dragonite|100/100
|-singleturn|p2a: Dragonite|move: Roost
|move|p1a: Ting-Lu|Whirlwind|p2a: Dragonite
|drag|p2a: Pecharunt|Pecharunt|74/100
|-damage|p2a: Pecharunt|61/100|[from] Stealth Rock
|-damage|p2a: Pecharunt|45/100|[from] Spikes
|
|-heal|p1a: Ting-Lu|44/100 tox|[from] item: Leftovers
|-damage|p1a: Ting-Lu|38/100 tox|[from] psn
|upkeep
|turn|22
|
|t:|1743898480
|move|p2a: Pecharunt|Recover|p2a: Pecharunt
|-heal|p2a: Pecharunt|95/100
|move|p1a: Ting-Lu|Earthquake|p2a: Pecharunt
|-supereffective|p2a: Pecharunt
|-damage|p2a: Pecharunt|49/100
|
|-heal|p1a: Ting-Lu|44/100 tox|[from] item: Leftovers
|-damage|p1a: Ting-Lu|32/100 tox|[from] psn
|upkeep
|turn|23
|
|t:|1743898489
|move|p2a: Pecharunt|Parting Shot|p1a: Ting-Lu
|-unboost|p1a: Ting-Lu|atk|1
|-unboost|p1a: Ting-Lu|spa|1
|
|t:|1743898491
|switch|p2a: Dragonite|Dragonite, M|100/100|[from] Parting Shot
|move|p1a: Ting-Lu|Earthquake|p2a: Dragonite
|-immune|p2a: Dragonite
|
|-heal|p1a: Ting-Lu|38/100 tox|[from] item: Leftovers
|-damage|p1a: Ting-Lu|19/100 tox|[from] psn
|upkeep
|turn|24
|
|t:|1743898495
|move|p2a: Dragonite|Earthquake|p1a: Ting-Lu
|-damage|p1a: Ting-Lu|0 fnt
|faint|p1a: Ting-Lu
|
|upkeep
|
|t:|1743898507
|switch|p1a: Zamazenta|Zamazenta|100/100
|-damage|p1a: Zamazenta|88/100|[from] Spikes
|-ability|p1a: Zamazenta|Dauntless Shield|boost
|-boost|p1a: Zamazenta|def|1
|turn|25
|
|t:|1743898512
|move|p1a: Zamazenta|Stone Edge|p2a: Dragonite
|-supereffective|p2a: Dragonite
|-damage|p2a: Dragonite|53/100
|move|p2a: Dragonite|Dragon Tail|p1a: Zamazenta
|-damage|p1a: Zamazenta|65/100
|drag|p1a: Raging Bolt|Raging Bolt|100/100
|-damage|p1a: Raging Bolt|88/100|[from] Spikes
|
|upkeep
|turn|26
|
|t:|1743898520
|-terastallize|p1a: Raging Bolt|Fairy
|move|p1a: Raging Bolt|Tera Blast|p2a: Dragonite|[anim] Tera Blast Fairy
|-supereffective|p2a: Dragonite
|-damage|p2a: Dragonite|0 fnt
|faint|p2a: Dragonite
|
|upkeep
|
|t:|1743898526
|switch|p2a: Kingambit|Kingambit, F|100/100
|-damage|p2a: Kingambit|94/100|[from] Stealth Rock
|-damage|p2a: Kingambit|78/100|[from] Spikes
|-activate|p2a: Kingambit|ability: Supreme Overlord
|-start|p2a: Kingambit|fallen4|[silent]
|turn|27
|
|t:|1743898531
|move|p1a: Raging Bolt|Tera Blast|p2a: Kingambit|[anim] Tera Blast Fairy
|-damage|p2a: Kingambit|13/100
|move|p2a: Kingambit|Iron Head|p1a: Raging Bolt
|-supereffective|p1a: Raging Bolt
|-crit|p1a: Raging Bolt
|-damage|p1a: Raging Bolt|0 fnt
|faint|p1a: Raging Bolt
|-end|p1a: Raging Bolt|Protosynthesis|[silent]
|
|-heal|p2a: Kingambit|19/100|[from] item: Leftovers
|upkeep
|
|t:|1743898535
|switch|p1a: Zamazenta|Zamazenta|65/100
|-damage|p1a: Zamazenta|53/100|[from] Spikes
|turn|28
|
|t:|1743898540
|-terastallize|p2a: Kingambit|Ghost
|move|p1a: Zamazenta|Crunch|p2a: Kingambit
|-supereffective|p2a: Kingambit
|-damage|p2a: Kingambit|0 fnt
|faint|p2a: Kingambit
|-end|p2a: Kingambit|fallen4|[silent]
|
|upkeep
|
|t:|1743898543
|switch|p2a: Pecharunt|Pecharunt|49/100
|-damage|p2a: Pecharunt|37/100|[from] Stealth Rock
|-damage|p2a: Pecharunt|20/100|[from] Spikes
|turn|29
|
|t:|1743898545
|move|p1a: Zamazenta|Crunch|p2a: Pecharunt
|-supereffective|p2a: Pecharunt
|-damage|p2a: Pecharunt|0 fnt
|faint|p2a: Pecharunt
|
|win|cbateadmira
|raw|cbateadmira's rating: 1593 &rarr; <strong>1613</strong><br />(+20 for winning)
|raw|budgetplayer's rating: 1590 &rarr; <strong>1570</strong><br />(-20 for losing)
|l|☆budgetplayer
|player|p2|
|l|☆cbateadmira
|player|p1|
|l| pedroemiya
