|j|☆The holiday person
|j|☆Scarlet Firefly
|t:|1743870218
|gametype|singles
|player|p1|The holiday person|volkner|1665
|player|p2|Scarlet Firefly|klara|1623
|teamsize|p1|6
|teamsize|p2|6
|gen|9
|tier|[Gen 9] OU
|rated|
|rule|HP Percentage Mod: HP is shown in percentages
|rule|Endless Battle Clause: Forcing endless battles is banned
|rule|Species Clause: Limit one of each Pokémon
|rule|OHKO Clause: OHKO moves are banned
|rule|Evasion Items Clause: Evasion items are banned
|rule|Evasion Moves Clause: Evasion moves are banned
|rule|Sleep Moves Clause: Sleep-inducing moves are banned
|clearpoke
|poke|p1|Chandelure, M|
|poke|p1|Great Tusk|
|poke|p1|Galvantula, M|
|poke|p1|Glimmora, F|
|poke|p1|Salamence, M|
|poke|p1|Ogerpon-Wellspring, F|
|poke|p2|Cinderace, M|
|poke|p2|Kingambit, F|
|poke|p2|Great Tusk|
|poke|p2|Hatterene, F|
|poke|p2|Pecharunt|
|poke|p2|Garchomp, F|
|teampreview
|
|t:|1743870229
|start
|switch|p1a: i'm in your room|Galvantula, M, shiny|100/100
|switch|p2a: Cinderace|Cinderace, M|100/100
|turn|1
|
|t:|1743870236
|switch|p2a: Hatterene|Hatterene, F|100/100
|move|p1a: i'm in your room|Thunder Wave|p2a: Hatterene
|move|p2a: Hatterene|Thunder Wave|p1a: i'm in your room|[from] ability: Magic Bounce
|-immune|p1a: i'm in your room
|
|upkeep
|turn|2
|
|t:|1743870242
|switch|p1a: Glimmer|Glimmora, F|100/100
|move|p2a: Hatterene|Draining Kiss|p1a: Glimmer
|-resisted|p1a: Glimmer
|-damage|p1a: Glimmer|81/100
|
|upkeep
|turn|3
|
|t:|1743870248
|move|p1a: Glimmer|Meteor Beam||[still]
|-prepare|p1a: Glimmer|Meteor Beam
|-boost|p1a: Glimmer|spa|1
|-enditem|p1a: Glimmer|Power Herb
|-anim|p1a: Glimmer|Meteor Beam|p2a: Hatterene
|-damage|p2a: Hatterene|3/100
|move|p2a: Hatterene|Psychic Noise|p1a: Glimmer
|-supereffective|p1a: Glimmer
|-damage|p1a: Glimmer|0 fnt
|faint|p1a: Glimmer
|
|upkeep
|
|t:|1743870259
|switch|p1a: Ruler of the Skies|Salamence, M|100/100
|turn|4
|
|t:|1743870262
|switch|p2a: Garchomp|Garchomp, F|100/100
|move|p1a: Ruler of the Skies|Earthquake|p2a: Garchomp
|-damage|p2a: Garchomp|60/100
|
|upkeep
|turn|5
|
|t:|1743870269
|-terastallize|p1a: Ruler of the Skies|Steel
|move|p2a: Garchomp|Outrage|p1a: Ruler of the Skies
|-resisted|p1a: Ruler of the Skies
|-damage|p1a: Ruler of the Skies|65/100
|move|p1a: Ruler of the Skies|Dragon Dance|p1a: Ruler of the Skies
|-boost|p1a: Ruler of the Skies|atk|1
|-boost|p1a: Ruler of the Skies|spe|1
|
|-heal|p1a: Ruler of the Skies|71/100|[from] item: Leftovers
|upkeep
|turn|6
|
|t:|1743870274
|move|p1a: Ruler of the Skies|Dragon Claw|p2a: Garchomp
|-supereffective|p2a: Garchomp
|-damage|p2a: Garchomp|0 fnt
|-damage|p1a: Ruler of the Skies|59/100|[from] ability: Rough Skin|[of] p2a: Garchomp
|-damage|p1a: Ruler of the Skies|42/100|[from] item: Rocky Helmet|[of] p2a: Garchomp
|faint|p2a: Garchomp
|-ability|p1a: Ruler of the Skies|Moxie|boost
|-boost|p1a: Ruler of the Skies|atk|1
|
|-heal|p1a: Ruler of the Skies|48/100|[from] item: Leftovers
|upkeep
|
|t:|1743870280
|switch|p2a: Great Tusk|Great Tusk|100/100
|turn|7
|
|t:|1743870285
|move|p1a: Ruler of the Skies|Dual Wingbeat|p2a: Great Tusk
|-supereffective|p2a: Great Tusk
|-damage|p2a: Great Tusk|40/100
|-supereffective|p2a: Great Tusk
|-damage|p2a: Great Tusk|0 fnt
|faint|p2a: Great Tusk
|-end|p2a: Great Tusk|Protosynthesis|[silent]
|-ability|p1a: Ruler of the Skies|Moxie|boost
|-boost|p1a: Ruler of the Skies|atk|1
|-hitcount|p2: Great Tusk|2
|
|-heal|p1a: Ruler of the Skies|54/100|[from] item: Leftovers
|upkeep
|
|t:|1743870297
|switch|p2a: Cinderace|Cinderace, M|100/100
|turn|8
|
|t:|1743870300
|move|p2a: Cinderace|Sucker Punch|p1a: Ruler of the Skies
|-start|p2a: Cinderace|typechange|Dark|[from] ability: Libero
|-damage|p1a: Ruler of the Skies|3/100
|-damage|p2a: Cinderace|91/100|[from] item: Life Orb
|move|p1a: Ruler of the Skies|Earthquake|p2a: Cinderace
|-damage|p2a: Cinderace|0 fnt
|faint|p2a: Cinderace
|-ability|p1a: Ruler of the Skies|Moxie|boost
|-boost|p1a: Ruler of the Skies|atk|1
|
|-heal|p1a: Ruler of the Skies|9/100|[from] item: Leftovers
|upkeep
|
|t:|1743870304
|switch|p2a: Kingambit|Kingambit, F|100/100
|-activate|p2a: Kingambit|ability: Supreme Overlord
|-start|p2a: Kingambit|fallen3|[silent]
|turn|9
|
|t:|1743870309
|move|p2a: Kingambit|Sucker Punch|p1a: Ruler of the Skies
|-damage|p1a: Ruler of the Skies|0 fnt
|faint|p1a: Ruler of the Skies
|
|upkeep
|
|t:|1743870312
|switch|p1a: i'm in your room|Galvantula, M, shiny|100/100
|turn|10
|
|t:|1743870316
|-end|p2a: Kingambit|fallen3|[silent]
|switch|p2a: Hatterene|Hatterene, F|3/100
|move|p1a: i'm in your room|Thunder Wave|p2a: Hatterene
|move|p2a: Hatterene|Thunder Wave|p1a: i'm in your room|[from] ability: Magic Bounce
|-immune|p1a: i'm in your room
|
|upkeep
|turn|11
|
|t:|1743870325
|switch|p2a: Pecharunt|Pecharunt|100/100
|move|p1a: i'm in your room|Energy Ball|p2a: Pecharunt
|-resisted|p2a: Pecharunt
|-damage|p2a: Pecharunt|87/100
|
|upkeep
|turn|12
|
|t:|1743870331
|move|p1a: i'm in your room|Thunder Wave|p2a: Pecharunt
|-status|p2a: Pecharunt|par
|move|p2a: Pecharunt|Malignant Chain|p1a: i'm in your room
|-damage|p1a: i'm in your room|31/100
|
|upkeep
|turn|13
|
|t:|1743870336
|switch|p2a: Hatterene|Hatterene, F|3/100
|move|p1a: i'm in your room|Thunder|p2a: Hatterene
|-damage|p2a: Hatterene|0 fnt
|faint|p2a: Hatterene
|
|upkeep
|
|t:|1743870339
|switch|p2a: Kingambit|Kingambit, F|100/100
|-activate|p2a: Kingambit|ability: Supreme Overlord
|-start|p2a: Kingambit|fallen4|[silent]
|turn|14
|
|t:|1743870344
|move|p1a: i'm in your room|Thunder Wave|p2a: Kingambit
|-status|p2a: Kingambit|par
|cant|p2a: Kingambit|par
|
|upkeep
|turn|15
|
|t:|1743870348
|move|p1a: i'm in your room|Thunder|p2a: Kingambit
|-damage|p2a: Kingambit|47/100 par
|move|p2a: Kingambit|Swords Dance|p2a: Kingambit
|-boost|p2a: Kingambit|atk|2
|
|upkeep
|turn|16
|
|t:|1743870355
|-terastallize|p2a: Kingambit|Dark
|move|p2a: Kingambit|Sucker Punch|p1a: i'm in your room
|-damage|p1a: i'm in your room|0 fnt
|faint|p1a: i'm in your room
|
|upkeep
|
|t:|1743870359
|switch|p1a: Ravage Beast|Great Tusk|100/100
|-enditem|p1a: Ravage Beast|Booster Energy
|-activate|p1a: Ravage Beast|ability: Protosynthesis|[fromitem]
|-start|p1a: Ravage Beast|protosynthesisatk
|turn|17
|
|t:|1743870361
|move|p1a: Ravage Beast|Close Combat|p2a: Kingambit
|-supereffective|p2a: Kingambit
|-damage|p2a: Kingambit|0 fnt
|-unboost|p1a: Ravage Beast|def|1
|-unboost|p1a: Ravage Beast|spd|1
|faint|p2a: Kingambit
|-end|p2a: Kingambit|fallen4|[silent]
|
|upkeep
|-message|Scarlet Firefly forfeited.
|
|win|The holiday person
|raw|The holiday person's rating: 1665 &rarr; <strong>1683</strong><br />(+18 for winning)
|raw|Scarlet Firefly's rating: 1623 &rarr; <strong>1605</strong><br />(-18 for losing)
|l|☆Scarlet Firefly
|player|p2|
|c|☆The holiday person|gg
|l|☆The holiday person
|player|p1|
