|j|☆jefedelamanda
|j|☆rupertgaming
|t:|1743789786
|gametype|singles
|player|p1|jefedelamanda|tuber|1266
|player|p2|rupertgaming|hooligans|1307
|teamsize|p1|6
|teamsize|p2|6
|gen|9
|tier|[Gen 9] OU
|rated|
|rule|HP Percentage Mod: HP is shown in percentages
|rule|Endless Battle Clause: Forcing endless battles is banned
|rule|Species Clause: Limit one of each Pokémon
|rule|OHKO Clause: OHKO moves are banned
|rule|Evasion Items Clause: Evasion items are banned
|rule|Evasion Moves Clause: Evasion moves are banned
|rule|Sleep Moves Clause: Sleep-inducing moves are banned
|clearpoke
|poke|p1|Clodsire, F|
|poke|p1|Chansey, F|
|poke|p1|Talonflame, M|
|poke|p1|Grimmsnarl, M|
|poke|p1|Raging Bolt|
|poke|p1|Scizor, M|
|poke|p2|Weavile, F|
|poke|p2|Kyurem|
|poke|p2|Dondozo, M|
|poke|p2|Corviknight, F|
|poke|p2|Clefable, M|
|poke|p2|Dewgong, M|
|teampreview
|inactive|Battle timer is ON: inactive players will automatically lose when time's up. (requested by rupertgaming)
|
|t:|1743789794
|start
|switch|p1a: Scizor|Scizor, M|100/100
|switch|p2a: Dewgong|Dewgong, M|100/100
|turn|1
|
|t:|1743789801
|switch|p2a: Corviknight|Corviknight, F|100/100
|-ability|p2a: Corviknight|Pressure
|move|p1a: Scizor|Bullet Punch|p2a: Corviknight
|-resisted|p2a: Corviknight
|-damage|p2a: Corviknight|86/100
|-damage|p1a: Scizor|84/100|[from] item: Rocky Helmet|[of] p2a: Corviknight
|
|upkeep
|turn|2
|
|t:|1743789813
|switch|p1a: Raging Bolt|Raging Bolt|100/100
|-enditem|p1a: Raging Bolt|Booster Energy
|-activate|p1a: Raging Bolt|ability: Protosynthesis|[fromitem]
|-start|p1a: Raging Bolt|protosynthesisspa
|move|p2a: Corviknight|Body Press|p1a: Raging Bolt
|-damage|p1a: Raging Bolt|80/100
|
|upkeep
|turn|3
|
|t:|1743789821
|switch|p2a: Clefable|Clefable, M|100/100
|move|p1a: Raging Bolt|Calm Mind|p1a: Raging Bolt
|-boost|p1a: Raging Bolt|spa|1
|-boost|p1a: Raging Bolt|spd|1
|
|upkeep
|turn|4
|
|t:|1743789827
|move|p1a: Raging Bolt|Thunderbolt|p2a: Clefable
|-damage|p2a: Clefable|30/100
|move|p2a: Clefable|Moonblast|p1a: Raging Bolt
|-supereffective|p1a: Raging Bolt
|-damage|p1a: Raging Bolt|42/100
|-unboost|p1a: Raging Bolt|spa|1
|
|-heal|p2a: Clefable|36/100|[from] item: Leftovers
|upkeep
|turn|5
|
|t:|1743789838
|move|p1a: Raging Bolt|Thunderbolt|p2a: Clefable
|-damage|p2a: Clefable|0 fnt
|faint|p2a: Clefable
|
|upkeep
|
|t:|1743789840
|switch|p2a: Weavile|Weavile, F|100/100
|turn|6
|
|t:|1743789850
|-end|p1a: Raging Bolt|Protosynthesis|[silent]
|switch|p1a: Talonflame|Talonflame, M|100/100
|move|p2a: Weavile|Triple Axel|p1a: Talonflame
|-damage|p1a: Talonflame|88/100
|-damage|p1a: Talonflame|67/100
|-status|p2a: Weavile|brn|[from] ability: Flame Body|[of] p1a: Talonflame
|-damage|p1a: Talonflame|51/100
|-hitcount|p1a: Talonflame|3
|
|-damage|p2a: Weavile|94/100 brn|[from] brn
|upkeep
|turn|7
|
|t:|1743789862
|move|p2a: Weavile|Knock Off|p1a: Talonflame
|-damage|p1a: Talonflame|25/100
|-enditem|p1a: Talonflame|Heavy-Duty Boots|[from] move: Knock Off|[of] p2a: Weavile
|move|p1a: Talonflame|Roost|p1a: Talonflame
|-heal|p1a: Talonflame|75/100
|-singleturn|p1a: Talonflame|move: Roost
|
|-damage|p2a: Weavile|88/100 brn|[from] brn
|upkeep
|turn|8
|
|t:|1743789872
|switch|p2a: Dewgong|Dewgong, M|100/100
|switch|p1a: Grimmsnarl|Grimmsnarl, M|100/100
|
|upkeep
|turn|9
|
|t:|1743789878
|move|p1a: Grimmsnarl|Spirit Break|p2a: Dewgong
|-damage|p2a: Dewgong|69/100
|-unboost|p2a: Dewgong|spa|1
|move|p2a: Dewgong|Whirlpool|p1a: Grimmsnarl|[miss]
|-miss|p2a: Dewgong|p1a: Grimmsnarl
|
|-heal|p2a: Dewgong|75/100|[from] item: Leftovers
|upkeep
|turn|10
|
|t:|1743789887
|move|p2a: Dewgong|Protect|p2a: Dewgong
|-singleturn|p2a: Dewgong|Protect
|move|p1a: Grimmsnarl|Spirit Break|p2a: Dewgong
|-activate|p2a: Dewgong|move: Protect
|
|-heal|p2a: Dewgong|81/100|[from] item: Leftovers
|upkeep
|turn|11
|
|t:|1743789896
|move|p1a: Grimmsnarl|Spirit Break|p2a: Dewgong
|-damage|p2a: Dewgong|46/100
|-unboost|p2a: Dewgong|spa|1
|move|p2a: Dewgong|Whirlpool|p1a: Grimmsnarl
|-damage|p1a: Grimmsnarl|97/100
|-activate|p1a: Grimmsnarl|move: Whirlpool|[of] p2a: Dewgong
|
|-heal|p2a: Dewgong|52/100|[from] item: Leftovers
|-damage|p1a: Grimmsnarl|84/100|[from] move: Whirlpool|[partiallytrapped]
|upkeep
|turn|12
|
|t:|1743789908
|move|p1a: Grimmsnarl|Spirit Break|p2a: Dewgong
|-damage|p2a: Dewgong|22/100
|-unboost|p2a: Dewgong|spa|1
|move|p2a: Dewgong|Perish Song|p2a: Dewgong
|-start|p1a: Grimmsnarl|perish3|[silent]
|-start|p2a: Dewgong|perish3|[silent]
|-fieldactivate|move: Perish Song
|
|-heal|p2a: Dewgong|28/100|[from] item: Leftovers
|-damage|p1a: Grimmsnarl|72/100|[from] move: Whirlpool|[partiallytrapped]
|-start|p1a: Grimmsnarl|perish3
|-start|p2a: Dewgong|perish3
|upkeep
|turn|13
|
|t:|1743789919
|move|p2a: Dewgong|Protect|p2a: Dewgong
|-singleturn|p2a: Dewgong|Protect
|move|p1a: Grimmsnarl|Parting Shot|p2a: Dewgong
|-activate|p2a: Dewgong|move: Protect
|
|-heal|p2a: Dewgong|34/100|[from] item: Leftovers
|-damage|p1a: Grimmsnarl|59/100|[from] move: Whirlpool|[partiallytrapped]
|-start|p1a: Grimmsnarl|perish2
|-start|p2a: Dewgong|perish2
|upkeep
|turn|14
|
|t:|1743789929
|move|p2a: Dewgong|Protect||[still]
|-fail|p2a: Dewgong
|move|p1a: Grimmsnarl|Parting Shot|p2a: Dewgong
|-unboost|p2a: Dewgong|atk|1
|-unboost|p2a: Dewgong|spa|1
|
|t:|1743789935
|switch|p1a: Scizor|Scizor, M|84/100|[from] Parting Shot
|
|-heal|p2a: Dewgong|40/100|[from] item: Leftovers
|-start|p2a: Dewgong|perish1
|upkeep
|turn|15
|
|t:|1743789942
|move|p1a: Scizor|Knock Off|p2a: Dewgong
|-damage|p2a: Dewgong|0 fnt
|-enditem|p2a: Dewgong|Leftovers|[from] move: Knock Off|[of] p1a: Scizor
|faint|p2a: Dewgong
|
|upkeep
|-message|rupertgaming forfeited.
|
|win|jefedelamanda
|raw|jefedelamanda's rating: 1266 &rarr; <strong>1294</strong><br />(+28 for winning)
|raw|rupertgaming's rating: 1307 &rarr; <strong>1285</strong><br />(-22 for losing)
|l|☆rupertgaming
|player|p2|
|l|☆jefedelamanda
|player|p1|
