|j|☆bacacusdestroyer
|j|☆TakersTakers
|t:|1743789014
|gametype|singles
|player|p1|bacacusdestroyer|benga|1586
|player|p2|TakersTakers|hiker|1541
|teamsize|p1|6
|teamsize|p2|6
|gen|9
|tier|[Gen 9] OU
|rated|
|rule|HP Percentage Mod: HP is shown in percentages
|rule|Endless Battle Clause: Forcing endless battles is banned
|rule|Species Clause: Limit one of each Pokémon
|rule|OHKO Clause: OHKO moves are banned
|rule|Evasion Items Clause: Evasion items are banned
|rule|Evasion Moves Clause: Evasion moves are banned
|rule|Sleep Moves Clause: Sleep-inducing moves are banned
|clearpoke
|poke|p1|Probopass, F|
|poke|p1|Dragonite, F|
|poke|p1|Cresselia, F|
|poke|p1|Hoopa-Unbound|
|poke|p1|Great Tusk|
|poke|p1|Kingambit, F|
|poke|p2|Ribombee, M|
|poke|p2|Gholdengo|
|poke|p2|Kingambit, M|
|poke|p2|Iron Crown|
|poke|p2|Latios, M|
|poke|p2|Thundurus-Therian, M|
|teampreview
|
|t:|1743789048
|start
|switch|p1a: Dragonite|Dragonite, F|100/100
|switch|p2a: Ribombee|Ribombee, M|100/100
|turn|1
|
|t:|1743789052
|move|p1a: Dragonite|Extreme Speed|p2a: Ribombee
|-damage|p2a: Ribombee|9/100
|move|p2a: Ribombee|Moonblast|p1a: Dragonite
|-supereffective|p1a: Dragonite
|-damage|p1a: Dragonite|67/100
|
|upkeep
|turn|2
|
|t:|1743789058
|move|p1a: Dragonite|Extreme Speed|p2a: Ribombee
|-damage|p2a: Ribombee|0 fnt
|faint|p2a: Ribombee
|
|upkeep
|
|t:|1743789063
|switch|p2a: Thundurus|Thundurus-Therian, M|100/100
|turn|3
|
|t:|1743789070
|-terastallize|p2a: Thundurus|Flying
|move|p1a: Dragonite|Extreme Speed|p2a: Thundurus
|-damage|p2a: Thundurus|29/100
|move|p2a: Thundurus|Tera Blast|p1a: Dragonite|[anim] Tera Blast Flying
|-damage|p1a: Dragonite|0 fnt
|faint|p1a: Dragonite
|
|upkeep
|
|t:|1743789102
|switch|p1a: Hoopa|Hoopa-Unbound|100/100
|turn|4
|
|t:|1743789114
|move|p1a: Hoopa|Dark Pulse|p2a: Thundurus
|-damage|p2a: Thundurus|0 fnt
|faint|p2a: Thundurus
|
|upkeep
|
|t:|1743789119
|switch|p2a: Kingambit|Kingambit, M|100/100
|-activate|p2a: Kingambit|ability: Supreme Overlord
|-start|p2a: Kingambit|fallen2|[silent]
|turn|5
|
|t:|1743789133
|switch|p1a: Probopass|Probopass, F|100/100
|move|p2a: Kingambit|Swords Dance|p2a: Kingambit
|-boost|p2a: Kingambit|atk|2
|
|upkeep
|turn|6
|
|t:|1743789138
|move|p2a: Kingambit|Brick Break|p1a: Probopass
|-supereffective|p1a: Probopass
|-crit|p1a: Probopass
|-damage|p1a: Probopass|0 fnt
|-damage|p2a: Kingambit|84/100|[from] item: Rocky Helmet|[of] p1a: Probopass
|faint|p1a: Probopass
|
|upkeep
|
|t:|1743789155
|switch|p1a: Great Tusk|Great Tusk|100/100
|turn|7
|
|t:|1743789158
|-end|p2a: Kingambit|fallen2|[silent]
|switch|p2a: Gholdengo|Gholdengo|100/100
|-item|p2a: Gholdengo|Air Balloon
|move|p1a: Great Tusk|Earthquake|p2a: Gholdengo
|-immune|p2a: Gholdengo
|
|upkeep
|turn|8
|
|t:|1743789166
|-end|p1a: Great Tusk|Protosynthesis|[silent]
|switch|p1a: Hoopa|Hoopa-Unbound|100/100
|move|p2a: Gholdengo|Make It Rain|p1a: Hoopa
|-damage|p1a: Hoopa|38/100
|-unboost|p2a: Gholdengo|spa|1
|
|upkeep
|turn|9
|
|t:|1743789177
|move|p1a: Hoopa|Focus Blast|p2a: Gholdengo
|-immune|p2a: Gholdengo
|move|p2a: Gholdengo|Make It Rain|p1a: Hoopa
|-damage|p1a: Hoopa|0 fnt
|-unboost|p2a: Gholdengo|spa|1
|faint|p1a: Hoopa
|
|upkeep
|
|t:|1743789188
|switch|p1a: Cresselia|Cresselia, F|100/100
|turn|10
|
|t:|1743789191
|move|p2a: Gholdengo|Nasty Plot|p2a: Gholdengo
|-boost|p2a: Gholdengo|spa|2
|move|p1a: Cresselia|Calm Mind|p1a: Cresselia
|-boost|p1a: Cresselia|spa|1
|-boost|p1a: Cresselia|spd|1
|
|upkeep
|turn|11
|
|t:|1743789197
|move|p2a: Gholdengo|Nasty Plot|p2a: Gholdengo
|-boost|p2a: Gholdengo|spa|2
|move|p1a: Cresselia|Calm Mind|p1a: Cresselia
|-boost|p1a: Cresselia|spa|1
|-boost|p1a: Cresselia|spd|1
|
|upkeep
|turn|12
|
|t:|1743789203
|move|p2a: Gholdengo|Nasty Plot|p2a: Gholdengo
|-boost|p2a: Gholdengo|spa|2
|move|p1a: Cresselia|Calm Mind|p1a: Cresselia
|-boost|p1a: Cresselia|spa|1
|-boost|p1a: Cresselia|spd|1
|
|upkeep
|turn|13
|
|t:|1743789208
|-terastallize|p1a: Cresselia|Fighting
|move|p2a: Gholdengo|Nasty Plot|p2a: Gholdengo
|-boost|p2a: Gholdengo|spa|2
|move|p1a: Cresselia|Stored Power|p2a: Gholdengo
|-resisted|p2a: Gholdengo
|-damage|p2a: Gholdengo|53/100
|-enditem|p2a: Gholdengo|Air Balloon
|
|upkeep
|turn|14
|
|t:|1743789218
|move|p2a: Gholdengo|Make It Rain|p1a: Cresselia
|-damage|p1a: Cresselia|24/100
|-unboost|p2a: Gholdengo|spa|1
|move|p1a: Cresselia|Stored Power|p2a: Gholdengo
|-resisted|p2a: Gholdengo
|-crit|p2a: Gholdengo
|-damage|p2a: Gholdengo|0 fnt
|faint|p2a: Gholdengo
|
|-heal|p1a: Cresselia|30/100|[from] item: Leftovers
|upkeep
|
|t:|1743789228
|switch|p2a: Iron Crown|Iron Crown|100/100
|-enditem|p2a: Iron Crown|Booster Energy
|-activate|p2a: Iron Crown|ability: Quark Drive|[fromitem]
|-start|p2a: Iron Crown|quarkdrivespe
|turn|15
|
|t:|1743789233
|move|p2a: Iron Crown|Psyshock|p1a: Cresselia
|-supereffective|p1a: Cresselia
|-damage|p1a: Cresselia|0 fnt
|faint|p1a: Cresselia
|
|upkeep
|
|t:|1743789237
|switch|p1a: Kingambit|Kingambit, F|100/100
|-activate|p1a: Kingambit|ability: Supreme Overlord
|-start|p1a: Kingambit|fallen4|[silent]
|turn|16
|
|t:|1743789241
|move|p2a: Iron Crown|Focus Blast|p1a: Kingambit|[miss]
|-miss|p2a: Iron Crown|p1a: Kingambit
|move|p1a: Kingambit|Kowtow Cleave|p2a: Iron Crown
|-supereffective|p2a: Iron Crown
|-damage|p2a: Iron Crown|0 fnt
|faint|p2a: Iron Crown
|-end|p2a: Iron Crown|Quark Drive|[silent]
|
|upkeep
|
|t:|1743789248
|switch|p2a: Kingambit|Kingambit, M|84/100
|-activate|p2a: Kingambit|ability: Supreme Overlord
|-start|p2a: Kingambit|fallen4|[silent]
|turn|17
|
|t:|1743789252
|-end|p1a: Kingambit|fallen4|[silent]
|switch|p1a: Great Tusk|Great Tusk|100/100
|move|p2a: Kingambit|Brick Break|p1a: Great Tusk
|-damage|p1a: Great Tusk|71/100
|
|-heal|p1a: Great Tusk|78/100|[from] item: Leftovers
|upkeep
|turn|18
|
|t:|1743789264
|-end|p2a: Kingambit|fallen4|[silent]
|switch|p2a: Latios|Latios, M|100/100
|move|p1a: Great Tusk|Rapid Spin|p2a: Latios
|-damage|p2a: Latios|78/100
|-boost|p1a: Great Tusk|spe|1
|
|-heal|p1a: Great Tusk|84/100|[from] item: Leftovers
|-heal|p2a: Latios|84/100|[from] item: Leftovers
|upkeep
|turn|19
|
|t:|1743789272
|move|p1a: Great Tusk|Ice Spinner|p2a: Latios
|-supereffective|p2a: Latios
|-damage|p2a: Latios|3/100
|move|p2a: Latios|Luster Purge|p1a: Great Tusk
|-supereffective|p1a: Great Tusk
|-damage|p1a: Great Tusk|0 fnt
|faint|p1a: Great Tusk
|-end|p1a: Great Tusk|Protosynthesis|[silent]
|
|-heal|p2a: Latios|9/100|[from] item: Leftovers
|upkeep
|
|t:|1743789277
|switch|p1a: Kingambit|Kingambit, F|100/100
|-activate|p1a: Kingambit|ability: Supreme Overlord
|-start|p1a: Kingambit|fallen5|[silent]
|turn|20
|
|t:|1743789283
|move|p2a: Latios|Aura Sphere|p1a: Kingambit
|-supereffective|p1a: Kingambit
|-damage|p1a: Kingambit|0 fnt
|faint|p1a: Kingambit
|-end|p1a: Kingambit|fallen5|[silent]
|
|win|TakersTakers
|raw|bacacusdestroyer's rating: 1586 &rarr; <strong>1563</strong><br />(-23 for losing)
|raw|TakersTakers's rating: 1541 &rarr; <strong>1564</strong><br />(+23 for winning)
|l|☆bacacusdestroyer
|player|p1|
|l|☆TakersTakers
|player|p2|
