|j|☆nebbely
|j|☆Meyton Panning
|t:|1743827603
|gametype|singles
|player|p1|nebbely|preschoolerf|1085
|player|p2|Meyton Panning|1|1133
|teamsize|p1|6
|teamsize|p2|6
|gen|9
|tier|[Gen 9] OU
|rated|
|rule|HP Percentage Mod: HP is shown in percentages
|rule|Endless Battle Clause: Forcing endless battles is banned
|rule|Species Clause: Limit one of each Pokémon
|rule|OHKO Clause: OHKO moves are banned
|rule|Evasion Items Clause: Evasion items are banned
|rule|Evasion Moves Clause: Evasion moves are banned
|rule|Sleep Moves Clause: Sleep-inducing moves are banned
|clearpoke
|poke|p1|Basculegion, M|
|poke|p1|Arcanine-Hisui, M|
|poke|p1|Cloyster, M|
|poke|p1|Sableye, F|
|poke|p1|Metagross|
|poke|p1|Tinkaton, F|
|poke|p2|Gholdengo|
|poke|p2|Hydreigon, F|
|poke|p2|Ogerpon-Wellspring, F|
|poke|p2|Moltres|
|poke|p2|Great Tusk|
|poke|p2|Landorus-Therian, M|
|teampreview
|inactive|Battle timer is ON: inactive players will automatically lose when time's up. (requested by nebbely)
|
|t:|1743827612
|start
|switch|p1a: Basculegion|Basculegion, M|100/100
|switch|p2a: Great Tusk|Great Tusk|100/100
|turn|1
|
|t:|1743827623
|-end|p2a: Great Tusk|Protosynthesis|[silent]
|switch|p2a: Ogerpon|Ogerpon-Wellspring, F|100/100
|-terastallize|p1a: Basculegion|Water
|move|p1a: Basculegion|Confuse Ray|p2a: Ogerpon
|-start|p2a: Ogerpon|confusion
|
|upkeep
|turn|2
|
|t:|1743827634
|-activate|p2a: Ogerpon|confusion
|move|p2a: Ogerpon|Spikes|p1a: Basculegion
|-sidestart|p1: nebbely|Spikes
|move|p1a: Basculegion|Phantom Force||[still]
|-prepare|p1a: Basculegion|Phantom Force
|
|upkeep
|turn|3
|
|t:|1743827640
|switch|p2a: Hydreigon|Hydreigon, F|100/100
|move|p1a: Basculegion|Phantom Force|p2a: Hydreigon|[from] lockedmove
|-resisted|p2a: Hydreigon
|-damage|p2a: Hydreigon|64/100
|-damage|p1a: Basculegion|91/100|[from] item: Life Orb
|
|upkeep
|turn|4
|
|t:|1743827649
|move|p2a: Hydreigon|Dark Pulse|p1a: Basculegion
|-damage|p1a: Basculegion|24/100
|move|p1a: Basculegion|Confuse Ray|p2a: Hydreigon
|-start|p2a: Hydreigon|confusion
|
|upkeep
|turn|5
|
|t:|1743827654
|-activate|p2a: Hydreigon|confusion
|-damage|p2a: Hydreigon|55/100|[from] confusion
|move|p1a: Basculegion|Phantom Force||[still]
|-prepare|p1a: Basculegion|Phantom Force
|
|upkeep
|turn|6
|
|t:|1743827660
|-activate|p2a: Hydreigon|confusion
|move|p2a: Hydreigon|Dark Pulse|p1a: Basculegion|[miss]
|-miss|p2a: Hydreigon|p1a: Basculegion
|move|p1a: Basculegion|Phantom Force|p2a: Hydreigon|[from] lockedmove
|-resisted|p2a: Hydreigon
|-damage|p2a: Hydreigon|20/100
|-damage|p1a: Basculegion|14/100|[from] item: Life Orb
|
|upkeep
|turn|7
|
|t:|1743827666
|-activate|p2a: Hydreigon|confusion
|move|p2a: Hydreigon|Dark Pulse|p1a: Basculegion
|-damage|p1a: Basculegion|0 fnt
|faint|p1a: Basculegion
|
|upkeep
|
|t:|1743827675
|switch|p1a: Cloyster|Cloyster, M|100/100
|-damage|p1a: Cloyster|88/100|[from] Spikes
|turn|8
|
|t:|1743827683
|move|p1a: Cloyster|Ice Shard|p2a: Hydreigon
|-supereffective|p2a: Hydreigon
|-damage|p2a: Hydreigon|0 fnt
|faint|p2a: Hydreigon
|
|upkeep
|
|t:|1743827689
|switch|p2a: Gholdengo|Gholdengo|100/100
|turn|9
|
|t:|1743827694
|switch|p1a: Metagross|Metagross|100/100
|-damage|p1a: Metagross|88/100|[from] Spikes
|move|p2a: Gholdengo|Focus Blast|p1a: Metagross
|-damage|p1a: Metagross|42/100
|
|upkeep
|turn|10
|
|t:|1743827706
|switch|p2a: Landorus|Landorus-Therian, M|100/100
|-ability|p2a: Landorus|Intimidate|boost
|-fail|p1a: Metagross|unboost|[from] ability: Clear Body|[of] p1a: Metagross
|move|p1a: Metagross|Trick|p2a: Landorus
|-activate|p1a: Metagross|move: Trick|[of] p2a: Landorus
|-item|p2a: Landorus|Choice Band|[from] move: Trick
|-item|p1a: Metagross|Leftovers|[from] move: Trick
|
|-heal|p1a: Metagross|48/100|[from] item: Leftovers
|upkeep
|turn|11
|inactive|Meyton Panning has 120 seconds left.
|
|t:|1743827739
|move|p1a: Metagross|Bullet Punch|p2a: Landorus
|-damage|p2a: Landorus|71/100
|move|p2a: Landorus|Swords Dance|p2a: Landorus
|-boost|p2a: Landorus|atk|2
|
|-heal|p1a: Metagross|54/100|[from] item: Leftovers
|upkeep
|turn|12
|-message|Meyton Panning forfeited.
|
|win|nebbely
|raw|nebbely's rating: 1085 &rarr; <strong>1116</strong><br />(+31 for winning)
|raw|Meyton Panning's rating: 1133 &rarr; <strong>1105</strong><br />(-28 for losing)
|l|☆Meyton Panning
|player|p2|
|l|☆nebbely
|player|p1|
