|j|☆maemikon
|j|☆NotTheWolves
|t:|1743830220
|gametype|singles
|player|p1|maemikon|169|1127
|player|p2|NotTheWolves|ghetsis|1168
|teamsize|p1|6
|teamsize|p2|6
|gen|9
|tier|[Gen 9] OU
|rated|
|rule|HP Percentage Mod: HP is shown in percentages
|rule|Endless Battle Clause: Forcing endless battles is banned
|rule|Species Clause: Limit one of each Pokémon
|rule|OHKO Clause: OHKO moves are banned
|rule|Evasion Items Clause: Evasion items are banned
|rule|Evasion Moves Clause: Evasion moves are banned
|rule|Sleep Moves Clause: Sleep-inducing moves are banned
|clearpoke
|poke|p1|Ninetales-Alola, F|
|poke|p1|Slowking-Galar, M|
|poke|p1|Weavile, F|
|poke|p1|Greninja-*, M|
|poke|p1|Avalugg, F|
|poke|p1|Frosmoth, F|
|poke|p2|Corviknight, F|
|poke|p2|Landorus-Therian, M|
|poke|p2|Meowscarada, M|
|poke|p2|Iron Crown|
|poke|p2|Dondozo, M|
|poke|p2|Iron Boulder|
|teampreview
|
|t:|1743830279
|start
|switch|p1a: Ninetales|Ninetales-Alola, F|100/100
|switch|p2a: Meowscarada|Meowscarada, M|100/100
|-weather|Snowscape|[from] ability: Snow Warning|[of] p1a: Ninetales
|turn|1
|
|t:|1743830286
|move|p2a: Meowscarada|Flower Trick|p1a: Ninetales
|-start|p2a: Meowscarada|typechange|Grass|[from] ability: Protean
|-crit|p1a: Ninetales
|-damage|p1a: Ninetales|29/100
|move|p1a: Ninetales|Moonblast|p2a: Meowscarada
|-damage|p2a: Meowscarada|42/100
|
|-weather|Snowscape|[upkeep]
|upkeep
|turn|2
|
|t:|1743830306
|switch|p1a: Avalugg|Avalugg, F|100/100
|move|p2a: Meowscarada|Flower Trick|p1a: Avalugg
|-crit|p1a: Avalugg
|-damage|p1a: Avalugg|80/100
|
|-weather|Snowscape|[upkeep]
|-heal|p1a: Avalugg|86/100|[from] ability: Ice Body
|upkeep
|turn|3
|
|t:|1743830324
|switch|p2a: Corviknight|Corviknight, F, shiny|100/100
|move|p1a: Avalugg|Body Press|p2a: Corviknight
|-damage|p2a: Corviknight|67/100
|-damage|p1a: Avalugg|70/100|[from] item: Rocky Helmet|[of] p2a: Corviknight
|
|-weather|Snowscape|[upkeep]
|-heal|p1a: Avalugg|76/100|[from] ability: Ice Body
|upkeep
|turn|4
|
|t:|1743830334
|switch|p1a: Slowking|Slowking-Galar, M|100/100
|move|p2a: Corviknight|Body Press|p1a: Slowking
|-resisted|p1a: Slowking
|-damage|p1a: Slowking|95/100
|
|-weather|Snowscape|[upkeep]
|-heal|p1a: Slowking|100/100|[from] item: Black Sludge
|upkeep
|turn|5
|
|t:|1743830344
|move|p2a: Corviknight|U-turn|p1a: Slowking
|-damage|p1a: Slowking|78/100
|
|t:|1743830347
|switch|p2a: Iron Crown|Iron Crown|100/100|[from] U-turn
|move|p1a: Slowking|Fire Blast|p2a: Iron Crown
|-supereffective|p2a: Iron Crown
|-damage|p2a: Iron Crown|49/100
|
|-weather|Snowscape|[upkeep]
|-heal|p1a: Slowking|84/100|[from] item: Black Sludge
|upkeep
|turn|6
|
|t:|1743830358
|move|p2a: Iron Crown|Psyshock|p1a: Slowking
|-damage|p1a: Slowking|41/100
|move|p1a: Slowking|Fire Blast|p2a: Iron Crown
|-supereffective|p2a: Iron Crown
|-damage|p2a: Iron Crown|0 fnt
|faint|p2a: Iron Crown
|-end|p2a: Iron Crown|Quark Drive|[silent]
|
|-weather|Snowscape|[upkeep]
|-heal|p1a: Slowking|47/100|[from] item: Black Sludge
|upkeep
|
|t:|1743830370
|switch|p2a: Landorus|Landorus-Therian, M, shiny|100/100
|-ability|p2a: Landorus|Intimidate|boost
|-unboost|p1a: Slowking|atk|1
|turn|7
|
|t:|1743830381
|switch|p1a: Avalugg|Avalugg, F|76/100
|move|p2a: Landorus|Earthquake|p1a: Avalugg
|-damage|p1a: Avalugg|60/100
|
|-weather|Snowscape|[upkeep]
|-heal|p1a: Avalugg|66/100|[from] ability: Ice Body
|upkeep
|turn|8
|
|t:|1743830393
|switch|p2a: Corviknight|Corviknight, F, shiny|67/100
|move|p1a: Avalugg|Icicle Crash|p2a: Corviknight
|-damage|p2a: Corviknight|40/100
|
|-weather|none
|upkeep
|turn|9
|
|t:|1743830402
|switch|p1a: Slowking|Slowking-Galar, M|81/100
|move|p2a: Corviknight|Body Press|p1a: Slowking
|-resisted|p1a: Slowking
|-damage|p1a: Slowking|75/100
|
|-heal|p1a: Slowking|81/100|[from] item: Black Sludge
|upkeep
|turn|10
|
|t:|1743830411
|move|p2a: Corviknight|Brave Bird|p1a: Slowking
|-damage|p1a: Slowking|23/100
|-damage|p2a: Corviknight|21/100|[from] Recoil
|move|p1a: Slowking|Toxic|p2a: Corviknight
|-immune|p2a: Corviknight
|
|-heal|p1a: Slowking|29/100|[from] item: Black Sludge
|upkeep
|turn|11
|
|t:|1743830422
|switch|p1a: Ninetales|Ninetales-Alola, F|29/100
|-weather|Snowscape|[from] ability: Snow Warning|[of] p1a: Ninetales
|move|p2a: Corviknight|Brave Bird|p1a: Ninetales
|-damage|p1a: Ninetales|0 fnt
|faint|p1a: Ninetales
|-damage|p2a: Corviknight|14/100|[from] Recoil
|
|-weather|Snowscape|[upkeep]
|upkeep
|
|t:|1743830433
|switch|p1a: Greninja|Greninja, M|100/100
|turn|12
|
|t:|1743830438
|move|p1a: Greninja|Dark Pulse|p2a: Corviknight
|-damage|p2a: Corviknight|0 fnt
|faint|p2a: Corviknight
|-ability|p1a: Greninja|Battle Bond|boost
|-boost|p1a: Greninja|atk|1
|-boost|p1a: Greninja|spa|1
|-boost|p1a: Greninja|spe|1
|-activate|p1a: Greninja|ability: Battle Bond
|-damage|p1a: Greninja|91/100|[from] item: Life Orb
|
|-weather|Snowscape|[upkeep]
|upkeep
|
|t:|1743830446
|switch|p2a: Dondozo|Dondozo, M|100/100
|turn|13
|
|t:|1743830451
|move|p1a: Greninja|Dark Pulse|p2a: Dondozo
|-damage|p2a: Dondozo|34/100
|-damage|p1a: Greninja|81/100|[from] item: Life Orb
|move|p2a: Dondozo|Wave Crash|p1a: Greninja
|-resisted|p1a: Greninja
|-damage|p1a: Greninja|32/100
|-damage|p2a: Dondozo|25/100|[from] Recoil
|
|-weather|Snowscape|[upkeep]
|-heal|p2a: Dondozo|31/100|[from] item: Leftovers
|upkeep
|turn|14
|
|t:|1743830462
|move|p1a: Greninja|Dark Pulse|p2a: Dondozo
|-damage|p2a: Dondozo|0 fnt
|faint|p2a: Dondozo
|-damage|p1a: Greninja|22/100|[from] item: Life Orb
|
|-weather|Snowscape|[upkeep]
|upkeep
|
|t:|1743830466
|switch|p2a: Landorus|Landorus-Therian, M, shiny|100/100
|-ability|p2a: Landorus|Intimidate|boost
|-unboost|p1a: Greninja|atk|1
|turn|15
|
|t:|1743830473
|-terastallize|p2a: Landorus|Fighting
|move|p1a: Greninja|Blizzard|p2a: Landorus
|-damage|p2a: Landorus|11/100
|-damage|p1a: Greninja|12/100|[from] item: Life Orb
|move|p2a: Landorus|U-turn|p1a: Greninja
|-supereffective|p1a: Greninja
|-damage|p1a: Greninja|0 fnt
|faint|p1a: Greninja
|
|t:|1743830479
|switch|p2a: Iron Boulder|Iron Boulder|100/100|[from] U-turn
|
|-weather|Snowscape|[upkeep]
|upkeep
|
|t:|1743830488
|switch|p1a: Avalugg|Avalugg, F|66/100
|turn|16
|
|t:|1743830491
|move|p2a: Iron Boulder|Mighty Cleave|p1a: Avalugg
|-supereffective|p1a: Avalugg
|-damage|p1a: Avalugg|38/100
|move|p1a: Avalugg|Gyro Ball|p2a: Iron Boulder
|-supereffective|p2a: Iron Boulder
|-damage|p2a: Iron Boulder|0 fnt
|faint|p2a: Iron Boulder
|-end|p2a: Iron Boulder|Quark Drive|[silent]
|
|-weather|Snowscape|[upkeep]
|-heal|p1a: Avalugg|44/100|[from] ability: Ice Body
|upkeep
|
|t:|1743830499
|switch|p2a: Landorus|Landorus-Therian, M, shiny, tera:Fighting|11/100
|-ability|p2a: Landorus|Intimidate|boost
|-unboost|p1a: Avalugg|atk|1
|turn|17
|
|t:|1743830506
|move|p2a: Landorus|Tera Blast|p1a: Avalugg|[anim] Tera Blast Fighting
|-supereffective|p1a: Avalugg
|-damage|p1a: Avalugg|20/100
|move|p1a: Avalugg|Body Press|p2a: Landorus
|-damage|p2a: Landorus|0 fnt
|faint|p2a: Landorus
|
|-weather|Snowscape|[upkeep]
|-heal|p1a: Avalugg|26/100|[from] ability: Ice Body
|upkeep
|-message|NotTheWolves forfeited.
|
|win|maemikon
|raw|maemikon's rating: 1127 &rarr; <strong>1155</strong><br />(+28 for winning)
|raw|NotTheWolves's rating: 1168 &rarr; <strong>1140</strong><br />(-28 for losing)
|l|☆NotTheWolves
|player|p2|
|l|☆maemikon
|player|p1|
