|j|☆Sindicate XI
|j|☆Teefryingpan
|t:|1743865621
|gametype|singles
|player|p1|Sindicate XI|2|1473
|player|p2|Teefryingpan|102|1446
|teamsize|p1|6
|teamsize|p2|6
|gen|9
|tier|[Gen 9] OU
|rated|
|rule|HP Percentage Mod: HP is shown in percentages
|rule|Endless Battle Clause: Forcing endless battles is banned
|rule|Species Clause: Limit one of each Pokémon
|rule|OHKO Clause: OHKO moves are banned
|rule|Evasion Items Clause: Evasion items are banned
|rule|Evasion Moves Clause: Evasion moves are banned
|rule|Sleep Moves Clause: Sleep-inducing moves are banned
|clearpoke
|poke|p1|Primarina, F|
|poke|p1|Dragapult, F|
|poke|p1|Cinderace, M|
|poke|p1|Pawmot, M|
|poke|p1|Great Tusk|
|poke|p1|Kyurem|
|poke|p2|Iron Valiant|
|poke|p2|Samurott-Hisui, F|
|poke|p2|Gholdengo|
|poke|p2|Weavile, F|
|poke|p2|Landorus-Therian, M|
|poke|p2|Kingambit, F|
|teampreview
|inactive|Battle timer is ON: inactive players will automatically lose when time's up. (requested by Sindicate XI)
|
|t:|1743865630
|start
|switch|p1a: Pawmot|Pawmot, M|100/100
|switch|p2a: Samurott|Samurott-Hisui, F|100/100
|turn|1
|
|t:|1743865638
|switch|p2a: Landorus|Landorus-Therian, M|100/100
|-ability|p2a: Landorus|Intimidate|boost
|-unboost|p1a: Pawmot|atk|1
|move|p1a: Pawmot|Close Combat|p2a: Landorus
|-resisted|p2a: Landorus
|-damage|p2a: Landorus|79/100
|-unboost|p1a: Pawmot|def|1
|-unboost|p1a: Pawmot|spd|1
|
|upkeep
|turn|2
|
|t:|1743865648
|switch|p1a: Great Tusk|Great Tusk|100/100
|move|p2a: Landorus|Earthquake|p1a: Great Tusk
|-damage|p1a: Great Tusk|51/100
|
|upkeep
|turn|3
|
|t:|1743865652
|switch|p2a: Samurott|Samurott-Hisui, F|100/100
|move|p1a: Great Tusk|Ice Spinner|p2a: Samurott
|-resisted|p2a: Samurott
|-damage|p2a: Samurott|85/100
|
|upkeep
|turn|4
|
|t:|1743865657
|move|p1a: Great Tusk|Headlong Rush|p2a: Samurott
|-crit|p2a: Samurott
|-damage|p2a: Samurott|0 fnt
|-unboost|p1a: Great Tusk|def|1
|-unboost|p1a: Great Tusk|spd|1
|faint|p2a: Samurott
|
|upkeep
|
|t:|1743865665
|switch|p2a: Iron Valiant|Iron Valiant|100/100
|turn|5
|
|t:|1743865670
|-end|p1a: Great Tusk|Protosynthesis|[silent]
|switch|p1a: Primarina|Primarina, F|100/100
|move|p2a: Iron Valiant|Moonblast|p1a: Primarina
|-damage|p1a: Primarina|63/100
|-unboost|p1a: Primarina|spa|1
|
|upkeep
|turn|6
|
|t:|1743865677
|move|p2a: Iron Valiant|Moonblast|p1a: Primarina
|-damage|p1a: Primarina|23/100
|move|p1a: Primarina|Moonblast|p2a: Iron Valiant
|-supereffective|p2a: Iron Valiant
|-damage|p2a: Iron Valiant|0 fnt
|faint|p2a: Iron Valiant
|-end|p2a: Iron Valiant|Quark Drive|[silent]
|
|upkeep
|
|t:|1743865690
|switch|p2a: Landorus|Landorus-Therian, M|79/100
|-ability|p2a: Landorus|Intimidate|boost
|-unboost|p1a: Primarina|atk|1
|turn|7
|-enditem|p1a: Primarina|Custap Berry|[eat]
|-activate|p1a: Primarina|item: Custap Berry|[consumed]
|
|t:|1743865695
|move|p1a: Primarina|Surf|p2a: Landorus
|-supereffective|p2a: Landorus
|-damage|p2a: Landorus|0 fnt
|faint|p2a: Landorus
|
|upkeep
|-message|Teefryingpan forfeited.
|
|win|Sindicate XI
|raw|Sindicate XI's rating: 1473 &rarr; <strong>1491</strong><br />(+18 for winning)
|raw|Teefryingpan's rating: 1446 &rarr; <strong>1428</strong><br />(-18 for losing)
|l|☆Teefryingpan
|player|p2|
|l|☆Sindicate XI
|player|p1|
