|j|☆slimeb202
|j|☆kanachox
|t:|1743834045
|gametype|singles
|player|p1|slimeb202|2|1151
|player|p2|kanachox|169|1150
|teamsize|p1|6
|teamsize|p2|6
|gen|9
|tier|[Gen 9] OU
|rated|
|rule|HP Percentage Mod: HP is shown in percentages
|rule|Endless Battle Clause: Forcing endless battles is banned
|rule|Species Clause: Limit one of each Pokémon
|rule|OHKO Clause: OHKO moves are banned
|rule|Evasion Items Clause: Evasion items are banned
|rule|Evasion Moves Clause: Evasion moves are banned
|rule|Sleep Moves Clause: Sleep-inducing moves are banned
|clearpoke
|poke|p1|Kyurem|
|poke|p1|Garganacl, F|
|poke|p1|Cinderace, M|
|poke|p1|Ogerpon-Wellspring, F|
|poke|p1|Grafaiai, F|
|poke|p1|Dragonite, M|
|poke|p2|Mew|
|poke|p2|Forretress, M|
|poke|p2|Dragapult, M|
|poke|p2|Dragonite, M|
|poke|p2|Blissey, F|
|poke|p2|Flareon, F|
|teampreview
|inactive|Battle timer is ON: inactive players will automatically lose when time's up. (requested by slimeb202)
|
|t:|1743834059
|start
|switch|p1a: Grafaiai|Grafaiai, F|100/100
|switch|p2a: Forretress|Forretress, M, shiny|100/100
|turn|1
|
|t:|1743834067
|move|p1a: Grafaiai|Double-Edge|p2a: Forretress
|-resisted|p2a: Forretress
|-damage|p2a: Forretress|81/100
|-damage|p1a: Grafaiai|94/100|[from] Recoil
|-enditem|p2a: Forretress|Red Card|[of] p1a: Grafaiai
|drag|p1a: Garganacl|Garganacl, F|100/100
|move|p2a: Forretress|Stealth Rock|p1a: Garganacl
|-sidestart|p1: slimeb202|move: Stealth Rock
|
|upkeep
|turn|2
|
|t:|1743834086
|move|p2a: Forretress|Toxic Spikes|p1a: Garganacl
|-sidestart|p1: slimeb202|move: Toxic Spikes
|move|p1a: Garganacl|Iron Defense|p1a: Garganacl
|-boost|p1a: Garganacl|def|2
|
|upkeep
|turn|3
|
|t:|1743834094
|switch|p2a: Dragonite|Dragonite, M, shiny|100/100
|move|p1a: Garganacl|Iron Defense|p1a: Garganacl
|-boost|p1a: Garganacl|def|2
|-enditem|p2a: Dragonite|Mirror Herb
|-boost|p2a: Dragonite|def|2|[from] item: Mirror Herb
|
|upkeep
|turn|4
|
|t:|1743834101
|move|p2a: Dragonite|Dragon Dance|p2a: Dragonite
|-boost|p2a: Dragonite|atk|1
|-boost|p2a: Dragonite|spe|1
|move|p1a: Garganacl|Iron Defense|p1a: Garganacl
|-boost|p1a: Garganacl|def|2
|
|upkeep
|turn|5
|
|t:|1743834111
|move|p2a: Dragonite|Draco Meteor|p1a: Garganacl
|-damage|p1a: Garganacl|65/100
|-unboost|p2a: Dragonite|spa|2
|move|p1a: Garganacl|Salt Cure|p2a: Dragonite
|-supereffective|p2a: Dragonite
|-damage|p2a: Dragonite|93/100
|-start|p2a: Dragonite|Salt Cure
|
|-heal|p1a: Garganacl|71/100|[from] item: Leftovers
|-damage|p2a: Dragonite|80/100|[from] Salt Cure
|upkeep
|turn|6
|
|t:|1743834122
|move|p2a: Dragonite|Dragon Dance|p2a: Dragonite
|-boost|p2a: Dragonite|atk|1
|-boost|p2a: Dragonite|spe|1
|move|p1a: Garganacl|Body Press|p2a: Dragonite
|-resisted|p2a: Dragonite
|-damage|p2a: Dragonite|55/100
|
|-heal|p1a: Garganacl|77/100|[from] item: Leftovers
|-damage|p2a: Dragonite|43/100|[from] Salt Cure
|upkeep
|turn|7
|
|t:|1743834131
|move|p2a: Dragonite|Roost|p2a: Dragonite
|-heal|p2a: Dragonite|93/100
|-singleturn|p2a: Dragonite|move: Roost
|move|p1a: Garganacl|Body Press|p2a: Dragonite
|-damage|p2a: Dragonite|41/100
|
|-heal|p1a: Garganacl|83/100|[from] item: Leftovers
|-damage|p2a: Dragonite|29/100|[from] Salt Cure
|upkeep
|turn|8
|
|t:|1743834144
|switch|p2a: Dragapult|Dragapult, M, shiny|100/100
|move|p1a: Garganacl|Body Press|p2a: Dragapult
|-immune|p2a: Dragapult
|
|-heal|p1a: Garganacl|89/100|[from] item: Leftovers
|upkeep
|turn|9
|
|t:|1743834152
|move|p2a: Dragapult|Shadow Ball|p1a: Garganacl
|-damage|p1a: Garganacl|76/100
|move|p1a: Garganacl|Salt Cure|p2a: Dragapult
|-damage|p2a: Dragapult|83/100
|-start|p2a: Dragapult|Salt Cure
|
|-heal|p1a: Garganacl|83/100|[from] item: Leftovers
|-damage|p2a: Dragapult|71/100|[from] Salt Cure
|upkeep
|turn|10
|
|t:|1743834161
|move|p2a: Dragapult|Disable|p1a: Garganacl
|-start|p1a: Garganacl|Disable|Salt Cure
|cant|p1a: Garganacl|Disable|Salt Cure
|
|-heal|p1a: Garganacl|89/100|[from] item: Leftovers
|-damage|p2a: Dragapult|59/100|[from] Salt Cure
|upkeep
|turn|11
|
|t:|1743834172
|switch|p1a: Kyurem|Kyurem|100/100
|-damage|p1a: Kyurem|76/100|[from] Stealth Rock
|-status|p1a: Kyurem|psn
|-ability|p1a: Kyurem|Pressure
|move|p2a: Dragapult|Draco Meteor|p1a: Kyurem
|-supereffective|p1a: Kyurem
|-damage|p1a: Kyurem|2/100 psn
|-unboost|p2a: Dragapult|spa|2
|-enditem|p2a: Dragapult|Eject Pack
|
|t:|1743834184
|switch|p2a: Dragonite|Dragonite, M, shiny|29/100
|
|-damage|p1a: Kyurem|0 fnt|[from] psn
|faint|p1a: Kyurem
|upkeep
|
|t:|1743834190
|switch|p1a: Grafaiai|Grafaiai, F|94/100
|-damage|p1a: Grafaiai|82/100|[from] Stealth Rock
|-sideend|p1: slimeb202|move: Toxic Spikes|[of] p1a: Grafaiai
|turn|12
|
|t:|1743834196
|move|p1a: Grafaiai|Toxic|p2a: Dragonite
|-status|p2a: Dragonite|tox
|move|p2a: Dragonite|Roost|p2a: Dragonite
|-heal|p2a: Dragonite|79/100 tox
|-singleturn|p2a: Dragonite|move: Roost
|
|-damage|p2a: Dragonite|72/100 tox|[from] psn
|upkeep
|turn|13
|
|t:|1743834204
|move|p1a: Grafaiai|Encore|p2a: Dragonite
|-start|p2a: Dragonite|Encore
|move|p2a: Dragonite|Roost|p2a: Dragonite
|-heal|p2a: Dragonite|100/100 tox
|-singleturn|p2a: Dragonite|move: Roost
|
|-damage|p2a: Dragonite|88/100 tox|[from] psn
|upkeep
|turn|14
|
|t:|1743834218
|switch|p1a: Cinderace|Cinderace, M|100/100
|-damage|p1a: Cinderace|76/100|[from] Stealth Rock
|switch|p2a: Dragapult|Dragapult, M, shiny|59/100
|
|upkeep
|turn|15
|
|t:|1743834227
|move|p1a: Cinderace|Court Change|p1a: Cinderace
|-start|p1a: Cinderace|typechange|Normal|[from] ability: Libero
|-swapsideconditions
|-activate|p1a: Cinderace|move: Court Change
|move|p2a: Dragapult|Thunder Wave|p1a: Cinderace
|-status|p1a: Cinderace|par
|
|upkeep
|turn|16
|
|t:|1743834238
|move|p2a: Dragapult|Draco Meteor|p1a: Cinderace
|-damage|p1a: Cinderace|0 fnt
|-unboost|p2a: Dragapult|spa|2
|faint|p1a: Cinderace
|
|upkeep
|
|t:|1743834244
|switch|p1a: Grafaiai|Grafaiai, F|82/100
|turn|17
|
|t:|1743834263
|move|p1a: Grafaiai|Toxic|p2a: Dragapult
|-status|p2a: Dragapult|tox
|move|p2a: Dragapult|Thunder Wave|p1a: Grafaiai
|-status|p1a: Grafaiai|par
|
|-damage|p2a: Dragapult|53/100 tox|[from] psn
|upkeep
|turn|18
|
|t:|1743834271
|switch|p2a: Forretress|Forretress, M, shiny|81/100
|-damage|p2a: Forretress|68/100|[from] Stealth Rock
|move|p1a: Grafaiai|Encore||[still]
|-fail|p1a: Grafaiai
|
|upkeep
|turn|19
|
|t:|1743834278
|move|p1a: Grafaiai|Double-Edge|p2a: Forretress
|-resisted|p2a: Forretress
|-damage|p2a: Forretress|48/100
|-damage|p1a: Grafaiai|75/100 par|[from] Recoil
|move|p2a: Forretress|Rapid Spin|p1a: Grafaiai
|-damage|p1a: Grafaiai|58/100 par
|-boost|p2a: Forretress|spe|1
|-sideend|p2: kanachox|Stealth Rock|[from] move: Rapid Spin|[of] p2a: Forretress
|
|upkeep
|turn|20
|
|t:|1743834293
|-terastallize|p1a: Grafaiai|Ghost
|move|p2a: Forretress|Stealth Rock|p1a: Grafaiai
|-sidestart|p1: slimeb202|move: Stealth Rock
|cant|p1a: Grafaiai|par
|
|upkeep
|turn|21
|
|t:|1743834301
|switch|p2a: Blissey|Blissey, F, shiny|100/100
|cant|p1a: Grafaiai|par
|
|upkeep
|turn|22
|
|t:|1743834308
|cant|p1a: Grafaiai|par
|move|p2a: Blissey|Heal Bell|p2a: Blissey
|-activate|p2a: Blissey|move: Heal Bell
|-curestatus|p2: Dragonite|tox|[msg]
|-curestatus|p2: Dragapult|tox|[msg]
|
|upkeep
|turn|23
|
|t:|1743834315
|move|p1a: Grafaiai|Toxic|p2a: Blissey
|-status|p2a: Blissey|tox
|move|p2a: Blissey|Water Pulse|p1a: Grafaiai
|-damage|p1a: Grafaiai|36/100 par
|
|-damage|p2a: Blissey|94/100 tox|[from] psn
|upkeep
|turn|24
|
|t:|1743834326
|move|p2a: Blissey|Water Pulse|p1a: Grafaiai
|-damage|p1a: Grafaiai|14/100 par
|-start|p1a: Grafaiai|confusion
|-activate|p1a: Grafaiai|confusion
|-damage|p1a: Grafaiai|0 fnt|[from] confusion
|faint|p1a: Grafaiai
|
|-heal|p2a: Blissey|100/100 tox|[from] item: Leftovers
|-damage|p2a: Blissey|88/100 tox|[from] psn
|upkeep
|
|t:|1743834337
|switch|p1a: Dragonite|Dragonite, M|100/100
|-damage|p1a: Dragonite|76/100|[from] Stealth Rock
|turn|25
|
|t:|1743834342
|move|p1a: Dragonite|Dragon Dance|p1a: Dragonite
|-boost|p1a: Dragonite|atk|1
|-boost|p1a: Dragonite|spe|1
|move|p2a: Blissey|Water Pulse|p1a: Dragonite
|-resisted|p1a: Dragonite
|-damage|p1a: Dragonite|68/100
|
|-heal|p2a: Blissey|94/100 tox|[from] item: Leftovers
|-damage|p2a: Blissey|76/100 tox|[from] psn
|upkeep
|turn|26
|
|t:|1743834354
|switch|p2a: Dragapult|Dragapult, M, shiny|53/100
|move|p1a: Dragonite|Dragon Dance|p1a: Dragonite
|-boost|p1a: Dragonite|atk|1
|-boost|p1a: Dragonite|spe|1
|
|upkeep
|turn|27
|
|t:|1743834367
|move|p1a: Dragonite|Scale Shot|p2a: Dragapult
|-supereffective|p2a: Dragapult
|-damage|p2a: Dragapult|0 fnt
|faint|p2a: Dragapult
|-hitcount|p2: Dragapult|1
|-unboost|p1a: Dragonite|def|1
|-boost|p1a: Dragonite|spe|1
|
|upkeep
|
|t:|1743834382
|switch|p2a: Flareon|Flareon, F, shiny|100/100
|turn|28
|
|t:|1743834389
|-terastallize|p2a: Flareon|Steel
|move|p1a: Dragonite|Extreme Speed|p2a: Flareon
|-resisted|p2a: Flareon
|-damage|p2a: Flareon|59/100
|move|p2a: Flareon|Will-O-Wisp|p1a: Dragonite|[miss]
|-miss|p2a: Flareon|p1a: Dragonite
|
|upkeep
|turn|29
|
|t:|1743834396
|move|p1a: Dragonite|Scale Shot|p2a: Flareon
|-resisted|p2a: Flareon
|-damage|p2a: Flareon|39/100
|-resisted|p2a: Flareon
|-damage|p2a: Flareon|21/100
|-resisted|p2a: Flareon
|-damage|p2a: Flareon|3/100
|-resisted|p2a: Flareon
|-damage|p2a: Flareon|0 fnt
|faint|p2a: Flareon
|-hitcount|p2: Flareon|4
|-unboost|p1a: Dragonite|def|1
|-boost|p1a: Dragonite|spe|1
|
|upkeep
|
|t:|1743834408
|switch|p2a: Dragonite|Dragonite, M, shiny|88/100
|turn|30
|
|t:|1743834415
|move|p2a: Dragonite|Extreme Speed|p1a: Dragonite
|-damage|p1a: Dragonite|25/100
|move|p1a: Dragonite|Scale Shot|p2a: Dragonite
|-supereffective|p2a: Dragonite
|-damage|p2a: Dragonite|23/100
|-supereffective|p2a: Dragonite
|-damage|p2a: Dragonite|0 fnt
|faint|p2a: Dragonite
|-hitcount|p2: Dragonite|2
|-unboost|p1a: Dragonite|def|1
|-boost|p1a: Dragonite|spe|1
|
|upkeep
|
|t:|1743834427
|switch|p2a: Mew|Mew, shiny|100/100
|turn|31
|
|t:|1743834439
|move|p1a: Dragonite|Scale Shot|p2a: Mew
|-damage|p2a: Mew|75/100
|-damage|p2a: Mew|51/100
|-damage|p2a: Mew|25/100
|-damage|p2a: Mew|0 fnt
|faint|p2a: Mew
|-hitcount|p2: Mew|4
|-unboost|p1a: Dragonite|def|1
|-boost|p1a: Dragonite|spe|1
|
|upkeep
|-message|kanachox forfeited.
|
|win|slimeb202
|raw|slimeb202's rating: 1151 &rarr; <strong>1176</strong><br />(+25 for winning)
|raw|kanachox's rating: 1150 &rarr; <strong>1125</strong><br />(-25 for losing)
|l|☆kanachox
|player|p2|
|l|☆slimeb202
|player|p1|
