|j|☆abadi000722
|j|☆The hatefull 6
|t:|1743931652
|gametype|singles
|player|p1|abadi000722|2|1135
|player|p2|The hatefull 6|gentleman|1122
|teamsize|p1|6
|teamsize|p2|6
|gen|9
|tier|[Gen 9] OU
|rated|
|rule|HP Percentage Mod: HP is shown in percentages
|rule|Endless Battle Clause: Forcing endless battles is banned
|rule|Species Clause: Limit one of each Pokémon
|rule|OHKO Clause: OHKO moves are banned
|rule|Evasion Items Clause: Evasion items are banned
|rule|Evasion Moves Clause: Evasion moves are banned
|rule|Sleep Moves Clause: Sleep-inducing moves are banned
|clearpoke
|poke|p1|Deoxys-Speed|
|poke|p1|Landorus-Therian, M|
|poke|p1|Iron Moth|
|poke|p1|Ogerpon-Wellspring, F|
|poke|p1|Raging Bolt|
|poke|p1|Kingambit, F|
|poke|p2|Lokix, M|
|poke|p2|Mimikyu, F|
|poke|p2|Weezing-Galar, M|
|poke|p2|Muk-Alola, M|
|poke|p2|Rotom-Wash|
|poke|p2|Salazzle, F|
|teampreview
|inactive|Battle timer is ON: inactive players will automatically lose when time's up. (requested by abadi000722)
|
|t:|1743931660
|start
|switch|p1a: Landorus|Landorus-Therian, M|100/100
|switch|p2a: Rotom|Rotom-Wash|100/100
|-ability|p1a: Landorus|Intimidate|boost
|-unboost|p2a: Rotom|atk|1
|turn|1
|
|t:|1743931672
|move|p1a: Landorus|Stealth Rock|p2a: Rotom
|-sidestart|p2: The hatefull 6|move: Stealth Rock
|move|p2a: Rotom|Hydro Pump|p1a: Landorus
|-supereffective|p1a: Landorus
|-damage|p1a: Landorus|22/100
|
|upkeep
|turn|2
|
|t:|1743931700
|move|p1a: Landorus|U-turn|p2a: Rotom
|-damage|p2a: Rotom|81/100
|
|t:|1743931702
|switch|p1a: Ogerpon|Ogerpon-Wellspring, F|100/100|[from] U-turn
|move|p2a: Rotom|Will-O-Wisp|p1a: Ogerpon
|-status|p1a: Ogerpon|brn
|
|-damage|p1a: Ogerpon|95/100 brn|[from] brn
|upkeep
|turn|3
|
|t:|1743931720
|switch|p2a: Weezing|Weezing-Galar, M|100/100
|-damage|p2a: Weezing|88/100|[from] Stealth Rock
|move|p1a: Ogerpon|Horn Leech|p2a: Weezing
|-resisted|p2a: Weezing
|-damage|p2a: Weezing|81/100
|-heal|p1a: Ogerpon|99/100 brn|[from] drain|[of] p2a: Weezing
|-damage|p1a: Ogerpon|82/100 brn|[from] item: Rocky Helmet|[of] p2a: Weezing
|
|-damage|p1a: Ogerpon|76/100 brn|[from] brn
|upkeep
|turn|4
|
|t:|1743931744
|switch|p1a: Deoxys|Deoxys-Speed|100/100
|-ability|p1a: Deoxys|Pressure
|move|p2a: Weezing|Strange Steam|p1a: Deoxys
|-damage|p1a: Deoxys|55/100
|
|upkeep
|turn|5
|
|t:|1743931754
|switch|p2a: Muk|Muk-Alola, M|100/100
|-damage|p2a: Muk|88/100|[from] Stealth Rock
|move|p1a: Deoxys|Psychic|p2a: Muk
|-immune|p2a: Muk
|
|upkeep
|turn|6
|inactive|abadi000722 has 120 seconds left.
|
|t:|1743931778
|move|p1a: Deoxys|Nasty Plot|p1a: Deoxys
|-boost|p1a: Deoxys|spa|2
|move|p2a: Muk|Knock Off|p1a: Deoxys
|-supereffective|p1a: Deoxys
|-damage|p1a: Deoxys|0 fnt
|-enditem|p1a: Deoxys|Focus Sash|[from] move: Knock Off|[of] p2a: Muk
|faint|p1a: Deoxys
|
|upkeep
|inactive|abadi000722 has 120 seconds left.
|
|t:|1743931787
|switch|p1a: Landorus|Landorus-Therian, M|22/100
|-ability|p1a: Landorus|Intimidate|boost
|-unboost|p2a: Muk|atk|1
|turn|7
|
|t:|1743931794
|switch|p2a: Weezing|Weezing-Galar, M|81/100
|-damage|p2a: Weezing|69/100|[from] Stealth Rock
|move|p1a: Landorus|Earthquake|p2a: Weezing
|-immune|p2a: Weezing|[from] ability: Levitate
|
|upkeep
|turn|8
|
|t:|1743931808
|move|p1a: Landorus|U-turn|p2a: Weezing
|-resisted|p2a: Weezing
|-damage|p2a: Weezing|65/100
|-damage|p1a: Landorus|5/100|[from] item: Rocky Helmet|[of] p2a: Weezing
|inactive|abadi000722 has 120 seconds left.
|
|t:|1743931820
|switch|p1a: Iron Moth|Iron Moth|100/100|[from] U-turn
|-enditem|p1a: Iron Moth|Booster Energy
|-activate|p1a: Iron Moth|ability: Quark Drive|[fromitem]
|-start|p1a: Iron Moth|quarkdrivespa
|move|p2a: Weezing|Defog|p1a: Iron Moth
|-unboost|p1a: Iron Moth|evasion|1
|-sideend|p2: The hatefull 6|Stealth Rock|[from] move: Defog|[of] p2a: Weezing
|
|upkeep
|turn|9
|
|t:|1743931831
|switch|p2a: Muk|Muk-Alola, M|88/100
|move|p1a: Iron Moth|Psychic|p2a: Muk
|-immune|p2a: Muk
|
|upkeep
|turn|10
|
|t:|1743931845
|-terastallize|p2a: Muk|Ground
|move|p1a: Iron Moth|Fiery Dance|p2a: Muk
|-damage|p2a: Muk|57/100
|-boost|p1a: Iron Moth|spa|1
|move|p2a: Muk|Tera Blast|p1a: Iron Moth|[anim] Tera Blast Ground
|-supereffective|p1a: Iron Moth
|-damage|p1a: Iron Moth|0 fnt
|faint|p1a: Iron Moth
|-end|p1a: Iron Moth|Quark Drive|[silent]
|
|upkeep
|inactive|abadi000722 has 120 seconds left.
|
|t:|1743931855
|switch|p1a: Ogerpon|Ogerpon-Wellspring, F|76/100 brn
|turn|11
|inactive|abadi000722 has 120 seconds left.
|
|t:|1743931870
|switch|p2a: Weezing|Weezing-Galar, M|65/100
|move|p1a: Ogerpon|Horn Leech|p2a: Weezing
|-resisted|p2a: Weezing
|-damage|p2a: Weezing|59/100
|-heal|p1a: Ogerpon|80/100 brn|[from] drain|[of] p2a: Weezing
|-damage|p1a: Ogerpon|63/100 brn|[from] item: Rocky Helmet|[of] p2a: Weezing
|
|-damage|p1a: Ogerpon|57/100 brn|[from] brn
|upkeep
|turn|12
|
|t:|1743931882
|move|p1a: Ogerpon|Swords Dance|p1a: Ogerpon
|-boost|p1a: Ogerpon|atk|2
|move|p2a: Weezing|Strange Steam|p1a: Ogerpon|[miss]
|-miss|p2a: Weezing|p1a: Ogerpon
|
|-damage|p1a: Ogerpon|51/100 brn|[from] brn
|upkeep
|turn|13
|inactive|abadi000722 has 120 seconds left.
|
|t:|1743931897
|move|p1a: Ogerpon|Ivy Cudgel|p2a: Weezing|[anim] Ivy Cudgel Water
|-damage|p2a: Weezing|22/100
|move|p2a: Weezing|Haze|p2a: Weezing
|-clearallboost
|
|-damage|p1a: Ogerpon|45/100 brn|[from] brn
|upkeep
|turn|14
|
|t:|1743931905
|move|p1a: Ogerpon|Ivy Cudgel|p2a: Weezing|[anim] Ivy Cudgel Water
|-crit|p2a: Weezing
|-damage|p2a: Weezing|0 fnt
|faint|p2a: Weezing
|
|-damage|p1a: Ogerpon|39/100 brn|[from] brn
|upkeep
|
|t:|1743931915
|switch|p2a: Lokix|Lokix, M|100/100
|turn|15
|
|t:|1743931931
|move|p2a: Lokix|First Impression|p1a: Ogerpon
|-supereffective|p1a: Ogerpon
|-damage|p1a: Ogerpon|0 fnt
|faint|p1a: Ogerpon
|-damage|p2a: Lokix|91/100|[from] item: Life Orb
|
|upkeep
|inactive|abadi000722 has 120 seconds left.
|
|t:|1743931944
|switch|p1a: Landorus|Landorus-Therian, M|5/100
|-ability|p1a: Landorus|Intimidate|boost
|-unboost|p2a: Lokix|atk|1
|turn|16
|
|t:|1743931956
|move|p2a: Lokix|Sucker Punch|p1a: Landorus
|-damage|p1a: Landorus|0 fnt
|-damage|p2a: Lokix|74/100|[from] item: Rocky Helmet|[of] p1a: Landorus
|faint|p1a: Landorus
|-damage|p2a: Lokix|64/100|[from] item: Life Orb
|
|upkeep
|
|t:|1743931966
|switch|p1a: Raging Bolt|Raging Bolt|100/100
|-enditem|p1a: Raging Bolt|Booster Energy
|-activate|p1a: Raging Bolt|ability: Protosynthesis|[fromitem]
|-start|p1a: Raging Bolt|protosynthesisspa
|turn|17
|inactive|The hatefull 6 has 120 seconds left.
|
|t:|1743931997
|switch|p2a: Rotom|Rotom-Wash|81/100
|move|p1a: Raging Bolt|Calm Mind|p1a: Raging Bolt
|-boost|p1a: Raging Bolt|spa|1
|-boost|p1a: Raging Bolt|spd|1
|
|upkeep
|turn|18
|inactive|The hatefull 6 has 120 seconds left.
|
|t:|1743932011
|move|p1a: Raging Bolt|Thunderclap|p2a: Rotom
|-damage|p2a: Rotom|0 fnt
|faint|p2a: Rotom
|
|upkeep
|
|t:|1743932016
|switch|p2a: Muk|Muk-Alola, M, tera:Ground|57/100
|turn|19
|
|t:|1743932022
|move|p1a: Raging Bolt|Dragon Pulse|p2a: Muk
|-damage|p2a: Muk|3/100
|move|p2a: Muk|Knock Off|p1a: Raging Bolt
|-damage|p1a: Raging Bolt|70/100
|
|upkeep
|turn|20
|
|t:|1743932033
|move|p2a: Muk|Shadow Sneak|p1a: Raging Bolt
|-damage|p1a: Raging Bolt|57/100
|-status|p1a: Raging Bolt|psn|[from] ability: Poison Touch|[of] p2a: Muk
|move|p1a: Raging Bolt|Calm Mind|p1a: Raging Bolt
|-boost|p1a: Raging Bolt|spa|1
|-boost|p1a: Raging Bolt|spd|1
|
|-damage|p1a: Raging Bolt|44/100 psn|[from] psn
|upkeep
|turn|21
|
|t:|1743932047
|move|p2a: Muk|Shadow Sneak|p1a: Raging Bolt
|-damage|p1a: Raging Bolt|31/100 psn
|move|p1a: Raging Bolt|Dragon Pulse|p2a: Muk
|-damage|p2a: Muk|0 fnt
|faint|p2a: Muk
|
|-damage|p1a: Raging Bolt|19/100 psn|[from] psn
|upkeep
|
|t:|1743932057
|switch|p2a: Lokix|Lokix, M|64/100
|turn|22
|
|t:|1743932061
|move|p2a: Lokix|First Impression|p1a: Raging Bolt
|-damage|p1a: Raging Bolt|0 fnt
|faint|p1a: Raging Bolt
|-end|p1a: Raging Bolt|Protosynthesis|[silent]
|-damage|p2a: Lokix|54/100|[from] item: Life Orb
|
|upkeep
|
|t:|1743932066
|switch|p1a: Kingambit|Kingambit, F|100/100
|-activate|p1a: Kingambit|ability: Supreme Overlord
|-start|p1a: Kingambit|fallen5|[silent]
|turn|23
|
|t:|1743932078
|move|p2a: Lokix|Sucker Punch|p1a: Kingambit
|-resisted|p1a: Kingambit
|-damage|p1a: Kingambit|65/100
|-damage|p2a: Lokix|44/100|[from] item: Life Orb
|move|p1a: Kingambit|Iron Head|p2a: Lokix
|-damage|p2a: Lokix|0 fnt
|faint|p2a: Lokix
|
|upkeep
|
|t:|1743932087
|switch|p2a: Salazzle|Salazzle, F|100/100
|turn|24
|
|t:|1743932095
|move|p2a: Salazzle|Flamethrower|p1a: Kingambit
|-supereffective|p1a: Kingambit
|-damage|p1a: Kingambit|0 fnt
|faint|p1a: Kingambit
|-end|p1a: Kingambit|fallen5|[silent]
|
|win|The hatefull 6
|raw|abadi000722's rating: 1135 &rarr; <strong>1109</strong><br />(-26 for losing)
|raw|The hatefull 6's rating: 1122 &rarr; <strong>1148</strong><br />(+26 for winning)
|l|☆abadi000722
|player|p1|
