|badge|p1|silver|gen9uu|30-5
|badge|p1|bronze|gen9pu|100-5
|uhtml|medal-msg|<div class="broadcast-blue">Curious what those medals under the avatar are? PS now has Ladder Seasons! For more information, check out the <a href="https://www.smogon.com/forums/threads/3740067/">thread on Smogon.</a></div>
|j|☆malk tyme
|j|☆quinx of ladder
|t:|1743909391
|gametype|singles
|player|p1|malk tyme|firefighter|1682
|player|p2|quinx of ladder|lenora|1811
|teamsize|p1|6
|teamsize|p2|6
|gen|9
|tier|[Gen 9] OU
|rated|
|rule|HP Percentage Mod: HP is shown in percentages
|rule|Endless Battle Clause: Forcing endless battles is banned
|rule|Species Clause: Limit one of each Pokémon
|rule|OHKO Clause: OHKO moves are banned
|rule|Evasion Items Clause: Evasion items are banned
|rule|Evasion Moves Clause: Evasion moves are banned
|rule|Sleep Moves Clause: Sleep-inducing moves are banned
|clearpoke
|poke|p1|Grimmsnarl, M|
|poke|p1|Kyurem|
|poke|p1|Garchomp, M|
|poke|p1|Necrozma|
|poke|p1|Magnezone|
|poke|p1|Cinderace, F|
|poke|p2|Dragonite, M|
|poke|p2|Ting-Lu|
|poke|p2|Iron Moth|
|poke|p2|Iron Valiant|
|poke|p2|Kyurem|
|poke|p2|Gholdengo|
|teampreview
|j| Pokemh
|
|t:|1743909398
|start
|switch|p1a: Grimmsnarl|Grimmsnarl, M|100/100
|switch|p2a: Ting-Lu|Ting-Lu|100/100
|-ability|p2a: Ting-Lu|Vessel of Ruin
|turn|1
|
|t:|1743909401
|move|p2a: Ting-Lu|Stealth Rock|p1a: Grimmsnarl
|-sidestart|p1: malk tyme|move: Stealth Rock
|move|p1a: Grimmsnarl|Spirit Break|p2a: Ting-Lu
|-supereffective|p2a: Ting-Lu
|-damage|p2a: Ting-Lu|63/100
|-unboost|p2a: Ting-Lu|spa|1
|-damage|p1a: Grimmsnarl|84/100|[from] item: Rocky Helmet|[of] p2a: Ting-Lu
|
|upkeep
|turn|2
|
|t:|1743909404
|move|p1a: Grimmsnarl|Reflect|p1a: Grimmsnarl
|-sidestart|p1: malk tyme|Reflect
|move|p2a: Ting-Lu|Ruination|p1a: Grimmsnarl
|-damage|p1a: Grimmsnarl|42/100
|
|upkeep
|turn|3
|
|t:|1743909406
|move|p2a: Ting-Lu|Ruination|p1a: Grimmsnarl
|-damage|p1a: Grimmsnarl|22/100
|move|p1a: Grimmsnarl|Spirit Break|p2a: Ting-Lu
|-supereffective|p2a: Ting-Lu
|-damage|p2a: Ting-Lu|27/100
|-unboost|p2a: Ting-Lu|spa|1
|-damage|p1a: Grimmsnarl|5/100|[from] item: Rocky Helmet|[of] p2a: Ting-Lu
|
|upkeep
|turn|4
|
|t:|1743909410
|move|p1a: Grimmsnarl|Light Screen|p1a: Grimmsnarl
|-sidestart|p1: malk tyme|move: Light Screen
|move|p2a: Ting-Lu|Taunt|p1a: Grimmsnarl
|-start|p1a: Grimmsnarl|move: Taunt
|
|upkeep
|turn|5
|
|t:|1743909413
|move|p2a: Ting-Lu|Earthquake|p1a: Grimmsnarl
|-damage|p1a: Grimmsnarl|0 fnt
|faint|p1a: Grimmsnarl
|
|upkeep
|
|t:|1743909416
|switch|p1a: Garchomp|Garchomp, M|100/100
|-damage|p1a: Garchomp|94/100|[from] Stealth Rock
|turn|6
|
|t:|1743909420
|switch|p2a: Iron Valiant|Iron Valiant|100/100
|-enditem|p2a: Iron Valiant|Booster Energy
|-activate|p2a: Iron Valiant|ability: Quark Drive|[fromitem]
|-start|p2a: Iron Valiant|quarkdrivespe
|move|p1a: Garchomp|Scale Shot|p2a: Iron Valiant
|-immune|p2a: Iron Valiant
|
|upkeep
|turn|7
|
|t:|1743909428
|switch|p1a: Cinderace|Cinderace, F|100/100
|move|p2a: Iron Valiant|Encore||[still]
|-fail|p2a: Iron Valiant
|
|upkeep
|turn|8
|
|t:|1743909433
|move|p2a: Iron Valiant|Knock Off|p1a: Cinderace
|-damage|p1a: Cinderace|79/100
|-enditem|p1a: Cinderace|Heavy-Duty Boots|[from] move: Knock Off|[of] p2a: Iron Valiant
|move|p1a: Cinderace|Pyro Ball|p2a: Iron Valiant
|-damage|p2a: Iron Valiant|25/100
|
|upkeep
|turn|9
|
|t:|1743909447
|move|p2a: Iron Valiant|Close Combat|p1a: Cinderace
|-damage|p1a: Cinderace|41/100
|-unboost|p2a: Iron Valiant|def|1
|-unboost|p2a: Iron Valiant|spd|1
|move|p1a: Cinderace|Pyro Ball|p2a: Iron Valiant
|-damage|p2a: Iron Valiant|0 fnt
|faint|p2a: Iron Valiant
|-end|p2a: Iron Valiant|Quark Drive|[silent]
|
|-sideend|p1: malk tyme|Reflect
|upkeep
|
|t:|1743909452
|switch|p2a: Kyurem|Kyurem|100/100
|-ability|p2a: Kyurem|Pressure
|turn|10
|
|t:|1743909455
|-terastallize|p2a: Kyurem|Fire
|move|p1a: Cinderace|Court Change|p1a: Cinderace
|-swapsideconditions
|-activate|p1a: Cinderace|move: Court Change
|move|p2a: Kyurem|Dragon Dance|p2a: Kyurem
|-boost|p2a: Kyurem|atk|1
|-boost|p2a: Kyurem|spe|1
|
|upkeep
|turn|11
|
|t:|1743909463
|move|p2a: Kyurem|Dragon Dance|p2a: Kyurem
|-boost|p2a: Kyurem|atk|1
|-boost|p2a: Kyurem|spe|1
|move|p1a: Cinderace|Swords Dance|p1a: Cinderace
|-boost|p1a: Cinderace|atk|2
|
|-sideend|p2: quinx of ladder|move: Light Screen
|upkeep
|turn|12
|
|t:|1743909467
|move|p1a: Cinderace|Sucker Punch|p2a: Kyurem
|-damage|p2a: Kyurem|57/100
|move|p2a: Kyurem|Icicle Spear|p1a: Cinderace
|-resisted|p1a: Cinderace
|-damage|p1a: Cinderace|20/100
|-resisted|p1a: Cinderace
|-damage|p1a: Cinderace|0 fnt
|faint|p1a: Cinderace
|-hitcount|p1: Cinderace|2
|
|upkeep
|
|t:|1743909491
|switch|p1a: Necrozma|Necrozma|100/100
|turn|13
|
|t:|1743909512
|move|p2a: Kyurem|Icicle Spear|p1a: Necrozma
|-damage|p1a: Necrozma|82/100
|-damage|p1a: Necrozma|62/100
|-damage|p1a: Necrozma|43/100
|-damage|p1a: Necrozma|24/100
|-hitcount|p1a: Necrozma|4
|move|p1a: Necrozma|Photon Geyser|p2a: Kyurem
|-damage|p2a: Kyurem|19/100
|
|-heal|p1a: Necrozma|30/100|[from] item: Leftovers
|upkeep
|turn|14
|
|t:|1743909517
|move|p2a: Kyurem|Icicle Spear|p1a: Necrozma
|-damage|p1a: Necrozma|12/100
|-damage|p1a: Necrozma|0 fnt
|faint|p1a: Necrozma
|-hitcount|p1: Necrozma|2
|
|upkeep
|
|t:|1743909520
|switch|p1a: Magnezone|Magnezone|100/100
|turn|15
|
|t:|1743909532
|-terastallize|p1a: Magnezone|Fighting
|move|p2a: Kyurem|Tera Blast|p1a: Magnezone|[anim] Tera Blast Fire
|-damage|p1a: Magnezone|21/100
|move|p1a: Magnezone|Thunderbolt|p2a: Kyurem
|-crit|p2a: Kyurem
|-damage|p2a: Kyurem|0 fnt
|faint|p2a: Kyurem
|
|-heal|p1a: Magnezone|27/100|[from] item: Leftovers
|upkeep
|
|t:|1743909535
|switch|p2a: Ting-Lu|Ting-Lu|27/100
|-damage|p2a: Ting-Lu|21/100|[from] Stealth Rock
|-ability|p2a: Ting-Lu|Vessel of Ruin
|turn|16
|
|t:|1743909540
|move|p1a: Magnezone|Body Press|p2a: Ting-Lu
|-supereffective|p2a: Ting-Lu
|-damage|p2a: Ting-Lu|0 fnt
|-damage|p1a: Magnezone|11/100|[from] item: Rocky Helmet|[of] p2a: Ting-Lu
|faint|p2a: Ting-Lu
|
|-heal|p1a: Magnezone|17/100|[from] item: Leftovers
|upkeep
|
|t:|1743909542
|switch|p2a: Iron Moth|Iron Moth|100/100
|-damage|p2a: Iron Moth|76/100|[from] Stealth Rock
|-enditem|p2a: Iron Moth|Booster Energy
|-activate|p2a: Iron Moth|ability: Quark Drive|[fromitem]
|-start|p2a: Iron Moth|quarkdrivespe
|turn|17
|
|t:|1743909546
|move|p2a: Iron Moth|Fiery Dance|p1a: Magnezone
|-damage|p1a: Magnezone|0 fnt
|faint|p1a: Magnezone
|
|upkeep
|
|t:|1743909548
|switch|p1a: Kyurem|Kyurem|100/100
|-ability|p1a: Kyurem|Pressure
|turn|18
|
|t:|1743909557
|move|p2a: Iron Moth|Dazzling Gleam|p1a: Kyurem
|-supereffective|p1a: Kyurem
|-damage|p1a: Kyurem|51/100
|move|p1a: Kyurem|Scale Shot|p2a: Iron Moth
|-damage|p2a: Iron Moth|58/100
|-damage|p2a: Iron Moth|37/100
|-damage|p2a: Iron Moth|18/100
|-damage|p2a: Iron Moth|0 fnt
|faint|p2a: Iron Moth
|-end|p2a: Iron Moth|Quark Drive|[silent]
|-hitcount|p2: Iron Moth|4
|-unboost|p1a: Kyurem|def|1
|-boost|p1a: Kyurem|spe|1
|
|upkeep
|
|t:|1743909563
|switch|p2a: Gholdengo|Gholdengo|100/100
|-damage|p2a: Gholdengo|94/100|[from] Stealth Rock
|turn|19
|
|t:|1743909568
|move|p1a: Kyurem|Icicle Spear|p2a: Gholdengo
|-resisted|p2a: Gholdengo
|-damage|p2a: Gholdengo|88/100
|-resisted|p2a: Gholdengo
|-damage|p2a: Gholdengo|80/100
|-resisted|p2a: Gholdengo
|-damage|p2a: Gholdengo|73/100
|-resisted|p2a: Gholdengo
|-damage|p2a: Gholdengo|66/100
|-hitcount|p2a: Gholdengo|4
|move|p2a: Gholdengo|Dazzling Gleam|p1a: Kyurem
|-supereffective|p1a: Kyurem
|-damage|p1a: Kyurem|1/100
|
|upkeep
|turn|20
|
|t:|1743909572
|move|p1a: Kyurem|Icicle Spear|p2a: Gholdengo
|-resisted|p2a: Gholdengo
|-damage|p2a: Gholdengo|58/100
|-resisted|p2a: Gholdengo
|-damage|p2a: Gholdengo|51/100
|-resisted|p2a: Gholdengo
|-damage|p2a: Gholdengo|44/100
|-resisted|p2a: Gholdengo
|-damage|p2a: Gholdengo|37/100
|-resisted|p2a: Gholdengo
|-damage|p2a: Gholdengo|29/100
|-hitcount|p2a: Gholdengo|5
|move|p2a: Gholdengo|Dazzling Gleam|p1a: Kyurem
|-supereffective|p1a: Kyurem
|-damage|p1a: Kyurem|0 fnt
|faint|p1a: Kyurem
|
|upkeep
|
|t:|1743909574
|switch|p1a: Garchomp|Garchomp, M|94/100
|turn|21
|
|t:|1743909577
|move|p2a: Gholdengo|Dazzling Gleam|p1a: Garchomp
|-supereffective|p1a: Garchomp
|-damage|p1a: Garchomp|34/100
|move|p1a: Garchomp|Earthquake|p2a: Gholdengo
|-supereffective|p2a: Gholdengo
|-damage|p2a: Gholdengo|0 fnt
|faint|p2a: Gholdengo
|
|upkeep
|
|t:|1743909579
|switch|p2a: Dragonite|Dragonite, M|100/100
|turn|22
|
|t:|1743909582
|move|p2a: Dragonite|Extreme Speed|p1a: Garchomp
|-damage|p1a: Garchomp|6/100
|-damage|p2a: Dragonite|88/100|[from] ability: Rough Skin|[of] p1a: Garchomp
|move|p1a: Garchomp|Scale Shot|p2a: Dragonite|[miss]
|-miss|p1a: Garchomp|p2a: Dragonite
|
|upkeep
|turn|23
|c|☆malk tyme|OF COURSE
|j| hgh test
|-message|malk tyme forfeited.
|
|win|quinx of ladder
|raw|malk tyme's rating: 1682 &rarr; <strong>1669</strong><br />(-13 for losing)
|raw|quinx of ladder's rating: 1811 &rarr; <strong>1824</strong><br />(+13 for winning)
|l|☆malk tyme
|player|p1|
|l|☆quinx of ladder
|player|p2|
|l| hgh test
