|j|☆clownlitos
|j|☆Violet1994
|t:|1743886263
|gametype|singles
|player|p1|clownlitos|benga|1166
|player|p2|Violet1994|cheryl|1148
|teamsize|p1|6
|teamsize|p2|6
|gen|9
|tier|[Gen 9] OU
|rated|
|rule|HP Percentage Mod: HP is shown in percentages
|rule|Endless Battle Clause: Forcing endless battles is banned
|rule|Species Clause: Limit one of each Pokémon
|rule|OHKO Clause: OHKO moves are banned
|rule|Evasion Items Clause: Evasion items are banned
|rule|Evasion Moves Clause: Evasion moves are banned
|rule|Sleep Moves Clause: Sleep-inducing moves are banned
|clearpoke
|poke|p1|Sudowoodo, F|
|poke|p1|Okidogi, M|
|poke|p1|Gholdengo|
|poke|p1|Mimikyu, F|
|poke|p1|Great Tusk|
|poke|p1|Kingambit, F|
|poke|p2|Meganium, F|
|poke|p2|Mienshao, M|
|poke|p2|Gardevoir, F|
|poke|p2|Milotic, F|
|poke|p2|Chandelure, M|
|poke|p2|Dragonite, M|
|teampreview
|inactive|Battle timer is ON: inactive players will automatically lose when time's up. (requested by Violet1994)
|
|t:|1743886283
|start
|switch|p1a: Woodman|Sudowoodo, F|100/100
|switch|p2a: Mienshao|Mienshao, M, shiny|100/100
|turn|1
|
|t:|1743886299
|move|p2a: Mienshao|Fake Out|p1a: Woodman
|-resisted|p1a: Woodman
|-damage|p1a: Woodman|93/100
|cant|p1a: Woodman|flinch
|
|upkeep
|turn|2
|
|t:|1743886306
|move|p2a: Mienshao|Close Combat|p1a: Woodman
|-supereffective|p1a: Woodman
|-damage|p1a: Woodman|0 fnt
|-unboost|p2a: Mienshao|def|1
|-unboost|p2a: Mienshao|spd|1
|faint|p1a: Woodman
|
|upkeep
|
|t:|1743886327
|switch|p1a: ogidogi|Okidogi, M|100/100
|turn|3
|
|t:|1743886330
|move|p2a: Mienshao|Knock Off|p1a: ogidogi
|-resisted|p1a: ogidogi
|-damage|p1a: ogidogi|87/100
|-enditem|p1a: ogidogi|Weakness Policy|[from] move: Knock Off|[of] p2a: Mienshao
|move|p1a: ogidogi|Bulk Up|p1a: ogidogi
|-boost|p1a: ogidogi|atk|1
|-boost|p1a: ogidogi|def|1
|
|upkeep
|turn|4
|
|t:|1743886342
|move|p2a: Mienshao|Close Combat|p1a: ogidogi
|-resisted|p1a: ogidogi
|-damage|p1a: ogidogi|70/100
|-unboost|p2a: Mienshao|def|1
|-unboost|p2a: Mienshao|spd|1
|move|p1a: ogidogi|Bulk Up|p1a: ogidogi
|-boost|p1a: ogidogi|atk|1
|-boost|p1a: ogidogi|def|1
|
|upkeep
|turn|5
|
|t:|1743886353
|switch|p2a: Milotic|Milotic, F, shiny|100/100
|move|p1a: ogidogi|Drain Punch|p2a: Milotic
|-damage|p2a: Milotic|46/100
|-heal|p1a: ogidogi|99/100|[from] drain|[of] p2a: Milotic
|
|-heal|p2a: Milotic|52/100|[from] item: Leftovers
|upkeep
|turn|6
|
|t:|1743886362
|-terastallize|p2a: Milotic|Fairy
|move|p1a: ogidogi|Drain Punch|p2a: Milotic
|-resisted|p2a: Milotic
|-damage|p2a: Milotic|25/100
|-heal|p1a: ogidogi|100/100|[from] drain|[of] p2a: Milotic
|move|p2a: Milotic|Haze|p2a: Milotic
|-clearallboost
|
|-heal|p2a: Milotic|31/100|[from] item: Leftovers
|upkeep
|turn|7
|
|t:|1743886380
|move|p1a: ogidogi|Drain Punch|p2a: Milotic
|-resisted|p2a: Milotic
|-damage|p2a: Milotic|17/100
|move|p2a: Milotic|Recover|p2a: Milotic
|-heal|p2a: Milotic|67/100
|
|-heal|p2a: Milotic|73/100|[from] item: Leftovers
|upkeep
|turn|8
|
|t:|1743886389
|move|p1a: ogidogi|Knock Off|p2a: Milotic
|-resisted|p2a: Milotic
|-damage|p2a: Milotic|61/100
|-enditem|p2a: Milotic|Leftovers|[from] move: Knock Off|[of] p1a: ogidogi
|move|p2a: Milotic|Scald|p1a: ogidogi
|-crit|p1a: ogidogi
|-damage|p1a: ogidogi|54/100
|
|upkeep
|turn|9
|
|t:|1743886399
|move|p1a: ogidogi|Ice Punch|p2a: Milotic
|-damage|p2a: Milotic|42/100
|-status|p2a: Milotic|frz
|-curestatus|p2a: Milotic|frz|[from] move: Scald
|move|p2a: Milotic|Scald|p1a: ogidogi
|-damage|p1a: ogidogi|25/100
|
|upkeep
|turn|10
|
|t:|1743886410
|move|p1a: ogidogi|Drain Punch|p2a: Milotic
|-resisted|p2a: Milotic
|-damage|p2a: Milotic|27/100
|-heal|p1a: ogidogi|33/100|[from] drain|[of] p2a: Milotic
|move|p2a: Milotic|Recover|p2a: Milotic
|-heal|p2a: Milotic|77/100
|
|upkeep
|turn|11
|inactive|Violet1994 has 120 seconds left.
|
|t:|1743886443
|move|p1a: ogidogi|Ice Punch|p2a: Milotic
|-damage|p2a: Milotic|59/100
|move|p2a: Milotic|Scald|p1a: ogidogi
|-damage|p1a: ogidogi|3/100
|
|upkeep
|turn|12
|
|t:|1743886452
|move|p1a: ogidogi|Drain Punch|p2a: Milotic
|-resisted|p2a: Milotic
|-damage|p2a: Milotic|46/100
|-heal|p1a: ogidogi|9/100|[from] drain|[of] p2a: Milotic
|move|p2a: Milotic|Scald|p1a: ogidogi
|-damage|p1a: ogidogi|0 fnt
|faint|p1a: ogidogi
|
|upkeep
|inactive|clownlitos has 120 seconds left.
|
|t:|1743886488
|switch|p1a: String Cheese|Gholdengo|100/100
|-item|p1a: String Cheese|Air Balloon
|turn|13
|inactive|clownlitos has 120 seconds left.
|
|t:|1743886496
|move|p1a: String Cheese|Thunder Wave|p2a: Milotic
|-status|p2a: Milotic|par
|move|p2a: Milotic|Recover|p2a: Milotic
|-heal|p2a: Milotic|96/100 par
|
|upkeep
|turn|14
|inactive|clownlitos has 120 seconds left.
|
|t:|1743886510
|move|p1a: String Cheese|Shadow Ball|p2a: Milotic
|-damage|p2a: Milotic|68/100 par
|move|p2a: Milotic|Scald|p1a: String Cheese
|-damage|p1a: String Cheese|67/100
|-enditem|p1a: String Cheese|Air Balloon
|
|upkeep
|turn|15
|
|t:|1743886519
|move|p1a: String Cheese|Shadow Ball|p2a: Milotic
|-crit|p2a: Milotic
|-damage|p2a: Milotic|19/100 par
|cant|p2a: Milotic|par
|
|upkeep
|turn|16
|
|t:|1743886525
|move|p1a: String Cheese|Shadow Ball|p2a: Milotic
|-damage|p2a: Milotic|0 fnt
|faint|p2a: Milotic
|
|upkeep
|
|t:|1743886528
|switch|p2a: Chandelure|Chandelure, M, shiny|100/100
|turn|17
|
|t:|1743886533
|move|p1a: String Cheese|Shadow Ball|p2a: Chandelure
|-supereffective|p2a: Chandelure
|-enditem|p2a: Chandelure|Focus Sash
|-damage|p2a: Chandelure|1/100
|-unboost|p2a: Chandelure|spd|1
|move|p2a: Chandelure|Trick Room|p2a: Chandelure
|-fieldstart|move: Trick Room|[of] p2a: Chandelure
|
|upkeep
|turn|18
|inactive|Violet1994 has 120 seconds left.
|
|t:|1743886563
|move|p2a: Chandelure|Heat Wave|p1a: String Cheese
|-supereffective|p1a: String Cheese
|-damage|p1a: String Cheese|0 fnt
|faint|p1a: String Cheese
|
|upkeep
|
|t:|1743886577
|switch|p1a: Hi|Mimikyu, F, shiny|100/100
|turn|19
|inactive|Violet1994 has 120 seconds left.
|
|t:|1743886594
|move|p2a: Chandelure|Shadow Ball|p1a: Hi
|-activate|p1a: Hi|ability: Disguise
|-damage|p1a: Hi|100/100
|detailschange|p1a: Hi|Mimikyu-Busted, F, shiny
|-damage|p1a: Hi|88/100|[from] pokemon: Mimikyu-Busted
|move|p1a: Hi|Swords Dance|p1a: Hi
|-boost|p1a: Hi|atk|2
|
|upkeep
|turn|20
|
|t:|1743886604
|move|p1a: Hi|Shadow Sneak|p2a: Chandelure
|-supereffective|p2a: Chandelure
|-damage|p2a: Chandelure|0 fnt
|faint|p2a: Chandelure
|-damage|p1a: Hi|78/100|[from] item: Life Orb
|
|upkeep
|
|t:|1743886606
|switch|p2a: Dragonite|Dragonite, M, shiny|100/100
|turn|21
|
|t:|1743886625
|move|p2a: Dragonite|Stomping Tantrum|p1a: Hi
|-damage|p1a: Hi|2/100
|move|p1a: Hi|Play Rough|p2a: Dragonite
|-supereffective|p2a: Dragonite
|-damage|p2a: Dragonite|0 fnt
|faint|p2a: Dragonite
|-damage|p1a: Hi|0 fnt|[from] item: Life Orb
|faint|p1a: Hi
|
|-fieldend|move: Trick Room
|upkeep
|
|t:|1743886639
|switch|p1a: House MD|Great Tusk|100/100
|switch|p2a: Mienshao|Mienshao, M, shiny|100/100
|-enditem|p1a: House MD|Booster Energy
|-activate|p1a: House MD|ability: Protosynthesis|[fromitem]
|-start|p1a: House MD|protosynthesisspe
|turn|22
|
|t:|1743886650
|move|p2a: Mienshao|Fake Out|p1a: House MD
|-damage|p1a: House MD|92/100
|cant|p1a: House MD|flinch
|
|upkeep
|turn|23
|
|t:|1743886664
|move|p1a: House MD|Bulk Up|p1a: House MD
|-boost|p1a: House MD|atk|1
|-boost|p1a: House MD|def|1
|move|p2a: Mienshao|Triple Axel|p1a: House MD
|-supereffective|p1a: House MD
|-damage|p1a: House MD|85/100
|-supereffective|p1a: House MD
|-damage|p1a: House MD|74/100
|-supereffective|p1a: House MD
|-damage|p1a: House MD|58/100
|-hitcount|p1a: House MD|3
|
|upkeep
|turn|24
|
|t:|1743886677
|move|p1a: House MD|Headlong Rush|p2a: Mienshao
|-enditem|p2a: Mienshao|Focus Sash
|-damage|p2a: Mienshao|1/100
|-unboost|p1a: House MD|def|1
|-unboost|p1a: House MD|spd|1
|move|p2a: Mienshao|Close Combat|p1a: House MD
|-damage|p1a: House MD|16/100
|-unboost|p2a: Mienshao|def|1
|-unboost|p2a: Mienshao|spd|1
|
|upkeep
|turn|25
|
|t:|1743886702
|move|p1a: House MD|Ice Spinner|p2a: Mienshao
|-damage|p2a: Mienshao|0 fnt
|faint|p2a: Mienshao
|
|upkeep
|
|t:|1743886706
|switch|p2a: Meganium|Meganium, F, shiny|100/100
|turn|26
|
|t:|1743886716
|move|p1a: House MD|Ice Spinner|p2a: Meganium
|-supereffective|p2a: Meganium
|-damage|p2a: Meganium|48/100
|move|p2a: Meganium|Giga Drain|p1a: House MD
|-supereffective|p1a: House MD
|-damage|p1a: House MD|0 fnt
|-heal|p2a: Meganium|60/100|[from] drain|[of] p1a: House MD
|faint|p1a: House MD
|-end|p1a: House MD|Protosynthesis|[silent]
|
|upkeep
|
|t:|1743886724
|switch|p1a: No|Kingambit, F|100/100
|-activate|p1a: No|ability: Supreme Overlord
|-start|p1a: No|fallen5|[silent]
|-item|p1a: No|Air Balloon
|turn|27
|
|t:|1743886735
|move|p1a: No|Swords Dance|p1a: No
|-boost|p1a: No|atk|2
|move|p2a: Meganium|Leech Seed|p1a: No
|-start|p1a: No|move: Leech Seed
|
|-damage|p1a: No|88/100|[from] Leech Seed|[of] p2a: Meganium
|-heal|p2a: Meganium|76/100|[silent]
|upkeep
|turn|28
|
|t:|1743886747
|move|p1a: No|Iron Head|p2a: Meganium
|-damage|p2a: Meganium|0 fnt
|faint|p2a: Meganium
|
|upkeep
|
|t:|1743886750
|switch|p2a: Gardevoir|Gardevoir, F, shiny|100/100
|-activate|p2a: Gardevoir|ability: Supreme Overlord
|-start|p2a: Gardevoir|fallen5|[silent]
|-ability|p2a: Gardevoir|Supreme Overlord|[from] ability: Trace|[of] p1a: No
|turn|29
|
|t:|1743886759
|move|p1a: No|Sucker Punch|p2a: Gardevoir
|-damage|p2a: Gardevoir|0 fnt
|faint|p2a: Gardevoir
|-end|p2a: Gardevoir|fallen5|[silent]
|
|win|clownlitos
|raw|clownlitos's rating: 1166 &rarr; <strong>1190</strong><br />(+24 for winning)
|raw|Violet1994's rating: 1148 &rarr; <strong>1124</strong><br />(-24 for losing)
|l|☆Violet1994
|player|p2|
|l|☆clownlitos
|player|p1|
