|j|☆jjconesa
|j|☆Chinatownz
|t:|1743933237
|gametype|singles
|player|p1|jjconesa|lucas|1205
|player|p2|Chinatownz|265|1187
|teamsize|p1|6
|teamsize|p2|6
|gen|9
|tier|[Gen 9] OU
|rated|
|rule|HP Percentage Mod: HP is shown in percentages
|rule|Endless Battle Clause: Forcing endless battles is banned
|rule|Species Clause: Limit one of each Pokémon
|rule|OHKO Clause: OHKO moves are banned
|rule|Evasion Items Clause: Evasion items are banned
|rule|Evasion Moves Clause: Evasion moves are banned
|rule|Sleep Moves Clause: Sleep-inducing moves are banned
|clearpoke
|poke|p1|Ogerpon-Wellspring, F|
|poke|p1|Vileplume, M|
|poke|p1|Rillaboom, F|
|poke|p1|Hydrapple, M|
|poke|p1|Rotom-Mow|
|poke|p1|Zarude|
|poke|p2|Eiscue, F|
|poke|p2|Blissey, F|
|poke|p2|Great Tusk|
|poke|p2|Skeledirge, F|
|poke|p2|Quaquaval, F|
|poke|p2|Glimmora, F|
|teampreview
|inactive|Battle timer is ON: inactive players will automatically lose when time's up. (requested by Chinatownz)
|
|t:|1743933255
|start
|switch|p1a: Rillaboom|Rillaboom, F|100/100
|switch|p2a: BBL glizzy|Glimmora, F|100/100
|-fieldstart|move: Grassy Terrain|[from] ability: Grassy Surge|[of] p1a: Rillaboom
|turn|1
|
|t:|1743933268
|move|p2a: BBL glizzy|Spikes|p1a: Rillaboom
|-sidestart|p1: jjconesa|Spikes
|move|p1a: Rillaboom|Earthquake|p2a: BBL glizzy
|-supereffective|p2a: BBL glizzy
|-damage|p2a: BBL glizzy|27/100
|-activate|p2a: BBL glizzy|ability: Toxic Debris
|-sidestart|p1: jjconesa|move: Toxic Spikes
|
|-heal|p2a: BBL glizzy|33/100|[from] Grassy Terrain
|upkeep
|turn|2
|
|t:|1743933279
|move|p2a: BBL glizzy|Mortal Spin|p1a: Rillaboom
|-supereffective|p1a: Rillaboom
|-crit|p1a: Rillaboom
|-damage|p1a: Rillaboom|81/100
|-status|p1a: Rillaboom|psn
|move|p1a: Rillaboom|Earthquake|p2a: BBL glizzy
|-supereffective|p2a: BBL glizzy
|-damage|p2a: BBL glizzy|0 fnt
|-activate|p2a: BBL glizzy|ability: Toxic Debris
|-sidestart|p1: jjconesa|move: Toxic Spikes
|faint|p2a: BBL glizzy
|
|-heal|p1a: Rillaboom|87/100 psn|[from] Grassy Terrain
|-damage|p1a: Rillaboom|75/100 psn|[from] psn
|upkeep
|
|t:|1743933293
|switch|p2a: Eiscue|Eiscue, F|100/100
|turn|3
|
|t:|1743933302
|switch|p1a: Vileplume|Vileplume, M|100/100
|-damage|p1a: Vileplume|88/100|[from] Spikes
|-sideend|p1: jjconesa|move: Toxic Spikes|[of] p1a: Vileplume
|move|p2a: Eiscue|Belly Drum|p2a: Eiscue
|-damage|p2a: Eiscue|51/100
|-setboost|p2a: Eiscue|atk|6|[from] move: Belly Drum
|
|-heal|p2a: Eiscue|57/100|[from] Grassy Terrain
|-heal|p1a: Vileplume|94/100|[from] Grassy Terrain
|-heal|p1a: Vileplume|100/100|[from] item: Leftovers
|upkeep
|turn|4
|
|t:|1743933322
|-terastallize|p1a: Vileplume|Water
|move|p2a: Eiscue|Icicle Spear|p1a: Vileplume
|-resisted|p1a: Vileplume
|-damage|p1a: Vileplume|84/100
|-resisted|p1a: Vileplume
|-damage|p1a: Vileplume|69/100
|-resisted|p1a: Vileplume
|-damage|p1a: Vileplume|54/100
|-resisted|p1a: Vileplume
|-damage|p1a: Vileplume|37/100
|-hitcount|p1a: Vileplume|4
|move|p1a: Vileplume|Sludge Bomb|p2a: Eiscue
|-damage|p2a: Eiscue|16/100
|
|-heal|p2a: Eiscue|22/100|[from] Grassy Terrain
|-heal|p1a: Vileplume|43/100|[from] Grassy Terrain
|-heal|p1a: Vileplume|49/100|[from] item: Leftovers
|upkeep
|turn|5
|inactive|jjconesa has 120 seconds left.
|
|t:|1743933344
|move|p2a: Eiscue|Icicle Spear|p1a: Vileplume
|-resisted|p1a: Vileplume
|-damage|p1a: Vileplume|34/100
|-resisted|p1a: Vileplume
|-damage|p1a: Vileplume|18/100
|-resisted|p1a: Vileplume
|-damage|p1a: Vileplume|2/100
|-resisted|p1a: Vileplume
|-damage|p1a: Vileplume|0 fnt
|faint|p1a: Vileplume
|-hitcount|p1: Vileplume|4
|
|-heal|p2a: Eiscue|29/100|[from] Grassy Terrain
|-fieldend|move: Grassy Terrain
|upkeep
|inactive|jjconesa has 120 seconds left.
|
|t:|1743933356
|switch|p1a: Rotom|Rotom-Mow|100/100
|turn|6
|inactive|jjconesa has 120 seconds left.
|
|t:|1743933362
|move|p1a: Rotom|Volt Switch|p2a: Eiscue
|-damage|p2a: Eiscue|0 fnt
|faint|p2a: Eiscue
|inactive|jjconesa has 120 seconds left.
|
|t:|1743933379
|switch|p1a: Zarude|Zarude|100/100|[from] Volt Switch
|-damage|p1a: Zarude|88/100|[from] Spikes
|
|upkeep
|
|t:|1743933384
|switch|p2a: more usage then u|Great Tusk|100/100
|-enditem|p2a: more usage then u|Booster Energy
|-activate|p2a: more usage then u|ability: Protosynthesis|[fromitem]
|-start|p2a: more usage then u|protosynthesisatk
|turn|7
|inactive|jjconesa has 120 seconds left.
|
|t:|1743933401
|-terastallize|p2a: more usage then u|Ice
|move|p1a: Zarude|Power Whip|p2a: more usage then u
|-damage|p2a: more usage then u|54/100
|move|p2a: more usage then u|Bulk Up|p2a: more usage then u
|-boost|p2a: more usage then u|atk|1
|-boost|p2a: more usage then u|def|1
|
|upkeep
|turn|8
|inactive|jjconesa has 90 seconds left.
|
|t:|1743933440
|move|p1a: Zarude|Power Whip|p2a: more usage then u
|-damage|p2a: more usage then u|26/100
|move|p2a: more usage then u|Rapid Spin|p1a: Zarude
|-damage|p1a: Zarude|56/100
|-boost|p2a: more usage then u|spe|1
|
|upkeep
|turn|9
|inactive|jjconesa has 90 seconds left.
|
|t:|1743933448
|move|p1a: Zarude|Power Whip|p2a: more usage then u
|-damage|p2a: more usage then u|0 fnt
|faint|p2a: more usage then u
|-end|p2a: more usage then u|Protosynthesis|[silent]
|
|upkeep
|-message|Chinatownz forfeited.
|
|win|jjconesa
|raw|jjconesa's rating: 1205 &rarr; <strong>1229</strong><br />(+24 for winning)
|raw|Chinatownz's rating: 1187 &rarr; <strong>1163</strong><br />(-24 for losing)
|l|☆Chinatownz
|player|p2|
|l|☆jjconesa
|player|p1|
