|j|☆ykykp
|j|☆Acting Male
|t:|1743921328
|gametype|singles
|player|p1|ykykp|169|1460
|player|p2|Acting Male|darach-caitlin|1489
|teamsize|p1|6
|teamsize|p2|6
|gen|9
|tier|[Gen 9] OU
|rated|
|rule|HP Percentage Mod: HP is shown in percentages
|rule|Endless Battle Clause: Forcing endless battles is banned
|rule|Species Clause: Limit one of each Pokémon
|rule|OHKO Clause: OHKO moves are banned
|rule|Evasion Items Clause: Evasion items are banned
|rule|Evasion Moves Clause: Evasion moves are banned
|rule|Sleep Moves Clause: Sleep-inducing moves are banned
|clearpoke
|poke|p1|Porygon-Z|
|poke|p1|Ribombee, M|
|poke|p1|Ceruledge, M|
|poke|p1|Gallade, M|
|poke|p1|Dragapult, F|
|poke|p1|Iron Treads|
|poke|p2|Iron Crown|
|poke|p2|Iron Hands|
|poke|p2|Grimmsnarl, M|
|poke|p2|Great Tusk|
|poke|p2|Dragonite, M|
|poke|p2|Glimmora, F|
|teampreview
|inactive|Battle timer is ON: inactive players will automatically lose when time's up. (requested by ykykp)
|
|t:|1743921336
|start
|switch|p1a: Ribombee|Ribombee, M|100/100
|switch|p2a: Iron Crown|Iron Crown|100/100
|turn|1
|
|t:|1743921348
|move|p1a: Ribombee|Sticky Web|p2a: Iron Crown
|-sidestart|p2: Acting Male|move: Sticky Web
|move|p2a: Iron Crown|Agility|p2a: Iron Crown
|-boost|p2a: Iron Crown|spe|2
|
|upkeep
|turn|2
|
|t:|1743921357
|move|p2a: Iron Crown|Tachyon Cutter|p1a: Ribombee
|-supereffective|p1a: Ribombee
|-damage|p1a: Ribombee|13/100
|-supereffective|p1a: Ribombee
|-damage|p1a: Ribombee|0 fnt
|faint|p1a: Ribombee
|-hitcount|p1: Ribombee|2
|
|upkeep
|inactive|ykykp has 120 seconds left.
|
|t:|1743921387
|switch|p1a: Ceruledge|Ceruledge, M|100/100
|turn|3
|
|t:|1743921417
|-end|p2a: Iron Crown|Quark Drive|[silent]
|switch|p2a: Grimmsnarl|Grimmsnarl, M, shiny|100/100
|-activate|p2a: Grimmsnarl|move: Sticky Web
|-unboost|p2a: Grimmsnarl|spe|1
|move|p1a: Ceruledge|Bitter Blade|p2a: Grimmsnarl
|-damage|p2a: Grimmsnarl|49/100
|
|upkeep
|turn|4
|
|t:|1743921424
|move|p2a: Grimmsnarl|Reflect|p2a: Grimmsnarl
|-sidestart|p2: Acting Male|Reflect
|move|p1a: Ceruledge|Swords Dance|p1a: Ceruledge
|-boost|p1a: Ceruledge|atk|2
|
|upkeep
|turn|5
|
|t:|1743921428
|move|p2a: Grimmsnarl|Light Screen|p2a: Grimmsnarl
|-sidestart|p2: Acting Male|move: Light Screen
|move|p1a: Ceruledge|Bitter Blade|p2a: Grimmsnarl
|-damage|p2a: Grimmsnarl|0 fnt
|faint|p2a: Grimmsnarl
|
|upkeep
|
|t:|1743921433
|switch|p2a: Dragonite|Dragonite, M|100/100
|turn|6
|inactive|ykykp has 120 seconds left.
|
|t:|1743921489
|switch|p1a: Gallade|Gallade, M|100/100
|move|p2a: Dragonite|Dragon Dance|p2a: Dragonite
|-boost|p2a: Dragonite|atk|1
|-boost|p2a: Dragonite|spe|1
|
|upkeep
|turn|7
|inactive|ykykp has 90 seconds left.
|
|t:|1743921515
|move|p2a: Dragonite|Scale Shot|p1a: Gallade
|-damage|p1a: Gallade|60/100
|-damage|p1a: Gallade|19/100
|-damage|p1a: Gallade|0 fnt
|faint|p1a: Gallade
|-hitcount|p1: Gallade|3
|-unboost|p2a: Dragonite|def|1
|-boost|p2a: Dragonite|spe|1
|
|upkeep
|inactive|ykykp has 60 seconds left.
|inactive|ykykp has 30 seconds left.
|inactive|ykykp has 20 seconds left.
|
|t:|1743921581
|switch|p1a: Dragapult|Dragapult, F|100/100
|turn|8
|inactive|ykykp has 30 seconds left this turn.
|
|t:|1743921587
|move|p2a: Dragonite|Scale Shot|p1a: Dragapult
|-supereffective|p1a: Dragapult
|-damage|p1a: Dragapult|44/100
|-supereffective|p1a: Dragapult
|-damage|p1a: Dragapult|0 fnt
|faint|p1a: Dragapult
|-hitcount|p1: Dragapult|2
|-unboost|p2a: Dragonite|def|1
|-boost|p2a: Dragonite|spe|1
|
|upkeep
|inactive|ykykp has 30 seconds left this turn.
|
|t:|1743921593
|switch|p1a: Iron Treads|Iron Treads|100/100
|turn|9
|
|t:|1743921602
|-terastallize|p2a: Dragonite|Fire
|move|p2a: Dragonite|Fire Punch|p1a: Iron Treads
|-supereffective|p1a: Iron Treads
|-damage|p1a: Iron Treads|0 fnt
|faint|p1a: Iron Treads
|-end|p1a: Iron Treads|Quark Drive|[silent]
|
|upkeep
|
|t:|1743921607
|switch|p1a: Porygon-Z|Porygon-Z|100/100
|-ability|p1a: Porygon-Z|Download|boost
|-boost|p1a: Porygon-Z|atk|1
|turn|10
|
|t:|1743921611
|move|p2a: Dragonite|Scale Shot|p1a: Porygon-Z
|-damage|p1a: Porygon-Z|70/100
|-damage|p1a: Porygon-Z|40/100
|-damage|p1a: Porygon-Z|8/100
|-damage|p1a: Porygon-Z|0 fnt
|faint|p1a: Porygon-Z
|-hitcount|p1: Porygon-Z|4
|-unboost|p2a: Dragonite|def|1
|-boost|p2a: Dragonite|spe|1
|
|upkeep
|
|t:|1743921614
|switch|p1a: Ceruledge|Ceruledge, M|100/100
|turn|11
|
|t:|1743921628
|-terastallize|p1a: Ceruledge|Fairy
|move|p2a: Dragonite|Scale Shot|p1a: Ceruledge
|-immune|p1a: Ceruledge
|move|p1a: Ceruledge|Swords Dance|p1a: Ceruledge
|-boost|p1a: Ceruledge|atk|2
|
|-sideend|p2: Acting Male|Reflect
|upkeep
|turn|12
|
|t:|1743921635
|move|p2a: Dragonite|Encore|p1a: Ceruledge
|-start|p1a: Ceruledge|Encore
|move|p1a: Ceruledge|Swords Dance|p1a: Ceruledge
|-boost|p1a: Ceruledge|atk|2
|
|-sideend|p2: Acting Male|move: Light Screen
|upkeep
|turn|13
|-message|ykykp forfeited.
|
|win|Acting Male
|raw|ykykp's rating: 1460 &rarr; <strong>1442</strong><br />(-18 for losing)
|raw|Acting Male's rating: 1489 &rarr; <strong>1507</strong><br />(+18 for winning)
|l|☆ykykp
|player|p1|
|l|☆Acting Male
|player|p2|
