|j|‽bighamsterbaseball
|j|☆GooseFragger
|t:|1743780273
|gametype|singles
|player|p1|bighamsterbaseball|pokemaniac|1321
|player|p2|GooseFragger|265|1332
|teamsize|p1|6
|teamsize|p2|6
|gen|9
|tier|[Gen 9] OU
|rated|
|rule|HP Percentage Mod: HP is shown in percentages
|rule|Endless Battle Clause: Forcing endless battles is banned
|rule|Species Clause: Limit one of each Pokémon
|rule|OHKO Clause: OHKO moves are banned
|rule|Evasion Items Clause: Evasion items are banned
|rule|Evasion Moves Clause: Evasion moves are banned
|rule|Sleep Moves Clause: Sleep-inducing moves are banned
|clearpoke
|poke|p1|Pelipper, F|
|poke|p1|Talonflame, M|
|poke|p1|Beartic, M|
|poke|p1|Iron Treads|
|poke|p1|Dondozo, F|
|poke|p1|Raging Bolt|
|poke|p2|Kyurem|
|poke|p2|Ting-Lu|
|poke|p2|Corviknight, M|
|poke|p2|Weezing-Galar, M|
|poke|p2|Zamazenta-*|
|poke|p2|Primarina, M|
|teampreview
|
|t:|1743780305
|start
|switch|p1a: Pelipper|Pelipper, F|100/100
|switch|p2a: Kyotaro|Kyurem, shiny|100/100
|-ability|p2a: Kyotaro|Pressure
|-weather|RainDance|[from] ability: Drizzle|[of] p1a: Pelipper
|turn|1
|
|t:|1743780329
|switch|p1a: Beartic|Beartic, M|100/100
|move|p2a: Kyotaro|Substitute|p2a: Kyotaro
|-start|p2a: Kyotaro|Substitute
|-damage|p2a: Kyotaro|76/100
|
|-weather|RainDance|[upkeep]
|-heal|p2a: Kyotaro|82/100|[from] item: Leftovers
|upkeep
|turn|2
|
|t:|1743780340
|move|p1a: Beartic|Substitute|p1a: Beartic
|-start|p1a: Beartic|Substitute
|-damage|p1a: Beartic|76/100
|move|p2a: Kyotaro|Earth Power|p1a: Beartic
|-end|p1a: Beartic|Substitute
|
|-weather|RainDance|[upkeep]
|-heal|p2a: Kyotaro|88/100|[from] item: Leftovers
|upkeep
|turn|3
|
|t:|1743780350
|move|p2a: Kyotaro|Protect|p2a: Kyotaro
|-singleturn|p2a: Kyotaro|Protect
|move|p1a: Beartic|Swords Dance|p1a: Beartic
|-boost|p1a: Beartic|atk|2
|
|-weather|RainDance|[upkeep]
|-heal|p2a: Kyotaro|94/100|[from] item: Leftovers
|upkeep
|turn|4
|
|t:|1743780359
|move|p1a: Beartic|Icicle Spear|p2a: Kyotaro
|-end|p2a: Kyotaro|Substitute
|-damage|p2a: Kyotaro|69/100
|-damage|p2a: Kyotaro|42/100
|-damage|p2a: Kyotaro|14/100
|-hitcount|p2a: Kyotaro|4
|move|p2a: Kyotaro|Earth Power|p1a: Beartic
|-damage|p1a: Beartic|40/100
|
|-weather|RainDance|[upkeep]
|-heal|p2a: Kyotaro|20/100|[from] item: Leftovers
|upkeep
|turn|5
|
|t:|1743780373
|move|p2a: Kyotaro|Protect|p2a: Kyotaro
|-singleturn|p2a: Kyotaro|Protect
|move|p1a: Beartic|Earthquake|p2a: Kyotaro
|-activate|p2a: Kyotaro|move: Protect
|
|-weather|RainDance|[upkeep]
|-heal|p2a: Kyotaro|26/100|[from] item: Leftovers
|upkeep
|turn|6
|
|t:|1743780392
|switch|p2a: Sentinel|Weezing-Galar, M, shiny|100/100
|-ability|p2a: Sentinel|Neutralizing Gas
|move|p1a: Beartic|Icicle Spear|p2a: Sentinel
|-damage|p2a: Sentinel|81/100
|-damage|p2a: Sentinel|62/100
|-damage|p2a: Sentinel|44/100
|-damage|p2a: Sentinel|25/100
|-hitcount|p2a: Sentinel|4
|
|-weather|RainDance|[upkeep]
|upkeep
|turn|7
|
|t:|1743780404
|move|p1a: Beartic|Icicle Spear|p2a: Sentinel
|-damage|p2a: Sentinel|6/100
|-damage|p2a: Sentinel|0 fnt
|faint|p2a: Sentinel
|-end|p2a: Sentinel|ability: Neutralizing Gas
|-hitcount|p2: Sentinel|2
|
|-weather|RainDance|[upkeep]
|upkeep
|
|t:|1743780408
|switch|p2a: Kyotaro|Kyurem, shiny|26/100
|-ability|p2a: Kyotaro|Pressure
|turn|8
|
|t:|1743780433
|switch|p1a: Talonflame|Talonflame, M|100/100
|move|p2a: Kyotaro|Earth Power|p1a: Talonflame
|-immune|p1a: Talonflame
|
|-weather|none
|-heal|p2a: Kyotaro|33/100|[from] item: Leftovers
|upkeep
|turn|9
|
|t:|1743780445
|switch|p2a: Primarina|Primarina, M|100/100
|move|p1a: Talonflame|Overheat|p2a: Primarina|[miss]
|-miss|p1a: Talonflame|p2a: Primarina
|
|upkeep
|turn|10
|
|t:|1743780459
|switch|p1a: Pelipper|Pelipper, F|100/100
|-weather|RainDance|[from] ability: Drizzle|[of] p1a: Pelipper
|move|p2a: Primarina|Sparkling Aria|p1a: Pelipper
|-resisted|p1a: Pelipper
|-damage|p1a: Pelipper|55/100
|
|-weather|RainDance|[upkeep]
|upkeep
|turn|11
|
|t:|1743780468
|move|p2a: Primarina|Moonblast|p1a: Pelipper
|-damage|p1a: Pelipper|0 fnt
|faint|p1a: Pelipper
|
|-weather|RainDance|[upkeep]
|upkeep
|
|t:|1743780474
|switch|p1a: Raging Bolt|Raging Bolt|100/100
|turn|12
|
|t:|1743780482
|move|p1a: Raging Bolt|Volt Switch|p2a: Primarina
|-supereffective|p2a: Primarina
|-damage|p2a: Primarina|27/100
|
|t:|1743780495
|-end|p1a: Raging Bolt|Protosynthesis|[silent]
|switch|p1a: Beartic|Beartic, M|40/100|[from] Volt Switch
|move|p2a: Primarina|Moonblast|p1a: Beartic
|-damage|p1a: Beartic|0 fnt
|faint|p1a: Beartic
|
|-weather|RainDance|[upkeep]
|-heal|p2a: Primarina|33/100|[from] item: Leftovers
|upkeep
|
|t:|1743780508
|switch|p1a: Talonflame|Talonflame, M|100/100
|turn|13
|
|t:|1743780513
|move|p1a: Talonflame|Hurricane|p2a: Primarina
|-damage|p2a: Primarina|0 fnt
|faint|p2a: Primarina
|
|-weather|RainDance|[upkeep]
|upkeep
|
|t:|1743780526
|switch|p2a: Trojan|Zamazenta, shiny|100/100
|-ability|p2a: Trojan|Dauntless Shield|boost
|-boost|p2a: Trojan|def|1
|turn|14
|
|t:|1743780533
|move|p1a: Talonflame|Hurricane|p2a: Trojan
|-supereffective|p2a: Trojan
|-damage|p2a: Trojan|0 fnt
|faint|p2a: Trojan
|
|-weather|RainDance|[upkeep]
|upkeep
|
|t:|1743780542
|switch|p2a: Kyotaro|Kyurem, shiny|33/100
|-ability|p2a: Kyotaro|Pressure
|turn|15
|
|t:|1743780549
|move|p1a: Talonflame|Hurricane|p2a: Kyotaro
|-damage|p2a: Kyotaro|0 fnt
|faint|p2a: Kyotaro
|
|-weather|RainDance|[upkeep]
|upkeep
|
|t:|1743780555
|switch|p2a: Yami|Corviknight, M, shiny|100/100
|-ability|p2a: Yami|Pressure
|turn|16
|
|t:|1743780569
|-terastallize|p1a: Talonflame|Flying
|move|p1a: Talonflame|Hurricane|p2a: Yami
|-resisted|p2a: Yami
|-damage|p2a: Yami|61/100
|-start|p2a: Yami|confusion
|-activate|p2a: Yami|confusion
|-damage|p2a: Yami|56/100|[from] confusion
|
|-weather|RainDance|[upkeep]
|upkeep
|turn|17
|
|t:|1743780580
|move|p1a: Talonflame|Hurricane|p2a: Yami
|-resisted|p2a: Yami
|-damage|p2a: Yami|11/100
|-end|p2a: Yami|confusion
|move|p2a: Yami|Roost|p2a: Yami
|-heal|p2a: Yami|61/100
|-singleturn|p2a: Yami|move: Roost
|
|-weather|none
|upkeep
|turn|18
|
|t:|1743780591
|move|p1a: Talonflame|Hurricane|p2a: Yami
|-resisted|p2a: Yami
|-damage|p2a: Yami|20/100
|-start|p2a: Yami|confusion
|-activate|p2a: Yami|confusion
|move|p2a: Yami|Roost|p2a: Yami
|-heal|p2a: Yami|70/100
|-singleturn|p2a: Yami|move: Roost
|
|upkeep
|turn|19
|
|t:|1743780606
|switch|p1a: Raging Bolt|Raging Bolt|100/100
|-activate|p2a: Yami|confusion
|move|p2a: Yami|Roost|p2a: Yami
|-heal|p2a: Yami|100/100
|-singleturn|p2a: Yami|move: Roost
|
|upkeep
|turn|20
|
|t:|1743780618
|switch|p2a: Goliath|Ting-Lu|100/100
|-ability|p2a: Goliath|Vessel of Ruin
|move|p1a: Raging Bolt|Volt Switch|p2a: Goliath
|-immune|p2a: Goliath
|
|upkeep
|turn|21
|
|t:|1743780629
|-end|p1a: Raging Bolt|Protosynthesis|[silent]
|switch|p1a: Dondozo|Dondozo, F|100/100
|move|p2a: Goliath|Stealth Rock|p1a: Dondozo
|-sidestart|p1: bighamsterbaseball|move: Stealth Rock
|
|upkeep
|turn|22
|
|t:|1743780636
|move|p2a: Goliath|Ruination|p1a: Dondozo
|-damage|p1a: Dondozo|50/100
|move|p1a: Dondozo|Curse|p1a: Dondozo
|-unboost|p1a: Dondozo|spe|1
|-boost|p1a: Dondozo|atk|1
|-boost|p1a: Dondozo|def|1
|
|-heal|p1a: Dondozo|57/100|[from] item: Leftovers
|upkeep
|turn|23
|
|t:|1743780651
|move|p1a: Dondozo|Liquidation|p2a: Goliath
|-supereffective|p2a: Goliath
|-damage|p2a: Goliath|50/100
|move|p2a: Goliath|Whirlwind|p1a: Dondozo
|drag|p1a: Iron Treads|Iron Treads|100/100
|-damage|p1a: Iron Treads|97/100|[from] Stealth Rock
|-enditem|p1a: Iron Treads|Booster Energy
|-activate|p1a: Iron Treads|ability: Quark Drive|[fromitem]
|-start|p1a: Iron Treads|quarkdrivespe
|
|-heal|p2a: Goliath|56/100|[from] item: Leftovers
|upkeep
|turn|24
|
|t:|1743780663
|move|p1a: Iron Treads|Rapid Spin|p2a: Goliath
|-damage|p2a: Goliath|47/100
|-boost|p1a: Iron Treads|spe|1
|-sideend|p1: bighamsterbaseball|Stealth Rock|[from] move: Rapid Spin|[of] p1a: Iron Treads
|move|p2a: Goliath|Earthquake|p1a: Iron Treads
|-supereffective|p1a: Iron Treads
|-damage|p1a: Iron Treads|26/100
|
|-heal|p2a: Goliath|53/100|[from] item: Leftovers
|upkeep
|turn|25
|
|t:|1743780677
|move|p1a: Iron Treads|Earthquake|p2a: Goliath
|-damage|p2a: Goliath|28/100
|move|p2a: Goliath|Stealth Rock|p1a: Iron Treads
|-sidestart|p1: bighamsterbaseball|move: Stealth Rock
|
|-heal|p2a: Goliath|35/100|[from] item: Leftovers
|upkeep
|turn|26
|
|t:|1743780686
|move|p1a: Iron Treads|Rapid Spin|p2a: Goliath
|-damage|p2a: Goliath|26/100
|-boost|p1a: Iron Treads|spe|1
|-sideend|p1: bighamsterbaseball|Stealth Rock|[from] move: Rapid Spin|[of] p1a: Iron Treads
|move|p2a: Goliath|Earthquake|p1a: Iron Treads
|-supereffective|p1a: Iron Treads
|-damage|p1a: Iron Treads|0 fnt
|faint|p1a: Iron Treads
|-end|p1a: Iron Treads|Quark Drive|[silent]
|
|-heal|p2a: Goliath|32/100|[from] item: Leftovers
|upkeep
|
|t:|1743780703
|switch|p1a: Talonflame|Talonflame, M, tera:Flying|100/100
|turn|27
|
|t:|1743780709
|move|p1a: Talonflame|Hurricane|p2a: Goliath|[miss]
|-miss|p1a: Talonflame|p2a: Goliath
|move|p2a: Goliath|Stealth Rock|p1a: Talonflame
|-sidestart|p1: bighamsterbaseball|move: Stealth Rock
|
|-heal|p2a: Goliath|39/100|[from] item: Leftovers
|upkeep
|turn|28
|
|t:|1743780717
|move|p1a: Talonflame|Hurricane|p2a: Goliath|[miss]
|-miss|p1a: Talonflame|p2a: Goliath
|move|p2a: Goliath|Whirlwind|p1a: Talonflame
|drag|p1a: Raging Bolt|Raging Bolt|100/100
|
|-heal|p2a: Goliath|45/100|[from] item: Leftovers
|upkeep
|turn|29
|
|t:|1743780733
|move|p1a: Raging Bolt|Dragon Pulse|p2a: Goliath
|-damage|p2a: Goliath|25/100
|move|p2a: Goliath|Earthquake|p1a: Raging Bolt
|-supereffective|p1a: Raging Bolt
|-damage|p1a: Raging Bolt|39/100
|
|-heal|p2a: Goliath|31/100|[from] item: Leftovers
|upkeep
|turn|30
|
|t:|1743780745
|-terastallize|p2a: Goliath|Fairy
|move|p1a: Raging Bolt|Dragon Pulse|p2a: Goliath
|-immune|p2a: Goliath
|move|p2a: Goliath|Earthquake|p1a: Raging Bolt
|-supereffective|p1a: Raging Bolt
|-crit|p1a: Raging Bolt
|-damage|p1a: Raging Bolt|0 fnt
|faint|p1a: Raging Bolt
|-end|p1a: Raging Bolt|Protosynthesis|[silent]
|
|-heal|p2a: Goliath|37/100|[from] item: Leftovers
|upkeep
|
|t:|1743780757
|switch|p1a: Talonflame|Talonflame, M, tera:Flying|100/100
|-damage|p1a: Talonflame|76/100|[from] Stealth Rock
|turn|31
|
|t:|1743780768
|move|p1a: Talonflame|Overheat|p2a: Goliath
|-damage|p2a: Goliath|3/100
|-unboost|p1a: Talonflame|spa|2
|move|p2a: Goliath|Whirlwind|p1a: Talonflame
|drag|p1a: Dondozo|Dondozo, F|57/100
|-damage|p1a: Dondozo|44/100|[from] Stealth Rock
|
|-heal|p2a: Goliath|9/100|[from] item: Leftovers
|-heal|p1a: Dondozo|50/100|[from] item: Leftovers
|upkeep
|turn|32
|
|t:|1743780781
|move|p2a: Goliath|Ruination|p1a: Dondozo
|-damage|p1a: Dondozo|25/100
|move|p1a: Dondozo|Liquidation|p2a: Goliath
|-damage|p2a: Goliath|0 fnt
|faint|p2a: Goliath
|
|-heal|p1a: Dondozo|32/100|[from] item: Leftovers
|upkeep
|
|t:|1743780786
|switch|p2a: Yami|Corviknight, M, shiny|100/100
|-ability|p2a: Yami|Pressure
|turn|33
|
|t:|1743780796
|move|p2a: Yami|Brave Bird|p1a: Dondozo
|-damage|p1a: Dondozo|10/100
|-damage|p2a: Yami|91/100|[from] Recoil
|move|p1a: Dondozo|Liquidation|p2a: Yami
|-damage|p2a: Yami|73/100
|-damage|p1a: Dondozo|0 fnt|[from] item: Rocky Helmet|[of] p2a: Yami
|faint|p1a: Dondozo
|
|upkeep
|
|t:|1743780806
|switch|p1a: Talonflame|Talonflame, M, tera:Flying|76/100
|-damage|p1a: Talonflame|51/100|[from] Stealth Rock
|turn|34
|
|t:|1743780810
|move|p1a: Talonflame|Overheat|p2a: Yami
|-supereffective|p2a: Yami
|-damage|p2a: Yami|0 fnt
|-unboost|p1a: Talonflame|spa|2
|faint|p2a: Yami
|
|win|bighamsterbaseball
|raw|bighamsterbaseball's rating: 1321 &rarr; <strong>1342</strong><br />(+21 for winning)
|raw|GooseFragger's rating: 1332 &rarr; <strong>1311</strong><br />(-21 for losing)
|l|☆GooseFragger
|player|p2|
|l|‽bighamsterbaseball
|player|p1|
