|j|☆GoodDarkrai
|j|☆kingblaze22
|t:|1743864022
|gametype|singles
|player|p1|GoodDarkrai|2|1161
|player|p2|kingblaze22|ghetsis-gen5bw|1203
|teamsize|p1|6
|teamsize|p2|6
|gen|9
|tier|[Gen 9] OU
|rated|
|rule|HP Percentage Mod: HP is shown in percentages
|rule|Endless Battle Clause: Forcing endless battles is banned
|rule|Species Clause: Limit one of each Pokémon
|rule|OHKO Clause: OHKO moves are banned
|rule|Evasion Items Clause: Evasion items are banned
|rule|Evasion Moves Clause: Evasion moves are banned
|rule|Sleep Moves Clause: Sleep-inducing moves are banned
|clearpoke
|poke|p1|Darkrai|
|poke|p1|Zoroark-Hisui, F|
|poke|p1|Ceruledge, M|
|poke|p1|Metagross|
|poke|p1|Ribombee, F|
|poke|p1|Pawmot, M|
|poke|p2|Kyurem|
|poke|p2|Slowking-Galar, M|
|poke|p2|Perrserker, M|
|poke|p2|Zapdos-Galar|
|poke|p2|Weezing-Galar, M|
|poke|p2|Moltres-Galar|
|teampreview
|inactive|Battle timer is ON: inactive players will automatically lose when time's up. (requested by kingblaze22)
|inactive|GoodDarkrai has 120 seconds left.
|
|t:|1743864070
|start
|switch|p1a: Ribombee|Ribombee, F|100/100
|switch|p2a: Perrserker|Perrserker, M|100/100
|turn|1
|
|t:|1743864078
|move|p2a: Perrserker|Fake Out|p1a: Ribombee
|-damage|p1a: Ribombee|65/100
|move|p1a: Ribombee|Sticky Web|p2a: Perrserker
|-sidestart|p2: kingblaze22|move: Sticky Web
|
|upkeep
|turn|2
|
|t:|1743864102
|move|p1a: Ribombee|Bug Buzz|p2a: Perrserker
|-resisted|p2a: Perrserker
|-damage|p2a: Perrserker|67/100
|move|p2a: Perrserker|Stealth Rock|p1a: Ribombee
|-sidestart|p1: GoodDarkrai|move: Stealth Rock
|
|-heal|p2a: Perrserker|73/100|[from] item: Leftovers
|upkeep
|turn|3
|
|t:|1743864111
|move|p1a: Ribombee|Bug Buzz|p2a: Perrserker
|-resisted|p2a: Perrserker
|-damage|p2a: Perrserker|40/100
|move|p2a: Perrserker|Iron Head|p1a: Ribombee
|-supereffective|p1a: Ribombee
|-damage|p1a: Ribombee|0 fnt
|faint|p1a: Ribombee
|
|-heal|p2a: Perrserker|47/100|[from] item: Leftovers
|upkeep
|
|t:|1743864123
|switch|p1a: Ceruledge|Ceruledge, M|100/100
|-damage|p1a: Ceruledge|76/100|[from] Stealth Rock
|turn|4
|
|t:|1743864128
|move|p1a: Ceruledge|Bitter Blade|p2a: Perrserker
|-supereffective|p2a: Perrserker
|-damage|p2a: Perrserker|0 fnt
|-heal|p1a: Ceruledge|100/100|[from] drain|[of] p2a: Perrserker
|faint|p2a: Perrserker
|
|upkeep
|
|t:|1743864155
|switch|p2a: Moltres|Moltres-Galar|100/100
|turn|5
|
|t:|1743864176
|move|p1a: Ceruledge|Bitter Blade|p2a: Moltres
|-damage|p2a: Moltres|22/100
|-ability|p2a: Moltres|Berserk|boost
|-boost|p2a: Moltres|spa|1
|-enditem|p2a: Moltres|Sitrus Berry|[eat]
|-heal|p2a: Moltres|47/100|[from] item: Sitrus Berry
|move|p2a: Moltres|Agility|p2a: Moltres
|-boost|p2a: Moltres|spe|2
|
|upkeep
|turn|6
|-message|kingblaze22 forfeited.
|
|win|GoodDarkrai
|raw|GoodDarkrai's rating: 1161 &rarr; <strong>1189</strong><br />(+28 for winning)
|raw|kingblaze22's rating: 1203 &rarr; <strong>1175</strong><br />(-28 for losing)
|l|☆kingblaze22
|player|p2|
|l|☆GoodDarkrai
|player|p1|
