|j|☆jero putero
|j|☆cocobiceps
|t:|1743873835
|gametype|singles
|player|p1|jero putero|169|1373
|player|p2|cocobiceps|169|1400
|teamsize|p1|6
|teamsize|p2|6
|gen|9
|tier|[Gen 9] OU
|rated|
|rule|HP Percentage Mod: HP is shown in percentages
|rule|Endless Battle Clause: Forcing endless battles is banned
|rule|Species Clause: Limit one of each Pokémon
|rule|OHKO Clause: OHKO moves are banned
|rule|Evasion Items Clause: Evasion items are banned
|rule|Evasion Moves Clause: Evasion moves are banned
|rule|Sleep Moves Clause: Sleep-inducing moves are banned
|clearpoke
|poke|p1|Torkoal, M|
|poke|p1|Corviknight, M|
|poke|p1|Venusaur, M|
|poke|p1|Great Tusk|
|poke|p1|Typhlosion-Hisui, M|
|poke|p1|Walking Wake|
|poke|p2|Ogerpon-Wellspring, F|
|poke|p2|Iron Valiant|
|poke|p2|Zamazenta-*|
|poke|p2|Weavile, F|
|poke|p2|Landorus-Therian, M|
|poke|p2|Dragonite, M|
|teampreview
|inactive|Battle timer is ON: inactive players will automatically lose when time's up. (requested by jero putero)
|
|t:|1743873842
|start
|switch|p1a: T= r*Fsin(theta)|Torkoal, M|100/100
|switch|p2a: Triste mélancolie|Ogerpon-Wellspring, F|100/100
|-weather|SunnyDay|[from] ability: Drought|[of] p1a: T= r*Fsin(theta)
|turn|1
|
|t:|1743873846
|move|p2a: Triste mélancolie|Swords Dance|p2a: Triste mélancolie
|-boost|p2a: Triste mélancolie|atk|2
|move|p1a: T= r*Fsin(theta)|Stealth Rock|p2a: Triste mélancolie
|-sidestart|p2: cocobiceps|move: Stealth Rock
|
|-weather|SunnyDay|[upkeep]
|upkeep
|turn|2
|inactive|cocobiceps has 120 seconds left.
|inactive|cocobiceps has 90 seconds left.
|inactive|cocobiceps has 60 seconds left.
|
|t:|1743873951
|move|p2a: Triste mélancolie|Ivy Cudgel|p1a: T= r*Fsin(theta)|[anim] Ivy Cudgel Water
|-supereffective|p1a: T= r*Fsin(theta)
|-damage|p1a: T= r*Fsin(theta)|12/100
|move|p1a: T= r*Fsin(theta)|Lava Plume|p2a: Triste mélancolie
|-damage|p2a: Triste mélancolie|56/100
|-status|p2a: Triste mélancolie|brn
|
|-weather|SunnyDay|[upkeep]
|-damage|p2a: Triste mélancolie|50/100 brn|[from] brn
|upkeep
|turn|3
|
|t:|1743873967
|switch|p1a: VVS Diamonds|Venusaur, M|100/100
|move|p2a: Triste mélancolie|Trailblaze|p1a: VVS Diamonds
|-resisted|p1a: VVS Diamonds
|-damage|p1a: VVS Diamonds|91/100
|-boost|p2a: Triste mélancolie|spe|1
|
|-weather|SunnyDay|[upkeep]
|-damage|p2a: Triste mélancolie|44/100 brn|[from] brn
|upkeep
|turn|4
|
|t:|1743873975
|move|p1a: VVS Diamonds|Sludge Bomb|p2a: Triste mélancolie
|-supereffective|p2a: Triste mélancolie
|-damage|p2a: Triste mélancolie|0 fnt
|faint|p2a: Triste mélancolie
|-damage|p1a: VVS Diamonds|81/100|[from] item: Life Orb
|
|-weather|SunnyDay|[upkeep]
|upkeep
|
|t:|1743873981
|switch|p2a: Bernabeu|Landorus-Therian, M|100/100
|-damage|p2a: Bernabeu|88/100|[from] Stealth Rock
|-ability|p2a: Bernabeu|Intimidate|boost
|-unboost|p1a: VVS Diamonds|atk|1
|turn|5
|
|t:|1743873985
|move|p1a: VVS Diamonds|Giga Drain|p2a: Bernabeu
|-damage|p2a: Bernabeu|37/100
|-heal|p1a: VVS Diamonds|100/100|[from] drain|[of] p2a: Bernabeu
|-damage|p1a: VVS Diamonds|91/100|[from] item: Life Orb
|move|p2a: Bernabeu|Stealth Rock|p1a: VVS Diamonds
|-sidestart|p1: jero putero|move: Stealth Rock
|
|-weather|SunnyDay|[upkeep]
|upkeep
|turn|6
|
|t:|1743873988
|move|p1a: VVS Diamonds|Growth|p1a: VVS Diamonds
|-boost|p1a: VVS Diamonds|atk|2
|-boost|p1a: VVS Diamonds|spa|2
|move|p2a: Bernabeu|U-turn|p1a: VVS Diamonds
|-crit|p1a: VVS Diamonds
|-damage|p1a: VVS Diamonds|52/100
|
|t:|1743873992
|switch|p2a: Du peu que j'ai eu|Dragonite, M|100/100|[from] U-turn
|
|-weather|SunnyDay|[upkeep]
|upkeep
|turn|7
|
|t:|1743873997
|move|p1a: VVS Diamonds|Sludge Bomb|p2a: Du peu que j'ai eu
|-damage|p2a: Du peu que j'ai eu|46/100
|-damage|p1a: VVS Diamonds|42/100|[from] item: Life Orb
|move|p2a: Du peu que j'ai eu|Ice Spinner|p1a: VVS Diamonds
|-supereffective|p1a: VVS Diamonds
|-damage|p1a: VVS Diamonds|0 fnt
|faint|p1a: VVS Diamonds
|
|-weather|SunnyDay|[upkeep]
|upkeep
|
|t:|1743874000
|switch|p1a: I Serve The Face|Great Tusk|100/100
|-damage|p1a: I Serve The Face|98/100|[from] Stealth Rock
|-activate|p1a: I Serve The Face|ability: Protosynthesis
|-start|p1a: I Serve The Face|protosynthesisatk
|turn|8
|
|t:|1743874016
|move|p1a: I Serve The Face|Rapid Spin|p2a: Du peu que j'ai eu
|-damage|p2a: Du peu que j'ai eu|19/100
|-boost|p1a: I Serve The Face|spe|1
|-sideend|p1: jero putero|Stealth Rock|[from] move: Rapid Spin|[of] p1a: I Serve The Face
|move|p2a: Du peu que j'ai eu|Ice Spinner|p1a: I Serve The Face
|-supereffective|p1a: I Serve The Face
|-crit|p1a: I Serve The Face
|-damage|p1a: I Serve The Face|34/100
|
|-weather|none
|-end|p1a: I Serve The Face|Protosynthesis
|upkeep
|turn|9
|inactive|cocobiceps has 90 seconds left.
|
|t:|1743874064
|move|p2a: Du peu que j'ai eu|Extreme Speed|p1a: I Serve The Face
|-damage|p1a: I Serve The Face|15/100
|move|p1a: I Serve The Face|Close Combat|p2a: Du peu que j'ai eu
|-resisted|p2a: Du peu que j'ai eu
|-crit|p2a: Du peu que j'ai eu
|-damage|p2a: Du peu que j'ai eu|0 fnt
|-unboost|p1a: I Serve The Face|def|1
|-unboost|p1a: I Serve The Face|spd|1
|-enditem|p1a: I Serve The Face|Eject Pack
|faint|p2a: Du peu que j'ai eu
|
|t:|1743874068
|-end|p1a: I Serve The Face|Protosynthesis|[silent]
|switch|p1a: T= r*Fsin(theta)|Torkoal, M|12/100
|-weather|SunnyDay|[from] ability: Drought|[of] p1a: T= r*Fsin(theta)
|
|-weather|SunnyDay|[upkeep]
|upkeep
|
|t:|1743874071
|switch|p2a: Bernabeu|Landorus-Therian, M|37/100
|-damage|p2a: Bernabeu|25/100|[from] Stealth Rock
|-ability|p2a: Bernabeu|Intimidate|boost
|-unboost|p1a: T= r*Fsin(theta)|atk|1
|turn|10
|inactive|jero putero has 120 seconds left.
|
|t:|1743874107
|switch|p1a: I Serve The Face|Great Tusk|15/100
|-activate|p1a: I Serve The Face|ability: Protosynthesis
|-start|p1a: I Serve The Face|protosynthesisatk
|move|p2a: Bernabeu|Stealth Rock|p1a: I Serve The Face
|-sidestart|p1: jero putero|move: Stealth Rock
|
|-weather|SunnyDay|[upkeep]
|upkeep
|turn|11
|inactive|jero putero has 120 seconds left.
|
|t:|1743874115
|-end|p1a: I Serve The Face|Protosynthesis|[silent]
|switch|p1a: Corvfefe|Corviknight, M|100/100
|-damage|p1a: Corvfefe|88/100|[from] Stealth Rock
|-ability|p1a: Corvfefe|Pressure
|move|p2a: Bernabeu|Earth Power|p1a: Corvfefe
|-immune|p1a: Corvfefe
|
|-weather|SunnyDay|[upkeep]
|upkeep
|turn|12
|
|t:|1743874119
|move|p2a: Bernabeu|Taunt|p1a: Corvfefe
|-start|p1a: Corvfefe|move: Taunt
|cant|p1a: Corvfefe|move: Taunt|Defog
|
|-weather|SunnyDay|[upkeep]
|upkeep
|turn|13
|
|t:|1743874124
|move|p2a: Bernabeu|U-turn|p1a: Corvfefe
|-resisted|p1a: Corvfefe
|-damage|p1a: Corvfefe|85/100
|-damage|p2a: Bernabeu|8/100|[from] item: Rocky Helmet|[of] p1a: Corvfefe
|
|t:|1743874126
|switch|p2a: Du mieux que g pu|Zamazenta|100/100|[from] U-turn
|-damage|p2a: Du mieux que g pu|94/100|[from] Stealth Rock
|-ability|p2a: Du mieux que g pu|Dauntless Shield|boost
|-boost|p2a: Du mieux que g pu|def|1
|move|p1a: Corvfefe|U-turn|p2a: Du mieux que g pu
|-resisted|p2a: Du mieux que g pu
|-damage|p2a: Du mieux que g pu|91/100
|
|t:|1743874139
|switch|p1a: Dubya|Walking Wake|100/100|[from] U-turn
|-damage|p1a: Dubya|88/100|[from] Stealth Rock
|-activate|p1a: Dubya|ability: Protosynthesis
|-start|p1a: Dubya|protosynthesisspe
|
|-weather|SunnyDay|[upkeep]
|upkeep
|turn|14
|
|t:|1743874144
|move|p1a: Dubya|Hydro Steam|p2a: Du mieux que g pu
|-damage|p2a: Du mieux que g pu|0 fnt
|faint|p2a: Du mieux que g pu
|
|-weather|SunnyDay|[upkeep]
|upkeep
|
|t:|1743874149
|switch|p2a: Iron Valiant|Iron Valiant|100/100
|-damage|p2a: Iron Valiant|94/100|[from] Stealth Rock
|-enditem|p2a: Iron Valiant|Booster Energy
|-activate|p2a: Iron Valiant|ability: Quark Drive|[fromitem]
|-start|p2a: Iron Valiant|quarkdrivespe
|turn|15
|
|t:|1743874151
|move|p2a: Iron Valiant|Moonblast|p1a: Dubya
|-supereffective|p1a: Dubya
|-crit|p1a: Dubya
|-damage|p1a: Dubya|0 fnt
|faint|p1a: Dubya
|-end|p1a: Dubya|Protosynthesis|[silent]
|
|-weather|SunnyDay|[upkeep]
|upkeep
|
|t:|1743874155
|switch|p1a: Corvfefe|Corviknight, M|85/100
|-damage|p1a: Corvfefe|73/100|[from] Stealth Rock
|-ability|p1a: Corvfefe|Pressure
|turn|16
|
|t:|1743874159
|move|p2a: Iron Valiant|Swords Dance|p2a: Iron Valiant
|-boost|p2a: Iron Valiant|atk|2
|move|p1a: Corvfefe|Defog|p2a: Iron Valiant
|-unboost|p2a: Iron Valiant|evasion|1
|-sideend|p2: cocobiceps|Stealth Rock|[from] move: Defog|[of] p1a: Corvfefe
|-sideend|p1: jero putero|Stealth Rock|[from] move: Defog|[of] p1a: Corvfefe
|
|-weather|none
|upkeep
|turn|17
|
|t:|1743874162
|move|p2a: Iron Valiant|Close Combat|p1a: Corvfefe
|-damage|p1a: Corvfefe|0 fnt
|-unboost|p2a: Iron Valiant|def|1
|-unboost|p2a: Iron Valiant|spd|1
|-damage|p2a: Iron Valiant|78/100|[from] item: Rocky Helmet|[of] p1a: Corvfefe
|faint|p1a: Corvfefe
|
|upkeep
|
|t:|1743874166
|switch|p1a: T= r*Fsin(theta)|Torkoal, M|12/100
|-weather|SunnyDay|[from] ability: Drought|[of] p1a: T= r*Fsin(theta)
|turn|18
|
|t:|1743874172
|switch|p1a: Ty Collar Sign|Typhlosion-Hisui, M|100/100
|move|p2a: Iron Valiant|Moonblast|p1a: Ty Collar Sign
|-resisted|p1a: Ty Collar Sign
|-damage|p1a: Ty Collar Sign|74/100
|
|-weather|SunnyDay|[upkeep]
|upkeep
|turn|19
|
|t:|1743874177
|move|p2a: Iron Valiant|Knock Off|p1a: Ty Collar Sign
|-supereffective|p1a: Ty Collar Sign
|-damage|p1a: Ty Collar Sign|0 fnt
|-enditem|p1a: Ty Collar Sign|Choice Scarf|[from] move: Knock Off|[of] p2a: Iron Valiant
|faint|p1a: Ty Collar Sign
|
|-weather|SunnyDay|[upkeep]
|upkeep
|-message|jero putero forfeited.
|
|win|cocobiceps
|raw|jero putero's rating: 1373 &rarr; <strong>1356</strong><br />(-17 for losing)
|raw|cocobiceps's rating: 1423 &rarr; <strong>1440</strong><br />(+17 for winning)
|l|☆jero putero
|player|p1|
|l|☆cocobiceps
|player|p2|
