|j|☆Red_bull2000
|j|☆AbyssalWerksHATER
|t:|1743862455
|gametype|singles
|player|p1|Red_bull2000|candice|1222
|player|p2|AbyssalWerksHATER|giovanni|1274
|teamsize|p1|6
|teamsize|p2|6
|gen|9
|tier|[Gen 9] OU
|rated|
|rule|HP Percentage Mod: HP is shown in percentages
|rule|Endless Battle Clause: Forcing endless battles is banned
|rule|Species Clause: Limit one of each Pokémon
|rule|OHKO Clause: OHKO moves are banned
|rule|Evasion Items Clause: Evasion items are banned
|rule|Evasion Moves Clause: Evasion moves are banned
|rule|Sleep Moves Clause: Sleep-inducing moves are banned
|clearpoke
|poke|p1|Mamoswine, M|
|poke|p1|Sandslash-Alola, M|
|poke|p1|Cetitan, M|
|poke|p1|Ninetales-Alola, M|
|poke|p1|Abomasnow, F|
|poke|p1|Lapras, M|
|poke|p2|Azelf|
|poke|p2|Iron Valiant|
|poke|p2|Glimmora, M|
|poke|p2|Great Tusk|
|poke|p2|Kingambit, F|
|poke|p2|Iron Moth|
|teampreview
|inactive|Battle timer is ON: inactive players will automatically lose when time's up. (requested by AbyssalWerksHATER)
|
|t:|1743862461
|start
|switch|p1a: Abomasnow|Abomasnow, F|100/100
|switch|p2a: My Main Goal...|Azelf|100/100
|-weather|Snowscape|[from] ability: Snow Warning|[of] p1a: Abomasnow
|turn|1
|
|t:|1743862470
|move|p2a: My Main Goal...|Taunt|p1a: Abomasnow
|-start|p1a: Abomasnow|move: Taunt
|cant|p1a: Abomasnow|move: Taunt|Aurora Veil
|
|-weather|Snowscape|[upkeep]
|upkeep
|turn|2
|
|t:|1743862482
|switch|p1a: Stall sucks|Cetitan, M|100/100
|move|p2a: My Main Goal...|Stealth Rock|p1a: Stall sucks
|-sidestart|p1: Red_bull2000|move: Stealth Rock
|
|-weather|Snowscape|[upkeep]
|upkeep
|turn|3
|
|t:|1743862489
|move|p1a: Stall sucks|Earthquake|p2a: My Main Goal...
|-immune|p2a: My Main Goal...|[from] ability: Levitate
|move|p2a: My Main Goal...|Taunt|p1a: Stall sucks
|-start|p1a: Stall sucks|move: Taunt
|
|-weather|Snowscape|[upkeep]
|upkeep
|turn|4
|c|☆AbyssalWerksHATER|HELL YEAH
|c|☆AbyssalWerksHATER|stall sux
|
|t:|1743862507
|switch|p1a: Sandslash|Sandslash-Alola, M|100/100
|move|p2a: My Main Goal...|Explosion|p1a: Sandslash
|-resisted|p1a: Sandslash
|-damage|p1a: Sandslash|73/100
|faint|p2a: My Main Goal...
|
|-weather|Snowscape|[upkeep]
|upkeep
|
|t:|1743862511
|switch|p2a: Keep on dancing|Iron Moth|100/100
|-enditem|p2a: Keep on dancing|Booster Energy
|-activate|p2a: Keep on dancing|ability: Quark Drive|[fromitem]
|-start|p2a: Keep on dancing|quarkdrivespa
|turn|5
|
|t:|1743862520
|move|p1a: Sandslash|Earthquake|p2a: Keep on dancing
|-supereffective|p2a: Keep on dancing
|-damage|p2a: Keep on dancing|0 fnt
|faint|p2a: Keep on dancing
|-end|p2a: Keep on dancing|Quark Drive|[silent]
|
|-weather|none
|upkeep
|
|t:|1743862531
|switch|p2a: 87 different sets|Iron Valiant|100/100
|-enditem|p2a: 87 different sets|Booster Energy
|-activate|p2a: 87 different sets|ability: Quark Drive|[fromitem]
|-start|p2a: 87 different sets|quarkdrivespe
|turn|6
|
|t:|1743862537
|-terastallize|p2a: 87 different sets|Electric
|-terastallize|p1a: Sandslash|Ghost
|move|p2a: 87 different sets|Calm Mind|p2a: 87 different sets
|-boost|p2a: 87 different sets|spa|1
|-boost|p2a: 87 different sets|spd|1
|move|p1a: Sandslash|Rapid Spin|p2a: 87 different sets
|-damage|p2a: 87 different sets|81/100
|-boost|p1a: Sandslash|spe|1
|-sideend|p1: Red_bull2000|Stealth Rock|[from] move: Rapid Spin|[of] p1a: Sandslash
|
|upkeep
|turn|7
|
|t:|1743862548
|move|p2a: 87 different sets|Moonblast|p1a: Sandslash
|-damage|p1a: Sandslash|0 fnt
|faint|p1a: Sandslash
|
|upkeep
|
|t:|1743862555
|switch|p1a: Ninetales|Ninetales-Alola, M, shiny|100/100
|-weather|Snowscape|[from] ability: Snow Warning|[of] p1a: Ninetales
|turn|8
|
|t:|1743862560
|move|p2a: 87 different sets|Calm Mind|p2a: 87 different sets
|-boost|p2a: 87 different sets|spa|1
|-boost|p2a: 87 different sets|spd|1
|move|p1a: Ninetales|Moonblast|p2a: 87 different sets
|-damage|p2a: 87 different sets|50/100
|
|-weather|Snowscape|[upkeep]
|upkeep
|turn|9
|
|t:|1743862568
|move|p2a: 87 different sets|Moonblast|p1a: Ninetales
|-damage|p1a: Ninetales|0 fnt
|faint|p1a: Ninetales
|
|-weather|Snowscape|[upkeep]
|upkeep
|c|☆Red_bull2000|gg
|
|t:|1743862578
|switch|p1a: Mamoswine|Mamoswine, M|100/100
|turn|10
|
|t:|1743862584
|move|p2a: 87 different sets|Vacuum Wave|p1a: Mamoswine
|-supereffective|p1a: Mamoswine
|-damage|p1a: Mamoswine|0 fnt
|faint|p1a: Mamoswine
|
|-weather|Snowscape|[upkeep]
|upkeep
|c|☆AbyssalWerksHATER|gg
|c|☆Red_bull2000|yh i aint doin shit a;; to that
|
|t:|1743862598
|switch|p1a: Abomasnow|Abomasnow, F|100/100
|turn|11
|
|t:|1743862601
|move|p1a: Abomasnow|Ice Shard|p2a: 87 different sets
|-damage|p2a: 87 different sets|28/100
|move|p2a: 87 different sets|Moonblast|p1a: Abomasnow
|-damage|p1a: Abomasnow|6/100
|
|-weather|Snowscape|[upkeep]
|upkeep
|turn|12
|
|t:|1743862609
|move|p2a: 87 different sets|Vacuum Wave|p1a: Abomasnow
|-supereffective|p1a: Abomasnow
|-damage|p1a: Abomasnow|0 fnt
|faint|p1a: Abomasnow
|
|-weather|Snowscape|[upkeep]
|upkeep
|-message|Red_bull2000 forfeited.
|
|win|AbyssalWerksHATER
|raw|Red_bull2000's rating: 1222 &rarr; <strong>1201</strong><br />(-21 for losing)
|raw|AbyssalWerksHATER's rating: 1274 &rarr; <strong>1295</strong><br />(+21 for winning)
|l|☆Red_bull2000
|player|p1|
|l|☆AbyssalWerksHATER
|player|p2|
