|badge|p2|bronze|gen9ou|100-5
|uhtml|medal-msg|<div class="broadcast-blue">Curious what those medals under the avatar are? PS now has Ladder Seasons! For more information, check out the <a href="https://www.smogon.com/forums/threads/3740067/">thread on Smogon.</a></div>
|j|☆pulsationplasma
|j|☆turnyacc
|t:|1743791215
|gametype|singles
|player|p1|pulsationplasma|ghetsis|1751
|player|p2|turnyacc|169|1868
|teamsize|p1|6
|teamsize|p2|6
|gen|9
|tier|[Gen 9] OU
|rated|
|rule|HP Percentage Mod: HP is shown in percentages
|rule|Endless Battle Clause: Forcing endless battles is banned
|rule|Species Clause: Limit one of each Pokémon
|rule|OHKO Clause: OHKO moves are banned
|rule|Evasion Items Clause: Evasion items are banned
|rule|Evasion Moves Clause: Evasion moves are banned
|rule|Sleep Moves Clause: Sleep-inducing moves are banned
|clearpoke
|poke|p1|Ceruledge, F|
|poke|p1|Iron Treads|
|poke|p1|Corviknight, M|
|poke|p1|Salamence, F|
|poke|p1|Dragapult, M|
|poke|p1|Ogerpon-Cornerstone, F|
|poke|p2|Kingambit, F|
|poke|p2|Clodsire, M|
|poke|p2|Zamazenta-*|
|poke|p2|Great Tusk|
|poke|p2|Ogerpon, F|
|poke|p2|Raging Bolt|
|teampreview
|
|t:|1743791220
|start
|switch|p1a: Dragapult|Dragapult, M|100/100
|switch|p2a: Ogerpon|Ogerpon, F|100/100
|turn|1
|j| m0chaman_829
|
|t:|1743791226
|-terastallize|p2a: Ogerpon|Grass
|detailschange|p2a: Ogerpon|Ogerpon-Teal-Tera, F, tera:Grass
|-ability|p2a: Ogerpon|Embody Aspect (Teal)|boost
|-boost|p2a: Ogerpon|spe|1
|move|p2a: Ogerpon|Knock Off|p1a: Dragapult
|-supereffective|p1a: Dragapult
|-damage|p1a: Dragapult|0 fnt
|-enditem|p1a: Dragapult|Choice Band|[from] move: Knock Off|[of] p2a: Ogerpon
|faint|p1a: Dragapult
|
|upkeep
|j| FaronAan
|c|☆turnyacc|nice team btw
|j| asilentkingambitx
|c|☆turnyacc|forgot to say it
|
|t:|1743791246
|switch|p1a: Salamence|Salamence, F|100/100
|turn|2
|
|t:|1743791249
|switch|p2a: Clodsire|Clodsire, M|100/100
|move|p1a: Salamence|Dual Wingbeat|p2a: Clodsire
|-damage|p2a: Clodsire|77/100
|-damage|p2a: Clodsire|55/100
|-hitcount|p2a: Clodsire|2
|
|-heal|p2a: Clodsire|61/100|[from] item: Leftovers
|upkeep
|turn|3
|c|☆turnyacc|wait what
|
|t:|1743791257
|switch|p1a: Iron Treads|Iron Treads|100/100
|move|p2a: Clodsire|Toxic|p1a: Iron Treads
|-immune|p1a: Iron Treads
|
|-heal|p2a: Clodsire|67/100|[from] item: Leftovers
|upkeep
|turn|4
|c|☆turnyacc|you have no special mons?
|
|t:|1743791271
|move|p1a: Iron Treads|Earthquake|p2a: Clodsire
|-supereffective|p2a: Clodsire
|-damage|p2a: Clodsire|0 fnt
|faint|p2a: Clodsire
|
|upkeep
|
|t:|1743791273
|switch|p2a: Zamazenta|Zamazenta|100/100
|-ability|p2a: Zamazenta|Dauntless Shield|boost
|-boost|p2a: Zamazenta|def|1
|turn|5
|
|t:|1743791276
|-end|p1a: Iron Treads|Quark Drive|[silent]
|switch|p1a: Corviknight|Corviknight, M|100/100
|-ability|p1a: Corviknight|Pressure
|move|p2a: Zamazenta|Iron Defense|p2a: Zamazenta
|-boost|p2a: Zamazenta|def|2
|
|upkeep
|turn|6
|
|t:|1743791280
|move|p2a: Zamazenta|Iron Defense|p2a: Zamazenta
|-boost|p2a: Zamazenta|def|2
|move|p1a: Corviknight|Iron Defense|p1a: Corviknight
|-boost|p1a: Corviknight|def|2
|
|upkeep
|turn|7
|
|t:|1743791282
|move|p2a: Zamazenta|Iron Defense|p2a: Zamazenta
|-boost|p2a: Zamazenta|def|1
|move|p1a: Corviknight|Iron Defense|p1a: Corviknight
|-boost|p1a: Corviknight|def|2
|
|upkeep
|turn|8
|
|t:|1743791284
|move|p1a: Corviknight|Iron Defense|p1a: Corviknight
|-boost|p1a: Corviknight|def|2
|move|p2a: Zamazenta|Roar|p1a: Corviknight
|drag|p1a: Ogerpon|Ogerpon-Cornerstone, F|100/100
|
|upkeep
|turn|9
|c| FaronAan|he plays like a real don and gets 6-0d by dondozo immediately
|
|t:|1743791288
|switch|p1a: Ceruledge|Ceruledge, F|100/100
|move|p2a: Zamazenta|Body Press|p1a: Ceruledge
|-immune|p1a: Ceruledge
|
|upkeep
|turn|10
|j| Haus of Balloons
|
|t:|1743791292
|switch|p1a: Corviknight|Corviknight, M|100/100
|-ability|p1a: Corviknight|Pressure
|move|p2a: Zamazenta|Crunch|p1a: Corviknight
|-damage|p1a: Corviknight|86/100
|-unboost|p1a: Corviknight|def|1
|-damage|p2a: Zamazenta|84/100|[from] item: Rocky Helmet|[of] p1a: Corviknight
|
|-heal|p2a: Zamazenta|90/100|[from] item: Leftovers
|upkeep
|turn|11
|
|t:|1743791295
|switch|p1a: Ceruledge|Ceruledge, F|100/100
|move|p2a: Zamazenta|Body Press|p1a: Ceruledge
|-immune|p1a: Ceruledge
|
|-heal|p2a: Zamazenta|96/100|[from] item: Leftovers
|upkeep
|turn|12
|
|t:|1743791301
|switch|p1a: Corviknight|Corviknight, M|86/100
|-ability|p1a: Corviknight|Pressure
|move|p2a: Zamazenta|Crunch|p1a: Corviknight
|-damage|p1a: Corviknight|70/100
|-damage|p2a: Zamazenta|80/100|[from] item: Rocky Helmet|[of] p1a: Corviknight
|
|-heal|p2a: Zamazenta|86/100|[from] item: Leftovers
|upkeep
|turn|13
|
|t:|1743791305
|-terastallize|p1a: Corviknight|Flying
|move|p2a: Zamazenta|Crunch|p1a: Corviknight
|-damage|p1a: Corviknight|56/100
|-damage|p2a: Zamazenta|69/100|[from] item: Rocky Helmet|[of] p1a: Corviknight
|move|p1a: Corviknight|Roost|p1a: Corviknight
|-heal|p1a: Corviknight|100/100
|-hint|If a Terastallized Pokemon uses Roost, it remains Flying-type.
|
|-heal|p2a: Zamazenta|76/100|[from] item: Leftovers
|upkeep
|turn|14
|j| sdksod
|
|t:|1743791310
|move|p2a: Zamazenta|Crunch|p1a: Corviknight
|-damage|p1a: Corviknight|87/100
|-damage|p2a: Zamazenta|59/100|[from] item: Rocky Helmet|[of] p1a: Corviknight
|move|p1a: Corviknight|Brave Bird|p2a: Zamazenta
|-supereffective|p2a: Zamazenta
|-damage|p2a: Zamazenta|40/100
|-damage|p1a: Corviknight|80/100|[from] Recoil
|
|-heal|p2a: Zamazenta|46/100|[from] item: Leftovers
|upkeep
|turn|15
|
|t:|1743791319
|move|p2a: Zamazenta|Body Press|p1a: Corviknight
|-resisted|p1a: Corviknight
|-damage|p1a: Corviknight|33/100
|-damage|p2a: Zamazenta|29/100|[from] item: Rocky Helmet|[of] p1a: Corviknight
|move|p1a: Corviknight|Brave Bird|p2a: Zamazenta
|-supereffective|p2a: Zamazenta
|-damage|p2a: Zamazenta|11/100
|-damage|p1a: Corviknight|27/100|[from] Recoil
|
|-heal|p2a: Zamazenta|17/100|[from] item: Leftovers
|upkeep
|turn|16
|
|t:|1743791329
|move|p2a: Zamazenta|Body Press|p1a: Corviknight
|-resisted|p1a: Corviknight
|-damage|p1a: Corviknight|0 fnt
|-damage|p2a: Zamazenta|0 fnt|[from] item: Rocky Helmet|[of] p1a: Corviknight
|faint|p1a: Corviknight
|faint|p2a: Zamazenta
|
|upkeep
|
|t:|1743791338
|switch|p2a: Ogerpon|Ogerpon-Teal-Tera, F, tera:Grass|100/100
|switch|p1a: Salamence|Salamence, F|100/100
|-ability|p2a: Ogerpon|Embody Aspect (Teal)|boost
|-boost|p2a: Ogerpon|spe|1
|turn|17
|j| union boss
|
|t:|1743791346
|move|p2a: Ogerpon|U-turn|p1a: Salamence
|-resisted|p1a: Salamence
|-damage|p1a: Salamence|81/100
|
|t:|1743791349
|switch|p2a: Raging Bolt|Raging Bolt|100/100|[from] U-turn
|move|p1a: Salamence|Dual Wingbeat|p2a: Raging Bolt
|-resisted|p2a: Raging Bolt
|-damage|p2a: Raging Bolt|94/100
|-resisted|p2a: Raging Bolt
|-damage|p2a: Raging Bolt|87/100
|-hitcount|p2a: Raging Bolt|2
|
|-heal|p1a: Salamence|87/100|[from] item: Leftovers
|-heal|p2a: Raging Bolt|94/100|[from] item: Leftovers
|upkeep
|turn|18
|j| sasukeuchiwho
|
|t:|1743791357
|move|p1a: Salamence|Outrage|p2a: Raging Bolt
|-supereffective|p2a: Raging Bolt
|-crit|p2a: Raging Bolt
|-damage|p2a: Raging Bolt|0 fnt
|faint|p2a: Raging Bolt
|-end|p2a: Raging Bolt|Protosynthesis|[silent]
|-ability|p1a: Salamence|Moxie|boost
|-boost|p1a: Salamence|atk|1
|
|-heal|p1a: Salamence|93/100|[from] item: Leftovers
|upkeep
|
|t:|1743791361
|switch|p2a: Kingambit|Kingambit, F|100/100
|-activate|p2a: Kingambit|ability: Supreme Overlord
|-start|p2a: Kingambit|fallen3|[silent]
|turn|19
|
|t:|1743791363
|move|p1a: Salamence|Outrage|p2a: Kingambit|[from] lockedmove
|-resisted|p2a: Kingambit
|-damage|p2a: Kingambit|68/100
|move|p2a: Kingambit|Swords Dance|p2a: Kingambit
|-boost|p2a: Kingambit|atk|2
|
|-heal|p1a: Salamence|99/100|[from] item: Leftovers
|-heal|p2a: Kingambit|75/100|[from] item: Leftovers
|upkeep
|turn|20
|
|t:|1743791366
|move|p1a: Salamence|Outrage|p2a: Kingambit|[from] lockedmove
|-resisted|p2a: Kingambit
|-damage|p2a: Kingambit|44/100
|-start|p1a: Salamence|confusion|[fatigue]
|move|p2a: Kingambit|Swords Dance|p2a: Kingambit
|-boost|p2a: Kingambit|atk|2
|
|-heal|p1a: Salamence|100/100|[from] item: Leftovers
|-heal|p2a: Kingambit|51/100|[from] item: Leftovers
|upkeep
|turn|21
|
|t:|1743791373
|switch|p1a: Ceruledge|Ceruledge, F|100/100
|move|p2a: Kingambit|Iron Head|p1a: Ceruledge
|-resisted|p1a: Ceruledge
|-damage|p1a: Ceruledge|0 fnt
|faint|p1a: Ceruledge
|
|-heal|p2a: Kingambit|57/100|[from] item: Leftovers
|upkeep
|
|t:|1743791375
|switch|p1a: Ogerpon|Ogerpon-Cornerstone, F|100/100
|turn|22
|
|t:|1743791378
|move|p1a: Ogerpon|Low Kick|p2a: Kingambit
|-supereffective|p2a: Kingambit
|-damage|p2a: Kingambit|0 fnt
|faint|p2a: Kingambit
|-end|p2a: Kingambit|fallen3|[silent]
|
|upkeep
|
|t:|1743791380
|switch|p2a: Ogerpon|Ogerpon-Teal-Tera, F, tera:Grass|100/100
|-ability|p2a: Ogerpon|Embody Aspect (Teal)|boost
|-boost|p2a: Ogerpon|spe|1
|turn|23
|
|t:|1743791384
|switch|p1a: Iron Treads|Iron Treads|100/100
|move|p2a: Ogerpon|U-turn|p1a: Iron Treads
|-resisted|p1a: Iron Treads
|-damage|p1a: Iron Treads|85/100
|
|t:|1743791385
|switch|p2a: Great Tusk|Great Tusk|100/100|[from] U-turn
|
|upkeep
|turn|24
|
|t:|1743791390
|move|p1a: Iron Treads|Ice Spinner|p2a: Great Tusk
|-supereffective|p2a: Great Tusk
|-damage|p2a: Great Tusk|64/100
|move|p2a: Great Tusk|Rapid Spin|p1a: Iron Treads
|-resisted|p1a: Iron Treads
|-damage|p1a: Iron Treads|77/100
|-boost|p2a: Great Tusk|spe|1
|
|upkeep
|turn|25
|
|t:|1743791393
|move|p2a: Great Tusk|Headlong Rush|p1a: Iron Treads
|-supereffective|p1a: Iron Treads
|-crit|p1a: Iron Treads
|-damage|p1a: Iron Treads|0 fnt
|-unboost|p2a: Great Tusk|def|1
|-unboost|p2a: Great Tusk|spd|1
|faint|p1a: Iron Treads
|-end|p1a: Iron Treads|Quark Drive|[silent]
|
|upkeep
|
|t:|1743791395
|switch|p1a: Ogerpon|Ogerpon-Cornerstone, F|100/100
|turn|26
|
|t:|1743791403
|-end|p2a: Great Tusk|Protosynthesis|[silent]
|switch|p2a: Ogerpon|Ogerpon-Teal-Tera, F, tera:Grass|100/100
|-ability|p2a: Ogerpon|Embody Aspect (Teal)|boost
|-boost|p2a: Ogerpon|spe|1
|move|p1a: Ogerpon|Horn Leech|p2a: Ogerpon
|-resisted|p2a: Ogerpon
|-damage|p2a: Ogerpon|72/100
|
|upkeep
|turn|27
|
|t:|1743791415
|move|p2a: Ogerpon|U-turn|p1a: Ogerpon
|-supereffective|p1a: Ogerpon
|-damage|p1a: Ogerpon|5/100
|
|t:|1743791416
|switch|p2a: Great Tusk|Great Tusk|64/100|[from] U-turn
|move|p1a: Ogerpon|Ivy Cudgel|p2a: Great Tusk|[anim] Ivy Cudgel Rock
|-resisted|p2a: Great Tusk
|-damage|p2a: Great Tusk|54/100
|
|upkeep
|turn|28
|
|t:|1743791430
|-end|p2a: Great Tusk|Protosynthesis|[silent]
|switch|p2a: Ogerpon|Ogerpon-Teal-Tera, F, tera:Grass|72/100
|-ability|p2a: Ogerpon|Embody Aspect (Teal)|boost
|-boost|p2a: Ogerpon|spe|1
|move|p1a: Ogerpon|Horn Leech|p2a: Ogerpon
|-resisted|p2a: Ogerpon
|-damage|p2a: Ogerpon|42/100
|-heal|p1a: Ogerpon|21/100|[from] drain|[of] p2a: Ogerpon
|
|upkeep
|turn|29
|
|t:|1743791439
|move|p2a: Ogerpon|U-turn|p1a: Ogerpon
|-supereffective|p1a: Ogerpon
|-crit|p1a: Ogerpon
|-damage|p1a: Ogerpon|0 fnt
|faint|p1a: Ogerpon
|
|t:|1743791442
|switch|p2a: Great Tusk|Great Tusk|54/100|[from] U-turn
|
|upkeep
|
|t:|1743791445
|switch|p1a: Salamence|Salamence, F|100/100
|turn|30
|
|t:|1743791447
|move|p1a: Salamence|Dual Wingbeat|p2a: Great Tusk
|-supereffective|p2a: Great Tusk
|-damage|p2a: Great Tusk|19/100
|-supereffective|p2a: Great Tusk
|-damage|p2a: Great Tusk|0 fnt
|faint|p2a: Great Tusk
|-end|p2a: Great Tusk|Protosynthesis|[silent]
|-ability|p1a: Salamence|Moxie|boost
|-boost|p1a: Salamence|atk|1
|-hitcount|p2: Great Tusk|2
|
|upkeep
|
|t:|1743791449
|switch|p2a: Ogerpon|Ogerpon-Teal-Tera, F, tera:Grass|42/100
|-ability|p2a: Ogerpon|Embody Aspect (Teal)|boost
|-boost|p2a: Ogerpon|spe|1
|turn|31
|c|☆turnyacc|gg
|
|t:|1743791455
|move|p2a: Ogerpon|Knock Off|p1a: Salamence
|-damage|p1a: Salamence|42/100
|-enditem|p1a: Salamence|Leftovers|[from] move: Knock Off|[of] p2a: Ogerpon
|move|p1a: Salamence|Outrage|p2a: Ogerpon
|-damage|p2a: Ogerpon|0 fnt
|faint|p2a: Ogerpon
|
|win|pulsationplasma
|raw|pulsationplasma's rating: 1751 &rarr; <strong>1777</strong><br />(+26 for winning)
|raw|turnyacc's rating: 1868 &rarr; <strong>1842</strong><br />(-26 for losing)
|c|☆turnyacc|sold
|l| FaronAan
|l| asilentkingambitx
|l| m0chaman_829
|c|☆turnyacc|didnt think u would sac ur only phys wall lol
|l|☆turnyacc
|player|p2|
|l| sdksod
|l| union boss
