|j|☆teamskullenoxa
|j|☆Lucwasz
|t:|1743890649
|gametype|singles
|player|p1|teamskullenoxa|1|1766
|player|p2|Lucwasz|1|1680
|teamsize|p1|6
|teamsize|p2|6
|gen|9
|tier|[Gen 9] OU
|rated|
|rule|HP Percentage Mod: HP is shown in percentages
|rule|Endless Battle Clause: Forcing endless battles is banned
|rule|Species Clause: Limit one of each Pokémon
|rule|OHKO Clause: OHKO moves are banned
|rule|Evasion Items Clause: Evasion items are banned
|rule|Evasion Moves Clause: Evasion moves are banned
|rule|Sleep Moves Clause: Sleep-inducing moves are banned
|clearpoke
|poke|p1|Typhlosion-Hisui, F|
|poke|p1|Hatterene, F|
|poke|p1|Torkoal, F|
|poke|p1|Lilligant-Hisui, F|
|poke|p1|Landorus-Therian, M|
|poke|p1|Walking Wake|
|poke|p2|Garganacl, M|
|poke|p2|Weezing-Galar, F|
|poke|p2|Corviknight, M|
|poke|p2|Dragapult, M|
|poke|p2|Slowking-Galar, F|
|poke|p2|Samurott-Hisui, F|
|teampreview
|
|t:|1743890662
|start
|switch|p1a: Landorus|Landorus-Therian, M|100/100
|switch|p2a: Corviknight|Corviknight, M|100/100
|-ability|p1a: Landorus|Intimidate|boost
|-unboost|p2a: Corviknight|atk|1
|-ability|p2a: Corviknight|Pressure
|turn|1
|
|t:|1743890667
|move|p1a: Landorus|U-turn|p2a: Corviknight
|-resisted|p2a: Corviknight
|-damage|p2a: Corviknight|97/100
|-damage|p1a: Landorus|84/100|[from] item: Rocky Helmet|[of] p2a: Corviknight
|
|t:|1743890669
|switch|p1a: Hatterene|Hatterene, F|100/100|[from] U-turn
|move|p2a: Corviknight|Brave Bird|p1a: Hatterene
|-damage|p1a: Hatterene|76/100
|-damage|p2a: Corviknight|90/100|[from] Recoil
|-enditem|p1a: Hatterene|Eject Button
|
|t:|1743890671
|switch|p1a: Typhlosion|Typhlosion-Hisui, F|100/100
|
|upkeep
|turn|2
|
|t:|1743890686
|switch|p2a: Garganacl|Garganacl, M|100/100
|move|p1a: Typhlosion|Eruption|p2a: Garganacl
|-resisted|p2a: Garganacl
|-damage|p2a: Garganacl|74/100
|
|-heal|p2a: Garganacl|80/100|[from] item: Leftovers
|upkeep
|turn|3
|
|t:|1743890693
|switch|p1a: Torkoal|Torkoal, F|100/100
|-weather|SunnyDay|[from] ability: Drought|[of] p1a: Torkoal
|move|p2a: Garganacl|Salt Cure|p1a: Torkoal
|-supereffective|p1a: Torkoal
|-damage|p1a: Torkoal|80/100
|-start|p1a: Torkoal|Salt Cure
|
|-weather|SunnyDay|[upkeep]
|-heal|p2a: Garganacl|86/100|[from] item: Leftovers
|-damage|p1a: Torkoal|67/100|[from] Salt Cure
|upkeep
|turn|4
|
|t:|1743890696
|switch|p1a: Hatterene|Hatterene, F|76/100
|move|p2a: Garganacl|Stealth Rock|p1a: Hatterene
|move|p1a: Hatterene|Stealth Rock|p2a: Garganacl|[from] ability: Magic Bounce
|-sidestart|p2: Lucwasz|move: Stealth Rock
|
|-weather|SunnyDay|[upkeep]
|-heal|p2a: Garganacl|92/100|[from] item: Leftovers
|upkeep
|turn|5
|
|t:|1743890698
|move|p1a: Hatterene|Psychic Noise|p2a: Garganacl
|-damage|p2a: Garganacl|70/100
|-start|p2a: Garganacl|move: Heal Block
|move|p2a: Garganacl|Salt Cure|p1a: Hatterene
|-damage|p1a: Hatterene|63/100
|-start|p1a: Hatterene|Salt Cure
|
|-weather|SunnyDay|[upkeep]
|-damage|p1a: Hatterene|51/100|[from] Salt Cure
|upkeep
|turn|6
|
|t:|1743890702
|switch|p2a: Samurott|Samurott-Hisui, F|100/100
|-damage|p2a: Samurott|88/100|[from] Stealth Rock
|move|p1a: Hatterene|Dazzling Gleam|p2a: Samurott
|-supereffective|p2a: Samurott
|-damage|p2a: Samurott|0 fnt
|faint|p2a: Samurott
|
|-weather|SunnyDay|[upkeep]
|-damage|p1a: Hatterene|39/100|[from] Salt Cure
|upkeep
|
|t:|1743890705
|switch|p2a: Slowking|Slowking-Galar, F|100/100
|-damage|p2a: Slowking|88/100|[from] Stealth Rock
|turn|7
|
|t:|1743890709
|move|p1a: Hatterene|Nuzzle|p2a: Slowking
|-damage|p2a: Slowking|84/100
|-status|p2a: Slowking|par
|move|p2a: Slowking|Sludge Bomb|p1a: Hatterene
|-supereffective|p1a: Hatterene
|-damage|p1a: Hatterene|0 fnt
|faint|p1a: Hatterene
|
|-weather|SunnyDay|[upkeep]
|upkeep
|
|t:|1743890725
|switch|p1a: Walking Wake|Walking Wake|100/100
|-activate|p1a: Walking Wake|ability: Protosynthesis
|-start|p1a: Walking Wake|protosynthesisspa
|turn|8
|
|t:|1743890731
|move|p1a: Walking Wake|Draco Meteor|p2a: Slowking
|-crit|p2a: Slowking
|-damage|p2a: Slowking|26/100 par
|-unboost|p1a: Walking Wake|spa|2
|cant|p2a: Slowking|par
|
|-weather|SunnyDay|[upkeep]
|upkeep
|turn|9
|
|t:|1743890741
|switch|p2a: Weezing|Weezing-Galar, F|100/100
|-ability|p2a: Weezing|Neutralizing Gas
|move|p1a: Walking Wake|Draco Meteor|p2a: Weezing
|-immune|p2a: Weezing
|
|-weather|SunnyDay|[upkeep]
|upkeep
|turn|10
|
|t:|1743890744
|-end|p1a: Walking Wake|Protosynthesis|[silent]
|switch|p1a: Typhlosion|Typhlosion-Hisui, F|100/100
|move|p2a: Weezing|Defog|p1a: Typhlosion
|-unboost|p1a: Typhlosion|evasion|1
|-sideend|p2: Lucwasz|Stealth Rock|[from] move: Defog|[of] p2a: Weezing
|
|-weather|none
|upkeep
|turn|11
|
|t:|1743890751
|switch|p1a: Torkoal|Torkoal, F|67/100
|move|p2a: Weezing|Strange Steam|p1a: Torkoal
|-resisted|p1a: Torkoal
|-damage|p1a: Torkoal|55/100
|-start|p1a: Torkoal|confusion
|
|upkeep
|turn|12
|
|t:|1743890755
|-end|p2a: Weezing|ability: Neutralizing Gas
|-weather|SunnyDay|[from] ability: Drought|[of] p1a: Torkoal
|switch|p2a: Garganacl|Garganacl, M|70/100
|-activate|p1a: Torkoal|confusion
|-damage|p1a: Torkoal|50/100|[from] confusion
|
|-weather|SunnyDay|[upkeep]
|-heal|p2a: Garganacl|76/100|[from] item: Leftovers
|upkeep
|turn|13
|
|t:|1743890760
|move|p2a: Garganacl|Stealth Rock|p1a: Torkoal
|-sidestart|p1: teamskullenoxa|move: Stealth Rock
|-end|p1a: Torkoal|confusion
|move|p1a: Torkoal|Body Press|p2a: Garganacl
|-supereffective|p2a: Garganacl
|-damage|p2a: Garganacl|45/100
|
|-weather|SunnyDay|[upkeep]
|-heal|p2a: Garganacl|51/100|[from] item: Leftovers
|upkeep
|turn|14
|
|t:|1743890763
|move|p2a: Garganacl|Protect|p2a: Garganacl
|-singleturn|p2a: Garganacl|Protect
|move|p1a: Torkoal|Rapid Spin|p2a: Garganacl
|-activate|p2a: Garganacl|move: Protect
|
|-weather|SunnyDay|[upkeep]
|-heal|p2a: Garganacl|57/100|[from] item: Leftovers
|upkeep
|turn|15
|
|t:|1743890768
|move|p2a: Garganacl|Salt Cure|p1a: Torkoal
|-supereffective|p1a: Torkoal
|-damage|p1a: Torkoal|29/100
|-start|p1a: Torkoal|Salt Cure
|move|p1a: Torkoal|Rapid Spin|p2a: Garganacl
|-resisted|p2a: Garganacl
|-damage|p2a: Garganacl|54/100
|-boost|p1a: Torkoal|spe|1
|-sideend|p1: teamskullenoxa|Stealth Rock|[from] move: Rapid Spin|[of] p1a: Torkoal
|
|-weather|SunnyDay|[upkeep]
|-heal|p2a: Garganacl|60/100|[from] item: Leftovers
|-damage|p1a: Torkoal|17/100|[from] Salt Cure
|upkeep
|turn|16
|
|t:|1743890772
|move|p1a: Torkoal|Body Press|p2a: Garganacl
|-supereffective|p2a: Garganacl
|-damage|p2a: Garganacl|28/100
|move|p2a: Garganacl|Recover|p2a: Garganacl
|-heal|p2a: Garganacl|78/100
|
|-weather|SunnyDay|[upkeep]
|-heal|p2a: Garganacl|84/100|[from] item: Leftovers
|-damage|p1a: Torkoal|5/100|[from] Salt Cure
|upkeep
|turn|17
|
|t:|1743890783
|switch|p1a: Walking Wake|Walking Wake|100/100
|-activate|p1a: Walking Wake|ability: Protosynthesis
|-start|p1a: Walking Wake|protosynthesisspa
|move|p2a: Garganacl|Stealth Rock|p1a: Walking Wake
|-sidestart|p1: teamskullenoxa|move: Stealth Rock
|
|-weather|SunnyDay|[upkeep]
|-heal|p2a: Garganacl|90/100|[from] item: Leftovers
|upkeep
|turn|18
|
|t:|1743890786
|move|p2a: Garganacl|Protect|p2a: Garganacl
|-singleturn|p2a: Garganacl|Protect
|move|p1a: Walking Wake|Hydro Steam|p2a: Garganacl
|-activate|p2a: Garganacl|move: Protect
|
|-weather|SunnyDay|[upkeep]
|-heal|p2a: Garganacl|96/100|[from] item: Leftovers
|upkeep
|turn|19
|
|t:|1743890789
|switch|p2a: Slowking|Slowking-Galar, F|60/100 par
|-terastallize|p1a: Walking Wake|Water
|move|p1a: Walking Wake|Hydro Steam|p2a: Slowking
|-damage|p2a: Slowking|7/100 par
|
|-weather|none
|-end|p1a: Walking Wake|Protosynthesis
|upkeep
|turn|20
|
|t:|1743890792
|move|p1a: Walking Wake|Hydro Steam|p2a: Slowking
|-damage|p2a: Slowking|0 fnt
|faint|p2a: Slowking
|
|upkeep
|
|t:|1743890794
|switch|p2a: Garganacl|Garganacl, M|96/100
|turn|21
|
|t:|1743890806
|-end|p1a: Walking Wake|Protosynthesis|[silent]
|switch|p1a: Torkoal|Torkoal, F|5/100
|-damage|p1a: Torkoal|0 fnt|[from] Stealth Rock
|faint|p1a: Torkoal
|move|p2a: Garganacl|Protect||[still]
|-fail|p2a: Garganacl
|
|-heal|p2a: Garganacl|100/100|[from] item: Leftovers
|upkeep
|
|t:|1743890813
|switch|p1a: Lilligant|Lilligant-Hisui, F|100/100
|-damage|p1a: Lilligant|94/100|[from] Stealth Rock
|turn|22
|
|t:|1743890818
|-terastallize|p2a: Garganacl|Fairy
|move|p1a: Lilligant|Close Combat|p2a: Garganacl
|-resisted|p2a: Garganacl
|-damage|p2a: Garganacl|81/100
|-unboost|p1a: Lilligant|def|1
|-unboost|p1a: Lilligant|spd|1
|move|p2a: Garganacl|Salt Cure|p1a: Lilligant
|-resisted|p1a: Lilligant
|-damage|p1a: Lilligant|81/100
|-start|p1a: Lilligant|Salt Cure
|
|-heal|p2a: Garganacl|87/100|[from] item: Leftovers
|-damage|p1a: Lilligant|69/100|[from] Salt Cure
|upkeep
|turn|23
|
|t:|1743890836
|move|p1a: Lilligant|Victory Dance|p1a: Lilligant
|-boost|p1a: Lilligant|atk|1
|-boost|p1a: Lilligant|def|1
|-boost|p1a: Lilligant|spe|1
|move|p2a: Garganacl|Salt Cure|p1a: Lilligant
|-resisted|p1a: Lilligant
|-crit|p1a: Lilligant
|-damage|p1a: Lilligant|54/100
|
|-heal|p2a: Garganacl|94/100|[from] item: Leftovers
|-damage|p1a: Lilligant|41/100|[from] Salt Cure
|upkeep
|turn|24
|
|t:|1743890851
|switch|p2a: Corviknight|Corviknight, M|90/100
|-ability|p2a: Corviknight|Pressure
|move|p1a: Lilligant|Victory Dance|p1a: Lilligant
|-boost|p1a: Lilligant|atk|1
|-boost|p1a: Lilligant|def|1
|-boost|p1a: Lilligant|spe|1
|
|-damage|p1a: Lilligant|29/100|[from] Salt Cure
|upkeep
|turn|25
|
|t:|1743890856
|move|p1a: Lilligant|Close Combat|p2a: Corviknight
|-damage|p2a: Corviknight|18/100
|-unboost|p1a: Lilligant|def|1
|-unboost|p1a: Lilligant|spd|1
|move|p2a: Corviknight|Roost|p2a: Corviknight
|-heal|p2a: Corviknight|68/100
|-singleturn|p2a: Corviknight|move: Roost
|
|-damage|p1a: Lilligant|16/100|[from] Salt Cure
|upkeep
|turn|26
|
|t:|1743890861
|switch|p2a: Weezing|Weezing-Galar, F|100/100
|-ability|p2a: Weezing|Neutralizing Gas
|move|p1a: Lilligant|Triple Axel|p2a: Weezing
|-damage|p2a: Weezing|92/100
|-hitcount|p2a: Weezing|1
|
|-damage|p1a: Lilligant|4/100|[from] Salt Cure
|upkeep
|turn|27
|
|t:|1743890864
|-end|p2a: Weezing|ability: Neutralizing Gas
|switch|p2a: Corviknight|Corviknight, M|68/100
|-ability|p2a: Corviknight|Pressure
|move|p1a: Lilligant|Triple Axel|p2a: Corviknight
|-damage|p2a: Corviknight|60/100
|-damage|p2a: Corviknight|46/100
|-damage|p2a: Corviknight|22/100
|-hitcount|p2a: Corviknight|3
|
|-damage|p1a: Lilligant|0 fnt|[from] Salt Cure
|faint|p1a: Lilligant
|upkeep
|
|t:|1743890886
|switch|p1a: Typhlosion|Typhlosion-Hisui, F|100/100
|-damage|p1a: Typhlosion|76/100|[from] Stealth Rock
|turn|28
|
|t:|1743890891
|switch|p2a: Garganacl|Garganacl, M, tera:Fairy|94/100
|move|p1a: Typhlosion|Eruption|p2a: Garganacl
|-damage|p2a: Garganacl|56/100
|
|-heal|p2a: Garganacl|62/100|[from] item: Leftovers
|upkeep
|turn|29
|
|t:|1743890894
|move|p1a: Typhlosion|Eruption|p2a: Garganacl
|-damage|p2a: Garganacl|23/100
|move|p2a: Garganacl|Recover|p2a: Garganacl
|-heal|p2a: Garganacl|73/100
|
|-heal|p2a: Garganacl|79/100|[from] item: Leftovers
|upkeep
|turn|30
|
|t:|1743890898
|move|p2a: Garganacl|Protect|p2a: Garganacl
|-singleturn|p2a: Garganacl|Protect
|move|p1a: Typhlosion|Eruption|p2a: Garganacl
|-activate|p2a: Garganacl|move: Protect
|
|-heal|p2a: Garganacl|86/100|[from] item: Leftovers
|upkeep
|turn|31
|
|t:|1743890905
|move|p1a: Typhlosion|Eruption|p2a: Garganacl
|-damage|p2a: Garganacl|46/100
|move|p2a: Garganacl|Recover|p2a: Garganacl
|-heal|p2a: Garganacl|96/100
|
|-heal|p2a: Garganacl|100/100|[from] item: Leftovers
|upkeep
|turn|32
|
|t:|1743890911
|move|p1a: Typhlosion|Eruption|p2a: Garganacl
|-damage|p2a: Garganacl|62/100
|move|p2a: Garganacl|Salt Cure|p1a: Typhlosion
|-supereffective|p1a: Typhlosion
|-damage|p1a: Typhlosion|37/100
|-start|p1a: Typhlosion|Salt Cure
|
|-heal|p2a: Garganacl|68/100|[from] item: Leftovers
|-damage|p1a: Typhlosion|25/100|[from] Salt Cure
|upkeep
|turn|33
|
|t:|1743890915
|switch|p1a: Landorus|Landorus-Therian, M|84/100
|-damage|p1a: Landorus|72/100|[from] Stealth Rock
|-ability|p1a: Landorus|Intimidate|boost
|-unboost|p2a: Garganacl|atk|1
|move|p2a: Garganacl|Protect||[still]
|-fail|p2a: Garganacl
|
|-heal|p2a: Garganacl|74/100|[from] item: Leftovers
|upkeep
|turn|34
|
|t:|1743890920
|move|p2a: Garganacl|Protect|p2a: Garganacl
|-singleturn|p2a: Garganacl|Protect
|move|p1a: Landorus|Earthquake|p2a: Garganacl
|-activate|p2a: Garganacl|move: Protect
|
|-heal|p2a: Garganacl|80/100|[from] item: Leftovers
|upkeep
|turn|35
|
|t:|1743890924
|move|p1a: Landorus|Earthquake|p2a: Garganacl
|-damage|p2a: Garganacl|42/100
|move|p2a: Garganacl|Salt Cure|p1a: Landorus
|-damage|p1a: Landorus|61/100
|-start|p1a: Landorus|Salt Cure
|
|-heal|p2a: Garganacl|48/100|[from] item: Leftovers
|-damage|p1a: Landorus|48/100|[from] Salt Cure
|upkeep
|turn|36
|
|t:|1743890935
|move|p1a: Landorus|Earthquake|p2a: Garganacl
|-damage|p2a: Garganacl|15/100
|move|p2a: Garganacl|Recover|p2a: Garganacl
|-heal|p2a: Garganacl|65/100
|
|-heal|p2a: Garganacl|71/100|[from] item: Leftovers
|-damage|p1a: Landorus|36/100|[from] Salt Cure
|upkeep
|turn|37
|j| Zapdos135
|
|t:|1743890940
|switch|p1a: Typhlosion|Typhlosion-Hisui, F|25/100
|-damage|p1a: Typhlosion|0 fnt|[from] Stealth Rock
|faint|p1a: Typhlosion
|move|p2a: Garganacl|Protect||[still]
|-fail|p2a: Garganacl
|
|-heal|p2a: Garganacl|77/100|[from] item: Leftovers
|upkeep
|
|t:|1743890951
|switch|p1a: Walking Wake|Walking Wake, tera:Water|100/100
|-damage|p1a: Walking Wake|88/100|[from] Stealth Rock
|turn|38
|
|t:|1743890955
|move|p2a: Garganacl|Protect|p2a: Garganacl
|-singleturn|p2a: Garganacl|Protect
|move|p1a: Walking Wake|Hydro Steam|p2a: Garganacl
|-activate|p2a: Garganacl|move: Protect
|
|-heal|p2a: Garganacl|83/100|[from] item: Leftovers
|upkeep
|turn|39
|
|t:|1743890965
|switch|p2a: Weezing|Weezing-Galar, F|92/100
|-ability|p2a: Weezing|Neutralizing Gas
|move|p1a: Walking Wake|Hydro Steam|p2a: Weezing
|-damage|p2a: Weezing|6/100
|
|upkeep
|turn|40
|
|t:|1743890967
|move|p1a: Walking Wake|Hydro Steam|p2a: Weezing
|-damage|p2a: Weezing|0 fnt
|faint|p2a: Weezing
|-end|p2a: Weezing|ability: Neutralizing Gas
|
|upkeep
|
|t:|1743890971
|switch|p2a: Dragapult|Dragapult, M|100/100
|turn|41
|
|t:|1743890983
|move|p1a: Walking Wake|Hydro Steam|p2a: Dragapult
|-resisted|p2a: Dragapult
|-damage|p2a: Dragapult|53/100
|move|p2a: Dragapult|Dragon Darts|p1a: Walking Wake
|-damage|p1a: Walking Wake|59/100
|-anim|p2a: Dragapult|Dragon Darts|p1a: Walking Wake
|-damage|p1a: Walking Wake|33/100
|
|upkeep
|turn|42
|
|t:|1743890991
|move|p1a: Walking Wake|Hydro Steam|p2a: Dragapult
|-resisted|p2a: Dragapult
|-damage|p2a: Dragapult|6/100
|move|p2a: Dragapult|Dragon Darts|p1a: Walking Wake
|-damage|p1a: Walking Wake|6/100
|-anim|p2a: Dragapult|Dragon Darts|p1a: Walking Wake
|-damage|p1a: Walking Wake|0 fnt
|faint|p1a: Walking Wake
|-end|p1a: Walking Wake|Protosynthesis|[silent]
|
|upkeep
|
|t:|1743890993
|switch|p1a: Landorus|Landorus-Therian, M|36/100
|-damage|p1a: Landorus|24/100|[from] Stealth Rock
|-ability|p1a: Landorus|Intimidate|boost
|-unboost|p2a: Dragapult|atk|1
|turn|43
|
|t:|1743890997
|move|p1a: Landorus|Stone Edge|p2a: Dragapult
|-damage|p2a: Dragapult|0 fnt
|faint|p2a: Dragapult
|
|upkeep
|
|t:|1743891000
|switch|p2a: Corviknight|Corviknight, M|22/100
|-ability|p2a: Corviknight|Pressure
|turn|44
|
|t:|1743891001
|move|p1a: Landorus|Stone Edge|p2a: Corviknight|[miss]
|-miss|p1a: Landorus|p2a: Corviknight
|move|p2a: Corviknight|Roost|p2a: Corviknight
|-heal|p2a: Corviknight|72/100
|-singleturn|p2a: Corviknight|move: Roost
|
|upkeep
|turn|45
|
|t:|1743891003
|move|p1a: Landorus|Stone Edge|p2a: Corviknight
|-damage|p2a: Corviknight|48/100
|move|p2a: Corviknight|Brave Bird|p1a: Landorus
|-damage|p1a: Landorus|0 fnt
|faint|p1a: Landorus
|-damage|p2a: Corviknight|42/100|[from] Recoil
|
|win|Lucwasz
|raw|teamskullenoxa's rating: 1766 &rarr; <strong>1741</strong><br />(-25 for losing)
|raw|Lucwasz's rating: 1680 &rarr; <strong>1705</strong><br />(+25 for winning)
|l|☆teamskullenoxa
|player|p1|
|l|☆Lucwasz
|player|p2|
