|j|☆mansonabuluting
|j|☆2(H2O)-Alt
|t:|1743883783
|gametype|singles
|player|p1|mansonabuluting|101|1696
|player|p2|2(H2O)-Alt|chase|1695
|teamsize|p1|6
|teamsize|p2|6
|gen|9
|tier|[Gen 9] OU
|rated|
|rule|HP Percentage Mod: HP is shown in percentages
|rule|Endless Battle Clause: Forcing endless battles is banned
|rule|Species Clause: Limit one of each Pokémon
|rule|OHKO Clause: OHKO moves are banned
|rule|Evasion Items Clause: Evasion items are banned
|rule|Evasion Moves Clause: Evasion moves are banned
|rule|Sleep Moves Clause: Sleep-inducing moves are banned
|clearpoke
|poke|p1|Volcanion|
|poke|p1|Rillaboom, F|
|poke|p1|Hawlucha, M|
|poke|p1|Goodra-Hisui, F|
|poke|p1|Thundurus-Therian, M|
|poke|p1|Great Tusk|
|poke|p2|Kingambit, M|
|poke|p2|Weavile, M|
|poke|p2|Zapdos|
|poke|p2|Samurott-Hisui, M|
|poke|p2|Slowking-Galar, M|
|poke|p2|Landorus-Therian, M|
|teampreview
|inactive|Battle timer is ON: inactive players will automatically lose when time's up. (requested by 2(H2O)-Alt)
|
|t:|1743883793
|start
|switch|p1a: Thundurus|Thundurus-Therian, M|100/100
|switch|p2a: Slowking|Slowking-Galar, M|100/100
|turn|1
|
|t:|1743883803
|move|p1a: Thundurus|Volt Switch|p2a: Slowking
|-damage|p2a: Slowking|76/100
|
|t:|1743883807
|switch|p1a: Rillaboom|Rillaboom, F|100/100|[from] Volt Switch
|-fieldstart|move: Grassy Terrain|[from] ability: Grassy Surge|[of] p1a: Rillaboom
|-prepare|p2a: Slowking|Chilly Reception|[premajor]
|move|p2a: Slowking|Chilly Reception|p2a: Slowking
|-weather|Snowscape
|
|t:|1743883815
|switch|p2a: Zapdos|Zapdos|100/100|[from] Chilly Reception
|
|-weather|Snowscape|[upkeep]
|upkeep
|turn|2
|
|t:|1743883821
|switch|p1a: Goodra|Goodra-Hisui, F|100/100
|move|p2a: Zapdos|Hurricane|p1a: Goodra|[miss]
|-miss|p2a: Zapdos|p1a: Goodra
|
|-weather|Snowscape|[upkeep]
|upkeep
|turn|3
|
|t:|1743883828
|move|p2a: Zapdos|Volt Switch|p1a: Goodra
|-resisted|p1a: Goodra
|-damage|p1a: Goodra|94/100
|
|t:|1743883832
|switch|p2a: Slowking|Slowking-Galar, M|100/100|[from] Volt Switch
|move|p1a: Goodra|Draco Meteor|p2a: Slowking
|-damage|p2a: Slowking|60/100
|-unboost|p1a: Goodra|spa|2
|
|-weather|Snowscape|[upkeep]
|-heal|p1a: Goodra|99/100|[from] Grassy Terrain
|-heal|p2a: Slowking|66/100|[from] Grassy Terrain
|upkeep
|turn|4
|
|t:|1743883855
|switch|p1a: Volcanion|Volcanion|100/100
|-prepare|p2a: Slowking|Chilly Reception|[premajor]
|move|p2a: Slowking|Chilly Reception|p2a: Slowking
|
|t:|1743883857
|switch|p2a: Zapdos|Zapdos|100/100|[from] Chilly Reception
|
|-weather|Snowscape|[upkeep]
|upkeep
|turn|5
|
|t:|1743883877
|switch|p1a: Goodra|Goodra-Hisui, F|99/100
|move|p2a: Zapdos|Thunder Wave|p1a: Goodra|[miss]
|-miss|p2a: Zapdos|p1a: Goodra
|
|-weather|none
|-heal|p1a: Goodra|100/100|[from] Grassy Terrain
|-fieldend|move: Grassy Terrain
|upkeep
|turn|6
|
|t:|1743883885
|move|p2a: Zapdos|Thunder Wave|p1a: Goodra
|-status|p1a: Goodra|par
|move|p1a: Goodra|Draco Meteor|p2a: Zapdos|[miss]
|-miss|p1a: Goodra|p2a: Zapdos
|
|upkeep
|turn|7
|
|t:|1743883891
|switch|p2a: Slowking|Slowking-Galar, M|99/100
|switch|p1a: Thundurus|Thundurus-Therian, M|100/100
|
|upkeep
|turn|8
|
|t:|1743883896
|move|p1a: Thundurus|Volt Switch|p2a: Slowking
|-damage|p2a: Slowking|76/100
|
|t:|1743883898
|switch|p1a: Rillaboom|Rillaboom, F|100/100|[from] Volt Switch
|-fieldstart|move: Grassy Terrain|[from] ability: Grassy Surge|[of] p1a: Rillaboom
|-prepare|p2a: Slowking|Chilly Reception|[premajor]
|move|p2a: Slowking|Chilly Reception|p2a: Slowking
|-weather|Snowscape
|
|t:|1743883902
|switch|p2a: Zapdos|Zapdos|100/100|[from] Chilly Reception
|
|-weather|Snowscape|[upkeep]
|upkeep
|turn|9
|j| lowladder alter
|inactive|mansonabuluting has 120 seconds left.
|
|t:|1743883934
|switch|p1a: Thundurus|Thundurus-Therian, M|100/100
|move|p2a: Zapdos|Hurricane|p1a: Thundurus
|-resisted|p1a: Thundurus
|-damage|p1a: Thundurus|70/100
|
|-weather|Snowscape|[upkeep]
|upkeep
|turn|10
|l| lowladder alter
|
|t:|1743883943
|switch|p2a: Slowking|Slowking-Galar, M|100/100
|move|p1a: Thundurus|Volt Switch|p2a: Slowking
|-damage|p2a: Slowking|77/100
|inactive|mansonabuluting has 120 seconds left.
|
|t:|1743883964
|switch|p1a: Volcanion|Volcanion|100/100|[from] Volt Switch
|
|-weather|Snowscape|[upkeep]
|-heal|p2a: Slowking|83/100|[from] Grassy Terrain
|upkeep
|turn|11
|inactive|mansonabuluting has 120 seconds left.
|
|t:|1743883969
|move|p1a: Volcanion|Steam Eruption|p2a: Slowking
|-damage|p2a: Slowking|29/100
|-prepare|p2a: Slowking|Chilly Reception|[premajor]
|move|p2a: Slowking|Chilly Reception|p2a: Slowking
|
|t:|1743883975
|switch|p2a: Samurott|Samurott-Hisui, M|100/100|[from] Chilly Reception
|
|-weather|Snowscape|[upkeep]
|upkeep
|turn|12
|inactive|mansonabuluting has 120 seconds left.
|
|t:|1743884002
|move|p2a: Samurott|Knock Off|p1a: Volcanion
|-damage|p1a: Volcanion|67/100
|-enditem|p1a: Volcanion|Choice Specs|[from] move: Knock Off|[of] p2a: Samurott
|move|p1a: Volcanion|Steam Eruption|p2a: Samurott
|-resisted|p2a: Samurott
|-damage|p2a: Samurott|57/100
|
|-weather|none
|-heal|p2a: Samurott|63/100|[from] Grassy Terrain
|-heal|p1a: Volcanion|73/100|[from] Grassy Terrain
|-fieldend|move: Grassy Terrain
|upkeep
|turn|13
|
|t:|1743884008
|move|p2a: Samurott|Ceaseless Edge|p1a: Volcanion
|-damage|p1a: Volcanion|36/100
|-sidestart|p1: mansonabuluting|Spikes
|move|p1a: Volcanion|Earth Power|p2a: Samurott
|-damage|p2a: Samurott|22/100
|
|upkeep
|turn|14
|
|t:|1743884013
|move|p2a: Samurott|Ceaseless Edge|p1a: Volcanion
|-damage|p1a: Volcanion|1/100
|-sidestart|p1: mansonabuluting|Spikes
|move|p1a: Volcanion|Earth Power|p2a: Samurott
|-damage|p2a: Samurott|0 fnt
|faint|p2a: Samurott
|
|upkeep
|
|t:|1743884018
|switch|p2a: Weavile|Weavile, M|100/100
|-ability|p2a: Weavile|Pressure
|turn|15
|
|t:|1743884024
|move|p2a: Weavile|Knock Off|p1a: Volcanion
|-damage|p1a: Volcanion|0 fnt
|faint|p1a: Volcanion
|
|upkeep
|
|t:|1743884043
|switch|p1a: Rillaboom|Rillaboom, F|100/100
|-damage|p1a: Rillaboom|84/100|[from] Spikes
|-fieldstart|move: Grassy Terrain|[from] ability: Grassy Surge|[of] p1a: Rillaboom
|turn|16
|
|t:|1743884046
|switch|p2a: Zapdos|Zapdos|100/100
|move|p1a: Rillaboom|Grassy Glide|p2a: Zapdos
|-resisted|p2a: Zapdos
|-damage|p2a: Zapdos|78/100
|-status|p1a: Rillaboom|par|[from] ability: Static|[of] p2a: Zapdos
|
|-heal|p1a: Rillaboom|90/100 par|[from] Grassy Terrain
|upkeep
|turn|17
|
|t:|1743884053
|switch|p2a: Weavile|Weavile, M|100/100
|-ability|p2a: Weavile|Pressure
|switch|p1a: Thundurus|Thundurus-Therian, M|70/100
|
|upkeep
|turn|18
|
|t:|1743884058
|move|p1a: Thundurus|Volt Switch|p2a: Weavile
|-damage|p2a: Weavile|36/100
|j| killabyss
|
|t:|1743884068
|switch|p1a: Great Tusk|Great Tusk|100/100|[from] Volt Switch
|-damage|p1a: Great Tusk|84/100|[from] Spikes
|move|p2a: Weavile|Icicle Crash|p1a: Great Tusk
|-supereffective|p1a: Great Tusk
|-damage|p1a: Great Tusk|46/100
|
|-heal|p2a: Weavile|42/100|[from] Grassy Terrain
|-heal|p1a: Great Tusk|52/100|[from] Grassy Terrain
|upkeep
|turn|19
|l| killabyss
|
|t:|1743884078
|switch|p2a: Landorus|Landorus-Therian, M|100/100
|-ability|p2a: Landorus|Intimidate|boost
|-unboost|p1a: Great Tusk|atk|1
|move|p1a: Great Tusk|Headlong Rush|p2a: Landorus
|-immune|p2a: Landorus
|
|-heal|p1a: Great Tusk|58/100|[from] Grassy Terrain
|upkeep
|turn|20
|
|t:|1743884085
|switch|p2a: Zapdos|Zapdos|78/100
|move|p1a: Great Tusk|Rapid Spin|p2a: Zapdos
|-damage|p2a: Zapdos|71/100
|-boost|p1a: Great Tusk|spe|1
|-status|p1a: Great Tusk|par|[from] ability: Static|[of] p2a: Zapdos
|-sideend|p1: mansonabuluting|Spikes|[from] move: Rapid Spin|[of] p1a: Great Tusk
|
|-heal|p1a: Great Tusk|65/100 par|[from] Grassy Terrain
|-fieldend|move: Grassy Terrain
|upkeep
|turn|21
|
|t:|1743884095
|-end|p1a: Great Tusk|Protosynthesis|[silent]
|switch|p1a: Thundurus|Thundurus-Therian, M|70/100
|move|p2a: Zapdos|Roost|p2a: Zapdos
|-heal|p2a: Zapdos|100/100
|-singleturn|p2a: Zapdos|move: Roost
|
|upkeep
|turn|22
|
|t:|1743884102
|move|p1a: Thundurus|Volt Switch|p2a: Zapdos
|-damage|p2a: Zapdos|57/100
|
|t:|1743884105
|switch|p1a: Goodra|Goodra-Hisui, F|100/100 par|[from] Volt Switch
|move|p2a: Zapdos|Roost|p2a: Zapdos
|-heal|p2a: Zapdos|100/100
|-singleturn|p2a: Zapdos|move: Roost
|
|upkeep
|turn|23
|
|t:|1743884108
|move|p2a: Zapdos|Volt Switch|p1a: Goodra
|-resisted|p1a: Goodra
|-damage|p1a: Goodra|93/100 par
|
|t:|1743884119
|switch|p2a: Slowking|Slowking-Galar, M|62/100|[from] Volt Switch
|move|p1a: Goodra|Draco Meteor|p2a: Slowking
|-damage|p2a: Slowking|23/100
|-unboost|p1a: Goodra|spa|2
|
|upkeep
|turn|24
|
|t:|1743884126
|switch|p2a: Landorus|Landorus-Therian, M|100/100
|-ability|p2a: Landorus|Intimidate|boost
|-unboost|p1a: Goodra|atk|1
|switch|p1a: Rillaboom|Rillaboom, F|90/100 par
|-fieldstart|move: Grassy Terrain|[from] ability: Grassy Surge|[of] p1a: Rillaboom
|
|-heal|p1a: Rillaboom|96/100 par|[from] Grassy Terrain
|upkeep
|turn|25
|
|t:|1743884133
|move|p2a: Landorus|U-turn|p1a: Rillaboom
|-supereffective|p1a: Rillaboom
|-damage|p1a: Rillaboom|57/100 par
|
|t:|1743884137
|switch|p2a: Zapdos|Zapdos|100/100|[from] U-turn
|move|p1a: Rillaboom|Wood Hammer|p2a: Zapdos
|-resisted|p2a: Zapdos
|-damage|p2a: Zapdos|52/100
|-damage|p1a: Rillaboom|41/100 par|[from] Recoil
|
|-heal|p1a: Rillaboom|47/100 par|[from] Grassy Terrain
|upkeep
|turn|26
|
|t:|1743884144
|move|p2a: Zapdos|Hurricane|p1a: Rillaboom
|-supereffective|p1a: Rillaboom
|-damage|p1a: Rillaboom|0 fnt
|faint|p1a: Rillaboom
|
|upkeep
|
|t:|1743884149
|switch|p1a: Goodra|Goodra-Hisui, F|93/100 par
|turn|27
|
|t:|1743884155
|move|p2a: Zapdos|Roost|p2a: Zapdos
|-heal|p2a: Zapdos|100/100
|-singleturn|p2a: Zapdos|move: Roost
|move|p1a: Goodra|Draco Meteor|p2a: Zapdos
|-damage|p2a: Zapdos|32/100
|-unboost|p1a: Goodra|spa|2
|
|-heal|p2a: Zapdos|38/100|[from] Grassy Terrain
|-heal|p1a: Goodra|99/100 par|[from] Grassy Terrain
|upkeep
|turn|28
|
|t:|1743884162
|switch|p1a: Great Tusk|Great Tusk|65/100 par
|move|p2a: Zapdos|Roost|p2a: Zapdos
|-heal|p2a: Zapdos|88/100
|-singleturn|p2a: Zapdos|move: Roost
|
|-heal|p2a: Zapdos|94/100|[from] Grassy Terrain
|-heal|p1a: Great Tusk|71/100 par|[from] Grassy Terrain
|-fieldend|move: Grassy Terrain
|upkeep
|turn|29
|
|t:|1743884165
|-end|p1a: Great Tusk|Protosynthesis|[silent]
|switch|p1a: Thundurus|Thundurus-Therian, M|70/100
|move|p2a: Zapdos|Hurricane|p1a: Thundurus
|-resisted|p1a: Thundurus
|-damage|p1a: Thundurus|37/100
|-start|p1a: Thundurus|confusion
|
|upkeep
|turn|30
|
|t:|1743884169
|switch|p2a: Landorus|Landorus-Therian, M|100/100
|-ability|p2a: Landorus|Intimidate|boost
|-unboost|p1a: Thundurus|atk|1
|-activate|p1a: Thundurus|confusion
|move|p1a: Thundurus|Volt Switch|p2a: Landorus
|-immune|p2a: Landorus
|
|upkeep
|turn|31
|
|t:|1743884173
|switch|p1a: Hawlucha|Hawlucha, M|100/100
|move|p2a: Landorus|U-turn|p1a: Hawlucha
|-resisted|p1a: Hawlucha
|-damage|p1a: Hawlucha|94/100
|
|t:|1743884175
|switch|p2a: Slowking|Slowking-Galar, M|56/100|[from] U-turn
|
|upkeep
|turn|32
|
|t:|1743884180
|switch|p1a: Goodra|Goodra-Hisui, F|99/100 par
|switch|p2a: Zapdos|Zapdos|94/100
|
|upkeep
|turn|33
|
|t:|1743884189
|switch|p2a: Slowking|Slowking-Galar, M|90/100
|move|p1a: Goodra|Draco Meteor|p2a: Slowking
|-damage|p2a: Slowking|51/100
|-unboost|p1a: Goodra|spa|2
|
|upkeep
|turn|34
|
|t:|1743884204
|switch|p1a: Hawlucha|Hawlucha, M|94/100
|-prepare|p2a: Slowking|Chilly Reception|[premajor]
|move|p2a: Slowking|Chilly Reception|p2a: Slowking
|-weather|Snowscape
|
|t:|1743884219
|switch|p2a: Zapdos|Zapdos|94/100|[from] Chilly Reception
|
|-weather|Snowscape|[upkeep]
|upkeep
|turn|35
|
|t:|1743884228
|switch|p1a: Goodra|Goodra-Hisui, F|99/100 par
|move|p2a: Zapdos|Hurricane|p1a: Goodra|[miss]
|-miss|p2a: Zapdos|p1a: Goodra
|
|-weather|Snowscape|[upkeep]
|upkeep
|turn|36
|
|t:|1743884239
|move|p2a: Zapdos|Hurricane|p1a: Goodra|[miss]
|-miss|p2a: Zapdos|p1a: Goodra
|move|p1a: Goodra|Flamethrower|p2a: Zapdos
|-damage|p2a: Zapdos|63/100
|
|-weather|Snowscape|[upkeep]
|upkeep
|turn|37
|
|t:|1743884258
|switch|p2a: Landorus|Landorus-Therian, M|100/100
|-ability|p2a: Landorus|Intimidate|boost
|-unboost|p1a: Goodra|atk|1
|cant|p1a: Goodra|par
|
|-weather|Snowscape|[upkeep]
|upkeep
|turn|38
|
|t:|1743884266
|switch|p1a: Hawlucha|Hawlucha, M|94/100
|move|p2a: Landorus|Stone Edge|p1a: Hawlucha
|-damage|p1a: Hawlucha|54/100
|
|-weather|none
|upkeep
|turn|39
|
|t:|1743884276
|move|p2a: Landorus|Stone Edge|p1a: Hawlucha
|-damage|p1a: Hawlucha|15/100
|move|p1a: Hawlucha|Acrobatics|p2a: Landorus
|-damage|p2a: Landorus|77/100
|-damage|p1a: Hawlucha|0 fnt|[from] item: Rocky Helmet|[of] p2a: Landorus
|faint|p1a: Hawlucha
|
|upkeep
|
|t:|1743884280
|switch|p1a: Thundurus|Thundurus-Therian, M|37/100
|turn|40
|
|t:|1743884289
|switch|p2a: Slowking|Slowking-Galar, M|84/100
|-terastallize|p1a: Thundurus|Flying
|move|p1a: Thundurus|Tera Blast|p2a: Slowking|[anim] Tera Blast Flying
|-damage|p2a: Slowking|44/100
|
|upkeep
|turn|41
|
|t:|1743884315
|switch|p2a: Zapdos|Zapdos|63/100
|move|p1a: Thundurus|Tera Blast|p2a: Zapdos|[anim] Tera Blast Flying
|-resisted|p2a: Zapdos
|-damage|p2a: Zapdos|33/100
|
|upkeep
|turn|42
|
|t:|1743884321
|move|p1a: Thundurus|Tera Blast|p2a: Zapdos|[anim] Tera Blast Flying
|-resisted|p2a: Zapdos
|-damage|p2a: Zapdos|0 fnt
|faint|p2a: Zapdos
|
|upkeep
|
|t:|1743884326
|switch|p2a: Weavile|Weavile, M|42/100
|-ability|p2a: Weavile|Pressure
|turn|43
|
|t:|1743884331
|switch|p1a: Goodra|Goodra-Hisui, F|99/100 par
|move|p2a: Weavile|Ice Shard|p1a: Goodra
|-crit|p1a: Goodra
|-damage|p1a: Goodra|72/100 par
|
|upkeep
|turn|44
|
|t:|1743884339
|switch|p2a: Slowking|Slowking-Galar, M|77/100
|move|p1a: Goodra|Flash Cannon|p2a: Slowking
|-damage|p2a: Slowking|52/100
|
|upkeep
|turn|45
|
|t:|1743884345
|switch|p1a: Great Tusk|Great Tusk|71/100 par
|-prepare|p2a: Slowking|Chilly Reception|[premajor]
|move|p2a: Slowking|Chilly Reception|p2a: Slowking
|-weather|Snowscape
|
|t:|1743884348
|switch|p2a: Weavile|Weavile, M|42/100|[from] Chilly Reception
|-ability|p2a: Weavile|Pressure
|
|-weather|Snowscape|[upkeep]
|upkeep
|turn|46
|
|t:|1743884351
|move|p2a: Weavile|Icicle Crash|p1a: Great Tusk
|-supereffective|p1a: Great Tusk
|-damage|p1a: Great Tusk|31/100 par
|move|p1a: Great Tusk|Headlong Rush|p2a: Weavile
|-damage|p2a: Weavile|0 fnt
|-unboost|p1a: Great Tusk|def|1
|-unboost|p1a: Great Tusk|spd|1
|faint|p2a: Weavile
|
|-weather|Snowscape|[upkeep]
|upkeep
|
|t:|1743884358
|switch|p2a: Kingambit|Kingambit, M|100/100
|-activate|p2a: Kingambit|ability: Supreme Overlord
|-start|p2a: Kingambit|fallen3|[silent]
|turn|47
|
|t:|1743884369
|move|p2a: Kingambit|Iron Head|p1a: Great Tusk
|-damage|p1a: Great Tusk|0 fnt
|-damage|p2a: Kingambit|84/100|[from] item: Rocky Helmet|[of] p1a: Great Tusk
|faint|p1a: Great Tusk
|-end|p1a: Great Tusk|Protosynthesis|[silent]
|
|-weather|Snowscape|[upkeep]
|upkeep
|
|t:|1743884374
|switch|p1a: Goodra|Goodra-Hisui, F|72/100 par
|turn|48
|
|t:|1743884384
|-end|p2a: Kingambit|fallen3|[silent]
|switch|p2a: Slowking|Slowking-Galar, M|85/100
|move|p1a: Goodra|Flamethrower|p2a: Slowking
|-damage|p2a: Slowking|65/100
|
|-weather|Snowscape|[upkeep]
|upkeep
|turn|49
|
|t:|1743884392
|-prepare|p2a: Slowking|Chilly Reception|[premajor]
|move|p2a: Slowking|Chilly Reception|p2a: Slowking
|
|t:|1743884397
|switch|p2a: Landorus|Landorus-Therian, M|77/100|[from] Chilly Reception
|-ability|p2a: Landorus|Intimidate|boost
|-unboost|p1a: Goodra|atk|1
|move|p1a: Goodra|Flash Cannon|p2a: Landorus
|-damage|p2a: Landorus|35/100
|
|-weather|none
|upkeep
|turn|50
|j| lowladder alter
|
|t:|1743884405
|move|p2a: Landorus|Stone Edge|p1a: Goodra
|-resisted|p1a: Goodra
|-damage|p1a: Goodra|56/100 par
|move|p1a: Goodra|Surf|p2a: Landorus
|-supereffective|p2a: Landorus
|-crit|p2a: Landorus
|-damage|p2a: Landorus|0 fnt
|faint|p2a: Landorus
|
|upkeep
|l| lowladder alter
|
|t:|1743884411
|switch|p2a: Kingambit|Kingambit, M|84/100
|-activate|p2a: Kingambit|ability: Supreme Overlord
|-start|p2a: Kingambit|fallen4|[silent]
|turn|51
|
|t:|1743884414
|move|p2a: Kingambit|Kowtow Cleave|p1a: Goodra
|-damage|p1a: Goodra|0 fnt
|-ability|p1a: Goodra|Gooey
|-unboost|p2a: Kingambit|spe|1
|faint|p1a: Goodra
|
|upkeep
|
|t:|1743884417
|switch|p1a: Thundurus|Thundurus-Therian, M, tera:Flying|37/100
|turn|52
|
|t:|1743884422
|move|p2a: Kingambit|Sucker Punch|p1a: Thundurus
|-damage|p1a: Thundurus|0 fnt
|faint|p1a: Thundurus
|
|win|2(H2O)-Alt
|raw|mansonabuluting's rating: 1696 &rarr; <strong>1676</strong><br />(-20 for losing)
|raw|2(H2O)-Alt's rating: 1695 &rarr; <strong>1715</strong><br />(+20 for winning)
|l|☆mansonabuluting
|player|p1|
|l|☆2(H2O)-Alt
|player|p2|
