|j|☆Jeansmaster69
|j|☆boiimducky
|t:|1743864075
|gametype|singles
|player|p1|Jeansmaster69|101|1311
|player|p2|boiimducky|hugh|1336
|teamsize|p1|6
|teamsize|p2|6
|gen|9
|tier|[Gen 9] OU
|rated|
|rule|HP Percentage Mod: HP is shown in percentages
|rule|Endless Battle Clause: Forcing endless battles is banned
|rule|Species Clause: Limit one of each Pokémon
|rule|OHKO Clause: OHKO moves are banned
|rule|Evasion Items Clause: Evasion items are banned
|rule|Evasion Moves Clause: Evasion moves are banned
|rule|Sleep Moves Clause: Sleep-inducing moves are banned
|clearpoke
|poke|p1|Ninetales, F|
|poke|p1|Venusaur, M|
|poke|p1|Corviknight, M|
|poke|p1|Thundurus, M|
|poke|p1|Lilligant-Hisui, F|
|poke|p1|Latias, F|
|poke|p2|Weavile, F|
|poke|p2|Ting-Lu|
|poke|p2|Zamazenta-*|
|poke|p2|Corviknight, M|
|poke|p2|Primarina, M|
|poke|p2|Dragapult, F|
|teampreview
|inactive|Battle timer is ON: inactive players will automatically lose when time's up. (requested by Jeansmaster69)
|inactive|boiimducky has 120 seconds left.
|
|t:|1743864133
|start
|switch|p1a: Ninetales|Ninetales, F|100/100
|switch|p2a: Primarina|Primarina, M|100/100
|-weather|SunnyDay|[from] ability: Drought|[of] p1a: Ninetales
|turn|1
|
|t:|1743864148
|switch|p1a: Venusaur|Venusaur, M|100/100
|move|p2a: Primarina|Psychic Noise|p1a: Venusaur
|-supereffective|p1a: Venusaur
|-damage|p1a: Venusaur|45/100
|-start|p1a: Venusaur|move: Heal Block
|
|-weather|SunnyDay|[upkeep]
|upkeep
|turn|2
|
|t:|1743864164
|switch|p2a: Corviknight|Corviknight, M|100/100
|-ability|p2a: Corviknight|Pressure
|move|p1a: Venusaur|Sludge Bomb|p2a: Corviknight
|-immune|p2a: Corviknight
|
|-weather|SunnyDay|[upkeep]
|-end|p1a: Venusaur|move: Heal Block
|upkeep
|turn|3
|
|t:|1743864185
|switch|p2a: Ting-Lu|Ting-Lu|100/100
|-ability|p2a: Ting-Lu|Vessel of Ruin
|move|p1a: Venusaur|Growth|p1a: Venusaur
|-boost|p1a: Venusaur|atk|2
|-boost|p1a: Venusaur|spa|2
|
|-weather|SunnyDay|[upkeep]
|upkeep
|turn|4
|inactive|boiimducky has 120 seconds left.
|
|t:|1743864208
|-terastallize|p2a: Ting-Lu|Poison
|move|p1a: Venusaur|Giga Drain|p2a: Ting-Lu
|-resisted|p2a: Ting-Lu
|-damage|p2a: Ting-Lu|70/100
|-heal|p1a: Venusaur|66/100|[from] drain|[of] p2a: Ting-Lu
|-damage|p1a: Venusaur|57/100|[from] item: Life Orb
|move|p2a: Ting-Lu|Earthquake|p1a: Venusaur
|-damage|p1a: Venusaur|16/100
|
|-weather|SunnyDay|[upkeep]
|upkeep
|turn|5
|inactive|boiimducky has 120 seconds left.
|
|t:|1743864221
|move|p1a: Venusaur|Weather Ball|p2a: Ting-Lu
|-damage|p2a: Ting-Lu|0 fnt
|faint|p2a: Ting-Lu
|-damage|p1a: Venusaur|6/100|[from] item: Life Orb
|
|-weather|SunnyDay|[upkeep]
|upkeep
|
|t:|1743864226
|switch|p2a: Weavile|Weavile, F|100/100
|turn|6
|
|t:|1743864235
|switch|p1a: Corviknight|Corviknight, M|100/100
|move|p2a: Weavile|Ice Shard|p1a: Corviknight
|-damage|p1a: Corviknight|89/100
|
|-weather|SunnyDay|[upkeep]
|upkeep
|turn|7
|
|t:|1743864255
|switch|p2a: Dragapult|Dragapult, F|100/100
|move|p1a: Corviknight|U-turn|p2a: Dragapult
|-resisted|p2a: Dragapult
|-damage|p2a: Dragapult|90/100
|
|t:|1743864268
|switch|p1a: Thundurus|Thundurus, M|100/100|[from] U-turn
|
|-weather|SunnyDay|[upkeep]
|upkeep
|turn|8
|
|t:|1743864275
|switch|p2a: Corviknight|Corviknight, M|100/100
|-ability|p2a: Corviknight|Pressure
|move|p1a: Thundurus|Thunder Wave|p2a: Corviknight
|-status|p2a: Corviknight|par
|
|-weather|none
|upkeep
|turn|9
|
|t:|1743864282
|switch|p2a: Dragapult|Dragapult, F|90/100
|move|p1a: Thundurus|Sunny Day|p1a: Thundurus
|-weather|SunnyDay
|
|-weather|SunnyDay|[upkeep]
|upkeep
|turn|10
|
|t:|1743864286
|move|p1a: Thundurus|Thunder Wave|p2a: Dragapult
|-status|p2a: Dragapult|par
|move|p2a: Dragapult|Draco Meteor|p1a: Thundurus
|-damage|p1a: Thundurus|38/100
|-unboost|p2a: Dragapult|spa|2
|
|-weather|SunnyDay|[upkeep]
|upkeep
|turn|11
|
|t:|1743864292
|move|p1a: Thundurus|Volt Switch|p2a: Dragapult
|-resisted|p2a: Dragapult
|-damage|p2a: Dragapult|71/100 par
|
|t:|1743864299
|switch|p1a: Venusaur|Venusaur, M|6/100|[from] Volt Switch
|move|p2a: Dragapult|U-turn|p1a: Venusaur
|-damage|p1a: Venusaur|0 fnt
|faint|p1a: Venusaur
|
|t:|1743864310
|switch|p2a: Primarina|Primarina, M|100/100|[from] U-turn
|
|-weather|SunnyDay|[upkeep]
|upkeep
|
|t:|1743864313
|switch|p1a: Lilligant|Lilligant-Hisui, F|100/100
|turn|12
|
|t:|1743864321
|switch|p2a: Corviknight|Corviknight, M|100/100 par
|-ability|p2a: Corviknight|Pressure
|move|p1a: Lilligant|Victory Dance|p1a: Lilligant
|-boost|p1a: Lilligant|atk|1
|-boost|p1a: Lilligant|def|1
|-boost|p1a: Lilligant|spe|1
|
|-weather|SunnyDay|[upkeep]
|upkeep
|turn|13
|
|t:|1743864328
|move|p1a: Lilligant|Axe Kick|p2a: Corviknight
|-damage|p2a: Corviknight|51/100 par
|-damage|p1a: Lilligant|84/100|[from] item: Rocky Helmet|[of] p2a: Corviknight
|cant|p2a: Corviknight|par
|
|-weather|SunnyDay|[upkeep]
|upkeep
|turn|14
|
|t:|1743864334
|move|p1a: Lilligant|Victory Dance|p1a: Lilligant
|-boost|p1a: Lilligant|atk|1
|-boost|p1a: Lilligant|def|1
|-boost|p1a: Lilligant|spe|1
|move|p2a: Corviknight|Roost|p2a: Corviknight
|-heal|p2a: Corviknight|100/100 par
|-singleturn|p2a: Corviknight|move: Roost
|
|-weather|SunnyDay|[upkeep]
|upkeep
|turn|15
|
|t:|1743864340
|move|p1a: Lilligant|Axe Kick|p2a: Corviknight
|-damage|p2a: Corviknight|35/100 par
|-damage|p1a: Lilligant|68/100|[from] item: Rocky Helmet|[of] p2a: Corviknight
|move|p2a: Corviknight|Iron Defense|p2a: Corviknight
|-boost|p2a: Corviknight|def|2
|
|-weather|SunnyDay|[upkeep]
|upkeep
|turn|16
|
|t:|1743864346
|move|p1a: Lilligant|Axe Kick|p2a: Corviknight
|-damage|p2a: Corviknight|0 fnt
|-damage|p1a: Lilligant|51/100|[from] item: Rocky Helmet|[of] p2a: Corviknight
|faint|p2a: Corviknight
|
|-weather|none
|upkeep
|
|t:|1743864366
|switch|p2a: Zamazenta|Zamazenta|100/100
|-ability|p2a: Zamazenta|Dauntless Shield|boost
|-boost|p2a: Zamazenta|def|1
|turn|17
|
|t:|1743864378
|move|p1a: Lilligant|Axe Kick|p2a: Zamazenta
|-crit|p2a: Zamazenta
|-damage|p2a: Zamazenta|0 fnt
|faint|p2a: Zamazenta
|
|upkeep
|
|t:|1743864387
|switch|p2a: Dragapult|Dragapult, F|71/100 par
|turn|18
|
|t:|1743864391
|move|p1a: Lilligant|Triple Axel|p2a: Dragapult
|-supereffective|p2a: Dragapult
|-damage|p2a: Dragapult|37/100 par
|-supereffective|p2a: Dragapult
|-damage|p2a: Dragapult|0 fnt
|faint|p2a: Dragapult
|-hitcount|p2: Dragapult|2
|
|upkeep
|
|t:|1743864395
|switch|p2a: Weavile|Weavile, F|100/100
|turn|19
|
|t:|1743864397
|move|p2a: Weavile|Ice Shard|p1a: Lilligant
|-supereffective|p1a: Lilligant
|-damage|p1a: Lilligant|27/100
|move|p1a: Lilligant|Axe Kick|p2a: Weavile
|-supereffective|p2a: Weavile
|-damage|p2a: Weavile|0 fnt
|faint|p2a: Weavile
|
|upkeep
|
|t:|1743864401
|switch|p2a: Primarina|Primarina, M|100/100
|turn|20
|
|t:|1743864409
|move|p1a: Lilligant|Tera Blast|p2a: Primarina
|-damage|p2a: Primarina|91/100
|move|p2a: Primarina|Psychic Noise|p1a: Lilligant
|-supereffective|p1a: Lilligant
|-damage|p1a: Lilligant|0 fnt
|faint|p1a: Lilligant
|
|-heal|p2a: Primarina|98/100|[from] item: Leftovers
|upkeep
|
|t:|1743864417
|switch|p1a: Latias|Latias, F|100/100
|turn|21
|
|t:|1743864422
|move|p1a: Latias|Mist Ball|p2a: Primarina
|-damage|p2a: Primarina|62/100
|-unboost|p2a: Primarina|spa|1
|move|p2a: Primarina|Calm Mind|p2a: Primarina
|-boost|p2a: Primarina|spa|1
|-boost|p2a: Primarina|spd|1
|
|-heal|p2a: Primarina|68/100|[from] item: Leftovers
|upkeep
|turn|22
|
|t:|1743864430
|move|p1a: Latias|Thunderbolt|p2a: Primarina
|-supereffective|p2a: Primarina
|-damage|p2a: Primarina|38/100
|move|p2a: Primarina|Calm Mind|p2a: Primarina
|-boost|p2a: Primarina|spa|1
|-boost|p2a: Primarina|spd|1
|
|-heal|p2a: Primarina|44/100|[from] item: Leftovers
|upkeep
|turn|23
|
|t:|1743864434
|switch|p1a: Ninetales|Ninetales, F|100/100
|-weather|SunnyDay|[from] ability: Drought|[of] p1a: Ninetales
|move|p2a: Primarina|Calm Mind|p2a: Primarina
|-boost|p2a: Primarina|spa|1
|-boost|p2a: Primarina|spd|1
|
|-weather|SunnyDay|[upkeep]
|-heal|p2a: Primarina|50/100|[from] item: Leftovers
|upkeep
|turn|24
|
|t:|1743864437
|move|p1a: Ninetales|Will-O-Wisp|p2a: Primarina
|-status|p2a: Primarina|brn
|move|p2a: Primarina|Surf|p1a: Ninetales
|-supereffective|p1a: Ninetales
|-damage|p1a: Ninetales|7/100
|
|-weather|SunnyDay|[upkeep]
|-heal|p2a: Primarina|56/100 brn|[from] item: Leftovers
|-damage|p2a: Primarina|50/100 brn|[from] brn
|upkeep
|turn|25
|
|t:|1743864446
|move|p1a: Ninetales|Encore|p2a: Primarina
|-start|p2a: Primarina|Encore
|move|p2a: Primarina|Surf|p1a: Ninetales
|-supereffective|p1a: Ninetales
|-damage|p1a: Ninetales|0 fnt
|faint|p1a: Ninetales
|
|-weather|SunnyDay|[upkeep]
|-heal|p2a: Primarina|56/100 brn|[from] item: Leftovers
|-damage|p2a: Primarina|50/100 brn|[from] brn
|upkeep
|
|t:|1743864455
|switch|p1a: Latias|Latias, F|100/100
|turn|26
|
|t:|1743864460
|move|p1a: Latias|Thunderbolt|p2a: Primarina
|-supereffective|p2a: Primarina
|-damage|p2a: Primarina|32/100 brn
|move|p2a: Primarina|Surf|p1a: Latias
|-resisted|p1a: Latias
|-damage|p1a: Latias|77/100
|
|-weather|SunnyDay|[upkeep]
|-heal|p1a: Latias|83/100|[from] item: Leftovers
|-heal|p2a: Primarina|38/100 brn|[from] item: Leftovers
|-damage|p2a: Primarina|32/100 brn|[from] brn
|upkeep
|turn|27
|
|t:|1743864463
|move|p1a: Latias|Thunderbolt|p2a: Primarina
|-supereffective|p2a: Primarina
|-damage|p2a: Primarina|11/100 brn
|move|p2a: Primarina|Surf|p1a: Latias
|-resisted|p1a: Latias
|-damage|p1a: Latias|60/100
|
|-weather|SunnyDay|[upkeep]
|-heal|p1a: Latias|66/100|[from] item: Leftovers
|-heal|p2a: Primarina|18/100 brn|[from] item: Leftovers
|-damage|p2a: Primarina|11/100 brn|[from] brn
|-end|p2a: Primarina|Encore
|upkeep
|turn|28
|
|t:|1743864467
|move|p1a: Latias|Thunderbolt|p2a: Primarina
|-supereffective|p2a: Primarina
|-damage|p2a: Primarina|0 fnt
|faint|p2a: Primarina
|
|win|Jeansmaster69
|raw|Jeansmaster69's rating: 1311 &rarr; <strong>1332</strong><br />(+21 for winning)
|raw|boiimducky's rating: 1336 &rarr; <strong>1315</strong><br />(-21 for losing)
|l|☆boiimducky
|player|p2|
|l|☆Jeansmaster69
|player|p1|
