|j|☆loki001
|j|☆Sullyjunior
|t:|1743792991
|gametype|singles
|player|p1|loki001|burglar|1186
|player|p2|Sullyjunior|dragontamer|1217
|teamsize|p1|6
|teamsize|p2|6
|gen|9
|tier|[Gen 9] OU
|rated|
|rule|HP Percentage Mod: HP is shown in percentages
|rule|Endless Battle Clause: Forcing endless battles is banned
|rule|Species Clause: Limit one of each Pokémon
|rule|OHKO Clause: OHKO moves are banned
|rule|Evasion Items Clause: Evasion items are banned
|rule|Evasion Moves Clause: Evasion moves are banned
|rule|Sleep Moves Clause: Sleep-inducing moves are banned
|clearpoke
|poke|p1|Glimmora, M|
|poke|p1|Zamazenta-*|
|poke|p1|Latias, F|
|poke|p1|Gholdengo|
|poke|p1|Dragonite, M|
|poke|p1|Weavile, F|
|poke|p2|Rillaboom, M|
|poke|p2|Zamazenta-*|
|poke|p2|Clefable, F|
|poke|p2|Rotom-Wash|
|poke|p2|Samurott-Hisui, F|
|poke|p2|Excadrill, M|
|teampreview
|inactive|Battle timer is ON: inactive players will automatically lose when time's up. (requested by Sullyjunior)
|
|t:|1743793024
|start
|switch|p1a: Dragonite|Dragonite, M|100/100
|switch|p2a: Clefable|Clefable, F|100/100
|turn|1
|
|t:|1743793043
|switch|p1a: Gholdengo|Gholdengo, shiny|100/100
|move|p2a: Clefable|Stealth Rock|p1a: Gholdengo
|-sidestart|p1: loki001|move: Stealth Rock
|
|upkeep
|turn|2
|
|t:|1743793057
|move|p1a: Gholdengo|Nasty Plot|p1a: Gholdengo
|-boost|p1a: Gholdengo|spa|2
|move|p2a: Clefable|Flamethrower|p1a: Gholdengo
|-supereffective|p1a: Gholdengo
|-damage|p1a: Gholdengo|61/100
|
|upkeep
|turn|3
|
|t:|1743793068
|move|p1a: Gholdengo|Thunderbolt|p2a: Clefable
|-damage|p2a: Clefable|70/100
|-status|p2a: Clefable|par
|move|p2a: Clefable|Flamethrower|p1a: Gholdengo
|-supereffective|p1a: Gholdengo
|-crit|p1a: Gholdengo
|-damage|p1a: Gholdengo|0 fnt
|faint|p1a: Gholdengo
|
|upkeep
|
|t:|1743793081
|switch|p1a: Dragonite|Dragonite, M|100/100
|turn|4
|
|t:|1743793084
|move|p1a: Dragonite|Dragon Dance|p1a: Dragonite
|-boost|p1a: Dragonite|atk|1
|-boost|p1a: Dragonite|spe|1
|move|p2a: Clefable|Draining Kiss|p1a: Dragonite
|-supereffective|p1a: Dragonite
|-damage|p1a: Dragonite|84/100
|-heal|p2a: Clefable|80/100 par|[from] drain|[of] p1a: Dragonite
|
|upkeep
|turn|5
|
|t:|1743793092
|move|p1a: Dragonite|Dragon Dance|p1a: Dragonite
|-boost|p1a: Dragonite|atk|1
|-boost|p1a: Dragonite|spe|1
|move|p2a: Clefable|Draining Kiss|p1a: Dragonite
|-supereffective|p1a: Dragonite
|-damage|p1a: Dragonite|47/100
|-heal|p2a: Clefable|100/100 par|[from] drain|[of] p1a: Dragonite
|
|upkeep
|turn|6
|
|t:|1743793102
|move|p1a: Dragonite|Earthquake|p2a: Clefable
|-damage|p2a: Clefable|71/100 par
|move|p2a: Clefable|Thunder Wave|p1a: Dragonite|[miss]
|-miss|p2a: Clefable|p1a: Dragonite
|
|upkeep
|turn|7
|
|t:|1743793120
|-terastallize|p1a: Dragonite|Normal
|move|p1a: Dragonite|Dragon Dance|p1a: Dragonite
|-boost|p1a: Dragonite|atk|1
|-boost|p1a: Dragonite|spe|1
|move|p2a: Clefable|Draining Kiss|p1a: Dragonite
|-damage|p1a: Dragonite|30/100
|-heal|p2a: Clefable|81/100 par|[from] drain|[of] p1a: Dragonite
|
|upkeep
|turn|8
|
|t:|1743793130
|move|p1a: Dragonite|Dragon Dance|p1a: Dragonite
|-boost|p1a: Dragonite|atk|1
|-boost|p1a: Dragonite|spe|1
|cant|p2a: Clefable|par
|
|upkeep
|turn|9
|
|t:|1743793158
|move|p1a: Dragonite|Earthquake|p2a: Clefable
|-damage|p2a: Clefable|54/100 par
|move|p2a: Clefable|Thunder Wave|p1a: Dragonite
|-status|p1a: Dragonite|par
|
|upkeep
|turn|10
|
|t:|1743793167
|cant|p1a: Dragonite|par
|move|p2a: Clefable|Draining Kiss|p1a: Dragonite
|-damage|p1a: Dragonite|11/100 par
|-heal|p2a: Clefable|66/100 par|[from] drain|[of] p1a: Dragonite
|
|upkeep
|turn|11
|
|t:|1743793177
|move|p1a: Dragonite|Earthquake|p2a: Clefable
|-damage|p2a: Clefable|38/100 par
|move|p2a: Clefable|Draining Kiss|p1a: Dragonite
|-damage|p1a: Dragonite|0 fnt
|-heal|p2a: Clefable|45/100 par|[from] drain|[of] p1a: Dragonite
|faint|p1a: Dragonite
|
|upkeep
|
|t:|1743793188
|switch|p1a: Zamazenta|Zamazenta, shiny|100/100
|-damage|p1a: Zamazenta|94/100|[from] Stealth Rock
|-ability|p1a: Zamazenta|Dauntless Shield|boost
|-boost|p1a: Zamazenta|def|1
|turn|12
|
|t:|1743793195
|move|p1a: Zamazenta|Iron Defense|p1a: Zamazenta
|-boost|p1a: Zamazenta|def|2
|move|p2a: Clefable|Thunder Wave|p1a: Zamazenta
|-status|p1a: Zamazenta|par
|
|-heal|p1a: Zamazenta|100/100 par|[from] item: Leftovers
|upkeep
|turn|13
|
|t:|1743793202
|move|p1a: Zamazenta|Iron Defense|p1a: Zamazenta
|-boost|p1a: Zamazenta|def|2
|move|p2a: Clefable|Draining Kiss|p1a: Zamazenta
|-supereffective|p1a: Zamazenta
|-damage|p1a: Zamazenta|71/100 par
|-heal|p2a: Clefable|64/100 par|[from] drain|[of] p1a: Zamazenta
|
|-heal|p1a: Zamazenta|77/100 par|[from] item: Leftovers
|upkeep
|turn|14
|
|t:|1743793212
|move|p1a: Zamazenta|Substitute|p1a: Zamazenta
|-start|p1a: Zamazenta|Substitute
|-damage|p1a: Zamazenta|52/100 par
|move|p2a: Clefable|Draining Kiss|p1a: Zamazenta
|-supereffective|p1a: Zamazenta
|-end|p1a: Zamazenta|Substitute
|-heal|p2a: Clefable|81/100 par|[from] drain|[of] p1a: Zamazenta
|
|-heal|p1a: Zamazenta|59/100 par|[from] item: Leftovers
|upkeep
|turn|15
|
|t:|1743793223
|move|p1a: Zamazenta|Body Press|p2a: Clefable
|-resisted|p2a: Clefable
|-damage|p2a: Clefable|68/100 par
|-damage|p1a: Zamazenta|42/100 par|[from] item: Rocky Helmet|[of] p2a: Clefable
|cant|p2a: Clefable|par
|
|-heal|p1a: Zamazenta|48/100 par|[from] item: Leftovers
|upkeep
|turn|16
|
|t:|1743793231
|move|p1a: Zamazenta|Crunch|p2a: Clefable
|-resisted|p2a: Clefable
|-damage|p2a: Clefable|60/100 par
|-unboost|p2a: Clefable|def|1
|-damage|p1a: Zamazenta|32/100 par|[from] item: Rocky Helmet|[of] p2a: Clefable
|move|p2a: Clefable|Draining Kiss|p1a: Zamazenta
|-supereffective|p1a: Zamazenta
|-damage|p1a: Zamazenta|3/100 par
|-heal|p2a: Clefable|79/100 par|[from] drain|[of] p1a: Zamazenta
|
|-heal|p1a: Zamazenta|9/100 par|[from] item: Leftovers
|upkeep
|turn|17
|
|t:|1743793247
|move|p1a: Zamazenta|Crunch|p2a: Clefable
|-resisted|p2a: Clefable
|-damage|p2a: Clefable|67/100 par
|-unboost|p2a: Clefable|def|1
|-damage|p1a: Zamazenta|0 fnt|[from] item: Rocky Helmet|[of] p2a: Clefable
|faint|p1a: Zamazenta
|move|p2a: Clefable|Flamethrower|p1: Zamazenta|[notarget]
|-fail|p2a: Clefable
|
|upkeep
|
|t:|1743793264
|switch|p1a: Glimmora|Glimmora, M, shiny|100/100
|-damage|p1a: Glimmora|88/100|[from] Stealth Rock
|turn|18
|
|t:|1743793276
|switch|p2a: Samurott|Samurott-Hisui, F|100/100
|move|p1a: Glimmora|Stealth Rock|p2a: Samurott
|-sidestart|p2: Sullyjunior|move: Stealth Rock
|
|upkeep
|turn|19
|inactive|loki001 has 120 seconds left.
|
|t:|1743793308
|switch|p1a: Weavile|Weavile, F|100/100
|-damage|p1a: Weavile|76/100|[from] Stealth Rock
|move|p2a: Samurott|Ceaseless Edge|p1a: Weavile
|-resisted|p1a: Weavile
|-crit|p1a: Weavile
|-damage|p1a: Weavile|0 fnt
|-sidestart|p1: loki001|Spikes
|faint|p1a: Weavile
|
|upkeep
|
|t:|1743793317
|switch|p1a: Glimmora|Glimmora, M, shiny|88/100
|-damage|p1a: Glimmora|76/100|[from] Stealth Rock
|-damage|p1a: Glimmora|63/100|[from] Spikes
|turn|20
|
|t:|1743793323
|move|p2a: Samurott|Ceaseless Edge|p1a: Glimmora
|-damage|p1a: Glimmora|0 fnt
|-activate|p1a: Glimmora|ability: Toxic Debris
|-sidestart|p2: Sullyjunior|move: Toxic Spikes
|-sidestart|p1: loki001|Spikes
|faint|p1a: Glimmora
|
|upkeep
|inactive|loki001 has 120 seconds left.
|
|t:|1743793330
|switch|p1a: Latias|Latias, F, shiny|100/100
|-damage|p1a: Latias|88/100|[from] Stealth Rock
|turn|21
|
|t:|1743793336
|-terastallize|p2a: Samurott|Water
|move|p1a: Latias|Calm Mind|p1a: Latias
|-boost|p1a: Latias|spa|1
|-boost|p1a: Latias|spd|1
|move|p2a: Samurott|Ceaseless Edge|p1a: Latias
|-supereffective|p1a: Latias
|-crit|p1a: Latias
|-damage|p1a: Latias|0 fnt
|-sidestart|p1: loki001|Spikes
|faint|p1a: Latias
|
|win|Sullyjunior
|raw|loki001's rating: 1186 &rarr; <strong>1163</strong><br />(-23 for losing)
|raw|Sullyjunior's rating: 1217 &rarr; <strong>1240</strong><br />(+23 for winning)
|l|☆loki001
|player|p1|
|c|☆Sullyjunior|gg
