|j|☆Xephelix
|j|☆liteburnsthesky
|t:|1743830753
|gametype|singles
|player|p1|Xephelix|janitor|1122
|player|p2|liteburnsthesky|az|1082
|teamsize|p1|6
|teamsize|p2|6
|gen|9
|tier|[Gen 9] OU
|rated|
|rule|HP Percentage Mod: HP is shown in percentages
|rule|Endless Battle Clause: Forcing endless battles is banned
|rule|Species Clause: Limit one of each Pokémon
|rule|OHKO Clause: OHKO moves are banned
|rule|Evasion Items Clause: Evasion items are banned
|rule|Evasion Moves Clause: Evasion moves are banned
|rule|Sleep Moves Clause: Sleep-inducing moves are banned
|clearpoke
|poke|p1|Glimmora, M|
|poke|p1|Kingambit, M|
|poke|p1|Serperior, M|
|poke|p1|Gholdengo|
|poke|p1|Zapdos-Galar|
|poke|p1|Dragonite, F|
|poke|p2|Samurott-Hisui, F|
|poke|p2|Hydrapple, M|
|poke|p2|Corviknight, L99, F|
|poke|p2|Tinkaton, F|
|poke|p2|Pecharunt|
|poke|p2|Iron Valiant|
|teampreview
|
|t:|1743830762
|start
|switch|p1a: Glimmora|Glimmora, M|100/100
|switch|p2a: Samurott|Samurott-Hisui, F|100/100
|turn|1
|
|t:|1743830774
|move|p1a: Glimmora|Mortal Spin|p2a: Samurott
|-damage|p2a: Samurott|93/100
|-status|p2a: Samurott|psn
|move|p2a: Samurott|Razor Shell|p1a: Glimmora
|-supereffective|p1a: Glimmora
|-enditem|p1a: Glimmora|Focus Sash
|-damage|p1a: Glimmora|1/100
|-unboost|p1a: Glimmora|def|1
|-activate|p1a: Glimmora|ability: Toxic Debris
|-sidestart|p2: liteburnsthesky|move: Toxic Spikes
|
|-damage|p2a: Samurott|80/100 psn|[from] psn
|upkeep
|turn|2
|
|t:|1743830784
|move|p2a: Samurott|Sucker Punch||[still]
|-fail|p2a: Samurott
|move|p1a: Glimmora|Stealth Rock|p2a: Samurott
|-sidestart|p2: liteburnsthesky|move: Stealth Rock
|
|-damage|p2a: Samurott|68/100 psn|[from] psn
|upkeep
|turn|3
|
|t:|1743830793
|move|p1a: Glimmora|Power Gem|p2a: Samurott
|-damage|p2a: Samurott|5/100 psn
|move|p2a: Samurott|Ceaseless Edge|p1a: Glimmora
|-damage|p1a: Glimmora|0 fnt
|-activate|p1a: Glimmora|ability: Toxic Debris
|-sidestart|p2: liteburnsthesky|move: Toxic Spikes
|-sidestart|p1: Xephelix|Spikes
|faint|p1a: Glimmora
|
|-damage|p2a: Samurott|0 fnt|[from] psn
|faint|p2a: Samurott
|upkeep
|c|☆liteburnsthesky|i missclicked lmao
|c|☆Xephelix|oooh lol
|c|☆Xephelix|i was wondering
|c|☆liteburnsthesky|meant to ceaseless first
|
|t:|1743830823
|switch|p1a: Zapdos|Zapdos-Galar|100/100
|switch|p2a: Corviknight|Corviknight, L99, F|100/100
|-damage|p2a: Corviknight|88/100|[from] Stealth Rock
|turn|4
|
|t:|1743830830
|move|p1a: Zapdos|Substitute|p1a: Zapdos
|-start|p1a: Zapdos|Substitute
|-damage|p1a: Zapdos|76/100
|move|p2a: Corviknight|Defog|p1a: Zapdos
|-sideend|p1: Xephelix|Spikes|[from] move: Defog|[of] p2a: Corviknight
|-sideend|p2: liteburnsthesky|Toxic Spikes|[from] move: Defog|[of] p2a: Corviknight
|-sideend|p2: liteburnsthesky|Stealth Rock|[from] move: Defog|[of] p2a: Corviknight
|
|-heal|p1a: Zapdos|82/100|[from] item: Leftovers
|-heal|p2a: Corviknight|94/100|[from] item: Leftovers
|upkeep
|turn|5
|
|t:|1743830848
|move|p1a: Zapdos|Knock Off|p2a: Corviknight
|-damage|p2a: Corviknight|67/100
|-enditem|p2a: Corviknight|Leftovers|[from] move: Knock Off|[of] p1a: Zapdos
|move|p2a: Corviknight|Brave Bird|p1a: Zapdos
|-supereffective|p1a: Zapdos
|-end|p1a: Zapdos|Substitute
|-damage|p2a: Corviknight|60/100|[from] Recoil|[of] p1a: Zapdos
|
|-heal|p1a: Zapdos|88/100|[from] item: Leftovers
|upkeep
|turn|6
|
|t:|1743830858
|move|p1a: Zapdos|Thunderous Kick|p2a: Corviknight
|-damage|p2a: Corviknight|25/100
|-ability|p2a: Corviknight|Mirror Armor
|-unboost|p1a: Zapdos|def|1
|-ability|p1a: Zapdos|Defiant|boost
|-boost|p1a: Zapdos|atk|2
|move|p2a: Corviknight|Roost|p2a: Corviknight
|-heal|p2a: Corviknight|75/100
|-singleturn|p2a: Corviknight|move: Roost
|
|-heal|p1a: Zapdos|94/100|[from] item: Leftovers
|upkeep
|turn|7
|c|☆liteburnsthesky|woah
|c|☆Xephelix|I wish I could say...
|c|☆liteburnsthesky|interesting ability interaction
|c|☆Xephelix|i was smart enough to know that
|c|☆liteburnsthesky|LOL
|
|t:|1743830897
|switch|p2a: Pecharunt|Pecharunt|100/100
|move|p1a: Zapdos|Thunderous Kick|p2a: Pecharunt
|-immune|p2a: Pecharunt
|
|-heal|p1a: Zapdos|99/100|[from] item: Leftovers
|upkeep
|turn|8
|
|t:|1743830921
|move|p1a: Zapdos|Substitute|p1a: Zapdos
|-start|p1a: Zapdos|Substitute
|-damage|p1a: Zapdos|75/100
|move|p2a: Pecharunt|Parting Shot|p1a: Zapdos
|-unboost|p1a: Zapdos|atk|1
|-ability|p1a: Zapdos|Defiant|boost
|-boost|p1a: Zapdos|atk|2
|-unboost|p1a: Zapdos|spa|1
|-ability|p1a: Zapdos|Defiant|boost
|-boost|p1a: Zapdos|atk|2
|c|☆liteburnsthesky|omg
|c|☆liteburnsthesky|im so slow
|c|☆Xephelix|LOL
|
|t:|1743830975
|switch|p2a: Tinkaton|Tinkaton, F|100/100|[from] Parting Shot
|-item|p2a: Tinkaton|Air Balloon
|
|-heal|p1a: Zapdos|81/100|[from] item: Leftovers
|upkeep
|turn|9
|
|t:|1743831013
|switch|p2a: Pecharunt|Pecharunt|100/100
|move|p1a: Zapdos|Thunderous Kick|p2a: Pecharunt
|-immune|p2a: Pecharunt
|
|-heal|p1a: Zapdos|87/100|[from] item: Leftovers
|upkeep
|turn|10
|
|t:|1743831020
|move|p1a: Zapdos|Knock Off|p2a: Pecharunt
|-supereffective|p2a: Pecharunt
|-damage|p2a: Pecharunt|0 fnt
|-enditem|p2a: Pecharunt|Heavy-Duty Boots|[from] move: Knock Off|[of] p1a: Zapdos
|faint|p2a: Pecharunt
|
|-heal|p1a: Zapdos|93/100|[from] item: Leftovers
|upkeep
|c|☆liteburnsthesky|ggwp
|c|☆Xephelix|ahaha gg
|-message|liteburnsthesky forfeited.
|
|win|Xephelix
|raw|Xephelix's rating: 1122 &rarr; <strong>1144</strong><br />(+22 for winning)
|raw|liteburnsthesky's rating: 1082 &rarr; <strong>1062</strong><br />(-20 for losing)
|l|☆Xephelix
|player|p1|
|l|☆liteburnsthesky
|player|p2|
