|j|☆CarrotStix
|j|☆logannick02
|t:|1743910221
|gametype|singles
|player|p1|CarrotStix|plasmagruntf-gen5bw|1295
|player|p2|logannick02|266|1320
|teamsize|p1|6
|teamsize|p2|6
|gen|9
|tier|[Gen 9] OU
|rated|
|rule|HP Percentage Mod: HP is shown in percentages
|rule|Endless Battle Clause: Forcing endless battles is banned
|rule|Species Clause: Limit one of each Pokémon
|rule|OHKO Clause: OHKO moves are banned
|rule|Evasion Items Clause: Evasion items are banned
|rule|Evasion Moves Clause: Evasion moves are banned
|rule|Sleep Moves Clause: Sleep-inducing moves are banned
|clearpoke
|poke|p1|Great Tusk|
|poke|p1|Lilligant, F|
|poke|p1|Walking Wake|
|poke|p1|Torkoal, M|
|poke|p1|Raging Bolt|
|poke|p1|Cinderace, M|
|poke|p2|Scizor, F|
|poke|p2|Zamazenta-*|
|poke|p2|Enamorus, F|
|poke|p2|Dragapult, M|
|poke|p2|Iron Treads|
|poke|p2|Greninja-*, F|
|teampreview
|inactive|Battle timer is ON: inactive players will automatically lose when time's up. (requested by logannick02)
|
|t:|1743910282
|start
|switch|p1a: Rakwis|Torkoal, M, shiny|100/100
|switch|p2a: Enamorus|Enamorus, F|100/100
|-weather|SunnyDay|[from] ability: Drought|[of] p1a: Rakwis
|turn|1
|
|t:|1743910288
|switch|p1a: かぎやま ひな|Lilligant, F|100/100
|move|p2a: Enamorus|Taunt|p1a: かぎやま ひな
|-start|p1a: かぎやま ひな|move: Taunt
|
|-weather|SunnyDay|[upkeep]
|upkeep
|turn|2
|
|t:|1743910312
|move|p1a: かぎやま ひな|Weather Ball|p2a: Enamorus
|-damage|p2a: Enamorus|13/100
|-damage|p1a: かぎやま ひな|91/100|[from] item: Life Orb
|move|p2a: Enamorus|Moonblast|p1a: かぎやま ひな
|-damage|p1a: かぎやま ひな|13/100
|
|-weather|SunnyDay|[upkeep]
|-heal|p2a: Enamorus|20/100|[from] item: Leftovers
|upkeep
|turn|3
|inactive|CarrotStix has 120 seconds left.
|
|t:|1743910347
|move|p1a: かぎやま ひな|Solar Beam||[still]
|-prepare|p1a: かぎやま ひな|Solar Beam
|-anim|p1a: かぎやま ひな|Solar Beam|p2a: Enamorus
|-resisted|p2a: Enamorus
|-damage|p2a: Enamorus|0 fnt
|faint|p2a: Enamorus
|-damage|p1a: かぎやま ひな|3/100|[from] item: Life Orb
|
|-weather|SunnyDay|[upkeep]
|-end|p1a: かぎやま ひな|move: Taunt
|upkeep
|inactive|logannick02 has 120 seconds left.
|
|t:|1743910360
|switch|p2a: Scizor|Scizor, F|100/100
|turn|4
|inactive|CarrotStix has 120 seconds left.
|inactive|CarrotStix has 90 seconds left.
|
|t:|1743910416
|switch|p1a: The Fool|Cinderace, M|100/100
|move|p2a: Scizor|Bullet Punch|p1a: The Fool
|-resisted|p1a: The Fool
|-damage|p1a: The Fool|66/100
|
|-weather|SunnyDay|[upkeep]
|upkeep
|turn|5
|inactive|logannick02 has 120 seconds left.
|
|t:|1743910443
|switch|p2a: Zamazenta|Zamazenta|100/100
|-ability|p2a: Zamazenta|Dauntless Shield|boost
|-boost|p2a: Zamazenta|def|1
|move|p1a: The Fool|Pyro Ball|p2a: Zamazenta
|-damage|p2a: Zamazenta|58/100
|-status|p2a: Zamazenta|brn
|
|-weather|SunnyDay|[upkeep]
|-heal|p2a: Zamazenta|65/100 brn|[from] item: Leftovers
|-damage|p2a: Zamazenta|58/100 brn|[from] brn
|upkeep
|turn|6
|inactive|CarrotStix has 90 seconds left.
|inactive|logannick02 has 120 seconds left.
|
|t:|1743910473
|move|p2a: Zamazenta|Body Press|p1a: The Fool
|-damage|p1a: The Fool|30/100
|move|p1a: The Fool|Pyro Ball|p2a: Zamazenta
|-damage|p2a: Zamazenta|14/100 brn
|
|-weather|SunnyDay|[upkeep]
|-heal|p2a: Zamazenta|21/100 brn|[from] item: Leftovers
|-damage|p2a: Zamazenta|14/100 brn|[from] brn
|upkeep
|turn|7
|
|t:|1743910482
|move|p1a: The Fool|Sucker Punch|p2a: Zamazenta
|-start|p1a: The Fool|typechange|Dark|[from] ability: Libero
|-resisted|p2a: Zamazenta
|-damage|p2a: Zamazenta|7/100 brn
|move|p2a: Zamazenta|Stone Edge|p1a: The Fool
|-damage|p1a: The Fool|9/100
|
|-weather|SunnyDay|[upkeep]
|-heal|p2a: Zamazenta|13/100 brn|[from] item: Leftovers
|-damage|p2a: Zamazenta|7/100 brn|[from] brn
|upkeep
|turn|8
|
|t:|1743910493
|move|p1a: The Fool|Sucker Punch|p2a: Zamazenta
|-resisted|p2a: Zamazenta
|-damage|p2a: Zamazenta|0 fnt
|faint|p2a: Zamazenta
|
|-weather|none
|upkeep
|inactive|logannick02 has 120 seconds left.
|
|t:|1743910513
|switch|p2a: Iron Treads|Iron Treads|100/100
|-enditem|p2a: Iron Treads|Booster Energy
|-activate|p2a: Iron Treads|ability: Quark Drive|[fromitem]
|-start|p2a: Iron Treads|quarkdrivespe
|turn|9
|
|t:|1743910528
|move|p2a: Iron Treads|Rapid Spin|p1a: The Fool
|-damage|p1a: The Fool|0 fnt
|-boost|p2a: Iron Treads|spe|1
|faint|p1a: The Fool
|
|upkeep
|
|t:|1743910532
|switch|p1a: Rakwis|Torkoal, M, shiny|100/100
|-weather|SunnyDay|[from] ability: Drought|[of] p1a: Rakwis
|turn|10
|
|t:|1743910547
|-terastallize|p2a: Iron Treads|Ghost
|move|p2a: Iron Treads|Earth Power|p1a: Rakwis
|-supereffective|p1a: Rakwis
|-damage|p1a: Rakwis|21/100
|move|p1a: Rakwis|Flamethrower|p2a: Iron Treads
|-damage|p2a: Iron Treads|46/100
|
|-weather|SunnyDay|[upkeep]
|upkeep
|turn|11
|
|t:|1743910561
|-terastallize|p1a: Rakwis|Flying
|move|p2a: Iron Treads|Earth Power|p1a: Rakwis
|-immune|p1a: Rakwis
|move|p1a: Rakwis|Flamethrower|p2a: Iron Treads
|-damage|p2a: Iron Treads|0 fnt
|faint|p2a: Iron Treads
|-end|p2a: Iron Treads|Quark Drive|[silent]
|
|-weather|SunnyDay|[upkeep]
|upkeep
|
|t:|1743910569
|switch|p2a: Scizor|Scizor, F|100/100
|turn|12
|
|t:|1743910575
|switch|p1a: La Javelina|Great Tusk|100/100
|-activate|p1a: La Javelina|ability: Protosynthesis
|-start|p1a: La Javelina|protosynthesisatk
|move|p2a: Scizor|Knock Off|p1a: La Javelina
|-resisted|p1a: La Javelina
|-damage|p1a: La Javelina|82/100
|-enditem|p1a: La Javelina|Assault Vest|[from] move: Knock Off|[of] p2a: Scizor
|
|-weather|SunnyDay|[upkeep]
|upkeep
|turn|13
|
|t:|1743910589
|move|p1a: La Javelina|Rapid Spin|p2a: Scizor
|-resisted|p2a: Scizor
|-damage|p2a: Scizor|88/100
|-boost|p1a: La Javelina|spe|1
|move|p2a: Scizor|Knock Off|p1a: La Javelina
|-resisted|p1a: La Javelina
|-damage|p1a: La Javelina|68/100
|
|-weather|SunnyDay|[upkeep]
|upkeep
|turn|14
|
|t:|1743910602
|move|p1a: La Javelina|Ice Spinner|p2a: Scizor
|-resisted|p2a: Scizor
|-damage|p2a: Scizor|69/100
|move|p2a: Scizor|Knock Off|p1a: La Javelina
|-resisted|p1a: La Javelina
|-damage|p1a: La Javelina|55/100
|
|-weather|SunnyDay|[upkeep]
|upkeep
|turn|15
|
|t:|1743910611
|move|p1a: La Javelina|Headlong Rush|p2a: Scizor
|-damage|p2a: Scizor|0 fnt
|-unboost|p1a: La Javelina|def|1
|-unboost|p1a: La Javelina|spd|1
|faint|p2a: Scizor
|
|-weather|SunnyDay|[upkeep]
|upkeep
|
|t:|1743910617
|switch|p2a: Greninja|Greninja, F|100/100
|turn|16
|inactive|CarrotStix has 120 seconds left.
|
|t:|1743910624
|move|p1a: La Javelina|Close Combat|p2a: Greninja
|-supereffective|p2a: Greninja
|-damage|p2a: Greninja|0 fnt
|-unboost|p1a: La Javelina|def|1
|-unboost|p1a: La Javelina|spd|1
|faint|p2a: Greninja
|
|-weather|SunnyDay|[upkeep]
|upkeep
|-message|logannick02 forfeited.
|
|win|CarrotStix
|raw|CarrotStix's rating: 1295 &rarr; <strong>1322</strong><br />(+27 for winning)
|raw|logannick02's rating: 1320 &rarr; <strong>1299</strong><br />(-21 for losing)
|l|☆logannick02
|player|p2|
|l|☆CarrotStix
|player|p1|
