|j|☆pryac3628
|j|☆beeboobaa
|t:|1743933000
|gametype|singles
|player|p1|pryac3628|170|1120
|player|p2|beeboobaa|169|1156
|teamsize|p1|6
|teamsize|p2|6
|gen|9
|tier|[Gen 9] OU
|rated|
|rule|HP Percentage Mod: HP is shown in percentages
|rule|Endless Battle Clause: Forcing endless battles is banned
|rule|Species Clause: Limit one of each Pokémon
|rule|OHKO Clause: OHKO moves are banned
|rule|Evasion Items Clause: Evasion items are banned
|rule|Evasion Moves Clause: Evasion moves are banned
|rule|Sleep Moves Clause: Sleep-inducing moves are banned
|clearpoke
|poke|p1|Moltres-Galar|
|poke|p1|Alomomola, M|
|poke|p1|Tinkaton, F|
|poke|p1|Iron Boulder|
|poke|p1|Kyurem|
|poke|p1|Serperior, F|
|poke|p2|Dragonite, M|
|poke|p2|Gyarados, F|
|poke|p2|Blastoise, F|
|poke|p2|Gengar, F|
|poke|p2|Weezing, M|
|poke|p2|Clefable, F|
|teampreview
|inactive|Battle timer is ON: inactive players will automatically lose when time's up. (requested by pryac3628)
|
|t:|1743933012
|start
|switch|p1a: Serperior|Serperior, F, shiny|100/100
|switch|p2a: Gyarados|Gyarados, F|100/100
|-ability|p2a: Gyarados|Intimidate|boost
|-boost|p1a: Serperior|atk|1
|turn|1
|
|t:|1743933036
|-terastallize|p2a: Gyarados|Fairy
|move|p1a: Serperior|Leaf Storm|p2a: Gyarados
|-damage|p2a: Gyarados|48/100
|-boost|p1a: Serperior|spa|2
|move|p2a: Gyarados|Dragon Dance|p2a: Gyarados
|-boost|p2a: Gyarados|atk|1
|-boost|p2a: Gyarados|spe|1
|
|upkeep
|turn|2
|
|t:|1743933055
|-terastallize|p1a: Serperior|Dragon
|move|p1a: Serperior|Leaf Storm|p2a: Gyarados
|-damage|p2a: Gyarados|0 fnt
|-boost|p1a: Serperior|spa|2
|faint|p2a: Gyarados
|
|upkeep
|
|t:|1743933061
|switch|p2a: Clefable|Clefable, F|100/100
|turn|3
|
|t:|1743933083
|move|p1a: Serperior|Leaf Storm|p2a: Clefable|[miss]
|-miss|p1a: Serperior|p2a: Clefable
|move|p2a: Clefable|Calm Mind|p2a: Clefable
|-boost|p2a: Clefable|spa|1
|-boost|p2a: Clefable|spd|1
|
|upkeep
|turn|4
|
|t:|1743933091
|move|p1a: Serperior|Leaf Storm|p2a: Clefable
|-damage|p2a: Clefable|72/100
|-boost|p1a: Serperior|spa|2
|move|p2a: Clefable|Calm Mind|p2a: Clefable
|-boost|p2a: Clefable|spa|1
|-boost|p2a: Clefable|spd|1
|
|-heal|p2a: Clefable|78/100|[from] item: Leftovers
|upkeep
|turn|5
|
|t:|1743933103
|move|p1a: Serperior|Leaf Storm|p2a: Clefable
|-damage|p2a: Clefable|58/100
|move|p2a: Clefable|Thunder Wave|p1a: Serperior|[miss]
|-miss|p2a: Clefable|p1a: Serperior
|
|-heal|p2a: Clefable|64/100|[from] item: Leftovers
|upkeep
|turn|6
|
|t:|1743933107
|move|p1a: Serperior|Leaf Storm|p2a: Clefable
|-crit|p2a: Clefable
|-damage|p2a: Clefable|3/100
|move|p2a: Clefable|Thunder Wave|p1a: Serperior
|-status|p1a: Serperior|par
|
|-heal|p2a: Clefable|9/100|[from] item: Leftovers
|upkeep
|turn|7
|
|t:|1743933112
|cant|p1a: Serperior|par
|move|p2a: Clefable|Moonlight|p2a: Clefable
|-heal|p2a: Clefable|59/100
|
|-heal|p2a: Clefable|65/100|[from] item: Leftovers
|upkeep
|turn|8
|inactive|pryac3628 has 120 seconds left.
|
|t:|1743933146
|move|p1a: Serperior|Leaf Storm|p2a: Clefable
|-damage|p2a: Clefable|44/100
|move|p2a: Clefable|Moonlight|p2a: Clefable
|-heal|p2a: Clefable|94/100
|
|-heal|p2a: Clefable|99/100|[from] item: Leftovers
|upkeep
|turn|9
|
|t:|1743933151
|switch|p1a: Tinkaton|Tinkaton, F|100/100
|-ability|p1a: Tinkaton|Mold Breaker
|move|p2a: Clefable|Calm Mind|p2a: Clefable
|-boost|p2a: Clefable|spa|1
|-boost|p2a: Clefable|spd|1
|
|-heal|p2a: Clefable|100/100|[from] item: Leftovers
|upkeep
|turn|10
|
|t:|1743933180
|move|p1a: Tinkaton|Thunder Wave|p2a: Clefable
|-status|p2a: Clefable|par
|move|p2a: Clefable|Thunder Wave|p1a: Tinkaton
|-status|p1a: Tinkaton|par
|
|upkeep
|turn|11
|
|t:|1743933185
|move|p1a: Tinkaton|Encore|p2a: Clefable
|-start|p2a: Clefable|Encore
|move|p2a: Clefable|Thunder Wave|p1a: Tinkaton
|-fail|p1a: Tinkaton|par
|
|upkeep
|turn|12
|inactive|beeboobaa has 120 seconds left.
|
|t:|1743933206
|switch|p2a: Blastoise|Blastoise, F|100/100
|move|p1a: Tinkaton|Knock Off|p2a: Blastoise
|-damage|p2a: Blastoise|82/100
|-enditem|p2a: Blastoise|White Herb|[from] move: Knock Off|[of] p1a: Tinkaton
|
|upkeep
|turn|13
|
|t:|1743933220
|move|p2a: Blastoise|Shell Smash|p2a: Blastoise
|-unboost|p2a: Blastoise|def|1
|-unboost|p2a: Blastoise|spd|1
|-boost|p2a: Blastoise|atk|2
|-boost|p2a: Blastoise|spa|2
|-boost|p2a: Blastoise|spe|2
|cant|p1a: Tinkaton|par
|
|upkeep
|turn|14
|
|t:|1743933225
|move|p2a: Blastoise|Earthquake|p1a: Tinkaton
|-supereffective|p1a: Tinkaton
|-damage|p1a: Tinkaton|10/100 par
|move|p1a: Tinkaton|Encore|p2a: Blastoise
|-start|p2a: Blastoise|Encore
|
|upkeep
|turn|15
|
|t:|1743933229
|move|p2a: Blastoise|Earthquake|p1a: Tinkaton
|-supereffective|p1a: Tinkaton
|-damage|p1a: Tinkaton|0 fnt
|faint|p1a: Tinkaton
|
|upkeep
|
|t:|1743933233
|switch|p1a: Moltres|Moltres-Galar|100/100
|turn|16
|inactive|beeboobaa has 120 seconds left.
|inactive|beeboobaa has 90 seconds left.
|
|t:|1743933294
|switch|p2a: Weezing|Weezing, M|100/100
|move|p1a: Moltres|Nasty Plot|p1a: Moltres
|-boost|p1a: Moltres|spa|2
|
|upkeep
|turn|17
|
|t:|1743933300
|move|p1a: Moltres|Air Slash|p2a: Weezing
|-damage|p2a: Weezing|39/100
|move|p2a: Weezing|Thunderbolt|p1a: Moltres
|-supereffective|p1a: Moltres
|-damage|p1a: Moltres|69/100
|
|upkeep
|turn|18
|
|t:|1743933316
|move|p1a: Moltres|Air Slash|p2a: Weezing
|-damage|p2a: Weezing|0 fnt
|faint|p2a: Weezing
|
|upkeep
|
|t:|1743933319
|switch|p2a: Clefable|Clefable, F|100/100 par
|turn|19
|
|t:|1743933342
|move|p1a: Moltres|Fiery Wrath|p2a: Clefable
|-resisted|p2a: Clefable
|-damage|p2a: Clefable|79/100 par
|move|p2a: Clefable|Calm Mind|p2a: Clefable
|-boost|p2a: Clefable|spa|1
|-boost|p2a: Clefable|spd|1
|
|-heal|p2a: Clefable|86/100 par|[from] item: Leftovers
|upkeep
|turn|20
|
|t:|1743933346
|move|p1a: Moltres|Air Slash|p2a: Clefable
|-damage|p2a: Clefable|63/100 par
|move|p2a: Clefable|Calm Mind|p2a: Clefable
|-boost|p2a: Clefable|spa|1
|-boost|p2a: Clefable|spd|1
|
|-heal|p2a: Clefable|69/100 par|[from] item: Leftovers
|upkeep
|turn|21
|
|t:|1743933356
|move|p1a: Moltres|Nasty Plot|p1a: Moltres
|-boost|p1a: Moltres|spa|2
|move|p2a: Clefable|Calm Mind|p2a: Clefable
|-boost|p2a: Clefable|spa|1
|-boost|p2a: Clefable|spd|1
|
|-heal|p2a: Clefable|75/100 par|[from] item: Leftovers
|upkeep
|turn|22
|
|t:|1743933365
|move|p1a: Moltres|Nasty Plot|p1a: Moltres
|-boost|p1a: Moltres|spa|2
|move|p2a: Clefable|Calm Mind|p2a: Clefable
|-boost|p2a: Clefable|spa|1
|-boost|p2a: Clefable|spd|1
|
|-heal|p2a: Clefable|81/100 par|[from] item: Leftovers
|upkeep
|turn|23
|
|t:|1743933368
|move|p1a: Moltres|Air Slash|p2a: Clefable
|-damage|p2a: Clefable|69/100 par
|cant|p2a: Clefable|par
|
|-heal|p2a: Clefable|75/100 par|[from] item: Leftovers
|upkeep
|turn|24
|
|t:|1743933373
|move|p1a: Moltres|Fiery Wrath|p2a: Clefable
|-resisted|p2a: Clefable
|-damage|p2a: Clefable|69/100 par
|cant|p2a: Clefable|flinch
|
|-heal|p2a: Clefable|75/100 par|[from] item: Leftovers
|upkeep
|turn|25
|
|t:|1743933379
|move|p1a: Moltres|Air Slash|p2a: Clefable
|-damage|p2a: Clefable|62/100 par
|move|p2a: Clefable|Moonblast|p1a: Moltres
|-supereffective|p1a: Moltres
|-damage|p1a: Moltres|0 fnt
|faint|p1a: Moltres
|
|-heal|p2a: Clefable|69/100 par|[from] item: Leftovers
|upkeep
|
|t:|1743933404
|switch|p1a: Kyurem|Kyurem, shiny|100/100
|-ability|p1a: Kyurem|Pressure
|turn|26
|
|t:|1743933411
|move|p2a: Clefable|Moonlight|p2a: Clefable
|-heal|p2a: Clefable|100/100 par
|move|p1a: Kyurem|Dragon Tail|p2a: Clefable
|-immune|p2a: Clefable
|
|upkeep
|turn|27
|c|☆beeboobaa|phew
|c|☆beeboobaa|i didn't know if that would work
|
|t:|1743933428
|move|p2a: Clefable|Moonblast|p1a: Kyurem
|-supereffective|p1a: Kyurem
|-damage|p1a: Kyurem|0 fnt
|faint|p1a: Kyurem
|
|upkeep
|-message|pryac3628 forfeited.
|
|win|beeboobaa
|raw|pryac3628's rating: 1144 &rarr; <strong>1120</strong><br />(-24 for losing)
|raw|beeboobaa's rating: 1156 &rarr; <strong>1180</strong><br />(+24 for winning)
|l|☆pryac3628
|player|p1|
|l|☆beeboobaa
|player|p2|
