|j|☆NickFrazer
|j|☆Trump is good man
|t:|1743857746
|gametype|singles
|player|p1|NickFrazer|pilot|1245
|player|p2|Trump is good man|2|1211
|teamsize|p1|6
|teamsize|p2|6
|gen|9
|tier|[Gen 9] OU
|rated|
|rule|HP Percentage Mod: HP is shown in percentages
|rule|Endless Battle Clause: Forcing endless battles is banned
|rule|Species Clause: Limit one of each Pokémon
|rule|OHKO Clause: OHKO moves are banned
|rule|Evasion Items Clause: Evasion items are banned
|rule|Evasion Moves Clause: Evasion moves are banned
|rule|Sleep Moves Clause: Sleep-inducing moves are banned
|clearpoke
|poke|p1|Garchomp, M|
|poke|p1|Arcanine-Hisui, M|
|poke|p1|Weezing-Galar, F|
|poke|p1|Araquanid, M|
|poke|p1|Polteageist-Antique|
|poke|p1|Krookodile, M|
|poke|p2|Clefable, F|
|poke|p2|Slowking-Galar, F|
|poke|p2|Gliscor, F|
|poke|p2|Great Tusk|
|poke|p2|Gholdengo|
|poke|p2|Kyurem|
|teampreview
|inactive|Battle timer is ON: inactive players will automatically lose when time's up. (requested by NickFrazer)
|
|t:|1743857762
|start
|switch|p1a: Weezing|Weezing-Galar, F|100/100
|switch|p2a: Clefable|Clefable, F|100/100
|-ability|p1a: Weezing|Neutralizing Gas
|turn|1
|
|t:|1743857768
|switch|p2a: Gliscor|Gliscor, F|100/100
|move|p1a: Weezing|Toxic|p2a: Gliscor
|-status|p2a: Gliscor|tox
|
|-damage|p2a: Gliscor|94/100 tox|[from] psn
|upkeep
|turn|2
|
|t:|1743857779
|switch|p2a: Clefable|Clefable, F|100/100
|move|p1a: Weezing|Strange Steam|p2a: Clefable
|-damage|p2a: Clefable|65/100
|-start|p2a: Clefable|confusion
|
|-heal|p2a: Clefable|71/100|[from] item: Leftovers
|upkeep
|turn|3
|
|t:|1743857790
|move|p1a: Weezing|Toxic|p2a: Clefable
|-status|p2a: Clefable|tox
|-activate|p2a: Clefable|confusion
|move|p2a: Clefable|Stealth Rock|p1a: Weezing
|-sidestart|p1: NickFrazer|move: Stealth Rock
|
|-heal|p2a: Clefable|77/100 tox|[from] item: Leftovers
|-damage|p2a: Clefable|71/100 tox|[from] psn
|upkeep
|turn|4
|
|t:|1743857802
|-end|p1a: Weezing|ability: Neutralizing Gas
|switch|p1a: Araquanid|Araquanid, M|100/100
|-damage|p1a: Araquanid|76/100|[from] Stealth Rock
|switch|p2a: Slowking|Slowking-Galar, F|100/100
|
|upkeep
|turn|5
|
|t:|1743857815
|move|p1a: Araquanid|Sticky Web|p2a: Slowking
|-sidestart|p2: Trump is good man|move: Sticky Web
|move|p2a: Slowking|Sludge Bomb|p1a: Araquanid
|-damage|p1a: Araquanid|46/100
|-status|p1a: Araquanid|psn
|-enditem|p1a: Araquanid|Red Card|[of] p2a: Slowking
|drag|p2a: Gliscor|Gliscor, F|94/100 tox
|
|-heal|p2a: Gliscor|100/100 tox|[from] ability: Poison Heal
|-damage|p1a: Araquanid|34/100 psn|[from] psn
|upkeep
|turn|6
|
|t:|1743857826
|move|p2a: Gliscor|Spikes|p1a: Araquanid
|-sidestart|p1: NickFrazer|Spikes
|move|p1a: Araquanid|Liquidation|p2a: Gliscor
|-supereffective|p2a: Gliscor
|-damage|p2a: Gliscor|14/100 tox
|
|-heal|p2a: Gliscor|26/100 tox|[from] ability: Poison Heal
|-damage|p1a: Araquanid|22/100 psn|[from] psn
|upkeep
|turn|7
|
|t:|1743857834
|move|p2a: Gliscor|Protect|p2a: Gliscor
|-singleturn|p2a: Gliscor|Protect
|move|p1a: Araquanid|Leech Life|p2a: Gliscor
|-activate|p2a: Gliscor|move: Protect
|
|-heal|p2a: Gliscor|39/100 tox|[from] ability: Poison Heal
|-damage|p1a: Araquanid|9/100 psn|[from] psn
|upkeep
|turn|8
|
|t:|1743857842
|move|p2a: Gliscor|Earthquake|p1a: Araquanid
|-resisted|p1a: Araquanid
|-damage|p1a: Araquanid|0 fnt
|faint|p1a: Araquanid
|
|-heal|p2a: Gliscor|51/100 tox|[from] ability: Poison Heal
|upkeep
|
|t:|1743857851
|switch|p1a: Weezing|Weezing-Galar, F|100/100
|-ability|p1a: Weezing|Neutralizing Gas
|-damage|p1a: Weezing|88/100|[from] Stealth Rock
|-damage|p1a: Weezing|76/100|[from] Spikes
|turn|9
|
|t:|1743857856
|move|p2a: Gliscor|Spikes|p1a: Weezing
|-sidestart|p1: NickFrazer|Spikes
|move|p1a: Weezing|Strange Steam|p2a: Gliscor
|-damage|p2a: Gliscor|15/100 tox
|
|-heal|p1a: Weezing|82/100|[from] item: Black Sludge
|-damage|p2a: Gliscor|0 fnt|[from] psn
|faint|p2a: Gliscor
|upkeep
|inactive|Trump is good man has 120 seconds left.
|
|t:|1743857898
|switch|p2a: Great Tusk|Great Tusk|100/100
|-activate|p2a: Great Tusk|move: Sticky Web
|-unboost|p2a: Great Tusk|spe|1
|turn|10
|
|t:|1743857906
|move|p2a: Great Tusk|Rapid Spin|p1a: Weezing
|-damage|p1a: Weezing|68/100
|-boost|p2a: Great Tusk|spe|1
|-sideend|p2: Trump is good man|Sticky Web|[from] move: Rapid Spin|[of] p2a: Great Tusk
|move|p1a: Weezing|Will-O-Wisp|p2a: Great Tusk
|-status|p2a: Great Tusk|brn
|
|-heal|p1a: Weezing|74/100|[from] item: Black Sludge
|-damage|p2a: Great Tusk|94/100 brn|[from] brn
|upkeep
|turn|11
|inactive|Trump is good man has 120 seconds left.
|
|t:|1743857918
|move|p2a: Great Tusk|Headlong Rush|p1a: Weezing
|-supereffective|p1a: Weezing
|-damage|p1a: Weezing|21/100
|-unboost|p2a: Great Tusk|def|1
|-unboost|p2a: Great Tusk|spd|1
|move|p1a: Weezing|Strange Steam|p2a: Great Tusk
|-supereffective|p2a: Great Tusk
|-damage|p2a: Great Tusk|0 fnt
|faint|p2a: Great Tusk
|-end|p2a: Great Tusk|Protosynthesis|[silent]
|
|-heal|p1a: Weezing|27/100|[from] item: Black Sludge
|upkeep
|
|t:|1743857938
|switch|p2a: Kyurem|Kyurem|100/100
|turn|12
|
|t:|1743857948
|move|p2a: Kyurem|Icicle Spear|p1a: Weezing
|-damage|p1a: Weezing|15/100
|-damage|p1a: Weezing|4/100
|-damage|p1a: Weezing|0 fnt
|faint|p1a: Weezing
|-end|p1a: Weezing|ability: Neutralizing Gas
|-ability|p2a: Kyurem|Pressure
|-hitcount|p1: Weezing|3
|
|upkeep
|
|t:|1743857958
|switch|p1a: Arcanine|Arcanine-Hisui, M|100/100
|-damage|p1a: Arcanine|75/100|[from] Stealth Rock
|-damage|p1a: Arcanine|59/100|[from] Spikes
|turn|13
|inactive|Trump is good man has 120 seconds left.
|
|t:|1743857972
|switch|p2a: Clefable|Clefable, F|71/100 tox
|move|p1a: Arcanine|Flare Blitz|p2a: Clefable
|-damage|p2a: Clefable|20/100 tox
|
|-heal|p2a: Clefable|26/100 tox|[from] item: Leftovers
|upkeep
|turn|14
|
|t:|1743857980
|move|p1a: Arcanine|Flare Blitz|p2a: Clefable
|-damage|p2a: Clefable|0 fnt
|faint|p2a: Clefable
|
|upkeep
|
|t:|1743857983
|switch|p2a: Kyurem|Kyurem|100/100
|-ability|p2a: Kyurem|Pressure
|turn|15
|
|t:|1743857987
|-terastallize|p2a: Kyurem|Fire
|move|p1a: Arcanine|Flare Blitz|p2a: Kyurem
|-resisted|p2a: Kyurem
|-damage|p2a: Kyurem|70/100
|move|p2a: Kyurem|Dragon Dance|p2a: Kyurem
|-boost|p2a: Kyurem|atk|1
|-boost|p2a: Kyurem|spe|1
|
|upkeep
|turn|16
|
|t:|1743858003
|switch|p1a: Garchomp|Garchomp, M|100/100
|-damage|p1a: Garchomp|94/100|[from] Stealth Rock
|-damage|p1a: Garchomp|78/100|[from] Spikes
|move|p2a: Kyurem|Dragon Dance|p2a: Kyurem
|-boost|p2a: Kyurem|atk|1
|-boost|p2a: Kyurem|spe|1
|
|upkeep
|turn|17
|
|t:|1743858014
|move|p2a: Kyurem|Icicle Spear|p1a: Garchomp
|-supereffective|p1a: Garchomp
|-damage|p1a: Garchomp|0 fnt
|faint|p1a: Garchomp
|-hitcount|p1: Garchomp|1
|
|upkeep
|
|t:|1743858017
|switch|p1a: Arcanine|Arcanine-Hisui, M|59/100
|-damage|p1a: Arcanine|34/100|[from] Stealth Rock
|-damage|p1a: Arcanine|17/100|[from] Spikes
|turn|18
|
|t:|1743858024
|move|p1a: Arcanine|Extreme Speed|p2a: Kyurem
|-damage|p2a: Kyurem|42/100
|move|p2a: Kyurem|Icicle Spear|p1a: Arcanine
|-resisted|p1a: Arcanine
|-damage|p1a: Arcanine|1/100
|-resisted|p1a: Arcanine
|-damage|p1a: Arcanine|0 fnt
|faint|p1a: Arcanine
|-hitcount|p1: Arcanine|2
|
|upkeep
|
|t:|1743858034
|switch|p1a: Krookodile|Krookodile, M|100/100
|-damage|p1a: Krookodile|94/100|[from] Stealth Rock
|-damage|p1a: Krookodile|78/100|[from] Spikes
|turn|19
|
|t:|1743858039
|move|p2a: Kyurem|Icicle Spear|p1a: Krookodile
|-supereffective|p1a: Krookodile
|-damage|p1a: Krookodile|9/100
|-supereffective|p1a: Krookodile
|-damage|p1a: Krookodile|0 fnt
|faint|p1a: Krookodile
|-hitcount|p1: Krookodile|2
|
|upkeep
|
|t:|1743858042
|switch|p1a: Polteageist|Polteageist-Antique|100/100
|-damage|p1a: Polteageist|88/100|[from] Stealth Rock
|-damage|p1a: Polteageist|72/100|[from] Spikes
|turn|20
|
|t:|1743858048
|move|p2a: Kyurem|Icicle Spear|p1a: Polteageist
|-damage|p1a: Polteageist|19/100
|-crit|p1a: Polteageist
|-damage|p1a: Polteageist|0 fnt
|faint|p1a: Polteageist
|-hitcount|p1: Polteageist|2
|
|win|Trump is good man
|raw|NickFrazer's rating: 1245 &rarr; <strong>1218</strong><br />(-27 for losing)
|raw|Trump is good man's rating: 1211 &rarr; <strong>1238</strong><br />(+27 for winning)
|l|☆NickFrazer
|player|p1|
|l|☆Trump is good man
|player|p2|
