|j|☆RenegadeArtUtube
|j|☆12723 dong
|t:|1743798474
|gametype|singles
|player|p1|RenegadeArtUtube|gambler|1573
|player|p2|12723 dong|170|1481
|teamsize|p1|6
|teamsize|p2|6
|gen|9
|tier|[Gen 9] OU
|rated|
|rule|HP Percentage Mod: HP is shown in percentages
|rule|Endless Battle Clause: Forcing endless battles is banned
|rule|Species Clause: Limit one of each Pokémon
|rule|OHKO Clause: OHKO moves are banned
|rule|Evasion Items Clause: Evasion items are banned
|rule|Evasion Moves Clause: Evasion moves are banned
|rule|Sleep Moves Clause: Sleep-inducing moves are banned
|clearpoke
|poke|p1|Blaziken, M|
|poke|p1|Ninetales-Alola, F|
|poke|p1|Polteageist-Antique|
|poke|p1|Hatterene, F|
|poke|p1|Raging Bolt|
|poke|p1|Landorus-Therian, M|
|poke|p2|Cinderace, F|
|poke|p2|Kingambit, M|
|poke|p2|Great Tusk|
|poke|p2|Hatterene, F|
|poke|p2|Pecharunt|
|poke|p2|Garchomp, F|
|teampreview
|inactive|Battle timer is ON: inactive players will automatically lose when time's up. (requested by RenegadeArtUtube)
|inactive|12723 dong also wants the timer to be on.
|
|t:|1743798497
|start
|switch|p1a: Landorus|Landorus-Therian, M|100/100
|switch|p2a: Cinderace|Cinderace, F|100/100
|-ability|p1a: Landorus|Intimidate|boost
|-unboost|p2a: Cinderace|atk|1
|turn|1
|
|t:|1743798509
|switch|p2a: Pecharunt|Pecharunt|100/100
|-item|p2a: Pecharunt|Air Balloon
|move|p1a: Landorus|Earthquake|p2a: Pecharunt
|-immune|p2a: Pecharunt
|
|upkeep
|turn|2
|
|t:|1743798517
|move|p1a: Landorus|U-turn|p2a: Pecharunt
|-resisted|p2a: Pecharunt
|-damage|p2a: Pecharunt|97/100
|-enditem|p2a: Pecharunt|Air Balloon
|
|t:|1743798524
|switch|p1a: Polteageist|Polteageist-Antique|100/100|[from] U-turn
|move|p2a: Pecharunt|Malignant Chain|p1a: Polteageist
|-resisted|p1a: Polteageist
|-damage|p1a: Polteageist|81/100
|
|upkeep
|turn|3
|
|t:|1743798540
|move|p2a: Pecharunt|Malignant Chain|p1a: Polteageist
|-resisted|p1a: Polteageist
|-damage|p1a: Polteageist|61/100
|move|p1a: Polteageist|Shell Smash|p1a: Polteageist
|-unboost|p1a: Polteageist|def|1
|-unboost|p1a: Polteageist|spd|1
|-boost|p1a: Polteageist|atk|2
|-boost|p1a: Polteageist|spa|2
|-boost|p1a: Polteageist|spe|2
|-enditem|p1a: Polteageist|White Herb
|-clearnegativeboost|p1a: Polteageist|[silent]
|
|upkeep
|turn|4
|c|☆RenegadeArtUtube|Yikes
|
|t:|1743798552
|switch|p2a: Kingambit|Kingambit, M|100/100
|move|p1a: Polteageist|Shadow Ball|p2a: Kingambit
|-resisted|p2a: Kingambit
|-crit|p2a: Kingambit
|-damage|p2a: Kingambit|19/100
|-unboost|p2a: Kingambit|spd|1
|
|upkeep
|turn|5
|
|t:|1743798562
|-terastallize|p1a: Polteageist|Fighting
|move|p2a: Kingambit|Sucker Punch|p1a: Polteageist
|-resisted|p1a: Polteageist
|-damage|p1a: Polteageist|21/100
|-ability|p1a: Polteageist|Weak Armor|boost
|-unboost|p1a: Polteageist|def|1
|-boost|p1a: Polteageist|spe|2
|move|p1a: Polteageist|Giga Drain|p2a: Kingambit
|-resisted|p2a: Kingambit
|-damage|p2a: Kingambit|0 fnt
|-heal|p1a: Polteageist|32/100|[from] drain|[of] p2a: Kingambit
|faint|p2a: Kingambit
|-end|p2a: Kingambit|fallenundefined|[silent]
|
|upkeep
|
|t:|1743798565
|switch|p2a: Hatterene|Hatterene, F|100/100
|turn|6
|
|t:|1743798580
|move|p1a: Polteageist|Giga Drain|p2a: Hatterene
|-damage|p2a: Hatterene|38/100
|-heal|p1a: Polteageist|67/100|[from] drain|[of] p2a: Hatterene
|move|p2a: Hatterene|Draining Kiss|p1a: Polteageist
|-supereffective|p1a: Polteageist
|-damage|p1a: Polteageist|5/100
|-heal|p2a: Hatterene|79/100|[from] drain|[of] p1a: Polteageist
|
|upkeep
|turn|7
|
|t:|1743798603
|-terastallize|p2a: Hatterene|Flying
|move|p1a: Polteageist|Shadow Ball|p2a: Hatterene
|-damage|p2a: Hatterene|0 fnt
|faint|p2a: Hatterene
|
|upkeep
|-message|12723 dong forfeited.
|
|win|RenegadeArtUtube
|raw|RenegadeArtUtube's rating: 1573 &rarr; <strong>1588</strong><br />(+15 for winning)
|raw|12723 dong's rating: 1481 &rarr; <strong>1466</strong><br />(-15 for losing)
|l|☆12723 dong
|player|p2|
