|j|☆tohelpu
|j|☆creatinencalendula
|t:|1743843818
|gametype|singles
|player|p1|tohelpu|1|1177
|player|p2|creatinencalendula|266|1176
|teamsize|p1|6
|teamsize|p2|6
|gen|9
|tier|[Gen 9] OU
|rated|
|rule|HP Percentage Mod: HP is shown in percentages
|rule|Endless Battle Clause: Forcing endless battles is banned
|rule|Species Clause: Limit one of each Pokémon
|rule|OHKO Clause: OHKO moves are banned
|rule|Evasion Items Clause: Evasion items are banned
|rule|Evasion Moves Clause: Evasion moves are banned
|rule|Sleep Moves Clause: Sleep-inducing moves are banned
|clearpoke
|poke|p1|Gumshoos, F|
|poke|p1|Magnezone|
|poke|p1|Enamorus-Therian, F|
|poke|p1|Sableye, M|
|poke|p1|Zapdos-Galar|
|poke|p1|Ursaluna, M|
|poke|p2|Alomomola, M|
|poke|p2|Clodsire, F|
|poke|p2|Corviknight, M|
|poke|p2|Garganacl, M|
|poke|p2|Goodra-Hisui, M|
|poke|p2|Hippowdon, F|
|teampreview
|
|t:|1743843851
|start
|switch|p1a: Zapdos|Zapdos-Galar|100/100
|switch|p2a: Hippowdon|Hippowdon, F|100/100
|-weather|Sandstorm|[from] ability: Sand Stream|[of] p2a: Hippowdon
|turn|1
|
|t:|1743843861
|move|p1a: Zapdos|Thunderous Kick|p2a: Hippowdon
|-damage|p2a: Hippowdon|57/100
|-unboost|p2a: Hippowdon|def|1
|move|p2a: Hippowdon|Stealth Rock|p1a: Zapdos
|-sidestart|p1: tohelpu|move: Stealth Rock
|
|-weather|Sandstorm|[upkeep]
|-damage|p1a: Zapdos|94/100|[from] Sandstorm
|upkeep
|turn|2
|
|t:|1743843881
|switch|p2a: Alomomola|Alomomola, M|100/100
|move|p1a: Zapdos|Thunderous Kick|p2a: Alomomola
|-damage|p2a: Alomomola|68/100
|-unboost|p2a: Alomomola|def|1
|
|-weather|Sandstorm|[upkeep]
|-damage|p1a: Zapdos|88/100|[from] Sandstorm
|-damage|p2a: Alomomola|62/100|[from] Sandstorm
|upkeep
|turn|3
|
|t:|1743843898
|move|p1a: Zapdos|Thunderous Kick|p2a: Alomomola
|-damage|p2a: Alomomola|5/100
|-unboost|p2a: Alomomola|def|1
|move|p2a: Alomomola|Flip Turn|p1a: Zapdos
|-damage|p1a: Zapdos|67/100
|
|t:|1743843912
|switch|p2a: Garganacl|Garganacl, M|100/100|[from] Flip Turn
|
|-weather|Sandstorm|[upkeep]
|-damage|p1a: Zapdos|61/100|[from] Sandstorm
|upkeep
|turn|4
|
|t:|1743843922
|-terastallize|p2a: Garganacl|Ghost
|move|p1a: Zapdos|Thunderous Kick|p2a: Garganacl
|-immune|p2a: Garganacl
|move|p2a: Garganacl|Iron Defense|p2a: Garganacl
|-boost|p2a: Garganacl|def|2
|
|-weather|Sandstorm|[upkeep]
|-damage|p1a: Zapdos|55/100|[from] Sandstorm
|-damage|p2a: Garganacl|94/100|[from] Sandstorm
|upkeep
|turn|5
|
|t:|1743843931
|move|p1a: Zapdos|Thunderous Kick|p2a: Garganacl
|-immune|p2a: Garganacl
|move|p2a: Garganacl|Iron Defense|p2a: Garganacl
|-boost|p2a: Garganacl|def|2
|
|-weather|Sandstorm|[upkeep]
|-damage|p1a: Zapdos|49/100|[from] Sandstorm
|-damage|p2a: Garganacl|88/100|[from] Sandstorm
|upkeep
|turn|6
|
|t:|1743843938
|move|p1a: Zapdos|Thunderous Kick|p2a: Garganacl
|-immune|p2a: Garganacl
|move|p2a: Garganacl|Salt Cure|p1a: Zapdos
|-damage|p1a: Zapdos|34/100
|-start|p1a: Zapdos|Salt Cure
|
|-weather|Sandstorm|[upkeep]
|-damage|p1a: Zapdos|28/100|[from] Sandstorm
|-damage|p2a: Garganacl|82/100|[from] Sandstorm
|-damage|p1a: Zapdos|15/100|[from] Salt Cure
|upkeep
|turn|7
|
|t:|1743843947
|move|p1a: Zapdos|Thunderous Kick|p2a: Garganacl
|-immune|p2a: Garganacl
|move|p2a: Garganacl|Iron Defense|p2a: Garganacl
|-boost|p2a: Garganacl|def|2
|
|-weather|Sandstorm|[upkeep]
|-damage|p1a: Zapdos|9/100|[from] Sandstorm
|-damage|p2a: Garganacl|76/100|[from] Sandstorm
|-damage|p1a: Zapdos|0 fnt|[from] Salt Cure
|faint|p1a: Zapdos
|upkeep
|
|t:|1743843975
|switch|p1a: Sableye|Sableye, M|100/100
|-damage|p1a: Sableye|88/100|[from] Stealth Rock
|turn|8
|
|t:|1743843981
|move|p1a: Sableye|Encore|p2a: Garganacl
|-start|p2a: Garganacl|Encore
|move|p2a: Garganacl|Iron Defense|p2a: Garganacl
|-boost|p2a: Garganacl|def|0
|
|-weather|none
|-heal|p1a: Sableye|94/100|[from] item: Leftovers
|upkeep
|turn|9
|
|t:|1743843996
|switch|p2a: Alomomola|Alomomola, M|38/100
|move|p1a: Sableye|Night Shade|p2a: Alomomola
|-damage|p2a: Alomomola|19/100
|
|-heal|p1a: Sableye|100/100|[from] item: Leftovers
|upkeep
|turn|10
|
|t:|1743844004
|switch|p2a: Hippowdon|Hippowdon, F|57/100
|-weather|Sandstorm|[from] ability: Sand Stream|[of] p2a: Hippowdon
|move|p1a: Sableye|Will-O-Wisp|p2a: Hippowdon
|-status|p2a: Hippowdon|brn
|
|-weather|Sandstorm|[upkeep]
|-damage|p1a: Sableye|94/100|[from] Sandstorm
|-heal|p1a: Sableye|100/100|[from] item: Leftovers
|-damage|p2a: Hippowdon|51/100 brn|[from] brn
|upkeep
|turn|11
|
|t:|1743844018
|move|p1a: Sableye|Night Shade|p2a: Hippowdon
|-damage|p2a: Hippowdon|27/100 brn
|move|p2a: Hippowdon|Sand Tomb|p1a: Sableye|[miss]
|-miss|p2a: Hippowdon|p1a: Sableye
|
|-weather|Sandstorm|[upkeep]
|-damage|p1a: Sableye|94/100|[from] Sandstorm
|-heal|p1a: Sableye|100/100|[from] item: Leftovers
|-damage|p2a: Hippowdon|21/100 brn|[from] brn
|upkeep
|turn|12
|
|t:|1743844027
|switch|p2a: Alomomola|Alomomola, M|53/100
|move|p1a: Sableye|Night Shade|p2a: Alomomola
|-damage|p2a: Alomomola|34/100
|
|-weather|Sandstorm|[upkeep]
|-damage|p2a: Alomomola|28/100|[from] Sandstorm
|-damage|p1a: Sableye|94/100|[from] Sandstorm
|-heal|p1a: Sableye|100/100|[from] item: Leftovers
|upkeep
|turn|13
|
|t:|1743844045
|switch|p2a: Garganacl|Garganacl, M, tera:Ghost|76/100
|move|p1a: Sableye|Night Shade|p2a: Garganacl
|-damage|p2a: Garganacl|51/100
|
|-weather|Sandstorm|[upkeep]
|-damage|p1a: Sableye|94/100|[from] Sandstorm
|-damage|p2a: Garganacl|45/100|[from] Sandstorm
|-heal|p1a: Sableye|100/100|[from] item: Leftovers
|upkeep
|turn|14
|
|t:|1743844054
|switch|p1a: Gumshoos|Gumshoos, F|100/100
|-damage|p1a: Gumshoos|88/100|[from] Stealth Rock
|move|p2a: Garganacl|Salt Cure|p1a: Gumshoos
|-damage|p1a: Gumshoos|72/100
|-start|p1a: Gumshoos|Salt Cure
|
|-weather|Sandstorm|[upkeep]
|-damage|p1a: Gumshoos|66/100|[from] Sandstorm
|-damage|p2a: Garganacl|39/100|[from] Sandstorm
|-damage|p1a: Gumshoos|54/100|[from] Salt Cure
|upkeep
|turn|15
|
|t:|1743844064
|move|p1a: Gumshoos|Knock Off|p2a: Garganacl
|-supereffective|p2a: Garganacl
|-damage|p2a: Garganacl|0 fnt
|-enditem|p2a: Garganacl|Heavy-Duty Boots|[from] move: Knock Off|[of] p1a: Gumshoos
|faint|p2a: Garganacl
|
|-weather|Sandstorm|[upkeep]
|-damage|p1a: Gumshoos|48/100|[from] Sandstorm
|-damage|p1a: Gumshoos|35/100|[from] Salt Cure
|upkeep
|
|t:|1743844083
|switch|p2a: Alomomola|Alomomola, M|61/100
|turn|16
|
|t:|1743844085
|move|p2a: Alomomola|Wish|p2a: Alomomola
|move|p1a: Gumshoos|Knock Off|p2a: Alomomola
|-damage|p2a: Alomomola|41/100
|-enditem|p2a: Alomomola|Heavy-Duty Boots|[from] move: Knock Off|[of] p1a: Gumshoos
|
|-weather|Sandstorm|[upkeep]
|-damage|p2a: Alomomola|35/100|[from] Sandstorm
|-damage|p1a: Gumshoos|29/100|[from] Sandstorm
|-damage|p1a: Gumshoos|17/100|[from] Salt Cure
|upkeep
|turn|17
|
|t:|1743844093
|move|p2a: Alomomola|Flip Turn|p1a: Gumshoos
|-damage|p1a: Gumshoos|0 fnt
|faint|p1a: Gumshoos
|
|t:|1743844096
|switch|p2a: Hippowdon|Hippowdon, F|21/100 brn|[from] Flip Turn
|
|-weather|none
|-heal|p2a: Hippowdon|84/100 brn|[from] move: Wish|[wisher] Alomomola
|-damage|p2a: Hippowdon|78/100 brn|[from] brn
|upkeep
|
|t:|1743844111
|switch|p1a: Magnezone|Magnezone|100/100
|-damage|p1a: Magnezone|94/100|[from] Stealth Rock
|turn|18
|
|t:|1743844116
|-terastallize|p1a: Magnezone|Ice
|move|p1a: Magnezone|Tera Blast|p2a: Hippowdon|[anim] Tera Blast Ice
|-supereffective|p2a: Hippowdon
|-damage|p2a: Hippowdon|0 fnt
|faint|p2a: Hippowdon
|
|upkeep
|
|t:|1743844132
|switch|p2a: Clodsire|Clodsire, F|100/100
|turn|19
|
|t:|1743844135
|move|p1a: Magnezone|Tera Blast|p2a: Clodsire|[anim] Tera Blast Ice
|-supereffective|p2a: Clodsire
|-damage|p2a: Clodsire|47/100
|move|p2a: Clodsire|Earthquake|p1a: Magnezone
|-damage|p1a: Magnezone|75/100
|
|upkeep
|turn|20
|-message|creatinencalendula forfeited.
|
|win|tohelpu
|raw|tohelpu's rating: 1177 &rarr; <strong>1202</strong><br />(+25 for winning)
|raw|creatinencalendula's rating: 1176 &rarr; <strong>1151</strong><br />(-25 for losing)
|l|☆creatinencalendula
|player|p2|
|l|☆tohelpu
|player|p1|
