|j|☆gardenathrtym
|j|☆CohenTZ
|t:|1743829511
|gametype|singles
|player|p1|gardenathrtym|102|
|player|p2|CohenTZ|cyclist|
|teamsize|p1|6
|teamsize|p2|6
|gen|9
|tier|[Gen 9] OU
|rule|HP Percentage Mod: HP is shown in percentages
|rule|Endless Battle Clause: Forcing endless battles is banned
|rule|Species Clause: Limit one of each Pokémon
|rule|OHKO Clause: OHKO moves are banned
|rule|Evasion Items Clause: Evasion items are banned
|rule|Evasion Moves Clause: Evasion moves are banned
|rule|Sleep Moves Clause: Sleep-inducing moves are banned
|clearpoke
|poke|p1|Dragonite, F|
|poke|p1|Blaziken, M|
|poke|p1|Gyarados, F|
|poke|p1|Gengar, M|
|poke|p1|Umbreon, F|
|poke|p1|Ninetales, F|
|poke|p2|Garganacl, M|
|poke|p2|Clodsire, M|
|poke|p2|Araquanid, M|
|poke|p2|Greninja-*, M|
|poke|p2|Hydrapple, M|
|poke|p2|Gholdengo|
|teampreview
|
|t:|1743829519
|start
|switch|p1a: Ninetales|Ninetales, F|100/100
|switch|p2a: Gholdengo|Gholdengo, shiny|100/100
|turn|1
|
|t:|1743829528
|switch|p2a: Greninja|Greninja, M|100/100
|move|p1a: Ninetales|Calm Mind|p1a: Ninetales
|-boost|p1a: Ninetales|spa|1
|-boost|p1a: Ninetales|spd|1
|
|upkeep
|turn|2
|
|t:|1743829537
|move|p2a: Greninja|Water Shuriken|p1a: Ninetales
|-supereffective|p1a: Ninetales
|-damage|p1a: Ninetales|92/100
|-supereffective|p1a: Ninetales
|-damage|p1a: Ninetales|84/100
|-supereffective|p1a: Ninetales
|-damage|p1a: Ninetales|75/100
|-supereffective|p1a: Ninetales
|-damage|p1a: Ninetales|66/100
|-supereffective|p1a: Ninetales
|-damage|p1a: Ninetales|57/100
|-hitcount|p1a: Ninetales|5
|move|p1a: Ninetales|Calm Mind|p1a: Ninetales
|-boost|p1a: Ninetales|spa|1
|-boost|p1a: Ninetales|spd|1
|
|-heal|p1a: Ninetales|63/100|[from] item: Leftovers
|upkeep
|turn|3
|
|t:|1743829569
|move|p2a: Greninja|Water Shuriken|p1a: Ninetales
|-supereffective|p1a: Ninetales
|-damage|p1a: Ninetales|56/100
|-supereffective|p1a: Ninetales
|-damage|p1a: Ninetales|49/100
|-supereffective|p1a: Ninetales
|-damage|p1a: Ninetales|42/100
|-supereffective|p1a: Ninetales
|-damage|p1a: Ninetales|35/100
|-supereffective|p1a: Ninetales
|-damage|p1a: Ninetales|28/100
|-hitcount|p1a: Ninetales|5
|move|p1a: Ninetales|Flamethrower|p2a: Greninja
|-resisted|p2a: Greninja
|-damage|p2a: Greninja|39/100
|
|-heal|p1a: Ninetales|34/100|[from] item: Leftovers
|upkeep
|turn|4
|
|t:|1743829586
|move|p2a: Greninja|Shadow Sneak|p1a: Ninetales
|-damage|p1a: Ninetales|22/100
|move|p1a: Ninetales|Flamethrower|p2a: Greninja
|-resisted|p2a: Greninja
|-damage|p2a: Greninja|0 fnt
|faint|p2a: Greninja
|
|-heal|p1a: Ninetales|28/100|[from] item: Leftovers
|upkeep
|
|t:|1743829594
|switch|p2a: Tax Evasion|Clodsire, M, shiny|100/100
|turn|5
|
|t:|1743829602
|move|p1a: Ninetales|Will-O-Wisp|p2a: Tax Evasion
|-status|p2a: Tax Evasion|brn
|move|p2a: Tax Evasion|Earthquake|p1a: Ninetales
|-supereffective|p1a: Ninetales
|-damage|p1a: Ninetales|0 fnt
|faint|p1a: Ninetales
|
|-damage|p2a: Tax Evasion|94/100 brn|[from] brn
|upkeep
|
|t:|1743829624
|switch|p1a: Dragonite|Dragonite, F|100/100
|turn|6
|
|t:|1743829638
|-terastallize|p1a: Dragonite|Normal
|move|p1a: Dragonite|Extreme Speed|p2a: Tax Evasion
|-damage|p2a: Tax Evasion|45/100 brn
|-damage|p1a: Dragonite|84/100|[from] item: Rocky Helmet|[of] p2a: Tax Evasion
|move|p2a: Tax Evasion|Megahorn|p1a: Dragonite
|-damage|p1a: Dragonite|75/100
|
|-damage|p2a: Tax Evasion|39/100 brn|[from] brn
|upkeep
|turn|7
|
|t:|1743829652
|move|p1a: Dragonite|Extreme Speed|p2a: Tax Evasion
|-damage|p2a: Tax Evasion|0 fnt
|-damage|p1a: Dragonite|58/100|[from] item: Rocky Helmet|[of] p2a: Tax Evasion
|faint|p2a: Tax Evasion
|
|upkeep
|
|t:|1743829659
|switch|p2a: Apple|Hydrapple, M, shiny|100/100
|turn|8
|
|t:|1743829665
|-terastallize|p2a: Apple|Grass
|move|p1a: Dragonite|Extreme Speed|p2a: Apple
|-damage|p2a: Apple|58/100
|move|p2a: Apple|Fickle Beam|p1a: Dragonite
|-damage|p1a: Dragonite|31/100
|
|-heal|p2a: Apple|64/100|[from] item: Leftovers
|upkeep
|turn|9
|
|t:|1743829676
|move|p1a: Dragonite|Extreme Speed|p2a: Apple
|-damage|p2a: Apple|17/100
|move|p2a: Apple|Giga Drain|p1a: Dragonite
|-damage|p1a: Dragonite|0 fnt
|-heal|p2a: Apple|33/100|[from] drain|[of] p1a: Dragonite
|faint|p1a: Dragonite
|
|-heal|p2a: Apple|40/100|[from] item: Leftovers
|upkeep
|
|t:|1743829693
|switch|p1a: Gengar|Gengar, M|100/100
|-item|p1a: Gengar|Air Balloon
|turn|10
|
|t:|1743829698
|move|p1a: Gengar|Nasty Plot|p1a: Gengar
|-boost|p1a: Gengar|spa|2
|move|p2a: Apple|Syrup Bomb|p1a: Gengar|[miss]
|-miss|p2a: Apple|p1a: Gengar
|
|-heal|p2a: Apple|46/100|[from] item: Leftovers
|upkeep
|turn|11
|
|t:|1743829739
|move|p1a: Gengar|Sludge Wave|p2a: Apple
|-supereffective|p2a: Apple
|-damage|p2a: Apple|0 fnt
|faint|p2a: Apple
|
|upkeep
|
|t:|1743829748
|switch|p2a: Gholdengo|Gholdengo, shiny|100/100
|turn|12
|
|t:|1743829779
|move|p1a: Gengar|Shadow Ball|p2a: Gholdengo
|-supereffective|p2a: Gholdengo
|-damage|p2a: Gholdengo|0 fnt
|faint|p2a: Gholdengo
|
|upkeep
|
|t:|1743829784
|switch|p2a: Garganacl|Garganacl, M, shiny|100/100
|turn|13
|
|t:|1743829795
|move|p1a: Gengar|Focus Blast|p2a: Garganacl|[miss]
|-miss|p1a: Gengar|p2a: Garganacl
|move|p2a: Garganacl|Avalanche|p1a: Gengar
|-damage|p1a: Gengar|72/100
|-start|p2a: Garganacl|Disable|Avalanche|[from] ability: Cursed Body|[of] p1a: Gengar
|-enditem|p1a: Gengar|Air Balloon
|
|upkeep
|turn|14
|
|t:|1743829806
|move|p1a: Gengar|Focus Blast|p2a: Garganacl
|-supereffective|p2a: Garganacl
|-ability|p2a: Garganacl|Sturdy
|-damage|p2a: Garganacl|1/100
|move|p2a: Garganacl|Power Gem|p1a: Gengar
|-damage|p1a: Gengar|47/100
|
|upkeep
|turn|15
|
|t:|1743829817
|switch|p2a: Araquanid|Araquanid, M, shiny|100/100
|move|p1a: Gengar|Sludge Wave|p2a: Araquanid
|-damage|p2a: Araquanid|0 fnt
|faint|p2a: Araquanid
|
|upkeep
|
|t:|1743829821
|switch|p2a: Garganacl|Garganacl, M, shiny|1/100
|turn|16
|
|t:|1743829827
|switch|p1a: Umbreon|Umbreon, F|100/100
|move|p2a: Garganacl|Earthquake|p1a: Umbreon
|-damage|p1a: Umbreon|78/100
|
|-heal|p1a: Umbreon|84/100|[from] item: Leftovers
|upkeep
|turn|17
|
|t:|1743829834
|move|p1a: Umbreon|Protect|p1a: Umbreon
|-singleturn|p1a: Umbreon|Protect
|move|p2a: Garganacl|Explosion|p1a: Umbreon
|-activate|p1a: Umbreon|move: Protect
|faint|p2a: Garganacl
|
|win|gardenathrtym
|l|☆CohenTZ
|player|p2|
