|j|☆John L Pokemon
|j|☆Adromas
|t:|1743808068
|gametype|singles
|player|p1|John L Pokemon|1|1149
|player|p2|Adromas|clerk|1174
|teamsize|p1|6
|teamsize|p2|6
|gen|9
|tier|[Gen 9] OU
|rated|
|rule|HP Percentage Mod: HP is shown in percentages
|rule|Endless Battle Clause: Forcing endless battles is banned
|rule|Species Clause: Limit one of each Pokémon
|rule|OHKO Clause: OHKO moves are banned
|rule|Evasion Items Clause: Evasion items are banned
|rule|Evasion Moves Clause: Evasion moves are banned
|rule|Sleep Moves Clause: Sleep-inducing moves are banned
|clearpoke
|poke|p1|Exeggutor, M|
|poke|p1|Torkoal, M|
|poke|p1|Ceruledge, M|
|poke|p1|Donphan, F|
|poke|p1|Iron Moth|
|poke|p1|Hydrapple, F|
|poke|p2|Pecharunt|
|poke|p2|Abomasnow, M|
|poke|p2|Dewgong, M|
|poke|p2|Cetitan, F|
|poke|p2|Mamoswine, M|
|poke|p2|Mandibuzz, F|
|teampreview
|
|t:|1743808076
|start
|switch|p1a: Donphan|Donphan, F|100/100
|switch|p2a: Dewgong|Dewgong, M|100/100
|turn|1
|inactive|Battle timer is ON: inactive players will automatically lose when time's up. (requested by Adromas)
|
|t:|1743808084
|move|p2a: Dewgong|Whirlpool|p1a: Donphan|[miss]
|-miss|p2a: Dewgong|p1a: Donphan
|move|p1a: Donphan|Stealth Rock|p2a: Dewgong
|-sidestart|p2: Adromas|move: Stealth Rock
|
|upkeep
|turn|2
|inactive|John L Pokemon has 120 seconds left.
|
|t:|1743808144
|switch|p1a: Sunny side up|Torkoal, M|100/100
|-weather|SunnyDay|[from] ability: Drought|[of] p1a: Sunny side up
|move|p2a: Dewgong|Whirlpool|p1a: Sunny side up
|-supereffective|p1a: Sunny side up
|-damage|p1a: Sunny side up|90/100
|-activate|p1a: Sunny side up|move: Whirlpool|[of] p2a: Dewgong
|
|-weather|SunnyDay|[upkeep]
|-damage|p1a: Sunny side up|78/100|[from] move: Whirlpool|[partiallytrapped]
|upkeep
|turn|3
|inactive|John L Pokemon has 90 seconds left.
|
|t:|1743808162
|move|p2a: Dewgong|Snowscape|p2a: Dewgong
|-weather|Snowscape
|move|p1a: Sunny side up|Earth Power|p2a: Dewgong
|-damage|p2a: Dewgong|83/100
|
|-weather|Snowscape|[upkeep]
|-heal|p2a: Dewgong|89/100|[from] ability: Ice Body
|-damage|p1a: Sunny side up|66/100|[from] move: Whirlpool|[partiallytrapped]
|upkeep
|turn|4
|
|t:|1743808176
|move|p2a: Dewgong|Whirlpool|p1a: Sunny side up
|-supereffective|p1a: Sunny side up
|-damage|p1a: Sunny side up|39/100
|move|p1a: Sunny side up|Flamethrower|p2a: Dewgong
|-damage|p2a: Dewgong|63/100
|
|-weather|Snowscape|[upkeep]
|-heal|p2a: Dewgong|69/100|[from] ability: Ice Body
|-damage|p1a: Sunny side up|27/100|[from] move: Whirlpool|[partiallytrapped]
|upkeep
|turn|5
|
|t:|1743808188
|move|p2a: Dewgong|Whirlpool|p1a: Sunny side up|[miss]
|-miss|p2a: Dewgong|p1a: Sunny side up
|move|p1a: Sunny side up|Flamethrower|p2a: Dewgong
|-damage|p2a: Dewgong|45/100
|
|-weather|Snowscape|[upkeep]
|-heal|p2a: Dewgong|52/100|[from] ability: Ice Body
|-damage|p1a: Sunny side up|15/100|[from] move: Whirlpool|[partiallytrapped]
|upkeep
|turn|6
|
|t:|1743808201
|move|p2a: Dewgong|Disable|p1a: Sunny side up
|-start|p1a: Sunny side up|Disable|Flamethrower
|cant|p1a: Sunny side up|Disable|Flamethrower
|
|-weather|Snowscape|[upkeep]
|-heal|p2a: Dewgong|58/100|[from] ability: Ice Body
|-end|p1a: Sunny side up|Whirlpool|[partiallytrapped]
|upkeep
|turn|7
|
|t:|1743808210
|move|p1a: Sunny side up|Protect|p1a: Sunny side up
|-singleturn|p1a: Sunny side up|Protect
|move|p2a: Dewgong|Whirlpool|p1a: Sunny side up
|-activate|p1a: Sunny side up|move: Protect
|
|-weather|Snowscape|[upkeep]
|-heal|p2a: Dewgong|64/100|[from] ability: Ice Body
|upkeep
|turn|8
|
|t:|1743808223
|move|p1a: Sunny side up|Protect||[still]
|-fail|p1a: Sunny side up
|move|p2a: Dewgong|Whirlpool|p1a: Sunny side up
|-supereffective|p1a: Sunny side up
|-damage|p1a: Sunny side up|0 fnt
|faint|p1a: Sunny side up
|
|-weather|Snowscape|[upkeep]
|-heal|p2a: Dewgong|70/100|[from] ability: Ice Body
|upkeep
|inactive|John L Pokemon has 90 seconds left.
|
|t:|1743808248
|switch|p1a: Iron Moth|Iron Moth|100/100
|turn|9
|
|t:|1743808259
|move|p1a: Iron Moth|Energy Ball|p2a: Dewgong
|-supereffective|p2a: Dewgong
|-damage|p2a: Dewgong|27/100
|move|p2a: Dewgong|Perish Song|p2a: Dewgong
|-start|p1a: Iron Moth|perish3|[silent]
|-start|p2a: Dewgong|perish3|[silent]
|-fieldactivate|move: Perish Song
|
|-weather|Snowscape|[upkeep]
|-heal|p2a: Dewgong|33/100|[from] ability: Ice Body
|-start|p1a: Iron Moth|perish3
|-start|p2a: Dewgong|perish3
|upkeep
|turn|10
|
|t:|1743808271
|move|p1a: Iron Moth|Energy Ball|p2a: Dewgong
|-supereffective|p2a: Dewgong
|-crit|p2a: Dewgong
|-damage|p2a: Dewgong|0 fnt
|faint|p2a: Dewgong
|
|-weather|none
|-start|p1a: Iron Moth|perish2
|upkeep
|
|t:|1743808286
|switch|p2a: Mamoswine|Mamoswine, M|100/100
|-damage|p2a: Mamoswine|88/100|[from] Stealth Rock
|turn|11
|inactive|John L Pokemon has 90 seconds left.
|
|t:|1743808303
|-end|p1a: Iron Moth|Quark Drive|[silent]
|switch|p1a: Mitch|Ceruledge, M|100/100
|move|p2a: Mamoswine|Earthquake|p1a: Mitch
|-supereffective|p1a: Mitch
|-damage|p1a: Mitch|0 fnt
|faint|p1a: Mitch
|
|upkeep
|
|t:|1743808317
|switch|p1a: Iron Moth|Iron Moth|100/100
|turn|12
|
|t:|1743808322
|move|p1a: Iron Moth|Fiery Dance|p2a: Mamoswine
|-supereffective|p2a: Mamoswine
|-damage|p2a: Mamoswine|48/100
|-boost|p1a: Iron Moth|spa|1
|move|p2a: Mamoswine|Earthquake|p1a: Iron Moth
|-supereffective|p1a: Iron Moth
|-damage|p1a: Iron Moth|0 fnt
|faint|p1a: Iron Moth
|-end|p1a: Iron Moth|Quark Drive|[silent]
|
|upkeep
|
|t:|1743808334
|switch|p1a: Hydrapple|Hydrapple, F|100/100
|turn|13
|
|t:|1743808339
|move|p2a: Mamoswine|Icicle Crash|p1a: Hydrapple
|-supereffective|p1a: Hydrapple
|-damage|p1a: Hydrapple|0 fnt
|faint|p1a: Hydrapple
|
|upkeep
|-message|John L Pokemon forfeited.
|
|win|Adromas
|raw|John L Pokemon's rating: 1149 &rarr; <strong>1126</strong><br />(-23 for losing)
|raw|Adromas's rating: 1174 &rarr; <strong>1197</strong><br />(+23 for winning)
|l|☆John L Pokemon
|player|p1|
|l|☆Adromas
|player|p2|
