|j|☆Acting Male
|j|☆Pope111222333
|t:|1743833321
|gametype|singles
|player|p1|Acting Male|darach-caitlin|1484
|player|p2|Pope111222333|169|1500
|teamsize|p1|6
|teamsize|p2|6
|gen|9
|tier|[Gen 9] OU
|rated|
|rule|HP Percentage Mod: HP is shown in percentages
|rule|Endless Battle Clause: Forcing endless battles is banned
|rule|Species Clause: Limit one of each Pokémon
|rule|OHKO Clause: OHKO moves are banned
|rule|Evasion Items Clause: Evasion items are banned
|rule|Evasion Moves Clause: Evasion moves are banned
|rule|Sleep Moves Clause: Sleep-inducing moves are banned
|clearpoke
|poke|p1|Iron Crown|
|poke|p1|Iron Hands|
|poke|p1|Grimmsnarl, M|
|poke|p1|Great Tusk|
|poke|p1|Dragonite, M|
|poke|p1|Glimmora, F|
|poke|p2|Hatterene, F|
|poke|p2|Ursaluna, M|
|poke|p2|Torkoal, M|
|poke|p2|Hawlucha, M|
|poke|p2|Indeedee, M|
|poke|p2|Armarouge, F|
|teampreview
|inactive|Battle timer is ON: inactive players will automatically lose when time's up. (requested by Acting Male)
|
|t:|1743833343
|start
|switch|p1a: Glimmora|Glimmora, F|100/100
|switch|p2a: Hatterene|Hatterene, F|100/100
|turn|1
|
|t:|1743833347
|move|p1a: Glimmora|Meteor Beam||[still]
|-prepare|p1a: Glimmora|Meteor Beam
|-boost|p1a: Glimmora|spa|1
|-enditem|p1a: Glimmora|Power Herb
|-anim|p1a: Glimmora|Meteor Beam|p2a: Hatterene
|-enditem|p2a: Hatterene|Focus Sash
|-damage|p2a: Hatterene|1/100
|move|p2a: Hatterene|Trick Room|p2a: Hatterene
|-fieldstart|move: Trick Room|[of] p2a: Hatterene
|
|upkeep
|turn|2
|
|t:|1743833357
|move|p2a: Hatterene|Healing Wish|p2a: Hatterene
|faint|p2a: Hatterene
|move|p1a: Glimmora|Rock Polish|p1a: Glimmora
|-boost|p1a: Glimmora|spe|2
|
|upkeep
|
|t:|1743833360
|switch|p2a: Ursaluna|Ursaluna, M|100/100
|turn|3
|
|t:|1743833368
|move|p2a: Ursaluna|Headlong Rush|p1a: Glimmora
|-supereffective|p1a: Glimmora
|-damage|p1a: Glimmora|0 fnt
|-unboost|p2a: Ursaluna|def|1
|-unboost|p2a: Ursaluna|spd|1
|-activate|p1a: Glimmora|ability: Toxic Debris
|-sidestart|p2: Pope111222333|move: Toxic Spikes
|faint|p1a: Glimmora
|
|-status|p2a: Ursaluna|brn|[from] item: Flame Orb
|upkeep
|
|t:|1743833375
|switch|p1a: Grimmsnarl|Grimmsnarl, M, shiny|100/100
|turn|4
|
|t:|1743833377
|move|p1a: Grimmsnarl|Reflect|p1a: Grimmsnarl
|-sidestart|p1: Acting Male|Reflect
|move|p2a: Ursaluna|Facade|p1a: Grimmsnarl
|-damage|p1a: Grimmsnarl|40/100
|
|-damage|p2a: Ursaluna|94/100 brn|[from] brn
|upkeep
|turn|5
|
|t:|1743833385
|switch|p2a: Hawlucha|Hawlucha, M|100/100
|-ability|p2a: Hawlucha|Mold Breaker
|move|p1a: Grimmsnarl|Parting Shot|p2a: Hawlucha
|-unboost|p2a: Hawlucha|atk|1
|-unboost|p2a: Hawlucha|spa|1
|
|t:|1743833404
|switch|p1a: Dragonite|Dragonite, M|100/100|[from] Parting Shot
|
|-fieldend|move: Trick Room
|upkeep
|turn|6
|
|t:|1743833407
|move|p2a: Hawlucha|Defog|p1a: Dragonite
|-unboost|p1a: Dragonite|evasion|1
|-sideend|p1: Acting Male|Reflect
|-sideend|p2: Pope111222333|Toxic Spikes|[from] move: Defog|[of] p2a: Hawlucha
|move|p1a: Dragonite|Dragon Dance|p1a: Dragonite
|-boost|p1a: Dragonite|atk|1
|-boost|p1a: Dragonite|spe|1
|
|upkeep
|turn|7
|
|t:|1743833411
|move|p1a: Dragonite|Scale Shot|p2a: Hawlucha
|-damage|p2a: Hawlucha|69/100
|-damage|p2a: Hawlucha|35/100
|-damage|p2a: Hawlucha|2/100
|-damage|p2a: Hawlucha|0 fnt
|faint|p2a: Hawlucha
|-hitcount|p2: Hawlucha|4
|-unboost|p1a: Dragonite|def|1
|-boost|p1a: Dragonite|spe|1
|
|upkeep
|inactive|Pope111222333 has 120 seconds left.
|
|t:|1743833470
|switch|p2a: Torkoal|Torkoal, M|100/100
|-weather|SunnyDay|[from] ability: Drought|[of] p2a: Torkoal
|turn|8
|
|t:|1743833474
|-terastallize|p1a: Dragonite|Fire
|move|p1a: Dragonite|Dragon Dance|p1a: Dragonite
|-boost|p1a: Dragonite|atk|1
|-boost|p1a: Dragonite|spe|1
|move|p2a: Torkoal|Weather Ball|p1a: Dragonite
|-resisted|p1a: Dragonite
|-damage|p1a: Dragonite|75/100
|
|-weather|SunnyDay|[upkeep]
|upkeep
|turn|9
|
|t:|1743833480
|move|p1a: Dragonite|Scale Shot|p2a: Torkoal
|-damage|p2a: Torkoal|80/100
|-damage|p2a: Torkoal|58/100
|-damage|p2a: Torkoal|37/100
|-damage|p2a: Torkoal|14/100
|-damage|p2a: Torkoal|0 fnt
|faint|p2a: Torkoal
|-hitcount|p2: Torkoal|5
|-unboost|p1a: Dragonite|def|1
|-boost|p1a: Dragonite|spe|1
|
|-weather|SunnyDay|[upkeep]
|upkeep
|
|t:|1743833484
|switch|p2a: Ursaluna|Ursaluna, M|94/100 brn
|-heal|p2a: Ursaluna|100/100|[from] move: Healing Wish
|turn|10
|
|t:|1743833489
|move|p1a: Dragonite|Scale Shot|p2a: Ursaluna
|-crit|p2a: Ursaluna
|-damage|p2a: Ursaluna|69/100
|-damage|p2a: Ursaluna|48/100
|-damage|p2a: Ursaluna|27/100
|-damage|p2a: Ursaluna|5/100
|-damage|p2a: Ursaluna|0 fnt
|faint|p2a: Ursaluna
|-hitcount|p2: Ursaluna|5
|-unboost|p1a: Dragonite|def|1
|-boost|p1a: Dragonite|spe|1
|
|-weather|SunnyDay|[upkeep]
|upkeep
|inactive|Pope111222333 has 120 seconds left.
|l|☆Pope111222333
|inactive|Pope111222333 disconnected and has a minute to reconnect!
|player|p2|
|inactive|Pope111222333 has 30 seconds to reconnect!
|inactive|Pope111222333 has 20 seconds to reconnect!
|inactive|Pope111222333 has 15 seconds to reconnect!
|inactive|Pope111222333 has 10 seconds to reconnect!
|inactive|Pope111222333 has 5 seconds to reconnect!
|-message|Pope111222333 lost due to inactivity.
|
|win|Acting Male
|raw|Acting Male's rating: 1484 &rarr; <strong>1505</strong><br />(+21 for winning)
|raw|Pope111222333's rating: 1500 &rarr; <strong>1479</strong><br />(-21 for losing)
|l|☆Acting Male
|player|p1|
