|j|☆Luxenlight
|j|☆xIZZYx
|t:|1743834707
|gametype|singles
|player|p1|Luxenlight|richboy-gen4|1390
|player|p2|xIZZYx|lance|1374
|teamsize|p1|6
|teamsize|p2|6
|gen|9
|tier|[Gen 9] OU
|rated|
|rule|HP Percentage Mod: HP is shown in percentages
|rule|Endless Battle Clause: Forcing endless battles is banned
|rule|Species Clause: Limit one of each Pokémon
|rule|OHKO Clause: OHKO moves are banned
|rule|Evasion Items Clause: Evasion items are banned
|rule|Evasion Moves Clause: Evasion moves are banned
|rule|Sleep Moves Clause: Sleep-inducing moves are banned
|clearpoke
|poke|p1|Moltres|
|poke|p1|Raging Bolt|
|poke|p1|Pecharunt|
|poke|p1|Ogerpon-Wellspring, F|
|poke|p1|Great Tusk|
|poke|p1|Kingambit, M|
|poke|p2|Glimmora, F|
|poke|p2|Gholdengo|
|poke|p2|Samurott-Hisui, M|
|poke|p2|Tornadus-Therian, M|
|poke|p2|Serperior, F|
|poke|p2|Garchomp, M|
|teampreview
|inactive|Battle timer is ON: inactive players will automatically lose when time's up. (requested by Luxenlight)
|
|t:|1743834723
|start
|switch|p1a: Stormbringer|Raging Bolt|100/100
|switch|p2a: Tornadus|Tornadus-Therian, M|100/100
|-enditem|p1a: Stormbringer|Booster Energy
|-activate|p1a: Stormbringer|ability: Protosynthesis|[fromitem]
|-start|p1a: Stormbringer|protosynthesisspa
|turn|1
|
|t:|1743834740
|switch|p2a: Gholdengo|Gholdengo|100/100
|-item|p2a: Gholdengo|Air Balloon
|move|p1a: Stormbringer|Dragon Pulse|p2a: Gholdengo
|-resisted|p2a: Gholdengo
|-damage|p2a: Gholdengo|61/100
|-enditem|p2a: Gholdengo|Air Balloon
|
|upkeep
|turn|2
|
|t:|1743834749
|switch|p2a: Garchomp|Garchomp, M|100/100
|move|p1a: Stormbringer|Thunderclap||[still]
|-fail|p1a: Stormbringer
|
|upkeep
|turn|3
|
|t:|1743834761
|-end|p1a: Stormbringer|Protosynthesis|[silent]
|switch|p1a: Phoenix|Moltres|100/100
|move|p2a: Garchomp|Scale Shot|p1a: Phoenix
|-damage|p1a: Phoenix|86/100
|-damage|p1a: Phoenix|73/100
|-damage|p1a: Phoenix|60/100
|-damage|p1a: Phoenix|47/100
|-damage|p1a: Phoenix|33/100
|-hitcount|p1a: Phoenix|5
|-unboost|p2a: Garchomp|def|1
|-boost|p2a: Garchomp|spe|1
|
|upkeep
|turn|4
|
|t:|1743834776
|move|p2a: Garchomp|Scale Shot|p1a: Phoenix
|-damage|p1a: Phoenix|22/100
|-damage|p1a: Phoenix|8/100
|-damage|p1a: Phoenix|0 fnt
|faint|p1a: Phoenix
|-hitcount|p1: Phoenix|3
|-unboost|p2a: Garchomp|def|1
|-boost|p2a: Garchomp|spe|1
|
|upkeep
|
|t:|1743834785
|switch|p1a: Ravisher|Great Tusk|100/100
|turn|5
|
|t:|1743834793
|switch|p2a: Glimmora|Glimmora, F|100/100
|move|p1a: Ravisher|Ice Spinner|p2a: Glimmora
|-damage|p2a: Glimmora|82/100
|-damage|p1a: Ravisher|84/100|[from] item: Rocky Helmet|[of] p2a: Glimmora
|-activate|p2a: Glimmora|ability: Toxic Debris
|-sidestart|p1: Luxenlight|move: Toxic Spikes
|
|upkeep
|turn|6
|
|t:|1743834814
|move|p1a: Ravisher|Headlong Rush|p2a: Glimmora
|-supereffective|p2a: Glimmora
|-damage|p2a: Glimmora|0 fnt
|-unboost|p1a: Ravisher|def|1
|-unboost|p1a: Ravisher|spd|1
|-damage|p1a: Ravisher|68/100|[from] item: Rocky Helmet|[of] p2a: Glimmora
|-activate|p2a: Glimmora|ability: Toxic Debris
|-sidestart|p1: Luxenlight|move: Toxic Spikes
|faint|p2a: Glimmora
|
|upkeep
|
|t:|1743834818
|switch|p2a: Tornadus|Tornadus-Therian, M|100/100
|turn|7
|
|t:|1743834826
|-end|p1a: Ravisher|Protosynthesis|[silent]
|switch|p1a: Comptroller|Pecharunt|100/100
|-sideend|p1: Luxenlight|move: Toxic Spikes|[of] p1a: Comptroller
|move|p2a: Tornadus|Bleakwind Storm|p1a: Comptroller|[miss]
|-miss|p2a: Tornadus|p1a: Comptroller
|
|upkeep
|turn|8
|
|t:|1743834832
|switch|p1a: Stormbringer|Raging Bolt|100/100
|move|p2a: Tornadus|Knock Off|p1a: Stormbringer
|-damage|p1a: Stormbringer|88/100
|
|upkeep
|turn|9
|
|t:|1743834838
|switch|p2a: Garchomp|Garchomp, M|100/100
|move|p1a: Stormbringer|Thunderbolt|p2a: Garchomp
|-immune|p2a: Garchomp
|
|upkeep
|turn|10
|
|t:|1743834845
|-terastallize|p1a: Stormbringer|Fairy
|move|p2a: Garchomp|Scale Shot|p1a: Stormbringer
|-immune|p1a: Stormbringer
|move|p1a: Stormbringer|Dragon Pulse|p2a: Garchomp
|-supereffective|p2a: Garchomp
|-damage|p2a: Garchomp|0 fnt
|faint|p2a: Garchomp
|
|upkeep
|
|t:|1743834852
|switch|p2a: Serperior|Serperior, F|100/100
|turn|11
|
|t:|1743834863
|move|p2a: Serperior|Leaf Storm|p1a: Stormbringer
|-damage|p1a: Stormbringer|40/100
|-boost|p2a: Serperior|spa|2
|-damage|p2a: Serperior|91/100|[from] item: Life Orb
|move|p1a: Stormbringer|Dragon Pulse|p2a: Serperior
|-damage|p2a: Serperior|27/100
|
|upkeep
|turn|12
|
|t:|1743834871
|move|p1a: Stormbringer|Thunderclap|p2a: Serperior
|-resisted|p2a: Serperior
|-damage|p2a: Serperior|3/100
|move|p2a: Serperior|Giga Drain|p1a: Stormbringer
|-damage|p1a: Stormbringer|0 fnt
|-heal|p2a: Serperior|33/100|[from] drain|[of] p1a: Stormbringer
|faint|p1a: Stormbringer
|-end|p1a: Stormbringer|Protosynthesis|[silent]
|-damage|p2a: Serperior|24/100|[from] item: Life Orb
|
|upkeep
|
|t:|1743834881
|switch|p1a: Shogun|Kingambit, M|100/100
|-activate|p1a: Shogun|ability: Supreme Overlord
|-start|p1a: Shogun|fallen2|[silent]
|turn|13
|
|t:|1743834888
|switch|p2a: Samurott|Samurott-Hisui, M, shiny|100/100
|move|p1a: Shogun|Protect||[still]
|-fail|p1a: Shogun
|
|upkeep
|turn|14
|
|t:|1743834893
|move|p2a: Samurott|Sacred Sword|p1a: Shogun
|-supereffective|p1a: Shogun
|-enditem|p1a: Shogun|Focus Sash
|-damage|p1a: Shogun|1/100
|move|p1a: Shogun|Brick Break|p2a: Samurott
|-supereffective|p2a: Samurott
|-damage|p2a: Samurott|19/100
|
|upkeep
|turn|15
|
|t:|1743834901
|move|p2a: Samurott|Aqua Jet|p1a: Shogun
|-damage|p1a: Shogun|0 fnt
|faint|p1a: Shogun
|-end|p1a: Shogun|fallen2|[silent]
|
|upkeep
|
|t:|1743834907
|switch|p1a: Weeping Angel|Ogerpon-Wellspring, F|100/100
|turn|16
|
|t:|1743834914
|move|p1a: Weeping Angel|Horn Leech|p2a: Samurott
|-supereffective|p2a: Samurott
|-damage|p2a: Samurott|0 fnt
|faint|p2a: Samurott
|
|upkeep
|
|t:|1743834918
|switch|p2a: Tornadus|Tornadus-Therian, M|100/100
|turn|17
|
|t:|1743834926
|move|p2a: Tornadus|Bleakwind Storm|p1a: Weeping Angel
|-supereffective|p1a: Weeping Angel
|-damage|p1a: Weeping Angel|0 fnt
|faint|p1a: Weeping Angel
|
|upkeep
|-message|Luxenlight forfeited.
|
|win|xIZZYx
|raw|Luxenlight's rating: 1390 &rarr; <strong>1369</strong><br />(-21 for losing)
|raw|xIZZYx's rating: 1374 &rarr; <strong>1395</strong><br />(+21 for winning)
|l|☆Luxenlight
|player|p1|
|l|☆xIZZYx
|player|p2|
