|j|☆Xephelix
|j|☆emoperishtrap
|t:|1743832390
|gametype|singles
|player|p1|Xephelix|janitor|1183
|player|p2|emoperishtrap|266|1097
|teamsize|p1|6
|teamsize|p2|6
|gen|9
|tier|[Gen 9] OU
|rated|
|rule|HP Percentage Mod: HP is shown in percentages
|rule|Endless Battle Clause: Forcing endless battles is banned
|rule|Species Clause: Limit one of each Pokémon
|rule|OHKO Clause: OHKO moves are banned
|rule|Evasion Items Clause: Evasion items are banned
|rule|Evasion Moves Clause: Evasion moves are banned
|rule|Sleep Moves Clause: Sleep-inducing moves are banned
|clearpoke
|poke|p1|Glimmora, M|
|poke|p1|Kingambit, M|
|poke|p1|Serperior, F|
|poke|p1|Gholdengo|
|poke|p1|Zapdos-Galar|
|poke|p1|Dragonite, M|
|poke|p2|Klefki, F|
|poke|p2|Kleavor, M|
|poke|p2|Bronzong|
|poke|p2|Zapdos-Galar|
|poke|p2|Magmortar, M|
|poke|p2|Quaquaval, M|
|teampreview
|
|t:|1743832403
|start
|switch|p1a: Glimmora|Glimmora, M|100/100
|switch|p2a: Taco|Bronzong|100/100
|turn|1
|
|t:|1743832416
|move|p1a: Glimmora|Stealth Rock|p2a: Taco
|-sidestart|p2: emoperishtrap|move: Stealth Rock
|move|p2a: Taco|Stealth Rock|p1a: Glimmora
|-sidestart|p1: Xephelix|move: Stealth Rock
|
|upkeep
|turn|2
|
|t:|1743832429
|switch|p1a: Gholdengo|Gholdengo|100/100
|-damage|p1a: Gholdengo|94/100|[from] Stealth Rock
|move|p2a: Taco|Iron Defense|p2a: Taco
|-boost|p2a: Taco|def|2
|
|upkeep
|turn|3
|
|t:|1743832436
|move|p1a: Gholdengo|Trick|p2a: Taco
|-activate|p1a: Gholdengo|move: Trick|[of] p2a: Taco
|-item|p2a: Taco|Choice Scarf|[from] move: Trick
|-item|p1a: Gholdengo|Leftovers|[from] move: Trick
|move|p2a: Taco|Psychic Noise|p1a: Gholdengo
|-resisted|p1a: Gholdengo
|-damage|p1a: Gholdengo|83/100
|-start|p1a: Gholdengo|move: Heal Block
|
|upkeep
|turn|4
|
|t:|1743832447
|move|p1a: Gholdengo|Shadow Ball|p2a: Taco
|-supereffective|p2a: Taco
|-damage|p2a: Taco|28/100
|move|p2a: Taco|Psychic Noise|p1a: Gholdengo
|-resisted|p1a: Gholdengo
|-damage|p1a: Gholdengo|70/100
|
|-end|p1a: Gholdengo|move: Heal Block
|upkeep
|turn|5
|
|t:|1743832461
|switch|p2a: 3D Printable Crime|Klefki, F|100/100
|-damage|p2a: 3D Printable Crime|95/100|[from] Stealth Rock
|move|p1a: Gholdengo|Shadow Ball|p2a: 3D Printable Crime
|-damage|p2a: 3D Printable Crime|56/100
|
|-heal|p1a: Gholdengo|76/100|[from] item: Leftovers
|upkeep
|turn|6
|
|t:|1743832473
|move|p2a: 3D Printable Crime|Light Screen|p2a: 3D Printable Crime
|-sidestart|p2: emoperishtrap|move: Light Screen
|move|p1a: Gholdengo|Shadow Ball|p2a: 3D Printable Crime
|-damage|p2a: 3D Printable Crime|39/100
|-unboost|p2a: 3D Printable Crime|spd|1
|
|-heal|p1a: Gholdengo|82/100|[from] item: Leftovers
|upkeep
|turn|7
|
|t:|1743832503
|move|p2a: 3D Printable Crime|Reflect|p2a: 3D Printable Crime
|-sidestart|p2: emoperishtrap|Reflect
|move|p1a: Gholdengo|Make It Rain|p2a: 3D Printable Crime
|-damage|p2a: 3D Printable Crime|0 fnt
|-unboost|p1a: Gholdengo|spa|1
|faint|p2a: 3D Printable Crime
|
|-heal|p1a: Gholdengo|88/100|[from] item: Leftovers
|upkeep
|
|t:|1743832526
|switch|p2a: Discord Mod|Magmortar, M|100/100
|-damage|p2a: Discord Mod|76/100|[from] Stealth Rock
|turn|8
|
|t:|1743832547
|switch|p1a: Glimmora|Glimmora, M|100/100
|-damage|p1a: Glimmora|88/100|[from] Stealth Rock
|move|p2a: Discord Mod|Thunderbolt|p1a: Glimmora
|-damage|p1a: Glimmora|46/100
|
|upkeep
|turn|9
|
|t:|1743832558
|move|p1a: Glimmora|Mortal Spin|p2a: Discord Mod
|-damage|p2a: Discord Mod|72/100
|-status|p2a: Discord Mod|psn
|-sideend|p1: Xephelix|Stealth Rock|[from] move: Mortal Spin|[of] p1a: Glimmora
|move|p2a: Discord Mod|Psychic|p1a: Glimmora
|-supereffective|p1a: Glimmora
|-damage|p1a: Glimmora|0 fnt
|faint|p1a: Glimmora
|
|-damage|p2a: Discord Mod|59/100 psn|[from] psn
|upkeep
|
|t:|1743832567
|switch|p1a: Serperior|Serperior, F|100/100
|turn|10
|
|t:|1743832583
|move|p1a: Serperior|Dragon Pulse|p2a: Discord Mod
|-damage|p2a: Discord Mod|47/100 psn
|move|p2a: Discord Mod|Flamethrower|p1a: Serperior
|-supereffective|p1a: Serperior
|-crit|p1a: Serperior
|-damage|p1a: Serperior|0 fnt
|faint|p1a: Serperior
|
|-damage|p2a: Discord Mod|34/100 psn|[from] psn
|upkeep
|
|t:|1743832592
|switch|p1a: Zapdos|Zapdos-Galar|100/100
|turn|11
|
|t:|1743832595
|move|p1a: Zapdos|Substitute|p1a: Zapdos
|-start|p1a: Zapdos|Substitute
|-damage|p1a: Zapdos|76/100
|move|p2a: Discord Mod|Thunderbolt|p1a: Zapdos
|-supereffective|p1a: Zapdos
|-end|p1a: Zapdos|Substitute
|
|-heal|p1a: Zapdos|82/100|[from] item: Leftovers
|-damage|p2a: Discord Mod|22/100 psn|[from] psn
|upkeep
|turn|12
|
|t:|1743832610
|move|p1a: Zapdos|Thunderous Kick|p2a: Discord Mod
|-damage|p2a: Discord Mod|0 fnt
|-status|p1a: Zapdos|brn|[from] ability: Flame Body|[of] p2a: Discord Mod
|faint|p2a: Discord Mod
|
|-heal|p1a: Zapdos|88/100 brn|[from] item: Leftovers
|-damage|p1a: Zapdos|82/100 brn|[from] brn
|upkeep
|
|t:|1743832627
|switch|p2a: Taco|Bronzong|28/100
|-damage|p2a: Taco|22/100|[from] Stealth Rock
|turn|13
|
|t:|1743832630
|move|p1a: Zapdos|Knock Off|p2a: Taco
|-supereffective|p2a: Taco
|-damage|p2a: Taco|11/100
|-enditem|p2a: Taco|Choice Scarf|[from] move: Knock Off|[of] p1a: Zapdos
|move|p2a: Taco|Stealth Rock|p1a: Zapdos
|-sidestart|p1: Xephelix|move: Stealth Rock
|
|-heal|p1a: Zapdos|88/100 brn|[from] item: Leftovers
|-damage|p1a: Zapdos|82/100 brn|[from] brn
|-sideend|p2: emoperishtrap|move: Light Screen
|upkeep
|turn|14
|
|t:|1743832642
|switch|p1a: Gholdengo|Gholdengo|88/100
|-damage|p1a: Gholdengo|82/100|[from] Stealth Rock
|move|p2a: Taco|Psychic Noise|p1a: Gholdengo
|-resisted|p1a: Gholdengo
|-damage|p1a: Gholdengo|70/100
|-start|p1a: Gholdengo|move: Heal Block
|
|-sideend|p2: emoperishtrap|Reflect
|upkeep
|turn|15
|
|t:|1743832655
|move|p1a: Gholdengo|Shadow Ball|p2a: Taco
|-supereffective|p2a: Taco
|-damage|p2a: Taco|0 fnt
|faint|p2a: Taco
|
|-end|p1a: Gholdengo|move: Heal Block
|upkeep
|
|t:|1743832663
|switch|p2a: WHY TEXAS???|Zapdos-Galar|100/100
|-damage|p2a: WHY TEXAS???|88/100|[from] Stealth Rock
|turn|16
|
|t:|1743832675
|move|p2a: WHY TEXAS???|Knock Off|p1a: Gholdengo
|-supereffective|p1a: Gholdengo
|-damage|p1a: Gholdengo|0 fnt
|-enditem|p1a: Gholdengo|Leftovers|[from] move: Knock Off|[of] p2a: WHY TEXAS???
|faint|p1a: Gholdengo
|
|upkeep
|
|t:|1743832691
|switch|p1a: Dragonite|Dragonite, M|100/100
|-damage|p1a: Dragonite|76/100|[from] Stealth Rock
|turn|17
|
|t:|1743832704
|move|p2a: WHY TEXAS???|U-turn|p1a: Dragonite
|-resisted|p1a: Dragonite
|-damage|p1a: Dragonite|63/100
|
|t:|1743832716
|switch|p2a: Gamer Posture|Kleavor, M|100/100|[from] U-turn
|-damage|p2a: Gamer Posture|76/100|[from] Stealth Rock
|move|p1a: Dragonite|Ice Spinner|p2a: Gamer Posture
|-damage|p2a: Gamer Posture|13/100
|
|upkeep
|turn|18
|
|t:|1743832725
|switch|p1a: Zapdos|Zapdos-Galar|82/100 brn
|-damage|p1a: Zapdos|69/100 brn|[from] Stealth Rock
|move|p2a: Gamer Posture|Stone Axe|p1a: Zapdos|[miss]
|-miss|p2a: Gamer Posture|p1a: Zapdos
|
|-heal|p1a: Zapdos|75/100 brn|[from] item: Leftovers
|-damage|p1a: Zapdos|69/100 brn|[from] brn
|upkeep
|turn|19
|
|t:|1743832732
|move|p1a: Zapdos|Thunderous Kick|p2a: Gamer Posture
|-crit|p2a: Gamer Posture
|-damage|p2a: Gamer Posture|0 fnt
|faint|p2a: Gamer Posture
|
|-heal|p1a: Zapdos|75/100 brn|[from] item: Leftovers
|-damage|p1a: Zapdos|69/100 brn|[from] brn
|upkeep
|
|t:|1743832736
|switch|p2a: WHY TEXAS???|Zapdos-Galar|88/100
|-damage|p2a: WHY TEXAS???|76/100|[from] Stealth Rock
|turn|20
|
|t:|1743832752
|-terastallize|p2a: WHY TEXAS???|Flying
|move|p2a: WHY TEXAS???|Brave Bird|p1a: Zapdos
|-supereffective|p1a: Zapdos
|-damage|p1a: Zapdos|0 fnt
|faint|p1a: Zapdos
|-damage|p2a: WHY TEXAS???|52/100|[from] Recoil
|
|upkeep
|
|t:|1743832758
|switch|p1a: Kingambit|Kingambit, M|100/100
|-damage|p1a: Kingambit|94/100|[from] Stealth Rock
|-activate|p1a: Kingambit|ability: Supreme Overlord
|-start|p1a: Kingambit|fallen4|[silent]
|turn|21
|
|t:|1743832775
|move|p1a: Kingambit|Sucker Punch|p2a: WHY TEXAS???
|-damage|p2a: WHY TEXAS???|0 fnt
|faint|p2a: WHY TEXAS???
|
|-heal|p1a: Kingambit|100/100|[from] item: Leftovers
|upkeep
|
|t:|1743832778
|switch|p2a: James Charles|Quaquaval, M|100/100
|-damage|p2a: James Charles|94/100|[from] Stealth Rock
|turn|22
|
|t:|1743832784
|move|p2a: James Charles|Bulk Up|p2a: James Charles
|-boost|p2a: James Charles|atk|1
|-boost|p2a: James Charles|def|1
|move|p1a: Kingambit|Kowtow Cleave|p2a: James Charles
|-resisted|p2a: James Charles
|-damage|p2a: James Charles|69/100
|
|upkeep
|turn|23
|
|t:|1743832795
|move|p2a: James Charles|Aqua Step|p1a: Kingambit
|-damage|p1a: Kingambit|57/100
|-boost|p2a: James Charles|spe|1
|move|p1a: Kingambit|Swords Dance|p1a: Kingambit
|-boost|p1a: Kingambit|atk|2
|
|-heal|p1a: Kingambit|64/100|[from] item: Leftovers
|upkeep
|turn|24
|
|t:|1743832806
|move|p2a: James Charles|Bulk Up|p2a: James Charles
|-boost|p2a: James Charles|atk|1
|-boost|p2a: James Charles|def|1
|move|p1a: Kingambit|Kowtow Cleave|p2a: James Charles
|-resisted|p2a: James Charles
|-crit|p2a: James Charles
|-damage|p2a: James Charles|0 fnt
|faint|p2a: James Charles
|
|win|Xephelix
|raw|Xephelix's rating: 1183 &rarr; <strong>1202</strong><br />(+19 for winning)
|raw|emoperishtrap's rating: 1097 &rarr; <strong>1078</strong><br />(-19 for losing)
|l|☆emoperishtrap
|player|p2|
|l|☆Xephelix
|player|p1|
