|badge|p2|silver|gen9ou|30-5
|uhtml|medal-msg|<div class="broadcast-blue">Curious what those medals under the avatar are? PS now has Ladder Seasons! For more information, check out the <a href="https://www.smogon.com/forums/threads/3740067/">thread on Smogon.</a></div>
|j|☆Billygunter
|j|☆tonyrayyy
|t:|1743821028
|gametype|singles
|player|p1|Billygunter|169|1844
|player|p2|tonyrayyy|cynthia-gen4|1914
|teamsize|p1|6
|teamsize|p2|6
|gen|9
|tier|[Gen 9] OU
|rated|
|rule|HP Percentage Mod: HP is shown in percentages
|rule|Endless Battle Clause: Forcing endless battles is banned
|rule|Species Clause: Limit one of each Pokémon
|rule|OHKO Clause: OHKO moves are banned
|rule|Evasion Items Clause: Evasion items are banned
|rule|Evasion Moves Clause: Evasion moves are banned
|rule|Sleep Moves Clause: Sleep-inducing moves are banned
|clearpoke
|poke|p1|Cobalion|
|poke|p1|Pecharunt|
|poke|p1|Ting-Lu|
|poke|p1|Ogerpon-Wellspring, F|
|poke|p1|Dragapult, M|
|poke|p1|Great Tusk|
|poke|p2|Gholdengo|
|poke|p2|Samurott-Hisui, F|
|poke|p2|Kingambit, M|
|poke|p2|Zapdos|
|poke|p2|Great Tusk|
|poke|p2|Slowking-Galar, F|
|teampreview
|j| Overrated445
|
|t:|1743821038
|start
|switch|p1a: Cobalion|Cobalion|100/100
|switch|p2a: Samurott|Samurott-Hisui, F|100/100
|turn|1
|
|t:|1743821045
|move|p2a: Samurott|Flip Turn|p1a: Cobalion
|-damage|p1a: Cobalion|83/100
|-damage|p2a: Samurott|84/100|[from] item: Rocky Helmet|[of] p1a: Cobalion
|
|t:|1743821049
|switch|p2a: Zapdos|Zapdos|100/100|[from] Flip Turn
|move|p1a: Cobalion|Stealth Rock|p2a: Zapdos
|-sidestart|p2: tonyrayyy|move: Stealth Rock
|
|upkeep
|turn|2
|
|t:|1743821057
|switch|p2a: Slowking|Slowking-Galar, F|100/100
|move|p1a: Cobalion|Volt Switch|p2a: Slowking
|-damage|p2a: Slowking|92/100
|
|t:|1743821070
|switch|p1a: Ting-Lu|Ting-Lu|100/100|[from] Volt Switch
|-ability|p1a: Ting-Lu|Vessel of Ruin
|
|upkeep
|turn|3
|inactive|Battle timer is ON: inactive players will automatically lose when time's up. (requested by tonyrayyy)
|
|t:|1743821076
|move|p1a: Ting-Lu|Spikes|p2a: Slowking
|-sidestart|p2: tonyrayyy|Spikes
|move|p2a: Slowking|Toxic|p1a: Ting-Lu
|-status|p1a: Ting-Lu|tox
|
|-damage|p1a: Ting-Lu|94/100 tox|[from] psn
|upkeep
|turn|4
|
|t:|1743821083
|switch|p2a: Great Tusk|Great Tusk|100/100
|move|p1a: Ting-Lu|Spikes|p2a: Great Tusk
|-sidestart|p2: tonyrayyy|Spikes
|
|-heal|p1a: Ting-Lu|100/100 tox|[from] item: Leftovers
|-damage|p1a: Ting-Lu|88/100 tox|[from] psn
|upkeep
|turn|5
|j| rickywang
|
|t:|1743821092
|switch|p1a: Pecharunt|Pecharunt|100/100
|-item|p1a: Pecharunt|Air Balloon
|move|p2a: Great Tusk|Stealth Rock|p1a: Pecharunt
|-sidestart|p1: Billygunter|move: Stealth Rock
|
|upkeep
|turn|6
|
|t:|1743821098
|-end|p2a: Great Tusk|Protosynthesis|[silent]
|switch|p2a: Slowking|Slowking-Galar, F|100/100
|move|p1a: Pecharunt|Parting Shot|p2a: Slowking
|-unboost|p2a: Slowking|atk|1
|-unboost|p2a: Slowking|spa|1
|
|t:|1743821109
|switch|p1a: Ogerpon|Ogerpon-Wellspring, F|100/100|[from] Parting Shot
|-damage|p1a: Ogerpon|88/100|[from] Stealth Rock
|
|upkeep
|turn|7
|
|t:|1743821115
|move|p1a: Ogerpon|Knock Off|p2a: Slowking
|-supereffective|p2a: Slowking
|-damage|p2a: Slowking|12/100
|-enditem|p2a: Slowking|Heavy-Duty Boots|[from] move: Knock Off|[of] p1a: Ogerpon
|move|p2a: Slowking|Toxic|p1a: Ogerpon
|-status|p1a: Ogerpon|tox
|
|-damage|p1a: Ogerpon|82/100 tox|[from] psn
|upkeep
|turn|8
|j| nd9gfzgougingfuck
|
|t:|1743821127
|switch|p2a: Zapdos|Zapdos|100/100
|move|p1a: Ogerpon|Ivy Cudgel|p2a: Zapdos|[anim] Ivy Cudgel Water
|-crit|p2a: Zapdos
|-damage|p2a: Zapdos|32/100
|
|-damage|p1a: Ogerpon|70/100 tox|[from] psn
|upkeep
|turn|9
|
|t:|1743821136
|switch|p2a: Samurott|Samurott-Hisui, F|84/100
|-damage|p2a: Samurott|72/100|[from] Stealth Rock
|-damage|p2a: Samurott|55/100|[from] Spikes
|move|p1a: Ogerpon|Ivy Cudgel|p2a: Samurott|[anim] Ivy Cudgel Water
|-resisted|p2a: Samurott
|-damage|p2a: Samurott|16/100
|
|-damage|p1a: Ogerpon|52/100 tox|[from] psn
|upkeep
|turn|10
|
|t:|1743821147
|switch|p1a: Great Tusk|Great Tusk|100/100
|move|p2a: Samurott|Ceaseless Edge|p1a: Great Tusk
|-resisted|p1a: Great Tusk
|-damage|p1a: Great Tusk|84/100
|-sidestart|p1: Billygunter|Spikes
|
|upkeep
|turn|11
|
|t:|1743821155
|move|p2a: Samurott|Ceaseless Edge|p1a: Great Tusk
|-resisted|p1a: Great Tusk
|-damage|p1a: Great Tusk|68/100
|-sidestart|p1: Billygunter|Spikes
|move|p1a: Great Tusk|Knock Off|p2a: Samurott
|-resisted|p2a: Samurott
|-damage|p2a: Samurott|0 fnt
|-enditem|p2a: Samurott|Choice Scarf|[from] move: Knock Off|[of] p1a: Great Tusk
|faint|p2a: Samurott
|
|upkeep
|
|t:|1743821163
|switch|p2a: Gholdengo|Gholdengo|100/100
|-damage|p2a: Gholdengo|94/100|[from] Stealth Rock
|-item|p2a: Gholdengo|Air Balloon
|turn|12
|
|t:|1743821171
|-end|p1a: Great Tusk|Protosynthesis|[silent]
|switch|p1a: Ting-Lu|Ting-Lu|88/100 tox
|-damage|p1a: Ting-Lu|82/100 tox|[from] Stealth Rock
|-damage|p1a: Ting-Lu|65/100 tox|[from] Spikes
|-ability|p1a: Ting-Lu|Vessel of Ruin
|move|p2a: Gholdengo|Make It Rain|p1a: Ting-Lu
|-damage|p1a: Ting-Lu|36/100 tox
|-unboost|p2a: Gholdengo|spa|1
|
|-heal|p1a: Ting-Lu|42/100 tox|[from] item: Leftovers
|-damage|p1a: Ting-Lu|36/100 tox|[from] psn
|upkeep
|turn|13
|
|t:|1743821191
|switch|p2a: Zapdos|Zapdos|32/100
|switch|p1a: Dragapult|Dragapult, M|100/100
|-damage|p1a: Dragapult|88/100|[from] Stealth Rock
|-damage|p1a: Dragapult|72/100|[from] Spikes
|
|upkeep
|turn|14
|
|t:|1743821203
|switch|p2a: Slowking|Slowking-Galar, F|45/100
|-damage|p2a: Slowking|33/100|[from] Stealth Rock
|-damage|p2a: Slowking|16/100|[from] Spikes
|move|p1a: Dragapult|Shadow Ball|p2a: Slowking
|-supereffective|p2a: Slowking
|-damage|p2a: Slowking|0 fnt
|faint|p2a: Slowking
|
|upkeep
|
|t:|1743821223
|switch|p2a: Kingambit|Kingambit, M|100/100
|-damage|p2a: Kingambit|94/100|[from] Stealth Rock
|-damage|p2a: Kingambit|78/100|[from] Spikes
|-activate|p2a: Kingambit|ability: Supreme Overlord
|-start|p2a: Kingambit|fallen2|[silent]
|turn|15
|
|t:|1743821236
|switch|p1a: Cobalion|Cobalion|83/100
|-damage|p1a: Cobalion|80/100|[from] Stealth Rock
|-damage|p1a: Cobalion|64/100|[from] Spikes
|move|p2a: Kingambit|Low Kick|p1a: Cobalion
|-supereffective|p1a: Cobalion
|-damage|p1a: Cobalion|0 fnt
|-damage|p2a: Kingambit|61/100|[from] item: Rocky Helmet|[of] p1a: Cobalion
|faint|p1a: Cobalion
|
|upkeep
|
|t:|1743821248
|switch|p1a: Great Tusk|Great Tusk|68/100
|turn|16
|
|t:|1743821252
|-end|p2a: Kingambit|fallen2|[silent]
|switch|p2a: Zapdos|Zapdos|32/100
|move|p1a: Great Tusk|Knock Off|p2a: Zapdos
|-damage|p2a: Zapdos|6/100
|-enditem|p2a: Zapdos|Heavy-Duty Boots|[from] move: Knock Off|[of] p1a: Great Tusk
|
|upkeep
|turn|17
|
|t:|1743821261
|move|p1a: Great Tusk|Rapid Spin|p2a: Zapdos
|-damage|p2a: Zapdos|0 fnt
|-boost|p1a: Great Tusk|spe|1
|-status|p1a: Great Tusk|par|[from] ability: Static|[of] p2a: Zapdos
|-sideend|p1: Billygunter|Spikes|[from] move: Rapid Spin|[of] p1a: Great Tusk
|-sideend|p1: Billygunter|Stealth Rock|[from] move: Rapid Spin|[of] p1a: Great Tusk
|faint|p2a: Zapdos
|
|upkeep
|j| MiniLarry
|
|t:|1743821271
|switch|p2a: Gholdengo|Gholdengo|94/100
|-damage|p2a: Gholdengo|88/100|[from] Stealth Rock
|-item|p2a: Gholdengo|Air Balloon
|turn|18
|
|t:|1743821278
|-end|p1a: Great Tusk|Protosynthesis|[silent]
|switch|p1a: Ting-Lu|Ting-Lu|36/100 tox
|-ability|p1a: Ting-Lu|Vessel of Ruin
|move|p2a: Gholdengo|Shadow Ball|p1a: Ting-Lu
|-resisted|p1a: Ting-Lu
|-damage|p1a: Ting-Lu|26/100 tox
|
|-heal|p1a: Ting-Lu|32/100 tox|[from] item: Leftovers
|-damage|p1a: Ting-Lu|26/100 tox|[from] psn
|upkeep
|turn|19
|
|t:|1743821293
|move|p2a: Gholdengo|Make It Rain|p1a: Ting-Lu
|-damage|p1a: Ting-Lu|0 fnt
|-unboost|p2a: Gholdengo|spa|1
|faint|p1a: Ting-Lu
|
|upkeep
|
|t:|1743821301
|switch|p1a: Dragapult|Dragapult, M|72/100
|turn|20
|
|t:|1743821313
|switch|p2a: Great Tusk|Great Tusk|100/100
|move|p1a: Dragapult|Shadow Ball|p2a: Great Tusk
|-damage|p2a: Great Tusk|37/100
|-unboost|p2a: Great Tusk|spd|1
|
|upkeep
|turn|21
|
|t:|1743821321
|move|p1a: Dragapult|Shadow Ball|p2a: Great Tusk
|-damage|p2a: Great Tusk|0 fnt
|faint|p2a: Great Tusk
|-end|p2a: Great Tusk|Protosynthesis|[silent]
|
|upkeep
|
|t:|1743821325
|switch|p2a: Kingambit|Kingambit, M|61/100
|-damage|p2a: Kingambit|55/100|[from] Stealth Rock
|-damage|p2a: Kingambit|39/100|[from] Spikes
|-activate|p2a: Kingambit|ability: Supreme Overlord
|-start|p2a: Kingambit|fallen4|[silent]
|turn|22
|
|t:|1743821336
|-terastallize|p1a: Dragapult|Ghost
|move|p1a: Dragapult|Shadow Ball|p2a: Kingambit
|-resisted|p2a: Kingambit
|-damage|p2a: Kingambit|0 fnt
|faint|p2a: Kingambit
|-end|p2a: Kingambit|fallen4|[silent]
|
|upkeep
|
|t:|1743821342
|switch|p2a: Gholdengo|Gholdengo|88/100
|-damage|p2a: Gholdengo|82/100|[from] Stealth Rock
|-item|p2a: Gholdengo|Air Balloon
|turn|23
|-message|tonyrayyy forfeited.
|
|win|Billygunter
|raw|Billygunter's rating: 1844 &rarr; <strong>1868</strong><br />(+24 for winning)
|raw|tonyrayyy's rating: 1914 &rarr; <strong>1890</strong><br />(-24 for losing)
|l|☆tonyrayyy
|player|p2|
|l| Overrated445
|l|☆Billygunter
|player|p1|
