|j|☆spac3_wo1f
|j|☆lupiit
|t:|1743831287
|gametype|singles
|player|p1|spac3_wo1f|n|1239
|player|p2|lupiit|dragontamer|1338
|teamsize|p1|6
|teamsize|p2|6
|gen|9
|tier|[Gen 9] OU
|rated|
|rule|HP Percentage Mod: HP is shown in percentages
|rule|Endless Battle Clause: Forcing endless battles is banned
|rule|Species Clause: Limit one of each Pokémon
|rule|OHKO Clause: OHKO moves are banned
|rule|Evasion Items Clause: Evasion items are banned
|rule|Evasion Moves Clause: Evasion moves are banned
|rule|Sleep Moves Clause: Sleep-inducing moves are banned
|clearpoke
|poke|p1|Araquanid, F|
|poke|p1|Dragapult, M|
|poke|p1|Zapdos|
|poke|p1|Pelipper, M|
|poke|p1|Quaquaval, F|
|poke|p1|Iron Treads|
|poke|p2|Iron Valiant|
|poke|p2|Glimmora, F|
|poke|p2|Smeargle, M|
|poke|p2|Enamorus, F|
|poke|p2|Tinkaton, F|
|poke|p2|Ogerpon-Wellspring, F|
|teampreview
|inactive|Battle timer is ON: inactive players will automatically lose when time's up. (requested by lupiit)
|
|t:|1743831306
|start
|switch|p1a: Iron Treads|Iron Treads|100/100
|switch|p2a: Ogerpon|Ogerpon-Wellspring, F|100/100
|turn|1
|c|☆lupiit|nope
|
|t:|1743831321
|-end|p1a: Iron Treads|Quark Drive|[silent]
|switch|p1a: Araquanid|Araquanid, F|100/100
|move|p2a: Ogerpon|Swords Dance|p2a: Ogerpon
|-boost|p2a: Ogerpon|atk|2
|
|upkeep
|turn|2
|
|t:|1743831328
|move|p2a: Ogerpon|Swords Dance|p2a: Ogerpon
|-boost|p2a: Ogerpon|atk|2
|move|p1a: Araquanid|Sticky Web|p2a: Ogerpon
|-sidestart|p2: lupiit|move: Sticky Web
|
|upkeep
|turn|3
|
|t:|1743831337
|move|p2a: Ogerpon|Swords Dance|p2a: Ogerpon
|-boost|p2a: Ogerpon|atk|2
|move|p1a: Araquanid|Leech Life|p2a: Ogerpon
|-supereffective|p2a: Ogerpon
|-damage|p2a: Ogerpon|26/100
|
|upkeep
|turn|4
|
|t:|1743831350
|move|p2a: Ogerpon|Ivy Cudgel|p1a: Araquanid|[anim] Ivy Cudgel Water
|-resisted|p1a: Araquanid
|-damage|p1a: Araquanid|0 fnt
|faint|p1a: Araquanid
|
|upkeep
|
|t:|1743831357
|switch|p1a: Dragapult|Dragapult, M|100/100
|turn|5
|
|t:|1743831368
|switch|p2a: Enamorus|Enamorus, F|100/100
|move|p1a: Dragapult|Hex|p2a: Enamorus
|-damage|p2a: Enamorus|63/100
|
|upkeep
|turn|6
|
|t:|1743831379
|switch|p1a: Iron Treads|Iron Treads|100/100
|-terastallize|p2a: Enamorus|Stellar
|move|p2a: Enamorus|Tera Blast|p1a: Iron Treads|[anim] Tera Blast Stellar
|-damage|p1a: Iron Treads|6/100
|-boost|p2a: Enamorus|atk|1
|-boost|p2a: Enamorus|spa|1
|
|-heal|p1a: Iron Treads|12/100|[from] item: Leftovers
|upkeep
|turn|7
|inactive|spac3_wo1f has 120 seconds left.
|
|t:|1743831414
|move|p1a: Iron Treads|Knock Off|p2a: Enamorus
|-resisted|p2a: Enamorus
|-damage|p2a: Enamorus|39/100
|-enditem|p2a: Enamorus|Choice Specs|[from] move: Knock Off|[of] p1a: Iron Treads
|move|p2a: Enamorus|Tera Blast|p1a: Iron Treads|[anim] Tera Blast Stellar
|-damage|p1a: Iron Treads|0 fnt
|-boost|p2a: Enamorus|atk|1
|-boost|p2a: Enamorus|spa|1
|faint|p1a: Iron Treads
|-end|p1a: Iron Treads|Quark Drive|[silent]
|
|upkeep
|inactive|spac3_wo1f has 120 seconds left.
|
|t:|1743831424
|switch|p1a: Dragapult|Dragapult, M|100/100
|turn|8
|inactive|spac3_wo1f has 120 seconds left.
|inactive|lupiit has 120 seconds left.
|
|t:|1743831464
|switch|p2a: Ogerpon|Ogerpon-Wellspring, F|26/100
|-activate|p2a: Ogerpon|move: Sticky Web
|-unboost|p2a: Ogerpon|spe|1
|move|p1a: Dragapult|U-turn|p2a: Ogerpon
|-supereffective|p2a: Ogerpon
|-damage|p2a: Ogerpon|0 fnt
|faint|p2a: Ogerpon
|
|t:|1743831476
|switch|p1a: Pelipper|Pelipper, M|100/100|[from] U-turn
|-weather|RainDance|[from] ability: Drizzle|[of] p1a: Pelipper
|
|-weather|RainDance|[upkeep]
|upkeep
|
|t:|1743831479
|switch|p2a: Glimmora|Glimmora, F|100/100
|-activate|p2a: Glimmora|move: Sticky Web
|-unboost|p2a: Glimmora|spe|1
|turn|9
|
|t:|1743831490
|move|p1a: Pelipper|Hydro Pump|p2a: Glimmora
|-supereffective|p2a: Glimmora
|-crit|p2a: Glimmora
|-enditem|p2a: Glimmora|Focus Sash
|-damage|p2a: Glimmora|1/100
|move|p2a: Glimmora|Mortal Spin|p1a: Pelipper
|-damage|p1a: Pelipper|94/100
|-status|p1a: Pelipper|psn
|-sideend|p2: lupiit|Sticky Web|[from] move: Mortal Spin|[of] p2a: Glimmora
|
|-weather|RainDance|[upkeep]
|-damage|p1a: Pelipper|82/100 psn|[from] psn
|upkeep
|turn|10
|
|t:|1743831501
|switch|p2a: Enamorus|Enamorus, F, tera:Stellar|39/100
|move|p1a: Pelipper|Chilling Water|p2a: Enamorus
|-damage|p2a: Enamorus|2/100
|-boost|p2a: Enamorus|atk|1
|
|-weather|RainDance|[upkeep]
|-damage|p1a: Pelipper|70/100 psn|[from] psn
|upkeep
|turn|11
|
|t:|1743831511
|switch|p1a: Zapdos|Zapdos|100/100
|move|p2a: Enamorus|Moonblast|p1a: Zapdos
|-damage|p1a: Zapdos|32/100
|
|-weather|RainDance|[upkeep]
|upkeep
|turn|12
|
|t:|1743831521
|move|p2a: Enamorus|Tera Blast|p1a: Zapdos|[anim] Tera Blast Stellar
|-damage|p1a: Zapdos|0 fnt
|-boost|p2a: Enamorus|atk|1
|-boost|p2a: Enamorus|spa|1
|faint|p1a: Zapdos
|
|-weather|RainDance|[upkeep]
|upkeep
|
|t:|1743831528
|switch|p1a: Dragapult|Dragapult, M|100/100
|turn|13
|
|t:|1743831537
|switch|p2a: Glimmora|Glimmora, F|1/100
|move|p1a: Dragapult|Hex|p2a: Glimmora
|-damage|p2a: Glimmora|0 fnt
|faint|p2a: Glimmora
|
|-weather|RainDance|[upkeep]
|upkeep
|
|t:|1743831543
|switch|p2a: Tinkaton|Tinkaton, F|100/100
|-item|p2a: Tinkaton|Air Balloon
|turn|14
|
|t:|1743831547
|move|p1a: Dragapult|Will-O-Wisp|p2a: Tinkaton
|-status|p2a: Tinkaton|brn
|move|p2a: Tinkaton|Knock Off|p1a: Dragapult
|-supereffective|p1a: Dragapult
|-damage|p1a: Dragapult|67/100
|-enditem|p1a: Dragapult|Heavy-Duty Boots|[from] move: Knock Off|[of] p2a: Tinkaton
|
|-weather|RainDance|[upkeep]
|-damage|p2a: Tinkaton|94/100 brn|[from] brn
|upkeep
|turn|15
|inactive|spac3_wo1f has 120 seconds left.
|
|t:|1743831566
|switch|p2a: Enamorus|Enamorus, F, tera:Stellar|2/100
|-terastallize|p1a: Dragapult|Steel
|move|p1a: Dragapult|Hex|p2a: Enamorus
|-damage|p2a: Enamorus|0 fnt
|faint|p2a: Enamorus
|
|-weather|none
|upkeep
|
|t:|1743831569
|switch|p2a: Iron Valiant|Iron Valiant|100/100
|-enditem|p2a: Iron Valiant|Booster Energy
|-activate|p2a: Iron Valiant|ability: Quark Drive|[fromitem]
|-start|p2a: Iron Valiant|quarkdrivespe
|turn|16
|c|☆lupiit|gg
|inactive|spac3_wo1f has 120 seconds left.
|
|t:|1743831584
|switch|p1a: Pelipper|Pelipper, M|70/100 psn
|-weather|RainDance|[from] ability: Drizzle|[of] p1a: Pelipper
|move|p2a: Iron Valiant|Calm Mind|p2a: Iron Valiant
|-boost|p2a: Iron Valiant|spa|1
|-boost|p2a: Iron Valiant|spd|1
|
|-weather|RainDance|[upkeep]
|-damage|p1a: Pelipper|58/100 psn|[from] psn
|upkeep
|turn|17
|inactive|spac3_wo1f has 120 seconds left.
|
|t:|1743831596
|move|p2a: Iron Valiant|Moonblast|p1a: Pelipper
|-damage|p1a: Pelipper|0 fnt
|faint|p1a: Pelipper
|
|-weather|RainDance|[upkeep]
|upkeep
|inactive|spac3_wo1f has 120 seconds left.
|
|t:|1743831604
|switch|p1a: Quaquaval|Quaquaval, F|100/100
|turn|18
|c|☆spac3_wo1f|gg
|
|t:|1743831611
|move|p2a: Iron Valiant|Moonblast|p1a: Quaquaval
|-supereffective|p1a: Quaquaval
|-damage|p1a: Quaquaval|0 fnt
|faint|p1a: Quaquaval
|
|-weather|RainDance|[upkeep]
|upkeep
|
|t:|1743831616
|switch|p1a: Dragapult|Dragapult, M, tera:Steel|67/100
|turn|19
|
|t:|1743831625
|move|p2a: Iron Valiant|Vacuum Wave|p1a: Dragapult
|-supereffective|p1a: Dragapult
|-damage|p1a: Dragapult|0 fnt
|faint|p1a: Dragapult
|
|win|lupiit
|raw|spac3_wo1f's rating: 1239 &rarr; <strong>1221</strong><br />(-18 for losing)
|raw|lupiit's rating: 1338 &rarr; <strong>1352</strong><br />(+14 for winning)
|l|☆spac3_wo1f
|player|p1|
|l|☆lupiit
|player|p2|
