|j|☆Alexander90281
|j|☆R. Caroline
|t:|1743889781
|gametype|singles
|player|p1|Alexander90281|tateandliza-gen3|1586
|player|p2|R. Caroline|pokemonrangerf-gen4|1582
|teamsize|p1|6
|teamsize|p2|6
|gen|9
|tier|[Gen 9] OU
|rated|
|rule|HP Percentage Mod: HP is shown in percentages
|rule|Endless Battle Clause: Forcing endless battles is banned
|rule|Species Clause: Limit one of each Pokémon
|rule|OHKO Clause: OHKO moves are banned
|rule|Evasion Items Clause: Evasion items are banned
|rule|Evasion Moves Clause: Evasion moves are banned
|rule|Sleep Moves Clause: Sleep-inducing moves are banned
|clearpoke
|poke|p1|Mimikyu, M|
|poke|p1|Hatterene, F|
|poke|p1|Ursaluna, M|
|poke|p1|Ogerpon-Wellspring, F|
|poke|p1|Latios, M|
|poke|p1|Breloom, M|
|poke|p2|Latias, F|
|poke|p2|Chansey, F|
|poke|p2|Ursaluna, M|
|poke|p2|Scizor, M|
|poke|p2|Umbreon, F|
|poke|p2|Mew|
|teampreview
|
|t:|1743889790
|start
|switch|p1a: Hatterene|Hatterene, F|100/100
|switch|p2a: Boston|Mew, shiny|100/100
|turn|1
|
|t:|1743889794
|move|p2a: Boston|Volt Switch|p1a: Hatterene
|-damage|p1a: Hatterene|78/100
|
|t:|1743889797
|switch|p2a: Etrig|Ursaluna, M, shiny|100/100|[from] Volt Switch
|move|p1a: Hatterene|Mystical Fire|p2a: Etrig
|-damage|p2a: Etrig|83/100
|-unboost|p2a: Etrig|spa|1
|
|upkeep
|turn|2
|
|t:|1743889803
|move|p2a: Etrig|Gunk Shot|p1a: Hatterene
|-supereffective|p1a: Hatterene
|-damage|p1a: Hatterene|0 fnt
|faint|p1a: Hatterene
|
|upkeep
|
|t:|1743889815
|switch|p1a: Latios|Latios, M|100/100
|turn|3
|
|t:|1743889819
|move|p1a: Latios|Calm Mind|p1a: Latios
|-boost|p1a: Latios|spa|1
|-boost|p1a: Latios|spd|1
|move|p2a: Etrig|Avalanche|p1a: Latios
|-supereffective|p1a: Latios
|-damage|p1a: Latios|38/100
|
|upkeep
|turn|4
|
|t:|1743889826
|switch|p2a: Shay|Chansey, F, shiny|100/100
|-terastallize|p1a: Latios|Steel
|move|p1a: Latios|Recover|p1a: Latios
|-heal|p1a: Latios|88/100
|
|upkeep
|turn|5
|
|t:|1743889836
|switch|p2a: Boston|Mew, shiny|100/100
|move|p1a: Latios|Calm Mind|p1a: Latios
|-boost|p1a: Latios|spa|1
|-boost|p1a: Latios|spd|1
|
|upkeep
|turn|6
|
|t:|1743889841
|move|p2a: Boston|Trick|p1a: Latios
|-activate|p2a: Boston|move: Trick|[of] p1a: Latios
|-item|p1a: Latios|Choice Scarf|[from] move: Trick
|-item|p2a: Boston|Soul Dew|[from] move: Trick
|move|p1a: Latios|Dragon Pulse|p2a: Boston
|-damage|p2a: Boston|9/100
|
|upkeep
|turn|7
|
|t:|1743889846
|switch|p2a: Shay|Chansey, F, shiny|100/100
|move|p1a: Latios|Dragon Pulse|p2a: Shay
|-damage|p2a: Shay|81/100
|
|upkeep
|turn|8
|
|t:|1743889851
|switch|p1a: Breloom|Breloom, M|100/100
|move|p2a: Shay|Stealth Rock|p1a: Breloom
|-sidestart|p1: Alexander90281|move: Stealth Rock
|
|upkeep
|turn|9
|
|t:|1743889857
|switch|p2a: Garf|Scizor, M, shiny|100/100
|move|p1a: Breloom|Bullet Seed|p2a: Garf
|-resisted|p2a: Garf
|-damage|p2a: Garf|96/100
|-resisted|p2a: Garf
|-damage|p2a: Garf|92/100
|-resisted|p2a: Garf
|-damage|p2a: Garf|87/100
|-resisted|p2a: Garf
|-damage|p2a: Garf|83/100
|-hitcount|p2a: Garf|4
|
|upkeep
|turn|10
|
|t:|1743889867
|switch|p1a: Mimikyu|Mimikyu, M|100/100
|-damage|p1a: Mimikyu|88/100|[from] Stealth Rock
|move|p2a: Garf|U-turn|p1a: Mimikyu
|-activate|p1a: Mimikyu|ability: Disguise
|-damage|p1a: Mimikyu|88/100
|detailschange|p1a: Mimikyu|Mimikyu-Busted, M
|-damage|p1a: Mimikyu|76/100|[from] pokemon: Mimikyu-Busted
|
|t:|1743889882
|switch|p2a: Dinah|Umbreon, F|100/100|[from] U-turn
|
|upkeep
|turn|11
|
|t:|1743889888
|switch|p2a: Garf|Scizor, M, shiny|83/100
|move|p1a: Mimikyu|Trick Room|p1a: Mimikyu
|-fieldstart|move: Trick Room|[of] p1a: Mimikyu
|
|upkeep
|turn|12
|
|t:|1743889892
|move|p2a: Garf|Knock Off|p1a: Mimikyu
|-damage|p1a: Mimikyu|47/100
|-enditem|p1a: Mimikyu|Mental Herb|[from] move: Knock Off|[of] p2a: Garf
|move|p1a: Mimikyu|Curse|p2a: Garf
|-start|p2a: Garf|Curse|[of] p1a: Mimikyu
|-damage|p1a: Mimikyu|0 fnt
|faint|p1a: Mimikyu
|
|-damage|p2a: Garf|58/100|[from] Curse
|upkeep
|
|t:|1743889900
|switch|p1a: Breloom|Breloom, M|100/100
|-damage|p1a: Breloom|94/100|[from] Stealth Rock
|turn|13
|
|t:|1743889906
|move|p1a: Breloom|Swords Dance|p1a: Breloom
|-boost|p1a: Breloom|atk|2
|move|p2a: Garf|U-turn|p1a: Breloom
|-damage|p1a: Breloom|46/100
|
|t:|1743889935
|switch|p2a: Kori|Latias, F, shiny|100/100|[from] U-turn
|
|upkeep
|turn|14
|
|t:|1743889939
|move|p1a: Breloom|Bullet Seed|p2a: Kori
|-resisted|p2a: Kori
|-damage|p2a: Kori|74/100
|-resisted|p2a: Kori
|-damage|p2a: Kori|48/100
|-resisted|p2a: Kori
|-damage|p2a: Kori|22/100
|-resisted|p2a: Kori
|-damage|p2a: Kori|0 fnt
|faint|p2a: Kori
|-hitcount|p2: Kori|4
|
|upkeep
|
|t:|1743889948
|switch|p2a: Etrig|Ursaluna, M, shiny|83/100
|turn|15
|
|t:|1743889955
|-terastallize|p2a: Etrig|Bug
|move|p1a: Breloom|Bullet Seed|p2a: Etrig
|-immune|p2a: Etrig|[from] ability: Bulletproof
|move|p2a: Etrig|Avalanche|p1a: Breloom
|-supereffective|p1a: Breloom
|-damage|p1a: Breloom|0 fnt
|faint|p1a: Breloom
|
|-fieldend|move: Trick Room
|upkeep
|
|t:|1743889964
|switch|p1a: Latios|Latios, M, tera:Steel|88/100
|-damage|p1a: Latios|82/100|[from] Stealth Rock
|turn|16
|
|t:|1743889968
|switch|p2a: Shay|Chansey, F, shiny|81/100
|move|p1a: Latios|Psyshock|p2a: Shay
|-damage|p2a: Shay|34/100
|
|upkeep
|turn|17
|
|t:|1743889977
|move|p1a: Latios|Psyshock|p2a: Shay
|-damage|p2a: Shay|0 fnt
|faint|p2a: Shay
|
|upkeep
|
|t:|1743889981
|switch|p2a: Dinah|Umbreon, F|100/100
|turn|18
|
|t:|1743889984
|switch|p1a: Ursaluna|Ursaluna, M|100/100
|-damage|p1a: Ursaluna|94/100|[from] Stealth Rock
|move|p2a: Dinah|Foul Play|p1a: Ursaluna
|-damage|p1a: Ursaluna|53/100
|
|-status|p1a: Ursaluna|brn|[from] item: Flame Orb
|upkeep
|turn|19
|
|t:|1743889992
|move|p2a: Dinah|Foul Play|p1a: Ursaluna
|-damage|p1a: Ursaluna|10/100 brn
|move|p1a: Ursaluna|Earthquake|p2a: Dinah
|-damage|p2a: Dinah|50/100
|
|-damage|p1a: Ursaluna|4/100 brn|[from] brn
|upkeep
|turn|20
|
|t:|1743889998
|move|p2a: Dinah|Moonlight|p2a: Dinah
|-heal|p2a: Dinah|99/100
|move|p1a: Ursaluna|Facade|p2a: Dinah
|-crit|p2a: Dinah
|-damage|p2a: Dinah|0 fnt
|-damage|p1a: Ursaluna|0 fnt|[from] item: Rocky Helmet|[of] p2a: Dinah
|faint|p2a: Dinah
|faint|p1a: Ursaluna
|
|upkeep
|
|t:|1743890009
|switch|p2a: Garf|Scizor, M, shiny|58/100
|switch|p1a: Ogerpon|Ogerpon-Wellspring, F|100/100
|-damage|p1a: Ogerpon|88/100|[from] Stealth Rock
|turn|21
|
|t:|1743890015
|move|p1a: Ogerpon|Ivy Cudgel|p2a: Garf|[anim] Ivy Cudgel Water
|-damage|p2a: Garf|7/100
|move|p2a: Garf|U-turn|p1a: Ogerpon
|-supereffective|p1a: Ogerpon
|-damage|p1a: Ogerpon|0 fnt
|faint|p1a: Ogerpon
|
|t:|1743890031
|switch|p2a: Etrig|Ursaluna, M, shiny, tera:Bug|83/100|[from] U-turn
|
|upkeep
|
|t:|1743890034
|switch|p1a: Latios|Latios, M, tera:Steel|82/100
|-damage|p1a: Latios|76/100|[from] Stealth Rock
|turn|22
|
|t:|1743890040
|move|p1a: Latios|Dragon Pulse|p2a: Etrig
|-damage|p2a: Etrig|56/100
|move|p2a: Etrig|Supercell Slam|p1a: Latios
|-damage|p1a: Latios|24/100
|
|upkeep
|turn|23
|
|t:|1743890047
|switch|p2a: Boston|Mew, shiny|9/100
|move|p1a: Latios|Dragon Pulse|p2a: Boston
|-damage|p2a: Boston|0 fnt
|faint|p2a: Boston
|
|upkeep
|
|t:|1743890052
|switch|p2a: Garf|Scizor, M, shiny|7/100
|turn|24
|j| ASilentKingambitX
|
|t:|1743890055
|move|p2a: Garf|Bullet Punch|p1a: Latios
|-resisted|p1a: Latios
|-damage|p1a: Latios|4/100
|move|p1a: Latios|Dragon Pulse|p2a: Garf
|-resisted|p2a: Garf
|-damage|p2a: Garf|0 fnt
|faint|p2a: Garf
|
|upkeep
|
|t:|1743890062
|switch|p2a: Etrig|Ursaluna, M, shiny, tera:Bug|56/100
|turn|25
|
|t:|1743890065
|move|p1a: Latios|Dragon Pulse|p2a: Etrig
|-damage|p2a: Etrig|28/100
|move|p2a: Etrig|Avalanche|p1a: Latios
|-resisted|p1a: Latios
|-damage|p1a: Latios|0 fnt
|faint|p1a: Latios
|
|win|R. Caroline
|raw|Alexander90281's rating: 1586 &rarr; <strong>1566</strong><br />(-20 for losing)
|raw|R. Caroline's rating: 1582 &rarr; <strong>1602</strong><br />(+20 for winning)
|l|☆Alexander90281
|player|p1|
|l| ASilentKingambitX
|l|☆R. Caroline
|player|p2|
