|j|☆TKO--Bolt
|j|☆halfmiss
|t:|1743786899
|gametype|singles
|player|p1|TKO--Bolt|red|1235
|player|p2|halfmiss|n|1235
|teamsize|p1|6
|teamsize|p2|6
|gen|9
|tier|[Gen 9] OU
|rated|
|rule|HP Percentage Mod: HP is shown in percentages
|rule|Endless Battle Clause: Forcing endless battles is banned
|rule|Species Clause: Limit one of each Pokémon
|rule|OHKO Clause: OHKO moves are banned
|rule|Evasion Items Clause: Evasion items are banned
|rule|Evasion Moves Clause: Evasion moves are banned
|rule|Sleep Moves Clause: Sleep-inducing moves are banned
|clearpoke
|poke|p1|Dondozo, M|
|poke|p1|Clodsire, M|
|poke|p1|Great Tusk|
|poke|p1|Thundurus, M|
|poke|p1|Primarina, F|
|poke|p1|Salamence, M|
|poke|p2|Ninetales-Alola, F|
|poke|p2|Kyurem|
|poke|p2|Cetitan, M|
|poke|p2|Kingambit, F|
|poke|p2|Slowking, M|
|poke|p2|Corviknight, M|
|teampreview
|
|t:|1743786904
|start
|switch|p1a: Thundurus|Thundurus, M|100/100
|switch|p2a: Ninetales|Ninetales-Alola, F|100/100
|-weather|Snowscape|[from] ability: Snow Warning|[of] p2a: Ninetales
|turn|1
|
|t:|1743786910
|move|p1a: Thundurus|Taunt|p2a: Ninetales
|-start|p2a: Ninetales|move: Taunt
|cant|p2a: Ninetales|move: Taunt|Aurora Veil
|
|-weather|Snowscape|[upkeep]
|upkeep
|turn|2
|
|t:|1743786915
|move|p1a: Thundurus|Thunder Wave|p2a: Ninetales
|-status|p2a: Ninetales|par
|move|p2a: Ninetales|Blizzard|p1a: Thundurus
|-supereffective|p1a: Thundurus
|-enditem|p1a: Thundurus|Focus Sash
|-damage|p1a: Thundurus|1/100
|
|-weather|Snowscape|[upkeep]
|upkeep
|turn|3
|
|t:|1743786925
|switch|p1a: Primarina|Primarina, F, shiny|100/100
|move|p2a: Ninetales|Moonblast|p1a: Primarina
|-damage|p1a: Primarina|66/100
|
|-weather|Snowscape|[upkeep]
|-heal|p1a: Primarina|72/100|[from] item: Leftovers
|-end|p2a: Ninetales|move: Taunt
|upkeep
|turn|4
|
|t:|1743786940
|switch|p2a: Kingambit|Kingambit, F|100/100
|move|p1a: Primarina|Substitute|p1a: Primarina
|-start|p1a: Primarina|Substitute
|-damage|p1a: Primarina|48/100
|
|-weather|Snowscape|[upkeep]
|-heal|p1a: Primarina|53/100|[from] item: Leftovers
|upkeep
|turn|5
|
|t:|1743786952
|move|p1a: Primarina|Ice Beam|p2a: Kingambit
|-resisted|p2a: Kingambit
|-damage|p2a: Kingambit|91/100
|move|p2a: Kingambit|Iron Head|p1a: Primarina
|-end|p1a: Primarina|Substitute
|
|-weather|none
|-heal|p1a: Primarina|59/100|[from] item: Leftovers
|upkeep
|turn|6
|
|t:|1743786960
|switch|p1a: Dondozo|Dondozo, M|100/100
|move|p2a: Kingambit|Iron Head|p1a: Dondozo
|-resisted|p1a: Dondozo
|-damage|p1a: Dondozo|91/100
|
|-heal|p1a: Dondozo|97/100|[from] item: Leftovers
|upkeep
|turn|7
|
|t:|1743786967
|-end|p2a: Kingambit|fallenundefined|[silent]
|switch|p2a: Slowking|Slowking, M|100/100
|move|p1a: Dondozo|Waterfall|p2a: Slowking
|-resisted|p2a: Slowking
|-damage|p2a: Slowking|90/100
|
|-heal|p1a: Dondozo|100/100|[from] item: Leftovers
|upkeep
|turn|8
|
|t:|1743786977
|switch|p1a: Clodsire|Clodsire, M|100/100
|-prepare|p2a: Slowking|Chilly Reception|[premajor]
|move|p2a: Slowking|Chilly Reception|p2a: Slowking
|-weather|Snowscape
|
|t:|1743786983
|switch|p2a: Cetitan|Cetitan, M|100/100|[from] Chilly Reception
|
|-weather|Snowscape|[upkeep]
|upkeep
|turn|9
|
|t:|1743786991
|switch|p1a: Dondozo|Dondozo, M|100/100
|move|p2a: Cetitan|Ice Spinner|p1a: Dondozo
|-resisted|p1a: Dondozo
|-damage|p1a: Dondozo|86/100
|
|-weather|Snowscape|[upkeep]
|-heal|p1a: Dondozo|93/100|[from] item: Leftovers
|upkeep
|turn|10
|
|t:|1743787001
|switch|p2a: Slowking|Slowking, M|100/100
|move|p1a: Dondozo|Waterfall|p2a: Slowking
|-resisted|p2a: Slowking
|-damage|p2a: Slowking|91/100
|
|-weather|Snowscape|[upkeep]
|-heal|p1a: Dondozo|99/100|[from] item: Leftovers
|upkeep
|turn|11
|
|t:|1743787014
|switch|p1a: Primarina|Primarina, F, shiny|59/100
|-prepare|p2a: Slowking|Chilly Reception|[premajor]
|move|p2a: Slowking|Chilly Reception|p2a: Slowking
|
|t:|1743787022
|switch|p2a: Kingambit|Kingambit, F|91/100|[from] Chilly Reception
|
|-weather|Snowscape|[upkeep]
|-heal|p1a: Primarina|65/100|[from] item: Leftovers
|upkeep
|turn|12
|
|t:|1743787028
|switch|p1a: Dondozo|Dondozo, M|99/100
|move|p2a: Kingambit|Iron Head|p1a: Dondozo
|-resisted|p1a: Dondozo
|-damage|p1a: Dondozo|88/100
|
|-weather|none
|-heal|p1a: Dondozo|94/100|[from] item: Leftovers
|upkeep
|turn|13
|
|t:|1743787037
|move|p2a: Kingambit|Iron Head|p1a: Dondozo
|-resisted|p1a: Dondozo
|-damage|p1a: Dondozo|83/100
|move|p1a: Dondozo|Waterfall|p2a: Kingambit
|-damage|p2a: Kingambit|67/100
|
|-heal|p1a: Dondozo|90/100|[from] item: Leftovers
|upkeep
|turn|14
|
|t:|1743787044
|-end|p2a: Kingambit|fallenundefined|[silent]
|switch|p2a: Slowking|Slowking, M|100/100
|move|p1a: Dondozo|Waterfall|p2a: Slowking
|-resisted|p2a: Slowking
|-damage|p2a: Slowking|90/100
|
|-heal|p1a: Dondozo|96/100|[from] item: Leftovers
|upkeep
|turn|15
|
|t:|1743787051
|move|p1a: Dondozo|Curse|p1a: Dondozo
|-unboost|p1a: Dondozo|spe|1
|-boost|p1a: Dondozo|atk|1
|-boost|p1a: Dondozo|def|1
|-prepare|p2a: Slowking|Chilly Reception|[premajor]
|move|p2a: Slowking|Chilly Reception|p2a: Slowking
|-weather|Snowscape
|
|t:|1743787068
|switch|p2a: Kyurem|Kyurem|100/100|[from] Chilly Reception
|-ability|p2a: Kyurem|Pressure
|
|-weather|Snowscape|[upkeep]
|-heal|p1a: Dondozo|100/100|[from] item: Leftovers
|upkeep
|turn|16
|
|t:|1743787074
|move|p2a: Kyurem|Draco Meteor|p1a: Dondozo
|-damage|p1a: Dondozo|32/100
|-unboost|p2a: Kyurem|spa|2
|move|p1a: Dondozo|Waterfall|p2a: Kyurem
|-resisted|p2a: Kyurem
|-damage|p2a: Kyurem|87/100
|
|-weather|Snowscape|[upkeep]
|-heal|p1a: Dondozo|38/100|[from] item: Leftovers
|upkeep
|turn|17
|
|t:|1743787083
|switch|p1a: Clodsire|Clodsire, M|100/100
|move|p2a: Kyurem|Draco Meteor|p1a: Clodsire
|-damage|p1a: Clodsire|65/100
|-unboost|p2a: Kyurem|spa|2
|
|-weather|Snowscape|[upkeep]
|-heal|p1a: Clodsire|71/100|[from] item: Leftovers
|upkeep
|turn|18
|
|t:|1743787094
|switch|p2a: Corviknight|Corviknight, M|100/100
|move|p1a: Clodsire|Stealth Rock|p2a: Corviknight
|-sidestart|p2: halfmiss|move: Stealth Rock
|
|-weather|Snowscape|[upkeep]
|-heal|p1a: Clodsire|77/100|[from] item: Leftovers
|upkeep
|turn|19
|
|t:|1743787102
|switch|p1a: Dondozo|Dondozo, M|38/100
|move|p2a: Corviknight|Defog|p1a: Dondozo
|-unboost|p1a: Dondozo|evasion|1
|-sideend|p2: halfmiss|Stealth Rock|[from] move: Defog|[of] p2a: Corviknight
|
|-weather|none
|-heal|p1a: Dondozo|44/100|[from] item: Leftovers
|upkeep
|turn|20
|
|t:|1743787112
|move|p2a: Corviknight|U-turn|p1a: Dondozo
|-damage|p1a: Dondozo|37/100
|
|t:|1743787115
|switch|p2a: Kyurem|Kyurem|87/100|[from] U-turn
|-ability|p2a: Kyurem|Pressure
|move|p1a: Dondozo|Rest|p1a: Dondozo
|-status|p1a: Dondozo|slp|[from] move: Rest
|-heal|p1a: Dondozo|100/100 slp|[silent]
|
|upkeep
|turn|21
|
|t:|1743787124
|switch|p1a: Primarina|Primarina, F, shiny|65/100
|move|p2a: Kyurem|Draco Meteor|p1a: Primarina
|-immune|p1a: Primarina
|
|-heal|p1a: Primarina|71/100|[from] item: Leftovers
|upkeep
|turn|22
|
|t:|1743787131
|switch|p2a: Ninetales|Ninetales-Alola, F|100/100 par
|-weather|Snowscape|[from] ability: Snow Warning|[of] p2a: Ninetales
|move|p1a: Primarina|Ice Beam|p2a: Ninetales
|-resisted|p2a: Ninetales
|-damage|p2a: Ninetales|83/100 par
|
|-weather|Snowscape|[upkeep]
|-heal|p1a: Primarina|77/100|[from] item: Leftovers
|upkeep
|turn|23
|
|t:|1743787143
|move|p2a: Ninetales|Aurora Veil|p2a: Ninetales
|-sidestart|p2: halfmiss|move: Aurora Veil
|move|p1a: Primarina|Substitute|p1a: Primarina
|-start|p1a: Primarina|Substitute
|-damage|p1a: Primarina|52/100
|
|-weather|Snowscape|[upkeep]
|-heal|p1a: Primarina|58/100|[from] item: Leftovers
|upkeep
|turn|24
|
|t:|1743787152
|move|p2a: Ninetales|Encore|p1a: Primarina
|-start|p1a: Primarina|Encore
|move|p1a: Primarina|Substitute|p1a: Primarina
|-fail|p1a: Primarina|move: Substitute
|
|-weather|Snowscape|[upkeep]
|-heal|p1a: Primarina|64/100|[from] item: Leftovers
|upkeep
|turn|25
|
|t:|1743787163
|switch|p2a: Cetitan|Cetitan, M|100/100
|move|p1a: Primarina|Substitute|p1a: Primarina
|-fail|p1a: Primarina|move: Substitute
|
|-weather|Snowscape|[upkeep]
|-heal|p1a: Primarina|70/100|[from] item: Leftovers
|upkeep
|turn|26
|
|t:|1743787174
|switch|p2a: Kingambit|Kingambit, F|67/100
|move|p1a: Primarina|Substitute|p1a: Primarina
|-fail|p1a: Primarina|move: Substitute
|
|-weather|none
|-heal|p1a: Primarina|76/100|[from] item: Leftovers
|-end|p1a: Primarina|Encore
|upkeep
|turn|27
|
|t:|1743787181
|move|p1a: Primarina|Ice Beam|p2a: Kingambit
|-resisted|p2a: Kingambit
|-damage|p2a: Kingambit|63/100
|move|p2a: Kingambit|Iron Head|p1a: Primarina
|-end|p1a: Primarina|Substitute
|
|-heal|p1a: Primarina|82/100|[from] item: Leftovers
|upkeep
|turn|28
|
|t:|1743787189
|switch|p1a: Dondozo|Dondozo, M|100/100 slp
|move|p2a: Kingambit|Low Kick|p1a: Dondozo
|-damage|p1a: Dondozo|79/100 slp
|
|-heal|p1a: Dondozo|85/100 slp|[from] item: Leftovers
|upkeep
|turn|29
|
|t:|1743787196
|-end|p2a: Kingambit|fallenundefined|[silent]
|switch|p2a: Kyurem|Kyurem|87/100
|-ability|p2a: Kyurem|Pressure
|cant|p1a: Dondozo|slp
|move|p1a: Dondozo|Sleep Talk|p1a: Dondozo
|move|p1a: Dondozo|Rest||[from] move: Sleep Talk|[still]
|-fail|p1a: Dondozo
|
|-heal|p1a: Dondozo|91/100 slp|[from] item: Leftovers
|upkeep
|turn|30
|
|t:|1743787206
|switch|p1a: Clodsire|Clodsire, M|77/100
|move|p2a: Kyurem|Earth Power|p1a: Clodsire
|-supereffective|p1a: Clodsire
|-damage|p1a: Clodsire|44/100
|
|-heal|p1a: Clodsire|51/100|[from] item: Leftovers
|-sideend|p2: halfmiss|move: Aurora Veil
|upkeep
|turn|31
|
|t:|1743787216
|switch|p2a: Corviknight|Corviknight, M|100/100
|move|p1a: Clodsire|Recover|p1a: Clodsire
|-heal|p1a: Clodsire|100/100
|
|upkeep
|turn|32
|
|t:|1743787224
|move|p2a: Corviknight|U-turn|p1a: Clodsire
|-resisted|p1a: Clodsire
|-damage|p1a: Clodsire|92/100
|
|t:|1743787231
|switch|p2a: Kyurem|Kyurem|87/100|[from] U-turn
|-ability|p2a: Kyurem|Pressure
|move|p1a: Clodsire|Stealth Rock|p2a: Kyurem
|-sidestart|p2: halfmiss|move: Stealth Rock
|
|-heal|p1a: Clodsire|99/100|[from] item: Leftovers
|upkeep
|turn|33
|
|t:|1743787241
|switch|p1a: Primarina|Primarina, F, shiny|82/100
|move|p2a: Kyurem|Blizzard|p1a: Primarina|[miss]
|-miss|p2a: Kyurem|p1a: Primarina
|
|-heal|p1a: Primarina|88/100|[from] item: Leftovers
|upkeep
|turn|34
|
|t:|1743787249
|switch|p2a: Kingambit|Kingambit, F|63/100
|-damage|p2a: Kingambit|57/100|[from] Stealth Rock
|move|p1a: Primarina|Ice Beam|p2a: Kingambit
|-resisted|p2a: Kingambit
|-damage|p2a: Kingambit|47/100
|
|-heal|p1a: Primarina|94/100|[from] item: Leftovers
|upkeep
|turn|35
|
|t:|1743787258
|switch|p1a: Dondozo|Dondozo, M|91/100 slp
|-end|p2a: Kingambit|fallenundefined|[silent]
|switch|p2a: Corviknight|Corviknight, M|100/100
|-damage|p2a: Corviknight|88/100|[from] Stealth Rock
|
|-heal|p2a: Corviknight|94/100|[from] item: Leftovers
|-heal|p1a: Dondozo|97/100 slp|[from] item: Leftovers
|upkeep
|turn|36
|
|t:|1743787267
|switch|p1a: Thundurus|Thundurus, M|1/100
|move|p2a: Corviknight|Defog|p1a: Thundurus
|-unboost|p1a: Thundurus|evasion|1
|-sideend|p2: halfmiss|Stealth Rock|[from] move: Defog|[of] p2a: Corviknight
|
|-heal|p2a: Corviknight|100/100|[from] item: Leftovers
|upkeep
|turn|37
|
|t:|1743787276
|move|p1a: Thundurus|Thunderbolt|p2a: Corviknight
|-supereffective|p2a: Corviknight
|-damage|p2a: Corviknight|13/100
|move|p2a: Corviknight|U-turn|p1a: Thundurus
|-resisted|p1a: Thundurus
|-crit|p1a: Thundurus
|-damage|p1a: Thundurus|0 fnt
|faint|p1a: Thundurus
|
|t:|1743787284
|switch|p2a: Slowking|Slowking, M|100/100|[from] U-turn
|
|upkeep
|
|t:|1743787290
|switch|p1a: Primarina|Primarina, F, shiny|94/100
|turn|38
|
|t:|1743787298
|move|p1a: Primarina|Ice Beam|p2a: Slowking
|-resisted|p2a: Slowking
|-damage|p2a: Slowking|88/100
|-prepare|p2a: Slowking|Chilly Reception|[premajor]
|move|p2a: Slowking|Chilly Reception|p2a: Slowking
|-weather|Snowscape
|
|t:|1743787316
|switch|p2a: Kingambit|Kingambit, F|47/100|[from] Chilly Reception
|
|-weather|Snowscape|[upkeep]
|-heal|p1a: Primarina|99/100|[from] item: Leftovers
|upkeep
|turn|39
|
|t:|1743787332
|switch|p1a: Dondozo|Dondozo, M|97/100 slp
|-end|p2a: Kingambit|fallenundefined|[silent]
|switch|p2a: Kyurem|Kyurem|87/100
|-ability|p2a: Kyurem|Pressure
|
|-weather|Snowscape|[upkeep]
|-heal|p1a: Dondozo|100/100 slp|[from] item: Leftovers
|upkeep
|turn|40
|
|t:|1743787343
|switch|p2a: Kingambit|Kingambit, F|47/100
|switch|p1a: Clodsire|Clodsire, M|99/100
|
|-weather|Snowscape|[upkeep]
|-heal|p1a: Clodsire|100/100|[from] item: Leftovers
|upkeep
|turn|41
|
|t:|1743787350
|-end|p2a: Kingambit|fallenundefined|[silent]
|switch|p2a: Corviknight|Corviknight, M|13/100
|switch|p1a: Dondozo|Dondozo, M|100/100 slp
|
|-weather|Snowscape|[upkeep]
|-heal|p2a: Corviknight|19/100|[from] item: Leftovers
|upkeep
|turn|42
|
|t:|1743787356
|move|p2a: Corviknight|Roost|p2a: Corviknight
|-heal|p2a: Corviknight|69/100
|-singleturn|p2a: Corviknight|move: Roost
|cant|p1a: Dondozo|slp
|move|p1a: Dondozo|Sleep Talk|p1a: Dondozo
|move|p1a: Dondozo|Waterfall|p2a: Corviknight|[from] move: Sleep Talk
|-damage|p2a: Corviknight|53/100
|
|-weather|none
|-heal|p2a: Corviknight|59/100|[from] item: Leftovers
|upkeep
|turn|43
|
|t:|1743787368
|move|p2a: Corviknight|U-turn|p1a: Dondozo
|-damage|p1a: Dondozo|93/100 slp
|
|t:|1743787372
|switch|p2a: Slowking|Slowking, M|100/100|[from] U-turn
|-curestatus|p1a: Dondozo|slp|[msg]
|move|p1a: Dondozo|Sleep Talk||[still]
|-fail|p1a: Dondozo
|
|-heal|p1a: Dondozo|99/100|[from] item: Leftovers
|upkeep
|turn|44
|
|t:|1743787380
|move|p1a: Dondozo|Waterfall|p2a: Slowking
|-resisted|p2a: Slowking
|-damage|p2a: Slowking|90/100
|-prepare|p2a: Slowking|Chilly Reception|[premajor]
|move|p2a: Slowking|Chilly Reception|p2a: Slowking
|-weather|Snowscape
|
|t:|1743787385
|switch|p2a: Kyurem|Kyurem|87/100|[from] Chilly Reception
|-ability|p2a: Kyurem|Pressure
|
|-weather|Snowscape|[upkeep]
|-heal|p1a: Dondozo|100/100|[from] item: Leftovers
|upkeep
|turn|45
|
|t:|1743787393
|switch|p1a: Primarina|Primarina, F, shiny|99/100
|move|p2a: Kyurem|Earth Power|p1a: Primarina
|-damage|p1a: Primarina|73/100
|-unboost|p1a: Primarina|spd|1
|
|-weather|Snowscape|[upkeep]
|-heal|p1a: Primarina|79/100|[from] item: Leftovers
|upkeep
|turn|46
|
|t:|1743787402
|move|p2a: Kyurem|Earth Power|p1a: Primarina
|-damage|p1a: Primarina|39/100
|move|p1a: Primarina|Ice Beam|p2a: Kyurem
|-damage|p2a: Kyurem|60/100
|
|-weather|Snowscape|[upkeep]
|-heal|p1a: Primarina|45/100|[from] item: Leftovers
|upkeep
|turn|47
|
|t:|1743787422
|switch|p2a: Corviknight|Corviknight, M|59/100
|switch|p1a: Great Tusk|Great Tusk|100/100
|-enditem|p1a: Great Tusk|Booster Energy
|-activate|p1a: Great Tusk|ability: Protosynthesis|[fromitem]
|-start|p1a: Great Tusk|protosynthesisatk
|
|-weather|Snowscape|[upkeep]
|-heal|p2a: Corviknight|65/100|[from] item: Leftovers
|upkeep
|turn|48
|
|t:|1743787435
|move|p1a: Great Tusk|Close Combat|p2a: Corviknight
|-damage|p2a: Corviknight|13/100
|-unboost|p1a: Great Tusk|def|1
|-unboost|p1a: Great Tusk|spd|1
|move|p2a: Corviknight|U-turn|p1a: Great Tusk
|-resisted|p1a: Great Tusk
|-damage|p1a: Great Tusk|93/100
|
|t:|1743787447
|switch|p2a: Cetitan|Cetitan, M|100/100|[from] U-turn
|
|-weather|none
|upkeep
|turn|49
|
|t:|1743787455
|move|p1a: Great Tusk|Close Combat|p2a: Cetitan
|-supereffective|p2a: Cetitan
|-damage|p2a: Cetitan|0 fnt
|-unboost|p1a: Great Tusk|def|1
|-unboost|p1a: Great Tusk|spd|1
|faint|p2a: Cetitan
|
|upkeep
|
|t:|1743787463
|switch|p2a: Kyurem|Kyurem|60/100
|-ability|p2a: Kyurem|Pressure
|turn|50
|
|t:|1743787467
|-end|p1a: Great Tusk|Protosynthesis|[silent]
|switch|p1a: Clodsire|Clodsire, M|100/100
|move|p2a: Kyurem|Draco Meteor|p1a: Clodsire
|-damage|p1a: Clodsire|67/100
|-unboost|p2a: Kyurem|spa|2
|
|-heal|p1a: Clodsire|73/100|[from] item: Leftovers
|upkeep
|turn|51
|
|t:|1743787477
|switch|p2a: Corviknight|Corviknight, M|13/100
|move|p1a: Clodsire|Stealth Rock|p2a: Corviknight
|-sidestart|p2: halfmiss|move: Stealth Rock
|
|-heal|p2a: Corviknight|19/100|[from] item: Leftovers
|-heal|p1a: Clodsire|79/100|[from] item: Leftovers
|upkeep
|turn|52
|
|t:|1743787484
|switch|p1a: Salamence|Salamence, M|100/100
|move|p2a: Corviknight|Roost|p2a: Corviknight
|-heal|p2a: Corviknight|69/100
|-singleturn|p2a: Corviknight|move: Roost
|
|-heal|p2a: Corviknight|76/100|[from] item: Leftovers
|upkeep
|turn|53
|
|t:|1743787492
|move|p1a: Salamence|Dragon Dance|p1a: Salamence
|-boost|p1a: Salamence|atk|1
|-boost|p1a: Salamence|spe|1
|move|p2a: Corviknight|Defog|p1a: Salamence
|-unboost|p1a: Salamence|evasion|1
|-sideend|p2: halfmiss|Stealth Rock|[from] move: Defog|[of] p2a: Corviknight
|
|-heal|p2a: Corviknight|82/100|[from] item: Leftovers
|upkeep
|turn|54
|
|t:|1743787499
|move|p1a: Salamence|Dual Wingbeat|p2a: Corviknight
|-resisted|p2a: Corviknight
|-damage|p2a: Corviknight|71/100
|-resisted|p2a: Corviknight
|-damage|p2a: Corviknight|59/100
|-hitcount|p2a: Corviknight|2
|move|p2a: Corviknight|U-turn|p1a: Salamence
|-resisted|p1a: Salamence
|-damage|p1a: Salamence|91/100
|
|t:|1743787521
|switch|p2a: Slowking|Slowking, M|100/100|[from] U-turn
|
|upkeep
|turn|55
|
|t:|1743787526
|move|p1a: Salamence|Dual Wingbeat|p2a: Slowking
|-damage|p2a: Slowking|76/100
|-damage|p2a: Slowking|52/100
|-hitcount|p2a: Slowking|2
|-prepare|p2a: Slowking|Chilly Reception|[premajor]
|move|p2a: Slowking|Chilly Reception|p2a: Slowking
|-weather|Snowscape
|
|t:|1743787533
|switch|p2a: Kyurem|Kyurem|60/100|[from] Chilly Reception
|-ability|p2a: Kyurem|Pressure
|
|-weather|Snowscape|[upkeep]
|upkeep
|turn|56
|
|t:|1743787538
|move|p2a: Kyurem|Blizzard|p1a: Salamence
|-supereffective|p1a: Salamence
|-damage|p1a: Salamence|0 fnt
|faint|p1a: Salamence
|
|-weather|Snowscape|[upkeep]
|upkeep
|
|t:|1743787550
|switch|p1a: Dondozo|Dondozo, M|100/100
|turn|57
|
|t:|1743787561
|switch|p2a: Slowking|Slowking, M|85/100
|move|p1a: Dondozo|Waterfall|p2a: Slowking
|-resisted|p2a: Slowking
|-damage|p2a: Slowking|76/100
|
|-weather|Snowscape|[upkeep]
|upkeep
|turn|58
|
|t:|1743787569
|move|p1a: Dondozo|Curse|p1a: Dondozo
|-unboost|p1a: Dondozo|spe|1
|-boost|p1a: Dondozo|atk|1
|-boost|p1a: Dondozo|def|1
|move|p2a: Slowking|Scald|p1a: Dondozo
|-resisted|p1a: Dondozo
|-damage|p1a: Dondozo|86/100
|
|-weather|Snowscape|[upkeep]
|-heal|p1a: Dondozo|92/100|[from] item: Leftovers
|upkeep
|turn|59
|
|t:|1743787579
|-prepare|p2a: Slowking|Chilly Reception|[premajor]
|move|p2a: Slowking|Chilly Reception|p2a: Slowking
|
|t:|1743787585
|switch|p2a: Ninetales|Ninetales-Alola, F|83/100 par|[from] Chilly Reception
|move|p1a: Dondozo|Waterfall|p2a: Ninetales
|-damage|p2a: Ninetales|38/100 par
|
|-weather|none
|-heal|p1a: Dondozo|99/100|[from] item: Leftovers
|upkeep
|turn|60
|
|t:|1743787595
|move|p2a: Ninetales|Moonblast|p1a: Dondozo
|-damage|p1a: Dondozo|62/100
|move|p1a: Dondozo|Waterfall|p2a: Ninetales
|-damage|p2a: Ninetales|0 fnt
|faint|p2a: Ninetales
|
|-heal|p1a: Dondozo|68/100|[from] item: Leftovers
|upkeep
|
|t:|1743787604
|switch|p2a: Kyurem|Kyurem|60/100
|-ability|p2a: Kyurem|Pressure
|turn|61
|
|t:|1743787609
|switch|p1a: Clodsire|Clodsire, M|79/100
|move|p2a: Kyurem|Draco Meteor|p1a: Clodsire
|-damage|p1a: Clodsire|41/100
|-unboost|p2a: Kyurem|spa|2
|
|-heal|p1a: Clodsire|47/100|[from] item: Leftovers
|upkeep
|turn|62
|
|t:|1743787619
|switch|p2a: Slowking|Slowking, M|100/100
|move|p1a: Clodsire|Recover|p1a: Clodsire
|-heal|p1a: Clodsire|97/100
|
|-heal|p1a: Clodsire|100/100|[from] item: Leftovers
|upkeep
|turn|63
|
|t:|1743787626
|move|p2a: Slowking|Scald|p1a: Clodsire
|-supereffective|p1a: Clodsire
|-damage|p1a: Clodsire|69/100
|-status|p1a: Clodsire|brn
|move|p1a: Clodsire|Toxic|p2a: Slowking
|-status|p2a: Slowking|tox
|
|-heal|p1a: Clodsire|75/100 brn|[from] item: Leftovers
|-damage|p2a: Slowking|94/100 tox|[from] psn
|-damage|p1a: Clodsire|69/100 brn|[from] brn
|upkeep
|turn|64
|
|t:|1743787639
|switch|p1a: Primarina|Primarina, F, shiny|45/100
|move|p2a: Slowking|Psyshock|p1a: Primarina
|-damage|p1a: Primarina|15/100
|
|-heal|p1a: Primarina|21/100|[from] item: Leftovers
|-damage|p2a: Slowking|82/100 tox|[from] psn
|upkeep
|turn|65
|
|t:|1743787646
|move|p1a: Primarina|Psychic Noise|p2a: Slowking
|-resisted|p2a: Slowking
|-damage|p2a: Slowking|72/100 tox
|-start|p2a: Slowking|move: Heal Block
|move|p2a: Slowking|Psyshock|p1a: Primarina
|-damage|p1a: Primarina|0 fnt
|faint|p1a: Primarina
|
|-damage|p2a: Slowking|54/100 tox|[from] psn
|upkeep
|
|t:|1743787677
|switch|p1a: Clodsire|Clodsire, M|69/100 brn
|turn|66
|
|t:|1743787681
|-prepare|p2a: Slowking|Chilly Reception|[premajor]
|move|p2a: Slowking|Chilly Reception|p2a: Slowking
|-weather|Snowscape
|
|t:|1743787684
|switch|p2a: Corviknight|Corviknight, M|59/100|[from] Chilly Reception
|move|p1a: Clodsire|Stealth Rock|p2a: Corviknight
|-sidestart|p2: halfmiss|move: Stealth Rock
|
|-weather|Snowscape|[upkeep]
|-heal|p2a: Corviknight|65/100|[from] item: Leftovers
|-heal|p1a: Clodsire|75/100 brn|[from] item: Leftovers
|-damage|p1a: Clodsire|69/100 brn|[from] brn
|upkeep
|turn|67
|
|t:|1743787697
|move|p2a: Corviknight|Defog|p1a: Clodsire
|-unboost|p1a: Clodsire|evasion|1
|-sideend|p2: halfmiss|Stealth Rock|[from] move: Defog|[of] p2a: Corviknight
|move|p1a: Clodsire|Earthquake|p2a: Corviknight
|-immune|p2a: Corviknight
|
|-weather|Snowscape|[upkeep]
|-heal|p2a: Corviknight|72/100|[from] item: Leftovers
|-heal|p1a: Clodsire|75/100 brn|[from] item: Leftovers
|-damage|p1a: Clodsire|69/100 brn|[from] brn
|upkeep
|turn|68
|
|t:|1743787707
|switch|p1a: Dondozo|Dondozo, M|68/100
|move|p2a: Corviknight|U-turn|p1a: Dondozo
|-damage|p1a: Dondozo|61/100
|
|t:|1743787711
|switch|p2a: Kyurem|Kyurem|60/100|[from] U-turn
|-ability|p2a: Kyurem|Pressure
|
|-weather|Snowscape|[upkeep]
|-heal|p1a: Dondozo|68/100|[from] item: Leftovers
|upkeep
|turn|69
|
|t:|1743787725
|move|p2a: Kyurem|Blizzard|p1a: Dondozo
|-resisted|p1a: Dondozo
|-damage|p1a: Dondozo|39/100
|move|p1a: Dondozo|Waterfall|p2a: Kyurem
|-resisted|p2a: Kyurem
|-damage|p2a: Kyurem|52/100
|
|-weather|Snowscape|[upkeep]
|-heal|p1a: Dondozo|45/100|[from] item: Leftovers
|upkeep
|turn|70
|
|t:|1743787738
|switch|p2a: Slowking|Slowking, M|87/100 tox
|move|p1a: Dondozo|Rest|p1a: Dondozo
|-status|p1a: Dondozo|slp|[from] move: Rest
|-heal|p1a: Dondozo|100/100 slp|[silent]
|
|-weather|none
|-damage|p2a: Slowking|81/100 tox|[from] psn
|upkeep
|turn|71
|
|t:|1743787748
|cant|p1a: Dondozo|slp
|move|p1a: Dondozo|Sleep Talk|p1a: Dondozo
|move|p1a: Dondozo|Curse|p1a: Dondozo|[from] move: Sleep Talk
|-unboost|p1a: Dondozo|spe|1
|-boost|p1a: Dondozo|atk|1
|-boost|p1a: Dondozo|def|1
|-prepare|p2a: Slowking|Chilly Reception|[premajor]
|move|p2a: Slowking|Chilly Reception|p2a: Slowking
|-weather|Snowscape
|
|t:|1743787757
|switch|p2a: Kyurem|Kyurem|52/100|[from] Chilly Reception
|-ability|p2a: Kyurem|Pressure
|
|-weather|Snowscape|[upkeep]
|upkeep
|turn|72
|
|t:|1743787763
|switch|p1a: Great Tusk|Great Tusk|93/100
|move|p2a: Kyurem|Blizzard|p1a: Great Tusk
|-supereffective|p1a: Great Tusk
|-damage|p1a: Great Tusk|0 fnt
|faint|p1a: Great Tusk
|-end|p1a: Great Tusk|Protosynthesis|[silent]
|
|-weather|Snowscape|[upkeep]
|upkeep
|
|t:|1743787766
|switch|p1a: Clodsire|Clodsire, M|69/100 brn
|turn|73
|
|t:|1743787771
|move|p2a: Kyurem|Blizzard|p1a: Clodsire
|-supereffective|p1a: Clodsire
|-damage|p1a: Clodsire|7/100 brn
|move|p1a: Clodsire|Earthquake|p2a: Kyurem
|-damage|p2a: Kyurem|43/100
|
|-weather|Snowscape|[upkeep]
|-heal|p1a: Clodsire|13/100 brn|[from] item: Leftovers
|-damage|p1a: Clodsire|7/100 brn|[from] brn
|upkeep
|turn|74
|
|t:|1743787780
|move|p2a: Kyurem|Blizzard|p1a: Clodsire
|-supereffective|p1a: Clodsire
|-damage|p1a: Clodsire|0 fnt
|faint|p1a: Clodsire
|
|-weather|Snowscape|[upkeep]
|upkeep
|
|t:|1743787782
|switch|p1a: Dondozo|Dondozo, M|100/100 slp
|turn|75
|
|t:|1743787789
|switch|p2a: Slowking|Slowking, M|100/100 tox
|cant|p1a: Dondozo|slp
|move|p1a: Dondozo|Sleep Talk|p1a: Dondozo
|move|p1a: Dondozo|Curse|p1a: Dondozo|[from] move: Sleep Talk
|-unboost|p1a: Dondozo|spe|1
|-boost|p1a: Dondozo|atk|1
|-boost|p1a: Dondozo|def|1
|
|-weather|none
|-damage|p2a: Slowking|94/100 tox|[from] psn
|upkeep
|turn|76
|
|t:|1743787800
|-prepare|p2a: Slowking|Chilly Reception|[premajor]
|move|p2a: Slowking|Chilly Reception|p2a: Slowking
|-weather|Snowscape
|
|t:|1743787803
|switch|p2a: Corviknight|Corviknight, M|72/100|[from] Chilly Reception
|-curestatus|p1a: Dondozo|slp|[msg]
|move|p1a: Dondozo|Sleep Talk||[still]
|-fail|p1a: Dondozo
|
|-weather|Snowscape|[upkeep]
|-heal|p2a: Corviknight|78/100|[from] item: Leftovers
|upkeep
|turn|77
|
|t:|1743787813
|move|p2a: Corviknight|Brave Bird|p1a: Dondozo
|-damage|p1a: Dondozo|89/100
|-damage|p2a: Corviknight|73/100|[from] Recoil
|move|p1a: Dondozo|Waterfall|p2a: Corviknight
|-damage|p2a: Corviknight|47/100
|
|-weather|Snowscape|[upkeep]
|-heal|p2a: Corviknight|54/100|[from] item: Leftovers
|-heal|p1a: Dondozo|95/100|[from] item: Leftovers
|upkeep
|turn|78
|
|t:|1743787823
|move|p2a: Corviknight|Brave Bird|p1a: Dondozo
|-damage|p1a: Dondozo|83/100
|-damage|p2a: Corviknight|49/100|[from] Recoil
|move|p1a: Dondozo|Waterfall|p2a: Corviknight
|-damage|p2a: Corviknight|24/100
|
|-weather|Snowscape|[upkeep]
|-heal|p2a: Corviknight|31/100|[from] item: Leftovers
|-heal|p1a: Dondozo|89/100|[from] item: Leftovers
|upkeep
|turn|79
|
|t:|1743787832
|move|p2a: Corviknight|Brave Bird|p1a: Dondozo
|-damage|p1a: Dondozo|79/100
|-damage|p2a: Corviknight|26/100|[from] Recoil
|move|p1a: Dondozo|Waterfall|p2a: Corviknight
|-damage|p2a: Corviknight|4/100
|
|-weather|Snowscape|[upkeep]
|-heal|p2a: Corviknight|10/100|[from] item: Leftovers
|-heal|p1a: Dondozo|85/100|[from] item: Leftovers
|upkeep
|turn|80
|
|t:|1743787842
|move|p2a: Corviknight|Brave Bird|p1a: Dondozo
|-damage|p1a: Dondozo|75/100
|-damage|p2a: Corviknight|5/100|[from] Recoil
|move|p1a: Dondozo|Waterfall|p2a: Corviknight
|-damage|p2a: Corviknight|0 fnt
|faint|p2a: Corviknight
|
|-weather|none
|-heal|p1a: Dondozo|81/100|[from] item: Leftovers
|upkeep
|
|t:|1743787856
|switch|p2a: Kyurem|Kyurem|43/100
|-ability|p2a: Kyurem|Pressure
|turn|81
|
|t:|1743787861
|move|p2a: Kyurem|Draco Meteor|p1a: Dondozo
|-damage|p1a: Dondozo|13/100
|-unboost|p2a: Kyurem|spa|2
|move|p1a: Dondozo|Waterfall|p2a: Kyurem
|-resisted|p2a: Kyurem
|-damage|p2a: Kyurem|23/100
|
|-heal|p1a: Dondozo|19/100|[from] item: Leftovers
|upkeep
|turn|82
|
|t:|1743787870
|move|p2a: Kyurem|Draco Meteor|p1a: Dondozo
|-damage|p1a: Dondozo|0 fnt
|-unboost|p2a: Kyurem|spa|2
|faint|p1a: Dondozo
|
|win|halfmiss
|raw|TKO--Bolt's rating: 1235 &rarr; <strong>1210</strong><br />(-25 for losing)
|raw|halfmiss's rating: 1235 &rarr; <strong>1260</strong><br />(+25 for winning)
|l|☆TKO--Bolt
|player|p1|
