|j|☆Huboy
|j|☆Kwamz
|t:|1743815386
|gametype|singles
|player|p1|Huboy|hilbert|1494
|player|p2|Kwamz|102|1515
|teamsize|p1|6
|teamsize|p2|6
|gen|9
|tier|[Gen 9] OU
|rated|
|rule|HP Percentage Mod: HP is shown in percentages
|rule|Endless Battle Clause: Forcing endless battles is banned
|rule|Species Clause: Limit one of each Pokémon
|rule|OHKO Clause: OHKO moves are banned
|rule|Evasion Items Clause: Evasion items are banned
|rule|Evasion Moves Clause: Evasion moves are banned
|rule|Sleep Moves Clause: Sleep-inducing moves are banned
|clearpoke
|poke|p1|Milotic, F|
|poke|p1|Great Tusk|
|poke|p1|Zoroark-Hisui, F|
|poke|p1|Dondozo, M|
|poke|p1|Ribombee, F|
|poke|p1|Goodra-Hisui, M|
|poke|p2|Hydrapple, M|
|poke|p2|Corviknight, F|
|poke|p2|Cinderace, F|
|poke|p2|Quaquaval, M|
|poke|p2|Clodsire, M|
|poke|p2|Tyranitar, F|
|teampreview
|inactive|Battle timer is ON: inactive players will automatically lose when time's up. (requested by Huboy)
|
|t:|1743815410
|start
|switch|p1a: Ribombee|Ribombee, F|100/100
|switch|p2a: Tyranitar|Tyranitar, F|100/100
|-weather|Sandstorm|[from] ability: Sand Stream|[of] p2a: Tyranitar
|turn|1
|
|t:|1743815417
|move|p1a: Ribombee|U-turn|p2a: Tyranitar
|-supereffective|p2a: Tyranitar
|-damage|p2a: Tyranitar|64/100
|
|t:|1743815424
|switch|p1a: Great Tusk|Great Tusk|100/100|[from] U-turn
|move|p2a: Tyranitar|Stealth Rock|p1a: Great Tusk
|-sidestart|p1: Huboy|move: Stealth Rock
|
|-weather|Sandstorm|[upkeep]
|-heal|p2a: Tyranitar|70/100|[from] item: Leftovers
|upkeep
|turn|2
|inactive|Kwamz has 120 seconds left.
|
|t:|1743815456
|move|p1a: Great Tusk|Rapid Spin|p2a: Tyranitar
|-resisted|p2a: Tyranitar
|-damage|p2a: Tyranitar|64/100
|-boost|p1a: Great Tusk|spe|1
|-sideend|p1: Huboy|Stealth Rock|[from] move: Rapid Spin|[of] p1a: Great Tusk
|move|p2a: Tyranitar|Ice Beam|p1a: Great Tusk
|-supereffective|p1a: Great Tusk
|-damage|p1a: Great Tusk|65/100
|
|-weather|Sandstorm|[upkeep]
|-heal|p2a: Tyranitar|71/100|[from] item: Leftovers
|upkeep
|turn|3
|inactive|Kwamz has 120 seconds left.
|
|t:|1743815468
|switch|p2a: Corviknight|Corviknight, F|100/100
|-ability|p2a: Corviknight|Pressure
|move|p1a: Great Tusk|Close Combat|p2a: Corviknight
|-damage|p2a: Corviknight|66/100
|-unboost|p1a: Great Tusk|def|1
|-unboost|p1a: Great Tusk|spd|1
|-damage|p1a: Great Tusk|48/100|[from] item: Rocky Helmet|[of] p2a: Corviknight
|
|-weather|Sandstorm|[upkeep]
|upkeep
|turn|4
|
|t:|1743815485
|-end|p1a: Great Tusk|Protosynthesis|[silent]
|switch|p1a: Goodra|Goodra-Hisui, M|100/100
|move|p2a: Corviknight|Roost|p2a: Corviknight
|-heal|p2a: Corviknight|100/100
|-singleturn|p2a: Corviknight|move: Roost
|
|-weather|Sandstorm|[upkeep]
|upkeep
|turn|5
|
|t:|1743815498
|switch|p2a: Tyranitar|Tyranitar, F|71/100
|move|p1a: Goodra|Thunderbolt|p2a: Tyranitar
|-damage|p2a: Tyranitar|55/100
|-damage|p1a: Goodra|91/100|[from] item: Life Orb
|
|-weather|none
|-heal|p2a: Tyranitar|62/100|[from] item: Leftovers
|upkeep
|turn|6
|
|t:|1743815506
|move|p1a: Goodra|Flash Cannon|p2a: Tyranitar
|-supereffective|p2a: Tyranitar
|-damage|p2a: Tyranitar|3/100
|-damage|p1a: Goodra|81/100|[from] item: Life Orb
|move|p2a: Tyranitar|Knock Off|p1a: Goodra
|-damage|p1a: Goodra|23/100
|-enditem|p1a: Goodra|Life Orb|[from] move: Knock Off|[of] p2a: Tyranitar
|
|-heal|p2a: Tyranitar|9/100|[from] item: Leftovers
|upkeep
|turn|7
|
|t:|1743815518
|move|p1a: Goodra|Earthquake|p2a: Tyranitar
|-supereffective|p2a: Tyranitar
|-damage|p2a: Tyranitar|0 fnt
|faint|p2a: Tyranitar
|
|upkeep
|inactive|Kwamz has 120 seconds left.
|
|t:|1743815542
|switch|p2a: Quaquaval|Quaquaval, M|100/100
|turn|8
|inactive|Kwamz has 120 seconds left.
|
|t:|1743815559
|switch|p1a: Dondozo|Dondozo, M|100/100
|move|p2a: Quaquaval|Close Combat|p1a: Dondozo
|-damage|p1a: Dondozo|70/100
|-unboost|p2a: Quaquaval|def|1
|-unboost|p2a: Quaquaval|spd|1
|
|-heal|p1a: Dondozo|76/100|[from] item: Leftovers
|upkeep
|turn|9
|
|t:|1743815574
|switch|p2a: Hydrapple|Hydrapple, M|100/100
|switch|p1a: Ribombee|Ribombee, F|100/100
|
|upkeep
|turn|10
|
|t:|1743815594
|switch|p2a: Corviknight|Corviknight, F|100/100
|-ability|p2a: Corviknight|Pressure
|move|p1a: Ribombee|Trick|p2a: Corviknight
|-activate|p1a: Ribombee|move: Trick|[of] p2a: Corviknight
|-item|p2a: Corviknight|Choice Scarf|[from] move: Trick
|-item|p1a: Ribombee|Rocky Helmet|[from] move: Trick
|
|upkeep
|turn|11
|
|t:|1743815609
|move|p1a: Ribombee|Will-O-Wisp|p2a: Corviknight
|-status|p2a: Corviknight|brn
|move|p2a: Corviknight|Body Press|p1a: Ribombee
|-immune|p1a: Ribombee
|
|-damage|p2a: Corviknight|94/100 brn|[from] brn
|upkeep
|turn|12
|
|t:|1743815625
|switch|p2a: Clodsire|Clodsire, M|100/100
|move|p1a: Ribombee|Poltergeist|p2a: Clodsire
|-activate|p2a: Clodsire|move: Poltergeist|Leftovers
|-damage|p2a: Clodsire|60/100
|
|-heal|p2a: Clodsire|66/100|[from] item: Leftovers
|upkeep
|turn|13
|
|t:|1743815635
|move|p1a: Ribombee|Will-O-Wisp|p2a: Clodsire
|-status|p2a: Clodsire|brn
|move|p2a: Clodsire|Earthquake|p1a: Ribombee
|-damage|p1a: Ribombee|72/100
|replace|p1a: Zoroark|Zoroark-Hisui, F
|-end|p1a: Zoroark|Illusion
|
|-heal|p2a: Clodsire|72/100 brn|[from] item: Leftovers
|-damage|p2a: Clodsire|66/100 brn|[from] brn
|upkeep
|turn|14
|
|t:|1743815646
|move|p1a: Zoroark|Poltergeist|p2a: Clodsire
|-activate|p2a: Clodsire|move: Poltergeist|Leftovers
|-damage|p2a: Clodsire|25/100 brn
|move|p2a: Clodsire|Toxic|p1a: Zoroark
|-status|p1a: Zoroark|tox
|
|-heal|p2a: Clodsire|31/100 brn|[from] item: Leftovers
|-damage|p1a: Zoroark|66/100 tox|[from] psn
|-damage|p2a: Clodsire|25/100 brn|[from] brn
|upkeep
|turn|15
|
|t:|1743815655
|move|p1a: Zoroark|Poltergeist|p2a: Clodsire
|-activate|p2a: Clodsire|move: Poltergeist|Leftovers
|-damage|p2a: Clodsire|0 fnt
|faint|p2a: Clodsire
|
|-damage|p1a: Zoroark|54/100 tox|[from] psn
|upkeep
|
|t:|1743815667
|switch|p2a: Corviknight|Corviknight, F|94/100 brn
|-ability|p2a: Corviknight|Pressure
|turn|16
|
|t:|1743815676
|move|p1a: Zoroark|U-turn|p2a: Corviknight
|-resisted|p2a: Corviknight
|-damage|p2a: Corviknight|91/100 brn
|
|t:|1743815688
|switch|p1a: Milotic|Milotic, F|100/100|[from] U-turn
|move|p2a: Corviknight|Iron Defense|p2a: Corviknight
|-boost|p2a: Corviknight|def|2
|
|-damage|p2a: Corviknight|85/100 brn|[from] brn
|upkeep
|turn|17
|
|t:|1743815707
|switch|p2a: Quaquaval|Quaquaval, M|100/100
|switch|p1a: Ribombee|Ribombee, F|100/100
|
|upkeep
|turn|18
|
|t:|1743815729
|move|p1a: Ribombee|Sticky Web|p2a: Quaquaval
|-sidestart|p2: Kwamz|move: Sticky Web
|move|p2a: Quaquaval|Aqua Step|p1a: Ribombee
|-damage|p1a: Ribombee|23/100
|-boost|p2a: Quaquaval|spe|1
|
|upkeep
|turn|19
|inactive|Kwamz has 120 seconds left.
|
|t:|1743815745
|switch|p1a: Dondozo|Dondozo, M|76/100
|move|p2a: Quaquaval|Rapid Spin|p1a: Dondozo
|-damage|p1a: Dondozo|67/100
|-boost|p2a: Quaquaval|spe|1
|-sideend|p2: Kwamz|Sticky Web|[from] move: Rapid Spin|[of] p2a: Quaquaval
|
|-heal|p1a: Dondozo|73/100|[from] item: Leftovers
|upkeep
|turn|20
|
|t:|1743815754
|switch|p2a: Hydrapple|Hydrapple, M|100/100
|move|p1a: Dondozo|Liquidation|p2a: Hydrapple
|-resisted|p2a: Hydrapple
|-damage|p2a: Hydrapple|96/100
|
|-heal|p2a: Hydrapple|100/100|[from] item: Leftovers
|-heal|p1a: Dondozo|79/100|[from] item: Leftovers
|upkeep
|turn|21
|
|t:|1743815769
|switch|p1a: Goodra|Goodra-Hisui, M|23/100
|move|p2a: Hydrapple|Nasty Plot|p2a: Hydrapple
|-boost|p2a: Hydrapple|spa|2
|
|upkeep
|turn|22
|
|t:|1743815780
|move|p1a: Goodra|Ice Beam|p2a: Hydrapple
|-supereffective|p2a: Hydrapple
|-damage|p2a: Hydrapple|0 fnt
|faint|p2a: Hydrapple
|
|upkeep
|-message|Kwamz forfeited.
|
|win|Huboy
|raw|Huboy's rating: 1494 &rarr; <strong>1515</strong><br />(+21 for winning)
|raw|Kwamz's rating: 1515 &rarr; <strong>1494</strong><br />(-21 for losing)
|l|☆Kwamz
|player|p2|
|l|☆Huboy
|player|p1|
