|j|☆choalaimeo
|j|☆Tyujhgbnm
|t:|1743849481
|gametype|singles
|player|p1|choalaimeo|hooligans|1156
|player|p2|Tyujhgbnm|1|1113
|teamsize|p1|6
|teamsize|p2|6
|gen|9
|tier|[Gen 9] OU
|rated|
|rule|HP Percentage Mod: HP is shown in percentages
|rule|Endless Battle Clause: Forcing endless battles is banned
|rule|Species Clause: Limit one of each Pokémon
|rule|OHKO Clause: OHKO moves are banned
|rule|Evasion Items Clause: Evasion items are banned
|rule|Evasion Moves Clause: Evasion moves are banned
|rule|Sleep Moves Clause: Sleep-inducing moves are banned
|clearpoke
|poke|p1|Arcanine-Hisui, M|
|poke|p1|Ditto|
|poke|p1|Hydrapple, M|
|poke|p1|Typhlosion-Hisui, F|
|poke|p1|Ninetales, F|
|poke|p1|Excadrill, M|
|poke|p2|Sinistcha|
|poke|p2|Clodsire, F|
|poke|p2|Clefable, F|
|poke|p2|Reuniclus, M|
|poke|p2|Moltres|
|poke|p2|Okidogi, M|
|teampreview
|
|t:|1743849492
|start
|switch|p1a: Excadrill|Excadrill, M|100/100
|switch|p2a: Clodsire|Clodsire, F|100/100
|-ability|p1a: Excadrill|Mold Breaker
|-item|p1a: Excadrill|Air Balloon
|turn|1
|
|t:|1743849507
|switch|p2a: Moltres|Moltres|100/100
|move|p1a: Excadrill|Stealth Rock|p2a: Moltres
|-sidestart|p2: Tyujhgbnm|move: Stealth Rock
|
|upkeep
|turn|2
|
|t:|1743849514
|switch|p1a: Ninetales|Ninetales, F|100/100
|-weather|SunnyDay|[from] ability: Drought|[of] p1a: Ninetales
|move|p2a: Moltres|Flamethrower|p1a: Ninetales
|-resisted|p1a: Ninetales
|-damage|p1a: Ninetales|67/100
|
|-weather|SunnyDay|[upkeep]
|upkeep
|turn|3
|
|t:|1743849531
|move|p1a: Ninetales|Healing Wish|p1a: Ninetales
|faint|p1a: Ninetales
|move|p2a: Moltres|Scorching Sands|p1: Ninetales|[notarget]
|-fail|p2a: Moltres
|
|-weather|SunnyDay|[upkeep]
|upkeep
|
|t:|1743849537
|switch|p1a: Arcanine|Arcanine-Hisui, M|100/100
|turn|4
|
|t:|1743849545
|switch|p2a: Okidogi|Okidogi, M|100/100
|-damage|p2a: Okidogi|94/100|[from] Stealth Rock
|-terastallize|p1a: Arcanine|Grass
|move|p1a: Arcanine|Agility|p1a: Arcanine
|-boost|p1a: Arcanine|spe|2
|
|-weather|SunnyDay|[upkeep]
|-heal|p2a: Okidogi|100/100|[from] item: Leftovers
|upkeep
|turn|5
|
|t:|1743849561
|move|p1a: Arcanine|Flare Blitz|p2a: Okidogi
|-damage|p2a: Okidogi|23/100
|-damage|p1a: Arcanine|91/100|[from] item: Life Orb
|move|p2a: Okidogi|Ice Punch|p1a: Arcanine
|-supereffective|p1a: Arcanine
|-damage|p1a: Arcanine|37/100
|
|-weather|SunnyDay|[upkeep]
|-heal|p2a: Okidogi|29/100|[from] item: Leftovers
|upkeep
|turn|6
|
|t:|1743849574
|move|p1a: Arcanine|Flare Blitz|p2a: Okidogi
|-damage|p2a: Okidogi|0 fnt
|faint|p2a: Okidogi
|-damage|p1a: Arcanine|27/100|[from] item: Life Orb
|
|-weather|SunnyDay|[upkeep]
|upkeep
|
|t:|1743849588
|switch|p2a: Sinistcha|Sinistcha|100/100
|turn|7
|
|t:|1743849594
|move|p1a: Arcanine|Morning Sun|p1a: Arcanine
|-heal|p1a: Arcanine|94/100
|move|p2a: Sinistcha|Strength Sap|p1a: Arcanine
|-unboost|p1a: Arcanine|atk|1
|
|-weather|SunnyDay|[upkeep]
|upkeep
|turn|8
|
|t:|1743849604
|move|p1a: Arcanine|Flare Blitz|p2a: Sinistcha
|-supereffective|p2a: Sinistcha
|-damage|p2a: Sinistcha|43/100
|-damage|p1a: Arcanine|84/100|[from] item: Life Orb
|move|p2a: Sinistcha|Strength Sap|p1a: Arcanine
|-unboost|p1a: Arcanine|atk|1
|-heal|p2a: Sinistcha|100/100
|
|-weather|SunnyDay|[upkeep]
|upkeep
|turn|9
|
|t:|1743849615
|switch|p1a: Ditto|Ditto|100/100
|-transform|p1a: Ditto|p2a: Sinistcha|[from] ability: Imposter
|move|p2a: Sinistcha|Calm Mind|p2a: Sinistcha
|-boost|p2a: Sinistcha|spa|1
|-boost|p2a: Sinistcha|spd|1
|
|-weather|none
|upkeep
|turn|10
|
|t:|1743849626
|move|p1a: Ditto|Shadow Ball|p2a: Sinistcha
|-supereffective|p2a: Sinistcha
|-damage|p2a: Sinistcha|50/100
|-unboost|p2a: Sinistcha|spd|1
|move|p2a: Sinistcha|Shadow Ball|p1a: Ditto
|-supereffective|p1a: Ditto
|-damage|p1a: Ditto|0 fnt
|faint|p1a: Ditto
|
|upkeep
|
|t:|1743849634
|switch|p1a: Typhlosion|Typhlosion-Hisui, F|100/100
|-item|p2a: Sinistcha|Heavy-Duty Boots|[from] ability: Frisk|[of] p1a: Typhlosion
|turn|11
|
|t:|1743849652
|move|p1a: Typhlosion|Eruption|p2a: Sinistcha
|-supereffective|p2a: Sinistcha
|-damage|p2a: Sinistcha|0 fnt
|faint|p2a: Sinistcha
|
|upkeep
|
|t:|1743849666
|switch|p2a: Clodsire|Clodsire, F|100/100
|-damage|p2a: Clodsire|94/100|[from] Stealth Rock
|turn|12
|
|t:|1743849671
|switch|p1a: Excadrill|Excadrill, M|100/100
|-ability|p1a: Excadrill|Mold Breaker
|-item|p1a: Excadrill|Air Balloon
|move|p2a: Clodsire|Earthquake|p1a: Excadrill
|-immune|p1a: Excadrill
|
|-heal|p2a: Clodsire|100/100|[from] item: Leftovers
|upkeep
|turn|13
|
|t:|1743849682
|switch|p2a: Moltres|Moltres|100/100
|move|p1a: Excadrill|Earthquake|p2a: Moltres
|-immune|p2a: Moltres
|
|upkeep
|turn|14
|
|t:|1743849696
|switch|p1a: Hydrapple|Hydrapple, M|100/100
|move|p2a: Moltres|Hurricane|p1a: Hydrapple
|-supereffective|p1a: Hydrapple
|-damage|p1a: Hydrapple|44/100
|-start|p1a: Hydrapple|confusion
|
|upkeep
|turn|15
|
|t:|1743849707
|move|p2a: Moltres|Flamethrower|p1a: Hydrapple
|-damage|p1a: Hydrapple|18/100
|-activate|p1a: Hydrapple|confusion
|move|p1a: Hydrapple|Fickle Beam|p2a: Moltres
|-damage|p2a: Moltres|56/100
|
|upkeep
|turn|16
|
|t:|1743849716
|switch|p1a: Arcanine|Arcanine-Hisui, M, tera:Grass|84/100
|-heal|p1a: Arcanine|100/100|[from] move: Healing Wish
|move|p2a: Moltres|Roost|p2a: Moltres
|-heal|p2a: Moltres|100/100
|-singleturn|p2a: Moltres|move: Roost
|
|upkeep
|turn|17
|
|t:|1743849725
|move|p1a: Arcanine|Head Smash|p2a: Moltres
|-supereffective|p2a: Moltres
|-damage|p2a: Moltres|0 fnt
|faint|p2a: Moltres
|-damage|p1a: Arcanine|91/100|[from] item: Life Orb
|
|upkeep
|
|t:|1743849757
|switch|p2a: Clefable|Clefable, F|100/100
|turn|18
|inactive|Battle timer is ON: inactive players will automatically lose when time's up. (requested by choalaimeo)
|
|t:|1743849766
|move|p1a: Arcanine|Head Smash|p2a: Clefable|[miss]
|-miss|p1a: Arcanine|p2a: Clefable
|move|p2a: Clefable|Draining Kiss|p1a: Arcanine
|-damage|p1a: Arcanine|71/100
|
|upkeep
|turn|19
|
|t:|1743849778
|move|p1a: Arcanine|Head Smash|p2a: Clefable
|-damage|p2a: Clefable|0 fnt
|faint|p2a: Clefable
|-damage|p1a: Arcanine|62/100|[from] item: Life Orb
|
|upkeep
|
|t:|1743849787
|switch|p2a: Reuniclus|Reuniclus, M|100/100
|turn|20
|
|t:|1743849802
|move|p1a: Arcanine|Head Smash|p2a: Reuniclus
|-damage|p2a: Reuniclus|5/100
|-damage|p1a: Arcanine|52/100|[from] item: Life Orb
|move|p2a: Reuniclus|Psychic Noise|p1a: Arcanine
|-damage|p1a: Arcanine|12/100
|-start|p1a: Arcanine|move: Heal Block
|
|-heal|p2a: Reuniclus|11/100|[from] item: Leftovers
|upkeep
|turn|21
|
|t:|1743849816
|move|p1a: Arcanine|Flare Blitz|p2a: Reuniclus
|-damage|p2a: Reuniclus|0 fnt
|faint|p2a: Reuniclus
|-damage|p1a: Arcanine|2/100|[from] item: Life Orb
|
|-end|p1a: Arcanine|move: Heal Block
|upkeep
|-message|Tyujhgbnm forfeited.
|
|win|choalaimeo
|raw|choalaimeo's rating: 1156 &rarr; <strong>1178</strong><br />(+22 for winning)
|raw|Tyujhgbnm's rating: 1113 &rarr; <strong>1091</strong><br />(-22 for losing)
|l|☆Tyujhgbnm
|player|p2|
|l|☆choalaimeo
|player|p1|
