|j|☆Parappa01
|j|☆MrDrProfFuckface
|t:|1743784195
|gametype|singles
|player|p1|Parappa01|harlequin|1319
|player|p2|MrDrProfFuckface|swimmer-gen4dp|1287
|teamsize|p1|6
|teamsize|p2|6
|gen|9
|tier|[Gen 9] OU
|rated|
|rule|HP Percentage Mod: HP is shown in percentages
|rule|Endless Battle Clause: Forcing endless battles is banned
|rule|Species Clause: Limit one of each Pokémon
|rule|OHKO Clause: OHKO moves are banned
|rule|Evasion Items Clause: Evasion items are banned
|rule|Evasion Moves Clause: Evasion moves are banned
|rule|Sleep Moves Clause: Sleep-inducing moves are banned
|clearpoke
|poke|p1|Great Tusk|
|poke|p1|Zapdos|
|poke|p1|Meowscarada, F|
|poke|p1|Dragapult, F|
|poke|p1|Kingambit, F|
|poke|p1|Clefable, F|
|poke|p2|Dondozo, F|
|poke|p2|Great Tusk|
|poke|p2|Muk-Alola, F|
|poke|p2|Goodra-Hisui, F|
|poke|p2|Avalugg, M|
|poke|p2|Bastiodon, M|
|teampreview
|inactive|Battle timer is ON: inactive players will automatically lose when time's up. (requested by MrDrProfFuckface)
|
|t:|1743784204
|start
|switch|p1a: Zapdos|Zapdos|100/100
|switch|p2a: Table Top|Avalugg, M, shiny|100/100
|turn|1
|
|t:|1743784211
|move|p1a: Zapdos|Heat Wave|p2a: Table Top
|-supereffective|p2a: Table Top
|-damage|p2a: Table Top|18/100
|move|p2a: Table Top|Mirror Coat|p1a: Zapdos
|-damage|p1a: Zapdos|0 fnt
|faint|p1a: Zapdos
|
|upkeep
|
|t:|1743784220
|switch|p1a: Meowscarada|Meowscarada, F|100/100
|turn|2
|
|t:|1743784226
|switch|p2a: Bastard Face|Bastiodon, M, shiny|100/100
|move|p1a: Meowscarada|Knock Off|p2a: Bastard Face
|-start|p1a: Meowscarada|typechange|Dark|[from] ability: Protean
|-damage|p2a: Bastard Face|65/100
|-enditem|p2a: Bastard Face|Leftovers|[from] move: Knock Off|[of] p1a: Meowscarada
|
|upkeep
|turn|3
|
|t:|1743784238
|switch|p1a: Dragapult|Dragapult, F|100/100
|move|p2a: Bastard Face|Stealth Rock|p1a: Dragapult
|-sidestart|p1: Parappa01|move: Stealth Rock
|
|upkeep
|turn|4
|
|t:|1743784244
|switch|p2a: Jerry|Goodra-Hisui, F, shiny|100/100
|move|p1a: Dragapult|Thunder Wave|p2a: Jerry
|-status|p2a: Jerry|par
|
|upkeep
|turn|5
|inactive|Parappa01 has 120 seconds left.
|
|t:|1743784274
|move|p1a: Dragapult|Substitute|p1a: Dragapult
|-start|p1a: Dragapult|Substitute
|-damage|p1a: Dragapult|76/100
|move|p2a: Jerry|Dragon Pulse|p1a: Dragapult
|-supereffective|p1a: Dragapult
|-end|p1a: Dragapult|Substitute
|
|-heal|p1a: Dragapult|82/100|[from] item: Leftovers
|upkeep
|turn|6
|inactive|Parappa01 has 120 seconds left.
|
|t:|1743784284
|switch|p1a: Clefable|Clefable, F|100/100
|move|p2a: Jerry|Flash Cannon|p1a: Clefable
|-supereffective|p1a: Clefable
|-damage|p1a: Clefable|41/100
|
|-heal|p1a: Clefable|47/100|[from] item: Leftovers
|upkeep
|turn|7
|
|t:|1743784294
|move|p1a: Clefable|Stealth Rock|p2a: Jerry
|-sidestart|p2: MrDrProfFuckface|move: Stealth Rock
|cant|p2a: Jerry|par
|
|-heal|p1a: Clefable|53/100|[from] item: Leftovers
|upkeep
|turn|8
|
|t:|1743784301
|move|p1a: Clefable|Moonlight|p1a: Clefable
|-heal|p1a: Clefable|100/100
|move|p2a: Jerry|Flash Cannon|p1a: Clefable
|-supereffective|p1a: Clefable
|-damage|p1a: Clefable|47/100
|
|-heal|p1a: Clefable|53/100|[from] item: Leftovers
|upkeep
|turn|9
|
|t:|1743784309
|move|p1a: Clefable|Moonblast|p2a: Jerry
|-damage|p2a: Jerry|88/100 par
|cant|p2a: Jerry|par
|
|-heal|p1a: Clefable|59/100|[from] item: Leftovers
|upkeep
|turn|10
|
|t:|1743784320
|switch|p1a: Great Tusk|Great Tusk|100/100
|cant|p2a: Jerry|par
|
|upkeep
|turn|11
|
|t:|1743784327
|switch|p2a: Great Tusk|Great Tusk|100/100
|-damage|p2a: Great Tusk|98/100|[from] Stealth Rock
|move|p1a: Great Tusk|Rapid Spin|p2a: Great Tusk
|-damage|p2a: Great Tusk|84/100
|-boost|p1a: Great Tusk|spe|1
|-sideend|p1: Parappa01|Stealth Rock|[from] move: Rapid Spin|[of] p1a: Great Tusk
|
|upkeep
|turn|12
|
|t:|1743784335
|move|p1a: Great Tusk|Ice Spinner|p2a: Great Tusk
|-supereffective|p2a: Great Tusk
|-damage|p2a: Great Tusk|43/100
|move|p2a: Great Tusk|Headlong Rush|p1a: Great Tusk
|-damage|p1a: Great Tusk|53/100
|-unboost|p2a: Great Tusk|def|1
|-unboost|p2a: Great Tusk|spd|1
|-enditem|p2a: Great Tusk|Eject Pack
|
|t:|1743784345
|-end|p2a: Great Tusk|Protosynthesis|[silent]
|switch|p2a: Bastard Face|Bastiodon, M, shiny|65/100
|-damage|p2a: Bastard Face|59/100|[from] Stealth Rock
|
|upkeep
|turn|13
|
|t:|1743784350
|-terastallize|p2a: Bastard Face|Fighting
|move|p1a: Great Tusk|Headlong Rush|p2a: Bastard Face
|-damage|p2a: Bastard Face|23/100
|-unboost|p1a: Great Tusk|def|1
|-unboost|p1a: Great Tusk|spd|1
|move|p2a: Bastard Face|Stealth Rock|p1a: Great Tusk
|-sidestart|p1: Parappa01|move: Stealth Rock
|
|upkeep
|turn|14
|
|t:|1743784359
|move|p1a: Great Tusk|Headlong Rush|p2a: Bastard Face
|-crit|p2a: Bastard Face
|-damage|p2a: Bastard Face|0 fnt
|-unboost|p1a: Great Tusk|def|1
|-unboost|p1a: Great Tusk|spd|1
|faint|p2a: Bastard Face
|
|upkeep
|
|t:|1743784364
|switch|p2a: Sloppy Seconds|Muk-Alola, F, shiny|100/100
|-damage|p2a: Sloppy Seconds|88/100|[from] Stealth Rock
|turn|15
|
|t:|1743784370
|move|p1a: Great Tusk|Headlong Rush|p2a: Sloppy Seconds
|-supereffective|p2a: Sloppy Seconds
|-damage|p2a: Sloppy Seconds|0 fnt
|-unboost|p1a: Great Tusk|def|1
|-unboost|p1a: Great Tusk|spd|1
|faint|p2a: Sloppy Seconds
|
|upkeep
|-message|MrDrProfFuckface forfeited.
|
|win|Parappa01
|raw|Parappa01's rating: 1319 &rarr; <strong>1337</strong><br />(+18 for winning)
|raw|MrDrProfFuckface's rating: 1287 &rarr; <strong>1264</strong><br />(-23 for losing)
|l|☆MrDrProfFuckface
|player|p2|
|l|☆Parappa01
|player|p1|
