|j|☆SSATFAW
|j|☆AndreRWright
|t:|1743784347
|gametype|singles
|player|p1|SSATFAW|ghetsis|1320
|player|p2|AndreRWright|giovanni|1364
|teamsize|p1|6
|teamsize|p2|6
|gen|9
|tier|[Gen 9] OU
|rated|
|rule|HP Percentage Mod: HP is shown in percentages
|rule|Endless Battle Clause: Forcing endless battles is banned
|rule|Species Clause: Limit one of each Pokémon
|rule|OHKO Clause: OHKO moves are banned
|rule|Evasion Items Clause: Evasion items are banned
|rule|Evasion Moves Clause: Evasion moves are banned
|rule|Sleep Moves Clause: Sleep-inducing moves are banned
|clearpoke
|poke|p1|Inteleon, F|
|poke|p1|Dragapult, F|
|poke|p1|Cinderace, M|
|poke|p1|Corviknight, F|
|poke|p1|Alomomola, M|
|poke|p1|Ting-Lu|
|poke|p2|Goodra-Hisui, M|
|poke|p2|Porygon2|
|poke|p2|Cobalion|
|poke|p2|Flareon, M|
|poke|p2|Moltres|
|poke|p2|Milotic, M|
|teampreview
|
|t:|1743784365
|start
|switch|p1a: Cinderace|Cinderace, M|100/100
|switch|p2a: Cobalion|Cobalion|100/100
|turn|1
|
|t:|1743784372
|switch|p2a: Moltres|Moltres|100/100
|move|p1a: Cinderace|Pyro Ball|p2a: Moltres
|-resisted|p2a: Moltres
|-damage|p2a: Moltres|81/100
|
|upkeep
|turn|2
|
|t:|1743784379
|switch|p1a: Alomomola|Alomomola, M|100/100
|move|p2a: Moltres|U-turn|p1a: Alomomola
|-damage|p1a: Alomomola|93/100
|
|t:|1743784385
|switch|p2a: Porygon2|Porygon2|100/100|[from] U-turn
|-ability|p2a: Porygon2|Regenerator|[from] ability: Trace|[of] p1a: Alomomola
|
|upkeep
|turn|3
|
|t:|1743784391
|switch|p1a: Ting-Lu|Ting-Lu|100/100
|-ability|p1a: Ting-Lu|Vessel of Ruin
|move|p2a: Porygon2|Discharge|p1a: Ting-Lu
|-immune|p1a: Ting-Lu
|
|upkeep
|turn|4
|inactive|Battle timer is ON: inactive players will automatically lose when time's up. (requested by SSATFAW)
|
|t:|1743784419
|switch|p2a: Goodra|Goodra-Hisui, M|100/100
|move|p1a: Ting-Lu|Stealth Rock|p2a: Goodra
|-sidestart|p2: AndreRWright|move: Stealth Rock
|
|upkeep
|turn|5
|
|t:|1743784427
|-terastallize|p2a: Goodra|Flying
|move|p2a: Goodra|Knock Off|p1a: Ting-Lu
|-resisted|p1a: Ting-Lu
|-damage|p1a: Ting-Lu|95/100
|-enditem|p1a: Ting-Lu|Leftovers|[from] move: Knock Off|[of] p2a: Goodra
|move|p1a: Ting-Lu|Earthquake|p2a: Goodra
|-immune|p2a: Goodra
|
|upkeep
|turn|6
|
|t:|1743784437
|move|p2a: Goodra|Ice Beam|p1a: Ting-Lu
|-supereffective|p1a: Ting-Lu
|-crit|p1a: Ting-Lu
|-damage|p1a: Ting-Lu|54/100
|move|p1a: Ting-Lu|Ruination|p2a: Goodra
|-damage|p2a: Goodra|51/100
|
|upkeep
|turn|7
|
|t:|1743784444
|move|p2a: Goodra|Knock Off|p1a: Ting-Lu
|-resisted|p1a: Ting-Lu
|-damage|p1a: Ting-Lu|50/100
|move|p1a: Ting-Lu|Ruination|p2a: Goodra
|-damage|p2a: Goodra|26/100
|
|upkeep
|turn|8
|
|t:|1743784451
|move|p2a: Goodra|Ice Beam|p1a: Ting-Lu
|-supereffective|p1a: Ting-Lu
|-damage|p1a: Ting-Lu|23/100
|move|p1a: Ting-Lu|Whirlwind|p2a: Goodra
|drag|p2a: Cobalion|Cobalion|100/100
|-damage|p2a: Cobalion|97/100|[from] Stealth Rock
|
|-heal|p2a: Cobalion|100/100|[from] item: Leftovers
|upkeep
|turn|9
|
|t:|1743784461
|switch|p1a: Alomomola|Alomomola, M|100/100
|move|p2a: Cobalion|Body Press|p1a: Alomomola
|-crit|p1a: Alomomola
|-damage|p1a: Alomomola|65/100
|
|upkeep
|turn|10
|
|t:|1743784472
|move|p2a: Cobalion|Substitute|p2a: Cobalion
|-start|p2a: Cobalion|Substitute
|-damage|p2a: Cobalion|75/100
|move|p1a: Alomomola|Wish|p1a: Alomomola
|
|-heal|p2a: Cobalion|82/100|[from] item: Leftovers
|upkeep
|turn|11
|
|t:|1743784480
|move|p2a: Cobalion|Poison Jab|p1a: Alomomola
|-damage|p1a: Alomomola|57/100
|move|p1a: Alomomola|Flip Turn|p2a: Cobalion
|-activate|p2a: Cobalion|move: Substitute|[damage]
|
|t:|1743784486
|switch|p1a: Ting-Lu|Ting-Lu|23/100|[from] Flip Turn
|-ability|p1a: Ting-Lu|Vessel of Ruin
|
|-heal|p1a: Ting-Lu|75/100|[from] move: Wish|[wisher] Alomomola
|-heal|p2a: Cobalion|88/100|[from] item: Leftovers
|upkeep
|turn|12
|
|t:|1743784496
|-terastallize|p1a: Ting-Lu|Ghost
|move|p2a: Cobalion|Body Press|p1a: Ting-Lu
|-immune|p1a: Ting-Lu
|move|p1a: Ting-Lu|Whirlwind|p2a: Cobalion
|drag|p2a: Moltres|Moltres|81/100
|
|upkeep
|turn|13
|
|t:|1743784505
|switch|p1a: Alomomola|Alomomola, M|90/100
|move|p2a: Moltres|Hurricane|p1a: Alomomola
|-damage|p1a: Alomomola|36/100
|-start|p1a: Alomomola|confusion
|
|upkeep
|turn|14
|
|t:|1743784518
|switch|p1a: Inteleon|Inteleon, F|100/100
|move|p2a: Moltres|Hurricane|p1a: Inteleon
|-damage|p1a: Inteleon|19/100
|
|upkeep
|turn|15
|
|t:|1743784526
|switch|p2a: Milotic|Milotic, M|100/100
|-damage|p2a: Milotic|88/100|[from] Stealth Rock
|move|p1a: Inteleon|Surf|p2a: Milotic
|-resisted|p2a: Milotic
|-damage|p2a: Milotic|57/100
|
|upkeep
|turn|16
|
|t:|1743784544
|switch|p1a: Alomomola|Alomomola, M|69/100
|move|p2a: Milotic|Recover|p2a: Milotic
|-heal|p2a: Milotic|100/100
|
|upkeep
|turn|17
|
|t:|1743784553
|move|p2a: Milotic|Scald|p1a: Alomomola
|-resisted|p1a: Alomomola
|-damage|p1a: Alomomola|54/100
|move|p1a: Alomomola|Wish|p1a: Alomomola
|
|upkeep
|turn|18
|
|t:|1743784559
|move|p2a: Milotic|Scald|p1a: Alomomola
|-resisted|p1a: Alomomola
|-damage|p1a: Alomomola|38/100
|move|p1a: Alomomola|Flip Turn|p2a: Milotic
|-resisted|p2a: Milotic
|-damage|p2a: Milotic|94/100
|
|t:|1743784566
|switch|p1a: Inteleon|Inteleon, F|19/100|[from] Flip Turn
|
|-heal|p1a: Inteleon|100/100|[from] move: Wish|[wisher] Alomomola
|upkeep
|turn|19
|
|t:|1743784580
|move|p1a: Inteleon|U-turn|p2a: Milotic
|-damage|p2a: Milotic|81/100
|
|t:|1743784583
|switch|p1a: Alomomola|Alomomola, M|71/100|[from] U-turn
|move|p2a: Milotic|Scald|p1a: Alomomola
|-resisted|p1a: Alomomola
|-damage|p1a: Alomomola|55/100
|
|upkeep
|turn|20
|
|t:|1743784591
|move|p2a: Milotic|Scald|p1a: Alomomola
|-resisted|p1a: Alomomola
|-damage|p1a: Alomomola|38/100
|move|p1a: Alomomola|Flip Turn|p2a: Milotic
|-resisted|p2a: Milotic
|-damage|p2a: Milotic|75/100
|
|t:|1743784601
|switch|p1a: Dragapult|Dragapult, F|100/100|[from] Flip Turn
|
|upkeep
|turn|21
|
|t:|1743784606
|switch|p2a: Goodra|Goodra-Hisui, M, tera:Flying|26/100
|-damage|p2a: Goodra|1/100|[from] Stealth Rock
|move|p1a: Dragapult|Dragon Darts|p2a: Goodra
|-damage|p2a: Goodra|0 fnt
|faint|p2a: Goodra
|
|upkeep
|
|t:|1743784618
|switch|p2a: Porygon2|Porygon2|100/100
|-damage|p2a: Porygon2|88/100|[from] Stealth Rock
|-ability|p2a: Porygon2|Clear Body|[from] ability: Trace|[of] p1a: Dragapult
|turn|22
|
|t:|1743784626
|switch|p1a: Ting-Lu|Ting-Lu, tera:Ghost|75/100
|-ability|p1a: Ting-Lu|Vessel of Ruin
|move|p2a: Porygon2|Foul Play|p1a: Ting-Lu
|-supereffective|p1a: Ting-Lu
|-damage|p1a: Ting-Lu|51/100
|
|upkeep
|turn|23
|
|t:|1743784635
|switch|p1a: Alomomola|Alomomola, M|71/100
|move|p2a: Porygon2|Discharge|p1a: Alomomola
|-supereffective|p1a: Alomomola
|-damage|p1a: Alomomola|23/100
|
|upkeep
|turn|24
|
|t:|1743784644
|switch|p1a: Dragapult|Dragapult, F|100/100
|move|p2a: Porygon2|Discharge|p1a: Dragapult
|-resisted|p1a: Dragapult
|-damage|p1a: Dragapult|87/100
|-status|p1a: Dragapult|par
|
|upkeep
|turn|25
|
|t:|1743784653
|cant|p1a: Dragapult|par
|move|p2a: Porygon2|Foul Play|p1a: Dragapult
|-supereffective|p1a: Dragapult
|-damage|p1a: Dragapult|0 fnt
|faint|p1a: Dragapult
|
|upkeep
|
|t:|1743784663
|switch|p1a: Inteleon|Inteleon, F|100/100
|turn|26
|
|t:|1743784667
|move|p1a: Inteleon|Surf|p2a: Porygon2
|-damage|p2a: Porygon2|48/100
|move|p2a: Porygon2|Discharge|p1a: Inteleon
|-supereffective|p1a: Inteleon
|-damage|p1a: Inteleon|31/100
|-status|p1a: Inteleon|par
|
|upkeep
|turn|27
|
|t:|1743784675
|move|p1a: Inteleon|Surf|p2a: Porygon2
|-crit|p2a: Porygon2
|-damage|p2a: Porygon2|0 fnt
|faint|p2a: Porygon2
|
|upkeep
|
|t:|1743784686
|switch|p2a: Cobalion|Cobalion|88/100
|-damage|p2a: Cobalion|85/100|[from] Stealth Rock
|turn|28
|
|t:|1743784690
|switch|p1a: Alomomola|Alomomola, M|57/100
|move|p2a: Cobalion|Substitute|p2a: Cobalion
|-start|p2a: Cobalion|Substitute
|-damage|p2a: Cobalion|60/100
|
|-heal|p2a: Cobalion|66/100|[from] item: Leftovers
|upkeep
|turn|29
|
|t:|1743784702
|move|p2a: Cobalion|Poison Jab|p1a: Alomomola
|-damage|p1a: Alomomola|48/100
|move|p1a: Alomomola|Wish|p1a: Alomomola
|
|-heal|p2a: Cobalion|72/100|[from] item: Leftovers
|upkeep
|turn|30
|
|t:|1743784710
|move|p2a: Cobalion|Poison Jab|p1a: Alomomola
|-damage|p1a: Alomomola|39/100
|-status|p1a: Alomomola|psn
|move|p1a: Alomomola|Flip Turn|p2a: Cobalion
|-activate|p2a: Cobalion|move: Substitute|[damage]
|
|t:|1743784719
|switch|p1a: Ting-Lu|Ting-Lu, tera:Ghost|51/100|[from] Flip Turn
|-ability|p1a: Ting-Lu|Vessel of Ruin
|
|-heal|p1a: Ting-Lu|100/100|[from] move: Wish|[wisher] Alomomola
|-heal|p2a: Cobalion|78/100|[from] item: Leftovers
|upkeep
|turn|31
|
|t:|1743784728
|move|p2a: Cobalion|Poison Jab|p1a: Ting-Lu
|-resisted|p1a: Ting-Lu
|-damage|p1a: Ting-Lu|97/100
|move|p1a: Ting-Lu|Whirlwind|p2a: Cobalion
|drag|p2a: Flareon|Flareon, M|100/100
|
|upkeep
|turn|32
|
|t:|1743784738
|switch|p2a: Moltres|Moltres|81/100
|move|p1a: Ting-Lu|Earthquake|p2a: Moltres
|-immune|p2a: Moltres
|
|upkeep
|turn|33
|
|t:|1743784747
|move|p2a: Moltres|Hurricane|p1a: Ting-Lu|[miss]
|-miss|p2a: Moltres|p1a: Ting-Lu
|move|p1a: Ting-Lu|Ruination|p2a: Moltres
|-damage|p2a: Moltres|41/100
|
|upkeep
|turn|34
|
|t:|1743784754
|move|p2a: Moltres|Roost|p2a: Moltres
|-heal|p2a: Moltres|91/100
|-singleturn|p2a: Moltres|move: Roost
|move|p1a: Ting-Lu|Earthquake|p2a: Moltres
|-supereffective|p2a: Moltres
|-damage|p2a: Moltres|38/100
|
|upkeep
|turn|35
|
|t:|1743784763
|move|p2a: Moltres|Hurricane|p1a: Ting-Lu
|-damage|p1a: Ting-Lu|75/100
|move|p1a: Ting-Lu|Ruination|p2a: Moltres|[miss]
|-miss|p1a: Ting-Lu|p2a: Moltres
|
|upkeep
|turn|36
|
|t:|1743784773
|move|p2a: Moltres|Hurricane|p1a: Ting-Lu|[miss]
|-miss|p2a: Moltres|p1a: Ting-Lu
|move|p1a: Ting-Lu|Ruination|p2a: Moltres
|-damage|p2a: Moltres|19/100
|
|upkeep
|turn|37
|
|t:|1743784779
|move|p2a: Moltres|Roost|p2a: Moltres
|-heal|p2a: Moltres|69/100
|-singleturn|p2a: Moltres|move: Roost
|move|p1a: Ting-Lu|Earthquake|p2a: Moltres
|-supereffective|p2a: Moltres
|-damage|p2a: Moltres|18/100
|
|upkeep
|turn|38
|
|t:|1743784787
|move|p2a: Moltres|Roost|p2a: Moltres
|-heal|p2a: Moltres|68/100
|-singleturn|p2a: Moltres|move: Roost
|move|p1a: Ting-Lu|Earthquake|p2a: Moltres
|-supereffective|p2a: Moltres
|-damage|p2a: Moltres|16/100
|
|upkeep
|turn|39
|
|t:|1743784795
|move|p2a: Moltres|Hurricane|p1a: Ting-Lu|[miss]
|-miss|p2a: Moltres|p1a: Ting-Lu
|move|p1a: Ting-Lu|Ruination|p2a: Moltres
|-damage|p2a: Moltres|8/100
|
|upkeep
|turn|40
|
|t:|1743784802
|move|p2a: Moltres|Hurricane|p1a: Ting-Lu
|-damage|p1a: Ting-Lu|52/100
|-start|p1a: Ting-Lu|confusion
|-activate|p1a: Ting-Lu|confusion
|move|p1a: Ting-Lu|Earthquake|p2a: Moltres
|-immune|p2a: Moltres
|
|upkeep
|turn|41
|
|t:|1743784809
|move|p2a: Moltres|Hurricane|p1a: Ting-Lu
|-damage|p1a: Ting-Lu|31/100
|-activate|p1a: Ting-Lu|confusion
|move|p1a: Ting-Lu|Earthquake|p2a: Moltres
|-immune|p2a: Moltres
|
|upkeep
|turn|42
|
|t:|1743784820
|switch|p1a: Cinderace|Cinderace, M|100/100
|move|p2a: Moltres|Hurricane|p1a: Cinderace|[miss]
|-miss|p2a: Moltres|p1a: Cinderace
|
|upkeep
|turn|43
|
|t:|1743784827
|switch|p2a: Flareon|Flareon, M|100/100
|move|p1a: Cinderace|Pyro Ball|p2a: Flareon
|-start|p2a: Flareon|ability: Flash Fire
|
|upkeep
|turn|44
|
|t:|1743784835
|move|p2a: Flareon|Protect|p2a: Flareon
|-singleturn|p2a: Flareon|Protect
|move|p1a: Cinderace|U-turn|p2a: Flareon
|-start|p1a: Cinderace|typechange|Bug|[from] ability: Libero
|-activate|p2a: Flareon|move: Protect
|
|upkeep
|turn|45
|
|t:|1743784849
|move|p1a: Cinderace|U-turn|p2a: Flareon
|-resisted|p2a: Flareon
|-damage|p2a: Flareon|75/100
|
|t:|1743784853
|switch|p1a: Alomomola|Alomomola, M|73/100 psn|[from] U-turn
|move|p2a: Flareon|Flare Blitz|p1a: Alomomola
|-resisted|p1a: Alomomola
|-damage|p1a: Alomomola|52/100 psn
|-damage|p2a: Flareon|65/100|[from] Recoil
|
|-damage|p1a: Alomomola|40/100 psn|[from] psn
|upkeep
|turn|46
|
|t:|1743784868
|switch|p1a: Inteleon|Inteleon, F|31/100 par
|move|p2a: Flareon|Wish|p2a: Flareon
|
|upkeep
|turn|47
|
|t:|1743784878
|move|p2a: Flareon|Protect|p2a: Flareon
|-singleturn|p2a: Flareon|Protect
|move|p1a: Inteleon|Surf|p2a: Flareon
|-activate|p2a: Flareon|move: Protect
|
|-heal|p2a: Flareon|100/100|[from] move: Wish|[wisher] Flareon
|upkeep
|turn|48
|
|t:|1743784886
|-end|p2a: Flareon|ability: Flash Fire|[silent]
|switch|p2a: Milotic|Milotic, M|75/100
|-damage|p2a: Milotic|62/100|[from] Stealth Rock
|move|p1a: Inteleon|Surf|p2a: Milotic
|-resisted|p2a: Milotic
|-damage|p2a: Milotic|29/100
|
|upkeep
|turn|49
|
|t:|1743784894
|move|p2a: Milotic|Recover|p2a: Milotic
|-heal|p2a: Milotic|79/100
|move|p1a: Inteleon|Surf|p2a: Milotic
|-resisted|p2a: Milotic
|-damage|p2a: Milotic|45/100
|
|upkeep
|turn|50
|
|t:|1743784901
|switch|p1a: Alomomola|Alomomola, M|73/100 psn
|move|p2a: Milotic|Recover|p2a: Milotic
|-heal|p2a: Milotic|95/100
|
|-damage|p1a: Alomomola|61/100 psn|[from] psn
|upkeep
|turn|51
|
|t:|1743784910
|switch|p2a: Moltres|Moltres|8/100
|move|p1a: Alomomola|Wish|p1a: Alomomola
|
|-damage|p1a: Alomomola|48/100 psn|[from] psn
|upkeep
|turn|52
|
|t:|1743784917
|move|p2a: Moltres|Roost|p2a: Moltres
|-heal|p2a: Moltres|58/100
|-singleturn|p2a: Moltres|move: Roost
|move|p1a: Alomomola|Flip Turn|p2a: Moltres
|-supereffective|p2a: Moltres
|-damage|p2a: Moltres|34/100
|
|t:|1743784924
|switch|p1a: Inteleon|Inteleon, F|31/100 par|[from] Flip Turn
|
|-heal|p1a: Inteleon|100/100 par|[from] move: Wish|[wisher] Alomomola
|upkeep
|turn|53
|
|t:|1743784937
|move|p2a: Moltres|Substitute|p2a: Moltres
|-start|p2a: Moltres|Substitute
|-damage|p2a: Moltres|9/100
|move|p1a: Inteleon|U-turn|p2a: Moltres
|-resisted|p2a: Moltres
|-activate|p2a: Moltres|move: Substitute|[damage]
|
|t:|1743784944
|switch|p1a: Alomomola|Alomomola, M|82/100 psn|[from] U-turn
|
|-damage|p1a: Alomomola|69/100 psn|[from] psn
|upkeep
|turn|54
|
|t:|1743784950
|move|p2a: Moltres|Hurricane|p1a: Alomomola|[miss]
|-miss|p2a: Moltres|p1a: Alomomola
|move|p1a: Alomomola|Wish|p1a: Alomomola
|
|-damage|p1a: Alomomola|57/100 psn|[from] psn
|upkeep
|turn|55
|
|t:|1743784958
|move|p2a: Moltres|Roost|p2a: Moltres
|-heal|p2a: Moltres|59/100
|-singleturn|p2a: Moltres|move: Roost
|move|p1a: Alomomola|Flip Turn|p2a: Moltres
|-supereffective|p2a: Moltres
|-end|p2a: Moltres|Substitute
|
|t:|1743784965
|switch|p1a: Ting-Lu|Ting-Lu, tera:Ghost|31/100|[from] Flip Turn
|-ability|p1a: Ting-Lu|Vessel of Ruin
|
|-heal|p1a: Ting-Lu|83/100|[from] move: Wish|[wisher] Alomomola
|upkeep
|turn|56
|
|t:|1743784974
|move|p2a: Moltres|Substitute|p2a: Moltres
|-start|p2a: Moltres|Substitute
|-damage|p2a: Moltres|34/100
|move|p1a: Ting-Lu|Whirlwind|p2a: Moltres
|drag|p2a: Flareon|Flareon, M|100/100
|
|upkeep
|turn|57
|
|t:|1743784982
|switch|p2a: Moltres|Moltres|34/100
|move|p1a: Ting-Lu|Earthquake|p2a: Moltres
|-immune|p2a: Moltres
|
|upkeep
|turn|58
|
|t:|1743784989
|move|p2a: Moltres|Hurricane|p1a: Ting-Lu|[miss]
|-miss|p2a: Moltres|p1a: Ting-Lu
|move|p1a: Ting-Lu|Ruination|p2a: Moltres
|-damage|p2a: Moltres|18/100
|
|upkeep
|turn|59
|
|t:|1743784996
|move|p2a: Moltres|Hurricane|p1a: Ting-Lu
|-damage|p1a: Ting-Lu|61/100
|move|p1a: Ting-Lu|Ruination|p2a: Moltres
|-damage|p2a: Moltres|9/100
|
|upkeep
|turn|60
|
|t:|1743785003
|move|p2a: Moltres|Hurricane|p1a: Ting-Lu|[miss]
|-miss|p2a: Moltres|p1a: Ting-Lu
|move|p1a: Ting-Lu|Ruination|p2a: Moltres
|-damage|p2a: Moltres|5/100
|
|upkeep
|turn|61
|
|t:|1743785010
|move|p2a: Moltres|Hurricane|p1a: Ting-Lu
|-damage|p1a: Ting-Lu|41/100
|move|p1a: Ting-Lu|Earthquake|p2a: Moltres
|-immune|p2a: Moltres
|
|upkeep
|turn|62
|
|t:|1743785017
|switch|p1a: Cinderace|Cinderace, M|100/100
|move|p2a: Moltres|U-turn|p1a: Cinderace
|-resisted|p1a: Cinderace
|-damage|p1a: Cinderace|91/100
|
|t:|1743785022
|switch|p2a: Milotic|Milotic, M|95/100|[from] U-turn
|-damage|p2a: Milotic|82/100|[from] Stealth Rock
|
|upkeep
|turn|63
|
|t:|1743785030
|move|p1a: Cinderace|U-turn|p2a: Milotic
|-start|p1a: Cinderace|typechange|Bug|[from] ability: Libero
|-damage|p2a: Milotic|58/100
|
|t:|1743785034
|switch|p1a: Alomomola|Alomomola, M|90/100 psn|[from] U-turn
|move|p2a: Milotic|Bulldoze|p1a: Alomomola
|-damage|p1a: Alomomola|86/100 psn
|-unboost|p1a: Alomomola|spe|1
|
|-damage|p1a: Alomomola|74/100 psn|[from] psn
|upkeep
|turn|64
|
|t:|1743785046
|move|p2a: Milotic|Recover|p2a: Milotic
|-heal|p2a: Milotic|100/100
|move|p1a: Alomomola|Wish|p1a: Alomomola
|
|-damage|p1a: Alomomola|61/100 psn|[from] psn
|upkeep
|turn|65
|
|t:|1743785054
|move|p2a: Milotic|Bulldoze|p1a: Alomomola
|-damage|p1a: Alomomola|57/100 psn
|-unboost|p1a: Alomomola|spe|1
|move|p1a: Alomomola|Flip Turn|p2a: Milotic
|-resisted|p2a: Milotic
|-damage|p2a: Milotic|94/100
|
|t:|1743785061
|switch|p1a: Ting-Lu|Ting-Lu, tera:Ghost|41/100|[from] Flip Turn
|-ability|p1a: Ting-Lu|Vessel of Ruin
|
|-heal|p1a: Ting-Lu|93/100|[from] move: Wish|[wisher] Alomomola
|upkeep
|turn|66
|
|t:|1743785070
|switch|p1a: Alomomola|Alomomola, M|90/100 psn
|move|p2a: Milotic|Scald|p1a: Alomomola
|-resisted|p1a: Alomomola
|-damage|p1a: Alomomola|72/100 psn
|
|-damage|p1a: Alomomola|60/100 psn|[from] psn
|upkeep
|turn|67
|
|t:|1743785079
|move|p2a: Milotic|Scald|p1a: Alomomola
|-resisted|p1a: Alomomola
|-damage|p1a: Alomomola|42/100 psn
|move|p1a: Alomomola|Scald|p2a: Milotic
|-resisted|p2a: Milotic
|-damage|p2a: Milotic|90/100
|
|-damage|p1a: Alomomola|30/100 psn|[from] psn
|upkeep
|turn|68
|
|t:|1743785089
|move|p2a: Milotic|Scald|p1a: Alomomola
|-resisted|p1a: Alomomola
|-damage|p1a: Alomomola|15/100 psn
|move|p1a: Alomomola|Flip Turn|p2a: Milotic
|-resisted|p2a: Milotic
|-damage|p2a: Milotic|84/100
|
|t:|1743785096
|switch|p1a: Cinderace|Cinderace, M|91/100|[from] Flip Turn
|
|upkeep
|turn|69
|
|t:|1743785100
|move|p1a: Cinderace|U-turn|p2a: Milotic
|-start|p1a: Cinderace|typechange|Bug|[from] ability: Libero
|-damage|p2a: Milotic|56/100
|
|t:|1743785104
|switch|p1a: Alomomola|Alomomola, M|48/100 psn|[from] U-turn
|move|p2a: Milotic|Bulldoze|p1a: Alomomola
|-damage|p1a: Alomomola|44/100 psn
|-unboost|p1a: Alomomola|spe|1
|
|-damage|p1a: Alomomola|31/100 psn|[from] psn
|upkeep
|turn|70
|
|t:|1743785119
|move|p2a: Milotic|Recover|p2a: Milotic
|-heal|p2a: Milotic|100/100
|move|p1a: Alomomola|Flip Turn|p2a: Milotic
|-resisted|p2a: Milotic
|-damage|p2a: Milotic|94/100
|
|t:|1743785129
|switch|p1a: Inteleon|Inteleon, F|100/100 par|[from] Flip Turn
|
|upkeep
|turn|71
|
|t:|1743785135
|move|p2a: Milotic|Scald|p1a: Inteleon
|-resisted|p1a: Inteleon
|-damage|p1a: Inteleon|77/100 par
|move|p1a: Inteleon|Surf|p2a: Milotic
|-resisted|p2a: Milotic
|-damage|p2a: Milotic|70/100
|
|upkeep
|turn|72
|
|t:|1743785142
|move|p2a: Milotic|Bulldoze|p1a: Inteleon
|-damage|p1a: Inteleon|60/100 par
|-unboost|p1a: Inteleon|spe|1
|move|p1a: Inteleon|Surf|p2a: Milotic
|-resisted|p2a: Milotic
|-damage|p2a: Milotic|46/100
|
|upkeep
|turn|73
|
|t:|1743785157
|switch|p1a: Alomomola|Alomomola, M|65/100 psn
|move|p2a: Milotic|Scald|p1a: Alomomola
|-resisted|p1a: Alomomola
|-damage|p1a: Alomomola|48/100 psn
|
|-damage|p1a: Alomomola|36/100 psn|[from] psn
|upkeep
|turn|74
|
|t:|1743785169
|move|p2a: Milotic|Recover|p2a: Milotic
|-heal|p2a: Milotic|96/100
|move|p1a: Alomomola|Flip Turn|p2a: Milotic
|-resisted|p2a: Milotic
|-crit|p2a: Milotic
|-damage|p2a: Milotic|86/100
|
|t:|1743785176
|switch|p1a: Cinderace|Cinderace, M|91/100|[from] Flip Turn
|
|upkeep
|turn|75
|
|t:|1743785181
|move|p1a: Cinderace|U-turn|p2a: Milotic
|-start|p1a: Cinderace|typechange|Bug|[from] ability: Libero
|-damage|p2a: Milotic|61/100
|
|t:|1743785187
|switch|p1a: Alomomola|Alomomola, M|69/100 psn|[from] U-turn
|move|p2a: Milotic|Scald|p1a: Alomomola
|-resisted|p1a: Alomomola
|-damage|p1a: Alomomola|54/100 psn
|
|-damage|p1a: Alomomola|42/100 psn|[from] psn
|upkeep
|turn|76
|
|t:|1743785198
|switch|p1a: Inteleon|Inteleon, F|60/100 par
|move|p2a: Milotic|Scald|p1a: Inteleon
|-resisted|p1a: Inteleon
|-crit|p1a: Inteleon
|-damage|p1a: Inteleon|27/100 par
|
|upkeep
|turn|77
|
|t:|1743785210
|move|p2a: Milotic|Scald|p1a: Inteleon
|-resisted|p1a: Inteleon
|-damage|p1a: Inteleon|5/100 par
|move|p1a: Inteleon|U-turn|p2a: Milotic
|-damage|p2a: Milotic|50/100
|
|t:|1743785218
|switch|p1a: Alomomola|Alomomola, M|75/100 psn|[from] U-turn
|
|-damage|p1a: Alomomola|62/100 psn|[from] psn
|upkeep
|turn|78
|
|t:|1743785225
|switch|p2a: Moltres|Moltres|5/100
|move|p1a: Alomomola|Wish|p1a: Alomomola
|
|-damage|p1a: Alomomola|50/100 psn|[from] psn
|upkeep
|turn|79
|
|t:|1743785233
|move|p2a: Moltres|Roost|p2a: Moltres
|-heal|p2a: Moltres|55/100
|-singleturn|p2a: Moltres|move: Roost
|move|p1a: Alomomola|Flip Turn|p2a: Moltres
|-supereffective|p2a: Moltres
|-damage|p2a: Moltres|32/100
|
|t:|1743785241
|switch|p1a: Inteleon|Inteleon, F|5/100 par|[from] Flip Turn
|
|-heal|p1a: Inteleon|99/100 par|[from] move: Wish|[wisher] Alomomola
|upkeep
|turn|80
|
|t:|1743785249
|move|p2a: Moltres|Substitute|p2a: Moltres
|-start|p2a: Moltres|Substitute
|-damage|p2a: Moltres|7/100
|move|p1a: Inteleon|Surf|p2a: Moltres
|-supereffective|p2a: Moltres
|-end|p2a: Moltres|Substitute
|
|upkeep
|turn|81
|
|t:|1743785268
|move|p2a: Moltres|U-turn|p1a: Inteleon
|-damage|p1a: Inteleon|70/100 par
|
|t:|1743785269
|switch|p2a: Milotic|Milotic, M|50/100|[from] U-turn
|-damage|p2a: Milotic|37/100|[from] Stealth Rock
|move|p1a: Inteleon|Surf|p2a: Milotic
|-resisted|p2a: Milotic
|-damage|p2a: Milotic|14/100
|
|upkeep
|turn|82
|
|t:|1743785278
|move|p2a: Milotic|Recover|p2a: Milotic
|-heal|p2a: Milotic|64/100
|cant|p1a: Inteleon|par
|
|upkeep
|turn|83
|
|t:|1743785284
|move|p2a: Milotic|Scald|p1a: Inteleon
|-resisted|p1a: Inteleon
|-damage|p1a: Inteleon|46/100 par
|move|p1a: Inteleon|Surf|p2a: Milotic
|-resisted|p2a: Milotic
|-damage|p2a: Milotic|40/100
|
|upkeep
|turn|84
|
|t:|1743785296
|switch|p2a: Flareon|Flareon, M|100/100
|switch|p1a: Alomomola|Alomomola, M|83/100 psn
|
|-damage|p1a: Alomomola|71/100 psn|[from] psn
|upkeep
|turn|85
|
|t:|1743785305
|move|p1a: Alomomola|Wish|p1a: Alomomola
|move|p2a: Flareon|Wish|p2a: Flareon
|
|-damage|p1a: Alomomola|59/100 psn|[from] psn
|upkeep
|turn|86
|
|t:|1743785311
|switch|p2a: Milotic|Milotic, M|40/100
|-damage|p2a: Milotic|28/100|[from] Stealth Rock
|move|p1a: Alomomola|Flip Turn|p2a: Milotic
|-resisted|p2a: Milotic
|-damage|p2a: Milotic|22/100
|
|t:|1743785318
|switch|p1a: Inteleon|Inteleon, F|46/100 par|[from] Flip Turn
|
|-heal|p2a: Milotic|64/100|[from] move: Wish|[wisher] Flareon
|-heal|p1a: Inteleon|100/100 par|[from] move: Wish|[wisher] Alomomola
|upkeep
|turn|87
|
|t:|1743785330
|move|p2a: Milotic|Scald|p1a: Inteleon
|-resisted|p1a: Inteleon
|-damage|p1a: Inteleon|76/100 par
|cant|p1a: Inteleon|par
|
|upkeep
|turn|88
|
|t:|1743785337
|move|p2a: Milotic|Scald|p1a: Inteleon
|-resisted|p1a: Inteleon
|-damage|p1a: Inteleon|51/100 par
|move|p1a: Inteleon|Surf|p2a: Milotic
|-resisted|p2a: Milotic
|-damage|p2a: Milotic|42/100
|
|upkeep
|turn|89
|
|t:|1743785344
|move|p2a: Milotic|Recover|p2a: Milotic
|-heal|p2a: Milotic|92/100
|move|p1a: Inteleon|Surf|p2a: Milotic
|-resisted|p2a: Milotic
|-damage|p2a: Milotic|68/100
|
|upkeep
|turn|90
|
|t:|1743785352
|move|p2a: Milotic|Scald|p1a: Inteleon
|-resisted|p1a: Inteleon
|-damage|p1a: Inteleon|27/100 par
|move|p1a: Inteleon|Surf|p2a: Milotic
|-resisted|p2a: Milotic
|-damage|p2a: Milotic|34/100
|
|upkeep
|turn|91
|
|t:|1743785361
|switch|p2a: Moltres|Moltres|7/100
|switch|p1a: Alomomola|Alomomola, M|92/100 psn
|
|-damage|p1a: Alomomola|80/100 psn|[from] psn
|upkeep
|turn|92
|
|t:|1743785369
|move|p2a: Moltres|Roost|p2a: Moltres
|-heal|p2a: Moltres|57/100
|-singleturn|p2a: Moltres|move: Roost
|move|p1a: Alomomola|Wish|p1a: Alomomola
|
|-damage|p1a: Alomomola|67/100 psn|[from] psn
|upkeep
|turn|93
|
|t:|1743785380
|move|p2a: Moltres|Substitute|p2a: Moltres
|-start|p2a: Moltres|Substitute
|-damage|p2a: Moltres|32/100
|move|p1a: Alomomola|Flip Turn|p2a: Moltres
|-supereffective|p2a: Moltres
|-activate|p2a: Moltres|move: Substitute|[damage]
|
|t:|1743785391
|switch|p1a: Inteleon|Inteleon, F|27/100 par|[from] Flip Turn
|
|-heal|p1a: Inteleon|100/100 par|[from] move: Wish|[wisher] Alomomola
|upkeep
|turn|94
|
|t:|1743785400
|switch|p1a: Ting-Lu|Ting-Lu, tera:Ghost|93/100
|-ability|p1a: Ting-Lu|Vessel of Ruin
|move|p2a: Moltres|Hurricane|p1a: Ting-Lu
|-damage|p1a: Ting-Lu|72/100
|
|upkeep
|turn|95
|
|t:|1743785409
|move|p2a: Moltres|Roost|p2a: Moltres
|-heal|p2a: Moltres|82/100
|-singleturn|p2a: Moltres|move: Roost
|move|p1a: Ting-Lu|Ruination|p2a: Moltres
|-end|p2a: Moltres|Substitute
|
|upkeep
|turn|96
|
|t:|1743785426
|switch|p2a: Milotic|Milotic, M|34/100
|-damage|p2a: Milotic|21/100|[from] Stealth Rock
|move|p1a: Ting-Lu|Ruination|p2a: Milotic
|-damage|p2a: Milotic|11/100
|
|upkeep
|turn|97
|
|t:|1743785433
|move|p2a: Milotic|Scald|p1a: Ting-Lu
|-damage|p1a: Ting-Lu|60/100
|move|p1a: Ting-Lu|Earthquake|p2a: Milotic
|-damage|p2a: Milotic|0 fnt
|faint|p2a: Milotic
|
|upkeep
|
|t:|1743785439
|switch|p2a: Flareon|Flareon, M|100/100
|turn|98
|
|t:|1743785443
|move|p2a: Flareon|Scorching Sands|p1a: Ting-Lu
|-damage|p1a: Ting-Lu|52/100
|move|p1a: Ting-Lu|Earthquake|p2a: Flareon
|-supereffective|p2a: Flareon
|-damage|p2a: Flareon|0 fnt
|faint|p2a: Flareon
|
|upkeep
|c|☆SSATFAW|Trash af
|
|t:|1743785456
|switch|p2a: Moltres|Moltres|82/100
|turn|99
|
|t:|1743785460
|move|p2a: Moltres|Substitute|p2a: Moltres
|-start|p2a: Moltres|Substitute
|-damage|p2a: Moltres|57/100
|move|p1a: Ting-Lu|Ruination|p2a: Moltres
|-end|p2a: Moltres|Substitute
|
|upkeep
|turn|100
|
|t:|1743785470
|move|p2a: Moltres|Substitute|p2a: Moltres
|-start|p2a: Moltres|Substitute
|-damage|p2a: Moltres|32/100
|move|p1a: Ting-Lu|Ruination|p2a: Moltres
|-activate|p2a: Moltres|move: Substitute|[damage]
|
|upkeep
|turn|101
|
|t:|1743785477
|move|p2a: Moltres|Substitute|p2a: Moltres
|-fail|p2a: Moltres|move: Substitute
|move|p1a: Ting-Lu|Whirlwind|p2a: Moltres
|drag|p2a: Cobalion|Cobalion|78/100
|-damage|p2a: Cobalion|75/100|[from] Stealth Rock
|
|-heal|p2a: Cobalion|81/100|[from] item: Leftovers
|upkeep
|turn|102
|
|t:|1743785487
|switch|p2a: Moltres|Moltres|32/100
|move|p1a: Ting-Lu|Earthquake|p2a: Moltres
|-immune|p2a: Moltres
|
|upkeep
|turn|103
|
|t:|1743785494
|switch|p1a: Alomomola|Alomomola, M|100/100 psn
|move|p2a: Moltres|Substitute|p2a: Moltres
|-start|p2a: Moltres|Substitute
|-damage|p2a: Moltres|7/100
|
|-damage|p1a: Alomomola|88/100 psn|[from] psn
|upkeep
|turn|104
|
|t:|1743785509
|move|p2a: Moltres|Substitute|p2a: Moltres
|-fail|p2a: Moltres|move: Substitute
|move|p1a: Alomomola|Wish|p1a: Alomomola
|
|-damage|p1a: Alomomola|76/100 psn|[from] psn
|upkeep
|turn|105
|
|t:|1743785516
|move|p2a: Moltres|Substitute|p2a: Moltres
|-fail|p2a: Moltres|move: Substitute
|move|p1a: Alomomola|Flip Turn|p2a: Moltres
|-supereffective|p2a: Moltres
|-end|p2a: Moltres|Substitute
|
|t:|1743785522
|switch|p1a: Ting-Lu|Ting-Lu, tera:Ghost|52/100|[from] Flip Turn
|-ability|p1a: Ting-Lu|Vessel of Ruin
|
|-heal|p1a: Ting-Lu|100/100|[from] move: Wish|[wisher] Alomomola
|upkeep
|turn|106
|c|☆SSATFAW|Trash af
|
|t:|1743785531
|move|p2a: Moltres|Substitute|p2a: Moltres
|-fail|p2a: Moltres|move: Substitute|[weak]
|move|p1a: Ting-Lu|Ruination|p2a: Moltres
|-damage|p2a: Moltres|4/100
|
|upkeep
|turn|107
|
|t:|1743785541
|move|p2a: Moltres|Hurricane|p1a: Ting-Lu
|-damage|p1a: Ting-Lu|80/100
|-start|p1a: Ting-Lu|confusion
|-activate|p1a: Ting-Lu|confusion
|move|p1a: Ting-Lu|Whirlwind|p2a: Moltres
|drag|p2a: Cobalion|Cobalion|81/100
|-damage|p2a: Cobalion|78/100|[from] Stealth Rock
|
|-heal|p2a: Cobalion|84/100|[from] item: Leftovers
|upkeep
|turn|108
|
|t:|1743785555
|switch|p2a: Moltres|Moltres|4/100
|-activate|p1a: Ting-Lu|confusion
|-damage|p1a: Ting-Lu|75/100|[from] confusion
|
|upkeep
|turn|109
|
|t:|1743785562
|switch|p1a: Alomomola|Alomomola, M|100/100 psn
|move|p2a: Moltres|Substitute|p2a: Moltres
|-fail|p2a: Moltres|move: Substitute|[weak]
|
|-damage|p1a: Alomomola|88/100 psn|[from] psn
|upkeep
|turn|110
|
|t:|1743785570
|move|p2a: Moltres|Substitute|p2a: Moltres
|-fail|p2a: Moltres|move: Substitute|[weak]
|move|p1a: Alomomola|Wish|p1a: Alomomola
|
|-damage|p1a: Alomomola|76/100 psn|[from] psn
|upkeep
|turn|111
|
|t:|1743785578
|move|p2a: Moltres|Substitute|p2a: Moltres
|-fail|p2a: Moltres|move: Substitute|[weak]
|move|p1a: Alomomola|Flip Turn|p2a: Moltres
|-supereffective|p2a: Moltres
|-damage|p2a: Moltres|0 fnt
|faint|p2a: Moltres
|
|t:|1743785585
|switch|p1a: Ting-Lu|Ting-Lu, tera:Ghost|75/100|[from] Flip Turn
|-ability|p1a: Ting-Lu|Vessel of Ruin
|
|-heal|p1a: Ting-Lu|100/100|[from] move: Wish|[wisher] Alomomola
|upkeep
|
|t:|1743785587
|switch|p2a: Cobalion|Cobalion|84/100
|-damage|p2a: Cobalion|81/100|[from] Stealth Rock
|turn|112
|c|☆SSATFAW|Trash af
|
|t:|1743785596
|move|p2a: Cobalion|Iron Defense|p2a: Cobalion
|-boost|p2a: Cobalion|def|2
|move|p1a: Ting-Lu|Earthquake|p2a: Cobalion
|-supereffective|p2a: Cobalion
|-damage|p2a: Cobalion|54/100
|
|-heal|p2a: Cobalion|60/100|[from] item: Leftovers
|upkeep
|turn|113
|
|t:|1743785612
|move|p2a: Cobalion|Substitute|p2a: Cobalion
|-start|p2a: Cobalion|Substitute
|-damage|p2a: Cobalion|35/100
|move|p1a: Ting-Lu|Ruination|p2a: Cobalion
|-activate|p2a: Cobalion|move: Substitute|[damage]
|
|-heal|p2a: Cobalion|41/100|[from] item: Leftovers
|upkeep
|turn|114
|
|t:|1743785621
|move|p2a: Cobalion|Iron Defense|p2a: Cobalion
|-boost|p2a: Cobalion|def|2
|move|p1a: Ting-Lu|Earthquake|p2a: Cobalion
|-supereffective|p2a: Cobalion
|-end|p2a: Cobalion|Substitute
|
|-heal|p2a: Cobalion|47/100|[from] item: Leftovers
|upkeep
|turn|115
|
|t:|1743785630
|switch|p1a: Corviknight|Corviknight, F|100/100
|-ability|p1a: Corviknight|Pressure
|move|p2a: Cobalion|Substitute|p2a: Cobalion
|-start|p2a: Cobalion|Substitute
|-damage|p2a: Cobalion|22/100
|
|-heal|p2a: Cobalion|28/100|[from] item: Leftovers
|upkeep
|turn|116
|
|t:|1743785640
|move|p2a: Cobalion|Iron Defense|p2a: Cobalion
|-boost|p2a: Cobalion|def|2
|move|p1a: Corviknight|Iron Defense|p1a: Corviknight
|-boost|p1a: Corviknight|def|2
|
|-heal|p2a: Cobalion|34/100|[from] item: Leftovers
|upkeep
|turn|117
|c|☆SSATFAW|Trash af
|
|t:|1743785649
|move|p2a: Cobalion|Body Press|p1a: Corviknight
|-damage|p1a: Corviknight|50/100
|-damage|p2a: Cobalion|18/100|[from] item: Rocky Helmet|[of] p1a: Corviknight
|move|p1a: Corviknight|Iron Defense|p1a: Corviknight
|-boost|p1a: Corviknight|def|2
|
|-heal|p2a: Cobalion|24/100|[from] item: Leftovers
|upkeep
|turn|118
|
|t:|1743785659
|move|p2a: Cobalion|Body Press|p1a: Corviknight
|-damage|p1a: Corviknight|14/100
|-damage|p2a: Cobalion|7/100|[from] item: Rocky Helmet|[of] p1a: Corviknight
|move|p1a: Corviknight|Roost|p1a: Corviknight
|-heal|p1a: Corviknight|64/100
|-singleturn|p1a: Corviknight|move: Roost
|
|-heal|p2a: Cobalion|13/100|[from] item: Leftovers
|upkeep
|turn|119
|c|☆SSATFAW|Trash af
|
|t:|1743785675
|move|p2a: Cobalion|Poison Jab|p1a: Corviknight
|-immune|p1a: Corviknight
|move|p1a: Corviknight|Roost|p1a: Corviknight
|-heal|p1a: Corviknight|100/100
|-singleturn|p1a: Corviknight|move: Roost
|
|-heal|p2a: Cobalion|20/100|[from] item: Leftovers
|upkeep
|turn|120
|c|☆SSATFAW|Trash af
|c|☆SSATFAW|🗑🗑🗑
|inactive|SSATFAW has 120 seconds left.
|
|t:|1743785693
|move|p2a: Cobalion|Body Press|p1a: Corviknight
|-damage|p1a: Corviknight|62/100
|-damage|p2a: Cobalion|3/100|[from] item: Rocky Helmet|[of] p1a: Corviknight
|move|p1a: Corviknight|Iron Defense|p1a: Corviknight
|-boost|p1a: Corviknight|def|2
|
|-heal|p2a: Cobalion|9/100|[from] item: Leftovers
|upkeep
|turn|121
|inactive|SSATFAW has 120 seconds left.
|
|t:|1743785702
|move|p2a: Cobalion|Poison Jab|p1a: Corviknight
|-immune|p1a: Corviknight
|move|p1a: Corviknight|Roost|p1a: Corviknight
|-heal|p1a: Corviknight|100/100
|-singleturn|p1a: Corviknight|move: Roost
|
|-heal|p2a: Cobalion|15/100|[from] item: Leftovers
|upkeep
|turn|122
|inactive|SSATFAW has 120 seconds left.
|c|☆SSATFAW|🗑🗑🗑
|
|t:|1743785714
|move|p2a: Cobalion|Poison Jab|p1a: Corviknight
|-immune|p1a: Corviknight
|move|p1a: Corviknight|Iron Defense|p1a: Corviknight
|-boost|p1a: Corviknight|def|0
|
|-heal|p2a: Cobalion|21/100|[from] item: Leftovers
|upkeep
|turn|123
|c|☆SSATFAW|Im gonna make you struggle to death
|
|t:|1743785729
|move|p2a: Cobalion|Body Press|p1a: Corviknight
|-damage|p1a: Corviknight|73/100
|-damage|p2a: Cobalion|5/100|[from] item: Rocky Helmet|[of] p1a: Corviknight
|move|p1a: Corviknight|Body Press|p2a: Cobalion
|-supereffective|p2a: Cobalion
|-end|p2a: Cobalion|Substitute
|
|-heal|p2a: Cobalion|11/100|[from] item: Leftovers
|upkeep
|turn|124
|inactive|AndreRWright has 120 seconds left.
|
|t:|1743785744
|move|p2a: Cobalion|Poison Jab|p1a: Corviknight
|-immune|p1a: Corviknight
|move|p1a: Corviknight|Roost|p1a: Corviknight
|-heal|p1a: Corviknight|100/100
|-singleturn|p1a: Corviknight|move: Roost
|
|-heal|p2a: Cobalion|17/100|[from] item: Leftovers
|upkeep
|turn|125
|inactive|AndreRWright has 120 seconds left.
|c|☆AndreRWright|U better kill
|
|t:|1743785756
|move|p2a: Cobalion|Poison Jab|p1a: Corviknight
|-immune|p1a: Corviknight
|move|p1a: Corviknight|Iron Defense|p1a: Corviknight
|-boost|p1a: Corviknight|def|0
|
|-heal|p2a: Cobalion|23/100|[from] item: Leftovers
|upkeep
|turn|126
|inactive|SSATFAW has 90 seconds left.
|c|☆SSATFAW|Youre gonna struggle to death trash can
|
|t:|1743785791
|move|p2a: Cobalion|Iron Defense|p2a: Cobalion
|-boost|p2a: Cobalion|def|0
|move|p1a: Corviknight|Defog|p2a: Cobalion
|-unboost|p2a: Cobalion|evasion|1
|-sideend|p2: AndreRWright|Stealth Rock|[from] move: Defog|[of] p1a: Corviknight
|
|-heal|p2a: Cobalion|30/100|[from] item: Leftovers
|upkeep
|turn|127
|
|t:|1743785799
|move|p2a: Cobalion|Iron Defense|p2a: Cobalion
|-boost|p2a: Cobalion|def|0
|move|p1a: Corviknight|Iron Defense|p1a: Corviknight
|-boost|p1a: Corviknight|def|0
|
|-heal|p2a: Cobalion|36/100|[from] item: Leftovers
|upkeep
|turn|128
|
|t:|1743785812
|move|p2a: Cobalion|Substitute|p2a: Cobalion
|-start|p2a: Cobalion|Substitute
|-damage|p2a: Cobalion|11/100
|move|p1a: Corviknight|Defog||[still]
|-fail|p1a: Corviknight
|
|-heal|p2a: Cobalion|17/100|[from] item: Leftovers
|upkeep
|turn|129
|
|t:|1743785820
|move|p2a: Cobalion|Body Press|p1a: Corviknight
|-damage|p1a: Corviknight|74/100
|-damage|p2a: Cobalion|0 fnt|[from] item: Rocky Helmet|[of] p1a: Corviknight
|faint|p2a: Cobalion
|
|win|SSATFAW
|raw|SSATFAW's rating: 1320 &rarr; <strong>1343</strong><br />(+23 for winning)
|raw|AndreRWright's rating: 1364 &rarr; <strong>1341</strong><br />(-23 for losing)
|l|☆AndreRWright
|player|p2|
|c|☆SSATFAW|Trash af
|l|☆SSATFAW
|player|p1|
