|j|☆SeigneurFou
|j|☆kshuaib734
|t:|1743889739
|gametype|singles
|player|p1|SeigneurFou|2|1736
|player|p2|kshuaib734|steven|1641
|teamsize|p1|6
|teamsize|p2|6
|gen|9
|tier|[Gen 9] OU
|rated|
|rule|HP Percentage Mod: HP is shown in percentages
|rule|Endless Battle Clause: Forcing endless battles is banned
|rule|Species Clause: Limit one of each Pokémon
|rule|OHKO Clause: OHKO moves are banned
|rule|Evasion Items Clause: Evasion items are banned
|rule|Evasion Moves Clause: Evasion moves are banned
|rule|Sleep Moves Clause: Sleep-inducing moves are banned
|clearpoke
|poke|p1|Kyurem|
|poke|p1|Dragonite, F|
|poke|p1|Hoopa-Unbound|
|poke|p1|Cinderace, F|
|poke|p1|Okidogi, M|
|poke|p1|Enamorus, F|
|poke|p2|Tyranitar, M|
|poke|p2|Jolteon, F|
|poke|p2|Pelipper, M|
|poke|p2|Quaquaval, M|
|poke|p2|Overqwil, F|
|poke|p2|Excadrill, M|
|teampreview
|inactive|Battle timer is ON: inactive players will automatically lose when time's up. (requested by kshuaib734)
|inactive|SeigneurFou also wants the timer to be on.
|
|t:|1743889759
|start
|switch|p1a: Cinderace|Cinderace, F|100/100
|switch|p2a: King Tyrant|Tyranitar, M|100/100
|-weather|Sandstorm|[from] ability: Sand Stream|[of] p2a: King Tyrant
|turn|1
|
|t:|1743889766
|move|p1a: Cinderace|U-turn|p2a: King Tyrant
|-start|p1a: Cinderace|typechange|Bug|[from] ability: Libero
|-supereffective|p2a: King Tyrant
|-damage|p2a: King Tyrant|56/100
|-enditem|p2a: King Tyrant|Weakness Policy
|-boost|p2a: King Tyrant|atk|2|[from] item: Weakness Policy
|-boost|p2a: King Tyrant|spa|2|[from] item: Weakness Policy
|
|t:|1743889773
|switch|p1a: Okidogi|Okidogi, M|100/100|[from] U-turn
|move|p2a: King Tyrant|Stealth Rock|p1a: Okidogi
|-sidestart|p1: SeigneurFou|move: Stealth Rock
|
|-weather|Sandstorm|[upkeep]
|-damage|p1a: Okidogi|94/100|[from] Sandstorm
|-heal|p1a: Okidogi|100/100|[from] item: Leftovers
|upkeep
|turn|2
|
|t:|1743889786
|-terastallize|p2a: King Tyrant|Ghost
|move|p1a: Okidogi|Drain Punch|p2a: King Tyrant
|-immune|p2a: King Tyrant
|move|p2a: King Tyrant|Knock Off|p1a: Okidogi
|-resisted|p1a: Okidogi
|-damage|p1a: Okidogi|64/100
|-enditem|p1a: Okidogi|Leftovers|[from] move: Knock Off|[of] p2a: King Tyrant
|
|-weather|Sandstorm|[upkeep]
|-damage|p1a: Okidogi|58/100|[from] Sandstorm
|-damage|p2a: King Tyrant|50/100|[from] Sandstorm
|upkeep
|turn|3
|
|t:|1743889798
|move|p1a: Okidogi|Knock Off|p2a: King Tyrant
|-supereffective|p2a: King Tyrant
|-damage|p2a: King Tyrant|14/100
|move|p2a: King Tyrant|Ice Beam|p1a: Okidogi
|-damage|p1a: Okidogi|12/100
|
|-weather|Sandstorm|[upkeep]
|-damage|p1a: Okidogi|6/100|[from] Sandstorm
|-damage|p2a: King Tyrant|8/100|[from] Sandstorm
|upkeep
|turn|4
|
|t:|1743889810
|switch|p2a: Tyrant's Downpour|Pelipper, M|100/100
|-weather|RainDance|[from] ability: Drizzle|[of] p2a: Tyrant's Downpour
|move|p1a: Okidogi|Knock Off|p2a: Tyrant's Downpour
|-damage|p2a: Tyrant's Downpour|70/100
|-status|p2a: Tyrant's Downpour|tox|[from] ability: Toxic Chain|[of] p1a: Okidogi
|-enditem|p2a: Tyrant's Downpour|Damp Rock|[from] move: Knock Off|[of] p1a: Okidogi
|
|-weather|RainDance|[upkeep]
|-damage|p2a: Tyrant's Downpour|64/100 tox|[from] psn
|upkeep
|turn|5
|
|t:|1743889825
|move|p1a: Okidogi|Knock Off|p2a: Tyrant's Downpour
|-damage|p2a: Tyrant's Downpour|44/100 tox
|move|p2a: Tyrant's Downpour|U-turn|p1a: Okidogi
|-resisted|p1a: Okidogi
|-damage|p1a: Okidogi|4/100
|
|t:|1743889831
|switch|p2a: Tyrant's Endgame|Quaquaval, M|100/100|[from] U-turn
|
|-weather|RainDance|[upkeep]
|upkeep
|turn|6
|
|t:|1743889845
|switch|p1a: Kyurem|Kyurem|100/100
|-damage|p1a: Kyurem|76/100|[from] Stealth Rock
|-ability|p1a: Kyurem|Pressure
|move|p2a: Tyrant's Endgame|Aqua Step|p1a: Kyurem
|-resisted|p1a: Kyurem
|-damage|p1a: Kyurem|39/100
|-boost|p2a: Tyrant's Endgame|spe|1
|
|-weather|RainDance|[upkeep]
|upkeep
|turn|7
|
|t:|1743889863
|switch|p2a: Tyrant's Enforcer|Overqwil, F|100/100
|move|p1a: Kyurem|Freeze-Dry|p2a: Tyrant's Enforcer
|-damage|p2a: Tyrant's Enforcer|63/100
|
|-weather|RainDance|[upkeep]
|-heal|p2a: Tyrant's Enforcer|69/100|[from] item: Leftovers
|upkeep
|turn|8
|
|t:|1743889873
|switch|p1a: Okidogi|Okidogi, M|4/100
|-damage|p1a: Okidogi|0 fnt|[from] Stealth Rock
|faint|p1a: Okidogi
|move|p2a: Tyrant's Enforcer|Swords Dance|p2a: Tyrant's Enforcer
|-boost|p2a: Tyrant's Enforcer|atk|2
|
|-weather|RainDance|[upkeep]
|-heal|p2a: Tyrant's Enforcer|76/100|[from] item: Leftovers
|upkeep
|
|t:|1743889890
|switch|p1a: Hoopa|Hoopa-Unbound|100/100
|-damage|p1a: Hoopa|88/100|[from] Stealth Rock
|turn|9
|
|t:|1743889896
|move|p2a: Tyrant's Enforcer|Liquidation|p1a: Hoopa
|-damage|p1a: Hoopa|0 fnt
|faint|p1a: Hoopa
|
|-weather|RainDance|[upkeep]
|-heal|p2a: Tyrant's Enforcer|82/100|[from] item: Leftovers
|upkeep
|
|t:|1743889904
|switch|p1a: Kyurem|Kyurem|39/100
|-damage|p1a: Kyurem|14/100|[from] Stealth Rock
|-ability|p1a: Kyurem|Pressure
|turn|10
|
|t:|1743889909
|move|p2a: Tyrant's Enforcer|Crunch|p1a: Kyurem
|-damage|p1a: Kyurem|0 fnt
|faint|p1a: Kyurem
|
|-weather|RainDance|[upkeep]
|-heal|p2a: Tyrant's Enforcer|88/100|[from] item: Leftovers
|upkeep
|
|t:|1743889917
|switch|p1a: Cinderace|Cinderace, F|100/100
|turn|11
|
|t:|1743889921
|move|p1a: Cinderace|Sucker Punch|p2a: Tyrant's Enforcer
|-start|p1a: Cinderace|typechange|Dark|[from] ability: Libero
|-resisted|p2a: Tyrant's Enforcer
|-damage|p2a: Tyrant's Enforcer|74/100
|move|p2a: Tyrant's Enforcer|Liquidation|p1a: Cinderace
|-damage|p1a: Cinderace|11/100
|
|-weather|none
|-heal|p2a: Tyrant's Enforcer|80/100|[from] item: Leftovers
|upkeep
|turn|12
|
|t:|1743889931
|move|p1a: Cinderace|Court Change|p1a: Cinderace
|-swapsideconditions
|-activate|p1a: Cinderace|move: Court Change
|move|p2a: Tyrant's Enforcer|Liquidation|p1a: Cinderace
|-damage|p1a: Cinderace|0 fnt
|faint|p1a: Cinderace
|
|-heal|p2a: Tyrant's Enforcer|86/100|[from] item: Leftovers
|upkeep
|
|t:|1743889938
|switch|p1a: Enamorus|Enamorus, F|100/100
|turn|13
|
|t:|1743889947
|move|p1a: Enamorus|Earth Power|p2a: Tyrant's Enforcer
|-supereffective|p2a: Tyrant's Enforcer
|-damage|p2a: Tyrant's Enforcer|23/100
|move|p2a: Tyrant's Enforcer|Liquidation|p1a: Enamorus
|-damage|p1a: Enamorus|32/100
|
|-heal|p1a: Enamorus|38/100|[from] item: Leftovers
|-heal|p2a: Tyrant's Enforcer|29/100|[from] item: Leftovers
|upkeep
|turn|14
|
|t:|1743889958
|switch|p2a: Tyrant's Downpour|Pelipper, M|44/100 tox
|-damage|p2a: Tyrant's Downpour|19/100 tox|[from] Stealth Rock
|-weather|RainDance|[from] ability: Drizzle|[of] p2a: Tyrant's Downpour
|move|p1a: Enamorus|Moonblast|p2a: Tyrant's Downpour
|-damage|p2a: Tyrant's Downpour|0 fnt
|faint|p2a: Tyrant's Downpour
|
|-weather|RainDance|[upkeep]
|-heal|p1a: Enamorus|44/100|[from] item: Leftovers
|upkeep
|
|t:|1743889969
|switch|p2a: Tyrant's Envoy|Jolteon, F|100/100
|-damage|p2a: Tyrant's Envoy|88/100|[from] Stealth Rock
|turn|15
|
|t:|1743889974
|move|p2a: Tyrant's Envoy|Weather Ball|p1a: Enamorus
|-damage|p1a: Enamorus|0 fnt
|faint|p1a: Enamorus
|
|-weather|RainDance|[upkeep]
|-status|p2a: Tyrant's Envoy|brn|[from] item: Flame Orb
|upkeep
|
|t:|1743889981
|switch|p1a: Dragonite|Dragonite, F|100/100
|turn|16
|
|t:|1743889989
|move|p2a: Tyrant's Envoy|Thunder|p1a: Dragonite
|-damage|p1a: Dragonite|77/100
|move|p1a: Dragonite|Dragon Dance|p1a: Dragonite
|-boost|p1a: Dragonite|atk|1
|-boost|p1a: Dragonite|spe|1
|
|-weather|RainDance|[upkeep]
|-heal|p1a: Dragonite|84/100|[from] item: Leftovers
|-damage|p2a: Tyrant's Envoy|82/100 brn|[from] brn
|upkeep
|turn|17
|
|t:|1743889998
|move|p2a: Tyrant's Envoy|Thunder|p1a: Dragonite
|-damage|p1a: Dragonite|35/100
|move|p1a: Dragonite|Dragon Dance|p1a: Dragonite
|-boost|p1a: Dragonite|atk|1
|-boost|p1a: Dragonite|spe|1
|
|-weather|RainDance|[upkeep]
|-heal|p1a: Dragonite|42/100|[from] item: Leftovers
|-damage|p2a: Tyrant's Envoy|75/100 brn|[from] brn
|upkeep
|turn|18
|
|t:|1743890008
|move|p1a: Dragonite|Extreme Speed|p2a: Tyrant's Envoy
|-damage|p2a: Tyrant's Envoy|0 fnt
|faint|p2a: Tyrant's Envoy
|
|-weather|none
|-heal|p1a: Dragonite|48/100|[from] item: Leftovers
|upkeep
|
|t:|1743890016
|switch|p2a: Tyrant's Endgame|Quaquaval, M|100/100
|-damage|p2a: Tyrant's Endgame|94/100|[from] Stealth Rock
|turn|19
|
|t:|1743890029
|move|p1a: Dragonite|Substitute|p1a: Dragonite
|-start|p1a: Dragonite|Substitute
|-damage|p1a: Dragonite|23/100
|move|p2a: Tyrant's Endgame|Close Combat|p1a: Dragonite
|-resisted|p1a: Dragonite
|-end|p1a: Dragonite|Substitute
|-unboost|p2a: Tyrant's Endgame|def|1
|-unboost|p2a: Tyrant's Endgame|spd|1
|
|-heal|p1a: Dragonite|29/100|[from] item: Leftovers
|upkeep
|turn|20
|
|t:|1743890039
|switch|p2a: King Tyrant|Tyranitar, M, tera:Ghost|8/100
|-damage|p2a: King Tyrant|0 fnt|[from] Stealth Rock
|faint|p2a: King Tyrant
|move|p1a: Dragonite|Extreme Speed|p2: King Tyrant|[notarget]
|-fail|p1a: Dragonite
|
|-heal|p1a: Dragonite|35/100|[from] item: Leftovers
|upkeep
|
|t:|1743890049
|switch|p2a: Tyrant's Endgame|Quaquaval, M|94/100
|-damage|p2a: Tyrant's Endgame|88/100|[from] Stealth Rock
|turn|21
|
|t:|1743890057
|move|p1a: Dragonite|Substitute|p1a: Dragonite
|-start|p1a: Dragonite|Substitute
|-damage|p1a: Dragonite|11/100
|move|p2a: Tyrant's Endgame|Wave Crash|p1a: Dragonite
|-resisted|p1a: Dragonite
|-end|p1a: Dragonite|Substitute
|-damage|p2a: Tyrant's Endgame|78/100|[from] Recoil|[of] p1a: Dragonite
|
|-heal|p1a: Dragonite|17/100|[from] item: Leftovers
|upkeep
|turn|22
|
|t:|1743890066
|move|p1a: Dragonite|Extreme Speed|p2a: Tyrant's Endgame
|-damage|p2a: Tyrant's Endgame|0 fnt
|faint|p2a: Tyrant's Endgame
|
|-heal|p1a: Dragonite|23/100|[from] item: Leftovers
|upkeep
|
|t:|1743890072
|switch|p2a: Tyrant's Legacy|Excadrill, M|100/100
|-damage|p2a: Tyrant's Legacy|97/100|[from] Stealth Rock
|turn|23
|
|t:|1743890076
|-terastallize|p1a: Dragonite|Flying
|move|p1a: Dragonite|Tera Blast|p2a: Tyrant's Legacy|[anim] Tera Blast Flying
|-resisted|p2a: Tyrant's Legacy
|-damage|p2a: Tyrant's Legacy|7/100
|move|p2a: Tyrant's Legacy|Iron Head|p1a: Dragonite
|-damage|p1a: Dragonite|0 fnt
|faint|p1a: Dragonite
|-damage|p2a: Tyrant's Legacy|0 fnt|[from] item: Life Orb
|faint|p2a: Tyrant's Legacy
|
|win|kshuaib734
|raw|SeigneurFou's rating: 1736 &rarr; <strong>1711</strong><br />(-25 for losing)
|raw|kshuaib734's rating: 1641 &rarr; <strong>1666</strong><br />(+25 for winning)
|l|☆SeigneurFou
|player|p1|
|l|☆kshuaib734
|player|p2|
