|j|☆tap water gang
|j|☆kotW0lf07
|t:|1743871907
|gametype|singles
|player|p1|tap water gang|sage-gen2jp|1375
|player|p2|kotW0lf07|harlequin|1316
|teamsize|p1|6
|teamsize|p2|6
|gen|9
|tier|[Gen 9] OU
|rated|
|rule|HP Percentage Mod: HP is shown in percentages
|rule|Endless Battle Clause: Forcing endless battles is banned
|rule|Species Clause: Limit one of each Pokémon
|rule|OHKO Clause: OHKO moves are banned
|rule|Evasion Items Clause: Evasion items are banned
|rule|Evasion Moves Clause: Evasion moves are banned
|rule|Sleep Moves Clause: Sleep-inducing moves are banned
|clearpoke
|poke|p1|Gholdengo|
|poke|p1|Ogerpon-Wellspring, F|
|poke|p1|Zapdos|
|poke|p1|Kyurem|
|poke|p1|Scream Tail|
|poke|p1|Great Tusk|
|poke|p2|Corviknight, M|
|poke|p2|Magcargo, M|
|poke|p2|Darkrai|
|poke|p2|Bisharp, M|
|poke|p2|Ceruledge, M|
|poke|p2|Ting-Lu|
|teampreview
|
|t:|1743871926
|start
|switch|p1a: Ogerpon|Ogerpon-Wellspring, F|100/100
|switch|p2a: Mustafar|Magcargo, M|100/100
|turn|1
|
|t:|1743871934
|move|p2a: Mustafar|Protect|p2a: Mustafar
|-singleturn|p2a: Mustafar|Protect
|move|p1a: Ogerpon|Ivy Cudgel|p2a: Mustafar|[anim] Ivy Cudgel Water
|-activate|p2a: Mustafar|move: Protect
|
|upkeep
|turn|2
|
|t:|1743871938
|switch|p2a: Corviknight|Corviknight, M|100/100
|move|p1a: Ogerpon|Ivy Cudgel|p2a: Corviknight|[anim] Ivy Cudgel Water
|-damage|p2a: Corviknight|61/100
|
|upkeep
|turn|3
|
|t:|1743871945
|switch|p1a: Great Tusk|Great Tusk|100/100
|-enditem|p1a: Great Tusk|Booster Energy
|-activate|p1a: Great Tusk|ability: Protosynthesis|[fromitem]
|-start|p1a: Great Tusk|protosynthesisspe
|move|p2a: Corviknight|Reflect|p2a: Corviknight
|-sidestart|p2: kotW0lf07|Reflect
|
|upkeep
|turn|4
|
|t:|1743871956
|move|p1a: Great Tusk|Rapid Spin|p2a: Corviknight
|-resisted|p2a: Corviknight
|-damage|p2a: Corviknight|58/100
|-boost|p1a: Great Tusk|spe|1
|move|p2a: Corviknight|U-turn|p1a: Great Tusk
|-resisted|p1a: Great Tusk
|-damage|p1a: Great Tusk|96/100
|
|t:|1743871973
|switch|p2a: Bisharp|Bisharp, M|100/100|[from] U-turn
|
|upkeep
|turn|5
|
|t:|1743871978
|switch|p2a: Corviknight|Corviknight, M|58/100
|move|p1a: Great Tusk|Bulk Up|p1a: Great Tusk
|-boost|p1a: Great Tusk|atk|1
|-boost|p1a: Great Tusk|def|1
|
|upkeep
|turn|6
|
|t:|1743871985
|move|p1a: Great Tusk|Ice Spinner|p2a: Corviknight
|-damage|p2a: Corviknight|47/100
|move|p2a: Corviknight|Light Screen|p2a: Corviknight
|-sidestart|p2: kotW0lf07|move: Light Screen
|
|upkeep
|turn|7
|
|t:|1743871989
|move|p1a: Great Tusk|Bulk Up|p1a: Great Tusk
|-boost|p1a: Great Tusk|atk|1
|-boost|p1a: Great Tusk|def|1
|move|p2a: Corviknight|U-turn|p1a: Great Tusk
|-resisted|p1a: Great Tusk
|-damage|p1a: Great Tusk|94/100
|
|t:|1743872003
|switch|p2a: Ting-Lu|Ting-Lu|100/100|[from] U-turn
|-ability|p2a: Ting-Lu|Vessel of Ruin
|
|upkeep
|turn|8
|
|t:|1743872006
|move|p1a: Great Tusk|Ice Spinner|p2a: Ting-Lu
|-supereffective|p2a: Ting-Lu
|-damage|p2a: Ting-Lu|75/100
|move|p2a: Ting-Lu|Ruination|p1a: Great Tusk
|-damage|p1a: Great Tusk|47/100
|
|-heal|p2a: Ting-Lu|81/100|[from] item: Leftovers
|upkeep
|turn|9
|
|t:|1743872011
|move|p1a: Great Tusk|Ice Spinner|p2a: Ting-Lu
|-supereffective|p2a: Ting-Lu
|-damage|p2a: Ting-Lu|54/100
|move|p2a: Ting-Lu|Spikes|p1a: Great Tusk
|-sidestart|p1: tap water gang|Spikes
|
|-heal|p2a: Ting-Lu|60/100|[from] item: Leftovers
|upkeep
|turn|10
|
|t:|1743872015
|move|p1a: Great Tusk|Rapid Spin|p2a: Ting-Lu
|-damage|p2a: Ting-Lu|52/100
|-boost|p1a: Great Tusk|spe|1
|-sideend|p1: tap water gang|Spikes|[from] move: Rapid Spin|[of] p1a: Great Tusk
|move|p2a: Ting-Lu|Spikes|p1a: Great Tusk
|-sidestart|p1: tap water gang|Spikes
|
|-heal|p2a: Ting-Lu|58/100|[from] item: Leftovers
|-sideend|p2: kotW0lf07|Reflect
|upkeep
|turn|11
|
|t:|1743872020
|switch|p2a: Corviknight|Corviknight, M|47/100
|move|p1a: Great Tusk|Ice Spinner|p2a: Corviknight
|-damage|p2a: Corviknight|15/100
|
|upkeep
|turn|12
|
|t:|1743872025
|move|p1a: Great Tusk|Ice Spinner|p2a: Corviknight
|-damage|p2a: Corviknight|0 fnt
|faint|p2a: Corviknight
|
|upkeep
|
|t:|1743872031
|switch|p2a: Phantom menace|Ceruledge, M|100/100
|turn|13
|
|t:|1743872047
|-terastallize|p2a: Phantom menace|Bug
|move|p1a: Great Tusk|Headlong Rush|p2a: Phantom menace
|-resisted|p2a: Phantom menace
|-damage|p2a: Phantom menace|27/100
|-unboost|p1a: Great Tusk|def|1
|-unboost|p1a: Great Tusk|spd|1
|move|p2a: Phantom menace|Bulk Up|p2a: Phantom menace
|-boost|p2a: Phantom menace|atk|1
|-boost|p2a: Phantom menace|def|1
|
|-sideend|p2: kotW0lf07|move: Light Screen
|upkeep
|turn|14
|
|t:|1743872056
|move|p1a: Great Tusk|Headlong Rush|p2a: Phantom menace
|-resisted|p2a: Phantom menace
|-damage|p2a: Phantom menace|0 fnt
|-unboost|p1a: Great Tusk|def|1
|-unboost|p1a: Great Tusk|spd|1
|faint|p2a: Phantom menace
|
|upkeep
|-message|kotW0lf07 forfeited.
|
|win|tap water gang
|raw|tap water gang's rating: 1375 &rarr; <strong>1392</strong><br />(+17 for winning)
|raw|kotW0lf07's rating: 1316 &rarr; <strong>1299</strong><br />(-17 for losing)
|l|☆kotW0lf07
|player|p2|
|l|☆tap water gang
|player|p1|
