|badge|p1|silver|gen9uu|30-5
|uhtml|medal-msg|<div class="broadcast-blue">Curious what those medals under the avatar are? PS now has Ladder Seasons! For more information, check out the <a href="https://www.smogon.com/forums/threads/3740067/">thread on Smogon.</a></div>
|j|☆fleep vs floop
|j|☆SushiSlice
|t:|1743885478
|gametype|singles
|player|p1|fleep vs floop|candice|1686
|player|p2|SushiSlice|dawn|1688
|teamsize|p1|6
|teamsize|p2|6
|gen|9
|tier|[Gen 9] OU
|rated|
|rule|HP Percentage Mod: HP is shown in percentages
|rule|Endless Battle Clause: Forcing endless battles is banned
|rule|Species Clause: Limit one of each Pokémon
|rule|OHKO Clause: OHKO moves are banned
|rule|Evasion Items Clause: Evasion items are banned
|rule|Evasion Moves Clause: Evasion moves are banned
|rule|Sleep Moves Clause: Sleep-inducing moves are banned
|clearpoke
|poke|p1|Slowking-Galar, F|
|poke|p1|Raging Bolt|
|poke|p1|Moltres-Galar|
|poke|p1|Zamazenta-*|
|poke|p1|Tinkaton, F|
|poke|p1|Landorus-Therian, M|
|poke|p2|Zamazenta-*|
|poke|p2|Gliscor, F|
|poke|p2|Kingambit, F|
|poke|p2|Great Tusk|
|poke|p2|Gholdengo|
|poke|p2|Ogerpon-Wellspring, F|
|teampreview
|
|t:|1743885488
|start
|switch|p1a: Tinkaton|Tinkaton, F|100/100
|switch|p2a: Zamazenta|Zamazenta|100/100
|-ability|p2a: Zamazenta|Dauntless Shield|boost
|-boost|p2a: Zamazenta|def|1
|-ability|p1a: Tinkaton|Mold Breaker
|-item|p1a: Tinkaton|Air Balloon
|turn|1
|inactive|Battle timer is ON: inactive players will automatically lose when time's up. (requested by fleep vs floop)
|
|t:|1743885496
|move|p2a: Zamazenta|Reflect|p2a: Zamazenta
|-sidestart|p2: SushiSlice|Reflect
|move|p1a: Tinkaton|Thunder Wave|p2a: Zamazenta
|-status|p2a: Zamazenta|par
|
|upkeep
|turn|2
|
|t:|1743885506
|switch|p2a: Kingambit|Kingambit, F|100/100
|move|p1a: Tinkaton|Encore||[still]
|-fail|p1a: Tinkaton
|
|upkeep
|turn|3
|
|t:|1743885515
|switch|p1a: Landorus|Landorus-Therian, M|100/100
|-ability|p1a: Landorus|Intimidate|boost
|-unboost|p2a: Kingambit|atk|1
|move|p2a: Kingambit|Iron Head|p1a: Landorus
|-damage|p1a: Landorus|64/100
|
|upkeep
|turn|4
|
|t:|1743885527
|-end|p2a: Kingambit|fallenundefined|[silent]
|switch|p2a: Gliscor|Gliscor, F|100/100
|move|p1a: Landorus|U-turn|p2a: Gliscor
|-resisted|p2a: Gliscor
|-damage|p2a: Gliscor|95/100
|
|t:|1743885530
|switch|p1a: Tinkaton|Tinkaton, F|100/100|[from] U-turn
|-ability|p1a: Tinkaton|Mold Breaker
|-item|p1a: Tinkaton|Air Balloon
|
|-status|p2a: Gliscor|tox|[from] item: Toxic Orb
|upkeep
|turn|5
|
|t:|1743885534
|move|p1a: Tinkaton|Stealth Rock|p2a: Gliscor
|-sidestart|p2: SushiSlice|move: Stealth Rock
|move|p2a: Gliscor|Facade|p1a: Tinkaton
|-resisted|p1a: Tinkaton
|-damage|p1a: Tinkaton|75/100
|-enditem|p1a: Tinkaton|Air Balloon
|
|-heal|p2a: Gliscor|100/100 tox|[from] ability: Poison Heal
|upkeep
|turn|6
|
|t:|1743885544
|move|p1a: Tinkaton|Encore|p2a: Gliscor
|-start|p2a: Gliscor|Encore
|move|p2a: Gliscor|Facade|p1a: Tinkaton
|-resisted|p1a: Tinkaton
|-damage|p1a: Tinkaton|50/100
|
|upkeep
|turn|7
|
|t:|1743885546
|switch|p1a: Slowking|Slowking-Galar, F|100/100
|move|p2a: Gliscor|Facade|p1a: Slowking
|-damage|p1a: Slowking|56/100
|
|upkeep
|turn|8
|
|t:|1743885554
|switch|p2a: Kingambit|Kingambit, F|100/100
|-damage|p2a: Kingambit|94/100|[from] Stealth Rock
|-prepare|p1a: Slowking|Chilly Reception|[premajor]
|move|p1a: Slowking|Chilly Reception|p1a: Slowking
|-weather|Snowscape
|
|t:|1743885563
|switch|p1a: Raging Bolt|Raging Bolt|100/100|[from] Chilly Reception
|
|-weather|Snowscape|[upkeep]
|-heal|p2a: Kingambit|100/100|[from] item: Leftovers
|-sideend|p2: SushiSlice|Reflect
|upkeep
|turn|9
|
|t:|1743885571
|-end|p2a: Kingambit|fallenundefined|[silent]
|switch|p2a: Gliscor|Gliscor, F|100/100 tox
|-damage|p2a: Gliscor|88/100 tox|[from] Stealth Rock
|move|p1a: Raging Bolt|Weather Ball|p2a: Gliscor
|-supereffective|p2a: Gliscor
|-damage|p2a: Gliscor|0 fnt
|faint|p2a: Gliscor
|
|-weather|Snowscape|[upkeep]
|upkeep
|
|t:|1743885582
|switch|p2a: Zamazenta|Zamazenta|100/100 par
|-damage|p2a: Zamazenta|94/100 par|[from] Stealth Rock
|turn|10
|
|t:|1743885586
|move|p1a: Raging Bolt|Weather Ball|p2a: Zamazenta
|-damage|p2a: Zamazenta|52/100 par
|move|p2a: Zamazenta|Light Screen|p2a: Zamazenta
|-sidestart|p2: SushiSlice|move: Light Screen
|
|-weather|Snowscape|[upkeep]
|upkeep
|turn|11
|
|t:|1743885592
|-end|p1a: Raging Bolt|Protosynthesis|[silent]
|switch|p1a: Tinkaton|Tinkaton, F|50/100
|-ability|p1a: Tinkaton|Mold Breaker
|move|p2a: Zamazenta|Reflect|p2a: Zamazenta
|-sidestart|p2: SushiSlice|Reflect
|
|-weather|Snowscape|[upkeep]
|upkeep
|turn|12
|
|t:|1743885597
|switch|p2a: Kingambit|Kingambit, F|100/100
|-damage|p2a: Kingambit|94/100|[from] Stealth Rock
|-activate|p2a: Kingambit|ability: Supreme Overlord
|-start|p2a: Kingambit|fallen1|[silent]
|move|p1a: Tinkaton|Gigaton Hammer|p2a: Kingambit
|-resisted|p2a: Kingambit
|-damage|p2a: Kingambit|86/100
|
|-weather|none
|-heal|p2a: Kingambit|92/100|[from] item: Leftovers
|upkeep
|turn|13
|
|t:|1743885605
|switch|p1a: Zamazenta|Zamazenta|100/100
|-ability|p1a: Zamazenta|Dauntless Shield|boost
|-boost|p1a: Zamazenta|def|1
|move|p2a: Kingambit|Swords Dance|p2a: Kingambit
|-boost|p2a: Kingambit|atk|2
|
|-heal|p2a: Kingambit|98/100|[from] item: Leftovers
|upkeep
|turn|14
|
|t:|1743885610
|-end|p2a: Kingambit|fallen1|[silent]
|switch|p2a: Gholdengo|Gholdengo|100/100
|-damage|p2a: Gholdengo|94/100|[from] Stealth Rock
|move|p1a: Zamazenta|Iron Defense|p1a: Zamazenta
|-boost|p1a: Zamazenta|def|2
|
|upkeep
|turn|15
|
|t:|1743885619
|switch|p1a: Moltres|Moltres-Galar|100/100
|move|p2a: Gholdengo|Nasty Plot|p2a: Gholdengo
|-boost|p2a: Gholdengo|spa|2
|
|upkeep
|turn|16
|
|t:|1743885624
|move|p2a: Gholdengo|Focus Blast|p1a: Moltres
|-damage|p1a: Moltres|42/100
|-ability|p1a: Moltres|Berserk|boost
|-boost|p1a: Moltres|spa|1
|-enditem|p1a: Moltres|Sitrus Berry|[eat]
|-heal|p1a: Moltres|67/100|[from] item: Sitrus Berry
|move|p1a: Moltres|Fiery Wrath|p2a: Gholdengo
|-supereffective|p2a: Gholdengo
|-damage|p2a: Gholdengo|32/100
|
|upkeep
|turn|17
|
|t:|1743885640
|switch|p2a: Kingambit|Kingambit, F|98/100
|-damage|p2a: Kingambit|92/100|[from] Stealth Rock
|-activate|p2a: Kingambit|ability: Supreme Overlord
|-start|p2a: Kingambit|fallen1|[silent]
|move|p1a: Moltres|Fiery Wrath|p2a: Kingambit
|-resisted|p2a: Kingambit
|-damage|p2a: Kingambit|79/100
|
|-heal|p2a: Kingambit|85/100|[from] item: Leftovers
|-sideend|p2: SushiSlice|move: Light Screen
|upkeep
|turn|18
|
|t:|1743885646
|move|p1a: Moltres|Hurricane|p2a: Kingambit
|-resisted|p2a: Kingambit
|-damage|p2a: Kingambit|50/100
|-start|p2a: Kingambit|confusion
|-activate|p2a: Kingambit|confusion
|move|p2a: Kingambit|Iron Head|p1a: Moltres
|-damage|p1a: Moltres|19/100
|-ability|p1a: Moltres|Berserk|boost
|-boost|p1a: Moltres|spa|1
|
|-heal|p2a: Kingambit|56/100|[from] item: Leftovers
|-sideend|p2: SushiSlice|Reflect
|upkeep
|turn|19
|
|t:|1743885651
|-activate|p2a: Kingambit|confusion
|-damage|p2a: Kingambit|43/100|[from] confusion
|move|p1a: Moltres|Fiery Wrath|p2a: Kingambit
|-resisted|p2a: Kingambit
|-damage|p2a: Kingambit|6/100
|
|-heal|p2a: Kingambit|12/100|[from] item: Leftovers
|upkeep
|turn|20
|
|t:|1743885661
|-activate|p2a: Kingambit|confusion
|move|p2a: Kingambit|Sucker Punch|p1a: Moltres
|-resisted|p1a: Moltres
|-damage|p1a: Moltres|0 fnt
|faint|p1a: Moltres
|
|-heal|p2a: Kingambit|19/100|[from] item: Leftovers
|upkeep
|
|t:|1743885663
|switch|p1a: Tinkaton|Tinkaton, F|50/100
|-ability|p1a: Tinkaton|Mold Breaker
|turn|21
|
|t:|1743885671
|-end|p2a: Kingambit|fallen1|[silent]
|switch|p2a: Zamazenta|Zamazenta|52/100 par
|-damage|p2a: Zamazenta|45/100 par|[from] Stealth Rock
|move|p1a: Tinkaton|Encore||[still]
|-fail|p1a: Tinkaton
|
|upkeep
|turn|22
|
|t:|1743885681
|switch|p1a: Raging Bolt|Raging Bolt|100/100
|move|p2a: Zamazenta|Reflect|p2a: Zamazenta
|-sidestart|p2: SushiSlice|Reflect
|
|upkeep
|turn|23
|
|t:|1743885689
|move|p1a: Raging Bolt|Volt Switch|p2a: Zamazenta
|-damage|p2a: Zamazenta|0 fnt
|faint|p2a: Zamazenta
|
|t:|1743885703
|-end|p1a: Raging Bolt|Protosynthesis|[silent]
|switch|p1a: Landorus|Landorus-Therian, M|64/100|[from] Volt Switch
|
|upkeep
|
|t:|1743885721
|switch|p2a: Ogerpon|Ogerpon-Wellspring, F|100/100
|-damage|p2a: Ogerpon|88/100|[from] Stealth Rock
|turn|24
|
|t:|1743885727
|move|p1a: Landorus|U-turn|p2a: Ogerpon
|-supereffective|p2a: Ogerpon
|-damage|p2a: Ogerpon|54/100
|
|t:|1743885735
|switch|p1a: Tinkaton|Tinkaton, F|50/100|[from] U-turn
|-ability|p1a: Tinkaton|Mold Breaker
|move|p2a: Ogerpon|Trailblaze|p1a: Tinkaton
|-resisted|p1a: Tinkaton
|-damage|p1a: Tinkaton|31/100
|-boost|p2a: Ogerpon|spe|1
|
|upkeep
|turn|25
|
|t:|1743885738
|move|p2a: Ogerpon|Ivy Cudgel|p1a: Tinkaton|[anim] Ivy Cudgel Water
|-damage|p1a: Tinkaton|0 fnt
|faint|p1a: Tinkaton
|
|upkeep
|j| eiscuepro
|
|t:|1743885740
|switch|p1a: Raging Bolt|Raging Bolt|100/100
|turn|26
|
|t:|1743885744
|move|p2a: Ogerpon|Play Rough|p1a: Raging Bolt
|-supereffective|p1a: Raging Bolt
|-damage|p1a: Raging Bolt|29/100
|move|p1a: Raging Bolt|Draco Meteor|p2a: Ogerpon
|-damage|p2a: Ogerpon|0 fnt
|-unboost|p1a: Raging Bolt|spa|2
|faint|p2a: Ogerpon
|
|upkeep
|
|t:|1743885755
|switch|p2a: Great Tusk|Great Tusk|100/100
|-damage|p2a: Great Tusk|98/100|[from] Stealth Rock
|-enditem|p2a: Great Tusk|Booster Energy
|-activate|p2a: Great Tusk|ability: Protosynthesis|[fromitem]
|-start|p2a: Great Tusk|protosynthesisspe
|turn|27
|
|t:|1743885759
|move|p2a: Great Tusk|Bulk Up|p2a: Great Tusk
|-boost|p2a: Great Tusk|atk|1
|-boost|p2a: Great Tusk|def|1
|move|p1a: Raging Bolt|Draco Meteor|p2a: Great Tusk
|-damage|p2a: Great Tusk|28/100
|-unboost|p1a: Raging Bolt|spa|2
|
|upkeep
|turn|28
|
|t:|1743885765
|move|p2a: Great Tusk|Ice Spinner|p1a: Raging Bolt
|-supereffective|p1a: Raging Bolt
|-damage|p1a: Raging Bolt|0 fnt
|faint|p1a: Raging Bolt
|-end|p1a: Raging Bolt|Protosynthesis|[silent]
|
|upkeep
|
|t:|1743885766
|switch|p1a: Zamazenta|Zamazenta|100/100
|turn|29
|
|t:|1743885770
|move|p2a: Great Tusk|Bulk Up|p2a: Great Tusk
|-boost|p2a: Great Tusk|atk|1
|-boost|p2a: Great Tusk|def|1
|move|p1a: Zamazenta|Roar|p2a: Great Tusk
|-end|p2a: Great Tusk|Protosynthesis|[silent]
|drag|p2a: Gholdengo|Gholdengo|32/100
|-damage|p2a: Gholdengo|26/100|[from] Stealth Rock
|
|-sideend|p2: SushiSlice|Reflect
|upkeep
|turn|30
|
|t:|1743885774
|move|p1a: Zamazenta|Crunch|p2a: Gholdengo
|-supereffective|p2a: Gholdengo
|-damage|p2a: Gholdengo|0 fnt
|faint|p2a: Gholdengo
|
|upkeep
|-message|SushiSlice forfeited.
|
|win|fleep vs floop
|raw|fleep vs floop's rating: 1686 &rarr; <strong>1706</strong><br />(+20 for winning)
|raw|SushiSlice's rating: 1688 &rarr; <strong>1668</strong><br />(-20 for losing)
|l|☆SushiSlice
|player|p2|
|l|☆fleep vs floop
|player|p1|
|l| eiscuepro
