|j|☆C4rdC4rd
|j|☆lianshanque
|t:|1743850168
|gametype|singles
|player|p1|C4rdC4rd|plasmagrunt-gen5bw|1417
|player|p2|lianshanque|169|1370
|teamsize|p1|6
|teamsize|p2|6
|gen|9
|tier|[Gen 9] OU
|rated|
|rule|HP Percentage Mod: HP is shown in percentages
|rule|Endless Battle Clause: Forcing endless battles is banned
|rule|Species Clause: Limit one of each Pokémon
|rule|OHKO Clause: OHKO moves are banned
|rule|Evasion Items Clause: Evasion items are banned
|rule|Evasion Moves Clause: Evasion moves are banned
|rule|Sleep Moves Clause: Sleep-inducing moves are banned
|clearpoke
|poke|p1|Iron Moth|
|poke|p1|Corviknight, F|
|poke|p1|Great Tusk|
|poke|p1|Hatterene, F|
|poke|p1|Dragapult, M|
|poke|p1|Meowscarada, M|
|poke|p2|Pelipper, F|
|poke|p2|Barraskewda, F|
|poke|p2|Politoed, M|
|poke|p2|Kingdra, F|
|poke|p2|Forretress, F|
|poke|p2|Ditto|
|teampreview
|inactive|Battle timer is ON: inactive players will automatically lose when time's up. (requested by lianshanque)
|
|t:|1743850192
|start
|switch|p1a: Lā|Iron Moth|100/100
|switch|p2a: Politoed|Politoed, M, shiny|100/100
|-weather|RainDance|[from] ability: Drizzle|[of] p2a: Politoed
|turn|1
|
|t:|1743850200
|-terastallize|p1a: Lā|Grass
|move|p1a: Lā|Energy Ball|p2a: Politoed
|-supereffective|p2a: Politoed
|-damage|p2a: Politoed|0 fnt
|faint|p2a: Politoed
|
|-weather|RainDance|[upkeep]
|upkeep
|
|t:|1743850209
|switch|p2a: Kingdra|Kingdra, F|100/100
|turn|2
|
|t:|1743850213
|-end|p1a: Lā|Quark Drive|[silent]
|switch|p1a: Full Armor|Corviknight, F|100/100
|move|p2a: Kingdra|Hurricane|p1a: Full Armor
|-resisted|p1a: Full Armor
|-damage|p1a: Full Armor|88/100
|
|-weather|RainDance|[upkeep]
|-heal|p1a: Full Armor|94/100|[from] item: Leftovers
|upkeep
|turn|3
|
|t:|1743850223
|move|p2a: Kingdra|Weather Ball|p1a: Full Armor
|-damage|p1a: Full Armor|49/100
|move|p1a: Full Armor|U-turn|p2a: Kingdra
|-damage|p2a: Kingdra|81/100
|
|t:|1743850237
|switch|p1a: Endless Waltz|Meowscarada, M|100/100|[from] U-turn
|
|-weather|RainDance|[upkeep]
|upkeep
|turn|4
|
|t:|1743850243
|move|p1a: Endless Waltz|Play Rough|p2a: Kingdra|[miss]
|-start|p1a: Endless Waltz|typechange|Fairy|[from] ability: Protean
|-miss|p1a: Endless Waltz|p2a: Kingdra
|move|p2a: Kingdra|Hurricane|p1a: Endless Waltz
|-damage|p1a: Endless Waltz|46/100
|-start|p1a: Endless Waltz|confusion
|
|-weather|RainDance|[upkeep]
|upkeep
|turn|5
|
|t:|1743850255
|switch|p2a: Forretress|Forretress, F, shiny|100/100
|-activate|p1a: Endless Waltz|confusion
|move|p1a: Endless Waltz|Play Rough|p2a: Forretress|[miss]
|-miss|p1a: Endless Waltz|p2a: Forretress
|
|-weather|none
|upkeep
|turn|6
|
|t:|1743850263
|switch|p1a: Calibarn|Hatterene, F|100/100
|move|p2a: Forretress|Body Press|p1a: Calibarn
|-resisted|p1a: Calibarn
|-damage|p1a: Calibarn|94/100
|
|-heal|p1a: Calibarn|99/100|[from] item: Leftovers
|upkeep
|turn|7
|
|t:|1743850275
|switch|p2a: Pelipper|Pelipper, F, shiny|100/100
|-weather|RainDance|[from] ability: Drizzle|[of] p2a: Pelipper
|switch|p1a: Lā|Iron Moth, tera:Grass|100/100
|
|-weather|RainDance|[upkeep]
|upkeep
|turn|8
|
|t:|1743850283
|move|p1a: Lā|Energy Ball|p2a: Pelipper
|-damage|p2a: Pelipper|1/100
|move|p2a: Pelipper|Hurricane|p1a: Lā
|-supereffective|p1a: Lā
|-crit|p1a: Lā
|-damage|p1a: Lā|0 fnt
|faint|p1a: Lā
|-end|p1a: Lā|Quark Drive|[silent]
|
|-weather|RainDance|[upkeep]
|upkeep
|
|t:|1743850297
|switch|p1a: Thunderbolt|Dragapult, M|100/100
|turn|9
|
|t:|1743850301
|switch|p2a: Forretress|Forretress, F, shiny|100/100
|move|p1a: Thunderbolt|U-turn|p2a: Forretress
|-resisted|p2a: Forretress
|-damage|p2a: Forretress|89/100
|
|t:|1743850320
|switch|p1a: Full Armor|Corviknight, F|49/100|[from] U-turn
|
|-weather|RainDance|[upkeep]
|-heal|p1a: Full Armor|56/100|[from] item: Leftovers
|-heal|p2a: Forretress|96/100|[from] item: Leftovers
|upkeep
|turn|10
|
|t:|1743850329
|switch|p2a: Kingdra|Kingdra, F|81/100
|move|p1a: Full Armor|Roost|p1a: Full Armor
|-heal|p1a: Full Armor|100/100
|-singleturn|p1a: Full Armor|move: Roost
|
|-weather|RainDance|[upkeep]
|upkeep
|turn|11
|
|t:|1743850339
|move|p2a: Kingdra|Weather Ball|p1a: Full Armor
|-damage|p1a: Full Armor|49/100
|move|p1a: Full Armor|U-turn|p2a: Kingdra
|-damage|p2a: Kingdra|63/100
|
|t:|1743850345
|switch|p1a: Endless Waltz|Meowscarada, M|46/100|[from] U-turn
|
|-weather|RainDance|[upkeep]
|upkeep
|turn|12
|
|t:|1743850354
|-terastallize|p2a: Kingdra|Steel
|move|p1a: Endless Waltz|Play Rough|p2a: Kingdra
|-start|p1a: Endless Waltz|typechange|Fairy|[from] ability: Protean
|-resisted|p2a: Kingdra
|-damage|p2a: Kingdra|37/100
|move|p2a: Kingdra|Weather Ball|p1a: Endless Waltz
|-damage|p1a: Endless Waltz|0 fnt
|faint|p1a: Endless Waltz
|
|-weather|RainDance|[upkeep]
|upkeep
|
|t:|1743850369
|switch|p1a: Thunderbolt|Dragapult, M|100/100
|turn|13
|
|t:|1743850372
|move|p1a: Thunderbolt|Sucker Punch|p2a: Kingdra
|-damage|p2a: Kingdra|0 fnt
|faint|p2a: Kingdra
|
|-weather|RainDance|[upkeep]
|upkeep
|
|t:|1743850378
|switch|p2a: Ditto|Ditto|100/100
|-transform|p2a: Ditto|p1a: Thunderbolt|[from] ability: Imposter
|turn|14
|
|t:|1743850386
|switch|p1a: Calibarn|Hatterene, F|99/100
|move|p2a: Ditto|Sucker Punch||[still]
|-fail|p2a: Ditto
|
|-weather|none
|-heal|p1a: Calibarn|100/100|[from] item: Leftovers
|upkeep
|turn|15
|
|t:|1743850394
|switch|p2a: Pelipper|Pelipper, F, shiny|1/100
|-weather|RainDance|[from] ability: Drizzle|[of] p2a: Pelipper
|move|p1a: Calibarn|Nuzzle|p2a: Pelipper
|-supereffective|p2a: Pelipper
|-damage|p2a: Pelipper|0 fnt
|faint|p2a: Pelipper
|
|-weather|RainDance|[upkeep]
|upkeep
|
|t:|1743850404
|switch|p2a: Barraskewda|Barraskewda, F, shiny|100/100
|turn|16
|
|t:|1743850418
|move|p2a: Barraskewda|Liquidation|p1a: Calibarn
|-damage|p1a: Calibarn|18/100
|move|p1a: Calibarn|Nuzzle|p2a: Barraskewda
|-supereffective|p2a: Barraskewda
|-damage|p2a: Barraskewda|85/100
|-status|p2a: Barraskewda|par
|
|-weather|RainDance|[upkeep]
|-heal|p1a: Calibarn|24/100|[from] item: Leftovers
|upkeep
|turn|17
|
|t:|1743850428
|move|p2a: Barraskewda|Liquidation|p1a: Calibarn
|-damage|p1a: Calibarn|0 fnt
|faint|p1a: Calibarn
|
|-weather|RainDance|[upkeep]
|upkeep
|inactive|C4rdC4rd has 120 seconds left.
|
|t:|1743850461
|switch|p1a: Thunderbolt|Dragapult, M|100/100
|turn|18
|
|t:|1743850465
|switch|p2a: Forretress|Forretress, F, shiny|96/100
|move|p1a: Thunderbolt|Dragon Darts|p2a: Forretress
|-resisted|p2a: Forretress
|-damage|p2a: Forretress|84/100
|-anim|p1a: Thunderbolt|Dragon Darts|p2a: Forretress
|-resisted|p2a: Forretress
|-damage|p2a: Forretress|72/100
|
|-weather|RainDance|[upkeep]
|-heal|p2a: Forretress|78/100|[from] item: Leftovers
|upkeep
|turn|19
|
|t:|1743850477
|switch|p1a: Full Armor|Corviknight, F|49/100
|switch|p2a: Ditto|Ditto|100/100
|-transform|p2a: Ditto|p1a: Full Armor|[from] ability: Imposter
|
|-weather|RainDance|[upkeep]
|-heal|p1a: Full Armor|55/100|[from] item: Leftovers
|upkeep
|turn|20
|
|t:|1743850488
|move|p2a: Ditto|U-turn|p1a: Full Armor
|-resisted|p1a: Full Armor
|-damage|p1a: Full Armor|52/100
|
|t:|1743850492
|switch|p2a: Barraskewda|Barraskewda, F, shiny|85/100 par|[from] U-turn
|move|p1a: Full Armor|Roost|p1a: Full Armor
|-heal|p1a: Full Armor|100/100
|-singleturn|p1a: Full Armor|move: Roost
|
|-weather|RainDance|[upkeep]
|upkeep
|turn|21
|
|t:|1743850502
|move|p2a: Barraskewda|Liquidation|p1a: Full Armor
|-damage|p1a: Full Armor|10/100
|move|p1a: Full Armor|Brave Bird|p2a: Barraskewda
|-damage|p2a: Barraskewda|15/100 par
|-damage|p1a: Full Armor|0 fnt|[from] Recoil
|faint|p1a: Full Armor
|
|-weather|RainDance|[upkeep]
|upkeep
|
|t:|1743850513
|switch|p1a: Thunderbolt|Dragapult, M|100/100
|turn|22
|
|t:|1743850517
|switch|p2a: Forretress|Forretress, F, shiny|78/100
|move|p1a: Thunderbolt|U-turn|p2a: Forretress
|-resisted|p2a: Forretress
|-damage|p2a: Forretress|69/100
|
|t:|1743850521
|switch|p1a: Atlas|Great Tusk|100/100|[from] U-turn
|
|-weather|none
|-heal|p2a: Forretress|75/100|[from] item: Leftovers
|upkeep
|turn|23
|
|t:|1743850530
|move|p1a: Atlas|Bulk Up|p1a: Atlas
|-boost|p1a: Atlas|atk|1
|-boost|p1a: Atlas|def|1
|move|p2a: Forretress|Iron Defense|p2a: Forretress
|-boost|p2a: Forretress|def|2
|
|-heal|p2a: Forretress|81/100|[from] item: Leftovers
|upkeep
|turn|24
|
|t:|1743850539
|move|p1a: Atlas|Bulk Up|p1a: Atlas
|-boost|p1a: Atlas|atk|1
|-boost|p1a: Atlas|def|1
|move|p2a: Forretress|Iron Defense|p2a: Forretress
|-boost|p2a: Forretress|def|2
|
|-heal|p2a: Forretress|87/100|[from] item: Leftovers
|upkeep
|turn|25
|
|t:|1743850547
|move|p1a: Atlas|Bulk Up|p1a: Atlas
|-boost|p1a: Atlas|atk|1
|-boost|p1a: Atlas|def|1
|move|p2a: Forretress|Body Press|p1a: Atlas
|-damage|p1a: Atlas|81/100
|
|-heal|p1a: Atlas|87/100|[from] item: Leftovers
|-heal|p2a: Forretress|93/100|[from] item: Leftovers
|upkeep
|turn|26
|
|t:|1743850558
|move|p1a: Atlas|Body Press|p2a: Forretress
|-crit|p2a: Forretress
|-damage|p2a: Forretress|6/100
|move|p2a: Forretress|Iron Defense|p2a: Forretress
|-boost|p2a: Forretress|def|2
|
|-heal|p1a: Atlas|93/100|[from] item: Leftovers
|-heal|p2a: Forretress|12/100|[from] item: Leftovers
|upkeep
|turn|27
|
|t:|1743850573
|move|p1a: Atlas|Body Press|p2a: Forretress
|-damage|p2a: Forretress|0 fnt
|faint|p2a: Forretress
|
|-heal|p1a: Atlas|99/100|[from] item: Leftovers
|upkeep
|
|t:|1743850580
|switch|p2a: Ditto|Ditto|100/100
|-transform|p2a: Ditto|p1a: Atlas|[from] ability: Imposter
|turn|28
|
|t:|1743850592
|move|p2a: Ditto|Earthquake|p1a: Atlas
|-crit|p1a: Atlas
|-damage|p1a: Atlas|26/100
|move|p1a: Atlas|Rapid Spin|p2a: Ditto
|-damage|p2a: Ditto|90/100
|-boost|p1a: Atlas|spe|1
|
|-heal|p1a: Atlas|32/100|[from] item: Leftovers
|upkeep
|turn|29
|
|t:|1743850608
|move|p1a: Atlas|Rapid Spin|p2a: Ditto
|-damage|p2a: Ditto|79/100
|-boost|p1a: Atlas|spe|1
|move|p2a: Ditto|Earthquake|p1a: Atlas
|-damage|p1a: Atlas|12/100
|
|-heal|p1a: Atlas|18/100|[from] item: Leftovers
|upkeep
|turn|30
|
|t:|1743850617
|-end|p2a: Ditto|Protosynthesis|[silent]
|switch|p2a: Barraskewda|Barraskewda, F, shiny|15/100 par
|move|p1a: Atlas|Body Press|p2a: Barraskewda
|-damage|p2a: Barraskewda|0 fnt
|faint|p2a: Barraskewda
|
|-heal|p1a: Atlas|24/100|[from] item: Leftovers
|upkeep
|
|t:|1743850627
|switch|p2a: Ditto|Ditto|79/100
|-transform|p2a: Ditto|p1a: Atlas|[from] ability: Imposter
|turn|31
|
|t:|1743850633
|move|p2a: Ditto|Earthquake|p1a: Atlas
|-damage|p1a: Atlas|3/100
|move|p1a: Atlas|Bulk Up|p1a: Atlas
|-boost|p1a: Atlas|atk|1
|-boost|p1a: Atlas|def|1
|
|-heal|p1a: Atlas|10/100|[from] item: Leftovers
|upkeep
|turn|32
|
|t:|1743850642
|move|p2a: Ditto|Earthquake|p1a: Atlas
|-damage|p1a: Atlas|0 fnt
|faint|p1a: Atlas
|-end|p1a: Atlas|Protosynthesis|[silent]
|
|upkeep
|
|t:|1743850645
|switch|p1a: Thunderbolt|Dragapult, M|100/100
|turn|33
|
|t:|1743850649
|move|p2a: Ditto|Earthquake|p1a: Thunderbolt
|-damage|p1a: Thunderbolt|0 fnt
|faint|p1a: Thunderbolt
|
|win|lianshanque
|raw|C4rdC4rd's rating: 1417 &rarr; <strong>1394</strong><br />(-23 for losing)
|raw|lianshanque's rating: 1370 &rarr; <strong>1393</strong><br />(+23 for winning)
|l|☆C4rdC4rd
|player|p1|
|l|☆lianshanque
|player|p2|
