|j|☆chemnuoc
|j|☆hei_mao666
|t:|1743825970
|gametype|singles
|player|p1|chemnuoc|169|1118
|player|p2|hei_mao666|hilbert|1106
|teamsize|p1|6
|teamsize|p2|6
|gen|9
|tier|[Gen 9] OU
|rated|
|rule|HP Percentage Mod: HP is shown in percentages
|rule|Endless Battle Clause: Forcing endless battles is banned
|rule|Species Clause: Limit one of each Pokémon
|rule|OHKO Clause: OHKO moves are banned
|rule|Evasion Items Clause: Evasion items are banned
|rule|Evasion Moves Clause: Evasion moves are banned
|rule|Sleep Moves Clause: Sleep-inducing moves are banned
|clearpoke
|poke|p1|Landorus-Therian, M|
|poke|p1|Iron Moth|
|poke|p1|Zapdos|
|poke|p1|Gholdengo|
|poke|p1|Great Tusk|
|poke|p1|Clefable, F|
|poke|p2|Gholdengo|
|poke|p2|Raging Bolt|
|poke|p2|Dragapult, F|
|poke|p2|Iron Hands|
|poke|p2|Blaziken, F|
|poke|p2|Alomomola, F|
|teampreview
|inactive|Battle timer is ON: inactive players will automatically lose when time's up. (requested by chemnuoc)
|
|t:|1743826003
|start
|switch|p1a: Landorus|Landorus-Therian, M|100/100
|switch|p2a: Dragapult|Dragapult, F|100/100
|-ability|p1a: Landorus|Intimidate|boost
|-unboost|p2a: Dragapult|atk|1
|turn|1
|
|t:|1743826013
|move|p1a: Landorus|Stealth Rock|p2a: Dragapult
|-sidestart|p2: hei_mao666|move: Stealth Rock
|move|p2a: Dragapult|U-turn|p1a: Landorus
|-resisted|p1a: Landorus
|-damage|p1a: Landorus|87/100
|
|t:|1743826024
|switch|p2a: Alomomola|Alomomola, F|100/100|[from] U-turn
|-damage|p2a: Alomomola|88/100|[from] Stealth Rock
|
|-heal|p2a: Alomomola|94/100|[from] item: Leftovers
|upkeep
|turn|2
|
|t:|1743826031
|switch|p1a: Zapdos|Zapdos|100/100
|move|p2a: Alomomola|Whirlpool|p1a: Zapdos
|-crit|p1a: Zapdos
|-damage|p1a: Zapdos|94/100
|-activate|p1a: Zapdos|move: Whirlpool|[of] p2a: Alomomola
|
|-heal|p2a: Alomomola|100/100|[from] item: Leftovers
|-damage|p1a: Zapdos|82/100|[from] move: Whirlpool|[partiallytrapped]
|upkeep
|turn|3
|
|t:|1743826040
|move|p2a: Alomomola|Protect|p2a: Alomomola
|-singleturn|p2a: Alomomola|Protect
|move|p1a: Zapdos|Thunder Wave|p2a: Alomomola
|-activate|p2a: Alomomola|move: Protect
|
|-damage|p1a: Zapdos|69/100|[from] move: Whirlpool|[partiallytrapped]
|upkeep
|turn|4
|
|t:|1743826049
|switch|p2a: Raging Bolt|Raging Bolt|100/100
|-damage|p2a: Raging Bolt|88/100|[from] Stealth Rock
|move|p1a: Zapdos|Thunder Wave|p2a: Raging Bolt
|-immune|p2a: Raging Bolt
|
|-end|p1a: Zapdos|Whirlpool|[partiallytrapped]|[silent]
|upkeep
|turn|5
|
|t:|1743826060
|switch|p1a: Clefable|Clefable, F|100/100
|move|p2a: Raging Bolt|Draco Meteor|p1a: Clefable
|-immune|p1a: Clefable
|
|upkeep
|turn|6
|
|t:|1743826069
|-end|p2a: Raging Bolt|Protosynthesis|[silent]
|switch|p2a: Gholdengo|Gholdengo|100/100
|-damage|p2a: Gholdengo|94/100|[from] Stealth Rock
|move|p1a: Clefable|Moonblast|p2a: Gholdengo
|-resisted|p2a: Gholdengo
|-damage|p2a: Gholdengo|75/100
|
|upkeep
|turn|7
|
|t:|1743826089
|switch|p1a: Landorus|Landorus-Therian, M|87/100
|-ability|p1a: Landorus|Intimidate|boost
|-unboost|p2a: Gholdengo|atk|1
|move|p2a: Gholdengo|Shadow Ball|p1a: Landorus
|-damage|p1a: Landorus|0 fnt
|faint|p1a: Landorus
|
|upkeep
|
|t:|1743826101
|switch|p1a: Iron Moth|Iron Moth|100/100
|-enditem|p1a: Iron Moth|Booster Energy
|-activate|p1a: Iron Moth|ability: Quark Drive|[fromitem]
|-start|p1a: Iron Moth|quarkdrivespa
|turn|8
|
|t:|1743826110
|switch|p2a: Alomomola|Alomomola, F|100/100
|-damage|p2a: Alomomola|88/100|[from] Stealth Rock
|move|p1a: Iron Moth|Fiery Dance|p2a: Alomomola
|-resisted|p2a: Alomomola
|-damage|p2a: Alomomola|56/100
|
|-heal|p2a: Alomomola|63/100|[from] item: Leftovers
|upkeep
|turn|9
|
|t:|1743826119
|-terastallize|p1a: Iron Moth|Flying
|move|p1a: Iron Moth|Fiery Dance|p2a: Alomomola
|-resisted|p2a: Alomomola
|-damage|p2a: Alomomola|32/100
|-boost|p1a: Iron Moth|spa|1
|move|p2a: Alomomola|Wish|p2a: Alomomola
|
|-heal|p2a: Alomomola|38/100|[from] item: Leftovers
|upkeep
|turn|10
|
|t:|1743826130
|move|p1a: Iron Moth|Sludge Wave|p2a: Alomomola
|-damage|p2a: Alomomola|0 fnt
|faint|p2a: Alomomola
|
|upkeep
|
|t:|1743826140
|switch|p2a: Dragapult|Dragapult, F|100/100
|-damage|p2a: Dragapult|88/100|[from] Stealth Rock
|turn|11
|
|t:|1743826147
|move|p2a: Dragapult|U-turn|p1a: Iron Moth
|-resisted|p1a: Iron Moth
|-damage|p1a: Iron Moth|77/100
|
|t:|1743826156
|switch|p2a: Blaziken|Blaziken, F|100/100|[from] U-turn
|-damage|p2a: Blaziken|88/100|[from] Stealth Rock
|move|p1a: Iron Moth|Sludge Wave|p2a: Blaziken
|-damage|p2a: Blaziken|0 fnt
|faint|p2a: Blaziken
|
|upkeep
|
|t:|1743826165
|switch|p2a: Dragapult|Dragapult, F|88/100
|-damage|p2a: Dragapult|76/100|[from] Stealth Rock
|turn|12
|
|t:|1743826170
|-terastallize|p2a: Dragapult|Dragon
|move|p2a: Dragapult|Dragon Darts|p1a: Iron Moth
|-damage|p1a: Iron Moth|3/100
|-anim|p2a: Dragapult|Dragon Darts|p1a: Iron Moth
|-damage|p1a: Iron Moth|0 fnt
|faint|p1a: Iron Moth
|-end|p1a: Iron Moth|Quark Drive|[silent]
|
|upkeep
|
|t:|1743826184
|switch|p1a: Clefable|Clefable, F|100/100
|turn|13
|
|t:|1743826188
|switch|p2a: Gholdengo|Gholdengo|75/100
|-damage|p2a: Gholdengo|69/100|[from] Stealth Rock
|move|p1a: Clefable|Ice Beam|p2a: Gholdengo
|-resisted|p2a: Gholdengo
|-damage|p2a: Gholdengo|58/100
|
|upkeep
|turn|14
|
|t:|1743826198
|switch|p1a: Zapdos|Zapdos|69/100
|move|p2a: Gholdengo|Shadow Ball|p1a: Zapdos
|-damage|p1a: Zapdos|27/100
|-unboost|p1a: Zapdos|spd|1
|
|upkeep
|turn|15
|
|t:|1743826206
|switch|p1a: Clefable|Clefable, F|100/100
|move|p2a: Gholdengo|Shadow Ball|p1a: Clefable
|-damage|p1a: Clefable|42/100
|
|-heal|p1a: Clefable|48/100|[from] item: Leftovers
|upkeep
|turn|16
|
|t:|1743826213
|move|p1a: Clefable|Protect|p1a: Clefable
|-singleturn|p1a: Clefable|Protect
|move|p2a: Gholdengo|Shadow Ball|p1a: Clefable
|-activate|p1a: Clefable|move: Protect
|
|-heal|p1a: Clefable|55/100|[from] item: Leftovers
|upkeep
|turn|17
|c|☆chemnuoc|choice band
|
|t:|1743826242
|switch|p1a: Zapdos|Zapdos|27/100
|move|p2a: Gholdengo|Shadow Ball|p1a: Zapdos
|-damage|p1a: Zapdos|0 fnt
|faint|p1a: Zapdos
|
|upkeep
|inactive|chemnuoc has 120 seconds left.
|
|t:|1743826252
|switch|p1a: Great Tusk|Great Tusk|100/100
|turn|18
|
|t:|1743826273
|move|p1a: Great Tusk|Knock Off|p2a: Gholdengo
|-supereffective|p2a: Gholdengo
|-damage|p2a: Gholdengo|0 fnt
|-enditem|p2a: Gholdengo|Choice Specs|[from] move: Knock Off|[of] p1a: Great Tusk
|faint|p2a: Gholdengo
|
|upkeep
|
|t:|1743826281
|switch|p2a: Dragapult|Dragapult, F, tera:Dragon|76/100
|-damage|p2a: Dragapult|64/100|[from] Stealth Rock
|turn|19
|
|t:|1743826295
|-end|p1a: Great Tusk|Protosynthesis|[silent]
|switch|p1a: Clefable|Clefable, F|55/100
|move|p2a: Dragapult|U-turn|p1a: Clefable
|-resisted|p1a: Clefable
|-damage|p1a: Clefable|42/100
|
|t:|1743826301
|switch|p2a: Raging Bolt|Raging Bolt|88/100|[from] U-turn
|-damage|p2a: Raging Bolt|76/100|[from] Stealth Rock
|
|-heal|p1a: Clefable|48/100|[from] item: Leftovers
|upkeep
|turn|20
|
|t:|1743826317
|move|p2a: Raging Bolt|Draco Meteor|p1a: Clefable
|-immune|p1a: Clefable
|move|p1a: Clefable|Wish|p1a: Clefable
|
|-heal|p1a: Clefable|55/100|[from] item: Leftovers
|upkeep
|turn|21
|
|t:|1743826324
|-end|p2a: Raging Bolt|Protosynthesis|[silent]
|switch|p2a: Iron Hands|Iron Hands|100/100
|-damage|p2a: Iron Hands|94/100|[from] Stealth Rock
|-enditem|p2a: Iron Hands|Booster Energy
|-activate|p2a: Iron Hands|ability: Quark Drive|[fromitem]
|-start|p2a: Iron Hands|quarkdriveatk
|move|p1a: Clefable|Moonblast|p2a: Iron Hands
|-supereffective|p2a: Iron Hands
|-crit|p2a: Iron Hands
|-damage|p2a: Iron Hands|2/100
|
|-heal|p1a: Clefable|100/100|[from] move: Wish|[wisher] Clefable
|upkeep
|turn|22
|-message|hei_mao666 forfeited.
|
|win|chemnuoc
|raw|chemnuoc's rating: 1118 &rarr; <strong>1142</strong><br />(+24 for winning)
|raw|hei_mao666's rating: 1106 &rarr; <strong>1082</strong><br />(-24 for losing)
|l|☆hei_mao666
|player|p2|
|l|☆chemnuoc
|player|p1|
