|j|☆stingraygucci
|j|☆ReaganSellsCrack
|t:|1743912499
|gametype|singles
|player|p1|stingraygucci|guitarist|1126
|player|p2|ReaganSellsCrack|backersf|1149
|teamsize|p1|6
|teamsize|p2|6
|gen|9
|tier|[Gen 9] OU
|rated|
|rule|HP Percentage Mod: HP is shown in percentages
|rule|Endless Battle Clause: Forcing endless battles is banned
|rule|Species Clause: Limit one of each Pokémon
|rule|OHKO Clause: OHKO moves are banned
|rule|Evasion Items Clause: Evasion items are banned
|rule|Evasion Moves Clause: Evasion moves are banned
|rule|Sleep Moves Clause: Sleep-inducing moves are banned
|clearpoke
|poke|p1|Ursaluna, M|
|poke|p1|Glastrier|
|poke|p1|Hatterene, F|
|poke|p1|Slowking-Galar, F|
|poke|p1|Cresselia, F|
|poke|p1|Iron Hands|
|poke|p2|Darkrai|
|poke|p2|Garchomp, F|
|poke|p2|Great Tusk|
|poke|p2|Moltres|
|poke|p2|Ogerpon-Wellspring, F|
|poke|p2|Pecharunt|
|teampreview
|inactive|Battle timer is ON: inactive players will automatically lose when time's up. (requested by stingraygucci)
|inactive|ReaganSellsCrack also wants the timer to be on.
|
|t:|1743912518
|start
|switch|p1a: Hatterene|Hatterene, F|100/100
|switch|p2a: Pecharunt|Pecharunt|100/100
|turn|1
|
|t:|1743912535
|move|p2a: Pecharunt|Malignant Chain|p1a: Hatterene
|-supereffective|p1a: Hatterene
|-damage|p1a: Hatterene|31/100
|-status|p1a: Hatterene|tox
|-start|p1a: Hatterene|confusion|[from] ability: Poison Puppeteer|[of] p2a: Pecharunt
|-activate|p1a: Hatterene|confusion
|-damage|p1a: Hatterene|22/100 tox|[from] confusion
|
|-damage|p1a: Hatterene|16/100 tox|[from] psn
|upkeep
|turn|2
|
|t:|1743912544
|move|p2a: Pecharunt|Hex|p1a: Hatterene
|-supereffective|p1a: Hatterene
|-damage|p1a: Hatterene|0 fnt
|faint|p1a: Hatterene
|
|upkeep
|
|t:|1743912551
|switch|p1a: Slowking|Slowking-Galar, F|100/100
|turn|3
|
|t:|1743912562
|move|p2a: Pecharunt|Parting Shot|p1a: Slowking
|-unboost|p1a: Slowking|atk|1
|-unboost|p1a: Slowking|spa|1
|
|t:|1743912568
|switch|p2a: Garchomp|Garchomp, F|100/100|[from] Parting Shot
|move|p1a: Slowking|Trick Room|p1a: Slowking
|-fieldstart|move: Trick Room|[of] p1a: Slowking
|
|upkeep
|turn|4
|
|t:|1743912583
|-prepare|p1a: Slowking|Chilly Reception|[premajor]
|move|p1a: Slowking|Chilly Reception|p1a: Slowking
|-weather|Snowscape
|
|t:|1743912605
|switch|p1a: Iron Hands|Iron Hands|100/100|[from] Chilly Reception
|-enditem|p1a: Iron Hands|Booster Energy
|-activate|p1a: Iron Hands|ability: Quark Drive|[fromitem]
|-start|p1a: Iron Hands|quarkdriveatk
|move|p2a: Garchomp|Stealth Rock|p1a: Iron Hands
|-sidestart|p1: stingraygucci|move: Stealth Rock
|
|-weather|Snowscape|[upkeep]
|upkeep
|turn|5
|
|t:|1743912619
|switch|p2a: Moltres|Moltres|100/100
|move|p1a: Iron Hands|Ice Punch|p2a: Moltres
|-damage|p2a: Moltres|65/100
|
|-weather|Snowscape|[upkeep]
|upkeep
|turn|6
|
|t:|1743912633
|move|p1a: Iron Hands|Thunder Punch|p2a: Moltres
|-supereffective|p2a: Moltres
|-damage|p2a: Moltres|0 fnt
|faint|p2a: Moltres
|
|-weather|Snowscape|[upkeep]
|upkeep
|
|t:|1743912636
|switch|p2a: Pecharunt|Pecharunt|100/100
|turn|7
|
|t:|1743912641
|move|p1a: Iron Hands|Supercell Slam|p2a: Pecharunt
|-damage|p2a: Pecharunt|61/100
|move|p2a: Pecharunt|Parting Shot|p1a: Iron Hands
|-unboost|p1a: Iron Hands|atk|1
|-unboost|p1a: Iron Hands|spa|1
|
|t:|1743912658
|switch|p2a: Darkrai|Darkrai|100/100|[from] Parting Shot
|
|-weather|Snowscape|[upkeep]
|-fieldend|move: Trick Room
|upkeep
|turn|8
|
|t:|1743912665
|switch|p2a: Garchomp|Garchomp, F|100/100
|move|p1a: Iron Hands|Drain Punch|p2a: Garchomp
|-damage|p2a: Garchomp|75/100
|-damage|p1a: Iron Hands|88/100|[from] ability: Rough Skin|[of] p2a: Garchomp
|-damage|p1a: Iron Hands|72/100|[from] item: Rocky Helmet|[of] p2a: Garchomp
|
|-weather|none
|upkeep
|turn|9
|
|t:|1743912684
|move|p1a: Iron Hands|Ice Punch|p2a: Garchomp
|-supereffective|p2a: Garchomp
|-damage|p2a: Garchomp|9/100
|-damage|p1a: Iron Hands|59/100|[from] ability: Rough Skin|[of] p2a: Garchomp
|-damage|p1a: Iron Hands|43/100|[from] item: Rocky Helmet|[of] p2a: Garchomp
|move|p2a: Garchomp|Dragon Tail|p1a: Iron Hands
|-damage|p1a: Iron Hands|24/100
|-end|p1a: Iron Hands|Quark Drive|[silent]
|drag|p1a: Ursaluna|Ursaluna, M|100/100
|-damage|p1a: Ursaluna|94/100|[from] Stealth Rock
|
|-status|p1a: Ursaluna|brn|[from] item: Flame Orb
|upkeep
|turn|10
|
|t:|1743912698
|switch|p1a: Cresselia|Cresselia, F|100/100
|-damage|p1a: Cresselia|88/100|[from] Stealth Rock
|move|p2a: Garchomp|Spikes|p1a: Cresselia
|-sidestart|p1: stingraygucci|Spikes
|
|upkeep
|turn|11
|
|t:|1743912705
|move|p2a: Garchomp|Spikes|p1a: Cresselia
|-sidestart|p1: stingraygucci|Spikes
|move|p1a: Cresselia|Trick Room|p1a: Cresselia
|-fieldstart|move: Trick Room|[of] p1a: Cresselia
|
|upkeep
|turn|12
|
|t:|1743912710
|move|p1a: Cresselia|Ice Beam|p2a: Garchomp
|-supereffective|p2a: Garchomp
|-damage|p2a: Garchomp|0 fnt
|faint|p2a: Garchomp
|
|upkeep
|
|t:|1743912722
|switch|p2a: Darkrai|Darkrai|100/100
|turn|13
|
|t:|1743912737
|move|p1a: Cresselia|Lunar Dance|p1a: Cresselia
|faint|p1a: Cresselia
|move|p2a: Darkrai|Dark Pulse|p1: Cresselia|[notarget]
|-fail|p2a: Darkrai
|
|upkeep
|
|t:|1743912742
|switch|p1a: Iron Hands|Iron Hands|24/100
|-heal|p1a: Iron Hands|100/100|[from] move: Lunar Dance
|-damage|p1a: Iron Hands|94/100|[from] Stealth Rock
|-damage|p1a: Iron Hands|78/100|[from] Spikes
|turn|14
|
|t:|1743912753
|switch|p2a: Great Tusk|Great Tusk|100/100
|move|p1a: Iron Hands|Supercell Slam|p2a: Great Tusk
|-immune|p2a: Great Tusk
|-damage|p1a: Iron Hands|28/100|[from] supercellslam
|
|upkeep
|turn|15
|
|t:|1743912764
|move|p1a: Iron Hands|Ice Punch|p2a: Great Tusk
|-supereffective|p2a: Great Tusk
|-damage|p2a: Great Tusk|57/100
|move|p2a: Great Tusk|Rapid Spin|p1a: Iron Hands
|-damage|p1a: Iron Hands|15/100
|-boost|p2a: Great Tusk|spe|1
|
|-fieldend|move: Trick Room
|upkeep
|turn|16
|
|t:|1743912779
|move|p2a: Great Tusk|Ice Spinner|p1a: Iron Hands
|-damage|p1a: Iron Hands|0 fnt
|faint|p1a: Iron Hands
|-end|p1a: Iron Hands|Quark Drive|[silent]
|
|upkeep
|
|t:|1743912785
|switch|p1a: Slowking|Slowking-Galar, F|100/100
|-damage|p1a: Slowking|88/100|[from] Stealth Rock
|-damage|p1a: Slowking|72/100|[from] Spikes
|turn|17
|
|t:|1743912804
|move|p2a: Great Tusk|Headlong Rush|p1a: Slowking
|-supereffective|p1a: Slowking
|-damage|p1a: Slowking|0 fnt
|-unboost|p2a: Great Tusk|def|1
|-unboost|p2a: Great Tusk|spd|1
|faint|p1a: Slowking
|
|upkeep
|
|t:|1743912812
|switch|p1a: Big Chill|Glastrier|100/100
|turn|18
|
|t:|1743912827
|move|p2a: Great Tusk|Temper Flare|p1a: Big Chill
|-supereffective|p1a: Big Chill
|-damage|p1a: Big Chill|65/100
|move|p1a: Big Chill|Icicle Crash|p2a: Great Tusk|[miss]
|-miss|p1a: Big Chill|p2a: Great Tusk
|
|upkeep
|turn|19
|
|t:|1743912843
|move|p2a: Great Tusk|Headlong Rush|p1a: Big Chill
|-crit|p1a: Big Chill
|-damage|p1a: Big Chill|5/100
|-unboost|p2a: Great Tusk|def|1
|-unboost|p2a: Great Tusk|spd|1
|move|p1a: Big Chill|Icicle Crash|p2a: Great Tusk
|-supereffective|p2a: Great Tusk
|-damage|p2a: Great Tusk|0 fnt
|faint|p2a: Great Tusk
|-end|p2a: Great Tusk|Protosynthesis|[silent]
|-ability|p1a: Big Chill|Chilling Neigh|boost
|-boost|p1a: Big Chill|atk|1
|
|upkeep
|
|t:|1743912858
|switch|p2a: Ogerpon|Ogerpon-Wellspring, F|100/100
|turn|20
|
|t:|1743912865
|move|p2a: Ogerpon|Ivy Cudgel|p1a: Big Chill|[anim] Ivy Cudgel Water
|-damage|p1a: Big Chill|0 fnt
|faint|p1a: Big Chill
|
|upkeep
|
|t:|1743912870
|switch|p1a: Ursaluna|Ursaluna, M|94/100 brn
|-damage|p1a: Ursaluna|88/100 brn|[from] Stealth Rock
|-damage|p1a: Ursaluna|72/100 brn|[from] Spikes
|turn|21
|
|t:|1743912883
|-terastallize|p2a: Ogerpon|Water
|detailschange|p2a: Ogerpon|Ogerpon-Wellspring-Tera, F, tera:Water
|-ability|p2a: Ogerpon|Embody Aspect (Wellspring)|boost
|-boost|p2a: Ogerpon|spd|1
|move|p2a: Ogerpon|Ivy Cudgel|p1a: Ursaluna|[anim] Ivy Cudgel Water
|-supereffective|p1a: Ursaluna
|-crit|p1a: Ursaluna
|-damage|p1a: Ursaluna|0 fnt
|faint|p1a: Ursaluna
|
|win|ReaganSellsCrack
|raw|stingraygucci's rating: 1126 &rarr; <strong>1103</strong><br />(-23 for losing)
|raw|ReaganSellsCrack's rating: 1149 &rarr; <strong>1172</strong><br />(+23 for winning)
|l|☆stingraygucci
|player|p1|
