|j|☆mmmyyy
|j|☆highscore59
|t:|1743859281
|gametype|singles
|player|p1|mmmyyy|dawn|1175
|player|p2|highscore59|giovanni|1123
|teamsize|p1|6
|teamsize|p2|6
|gen|9
|tier|[Gen 9] OU
|rated|
|rule|HP Percentage Mod: HP is shown in percentages
|rule|Endless Battle Clause: Forcing endless battles is banned
|rule|Species Clause: Limit one of each Pokémon
|rule|OHKO Clause: OHKO moves are banned
|rule|Evasion Items Clause: Evasion items are banned
|rule|Evasion Moves Clause: Evasion moves are banned
|rule|Sleep Moves Clause: Sleep-inducing moves are banned
|clearpoke
|poke|p1|Iron Crown|
|poke|p1|Garganacl, F|
|poke|p1|Enamorus-Therian, F|
|poke|p1|Landorus-Therian, M|
|poke|p1|Volcanion|
|poke|p1|Zamazenta-*|
|poke|p2|Minior-Indigo|
|poke|p2|Shaymin|
|poke|p2|Hariyama, F|
|poke|p2|Wigglytuff, F|
|poke|p2|Bellossom, M|
|poke|p2|Cetitan, F|
|teampreview
|inactive|Battle timer is ON: inactive players will automatically lose when time's up. (requested by highscore59)
|
|t:|1743859295
|start
|switch|p1a: Landorus|Landorus-Therian, M|100/100
|switch|p2a: Wigglytuff|Wigglytuff, F|100/100
|-ability|p1a: Landorus|Intimidate|boost
|-unboost|p2a: Wigglytuff|atk|1
|-ability|p2a: Wigglytuff|Competitive|boost
|-boost|p2a: Wigglytuff|spa|2
|turn|1
|
|t:|1743859304
|move|p1a: Landorus|Stealth Rock|p2a: Wigglytuff
|-sidestart|p2: highscore59|move: Stealth Rock
|move|p2a: Wigglytuff|Taunt|p1a: Landorus
|-start|p1a: Landorus|move: Taunt
|
|upkeep
|turn|2
|
|t:|1743859310
|move|p1a: Landorus|Earthquake|p2a: Wigglytuff
|-damage|p2a: Wigglytuff|16/100
|move|p2a: Wigglytuff|Alluring Voice|p1a: Landorus
|-damage|p1a: Landorus|35/100
|
|-heal|p2a: Wigglytuff|22/100|[from] item: Leftovers
|upkeep
|turn|3
|
|t:|1743859318
|switch|p2a: Minior|Minior-Indigo|100/100
|-damage|p2a: Minior|76/100|[from] Stealth Rock
|-formechange|p2a: Minior|Minior-Meteor||[from] ability: Shields Down
|move|p1a: Landorus|U-turn|p2a: Minior
|-resisted|p2a: Minior
|-damage|p2a: Minior|56/100
|
|t:|1743859332
|switch|p1a: Zamazenta|Zamazenta|100/100|[from] U-turn
|-ability|p1a: Zamazenta|Dauntless Shield|boost
|-boost|p1a: Zamazenta|def|1
|
|-heal|p2a: Minior|63/100|[from] item: Leftovers
|upkeep
|turn|4
|
|t:|1743859345
|move|p1a: Zamazenta|Agility|p1a: Zamazenta
|-boost|p1a: Zamazenta|spe|2
|move|p2a: Minior|Acrobatics|p1a: Zamazenta
|-supereffective|p1a: Zamazenta
|-damage|p1a: Zamazenta|79/100
|-enditem|p1a: Zamazenta|Weakness Policy
|-boost|p1a: Zamazenta|atk|2|[from] item: Weakness Policy
|-boost|p1a: Zamazenta|spa|2|[from] item: Weakness Policy
|
|-heal|p2a: Minior|69/100|[from] item: Leftovers
|upkeep
|turn|5
|-message|highscore59 forfeited.
|
|win|mmmyyy
|raw|mmmyyy's rating: 1175 &rarr; <strong>1196</strong><br />(+21 for winning)
|raw|highscore59's rating: 1123 &rarr; <strong>1102</strong><br />(-21 for losing)
|l|☆highscore59
|player|p2|
|l|☆mmmyyy
|player|p1|
