|j|☆j.quin88
|j|☆MegaMHX
|t:|1743864303
|gametype|singles
|player|p1|j.quin88|hiker-gen4|1464
|player|p2|MegaMHX|sada-ai|1516
|teamsize|p1|6
|teamsize|p2|6
|gen|9
|tier|[Gen 9] OU
|rated|
|rule|HP Percentage Mod: HP is shown in percentages
|rule|Endless Battle Clause: Forcing endless battles is banned
|rule|Species Clause: Limit one of each Pokémon
|rule|OHKO Clause: OHKO moves are banned
|rule|Evasion Items Clause: Evasion items are banned
|rule|Evasion Moves Clause: Evasion moves are banned
|rule|Sleep Moves Clause: Sleep-inducing moves are banned
|clearpoke
|poke|p1|Pecharunt|
|poke|p1|Ting-Lu|
|poke|p1|Raging Bolt|
|poke|p1|Zamazenta-*|
|poke|p1|Tinkaton, F|
|poke|p1|Ogerpon-Wellspring, F|
|poke|p2|Crawdaunt, F|
|poke|p2|Lokix, M|
|poke|p2|Iron Moth|
|poke|p2|Iron Treads|
|poke|p2|Raging Bolt|
|poke|p2|Enamorus, F|
|teampreview
|inactive|Battle timer is ON: inactive players will automatically lose when time's up. (requested by j.quin88)
|
|t:|1743864328
|start
|switch|p1a: Ting-Lu|Ting-Lu|100/100
|switch|p2a: Crawdaunt|Crawdaunt, F|100/100
|-ability|p1a: Ting-Lu|Vessel of Ruin
|turn|1
|
|t:|1743864339
|switch|p1a: Ogerpon|Ogerpon-Wellspring, F|100/100
|move|p2a: Crawdaunt|Liquidation|p1a: Ogerpon
|-immune|p1a: Ogerpon|[from] ability: Water Absorb
|
|upkeep
|turn|2
|
|t:|1743864350
|switch|p2a: Lokix|Lokix, M|100/100
|move|p1a: Ogerpon|Swords Dance|p1a: Ogerpon
|-boost|p1a: Ogerpon|atk|2
|
|upkeep
|turn|3
|
|t:|1743864355
|-terastallize|p1a: Ogerpon|Water
|detailschange|p1a: Ogerpon|Ogerpon-Wellspring-Tera, F, tera:Water
|-ability|p1a: Ogerpon|Embody Aspect (Wellspring)|boost
|-boost|p1a: Ogerpon|spd|1
|move|p2a: Lokix|First Impression|p1a: Ogerpon
|-damage|p1a: Ogerpon|51/100
|move|p1a: Ogerpon|Ivy Cudgel|p2a: Lokix|[anim] Ivy Cudgel Water
|-damage|p2a: Lokix|0 fnt
|faint|p2a: Lokix
|
|upkeep
|inactive|MegaMHX has 120 seconds left.
|
|t:|1743864388
|switch|p2a: Raging Bolt|Raging Bolt|100/100
|turn|4
|
|t:|1743864396
|switch|p1a: Ting-Lu|Ting-Lu|100/100
|-ability|p1a: Ting-Lu|Vessel of Ruin
|move|p2a: Raging Bolt|Thunderbolt|p1a: Ting-Lu
|-immune|p1a: Ting-Lu
|
|upkeep
|turn|5
|
|t:|1743864403
|-end|p2a: Raging Bolt|Protosynthesis|[silent]
|switch|p2a: Crawdaunt|Crawdaunt, F|100/100
|move|p1a: Ting-Lu|Stealth Rock|p2a: Crawdaunt
|-sidestart|p2: MegaMHX|move: Stealth Rock
|
|upkeep
|turn|6
|
|t:|1743864409
|switch|p1a: Ogerpon|Ogerpon-Wellspring-Tera, F, tera:Water|51/100
|-ability|p1a: Ogerpon|Embody Aspect (Wellspring)|boost
|-boost|p1a: Ogerpon|spd|1
|move|p2a: Crawdaunt|Knock Off|p1a: Ogerpon
|-damage|p1a: Ogerpon|0 fnt
|faint|p1a: Ogerpon
|
|upkeep
|
|t:|1743864418
|switch|p1a: Zamazenta|Zamazenta|100/100
|-ability|p1a: Zamazenta|Dauntless Shield|boost
|-boost|p1a: Zamazenta|def|1
|turn|7
|
|t:|1743864425
|switch|p2a: Enamorus|Enamorus, F|100/100
|move|p1a: Zamazenta|Close Combat|p2a: Enamorus
|-resisted|p2a: Enamorus
|-damage|p2a: Enamorus|77/100
|-unboost|p1a: Zamazenta|def|1
|-unboost|p1a: Zamazenta|spd|1
|
|upkeep
|turn|8
|
|t:|1743864439
|-terastallize|p2a: Enamorus|Steel
|move|p1a: Zamazenta|Heavy Slam|p2a: Enamorus
|-resisted|p2a: Enamorus
|-damage|p2a: Enamorus|49/100
|move|p2a: Enamorus|Moonblast|p1a: Zamazenta
|-supereffective|p1a: Zamazenta
|-damage|p1a: Zamazenta|0 fnt
|faint|p1a: Zamazenta
|
|upkeep
|
|t:|1743864454
|switch|p1a: Ting-Lu|Ting-Lu|100/100
|-ability|p1a: Ting-Lu|Vessel of Ruin
|turn|9
|
|t:|1743864457
|move|p2a: Enamorus|Superpower|p1a: Ting-Lu
|-supereffective|p1a: Ting-Lu
|-damage|p1a: Ting-Lu|70/100
|-boost|p2a: Enamorus|atk|1
|-boost|p2a: Enamorus|def|1
|move|p1a: Ting-Lu|Ruination|p2a: Enamorus
|-damage|p2a: Enamorus|25/100
|
|-heal|p1a: Ting-Lu|76/100|[from] item: Leftovers
|upkeep
|turn|10
|
|t:|1743864465
|move|p2a: Enamorus|Superpower|p1a: Ting-Lu
|-supereffective|p1a: Ting-Lu
|-damage|p1a: Ting-Lu|30/100
|-boost|p2a: Enamorus|atk|1
|-boost|p2a: Enamorus|def|1
|move|p1a: Ting-Lu|Whirlwind|p2a: Enamorus
|drag|p2a: Iron Treads|Iron Treads|100/100
|-damage|p2a: Iron Treads|97/100|[from] Stealth Rock
|-enditem|p2a: Iron Treads|Booster Energy
|-activate|p2a: Iron Treads|ability: Quark Drive|[fromitem]
|-start|p2a: Iron Treads|quarkdrivespe
|
|-heal|p1a: Ting-Lu|36/100|[from] item: Leftovers
|upkeep
|turn|11
|
|t:|1743864476
|switch|p1a: Pecharunt|Pecharunt|100/100
|move|p2a: Iron Treads|Stealth Rock|p1a: Pecharunt
|-sidestart|p1: j.quin88|move: Stealth Rock
|
|upkeep
|turn|12
|
|t:|1743864481
|move|p2a: Iron Treads|Earthquake|p1a: Pecharunt
|-supereffective|p1a: Pecharunt
|-damage|p1a: Pecharunt|59/100
|move|p1a: Pecharunt|Hex|p2a: Iron Treads
|-damage|p2a: Iron Treads|68/100
|
|upkeep
|turn|13
|
|t:|1743864489
|switch|p1a: Ting-Lu|Ting-Lu|36/100
|-damage|p1a: Ting-Lu|30/100|[from] Stealth Rock
|-ability|p1a: Ting-Lu|Vessel of Ruin
|move|p2a: Iron Treads|Earthquake|p1a: Ting-Lu
|-damage|p1a: Ting-Lu|3/100
|
|-heal|p1a: Ting-Lu|9/100|[from] item: Leftovers
|upkeep
|turn|14
|
|t:|1743864497
|move|p2a: Iron Treads|Earthquake|p1a: Ting-Lu
|-damage|p1a: Ting-Lu|0 fnt
|faint|p1a: Ting-Lu
|
|upkeep
|
|t:|1743864503
|switch|p1a: Tinkaton|Tinkaton, F|100/100
|-damage|p1a: Tinkaton|94/100|[from] Stealth Rock
|-ability|p1a: Tinkaton|Mold Breaker
|-item|p1a: Tinkaton|Air Balloon
|turn|15
|
|t:|1743864509
|move|p2a: Iron Treads|Rapid Spin|p1a: Tinkaton
|-resisted|p1a: Tinkaton
|-damage|p1a: Tinkaton|84/100
|-boost|p2a: Iron Treads|spe|1
|-enditem|p1a: Tinkaton|Air Balloon
|-sideend|p2: MegaMHX|Stealth Rock|[from] move: Rapid Spin|[of] p2a: Iron Treads
|move|p1a: Tinkaton|Knock Off|p2a: Iron Treads
|-damage|p2a: Iron Treads|57/100
|
|upkeep
|turn|16
|-message|j.quin88 forfeited.
|
|win|MegaMHX
|raw|j.quin88's rating: 1464 &rarr; <strong>1447</strong><br />(-17 for losing)
|raw|MegaMHX's rating: 1516 &rarr; <strong>1533</strong><br />(+17 for winning)
|l|☆j.quin88
|player|p1|
|l|☆MegaMHX
|player|p2|
