|j|☆Jordi76
|j|☆attentif
|t:|1743880992
|gametype|singles
|player|p1|Jordi76|170|1370
|player|p2|attentif|wallace|1384
|teamsize|p1|6
|teamsize|p2|6
|gen|9
|tier|[Gen 9] OU
|rated|
|rule|HP Percentage Mod: HP is shown in percentages
|rule|Endless Battle Clause: Forcing endless battles is banned
|rule|Species Clause: Limit one of each Pokémon
|rule|OHKO Clause: OHKO moves are banned
|rule|Evasion Items Clause: Evasion items are banned
|rule|Evasion Moves Clause: Evasion moves are banned
|rule|Sleep Moves Clause: Sleep-inducing moves are banned
|clearpoke
|poke|p1|Tinkaton, F|
|poke|p1|Darkrai|
|poke|p1|Gliscor, F|
|poke|p1|Dragonite, M|
|poke|p1|Ting-Lu|
|poke|p1|Sinistcha-Masterpiece|
|poke|p2|Darkrai|
|poke|p2|Gliscor, M|
|poke|p2|Gholdengo|
|poke|p2|Kyurem|
|poke|p2|Quaquaval, F|
|poke|p2|Clefable, M|
|teampreview
|inactive|Battle timer is ON: inactive players will automatically lose when time's up. (requested by attentif)
|
|t:|1743881010
|start
|switch|p1a: Tinkaton|Tinkaton, F|100/100
|switch|p2a: Darkrai|Darkrai|100/100
|-ability|p1a: Tinkaton|Mold Breaker
|-item|p1a: Tinkaton|Air Balloon
|turn|1
|
|t:|1743881015
|move|p2a: Darkrai|Will-O-Wisp|p1a: Tinkaton
|-status|p1a: Tinkaton|brn
|move|p1a: Tinkaton|Thunder Wave|p2a: Darkrai
|-status|p2a: Darkrai|par
|
|-damage|p1a: Tinkaton|94/100 brn|[from] brn
|upkeep
|turn|2
|
|t:|1743881025
|switch|p2a: Gliscor|Gliscor, M|100/100
|move|p1a: Tinkaton|Stealth Rock|p2a: Gliscor
|-sidestart|p2: attentif|move: Stealth Rock
|
|-damage|p1a: Tinkaton|88/100 brn|[from] brn
|-status|p2a: Gliscor|tox|[from] item: Toxic Orb
|upkeep
|turn|3
|
|t:|1743881042
|move|p1a: Tinkaton|Gigaton Hammer|p2a: Gliscor
|-damage|p2a: Gliscor|86/100 tox
|move|p2a: Gliscor|Spikes|p1a: Tinkaton
|-sidestart|p1: Jordi76|Spikes
|
|-heal|p2a: Gliscor|99/100 tox|[from] ability: Poison Heal
|-damage|p1a: Tinkaton|82/100 brn|[from] brn
|upkeep
|turn|4
|
|t:|1743881047
|move|p1a: Tinkaton|Encore|p2a: Gliscor
|-start|p2a: Gliscor|Encore
|move|p2a: Gliscor|Spikes|p1a: Tinkaton
|-sidestart|p1: Jordi76|Spikes
|
|-heal|p2a: Gliscor|100/100 tox|[from] ability: Poison Heal
|-damage|p1a: Tinkaton|76/100 brn|[from] brn
|upkeep
|turn|5
|
|t:|1743881049
|switch|p1a: Darkrai|Darkrai|100/100
|move|p2a: Gliscor|Spikes|p1a: Darkrai
|-sidestart|p1: Jordi76|Spikes
|
|upkeep
|turn|6
|
|t:|1743881055
|switch|p2a: Clefable|Clefable, M|100/100
|move|p1a: Darkrai|Ice Beam|p2a: Clefable
|-damage|p2a: Clefable|70/100
|
|-heal|p2a: Clefable|76/100|[from] item: Leftovers
|upkeep
|turn|7
|
|t:|1743881061
|move|p1a: Darkrai|Sludge Bomb|p2a: Clefable
|-supereffective|p2a: Clefable
|-damage|p2a: Clefable|21/100
|move|p2a: Clefable|Stealth Rock|p1a: Darkrai
|-sidestart|p1: Jordi76|move: Stealth Rock
|
|-heal|p2a: Clefable|27/100|[from] item: Leftovers
|upkeep
|turn|8
|
|t:|1743881067
|switch|p2a: Gliscor|Gliscor, M|100/100 tox
|-damage|p2a: Gliscor|88/100 tox|[from] Stealth Rock
|move|p1a: Darkrai|Sludge Bomb|p2a: Gliscor
|-resisted|p2a: Gliscor
|-damage|p2a: Gliscor|69/100 tox
|
|-heal|p2a: Gliscor|81/100 tox|[from] ability: Poison Heal
|upkeep
|turn|9
|
|t:|1743881070
|move|p2a: Gliscor|Protect|p2a: Gliscor
|-singleturn|p2a: Gliscor|Protect
|move|p1a: Darkrai|Ice Beam|p2a: Gliscor
|-activate|p2a: Gliscor|move: Protect
|
|-heal|p2a: Gliscor|94/100 tox|[from] ability: Poison Heal
|upkeep
|turn|10
|
|t:|1743881076
|switch|p2a: Quaquaval|Quaquaval, F|100/100
|-damage|p2a: Quaquaval|94/100|[from] Stealth Rock
|move|p1a: Darkrai|Dark Pulse|p2a: Quaquaval
|-resisted|p2a: Quaquaval
|-damage|p2a: Quaquaval|75/100
|
|upkeep
|turn|11
|
|t:|1743881085
|move|p1a: Darkrai|Will-O-Wisp|p2a: Quaquaval
|-status|p2a: Quaquaval|brn
|move|p2a: Quaquaval|Rapid Spin|p1a: Darkrai
|-damage|p1a: Darkrai|89/100
|-boost|p2a: Quaquaval|spe|1
|-sideend|p2: attentif|Stealth Rock|[from] move: Rapid Spin|[of] p2a: Quaquaval
|
|-damage|p2a: Quaquaval|69/100 brn|[from] brn
|upkeep
|turn|12
|
|t:|1743881093
|move|p2a: Quaquaval|Close Combat|p1a: Darkrai
|-supereffective|p1a: Darkrai
|-damage|p1a: Darkrai|8/100
|-unboost|p2a: Quaquaval|def|1
|-unboost|p2a: Quaquaval|spd|1
|move|p1a: Darkrai|Sludge Bomb|p2a: Quaquaval
|-damage|p2a: Quaquaval|21/100 brn
|
|-damage|p2a: Quaquaval|15/100 brn|[from] brn
|upkeep
|turn|13
|
|t:|1743881105
|switch|p1a: Gliscor|Gliscor, F|100/100
|-damage|p1a: Gliscor|88/100|[from] Stealth Rock
|move|p2a: Quaquaval|Rapid Spin|p1a: Gliscor
|-damage|p1a: Gliscor|81/100
|-boost|p2a: Quaquaval|spe|1
|
|-damage|p2a: Quaquaval|9/100 brn|[from] brn
|-status|p1a: Gliscor|tox|[from] item: Toxic Orb
|upkeep
|turn|14
|
|t:|1743881117
|move|p1a: Gliscor|Protect|p1a: Gliscor
|-singleturn|p1a: Gliscor|Protect
|move|p2a: Quaquaval|Aqua Step|p1a: Gliscor
|-activate|p1a: Gliscor|move: Protect
|
|-heal|p1a: Gliscor|93/100 tox|[from] ability: Poison Heal
|-damage|p2a: Quaquaval|2/100 brn|[from] brn
|upkeep
|turn|15
|
|t:|1743881127
|switch|p1a: Sinistcha|Sinistcha-Masterpiece|100/100
|move|p2a: Quaquaval|Aqua Step|p1a: Sinistcha
|-resisted|p1a: Sinistcha
|-damage|p1a: Sinistcha|93/100
|-boost|p2a: Quaquaval|spe|1
|
|-damage|p2a: Quaquaval|0 fnt|[from] brn
|faint|p2a: Quaquaval
|upkeep
|
|t:|1743881132
|switch|p2a: Kyurem|Kyurem|100/100
|-ability|p2a: Kyurem|Pressure
|turn|16
|
|t:|1743881150
|move|p2a: Kyurem|Ice Beam|p1a: Sinistcha
|-supereffective|p1a: Sinistcha
|-damage|p1a: Sinistcha|0 fnt
|faint|p1a: Sinistcha
|
|upkeep
|
|t:|1743881153
|switch|p1a: Dragonite|Dragonite, M|100/100
|turn|17
|
|t:|1743881158
|move|p2a: Kyurem|Ice Beam|p1a: Dragonite
|-supereffective|p1a: Dragonite
|-crit|p1a: Dragonite
|-damage|p1a: Dragonite|0 fnt
|faint|p1a: Dragonite
|
|upkeep
|-message|Jordi76 forfeited.
|
|win|attentif
|raw|Jordi76's rating: 1370 &rarr; <strong>1351</strong><br />(-19 for losing)
|raw|attentif's rating: 1384 &rarr; <strong>1403</strong><br />(+19 for winning)
|l|☆Jordi76
|player|p1|
