|j|☆superbigmariofan1
|j|☆cerberus sama
|t:|1743891120
|gametype|singles
|player|p1|superbigmariofan1|iris-gen5bw2|1641
|player|p2|cerberus sama|1|1654
|teamsize|p1|6
|teamsize|p2|6
|gen|9
|tier|[Gen 9] OU
|rated|
|rule|HP Percentage Mod: HP is shown in percentages
|rule|Endless Battle Clause: Forcing endless battles is banned
|rule|Species Clause: Limit one of each Pokémon
|rule|OHKO Clause: OHKO moves are banned
|rule|Evasion Items Clause: Evasion items are banned
|rule|Evasion Moves Clause: Evasion moves are banned
|rule|Sleep Moves Clause: Sleep-inducing moves are banned
|clearpoke
|poke|p1|Hydrapple, F|
|poke|p1|Tinkaton, F|
|poke|p1|Moltres|
|poke|p1|Rotom-Wash|
|poke|p1|Great Tusk|
|poke|p1|Darkrai|
|poke|p2|Garganacl, F|
|poke|p2|Great Tusk|
|poke|p2|Clodsire, M|
|poke|p2|Landorus-Therian, M|
|poke|p2|Iron Valiant|
|poke|p2|Goodra-Hisui, F|
|teampreview
|inactive|Battle timer is ON: inactive players will automatically lose when time's up. (requested by superbigmariofan1)
|inactive|cerberus sama also wants the timer to be on.
|
|t:|1743891150
|start
|switch|p1a: Great Tusk|Great Tusk|100/100
|switch|p2a: Iron Valiant|Iron Valiant|100/100
|turn|1
|
|t:|1743891155
|-end|p1a: Great Tusk|Protosynthesis|[silent]
|switch|p1a: Moltres|Moltres|100/100
|move|p2a: Iron Valiant|Moonblast|p1a: Moltres
|-resisted|p1a: Moltres
|-damage|p1a: Moltres|82/100
|
|upkeep
|turn|2
|
|t:|1743891166
|-end|p2a: Iron Valiant|Quark Drive|[silent]
|switch|p2a: Landorus|Landorus-Therian, M|100/100
|-ability|p2a: Landorus|Intimidate|boost
|-unboost|p1a: Moltres|atk|1
|move|p1a: Moltres|U-turn|p2a: Landorus
|-resisted|p2a: Landorus
|-damage|p2a: Landorus|95/100
|
|t:|1743891170
|switch|p1a: Darkrai|Darkrai|100/100|[from] U-turn
|
|-heal|p2a: Landorus|100/100|[from] item: Leftovers
|upkeep
|turn|3
|
|t:|1743891172
|switch|p2a: Goodra|Goodra-Hisui, F|100/100
|move|p1a: Darkrai|Ice Beam|p2a: Goodra
|-damage|p2a: Goodra|80/100
|
|-heal|p2a: Goodra|86/100|[from] item: Leftovers
|upkeep
|turn|4
|
|t:|1743891177
|switch|p1a: Tinkaton|Tinkaton, F|100/100
|-ability|p1a: Tinkaton|Mold Breaker
|move|p2a: Goodra|Acid Armor|p2a: Goodra
|-boost|p2a: Goodra|def|2
|
|-heal|p2a: Goodra|93/100|[from] item: Leftovers
|upkeep
|turn|5
|
|t:|1743891180
|move|p1a: Tinkaton|Encore|p2a: Goodra
|-start|p2a: Goodra|Encore
|move|p2a: Goodra|Acid Armor|p2a: Goodra
|-boost|p2a: Goodra|def|2
|
|-heal|p2a: Goodra|99/100|[from] item: Leftovers
|upkeep
|turn|6
|
|t:|1743891183
|switch|p2a: Landorus|Landorus-Therian, M|100/100
|-ability|p2a: Landorus|Intimidate|boost
|-unboost|p1a: Tinkaton|atk|1
|move|p1a: Tinkaton|Knock Off|p2a: Landorus
|-damage|p2a: Landorus|88/100
|-enditem|p2a: Landorus|Leftovers|[from] move: Knock Off|[of] p1a: Tinkaton
|
|upkeep
|turn|7
|
|t:|1743891188
|switch|p1a: Darkrai|Darkrai|100/100
|move|p2a: Landorus|Sludge Bomb|p1a: Darkrai
|-damage|p1a: Darkrai|63/100
|
|-heal|p1a: Darkrai|69/100|[from] item: Leftovers
|upkeep
|turn|8
|
|t:|1743891198
|switch|p2a: Clodsire|Clodsire, M|100/100
|move|p1a: Darkrai|Ice Beam|p2a: Clodsire
|-supereffective|p2a: Clodsire
|-damage|p2a: Clodsire|66/100
|
|-heal|p1a: Darkrai|75/100|[from] item: Leftovers
|-heal|p2a: Clodsire|72/100|[from] item: Black Sludge
|upkeep
|turn|9
|
|t:|1743891203
|switch|p1a: Tinkaton|Tinkaton, F|100/100
|-ability|p1a: Tinkaton|Mold Breaker
|move|p2a: Clodsire|Toxic|p1a: Tinkaton
|-immune|p1a: Tinkaton
|
|-heal|p2a: Clodsire|79/100|[from] item: Black Sludge
|upkeep
|turn|10
|
|t:|1743891225
|switch|p1a: Rotom|Rotom-Wash|100/100
|move|p2a: Clodsire|Stealth Rock|p1a: Rotom
|-sidestart|p1: superbigmariofan1|move: Stealth Rock
|
|-heal|p2a: Clodsire|85/100|[from] item: Black Sludge
|upkeep
|turn|11
|
|t:|1743891227
|move|p1a: Rotom|Will-O-Wisp|p2a: Clodsire
|-status|p2a: Clodsire|brn
|move|p2a: Clodsire|Toxic|p1a: Rotom
|-status|p1a: Rotom|tox
|
|-heal|p2a: Clodsire|91/100 brn|[from] item: Black Sludge
|-damage|p1a: Rotom|95/100 tox|[from] psn
|-damage|p2a: Clodsire|85/100 brn|[from] brn
|upkeep
|turn|12
|
|t:|1743891231
|move|p1a: Rotom|Hydro Pump|p2a: Clodsire
|-heal|p2a: Clodsire|100/100 brn|[from] ability: Water Absorb|[of] p1a: Rotom
|move|p2a: Clodsire|Toxic|p1a: Rotom
|-fail|p1a: Rotom|tox
|
|-damage|p1a: Rotom|83/100 tox|[from] psn
|-damage|p2a: Clodsire|94/100 brn|[from] brn
|upkeep
|turn|13
|
|t:|1743891237
|switch|p1a: Great Tusk|Great Tusk|100/100
|switch|p2a: Landorus|Landorus-Therian, M|88/100
|-ability|p2a: Landorus|Intimidate|boost
|-unboost|p1a: Great Tusk|atk|1
|
|upkeep
|turn|14
|
|t:|1743891240
|move|p2a: Landorus|Grass Knot|p1a: Great Tusk
|-supereffective|p1a: Great Tusk
|-damage|p1a: Great Tusk|0 fnt
|faint|p1a: Great Tusk
|-end|p1a: Great Tusk|Protosynthesis|[silent]
|
|upkeep
|
|t:|1743891243
|switch|p1a: Darkrai|Darkrai|75/100
|-damage|p1a: Darkrai|63/100|[from] Stealth Rock
|turn|15
|
|t:|1743891246
|switch|p2a: Goodra|Goodra-Hisui, F|99/100
|move|p1a: Darkrai|Nasty Plot|p1a: Darkrai
|-boost|p1a: Darkrai|spa|2
|
|-heal|p1a: Darkrai|69/100|[from] item: Leftovers
|-heal|p2a: Goodra|100/100|[from] item: Leftovers
|upkeep
|turn|16
|
|t:|1743891250
|move|p1a: Darkrai|Dark Pulse|p2a: Goodra
|-crit|p2a: Goodra
|-damage|p2a: Goodra|9/100
|cant|p2a: Goodra|flinch
|
|-heal|p1a: Darkrai|75/100|[from] item: Leftovers
|-heal|p2a: Goodra|15/100|[from] item: Leftovers
|upkeep
|turn|17
|
|t:|1743891253
|move|p1a: Darkrai|Dark Pulse|p2a: Goodra
|-damage|p2a: Goodra|0 fnt
|faint|p2a: Goodra
|
|-heal|p1a: Darkrai|81/100|[from] item: Leftovers
|upkeep
|
|t:|1743891257
|switch|p2a: Iron Valiant|Iron Valiant|100/100
|turn|18
|
|t:|1743891260
|switch|p1a: Moltres|Moltres|82/100
|move|p2a: Iron Valiant|Aura Sphere|p1a: Moltres
|-resisted|p1a: Moltres
|-damage|p1a: Moltres|69/100
|
|upkeep
|turn|19
|
|t:|1743891267
|-end|p2a: Iron Valiant|Quark Drive|[silent]
|switch|p2a: Landorus|Landorus-Therian, M|88/100
|-ability|p2a: Landorus|Intimidate|boost
|-unboost|p1a: Moltres|atk|1
|move|p1a: Moltres|U-turn|p2a: Landorus
|-resisted|p2a: Landorus
|-damage|p2a: Landorus|82/100
|
|t:|1743891276
|switch|p1a: Darkrai|Darkrai|81/100|[from] U-turn
|-damage|p1a: Darkrai|68/100|[from] Stealth Rock
|
|-heal|p1a: Darkrai|75/100|[from] item: Leftovers
|upkeep
|turn|20
|
|t:|1743891278
|move|p1a: Darkrai|Ice Beam|p2a: Landorus
|-supereffective|p2a: Landorus
|-damage|p2a: Landorus|0 fnt
|faint|p2a: Landorus
|
|-heal|p1a: Darkrai|81/100|[from] item: Leftovers
|upkeep
|
|t:|1743891281
|switch|p2a: Iron Valiant|Iron Valiant|100/100
|turn|21
|
|t:|1743891288
|switch|p1a: Tinkaton|Tinkaton, F|100/100
|-damage|p1a: Tinkaton|94/100|[from] Stealth Rock
|-ability|p1a: Tinkaton|Mold Breaker
|move|p2a: Iron Valiant|Trick|p1a: Tinkaton
|-activate|p2a: Iron Valiant|move: Trick|[of] p1a: Tinkaton
|-item|p1a: Tinkaton|Choice Scarf|[from] move: Trick
|-item|p2a: Iron Valiant|Leftovers|[from] move: Trick
|
|upkeep
|turn|22
|
|t:|1743891296
|-end|p2a: Iron Valiant|Quark Drive|[silent]
|switch|p2a: Great Tusk|Great Tusk|100/100
|move|p1a: Tinkaton|Knock Off|p2a: Great Tusk
|-resisted|p2a: Great Tusk
|-damage|p2a: Great Tusk|95/100
|-enditem|p2a: Great Tusk|Assault Vest|[from] move: Knock Off|[of] p1a: Tinkaton
|
|upkeep
|turn|23
|
|t:|1743891299
|switch|p1a: Rotom|Rotom-Wash|83/100 tox
|-damage|p1a: Rotom|70/100 tox|[from] Stealth Rock
|move|p2a: Great Tusk|Rapid Spin|p1a: Rotom
|-damage|p1a: Rotom|60/100 tox
|-boost|p2a: Great Tusk|spe|1
|-damage|p2a: Great Tusk|79/100|[from] item: Rocky Helmet|[of] p1a: Rotom
|
|-damage|p1a: Rotom|54/100 tox|[from] psn
|upkeep
|turn|24
|
|t:|1743891305
|-end|p2a: Great Tusk|Protosynthesis|[silent]
|switch|p2a: Clodsire|Clodsire, M|94/100 brn
|move|p1a: Rotom|Pain Split|p2a: Clodsire
|-sethp|p2a: Clodsire|65/100 brn|[from] move: Pain Split|[silent]
|-sethp|p1a: Rotom|99/100 tox|[from] move: Pain Split
|
|-heal|p2a: Clodsire|71/100 brn|[from] item: Black Sludge
|-damage|p1a: Rotom|87/100 tox|[from] psn
|-damage|p2a: Clodsire|65/100 brn|[from] brn
|upkeep
|turn|25
|
|t:|1743891311
|switch|p1a: Tinkaton|Tinkaton, F|94/100
|-damage|p1a: Tinkaton|88/100|[from] Stealth Rock
|-ability|p1a: Tinkaton|Mold Breaker
|switch|p2a: Great Tusk|Great Tusk|79/100
|
|upkeep
|turn|26
|
|t:|1743891320
|switch|p1a: Rotom|Rotom-Wash|87/100 tox
|-damage|p1a: Rotom|75/100 tox|[from] Stealth Rock
|move|p2a: Great Tusk|Knock Off|p1a: Rotom
|-damage|p1a: Rotom|53/100 tox
|-damage|p2a: Great Tusk|62/100|[from] item: Rocky Helmet|[of] p1a: Rotom
|-enditem|p1a: Rotom|Rocky Helmet|[from] move: Knock Off|[of] p2a: Great Tusk
|
|-damage|p1a: Rotom|47/100 tox|[from] psn
|upkeep
|turn|27
|
|t:|1743891335
|switch|p1a: Tinkaton|Tinkaton, F|88/100
|-damage|p1a: Tinkaton|82/100|[from] Stealth Rock
|-ability|p1a: Tinkaton|Mold Breaker
|move|p2a: Great Tusk|Knock Off|p1a: Tinkaton
|-resisted|p1a: Tinkaton
|-damage|p1a: Tinkaton|65/100
|-enditem|p1a: Tinkaton|Choice Scarf|[from] move: Knock Off|[of] p2a: Great Tusk
|
|upkeep
|turn|28
|
|t:|1743891340
|move|p1a: Tinkaton|Encore|p2a: Great Tusk
|-start|p2a: Great Tusk|Encore
|move|p2a: Great Tusk|Knock Off|p1a: Tinkaton
|-resisted|p1a: Tinkaton
|-damage|p1a: Tinkaton|54/100
|
|upkeep
|turn|29
|
|t:|1743891343
|move|p1a: Tinkaton|Gigaton Hammer|p2a: Great Tusk
|-damage|p2a: Great Tusk|36/100
|move|p2a: Great Tusk|Knock Off|p1a: Tinkaton
|-resisted|p1a: Tinkaton
|-damage|p1a: Tinkaton|43/100
|
|upkeep
|turn|30
|
|t:|1743891349
|move|p1a: Tinkaton|Knock Off|p2a: Great Tusk
|-resisted|p2a: Great Tusk
|-damage|p2a: Great Tusk|32/100
|move|p2a: Great Tusk|Knock Off|p1a: Tinkaton
|-resisted|p1a: Tinkaton
|-damage|p1a: Tinkaton|33/100
|
|-end|p2a: Great Tusk|Encore
|upkeep
|turn|31
|
|t:|1743891353
|move|p1a: Tinkaton|Encore|p2a: Great Tusk
|-start|p2a: Great Tusk|Encore
|move|p2a: Great Tusk|Knock Off|p1a: Tinkaton
|-resisted|p1a: Tinkaton
|-damage|p1a: Tinkaton|22/100
|
|upkeep
|turn|32
|
|t:|1743891355
|move|p1a: Tinkaton|Gigaton Hammer|p2a: Great Tusk
|-damage|p2a: Great Tusk|8/100
|move|p2a: Great Tusk|Knock Off|p1a: Tinkaton
|-resisted|p1a: Tinkaton
|-damage|p1a: Tinkaton|12/100
|
|upkeep
|turn|33
|
|t:|1743891358
|move|p1a: Tinkaton|Knock Off|p2a: Great Tusk
|-resisted|p2a: Great Tusk
|-damage|p2a: Great Tusk|3/100
|move|p2a: Great Tusk|Knock Off|p1a: Tinkaton
|-resisted|p1a: Tinkaton
|-damage|p1a: Tinkaton|1/100
|
|-end|p2a: Great Tusk|Encore
|upkeep
|turn|34
|
|t:|1743891372
|move|p1a: Tinkaton|Encore|p2a: Great Tusk
|-start|p2a: Great Tusk|Encore
|move|p2a: Great Tusk|Knock Off|p1a: Tinkaton
|-resisted|p1a: Tinkaton
|-damage|p1a: Tinkaton|0 fnt
|faint|p1a: Tinkaton
|
|upkeep
|
|t:|1743891374
|switch|p1a: Darkrai|Darkrai|81/100
|-damage|p1a: Darkrai|68/100|[from] Stealth Rock
|turn|35
|
|t:|1743891377
|move|p1a: Darkrai|Nasty Plot|p1a: Darkrai
|-boost|p1a: Darkrai|spa|2
|move|p2a: Great Tusk|Knock Off|p1a: Darkrai
|-resisted|p1a: Darkrai
|-damage|p1a: Darkrai|51/100
|-enditem|p1a: Darkrai|Leftovers|[from] move: Knock Off|[of] p2a: Great Tusk
|
|upkeep
|turn|36
|
|t:|1743891383
|move|p1a: Darkrai|Nasty Plot|p1a: Darkrai
|-boost|p1a: Darkrai|spa|2
|move|p2a: Great Tusk|Knock Off|p1a: Darkrai
|-resisted|p1a: Darkrai
|-damage|p1a: Darkrai|39/100
|
|-end|p2a: Great Tusk|Encore
|upkeep
|turn|37
|
|t:|1743891389
|move|p1a: Darkrai|Dark Pulse|p2a: Great Tusk
|-resisted|p2a: Great Tusk
|-damage|p2a: Great Tusk|0 fnt
|faint|p2a: Great Tusk
|-end|p2a: Great Tusk|Protosynthesis|[silent]
|
|upkeep
|
|t:|1743891391
|switch|p2a: Iron Valiant|Iron Valiant|100/100
|turn|38
|
|t:|1743891394
|-end|p2a: Iron Valiant|Quark Drive|[silent]
|switch|p2a: Clodsire|Clodsire, M|65/100 brn
|-terastallize|p1a: Darkrai|Ghost
|move|p1a: Darkrai|Ice Beam|p2a: Clodsire
|-supereffective|p2a: Clodsire
|-damage|p2a: Clodsire|0 fnt
|faint|p2a: Clodsire
|
|upkeep
|
|t:|1743891401
|switch|p2a: Iron Valiant|Iron Valiant|100/100
|turn|39
|
|t:|1743891406
|move|p1a: Darkrai|Ice Beam|p2a: Iron Valiant
|-damage|p2a: Iron Valiant|0 fnt
|faint|p2a: Iron Valiant
|-end|p2a: Iron Valiant|Quark Drive|[silent]
|
|upkeep
|
|t:|1743891410
|switch|p2a: Garganacl|Garganacl, F|100/100
|turn|40
|
|t:|1743891412
|move|p1a: Darkrai|Dark Pulse|p2a: Garganacl
|-damage|p2a: Garganacl|0 fnt
|faint|p2a: Garganacl
|
|win|superbigmariofan1
|raw|superbigmariofan1's rating: 1641 &rarr; <strong>1662</strong><br />(+21 for winning)
|raw|cerberus sama's rating: 1654 &rarr; <strong>1633</strong><br />(-21 for losing)
|l|☆superbigmariofan1
|player|p1|
|l|☆cerberus sama
|player|p2|
