|j|☆Bakozineo
|j|☆teamskullenoxa
|t:|1743791169
|gametype|singles
|player|p1|Bakozineo|gentleman-gen4dp|1644
|player|p2|teamskullenoxa|101|1712
|teamsize|p1|6
|teamsize|p2|6
|gen|9
|tier|[Gen 9] OU
|rated|
|rule|HP Percentage Mod: HP is shown in percentages
|rule|Endless Battle Clause: Forcing endless battles is banned
|rule|Species Clause: Limit one of each Pokémon
|rule|OHKO Clause: OHKO moves are banned
|rule|Evasion Items Clause: Evasion items are banned
|rule|Evasion Moves Clause: Evasion moves are banned
|rule|Sleep Moves Clause: Sleep-inducing moves are banned
|clearpoke
|poke|p1|Zapdos|
|poke|p1|Darkrai|
|poke|p1|Alomomola, F|
|poke|p1|Great Tusk|
|poke|p1|Hatterene, F|
|poke|p1|Dragonite, M|
|poke|p2|Typhlosion-Hisui, F|
|poke|p2|Hatterene, F|
|poke|p2|Torkoal, M|
|poke|p2|Lilligant-Hisui, F|
|poke|p2|Landorus-Therian, M|
|poke|p2|Walking Wake|
|teampreview
|
|t:|1743791198
|start
|switch|p1a: Darkrai|Darkrai|100/100
|switch|p2a: Torkoal|Torkoal, M|100/100
|-weather|SunnyDay|[from] ability: Drought|[of] p2a: Torkoal
|turn|1
|
|t:|1743791208
|move|p1a: Darkrai|Dark Pulse|p2a: Torkoal
|-damage|p2a: Torkoal|61/100
|move|p2a: Torkoal|Body Press|p1a: Darkrai
|-supereffective|p1a: Darkrai
|-damage|p1a: Darkrai|38/100
|
|-weather|SunnyDay|[upkeep]
|upkeep
|turn|2
|
|t:|1743791215
|switch|p1a: Hatterene|Hatterene, F|100/100
|move|p2a: Torkoal|Body Press|p1a: Hatterene
|-resisted|p1a: Hatterene
|-damage|p1a: Hatterene|95/100
|
|-weather|SunnyDay|[upkeep]
|-heal|p1a: Hatterene|100/100|[from] item: Leftovers
|upkeep
|turn|3
|
|t:|1743791222
|switch|p2a: Hatterene|Hatterene, F|100/100
|move|p1a: Hatterene|Psychic Noise|p2a: Hatterene
|-resisted|p2a: Hatterene
|-damage|p2a: Hatterene|82/100
|-start|p2a: Hatterene|move: Heal Block
|-enditem|p2a: Hatterene|Eject Button
|
|t:|1743791233
|switch|p2a: Typhlosion|Typhlosion-Hisui, F|100/100
|
|-weather|SunnyDay|[upkeep]
|upkeep
|turn|4
|
|t:|1743791243
|switch|p1a: Alomomola|Alomomola, F|100/100
|move|p2a: Typhlosion|Eruption|p1a: Alomomola
|-resisted|p1a: Alomomola
|-damage|p1a: Alomomola|66/100
|
|-weather|SunnyDay|[upkeep]
|upkeep
|turn|5
|
|t:|1743791248
|switch|p2a: Lilligant|Lilligant-Hisui, F|100/100
|move|p1a: Alomomola|Flip Turn|p2a: Lilligant
|-resisted|p2a: Lilligant
|-damage|p2a: Lilligant|96/100
|
|t:|1743791252
|switch|p1a: Hatterene|Hatterene, F|100/100|[from] Flip Turn
|
|-weather|SunnyDay|[upkeep]
|upkeep
|turn|6
|
|t:|1743791264
|switch|p2a: Landorus|Landorus-Therian, M|100/100
|-ability|p2a: Landorus|Intimidate|boost
|-unboost|p1a: Hatterene|atk|1
|move|p1a: Hatterene|Draining Kiss|p2a: Landorus
|-damage|p2a: Landorus|69/100
|
|-weather|SunnyDay|[upkeep]
|upkeep
|turn|7
|
|t:|1743791271
|switch|p1a: Alomomola|Alomomola, F|99/100
|move|p2a: Landorus|U-turn|p1a: Alomomola
|-damage|p1a: Alomomola|82/100
|
|t:|1743791273
|switch|p2a: Lilligant|Lilligant-Hisui, F|96/100|[from] U-turn
|
|-weather|SunnyDay|[upkeep]
|upkeep
|turn|8
|
|t:|1743791279
|move|p2a: Lilligant|Solar Blade||[still]
|-prepare|p2a: Lilligant|Solar Blade
|-anim|p2a: Lilligant|Solar Blade|p1a: Alomomola
|-supereffective|p1a: Alomomola
|-damage|p1a: Alomomola|3/100
|move|p1a: Alomomola|Flip Turn|p2a: Lilligant
|-resisted|p2a: Lilligant
|-damage|p2a: Lilligant|91/100
|
|t:|1743791286
|switch|p1a: Zapdos|Zapdos|100/100|[from] Flip Turn
|
|-weather|none
|upkeep
|turn|9
|
|t:|1743791290
|move|p2a: Lilligant|Victory Dance|p2a: Lilligant
|-boost|p2a: Lilligant|atk|1
|-boost|p2a: Lilligant|def|1
|-boost|p2a: Lilligant|spe|1
|move|p1a: Zapdos|Hurricane|p2a: Lilligant|[miss]
|-miss|p1a: Zapdos|p2a: Lilligant
|
|upkeep
|turn|10
|
|t:|1743791293
|-terastallize|p1a: Zapdos|Steel
|move|p2a: Lilligant|Triple Axel|p1a: Zapdos
|-resisted|p1a: Zapdos
|-damage|p1a: Zapdos|97/100
|-resisted|p1a: Zapdos
|-damage|p1a: Zapdos|90/100
|-resisted|p1a: Zapdos
|-damage|p1a: Zapdos|79/100
|-hitcount|p1a: Zapdos|3
|move|p1a: Zapdos|Hurricane|p2a: Lilligant|[miss]
|-miss|p1a: Zapdos|p2a: Lilligant
|
|upkeep
|turn|11
|c|☆Bakozineo|Damn
|
|t:|1743791312
|switch|p1a: Hatterene|Hatterene, F|100/100
|move|p2a: Lilligant|Close Combat|p1a: Hatterene
|-resisted|p1a: Hatterene
|-damage|p1a: Hatterene|81/100
|-unboost|p2a: Lilligant|def|1
|-unboost|p2a: Lilligant|spd|1
|
|-heal|p1a: Hatterene|87/100|[from] item: Leftovers
|upkeep
|turn|12
|
|t:|1743791320
|switch|p2a: Torkoal|Torkoal, M|61/100
|-weather|SunnyDay|[from] ability: Drought|[of] p2a: Torkoal
|move|p1a: Hatterene|Draining Kiss|p2a: Torkoal
|-resisted|p2a: Torkoal
|-damage|p2a: Torkoal|51/100
|-heal|p1a: Hatterene|95/100|[from] drain|[of] p2a: Torkoal
|
|-weather|SunnyDay|[upkeep]
|-heal|p1a: Hatterene|100/100|[from] item: Leftovers
|upkeep
|turn|13
|
|t:|1743791327
|switch|p1a: Alomomola|Alomomola, F|37/100
|switch|p2a: Hatterene|Hatterene, F|82/100
|
|-weather|SunnyDay|[upkeep]
|upkeep
|turn|14
|
|t:|1743791330
|move|p1a: Alomomola|Flip Turn|p2a: Hatterene
|-damage|p2a: Hatterene|75/100
|
|t:|1743791334
|switch|p1a: Hatterene|Hatterene, F|100/100|[from] Flip Turn
|move|p2a: Hatterene|Psychic Noise|p1a: Hatterene
|-resisted|p1a: Hatterene
|-damage|p1a: Hatterene|81/100
|-start|p1a: Hatterene|move: Heal Block
|
|-weather|SunnyDay|[upkeep]
|upkeep
|turn|15
|
|t:|1743791337
|move|p2a: Hatterene|Nuzzle|p1a: Hatterene
|-damage|p1a: Hatterene|78/100
|-status|p1a: Hatterene|par
|move|p1a: Hatterene|Mystical Fire|p2a: Hatterene
|-damage|p2a: Hatterene|38/100
|-unboost|p2a: Hatterene|spa|1
|
|-weather|SunnyDay|[upkeep]
|-end|p1a: Hatterene|move: Heal Block
|upkeep
|turn|16
|
|t:|1743791340
|move|p2a: Hatterene|Healing Wish|p2a: Hatterene
|faint|p2a: Hatterene
|cant|p1a: Hatterene|par
|
|-weather|SunnyDay|[upkeep]
|-heal|p1a: Hatterene|84/100 par|[from] item: Leftovers
|upkeep
|
|t:|1743791382
|switch|p2a: Walking Wake|Walking Wake|100/100
|-activate|p2a: Walking Wake|ability: Protosynthesis
|-start|p2a: Walking Wake|protosynthesisspa
|turn|17
|
|t:|1743791394
|switch|p1a: Great Tusk|Great Tusk|100/100
|-activate|p1a: Great Tusk|ability: Protosynthesis
|-start|p1a: Great Tusk|protosynthesisatk
|move|p2a: Walking Wake|Hydro Steam|p1a: Great Tusk
|-supereffective|p1a: Great Tusk
|-damage|p1a: Great Tusk|0 fnt
|faint|p1a: Great Tusk
|-end|p1a: Great Tusk|Protosynthesis|[silent]
|
|-weather|SunnyDay|[upkeep]
|upkeep
|
|t:|1743791398
|switch|p1a: Alomomola|Alomomola, F|70/100
|turn|18
|
|t:|1743791403
|move|p2a: Walking Wake|Dragon Pulse|p1a: Alomomola
|-damage|p1a: Alomomola|40/100
|move|p1a: Alomomola|Mirror Coat|p2a: Walking Wake
|-damage|p2a: Walking Wake|18/100
|
|-weather|SunnyDay|[upkeep]
|upkeep
|turn|19
|
|t:|1743791413
|move|p2a: Walking Wake|Draco Meteor|p1a: Alomomola
|-damage|p1a: Alomomola|0 fnt
|-unboost|p2a: Walking Wake|spa|2
|faint|p1a: Alomomola
|
|-weather|none
|-end|p2a: Walking Wake|Protosynthesis
|upkeep
|
|t:|1743791421
|switch|p1a: Dragonite|Dragonite, M|100/100
|turn|20
|
|t:|1743791431
|-end|p2a: Walking Wake|Protosynthesis|[silent]
|switch|p2a: Landorus|Landorus-Therian, M|69/100
|-heal|p2a: Landorus|100/100|[from] move: Healing Wish
|-ability|p2a: Landorus|Intimidate|boost
|-unboost|p1a: Dragonite|atk|1
|move|p1a: Dragonite|Dragon Dance|p1a: Dragonite
|-boost|p1a: Dragonite|atk|1
|-boost|p1a: Dragonite|spe|1
|
|upkeep
|turn|21
|
|t:|1743791437
|move|p2a: Landorus|Stone Edge|p1a: Dragonite
|-supereffective|p1a: Dragonite
|-damage|p1a: Dragonite|61/100
|move|p1a: Dragonite|Ice Spinner|p2a: Landorus
|-supereffective|p2a: Landorus
|-damage|p2a: Landorus|0 fnt
|faint|p2a: Landorus
|
|upkeep
|
|t:|1743791441
|switch|p2a: Torkoal|Torkoal, M|51/100
|-weather|SunnyDay|[from] ability: Drought|[of] p2a: Torkoal
|turn|22
|
|t:|1743791455
|switch|p2a: Lilligant|Lilligant-Hisui, F|91/100
|move|p1a: Dragonite|Earthquake|p2a: Lilligant
|-resisted|p2a: Lilligant
|-damage|p2a: Lilligant|65/100
|
|-weather|SunnyDay|[upkeep]
|upkeep
|turn|23
|
|t:|1743791460
|switch|p1a: Zapdos|Zapdos, tera:Steel|79/100
|move|p2a: Lilligant|Triple Axel|p1a: Zapdos
|-resisted|p1a: Zapdos
|-crit|p1a: Zapdos
|-damage|p1a: Zapdos|75/100
|-resisted|p1a: Zapdos
|-damage|p1a: Zapdos|71/100
|-hitcount|p1a: Zapdos|2
|
|-weather|SunnyDay|[upkeep]
|upkeep
|turn|24
|c|☆Bakozineo|Protective pads ?
|j| m0chaman_829
|
|t:|1743791479
|switch|p1a: Darkrai|Darkrai|38/100
|move|p2a: Lilligant|Close Combat|p1a: Darkrai
|-supereffective|p1a: Darkrai
|-damage|p1a: Darkrai|0 fnt
|-unboost|p2a: Lilligant|def|1
|-unboost|p2a: Lilligant|spd|1
|faint|p1a: Darkrai
|
|-weather|SunnyDay|[upkeep]
|upkeep
|
|t:|1743791484
|switch|p1a: Dragonite|Dragonite, M|61/100
|turn|25
|
|t:|1743791496
|move|p1a: Dragonite|Extreme Speed|p2a: Lilligant
|-damage|p2a: Lilligant|0 fnt
|faint|p2a: Lilligant
|
|-weather|SunnyDay|[upkeep]
|upkeep
|
|t:|1743791500
|switch|p2a: Typhlosion|Typhlosion-Hisui, F|100/100
|turn|26
|
|t:|1743791504
|move|p2a: Typhlosion|Eruption|p1a: Dragonite
|-resisted|p1a: Dragonite
|-damage|p1a: Dragonite|0 fnt
|faint|p1a: Dragonite
|
|-weather|SunnyDay|[upkeep]
|upkeep
|
|t:|1743791509
|switch|p1a: Zapdos|Zapdos, tera:Steel|71/100
|turn|27
|
|t:|1743791518
|move|p2a: Typhlosion|Eruption|p1a: Zapdos
|-supereffective|p1a: Zapdos
|-damage|p1a: Zapdos|0 fnt
|faint|p1a: Zapdos
|
|-weather|SunnyDay|[upkeep]
|upkeep
|-message|Bakozineo forfeited.
|
|win|teamskullenoxa
|raw|Bakozineo's rating: 1644 &rarr; <strong>1628</strong><br />(-16 for losing)
|raw|teamskullenoxa's rating: 1712 &rarr; <strong>1728</strong><br />(+16 for winning)
|l|☆Bakozineo
|player|p1|
|l|☆teamskullenoxa
|player|p2|
|l| m0chaman_829
