|j|☆Scarlet Firefly
|j|☆about15gals
|inactive|Battle timer is ON: inactive players will automatically lose when time's up.
|t:|1743877908
|gametype|singles
|player|p1|Scarlet Firefly|klara|
|player|p2|about15gals|marnie-masters2|
|teamsize|p1|6
|teamsize|p2|6
|gen|9
|tier|[Gen 9] OU
|rated|Tournament battle
|rule|HP Percentage Mod: HP is shown in percentages
|rule|Endless Battle Clause: Forcing endless battles is banned
|rule|Species Clause: Limit one of each Pokémon
|rule|OHKO Clause: OHKO moves are banned
|rule|Evasion Items Clause: Evasion items are banned
|rule|Evasion Moves Clause: Evasion moves are banned
|rule|Sleep Moves Clause: Sleep-inducing moves are banned
|clearpoke
|poke|p1|Comfey, M|
|poke|p1|Whimsicott, F|
|poke|p1|Iron Moth|
|poke|p1|Walking Wake|
|poke|p1|Great Tusk|
|poke|p1|Ninetales, M|
|poke|p2|Weavile, F|
|poke|p2|Pecharunt|
|poke|p2|Ting-Lu|
|poke|p2|Tinkaton, F|
|poke|p2|Keldeo-Resolute|
|poke|p2|Dragonite, F|
|teampreview
|inactive|about15gals also wants the timer to be on.
|c|☆about15gals|glhf
|j| fitzor
|j| WPP2025
|j| ollierob1
|j| honeyfee
|l| WPP2025
|j| Youngster Pappy
|inactive|Scarlet Firefly has 120 seconds left.
|
|t:|1743877939
|start
|switch|p1a: Ninetales|Ninetales, M|100/100
|switch|p2a: Yandere Era|Tinkaton, F|100/100
|-weather|SunnyDay|[from] ability: Drought|[of] p1a: Ninetales
|-item|p2a: Yandere Era|Air Balloon
|turn|1
|
|t:|1743877948
|switch|p2a: Down The Drain|Ting-Lu|100/100
|-ability|p2a: Down The Drain|Vessel of Ruin
|move|p1a: Ninetales|Weather Ball|p2a: Down The Drain
|-damage|p2a: Down The Drain|82/100
|
|-weather|SunnyDay|[upkeep]
|upkeep
|turn|2
|j| Real Earthquakes
|
|t:|1743877956
|switch|p1a: Whimsicott|Whimsicott, F|100/100
|move|p2a: Down The Drain|Spikes|p1a: Whimsicott
|-sidestart|p1: Scarlet Firefly|Spikes
|
|-weather|SunnyDay|[upkeep]
|upkeep
|turn|3
|j| TromboneVGC
|
|t:|1743877962
|move|p1a: Whimsicott|Moonblast|p2a: Down The Drain
|-supereffective|p2a: Down The Drain
|-damage|p2a: Down The Drain|36/100
|-unboost|p2a: Down The Drain|spa|1
|-damage|p1a: Whimsicott|91/100|[from] item: Life Orb
|move|p2a: Down The Drain|Whirlwind|p1a: Whimsicott
|drag|p1a: Great Tusk|Great Tusk|100/100
|-damage|p1a: Great Tusk|88/100|[from] Spikes
|-activate|p1a: Great Tusk|ability: Protosynthesis
|-start|p1a: Great Tusk|protosynthesisspe
|
|-weather|SunnyDay|[upkeep]
|upkeep
|turn|4
|j| shymor
|
|t:|1743877969
|switch|p2a: Feeling Is Gone|Pecharunt|100/100
|move|p1a: Great Tusk|Ice Spinner|p2a: Feeling Is Gone
|-damage|p2a: Feeling Is Gone|88/100
|
|-weather|SunnyDay|[upkeep]
|upkeep
|turn|5
|
|t:|1743877974
|switch|p2a: Slowburn|Dragonite, F|100/100
|move|p1a: Great Tusk|Headlong Rush|p2a: Slowburn
|-immune|p2a: Slowburn
|
|-weather|SunnyDay|[upkeep]
|upkeep
|turn|6
|
|t:|1743877978
|move|p1a: Great Tusk|Rapid Spin|p2a: Slowburn
|-damage|p2a: Slowburn|93/100
|-boost|p1a: Great Tusk|spe|1
|-sideend|p1: Scarlet Firefly|Spikes|[from] move: Rapid Spin|[of] p1a: Great Tusk
|move|p2a: Slowburn|Hurricane|p1a: Great Tusk|[miss]
|-miss|p2a: Slowburn|p1a: Great Tusk
|
|-weather|SunnyDay|[upkeep]
|upkeep
|turn|7
|
|t:|1743877991
|-terastallize|p2a: Slowburn|Normal
|move|p1a: Great Tusk|Ice Spinner|p2a: Slowburn
|-damage|p2a: Slowburn|69/100
|move|p2a: Slowburn|Hurricane|p1a: Great Tusk|[miss]
|-miss|p2a: Slowburn|p1a: Great Tusk
|
|-weather|SunnyDay|[upkeep]
|upkeep
|turn|8
|
|t:|1743877997
|-end|p1a: Great Tusk|Protosynthesis|[silent]
|switch|p1a: Walking Wake|Walking Wake|100/100
|-activate|p1a: Walking Wake|ability: Protosynthesis
|-start|p1a: Walking Wake|protosynthesisspe
|move|p2a: Slowburn|Hurricane|p1a: Walking Wake|[miss]
|-miss|p2a: Slowburn|p1a: Walking Wake
|
|-weather|none
|-end|p1a: Walking Wake|Protosynthesis
|upkeep
|turn|9
|c|☆about15gals|mfw
|c|☆about15gals|i know its 50 but like still
|c|☆Scarlet Firefly|its sun what do u expect
|
|t:|1743878011
|switch|p2a: Yandere Era|Tinkaton, F|100/100
|-item|p2a: Yandere Era|Air Balloon
|move|p1a: Walking Wake|Draco Meteor|p2a: Yandere Era
|-immune|p2a: Yandere Era
|
|upkeep
|turn|10
|
|t:|1743878014
|move|p1a: Walking Wake|Flip Turn|p2a: Yandere Era
|-damage|p2a: Yandere Era|82/100
|-enditem|p2a: Yandere Era|Air Balloon
|-enditem|p1a: Walking Wake|Assault Vest|[silent]|[from] ability: Pickpocket|[of] p1a: Walking Wake
|-item|p2a: Yandere Era|Assault Vest|[from] ability: Pickpocket|[of] p1a: Walking Wake
|l| honeyfee
|
|t:|1743878017
|-end|p1a: Walking Wake|Protosynthesis|[silent]
|switch|p1a: Ninetales|Ninetales, M|100/100|[from] Flip Turn
|-weather|SunnyDay|[from] ability: Drought|[of] p1a: Ninetales
|move|p2a: Yandere Era|Stealth Rock|p1a: Ninetales
|-sidestart|p1: Scarlet Firefly|move: Stealth Rock
|
|-weather|SunnyDay|[upkeep]
|upkeep
|turn|11
|
|t:|1743878028
|switch|p2a: Feeling Is Gone|Pecharunt|88/100
|move|p1a: Ninetales|Weather Ball|p2a: Feeling Is Gone
|-damage|p2a: Feeling Is Gone|48/100
|
|-weather|SunnyDay|[upkeep]
|upkeep
|turn|12
|
|t:|1743878050
|switch|p1a: Walking Wake|Walking Wake|100/100
|-damage|p1a: Walking Wake|88/100|[from] Stealth Rock
|-activate|p1a: Walking Wake|ability: Protosynthesis
|-start|p1a: Walking Wake|protosynthesisspe
|move|p2a: Feeling Is Gone|Recover|p2a: Feeling Is Gone
|-heal|p2a: Feeling Is Gone|98/100
|
|-weather|SunnyDay|[upkeep]
|upkeep
|turn|13
|
|t:|1743878054
|move|p1a: Walking Wake|Hydro Steam|p2a: Feeling Is Gone
|-damage|p2a: Feeling Is Gone|42/100
|move|p2a: Feeling Is Gone|Malignant Chain|p1a: Walking Wake
|-damage|p1a: Walking Wake|54/100
|-status|p1a: Walking Wake|tox
|-start|p1a: Walking Wake|confusion|[from] ability: Poison Puppeteer|[of] p2a: Feeling Is Gone
|
|-weather|SunnyDay|[upkeep]
|-damage|p1a: Walking Wake|48/100 tox|[from] psn
|upkeep
|turn|14
|
|t:|1743878067
|switch|p2a: Yandere Era|Tinkaton, F|82/100
|-activate|p1a: Walking Wake|confusion
|-damage|p1a: Walking Wake|41/100 tox|[from] confusion
|
|-weather|SunnyDay|[upkeep]
|-damage|p1a: Walking Wake|29/100 tox|[from] psn
|upkeep
|turn|15
|
|t:|1743878074
|-end|p1a: Walking Wake|confusion
|move|p1a: Walking Wake|Hydro Steam|p2a: Yandere Era
|-damage|p2a: Yandere Era|48/100
|move|p2a: Yandere Era|Gigaton Hammer|p1a: Walking Wake
|-resisted|p1a: Walking Wake
|-damage|p1a: Walking Wake|7/100 tox
|
|-weather|SunnyDay|[upkeep]
|-damage|p1a: Walking Wake|0 fnt|[from] psn
|faint|p1a: Walking Wake
|-end|p1a: Walking Wake|Protosynthesis|[silent]
|upkeep
|
|t:|1743878082
|switch|p1a: Iron Moth|Iron Moth|100/100
|-damage|p1a: Iron Moth|76/100|[from] Stealth Rock
|-enditem|p1a: Iron Moth|Booster Energy
|-activate|p1a: Iron Moth|ability: Quark Drive|[fromitem]
|-start|p1a: Iron Moth|quarkdrivespa
|turn|16
|
|t:|1743878088
|move|p1a: Iron Moth|Fiery Dance|p2a: Yandere Era
|-supereffective|p2a: Yandere Era
|-damage|p2a: Yandere Era|0 fnt
|faint|p2a: Yandere Era
|
|-weather|SunnyDay|[upkeep]
|upkeep
|
|t:|1743878104
|switch|p2a: Slowburn|Dragonite, F, tera:Normal|69/100
|turn|17
|
|t:|1743878108
|-end|p1a: Iron Moth|Quark Drive|[silent]
|switch|p1a: Great Tusk|Great Tusk|88/100
|-damage|p1a: Great Tusk|85/100|[from] Stealth Rock
|-activate|p1a: Great Tusk|ability: Protosynthesis
|-start|p1a: Great Tusk|protosynthesisspe
|move|p2a: Slowburn|Extreme Speed|p1a: Great Tusk
|-damage|p1a: Great Tusk|56/100
|-damage|p2a: Slowburn|52/100|[from] item: Rocky Helmet|[of] p1a: Great Tusk
|
|-weather|none
|-end|p1a: Great Tusk|Protosynthesis
|upkeep
|turn|18
|
|t:|1743878112
|move|p1a: Great Tusk|Headlong Rush|p2a: Slowburn
|-damage|p2a: Slowburn|0 fnt
|-unboost|p1a: Great Tusk|def|1
|-unboost|p1a: Great Tusk|spd|1
|faint|p2a: Slowburn
|
|upkeep
|
|t:|1743878118
|switch|p2a: Cynthoni Of Flames|Keldeo-Resolute|100/100
|turn|19
|
|t:|1743878128
|-end|p1a: Great Tusk|Protosynthesis|[silent]
|switch|p1a: Ninetales|Ninetales, M|100/100
|-damage|p1a: Ninetales|76/100|[from] Stealth Rock
|-weather|SunnyDay|[from] ability: Drought|[of] p1a: Ninetales
|move|p2a: Cynthoni Of Flames|Flip Turn|p1a: Ninetales
|-supereffective|p1a: Ninetales
|-damage|p1a: Ninetales|58/100
|
|t:|1743878133
|switch|p2a: Feeling Is Gone|Pecharunt|42/100|[from] Flip Turn
|
|-weather|SunnyDay|[upkeep]
|upkeep
|turn|20
|
|t:|1743878137
|switch|p1a: Iron Moth|Iron Moth|76/100
|-damage|p1a: Iron Moth|51/100|[from] Stealth Rock
|move|p2a: Feeling Is Gone|Recover|p2a: Feeling Is Gone
|-heal|p2a: Feeling Is Gone|92/100
|
|-weather|SunnyDay|[upkeep]
|upkeep
|turn|21
|
|t:|1743878144
|move|p1a: Iron Moth|Overheat|p2a: Feeling Is Gone
|-damage|p2a: Feeling Is Gone|0 fnt
|-unboost|p1a: Iron Moth|spa|2
|faint|p2a: Feeling Is Gone
|
|-weather|SunnyDay|[upkeep]
|upkeep
|
|t:|1743878148
|switch|p2a: Cynthoni Of Flames|Keldeo-Resolute|100/100
|turn|22
|
|t:|1743878152
|-end|p1a: Iron Moth|Quark Drive|[silent]
|switch|p1a: Whimsicott|Whimsicott, F|91/100
|-damage|p1a: Whimsicott|78/100|[from] Stealth Rock
|move|p2a: Cynthoni Of Flames|Flip Turn|p1a: Whimsicott
|-resisted|p1a: Whimsicott
|-damage|p1a: Whimsicott|74/100
|
|t:|1743878154
|switch|p2a: Femcels|Weavile, F|100/100|[from] Flip Turn
|-ability|p2a: Femcels|Pressure
|
|-weather|SunnyDay|[upkeep]
|upkeep
|turn|23
|c|☆Scarlet Firefly|funny name
|
|t:|1743878163
|move|p2a: Femcels|Ice Shard|p1a: Whimsicott
|-supereffective|p1a: Whimsicott
|-damage|p1a: Whimsicott|26/100
|move|p1a: Whimsicott|Moonblast|p2a: Femcels
|-supereffective|p2a: Femcels
|-damage|p2a: Femcels|0 fnt
|faint|p2a: Femcels
|-damage|p1a: Whimsicott|17/100|[from] item: Life Orb
|
|-weather|SunnyDay|[upkeep]
|upkeep
|j| Lavisse
|
|t:|1743878168
|switch|p2a: Cynthoni Of Flames|Keldeo-Resolute|100/100
|turn|24
|
|t:|1743878171
|move|p2a: Cynthoni Of Flames|Vacuum Wave|p1a: Whimsicott
|-resisted|p1a: Whimsicott
|-damage|p1a: Whimsicott|0 fnt
|faint|p1a: Whimsicott
|
|-weather|SunnyDay|[upkeep]
|upkeep
|l| Lavisse
|
|t:|1743878177
|switch|p1a: Comfey|Comfey, M|100/100
|-damage|p1a: Comfey|88/100|[from] Stealth Rock
|turn|25
|
|t:|1743878180
|move|p2a: Cynthoni Of Flames|Hydro Pump|p1a: Comfey
|-damage|p1a: Comfey|58/100
|move|p1a: Comfey|Growth|p1a: Comfey
|-boost|p1a: Comfey|atk|2
|-boost|p1a: Comfey|spa|2
|
|-weather|SunnyDay|[upkeep]
|upkeep
|turn|26
|
|t:|1743878184
|move|p1a: Comfey|Draining Kiss|p2a: Cynthoni Of Flames
|-supereffective|p2a: Cynthoni Of Flames
|-crit|p2a: Cynthoni Of Flames
|-damage|p2a: Cynthoni Of Flames|0 fnt
|-heal|p1a: Comfey|100/100|[from] drain|[of] p2a: Cynthoni Of Flames
|faint|p2a: Cynthoni Of Flames
|-damage|p1a: Comfey|91/100|[from] item: Life Orb
|
|-weather|none
|upkeep
|c|☆about15gals|gg
|c|☆Scarlet Firefly|gg
|-message|about15gals forfeited.
|
|win|Scarlet Firefly
|n|☆Scarlet Firefly|scarletfirefly
|n|☆about15gals|about15gals
|n| fitzor|fitzor
|n| ollierob1|ollierob1
|n| Youngster Pappy|youngsterpappy
|n| Real Earthquakes|realearthquakes
|n| TromboneVGC|trombonevgc
|n| shymor|shymor
