|j|☆Renhur
|j|☆suparsayajin
|t:|1743779508
|gametype|singles
|player|p1|Renhur|red|1551
|player|p2|suparsayajin|1|1574
|teamsize|p1|6
|teamsize|p2|6
|gen|9
|tier|[Gen 9] OU
|rated|
|rule|HP Percentage Mod: HP is shown in percentages
|rule|Endless Battle Clause: Forcing endless battles is banned
|rule|Species Clause: Limit one of each Pokémon
|rule|OHKO Clause: OHKO moves are banned
|rule|Evasion Items Clause: Evasion items are banned
|rule|Evasion Moves Clause: Evasion moves are banned
|rule|Sleep Moves Clause: Sleep-inducing moves are banned
|clearpoke
|poke|p1|Lucario, M|
|poke|p1|Weezing-Galar, M|
|poke|p1|Mew|
|poke|p1|Darkrai|
|poke|p1|Latios, M|
|poke|p1|Greninja-*, M|
|poke|p2|Zapdos|
|poke|p2|Greninja-*, M|
|poke|p2|Weavile, M|
|poke|p2|Garchomp, F|
|poke|p2|Snorlax, F|
|poke|p2|Excadrill, F|
|teampreview
|inactive|Battle timer is ON: inactive players will automatically lose when time's up. (requested by suparsayajin)
|
|t:|1743779514
|start
|switch|p1a: Mew|Mew|100/100
|switch|p2a: Weavile|Weavile, M|100/100
|-ability|p2a: Weavile|Pressure
|turn|1
|
|t:|1743779521
|-terastallize|p1a: Mew|Fairy
|move|p2a: Weavile|Knock Off|p1a: Mew
|-resisted|p1a: Mew
|-damage|p1a: Mew|87/100
|-enditem|p1a: Mew|Leftovers|[from] move: Knock Off|[of] p2a: Weavile
|move|p1a: Mew|Calm Mind|p1a: Mew
|-boost|p1a: Mew|spa|1
|-boost|p1a: Mew|spd|1
|
|upkeep
|turn|2
|
|t:|1743779529
|move|p2a: Weavile|Swords Dance|p2a: Weavile
|-boost|p2a: Weavile|atk|2
|move|p1a: Mew|Calm Mind|p1a: Mew
|-boost|p1a: Mew|spa|1
|-boost|p1a: Mew|spd|1
|
|upkeep
|turn|3
|
|t:|1743779536
|move|p2a: Weavile|Triple Axel|p1a: Mew|[miss]
|-miss|p2a: Weavile|p1a: Mew
|move|p1a: Mew|Draining Kiss|p2a: Weavile
|-supereffective|p2a: Weavile
|-enditem|p2a: Weavile|Focus Sash
|-damage|p2a: Weavile|1/100
|-heal|p1a: Mew|100/100|[from] drain|[of] p2a: Weavile
|
|upkeep
|turn|4
|
|t:|1743779546
|move|p2a: Weavile|Triple Axel|p1a: Mew|[miss]
|-miss|p2a: Weavile|p1a: Mew
|move|p1a: Mew|Draining Kiss|p2a: Weavile
|-supereffective|p2a: Weavile
|-damage|p2a: Weavile|0 fnt
|faint|p2a: Weavile
|
|upkeep
|
|t:|1743779554
|switch|p2a: Excadrill|Excadrill, F|100/100
|-ability|p2a: Excadrill|Mold Breaker
|-item|p2a: Excadrill|Air Balloon
|turn|5
|
|t:|1743779561
|move|p2a: Excadrill|Rapid Spin|p1a: Mew
|-damage|p1a: Mew|89/100
|-boost|p2a: Excadrill|spe|1
|move|p1a: Mew|Heat Wave|p2a: Excadrill
|-supereffective|p2a: Excadrill
|-damage|p2a: Excadrill|0 fnt
|-enditem|p2a: Excadrill|Air Balloon
|faint|p2a: Excadrill
|
|upkeep
|
|t:|1743779568
|switch|p2a: Snorlax|Snorlax, F|100/100
|turn|6
|
|t:|1743779573
|move|p1a: Mew|Calm Mind|p1a: Mew
|-boost|p1a: Mew|spa|1
|-boost|p1a: Mew|spd|1
|move|p2a: Snorlax|Curse|p2a: Snorlax
|-unboost|p2a: Snorlax|spe|1
|-boost|p2a: Snorlax|atk|1
|-boost|p2a: Snorlax|def|1
|
|upkeep
|turn|7
|
|t:|1743779583
|move|p1a: Mew|Stored Power|p2a: Snorlax
|-damage|p2a: Snorlax|42/100
|move|p2a: Snorlax|Body Slam|p1a: Mew
|-damage|p1a: Mew|60/100
|-status|p1a: Mew|par
|-activate|p1a: Mew|ability: Synchronize
|-status|p2a: Snorlax|par
|
|-heal|p2a: Snorlax|48/100 par|[from] item: Leftovers
|upkeep
|turn|8
|
|t:|1743779594
|move|p1a: Mew|Stored Power|p2a: Snorlax
|-damage|p2a: Snorlax|0 fnt
|faint|p2a: Snorlax
|
|upkeep
|
|t:|1743779598
|switch|p2a: Garchomp|Garchomp, F|100/100
|turn|9
|
|t:|1743779601
|move|p2a: Garchomp|Earthquake|p1a: Mew
|-damage|p1a: Mew|36/100 par
|move|p1a: Mew|Draining Kiss|p2a: Garchomp
|-supereffective|p2a: Garchomp
|-damage|p2a: Garchomp|2/100
|-heal|p1a: Mew|100/100 par|[from] drain|[of] p2a: Garchomp
|-damage|p1a: Mew|88/100 par|[from] ability: Rough Skin|[of] p2a: Garchomp
|-damage|p1a: Mew|72/100 par|[from] item: Rocky Helmet|[of] p2a: Garchomp
|
|upkeep
|turn|10
|-message|suparsayajin forfeited.
|
|win|Renhur
|raw|Renhur's rating: 1551 &rarr; <strong>1572</strong><br />(+21 for winning)
|raw|suparsayajin's rating: 1574 &rarr; <strong>1553</strong><br />(-21 for losing)
|l|☆suparsayajin
|player|p2|
|l|☆Renhur
|player|p1|
