|j|☆YawiBTMBKL
|j|☆wovladii
|t:|1743829578
|gametype|singles
|player|p1|YawiBTMBKL|265|1071
|player|p2|wovladii|266|1088
|teamsize|p1|6
|teamsize|p2|6
|gen|9
|tier|[Gen 9] OU
|rated|
|rule|HP Percentage Mod: HP is shown in percentages
|rule|Endless Battle Clause: Forcing endless battles is banned
|rule|Species Clause: Limit one of each Pokémon
|rule|OHKO Clause: OHKO moves are banned
|rule|Evasion Items Clause: Evasion items are banned
|rule|Evasion Moves Clause: Evasion moves are banned
|rule|Sleep Moves Clause: Sleep-inducing moves are banned
|clearpoke
|poke|p1|Sylveon, F|
|poke|p1|Umbreon, M|
|poke|p1|Vaporeon, M|
|poke|p1|Espeon, F|
|poke|p1|Glaceon, M|
|poke|p1|Flareon, M|
|poke|p2|Glimmora, F|
|poke|p2|Latias, F|
|poke|p2|Dragonite, M|
|poke|p2|Ribombee, F|
|poke|p2|Gliscor, M|
|poke|p2|Garganacl, M|
|teampreview
|
|t:|1743829599
|start
|switch|p1a: Glaceon|Glaceon, M|100/100
|switch|p2a: Ribombee|Ribombee, F|100/100
|turn|1
|inactive|Battle timer is ON: inactive players will automatically lose when time's up. (requested by wovladii)
|
|t:|1743829625
|move|p2a: Ribombee|Sticky Web|p1a: Glaceon
|-sidestart|p1: YawiBTMBKL|move: Sticky Web
|move|p1a: Glaceon|Snowscape|p1a: Glaceon
|-weather|Snowscape
|
|-weather|Snowscape|[upkeep]
|upkeep
|turn|2
|
|t:|1743829639
|move|p2a: Ribombee|Bug Buzz|p1a: Glaceon
|-damage|p1a: Glaceon|56/100
|move|p1a: Glaceon|Blizzard|p2a: Ribombee
|-enditem|p2a: Ribombee|Focus Sash
|-damage|p2a: Ribombee|1/100
|-damage|p1a: Glaceon|47/100|[from] item: Life Orb
|
|-weather|Snowscape|[upkeep]
|-heal|p1a: Glaceon|53/100|[from] ability: Ice Body
|upkeep
|turn|3
|
|t:|1743829650
|move|p2a: Ribombee|Moonblast|p1a: Glaceon
|-damage|p1a: Glaceon|9/100
|move|p1a: Glaceon|Blizzard|p2a: Ribombee
|-damage|p2a: Ribombee|0 fnt
|faint|p2a: Ribombee
|-damage|p1a: Glaceon|0 fnt|[from] item: Life Orb
|faint|p1a: Glaceon
|
|-weather|Snowscape|[upkeep]
|upkeep
|
|t:|1743829669
|switch|p2a: Glimmora|Glimmora, F|100/100
|switch|p1a: Umbreon|Umbreon, M|100/100
|-activate|p1a: Umbreon|move: Sticky Web
|-unboost|p1a: Umbreon|spe|1
|turn|4
|
|t:|1743829678
|move|p2a: Glimmora|Stealth Rock|p1a: Umbreon
|-sidestart|p1: YawiBTMBKL|move: Stealth Rock
|move|p1a: Umbreon|Wish|p1a: Umbreon
|
|-weather|Snowscape|[upkeep]
|upkeep
|turn|5
|
|t:|1743829683
|switch|p1a: Espeon|Espeon, F|100/100
|-activate|p1a: Espeon|move: Sticky Web
|-unboost|p1a: Espeon|spe|1
|-damage|p1a: Espeon|88/100|[from] Stealth Rock
|move|p2a: Glimmora|Spikes|p1a: Espeon
|move|p1a: Espeon|Spikes|p2a: Glimmora|[from] ability: Magic Bounce
|-sidestart|p2: wovladii|Spikes
|
|-weather|none
|-heal|p1a: Espeon|100/100|[from] move: Wish|[wisher] Umbreon
|upkeep
|turn|6
|
|t:|1743829704
|switch|p2a: Latias|Latias, F|100/100
|move|p1a: Espeon|Psychic|p2a: Latias
|-resisted|p2a: Latias
|-damage|p2a: Latias|84/100
|
|-heal|p2a: Latias|90/100|[from] item: Leftovers
|upkeep
|turn|7
|
|t:|1743829726
|move|p2a: Latias|Agility|p2a: Latias
|-boost|p2a: Latias|spe|2
|move|p1a: Espeon|Shadow Ball|p2a: Latias
|-supereffective|p2a: Latias
|-damage|p2a: Latias|45/100
|
|-heal|p2a: Latias|51/100|[from] item: Leftovers
|upkeep
|turn|8
|
|t:|1743829739
|move|p2a: Latias|Draining Kiss|p1a: Espeon
|-damage|p1a: Espeon|83/100
|-heal|p2a: Latias|61/100|[from] drain|[of] p1a: Espeon
|move|p1a: Espeon|Shadow Ball|p2a: Latias
|-supereffective|p2a: Latias
|-damage|p2a: Latias|18/100
|
|-heal|p2a: Latias|25/100|[from] item: Leftovers
|upkeep
|turn|9
|
|t:|1743829761
|switch|p2a: Dragonite|Dragonite, M|100/100
|move|p1a: Espeon|Shadow Ball|p2a: Dragonite
|-damage|p2a: Dragonite|86/100
|-unboost|p2a: Dragonite|spd|1
|
|upkeep
|turn|10
|
|t:|1743829771
|move|p2a: Dragonite|Dragon Dance|p2a: Dragonite
|-boost|p2a: Dragonite|atk|1
|-boost|p2a: Dragonite|spe|1
|move|p1a: Espeon|Power Gem|p2a: Dragonite
|-supereffective|p2a: Dragonite
|-damage|p2a: Dragonite|5/100
|
|upkeep
|turn|11
|inactive|wovladii has 120 seconds left.
|
|t:|1743829797
|move|p2a: Dragonite|Earthquake|p1a: Espeon
|-damage|p1a: Espeon|0 fnt
|faint|p1a: Espeon
|
|upkeep
|
|t:|1743829803
|switch|p1a: Flareon|Flareon, M|100/100
|-activate|p1a: Flareon|move: Sticky Web
|-unboost|p1a: Flareon|spe|1
|-damage|p1a: Flareon|76/100|[from] Stealth Rock
|turn|12
|
|t:|1743829808
|move|p1a: Flareon|Quick Attack|p2a: Dragonite
|-damage|p2a: Dragonite|0 fnt
|faint|p2a: Dragonite
|
|-status|p1a: Flareon|tox|[from] item: Toxic Orb
|upkeep
|
|t:|1743829815
|switch|p2a: Glimmora|Glimmora, F|100/100
|-damage|p2a: Glimmora|88/100|[from] Spikes
|turn|13
|
|t:|1743829819
|move|p2a: Glimmora|Spikes|p1a: Flareon
|-sidestart|p1: YawiBTMBKL|Spikes
|move|p1a: Flareon|Trailblaze|p2a: Glimmora
|-damage|p2a: Glimmora|68/100
|-boost|p1a: Flareon|spe|1
|-activate|p2a: Glimmora|ability: Toxic Debris
|-sidestart|p1: YawiBTMBKL|move: Toxic Spikes
|-enditem|p2a: Glimmora|Red Card|[of] p1a: Flareon
|drag|p1a: Sylveon|Sylveon, F|100/100
|-activate|p1a: Sylveon|move: Sticky Web
|-unboost|p1a: Sylveon|spe|1
|-damage|p1a: Sylveon|88/100|[from] Stealth Rock
|-damage|p1a: Sylveon|76/100|[from] Spikes
|-status|p1a: Sylveon|psn
|
|-damage|p1a: Sylveon|63/100 psn|[from] psn
|upkeep
|turn|14
|
|t:|1743829839
|move|p2a: Glimmora|Spikes|p1a: Sylveon
|-sidestart|p1: YawiBTMBKL|Spikes
|move|p1a: Sylveon|Psychic|p2a: Glimmora
|-supereffective|p2a: Glimmora
|-damage|p2a: Glimmora|24/100
|
|-damage|p1a: Sylveon|51/100 psn|[from] psn
|upkeep
|turn|15
|
|t:|1743829849
|move|p2a: Glimmora|Power Gem|p1a: Sylveon
|-damage|p1a: Sylveon|30/100 psn
|move|p1a: Sylveon|Psychic|p2a: Glimmora
|-supereffective|p2a: Glimmora
|-damage|p2a: Glimmora|0 fnt
|faint|p2a: Glimmora
|
|-damage|p1a: Sylveon|18/100 psn|[from] psn
|upkeep
|
|t:|1743829861
|switch|p2a: Garganacl|Garganacl, M|100/100
|-damage|p2a: Garganacl|88/100|[from] Spikes
|turn|16
|inactive|YawiBTMBKL has 120 seconds left.
|
|t:|1743829895
|move|p1a: Sylveon|Hyper Beam|p2a: Garganacl
|-damage|p2a: Garganacl|25/100
|-mustrecharge|p1a: Sylveon
|move|p2a: Garganacl|Salt Cure|p1a: Sylveon
|-damage|p1a: Sylveon|0 fnt
|faint|p1a: Sylveon
|
|-heal|p2a: Garganacl|32/100|[from] item: Leftovers
|upkeep
|inactive|YawiBTMBKL has 120 seconds left.
|
|t:|1743829903
|switch|p1a: Flareon|Flareon, M|76/100 tox
|-activate|p1a: Flareon|move: Sticky Web
|-unboost|p1a: Flareon|spe|1
|-damage|p1a: Flareon|51/100 tox|[from] Stealth Rock
|-damage|p1a: Flareon|34/100 tox|[from] Spikes
|turn|17
|
|t:|1743829911
|move|p1a: Flareon|Trailblaze|p2a: Garganacl
|-supereffective|p2a: Garganacl
|-damage|p2a: Garganacl|3/100
|-boost|p1a: Flareon|spe|1
|move|p2a: Garganacl|Recover|p2a: Garganacl
|-heal|p2a: Garganacl|53/100
|
|-heal|p2a: Garganacl|59/100|[from] item: Leftovers
|-damage|p1a: Flareon|28/100 tox|[from] psn
|upkeep
|turn|18
|
|t:|1743829925
|move|p1a: Flareon|Flare Blitz|p2a: Garganacl
|-resisted|p2a: Garganacl
|-damage|p2a: Garganacl|33/100
|-damage|p1a: Flareon|18/100 tox|[from] Recoil
|move|p2a: Garganacl|Recover|p2a: Garganacl
|-heal|p2a: Garganacl|83/100
|
|-heal|p2a: Garganacl|89/100|[from] item: Leftovers
|-damage|p1a: Flareon|6/100 tox|[from] psn
|upkeep
|turn|19
|-message|YawiBTMBKL forfeited.
|
|win|wovladii
|raw|YawiBTMBKL's rating: 1071 &rarr; <strong>1051</strong><br />(-20 for losing)
|raw|wovladii's rating: 1088 &rarr; <strong>1113</strong><br />(+25 for winning)
|l|☆YawiBTMBKL
|player|p1|
|l|☆wovladii
|player|p2|
