|j|☆Buzzpeep
|j|☆BluLynx
|inactive|Battle timer is ON: inactive players will automatically lose when time's up.
|t:|1743902444
|gametype|singles
|player|p1|Buzzpeep|proton|
|player|p2|BluLynx|cynthia|
|teamsize|p1|3
|teamsize|p2|3
|gen|9
|tier|[Gen 9] OU
|rated|Tournament battle
|rule|HP Percentage Mod: HP is shown in percentages
|rule|Endless Battle Clause: Forcing endless battles is banned
|rule|Species Clause: Limit one of each Pokémon
|rule|OHKO Clause: OHKO moves are banned
|rule|Evasion Items Clause: Evasion items are banned
|rule|Evasion Moves Clause: Evasion moves are banned
|rule|Sleep Moves Clause: Sleep-inducing moves are banned
|clearpoke
|poke|p1|Snorlax, F|
|poke|p1|Scorbunny, F|
|poke|p1|Sinistcha-Masterpiece|
|poke|p2|Hariyama, M|
|poke|p2|Spoink, M|
|poke|p2|Shieldon, M|
|teampreview
|j|*Lady Monita ❄
|
|t:|1743902459
|start
|switch|p1a: Scorbunny|Scorbunny, F|100/100
|switch|p2a: Shieldon|Shieldon, M, shiny|100/100
|turn|1
|
|t:|1743902467
|move|p1a: Scorbunny|High Jump Kick|p2a: Shieldon
|-supereffective|p2a: Shieldon
|-ability|p2a: Shieldon|Sturdy
|-damage|p2a: Shieldon|1/100
|move|p2a: Shieldon|Thunderbolt|p1a: Scorbunny
|-damage|p1a: Scorbunny|53/100
|
|upkeep
|turn|2
|
|t:|1743902475
|switch|p1a: Sinistcha|Sinistcha-Masterpiece|100/100
|move|p2a: Shieldon|Flamethrower|p1a: Sinistcha
|-supereffective|p1a: Sinistcha
|-damage|p1a: Sinistcha|78/100
|
|-heal|p1a: Sinistcha|84/100|[from] item: Leftovers
|upkeep
|turn|3
|
|t:|1743902483
|move|p1a: Sinistcha|Calm Mind|p1a: Sinistcha
|-boost|p1a: Sinistcha|spa|1
|-boost|p1a: Sinistcha|spd|1
|move|p2a: Shieldon|Ice Beam|p1a: Sinistcha
|-supereffective|p1a: Sinistcha
|-damage|p1a: Sinistcha|56/100
|
|-heal|p1a: Sinistcha|62/100|[from] item: Leftovers
|upkeep
|turn|4
|
|t:|1743902488
|move|p1a: Sinistcha|Calm Mind|p1a: Sinistcha
|-boost|p1a: Sinistcha|spa|1
|-boost|p1a: Sinistcha|spd|1
|move|p2a: Shieldon|Ice Beam|p1a: Sinistcha
|-supereffective|p1a: Sinistcha
|-damage|p1a: Sinistcha|40/100
|
|-heal|p1a: Sinistcha|46/100|[from] item: Leftovers
|upkeep
|turn|5
|
|t:|1743902491
|move|p1a: Sinistcha|Strength Sap|p2a: Shieldon
|-unboost|p2a: Shieldon|atk|1
|-heal|p1a: Sinistcha|70/100
|move|p2a: Shieldon|Ice Beam|p1a: Sinistcha
|-supereffective|p1a: Sinistcha
|-damage|p1a: Sinistcha|48/100
|
|-heal|p1a: Sinistcha|54/100|[from] item: Leftovers
|upkeep
|turn|6
|
|t:|1743902494
|move|p1a: Sinistcha|Matcha Gotcha|p2a: Shieldon
|-damage|p2a: Shieldon|0 fnt
|-heal|p1a: Sinistcha|54/100|[from] drain|[of] p2a: Shieldon
|faint|p2a: Shieldon
|
|-heal|p1a: Sinistcha|60/100|[from] item: Leftovers
|upkeep
|
|t:|1743902500
|switch|p2a: Hariyama|Hariyama, M, shiny|100/100
|turn|7
|
|t:|1743902508
|move|p1a: Sinistcha|Strength Sap|p2a: Hariyama
|-unboost|p2a: Hariyama|atk|1
|-heal|p1a: Sinistcha|100/100
|move|p2a: Hariyama|Poison Jab|p1a: Sinistcha
|-damage|p1a: Sinistcha|81/100
|
|-heal|p1a: Sinistcha|87/100|[from] item: Leftovers
|upkeep
|turn|8
|
|t:|1743902515
|move|p1a: Sinistcha|Matcha Gotcha|p2a: Hariyama
|-damage|p2a: Hariyama|13/100
|-heal|p1a: Sinistcha|100/100|[from] drain|[of] p2a: Hariyama
|move|p2a: Hariyama|Poison Jab|p1a: Sinistcha
|-damage|p1a: Sinistcha|81/100
|
|-heal|p1a: Sinistcha|87/100|[from] item: Leftovers
|upkeep
|turn|9
|
|t:|1743902520
|move|p1a: Sinistcha|Shadow Ball|p2a: Hariyama
|-damage|p2a: Hariyama|0 fnt
|faint|p2a: Hariyama
|
|-heal|p1a: Sinistcha|94/100|[from] item: Leftovers
|upkeep
|
|t:|1743902523
|switch|p2a: Spoink|Spoink, M, shiny|100/100
|turn|10
|
|t:|1743902533
|move|p1a: Sinistcha|Shadow Ball|p2a: Spoink
|-supereffective|p2a: Spoink
|-damage|p2a: Spoink|0 fnt
|faint|p2a: Spoink
|
|win|Buzzpeep
|n|☆Buzzpeep|buzzpeep
|n|☆BluLynx|blulynx
|n|*Lady Monita ❄|ladymonita
