|j|☆twistmebabe
|j|☆The Name Change
|t:|1743861627
|gametype|singles
|player|p1|twistmebabe|wallace|1414
|player|p2|The Name Change|2|1496
|teamsize|p1|6
|teamsize|p2|6
|gen|9
|tier|[Gen 9] OU
|rated|
|rule|HP Percentage Mod: HP is shown in percentages
|rule|Endless Battle Clause: Forcing endless battles is banned
|rule|Species Clause: Limit one of each Pokémon
|rule|OHKO Clause: OHKO moves are banned
|rule|Evasion Items Clause: Evasion items are banned
|rule|Evasion Moves Clause: Evasion moves are banned
|rule|Sleep Moves Clause: Sleep-inducing moves are banned
|clearpoke
|poke|p1|Ninetales, F|
|poke|p1|Walking Wake|
|poke|p1|Leavanny, M|
|poke|p1|Great Tusk|
|poke|p1|Iron Moth|
|poke|p1|Ceruledge, F|
|poke|p2|Gliscor, M|
|poke|p2|Keldeo|
|poke|p2|Ting-Lu|
|poke|p2|Sinistcha-Masterpiece|
|poke|p2|Tinkaton, F|
|poke|p2|Dragonite, F|
|teampreview
|inactive|Battle timer is ON: inactive players will automatically lose when time's up. (requested by twistmebabe)
|inactive|twistmebabe has 120 seconds left.
|
|t:|1743861677
|start
|switch|p1a: Ninetales|Ninetales, F, shiny|100/100
|switch|p2a: Ting-Lu|Ting-Lu|100/100
|-weather|SunnyDay|[from] ability: Drought|[of] p1a: Ninetales
|-ability|p2a: Ting-Lu|Vessel of Ruin
|turn|1
|
|t:|1743861693
|move|p1a: Ninetales|Scorching Sands|p2a: Ting-Lu
|-damage|p2a: Ting-Lu|94/100
|-status|p2a: Ting-Lu|brn
|move|p2a: Ting-Lu|Earthquake|p1a: Ninetales
|-supereffective|p1a: Ninetales
|-damage|p1a: Ninetales|55/100
|
|-weather|SunnyDay|[upkeep]
|-heal|p2a: Ting-Lu|99/100 brn|[from] item: Leftovers
|-damage|p2a: Ting-Lu|94/100 brn|[from] brn
|upkeep
|turn|2
|
|t:|1743861710
|switch|p1a: Leavanny|Leavanny, M, shiny|100/100
|move|p2a: Ting-Lu|Whirlwind|p1a: Leavanny
|drag|p1a: Ceruledge|Ceruledge, F, shiny|100/100
|
|-weather|SunnyDay|[upkeep]
|-heal|p2a: Ting-Lu|99/100 brn|[from] item: Leftovers
|-damage|p2a: Ting-Lu|94/100 brn|[from] brn
|upkeep
|turn|3
|
|t:|1743861719
|move|p1a: Ceruledge|Solar Blade||[still]
|-prepare|p1a: Ceruledge|Solar Blade
|-anim|p1a: Ceruledge|Solar Blade|p2a: Ting-Lu
|-supereffective|p2a: Ting-Lu
|-damage|p2a: Ting-Lu|44/100 brn
|move|p2a: Ting-Lu|Spikes|p1a: Ceruledge
|-sidestart|p1: twistmebabe|Spikes
|
|-weather|SunnyDay|[upkeep]
|-heal|p2a: Ting-Lu|50/100 brn|[from] item: Leftovers
|-damage|p2a: Ting-Lu|44/100 brn|[from] brn
|upkeep
|turn|4
|
|t:|1743861728
|switch|p2a: Gliscor|Gliscor, M|100/100
|move|p1a: Ceruledge|Solar Blade||[still]
|-prepare|p1a: Ceruledge|Solar Blade
|-anim|p1a: Ceruledge|Solar Blade|p2a: Gliscor
|-damage|p2a: Gliscor|63/100
|
|-weather|SunnyDay|[upkeep]
|-status|p2a: Gliscor|tox|[from] item: Toxic Orb
|upkeep
|turn|5
|
|t:|1743861735
|move|p2a: Gliscor|Knock Off|p1a: Ceruledge
|-supereffective|p1a: Ceruledge
|-damage|p1a: Ceruledge|37/100
|-ability|p1a: Ceruledge|Weak Armor|boost
|-unboost|p1a: Ceruledge|def|1
|-boost|p1a: Ceruledge|spe|2
|-enditem|p1a: Ceruledge|Focus Sash|[from] move: Knock Off|[of] p2a: Gliscor
|move|p1a: Ceruledge|Swords Dance|p1a: Ceruledge
|-boost|p1a: Ceruledge|atk|2
|
|-weather|SunnyDay|[upkeep]
|-heal|p2a: Gliscor|75/100 tox|[from] ability: Poison Heal
|upkeep
|turn|6
|
|t:|1743861743
|move|p2a: Gliscor|Protect|p2a: Gliscor
|-singleturn|p2a: Gliscor|Protect
|move|p1a: Ceruledge|Bitter Blade|p2a: Gliscor
|-activate|p2a: Gliscor|move: Protect
|
|-weather|SunnyDay|[upkeep]
|-heal|p2a: Gliscor|88/100 tox|[from] ability: Poison Heal
|upkeep
|turn|7
|
|t:|1743861754
|-terastallize|p1a: Ceruledge|Grass
|move|p1a: Ceruledge|Solar Blade||[still]
|-prepare|p1a: Ceruledge|Solar Blade
|-anim|p1a: Ceruledge|Solar Blade|p2a: Gliscor
|-damage|p2a: Gliscor|0 fnt
|faint|p2a: Gliscor
|
|-weather|SunnyDay|[upkeep]
|upkeep
|
|t:|1743861764
|switch|p2a: Dragonite|Dragonite, F|100/100
|turn|8
|c|☆The Name Change|cool set
|
|t:|1743861775
|move|p2a: Dragonite|Extreme Speed|p1a: Ceruledge
|-damage|p1a: Ceruledge|0 fnt
|faint|p1a: Ceruledge
|
|-weather|none
|upkeep
|
|t:|1743861778
|switch|p1a: Great Tusk|Great Tusk|100/100
|turn|9
|
|t:|1743861802
|switch|p2a: Sinistcha|Sinistcha-Masterpiece|100/100
|move|p1a: Great Tusk|Ice Spinner|p2a: Sinistcha
|-supereffective|p2a: Sinistcha
|-damage|p2a: Sinistcha|63/100
|
|upkeep
|turn|10
|
|t:|1743861812
|-end|p1a: Great Tusk|Protosynthesis|[silent]
|switch|p1a: Ninetales|Ninetales, F, shiny|55/100
|-damage|p1a: Ninetales|42/100|[from] Spikes
|-weather|SunnyDay|[from] ability: Drought|[of] p1a: Ninetales
|move|p2a: Sinistcha|Strength Sap|p1a: Ninetales
|-unboost|p1a: Ninetales|atk|1
|-heal|p2a: Sinistcha|100/100
|
|-weather|SunnyDay|[upkeep]
|upkeep
|turn|11
|
|t:|1743861821
|move|p1a: Ninetales|Encore|p2a: Sinistcha
|-start|p2a: Sinistcha|Encore
|move|p2a: Sinistcha|Strength Sap|p1a: Ninetales
|-unboost|p1a: Ninetales|atk|1
|
|-weather|SunnyDay|[upkeep]
|upkeep
|turn|12
|
|t:|1743861834
|switch|p1a: Leavanny|Leavanny, M, shiny|100/100
|-damage|p1a: Leavanny|88/100|[from] Spikes
|switch|p2a: Keldeo|Keldeo|100/100
|
|-weather|SunnyDay|[upkeep]
|upkeep
|turn|13
|
|t:|1743861844
|switch|p2a: Sinistcha|Sinistcha-Masterpiece|100/100
|move|p1a: Leavanny|Sticky Web|p2a: Sinistcha
|-sidestart|p2: The Name Change|move: Sticky Web
|
|-weather|SunnyDay|[upkeep]
|upkeep
|turn|14
|
|t:|1743861852
|move|p1a: Leavanny|Triple Axel|p2a: Sinistcha|[miss]
|-miss|p1a: Leavanny|p2a: Sinistcha
|move|p2a: Sinistcha|Calm Mind|p2a: Sinistcha
|-boost|p2a: Sinistcha|spa|1
|-boost|p2a: Sinistcha|spd|1
|
|-weather|SunnyDay|[upkeep]
|upkeep
|turn|15
|
|t:|1743861862
|move|p1a: Leavanny|Triple Axel|p2a: Sinistcha
|-supereffective|p2a: Sinistcha
|-damage|p2a: Sinistcha|92/100
|-supereffective|p2a: Sinistcha
|-damage|p2a: Sinistcha|77/100
|-supereffective|p2a: Sinistcha
|-damage|p2a: Sinistcha|52/100
|-hitcount|p2a: Sinistcha|3
|move|p2a: Sinistcha|Strength Sap|p1a: Leavanny
|-unboost|p1a: Leavanny|atk|1
|-enditem|p1a: Leavanny|Eject Pack
|-heal|p2a: Sinistcha|100/100
|
|t:|1743861889
|switch|p1a: Iron Moth|Iron Moth, shiny|100/100
|-damage|p1a: Iron Moth|88/100|[from] Spikes
|-enditem|p1a: Iron Moth|Booster Energy
|-activate|p1a: Iron Moth|ability: Quark Drive|[fromitem]
|-start|p1a: Iron Moth|quarkdrivespa
|
|-weather|SunnyDay|[upkeep]
|upkeep
|turn|16
|
|t:|1743861896
|move|p1a: Iron Moth|Fiery Dance|p2a: Sinistcha
|-supereffective|p2a: Sinistcha
|-damage|p2a: Sinistcha|31/100
|-boost|p1a: Iron Moth|spa|1
|move|p2a: Sinistcha|Shadow Ball|p1a: Iron Moth
|-damage|p1a: Iron Moth|39/100
|-unboost|p1a: Iron Moth|spd|1
|
|-weather|SunnyDay|[upkeep]
|upkeep
|turn|17
|
|t:|1743861920
|switch|p2a: Keldeo|Keldeo|100/100
|move|p1a: Iron Moth|Fiery Dance|p2a: Keldeo
|-resisted|p2a: Keldeo
|-damage|p2a: Keldeo|28/100
|-boost|p1a: Iron Moth|spa|1
|
|-weather|none
|upkeep
|turn|18
|
|t:|1743861927
|move|p1a: Iron Moth|Energy Ball|p2a: Keldeo
|-supereffective|p2a: Keldeo
|-damage|p2a: Keldeo|0 fnt
|faint|p2a: Keldeo
|
|upkeep
|
|t:|1743861931
|switch|p2a: Dragonite|Dragonite, F|100/100
|turn|19
|
|t:|1743861945
|move|p2a: Dragonite|Extreme Speed|p1a: Iron Moth
|-damage|p1a: Iron Moth|0 fnt
|faint|p1a: Iron Moth
|-end|p1a: Iron Moth|Quark Drive|[silent]
|
|upkeep
|
|t:|1743861954
|switch|p1a: Great Tusk|Great Tusk|100/100
|turn|20
|
|t:|1743861967
|switch|p2a: Ting-Lu|Ting-Lu|44/100 brn
|-activate|p2a: Ting-Lu|move: Sticky Web
|-unboost|p2a: Ting-Lu|spe|1
|-ability|p2a: Ting-Lu|Vessel of Ruin
|move|p1a: Great Tusk|Rapid Spin|p2a: Ting-Lu
|-damage|p2a: Ting-Lu|33/100 brn
|-boost|p1a: Great Tusk|spe|1
|-sideend|p1: twistmebabe|Spikes|[from] move: Rapid Spin|[of] p1a: Great Tusk
|
|-heal|p2a: Ting-Lu|39/100 brn|[from] item: Leftovers
|-damage|p2a: Ting-Lu|33/100 brn|[from] brn
|upkeep
|turn|21
|
|t:|1743861977
|move|p1a: Great Tusk|Headlong Rush|p2a: Ting-Lu
|-damage|p2a: Ting-Lu|0 fnt
|-unboost|p1a: Great Tusk|def|1
|-unboost|p1a: Great Tusk|spd|1
|faint|p2a: Ting-Lu
|
|upkeep
|
|t:|1743861989
|switch|p2a: Sinistcha|Sinistcha-Masterpiece|31/100
|turn|22
|
|t:|1743862013
|-terastallize|p2a: Sinistcha|Poison
|move|p1a: Great Tusk|Ice Spinner|p2a: Sinistcha
|-damage|p2a: Sinistcha|10/100
|move|p2a: Sinistcha|Strength Sap|p1a: Great Tusk
|-unboost|p1a: Great Tusk|atk|1
|-heal|p2a: Sinistcha|100/100
|
|upkeep
|turn|23
|
|t:|1743862023
|move|p1a: Great Tusk|Headlong Rush|p2a: Sinistcha
|-supereffective|p2a: Sinistcha
|-damage|p2a: Sinistcha|41/100
|-unboost|p1a: Great Tusk|def|1
|-unboost|p1a: Great Tusk|spd|1
|move|p2a: Sinistcha|Strength Sap|p1a: Great Tusk
|-unboost|p1a: Great Tusk|atk|1
|-heal|p2a: Sinistcha|100/100
|
|upkeep
|turn|24
|
|t:|1743862030
|-end|p1a: Great Tusk|Protosynthesis|[silent]
|switch|p1a: Ninetales|Ninetales, F, shiny|42/100
|-weather|SunnyDay|[from] ability: Drought|[of] p1a: Ninetales
|move|p2a: Sinistcha|Calm Mind|p2a: Sinistcha
|-boost|p2a: Sinistcha|spa|1
|-boost|p2a: Sinistcha|spd|1
|
|-weather|SunnyDay|[upkeep]
|upkeep
|turn|25
|
|t:|1743862036
|move|p1a: Ninetales|Encore|p2a: Sinistcha
|-start|p2a: Sinistcha|Encore
|move|p2a: Sinistcha|Calm Mind|p2a: Sinistcha
|-boost|p2a: Sinistcha|spa|1
|-boost|p2a: Sinistcha|spd|1
|
|-weather|SunnyDay|[upkeep]
|upkeep
|turn|26
|
|t:|1743862046
|switch|p1a: Great Tusk|Great Tusk|100/100
|-activate|p1a: Great Tusk|ability: Protosynthesis
|-start|p1a: Great Tusk|protosynthesisatk
|move|p2a: Sinistcha|Calm Mind|p2a: Sinistcha
|-boost|p2a: Sinistcha|spa|1
|-boost|p2a: Sinistcha|spd|1
|
|-weather|SunnyDay|[upkeep]
|upkeep
|turn|27
|
|t:|1743862055
|switch|p2a: Tinkaton|Tinkaton, F|100/100
|-ability|p2a: Tinkaton|Mold Breaker
|-item|p2a: Tinkaton|Air Balloon
|move|p1a: Great Tusk|Headlong Rush|p2a: Tinkaton
|-immune|p2a: Tinkaton
|
|-weather|SunnyDay|[upkeep]
|upkeep
|turn|28
|
|t:|1743862066
|-end|p1a: Great Tusk|Protosynthesis|[silent]
|switch|p1a: Leavanny|Leavanny, M, shiny|88/100
|move|p2a: Tinkaton|Gigaton Hammer|p1a: Leavanny
|-damage|p1a: Leavanny|31/100
|
|-weather|SunnyDay|[upkeep]
|upkeep
|turn|29
|
|t:|1743862072
|move|p1a: Leavanny|Low Kick|p2a: Tinkaton
|-damage|p2a: Tinkaton|68/100
|-enditem|p2a: Tinkaton|Air Balloon
|move|p2a: Tinkaton|Thunder Wave|p1a: Leavanny|[miss]
|-miss|p2a: Tinkaton|p1a: Leavanny
|
|-weather|SunnyDay|[upkeep]
|upkeep
|turn|30
|
|t:|1743862081
|move|p1a: Leavanny|Low Kick|p2a: Tinkaton
|-damage|p2a: Tinkaton|38/100
|move|p2a: Tinkaton|Gigaton Hammer|p1a: Leavanny
|-damage|p1a: Leavanny|0 fnt
|faint|p1a: Leavanny
|
|-weather|SunnyDay|[upkeep]
|upkeep
|
|t:|1743862086
|switch|p1a: Walking Wake|Walking Wake|100/100
|-activate|p1a: Walking Wake|ability: Protosynthesis
|-start|p1a: Walking Wake|protosynthesisspa
|turn|31
|
|t:|1743862092
|move|p1a: Walking Wake|Flamethrower|p2a: Tinkaton
|-supereffective|p2a: Tinkaton
|-damage|p2a: Tinkaton|0 fnt
|faint|p2a: Tinkaton
|
|-weather|none
|-end|p1a: Walking Wake|Protosynthesis
|upkeep
|
|t:|1743862107
|switch|p2a: Sinistcha|Sinistcha-Masterpiece, tera:Poison|100/100
|turn|32
|
|t:|1743862127
|-end|p1a: Walking Wake|Protosynthesis|[silent]
|switch|p1a: Ninetales|Ninetales, F, shiny|42/100
|-weather|SunnyDay|[from] ability: Drought|[of] p1a: Ninetales
|move|p2a: Sinistcha|Shadow Ball|p1a: Ninetales
|-damage|p1a: Ninetales|13/100
|-unboost|p1a: Ninetales|spd|1
|
|-weather|SunnyDay|[upkeep]
|upkeep
|turn|33
|
|t:|1743862137
|move|p1a: Ninetales|Scorching Sands|p2a: Sinistcha
|-supereffective|p2a: Sinistcha
|-damage|p2a: Sinistcha|69/100
|move|p2a: Sinistcha|Shadow Ball|p1a: Ninetales
|-damage|p1a: Ninetales|0 fnt
|faint|p1a: Ninetales
|
|-weather|SunnyDay|[upkeep]
|upkeep
|
|t:|1743862144
|switch|p1a: Great Tusk|Great Tusk|100/100
|-activate|p1a: Great Tusk|ability: Protosynthesis
|-start|p1a: Great Tusk|protosynthesisatk
|turn|34
|
|t:|1743862150
|move|p1a: Great Tusk|Headlong Rush|p2a: Sinistcha
|-supereffective|p2a: Sinistcha
|-damage|p2a: Sinistcha|0 fnt
|-unboost|p1a: Great Tusk|def|1
|-unboost|p1a: Great Tusk|spd|1
|faint|p2a: Sinistcha
|
|-weather|SunnyDay|[upkeep]
|upkeep
|
|t:|1743862152
|switch|p2a: Dragonite|Dragonite, F|100/100
|turn|35
|
|t:|1743862157
|-end|p1a: Great Tusk|Protosynthesis|[silent]
|switch|p1a: Walking Wake|Walking Wake|100/100
|-activate|p1a: Walking Wake|ability: Protosynthesis
|-start|p1a: Walking Wake|protosynthesisspa
|move|p2a: Dragonite|Earthquake|p1a: Walking Wake
|-crit|p1a: Walking Wake
|-damage|p1a: Walking Wake|43/100
|
|-weather|SunnyDay|[upkeep]
|upkeep
|turn|36
|
|t:|1743862167
|move|p2a: Dragonite|Extreme Speed|p1a: Walking Wake
|-damage|p1a: Walking Wake|11/100
|move|p1a: Walking Wake|Dragon Pulse|p2a: Dragonite
|-supereffective|p2a: Dragonite
|-damage|p2a: Dragonite|23/100
|
|-weather|SunnyDay|[upkeep]
|upkeep
|turn|37
|
|t:|1743862173
|move|p2a: Dragonite|Extreme Speed|p1a: Walking Wake
|-damage|p1a: Walking Wake|0 fnt
|faint|p1a: Walking Wake
|-end|p1a: Walking Wake|Protosynthesis|[silent]
|
|-weather|SunnyDay|[upkeep]
|upkeep
|
|t:|1743862174
|switch|p1a: Great Tusk|Great Tusk|100/100
|-activate|p1a: Great Tusk|ability: Protosynthesis
|-start|p1a: Great Tusk|protosynthesisatk
|turn|38
|
|t:|1743862176
|move|p1a: Great Tusk|Ice Spinner|p2a: Dragonite
|-supereffective|p2a: Dragonite
|-damage|p2a: Dragonite|0 fnt
|faint|p2a: Dragonite
|
|win|twistmebabe
|raw|twistmebabe's rating: 1414 &rarr; <strong>1439</strong><br />(+25 for winning)
|raw|The Name Change's rating: 1496 &rarr; <strong>1471</strong><br />(-25 for losing)
|l|☆The Name Change
|player|p2|
|l|☆twistmebabe
|player|p1|
