|j|☆Mfavela42
|j|☆Masterofallformats
|t:|1743880903
|gametype|singles
|player|p1|Mfavela42|byron|1025
|player|p2|Masterofallformats|backersf|1077
|teamsize|p1|6
|teamsize|p2|6
|gen|9
|tier|[Gen 9] OU
|rated|
|rule|HP Percentage Mod: HP is shown in percentages
|rule|Endless Battle Clause: Forcing endless battles is banned
|rule|Species Clause: Limit one of each Pokémon
|rule|OHKO Clause: OHKO moves are banned
|rule|Evasion Items Clause: Evasion items are banned
|rule|Evasion Moves Clause: Evasion moves are banned
|rule|Sleep Moves Clause: Sleep-inducing moves are banned
|clearpoke
|poke|p1|Overqwil, F|
|poke|p1|Kleavor, F|
|poke|p1|Wo-Chien|
|poke|p1|Galvantula, M|
|poke|p1|Staraptor, M|
|poke|p1|Dragonite, M|
|poke|p2|Regigigas|
|poke|p2|Haxorus, M|
|poke|p2|Kyurem|
|poke|p2|Zamazenta-*|
|poke|p2|Darkrai|
|poke|p2|Necrozma|
|teampreview
|inactive|Battle timer is ON: inactive players will automatically lose when time's up. (requested by Masterofallformats)
|
|t:|1743880919
|start
|switch|p1a: Galvantula|Galvantula, M|100/100
|switch|p2a: Regigigas|Regigigas|100/100
|-item|p1a: Galvantula|Air Balloon
|-start|p2a: Regigigas|ability: Slow Start
|turn|1
|
|t:|1743880923
|move|p1a: Galvantula|Thunder Wave|p2a: Regigigas
|-status|p2a: Regigigas|par
|move|p2a: Regigigas|Substitute|p2a: Regigigas
|-start|p2a: Regigigas|Substitute
|-damage|p2a: Regigigas|76/100 par
|
|upkeep
|turn|2
|
|t:|1743880932
|move|p1a: Galvantula|Bug Buzz|p2a: Regigigas
|-damage|p2a: Regigigas|47/100 par
|cant|p2a: Regigigas|par
|
|upkeep
|turn|3
|
|t:|1743880937
|move|p1a: Galvantula|Bug Buzz|p2a: Regigigas
|-damage|p2a: Regigigas|17/100 par
|cant|p2a: Regigigas|par
|
|upkeep
|turn|4
|
|t:|1743880942
|move|p1a: Galvantula|Bug Buzz|p2a: Regigigas
|-damage|p2a: Regigigas|0 fnt
|faint|p2a: Regigigas
|-end|p2a: Regigigas|Slow Start|[silent]
|
|upkeep
|
|t:|1743880945
|switch|p2a: Haxorus|Haxorus, M, shiny|100/100
|-ability|p2a: Haxorus|Mold Breaker
|turn|5
|
|t:|1743880950
|move|p1a: Galvantula|Thunder Wave|p2a: Haxorus
|-status|p2a: Haxorus|par
|move|p2a: Haxorus|Dragon Claw|p1a: Galvantula
|-damage|p1a: Galvantula|0 fnt
|-enditem|p1a: Galvantula|Air Balloon
|faint|p1a: Galvantula
|
|upkeep
|
|t:|1743880969
|switch|p1a: Wo-Chien|Wo-Chien|100/100
|-ability|p1a: Wo-Chien|Tablets of Ruin
|turn|6
|
|t:|1743880973
|move|p1a: Wo-Chien|Reflect|p1a: Wo-Chien
|-sidestart|p1: Mfavela42|Reflect
|move|p2a: Haxorus|Dragon Claw|p1a: Wo-Chien
|-damage|p1a: Wo-Chien|75/100
|
|-heal|p1a: Wo-Chien|82/100|[from] item: Leftovers
|upkeep
|turn|7
|
|t:|1743880982
|switch|p2a: Kyurem|Kyurem|100/100
|-ability|p2a: Kyurem|Pressure
|move|p1a: Wo-Chien|Ingrain|p1a: Wo-Chien
|-start|p1a: Wo-Chien|move: Ingrain
|
|-heal|p1a: Wo-Chien|88/100|[from] item: Leftovers
|-heal|p1a: Wo-Chien|94/100|[from] Ingrain
|upkeep
|turn|8
|
|t:|1743880989
|-terastallize|p1a: Wo-Chien|Dark
|move|p2a: Kyurem|Ice Beam|p1a: Wo-Chien
|-damage|p1a: Wo-Chien|67/100
|move|p1a: Wo-Chien|Ruination|p2a: Kyurem
|-damage|p2a: Kyurem|51/100
|
|-heal|p1a: Wo-Chien|73/100|[from] item: Leftovers
|-heal|p1a: Wo-Chien|80/100|[from] Ingrain
|upkeep
|turn|9
|
|t:|1743880998
|move|p2a: Kyurem|Ice Beam|p1a: Wo-Chien
|-damage|p1a: Wo-Chien|55/100
|-status|p1a: Wo-Chien|frz
|cant|p1a: Wo-Chien|frz
|
|-heal|p1a: Wo-Chien|61/100 frz|[from] item: Leftovers
|-heal|p1a: Wo-Chien|67/100 frz|[from] Ingrain
|upkeep
|turn|10
|
|t:|1743881006
|move|p2a: Kyurem|Ice Beam|p1a: Wo-Chien
|-crit|p1a: Wo-Chien
|-damage|p1a: Wo-Chien|27/100 frz
|cant|p1a: Wo-Chien|frz
|
|-heal|p1a: Wo-Chien|33/100 frz|[from] item: Leftovers
|-heal|p1a: Wo-Chien|40/100 frz|[from] Ingrain
|-sideend|p1: Mfavela42|Reflect
|upkeep
|turn|11
|
|t:|1743881015
|move|p2a: Kyurem|Ice Beam|p1a: Wo-Chien
|-damage|p1a: Wo-Chien|15/100 frz
|cant|p1a: Wo-Chien|frz
|
|-heal|p1a: Wo-Chien|21/100 frz|[from] item: Leftovers
|-heal|p1a: Wo-Chien|28/100 frz|[from] Ingrain
|upkeep
|turn|12
|
|t:|1743881020
|move|p2a: Kyurem|Ice Beam|p1a: Wo-Chien
|-damage|p1a: Wo-Chien|3/100 frz
|-curestatus|p1a: Wo-Chien|frz|[msg]
|move|p1a: Wo-Chien|Leech Seed|p2a: Kyurem
|-start|p2a: Kyurem|move: Leech Seed
|
|-heal|p1a: Wo-Chien|9/100|[from] item: Leftovers
|-heal|p1a: Wo-Chien|15/100|[from] Ingrain
|-damage|p2a: Kyurem|38/100|[from] Leech Seed|[of] p1a: Wo-Chien
|-heal|p1a: Wo-Chien|28/100|[silent]
|upkeep
|turn|13
|
|t:|1743881026
|move|p2a: Kyurem|Ice Beam|p1a: Wo-Chien
|-damage|p1a: Wo-Chien|3/100
|-status|p1a: Wo-Chien|frz
|cant|p1a: Wo-Chien|frz
|
|-heal|p1a: Wo-Chien|9/100 frz|[from] item: Leftovers
|-heal|p1a: Wo-Chien|15/100 frz|[from] Ingrain
|-damage|p2a: Kyurem|26/100|[from] Leech Seed|[of] p1a: Wo-Chien
|-heal|p1a: Wo-Chien|28/100 frz|[silent]
|upkeep
|turn|14
|
|t:|1743881031
|move|p2a: Kyurem|Ice Beam|p1a: Wo-Chien
|-damage|p1a: Wo-Chien|1/100 frz
|cant|p1a: Wo-Chien|frz
|
|-heal|p1a: Wo-Chien|7/100 frz|[from] item: Leftovers
|-heal|p1a: Wo-Chien|14/100 frz|[from] Ingrain
|-damage|p2a: Kyurem|14/100|[from] Leech Seed|[of] p1a: Wo-Chien
|-heal|p1a: Wo-Chien|26/100 frz|[silent]
|upkeep
|turn|15
|
|t:|1743881036
|-terastallize|p2a: Kyurem|Ice
|move|p2a: Kyurem|Ice Beam|p1a: Wo-Chien
|-damage|p1a: Wo-Chien|0 fnt
|faint|p1a: Wo-Chien
|
|upkeep
|c|☆Masterofallformats|Damn my luck
|
|t:|1743881044
|switch|p1a: Overqwil|Overqwil, F|100/100
|turn|16
|c|☆Masterofallformats|No skill all luck
|
|t:|1743881053
|move|p2a: Kyurem|Ice Beam|p1a: Overqwil
|-damage|p1a: Overqwil|10/100
|-enditem|p1a: Overqwil|Figy Berry|[eat]
|-heal|p1a: Overqwil|43/100|[from] item: Figy Berry
|move|p1a: Overqwil|Fell Stinger|p2a: Kyurem
|-damage|p2a: Kyurem|0 fnt
|faint|p2a: Kyurem
|-boost|p1a: Overqwil|atk|3
|
|upkeep
|
|t:|1743881060
|switch|p2a: Haxorus|Haxorus, M, shiny|100/100 par
|-ability|p2a: Haxorus|Mold Breaker
|turn|17
|
|t:|1743881070
|move|p1a: Overqwil|Barb Barrage|p2a: Haxorus
|-damage|p2a: Haxorus|2/100 par
|move|p2a: Haxorus|Earthquake|p1a: Overqwil
|-supereffective|p1a: Overqwil
|-damage|p1a: Overqwil|0 fnt
|faint|p1a: Overqwil
|
|upkeep
|
|t:|1743881077
|switch|p1a: Kleavor|Kleavor, F|100/100
|turn|18
|
|t:|1743881083
|move|p1a: Kleavor|Fury Cutter|p2a: Haxorus
|-damage|p2a: Haxorus|0 fnt
|faint|p2a: Haxorus
|
|upkeep
|
|t:|1743881086
|switch|p2a: Necrozma|Necrozma|100/100
|turn|19
|
|t:|1743881091
|move|p1a: Kleavor|Fury Cutter|p2a: Necrozma
|-supereffective|p2a: Necrozma
|-damage|p2a: Necrozma|4/100
|-enditem|p2a: Necrozma|Weakness Policy
|-boost|p2a: Necrozma|atk|2|[from] item: Weakness Policy
|-boost|p2a: Necrozma|spa|2|[from] item: Weakness Policy
|move|p2a: Necrozma|Photon Geyser|p1a: Kleavor
|-damage|p1a: Kleavor|0 fnt
|faint|p1a: Kleavor
|
|upkeep
|
|t:|1743881101
|switch|p1a: Dragonite|Dragonite, M|100/100
|turn|20
|
|t:|1743881105
|move|p1a: Dragonite|Extreme Speed|p2a: Necrozma
|-damage|p2a: Necrozma|0 fnt
|faint|p2a: Necrozma
|
|upkeep
|
|t:|1743881108
|switch|p2a: Darkrai|Darkrai|100/100
|turn|21
|
|t:|1743881112
|switch|p1a: Staraptor|Staraptor, M|100/100
|move|p2a: Darkrai|Ice Beam|p1a: Staraptor
|-supereffective|p1a: Staraptor
|-enditem|p1a: Staraptor|Focus Sash
|-damage|p1a: Staraptor|1/100
|
|upkeep
|turn|22
|
|t:|1743881121
|move|p2a: Darkrai|Dark Pulse|p1a: Staraptor
|-damage|p1a: Staraptor|0 fnt
|faint|p1a: Staraptor
|
|upkeep
|
|t:|1743881124
|switch|p1a: Dragonite|Dragonite, M|100/100
|turn|23
|
|t:|1743881134
|move|p2a: Darkrai|Ice Beam|p1a: Dragonite
|-supereffective|p1a: Dragonite
|-damage|p1a: Dragonite|34/100
|move|p1a: Dragonite|Dragon Dance|p1a: Dragonite
|-boost|p1a: Dragonite|atk|1
|-boost|p1a: Dragonite|spe|1
|
|upkeep
|turn|24
|
|t:|1743881139
|move|p1a: Dragonite|Outrage|p2a: Darkrai
|-damage|p2a: Darkrai|0 fnt
|faint|p2a: Darkrai
|
|upkeep
|
|t:|1743881140
|switch|p2a: Zamazenta|Zamazenta|100/100
|-ability|p2a: Zamazenta|Dauntless Shield|boost
|-boost|p2a: Zamazenta|def|1
|turn|25
|
|t:|1743881143
|move|p2a: Zamazenta|Ice Fang|p1a: Dragonite
|-supereffective|p1a: Dragonite
|-damage|p1a: Dragonite|0 fnt
|faint|p1a: Dragonite
|
|win|Masterofallformats
|raw|Mfavela42's rating: 1025 &rarr; <strong>1013</strong><br />(-12 for losing)
|raw|Masterofallformats's rating: 1077 &rarr; <strong>1101</strong><br />(+24 for winning)
