|j|☆kckayak
|j|☆IASASAY
|t:|1743805368
|gametype|singles
|player|p1|kckayak|169|1000
|player|p2|IASASAY|ghetsis|1049
|teamsize|p1|6
|teamsize|p2|6
|gen|9
|tier|[Gen 9] OU
|rated|
|rule|HP Percentage Mod: HP is shown in percentages
|rule|Endless Battle Clause: Forcing endless battles is banned
|rule|Species Clause: Limit one of each Pokémon
|rule|OHKO Clause: OHKO moves are banned
|rule|Evasion Items Clause: Evasion items are banned
|rule|Evasion Moves Clause: Evasion moves are banned
|rule|Sleep Moves Clause: Sleep-inducing moves are banned
|clearpoke
|poke|p1|Kyurem|
|poke|p1|Ting-Lu|
|poke|p1|Corviknight, M|
|poke|p1|Weezing-Galar, M|
|poke|p1|Zamazenta-*|
|poke|p1|Toxapex, M|
|poke|p2|Inteleon, F|
|poke|p2|Dragapult, F|
|poke|p2|Cinderace, F|
|poke|p2|Corviknight, F|
|poke|p2|Alomomola, F|
|poke|p2|Ting-Lu|
|teampreview
|
|t:|1743805384
|start
|switch|p1a: Kyurem|Kyurem, shiny|100/100
|switch|p2a: Inteleon|Inteleon, F|100/100
|-ability|p1a: Kyurem|Pressure
|turn|1
|
|t:|1743805420
|move|p2a: Inteleon|U-turn|p1a: Kyurem
|-damage|p1a: Kyurem|87/100
|
|t:|1743805425
|switch|p2a: Ting-Lu|Ting-Lu|100/100|[from] U-turn
|-ability|p2a: Ting-Lu|Vessel of Ruin
|move|p1a: Kyurem|Earth Power|p2a: Ting-Lu
|-damage|p2a: Ting-Lu|87/100
|
|-heal|p1a: Kyurem|93/100|[from] item: Leftovers
|-heal|p2a: Ting-Lu|93/100|[from] item: Leftovers
|upkeep
|turn|2
|inactive|Battle timer is ON: inactive players will automatically lose when time's up. (requested by IASASAY)
|
|t:|1743805452
|move|p1a: Kyurem|Freeze-Dry|p2a: Ting-Lu
|-supereffective|p2a: Ting-Lu
|-damage|p2a: Ting-Lu|60/100
|move|p2a: Ting-Lu|Stealth Rock|p1a: Kyurem
|-sidestart|p1: kckayak|move: Stealth Rock
|
|-heal|p1a: Kyurem|99/100|[from] item: Leftovers
|-heal|p2a: Ting-Lu|66/100|[from] item: Leftovers
|upkeep
|turn|3
|
|t:|1743805469
|switch|p2a: Cinderace|Cinderace, F|100/100
|move|p1a: Kyurem|Freeze-Dry|p2a: Cinderace
|-resisted|p2a: Cinderace
|-damage|p2a: Cinderace|76/100
|
|-heal|p1a: Kyurem|100/100|[from] item: Leftovers
|upkeep
|turn|4
|
|t:|1743805488
|move|p2a: Cinderace|U-turn|p1a: Kyurem
|-start|p2a: Cinderace|typechange|Bug|[from] ability: Libero
|-damage|p1a: Kyurem|67/100
|
|t:|1743805492
|switch|p2a: Dragapult|Dragapult, F|100/100|[from] U-turn
|move|p1a: Kyurem|Earth Power|p2a: Dragapult
|-damage|p2a: Dragapult|63/100
|
|-heal|p1a: Kyurem|73/100|[from] item: Leftovers
|upkeep
|turn|5
|inactive|kckayak has 120 seconds left.
|
|t:|1743805526
|-terastallize|p2a: Dragapult|Ghost
|move|p2a: Dragapult|Tera Blast|p1a: Kyurem|[anim] Tera Blast Ghost
|-damage|p1a: Kyurem|0 fnt
|faint|p1a: Kyurem
|
|upkeep
|inactive|kckayak has 120 seconds left.
|c|☆IASASAY|Why did you sack it?
|
|t:|1743805548
|switch|p1a: Ting-Lu|Ting-Lu|100/100
|-damage|p1a: Ting-Lu|94/100|[from] Stealth Rock
|-ability|p1a: Ting-Lu|Vessel of Ruin
|turn|6
|
|t:|1743805561
|switch|p2a: Alomomola|Alomomola, F|100/100
|move|p1a: Ting-Lu|Stealth Rock|p2a: Alomomola
|-sidestart|p2: IASASAY|move: Stealth Rock
|
|-heal|p1a: Ting-Lu|100/100|[from] item: Leftovers
|upkeep
|turn|7
|inactive|kckayak has 90 seconds left.
|
|t:|1743805589
|move|p2a: Alomomola|Scald|p1a: Ting-Lu
|-supereffective|p1a: Ting-Lu
|-damage|p1a: Ting-Lu|90/100
|move|p1a: Ting-Lu|Ruination|p2a: Alomomola
|-damage|p2a: Alomomola|50/100
|
|-heal|p1a: Ting-Lu|96/100|[from] item: Leftovers
|upkeep
|turn|8
|inactive|kckayak has 90 seconds left.
|
|t:|1743805600
|move|p2a: Alomomola|Wish|p2a: Alomomola
|move|p1a: Ting-Lu|Ruination|p2a: Alomomola
|-damage|p2a: Alomomola|26/100
|
|-heal|p1a: Ting-Lu|100/100|[from] item: Leftovers
|upkeep
|turn|9
|inactive|kckayak has 90 seconds left.
|
|t:|1743805611
|move|p2a: Alomomola|Flip Turn|p1a: Ting-Lu
|-supereffective|p1a: Ting-Lu
|-damage|p1a: Ting-Lu|81/100
|
|t:|1743805615
|switch|p2a: Inteleon|Inteleon, F|100/100|[from] Flip Turn
|-damage|p2a: Inteleon|88/100|[from] Stealth Rock
|move|p1a: Ting-Lu|Earthquake|p2a: Inteleon
|-damage|p2a: Inteleon|15/100
|
|-heal|p2a: Inteleon|100/100|[from] move: Wish|[wisher] Alomomola
|-heal|p1a: Ting-Lu|88/100|[from] item: Leftovers
|upkeep
|turn|10
|inactive|kckayak has 90 seconds left.
|
|t:|1743805637
|move|p2a: Inteleon|Surf|p1a: Ting-Lu
|-supereffective|p1a: Ting-Lu
|-damage|p1a: Ting-Lu|26/100
|move|p1a: Ting-Lu|Earthquake|p2a: Inteleon
|-damage|p2a: Inteleon|32/100
|
|-heal|p1a: Ting-Lu|32/100|[from] item: Leftovers
|upkeep
|turn|11
|inactive|kckayak has 90 seconds left.
|
|t:|1743805658
|switch|p1a: Toxapex|Toxapex, M, shiny|100/100
|-damage|p1a: Toxapex|88/100|[from] Stealth Rock
|move|p2a: Inteleon|Surf|p1a: Toxapex
|-resisted|p1a: Toxapex
|-damage|p1a: Toxapex|58/100
|
|upkeep
|turn|12
|inactive|kckayak has 60 seconds left.
|
|t:|1743805692
|switch|p2a: Corviknight|Corviknight, F|100/100
|-damage|p2a: Corviknight|88/100|[from] Stealth Rock
|-ability|p2a: Corviknight|Pressure
|move|p1a: Toxapex|Acid Spray|p2a: Corviknight
|-immune|p2a: Corviknight
|
|upkeep
|turn|13
|inactive|kckayak has 60 seconds left.
|inactive|kckayak has 30 seconds left.
|
|t:|1743805729
|move|p2a: Corviknight|Defog|p1a: Toxapex
|-unboost|p1a: Toxapex|evasion|1
|-sideend|p1: kckayak|Stealth Rock|[from] move: Defog|[of] p2a: Corviknight
|-sideend|p2: IASASAY|Stealth Rock|[from] move: Defog|[of] p2a: Corviknight
|move|p1a: Toxapex|Surf|p2a: Corviknight
|-damage|p2a: Corviknight|57/100
|
|upkeep
|turn|14
|inactive|kckayak has 30 seconds left.
|
|t:|1743805748
|switch|p2a: Alomomola|Alomomola, F|59/100
|switch|p1a: Weezing|Weezing-Galar, M, shiny|100/100
|-ability|p1a: Weezing|Neutralizing Gas
|
|upkeep
|turn|15
|inactive|kckayak has 30 seconds left.
|inactive|kckayak has 20 seconds left.
|
|t:|1743805765
|move|p2a: Alomomola|Wish|p2a: Alomomola
|move|p1a: Weezing|Strange Steam|p2a: Alomomola
|-damage|p2a: Alomomola|25/100
|
|upkeep
|turn|16
|inactive|kckayak has 30 seconds left this turn.
|
|t:|1743805777
|switch|p2a: Ting-Lu|Ting-Lu|66/100
|move|p1a: Weezing|Strange Steam|p2a: Ting-Lu
|-supereffective|p2a: Ting-Lu
|-damage|p2a: Ting-Lu|33/100
|
|-heal|p2a: Ting-Lu|85/100|[from] move: Wish|[wisher] Alomomola
|-heal|p2a: Ting-Lu|91/100|[from] item: Leftovers
|upkeep
|turn|17
|inactive|kckayak has 30 seconds left.
|
|t:|1743805791
|move|p1a: Weezing|Strange Steam|p2a: Ting-Lu
|-supereffective|p2a: Ting-Lu
|-damage|p2a: Ting-Lu|56/100
|-start|p2a: Ting-Lu|confusion
|-activate|p2a: Ting-Lu|confusion
|move|p2a: Ting-Lu|Stealth Rock|p1a: Weezing
|-sidestart|p1: kckayak|move: Stealth Rock
|
|-heal|p2a: Ting-Lu|63/100|[from] item: Leftovers
|upkeep
|turn|18
|inactive|kckayak has 30 seconds left.
|
|t:|1743805801
|move|p1a: Weezing|Strange Steam|p2a: Ting-Lu
|-supereffective|p2a: Ting-Lu
|-damage|p2a: Ting-Lu|31/100
|-end|p2a: Ting-Lu|confusion
|move|p2a: Ting-Lu|Earthquake|p1a: Weezing
|-supereffective|p1a: Weezing
|-damage|p1a: Weezing|55/100
|
|-heal|p2a: Ting-Lu|37/100|[from] item: Leftovers
|upkeep
|turn|19
|
|t:|1743805811
|move|p1a: Weezing|Strange Steam|p2a: Ting-Lu
|-supereffective|p2a: Ting-Lu
|-damage|p2a: Ting-Lu|3/100
|move|p2a: Ting-Lu|Earthquake|p1a: Weezing
|-supereffective|p1a: Weezing
|-damage|p1a: Weezing|4/100
|
|-heal|p2a: Ting-Lu|9/100|[from] item: Leftovers
|upkeep
|turn|20
|
|t:|1743805820
|move|p1a: Weezing|Strange Steam|p2a: Ting-Lu
|-supereffective|p2a: Ting-Lu
|-damage|p2a: Ting-Lu|0 fnt
|faint|p2a: Ting-Lu
|
|upkeep
|
|t:|1743805838
|switch|p2a: Inteleon|Inteleon, F|32/100
|turn|21
|
|t:|1743805856
|move|p2a: Inteleon|Surf|p1a: Weezing
|-damage|p1a: Weezing|0 fnt
|faint|p1a: Weezing
|-end|p1a: Weezing|ability: Neutralizing Gas
|
|upkeep
|
|t:|1743805865
|switch|p1a: Ting-Lu|Ting-Lu|32/100
|-damage|p1a: Ting-Lu|26/100|[from] Stealth Rock
|-ability|p1a: Ting-Lu|Vessel of Ruin
|turn|22
|
|t:|1743805877
|move|p2a: Inteleon|Surf|p1a: Ting-Lu
|-supereffective|p1a: Ting-Lu
|-damage|p1a: Ting-Lu|0 fnt
|faint|p1a: Ting-Lu
|
|upkeep
|
|t:|1743805882
|switch|p1a: Corviknight|Corviknight, M, shiny|100/100
|-damage|p1a: Corviknight|88/100|[from] Stealth Rock
|-ability|p1a: Corviknight|Pressure
|turn|23
|c|☆IASASAY|Im sorry but are you able to do basic math?
|
|t:|1743805897
|switch|p2a: Alomomola|Alomomola, F|25/100
|move|p1a: Corviknight|Brave Bird|p2a: Alomomola
|-damage|p2a: Alomomola|6/100
|-damage|p1a: Corviknight|80/100|[from] Recoil
|
|upkeep
|turn|24
|
|t:|1743805911
|switch|p2a: Corviknight|Corviknight, F|57/100
|-ability|p2a: Corviknight|Pressure
|move|p1a: Corviknight|Brave Bird|p2a: Corviknight
|-resisted|p2a: Corviknight
|-crit|p2a: Corviknight
|-damage|p2a: Corviknight|38/100
|-damage|p1a: Corviknight|63/100|[from] item: Rocky Helmet|[of] p2a: Corviknight
|-damage|p1a: Corviknight|57/100|[from] Recoil
|
|upkeep
|turn|25
|
|t:|1743805925
|move|p2a: Corviknight|Roost|p2a: Corviknight
|-heal|p2a: Corviknight|89/100
|-singleturn|p2a: Corviknight|move: Roost
|move|p1a: Corviknight|Roost|p1a: Corviknight
|-heal|p1a: Corviknight|100/100
|-singleturn|p1a: Corviknight|move: Roost
|
|upkeep
|turn|26
|inactive|kckayak has 30 seconds left.
|inactive|kckayak has 20 seconds left.
|
|t:|1743805967
|switch|p2a: Alomomola|Alomomola, F|39/100
|switch|p1a: Zamazenta|Zamazenta, shiny|100/100
|-damage|p1a: Zamazenta|94/100|[from] Stealth Rock
|-ability|p1a: Zamazenta|Dauntless Shield|boost
|-boost|p1a: Zamazenta|def|1
|
|upkeep
|turn|27
|inactive|kckayak has 30 seconds left this turn.
|inactive|kckayak has 20 seconds left.
|inactive|kckayak has 15 seconds left.
|
|t:|1743805985
|switch|p2a: Corviknight|Corviknight, F|89/100
|-ability|p2a: Corviknight|Pressure
|move|p1a: Zamazenta|Heavy Slam|p2a: Corviknight
|-resisted|p2a: Corviknight
|-damage|p2a: Corviknight|80/100
|-damage|p1a: Zamazenta|78/100|[from] item: Rocky Helmet|[of] p2a: Corviknight
|
|upkeep
|turn|28
|inactive|kckayak has 25 seconds left this turn.
|inactive|kckayak has 20 seconds left.
|inactive|kckayak has 15 seconds left.
|inactive|kckayak has 10 seconds left.
|
|t:|1743806000
|switch|p1a: Corviknight|Corviknight, M, shiny|100/100
|-damage|p1a: Corviknight|88/100|[from] Stealth Rock
|-ability|p1a: Corviknight|Pressure
|move|p2a: Corviknight|Iron Defense|p2a: Corviknight
|-boost|p2a: Corviknight|def|2
|
|upkeep
|turn|29
|inactive|kckayak has 20 seconds left this turn.
|inactive|kckayak has 15 seconds left.
|inactive|kckayak has 10 seconds left.
|
|t:|1743806011
|switch|p2a: Alomomola|Alomomola, F|73/100
|move|p1a: Corviknight|Iron Defense|p1a: Corviknight
|-boost|p1a: Corviknight|def|2
|
|upkeep
|turn|30
|inactive|kckayak has 20 seconds left this turn.
|
|t:|1743806018
|move|p2a: Alomomola|Wish|p2a: Alomomola
|move|p1a: Corviknight|Iron Defense|p1a: Corviknight
|-boost|p1a: Corviknight|def|2
|
|upkeep
|turn|31
|inactive|kckayak has 30 seconds left this turn.
|inactive|kckayak has 20 seconds left.
|
|t:|1743806029
|switch|p1a: Toxapex|Toxapex, M, shiny|91/100
|-damage|p1a: Toxapex|79/100|[from] Stealth Rock
|move|p2a: Alomomola|Flip Turn|p1a: Toxapex
|-resisted|p1a: Toxapex
|-damage|p1a: Toxapex|72/100
|inactive|kckayak has 25 seconds left this turn.
|
|t:|1743806039
|switch|p2a: Dragapult|Dragapult, F, tera:Ghost|63/100|[from] Flip Turn
|
|-heal|p2a: Dragapult|100/100|[from] move: Wish|[wisher] Alomomola
|upkeep
|turn|32
|inactive|kckayak has 30 seconds left.
|inactive|kckayak has 20 seconds left.
|
|t:|1743806056
|switch|p2a: Corviknight|Corviknight, F|80/100
|-ability|p2a: Corviknight|Pressure
|move|p1a: Toxapex|Acid Spray|p2a: Corviknight
|-immune|p2a: Corviknight
|
|upkeep
|turn|33
|inactive|kckayak has 30 seconds left this turn.
|
|t:|1743806085
|switch|p2a: Alomomola|Alomomola, F|100/100
|switch|p1a: Zamazenta|Zamazenta, shiny|78/100
|-damage|p1a: Zamazenta|72/100|[from] Stealth Rock
|
|upkeep
|turn|34
|inactive|kckayak has 30 seconds left.
|c|☆kckayak|no i dont knwo math
|
|t:|1743806098
|move|p1a: Zamazenta|Close Combat|p2a: Alomomola
|-damage|p2a: Alomomola|55/100
|-unboost|p1a: Zamazenta|def|1
|-unboost|p1a: Zamazenta|spd|1
|move|p2a: Alomomola|Wish|p2a: Alomomola
|
|upkeep
|turn|35
|c|☆kckayak|im 7
|inactive|kckayak has 30 seconds left.
|inactive|kckayak has 20 seconds left.
|inactive|IASASAY has 120 seconds left.
|
|t:|1743806139
|switch|p1a: Corviknight|Corviknight, M, shiny|88/100
|-damage|p1a: Corviknight|76/100|[from] Stealth Rock
|-ability|p1a: Corviknight|Pressure
|move|p2a: Alomomola|Flip Turn|p1a: Corviknight
|-damage|p1a: Corviknight|65/100
|-damage|p2a: Alomomola|38/100|[from] item: Rocky Helmet|[of] p1a: Corviknight
|inactive|kckayak has 25 seconds left this turn.
|
|t:|1743806147
|switch|p2a: Inteleon|Inteleon, F|32/100|[from] Flip Turn
|
|-heal|p2a: Inteleon|100/100|[from] move: Wish|[wisher] Alomomola
|upkeep
|turn|36
|inactive|kckayak has 30 seconds left.
|inactive|IASASAY has 90 seconds left.
|
|t:|1743806168
|move|p2a: Inteleon|Surf|p1a: Corviknight
|-damage|p1a: Corviknight|4/100
|move|p1a: Corviknight|Roost|p1a: Corviknight
|-heal|p1a: Corviknight|54/100
|-singleturn|p1a: Corviknight|move: Roost
|
|upkeep
|turn|37
|c|☆kckayak|what is the longest match u have ever been in
|c|☆IASASAY|Gg
|c|☆kckayak|out of curiosty
|inactive|kckayak has 30 seconds left.
|inactive|IASASAY has 90 seconds left.
|c|☆IASASAY|About 160 turns
|c|☆kckayak|good god
|c|☆IASASAY|Are you actually 7?
|c|☆kckayak|nah bro
|inactive|IASASAY has 60 seconds left.
|c|☆kckayak|just coping
|c|☆IASASAY|Fair
|
|t:|1743806228
|-terastallize|p1a: Corviknight|Water
|move|p2a: Inteleon|Surf|p1a: Corviknight
|-resisted|p1a: Corviknight
|-damage|p1a: Corviknight|19/100
|move|p1a: Corviknight|Iron Defense|p1a: Corviknight
|-boost|p1a: Corviknight|def|2
|
|upkeep
|turn|38
|inactive|kckayak has 30 seconds left.
|
|t:|1743806238
|move|p2a: Inteleon|Surf|p1a: Corviknight
|-resisted|p1a: Corviknight
|-damage|p1a: Corviknight|0 fnt
|faint|p1a: Corviknight
|
|upkeep
|
|t:|1743806242
|switch|p1a: Zamazenta|Zamazenta, shiny|72/100
|-damage|p1a: Zamazenta|65/100|[from] Stealth Rock
|turn|39
|inactive|IASASAY has 60 seconds left.
|
|t:|1743806251
|switch|p2a: Dragapult|Dragapult, F, tera:Ghost|100/100
|move|p1a: Zamazenta|Close Combat|p2a: Dragapult
|-immune|p2a: Dragapult
|
|upkeep
|turn|40
|c|☆kckayak|fuuuuuu
|inactive|IASASAY has 60 seconds left.
|c|☆IASASAY|Sorry i know thar set
|
|t:|1743806266
|move|p2a: Dragapult|Tera Blast|p1a: Zamazenta|[anim] Tera Blast Ghost
|-damage|p1a: Zamazenta|0 fnt
|faint|p1a: Zamazenta
|
|upkeep
|c|☆kckayak|but google said it was good
|
|t:|1743806279
|switch|p1a: Toxapex|Toxapex, M, shiny|100/100
|-damage|p1a: Toxapex|88/100|[from] Stealth Rock
|turn|41
|inactive|IASASAY has 60 seconds left.
|
|t:|1743806296
|move|p2a: Dragapult|Tera Blast|p1a: Toxapex|[anim] Tera Blast Ghost
|-damage|p1a: Toxapex|22/100
|move|p1a: Toxapex|Ice Beam|p2a: Dragapult
|-damage|p2a: Dragapult|74/100
|
|upkeep
|turn|42
|inactive|IASASAY has 60 seconds left.
|c|☆IASASAY|It is a good set
|
|t:|1743806309
|move|p2a: Dragapult|Tera Blast|p1a: Toxapex|[anim] Tera Blast Ghost
|-damage|p1a: Toxapex|0 fnt
|faint|p1a: Toxapex
|
|win|IASASAY
|raw|kckayak's rating: 1000 &rarr; <strong>1000</strong><br />(+0 for losing)
|raw|IASASAY's rating: 1049 &rarr; <strong>1077</strong><br />(+28 for winning)
|c|☆kckayak|ggs
|l|☆kckayak
|player|p1|
|c|☆IASASAY|Gg
