|j|☆OSAKA 2026
|j|☆Lilacq
|t:|1743845756
|gametype|singles
|player|p1|OSAKA 2026|backpackerf|1681
|player|p2|Lilacq|guitarist|1568
|teamsize|p1|6
|teamsize|p2|6
|gen|9
|tier|[Gen 9] OU
|rated|
|rule|HP Percentage Mod: HP is shown in percentages
|rule|Endless Battle Clause: Forcing endless battles is banned
|rule|Species Clause: Limit one of each Pokémon
|rule|OHKO Clause: OHKO moves are banned
|rule|Evasion Items Clause: Evasion items are banned
|rule|Evasion Moves Clause: Evasion moves are banned
|rule|Sleep Moves Clause: Sleep-inducing moves are banned
|clearpoke
|poke|p1|Kyurem|
|poke|p1|Ogerpon-Wellspring, F|
|poke|p1|Scizor, M|
|poke|p1|Moltres|
|poke|p1|Great Tusk|
|poke|p1|Muk-Alola, F|
|poke|p2|Tinkaton, F|
|poke|p2|Kyurem|
|poke|p2|Dragapult, F|
|poke|p2|Primarina, F|
|poke|p2|Rillaboom, M|
|poke|p2|Mandibuzz, F|
|teampreview
|inactive|Battle timer is ON: inactive players will automatically lose when time's up. (requested by Lilacq)
|
|t:|1743845768
|start
|switch|p1a: Hebi|Scizor, M|100/100
|switch|p2a: Tinkaton|Tinkaton, F|100/100
|-ability|p2a: Tinkaton|Mold Breaker
|-item|p2a: Tinkaton|Air Balloon
|turn|1
|
|t:|1743845773
|move|p2a: Tinkaton|Thunder Wave|p1a: Hebi
|-status|p1a: Hebi|par
|cant|p1a: Hebi|par
|
|upkeep
|turn|2
|
|t:|1743845776
|move|p2a: Tinkaton|Knock Off|p1a: Hebi
|-damage|p1a: Hebi|77/100 par
|-enditem|p1a: Hebi|Choice Band|[from] move: Knock Off|[of] p2a: Tinkaton
|cant|p1a: Hebi|par
|
|upkeep
|turn|3
|c|☆OSAKA 2026|XDDDDDDDDDDDD
|
|t:|1743845781
|move|p2a: Tinkaton|Gigaton Hammer|p1a: Hebi
|-resisted|p1a: Hebi
|-damage|p1a: Hebi|48/100 par
|cant|p1a: Hebi|par
|
|upkeep
|turn|4
|
|t:|1743845786
|move|p2a: Tinkaton|Knock Off|p1a: Hebi
|-damage|p1a: Hebi|33/100 par
|move|p1a: Hebi|U-turn|p2a: Tinkaton
|-resisted|p2a: Tinkaton
|-damage|p2a: Tinkaton|88/100
|-enditem|p2a: Tinkaton|Air Balloon
|
|t:|1743845793
|switch|p1a: Akatsuki|Ogerpon-Wellspring, F|100/100|[from] U-turn
|
|upkeep
|turn|5
|
|t:|1743845798
|move|p1a: Akatsuki|Encore|p2a: Tinkaton
|-start|p2a: Tinkaton|Encore
|move|p2a: Tinkaton|Knock Off|p1a: Akatsuki
|-damage|p1a: Akatsuki|81/100
|
|upkeep
|turn|6
|
|t:|1743845803
|switch|p2a: Mandibuzz|Mandibuzz, F|100/100
|move|p1a: Akatsuki|Swords Dance|p1a: Akatsuki
|-boost|p1a: Akatsuki|atk|2
|
|upkeep
|turn|7
|
|t:|1743845807
|-terastallize|p1a: Akatsuki|Water
|detailschange|p1a: Akatsuki|Ogerpon-Wellspring-Tera, F, tera:Water
|-ability|p1a: Akatsuki|Embody Aspect (Wellspring)|boost
|-boost|p1a: Akatsuki|spd|1
|move|p1a: Akatsuki|Ivy Cudgel|p2a: Mandibuzz|[anim] Ivy Cudgel Water
|-damage|p2a: Mandibuzz|24/100
|move|p2a: Mandibuzz|Foul Play|p1a: Akatsuki
|-damage|p1a: Akatsuki|0 fnt
|faint|p1a: Akatsuki
|
|upkeep
|
|t:|1743845809
|switch|p1a: Bijuu|Kyurem, shiny|100/100
|-ability|p1a: Bijuu|Pressure
|turn|8
|
|t:|1743845813
|switch|p2a: Tinkaton|Tinkaton, F|88/100
|-ability|p2a: Tinkaton|Mold Breaker
|move|p1a: Bijuu|Ice Beam|p2a: Tinkaton
|-resisted|p2a: Tinkaton
|-damage|p2a: Tinkaton|52/100
|
|upkeep
|turn|9
|
|t:|1743845816
|switch|p1a: Greatest Summon|Great Tusk|100/100
|move|p2a: Tinkaton|Gigaton Hammer|p1a: Greatest Summon
|-damage|p1a: Greatest Summon|69/100
|
|-heal|p1a: Greatest Summon|75/100|[from] item: Leftovers
|upkeep
|turn|10
|
|t:|1743845820
|switch|p2a: Mandibuzz|Mandibuzz, F|24/100
|move|p1a: Greatest Summon|Stealth Rock|p2a: Mandibuzz
|-sidestart|p2: Lilacq|move: Stealth Rock
|
|-heal|p1a: Greatest Summon|82/100|[from] item: Leftovers
|upkeep
|turn|11
|
|t:|1743845823
|move|p1a: Greatest Summon|Taunt|p2a: Mandibuzz
|-start|p2a: Mandibuzz|move: Taunt
|cant|p2a: Mandibuzz|move: Taunt|Roost
|
|-heal|p1a: Greatest Summon|88/100|[from] item: Leftovers
|upkeep
|turn|12
|
|t:|1743845829
|-end|p1a: Greatest Summon|Protosynthesis|[silent]
|switch|p1a: Taka|Moltres|100/100
|move|p2a: Mandibuzz|Foul Play|p1a: Taka
|-damage|p1a: Taka|80/100
|
|upkeep
|turn|13
|
|t:|1743845833
|move|p1a: Taka|Flamethrower|p2a: Mandibuzz
|-damage|p2a: Mandibuzz|0 fnt
|faint|p2a: Mandibuzz
|
|upkeep
|
|t:|1743845840
|switch|p2a: Primarina|Primarina, F|100/100
|-damage|p2a: Primarina|88/100|[from] Stealth Rock
|turn|14
|
|t:|1743845845
|move|p1a: Taka|U-turn|p2a: Primarina
|-resisted|p2a: Primarina
|-damage|p2a: Primarina|79/100
|
|t:|1743845846
|switch|p1a: Three-Way Deadlock|Muk-Alola, F|100/100|[from] U-turn
|move|p2a: Primarina|Substitute|p2a: Primarina
|-start|p2a: Primarina|Substitute
|-damage|p2a: Primarina|54/100
|
|-heal|p2a: Primarina|60/100|[from] item: Leftovers
|upkeep
|turn|15
|
|t:|1743845850
|move|p2a: Primarina|Calm Mind|p2a: Primarina
|-boost|p2a: Primarina|spa|1
|-boost|p2a: Primarina|spd|1
|move|p1a: Three-Way Deadlock|Poison Fang|p2a: Primarina
|-supereffective|p2a: Primarina
|-end|p2a: Primarina|Substitute
|
|-heal|p2a: Primarina|66/100|[from] item: Leftovers
|upkeep
|turn|16
|
|t:|1743845856
|-terastallize|p2a: Primarina|Poison
|move|p2a: Primarina|Sparkling Aria|p1a: Three-Way Deadlock
|-damage|p1a: Three-Way Deadlock|53/100
|move|p1a: Three-Way Deadlock|Poison Fang|p2a: Primarina
|-resisted|p2a: Primarina
|-damage|p2a: Primarina|56/100
|
|-heal|p2a: Primarina|62/100|[from] item: Leftovers
|-heal|p1a: Three-Way Deadlock|59/100|[from] item: Leftovers
|upkeep
|turn|17
|
|t:|1743845860
|move|p2a: Primarina|Draining Kiss|p1a: Three-Way Deadlock
|-damage|p1a: Three-Way Deadlock|32/100
|-heal|p2a: Primarina|86/100|[from] drain|[of] p1a: Three-Way Deadlock
|move|p1a: Three-Way Deadlock|Knock Off|p2a: Primarina
|-damage|p2a: Primarina|44/100
|-enditem|p2a: Primarina|Leftovers|[from] move: Knock Off|[of] p1a: Three-Way Deadlock
|
|-heal|p1a: Three-Way Deadlock|38/100|[from] item: Leftovers
|upkeep
|turn|18
|
|t:|1743845868
|move|p2a: Primarina|Sparkling Aria|p1a: Three-Way Deadlock
|-damage|p1a: Three-Way Deadlock|0 fnt
|faint|p1a: Three-Way Deadlock
|
|upkeep
|
|t:|1743845870
|switch|p1a: Bijuu|Kyurem, shiny|100/100
|-ability|p1a: Bijuu|Pressure
|turn|19
|
|t:|1743845872
|move|p1a: Bijuu|Earth Power|p2a: Primarina
|-supereffective|p2a: Primarina
|-damage|p2a: Primarina|0 fnt
|faint|p2a: Primarina
|
|upkeep
|
|t:|1743845883
|switch|p2a: Tinkaton|Tinkaton, F|52/100
|-damage|p2a: Tinkaton|46/100|[from] Stealth Rock
|-ability|p2a: Tinkaton|Mold Breaker
|turn|20
|
|t:|1743845892
|switch|p1a: Greatest Summon|Great Tusk|88/100
|move|p2a: Tinkaton|Gigaton Hammer|p1a: Greatest Summon
|-damage|p1a: Greatest Summon|55/100
|
|-heal|p1a: Greatest Summon|61/100|[from] item: Leftovers
|upkeep
|turn|21
|
|t:|1743845897
|move|p2a: Tinkaton|Knock Off|p1a: Greatest Summon
|-resisted|p1a: Greatest Summon
|-damage|p1a: Greatest Summon|55/100
|-enditem|p1a: Greatest Summon|Leftovers|[from] move: Knock Off|[of] p2a: Tinkaton
|move|p1a: Greatest Summon|Headlong Rush|p2a: Tinkaton
|-supereffective|p2a: Tinkaton
|-damage|p2a: Tinkaton|0 fnt
|-unboost|p1a: Greatest Summon|def|1
|-unboost|p1a: Greatest Summon|spd|1
|faint|p2a: Tinkaton
|
|upkeep
|
|t:|1743845902
|switch|p2a: Dragapult|Dragapult, F|100/100
|-damage|p2a: Dragapult|88/100|[from] Stealth Rock
|turn|22
|
|t:|1743845905
|-end|p1a: Greatest Summon|Protosynthesis|[silent]
|switch|p1a: Hebi|Scizor, M|33/100 par
|move|p2a: Dragapult|Shadow Ball|p1a: Hebi
|-damage|p1a: Hebi|0 fnt
|faint|p1a: Hebi
|
|upkeep
|
|t:|1743845907
|switch|p1a: Bijuu|Kyurem, shiny|100/100
|-ability|p1a: Bijuu|Pressure
|turn|23
|
|t:|1743845912
|switch|p2a: Rillaboom|Rillaboom, M|100/100
|-damage|p2a: Rillaboom|88/100|[from] Stealth Rock
|-fieldstart|move: Grassy Terrain|[from] ability: Grassy Surge|[of] p2a: Rillaboom
|move|p1a: Bijuu|Ice Beam|p2a: Rillaboom
|-supereffective|p2a: Rillaboom
|-damage|p2a: Rillaboom|0 fnt
|faint|p2a: Rillaboom
|
|upkeep
|
|t:|1743845914
|switch|p2a: Kyurem|Kyurem|100/100
|-damage|p2a: Kyurem|76/100|[from] Stealth Rock
|-ability|p2a: Kyurem|Pressure
|turn|24
|
|t:|1743845921
|switch|p1a: Greatest Summon|Great Tusk|55/100
|move|p2a: Kyurem|Ice Beam|p1a: Greatest Summon
|-supereffective|p1a: Greatest Summon
|-damage|p1a: Greatest Summon|0 fnt
|faint|p1a: Greatest Summon
|-end|p1a: Greatest Summon|Protosynthesis|[silent]
|
|-heal|p2a: Kyurem|82/100|[from] Grassy Terrain
|upkeep
|
|t:|1743845923
|switch|p1a: Bijuu|Kyurem, shiny|100/100
|-ability|p1a: Bijuu|Pressure
|turn|25
|
|t:|1743845926
|move|p2a: Kyurem|Ice Beam|p1a: Bijuu
|-damage|p1a: Bijuu|59/100
|move|p1a: Bijuu|Draco Meteor|p2a: Kyurem
|-supereffective|p2a: Kyurem
|-damage|p2a: Kyurem|0 fnt
|-unboost|p1a: Bijuu|spa|2
|faint|p2a: Kyurem
|
|-heal|p1a: Bijuu|65/100|[from] Grassy Terrain
|upkeep
|
|t:|1743845930
|switch|p2a: Dragapult|Dragapult, F|88/100
|-damage|p2a: Dragapult|76/100|[from] Stealth Rock
|turn|26
|
|t:|1743845933
|switch|p1a: Taka|Moltres|80/100
|move|p2a: Dragapult|Shadow Ball|p1a: Taka
|-damage|p1a: Taka|23/100
|
|-heal|p2a: Dragapult|82/100|[from] Grassy Terrain
|upkeep
|turn|27
|
|t:|1743845935
|move|p2a: Dragapult|Shadow Ball|p1a: Taka
|-damage|p1a: Taka|0 fnt
|faint|p1a: Taka
|
|-heal|p2a: Dragapult|88/100|[from] Grassy Terrain
|-fieldend|move: Grassy Terrain
|upkeep
|
|t:|1743845937
|switch|p1a: Bijuu|Kyurem, shiny|65/100
|-ability|p1a: Bijuu|Pressure
|turn|28
|
|t:|1743845938
|move|p2a: Dragapult|Shadow Ball|p1a: Bijuu
|-damage|p1a: Bijuu|17/100
|-unboost|p1a: Bijuu|spd|1
|move|p1a: Bijuu|Ice Beam|p2a: Dragapult
|-supereffective|p2a: Dragapult
|-damage|p2a: Dragapult|0 fnt
|faint|p2a: Dragapult
|
|win|OSAKA 2026
|raw|OSAKA 2026's rating: 1681 &rarr; <strong>1695</strong><br />(+14 for winning)
|raw|Lilacq's rating: 1568 &rarr; <strong>1554</strong><br />(-14 for losing)
|l|☆Lilacq
|player|p2|
