|j|☆SmolTuna
|j|☆Rabzzz
|t:|1743783474
|gametype|singles
|player|p1|SmolTuna|pokefanf-gen2|1679
|player|p2|Rabzzz|101|1690
|teamsize|p1|6
|teamsize|p2|6
|gen|9
|tier|[Gen 9] OU
|rated|
|rule|HP Percentage Mod: HP is shown in percentages
|rule|Endless Battle Clause: Forcing endless battles is banned
|rule|Species Clause: Limit one of each Pokémon
|rule|OHKO Clause: OHKO moves are banned
|rule|Evasion Items Clause: Evasion items are banned
|rule|Evasion Moves Clause: Evasion moves are banned
|rule|Sleep Moves Clause: Sleep-inducing moves are banned
|clearpoke
|poke|p1|Landorus-Therian, M|
|poke|p1|Rotom-Wash|
|poke|p1|Garchomp, F|
|poke|p1|Pecharunt|
|poke|p1|Zamazenta-*|
|poke|p1|Kingambit, F|
|poke|p2|Tinkaton, F|
|poke|p2|Moltres|
|poke|p2|Ting-Lu|
|poke|p2|Gholdengo|
|poke|p2|Weavile, F|
|poke|p2|Raging Bolt|
|teampreview
|
|t:|1743783530
|start
|switch|p1a: Rotom|Rotom-Wash, shiny|100/100
|switch|p2a: Ting-Lu|Ting-Lu|100/100
|-ability|p2a: Ting-Lu|Vessel of Ruin
|turn|1
|
|t:|1743783549
|move|p1a: Rotom|Will-O-Wisp|p2a: Ting-Lu
|-status|p2a: Ting-Lu|brn
|move|p2a: Ting-Lu|Spikes|p1a: Rotom
|-sidestart|p1: SmolTuna|Spikes
|
|-damage|p2a: Ting-Lu|94/100 brn|[from] brn
|upkeep
|turn|2
|
|t:|1743783553
|switch|p1a: Landorus|Landorus-Therian, M, shiny|100/100
|-ability|p1a: Landorus|Intimidate|boost
|-unboost|p2a: Ting-Lu|atk|1
|switch|p2a: Raging Bolt|Raging Bolt|100/100
|
|upkeep
|turn|3
|inactive|Battle timer is ON: inactive players will automatically lose when time's up. (requested by SmolTuna)
|
|t:|1743783583
|-end|p2a: Raging Bolt|Protosynthesis|[silent]
|switch|p2a: Moltres|Moltres|100/100
|move|p1a: Landorus|Earth Power|p2a: Moltres
|-immune|p2a: Moltres
|
|upkeep
|turn|4
|
|t:|1743783590
|move|p1a: Landorus|Stealth Rock|p2a: Moltres
|-sidestart|p2: Rabzzz|move: Stealth Rock
|move|p2a: Moltres|U-turn|p1a: Landorus
|-resisted|p1a: Landorus
|-damage|p1a: Landorus|94/100
|-damage|p2a: Moltres|84/100|[from] item: Rocky Helmet|[of] p1a: Landorus
|inactive|Rabzzz has 120 seconds left.
|
|t:|1743783629
|switch|p2a: Tinkaton|Tinkaton, F|100/100|[from] U-turn
|-damage|p2a: Tinkaton|94/100|[from] Stealth Rock
|-item|p2a: Tinkaton|Air Balloon
|
|upkeep
|turn|5
|
|t:|1743783633
|move|p2a: Tinkaton|Encore|p1a: Landorus
|-start|p1a: Landorus|Encore
|move|p1a: Landorus|Stealth Rock||[still]
|-fail|p1a: Landorus
|
|upkeep
|turn|6
|
|t:|1743783640
|switch|p1a: Rotom|Rotom-Wash, shiny|100/100
|move|p2a: Tinkaton|Stealth Rock|p1a: Rotom
|-sidestart|p1: SmolTuna|move: Stealth Rock
|
|upkeep
|turn|7
|j| rickywang
|
|t:|1743783662
|switch|p2a: Raging Bolt|Raging Bolt|100/100
|move|p1a: Rotom|Hydro Pump|p2a: Raging Bolt
|-resisted|p2a: Raging Bolt
|-damage|p2a: Raging Bolt|83/100
|
|upkeep
|turn|8
|
|t:|1743783668
|move|p2a: Raging Bolt|Dragon Pulse|p1a: Rotom
|-damage|p1a: Rotom|44/100
|move|p1a: Rotom|Volt Switch|p2a: Raging Bolt
|-resisted|p2a: Raging Bolt
|-damage|p2a: Raging Bolt|77/100
|
|t:|1743783672
|switch|p1a: Garchomp|Garchomp, F, shiny|100/100|[from] Volt Switch
|-damage|p1a: Garchomp|88/100|[from] Spikes
|-damage|p1a: Garchomp|82/100|[from] Stealth Rock
|
|upkeep
|turn|9
|
|t:|1743783687
|-end|p2a: Raging Bolt|Protosynthesis|[silent]
|switch|p2a: Tinkaton|Tinkaton, F|94/100
|-damage|p2a: Tinkaton|88/100|[from] Stealth Rock
|-item|p2a: Tinkaton|Air Balloon
|move|p1a: Garchomp|Liquidation|p2a: Tinkaton
|-damage|p2a: Tinkaton|38/100
|-enditem|p2a: Tinkaton|Air Balloon
|-enditem|p1a: Garchomp|Life Orb|[silent]|[from] ability: Pickpocket|[of] p1a: Garchomp
|-item|p2a: Tinkaton|Life Orb|[from] ability: Pickpocket|[of] p1a: Garchomp
|
|upkeep
|turn|10
|inactive|Rabzzz has 120 seconds left.
|
|t:|1743783718
|switch|p1a: Rotom|Rotom-Wash, shiny|44/100
|-damage|p1a: Rotom|32/100|[from] Stealth Rock
|move|p2a: Tinkaton|Encore||[still]
|-fail|p2a: Tinkaton
|
|-heal|p1a: Rotom|38/100|[from] item: Leftovers
|upkeep
|turn|11
|inactive|Rabzzz has 120 seconds left.
|
|t:|1743783724
|move|p2a: Tinkaton|Knock Off|p1a: Rotom
|-damage|p1a: Rotom|19/100
|-enditem|p1a: Rotom|Leftovers|[from] move: Knock Off|[of] p2a: Tinkaton
|-damage|p2a: Tinkaton|28/100|[from] item: Life Orb
|move|p1a: Rotom|Volt Switch|p2a: Tinkaton
|-damage|p2a: Tinkaton|6/100
|
|t:|1743783732
|switch|p1a: Zamazenta|Zamazenta|100/100|[from] Volt Switch
|-damage|p1a: Zamazenta|88/100|[from] Spikes
|-damage|p1a: Zamazenta|82/100|[from] Stealth Rock
|-ability|p1a: Zamazenta|Dauntless Shield|boost
|-boost|p1a: Zamazenta|def|1
|
|upkeep
|turn|12
|
|t:|1743783738
|switch|p2a: Gholdengo|Gholdengo|100/100
|-damage|p2a: Gholdengo|94/100|[from] Stealth Rock
|move|p1a: Zamazenta|Crunch|p2a: Gholdengo
|-supereffective|p2a: Gholdengo
|-damage|p2a: Gholdengo|54/100
|
|-heal|p2a: Gholdengo|60/100|[from] item: Leftovers
|upkeep
|turn|13
|
|t:|1743783746
|move|p1a: Zamazenta|Crunch|p2a: Gholdengo
|-supereffective|p2a: Gholdengo
|-damage|p2a: Gholdengo|23/100
|move|p2a: Gholdengo|Recover|p2a: Gholdengo
|-heal|p2a: Gholdengo|73/100
|
|-heal|p2a: Gholdengo|79/100|[from] item: Leftovers
|upkeep
|turn|14
|j| bdbjdjsjsj
|
|t:|1743783759
|move|p1a: Zamazenta|Crunch|p2a: Gholdengo
|-supereffective|p2a: Gholdengo
|-damage|p2a: Gholdengo|41/100
|-unboost|p2a: Gholdengo|def|1
|move|p2a: Gholdengo|Thunder Wave|p1a: Zamazenta
|-status|p1a: Zamazenta|par
|
|-heal|p2a: Gholdengo|47/100|[from] item: Leftovers
|upkeep
|turn|15
|
|t:|1743783764
|move|p2a: Gholdengo|Recover|p2a: Gholdengo
|-heal|p2a: Gholdengo|97/100
|cant|p1a: Zamazenta|par
|
|-heal|p2a: Gholdengo|100/100|[from] item: Leftovers
|upkeep
|turn|16
|
|t:|1743783775
|switch|p2a: Moltres|Moltres|84/100
|move|p1a: Zamazenta|Crunch|p2a: Moltres
|-damage|p2a: Moltres|68/100
|
|upkeep
|turn|17
|j| Tabata tyrogue
|l| Tabata tyrogue
|
|t:|1743783784
|move|p2a: Moltres|Roost|p2a: Moltres
|-heal|p2a: Moltres|100/100
|-singleturn|p2a: Moltres|move: Roost
|cant|p1a: Zamazenta|par
|
|upkeep
|turn|18
|
|t:|1743783792
|move|p2a: Moltres|U-turn|p1a: Zamazenta
|-resisted|p1a: Zamazenta
|-damage|p1a: Zamazenta|77/100 par
|
|t:|1743783795
|switch|p2a: Gholdengo|Gholdengo|100/100|[from] U-turn
|-damage|p2a: Gholdengo|94/100|[from] Stealth Rock
|cant|p1a: Zamazenta|par
|
|-heal|p2a: Gholdengo|100/100|[from] item: Leftovers
|upkeep
|turn|19
|
|t:|1743783801
|switch|p1a: Rotom|Rotom-Wash, shiny|19/100
|-damage|p1a: Rotom|7/100|[from] Stealth Rock
|move|p2a: Gholdengo|Hex|p1a: Rotom
|-crit|p1a: Rotom
|-damage|p1a: Rotom|0 fnt
|faint|p1a: Rotom
|
|upkeep
|
|t:|1743783803
|switch|p1a: Garchomp|Garchomp, F, shiny|82/100
|-damage|p1a: Garchomp|70/100|[from] Spikes
|-damage|p1a: Garchomp|64/100|[from] Stealth Rock
|turn|20
|inactive|Rabzzz has 120 seconds left.
|inactive|Rabzzz has 90 seconds left.
|l| rickywang
|
|t:|1743783873
|switch|p2a: Tinkaton|Tinkaton, F|6/100
|-damage|p2a: Tinkaton|0 fnt|[from] Stealth Rock
|faint|p2a: Tinkaton
|move|p1a: Garchomp|Earthquake|p2: Tinkaton|[notarget]
|-fail|p1a: Garchomp
|
|upkeep
|
|t:|1743783893
|switch|p2a: Ting-Lu|Ting-Lu|94/100 brn
|-damage|p2a: Ting-Lu|88/100 brn|[from] Stealth Rock
|-ability|p2a: Ting-Lu|Vessel of Ruin
|turn|21
|
|t:|1743783897
|move|p1a: Garchomp|Swords Dance|p1a: Garchomp
|-boost|p1a: Garchomp|atk|2
|move|p2a: Ting-Lu|Whirlwind|p1a: Garchomp
|drag|p1a: Kingambit|Kingambit, F|100/100
|-damage|p1a: Kingambit|94/100|[from] Stealth Rock
|-activate|p1a: Kingambit|ability: Supreme Overlord
|-start|p1a: Kingambit|fallen1|[silent]
|-item|p1a: Kingambit|Air Balloon
|
|-heal|p2a: Ting-Lu|94/100 brn|[from] item: Leftovers
|-damage|p2a: Ting-Lu|88/100 brn|[from] brn
|upkeep
|turn|22
|inactive|Rabzzz has 90 seconds left.
|inactive|Rabzzz has 60 seconds left.
|
|t:|1743783934
|-end|p1a: Kingambit|fallen1|[silent]
|switch|p1a: Landorus|Landorus-Therian, M, shiny|94/100
|-damage|p1a: Landorus|82/100|[from] Stealth Rock
|-ability|p1a: Landorus|Intimidate|boost
|-unboost|p2a: Ting-Lu|atk|1
|switch|p2a: Moltres|Moltres|100/100
|
|upkeep
|turn|23
|
|t:|1743783942
|move|p1a: Landorus|Taunt|p2a: Moltres
|-start|p2a: Moltres|move: Taunt
|move|p2a: Moltres|Flamethrower|p1a: Landorus
|-crit|p1a: Landorus
|-damage|p1a: Landorus|25/100
|
|upkeep
|turn|24
|
|t:|1743783950
|move|p1a: Landorus|Earth Power|p2a: Moltres
|-immune|p2a: Moltres
|move|p2a: Moltres|U-turn|p1a: Landorus
|-resisted|p1a: Landorus
|-damage|p1a: Landorus|19/100
|-damage|p2a: Moltres|84/100|[from] item: Rocky Helmet|[of] p1a: Landorus
|inactive|Rabzzz has 60 seconds left.
|
|t:|1743783976
|switch|p2a: Raging Bolt|Raging Bolt|77/100|[from] U-turn
|
|upkeep
|turn|25
|
|t:|1743783984
|-end|p2a: Raging Bolt|Protosynthesis|[silent]
|switch|p2a: Moltres|Moltres|84/100
|move|p1a: Landorus|U-turn|p2a: Moltres
|-resisted|p2a: Moltres
|-damage|p2a: Moltres|80/100
|
|t:|1743783990
|switch|p1a: Garchomp|Garchomp, F, shiny|64/100|[from] U-turn
|-damage|p1a: Garchomp|51/100|[from] Spikes
|-damage|p1a: Garchomp|45/100|[from] Stealth Rock
|
|upkeep
|turn|26
|inactive|Rabzzz has 60 seconds left.
|inactive|Rabzzz has 30 seconds left.
|inactive|Rabzzz has 20 seconds left.
|
|t:|1743784047
|switch|p2a: Ting-Lu|Ting-Lu|88/100 brn
|-damage|p2a: Ting-Lu|82/100 brn|[from] Stealth Rock
|-ability|p2a: Ting-Lu|Vessel of Ruin
|move|p1a: Garchomp|Liquidation|p2a: Ting-Lu
|-supereffective|p2a: Ting-Lu
|-damage|p2a: Ting-Lu|44/100 brn
|-unboost|p2a: Ting-Lu|def|1
|
|-heal|p2a: Ting-Lu|50/100 brn|[from] item: Leftovers
|-damage|p2a: Ting-Lu|44/100 brn|[from] brn
|upkeep
|turn|27
|inactive|Rabzzz has 30 seconds left this turn.
|inactive|Rabzzz has 20 seconds left.
|inactive|Rabzzz has 15 seconds left.
|
|t:|1743784063
|move|p1a: Garchomp|Liquidation|p2a: Ting-Lu
|-supereffective|p2a: Ting-Lu
|-damage|p2a: Ting-Lu|0 fnt
|faint|p2a: Ting-Lu
|
|upkeep
|inactive|Rabzzz has 20 seconds left this turn.
|
|t:|1743784066
|switch|p2a: Weavile|Weavile, F|100/100
|-ability|p2a: Weavile|Pressure
|turn|28
|inactive|Rabzzz has 30 seconds left this turn.
|
|t:|1743784072
|-terastallize|p1a: Garchomp|Water
|move|p2a: Weavile|Triple Axel|p1a: Garchomp
|-resisted|p1a: Garchomp
|-damage|p1a: Garchomp|40/100
|-damage|p2a: Weavile|88/100|[from] ability: Rough Skin|[of] p1a: Garchomp
|-resisted|p1a: Garchomp
|-damage|p1a: Garchomp|31/100
|-damage|p2a: Weavile|76/100|[from] ability: Rough Skin|[of] p1a: Garchomp
|-resisted|p1a: Garchomp
|-damage|p1a: Garchomp|16/100
|-damage|p2a: Weavile|63/100|[from] ability: Rough Skin|[of] p1a: Garchomp
|-hitcount|p1a: Garchomp|3
|move|p1a: Garchomp|Scale Shot|p2a: Weavile
|-damage|p2a: Weavile|39/100
|-damage|p2a: Weavile|16/100
|-hitcount|p2a: Weavile|2
|-unboost|p1a: Garchomp|def|1
|-boost|p1a: Garchomp|spe|1
|
|upkeep
|turn|29
|inactive|Rabzzz has 30 seconds left.
|inactive|Rabzzz has 20 seconds left.
|inactive|Rabzzz has 15 seconds left.
|inactive|Rabzzz has 10 seconds left.
|inactive|Rabzzz has 5 seconds left.
|
|t:|1743784108
|switch|p1a: Pecharunt|Pecharunt|100/100
|move|p2a: Weavile|Ice Shard|p1a: Pecharunt
|-damage|p1a: Pecharunt|89/100
|
|upkeep
|turn|30
|inactive|Rabzzz has 15 seconds left this turn.
|inactive|Rabzzz has 10 seconds left.
|
|t:|1743784118
|switch|p2a: Gholdengo|Gholdengo|100/100
|-damage|p2a: Gholdengo|94/100|[from] Stealth Rock
|move|p1a: Pecharunt|Malignant Chain|p2a: Gholdengo
|-immune|p2a: Gholdengo
|
|-heal|p2a: Gholdengo|100/100|[from] item: Leftovers
|upkeep
|turn|31
|inactive|Rabzzz has 20 seconds left this turn.
|inactive|Rabzzz has 15 seconds left.
|
|t:|1743784131
|switch|p1a: Garchomp|Garchomp, F, shiny, tera:Water|16/100
|-damage|p1a: Garchomp|3/100|[from] Spikes
|-damage|p1a: Garchomp|0 fnt|[from] Stealth Rock
|faint|p1a: Garchomp
|move|p2a: Gholdengo|Thunder Wave|p1: Garchomp|[notarget]
|-fail|p2a: Gholdengo
|
|upkeep
|inactive|Rabzzz has 20 seconds left this turn.
|
|t:|1743784133
|switch|p1a: Landorus|Landorus-Therian, M, shiny|19/100
|-damage|p1a: Landorus|6/100|[from] Stealth Rock
|-ability|p1a: Landorus|Intimidate|boost
|-unboost|p2a: Gholdengo|atk|1
|turn|32
|inactive|Rabzzz has 30 seconds left this turn.
|
|t:|1743784141
|switch|p2a: Moltres|Moltres|80/100
|move|p1a: Landorus|U-turn|p2a: Moltres
|-resisted|p2a: Moltres
|-damage|p2a: Moltres|77/100
|inactive|Rabzzz has 30 seconds left this turn.
|
|t:|1743784144
|switch|p1a: Pecharunt|Pecharunt|89/100|[from] U-turn
|
|upkeep
|turn|33
|
|t:|1743784152
|switch|p1a: Kingambit|Kingambit, F|94/100
|-damage|p1a: Kingambit|88/100|[from] Stealth Rock
|-activate|p1a: Kingambit|ability: Supreme Overlord
|-start|p1a: Kingambit|fallen2|[silent]
|-item|p1a: Kingambit|Air Balloon
|switch|p2a: Gholdengo|Gholdengo|100/100
|-damage|p2a: Gholdengo|94/100|[from] Stealth Rock
|
|-heal|p2a: Gholdengo|100/100|[from] item: Leftovers
|upkeep
|turn|34
|
|t:|1743784156
|switch|p2a: Moltres|Moltres|77/100
|move|p1a: Kingambit|Kowtow Cleave|p2a: Moltres
|-damage|p2a: Moltres|36/100
|
|upkeep
|turn|35
|
|t:|1743784163
|-end|p1a: Kingambit|fallen2|[silent]
|switch|p1a: Pecharunt|Pecharunt|89/100
|move|p2a: Moltres|Roost|p2a: Moltres
|-heal|p2a: Moltres|86/100
|-singleturn|p2a: Moltres|move: Roost
|
|upkeep
|turn|36
|
|t:|1743784188
|switch|p2a: Gholdengo|Gholdengo|100/100
|-damage|p2a: Gholdengo|94/100|[from] Stealth Rock
|move|p1a: Pecharunt|Parting Shot|p2a: Gholdengo
|-immune|p2a: Gholdengo|[from] ability: Good as Gold
|
|-heal|p2a: Gholdengo|100/100|[from] item: Leftovers
|upkeep
|turn|37
|
|t:|1743784195
|switch|p1a: Landorus|Landorus-Therian, M, shiny|6/100
|-damage|p1a: Landorus|0 fnt|[from] Stealth Rock
|faint|p1a: Landorus
|move|p2a: Gholdengo|Thunder Wave|p1: Landorus|[notarget]
|-fail|p2a: Gholdengo
|
|upkeep
|
|t:|1743784197
|switch|p1a: Zamazenta|Zamazenta|77/100 par
|-damage|p1a: Zamazenta|65/100 par|[from] Spikes
|-damage|p1a: Zamazenta|59/100 par|[from] Stealth Rock
|turn|38
|c|☆SmolTuna|gg
|
|t:|1743784206
|move|p2a: Gholdengo|Hex|p1a: Zamazenta
|-damage|p1a: Zamazenta|26/100 par
|move|p1a: Zamazenta|Crunch|p2a: Gholdengo
|-supereffective|p2a: Gholdengo
|-damage|p2a: Gholdengo|63/100
|
|-heal|p2a: Gholdengo|70/100|[from] item: Leftovers
|upkeep
|turn|39
|-message|SmolTuna forfeited.
|
|win|Rabzzz
|raw|SmolTuna's rating: 1679 &rarr; <strong>1660</strong><br />(-19 for losing)
|raw|Rabzzz's rating: 1690 &rarr; <strong>1709</strong><br />(+19 for winning)
|c|☆Rabzzz|gg
|l|☆SmolTuna
|player|p1|
|l|☆Rabzzz
|player|p2|
