|j|☆momoLFT
|j|☆tyvubin
|t:|1743861945
|gametype|singles
|player|p1|momoLFT|hilda-wonderlauncher|1121
|player|p2|tyvubin|101|1088
|teamsize|p1|6
|teamsize|p2|6
|gen|9
|tier|[Gen 9] OU
|rated|
|rule|HP Percentage Mod: HP is shown in percentages
|rule|Endless Battle Clause: Forcing endless battles is banned
|rule|Species Clause: Limit one of each Pokémon
|rule|OHKO Clause: OHKO moves are banned
|rule|Evasion Items Clause: Evasion items are banned
|rule|Evasion Moves Clause: Evasion moves are banned
|rule|Sleep Moves Clause: Sleep-inducing moves are banned
|clearpoke
|poke|p1|Alomomola, M|
|poke|p1|Ogerpon-Wellspring, F|
|poke|p1|Toxapex, F|
|poke|p1|Gyarados, M|
|poke|p1|Swampert, F|
|poke|p1|Volcanion|
|poke|p2|Porygon2|
|poke|p2|Skuntank, F|
|poke|p2|Galvantula, M|
|poke|p2|Lilligant-Hisui, F|
|poke|p2|Copperajah, F|
|poke|p2|Swanna, M|
|teampreview
|
|t:|1743861958
|start
|switch|p1a: Swampert|Swampert, F|100/100
|switch|p2a: Galvantula|Galvantula, M|100/100
|turn|1
|
|t:|1743861964
|move|p2a: Galvantula|Sticky Web|p1a: Swampert
|-sidestart|p1: momoLFT|move: Sticky Web
|move|p1a: Swampert|Knock Off|p2a: Galvantula
|-crit|p2a: Galvantula
|-damage|p2a: Galvantula|26/100
|-enditem|p2a: Galvantula|Magnet|[from] move: Knock Off|[of] p1a: Swampert
|
|upkeep
|turn|2
|
|t:|1743861991
|switch|p2a: Lilligant|Lilligant-Hisui, F|100/100
|move|p1a: Swampert|Flip Turn|p2a: Lilligant
|-resisted|p2a: Lilligant
|-damage|p2a: Lilligant|81/100
|
|t:|1743862002
|switch|p1a: Gyarados|Gyarados, M|100/100|[from] Flip Turn
|-ability|p1a: Gyarados|Intimidate|boost
|-unboost|p2a: Lilligant|atk|1
|
|upkeep
|turn|3
|
|t:|1743862011
|move|p2a: Lilligant|Petal Blizzard|p1a: Gyarados
|-damage|p1a: Gyarados|58/100
|-damage|p2a: Lilligant|71/100|[from] item: Life Orb
|move|p1a: Gyarados|Dragon Dance|p1a: Gyarados
|-boost|p1a: Gyarados|atk|1
|-boost|p1a: Gyarados|spe|1
|
|upkeep
|turn|4
|
|t:|1743862025
|move|p1a: Gyarados|Dragon Dance|p1a: Gyarados
|-boost|p1a: Gyarados|atk|1
|-boost|p1a: Gyarados|spe|1
|move|p2a: Lilligant|Petal Blizzard|p1a: Gyarados
|-damage|p1a: Gyarados|16/100
|-damage|p2a: Lilligant|61/100|[from] item: Life Orb
|
|upkeep
|turn|5
|
|t:|1743862033
|move|p2a: Lilligant|Petal Blizzard|p1a: Gyarados
|-damage|p1a: Gyarados|0 fnt
|faint|p1a: Gyarados
|-damage|p2a: Lilligant|51/100|[from] item: Life Orb
|
|upkeep
|c|☆momoLFT|oh
|c|☆momoLFT|im dumb
|c|☆momoLFT|cant read
|
|t:|1743862071
|switch|p1a: Toxapex|Toxapex, F|100/100
|turn|6
|c|☆tyvubin|idk how I was still faster
|
|t:|1743862082
|move|p2a: Lilligant|Petal Blizzard|p1a: Toxapex
|-damage|p1a: Toxapex|76/100
|-damage|p2a: Lilligant|41/100|[from] item: Life Orb
|move|p1a: Toxapex|Toxic|p2a: Lilligant
|-status|p2a: Lilligant|tox
|
|-damage|p2a: Lilligant|35/100 tox|[from] psn
|upkeep
|turn|7
|c|☆momoLFT|i used a - prio move
|
|t:|1743862116
|move|p2a: Lilligant|Petal Blizzard|p1a: Toxapex
|-damage|p1a: Toxapex|51/100
|-damage|p2a: Lilligant|25/100 tox|[from] item: Life Orb
|move|p1a: Toxapex|Venoshock|p2a: Lilligant
|-supereffective|p2a: Lilligant
|-damage|p2a: Lilligant|0 fnt
|faint|p2a: Lilligant
|
|upkeep
|
|t:|1743862125
|switch|p2a: Galvantula|Galvantula, M|26/100
|turn|8
|
|t:|1743862128
|switch|p1a: Swampert|Swampert, F|100/100
|-activate|p1a: Swampert|move: Sticky Web
|-unboost|p1a: Swampert|spe|1
|move|p2a: Galvantula|Thunder|p1a: Swampert
|-immune|p1a: Swampert
|
|upkeep
|turn|9
|
|t:|1743862138
|switch|p2a: Swanna|Swanna, M|100/100
|move|p1a: Swampert|Flip Turn|p2a: Swanna
|-resisted|p2a: Swanna
|-damage|p2a: Swanna|81/100
|
|t:|1743862152
|switch|p1a: Toxapex|Toxapex, F|85/100|[from] Flip Turn
|
|upkeep
|turn|10
|
|t:|1743862159
|move|p2a: Swanna|Flip Turn|p1a: Toxapex
|-resisted|p1a: Toxapex
|-damage|p1a: Toxapex|74/100
|
|t:|1743862164
|switch|p2a: Porygon2|Porygon2|100/100|[from] Flip Turn
|-ability|p2a: Porygon2|Download|boost
|-boost|p2a: Porygon2|atk|1
|move|p1a: Toxapex|Toxic|p2a: Porygon2
|-status|p2a: Porygon2|tox
|
|-damage|p2a: Porygon2|94/100 tox|[from] psn
|upkeep
|turn|11
|
|t:|1743862174
|move|p2a: Porygon2|Discharge|p1a: Toxapex
|-supereffective|p1a: Toxapex
|-damage|p1a: Toxapex|43/100
|-status|p1a: Toxapex|par
|move|p1a: Toxapex|Toxic|p2a: Porygon2
|-fail|p2a: Porygon2|tox
|
|-damage|p2a: Porygon2|82/100 tox|[from] psn
|upkeep
|turn|12
|
|t:|1743862183
|switch|p1a: Swampert|Swampert, F|100/100
|-activate|p1a: Swampert|move: Sticky Web
|-unboost|p1a: Swampert|spe|1
|move|p2a: Porygon2|Discharge|p1a: Swampert
|-immune|p1a: Swampert
|
|-damage|p2a: Porygon2|64/100 tox|[from] psn
|upkeep
|turn|13
|
|t:|1743862193
|switch|p2a: Swanna|Swanna, M|81/100
|move|p1a: Swampert|Knock Off|p2a: Swanna
|-damage|p2a: Swanna|36/100
|-enditem|p2a: Swanna|Mystic Water|[from] move: Knock Off|[of] p1a: Swampert
|
|upkeep
|turn|14
|
|t:|1743862206
|move|p2a: Swanna|Brave Bird|p1a: Swampert
|-damage|p1a: Swampert|55/100
|-damage|p2a: Swanna|18/100|[from] Recoil
|move|p1a: Swampert|Flip Turn|p2a: Swanna
|-resisted|p2a: Swanna
|-damage|p2a: Swanna|0 fnt
|faint|p2a: Swanna
|
|t:|1743862214
|switch|p1a: Alomomola|Alomomola, M|100/100|[from] Flip Turn
|
|upkeep
|
|t:|1743862219
|switch|p2a: Skuntank|Skuntank, F|100/100
|turn|15
|
|t:|1743862226
|move|p2a: Skuntank|Knock Off|p1a: Alomomola
|-damage|p1a: Alomomola|63/100
|-enditem|p1a: Alomomola|Heavy-Duty Boots|[from] move: Knock Off|[of] p2a: Skuntank
|move|p1a: Alomomola|Scald|p2a: Skuntank
|-damage|p2a: Skuntank|80/100
|
|upkeep
|turn|16
|
|t:|1743862236
|switch|p2a: Porygon2|Porygon2|64/100 tox
|-ability|p2a: Porygon2|Download|boost
|-boost|p2a: Porygon2|spa|1
|move|p1a: Alomomola|Wish|p1a: Alomomola
|
|-damage|p2a: Porygon2|58/100 tox|[from] psn
|upkeep
|turn|17
|
|t:|1743862244
|switch|p1a: Swampert|Swampert, F|55/100
|-activate|p1a: Swampert|move: Sticky Web
|-unboost|p1a: Swampert|spe|1
|move|p2a: Porygon2|Tri Attack|p1a: Swampert
|-damage|p1a: Swampert|28/100
|
|-heal|p1a: Swampert|97/100|[from] move: Wish|[wisher] Alomomola
|-damage|p2a: Porygon2|46/100 tox|[from] psn
|upkeep
|turn|18
|
|t:|1743862254
|move|p2a: Porygon2|Ice Beam|p1a: Swampert
|-damage|p1a: Swampert|76/100
|move|p1a: Swampert|Earthquake|p2a: Porygon2
|-damage|p2a: Porygon2|18/100 tox
|
|-damage|p2a: Porygon2|0 fnt|[from] psn
|faint|p2a: Porygon2
|upkeep
|
|t:|1743862265
|switch|p2a: Skuntank|Skuntank, F|80/100
|turn|19
|
|t:|1743862272
|switch|p1a: Alomomola|Alomomola, M|96/100
|-activate|p1a: Alomomola|move: Sticky Web
|-unboost|p1a: Alomomola|spe|1
|move|p2a: Skuntank|Sucker Punch||[still]
|-fail|p2a: Skuntank
|
|upkeep
|turn|20
|
|t:|1743862278
|move|p2a: Skuntank|Sucker Punch|p1a: Alomomola
|-damage|p1a: Alomomola|67/100
|move|p1a: Alomomola|Scald|p2a: Skuntank
|-damage|p2a: Skuntank|59/100
|
|upkeep
|turn|21
|
|t:|1743862286
|switch|p2a: Copperajah|Copperajah, F|100/100
|move|p1a: Alomomola|Wish|p1a: Alomomola
|
|upkeep
|turn|22
|
|t:|1743862293
|switch|p1a: Swampert|Swampert, F|76/100
|-activate|p1a: Swampert|move: Sticky Web
|-unboost|p1a: Swampert|spe|1
|move|p2a: Copperajah|Iron Head|p1a: Swampert
|-resisted|p1a: Swampert
|-crit|p1a: Swampert
|-damage|p1a: Swampert|44/100
|
|-heal|p1a: Swampert|100/100|[from] move: Wish|[wisher] Alomomola
|upkeep
|turn|23
|
|t:|1743862303
|move|p1a: Swampert|Earthquake|p2a: Copperajah
|-supereffective|p2a: Copperajah
|-damage|p2a: Copperajah|22/100
|move|p2a: Copperajah|Earthquake|p1a: Swampert
|-damage|p1a: Swampert|70/100
|
|-heal|p2a: Copperajah|28/100|[from] item: Leftovers
|upkeep
|turn|24
|
|t:|1743862310
|move|p1a: Swampert|Earthquake|p2a: Copperajah
|-supereffective|p2a: Copperajah
|-damage|p2a: Copperajah|0 fnt
|faint|p2a: Copperajah
|
|upkeep
|
|t:|1743862315
|switch|p2a: Skuntank|Skuntank, F|59/100
|turn|25
|
|t:|1743862320
|switch|p1a: Alomomola|Alomomola, M|99/100
|-activate|p1a: Alomomola|move: Sticky Web
|-unboost|p1a: Alomomola|spe|1
|-terastallize|p2a: Skuntank|Poison
|move|p2a: Skuntank|Gunk Shot|p1a: Alomomola
|-damage|p1a: Alomomola|35/100
|
|upkeep
|turn|26
|
|t:|1743862328
|move|p2a: Skuntank|Gunk Shot|p1a: Alomomola
|-damage|p1a: Alomomola|0 fnt
|faint|p1a: Alomomola
|
|upkeep
|
|t:|1743862336
|switch|p1a: Volcanion|Volcanion|100/100
|-item|p1a: Volcanion|Air Balloon
|turn|27
|
|t:|1743862342
|move|p2a: Skuntank|Gunk Shot|p1a: Volcanion
|-damage|p1a: Volcanion|10/100
|-enditem|p1a: Volcanion|Air Balloon
|move|p1a: Volcanion|Earth Power|p2a: Skuntank
|-supereffective|p2a: Skuntank
|-damage|p2a: Skuntank|0 fnt
|faint|p2a: Skuntank
|
|upkeep
|
|t:|1743862349
|switch|p2a: Galvantula|Galvantula, M|26/100
|turn|28
|
|t:|1743862352
|move|p2a: Galvantula|Bug Buzz|p1a: Volcanion
|-resisted|p1a: Volcanion
|-damage|p1a: Volcanion|0 fnt
|faint|p1a: Volcanion
|
|upkeep
|
|t:|1743862358
|switch|p1a: Ogerpon|Ogerpon-Wellspring, F|100/100
|-activate|p1a: Ogerpon|move: Sticky Web
|-unboost|p1a: Ogerpon|spe|1
|turn|29
|
|t:|1743862362
|move|p2a: Galvantula|Bug Buzz|p1a: Ogerpon
|-supereffective|p1a: Ogerpon
|-damage|p1a: Ogerpon|12/100
|move|p1a: Ogerpon|Ivy Cudgel|p2a: Galvantula|[anim] Ivy Cudgel Water
|-damage|p2a: Galvantula|0 fnt
|faint|p2a: Galvantula
|
|win|momoLFT
|raw|momoLFT's rating: 1121 &rarr; <strong>1144</strong><br />(+23 for winning)
|raw|tyvubin's rating: 1088 &rarr; <strong>1067</strong><br />(-21 for losing)
|l|☆tyvubin
|player|p2|
|l|☆momoLFT
|player|p1|
