|j|☆Suorza
|j|☆bnk1801
|t:|1743929662
|gametype|singles
|player|p1|Suorza|ethan|1259
|player|p2|bnk1801|acetrainer|1282
|teamsize|p1|6
|teamsize|p2|6
|gen|9
|tier|[Gen 9] OU
|rated|
|rule|HP Percentage Mod: HP is shown in percentages
|rule|Endless Battle Clause: Forcing endless battles is banned
|rule|Species Clause: Limit one of each Pokémon
|rule|OHKO Clause: OHKO moves are banned
|rule|Evasion Items Clause: Evasion items are banned
|rule|Evasion Moves Clause: Evasion moves are banned
|rule|Sleep Moves Clause: Sleep-inducing moves are banned
|clearpoke
|poke|p1|Garganacl, M|
|poke|p1|Corviknight, F|
|poke|p1|Keldeo-Resolute|
|poke|p1|Dragonite, M|
|poke|p1|Ting-Lu|
|poke|p1|Gholdengo|
|poke|p2|Mimikyu, M|
|poke|p2|Enamorus-Therian, F|
|poke|p2|Ursaluna, M|
|poke|p2|Indeedee-F, F|
|poke|p2|Kingambit, F|
|poke|p2|Torkoal, M|
|teampreview
|inactive|Battle timer is ON: inactive players will automatically lose when time's up. (requested by bnk1801)
|
|t:|1743929666
|start
|switch|p1a: KMnO4|Garganacl, M|100/100
|switch|p2a: Mimikyu|Mimikyu, M|100/100
|turn|1
|
|t:|1743929681
|move|p1a: KMnO4|Salt Cure|p2a: Mimikyu
|-activate|p2a: Mimikyu|ability: Disguise
|-damage|p2a: Mimikyu|100/100
|-start|p2a: Mimikyu|Salt Cure
|detailschange|p2a: Mimikyu|Mimikyu-Busted, M
|-damage|p2a: Mimikyu|88/100|[from] pokemon: Mimikyu-Busted
|move|p2a: Mimikyu|Trick Room|p2a: Mimikyu
|-fieldstart|move: Trick Room|[of] p2a: Mimikyu
|
|-damage|p2a: Mimikyu|76/100|[from] Salt Cure
|upkeep
|turn|2
|
|t:|1743929692
|move|p1a: KMnO4|Stealth Rock|p2a: Mimikyu
|-sidestart|p2: bnk1801|move: Stealth Rock
|move|p2a: Mimikyu|Wood Hammer|p1a: KMnO4
|-supereffective|p1a: KMnO4
|-damage|p1a: KMnO4|66/100
|-damage|p2a: Mimikyu|61/100|[from] Recoil
|
|-heal|p1a: KMnO4|72/100|[from] item: Leftovers
|-damage|p2a: Mimikyu|49/100|[from] Salt Cure
|upkeep
|turn|3
|
|t:|1743929708
|switch|p1a: RAHHHH|Corviknight, F|100/100
|switch|p2a: Ursaluna|Ursaluna, M|100/100
|-damage|p2a: Ursaluna|94/100|[from] Stealth Rock
|
|-status|p2a: Ursaluna|brn|[from] item: Flame Orb
|upkeep
|turn|4
|
|t:|1743929721
|move|p2a: Ursaluna|Smack Down|p1a: RAHHHH
|-damage|p1a: RAHHHH|84/100
|-start|p1a: RAHHHH|Smack Down
|move|p1a: RAHHHH|Brave Bird|p2a: Ursaluna
|-damage|p2a: Ursaluna|70/100 brn
|-damage|p1a: RAHHHH|74/100|[from] Recoil
|
|-heal|p1a: RAHHHH|80/100|[from] item: Leftovers
|-damage|p2a: Ursaluna|64/100 brn|[from] brn
|upkeep
|turn|5
|
|t:|1743929732
|switch|p1a: Da Boy|Dragonite, M|100/100
|move|p2a: Ursaluna|Headlong Rush|p1a: Da Boy
|-immune|p1a: Da Boy
|
|-damage|p2a: Ursaluna|58/100 brn|[from] brn
|-fieldend|move: Trick Room
|upkeep
|turn|6
|
|t:|1743929741
|move|p1a: Da Boy|Dragon Dance|p1a: Da Boy
|-boost|p1a: Da Boy|atk|1
|-boost|p1a: Da Boy|spe|1
|move|p2a: Ursaluna|Smack Down|p1a: Da Boy
|-supereffective|p1a: Da Boy
|-damage|p1a: Da Boy|66/100
|-start|p1a: Da Boy|Smack Down
|
|-damage|p2a: Ursaluna|52/100 brn|[from] brn
|upkeep
|turn|7
|
|t:|1743929751
|move|p1a: Da Boy|Ice Spinner|p2a: Ursaluna
|-supereffective|p2a: Ursaluna
|-damage|p2a: Ursaluna|0 fnt
|faint|p2a: Ursaluna
|
|upkeep
|
|t:|1743929756
|switch|p2a: Mimikyu|Mimikyu-Busted, M|49/100
|-damage|p2a: Mimikyu|36/100|[from] Stealth Rock
|turn|8
|
|t:|1743929761
|move|p1a: Da Boy|Earthquake|p2a: Mimikyu
|-damage|p2a: Mimikyu|0 fnt
|faint|p2a: Mimikyu
|
|upkeep
|
|t:|1743929767
|switch|p2a: Kingambit|Kingambit, F|100/100
|-damage|p2a: Kingambit|94/100|[from] Stealth Rock
|-activate|p2a: Kingambit|ability: Supreme Overlord
|-start|p2a: Kingambit|fallen2|[silent]
|turn|9
|
|t:|1743929772
|-terastallize|p2a: Kingambit|Flying
|move|p1a: Da Boy|Earthquake|p2a: Kingambit
|-immune|p2a: Kingambit
|move|p2a: Kingambit|Kowtow Cleave|p1a: Da Boy
|-damage|p1a: Da Boy|0 fnt
|faint|p1a: Da Boy
|-damage|p2a: Kingambit|84/100|[from] item: Life Orb
|
|upkeep
|
|t:|1743929789
|switch|p1a: KMnO4|Garganacl, M|72/100
|turn|10
|
|t:|1743929806
|-terastallize|p1a: KMnO4|Fairy
|move|p1a: KMnO4|Salt Cure|p2a: Kingambit
|-supereffective|p2a: Kingambit
|-damage|p2a: Kingambit|65/100
|-start|p2a: Kingambit|Salt Cure
|move|p2a: Kingambit|Iron Head|p1a: KMnO4
|-supereffective|p1a: KMnO4
|-damage|p1a: KMnO4|0 fnt
|faint|p1a: KMnO4
|-damage|p2a: Kingambit|55/100|[from] item: Life Orb
|
|-damage|p2a: Kingambit|43/100|[from] Salt Cure
|upkeep
|
|t:|1743929823
|switch|p1a: RAHHHH|Corviknight, F|80/100
|turn|11
|
|t:|1743929828
|-end|p2a: Kingambit|fallen2|[silent]
|switch|p2a: Enamorus|Enamorus-Therian, F|100/100
|-damage|p2a: Enamorus|76/100|[from] Stealth Rock
|move|p1a: RAHHHH|Brave Bird|p2a: Enamorus
|-damage|p2a: Enamorus|42/100
|-damage|p1a: RAHHHH|71/100|[from] Recoil
|
|-heal|p1a: RAHHHH|77/100|[from] item: Leftovers
|upkeep
|turn|12
|
|t:|1743929838
|move|p1a: RAHHHH|U-turn|p2a: Enamorus
|-resisted|p2a: Enamorus
|-damage|p2a: Enamorus|39/100
|
|t:|1743929841
|switch|p1a: Vessel Of Rosetoys|Ting-Lu|100/100|[from] U-turn
|-ability|p1a: Vessel Of Rosetoys|Vessel of Ruin
|move|p2a: Enamorus|Mystical Fire|p1a: Vessel Of Rosetoys
|-damage|p1a: Vessel Of Rosetoys|73/100
|-unboost|p1a: Vessel Of Rosetoys|spa|1
|
|-heal|p1a: Vessel Of Rosetoys|80/100|[from] item: Leftovers
|upkeep
|turn|13
|
|t:|1743929856
|switch|p2a: Indeedee|Indeedee-F, F|100/100
|-damage|p2a: Indeedee|88/100|[from] Stealth Rock
|-fieldstart|move: Psychic Terrain|[from] ability: Psychic Surge|[of] p2a: Indeedee
|move|p1a: Vessel Of Rosetoys|Ruination|p2a: Indeedee
|-damage|p2a: Indeedee|45/100
|
|-heal|p1a: Vessel Of Rosetoys|86/100|[from] item: Leftovers
|upkeep
|turn|14
|
|t:|1743929866
|move|p1a: Vessel Of Rosetoys|Earthquake|p2a: Indeedee
|-damage|p2a: Indeedee|0 fnt
|faint|p2a: Indeedee
|
|-heal|p1a: Vessel Of Rosetoys|92/100|[from] item: Leftovers
|upkeep
|
|t:|1743929870
|switch|p2a: Kingambit|Kingambit, F, tera:Flying|43/100
|-damage|p2a: Kingambit|18/100|[from] Stealth Rock
|-activate|p2a: Kingambit|ability: Supreme Overlord
|-start|p2a: Kingambit|fallen3|[silent]
|turn|15
|
|t:|1743929878
|move|p1a: Vessel Of Rosetoys|Taunt|p2a: Kingambit
|-start|p2a: Kingambit|move: Taunt
|move|p2a: Kingambit|Tera Blast|p1a: Vessel Of Rosetoys|[anim] Tera Blast Flying
|-damage|p1a: Vessel Of Rosetoys|46/100
|-damage|p2a: Kingambit|8/100|[from] item: Life Orb
|
|-heal|p1a: Vessel Of Rosetoys|52/100|[from] item: Leftovers
|upkeep
|turn|16
|
|t:|1743929888
|move|p2a: Kingambit|Tera Blast|p1a: Vessel Of Rosetoys|[anim] Tera Blast Flying
|-damage|p1a: Vessel Of Rosetoys|10/100
|-damage|p2a: Kingambit|0 fnt|[from] item: Life Orb
|faint|p2a: Kingambit
|-end|p2a: Kingambit|fallen3|[silent]
|move|p1a: Vessel Of Rosetoys|Whirlwind|p2: Kingambit|[notarget]
|-fail|p1a: Vessel Of Rosetoys
|
|-heal|p1a: Vessel Of Rosetoys|16/100|[from] item: Leftovers
|upkeep
|
|t:|1743929904
|switch|p2a: Enamorus|Enamorus-Therian, F|39/100
|-damage|p2a: Enamorus|14/100|[from] Stealth Rock
|turn|17
|
|t:|1743929912
|move|p1a: Vessel Of Rosetoys|Taunt|p2a: Enamorus
|-start|p2a: Enamorus|move: Taunt
|move|p2a: Enamorus|Mystical Fire|p1a: Vessel Of Rosetoys
|-damage|p1a: Vessel Of Rosetoys|0 fnt
|faint|p1a: Vessel Of Rosetoys
|
|-fieldend|move: Psychic Terrain
|upkeep
|
|t:|1743929925
|switch|p1a: 24h Naked|Gholdengo|100/100
|turn|18
|
|t:|1743929929
|move|p1a: 24h Naked|Shadow Ball|p2a: Enamorus
|-damage|p2a: Enamorus|0 fnt
|faint|p2a: Enamorus
|
|upkeep
|
|t:|1743929932
|switch|p2a: Torkoal|Torkoal, M|100/100
|-damage|p2a: Torkoal|75/100|[from] Stealth Rock
|-weather|SunnyDay|[from] ability: Drought|[of] p2a: Torkoal
|turn|19
|
|t:|1743929938
|move|p1a: 24h Naked|Shadow Ball|p2a: Torkoal
|-damage|p2a: Torkoal|23/100
|move|p2a: Torkoal|Eruption|p1a: 24h Naked
|-supereffective|p1a: 24h Naked
|-damage|p1a: 24h Naked|26/100
|
|-weather|SunnyDay|[upkeep]
|upkeep
|turn|20
|-message|bnk1801 forfeited.
|
|win|Suorza
|raw|Suorza's rating: 1259 &rarr; <strong>1286</strong><br />(+27 for winning)
|raw|bnk1801's rating: 1282 &rarr; <strong>1255</strong><br />(-27 for losing)
|l|☆bnk1801
|player|p2|
|l|☆Suorza
|player|p1|
