|j|☆FazzzB13
|j|☆Mimizy ❤️
|t:|1743906789
|gametype|singles
|player|p1|FazzzB13|benga|1175
|player|p2|Mimizy ❤️|rosa-masters2|1187
|teamsize|p1|6
|teamsize|p2|6
|gen|9
|tier|[Gen 9] OU
|rated|
|rule|HP Percentage Mod: HP is shown in percentages
|rule|Endless Battle Clause: Forcing endless battles is banned
|rule|Species Clause: Limit one of each Pokémon
|rule|OHKO Clause: OHKO moves are banned
|rule|Evasion Items Clause: Evasion items are banned
|rule|Evasion Moves Clause: Evasion moves are banned
|rule|Sleep Moves Clause: Sleep-inducing moves are banned
|clearpoke
|poke|p1|Gliscor, M|
|poke|p1|Raging Bolt|
|poke|p1|Iron Treads|
|poke|p1|Iron Moth|
|poke|p1|Gholdengo|
|poke|p1|Araquanid, F|
|poke|p2|Moltres-Galar|
|poke|p2|Jirachi|
|poke|p2|Dragapult, F|
|poke|p2|Great Tusk|
|poke|p2|Cinderace, F|
|poke|p2|Skarmory, F|
|teampreview
|inactive|Battle timer is ON: inactive players will automatically lose when time's up. (requested by Mimizy ❤️)
|
|t:|1743906817
|start
|switch|p1a: Araquanid|Araquanid, F, shiny|100/100
|switch|p2a: ドラゴンです|Dragapult, F|100/100
|turn|1
|
|t:|1743906822
|move|p2a: ドラゴンです|Substitute|p2a: ドラゴンです
|-start|p2a: ドラゴンです|Substitute
|-damage|p2a: ドラゴンです|76/100
|move|p1a: Araquanid|Sticky Web|p2a: ドラゴンです
|-sidestart|p2: Mimizy ❤️|move: Sticky Web
|
|-heal|p2a: ドラゴンです|82/100|[from] item: Leftovers
|upkeep
|turn|2
|
|t:|1743906826
|move|p2a: ドラゴンです|Thunder Wave|p1a: Araquanid
|-status|p1a: Araquanid|par
|move|p1a: Araquanid|Liquidation|p2a: ドラゴンです
|-resisted|p2a: ドラゴンです
|-end|p2a: ドラゴンです|Substitute
|
|-heal|p2a: ドラゴンです|88/100|[from] item: Leftovers
|upkeep
|turn|3
|
|t:|1743906839
|move|p2a: ドラゴンです|Substitute|p2a: ドラゴンです
|-start|p2a: ドラゴンです|Substitute
|-damage|p2a: ドラゴンです|63/100
|move|p1a: Araquanid|Leech Life|p2a: ドラゴンです
|-resisted|p2a: ドラゴンです
|-crit|p2a: ドラゴンです
|-end|p2a: ドラゴンです|Substitute
|
|-heal|p2a: ドラゴンです|69/100|[from] item: Leftovers
|upkeep
|turn|4
|
|t:|1743906841
|move|p2a: ドラゴンです|Substitute|p2a: ドラゴンです
|-start|p2a: ドラゴンです|Substitute
|-damage|p2a: ドラゴンです|44/100
|move|p1a: Araquanid|Leech Life|p2a: ドラゴンです
|-resisted|p2a: ドラゴンです
|-activate|p2a: ドラゴンです|move: Substitute|[damage]
|
|-heal|p2a: ドラゴンです|50/100|[from] item: Leftovers
|upkeep
|turn|5
|
|t:|1743906852
|move|p2a: ドラゴンです|Hex|p1a: Araquanid
|-damage|p1a: Araquanid|57/100 par
|cant|p1a: Araquanid|par
|
|-heal|p2a: ドラゴンです|56/100|[from] item: Leftovers
|upkeep
|turn|6
|
|t:|1743906867
|move|p2a: ドラゴンです|Hex|p1a: Araquanid
|-damage|p1a: Araquanid|11/100 par
|move|p1a: Araquanid|Leech Life|p2a: ドラゴンです
|-resisted|p2a: ドラゴンです
|-end|p2a: ドラゴンです|Substitute
|-heal|p1a: Araquanid|12/100 par|[from] drain|[of] p2a: ドラゴンです
|
|-heal|p2a: ドラゴンです|62/100|[from] item: Leftovers
|upkeep
|turn|7
|-enditem|p1a: Araquanid|Custap Berry|[eat]
|-activate|p1a: Araquanid|item: Custap Berry|[consumed]
|
|t:|1743906870
|cant|p1a: Araquanid|par
|move|p2a: ドラゴンです|Substitute|p2a: ドラゴンです
|-start|p2a: ドラゴンです|Substitute
|-damage|p2a: ドラゴンです|37/100
|
|-heal|p2a: ドラゴンです|43/100|[from] item: Leftovers
|upkeep
|turn|8
|
|t:|1743906875
|move|p2a: ドラゴンです|Hex|p1a: Araquanid
|-damage|p1a: Araquanid|0 fnt
|faint|p1a: Araquanid
|
|-heal|p2a: ドラゴンです|49/100|[from] item: Leftovers
|upkeep
|c|☆FazzzB13|bruh
|c|☆Mimizy ❤️|lol
|c|☆Mimizy ❤️|pokemon moment
|inactive|FazzzB13 has 120 seconds left.
|c|☆FazzzB13|!dt hex
|raw|<ul class="utilichart"><li class="result"><span class="col movenamecol"><a href="https://dex.pokemonshowdown.com/moves/hex">Hex</a></span> <span class="col typecol"><img src="//play.pokemonshowdown.com/sprites/types/Ghost.png" alt="Ghost" width="32" height="14"><img src="//play.pokemonshowdown.com/sprites/categories/Special.png" alt="Special" width="32" height="14"></span> <span class="col labelcol"><em>Power</em><br>65</span> <span class="col widelabelcol"><em>Accuracy</em><br>100%</span> <span class="col pplabelcol"><em>PP</em><br>16</span> <span class="col movedesccol">Power doubles if the target has a status ailment.</span> </li><li style="clear:both"></li></ul>
|raw|<font size="1"><font color="#686868">Priority:</font> 0&nbsp;|&ThickSpace;<font color="#686868">Gen:</font> 5&nbsp;|&ThickSpace;<font color="#686868">Z-Power:</font> 160&nbsp;|&ThickSpace;<font color="#686868">Target:</font> One Adjacent Pokémon</font>

|
|t:|1743906909
|switch|p1a: Peneson|Gholdengo|100/100
|turn|9
|
|t:|1743906915
|-terastallize|p1a: Peneson|Fairy
|move|p2a: ドラゴンです|Hex|p1a: Peneson
|-damage|p1a: Peneson|73/100
|move|p1a: Peneson|Shadow Ball|p2a: ドラゴンです
|-supereffective|p2a: ドラゴンです
|-end|p2a: ドラゴンです|Substitute
|
|-heal|p2a: ドラゴンです|55/100|[from] item: Leftovers
|-heal|p1a: Peneson|79/100|[from] item: Leftovers
|upkeep
|turn|10
|
|t:|1743906943
|switch|p2a: Burn together|Moltres-Galar|100/100
|move|p1a: Peneson|Shadow Ball|p2a: Burn together
|-resisted|p2a: Burn together
|-damage|p2a: Burn together|78/100
|-unboost|p2a: Burn together|spd|1
|
|-heal|p1a: Peneson|85/100|[from] item: Leftovers
|upkeep
|turn|11
|
|t:|1743906954
|move|p2a: Burn together|Nasty Plot|p2a: Burn together
|-boost|p2a: Burn together|spa|2
|move|p1a: Peneson|Shadow Ball|p2a: Burn together
|-resisted|p2a: Burn together
|-damage|p2a: Burn together|50/100
|-ability|p2a: Burn together|Berserk|boost
|-boost|p2a: Burn together|spa|1
|
|-heal|p1a: Peneson|91/100|[from] item: Leftovers
|upkeep
|turn|12
|
|t:|1743906966
|move|p2a: Burn together|Agility|p2a: Burn together
|-boost|p2a: Burn together|spe|2
|move|p1a: Peneson|Shadow Ball|p2a: Burn together
|-resisted|p2a: Burn together
|-damage|p2a: Burn together|18/100
|-enditem|p2a: Burn together|Salac Berry|[eat]
|-boost|p2a: Burn together|spe|1|[from] item: Salac Berry
|
|-heal|p1a: Peneson|97/100|[from] item: Leftovers
|upkeep
|turn|13
|
|t:|1743906969
|move|p2a: Burn together|Air Slash|p1a: Peneson
|-damage|p1a: Peneson|15/100
|move|p1a: Peneson|Shadow Ball|p2a: Burn together
|-resisted|p2a: Burn together
|-damage|p2a: Burn together|0 fnt
|faint|p2a: Burn together
|
|-heal|p1a: Peneson|21/100|[from] item: Leftovers
|upkeep
|
|t:|1743906978
|switch|p2a: 暑い|Cinderace, F|100/100
|turn|14
|
|t:|1743907000
|move|p2a: 暑い|Court Change|p2a: 暑い
|-start|p2a: 暑い|typechange|Normal|[from] ability: Libero
|-swapsideconditions
|-activate|p2a: 暑い|move: Court Change
|move|p1a: Peneson|Recover|p1a: Peneson
|-heal|p1a: Peneson|71/100
|
|-heal|p1a: Peneson|77/100|[from] item: Leftovers
|upkeep
|turn|15
|
|t:|1743907017
|switch|p1a: Sexomano|Gliscor, M, shiny|100/100
|move|p2a: 暑い|Will-O-Wisp|p1a: Sexomano
|-status|p1a: Sexomano|brn
|
|-damage|p1a: Sexomano|94/100 brn|[from] brn
|upkeep
|turn|16
|c|☆Mimizy ❤️|yessir
|c|☆Mimizy ❤️|knew it
|inactive|FazzzB13 has 120 seconds left.
|
|t:|1743907057
|move|p2a: 暑い|U-turn|p1a: Sexomano
|-resisted|p1a: Sexomano
|-damage|p1a: Sexomano|87/100 brn
|
|t:|1743907060
|switch|p2a: ‌|Skarmory, F|100/100|[from] U-turn
|move|p1a: Sexomano|Knock Off|p2a: ‌
|-damage|p2a: ‌|95/100
|-damage|p1a: Sexomano|70/100 brn|[from] item: Rocky Helmet|[of] p2a: ‌
|-enditem|p2a: ‌|Rocky Helmet|[from] move: Knock Off|[of] p1a: Sexomano
|
|-damage|p1a: Sexomano|64/100 brn|[from] brn
|upkeep
|turn|17
|c|☆FazzzB13|ok...
|inactive|FazzzB13 has 120 seconds left.
|c|☆Mimizy ❤️|:)
|
|t:|1743907089
|switch|p1a: Cagon|Iron Treads|100/100
|-activate|p1a: Cagon|move: Sticky Web
|-unboost|p1a: Cagon|spe|1
|-enditem|p1a: Cagon|Booster Energy
|-activate|p1a: Cagon|ability: Quark Drive|[fromitem]
|-start|p1a: Cagon|quarkdriveatk
|move|p2a: ‌|Spikes|p1a: Cagon
|-sidestart|p1: FazzzB13|Spikes
|
|upkeep
|turn|18
|
|t:|1743907094
|switch|p2a: ドラゴンです|Dragapult, F|55/100
|move|p1a: Cagon|Rapid Spin|p2a: ドラゴンです
|-immune|p2a: ドラゴンです
|
|-heal|p2a: ドラゴンです|61/100|[from] item: Leftovers
|upkeep
|turn|19
|
|t:|1743907102
|move|p2a: ドラゴンです|Substitute|p2a: ドラゴンです
|-start|p2a: ドラゴンです|Substitute
|-damage|p2a: ドラゴンです|36/100
|move|p1a: Cagon|Knock Off|p2a: ドラゴンです
|-supereffective|p2a: ドラゴンです
|-end|p2a: ドラゴンです|Substitute
|
|-heal|p2a: ドラゴンです|42/100|[from] item: Leftovers
|upkeep
|turn|20
|c|☆FazzzB13|oh
|j| pizza cupcake
|inactive|Mimizy ❤️ has 120 seconds left.
|
|t:|1743907135
|move|p2a: ドラゴンです|Substitute|p2a: ドラゴンです
|-start|p2a: ドラゴンです|Substitute
|-damage|p2a: ドラゴンです|17/100
|move|p1a: Cagon|Knock Off|p2a: ドラゴンです
|-supereffective|p2a: ドラゴンです
|-end|p2a: ドラゴンです|Substitute
|
|-heal|p2a: ドラゴンです|23/100|[from] item: Leftovers
|upkeep
|turn|21
|inactive|Mimizy ❤️ has 120 seconds left.
|
|t:|1743907150
|move|p2a: ドラゴンです|Hex|p1a: Cagon
|-damage|p1a: Cagon|59/100
|move|p1a: Cagon|Knock Off|p2a: ドラゴンです
|-supereffective|p2a: ドラゴンです
|-damage|p2a: ドラゴンです|0 fnt
|-enditem|p2a: ドラゴンです|Leftovers|[from] move: Knock Off|[of] p1a: Cagon
|faint|p2a: ドラゴンです
|
|upkeep
|inactive|Mimizy ❤️ has 120 seconds left.
|l| pizza cupcake
|inactive|Mimizy ❤️ has 90 seconds left.
|
|t:|1743907201
|switch|p2a: 暑い|Cinderace, F|100/100
|turn|22
|
|t:|1743907206
|move|p2a: 暑い|Pyro Ball|p1a: Cagon
|-supereffective|p1a: Cagon
|-damage|p1a: Cagon|0 fnt
|faint|p1a: Cagon
|-end|p1a: Cagon|Quark Drive|[silent]
|
|upkeep
|
|t:|1743907212
|switch|p1a: Sexomano|Gliscor, M, shiny|64/100 brn
|turn|23
|inactive|Mimizy ❤️ has 90 seconds left.
|
|t:|1743907230
|switch|p2a: ‌|Skarmory, F|95/100
|switch|p1a: Iron Moth|Iron Moth|100/100
|-activate|p1a: Iron Moth|move: Sticky Web
|-unboost|p1a: Iron Moth|spe|1
|-damage|p1a: Iron Moth|88/100|[from] Spikes
|-enditem|p1a: Iron Moth|Booster Energy
|-activate|p1a: Iron Moth|ability: Quark Drive|[fromitem]
|-start|p1a: Iron Moth|quarkdrivespa
|
|upkeep
|turn|24
|c|☆Mimizy ❤️|w
|inactive|Mimizy ❤️ has 90 seconds left.
|
|t:|1743907242
|move|p1a: Iron Moth|Substitute|p1a: Iron Moth
|-start|p1a: Iron Moth|Substitute
|-damage|p1a: Iron Moth|63/100
|move|p2a: ‌|Whirlwind|p1a: Iron Moth
|-end|p1a: Iron Moth|Quark Drive|[silent]
|drag|p1a: Raging Bolt|Raging Bolt|100/100
|-activate|p1a: Raging Bolt|move: Sticky Web
|-unboost|p1a: Raging Bolt|spe|1
|-damage|p1a: Raging Bolt|88/100|[from] Spikes
|-enditem|p1a: Raging Bolt|Booster Energy
|-activate|p1a: Raging Bolt|ability: Protosynthesis|[fromitem]
|-start|p1a: Raging Bolt|protosynthesisspa
|
|upkeep
|turn|25
|c|☆FazzzB13|D:
|c|☆Mimizy ❤️|:)
|inactive|Mimizy ❤️ has 90 seconds left.
|
|t:|1743907260
|switch|p2a: 土|Great Tusk|100/100
|move|p1a: Raging Bolt|Thunderbolt|p2a: 土
|-immune|p2a: 土
|
|upkeep
|turn|26
|inactive|Mimizy ❤️ has 90 seconds left.
|c|☆FazzzB13|XDDD
|c|☆Mimizy ❤️|gotta make them R  I S K S
|c|☆Mimizy ❤️|to W I N
|inactive|Mimizy ❤️ has 60 seconds left.
|
|t:|1743907297
|-end|p1a: Raging Bolt|Protosynthesis|[silent]
|switch|p1a: Sexomano|Gliscor, M, shiny|64/100 brn
|move|p2a: 土|Earthquake|p1a: Sexomano
|-immune|p1a: Sexomano
|
|-damage|p1a: Sexomano|58/100 brn|[from] brn
|upkeep
|turn|27
|
|t:|1743907307
|move|p2a: 土|Earthquake|p1a: Sexomano
|-immune|p1a: Sexomano
|move|p1a: Sexomano|Toxic|p2a: 土
|-status|p2a: 土|tox
|
|-damage|p2a: 土|94/100 tox|[from] psn
|-damage|p1a: Sexomano|52/100 brn|[from] brn
|upkeep
|turn|28
|c|☆FazzzB13|yea
|
|t:|1743907317
|move|p2a: 土|Bulk Up|p2a: 土
|-boost|p2a: 土|atk|1
|-boost|p2a: 土|def|1
|move|p1a: Sexomano|Knock Off|p2a: 土
|-resisted|p2a: 土
|-damage|p2a: 土|92/100 tox
|-enditem|p2a: 土|Salac Berry|[from] move: Knock Off|[of] p1a: Sexomano
|
|-damage|p2a: 土|79/100 tox|[from] psn
|-damage|p1a: Sexomano|45/100 brn|[from] brn
|upkeep
|turn|29
|
|t:|1743907327
|move|p2a: 土|Ice Spinner|p1a: Sexomano
|-supereffective|p1a: Sexomano
|-damage|p1a: Sexomano|0 fnt
|faint|p1a: Sexomano
|
|-damage|p2a: 土|60/100 tox|[from] psn
|upkeep
|
|t:|1743907337
|switch|p1a: Peneson|Gholdengo, tera:Fairy|77/100
|-activate|p1a: Peneson|move: Sticky Web
|-unboost|p1a: Peneson|spe|1
|-damage|p1a: Peneson|64/100|[from] Spikes
|turn|30
|
|t:|1743907342
|move|p2a: 土|Earthquake|p1a: Peneson
|-damage|p1a: Peneson|0 fnt
|faint|p1a: Peneson
|
|-damage|p2a: 土|35/100 tox|[from] psn
|upkeep
|
|t:|1743907346
|switch|p1a: Iron Moth|Iron Moth|63/100
|-activate|p1a: Iron Moth|move: Sticky Web
|-unboost|p1a: Iron Moth|spe|1
|-damage|p1a: Iron Moth|51/100|[from] Spikes
|turn|31
|
|t:|1743907349
|move|p2a: 土|Earthquake|p1a: Iron Moth
|-supereffective|p1a: Iron Moth
|-damage|p1a: Iron Moth|0 fnt
|faint|p1a: Iron Moth
|-end|p1a: Iron Moth|Quark Drive|[silent]
|
|-damage|p2a: 土|4/100 tox|[from] psn
|upkeep
|-message|FazzzB13 forfeited.
|
|win|Mimizy ❤️
|raw|FazzzB13's rating: 1175 &rarr; <strong>1151</strong><br />(-24 for losing)
|raw|Mimizy ❤️'s rating: 1187 &rarr; <strong>1211</strong><br />(+24 for winning)
|l|☆FazzzB13
|player|p1|
|l|☆Mimizy ❤️
|player|p2|
|j|☆Mimizy ❤️
|player|p2|Mimizy ❤️|rosa-masters2|
|j| GameDevBeck
|j| etrgrt7j
|l| etrgrt7j
|j| pizza cupcake
|l| pizza cupcake
|l|☆Mimizy ❤️
|player|p2|
|j|☆Mimizy ❤️
|player|p2|Mimizy ❤️|rosa-masters2|
