|j|☆ezperzwahn
|j|☆Crabish29
|t:|1743915003
|gametype|singles
|player|p1|ezperzwahn|burglar|1170
|player|p2|Crabish29|brycenman|1149
|teamsize|p1|6
|teamsize|p2|6
|gen|9
|tier|[Gen 9] OU
|rated|
|rule|HP Percentage Mod: HP is shown in percentages
|rule|Endless Battle Clause: Forcing endless battles is banned
|rule|Species Clause: Limit one of each Pokémon
|rule|OHKO Clause: OHKO moves are banned
|rule|Evasion Items Clause: Evasion items are banned
|rule|Evasion Moves Clause: Evasion moves are banned
|rule|Sleep Moves Clause: Sleep-inducing moves are banned
|clearpoke
|poke|p1|Glimmora, F|
|poke|p1|Araquanid, M|
|poke|p1|Corviknight, M|
|poke|p1|Samurott-Hisui, M|
|poke|p1|Dragapult, M|
|poke|p1|Great Tusk|
|poke|p2|Gliscor, F|
|poke|p2|Metagross|
|poke|p2|Rotom-Wash|
|poke|p2|Venusaur, M|
|poke|p2|Scrafty, F|
|poke|p2|Clefable, F|
|teampreview
|
|t:|1743915018
|start
|switch|p1a: Great Tusk|Great Tusk, shiny|100/100
|switch|p2a: Spin cycle|Rotom-Wash|100/100
|-enditem|p1a: Great Tusk|Booster Energy
|-activate|p1a: Great Tusk|ability: Protosynthesis|[fromitem]
|-start|p1a: Great Tusk|protosynthesisatk
|turn|1
|
|t:|1743915044
|-end|p1a: Great Tusk|Protosynthesis|[silent]
|switch|p1a: Dragapult|Dragapult, M, shiny|100/100
|move|p2a: Spin cycle|Thunder Wave|p1a: Dragapult
|-status|p1a: Dragapult|par
|
|upkeep
|turn|2
|
|t:|1743915055
|switch|p2a: That b|Clefable, F|100/100
|move|p1a: Dragapult|Draco Meteor|p2a: That b
|-immune|p2a: That b
|
|upkeep
|turn|3
|
|t:|1743915068
|switch|p1a: Araquanid|Araquanid, M, shiny|100/100
|move|p2a: That b|Moonblast|p1a: Araquanid
|-damage|p1a: Araquanid|78/100
|
|upkeep
|turn|4
|
|t:|1743915081
|switch|p2a: Thugnifacint|Scrafty, F|100/100
|-ability|p2a: Thugnifacint|Intimidate|boost
|-unboost|p1a: Araquanid|atk|1
|move|p1a: Araquanid|Infestation|p2a: Thugnifacint
|-damage|p2a: Thugnifacint|97/100
|-activate|p2a: Thugnifacint|move: Infestation|[of] p1a: Araquanid
|
|-heal|p2a: Thugnifacint|100/100|[from] item: Leftovers
|-damage|p2a: Thugnifacint|84/100|[from] move: Infestation|[partiallytrapped]
|upkeep
|turn|5
|
|t:|1743915112
|move|p2a: Thugnifacint|Knock Off|p1a: Araquanid
|-damage|p1a: Araquanid|38/100
|-enditem|p1a: Araquanid|Binding Band|[from] move: Knock Off|[of] p2a: Thugnifacint
|move|p1a: Araquanid|Sticky Web|p2a: Thugnifacint
|-sidestart|p2: Crabish29|move: Sticky Web
|
|-heal|p2a: Thugnifacint|90/100|[from] item: Leftovers
|-damage|p2a: Thugnifacint|73/100|[from] move: Infestation|[partiallytrapped]
|upkeep
|turn|6
|
|t:|1743915129
|move|p2a: Thugnifacint|Close Combat|p1a: Araquanid
|-resisted|p1a: Araquanid
|-damage|p1a: Araquanid|13/100
|-unboost|p2a: Thugnifacint|def|1
|-unboost|p2a: Thugnifacint|spd|1
|move|p1a: Araquanid|Aqua Ring|p1a: Araquanid
|-start|p1a: Araquanid|Aqua Ring
|
|-heal|p2a: Thugnifacint|79/100|[from] item: Leftovers
|-heal|p1a: Araquanid|19/100|[from] Aqua Ring
|-damage|p2a: Thugnifacint|62/100|[from] move: Infestation|[partiallytrapped]
|upkeep
|turn|7
|
|t:|1743915143
|move|p1a: Araquanid|Protect|p1a: Araquanid
|-singleturn|p1a: Araquanid|Protect
|move|p2a: Thugnifacint|Close Combat|p1a: Araquanid
|-activate|p1a: Araquanid|move: Protect
|
|-heal|p2a: Thugnifacint|68/100|[from] item: Leftovers
|-heal|p1a: Araquanid|25/100|[from] Aqua Ring
|-damage|p2a: Thugnifacint|52/100|[from] move: Infestation|[partiallytrapped]
|upkeep
|turn|8
|
|t:|1743915156
|switch|p1a: Dragapult|Dragapult, M, shiny|100/100 par
|move|p2a: Thugnifacint|Close Combat|p1a: Dragapult
|-immune|p1a: Dragapult
|
|-heal|p2a: Thugnifacint|58/100|[from] item: Leftovers
|-end|p2a: Thugnifacint|Infestation|[partiallytrapped]
|upkeep
|turn|9
|
|t:|1743915178
|switch|p1a: Glimmora|Glimmora, F, shiny|100/100
|move|p2a: Thugnifacint|Knock Off|p1a: Glimmora
|-damage|p1a: Glimmora|56/100
|-damage|p2a: Thugnifacint|41/100|[from] item: Rocky Helmet|[of] p1a: Glimmora
|-activate|p1a: Glimmora|ability: Toxic Debris
|-sidestart|p2: Crabish29|move: Toxic Spikes
|-enditem|p1a: Glimmora|Rocky Helmet|[from] move: Knock Off|[of] p2a: Thugnifacint
|
|-heal|p2a: Thugnifacint|47/100|[from] item: Leftovers
|upkeep
|turn|10
|
|t:|1743915205
|move|p1a: Glimmora|Spiky Shield|p1a: Glimmora
|-singleturn|p1a: Glimmora|move: Protect
|move|p2a: Thugnifacint|Close Combat|p1a: Glimmora
|-activate|p1a: Glimmora|move: Protect
|-damage|p2a: Thugnifacint|35/100|[from] Spiky Shield|[of] p1a: Glimmora
|
|-heal|p2a: Thugnifacint|41/100|[from] item: Leftovers
|upkeep
|turn|11
|
|t:|1743915230
|-terastallize|p1a: Glimmora|Flying
|move|p1a: Glimmora|Mortal Spin|p2a: Thugnifacint
|-damage|p2a: Thugnifacint|32/100
|-status|p2a: Thugnifacint|psn
|move|p2a: Thugnifacint|Close Combat|p1a: Glimmora
|-resisted|p1a: Glimmora
|-damage|p1a: Glimmora|29/100
|-unboost|p2a: Thugnifacint|def|1
|-unboost|p2a: Thugnifacint|spd|1
|-activate|p1a: Glimmora|ability: Toxic Debris
|-sidestart|p2: Crabish29|move: Toxic Spikes
|
|-heal|p2a: Thugnifacint|38/100 psn|[from] item: Leftovers
|-damage|p2a: Thugnifacint|26/100 psn|[from] psn
|upkeep
|turn|12
|
|t:|1743915253
|move|p1a: Glimmora|Stealth Rock|p2a: Thugnifacint
|-sidestart|p2: Crabish29|move: Stealth Rock
|move|p2a: Thugnifacint|Ice Punch|p1a: Glimmora
|-supereffective|p1a: Glimmora
|-damage|p1a: Glimmora|0 fnt
|faint|p1a: Glimmora
|
|-heal|p2a: Thugnifacint|31/100 psn|[from] item: Leftovers
|-damage|p2a: Thugnifacint|19/100 psn|[from] psn
|upkeep
|
|t:|1743915276
|switch|p1a: Samurott|Samurott-Hisui, M, shiny|100/100
|turn|13
|inactive|Battle timer is ON: inactive players will automatically lose when time's up. (requested by Crabish29)
|
|t:|1743915289
|move|p1a: Samurott|Ceaseless Edge|p2a: Thugnifacint
|-resisted|p2a: Thugnifacint
|-damage|p2a: Thugnifacint|0 fnt
|-sidestart|p2: Crabish29|Spikes
|faint|p2a: Thugnifacint
|
|upkeep
|
|t:|1743915295
|switch|p2a: Saurrrrrrrr|Venusaur, M|100/100
|-sideend|p2: Crabish29|move: Toxic Spikes|[of] p2a: Saurrrrrrrr
|turn|14
|
|t:|1743915303
|switch|p1a: Corviknight|Corviknight, M, shiny|100/100
|move|p2a: Saurrrrrrrr|Leaf Storm|p1a: Corviknight
|-resisted|p1a: Corviknight
|-damage|p1a: Corviknight|92/100
|-unboost|p2a: Saurrrrrrrr|spa|2
|
|upkeep
|turn|15
|
|t:|1743915319
|switch|p2a: Meth head|Gliscor, F|100/100
|-damage|p2a: Meth head|88/100|[from] Stealth Rock
|move|p1a: Corviknight|Brave Bird|p2a: Meth head
|-damage|p2a: Meth head|44/100
|-damage|p1a: Corviknight|80/100|[from] Recoil
|
|-status|p2a: Meth head|tox|[from] item: Toxic Orb
|upkeep
|turn|16
|
|t:|1743915332
|move|p2a: Meth head|Stealth Rock|p1a: Corviknight
|-sidestart|p1: ezperzwahn|move: Stealth Rock
|move|p1a: Corviknight|Brave Bird|p2a: Meth head
|-damage|p2a: Meth head|0 fnt
|faint|p2a: Meth head
|-damage|p1a: Corviknight|68/100|[from] Recoil
|
|upkeep
|
|t:|1743915340
|switch|p2a: Spin cycle|Rotom-Wash|100/100
|turn|17
|
|t:|1743915365
|switch|p1a: Great Tusk|Great Tusk, shiny|100/100
|-damage|p1a: Great Tusk|97/100|[from] Stealth Rock
|move|p2a: Spin cycle|Thunderbolt|p1a: Great Tusk
|-immune|p1a: Great Tusk
|
|upkeep
|turn|18
|inactive|ezperzwahn has 120 seconds left.
|
|t:|1743915393
|-end|p1a: Great Tusk|Protosynthesis|[silent]
|switch|p1a: Dragapult|Dragapult, M, shiny|100/100 par
|-damage|p1a: Dragapult|88/100 par|[from] Stealth Rock
|move|p2a: Spin cycle|Will-O-Wisp|p1a: Dragapult|[miss]
|-miss|p2a: Spin cycle|p1a: Dragapult
|
|upkeep
|turn|19
|inactive|ezperzwahn has 120 seconds left.
|
|t:|1743915405
|switch|p2a: That b|Clefable, F|100/100
|-activate|p2a: That b|move: Sticky Web
|-unboost|p2a: That b|spe|1
|cant|p1a: Dragapult|par
|
|upkeep
|turn|20
|inactive|ezperzwahn has 120 seconds left.
|
|t:|1743915423
|switch|p1a: Corviknight|Corviknight, M, shiny|68/100
|-damage|p1a: Corviknight|56/100|[from] Stealth Rock
|move|p2a: That b|Flamethrower|p1a: Corviknight
|-supereffective|p1a: Corviknight
|-damage|p1a: Corviknight|29/100
|
|upkeep
|turn|21
|inactive|ezperzwahn has 120 seconds left.
|
|t:|1743915433
|move|p1a: Corviknight|Steel Wing|p2a: That b
|-supereffective|p2a: That b
|-damage|p2a: That b|42/100
|move|p2a: That b|Flamethrower|p1a: Corviknight
|-supereffective|p1a: Corviknight
|-damage|p1a: Corviknight|1/100
|
|-heal|p2a: That b|48/100|[from] item: Leftovers
|upkeep
|turn|22
|inactive|ezperzwahn has 120 seconds left.
|
|t:|1743915448
|switch|p2a: Spin cycle|Rotom-Wash|100/100
|move|p1a: Corviknight|Steel Wing|p2a: Spin cycle
|-resisted|p2a: Spin cycle
|-damage|p2a: Spin cycle|94/100
|
|upkeep
|turn|23
|
|t:|1743915458
|move|p2a: Spin cycle|Thunderbolt|p1a: Corviknight
|-supereffective|p1a: Corviknight
|-damage|p1a: Corviknight|0 fnt
|faint|p1a: Corviknight
|
|upkeep
|inactive|ezperzwahn has 120 seconds left.
|
|t:|1743915469
|switch|p1a: Dragapult|Dragapult, M, shiny|88/100 par
|-damage|p1a: Dragapult|76/100 par|[from] Stealth Rock
|turn|24
|
|t:|1743915474
|switch|p2a: That b|Clefable, F|48/100
|-activate|p2a: That b|move: Sticky Web
|-unboost|p2a: That b|spe|1
|move|p1a: Dragapult|Hex|p2a: That b
|-crit|p2a: That b
|-damage|p2a: That b|8/100
|-damage|p1a: Dragapult|66/100 par|[from] item: Life Orb
|
|-heal|p2a: That b|14/100|[from] item: Leftovers
|upkeep
|turn|25
|
|t:|1743915486
|cant|p1a: Dragapult|par
|move|p2a: That b|Wish|p2a: That b
|
|-heal|p2a: That b|21/100|[from] item: Leftovers
|upkeep
|turn|26
|
|t:|1743915493
|move|p1a: Dragapult|Hex|p2a: That b
|-damage|p2a: That b|0 fnt
|faint|p2a: That b
|-damage|p1a: Dragapult|56/100 par|[from] item: Life Orb
|
|upkeep
|
|t:|1743915499
|switch|p2a: Daddy metal legs|Metagross|100/100
|-activate|p2a: Daddy metal legs|move: Sticky Web
|-fail|p2a: Daddy metal legs|unboost|[from] ability: Clear Body|[of] p2a: Daddy metal legs
|-damage|p2a: Daddy metal legs|94/100|[from] Stealth Rock
|-damage|p2a: Daddy metal legs|82/100|[from] Spikes
|turn|27
|
|t:|1743915511
|-terastallize|p2a: Daddy metal legs|Water
|move|p1a: Dragapult|U-turn|p2a: Daddy metal legs
|-damage|p2a: Daddy metal legs|66/100
|-damage|p1a: Dragapult|47/100 par|[from] item: Life Orb
|
|t:|1743915525
|switch|p1a: Samurott|Samurott-Hisui, M, shiny|100/100|[from] U-turn
|-damage|p1a: Samurott|88/100|[from] Stealth Rock
|move|p2a: Daddy metal legs|Knock Off|p1a: Samurott
|-resisted|p1a: Samurott
|-crit|p1a: Samurott
|-damage|p1a: Samurott|50/100
|-enditem|p1a: Samurott|Choice Scarf|[from] move: Knock Off|[of] p2a: Daddy metal legs
|
|upkeep
|turn|28
|
|t:|1743915541
|switch|p2a: Saurrrrrrrr|Venusaur, M|100/100
|move|p1a: Samurott|Ceaseless Edge|p2a: Saurrrrrrrr
|-damage|p2a: Saurrrrrrrr|64/100
|-sidestart|p2: Crabish29|Spikes
|
|upkeep
|turn|29
|
|t:|1743915562
|move|p1a: Samurott|X-Scissor|p2a: Saurrrrrrrr
|-damage|p2a: Saurrrrrrrr|33/100
|move|p2a: Saurrrrrrrr|Sludge Bomb|p1a: Samurott
|-damage|p1a: Samurott|1/100
|-status|p1a: Samurott|psn
|
|-damage|p1a: Samurott|0 fnt|[from] psn
|faint|p1a: Samurott
|upkeep
|inactive|ezperzwahn has 120 seconds left.
|
|t:|1743915590
|switch|p1a: Dragapult|Dragapult, M, shiny|47/100 par
|-damage|p1a: Dragapult|34/100 par|[from] Stealth Rock
|turn|30
|
|t:|1743915605
|move|p1a: Dragapult|Flamethrower|p2a: Saurrrrrrrr
|-supereffective|p2a: Saurrrrrrrr
|-crit|p2a: Saurrrrrrrr
|-damage|p2a: Saurrrrrrrr|0 fnt
|faint|p2a: Saurrrrrrrr
|-damage|p1a: Dragapult|25/100 par|[from] item: Life Orb
|
|upkeep
|
|t:|1743915612
|switch|p2a: Daddy metal legs|Metagross, tera:Water|66/100
|-activate|p2a: Daddy metal legs|move: Sticky Web
|-fail|p2a: Daddy metal legs|unboost|[from] ability: Clear Body|[of] p2a: Daddy metal legs
|-damage|p2a: Daddy metal legs|53/100|[from] Stealth Rock
|-damage|p2a: Daddy metal legs|37/100|[from] Spikes
|turn|31
|
|t:|1743915624
|switch|p1a: Great Tusk|Great Tusk, shiny|97/100
|-damage|p1a: Great Tusk|94/100|[from] Stealth Rock
|move|p2a: Daddy metal legs|Knock Off|p1a: Great Tusk
|-resisted|p1a: Great Tusk
|-damage|p1a: Great Tusk|86/100
|
|upkeep
|turn|32
|inactive|ezperzwahn has 120 seconds left.
|
|t:|1743915643
|move|p1a: Great Tusk|Headlong Rush|p2a: Daddy metal legs
|-damage|p2a: Daddy metal legs|0 fnt
|-unboost|p1a: Great Tusk|def|1
|-unboost|p1a: Great Tusk|spd|1
|faint|p2a: Daddy metal legs
|
|upkeep
|
|t:|1743915649
|switch|p2a: Spin cycle|Rotom-Wash|94/100
|turn|33
|inactive|ezperzwahn has 120 seconds left.
|
|t:|1743915673
|-end|p1a: Great Tusk|Protosynthesis|[silent]
|switch|p1a: Araquanid|Araquanid, M, shiny|25/100
|-damage|p1a: Araquanid|0 fnt|[from] Stealth Rock
|faint|p1a: Araquanid
|move|p2a: Spin cycle|Hydro Pump|p1: Araquanid|[notarget]
|-fail|p2a: Spin cycle
|
|upkeep
|
|t:|1743915684
|switch|p1a: Dragapult|Dragapult, M, shiny|25/100 par
|-damage|p1a: Dragapult|12/100 par|[from] Stealth Rock
|turn|34
|
|t:|1743915691
|move|p1a: Dragapult|Draco Meteor|p2a: Spin cycle
|-damage|p2a: Spin cycle|24/100
|-unboost|p1a: Dragapult|spa|2
|-damage|p1a: Dragapult|3/100 par|[from] item: Life Orb
|move|p2a: Spin cycle|Thunderbolt|p1a: Dragapult
|-resisted|p1a: Dragapult
|-damage|p1a: Dragapult|0 fnt
|faint|p1a: Dragapult
|
|upkeep
|
|t:|1743915702
|switch|p1a: Great Tusk|Great Tusk, shiny|86/100
|-damage|p1a: Great Tusk|83/100|[from] Stealth Rock
|turn|35
|
|t:|1743915709
|move|p1a: Great Tusk|Body Press|p2a: Spin cycle
|-damage|p2a: Spin cycle|0 fnt
|faint|p2a: Spin cycle
|
|win|ezperzwahn
|raw|ezperzwahn's rating: 1170 &rarr; <strong>1193</strong><br />(+23 for winning)
|raw|Crabish29's rating: 1149 &rarr; <strong>1126</strong><br />(-23 for losing)
|l|☆Crabish29
|player|p2|
|l|☆ezperzwahn
|player|p1|
