|j|☆NEWMANGAPO
|j|☆Dimpchampa
|t:|1743901141
|gametype|singles
|player|p1|NEWMANGAPO|pokemaniac|1170
|player|p2|Dimpchampa|102|1119
|teamsize|p1|6
|teamsize|p2|6
|gen|9
|tier|[Gen 9] OU
|rated|
|rule|HP Percentage Mod: HP is shown in percentages
|rule|Endless Battle Clause: Forcing endless battles is banned
|rule|Species Clause: Limit one of each Pokémon
|rule|OHKO Clause: OHKO moves are banned
|rule|Evasion Items Clause: Evasion items are banned
|rule|Evasion Moves Clause: Evasion moves are banned
|rule|Sleep Moves Clause: Sleep-inducing moves are banned
|clearpoke
|poke|p1|Ogerpon-Wellspring, F|
|poke|p1|Raging Bolt|
|poke|p1|Great Tusk|
|poke|p1|Heatran, F|
|poke|p1|Enamorus, F|
|poke|p1|Kingambit, M|
|poke|p2|Kingdra, F|
|poke|p2|Kingambit, F|
|poke|p2|Sawsbuck, M|
|poke|p2|Eelektross, F|
|poke|p2|Mudsdale, F|
|poke|p2|Slowking-Galar, F|
|teampreview
|
|t:|1743901161
|start
|switch|p1a: Ogerpon|Ogerpon-Wellspring, F|100/100
|switch|p2a: Kingdra|Kingdra, F|100/100
|turn|1
|
|t:|1743901170
|move|p1a: Ogerpon|Trailblaze|p2a: Kingdra
|-damage|p2a: Kingdra|69/100
|-boost|p1a: Ogerpon|spe|1
|move|p2a: Kingdra|Focus Energy|p2a: Kingdra
|-start|p2a: Kingdra|move: Focus Energy
|
|upkeep
|turn|2
|
|t:|1743901179
|-terastallize|p1a: Ogerpon|Water
|detailschange|p1a: Ogerpon|Ogerpon-Wellspring-Tera, F, tera:Water
|-ability|p1a: Ogerpon|Embody Aspect (Wellspring)|boost
|-boost|p1a: Ogerpon|spd|1
|move|p1a: Ogerpon|Swords Dance|p1a: Ogerpon
|-boost|p1a: Ogerpon|atk|2
|move|p2a: Kingdra|Ice Beam|p1a: Ogerpon
|-resisted|p1a: Ogerpon
|-crit|p1a: Ogerpon
|-damage|p1a: Ogerpon|62/100
|
|upkeep
|turn|3
|
|t:|1743901192
|move|p1a: Ogerpon|Play Rough|p2a: Kingdra
|-supereffective|p2a: Kingdra
|-damage|p2a: Kingdra|0 fnt
|faint|p2a: Kingdra
|
|upkeep
|
|t:|1743901200
|switch|p2a: Eelektross|Eelektross, F|100/100
|turn|4
|
|t:|1743901205
|move|p1a: Ogerpon|Play Rough|p2a: Eelektross
|-damage|p2a: Eelektross|19/100
|move|p2a: Eelektross|Supercell Slam|p1a: Ogerpon
|-supereffective|p1a: Ogerpon
|-damage|p1a: Ogerpon|0 fnt
|faint|p1a: Ogerpon
|
|upkeep
|
|t:|1743901225
|switch|p1a: Great Tusk|Great Tusk|100/100
|turn|5
|
|t:|1743901233
|switch|p2a: Mudsdale|Mudsdale, F|100/100
|move|p1a: Great Tusk|Ice Spinner|p2a: Mudsdale
|-supereffective|p2a: Mudsdale
|-damage|p2a: Mudsdale|60/100
|-ability|p2a: Mudsdale|Stamina|boost
|-boost|p2a: Mudsdale|def|1
|
|-heal|p2a: Mudsdale|67/100|[from] item: Leftovers
|upkeep
|turn|6
|
|t:|1743901244
|-end|p1a: Great Tusk|Protosynthesis|[silent]
|switch|p1a: Enamorus|Enamorus, F|100/100
|move|p2a: Mudsdale|Stealth Rock|p1a: Enamorus
|-sidestart|p1: NEWMANGAPO|move: Stealth Rock
|
|-heal|p2a: Mudsdale|73/100|[from] item: Leftovers
|upkeep
|turn|7
|
|t:|1743901253
|move|p1a: Enamorus|Moonblast|p2a: Mudsdale
|-crit|p2a: Mudsdale
|-damage|p2a: Mudsdale|2/100
|-unboost|p2a: Mudsdale|spa|1
|-ability|p2a: Mudsdale|Stamina|boost
|-boost|p2a: Mudsdale|def|1
|move|p2a: Mudsdale|Heavy Slam|p1a: Enamorus
|-supereffective|p1a: Enamorus
|-damage|p1a: Enamorus|0 fnt
|faint|p1a: Enamorus
|
|-heal|p2a: Mudsdale|8/100|[from] item: Leftovers
|upkeep
|
|t:|1743901265
|switch|p1a: Great Tusk|Great Tusk|100/100
|-damage|p1a: Great Tusk|98/100|[from] Stealth Rock
|turn|8
|
|t:|1743901275
|switch|p2a: Eelektross|Eelektross, F|19/100
|move|p1a: Great Tusk|Ice Spinner|p2a: Eelektross
|-damage|p2a: Eelektross|0 fnt
|faint|p2a: Eelektross
|
|upkeep
|
|t:|1743901289
|switch|p2a: Slowking|Slowking-Galar, F|100/100
|turn|9
|
|t:|1743901294
|move|p1a: Great Tusk|Taunt|p2a: Slowking
|-start|p2a: Slowking|move: Taunt
|move|p2a: Slowking|Psychic|p1a: Great Tusk
|-supereffective|p1a: Great Tusk
|-damage|p1a: Great Tusk|0 fnt
|faint|p1a: Great Tusk
|-end|p1a: Great Tusk|Protosynthesis|[silent]
|
|upkeep
|
|t:|1743901299
|switch|p1a: Heatran|Heatran, F, shiny|100/100
|-damage|p1a: Heatran|88/100|[from] Stealth Rock
|turn|10
|
|t:|1743901309
|move|p1a: Heatran|Magma Storm|p2a: Slowking
|-damage|p2a: Slowking|63/100
|-activate|p2a: Slowking|move: Magma Storm|[of] p1a: Heatran
|move|p2a: Slowking|Psychic|p1a: Heatran
|-resisted|p1a: Heatran
|-damage|p1a: Heatran|65/100
|
|-heal|p1a: Heatran|71/100|[from] item: Leftovers
|-damage|p2a: Slowking|50/100|[from] move: Magma Storm|[partiallytrapped]
|upkeep
|turn|11
|
|t:|1743901328
|move|p1a: Heatran|Stealth Rock|p2a: Slowking
|-sidestart|p2: Dimpchampa|move: Stealth Rock
|move|p2a: Slowking|Psychic|p1a: Heatran
|-resisted|p1a: Heatran
|-damage|p1a: Heatran|51/100
|
|-heal|p1a: Heatran|57/100|[from] item: Leftovers
|-damage|p2a: Slowking|38/100|[from] move: Magma Storm|[partiallytrapped]
|-end|p2a: Slowking|move: Taunt
|upkeep
|turn|12
|
|t:|1743901339
|move|p1a: Heatran|Taunt|p2a: Slowking
|-start|p2a: Slowking|move: Taunt
|move|p2a: Slowking|Psychic|p1a: Heatran
|-resisted|p1a: Heatran
|-damage|p1a: Heatran|37/100
|
|-heal|p1a: Heatran|44/100|[from] item: Leftovers
|-damage|p2a: Slowking|26/100|[from] move: Magma Storm|[partiallytrapped]
|upkeep
|turn|13
|
|t:|1743901350
|move|p1a: Heatran|Earth Power|p2a: Slowking
|-supereffective|p2a: Slowking
|-damage|p2a: Slowking|0 fnt
|faint|p2a: Slowking
|
|-heal|p1a: Heatran|50/100|[from] item: Leftovers
|upkeep
|
|t:|1743901360
|switch|p2a: Sawsbuck|Sawsbuck, M|100/100
|-damage|p2a: Sawsbuck|88/100|[from] Stealth Rock
|turn|14
|
|t:|1743901367
|move|p2a: Sawsbuck|Body Slam|p1a: Heatran
|-resisted|p1a: Heatran
|-damage|p1a: Heatran|33/100
|-status|p1a: Heatran|par
|move|p1a: Heatran|Magma Storm|p2a: Sawsbuck
|-supereffective|p2a: Sawsbuck
|-damage|p2a: Sawsbuck|0 fnt
|faint|p2a: Sawsbuck
|
|-heal|p1a: Heatran|40/100 par|[from] item: Leftovers
|upkeep
|
|t:|1743901379
|switch|p2a: Kingambit|Kingambit, F|100/100
|-damage|p2a: Kingambit|94/100|[from] Stealth Rock
|-activate|p2a: Kingambit|ability: Supreme Overlord
|-start|p2a: Kingambit|fallen4|[silent]
|turn|15
|
|t:|1743901389
|move|p2a: Kingambit|Brick Break|p1a: Heatran
|-supereffective|p1a: Heatran
|-damage|p1a: Heatran|0 fnt
|faint|p1a: Heatran
|
|upkeep
|
|t:|1743901399
|switch|p1a: Raging Bolt|Raging Bolt|100/100
|-damage|p1a: Raging Bolt|88/100|[from] Stealth Rock
|turn|16
|
|t:|1743901411
|-terastallize|p2a: Kingambit|Dark
|move|p2a: Kingambit|Sucker Punch|p1a: Raging Bolt
|-damage|p1a: Raging Bolt|10/100
|move|p1a: Raging Bolt|Draco Meteor|p2a: Kingambit
|-damage|p2a: Kingambit|0 fnt
|-unboost|p1a: Raging Bolt|spa|2
|faint|p2a: Kingambit
|-end|p2a: Kingambit|fallen4|[silent]
|
|upkeep
|-message|Dimpchampa forfeited.
|
|win|NEWMANGAPO
|raw|NEWMANGAPO's rating: 1170 &rarr; <strong>1191</strong><br />(+21 for winning)
|raw|Dimpchampa's rating: 1119 &rarr; <strong>1098</strong><br />(-21 for losing)
|l|☆Dimpchampa
|player|p2|
