|j|☆Dr.Jean Pepper
|j|☆Skibidi Toothpaste
|t:|1743938420
|gametype|singles
|player|p1|Dr.Jean Pepper|erika-lgpe|1376
|player|p2|Skibidi Toothpaste|volkner|1322
|teamsize|p1|6
|teamsize|p2|6
|gen|9
|tier|[Gen 9] OU
|rated|
|rule|HP Percentage Mod: HP is shown in percentages
|rule|Endless Battle Clause: Forcing endless battles is banned
|rule|Species Clause: Limit one of each Pokémon
|rule|OHKO Clause: OHKO moves are banned
|rule|Evasion Items Clause: Evasion items are banned
|rule|Evasion Moves Clause: Evasion moves are banned
|rule|Sleep Moves Clause: Sleep-inducing moves are banned
|clearpoke
|poke|p1|Raging Bolt|
|poke|p1|Iron Moth|
|poke|p1|Great Tusk|
|poke|p1|Weavile, M|
|poke|p1|Forretress, F|
|poke|p1|Cinderace, F|
|poke|p2|Rillaboom, F|
|poke|p2|Raging Bolt|
|poke|p2|Iron Treads|
|poke|p2|Volcanion|
|poke|p2|Hoopa-Unbound|
|poke|p2|Clefable, F|
|teampreview
|inactive|Battle timer is ON: inactive players will automatically lose when time's up. (requested by Skibidi Toothpaste)
|inactive|Dr.Jean Pepper also wants the timer to be on.
|
|t:|1743938426
|start
|switch|p1a: Old but Good|Forretress, F, shiny|100/100
|switch|p2a: The Domain|Rillaboom, F|100/100
|-fieldstart|move: Grassy Terrain|[from] ability: Grassy Surge|[of] p2a: The Domain
|turn|1
|c|☆Skibidi Toothpaste|Hf
|c|☆Dr.Jean Pepper|you too
|
|t:|1743938437
|switch|p2a: Clefable|Clefable, F|100/100
|move|p1a: Old but Good|Stealth Rock|p2a: Clefable
|-sidestart|p2: Skibidi Toothpaste|move: Stealth Rock
|
|upkeep
|turn|2
|
|t:|1743938442
|-terastallize|p2a: Clefable|Fire
|move|p2a: Clefable|Calm Mind|p2a: Clefable
|-boost|p2a: Clefable|spa|1
|-boost|p2a: Clefable|spd|1
|move|p1a: Old but Good|Thunder Wave|p2a: Clefable
|-status|p2a: Clefable|par
|
|upkeep
|turn|3
|
|t:|1743938454
|switch|p1a: Mecha Battra|Iron Moth|100/100
|move|p2a: Clefable|Flamethrower|p1a: Mecha Battra
|-resisted|p1a: Mecha Battra
|-damage|p1a: Mecha Battra|60/100
|
|-heal|p1a: Mecha Battra|66/100|[from] Grassy Terrain
|upkeep
|turn|4
|inactive|Skibidi Toothpaste has 120 seconds left.
|
|t:|1743938511
|move|p1a: Mecha Battra|Meteor Beam||[still]
|-prepare|p1a: Mecha Battra|Meteor Beam
|-boost|p1a: Mecha Battra|spa|1
|-enditem|p1a: Mecha Battra|Power Herb
|-anim|p1a: Mecha Battra|Meteor Beam|p2a: Clefable
|-supereffective|p2a: Clefable
|-damage|p2a: Clefable|20/100 par
|move|p2a: Clefable|Calm Mind|p2a: Clefable
|-boost|p2a: Clefable|spa|1
|-boost|p2a: Clefable|spd|1
|
|-heal|p1a: Mecha Battra|72/100|[from] Grassy Terrain
|-heal|p2a: Clefable|26/100 par|[from] Grassy Terrain
|upkeep
|turn|5
|
|t:|1743938525
|move|p1a: Mecha Battra|Sludge Wave|p2a: Clefable
|-damage|p2a: Clefable|0 fnt
|faint|p2a: Clefable
|
|-heal|p1a: Mecha Battra|78/100|[from] Grassy Terrain
|upkeep
|
|t:|1743938530
|switch|p2a: The Artillery|Volcanion|100/100
|-damage|p2a: The Artillery|76/100|[from] Stealth Rock
|-enditem|p2a: The Artillery|Grassy Seed
|-boost|p2a: The Artillery|def|1|[from] item: Grassy Seed
|turn|6
|
|t:|1743938547
|move|p1a: Mecha Battra|Sludge Wave|p2a: The Artillery
|-damage|p2a: The Artillery|0 fnt
|faint|p2a: The Artillery
|
|-heal|p1a: Mecha Battra|84/100|[from] Grassy Terrain
|upkeep
|inactive|Skibidi Toothpaste has 120 seconds left.
|
|t:|1743938581
|switch|p2a: The Heretic|Hoopa-Unbound|100/100
|-damage|p2a: The Heretic|88/100|[from] Stealth Rock
|-enditem|p2a: The Heretic|Grassy Seed
|-boost|p2a: The Heretic|def|1|[from] item: Grassy Seed
|turn|7
|
|t:|1743938595
|move|p1a: Mecha Battra|Sludge Wave|p2a: The Heretic
|-damage|p2a: The Heretic|32/100
|move|p2a: The Heretic|Psychic Noise|p1a: Mecha Battra
|-supereffective|p1a: Mecha Battra
|-damage|p1a: Mecha Battra|8/100
|-start|p1a: Mecha Battra|move: Heal Block
|
|-heal|p2a: The Heretic|38/100|[from] Grassy Terrain
|upkeep
|turn|8
|
|t:|1743938604
|move|p1a: Mecha Battra|Fiery Dance|p2a: The Heretic
|-damage|p2a: The Heretic|0 fnt
|-boost|p1a: Mecha Battra|spa|1
|faint|p2a: The Heretic
|
|-end|p1a: Mecha Battra|move: Heal Block
|-fieldend|move: Grassy Terrain
|upkeep
|
|t:|1743938607
|switch|p2a: The Domain|Rillaboom, F|100/100
|-damage|p2a: The Domain|88/100|[from] Stealth Rock
|-fieldstart|move: Grassy Terrain|[from] ability: Grassy Surge|[of] p2a: The Domain
|turn|9
|
|t:|1743938616
|-end|p1a: Mecha Battra|Quark Drive|[silent]
|switch|p1a: Old but Good|Forretress, F, shiny|100/100
|move|p2a: The Domain|Grassy Glide|p1a: Old but Good
|-resisted|p1a: Old but Good
|-damage|p1a: Old but Good|95/100
|
|-heal|p2a: The Domain|94/100|[from] Grassy Terrain
|-heal|p1a: Old but Good|100/100|[from] Grassy Terrain
|upkeep
|turn|10
|-message|Skibidi Toothpaste forfeited.
|
|win|Dr.Jean Pepper
|raw|Dr.Jean Pepper's rating: 1376 &rarr; <strong>1393</strong><br />(+17 for winning)
|raw|Skibidi Toothpaste's rating: 1322 &rarr; <strong>1305</strong><br />(-17 for losing)
|l|☆Skibidi Toothpaste
|player|p2|
|l|☆Dr.Jean Pepper
|player|p1|
