|j|☆OnigiriDesu
|j|☆rubbydubbyjunior
|t:|1743926536
|gametype|singles
|player|p1|OnigiriDesu|101|1060
|player|p2|rubbydubbyjunior|hilbert|1111
|teamsize|p1|6
|teamsize|p2|6
|gen|9
|tier|[Gen 9] OU
|rated|
|rule|HP Percentage Mod: HP is shown in percentages
|rule|Endless Battle Clause: Forcing endless battles is banned
|rule|Species Clause: Limit one of each Pokémon
|rule|OHKO Clause: OHKO moves are banned
|rule|Evasion Items Clause: Evasion items are banned
|rule|Evasion Moves Clause: Evasion moves are banned
|rule|Sleep Moves Clause: Sleep-inducing moves are banned
|clearpoke
|poke|p1|Skarmory, M|
|poke|p1|Minior|
|poke|p1|Electivire, F|
|poke|p1|Blastoise, M|
|poke|p1|Kingambit, F|
|poke|p1|Toxapex, F|
|poke|p2|Meowscarada, M|
|poke|p2|Cinderace, F|
|poke|p2|Porygon-Z|
|poke|p2|Hatterene, F|
|poke|p2|Iron Treads|
|poke|p2|Salamence, F|
|teampreview
|inactive|Battle timer is ON: inactive players will automatically lose when time's up. (requested by rubbydubbyjunior)
|
|t:|1743926543
|start
|switch|p1a: Skarmory|Skarmory, M|100/100
|switch|p2a: Meowscarada|Meowscarada, M|100/100
|turn|1
|
|t:|1743926549
|move|p2a: Meowscarada|U-turn|p1a: Skarmory
|-start|p2a: Meowscarada|typechange|Bug|[from] ability: Protean
|-resisted|p1a: Skarmory
|-damage|p1a: Skarmory|96/100
|-damage|p2a: Meowscarada|84/100|[from] item: Rocky Helmet|[of] p1a: Skarmory
|
|t:|1743926555
|switch|p2a: Hatterene|Hatterene, F, shiny|100/100|[from] U-turn
|move|p1a: Skarmory|Stealth Rock|p2a: Hatterene
|move|p2a: Hatterene|Stealth Rock|p1a: Skarmory|[from] ability: Magic Bounce
|-sidestart|p1: OnigiriDesu|move: Stealth Rock
|
|upkeep
|turn|2
|
|t:|1743926562
|move|p1a: Skarmory|Iron Defense|p1a: Skarmory
|-boost|p1a: Skarmory|def|2
|move|p2a: Hatterene|Nuzzle|p1a: Skarmory
|-supereffective|p1a: Skarmory
|-damage|p1a: Skarmory|93/100
|-status|p1a: Skarmory|par
|-damage|p2a: Hatterene|84/100|[from] item: Rocky Helmet|[of] p1a: Skarmory
|
|upkeep
|turn|3
|
|t:|1743926570
|move|p2a: Hatterene|Mystical Fire|p1a: Skarmory
|-supereffective|p1a: Skarmory
|-damage|p1a: Skarmory|14/100 par
|-unboost|p1a: Skarmory|spa|1
|move|p1a: Skarmory|Iron Defense|p1a: Skarmory
|-boost|p1a: Skarmory|def|2
|
|upkeep
|turn|4
|
|t:|1743926578
|move|p2a: Hatterene|Mystical Fire|p1a: Skarmory
|-supereffective|p1a: Skarmory
|-damage|p1a: Skarmory|0 fnt
|faint|p1a: Skarmory
|
|upkeep
|
|t:|1743926583
|switch|p1a: Minior|Minior|100/100
|-damage|p1a: Minior|76/100|[from] Stealth Rock
|-formechange|p1a: Minior|Minior-Meteor||[from] ability: Shields Down
|turn|5
|
|t:|1743926608
|move|p1a: Minior|Shell Smash|p1a: Minior
|-unboost|p1a: Minior|def|1
|-unboost|p1a: Minior|spd|1
|-boost|p1a: Minior|atk|2
|-boost|p1a: Minior|spa|2
|-boost|p1a: Minior|spe|2
|-enditem|p1a: Minior|White Herb
|-clearnegativeboost|p1a: Minior|[silent]
|move|p2a: Hatterene|Psyshock|p1a: Minior
|-damage|p1a: Minior|20/100
|
|-formechange|p1a: Minior|Minior||[from] ability: Shields Down
|upkeep
|turn|6
|
|t:|1743926620
|switch|p2a: Iron Treads|Iron Treads|100/100
|-terastallize|p1a: Minior|Flying
|move|p1a: Minior|Acrobatics|p2a: Iron Treads
|-resisted|p2a: Iron Treads
|-damage|p2a: Iron Treads|60/100
|
|-heal|p2a: Iron Treads|66/100|[from] item: Leftovers
|upkeep
|turn|7
|
|t:|1743926630
|move|p1a: Minior|Earthquake|p2a: Iron Treads
|-supereffective|p2a: Iron Treads
|-damage|p2a: Iron Treads|0 fnt
|faint|p2a: Iron Treads
|-end|p2a: Iron Treads|Quark Drive|[silent]
|
|upkeep
|
|t:|1743926635
|switch|p2a: Cinderace|Cinderace, F|100/100
|turn|8
|
|t:|1743926638
|move|p2a: Cinderace|Sucker Punch|p1a: Minior
|-start|p2a: Cinderace|typechange|Dark|[from] ability: Libero
|-damage|p1a: Minior|0 fnt
|faint|p1a: Minior
|
|upkeep
|
|t:|1743926645
|switch|p1a: Blastoise|Blastoise, M|100/100
|-damage|p1a: Blastoise|88/100|[from] Stealth Rock
|turn|9
|
|t:|1743926652
|move|p2a: Cinderace|U-turn|p1a: Blastoise
|-damage|p1a: Blastoise|58/100
|
|t:|1743926656
|switch|p2a: Meowscarada|Meowscarada, M|84/100|[from] U-turn
|move|p1a: Blastoise|Shell Smash|p1a: Blastoise
|-unboost|p1a: Blastoise|def|1
|-unboost|p1a: Blastoise|spd|1
|-boost|p1a: Blastoise|atk|2
|-boost|p1a: Blastoise|spa|2
|-boost|p1a: Blastoise|spe|2
|-enditem|p1a: Blastoise|White Herb
|-clearnegativeboost|p1a: Blastoise|[silent]
|
|upkeep
|turn|10
|
|t:|1743926670
|move|p2a: Meowscarada|Flower Trick|p1a: Blastoise
|-start|p2a: Meowscarada|typechange|Grass|[from] ability: Protean
|-supereffective|p1a: Blastoise
|-crit|p1a: Blastoise
|-damage|p1a: Blastoise|0 fnt
|faint|p1a: Blastoise
|
|upkeep
|
|t:|1743926680
|switch|p1a: Electivire|Electivire, F|100/100
|-damage|p1a: Electivire|88/100|[from] Stealth Rock
|-item|p1a: Electivire|Air Balloon
|turn|11
|
|t:|1743926686
|switch|p2a: Hatterene|Hatterene, F, shiny|84/100
|move|p1a: Electivire|Trailblaze|p2a: Hatterene
|-damage|p2a: Hatterene|63/100
|-boost|p1a: Electivire|spe|1
|
|upkeep
|turn|12
|
|t:|1743926693
|move|p1a: Electivire|Bulk Up|p1a: Electivire
|-boost|p1a: Electivire|atk|1
|-boost|p1a: Electivire|def|1
|move|p2a: Hatterene|Draining Kiss|p1a: Electivire
|-damage|p1a: Electivire|54/100
|-heal|p2a: Hatterene|86/100|[from] drain|[of] p1a: Electivire
|-enditem|p1a: Electivire|Air Balloon
|
|upkeep
|turn|13
|
|t:|1743926703
|move|p1a: Electivire|Bulk Up|p1a: Electivire
|-boost|p1a: Electivire|atk|1
|-boost|p1a: Electivire|def|1
|move|p2a: Hatterene|Draining Kiss|p1a: Electivire
|-damage|p1a: Electivire|17/100
|-heal|p2a: Hatterene|100/100|[from] drain|[of] p1a: Electivire
|
|upkeep
|turn|14
|
|t:|1743926711
|move|p1a: Electivire|Supercell Slam|p2a: Hatterene
|-damage|p2a: Hatterene|0 fnt
|faint|p2a: Hatterene
|
|upkeep
|
|t:|1743926716
|switch|p2a: Meowscarada|Meowscarada, M|84/100
|turn|15
|
|t:|1743926719
|move|p2a: Meowscarada|Flower Trick|p1a: Electivire
|-start|p2a: Meowscarada|typechange|Grass|[from] ability: Protean
|-crit|p1a: Electivire
|-damage|p1a: Electivire|0 fnt
|faint|p1a: Electivire
|
|upkeep
|
|t:|1743926726
|switch|p1a: Toxapex|Toxapex, F|100/100
|-damage|p1a: Toxapex|88/100|[from] Stealth Rock
|turn|16
|
|t:|1743926736
|switch|p2a: Guffawing Moon|Salamence, F|100/100
|move|p1a: Toxapex|Toxic|p2a: Guffawing Moon
|-status|p2a: Guffawing Moon|tox
|
|-heal|p1a: Toxapex|94/100|[from] item: Black Sludge
|-damage|p2a: Guffawing Moon|94/100 tox|[from] psn
|upkeep
|turn|17
|
|t:|1743926747
|move|p2a: Guffawing Moon|Dragon Dance|p2a: Guffawing Moon
|-boost|p2a: Guffawing Moon|atk|1
|-boost|p2a: Guffawing Moon|spe|1
|move|p1a: Toxapex|Sludge Wave|p2a: Guffawing Moon
|-crit|p2a: Guffawing Moon
|-damage|p2a: Guffawing Moon|58/100 tox
|
|-heal|p1a: Toxapex|100/100|[from] item: Black Sludge
|-damage|p2a: Guffawing Moon|46/100 tox|[from] psn
|upkeep
|turn|18
|
|t:|1743926757
|move|p2a: Guffawing Moon|Earthquake|p1a: Toxapex
|-supereffective|p1a: Toxapex
|-damage|p1a: Toxapex|34/100
|move|p1a: Toxapex|Sludge Wave|p2a: Guffawing Moon
|-crit|p2a: Guffawing Moon
|-damage|p2a: Guffawing Moon|13/100 tox
|
|-heal|p1a: Toxapex|40/100|[from] item: Black Sludge
|-damage|p2a: Guffawing Moon|0 fnt|[from] psn
|faint|p2a: Guffawing Moon
|upkeep
|
|t:|1743926768
|switch|p2a: Meowscarada|Meowscarada, M|84/100
|turn|19
|
|t:|1743926772
|move|p1a: Toxapex|Baneful Bunker|p1a: Toxapex
|-singleturn|p1a: Toxapex|move: Protect
|move|p2a: Meowscarada|Flower Trick|p1a: Toxapex
|-start|p2a: Meowscarada|typechange|Grass|[from] ability: Protean
|-activate|p1a: Toxapex|move: Protect
|
|-heal|p1a: Toxapex|47/100|[from] item: Black Sludge
|upkeep
|turn|20
|
|t:|1743926781
|move|p2a: Meowscarada|Flower Trick|p1a: Toxapex
|-crit|p1a: Toxapex
|-damage|p1a: Toxapex|18/100
|move|p1a: Toxapex|Recover|p1a: Toxapex
|-heal|p1a: Toxapex|68/100
|
|-heal|p1a: Toxapex|74/100|[from] item: Black Sludge
|upkeep
|turn|21
|
|t:|1743926789
|move|p2a: Meowscarada|Flower Trick|p1a: Toxapex
|-crit|p1a: Toxapex
|-damage|p1a: Toxapex|47/100
|move|p1a: Toxapex|Toxic|p2a: Meowscarada
|-status|p2a: Meowscarada|tox
|
|-heal|p1a: Toxapex|53/100|[from] item: Black Sludge
|-damage|p2a: Meowscarada|78/100 tox|[from] psn
|upkeep
|turn|22
|
|t:|1743926798
|switch|p2a: Porygon-Z|Porygon-Z|100/100
|-ability|p2a: Porygon-Z|Download|boost
|-boost|p2a: Porygon-Z|spa|1
|move|p1a: Toxapex|Baneful Bunker||[still]
|-fail|p1a: Toxapex
|
|-heal|p1a: Toxapex|59/100|[from] item: Black Sludge
|upkeep
|turn|23
|
|t:|1743926807
|move|p2a: Porygon-Z|Discharge|p1a: Toxapex
|-supereffective|p1a: Toxapex
|-damage|p1a: Toxapex|0 fnt
|faint|p1a: Toxapex
|
|upkeep
|
|t:|1743926812
|switch|p1a: Kingambit|Kingambit, F|100/100
|-damage|p1a: Kingambit|94/100|[from] Stealth Rock
|turn|24
|
|t:|1743926818
|switch|p2a: Meowscarada|Meowscarada, M|78/100 tox
|move|p1a: Kingambit|Swords Dance|p1a: Kingambit
|-boost|p1a: Kingambit|atk|2
|
|-heal|p1a: Kingambit|100/100|[from] item: Leftovers
|-damage|p2a: Meowscarada|72/100 tox|[from] psn
|upkeep
|turn|25
|
|t:|1743926827
|move|p1a: Kingambit|Sucker Punch|p2a: Meowscarada
|-resisted|p2a: Meowscarada
|-damage|p2a: Meowscarada|7/100 tox
|move|p2a: Meowscarada|Play Rough|p1a: Kingambit
|-start|p2a: Meowscarada|typechange|Fairy|[from] ability: Protean
|-damage|p1a: Kingambit|72/100
|
|-heal|p1a: Kingambit|78/100|[from] item: Leftovers
|-damage|p2a: Meowscarada|0 fnt|[from] psn
|faint|p2a: Meowscarada
|upkeep
|
|t:|1743926838
|switch|p2a: Porygon-Z|Porygon-Z|100/100
|-ability|p2a: Porygon-Z|Download|boost
|-boost|p2a: Porygon-Z|spa|1
|turn|26
|
|t:|1743926843
|move|p1a: Kingambit|Sucker Punch||[still]
|-fail|p1a: Kingambit
|move|p2a: Porygon-Z|Trick|p1a: Kingambit
|-activate|p2a: Porygon-Z|move: Trick|[of] p1a: Kingambit
|-item|p1a: Kingambit|Choice Specs|[from] move: Trick
|-item|p2a: Porygon-Z|Leftovers|[from] move: Trick
|
|upkeep
|turn|27
|
|t:|1743926850
|switch|p2a: Cinderace|Cinderace, F|100/100
|move|p1a: Kingambit|Kowtow Cleave|p2a: Cinderace
|-damage|p2a: Cinderace|0 fnt
|faint|p2a: Cinderace
|
|upkeep
|
|t:|1743926857
|switch|p2a: Porygon-Z|Porygon-Z|100/100
|-ability|p2a: Porygon-Z|Download|boost
|-boost|p2a: Porygon-Z|spa|1
|turn|28
|
|t:|1743926863
|move|p2a: Porygon-Z|Discharge|p1a: Kingambit
|-damage|p1a: Kingambit|33/100
|move|p1a: Kingambit|Kowtow Cleave|p2a: Porygon-Z
|-damage|p2a: Porygon-Z|0 fnt
|faint|p2a: Porygon-Z
|
|win|OnigiriDesu
|raw|OnigiriDesu's rating: 1060 &rarr; <strong>1096</strong><br />(+36 for winning)
|raw|rubbydubbyjunior's rating: 1111 &rarr; <strong>1082</strong><br />(-29 for losing)
|l|☆rubbydubbyjunior
|player|p2|
|l|☆OnigiriDesu
|player|p1|
