|j|☆andreharris
|j|☆besudo
|t:|1743793501
|gametype|singles
|player|p1|andreharris|palmer|1654
|player|p2|besudo|dancer|1618
|teamsize|p1|6
|teamsize|p2|6
|gen|9
|tier|[Gen 9] OU
|rated|
|rule|HP Percentage Mod: HP is shown in percentages
|rule|Endless Battle Clause: Forcing endless battles is banned
|rule|Species Clause: Limit one of each Pokémon
|rule|OHKO Clause: OHKO moves are banned
|rule|Evasion Items Clause: Evasion items are banned
|rule|Evasion Moves Clause: Evasion moves are banned
|rule|Sleep Moves Clause: Sleep-inducing moves are banned
|clearpoke
|poke|p1|Kingambit, M|
|poke|p1|Garchomp, M|
|poke|p1|Pecharunt|
|poke|p1|Darkrai|
|poke|p1|Kyurem|
|poke|p1|Zapdos-Galar|
|poke|p2|Chesnaught, M|
|poke|p2|Muk-Alola, F|
|poke|p2|Hatterene, F|
|poke|p2|Ogerpon-Cornerstone, F|
|poke|p2|Regidrago|
|poke|p2|Gholdengo|
|teampreview
|inactive|Battle timer is ON: inactive players will automatically lose when time's up. (requested by besudo)
|
|t:|1743793514
|start
|switch|p1a: Gorge Grinder|Garchomp, M, shiny|100/100
|switch|p2a: K. Jr|Regidrago, shiny|100/100
|turn|1
|j| THING MAKER
|
|t:|1743793520
|switch|p1a: Shogun Sovereign|Kingambit, M, shiny|100/100
|move|p2a: K. Jr|Dragon Energy|p1a: Shogun Sovereign
|-resisted|p1a: Shogun Sovereign
|-damage|p1a: Shogun Sovereign|45/100
|
|upkeep
|turn|2
|
|t:|1743793524
|switch|p2a: Him|Chesnaught, M|100/100
|move|p1a: Shogun Sovereign|Sucker Punch||[still]
|-fail|p1a: Shogun Sovereign
|
|upkeep
|turn|3
|
|t:|1743793528
|-end|p1a: Shogun Sovereign|fallenundefined|[silent]
|switch|p1a: Gorge Grinder|Garchomp, M, shiny|100/100
|move|p2a: Him|Spikes|p1a: Gorge Grinder
|-sidestart|p1: andreharris|Spikes
|
|upkeep
|turn|4
|
|t:|1743793533
|switch|p2a: Houdini|Hatterene, F, shiny|100/100
|move|p1a: Gorge Grinder|Stealth Rock|p2a: Houdini
|move|p2a: Houdini|Stealth Rock|p1a: Gorge Grinder|[from] ability: Magic Bounce
|-sidestart|p1: andreharris|move: Stealth Rock
|
|upkeep
|turn|5
|
|t:|1743793538
|switch|p1a: Shogun Sovereign|Kingambit, M, shiny|45/100
|-damage|p1a: Shogun Sovereign|33/100|[from] Spikes
|-damage|p1a: Shogun Sovereign|27/100|[from] Stealth Rock
|move|p2a: Houdini|Dazzling Gleam|p1a: Shogun Sovereign
|-damage|p1a: Shogun Sovereign|0 fnt
|faint|p1a: Shogun Sovereign
|-end|p1a: Shogun Sovereign|fallenundefined|[silent]
|
|upkeep
|
|t:|1743793543
|switch|p1a: Pestilent Phantom|Pecharunt|100/100
|-damage|p1a: Pestilent Phantom|88/100|[from] Stealth Rock
|-item|p1a: Pestilent Phantom|Air Balloon
|turn|6
|
|t:|1743793545
|switch|p2a: AGent AGslash|Gholdengo, shiny|100/100
|move|p1a: Pestilent Phantom|Parting Shot|p2a: AGent AGslash
|-immune|p2a: AGent AGslash|[from] ability: Good as Gold
|
|upkeep
|turn|7
|
|t:|1743793549
|switch|p1a: Dusk Dreader|Darkrai, shiny|100/100
|move|p2a: AGent AGslash|Make It Rain|p1a: Dusk Dreader
|-damage|p1a: Dusk Dreader|0 fnt
|-unboost|p2a: AGent AGslash|spa|1
|faint|p1a: Dusk Dreader
|
|upkeep
|
|t:|1743793552
|switch|p1a: Gorge Grinder|Garchomp, M, shiny|100/100
|-damage|p1a: Gorge Grinder|88/100|[from] Spikes
|-damage|p1a: Gorge Grinder|82/100|[from] Stealth Rock
|turn|8
|
|t:|1743793555
|switch|p2a: Houdini|Hatterene, F, shiny|100/100
|move|p1a: Gorge Grinder|Fire Blast|p2a: Houdini
|-damage|p2a: Houdini|67/100
|-damage|p1a: Gorge Grinder|72/100|[from] item: Life Orb
|
|upkeep
|turn|9
|-message|andreharris forfeited.
|
|win|besudo
|raw|andreharris's rating: 1654 &rarr; <strong>1632</strong><br />(-22 for losing)
|raw|besudo's rating: 1618 &rarr; <strong>1640</strong><br />(+22 for winning)
|l|☆andreharris
|player|p1|
|l|☆besudo
|player|p2|
|l| THING MAKER
