|badge|p2|bronze|gen9ou|100-5
|uhtml|medal-msg|<div class="broadcast-blue">Curious what those medals under the avatar are? PS now has Ladder Seasons! For more information, check out the <a href="https://www.smogon.com/forums/threads/3740067/">thread on Smogon.</a></div>
|j|☆alvar03
|j|☆Sebas99sevilla
|t:|1743793651
|gametype|singles
|player|p1|alvar03|alder|1824
|player|p2|Sebas99sevilla|linebacker|1819
|teamsize|p1|6
|teamsize|p2|6
|gen|9
|tier|[Gen 9] OU
|rated|
|rule|HP Percentage Mod: HP is shown in percentages
|rule|Endless Battle Clause: Forcing endless battles is banned
|rule|Species Clause: Limit one of each Pokémon
|rule|OHKO Clause: OHKO moves are banned
|rule|Evasion Items Clause: Evasion items are banned
|rule|Evasion Moves Clause: Evasion moves are banned
|rule|Sleep Moves Clause: Sleep-inducing moves are banned
|clearpoke
|poke|p1|Ogerpon-Cornerstone, F|
|poke|p1|Slowking-Galar, F|
|poke|p1|Great Tusk|
|poke|p1|Zapdos|
|poke|p1|Kingambit, F|
|poke|p1|Zamazenta-*|
|poke|p2|Diancie|
|poke|p2|Kyurem|
|poke|p2|Necrozma|
|poke|p2|Hatterene, F|
|poke|p2|Iron Hands|
|poke|p2|Landorus-Therian, M|
|teampreview
|j| LudocyelZ
|inactive|Battle timer is ON: inactive players will automatically lose when time's up. (requested by Sebas99sevilla)
|
|t:|1743793668
|start
|switch|p1a: Zapdos|Zapdos|100/100
|switch|p2a: Landorus|Landorus-Therian, M|100/100
|-ability|p2a: Landorus|Intimidate|boost
|-unboost|p1a: Zapdos|atk|1
|turn|1
|
|t:|1743793684
|move|p2a: Landorus|Stealth Rock|p1a: Zapdos
|-sidestart|p1: alvar03|move: Stealth Rock
|move|p1a: Zapdos|Hurricane|p2a: Landorus
|-damage|p2a: Landorus|51/100
|
|upkeep
|turn|2
|
|t:|1743793690
|switch|p2a: Kyurem|Kyurem|100/100
|-ability|p2a: Kyurem|Pressure
|move|p1a: Zapdos|Volt Switch|p2a: Kyurem
|-resisted|p2a: Kyurem
|-damage|p2a: Kyurem|88/100
|
|t:|1743793701
|switch|p1a: Slowking|Slowking-Galar, F|100/100|[from] Volt Switch
|-damage|p1a: Slowking|88/100|[from] Stealth Rock
|
|upkeep
|turn|3
|
|t:|1743793712
|move|p2a: Kyurem|Icicle Spear|p1a: Slowking
|-damage|p1a: Slowking|74/100
|-damage|p1a: Slowking|59/100
|-damage|p1a: Slowking|44/100
|-hitcount|p1a: Slowking|3
|move|p1a: Slowking|Psyshock|p2a: Kyurem
|-damage|p2a: Kyurem|47/100
|
|upkeep
|turn|4
|
|t:|1743793722
|move|p2a: Kyurem|Icicle Spear|p1a: Slowking
|-damage|p1a: Slowking|30/100
|-damage|p1a: Slowking|14/100
|-hitcount|p1a: Slowking|2
|move|p1a: Slowking|Psyshock|p2a: Kyurem
|-damage|p2a: Kyurem|8/100
|
|upkeep
|turn|5
|
|t:|1743793729
|switch|p1a: Kingambit|Kingambit, F|100/100
|-damage|p1a: Kingambit|94/100|[from] Stealth Rock
|move|p2a: Kyurem|Icicle Spear|p1a: Kingambit
|-resisted|p1a: Kingambit
|-damage|p1a: Kingambit|87/100
|-resisted|p1a: Kingambit
|-damage|p1a: Kingambit|81/100
|-resisted|p1a: Kingambit
|-damage|p1a: Kingambit|75/100
|-resisted|p1a: Kingambit
|-damage|p1a: Kingambit|69/100
|-resisted|p1a: Kingambit
|-damage|p1a: Kingambit|62/100
|-hitcount|p1a: Kingambit|5
|
|-heal|p1a: Kingambit|68/100|[from] item: Leftovers
|upkeep
|turn|6
|
|t:|1743793733
|switch|p2a: Landorus|Landorus-Therian, M|51/100
|-ability|p2a: Landorus|Intimidate|boost
|-unboost|p1a: Kingambit|atk|1
|move|p1a: Kingambit|Sucker Punch||[still]
|-fail|p1a: Kingambit
|
|-heal|p1a: Kingambit|74/100|[from] item: Leftovers
|upkeep
|turn|7
|
|t:|1743793740
|move|p2a: Landorus|U-turn|p1a: Kingambit
|-damage|p1a: Kingambit|58/100
|
|t:|1743793752
|switch|p2a: Necrozma|Necrozma|100/100|[from] U-turn
|move|p1a: Kingambit|Swords Dance|p1a: Kingambit
|-boost|p1a: Kingambit|atk|2
|
|-heal|p1a: Kingambit|64/100|[from] item: Leftovers
|upkeep
|turn|8
|
|t:|1743793761
|move|p1a: Kingambit|Kowtow Cleave|p2a: Necrozma
|-supereffective|p2a: Necrozma
|-damage|p2a: Necrozma|1/100
|move|p2a: Necrozma|Heat Wave|p1a: Kingambit
|-supereffective|p1a: Kingambit
|-damage|p1a: Kingambit|0 fnt
|faint|p1a: Kingambit
|-end|p1a: Kingambit|fallenundefined|[silent]
|
|upkeep
|
|t:|1743793769
|switch|p1a: Great Tusk|Great Tusk|100/100
|turn|9
|
|t:|1743793777
|switch|p2a: Landorus|Landorus-Therian, M|51/100
|-ability|p2a: Landorus|Intimidate|boost
|-unboost|p1a: Great Tusk|atk|1
|move|p1a: Great Tusk|Rapid Spin|p2a: Landorus
|-damage|p2a: Landorus|40/100
|-boost|p1a: Great Tusk|spe|1
|-damage|p1a: Great Tusk|84/100|[from] item: Rocky Helmet|[of] p2a: Landorus
|-sideend|p1: alvar03|Stealth Rock|[from] move: Rapid Spin|[of] p1a: Great Tusk
|
|upkeep
|turn|10
|
|t:|1743793787
|-terastallize|p2a: Landorus|Water
|move|p1a: Great Tusk|Ice Spinner|p2a: Landorus
|-resisted|p2a: Landorus
|-damage|p2a: Landorus|31/100
|-damage|p1a: Great Tusk|68/100|[from] item: Rocky Helmet|[of] p2a: Landorus
|move|p2a: Landorus|Earth Power|p1a: Great Tusk
|-damage|p1a: Great Tusk|19/100
|
|upkeep
|turn|11
|j| bs ekeoejkeke
|j| YALLLLLL
|
|t:|1743793804
|switch|p2a: Kyurem|Kyurem|8/100
|-ability|p2a: Kyurem|Pressure
|move|p1a: Great Tusk|Headlong Rush|p2a: Kyurem
|-damage|p2a: Kyurem|0 fnt
|-unboost|p1a: Great Tusk|def|1
|-unboost|p1a: Great Tusk|spd|1
|faint|p2a: Kyurem
|
|upkeep
|
|t:|1743793810
|switch|p2a: Rebeca|Hatterene, F, shiny|100/100
|turn|12
|
|t:|1743793813
|-end|p1a: Great Tusk|Protosynthesis|[silent]
|switch|p1a: Slowking|Slowking-Galar, F|47/100
|move|p2a: Rebeca|Trick Room|p2a: Rebeca
|-fieldstart|move: Trick Room|[of] p2a: Rebeca
|
|upkeep
|turn|13
|
|t:|1743793817
|move|p2a: Rebeca|Psyshock|p1a: Slowking
|-damage|p1a: Slowking|0 fnt
|faint|p1a: Slowking
|-damage|p2a: Rebeca|91/100|[from] item: Life Orb
|
|upkeep
|j| sgt. unicorn
|
|t:|1743793825
|switch|p1a: Zapdos|Zapdos|100/100
|turn|14
|
|t:|1743793835
|switch|p2a: Landorus|Landorus-Therian, M, tera:Water|31/100
|-ability|p2a: Landorus|Intimidate|boost
|-unboost|p1a: Zapdos|atk|1
|move|p1a: Zapdos|Roost||[still]
|-fail|p1a: Zapdos|heal
|
|upkeep
|turn|15
|
|t:|1743793839
|move|p1a: Zapdos|Volt Switch|p2a: Landorus
|-supereffective|p2a: Landorus
|-damage|p2a: Landorus|0 fnt
|faint|p2a: Landorus
|
|t:|1743793847
|switch|p1a: Great Tusk|Great Tusk|19/100|[from] Volt Switch
|
|upkeep
|
|t:|1743793856
|switch|p2a: Necrozma|Necrozma|1/100
|turn|16
|
|t:|1743793866
|move|p2a: Necrozma|Meteor Beam||[still]
|-prepare|p2a: Necrozma|Meteor Beam
|-boost|p2a: Necrozma|spa|1
|-enditem|p2a: Necrozma|Power Herb
|-anim|p2a: Necrozma|Meteor Beam|p1a: Great Tusk
|-resisted|p1a: Great Tusk
|-damage|p1a: Great Tusk|0 fnt
|faint|p1a: Great Tusk
|-end|p1a: Great Tusk|Protosynthesis|[silent]
|
|-fieldend|move: Trick Room
|upkeep
|
|t:|1743793872
|switch|p1a: Zapdos|Zapdos|100/100
|turn|17
|
|t:|1743793881
|move|p1a: Zapdos|Volt Switch|p2a: Necrozma
|-damage|p2a: Necrozma|0 fnt
|faint|p2a: Necrozma
|l| sgt. unicorn
|
|t:|1743793884
|switch|p1a: Ogerpon|Ogerpon-Cornerstone, F|100/100|[from] Volt Switch
|
|upkeep
|
|t:|1743793891
|switch|p2a: El Manitas|Iron Hands, shiny|100/100
|-enditem|p2a: El Manitas|Booster Energy
|-activate|p2a: El Manitas|ability: Quark Drive|[fromitem]
|-start|p2a: El Manitas|quarkdriveatk
|turn|18
|
|t:|1743793896
|switch|p1a: Zamazenta|Zamazenta|100/100
|-ability|p1a: Zamazenta|Dauntless Shield|boost
|-boost|p1a: Zamazenta|def|1
|move|p2a: El Manitas|Ice Punch|p1a: Zamazenta
|-damage|p1a: Zamazenta|83/100
|
|-heal|p1a: Zamazenta|89/100|[from] item: Leftovers
|upkeep
|turn|19
|
|t:|1743793902
|-end|p2a: El Manitas|Quark Drive|[silent]
|switch|p2a: Rebeca|Hatterene, F, shiny|91/100
|move|p1a: Zamazenta|Body Press|p2a: Rebeca
|-resisted|p2a: Rebeca
|-damage|p2a: Rebeca|77/100
|
|-heal|p1a: Zamazenta|95/100|[from] item: Leftovers
|upkeep
|turn|20
|
|t:|1743793912
|switch|p1a: Zapdos|Zapdos|100/100
|move|p2a: Rebeca|Trick Room|p2a: Rebeca
|-fieldstart|move: Trick Room|[of] p2a: Rebeca
|
|upkeep
|turn|21
|
|t:|1743793915
|move|p2a: Rebeca|Mystical Fire|p1a: Zapdos
|-damage|p1a: Zapdos|62/100
|-unboost|p1a: Zapdos|spa|1
|-damage|p2a: Rebeca|67/100|[from] item: Life Orb
|move|p1a: Zapdos|Roost|p1a: Zapdos
|-heal|p1a: Zapdos|100/100
|-singleturn|p1a: Zapdos|move: Roost
|
|upkeep
|turn|22
|
|t:|1743793919
|switch|p2a: Diancie|Diancie|100/100
|move|p1a: Zapdos|Roost||[still]
|-fail|p1a: Zapdos|heal
|
|upkeep
|turn|23
|
|t:|1743793925
|move|p2a: Diancie|Moonblast|p1a: Zapdos
|-damage|p1a: Zapdos|55/100
|move|p1a: Zapdos|Thunder Wave|p2a: Diancie
|-status|p2a: Diancie|par
|
|upkeep
|turn|24
|
|t:|1743793928
|move|p2a: Diancie|Meteor Beam||[still]
|-prepare|p2a: Diancie|Meteor Beam
|-boost|p2a: Diancie|spa|1
|-enditem|p2a: Diancie|Power Herb
|-anim|p2a: Diancie|Meteor Beam|p1a: Zapdos
|-supereffective|p1a: Zapdos
|-damage|p1a: Zapdos|0 fnt
|faint|p1a: Zapdos
|
|-fieldend|move: Trick Room
|upkeep
|
|t:|1743793933
|switch|p1a: Ogerpon|Ogerpon-Cornerstone, F|100/100
|turn|25
|
|t:|1743793939
|move|p1a: Ogerpon|Power Whip|p2a: Diancie
|-supereffective|p2a: Diancie
|-damage|p2a: Diancie|0 fnt
|faint|p2a: Diancie
|
|upkeep
|
|t:|1743793942
|switch|p2a: El Manitas|Iron Hands, shiny|100/100
|turn|26
|
|t:|1743793951
|move|p1a: Ogerpon|Power Whip|p2a: El Manitas
|-damage|p2a: El Manitas|55/100
|move|p2a: El Manitas|Drain Punch|p1a: Ogerpon
|-supereffective|p1a: Ogerpon
|-ability|p1a: Ogerpon|Sturdy
|-damage|p1a: Ogerpon|1/100
|-heal|p2a: El Manitas|88/100|[from] drain|[of] p1a: Ogerpon
|
|upkeep
|turn|27
|
|t:|1743793958
|move|p1a: Ogerpon|Power Whip|p2a: El Manitas
|-damage|p2a: El Manitas|41/100
|move|p2a: El Manitas|Drain Punch|p1a: Ogerpon
|-supereffective|p1a: Ogerpon
|-damage|p1a: Ogerpon|0 fnt
|-heal|p2a: El Manitas|41/100|[from] drain|[of] p1a: Ogerpon
|faint|p1a: Ogerpon
|
|upkeep
|
|t:|1743793961
|switch|p1a: Zamazenta|Zamazenta|95/100
|turn|28
|
|t:|1743793963
|-end|p2a: El Manitas|Quark Drive|[silent]
|switch|p2a: Rebeca|Hatterene, F, shiny|67/100
|move|p1a: Zamazenta|Iron Defense|p1a: Zamazenta
|-boost|p1a: Zamazenta|def|2
|
|-heal|p1a: Zamazenta|100/100|[from] item: Leftovers
|upkeep
|turn|29
|
|t:|1743793970
|-terastallize|p1a: Zamazenta|Fire
|move|p1a: Zamazenta|Crunch|p2a: Rebeca
|-damage|p2a: Rebeca|42/100
|move|p2a: Rebeca|Trick Room|p2a: Rebeca
|-fieldstart|move: Trick Room|[of] p2a: Rebeca
|
|upkeep
|turn|30
|c|☆Sebas99sevilla|It had to he fire
|c|☆Sebas99sevilla|Fuckkkkk
|
|t:|1743793989
|move|p2a: Rebeca|Draining Kiss|p1a: Zamazenta
|-resisted|p1a: Zamazenta
|-damage|p1a: Zamazenta|85/100
|-heal|p2a: Rebeca|57/100|[from] drain|[of] p1a: Zamazenta
|-damage|p2a: Rebeca|47/100|[from] item: Life Orb
|move|p1a: Zamazenta|Crunch|p2a: Rebeca
|-damage|p2a: Rebeca|24/100
|
|-heal|p1a: Zamazenta|91/100|[from] item: Leftovers
|upkeep
|turn|31
|c|☆alvar03|lol
|
|t:|1743793996
|move|p2a: Rebeca|Draining Kiss|p1a: Zamazenta
|-resisted|p1a: Zamazenta
|-damage|p1a: Zamazenta|77/100
|-heal|p2a: Rebeca|37/100|[from] drain|[of] p1a: Zamazenta
|-damage|p2a: Rebeca|27/100|[from] item: Life Orb
|move|p1a: Zamazenta|Crunch|p2a: Rebeca
|-damage|p2a: Rebeca|1/100
|
|-heal|p1a: Zamazenta|83/100|[from] item: Leftovers
|upkeep
|turn|32
|c|☆Sebas99sevilla|As i always say
|c|☆Sebas99sevilla|Better ban roaring Moon
|c|☆Sebas99sevilla|And let this free
|c|☆alvar03|habla español mi hermano
|j| stierball
|inactive|Sebas99sevilla has 120 seconds left.
|c|☆Sebas99sevilla|Que ese bicho se tenía que haber ido x Moon
|l| stierball
|c|☆alvar03|nah
|c|☆alvar03|moon estaba roto
|c|☆Sebas99sevilla|Y ese no?
|
|t:|1743794049
|move|p2a: Rebeca|Psyshock|p1a: Zamazenta
|-damage|p1a: Zamazenta|62/100
|-damage|p2a: Rebeca|0 fnt|[from] item: Life Orb
|faint|p2a: Rebeca
|move|p1a: Zamazenta|Crunch|p2: Rebeca|[notarget]
|-fail|p1a: Zamazenta
|
|-heal|p1a: Zamazenta|69/100|[from] item: Leftovers
|upkeep
|
|t:|1743794052
|switch|p2a: El Manitas|Iron Hands, shiny|41/100
|turn|33
|c|☆alvar03|zama tampoco me gusta pero el primero en irse deberia ser gliscor
|
|t:|1743794059
|move|p2a: El Manitas|Supercell Slam|p1a: Zamazenta
|-damage|p1a: Zamazenta|48/100
|move|p1a: Zamazenta|Body Press|p2a: El Manitas
|-damage|p2a: El Manitas|0 fnt
|faint|p2a: El Manitas
|-end|p2a: El Manitas|Quark Drive|[silent]
|
|win|alvar03
|raw|alvar03's rating: 1824 &rarr; <strong>1844</strong><br />(+20 for winning)
|raw|Sebas99sevilla's rating: 1819 &rarr; <strong>1799</strong><br />(-20 for losing)
|c|☆alvar03|gg
|c|☆Sebas99sevilla|Gg
|l|☆Sebas99sevilla
|player|p2|
|l|☆alvar03
|player|p1|
