|j|☆clapking66
|j|☆Violet1994
|t:|1743916351
|gametype|singles
|player|p1|clapking66|1|1224
|player|p2|Violet1994|cheryl|1208
|teamsize|p1|6
|teamsize|p2|6
|gen|9
|tier|[Gen 9] OU
|rated|
|rule|HP Percentage Mod: HP is shown in percentages
|rule|Endless Battle Clause: Forcing endless battles is banned
|rule|Species Clause: Limit one of each Pokémon
|rule|OHKO Clause: OHKO moves are banned
|rule|Evasion Items Clause: Evasion items are banned
|rule|Evasion Moves Clause: Evasion moves are banned
|rule|Sleep Moves Clause: Sleep-inducing moves are banned
|clearpoke
|poke|p1|Garganacl, M|
|poke|p1|Weezing-Galar, F|
|poke|p1|Corviknight, M|
|poke|p1|Dragapult, M|
|poke|p1|Slowking-Galar, F|
|poke|p1|Samurott-Hisui, F|
|poke|p2|Meganium, F|
|poke|p2|Clefable, M|
|poke|p2|Gardevoir, F|
|poke|p2|Milotic, F|
|poke|p2|Chandelure, M|
|poke|p2|Dragonite, M|
|teampreview
|inactive|Battle timer is ON: inactive players will automatically lose when time's up. (requested by Violet1994)
|
|t:|1743916361
|start
|switch|p1a: Acupuncturist|Samurott-Hisui, F|100/100
|switch|p2a: Chandelure|Chandelure, M, shiny|100/100
|turn|1
|
|t:|1743916366
|-terastallize|p2a: Chandelure|Grass
|move|p1a: Acupuncturist|Ceaseless Edge|p2a: Chandelure
|-damage|p2a: Chandelure|46/100
|-sidestart|p2: Violet1994|Spikes
|move|p2a: Chandelure|Energy Ball|p1a: Acupuncturist
|-supereffective|p1a: Acupuncturist
|-damage|p1a: Acupuncturist|0 fnt
|faint|p1a: Acupuncturist
|
|upkeep
|inactive|clapking66 has 120 seconds left.
|
|t:|1743916396
|switch|p1a: Specialist|Dragapult, M|100/100
|turn|2
|
|t:|1743916404
|move|p1a: Specialist|Dragon Darts|p2a: Chandelure
|-damage|p2a: Chandelure|18/100
|-anim|p1a: Specialist|Dragon Darts|p2a: Chandelure
|-damage|p2a: Chandelure|0 fnt
|faint|p2a: Chandelure
|
|upkeep
|
|t:|1743916407
|switch|p2a: Clefable|Clefable, M, shiny|100/100
|turn|3
|
|t:|1743916412
|move|p1a: Specialist|U-turn|p2a: Clefable
|-resisted|p2a: Clefable
|-damage|p2a: Clefable|89/100
|
|t:|1743916414
|switch|p1a: Trudeau-king|Slowking-Galar, F|100/100|[from] U-turn
|move|p2a: Clefable|Thunder Wave|p1a: Trudeau-king|[miss]
|-miss|p2a: Clefable|p1a: Trudeau-king
|
|upkeep
|turn|4
|
|t:|1743916421
|move|p2a: Clefable|Thunder Wave|p1a: Trudeau-king
|-status|p1a: Trudeau-king|par
|cant|p1a: Trudeau-king|par
|
|upkeep
|turn|5
|
|t:|1743916435
|switch|p2a: Gardevoir|Gardevoir, F, shiny|100/100
|-damage|p2a: Gardevoir|88/100|[from] Spikes
|-ability|p2a: Gardevoir|Regenerator|[from] ability: Trace|[of] p1a: Trudeau-king
|cant|p1a: Trudeau-king|par
|
|upkeep
|turn|6
|
|t:|1743916446
|move|p2a: Gardevoir|Psychic|p1a: Trudeau-king
|-damage|p1a: Trudeau-king|80/100 par
|move|p1a: Trudeau-king|Sludge Bomb|p2a: Gardevoir
|-supereffective|p2a: Gardevoir
|-damage|p2a: Gardevoir|20/100
|
|upkeep
|turn|7
|
|t:|1743916450
|move|p2a: Gardevoir|Psychic|p1a: Trudeau-king
|-damage|p1a: Trudeau-king|59/100 par
|move|p1a: Trudeau-king|Future Sight|p2a: Gardevoir
|-start|p1a: Trudeau-king|move: Future Sight
|
|upkeep
|turn|8
|
|t:|1743916458
|move|p2a: Gardevoir|Psychic|p1a: Trudeau-king
|-damage|p1a: Trudeau-king|37/100 par
|cant|p1a: Trudeau-king|par
|
|upkeep
|turn|9
|
|t:|1743916462
|switch|p1a: Plague Doctor|Corviknight, M|100/100
|-ability|p1a: Plague Doctor|Pressure
|move|p2a: Gardevoir|Psychic|p1a: Plague Doctor
|-resisted|p1a: Plague Doctor
|-damage|p1a: Plague Doctor|75/100
|
|-end|p2a: Gardevoir|move: Future Sight
|-resisted|p2a: Gardevoir
|-crit|p2a: Gardevoir
|-damage|p2a: Gardevoir|0 fnt
|faint|p2a: Gardevoir
|upkeep
|
|t:|1743916471
|switch|p2a: Meganium|Meganium, F, shiny|100/100
|-damage|p2a: Meganium|88/100|[from] Spikes
|turn|10
|
|t:|1743916474
|move|p2a: Meganium|Leech Seed|p1a: Plague Doctor
|-start|p1a: Plague Doctor|move: Leech Seed
|move|p1a: Plague Doctor|Brave Bird|p2a: Meganium
|-supereffective|p2a: Meganium
|-damage|p2a: Meganium|32/100
|-enditem|p2a: Meganium|Sitrus Berry|[eat]
|-heal|p2a: Meganium|57/100|[from] item: Sitrus Berry
|-damage|p1a: Plague Doctor|59/100|[from] Recoil
|
|-damage|p1a: Plague Doctor|46/100|[from] Leech Seed|[of] p2a: Meganium
|-heal|p2a: Meganium|71/100|[silent]
|upkeep
|turn|11
|
|t:|1743916490
|switch|p1a: Nurse|Weezing-Galar, F|100/100
|-ability|p1a: Nurse|Neutralizing Gas
|move|p2a: Meganium|Protect||[still]
|-fail|p2a: Meganium
|
|upkeep
|turn|12
|
|t:|1743916499
|move|p2a: Meganium|Leech Seed|p1a: Nurse|[miss]
|-miss|p2a: Meganium|p1a: Nurse
|move|p1a: Nurse|Will-O-Wisp|p2a: Meganium
|-status|p2a: Meganium|brn
|
|-damage|p2a: Meganium|65/100 brn|[from] brn
|upkeep
|turn|13
|
|t:|1743916504
|move|p2a: Meganium|Leech Seed|p1a: Nurse
|-start|p1a: Nurse|move: Leech Seed
|move|p1a: Nurse|Strange Steam|p2a: Meganium
|-crit|p2a: Meganium
|-damage|p2a: Meganium|32/100 brn
|
|-damage|p1a: Nurse|88/100|[from] Leech Seed|[of] p2a: Meganium
|-heal|p2a: Meganium|43/100 brn|[silent]
|-damage|p2a: Meganium|37/100 brn|[from] brn
|upkeep
|turn|14
|
|t:|1743916514
|move|p2a: Meganium|Protect|p2a: Meganium
|-singleturn|p2a: Meganium|Protect
|move|p1a: Nurse|Strange Steam|p2a: Meganium
|-activate|p2a: Meganium|move: Protect
|
|-heal|p1a: Nurse|94/100|[from] item: Black Sludge
|-damage|p1a: Nurse|82/100|[from] Leech Seed|[of] p2a: Meganium
|-heal|p2a: Meganium|49/100 brn|[silent]
|-damage|p2a: Meganium|43/100 brn|[from] brn
|upkeep
|turn|15
|
|t:|1743916531
|switch|p2a: Clefable|Clefable, M, shiny|89/100
|-damage|p2a: Clefable|76/100|[from] Spikes
|move|p1a: Nurse|Strange Steam|p2a: Clefable|[miss]
|-miss|p1a: Nurse|p2a: Clefable
|
|-heal|p1a: Nurse|88/100|[from] item: Black Sludge
|-damage|p1a: Nurse|76/100|[from] Leech Seed|[of] p2a: Clefable
|-heal|p2a: Clefable|87/100|[silent]
|upkeep
|turn|16
|
|t:|1743916537
|-end|p1a: Nurse|ability: Neutralizing Gas
|switch|p1a: Dr. Garg|Garganacl, M|100/100
|move|p2a: Clefable|Thunder Wave|p1a: Dr. Garg
|-immune|p1a: Dr. Garg|[from] ability: Purifying Salt
|
|upkeep
|turn|17
|
|t:|1743916542
|move|p2a: Clefable|Moonblast|p1a: Dr. Garg
|-damage|p1a: Dr. Garg|70/100
|move|p1a: Dr. Garg|Stealth Rock|p2a: Clefable
|-sidestart|p2: Violet1994|move: Stealth Rock
|
|-heal|p1a: Dr. Garg|76/100|[from] item: Leftovers
|upkeep
|turn|18
|
|t:|1743916546
|move|p2a: Clefable|Moonblast|p1a: Dr. Garg
|-damage|p1a: Dr. Garg|44/100
|-unboost|p1a: Dr. Garg|spa|1
|move|p1a: Dr. Garg|Salt Cure|p2a: Clefable
|-crit|p2a: Clefable
|-damage|p2a: Clefable|65/100
|-start|p2a: Clefable|Salt Cure
|
|-heal|p1a: Dr. Garg|50/100|[from] item: Leftovers
|upkeep
|turn|19
|
|t:|1743916552
|move|p2a: Clefable|Moonblast|p1a: Dr. Garg
|-damage|p1a: Dr. Garg|23/100
|move|p1a: Dr. Garg|Recover|p1a: Dr. Garg
|-heal|p1a: Dr. Garg|73/100
|
|-heal|p1a: Dr. Garg|79/100|[from] item: Leftovers
|upkeep
|turn|20
|-message|Violet1994 forfeited.
|
|win|clapking66
|raw|clapking66's rating: 1224 &rarr; <strong>1248</strong><br />(+24 for winning)
|raw|Violet1994's rating: 1208 &rarr; <strong>1184</strong><br />(-24 for losing)
|l|☆Violet1994
|player|p2|
|l|☆clapking66
|player|p1|
