|j|☆Arieon
|j|☆jiotave
|t:|1743879848
|gametype|singles
|player|p1|Arieon|101|1528
|player|p2|jiotave|hilbert|1541
|teamsize|p1|6
|teamsize|p2|6
|gen|9
|tier|[Gen 9] OU
|rated|
|rule|HP Percentage Mod: HP is shown in percentages
|rule|Endless Battle Clause: Forcing endless battles is banned
|rule|Species Clause: Limit one of each Pokémon
|rule|OHKO Clause: OHKO moves are banned
|rule|Evasion Items Clause: Evasion items are banned
|rule|Evasion Moves Clause: Evasion moves are banned
|rule|Sleep Moves Clause: Sleep-inducing moves are banned
|clearpoke
|poke|p1|Glimmora, M|
|poke|p1|Ting-Lu|
|poke|p1|Clefable, M|
|poke|p1|Moltres|
|poke|p1|Dragapult, M|
|poke|p1|Blissey, F|
|poke|p2|Pelipper, M|
|poke|p2|Bellibolt, M|
|poke|p2|Walking Wake|
|poke|p2|Dragonite, F|
|poke|p2|Iron Treads|
|poke|p2|Barraskewda, M|
|teampreview
|inactive|Battle timer is ON: inactive players will automatically lose when time's up. (requested by jiotave)
|
|t:|1743879863
|start
|switch|p1a: Blissey|Blissey, F|100/100
|switch|p2a: Pelipper|Pelipper, M|100/100
|-weather|RainDance|[from] ability: Drizzle|[of] p2a: Pelipper
|turn|1
|
|t:|1743879873
|move|p2a: Pelipper|U-turn|p1a: Blissey
|-damage|p1a: Blissey|83/100
|
|t:|1743879876
|switch|p2a: Iron Treads|Iron Treads|100/100|[from] U-turn
|move|p1a: Blissey|Thunder Wave|p2a: Iron Treads
|-immune|p2a: Iron Treads
|
|-weather|RainDance|[upkeep]
|upkeep
|turn|2
|
|t:|1743879885
|move|p2a: Iron Treads|Volt Switch|p1a: Blissey
|-damage|p1a: Blissey|79/100
|
|t:|1743879893
|-end|p2a: Iron Treads|Quark Drive|[silent]
|switch|p2a: Vhagar|Dragonite, F, shiny|100/100|[from] Volt Switch
|move|p1a: Blissey|Stealth Rock|p2a: Vhagar
|-sidestart|p2: jiotave|move: Stealth Rock
|
|-weather|RainDance|[upkeep]
|upkeep
|turn|3
|
|t:|1743879906
|switch|p1a: Glimmora|Glimmora, M|100/100
|move|p2a: Vhagar|Low Kick|p1a: Glimmora
|-damage|p1a: Glimmora|77/100
|-activate|p1a: Glimmora|ability: Toxic Debris
|-sidestart|p2: jiotave|move: Toxic Spikes
|
|-weather|RainDance|[upkeep]
|upkeep
|turn|4
|
|t:|1743879915
|move|p1a: Glimmora|Power Gem|p2a: Vhagar
|-supereffective|p2a: Vhagar
|-damage|p2a: Vhagar|49/100
|move|p2a: Vhagar|Draco Meteor|p1a: Glimmora
|-damage|p1a: Glimmora|0 fnt
|-unboost|p2a: Vhagar|spa|2
|-enditem|p2a: Vhagar|Eject Pack
|faint|p1a: Glimmora
|
|t:|1743879925
|switch|p2a: Iron Treads|Iron Treads|100/100
|-damage|p2a: Iron Treads|98/100|[from] Stealth Rock
|
|-weather|RainDance|[upkeep]
|upkeep
|
|t:|1743879928
|switch|p1a: Dragapult|Dragapult, M|100/100
|turn|5
|
|t:|1743879936
|move|p1a: Dragapult|Will-O-Wisp|p2a: Iron Treads
|-status|p2a: Iron Treads|brn
|move|p2a: Iron Treads|Volt Switch|p1a: Dragapult
|-resisted|p1a: Dragapult
|-damage|p1a: Dragapult|90/100
|
|t:|1743879955
|-end|p2a: Iron Treads|Quark Drive|[silent]
|switch|p2a: Bellibolt|Bellibolt, M|100/100|[from] Volt Switch
|-damage|p2a: Bellibolt|88/100|[from] Stealth Rock
|-status|p2a: Bellibolt|psn
|
|-weather|RainDance|[upkeep]
|-damage|p2a: Bellibolt|76/100 psn|[from] psn
|upkeep
|turn|6
|
|t:|1743879970
|move|p1a: Dragapult|U-turn|p2a: Bellibolt
|-damage|p2a: Bellibolt|57/100 psn
|-start|p2a: Bellibolt|Charge|U-turn|[from] ability: Electromorphosis
|
|t:|1743879972
|switch|p1a: Blissey|Blissey, F|79/100|[from] U-turn
|move|p2a: Bellibolt|Weather Ball|p1a: Blissey
|-damage|p1a: Blissey|66/100
|
|-weather|RainDance|[upkeep]
|-damage|p2a: Bellibolt|45/100 psn|[from] psn
|upkeep
|turn|7
|
|t:|1743879983
|move|p1a: Blissey|Seismic Toss|p2a: Bellibolt
|-damage|p2a: Bellibolt|21/100 psn
|-start|p2a: Bellibolt|Charge|Seismic Toss|[from] ability: Electromorphosis
|move|p2a: Bellibolt|Thunder|p1a: Blissey
|-damage|p1a: Blissey|34/100
|-end|p2a: Bellibolt|Charge|[silent]
|
|-weather|RainDance|[upkeep]
|-damage|p2a: Bellibolt|9/100 psn|[from] psn
|upkeep
|turn|8
|
|t:|1743879993
|move|p1a: Blissey|Soft-Boiled|p1a: Blissey
|-heal|p1a: Blissey|84/100
|move|p2a: Bellibolt|Weather Ball|p1a: Blissey
|-damage|p1a: Blissey|70/100
|
|-weather|none
|-damage|p2a: Bellibolt|0 fnt|[from] psn
|faint|p2a: Bellibolt
|upkeep
|
|t:|1743880018
|switch|p2a: Vhagar|Dragonite, F, shiny|49/100
|-damage|p2a: Vhagar|24/100|[from] Stealth Rock
|turn|9
|
|t:|1743880025
|switch|p1a: Clefable|Clefable, M|100/100
|move|p2a: Vhagar|Roost|p2a: Vhagar
|-heal|p2a: Vhagar|74/100
|-singleturn|p2a: Vhagar|move: Roost
|
|upkeep
|turn|10
|
|t:|1743880033
|move|p2a: Vhagar|Hurricane|p1a: Clefable
|-damage|p1a: Clefable|53/100
|move|p1a: Clefable|Calm Mind|p1a: Clefable
|-boost|p1a: Clefable|spa|1
|-boost|p1a: Clefable|spd|1
|
|-heal|p1a: Clefable|59/100|[from] item: Leftovers
|upkeep
|turn|11
|
|t:|1743880043
|move|p2a: Vhagar|Hurricane|p1a: Clefable|[miss]
|-miss|p2a: Vhagar|p1a: Clefable
|move|p1a: Clefable|Moonlight|p1a: Clefable
|-heal|p1a: Clefable|100/100
|
|upkeep
|turn|12
|
|t:|1743880051
|switch|p2a: Iron Treads|Iron Treads|98/100 brn
|-damage|p2a: Iron Treads|95/100 brn|[from] Stealth Rock
|move|p1a: Clefable|Moonblast|p2a: Iron Treads
|-resisted|p2a: Iron Treads
|-damage|p2a: Iron Treads|67/100 brn
|-unboost|p2a: Iron Treads|spa|1
|-enditem|p2a: Iron Treads|Eject Button
|
|t:|1743880060
|-end|p2a: Iron Treads|Quark Drive|[silent]
|switch|p2a: Pelipper|Pelipper, M|100/100
|-damage|p2a: Pelipper|76/100|[from] Stealth Rock
|-weather|RainDance|[from] ability: Drizzle|[of] p2a: Pelipper
|
|-weather|RainDance|[upkeep]
|upkeep
|turn|13
|
|t:|1743880069
|switch|p2a: Iron Treads|Iron Treads|67/100 brn
|-damage|p2a: Iron Treads|64/100 brn|[from] Stealth Rock
|move|p1a: Clefable|Moonblast|p2a: Iron Treads
|-resisted|p2a: Iron Treads
|-damage|p2a: Iron Treads|34/100 brn
|-unboost|p2a: Iron Treads|spa|1
|
|-weather|RainDance|[upkeep]
|-damage|p2a: Iron Treads|28/100 brn|[from] brn
|upkeep
|turn|14
|
|t:|1743880081
|switch|p1a: Dragapult|Dragapult, M|90/100
|move|p2a: Iron Treads|Rapid Spin|p1a: Dragapult
|-immune|p1a: Dragapult
|
|-weather|RainDance|[upkeep]
|-damage|p2a: Iron Treads|22/100 brn|[from] brn
|upkeep
|turn|15
|
|t:|1743880090
|move|p1a: Dragapult|Hex|p2a: Iron Treads
|-damage|p2a: Iron Treads|0 fnt
|faint|p2a: Iron Treads
|-end|p2a: Iron Treads|Quark Drive|[silent]
|
|-weather|RainDance|[upkeep]
|upkeep
|
|t:|1743880097
|switch|p2a: Barraskewda|Barraskewda, M|100/100
|-damage|p2a: Barraskewda|88/100|[from] Stealth Rock
|-status|p2a: Barraskewda|psn
|turn|16
|inactive|Arieon has 120 seconds left.
|
|t:|1743880128
|switch|p1a: Moltres|Moltres|100/100
|move|p2a: Barraskewda|Liquidation|p1a: Moltres
|-supereffective|p1a: Moltres
|-damage|p1a: Moltres|0 fnt
|faint|p1a: Moltres
|-damage|p2a: Barraskewda|78/100 psn|[from] item: Life Orb
|
|-weather|RainDance|[upkeep]
|-damage|p2a: Barraskewda|66/100 psn|[from] psn
|upkeep
|
|t:|1743880131
|switch|p1a: Ting-Lu|Ting-Lu|100/100
|-ability|p1a: Ting-Lu|Vessel of Ruin
|turn|17
|
|t:|1743880143
|-terastallize|p1a: Ting-Lu|Poison
|move|p2a: Barraskewda|Liquidation|p1a: Ting-Lu
|-damage|p1a: Ting-Lu|46/100
|-damage|p2a: Barraskewda|56/100 psn|[from] item: Life Orb
|move|p1a: Ting-Lu|Spikes|p2a: Barraskewda
|-sidestart|p2: jiotave|Spikes
|
|-weather|RainDance|[upkeep]
|-heal|p1a: Ting-Lu|52/100|[from] item: Leftovers
|-damage|p2a: Barraskewda|44/100 psn|[from] psn
|upkeep
|turn|18
|
|t:|1743880156
|move|p2a: Barraskewda|Liquidation|p1a: Ting-Lu
|-damage|p1a: Ting-Lu|2/100
|-damage|p2a: Barraskewda|34/100 psn|[from] item: Life Orb
|move|p1a: Ting-Lu|Earthquake|p2a: Barraskewda
|-damage|p2a: Barraskewda|0 fnt
|faint|p2a: Barraskewda
|
|-weather|RainDance|[upkeep]
|-heal|p1a: Ting-Lu|8/100|[from] item: Leftovers
|upkeep
|
|t:|1743880174
|switch|p2a: Vhagar|Dragonite, F, shiny|74/100
|-damage|p2a: Vhagar|50/100|[from] Stealth Rock
|turn|19
|
|t:|1743880179
|move|p2a: Vhagar|Roost|p2a: Vhagar
|-heal|p2a: Vhagar|99/100
|-singleturn|p2a: Vhagar|move: Roost
|move|p1a: Ting-Lu|Whirlwind|p2a: Vhagar
|drag|p2a: Pelipper|Pelipper, M|76/100
|-damage|p2a: Pelipper|51/100|[from] Stealth Rock
|
|-weather|none
|-heal|p1a: Ting-Lu|15/100|[from] item: Leftovers
|upkeep
|turn|20
|
|t:|1743880193
|switch|p1a: Blissey|Blissey, F|70/100
|move|p2a: Pelipper|Surf|p1a: Blissey
|-damage|p1a: Blissey|62/100
|
|upkeep
|turn|21
|
|t:|1743880201
|move|p2a: Pelipper|Roost|p2a: Pelipper
|-heal|p2a: Pelipper|100/100
|-singleturn|p2a: Pelipper|move: Roost
|move|p1a: Blissey|Thunder Wave|p2a: Pelipper
|-status|p2a: Pelipper|par
|
|upkeep
|turn|22
|
|t:|1743880213
|switch|p2a: Vhagar|Dragonite, F, shiny|99/100
|-damage|p2a: Vhagar|75/100|[from] Stealth Rock
|move|p1a: Blissey|Seismic Toss|p2a: Vhagar
|-damage|p2a: Vhagar|44/100
|
|upkeep
|turn|23
|
|t:|1743880221
|move|p2a: Vhagar|Roost|p2a: Vhagar
|-heal|p2a: Vhagar|94/100
|-singleturn|p2a: Vhagar|move: Roost
|move|p1a: Blissey|Thunder Wave|p2a: Vhagar
|-status|p2a: Vhagar|par
|
|upkeep
|turn|24
|
|t:|1743880229
|switch|p1a: Clefable|Clefable, M|100/100
|cant|p2a: Vhagar|par
|
|upkeep
|turn|25
|
|t:|1743880235
|switch|p2a: Pelipper|Pelipper, M|100/100 par
|-damage|p2a: Pelipper|76/100 par|[from] Stealth Rock
|-weather|RainDance|[from] ability: Drizzle|[of] p2a: Pelipper
|move|p1a: Clefable|Calm Mind|p1a: Clefable
|-boost|p1a: Clefable|spa|1
|-boost|p1a: Clefable|spd|1
|
|-weather|RainDance|[upkeep]
|upkeep
|turn|26
|
|t:|1743880245
|move|p1a: Clefable|Moonblast|p2a: Pelipper
|-damage|p2a: Pelipper|13/100 par
|move|p2a: Pelipper|U-turn|p1a: Clefable
|-resisted|p1a: Clefable
|-damage|p1a: Clefable|97/100
|
|t:|1743880251
|switch|p2a: Walking Wake|Walking Wake|100/100|[from] U-turn
|-damage|p2a: Walking Wake|88/100|[from] Stealth Rock
|-status|p2a: Walking Wake|psn
|-damage|p2a: Walking Wake|76/100 psn|[from] Spikes
|-enditem|p2a: Walking Wake|Booster Energy
|-activate|p2a: Walking Wake|ability: Protosynthesis|[fromitem]
|-start|p2a: Walking Wake|protosynthesisspa
|
|-weather|RainDance|[upkeep]
|-heal|p1a: Clefable|100/100|[from] item: Leftovers
|-damage|p2a: Walking Wake|63/100 psn|[from] psn
|upkeep
|turn|27
|
|t:|1743880265
|-terastallize|p2a: Walking Wake|Water
|move|p2a: Walking Wake|Surf|p1a: Clefable
|-damage|p1a: Clefable|22/100
|move|p1a: Clefable|Moonblast|p2a: Walking Wake
|-damage|p2a: Walking Wake|5/100 psn
|-unboost|p2a: Walking Wake|spa|1
|
|-weather|RainDance|[upkeep]
|-heal|p1a: Clefable|28/100|[from] item: Leftovers
|-damage|p2a: Walking Wake|0 fnt|[from] psn
|faint|p2a: Walking Wake
|-end|p2a: Walking Wake|Protosynthesis|[silent]
|upkeep
|-message|jiotave forfeited.
|
|win|Arieon
|raw|Arieon's rating: 1528 &rarr; <strong>1549</strong><br />(+21 for winning)
|raw|jiotave's rating: 1541 &rarr; <strong>1520</strong><br />(-21 for losing)
|l|☆jiotave
|player|p2|
|l|☆Arieon
|player|p1|
