|j|☆sandinay18
|j|☆Femboyjoystick
|t:|1743780512
|gametype|singles
|player|p1|sandinay18|biker-gen4|1156
|player|p2|Femboyjoystick|iris-gen5bw2|1126
|teamsize|p1|6
|teamsize|p2|6
|gen|9
|tier|[Gen 9] OU
|rated|
|rule|HP Percentage Mod: HP is shown in percentages
|rule|Endless Battle Clause: Forcing endless battles is banned
|rule|Species Clause: Limit one of each Pokémon
|rule|OHKO Clause: OHKO moves are banned
|rule|Evasion Items Clause: Evasion items are banned
|rule|Evasion Moves Clause: Evasion moves are banned
|rule|Sleep Moves Clause: Sleep-inducing moves are banned
|clearpoke
|poke|p1|Cloyster, M|
|poke|p1|Porygon2|
|poke|p1|Zoroark-Hisui, M|
|poke|p1|Gyarados, F|
|poke|p1|Gliscor, M|
|poke|p1|Garchomp, M|
|poke|p2|Dragapult, F|
|poke|p2|Greninja-*, M|
|poke|p2|Iron Valiant|
|poke|p2|Ogerpon, F|
|poke|p2|Great Tusk|
|poke|p2|Iron Moth|
|teampreview
|inactive|Battle timer is ON: inactive players will automatically lose when time's up. (requested by Femboyjoystick)
|
|t:|1743780539
|start
|switch|p1a: Cloyster|Cloyster, M, shiny|100/100
|switch|p2a: Ogerpon|Ogerpon, F|100/100
|turn|1
|
|t:|1743780559
|switch|p1a: Gyarados|Gyarados, F, shiny|100/100
|-ability|p1a: Gyarados|Intimidate|boost
|-unboost|p2a: Ogerpon|atk|1
|-ability|p2a: Ogerpon|Defiant|boost
|-boost|p2a: Ogerpon|atk|2
|move|p2a: Ogerpon|Knock Off|p1a: Gyarados
|-damage|p1a: Gyarados|33/100
|-enditem|p1a: Gyarados|Leftovers|[from] move: Knock Off|[of] p2a: Ogerpon
|-damage|p2a: Ogerpon|91/100|[from] item: Life Orb
|
|upkeep
|turn|2
|
|t:|1743780574
|move|p2a: Ogerpon|Horn Leech|p1a: Gyarados
|-damage|p1a: Gyarados|0 fnt
|-heal|p2a: Ogerpon|100/100|[from] drain|[of] p1a: Gyarados
|faint|p1a: Gyarados
|-damage|p2a: Ogerpon|91/100|[from] item: Life Orb
|
|upkeep
|inactive|sandinay18 has 120 seconds left.
|
|t:|1743780596
|switch|p1a: Gliscor|Gliscor, M, shiny|100/100
|turn|3
|
|t:|1743780610
|switch|p2a: Iron Moth|Iron Moth|100/100
|move|p1a: Gliscor|Dual Wingbeat|p2a: Iron Moth
|-damage|p2a: Iron Moth|70/100
|-damage|p2a: Iron Moth|41/100
|-hitcount|p2a: Iron Moth|2
|
|-status|p1a: Gliscor|tox|[from] item: Toxic Orb
|upkeep
|turn|4
|
|t:|1743780618
|move|p2a: Iron Moth|Energy Ball|p1a: Gliscor
|-damage|p1a: Gliscor|28/100 tox
|move|p1a: Gliscor|Earthquake|p2a: Iron Moth
|-supereffective|p2a: Iron Moth
|-damage|p2a: Iron Moth|0 fnt
|faint|p2a: Iron Moth
|-end|p2a: Iron Moth|Quark Drive|[silent]
|
|-heal|p1a: Gliscor|40/100 tox|[from] ability: Poison Heal
|upkeep
|
|t:|1743780628
|switch|p2a: Ogerpon|Ogerpon, F|91/100
|turn|5
|
|t:|1743780636
|move|p2a: Ogerpon|Horn Leech|p1a: Gliscor
|-damage|p1a: Gliscor|0 fnt
|-heal|p2a: Ogerpon|100/100|[from] drain|[of] p1a: Gliscor
|faint|p1a: Gliscor
|-damage|p2a: Ogerpon|91/100|[from] item: Life Orb
|
|upkeep
|
|t:|1743780650
|switch|p1a: Garchomp|Garchomp, M|100/100
|turn|6
|
|t:|1743780660
|move|p1a: Garchomp|Dragon Claw|p2a: Ogerpon
|-damage|p2a: Ogerpon|27/100
|move|p2a: Ogerpon|Play Rough|p1a: Garchomp
|-supereffective|p1a: Garchomp
|-damage|p1a: Garchomp|25/100
|-damage|p2a: Ogerpon|14/100|[from] ability: Rough Skin|[of] p1a: Garchomp
|-damage|p2a: Ogerpon|4/100|[from] item: Life Orb
|
|upkeep
|turn|7
|
|t:|1743780669
|move|p1a: Garchomp|Dragon Claw|p2a: Ogerpon
|-damage|p2a: Ogerpon|0 fnt
|faint|p2a: Ogerpon
|
|upkeep
|
|t:|1743780680
|switch|p2a: Mega Gallade|Iron Valiant|100/100
|-enditem|p2a: Mega Gallade|Booster Energy
|-activate|p2a: Mega Gallade|ability: Quark Drive|[fromitem]
|-start|p2a: Mega Gallade|quarkdrivespe
|turn|8
|
|t:|1743780685
|switch|p1a: Porygon2|Porygon2|100/100
|-ability|p1a: Porygon2|Download|boost
|-boost|p1a: Porygon2|spa|1
|move|p2a: Mega Gallade|Moonblast|p1a: Porygon2
|-damage|p1a: Porygon2|70/100
|
|upkeep
|turn|9
|
|t:|1743780695
|-terastallize|p1a: Porygon2|Ghost
|move|p2a: Mega Gallade|Close Combat|p1a: Porygon2
|-immune|p1a: Porygon2
|move|p1a: Porygon2|Trick Room|p1a: Porygon2
|-fieldstart|move: Trick Room|[of] p1a: Porygon2
|
|upkeep
|turn|10
|
|t:|1743780702
|move|p1a: Porygon2|Tri Attack|p2a: Mega Gallade
|-damage|p2a: Mega Gallade|0 fnt
|faint|p2a: Mega Gallade
|-end|p2a: Mega Gallade|Quark Drive|[silent]
|
|upkeep
|c|☆sandinay18|:u
|
|t:|1743780719
|switch|p2a: normal set!|Great Tusk|100/100
|-enditem|p2a: normal set!|Booster Energy
|-activate|p2a: normal set!|ability: Protosynthesis|[fromitem]
|-start|p2a: normal set!|protosynthesisspe
|turn|11
|
|t:|1743780725
|move|p2a: normal set!|Endure|p2a: normal set!
|-singleturn|p2a: normal set!|move: Endure
|move|p1a: Porygon2|Ice Beam|p2a: normal set!
|-supereffective|p2a: normal set!
|-activate|p2a: normal set!|move: Endure
|-damage|p2a: normal set!|1/100
|
|upkeep
|turn|12
|
|t:|1743780733
|-end|p2a: normal set!|Protosynthesis|[silent]
|switch|p2a: Trickster|Dragapult, F|100/100
|move|p1a: Porygon2|Ice Beam|p2a: Trickster
|-supereffective|p2a: Trickster
|-damage|p2a: Trickster|0 fnt
|faint|p2a: Trickster
|
|upkeep
|
|t:|1743780735
|switch|p2a: normal set!|Great Tusk|1/100
|turn|13
|c|☆sandinay18|:U
|
|t:|1743780743
|move|p2a: normal set!|Endure|p2a: normal set!
|-singleturn|p2a: normal set!|move: Endure
|move|p1a: Porygon2|Tri Attack|p2a: normal set!
|-activate|p2a: normal set!|move: Endure
|-damage|p2a: normal set!|1/100
|
|-fieldend|move: Trick Room
|upkeep
|turn|14
|
|t:|1743780749
|move|p2a: normal set!|Headlong Rush|p1a: Porygon2
|-damage|p1a: Porygon2|35/100
|-unboost|p2a: normal set!|def|1
|-unboost|p2a: normal set!|spd|1
|move|p1a: Porygon2|Trick Room|p1a: Porygon2
|-fieldstart|move: Trick Room|[of] p1a: Porygon2
|
|upkeep
|turn|15
|c|☆sandinay18|:U
|
|t:|1743780757
|move|p2a: normal set!|Endure|p2a: normal set!
|-singleturn|p2a: normal set!|move: Endure
|move|p1a: Porygon2|Ice Beam|p2a: normal set!
|-supereffective|p2a: normal set!
|-activate|p2a: normal set!|move: Endure
|-damage|p2a: normal set!|1/100
|
|upkeep
|turn|16
|
|t:|1743780767
|move|p2a: normal set!|Endure|p2a: normal set!
|-singleturn|p2a: normal set!|move: Endure
|move|p1a: Porygon2|Tri Attack|p2a: normal set!
|-activate|p2a: normal set!|move: Endure
|-damage|p2a: normal set!|1/100
|
|upkeep
|turn|17
|
|t:|1743780779
|move|p2a: normal set!|Endure||[still]
|-fail|p2a: normal set!
|move|p1a: Porygon2|Tri Attack|p2a: normal set!
|-damage|p2a: normal set!|0 fnt
|faint|p2a: normal set!
|-end|p2a: normal set!|Protosynthesis|[silent]
|
|upkeep
|
|t:|1743780780
|switch|p2a: Never doubt|Greninja, M|100/100
|turn|18
|c|☆sandinay18|NOOB
|
|t:|1743780793
|move|p2a: Never doubt|Water Shuriken|p1a: Porygon2
|-damage|p1a: Porygon2|30/100
|-damage|p1a: Porygon2|26/100
|-hitcount|p1a: Porygon2|2
|move|p1a: Porygon2|Tri Attack|p2a: Never doubt
|-damage|p2a: Never doubt|6/100
|
|-fieldend|move: Trick Room
|upkeep
|turn|19
|
|t:|1743780801
|move|p2a: Never doubt|Dark Pulse|p1a: Porygon2
|-supereffective|p1a: Porygon2
|-damage|p1a: Porygon2|0 fnt
|faint|p1a: Porygon2
|-ability|p2a: Never doubt|Battle Bond|boost
|-boost|p2a: Never doubt|atk|1
|-boost|p2a: Never doubt|spa|1
|-boost|p2a: Never doubt|spe|1
|-activate|p2a: Never doubt|ability: Battle Bond
|
|upkeep
|
|t:|1743780809
|switch|p1a: Garchomp|Garchomp, M|25/100
|turn|20
|
|t:|1743780819
|move|p2a: Never doubt|Water Shuriken|p1a: Garchomp
|-damage|p1a: Garchomp|11/100
|-damage|p1a: Garchomp|0 fnt
|faint|p1a: Garchomp
|-hitcount|p1: Garchomp|2
|
|upkeep
|
|t:|1743780826
|switch|p1a: Cloyster|Cloyster, M, shiny|100/100
|turn|21
|
|t:|1743780831
|move|p2a: Never doubt|Dark Pulse|p1a: Cloyster
|-damage|p1a: Cloyster|0 fnt
|faint|p1a: Cloyster
|
|upkeep
|
|t:|1743780836
|switch|p1a: Zoroark|Zoroark-Hisui, M|100/100
|turn|22
|
|t:|1743780840
|move|p2a: Never doubt|Dark Pulse|p1a: Zoroark
|-supereffective|p1a: Zoroark
|-damage|p1a: Zoroark|0 fnt
|faint|p1a: Zoroark
|
|win|Femboyjoystick
|raw|sandinay18's rating: 1156 &rarr; <strong>1129</strong><br />(-27 for losing)
|raw|Femboyjoystick's rating: 1126 &rarr; <strong>1153</strong><br />(+27 for winning)
|l|☆sandinay18
|player|p1|
|c|☆Femboyjoystick|noob?
