|j|☆Glubabal
|j|☆pungpungsy
|t:|1743856488
|gametype|singles
|player|p1|Glubabal|unknown|1160
|player|p2|pungpungsy|preschooler|1219
|teamsize|p1|6
|teamsize|p2|6
|gen|9
|tier|[Gen 9] OU
|rated|
|rule|HP Percentage Mod: HP is shown in percentages
|rule|Endless Battle Clause: Forcing endless battles is banned
|rule|Species Clause: Limit one of each Pokémon
|rule|OHKO Clause: OHKO moves are banned
|rule|Evasion Items Clause: Evasion items are banned
|rule|Evasion Moves Clause: Evasion moves are banned
|rule|Sleep Moves Clause: Sleep-inducing moves are banned
|clearpoke
|poke|p1|Torterra, F|
|poke|p1|Infernape, F|
|poke|p1|Empoleon, M|
|poke|p1|Serperior, M|
|poke|p1|Emboar, F|
|poke|p1|Samurott, F|
|poke|p2|Glimmora, M|
|poke|p2|Hatterene, F|
|poke|p2|Pecharunt|
|poke|p2|Kingambit, F|
|poke|p2|Iron Crown|
|poke|p2|Blissey, F|
|teampreview
|
|t:|1743856510
|start
|switch|p1a: Samurott|Samurott, F|100/100
|switch|p2a: Glimmora|Glimmora, M|100/100
|turn|1
|
|t:|1743856516
|move|p1a: Samurott|Surf|p2a: Glimmora
|-supereffective|p2a: Glimmora
|-enditem|p2a: Glimmora|Focus Sash
|-damage|p2a: Glimmora|1/100
|move|p2a: Glimmora|Sludge Bomb|p1a: Samurott
|-damage|p1a: Samurott|40/100
|
|upkeep
|turn|2
|
|t:|1743856524
|switch|p2a: Blissey|Blissey, F|100/100
|move|p1a: Samurott|Surf|p2a: Blissey
|-damage|p2a: Blissey|88/100
|
|-heal|p2a: Blissey|94/100|[from] item: Leftovers
|upkeep
|turn|3
|
|t:|1743856530
|switch|p1a: Empoleon|Empoleon, M|100/100
|move|p2a: Blissey|Calm Mind|p2a: Blissey
|-boost|p2a: Blissey|spa|1
|-boost|p2a: Blissey|spd|1
|
|-heal|p2a: Blissey|100/100|[from] item: Leftovers
|upkeep
|turn|4
|
|t:|1743856534
|switch|p2a: Pecharunt|Pecharunt|100/100
|move|p1a: Empoleon|Whirlpool|p2a: Pecharunt
|-damage|p2a: Pecharunt|88/100
|-activate|p2a: Pecharunt|move: Whirlpool|[of] p1a: Empoleon
|
|-heal|p2a: Pecharunt|94/100|[from] item: Leftovers
|-damage|p2a: Pecharunt|82/100|[from] move: Whirlpool|[partiallytrapped]
|upkeep
|turn|5
|
|t:|1743856546
|move|p2a: Pecharunt|Malignant Chain|p1a: Empoleon
|-immune|p1a: Empoleon
|move|p1a: Empoleon|Aqua Ring|p1a: Empoleon
|-start|p1a: Empoleon|Aqua Ring
|
|-heal|p2a: Pecharunt|88/100|[from] item: Leftovers
|-damage|p2a: Pecharunt|76/100|[from] move: Whirlpool|[partiallytrapped]
|upkeep
|turn|6
|
|t:|1743856550
|move|p2a: Pecharunt|Nasty Plot|p2a: Pecharunt
|-boost|p2a: Pecharunt|spa|2
|move|p1a: Empoleon|Iron Defense|p1a: Empoleon
|-boost|p1a: Empoleon|def|2
|
|-heal|p2a: Pecharunt|82/100|[from] item: Leftovers
|-damage|p2a: Pecharunt|69/100|[from] move: Whirlpool|[partiallytrapped]
|upkeep
|turn|7
|
|t:|1743856553
|move|p2a: Pecharunt|Recover|p2a: Pecharunt
|-heal|p2a: Pecharunt|100/100
|move|p1a: Empoleon|Brine|p2a: Pecharunt
|-damage|p2a: Pecharunt|76/100
|
|-heal|p2a: Pecharunt|82/100|[from] item: Leftovers
|-damage|p2a: Pecharunt|69/100|[from] move: Whirlpool|[partiallytrapped]
|upkeep
|turn|8
|
|t:|1743856557
|move|p2a: Pecharunt|Nasty Plot|p2a: Pecharunt
|-boost|p2a: Pecharunt|spa|2
|move|p1a: Empoleon|Brine|p2a: Pecharunt
|-damage|p2a: Pecharunt|44/100
|
|-heal|p2a: Pecharunt|50/100|[from] item: Leftovers
|-damage|p2a: Pecharunt|38/100|[from] move: Whirlpool|[partiallytrapped]
|upkeep
|turn|9
|
|t:|1743856561
|move|p2a: Pecharunt|Recover|p2a: Pecharunt
|-heal|p2a: Pecharunt|88/100
|move|p1a: Empoleon|Brine|p2a: Pecharunt
|-damage|p2a: Pecharunt|63/100
|
|-heal|p2a: Pecharunt|69/100|[from] item: Leftovers
|-end|p2a: Pecharunt|Whirlpool|[partiallytrapped]
|upkeep
|turn|10
|
|t:|1743856566
|move|p2a: Pecharunt|Nasty Plot|p2a: Pecharunt
|-boost|p2a: Pecharunt|spa|2
|move|p1a: Empoleon|Whirlpool|p2a: Pecharunt
|-damage|p2a: Pecharunt|57/100
|-activate|p2a: Pecharunt|move: Whirlpool|[of] p1a: Empoleon
|
|-heal|p2a: Pecharunt|63/100|[from] item: Leftovers
|-damage|p2a: Pecharunt|50/100|[from] move: Whirlpool|[partiallytrapped]
|upkeep
|turn|11
|
|t:|1743856568
|move|p2a: Pecharunt|Recover|p2a: Pecharunt
|-heal|p2a: Pecharunt|99/100
|move|p1a: Empoleon|Brine|p2a: Pecharunt
|-damage|p2a: Pecharunt|77/100
|
|-heal|p2a: Pecharunt|83/100|[from] item: Leftovers
|-damage|p2a: Pecharunt|71/100|[from] move: Whirlpool|[partiallytrapped]
|upkeep
|turn|12
|
|t:|1743856573
|move|p2a: Pecharunt|Shadow Ball|p1a: Empoleon
|-damage|p1a: Empoleon|27/100
|move|p1a: Empoleon|Brine|p2a: Pecharunt
|-damage|p2a: Pecharunt|48/100
|
|-heal|p2a: Pecharunt|54/100|[from] item: Leftovers
|-heal|p1a: Empoleon|33/100|[from] item: Leftovers
|-heal|p1a: Empoleon|39/100|[from] Aqua Ring
|-damage|p2a: Pecharunt|42/100|[from] move: Whirlpool|[partiallytrapped]
|upkeep
|turn|13
|
|t:|1743856577
|move|p2a: Pecharunt|Recover|p2a: Pecharunt
|-heal|p2a: Pecharunt|92/100
|move|p1a: Empoleon|Brine|p2a: Pecharunt
|-damage|p2a: Pecharunt|66/100
|
|-heal|p2a: Pecharunt|72/100|[from] item: Leftovers
|-heal|p1a: Empoleon|46/100|[from] item: Leftovers
|-heal|p1a: Empoleon|52/100|[from] Aqua Ring
|-damage|p2a: Pecharunt|60/100|[from] move: Whirlpool|[partiallytrapped]
|upkeep
|turn|14
|
|t:|1743856583
|move|p2a: Pecharunt|Shadow Ball|p1a: Empoleon
|-damage|p1a: Empoleon|0 fnt
|faint|p1a: Empoleon
|
|-heal|p2a: Pecharunt|66/100|[from] item: Leftovers
|-end|p2a: Pecharunt|Whirlpool|[partiallytrapped]
|upkeep
|
|t:|1743856585
|switch|p1a: Samurott|Samurott, F|40/100
|turn|15
|
|t:|1743856597
|switch|p2a: Blissey|Blissey, F|100/100
|move|p1a: Samurott|Surf|p2a: Blissey
|-damage|p2a: Blissey|88/100
|
|-heal|p2a: Blissey|94/100|[from] item: Leftovers
|upkeep
|turn|16
|
|t:|1743856604
|switch|p1a: Torterra|Torterra, F|100/100
|move|p2a: Blissey|Calm Mind|p2a: Blissey
|-boost|p2a: Blissey|spa|1
|-boost|p2a: Blissey|spd|1
|
|-heal|p2a: Blissey|99/100|[from] item: Leftovers
|upkeep
|turn|17
|
|t:|1743856612
|move|p1a: Torterra|Body Press|p2a: Blissey
|-supereffective|p2a: Blissey
|-damage|p2a: Blissey|17/100
|move|p2a: Blissey|Shadow Ball|p1a: Torterra
|-damage|p1a: Torterra|85/100
|
|-heal|p1a: Torterra|91/100|[from] item: Leftovers
|-heal|p2a: Blissey|23/100|[from] item: Leftovers
|upkeep
|turn|18
|
|t:|1743856618
|switch|p2a: Pecharunt|Pecharunt|66/100
|move|p1a: Torterra|Leech Seed|p2a: Pecharunt
|-start|p2a: Pecharunt|move: Leech Seed
|
|-heal|p2a: Pecharunt|72/100|[from] item: Leftovers
|-heal|p1a: Torterra|97/100|[from] item: Leftovers
|-damage|p2a: Pecharunt|59/100|[from] Leech Seed|[of] p1a: Torterra
|-heal|p1a: Torterra|100/100|[silent]
|upkeep
|turn|19
|inactive|Battle timer is ON: inactive players will automatically lose when time's up. (requested by pungpungsy)
|
|t:|1743856631
|switch|p1a: Emboar|Emboar, F|100/100
|move|p2a: Pecharunt|Malignant Chain|p1a: Emboar
|-damage|p1a: Emboar|61/100
|
|-heal|p2a: Pecharunt|65/100|[from] item: Leftovers
|-damage|p2a: Pecharunt|53/100|[from] Leech Seed|[of] p1a: Emboar
|-heal|p1a: Emboar|72/100|[silent]
|upkeep
|turn|20
|
|t:|1743856640
|move|p2a: Pecharunt|Malignant Chain|p1a: Emboar
|-damage|p1a: Emboar|33/100
|-status|p1a: Emboar|tox
|-start|p1a: Emboar|confusion|[from] ability: Poison Puppeteer|[of] p2a: Pecharunt
|-activate|p1a: Emboar|confusion
|move|p1a: Emboar|Flare Blitz|p2a: Pecharunt
|-damage|p2a: Pecharunt|3/100
|-damage|p1a: Emboar|18/100 tox|[from] Recoil
|-damage|p1a: Emboar|9/100 tox|[from] item: Life Orb
|
|-heal|p2a: Pecharunt|9/100|[from] item: Leftovers
|-damage|p2a: Pecharunt|0 fnt|[from] Leech Seed|[of] p1a: Emboar
|-heal|p1a: Emboar|16/100 tox|[silent]
|faint|p2a: Pecharunt
|-damage|p1a: Emboar|10/100 tox|[from] psn
|upkeep
|
|t:|1743856659
|switch|p2a: Glimmora|Glimmora, M|1/100
|turn|21
|
|t:|1743856665
|move|p2a: Glimmora|Power Gem|p1a: Emboar
|-damage|p1a: Emboar|0 fnt
|faint|p1a: Emboar
|
|upkeep
|
|t:|1743856670
|switch|p1a: Samurott|Samurott, F|40/100
|turn|22
|
|t:|1743856674
|switch|p1a: Torterra|Torterra, F|100/100
|switch|p2a: Blissey|Blissey, F|23/100
|
|-heal|p2a: Blissey|29/100|[from] item: Leftovers
|upkeep
|turn|23
|
|t:|1743856680
|move|p1a: Torterra|Leech Seed|p2a: Blissey
|-start|p2a: Blissey|move: Leech Seed
|move|p2a: Blissey|Soft-Boiled|p2a: Blissey
|-heal|p2a: Blissey|79/100
|
|-heal|p2a: Blissey|85/100|[from] item: Leftovers
|-damage|p2a: Blissey|73/100|[from] Leech Seed|[of] p1a: Torterra
|upkeep
|turn|24
|
|t:|1743856687
|switch|p2a: Hatterene|Hatterene, F|100/100
|move|p1a: Torterra|Iron Defense|p1a: Torterra
|-boost|p1a: Torterra|def|2
|
|upkeep
|turn|25
|
|t:|1743856697
|move|p1a: Torterra|Iron Defense|p1a: Torterra
|-boost|p1a: Torterra|def|2
|move|p2a: Hatterene|Trick Room|p2a: Hatterene
|-fieldstart|move: Trick Room|[of] p2a: Hatterene
|
|upkeep
|turn|26
|
|t:|1743856702
|move|p2a: Hatterene|Psychic|p1a: Torterra
|-damage|p1a: Torterra|62/100
|move|p1a: Torterra|Giga Drain|p2a: Hatterene
|-damage|p2a: Hatterene|78/100
|-heal|p1a: Torterra|72/100|[from] drain|[of] p2a: Hatterene
|
|-heal|p2a: Hatterene|84/100|[from] item: Leftovers
|-heal|p1a: Torterra|78/100|[from] item: Leftovers
|upkeep
|turn|27
|
|t:|1743856709
|move|p2a: Hatterene|Psychic|p1a: Torterra
|-damage|p1a: Torterra|39/100
|-unboost|p1a: Torterra|spd|1
|move|p1a: Torterra|Giga Drain|p2a: Hatterene
|-damage|p2a: Hatterene|62/100
|-heal|p1a: Torterra|47/100|[from] drain|[of] p2a: Hatterene
|
|-heal|p2a: Hatterene|67/100|[from] item: Leftovers
|-heal|p1a: Torterra|54/100|[from] item: Leftovers
|upkeep
|turn|28
|
|t:|1743856716
|move|p2a: Hatterene|Psychic|p1a: Torterra
|-damage|p1a: Torterra|0 fnt
|faint|p1a: Torterra
|
|-heal|p2a: Hatterene|73/100|[from] item: Leftovers
|upkeep
|
|t:|1743856721
|switch|p1a: Serperior|Serperior, M|100/100
|turn|29
|
|t:|1743856726
|move|p2a: Hatterene|Psychic|p1a: Serperior
|-damage|p1a: Serperior|36/100
|move|p1a: Serperior|Swords Dance|p1a: Serperior
|-boost|p1a: Serperior|atk|2
|
|-heal|p2a: Hatterene|79/100|[from] item: Leftovers
|-fieldend|move: Trick Room
|upkeep
|turn|30
|
|t:|1743856738
|move|p1a: Serperior|Bullet Seed|p2a: Hatterene
|-damage|p2a: Hatterene|57/100
|-damage|p2a: Hatterene|37/100
|-damage|p2a: Hatterene|15/100
|-damage|p2a: Hatterene|0 fnt
|faint|p2a: Hatterene
|-hitcount|p2: Hatterene|4
|
|upkeep
|
|t:|1743856741
|switch|p2a: Glimmora|Glimmora, M|1/100
|turn|31
|
|t:|1743856749
|move|p1a: Serperior|Bullet Seed|p2a: Glimmora
|-crit|p2a: Glimmora
|-damage|p2a: Glimmora|0 fnt
|-activate|p2a: Glimmora|ability: Toxic Debris
|-sidestart|p1: Glubabal|move: Toxic Spikes
|faint|p2a: Glimmora
|-hitcount|p2: Glimmora|1
|
|upkeep
|
|t:|1743856765
|switch|p2a: Kingambit|Kingambit, F|100/100
|-activate|p2a: Kingambit|ability: Supreme Overlord
|-start|p2a: Kingambit|fallen3|[silent]
|turn|32
|
|t:|1743856769
|move|p2a: Kingambit|Sucker Punch|p1a: Serperior
|-damage|p1a: Serperior|0 fnt
|faint|p1a: Serperior
|
|upkeep
|
|t:|1743856775
|switch|p1a: Samurott|Samurott, F|40/100
|-status|p1a: Samurott|psn
|turn|33
|
|t:|1743856778
|move|p2a: Kingambit|Sucker Punch|p1a: Samurott
|-crit|p1a: Samurott
|-damage|p1a: Samurott|0 fnt
|faint|p1a: Samurott
|
|upkeep
|
|t:|1743856791
|switch|p1a: Infernape|Infernape, F|100/100
|-status|p1a: Infernape|psn
|turn|34
|
|t:|1743856800
|-end|p2a: Kingambit|fallen3|[silent]
|switch|p2a: Blissey|Blissey, F|73/100
|move|p1a: Infernape|Drain Punch|p2a: Blissey
|-supereffective|p2a: Blissey
|-damage|p2a: Blissey|0 fnt
|faint|p2a: Blissey
|-damage|p1a: Infernape|91/100 psn|[from] item: Life Orb
|
|-damage|p1a: Infernape|78/100 psn|[from] psn
|upkeep
|c|☆pungpungsy|What are these starter
|
|t:|1743856810
|switch|p2a: Iron Crown|Iron Crown|100/100
|-enditem|p2a: Iron Crown|Booster Energy
|-activate|p2a: Iron Crown|ability: Quark Drive|[fromitem]
|-start|p2a: Iron Crown|quarkdrivespa
|turn|35
|
|t:|1743856817
|move|p1a: Infernape|Fire Punch|p2a: Iron Crown
|-supereffective|p2a: Iron Crown
|-damage|p2a: Iron Crown|0 fnt
|faint|p2a: Iron Crown
|-end|p2a: Iron Crown|Quark Drive|[silent]
|-damage|p1a: Infernape|68/100 psn|[from] item: Life Orb
|
|-damage|p1a: Infernape|56/100 psn|[from] psn
|upkeep
|
|t:|1743856820
|switch|p2a: Kingambit|Kingambit, F|100/100
|-activate|p2a: Kingambit|ability: Supreme Overlord
|-start|p2a: Kingambit|fallen5|[silent]
|turn|36
|c|☆Glubabal|Gen 4 and 5
|
|t:|1743856828
|-terastallize|p1a: Infernape|Fighting
|-terastallize|p2a: Kingambit|Dark
|move|p1a: Infernape|Mach Punch|p2a: Kingambit
|-supereffective|p2a: Kingambit
|-damage|p2a: Kingambit|37/100
|-damage|p1a: Infernape|46/100 psn|[from] item: Life Orb
|move|p2a: Kingambit|Sucker Punch||[still]
|-fail|p2a: Kingambit
|
|-damage|p1a: Infernape|34/100 psn|[from] psn
|upkeep
|turn|37
|
|t:|1743856835
|move|p1a: Infernape|Mach Punch|p2a: Kingambit
|-supereffective|p2a: Kingambit
|-damage|p2a: Kingambit|0 fnt
|faint|p2a: Kingambit
|-end|p2a: Kingambit|fallen5|[silent]
|-damage|p1a: Infernape|24/100 psn|[from] item: Life Orb
|
|win|Glubabal
|raw|Glubabal's rating: 1188 &rarr; <strong>1215</strong><br />(+27 for winning)
|raw|pungpungsy's rating: 1219 &rarr; <strong>1192</strong><br />(-27 for losing)
|c|☆Glubabal|gg
|l|☆pungpungsy
|player|p2|
|l|☆Glubabal
|player|p1|
