|j|☆magicember
|j|☆sauceybake
|t:|1743836959
|gametype|singles
|player|p1|magicember|169|1218
|player|p2|sauceybake|riley|1225
|teamsize|p1|6
|teamsize|p2|6
|gen|9
|tier|[Gen 9] OU
|rated|
|rule|HP Percentage Mod: HP is shown in percentages
|rule|Endless Battle Clause: Forcing endless battles is banned
|rule|Species Clause: Limit one of each Pokémon
|rule|OHKO Clause: OHKO moves are banned
|rule|Evasion Items Clause: Evasion items are banned
|rule|Evasion Moves Clause: Evasion moves are banned
|rule|Sleep Moves Clause: Sleep-inducing moves are banned
|clearpoke
|poke|p1|Keldeo-Resolute|
|poke|p1|Kingambit, F|
|poke|p1|Hatterene, F|
|poke|p1|Dragapult, F|
|poke|p1|Thundurus-Therian, M|
|poke|p1|Tinkaton, F|
|poke|p2|Sableye, M|
|poke|p2|Sneasel, M|
|poke|p2|Wooper, M|
|poke|p2|Clodsire, F|
|poke|p2|Araquanid, M|
|poke|p2|Lokix, M|
|teampreview
|
|t:|1743836969
|start
|switch|p1a: Keldeo|Keldeo-Resolute|100/100
|switch|p2a: Sableye|Sableye, M|100/100
|turn|1
|
|t:|1743836984
|switch|p1a: Hatterene|Hatterene, F|100/100
|switch|p2a: Araquanid|Araquanid, M|100/100
|
|upkeep
|turn|2
|
|t:|1743836990
|move|p1a: Hatterene|Nuzzle|p2a: Araquanid
|-supereffective|p2a: Araquanid
|-damage|p2a: Araquanid|93/100
|-status|p2a: Araquanid|par
|move|p2a: Araquanid|Liquidation|p1a: Hatterene
|-crit|p1a: Hatterene
|-damage|p1a: Hatterene|28/100
|-enditem|p1a: Hatterene|Eject Button
|
|t:|1743836998
|switch|p1a: Thundurus|Thundurus-Therian, M|100/100
|
|upkeep
|turn|3
|
|t:|1743837018
|switch|p1a: Tinkaton|Tinkaton, F|100/100
|-item|p1a: Tinkaton|Air Balloon
|switch|p2a: Clodsire|Clodsire, F, shiny|100/100
|
|upkeep
|turn|4
|
|t:|1743837027
|switch|p2a: Araquanid|Araquanid, M|93/100 par
|move|p1a: Tinkaton|Stealth Rock|p2a: Araquanid
|-sidestart|p2: sauceybake|move: Stealth Rock
|
|upkeep
|turn|5
|
|t:|1743837040
|switch|p1a: Dragapult|Dragapult, F|100/100
|cant|p2a: Araquanid|par
|
|upkeep
|turn|6
|
|t:|1743837049
|move|p1a: Dragapult|Reflect|p1a: Dragapult
|-sidestart|p1: magicember|Reflect
|move|p2a: Araquanid|Sticky Web|p1a: Dragapult
|-sidestart|p1: magicember|move: Sticky Web
|
|upkeep
|turn|7
|
|t:|1743837059
|move|p1a: Dragapult|Light Screen|p1a: Dragapult
|-sidestart|p1: magicember|move: Light Screen
|cant|p2a: Araquanid|par
|
|upkeep
|turn|8
|
|t:|1743837064
|move|p1a: Dragapult|Curse|p2a: Araquanid
|-start|p2a: Araquanid|Curse|[of] p1a: Dragapult
|-damage|p1a: Dragapult|51/100
|move|p2a: Araquanid|Liquidation|p1a: Dragapult
|-resisted|p1a: Dragapult
|-damage|p1a: Dragapult|31/100
|-unboost|p1a: Dragapult|def|1
|
|-damage|p2a: Araquanid|68/100 par|[from] Curse
|upkeep
|turn|9
|
|t:|1743837074
|switch|p1a: Keldeo|Keldeo-Resolute|100/100
|-activate|p1a: Keldeo|move: Sticky Web
|-unboost|p1a: Keldeo|spe|1
|move|p2a: Araquanid|Liquidation|p1a: Keldeo
|-resisted|p1a: Keldeo
|-damage|p1a: Keldeo|85/100
|-unboost|p1a: Keldeo|def|1
|
|-heal|p1a: Keldeo|91/100|[from] item: Leftovers
|-damage|p2a: Araquanid|43/100 par|[from] Curse
|upkeep
|turn|10
|
|t:|1743837079
|move|p1a: Keldeo|Calm Mind|p1a: Keldeo
|-boost|p1a: Keldeo|spa|1
|-boost|p1a: Keldeo|spd|1
|move|p2a: Araquanid|Leech Life|p1a: Keldeo
|-resisted|p1a: Keldeo
|-damage|p1a: Keldeo|81/100
|-heal|p2a: Araquanid|48/100 par|[from] drain|[of] p1a: Keldeo
|
|-heal|p1a: Keldeo|87/100|[from] item: Leftovers
|-damage|p2a: Araquanid|23/100 par|[from] Curse
|upkeep
|turn|11
|
|t:|1743837088
|move|p1a: Keldeo|Calm Mind|p1a: Keldeo
|-boost|p1a: Keldeo|spa|1
|-boost|p1a: Keldeo|spd|1
|move|p2a: Araquanid|Leech Life|p1a: Keldeo
|-resisted|p1a: Keldeo
|-damage|p1a: Keldeo|78/100
|-heal|p2a: Araquanid|27/100 par|[from] drain|[of] p1a: Keldeo
|
|-heal|p1a: Keldeo|84/100|[from] item: Leftovers
|-damage|p2a: Araquanid|2/100 par|[from] Curse
|upkeep
|turn|12
|
|t:|1743837092
|move|p1a: Keldeo|Calm Mind|p1a: Keldeo
|-boost|p1a: Keldeo|spa|1
|-boost|p1a: Keldeo|spd|1
|move|p2a: Araquanid|Leech Life|p1a: Keldeo
|-resisted|p1a: Keldeo
|-damage|p1a: Keldeo|74/100
|-heal|p2a: Araquanid|7/100 par|[from] drain|[of] p1a: Keldeo
|
|-heal|p1a: Keldeo|80/100|[from] item: Leftovers
|-damage|p2a: Araquanid|0 fnt|[from] Curse
|faint|p2a: Araquanid
|upkeep
|
|t:|1743837097
|switch|p2a: Sableye|Sableye, M|100/100
|-damage|p2a: Sableye|88/100|[from] Stealth Rock
|turn|13
|
|t:|1743837101
|move|p2a: Sableye|Encore|p1a: Keldeo
|-start|p1a: Keldeo|Encore
|move|p1a: Keldeo|Calm Mind|p1a: Keldeo
|-boost|p1a: Keldeo|spa|1
|-boost|p1a: Keldeo|spd|1
|
|-heal|p1a: Keldeo|87/100|[from] item: Leftovers
|-heal|p2a: Sableye|94/100|[from] item: Leftovers
|-sideend|p1: magicember|Reflect
|upkeep
|turn|14
|
|t:|1743837105
|switch|p1a: Hatterene|Hatterene, F|28/100
|-activate|p1a: Hatterene|move: Sticky Web
|-unboost|p1a: Hatterene|spe|1
|move|p2a: Sableye|Knock Off|p1a: Hatterene
|-damage|p1a: Hatterene|13/100
|
|-heal|p2a: Sableye|100/100|[from] item: Leftovers
|-sideend|p1: magicember|move: Light Screen
|upkeep
|turn|15
|
|t:|1743837118
|move|p2a: Sableye|Knock Off|p1a: Hatterene
|-damage|p1a: Hatterene|0 fnt
|faint|p1a: Hatterene
|
|upkeep
|
|t:|1743837124
|switch|p1a: Thundurus|Thundurus-Therian, M|100/100
|turn|16
|
|t:|1743837136
|switch|p1a: Keldeo|Keldeo-Resolute|87/100
|-activate|p1a: Keldeo|move: Sticky Web
|-unboost|p1a: Keldeo|spe|1
|move|p2a: Sableye|Knock Off|p1a: Keldeo
|-resisted|p1a: Keldeo
|-damage|p1a: Keldeo|71/100
|-ability|p1a: Keldeo|Justified|boost
|-boost|p1a: Keldeo|atk|1
|-enditem|p1a: Keldeo|Leftovers|[from] move: Knock Off|[of] p2a: Sableye
|
|upkeep
|turn|17
|
|t:|1743837146
|move|p2a: Sableye|Will-O-Wisp|p1a: Keldeo
|-status|p1a: Keldeo|brn
|move|p1a: Keldeo|Surf|p2a: Sableye
|-damage|p2a: Sableye|47/100
|
|-heal|p2a: Sableye|53/100|[from] item: Leftovers
|-damage|p1a: Keldeo|65/100 brn|[from] brn
|upkeep
|turn|18
|
|t:|1743837153
|move|p2a: Sableye|Recover|p2a: Sableye
|-heal|p2a: Sableye|100/100
|move|p1a: Keldeo|Surf|p2a: Sableye
|-damage|p2a: Sableye|50/100
|
|-heal|p2a: Sableye|56/100|[from] item: Leftovers
|-damage|p1a: Keldeo|58/100 brn|[from] brn
|upkeep
|turn|19
|
|t:|1743837160
|move|p2a: Sableye|Recover|p2a: Sableye
|-heal|p2a: Sableye|100/100
|move|p1a: Keldeo|Surf|p2a: Sableye
|-damage|p2a: Sableye|46/100
|
|-heal|p2a: Sableye|52/100|[from] item: Leftovers
|-damage|p1a: Keldeo|52/100 brn|[from] brn
|upkeep
|turn|20
|
|t:|1743837165
|move|p1a: Keldeo|Surf|p2a: Sableye
|-damage|p2a: Sableye|1/100
|move|p2a: Sableye|Knock Off|p1a: Keldeo
|-resisted|p1a: Keldeo
|-damage|p1a: Keldeo|42/100 brn
|-ability|p1a: Keldeo|Justified|boost
|-boost|p1a: Keldeo|atk|1
|
|-heal|p2a: Sableye|7/100|[from] item: Leftovers
|-damage|p1a: Keldeo|36/100 brn|[from] brn
|upkeep
|turn|21
|
|t:|1743837170
|move|p2a: Sableye|Recover|p2a: Sableye
|-heal|p2a: Sableye|57/100
|move|p1a: Keldeo|Surf|p2a: Sableye
|-damage|p2a: Sableye|3/100
|
|-heal|p2a: Sableye|10/100|[from] item: Leftovers
|-damage|p1a: Keldeo|30/100 brn|[from] brn
|upkeep
|turn|22
|
|t:|1743837176
|move|p2a: Sableye|Recover|p2a: Sableye
|-heal|p2a: Sableye|60/100
|move|p1a: Keldeo|Surf|p2a: Sableye
|-damage|p2a: Sableye|8/100
|
|-heal|p2a: Sableye|14/100|[from] item: Leftovers
|-damage|p1a: Keldeo|24/100 brn|[from] brn
|upkeep
|turn|23
|
|t:|1743837181
|move|p2a: Sableye|Recover|p2a: Sableye
|-heal|p2a: Sableye|64/100
|move|p1a: Keldeo|Surf|p2a: Sableye
|-damage|p2a: Sableye|14/100
|
|-heal|p2a: Sableye|20/100|[from] item: Leftovers
|-damage|p1a: Keldeo|18/100 brn|[from] brn
|upkeep
|turn|24
|
|t:|1743837186
|move|p2a: Sableye|Recover|p2a: Sableye
|-heal|p2a: Sableye|70/100
|move|p1a: Keldeo|Surf|p2a: Sableye
|-damage|p2a: Sableye|19/100
|
|-heal|p2a: Sableye|25/100|[from] item: Leftovers
|-damage|p1a: Keldeo|11/100 brn|[from] brn
|upkeep
|turn|25
|
|t:|1743837195
|-terastallize|p1a: Keldeo|Water
|move|p2a: Sableye|Recover|p2a: Sableye
|-heal|p2a: Sableye|75/100
|move|p1a: Keldeo|Surf|p2a: Sableye
|-crit|p2a: Sableye
|-damage|p2a: Sableye|0 fnt
|faint|p2a: Sableye
|
|-damage|p1a: Keldeo|5/100 brn|[from] brn
|upkeep
|
|t:|1743837235
|switch|p2a: Sneasel|Sneasel, M|100/100
|-damage|p2a: Sneasel|76/100|[from] Stealth Rock
|turn|26
|
|t:|1743837239
|move|p2a: Sneasel|Fake Out|p1a: Keldeo
|-damage|p1a: Keldeo|0 fnt
|faint|p1a: Keldeo
|
|upkeep
|
|t:|1743837252
|switch|p1a: Kingambit|Kingambit, F|100/100
|-activate|p1a: Kingambit|move: Sticky Web
|-unboost|p1a: Kingambit|spe|1
|-activate|p1a: Kingambit|ability: Supreme Overlord
|-start|p1a: Kingambit|fallen2|[silent]
|turn|27
|
|t:|1743837263
|switch|p2a: Wooper|Wooper, M|100/100
|-damage|p2a: Wooper|94/100|[from] Stealth Rock
|move|p1a: Kingambit|Iron Head|p2a: Wooper
|-resisted|p2a: Wooper
|-damage|p2a: Wooper|72/100
|
|upkeep
|turn|28
|
|t:|1743837270
|move|p1a: Kingambit|Kowtow Cleave|p2a: Wooper
|-damage|p2a: Wooper|25/100
|move|p2a: Wooper|Recover|p2a: Wooper
|-heal|p2a: Wooper|75/100
|
|upkeep
|turn|29
|
|t:|1743837281
|move|p1a: Kingambit|Kowtow Cleave|p2a: Wooper
|-damage|p2a: Wooper|29/100
|move|p2a: Wooper|Counter|p1a: Kingambit
|-damage|p1a: Kingambit|15/100
|
|-heal|p1a: Kingambit|22/100|[from] item: Leftovers
|upkeep
|turn|30
|
|t:|1743837287
|move|p1a: Kingambit|Kowtow Cleave|p2a: Wooper
|-damage|p2a: Wooper|0 fnt
|faint|p2a: Wooper
|
|-heal|p1a: Kingambit|28/100|[from] item: Leftovers
|upkeep
|
|t:|1743837293
|switch|p2a: Lokix|Lokix, M|100/100
|-damage|p2a: Lokix|76/100|[from] Stealth Rock
|turn|31
|
|t:|1743837302
|-end|p1a: Kingambit|fallen2|[silent]
|switch|p1a: Tinkaton|Tinkaton, F|100/100
|-item|p1a: Tinkaton|Air Balloon
|-terastallize|p2a: Lokix|Bug
|move|p2a: Lokix|First Impression|p1a: Tinkaton
|-resisted|p1a: Tinkaton
|-damage|p1a: Tinkaton|62/100
|-enditem|p1a: Tinkaton|Air Balloon
|-enditem|p2a: Lokix|Silver Powder|[silent]|[from] ability: Pickpocket|[of] p2a: Lokix
|-item|p1a: Tinkaton|Silver Powder|[from] ability: Pickpocket|[of] p2a: Lokix
|
|upkeep
|turn|32
|
|t:|1743837317
|switch|p2a: Clodsire|Clodsire, F, shiny|100/100
|-damage|p2a: Clodsire|94/100|[from] Stealth Rock
|move|p1a: Tinkaton|Gigaton Hammer|p2a: Clodsire
|-damage|p2a: Clodsire|46/100
|
|-heal|p2a: Clodsire|52/100|[from] item: Leftovers
|upkeep
|turn|33
|
|t:|1743837327
|move|p1a: Tinkaton|Stealth Rock||[still]
|-fail|p1a: Tinkaton
|move|p2a: Clodsire|Recover|p2a: Clodsire
|-heal|p2a: Clodsire|100/100
|
|upkeep
|turn|34
|
|t:|1743837330
|move|p2a: Clodsire|Protect|p2a: Clodsire
|-singleturn|p2a: Clodsire|Protect
|move|p1a: Tinkaton|Encore|p2a: Clodsire
|-activate|p2a: Clodsire|move: Protect
|
|upkeep
|turn|35
|
|t:|1743837352
|move|p1a: Tinkaton|Encore|p2a: Clodsire
|-start|p2a: Clodsire|Encore
|move|p2a: Clodsire|Protect||[still]
|-fail|p2a: Clodsire
|
|upkeep
|turn|36
|
|t:|1743837358
|move|p2a: Clodsire|Protect|p2a: Clodsire
|-singleturn|p2a: Clodsire|Protect
|move|p1a: Tinkaton|Gigaton Hammer|p2a: Clodsire
|-activate|p2a: Clodsire|move: Protect
|
|upkeep
|turn|37
|
|t:|1743837363
|move|p2a: Clodsire|Protect||[still]
|-fail|p2a: Clodsire
|move|p1a: Tinkaton|Stealth Rock||[still]
|-fail|p1a: Tinkaton
|
|-end|p2a: Clodsire|Encore
|upkeep
|turn|38
|
|t:|1743837373
|move|p1a: Tinkaton|Encore|p2a: Clodsire
|-start|p2a: Clodsire|Encore
|move|p2a: Clodsire|Protect||[still]
|-fail|p2a: Clodsire
|
|upkeep
|turn|39
|
|t:|1743837378
|move|p2a: Clodsire|Protect|p2a: Clodsire
|-singleturn|p2a: Clodsire|Protect
|move|p1a: Tinkaton|Thunder Wave|p2a: Clodsire
|-activate|p2a: Clodsire|move: Protect
|
|upkeep
|turn|40
|
|t:|1743837384
|move|p2a: Clodsire|Protect||[still]
|-fail|p2a: Clodsire
|move|p1a: Tinkaton|Gigaton Hammer|p2a: Clodsire
|-damage|p2a: Clodsire|52/100
|
|-heal|p2a: Clodsire|58/100|[from] item: Leftovers
|-end|p2a: Clodsire|Encore
|upkeep
|turn|41
|
|t:|1743837388
|move|p1a: Tinkaton|Encore|p2a: Clodsire
|-start|p2a: Clodsire|Encore
|move|p2a: Clodsire|Protect||[still]
|-fail|p2a: Clodsire
|
|-heal|p2a: Clodsire|65/100|[from] item: Leftovers
|upkeep
|turn|42
|
|t:|1743837395
|move|p2a: Clodsire|Protect|p2a: Clodsire
|-singleturn|p2a: Clodsire|Protect
|move|p1a: Tinkaton|Thunder Wave|p2a: Clodsire
|-activate|p2a: Clodsire|move: Protect
|
|-heal|p2a: Clodsire|71/100|[from] item: Leftovers
|upkeep
|turn|43
|
|t:|1743837398
|move|p2a: Clodsire|Protect||[still]
|-fail|p2a: Clodsire
|move|p1a: Tinkaton|Gigaton Hammer|p2a: Clodsire
|-damage|p2a: Clodsire|21/100
|
|-heal|p2a: Clodsire|27/100|[from] item: Leftovers
|-end|p2a: Clodsire|Encore
|upkeep
|turn|44
|
|t:|1743837415
|move|p1a: Tinkaton|Encore|p2a: Clodsire
|-start|p2a: Clodsire|Encore
|move|p2a: Clodsire|Protect||[still]
|-fail|p2a: Clodsire
|
|-heal|p2a: Clodsire|33/100|[from] item: Leftovers
|upkeep
|turn|45
|
|t:|1743837418
|move|p2a: Clodsire|Protect|p2a: Clodsire
|-singleturn|p2a: Clodsire|Protect
|move|p1a: Tinkaton|Thunder Wave|p2a: Clodsire
|-activate|p2a: Clodsire|move: Protect
|
|-heal|p2a: Clodsire|40/100|[from] item: Leftovers
|upkeep
|turn|46
|
|t:|1743837424
|move|p2a: Clodsire|Protect|p2a: Clodsire
|-singleturn|p2a: Clodsire|Protect
|move|p1a: Tinkaton|Gigaton Hammer|p2a: Clodsire
|-activate|p2a: Clodsire|move: Protect
|
|-heal|p2a: Clodsire|46/100|[from] item: Leftovers
|-end|p2a: Clodsire|Encore
|upkeep
|turn|47
|
|t:|1743837430
|move|p1a: Tinkaton|Encore|p2a: Clodsire
|-start|p2a: Clodsire|Encore
|move|p2a: Clodsire|Protect||[still]
|-fail|p2a: Clodsire
|
|-heal|p2a: Clodsire|52/100|[from] item: Leftovers
|upkeep
|turn|48
|
|t:|1743837444
|move|p2a: Clodsire|Protect|p2a: Clodsire
|-singleturn|p2a: Clodsire|Protect
|move|p1a: Tinkaton|Thunder Wave|p2a: Clodsire
|-activate|p2a: Clodsire|move: Protect
|
|-heal|p2a: Clodsire|58/100|[from] item: Leftovers
|upkeep
|turn|49
|
|t:|1743837454
|move|p2a: Clodsire|Protect|p2a: Clodsire
|-singleturn|p2a: Clodsire|Protect
|move|p1a: Tinkaton|Gigaton Hammer|p2a: Clodsire
|-activate|p2a: Clodsire|move: Protect
|
|-heal|p2a: Clodsire|65/100|[from] item: Leftovers
|-end|p2a: Clodsire|Encore
|upkeep
|turn|50
|
|t:|1743837460
|switch|p1a: Dragapult|Dragapult, F|31/100
|-activate|p1a: Dragapult|move: Sticky Web
|-unboost|p1a: Dragapult|spe|1
|move|p2a: Clodsire|Earthquake|p1a: Dragapult
|-damage|p1a: Dragapult|0 fnt
|faint|p1a: Dragapult
|
|-heal|p2a: Clodsire|71/100|[from] item: Leftovers
|upkeep
|
|t:|1743837466
|switch|p1a: Kingambit|Kingambit, F|28/100
|-activate|p1a: Kingambit|move: Sticky Web
|-unboost|p1a: Kingambit|spe|1
|-activate|p1a: Kingambit|ability: Supreme Overlord
|-start|p1a: Kingambit|fallen3|[silent]
|turn|51
|
|t:|1743837471
|move|p1a: Kingambit|Iron Head|p2a: Clodsire
|-damage|p2a: Clodsire|5/100
|cant|p2a: Clodsire|flinch
|
|-heal|p1a: Kingambit|34/100|[from] item: Leftovers
|-heal|p2a: Clodsire|12/100|[from] item: Leftovers
|upkeep
|turn|52
|
|t:|1743837478
|move|p1a: Kingambit|Iron Head|p2a: Clodsire
|-damage|p2a: Clodsire|0 fnt
|faint|p2a: Clodsire
|
|-heal|p1a: Kingambit|40/100|[from] item: Leftovers
|upkeep
|
|t:|1743837481
|switch|p2a: Lokix|Lokix, M, tera:Bug|76/100
|-damage|p2a: Lokix|51/100|[from] Stealth Rock
|turn|53
|
|t:|1743837501
|-end|p1a: Kingambit|fallen3|[silent]
|switch|p1a: Tinkaton|Tinkaton, F|62/100
|-activate|p1a: Tinkaton|move: Sticky Web
|-unboost|p1a: Tinkaton|spe|1
|move|p2a: Lokix|Swords Dance|p2a: Lokix
|-boost|p2a: Lokix|atk|2
|
|upkeep
|turn|54
|
|t:|1743837511
|move|p2a: Lokix|Sucker Punch|p1a: Tinkaton
|-resisted|p1a: Tinkaton
|-damage|p1a: Tinkaton|0 fnt
|faint|p1a: Tinkaton
|
|upkeep
|
|t:|1743837516
|switch|p1a: Kingambit|Kingambit, F|40/100
|-activate|p1a: Kingambit|move: Sticky Web
|-unboost|p1a: Kingambit|spe|1
|-activate|p1a: Kingambit|ability: Supreme Overlord
|-start|p1a: Kingambit|fallen4|[silent]
|turn|55
|
|t:|1743837529
|move|p2a: Lokix|Sucker Punch|p1a: Kingambit
|-resisted|p1a: Kingambit
|-damage|p1a: Kingambit|0 fnt
|faint|p1a: Kingambit
|-end|p1a: Kingambit|fallen4|[silent]
|
|upkeep
|-message|magicember forfeited.
|
|win|sauceybake
|raw|magicember's rating: 1218 &rarr; <strong>1194</strong><br />(-24 for losing)
|raw|sauceybake's rating: 1225 &rarr; <strong>1249</strong><br />(+24 for winning)
|l|☆magicember
|player|p1|
