|j|☆Clair_Rust
|j|☆humanttv
|t:|1743794471
|gametype|singles
|player|p1|Clair_Rust|rocketgruntf|1000
|player|p2|humanttv|cynthia-gen4|1031
|teamsize|p1|6
|teamsize|p2|6
|gen|9
|tier|[Gen 9] OU
|rated|
|rule|HP Percentage Mod: HP is shown in percentages
|rule|Endless Battle Clause: Forcing endless battles is banned
|rule|Species Clause: Limit one of each Pokémon
|rule|OHKO Clause: OHKO moves are banned
|rule|Evasion Items Clause: Evasion items are banned
|rule|Evasion Moves Clause: Evasion moves are banned
|rule|Sleep Moves Clause: Sleep-inducing moves are banned
|clearpoke
|poke|p1|Dragapult, F|
|poke|p1|Slowking, M|
|poke|p1|Garganacl, M|
|poke|p1|Excadrill, F|
|poke|p1|Moltres|
|poke|p1|Primarina, M|
|poke|p2|Tatsugiri-Droopy, F|
|poke|p2|Masquerain, F|
|poke|p2|Gholdengo|
|poke|p2|Iron Valiant|
|poke|p2|Ting-Lu|
|poke|p2|Tauros-Paldea-Blaze, M|
|teampreview
|inactive|Battle timer is ON: inactive players will automatically lose when time's up. (requested by humanttv)
|
|t:|1743794488
|start
|switch|p1a: Excadrill|Excadrill, F|100/100
|switch|p2a: Ting-Lu|Ting-Lu|100/100
|-ability|p1a: Excadrill|Mold Breaker
|-ability|p2a: Ting-Lu|Vessel of Ruin
|turn|1
|
|t:|1743794506
|move|p1a: Excadrill|Swords Dance|p1a: Excadrill
|-boost|p1a: Excadrill|atk|2
|move|p2a: Ting-Lu|Stealth Rock|p1a: Excadrill
|-sidestart|p1: Clair_Rust|move: Stealth Rock
|
|upkeep
|turn|2
|
|t:|1743794511
|move|p1a: Excadrill|Earthquake|p2a: Ting-Lu
|-damage|p2a: Ting-Lu|46/100
|move|p2a: Ting-Lu|Whirlwind|p1a: Excadrill
|drag|p1a: Dragapult|Dragapult, F|100/100
|-damage|p1a: Dragapult|88/100|[from] Stealth Rock
|
|-heal|p2a: Ting-Lu|52/100|[from] item: Leftovers
|upkeep
|turn|3
|
|t:|1743794519
|move|p1a: Dragapult|U-turn|p2a: Ting-Lu
|-supereffective|p2a: Ting-Lu
|-damage|p2a: Ting-Lu|34/100
|
|t:|1743794523
|switch|p1a: Excadrill|Excadrill, F|100/100|[from] U-turn
|-damage|p1a: Excadrill|97/100|[from] Stealth Rock
|-ability|p1a: Excadrill|Mold Breaker
|move|p2a: Ting-Lu|Spikes|p1a: Excadrill
|-sidestart|p1: Clair_Rust|Spikes
|
|-heal|p1a: Excadrill|100/100|[from] item: Leftovers
|-heal|p2a: Ting-Lu|40/100|[from] item: Leftovers
|upkeep
|turn|4
|
|t:|1743794527
|move|p1a: Excadrill|Rapid Spin|p2a: Ting-Lu
|-damage|p2a: Ting-Lu|30/100
|-boost|p1a: Excadrill|spe|1
|-sideend|p1: Clair_Rust|Spikes|[from] move: Rapid Spin|[of] p1a: Excadrill
|-sideend|p1: Clair_Rust|Stealth Rock|[from] move: Rapid Spin|[of] p1a: Excadrill
|move|p2a: Ting-Lu|Whirlwind|p1a: Excadrill
|drag|p1a: Garganacl|Garganacl, M|100/100
|
|-heal|p2a: Ting-Lu|36/100|[from] item: Leftovers
|upkeep
|turn|5
|
|t:|1743794533
|move|p2a: Ting-Lu|Stealth Rock|p1a: Garganacl
|-sidestart|p1: Clair_Rust|move: Stealth Rock
|move|p1a: Garganacl|Salt Cure|p2a: Ting-Lu
|-resisted|p2a: Ting-Lu
|-damage|p2a: Ting-Lu|32/100
|-start|p2a: Ting-Lu|Salt Cure
|
|-heal|p2a: Ting-Lu|39/100|[from] item: Leftovers
|-damage|p2a: Ting-Lu|26/100|[from] Salt Cure
|upkeep
|turn|6
|
|t:|1743794536
|move|p2a: Ting-Lu|Spikes|p1a: Garganacl
|-sidestart|p1: Clair_Rust|Spikes
|move|p1a: Garganacl|Stealth Rock|p2a: Ting-Lu
|-sidestart|p2: humanttv|move: Stealth Rock
|
|-heal|p2a: Ting-Lu|32/100|[from] item: Leftovers
|-damage|p2a: Ting-Lu|20/100|[from] Salt Cure
|upkeep
|turn|7
|
|t:|1743794540
|switch|p1a: Excadrill|Excadrill, F|100/100
|-damage|p1a: Excadrill|97/100|[from] Stealth Rock
|-damage|p1a: Excadrill|85/100|[from] Spikes
|-ability|p1a: Excadrill|Mold Breaker
|move|p2a: Ting-Lu|Spikes|p1a: Excadrill
|-sidestart|p1: Clair_Rust|Spikes
|
|-heal|p1a: Excadrill|91/100|[from] item: Leftovers
|-heal|p2a: Ting-Lu|26/100|[from] item: Leftovers
|-damage|p2a: Ting-Lu|14/100|[from] Salt Cure
|upkeep
|turn|8
|
|t:|1743794544
|move|p1a: Excadrill|Rapid Spin|p2a: Ting-Lu
|-damage|p2a: Ting-Lu|5/100
|-boost|p1a: Excadrill|spe|1
|-sideend|p1: Clair_Rust|Spikes|[from] move: Rapid Spin|[of] p1a: Excadrill
|-sideend|p1: Clair_Rust|Stealth Rock|[from] move: Rapid Spin|[of] p1a: Excadrill
|move|p2a: Ting-Lu|Earthquake|p1a: Excadrill
|-supereffective|p1a: Excadrill
|-damage|p1a: Excadrill|8/100
|
|-heal|p1a: Excadrill|14/100|[from] item: Leftovers
|-heal|p2a: Ting-Lu|11/100|[from] item: Leftovers
|-damage|p2a: Ting-Lu|0 fnt|[from] Salt Cure
|faint|p2a: Ting-Lu
|upkeep
|
|t:|1743794557
|switch|p2a: Tauros|Tauros-Paldea-Blaze, M|100/100
|-damage|p2a: Tauros|88/100|[from] Stealth Rock
|-ability|p2a: Tauros|Intimidate|boost
|-unboost|p1a: Excadrill|atk|1
|turn|9
|
|t:|1743794566
|move|p2a: Tauros|Raging Bull|p1a: Excadrill
|-supereffective|p1a: Excadrill
|-damage|p1a: Excadrill|0 fnt
|faint|p1a: Excadrill
|
|upkeep
|
|t:|1743794582
|switch|p1a: Moltres|Moltres|100/100
|turn|10
|
|t:|1743794598
|move|p2a: Tauros|Raging Bull|p1a: Moltres
|-resisted|p1a: Moltres
|-damage|p1a: Moltres|80/100
|move|p1a: Moltres|Flamethrower|p2a: Tauros
|-resisted|p2a: Tauros
|-damage|p2a: Tauros|54/100
|
|upkeep
|turn|11
|
|t:|1743794607
|switch|p2a: Tatsugiri|Tatsugiri-Droopy, F, shiny|100/100
|move|p1a: Moltres|U-turn|p2a: Tatsugiri
|-damage|p2a: Tatsugiri|75/100
|
|t:|1743794613
|switch|p1a: Primarina|Primarina, M|100/100|[from] U-turn
|
|upkeep
|turn|12
|
|t:|1743794616
|move|p2a: Tatsugiri|Rapid Spin|p1a: Primarina
|-damage|p1a: Primarina|93/100
|-boost|p2a: Tatsugiri|spe|1
|-sideend|p2: humanttv|Stealth Rock|[from] move: Rapid Spin|[of] p2a: Tatsugiri
|move|p1a: Primarina|Moonblast|p2a: Tatsugiri
|-supereffective|p2a: Tatsugiri
|-damage|p2a: Tatsugiri|0 fnt
|faint|p2a: Tatsugiri
|
|upkeep
|
|t:|1743794627
|switch|p2a: Masquerain|Masquerain, F, shiny|100/100
|-ability|p2a: Masquerain|Intimidate|boost
|-unboost|p1a: Primarina|atk|1
|turn|13
|
|t:|1743794635
|move|p2a: Masquerain|Stun Spore|p1a: Primarina|[miss]
|-miss|p2a: Masquerain|p1a: Primarina
|move|p1a: Primarina|Moonblast|p2a: Masquerain
|-enditem|p2a: Masquerain|Focus Sash
|-damage|p2a: Masquerain|1/100
|-unboost|p2a: Masquerain|spa|1
|
|upkeep
|turn|14
|
|t:|1743794640
|switch|p1a: Slowking|Slowking, M, shiny|100/100
|move|p2a: Masquerain|Stun Spore|p1a: Slowking|[miss]
|-miss|p2a: Masquerain|p1a: Slowking
|
|upkeep
|turn|15
|
|t:|1743794647
|move|p2a: Masquerain|Sticky Web|p1a: Slowking
|-sidestart|p1: Clair_Rust|move: Sticky Web
|move|p1a: Slowking|Psyshock|p2a: Masquerain
|-damage|p2a: Masquerain|0 fnt
|faint|p2a: Masquerain
|
|upkeep
|
|t:|1743794654
|switch|p2a: Gholdengo|Gholdengo, shiny|100/100
|-item|p2a: Gholdengo|Air Balloon
|turn|16
|
|t:|1743794660
|move|p2a: Gholdengo|Nasty Plot|p2a: Gholdengo
|-boost|p2a: Gholdengo|spa|2
|move|p1a: Slowking|Flamethrower|p2a: Gholdengo
|-supereffective|p2a: Gholdengo
|-damage|p2a: Gholdengo|38/100
|-enditem|p2a: Gholdengo|Air Balloon
|
|upkeep
|turn|17
|
|t:|1743794670
|-terastallize|p1a: Slowking|Steel
|move|p2a: Gholdengo|Shadow Ball|p1a: Slowking
|-damage|p1a: Slowking|39/100
|move|p1a: Slowking|Flamethrower|p2a: Gholdengo
|-supereffective|p2a: Gholdengo
|-damage|p2a: Gholdengo|0 fnt
|faint|p2a: Gholdengo
|
|upkeep
|
|t:|1743794679
|switch|p2a: Iron Valiant|Iron Valiant, shiny|100/100
|-enditem|p2a: Iron Valiant|Booster Energy
|-activate|p2a: Iron Valiant|ability: Quark Drive|[fromitem]
|-start|p2a: Iron Valiant|quarkdrivespe
|turn|18
|
|t:|1743794687
|switch|p1a: Moltres|Moltres|80/100
|move|p2a: Iron Valiant|Moonblast|p1a: Moltres
|-resisted|p1a: Moltres
|-damage|p1a: Moltres|62/100
|
|upkeep
|turn|19
|
|t:|1743794692
|move|p2a: Iron Valiant|Thunderbolt|p1a: Moltres
|-supereffective|p1a: Moltres
|-damage|p1a: Moltres|22/100
|move|p1a: Moltres|Roost|p1a: Moltres
|-heal|p1a: Moltres|72/100
|-singleturn|p1a: Moltres|move: Roost
|
|upkeep
|turn|20
|
|t:|1743794698
|move|p2a: Iron Valiant|Thunderbolt|p1a: Moltres
|-supereffective|p1a: Moltres
|-damage|p1a: Moltres|29/100
|move|p1a: Moltres|Roost|p1a: Moltres
|-heal|p1a: Moltres|79/100
|-singleturn|p1a: Moltres|move: Roost
|
|upkeep
|turn|21
|
|t:|1743794706
|move|p2a: Iron Valiant|Thunderbolt|p1a: Moltres
|-supereffective|p1a: Moltres
|-damage|p1a: Moltres|36/100
|move|p1a: Moltres|U-turn|p2a: Iron Valiant
|-resisted|p2a: Iron Valiant
|-damage|p2a: Iron Valiant|96/100
|
|t:|1743794708
|switch|p1a: Slowking|Slowking, M, shiny, tera:Steel|39/100|[from] U-turn
|
|upkeep
|turn|22
|
|t:|1743794720
|move|p2a: Iron Valiant|Moonblast|p1a: Slowking
|-resisted|p1a: Slowking
|-damage|p1a: Slowking|19/100
|-unboost|p1a: Slowking|spa|1
|move|p1a: Slowking|Future Sight|p2a: Iron Valiant
|-start|p1a: Slowking|move: Future Sight
|
|upkeep
|turn|23
|
|t:|1743794727
|move|p2a: Iron Valiant|Moonblast|p1a: Slowking
|-resisted|p1a: Slowking
|-damage|p1a: Slowking|0 fnt
|faint|p1a: Slowking
|
|upkeep
|
|t:|1743794747
|switch|p1a: Garganacl|Garganacl, M|100/100
|-activate|p1a: Garganacl|move: Sticky Web
|-unboost|p1a: Garganacl|spe|1
|turn|24
|
|t:|1743794753
|move|p2a: Iron Valiant|Close Combat|p1a: Garganacl
|-supereffective|p1a: Garganacl
|-damage|p1a: Garganacl|46/100
|-unboost|p2a: Iron Valiant|def|1
|-unboost|p2a: Iron Valiant|spd|1
|move|p1a: Garganacl|Salt Cure|p2a: Iron Valiant
|-resisted|p2a: Iron Valiant
|-damage|p2a: Iron Valiant|83/100
|-start|p2a: Iron Valiant|Salt Cure
|
|-end|p2a: Iron Valiant|move: Future Sight
|-supereffective|p2a: Iron Valiant
|-damage|p2a: Iron Valiant|0 fnt
|faint|p2a: Iron Valiant
|-end|p2a: Iron Valiant|Quark Drive|[silent]
|-heal|p1a: Garganacl|52/100|[from] item: Leftovers
|upkeep
|
|t:|1743794757
|switch|p2a: Tauros|Tauros-Paldea-Blaze, M|54/100
|-ability|p2a: Tauros|Intimidate|boost
|-unboost|p1a: Garganacl|atk|1
|turn|25
|
|t:|1743794770
|move|p2a: Tauros|Raging Bull|p1a: Garganacl
|-resisted|p1a: Garganacl
|-damage|p1a: Garganacl|41/100
|move|p1a: Garganacl|Recover|p1a: Garganacl
|-heal|p1a: Garganacl|91/100
|
|-heal|p1a: Garganacl|97/100|[from] item: Leftovers
|upkeep
|turn|26
|-message|humanttv forfeited.
|
|win|Clair_Rust
|raw|Clair_Rust's rating: 1000 &rarr; <strong>1044</strong><br />(+44 for winning)
|raw|humanttv's rating: 1031 &rarr; <strong>1015</strong><br />(-16 for losing)
|l|☆humanttv
|player|p2|
