|j|☆Mckangaroon
|j|☆caesurak
|t:|1743832742
|gametype|singles
|player|p1|Mckangaroon|steven|1193
|player|p2|caesurak|2|1219
|teamsize|p1|6
|teamsize|p2|6
|gen|9
|tier|[Gen 9] OU
|rated|
|rule|HP Percentage Mod: HP is shown in percentages
|rule|Endless Battle Clause: Forcing endless battles is banned
|rule|Species Clause: Limit one of each Pokémon
|rule|OHKO Clause: OHKO moves are banned
|rule|Evasion Items Clause: Evasion items are banned
|rule|Evasion Moves Clause: Evasion moves are banned
|rule|Sleep Moves Clause: Sleep-inducing moves are banned
|clearpoke
|poke|p1|Dragapult, M|
|poke|p1|Arcanine-Hisui, M|
|poke|p1|Zoroark-Hisui, M|
|poke|p1|Rotom-Wash|
|poke|p1|Darkrai|
|poke|p1|Maushold-Four|
|poke|p2|Rillaboom, F|
|poke|p2|Ursaluna, F|
|poke|p2|Raging Bolt|
|poke|p2|Enamorus, F|
|poke|p2|Great Tusk|
|poke|p2|Iron Crown|
|teampreview
|inactive|Battle timer is ON: inactive players will automatically lose when time's up. (requested by caesurak)
|
|t:|1743832775
|start
|switch|p1a: Darkrai|Darkrai|100/100
|switch|p2a: Iron Crown|Iron Crown|100/100
|turn|1
|
|t:|1743832798
|-terastallize|p1a: Darkrai|Dark
|move|p1a: Darkrai|Dark Pulse|p2a: Iron Crown
|-supereffective|p2a: Iron Crown
|-damage|p2a: Iron Crown|0 fnt
|faint|p2a: Iron Crown
|-end|p2a: Iron Crown|Quark Drive|[silent]
|
|upkeep
|
|t:|1743832807
|switch|p2a: Enamorus|Enamorus, F|100/100
|turn|2
|inactive|Mckangaroon has 120 seconds left.
|
|t:|1743832833
|move|p2a: Enamorus|Moonblast|p1a: Darkrai
|-supereffective|p1a: Darkrai
|-damage|p1a: Darkrai|0 fnt
|faint|p1a: Darkrai
|
|upkeep
|inactive|Mckangaroon has 120 seconds left.
|
|t:|1743832844
|switch|p1a: Arcanine|Arcanine-Hisui, M|100/100
|turn|3
|
|t:|1743832851
|switch|p2a: Great Tusk|Great Tusk|100/100
|move|p1a: Arcanine|Agility|p1a: Arcanine
|-boost|p1a: Arcanine|spe|2
|
|upkeep
|turn|4
|
|t:|1743832859
|move|p1a: Arcanine|Flare Blitz|p2a: Great Tusk
|-damage|p2a: Great Tusk|60/100
|-damage|p1a: Arcanine|84/100|[from] item: Rocky Helmet|[of] p2a: Great Tusk
|move|p2a: Great Tusk|Headlong Rush|p1a: Arcanine
|-supereffective|p1a: Arcanine
|-damage|p1a: Arcanine|0 fnt
|-unboost|p2a: Great Tusk|def|1
|-unboost|p2a: Great Tusk|spd|1
|faint|p1a: Arcanine
|
|upkeep
|
|t:|1743832873
|switch|p1a: Rotom|Rotom-Wash|100/100
|turn|5
|
|t:|1743832879
|move|p2a: Great Tusk|Stealth Rock|p1a: Rotom
|-sidestart|p1: Mckangaroon|move: Stealth Rock
|move|p1a: Rotom|Hydro Pump|p2a: Great Tusk|[miss]
|-miss|p1a: Rotom|p2a: Great Tusk
|
|upkeep
|turn|6
|
|t:|1743832889
|-end|p2a: Great Tusk|Protosynthesis|[silent]
|switch|p2a: Rillaboom|Rillaboom, F|100/100
|-fieldstart|move: Grassy Terrain|[from] ability: Grassy Surge|[of] p2a: Rillaboom
|move|p1a: Rotom|Hydro Pump|p2a: Rillaboom
|-resisted|p2a: Rillaboom
|-damage|p2a: Rillaboom|68/100
|
|-heal|p2a: Rillaboom|74/100|[from] Grassy Terrain
|upkeep
|turn|7
|
|t:|1743832905
|move|p2a: Rillaboom|Grassy Glide|p1a: Rotom
|-supereffective|p1a: Rotom
|-damage|p1a: Rotom|0 fnt
|faint|p1a: Rotom
|
|-heal|p2a: Rillaboom|81/100|[from] Grassy Terrain
|upkeep
|
|t:|1743832928
|switch|p1a: Maushold|Maushold-Four|100/100
|-damage|p1a: Maushold|88/100|[from] Stealth Rock
|turn|8
|
|t:|1743832934
|move|p2a: Rillaboom|Grassy Glide|p1a: Maushold
|-damage|p1a: Maushold|0 fnt
|faint|p1a: Maushold
|
|-heal|p2a: Rillaboom|87/100|[from] Grassy Terrain
|upkeep
|
|t:|1743832941
|switch|p1a: Dragapult|Dragapult, M, shiny|100/100
|-damage|p1a: Dragapult|88/100|[from] Stealth Rock
|turn|9
|
|t:|1743832947
|switch|p2a: Enamorus|Enamorus, F|100/100
|move|p1a: Dragapult|Dragon Darts|p2a: Enamorus
|-immune|p2a: Enamorus
|
|-heal|p1a: Dragapult|94/100|[from] Grassy Terrain
|upkeep
|turn|10
|
|t:|1743832956
|move|p2a: Enamorus|Moonblast|p1a: Dragapult
|-supereffective|p1a: Dragapult
|-damage|p1a: Dragapult|0 fnt
|faint|p1a: Dragapult
|
|-fieldend|move: Grassy Terrain
|upkeep
|
|t:|1743832963
|switch|p1a: Zoroark|Zoroark-Hisui, M|100/100
|-damage|p1a: Zoroark|88/100|[from] Stealth Rock
|turn|11
|
|t:|1743832971
|move|p2a: Enamorus|Moonblast|p1a: Zoroark
|-damage|p1a: Zoroark|0 fnt
|faint|p1a: Zoroark
|
|win|caesurak
|raw|Mckangaroon's rating: 1193 &rarr; <strong>1170</strong><br />(-23 for losing)
|raw|caesurak's rating: 1219 &rarr; <strong>1242</strong><br />(+23 for winning)
|l|☆Mckangaroon
|player|p1|
|l|☆caesurak
|player|p2|
