|j|☆gou2
|j|☆jhonss
|t:|1743827598
|gametype|singles
|player|p1|gou2|brawly|1202
|player|p2|jhonss|clown|1247
|teamsize|p1|6
|teamsize|p2|6
|gen|9
|tier|[Gen 9] OU
|rated|
|rule|HP Percentage Mod: HP is shown in percentages
|rule|Endless Battle Clause: Forcing endless battles is banned
|rule|Species Clause: Limit one of each Pokémon
|rule|OHKO Clause: OHKO moves are banned
|rule|Evasion Items Clause: Evasion items are banned
|rule|Evasion Moves Clause: Evasion moves are banned
|rule|Sleep Moves Clause: Sleep-inducing moves are banned
|clearpoke
|poke|p1|Samurott-Hisui, F|
|poke|p1|Gliscor, M|
|poke|p1|Great Tusk|
|poke|p1|Tinkaton, F|
|poke|p1|Dragapult, F|
|poke|p1|Garganacl, F|
|poke|p2|Walking Wake|
|poke|p2|Torkoal, M|
|poke|p2|Lilligant-Hisui, F|
|poke|p2|Great Tusk|
|poke|p2|Thundurus, M|
|poke|p2|Gholdengo|
|teampreview
|inactive|Battle timer is ON: inactive players will automatically lose when time's up. (requested by gou2)
|
|t:|1743827611
|start
|switch|p1a: Great Tusk|Great Tusk|100/100
|switch|p2a: Thundurus|Thundurus, M, shiny|100/100
|turn|1
|
|t:|1743827619
|move|p2a: Thundurus|Sunny Day|p2a: Thundurus
|-weather|SunnyDay
|-activate|p1a: Great Tusk|ability: Protosynthesis
|-start|p1a: Great Tusk|protosynthesisatk
|move|p1a: Great Tusk|Ice Spinner|p2a: Thundurus
|-supereffective|p2a: Thundurus
|-damage|p2a: Thundurus|13/100
|
|-weather|SunnyDay|[upkeep]
|upkeep
|turn|2
|
|t:|1743827631
|move|p1a: Great Tusk|Close Combat|p2a: Thundurus
|-resisted|p2a: Thundurus
|-damage|p2a: Thundurus|0 fnt
|-unboost|p1a: Great Tusk|def|1
|-unboost|p1a: Great Tusk|spd|1
|faint|p2a: Thundurus
|
|-weather|SunnyDay|[upkeep]
|upkeep
|
|t:|1743827638
|switch|p2a: Lilligant|Lilligant-Hisui, F, shiny|100/100
|turn|3
|
|t:|1743827644
|-end|p1a: Great Tusk|Protosynthesis|[silent]
|switch|p1a: Tinkaton|Tinkaton, F, shiny|100/100
|-item|p1a: Tinkaton|Air Balloon
|move|p2a: Lilligant|Solar Blade||[still]
|-prepare|p2a: Lilligant|Solar Blade
|-anim|p2a: Lilligant|Solar Blade|p1a: Tinkaton
|-resisted|p1a: Tinkaton
|-damage|p1a: Tinkaton|51/100
|-enditem|p1a: Tinkaton|Air Balloon
|-enditem|p2a: Lilligant|Life Orb|[silent]|[from] ability: Pickpocket|[of] p2a: Lilligant
|-item|p1a: Tinkaton|Life Orb|[from] ability: Pickpocket|[of] p2a: Lilligant
|
|-weather|SunnyDay|[upkeep]
|upkeep
|turn|4
|
|t:|1743827658
|-terastallize|p2a: Lilligant|Fire
|move|p2a: Lilligant|Tera Blast|p1a: Tinkaton|[anim] Tera Blast Fire
|-supereffective|p1a: Tinkaton
|-damage|p1a: Tinkaton|0 fnt
|faint|p1a: Tinkaton
|
|-weather|SunnyDay|[upkeep]
|upkeep
|
|t:|1743827668
|switch|p1a: Dragapult|Dragapult, F, shiny|100/100
|turn|5
|
|t:|1743827672
|move|p2a: Lilligant|Triple Axel|p1a: Dragapult
|-supereffective|p1a: Dragapult
|-damage|p1a: Dragapult|83/100
|-supereffective|p1a: Dragapult
|-damage|p1a: Dragapult|51/100
|-supereffective|p1a: Dragapult
|-damage|p1a: Dragapult|3/100
|-hitcount|p1a: Dragapult|3
|move|p1a: Dragapult|Draco Meteor|p2a: Lilligant
|-damage|p2a: Lilligant|23/100
|-unboost|p1a: Dragapult|spa|2
|
|-weather|SunnyDay|[upkeep]
|upkeep
|turn|6
|
|t:|1743827685
|switch|p1a: Vichy|Samurott-Hisui, F, shiny|100/100
|move|p2a: Lilligant|Tera Blast|p1a: Vichy|[anim] Tera Blast Fire
|-resisted|p1a: Vichy
|-damage|p1a: Vichy|64/100
|
|-weather|SunnyDay|[upkeep]
|upkeep
|turn|7
|
|t:|1743827694
|move|p1a: Vichy|Sucker Punch|p2a: Lilligant
|-damage|p2a: Lilligant|0 fnt
|faint|p2a: Lilligant
|
|-weather|SunnyDay|[upkeep]
|upkeep
|
|t:|1743827698
|switch|p2a: Walking Wake|Walking Wake|100/100
|-activate|p2a: Walking Wake|ability: Protosynthesis
|-start|p2a: Walking Wake|protosynthesisspe
|turn|8
|
|t:|1743827716
|move|p2a: Walking Wake|Draco Meteor|p1a: Vichy
|-damage|p1a: Vichy|0 fnt
|-unboost|p2a: Walking Wake|spa|2
|faint|p1a: Vichy
|
|-weather|none
|-end|p2a: Walking Wake|Protosynthesis
|upkeep
|
|t:|1743827736
|switch|p1a: Garganacl|Garganacl, F, shiny|100/100
|turn|9
|
|t:|1743827743
|-end|p2a: Walking Wake|Protosynthesis|[silent]
|switch|p2a: Torkoal|Torkoal, M|100/100
|-weather|SunnyDay|[from] ability: Drought|[of] p2a: Torkoal
|-terastallize|p1a: Garganacl|Fairy
|move|p1a: Garganacl|Salt Cure|p2a: Torkoal
|-supereffective|p2a: Torkoal
|-damage|p2a: Torkoal|83/100
|-start|p2a: Torkoal|Salt Cure
|
|-weather|SunnyDay|[upkeep]
|-damage|p2a: Torkoal|71/100|[from] Salt Cure
|upkeep
|turn|10
|
|t:|1743827756
|move|p1a: Garganacl|Salt Cure|p2a: Torkoal
|-supereffective|p2a: Torkoal
|-damage|p2a: Torkoal|54/100
|move|p2a: Torkoal|Stealth Rock|p1a: Garganacl
|-sidestart|p1: gou2|move: Stealth Rock
|
|-weather|SunnyDay|[upkeep]
|-damage|p2a: Torkoal|42/100|[from] Salt Cure
|upkeep
|turn|11
|
|t:|1743827765
|switch|p2a: Gholdengo|Gholdengo, shiny|100/100
|move|p1a: Garganacl|Curse|p1a: Garganacl
|-unboost|p1a: Garganacl|spe|1
|-boost|p1a: Garganacl|atk|1
|-boost|p1a: Garganacl|def|1
|
|-weather|SunnyDay|[upkeep]
|upkeep
|turn|12
|
|t:|1743827782
|switch|p1a: Yamcha|Gliscor, M|100/100
|-damage|p1a: Yamcha|88/100|[from] Stealth Rock
|move|p2a: Gholdengo|Trick|p1a: Yamcha
|-activate|p2a: Gholdengo|move: Trick|[of] p1a: Yamcha
|-item|p1a: Yamcha|Choice Scarf|[from] move: Trick
|-item|p2a: Gholdengo|Toxic Orb|[from] move: Trick
|
|-weather|SunnyDay|[upkeep]
|upkeep
|turn|13
|
|t:|1743827792
|switch|p2a: Walking Wake|Walking Wake|100/100
|-activate|p2a: Walking Wake|ability: Protosynthesis
|-start|p2a: Walking Wake|protosynthesisspe
|move|p1a: Yamcha|Earthquake|p2a: Walking Wake
|-damage|p2a: Walking Wake|66/100
|
|-weather|SunnyDay|[upkeep]
|upkeep
|turn|14
|inactive|gou2 has 120 seconds left.
|
|t:|1743827818
|switch|p1a: Dragapult|Dragapult, F, shiny|3/100
|move|p2a: Walking Wake|Hydro Steam|p1a: Dragapult
|-resisted|p1a: Dragapult
|-damage|p1a: Dragapult|0 fnt
|faint|p1a: Dragapult
|
|-weather|SunnyDay|[upkeep]
|upkeep
|inactive|gou2 has 120 seconds left.
|
|t:|1743827824
|switch|p1a: Garganacl|Garganacl, F, shiny, tera:Fairy|100/100
|-damage|p1a: Garganacl|88/100|[from] Stealth Rock
|turn|15
|
|t:|1743827827
|move|p2a: Walking Wake|Hydro Steam|p1a: Garganacl
|-damage|p1a: Garganacl|28/100
|move|p1a: Garganacl|Salt Cure|p2a: Walking Wake
|-damage|p2a: Walking Wake|50/100
|-start|p2a: Walking Wake|Salt Cure
|
|-weather|SunnyDay|[upkeep]
|-heal|p1a: Garganacl|34/100|[from] item: Leftovers
|-damage|p2a: Walking Wake|26/100|[from] Salt Cure
|upkeep
|turn|16
|
|t:|1743827840
|move|p2a: Walking Wake|Hydro Steam|p1a: Garganacl
|-damage|p1a: Garganacl|0 fnt
|faint|p1a: Garganacl
|
|-weather|none
|-end|p2a: Walking Wake|Protosynthesis
|-damage|p2a: Walking Wake|1/100|[from] Salt Cure
|upkeep
|
|t:|1743827850
|switch|p1a: Great Tusk|Great Tusk|100/100
|-damage|p1a: Great Tusk|97/100|[from] Stealth Rock
|turn|17
|
|t:|1743827855
|-end|p2a: Walking Wake|Protosynthesis|[silent]
|switch|p2a: Torkoal|Torkoal, M|42/100
|-weather|SunnyDay|[from] ability: Drought|[of] p2a: Torkoal
|-activate|p1a: Great Tusk|ability: Protosynthesis
|-start|p1a: Great Tusk|protosynthesisatk
|move|p1a: Great Tusk|Rapid Spin|p2a: Torkoal
|-damage|p2a: Torkoal|31/100
|-boost|p1a: Great Tusk|spe|1
|-sideend|p1: gou2|Stealth Rock|[from] move: Rapid Spin|[of] p1a: Great Tusk
|
|-weather|SunnyDay|[upkeep]
|upkeep
|turn|18
|
|t:|1743827868
|move|p1a: Great Tusk|Rapid Spin|p2a: Torkoal
|-crit|p2a: Torkoal
|-damage|p2a: Torkoal|13/100
|-boost|p1a: Great Tusk|spe|1
|move|p2a: Torkoal|Will-O-Wisp|p1a: Great Tusk
|-status|p1a: Great Tusk|brn
|
|-weather|SunnyDay|[upkeep]
|-damage|p1a: Great Tusk|91/100 brn|[from] brn
|upkeep
|turn|19
|
|t:|1743827880
|move|p1a: Great Tusk|Rapid Spin|p2a: Torkoal
|-damage|p2a: Torkoal|8/100
|-boost|p1a: Great Tusk|spe|1
|move|p2a: Torkoal|Lava Plume|p1a: Great Tusk
|-damage|p1a: Great Tusk|42/100 brn
|
|-weather|SunnyDay|[upkeep]
|-damage|p1a: Great Tusk|36/100 brn|[from] brn
|upkeep
|turn|20
|
|t:|1743827886
|move|p1a: Great Tusk|Ice Spinner|p2a: Torkoal
|-resisted|p2a: Torkoal
|-damage|p2a: Torkoal|3/100
|move|p2a: Torkoal|Lava Plume|p1a: Great Tusk
|-damage|p1a: Great Tusk|0 fnt
|faint|p1a: Great Tusk
|-end|p1a: Great Tusk|Protosynthesis|[silent]
|
|-weather|SunnyDay|[upkeep]
|upkeep
|
|t:|1743827896
|switch|p1a: Yamcha|Gliscor, M|88/100
|turn|21
|
|t:|1743827919
|move|p1a: Yamcha|Earthquake|p2a: Torkoal
|-supereffective|p2a: Torkoal
|-damage|p2a: Torkoal|0 fnt
|faint|p2a: Torkoal
|
|-weather|SunnyDay|[upkeep]
|upkeep
|
|t:|1743827922
|switch|p2a: Walking Wake|Walking Wake|1/100
|-activate|p2a: Walking Wake|ability: Protosynthesis
|-start|p2a: Walking Wake|protosynthesisspe
|turn|22
|
|t:|1743827924
|move|p2a: Walking Wake|Hydro Steam|p1a: Yamcha
|-supereffective|p1a: Yamcha
|-damage|p1a: Yamcha|0 fnt
|faint|p1a: Yamcha
|
|win|jhonss
|raw|gou2's rating: 1202 &rarr; <strong>1180</strong><br />(-22 for losing)
|raw|jhonss's rating: 1247 &rarr; <strong>1269</strong><br />(+22 for winning)
|l|☆gou2
|player|p1|
|l|☆jhonss
|player|p2|
