|j|☆theowlbrett
|j|☆ArmyOfBrachydios
|t:|1743798572
|gametype|singles
|player|p1|theowlbrett|crasherwake|1498
|player|p2|ArmyOfBrachydios|266|1484
|teamsize|p1|6
|teamsize|p2|6
|gen|9
|tier|[Gen 9] OU
|rated|
|rule|HP Percentage Mod: HP is shown in percentages
|rule|Endless Battle Clause: Forcing endless battles is banned
|rule|Species Clause: Limit one of each Pokémon
|rule|OHKO Clause: OHKO moves are banned
|rule|Evasion Items Clause: Evasion items are banned
|rule|Evasion Moves Clause: Evasion moves are banned
|rule|Sleep Moves Clause: Sleep-inducing moves are banned
|clearpoke
|poke|p1|Gliscor, F|
|poke|p1|Meowscarada, F|
|poke|p1|Ursaluna, F|
|poke|p1|Skarmory, M|
|poke|p1|Dragapult, M|
|poke|p1|Slowking-Galar, F|
|poke|p2|Skeledirge, F|
|poke|p2|Garchomp, M|
|poke|p2|Quaquaval, M|
|poke|p2|Corviknight, M|
|poke|p2|Galvantula, M|
|poke|p2|Glimmora, F|
|teampreview
|
|t:|1743798584
|start
|switch|p1a: Gliscor|Gliscor, F|100/100
|switch|p2a: Galvantula|Galvantula, M|100/100
|turn|1
|
|t:|1743798587
|move|p2a: Galvantula|Sticky Web|p1a: Gliscor
|-sidestart|p1: theowlbrett|move: Sticky Web
|move|p1a: Gliscor|Swords Dance|p1a: Gliscor
|-boost|p1a: Gliscor|atk|2
|
|-status|p1a: Gliscor|tox|[from] item: Toxic Orb
|upkeep
|turn|2
|
|t:|1743798590
|move|p2a: Galvantula|Giga Drain|p1a: Gliscor
|-damage|p1a: Gliscor|76/100 tox
|move|p1a: Gliscor|Facade|p2a: Galvantula
|-enditem|p2a: Galvantula|Focus Sash
|-damage|p2a: Galvantula|1/100
|
|-heal|p1a: Gliscor|89/100 tox|[from] ability: Poison Heal
|upkeep
|turn|3
|
|t:|1743798594
|move|p1a: Gliscor|Protect|p1a: Gliscor
|-singleturn|p1a: Gliscor|Protect
|move|p2a: Galvantula|Giga Drain|p1a: Gliscor
|-activate|p1a: Gliscor|move: Protect
|
|-heal|p1a: Gliscor|100/100 tox|[from] ability: Poison Heal
|upkeep
|turn|4
|
|t:|1743798597
|move|p2a: Galvantula|Giga Drain|p1a: Gliscor
|-damage|p1a: Gliscor|74/100 tox
|-heal|p2a: Galvantula|18/100|[from] drain|[of] p1a: Gliscor
|move|p1a: Gliscor|Swords Dance|p1a: Gliscor
|-boost|p1a: Gliscor|atk|2
|
|-heal|p1a: Gliscor|87/100 tox|[from] ability: Poison Heal
|upkeep
|turn|5
|
|t:|1743798604
|move|p2a: Galvantula|Giga Drain|p1a: Gliscor
|-damage|p1a: Gliscor|59/100 tox
|-heal|p2a: Galvantula|35/100|[from] drain|[of] p1a: Gliscor
|move|p1a: Gliscor|Facade|p2a: Galvantula
|-damage|p2a: Galvantula|0 fnt
|faint|p2a: Galvantula
|
|-heal|p1a: Gliscor|72/100 tox|[from] ability: Poison Heal
|upkeep
|
|t:|1743798613
|switch|p2a: Quaquaval|Quaquaval, M|100/100
|turn|6
|
|t:|1743798617
|move|p2a: Quaquaval|Ice Spinner|p1a: Gliscor
|-supereffective|p1a: Gliscor
|-damage|p1a: Gliscor|0 fnt
|faint|p1a: Gliscor
|-ability|p2a: Quaquaval|Moxie|boost
|-boost|p2a: Quaquaval|atk|1
|-damage|p2a: Quaquaval|91/100|[from] item: Life Orb
|
|upkeep
|
|t:|1743798621
|switch|p1a: Meowscarada|Meowscarada, F|100/100
|turn|7
|
|t:|1743798630
|switch|p2a: Skeledirge|Skeledirge, F|100/100
|move|p1a: Meowscarada|U-turn|p2a: Skeledirge
|-start|p1a: Meowscarada|typechange|Bug|[from] ability: Protean
|-resisted|p2a: Skeledirge
|-damage|p2a: Skeledirge|93/100
|
|t:|1743798633
|switch|p1a: Ursaluna|Ursaluna, F|100/100|[from] U-turn
|
|-heal|p2a: Skeledirge|99/100|[from] item: Leftovers
|upkeep
|turn|8
|
|t:|1743798637
|move|p2a: Skeledirge|Torch Song|p1a: Ursaluna
|-damage|p1a: Ursaluna|71/100
|-boost|p2a: Skeledirge|spa|1
|move|p1a: Ursaluna|Headlong Rush|p2a: Skeledirge
|-supereffective|p2a: Skeledirge
|-damage|p2a: Skeledirge|0 fnt
|-unboost|p1a: Ursaluna|def|1
|-unboost|p1a: Ursaluna|spd|1
|faint|p2a: Skeledirge
|
|upkeep
|
|t:|1743798641
|switch|p2a: Garchomp|Garchomp, M|100/100
|turn|9
|
|t:|1743798648
|-terastallize|p2a: Garchomp|Dragon
|move|p2a: Garchomp|Scale Shot|p1a: Ursaluna
|-damage|p1a: Ursaluna|52/100
|-damage|p1a: Ursaluna|34/100
|-damage|p1a: Ursaluna|15/100
|-damage|p1a: Ursaluna|0 fnt
|faint|p1a: Ursaluna
|-hitcount|p1: Ursaluna|4
|-unboost|p2a: Garchomp|def|1
|-boost|p2a: Garchomp|spe|1
|
|upkeep
|
|t:|1743798653
|switch|p1a: Skarmory|Skarmory, M|100/100
|turn|10
|
|t:|1743798658
|move|p2a: Garchomp|Swords Dance|p2a: Garchomp
|-boost|p2a: Garchomp|atk|2
|move|p1a: Skarmory|Stealth Rock|p2a: Garchomp
|-sidestart|p2: ArmyOfBrachydios|move: Stealth Rock
|
|upkeep
|turn|11
|
|t:|1743798661
|move|p2a: Garchomp|Scale Shot|p1a: Skarmory
|-resisted|p1a: Skarmory
|-damage|p1a: Skarmory|89/100
|-resisted|p1a: Skarmory
|-damage|p1a: Skarmory|79/100
|-resisted|p1a: Skarmory
|-damage|p1a: Skarmory|69/100
|-resisted|p1a: Skarmory
|-damage|p1a: Skarmory|59/100
|-resisted|p1a: Skarmory
|-crit|p1a: Skarmory
|-damage|p1a: Skarmory|44/100
|-hitcount|p1a: Skarmory|5
|-unboost|p2a: Garchomp|def|1
|-boost|p2a: Garchomp|spe|1
|move|p1a: Skarmory|Whirlwind|p2a: Garchomp
|drag|p2a: Quaquaval|Quaquaval, M|91/100
|-damage|p2a: Quaquaval|84/100|[from] Stealth Rock
|
|upkeep
|turn|12
|
|t:|1743798673
|move|p2a: Quaquaval|Close Combat|p1a: Skarmory
|-damage|p1a: Skarmory|0 fnt
|-unboost|p2a: Quaquaval|def|1
|-unboost|p2a: Quaquaval|spd|1
|-damage|p2a: Quaquaval|68/100|[from] item: Rocky Helmet|[of] p1a: Skarmory
|faint|p1a: Skarmory
|-ability|p2a: Quaquaval|Moxie|boost
|-boost|p2a: Quaquaval|atk|1
|-damage|p2a: Quaquaval|58/100|[from] item: Life Orb
|
|upkeep
|
|t:|1743798676
|switch|p1a: Dragapult|Dragapult, M|100/100
|turn|13
|
|t:|1743798683
|switch|p2a: Corviknight|Corviknight, M|100/100
|-damage|p2a: Corviknight|88/100|[from] Stealth Rock
|move|p1a: Dragapult|Draco Meteor|p2a: Corviknight
|-resisted|p2a: Corviknight
|-damage|p2a: Corviknight|70/100
|-unboost|p1a: Dragapult|spa|2
|
|-heal|p2a: Corviknight|76/100|[from] item: Leftovers
|upkeep
|turn|14
|
|t:|1743798688
|move|p1a: Dragapult|Will-O-Wisp|p2a: Corviknight
|-status|p2a: Corviknight|brn
|move|p2a: Corviknight|Bulk Up|p2a: Corviknight
|-boost|p2a: Corviknight|atk|1
|-boost|p2a: Corviknight|def|1
|
|-heal|p2a: Corviknight|82/100 brn|[from] item: Leftovers
|-damage|p2a: Corviknight|76/100 brn|[from] brn
|upkeep
|turn|15
|
|t:|1743798691
|move|p1a: Dragapult|U-turn|p2a: Corviknight
|-resisted|p2a: Corviknight
|-crit|p2a: Corviknight
|-damage|p2a: Corviknight|71/100 brn
|
|t:|1743798694
|switch|p1a: Slowking|Slowking-Galar, F|100/100|[from] U-turn
|move|p2a: Corviknight|Bulk Up|p2a: Corviknight
|-boost|p2a: Corviknight|atk|1
|-boost|p2a: Corviknight|def|1
|
|-heal|p2a: Corviknight|78/100 brn|[from] item: Leftovers
|-damage|p2a: Corviknight|71/100 brn|[from] brn
|upkeep
|turn|16
|
|t:|1743798713
|move|p2a: Corviknight|Bulk Up|p2a: Corviknight
|-boost|p2a: Corviknight|atk|1
|-boost|p2a: Corviknight|def|1
|move|p1a: Slowking|Thunder Wave||[still]
|-fail|p1a: Slowking
|
|-heal|p2a: Corviknight|78/100 brn|[from] item: Leftovers
|-damage|p2a: Corviknight|71/100 brn|[from] brn
|upkeep
|turn|17
|
|t:|1743798717
|move|p2a: Corviknight|Bulk Up|p2a: Corviknight
|-boost|p2a: Corviknight|atk|1
|-boost|p2a: Corviknight|def|1
|move|p1a: Slowking|Psychic Noise|p2a: Corviknight
|-resisted|p2a: Corviknight
|-damage|p2a: Corviknight|62/100 brn
|-start|p2a: Corviknight|move: Heal Block
|
|-damage|p2a: Corviknight|56/100 brn|[from] brn
|upkeep
|turn|18
|
|t:|1743798721
|move|p2a: Corviknight|Brave Bird|p1a: Slowking
|-damage|p1a: Slowking|47/100
|-damage|p2a: Corviknight|39/100 brn|[from] Recoil
|-prepare|p1a: Slowking|Chilly Reception|[premajor]
|move|p1a: Slowking|Chilly Reception|p1a: Slowking
|-weather|Snowscape
|
|t:|1743798724
|switch|p1a: Dragapult|Dragapult, M|100/100|[from] Chilly Reception
|
|-weather|Snowscape|[upkeep]
|-damage|p2a: Corviknight|32/100 brn|[from] brn
|-end|p2a: Corviknight|move: Heal Block
|upkeep
|turn|19
|
|t:|1743798727
|move|p1a: Dragapult|Hex|p2a: Corviknight
|-damage|p2a: Corviknight|0 fnt
|faint|p2a: Corviknight
|
|-weather|Snowscape|[upkeep]
|upkeep
|
|t:|1743798738
|switch|p2a: Glimmora|Glimmora, F|100/100
|-damage|p2a: Glimmora|88/100|[from] Stealth Rock
|-item|p2a: Glimmora|Air Balloon
|turn|20
|
|t:|1743798742
|move|p1a: Dragapult|U-turn|p2a: Glimmora
|-resisted|p2a: Glimmora
|-damage|p2a: Glimmora|77/100
|-activate|p2a: Glimmora|ability: Toxic Debris
|-sidestart|p1: theowlbrett|move: Toxic Spikes
|-enditem|p2a: Glimmora|Air Balloon
|
|t:|1743798744
|switch|p1a: Slowking|Slowking-Galar, F|80/100|[from] U-turn
|-sideend|p1: theowlbrett|move: Toxic Spikes|[of] p1a: Slowking
|move|p2a: Glimmora|Mortal Spin|p1a: Slowking
|-resisted|p1a: Slowking
|-damage|p1a: Slowking|77/100
|-sideend|p2: ArmyOfBrachydios|Stealth Rock|[from] move: Mortal Spin|[of] p2a: Glimmora
|
|-weather|Snowscape|[upkeep]
|upkeep
|turn|21
|
|t:|1743798749
|move|p2a: Glimmora|Earth Power|p1a: Slowking
|-supereffective|p1a: Slowking
|-damage|p1a: Slowking|43/100
|move|p1a: Slowking|Psychic Noise|p2a: Glimmora
|-supereffective|p2a: Glimmora
|-damage|p2a: Glimmora|0 fnt
|faint|p2a: Glimmora
|
|-weather|Snowscape|[upkeep]
|upkeep
|
|t:|1743798756
|switch|p2a: Quaquaval|Quaquaval, M|58/100
|turn|22
|
|t:|1743798761
|-terastallize|p1a: Slowking|Water
|move|p2a: Quaquaval|Aqua Step|p1a: Slowking
|-resisted|p1a: Slowking
|-damage|p1a: Slowking|17/100
|-boost|p2a: Quaquaval|spe|1
|-damage|p2a: Quaquaval|48/100|[from] item: Life Orb
|move|p1a: Slowking|Psychic Noise|p2a: Quaquaval
|-supereffective|p2a: Quaquaval
|-damage|p2a: Quaquaval|0 fnt
|faint|p2a: Quaquaval
|
|-weather|none
|upkeep
|
|t:|1743798763
|switch|p2a: Garchomp|Garchomp, M, tera:Dragon|100/100
|turn|23
|
|t:|1743798768
|move|p2a: Garchomp|Scale Shot|p1a: Slowking
|-damage|p1a: Slowking|0 fnt
|faint|p1a: Slowking
|-hitcount|p1: Slowking|1
|-unboost|p2a: Garchomp|def|1
|-boost|p2a: Garchomp|spe|1
|
|upkeep
|
|t:|1743798772
|switch|p1a: Meowscarada|Meowscarada, F|100/100
|turn|24
|
|t:|1743798774
|move|p2a: Garchomp|Scale Shot|p1a: Meowscarada
|-damage|p1a: Meowscarada|71/100
|-damage|p1a: Meowscarada|42/100
|-damage|p1a: Meowscarada|14/100
|-crit|p1a: Meowscarada
|-damage|p1a: Meowscarada|0 fnt
|faint|p1a: Meowscarada
|-hitcount|p1: Meowscarada|4
|-unboost|p2a: Garchomp|def|1
|-boost|p2a: Garchomp|spe|1
|
|upkeep
|
|t:|1743798779
|switch|p1a: Dragapult|Dragapult, M|100/100
|turn|25
|
|t:|1743798781
|move|p2a: Garchomp|Scale Shot|p1a: Dragapult
|-supereffective|p1a: Dragapult
|-damage|p1a: Dragapult|55/100
|-supereffective|p1a: Dragapult
|-damage|p1a: Dragapult|7/100
|-supereffective|p1a: Dragapult
|-damage|p1a: Dragapult|0 fnt
|faint|p1a: Dragapult
|-hitcount|p1: Dragapult|3
|
|win|ArmyOfBrachydios
|raw|theowlbrett's rating: 1498 &rarr; <strong>1477</strong><br />(-21 for losing)
|raw|ArmyOfBrachydios's rating: 1484 &rarr; <strong>1505</strong><br />(+21 for winning)
|l|☆theowlbrett
|player|p1|
|l|☆ArmyOfBrachydios
|player|p2|
