|j|☆weird mon
|j|☆Golisopod Enjoyer
|t:|1743936260
|gametype|singles
|player|p1|weird mon|battlegirl-gen4|1654
|player|p2|Golisopod Enjoyer|2|1762
|teamsize|p1|6
|teamsize|p2|6
|gen|9
|tier|[Gen 9] OU
|rated|
|rule|HP Percentage Mod: HP is shown in percentages
|rule|Endless Battle Clause: Forcing endless battles is banned
|rule|Species Clause: Limit one of each Pokémon
|rule|OHKO Clause: OHKO moves are banned
|rule|Evasion Items Clause: Evasion items are banned
|rule|Evasion Moves Clause: Evasion moves are banned
|rule|Sleep Moves Clause: Sleep-inducing moves are banned
|clearpoke
|poke|p1|Araquanid, M|
|poke|p1|Pecharunt|
|poke|p1|Moltres-Galar|
|poke|p1|Great Tusk|
|poke|p1|Kingambit, F|
|poke|p1|Iron Valiant|
|poke|p2|Iron Crown|
|poke|p2|Samurott-Hisui, F|
|poke|p2|Moltres|
|poke|p2|Scizor, F|
|poke|p2|Great Tusk|
|poke|p2|Pecharunt|
|teampreview
|j| hbaichi
|
|t:|1743936271
|start
|switch|p1a: Araquanid|Araquanid, M|100/100
|switch|p2a: Scizor|Scizor, F|100/100
|turn|1
|l| hbaichi
|
|t:|1743936276
|move|p2a: Scizor|Knock Off|p1a: Araquanid
|-damage|p1a: Araquanid|42/100
|-enditem|p1a: Araquanid|Custap Berry|[from] move: Knock Off|[of] p2a: Scizor
|move|p1a: Araquanid|Sticky Web|p2a: Scizor
|-sidestart|p2: Golisopod Enjoyer|move: Sticky Web
|
|upkeep
|turn|2
|
|t:|1743936280
|move|p2a: Scizor|Knock Off|p1a: Araquanid
|-damage|p1a: Araquanid|3/100
|move|p1a: Araquanid|Surf|p2a: Scizor
|-damage|p2a: Scizor|53/100
|
|upkeep
|turn|3
|
|t:|1743936285
|move|p2a: Scizor|Knock Off|p1a: Araquanid
|-damage|p1a: Araquanid|0 fnt
|faint|p1a: Araquanid
|
|upkeep
|j| Sanesa8724
|
|t:|1743936293
|switch|p1a: Moltres|Moltres-Galar|100/100
|turn|4
|
|t:|1743936307
|switch|p2a: Pecharunt|Pecharunt|100/100
|move|p1a: Moltres|Fiery Wrath|p2a: Pecharunt
|-supereffective|p2a: Pecharunt
|-damage|p2a: Pecharunt|43/100
|
|upkeep
|turn|5
|
|t:|1743936312
|switch|p2a: Samurott|Samurott-Hisui, F|100/100
|-activate|p2a: Samurott|move: Sticky Web
|-unboost|p2a: Samurott|spe|1
|move|p1a: Moltres|Fiery Wrath|p2a: Samurott
|-resisted|p2a: Samurott
|-damage|p2a: Samurott|85/100
|
|upkeep
|turn|6
|
|t:|1743936317
|move|p1a: Moltres|Nasty Plot|p1a: Moltres
|-boost|p1a: Moltres|spa|2
|move|p2a: Samurott|Knock Off|p1a: Moltres
|-resisted|p1a: Moltres
|-damage|p1a: Moltres|83/100
|-enditem|p1a: Moltres|Sitrus Berry|[from] move: Knock Off|[of] p2a: Samurott
|
|upkeep
|turn|7
|
|t:|1743936322
|move|p1a: Moltres|Hurricane|p2a: Samurott|[miss]
|-miss|p1a: Moltres|p2a: Samurott
|move|p2a: Samurott|Flip Turn|p1a: Moltres
|-damage|p1a: Moltres|61/100
|
|t:|1743936332
|switch|p2a: Iron Crown|Iron Crown|100/100|[from] Flip Turn
|-activate|p2a: Iron Crown|move: Sticky Web
|-unboost|p2a: Iron Crown|spe|1
|-enditem|p2a: Iron Crown|Booster Energy
|-activate|p2a: Iron Crown|ability: Quark Drive|[fromitem]
|-start|p2a: Iron Crown|quarkdrivespa
|
|upkeep
|turn|8
|inactive|Battle timer is ON: inactive players will automatically lose when time's up. (requested by weird mon)
|
|t:|1743936341
|-terastallize|p2a: Iron Crown|Fighting
|move|p1a: Moltres|Fiery Wrath|p2a: Iron Crown
|-resisted|p2a: Iron Crown
|-damage|p2a: Iron Crown|64/100
|move|p2a: Iron Crown|Tachyon Cutter|p1a: Moltres
|-damage|p1a: Moltres|38/100
|-damage|p1a: Moltres|18/100
|-hitcount|p1a: Moltres|2
|-ability|p1a: Moltres|Berserk|boost
|-boost|p1a: Moltres|spa|1
|
|upkeep
|turn|9
|l| Sanesa8724
|
|t:|1743936360
|move|p1a: Moltres|Fiery Wrath|p2a: Iron Crown
|-resisted|p2a: Iron Crown
|-damage|p2a: Iron Crown|15/100
|move|p2a: Iron Crown|Tachyon Cutter|p1a: Moltres
|-damage|p1a: Moltres|0 fnt
|faint|p1a: Moltres
|-hitcount|p1: Moltres|1
|
|upkeep
|
|t:|1743936378
|switch|p1a: Iron Valiant|Iron Valiant|100/100
|-enditem|p1a: Iron Valiant|Booster Energy
|-activate|p1a: Iron Valiant|ability: Quark Drive|[fromitem]
|-start|p1a: Iron Valiant|quarkdrivespa
|turn|10
|
|t:|1743936384
|-terastallize|p1a: Iron Valiant|Electric
|move|p1a: Iron Valiant|Calm Mind|p1a: Iron Valiant
|-boost|p1a: Iron Valiant|spa|1
|-boost|p1a: Iron Valiant|spd|1
|move|p2a: Iron Crown|Tachyon Cutter|p1a: Iron Valiant
|-resisted|p1a: Iron Valiant
|-damage|p1a: Iron Valiant|84/100
|-resisted|p1a: Iron Valiant
|-damage|p1a: Iron Valiant|67/100
|-hitcount|p1a: Iron Valiant|2
|
|upkeep
|turn|11
|
|t:|1743936394
|move|p1a: Iron Valiant|Moonblast|p2a: Iron Crown
|-supereffective|p2a: Iron Crown
|-damage|p2a: Iron Crown|0 fnt
|faint|p2a: Iron Crown
|-end|p2a: Iron Crown|Quark Drive|[silent]
|
|upkeep
|
|t:|1743936403
|switch|p2a: Samurott|Samurott-Hisui, F|85/100
|-activate|p2a: Samurott|move: Sticky Web
|-unboost|p2a: Samurott|spe|1
|turn|12
|
|t:|1743936409
|move|p1a: Iron Valiant|Vacuum Wave|p2a: Samurott
|-supereffective|p2a: Samurott
|-damage|p2a: Samurott|26/100
|move|p2a: Samurott|Sucker Punch||[still]
|-fail|p2a: Samurott
|
|upkeep
|turn|13
|
|t:|1743936414
|switch|p2a: Pecharunt|Pecharunt|43/100
|move|p1a: Iron Valiant|Vacuum Wave|p2a: Pecharunt
|-immune|p2a: Pecharunt
|
|upkeep
|turn|14
|
|t:|1743936419
|move|p1a: Iron Valiant|Thunderbolt|p2a: Pecharunt
|-damage|p2a: Pecharunt|0 fnt
|faint|p2a: Pecharunt
|
|upkeep
|
|t:|1743936422
|switch|p2a: Samurott|Samurott-Hisui, F|26/100
|-activate|p2a: Samurott|move: Sticky Web
|-unboost|p2a: Samurott|spe|1
|turn|15
|
|t:|1743936427
|move|p1a: Iron Valiant|Vacuum Wave|p2a: Samurott
|-supereffective|p2a: Samurott
|-damage|p2a: Samurott|0 fnt
|faint|p2a: Samurott
|
|upkeep
|
|t:|1743936429
|switch|p2a: Scizor|Scizor, F|53/100
|-activate|p2a: Scizor|move: Sticky Web
|-unboost|p2a: Scizor|spe|1
|turn|16
|
|t:|1743936432
|move|p2a: Scizor|Bullet Punch|p1a: Iron Valiant
|-resisted|p1a: Iron Valiant
|-damage|p1a: Iron Valiant|36/100
|move|p1a: Iron Valiant|Thunderbolt|p2a: Scizor
|-damage|p2a: Scizor|0 fnt
|faint|p2a: Scizor
|
|upkeep
|-message|Golisopod Enjoyer forfeited.
|
|win|weird mon
|raw|weird mon's rating: 1654 &rarr; <strong>1680</strong><br />(+26 for winning)
|raw|Golisopod Enjoyer's rating: 1762 &rarr; <strong>1736</strong><br />(-26 for losing)
|l|☆Golisopod Enjoyer
|player|p2|
|l|☆weird mon
|player|p1|
