|j|☆tristox1217
|j|☆TheLump
|t:|1743798442
|gametype|singles
|player|p1|tristox1217|cilan|1094
|player|p2|TheLump|101|1093
|teamsize|p1|6
|teamsize|p2|6
|gen|9
|tier|[Gen 9] OU
|rated|
|rule|HP Percentage Mod: HP is shown in percentages
|rule|Endless Battle Clause: Forcing endless battles is banned
|rule|Species Clause: Limit one of each Pokémon
|rule|OHKO Clause: OHKO moves are banned
|rule|Evasion Items Clause: Evasion items are banned
|rule|Evasion Moves Clause: Evasion moves are banned
|rule|Sleep Moves Clause: Sleep-inducing moves are banned
|clearpoke
|poke|p1|Serperior, M|
|poke|p1|Incineroar, F|
|poke|p1|Araquanid, M|
|poke|p1|Raging Bolt|
|poke|p1|Espeon, F|
|poke|p1|Great Tusk|
|poke|p2|Venomoth, F|
|poke|p2|Victreebel, M|
|poke|p2|Torkoal, M|
|poke|p2|Iron Moth|
|poke|p2|Revavroom, F|
|poke|p2|Swalot, F|
|teampreview
|
|t:|1743798461
|start
|switch|p1a: Roller|Great Tusk, shiny|100/100
|switch|p2a: Swalot|Swalot, F|100/100
|-enditem|p1a: Roller|Booster Energy
|-activate|p1a: Roller|ability: Protosynthesis|[fromitem]
|-start|p1a: Roller|protosynthesisatk
|turn|1
|inactive|Battle timer is ON: inactive players will automatically lose when time's up. (requested by tristox1217)
|
|t:|1743798486
|move|p1a: Roller|Bulk Up|p1a: Roller
|-boost|p1a: Roller|atk|1
|-boost|p1a: Roller|def|1
|move|p2a: Swalot|Ice Beam|p1a: Roller
|-supereffective|p1a: Roller
|-damage|p1a: Roller|50/100
|
|upkeep
|turn|2
|
|t:|1743798496
|switch|p2a: Torkoal|Torkoal, M, shiny|100/100
|-weather|SunnyDay|[from] ability: Drought|[of] p2a: Torkoal
|move|p1a: Roller|High Horsepower|p2a: Torkoal
|-supereffective|p2a: Torkoal
|-crit|p2a: Torkoal
|-damage|p2a: Torkoal|0 fnt
|faint|p2a: Torkoal
|
|-weather|SunnyDay|[upkeep]
|upkeep
|inactive|TheLump has 120 seconds left.
|inactive|TheLump has 90 seconds left.
|
|t:|1743798570
|switch|p2a: Lowi Trusmadi|Victreebel, M|100/100
|turn|3
|
|t:|1743798578
|move|p2a: Lowi Trusmadi|Giga Drain|p1a: Roller
|-supereffective|p1a: Roller
|-damage|p1a: Roller|0 fnt
|faint|p1a: Roller
|-end|p1a: Roller|Protosynthesis|[silent]
|
|-weather|SunnyDay|[upkeep]
|upkeep
|
|t:|1743798588
|switch|p1a: Champ|Incineroar, F|100/100
|-ability|p1a: Champ|Intimidate|boost
|-unboost|p2a: Lowi Trusmadi|atk|1
|turn|4
|inactive|TheLump has 90 seconds left.
|
|t:|1743798607
|move|p1a: Champ|Fake Out|p2a: Lowi Trusmadi
|-damage|p2a: Lowi Trusmadi|81/100
|cant|p2a: Lowi Trusmadi|flinch
|
|-weather|SunnyDay|[upkeep]
|upkeep
|turn|5
|
|t:|1743798629
|-terastallize|p1a: Champ|Fire
|move|p2a: Lowi Trusmadi|Growth|p2a: Lowi Trusmadi
|-boost|p2a: Lowi Trusmadi|atk|2
|-boost|p2a: Lowi Trusmadi|spa|2
|move|p1a: Champ|Fire Punch|p2a: Lowi Trusmadi
|-supereffective|p2a: Lowi Trusmadi
|-damage|p2a: Lowi Trusmadi|0 fnt
|faint|p2a: Lowi Trusmadi
|
|-weather|SunnyDay|[upkeep]
|upkeep
|inactive|TheLump has 90 seconds left.
|
|t:|1743798668
|switch|p2a: Swalot|Swalot, F|100/100
|turn|6
|
|t:|1743798676
|move|p1a: Champ|Fire Punch|p2a: Swalot
|-damage|p2a: Swalot|34/100
|-status|p2a: Swalot|brn
|move|p2a: Swalot|Toxic|p1a: Champ
|-status|p1a: Champ|tox
|
|-weather|SunnyDay|[upkeep]
|-heal|p2a: Swalot|40/100 brn|[from] item: Black Sludge
|-damage|p1a: Champ|94/100 tox|[from] psn
|-damage|p2a: Swalot|34/100 brn|[from] brn
|upkeep
|turn|7
|
|t:|1743798688
|move|p1a: Champ|Fire Punch|p2a: Swalot
|-damage|p2a: Swalot|0 fnt
|faint|p2a: Swalot
|
|-weather|SunnyDay|[upkeep]
|-heal|p1a: Champ|100/100 tox|[from] item: Leftovers
|-damage|p1a: Champ|88/100 tox|[from] psn
|upkeep
|inactive|TheLump has 60 seconds left.
|
|t:|1743798730
|switch|p2a: Revavroom|Revavroom, F|100/100
|turn|8
|
|t:|1743798733
|-terastallize|p2a: Revavroom|Flying
|move|p2a: Revavroom|Shift Gear|p2a: Revavroom
|-boost|p2a: Revavroom|spe|2
|-boost|p2a: Revavroom|atk|1
|move|p1a: Champ|Fire Punch|p2a: Revavroom
|-damage|p2a: Revavroom|21/100
|
|-weather|SunnyDay|[upkeep]
|-heal|p2a: Revavroom|27/100|[from] item: Leftovers
|-heal|p1a: Champ|94/100 tox|[from] item: Leftovers
|-damage|p1a: Champ|76/100 tox|[from] psn
|upkeep
|turn|9
|
|t:|1743798748
|move|p2a: Revavroom|High Horsepower|p1a: Champ
|-supereffective|p1a: Champ
|-damage|p1a: Champ|0 fnt
|faint|p1a: Champ
|
|-weather|none
|-heal|p2a: Revavroom|33/100|[from] item: Leftovers
|upkeep
|
|t:|1743798756
|switch|p1a: Cloudburst|Raging Bolt|100/100
|-enditem|p1a: Cloudburst|Booster Energy
|-activate|p1a: Cloudburst|ability: Protosynthesis|[fromitem]
|-start|p1a: Cloudburst|protosynthesisspa
|turn|10
|inactive|TheLump has 60 seconds left.
|
|t:|1743798787
|move|p1a: Cloudburst|Thunderclap|p2a: Revavroom
|-supereffective|p2a: Revavroom
|-damage|p2a: Revavroom|0 fnt
|faint|p2a: Revavroom
|
|upkeep
|
|t:|1743798790
|switch|p2a: Venomoth|Venomoth, F|100/100
|turn|11
|
|t:|1743798798
|move|p2a: Venomoth|Quiver Dance|p2a: Venomoth
|-boost|p2a: Venomoth|spa|1
|-boost|p2a: Venomoth|spd|1
|-boost|p2a: Venomoth|spe|1
|move|p1a: Cloudburst|Thunder|p2a: Venomoth|[miss]
|-miss|p1a: Cloudburst|p2a: Venomoth
|
|upkeep
|turn|12
|
|t:|1743798816
|-end|p1a: Cloudburst|Protosynthesis|[silent]
|switch|p1a: Spooper|Araquanid, M, shiny|100/100
|move|p2a: Venomoth|Quiver Dance|p2a: Venomoth
|-boost|p2a: Venomoth|spa|1
|-boost|p2a: Venomoth|spd|1
|-boost|p2a: Venomoth|spe|1
|
|upkeep
|turn|13
|
|t:|1743798824
|move|p2a: Venomoth|Sludge Bomb|p1a: Spooper
|-damage|p1a: Spooper|40/100
|move|p1a: Spooper|Rain Dance|p1a: Spooper
|-weather|RainDance
|
|-weather|RainDance|[upkeep]
|upkeep
|turn|14
|
|t:|1743798833
|move|p2a: Venomoth|Sludge Bomb|p1a: Spooper
|-damage|p1a: Spooper|0 fnt
|faint|p1a: Spooper
|
|-weather|RainDance|[upkeep]
|upkeep
|
|t:|1743798843
|switch|p1a: Cloudburst|Raging Bolt|100/100
|turn|15
|
|t:|1743798846
|move|p2a: Venomoth|Sludge Bomb|p1a: Cloudburst
|-damage|p1a: Cloudburst|25/100
|move|p1a: Cloudburst|Thunder|p2a: Venomoth
|-damage|p2a: Venomoth|53/100
|-status|p2a: Venomoth|par
|
|-weather|RainDance|[upkeep]
|-heal|p2a: Venomoth|59/100 par|[from] item: Black Sludge
|upkeep
|turn|16
|
|t:|1743798857
|move|p1a: Cloudburst|Thunderclap||[still]
|-fail|p1a: Cloudburst
|cant|p2a: Venomoth|par
|
|-weather|RainDance|[upkeep]
|-heal|p2a: Venomoth|65/100 par|[from] item: Black Sludge
|upkeep
|turn|17
|
|t:|1743798866
|move|p1a: Cloudburst|Thunderclap||[still]
|-fail|p1a: Cloudburst
|move|p2a: Venomoth|Quiver Dance|p2a: Venomoth
|-boost|p2a: Venomoth|spa|1
|-boost|p2a: Venomoth|spd|1
|-boost|p2a: Venomoth|spe|1
|
|-weather|RainDance|[upkeep]
|-heal|p2a: Venomoth|71/100 par|[from] item: Black Sludge
|upkeep
|turn|18
|
|t:|1743798880
|move|p2a: Venomoth|Quiver Dance|p2a: Venomoth
|-boost|p2a: Venomoth|spa|1
|-boost|p2a: Venomoth|spd|1
|-boost|p2a: Venomoth|spe|1
|move|p1a: Cloudburst|Thunder|p2a: Venomoth
|-damage|p2a: Venomoth|39/100 par
|
|-weather|RainDance|[upkeep]
|-heal|p2a: Venomoth|45/100 par|[from] item: Black Sludge
|upkeep
|turn|19
|
|t:|1743798891
|move|p1a: Cloudburst|Thunderclap||[still]
|-fail|p1a: Cloudburst
|move|p2a: Venomoth|Quiver Dance|p2a: Venomoth
|-boost|p2a: Venomoth|spa|1
|-boost|p2a: Venomoth|spd|1
|-boost|p2a: Venomoth|spe|1
|
|-weather|RainDance|[upkeep]
|-heal|p2a: Venomoth|51/100 par|[from] item: Black Sludge
|upkeep
|turn|20
|
|t:|1743798900
|cant|p2a: Venomoth|par
|move|p1a: Cloudburst|Thunder|p2a: Venomoth
|-damage|p2a: Venomoth|21/100 par
|
|-weather|none
|-heal|p2a: Venomoth|27/100 par|[from] item: Black Sludge
|upkeep
|turn|21
|
|t:|1743798912
|move|p1a: Cloudburst|Thunderclap||[still]
|-fail|p1a: Cloudburst
|cant|p2a: Venomoth|par
|
|-heal|p2a: Venomoth|33/100 par|[from] item: Black Sludge
|upkeep
|turn|22
|
|t:|1743798922
|move|p1a: Cloudburst|Thunderclap||[still]
|-fail|p1a: Cloudburst
|move|p2a: Venomoth|Morning Sun|p2a: Venomoth
|-heal|p2a: Venomoth|83/100 par
|
|-heal|p2a: Venomoth|89/100 par|[from] item: Black Sludge
|upkeep
|turn|23
|
|t:|1743798932
|move|p1a: Cloudburst|Thunderclap||[still]
|-fail|p1a: Cloudburst
|move|p2a: Venomoth|Quiver Dance|p2a: Venomoth
|-boost|p2a: Venomoth|spa|1
|-boost|p2a: Venomoth|spd|1
|-boost|p2a: Venomoth|spe|1
|
|-heal|p2a: Venomoth|95/100 par|[from] item: Black Sludge
|upkeep
|turn|24
|
|t:|1743798942
|move|p1a: Cloudburst|Thunderclap||[still]
|-fail|p1a: Cloudburst
|move|p2a: Venomoth|Quiver Dance|p2a: Venomoth
|-boost|p2a: Venomoth|spa|0
|-boost|p2a: Venomoth|spd|0
|-boost|p2a: Venomoth|spe|0
|
|-heal|p2a: Venomoth|100/100 par|[from] item: Black Sludge
|upkeep
|turn|25
|
|t:|1743798953
|cant|p2a: Venomoth|par
|move|p1a: Cloudburst|Thunder|p2a: Venomoth|[miss]
|-miss|p1a: Cloudburst|p2a: Venomoth
|
|upkeep
|turn|26
|
|t:|1743798959
|move|p2a: Venomoth|Sludge Bomb|p1a: Cloudburst
|-damage|p1a: Cloudburst|0 fnt
|faint|p1a: Cloudburst
|-end|p1a: Cloudburst|Protosynthesis|[silent]
|
|upkeep
|
|t:|1743798964
|switch|p1a: Gem|Espeon, F|100/100
|turn|27
|
|t:|1743798969
|cant|p2a: Venomoth|par
|move|p1a: Gem|Psychic|p2a: Venomoth
|-supereffective|p2a: Venomoth
|-damage|p2a: Venomoth|70/100 par
|
|-heal|p2a: Venomoth|76/100 par|[from] item: Black Sludge
|upkeep
|turn|28
|
|t:|1743798978
|cant|p2a: Venomoth|par
|move|p1a: Gem|Psychic|p2a: Venomoth
|-supereffective|p2a: Venomoth
|-damage|p2a: Venomoth|45/100 par
|
|-heal|p2a: Venomoth|51/100 par|[from] item: Black Sludge
|upkeep
|turn|29
|
|t:|1743798985
|move|p2a: Venomoth|Bug Buzz|p1a: Gem
|-supereffective|p1a: Gem
|-damage|p1a: Gem|0 fnt
|faint|p1a: Gem
|
|-heal|p2a: Venomoth|57/100 par|[from] item: Black Sludge
|upkeep
|
|t:|1743798992
|switch|p1a: James|Serperior, M|100/100
|turn|30
|
|t:|1743798999
|move|p2a: Venomoth|Sludge Bomb|p1a: James
|-supereffective|p1a: James
|-damage|p1a: James|0 fnt
|faint|p1a: James
|
|win|TheLump
|raw|tristox1217's rating: 1094 &rarr; <strong>1070</strong><br />(-24 for losing)
|raw|TheLump's rating: 1093 &rarr; <strong>1119</strong><br />(+26 for winning)
|l|☆tristox1217
|player|p1|
|l|☆TheLump
|player|p2|
