|j|☆verguetta
|j|☆ari5509
|t:|1743865129
|gametype|singles
|player|p1|verguetta|266|1389
|player|p2|ari5509|gardenia-masters|1429
|teamsize|p1|6
|teamsize|p2|6
|gen|9
|tier|[Gen 9] OU
|rated|
|rule|HP Percentage Mod: HP is shown in percentages
|rule|Endless Battle Clause: Forcing endless battles is banned
|rule|Species Clause: Limit one of each Pokémon
|rule|OHKO Clause: OHKO moves are banned
|rule|Evasion Items Clause: Evasion items are banned
|rule|Evasion Moves Clause: Evasion moves are banned
|rule|Sleep Moves Clause: Sleep-inducing moves are banned
|clearpoke
|poke|p1|Ursaluna, F|
|poke|p1|Alomomola, M|
|poke|p1|Slowking-Galar, F|
|poke|p1|Cinderace, F|
|poke|p1|Kingambit, M|
|poke|p1|Darkrai|
|poke|p2|Samurott-Hisui, F|
|poke|p2|Gliscor, M|
|poke|p2|Great Tusk|
|poke|p2|Tinkaton, F|
|poke|p2|Dragapult, M|
|poke|p2|Garganacl, M|
|teampreview
|inactive|Battle timer is ON: inactive players will automatically lose when time's up. (requested by ari5509)
|inactive|verguetta has 120 seconds left.
|
|t:|1743865168
|start
|switch|p1a: Cinderace|Cinderace, F|100/100
|switch|p2a: Gliscor|Gliscor, M|100/100
|turn|1
|
|t:|1743865185
|move|p2a: Gliscor|Protect|p2a: Gliscor
|-singleturn|p2a: Gliscor|Protect
|move|p1a: Cinderace|Will-O-Wisp|p2a: Gliscor
|-activate|p2a: Gliscor|move: Protect
|
|-status|p2a: Gliscor|tox|[from] item: Toxic Orb
|upkeep
|turn|2
|
|t:|1743865193
|move|p1a: Cinderace|U-turn|p2a: Gliscor
|-resisted|p2a: Gliscor
|-damage|p2a: Gliscor|93/100 tox
|
|t:|1743865202
|switch|p1a: Alomomola|Alomomola, M|100/100|[from] U-turn
|move|p2a: Gliscor|U-turn|p1a: Alomomola
|-damage|p1a: Alomomola|93/100
|
|t:|1743865209
|switch|p2a: Tinkaton|Tinkaton, F|100/100|[from] U-turn
|-item|p2a: Tinkaton|Air Balloon
|
|upkeep
|turn|3
|
|t:|1743865214
|move|p2a: Tinkaton|Stealth Rock|p1a: Alomomola
|-sidestart|p1: verguetta|move: Stealth Rock
|move|p1a: Alomomola|Flip Turn|p2a: Tinkaton
|-damage|p2a: Tinkaton|83/100
|-enditem|p2a: Tinkaton|Air Balloon
|-enditem|p1a: Alomomola|Heavy-Duty Boots|[silent]|[from] ability: Pickpocket|[of] p1a: Alomomola
|-item|p2a: Tinkaton|Heavy-Duty Boots|[from] ability: Pickpocket|[of] p1a: Alomomola
|
|t:|1743865230
|switch|p1a: Ursaluna|Ursaluna, F|100/100|[from] Flip Turn
|-damage|p1a: Ursaluna|94/100|[from] Stealth Rock
|
|-status|p1a: Ursaluna|brn|[from] item: Flame Orb
|upkeep
|turn|4
|
|t:|1743865242
|move|p2a: Tinkaton|Gigaton Hammer|p1a: Ursaluna
|-damage|p1a: Ursaluna|58/100 brn
|move|p1a: Ursaluna|Facade|p2a: Tinkaton
|-resisted|p2a: Tinkaton
|-damage|p2a: Tinkaton|10/100
|
|-damage|p1a: Ursaluna|52/100 brn|[from] brn
|upkeep
|turn|5
|
|t:|1743865256
|move|p2a: Tinkaton|Knock Off|p1a: Ursaluna
|-damage|p1a: Ursaluna|38/100 brn
|-enditem|p1a: Ursaluna|Flame Orb|[from] move: Knock Off|[of] p2a: Tinkaton
|move|p1a: Ursaluna|Facade|p2a: Tinkaton
|-resisted|p2a: Tinkaton
|-damage|p2a: Tinkaton|0 fnt
|faint|p2a: Tinkaton
|
|-damage|p1a: Ursaluna|32/100 brn|[from] brn
|upkeep
|
|t:|1743865268
|switch|p2a: Great Tusk|Great Tusk|100/100
|turn|6
|
|t:|1743865274
|switch|p1a: Alomomola|Alomomola, M|100/100
|-damage|p1a: Alomomola|88/100|[from] Stealth Rock
|move|p2a: Great Tusk|Rapid Spin|p1a: Alomomola
|-crit|p1a: Alomomola
|-damage|p1a: Alomomola|76/100
|-boost|p2a: Great Tusk|spe|1
|
|upkeep
|turn|7
|
|t:|1743865283
|-end|p2a: Great Tusk|Protosynthesis|[silent]
|switch|p2a: Gliscor|Gliscor, M|93/100 tox
|move|p1a: Alomomola|Scald|p2a: Gliscor
|-supereffective|p2a: Gliscor
|-damage|p2a: Gliscor|69/100 tox
|
|-heal|p2a: Gliscor|81/100 tox|[from] ability: Poison Heal
|upkeep
|turn|8
|
|t:|1743865287
|move|p2a: Gliscor|Toxic|p1a: Alomomola|[miss]
|-miss|p2a: Gliscor|p1a: Alomomola
|move|p1a: Alomomola|Wish|p1a: Alomomola
|
|-heal|p2a: Gliscor|94/100 tox|[from] ability: Poison Heal
|upkeep
|turn|9
|
|t:|1743865294
|switch|p1a: Ursaluna|Ursaluna, F|32/100 brn
|-damage|p1a: Ursaluna|26/100 brn|[from] Stealth Rock
|move|p2a: Gliscor|Toxic||[still]
|-fail|p2a: Gliscor
|
|-heal|p1a: Ursaluna|93/100 brn|[from] move: Wish|[wisher] Alomomola
|-heal|p2a: Gliscor|100/100 tox|[from] ability: Poison Heal
|-damage|p1a: Ursaluna|86/100 brn|[from] brn
|upkeep
|turn|10
|
|t:|1743865307
|move|p2a: Gliscor|Protect|p2a: Gliscor
|-singleturn|p2a: Gliscor|Protect
|move|p1a: Ursaluna|Headlong Rush|p2a: Gliscor
|-activate|p2a: Gliscor|move: Protect
|
|-damage|p1a: Ursaluna|80/100 brn|[from] brn
|upkeep
|turn|11
|
|t:|1743865314
|move|p2a: Gliscor|U-turn|p1a: Ursaluna
|-crit|p1a: Ursaluna
|-damage|p1a: Ursaluna|60/100 brn
|
|t:|1743865317
|switch|p2a: Dragapult|Dragapult, M|100/100|[from] U-turn
|move|p1a: Ursaluna|Facade|p2a: Dragapult
|-immune|p2a: Dragapult
|
|-damage|p1a: Ursaluna|53/100 brn|[from] brn
|upkeep
|turn|12
|
|t:|1743865328
|switch|p1a: Slowking|Slowking-Galar, F|100/100
|move|p2a: Dragapult|U-turn|p1a: Slowking
|-damage|p1a: Slowking|82/100
|
|t:|1743865332
|switch|p2a: Samurott|Samurott-Hisui, F|100/100|[from] U-turn
|
|upkeep
|turn|13
|
|t:|1743865341
|switch|p1a: Cinderace|Cinderace, F|100/100
|move|p2a: Samurott|Ceaseless Edge|p1a: Cinderace
|-damage|p1a: Cinderace|38/100
|-sidestart|p1: verguetta|Spikes
|
|upkeep
|turn|14
|
|t:|1743865352
|move|p1a: Cinderace|Court Change|p1a: Cinderace
|-swapsideconditions
|-activate|p1a: Cinderace|move: Court Change
|move|p2a: Samurott|Ceaseless Edge|p1a: Cinderace|[miss]
|-miss|p2a: Samurott|p1a: Cinderace
|
|upkeep
|turn|15
|
|t:|1743865356
|move|p2a: Samurott|Sucker Punch|p1a: Cinderace
|-damage|p1a: Cinderace|0 fnt
|faint|p1a: Cinderace
|
|upkeep
|
|t:|1743865368
|switch|p1a: Kingambit|Kingambit, M|100/100
|-activate|p1a: Kingambit|ability: Supreme Overlord
|-start|p1a: Kingambit|fallen1|[silent]
|turn|16
|
|t:|1743865375
|move|p2a: Samurott|Aqua Cutter|p1a: Kingambit
|-damage|p1a: Kingambit|59/100
|move|p1a: Kingambit|Swords Dance|p1a: Kingambit
|-boost|p1a: Kingambit|atk|2
|
|-heal|p1a: Kingambit|65/100|[from] item: Leftovers
|upkeep
|turn|17
|
|t:|1743865383
|move|p2a: Samurott|Knock Off|p1a: Kingambit
|-resisted|p1a: Kingambit
|-damage|p1a: Kingambit|47/100
|-enditem|p1a: Kingambit|Leftovers|[from] move: Knock Off|[of] p2a: Samurott
|move|p1a: Kingambit|Iron Head|p2a: Samurott
|-resisted|p2a: Samurott
|-crit|p2a: Samurott
|-damage|p2a: Samurott|10/100
|
|upkeep
|turn|18
|
|t:|1743865390
|move|p2a: Samurott|Sucker Punch|p1a: Kingambit
|-resisted|p1a: Kingambit
|-damage|p1a: Kingambit|35/100
|move|p1a: Kingambit|Sucker Punch||[still]
|-fail|p1a: Kingambit
|
|upkeep
|turn|19
|
|t:|1743865397
|move|p1a: Kingambit|Sucker Punch|p2a: Samurott
|-resisted|p2a: Samurott
|-damage|p2a: Samurott|0 fnt
|faint|p2a: Samurott
|
|upkeep
|
|t:|1743865403
|switch|p2a: Dragapult|Dragapult, M|100/100
|turn|20
|
|t:|1743865407
|move|p1a: Kingambit|Sucker Punch||[still]
|-fail|p1a: Kingambit
|move|p2a: Dragapult|Will-O-Wisp|p1a: Kingambit|[miss]
|-miss|p2a: Dragapult|p1a: Kingambit
|
|upkeep
|turn|21
|
|t:|1743865417
|-end|p1a: Kingambit|fallen1|[silent]
|switch|p1a: Alomomola|Alomomola, M|100/100
|move|p2a: Dragapult|Will-O-Wisp|p1a: Alomomola
|-status|p1a: Alomomola|brn
|
|-damage|p1a: Alomomola|94/100 brn|[from] brn
|upkeep
|turn|22
|
|t:|1743865421
|move|p2a: Dragapult|Hex|p1a: Alomomola
|-damage|p1a: Alomomola|29/100 brn
|move|p1a: Alomomola|Wish|p1a: Alomomola
|
|-damage|p1a: Alomomola|22/100 brn|[from] brn
|upkeep
|turn|23
|
|t:|1743865428
|move|p1a: Alomomola|Protect|p1a: Alomomola
|-singleturn|p1a: Alomomola|Protect
|move|p2a: Dragapult|Draco Meteor|p1a: Alomomola
|-activate|p1a: Alomomola|move: Protect
|
|-heal|p1a: Alomomola|72/100 brn|[from] move: Wish|[wisher] Alomomola
|-damage|p1a: Alomomola|66/100 brn|[from] brn
|upkeep
|turn|24
|
|t:|1743865441
|switch|p1a: Darkrai|Darkrai|100/100
|move|p2a: Dragapult|Hex|p1a: Darkrai
|-resisted|p1a: Darkrai
|-damage|p1a: Darkrai|84/100
|
|upkeep
|turn|25
|
|t:|1743865449
|switch|p2a: Garganacl|Garganacl, M|100/100
|-damage|p2a: Garganacl|88/100|[from] Stealth Rock
|-damage|p2a: Garganacl|76/100|[from] Spikes
|move|p1a: Darkrai|Nasty Plot|p1a: Darkrai
|-boost|p1a: Darkrai|spa|2
|
|-heal|p2a: Garganacl|82/100|[from] item: Leftovers
|upkeep
|turn|26
|
|t:|1743865456
|move|p1a: Darkrai|Dark Pulse|p2a: Garganacl
|-damage|p2a: Garganacl|26/100
|move|p2a: Garganacl|Salt Cure|p1a: Darkrai
|-damage|p1a: Darkrai|67/100
|-start|p1a: Darkrai|Salt Cure
|
|-heal|p2a: Garganacl|32/100|[from] item: Leftovers
|-damage|p1a: Darkrai|54/100|[from] Salt Cure
|upkeep
|turn|27
|
|t:|1743865465
|switch|p2a: Gliscor|Gliscor, M|100/100 tox
|-damage|p2a: Gliscor|88/100 tox|[from] Stealth Rock
|move|p1a: Darkrai|Dark Pulse|p2a: Gliscor
|-damage|p2a: Gliscor|14/100 tox
|
|-heal|p2a: Gliscor|26/100 tox|[from] ability: Poison Heal
|-damage|p1a: Darkrai|42/100|[from] Salt Cure
|upkeep
|turn|28
|
|t:|1743865470
|switch|p1a: Alomomola|Alomomola, M|99/100 brn
|move|p2a: Gliscor|Protect||[still]
|-fail|p2a: Gliscor
|
|-heal|p2a: Gliscor|39/100 tox|[from] ability: Poison Heal
|-damage|p1a: Alomomola|93/100 brn|[from] brn
|upkeep
|turn|29
|
|t:|1743865473
|move|p2a: Gliscor|U-turn|p1a: Alomomola
|-damage|p1a: Alomomola|85/100 brn
|
|t:|1743865476
|switch|p2a: Garganacl|Garganacl, M|32/100|[from] U-turn
|-damage|p2a: Garganacl|20/100|[from] Stealth Rock
|-damage|p2a: Garganacl|8/100|[from] Spikes
|move|p1a: Alomomola|Wish|p1a: Alomomola
|
|-heal|p2a: Garganacl|14/100|[from] item: Leftovers
|-damage|p1a: Alomomola|79/100 brn|[from] brn
|upkeep
|turn|30
|
|t:|1743865480
|move|p1a: Alomomola|Flip Turn|p2a: Garganacl
|-supereffective|p2a: Garganacl
|-damage|p2a: Garganacl|3/100
|
|t:|1743865483
|switch|p1a: Ursaluna|Ursaluna, F|53/100 brn|[from] Flip Turn
|move|p2a: Garganacl|Recover|p2a: Garganacl
|-heal|p2a: Garganacl|53/100
|
|-heal|p1a: Ursaluna|100/100 brn|[from] move: Wish|[wisher] Alomomola
|-heal|p2a: Garganacl|59/100|[from] item: Leftovers
|-damage|p1a: Ursaluna|94/100 brn|[from] brn
|upkeep
|turn|31
|
|t:|1743865491
|-terastallize|p2a: Garganacl|Water
|move|p1a: Ursaluna|Facade|p2a: Garganacl
|-damage|p2a: Garganacl|0 fnt
|faint|p2a: Garganacl
|
|-damage|p1a: Ursaluna|88/100 brn|[from] brn
|upkeep
|
|t:|1743865499
|switch|p2a: Great Tusk|Great Tusk|100/100
|-damage|p2a: Great Tusk|97/100|[from] Stealth Rock
|-damage|p2a: Great Tusk|85/100|[from] Spikes
|turn|32
|
|t:|1743865518
|-terastallize|p1a: Ursaluna|Normal
|move|p2a: Great Tusk|Rapid Spin|p1a: Ursaluna
|-damage|p1a: Ursaluna|75/100 brn
|-boost|p2a: Great Tusk|spe|1
|-sideend|p2: ari5509|Spikes|[from] move: Rapid Spin|[of] p2a: Great Tusk
|-sideend|p2: ari5509|Stealth Rock|[from] move: Rapid Spin|[of] p2a: Great Tusk
|move|p1a: Ursaluna|Facade|p2a: Great Tusk
|-damage|p2a: Great Tusk|0 fnt
|-damage|p1a: Ursaluna|59/100 brn|[from] item: Rocky Helmet|[of] p2a: Great Tusk
|faint|p2a: Great Tusk
|-end|p2a: Great Tusk|Protosynthesis|[silent]
|
|-damage|p1a: Ursaluna|52/100 brn|[from] brn
|upkeep
|
|t:|1743865524
|switch|p2a: Dragapult|Dragapult, M|100/100
|turn|33
|
|t:|1743865530
|switch|p1a: Alomomola|Alomomola, M|100/100 brn
|move|p2a: Dragapult|Draco Meteor|p1a: Alomomola
|-damage|p1a: Alomomola|42/100 brn
|-unboost|p2a: Dragapult|spa|2
|
|-damage|p1a: Alomomola|36/100 brn|[from] brn
|upkeep
|turn|34
|
|t:|1743865537
|move|p2a: Dragapult|U-turn|p1a: Alomomola
|-damage|p1a: Alomomola|27/100 brn
|
|t:|1743865538
|switch|p2a: Gliscor|Gliscor, M|39/100 tox|[from] U-turn
|move|p1a: Alomomola|Flip Turn|p2a: Gliscor
|-supereffective|p2a: Gliscor
|-damage|p2a: Gliscor|25/100 tox
|
|t:|1743865548
|switch|p1a: Ursaluna|Ursaluna, F, tera:Normal|52/100 brn|[from] Flip Turn
|
|-heal|p2a: Gliscor|38/100 tox|[from] ability: Poison Heal
|-damage|p1a: Ursaluna|46/100 brn|[from] brn
|upkeep
|turn|35
|
|t:|1743865561
|move|p2a: Gliscor|Protect|p2a: Gliscor
|-singleturn|p2a: Gliscor|Protect
|move|p1a: Ursaluna|Facade|p2a: Gliscor
|-activate|p2a: Gliscor|move: Protect
|
|-heal|p2a: Gliscor|50/100 tox|[from] ability: Poison Heal
|-damage|p1a: Ursaluna|40/100 brn|[from] brn
|upkeep
|turn|36
|
|t:|1743865567
|move|p2a: Gliscor|Earthquake|p1a: Ursaluna
|-damage|p1a: Ursaluna|13/100 brn
|move|p1a: Ursaluna|Facade|p2a: Gliscor
|-damage|p2a: Gliscor|0 fnt
|faint|p2a: Gliscor
|
|-damage|p1a: Ursaluna|7/100 brn|[from] brn
|upkeep
|
|t:|1743865570
|switch|p2a: Dragapult|Dragapult, M|100/100
|turn|37
|
|t:|1743865574
|move|p2a: Dragapult|U-turn|p1a: Ursaluna
|-damage|p1a: Ursaluna|0 fnt
|faint|p1a: Ursaluna
|
|upkeep
|
|t:|1743865580
|switch|p1a: Slowking|Slowking-Galar, F|100/100
|turn|38
|
|t:|1743865582
|move|p2a: Dragapult|Will-O-Wisp|p1a: Slowking
|-status|p1a: Slowking|brn
|move|p1a: Slowking|Thunder Wave|p2a: Dragapult
|-status|p2a: Dragapult|par
|
|-damage|p1a: Slowking|94/100 brn|[from] brn
|upkeep
|turn|39
|
|t:|1743865588
|move|p2a: Dragapult|Hex|p1a: Slowking
|-supereffective|p1a: Slowking
|-damage|p1a: Slowking|33/100 brn
|-prepare|p1a: Slowking|Chilly Reception|[premajor]
|move|p1a: Slowking|Chilly Reception|p1a: Slowking
|-weather|Snowscape
|
|t:|1743865590
|switch|p1a: Darkrai|Darkrai|42/100|[from] Chilly Reception
|
|-weather|Snowscape|[upkeep]
|upkeep
|turn|40
|
|t:|1743865595
|move|p1a: Darkrai|Dark Pulse|p2a: Dragapult
|-supereffective|p2a: Dragapult
|-damage|p2a: Dragapult|0 fnt
|faint|p2a: Dragapult
|
|win|verguetta
|raw|verguetta's rating: 1389 &rarr; <strong>1411</strong><br />(+22 for winning)
|raw|ari5509's rating: 1429 &rarr; <strong>1407</strong><br />(-22 for losing)
|l|☆ari5509
|player|p2|
