|j|☆Ace Trainer Gdubz
|j|☆jsilva001
|t:|1743918196
|gametype|singles
|player|p1|Ace Trainer Gdubz|riley|1214
|player|p2|jsilva001|265|1164
|teamsize|p1|6
|teamsize|p2|6
|gen|9
|tier|[Gen 9] OU
|rated|
|rule|HP Percentage Mod: HP is shown in percentages
|rule|Endless Battle Clause: Forcing endless battles is banned
|rule|Species Clause: Limit one of each Pokémon
|rule|OHKO Clause: OHKO moves are banned
|rule|Evasion Items Clause: Evasion items are banned
|rule|Evasion Moves Clause: Evasion moves are banned
|rule|Sleep Moves Clause: Sleep-inducing moves are banned
|clearpoke
|poke|p1|Ribombee, F|
|poke|p1|Mew|
|poke|p1|Dragapult, F|
|poke|p1|Dragonite, M|
|poke|p1|Enamorus, F|
|poke|p1|Forretress, F|
|poke|p2|Garganacl, F|
|poke|p2|Landorus-Therian, M|
|poke|p2|Manaphy|
|poke|p2|Staraptor, M|
|poke|p2|Regidrago|
|poke|p2|Gholdengo|
|teampreview
|
|t:|1743918204
|start
|switch|p1a: Buzzladysue|Ribombee, F|100/100
|switch|p2a: Gholdengo|Gholdengo|100/100
|turn|1
|
|t:|1743918227
|move|p2a: Gholdengo|Trick|p1a: Buzzladysue
|-activate|p2a: Gholdengo|move: Trick|[of] p1a: Buzzladysue
|-item|p1a: Buzzladysue|Choice Scarf|[from] move: Trick
|-item|p2a: Gholdengo|Focus Sash|[from] move: Trick
|move|p1a: Buzzladysue|Sticky Web|p2a: Gholdengo
|-sidestart|p2: jsilva001|move: Sticky Web
|
|upkeep
|turn|2
|
|t:|1743918235
|switch|p1a: Hyde|Dragapult, F|100/100
|move|p2a: Gholdengo|Nasty Plot|p2a: Gholdengo
|-boost|p2a: Gholdengo|spa|2
|
|upkeep
|turn|3
|
|t:|1743918244
|-terastallize|p2a: Gholdengo|Steel
|move|p1a: Hyde|Substitute|p1a: Hyde
|-start|p1a: Hyde|Substitute
|-damage|p1a: Hyde|76/100
|move|p2a: Gholdengo|Shadow Ball|p1a: Hyde
|-supereffective|p1a: Hyde
|-end|p1a: Hyde|Substitute
|
|-heal|p1a: Hyde|82/100|[from] item: Leftovers
|upkeep
|turn|4
|
|t:|1743918255
|switch|p1a: Buzzladysue|Ribombee, F|100/100
|move|p2a: Gholdengo|Shadow Ball|p1a: Buzzladysue
|-damage|p1a: Buzzladysue|0 fnt
|faint|p1a: Buzzladysue
|
|upkeep
|
|t:|1743918263
|switch|p1a: L8s|Dragonite, M|100/100
|turn|5
|
|t:|1743918292
|move|p2a: Gholdengo|Shadow Ball|p1a: L8s
|-damage|p1a: L8s|57/100
|-unboost|p1a: L8s|spd|1
|move|p1a: L8s|Earthquake|p2a: Gholdengo
|-supereffective|p2a: Gholdengo
|-damage|p2a: Gholdengo|19/100
|
|upkeep
|turn|6
|inactive|Battle timer is ON: inactive players will automatically lose when time's up. (requested by jsilva001)
|inactive|Ace Trainer Gdubz has 120 seconds left.
|inactive|Ace Trainer Gdubz has 90 seconds left.
|
|t:|1743918371
|move|p2a: Gholdengo|Shadow Ball|p1a: L8s
|-damage|p1a: L8s|0 fnt
|faint|p1a: L8s
|
|upkeep
|
|t:|1743918392
|switch|p1a: Hyde|Dragapult, F|82/100
|turn|7
|
|t:|1743918396
|move|p1a: Hyde|Phantom Force||[still]
|-prepare|p1a: Hyde|Phantom Force
|move|p2a: Gholdengo|Shadow Ball|p1a: Hyde|[miss]
|-miss|p2a: Gholdengo|p1a: Hyde
|
|-heal|p1a: Hyde|88/100|[from] item: Leftovers
|upkeep
|turn|8
|
|t:|1743918413
|switch|p2a: Staraptor|Staraptor, M|100/100
|move|p1a: Hyde|Phantom Force|p2a: Staraptor|[from] lockedmove
|-immune|p2a: Staraptor
|
|-heal|p1a: Hyde|94/100|[from] item: Leftovers
|upkeep
|turn|9
|
|t:|1743918421
|move|p1a: Hyde|Substitute|p1a: Hyde
|-start|p1a: Hyde|Substitute
|-damage|p1a: Hyde|69/100
|move|p2a: Staraptor|Brave Bird|p1a: Hyde
|-end|p1a: Hyde|Substitute
|-damage|p2a: Staraptor|92/100|[from] Recoil|[of] p1a: Hyde
|-damage|p2a: Staraptor|82/100|[from] item: Life Orb
|
|-heal|p1a: Hyde|75/100|[from] item: Leftovers
|upkeep
|turn|10
|
|t:|1743918432
|move|p1a: Hyde|Dragon Dance|p1a: Hyde
|-boost|p1a: Hyde|atk|1
|-boost|p1a: Hyde|spe|1
|move|p2a: Staraptor|Tailwind|p2a: Staraptor
|-sidestart|p2: jsilva001|move: Tailwind
|
|-heal|p1a: Hyde|81/100|[from] item: Leftovers
|upkeep
|turn|11
|inactive|Ace Trainer Gdubz has 120 seconds left.
|
|t:|1743918462
|move|p2a: Staraptor|Brave Bird|p1a: Hyde
|-damage|p1a: Hyde|0 fnt
|faint|p1a: Hyde
|-damage|p2a: Staraptor|55/100|[from] Recoil
|-damage|p2a: Staraptor|45/100|[from] item: Life Orb
|
|upkeep
|inactive|Ace Trainer Gdubz has 120 seconds left.
|
|t:|1743918470
|switch|p1a: SryNotSry|Mew, shiny|100/100
|turn|12
|
|t:|1743918481
|move|p2a: Staraptor|Brave Bird|p1a: SryNotSry
|-damage|p1a: SryNotSry|13/100
|-damage|p2a: Staraptor|14/100|[from] Recoil
|-damage|p2a: Staraptor|4/100|[from] item: Life Orb
|move|p1a: SryNotSry|Fire Spin|p2a: Staraptor
|-damage|p2a: Staraptor|0 fnt
|faint|p2a: Staraptor
|
|-heal|p1a: SryNotSry|19/100|[from] item: Leftovers
|upkeep
|
|t:|1743918498
|switch|p2a: Gholdengo|Gholdengo, tera:Steel|19/100
|-activate|p2a: Gholdengo|move: Sticky Web
|-unboost|p2a: Gholdengo|spe|1
|turn|13
|
|t:|1743918519
|move|p2a: Gholdengo|Make It Rain|p1a: SryNotSry
|-damage|p1a: SryNotSry|0 fnt
|-unboost|p2a: Gholdengo|spa|1
|faint|p1a: SryNotSry
|
|-sideend|p2: jsilva001|move: Tailwind
|upkeep
|
|t:|1743918525
|switch|p1a: Luhyuh|Enamorus, F|100/100
|turn|14
|
|t:|1743918536
|move|p1a: Luhyuh|Mystical Fire|p2a: Gholdengo
|-supereffective|p2a: Gholdengo
|-damage|p2a: Gholdengo|0 fnt
|faint|p2a: Gholdengo
|
|upkeep
|
|t:|1743918547
|switch|p2a: Garganacl|Garganacl, F|100/100
|-activate|p2a: Garganacl|move: Sticky Web
|-unboost|p2a: Garganacl|spe|1
|turn|15
|
|t:|1743918558
|-terastallize|p1a: Luhyuh|Fairy
|move|p1a: Luhyuh|Earth Power|p2a: Garganacl
|-supereffective|p2a: Garganacl
|-damage|p2a: Garganacl|30/100
|move|p2a: Garganacl|Salt Cure|p1a: Luhyuh
|-damage|p1a: Luhyuh|79/100
|-start|p1a: Luhyuh|Salt Cure
|
|-heal|p2a: Garganacl|36/100|[from] item: Leftovers
|-damage|p1a: Luhyuh|66/100|[from] Salt Cure
|upkeep
|turn|16
|
|t:|1743918572
|move|p1a: Luhyuh|Moonblast|p2a: Garganacl
|-damage|p2a: Garganacl|0 fnt
|faint|p2a: Garganacl
|
|-damage|p1a: Luhyuh|54/100|[from] Salt Cure
|upkeep
|
|t:|1743918589
|switch|p2a: Manaphy|Manaphy|100/100
|turn|17
|
|t:|1743918596
|move|p1a: Luhyuh|Moonblast|p2a: Manaphy
|-damage|p2a: Manaphy|38/100
|move|p2a: Manaphy|Surf|p1a: Luhyuh
|-damage|p1a: Luhyuh|3/100
|
|-damage|p1a: Luhyuh|0 fnt|[from] Salt Cure
|faint|p1a: Luhyuh
|upkeep
|-message|Ace Trainer Gdubz forfeited.
|
|win|jsilva001
|raw|Ace Trainer Gdubz's rating: 1214 &rarr; <strong>1185</strong><br />(-29 for losing)
|raw|jsilva001's rating: 1164 &rarr; <strong>1193</strong><br />(+29 for winning)
|l|☆Ace Trainer Gdubz
|player|p1|
|l|☆jsilva001
|player|p2|
