|j|☆Rogart
|j|☆CyndaquilHat
|t:|1743816759
|gametype|singles
|player|p1|Rogart|blue|1165
|player|p2|CyndaquilHat|cynthia|1208
|teamsize|p1|6
|teamsize|p2|6
|gen|9
|tier|[Gen 9] OU
|rated|
|rule|HP Percentage Mod: HP is shown in percentages
|rule|Endless Battle Clause: Forcing endless battles is banned
|rule|Species Clause: Limit one of each Pokémon
|rule|OHKO Clause: OHKO moves are banned
|rule|Evasion Items Clause: Evasion items are banned
|rule|Evasion Moves Clause: Evasion moves are banned
|rule|Sleep Moves Clause: Sleep-inducing moves are banned
|clearpoke
|poke|p1|Ceruledge, F|
|poke|p1|Alomomola, F|
|poke|p1|Iron Valiant|
|poke|p1|Kingambit, M|
|poke|p1|Glimmora, M|
|poke|p1|Rotom-Mow|
|poke|p2|Staraptor, M|
|poke|p2|Corviknight, M|
|poke|p2|Gholdengo|
|poke|p2|Ting-Lu|
|poke|p2|Iron Valiant|
|poke|p2|Ogerpon-Wellspring, F|
|teampreview
|inactive|Battle timer is ON: inactive players will automatically lose when time's up. (requested by CyndaquilHat)
|
|t:|1743816769
|start
|switch|p1a: Glimmora|Glimmora, M|100/100
|switch|p2a: Ogerpon|Ogerpon-Wellspring, F|100/100
|turn|1
|
|t:|1743816777
|-terastallize|p1a: Glimmora|Grass
|move|p2a: Ogerpon|Ivy Cudgel|p1a: Glimmora|[anim] Ivy Cudgel Water
|-resisted|p1a: Glimmora
|-damage|p1a: Glimmora|63/100
|-activate|p1a: Glimmora|ability: Toxic Debris
|-sidestart|p2: CyndaquilHat|move: Toxic Spikes
|move|p1a: Glimmora|Meteor Beam||[still]
|-prepare|p1a: Glimmora|Meteor Beam
|-boost|p1a: Glimmora|spa|1
|-enditem|p1a: Glimmora|Power Herb
|-anim|p1a: Glimmora|Meteor Beam|p2a: Ogerpon
|-damage|p2a: Ogerpon|0 fnt
|faint|p2a: Ogerpon
|
|upkeep
|
|t:|1743816787
|switch|p2a: Staraptor|Staraptor, M|100/100
|turn|2
|inactive|Rogart has 120 seconds left.
|
|t:|1743816826
|switch|p1a: Alomomola|Alomomola, F|100/100
|move|p2a: Staraptor|Brave Bird|p1a: Alomomola
|-damage|p1a: Alomomola|56/100
|-damage|p2a: Staraptor|75/100|[from] Recoil
|
|-heal|p1a: Alomomola|62/100|[from] item: Leftovers
|upkeep
|turn|3
|inactive|Rogart has 120 seconds left.
|
|t:|1743816836
|switch|p2a: Gholdengo|Gholdengo|100/100
|move|p1a: Alomomola|Wish|p1a: Alomomola
|
|-heal|p1a: Alomomola|68/100|[from] item: Leftovers
|upkeep
|turn|4
|inactive|Rogart has 120 seconds left.
|
|t:|1743816847
|move|p2a: Gholdengo|Shadow Ball|p1a: Alomomola
|-crit|p1a: Alomomola
|-damage|p1a: Alomomola|0 fnt
|faint|p1a: Alomomola
|
|upkeep
|inactive|Rogart has 120 seconds left.
|
|t:|1743816856
|switch|p1a: Ceruledge|Ceruledge, F|100/100
|turn|5
|
|t:|1743816861
|move|p1a: Ceruledge|Swords Dance|p1a: Ceruledge
|-boost|p1a: Ceruledge|atk|2
|move|p2a: Gholdengo|Shadow Ball|p1a: Ceruledge
|-supereffective|p1a: Ceruledge
|-enditem|p1a: Ceruledge|Focus Sash
|-damage|p1a: Ceruledge|1/100
|
|upkeep
|turn|6
|
|t:|1743816873
|switch|p2a: Corviknight|Corviknight, M|100/100
|-ability|p2a: Corviknight|Pressure
|move|p1a: Ceruledge|Bitter Blade|p2a: Corviknight
|-supereffective|p2a: Corviknight
|-damage|p2a: Corviknight|0 fnt
|-heal|p1a: Ceruledge|70/100|[from] drain|[of] p2a: Corviknight
|-damage|p1a: Ceruledge|53/100|[from] item: Rocky Helmet|[of] p2a: Corviknight
|faint|p2a: Corviknight
|
|upkeep
|
|t:|1743816877
|switch|p2a: Staraptor|Staraptor, M|75/100
|turn|7
|inactive|Rogart has 120 seconds left.
|
|t:|1743816917
|move|p2a: Staraptor|Brave Bird|p1a: Ceruledge
|-damage|p1a: Ceruledge|0 fnt
|faint|p1a: Ceruledge
|-damage|p2a: Staraptor|59/100|[from] Recoil
|
|upkeep
|
|t:|1743816922
|switch|p1a: Rotom|Rotom-Mow|100/100
|turn|8
|
|t:|1743816929
|move|p2a: Staraptor|Brave Bird|p1a: Rotom
|-damage|p1a: Rotom|3/100
|-damage|p2a: Staraptor|34/100|[from] Recoil
|move|p1a: Rotom|Thunderbolt|p2a: Staraptor
|-supereffective|p2a: Staraptor
|-damage|p2a: Staraptor|0 fnt
|faint|p2a: Staraptor
|
|upkeep
|
|t:|1743816932
|switch|p2a: Gholdengo|Gholdengo|100/100
|turn|9
|inactive|Rogart has 120 seconds left.
|
|t:|1743816938
|move|p1a: Rotom|Thunderbolt|p2a: Gholdengo
|-damage|p2a: Gholdengo|36/100
|move|p2a: Gholdengo|Shadow Ball|p1a: Rotom
|-damage|p1a: Rotom|0 fnt
|faint|p1a: Rotom
|
|upkeep
|inactive|Rogart has 120 seconds left.
|
|t:|1743816959
|switch|p1a: Kingambit|Kingambit, M|100/100
|-activate|p1a: Kingambit|ability: Supreme Overlord
|-start|p1a: Kingambit|fallen3|[silent]
|turn|10
|
|t:|1743816966
|switch|p2a: Ting-Lu|Ting-Lu|100/100
|-status|p2a: Ting-Lu|psn
|-ability|p2a: Ting-Lu|Vessel of Ruin
|move|p1a: Kingambit|Kowtow Cleave|p2a: Ting-Lu
|-resisted|p2a: Ting-Lu
|-damage|p2a: Ting-Lu|86/100 psn
|
|-heal|p2a: Ting-Lu|92/100 psn|[from] item: Leftovers
|-damage|p2a: Ting-Lu|80/100 psn|[from] psn
|upkeep
|turn|11
|
|t:|1743816977
|-end|p1a: Kingambit|fallen3|[silent]
|switch|p1a: Iron Valiant|Iron Valiant|100/100
|-enditem|p1a: Iron Valiant|Booster Energy
|-activate|p1a: Iron Valiant|ability: Quark Drive|[fromitem]
|-start|p1a: Iron Valiant|quarkdrivespe
|move|p2a: Ting-Lu|Earthquake|p1a: Iron Valiant
|-damage|p1a: Iron Valiant|54/100
|
|-heal|p2a: Ting-Lu|86/100 psn|[from] item: Leftovers
|-damage|p2a: Ting-Lu|73/100 psn|[from] psn
|upkeep
|turn|12
|
|t:|1743817004
|move|p1a: Iron Valiant|Close Combat|p2a: Ting-Lu
|-supereffective|p2a: Ting-Lu
|-damage|p2a: Ting-Lu|23/100 psn
|-unboost|p1a: Iron Valiant|def|1
|-unboost|p1a: Iron Valiant|spd|1
|move|p2a: Ting-Lu|Earthquake|p1a: Iron Valiant
|-damage|p1a: Iron Valiant|0 fnt
|faint|p1a: Iron Valiant
|-end|p1a: Iron Valiant|Quark Drive|[silent]
|
|-heal|p2a: Ting-Lu|29/100 psn|[from] item: Leftovers
|-damage|p2a: Ting-Lu|17/100 psn|[from] psn
|upkeep
|inactive|Rogart has 90 seconds left.
|
|t:|1743817021
|switch|p1a: Glimmora|Glimmora, M, tera:Grass|63/100
|turn|13
|inactive|Rogart has 90 seconds left.
|
|t:|1743817028
|move|p1a: Glimmora|Sludge Bomb|p2a: Ting-Lu
|-resisted|p2a: Ting-Lu
|-damage|p2a: Ting-Lu|3/100 psn
|move|p2a: Ting-Lu|Ruination|p1a: Glimmora
|-damage|p1a: Glimmora|32/100
|
|-heal|p2a: Ting-Lu|9/100 psn|[from] item: Leftovers
|-damage|p2a: Ting-Lu|0 fnt|[from] psn
|faint|p2a: Ting-Lu
|upkeep
|
|t:|1743817034
|switch|p2a: Iron Valiant|Iron Valiant|100/100
|-status|p2a: Iron Valiant|psn
|-enditem|p2a: Iron Valiant|Booster Energy
|-activate|p2a: Iron Valiant|ability: Quark Drive|[fromitem]
|-start|p2a: Iron Valiant|quarkdrivespe
|turn|14
|inactive|Rogart has 90 seconds left.
|inactive|Rogart has 60 seconds left.
|
|t:|1743817079
|move|p2a: Iron Valiant|Knock Off|p1a: Glimmora
|-damage|p1a: Glimmora|6/100
|-activate|p1a: Glimmora|ability: Toxic Debris
|-sidestart|p2: CyndaquilHat|move: Toxic Spikes
|move|p1a: Glimmora|Sludge Bomb|p2a: Iron Valiant
|-supereffective|p2a: Iron Valiant
|-damage|p2a: Iron Valiant|0 fnt
|faint|p2a: Iron Valiant
|-end|p2a: Iron Valiant|Quark Drive|[silent]
|
|upkeep
|
|t:|1743817092
|switch|p2a: Gholdengo|Gholdengo|36/100
|turn|15
|
|t:|1743817101
|-terastallize|p2a: Gholdengo|Fairy
|move|p1a: Glimmora|Power Gem|p2a: Gholdengo
|-damage|p2a: Gholdengo|0 fnt
|faint|p2a: Gholdengo
|
|win|Rogart
|raw|Rogart's rating: 1165 &rarr; <strong>1193</strong><br />(+28 for winning)
|raw|CyndaquilHat's rating: 1208 &rarr; <strong>1180</strong><br />(-28 for losing)
|l|☆CyndaquilHat
|player|p2|
|l|☆Rogart
|player|p1|
