|j|☆Cam1610
|j|☆elVillaress
|t:|1743783095
|gametype|singles
|player|p1|Cam1610|hiker-gen4|1425
|player|p2|elVillaress|guitarist-gen6|1398
|teamsize|p1|6
|teamsize|p2|6
|gen|9
|tier|[Gen 9] OU
|rated|
|rule|HP Percentage Mod: HP is shown in percentages
|rule|Endless Battle Clause: Forcing endless battles is banned
|rule|Species Clause: Limit one of each Pokémon
|rule|OHKO Clause: OHKO moves are banned
|rule|Evasion Items Clause: Evasion items are banned
|rule|Evasion Moves Clause: Evasion moves are banned
|rule|Sleep Moves Clause: Sleep-inducing moves are banned
|clearpoke
|poke|p1|Darkrai|
|poke|p1|Ceruledge, F|
|poke|p1|Ursaluna, F|
|poke|p1|Kingambit, M|
|poke|p1|Noivern, F|
|poke|p1|Scizor, F|
|poke|p2|Landorus-Therian, M|
|poke|p2|Gholdengo|
|poke|p2|Primarina, F|
|poke|p2|Zamazenta-*|
|poke|p2|Raging Bolt|
|poke|p2|Scizor, M|
|teampreview
|inactive|Battle timer is ON: inactive players will automatically lose when time's up. (requested by Cam1610)
|inactive|elVillaress has 120 seconds left.
|
|t:|1743783138
|start
|switch|p1a: Beru|Scizor, F|100/100
|switch|p2a: Primarina|Primarina, F|100/100
|turn|1
|
|t:|1743783165
|switch|p2a: Landorus|Landorus-Therian, M, shiny|100/100
|-ability|p2a: Landorus|Intimidate|boost
|-unboost|p1a: Beru|atk|1
|move|p1a: Beru|U-turn|p2a: Landorus
|-resisted|p2a: Landorus
|-damage|p2a: Landorus|77/100
|
|t:|1743783172
|switch|p1a: Kaisel|Noivern, F|100/100|[from] U-turn
|
|upkeep
|turn|2
|
|t:|1743783178
|switch|p2a: Primarina|Primarina, F|100/100
|move|p1a: Kaisel|Boomburst|p2a: Primarina
|-damage|p2a: Primarina|73/100
|-enditem|p1a: Kaisel|Throat Spray
|-boost|p1a: Kaisel|spa|1|[from] item: Throat Spray
|
|upkeep
|turn|3
|
|t:|1743783194
|move|p1a: Kaisel|Hurricane|p2a: Primarina
|-damage|p2a: Primarina|31/100
|move|p2a: Primarina|Moonblast|p1a: Kaisel
|-supereffective|p1a: Kaisel
|-damage|p1a: Kaisel|0 fnt
|faint|p1a: Kaisel
|
|upkeep
|
|t:|1743783206
|switch|p1a: Beru|Scizor, F|100/100
|turn|4
|
|t:|1743783217
|move|p2a: Primarina|Surf|p1a: Beru
|-damage|p1a: Beru|16/100
|move|p1a: Beru|U-turn|p2a: Primarina
|-resisted|p2a: Primarina
|-damage|p2a: Primarina|0 fnt
|faint|p2a: Primarina
|
|t:|1743783240
|switch|p1a: Tank|Ursaluna, F, shiny|100/100|[from] U-turn
|
|-status|p1a: Tank|brn|[from] item: Flame Orb
|upkeep
|
|t:|1743783256
|switch|p2a: Landorus|Landorus-Therian, M, shiny|77/100
|-ability|p2a: Landorus|Intimidate|boost
|-unboost|p1a: Tank|atk|1
|turn|5
|
|t:|1743783269
|move|p2a: Landorus|Earthquake|p1a: Tank
|-damage|p1a: Tank|50/100 brn
|move|p1a: Tank|Facade|p2a: Landorus
|-damage|p2a: Landorus|0 fnt
|faint|p2a: Landorus
|
|-damage|p1a: Tank|44/100 brn|[from] brn
|upkeep
|inactive|elVillaress has 120 seconds left.
|
|t:|1743783299
|switch|p2a: Raging Bolt|Raging Bolt|100/100
|-enditem|p2a: Raging Bolt|Booster Energy
|-activate|p2a: Raging Bolt|ability: Protosynthesis|[fromitem]
|-start|p2a: Raging Bolt|protosynthesisspa
|turn|6
|
|t:|1743783313
|move|p2a: Raging Bolt|Dragon Pulse|p1a: Tank
|-damage|p1a: Tank|0 fnt
|faint|p1a: Tank
|
|upkeep
|
|t:|1743783324
|switch|p1a: Tusk|Darkrai, shiny|100/100
|turn|7
|inactive|elVillaress has 120 seconds left.
|
|t:|1743783350
|-terastallize|p2a: Raging Bolt|Fairy
|move|p1a: Tusk|Ice Beam|p2a: Raging Bolt
|-damage|p2a: Raging Bolt|60/100
|-status|p2a: Raging Bolt|frz
|-damage|p1a: Tusk|91/100|[from] item: Life Orb
|cant|p2a: Raging Bolt|frz
|
|upkeep
|turn|8
|
|t:|1743783363
|move|p1a: Tusk|Sludge Bomb|p2a: Raging Bolt
|-supereffective|p2a: Raging Bolt
|-damage|p2a: Raging Bolt|0 fnt
|faint|p2a: Raging Bolt
|-end|p2a: Raging Bolt|Protosynthesis|[silent]
|-damage|p1a: Tusk|81/100|[from] item: Life Orb
|
|upkeep
|
|t:|1743783379
|switch|p2a: Scizor|Scizor, M|100/100
|turn|9
|
|t:|1743783396
|move|p1a: Tusk|Dark Pulse|p2a: Scizor
|-damage|p2a: Scizor|28/100
|-damage|p1a: Tusk|71/100|[from] item: Life Orb
|move|p2a: Scizor|U-turn|p1a: Tusk
|-supereffective|p1a: Tusk
|-damage|p1a: Tusk|0 fnt
|faint|p1a: Tusk
|inactive|elVillaress has 90 seconds left.
|
|t:|1743783436
|switch|p2a: Gholdengo|Gholdengo, shiny|100/100|[from] U-turn
|-item|p2a: Gholdengo|Air Balloon
|
|upkeep
|
|t:|1743783449
|switch|p1a: Igris|Ceruledge, F|100/100
|turn|10
|
|t:|1743783463
|move|p1a: Igris|Swords Dance|p1a: Igris
|-boost|p1a: Igris|atk|2
|move|p2a: Gholdengo|Shadow Ball|p1a: Igris
|-supereffective|p1a: Igris
|-damage|p1a: Igris|13/100
|
|upkeep
|turn|11
|
|t:|1743783470
|move|p1a: Igris|Bitter Blade|p2a: Gholdengo
|-supereffective|p2a: Gholdengo
|-damage|p2a: Gholdengo|0 fnt
|-heal|p1a: Igris|78/100|[from] drain|[of] p2a: Gholdengo
|-enditem|p2a: Gholdengo|Air Balloon
|faint|p2a: Gholdengo
|
|upkeep
|inactive|elVillaress has 60 seconds left.
|
|t:|1743783497
|switch|p2a: Zamazenta|Zamazenta|100/100
|-ability|p2a: Zamazenta|Dauntless Shield|boost
|-boost|p2a: Zamazenta|def|1
|turn|12
|
|t:|1743783510
|move|p2a: Zamazenta|Stone Edge|p1a: Igris
|-supereffective|p1a: Igris
|-damage|p1a: Igris|0 fnt
|faint|p1a: Igris
|
|upkeep
|
|t:|1743783513
|switch|p1a: Beru|Scizor, F|16/100
|turn|13
|
|t:|1743783528
|move|p2a: Zamazenta|Crunch|p1a: Beru
|-damage|p1a: Beru|0 fnt
|faint|p1a: Beru
|
|upkeep
|
|t:|1743783530
|switch|p1a: Sung Jin Woo|Kingambit, M, shiny|100/100
|-activate|p1a: Sung Jin Woo|ability: Supreme Overlord
|-start|p1a: Sung Jin Woo|fallen5|[silent]
|turn|14
|
|t:|1743783549
|-terastallize|p1a: Sung Jin Woo|Fairy
|move|p2a: Zamazenta|Crunch|p1a: Sung Jin Woo
|-resisted|p1a: Sung Jin Woo
|-damage|p1a: Sung Jin Woo|91/100
|move|p1a: Sung Jin Woo|Tera Blast|p2a: Zamazenta|[anim] Tera Blast Fairy
|-supereffective|p2a: Zamazenta
|-damage|p2a: Zamazenta|14/100
|
|-heal|p1a: Sung Jin Woo|97/100|[from] item: Leftovers
|upkeep
|turn|15
|
|t:|1743783559
|move|p2a: Zamazenta|Heavy Slam|p1a: Sung Jin Woo
|-supereffective|p1a: Sung Jin Woo
|-damage|p1a: Sung Jin Woo|79/100
|move|p1a: Sung Jin Woo|Tera Blast|p2a: Zamazenta|[anim] Tera Blast Fairy
|-supereffective|p2a: Zamazenta
|-damage|p2a: Zamazenta|0 fnt
|faint|p2a: Zamazenta
|
|-heal|p1a: Sung Jin Woo|85/100|[from] item: Leftovers
|upkeep
|
|t:|1743783570
|switch|p2a: Scizor|Scizor, M|28/100
|turn|16
|
|t:|1743783574
|move|p2a: Scizor|Bullet Punch|p1a: Sung Jin Woo
|-supereffective|p1a: Sung Jin Woo
|-damage|p1a: Sung Jin Woo|39/100
|move|p1a: Sung Jin Woo|Kowtow Cleave|p2a: Scizor
|-damage|p2a: Scizor|0 fnt
|faint|p2a: Scizor
|
|win|Cam1610
|raw|Cam1610's rating: 1425 &rarr; <strong>1443</strong><br />(+18 for winning)
|raw|elVillaress's rating: 1398 &rarr; <strong>1380</strong><br />(-18 for losing)
|l|☆Cam1610
|player|p1|
|l|☆elVillaress
|player|p2|
