|j|☆caijin
|j|☆showup downfall
|t:|1743915173
|gametype|singles
|player|p1|caijin|bianca|1070
|player|p2|showup downfall|hilbert|1123
|teamsize|p1|6
|teamsize|p2|6
|gen|9
|tier|[Gen 9] OU
|rated|
|rule|HP Percentage Mod: HP is shown in percentages
|rule|Endless Battle Clause: Forcing endless battles is banned
|rule|Species Clause: Limit one of each Pokémon
|rule|OHKO Clause: OHKO moves are banned
|rule|Evasion Items Clause: Evasion items are banned
|rule|Evasion Moves Clause: Evasion moves are banned
|rule|Sleep Moves Clause: Sleep-inducing moves are banned
|clearpoke
|poke|p1|Serperior, F|
|poke|p1|Meowstic, M|
|poke|p1|Alcremie-Rainbow-Swirl, F|
|poke|p1|Cinccino, F|
|poke|p1|Chandelure, M|
|poke|p1|Umbreon, F|
|poke|p2|Samurott-Hisui, M|
|poke|p2|Mandibuzz, F|
|poke|p2|Mamoswine, M|
|poke|p2|Infernape, M|
|poke|p2|Grimmsnarl, M|
|poke|p2|Kyurem|
|teampreview
|inactive|Battle timer is ON: inactive players will automatically lose when time's up. (requested by caijin)
|
|t:|1743915190
|start
|switch|p1a: Serperior|Serperior, F|100/100
|switch|p2a: Kyurem|Kyurem|100/100
|-ability|p2a: Kyurem|Pressure
|turn|1
|
|t:|1743915203
|switch|p1a: Umbreon|Umbreon, F|100/100
|move|p2a: Kyurem|Ice Beam|p1a: Umbreon
|-damage|p1a: Umbreon|56/100
|
|upkeep
|turn|2
|
|t:|1743915216
|switch|p2a: Grimmsnarl|Grimmsnarl, M|100/100
|move|p1a: Umbreon|Toxic|p2a: Grimmsnarl
|-status|p2a: Grimmsnarl|tox
|
|-damage|p2a: Grimmsnarl|94/100 tox|[from] psn
|upkeep
|turn|3
|
|t:|1743915225
|move|p1a: Umbreon|Wish|p1a: Umbreon
|move|p2a: Grimmsnarl|Spirit Break|p1a: Umbreon
|-supereffective|p1a: Umbreon
|-damage|p1a: Umbreon|24/100
|-unboost|p1a: Umbreon|spa|1
|-enditem|p1a: Umbreon|Sitrus Berry|[eat]
|-heal|p1a: Umbreon|49/100|[from] item: Sitrus Berry
|
|-damage|p2a: Grimmsnarl|82/100 tox|[from] psn
|upkeep
|turn|4
|
|t:|1743915239
|move|p1a: Umbreon|Protect|p1a: Umbreon
|-singleturn|p1a: Umbreon|Protect
|move|p2a: Grimmsnarl|Light Screen|p2a: Grimmsnarl
|-sidestart|p2: showup downfall|move: Light Screen
|
|-heal|p1a: Umbreon|99/100|[from] move: Wish|[wisher] Umbreon
|-damage|p2a: Grimmsnarl|64/100 tox|[from] psn
|upkeep
|turn|5
|
|t:|1743915258
|move|p2a: Grimmsnarl|Parting Shot|p1a: Umbreon
|-hint|Since gen 7, Dark is immune to Prankster moves.
|-immune|p1a: Umbreon
|move|p1a: Umbreon|Foul Play|p2a: Grimmsnarl
|-resisted|p2a: Grimmsnarl
|-damage|p2a: Grimmsnarl|53/100 tox
|
|-damage|p2a: Grimmsnarl|29/100 tox|[from] psn
|upkeep
|turn|6
|
|t:|1743915268
|switch|p2a: Infernape|Infernape, M|100/100
|move|p1a: Umbreon|Protect||[still]
|-fail|p1a: Umbreon
|
|upkeep
|turn|7
|
|t:|1743915281
|switch|p1a: Chandelure|Chandelure, M|100/100
|move|p2a: Infernape|Drain Punch|p1a: Chandelure
|-immune|p1a: Chandelure
|
|upkeep
|turn|8
|
|t:|1743915295
|switch|p2a: Samurott|Samurott-Hisui, M|100/100
|move|p1a: Chandelure|Shadow Ball|p2a: Samurott
|-resisted|p2a: Samurott
|-damage|p2a: Samurott|73/100
|
|upkeep
|turn|9
|
|t:|1743915303
|switch|p1a: Serperior|Serperior, F|100/100
|move|p2a: Samurott|Ceaseless Edge|p1a: Serperior
|-damage|p1a: Serperior|35/100
|-sidestart|p1: caijin|Spikes
|
|upkeep
|turn|10
|
|t:|1743915315
|move|p2a: Samurott|Sucker Punch||[still]
|-fail|p2a: Samurott
|move|p1a: Serperior|Glare|p2a: Samurott
|-status|p2a: Samurott|par
|
|upkeep
|turn|11
|
|t:|1743915322
|switch|p2a: Kyurem|Kyurem|100/100
|-ability|p2a: Kyurem|Pressure
|move|p1a: Serperior|Leaf Blade|p2a: Kyurem
|-resisted|p2a: Kyurem
|-damage|p2a: Kyurem|84/100
|
|-sideend|p2: showup downfall|move: Light Screen
|upkeep
|turn|12
|
|t:|1743915333
|switch|p1a: Umbreon|Umbreon, F|99/100
|-damage|p1a: Umbreon|87/100|[from] Spikes
|move|p2a: Kyurem|Ice Beam|p1a: Umbreon
|-damage|p1a: Umbreon|41/100
|
|upkeep
|turn|13
|
|t:|1743915354
|move|p2a: Kyurem|Ice Beam|p1a: Umbreon
|-damage|p1a: Umbreon|0 fnt
|faint|p1a: Umbreon
|
|upkeep
|
|t:|1743915359
|switch|p1a: Cinccino|Cinccino, F|100/100
|turn|14
|
|t:|1743915374
|switch|p2a: Grimmsnarl|Grimmsnarl, M|29/100 tox
|move|p1a: Cinccino|Tidy Up|p1a: Cinccino
|-sideend|p1: caijin|Spikes
|-activate|p1a: Cinccino|move: Tidy Up
|-boost|p1a: Cinccino|atk|1
|-boost|p1a: Cinccino|spe|1
|
|-damage|p2a: Grimmsnarl|23/100 tox|[from] psn
|upkeep
|turn|15
|inactive|caijin has 120 seconds left.
|
|t:|1743915419
|move|p2a: Grimmsnarl|Reflect|p2a: Grimmsnarl
|-sidestart|p2: showup downfall|Reflect
|move|p1a: Cinccino|Knock Off|p2a: Grimmsnarl
|-resisted|p2a: Grimmsnarl
|-damage|p2a: Grimmsnarl|17/100 tox
|-enditem|p2a: Grimmsnarl|Light Clay|[from] move: Knock Off|[of] p1a: Cinccino
|
|-damage|p2a: Grimmsnarl|5/100 tox|[from] psn
|upkeep
|turn|16
|
|t:|1743915436
|move|p2a: Grimmsnarl|Light Screen|p2a: Grimmsnarl
|-sidestart|p2: showup downfall|move: Light Screen
|move|p1a: Cinccino|Tidy Up|p1a: Cinccino
|-boost|p1a: Cinccino|atk|1
|-boost|p1a: Cinccino|spe|1
|
|-damage|p2a: Grimmsnarl|0 fnt|[from] psn
|faint|p2a: Grimmsnarl
|upkeep
|
|t:|1743915443
|switch|p2a: Infernape|Infernape, M|100/100
|turn|17
|inactive|caijin has 120 seconds left.
|
|t:|1743915454
|-terastallize|p1a: Cinccino|Ghost
|move|p1a: Cinccino|Tail Slap|p2a: Infernape
|-damage|p2a: Infernape|85/100
|-damage|p2a: Infernape|69/100
|-damage|p2a: Infernape|51/100
|-crit|p2a: Infernape
|-damage|p2a: Infernape|4/100
|-damage|p2a: Infernape|0 fnt
|faint|p2a: Infernape
|-hitcount|p2: Infernape|5
|
|upkeep
|
|t:|1743915459
|switch|p2a: Samurott|Samurott-Hisui, M|73/100 par
|turn|18
|
|t:|1743915468
|move|p2a: Samurott|Sucker Punch|p1a: Cinccino
|-supereffective|p1a: Cinccino
|-damage|p1a: Cinccino|0 fnt
|faint|p1a: Cinccino
|
|upkeep
|
|t:|1743915474
|switch|p1a: Serperior|Serperior, F|35/100
|turn|19
|
|t:|1743915479
|switch|p2a: Kyurem|Kyurem|84/100
|-ability|p2a: Kyurem|Pressure
|move|p1a: Serperior|Leaf Blade|p2a: Kyurem
|-resisted|p2a: Kyurem
|-damage|p2a: Kyurem|76/100
|
|upkeep
|turn|20
|
|t:|1743915490
|move|p1a: Serperior|Glare|p2a: Kyurem
|-status|p2a: Kyurem|par
|move|p2a: Kyurem|Ice Beam|p1a: Serperior
|-supereffective|p1a: Serperior
|-damage|p1a: Serperior|0 fnt
|faint|p1a: Serperior
|
|-sideend|p2: showup downfall|move: Light Screen
|upkeep
|
|t:|1743915506
|switch|p1a: Chandelure|Chandelure, M|100/100
|turn|21
|
|t:|1743915515
|switch|p2a: Samurott|Samurott-Hisui, M|73/100 par
|move|p1a: Chandelure|Flamethrower|p2a: Samurott
|-resisted|p2a: Samurott
|-damage|p2a: Samurott|8/100 par
|
|upkeep
|turn|22
|
|t:|1743915522
|cant|p2a: Samurott|par
|move|p1a: Chandelure|Flamethrower|p2a: Samurott
|-resisted|p2a: Samurott
|-damage|p2a: Samurott|0 fnt
|faint|p2a: Samurott
|
|-sideend|p2: showup downfall|Reflect
|upkeep
|
|t:|1743915528
|switch|p2a: reliable|Mamoswine, M|100/100
|turn|23
|
|t:|1743915536
|move|p1a: Chandelure|Flamethrower|p2a: reliable
|-supereffective|p2a: reliable
|-damage|p2a: reliable|35/100
|move|p2a: reliable|Rock Tomb|p1a: Chandelure
|-supereffective|p1a: Chandelure
|-crit|p1a: Chandelure
|-damage|p1a: Chandelure|12/100
|-unboost|p1a: Chandelure|spe|1
|
|upkeep
|turn|24
|
|t:|1743915549
|move|p2a: reliable|Ice Shard|p1a: Chandelure
|-resisted|p1a: Chandelure
|-damage|p1a: Chandelure|0 fnt
|faint|p1a: Chandelure
|
|upkeep
|
|t:|1743915555
|switch|p1a: Alcremie|Alcremie-Rainbow-Swirl, F|100/100
|turn|25
|
|t:|1743915565
|move|p2a: reliable|Icicle Crash|p1a: Alcremie
|-damage|p1a: Alcremie|53/100
|cant|p1a: Alcremie|flinch
|
|-heal|p1a: Alcremie|59/100|[from] item: Leftovers
|upkeep
|turn|26
|
|t:|1743915575
|move|p2a: reliable|Earthquake|p1a: Alcremie
|-damage|p1a: Alcremie|8/100
|move|p1a: Alcremie|Acid Armor|p1a: Alcremie
|-boost|p1a: Alcremie|def|2
|
|-heal|p1a: Alcremie|14/100|[from] item: Leftovers
|upkeep
|turn|27
|
|t:|1743915584
|move|p2a: reliable|Earthquake|p1a: Alcremie
|-damage|p1a: Alcremie|0 fnt
|faint|p1a: Alcremie
|
|upkeep
|
|t:|1743915596
|switch|p1a: Meowstic|Meowstic, M|100/100
|turn|28
|
|t:|1743915603
|move|p2a: reliable|Ice Shard|p1a: Meowstic
|-damage|p1a: Meowstic|73/100
|move|p1a: Meowstic|Psychic|p2a: reliable
|-damage|p2a: reliable|15/100
|
|upkeep
|turn|29
|
|t:|1743915611
|move|p1a: Meowstic|Reflect|p1a: Meowstic
|-sidestart|p1: caijin|Reflect
|move|p2a: reliable|Earthquake|p1a: Meowstic
|-damage|p1a: Meowstic|41/100
|
|upkeep
|turn|30
|
|t:|1743915618
|move|p1a: Meowstic|Psychic|p2a: reliable
|-damage|p2a: reliable|0 fnt
|faint|p2a: reliable
|
|upkeep
|
|t:|1743915624
|switch|p2a: Mandibuzz|Mandibuzz, F|100/100
|turn|31
|-message|caijin forfeited.
|
|win|showup downfall
|raw|caijin's rating: 1070 &rarr; <strong>1053</strong><br />(-17 for losing)
|raw|showup downfall's rating: 1123 &rarr; <strong>1144</strong><br />(+21 for winning)
|l|☆caijin
|player|p1|
|l|☆showup downfall
|player|p2|
