|j|☆MiaTaylor612
|j|☆SpaceTemmie
|t:|1743787415
|gametype|singles
|player|p1|MiaTaylor612|idol|1622
|player|p2|SpaceTemmie|n|1618
|teamsize|p1|6
|teamsize|p2|6
|gen|9
|tier|[Gen 9] OU
|rated|
|rule|HP Percentage Mod: HP is shown in percentages
|rule|Endless Battle Clause: Forcing endless battles is banned
|rule|Species Clause: Limit one of each Pokémon
|rule|OHKO Clause: OHKO moves are banned
|rule|Evasion Items Clause: Evasion items are banned
|rule|Evasion Moves Clause: Evasion moves are banned
|rule|Sleep Moves Clause: Sleep-inducing moves are banned
|clearpoke
|poke|p1|Garchomp, M|
|poke|p1|Slowking-Galar, F|
|poke|p1|Gholdengo|
|poke|p1|Moltres|
|poke|p1|Iron Valiant|
|poke|p1|Kingambit, F|
|poke|p2|Quagsire, M|
|poke|p2|Blissey, F|
|poke|p2|Toxapex, F|
|poke|p2|Sinistcha|
|poke|p2|Gliscor, F|
|poke|p2|Corviknight, F|
|teampreview
|inactive|Battle timer is ON: inactive players will automatically lose when time's up. (requested by SpaceTemmie)
|inactive|MiaTaylor612 also wants the timer to be on.
|
|t:|1743787438
|start
|switch|p1a: Garchomp|Garchomp, M|100/100
|switch|p2a: The Problem|Gliscor, F|100/100
|turn|1
|
|t:|1743787440
|move|p2a: The Problem|Protect|p2a: The Problem
|-singleturn|p2a: The Problem|Protect
|move|p1a: Garchomp|Stealth Rock|p2a: The Problem
|-sidestart|p2: SpaceTemmie|move: Stealth Rock
|
|-status|p2a: The Problem|tox|[from] item: Toxic Orb
|upkeep
|turn|2
|
|t:|1743787444
|move|p2a: The Problem|Knock Off|p1a: Garchomp
|-damage|p1a: Garchomp|88/100
|-damage|p2a: The Problem|88/100 tox|[from] ability: Rough Skin|[of] p1a: Garchomp
|-damage|p2a: The Problem|72/100 tox|[from] item: Rocky Helmet|[of] p1a: Garchomp
|-enditem|p1a: Garchomp|Rocky Helmet|[from] move: Knock Off|[of] p2a: The Problem
|move|p1a: Garchomp|Dragon Tail|p2a: The Problem
|-damage|p2a: The Problem|52/100 tox
|drag|p2a: The Inevitable|Toxapex, F|100/100
|
|upkeep
|turn|3
|
|t:|1743787454
|move|p1a: Garchomp|Earthquake|p2a: The Inevitable
|-supereffective|p2a: The Inevitable
|-damage|p2a: The Inevitable|29/100
|move|p2a: The Inevitable|Toxic|p1a: Garchomp
|-status|p1a: Garchomp|tox
|
|-damage|p1a: Garchomp|82/100 tox|[from] psn
|upkeep
|turn|4
|
|t:|1743787462
|switch|p2a: The Stress|Corviknight, F|100/100
|-ability|p2a: The Stress|Pressure
|move|p1a: Garchomp|Spikes|p2a: The Stress
|-sidestart|p2: SpaceTemmie|Spikes
|
|-damage|p1a: Garchomp|70/100 tox|[from] psn
|upkeep
|turn|5
|
|t:|1743787471
|switch|p1a: Gholdengo|Gholdengo|100/100
|move|p2a: The Stress|Defog|p1a: Gholdengo
|-immune|p1a: Gholdengo|[from] ability: Good as Gold
|
|upkeep
|turn|6
|
|t:|1743787480
|switch|p2a: The Constant|Blissey, F|100/100
|move|p1a: Gholdengo|Thunder Wave|p2a: The Constant
|-status|p2a: The Constant|par
|
|upkeep
|turn|7
|
|t:|1743787485
|switch|p1a: Slowking|Slowking-Galar, F|100/100
|-curestatus|p2a: The Constant|par|[from] ability: Natural Cure
|switch|p2a: The Inevitable|Toxapex, F|63/100
|
|upkeep
|turn|8
|
|t:|1743787489
|switch|p2a: The Stress|Corviknight, F|100/100
|-ability|p2a: The Stress|Pressure
|move|p1a: Slowking|Psychic Noise|p2a: The Stress
|-resisted|p2a: The Stress
|-damage|p2a: The Stress|85/100
|-start|p2a: The Stress|move: Heal Block
|
|upkeep
|turn|9
|
|t:|1743787496
|switch|p2a: The Problem|Gliscor, F|52/100 tox
|-damage|p2a: The Problem|39/100 tox|[from] Stealth Rock
|switch|p1a: Gholdengo|Gholdengo|100/100
|
|-heal|p2a: The Problem|52/100 tox|[from] ability: Poison Heal
|upkeep
|turn|10
|
|t:|1743787501
|move|p2a: The Problem|Protect|p2a: The Problem
|-singleturn|p2a: The Problem|Protect
|move|p1a: Gholdengo|Thunder Wave|p2a: The Problem
|-activate|p2a: The Problem|move: Protect
|
|-heal|p2a: The Problem|64/100 tox|[from] ability: Poison Heal
|upkeep
|turn|11
|
|t:|1743787503
|move|p2a: The Problem|Knock Off|p1a: Gholdengo
|-supereffective|p1a: Gholdengo
|-damage|p1a: Gholdengo|69/100
|-enditem|p1a: Gholdengo|Heavy-Duty Boots|[from] move: Knock Off|[of] p2a: The Problem
|move|p1a: Gholdengo|Hex|p2a: The Problem
|-damage|p2a: The Problem|14/100 tox
|
|-heal|p2a: The Problem|27/100 tox|[from] ability: Poison Heal
|upkeep
|turn|12
|
|t:|1743787516
|move|p2a: The Problem|Earthquake|p1a: Gholdengo
|-supereffective|p1a: Gholdengo
|-damage|p1a: Gholdengo|20/100
|move|p1a: Gholdengo|Hex|p2a: The Problem
|-damage|p2a: The Problem|0 fnt
|faint|p2a: The Problem
|
|upkeep
|
|t:|1743787523
|switch|p2a: The Denial|Sinistcha|100/100
|turn|13
|
|t:|1743787534
|switch|p1a: Moltres|Moltres|100/100
|move|p2a: The Denial|Hex|p1a: Moltres
|-damage|p1a: Moltres|81/100
|
|upkeep
|turn|14
|
|t:|1743787539
|switch|p2a: The Inevitable|Toxapex, F|96/100
|move|p1a: Moltres|U-turn|p2a: The Inevitable
|-resisted|p2a: The Inevitable
|-damage|p2a: The Inevitable|90/100
|
|t:|1743787542
|switch|p1a: Gholdengo|Gholdengo|20/100|[from] U-turn
|
|upkeep
|turn|15
|
|t:|1743787547
|switch|p2a: The Constant|Blissey, F|100/100
|move|p1a: Gholdengo|Recover|p1a: Gholdengo
|-heal|p1a: Gholdengo|70/100
|
|upkeep
|turn|16
|
|t:|1743787553
|switch|p1a: Slowking|Slowking-Galar, F|100/100
|move|p2a: The Constant|Flamethrower|p1a: Slowking
|-damage|p1a: Slowking|91/100
|
|upkeep
|turn|17
|
|t:|1743787560
|move|p2a: The Constant|Seismic Toss|p1a: Slowking
|-damage|p1a: Slowking|66/100
|-prepare|p1a: Slowking|Chilly Reception|[premajor]
|move|p1a: Slowking|Chilly Reception|p1a: Slowking
|-weather|Snowscape
|
|t:|1743787564
|switch|p1a: Iron Valiant|Iron Valiant|100/100|[from] Chilly Reception
|
|-weather|Snowscape|[upkeep]
|upkeep
|turn|18
|
|t:|1743787568
|switch|p2a: The Inevitable|Toxapex, F|100/100
|move|p1a: Iron Valiant|Knock Off|p2a: The Inevitable
|-damage|p2a: The Inevitable|74/100
|-enditem|p2a: The Inevitable|Heavy-Duty Boots|[from] move: Knock Off|[of] p1a: Iron Valiant
|
|-weather|Snowscape|[upkeep]
|upkeep
|turn|19
|
|t:|1743787574
|-end|p1a: Iron Valiant|Quark Drive|[silent]
|switch|p1a: Slowking|Slowking-Galar, F|99/100
|move|p2a: The Inevitable|Toxic Spikes|p1a: Slowking
|-sidestart|p1: MiaTaylor612|move: Toxic Spikes
|
|-weather|Snowscape|[upkeep]
|upkeep
|turn|20
|
|t:|1743787578
|switch|p2a: The Stress|Corviknight, F|85/100
|-ability|p2a: The Stress|Pressure
|move|p1a: Slowking|Psychic Noise|p2a: The Stress
|-resisted|p2a: The Stress
|-damage|p2a: The Stress|71/100
|-start|p2a: The Stress|move: Heal Block
|
|-weather|Snowscape|[upkeep]
|upkeep
|turn|21
|
|t:|1743787586
|switch|p2a: The Constant|Blissey, F|100/100
|switch|p1a: Gholdengo|Gholdengo|70/100
|
|-weather|none
|upkeep
|turn|22
|
|t:|1743787589
|switch|p1a: Slowking|Slowking-Galar, F|100/100
|-sideend|p1: MiaTaylor612|move: Toxic Spikes|[of] p1a: Slowking
|move|p2a: The Constant|Flamethrower|p1a: Slowking
|-damage|p1a: Slowking|91/100
|
|upkeep
|turn|23
|
|t:|1743787594
|move|p2a: The Constant|Seismic Toss|p1a: Slowking
|-damage|p1a: Slowking|66/100
|-prepare|p1a: Slowking|Chilly Reception|[premajor]
|move|p1a: Slowking|Chilly Reception|p1a: Slowking
|-weather|Snowscape
|
|t:|1743787596
|switch|p1a: Garchomp|Garchomp, M|70/100 tox|[from] Chilly Reception
|
|-weather|Snowscape|[upkeep]
|-damage|p1a: Garchomp|63/100 tox|[from] psn
|upkeep
|turn|24
|
|t:|1743787599
|switch|p2a: The Stress|Corviknight, F|71/100
|-ability|p2a: The Stress|Pressure
|move|p1a: Garchomp|Spikes|p2a: The Stress
|-sidestart|p2: SpaceTemmie|Spikes
|
|-weather|Snowscape|[upkeep]
|-damage|p1a: Garchomp|51/100 tox|[from] psn
|upkeep
|turn|25
|
|t:|1743787602
|switch|p1a: Gholdengo|Gholdengo|70/100
|move|p2a: The Stress|Roost|p2a: The Stress
|-heal|p2a: The Stress|100/100
|-singleturn|p2a: The Stress|move: Roost
|
|-weather|Snowscape|[upkeep]
|upkeep
|turn|26
|
|t:|1743787606
|switch|p2a: The Constant|Blissey, F|100/100
|move|p1a: Gholdengo|Thunder Wave|p2a: The Constant
|-status|p2a: The Constant|par
|
|-weather|Snowscape|[upkeep]
|upkeep
|turn|27
|
|t:|1743787609
|switch|p1a: Slowking|Slowking-Galar, F|99/100
|move|p2a: The Constant|Flamethrower|p1a: Slowking
|-damage|p1a: Slowking|89/100
|
|-weather|none
|upkeep
|turn|28
|
|t:|1743787613
|-curestatus|p2a: The Constant|par|[from] ability: Natural Cure
|switch|p2a: The Stress|Corviknight, F|100/100
|-ability|p2a: The Stress|Pressure
|-prepare|p1a: Slowking|Chilly Reception|[premajor]
|move|p1a: Slowking|Chilly Reception|p1a: Slowking
|-weather|Snowscape
|
|t:|1743787618
|switch|p1a: Gholdengo|Gholdengo|70/100|[from] Chilly Reception
|
|-weather|Snowscape|[upkeep]
|upkeep
|turn|29
|
|t:|1743787621
|switch|p2a: The Constant|Blissey, F|100/100
|move|p1a: Gholdengo|Recover|p1a: Gholdengo
|-heal|p1a: Gholdengo|100/100
|
|-weather|Snowscape|[upkeep]
|upkeep
|turn|30
|
|t:|1743787624
|switch|p1a: Slowking|Slowking-Galar, F|100/100
|move|p2a: The Constant|Flamethrower|p1a: Slowking
|-damage|p1a: Slowking|91/100
|
|-weather|Snowscape|[upkeep]
|upkeep
|turn|31
|
|t:|1743787627
|move|p2a: The Constant|Calm Mind|p2a: The Constant
|-boost|p2a: The Constant|spa|1
|-boost|p2a: The Constant|spd|1
|-prepare|p1a: Slowking|Chilly Reception|[premajor]
|move|p1a: Slowking|Chilly Reception|p1a: Slowking
|
|t:|1743787629
|switch|p1a: Iron Valiant|Iron Valiant|100/100|[from] Chilly Reception
|
|-weather|Snowscape|[upkeep]
|upkeep
|turn|32
|
|t:|1743787635
|switch|p2a: The Inevitable|Toxapex, F|100/100
|-damage|p2a: The Inevitable|88/100|[from] Stealth Rock
|-damage|p2a: The Inevitable|72/100|[from] Spikes
|move|p1a: Iron Valiant|Close Combat|p2a: The Inevitable
|-resisted|p2a: The Inevitable
|-damage|p2a: The Inevitable|45/100
|-unboost|p1a: Iron Valiant|def|1
|-unboost|p1a: Iron Valiant|spd|1
|
|-weather|none
|upkeep
|turn|33
|
|t:|1743787645
|-end|p1a: Iron Valiant|Quark Drive|[silent]
|switch|p1a: Slowking|Slowking-Galar, F|100/100
|move|p2a: The Inevitable|Recover|p2a: The Inevitable
|-heal|p2a: The Inevitable|95/100
|
|upkeep
|turn|34
|
|t:|1743787649
|switch|p2a: The Stress|Corviknight, F|100/100
|-ability|p2a: The Stress|Pressure
|move|p1a: Slowking|Psychic Noise|p2a: The Stress
|-resisted|p2a: The Stress
|-damage|p2a: The Stress|86/100
|-start|p2a: The Stress|move: Heal Block
|
|upkeep
|turn|35
|
|t:|1743787662
|switch|p2a: The Constant|Blissey, F|100/100
|switch|p1a: Gholdengo|Gholdengo|100/100
|
|upkeep
|turn|36
|
|t:|1743787669
|switch|p1a: Garchomp|Garchomp, M|51/100 tox
|move|p2a: The Constant|Calm Mind|p2a: The Constant
|-boost|p2a: The Constant|spa|1
|-boost|p2a: The Constant|spd|1
|
|-damage|p1a: Garchomp|45/100 tox|[from] psn
|upkeep
|turn|37
|
|t:|1743787673
|switch|p2a: The Stress|Corviknight, F|86/100
|-ability|p2a: The Stress|Pressure
|move|p1a: Garchomp|Dragon Tail|p2a: The Stress
|-resisted|p2a: The Stress
|-damage|p2a: The Stress|77/100
|drag|p2a: The Denial|Sinistcha|100/100
|
|-damage|p1a: Garchomp|32/100 tox|[from] psn
|upkeep
|turn|38
|
|t:|1743787680
|switch|p1a: Moltres|Moltres|81/100
|move|p2a: The Denial|Hex|p1a: Moltres
|-damage|p1a: Moltres|61/100
|
|upkeep
|turn|39
|
|t:|1743787699
|switch|p2a: The Inevitable|Toxapex, F|100/100
|-damage|p2a: The Inevitable|88/100|[from] Stealth Rock
|-damage|p2a: The Inevitable|72/100|[from] Spikes
|move|p1a: Moltres|Roost|p1a: Moltres
|-heal|p1a: Moltres|100/100
|-singleturn|p1a: Moltres|move: Roost
|
|upkeep
|turn|40
|
|t:|1743787716
|switch|p1a: Garchomp|Garchomp, M|32/100 tox
|move|p2a: The Inevitable|Toxic Spikes|p1a: Garchomp
|-sidestart|p1: MiaTaylor612|move: Toxic Spikes
|
|-damage|p1a: Garchomp|26/100 tox|[from] psn
|upkeep
|turn|41
|
|t:|1743787721
|switch|p2a: The Stress|Corviknight, F|77/100
|-ability|p2a: The Stress|Pressure
|move|p1a: Garchomp|Spikes|p2a: The Stress
|-sidestart|p2: SpaceTemmie|Spikes
|
|-damage|p1a: Garchomp|14/100 tox|[from] psn
|upkeep
|turn|42
|
|t:|1743787728
|switch|p1a: Gholdengo|Gholdengo|100/100
|switch|p2a: The Constant|Blissey, F|100/100
|
|upkeep
|turn|43
|
|t:|1743787733
|switch|p1a: Slowking|Slowking-Galar, F|100/100
|-sideend|p1: MiaTaylor612|move: Toxic Spikes|[of] p1a: Slowking
|move|p2a: The Constant|Calm Mind|p2a: The Constant
|-boost|p2a: The Constant|spa|1
|-boost|p2a: The Constant|spd|1
|
|upkeep
|turn|44
|
|t:|1743787743
|move|p2a: The Constant|Seismic Toss|p1a: Slowking
|-damage|p1a: Slowking|75/100
|-prepare|p1a: Slowking|Chilly Reception|[premajor]
|move|p1a: Slowking|Chilly Reception|p1a: Slowking
|-weather|Snowscape
|
|t:|1743787746
|switch|p1a: Iron Valiant|Iron Valiant|100/100|[from] Chilly Reception
|
|-weather|Snowscape|[upkeep]
|upkeep
|turn|45
|
|t:|1743787760
|switch|p2a: The Inevitable|Toxapex, F|100/100
|-damage|p2a: The Inevitable|88/100|[from] Stealth Rock
|-damage|p2a: The Inevitable|64/100|[from] Spikes
|-terastallize|p1a: Iron Valiant|Dark
|move|p1a: Iron Valiant|Knock Off|p2a: The Inevitable
|-damage|p2a: The Inevitable|38/100
|
|-weather|Snowscape|[upkeep]
|upkeep
|turn|46
|
|t:|1743787769
|move|p1a: Iron Valiant|Knock Off|p2a: The Inevitable
|-damage|p2a: The Inevitable|13/100
|move|p2a: The Inevitable|Recover|p2a: The Inevitable
|-heal|p2a: The Inevitable|64/100
|
|-weather|Snowscape|[upkeep]
|upkeep
|turn|47
|
|t:|1743787782
|move|p1a: Iron Valiant|Encore|p2a: The Inevitable
|-start|p2a: The Inevitable|Encore
|move|p2a: The Inevitable|Recover|p2a: The Inevitable
|-heal|p2a: The Inevitable|100/100
|
|-weather|Snowscape|[upkeep]
|upkeep
|turn|48
|
|t:|1743787785
|switch|p2a: The Stress|Corviknight, F|77/100
|-ability|p2a: The Stress|Pressure
|move|p1a: Iron Valiant|Knock Off|p2a: The Stress
|-damage|p2a: The Stress|41/100
|-enditem|p2a: The Stress|Heavy-Duty Boots|[from] move: Knock Off|[of] p1a: Iron Valiant
|
|-weather|none
|upkeep
|turn|49
|
|t:|1743787792
|move|p1a: Iron Valiant|Close Combat|p2a: The Stress
|-damage|p2a: The Stress|0 fnt
|-unboost|p1a: Iron Valiant|def|1
|-unboost|p1a: Iron Valiant|spd|1
|faint|p2a: The Stress
|
|upkeep
|
|t:|1743787794
|switch|p2a: The Trickster|Quagsire, M|100/100
|turn|50
|
|t:|1743787800
|-end|p1a: Iron Valiant|Quark Drive|[silent]
|switch|p1a: Garchomp|Garchomp, M|14/100 tox
|move|p2a: The Trickster|Stealth Rock|p1a: Garchomp
|-sidestart|p1: MiaTaylor612|move: Stealth Rock
|
|-damage|p1a: Garchomp|8/100 tox|[from] psn
|upkeep
|turn|51
|
|t:|1743787806
|switch|p2a: The Denial|Sinistcha|100/100
|move|p1a: Garchomp|Dragon Tail|p2a: The Denial
|-damage|p2a: The Denial|82/100
|drag|p2a: The Trickster|Quagsire, M|100/100
|
|-damage|p1a: Garchomp|0 fnt|[from] psn
|faint|p1a: Garchomp
|upkeep
|
|t:|1743787820
|switch|p1a: Slowking|Slowking-Galar, F|100/100
|turn|52
|
|t:|1743787827
|switch|p2a: The Constant|Blissey, F|100/100
|move|p1a: Slowking|Psychic Noise|p2a: The Constant
|-damage|p2a: The Constant|92/100
|-start|p2a: The Constant|move: Heal Block
|
|upkeep
|turn|53
|
|t:|1743787832
|move|p2a: The Constant|Seismic Toss|p1a: Slowking
|-damage|p1a: Slowking|75/100
|-prepare|p1a: Slowking|Chilly Reception|[premajor]
|move|p1a: Slowking|Chilly Reception|p1a: Slowking
|-weather|Snowscape
|
|t:|1743787836
|switch|p1a: Iron Valiant|Iron Valiant, tera:Dark|100/100|[from] Chilly Reception
|
|-weather|Snowscape|[upkeep]
|-end|p2a: The Constant|move: Heal Block
|upkeep
|turn|54
|
|t:|1743787844
|switch|p2a: The Trickster|Quagsire, M|100/100
|move|p1a: Iron Valiant|Knock Off|p2a: The Trickster
|-damage|p2a: The Trickster|65/100
|-enditem|p2a: The Trickster|Heavy-Duty Boots|[from] move: Knock Off|[of] p1a: Iron Valiant
|
|-weather|Snowscape|[upkeep]
|upkeep
|turn|55
|
|t:|1743787852
|-end|p1a: Iron Valiant|Quark Drive|[silent]
|switch|p1a: Slowking|Slowking-Galar, F|100/100
|move|p2a: The Trickster|Recover|p2a: The Trickster
|-heal|p2a: The Trickster|100/100
|
|-weather|Snowscape|[upkeep]
|upkeep
|turn|56
|
|t:|1743787856
|move|p2a: The Trickster|Earthquake|p1a: Slowking
|-supereffective|p1a: Slowking
|-damage|p1a: Slowking|39/100
|move|p1a: Slowking|Ice Beam|p2a: The Trickster
|-crit|p2a: The Trickster
|-damage|p2a: The Trickster|61/100
|
|-weather|Snowscape|[upkeep]
|upkeep
|turn|57
|
|t:|1743787861
|switch|p1a: Gholdengo|Gholdengo|100/100
|-damage|p1a: Gholdengo|94/100|[from] Stealth Rock
|move|p2a: The Trickster|Recover|p2a: The Trickster
|-heal|p2a: The Trickster|100/100
|
|-weather|none
|upkeep
|turn|58
|
|t:|1743787867
|move|p1a: Gholdengo|Hex|p2a: The Trickster
|-damage|p2a: The Trickster|67/100
|move|p2a: The Trickster|Earthquake|p1a: Gholdengo
|-supereffective|p1a: Gholdengo
|-damage|p1a: Gholdengo|50/100
|
|upkeep
|turn|59
|
|t:|1743787872
|move|p1a: Gholdengo|Hex|p2a: The Trickster
|-damage|p2a: The Trickster|34/100
|move|p2a: The Trickster|Earthquake|p1a: Gholdengo
|-supereffective|p1a: Gholdengo
|-damage|p1a: Gholdengo|4/100
|
|upkeep
|turn|60
|
|t:|1743787878
|move|p1a: Gholdengo|Recover|p1a: Gholdengo
|-heal|p1a: Gholdengo|54/100
|move|p2a: The Trickster|Recover|p2a: The Trickster
|-heal|p2a: The Trickster|84/100
|
|upkeep
|turn|61
|
|t:|1743787882
|move|p1a: Gholdengo|Hex|p2a: The Trickster
|-damage|p2a: The Trickster|46/100
|move|p2a: The Trickster|Earthquake|p1a: Gholdengo
|-supereffective|p1a: Gholdengo
|-damage|p1a: Gholdengo|9/100
|
|upkeep
|turn|62
|
|t:|1743787886
|move|p1a: Gholdengo|Hex|p2a: The Trickster
|-damage|p2a: The Trickster|10/100
|move|p2a: The Trickster|Recover|p2a: The Trickster
|-heal|p2a: The Trickster|60/100
|
|upkeep
|turn|63
|
|t:|1743787893
|move|p1a: Gholdengo|Recover|p1a: Gholdengo
|-heal|p1a: Gholdengo|59/100
|move|p2a: The Trickster|Earthquake|p1a: Gholdengo
|-supereffective|p1a: Gholdengo
|-damage|p1a: Gholdengo|13/100
|
|upkeep
|turn|64
|
|t:|1743787899
|move|p1a: Gholdengo|Recover|p1a: Gholdengo
|-heal|p1a: Gholdengo|63/100
|move|p2a: The Trickster|Recover|p2a: The Trickster
|-heal|p2a: The Trickster|100/100
|
|upkeep
|turn|65
|
|t:|1743787902
|switch|p1a: Moltres|Moltres|100/100
|move|p2a: The Trickster|Earthquake|p1a: Moltres
|-immune|p1a: Moltres
|
|upkeep
|turn|66
|
|t:|1743787905
|move|p2a: The Trickster|Toxic|p1a: Moltres
|-status|p1a: Moltres|tox
|move|p1a: Moltres|Roar|p2a: The Trickster
|drag|p2a: The Inevitable|Toxapex, F|100/100
|-damage|p2a: The Inevitable|88/100|[from] Stealth Rock
|-damage|p2a: The Inevitable|64/100|[from] Spikes
|
|-damage|p1a: Moltres|94/100 tox|[from] psn
|upkeep
|turn|67
|
|t:|1743787908
|switch|p1a: Gholdengo|Gholdengo|63/100
|-damage|p1a: Gholdengo|57/100|[from] Stealth Rock
|move|p2a: The Inevitable|Recover|p2a: The Inevitable
|-heal|p2a: The Inevitable|100/100
|
|upkeep
|turn|68
|
|t:|1743787911
|switch|p2a: The Constant|Blissey, F|92/100
|move|p1a: Gholdengo|Recover|p1a: Gholdengo
|-heal|p1a: Gholdengo|100/100
|
|upkeep
|turn|69
|
|t:|1743787919
|switch|p1a: Slowking|Slowking-Galar, F|72/100
|switch|p2a: The Inevitable|Toxapex, F|100/100
|-damage|p2a: The Inevitable|88/100|[from] Stealth Rock
|-damage|p2a: The Inevitable|64/100|[from] Spikes
|
|upkeep
|turn|70
|
|t:|1743787923
|switch|p2a: The Constant|Blissey, F|92/100
|move|p1a: Slowking|Psychic Noise|p2a: The Constant
|-damage|p2a: The Constant|82/100
|-start|p2a: The Constant|move: Heal Block
|
|upkeep
|turn|71
|
|t:|1743787932
|move|p2a: The Constant|Seismic Toss|p1a: Slowking
|-damage|p1a: Slowking|47/100
|-prepare|p1a: Slowking|Chilly Reception|[premajor]
|move|p1a: Slowking|Chilly Reception|p1a: Slowking
|-weather|Snowscape
|
|t:|1743787936
|switch|p1a: Kingambit|Kingambit, F|100/100|[from] Chilly Reception
|-damage|p1a: Kingambit|94/100|[from] Stealth Rock
|-activate|p1a: Kingambit|ability: Supreme Overlord
|-start|p1a: Kingambit|fallen1|[silent]
|
|-weather|Snowscape|[upkeep]
|-heal|p1a: Kingambit|100/100|[from] item: Leftovers
|-end|p2a: The Constant|move: Heal Block
|upkeep
|turn|72
|-message|SpaceTemmie forfeited.
|
|win|MiaTaylor612
|raw|MiaTaylor612's rating: 1622 &rarr; <strong>1642</strong><br />(+20 for winning)
|raw|SpaceTemmie's rating: 1618 &rarr; <strong>1598</strong><br />(-20 for losing)
|l|☆SpaceTemmie
|player|p2|
|l|☆MiaTaylor612
|player|p1|
