|j|☆he eh HC ft 5
|j|☆Locky_Gamess__
|t:|1743804307
|gametype|singles
|player|p1|he eh HC ft 5|n|1190
|player|p2|Locky_Gamess__|lucas-gen4pt|1233
|teamsize|p1|6
|teamsize|p2|6
|gen|9
|tier|[Gen 9] OU
|rated|
|rule|HP Percentage Mod: HP is shown in percentages
|rule|Endless Battle Clause: Forcing endless battles is banned
|rule|Species Clause: Limit one of each Pokémon
|rule|OHKO Clause: OHKO moves are banned
|rule|Evasion Items Clause: Evasion items are banned
|rule|Evasion Moves Clause: Evasion moves are banned
|rule|Sleep Moves Clause: Sleep-inducing moves are banned
|clearpoke
|poke|p1|Tsareena, F|
|poke|p1|Meowscarada, F|
|poke|p1|Gardevoir, F|
|poke|p1|Tinkaton, F|
|poke|p1|Salazzle, F|
|poke|p1|Hatterene, F|
|poke|p2|Zamazenta-*|
|poke|p2|Iron Treads|
|poke|p2|Ogerpon-Wellspring, F|
|poke|p2|Weavile, F|
|poke|p2|Slowking-Galar, M|
|poke|p2|Dragapult, F|
|teampreview
|j| Ievilcom
|inactive|Battle timer is ON: inactive players will automatically lose when time's up. (requested by he eh HC ft 5)
|
|t:|1743804351
|start
|switch|p1a: Gardevoir|Gardevoir, F, shiny|100/100
|switch|p2a: Iron Treads|Iron Treads, shiny|100/100
|turn|1
|
|t:|1743804365
|switch|p1a: Hatterene|Hatterene, F, shiny|100/100
|move|p2a: Iron Treads|Knock Off|p1a: Hatterene
|-damage|p1a: Hatterene|73/100
|-enditem|p1a: Hatterene|Leftovers|[from] move: Knock Off|[of] p2a: Iron Treads
|
|upkeep
|turn|2
|
|t:|1743804383
|switch|p1a: Meowscarada|Meowscarada, F, shiny|100/100
|move|p2a: Iron Treads|Volt Switch|p1a: Meowscarada
|-resisted|p1a: Meowscarada
|-damage|p1a: Meowscarada|93/100
|
|t:|1743804392
|-end|p2a: Iron Treads|Quark Drive|[silent]
|switch|p2a: Weavile|Weavile, F|100/100|[from] Volt Switch
|
|upkeep
|turn|3
|
|t:|1743804398
|switch|p1a: Tinkaton|Tinkaton, F, shiny|100/100
|-item|p1a: Tinkaton|Air Balloon
|move|p2a: Weavile|Knock Off|p1a: Tinkaton
|-resisted|p1a: Tinkaton
|-damage|p1a: Tinkaton|71/100
|-enditem|p1a: Tinkaton|Air Balloon
|-enditem|p2a: Weavile|Heavy-Duty Boots|[silent]|[from] ability: Pickpocket|[of] p2a: Weavile
|-item|p1a: Tinkaton|Heavy-Duty Boots|[from] ability: Pickpocket|[of] p2a: Weavile
|
|upkeep
|turn|4
|
|t:|1743804407
|switch|p2a: Iron Treads|Iron Treads, shiny|100/100
|move|p1a: Tinkaton|Gigaton Hammer|p2a: Iron Treads
|-resisted|p2a: Iron Treads
|-damage|p2a: Iron Treads|81/100
|
|upkeep
|turn|5
|
|t:|1743804415
|move|p2a: Iron Treads|Volt Switch|p1a: Tinkaton
|-damage|p1a: Tinkaton|61/100
|
|t:|1743804424
|-end|p2a: Iron Treads|Quark Drive|[silent]
|switch|p2a: Ogerpon|Ogerpon-Wellspring, F|100/100|[from] Volt Switch
|move|p1a: Tinkaton|Stealth Rock|p2a: Ogerpon
|-sidestart|p2: Locky_Gamess__|move: Stealth Rock
|
|upkeep
|turn|6
|
|t:|1743804445
|switch|p1a: Gardevoir|Gardevoir, F, shiny|100/100
|-ability|p1a: Gardevoir|Water Absorb|[from] ability: Trace|[of] p2a: Ogerpon
|move|p2a: Ogerpon|Ivy Cudgel|p1a: Gardevoir|[anim] Ivy Cudgel Water
|-immune|p1a: Gardevoir|[from] ability: Water Absorb
|
|upkeep
|turn|7
|
|t:|1743804457
|move|p1a: Gardevoir|Moonblast|p2a: Ogerpon
|-damage|p2a: Ogerpon|44/100
|move|p2a: Ogerpon|U-turn|p1a: Gardevoir
|-damage|p1a: Gardevoir|50/100
|
|t:|1743804473
|switch|p2a: Iron Treads|Iron Treads, shiny|81/100|[from] U-turn
|
|upkeep
|turn|8
|
|t:|1743804478
|switch|p1a: Tinkaton|Tinkaton, F, shiny|61/100
|move|p2a: Iron Treads|Rapid Spin|p1a: Tinkaton
|-resisted|p1a: Tinkaton
|-damage|p1a: Tinkaton|53/100
|-boost|p2a: Iron Treads|spe|1
|-sideend|p2: Locky_Gamess__|Stealth Rock|[from] move: Rapid Spin|[of] p2a: Iron Treads
|
|upkeep
|turn|9
|
|t:|1743804502
|-terastallize|p1a: Tinkaton|Flying
|move|p2a: Iron Treads|Stealth Rock|p1a: Tinkaton
|-sidestart|p1: he eh HC ft 5|move: Stealth Rock
|move|p1a: Tinkaton|Encore|p2a: Iron Treads
|-start|p2a: Iron Treads|Encore
|
|upkeep
|turn|10
|
|t:|1743804520
|-end|p2a: Iron Treads|Quark Drive|[silent]
|switch|p2a: Dragapult|Dragapult, F|100/100
|move|p1a: Tinkaton|Stealth Rock|p2a: Dragapult
|-sidestart|p2: Locky_Gamess__|move: Stealth Rock
|
|upkeep
|turn|11
|
|t:|1743804531
|move|p2a: Dragapult|Will-O-Wisp|p1a: Tinkaton
|-status|p1a: Tinkaton|brn
|move|p1a: Tinkaton|Thunder Wave|p2a: Dragapult
|-status|p2a: Dragapult|par
|
|-damage|p1a: Tinkaton|47/100 brn|[from] brn
|upkeep
|turn|12
|inactive|Locky_Gamess__ has 120 seconds left.
|
|t:|1743804576
|switch|p2a: Iron Treads|Iron Treads, shiny|81/100
|move|p1a: Tinkaton|Encore||[still]
|-fail|p1a: Tinkaton
|
|-damage|p1a: Tinkaton|40/100 brn|[from] brn
|upkeep
|turn|13
|
|t:|1743804588
|move|p2a: Iron Treads|Rapid Spin|p1a: Tinkaton
|-damage|p1a: Tinkaton|25/100 brn
|-boost|p2a: Iron Treads|spe|1
|-sideend|p2: Locky_Gamess__|Stealth Rock|[from] move: Rapid Spin|[of] p2a: Iron Treads
|move|p1a: Tinkaton|Gigaton Hammer|p2a: Iron Treads
|-resisted|p2a: Iron Treads
|-damage|p2a: Iron Treads|72/100
|
|-damage|p1a: Tinkaton|19/100 brn|[from] brn
|upkeep
|turn|14
|
|t:|1743804598
|switch|p1a: Tsareena|Tsareena, F, shiny|100/100
|-damage|p1a: Tsareena|88/100|[from] Stealth Rock
|move|p2a: Iron Treads|Knock Off|p1a: Tsareena
|-damage|p1a: Tsareena|65/100
|-enditem|p1a: Tsareena|Assault Vest|[from] move: Knock Off|[of] p2a: Iron Treads
|
|upkeep
|turn|15
|
|t:|1743804608
|move|p2a: Iron Treads|Volt Switch|p1a: Tsareena
|-resisted|p1a: Tsareena
|-damage|p1a: Tsareena|59/100
|
|t:|1743804611
|-end|p2a: Iron Treads|Quark Drive|[silent]
|switch|p2a: Dragapult|Dragapult, F|100/100 par|[from] Volt Switch
|move|p1a: Tsareena|Rapid Spin|p2a: Dragapult
|-immune|p2a: Dragapult
|
|upkeep
|turn|16
|
|t:|1743804616
|move|p2a: Dragapult|U-turn|p1a: Tsareena
|-supereffective|p1a: Tsareena
|-damage|p1a: Tsareena|27/100
|
|t:|1743804624
|switch|p2a: Iron Treads|Iron Treads, shiny|72/100|[from] U-turn
|move|p1a: Tsareena|Triple Axel|p2a: Iron Treads
|-damage|p2a: Iron Treads|67/100
|-damage|p2a: Iron Treads|56/100
|-damage|p2a: Iron Treads|38/100
|-hitcount|p2a: Iron Treads|3
|
|upkeep
|turn|17
|
|t:|1743804639
|move|p2a: Iron Treads|Knock Off|p1a: Tsareena
|-damage|p1a: Tsareena|11/100
|move|p1a: Tsareena|High Jump Kick|p2a: Iron Treads
|-supereffective|p2a: Iron Treads
|-damage|p2a: Iron Treads|0 fnt
|faint|p2a: Iron Treads
|-end|p2a: Iron Treads|Quark Drive|[silent]
|
|upkeep
|
|t:|1743804646
|switch|p2a: Ogerpon|Ogerpon-Wellspring, F|44/100
|turn|18
|
|t:|1743804654
|switch|p1a: Tinkaton|Tinkaton, F, shiny, tera:Flying|19/100 brn
|move|p2a: Ogerpon|Power Whip|p1a: Tinkaton
|-resisted|p1a: Tinkaton
|-damage|p1a: Tinkaton|0 fnt
|faint|p1a: Tinkaton
|
|upkeep
|
|t:|1743804659
|switch|p1a: Meowscarada|Meowscarada, F, shiny|93/100
|-damage|p1a: Meowscarada|80/100|[from] Stealth Rock
|turn|19
|
|t:|1743804664
|switch|p2a: Zamazenta|Zamazenta|100/100
|-ability|p2a: Zamazenta|Dauntless Shield|boost
|-boost|p2a: Zamazenta|def|1
|move|p1a: Meowscarada|U-turn|p2a: Zamazenta
|-start|p1a: Meowscarada|typechange|Bug|[from] ability: Protean
|-resisted|p2a: Zamazenta
|-damage|p2a: Zamazenta|86/100
|
|t:|1743804667
|switch|p1a: Gardevoir|Gardevoir, F, shiny|50/100|[from] U-turn
|-damage|p1a: Gardevoir|38/100|[from] Stealth Rock
|-ability|p1a: Gardevoir|Dauntless Shield|boost
|-boost|p1a: Gardevoir|def|1
|-ability|p1a: Gardevoir|Dauntless Shield|[from] ability: Trace|[of] p2a: Zamazenta
|
|upkeep
|turn|20
|
|t:|1743804674
|move|p1a: Gardevoir|Moonblast|p2a: Zamazenta
|-supereffective|p2a: Zamazenta
|-crit|p2a: Zamazenta
|-damage|p2a: Zamazenta|0 fnt
|faint|p2a: Zamazenta
|
|upkeep
|
|t:|1743804686
|switch|p2a: Slowking|Slowking-Galar, M, shiny|100/100
|turn|21
|
|t:|1743804695
|switch|p1a: Tsareena|Tsareena, F, shiny|11/100
|-damage|p1a: Tsareena|0 fnt|[from] Stealth Rock
|faint|p1a: Tsareena
|move|p2a: Slowking|Thunder Wave|p1: Tsareena|[notarget]
|-fail|p2a: Slowking
|
|upkeep
|
|t:|1743804699
|switch|p1a: Meowscarada|Meowscarada, F, shiny|80/100
|-damage|p1a: Meowscarada|68/100|[from] Stealth Rock
|turn|22
|l| Ievilcom
|
|t:|1743804709
|move|p1a: Meowscarada|Knock Off|p2a: Slowking
|-start|p1a: Meowscarada|typechange|Dark|[from] ability: Protean
|-supereffective|p2a: Slowking
|-damage|p2a: Slowking|0 fnt
|-enditem|p2a: Slowking|Heavy-Duty Boots|[from] move: Knock Off|[of] p1a: Meowscarada
|faint|p2a: Slowking
|
|upkeep
|
|t:|1743804714
|switch|p2a: Weavile|Weavile, F|100/100
|turn|23
|inactive|he eh HC ft 5 has 120 seconds left.
|
|t:|1743804754
|move|p2a: Weavile|Swords Dance|p2a: Weavile
|-boost|p2a: Weavile|atk|2
|move|p1a: Meowscarada|Knock Off|p2a: Weavile
|-resisted|p2a: Weavile
|-damage|p2a: Weavile|61/100
|-enditem|p1a: Meowscarada|Choice Band|[silent]|[from] ability: Pickpocket|[of] p1a: Meowscarada
|-item|p2a: Weavile|Choice Band|[from] ability: Pickpocket|[of] p1a: Meowscarada
|
|upkeep
|turn|24
|
|t:|1743804794
|move|p2a: Weavile|Triple Axel|p1a: Meowscarada
|-damage|p1a: Meowscarada|20/100
|-damage|p1a: Meowscarada|0 fnt
|faint|p1a: Meowscarada
|-hitcount|p1: Meowscarada|2
|
|upkeep
|
|t:|1743804800
|switch|p1a: Gardevoir|Gardevoir, F, shiny|38/100
|-damage|p1a: Gardevoir|25/100|[from] Stealth Rock
|-ability|p1a: Gardevoir|Pickpocket|[from] ability: Trace|[of] p2a: Weavile
|turn|25
|
|t:|1743804819
|switch|p2a: Dragapult|Dragapult, F|100/100 par
|move|p1a: Gardevoir|Moonblast|p2a: Dragapult
|-supereffective|p2a: Dragapult
|-damage|p2a: Dragapult|0 fnt
|faint|p2a: Dragapult
|
|upkeep
|
|t:|1743804820
|switch|p2a: Weavile|Weavile, F|61/100
|turn|26
|
|t:|1743804825
|switch|p1a: Hatterene|Hatterene, F, shiny|73/100
|-damage|p1a: Hatterene|61/100|[from] Stealth Rock
|move|p2a: Weavile|Ice Shard|p1a: Hatterene
|-damage|p1a: Hatterene|25/100
|
|upkeep
|turn|27
|
|t:|1743804834
|switch|p2a: Ogerpon|Ogerpon-Wellspring, F|44/100
|move|p1a: Hatterene|Draining Kiss|p2a: Ogerpon
|-damage|p2a: Ogerpon|10/100
|-heal|p1a: Hatterene|49/100|[from] drain|[of] p2a: Ogerpon
|
|upkeep
|turn|28
|
|t:|1743804839
|move|p2a: Ogerpon|Power Whip|p1a: Hatterene
|-damage|p1a: Hatterene|0 fnt
|faint|p1a: Hatterene
|
|upkeep
|
|t:|1743804843
|switch|p1a: Gardevoir|Gardevoir, F, shiny|25/100
|-damage|p1a: Gardevoir|13/100|[from] Stealth Rock
|-ability|p1a: Gardevoir|Water Absorb|[from] ability: Trace|[of] p2a: Ogerpon
|turn|29
|
|t:|1743804863
|move|p1a: Gardevoir|Moonblast|p2a: Ogerpon
|-damage|p2a: Ogerpon|0 fnt
|faint|p2a: Ogerpon
|
|upkeep
|
|t:|1743804865
|switch|p2a: Weavile|Weavile, F|61/100
|turn|30
|
|t:|1743804866
|-terastallize|p2a: Weavile|Ice
|move|p1a: Gardevoir|Moonblast|p2a: Weavile
|-damage|p2a: Weavile|0 fnt
|faint|p2a: Weavile
|
|win|he eh HC ft 5
|raw|he eh HC ft 5's rating: 1190 &rarr; <strong>1218</strong><br />(+28 for winning)
|raw|Locky_Gamess__'s rating: 1233 &rarr; <strong>1205</strong><br />(-28 for losing)
