|j|☆Service Third
|j|☆nic546
|t:|1743912991
|gametype|singles
|player|p1|Service Third|caitlin|1328
|player|p2|nic546|ghetsis|1378
|teamsize|p1|6
|teamsize|p2|6
|gen|9
|tier|[Gen 9] OU
|rated|
|rule|HP Percentage Mod: HP is shown in percentages
|rule|Endless Battle Clause: Forcing endless battles is banned
|rule|Species Clause: Limit one of each Pokémon
|rule|OHKO Clause: OHKO moves are banned
|rule|Evasion Items Clause: Evasion items are banned
|rule|Evasion Moves Clause: Evasion moves are banned
|rule|Sleep Moves Clause: Sleep-inducing moves are banned
|clearpoke
|poke|p1|Walking Wake|
|poke|p1|Hatterene, F|
|poke|p1|Leavanny, F|
|poke|p1|Slither Wing|
|poke|p1|Torkoal, F|
|poke|p1|Ceruledge, F|
|poke|p2|Moltres|
|poke|p2|Gliscor, F|
|poke|p2|Corviknight, M|
|poke|p2|Darkrai|
|poke|p2|Dragapult, F|
|poke|p2|Iron Treads|
|teampreview
|inactive|Battle timer is ON: inactive players will automatically lose when time's up. (requested by Service Third)
|
|t:|1743913010
|start
|switch|p1a: Torkoal|Torkoal, F|100/100
|switch|p2a: Gliscor|Gliscor, F|100/100
|-weather|SunnyDay|[from] ability: Drought|[of] p1a: Torkoal
|turn|1
|
|t:|1743913014
|move|p2a: Gliscor|Toxic|p1a: Torkoal
|-status|p1a: Torkoal|tox
|move|p1a: Torkoal|Will-O-Wisp|p2a: Gliscor
|-status|p2a: Gliscor|brn
|
|-weather|SunnyDay|[upkeep]
|-damage|p1a: Torkoal|94/100 tox|[from] psn
|-damage|p2a: Gliscor|94/100 brn|[from] brn
|upkeep
|turn|2
|
|t:|1743913019
|switch|p1a: Walking Wake|Walking Wake|100/100
|-activate|p1a: Walking Wake|ability: Protosynthesis
|-start|p1a: Walking Wake|protosynthesisspa
|move|p2a: Gliscor|Spikes|p1a: Walking Wake
|-sidestart|p1: Service Third|Spikes
|
|-weather|SunnyDay|[upkeep]
|-damage|p2a: Gliscor|88/100 brn|[from] brn
|upkeep
|turn|3
|
|t:|1743913024
|move|p1a: Walking Wake|Hydro Steam|p2a: Gliscor
|-supereffective|p2a: Gliscor
|-damage|p2a: Gliscor|0 fnt
|faint|p2a: Gliscor
|
|-weather|SunnyDay|[upkeep]
|upkeep
|
|t:|1743913028
|switch|p2a: Dragapult|Dragapult, F|100/100
|turn|4
|
|t:|1743913033
|move|p2a: Dragapult|Hex|p1a: Walking Wake
|-damage|p1a: Walking Wake|68/100
|move|p1a: Walking Wake|Hydro Steam|p2a: Dragapult
|-resisted|p2a: Dragapult
|-damage|p2a: Dragapult|6/100
|
|-weather|SunnyDay|[upkeep]
|upkeep
|turn|5
|
|t:|1743913041
|-end|p1a: Walking Wake|Protosynthesis|[silent]
|switch|p1a: Slither Wing|Slither Wing|100/100
|-damage|p1a: Slither Wing|88/100|[from] Spikes
|-activate|p1a: Slither Wing|ability: Protosynthesis
|-start|p1a: Slither Wing|protosynthesisatk
|move|p2a: Dragapult|Dragon Darts|p1a: Slither Wing
|-damage|p1a: Slither Wing|62/100
|-anim|p2a: Dragapult|Dragon Darts|p1a: Slither Wing
|-damage|p1a: Slither Wing|32/100
|
|-weather|SunnyDay|[upkeep]
|upkeep
|turn|6
|
|t:|1743913051
|move|p1a: Slither Wing|First Impression|p2a: Dragapult
|-resisted|p2a: Dragapult
|-damage|p2a: Dragapult|0 fnt
|faint|p2a: Dragapult
|
|-weather|SunnyDay|[upkeep]
|upkeep
|
|t:|1743913056
|switch|p2a: Darkrai|Darkrai|100/100
|turn|7
|
|t:|1743913059
|move|p2a: Darkrai|Dark Pulse|p1a: Slither Wing
|-resisted|p1a: Slither Wing
|-damage|p1a: Slither Wing|16/100
|move|p1a: Slither Wing|U-turn|p2a: Darkrai
|-supereffective|p2a: Darkrai
|-damage|p2a: Darkrai|0 fnt
|faint|p2a: Darkrai
|-message|nic546 forfeited.
|
|win|Service Third
|raw|Service Third's rating: 1328 &rarr; <strong>1351</strong><br />(+23 for winning)
|raw|nic546's rating: 1378 &rarr; <strong>1355</strong><br />(-23 for losing)
|l|☆nic546
|player|p2|
|l|☆Service Third
|player|p1|
