|j|☆kqami
|j|☆BlueDash
|t:|1743885305
|gametype|singles
|player|p1|kqami|steven|1180
|player|p2|BlueDash|shadowtriad|1163
|teamsize|p1|6
|teamsize|p2|6
|gen|9
|tier|[Gen 9] OU
|rated|
|rule|HP Percentage Mod: HP is shown in percentages
|rule|Endless Battle Clause: Forcing endless battles is banned
|rule|Species Clause: Limit one of each Pokémon
|rule|OHKO Clause: OHKO moves are banned
|rule|Evasion Items Clause: Evasion items are banned
|rule|Evasion Moves Clause: Evasion moves are banned
|rule|Sleep Moves Clause: Sleep-inducing moves are banned
|clearpoke
|poke|p1|Ceruledge, M|
|poke|p1|Rillaboom, M|
|poke|p1|Greninja-*, M|
|poke|p1|Spidops, M|
|poke|p1|Electivire, M|
|poke|p1|Iron Crown|
|poke|p2|Gallade, M|
|poke|p2|Flygon, M|
|poke|p2|Umbreon, M|
|poke|p2|Empoleon, M|
|poke|p2|Garchomp, M|
|poke|p2|Corviknight, M|
|teampreview
|inactive|Battle timer is ON: inactive players will automatically lose when time's up. (requested by kqami)
|
|t:|1743885311
|start
|switch|p1a: Spiderman|Spidops, M, shiny|100/100
|switch|p2a: Garchomp|Garchomp, M, shiny|100/100
|turn|1
|
|t:|1743885315
|move|p2a: Garchomp|Fire Blast|p1a: Spiderman|[miss]
|-miss|p2a: Garchomp|p1a: Spiderman
|move|p1a: Spiderman|Sticky Web|p2a: Garchomp
|-sidestart|p2: BlueDash|move: Sticky Web
|
|upkeep
|turn|2
|
|t:|1743885332
|move|p2a: Garchomp|Stealth Rock|p1a: Spiderman
|-sidestart|p1: kqami|move: Stealth Rock
|move|p1a: Spiderman|Knock Off|p2a: Garchomp
|-damage|p2a: Garchomp|75/100
|-damage|p1a: Spiderman|88/100|[from] ability: Rough Skin|[of] p2a: Garchomp
|-enditem|p2a: Garchomp|Heavy-Duty Boots|[from] move: Knock Off|[of] p1a: Spiderman
|
|upkeep
|turn|3
|
|t:|1743885341
|move|p2a: Garchomp|Fire Blast|p1a: Spiderman
|-supereffective|p1a: Spiderman
|-damage|p1a: Spiderman|25/100
|move|p1a: Spiderman|Poison Jab|p2a: Garchomp
|-resisted|p2a: Garchomp
|-damage|p2a: Garchomp|65/100
|-damage|p1a: Spiderman|13/100|[from] ability: Rough Skin|[of] p2a: Garchomp
|
|upkeep
|turn|4
|
|t:|1743885347
|move|p2a: Garchomp|Earthquake|p1a: Spiderman
|-resisted|p1a: Spiderman
|-damage|p1a: Spiderman|0 fnt
|faint|p1a: Spiderman
|
|upkeep
|
|t:|1743885356
|switch|p1a: Greninja|Greninja, M|100/100
|-damage|p1a: Greninja|88/100|[from] Stealth Rock
|turn|5
|
|t:|1743885366
|switch|p2a: Blacky|Umbreon, M, shiny|100/100
|-activate|p2a: Blacky|move: Sticky Web
|-unboost|p2a: Blacky|spe|1
|-terastallize|p1a: Greninja|Water
|move|p1a: Greninja|Surf|p2a: Blacky
|-damage|p2a: Blacky|70/100
|
|-heal|p2a: Blacky|76/100|[from] item: Leftovers
|upkeep
|turn|6
|
|t:|1743885378
|switch|p1a: Rillaboom|Rillaboom, M|100/100
|-damage|p1a: Rillaboom|88/100|[from] Stealth Rock
|-fieldstart|move: Grassy Terrain|[from] ability: Grassy Surge|[of] p1a: Rillaboom
|move|p2a: Blacky|Toxic|p1a: Rillaboom
|-status|p1a: Rillaboom|tox
|
|-heal|p1a: Rillaboom|94/100 tox|[from] Grassy Terrain
|-heal|p2a: Blacky|82/100|[from] Grassy Terrain
|-heal|p2a: Blacky|88/100|[from] item: Leftovers
|-damage|p1a: Rillaboom|88/100 tox|[from] psn
|upkeep
|turn|7
|
|t:|1743885386
|move|p1a: Rillaboom|Drain Punch|p2a: Blacky
|-supereffective|p2a: Blacky
|-damage|p2a: Blacky|26/100
|-heal|p1a: Rillaboom|100/100 tox|[from] drain|[of] p2a: Blacky
|move|p2a: Blacky|Foul Play|p1a: Rillaboom
|-damage|p1a: Rillaboom|45/100 tox
|
|-heal|p1a: Rillaboom|51/100 tox|[from] Grassy Terrain
|-heal|p2a: Blacky|32/100|[from] Grassy Terrain
|-heal|p2a: Blacky|39/100|[from] item: Leftovers
|-damage|p1a: Rillaboom|39/100 tox|[from] psn
|upkeep
|turn|8
|
|t:|1743885393
|switch|p2a: Corviknight|Corviknight, M, shiny|100/100
|move|p1a: Rillaboom|Drain Punch|p2a: Corviknight
|-damage|p2a: Corviknight|65/100
|-heal|p1a: Rillaboom|59/100 tox|[from] drain|[of] p2a: Corviknight
|-damage|p1a: Rillaboom|43/100 tox|[from] item: Rocky Helmet|[of] p2a: Corviknight
|
|-heal|p1a: Rillaboom|49/100 tox|[from] Grassy Terrain
|-damage|p1a: Rillaboom|31/100 tox|[from] psn
|upkeep
|turn|9
|
|t:|1743885402
|move|p1a: Rillaboom|Drain Punch|p2a: Corviknight
|-damage|p2a: Corviknight|30/100
|-heal|p1a: Rillaboom|51/100 tox|[from] drain|[of] p2a: Corviknight
|-damage|p1a: Rillaboom|35/100 tox|[from] item: Rocky Helmet|[of] p2a: Corviknight
|move|p2a: Corviknight|Defog|p1a: Rillaboom
|-unboost|p1a: Rillaboom|evasion|1
|-sideend|p1: kqami|Stealth Rock|[from] move: Defog|[of] p2a: Corviknight
|-sideend|p2: BlueDash|Sticky Web|[from] move: Defog|[of] p2a: Corviknight
|-fieldend|move: Grassy Terrain
|
|-damage|p1a: Rillaboom|10/100 tox|[from] psn
|upkeep
|turn|10
|
|t:|1743885409
|move|p1a: Rillaboom|Drain Punch|p2a: Corviknight
|-damage|p2a: Corviknight|0 fnt
|-heal|p1a: Rillaboom|28/100 tox|[from] drain|[of] p2a: Corviknight
|-damage|p1a: Rillaboom|11/100 tox|[from] item: Rocky Helmet|[of] p2a: Corviknight
|faint|p2a: Corviknight
|
|-damage|p1a: Rillaboom|0 fnt|[from] psn
|faint|p1a: Rillaboom
|upkeep
|
|t:|1743885419
|switch|p1a: Greninja|Greninja, M, tera:Water|88/100
|switch|p2a: Empoleon|Empoleon, M, shiny|100/100
|turn|11
|
|t:|1743885426
|move|p1a: Greninja|Dark Pulse|p2a: Empoleon
|-damage|p2a: Empoleon|80/100
|move|p2a: Empoleon|Flash Cannon|p1a: Greninja
|-resisted|p1a: Greninja
|-damage|p1a: Greninja|55/100
|
|upkeep
|turn|12
|
|t:|1743885431
|move|p1a: Greninja|Dark Pulse|p2a: Empoleon
|-damage|p2a: Empoleon|59/100
|move|p2a: Empoleon|Flash Cannon|p1a: Greninja
|-resisted|p1a: Greninja
|-damage|p1a: Greninja|22/100
|
|upkeep
|turn|13
|
|t:|1743885439
|switch|p1a: Iron Crown|Iron Crown|100/100
|-enditem|p1a: Iron Crown|Booster Energy
|-activate|p1a: Iron Crown|ability: Quark Drive|[fromitem]
|-start|p1a: Iron Crown|quarkdrivespa
|move|p2a: Empoleon|Flash Cannon|p1a: Iron Crown
|-resisted|p1a: Iron Crown
|-damage|p1a: Iron Crown|78/100
|
|upkeep
|turn|14
|
|t:|1743885446
|move|p1a: Iron Crown|Agility|p1a: Iron Crown
|-boost|p1a: Iron Crown|spe|2
|move|p2a: Empoleon|Surf|p1a: Iron Crown
|-damage|p1a: Iron Crown|32/100
|
|upkeep
|turn|15
|
|t:|1743885452
|move|p1a: Iron Crown|Psychic|p2a: Empoleon
|-resisted|p2a: Empoleon
|-damage|p2a: Empoleon|40/100
|move|p2a: Empoleon|Surf|p1a: Iron Crown
|-damage|p1a: Iron Crown|0 fnt
|faint|p1a: Iron Crown
|-end|p1a: Iron Crown|Quark Drive|[silent]
|
|upkeep
|
|t:|1743885457
|switch|p1a: Electivire|Electivire, M|100/100
|turn|16
|
|t:|1743885460
|move|p1a: Electivire|Ice Punch|p2a: Empoleon
|-resisted|p2a: Empoleon
|-damage|p2a: Empoleon|34/100
|move|p2a: Empoleon|Flash Cannon|p1a: Electivire
|-resisted|p1a: Electivire
|-damage|p1a: Electivire|75/100
|
|upkeep
|turn|17
|
|t:|1743885466
|switch|p2a: Blacky|Umbreon, M, shiny|39/100
|move|p1a: Electivire|Thunder Punch|p2a: Blacky
|-damage|p2a: Blacky|7/100
|
|-heal|p2a: Blacky|13/100|[from] item: Leftovers
|upkeep
|turn|18
|
|t:|1743885468
|move|p1a: Electivire|Thunder Punch|p2a: Blacky
|-damage|p2a: Blacky|0 fnt
|faint|p2a: Blacky
|
|upkeep
|
|t:|1743885472
|switch|p2a: Garchomp|Garchomp, M, shiny|65/100
|turn|19
|
|t:|1743885475
|move|p2a: Garchomp|Earthquake|p1a: Electivire
|-supereffective|p1a: Electivire
|-damage|p1a: Electivire|0 fnt
|faint|p1a: Electivire
|
|upkeep
|
|t:|1743885481
|switch|p1a: GhostReaper|Ceruledge, M|100/100
|turn|20
|
|t:|1743885486
|move|p2a: Garchomp|Earthquake|p1a: GhostReaper
|-supereffective|p1a: GhostReaper
|-enditem|p1a: GhostReaper|Focus Sash
|-damage|p1a: GhostReaper|1/100
|-ability|p1a: GhostReaper|Weak Armor|boost
|-unboost|p1a: GhostReaper|def|1
|-boost|p1a: GhostReaper|spe|2
|move|p1a: GhostReaper|Swords Dance|p1a: GhostReaper
|-boost|p1a: GhostReaper|atk|2
|
|upkeep
|turn|21
|
|t:|1743885492
|move|p1a: GhostReaper|Bitter Blade|p2a: Garchomp
|-resisted|p2a: Garchomp
|-damage|p2a: Garchomp|20/100
|-heal|p1a: GhostReaper|28/100|[from] drain|[of] p2a: Garchomp
|-damage|p1a: GhostReaper|16/100|[from] ability: Rough Skin|[of] p2a: Garchomp
|move|p2a: Garchomp|Earthquake|p1a: GhostReaper
|-supereffective|p1a: GhostReaper
|-damage|p1a: GhostReaper|0 fnt
|faint|p1a: GhostReaper
|
|upkeep
|
|t:|1743885496
|switch|p1a: Greninja|Greninja, M, tera:Water|22/100
|turn|22
|
|t:|1743885502
|move|p1a: Greninja|Dark Pulse|p2a: Garchomp
|-damage|p2a: Garchomp|0 fnt
|faint|p2a: Garchomp
|-ability|p1a: Greninja|Battle Bond|boost
|-boost|p1a: Greninja|atk|1
|-boost|p1a: Greninja|spa|1
|-boost|p1a: Greninja|spe|1
|-activate|p1a: Greninja|ability: Battle Bond
|
|upkeep
|
|t:|1743885505
|switch|p2a: Empoleon|Empoleon, M, shiny|34/100
|turn|23
|
|t:|1743885508
|move|p2a: Empoleon|Vacuum Wave|p1a: Greninja
|-damage|p1a: Greninja|0 fnt
|faint|p1a: Greninja
|
|win|BlueDash
|raw|kqami's rating: 1180 &rarr; <strong>1154</strong><br />(-26 for losing)
|raw|BlueDash's rating: 1163 &rarr; <strong>1189</strong><br />(+26 for winning)
|l|☆kqami
|player|p1|
|l|☆BlueDash
|player|p2|
