|j|☆EpicUmbreon29
|j|☆VallNB
|t:|1743823296
|gametype|singles
|player|p1|EpicUmbreon29|grimsley|1654
|player|p2|VallNB|102|1598
|teamsize|p1|6
|teamsize|p2|6
|gen|9
|tier|[Gen 9] OU
|rated|
|rule|HP Percentage Mod: HP is shown in percentages
|rule|Endless Battle Clause: Forcing endless battles is banned
|rule|Species Clause: Limit one of each Pokémon
|rule|OHKO Clause: OHKO moves are banned
|rule|Evasion Items Clause: Evasion items are banned
|rule|Evasion Moves Clause: Evasion moves are banned
|rule|Sleep Moves Clause: Sleep-inducing moves are banned
|clearpoke
|poke|p1|Kyurem|
|poke|p1|Hatterene, F|
|poke|p1|Araquanid, M|
|poke|p1|Indeedee, M|
|poke|p1|Hawlucha, M|
|poke|p1|Great Tusk|
|poke|p2|Corviknight, M|
|poke|p2|Ogerpon-Wellspring, F|
|poke|p2|Hydrapple, F|
|poke|p2|Garganacl, F|
|poke|p2|Primarina, M|
|poke|p2|Weavile, F|
|teampreview
|
|t:|1743823302
|start
|switch|p1a: Kyurem|Kyurem|100/100
|switch|p2a: Hydrapple|Hydrapple, F|100/100
|-ability|p1a: Kyurem|Pressure
|turn|1
|
|t:|1743823312
|switch|p1a: Hatterene|Hatterene, F|100/100
|-terastallize|p2a: Hydrapple|Steel
|move|p2a: Hydrapple|Fickle Beam|p1a: Hatterene
|-immune|p1a: Hatterene
|
|upkeep
|turn|2
|
|t:|1743823318
|switch|p2a: Garganacl|Garganacl, F|100/100
|move|p1a: Hatterene|Nuzzle|p2a: Garganacl
|-damage|p2a: Garganacl|98/100
|
|-heal|p2a: Garganacl|100/100|[from] item: Leftovers
|upkeep
|turn|3
|
|t:|1743823323
|move|p2a: Garganacl|Salt Cure|p1a: Hatterene
|-damage|p1a: Hatterene|88/100
|-start|p1a: Hatterene|Salt Cure
|move|p1a: Hatterene|Psyshock|p2a: Garganacl
|-damage|p2a: Garganacl|82/100
|
|-heal|p2a: Garganacl|88/100|[from] item: Leftovers
|-damage|p1a: Hatterene|76/100|[from] Salt Cure
|upkeep
|turn|4
|
|t:|1743823327
|switch|p1a: Great Tusk|Great Tusk|100/100
|-enditem|p1a: Great Tusk|Booster Energy
|-activate|p1a: Great Tusk|ability: Protosynthesis|[fromitem]
|-start|p1a: Great Tusk|protosynthesisspe
|move|p2a: Garganacl|Salt Cure|p1a: Great Tusk
|-resisted|p1a: Great Tusk
|-damage|p1a: Great Tusk|98/100
|-start|p1a: Great Tusk|Salt Cure
|
|-heal|p2a: Garganacl|94/100|[from] item: Leftovers
|-damage|p1a: Great Tusk|86/100|[from] Salt Cure
|upkeep
|turn|5
|j| xhawiwihawawax
|
|t:|1743823331
|switch|p2a: Corviknight|Corviknight, M|100/100
|-ability|p2a: Corviknight|Pressure
|move|p1a: Great Tusk|Bulk Up|p1a: Great Tusk
|-boost|p1a: Great Tusk|atk|1
|-boost|p1a: Great Tusk|def|1
|
|-damage|p1a: Great Tusk|74/100|[from] Salt Cure
|upkeep
|turn|6
|
|t:|1743823333
|move|p1a: Great Tusk|Bulk Up|p1a: Great Tusk
|-boost|p1a: Great Tusk|atk|1
|-boost|p1a: Great Tusk|def|1
|move|p2a: Corviknight|Body Press|p1a: Great Tusk
|-damage|p1a: Great Tusk|65/100
|
|-damage|p1a: Great Tusk|52/100|[from] Salt Cure
|upkeep
|turn|7
|
|t:|1743823339
|move|p1a: Great Tusk|Bulk Up|p1a: Great Tusk
|-boost|p1a: Great Tusk|atk|1
|-boost|p1a: Great Tusk|def|1
|move|p2a: Corviknight|U-turn|p1a: Great Tusk
|-resisted|p1a: Great Tusk
|-damage|p1a: Great Tusk|50/100
|
|t:|1743823341
|switch|p2a: Weavile|Weavile, F|100/100|[from] U-turn
|-ability|p2a: Weavile|Pressure
|
|-damage|p1a: Great Tusk|38/100|[from] Salt Cure
|upkeep
|turn|8
|
|t:|1743823345
|move|p2a: Weavile|Triple Axel|p1a: Great Tusk|[miss]
|-miss|p2a: Weavile|p1a: Great Tusk
|move|p1a: Great Tusk|Headlong Rush|p2a: Weavile
|-damage|p2a: Weavile|0 fnt
|-unboost|p1a: Great Tusk|def|1
|-unboost|p1a: Great Tusk|spd|1
|faint|p2a: Weavile
|
|-damage|p1a: Great Tusk|26/100|[from] Salt Cure
|upkeep
|
|t:|1743823350
|switch|p2a: Corviknight|Corviknight, M|100/100
|-ability|p2a: Corviknight|Pressure
|turn|9
|c|☆VallNB|bruh
|
|t:|1743823355
|move|p1a: Great Tusk|Ice Spinner|p2a: Corviknight
|-damage|p2a: Corviknight|67/100
|-damage|p1a: Great Tusk|9/100|[from] item: Rocky Helmet|[of] p2a: Corviknight
|move|p2a: Corviknight|Body Press|p1a: Great Tusk
|-crit|p1a: Great Tusk
|-damage|p1a: Great Tusk|0 fnt
|faint|p1a: Great Tusk
|-end|p1a: Great Tusk|Protosynthesis|[silent]
|
|upkeep
|
|t:|1743823357
|switch|p1a: Kyurem|Kyurem|100/100
|-ability|p1a: Kyurem|Pressure
|turn|10
|
|t:|1743823363
|move|p1a: Kyurem|Ice Beam|p2a: Corviknight
|-damage|p2a: Corviknight|0 fnt
|faint|p2a: Corviknight
|
|upkeep
|
|t:|1743823366
|switch|p2a: Hydrapple|Hydrapple, F, tera:Steel|100/100
|turn|11
|
|t:|1743823368
|switch|p1a: Araquanid|Araquanid, M|100/100
|move|p2a: Hydrapple|Nasty Plot|p2a: Hydrapple
|-boost|p2a: Hydrapple|spa|2
|
|upkeep
|turn|12
|
|t:|1743823371
|move|p2a: Hydrapple|Nasty Plot|p2a: Hydrapple
|-boost|p2a: Hydrapple|spa|2
|move|p1a: Araquanid|Sticky Web|p2a: Hydrapple
|-sidestart|p2: VallNB|move: Sticky Web
|
|upkeep
|turn|13
|
|t:|1743823373
|move|p2a: Hydrapple|Giga Drain|p1a: Araquanid
|-damage|p1a: Araquanid|0 fnt
|faint|p1a: Araquanid
|-damage|p2a: Hydrapple|91/100|[from] item: Life Orb
|
|upkeep
|
|t:|1743823377
|switch|p1a: Hatterene|Hatterene, F|76/100
|turn|14
|
|t:|1743823383
|move|p2a: Hydrapple|Giga Drain|p1a: Hatterene
|-damage|p1a: Hatterene|0 fnt
|-heal|p2a: Hydrapple|100/100|[from] drain|[of] p1a: Hatterene
|faint|p1a: Hatterene
|-damage|p2a: Hydrapple|91/100|[from] item: Life Orb
|
|upkeep
|
|t:|1743823386
|switch|p1a: Kyurem|Kyurem|100/100
|-ability|p1a: Kyurem|Pressure
|turn|15
|
|t:|1743823393
|switch|p2a: Primarina|Primarina, M|100/100
|-activate|p2a: Primarina|move: Sticky Web
|-unboost|p2a: Primarina|spe|1
|move|p1a: Kyurem|Earth Power|p2a: Primarina
|-damage|p2a: Primarina|73/100
|
|upkeep
|turn|16
|
|t:|1743823398
|switch|p1a: Indeedee|Indeedee, M|100/100
|-fieldstart|move: Psychic Terrain|[from] ability: Psychic Surge|[of] p1a: Indeedee
|move|p2a: Primarina|Flip Turn|p1a: Indeedee
|-damage|p1a: Indeedee|71/100
|
|t:|1743823402
|switch|p2a: Ogerpon|Ogerpon-Wellspring, F|100/100|[from] Flip Turn
|-activate|p2a: Ogerpon|move: Sticky Web
|-unboost|p2a: Ogerpon|spe|1
|
|upkeep
|turn|17
|
|t:|1743823408
|move|p1a: Indeedee|Expanding Force|p2a: Ogerpon
|-damage|p2a: Ogerpon|24/100
|move|p2a: Ogerpon|Trailblaze|p1a: Indeedee
|-damage|p1a: Indeedee|6/100
|-boost|p2a: Ogerpon|spe|1
|
|upkeep
|turn|18
|
|t:|1743823413
|move|p2a: Ogerpon|Trailblaze|p1a: Indeedee
|-damage|p1a: Indeedee|0 fnt
|-boost|p2a: Ogerpon|spe|1
|faint|p1a: Indeedee
|
|upkeep
|
|t:|1743823415
|switch|p1a: Hawlucha|Hawlucha, M|100/100
|-enditem|p1a: Hawlucha|Psychic Seed
|-boost|p1a: Hawlucha|spd|1|[from] item: Psychic Seed
|turn|19
|
|t:|1743823417
|move|p1a: Hawlucha|Acrobatics|p2a: Ogerpon
|-supereffective|p2a: Ogerpon
|-damage|p2a: Ogerpon|0 fnt
|faint|p2a: Ogerpon
|
|upkeep
|
|t:|1743823422
|switch|p2a: Garganacl|Garganacl, F|94/100
|-activate|p2a: Garganacl|move: Sticky Web
|-unboost|p2a: Garganacl|spe|1
|turn|20
|
|t:|1743823426
|move|p1a: Hawlucha|Swords Dance|p1a: Hawlucha
|-boost|p1a: Hawlucha|atk|2
|move|p2a: Garganacl|Salt Cure|p1a: Hawlucha
|-damage|p1a: Hawlucha|81/100
|-start|p1a: Hawlucha|Salt Cure
|
|-heal|p2a: Garganacl|100/100|[from] item: Leftovers
|-damage|p1a: Hawlucha|69/100|[from] Salt Cure
|upkeep
|turn|21
|
|t:|1743823432
|switch|p2a: Primarina|Primarina, M|73/100
|-activate|p2a: Primarina|move: Sticky Web
|-unboost|p2a: Primarina|spe|1
|move|p1a: Hawlucha|Close Combat|p2a: Primarina
|-resisted|p2a: Primarina
|-damage|p2a: Primarina|10/100
|-unboost|p1a: Hawlucha|def|1
|-unboost|p1a: Hawlucha|spd|1
|
|-damage|p1a: Hawlucha|56/100|[from] Salt Cure
|upkeep
|turn|22
|
|t:|1743823436
|switch|p2a: Garganacl|Garganacl, F|100/100
|-activate|p2a: Garganacl|move: Sticky Web
|-unboost|p2a: Garganacl|spe|1
|move|p1a: Hawlucha|Close Combat|p2a: Garganacl
|-supereffective|p2a: Garganacl
|-damage|p2a: Garganacl|0 fnt
|-unboost|p1a: Hawlucha|def|1
|-unboost|p1a: Hawlucha|spd|1
|faint|p2a: Garganacl
|
|-damage|p1a: Hawlucha|44/100|[from] Salt Cure
|upkeep
|
|t:|1743823439
|switch|p2a: Hydrapple|Hydrapple, F, tera:Steel|100/100
|-activate|p2a: Hydrapple|move: Sticky Web
|-unboost|p2a: Hydrapple|spe|1
|turn|23
|
|t:|1743823442
|move|p1a: Hawlucha|Close Combat|p2a: Hydrapple
|-supereffective|p2a: Hydrapple
|-damage|p2a: Hydrapple|0 fnt
|-unboost|p1a: Hawlucha|def|1
|-unboost|p1a: Hawlucha|spd|1
|faint|p2a: Hydrapple
|
|-damage|p1a: Hawlucha|31/100|[from] Salt Cure
|-fieldend|move: Psychic Terrain
|upkeep
|-message|VallNB forfeited.
|
|win|EpicUmbreon29
|raw|EpicUmbreon29's rating: 1654 &rarr; <strong>1671</strong><br />(+17 for winning)
|raw|VallNB's rating: 1598 &rarr; <strong>1581</strong><br />(-17 for losing)
|l|☆VallNB
|player|p2|
|l|☆EpicUmbreon29
|player|p1|
