|j|☆mim sdf
|j|☆Ace_of_Stars02
|t:|1743879636
|gametype|singles
|player|p1|mim sdf|gentleman-gen4dp|1520
|player|p2|Ace_of_Stars02|nate|1500
|teamsize|p1|6
|teamsize|p2|6
|gen|9
|tier|[Gen 9] OU
|rated|
|rule|HP Percentage Mod: HP is shown in percentages
|rule|Endless Battle Clause: Forcing endless battles is banned
|rule|Species Clause: Limit one of each Pokémon
|rule|OHKO Clause: OHKO moves are banned
|rule|Evasion Items Clause: Evasion items are banned
|rule|Evasion Moves Clause: Evasion moves are banned
|rule|Sleep Moves Clause: Sleep-inducing moves are banned
|clearpoke
|poke|p1|Blissey, F|
|poke|p1|Clefable, F|
|poke|p1|Gliscor, F|
|poke|p1|Dondozo, F|
|poke|p1|Toxapex, F|
|poke|p1|Heatran, F|
|poke|p2|Snorlax, M|
|poke|p2|Sinistcha|
|poke|p2|Dragonite, M|
|poke|p2|Garganacl, M|
|poke|p2|Corviknight, F|
|poke|p2|Iron Valiant|
|teampreview
|
|t:|1743879660
|start
|switch|p1a: Gliscor|Gliscor, F|100/100
|switch|p2a: Iron Valiant|Iron Valiant|100/100
|turn|1
|
|t:|1743879687
|move|p1a: Gliscor|Protect|p1a: Gliscor
|-singleturn|p1a: Gliscor|Protect
|move|p2a: Iron Valiant|Moonblast|p1a: Gliscor
|-activate|p1a: Gliscor|move: Protect
|
|-status|p1a: Gliscor|tox|[from] item: Toxic Orb
|upkeep
|turn|2
|
|t:|1743879695
|move|p2a: Iron Valiant|Moonblast|p1a: Gliscor
|-damage|p1a: Gliscor|11/100 tox
|move|p1a: Gliscor|Toxic|p2a: Iron Valiant
|-status|p2a: Iron Valiant|tox
|
|-damage|p2a: Iron Valiant|94/100 tox|[from] psn
|-heal|p1a: Gliscor|23/100 tox|[from] ability: Poison Heal
|upkeep
|turn|3
|
|t:|1743879704
|move|p1a: Gliscor|Protect|p1a: Gliscor
|-singleturn|p1a: Gliscor|Protect
|move|p2a: Iron Valiant|Moonblast|p1a: Gliscor
|-activate|p1a: Gliscor|move: Protect
|
|-damage|p2a: Iron Valiant|82/100 tox|[from] psn
|-heal|p1a: Gliscor|36/100 tox|[from] ability: Poison Heal
|upkeep
|turn|4
|
|t:|1743879717
|-end|p2a: Iron Valiant|Quark Drive|[silent]
|switch|p2a: Snorlax|Snorlax, M|100/100
|switch|p1a: Toxapex|Toxapex, F|100/100
|
|upkeep
|turn|5
|
|t:|1743879725
|move|p1a: Toxapex|Toxic|p2a: Snorlax
|-status|p2a: Snorlax|tox
|move|p2a: Snorlax|Double-Edge|p1a: Toxapex
|-damage|p1a: Toxapex|60/100
|-damage|p2a: Snorlax|93/100 tox|[from] Recoil
|
|-damage|p2a: Snorlax|87/100 tox|[from] psn
|upkeep
|turn|6
|
|t:|1743879735
|move|p1a: Toxapex|Chilling Water|p2a: Snorlax
|-damage|p2a: Snorlax|82/100 tox
|-unboost|p2a: Snorlax|atk|1
|move|p2a: Snorlax|Earthquake|p1a: Toxapex
|-supereffective|p1a: Toxapex
|-damage|p1a: Toxapex|32/100
|
|-damage|p2a: Snorlax|70/100 tox|[from] psn
|upkeep
|turn|7
|
|t:|1743879744
|switch|p1a: Clefable|Clefable, F|100/100
|switch|p2a: Iron Valiant|Iron Valiant|82/100 tox
|
|-damage|p2a: Iron Valiant|76/100 tox|[from] psn
|upkeep
|turn|8
|
|t:|1743879768
|move|p2a: Iron Valiant|Moonblast|p1a: Clefable
|-damage|p1a: Clefable|39/100
|move|p1a: Clefable|Moonblast|p2a: Iron Valiant
|-supereffective|p2a: Iron Valiant
|-damage|p2a: Iron Valiant|0 fnt
|faint|p2a: Iron Valiant
|-end|p2a: Iron Valiant|Quark Drive|[silent]
|
|upkeep
|
|t:|1743879784
|switch|p2a: Snorlax|Snorlax, M|70/100 tox
|turn|9
|inactive|Battle timer is ON: inactive players will automatically lose when time's up. (requested by Ace_of_Stars02)
|
|t:|1743879814
|switch|p1a: Dondozo|Dondozo, F|100/100
|move|p2a: Snorlax|Earthquake|p1a: Dondozo
|-damage|p1a: Dondozo|86/100
|
|-damage|p2a: Snorlax|64/100 tox|[from] psn
|upkeep
|turn|10
|
|t:|1743879823
|switch|p2a: Sinistcha|Sinistcha|100/100
|move|p1a: Dondozo|Curse|p1a: Dondozo
|-unboost|p1a: Dondozo|spe|1
|-boost|p1a: Dondozo|atk|1
|-boost|p1a: Dondozo|def|1
|
|upkeep
|turn|11
|
|t:|1743879830
|switch|p1a: Heatran|Heatran, F|100/100
|move|p2a: Sinistcha|Calm Mind|p2a: Sinistcha
|-boost|p2a: Sinistcha|spa|1
|-boost|p2a: Sinistcha|spd|1
|
|upkeep
|turn|12
|
|t:|1743879837
|move|p1a: Heatran|Magma Storm|p2a: Sinistcha
|-supereffective|p2a: Sinistcha
|-damage|p2a: Sinistcha|64/100
|-activate|p2a: Sinistcha|move: Magma Storm|[of] p1a: Heatran
|move|p2a: Sinistcha|Shadow Ball|p1a: Heatran
|-damage|p1a: Heatran|61/100
|
|-heal|p1a: Heatran|68/100|[from] item: Leftovers
|-damage|p2a: Sinistcha|51/100|[from] move: Magma Storm|[partiallytrapped]
|upkeep
|turn|13
|
|t:|1743879848
|move|p1a: Heatran|Taunt|p2a: Sinistcha
|-start|p2a: Sinistcha|move: Taunt
|cant|p2a: Sinistcha|move: Taunt|Strength Sap
|
|-heal|p1a: Heatran|74/100|[from] item: Leftovers
|-damage|p2a: Sinistcha|39/100|[from] move: Magma Storm|[partiallytrapped]
|upkeep
|turn|14
|
|t:|1743879854
|move|p1a: Heatran|Magma Storm|p2a: Sinistcha
|-supereffective|p2a: Sinistcha
|-damage|p2a: Sinistcha|3/100
|move|p2a: Sinistcha|Shadow Ball|p1a: Heatran
|-damage|p1a: Heatran|35/100
|
|-heal|p1a: Heatran|42/100|[from] item: Leftovers
|-damage|p2a: Sinistcha|0 fnt|[from] move: Magma Storm|[partiallytrapped]
|faint|p2a: Sinistcha
|upkeep
|
|t:|1743879867
|switch|p2a: Dragonite|Dragonite, M|100/100
|turn|15
|
|t:|1743879895
|switch|p2a: Garganacl|Garganacl, M|100/100
|switch|p1a: Dondozo|Dondozo, F|86/100
|
|upkeep
|turn|16
|inactive|mim sdf has 120 seconds left.
|
|t:|1743879911
|switch|p1a: Toxapex|Toxapex, F|65/100
|move|p2a: Garganacl|Salt Cure|p1a: Toxapex
|-damage|p1a: Toxapex|57/100
|-start|p1a: Toxapex|Salt Cure
|
|-damage|p1a: Toxapex|32/100|[from] Salt Cure
|upkeep
|turn|17
|
|t:|1743879920
|switch|p1a: Gliscor|Gliscor, F|36/100 tox
|move|p2a: Garganacl|Iron Defense|p2a: Garganacl
|-boost|p2a: Garganacl|def|2
|
|-heal|p1a: Gliscor|48/100 tox|[from] ability: Poison Heal
|upkeep
|turn|18
|
|t:|1743879928
|move|p1a: Gliscor|Spikes|p2a: Garganacl
|-sidestart|p2: Ace_of_Stars02|Spikes
|move|p2a: Garganacl|Salt Cure|p1a: Gliscor
|-damage|p1a: Gliscor|40/100 tox
|-start|p1a: Gliscor|Salt Cure
|
|-heal|p1a: Gliscor|52/100 tox|[from] ability: Poison Heal
|-damage|p1a: Gliscor|40/100 tox|[from] Salt Cure
|upkeep
|turn|19
|
|t:|1743879937
|move|p1a: Gliscor|Spikes|p2a: Garganacl
|-sidestart|p2: Ace_of_Stars02|Spikes
|move|p2a: Garganacl|Iron Defense|p2a: Garganacl
|-boost|p2a: Garganacl|def|2
|
|-heal|p1a: Gliscor|52/100 tox|[from] ability: Poison Heal
|-damage|p1a: Gliscor|40/100 tox|[from] Salt Cure
|upkeep
|turn|20
|
|t:|1743879946
|move|p1a: Gliscor|Spikes|p2a: Garganacl
|-sidestart|p2: Ace_of_Stars02|Spikes
|move|p2a: Garganacl|Body Press|p1a: Gliscor
|-resisted|p1a: Gliscor
|-damage|p1a: Gliscor|19/100 tox
|
|-heal|p1a: Gliscor|31/100 tox|[from] ability: Poison Heal
|-damage|p1a: Gliscor|19/100 tox|[from] Salt Cure
|upkeep
|turn|21
|
|t:|1743879956
|switch|p1a: Toxapex|Toxapex, F|65/100
|move|p2a: Garganacl|Salt Cure|p1a: Toxapex
|-damage|p1a: Toxapex|57/100
|-start|p1a: Toxapex|Salt Cure
|
|-damage|p1a: Toxapex|32/100|[from] Salt Cure
|upkeep
|turn|22
|
|t:|1743879969
|switch|p1a: Heatran|Heatran, F|42/100
|move|p2a: Garganacl|Salt Cure|p1a: Heatran
|-damage|p1a: Heatran|30/100
|-start|p1a: Heatran|Salt Cure
|
|-heal|p1a: Heatran|36/100|[from] item: Leftovers
|-damage|p1a: Heatran|11/100|[from] Salt Cure
|upkeep
|turn|23
|
|t:|1743879979
|move|p1a: Heatran|Earth Power|p2a: Garganacl
|-supereffective|p2a: Garganacl
|-damage|p2a: Garganacl|65/100
|move|p2a: Garganacl|Recover|p2a: Garganacl
|-heal|p2a: Garganacl|100/100
|
|-heal|p1a: Heatran|18/100|[from] item: Leftovers
|-damage|p1a: Heatran|0 fnt|[from] Salt Cure
|faint|p1a: Heatran
|upkeep
|
|t:|1743879984
|switch|p1a: Clefable|Clefable, F|39/100
|turn|24
|
|t:|1743879994
|move|p1a: Clefable|Moonlight|p1a: Clefable
|-heal|p1a: Clefable|89/100
|move|p2a: Garganacl|Salt Cure|p1a: Clefable
|-damage|p1a: Clefable|78/100
|-start|p1a: Clefable|Salt Cure
|
|upkeep
|turn|25
|
|t:|1743880002
|move|p1a: Clefable|Trick|p2a: Garganacl
|-activate|p1a: Clefable|move: Trick|[of] p2a: Garganacl
|-item|p2a: Garganacl|Sticky Barb|[from] move: Trick
|-item|p1a: Clefable|Leftovers|[from] move: Trick
|move|p2a: Garganacl|Body Press|p1a: Clefable
|-resisted|p1a: Clefable
|-damage|p1a: Clefable|53/100
|
|-heal|p1a: Clefable|59/100|[from] item: Leftovers
|-damage|p2a: Garganacl|88/100|[from] item: Sticky Barb
|upkeep
|turn|26
|
|t:|1743880012
|move|p1a: Clefable|Moonblast|p2a: Garganacl
|-damage|p2a: Garganacl|65/100
|-unboost|p2a: Garganacl|spa|1
|move|p2a: Garganacl|Iron Defense|p2a: Garganacl
|-boost|p2a: Garganacl|def|2
|
|-heal|p1a: Clefable|65/100|[from] item: Leftovers
|-damage|p2a: Garganacl|52/100|[from] item: Sticky Barb
|upkeep
|turn|27
|
|t:|1743880023
|move|p1a: Clefable|Stealth Rock|p2a: Garganacl
|-sidestart|p2: Ace_of_Stars02|move: Stealth Rock
|move|p2a: Garganacl|Recover|p2a: Garganacl
|-heal|p2a: Garganacl|100/100
|
|-heal|p1a: Clefable|71/100|[from] item: Leftovers
|-damage|p2a: Garganacl|88/100|[from] item: Sticky Barb
|upkeep
|turn|28
|
|t:|1743880031
|move|p1a: Clefable|Moonblast|p2a: Garganacl
|-damage|p2a: Garganacl|67/100
|-unboost|p2a: Garganacl|spa|1
|move|p2a: Garganacl|Body Press|p1a: Clefable
|-resisted|p1a: Clefable
|-damage|p1a: Clefable|36/100
|
|-heal|p1a: Clefable|42/100|[from] item: Leftovers
|-damage|p2a: Garganacl|54/100|[from] item: Sticky Barb
|upkeep
|turn|29
|
|t:|1743880042
|move|p1a: Clefable|Moonlight|p1a: Clefable
|-heal|p1a: Clefable|92/100
|move|p2a: Garganacl|Body Press|p1a: Clefable
|-resisted|p1a: Clefable
|-damage|p1a: Clefable|58/100
|
|-heal|p1a: Clefable|64/100|[from] item: Leftovers
|-damage|p2a: Garganacl|42/100|[from] item: Sticky Barb
|upkeep
|turn|30
|
|t:|1743880052
|move|p1a: Clefable|Moonblast|p2a: Garganacl
|-damage|p2a: Garganacl|20/100
|-unboost|p2a: Garganacl|spa|1
|move|p2a: Garganacl|Recover|p2a: Garganacl
|-heal|p2a: Garganacl|70/100
|
|-heal|p1a: Clefable|70/100|[from] item: Leftovers
|-damage|p2a: Garganacl|58/100|[from] item: Sticky Barb
|upkeep
|turn|31
|
|t:|1743880063
|move|p1a: Clefable|Moonblast|p2a: Garganacl
|-crit|p2a: Garganacl
|-damage|p2a: Garganacl|26/100
|move|p2a: Garganacl|Recover|p2a: Garganacl
|-heal|p2a: Garganacl|76/100
|
|-heal|p1a: Clefable|76/100|[from] item: Leftovers
|-damage|p2a: Garganacl|64/100|[from] item: Sticky Barb
|upkeep
|turn|32
|
|t:|1743880075
|move|p1a: Clefable|Moonblast|p2a: Garganacl
|-damage|p2a: Garganacl|42/100
|move|p2a: Garganacl|Recover|p2a: Garganacl
|-heal|p2a: Garganacl|92/100
|
|-heal|p1a: Clefable|82/100|[from] item: Leftovers
|-damage|p2a: Garganacl|79/100|[from] item: Sticky Barb
|upkeep
|turn|33
|
|t:|1743880084
|move|p1a: Clefable|Moonblast|p2a: Garganacl
|-damage|p2a: Garganacl|59/100
|move|p2a: Garganacl|Body Press|p1a: Clefable
|-resisted|p1a: Clefable
|-damage|p1a: Clefable|48/100
|
|-heal|p1a: Clefable|54/100|[from] item: Leftovers
|-damage|p2a: Garganacl|46/100|[from] item: Sticky Barb
|upkeep
|turn|34
|
|t:|1743880095
|move|p1a: Clefable|Moonblast|p2a: Garganacl
|-damage|p2a: Garganacl|26/100
|move|p2a: Garganacl|Recover|p2a: Garganacl
|-heal|p2a: Garganacl|76/100
|
|-heal|p1a: Clefable|60/100|[from] item: Leftovers
|-damage|p2a: Garganacl|64/100|[from] item: Sticky Barb
|upkeep
|turn|35
|
|t:|1743880104
|move|p1a: Clefable|Moonblast|p2a: Garganacl
|-damage|p2a: Garganacl|43/100
|move|p2a: Garganacl|Body Press|p1a: Clefable
|-resisted|p1a: Clefable
|-damage|p1a: Clefable|24/100
|
|-heal|p1a: Clefable|30/100|[from] item: Leftovers
|-damage|p2a: Garganacl|30/100|[from] item: Sticky Barb
|upkeep
|turn|36
|
|t:|1743880129
|move|p1a: Clefable|Moonlight|p1a: Clefable
|-heal|p1a: Clefable|80/100
|move|p2a: Garganacl|Recover|p2a: Garganacl
|-heal|p2a: Garganacl|80/100
|
|-heal|p1a: Clefable|86/100|[from] item: Leftovers
|-damage|p2a: Garganacl|68/100|[from] item: Sticky Barb
|upkeep
|turn|37
|
|t:|1743880139
|move|p1a: Clefable|Moonblast|p2a: Garganacl
|-damage|p2a: Garganacl|46/100
|-unboost|p2a: Garganacl|spa|1
|move|p2a: Garganacl|Body Press|p1a: Clefable
|-resisted|p1a: Clefable
|-damage|p1a: Clefable|50/100
|
|-heal|p1a: Clefable|56/100|[from] item: Leftovers
|-damage|p2a: Garganacl|34/100|[from] item: Sticky Barb
|upkeep
|turn|38
|
|t:|1743880159
|move|p1a: Clefable|Moonblast|p2a: Garganacl
|-damage|p2a: Garganacl|11/100
|move|p2a: Garganacl|Recover|p2a: Garganacl
|-heal|p2a: Garganacl|61/100
|
|-heal|p1a: Clefable|62/100|[from] item: Leftovers
|-damage|p2a: Garganacl|49/100|[from] item: Sticky Barb
|upkeep
|turn|39
|
|t:|1743880168
|move|p1a: Clefable|Moonblast|p2a: Garganacl
|-damage|p2a: Garganacl|27/100
|-unboost|p2a: Garganacl|spa|1
|move|p2a: Garganacl|Body Press|p1a: Clefable
|-resisted|p1a: Clefable
|-damage|p1a: Clefable|24/100
|
|-heal|p1a: Clefable|30/100|[from] item: Leftovers
|-damage|p2a: Garganacl|15/100|[from] item: Sticky Barb
|upkeep
|turn|40
|
|t:|1743880186
|move|p1a: Clefable|Moonlight|p1a: Clefable
|-heal|p1a: Clefable|80/100
|move|p2a: Garganacl|Body Press|p1a: Clefable
|-resisted|p1a: Clefable
|-damage|p1a: Clefable|43/100
|
|-heal|p1a: Clefable|49/100|[from] item: Leftovers
|-damage|p2a: Garganacl|2/100|[from] item: Sticky Barb
|upkeep
|turn|41
|
|t:|1743880197
|move|p1a: Clefable|Moonlight|p1a: Clefable
|-heal|p1a: Clefable|99/100
|move|p2a: Garganacl|Body Press|p1a: Clefable
|-resisted|p1a: Clefable
|-damage|p1a: Clefable|60/100
|
|-heal|p1a: Clefable|66/100|[from] item: Leftovers
|-damage|p2a: Garganacl|0 fnt|[from] item: Sticky Barb
|faint|p2a: Garganacl
|upkeep
|
|t:|1743880208
|switch|p2a: Corviknight|Corviknight, F|100/100
|-damage|p2a: Corviknight|88/100|[from] Stealth Rock
|-ability|p2a: Corviknight|Pressure
|turn|42
|
|t:|1743880221
|move|p2a: Corviknight|Defog|p1a: Clefable
|-unboost|p1a: Clefable|evasion|1
|-sideend|p2: Ace_of_Stars02|Spikes|[from] move: Defog|[of] p2a: Corviknight
|-sideend|p2: Ace_of_Stars02|Stealth Rock|[from] move: Defog|[of] p2a: Corviknight
|move|p1a: Clefable|Moonblast|p2a: Corviknight
|-resisted|p2a: Corviknight
|-damage|p2a: Corviknight|73/100
|-unboost|p2a: Corviknight|spa|1
|
|-heal|p1a: Clefable|72/100|[from] item: Leftovers
|upkeep
|turn|43
|
|t:|1743880232
|move|p2a: Corviknight|Body Press|p1a: Clefable
|-resisted|p1a: Clefable
|-damage|p1a: Clefable|63/100
|move|p1a: Clefable|Stealth Rock|p2a: Corviknight
|-sidestart|p2: Ace_of_Stars02|move: Stealth Rock
|
|-heal|p1a: Clefable|69/100|[from] item: Leftovers
|upkeep
|turn|44
|
|t:|1743880244
|switch|p1a: Toxapex|Toxapex, F|65/100
|move|p2a: Corviknight|Defog|p1a: Toxapex
|-unboost|p1a: Toxapex|evasion|1
|-sideend|p2: Ace_of_Stars02|Stealth Rock|[from] move: Defog|[of] p2a: Corviknight
|
|upkeep
|turn|45
|
|t:|1743880253
|move|p2a: Corviknight|Body Press|p1a: Toxapex
|-resisted|p1a: Toxapex
|-damage|p1a: Toxapex|56/100
|move|p1a: Toxapex|Chilling Water|p2a: Corviknight
|-damage|p2a: Corviknight|62/100
|-unboost|p2a: Corviknight|atk|1
|
|upkeep
|turn|46
|
|t:|1743880260
|move|p2a: Corviknight|Body Press|p1a: Toxapex
|-resisted|p1a: Toxapex
|-damage|p1a: Toxapex|49/100
|move|p1a: Toxapex|Chilling Water|p2a: Corviknight
|-damage|p2a: Corviknight|52/100
|-unboost|p2a: Corviknight|atk|1
|
|upkeep
|turn|47
|
|t:|1743880271
|switch|p2a: Snorlax|Snorlax, M|64/100 tox
|move|p1a: Toxapex|Chilling Water|p2a: Snorlax
|-damage|p2a: Snorlax|60/100 tox
|-unboost|p2a: Snorlax|atk|1
|
|-damage|p2a: Snorlax|54/100 tox|[from] psn
|upkeep
|turn|48
|
|t:|1743880280
|move|p1a: Toxapex|Recover|p1a: Toxapex
|-heal|p1a: Toxapex|99/100
|move|p2a: Snorlax|Earthquake|p1a: Toxapex
|-supereffective|p1a: Toxapex
|-damage|p1a: Toxapex|68/100
|
|-damage|p2a: Snorlax|42/100 tox|[from] psn
|upkeep
|turn|49
|
|t:|1743880289
|move|p1a: Toxapex|Chilling Water|p2a: Snorlax
|-damage|p2a: Snorlax|38/100 tox
|-unboost|p2a: Snorlax|atk|1
|move|p2a: Snorlax|Earthquake|p1a: Toxapex
|-supereffective|p1a: Toxapex
|-damage|p1a: Toxapex|45/100
|
|-damage|p2a: Snorlax|19/100 tox|[from] psn
|upkeep
|turn|50
|
|t:|1743880300
|move|p1a: Toxapex|Recover|p1a: Toxapex
|-heal|p1a: Toxapex|95/100
|move|p2a: Snorlax|Earthquake|p1a: Toxapex
|-supereffective|p1a: Toxapex
|-damage|p1a: Toxapex|73/100
|
|-damage|p2a: Snorlax|0 fnt|[from] psn
|faint|p2a: Snorlax
|upkeep
|
|t:|1743880310
|switch|p2a: Dragonite|Dragonite, M|100/100
|turn|51
|
|t:|1743880317
|move|p2a: Dragonite|Earthquake|p1a: Toxapex
|-supereffective|p1a: Toxapex
|-damage|p1a: Toxapex|22/100
|move|p1a: Toxapex|Toxic|p2a: Dragonite
|-status|p2a: Dragonite|tox
|
|-damage|p2a: Dragonite|94/100 tox|[from] psn
|upkeep
|turn|52
|
|t:|1743880327
|switch|p1a: Blissey|Blissey, F|100/100
|move|p2a: Dragonite|Earthquake|p1a: Blissey
|-damage|p1a: Blissey|58/100
|
|-damage|p2a: Dragonite|82/100 tox|[from] psn
|upkeep
|turn|53
|
|t:|1743880336
|move|p2a: Dragonite|Dragon Dance|p2a: Dragonite
|-boost|p2a: Dragonite|atk|1
|-boost|p2a: Dragonite|spe|1
|move|p1a: Blissey|Seismic Toss|p2a: Dragonite
|-damage|p2a: Dragonite|51/100 tox
|
|-damage|p2a: Dragonite|33/100 tox|[from] psn
|upkeep
|turn|54
|
|t:|1743880345
|move|p2a: Dragonite|Scale Shot|p1a: Blissey
|-damage|p1a: Blissey|37/100
|-damage|p1a: Blissey|14/100
|-damage|p1a: Blissey|0 fnt
|faint|p1a: Blissey
|-hitcount|p1: Blissey|3
|-unboost|p2a: Dragonite|def|1
|-boost|p2a: Dragonite|spe|1
|
|-damage|p2a: Dragonite|8/100 tox|[from] psn
|upkeep
|
|t:|1743880355
|switch|p1a: Gliscor|Gliscor, F|19/100 tox
|turn|55
|
|t:|1743880358
|switch|p2a: Corviknight|Corviknight, F|52/100
|-ability|p2a: Corviknight|Pressure
|move|p1a: Gliscor|Protect||[still]
|-fail|p1a: Gliscor
|
|-heal|p1a: Gliscor|31/100 tox|[from] ability: Poison Heal
|upkeep
|turn|56
|
|t:|1743880369
|move|p1a: Gliscor|Spikes|p2a: Corviknight
|-sidestart|p2: Ace_of_Stars02|Spikes
|move|p2a: Corviknight|Roost|p2a: Corviknight
|-heal|p2a: Corviknight|100/100
|-singleturn|p2a: Corviknight|move: Roost
|
|-heal|p1a: Gliscor|44/100 tox|[from] ability: Poison Heal
|upkeep
|turn|57
|
|t:|1743880378
|move|p1a: Gliscor|Knock Off|p2a: Corviknight
|-damage|p2a: Corviknight|87/100
|-damage|p1a: Gliscor|27/100 tox|[from] item: Rocky Helmet|[of] p2a: Corviknight
|-enditem|p2a: Corviknight|Rocky Helmet|[from] move: Knock Off|[of] p1a: Gliscor
|move|p2a: Corviknight|Body Press|p1a: Gliscor
|-resisted|p1a: Gliscor
|-damage|p1a: Gliscor|20/100 tox
|
|-heal|p1a: Gliscor|32/100 tox|[from] ability: Poison Heal
|upkeep
|turn|58
|
|t:|1743880395
|move|p1a: Gliscor|Spikes|p2a: Corviknight
|-sidestart|p2: Ace_of_Stars02|Spikes
|move|p2a: Corviknight|Body Press|p1a: Gliscor
|-resisted|p1a: Gliscor
|-damage|p1a: Gliscor|24/100 tox
|
|-heal|p1a: Gliscor|37/100 tox|[from] ability: Poison Heal
|upkeep
|turn|59
|
|t:|1743880403
|move|p1a: Gliscor|Knock Off|p2a: Corviknight
|-damage|p2a: Corviknight|78/100
|move|p2a: Corviknight|Defog|p1a: Gliscor
|-unboost|p1a: Gliscor|evasion|1
|-sideend|p2: Ace_of_Stars02|Spikes|[from] move: Defog|[of] p2a: Corviknight
|
|-heal|p1a: Gliscor|49/100 tox|[from] ability: Poison Heal
|upkeep
|turn|60
|
|t:|1743880412
|switch|p1a: Dondozo|Dondozo, F|86/100
|move|p2a: Corviknight|Body Press|p1a: Dondozo
|-crit|p1a: Dondozo
|-damage|p1a: Dondozo|68/100
|
|upkeep
|turn|61
|
|t:|1743880429
|-terastallize|p2a: Corviknight|Fighting
|move|p2a: Corviknight|Body Press|p1a: Dondozo
|-damage|p1a: Dondozo|49/100
|move|p1a: Dondozo|Curse|p1a: Dondozo
|-unboost|p1a: Dondozo|spe|1
|-boost|p1a: Dondozo|atk|1
|-boost|p1a: Dondozo|def|1
|
|upkeep
|turn|62
|
|t:|1743880438
|move|p2a: Corviknight|Body Press|p1a: Dondozo
|-damage|p1a: Dondozo|37/100
|move|p1a: Dondozo|Rest|p1a: Dondozo
|-status|p1a: Dondozo|slp|[from] move: Rest
|-heal|p1a: Dondozo|100/100 slp|[silent]
|
|upkeep
|turn|63
|
|t:|1743880449
|move|p2a: Corviknight|Body Press|p1a: Dondozo
|-damage|p1a: Dondozo|88/100 slp
|cant|p1a: Dondozo|slp
|move|p1a: Dondozo|Sleep Talk|p1a: Dondozo
|move|p1a: Dondozo|Curse|p1a: Dondozo|[from] move: Sleep Talk
|-unboost|p1a: Dondozo|spe|1
|-boost|p1a: Dondozo|atk|1
|-boost|p1a: Dondozo|def|1
|
|upkeep
|turn|64
|
|t:|1743880460
|move|p2a: Corviknight|Body Press|p1a: Dondozo
|-damage|p1a: Dondozo|78/100 slp
|cant|p1a: Dondozo|slp
|move|p1a: Dondozo|Sleep Talk|p1a: Dondozo
|move|p1a: Dondozo|Waterfall|p2a: Corviknight|[from] move: Sleep Talk
|-damage|p2a: Corviknight|48/100
|
|upkeep
|turn|65
|
|t:|1743880470
|move|p2a: Corviknight|Roost|p2a: Corviknight
|-heal|p2a: Corviknight|98/100
|-curestatus|p1a: Dondozo|slp|[msg]
|move|p1a: Dondozo|Waterfall|p2a: Corviknight
|-damage|p2a: Corviknight|66/100
|
|upkeep
|turn|66
|
|t:|1743880477
|move|p2a: Corviknight|Body Press|p1a: Dondozo
|-damage|p1a: Dondozo|70/100
|move|p1a: Dondozo|Curse|p1a: Dondozo
|-unboost|p1a: Dondozo|spe|1
|-boost|p1a: Dondozo|atk|1
|-boost|p1a: Dondozo|def|1
|
|upkeep
|turn|67
|
|t:|1743880486
|move|p2a: Corviknight|Roost|p2a: Corviknight
|-heal|p2a: Corviknight|100/100
|move|p1a: Dondozo|Curse|p1a: Dondozo
|-unboost|p1a: Dondozo|spe|1
|-boost|p1a: Dondozo|atk|1
|-boost|p1a: Dondozo|def|1
|
|upkeep
|turn|68
|
|t:|1743880494
|move|p2a: Corviknight|Body Press|p1a: Dondozo
|-damage|p1a: Dondozo|64/100
|move|p1a: Dondozo|Waterfall|p2a: Corviknight
|-damage|p2a: Corviknight|55/100
|
|upkeep
|turn|69
|
|t:|1743880502
|move|p2a: Corviknight|Body Press|p1a: Dondozo
|-damage|p1a: Dondozo|58/100
|move|p1a: Dondozo|Waterfall|p2a: Corviknight
|-damage|p2a: Corviknight|5/100
|
|upkeep
|turn|70
|
|t:|1743880509
|move|p2a: Corviknight|Roost|p2a: Corviknight
|-heal|p2a: Corviknight|55/100
|move|p1a: Dondozo|Waterfall|p2a: Corviknight
|-damage|p2a: Corviknight|2/100
|
|upkeep
|turn|71
|
|t:|1743880515
|move|p2a: Corviknight|Roost|p2a: Corviknight
|-heal|p2a: Corviknight|52/100
|move|p1a: Dondozo|Waterfall|p2a: Corviknight
|-damage|p2a: Corviknight|5/100
|
|upkeep
|turn|72
|
|t:|1743880521
|move|p2a: Corviknight|Roost|p2a: Corviknight
|-heal|p2a: Corviknight|55/100
|move|p1a: Dondozo|Waterfall|p2a: Corviknight
|-damage|p2a: Corviknight|3/100
|
|upkeep
|turn|73
|
|t:|1743880528
|move|p2a: Corviknight|Roost|p2a: Corviknight
|-heal|p2a: Corviknight|53/100
|move|p1a: Dondozo|Waterfall|p2a: Corviknight
|-damage|p2a: Corviknight|6/100
|
|upkeep
|turn|74
|
|t:|1743880534
|move|p2a: Corviknight|Roost|p2a: Corviknight
|-heal|p2a: Corviknight|57/100
|move|p1a: Dondozo|Curse|p1a: Dondozo
|-unboost|p1a: Dondozo|spe|1
|-boost|p1a: Dondozo|atk|1
|-boost|p1a: Dondozo|def|1
|
|upkeep
|turn|75
|
|t:|1743880541
|move|p2a: Corviknight|Body Press|p1a: Dondozo
|-damage|p1a: Dondozo|52/100
|move|p1a: Dondozo|Waterfall|p2a: Corviknight
|-damage|p2a: Corviknight|0 fnt
|faint|p2a: Corviknight
|
|upkeep
|
|t:|1743880549
|switch|p2a: Dragonite|Dragonite, M|8/100 tox
|turn|76
|
|t:|1743880553
|move|p2a: Dragonite|Scale Shot|p1a: Dondozo
|-damage|p1a: Dondozo|51/100
|-damage|p1a: Dondozo|49/100
|-damage|p1a: Dondozo|47/100
|-damage|p1a: Dondozo|45/100
|-hitcount|p1a: Dondozo|4
|-unboost|p2a: Dragonite|def|1
|-boost|p2a: Dragonite|spe|1
|move|p1a: Dondozo|Waterfall|p2a: Dragonite
|-resisted|p2a: Dragonite
|-damage|p2a: Dragonite|0 fnt
|faint|p2a: Dragonite
|
|win|mim sdf
|raw|mim sdf's rating: 1520 &rarr; <strong>1539</strong><br />(+19 for winning)
|raw|Ace_of_Stars02's rating: 1500 &rarr; <strong>1481</strong><br />(-19 for losing)
|l|☆mim sdf
|player|p1|
|l|☆Ace_of_Stars02
|player|p2|
