|j|☆rising skies
|j|☆j.quin88
|t:|1743864533
|gametype|singles
|player|p1|rising skies|2|1418
|player|p2|j.quin88|hiker-gen4|1447
|teamsize|p1|6
|teamsize|p2|6
|gen|9
|tier|[Gen 9] OU
|rated|
|rule|HP Percentage Mod: HP is shown in percentages
|rule|Endless Battle Clause: Forcing endless battles is banned
|rule|Species Clause: Limit one of each Pokémon
|rule|OHKO Clause: OHKO moves are banned
|rule|Evasion Items Clause: Evasion items are banned
|rule|Evasion Moves Clause: Evasion moves are banned
|rule|Sleep Moves Clause: Sleep-inducing moves are banned
|clearpoke
|poke|p1|Iron Hands|
|poke|p1|Empoleon, M|
|poke|p1|Great Tusk|
|poke|p1|Salamence, M|
|poke|p1|Rotom-Heat|
|poke|p1|Grimmsnarl, M|
|poke|p2|Pecharunt|
|poke|p2|Ting-Lu|
|poke|p2|Raging Bolt|
|poke|p2|Zamazenta-*|
|poke|p2|Tinkaton, F|
|poke|p2|Ogerpon-Wellspring, F|
|teampreview
|inactive|Battle timer is ON: inactive players will automatically lose when time's up. (requested by j.quin88)
|inactive|rising skies also wants the timer to be on.
|
|t:|1743864557
|start
|switch|p1a: Rotom|Rotom-Heat|100/100
|switch|p2a: Tinkaton|Tinkaton, F|100/100
|-ability|p2a: Tinkaton|Mold Breaker
|-item|p2a: Tinkaton|Air Balloon
|turn|1
|
|t:|1743864564
|switch|p2a: Ting-Lu|Ting-Lu|100/100
|-ability|p2a: Ting-Lu|Vessel of Ruin
|move|p1a: Rotom|Overheat|p2a: Ting-Lu
|-damage|p2a: Ting-Lu|66/100
|-unboost|p1a: Rotom|spa|2
|
|-heal|p2a: Ting-Lu|73/100|[from] item: Leftovers
|upkeep
|turn|2
|
|t:|1743864574
|switch|p1a: Great Tusk|Great Tusk|100/100
|-enditem|p1a: Great Tusk|Booster Energy
|-activate|p1a: Great Tusk|ability: Protosynthesis|[fromitem]
|-start|p1a: Great Tusk|protosynthesisatk
|move|p2a: Ting-Lu|Ruination|p1a: Great Tusk
|-damage|p1a: Great Tusk|51/100
|
|-heal|p2a: Ting-Lu|79/100|[from] item: Leftovers
|upkeep
|turn|3
|
|t:|1743864587
|switch|p2a: Pecharunt|Pecharunt|100/100
|move|p1a: Great Tusk|Headlong Rush|p2a: Pecharunt
|-supereffective|p2a: Pecharunt
|-damage|p2a: Pecharunt|40/100
|-unboost|p1a: Great Tusk|def|1
|-unboost|p1a: Great Tusk|spd|1
|
|upkeep
|turn|4
|
|t:|1743864598
|-terastallize|p2a: Pecharunt|Ghost
|move|p1a: Great Tusk|Rapid Spin|p2a: Pecharunt
|-immune|p2a: Pecharunt
|move|p2a: Pecharunt|Recover|p2a: Pecharunt
|-heal|p2a: Pecharunt|90/100
|
|upkeep
|turn|5
|
|t:|1743864609
|-end|p1a: Great Tusk|Protosynthesis|[silent]
|switch|p1a: Rotom|Rotom-Heat|100/100
|move|p2a: Pecharunt|Malignant Chain|p1a: Rotom
|-damage|p1a: Rotom|69/100
|
|upkeep
|turn|6
|
|t:|1743864614
|switch|p2a: Ting-Lu|Ting-Lu|79/100
|-ability|p2a: Ting-Lu|Vessel of Ruin
|move|p1a: Rotom|Overheat|p2a: Ting-Lu
|-damage|p2a: Ting-Lu|44/100
|-unboost|p1a: Rotom|spa|2
|
|-heal|p2a: Ting-Lu|50/100|[from] item: Leftovers
|upkeep
|turn|7
|
|t:|1743864623
|switch|p1a: Great Tusk|Great Tusk|51/100
|move|p2a: Ting-Lu|Stealth Rock|p1a: Great Tusk
|-sidestart|p1: rising skies|move: Stealth Rock
|
|-heal|p2a: Ting-Lu|56/100|[from] item: Leftovers
|upkeep
|turn|8
|
|t:|1743864631
|switch|p2a: Pecharunt|Pecharunt, tera:Ghost|90/100
|move|p1a: Great Tusk|Headlong Rush|p2a: Pecharunt
|-damage|p2a: Pecharunt|64/100
|-unboost|p1a: Great Tusk|def|1
|-unboost|p1a: Great Tusk|spd|1
|
|upkeep
|turn|9
|
|t:|1743864640
|-end|p1a: Great Tusk|Protosynthesis|[silent]
|switch|p1a: Empoleon|Empoleon, M|100/100
|-damage|p1a: Empoleon|94/100|[from] Stealth Rock
|move|p2a: Pecharunt|Malignant Chain|p1a: Empoleon
|-immune|p1a: Empoleon
|
|-heal|p1a: Empoleon|100/100|[from] item: Leftovers
|upkeep
|turn|10
|
|t:|1743864649
|switch|p2a: Ogerpon|Ogerpon-Wellspring, F|100/100
|move|p1a: Empoleon|Flip Turn|p2a: Ogerpon
|-immune|p2a: Ogerpon|[from] ability: Water Absorb
|
|upkeep
|turn|11
|
|t:|1743864656
|switch|p1a: Grimmsnarl|Grimmsnarl, M|100/100
|-damage|p1a: Grimmsnarl|88/100|[from] Stealth Rock
|move|p2a: Ogerpon|Swords Dance|p2a: Ogerpon
|-boost|p2a: Ogerpon|atk|2
|
|upkeep
|turn|12
|
|t:|1743864663
|move|p1a: Grimmsnarl|Taunt|p2a: Ogerpon
|-start|p2a: Ogerpon|move: Taunt
|move|p2a: Ogerpon|Ivy Cudgel|p1a: Grimmsnarl|[anim] Ivy Cudgel Water
|-damage|p1a: Grimmsnarl|0 fnt
|faint|p1a: Grimmsnarl
|
|upkeep
|
|t:|1743864679
|switch|p1a: Iron Hands|Iron Hands|100/100
|-damage|p1a: Iron Hands|94/100|[from] Stealth Rock
|turn|13
|
|t:|1743864685
|move|p2a: Ogerpon|Ivy Cudgel|p1a: Iron Hands|[anim] Ivy Cudgel Water
|-crit|p1a: Iron Hands
|-damage|p1a: Iron Hands|9/100
|move|p1a: Iron Hands|Drain Punch|p2a: Ogerpon
|-damage|p2a: Ogerpon|46/100
|-heal|p1a: Iron Hands|27/100|[from] drain|[of] p2a: Ogerpon
|
|upkeep
|turn|14
|
|t:|1743864693
|move|p2a: Ogerpon|Ivy Cudgel|p1a: Iron Hands|[anim] Ivy Cudgel Water
|-crit|p1a: Iron Hands
|-damage|p1a: Iron Hands|0 fnt
|faint|p1a: Iron Hands
|-end|p1a: Iron Hands|Quark Drive|[silent]
|
|-end|p2a: Ogerpon|move: Taunt
|upkeep
|
|t:|1743864700
|switch|p1a: Salamence|Salamence, M|100/100
|-damage|p1a: Salamence|75/100|[from] Stealth Rock
|turn|15
|
|t:|1743864707
|move|p2a: Ogerpon|Knock Off|p1a: Salamence
|-damage|p1a: Salamence|0 fnt
|-enditem|p1a: Salamence|Muscle Band|[from] move: Knock Off|[of] p2a: Ogerpon
|faint|p1a: Salamence
|
|upkeep
|-message|rising skies forfeited.
|
|win|j.quin88
|raw|rising skies's rating: 1418 &rarr; <strong>1400</strong><br />(-18 for losing)
|raw|j.quin88's rating: 1447 &rarr; <strong>1465</strong><br />(+18 for winning)
|l|☆rising skies
|player|p1|
|l|☆j.quin88
|player|p2|
