|badge|p2|bronze|gen9lc|100-5
|uhtml|medal-msg|<div class="broadcast-blue">Curious what those medals under the avatar are? PS now has Ladder Seasons! For more information, check out the <a href="https://www.smogon.com/forums/threads/3740067/">thread on Smogon.</a></div>
|j|☆Kingdra all day
|j|☆SuprBallr
|t:|1743879941
|gametype|singles
|player|p1|Kingdra all day|clair|1497
|player|p2|SuprBallr|crasherwake|1493
|teamsize|p1|6
|teamsize|p2|6
|gen|9
|tier|[Gen 9] OU
|rated|
|rule|HP Percentage Mod: HP is shown in percentages
|rule|Endless Battle Clause: Forcing endless battles is banned
|rule|Species Clause: Limit one of each Pokémon
|rule|OHKO Clause: OHKO moves are banned
|rule|Evasion Items Clause: Evasion items are banned
|rule|Evasion Moves Clause: Evasion moves are banned
|rule|Sleep Moves Clause: Sleep-inducing moves are banned
|clearpoke
|poke|p1|Ninetales-Alola, M|
|poke|p1|Klefki, F|
|poke|p1|Maushold-Four|
|poke|p1|Latias, F|
|poke|p1|Kyurem|
|poke|p1|Kingdra, M|
|poke|p2|Garganacl, F|
|poke|p2|Gliscor, M|
|poke|p2|Weezing-Galar, M|
|poke|p2|Sinistcha|
|poke|p2|Gholdengo|
|poke|p2|Slowking-Galar, F|
|teampreview
|inactive|Battle timer is ON: inactive players will automatically lose when time's up. (requested by Kingdra all day)
|
|t:|1743879963
|start
|switch|p1a: Ninetales|Ninetales-Alola, M|100/100
|switch|p2a: Golden Johnson|Gholdengo|100/100
|-weather|Snowscape|[from] ability: Snow Warning|[of] p1a: Ninetales
|-item|p2a: Golden Johnson|Air Balloon
|turn|1
|
|t:|1743879970
|move|p1a: Ninetales|Aurora Veil|p1a: Ninetales
|-sidestart|p1: Kingdra all day|move: Aurora Veil
|move|p2a: Golden Johnson|Thunder Wave|p1a: Ninetales
|-status|p1a: Ninetales|par
|
|-weather|Snowscape|[upkeep]
|upkeep
|turn|2
|
|t:|1743879974
|switch|p2a: Gargo Zepelli|Garganacl, F|100/100
|cant|p1a: Ninetales|par
|
|-weather|Snowscape|[upkeep]
|upkeep
|turn|3
|
|t:|1743879980
|switch|p1a: Maushold|Maushold-Four|100/100
|move|p2a: Gargo Zepelli|Stealth Rock|p1a: Maushold
|-sidestart|p1: Kingdra all day|move: Stealth Rock
|
|-weather|Snowscape|[upkeep]
|upkeep
|turn|4
|
|t:|1743879985
|move|p1a: Maushold|Encore|p2a: Gargo Zepelli
|-start|p2a: Gargo Zepelli|Encore
|move|p2a: Gargo Zepelli|Stealth Rock||[still]
|-fail|p2a: Gargo Zepelli
|
|-weather|Snowscape|[upkeep]
|upkeep
|turn|5
|
|t:|1743879989
|switch|p2a: Golden Johnson|Gholdengo|100/100
|-item|p2a: Golden Johnson|Air Balloon
|move|p1a: Maushold|Tidy Up|p1a: Maushold
|-sideend|p1: Kingdra all day|Stealth Rock
|-activate|p1a: Maushold|move: Tidy Up
|-boost|p1a: Maushold|atk|1
|-boost|p1a: Maushold|spe|1
|
|-weather|none
|upkeep
|turn|6
|
|t:|1743879996
|move|p1a: Maushold|Tidy Up|p1a: Maushold
|-boost|p1a: Maushold|atk|1
|-boost|p1a: Maushold|spe|1
|move|p2a: Golden Johnson|Thunder Wave|p1a: Maushold
|-status|p1a: Maushold|par
|
|upkeep
|turn|7
|
|t:|1743880002
|cant|p1a: Maushold|par
|move|p2a: Golden Johnson|Make It Rain|p1a: Maushold
|-damage|p1a: Maushold|66/100 par
|-unboost|p2a: Golden Johnson|spa|1
|
|upkeep
|turn|8
|
|t:|1743880008
|cant|p1a: Maushold|par
|move|p2a: Golden Johnson|Make It Rain|p1a: Maushold
|-damage|p1a: Maushold|42/100 par
|-unboost|p2a: Golden Johnson|spa|1
|
|-sideend|p1: Kingdra all day|move: Aurora Veil
|upkeep
|turn|9
|
|t:|1743880010
|move|p1a: Maushold|Bite|p2a: Golden Johnson
|-supereffective|p2a: Golden Johnson
|-damage|p2a: Golden Johnson|29/100
|-enditem|p2a: Golden Johnson|Air Balloon
|move|p2a: Golden Johnson|Make It Rain|p1a: Maushold
|-damage|p1a: Maushold|6/100 par
|-unboost|p2a: Golden Johnson|spa|1
|
|upkeep
|turn|10
|
|t:|1743880015
|move|p1a: Maushold|Bite|p2a: Golden Johnson
|-supereffective|p2a: Golden Johnson
|-damage|p2a: Golden Johnson|0 fnt
|faint|p2a: Golden Johnson
|
|upkeep
|
|t:|1743880016
|switch|p2a: Gargo Zepelli|Garganacl, F|100/100
|turn|11
|
|t:|1743880020
|move|p1a: Maushold|Population Bomb|p2a: Gargo Zepelli
|-resisted|p2a: Gargo Zepelli
|-damage|p2a: Gargo Zepelli|93/100
|-resisted|p2a: Gargo Zepelli
|-damage|p2a: Gargo Zepelli|84/100
|-resisted|p2a: Gargo Zepelli
|-damage|p2a: Gargo Zepelli|76/100
|-resisted|p2a: Gargo Zepelli
|-damage|p2a: Gargo Zepelli|69/100
|-resisted|p2a: Gargo Zepelli
|-damage|p2a: Gargo Zepelli|61/100
|-resisted|p2a: Gargo Zepelli
|-damage|p2a: Gargo Zepelli|54/100
|-resisted|p2a: Gargo Zepelli
|-damage|p2a: Gargo Zepelli|46/100
|-resisted|p2a: Gargo Zepelli
|-damage|p2a: Gargo Zepelli|37/100
|-resisted|p2a: Gargo Zepelli
|-damage|p2a: Gargo Zepelli|29/100
|-resisted|p2a: Gargo Zepelli
|-damage|p2a: Gargo Zepelli|22/100
|-hitcount|p2a: Gargo Zepelli|10
|move|p2a: Gargo Zepelli|Salt Cure|p1a: Maushold
|-damage|p1a: Maushold|0 fnt
|faint|p1a: Maushold
|
|-heal|p2a: Gargo Zepelli|28/100|[from] item: Leftovers
|upkeep
|
|t:|1743880028
|switch|p1a: Kyurem|Kyurem, shiny|100/100
|-ability|p1a: Kyurem|Pressure
|turn|12
|
|t:|1743880036
|move|p1a: Kyurem|Icicle Spear|p2a: Gargo Zepelli
|-damage|p2a: Gargo Zepelli|18/100
|-damage|p2a: Gargo Zepelli|10/100
|-damage|p2a: Gargo Zepelli|0 fnt
|faint|p2a: Gargo Zepelli
|-hitcount|p2: Gargo Zepelli|3
|
|upkeep
|
|t:|1743880040
|switch|p2a: Slowking|Slowking-Galar, F|100/100
|turn|13
|
|t:|1743880043
|move|p1a: Kyurem|Dragon Dance|p1a: Kyurem
|-boost|p1a: Kyurem|atk|1
|-boost|p1a: Kyurem|spe|1
|move|p2a: Slowking|Sludge Bomb|p1a: Kyurem
|-damage|p1a: Kyurem|68/100
|
|upkeep
|turn|14
|
|t:|1743880063
|move|p1a: Kyurem|Icicle Spear|p2a: Slowking
|-damage|p2a: Slowking|79/100
|-damage|p2a: Slowking|57/100
|-damage|p2a: Slowking|35/100
|-damage|p2a: Slowking|11/100
|-damage|p2a: Slowking|0 fnt
|faint|p2a: Slowking
|-hitcount|p2: Slowking|5
|
|upkeep
|
|t:|1743880067
|switch|p2a: Sinistcha|Sinistcha|100/100
|turn|15
|
|t:|1743880073
|-terastallize|p2a: Sinistcha|Poison
|move|p1a: Kyurem|Icicle Spear|p2a: Sinistcha
|-damage|p2a: Sinistcha|84/100
|-damage|p2a: Sinistcha|67/100
|-damage|p2a: Sinistcha|52/100
|-damage|p2a: Sinistcha|37/100
|-damage|p2a: Sinistcha|20/100
|-hitcount|p2a: Sinistcha|5
|move|p2a: Sinistcha|Strength Sap|p1a: Kyurem
|-unboost|p1a: Kyurem|atk|1
|-heal|p2a: Sinistcha|100/100
|
|upkeep
|turn|16
|
|t:|1743880090
|move|p1a: Kyurem|Dragon Dance|p1a: Kyurem
|-boost|p1a: Kyurem|atk|1
|-boost|p1a: Kyurem|spe|1
|move|p2a: Sinistcha|Calm Mind|p2a: Sinistcha
|-boost|p2a: Sinistcha|spa|1
|-boost|p2a: Sinistcha|spd|1
|
|upkeep
|turn|17
|
|t:|1743880095
|move|p1a: Kyurem|Icicle Spear|p2a: Sinistcha
|-damage|p2a: Sinistcha|85/100
|-damage|p2a: Sinistcha|70/100
|-damage|p2a: Sinistcha|53/100
|-damage|p2a: Sinistcha|38/100
|-hitcount|p2a: Sinistcha|4
|move|p2a: Sinistcha|Strength Sap|p1a: Kyurem
|-unboost|p1a: Kyurem|atk|1
|-heal|p2a: Sinistcha|100/100
|
|upkeep
|turn|18
|
|t:|1743880102
|switch|p1a: Klefki|Klefki, F|100/100
|move|p2a: Sinistcha|Calm Mind|p2a: Sinistcha
|-boost|p2a: Sinistcha|spa|1
|-boost|p2a: Sinistcha|spd|1
|
|upkeep
|turn|19
|inactive|SuprBallr has 120 seconds left.
|
|t:|1743880140
|move|p1a: Klefki|Light Screen|p1a: Klefki
|-sidestart|p1: Kingdra all day|move: Light Screen
|move|p2a: Sinistcha|Shadow Ball|p1a: Klefki
|-damage|p1a: Klefki|63/100
|
|upkeep
|turn|20
|
|t:|1743880143
|move|p1a: Klefki|Thunder Wave|p2a: Sinistcha
|-status|p2a: Sinistcha|par
|cant|p2a: Sinistcha|par
|
|upkeep
|turn|21
|
|t:|1743880148
|switch|p1a: Ninetales|Ninetales-Alola, M|100/100 par
|-weather|Snowscape|[from] ability: Snow Warning|[of] p1a: Ninetales
|move|p2a: Sinistcha|Calm Mind|p2a: Sinistcha
|-boost|p2a: Sinistcha|spa|1
|-boost|p2a: Sinistcha|spd|1
|
|-weather|Snowscape|[upkeep]
|upkeep
|turn|22
|
|t:|1743880155
|move|p1a: Ninetales|Encore|p2a: Sinistcha
|-start|p2a: Sinistcha|Encore
|cant|p2a: Sinistcha|par
|
|-weather|Snowscape|[upkeep]
|upkeep
|turn|23
|
|t:|1743880156
|cant|p1a: Ninetales|par
|cant|p2a: Sinistcha|par
|
|-weather|Snowscape|[upkeep]
|upkeep
|turn|24
|
|t:|1743880158
|cant|p1a: Ninetales|par
|move|p2a: Sinistcha|Calm Mind|p2a: Sinistcha
|-boost|p2a: Sinistcha|spa|1
|-boost|p2a: Sinistcha|spd|1
|
|-weather|Snowscape|[upkeep]
|-end|p2a: Sinistcha|Encore
|upkeep
|turn|25
|
|t:|1743880161
|move|p1a: Ninetales|Encore|p2a: Sinistcha
|-start|p2a: Sinistcha|Encore
|move|p2a: Sinistcha|Calm Mind|p2a: Sinistcha
|-boost|p2a: Sinistcha|spa|1
|-boost|p2a: Sinistcha|spd|1
|
|-weather|none
|upkeep
|turn|26
|
|t:|1743880168
|move|p1a: Ninetales|Freeze-Dry|p2a: Sinistcha
|-damage|p2a: Sinistcha|94/100 par
|cant|p2a: Sinistcha|par
|
|-sideend|p1: Kingdra all day|move: Light Screen
|upkeep
|turn|27
|
|t:|1743880173
|move|p1a: Ninetales|Freeze-Dry|p2a: Sinistcha
|-damage|p2a: Sinistcha|88/100 par
|move|p2a: Sinistcha|Calm Mind|p2a: Sinistcha
|-boost|p2a: Sinistcha|spa|1
|-boost|p2a: Sinistcha|spd|1
|
|-end|p2a: Sinistcha|Encore
|upkeep
|turn|28
|
|t:|1743880180
|cant|p1a: Ninetales|par
|move|p2a: Sinistcha|Shadow Ball|p1a: Ninetales
|-damage|p1a: Ninetales|0 fnt
|faint|p1a: Ninetales
|
|upkeep
|
|t:|1743880186
|switch|p1a: Klefki|Klefki, F|63/100
|turn|29
|
|t:|1743880188
|move|p1a: Klefki|Light Screen|p1a: Klefki
|-sidestart|p1: Kingdra all day|move: Light Screen
|cant|p2a: Sinistcha|par
|
|upkeep
|turn|30
|
|t:|1743880193
|move|p1a: Klefki|Reflect|p1a: Klefki
|-sidestart|p1: Kingdra all day|Reflect
|move|p2a: Sinistcha|Matcha Gotcha|p1a: Klefki
|-resisted|p1a: Klefki
|-damage|p1a: Klefki|23/100
|-heal|p2a: Sinistcha|100/100 par|[from] drain|[of] p1a: Klefki
|
|upkeep
|turn|31
|
|t:|1743880198
|switch|p1a: Kyurem|Kyurem, shiny|68/100
|-ability|p1a: Kyurem|Pressure
|move|p2a: Sinistcha|Shadow Ball|p1a: Kyurem
|-damage|p1a: Kyurem|6/100
|
|upkeep
|turn|32
|
|t:|1743880200
|move|p1a: Kyurem|Icicle Spear|p2a: Sinistcha
|-damage|p2a: Sinistcha|89/100 par
|-damage|p2a: Sinistcha|78/100 par
|-damage|p2a: Sinistcha|67/100 par
|-damage|p2a: Sinistcha|56/100 par
|-damage|p2a: Sinistcha|44/100 par
|-hitcount|p2a: Sinistcha|5
|cant|p2a: Sinistcha|par
|
|upkeep
|turn|33
|
|t:|1743880204
|move|p1a: Kyurem|Icicle Spear|p2a: Sinistcha
|-damage|p2a: Sinistcha|32/100 par
|-damage|p2a: Sinistcha|22/100 par
|-damage|p2a: Sinistcha|11/100 par
|-damage|p2a: Sinistcha|0 fnt
|faint|p2a: Sinistcha
|-hitcount|p2: Sinistcha|4
|
|upkeep
|
|t:|1743880211
|switch|p2a: Weezing|Weezing-Galar, M|100/100
|-ability|p2a: Weezing|Neutralizing Gas
|turn|34
|
|t:|1743880214
|move|p1a: Kyurem|Icicle Spear|p2a: Weezing
|-damage|p2a: Weezing|91/100
|-damage|p2a: Weezing|81/100
|-damage|p2a: Weezing|71/100
|-damage|p2a: Weezing|62/100
|-damage|p2a: Weezing|53/100
|-hitcount|p2a: Weezing|5
|move|p2a: Weezing|Strange Steam|p1a: Kyurem
|-supereffective|p1a: Kyurem
|-damage|p1a: Kyurem|0 fnt
|faint|p1a: Kyurem
|
|upkeep
|
|t:|1743880218
|switch|p1a: Latias|Latias, F|100/100
|turn|35
|
|t:|1743880221
|move|p1a: Latias|Agility|p1a: Latias
|-boost|p1a: Latias|spe|2
|move|p2a: Weezing|Strange Steam|p1a: Latias
|-supereffective|p1a: Latias
|-damage|p1a: Latias|78/100
|-enditem|p1a: Latias|Weakness Policy
|-boost|p1a: Latias|atk|2|[from] item: Weakness Policy
|-boost|p1a: Latias|spa|2|[from] item: Weakness Policy
|
|upkeep
|turn|36
|
|t:|1743880229
|move|p1a: Latias|Stored Power|p2a: Weezing
|-supereffective|p2a: Weezing
|-damage|p2a: Weezing|0 fnt
|faint|p2a: Weezing
|-end|p2a: Weezing|ability: Neutralizing Gas
|
|-sideend|p1: Kingdra all day|move: Light Screen
|upkeep
|
|t:|1743880232
|switch|p2a: Gligah's dad|Gliscor, M|100/100
|turn|37
|
|t:|1743880236
|move|p1a: Latias|Stored Power|p2a: Gligah's dad
|-damage|p2a: Gligah's dad|0 fnt
|faint|p2a: Gligah's dad
|
|win|Kingdra all day
|raw|Kingdra all day's rating: 1497 &rarr; <strong>1517</strong><br />(+20 for winning)
|raw|SuprBallr's rating: 1493 &rarr; <strong>1473</strong><br />(-20 for losing)
|l|☆SuprBallr
|player|p2|
|l|☆Kingdra all day
|player|p1|
