|j|☆koraidrone
|j|☆Bordercauley
|t:|1743864852
|gametype|singles
|player|p1|koraidrone|cyclist|1332
|player|p2|Bordercauley|102|1417
|teamsize|p1|6
|teamsize|p2|6
|gen|9
|tier|[Gen 9] OU
|rated|
|rule|HP Percentage Mod: HP is shown in percentages
|rule|Endless Battle Clause: Forcing endless battles is banned
|rule|Species Clause: Limit one of each Pokémon
|rule|OHKO Clause: OHKO moves are banned
|rule|Evasion Items Clause: Evasion items are banned
|rule|Evasion Moves Clause: Evasion moves are banned
|rule|Sleep Moves Clause: Sleep-inducing moves are banned
|clearpoke
|poke|p1|Rillaboom, F|
|poke|p1|Ogerpon-Cornerstone, F|
|poke|p1|Gholdengo|
|poke|p1|Araquanid, F|
|poke|p1|Iron Treads|
|poke|p1|Hawlucha, M|
|poke|p2|Meowscarada, F|
|poke|p2|Pelipper, M|
|poke|p2|Floatzel, M|
|poke|p2|Quaquaval, M|
|poke|p2|Sinistcha|
|poke|p2|Kilowattrel, F|
|teampreview
|
|t:|1743864868
|start
|switch|p1a: Rillaboom|Rillaboom, F|100/100
|switch|p2a: Cat|Meowscarada, F|100/100
|-fieldstart|move: Grassy Terrain|[from] ability: Grassy Surge|[of] p1a: Rillaboom
|turn|1
|inactive|Battle timer is ON: inactive players will automatically lose when time's up. (requested by koraidrone)
|
|t:|1743864878
|move|p2a: Cat|Spikes|p1a: Rillaboom
|-sidestart|p1: koraidrone|Spikes
|move|p1a: Rillaboom|U-turn|p2a: Cat
|-supereffective|p2a: Cat
|-enditem|p2a: Cat|Focus Sash
|-damage|p2a: Cat|1/100
|
|t:|1743864889
|switch|p1a: Iron Treads|Iron Treads|100/100|[from] U-turn
|-damage|p1a: Iron Treads|88/100|[from] Spikes
|-enditem|p1a: Iron Treads|Booster Energy
|-activate|p1a: Iron Treads|ability: Quark Drive|[fromitem]
|-start|p1a: Iron Treads|quarkdrivespe
|
|-heal|p1a: Iron Treads|94/100|[from] Grassy Terrain
|-heal|p2a: Cat|7/100|[from] Grassy Terrain
|upkeep
|turn|2
|
|t:|1743864898
|switch|p2a: Tea|Sinistcha|100/100
|move|p1a: Iron Treads|Rapid Spin|p2a: Tea
|-immune|p2a: Tea
|
|-heal|p1a: Iron Treads|100/100|[from] Grassy Terrain
|upkeep
|turn|3
|
|t:|1743864906
|move|p1a: Iron Treads|Steel Roller|p2a: Tea
|-damage|p2a: Tea|55/100
|-fieldend|move: Grassy Terrain
|move|p2a: Tea|Calm Mind|p2a: Tea
|-boost|p2a: Tea|spa|1
|-boost|p2a: Tea|spd|1
|
|-heal|p2a: Tea|61/100|[from] item: Leftovers
|upkeep
|turn|4
|
|t:|1743864914
|-end|p1a: Iron Treads|Quark Drive|[silent]
|switch|p1a: Rillaboom|Rillaboom, F|100/100
|-damage|p1a: Rillaboom|88/100|[from] Spikes
|-fieldstart|move: Grassy Terrain|[from] ability: Grassy Surge|[of] p1a: Rillaboom
|move|p2a: Tea|Strength Sap|p1a: Rillaboom
|-unboost|p1a: Rillaboom|atk|1
|-heal|p2a: Tea|100/100
|
|-heal|p1a: Rillaboom|94/100|[from] Grassy Terrain
|upkeep
|turn|5
|
|t:|1743864918
|move|p1a: Rillaboom|Knock Off|p2a: Tea
|-supereffective|p2a: Tea
|-damage|p2a: Tea|64/100
|-enditem|p2a: Tea|Leftovers|[from] move: Knock Off|[of] p1a: Rillaboom
|move|p2a: Tea|Shadow Ball|p1a: Rillaboom
|-damage|p1a: Rillaboom|39/100
|
|-heal|p1a: Rillaboom|45/100|[from] Grassy Terrain
|-heal|p2a: Tea|70/100|[from] Grassy Terrain
|upkeep
|turn|6
|
|t:|1743864923
|move|p1a: Rillaboom|U-turn|p2a: Tea
|-damage|p2a: Tea|57/100
|
|t:|1743864927
|switch|p1a: Iron Treads|Iron Treads|100/100|[from] U-turn
|-damage|p1a: Iron Treads|88/100|[from] Spikes
|move|p2a: Tea|Strength Sap|p1a: Iron Treads
|-unboost|p1a: Iron Treads|atk|1
|-heal|p2a: Tea|100/100
|
|-heal|p1a: Iron Treads|94/100|[from] Grassy Terrain
|upkeep
|turn|7
|
|t:|1743864934
|move|p1a: Iron Treads|Steel Roller|p2a: Tea
|-damage|p2a: Tea|72/100
|-fieldend|move: Grassy Terrain
|move|p2a: Tea|Calm Mind|p2a: Tea
|-boost|p2a: Tea|spa|1
|-boost|p2a: Tea|spd|1
|
|upkeep
|turn|8
|
|t:|1743864941
|-end|p1a: Iron Treads|Quark Drive|[silent]
|switch|p1a: Gholdengo|Gholdengo|100/100
|-damage|p1a: Gholdengo|88/100|[from] Spikes
|move|p2a: Tea|Matcha Gotcha|p1a: Gholdengo
|-resisted|p1a: Gholdengo
|-damage|p1a: Gholdengo|49/100
|-heal|p2a: Tea|90/100|[from] drain|[of] p1a: Gholdengo
|
|upkeep
|turn|9
|
|t:|1743864946
|move|p1a: Gholdengo|Substitute|p1a: Gholdengo
|-start|p1a: Gholdengo|Substitute
|-damage|p1a: Gholdengo|24/100
|move|p2a: Tea|Shadow Ball|p1a: Gholdengo
|-supereffective|p1a: Gholdengo
|-end|p1a: Gholdengo|Substitute
|
|upkeep
|turn|10
|
|t:|1743864956
|switch|p2a: Duck|Quaquaval, M|100/100
|move|p1a: Gholdengo|Shadow Ball|p2a: Duck
|-damage|p2a: Duck|37/100
|
|-heal|p2a: Duck|44/100|[from] item: Leftovers
|upkeep
|turn|11
|
|t:|1743864964
|switch|p1a: Rillaboom|Rillaboom, F|45/100
|-damage|p1a: Rillaboom|33/100|[from] Spikes
|-fieldstart|move: Grassy Terrain|[from] ability: Grassy Surge|[of] p1a: Rillaboom
|move|p2a: Duck|Ice Spinner|p1a: Rillaboom
|-supereffective|p1a: Rillaboom
|-damage|p1a: Rillaboom|0 fnt
|-fieldend|move: Grassy Terrain
|faint|p1a: Rillaboom
|-ability|p2a: Duck|Moxie|boost
|-boost|p2a: Duck|atk|1
|
|-heal|p2a: Duck|50/100|[from] item: Leftovers
|upkeep
|
|t:|1743864973
|switch|p1a: Araquanid|Araquanid, F|100/100
|-damage|p1a: Araquanid|88/100|[from] Spikes
|turn|12
|
|t:|1743864978
|move|p2a: Duck|Aqua Step|p1a: Araquanid
|-resisted|p1a: Araquanid
|-damage|p1a: Araquanid|55/100
|-boost|p2a: Duck|spe|1
|move|p1a: Araquanid|Sticky Web|p2a: Duck
|-sidestart|p2: Bordercauley|move: Sticky Web
|
|-heal|p2a: Duck|56/100|[from] item: Leftovers
|upkeep
|turn|13
|
|t:|1743864983
|move|p2a: Duck|Bulk Up|p2a: Duck
|-boost|p2a: Duck|atk|1
|-boost|p2a: Duck|def|1
|move|p1a: Araquanid|Surf|p2a: Duck
|-resisted|p2a: Duck
|-damage|p2a: Duck|19/100
|
|-heal|p2a: Duck|25/100|[from] item: Leftovers
|upkeep
|turn|14
|
|t:|1743864993
|move|p1a: Araquanid|Endure|p1a: Araquanid
|-singleturn|p1a: Araquanid|move: Endure
|move|p2a: Duck|Close Combat|p1a: Araquanid
|-resisted|p1a: Araquanid
|-activate|p1a: Araquanid|move: Endure
|-damage|p1a: Araquanid|1/100
|-unboost|p2a: Duck|def|1
|-unboost|p2a: Duck|spd|1
|
|-heal|p2a: Duck|31/100|[from] item: Leftovers
|upkeep
|turn|15
|-enditem|p1a: Araquanid|Custap Berry|[eat]
|-activate|p1a: Araquanid|item: Custap Berry|[consumed]
|
|t:|1743865003
|switch|p2a: Cat|Meowscarada, F|7/100
|-activate|p2a: Cat|move: Sticky Web
|-unboost|p2a: Cat|spe|1
|move|p1a: Araquanid|Surf|p2a: Cat
|-resisted|p2a: Cat
|-damage|p2a: Cat|0 fnt
|faint|p2a: Cat
|
|upkeep
|
|t:|1743865006
|switch|p2a: Duck|Quaquaval, M|31/100
|-activate|p2a: Duck|move: Sticky Web
|-unboost|p2a: Duck|spe|1
|turn|16
|
|t:|1743865014
|move|p2a: Duck|Aqua Step|p1a: Araquanid
|-resisted|p1a: Araquanid
|-damage|p1a: Araquanid|0 fnt
|-boost|p2a: Duck|spe|1
|faint|p1a: Araquanid
|-ability|p2a: Duck|Moxie|boost
|-boost|p2a: Duck|atk|1
|
|-heal|p2a: Duck|37/100|[from] item: Leftovers
|upkeep
|
|t:|1743865023
|switch|p1a: Hawlucha|Hawlucha, M|100/100
|turn|17
|
|t:|1743865028
|move|p1a: Hawlucha|Acrobatics|p2a: Duck
|-supereffective|p2a: Duck
|-damage|p2a: Duck|0 fnt
|faint|p2a: Duck
|
|upkeep
|
|t:|1743865030
|switch|p2a: Bird|Pelipper, M|100/100
|-weather|RainDance|[from] ability: Drizzle|[of] p2a: Bird
|turn|18
|
|t:|1743865036
|move|p1a: Hawlucha|Swords Dance|p1a: Hawlucha
|-boost|p1a: Hawlucha|atk|2
|move|p2a: Bird|Hurricane|p1a: Hawlucha
|-supereffective|p1a: Hawlucha
|-damage|p1a: Hawlucha|0 fnt
|faint|p1a: Hawlucha
|
|-weather|RainDance|[upkeep]
|upkeep
|
|t:|1743865041
|switch|p1a: Iron Treads|Iron Treads|94/100
|-damage|p1a: Iron Treads|82/100|[from] Spikes
|turn|19
|
|t:|1743865048
|move|p1a: Iron Treads|Supercell Slam|p2a: Bird
|-supereffective|p2a: Bird
|-damage|p2a: Bird|5/100
|move|p2a: Bird|Surf|p1a: Iron Treads
|-supereffective|p1a: Iron Treads
|-damage|p1a: Iron Treads|0 fnt
|faint|p1a: Iron Treads
|-end|p1a: Iron Treads|Quark Drive|[silent]
|
|-weather|RainDance|[upkeep]
|upkeep
|
|t:|1743865056
|switch|p1a: Ogerpon|Ogerpon-Cornerstone, F|100/100
|-damage|p1a: Ogerpon|88/100|[from] Spikes
|turn|20
|
|t:|1743865061
|move|p1a: Ogerpon|Ivy Cudgel|p2a: Bird|[anim] Ivy Cudgel Rock
|-supereffective|p2a: Bird
|-damage|p2a: Bird|0 fnt
|faint|p2a: Bird
|
|-weather|RainDance|[upkeep]
|upkeep
|
|t:|1743865064
|switch|p2a: Weasel|Floatzel, M|100/100
|-activate|p2a: Weasel|move: Sticky Web
|-unboost|p2a: Weasel|spe|1
|turn|21
|
|t:|1743865070
|-terastallize|p2a: Weasel|Water
|move|p2a: Weasel|Wave Crash|p1a: Ogerpon
|-damage|p1a: Ogerpon|0 fnt
|faint|p1a: Ogerpon
|-damage|p2a: Weasel|73/100|[from] Recoil
|
|-weather|RainDance|[upkeep]
|upkeep
|
|t:|1743865075
|switch|p1a: Gholdengo|Gholdengo|24/100
|-damage|p1a: Gholdengo|12/100|[from] Spikes
|turn|22
|c|☆Bordercauley|gg
|
|t:|1743865079
|move|p2a: Weasel|Wave Crash|p1a: Gholdengo
|-damage|p1a: Gholdengo|0 fnt
|faint|p1a: Gholdengo
|-damage|p2a: Weasel|69/100|[from] Recoil
|
|win|Bordercauley
|raw|koraidrone's rating: 1332 &rarr; <strong>1317</strong><br />(-15 for losing)
|raw|Bordercauley's rating: 1417 &rarr; <strong>1432</strong><br />(+15 for winning)
|l|☆koraidrone
|player|p1|
