|j|☆Indigo1way
|j|☆Fucufjff
|t:|1743802993
|gametype|singles
|player|p1|Indigo1way|266|1109
|player|p2|Fucufjff|blackbelt-gen4|1045
|teamsize|p1|6
|teamsize|p2|6
|gen|9
|tier|[Gen 9] OU
|rated|
|rule|HP Percentage Mod: HP is shown in percentages
|rule|Endless Battle Clause: Forcing endless battles is banned
|rule|Species Clause: Limit one of each Pokémon
|rule|OHKO Clause: OHKO moves are banned
|rule|Evasion Items Clause: Evasion items are banned
|rule|Evasion Moves Clause: Evasion moves are banned
|rule|Sleep Moves Clause: Sleep-inducing moves are banned
|clearpoke
|poke|p1|Wo-Chien|
|poke|p1|Glimmora, F|
|poke|p1|Mew|
|poke|p1|Zoroark-Hisui, F|
|poke|p1|Necrozma|
|poke|p1|Kingambit, M|
|poke|p2|Chandelure, M|
|poke|p2|Altaria, F|
|poke|p2|Kingambit, F|
|poke|p2|Gholdengo|
|poke|p2|Tornadus-Therian, M|
|poke|p2|Iron Valiant|
|teampreview
|inactive|Battle timer is ON: inactive players will automatically lose when time's up. (requested by Indigo1way)
|
|t:|1743803014
|start
|switch|p1a: Naraku|Glimmora, F, shiny|100/100
|switch|p2a: Skye|Altaria, F|100/100
|turn|1
|
|t:|1743803026
|move|p1a: Naraku|Sludge Bomb|p2a: Skye
|-damage|p2a: Skye|69/100
|move|p2a: Skye|Fire Spin|p1a: Naraku|[miss]
|-miss|p2a: Skye|p1a: Naraku
|
|-heal|p2a: Skye|76/100|[from] item: Leftovers
|upkeep
|turn|2
|
|t:|1743803034
|switch|p1a: Naraku|Glimmora, F, shiny|100/100
|move|p2a: Skye|Protect||[still]
|-fail|p2a: Skye
|
|-heal|p2a: Skye|82/100|[from] item: Leftovers
|upkeep
|turn|3
|
|t:|1743803042
|move|p1a: Naraku|Toxic|p2a: Skye
|-status|p2a: Skye|tox
|move|p2a: Skye|Fire Spin|p1a: Naraku
|-resisted|p1a: Naraku
|-damage|p1a: Naraku|96/100
|-activate|p1a: Naraku|move: Fire Spin|[of] p2a: Skye
|
|-heal|p2a: Skye|88/100 tox|[from] item: Leftovers
|-damage|p2a: Skye|82/100 tox|[from] psn
|-damage|p1a: Naraku|84/100|[from] move: Fire Spin|[partiallytrapped]
|upkeep
|turn|4
|
|t:|1743803054
|move|p1a: Naraku|Stealth Rock|p2a: Skye
|-sidestart|p2: Fucufjff|move: Stealth Rock
|move|p2a: Skye|Perish Song|p2a: Skye
|-start|p1a: Naraku|perish3|[silent]
|-start|p2a: Skye|perish3|[silent]
|-fieldactivate|move: Perish Song
|
|-heal|p2a: Skye|88/100 tox|[from] item: Leftovers
|-damage|p2a: Skye|76/100 tox|[from] psn
|-damage|p1a: Naraku|72/100|[from] move: Fire Spin|[partiallytrapped]
|-start|p1a: Naraku|perish3
|-start|p2a: Skye|perish3
|upkeep
|turn|5
|
|t:|1743803067
|move|p1a: Naraku|Mortal Spin|p2a: Skye
|-damage|p2a: Skye|68/100 tox
|-end|p1a: Naraku|Fire Spin|[partiallytrapped]
|move|p2a: Skye|Roost|p2a: Skye
|-heal|p2a: Skye|100/100 tox
|-singleturn|p2a: Skye|move: Roost
|
|-damage|p2a: Skye|82/100 tox|[from] psn
|-start|p1a: Naraku|perish2
|-start|p2a: Skye|perish2
|upkeep
|turn|6
|
|t:|1743803087
|switch|p1a: OvertheGardenWall|Wo-Chien|100/100
|-ability|p1a: OvertheGardenWall|Tablets of Ruin
|move|p2a: Skye|Fire Spin|p1a: OvertheGardenWall
|-supereffective|p1a: OvertheGardenWall
|-damage|p1a: OvertheGardenWall|91/100
|-activate|p1a: OvertheGardenWall|move: Fire Spin|[of] p2a: Skye
|
|-heal|p2a: Skye|88/100 tox|[from] item: Leftovers
|-heal|p1a: OvertheGardenWall|98/100|[from] item: Leftovers
|-damage|p2a: Skye|63/100 tox|[from] psn
|-damage|p1a: OvertheGardenWall|85/100|[from] move: Fire Spin|[partiallytrapped]
|-start|p2a: Skye|perish1
|upkeep
|turn|7
|
|t:|1743803116
|-curestatus|p2a: Skye|tox|[from] ability: Natural Cure
|switch|p2a: Gholdengo|Gholdengo|100/100
|-damage|p2a: Gholdengo|94/100|[from] Stealth Rock
|-item|p2a: Gholdengo|Air Balloon
|move|p1a: OvertheGardenWall|Leech Seed|p2a: Gholdengo
|-immune|p2a: Gholdengo|[from] ability: Good as Gold
|
|-heal|p1a: OvertheGardenWall|91/100|[from] item: Leftovers
|-end|p1a: OvertheGardenWall|Fire Spin|[partiallytrapped]|[silent]
|upkeep
|turn|8
|inactive|Fucufjff has 120 seconds left.
|
|t:|1743803134
|switch|p2a: Iron Valiant|Iron Valiant|100/100
|-damage|p2a: Iron Valiant|94/100|[from] Stealth Rock
|-enditem|p2a: Iron Valiant|Booster Energy
|-activate|p2a: Iron Valiant|ability: Quark Drive|[fromitem]
|-start|p2a: Iron Valiant|quarkdrivespe
|move|p1a: OvertheGardenWall|Ruination|p2a: Iron Valiant
|-damage|p2a: Iron Valiant|47/100
|
|-heal|p1a: OvertheGardenWall|98/100|[from] item: Leftovers
|upkeep
|turn|9
|inactive|Fucufjff has 120 seconds left.
|inactive|Indigo1way has 120 seconds left.
|
|t:|1743803173
|move|p2a: Iron Valiant|Close Combat|p1a: OvertheGardenWall
|-supereffective|p1a: OvertheGardenWall
|-damage|p1a: OvertheGardenWall|32/100
|-unboost|p2a: Iron Valiant|def|1
|-unboost|p2a: Iron Valiant|spd|1
|move|p1a: OvertheGardenWall|Ruination|p2a: Iron Valiant
|-damage|p2a: Iron Valiant|24/100
|
|-heal|p1a: OvertheGardenWall|38/100|[from] item: Leftovers
|upkeep
|turn|10
|
|t:|1743803186
|move|p2a: Iron Valiant|Spirit Break|p1a: OvertheGardenWall
|-supereffective|p1a: OvertheGardenWall
|-damage|p1a: OvertheGardenWall|1/100
|-unboost|p1a: OvertheGardenWall|spa|1
|move|p1a: OvertheGardenWall|Body Press|p2a: Iron Valiant
|-resisted|p2a: Iron Valiant
|-damage|p2a: Iron Valiant|0 fnt
|faint|p2a: Iron Valiant
|-end|p2a: Iron Valiant|Quark Drive|[silent]
|
|-heal|p1a: OvertheGardenWall|7/100|[from] item: Leftovers
|upkeep
|
|t:|1743803203
|switch|p2a: Tornadus|Tornadus-Therian, M|100/100
|-damage|p2a: Tornadus|76/100|[from] Stealth Rock
|turn|11
|
|t:|1743803207
|move|p2a: Tornadus|U-turn|p1a: OvertheGardenWall
|-supereffective|p1a: OvertheGardenWall
|-damage|p1a: OvertheGardenWall|0 fnt
|faint|p1a: OvertheGardenWall
|
|t:|1743803213
|switch|p2a: Chandelure|Chandelure, M|100/100|[from] U-turn
|-damage|p2a: Chandelure|76/100|[from] Stealth Rock
|
|upkeep
|inactive|Indigo1way has 120 seconds left.
|
|t:|1743803243
|switch|p1a: Mew|Mew|100/100
|turn|12
|
|t:|1743803254
|move|p2a: Chandelure|Trick|p1a: Mew
|-activate|p2a: Chandelure|move: Trick|[of] p1a: Mew
|-item|p1a: Mew|Choice Scarf|[from] move: Trick
|-item|p2a: Chandelure|Choice Specs|[from] move: Trick
|move|p1a: Mew|Shadow Ball|p2a: Chandelure
|-supereffective|p2a: Chandelure
|-damage|p2a: Chandelure|0 fnt
|faint|p2a: Chandelure
|
|upkeep
|
|t:|1743803266
|switch|p2a: Skye|Altaria, F|63/100
|-damage|p2a: Skye|38/100|[from] Stealth Rock
|turn|13
|
|t:|1743803271
|-terastallize|p2a: Skye|Steel
|move|p1a: Mew|Shadow Ball|p2a: Skye
|-damage|p2a: Skye|11/100
|-unboost|p2a: Skye|spd|1
|move|p2a: Skye|Roost|p2a: Skye
|-heal|p2a: Skye|61/100
|
|-heal|p2a: Skye|67/100|[from] item: Leftovers
|upkeep
|turn|14
|
|t:|1743803283
|move|p2a: Skye|Protect|p2a: Skye
|-singleturn|p2a: Skye|Protect
|move|p1a: Mew|Shadow Ball|p2a: Skye
|-activate|p2a: Skye|move: Protect
|
|-heal|p2a: Skye|74/100|[from] item: Leftovers
|upkeep
|turn|15
|inactive|Indigo1way has 120 seconds left.
|inactive|Indigo1way has 90 seconds left.
|
|t:|1743803350
|switch|p2a: Kingambit|Kingambit, F|100/100
|-damage|p2a: Kingambit|94/100|[from] Stealth Rock
|-activate|p2a: Kingambit|ability: Supreme Overlord
|-start|p2a: Kingambit|fallen2|[silent]
|move|p1a: Mew|Shadow Ball|p2a: Kingambit
|-resisted|p2a: Kingambit
|-damage|p2a: Kingambit|75/100
|-unboost|p2a: Kingambit|spd|1
|
|upkeep
|turn|16
|inactive|Fucufjff has 120 seconds left.
|
|t:|1743803360
|switch|p1a: Naraku|Glimmora, F, shiny|72/100
|move|p2a: Kingambit|Swords Dance|p2a: Kingambit
|-boost|p2a: Kingambit|atk|2
|
|upkeep
|turn|17
|inactive|Fucufjff has 120 seconds left.
|
|t:|1743803369
|move|p1a: Naraku|Earth Power|p2a: Kingambit
|-supereffective|p2a: Kingambit
|-damage|p2a: Kingambit|1/100
|-enditem|p2a: Kingambit|Weakness Policy
|-boost|p2a: Kingambit|atk|2|[from] item: Weakness Policy
|-boost|p2a: Kingambit|spa|2|[from] item: Weakness Policy
|move|p2a: Kingambit|Swords Dance|p2a: Kingambit
|-boost|p2a: Kingambit|atk|2
|
|upkeep
|turn|18
|
|t:|1743803383
|move|p2a: Kingambit|Sucker Punch|p1a: Naraku
|-damage|p1a: Naraku|0 fnt
|-activate|p1a: Naraku|ability: Toxic Debris
|-sidestart|p2: Fucufjff|move: Toxic Spikes
|faint|p1a: Naraku
|
|upkeep
|inactive|Indigo1way has 90 seconds left.
|
|t:|1743803420
|switch|p1a: Mew|Mew|100/100
|turn|19
|inactive|Fucufjff has 120 seconds left.
|
|t:|1743803443
|move|p2a: Kingambit|Sucker Punch|p1a: Mew
|-supereffective|p1a: Mew
|-damage|p1a: Mew|0 fnt
|replace|p1a: Clementine|Zoroark-Hisui, F, shiny
|-end|p1a: Clementine|Illusion
|faint|p1a: Clementine
|
|upkeep
|inactive|Indigo1way has 60 seconds left.
|
|t:|1743803477
|switch|p1a: Mew|Mew|100/100
|turn|20
|
|t:|1743803482
|move|p2a: Kingambit|Sucker Punch|p1a: Mew
|-supereffective|p1a: Mew
|-damage|p1a: Mew|0 fnt
|faint|p1a: Mew
|
|upkeep
|
|t:|1743803487
|switch|p1a: Eternal Sunshine|Necrozma|100/100
|turn|21
|
|t:|1743803503
|move|p2a: Kingambit|Sucker Punch||[still]
|-fail|p2a: Kingambit
|move|p1a: Eternal Sunshine|Iron Defense|p1a: Eternal Sunshine
|-boost|p1a: Eternal Sunshine|def|2
|
|upkeep
|turn|22
|
|t:|1743803509
|move|p1a: Eternal Sunshine|Calm Mind|p1a: Eternal Sunshine
|-boost|p1a: Eternal Sunshine|spa|1
|-boost|p1a: Eternal Sunshine|spd|1
|move|p2a: Kingambit|Kowtow Cleave|p1a: Eternal Sunshine
|-supereffective|p1a: Eternal Sunshine
|-damage|p1a: Eternal Sunshine|0 fnt
|faint|p1a: Eternal Sunshine
|
|upkeep
|
|t:|1743803513
|switch|p1a: Thanos|Kingambit, M, shiny|100/100
|-activate|p1a: Thanos|ability: Supreme Overlord
|-start|p1a: Thanos|fallen5|[silent]
|turn|23
|
|t:|1743803536
|move|p2a: Kingambit|Kowtow Cleave|p1a: Thanos
|-resisted|p1a: Thanos
|-damage|p1a: Thanos|10/100
|move|p1a: Thanos|Brick Break|p2a: Kingambit
|-supereffective|p2a: Kingambit
|-damage|p2a: Kingambit|0 fnt
|faint|p2a: Kingambit
|-end|p2a: Kingambit|fallen2|[silent]
|
|upkeep
|
|t:|1743803544
|switch|p2a: Gholdengo|Gholdengo|94/100
|-damage|p2a: Gholdengo|88/100|[from] Stealth Rock
|-item|p2a: Gholdengo|Air Balloon
|turn|24
|inactive|Indigo1way has 90 seconds left.
|
|t:|1743803561
|move|p1a: Thanos|Sucker Punch||[still]
|-fail|p1a: Thanos
|move|p2a: Gholdengo|Nasty Plot|p2a: Gholdengo
|-boost|p2a: Gholdengo|spa|2
|
|upkeep
|turn|25
|
|t:|1743803572
|move|p1a: Thanos|Sucker Punch||[still]
|-fail|p1a: Thanos
|move|p2a: Gholdengo|Nasty Plot|p2a: Gholdengo
|-boost|p2a: Gholdengo|spa|2
|
|upkeep
|turn|26
|inactive|Indigo1way has 90 seconds left.
|
|t:|1743803597
|move|p1a: Thanos|Sucker Punch|p2a: Gholdengo
|-supereffective|p2a: Gholdengo
|-damage|p2a: Gholdengo|0 fnt
|-enditem|p2a: Gholdengo|Air Balloon
|faint|p2a: Gholdengo
|
|upkeep
|
|t:|1743803606
|switch|p2a: Skye|Altaria, F, tera:Steel|74/100
|-damage|p2a: Skye|67/100|[from] Stealth Rock
|turn|27
|
|t:|1743803611
|-terastallize|p1a: Thanos|Ghost
|move|p2a: Skye|Fire Spin|p1a: Thanos
|-damage|p1a: Thanos|4/100
|-activate|p1a: Thanos|move: Fire Spin|[of] p2a: Skye
|move|p1a: Thanos|Iron Head|p2a: Skye
|-resisted|p2a: Skye
|-damage|p2a: Skye|28/100
|
|-heal|p2a: Skye|34/100|[from] item: Leftovers
|-damage|p1a: Thanos|0 fnt|[from] move: Fire Spin|[partiallytrapped]
|faint|p1a: Thanos
|-end|p1a: Thanos|fallen5|[silent]
|
|win|Fucufjff
|raw|Indigo1way's rating: 1109 &rarr; <strong>1079</strong><br />(-30 for losing)
|raw|Fucufjff's rating: 1045 &rarr; <strong>1084</strong><br />(+39 for winning)
|l|☆Indigo1way
|player|p1|
