|j|☆perfecto123
|j|‽SDF is gay
|t:|1743923287
|gametype|singles
|player|p1|perfecto123|266|1690
|player|p2|SDF is gay|unknownf|1670
|teamsize|p1|6
|teamsize|p2|6
|gen|9
|tier|[Gen 9] OU
|rated|
|rule|HP Percentage Mod: HP is shown in percentages
|rule|Endless Battle Clause: Forcing endless battles is banned
|rule|Species Clause: Limit one of each Pokémon
|rule|OHKO Clause: OHKO moves are banned
|rule|Evasion Items Clause: Evasion items are banned
|rule|Evasion Moves Clause: Evasion moves are banned
|rule|Sleep Moves Clause: Sleep-inducing moves are banned
|clearpoke
|poke|p1|Ribombee, F|
|poke|p1|Quaquaval, F|
|poke|p1|Hydreigon, F|
|poke|p1|Iron Moth|
|poke|p1|Skeledirge, M|
|poke|p1|Ogerpon-Wellspring, F|
|poke|p2|Araquanid, F|
|poke|p2|Gholdengo|
|poke|p2|Iron Moth|
|poke|p2|Iron Valiant|
|poke|p2|Raging Bolt|
|poke|p2|Kingambit, F|
|teampreview
|
|t:|1743923293
|start
|switch|p1a: Ogerpon|Ogerpon-Wellspring, F|100/100
|switch|p2a: Araquanid|Araquanid, F|100/100
|turn|1
|inactive|Battle timer is ON: inactive players will automatically lose when time's up. (requested by perfecto123)
|
|t:|1743923305
|move|p1a: Ogerpon|Swords Dance|p1a: Ogerpon
|-boost|p1a: Ogerpon|atk|2
|move|p2a: Araquanid|Sticky Web|p1a: Ogerpon
|-sidestart|p1: perfecto123|move: Sticky Web
|
|upkeep
|turn|2
|
|t:|1743923310
|move|p1a: Ogerpon|Trailblaze|p2a: Araquanid
|-damage|p2a: Araquanid|42/100
|-boost|p1a: Ogerpon|spe|1
|move|p2a: Araquanid|Lunge|p1a: Ogerpon
|-supereffective|p1a: Ogerpon
|-damage|p1a: Ogerpon|45/100
|-unboost|p1a: Ogerpon|atk|1
|
|upkeep
|turn|3
|
|t:|1743923320
|move|p1a: Ogerpon|Trailblaze|p2a: Araquanid
|-damage|p2a: Araquanid|0 fnt
|-boost|p1a: Ogerpon|spe|1
|faint|p2a: Araquanid
|
|upkeep
|
|t:|1743923326
|switch|p2a: Raging Bolt|Raging Bolt|100/100
|-enditem|p2a: Raging Bolt|Booster Energy
|-activate|p2a: Raging Bolt|ability: Protosynthesis|[fromitem]
|-start|p2a: Raging Bolt|protosynthesisspa
|turn|4
|
|t:|1743923331
|move|p2a: Raging Bolt|Thunderclap||[still]
|-fail|p2a: Raging Bolt
|move|p1a: Ogerpon|Swords Dance|p1a: Ogerpon
|-boost|p1a: Ogerpon|atk|2
|
|upkeep
|turn|5
|
|t:|1743923336
|move|p2a: Raging Bolt|Thunderclap||[still]
|-fail|p2a: Raging Bolt
|move|p1a: Ogerpon|Swords Dance|p1a: Ogerpon
|-boost|p1a: Ogerpon|atk|2
|
|upkeep
|turn|6
|
|t:|1743923343
|move|p2a: Raging Bolt|Thunderclap||[still]
|-fail|p2a: Raging Bolt
|move|p1a: Ogerpon|Swords Dance|p1a: Ogerpon
|-boost|p1a: Ogerpon|atk|1
|
|upkeep
|turn|7
|
|t:|1743923356
|move|p2a: Raging Bolt|Thunderclap||[still]
|-fail|p2a: Raging Bolt
|move|p1a: Ogerpon|Swords Dance|p1a: Ogerpon
|-boost|p1a: Ogerpon|atk|0
|
|upkeep
|turn|8
|
|t:|1743923361
|move|p1a: Ogerpon|Swords Dance|p1a: Ogerpon
|-boost|p1a: Ogerpon|atk|0
|move|p2a: Raging Bolt|Thunderbolt|p1a: Ogerpon
|-damage|p1a: Ogerpon|0 fnt
|faint|p1a: Ogerpon
|
|upkeep
|
|t:|1743923368
|switch|p1a: Ribombee|Ribombee, F|100/100
|-activate|p1a: Ribombee|move: Sticky Web
|-unboost|p1a: Ribombee|spe|1
|turn|9
|
|t:|1743923372
|move|p1a: Ribombee|Moonblast|p2a: Raging Bolt
|-supereffective|p2a: Raging Bolt
|-damage|p2a: Raging Bolt|26/100
|-unboost|p2a: Raging Bolt|spa|1
|move|p2a: Raging Bolt|Calm Mind|p2a: Raging Bolt
|-boost|p2a: Raging Bolt|spa|1
|-boost|p2a: Raging Bolt|spd|1
|
|upkeep
|turn|10
|
|t:|1743923381
|move|p2a: Raging Bolt|Thunderclap||[still]
|-fail|p2a: Raging Bolt
|move|p1a: Ribombee|Sticky Web|p2a: Raging Bolt
|-sidestart|p2: SDF is gay|move: Sticky Web
|
|upkeep
|turn|11
|
|t:|1743923387
|move|p2a: Raging Bolt|Thunderclap|p1a: Ribombee
|-damage|p1a: Ribombee|3/100
|move|p1a: Ribombee|Moonblast|p2a: Raging Bolt
|-supereffective|p2a: Raging Bolt
|-damage|p2a: Raging Bolt|0 fnt
|faint|p2a: Raging Bolt
|-end|p2a: Raging Bolt|Protosynthesis|[silent]
|
|upkeep
|
|t:|1743923391
|switch|p2a: Gholdengo|Gholdengo|100/100
|-item|p2a: Gholdengo|Air Balloon
|turn|12
|
|t:|1743923396
|move|p2a: Gholdengo|Shadow Ball|p1a: Ribombee
|-damage|p1a: Ribombee|0 fnt
|faint|p1a: Ribombee
|
|upkeep
|
|t:|1743923402
|switch|p1a: Hydreigon|Hydreigon, F|100/100
|turn|13
|
|t:|1743923406
|move|p1a: Hydreigon|Dark Pulse|p2a: Gholdengo
|-supereffective|p2a: Gholdengo
|-damage|p2a: Gholdengo|0 fnt
|-enditem|p2a: Gholdengo|Air Balloon
|faint|p2a: Gholdengo
|-damage|p1a: Hydreigon|91/100|[from] item: Life Orb
|
|upkeep
|
|t:|1743923409
|switch|p2a: Kingambit|Kingambit, F|100/100
|-activate|p2a: Kingambit|ability: Supreme Overlord
|-start|p2a: Kingambit|fallen3|[silent]
|-item|p2a: Kingambit|Air Balloon
|turn|14
|
|t:|1743923418
|switch|p1a: Skeledirge|Skeledirge, M|100/100
|-activate|p1a: Skeledirge|move: Sticky Web
|-unboost|p1a: Skeledirge|spe|1
|move|p2a: Kingambit|Iron Head|p1a: Skeledirge
|-resisted|p1a: Skeledirge
|-damage|p1a: Skeledirge|75/100
|
|-heal|p1a: Skeledirge|81/100|[from] item: Leftovers
|upkeep
|turn|15
|j| Pokemh
|
|t:|1743923428
|-terastallize|p1a: Skeledirge|Fairy
|move|p2a: Kingambit|Kowtow Cleave|p1a: Skeledirge
|-resisted|p1a: Skeledirge
|-damage|p1a: Skeledirge|53/100
|move|p1a: Skeledirge|Torch Song|p2a: Kingambit
|-supereffective|p2a: Kingambit
|-damage|p2a: Kingambit|10/100
|-boost|p1a: Skeledirge|spa|1
|-enditem|p2a: Kingambit|Air Balloon
|
|-heal|p1a: Skeledirge|59/100|[from] item: Leftovers
|upkeep
|turn|16
|j| gimmicks strategy
|
|t:|1743923440
|move|p2a: Kingambit|Iron Head|p1a: Skeledirge
|-supereffective|p1a: Skeledirge
|-damage|p1a: Skeledirge|0 fnt
|faint|p1a: Skeledirge
|
|upkeep
|
|t:|1743923445
|switch|p1a: Quaquaval|Quaquaval, F|100/100
|-activate|p1a: Quaquaval|move: Sticky Web
|-unboost|p1a: Quaquaval|spe|1
|turn|17
|
|t:|1743923454
|move|p2a: Kingambit|Iron Head|p1a: Quaquaval
|-resisted|p1a: Quaquaval
|-damage|p1a: Quaquaval|66/100
|move|p1a: Quaquaval|Aqua Step|p2a: Kingambit
|-damage|p2a: Kingambit|0 fnt
|-boost|p1a: Quaquaval|spe|1
|faint|p2a: Kingambit
|-end|p2a: Kingambit|fallen3|[silent]
|-ability|p1a: Quaquaval|Moxie|boost
|-boost|p1a: Quaquaval|atk|1
|
|-heal|p1a: Quaquaval|73/100|[from] item: Leftovers
|upkeep
|
|t:|1743923456
|switch|p2a: Iron Moth|Iron Moth|100/100
|-activate|p2a: Iron Moth|move: Sticky Web
|-unboost|p2a: Iron Moth|spe|1
|-enditem|p2a: Iron Moth|Booster Energy
|-activate|p2a: Iron Moth|ability: Quark Drive|[fromitem]
|-start|p2a: Iron Moth|quarkdrivespa
|turn|18
|j| sgt. unicorn
|
|t:|1743923469
|move|p1a: Quaquaval|Triple Axel|p2a: Iron Moth
|-resisted|p2a: Iron Moth
|-damage|p2a: Iron Moth|91/100
|-resisted|p2a: Iron Moth
|-damage|p2a: Iron Moth|72/100
|-hitcount|p2a: Iron Moth|2
|move|p2a: Iron Moth|Sludge Wave|p1a: Quaquaval
|-damage|p1a: Quaquaval|0 fnt
|faint|p1a: Quaquaval
|
|upkeep
|
|t:|1743923478
|switch|p1a: Iron Moth|Iron Moth|100/100
|-activate|p1a: Iron Moth|move: Sticky Web
|-unboost|p1a: Iron Moth|spe|1
|-enditem|p1a: Iron Moth|Booster Energy
|-activate|p1a: Iron Moth|ability: Quark Drive|[fromitem]
|-start|p1a: Iron Moth|quarkdrivespa
|turn|19
|l| gimmicks strategy
|c| Pokemh|What the tree
|
|t:|1743923485
|move|p2a: Iron Moth|Fiery Dance|p1a: Iron Moth
|-resisted|p1a: Iron Moth
|-damage|p1a: Iron Moth|71/100
|-boost|p2a: Iron Moth|spa|1
|move|p1a: Iron Moth|Sludge Wave|p2a: Iron Moth
|-resisted|p2a: Iron Moth
|-damage|p2a: Iron Moth|31/100
|
|upkeep
|turn|20
|
|t:|1743923498
|move|p2a: Iron Moth|Sludge Wave|p1a: Iron Moth
|-resisted|p1a: Iron Moth
|-damage|p1a: Iron Moth|21/100
|move|p1a: Iron Moth|Sludge Wave|p2a: Iron Moth
|-resisted|p2a: Iron Moth
|-damage|p2a: Iron Moth|0 fnt
|faint|p2a: Iron Moth
|-end|p2a: Iron Moth|Quark Drive|[silent]
|
|upkeep
|
|t:|1743923500
|switch|p2a: Iron Valiant|Iron Valiant|100/100
|-activate|p2a: Iron Valiant|move: Sticky Web
|-unboost|p2a: Iron Valiant|spe|1
|-enditem|p2a: Iron Valiant|Booster Energy
|-activate|p2a: Iron Valiant|ability: Quark Drive|[fromitem]
|-start|p2a: Iron Valiant|quarkdrivespa
|turn|21
|
|t:|1743923511
|-terastallize|p2a: Iron Valiant|Ghost
|move|p2a: Iron Valiant|Calm Mind|p2a: Iron Valiant
|-boost|p2a: Iron Valiant|spa|1
|-boost|p2a: Iron Valiant|spd|1
|move|p1a: Iron Moth|Sludge Wave|p2a: Iron Valiant
|-resisted|p2a: Iron Valiant
|-damage|p2a: Iron Valiant|56/100
|
|upkeep
|turn|22
|
|t:|1743923526
|move|p2a: Iron Valiant|Vacuum Wave|p1a: Iron Moth
|-resisted|p1a: Iron Moth
|-damage|p1a: Iron Moth|0 fnt
|faint|p1a: Iron Moth
|-end|p1a: Iron Moth|Quark Drive|[silent]
|
|upkeep
|
|t:|1743923530
|switch|p1a: Hydreigon|Hydreigon, F|91/100
|turn|23
|
|t:|1743923533
|move|p2a: Iron Valiant|Vacuum Wave|p1a: Hydreigon
|-supereffective|p1a: Hydreigon
|-damage|p1a: Hydreigon|0 fnt
|faint|p1a: Hydreigon
|
|win|SDF is gay
|raw|perfecto123's rating: 1690 &rarr; <strong>1668</strong><br />(-22 for losing)
|raw|SDF is gay's rating: 1659 &rarr; <strong>1681</strong><br />(+22 for winning)
|l| sgt. unicorn
|c| Pokemh|Non challant and rizz
