|j|☆cowboy magpie
|j|☆xiapuxiandiyi
|t:|1743782193
|gametype|singles
|player|p1|cowboy magpie|clair|1198
|player|p2|xiapuxiandiyi|dawn|1148
|teamsize|p1|6
|teamsize|p2|6
|gen|9
|tier|[Gen 9] OU
|rated|
|rule|HP Percentage Mod: HP is shown in percentages
|rule|Endless Battle Clause: Forcing endless battles is banned
|rule|Species Clause: Limit one of each Pokémon
|rule|OHKO Clause: OHKO moves are banned
|rule|Evasion Items Clause: Evasion items are banned
|rule|Evasion Moves Clause: Evasion moves are banned
|rule|Sleep Moves Clause: Sleep-inducing moves are banned
|clearpoke
|poke|p1|Murkrow, M|
|poke|p1|Salazzle, F|
|poke|p1|Lucario, M|
|poke|p1|Armarouge, F|
|poke|p1|Yanmega, M|
|poke|p1|Garchomp, F|
|poke|p2|Ting-Lu|
|poke|p2|Iron Valiant|
|poke|p2|Slowking-Galar, M|
|poke|p2|Ogerpon-Wellspring, F|
|poke|p2|Zapdos|
|poke|p2|Tyranitar, F|
|teampreview
|
|t:|1743782211
|start
|switch|p1a: Salazzle|Salazzle, F|100/100
|switch|p2a: Ting-Lu|Ting-Lu|100/100
|-item|p1a: Salazzle|Air Balloon
|-ability|p2a: Ting-Lu|Vessel of Ruin
|turn|1
|
|t:|1743782228
|move|p1a: Salazzle|Toxic|p2a: Ting-Lu
|-status|p2a: Ting-Lu|tox
|move|p2a: Ting-Lu|Stealth Rock|p1a: Salazzle
|-sidestart|p1: cowboy magpie|move: Stealth Rock
|
|-damage|p2a: Ting-Lu|94/100 tox|[from] psn
|upkeep
|turn|2
|
|t:|1743782237
|move|p1a: Salazzle|Encore|p2a: Ting-Lu
|-start|p2a: Ting-Lu|Encore
|move|p2a: Ting-Lu|Stealth Rock||[still]
|-fail|p2a: Ting-Lu
|
|-heal|p2a: Ting-Lu|100/100 tox|[from] item: Leftovers
|-damage|p2a: Ting-Lu|88/100 tox|[from] psn
|upkeep
|turn|3
|
|t:|1743782266
|switch|p1a: Garchomp|Garchomp, F|100/100
|-damage|p1a: Garchomp|94/100|[from] Stealth Rock
|switch|p2a: Tyranitar|Tyranitar, F|100/100
|-weather|Sandstorm|[from] ability: Sand Stream|[of] p2a: Tyranitar
|
|-weather|Sandstorm|[upkeep]
|upkeep
|turn|4
|
|t:|1743782313
|switch|p2a: Ting-Lu|Ting-Lu|88/100 tox
|-ability|p2a: Ting-Lu|Vessel of Ruin
|move|p1a: Garchomp|Swords Dance|p1a: Garchomp
|-boost|p1a: Garchomp|atk|2
|
|-weather|Sandstorm|[upkeep]
|-heal|p2a: Ting-Lu|94/100 tox|[from] item: Leftovers
|-damage|p2a: Ting-Lu|88/100 tox|[from] psn
|upkeep
|turn|5
|
|t:|1743782327
|move|p1a: Garchomp|Earthquake|p2a: Ting-Lu
|-damage|p2a: Ting-Lu|37/100 tox
|move|p2a: Ting-Lu|Ruination|p1a: Garchomp|[miss]
|-miss|p2a: Ting-Lu|p1a: Garchomp
|
|-weather|Sandstorm|[upkeep]
|-heal|p2a: Ting-Lu|43/100 tox|[from] item: Leftovers
|-damage|p2a: Ting-Lu|31/100 tox|[from] psn
|upkeep
|turn|6
|
|t:|1743782344
|move|p1a: Garchomp|Dragon Claw|p2a: Ting-Lu
|-damage|p2a: Ting-Lu|0 fnt
|faint|p2a: Ting-Lu
|
|-weather|Sandstorm|[upkeep]
|upkeep
|
|t:|1743782361
|switch|p2a: Slowking|Slowking-Galar, M|100/100
|turn|7
|
|t:|1743782372
|move|p1a: Garchomp|Earthquake|p2a: Slowking
|-supereffective|p2a: Slowking
|-damage|p2a: Slowking|0 fnt
|faint|p2a: Slowking
|
|-weather|none
|upkeep
|
|t:|1743782375
|switch|p2a: Ogerpon|Ogerpon-Wellspring, F|100/100
|turn|8
|
|t:|1743782392
|move|p1a: Garchomp|Dragon Claw|p2a: Ogerpon
|-damage|p2a: Ogerpon|9/100
|move|p2a: Ogerpon|Leech Seed|p1a: Garchomp
|-start|p1a: Garchomp|move: Leech Seed
|
|-damage|p1a: Garchomp|82/100|[from] Leech Seed|[of] p2a: Ogerpon
|-heal|p2a: Ogerpon|22/100|[silent]
|upkeep
|turn|9
|
|t:|1743782419
|move|p1a: Garchomp|Earthquake|p2a: Ogerpon
|-resisted|p2a: Ogerpon
|-damage|p2a: Ogerpon|0 fnt
|faint|p2a: Ogerpon
|
|upkeep
|
|t:|1743782427
|switch|p2a: Tyranitar|Tyranitar, F|100/100
|-weather|Sandstorm|[from] ability: Sand Stream|[of] p2a: Tyranitar
|turn|10
|
|t:|1743782432
|move|p2a: Tyranitar|Protect|p2a: Tyranitar
|-singleturn|p2a: Tyranitar|Protect
|move|p1a: Garchomp|Earthquake|p2a: Tyranitar
|-activate|p2a: Tyranitar|move: Protect
|
|-weather|Sandstorm|[upkeep]
|-damage|p1a: Garchomp|70/100|[from] Leech Seed|[of] p2a: Tyranitar
|upkeep
|turn|11
|
|t:|1743782452
|-terastallize|p2a: Tyranitar|Fairy
|move|p1a: Garchomp|Iron Head|p2a: Tyranitar
|-supereffective|p2a: Tyranitar
|-damage|p2a: Tyranitar|0 fnt
|faint|p2a: Tyranitar
|
|-weather|Sandstorm|[upkeep]
|upkeep
|
|t:|1743782462
|switch|p2a: Iron Valiant|Iron Valiant|100/100
|turn|12
|
|t:|1743782469
|-terastallize|p1a: Garchomp|Steel
|move|p2a: Iron Valiant|Moonblast|p1a: Garchomp
|-resisted|p1a: Garchomp
|-damage|p1a: Garchomp|40/100
|move|p1a: Garchomp|Iron Head|p2a: Iron Valiant
|-supereffective|p2a: Iron Valiant
|-damage|p2a: Iron Valiant|0 fnt
|faint|p2a: Iron Valiant
|-end|p2a: Iron Valiant|Quark Drive|[silent]
|
|-weather|Sandstorm|[upkeep]
|upkeep
|
|t:|1743782477
|switch|p2a: Zapdos|Zapdos|100/100
|turn|13
|-message|xiapuxiandiyi forfeited.
|
|win|cowboy magpie
|raw|cowboy magpie's rating: 1198 &rarr; <strong>1219</strong><br />(+21 for winning)
|raw|xiapuxiandiyi's rating: 1148 &rarr; <strong>1127</strong><br />(-21 for losing)
|l|☆xiapuxiandiyi
|player|p2|
