|j|☆j0hn the baptist
|j|☆Oficial Matute
|t:|1743862672
|gametype|singles
|player|p1|j0hn the baptist|jupiter|1313
|player|p2|Oficial Matute|policeman-gen4|1247
|teamsize|p1|6
|teamsize|p2|6
|gen|9
|tier|[Gen 9] OU
|rated|
|rule|HP Percentage Mod: HP is shown in percentages
|rule|Endless Battle Clause: Forcing endless battles is banned
|rule|Species Clause: Limit one of each Pokémon
|rule|OHKO Clause: OHKO moves are banned
|rule|Evasion Items Clause: Evasion items are banned
|rule|Evasion Moves Clause: Evasion moves are banned
|rule|Sleep Moves Clause: Sleep-inducing moves are banned
|clearpoke
|poke|p1|Dragonite, F|
|poke|p1|Ting-Lu|
|poke|p1|Gholdengo|
|poke|p1|Iron Valiant|
|poke|p1|Zamazenta-*|
|poke|p1|Kingambit, M|
|poke|p2|Talonflame, M|
|poke|p2|Moltres|
|poke|p2|Yanmega, M|
|poke|p2|Frosmoth, M|
|poke|p2|Scyther, F|
|poke|p2|Articuno|
|teampreview
|inactive|Battle timer is ON: inactive players will automatically lose when time's up. (requested by Oficial Matute)
|
|t:|1743862677
|start
|switch|p1a: Ting-Lu|Ting-Lu|100/100
|switch|p2a: Talonflame|Talonflame, M|100/100
|-ability|p1a: Ting-Lu|Vessel of Ruin
|turn|1
|
|t:|1743862686
|move|p2a: Talonflame|Will-O-Wisp|p1a: Ting-Lu
|-status|p1a: Ting-Lu|brn
|move|p1a: Ting-Lu|Taunt|p2a: Talonflame
|-start|p2a: Talonflame|move: Taunt
|
|-damage|p1a: Ting-Lu|94/100 brn|[from] brn
|upkeep
|turn|2
|
|t:|1743862697
|switch|p2a: Articuno|Articuno|100/100
|-ability|p2a: Articuno|Pressure
|move|p1a: Ting-Lu|Stealth Rock|p2a: Articuno
|-sidestart|p2: Oficial Matute|move: Stealth Rock
|
|-damage|p1a: Ting-Lu|88/100 brn|[from] brn
|upkeep
|turn|3
|
|t:|1743862717
|switch|p1a: Gholdengo|Gholdengo|100/100
|-item|p1a: Gholdengo|Air Balloon
|move|p2a: Articuno|Freeze-Dry|p1a: Gholdengo
|-resisted|p1a: Gholdengo
|-damage|p1a: Gholdengo|86/100
|-enditem|p1a: Gholdengo|Air Balloon
|
|upkeep
|turn|4
|
|t:|1743862729
|move|p1a: Gholdengo|Nasty Plot|p1a: Gholdengo
|-boost|p1a: Gholdengo|spa|2
|move|p2a: Articuno|Light Screen|p2a: Articuno
|-sidestart|p2: Oficial Matute|move: Light Screen
|
|upkeep
|turn|5
|
|t:|1743862736
|move|p1a: Gholdengo|Nasty Plot|p1a: Gholdengo
|-boost|p1a: Gholdengo|spa|2
|move|p2a: Articuno|Freeze-Dry|p1a: Gholdengo
|-resisted|p1a: Gholdengo
|-damage|p1a: Gholdengo|72/100
|
|upkeep
|turn|6
|
|t:|1743862743
|move|p1a: Gholdengo|Nasty Plot|p1a: Gholdengo
|-boost|p1a: Gholdengo|spa|2
|move|p2a: Articuno|Freeze-Dry|p1a: Gholdengo
|-resisted|p1a: Gholdengo
|-damage|p1a: Gholdengo|59/100
|
|upkeep
|turn|7
|
|t:|1743862750
|move|p1a: Gholdengo|Make It Rain|p2a: Articuno
|-supereffective|p2a: Articuno
|-damage|p2a: Articuno|0 fnt
|-unboost|p1a: Gholdengo|spa|1
|faint|p2a: Articuno
|
|upkeep
|
|t:|1743862768
|switch|p2a: Moltres|Moltres|100/100
|-damage|p2a: Moltres|51/100|[from] Stealth Rock
|turn|8
|
|t:|1743862782
|switch|p1a: Ting-Lu|Ting-Lu|88/100 brn
|-ability|p1a: Ting-Lu|Vessel of Ruin
|move|p2a: Moltres|Flamethrower|p1a: Ting-Lu
|-damage|p1a: Ting-Lu|69/100 brn
|-enditem|p1a: Ting-Lu|Red Card|[of] p2a: Moltres
|drag|p2a: Scyther|Scyther, F|100/100
|-damage|p2a: Scyther|51/100|[from] Stealth Rock
|
|-damage|p1a: Ting-Lu|63/100 brn|[from] brn
|upkeep
|turn|9
|
|t:|1743862799
|switch|p1a: Zamazenta|Zamazenta|100/100
|-ability|p1a: Zamazenta|Dauntless Shield|boost
|-boost|p1a: Zamazenta|def|1
|move|p2a: Scyther|Bug Bite|p1a: Zamazenta
|-resisted|p1a: Zamazenta
|-damage|p1a: Zamazenta|88/100
|
|upkeep
|turn|10
|
|t:|1743862812
|move|p1a: Zamazenta|Howl|p1a: Zamazenta
|-boost|p1a: Zamazenta|atk|1
|move|p2a: Scyther|Dual Wingbeat|p1a: Zamazenta
|-supereffective|p1a: Zamazenta
|-damage|p1a: Zamazenta|54/100
|-supereffective|p1a: Zamazenta
|-damage|p1a: Zamazenta|17/100
|-hitcount|p1a: Zamazenta|2
|
|upkeep
|turn|11
|
|t:|1743862825
|move|p1a: Zamazenta|Ice Fang|p2a: Scyther
|-supereffective|p2a: Scyther
|-damage|p2a: Scyther|0 fnt
|faint|p2a: Scyther
|
|-sideend|p2: Oficial Matute|move: Light Screen
|upkeep
|
|t:|1743862834
|switch|p2a: Talonflame|Talonflame, M|100/100
|turn|12
|
|t:|1743862845
|move|p1a: Zamazenta|Crunch|p2a: Talonflame
|-damage|p2a: Talonflame|43/100
|move|p2a: Talonflame|Will-O-Wisp|p1a: Zamazenta
|-status|p1a: Zamazenta|brn
|
|-damage|p1a: Zamazenta|11/100 brn|[from] brn
|upkeep
|turn|13
|
|t:|1743862856
|move|p1a: Zamazenta|Howl|p1a: Zamazenta
|-boost|p1a: Zamazenta|atk|1
|move|p2a: Talonflame|Defog|p1a: Zamazenta
|-fail|p1a: Zamazenta|unboost|[from] item: Clear Amulet|[of] p1a: Zamazenta
|-sideend|p2: Oficial Matute|Stealth Rock|[from] move: Defog|[of] p2a: Talonflame
|
|-damage|p1a: Zamazenta|5/100 brn|[from] brn
|upkeep
|turn|14
|
|t:|1743862865
|move|p1a: Zamazenta|Crunch|p2a: Talonflame
|-damage|p2a: Talonflame|3/100
|move|p2a: Talonflame|Roost|p2a: Talonflame
|-heal|p2a: Talonflame|53/100
|-singleturn|p2a: Talonflame|move: Roost
|
|-damage|p1a: Zamazenta|0 fnt|[from] brn
|faint|p1a: Zamazenta
|upkeep
|
|t:|1743862879
|switch|p1a: Iron Valiant|Iron Valiant|100/100
|-enditem|p1a: Iron Valiant|Booster Energy
|-activate|p1a: Iron Valiant|ability: Quark Drive|[fromitem]
|-start|p1a: Iron Valiant|quarkdrivespe
|turn|15
|
|t:|1743862888
|move|p1a: Iron Valiant|Calm Mind|p1a: Iron Valiant
|-boost|p1a: Iron Valiant|spa|1
|-boost|p1a: Iron Valiant|spd|1
|move|p2a: Talonflame|Will-O-Wisp|p1a: Iron Valiant
|-status|p1a: Iron Valiant|brn
|
|-damage|p1a: Iron Valiant|94/100 brn|[from] brn
|upkeep
|turn|16
|
|t:|1743862904
|move|p1a: Iron Valiant|Calm Mind|p1a: Iron Valiant
|-boost|p1a: Iron Valiant|spa|1
|-boost|p1a: Iron Valiant|spd|1
|move|p2a: Talonflame|Roost|p2a: Talonflame
|-heal|p2a: Talonflame|100/100
|-singleturn|p2a: Talonflame|move: Roost
|
|-damage|p1a: Iron Valiant|88/100 brn|[from] brn
|upkeep
|turn|17
|
|t:|1743862917
|move|p2a: Talonflame|Dual Wingbeat|p1a: Iron Valiant
|-supereffective|p1a: Iron Valiant
|-damage|p1a: Iron Valiant|52/100 brn
|-supereffective|p1a: Iron Valiant
|-damage|p1a: Iron Valiant|15/100 brn
|-hitcount|p1a: Iron Valiant|2
|move|p1a: Iron Valiant|Thunderbolt|p2a: Talonflame
|-supereffective|p2a: Talonflame
|-damage|p2a: Talonflame|0 fnt
|faint|p2a: Talonflame
|
|-damage|p1a: Iron Valiant|8/100 brn|[from] brn
|upkeep
|
|t:|1743862937
|switch|p2a: Moltres|Moltres|51/100
|turn|18
|
|t:|1743862946
|move|p1a: Iron Valiant|Thunderbolt|p2a: Moltres
|-supereffective|p2a: Moltres
|-damage|p2a: Moltres|0 fnt
|faint|p2a: Moltres
|
|-damage|p1a: Iron Valiant|2/100 brn|[from] brn
|upkeep
|
|t:|1743862959
|switch|p2a: Frosmoth|Frosmoth, M|100/100
|turn|19
|
|t:|1743862966
|move|p1a: Iron Valiant|Moonblast|p2a: Frosmoth
|-damage|p2a: Frosmoth|44/100
|-unboost|p2a: Frosmoth|spa|1
|move|p2a: Frosmoth|Quiver Dance|p2a: Frosmoth
|-boost|p2a: Frosmoth|spa|1
|-boost|p2a: Frosmoth|spd|1
|-boost|p2a: Frosmoth|spe|1
|
|-damage|p1a: Iron Valiant|0 fnt|[from] brn
|faint|p1a: Iron Valiant
|-end|p1a: Iron Valiant|Quark Drive|[silent]
|upkeep
|
|t:|1743862980
|switch|p1a: Kingambit|Kingambit, M|100/100
|-activate|p1a: Kingambit|ability: Supreme Overlord
|-start|p1a: Kingambit|fallen2|[silent]
|turn|20
|
|t:|1743862987
|move|p2a: Frosmoth|Blizzard|p1a: Kingambit
|-resisted|p1a: Kingambit
|-damage|p1a: Kingambit|66/100
|move|p1a: Kingambit|Iron Head|p2a: Frosmoth
|-supereffective|p2a: Frosmoth
|-damage|p2a: Frosmoth|0 fnt
|faint|p2a: Frosmoth
|
|upkeep
|
|t:|1743862996
|switch|p2a: Yanmega|Yanmega, M|100/100
|turn|21
|
|t:|1743863006
|move|p2a: Yanmega|Bug Buzz|p1a: Kingambit
|-damage|p1a: Kingambit|11/100
|-enditem|p2a: Yanmega|Throat Spray
|-boost|p2a: Yanmega|spa|1|[from] item: Throat Spray
|move|p1a: Kingambit|Kowtow Cleave|p2a: Yanmega
|-damage|p2a: Yanmega|28/100
|
|-ability|p2a: Yanmega|Speed Boost|boost
|-boost|p2a: Yanmega|spe|1
|upkeep
|turn|22
|
|t:|1743863016
|move|p1a: Kingambit|Sucker Punch|p2a: Yanmega
|-damage|p2a: Yanmega|0 fnt
|faint|p2a: Yanmega
|
|win|j0hn the baptist
|raw|j0hn the baptist's rating: 1313 &rarr; <strong>1329</strong><br />(+16 for winning)
|raw|Oficial Matute's rating: 1247 &rarr; <strong>1227</strong><br />(-20 for losing)
|l|☆j0hn the baptist
|player|p1|
|l|☆Oficial Matute
|player|p2|
