|j|☆poifunlol99
|j|☆Camelia228
|t:|1743899734
|gametype|singles
|player|p1|poifunlol99|roxie-masters|1288
|player|p2|Camelia228|1|1351
|teamsize|p1|6
|teamsize|p2|6
|gen|9
|tier|[Gen 9] OU
|rated|
|rule|HP Percentage Mod: HP is shown in percentages
|rule|Endless Battle Clause: Forcing endless battles is banned
|rule|Species Clause: Limit one of each Pokémon
|rule|OHKO Clause: OHKO moves are banned
|rule|Evasion Items Clause: Evasion items are banned
|rule|Evasion Moves Clause: Evasion moves are banned
|rule|Sleep Moves Clause: Sleep-inducing moves are banned
|clearpoke
|poke|p1|Glimmora, F|
|poke|p1|Zamazenta-*|
|poke|p1|Iron Moth|
|poke|p1|Iron Valiant|
|poke|p1|Meowscarada, F|
|poke|p1|Darkrai|
|poke|p2|Garganacl, M|
|poke|p2|Toxapex, M|
|poke|p2|Meowscarada, F|
|poke|p2|Iron Valiant|
|poke|p2|Dragapult, M|
|poke|p2|Cryogonal|
|teampreview
|l|☆Camelia228
|player|p2|
|inactive|Battle timer is ON: inactive players will automatically lose when time's up. (requested by poifunlol99)
|inactive|Camelia228 has 30 seconds to reconnect!
|inactive|Camelia228 has 20 seconds to reconnect!
|inactive|Camelia228 has 15 seconds to reconnect!
|inactive|Camelia228 has 10 seconds to reconnect!
|inactive|Camelia228 has 5 seconds to reconnect!
|j|☆Camelia228
|inactive|Camelia228 reconnected and has 95 seconds left.
|player|p2|Camelia228|1|
|inactive|Camelia228 has 90 seconds left.
|
|t:|1743899851
|start
|switch|p1a: Glimmora|Glimmora, F|100/100
|switch|p2a: Dragapult|Dragapult, M|100/100
|turn|1
|inactive|poifunlol99 has 120 seconds left.
|inactive|poifunlol99 has 90 seconds left.
|inactive|poifunlol99 has 60 seconds left.
|
|t:|1743899945
|move|p2a: Dragapult|Dragon Dance|p2a: Dragapult
|-boost|p2a: Dragapult|atk|1
|-boost|p2a: Dragapult|spe|1
|move|p1a: Glimmora|Stealth Rock|p2a: Dragapult
|-sidestart|p2: Camelia228|move: Stealth Rock
|
|upkeep
|turn|2
|inactive|poifunlol99 has 60 seconds left.
|
|t:|1743899958
|move|p2a: Dragapult|Dragon Darts|p1a: Glimmora
|-damage|p1a: Glimmora|49/100
|-activate|p1a: Glimmora|ability: Toxic Debris
|-sidestart|p2: Camelia228|move: Toxic Spikes
|-anim|p2a: Dragapult|Dragon Darts|p1a: Glimmora
|-damage|p1a: Glimmora|1/100
|-activate|p1a: Glimmora|ability: Toxic Debris
|-sidestart|p2: Camelia228|move: Toxic Spikes
|-damage|p2a: Dragapult|91/100|[from] item: Life Orb
|move|p1a: Glimmora|Memento|p2a: Dragapult
|-unboost|p2a: Dragapult|atk|2
|-unboost|p2a: Dragapult|spa|2
|faint|p1a: Glimmora
|
|upkeep
|inactive|poifunlol99 has 60 seconds left.
|inactive|poifunlol99 has 30 seconds left.
|inactive|poifunlol99 has 20 seconds left.
|
|t:|1743900008
|switch|p1a: Iron Valiant|Iron Valiant|100/100
|-enditem|p1a: Iron Valiant|Booster Energy
|-activate|p1a: Iron Valiant|ability: Quark Drive|[fromitem]
|-start|p1a: Iron Valiant|quarkdrivespe
|turn|3
|inactive|poifunlol99 has 30 seconds left this turn.
|inactive|poifunlol99 has 20 seconds left.
|
|t:|1743900027
|switch|p2a: Toxapex|Toxapex, M|100/100
|-damage|p2a: Toxapex|88/100|[from] Stealth Rock
|-sideend|p2: Camelia228|move: Toxic Spikes|[of] p2a: Toxapex
|move|p1a: Iron Valiant|Swords Dance|p1a: Iron Valiant
|-boost|p1a: Iron Valiant|atk|2
|
|-heal|p2a: Toxapex|94/100|[from] item: Black Sludge
|upkeep
|turn|4
|inactive|poifunlol99 has 30 seconds left this turn.
|inactive|poifunlol99 has 20 seconds left.
|inactive|poifunlol99 has 15 seconds left.
|inactive|poifunlol99 has 10 seconds left.
|
|t:|1743900049
|move|p1a: Iron Valiant|Knock Off|p2a: Toxapex
|-damage|p2a: Toxapex|44/100
|-enditem|p2a: Toxapex|Black Sludge|[from] move: Knock Off|[of] p1a: Iron Valiant
|move|p2a: Toxapex|Toxic|p1a: Iron Valiant
|-status|p1a: Iron Valiant|tox
|
|-damage|p1a: Iron Valiant|94/100 tox|[from] psn
|upkeep
|turn|5
|inactive|poifunlol99 has 20 seconds left this turn.
|inactive|poifunlol99 has 15 seconds left.
|inactive|poifunlol99 has 10 seconds left.
|
|t:|1743900062
|move|p1a: Iron Valiant|Close Combat|p2a: Toxapex
|-resisted|p2a: Toxapex
|-damage|p2a: Toxapex|0 fnt
|-unboost|p1a: Iron Valiant|def|1
|-unboost|p1a: Iron Valiant|spd|1
|faint|p2a: Toxapex
|
|-damage|p1a: Iron Valiant|82/100 tox|[from] psn
|upkeep
|inactive|poifunlol99 has 15 seconds left this turn.
|
|t:|1743900074
|switch|p2a: Garganacl|Garganacl, M|100/100
|-damage|p2a: Garganacl|88/100|[from] Stealth Rock
|turn|6
|inactive|poifunlol99 has 25 seconds left this turn.
|inactive|poifunlol99 has 20 seconds left.
|inactive|poifunlol99 has 15 seconds left.
|inactive|poifunlol99 has 10 seconds left.
|
|t:|1743900091
|-terastallize|p2a: Garganacl|Ghost
|move|p1a: Iron Valiant|Knock Off|p2a: Garganacl
|-supereffective|p2a: Garganacl
|-damage|p2a: Garganacl|18/100
|-damage|p1a: Iron Valiant|65/100 tox|[from] item: Rocky Helmet|[of] p2a: Garganacl
|-enditem|p2a: Garganacl|Rocky Helmet|[from] move: Knock Off|[of] p1a: Iron Valiant
|move|p2a: Garganacl|Stealth Rock|p1a: Iron Valiant
|-sidestart|p1: poifunlol99|move: Stealth Rock
|
|-damage|p1a: Iron Valiant|47/100 tox|[from] psn
|upkeep
|turn|7
|inactive|poifunlol99 has 20 seconds left this turn.
|inactive|poifunlol99 has 15 seconds left.
|inactive|poifunlol99 has 10 seconds left.
|
|t:|1743900102
|move|p1a: Iron Valiant|Knock Off|p2a: Garganacl
|-supereffective|p2a: Garganacl
|-damage|p2a: Garganacl|0 fnt
|faint|p2a: Garganacl
|
|-damage|p1a: Iron Valiant|22/100 tox|[from] psn
|upkeep
|inactive|poifunlol99 has 15 seconds left this turn.
|
|t:|1743900124
|switch|p2a: Dragapult|Dragapult, M|91/100
|-damage|p2a: Dragapult|78/100|[from] Stealth Rock
|turn|8
|inactive|poifunlol99 has 25 seconds left this turn.
|inactive|poifunlol99 has 20 seconds left.
|
|t:|1743900132
|move|p1a: Iron Valiant|Spirit Break|p2a: Dragapult
|-supereffective|p2a: Dragapult
|-damage|p2a: Dragapult|0 fnt
|faint|p2a: Dragapult
|
|-damage|p1a: Iron Valiant|0 fnt|[from] psn
|faint|p1a: Iron Valiant
|-end|p1a: Iron Valiant|Quark Drive|[silent]
|upkeep
|inactive|poifunlol99 has 30 seconds left this turn.
|inactive|poifunlol99 has 20 seconds left.
|inactive|poifunlol99 has 15 seconds left.
|inactive|poifunlol99 has 10 seconds left.
|
|t:|1743900153
|switch|p2a: Cryogonal|Cryogonal|100/100
|switch|p1a: Iron Moth|Iron Moth|100/100
|-damage|p1a: Iron Moth|76/100|[from] Stealth Rock
|-damage|p2a: Cryogonal|76/100|[from] Stealth Rock
|-enditem|p1a: Iron Moth|Booster Energy
|-activate|p1a: Iron Moth|ability: Quark Drive|[fromitem]
|-start|p1a: Iron Moth|quarkdrivespe
|turn|9
|inactive|poifunlol99 has 20 seconds left this turn.
|inactive|poifunlol99 has 15 seconds left.
|inactive|poifunlol99 has 10 seconds left.
|
|t:|1743900164
|move|p1a: Iron Moth|Fiery Dance|p2a: Cryogonal
|-supereffective|p2a: Cryogonal
|-damage|p2a: Cryogonal|29/100
|move|p2a: Cryogonal|Rapid Spin|p1a: Iron Moth
|-crit|p1a: Iron Moth
|-damage|p1a: Iron Moth|61/100
|-boost|p2a: Cryogonal|spe|1
|-sideend|p2: Camelia228|Stealth Rock|[from] move: Rapid Spin|[of] p2a: Cryogonal
|
|upkeep
|turn|10
|inactive|poifunlol99 has 20 seconds left this turn.
|inactive|poifunlol99 has 15 seconds left.
|
|t:|1743900174
|move|p1a: Iron Moth|Fiery Dance|p2a: Cryogonal
|-supereffective|p2a: Cryogonal
|-damage|p2a: Cryogonal|0 fnt
|-boost|p1a: Iron Moth|spa|1
|faint|p2a: Cryogonal
|
|upkeep
|inactive|poifunlol99 has 20 seconds left this turn.
|
|t:|1743900179
|switch|p2a: Iron Valiant|Iron Valiant|100/100
|-enditem|p2a: Iron Valiant|Booster Energy
|-activate|p2a: Iron Valiant|ability: Quark Drive|[fromitem]
|-start|p2a: Iron Valiant|quarkdrivespe
|turn|11
|inactive|poifunlol99 has 30 seconds left this turn.
|inactive|poifunlol99 has 20 seconds left.
|inactive|poifunlol99 has 15 seconds left.
|inactive|poifunlol99 has 10 seconds left.
|
|t:|1743900200
|move|p2a: Iron Valiant|Psyshock|p1a: Iron Moth
|-supereffective|p1a: Iron Moth
|-damage|p1a: Iron Moth|0 fnt
|faint|p1a: Iron Moth
|-end|p1a: Iron Moth|Quark Drive|[silent]
|
|upkeep
|inactive|poifunlol99 has 15 seconds left this turn.
|inactive|poifunlol99 has 10 seconds left.
|inactive|poifunlol99 has 5 seconds left.
|-message|poifunlol99 lost due to inactivity.
|
|win|Camelia228
|raw|poifunlol99's rating: 1288 &rarr; <strong>1267</strong><br />(-21 for losing)
|raw|Camelia228's rating: 1351 &rarr; <strong>1367</strong><br />(+16 for winning)
|l|☆Camelia228
|player|p2|
|l|☆poifunlol99
|player|p1|
