|j|☆hjj no
|j|☆Luke294
|t:|1743881961
|gametype|singles
|player|p1|hjj no|265|
|player|p2|Luke294|steven|
|teamsize|p1|6
|teamsize|p2|6
|gen|9
|tier|[Gen 9] OU
|rule|HP Percentage Mod: HP is shown in percentages
|rule|Endless Battle Clause: Forcing endless battles is banned
|rule|Species Clause: Limit one of each Pokémon
|rule|OHKO Clause: OHKO moves are banned
|rule|Evasion Items Clause: Evasion items are banned
|rule|Evasion Moves Clause: Evasion moves are banned
|rule|Sleep Moves Clause: Sleep-inducing moves are banned
|clearpoke
|poke|p1|Raging Bolt|
|poke|p1|Rillaboom, F|
|poke|p1|Blaziken, F|
|poke|p1|Ursaluna, M|
|poke|p1|Corviknight, F|
|poke|p1|Ninetales-Alola, M|
|poke|p2|Kingambit, F|
|poke|p2|Raging Bolt|
|poke|p2|Landorus-Therian, M|
|poke|p2|Ogerpon-Cornerstone, F|
|poke|p2|Tornadus, M|
|poke|p2|Primarina, F|
|teampreview
|c|☆hjj no|glhf
|c|☆Luke294|u too
|
|t:|1743882006
|start
|switch|p1a: Ninetales|Ninetales-Alola, M|100/100
|switch|p2a: Landon't|Landorus-Therian, M|100/100
|-weather|Snowscape|[from] ability: Snow Warning|[of] p1a: Ninetales
|-ability|p2a: Landon't|Intimidate|boost
|-unboost|p1a: Ninetales|atk|1
|turn|1
|
|t:|1743882029
|move|p1a: Ninetales|Blizzard|p2a: Landon't
|-supereffective|p2a: Landon't
|-damage|p2a: Landon't|0 fnt
|faint|p2a: Landon't
|
|-weather|Snowscape|[upkeep]
|upkeep
|c|☆Luke294|took a gamble there tbh
|
|t:|1743882049
|switch|p2a: Hive King|Kingambit, F|100/100
|turn|2
|
|t:|1743882057
|switch|p1a: Corviknight|Corviknight, F|100/100
|-ability|p1a: Corviknight|Pressure
|move|p2a: Hive King|Iron Defense|p2a: Hive King
|-boost|p2a: Hive King|def|2
|
|-weather|Snowscape|[upkeep]
|upkeep
|turn|3
|
|t:|1743882067
|move|p1a: Corviknight|Body Press|p2a: Hive King
|-supereffective|p2a: Hive King
|-damage|p2a: Hive King|72/100
|move|p2a: Hive King|Swords Dance|p2a: Hive King
|-boost|p2a: Hive King|atk|2
|
|-weather|Snowscape|[upkeep]
|-heal|p2a: Hive King|78/100|[from] item: Leftovers
|upkeep
|turn|4
|
|t:|1743882079
|move|p1a: Corviknight|Body Press|p2a: Hive King
|-supereffective|p2a: Hive King
|-damage|p2a: Hive King|51/100
|move|p2a: Hive King|Iron Defense|p2a: Hive King
|-boost|p2a: Hive King|def|2
|
|-weather|Snowscape|[upkeep]
|-heal|p2a: Hive King|57/100|[from] item: Leftovers
|upkeep
|turn|5
|
|t:|1743882096
|-terastallize|p2a: Hive King|Dark
|move|p2a: Hive King|Sucker Punch|p1a: Corviknight
|-damage|p1a: Corviknight|52/100
|move|p1a: Corviknight|U-turn|p2a: Hive King
|-supereffective|p2a: Hive King
|-damage|p2a: Hive King|51/100
|
|t:|1743882101
|switch|p1a: Ninetales|Ninetales-Alola, M|100/100|[from] U-turn
|
|-weather|none
|-heal|p2a: Hive King|58/100|[from] item: Leftovers
|upkeep
|turn|6
|
|t:|1743882114
|move|p1a: Ninetales|Encore|p2a: Hive King
|-start|p2a: Hive King|Encore
|move|p2a: Hive King|Sucker Punch||[still]
|-fail|p2a: Hive King
|
|-heal|p2a: Hive King|64/100|[from] item: Leftovers
|upkeep
|turn|7
|
|t:|1743882147
|switch|p1a: Ursaluna|Ursaluna, M|100/100
|move|p2a: Hive King|Sucker Punch||[still]
|-fail|p2a: Hive King
|
|-heal|p2a: Hive King|70/100|[from] item: Leftovers
|-status|p1a: Ursaluna|brn|[from] item: Flame Orb
|upkeep
|turn|8
|
|t:|1743882154
|switch|p1a: Ninetales|Ninetales-Alola, M|100/100
|-weather|Snowscape|[from] ability: Snow Warning|[of] p1a: Ninetales
|move|p2a: Hive King|Sucker Punch||[still]
|-fail|p2a: Hive King
|
|-weather|Snowscape|[upkeep]
|-heal|p2a: Hive King|76/100|[from] item: Leftovers
|-end|p2a: Hive King|Encore
|upkeep
|turn|9
|
|t:|1743882199
|move|p1a: Ninetales|Encore|p2a: Hive King
|-start|p2a: Hive King|Encore
|move|p2a: Hive King|Sucker Punch||[still]
|-fail|p2a: Hive King
|
|-weather|Snowscape|[upkeep]
|-heal|p2a: Hive King|82/100|[from] item: Leftovers
|upkeep
|turn|10
|
|t:|1743882211
|switch|p2a: Cassy|Primarina, F, shiny|100/100
|move|p1a: Ninetales|Aurora Veil|p1a: Ninetales
|-sidestart|p1: hjj no|move: Aurora Veil
|
|-weather|Snowscape|[upkeep]
|upkeep
|turn|11
|
|t:|1743882224
|switch|p1a: Rillaboom|Rillaboom, F|100/100
|-fieldstart|move: Grassy Terrain|[from] ability: Grassy Surge|[of] p1a: Rillaboom
|move|p2a: Cassy|Flip Turn|p1a: Rillaboom
|-resisted|p1a: Rillaboom
|-damage|p1a: Rillaboom|97/100
|c|☆Luke294|how sad, that one move
|
|t:|1743882234
|switch|p2a: Fast as Fxxx|Tornadus, M|100/100|[from] Flip Turn
|
|-weather|Snowscape|[upkeep]
|-heal|p1a: Rillaboom|100/100|[from] Grassy Terrain
|upkeep
|turn|12
|c|☆hjj no|lol
|
|t:|1743882239
|switch|p1a: Raging Bolt|Raging Bolt|100/100
|-enditem|p1a: Raging Bolt|Booster Energy
|-activate|p1a: Raging Bolt|ability: Protosynthesis|[fromitem]
|-start|p1a: Raging Bolt|protosynthesisspa
|move|p2a: Fast as Fxxx|Weather Ball|p1a: Raging Bolt
|-supereffective|p1a: Raging Bolt
|-damage|p1a: Raging Bolt|78/100
|
|-weather|none
|-heal|p1a: Raging Bolt|84/100|[from] Grassy Terrain
|upkeep
|turn|13
|c|☆hjj no|oh cool tech
|
|t:|1743882265
|move|p2a: Fast as Fxxx|Taunt|p1a: Raging Bolt
|-start|p1a: Raging Bolt|move: Taunt
|cant|p1a: Raging Bolt|move: Taunt|Calm Mind
|
|-heal|p1a: Raging Bolt|90/100|[from] Grassy Terrain
|upkeep
|turn|14
|
|t:|1743882277
|move|p2a: Fast as Fxxx|U-turn|p1a: Raging Bolt
|-damage|p1a: Raging Bolt|84/100
|
|t:|1743882293
|switch|p2a: Clouded Mind|Raging Bolt|100/100|[from] U-turn
|-item|p2a: Clouded Mind|Air Balloon
|move|p1a: Raging Bolt|Volt Switch|p2a: Clouded Mind
|-resisted|p2a: Clouded Mind
|-damage|p2a: Clouded Mind|87/100
|-enditem|p2a: Clouded Mind|Air Balloon
|
|t:|1743882300
|-end|p1a: Raging Bolt|Protosynthesis|[silent]
|switch|p1a: Ursaluna|Ursaluna, M|100/100 brn|[from] Volt Switch
|
|-heal|p2a: Clouded Mind|94/100|[from] Grassy Terrain
|-damage|p1a: Ursaluna|94/100 brn|[from] brn
|upkeep
|turn|15
|
|t:|1743882309
|-end|p2a: Clouded Mind|Protosynthesis|[silent]
|switch|p2a: Fast as Fxxx|Tornadus, M|100/100
|move|p1a: Ursaluna|Facade|p2a: Fast as Fxxx
|-enditem|p2a: Fast as Fxxx|Focus Sash
|-damage|p2a: Fast as Fxxx|1/100
|
|-heal|p1a: Ursaluna|100/100 brn|[from] Grassy Terrain
|-damage|p1a: Ursaluna|94/100 brn|[from] brn
|-fieldend|move: Grassy Terrain
|upkeep
|turn|16
|
|t:|1743882321
|move|p2a: Fast as Fxxx|Tailwind|p2a: Fast as Fxxx
|-sidestart|p2: Luke294|move: Tailwind
|move|p1a: Ursaluna|Facade|p2a: Fast as Fxxx
|-damage|p2a: Fast as Fxxx|0 fnt
|faint|p2a: Fast as Fxxx
|
|-damage|p1a: Ursaluna|88/100 brn|[from] brn
|upkeep
|
|t:|1743882327
|switch|p2a: Miss Boulder|Ogerpon-Cornerstone, F|100/100
|turn|17
|
|t:|1743882345
|move|p2a: Miss Boulder|Swords Dance|p2a: Miss Boulder
|-boost|p2a: Miss Boulder|atk|2
|move|p1a: Ursaluna|Headlong Rush|p2a: Miss Boulder
|-ability|p2a: Miss Boulder|Sturdy
|-damage|p2a: Miss Boulder|1/100
|-unboost|p1a: Ursaluna|def|1
|-unboost|p1a: Ursaluna|spd|1
|
|-damage|p1a: Ursaluna|82/100 brn|[from] brn
|-sideend|p1: hjj no|move: Aurora Veil
|upkeep
|turn|18
|
|t:|1743882366
|switch|p1a: Corviknight|Corviknight, F|52/100
|-ability|p1a: Corviknight|Pressure
|move|p2a: Miss Boulder|Horn Leech|p1a: Corviknight
|-resisted|p1a: Corviknight
|-damage|p1a: Corviknight|40/100
|-heal|p2a: Miss Boulder|9/100|[from] drain|[of] p1a: Corviknight
|
|-heal|p1a: Corviknight|46/100|[from] item: Leftovers
|upkeep
|turn|19
|
|t:|1743882377
|move|p2a: Miss Boulder|Ivy Cudgel|p1a: Corviknight|[anim] Ivy Cudgel Rock
|-damage|p1a: Corviknight|0 fnt
|faint|p1a: Corviknight
|
|-sideend|p2: Luke294|move: Tailwind
|upkeep
|
|t:|1743882379
|switch|p1a: Rillaboom|Rillaboom, F|100/100
|-fieldstart|move: Grassy Terrain|[from] ability: Grassy Surge|[of] p1a: Rillaboom
|turn|20
|
|t:|1743882384
|move|p2a: Miss Boulder|Spiky Shield|p2a: Miss Boulder
|-singleturn|p2a: Miss Boulder|move: Protect
|move|p1a: Rillaboom|Grassy Glide|p2a: Miss Boulder
|-activate|p2a: Miss Boulder|move: Protect
|-damage|p1a: Rillaboom|88/100|[from] Spiky Shield|[of] p2a: Miss Boulder
|
|-heal|p2a: Miss Boulder|15/100|[from] Grassy Terrain
|-heal|p1a: Rillaboom|94/100|[from] Grassy Terrain
|upkeep
|turn|21
|
|t:|1743882414
|switch|p2a: Clouded Mind|Raging Bolt|94/100
|move|p1a: Rillaboom|Grassy Glide|p2a: Clouded Mind
|-resisted|p2a: Clouded Mind
|-damage|p2a: Clouded Mind|73/100
|-damage|p1a: Rillaboom|84/100|[from] item: Life Orb
|
|-heal|p1a: Rillaboom|90/100|[from] Grassy Terrain
|-heal|p2a: Clouded Mind|79/100|[from] Grassy Terrain
|upkeep
|turn|22
|
|t:|1743882425
|switch|p1a: Ninetales|Ninetales-Alola, M|100/100
|-weather|Snowscape|[from] ability: Snow Warning|[of] p1a: Ninetales
|move|p2a: Clouded Mind|Draco Meteor|p1a: Ninetales
|-immune|p1a: Ninetales
|
|-weather|Snowscape|[upkeep]
|-heal|p2a: Clouded Mind|85/100|[from] Grassy Terrain
|upkeep
|turn|23
|
|t:|1743882435
|-end|p2a: Clouded Mind|Protosynthesis|[silent]
|switch|p2a: Hive King|Kingambit, F, tera:Dark|82/100
|move|p1a: Ninetales|Aurora Veil|p1a: Ninetales
|-sidestart|p1: hjj no|move: Aurora Veil
|
|-weather|Snowscape|[upkeep]
|-heal|p2a: Hive King|89/100|[from] Grassy Terrain
|-heal|p2a: Hive King|95/100|[from] item: Leftovers
|upkeep
|turn|24
|
|t:|1743882456
|-terastallize|p1a: Ninetales|Water
|move|p1a: Ninetales|Moonblast|p2a: Hive King
|-supereffective|p2a: Hive King
|-damage|p2a: Hive King|19/100
|move|p2a: Hive King|Swords Dance|p2a: Hive King
|-boost|p2a: Hive King|atk|2
|
|-weather|Snowscape|[upkeep]
|-heal|p2a: Hive King|25/100|[from] Grassy Terrain
|-heal|p2a: Hive King|31/100|[from] item: Leftovers
|-fieldend|move: Grassy Terrain
|upkeep
|turn|25
|
|t:|1743882465
|move|p2a: Hive King|Sucker Punch||[still]
|-fail|p2a: Hive King
|move|p1a: Ninetales|Encore|p2a: Hive King
|-start|p2a: Hive King|Encore
|
|-weather|Snowscape|[upkeep]
|-heal|p2a: Hive King|37/100|[from] item: Leftovers
|upkeep
|turn|26
|
|t:|1743882470
|switch|p2a: Cassy|Primarina, F, shiny|100/100
|move|p1a: Ninetales|Moonblast|p2a: Cassy
|-damage|p2a: Cassy|77/100
|
|-weather|none
|-heal|p2a: Cassy|83/100|[from] item: Leftovers
|upkeep
|turn|27
|
|t:|1743882485
|switch|p1a: Rillaboom|Rillaboom, F|90/100
|-fieldstart|move: Grassy Terrain|[from] ability: Grassy Surge|[of] p1a: Rillaboom
|move|p2a: Cassy|Moonblast|p1a: Rillaboom
|-damage|p1a: Rillaboom|63/100
|
|-heal|p1a: Rillaboom|69/100|[from] Grassy Terrain
|-heal|p2a: Cassy|89/100|[from] Grassy Terrain
|-heal|p2a: Cassy|95/100|[from] item: Leftovers
|upkeep
|turn|28
|
|t:|1743882493
|move|p2a: Cassy|Protect|p2a: Cassy
|-singleturn|p2a: Cassy|Protect
|move|p1a: Rillaboom|Swords Dance|p1a: Rillaboom
|-boost|p1a: Rillaboom|atk|2
|
|-heal|p1a: Rillaboom|76/100|[from] Grassy Terrain
|-heal|p2a: Cassy|100/100|[from] Grassy Terrain
|upkeep
|turn|29
|
|t:|1743882503
|move|p1a: Rillaboom|Grassy Glide|p2a: Cassy
|-supereffective|p2a: Cassy
|-damage|p2a: Cassy|0 fnt
|faint|p2a: Cassy
|-damage|p1a: Rillaboom|66/100|[from] item: Life Orb
|
|-heal|p1a: Rillaboom|72/100|[from] Grassy Terrain
|upkeep
|
|t:|1743882515
|switch|p2a: Miss Boulder|Ogerpon-Cornerstone, F|15/100
|turn|30
|
|t:|1743882523
|move|p2a: Miss Boulder|Ivy Cudgel|p1a: Rillaboom|[anim] Ivy Cudgel Rock
|-damage|p1a: Rillaboom|42/100
|move|p1a: Rillaboom|Swords Dance|p1a: Rillaboom
|-boost|p1a: Rillaboom|atk|2
|
|-heal|p2a: Miss Boulder|21/100|[from] Grassy Terrain
|-heal|p1a: Rillaboom|48/100|[from] Grassy Terrain
|-sideend|p1: hjj no|move: Aurora Veil
|upkeep
|turn|31
|
|t:|1743882534
|switch|p1a: Raging Bolt|Raging Bolt|84/100
|move|p2a: Miss Boulder|Spiky Shield||[still]
|-fail|p2a: Miss Boulder
|
|-heal|p2a: Miss Boulder|27/100|[from] Grassy Terrain
|-heal|p1a: Raging Bolt|90/100|[from] Grassy Terrain
|-fieldend|move: Grassy Terrain
|upkeep
|turn|32
|
|t:|1743882540
|move|p2a: Miss Boulder|Ivy Cudgel|p1a: Raging Bolt|[anim] Ivy Cudgel Rock
|-damage|p1a: Raging Bolt|40/100
|move|p1a: Raging Bolt|Volt Switch|p2a: Miss Boulder
|-resisted|p2a: Miss Boulder
|-crit|p2a: Miss Boulder
|-damage|p2a: Miss Boulder|0 fnt
|faint|p2a: Miss Boulder
|
|t:|1743882545
|-end|p1a: Raging Bolt|Protosynthesis|[silent]
|switch|p1a: Ninetales|Ninetales-Alola, M, tera:Water|100/100|[from] Volt Switch
|-weather|Snowscape|[from] ability: Snow Warning|[of] p1a: Ninetales
|
|-weather|Snowscape|[upkeep]
|upkeep
|
|t:|1743882551
|switch|p2a: Clouded Mind|Raging Bolt|85/100
|turn|33
|
|t:|1743882577
|move|p1a: Ninetales|Aurora Veil|p1a: Ninetales
|-sidestart|p1: hjj no|move: Aurora Veil
|move|p2a: Clouded Mind|Calm Mind|p2a: Clouded Mind
|-boost|p2a: Clouded Mind|spa|1
|-boost|p2a: Clouded Mind|spd|1
|
|-weather|Snowscape|[upkeep]
|upkeep
|turn|34
|
|t:|1743882591
|move|p2a: Clouded Mind|Thunderclap||[still]
|-fail|p2a: Clouded Mind
|move|p1a: Ninetales|Encore|p2a: Clouded Mind
|-start|p2a: Clouded Mind|Encore
|
|-weather|Snowscape|[upkeep]
|upkeep
|turn|35
|
|t:|1743882596
|move|p2a: Clouded Mind|Thunderclap||[still]
|-fail|p2a: Clouded Mind
|move|p1a: Ninetales|Aurora Veil||[still]
|-fail|p1a: Ninetales
|
|-weather|Snowscape|[upkeep]
|upkeep
|turn|36
|
|t:|1743882604
|move|p2a: Clouded Mind|Thunderclap||[still]
|-fail|p2a: Clouded Mind
|move|p1a: Ninetales|Aurora Veil||[still]
|-fail|p1a: Ninetales
|
|-weather|none
|upkeep
|turn|37
|
|t:|1743882613
|-end|p2a: Clouded Mind|Protosynthesis|[silent]
|switch|p2a: Hive King|Kingambit, F, tera:Dark|37/100
|move|p1a: Ninetales|Aurora Veil||[still]
|-fail|p1a: Ninetales
|
|-heal|p2a: Hive King|43/100|[from] item: Leftovers
|upkeep
|turn|38
|
|t:|1743882623
|move|p2a: Hive King|Sucker Punch|p1a: Ninetales
|-damage|p1a: Ninetales|70/100
|move|p1a: Ninetales|Moonblast|p2a: Hive King
|-supereffective|p2a: Hive King
|-damage|p2a: Hive King|0 fnt
|faint|p2a: Hive King
|
|upkeep
|
|t:|1743882629
|switch|p2a: Clouded Mind|Raging Bolt|85/100
|turn|39
|c|☆Luke294|gg
|
|t:|1743882637
|move|p2a: Clouded Mind|Thunderclap|p1a: Ninetales
|-supereffective|p1a: Ninetales
|-damage|p1a: Ninetales|27/100
|move|p1a: Ninetales|Moonblast|p2a: Clouded Mind
|-supereffective|p2a: Clouded Mind
|-damage|p2a: Clouded Mind|9/100
|
|upkeep
|turn|40
|
|t:|1743882648
|move|p2a: Clouded Mind|Thunderclap||[still]
|-fail|p2a: Clouded Mind
|move|p1a: Ninetales|Encore|p2a: Clouded Mind
|-start|p2a: Clouded Mind|Encore
|
|-sideend|p1: hjj no|move: Aurora Veil
|upkeep
|turn|41
|c|☆hjj no|gg
|
|t:|1743882651
|switch|p1a: Ursaluna|Ursaluna, M|82/100 brn
|move|p2a: Clouded Mind|Thunderclap||[still]
|-fail|p2a: Clouded Mind
|
|-damage|p1a: Ursaluna|76/100 brn|[from] brn
|upkeep
|turn|42
|
|t:|1743882654
|move|p2a: Clouded Mind|Thunderclap|p1a: Ursaluna
|-immune|p1a: Ursaluna
|move|p1a: Ursaluna|Facade|p2a: Clouded Mind
|-damage|p2a: Clouded Mind|0 fnt
|faint|p2a: Clouded Mind
|-end|p2a: Clouded Mind|Protosynthesis|[silent]
|
|win|hjj no
