|j|☆seba estra
|j|☆stavsplan
|t:|1743794266
|gametype|singles
|player|p1|seba estra|266|1116
|player|p2|stavsplan|swimmer|1155
|teamsize|p1|6
|teamsize|p2|6
|gen|9
|tier|[Gen 9] OU
|rated|
|rule|HP Percentage Mod: HP is shown in percentages
|rule|Endless Battle Clause: Forcing endless battles is banned
|rule|Species Clause: Limit one of each Pokémon
|rule|OHKO Clause: OHKO moves are banned
|rule|Evasion Items Clause: Evasion items are banned
|rule|Evasion Moves Clause: Evasion moves are banned
|rule|Sleep Moves Clause: Sleep-inducing moves are banned
|clearpoke
|poke|p1|Gardevoir, F|
|poke|p1|Breloom, F|
|poke|p1|Zangoose, F|
|poke|p1|Metagross|
|poke|p1|Masquerain, F|
|poke|p1|Pelipper, F|
|poke|p2|Iron Treads|
|poke|p2|Pelipper, F|
|poke|p2|Kingdra, F|
|poke|p2|Rillaboom, F|
|poke|p2|Basculegion, M|
|poke|p2|Raging Bolt|
|teampreview
|inactive|Battle timer is ON: inactive players will automatically lose when time's up. (requested by seba estra)
|
|t:|1743794341
|start
|switch|p1a: Masquerain|Masquerain, F, shiny|100/100
|switch|p2a: Raging Bolt|Raging Bolt|100/100
|-ability|p1a: Masquerain|Intimidate|boost
|-unboost|p2a: Raging Bolt|atk|1
|turn|1
|
|t:|1743794357
|-end|p2a: Raging Bolt|Protosynthesis|[silent]
|switch|p2a: Iron Treads|Iron Treads|100/100
|-enditem|p2a: Iron Treads|Booster Energy
|-activate|p2a: Iron Treads|ability: Quark Drive|[fromitem]
|-start|p2a: Iron Treads|quarkdrivespe
|move|p1a: Masquerain|Quiver Dance|p1a: Masquerain
|-boost|p1a: Masquerain|spa|1
|-boost|p1a: Masquerain|spd|1
|-boost|p1a: Masquerain|spe|1
|
|upkeep
|turn|2
|inactive|stavsplan has 120 seconds left.
|
|t:|1743794410
|move|p2a: Iron Treads|Steel Beam|p1a: Masquerain
|-damage|p1a: Masquerain|50/100
|-damage|p2a: Iron Treads|50/100|[from] steelbeam
|move|p1a: Masquerain|Chilling Water|p2a: Iron Treads
|-supereffective|p2a: Iron Treads
|-damage|p2a: Iron Treads|0 fnt
|faint|p2a: Iron Treads
|-end|p2a: Iron Treads|Quark Drive|[silent]
|
|upkeep
|
|t:|1743794420
|switch|p2a: Raging Bolt|Raging Bolt|100/100
|turn|3
|inactive|stavsplan has 90 seconds left.
|
|t:|1743794442
|move|p1a: Masquerain|Quiver Dance|p1a: Masquerain
|-boost|p1a: Masquerain|spa|1
|-boost|p1a: Masquerain|spd|1
|-boost|p1a: Masquerain|spe|1
|move|p2a: Raging Bolt|Calm Mind|p2a: Raging Bolt
|-boost|p2a: Raging Bolt|spa|1
|-boost|p2a: Raging Bolt|spd|1
|
|upkeep
|turn|4
|inactive|stavsplan has 90 seconds left.
|
|t:|1743794465
|move|p2a: Raging Bolt|Thunderclap|p1a: Masquerain
|-supereffective|p1a: Masquerain
|-damage|p1a: Masquerain|0 fnt
|faint|p1a: Masquerain
|
|upkeep
|
|t:|1743794473
|switch|p1a: Gardevoir|Gardevoir, F, shiny|100/100
|turn|5
|inactive|stavsplan has 90 seconds left.
|
|t:|1743794495
|-terastallize|p2a: Raging Bolt|Fairy
|move|p1a: Gardevoir|Calm Mind|p1a: Gardevoir
|-boost|p1a: Gardevoir|spa|1
|-boost|p1a: Gardevoir|spd|1
|move|p2a: Raging Bolt|Calm Mind|p2a: Raging Bolt
|-boost|p2a: Raging Bolt|spa|1
|-boost|p2a: Raging Bolt|spd|1
|
|upkeep
|turn|6
|
|t:|1743794510
|move|p1a: Gardevoir|Psychic|p2a: Raging Bolt
|-damage|p2a: Raging Bolt|62/100
|-damage|p1a: Gardevoir|91/100|[from] item: Life Orb
|move|p2a: Raging Bolt|Calm Mind|p2a: Raging Bolt
|-boost|p2a: Raging Bolt|spa|1
|-boost|p2a: Raging Bolt|spd|1
|
|upkeep
|turn|7
|
|t:|1743794517
|move|p2a: Raging Bolt|Thunderclap||[still]
|-fail|p2a: Raging Bolt
|move|p1a: Gardevoir|Calm Mind|p1a: Gardevoir
|-boost|p1a: Gardevoir|spa|1
|-boost|p1a: Gardevoir|spd|1
|
|upkeep
|turn|8
|inactive|stavsplan has 90 seconds left.
|
|t:|1743794529
|move|p2a: Raging Bolt|Thunderclap||[still]
|-fail|p2a: Raging Bolt
|move|p1a: Gardevoir|Calm Mind|p1a: Gardevoir
|-boost|p1a: Gardevoir|spa|1
|-boost|p1a: Gardevoir|spd|1
|
|upkeep
|turn|9
|
|t:|1743794535
|move|p1a: Gardevoir|Psychic|p2a: Raging Bolt
|-damage|p2a: Raging Bolt|2/100
|-damage|p1a: Gardevoir|81/100|[from] item: Life Orb
|move|p2a: Raging Bolt|Calm Mind|p2a: Raging Bolt
|-boost|p2a: Raging Bolt|spa|1
|-boost|p2a: Raging Bolt|spd|1
|
|upkeep
|turn|10
|
|t:|1743794545
|move|p1a: Gardevoir|Draining Kiss|p2a: Raging Bolt
|-damage|p2a: Raging Bolt|0 fnt
|-heal|p1a: Gardevoir|83/100|[from] drain|[of] p2a: Raging Bolt
|faint|p2a: Raging Bolt
|-end|p2a: Raging Bolt|Protosynthesis|[silent]
|-damage|p1a: Gardevoir|73/100|[from] item: Life Orb
|
|upkeep
|
|t:|1743794553
|switch|p2a: Pelipper|Pelipper, F|100/100
|-weather|RainDance|[from] ability: Drizzle|[of] p1a: Gardevoir
|-ability|p1a: Gardevoir|Drizzle|[from] ability: Trace|[of] p2a: Pelipper
|turn|11
|
|t:|1743794563
|move|p1a: Gardevoir|Psychic|p2a: Pelipper
|-damage|p2a: Pelipper|0 fnt
|faint|p2a: Pelipper
|-damage|p1a: Gardevoir|63/100|[from] item: Life Orb
|
|-weather|RainDance|[upkeep]
|upkeep
|
|t:|1743794566
|switch|p2a: Basculegion|Basculegion, M|100/100
|turn|12
|
|t:|1743794586
|move|p2a: Basculegion|Flip Turn|p1a: Gardevoir
|-damage|p1a: Gardevoir|0 fnt
|faint|p1a: Gardevoir
|
|t:|1743794594
|switch|p2a: Kingdra|Kingdra, F|100/100|[from] Flip Turn
|
|-weather|RainDance|[upkeep]
|upkeep
|
|t:|1743794605
|switch|p1a: Pelipper|Pelipper, F, shiny|100/100
|turn|13
|
|t:|1743794615
|move|p2a: Kingdra|Draco Meteor|p1a: Pelipper|[miss]
|-miss|p2a: Kingdra|p1a: Pelipper
|move|p1a: Pelipper|Hurricane|p2a: Kingdra
|-damage|p2a: Kingdra|50/100
|
|-weather|RainDance|[upkeep]
|upkeep
|turn|14
|
|t:|1743794620
|move|p2a: Kingdra|Draco Meteor|p1a: Pelipper
|-damage|p1a: Pelipper|29/100
|-unboost|p2a: Kingdra|spa|2
|-damage|p2a: Kingdra|40/100|[from] item: Life Orb
|move|p1a: Pelipper|Hurricane|p2a: Kingdra
|-damage|p2a: Kingdra|0 fnt
|faint|p2a: Kingdra
|
|-weather|RainDance|[upkeep]
|upkeep
|inactive|stavsplan has 120 seconds left.
|
|t:|1743794644
|switch|p2a: Rillaboom|Rillaboom, F|100/100
|-fieldstart|move: Grassy Terrain|[from] ability: Grassy Surge|[of] p2a: Rillaboom
|turn|15
|
|t:|1743794658
|move|p2a: Rillaboom|Grassy Glide|p1a: Pelipper
|-damage|p1a: Pelipper|0 fnt
|faint|p1a: Pelipper
|
|-weather|none
|upkeep
|
|t:|1743794665
|switch|p1a: Zangoose|Zangoose, F, shiny|100/100
|turn|16
|
|t:|1743794670
|move|p1a: Zangoose|Poison Jab|p2a: Rillaboom
|-supereffective|p2a: Rillaboom
|-damage|p2a: Rillaboom|55/100
|move|p2a: Rillaboom|Wood Hammer|p1a: Zangoose
|-damage|p1a: Zangoose|0 fnt
|faint|p1a: Zangoose
|-damage|p2a: Rillaboom|32/100|[from] Recoil
|
|-heal|p2a: Rillaboom|38/100|[from] Grassy Terrain
|upkeep
|
|t:|1743794689
|switch|p1a: Metagross|Metagross, shiny|100/100
|turn|17
|
|t:|1743794699
|move|p2a: Rillaboom|Wood Hammer|p1a: Metagross
|-resisted|p1a: Metagross
|-damage|p1a: Metagross|67/100
|-damage|p2a: Rillaboom|29/100|[from] Recoil
|move|p1a: Metagross|Body Press|p2a: Rillaboom
|-damage|p2a: Rillaboom|5/100
|
|-heal|p2a: Rillaboom|11/100|[from] Grassy Terrain
|-heal|p1a: Metagross|73/100|[from] Grassy Terrain
|-heal|p1a: Metagross|79/100|[from] item: Leftovers
|upkeep
|turn|18
|
|t:|1743794714
|move|p2a: Rillaboom|Low Kick|p1a: Metagross
|-damage|p1a: Metagross|43/100
|move|p1a: Metagross|Body Press|p2a: Rillaboom
|-damage|p2a: Rillaboom|0 fnt
|faint|p2a: Rillaboom
|
|-heal|p1a: Metagross|49/100|[from] Grassy Terrain
|-heal|p1a: Metagross|55/100|[from] item: Leftovers
|upkeep
|
|t:|1743794718
|switch|p2a: Basculegion|Basculegion, M|100/100
|turn|19
|
|t:|1743794729
|move|p2a: Basculegion|Wave Crash|p1a: Metagross
|-damage|p1a: Metagross|0 fnt
|faint|p1a: Metagross
|-damage|p2a: Basculegion|85/100|[from] Recoil
|
|-heal|p2a: Basculegion|91/100|[from] Grassy Terrain
|-fieldend|move: Grassy Terrain
|upkeep
|
|t:|1743794733
|switch|p1a: Breloom|Breloom, F, shiny|100/100
|turn|20
|
|t:|1743794735
|move|p2a: Basculegion|Wave Crash|p1a: Breloom
|-resisted|p1a: Breloom
|-damage|p1a: Breloom|33/100
|-damage|p2a: Basculegion|76/100|[from] Recoil
|move|p1a: Breloom|Bullet Seed|p2a: Basculegion
|-supereffective|p2a: Basculegion
|-damage|p2a: Basculegion|18/100
|-supereffective|p2a: Basculegion
|-damage|p2a: Basculegion|0 fnt
|faint|p2a: Basculegion
|-hitcount|p2: Basculegion|2
|
|win|seba estra
|raw|seba estra's rating: 1140 &rarr; <strong>1166</strong><br />(+26 for winning)
|raw|stavsplan's rating: 1155 &rarr; <strong>1129</strong><br />(-26 for losing)
|c|☆seba estra|gg
|l|☆seba estra
|player|p1|
|l|☆stavsplan
|player|p2|
