|j|☆xlunarRaez
|j|☆matheuzu99
|inactive|Battle timer is ON: inactive players will automatically lose when time's up.
|t:|1743813199
|gametype|singles
|player|p1|xlunarRaez|anabel-gen7|
|player|p2|matheuzu99|265|
|teamsize|p1|6
|teamsize|p2|6
|gen|9
|tier|[Gen 9] OU
|rated|Tournament battle
|rule|HP Percentage Mod: HP is shown in percentages
|rule|Endless Battle Clause: Forcing endless battles is banned
|rule|Species Clause: Limit one of each Pokémon
|rule|OHKO Clause: OHKO moves are banned
|rule|Evasion Items Clause: Evasion items are banned
|rule|Evasion Moves Clause: Evasion moves are banned
|rule|Sleep Moves Clause: Sleep-inducing moves are banned
|clearpoke
|poke|p1|Arboliva, F|
|poke|p1|Hydrapple, F|
|poke|p1|Mismagius, M|
|poke|p1|Empoleon, F|
|poke|p1|Farigiraf, F|
|poke|p1|Noivern, F|
|poke|p2|Arboliva, F|
|poke|p2|Hydrapple, M|
|poke|p2|Mismagius, F|
|poke|p2|Empoleon, M|
|poke|p2|Farigiraf, F|
|poke|p2|Noivern, F|
|teampreview
|j|*Lady Monita ❄
|inactive|xlunarRaez also wants the timer to be on.
|inactive|matheuzu99 has 120 seconds left.
|
|t:|1743813240
|start
|switch|p1a: Empoleon|Empoleon, F|100/100
|switch|p2a: Mismagius|Mismagius, F|100/100
|turn|1
|
|t:|1743813266
|switch|p2a: Empoleon|Empoleon, M|100/100
|move|p1a: Empoleon|Flip Turn|p2a: Empoleon
|-resisted|p2a: Empoleon
|-crit|p2a: Empoleon
|-damage|p2a: Empoleon|87/100
|
|t:|1743813276
|switch|p1a: Mismagius|Mismagius, M|100/100|[from] Flip Turn
|
|-heal|p2a: Empoleon|94/100|[from] item: Leftovers
|upkeep
|turn|2
|j| Raichu95lucario
|
|t:|1743813286
|move|p1a: Mismagius|Thunderbolt|p2a: Empoleon
|-supereffective|p2a: Empoleon
|-damage|p2a: Empoleon|25/100
|move|p2a: Empoleon|Ice Beam|p1a: Mismagius
|-damage|p1a: Mismagius|65/100
|
|-heal|p2a: Empoleon|31/100|[from] item: Leftovers
|upkeep
|turn|3
|inactive|xlunarRaez has 120 seconds left.
|
|t:|1743813315
|switch|p1a: Arboliva|Arboliva, F|100/100
|move|p2a: Empoleon|Air Slash|p1a: Arboliva
|-supereffective|p1a: Arboliva
|-damage|p1a: Arboliva|68/100
|
|-heal|p2a: Empoleon|37/100|[from] item: Leftovers
|upkeep
|turn|4
|
|t:|1743813324
|move|p2a: Empoleon|Ice Beam|p1a: Arboliva
|-supereffective|p1a: Arboliva
|-damage|p1a: Arboliva|28/100
|-enditem|p1a: Arboliva|Sitrus Berry|[eat]
|-heal|p1a: Arboliva|53/100|[from] item: Sitrus Berry
|move|p1a: Arboliva|Giga Drain|p2a: Empoleon
|-damage|p2a: Empoleon|8/100
|-heal|p1a: Arboliva|68/100|[from] drain|[of] p2a: Empoleon
|
|-heal|p2a: Empoleon|14/100|[from] item: Leftovers
|upkeep
|turn|5
|
|t:|1743813335
|move|p2a: Empoleon|Ice Beam|p1a: Arboliva
|-supereffective|p1a: Arboliva
|-damage|p1a: Arboliva|28/100
|move|p1a: Arboliva|Giga Drain|p2a: Empoleon
|-damage|p2a: Empoleon|0 fnt
|-heal|p1a: Arboliva|35/100|[from] drain|[of] p2a: Empoleon
|faint|p2a: Empoleon
|
|upkeep
|
|t:|1743813349
|switch|p2a: Noivern|Noivern, F|100/100
|turn|6
|
|t:|1743813364
|switch|p1a: Empoleon|Empoleon, F|100/100
|move|p2a: Noivern|Acrobatics|p1a: Empoleon
|-resisted|p1a: Empoleon
|-damage|p1a: Empoleon|86/100
|
|-heal|p1a: Empoleon|92/100|[from] item: Leftovers
|upkeep
|turn|7
|
|t:|1743813377
|switch|p2a: Farigiraf|Farigiraf, F|100/100
|move|p1a: Empoleon|Ice Beam|p2a: Farigiraf
|-damage|p2a: Farigiraf|79/100
|
|-heal|p1a: Empoleon|99/100|[from] item: Leftovers
|upkeep
|turn|8
|
|t:|1743813387
|move|p2a: Farigiraf|Thunderbolt|p1a: Empoleon
|-supereffective|p1a: Empoleon
|-damage|p1a: Empoleon|59/100
|move|p1a: Empoleon|Flash Cannon|p2a: Farigiraf
|-damage|p2a: Farigiraf|46/100
|-enditem|p2a: Farigiraf|Sitrus Berry|[eat]
|-heal|p2a: Farigiraf|71/100|[from] item: Sitrus Berry
|
|-heal|p1a: Empoleon|66/100|[from] item: Leftovers
|upkeep
|turn|9
|
|t:|1743813398
|move|p1a: Empoleon|Roost|p1a: Empoleon
|-heal|p1a: Empoleon|100/100
|-singleturn|p1a: Empoleon|move: Roost
|move|p2a: Farigiraf|Thunderbolt|p1a: Empoleon
|-supereffective|p1a: Empoleon
|-damage|p1a: Empoleon|63/100
|
|-heal|p1a: Empoleon|70/100|[from] item: Leftovers
|-activate|p2a: Farigiraf|ability: Cud Chew
|-enditem|p2a: Farigiraf|Sitrus Berry|[eat]
|-heal|p2a: Farigiraf|96/100|[from] item: Sitrus Berry
|upkeep
|turn|10
|
|t:|1743813411
|switch|p1a: Arboliva|Arboliva, F|35/100
|move|p2a: Farigiraf|Thunderbolt|p1a: Arboliva
|-resisted|p1a: Arboliva
|-damage|p1a: Arboliva|25/100
|
|upkeep
|turn|11
|l| Raichu95lucario
|
|t:|1743813423
|switch|p1a: Hydrapple|Hydrapple, F|100/100
|move|p2a: Farigiraf|Psychic|p1a: Hydrapple
|-damage|p1a: Hydrapple|70/100
|
|upkeep
|turn|12
|j| Raichu95lucario
|
|t:|1743813430
|move|p2a: Farigiraf|Dazzling Gleam|p1a: Hydrapple
|-supereffective|p1a: Hydrapple
|-damage|p1a: Hydrapple|34/100
|move|p1a: Hydrapple|Fickle Beam|p2a: Farigiraf
|-damage|p2a: Farigiraf|50/100
|
|upkeep
|turn|13
|
|t:|1743813441
|switch|p1a: Mismagius|Mismagius, M|65/100
|move|p2a: Farigiraf|Psychic|p1a: Mismagius
|-damage|p1a: Mismagius|7/100
|-unboost|p1a: Mismagius|spd|1
|
|upkeep
|turn|14
|
|t:|1743813449
|move|p1a: Mismagius|Dark Pulse|p2a: Farigiraf
|-supereffective|p2a: Farigiraf
|-damage|p2a: Farigiraf|0 fnt
|faint|p2a: Farigiraf
|
|upkeep
|
|t:|1743813463
|switch|p2a: Noivern|Noivern, F|100/100
|turn|15
|
|t:|1743813472
|switch|p1a: Empoleon|Empoleon, F|70/100
|move|p2a: Noivern|Dragon Pulse|p1a: Empoleon
|-resisted|p1a: Empoleon
|-damage|p1a: Empoleon|57/100
|
|-heal|p1a: Empoleon|63/100|[from] item: Leftovers
|upkeep
|turn|16
|
|t:|1743813486
|switch|p2a: Arboliva|Arboliva, F|100/100
|move|p1a: Empoleon|Flip Turn|p2a: Arboliva
|-resisted|p2a: Arboliva
|-damage|p2a: Arboliva|92/100
|-damage|p1a: Empoleon|47/100|[from] item: Rocky Helmet|[of] p2a: Arboliva
|-fieldstart|move: Grassy Terrain|[from] ability: Seed Sower|[of] p2a: Arboliva
|
|t:|1743813490
|switch|p1a: Arboliva|Arboliva, F|25/100|[from] Flip Turn
|
|-heal|p2a: Arboliva|98/100|[from] Grassy Terrain
|-heal|p1a: Arboliva|31/100|[from] Grassy Terrain
|-item|p1a: Arboliva|Sitrus Berry|[from] ability: Harvest
|upkeep
|-enditem|p1a: Arboliva|Sitrus Berry|[eat]
|-heal|p1a: Arboliva|56/100|[from] item: Sitrus Berry
|turn|17
|
|t:|1743813506
|move|p1a: Arboliva|Strength Sap|p2a: Arboliva
|-unboost|p2a: Arboliva|atk|1
|-heal|p1a: Arboliva|92/100
|move|p2a: Arboliva|Leech Seed|p1a: Arboliva
|-immune|p1a: Arboliva
|
|-heal|p2a: Arboliva|100/100|[from] Grassy Terrain
|-heal|p1a: Arboliva|98/100|[from] Grassy Terrain
|-item|p1a: Arboliva|Sitrus Berry|[from] ability: Harvest
|upkeep
|turn|18
|
|t:|1743813521
|move|p2a: Arboliva|Alluring Voice|p1a: Arboliva
|-damage|p1a: Arboliva|79/100
|move|p1a: Arboliva|Substitute|p1a: Arboliva
|-start|p1a: Arboliva|Substitute
|-damage|p1a: Arboliva|54/100
|
|-heal|p1a: Arboliva|60/100|[from] Grassy Terrain
|upkeep
|turn|19
|
|t:|1743813532
|switch|p2a: Noivern|Noivern, F|100/100
|move|p1a: Arboliva|Hyper Voice|p2a: Noivern
|-damage|p2a: Noivern|53/100
|
|-heal|p1a: Arboliva|67/100|[from] Grassy Terrain
|upkeep
|turn|20
|
|t:|1743813545
|-terastallize|p1a: Arboliva|Steel
|move|p2a: Noivern|Acrobatics|p1a: Arboliva
|-resisted|p1a: Arboliva
|-damage|p1a: Arboliva|51/100
|move|p1a: Arboliva|Hyper Voice|p2a: Noivern
|-damage|p2a: Noivern|8/100
|
|-heal|p1a: Arboliva|57/100|[from] Grassy Terrain
|-fieldend|move: Grassy Terrain
|upkeep
|turn|21
|
|t:|1743813557
|move|p2a: Noivern|Heat Wave|p1a: Arboliva
|-supereffective|p1a: Arboliva
|-damage|p1a: Arboliva|23/100
|-enditem|p1a: Arboliva|Sitrus Berry|[eat]
|-heal|p1a: Arboliva|48/100|[from] item: Sitrus Berry
|move|p1a: Arboliva|Strength Sap|p2a: Noivern
|-unboost|p2a: Noivern|atk|1
|-heal|p1a: Arboliva|97/100
|
|upkeep
|turn|22
|
|t:|1743813568
|move|p2a: Noivern|Heat Wave|p1a: Arboliva
|-supereffective|p1a: Arboliva
|-damage|p1a: Arboliva|63/100
|move|p1a: Arboliva|Hyper Voice|p2a: Noivern
|-damage|p2a: Noivern|0 fnt
|faint|p2a: Noivern
|
|-item|p1a: Arboliva|Sitrus Berry|[from] ability: Harvest
|upkeep
|inactive|matheuzu99 has 120 seconds left.
|
|t:|1743813591
|switch|p2a: Hydrapple|Hydrapple, M|100/100
|turn|23
|j| harold712
|
|t:|1743813596
|move|p2a: Hydrapple|Nasty Plot|p2a: Hydrapple
|-boost|p2a: Hydrapple|spa|2
|move|p1a: Arboliva|Hyper Voice|p2a: Hydrapple
|-damage|p2a: Hydrapple|64/100
|
|upkeep
|turn|24
|
|t:|1743813607
|move|p2a: Hydrapple|Dragon Pulse|p1a: Arboliva
|-resisted|p1a: Arboliva
|-end|p1a: Arboliva|Substitute
|-damage|p2a: Hydrapple|54/100|[from] item: Life Orb
|move|p1a: Arboliva|Hyper Voice|p2a: Hydrapple
|-damage|p2a: Hydrapple|15/100
|
|upkeep
|turn|25
|
|t:|1743813620
|move|p2a: Hydrapple|Recover|p2a: Hydrapple
|-heal|p2a: Hydrapple|65/100
|move|p1a: Arboliva|Strength Sap|p2a: Hydrapple
|-unboost|p2a: Hydrapple|atk|1
|-heal|p1a: Arboliva|100/100
|
|upkeep
|turn|26
|
|t:|1743813629
|move|p2a: Hydrapple|Dragon Pulse|p1a: Arboliva
|-resisted|p1a: Arboliva
|-damage|p1a: Arboliva|60/100
|-damage|p2a: Hydrapple|55/100|[from] item: Life Orb
|move|p1a: Arboliva|Hyper Voice|p2a: Hydrapple
|-damage|p2a: Hydrapple|20/100
|
|upkeep
|turn|27
|l| Raichu95lucario
|
|t:|1743813642
|move|p2a: Hydrapple|Energy Ball|p1a: Arboliva
|-resisted|p1a: Arboliva
|-damage|p1a: Arboliva|17/100
|-unboost|p1a: Arboliva|spd|1
|-enditem|p1a: Arboliva|Sitrus Berry|[eat]
|-heal|p1a: Arboliva|42/100|[from] item: Sitrus Berry
|-damage|p2a: Hydrapple|10/100|[from] item: Life Orb
|move|p1a: Arboliva|Hyper Voice|p2a: Hydrapple
|-damage|p2a: Hydrapple|0 fnt
|faint|p2a: Hydrapple
|
|upkeep
|
|t:|1743813655
|switch|p2a: Mismagius|Mismagius, F|100/100
|turn|28
|
|t:|1743813676
|switch|p1a: Farigiraf|Farigiraf, F|100/100
|move|p2a: Mismagius|Mystical Fire|p1a: Farigiraf
|-damage|p1a: Farigiraf|78/100
|-unboost|p1a: Farigiraf|spa|1
|
|upkeep
|turn|29
|
|t:|1743813685
|move|p2a: Mismagius|Shadow Ball|p1a: Farigiraf
|-immune|p1a: Farigiraf
|move|p1a: Farigiraf|Trick Room|p1a: Farigiraf
|-fieldstart|move: Trick Room|[of] p1a: Farigiraf
|
|upkeep
|turn|30
|
|t:|1743813691
|move|p1a: Farigiraf|Nasty Plot|p1a: Farigiraf
|-boost|p1a: Farigiraf|spa|2
|move|p2a: Mismagius|Dark Pulse|p1a: Farigiraf
|-supereffective|p1a: Farigiraf
|-damage|p1a: Farigiraf|26/100
|
|upkeep
|turn|31
|
|t:|1743813698
|move|p1a: Farigiraf|Psychic|p2a: Mismagius
|-damage|p2a: Mismagius|33/100
|move|p2a: Mismagius|Dark Pulse|p1a: Farigiraf
|-supereffective|p1a: Farigiraf
|-damage|p1a: Farigiraf|0 fnt
|faint|p1a: Farigiraf
|
|upkeep
|
|t:|1743813704
|switch|p1a: Hydrapple|Hydrapple, F|67/100
|turn|32
|l| harold712
|
|t:|1743813725
|switch|p2a: Arboliva|Arboliva, F|100/100
|move|p1a: Hydrapple|Fickle Beam|p2a: Arboliva
|-damage|p2a: Arboliva|60/100
|-fieldstart|move: Grassy Terrain|[from] ability: Seed Sower|[of] p2a: Arboliva
|
|-heal|p2a: Arboliva|66/100|[from] Grassy Terrain
|-heal|p1a: Hydrapple|73/100|[from] Grassy Terrain
|upkeep
|turn|33
|
|t:|1743813737
|move|p2a: Arboliva|Alluring Voice|p1a: Hydrapple
|-supereffective|p1a: Hydrapple
|-damage|p1a: Hydrapple|34/100
|move|p1a: Hydrapple|Fickle Beam|p2a: Arboliva
|-damage|p2a: Arboliva|25/100
|
|-heal|p2a: Arboliva|31/100|[from] Grassy Terrain
|-heal|p1a: Hydrapple|40/100|[from] Grassy Terrain
|-fieldend|move: Trick Room
|upkeep
|turn|34
|
|t:|1743813749
|switch|p1a: Empoleon|Empoleon, F|47/100
|move|p2a: Arboliva|Hyper Voice|p1a: Empoleon
|-resisted|p1a: Empoleon
|-crit|p1a: Empoleon
|-damage|p1a: Empoleon|21/100
|
|-heal|p1a: Empoleon|27/100|[from] Grassy Terrain
|-heal|p1a: Empoleon|34/100|[from] item: Leftovers
|-heal|p2a: Arboliva|38/100|[from] Grassy Terrain
|upkeep
|turn|35
|
|t:|1743813761
|move|p1a: Empoleon|Ice Beam|p2a: Arboliva
|-supereffective|p2a: Arboliva
|-damage|p2a: Arboliva|0 fnt
|faint|p2a: Arboliva
|
|-heal|p1a: Empoleon|40/100|[from] Grassy Terrain
|-heal|p1a: Empoleon|46/100|[from] item: Leftovers
|upkeep
|
|t:|1743813769
|switch|p2a: Mismagius|Mismagius, F|33/100
|turn|36
|
|t:|1743813774
|move|p2a: Mismagius|Shadow Ball|p1a: Empoleon
|-damage|p1a: Empoleon|24/100
|move|p1a: Empoleon|Flash Cannon|p2a: Mismagius
|-damage|p2a: Mismagius|9/100
|
|-heal|p1a: Empoleon|30/100|[from] Grassy Terrain
|-heal|p1a: Empoleon|36/100|[from] item: Leftovers
|-fieldend|move: Grassy Terrain
|upkeep
|turn|37
|
|t:|1743813784
|move|p2a: Mismagius|Shadow Ball|p1a: Empoleon
|-damage|p1a: Empoleon|13/100
|move|p1a: Empoleon|Flash Cannon|p2a: Mismagius
|-damage|p2a: Mismagius|0 fnt
|faint|p2a: Mismagius
|
|win|xlunarRaez
|n|☆xlunarRaez|xlunarraez
|n|☆matheuzu99|matheuzu99
|n|*Lady Monita ❄|ladymonita
