|j|☆imoffbrooooocoli
|j|☆sapgotti
|t:|1743874372
|gametype|singles
|player|p1|imoffbrooooocoli|2|1147
|player|p2|sapgotti|266|1179
|teamsize|p1|6
|teamsize|p2|6
|gen|9
|tier|[Gen 9] OU
|rated|
|rule|HP Percentage Mod: HP is shown in percentages
|rule|Endless Battle Clause: Forcing endless battles is banned
|rule|Species Clause: Limit one of each Pokémon
|rule|OHKO Clause: OHKO moves are banned
|rule|Evasion Items Clause: Evasion items are banned
|rule|Evasion Moves Clause: Evasion moves are banned
|rule|Sleep Moves Clause: Sleep-inducing moves are banned
|clearpoke
|poke|p1|Zamazenta-*|
|poke|p1|Gliscor, M|
|poke|p1|Gholdengo|
|poke|p1|Kingambit, F|
|poke|p1|Raging Bolt|
|poke|p1|Kyurem|
|poke|p2|Crabominable, F|
|poke|p2|Brute Bonnet|
|poke|p2|Braviary-Hisui, M|
|poke|p2|Lapras, M|
|poke|p2|Cinccino, M|
|poke|p2|Hoopa|
|teampreview
|c|☆imoffbrooooocoli|cool team
|
|t:|1743874403
|start
|switch|p1a: Gliscor|Gliscor, M|100/100
|switch|p2a: Hoopa|Hoopa|100/100
|turn|1
|
|t:|1743874407
|move|p1a: Gliscor|Toxic|p2a: Hoopa
|-status|p2a: Hoopa|tox
|move|p2a: Hoopa|Hyperspace Hole|p1a: Gliscor
|-damage|p1a: Gliscor|60/100
|
|-damage|p2a: Hoopa|95/100 tox|[from] psn
|-status|p1a: Gliscor|tox|[from] item: Toxic Orb
|upkeep
|turn|2
|
|t:|1743874417
|-terastallize|p2a: Hoopa|Psychic
|move|p1a: Gliscor|Protect|p1a: Gliscor
|-singleturn|p1a: Gliscor|Protect
|move|p2a: Hoopa|Hyperspace Hole|p1a: Gliscor
|-activate|p1a: Gliscor|move: Hyperspace Hole|[broken]
|-damage|p1a: Gliscor|0 fnt
|faint|p1a: Gliscor
|
|-damage|p2a: Hoopa|83/100 tox|[from] psn
|upkeep
|
|t:|1743874445
|switch|p1a: Gholdengo|Gholdengo|100/100
|turn|3
|
|t:|1743874453
|switch|p2a: Brute Bonnet|Brute Bonnet|100/100
|move|p1a: Gholdengo|Shadow Ball|p2a: Brute Bonnet
|-resisted|p2a: Brute Bonnet
|-damage|p2a: Brute Bonnet|90/100
|
|upkeep
|turn|4
|
|t:|1743874470
|switch|p1a: Raging Bolt|Raging Bolt|100/100
|-enditem|p1a: Raging Bolt|Booster Energy
|-activate|p1a: Raging Bolt|ability: Protosynthesis|[fromitem]
|-start|p1a: Raging Bolt|protosynthesisspa
|move|p2a: Brute Bonnet|Crunch|p1a: Raging Bolt
|-damage|p1a: Raging Bolt|57/100
|
|upkeep
|turn|5
|
|t:|1743874478
|move|p1a: Raging Bolt|Draco Meteor|p2a: Brute Bonnet|[miss]
|-miss|p1a: Raging Bolt|p2a: Brute Bonnet
|move|p2a: Brute Bonnet|Crunch|p1a: Raging Bolt
|-damage|p1a: Raging Bolt|15/100
|
|upkeep
|turn|6
|
|t:|1743874483
|move|p2a: Brute Bonnet|Sucker Punch|p1a: Raging Bolt
|-damage|p1a: Raging Bolt|0 fnt
|faint|p1a: Raging Bolt
|-end|p1a: Raging Bolt|Protosynthesis|[silent]
|
|upkeep
|
|t:|1743874492
|switch|p1a: Kyurem|Kyurem|100/100
|-ability|p1a: Kyurem|Pressure
|turn|7
|
|t:|1743874499
|move|p1a: Kyurem|Freeze-Dry|p2a: Brute Bonnet
|-supereffective|p2a: Brute Bonnet
|-damage|p2a: Brute Bonnet|34/100
|move|p2a: Brute Bonnet|Close Combat|p1a: Kyurem
|-supereffective|p1a: Kyurem
|-damage|p1a: Kyurem|10/100
|-unboost|p2a: Brute Bonnet|def|1
|-unboost|p2a: Brute Bonnet|spd|1
|
|upkeep
|turn|8
|
|t:|1743874513
|move|p1a: Kyurem|Freeze-Dry|p2a: Brute Bonnet
|-supereffective|p2a: Brute Bonnet
|-damage|p2a: Brute Bonnet|0 fnt
|faint|p2a: Brute Bonnet
|-end|p2a: Brute Bonnet|Protosynthesis|[silent]
|
|upkeep
|
|t:|1743874518
|switch|p2a: Hoopa|Hoopa, tera:Psychic|83/100 tox
|turn|9
|
|t:|1743874524
|move|p1a: Kyurem|Freeze-Dry|p2a: Hoopa
|-damage|p2a: Hoopa|34/100 tox
|move|p2a: Hoopa|Shadow Ball|p1a: Kyurem
|-damage|p1a: Kyurem|0 fnt
|faint|p1a: Kyurem
|
|-damage|p2a: Hoopa|28/100 tox|[from] psn
|upkeep
|
|t:|1743874535
|switch|p1a: Gholdengo|Gholdengo|100/100
|turn|10
|
|t:|1743874542
|switch|p2a: Cinccino|Cinccino, M|100/100
|-item|p2a: Cinccino|Air Balloon
|move|p1a: Gholdengo|Shadow Ball|p2a: Cinccino
|-immune|p2a: Cinccino
|
|upkeep
|turn|11
|
|t:|1743874549
|switch|p1a: Kingambit|Kingambit, F|100/100
|-activate|p1a: Kingambit|ability: Supreme Overlord
|-start|p1a: Kingambit|fallen3|[silent]
|move|p2a: Cinccino|Knock Off|p1a: Kingambit
|-resisted|p1a: Kingambit
|-damage|p1a: Kingambit|89/100
|-enditem|p1a: Kingambit|Leftovers|[from] move: Knock Off|[of] p2a: Cinccino
|
|upkeep
|turn|12
|
|t:|1743874559
|move|p2a: Cinccino|Tidy Up|p2a: Cinccino
|-boost|p2a: Cinccino|atk|1
|-boost|p2a: Cinccino|spe|1
|move|p1a: Kingambit|Swords Dance|p1a: Kingambit
|-boost|p1a: Kingambit|atk|2
|
|upkeep
|turn|13
|
|t:|1743874564
|move|p2a: Cinccino|Encore|p1a: Kingambit
|-start|p1a: Kingambit|Encore
|move|p1a: Kingambit|Swords Dance|p1a: Kingambit
|-boost|p1a: Kingambit|atk|2
|
|upkeep
|turn|14
|
|t:|1743874568
|-end|p1a: Kingambit|fallen3|[silent]
|switch|p1a: Gholdengo|Gholdengo|100/100
|move|p2a: Cinccino|Tidy Up|p2a: Cinccino
|-boost|p2a: Cinccino|atk|1
|-boost|p2a: Cinccino|spe|1
|
|upkeep
|turn|15
|
|t:|1743874571
|move|p2a: Cinccino|Knock Off|p1a: Gholdengo
|-supereffective|p1a: Gholdengo
|-damage|p1a: Gholdengo|0 fnt
|-enditem|p1a: Gholdengo|Choice Scarf|[from] move: Knock Off|[of] p2a: Cinccino
|faint|p1a: Gholdengo
|
|upkeep
|
|t:|1743874575
|switch|p1a: Zamazenta|Zamazenta|100/100
|-ability|p1a: Zamazenta|Dauntless Shield|boost
|-boost|p1a: Zamazenta|def|1
|turn|16
|
|t:|1743874584
|move|p2a: Cinccino|Knock Off|p1a: Zamazenta
|-resisted|p1a: Zamazenta
|-damage|p1a: Zamazenta|88/100
|-enditem|p1a: Zamazenta|Leftovers|[from] move: Knock Off|[of] p2a: Cinccino
|move|p1a: Zamazenta|Body Press|p2a: Cinccino
|-supereffective|p2a: Cinccino
|-damage|p2a: Cinccino|0 fnt
|-enditem|p2a: Cinccino|Air Balloon
|faint|p2a: Cinccino
|
|upkeep
|
|t:|1743874595
|switch|p2a: Braviary|Braviary-Hisui, M|100/100
|turn|17
|
|t:|1743874605
|switch|p1a: Kingambit|Kingambit, F|89/100
|-activate|p1a: Kingambit|ability: Supreme Overlord
|-start|p1a: Kingambit|fallen4|[silent]
|move|p2a: Braviary|Heat Wave|p1a: Kingambit
|-supereffective|p1a: Kingambit
|-damage|p1a: Kingambit|20/100
|
|upkeep
|turn|18
|
|t:|1743874615
|move|p1a: Kingambit|Sucker Punch||[still]
|-fail|p1a: Kingambit
|move|p2a: Braviary|Feather Dance|p1a: Kingambit
|-unboost|p1a: Kingambit|atk|2
|
|upkeep
|turn|19
|
|t:|1743874622
|move|p1a: Kingambit|Sucker Punch|p2a: Braviary
|-supereffective|p2a: Braviary
|-damage|p2a: Braviary|29/100
|move|p2a: Braviary|Heat Wave|p1a: Kingambit
|-supereffective|p1a: Kingambit
|-damage|p1a: Kingambit|0 fnt
|faint|p1a: Kingambit
|-end|p1a: Kingambit|fallen4|[silent]
|
|upkeep
|
|t:|1743874627
|switch|p1a: Zamazenta|Zamazenta|88/100
|turn|20
|
|t:|1743874630
|move|p1a: Zamazenta|Crunch|p2a: Braviary
|-supereffective|p2a: Braviary
|-damage|p2a: Braviary|0 fnt
|faint|p2a: Braviary
|
|upkeep
|
|t:|1743874644
|switch|p2a: Crabominable|Crabominable, F|100/100
|turn|21
|
|t:|1743874671
|move|p1a: Zamazenta|Body Press|p2a: Crabominable
|-supereffective|p2a: Crabominable
|-damage|p2a: Crabominable|25/100
|move|p2a: Crabominable|Ice Hammer|p1a: Zamazenta
|-damage|p1a: Zamazenta|34/100
|-unboost|p2a: Crabominable|spe|1
|
|upkeep
|turn|22
|
|t:|1743874681
|move|p1a: Zamazenta|Body Press|p2a: Crabominable
|-supereffective|p2a: Crabominable
|-damage|p2a: Crabominable|0 fnt
|faint|p2a: Crabominable
|
|upkeep
|
|t:|1743874684
|switch|p2a: Hoopa|Hoopa, tera:Psychic|28/100 tox
|turn|23
|
|t:|1743874687
|move|p1a: Zamazenta|Crunch|p2a: Hoopa
|-supereffective|p2a: Hoopa
|-damage|p2a: Hoopa|0 fnt
|faint|p2a: Hoopa
|
|upkeep
|
|t:|1743874690
|switch|p2a: Lapras|Lapras, M|100/100
|turn|24
|
|t:|1743874694
|move|p1a: Zamazenta|Body Press|p2a: Lapras
|-supereffective|p2a: Lapras
|-damage|p2a: Lapras|37/100
|move|p2a: Lapras|Brine|p1a: Zamazenta
|-damage|p1a: Zamazenta|0 fnt
|faint|p1a: Zamazenta
|
|win|sapgotti
|raw|imoffbrooooocoli's rating: 1147 &rarr; <strong>1124</strong><br />(-23 for losing)
|raw|sapgotti's rating: 1179 &rarr; <strong>1202</strong><br />(+23 for winning)
|l|☆imoffbrooooocoli
|player|p1|
|l|☆sapgotti
|player|p2|
