|j|☆ser1an
|j|☆WonderGuardWill
|t:|1743884984
|gametype|singles
|player|p1|ser1an|lucas|1308
|player|p2|WonderGuardWill|dancer|1325
|teamsize|p1|6
|teamsize|p2|6
|gen|9
|tier|[Gen 9] OU
|rated|
|rule|HP Percentage Mod: HP is shown in percentages
|rule|Endless Battle Clause: Forcing endless battles is banned
|rule|Species Clause: Limit one of each Pokémon
|rule|OHKO Clause: OHKO moves are banned
|rule|Evasion Items Clause: Evasion items are banned
|rule|Evasion Moves Clause: Evasion moves are banned
|rule|Sleep Moves Clause: Sleep-inducing moves are banned
|clearpoke
|poke|p1|Zamazenta-*|
|poke|p1|Ogerpon-Wellspring, F|
|poke|p1|Weavile, F|
|poke|p1|Thundurus-Therian, M|
|poke|p1|Dragapult, M|
|poke|p1|Toxapex, M|
|poke|p2|Darkrai|
|poke|p2|Garganacl, F|
|poke|p2|Espeon, F|
|poke|p2|Clodsire, M|
|poke|p2|Heatran, M|
|poke|p2|Gholdengo|
|teampreview
|inactive|Battle timer is ON: inactive players will automatically lose when time's up. (requested by ser1an)
|
|t:|1743884996
|start
|switch|p1a: Weavile|Weavile, F|100/100
|switch|p2a: Gholdengo|Gholdengo|100/100
|-ability|p1a: Weavile|Pressure
|turn|1
|
|t:|1743885004
|move|p2a: Gholdengo|Make It Rain|p1a: Weavile
|-supereffective|p1a: Weavile
|-damage|p1a: Weavile|0 fnt
|-unboost|p2a: Gholdengo|spa|1
|faint|p1a: Weavile
|
|upkeep
|
|t:|1743885030
|switch|p1a: Thundurus|Thundurus-Therian, M|100/100
|turn|2
|
|t:|1743885033
|switch|p2a: Clodsire|Clodsire, M|100/100
|move|p1a: Thundurus|Volt Switch|p2a: Clodsire
|-immune|p2a: Clodsire
|
|upkeep
|turn|3
|
|t:|1743885043
|switch|p1a: Ogerpon|Ogerpon-Wellspring, F|100/100
|move|p2a: Clodsire|Toxic Spikes|p1a: Ogerpon
|-sidestart|p1: ser1an|move: Toxic Spikes
|
|upkeep
|turn|4
|
|t:|1743885048
|move|p1a: Ogerpon|Knock Off|p2a: Clodsire
|-damage|p2a: Clodsire|60/100
|-enditem|p2a: Clodsire|Leftovers|[from] move: Knock Off|[of] p1a: Ogerpon
|move|p2a: Clodsire|Toxic|p1a: Ogerpon
|-status|p1a: Ogerpon|tox
|
|-damage|p1a: Ogerpon|95/100 tox|[from] psn
|upkeep
|turn|5
|
|t:|1743885055
|move|p1a: Ogerpon|Horn Leech|p2a: Clodsire
|-damage|p2a: Clodsire|9/100
|-heal|p1a: Ogerpon|100/100 tox|[from] drain|[of] p2a: Clodsire
|move|p2a: Clodsire|Recover|p2a: Clodsire
|-heal|p2a: Clodsire|59/100
|
|-damage|p1a: Ogerpon|89/100 tox|[from] psn
|upkeep
|turn|6
|
|t:|1743885058
|switch|p2a: Garganacl|Garganacl, F|100/100
|move|p1a: Ogerpon|Horn Leech|p2a: Garganacl
|-supereffective|p2a: Garganacl
|-damage|p2a: Garganacl|53/100
|-heal|p1a: Ogerpon|100/100 tox|[from] drain|[of] p2a: Garganacl
|
|-heal|p2a: Garganacl|59/100|[from] item: Leftovers
|-damage|p1a: Ogerpon|83/100 tox|[from] psn
|upkeep
|turn|7
|
|t:|1743885062
|move|p2a: Garganacl|Protect|p2a: Garganacl
|-singleturn|p2a: Garganacl|Protect
|move|p1a: Ogerpon|Horn Leech|p2a: Garganacl
|-activate|p2a: Garganacl|move: Protect
|
|-heal|p2a: Garganacl|65/100|[from] item: Leftovers
|-damage|p1a: Ogerpon|59/100 tox|[from] psn
|upkeep
|turn|8
|
|t:|1743885065
|-terastallize|p2a: Garganacl|Flying
|move|p1a: Ogerpon|Horn Leech|p2a: Garganacl
|-resisted|p2a: Garganacl
|-damage|p2a: Garganacl|55/100
|-heal|p1a: Ogerpon|66/100 tox|[from] drain|[of] p2a: Garganacl
|move|p2a: Garganacl|Salt Cure|p1a: Ogerpon
|-damage|p1a: Ogerpon|48/100 tox
|-start|p1a: Ogerpon|Salt Cure
|
|-heal|p2a: Garganacl|61/100|[from] item: Leftovers
|-damage|p1a: Ogerpon|18/100 tox|[from] psn
|-damage|p1a: Ogerpon|0 fnt|[from] Salt Cure
|faint|p1a: Ogerpon
|upkeep
|
|t:|1743885075
|switch|p1a: Dragapult|Dragapult, M|100/100
|turn|9
|
|t:|1743885083
|switch|p2a: Darkrai|Darkrai|100/100
|move|p1a: Dragapult|Will-O-Wisp|p2a: Darkrai
|-status|p2a: Darkrai|brn
|
|-damage|p2a: Darkrai|94/100 brn|[from] brn
|upkeep
|turn|10
|
|t:|1743885089
|move|p2a: Darkrai|Trick|p1a: Dragapult
|-activate|p2a: Darkrai|move: Trick|[of] p1a: Dragapult
|-item|p1a: Dragapult|Choice Scarf|[from] move: Trick
|-item|p2a: Darkrai|Heavy-Duty Boots|[from] move: Trick
|move|p1a: Dragapult|U-turn|p2a: Darkrai
|-supereffective|p2a: Darkrai
|-damage|p2a: Darkrai|41/100 brn
|
|t:|1743885101
|switch|p1a: Zamazenta|Zamazenta|100/100|[from] U-turn
|-ability|p1a: Zamazenta|Dauntless Shield|boost
|-boost|p1a: Zamazenta|def|1
|
|-damage|p2a: Darkrai|35/100 brn|[from] brn
|upkeep
|turn|11
|
|t:|1743885118
|move|p1a: Zamazenta|Close Combat|p2a: Darkrai
|-supereffective|p2a: Darkrai
|-damage|p2a: Darkrai|0 fnt
|-unboost|p1a: Zamazenta|def|1
|-unboost|p1a: Zamazenta|spd|1
|faint|p2a: Darkrai
|
|upkeep
|
|t:|1743885122
|switch|p2a: Espeon|Espeon, F|100/100
|turn|12
|
|t:|1743885127
|move|p2a: Espeon|Trick|p1a: Zamazenta
|-activate|p2a: Espeon|move: Trick|[of] p1a: Zamazenta
|-item|p1a: Zamazenta|Choice Scarf|[from] move: Trick
|-item|p2a: Espeon|Heavy-Duty Boots|[from] move: Trick
|move|p1a: Zamazenta|Crunch|p2a: Espeon
|-supereffective|p2a: Espeon
|-damage|p2a: Espeon|2/100
|-unboost|p2a: Espeon|def|1
|
|upkeep
|turn|13
|
|t:|1743885134
|switch|p2a: Garganacl|Garganacl, F, tera:Flying|61/100
|move|p1a: Zamazenta|Crunch|p2a: Garganacl
|-damage|p2a: Garganacl|48/100
|
|-heal|p2a: Garganacl|54/100|[from] item: Leftovers
|upkeep
|turn|14
|
|t:|1743885139
|switch|p1a: Toxapex|Toxapex, M|100/100
|-sideend|p1: ser1an|move: Toxic Spikes|[of] p1a: Toxapex
|move|p2a: Garganacl|Recover|p2a: Garganacl
|-heal|p2a: Garganacl|100/100
|
|upkeep
|turn|15
|
|t:|1743885142
|switch|p2a: Clodsire|Clodsire, M|59/100
|move|p1a: Toxapex|Toxic|p2a: Clodsire
|-immune|p2a: Clodsire
|
|upkeep
|turn|16
|
|t:|1743885150
|switch|p1a: Thundurus|Thundurus-Therian, M|100/100
|move|p2a: Clodsire|Toxic Spikes|p1a: Thundurus
|-sidestart|p1: ser1an|move: Toxic Spikes
|
|upkeep
|turn|17
|
|t:|1743885154
|move|p1a: Thundurus|Psychic|p2a: Clodsire
|-supereffective|p2a: Clodsire
|-damage|p2a: Clodsire|0 fnt
|faint|p2a: Clodsire
|
|upkeep
|
|t:|1743885158
|switch|p2a: Gholdengo|Gholdengo|100/100
|turn|18
|
|t:|1743885167
|switch|p1a: Toxapex|Toxapex, M|100/100
|-sideend|p1: ser1an|move: Toxic Spikes|[of] p1a: Toxapex
|move|p2a: Gholdengo|Shadow Ball|p1a: Toxapex
|-damage|p1a: Toxapex|67/100
|
|upkeep
|turn|19
|
|t:|1743885171
|move|p2a: Gholdengo|Shadow Ball|p1a: Toxapex
|-damage|p1a: Toxapex|34/100
|-unboost|p1a: Toxapex|spd|1
|move|p1a: Toxapex|Surf|p2a: Gholdengo
|-damage|p2a: Gholdengo|77/100
|
|upkeep
|turn|20
|
|t:|1743885179
|move|p2a: Gholdengo|Shadow Ball|p1a: Toxapex
|-damage|p1a: Toxapex|0 fnt
|faint|p1a: Toxapex
|
|upkeep
|
|t:|1743885184
|switch|p1a: Dragapult|Dragapult, M|100/100
|turn|21
|
|t:|1743885188
|switch|p2a: Heatran|Heatran, M|100/100
|-item|p2a: Heatran|Air Balloon
|move|p1a: Dragapult|Hex|p2a: Heatran
|-damage|p2a: Heatran|80/100
|-enditem|p2a: Heatran|Air Balloon
|
|upkeep
|turn|22
|inactive|WonderGuardWill has 120 seconds left.
|
|t:|1743885219
|switch|p1a: Thundurus|Thundurus-Therian, M|100/100
|move|p2a: Heatran|Stealth Rock|p1a: Thundurus
|-sidestart|p1: ser1an|move: Stealth Rock
|
|upkeep
|turn|23
|
|t:|1743885238
|switch|p2a: Gholdengo|Gholdengo|77/100
|move|p1a: Thundurus|Thunderbolt|p2a: Gholdengo
|-damage|p2a: Gholdengo|0 fnt
|faint|p2a: Gholdengo
|
|upkeep
|
|t:|1743885248
|switch|p2a: Espeon|Espeon, F|2/100
|turn|24
|
|t:|1743885252
|move|p2a: Espeon|Future Sight|p1a: Thundurus
|-start|p2a: Espeon|move: Future Sight
|move|p1a: Thundurus|Thunderbolt|p2a: Espeon
|-damage|p2a: Espeon|0 fnt
|faint|p2a: Espeon
|
|upkeep
|
|t:|1743885256
|switch|p2a: Heatran|Heatran, M|80/100
|turn|25
|
|t:|1743885259
|move|p1a: Thundurus|Thunderbolt|p2a: Heatran
|-damage|p2a: Heatran|14/100
|move|p2a: Heatran|Magma Storm|p1a: Thundurus
|-damage|p1a: Thundurus|19/100
|-activate|p1a: Thundurus|move: Magma Storm|[of] p2a: Heatran
|
|-damage|p1a: Thundurus|7/100|[from] move: Magma Storm|[partiallytrapped]
|upkeep
|turn|26
|
|t:|1743885265
|move|p1a: Thundurus|Thunderbolt|p2a: Heatran
|-damage|p2a: Heatran|0 fnt
|faint|p2a: Heatran
|
|-end|p1a: Thundurus|move: Future Sight
|-damage|p1a: Thundurus|0 fnt
|faint|p1a: Thundurus
|upkeep
|
|t:|1743885276
|switch|p1a: Dragapult|Dragapult, M|100/100
|switch|p2a: Garganacl|Garganacl, F, tera:Flying|100/100
|-damage|p1a: Dragapult|88/100|[from] Stealth Rock
|turn|27
|
|t:|1743885284
|move|p1a: Dragapult|Will-O-Wisp|p2a: Garganacl|[miss]
|-miss|p1a: Dragapult|p2a: Garganacl
|move|p2a: Garganacl|Salt Cure|p1a: Dragapult
|-damage|p1a: Dragapult|69/100
|-start|p1a: Dragapult|Salt Cure
|
|-damage|p1a: Dragapult|57/100|[from] Salt Cure
|upkeep
|turn|28
|
|t:|1743885287
|move|p2a: Garganacl|Protect|p2a: Garganacl
|-singleturn|p2a: Garganacl|Protect
|move|p1a: Dragapult|Will-O-Wisp|p2a: Garganacl
|-activate|p2a: Garganacl|move: Protect
|
|-damage|p1a: Dragapult|45/100|[from] Salt Cure
|upkeep
|turn|29
|
|t:|1743885294
|move|p2a: Garganacl|Protect||[still]
|-fail|p2a: Garganacl
|move|p1a: Dragapult|Will-O-Wisp|p2a: Garganacl
|-immune|p2a: Garganacl|[from] ability: Purifying Salt
|
|-damage|p1a: Dragapult|32/100|[from] Salt Cure
|upkeep
|turn|30
|
|t:|1743885299
|switch|p1a: Zamazenta|Zamazenta|100/100
|-damage|p1a: Zamazenta|94/100|[from] Stealth Rock
|move|p2a: Garganacl|Salt Cure|p1a: Zamazenta
|-resisted|p1a: Zamazenta
|-damage|p1a: Zamazenta|88/100
|-start|p1a: Zamazenta|Salt Cure
|
|-damage|p1a: Zamazenta|76/100|[from] Salt Cure
|upkeep
|turn|31
|
|t:|1743885306
|move|p2a: Garganacl|Protect|p2a: Garganacl
|-singleturn|p2a: Garganacl|Protect
|move|p1a: Zamazenta|Ice Fang|p2a: Garganacl
|-activate|p2a: Garganacl|move: Protect
|
|-damage|p1a: Zamazenta|63/100|[from] Salt Cure
|upkeep
|turn|32
|
|t:|1743885311
|move|p1a: Zamazenta|Ice Fang|p2a: Garganacl
|-supereffective|p2a: Garganacl
|-damage|p2a: Garganacl|80/100
|cant|p2a: Garganacl|flinch
|
|-heal|p2a: Garganacl|86/100|[from] item: Leftovers
|-damage|p1a: Zamazenta|51/100|[from] Salt Cure
|upkeep
|turn|33
|
|t:|1743885316
|move|p1a: Zamazenta|Ice Fang|p2a: Garganacl
|-supereffective|p2a: Garganacl
|-damage|p2a: Garganacl|65/100
|move|p2a: Garganacl|Body Press|p1a: Zamazenta
|-damage|p1a: Zamazenta|21/100
|
|-heal|p2a: Garganacl|71/100|[from] item: Leftovers
|-damage|p1a: Zamazenta|9/100|[from] Salt Cure
|upkeep
|turn|34
|
|t:|1743885321
|move|p1a: Zamazenta|Ice Fang|p2a: Garganacl
|-supereffective|p2a: Garganacl
|-crit|p2a: Garganacl
|-damage|p2a: Garganacl|37/100
|move|p2a: Garganacl|Recover|p2a: Garganacl
|-heal|p2a: Garganacl|87/100
|
|-heal|p2a: Garganacl|93/100|[from] item: Leftovers
|-damage|p1a: Zamazenta|0 fnt|[from] Salt Cure
|faint|p1a: Zamazenta
|upkeep
|
|t:|1743885324
|switch|p1a: Dragapult|Dragapult, M|32/100
|-damage|p1a: Dragapult|20/100|[from] Stealth Rock
|turn|35
|
|t:|1743885328
|move|p2a: Garganacl|Protect|p2a: Garganacl
|-singleturn|p2a: Garganacl|Protect
|move|p1a: Dragapult|Hex|p2a: Garganacl
|-activate|p2a: Garganacl|move: Protect
|
|-heal|p2a: Garganacl|99/100|[from] item: Leftovers
|upkeep
|turn|36
|
|t:|1743885332
|move|p1a: Dragapult|Hex|p2a: Garganacl
|-damage|p2a: Garganacl|87/100
|move|p2a: Garganacl|Salt Cure|p1a: Dragapult
|-damage|p1a: Dragapult|1/100
|-start|p1a: Dragapult|Salt Cure
|
|-heal|p2a: Garganacl|93/100|[from] item: Leftovers
|-damage|p1a: Dragapult|0 fnt|[from] Salt Cure
|faint|p1a: Dragapult
|
|win|WonderGuardWill
|raw|ser1an's rating: 1308 &rarr; <strong>1289</strong><br />(-19 for losing)
|raw|WonderGuardWill's rating: 1325 &rarr; <strong>1344</strong><br />(+19 for winning)
|l|☆ser1an
|player|p1|
