|j|☆wenchaojiayang
|j|☆TheRedCucumb
|t:|1743851927
|gametype|singles
|player|p1|wenchaojiayang|lucas|1454
|player|p2|TheRedCucumb|ghetsis-gen5bw|1461
|teamsize|p1|6
|teamsize|p2|6
|gen|9
|tier|[Gen 9] OU
|rated|
|rule|HP Percentage Mod: HP is shown in percentages
|rule|Endless Battle Clause: Forcing endless battles is banned
|rule|Species Clause: Limit one of each Pokémon
|rule|OHKO Clause: OHKO moves are banned
|rule|Evasion Items Clause: Evasion items are banned
|rule|Evasion Moves Clause: Evasion moves are banned
|rule|Sleep Moves Clause: Sleep-inducing moves are banned
|clearpoke
|poke|p1|Sinistcha|
|poke|p1|Gholdengo|
|poke|p1|Dragonite, M|
|poke|p1|Muk, M|
|poke|p1|Orthworm, M|
|poke|p1|Tyranitar, F|
|poke|p2|Ogerpon-Wellspring, F|
|poke|p2|Alomomola, F|
|poke|p2|Hatterene, F|
|poke|p2|Corviknight, F|
|poke|p2|Rillaboom, M|
|poke|p2|Drifblim, M|
|teampreview
|c|☆TheRedCucumb|Hi good luck
|inactive|Battle timer is ON: inactive players will automatically lose when time's up. (requested by TheRedCucumb)
|inactive|wenchaojiayang has 120 seconds left.
|inactive|wenchaojiayang has 90 seconds left.
|
|t:|1743852003
|start
|switch|p1a: Tyranitar|Tyranitar, F|100/100
|switch|p2a: King Kong|Rillaboom, M|100/100
|-fieldstart|move: Grassy Terrain|[from] ability: Grassy Surge|[of] p2a: King Kong
|-weather|Sandstorm|[from] ability: Sand Stream|[of] p1a: Tyranitar
|turn|1
|
|t:|1743852012
|-terastallize|p1a: Tyranitar|Flying
|move|p2a: King Kong|Wood Hammer|p1a: Tyranitar
|-resisted|p1a: Tyranitar
|-damage|p1a: Tyranitar|66/100
|-damage|p2a: King Kong|88/100|[from] Recoil
|move|p1a: Tyranitar|Stealth Rock|p2a: King Kong
|-sidestart|p2: TheRedCucumb|move: Stealth Rock
|
|-weather|Sandstorm|[upkeep]
|-damage|p2a: King Kong|82/100|[from] Sandstorm
|-damage|p1a: Tyranitar|59/100|[from] Sandstorm
|-heal|p2a: King Kong|88/100|[from] Grassy Terrain
|upkeep
|turn|2
|
|t:|1743852024
|switch|p2a: Manbo|Alomomola, F|100/100
|-damage|p2a: Manbo|88/100|[from] Stealth Rock
|move|p1a: Tyranitar|Knock Off|p2a: Manbo
|-damage|p2a: Manbo|34/100
|-enditem|p2a: Manbo|Covert Cloak|[from] move: Knock Off|[of] p1a: Tyranitar
|-damage|p1a: Tyranitar|50/100|[from] item: Life Orb
|
|-weather|Sandstorm|[upkeep]
|-damage|p1a: Tyranitar|43/100|[from] Sandstorm
|-damage|p2a: Manbo|28/100|[from] Sandstorm
|-heal|p2a: Manbo|34/100|[from] Grassy Terrain
|upkeep
|turn|3
|
|t:|1743852042
|switch|p1a: Sinistcha|Sinistcha|100/100
|switch|p2a: Spite|Corviknight, F|100/100
|-damage|p2a: Spite|88/100|[from] Stealth Rock
|-ability|p2a: Spite|Pressure
|
|-weather|Sandstorm|[upkeep]
|-damage|p1a: Sinistcha|94/100|[from] Sandstorm
|-heal|p1a: Sinistcha|100/100|[from] Grassy Terrain
|upkeep
|turn|4
|
|t:|1743852053
|switch|p1a: Gholdengo|Gholdengo|100/100
|move|p2a: Spite|Defog|p1a: Gholdengo
|-immune|p1a: Gholdengo|[from] ability: Good as Gold
|
|-weather|Sandstorm|[upkeep]
|upkeep
|turn|5
|inactive|wenchaojiayang has 120 seconds left.
|
|t:|1743852093
|move|p1a: Gholdengo|Shadow Ball|p2a: Spite
|-damage|p2a: Spite|58/100
|move|p2a: Spite|U-turn|p1a: Gholdengo
|-resisted|p1a: Gholdengo
|-crit|p1a: Gholdengo
|-damage|p1a: Gholdengo|94/100
|
|t:|1743852099
|switch|p2a: Wack and Smack|Ogerpon-Wellspring, F|100/100|[from] U-turn
|-damage|p2a: Wack and Smack|88/100|[from] Stealth Rock
|
|-weather|none
|-heal|p1a: Gholdengo|99/100|[from] Grassy Terrain
|-heal|p2a: Wack and Smack|94/100|[from] Grassy Terrain
|-fieldend|move: Grassy Terrain
|upkeep
|turn|6
|
|t:|1743852110
|switch|p1a: Muk|Muk, M|100/100
|move|p2a: Wack and Smack|Swords Dance|p2a: Wack and Smack
|-boost|p2a: Wack and Smack|atk|2
|
|upkeep
|turn|7
|
|t:|1743852120
|move|p2a: Wack and Smack|Ivy Cudgel|p1a: Muk|[anim] Ivy Cudgel Water
|-damage|p1a: Muk|18/100
|move|p1a: Muk|Gunk Shot|p2a: Wack and Smack|[miss]
|-miss|p1a: Muk|p2a: Wack and Smack
|
|upkeep
|turn|8
|
|t:|1743852132
|move|p2a: Wack and Smack|Ivy Cudgel|p1a: Muk|[anim] Ivy Cudgel Water
|-damage|p1a: Muk|0 fnt
|faint|p1a: Muk
|
|upkeep
|
|t:|1743852140
|switch|p1a: Dragonite|Dragonite, M|100/100
|turn|9
|
|t:|1743852147
|move|p1a: Dragonite|Extreme Speed|p2a: Wack and Smack
|-damage|p2a: Wack and Smack|52/100
|move|p2a: Wack and Smack|Horn Leech|p1a: Dragonite
|-resisted|p1a: Dragonite
|-damage|p1a: Dragonite|77/100
|-heal|p2a: Wack and Smack|64/100|[from] drain|[of] p1a: Dragonite
|
|upkeep
|turn|10
|inactive|wenchaojiayang has 120 seconds left.
|
|t:|1743852155
|move|p1a: Dragonite|Extreme Speed|p2a: Wack and Smack
|-damage|p2a: Wack and Smack|25/100
|move|p2a: Wack and Smack|Horn Leech|p1a: Dragonite
|-resisted|p1a: Dragonite
|-damage|p1a: Dragonite|51/100
|-heal|p2a: Wack and Smack|39/100|[from] drain|[of] p1a: Dragonite
|
|upkeep
|turn|11
|
|t:|1743852164
|move|p1a: Dragonite|Extreme Speed|p2a: Wack and Smack
|-damage|p2a: Wack and Smack|0 fnt
|faint|p2a: Wack and Smack
|
|upkeep
|
|t:|1743852190
|switch|p2a: Spite|Corviknight, F|58/100
|-damage|p2a: Spite|46/100|[from] Stealth Rock
|-ability|p2a: Spite|Pressure
|turn|12
|
|t:|1743852197
|switch|p1a: Gholdengo|Gholdengo|99/100
|move|p2a: Spite|Roost|p2a: Spite
|-heal|p2a: Spite|96/100
|-singleturn|p2a: Spite|move: Roost
|
|upkeep
|turn|13
|
|t:|1743852208
|move|p1a: Gholdengo|Trick|p2a: Spite
|-activate|p1a: Gholdengo|move: Trick|[of] p2a: Spite
|-item|p2a: Spite|Choice Scarf|[from] move: Trick
|-item|p1a: Gholdengo|Rocky Helmet|[from] move: Trick
|move|p2a: Spite|U-turn|p1a: Gholdengo
|-resisted|p1a: Gholdengo
|-damage|p1a: Gholdengo|96/100
|-damage|p2a: Spite|79/100|[from] item: Rocky Helmet|[of] p1a: Gholdengo
|
|t:|1743852223
|switch|p2a: King Kong|Rillaboom, M|88/100|[from] U-turn
|-damage|p2a: King Kong|75/100|[from] Stealth Rock
|-fieldstart|move: Grassy Terrain|[from] ability: Grassy Surge|[of] p2a: King Kong
|
|-heal|p1a: Gholdengo|100/100|[from] Grassy Terrain
|-heal|p2a: King Kong|82/100|[from] Grassy Terrain
|upkeep
|turn|14
|
|t:|1743852234
|switch|p1a: Orthworm|Orthworm, M|100/100
|move|p2a: King Kong|High Horsepower|p1a: Orthworm
|-immune|p1a: Orthworm|[from] ability: Earth Eater
|
|-heal|p2a: King Kong|88/100|[from] Grassy Terrain
|upkeep
|turn|15
|
|t:|1743852242
|move|p2a: King Kong|U-turn|p1a: Orthworm
|-resisted|p1a: Orthworm
|-damage|p1a: Orthworm|93/100
|-damage|p2a: King Kong|71/100|[from] item: Rocky Helmet|[of] p1a: Orthworm
|
|t:|1743852248
|switch|p2a: Smirky|Hatterene, F|100/100|[from] U-turn
|-damage|p2a: Smirky|88/100|[from] Stealth Rock
|move|p1a: Orthworm|Spikes|p2a: Smirky
|move|p2a: Smirky|Spikes|p1a: Orthworm|[from] ability: Magic Bounce
|-sidestart|p1: wenchaojiayang|Spikes
|
|-heal|p1a: Orthworm|99/100|[from] Grassy Terrain
|-heal|p2a: Smirky|94/100|[from] Grassy Terrain
|upkeep
|turn|16
|
|t:|1743852265
|move|p1a: Orthworm|Coil|p1a: Orthworm
|-boost|p1a: Orthworm|atk|1
|-boost|p1a: Orthworm|def|1
|-boost|p1a: Orthworm|accuracy|1
|move|p2a: Smirky|Calm Mind|p2a: Smirky
|-boost|p2a: Smirky|spa|1
|-boost|p2a: Smirky|spd|1
|
|-heal|p1a: Orthworm|100/100|[from] Grassy Terrain
|-heal|p2a: Smirky|99/100|[from] Grassy Terrain
|upkeep
|turn|17
|
|t:|1743852274
|-terastallize|p2a: Smirky|Water
|move|p1a: Orthworm|Iron Tail|p2a: Smirky
|-resisted|p2a: Smirky
|-damage|p2a: Smirky|81/100
|move|p2a: Smirky|Trick Room|p2a: Smirky
|-fieldstart|move: Trick Room|[of] p2a: Smirky
|
|-heal|p2a: Smirky|87/100|[from] Grassy Terrain
|-fieldend|move: Grassy Terrain
|upkeep
|turn|18
|
|t:|1743852301
|move|p2a: Smirky|Calm Mind|p2a: Smirky
|-boost|p2a: Smirky|spa|1
|-boost|p2a: Smirky|spd|1
|move|p1a: Orthworm|Body Press|p2a: Smirky
|-damage|p2a: Smirky|47/100
|
|upkeep
|turn|19
|
|t:|1743852309
|move|p2a: Smirky|Draining Kiss|p1a: Orthworm
|-resisted|p1a: Orthworm
|-damage|p1a: Orthworm|63/100
|-heal|p2a: Smirky|77/100|[from] drain|[of] p1a: Orthworm
|-damage|p2a: Smirky|61/100|[from] item: Rocky Helmet|[of] p1a: Orthworm
|move|p1a: Orthworm|Body Press|p2a: Smirky
|-damage|p2a: Smirky|15/100
|
|upkeep
|turn|20
|
|t:|1743852320
|move|p2a: Smirky|Psychic Noise|p1a: Orthworm
|-resisted|p1a: Orthworm
|-damage|p1a: Orthworm|7/100
|-start|p1a: Orthworm|move: Heal Block
|move|p1a: Orthworm|Body Press|p2a: Smirky
|-damage|p2a: Smirky|0 fnt
|faint|p2a: Smirky
|
|upkeep
|
|t:|1743852329
|switch|p2a: Spite|Corviknight, F|79/100
|-damage|p2a: Spite|67/100|[from] Stealth Rock
|-ability|p2a: Spite|Pressure
|turn|21
|inactive|wenchaojiayang has 120 seconds left.
|
|t:|1743852358
|move|p1a: Orthworm|Spikes|p2a: Spite
|-sidestart|p2: TheRedCucumb|Spikes
|move|p2a: Spite|Defog|p1a: Orthworm
|-unboost|p1a: Orthworm|evasion|1
|-sideend|p1: wenchaojiayang|Spikes|[from] move: Defog|[of] p2a: Spite
|-sideend|p2: TheRedCucumb|Spikes|[from] move: Defog|[of] p2a: Spite
|-sideend|p2: TheRedCucumb|Stealth Rock|[from] move: Defog|[of] p2a: Spite
|
|-end|p1a: Orthworm|move: Heal Block
|-fieldend|move: Trick Room
|upkeep
|turn|22
|
|t:|1743852375
|switch|p2a: King Kong|Rillaboom, M|71/100
|-fieldstart|move: Grassy Terrain|[from] ability: Grassy Surge|[of] p2a: King Kong
|move|p1a: Orthworm|Spikes|p2a: King Kong
|-sidestart|p2: TheRedCucumb|Spikes
|
|-heal|p2a: King Kong|78/100|[from] Grassy Terrain
|-heal|p1a: Orthworm|13/100|[from] Grassy Terrain
|upkeep
|turn|23
|
|t:|1743852383
|move|p2a: King Kong|Wood Hammer|p1a: Orthworm
|-resisted|p1a: Orthworm
|-damage|p1a: Orthworm|0 fnt
|-damage|p2a: King Kong|61/100|[from] item: Rocky Helmet|[of] p1a: Orthworm
|faint|p1a: Orthworm
|-damage|p2a: King Kong|57/100|[from] Recoil
|
|-heal|p2a: King Kong|64/100|[from] Grassy Terrain
|upkeep
|
|t:|1743852397
|switch|p1a: Tyranitar|Tyranitar, F, tera:Flying|43/100
|-weather|Sandstorm|[from] ability: Sand Stream|[of] p1a: Tyranitar
|turn|24
|
|t:|1743852403
|move|p2a: King Kong|U-turn|p1a: Tyranitar
|-resisted|p1a: Tyranitar
|-damage|p1a: Tyranitar|34/100
|
|t:|1743852406
|switch|p2a: Ikea|Drifblim, M|100/100|[from] U-turn
|-enditem|p2a: Ikea|Grassy Seed
|-boost|p2a: Ikea|def|1|[from] item: Grassy Seed
|move|p1a: Tyranitar|Stealth Rock|p2a: Ikea
|-sidestart|p2: TheRedCucumb|move: Stealth Rock
|
|-weather|Sandstorm|[upkeep]
|-damage|p2a: Ikea|94/100|[from] Sandstorm
|-damage|p1a: Tyranitar|28/100|[from] Sandstorm
|upkeep
|turn|25
|
|t:|1743852423
|move|p2a: Ikea|Calm Mind|p2a: Ikea
|-boost|p2a: Ikea|spa|1
|-boost|p2a: Ikea|spd|1
|move|p1a: Tyranitar|Fire Punch|p2a: Ikea
|-damage|p2a: Ikea|71/100
|-damage|p1a: Tyranitar|18/100|[from] item: Life Orb
|
|-weather|Sandstorm|[upkeep]
|-damage|p2a: Ikea|65/100|[from] Sandstorm
|-damage|p1a: Tyranitar|12/100|[from] Sandstorm
|upkeep
|turn|26
|
|t:|1743852432
|move|p2a: Ikea|Strength Sap|p1a: Tyranitar
|-unboost|p1a: Tyranitar|atk|1
|-heal|p2a: Ikea|100/100
|move|p1a: Tyranitar|Knock Off|p2a: Ikea
|-supereffective|p2a: Ikea
|-damage|p2a: Ikea|61/100
|-damage|p1a: Tyranitar|2/100|[from] item: Life Orb
|
|-weather|Sandstorm|[upkeep]
|-damage|p2a: Ikea|55/100|[from] Sandstorm
|-damage|p1a: Tyranitar|0 fnt|[from] Sandstorm
|faint|p1a: Tyranitar
|-fieldend|move: Grassy Terrain
|upkeep
|
|t:|1743852449
|switch|p1a: Gholdengo|Gholdengo|100/100
|turn|27
|
|t:|1743852452
|move|p2a: Ikea|Hex|p1a: Gholdengo
|-supereffective|p1a: Gholdengo
|-damage|p1a: Gholdengo|33/100
|move|p1a: Gholdengo|Shadow Ball|p2a: Ikea
|-supereffective|p2a: Ikea
|-damage|p2a: Ikea|0 fnt
|faint|p2a: Ikea
|
|-weather|Sandstorm|[upkeep]
|upkeep
|
|t:|1743852465
|switch|p2a: King Kong|Rillaboom, M|64/100
|-damage|p2a: King Kong|51/100|[from] Spikes
|-damage|p2a: King Kong|39/100|[from] Stealth Rock
|-fieldstart|move: Grassy Terrain|[from] ability: Grassy Surge|[of] p2a: King Kong
|turn|28
|
|t:|1743852474
|switch|p1a: Sinistcha|Sinistcha|100/100
|move|p2a: King Kong|Wood Hammer|p1a: Sinistcha
|-resisted|p1a: Sinistcha
|-damage|p1a: Sinistcha|71/100
|-damage|p2a: King Kong|30/100|[from] Recoil
|
|-weather|none
|-heal|p2a: King Kong|36/100|[from] Grassy Terrain
|-heal|p1a: Sinistcha|77/100|[from] Grassy Terrain
|upkeep
|turn|29
|
|t:|1743852486
|move|p2a: King Kong|U-turn|p1a: Sinistcha
|-damage|p1a: Sinistcha|59/100
|
|t:|1743852490
|switch|p2a: Manbo|Alomomola, F|68/100|[from] U-turn
|-damage|p2a: Manbo|55/100|[from] Spikes
|-damage|p2a: Manbo|43/100|[from] Stealth Rock
|move|p1a: Sinistcha|Strength Sap|p2a: Manbo
|-unboost|p2a: Manbo|atk|1
|-heal|p1a: Sinistcha|100/100
|
|-heal|p2a: Manbo|49/100|[from] Grassy Terrain
|upkeep
|turn|30
|
|t:|1743852501
|move|p1a: Sinistcha|Matcha Gotcha|p2a: Manbo
|-supereffective|p2a: Manbo
|-damage|p2a: Manbo|0 fnt
|faint|p2a: Manbo
|
|upkeep
|
|t:|1743852507
|switch|p2a: Spite|Corviknight, F|67/100
|-damage|p2a: Spite|55/100|[from] Stealth Rock
|-ability|p2a: Spite|Pressure
|turn|31
|
|t:|1743852516
|switch|p1a: Gholdengo|Gholdengo|33/100
|move|p2a: Spite|Iron Head|p1a: Gholdengo
|-resisted|p1a: Gholdengo
|-damage|p1a: Gholdengo|20/100
|-damage|p2a: Spite|38/100|[from] item: Rocky Helmet|[of] p1a: Gholdengo
|
|-heal|p1a: Gholdengo|26/100|[from] Grassy Terrain
|upkeep
|turn|32
|
|t:|1743852524
|move|p1a: Gholdengo|Recover|p1a: Gholdengo
|-heal|p1a: Gholdengo|76/100
|move|p2a: Spite|Iron Head|p1a: Gholdengo
|-resisted|p1a: Gholdengo
|-damage|p1a: Gholdengo|62/100
|-damage|p2a: Spite|22/100|[from] item: Rocky Helmet|[of] p1a: Gholdengo
|
|-heal|p1a: Gholdengo|68/100|[from] Grassy Terrain
|-fieldend|move: Grassy Terrain
|upkeep
|turn|33
|
|t:|1743852547
|move|p1a: Gholdengo|Shadow Ball|p2a: Spite
|-damage|p2a: Spite|0 fnt
|faint|p2a: Spite
|
|upkeep
|
|t:|1743852550
|switch|p2a: King Kong|Rillaboom, M|36/100
|-damage|p2a: King Kong|23/100|[from] Spikes
|-damage|p2a: King Kong|11/100|[from] Stealth Rock
|-fieldstart|move: Grassy Terrain|[from] ability: Grassy Surge|[of] p2a: King Kong
|turn|34
|inactive|wenchaojiayang has 120 seconds left.
|
|t:|1743852581
|switch|p1a: Dragonite|Dragonite, M|51/100
|move|p2a: King Kong|High Horsepower|p1a: Dragonite
|-immune|p1a: Dragonite
|
|-heal|p2a: King Kong|17/100|[from] Grassy Terrain
|upkeep
|turn|35
|inactive|wenchaojiayang has 120 seconds left.
|
|t:|1743852591
|move|p1a: Dragonite|Extreme Speed|p2a: King Kong
|-damage|p2a: King Kong|0 fnt
|faint|p2a: King Kong
|
|win|wenchaojiayang
|raw|wenchaojiayang's rating: 1454 &rarr; <strong>1474</strong><br />(+20 for winning)
|raw|TheRedCucumb's rating: 1461 &rarr; <strong>1441</strong><br />(-20 for losing)
|l|☆TheRedCucumb
|player|p2|
|l|☆wenchaojiayang
|player|p1|
