|j|☆Stay sturdy
|j|☆Maurizio79
|t:|1743864217
|gametype|singles
|player|p1|Stay sturdy|265|1248
|player|p2|Maurizio79|gambler|1233
|teamsize|p1|6
|teamsize|p2|6
|gen|9
|tier|[Gen 9] OU
|rated|
|rule|HP Percentage Mod: HP is shown in percentages
|rule|Endless Battle Clause: Forcing endless battles is banned
|rule|Species Clause: Limit one of each Pokémon
|rule|OHKO Clause: OHKO moves are banned
|rule|Evasion Items Clause: Evasion items are banned
|rule|Evasion Moves Clause: Evasion moves are banned
|rule|Sleep Moves Clause: Sleep-inducing moves are banned
|clearpoke
|poke|p1|Araquanid, M|
|poke|p1|Skarmory, F|
|poke|p1|Excadrill, F|
|poke|p1|Garganacl, F|
|poke|p1|Iron Hands|
|poke|p1|Samurott-Hisui, M|
|poke|p2|Lurantis, M|
|poke|p2|Hatterene, F|
|poke|p2|Great Tusk|
|poke|p2|Dragapult, M|
|poke|p2|Kingambit, F|
|poke|p2|Ogerpon-Wellspring, F|
|teampreview
|inactive|Battle timer is ON: inactive players will automatically lose when time's up. (requested by Maurizio79)
|
|t:|1743864232
|start
|switch|p1a: Samurott|Samurott-Hisui, M|100/100
|switch|p2a: Lurantis|Lurantis, M|100/100
|turn|1
|
|t:|1743864236
|switch|p1a: Skarmory|Skarmory, F|100/100
|move|p2a: Lurantis|Leaf Storm|p1a: Skarmory
|-resisted|p1a: Skarmory
|-damage|p1a: Skarmory|87/100
|-boost|p2a: Lurantis|spa|2
|
|upkeep
|turn|2
|
|t:|1743864253
|switch|p2a: Hatterene|Hatterene, F|100/100
|move|p1a: Skarmory|Body Press|p2a: Hatterene
|-resisted|p2a: Hatterene
|-damage|p2a: Hatterene|93/100
|
|-heal|p2a: Hatterene|99/100|[from] item: Leftovers
|upkeep
|turn|3
|
|t:|1743864260
|switch|p1a: Garganacl|Garganacl, F|100/100
|move|p2a: Hatterene|Trick Room|p2a: Hatterene
|-fieldstart|move: Trick Room|[of] p2a: Hatterene
|
|-heal|p2a: Hatterene|100/100|[from] item: Leftovers
|upkeep
|turn|4
|
|t:|1743864267
|switch|p2a: Lurantis|Lurantis, M|100/100
|move|p1a: Garganacl|Salt Cure|p2a: Lurantis
|-damage|p2a: Lurantis|87/100
|-start|p2a: Lurantis|Salt Cure
|
|-heal|p2a: Lurantis|93/100|[from] item: Leftovers
|-damage|p2a: Lurantis|80/100|[from] Salt Cure
|upkeep
|turn|5
|
|t:|1743864272
|move|p1a: Garganacl|Protect|p1a: Garganacl
|-singleturn|p1a: Garganacl|Protect
|move|p2a: Lurantis|Superpower|p1a: Garganacl
|-activate|p1a: Garganacl|move: Protect
|
|-heal|p2a: Lurantis|87/100|[from] item: Leftovers
|-damage|p2a: Lurantis|74/100|[from] Salt Cure
|upkeep
|turn|6
|
|t:|1743864278
|switch|p1a: Araquanid|Araquanid, M|100/100
|move|p2a: Lurantis|Superpower|p1a: Araquanid
|-resisted|p1a: Araquanid
|-damage|p1a: Araquanid|86/100
|-boost|p2a: Lurantis|atk|1
|-boost|p2a: Lurantis|def|1
|
|-heal|p2a: Lurantis|80/100|[from] item: Leftovers
|-damage|p2a: Lurantis|68/100|[from] Salt Cure
|upkeep
|turn|7
|
|t:|1743864290
|move|p2a: Lurantis|Leaf Storm|p1a: Araquanid
|-damage|p1a: Araquanid|60/100
|-boost|p2a: Lurantis|spa|2
|move|p1a: Araquanid|Lunge|p2a: Lurantis
|-supereffective|p2a: Lurantis
|-damage|p2a: Lurantis|31/100
|-boost|p2a: Lurantis|atk|1
|
|-heal|p2a: Lurantis|38/100|[from] item: Leftovers
|-damage|p2a: Lurantis|25/100|[from] Salt Cure
|-fieldend|move: Trick Room
|upkeep
|turn|8
|
|t:|1743864307
|switch|p2a: Hatterene|Hatterene, F|100/100
|move|p1a: Araquanid|Lunge|p2a: Hatterene
|-damage|p2a: Hatterene|69/100
|-unboost|p2a: Hatterene|atk|1
|
|-heal|p2a: Hatterene|75/100|[from] item: Leftovers
|upkeep
|turn|9
|inactive|Stay sturdy has 120 seconds left.
|
|t:|1743864341
|move|p1a: Araquanid|Lunge|p2a: Hatterene
|-damage|p2a: Hatterene|43/100
|-unboost|p2a: Hatterene|atk|1
|move|p2a: Hatterene|Giga Drain|p1a: Araquanid
|-damage|p1a: Araquanid|40/100
|-heal|p2a: Hatterene|54/100|[from] drain|[of] p1a: Araquanid
|
|-heal|p2a: Hatterene|60/100|[from] item: Leftovers
|upkeep
|turn|10
|
|t:|1743864351
|move|p1a: Araquanid|Lunge|p2a: Hatterene
|-damage|p2a: Hatterene|30/100
|-unboost|p2a: Hatterene|atk|1
|move|p2a: Hatterene|Dazzling Gleam|p1a: Araquanid
|-damage|p1a: Araquanid|8/100
|
|-heal|p2a: Hatterene|36/100|[from] item: Leftovers
|upkeep
|turn|11
|
|t:|1743864360
|switch|p1a: Garganacl|Garganacl, F|100/100
|move|p2a: Hatterene|Mystical Fire|p1a: Garganacl
|-resisted|p1a: Garganacl
|-damage|p1a: Garganacl|91/100
|-unboost|p1a: Garganacl|spa|1
|
|-heal|p1a: Garganacl|97/100|[from] item: Leftovers
|-heal|p2a: Hatterene|42/100|[from] item: Leftovers
|upkeep
|turn|12
|
|t:|1743864371
|move|p1a: Garganacl|Salt Cure|p2a: Hatterene
|-damage|p2a: Hatterene|26/100
|-start|p2a: Hatterene|Salt Cure
|move|p2a: Hatterene|Trick Room|p2a: Hatterene
|-fieldstart|move: Trick Room|[of] p2a: Hatterene
|
|-heal|p2a: Hatterene|32/100|[from] item: Leftovers
|-heal|p1a: Garganacl|100/100|[from] item: Leftovers
|-damage|p2a: Hatterene|20/100|[from] Salt Cure
|upkeep
|turn|13
|inactive|Stay sturdy has 120 seconds left.
|
|t:|1743864406
|move|p1a: Garganacl|Protect|p1a: Garganacl
|-singleturn|p1a: Garganacl|Protect
|move|p2a: Hatterene|Giga Drain|p1a: Garganacl
|-activate|p1a: Garganacl|move: Protect
|
|-heal|p2a: Hatterene|26/100|[from] item: Leftovers
|-damage|p2a: Hatterene|13/100|[from] Salt Cure
|upkeep
|turn|14
|
|t:|1743864414
|switch|p1a: Iron Hands|Iron Hands|100/100
|move|p2a: Hatterene|Giga Drain|p1a: Iron Hands
|-damage|p1a: Iron Hands|89/100
|-heal|p2a: Hatterene|23/100|[from] drain|[of] p1a: Iron Hands
|
|-heal|p2a: Hatterene|29/100|[from] item: Leftovers
|-damage|p2a: Hatterene|17/100|[from] Salt Cure
|upkeep
|turn|15
|
|t:|1743864422
|move|p2a: Hatterene|Dazzling Gleam|p1a: Iron Hands
|-supereffective|p1a: Iron Hands
|-damage|p1a: Iron Hands|53/100
|move|p1a: Iron Hands|Heavy Slam|p2a: Hatterene
|-supereffective|p2a: Hatterene
|-damage|p2a: Hatterene|0 fnt
|faint|p2a: Hatterene
|
|upkeep
|
|t:|1743864427
|switch|p2a: Lurantis|Lurantis, M|25/100
|turn|16
|
|t:|1743864438
|-end|p1a: Iron Hands|Quark Drive|[silent]
|switch|p1a: Skarmory|Skarmory, F|87/100
|move|p2a: Lurantis|Synthesis|p2a: Lurantis
|-heal|p2a: Lurantis|75/100
|
|-heal|p2a: Lurantis|81/100|[from] item: Leftovers
|-fieldend|move: Trick Room
|upkeep
|turn|17
|
|t:|1743864465
|switch|p1a: Araquanid|Araquanid, M|8/100
|switch|p2a: Dragapult|Dragapult, M, shiny|100/100
|
|upkeep
|turn|18
|-enditem|p1a: Araquanid|Custap Berry|[eat]
|-activate|p1a: Araquanid|item: Custap Berry|[consumed]
|
|t:|1743864484
|move|p1a: Araquanid|Sticky Web|p2a: Dragapult
|-sidestart|p2: Maurizio79|move: Sticky Web
|move|p2a: Dragapult|Dragon Darts|p1a: Araquanid
|-damage|p1a: Araquanid|0 fnt
|faint|p1a: Araquanid
|-damage|p2a: Dragapult|91/100|[from] item: Life Orb
|
|upkeep
|
|t:|1743864490
|switch|p1a: Samurott|Samurott-Hisui, M|100/100
|turn|19
|
|t:|1743864499
|move|p1a: Samurott|Knock Off|p2a: Dragapult
|-supereffective|p2a: Dragapult
|-damage|p2a: Dragapult|0 fnt
|-enditem|p2a: Dragapult|Life Orb|[from] move: Knock Off|[of] p1a: Samurott
|faint|p2a: Dragapult
|
|upkeep
|
|t:|1743864503
|switch|p2a: Lurantis|Lurantis, M|81/100
|-activate|p2a: Lurantis|move: Sticky Web
|-boost|p2a: Lurantis|spe|1
|turn|20
|
|t:|1743864512
|switch|p1a: Iron Hands|Iron Hands|53/100
|move|p2a: Lurantis|Superpower|p1a: Iron Hands
|-damage|p1a: Iron Hands|36/100
|-boost|p2a: Lurantis|atk|1
|-boost|p2a: Lurantis|def|1
|
|-heal|p2a: Lurantis|87/100|[from] item: Leftovers
|upkeep
|turn|21
|
|t:|1743864521
|-terastallize|p2a: Lurantis|Fighting
|move|p2a: Lurantis|Superpower|p1a: Iron Hands
|-damage|p1a: Iron Hands|0 fnt
|-boost|p2a: Lurantis|atk|1
|-boost|p2a: Lurantis|def|1
|faint|p1a: Iron Hands
|-end|p1a: Iron Hands|Quark Drive|[silent]
|
|-heal|p2a: Lurantis|94/100|[from] item: Leftovers
|upkeep
|
|t:|1743864526
|switch|p1a: Skarmory|Skarmory, F|87/100
|turn|22
|
|t:|1743864532
|move|p1a: Skarmory|Iron Defense|p1a: Skarmory
|-boost|p1a: Skarmory|def|2
|move|p2a: Lurantis|Superpower|p1a: Skarmory
|-damage|p1a: Skarmory|61/100
|-boost|p2a: Lurantis|atk|1
|-boost|p2a: Lurantis|def|1
|-damage|p2a: Lurantis|77/100|[from] item: Rocky Helmet|[of] p1a: Skarmory
|
|-heal|p2a: Lurantis|83/100|[from] item: Leftovers
|upkeep
|turn|23
|
|t:|1743864537
|move|p1a: Skarmory|Iron Defense|p1a: Skarmory
|-boost|p1a: Skarmory|def|2
|move|p2a: Lurantis|Superpower|p1a: Skarmory
|-damage|p1a: Skarmory|38/100
|-boost|p2a: Lurantis|atk|1
|-boost|p2a: Lurantis|def|1
|-damage|p2a: Lurantis|66/100|[from] item: Rocky Helmet|[of] p1a: Skarmory
|
|-heal|p2a: Lurantis|73/100|[from] item: Leftovers
|upkeep
|turn|24
|
|t:|1743864546
|move|p1a: Skarmory|Iron Defense|p1a: Skarmory
|-boost|p1a: Skarmory|def|2
|move|p2a: Lurantis|Superpower|p1a: Skarmory
|-crit|p1a: Skarmory
|-damage|p1a: Skarmory|0 fnt
|-boost|p2a: Lurantis|atk|1
|-boost|p2a: Lurantis|def|1
|-damage|p2a: Lurantis|56/100|[from] item: Rocky Helmet|[of] p1a: Skarmory
|faint|p1a: Skarmory
|
|-heal|p2a: Lurantis|62/100|[from] item: Leftovers
|upkeep
|l|☆Stay sturdy
|inactive|Stay sturdy disconnected and has a minute to reconnect!
|player|p1|
|inactive|Stay sturdy has 30 seconds to reconnect!
|inactive|Stay sturdy has 20 seconds to reconnect!
|inactive|Stay sturdy has 15 seconds to reconnect!
|inactive|Stay sturdy has 10 seconds to reconnect!
|inactive|Stay sturdy has 5 seconds to reconnect!
|-message|Stay sturdy lost due to inactivity.
|
|win|Maurizio79
|raw|Stay sturdy's rating: 1248 &rarr; <strong>1222</strong><br />(-26 for losing)
|raw|Maurizio79's rating: 1233 &rarr; <strong>1259</strong><br />(+26 for winning)
|l|☆Maurizio79
|player|p2|
