|j|☆EM3RLD
|j|‽omari p
|t:|1743833928
|gametype|singles
|player|p1|EM3RLD|266|1618
|player|p2|omari p|pokemonrangerf|1648
|teamsize|p1|6
|teamsize|p2|6
|gen|9
|tier|[Gen 9] OU
|rated|
|rule|HP Percentage Mod: HP is shown in percentages
|rule|Endless Battle Clause: Forcing endless battles is banned
|rule|Species Clause: Limit one of each Pokémon
|rule|OHKO Clause: OHKO moves are banned
|rule|Evasion Items Clause: Evasion items are banned
|rule|Evasion Moves Clause: Evasion moves are banned
|rule|Sleep Moves Clause: Sleep-inducing moves are banned
|clearpoke
|poke|p1|Zamazenta-*|
|poke|p1|Gholdengo|
|poke|p1|Rillaboom, F|
|poke|p1|Glimmora, M|
|poke|p1|Enamorus, F|
|poke|p1|Raging Bolt|
|poke|p2|Thundurus-Therian, M|
|poke|p2|Cinderace, M|
|poke|p2|Mandibuzz, F|
|poke|p2|Latios, M|
|poke|p2|Deoxys-Speed|
|poke|p2|Iron Hands|
|teampreview
|inactive|Battle timer is ON: inactive players will automatically lose when time's up. (requested by EM3RLD)
|j| you. clouds. rain
|inactive|EM3RLD has 120 seconds left.
|inactive|omari p has 120 seconds left.
|
|t:|1743833969
|start
|switch|p1a: Glimmora|Glimmora, M|100/100
|switch|p2a: Cinderace|Cinderace, M|100/100
|turn|1
|inactive|EM3RLD has 120 seconds left.
|
|t:|1743834026
|move|p2a: Cinderace|High Jump Kick|p1a: Glimmora
|-start|p2a: Cinderace|typechange|Fighting|[from] ability: Libero
|-damage|p1a: Glimmora|20/100
|-activate|p1a: Glimmora|ability: Toxic Debris
|-sidestart|p2: omari p|move: Toxic Spikes
|move|p1a: Glimmora|Power Gem|p2a: Cinderace
|-resisted|p2a: Cinderace
|-damage|p2a: Cinderace|68/100
|
|upkeep
|turn|2
|inactive|EM3RLD has 90 seconds left.
|
|t:|1743834042
|switch|p1a: Gholdengo|Gholdengo|100/100
|-item|p1a: Gholdengo|Air Balloon
|move|p2a: Cinderace|Pyro Ball|p1a: Gholdengo
|-supereffective|p1a: Gholdengo
|-damage|p1a: Gholdengo|25/100
|-enditem|p1a: Gholdengo|Air Balloon
|
|upkeep
|turn|3
|inactive|EM3RLD has 90 seconds left.
|
|t:|1743834059
|switch|p1a: Zamazenta|Zamazenta|100/100
|-ability|p1a: Zamazenta|Dauntless Shield|boost
|-boost|p1a: Zamazenta|def|1
|move|p2a: Cinderace|Pyro Ball|p1a: Zamazenta
|-damage|p1a: Zamazenta|74/100
|
|-heal|p1a: Zamazenta|81/100|[from] item: Leftovers
|upkeep
|turn|4
|inactive|EM3RLD has 90 seconds left.
|
|t:|1743834066
|switch|p2a: Latios|Latios, M|100/100
|move|p1a: Zamazenta|Body Press|p2a: Latios
|-resisted|p2a: Latios
|-damage|p2a: Latios|66/100
|
|-heal|p1a: Zamazenta|87/100|[from] item: Leftovers
|upkeep
|turn|5
|inactive|EM3RLD has 90 seconds left.
|
|t:|1743834082
|switch|p1a: Rillaboom|Rillaboom, F|100/100
|-fieldstart|move: Grassy Terrain|[from] ability: Grassy Surge|[of] p1a: Rillaboom
|move|p2a: Latios|Luster Purge|p1a: Rillaboom
|-damage|p1a: Rillaboom|43/100
|-unboost|p1a: Rillaboom|spd|1
|
|-heal|p1a: Rillaboom|49/100|[from] Grassy Terrain
|upkeep
|turn|6
|inactive|EM3RLD has 90 seconds left.
|
|t:|1743834095
|switch|p1a: Glimmora|Glimmora, M|20/100
|move|p2a: Latios|Luster Purge|p1a: Glimmora
|-supereffective|p1a: Glimmora
|-damage|p1a: Glimmora|0 fnt
|faint|p1a: Glimmora
|
|upkeep
|
|t:|1743834099
|switch|p1a: Enamorus|Enamorus, F|100/100
|turn|7
|
|t:|1743834102
|-terastallize|p2a: Latios|Steel
|move|p2a: Latios|Luster Purge|p1a: Enamorus
|-damage|p1a: Enamorus|32/100
|move|p1a: Enamorus|Moonblast|p2a: Latios
|-resisted|p2a: Latios
|-damage|p2a: Latios|41/100
|
|upkeep
|turn|8
|l| you. clouds. rain
|
|t:|1743834111
|switch|p1a: Gholdengo|Gholdengo|25/100
|move|p2a: Latios|Luster Purge|p1a: Gholdengo
|-resisted|p1a: Gholdengo
|-damage|p1a: Gholdengo|3/100
|-unboost|p1a: Gholdengo|spd|1
|
|-heal|p1a: Gholdengo|9/100|[from] Grassy Terrain
|upkeep
|turn|9
|
|t:|1743834117
|move|p2a: Latios|Luster Purge|p1a: Gholdengo
|-resisted|p1a: Gholdengo
|-crit|p1a: Gholdengo
|-damage|p1a: Gholdengo|0 fnt
|faint|p1a: Gholdengo
|
|upkeep
|
|t:|1743834118
|switch|p1a: Raging Bolt|Raging Bolt|100/100
|-enditem|p1a: Raging Bolt|Booster Energy
|-activate|p1a: Raging Bolt|ability: Protosynthesis|[fromitem]
|-start|p1a: Raging Bolt|protosynthesisspa
|turn|10
|inactive|EM3RLD has 120 seconds left.
|
|t:|1743834125
|move|p1a: Raging Bolt|Thunderclap|p2a: Latios
|-damage|p2a: Latios|0 fnt
|faint|p2a: Latios
|
|upkeep
|
|t:|1743834128
|switch|p2a: Cinderace|Cinderace, M|68/100
|-status|p2a: Cinderace|psn
|turn|11
|
|t:|1743834137
|move|p2a: Cinderace|Court Change|p2a: Cinderace
|-start|p2a: Cinderace|typechange|Normal|[from] ability: Libero
|-swapsideconditions
|-activate|p2a: Cinderace|move: Court Change
|move|p1a: Raging Bolt|Calm Mind|p1a: Raging Bolt
|-boost|p1a: Raging Bolt|spa|1
|-boost|p1a: Raging Bolt|spd|1
|
|-heal|p2a: Cinderace|74/100 psn|[from] Grassy Terrain
|-damage|p2a: Cinderace|62/100 psn|[from] psn
|upkeep
|turn|12
|
|t:|1743834151
|move|p1a: Raging Bolt|Thunderclap|p2a: Cinderace
|-damage|p2a: Cinderace|0 fnt
|faint|p2a: Cinderace
|
|-fieldend|move: Grassy Terrain
|upkeep
|
|t:|1743834153
|switch|p2a: Iron Hands|Iron Hands|100/100
|turn|13
|
|t:|1743834159
|-terastallize|p1a: Raging Bolt|Fairy
|move|p1a: Raging Bolt|Calm Mind|p1a: Raging Bolt
|-boost|p1a: Raging Bolt|spa|1
|-boost|p1a: Raging Bolt|spd|1
|move|p2a: Iron Hands|Close Combat|p1a: Raging Bolt
|-resisted|p1a: Raging Bolt
|-damage|p1a: Raging Bolt|66/100
|-unboost|p2a: Iron Hands|def|1
|-unboost|p2a: Iron Hands|spd|1
|
|upkeep
|turn|14
|
|t:|1743834169
|-end|p2a: Iron Hands|Quark Drive|[silent]
|switch|p2a: Thundurus|Thundurus-Therian, M|100/100
|move|p1a: Raging Bolt|Dragon Pulse|p2a: Thundurus
|-damage|p2a: Thundurus|0 fnt
|faint|p2a: Thundurus
|
|upkeep
|
|t:|1743834172
|switch|p2a: Iron Hands|Iron Hands|100/100
|turn|15
|
|t:|1743834176
|move|p1a: Raging Bolt|Dragon Pulse|p2a: Iron Hands
|-damage|p2a: Iron Hands|31/100
|move|p2a: Iron Hands|Wild Charge|p1a: Raging Bolt
|-damage|p1a: Raging Bolt|15/100
|-damage|p2a: Iron Hands|20/100|[from] Recoil
|
|upkeep
|turn|16
|
|t:|1743834181
|move|p1a: Raging Bolt|Dragon Pulse|p2a: Iron Hands
|-damage|p2a: Iron Hands|0 fnt
|faint|p2a: Iron Hands
|-end|p2a: Iron Hands|Quark Drive|[silent]
|
|upkeep
|
|t:|1743834183
|switch|p2a: Deoxys|Deoxys-Speed|100/100
|-ability|p2a: Deoxys|Pressure
|turn|17
|
|t:|1743834185
|move|p1a: Raging Bolt|Thunderclap||[still]
|-fail|p1a: Raging Bolt
|move|p2a: Deoxys|Nasty Plot|p2a: Deoxys
|-boost|p2a: Deoxys|spa|2
|
|upkeep
|turn|18
|
|t:|1743834188
|move|p1a: Raging Bolt|Thunderclap||[still]
|-fail|p1a: Raging Bolt
|move|p2a: Deoxys|Stealth Rock|p1a: Raging Bolt
|-sidestart|p1: EM3RLD|move: Stealth Rock
|
|upkeep
|turn|19
|
|t:|1743834194
|move|p1a: Raging Bolt|Thunderclap|p2a: Deoxys
|-enditem|p2a: Deoxys|Focus Sash
|-damage|p2a: Deoxys|1/100
|move|p2a: Deoxys|Ice Beam|p1a: Raging Bolt
|-damage|p1a: Raging Bolt|0 fnt
|faint|p1a: Raging Bolt
|-end|p1a: Raging Bolt|Protosynthesis|[silent]
|
|upkeep
|
|t:|1743834201
|switch|p1a: Rillaboom|Rillaboom, F|49/100
|-status|p1a: Rillaboom|psn
|-damage|p1a: Rillaboom|37/100 psn|[from] Stealth Rock
|-fieldstart|move: Grassy Terrain|[from] ability: Grassy Surge|[of] p1a: Rillaboom
|turn|20
|
|t:|1743834211
|switch|p2a: Mandibuzz|Mandibuzz, F, shiny|100/100
|move|p1a: Rillaboom|Grassy Glide|p2a: Mandibuzz
|-resisted|p2a: Mandibuzz
|-damage|p2a: Mandibuzz|89/100
|-damage|p1a: Rillaboom|20/100 psn|[from] item: Rocky Helmet|[of] p2a: Mandibuzz
|
|-heal|p1a: Rillaboom|26/100 psn|[from] Grassy Terrain
|-damage|p1a: Rillaboom|14/100 psn|[from] psn
|upkeep
|turn|21
|
|t:|1743834215
|move|p1a: Rillaboom|Knock Off|p2a: Mandibuzz
|-resisted|p2a: Mandibuzz
|-damage|p2a: Mandibuzz|79/100
|-damage|p1a: Rillaboom|0 fnt|[from] item: Rocky Helmet|[of] p2a: Mandibuzz
|faint|p1a: Rillaboom
|move|p2a: Mandibuzz|Toxic|p1: Rillaboom|[notarget]
|-fail|p2a: Mandibuzz
|
|upkeep
|
|t:|1743834229
|switch|p1a: Zamazenta|Zamazenta|87/100
|-status|p1a: Zamazenta|psn
|-damage|p1a: Zamazenta|81/100 psn|[from] Stealth Rock
|turn|22
|inactive|omari p has 120 seconds left.
|
|t:|1743834273
|move|p1a: Zamazenta|Body Press|p2a: Mandibuzz
|-damage|p2a: Mandibuzz|60/100
|-damage|p1a: Zamazenta|64/100 psn|[from] item: Rocky Helmet|[of] p2a: Mandibuzz
|move|p2a: Mandibuzz|Roost|p2a: Mandibuzz
|-heal|p2a: Mandibuzz|100/100
|-singleturn|p2a: Mandibuzz|move: Roost
|
|-heal|p1a: Zamazenta|70/100 psn|[from] Grassy Terrain
|-heal|p1a: Zamazenta|77/100 psn|[from] item: Leftovers
|-damage|p1a: Zamazenta|64/100 psn|[from] psn
|upkeep
|turn|23
|
|t:|1743834280
|move|p1a: Zamazenta|Iron Defense|p1a: Zamazenta
|-boost|p1a: Zamazenta|def|2
|move|p2a: Mandibuzz|Foul Play|p1a: Zamazenta
|-resisted|p1a: Zamazenta
|-damage|p1a: Zamazenta|57/100 psn
|
|-heal|p1a: Zamazenta|64/100 psn|[from] Grassy Terrain
|-heal|p1a: Zamazenta|70/100 psn|[from] item: Leftovers
|-damage|p1a: Zamazenta|57/100 psn|[from] psn
|upkeep
|turn|24
|inactive|omari p has 120 seconds left.
|inactive|omari p has 90 seconds left.
|
|t:|1743834323
|move|p1a: Zamazenta|Iron Defense|p1a: Zamazenta
|-boost|p1a: Zamazenta|def|2
|move|p2a: Mandibuzz|Foul Play|p1a: Zamazenta
|-resisted|p1a: Zamazenta
|-damage|p1a: Zamazenta|53/100 psn
|
|-heal|p1a: Zamazenta|59/100 psn|[from] Grassy Terrain
|-heal|p1a: Zamazenta|65/100 psn|[from] item: Leftovers
|-damage|p1a: Zamazenta|53/100 psn|[from] psn
|upkeep
|turn|25
|
|t:|1743834335
|move|p1a: Zamazenta|Body Press|p2a: Mandibuzz
|-damage|p2a: Mandibuzz|43/100
|-damage|p1a: Zamazenta|36/100 psn|[from] item: Rocky Helmet|[of] p2a: Mandibuzz
|move|p2a: Mandibuzz|Roost|p2a: Mandibuzz
|-heal|p2a: Mandibuzz|93/100
|-singleturn|p2a: Mandibuzz|move: Roost
|
|-heal|p1a: Zamazenta|42/100 psn|[from] Grassy Terrain
|-heal|p1a: Zamazenta|48/100 psn|[from] item: Leftovers
|-heal|p2a: Mandibuzz|99/100|[from] Grassy Terrain
|-damage|p1a: Zamazenta|36/100 psn|[from] psn
|upkeep
|turn|26
|
|t:|1743834342
|move|p1a: Zamazenta|Iron Defense|p1a: Zamazenta
|-boost|p1a: Zamazenta|def|2
|move|p2a: Mandibuzz|Foul Play|p1a: Zamazenta
|-resisted|p1a: Zamazenta
|-damage|p1a: Zamazenta|32/100 psn
|
|-heal|p1a: Zamazenta|39/100 psn|[from] Grassy Terrain
|-heal|p1a: Zamazenta|45/100 psn|[from] item: Leftovers
|-damage|p1a: Zamazenta|32/100 psn|[from] psn
|upkeep
|turn|27
|
|t:|1743834351
|move|p1a: Zamazenta|Body Press|p2a: Mandibuzz
|-damage|p2a: Mandibuzz|17/100
|-damage|p1a: Zamazenta|16/100 psn|[from] item: Rocky Helmet|[of] p2a: Mandibuzz
|move|p2a: Mandibuzz|Toxic||[still]
|-fail|p2a: Mandibuzz
|
|-heal|p1a: Zamazenta|22/100 psn|[from] Grassy Terrain
|-heal|p1a: Zamazenta|28/100 psn|[from] item: Leftovers
|-damage|p1a: Zamazenta|16/100 psn|[from] psn
|-fieldend|move: Grassy Terrain
|upkeep
|turn|28
|inactive|omari p has 120 seconds left.
|
|t:|1743834361
|move|p1a: Zamazenta|Body Press|p2a: Mandibuzz
|-damage|p2a: Mandibuzz|0 fnt
|-damage|p1a: Zamazenta|0 fnt|[from] item: Rocky Helmet|[of] p2a: Mandibuzz
|faint|p2a: Mandibuzz
|faint|p1a: Zamazenta
|
|upkeep
|c|☆EM3RLD|Gg
|
|t:|1743834370
|switch|p1a: Enamorus|Enamorus, F|32/100
|switch|p2a: Deoxys|Deoxys-Speed|1/100
|-damage|p1a: Enamorus|7/100|[from] Stealth Rock
|-ability|p2a: Deoxys|Pressure
|turn|29
|
|t:|1743834380
|move|p1a: Enamorus|Moonblast|p2a: Deoxys
|-damage|p2a: Deoxys|0 fnt
|faint|p2a: Deoxys
|
|win|EM3RLD
|raw|EM3RLD's rating: 1618 &rarr; <strong>1640</strong><br />(+22 for winning)
|raw|omari p's rating: 1648 &rarr; <strong>1626</strong><br />(-22 for losing)
|l|☆EM3RLD
|player|p1|
