|j|☆jp8 the marth main
|j|☆AdphaeXD
|t:|1743825889
|gametype|singles
|player|p1|jp8 the marth main|101|1390
|player|p2|AdphaeXD|dawn|1349
|teamsize|p1|6
|teamsize|p2|6
|gen|9
|tier|[Gen 9] OU
|rated|
|rule|HP Percentage Mod: HP is shown in percentages
|rule|Endless Battle Clause: Forcing endless battles is banned
|rule|Species Clause: Limit one of each Pokémon
|rule|OHKO Clause: OHKO moves are banned
|rule|Evasion Items Clause: Evasion items are banned
|rule|Evasion Moves Clause: Evasion moves are banned
|rule|Sleep Moves Clause: Sleep-inducing moves are banned
|clearpoke
|poke|p1|Fezandipiti, M|
|poke|p1|Great Tusk|
|poke|p1|Hydrapple, M|
|poke|p1|Raging Bolt|
|poke|p1|Salazzle, F|
|poke|p1|Weavile, M|
|poke|p2|Kyurem|
|poke|p2|Ting-Lu|
|poke|p2|Corviknight, F|
|poke|p2|Weezing-Galar, M|
|poke|p2|Zamazenta-*|
|poke|p2|Toxapex, M|
|teampreview
|inactive|Battle timer is ON: inactive players will automatically lose when time's up. (requested by AdphaeXD)
|inactive|AdphaeXD has 120 seconds left.
|
|t:|1743825934
|start
|switch|p1a: Fezandipiti|Fezandipiti, M|100/100
|switch|p2a: x_x|Toxapex, M|100/100
|turn|1
|inactive|jp8 the marth main has 120 seconds left.
|
|t:|1743825976
|move|p1a: Fezandipiti|U-turn|p2a: x_x
|-resisted|p2a: x_x
|-damage|p2a: x_x|90/100
|
|t:|1743825983
|switch|p1a: Salazzle|Salazzle, F|100/100|[from] U-turn
|move|p2a: x_x|Acid Spray|p1a: Salazzle
|-resisted|p1a: Salazzle
|-damage|p1a: Salazzle|89/100
|-unboost|p1a: Salazzle|spd|2
|
|upkeep
|turn|2
|
|t:|1743825997
|move|p1a: Salazzle|Toxic|p2a: x_x
|-status|p2a: x_x|tox
|move|p2a: x_x|Surf|p1a: Salazzle
|-supereffective|p1a: Salazzle
|-damage|p1a: Salazzle|0 fnt
|faint|p1a: Salazzle
|
|-damage|p2a: x_x|84/100 tox|[from] psn
|upkeep
|inactive|jp8 the marth main has 120 seconds left.
|
|t:|1743826006
|switch|p1a: Raging Bolt|Raging Bolt|100/100
|-enditem|p1a: Raging Bolt|Booster Energy
|-activate|p1a: Raging Bolt|ability: Protosynthesis|[fromitem]
|-start|p1a: Raging Bolt|protosynthesisspa
|turn|3
|
|t:|1743826024
|switch|p2a: Puppy Boy :3|Zamazenta, shiny|100/100
|-ability|p2a: Puppy Boy :3|Dauntless Shield|boost
|-boost|p2a: Puppy Boy :3|def|1
|move|p1a: Raging Bolt|Calm Mind|p1a: Raging Bolt
|-boost|p1a: Raging Bolt|spa|1
|-boost|p1a: Raging Bolt|spd|1
|
|upkeep
|turn|4
|
|t:|1743826030
|move|p2a: Puppy Boy :3|Close Combat|p1a: Raging Bolt
|-damage|p1a: Raging Bolt|25/100
|-unboost|p2a: Puppy Boy :3|def|1
|-unboost|p2a: Puppy Boy :3|spd|1
|move|p1a: Raging Bolt|Thunderbolt|p2a: Puppy Boy :3
|-damage|p2a: Puppy Boy :3|0 fnt
|faint|p2a: Puppy Boy :3
|
|upkeep
|
|t:|1743826039
|switch|p2a: Kyurem brrrr|Kyurem, shiny|100/100
|-ability|p2a: Kyurem brrrr|Pressure
|turn|5
|
|t:|1743826049
|-terastallize|p1a: Raging Bolt|Fairy
|move|p2a: Kyurem brrrr|Substitute|p2a: Kyurem brrrr
|-start|p2a: Kyurem brrrr|Substitute
|-damage|p2a: Kyurem brrrr|76/100
|move|p1a: Raging Bolt|Draco Meteor|p2a: Kyurem brrrr
|-supereffective|p2a: Kyurem brrrr
|-end|p2a: Kyurem brrrr|Substitute
|-unboost|p1a: Raging Bolt|spa|2
|
|-heal|p2a: Kyurem brrrr|82/100|[from] item: Leftovers
|upkeep
|turn|6
|
|t:|1743826058
|move|p2a: Kyurem brrrr|Freeze-Dry|p1a: Raging Bolt
|-damage|p1a: Raging Bolt|6/100
|move|p1a: Raging Bolt|Draco Meteor|p2a: Kyurem brrrr
|-supereffective|p2a: Kyurem brrrr
|-damage|p2a: Kyurem brrrr|0 fnt
|-unboost|p1a: Raging Bolt|spa|2
|faint|p2a: Kyurem brrrr
|
|upkeep
|-message|AdphaeXD forfeited.
|
|win|jp8 the marth main
|raw|jp8 the marth main's rating: 1390 &rarr; <strong>1408</strong><br />(+18 for winning)
|raw|AdphaeXD's rating: 1349 &rarr; <strong>1331</strong><br />(-18 for losing)
|l|☆AdphaeXD
|player|p2|
|l|☆jp8 the marth main
|player|p1|
