|j|☆Mr.diversity
|j|☆DA Scizor Enjoyer
|t:|1743780603
|gametype|singles
|player|p1|Mr.diversity|102|1769
|player|p2|DA Scizor Enjoyer|cheren-masters|1779
|teamsize|p1|6
|teamsize|p2|6
|gen|9
|tier|[Gen 9] OU
|rated|
|rule|HP Percentage Mod: HP is shown in percentages
|rule|Endless Battle Clause: Forcing endless battles is banned
|rule|Species Clause: Limit one of each Pokémon
|rule|OHKO Clause: OHKO moves are banned
|rule|Evasion Items Clause: Evasion items are banned
|rule|Evasion Moves Clause: Evasion moves are banned
|rule|Sleep Moves Clause: Sleep-inducing moves are banned
|clearpoke
|poke|p1|Landorus-Therian, M|
|poke|p1|Cinderace, M|
|poke|p1|Great Tusk|
|poke|p1|Heatran, F|
|poke|p1|Clodsire, M|
|poke|p1|Armarouge, M|
|poke|p2|Scizor, F|
|poke|p2|Hoopa-Unbound|
|poke|p2|Primarina, F|
|poke|p2|Zapdos|
|poke|p2|Great Tusk|
|poke|p2|Dragapult, F|
|teampreview
|inactive|Battle timer is ON: inactive players will automatically lose when time's up. (requested by DA Scizor Enjoyer)
|
|t:|1743780621
|start
|switch|p1a: Landorus|Landorus-Therian, M|100/100
|switch|p2a: Ms.slick|Dragapult, F|100/100
|-ability|p1a: Landorus|Intimidate|boost
|-fail|p2a: Ms.slick|unboost|[from] ability: Clear Body|[of] p2a: Ms.slick
|turn|1
|
|t:|1743780638
|move|p2a: Ms.slick|U-turn|p1a: Landorus
|-resisted|p1a: Landorus
|-damage|p1a: Landorus|82/100
|
|t:|1743780654
|switch|p2a: zippy|Zapdos|100/100|[from] U-turn
|move|p1a: Landorus|Earthquake|p2a: zippy
|-immune|p2a: zippy
|
|upkeep
|turn|2
|
|t:|1743780660
|switch|p1a: Clodsire|Clodsire, M|100/100
|move|p2a: zippy|Hurricane|p1a: Clodsire
|-damage|p1a: Clodsire|74/100
|
|-heal|p1a: Clodsire|81/100|[from] item: Leftovers
|upkeep
|turn|3
|
|t:|1743780664
|switch|p2a: Weaponized stapler|Scizor, F|100/100
|move|p1a: Clodsire|Toxic|p2a: Weaponized stapler
|-immune|p2a: Weaponized stapler
|
|-heal|p1a: Clodsire|87/100|[from] item: Leftovers
|upkeep
|turn|4
|
|t:|1743780669
|switch|p1a: Armarouge|Armarouge, M|100/100
|move|p2a: Weaponized stapler|U-turn|p1a: Armarouge
|-damage|p1a: Armarouge|30/100
|-ability|p1a: Armarouge|Weak Armor|boost
|-unboost|p1a: Armarouge|def|1
|-boost|p1a: Armarouge|spe|2
|
|t:|1743780681
|switch|p2a: Ms.slick|Dragapult, F|100/100|[from] U-turn
|
|upkeep
|turn|5
|
|t:|1743780688
|move|p1a: Armarouge|Endure|p1a: Armarouge
|-singleturn|p1a: Armarouge|move: Endure
|move|p2a: Ms.slick|Sucker Punch||[still]
|-fail|p2a: Ms.slick
|
|upkeep
|turn|6
|
|t:|1743780691
|switch|p2a: Seal|Primarina, F|100/100
|move|p1a: Armarouge|Psychic Terrain|p1a: Armarouge
|-fieldstart|move: Psychic Terrain
|
|upkeep
|turn|7
|
|t:|1743780702
|move|p1a: Armarouge|Armor Cannon|p2a: Seal
|-resisted|p2a: Seal
|-damage|p2a: Seal|83/100
|-unboost|p1a: Armarouge|def|1
|-unboost|p1a: Armarouge|spd|1
|move|p2a: Seal|Moonblast|p1a: Armarouge
|-resisted|p1a: Armarouge
|-damage|p1a: Armarouge|0 fnt
|faint|p1a: Armarouge
|
|upkeep
|
|t:|1743780708
|switch|p1a: Landorus|Landorus-Therian, M|82/100
|-ability|p1a: Landorus|Intimidate|boost
|-unboost|p2a: Seal|atk|1
|turn|8
|c|☆DA Scizor Enjoyer|...weird set my friend
|c|☆Mr.diversity|For gambit
|c|☆Mr.diversity|actually works really well
|
|t:|1743780740
|switch|p2a: rockman|Great Tusk|100/100
|move|p1a: Landorus|Earthquake|p2a: rockman
|-damage|p2a: rockman|30/100
|
|upkeep
|turn|9
|c|☆DA Scizor Enjoyer|its a....smthin ig
|c|☆DA Scizor Enjoyer|that is most definately
|c|☆DA Scizor Enjoyer|band eq
|
|t:|1743780756
|switch|p1a: Cinderace|Cinderace, M|100/100
|move|p2a: rockman|Rapid Spin|p1a: Cinderace
|-damage|p1a: Cinderace|73/100
|-boost|p2a: rockman|spe|1
|
|upkeep
|turn|10
|c|☆Mr.diversity|No…
|inactive|DA Scizor Enjoyer has 120 seconds left.
|c|☆DA Scizor Enjoyer|thats the only calc capeable of doign that much do me
|inactive|DA Scizor Enjoyer has 90 seconds left.
|c|☆Mr.diversity|Idk what to tell you
|
|t:|1743780817
|switch|p1a: Great Tusk|Great Tusk|100/100
|-enditem|p1a: Great Tusk|Booster Energy
|-activate|p1a: Great Tusk|ability: Protosynthesis|[fromitem]
|-start|p1a: Great Tusk|protosynthesisatk
|move|p2a: rockman|Close Combat|p1a: Great Tusk
|-crit|p1a: Great Tusk
|-damage|p1a: Great Tusk|25/100
|-unboost|p2a: rockman|def|1
|-unboost|p2a: rockman|spd|1
|
|-fieldend|move: Psychic Terrain
|upkeep
|turn|11
|
|t:|1743780824
|move|p2a: rockman|Close Combat|p1a: Great Tusk
|-damage|p1a: Great Tusk|0 fnt
|-unboost|p2a: rockman|def|1
|-unboost|p2a: rockman|spd|1
|faint|p1a: Great Tusk
|-end|p1a: Great Tusk|Protosynthesis|[silent]
|
|upkeep
|
|t:|1743780829
|switch|p1a: Cinderace|Cinderace, M|73/100
|turn|12
|
|t:|1743780837
|move|p1a: Cinderace|Sucker Punch|p2a: rockman
|-start|p1a: Cinderace|typechange|Dark|[from] ability: Libero
|-resisted|p2a: rockman
|-damage|p2a: rockman|0 fnt
|faint|p2a: rockman
|-end|p2a: rockman|Protosynthesis|[silent]
|
|upkeep
|j| Bobs sandwichshop
|
|t:|1743780851
|switch|p2a: Weaponized stapler|Scizor, F|100/100
|turn|13
|
|t:|1743780868
|switch|p1a: Heatran|Heatran, F|100/100
|-terastallize|p2a: Weaponized stapler|Steel
|move|p2a: Weaponized stapler|Bullet Punch|p1a: Heatran
|-resisted|p1a: Heatran
|-damage|p1a: Heatran|86/100
|
|upkeep
|turn|14
|
|t:|1743780873
|switch|p2a: Seal|Primarina, F|83/100
|move|p1a: Heatran|Magma Storm|p2a: Seal
|-resisted|p2a: Seal
|-damage|p2a: Seal|59/100
|-activate|p2a: Seal|move: Magma Storm|[of] p1a: Heatran
|
|-damage|p2a: Seal|47/100|[from] move: Magma Storm|[partiallytrapped]
|upkeep
|turn|15
|
|t:|1743780878
|switch|p1a: Clodsire|Clodsire, M|87/100
|move|p2a: Seal|Psychic Noise|p1a: Clodsire
|-supereffective|p1a: Clodsire
|-damage|p1a: Clodsire|56/100
|-start|p1a: Clodsire|move: Heal Block
|
|-end|p2a: Seal|Magma Storm|[partiallytrapped]|[silent]
|upkeep
|turn|16
|inactive|DA Scizor Enjoyer has 120 seconds left.
|
|t:|1743780887
|switch|p2a: ima throw hands|Hoopa-Unbound|100/100
|move|p1a: Clodsire|Stealth Rock|p2a: ima throw hands
|-sidestart|p2: DA Scizor Enjoyer|move: Stealth Rock
|
|-end|p1a: Clodsire|move: Heal Block
|upkeep
|turn|17
|
|t:|1743780896
|move|p2a: ima throw hands|Psychic Noise|p1a: Clodsire
|-supereffective|p1a: Clodsire
|-damage|p1a: Clodsire|1/100
|-start|p1a: Clodsire|move: Heal Block
|move|p1a: Clodsire|Stealth Rock||[still]
|-fail|p1a: Clodsire
|
|upkeep
|turn|18
|
|t:|1743780902
|move|p2a: ima throw hands|Psychic Noise|p1a: Clodsire
|-supereffective|p1a: Clodsire
|-damage|p1a: Clodsire|0 fnt
|faint|p1a: Clodsire
|
|upkeep
|
|t:|1743780908
|switch|p1a: Landorus|Landorus-Therian, M|82/100
|-ability|p1a: Landorus|Intimidate|boost
|-unboost|p2a: ima throw hands|atk|1
|turn|19
|
|t:|1743780912
|move|p1a: Landorus|Stone Edge|p2a: ima throw hands
|-damage|p2a: ima throw hands|0 fnt
|faint|p2a: ima throw hands
|
|upkeep
|
|t:|1743780924
|switch|p2a: Ms.slick|Dragapult, F|100/100
|-damage|p2a: Ms.slick|88/100|[from] Stealth Rock
|turn|20
|
|t:|1743780926
|switch|p1a: Heatran|Heatran, F|86/100
|move|p2a: Ms.slick|U-turn|p1a: Heatran
|-resisted|p1a: Heatran
|-damage|p1a: Heatran|78/100
|-status|p2a: Ms.slick|brn|[from] ability: Flame Body|[of] p1a: Heatran
|
|t:|1743780933
|switch|p2a: Seal|Primarina, F|47/100|[from] U-turn
|-damage|p2a: Seal|35/100|[from] Stealth Rock
|
|upkeep
|turn|21
|c|☆DA Scizor Enjoyer|had a hunch it was taht
|
|t:|1743780942
|move|p1a: Heatran|Flash Cannon|p2a: Seal
|-damage|p2a: Seal|0 fnt
|faint|p2a: Seal
|
|upkeep
|
|t:|1743780948
|switch|p2a: Weaponized stapler|Scizor, F, tera:Steel|100/100
|-damage|p2a: Weaponized stapler|94/100|[from] Stealth Rock
|turn|22
|
|t:|1743780953
|switch|p1a: Landorus|Landorus-Therian, M|82/100
|-ability|p1a: Landorus|Intimidate|boost
|-unboost|p2a: Weaponized stapler|atk|1
|move|p2a: Weaponized stapler|Close Combat|p1a: Landorus
|-resisted|p1a: Landorus
|-damage|p1a: Landorus|59/100
|-unboost|p2a: Weaponized stapler|def|1
|-unboost|p2a: Weaponized stapler|spd|1
|
|upkeep
|turn|23
|c|☆DA Scizor Enjoyer|welp sh im throwing
|
|t:|1743780958
|switch|p2a: Ms.slick|Dragapult, F|88/100 brn
|-damage|p2a: Ms.slick|76/100 brn|[from] Stealth Rock
|move|p1a: Landorus|Stone Edge|p2a: Ms.slick
|-damage|p2a: Ms.slick|0 fnt
|faint|p2a: Ms.slick
|
|upkeep
|
|t:|1743780963
|switch|p2a: Weaponized stapler|Scizor, F, tera:Steel|94/100
|-damage|p2a: Weaponized stapler|88/100|[from] Stealth Rock
|turn|24
|
|t:|1743780967
|switch|p1a: Heatran|Heatran, F|78/100
|move|p2a: Weaponized stapler|Close Combat|p1a: Heatran
|-supereffective|p1a: Heatran
|-damage|p1a: Heatran|0 fnt
|-unboost|p2a: Weaponized stapler|def|1
|-unboost|p2a: Weaponized stapler|spd|1
|faint|p1a: Heatran
|
|upkeep
|
|t:|1743780969
|switch|p1a: Landorus|Landorus-Therian, M|59/100
|-ability|p1a: Landorus|Intimidate|boost
|-unboost|p2a: Weaponized stapler|atk|1
|turn|25
|
|t:|1743780977
|switch|p2a: zippy|Zapdos|100/100
|move|p1a: Landorus|Stone Edge|p2a: zippy
|-supereffective|p2a: zippy
|-damage|p2a: zippy|4/100
|
|upkeep
|turn|26
|
|t:|1743780980
|switch|p2a: Weaponized stapler|Scizor, F, tera:Steel|88/100
|-damage|p2a: Weaponized stapler|82/100|[from] Stealth Rock
|move|p1a: Landorus|Stone Edge|p2a: Weaponized stapler
|-resisted|p2a: Weaponized stapler
|-damage|p2a: Weaponized stapler|46/100
|
|upkeep
|turn|27
|
|t:|1743780985
|move|p2a: Weaponized stapler|Bullet Punch|p1a: Landorus
|-damage|p1a: Landorus|0 fnt
|faint|p1a: Landorus
|
|upkeep
|
|t:|1743780987
|switch|p1a: Cinderace|Cinderace, M|73/100
|turn|28
|
|t:|1743780990
|move|p2a: Weaponized stapler|Bullet Punch|p1a: Cinderace
|-resisted|p1a: Cinderace
|-damage|p1a: Cinderace|22/100
|move|p1a: Cinderace|Pyro Ball|p2a: Weaponized stapler|[miss]
|-miss|p1a: Cinderace|p2a: Weaponized stapler
|
|upkeep
|turn|29
|c|☆DA Scizor Enjoyer|welp
|c|☆DA Scizor Enjoyer|rip
|c|☆Mr.diversity|Shit
|
|t:|1743781016
|move|p2a: Weaponized stapler|Bullet Punch|p1a: Cinderace
|-resisted|p1a: Cinderace
|-damage|p1a: Cinderace|0 fnt
|faint|p1a: Cinderace
|
|win|DA Scizor Enjoyer
|raw|Mr.diversity's rating: 1769 &rarr; <strong>1750</strong><br />(-19 for losing)
|raw|DA Scizor Enjoyer's rating: 1779 &rarr; <strong>1798</strong><br />(+19 for winning)
|l|☆Mr.diversity
|player|p1|
|c|☆DA Scizor Enjoyer|my luck
|c|☆DA Scizor Enjoyer|its smthin
|l|☆DA Scizor Enjoyer
|player|p2|
