|badge|p2|bronze|gen9ou|100-5
|uhtml|medal-msg|<div class="broadcast-blue">Curious what those medals under the avatar are? PS now has Ladder Seasons! For more information, check out the <a href="https://www.smogon.com/forums/threads/3740067/">thread on Smogon.</a></div>
|j|☆apoiguespm
|j|☆Rj yoip
|t:|1743865124
|gametype|singles
|player|p1|apoiguespm|169|1772
|player|p2|Rj yoip|caitlin-masters|1913
|teamsize|p1|6
|teamsize|p2|6
|gen|9
|tier|[Gen 9] OU
|rated|
|rule|HP Percentage Mod: HP is shown in percentages
|rule|Endless Battle Clause: Forcing endless battles is banned
|rule|Species Clause: Limit one of each Pokémon
|rule|OHKO Clause: OHKO moves are banned
|rule|Evasion Items Clause: Evasion items are banned
|rule|Evasion Moves Clause: Evasion moves are banned
|rule|Sleep Moves Clause: Sleep-inducing moves are banned
|clearpoke
|poke|p1|Great Tusk|
|poke|p1|Kingambit, M|
|poke|p1|Iron Valiant|
|poke|p1|Gholdengo|
|poke|p1|Samurott-Hisui, M|
|poke|p1|Zapdos|
|poke|p2|Iron Treads|
|poke|p2|Landorus-Therian, M|
|poke|p2|Iron Valiant|
|poke|p2|Kingambit, M|
|poke|p2|Zamazenta-*|
|poke|p2|Primarina, F|
|teampreview
|inactive|Battle timer is ON: inactive players will automatically lose when time's up. (requested by apoiguespm)
|j| sasukeuchiwho
|inactive|apoiguespm has 120 seconds left.
|
|t:|1743865157
|start
|switch|p1a: Zapdos|Zapdos|100/100
|switch|p2a: Iron Valiant|Iron Valiant|100/100
|turn|1
|
|t:|1743865174
|-end|p2a: Iron Valiant|Quark Drive|[silent]
|switch|p2a: Landorus|Landorus-Therian, M|100/100
|-ability|p2a: Landorus|Intimidate|boost
|-unboost|p1a: Zapdos|atk|1
|switch|p1a: Samurott|Samurott-Hisui, M, shiny|100/100
|
|upkeep
|turn|2
|
|t:|1743865177
|move|p1a: Samurott|Ceaseless Edge|p2a: Landorus
|-damage|p2a: Landorus|73/100
|-damage|p1a: Samurott|84/100|[from] item: Rocky Helmet|[of] p2a: Landorus
|-sidestart|p2: Rj yoip|Spikes
|move|p2a: Landorus|Stealth Rock|p1a: Samurott
|-sidestart|p1: apoiguespm|move: Stealth Rock
|
|upkeep
|turn|3
|
|t:|1743865180
|move|p1a: Samurott|Ice Beam|p2a: Landorus
|-supereffective|p2a: Landorus
|-damage|p2a: Landorus|0 fnt
|faint|p2a: Landorus
|
|upkeep
|
|t:|1743865182
|switch|p2a: Iron Valiant|Iron Valiant|100/100
|-damage|p2a: Iron Valiant|88/100|[from] Spikes
|turn|4
|
|t:|1743865183
|switch|p1a: Gholdengo|Gholdengo, shiny|100/100
|-damage|p1a: Gholdengo|94/100|[from] Stealth Rock
|move|p2a: Iron Valiant|Moonblast|p1a: Gholdengo
|-resisted|p1a: Gholdengo
|-damage|p1a: Gholdengo|69/100
|
|upkeep
|turn|5
|
|t:|1743865194
|-end|p2a: Iron Valiant|Quark Drive|[silent]
|switch|p2a: Iron Treads|Iron Treads|100/100
|-damage|p2a: Iron Treads|88/100|[from] Spikes
|-enditem|p2a: Iron Treads|Booster Energy
|-activate|p2a: Iron Treads|ability: Quark Drive|[fromitem]
|-start|p2a: Iron Treads|quarkdrivespe
|move|p1a: Gholdengo|Shadow Ball|p2a: Iron Treads
|-damage|p2a: Iron Treads|0 fnt
|faint|p2a: Iron Treads
|-end|p2a: Iron Treads|Quark Drive|[silent]
|
|upkeep
|
|t:|1743865200
|switch|p2a: Kingambit|Kingambit, M|100/100
|-damage|p2a: Kingambit|88/100|[from] Spikes
|-activate|p2a: Kingambit|ability: Supreme Overlord
|-start|p2a: Kingambit|fallen2|[silent]
|turn|6
|
|t:|1743865202
|switch|p1a: Zapdos|Zapdos|100/100
|-end|p2a: Kingambit|fallen2|[silent]
|switch|p2a: Iron Valiant|Iron Valiant|88/100
|-damage|p2a: Iron Valiant|76/100|[from] Spikes
|
|upkeep
|turn|7
|
|t:|1743865204
|move|p2a: Iron Valiant|Knock Off|p1a: Zapdos
|-damage|p1a: Zapdos|79/100
|-status|p2a: Iron Valiant|par|[from] ability: Static|[of] p1a: Zapdos
|-enditem|p1a: Zapdos|Heavy-Duty Boots|[from] move: Knock Off|[of] p2a: Iron Valiant
|move|p1a: Zapdos|Volt Switch|p2a: Iron Valiant
|-damage|p2a: Iron Valiant|19/100 par
|
|t:|1743865208
|switch|p1a: Great Tusk|Great Tusk, shiny|100/100|[from] Volt Switch
|
|upkeep
|turn|8
|
|t:|1743865210
|move|p1a: Great Tusk|Rapid Spin|p2a: Iron Valiant
|-damage|p2a: Iron Valiant|0 fnt
|-boost|p1a: Great Tusk|spe|1
|-sideend|p1: apoiguespm|Stealth Rock|[from] move: Rapid Spin|[of] p1a: Great Tusk
|faint|p2a: Iron Valiant
|-end|p2a: Iron Valiant|Quark Drive|[silent]
|
|upkeep
|
|t:|1743865214
|switch|p2a: Zamazenta|Zamazenta|100/100
|-damage|p2a: Zamazenta|88/100|[from] Spikes
|-ability|p2a: Zamazenta|Dauntless Shield|boost
|-boost|p2a: Zamazenta|def|1
|turn|9
|
|t:|1743865217
|-end|p1a: Great Tusk|Protosynthesis|[silent]
|switch|p1a: Zapdos|Zapdos|79/100
|move|p2a: Zamazenta|Iron Defense|p2a: Zamazenta
|-boost|p2a: Zamazenta|def|2
|
|-heal|p2a: Zamazenta|94/100|[from] item: Leftovers
|upkeep
|turn|10
|
|t:|1743865219
|move|p2a: Zamazenta|Iron Defense|p2a: Zamazenta
|-boost|p2a: Zamazenta|def|2
|move|p1a: Zapdos|Hurricane|p2a: Zamazenta
|-supereffective|p2a: Zamazenta
|-damage|p2a: Zamazenta|19/100
|
|-heal|p2a: Zamazenta|25/100|[from] item: Leftovers
|upkeep
|turn|11
|
|t:|1743865221
|move|p2a: Zamazenta|Body Press|p1a: Zapdos
|-resisted|p1a: Zapdos
|-damage|p1a: Zapdos|38/100
|move|p1a: Zapdos|Thunder Wave|p2a: Zamazenta
|-status|p2a: Zamazenta|par
|
|-heal|p2a: Zamazenta|31/100 par|[from] item: Leftovers
|upkeep
|turn|12
|
|t:|1743865224
|move|p1a: Zapdos|Roost|p1a: Zapdos
|-heal|p1a: Zapdos|88/100
|-singleturn|p1a: Zapdos|move: Roost
|move|p2a: Zamazenta|Body Press|p1a: Zapdos
|-damage|p1a: Zapdos|11/100
|
|-heal|p2a: Zamazenta|37/100 par|[from] item: Leftovers
|upkeep
|turn|13
|
|t:|1743865231
|move|p1a: Zapdos|Volt Switch|p2a: Zamazenta
|-damage|p2a: Zamazenta|14/100 par
|
|t:|1743865233
|switch|p1a: Gholdengo|Gholdengo, shiny|69/100|[from] Volt Switch
|move|p2a: Zamazenta|Body Press|p1a: Gholdengo
|-immune|p1a: Gholdengo
|
|-heal|p2a: Zamazenta|21/100 par|[from] item: Leftovers
|upkeep
|turn|14
|
|t:|1743865236
|move|p1a: Gholdengo|Shadow Ball|p2a: Zamazenta
|-damage|p2a: Zamazenta|0 fnt
|faint|p2a: Zamazenta
|
|upkeep
|
|t:|1743865238
|switch|p2a: Kingambit|Kingambit, M|88/100
|-damage|p2a: Kingambit|76/100|[from] Spikes
|-activate|p2a: Kingambit|ability: Supreme Overlord
|-start|p2a: Kingambit|fallen4|[silent]
|turn|15
|
|t:|1743865241
|switch|p1a: Zapdos|Zapdos|11/100
|move|p2a: Kingambit|Swords Dance|p2a: Kingambit
|-boost|p2a: Kingambit|atk|2
|
|-heal|p2a: Kingambit|82/100|[from] item: Leftovers
|upkeep
|turn|16
|
|t:|1743865243
|move|p1a: Zapdos|Thunder Wave|p2a: Kingambit
|-status|p2a: Kingambit|par
|move|p2a: Kingambit|Kowtow Cleave|p1a: Zapdos
|-damage|p1a: Zapdos|0 fnt
|faint|p1a: Zapdos
|
|-heal|p2a: Kingambit|88/100 par|[from] item: Leftovers
|upkeep
|
|t:|1743865249
|switch|p1a: Samurott|Samurott-Hisui, M, shiny|84/100
|turn|17
|
|t:|1743865252
|-terastallize|p2a: Kingambit|Fairy
|move|p1a: Samurott|Hydro Pump|p2a: Kingambit
|-damage|p2a: Kingambit|38/100 par
|move|p2a: Kingambit|Tera Blast|p1a: Samurott|[anim] Tera Blast Fairy
|-supereffective|p1a: Samurott
|-damage|p1a: Samurott|0 fnt
|faint|p1a: Samurott
|
|-heal|p2a: Kingambit|44/100 par|[from] item: Leftovers
|upkeep
|
|t:|1743865263
|switch|p1a: Kingambit|Kingambit, M, shiny|100/100
|-activate|p1a: Kingambit|ability: Supreme Overlord
|-start|p1a: Kingambit|fallen2|[silent]
|turn|18
|
|t:|1743865265
|move|p1a: Kingambit|Iron Head|p2a: Kingambit
|-supereffective|p2a: Kingambit
|-damage|p2a: Kingambit|0 fnt
|faint|p2a: Kingambit
|-end|p2a: Kingambit|fallen4|[silent]
|
|upkeep
|-message|Rj yoip forfeited.
|
|win|apoiguespm
|raw|apoiguespm's rating: 1772 &rarr; <strong>1800</strong><br />(+28 for winning)
|raw|Rj yoip's rating: 1913 &rarr; <strong>1885</strong><br />(-28 for losing)
|l|☆Rj yoip
|player|p2|
|l|☆apoiguespm
|player|p1|
