|j|☆Faerstalker
|j|☆Ace98121212
|t:|1743863542
|gametype|singles
|player|p1|Faerstalker|2|1259
|player|p2|Ace98121212|1|1221
|teamsize|p1|6
|teamsize|p2|6
|gen|9
|tier|[Gen 9] OU
|rated|
|rule|HP Percentage Mod: HP is shown in percentages
|rule|Endless Battle Clause: Forcing endless battles is banned
|rule|Species Clause: Limit one of each Pokémon
|rule|OHKO Clause: OHKO moves are banned
|rule|Evasion Items Clause: Evasion items are banned
|rule|Evasion Moves Clause: Evasion moves are banned
|rule|Sleep Moves Clause: Sleep-inducing moves are banned
|clearpoke
|poke|p1|Garganacl, M|
|poke|p1|Primarina, M|
|poke|p1|Trevenant, M|
|poke|p1|Torkoal, F|
|poke|p1|Iron Hands|
|poke|p1|Moltres-Galar|
|poke|p2|Kyurem|
|poke|p2|Ting-Lu|
|poke|p2|Corviknight, M|
|poke|p2|Weezing-Galar, M|
|poke|p2|Zamazenta-*|
|poke|p2|Toxapex, M|
|teampreview
|inactive|Battle timer is ON: inactive players will automatically lose when time's up. (requested by Faerstalker)
|
|t:|1743863563
|start
|switch|p1a: Primarina|Primarina, M|100/100
|switch|p2a: Kyotaro|Kyurem, shiny|100/100
|-ability|p2a: Kyotaro|Pressure
|turn|1
|
|t:|1743863569
|-terastallize|p2a: Kyotaro|Ground
|move|p2a: Kyotaro|Freeze-Dry|p1a: Primarina
|-supereffective|p1a: Primarina
|-damage|p1a: Primarina|46/100
|move|p1a: Primarina|Calm Mind|p1a: Primarina
|-boost|p1a: Primarina|spa|1
|-boost|p1a: Primarina|spd|1
|
|upkeep
|turn|2
|
|t:|1743863579
|switch|p2a: Yami|Corviknight, M, shiny|100/100
|-ability|p2a: Yami|Pressure
|move|p1a: Primarina|Hyper Voice|p2a: Yami
|-damage|p2a: Yami|14/100
|
|upkeep
|turn|3
|
|t:|1743863587
|move|p1a: Primarina|Draining Kiss|p2a: Yami
|-resisted|p2a: Yami
|-damage|p2a: Yami|0 fnt
|-heal|p1a: Primarina|57/100|[from] drain|[of] p2a: Yami
|-damage|p1a: Primarina|40/100|[from] item: Rocky Helmet|[of] p2a: Yami
|faint|p2a: Yami
|
|upkeep
|
|t:|1743863590
|switch|p2a: Serpentine|Toxapex, M, shiny|100/100
|turn|4
|
|t:|1743863594
|switch|p1a: Torkoal|Torkoal, F|100/100
|-weather|SunnyDay|[from] ability: Drought|[of] p1a: Torkoal
|move|p2a: Serpentine|Sludge Bomb|p1a: Torkoal
|-damage|p1a: Torkoal|63/100
|
|-weather|SunnyDay|[upkeep]
|upkeep
|turn|5
|
|t:|1743863601
|move|p2a: Serpentine|Acid Spray|p1a: Torkoal
|-damage|p1a: Torkoal|46/100
|-unboost|p1a: Torkoal|spd|2
|move|p1a: Torkoal|Earth Power|p2a: Serpentine
|-supereffective|p2a: Serpentine
|-damage|p2a: Serpentine|71/100
|
|-weather|SunnyDay|[upkeep]
|upkeep
|turn|6
|
|t:|1743863612
|switch|p1a: Moltres|Moltres-Galar|100/100
|move|p2a: Serpentine|Sludge Bomb|p1a: Moltres
|-damage|p1a: Moltres|74/100
|
|-weather|SunnyDay|[upkeep]
|upkeep
|turn|7
|
|t:|1743863616
|move|p1a: Moltres|Agility|p1a: Moltres
|-boost|p1a: Moltres|spe|2
|move|p2a: Serpentine|Ice Beam|p1a: Moltres
|-supereffective|p1a: Moltres
|-damage|p1a: Moltres|39/100
|-ability|p1a: Moltres|Berserk|boost
|-boost|p1a: Moltres|spa|1
|-enditem|p1a: Moltres|Sitrus Berry|[eat]
|-heal|p1a: Moltres|64/100|[from] item: Sitrus Berry
|
|-weather|SunnyDay|[upkeep]
|upkeep
|turn|8
|
|t:|1743863623
|move|p1a: Moltres|Fiery Wrath|p2a: Serpentine
|-damage|p2a: Serpentine|34/100
|cant|p2a: Serpentine|flinch
|
|-weather|SunnyDay|[upkeep]
|upkeep
|turn|9
|
|t:|1743863629
|switch|p2a: Sentinel|Weezing-Galar, M, shiny|100/100
|-ability|p2a: Sentinel|Neutralizing Gas
|move|p1a: Moltres|Fiery Wrath|p2a: Sentinel
|-resisted|p2a: Sentinel
|-damage|p2a: Sentinel|53/100
|
|-weather|SunnyDay|[upkeep]
|upkeep
|turn|10
|
|t:|1743863636
|move|p1a: Moltres|Hurricane|p2a: Sentinel
|-damage|p2a: Sentinel|0 fnt
|faint|p2a: Sentinel
|-end|p2a: Sentinel|ability: Neutralizing Gas
|
|-weather|SunnyDay|[upkeep]
|upkeep
|
|t:|1743863639
|switch|p2a: Serpentine|Toxapex, M, shiny|68/100
|turn|11
|
|t:|1743863642
|switch|p2a: Trojan|Zamazenta, shiny|100/100
|-ability|p2a: Trojan|Dauntless Shield|boost
|-boost|p2a: Trojan|def|1
|move|p1a: Moltres|Fiery Wrath|p2a: Trojan
|-resisted|p2a: Trojan
|-damage|p2a: Trojan|73/100
|
|-weather|none
|upkeep
|turn|12
|
|t:|1743863649
|move|p1a: Moltres|Hurricane|p2a: Trojan|[miss]
|-miss|p1a: Moltres|p2a: Trojan
|move|p2a: Trojan|Stone Edge|p1a: Moltres
|-supereffective|p1a: Moltres
|-damage|p1a: Moltres|0 fnt
|faint|p1a: Moltres
|
|upkeep
|
|t:|1743863653
|switch|p1a: Torkoal|Torkoal, F|46/100
|-weather|SunnyDay|[from] ability: Drought|[of] p1a: Torkoal
|turn|13
|
|t:|1743863655
|move|p2a: Trojan|Stone Edge|p1a: Torkoal
|-supereffective|p1a: Torkoal
|-damage|p1a: Torkoal|0 fnt
|faint|p1a: Torkoal
|
|-weather|SunnyDay|[upkeep]
|upkeep
|
|t:|1743863657
|switch|p1a: Trevenant|Trevenant, M|100/100
|turn|14
|
|t:|1743863662
|switch|p2a: Goliath|Ting-Lu|100/100
|-ability|p2a: Goliath|Vessel of Ruin
|-terastallize|p1a: Trevenant|Fire
|move|p1a: Trevenant|Substitute|p1a: Trevenant
|-start|p1a: Trevenant|Substitute
|-damage|p1a: Trevenant|75/100
|
|-weather|SunnyDay|[upkeep]
|upkeep
|turn|15
|
|t:|1743863668
|move|p1a: Trevenant|Horn Leech|p2a: Goliath
|-supereffective|p2a: Goliath
|-damage|p2a: Goliath|64/100
|-heal|p1a: Trevenant|100/100|[from] drain|[of] p2a: Goliath
|move|p2a: Goliath|Earthquake|p1a: Trevenant
|-supereffective|p1a: Trevenant
|-end|p1a: Trevenant|Substitute
|
|-weather|SunnyDay|[upkeep]
|-heal|p2a: Goliath|70/100|[from] item: Leftovers
|upkeep
|turn|16
|
|t:|1743863676
|move|p1a: Trevenant|Horn Leech|p2a: Goliath
|-supereffective|p2a: Goliath
|-damage|p2a: Goliath|38/100
|move|p2a: Goliath|Ruination|p1a: Trevenant
|-damage|p1a: Trevenant|50/100
|
|-weather|SunnyDay|[upkeep]
|-heal|p2a: Goliath|44/100|[from] item: Leftovers
|upkeep
|turn|17
|
|t:|1743863686
|switch|p2a: Trojan|Zamazenta, shiny|73/100
|move|p1a: Trevenant|Substitute|p1a: Trevenant
|-start|p1a: Trevenant|Substitute
|-damage|p1a: Trevenant|25/100
|-enditem|p1a: Trevenant|Starf Berry|[eat]
|-boost|p1a: Trevenant|spe|2|[from] item: Starf Berry
|
|-weather|SunnyDay|[upkeep]
|-item|p1a: Trevenant|Starf Berry|[from] ability: Harvest
|upkeep
|-enditem|p1a: Trevenant|Starf Berry|[eat]
|-boost|p1a: Trevenant|spe|2|[from] item: Starf Berry
|turn|18
|
|t:|1743863695
|move|p1a: Trevenant|Poltergeist|p2a: Trojan
|-activate|p2a: Trojan|move: Poltergeist|Choice Band
|-damage|p2a: Trojan|29/100
|move|p2a: Trojan|Stone Edge|p1a: Trevenant|[miss]
|-miss|p2a: Trojan|p1a: Trevenant
|
|-weather|SunnyDay|[upkeep]
|-item|p1a: Trevenant|Starf Berry|[from] ability: Harvest
|upkeep
|-enditem|p1a: Trevenant|Starf Berry|[eat]
|-boost|p1a: Trevenant|spe|2|[from] item: Starf Berry
|turn|19
|
|t:|1743863702
|move|p1a: Trevenant|Horn Leech|p2a: Trojan
|-damage|p2a: Trojan|0 fnt
|-heal|p1a: Trevenant|39/100|[from] drain|[of] p2a: Trojan
|faint|p2a: Trojan
|
|-weather|SunnyDay|[upkeep]
|-item|p1a: Trevenant|Starf Berry|[from] ability: Harvest
|upkeep
|
|t:|1743863706
|switch|p2a: Kyotaro|Kyurem, shiny, tera:Ground|100/100
|-ability|p2a: Kyotaro|Pressure
|turn|20
|
|t:|1743863714
|move|p1a: Trevenant|Horn Leech|p2a: Kyotaro
|-supereffective|p2a: Kyotaro
|-damage|p2a: Kyotaro|38/100
|-heal|p1a: Trevenant|76/100|[from] drain|[of] p2a: Kyotaro
|move|p2a: Kyotaro|Earth Power|p1a: Trevenant
|-supereffective|p1a: Trevenant
|-crit|p1a: Trevenant
|-end|p1a: Trevenant|Substitute
|
|-weather|none
|-heal|p2a: Kyotaro|44/100|[from] item: Leftovers
|upkeep
|turn|21
|
|t:|1743863724
|move|p1a: Trevenant|Horn Leech|p2a: Kyotaro
|-supereffective|p2a: Kyotaro
|-damage|p2a: Kyotaro|0 fnt
|-heal|p1a: Trevenant|100/100|[from] drain|[of] p2a: Kyotaro
|faint|p2a: Kyotaro
|
|upkeep
|-message|Ace98121212 forfeited.
|
|win|Faerstalker
|raw|Faerstalker's rating: 1259 &rarr; <strong>1281</strong><br />(+22 for winning)
|raw|Ace98121212's rating: 1221 &rarr; <strong>1199</strong><br />(-22 for losing)
|l|☆Ace98121212
|player|p2|
|l|☆Faerstalker
|player|p1|
