|j|☆Alonika
|j|☆dj built different
|t:|1743926498
|gametype|singles
|player|p1|Alonika|ghetsis-gen5bw|1114
|player|p2|dj built different|170|1098
|teamsize|p1|6
|teamsize|p2|6
|gen|9
|tier|[Gen 9] OU
|rated|
|rule|HP Percentage Mod: HP is shown in percentages
|rule|Endless Battle Clause: Forcing endless battles is banned
|rule|Species Clause: Limit one of each Pokémon
|rule|OHKO Clause: OHKO moves are banned
|rule|Evasion Items Clause: Evasion items are banned
|rule|Evasion Moves Clause: Evasion moves are banned
|rule|Sleep Moves Clause: Sleep-inducing moves are banned
|clearpoke
|poke|p1|Lilligant, F|
|poke|p1|Gardevoir, M|
|poke|p1|Cresselia, F|
|poke|p1|Porygon-Z|
|poke|p1|Mismagius, F|
|poke|p1|Sylveon, F|
|poke|p2|Araquanid, F|
|poke|p2|Great Tusk|
|poke|p2|Gholdengo|
|poke|p2|Clodsire, M|
|poke|p2|Kingambit, F|
|poke|p2|Kommo-o, M|
|teampreview
|inactive|Battle timer is ON: inactive players will automatically lose when time's up. (requested by Alonika)
|
|t:|1743926501
|start
|switch|p1a: Garde devoir|Gardevoir, M|100/100
|switch|p2a: Araquanid|Araquanid, F|100/100
|turn|1
|
|t:|1743926526
|move|p1a: Garde devoir|Taunt|p2a: Araquanid
|-start|p2a: Araquanid|move: Taunt
|move|p2a: Araquanid|Mirror Coat||[still]
|-fail|p2a: Araquanid
|
|upkeep
|turn|2
|
|t:|1743926536
|move|p1a: Garde devoir|Reflect|p1a: Garde devoir
|-sidestart|p1: Alonika|Reflect
|move|p2a: Araquanid|Surf|p1a: Garde devoir
|-damage|p1a: Garde devoir|57/100
|
|upkeep
|turn|3
|
|t:|1743926545
|move|p1a: Garde devoir|Psychic Noise|p2a: Araquanid
|-damage|p2a: Araquanid|71/100
|-start|p2a: Araquanid|move: Heal Block
|move|p2a: Araquanid|Surf|p1a: Garde devoir
|-damage|p1a: Garde devoir|15/100
|
|-end|p2a: Araquanid|move: Taunt
|upkeep
|turn|4
|
|t:|1743926555
|move|p1a: Garde devoir|Moonblast|p2a: Araquanid
|-damage|p2a: Araquanid|30/100
|move|p2a: Araquanid|Sticky Web|p1a: Garde devoir
|-sidestart|p1: Alonika|move: Sticky Web
|
|-end|p2a: Araquanid|move: Heal Block
|upkeep
|turn|5
|
|t:|1743926563
|move|p1a: Garde devoir|Moonblast|p2a: Araquanid
|-damage|p2a: Araquanid|0 fnt
|faint|p2a: Araquanid
|
|upkeep
|
|t:|1743926575
|switch|p2a: Gholdengo|Gholdengo|100/100
|-item|p2a: Gholdengo|Air Balloon
|turn|6
|
|t:|1743926583
|-terastallize|p1a: Garde devoir|Normal
|move|p2a: Gholdengo|Make It Rain|p1a: Garde devoir
|-damage|p1a: Garde devoir|0 fnt
|-unboost|p2a: Gholdengo|spa|1
|faint|p1a: Garde devoir
|
|-sideend|p1: Alonika|Reflect
|upkeep
|
|t:|1743926592
|switch|p1a: Poetry ghost|Mismagius, F|100/100
|turn|7
|
|t:|1743926616
|switch|p2a: Clodsire|Clodsire, M|100/100
|move|p1a: Poetry ghost|Nasty Plot|p1a: Poetry ghost
|-boost|p1a: Poetry ghost|spa|2
|
|upkeep
|turn|8
|
|t:|1743926624
|move|p1a: Poetry ghost|Shadow Ball|p2a: Clodsire
|-damage|p2a: Clodsire|74/100
|-enditem|p2a: Clodsire|Red Card|[of] p1a: Poetry ghost
|drag|p1a: Cute eyes|Sylveon, F|100/100
|-activate|p1a: Cute eyes|move: Sticky Web
|-unboost|p1a: Cute eyes|spe|1
|move|p2a: Clodsire|Toxic|p1a: Cute eyes
|-status|p1a: Cute eyes|tox
|
|-damage|p1a: Cute eyes|94/100 tox|[from] psn
|upkeep
|turn|9
|
|t:|1743926639
|move|p2a: Clodsire|Earthquake|p1a: Cute eyes
|-damage|p1a: Cute eyes|52/100 tox
|move|p1a: Cute eyes|Roar|p2a: Clodsire
|drag|p2a: Kommo-o|Kommo-o, M|100/100
|
|-damage|p1a: Cute eyes|40/100 tox|[from] psn
|upkeep
|turn|10
|
|t:|1743926657
|-terastallize|p2a: Kommo-o|Normal
|move|p2a: Kommo-o|Clangorous Soul|p2a: Kommo-o
|-boost|p2a: Kommo-o|atk|1
|-boost|p2a: Kommo-o|def|1
|-boost|p2a: Kommo-o|spa|1
|-boost|p2a: Kommo-o|spd|1
|-boost|p2a: Kommo-o|spe|1
|-damage|p2a: Kommo-o|68/100
|-enditem|p2a: Kommo-o|Throat Spray
|-boost|p2a: Kommo-o|spa|1|[from] item: Throat Spray
|move|p1a: Cute eyes|Copycat|p1a: Cute eyes
|move|p1a: Cute eyes|Clangorous Soul|p1a: Cute eyes|[from] move: Copycat
|-boost|p1a: Cute eyes|atk|1
|-boost|p1a: Cute eyes|def|1
|-boost|p1a: Cute eyes|spa|1
|-boost|p1a: Cute eyes|spd|1
|-boost|p1a: Cute eyes|spe|1
|-damage|p1a: Cute eyes|7/100 tox
|
|-damage|p1a: Cute eyes|0 fnt|[from] psn
|faint|p1a: Cute eyes
|upkeep
|
|t:|1743926678
|switch|p1a: Dance ! Music !|Lilligant, F|100/100
|-activate|p1a: Dance ! Music !|move: Sticky Web
|-unboost|p1a: Dance ! Music !|spe|1
|turn|11
|
|t:|1743926684
|move|p2a: Kommo-o|Flamethrower|p1a: Dance ! Music !
|-supereffective|p1a: Dance ! Music !
|-damage|p1a: Dance ! Music !|0 fnt
|faint|p1a: Dance ! Music !
|
|upkeep
|
|t:|1743926690
|switch|p1a: Poetry ghost|Mismagius, F|100/100
|turn|12
|
|t:|1743926697
|move|p2a: Kommo-o|Clanging Scales|p1a: Poetry ghost
|-damage|p1a: Poetry ghost|0 fnt
|faint|p1a: Poetry ghost
|-unboost|p2a: Kommo-o|def|1
|
|upkeep
|
|t:|1743926702
|switch|p1a: Silly duck|Porygon-Z|100/100
|-activate|p1a: Silly duck|move: Sticky Web
|-unboost|p1a: Silly duck|spe|1
|turn|13
|
|t:|1743926710
|move|p2a: Kommo-o|Boomburst|p1a: Silly duck
|-damage|p1a: Silly duck|0 fnt
|faint|p1a: Silly duck
|
|upkeep
|
|t:|1743926714
|switch|p1a: Moon and dreams|Cresselia, F|100/100
|turn|14
|
|t:|1743926721
|move|p2a: Kommo-o|Boomburst|p1a: Moon and dreams
|-damage|p1a: Moon and dreams|34/100
|move|p1a: Moon and dreams|Ice Beam|p2a: Kommo-o
|-damage|p2a: Kommo-o|50/100
|
|-heal|p1a: Moon and dreams|40/100|[from] item: Leftovers
|upkeep
|turn|15
|
|t:|1743926730
|move|p1a: Moon and dreams|Protect|p1a: Moon and dreams
|-singleturn|p1a: Moon and dreams|Protect
|move|p2a: Kommo-o|Boomburst|p1a: Moon and dreams
|-activate|p1a: Moon and dreams|move: Protect
|
|-heal|p1a: Moon and dreams|46/100|[from] item: Leftovers
|upkeep
|turn|16
|
|t:|1743926736
|move|p1a: Moon and dreams|Protect|p1a: Moon and dreams
|-singleturn|p1a: Moon and dreams|Protect
|move|p2a: Kommo-o|Boomburst|p1a: Moon and dreams
|-activate|p1a: Moon and dreams|move: Protect
|
|-heal|p1a: Moon and dreams|52/100|[from] item: Leftovers
|upkeep
|turn|17
|
|t:|1743926744
|move|p2a: Kommo-o|Boomburst|p1a: Moon and dreams
|-damage|p1a: Moon and dreams|0 fnt
|faint|p1a: Moon and dreams
|
|win|dj built different
|raw|Alonika's rating: 1114 &rarr; <strong>1088</strong><br />(-26 for losing)
|raw|dj built different's rating: 1098 &rarr; <strong>1124</strong><br />(+26 for winning)
|l|☆Alonika
|player|p1|
|l|☆dj built different
|player|p2|
