|j|☆Ghol D Von
|j|‽esteostrali
|t:|1743843485
|gametype|singles
|player|p1|Ghol D Von|dragontamer|1475
|player|p2|esteostrali|dragontamer|1578
|teamsize|p1|6
|teamsize|p2|6
|gen|9
|tier|[Gen 9] OU
|rated|
|rule|HP Percentage Mod: HP is shown in percentages
|rule|Endless Battle Clause: Forcing endless battles is banned
|rule|Species Clause: Limit one of each Pokémon
|rule|OHKO Clause: OHKO moves are banned
|rule|Evasion Items Clause: Evasion items are banned
|rule|Evasion Moves Clause: Evasion moves are banned
|rule|Sleep Moves Clause: Sleep-inducing moves are banned
|clearpoke
|poke|p1|Dragonite, M|
|poke|p1|Skeledirge, F|
|poke|p1|Scizor, M|
|poke|p1|Rotom-Wash|
|poke|p1|Latios, M|
|poke|p1|Clodsire, F|
|poke|p2|Weavile, F|
|poke|p2|Raging Bolt|
|poke|p2|Rillaboom, F|
|poke|p2|Iron Crown|
|poke|p2|Pecharunt|
|poke|p2|Great Tusk|
|teampreview
|inactive|Battle timer is ON: inactive players will automatically lose when time's up. (requested by Ghol D Von)
|
|t:|1743843526
|start
|switch|p1a: Scizor|Scizor, M|100/100
|switch|p2a: Raging Bolt|Raging Bolt|100/100
|turn|1
|
|t:|1743843538
|move|p2a: Raging Bolt|Thunderbolt|p1a: Scizor
|-damage|p1a: Scizor|38/100
|move|p1a: Scizor|Knock Off|p2a: Raging Bolt
|-damage|p2a: Raging Bolt|59/100
|-enditem|p2a: Raging Bolt|Heavy-Duty Boots|[from] move: Knock Off|[of] p1a: Scizor
|
|upkeep
|turn|2
|
|t:|1743843545
|switch|p1a: Clodsire|Clodsire, F|100/100
|move|p2a: Raging Bolt|Draco Meteor|p1a: Clodsire
|-damage|p1a: Clodsire|60/100
|-unboost|p2a: Raging Bolt|spa|2
|
|upkeep
|turn|3
|
|t:|1743843557
|-end|p2a: Raging Bolt|Protosynthesis|[silent]
|switch|p2a: Pecharunt|Pecharunt|100/100
|move|p1a: Clodsire|Toxic|p2a: Pecharunt
|-immune|p2a: Pecharunt
|
|upkeep
|turn|4
|
|t:|1743843568
|move|p2a: Pecharunt|Shadow Ball|p1a: Clodsire
|-damage|p1a: Clodsire|42/100
|move|p1a: Clodsire|Recover|p1a: Clodsire
|-heal|p1a: Clodsire|92/100
|
|upkeep
|turn|5
|
|t:|1743843574
|move|p2a: Pecharunt|Nasty Plot|p2a: Pecharunt
|-boost|p2a: Pecharunt|spa|2
|move|p1a: Clodsire|Spikes|p2a: Pecharunt
|-sidestart|p2: esteostrali|Spikes
|
|upkeep
|turn|6
|
|t:|1743843579
|move|p2a: Pecharunt|Shadow Ball|p1a: Clodsire
|-damage|p1a: Clodsire|72/100
|move|p1a: Clodsire|Spikes|p2a: Pecharunt
|-sidestart|p2: esteostrali|Spikes
|
|upkeep
|turn|7
|
|t:|1743843585
|move|p2a: Pecharunt|Shadow Ball|p1a: Clodsire
|-damage|p1a: Clodsire|51/100
|move|p1a: Clodsire|Earthquake|p2a: Pecharunt
|-supereffective|p2a: Pecharunt
|-damage|p2a: Pecharunt|67/100
|
|upkeep
|turn|8
|
|t:|1743843590
|move|p2a: Pecharunt|Shadow Ball|p1a: Clodsire
|-damage|p1a: Clodsire|32/100
|-unboost|p1a: Clodsire|spd|1
|move|p1a: Clodsire|Earthquake|p2a: Pecharunt
|-supereffective|p2a: Pecharunt
|-damage|p2a: Pecharunt|35/100
|
|upkeep
|turn|9
|
|t:|1743843597
|move|p2a: Pecharunt|Recover|p2a: Pecharunt
|-heal|p2a: Pecharunt|85/100
|move|p1a: Clodsire|Recover|p1a: Clodsire
|-heal|p1a: Clodsire|82/100
|
|upkeep
|turn|10
|
|t:|1743843609
|move|p2a: Pecharunt|Shadow Ball|p1a: Clodsire
|-damage|p1a: Clodsire|56/100
|move|p1a: Clodsire|Earthquake|p2a: Pecharunt
|-supereffective|p2a: Pecharunt
|-damage|p2a: Pecharunt|55/100
|
|upkeep
|turn|11
|
|t:|1743843619
|move|p2a: Pecharunt|Shadow Ball|p1a: Clodsire
|-damage|p1a: Clodsire|30/100
|move|p1a: Clodsire|Recover|p1a: Clodsire
|-heal|p1a: Clodsire|80/100
|
|upkeep
|turn|12
|
|t:|1743843625
|move|p2a: Pecharunt|Shadow Ball|p1a: Clodsire
|-damage|p1a: Clodsire|54/100
|move|p1a: Clodsire|Earthquake|p2a: Pecharunt
|-supereffective|p2a: Pecharunt
|-damage|p2a: Pecharunt|21/100
|
|upkeep
|turn|13
|
|t:|1743843629
|move|p2a: Pecharunt|Recover|p2a: Pecharunt
|-heal|p2a: Pecharunt|71/100
|move|p1a: Clodsire|Earthquake|p2a: Pecharunt
|-supereffective|p2a: Pecharunt
|-damage|p2a: Pecharunt|37/100
|
|upkeep
|turn|14
|
|t:|1743843634
|-terastallize|p2a: Pecharunt|Ghost
|move|p2a: Pecharunt|Recover|p2a: Pecharunt
|-heal|p2a: Pecharunt|87/100
|move|p1a: Clodsire|Earthquake|p2a: Pecharunt
|-damage|p2a: Pecharunt|70/100
|
|upkeep
|turn|15
|
|t:|1743843645
|move|p2a: Pecharunt|Shadow Ball|p1a: Clodsire
|-damage|p1a: Clodsire|19/100
|move|p1a: Clodsire|Toxic|p2a: Pecharunt
|-status|p2a: Pecharunt|tox
|
|-damage|p2a: Pecharunt|64/100 tox|[from] psn
|upkeep
|turn|16
|inactive|Ghol D Von has 120 seconds left.
|inactive|Ghol D Von has 90 seconds left.
|
|t:|1743843710
|move|p2a: Pecharunt|Shadow Ball|p1a: Clodsire
|-damage|p1a: Clodsire|0 fnt
|faint|p1a: Clodsire
|
|-damage|p2a: Pecharunt|52/100 tox|[from] psn
|upkeep
|inactive|Ghol D Von has 90 seconds left.
|
|t:|1743843725
|switch|p1a: Latios|Latios, M|100/100
|turn|17
|inactive|Ghol D Von has 90 seconds left.
|
|t:|1743843737
|move|p1a: Latios|Luster Purge|p2a: Pecharunt
|-damage|p2a: Pecharunt|0 fnt
|faint|p2a: Pecharunt
|
|upkeep
|
|t:|1743843746
|switch|p2a: Weavile|Weavile, F|100/100
|-ability|p2a: Weavile|Pressure
|turn|18
|
|t:|1743843753
|-terastallize|p1a: Latios|Steel
|move|p2a: Weavile|Knock Off|p1a: Latios
|-damage|p1a: Latios|33/100
|-enditem|p1a: Latios|Soul Dew|[from] move: Knock Off|[of] p2a: Weavile
|move|p1a: Latios|Aura Sphere|p2a: Weavile
|-supereffective|p2a: Weavile
|-damage|p2a: Weavile|0 fnt
|faint|p2a: Weavile
|
|upkeep
|
|t:|1743843768
|switch|p2a: Raging Bolt|Raging Bolt|59/100
|-damage|p2a: Raging Bolt|42/100|[from] Spikes
|turn|19
|
|t:|1743843781
|move|p1a: Latios|Luster Purge|p2a: Raging Bolt
|-crit|p2a: Raging Bolt
|-damage|p2a: Raging Bolt|0 fnt
|faint|p2a: Raging Bolt
|-end|p2a: Raging Bolt|Protosynthesis|[silent]
|
|upkeep
|
|t:|1743843787
|switch|p2a: Iron Crown|Iron Crown|100/100
|-damage|p2a: Iron Crown|84/100|[from] Spikes
|-enditem|p2a: Iron Crown|Booster Energy
|-activate|p2a: Iron Crown|ability: Quark Drive|[fromitem]
|-start|p2a: Iron Crown|quarkdrivespe
|turn|20
|
|t:|1743843800
|move|p2a: Iron Crown|Focus Blast|p1a: Latios
|-supereffective|p1a: Latios
|-damage|p1a: Latios|0 fnt
|faint|p1a: Latios
|
|upkeep
|
|t:|1743843810
|switch|p1a: Rotom|Rotom-Wash|100/100
|turn|21
|
|t:|1743843815
|move|p2a: Iron Crown|Psychic Noise|p1a: Rotom
|-damage|p1a: Rotom|73/100
|-start|p1a: Rotom|move: Heal Block
|move|p1a: Rotom|Thunder Wave|p2a: Iron Crown|[miss]
|-miss|p1a: Rotom|p2a: Iron Crown
|
|upkeep
|turn|22
|
|t:|1743843835
|move|p2a: Iron Crown|Psychic Noise|p1a: Rotom
|-damage|p1a: Rotom|46/100
|move|p1a: Rotom|Thunder Wave|p2a: Iron Crown
|-status|p2a: Iron Crown|par
|
|-end|p1a: Rotom|move: Heal Block
|upkeep
|turn|23
|inactive|Ghol D Von has 120 seconds left.
|
|t:|1743843843
|cant|p2a: Iron Crown|par
|move|p1a: Rotom|Pain Split|p2a: Iron Crown
|-sethp|p2a: Iron Crown|61/100 par|[from] move: Pain Split|[silent]
|-sethp|p1a: Rotom|72/100|[from] move: Pain Split
|
|-heal|p1a: Rotom|78/100|[from] item: Leftovers
|upkeep
|turn|24
|
|t:|1743843850
|move|p2a: Iron Crown|Calm Mind|p2a: Iron Crown
|-boost|p2a: Iron Crown|spa|1
|-boost|p2a: Iron Crown|spd|1
|move|p1a: Rotom|Hydro Pump|p2a: Iron Crown
|-damage|p2a: Iron Crown|37/100 par
|
|-heal|p1a: Rotom|84/100|[from] item: Leftovers
|upkeep
|turn|25
|inactive|Ghol D Von has 120 seconds left.
|
|t:|1743843872
|move|p2a: Iron Crown|Psychic Noise|p1a: Rotom
|-damage|p1a: Rotom|45/100
|-start|p1a: Rotom|move: Heal Block
|move|p1a: Rotom|Volt Switch|p2a: Iron Crown
|-damage|p2a: Iron Crown|21/100 par
|
|t:|1743843885
|switch|p1a: Scizor|Scizor, M|38/100|[from] Volt Switch
|
|upkeep
|turn|26
|
|t:|1743843891
|move|p1a: Scizor|Bullet Punch|p2a: Iron Crown
|-resisted|p2a: Iron Crown
|-damage|p2a: Iron Crown|0 fnt
|faint|p2a: Iron Crown
|-end|p2a: Iron Crown|Quark Drive|[silent]
|
|upkeep
|
|t:|1743843899
|switch|p2a: Great Tusk|Great Tusk|100/100
|-damage|p2a: Great Tusk|84/100|[from] Spikes
|-enditem|p2a: Great Tusk|Booster Energy
|-activate|p2a: Great Tusk|ability: Protosynthesis|[fromitem]
|-start|p2a: Great Tusk|protosynthesisspe
|turn|27
|inactive|Ghol D Von has 120 seconds left.
|
|t:|1743843917
|move|p1a: Scizor|Bullet Punch|p2a: Great Tusk
|-damage|p2a: Great Tusk|51/100
|move|p2a: Great Tusk|Bulk Up|p2a: Great Tusk
|-boost|p2a: Great Tusk|atk|1
|-boost|p2a: Great Tusk|def|1
|
|upkeep
|turn|28
|inactive|Ghol D Von has 120 seconds left.
|
|t:|1743843931
|switch|p1a: Rotom|Rotom-Wash|45/100
|move|p2a: Great Tusk|Knock Off|p1a: Rotom
|-damage|p1a: Rotom|0 fnt
|-enditem|p1a: Rotom|Leftovers|[from] move: Knock Off|[of] p2a: Great Tusk
|faint|p1a: Rotom
|
|upkeep
|
|t:|1743843937
|switch|p1a: Skeledirge|Skeledirge, F|100/100
|turn|29
|
|t:|1743843941
|move|p2a: Great Tusk|Knock Off|p1a: Skeledirge
|-supereffective|p1a: Skeledirge
|-damage|p1a: Skeledirge|68/100
|-enditem|p1a: Skeledirge|Heavy-Duty Boots|[from] move: Knock Off|[of] p2a: Great Tusk
|move|p1a: Skeledirge|Will-O-Wisp|p2a: Great Tusk
|-status|p2a: Great Tusk|brn
|
|-damage|p2a: Great Tusk|45/100 brn|[from] brn
|upkeep
|turn|30
|
|t:|1743843948
|move|p2a: Great Tusk|Headlong Rush|p1a: Skeledirge
|-supereffective|p1a: Skeledirge
|-damage|p1a: Skeledirge|34/100
|-unboost|p2a: Great Tusk|def|1
|-unboost|p2a: Great Tusk|spd|1
|move|p1a: Skeledirge|Slack Off|p1a: Skeledirge
|-heal|p1a: Skeledirge|84/100
|
|-damage|p2a: Great Tusk|38/100 brn|[from] brn
|upkeep
|turn|31
|
|t:|1743843954
|move|p2a: Great Tusk|Headlong Rush|p1a: Skeledirge
|-supereffective|p1a: Skeledirge
|-damage|p1a: Skeledirge|50/100
|-unboost|p2a: Great Tusk|def|1
|-unboost|p2a: Great Tusk|spd|1
|move|p1a: Skeledirge|Torch Song|p2a: Great Tusk
|-damage|p2a: Great Tusk|0 fnt
|-boost|p1a: Skeledirge|spa|1
|faint|p2a: Great Tusk
|-end|p2a: Great Tusk|Protosynthesis|[silent]
|
|upkeep
|
|t:|1743843957
|switch|p2a: Rillaboom|Rillaboom, F|100/100
|-damage|p2a: Rillaboom|84/100|[from] Spikes
|-fieldstart|move: Grassy Terrain|[from] ability: Grassy Surge|[of] p2a: Rillaboom
|turn|32
|
|t:|1743843963
|move|p2a: Rillaboom|Knock Off|p1a: Skeledirge
|-supereffective|p1a: Skeledirge
|-damage|p1a: Skeledirge|11/100
|move|p1a: Skeledirge|Torch Song|p2a: Rillaboom
|-supereffective|p2a: Rillaboom
|-damage|p2a: Rillaboom|0 fnt
|-boost|p1a: Skeledirge|spa|1
|faint|p2a: Rillaboom
|
|win|Ghol D Von
|raw|Ghol D Von's rating: 1475 &rarr; <strong>1501</strong><br />(+26 for winning)
|raw|esteostrali's rating: 1578 &rarr; <strong>1552</strong><br />(-26 for losing)
|l|‽esteostrali
|player|p2|
