|j|☆Celest107
|j|☆Alpacapazzo
|t:|1743871849
|gametype|singles
|player|p1|Celest107|miku-fire|1445
|player|p2|Alpacapazzo|1|1462
|teamsize|p1|6
|teamsize|p2|6
|gen|9
|tier|[Gen 9] OU
|rated|
|rule|HP Percentage Mod: HP is shown in percentages
|rule|Endless Battle Clause: Forcing endless battles is banned
|rule|Species Clause: Limit one of each Pokémon
|rule|OHKO Clause: OHKO moves are banned
|rule|Evasion Items Clause: Evasion items are banned
|rule|Evasion Moves Clause: Evasion moves are banned
|rule|Sleep Moves Clause: Sleep-inducing moves are banned
|clearpoke
|poke|p1|Ursaluna, F|
|poke|p1|Mimikyu, F|
|poke|p1|Cresselia, F|
|poke|p1|Enamorus-Therian, F|
|poke|p1|Hatterene, F|
|poke|p1|Hoopa-Unbound|
|poke|p2|Sinistcha|
|poke|p2|Clefable, F|
|poke|p2|Slowking-Galar, M|
|poke|p2|Gliscor, F|
|poke|p2|Iron Valiant|
|poke|p2|Moltres|
|teampreview
|inactive|Battle timer is ON: inactive players will automatically lose when time's up. (requested by Celest107)
|
|t:|1743871867
|start
|switch|p1a: Enamorus|Enamorus-Therian, F|100/100
|switch|p2a: Gliscor|Gliscor, F|100/100
|turn|1
|
|t:|1743871877
|-terastallize|p1a: Enamorus|Fairy
|move|p2a: Gliscor|Toxic|p1a: Enamorus
|-status|p1a: Enamorus|tox
|move|p1a: Enamorus|Moonblast|p2a: Gliscor
|-damage|p2a: Gliscor|3/100
|-unboost|p2a: Gliscor|spa|1
|
|-damage|p1a: Enamorus|95/100 tox|[from] psn
|-status|p2a: Gliscor|tox|[from] item: Toxic Orb
|upkeep
|turn|2
|
|t:|1743871888
|switch|p1a: Mimikyu|Mimikyu, F|100/100
|move|p2a: Gliscor|Protect||[still]
|-fail|p2a: Gliscor
|
|-heal|p2a: Gliscor|15/100 tox|[from] ability: Poison Heal
|upkeep
|turn|3
|
|t:|1743871895
|switch|p2a: Moltres|Moltres|100/100
|move|p1a: Mimikyu|Curse|p2a: Moltres
|-start|p2a: Moltres|Curse|[of] p1a: Mimikyu
|-damage|p1a: Mimikyu|50/100
|
|-damage|p2a: Moltres|76/100|[from] Curse
|upkeep
|turn|4
|
|t:|1743871901
|move|p2a: Moltres|U-turn|p1a: Mimikyu
|-activate|p1a: Mimikyu|ability: Disguise
|-damage|p1a: Mimikyu|50/100
|detailschange|p1a: Mimikyu|Mimikyu-Busted, F
|-damage|p1a: Mimikyu|38/100|[from] pokemon: Mimikyu-Busted
|-enditem|p1a: Mimikyu|Red Card|[of] p2a: Moltres
|drag|p2a: Clefable|Clefable, F|100/100
|move|p1a: Mimikyu|Trick Room|p1a: Mimikyu
|-fieldstart|move: Trick Room|[of] p1a: Mimikyu
|
|upkeep
|turn|5
|
|t:|1743871922
|move|p2a: Clefable|Moonblast|p1a: Mimikyu
|-damage|p1a: Mimikyu|15/100
|-unboost|p1a: Mimikyu|spa|1
|move|p1a: Mimikyu|Curse|p2a: Clefable
|-start|p2a: Clefable|Curse|[of] p1a: Mimikyu
|-damage|p1a: Mimikyu|0 fnt
|faint|p1a: Mimikyu
|
|upkeep
|
|t:|1743871937
|switch|p1a: Ursaluna|Ursaluna, F|100/100
|turn|6
|
|t:|1743871949
|move|p1a: Ursaluna|Swords Dance|p1a: Ursaluna
|-boost|p1a: Ursaluna|atk|2
|move|p2a: Clefable|Stealth Rock|p1a: Ursaluna
|-sidestart|p1: Celest107|move: Stealth Rock
|
|-status|p1a: Ursaluna|brn|[from] item: Flame Orb
|upkeep
|turn|7
|
|t:|1743871957
|switch|p2a: Sinistcha|Sinistcha|100/100
|move|p1a: Ursaluna|Facade|p2a: Sinistcha
|-immune|p2a: Sinistcha
|
|-damage|p1a: Ursaluna|94/100 brn|[from] brn
|upkeep
|turn|8
|
|t:|1743871964
|switch|p2a: Moltres|Moltres|76/100
|move|p1a: Ursaluna|Fire Punch|p2a: Moltres
|-resisted|p2a: Moltres
|-damage|p2a: Moltres|44/100
|
|-damage|p1a: Ursaluna|88/100 brn|[from] brn
|-fieldend|move: Trick Room
|upkeep
|turn|9
|inactive|Alpacapazzo has 120 seconds left.
|
|t:|1743871994
|move|p2a: Moltres|Flamethrower|p1a: Ursaluna
|-damage|p1a: Ursaluna|53/100 brn
|move|p1a: Ursaluna|Facade|p2a: Moltres
|-damage|p2a: Moltres|0 fnt
|faint|p2a: Moltres
|
|-damage|p1a: Ursaluna|47/100 brn|[from] brn
|upkeep
|inactive|Alpacapazzo has 120 seconds left.
|
|t:|1743872011
|switch|p2a: Sinistcha|Sinistcha|100/100
|turn|10
|
|t:|1743872018
|move|p2a: Sinistcha|Matcha Gotcha|p1a: Ursaluna
|-supereffective|p1a: Ursaluna
|-damage|p1a: Ursaluna|0 fnt
|faint|p1a: Ursaluna
|
|upkeep
|
|t:|1743872022
|switch|p1a: Hoopa|Hoopa-Unbound|100/100
|-damage|p1a: Hoopa|88/100|[from] Stealth Rock
|turn|11
|inactive|Alpacapazzo has 120 seconds left.
|
|t:|1743872043
|switch|p2a: Clefable|Clefable, F|100/100
|move|p1a: Hoopa|Hyperspace Fury|p2a: Clefable
|-resisted|p2a: Clefable
|-damage|p2a: Clefable|75/100
|-unboost|p1a: Hoopa|def|1
|-enditem|p1a: Hoopa|Eject Pack
|
|t:|1743872055
|switch|p1a: Enamorus|Enamorus-Therian, F, tera:Fairy|95/100 tox
|-damage|p1a: Enamorus|82/100 tox|[from] Stealth Rock
|
|-heal|p2a: Clefable|81/100|[from] item: Leftovers
|-damage|p1a: Enamorus|76/100 tox|[from] psn
|upkeep
|turn|12
|inactive|Alpacapazzo has 120 seconds left.
|
|t:|1743872071
|switch|p2a: Slowking|Slowking-Galar, M|100/100
|move|p1a: Enamorus|Moonblast|p2a: Slowking
|-resisted|p2a: Slowking
|-damage|p2a: Slowking|68/100
|
|-damage|p1a: Enamorus|64/100 tox|[from] psn
|upkeep
|turn|13
|inactive|Alpacapazzo has 120 seconds left.
|
|t:|1743872087
|switch|p1a: Cresselia|Cresselia, F|100/100
|-damage|p1a: Cresselia|88/100|[from] Stealth Rock
|move|p2a: Slowking|Sludge Bomb|p1a: Cresselia
|-damage|p1a: Cresselia|68/100
|
|upkeep
|turn|14
|
|t:|1743872096
|move|p2a: Slowking|Sludge Bomb|p1a: Cresselia
|-damage|p1a: Cresselia|45/100
|move|p1a: Cresselia|Trick Room|p1a: Cresselia
|-fieldstart|move: Trick Room|[of] p1a: Cresselia
|
|upkeep
|turn|15
|inactive|Alpacapazzo has 120 seconds left.
|
|t:|1743872102
|-prepare|p2a: Slowking|Chilly Reception|[premajor]
|move|p2a: Slowking|Chilly Reception|p2a: Slowking
|-weather|Snowscape
|inactive|Alpacapazzo has 120 seconds left.
|
|t:|1743872107
|switch|p2a: Gliscor|Gliscor, F|15/100 tox|[from] Chilly Reception
|move|p1a: Cresselia|Lunar Dance|p1a: Cresselia
|faint|p1a: Cresselia
|
|-weather|Snowscape|[upkeep]
|-heal|p2a: Gliscor|28/100 tox|[from] ability: Poison Heal
|upkeep
|
|t:|1743872117
|switch|p1a: Enamorus|Enamorus-Therian, F, tera:Fairy|64/100 tox
|-heal|p1a: Enamorus|100/100|[from] move: Lunar Dance
|-damage|p1a: Enamorus|88/100|[from] Stealth Rock
|turn|16
|
|t:|1743872125
|move|p2a: Gliscor|Protect|p2a: Gliscor
|-singleturn|p2a: Gliscor|Protect
|move|p1a: Enamorus|Moonblast|p2a: Gliscor
|-activate|p2a: Gliscor|move: Protect
|
|-weather|Snowscape|[upkeep]
|-heal|p2a: Gliscor|40/100 tox|[from] ability: Poison Heal
|upkeep
|turn|17
|
|t:|1743872131
|switch|p2a: Slowking|Slowking-Galar, M|100/100
|move|p1a: Enamorus|Moonblast|p2a: Slowking
|-resisted|p2a: Slowking
|-damage|p2a: Slowking|70/100
|
|-weather|Snowscape|[upkeep]
|upkeep
|turn|18
|
|t:|1743872144
|move|p2a: Slowking|Sludge Bomb|p1a: Enamorus
|-supereffective|p1a: Enamorus
|-damage|p1a: Enamorus|26/100
|move|p1a: Enamorus|Moonblast|p2a: Slowking
|-resisted|p2a: Slowking
|-damage|p2a: Slowking|34/100
|
|-weather|Snowscape|[upkeep]
|-fieldend|move: Trick Room
|upkeep
|turn|19
|
|t:|1743872158
|switch|p1a: Hoopa|Hoopa-Unbound|88/100
|-damage|p1a: Hoopa|76/100|[from] Stealth Rock
|-prepare|p2a: Slowking|Chilly Reception|[premajor]
|move|p2a: Slowking|Chilly Reception|p2a: Slowking
|
|t:|1743872173
|switch|p2a: Gliscor|Gliscor, F|40/100 tox|[from] Chilly Reception
|
|-weather|none
|-heal|p2a: Gliscor|53/100 tox|[from] ability: Poison Heal
|upkeep
|turn|20
|
|t:|1743872182
|move|p2a: Gliscor|Protect|p2a: Gliscor
|-singleturn|p2a: Gliscor|Protect
|move|p1a: Hoopa|Psychic|p2a: Gliscor
|-activate|p2a: Gliscor|move: Protect
|
|-heal|p2a: Gliscor|65/100 tox|[from] ability: Poison Heal
|upkeep
|turn|21
|
|t:|1743872187
|move|p2a: Gliscor|Earthquake|p1a: Hoopa
|-damage|p1a: Hoopa|33/100
|move|p1a: Hoopa|Psychic|p2a: Gliscor
|-damage|p2a: Gliscor|23/100 tox
|-item|p1a: Hoopa|Toxic Orb|[from] ability: Magician|[of] p2a: Gliscor
|
|-heal|p2a: Gliscor|35/100 tox|[from] ability: Poison Heal
|-status|p1a: Hoopa|tox|[from] item: Toxic Orb
|upkeep
|turn|22
|-message|Celest107 forfeited.
|
|win|Alpacapazzo
|raw|Celest107's rating: 1445 &rarr; <strong>1426</strong><br />(-19 for losing)
|raw|Alpacapazzo's rating: 1462 &rarr; <strong>1481</strong><br />(+19 for winning)
|l|☆Celest107
|player|p1|
|l|☆Alpacapazzo
|player|p2|
