|j|☆loki001
|j|☆Pirigoethe
|t:|1743825608
|gametype|singles
|player|p1|loki001|burglar|1087
|player|p2|Pirigoethe|parasollady-gen4|1064
|teamsize|p1|6
|teamsize|p2|6
|gen|9
|tier|[Gen 9] OU
|rated|
|rule|HP Percentage Mod: HP is shown in percentages
|rule|Endless Battle Clause: Forcing endless battles is banned
|rule|Species Clause: Limit one of each Pokémon
|rule|OHKO Clause: OHKO moves are banned
|rule|Evasion Items Clause: Evasion items are banned
|rule|Evasion Moves Clause: Evasion moves are banned
|rule|Sleep Moves Clause: Sleep-inducing moves are banned
|clearpoke
|poke|p1|Zamazenta-*|
|poke|p1|Kingambit, M|
|poke|p1|Samurott-Hisui, M|
|poke|p1|Landorus-Therian, M|
|poke|p1|Iron Valiant|
|poke|p1|Iron Moth|
|poke|p2|Deoxys-Speed|
|poke|p2|Great Tusk|
|poke|p2|Zapdos|
|poke|p2|Latias, F|
|poke|p2|Rhydon, F|
|poke|p2|Polteageist-Antique|
|teampreview
|
|t:|1743825636
|start
|switch|p1a: Samurott|Samurott-Hisui, M, shiny|100/100
|switch|p2a: Pelado de Tênis|Deoxys-Speed|100/100
|-ability|p2a: Pelado de Tênis|Pressure
|turn|1
|
|t:|1743825642
|move|p1a: Samurott|Ceaseless Edge|p2a: Pelado de Tênis
|-supereffective|p2a: Pelado de Tênis
|-enditem|p2a: Pelado de Tênis|Focus Sash
|-damage|p2a: Pelado de Tênis|1/100
|-sidestart|p2: Pirigoethe|Spikes
|move|p2a: Pelado de Tênis|Counter|p1a: Samurott
|-enditem|p1a: Samurott|Focus Sash
|-damage|p1a: Samurott|1/100
|
|upkeep
|turn|2
|
|t:|1743825650
|move|p2a: Pelado de Tênis|Knock Off|p1a: Samurott
|-resisted|p1a: Samurott
|-damage|p1a: Samurott|0 fnt
|faint|p1a: Samurott
|
|upkeep
|
|t:|1743825655
|switch|p1a: Landorus|Landorus-Therian, M|100/100
|-ability|p1a: Landorus|Intimidate|boost
|-unboost|p2a: Pelado de Tênis|atk|1
|turn|3
|
|t:|1743825664
|move|p2a: Pelado de Tênis|Stealth Rock|p1a: Landorus
|-sidestart|p1: loki001|move: Stealth Rock
|move|p1a: Landorus|Stealth Rock|p2a: Pelado de Tênis
|-sidestart|p2: Pirigoethe|move: Stealth Rock
|
|upkeep
|turn|4
|inactive|Battle timer is ON: inactive players will automatically lose when time's up. (requested by loki001)
|
|t:|1743825676
|move|p2a: Pelado de Tênis|Knock Off|p1a: Landorus
|-damage|p1a: Landorus|88/100
|-damage|p2a: Pelado de Tênis|0 fnt|[from] item: Rocky Helmet|[of] p1a: Landorus
|faint|p2a: Pelado de Tênis
|move|p1a: Landorus|U-turn|p2: Pelado de Tênis|[notarget]
|-fail|p1a: Landorus
|
|upkeep
|
|t:|1743825684
|switch|p2a: Dentinho|Great Tusk|100/100
|turn|5
|
|t:|1743825690
|move|p1a: Landorus|Stealth Rock||[still]
|-fail|p1a: Landorus
|move|p2a: Dentinho|Rapid Spin|p1a: Landorus
|-damage|p1a: Landorus|71/100
|-boost|p2a: Dentinho|spe|1
|-damage|p2a: Dentinho|84/100|[from] item: Rocky Helmet|[of] p1a: Landorus
|-sideend|p2: Pirigoethe|Spikes|[from] move: Rapid Spin|[of] p2a: Dentinho
|-sideend|p2: Pirigoethe|Stealth Rock|[from] move: Rapid Spin|[of] p2a: Dentinho
|
|upkeep
|turn|6
|
|t:|1743825699
|move|p2a: Dentinho|Ice Spinner|p1a: Landorus
|-supereffective|p1a: Landorus
|-damage|p1a: Landorus|0 fnt
|-damage|p2a: Dentinho|68/100|[from] item: Rocky Helmet|[of] p1a: Landorus
|faint|p1a: Landorus
|
|upkeep
|
|t:|1743825713
|switch|p1a: Zamazenta|Zamazenta, shiny|100/100
|-damage|p1a: Zamazenta|94/100|[from] Stealth Rock
|-ability|p1a: Zamazenta|Dauntless Shield|boost
|-boost|p1a: Zamazenta|def|1
|turn|7
|inactive|Pirigoethe has 120 seconds left.
|
|t:|1743825750
|-end|p2a: Dentinho|Protosynthesis|[silent]
|switch|p2a: Latias|Latias, F|100/100
|move|p1a: Zamazenta|Iron Defense|p1a: Zamazenta
|-boost|p1a: Zamazenta|def|2
|
|-heal|p1a: Zamazenta|100/100|[from] item: Leftovers
|upkeep
|turn|8
|inactive|Pirigoethe has 120 seconds left.
|
|t:|1743825757
|move|p1a: Zamazenta|Iron Defense|p1a: Zamazenta
|-boost|p1a: Zamazenta|def|2
|move|p2a: Latias|Future Sight|p1a: Zamazenta
|-start|p2a: Latias|move: Future Sight
|
|upkeep
|turn|9
|
|t:|1743825761
|move|p1a: Zamazenta|Iron Defense|p1a: Zamazenta
|-boost|p1a: Zamazenta|def|1
|move|p2a: Latias|Roar|p1a: Zamazenta
|drag|p1a: Iron Valiant|Iron Valiant|100/100
|-damage|p1a: Iron Valiant|94/100|[from] Stealth Rock
|-enditem|p1a: Iron Valiant|Booster Energy
|-activate|p1a: Iron Valiant|ability: Quark Drive|[fromitem]
|-start|p1a: Iron Valiant|quarkdrivespe
|
|upkeep
|turn|10
|
|t:|1743825770
|move|p1a: Iron Valiant|Calm Mind|p1a: Iron Valiant
|-boost|p1a: Iron Valiant|spa|1
|-boost|p1a: Iron Valiant|spd|1
|move|p2a: Latias|Chilling Water|p1a: Iron Valiant
|-damage|p1a: Iron Valiant|78/100
|-unboost|p1a: Iron Valiant|atk|1
|
|-end|p1a: Iron Valiant|move: Future Sight
|-supereffective|p1a: Iron Valiant
|-damage|p1a: Iron Valiant|0 fnt
|faint|p1a: Iron Valiant
|-end|p1a: Iron Valiant|Quark Drive|[silent]
|upkeep
|
|t:|1743825782
|switch|p1a: Zamazenta|Zamazenta, shiny|100/100
|-damage|p1a: Zamazenta|94/100|[from] Stealth Rock
|turn|11
|
|t:|1743825785
|move|p2a: Latias|Future Sight|p1a: Zamazenta
|-start|p2a: Latias|move: Future Sight
|move|p1a: Zamazenta|Roar|p2a: Latias
|drag|p2a: Iorgute|Polteageist-Antique, shiny|100/100
|
|-heal|p1a: Zamazenta|100/100|[from] item: Leftovers
|upkeep
|turn|12
|
|t:|1743825798
|switch|p2a: Zapdos|Zapdos|100/100
|move|p1a: Zamazenta|Iron Defense|p1a: Zamazenta
|-boost|p1a: Zamazenta|def|2
|
|upkeep
|turn|13
|
|t:|1743825803
|move|p2a: Zapdos|Hurricane|p1a: Zamazenta
|-supereffective|p1a: Zamazenta
|-damage|p1a: Zamazenta|0 fnt
|faint|p1a: Zamazenta
|
|-hint|Future Sight did not hit because the target is fainted.
|upkeep
|
|t:|1743825809
|switch|p1a: Iron Moth|Iron Moth, shiny|100/100
|-damage|p1a: Iron Moth|76/100|[from] Stealth Rock
|-enditem|p1a: Iron Moth|Booster Energy
|-activate|p1a: Iron Moth|ability: Quark Drive|[fromitem]
|-start|p1a: Iron Moth|quarkdrivespe
|turn|14
|
|t:|1743825829
|move|p1a: Iron Moth|Fiery Dance|p2a: Zapdos
|-damage|p2a: Zapdos|57/100
|move|p2a: Zapdos|Hurricane|p1a: Iron Moth
|-damage|p1a: Iron Moth|0 fnt
|faint|p1a: Iron Moth
|-end|p1a: Iron Moth|Quark Drive|[silent]
|
|upkeep
|
|t:|1743825836
|switch|p1a: Kingambit|Kingambit, M|100/100
|-damage|p1a: Kingambit|94/100|[from] Stealth Rock
|-activate|p1a: Kingambit|ability: Supreme Overlord
|-start|p1a: Kingambit|fallen5|[silent]
|turn|15
|
|t:|1743825843
|switch|p2a: Dentinho|Great Tusk|68/100
|move|p1a: Kingambit|Swords Dance|p1a: Kingambit
|-boost|p1a: Kingambit|atk|2
|
|-heal|p1a: Kingambit|100/100|[from] item: Leftovers
|upkeep
|turn|16
|
|t:|1743825851
|move|p1a: Kingambit|Sucker Punch|p2a: Dentinho
|-resisted|p2a: Dentinho
|-damage|p2a: Dentinho|21/100
|move|p2a: Dentinho|Headlong Rush|p1a: Kingambit
|-supereffective|p1a: Kingambit
|-crit|p1a: Kingambit
|-damage|p1a: Kingambit|0 fnt
|-unboost|p2a: Dentinho|def|1
|-unboost|p2a: Dentinho|spd|1
|faint|p1a: Kingambit
|-end|p1a: Kingambit|fallen5|[silent]
|
|win|Pirigoethe
|raw|loki001's rating: 1087 &rarr; <strong>1062</strong><br />(-25 for losing)
|raw|Pirigoethe's rating: 1064 &rarr; <strong>1096</strong><br />(+32 for winning)
|l|☆loki001
|player|p1|
|l|☆Pirigoethe
|player|p2|
