|j|☆Yasmina93
|j|☆Driz0
|t:|1743886415
|gametype|singles
|player|p1|Yasmina93|swimmerf|1277
|player|p2|Driz0|169|1281
|teamsize|p1|6
|teamsize|p2|6
|gen|9
|tier|[Gen 9] OU
|rated|
|rule|HP Percentage Mod: HP is shown in percentages
|rule|Endless Battle Clause: Forcing endless battles is banned
|rule|Species Clause: Limit one of each Pokémon
|rule|OHKO Clause: OHKO moves are banned
|rule|Evasion Items Clause: Evasion items are banned
|rule|Evasion Moves Clause: Evasion moves are banned
|rule|Sleep Moves Clause: Sleep-inducing moves are banned
|clearpoke
|poke|p1|Iron Treads|
|poke|p1|Moltres|
|poke|p1|Kingambit, M|
|poke|p1|Gholdengo|
|poke|p1|Ursaluna, M|
|poke|p1|Clefable, M|
|poke|p2|Bellibolt, F|
|poke|p2|Bisharp, F|
|poke|p2|Froslass, F|
|poke|p2|Great Tusk|
|poke|p2|Iron Valiant|
|poke|p2|Gholdengo|
|teampreview
|inactive|Battle timer is ON: inactive players will automatically lose when time's up. (requested by Driz0)
|
|t:|1743886432
|start
|switch|p1a: Kingambit|Kingambit, M|100/100
|switch|p2a: Froslass|Froslass, F|100/100
|turn|1
|
|t:|1743886442
|move|p2a: Froslass|Will-O-Wisp|p1a: Kingambit
|-status|p1a: Kingambit|brn
|move|p1a: Kingambit|Kowtow Cleave|p2a: Froslass
|-supereffective|p2a: Froslass
|-damage|p2a: Froslass|35/100
|
|-damage|p1a: Kingambit|94/100 brn|[from] brn
|upkeep
|turn|2
|
|t:|1743886451
|switch|p2a: Bisharp|Bisharp, F|100/100
|move|p1a: Kingambit|Kowtow Cleave|p2a: Bisharp
|-resisted|p2a: Bisharp
|-damage|p2a: Bisharp|93/100
|
|-heal|p1a: Kingambit|100/100 brn|[from] item: Leftovers
|-damage|p1a: Kingambit|94/100 brn|[from] brn
|upkeep
|turn|3
|
|t:|1743886457
|-end|p1a: Kingambit|fallenundefined|[silent]
|switch|p1a: Moltres|Moltres|100/100
|move|p2a: Bisharp|Stealth Rock|p1a: Moltres
|-sidestart|p1: Yasmina93|move: Stealth Rock
|
|upkeep
|turn|4
|
|t:|1743886464
|switch|p2a: Bellibolt|Bellibolt, F|100/100
|move|p1a: Moltres|U-turn|p2a: Bellibolt
|-damage|p2a: Bellibolt|88/100
|-start|p2a: Bellibolt|Charge|U-turn|[from] ability: Electromorphosis
|
|t:|1743886466
|switch|p1a: Ursaluna|Ursaluna, M|100/100|[from] U-turn
|-damage|p1a: Ursaluna|94/100|[from] Stealth Rock
|
|-heal|p2a: Bellibolt|94/100|[from] item: Leftovers
|-status|p1a: Ursaluna|brn|[from] item: Flame Orb
|upkeep
|turn|5
|
|t:|1743886488
|switch|p2a: Great Tusk|Great Tusk|100/100
|move|p1a: Ursaluna|Facade|p2a: Great Tusk
|-damage|p2a: Great Tusk|16/100
|
|-heal|p2a: Great Tusk|22/100|[from] item: Leftovers
|-damage|p1a: Ursaluna|88/100 brn|[from] brn
|upkeep
|turn|6
|
|t:|1743886495
|switch|p1a: Moltres|Moltres|100/100
|move|p2a: Great Tusk|Headlong Rush|p1a: Moltres
|-immune|p1a: Moltres
|
|-heal|p2a: Great Tusk|29/100|[from] item: Leftovers
|upkeep
|turn|7
|inactive|Yasmina93 has 120 seconds left.
|
|t:|1743886526
|-end|p2a: Great Tusk|Protosynthesis|[silent]
|switch|p2a: Bellibolt|Bellibolt, F|94/100
|move|p1a: Moltres|Flamethrower|p2a: Bellibolt
|-damage|p2a: Bellibolt|59/100
|-start|p2a: Bellibolt|Charge|Flamethrower|[from] ability: Electromorphosis
|
|-heal|p2a: Bellibolt|65/100|[from] item: Leftovers
|upkeep
|turn|8
|
|t:|1743886532
|move|p1a: Moltres|U-turn|p2a: Bellibolt
|-damage|p2a: Bellibolt|53/100
|-start|p2a: Bellibolt|Charge|U-turn|[from] ability: Electromorphosis
|
|t:|1743886539
|switch|p1a: Ursaluna|Ursaluna, M|88/100 brn|[from] U-turn
|-damage|p1a: Ursaluna|82/100 brn|[from] Stealth Rock
|move|p2a: Bellibolt|Muddy Water|p1a: Ursaluna
|-supereffective|p1a: Ursaluna
|-damage|p1a: Ursaluna|24/100 brn
|
|-heal|p2a: Bellibolt|59/100|[from] item: Leftovers
|-damage|p1a: Ursaluna|18/100 brn|[from] brn
|upkeep
|turn|9
|-message|Yasmina93 forfeited.
|
|win|Driz0
|raw|Yasmina93's rating: 1246 &rarr; <strong>1224</strong><br />(-22 for losing)
|raw|Driz0's rating: 1281 &rarr; <strong>1303</strong><br />(+22 for winning)
|l|☆Yasmina93
|player|p1|
