|j|☆emeraldcity28
|j|☆Jmoneyy1212
|t:|1743796378
|gametype|singles
|player|p1|emeraldcity28|waiter|1374
|player|p2|Jmoneyy1212|2|1431
|teamsize|p1|6
|teamsize|p2|6
|gen|9
|tier|[Gen 9] OU
|rated|
|rule|HP Percentage Mod: HP is shown in percentages
|rule|Endless Battle Clause: Forcing endless battles is banned
|rule|Species Clause: Limit one of each Pokémon
|rule|OHKO Clause: OHKO moves are banned
|rule|Evasion Items Clause: Evasion items are banned
|rule|Evasion Moves Clause: Evasion moves are banned
|rule|Sleep Moves Clause: Sleep-inducing moves are banned
|clearpoke
|poke|p1|Kyurem|
|poke|p1|Weavile, F|
|poke|p1|Slowking-Galar, F|
|poke|p1|Moltres|
|poke|p1|Great Tusk|
|poke|p1|Darkrai|
|poke|p2|Heatran, F|
|poke|p2|Iron Crown|
|poke|p2|Rillaboom, M|
|poke|p2|Ogerpon-Wellspring, F|
|poke|p2|Zapdos|
|poke|p2|Great Tusk|
|teampreview
|inactive|Battle timer is ON: inactive players will automatically lose when time's up. (requested by Jmoneyy1212)
|
|t:|1743796395
|start
|switch|p1a: Slowking|Slowking-Galar, F|100/100
|switch|p2a: Heatran|Heatran, F|100/100
|turn|1
|inactive|Jmoneyy1212 has 120 seconds left.
|inactive|Jmoneyy1212 has 90 seconds left.
|
|t:|1743796457
|move|p2a: Heatran|Taunt|p1a: Slowking
|-start|p1a: Slowking|move: Taunt
|-prepare|p1a: Slowking|Chilly Reception|[premajor]
|cant|p1a: Slowking|move: Taunt|Chilly Reception
|
|upkeep
|turn|2
|
|t:|1743796466
|switch|p1a: Moltres|Moltres|100/100
|move|p2a: Heatran|Magma Storm|p1a: Moltres|[miss]
|-miss|p2a: Heatran|p1a: Moltres
|
|upkeep
|turn|3
|
|t:|1743796478
|move|p1a: Moltres|U-turn|p2a: Heatran
|-resisted|p2a: Heatran
|-damage|p2a: Heatran|97/100
|
|t:|1743796484
|switch|p1a: Kyurem|Kyurem|100/100|[from] U-turn
|-ability|p1a: Kyurem|Pressure
|move|p2a: Heatran|Magma Storm|p1a: Kyurem|[miss]
|-miss|p2a: Heatran|p1a: Kyurem
|
|-heal|p2a: Heatran|100/100|[from] item: Leftovers
|upkeep
|turn|4
|
|t:|1743796503
|move|p2a: Heatran|Protect|p2a: Heatran
|-singleturn|p2a: Heatran|Protect
|move|p1a: Kyurem|Dragon Dance|p1a: Kyurem
|-boost|p1a: Kyurem|atk|1
|-boost|p1a: Kyurem|spe|1
|
|upkeep
|turn|5
|
|t:|1743796507
|-terastallize|p1a: Kyurem|Ground
|move|p1a: Kyurem|Tera Blast|p2a: Heatran|[anim] Tera Blast Ground
|-supereffective|p2a: Heatran
|-damage|p2a: Heatran|0 fnt
|faint|p2a: Heatran
|
|upkeep
|
|t:|1743796529
|switch|p2a: Iron Crown|Iron Crown|100/100
|-enditem|p2a: Iron Crown|Booster Energy
|-activate|p2a: Iron Crown|ability: Quark Drive|[fromitem]
|-start|p2a: Iron Crown|quarkdrivespe
|turn|6
|
|t:|1743796543
|move|p2a: Iron Crown|Tachyon Cutter|p1a: Kyurem
|-damage|p1a: Kyurem|82/100
|-damage|p1a: Kyurem|64/100
|-hitcount|p1a: Kyurem|2
|move|p1a: Kyurem|Tera Blast|p2a: Iron Crown|[anim] Tera Blast Ground
|-supereffective|p2a: Iron Crown
|-damage|p2a: Iron Crown|0 fnt
|faint|p2a: Iron Crown
|-end|p2a: Iron Crown|Quark Drive|[silent]
|
|upkeep
|
|t:|1743796550
|switch|p2a: Rillaboom|Rillaboom, M|100/100
|-fieldstart|move: Grassy Terrain|[from] ability: Grassy Surge|[of] p2a: Rillaboom
|turn|7
|
|t:|1743796556
|switch|p1a: Moltres|Moltres|100/100
|move|p2a: Rillaboom|Grassy Glide|p1a: Moltres
|-resisted|p1a: Moltres
|-damage|p1a: Moltres|94/100
|
|upkeep
|turn|8
|
|t:|1743796565
|switch|p2a: Zapdos|Zapdos|100/100
|move|p1a: Moltres|Flamethrower|p2a: Zapdos
|-damage|p2a: Zapdos|65/100
|
|upkeep
|turn|9
|
|t:|1743796570
|switch|p1a: Slowking|Slowking-Galar, F|100/100
|move|p2a: Zapdos|Hurricane|p1a: Slowking
|-crit|p1a: Slowking
|-damage|p1a: Slowking|58/100
|-start|p1a: Slowking|confusion
|
|-heal|p1a: Slowking|64/100|[from] Grassy Terrain
|upkeep
|turn|10
|
|t:|1743796576
|move|p2a: Zapdos|Volt Switch|p1a: Slowking
|-crit|p1a: Slowking
|-damage|p1a: Slowking|35/100
|
|t:|1743796580
|switch|p2a: Great Tusk|Great Tusk|100/100|[from] Volt Switch
|-prepare|p1a: Slowking|Chilly Reception|[premajor]
|-activate|p1a: Slowking|confusion
|move|p1a: Slowking|Chilly Reception|p1a: Slowking
|-weather|Snowscape
|
|t:|1743796596
|switch|p1a: Darkrai|Darkrai|100/100|[from] Chilly Reception
|
|-weather|Snowscape|[upkeep]
|upkeep
|turn|11
|inactive|Jmoneyy1212 has 120 seconds left.
|
|t:|1743796633
|move|p1a: Darkrai|Blizzard|p2a: Great Tusk
|-supereffective|p2a: Great Tusk
|-damage|p2a: Great Tusk|0 fnt
|faint|p2a: Great Tusk
|-end|p2a: Great Tusk|Protosynthesis|[silent]
|
|-weather|Snowscape|[upkeep]
|-fieldend|move: Grassy Terrain
|upkeep
|
|t:|1743796643
|switch|p2a: Ogerpon|Ogerpon-Wellspring, F|100/100
|turn|12
|inactive|Jmoneyy1212 has 120 seconds left.
|inactive|emeraldcity28 has 120 seconds left.
|inactive|emeraldcity28 has 90 seconds left.
|
|t:|1743796714
|switch|p1a: Slowking|Slowking-Galar, F|68/100
|-terastallize|p2a: Ogerpon|Water
|detailschange|p2a: Ogerpon|Ogerpon-Wellspring-Tera, F, tera:Water
|-ability|p2a: Ogerpon|Embody Aspect (Wellspring)|boost
|-boost|p2a: Ogerpon|spd|1
|move|p2a: Ogerpon|Swords Dance|p2a: Ogerpon
|-boost|p2a: Ogerpon|atk|2
|
|-weather|Snowscape|[upkeep]
|upkeep
|turn|13
|inactive|Jmoneyy1212 has 120 seconds left.
|
|t:|1743796727
|move|p2a: Ogerpon|Ivy Cudgel|p1a: Slowking|[anim] Ivy Cudgel Water
|-damage|p1a: Slowking|0 fnt
|faint|p1a: Slowking
|
|-weather|Snowscape|[upkeep]
|upkeep
|
|t:|1743796741
|switch|p1a: Darkrai|Darkrai|100/100
|turn|14
|
|t:|1743796751
|move|p1a: Darkrai|Dark Pulse|p2a: Ogerpon
|-damage|p2a: Ogerpon|68/100
|move|p2a: Ogerpon|Ivy Cudgel|p1a: Darkrai|[anim] Ivy Cudgel Water
|-damage|p1a: Darkrai|0 fnt
|faint|p1a: Darkrai
|
|-weather|Snowscape|[upkeep]
|upkeep
|inactive|emeraldcity28 has 90 seconds left.
|
|t:|1743796760
|switch|p1a: Weavile|Weavile, F|100/100
|turn|15
|
|t:|1743796769
|move|p1a: Weavile|Knock Off|p2a: Ogerpon
|-damage|p2a: Ogerpon|29/100
|move|p2a: Ogerpon|Ivy Cudgel|p1a: Weavile|[anim] Ivy Cudgel Water
|-crit|p1a: Weavile
|-damage|p1a: Weavile|0 fnt
|faint|p1a: Weavile
|
|-weather|Snowscape|[upkeep]
|upkeep
|
|t:|1743796775
|switch|p1a: Moltres|Moltres|94/100
|turn|16
|
|t:|1743796779
|move|p2a: Ogerpon|Ivy Cudgel|p1a: Moltres|[anim] Ivy Cudgel Water
|-supereffective|p1a: Moltres
|-damage|p1a: Moltres|0 fnt
|faint|p1a: Moltres
|
|-weather|Snowscape|[upkeep]
|upkeep
|
|t:|1743796785
|switch|p1a: Kyurem|Kyurem, tera:Ground|64/100
|-ability|p1a: Kyurem|Pressure
|turn|17
|
|t:|1743796790
|move|p2a: Ogerpon|Ivy Cudgel|p1a: Kyurem|[anim] Ivy Cudgel Water
|-supereffective|p1a: Kyurem
|-damage|p1a: Kyurem|0 fnt
|faint|p1a: Kyurem
|
|-weather|none
|upkeep
|
|t:|1743796792
|switch|p1a: Great Tusk|Great Tusk|100/100
|turn|18
|c|☆Jmoneyy1212|LOL
|
|t:|1743796802
|move|p2a: Ogerpon|Ivy Cudgel|p1a: Great Tusk|[anim] Ivy Cudgel Water
|-supereffective|p1a: Great Tusk
|-crit|p1a: Great Tusk
|-damage|p1a: Great Tusk|0 fnt
|faint|p1a: Great Tusk
|-end|p1a: Great Tusk|Protosynthesis|[silent]
|
|win|Jmoneyy1212
|raw|emeraldcity28's rating: 1374 &rarr; <strong>1357</strong><br />(-17 for losing)
|raw|Jmoneyy1212's rating: 1431 &rarr; <strong>1448</strong><br />(+17 for winning)
|l|☆emeraldcity28
|player|p1|
