|j|☆lvl99luck
|j|☆SteamedPingas
|t:|1743826224
|gametype|singles
|player|p1|lvl99luck|dahlia|1221
|player|p2|SteamedPingas|ghetsis-gen5bw|1236
|teamsize|p1|6
|teamsize|p2|6
|gen|9
|tier|[Gen 9] OU
|rated|
|rule|HP Percentage Mod: HP is shown in percentages
|rule|Endless Battle Clause: Forcing endless battles is banned
|rule|Species Clause: Limit one of each Pokémon
|rule|OHKO Clause: OHKO moves are banned
|rule|Evasion Items Clause: Evasion items are banned
|rule|Evasion Moves Clause: Evasion moves are banned
|rule|Sleep Moves Clause: Sleep-inducing moves are banned
|clearpoke
|poke|p1|Abomasnow, M|
|poke|p1|Zamazenta-*|
|poke|p1|Kyurem|
|poke|p1|Cinderace, F|
|poke|p1|Gholdengo|
|poke|p1|Gliscor, M|
|poke|p2|Samurott-Hisui, M|
|poke|p2|Gliscor, F|
|poke|p2|Great Tusk|
|poke|p2|Tinkaton, F|
|poke|p2|Dragapult, F|
|poke|p2|Garganacl, M|
|teampreview
|
|t:|1743826231
|start
|switch|p1a: BlueEyes|Kyurem|100/100
|switch|p2a: Tinkaton|Tinkaton, F|100/100
|-ability|p1a: BlueEyes|Pressure
|-item|p2a: Tinkaton|Air Balloon
|turn|1
|
|t:|1743826243
|move|p1a: BlueEyes|Substitute|p1a: BlueEyes
|-start|p1a: BlueEyes|Substitute
|-damage|p1a: BlueEyes|76/100
|move|p2a: Tinkaton|Stealth Rock|p1a: BlueEyes
|-sidestart|p1: lvl99luck|move: Stealth Rock
|
|-heal|p1a: BlueEyes|82/100|[from] item: Leftovers
|upkeep
|turn|2
|
|t:|1743826249
|move|p1a: BlueEyes|Freeze-Dry|p2a: Tinkaton
|-resisted|p2a: Tinkaton
|-damage|p2a: Tinkaton|85/100
|-enditem|p2a: Tinkaton|Air Balloon
|move|p2a: Tinkaton|Encore|p1a: BlueEyes
|-start|p1a: BlueEyes|Encore
|
|-heal|p1a: BlueEyes|88/100|[from] item: Leftovers
|upkeep
|turn|3
|
|t:|1743826260
|switch|p1a: Kaching|Gholdengo|100/100
|-damage|p1a: Kaching|94/100|[from] Stealth Rock
|move|p2a: Tinkaton|Knock Off|p1a: Kaching
|-supereffective|p1a: Kaching
|-damage|p1a: Kaching|56/100
|-enditem|p1a: Kaching|Choice Scarf|[from] move: Knock Off|[of] p2a: Tinkaton
|
|upkeep
|turn|4
|
|t:|1743826276
|switch|p2a: Gliscor|Gliscor, F|100/100
|switch|p1a: Bouncer|Cinderace, F|100/100
|
|-status|p2a: Gliscor|tox|[from] item: Toxic Orb
|upkeep
|turn|5
|
|t:|1743826290
|switch|p2a: Great Tusk|Great Tusk|100/100
|move|p1a: Bouncer|Court Change|p1a: Bouncer
|-start|p1a: Bouncer|typechange|Normal|[from] ability: Libero
|-swapsideconditions
|-activate|p1a: Bouncer|move: Court Change
|
|upkeep
|turn|6
|
|t:|1743826308
|move|p1a: Bouncer|U-turn|p2a: Great Tusk
|-resisted|p2a: Great Tusk
|-damage|p2a: Great Tusk|93/100
|-damage|p1a: Bouncer|84/100|[from] item: Rocky Helmet|[of] p2a: Great Tusk
|
|t:|1743826312
|switch|p1a: Kaching|Gholdengo|56/100|[from] U-turn
|move|p2a: Great Tusk|Headlong Rush|p1a: Kaching
|-supereffective|p1a: Kaching
|-damage|p1a: Kaching|0 fnt
|-unboost|p2a: Great Tusk|def|1
|-unboost|p2a: Great Tusk|spd|1
|faint|p1a: Kaching
|
|upkeep
|
|t:|1743826321
|switch|p1a: BlueEyes|Kyurem|88/100
|-ability|p1a: BlueEyes|Pressure
|turn|7
|
|t:|1743826334
|-end|p2a: Great Tusk|Protosynthesis|[silent]
|switch|p2a: Tinkaton|Tinkaton, F|85/100
|-damage|p2a: Tinkaton|79/100|[from] Stealth Rock
|move|p1a: BlueEyes|Freeze-Dry|p2a: Tinkaton
|-resisted|p2a: Tinkaton
|-crit|p2a: Tinkaton
|-damage|p2a: Tinkaton|58/100
|
|-heal|p1a: BlueEyes|94/100|[from] item: Leftovers
|upkeep
|turn|8
|
|t:|1743826343
|move|p1a: BlueEyes|Protect|p1a: BlueEyes
|-singleturn|p1a: BlueEyes|Protect
|move|p2a: Tinkaton|Stealth Rock|p1a: BlueEyes
|-sidestart|p1: lvl99luck|move: Stealth Rock
|
|-heal|p1a: BlueEyes|99/100|[from] item: Leftovers
|upkeep
|turn|9
|
|t:|1743826349
|move|p1a: BlueEyes|Earth Power|p2a: Tinkaton
|-supereffective|p2a: Tinkaton
|-damage|p2a: Tinkaton|2/100
|move|p2a: Tinkaton|Knock Off|p1a: BlueEyes
|-damage|p1a: BlueEyes|84/100
|-enditem|p1a: BlueEyes|Leftovers|[from] move: Knock Off|[of] p2a: Tinkaton
|
|upkeep
|turn|10
|
|t:|1743826354
|move|p1a: BlueEyes|Freeze-Dry|p2a: Tinkaton
|-resisted|p2a: Tinkaton
|-damage|p2a: Tinkaton|0 fnt
|faint|p2a: Tinkaton
|
|upkeep
|
|t:|1743826356
|switch|p2a: Dragapult|Dragapult, F|100/100
|turn|11
|
|t:|1743826364
|-terastallize|p1a: BlueEyes|Ground
|move|p2a: Dragapult|Draco Meteor|p1a: BlueEyes|[miss]
|-miss|p2a: Dragapult|p1a: BlueEyes
|move|p1a: BlueEyes|Freeze-Dry|p2a: Dragapult
|-supereffective|p2a: Dragapult
|-crit|p2a: Dragapult
|-damage|p2a: Dragapult|0 fnt
|faint|p2a: Dragapult
|
|upkeep
|c|☆SteamedPingas|of course lol
|
|t:|1743826371
|switch|p2a: Great Tusk|Great Tusk|93/100
|-damage|p2a: Great Tusk|90/100|[from] Stealth Rock
|turn|12
|
|t:|1743826384
|-terastallize|p2a: Great Tusk|Fairy
|move|p1a: BlueEyes|Freeze-Dry|p2a: Great Tusk
|-damage|p2a: Great Tusk|42/100
|move|p2a: Great Tusk|Rapid Spin|p1a: BlueEyes
|-damage|p1a: BlueEyes|71/100
|-boost|p2a: Great Tusk|spe|1
|-sideend|p2: SteamedPingas|Stealth Rock|[from] move: Rapid Spin|[of] p2a: Great Tusk
|
|upkeep
|turn|13
|
|t:|1743826394
|move|p2a: Great Tusk|Ice Spinner|p1a: BlueEyes
|-supereffective|p1a: BlueEyes
|-damage|p1a: BlueEyes|25/100
|move|p1a: BlueEyes|Earth Power|p2a: Great Tusk
|-damage|p2a: Great Tusk|0 fnt
|faint|p2a: Great Tusk
|-end|p2a: Great Tusk|Protosynthesis|[silent]
|
|upkeep
|
|t:|1743826400
|switch|p2a: Samurott|Samurott-Hisui, M|100/100
|turn|14
|
|t:|1743826411
|move|p1a: BlueEyes|Freeze-Dry|p2a: Samurott
|-supereffective|p2a: Samurott
|-damage|p2a: Samurott|7/100
|move|p2a: Samurott|Ceaseless Edge|p1a: BlueEyes
|-damage|p1a: BlueEyes|0 fnt
|-sidestart|p1: lvl99luck|Spikes
|faint|p1a: BlueEyes
|
|upkeep
|
|t:|1743826419
|switch|p1a: Bouncer|Cinderace, F|84/100
|turn|15
|
|t:|1743826423
|move|p1a: Bouncer|U-turn|p2a: Samurott
|-start|p1a: Bouncer|typechange|Bug|[from] ability: Libero
|-supereffective|p2a: Samurott
|-damage|p2a: Samurott|0 fnt
|faint|p2a: Samurott
|
|t:|1743826428
|switch|p1a: Stoker|Gliscor, M|100/100|[from] U-turn
|-damage|p1a: Stoker|88/100|[from] Stealth Rock
|
|-status|p1a: Stoker|tox|[from] item: Toxic Orb
|upkeep
|
|t:|1743826429
|switch|p2a: Gliscor|Gliscor, F|100/100 tox
|turn|16
|-message|SteamedPingas forfeited.
|
|win|lvl99luck
|raw|lvl99luck's rating: 1221 &rarr; <strong>1247</strong><br />(+26 for winning)
|raw|SteamedPingas's rating: 1236 &rarr; <strong>1210</strong><br />(-26 for losing)
|l|☆SteamedPingas
|player|p2|
|l|☆lvl99luck
|player|p1|
