|j|☆drporing
|j|☆stevenash12332
|t:|1743842866
|gametype|singles
|player|p1|drporing|102|1043
|player|p2|stevenash12332|blue|1061
|teamsize|p1|6
|teamsize|p2|6
|gen|9
|tier|[Gen 9] OU
|rated|
|rule|HP Percentage Mod: HP is shown in percentages
|rule|Endless Battle Clause: Forcing endless battles is banned
|rule|Species Clause: Limit one of each Pokémon
|rule|OHKO Clause: OHKO moves are banned
|rule|Evasion Items Clause: Evasion items are banned
|rule|Evasion Moves Clause: Evasion moves are banned
|rule|Sleep Moves Clause: Sleep-inducing moves are banned
|clearpoke
|poke|p1|Cloyster, M|
|poke|p1|Mimikyu, M|
|poke|p1|Toxapex, M|
|poke|p1|Tinkaton, F|
|poke|p1|Ceruledge, M|
|poke|p1|Clefable, M|
|poke|p2|Raging Bolt|
|poke|p2|Iron Treads|
|poke|p2|Corviknight, F|
|poke|p2|Ogerpon-Wellspring, F|
|poke|p2|Dragonite, M|
|poke|p2|Rillaboom, M|
|teampreview
|inactive|Battle timer is ON: inactive players will automatically lose when time's up. (requested by drporing)
|
|t:|1743842914
|start
|switch|p1a: Cloyster|Cloyster, M|100/100
|switch|p2a: Iron Treads|Iron Treads|100/100
|turn|1
|
|t:|1743842942
|move|p2a: Iron Treads|Thunder Fang|p1a: Cloyster
|-supereffective|p1a: Cloyster
|-damage|p1a: Cloyster|66/100
|move|p1a: Cloyster|Shell Smash|p1a: Cloyster
|-unboost|p1a: Cloyster|def|1
|-unboost|p1a: Cloyster|spd|1
|-boost|p1a: Cloyster|atk|2
|-boost|p1a: Cloyster|spa|2
|-boost|p1a: Cloyster|spe|2
|-enditem|p1a: Cloyster|White Herb
|-clearnegativeboost|p1a: Cloyster|[silent]
|
|upkeep
|turn|2
|
|t:|1743842952
|move|p1a: Cloyster|Icicle Spear|p2a: Iron Treads
|-damage|p2a: Iron Treads|79/100
|-damage|p2a: Iron Treads|57/100
|-damage|p2a: Iron Treads|34/100
|-damage|p2a: Iron Treads|11/100
|-damage|p2a: Iron Treads|0 fnt
|faint|p2a: Iron Treads
|-end|p2a: Iron Treads|Quark Drive|[silent]
|-hitcount|p2: Iron Treads|5
|
|upkeep
|
|t:|1743842956
|switch|p2a: Trunks|Raging Bolt|100/100
|-enditem|p2a: Trunks|Booster Energy
|-activate|p2a: Trunks|ability: Protosynthesis|[fromitem]
|-start|p2a: Trunks|protosynthesisspa
|turn|3
|
|t:|1743842964
|move|p2a: Trunks|Thunderclap|p1a: Cloyster
|-supereffective|p1a: Cloyster
|-damage|p1a: Cloyster|0 fnt
|faint|p1a: Cloyster
|
|upkeep
|
|t:|1743842970
|switch|p1a: Tinkaton|Tinkaton, F|100/100
|-ability|p1a: Tinkaton|Mold Breaker
|turn|4
|
|t:|1743842976
|-end|p2a: Trunks|Protosynthesis|[silent]
|switch|p2a: Super 17|Corviknight, F|100/100
|move|p1a: Tinkaton|Swords Dance|p1a: Tinkaton
|-boost|p1a: Tinkaton|atk|2
|
|upkeep
|turn|5
|
|t:|1743842983
|move|p1a: Tinkaton|Knock Off|p2a: Super 17
|-damage|p2a: Super 17|61/100
|-damage|p1a: Tinkaton|84/100|[from] item: Rocky Helmet|[of] p2a: Super 17
|-enditem|p2a: Super 17|Rocky Helmet|[from] move: Knock Off|[of] p1a: Tinkaton
|move|p2a: Super 17|Bulk Up|p2a: Super 17
|-boost|p2a: Super 17|atk|1
|-boost|p2a: Super 17|def|1
|
|-heal|p1a: Tinkaton|90/100|[from] item: Leftovers
|upkeep
|turn|6
|
|t:|1743843000
|move|p1a: Tinkaton|Gigaton Hammer|p2a: Super 17
|-resisted|p2a: Super 17
|-damage|p2a: Super 17|29/100
|move|p2a: Super 17|Roost|p2a: Super 17
|-heal|p2a: Super 17|79/100
|-singleturn|p2a: Super 17|move: Roost
|
|-heal|p1a: Tinkaton|96/100|[from] item: Leftovers
|upkeep
|turn|7
|
|t:|1743843010
|move|p1a: Tinkaton|Play Rough|p2a: Super 17
|-resisted|p2a: Super 17
|-crit|p2a: Super 17
|-damage|p2a: Super 17|38/100
|move|p2a: Super 17|Bulk Up|p2a: Super 17
|-boost|p2a: Super 17|atk|1
|-boost|p2a: Super 17|def|1
|
|-heal|p1a: Tinkaton|100/100|[from] item: Leftovers
|upkeep
|turn|8
|
|t:|1743843021
|move|p1a: Tinkaton|Gigaton Hammer|p2a: Super 17
|-resisted|p2a: Super 17
|-damage|p2a: Super 17|15/100
|move|p2a: Super 17|Roost|p2a: Super 17
|-heal|p2a: Super 17|64/100
|-singleturn|p2a: Super 17|move: Roost
|
|upkeep
|turn|9
|
|t:|1743843029
|move|p1a: Tinkaton|Swords Dance|p1a: Tinkaton
|-boost|p1a: Tinkaton|atk|2
|move|p2a: Super 17|Roost|p2a: Super 17
|-heal|p2a: Super 17|100/100
|-singleturn|p2a: Super 17|move: Roost
|
|upkeep
|turn|10
|
|t:|1743843036
|move|p1a: Tinkaton|Play Rough|p2a: Super 17
|-resisted|p2a: Super 17
|-damage|p2a: Super 17|81/100
|move|p2a: Super 17|Bulk Up|p2a: Super 17
|-boost|p2a: Super 17|atk|1
|-boost|p2a: Super 17|def|1
|
|upkeep
|turn|11
|
|t:|1743843046
|move|p1a: Tinkaton|Gigaton Hammer|p2a: Super 17
|-resisted|p2a: Super 17
|-damage|p2a: Super 17|54/100
|move|p2a: Super 17|Bulk Up|p2a: Super 17
|-boost|p2a: Super 17|atk|1
|-boost|p2a: Super 17|def|1
|
|upkeep
|turn|12
|
|t:|1743843056
|move|p1a: Tinkaton|Knock Off|p2a: Super 17
|-damage|p2a: Super 17|40/100
|move|p2a: Super 17|Bulk Up|p2a: Super 17
|-boost|p2a: Super 17|atk|1
|-boost|p2a: Super 17|def|1
|
|upkeep
|turn|13
|
|t:|1743843062
|move|p1a: Tinkaton|Knock Off|p2a: Super 17
|-damage|p2a: Super 17|30/100
|move|p2a: Super 17|Roost|p2a: Super 17
|-heal|p2a: Super 17|80/100
|-singleturn|p2a: Super 17|move: Roost
|
|upkeep
|turn|14
|
|t:|1743843068
|move|p1a: Tinkaton|Knock Off|p2a: Super 17
|-damage|p2a: Super 17|70/100
|move|p2a: Super 17|Bulk Up|p2a: Super 17
|-boost|p2a: Super 17|atk|1
|-boost|p2a: Super 17|def|1
|
|upkeep
|turn|15
|
|t:|1743843075
|switch|p1a: Clefable|Clefable, M|100/100
|move|p2a: Super 17|Iron Head|p1a: Clefable
|-supereffective|p1a: Clefable
|-damage|p1a: Clefable|0 fnt
|faint|p1a: Clefable
|
|upkeep
|
|t:|1743843082
|switch|p1a: Mimikyu|Mimikyu, M|100/100
|turn|16
|
|t:|1743843087
|move|p1a: Mimikyu|Swords Dance|p1a: Mimikyu
|-boost|p1a: Mimikyu|atk|2
|move|p2a: Super 17|Iron Head|p1a: Mimikyu
|-activate|p1a: Mimikyu|ability: Disguise
|-damage|p1a: Mimikyu|100/100
|detailschange|p1a: Mimikyu|Mimikyu-Busted, M
|-damage|p1a: Mimikyu|88/100|[from] pokemon: Mimikyu-Busted
|
|upkeep
|turn|17
|
|t:|1743843101
|move|p1a: Mimikyu|Leech Life|p2a: Super 17
|-resisted|p2a: Super 17
|-damage|p2a: Super 17|68/100
|-heal|p1a: Mimikyu|90/100|[from] drain|[of] p2a: Super 17
|move|p2a: Super 17|Iron Head|p1a: Mimikyu
|-supereffective|p1a: Mimikyu
|-damage|p1a: Mimikyu|0 fnt
|faint|p1a: Mimikyu
|
|upkeep
|
|t:|1743843112
|switch|p1a: Ceruledge|Ceruledge, M|100/100
|turn|18
|c|☆stevenash12332|bro drained 2% and gained 2%
|n|!stevenash12332|stevenash12332
|
|t:|1743843138
|-terastallize|p1a: Ceruledge|Fire
|move|p1a: Ceruledge|Bitter Blade|p2a: Super 17
|-supereffective|p2a: Super 17
|-damage|p2a: Super 17|45/100
|move|p2a: Super 17|Roost|p2a: Super 17
|-heal|p2a: Super 17|95/100
|-singleturn|p2a: Super 17|move: Roost
|
|upkeep
|turn|19
|
|t:|1743843147
|move|p1a: Ceruledge|Swords Dance|p1a: Ceruledge
|-boost|p1a: Ceruledge|atk|2
|move|p2a: Super 17|Iron Head|p1a: Ceruledge
|-resisted|p1a: Ceruledge
|-damage|p1a: Ceruledge|41/100
|
|upkeep
|turn|20
|
|t:|1743843153
|move|p1a: Ceruledge|Bitter Blade|p2a: Super 17
|-supereffective|p2a: Super 17
|-damage|p2a: Super 17|44/100
|-heal|p1a: Ceruledge|76/100|[from] drain|[of] p2a: Super 17
|move|p2a: Super 17|Iron Head|p1a: Ceruledge
|-resisted|p1a: Ceruledge
|-damage|p1a: Ceruledge|12/100
|
|upkeep
|turn|21
|
|t:|1743843161
|move|p1a: Ceruledge|Bitter Blade|p2a: Super 17
|-supereffective|p2a: Super 17
|-damage|p2a: Super 17|0 fnt
|-heal|p1a: Ceruledge|43/100|[from] drain|[of] p2a: Super 17
|faint|p2a: Super 17
|
|upkeep
|
|t:|1743843174
|switch|p2a: Trunks|Raging Bolt|100/100
|turn|22
|
|t:|1743843182
|move|p2a: Trunks|Thunderclap|p1a: Ceruledge
|-damage|p1a: Ceruledge|0 fnt
|faint|p1a: Ceruledge
|
|upkeep
|n|!stevenash12332|stevenash12332
|
|t:|1743843187
|switch|p1a: Tinkaton|Tinkaton, F|100/100
|-ability|p1a: Tinkaton|Mold Breaker
|turn|23
|
|t:|1743843201
|move|p2a: Trunks|Thunderclap||[still]
|-fail|p2a: Trunks
|move|p1a: Tinkaton|Swords Dance|p1a: Tinkaton
|-boost|p1a: Tinkaton|atk|2
|
|upkeep
|turn|24
|
|t:|1743843207
|move|p1a: Tinkaton|Play Rough|p2a: Trunks
|-supereffective|p2a: Trunks
|-damage|p2a: Trunks|0 fnt
|faint|p2a: Trunks
|-end|p2a: Trunks|Protosynthesis|[silent]
|
|upkeep
|-message|stevenash12332 forfeited.
|
|win|drporing
