|j|☆hector4397
|j|☆ScoobGG
|t:|1743918709
|gametype|singles
|player|p1|hector4397|266|1075
|player|p2|ScoobGG|169|1053
|teamsize|p1|6
|teamsize|p2|6
|gen|9
|tier|[Gen 9] OU
|rated|
|rule|HP Percentage Mod: HP is shown in percentages
|rule|Endless Battle Clause: Forcing endless battles is banned
|rule|Species Clause: Limit one of each Pokémon
|rule|OHKO Clause: OHKO moves are banned
|rule|Evasion Items Clause: Evasion items are banned
|rule|Evasion Moves Clause: Evasion moves are banned
|rule|Sleep Moves Clause: Sleep-inducing moves are banned
|clearpoke
|poke|p1|Kyurem|
|poke|p1|Pecharunt|
|poke|p1|Landorus-Therian, M|
|poke|p1|Great Tusk|
|poke|p1|Greninja-*, M|
|poke|p1|Clodsire, M|
|poke|p2|Tyranitar, F|
|poke|p2|Houndstone, M|
|poke|p2|Leavanny, M|
|poke|p2|Clodsire, M|
|poke|p2|Diancie|
|poke|p2|Avalugg-Hisui, M|
|teampreview
|
|t:|1743918715
|start
|switch|p1a: Clodsire|Clodsire, M, shiny|100/100
|switch|p2a: Avalugg|Avalugg-Hisui, M|100/100
|turn|1
|inactive|Battle timer is ON: inactive players will automatically lose when time's up. (requested by ScoobGG)
|
|t:|1743918723
|move|p2a: Avalugg|Icicle Spear|p1a: Clodsire
|-supereffective|p1a: Clodsire
|-damage|p1a: Clodsire|75/100
|-supereffective|p1a: Clodsire
|-crit|p1a: Clodsire
|-damage|p1a: Clodsire|42/100
|-supereffective|p1a: Clodsire
|-damage|p1a: Clodsire|18/100
|-supereffective|p1a: Clodsire
|-damage|p1a: Clodsire|0 fnt
|faint|p1a: Clodsire
|-hitcount|p1: Clodsire|4
|
|upkeep
|
|t:|1743918734
|switch|p1a: Landorus|Landorus-Therian, M, shiny|100/100
|-ability|p1a: Landorus|Intimidate|boost
|-unboost|p2a: Avalugg|atk|1
|turn|2
|
|t:|1743918738
|move|p1a: Landorus|Earthquake|p2a: Avalugg
|-supereffective|p2a: Avalugg
|-damage|p2a: Avalugg|37/100
|move|p2a: Avalugg|Icicle Spear|p1a: Landorus
|-supereffective|p1a: Landorus
|-damage|p1a: Landorus|54/100
|-supereffective|p1a: Landorus
|-damage|p1a: Landorus|13/100
|-supereffective|p1a: Landorus
|-damage|p1a: Landorus|0 fnt
|faint|p1a: Landorus
|-hitcount|p1: Landorus|3
|
|upkeep
|
|t:|1743918750
|switch|p1a: Great Tusk|Great Tusk|100/100
|-enditem|p1a: Great Tusk|Booster Energy
|-activate|p1a: Great Tusk|ability: Protosynthesis|[fromitem]
|-start|p1a: Great Tusk|protosynthesisatk
|turn|3
|
|t:|1743918756
|move|p1a: Great Tusk|Earthquake|p2a: Avalugg
|-supereffective|p2a: Avalugg
|-damage|p2a: Avalugg|0 fnt
|faint|p2a: Avalugg
|
|upkeep
|
|t:|1743918758
|switch|p2a: Leavanny|Leavanny, M|100/100
|turn|4
|
|t:|1743918768
|move|p2a: Leavanny|Seed Bomb|p1a: Great Tusk
|-supereffective|p1a: Great Tusk
|-damage|p1a: Great Tusk|46/100
|move|p1a: Great Tusk|Earthquake|p2a: Leavanny
|-resisted|p2a: Leavanny
|-damage|p2a: Leavanny|75/100
|
|upkeep
|turn|5
|
|t:|1743918779
|move|p2a: Leavanny|Seed Bomb|p1a: Great Tusk
|-supereffective|p1a: Great Tusk
|-damage|p1a: Great Tusk|0 fnt
|faint|p1a: Great Tusk
|-end|p1a: Great Tusk|Protosynthesis|[silent]
|
|upkeep
|
|t:|1743918784
|switch|p1a: Greninja|Greninja, M, shiny|100/100
|turn|6
|
|t:|1743918795
|switch|p2a: Clodsire|Clodsire, M|100/100
|move|p1a: Greninja|Ice Beam|p2a: Clodsire
|-start|p1a: Greninja|typechange|Ice|[from] ability: Protean
|-supereffective|p2a: Clodsire
|-damage|p2a: Clodsire|44/100
|-damage|p1a: Greninja|91/100|[from] item: Life Orb
|
|-heal|p2a: Clodsire|51/100|[from] item: Leftovers
|upkeep
|turn|7
|
|t:|1743918808
|move|p1a: Greninja|Ice Beam|p2a: Clodsire
|-supereffective|p2a: Clodsire
|-damage|p2a: Clodsire|0 fnt
|faint|p2a: Clodsire
|-damage|p1a: Greninja|81/100|[from] item: Life Orb
|
|upkeep
|
|t:|1743918810
|switch|p2a: Tyranitar|Tyranitar, F|100/100
|-weather|Sandstorm|[from] ability: Sand Stream|[of] p2a: Tyranitar
|turn|8
|
|t:|1743918818
|move|p1a: Greninja|Hydro Pump|p2a: Tyranitar|[miss]
|-miss|p1a: Greninja|p2a: Tyranitar
|move|p2a: Tyranitar|Knock Off|p1a: Greninja
|-damage|p1a: Greninja|0 fnt
|-enditem|p1a: Greninja|Life Orb|[from] move: Knock Off|[of] p2a: Tyranitar
|faint|p1a: Greninja
|
|-weather|Sandstorm|[upkeep]
|upkeep
|
|t:|1743918828
|switch|p1a: Pecharunt|Pecharunt|100/100
|turn|9
|
|t:|1743918832
|move|p1a: Pecharunt|Nasty Plot|p1a: Pecharunt
|-boost|p1a: Pecharunt|spa|2
|move|p2a: Tyranitar|Knock Off|p1a: Pecharunt
|-supereffective|p1a: Pecharunt
|-damage|p1a: Pecharunt|25/100
|-enditem|p1a: Pecharunt|Leftovers|[from] move: Knock Off|[of] p2a: Tyranitar
|
|-weather|Sandstorm|[upkeep]
|-damage|p1a: Pecharunt|19/100|[from] Sandstorm
|upkeep
|turn|10
|
|t:|1743918842
|move|p1a: Pecharunt|Shadow Ball|p2a: Tyranitar
|-resisted|p2a: Tyranitar
|-damage|p2a: Tyranitar|80/100
|move|p2a: Tyranitar|Knock Off|p1a: Pecharunt
|-supereffective|p1a: Pecharunt
|-crit|p1a: Pecharunt
|-damage|p1a: Pecharunt|0 fnt
|faint|p1a: Pecharunt
|
|-weather|Sandstorm|[upkeep]
|upkeep
|
|t:|1743918852
|switch|p1a: Kyurem|Kyurem, shiny|100/100
|-ability|p1a: Kyurem|Pressure
|turn|11
|
|t:|1743918857
|move|p1a: Kyurem|Dragon Dance|p1a: Kyurem
|-boost|p1a: Kyurem|atk|1
|-boost|p1a: Kyurem|spe|1
|move|p2a: Tyranitar|Knock Off|p1a: Kyurem
|-damage|p1a: Kyurem|44/100
|-enditem|p1a: Kyurem|Loaded Dice|[from] move: Knock Off|[of] p2a: Tyranitar
|
|-weather|Sandstorm|[upkeep]
|-damage|p1a: Kyurem|38/100|[from] Sandstorm
|upkeep
|turn|12
|-message|hector4397 forfeited.
|
|win|ScoobGG
|raw|hector4397's rating: 1075 &rarr; <strong>1052</strong><br />(-23 for losing)
|raw|ScoobGG's rating: 1053 &rarr; <strong>1087</strong><br />(+34 for winning)
|l|☆hector4397
|player|p1|
|l|☆ScoobGG
|player|p2|
