|j|☆jh de los jh
|j|☆Yoklo
|t:|1743873106
|gametype|singles
|player|p1|jh de los jh|ghetsis-gen5bw|1144
|player|p2|Yoklo|1|1205
|teamsize|p1|6
|teamsize|p2|6
|gen|9
|tier|[Gen 9] OU
|rated|
|rule|HP Percentage Mod: HP is shown in percentages
|rule|Endless Battle Clause: Forcing endless battles is banned
|rule|Species Clause: Limit one of each Pokémon
|rule|OHKO Clause: OHKO moves are banned
|rule|Evasion Items Clause: Evasion items are banned
|rule|Evasion Moves Clause: Evasion moves are banned
|rule|Sleep Moves Clause: Sleep-inducing moves are banned
|clearpoke
|poke|p1|Electivire, F|
|poke|p1|Poliwrath, M|
|poke|p1|Cramorant, M|
|poke|p1|Bellibolt, F|
|poke|p1|Granbull, F|
|poke|p1|Greedent, M|
|poke|p2|Scizor, F|
|poke|p2|Darkrai|
|poke|p2|Corviknight, M|
|poke|p2|Landorus-Therian, M|
|poke|p2|Rotom-Wash|
|poke|p2|Moltres|
|teampreview
|inactive|Battle timer is ON: inactive players will automatically lose when time's up. (requested by Yoklo)
|
|t:|1743873120
|start
|switch|p1a: Cramorant|Cramorant, M|100/100
|switch|p2a: Scizor|Scizor, F|100/100
|turn|1
|
|t:|1743873130
|move|p1a: Cramorant|Surf|p2a: Scizor
|-formechange|p1a: Cramorant|Cramorant-Gulping|
|-damage|p2a: Scizor|54/100
|move|p2a: Scizor|Knock Off|p1a: Cramorant
|-damage|p1a: Cramorant|0 fnt
|-damage|p2a: Scizor|29/100|[from] ability: Gulp Missile|[of] p1a: Cramorant
|-unboost|p2a: Scizor|def|1
|-formechange|p1a: Cramorant|Cramorant|
|-enditem|p1a: Cramorant|Heavy-Duty Boots|[from] move: Knock Off|[of] p2a: Scizor
|faint|p1a: Cramorant
|
|upkeep
|
|t:|1743873147
|switch|p1a: Poliwrath|Poliwrath, M|100/100
|turn|2
|
|t:|1743873152
|switch|p2a: Corviknight|Corviknight, M|100/100
|-ability|p2a: Corviknight|Pressure
|move|p1a: Poliwrath|Bulk Up|p1a: Poliwrath
|-boost|p1a: Poliwrath|atk|1
|-boost|p1a: Poliwrath|def|1
|
|upkeep
|turn|3
|
|t:|1743873160
|move|p1a: Poliwrath|Liquidation|p2a: Corviknight
|-damage|p2a: Corviknight|64/100
|-unboost|p2a: Corviknight|def|1
|move|p2a: Corviknight|U-turn|p1a: Poliwrath
|-resisted|p1a: Poliwrath
|-damage|p1a: Poliwrath|96/100
|
|t:|1743873163
|switch|p2a: Rotom|Rotom-Wash|100/100|[from] U-turn
|
|-heal|p1a: Poliwrath|100/100|[from] item: Leftovers
|upkeep
|turn|4
|
|t:|1743873176
|switch|p1a: Bellibolt|Bellibolt, F|100/100
|move|p2a: Rotom|Volt Switch|p1a: Bellibolt
|-resisted|p1a: Bellibolt
|-damage|p1a: Bellibolt|89/100
|-start|p1a: Bellibolt|Charge|Volt Switch|[from] ability: Electromorphosis
|
|t:|1743873183
|switch|p2a: Landorus|Landorus-Therian, M|100/100|[from] Volt Switch
|-ability|p2a: Landorus|Intimidate|boost
|-unboost|p1a: Bellibolt|atk|1
|
|upkeep
|turn|5
|
|t:|1743873192
|-terastallize|p1a: Bellibolt|Flying
|move|p2a: Landorus|Earthquake|p1a: Bellibolt
|-immune|p1a: Bellibolt
|move|p1a: Bellibolt|Hyper Voice|p2a: Landorus
|-damage|p2a: Landorus|64/100
|-enditem|p1a: Bellibolt|Throat Spray
|-boost|p1a: Bellibolt|spa|1|[from] item: Throat Spray
|
|-heal|p2a: Landorus|69/100|[from] item: Leftovers
|upkeep
|turn|6
|
|t:|1743873208
|move|p2a: Landorus|Stone Edge|p1a: Bellibolt
|-supereffective|p1a: Bellibolt
|-damage|p1a: Bellibolt|24/100
|-start|p1a: Bellibolt|Charge|Stone Edge|[from] ability: Electromorphosis
|move|p1a: Bellibolt|Hyper Voice|p2a: Landorus
|-damage|p2a: Landorus|10/100
|
|-heal|p2a: Landorus|16/100|[from] item: Leftovers
|upkeep
|turn|7
|
|t:|1743873223
|move|p2a: Landorus|U-turn|p1a: Bellibolt
|-resisted|p1a: Bellibolt
|-damage|p1a: Bellibolt|12/100
|-start|p1a: Bellibolt|Charge|U-turn|[from] ability: Electromorphosis
|
|t:|1743873226
|switch|p2a: Corviknight|Corviknight, M|64/100|[from] U-turn
|-ability|p2a: Corviknight|Pressure
|move|p1a: Bellibolt|Hyper Voice|p2a: Corviknight
|-resisted|p2a: Corviknight
|-damage|p2a: Corviknight|43/100
|
|-heal|p2a: Corviknight|49/100|[from] item: Leftovers
|upkeep
|turn|8
|
|t:|1743873239
|move|p2a: Corviknight|Brave Bird|p1a: Bellibolt
|-damage|p1a: Bellibolt|0 fnt
|faint|p1a: Bellibolt
|-damage|p2a: Corviknight|45/100|[from] Recoil
|
|-heal|p2a: Corviknight|51/100|[from] item: Leftovers
|upkeep
|inactive|jh de los jh has 120 seconds left.
|
|t:|1743873270
|switch|p1a: Electivire|Electivire, F|100/100
|turn|9
|inactive|jh de los jh has 120 seconds left.
|
|t:|1743873277
|move|p1a: Electivire|Ice Punch|p2a: Corviknight
|-damage|p2a: Corviknight|36/100
|-status|p2a: Corviknight|frz
|cant|p2a: Corviknight|frz
|
|-heal|p2a: Corviknight|42/100 frz|[from] item: Leftovers
|upkeep
|turn|10
|inactive|jh de los jh has 120 seconds left.
|
|t:|1743873295
|move|p1a: Electivire|Ice Punch|p2a: Corviknight
|-damage|p2a: Corviknight|25/100 frz
|cant|p2a: Corviknight|frz
|
|-heal|p2a: Corviknight|31/100 frz|[from] item: Leftovers
|upkeep
|turn|11
|inactive|jh de los jh has 120 seconds left.
|
|t:|1743873306
|switch|p1a: Greedent|Greedent, M|100/100
|cant|p2a: Corviknight|frz
|
|-heal|p2a: Corviknight|37/100 frz|[from] item: Leftovers
|upkeep
|turn|12
|inactive|jh de los jh has 120 seconds left.
|
|t:|1743873317
|-curestatus|p2a: Corviknight|frz|[msg]
|move|p2a: Corviknight|U-turn|p1a: Greedent
|-damage|p1a: Greedent|89/100
|
|t:|1743873322
|switch|p2a: Scizor|Scizor, F|29/100|[from] U-turn
|move|p1a: Greedent|Belly Drum|p1a: Greedent
|-damage|p1a: Greedent|39/100
|-setboost|p1a: Greedent|atk|6|[from] move: Belly Drum
|-enditem|p1a: Greedent|Sitrus Berry|[eat]
|-heal|p1a: Greedent|64/100|[from] item: Sitrus Berry
|-heal|p1a: Greedent|98/100|[from] ability: Cheek Pouch
|
|upkeep
|turn|13
|inactive|jh de los jh has 120 seconds left.
|
|t:|1743873340
|move|p2a: Scizor|Close Combat|p1a: Greedent
|-supereffective|p1a: Greedent
|-damage|p1a: Greedent|0 fnt
|-unboost|p2a: Scizor|def|1
|-unboost|p2a: Scizor|spd|1
|faint|p1a: Greedent
|
|upkeep
|
|t:|1743873350
|switch|p1a: Electivire|Electivire, F|100/100
|turn|14
|
|t:|1743873359
|switch|p2a: Rotom|Rotom-Wash|100/100
|move|p1a: Electivire|Knock Off|p2a: Rotom
|-damage|p2a: Rotom|70/100
|-enditem|p2a: Rotom|Leftovers|[from] move: Knock Off|[of] p1a: Electivire
|
|upkeep
|turn|15
|inactive|jh de los jh has 120 seconds left.
|
|t:|1743873371
|switch|p1a: Granbull|Granbull, F|100/100
|-ability|p1a: Granbull|Intimidate|boost
|-unboost|p2a: Rotom|atk|1
|move|p2a: Rotom|Will-O-Wisp|p1a: Granbull
|-status|p1a: Granbull|brn
|
|-damage|p1a: Granbull|94/100 brn|[from] brn
|upkeep
|turn|16
|inactive|jh de los jh has 120 seconds left.
|
|t:|1743873385
|move|p2a: Rotom|Volt Switch|p1a: Granbull
|-damage|p1a: Granbull|64/100 brn
|
|t:|1743873388
|switch|p2a: Corviknight|Corviknight, M|37/100|[from] Volt Switch
|-ability|p2a: Corviknight|Pressure
|move|p1a: Granbull|Play Rough|p2a: Corviknight
|-resisted|p2a: Corviknight
|-damage|p2a: Corviknight|27/100
|
|-heal|p2a: Corviknight|33/100|[from] item: Leftovers
|-damage|p1a: Granbull|57/100 brn|[from] brn
|upkeep
|turn|17
|inactive|jh de los jh has 120 seconds left.
|
|t:|1743873401
|move|p2a: Corviknight|Roost|p2a: Corviknight
|-heal|p2a: Corviknight|83/100
|-singleturn|p2a: Corviknight|move: Roost
|move|p1a: Granbull|Play Rough|p2a: Corviknight
|-resisted|p2a: Corviknight
|-damage|p2a: Corviknight|73/100
|
|-heal|p2a: Corviknight|79/100|[from] item: Leftovers
|-damage|p1a: Granbull|51/100 brn|[from] brn
|upkeep
|turn|18
|-message|jh de los jh forfeited.
|
|win|Yoklo
|raw|jh de los jh's rating: 1144 &rarr; <strong>1123</strong><br />(-21 for losing)
|raw|Yoklo's rating: 1205 &rarr; <strong>1226</strong><br />(+21 for winning)
|l|☆jh de los jh
|player|p1|
|l|☆Yoklo
|player|p2|
