|j|☆Sleeping Closet
|j|☆RenegadeArtUtube
|t:|1743790678
|gametype|singles
|player|p1|Sleeping Closet|pokemonbreeder|1483
|player|p2|RenegadeArtUtube|gambler|1529
|teamsize|p1|6
|teamsize|p2|6
|gen|9
|tier|[Gen 9] OU
|rated|
|rule|HP Percentage Mod: HP is shown in percentages
|rule|Endless Battle Clause: Forcing endless battles is banned
|rule|Species Clause: Limit one of each Pokémon
|rule|OHKO Clause: OHKO moves are banned
|rule|Evasion Items Clause: Evasion items are banned
|rule|Evasion Moves Clause: Evasion moves are banned
|rule|Sleep Moves Clause: Sleep-inducing moves are banned
|clearpoke
|poke|p1|Slowbro-Galar, M|
|poke|p1|Infernape, F|
|poke|p1|Whimsicott, F|
|poke|p1|Kingdra, F|
|poke|p1|Krookodile, M|
|poke|p1|Oricorio-Sensu, F|
|poke|p2|Blaziken, M|
|poke|p2|Ninetales-Alola, F|
|poke|p2|Polteageist-Antique|
|poke|p2|Hatterene, F|
|poke|p2|Raging Bolt|
|poke|p2|Landorus-Therian, M|
|teampreview
|inactive|Battle timer is ON: inactive players will automatically lose when time's up. (requested by RenegadeArtUtube)
|
|t:|1743790696
|start
|switch|p1a: Limp Bizkit|Krookodile, M, shiny|100/100
|switch|p2a: Ninetales|Ninetales-Alola, F|100/100
|-weather|Snowscape|[from] ability: Snow Warning|[of] p2a: Ninetales
|turn|1
|
|t:|1743790704
|move|p2a: Ninetales|Aurora Veil|p2a: Ninetales
|-sidestart|p2: RenegadeArtUtube|move: Aurora Veil
|move|p1a: Limp Bizkit|Stealth Rock|p2a: Ninetales
|-sidestart|p2: RenegadeArtUtube|move: Stealth Rock
|
|-weather|Snowscape|[upkeep]
|upkeep
|turn|2
|
|t:|1743790710
|move|p2a: Ninetales|Freeze-Dry|p1a: Limp Bizkit
|-supereffective|p1a: Limp Bizkit
|-damage|p1a: Limp Bizkit|44/100
|move|p1a: Limp Bizkit|Knock Off|p2a: Ninetales
|-resisted|p2a: Ninetales
|-damage|p2a: Ninetales|90/100
|-enditem|p2a: Ninetales|Light Clay|[from] move: Knock Off|[of] p1a: Limp Bizkit
|
|-weather|Snowscape|[upkeep]
|upkeep
|turn|3
|
|t:|1743790725
|switch|p2a: Landorus|Landorus-Therian, M|100/100
|-damage|p2a: Landorus|88/100|[from] Stealth Rock
|-ability|p2a: Landorus|Intimidate|boost
|-unboost|p1a: Limp Bizkit|atk|1
|move|p1a: Limp Bizkit|Earthquake|p2a: Landorus
|-immune|p2a: Landorus
|
|-weather|Snowscape|[upkeep]
|upkeep
|turn|4
|
|t:|1743790734
|move|p1a: Limp Bizkit|Knock Off|p2a: Landorus
|-damage|p2a: Landorus|71/100
|-damage|p1a: Limp Bizkit|27/100|[from] item: Rocky Helmet|[of] p2a: Landorus
|-enditem|p2a: Landorus|Rocky Helmet|[from] move: Knock Off|[of] p1a: Limp Bizkit
|move|p2a: Landorus|Stealth Rock|p1a: Limp Bizkit
|-sidestart|p1: Sleeping Closet|move: Stealth Rock
|
|-weather|Snowscape|[upkeep]
|upkeep
|turn|5
|
|t:|1743790744
|move|p1a: Limp Bizkit|Knock Off|p2a: Landorus
|-damage|p2a: Landorus|58/100
|move|p2a: Landorus|U-turn|p1a: Limp Bizkit
|-supereffective|p1a: Limp Bizkit
|-damage|p1a: Limp Bizkit|0 fnt
|faint|p1a: Limp Bizkit
|inactive|RenegadeArtUtube has 120 seconds left.
|
|t:|1743790775
|switch|p2a: Hatterene|Hatterene, F, shiny|100/100|[from] U-turn
|-damage|p2a: Hatterene|88/100|[from] Stealth Rock
|
|-weather|none
|upkeep
|
|t:|1743790781
|switch|p1a: Hotaru|Oricorio-Sensu, F, shiny|100/100
|turn|6
|
|t:|1743790785
|move|p1a: Hotaru|Defog|p2a: Hatterene
|move|p2a: Hatterene|Defog|p1a: Hotaru|[from] ability: Magic Bounce
|-unboost|p1a: Hotaru|evasion|1
|-sideend|p1: Sleeping Closet|Stealth Rock|[from] move: Defog|[of] p2a: Hatterene
|-sideend|p2: RenegadeArtUtube|Stealth Rock|[from] move: Defog|[of] p2a: Hatterene
|move|p2a: Hatterene|Nuzzle|p1a: Hotaru
|-supereffective|p1a: Hotaru
|-damage|p1a: Hotaru|88/100
|-status|p1a: Hotaru|par
|
|upkeep
|turn|7
|
|t:|1743790798
|switch|p2a: Ninetales|Ninetales-Alola, F|90/100
|-weather|Snowscape|[from] ability: Snow Warning|[of] p2a: Ninetales
|move|p1a: Hotaru|Quiver Dance|p1a: Hotaru
|-boost|p1a: Hotaru|spa|1
|-boost|p1a: Hotaru|spd|1
|-boost|p1a: Hotaru|spe|1
|
|-weather|Snowscape|[upkeep]
|upkeep
|turn|8
|
|t:|1743790807
|move|p2a: Ninetales|Encore|p1a: Hotaru
|-start|p1a: Hotaru|Encore
|move|p1a: Hotaru|Quiver Dance|p1a: Hotaru
|-boost|p1a: Hotaru|spa|1
|-boost|p1a: Hotaru|spd|1
|-boost|p1a: Hotaru|spe|1
|
|-weather|Snowscape|[upkeep]
|-sideend|p2: RenegadeArtUtube|move: Aurora Veil
|upkeep
|turn|9
|
|t:|1743790820
|switch|p2a: Blaziken|Blaziken, M, shiny|100/100
|move|p1a: Hotaru|Quiver Dance|p1a: Hotaru
|-boost|p1a: Hotaru|spa|1
|-boost|p1a: Hotaru|spd|1
|-boost|p1a: Hotaru|spe|1
|
|-weather|Snowscape|[upkeep]
|upkeep
|turn|10
|
|t:|1743790829
|move|p1a: Hotaru|Quiver Dance|p1a: Hotaru
|-boost|p1a: Hotaru|spa|1
|-boost|p1a: Hotaru|spd|1
|-boost|p1a: Hotaru|spe|1
|move|p2a: Blaziken|Knock Off|p1a: Hotaru
|-supereffective|p1a: Hotaru
|-damage|p1a: Hotaru|0 fnt
|-enditem|p1a: Hotaru|Heavy-Duty Boots|[from] move: Knock Off|[of] p2a: Blaziken
|faint|p1a: Hotaru
|
|-weather|Snowscape|[upkeep]
|-ability|p2a: Blaziken|Speed Boost|boost
|-boost|p2a: Blaziken|spe|1
|upkeep
|inactive|Sleeping Closet has 120 seconds left.
|
|t:|1743790864
|switch|p1a: Saitama|Slowbro-Galar, M, shiny|100/100
|turn|11
|
|t:|1743790870
|move|p2a: Blaziken|Knock Off|p1a: Saitama
|-supereffective|p1a: Saitama
|-damage|p1a: Saitama|47/100
|-enditem|p1a: Saitama|Quick Claw|[from] move: Knock Off|[of] p2a: Blaziken
|move|p1a: Saitama|Belly Drum||[still]
|-fail|p1a: Saitama
|
|-weather|none
|-ability|p2a: Blaziken|Speed Boost|boost
|-boost|p2a: Blaziken|spe|1
|upkeep
|turn|12
|-activate|p1a: Saitama|ability: Quick Draw
|
|t:|1743790892
|switch|p2a: Landorus|Landorus-Therian, M|58/100
|-ability|p2a: Landorus|Intimidate|boost
|-unboost|p1a: Saitama|atk|1
|move|p1a: Saitama|Shell Side Arm|p2a: Landorus|[anim] Shell Side Arm Special
|-resisted|p2a: Landorus
|-damage|p2a: Landorus|38/100
|-hint|Special Shell Side Arm
|
|upkeep
|turn|13
|
|t:|1743790910
|switch|p1a: Goku|Infernape, F, shiny|100/100
|move|p2a: Landorus|Stealth Rock|p1a: Goku
|-sidestart|p1: Sleeping Closet|move: Stealth Rock
|
|upkeep
|turn|14
|
|t:|1743790917
|move|p1a: Goku|Flare Blitz|p2a: Landorus
|-damage|p2a: Landorus|0 fnt
|faint|p2a: Landorus
|-damage|p1a: Goku|87/100|[from] Recoil
|
|upkeep
|
|t:|1743790924
|switch|p2a: Ninetales|Ninetales-Alola, F|90/100
|-weather|Snowscape|[from] ability: Snow Warning|[of] p2a: Ninetales
|turn|15
|
|t:|1743790928
|move|p2a: Ninetales|Aurora Veil|p2a: Ninetales
|-sidestart|p2: RenegadeArtUtube|move: Aurora Veil
|move|p1a: Goku|Flare Blitz|p2a: Ninetales
|-supereffective|p2a: Ninetales
|-damage|p2a: Ninetales|27/100
|-damage|p1a: Goku|62/100|[from] Recoil
|
|-weather|Snowscape|[upkeep]
|upkeep
|turn|16
|
|t:|1743790953
|switch|p1a: Saitama|Slowbro-Galar, M, shiny|47/100
|-damage|p1a: Saitama|34/100|[from] Stealth Rock
|move|p2a: Ninetales|Draining Kiss|p1a: Saitama
|-resisted|p1a: Saitama
|-damage|p1a: Saitama|27/100
|-heal|p2a: Ninetales|33/100|[from] drain|[of] p1a: Saitama
|
|-weather|Snowscape|[upkeep]
|upkeep
|turn|17
|
|t:|1743790968
|move|p2a: Ninetales|Freeze-Dry|p1a: Saitama
|-damage|p1a: Saitama|5/100
|move|p1a: Saitama|Shell Side Arm|p2a: Ninetales|[anim] Shell Side Arm Physical
|-supereffective|p2a: Ninetales
|-damage|p2a: Ninetales|0 fnt
|-hint|Physical Shell Side Arm
|faint|p2a: Ninetales
|
|-weather|Snowscape|[upkeep]
|upkeep
|
|t:|1743790977
|switch|p2a: Raging Bolt|Raging Bolt|100/100
|-enditem|p2a: Raging Bolt|Booster Energy
|-activate|p2a: Raging Bolt|ability: Protosynthesis|[fromitem]
|-start|p2a: Raging Bolt|protosynthesisspa
|turn|18
|
|t:|1743791000
|switch|p1a: Eileen|Whimsicott, F, shiny|100/100
|-damage|p1a: Eileen|88/100|[from] Stealth Rock
|move|p2a: Raging Bolt|Discharge|p1a: Eileen
|-resisted|p1a: Eileen
|-damage|p1a: Eileen|39/100
|-status|p1a: Eileen|par
|
|-weather|Snowscape|[upkeep]
|upkeep
|turn|19
|
|t:|1743791011
|move|p2a: Raging Bolt|Weather Ball|p1a: Eileen
|-supereffective|p1a: Eileen
|-damage|p1a: Eileen|0 fnt
|faint|p1a: Eileen
|
|-weather|none
|-sideend|p2: RenegadeArtUtube|move: Aurora Veil
|upkeep
|
|t:|1743791024
|switch|p1a: Foo Fighters|Kingdra, F, shiny|100/100
|-damage|p1a: Foo Fighters|88/100|[from] Stealth Rock
|turn|20
|
|t:|1743791030
|switch|p1a: Saitama|Slowbro-Galar, M, shiny|5/100
|-damage|p1a: Saitama|0 fnt|[from] Stealth Rock
|faint|p1a: Saitama
|-terastallize|p2a: Raging Bolt|Fairy
|move|p2a: Raging Bolt|Discharge|p1: Saitama|[notarget]
|-fail|p2a: Raging Bolt
|
|upkeep
|
|t:|1743791037
|switch|p1a: Goku|Infernape, F, shiny|62/100
|-damage|p1a: Goku|50/100|[from] Stealth Rock
|turn|21
|
|t:|1743791045
|move|p2a: Raging Bolt|Thunderclap|p1a: Goku
|-damage|p1a: Goku|0 fnt
|faint|p1a: Goku
|
|upkeep
|
|t:|1743791049
|switch|p1a: Foo Fighters|Kingdra, F, shiny|88/100
|-damage|p1a: Foo Fighters|76/100|[from] Stealth Rock
|turn|22
|
|t:|1743791054
|move|p1a: Foo Fighters|Focus Energy|p1a: Foo Fighters
|-start|p1a: Foo Fighters|move: Focus Energy
|move|p2a: Raging Bolt|Discharge|p1a: Foo Fighters
|-damage|p1a: Foo Fighters|0 fnt
|faint|p1a: Foo Fighters
|
|win|RenegadeArtUtube
|raw|Sleeping Closet's rating: 1483 &rarr; <strong>1466</strong><br />(-17 for losing)
|raw|RenegadeArtUtube's rating: 1529 &rarr; <strong>1546</strong><br />(+17 for winning)
|l|☆Sleeping Closet
|player|p1|
|l|☆RenegadeArtUtube
|player|p2|
