|j|☆EchoInTheDrk
|j|☆chunshao
|t:|1743825412
|gametype|singles
|player|p1|EchoInTheDrk|101|1111
|player|p2|chunshao|dawn-gen4pt|1069
|teamsize|p1|6
|teamsize|p2|6
|gen|9
|tier|[Gen 9] OU
|rated|
|rule|HP Percentage Mod: HP is shown in percentages
|rule|Endless Battle Clause: Forcing endless battles is banned
|rule|Species Clause: Limit one of each Pokémon
|rule|OHKO Clause: OHKO moves are banned
|rule|Evasion Items Clause: Evasion items are banned
|rule|Evasion Moves Clause: Evasion moves are banned
|rule|Sleep Moves Clause: Sleep-inducing moves are banned
|clearpoke
|poke|p1|Samurott-Hisui, M|
|poke|p1|Kingambit, F|
|poke|p1|Great Tusk|
|poke|p1|Slowking, M|
|poke|p1|Maushold|
|poke|p1|Toxapex, F|
|poke|p2|Pelipper, M|
|poke|p2|Barraskewda, F|
|poke|p2|Zapdos|
|poke|p2|Corviknight, M|
|poke|p2|Clodsire, M|
|poke|p2|Incineroar, F|
|teampreview
|
|t:|1743825422
|start
|switch|p1a: Mr. Cool|Samurott-Hisui, M|100/100
|switch|p2a: Incineroar|Incineroar, F, shiny|100/100
|-ability|p2a: Incineroar|Intimidate|boost
|-unboost|p1a: Mr. Cool|atk|1
|turn|1
|
|t:|1743825430
|move|p1a: Mr. Cool|Knock Off|p2a: Incineroar
|-resisted|p2a: Incineroar
|-damage|p2a: Incineroar|91/100
|-enditem|p2a: Incineroar|Heavy-Duty Boots|[from] move: Knock Off|[of] p1a: Mr. Cool
|move|p2a: Incineroar|Knock Off|p1a: Mr. Cool
|-resisted|p1a: Mr. Cool
|-damage|p1a: Mr. Cool|78/100
|-enditem|p1a: Mr. Cool|Focus Sash|[from] move: Knock Off|[of] p2a: Incineroar
|
|upkeep
|turn|2
|
|t:|1743825439
|move|p1a: Mr. Cool|Ceaseless Edge|p2a: Incineroar
|-resisted|p2a: Incineroar
|-damage|p2a: Incineroar|84/100
|-sidestart|p2: chunshao|Spikes
|move|p2a: Incineroar|Will-O-Wisp|p1a: Mr. Cool
|-status|p1a: Mr. Cool|brn
|
|-damage|p1a: Mr. Cool|72/100 brn|[from] brn
|upkeep
|turn|3
|
|t:|1743825447
|move|p1a: Mr. Cool|Ceaseless Edge|p2a: Incineroar
|-resisted|p2a: Incineroar
|-damage|p2a: Incineroar|81/100
|-sidestart|p2: chunshao|Spikes
|move|p2a: Incineroar|Drain Punch|p1a: Mr. Cool
|-supereffective|p1a: Mr. Cool
|-damage|p1a: Mr. Cool|26/100 brn
|-heal|p2a: Incineroar|99/100|[from] drain|[of] p1a: Mr. Cool
|
|-damage|p1a: Mr. Cool|20/100 brn|[from] brn
|upkeep
|turn|4
|
|t:|1743825458
|switch|p1a: Wet Socks|Toxapex, F|100/100
|move|p2a: Incineroar|Parting Shot|p1a: Wet Socks
|-unboost|p1a: Wet Socks|atk|1
|-unboost|p1a: Wet Socks|spa|1
|
|t:|1743825462
|switch|p2a: Corviknight|Corviknight, M, shiny|100/100|[from] Parting Shot
|-ability|p2a: Corviknight|Pressure
|
|upkeep
|turn|5
|
|t:|1743825480
|switch|p1a: Credit Card|Maushold|100/100
|move|p2a: Corviknight|Defog|p1a: Credit Card
|-unboost|p1a: Credit Card|evasion|1
|-sideend|p2: chunshao|Spikes|[from] move: Defog|[of] p2a: Corviknight
|
|upkeep
|turn|6
|
|t:|1743825492
|move|p1a: Credit Card|Taunt|p2a: Corviknight
|-start|p2a: Corviknight|move: Taunt
|move|p2a: Corviknight|U-turn|p1a: Credit Card
|-damage|p1a: Credit Card|77/100
|
|t:|1743825502
|switch|p2a: Pelipper|Pelipper, M|100/100|[from] U-turn
|-weather|RainDance|[from] ability: Drizzle|[of] p2a: Pelipper
|
|-weather|RainDance|[upkeep]
|upkeep
|turn|7
|
|t:|1743825519
|switch|p1a: Duface|Slowking, M|100/100
|move|p2a: Pelipper|Weather Ball|p1a: Duface
|-resisted|p1a: Duface
|-damage|p1a: Duface|87/100
|
|-weather|RainDance|[upkeep]
|-heal|p1a: Duface|93/100|[from] item: Leftovers
|upkeep
|turn|8
|
|t:|1743825536
|switch|p2a: Zapdos|Zapdos, shiny|100/100
|move|p1a: Duface|Psychic|p2a: Zapdos
|-damage|p2a: Zapdos|67/100
|
|-weather|RainDance|[upkeep]
|-heal|p1a: Duface|99/100|[from] item: Leftovers
|upkeep
|turn|9
|
|t:|1743825548
|switch|p1a: StupidtheElephant|Great Tusk|100/100
|move|p2a: Zapdos|Thunder|p1a: StupidtheElephant
|-immune|p1a: StupidtheElephant
|
|-weather|RainDance|[upkeep]
|upkeep
|turn|10
|
|t:|1743825555
|move|p2a: Zapdos|Weather Ball|p1a: StupidtheElephant
|-supereffective|p1a: StupidtheElephant
|-damage|p1a: StupidtheElephant|0 fnt
|faint|p1a: StupidtheElephant
|-end|p1a: StupidtheElephant|Protosynthesis|[silent]
|
|-weather|RainDance|[upkeep]
|upkeep
|
|t:|1743825569
|switch|p1a: Duface|Slowking, M|100/100
|turn|11
|
|t:|1743825573
|move|p2a: Zapdos|Thunder|p1a: Duface
|-supereffective|p1a: Duface
|-damage|p1a: Duface|36/100
|-prepare|p1a: Duface|Chilly Reception|[premajor]
|move|p1a: Duface|Chilly Reception|p1a: Duface
|-weather|Snowscape
|
|t:|1743825585
|switch|p1a: Mr. Cool|Samurott-Hisui, M|20/100 brn|[from] Chilly Reception
|
|-weather|Snowscape|[upkeep]
|-damage|p1a: Mr. Cool|14/100 brn|[from] brn
|upkeep
|turn|12
|inactive|Battle timer is ON: inactive players will automatically lose when time's up. (requested by chunshao)
|
|t:|1743825591
|move|p2a: Zapdos|Volt Switch|p1a: Mr. Cool
|-supereffective|p1a: Mr. Cool
|-damage|p1a: Mr. Cool|0 fnt
|faint|p1a: Mr. Cool
|
|t:|1743825593
|switch|p2a: Pelipper|Pelipper, M|100/100|[from] Volt Switch
|-weather|RainDance|[from] ability: Drizzle|[of] p2a: Pelipper
|
|-weather|RainDance|[upkeep]
|upkeep
|
|t:|1743825601
|switch|p1a: Wet Socks|Toxapex, F|100/100
|turn|13
|
|t:|1743825610
|move|p2a: Pelipper|U-turn|p1a: Wet Socks
|-resisted|p1a: Wet Socks
|-damage|p1a: Wet Socks|98/100
|
|t:|1743825617
|switch|p2a: Zapdos|Zapdos, shiny|67/100|[from] U-turn
|move|p1a: Wet Socks|Toxic|p2a: Zapdos
|-status|p2a: Zapdos|tox
|
|-weather|RainDance|[upkeep]
|-heal|p1a: Wet Socks|100/100|[from] item: Black Sludge
|-damage|p2a: Zapdos|60/100 tox|[from] psn
|upkeep
|turn|14
|inactive|EchoInTheDrk has 120 seconds left.
|
|t:|1743825655
|switch|p1a: Credit Card|Maushold|77/100
|move|p2a: Zapdos|Thunder|p1a: Credit Card
|-damage|p1a: Credit Card|0 fnt
|faint|p1a: Credit Card
|
|-weather|RainDance|[upkeep]
|-damage|p2a: Zapdos|48/100 tox|[from] psn
|upkeep
|
|t:|1743825667
|switch|p1a: Bullshot|Kingambit, F|100/100
|-activate|p1a: Bullshot|ability: Supreme Overlord
|-start|p1a: Bullshot|fallen3|[silent]
|-item|p1a: Bullshot|Air Balloon
|turn|15
|
|t:|1743825684
|switch|p2a: Incineroar|Incineroar, F, shiny|99/100
|-ability|p2a: Incineroar|Intimidate|boost
|-unboost|p1a: Bullshot|atk|1
|move|p1a: Bullshot|Sucker Punch||[still]
|-fail|p1a: Bullshot
|
|-weather|RainDance|[upkeep]
|upkeep
|turn|16
|inactive|EchoInTheDrk has 120 seconds left.
|
|t:|1743825691
|-end|p1a: Bullshot|fallen3|[silent]
|switch|p1a: Wet Socks|Toxapex, F|100/100
|move|p2a: Incineroar|Will-O-Wisp|p1a: Wet Socks
|-status|p1a: Wet Socks|brn
|
|-weather|RainDance|[upkeep]
|-damage|p1a: Wet Socks|94/100 brn|[from] brn
|upkeep
|turn|17
|
|t:|1743825699
|move|p2a: Incineroar|Parting Shot|p1a: Wet Socks
|-unboost|p1a: Wet Socks|atk|1
|-unboost|p1a: Wet Socks|spa|1
|
|t:|1743825703
|switch|p2a: Zapdos|Zapdos, shiny|48/100 tox|[from] Parting Shot
|move|p1a: Wet Socks|Infestation|p2a: Zapdos
|-resisted|p2a: Zapdos
|-damage|p2a: Zapdos|47/100 tox
|-activate|p2a: Zapdos|move: Infestation|[of] p1a: Wet Socks
|
|-weather|RainDance|[upkeep]
|-heal|p1a: Wet Socks|100/100 brn|[from] item: Black Sludge
|-damage|p2a: Zapdos|41/100 tox|[from] psn
|-damage|p1a: Wet Socks|94/100 brn|[from] brn
|-damage|p2a: Zapdos|28/100 tox|[from] move: Infestation|[partiallytrapped]
|upkeep
|turn|18
|inactive|EchoInTheDrk has 120 seconds left.
|
|t:|1743825725
|-terastallize|p1a: Wet Socks|Poison
|move|p2a: Zapdos|Thunder|p1a: Wet Socks
|-damage|p1a: Wet Socks|47/100 brn
|move|p1a: Wet Socks|Infestation|p2a: Zapdos
|-resisted|p2a: Zapdos
|-damage|p2a: Zapdos|27/100 tox
|
|-weather|RainDance|[upkeep]
|-heal|p1a: Wet Socks|53/100 brn|[from] item: Black Sludge
|-damage|p2a: Zapdos|15/100 tox|[from] psn
|-damage|p1a: Wet Socks|47/100 brn|[from] brn
|-damage|p2a: Zapdos|2/100 tox|[from] move: Infestation|[partiallytrapped]
|upkeep
|turn|19
|inactive|EchoInTheDrk has 120 seconds left.
|
|t:|1743825737
|move|p2a: Zapdos|Thunder|p1a: Wet Socks
|-damage|p1a: Wet Socks|3/100 brn
|move|p1a: Wet Socks|Recover|p1a: Wet Socks
|-heal|p1a: Wet Socks|53/100 brn
|
|-weather|none
|-heal|p1a: Wet Socks|59/100 brn|[from] item: Black Sludge
|-damage|p2a: Zapdos|0 fnt|[from] psn
|faint|p2a: Zapdos
|-damage|p1a: Wet Socks|53/100 brn|[from] brn
|upkeep
|
|t:|1743825744
|switch|p2a: Pelipper|Pelipper, M|100/100
|-weather|RainDance|[from] ability: Drizzle|[of] p2a: Pelipper
|turn|20
|
|t:|1743825750
|move|p2a: Pelipper|Hurricane|p1a: Wet Socks
|-damage|p1a: Wet Socks|24/100 brn
|move|p1a: Wet Socks|Toxic|p2a: Pelipper
|-status|p2a: Pelipper|tox
|
|-weather|RainDance|[upkeep]
|-heal|p1a: Wet Socks|30/100 brn|[from] item: Black Sludge
|-damage|p2a: Pelipper|94/100 tox|[from] psn
|-damage|p1a: Wet Socks|24/100 brn|[from] brn
|upkeep
|turn|21
|
|t:|1743825760
|switch|p1a: Duface|Slowking, M|69/100
|move|p2a: Pelipper|Hurricane|p1a: Duface
|-damage|p1a: Duface|48/100
|-start|p1a: Duface|confusion
|
|-weather|RainDance|[upkeep]
|-heal|p1a: Duface|54/100|[from] item: Leftovers
|-damage|p2a: Pelipper|82/100 tox|[from] psn
|upkeep
|turn|22
|
|t:|1743825772
|switch|p2a: Clodsire|Clodsire, M|100/100
|switch|p1a: Wet Socks|Toxapex, F, tera:Poison|57/100 brn
|
|-weather|RainDance|[upkeep]
|-heal|p1a: Wet Socks|63/100 brn|[from] item: Black Sludge
|-damage|p1a: Wet Socks|57/100 brn|[from] brn
|upkeep
|turn|23
|
|t:|1743825785
|switch|p1a: Duface|Slowking, M|87/100
|move|p2a: Clodsire|Stealth Rock|p1a: Duface
|-sidestart|p1: EchoInTheDrk|move: Stealth Rock
|
|-weather|RainDance|[upkeep]
|-heal|p1a: Duface|93/100|[from] item: Leftovers
|upkeep
|turn|24
|
|t:|1743825798
|switch|p2a: Barraskewda|Barraskewda, F|100/100
|move|p1a: Duface|Surf|p2a: Barraskewda
|-resisted|p2a: Barraskewda
|-damage|p2a: Barraskewda|46/100
|
|-weather|RainDance|[upkeep]
|-heal|p1a: Duface|99/100|[from] item: Leftovers
|upkeep
|turn|25
|
|t:|1743825811
|switch|p2a: Pelipper|Pelipper, M|82/100 tox
|move|p1a: Duface|Surf|p2a: Pelipper
|-resisted|p2a: Pelipper
|-damage|p2a: Pelipper|53/100 tox
|
|-weather|RainDance|[upkeep]
|-heal|p1a: Duface|100/100|[from] item: Leftovers
|-damage|p2a: Pelipper|47/100 tox|[from] psn
|upkeep
|turn|26
|
|t:|1743825820
|switch|p2a: Clodsire|Clodsire, M|100/100
|move|p1a: Duface|Psychic|p2a: Clodsire
|-supereffective|p2a: Clodsire
|-crit|p2a: Clodsire
|-damage|p2a: Clodsire|50/100
|
|-weather|RainDance|[upkeep]
|-heal|p2a: Clodsire|56/100|[from] item: Leftovers
|upkeep
|turn|27
|
|t:|1743825828
|move|p1a: Duface|Surf|p2a: Clodsire
|-heal|p2a: Clodsire|81/100|[from] ability: Water Absorb|[of] p1a: Duface
|move|p2a: Clodsire|Recover|p2a: Clodsire
|-heal|p2a: Clodsire|100/100
|
|-weather|none
|upkeep
|turn|28
|
|t:|1743825834
|move|p1a: Duface|Psychic|p2a: Clodsire
|-supereffective|p2a: Clodsire
|-damage|p2a: Clodsire|69/100
|move|p2a: Clodsire|Toxic|p1a: Duface
|-status|p1a: Duface|tox
|
|-heal|p2a: Clodsire|76/100|[from] item: Leftovers
|-damage|p1a: Duface|94/100 tox|[from] psn
|upkeep
|turn|29
|
|t:|1743825843
|move|p1a: Duface|Psychic|p2a: Clodsire
|-supereffective|p2a: Clodsire
|-damage|p2a: Clodsire|42/100
|move|p2a: Clodsire|Earthquake|p1a: Duface
|-damage|p1a: Duface|65/100 tox
|
|-heal|p1a: Duface|72/100 tox|[from] item: Leftovers
|-heal|p2a: Clodsire|48/100|[from] item: Leftovers
|-damage|p1a: Duface|59/100 tox|[from] psn
|upkeep
|turn|30
|
|t:|1743825854
|switch|p1a: Wet Socks|Toxapex, F, tera:Poison|90/100 brn
|-damage|p1a: Wet Socks|78/100 brn|[from] Stealth Rock
|move|p2a: Clodsire|Recover|p2a: Clodsire
|-heal|p2a: Clodsire|98/100
|
|-heal|p1a: Wet Socks|84/100 brn|[from] item: Black Sludge
|-heal|p2a: Clodsire|100/100|[from] item: Leftovers
|-damage|p1a: Wet Socks|78/100 brn|[from] brn
|upkeep
|turn|31
|
|t:|1743825866
|switch|p1a: Duface|Slowking, M|93/100 tox
|-damage|p1a: Duface|80/100 tox|[from] Stealth Rock
|move|p2a: Clodsire|Earthquake|p1a: Duface
|-damage|p1a: Duface|53/100 tox
|
|-heal|p1a: Duface|59/100 tox|[from] item: Leftovers
|-damage|p1a: Duface|53/100 tox|[from] psn
|upkeep
|turn|32
|
|t:|1743825888
|-prepare|p1a: Duface|Chilly Reception|[premajor]
|move|p1a: Duface|Chilly Reception|p1a: Duface
|-weather|Snowscape
|
|t:|1743825894
|switch|p1a: Bullshot|Kingambit, F|100/100|[from] Chilly Reception
|-damage|p1a: Bullshot|94/100|[from] Stealth Rock
|-activate|p1a: Bullshot|ability: Supreme Overlord
|-start|p1a: Bullshot|fallen3|[silent]
|-item|p1a: Bullshot|Air Balloon
|move|p2a: Clodsire|Earthquake|p1a: Bullshot
|-immune|p1a: Bullshot
|
|-weather|Snowscape|[upkeep]
|upkeep
|turn|33
|
|t:|1743825911
|switch|p2a: Incineroar|Incineroar, F, shiny|99/100
|-ability|p2a: Incineroar|Intimidate|boost
|-unboost|p1a: Bullshot|atk|1
|move|p1a: Bullshot|Kowtow Cleave|p2a: Incineroar
|-resisted|p2a: Incineroar
|-damage|p2a: Incineroar|86/100
|
|-weather|Snowscape|[upkeep]
|upkeep
|turn|34
|
|t:|1743825922
|-end|p1a: Bullshot|fallen3|[silent]
|switch|p1a: Duface|Slowking, M|87/100 tox
|-damage|p1a: Duface|74/100 tox|[from] Stealth Rock
|move|p2a: Incineroar|Will-O-Wisp||[still]
|-fail|p2a: Incineroar
|
|-weather|Snowscape|[upkeep]
|-heal|p1a: Duface|80/100 tox|[from] item: Leftovers
|-damage|p1a: Duface|74/100 tox|[from] psn
|upkeep
|turn|35
|
|t:|1743825930
|move|p2a: Incineroar|Knock Off|p1a: Duface
|-supereffective|p1a: Duface
|-crit|p1a: Duface
|-damage|p1a: Duface|0 fnt
|-enditem|p1a: Duface|Leftovers|[from] move: Knock Off|[of] p2a: Incineroar
|faint|p1a: Duface
|
|-weather|Snowscape|[upkeep]
|upkeep
|
|t:|1743825937
|switch|p1a: Wet Socks|Toxapex, F, tera:Poison|100/100 brn
|-damage|p1a: Wet Socks|88/100 brn|[from] Stealth Rock
|turn|36
|
|t:|1743825941
|move|p2a: Incineroar|Knock Off|p1a: Wet Socks
|-damage|p1a: Wet Socks|67/100 brn
|-enditem|p1a: Wet Socks|Black Sludge|[from] move: Knock Off|[of] p2a: Incineroar
|move|p1a: Wet Socks|Infestation|p2a: Incineroar
|-damage|p2a: Incineroar|83/100
|-activate|p2a: Incineroar|move: Infestation|[of] p1a: Wet Socks
|
|-weather|none
|-damage|p1a: Wet Socks|61/100 brn|[from] brn
|-damage|p2a: Incineroar|71/100|[from] move: Infestation|[partiallytrapped]
|upkeep
|turn|37
|
|t:|1743825950
|move|p2a: Incineroar|Drain Punch|p1a: Wet Socks
|-resisted|p1a: Wet Socks
|-damage|p1a: Wet Socks|55/100 brn
|-heal|p2a: Incineroar|73/100|[from] drain|[of] p1a: Wet Socks
|move|p1a: Wet Socks|Recover|p1a: Wet Socks
|-heal|p1a: Wet Socks|100/100 brn
|
|-damage|p1a: Wet Socks|94/100 brn|[from] brn
|-damage|p2a: Incineroar|61/100|[from] move: Infestation|[partiallytrapped]
|upkeep
|turn|38
|
|t:|1743825960
|move|p2a: Incineroar|Knock Off|p1a: Wet Socks
|-damage|p1a: Wet Socks|80/100 brn
|move|p1a: Wet Socks|Toxic|p2a: Incineroar
|-status|p2a: Incineroar|tox
|
|-damage|p2a: Incineroar|55/100 tox|[from] psn
|-damage|p1a: Wet Socks|74/100 brn|[from] brn
|-damage|p2a: Incineroar|42/100 tox|[from] move: Infestation|[partiallytrapped]
|upkeep
|turn|39
|
|t:|1743825972
|move|p2a: Incineroar|Parting Shot|p1a: Wet Socks
|-unboost|p1a: Wet Socks|atk|1
|-unboost|p1a: Wet Socks|spa|1
|
|t:|1743825978
|switch|p2a: Pelipper|Pelipper, M|47/100 tox|[from] Parting Shot
|-weather|RainDance|[from] ability: Drizzle|[of] p2a: Pelipper
|move|p1a: Wet Socks|Recover|p1a: Wet Socks
|-heal|p1a: Wet Socks|100/100 brn
|
|-weather|RainDance|[upkeep]
|-damage|p2a: Pelipper|40/100 tox|[from] psn
|-damage|p1a: Wet Socks|94/100 brn|[from] brn
|upkeep
|turn|40
|
|t:|1743825988
|move|p2a: Pelipper|Hurricane|p1a: Wet Socks
|-damage|p1a: Wet Socks|67/100 brn
|move|p1a: Wet Socks|Infestation|p2a: Pelipper
|-resisted|p2a: Pelipper
|-damage|p2a: Pelipper|40/100 tox
|-activate|p2a: Pelipper|move: Infestation|[of] p1a: Wet Socks
|
|-weather|RainDance|[upkeep]
|-damage|p2a: Pelipper|27/100 tox|[from] psn
|-damage|p1a: Wet Socks|60/100 brn|[from] brn
|-damage|p2a: Pelipper|15/100 tox|[from] move: Infestation|[partiallytrapped]
|upkeep
|turn|41
|
|t:|1743825998
|move|p2a: Pelipper|Hurricane|p1a: Wet Socks
|-damage|p1a: Wet Socks|29/100 brn
|move|p1a: Wet Socks|Recover|p1a: Wet Socks
|-heal|p1a: Wet Socks|79/100 brn
|
|-weather|RainDance|[upkeep]
|-damage|p2a: Pelipper|0 fnt|[from] psn
|faint|p2a: Pelipper
|-damage|p1a: Wet Socks|73/100 brn|[from] brn
|upkeep
|
|t:|1743826001
|switch|p2a: Barraskewda|Barraskewda, F|46/100
|turn|42
|
|t:|1743826014
|-terastallize|p2a: Barraskewda|Water
|move|p2a: Barraskewda|Liquidation|p1a: Wet Socks
|-damage|p1a: Wet Socks|0 fnt
|faint|p1a: Wet Socks
|
|-weather|RainDance|[upkeep]
|upkeep
|
|t:|1743826020
|switch|p1a: Bullshot|Kingambit, F|94/100
|-damage|p1a: Bullshot|88/100|[from] Stealth Rock
|-activate|p1a: Bullshot|ability: Supreme Overlord
|-start|p1a: Bullshot|fallen5|[silent]
|-item|p1a: Bullshot|Air Balloon
|turn|43
|
|t:|1743826027
|switch|p2a: Incineroar|Incineroar, F, shiny|42/100 tox
|-ability|p2a: Incineroar|Intimidate|boost
|-unboost|p1a: Bullshot|atk|1
|move|p1a: Bullshot|Sucker Punch||[still]
|-fail|p1a: Bullshot
|
|-weather|RainDance|[upkeep]
|-damage|p2a: Incineroar|36/100 tox|[from] psn
|upkeep
|turn|44
|
|t:|1743826035
|move|p2a: Incineroar|Knock Off|p1a: Bullshot
|-resisted|p1a: Bullshot
|-damage|p1a: Bullshot|75/100
|-enditem|p1a: Bullshot|Air Balloon
|move|p1a: Bullshot|Swords Dance|p1a: Bullshot
|-boost|p1a: Bullshot|atk|2
|
|-weather|RainDance|[upkeep]
|-damage|p2a: Incineroar|24/100 tox|[from] psn
|upkeep
|turn|45
|
|t:|1743826045
|switch|p2a: Barraskewda|Barraskewda, F, tera:Water|46/100
|move|p1a: Bullshot|Iron Head|p2a: Barraskewda
|-resisted|p2a: Barraskewda
|-damage|p2a: Barraskewda|0 fnt
|faint|p2a: Barraskewda
|
|-weather|RainDance|[upkeep]
|upkeep
|
|t:|1743826052
|switch|p2a: Clodsire|Clodsire, M|100/100
|turn|46
|
|t:|1743826057
|move|p1a: Bullshot|Iron Head|p2a: Clodsire
|-damage|p2a: Clodsire|0 fnt
|faint|p2a: Clodsire
|
|-weather|none
|upkeep
|
|t:|1743826062
|switch|p2a: Incineroar|Incineroar, F, shiny|24/100 tox
|-ability|p2a: Incineroar|Intimidate|boost
|-unboost|p1a: Bullshot|atk|1
|turn|47
|
|t:|1743826070
|move|p2a: Incineroar|Drain Punch|p1a: Bullshot
|-supereffective|p1a: Bullshot
|-damage|p1a: Bullshot|24/100
|-heal|p2a: Incineroar|50/100 tox|[from] drain|[of] p1a: Bullshot
|move|p1a: Bullshot|Iron Head|p2a: Incineroar
|-resisted|p2a: Incineroar
|-damage|p2a: Incineroar|25/100 tox
|
|-damage|p2a: Incineroar|19/100 tox|[from] psn
|upkeep
|turn|48
|
|t:|1743826088
|move|p1a: Bullshot|Sucker Punch||[still]
|-fail|p1a: Bullshot
|move|p2a: Incineroar|Parting Shot|p1a: Bullshot
|-unboost|p1a: Bullshot|atk|1
|-unboost|p1a: Bullshot|spa|1
|
|t:|1743826090
|switch|p2a: Corviknight|Corviknight, M, shiny|100/100|[from] Parting Shot
|-ability|p2a: Corviknight|Pressure
|
|upkeep
|turn|49
|
|t:|1743826106
|move|p1a: Bullshot|Kowtow Cleave|p2a: Corviknight
|-damage|p2a: Corviknight|72/100
|-damage|p1a: Bullshot|7/100|[from] item: Rocky Helmet|[of] p2a: Corviknight
|move|p2a: Corviknight|Body Press|p1a: Bullshot
|-supereffective|p1a: Bullshot
|-damage|p1a: Bullshot|0 fnt
|faint|p1a: Bullshot
|-end|p1a: Bullshot|fallen5|[silent]
|
|win|chunshao
|raw|EchoInTheDrk's rating: 1111 &rarr; <strong>1083</strong><br />(-28 for losing)
|raw|chunshao's rating: 1069 &rarr; <strong>1102</strong><br />(+33 for winning)
|c|☆EchoInTheDrk|gg
|c|☆chunshao|gg
|l|☆EchoInTheDrk
|player|p1|
|l|☆chunshao
|player|p2|
