|j|☆asdfjklqwert
|j|☆rising skies
|t:|1743862968
|gametype|singles
|player|p1|asdfjklqwert|winona|1428
|player|p2|rising skies|2|1373
|teamsize|p1|6
|teamsize|p2|6
|gen|9
|tier|[Gen 9] OU
|rated|
|rule|HP Percentage Mod: HP is shown in percentages
|rule|Endless Battle Clause: Forcing endless battles is banned
|rule|Species Clause: Limit one of each Pokémon
|rule|OHKO Clause: OHKO moves are banned
|rule|Evasion Items Clause: Evasion items are banned
|rule|Evasion Moves Clause: Evasion moves are banned
|rule|Sleep Moves Clause: Sleep-inducing moves are banned
|clearpoke
|poke|p1|Latios, M|
|poke|p1|Hydrapple, M|
|poke|p1|Tornadus-Therian, M|
|poke|p1|Weezing-Galar, F|
|poke|p1|Cinderace, F|
|poke|p1|Swampert, M|
|poke|p2|Iron Hands|
|poke|p2|Empoleon, F|
|poke|p2|Vikavolt, M|
|poke|p2|Great Tusk|
|poke|p2|Salamence, F|
|poke|p2|Ninetales-Alola, M|
|teampreview
|inactive|Battle timer is ON: inactive players will automatically lose when time's up. (requested by rising skies)
|
|t:|1743862980
|start
|switch|p1a: Swampert|Swampert, M|100/100
|switch|p2a: Empoleon|Empoleon, F|100/100
|turn|1
|
|t:|1743862986
|switch|p2a: Vikavolt|Vikavolt, M|100/100
|move|p1a: Swampert|Flip Turn|p2a: Vikavolt
|-damage|p2a: Vikavolt|68/100
|
|t:|1743862990
|switch|p1a: Latios|Latios, M|100/100|[from] Flip Turn
|
|upkeep
|turn|2
|
|t:|1743862994
|move|p1a: Latios|Draco Meteor|p2a: Vikavolt
|-damage|p2a: Vikavolt|0 fnt
|-unboost|p1a: Latios|spa|2
|faint|p2a: Vikavolt
|
|upkeep
|
|t:|1743863011
|switch|p2a: Iron Hands|Iron Hands|100/100
|turn|3
|
|t:|1743863015
|switch|p1a: Swampert|Swampert, M|100/100
|move|p2a: Iron Hands|Swords Dance|p2a: Iron Hands
|-boost|p2a: Iron Hands|atk|2
|
|upkeep
|turn|4
|
|t:|1743863021
|move|p1a: Swampert|Earthquake|p2a: Iron Hands
|-supereffective|p2a: Iron Hands
|-damage|p2a: Iron Hands|44/100
|move|p2a: Iron Hands|Drain Punch|p1a: Swampert
|-damage|p1a: Swampert|1/100
|-heal|p2a: Iron Hands|88/100|[from] drain|[of] p1a: Swampert
|
|-heal|p1a: Swampert|8/100|[from] item: Leftovers
|upkeep
|turn|5
|
|t:|1743863030
|-end|p2a: Iron Hands|Quark Drive|[silent]
|switch|p2a: Salamence|Salamence, F|100/100
|move|p1a: Swampert|Earthquake|p2a: Salamence
|-immune|p2a: Salamence
|
|-heal|p1a: Swampert|14/100|[from] item: Leftovers
|upkeep
|turn|6
|
|t:|1743863056
|switch|p1a: Hydrapple|Hydrapple, M|100/100
|move|p2a: Salamence|Focus Energy|p2a: Salamence
|-start|p2a: Salamence|move: Focus Energy
|
|upkeep
|turn|7
|
|t:|1743863063
|switch|p1a: Weezing|Weezing-Galar, F|100/100
|-ability|p1a: Weezing|Neutralizing Gas
|move|p2a: Salamence|Dual Wingbeat|p1a: Weezing
|-crit|p1a: Weezing
|-damage|p1a: Weezing|75/100
|-crit|p1a: Weezing
|-damage|p1a: Weezing|51/100
|-hitcount|p1a: Weezing|2
|
|-heal|p1a: Weezing|57/100|[from] item: Leftovers
|upkeep
|turn|8
|
|t:|1743863073
|move|p2a: Salamence|Earthquake|p1a: Weezing
|-supereffective|p1a: Weezing
|-crit|p1a: Weezing
|-damage|p1a: Weezing|0 fnt
|faint|p1a: Weezing
|-end|p1a: Weezing|ability: Neutralizing Gas
|-ability|p2a: Salamence|Moxie|boost
|-boost|p2a: Salamence|atk|1
|
|upkeep
|
|t:|1743863078
|switch|p1a: Tornadus|Tornadus-Therian, M|100/100
|turn|9
|
|t:|1743863085
|-terastallize|p1a: Tornadus|Steel
|move|p2a: Salamence|Dual Wingbeat|p1a: Tornadus
|-resisted|p1a: Tornadus
|-crit|p1a: Tornadus
|-damage|p1a: Tornadus|72/100
|-resisted|p1a: Tornadus
|-crit|p1a: Tornadus
|-damage|p1a: Tornadus|42/100
|-hitcount|p1a: Tornadus|2
|move|p1a: Tornadus|Bleakwind Storm|p2a: Salamence
|-damage|p2a: Salamence|34/100
|
|upkeep
|turn|10
|
|t:|1743863100
|switch|p1a: Hydrapple|Hydrapple, M|100/100
|move|p2a: Salamence|Dual Wingbeat|p1a: Hydrapple
|-supereffective|p1a: Hydrapple
|-crit|p1a: Hydrapple
|-damage|p1a: Hydrapple|26/100
|-damage|p2a: Salamence|17/100|[from] item: Rocky Helmet|[of] p1a: Hydrapple
|-supereffective|p1a: Hydrapple
|-crit|p1a: Hydrapple
|-damage|p1a: Hydrapple|0 fnt
|-damage|p2a: Salamence|0 fnt|[from] item: Rocky Helmet|[of] p1a: Hydrapple
|faint|p1a: Hydrapple
|faint|p2a: Salamence
|-hitcount|p1: Hydrapple|2
|
|upkeep
|
|t:|1743863114
|switch|p2a: Empoleon|Empoleon, F|100/100
|switch|p1a: Tornadus|Tornadus-Therian, M, tera:Steel|76/100
|turn|11
|
|t:|1743863127
|move|p1a: Tornadus|Knock Off|p2a: Empoleon
|-damage|p2a: Empoleon|71/100
|-enditem|p2a: Empoleon|Leftovers|[from] move: Knock Off|[of] p1a: Tornadus
|move|p2a: Empoleon|Ice Beam|p1a: Tornadus
|-resisted|p1a: Tornadus
|-damage|p1a: Tornadus|66/100
|
|upkeep
|turn|12
|
|t:|1743863134
|move|p1a: Tornadus|U-turn|p2a: Empoleon
|-resisted|p2a: Empoleon
|-damage|p2a: Empoleon|62/100
|
|t:|1743863139
|switch|p1a: Swampert|Swampert, M|14/100|[from] U-turn
|move|p2a: Empoleon|Flash Cannon|p1a: Swampert
|-resisted|p1a: Swampert
|-damage|p1a: Swampert|0 fnt
|faint|p1a: Swampert
|
|upkeep
|
|t:|1743863147
|switch|p1a: Tornadus|Tornadus-Therian, M, tera:Steel|99/100
|turn|13
|
|t:|1743863154
|move|p1a: Tornadus|Grass Knot|p2a: Empoleon
|-damage|p2a: Empoleon|41/100
|move|p2a: Empoleon|Roost|p2a: Empoleon
|-heal|p2a: Empoleon|91/100
|-singleturn|p2a: Empoleon|move: Roost
|
|upkeep
|turn|14
|
|t:|1743863160
|move|p1a: Tornadus|Grass Knot|p2a: Empoleon
|-damage|p2a: Empoleon|71/100
|move|p2a: Empoleon|Flash Cannon|p1a: Tornadus
|-resisted|p1a: Tornadus
|-damage|p1a: Tornadus|86/100
|
|upkeep
|turn|15
|
|t:|1743863167
|move|p1a: Tornadus|Grass Knot|p2a: Empoleon
|-damage|p2a: Empoleon|50/100
|move|p2a: Empoleon|Flash Cannon|p1a: Tornadus
|-resisted|p1a: Tornadus
|-damage|p1a: Tornadus|73/100
|
|upkeep
|turn|16
|
|t:|1743863185
|move|p1a: Tornadus|U-turn|p2a: Empoleon
|-resisted|p2a: Empoleon
|-damage|p2a: Empoleon|40/100
|
|t:|1743863190
|switch|p1a: Cinderace|Cinderace, F|100/100|[from] U-turn
|move|p2a: Empoleon|Roost|p2a: Empoleon
|-heal|p2a: Empoleon|90/100
|-singleturn|p2a: Empoleon|move: Roost
|
|upkeep
|turn|17
|
|t:|1743863197
|move|p1a: Cinderace|U-turn|p2a: Empoleon
|-start|p1a: Cinderace|typechange|Bug|[from] ability: Libero
|-resisted|p2a: Empoleon
|-damage|p2a: Empoleon|68/100
|
|t:|1743863200
|switch|p1a: Tornadus|Tornadus-Therian, M, tera:Steel|100/100|[from] U-turn
|move|p2a: Empoleon|Flip Turn|p1a: Tornadus
|-damage|p1a: Tornadus|81/100
|
|t:|1743863206
|switch|p2a: Iron Hands|Iron Hands|88/100|[from] Flip Turn
|
|upkeep
|turn|18
|
|t:|1743863218
|move|p1a: Tornadus|Bleakwind Storm|p2a: Iron Hands|[miss]
|-miss|p1a: Tornadus|p2a: Iron Hands
|move|p2a: Iron Hands|Ice Punch|p1a: Tornadus
|-resisted|p1a: Tornadus
|-crit|p1a: Tornadus
|-damage|p1a: Tornadus|54/100
|
|upkeep
|turn|19
|
|t:|1743863226
|move|p1a: Tornadus|U-turn|p2a: Iron Hands
|-resisted|p2a: Iron Hands
|-damage|p2a: Iron Hands|84/100
|
|t:|1743863229
|switch|p1a: Latios|Latios, M|100/100|[from] U-turn
|move|p2a: Iron Hands|Drain Punch|p1a: Latios
|-resisted|p1a: Latios
|-damage|p1a: Latios|67/100
|-heal|p2a: Iron Hands|96/100|[from] drain|[of] p1a: Latios
|
|upkeep
|turn|20
|
|t:|1743863237
|-end|p2a: Iron Hands|Quark Drive|[silent]
|switch|p2a: Empoleon|Empoleon, F|68/100
|move|p1a: Latios|Luster Purge|p2a: Empoleon
|-resisted|p2a: Empoleon
|-damage|p2a: Empoleon|47/100
|
|upkeep
|turn|21
|
|t:|1743863243
|move|p1a: Latios|Flip Turn|p2a: Empoleon
|-resisted|p2a: Empoleon
|-damage|p2a: Empoleon|40/100
|
|t:|1743863245
|switch|p1a: Tornadus|Tornadus-Therian, M, tera:Steel|87/100|[from] Flip Turn
|move|p2a: Empoleon|Roost|p2a: Empoleon
|-heal|p2a: Empoleon|90/100
|-singleturn|p2a: Empoleon|move: Roost
|
|upkeep
|turn|22
|
|t:|1743863252
|move|p1a: Tornadus|Grass Knot|p2a: Empoleon
|-damage|p2a: Empoleon|67/100
|move|p2a: Empoleon|Flip Turn|p1a: Tornadus
|-damage|p1a: Tornadus|67/100
|
|t:|1743863257
|switch|p2a: Iron Hands|Iron Hands|96/100|[from] Flip Turn
|
|upkeep
|turn|23
|
|t:|1743863262
|move|p1a: Tornadus|Bleakwind Storm|p2a: Iron Hands
|-damage|p2a: Iron Hands|43/100
|move|p2a: Iron Hands|Drain Punch|p1a: Tornadus
|-supereffective|p1a: Tornadus
|-damage|p1a: Tornadus|0 fnt
|-heal|p2a: Iron Hands|68/100|[from] drain|[of] p1a: Tornadus
|faint|p1a: Tornadus
|
|upkeep
|
|t:|1743863268
|switch|p1a: Latios|Latios, M|67/100
|turn|24
|
|t:|1743863276
|-end|p2a: Iron Hands|Quark Drive|[silent]
|switch|p2a: Empoleon|Empoleon, F|67/100
|move|p1a: Latios|Luster Purge|p2a: Empoleon
|-resisted|p2a: Empoleon
|-damage|p2a: Empoleon|43/100
|-unboost|p2a: Empoleon|spd|1
|-ability|p2a: Empoleon|Competitive|boost
|-boost|p2a: Empoleon|spa|2
|
|upkeep
|turn|25
|
|t:|1743863286
|move|p1a: Latios|Draco Meteor|p2a: Empoleon
|-resisted|p2a: Empoleon
|-damage|p2a: Empoleon|0 fnt
|-unboost|p1a: Latios|spa|2
|faint|p2a: Empoleon
|
|upkeep
|
|t:|1743863297
|switch|p2a: Iron Hands|Iron Hands|68/100
|turn|26
|
|t:|1743863300
|move|p1a: Latios|Luster Purge|p2a: Iron Hands
|-supereffective|p2a: Iron Hands
|-damage|p2a: Iron Hands|5/100
|-unboost|p2a: Iron Hands|spd|1
|move|p2a: Iron Hands|Ice Punch|p1a: Latios
|-supereffective|p1a: Latios
|-damage|p1a: Latios|0 fnt
|faint|p1a: Latios
|
|upkeep
|
|t:|1743863303
|switch|p1a: Cinderace|Cinderace, F|100/100
|turn|27
|
|t:|1743863310
|move|p1a: Cinderace|Pyro Ball|p2a: Iron Hands
|-damage|p2a: Iron Hands|0 fnt
|faint|p2a: Iron Hands
|-end|p2a: Iron Hands|Quark Drive|[silent]
|
|upkeep
|
|t:|1743863313
|switch|p2a: Great Tusk|Great Tusk|100/100
|-enditem|p2a: Great Tusk|Booster Energy
|-activate|p2a: Great Tusk|ability: Protosynthesis|[fromitem]
|-start|p2a: Great Tusk|protosynthesisatk
|turn|28
|
|t:|1743863319
|move|p1a: Cinderace|Pyro Ball|p2a: Great Tusk
|-damage|p2a: Great Tusk|60/100
|move|p2a: Great Tusk|Headlong Rush|p1a: Cinderace
|-supereffective|p1a: Cinderace
|-damage|p1a: Cinderace|0 fnt
|-unboost|p2a: Great Tusk|def|1
|-unboost|p2a: Great Tusk|spd|1
|faint|p1a: Cinderace
|
|win|rising skies
|raw|asdfjklqwert's rating: 1428 &rarr; <strong>1405</strong><br />(-23 for losing)
|raw|rising skies's rating: 1373 &rarr; <strong>1396</strong><br />(+23 for winning)
|l|☆asdfjklqwert
|player|p1|
|l|☆rising skies
|player|p2|
