|j|☆rabdophaga rosaria
|j|☆maple_syrup689hoe
|t:|1743935808
|gametype|singles
|player|p1|rabdophaga rosaria|selene-usum|1474
|player|p2|maple_syrup689hoe|rosa|1529
|teamsize|p1|6
|teamsize|p2|6
|gen|9
|tier|[Gen 9] OU
|rated|
|rule|HP Percentage Mod: HP is shown in percentages
|rule|Endless Battle Clause: Forcing endless battles is banned
|rule|Species Clause: Limit one of each Pokémon
|rule|OHKO Clause: OHKO moves are banned
|rule|Evasion Items Clause: Evasion items are banned
|rule|Evasion Moves Clause: Evasion moves are banned
|rule|Sleep Moves Clause: Sleep-inducing moves are banned
|clearpoke
|poke|p1|Hoopa-Unbound|
|poke|p1|Ogerpon-Wellspring, F|
|poke|p1|Cinderace, F|
|poke|p1|Primarina, F|
|poke|p1|Corviknight, F|
|poke|p1|Landorus-Therian, M|
|poke|p2|Weavile, M|
|poke|p2|Hatterene, F|
|poke|p2|Oricorio-Pom-Pom, M|
|poke|p2|Araquanid, M|
|poke|p2|Dragonite, F|
|poke|p2|Gholdengo|
|teampreview
|inactive|Battle timer is ON: inactive players will automatically lose when time's up. (requested by rabdophaga rosaria)
|
|t:|1743935818
|start
|switch|p1a: Primarina|Primarina, F|100/100
|switch|p2a: Araquanid|Araquanid, M|100/100
|turn|1
|
|t:|1743935830
|move|p1a: Primarina|Moonblast|p2a: Araquanid
|-damage|p2a: Araquanid|59/100
|move|p2a: Araquanid|Sticky Web|p1a: Primarina
|-sidestart|p1: rabdophaga rosaria|move: Sticky Web
|
|upkeep
|turn|2
|
|t:|1743935835
|switch|p1a: Corviknight|Corviknight, F|100/100
|-ability|p1a: Corviknight|Pressure
|move|p2a: Araquanid|Endeavor|p1a: Corviknight
|-damage|p1a: Corviknight|50/100
|-damage|p2a: Araquanid|42/100|[from] item: Rocky Helmet|[of] p1a: Corviknight
|
|upkeep
|turn|3
|
|t:|1743935842
|move|p1a: Corviknight|Roost|p1a: Corviknight
|-heal|p1a: Corviknight|99/100
|-singleturn|p1a: Corviknight|move: Roost
|move|p2a: Araquanid|Surf|p1a: Corviknight
|-damage|p1a: Corviknight|43/100
|
|upkeep
|turn|4
|
|t:|1743935850
|move|p1a: Corviknight|Roost|p1a: Corviknight
|-heal|p1a: Corviknight|93/100
|-singleturn|p1a: Corviknight|move: Roost
|move|p2a: Araquanid|Surf|p1a: Corviknight
|-damage|p1a: Corviknight|40/100
|
|upkeep
|turn|5
|
|t:|1743935865
|move|p1a: Corviknight|U-turn|p2a: Araquanid
|-damage|p2a: Araquanid|27/100
|
|t:|1743935867
|switch|p1a: Ogerpon|Ogerpon-Wellspring, F|100/100|[from] U-turn
|-activate|p1a: Ogerpon|move: Sticky Web
|-unboost|p1a: Ogerpon|spe|1
|move|p2a: Araquanid|Surf|p1a: Ogerpon
|-immune|p1a: Ogerpon|[from] ability: Water Absorb
|
|upkeep
|turn|6
|
|t:|1743935873
|move|p2a: Araquanid|Endure|p2a: Araquanid
|-singleturn|p2a: Araquanid|move: Endure
|move|p1a: Ogerpon|Power Whip|p2a: Araquanid|[miss]
|-miss|p1a: Ogerpon|p2a: Araquanid
|
|upkeep
|turn|7
|
|t:|1743935886
|move|p2a: Araquanid|Endure||[still]
|-fail|p2a: Araquanid
|move|p1a: Ogerpon|Power Whip|p2a: Araquanid
|-crit|p2a: Araquanid
|-damage|p2a: Araquanid|0 fnt
|faint|p2a: Araquanid
|
|upkeep
|
|t:|1743935891
|switch|p2a: Oricorio|Oricorio-Pom-Pom, M|100/100
|turn|8
|
|t:|1743935901
|move|p1a: Ogerpon|Ivy Cudgel|p2a: Oricorio|[anim] Ivy Cudgel Water
|-crit|p2a: Oricorio
|-damage|p2a: Oricorio|19/100
|-enditem|p2a: Oricorio|Kee Berry|[eat]
|-boost|p2a: Oricorio|def|1|[from] item: Kee Berry
|move|p2a: Oricorio|Quiver Dance|p2a: Oricorio
|-boost|p2a: Oricorio|spa|1
|-boost|p2a: Oricorio|spd|1
|-boost|p2a: Oricorio|spe|1
|
|upkeep
|turn|9
|
|t:|1743935912
|switch|p1a: Corviknight|Corviknight, F|40/100
|-ability|p1a: Corviknight|Pressure
|move|p2a: Oricorio|Roost|p2a: Oricorio
|-heal|p2a: Oricorio|69/100
|-singleturn|p2a: Oricorio|move: Roost
|
|upkeep
|turn|10
|
|t:|1743935938
|move|p2a: Oricorio|Revelation Dance|p1a: Corviknight
|-supereffective|p1a: Corviknight
|-damage|p1a: Corviknight|0 fnt
|faint|p1a: Corviknight
|
|upkeep
|inactive|rabdophaga rosaria has 120 seconds left.
|
|t:|1743935960
|switch|p1a: Landorus|Landorus-Therian, M|100/100
|-ability|p1a: Landorus|Intimidate|boost
|-unboost|p2a: Oricorio|atk|1
|turn|11
|
|t:|1743935964
|move|p1a: Landorus|Stone Edge|p2a: Oricorio
|-supereffective|p2a: Oricorio
|-damage|p2a: Oricorio|28/100
|move|p2a: Oricorio|Quiver Dance|p2a: Oricorio
|-boost|p2a: Oricorio|spa|1
|-boost|p2a: Oricorio|spd|1
|-boost|p2a: Oricorio|spe|1
|
|upkeep
|turn|12
|
|t:|1743935970
|-terastallize|p2a: Oricorio|Ground
|move|p1a: Landorus|Stone Edge|p2a: Oricorio
|-resisted|p2a: Oricorio
|-crit|p2a: Oricorio
|-damage|p2a: Oricorio|4/100
|move|p2a: Oricorio|Roost|p2a: Oricorio
|-heal|p2a: Oricorio|54/100
|
|upkeep
|turn|13
|
|t:|1743935976
|switch|p1a: Ogerpon|Ogerpon-Wellspring, F|100/100
|-activate|p1a: Ogerpon|move: Sticky Web
|-unboost|p1a: Ogerpon|spe|1
|move|p2a: Oricorio|Quiver Dance|p2a: Oricorio
|-boost|p2a: Oricorio|spa|1
|-boost|p2a: Oricorio|spd|1
|-boost|p2a: Oricorio|spe|1
|
|upkeep
|turn|14
|
|t:|1743935986
|move|p2a: Oricorio|Hurricane|p1a: Ogerpon
|-supereffective|p1a: Ogerpon
|-damage|p1a: Ogerpon|0 fnt
|faint|p1a: Ogerpon
|
|upkeep
|
|t:|1743935994
|switch|p1a: Landorus|Landorus-Therian, M|100/100
|-ability|p1a: Landorus|Intimidate|boost
|-unboost|p2a: Oricorio|atk|1
|turn|15
|
|t:|1743936003
|move|p2a: Oricorio|Hurricane|p1a: Landorus
|-damage|p1a: Landorus|0 fnt
|faint|p1a: Landorus
|
|upkeep
|
|t:|1743936008
|switch|p1a: Primarina|Primarina, F|100/100
|-activate|p1a: Primarina|move: Sticky Web
|-unboost|p1a: Primarina|spe|1
|turn|16
|
|t:|1743936017
|-terastallize|p1a: Primarina|Poison
|move|p2a: Oricorio|Revelation Dance|p1a: Primarina
|-supereffective|p1a: Primarina
|-damage|p1a: Primarina|23/100
|move|p1a: Primarina|Surf|p2a: Oricorio
|-supereffective|p2a: Oricorio
|-damage|p2a: Oricorio|0 fnt
|faint|p2a: Oricorio
|
|upkeep
|
|t:|1743936024
|switch|p2a: Dragonite|Dragonite, F|100/100
|turn|17
|
|t:|1743936027
|move|p2a: Dragonite|Dragon Dance|p2a: Dragonite
|-boost|p2a: Dragonite|atk|1
|-boost|p2a: Dragonite|spe|1
|move|p1a: Primarina|Moonblast|p2a: Dragonite
|-supereffective|p2a: Dragonite
|-damage|p2a: Dragonite|43/100
|-unboost|p2a: Dragonite|spa|1
|
|upkeep
|turn|18
|
|t:|1743936031
|move|p2a: Dragonite|Earthquake|p1a: Primarina
|-supereffective|p1a: Primarina
|-damage|p1a: Primarina|0 fnt
|faint|p1a: Primarina
|
|upkeep
|
|t:|1743936041
|switch|p1a: Cinderace|Cinderace, F|100/100
|turn|19
|
|t:|1743936046
|move|p2a: Dragonite|Earthquake|p1a: Cinderace
|-supereffective|p1a: Cinderace
|-damage|p1a: Cinderace|0 fnt
|faint|p1a: Cinderace
|
|upkeep
|-message|rabdophaga rosaria forfeited.
|
|win|maple_syrup689hoe
|raw|rabdophaga rosaria's rating: 1474 &rarr; <strong>1457</strong><br />(-17 for losing)
|raw|maple_syrup689hoe's rating: 1529 &rarr; <strong>1546</strong><br />(+17 for winning)
|l|☆rabdophaga rosaria
|player|p1|
|l|☆maple_syrup689hoe
|player|p2|
