|j|☆918kw
|j|☆goat3000
|t:|1743806524
|gametype|singles
|player|p1|918kw|lucas|1258
|player|p2|goat3000|101|1232
|teamsize|p1|6
|teamsize|p2|6
|gen|9
|tier|[Gen 9] OU
|rated|
|rule|HP Percentage Mod: HP is shown in percentages
|rule|Endless Battle Clause: Forcing endless battles is banned
|rule|Species Clause: Limit one of each Pokémon
|rule|OHKO Clause: OHKO moves are banned
|rule|Evasion Items Clause: Evasion items are banned
|rule|Evasion Moves Clause: Evasion moves are banned
|rule|Sleep Moves Clause: Sleep-inducing moves are banned
|clearpoke
|poke|p1|Scizor, M|
|poke|p1|Cryogonal|
|poke|p1|Coalossal, F|
|poke|p1|Lokix, M|
|poke|p1|Gyarados, M|
|poke|p1|Slowbro-Galar, M|
|poke|p2|Garganacl, F|
|poke|p2|Skeledirge, M|
|poke|p2|Dragapult, F|
|poke|p2|Clodsire, M|
|poke|p2|Enamorus, F|
|poke|p2|Corviknight, F|
|teampreview
|inactive|Battle timer is ON: inactive players will automatically lose when time's up. (requested by 918kw)
|
|t:|1743806536
|start
|switch|p1a: Slowbro|Slowbro-Galar, M|100/100
|switch|p2a: Enamorus|Enamorus, F|100/100
|turn|1
|
|t:|1743806542
|-terastallize|p2a: Enamorus|Steel
|move|p2a: Enamorus|Superpower|p1a: Slowbro
|-resisted|p1a: Slowbro
|-damage|p1a: Slowbro|92/100
|-boost|p2a: Enamorus|atk|1
|-boost|p2a: Enamorus|def|1
|move|p1a: Slowbro|Sludge Wave|p2a: Enamorus
|-immune|p2a: Enamorus
|
|upkeep
|turn|2
|-activate|p1a: Slowbro|item: Quick Claw
|
|t:|1743806550
|move|p1a: Slowbro|Fire Blast|p2a: Enamorus
|-supereffective|p2a: Enamorus
|-damage|p2a: Enamorus|6/100
|move|p2a: Enamorus|Iron Head|p1a: Slowbro
|-damage|p1a: Slowbro|42/100
|
|-heal|p2a: Enamorus|12/100|[from] item: Leftovers
|upkeep
|turn|3
|
|t:|1743806557
|move|p2a: Enamorus|Iron Head|p1a: Slowbro
|-damage|p1a: Slowbro|0 fnt
|faint|p1a: Slowbro
|
|-heal|p2a: Enamorus|18/100|[from] item: Leftovers
|upkeep
|
|t:|1743806560
|switch|p1a: Scizor|Scizor, M|100/100
|turn|4
|
|t:|1743806564
|switch|p2a: Corviknight|Corviknight, F, shiny|100/100
|move|p1a: Scizor|Bullet Punch|p2a: Corviknight
|-resisted|p2a: Corviknight
|-damage|p2a: Corviknight|90/100
|-damage|p1a: Scizor|84/100|[from] item: Rocky Helmet|[of] p2a: Corviknight
|
|-heal|p1a: Scizor|90/100|[from] item: Leftovers
|upkeep
|turn|5
|
|t:|1743806572
|switch|p1a: Cryogonal|Cryogonal|100/100
|move|p2a: Corviknight|Reflect|p2a: Corviknight
|-sidestart|p2: goat3000|Reflect
|
|upkeep
|turn|6
|
|t:|1743806577
|move|p1a: Cryogonal|Acid Armor|p1a: Cryogonal
|-boost|p1a: Cryogonal|def|2
|move|p2a: Corviknight|Body Press|p1a: Cryogonal
|-supereffective|p1a: Cryogonal
|-damage|p1a: Cryogonal|47/100
|
|upkeep
|turn|7
|
|t:|1743806583
|move|p1a: Cryogonal|Freeze-Dry|p2a: Corviknight
|-damage|p2a: Corviknight|60/100
|move|p2a: Corviknight|Iron Defense|p2a: Corviknight
|-boost|p2a: Corviknight|def|2
|
|upkeep
|turn|8
|
|t:|1743806587
|move|p1a: Cryogonal|Freeze-Dry|p2a: Corviknight
|-damage|p2a: Corviknight|31/100
|move|p2a: Corviknight|Body Press|p1a: Cryogonal
|-supereffective|p1a: Cryogonal
|-damage|p1a: Cryogonal|0 fnt
|faint|p1a: Cryogonal
|
|upkeep
|
|t:|1743806594
|switch|p1a: Coalossal|Coalossal, F|100/100
|turn|9
|
|t:|1743806605
|-terastallize|p1a: Coalossal|Water
|move|p2a: Corviknight|Roost|p2a: Corviknight
|-heal|p2a: Corviknight|81/100
|-singleturn|p2a: Corviknight|move: Roost
|move|p1a: Coalossal|Meteor Beam||[still]
|-prepare|p1a: Coalossal|Meteor Beam
|-boost|p1a: Coalossal|spa|1
|-enditem|p1a: Coalossal|Power Herb
|-anim|p1a: Coalossal|Meteor Beam|p2a: Corviknight
|-resisted|p2a: Corviknight
|-damage|p2a: Corviknight|45/100
|
|-sideend|p2: goat3000|Reflect
|upkeep
|turn|10
|
|t:|1743806615
|move|p2a: Corviknight|Roost|p2a: Corviknight
|-heal|p2a: Corviknight|95/100
|-singleturn|p2a: Corviknight|move: Roost
|move|p1a: Coalossal|Overheat|p2a: Corviknight
|-supereffective|p2a: Corviknight
|-damage|p2a: Corviknight|0 fnt
|-unboost|p1a: Coalossal|spa|2
|faint|p2a: Corviknight
|
|upkeep
|
|t:|1743806626
|switch|p2a: Garganacl|Garganacl, F|100/100
|turn|11
|
|t:|1743806630
|move|p1a: Coalossal|Scald|p2a: Garganacl
|-supereffective|p2a: Garganacl
|-damage|p2a: Garganacl|56/100
|move|p2a: Garganacl|Salt Cure|p1a: Coalossal
|-damage|p1a: Coalossal|89/100
|-start|p1a: Coalossal|Salt Cure
|
|-heal|p2a: Garganacl|62/100|[from] item: Leftovers
|-damage|p1a: Coalossal|64/100|[from] Salt Cure
|upkeep
|turn|12
|
|t:|1743806638
|move|p1a: Coalossal|Scald|p2a: Garganacl
|-supereffective|p2a: Garganacl
|-damage|p2a: Garganacl|23/100
|move|p2a: Garganacl|Recover|p2a: Garganacl
|-heal|p2a: Garganacl|73/100
|
|-heal|p2a: Garganacl|79/100|[from] item: Leftovers
|-damage|p1a: Coalossal|39/100|[from] Salt Cure
|upkeep
|turn|13
|
|t:|1743806645
|move|p1a: Coalossal|Scald|p2a: Garganacl
|-supereffective|p2a: Garganacl
|-damage|p2a: Garganacl|36/100
|move|p2a: Garganacl|Recover|p2a: Garganacl
|-heal|p2a: Garganacl|86/100
|
|-heal|p2a: Garganacl|92/100|[from] item: Leftovers
|-damage|p1a: Coalossal|14/100|[from] Salt Cure
|upkeep
|turn|14
|
|t:|1743806652
|move|p2a: Garganacl|Protect|p2a: Garganacl
|-singleturn|p2a: Garganacl|Protect
|move|p1a: Coalossal|Scald|p2a: Garganacl
|-activate|p2a: Garganacl|move: Protect
|
|-heal|p2a: Garganacl|99/100|[from] item: Leftovers
|-damage|p1a: Coalossal|0 fnt|[from] Salt Cure
|faint|p1a: Coalossal
|upkeep
|
|t:|1743806656
|switch|p1a: Lokix|Lokix, M|100/100
|turn|15
|
|t:|1743806662
|move|p1a: Lokix|Axe Kick|p2a: Garganacl
|-supereffective|p2a: Garganacl
|-crit|p2a: Garganacl
|-damage|p2a: Garganacl|23/100
|-damage|p1a: Lokix|91/100|[from] item: Life Orb
|move|p2a: Garganacl|Salt Cure|p1a: Lokix
|-supereffective|p1a: Lokix
|-damage|p1a: Lokix|47/100
|-start|p1a: Lokix|Salt Cure
|
|-heal|p2a: Garganacl|29/100|[from] item: Leftovers
|-damage|p1a: Lokix|35/100|[from] Salt Cure
|upkeep
|turn|16
|
|t:|1743806674
|move|p2a: Garganacl|Protect|p2a: Garganacl
|-singleturn|p2a: Garganacl|Protect
|move|p1a: Lokix|Throat Chop|p2a: Garganacl
|-activate|p2a: Garganacl|move: Protect
|
|-heal|p2a: Garganacl|36/100|[from] item: Leftovers
|-damage|p1a: Lokix|23/100|[from] Salt Cure
|upkeep
|turn|17
|
|t:|1743806682
|switch|p2a: Dragapult|Dragapult, F, shiny|100/100
|move|p1a: Lokix|Axe Kick|p2a: Dragapult
|-immune|p2a: Dragapult
|-damage|p1a: Lokix|0 fnt|[from] highjumpkick
|faint|p1a: Lokix
|
|upkeep
|
|t:|1743806688
|switch|p1a: Gyarados|Gyarados, M|100/100
|-ability|p1a: Gyarados|Intimidate|boost
|-fail|p2a: Dragapult|unboost|[from] ability: Clear Body|[of] p2a: Dragapult
|turn|18
|
|t:|1743806694
|move|p2a: Dragapult|Dragon Dance|p2a: Dragapult
|-boost|p2a: Dragapult|atk|1
|-boost|p2a: Dragapult|spe|1
|move|p1a: Gyarados|Dragon Dance|p1a: Gyarados
|-boost|p1a: Gyarados|atk|1
|-boost|p1a: Gyarados|spe|1
|
|upkeep
|turn|19
|
|t:|1743806701
|move|p2a: Dragapult|Dragon Darts|p1a: Gyarados
|-damage|p1a: Gyarados|31/100
|-anim|p2a: Dragapult|Dragon Darts|p1a: Gyarados
|-damage|p1a: Gyarados|0 fnt
|faint|p1a: Gyarados
|-damage|p2a: Dragapult|91/100|[from] item: Life Orb
|
|upkeep
|
|t:|1743806703
|switch|p1a: Scizor|Scizor, M|90/100
|turn|20
|
|t:|1743806716
|move|p2a: Dragapult|Dragon Darts|p1a: Scizor
|-resisted|p1a: Scizor
|-damage|p1a: Scizor|64/100
|-anim|p2a: Dragapult|Dragon Darts|p1a: Scizor
|-resisted|p1a: Scizor
|-damage|p1a: Scizor|39/100
|-damage|p2a: Dragapult|81/100|[from] item: Life Orb
|move|p1a: Scizor|Swords Dance|p1a: Scizor
|-boost|p1a: Scizor|atk|2
|
|-heal|p1a: Scizor|45/100|[from] item: Leftovers
|upkeep
|turn|21
|
|t:|1743806726
|move|p1a: Scizor|Bullet Punch|p2a: Dragapult
|-damage|p2a: Dragapult|0 fnt
|faint|p2a: Dragapult
|
|-heal|p1a: Scizor|51/100|[from] item: Leftovers
|upkeep
|
|t:|1743806730
|switch|p2a: Skeledirge|Skeledirge, M|100/100
|turn|22
|
|t:|1743806736
|move|p2a: Skeledirge|Will-O-Wisp|p1a: Scizor
|-status|p1a: Scizor|brn
|move|p1a: Scizor|U-turn|p2a: Skeledirge
|-resisted|p2a: Skeledirge
|-damage|p2a: Skeledirge|96/100
|
|-heal|p2a: Skeledirge|100/100|[from] item: Leftovers
|-heal|p1a: Scizor|57/100 brn|[from] item: Leftovers
|-damage|p1a: Scizor|51/100 brn|[from] brn
|upkeep
|turn|23
|c|☆goat3000|u turn is wild
|
|t:|1743806753
|move|p1a: Scizor|Bullet Punch|p2a: Skeledirge
|-resisted|p2a: Skeledirge
|-damage|p2a: Skeledirge|94/100
|move|p2a: Skeledirge|Slack Off|p2a: Skeledirge
|-heal|p2a: Skeledirge|100/100
|
|-heal|p1a: Scizor|57/100 brn|[from] item: Leftovers
|-damage|p1a: Scizor|51/100 brn|[from] brn
|upkeep
|turn|24
|
|t:|1743806764
|move|p2a: Skeledirge|Will-O-Wisp|p1a: Scizor
|-fail|p1a: Scizor|brn
|move|p1a: Scizor|U-turn|p2a: Skeledirge
|-resisted|p2a: Skeledirge
|-damage|p2a: Skeledirge|96/100
|
|-heal|p2a: Skeledirge|100/100|[from] item: Leftovers
|-heal|p1a: Scizor|57/100 brn|[from] item: Leftovers
|-damage|p1a: Scizor|51/100 brn|[from] brn
|upkeep
|turn|25
|
|t:|1743806770
|move|p2a: Skeledirge|Torch Song|p1a: Scizor
|-supereffective|p1a: Scizor
|-damage|p1a: Scizor|0 fnt
|-boost|p2a: Skeledirge|spa|1
|faint|p1a: Scizor
|
|win|goat3000
|raw|918kw's rating: 1258 &rarr; <strong>1231</strong><br />(-27 for losing)
|raw|goat3000's rating: 1232 &rarr; <strong>1259</strong><br />(+27 for winning)
|l|☆goat3000
|player|p2|
|l|☆918kw
|player|p1|
