|j|☆arj.uno
|j|☆dthcyj
|t:|1743868776
|gametype|singles
|player|p1|arj.uno|doctor|1156
|player|p2|dthcyj|policeman-gen4|1214
|teamsize|p1|6
|teamsize|p2|6
|gen|9
|tier|[Gen 9] OU
|rated|
|rule|HP Percentage Mod: HP is shown in percentages
|rule|Endless Battle Clause: Forcing endless battles is banned
|rule|Species Clause: Limit one of each Pokémon
|rule|OHKO Clause: OHKO moves are banned
|rule|Evasion Items Clause: Evasion items are banned
|rule|Evasion Moves Clause: Evasion moves are banned
|rule|Sleep Moves Clause: Sleep-inducing moves are banned
|clearpoke
|poke|p1|Serperior, M|
|poke|p1|Quaquaval, F|
|poke|p1|Clefable, M|
|poke|p1|Tauros, M|
|poke|p1|Heracross, M|
|poke|p1|Skeledirge, F|
|poke|p2|Pelipper, F|
|poke|p2|Barraskewda, F|
|poke|p2|Meowscarada, F|
|poke|p2|Incineroar, M|
|poke|p2|Zapdos|
|poke|p2|Iron Treads|
|teampreview
|
|t:|1743868799
|start
|switch|p1a: Clefable|Clefable, M|100/100
|switch|p2a: Zapdos|Zapdos, shiny|100/100
|turn|1
|inactive|Battle timer is ON: inactive players will automatically lose when time's up. (requested by arj.uno)
|
|t:|1743868843
|switch|p2a: Iron Treads|Iron Treads|100/100
|-item|p2a: Iron Treads|Air Balloon
|move|p1a: Clefable|Stealth Rock|p2a: Iron Treads
|-sidestart|p2: dthcyj|move: Stealth Rock
|
|upkeep
|turn|2
|
|t:|1743868852
|switch|p1a: Skeledirge|Skeledirge, F|100/100
|move|p2a: Iron Treads|Stealth Rock|p1a: Skeledirge
|-sidestart|p1: arj.uno|move: Stealth Rock
|
|upkeep
|turn|3
|
|t:|1743868864
|-end|p2a: Iron Treads|Quark Drive|[silent]
|switch|p2a: Pelipper|Pelipper, F|100/100
|-damage|p2a: Pelipper|75/100|[from] Stealth Rock
|-weather|RainDance|[from] ability: Drizzle|[of] p2a: Pelipper
|move|p1a: Skeledirge|Torch Song|p2a: Pelipper
|-resisted|p2a: Pelipper
|-damage|p2a: Pelipper|65/100
|-boost|p1a: Skeledirge|spa|1
|
|-weather|RainDance|[upkeep]
|upkeep
|turn|4
|
|t:|1743868880
|move|p2a: Pelipper|Surf|p1a: Skeledirge
|-supereffective|p1a: Skeledirge
|-damage|p1a: Skeledirge|23/100
|move|p1a: Skeledirge|Shadow Ball|p2a: Pelipper
|-damage|p2a: Pelipper|0 fnt
|faint|p2a: Pelipper
|
|-weather|RainDance|[upkeep]
|-heal|p1a: Skeledirge|29/100|[from] item: Leftovers
|upkeep
|
|t:|1743868888
|switch|p2a: Barraskewda|Barraskewda, F, shiny|100/100
|-damage|p2a: Barraskewda|88/100|[from] Stealth Rock
|turn|5
|
|t:|1743868895
|switch|p1a: Clefable|Clefable, M|100/100
|-terastallize|p2a: Barraskewda|Water
|move|p2a: Barraskewda|Liquidation|p1a: Clefable
|-damage|p1a: Clefable|0 fnt
|faint|p1a: Clefable
|
|-weather|RainDance|[upkeep]
|upkeep
|
|t:|1743868900
|switch|p1a: Serperior|Serperior, M|100/100
|-damage|p1a: Serperior|88/100|[from] Stealth Rock
|turn|6
|
|t:|1743868902
|move|p2a: Barraskewda|Liquidation|p1a: Serperior
|-resisted|p1a: Serperior
|-damage|p1a: Serperior|9/100
|move|p1a: Serperior|Leaf Storm|p2a: Barraskewda
|-supereffective|p2a: Barraskewda
|-damage|p2a: Barraskewda|0 fnt
|-boost|p1a: Serperior|spa|2
|faint|p2a: Barraskewda
|
|-weather|RainDance|[upkeep]
|-heal|p1a: Serperior|15/100|[from] item: Leftovers
|upkeep
|
|t:|1743868915
|switch|p2a: Meowscarada|Meowscarada, F, shiny|100/100
|-damage|p2a: Meowscarada|88/100|[from] Stealth Rock
|turn|7
|
|t:|1743868931
|move|p2a: Meowscarada|Triple Axel|p1a: Serperior
|-start|p2a: Meowscarada|typechange|Ice|[from] ability: Protean
|-supereffective|p1a: Serperior
|-damage|p1a: Serperior|0 fnt
|faint|p1a: Serperior
|-hitcount|p1: Serperior|1
|
|-weather|RainDance|[upkeep]
|-heal|p2a: Meowscarada|94/100|[from] item: Leftovers
|upkeep
|
|t:|1743868939
|switch|p1a: Heracross|Heracross, M|100/100
|-damage|p1a: Heracross|88/100|[from] Stealth Rock
|turn|8
|l|☆arj.uno
|inactive|arj.uno disconnected and has a minute to reconnect!
|player|p1|
|
|t:|1743868947
|switch|p2a: Incineroar|Incineroar, M, shiny|100/100
|-damage|p2a: Incineroar|75/100|[from] Stealth Rock
|-ability|p2a: Incineroar|Intimidate|boost
|-unboost|p1a: Heracross|atk|1
|move|p1a: Heracross|Trailblaze|p2a: Incineroar
|-resisted|p2a: Incineroar
|-damage|p2a: Incineroar|70/100
|-boost|p1a: Heracross|spe|1
|
|-weather|RainDance|[upkeep]
|-heal|p2a: Incineroar|76/100|[from] item: Leftovers
|-status|p1a: Heracross|brn|[from] item: Flame Orb
|upkeep
|turn|9
|j|☆arj.uno
|inactive|arj.uno reconnected and has 150 seconds left.
|player|p1|arj.uno|doctor|
|
|t:|1743868965
|switch|p2a: Zapdos|Zapdos, shiny|100/100
|move|p1a: Heracross|Rock Slide|p2a: Zapdos
|-supereffective|p2a: Zapdos
|-damage|p2a: Zapdos|40/100
|
|-weather|RainDance|[upkeep]
|-damage|p1a: Heracross|82/100 brn|[from] brn
|upkeep
|turn|10
|
|t:|1743868978
|move|p1a: Heracross|Rock Slide|p2a: Zapdos
|-supereffective|p2a: Zapdos
|-damage|p2a: Zapdos|0 fnt
|faint|p2a: Zapdos
|
|-weather|none
|-damage|p1a: Heracross|76/100 brn|[from] brn
|upkeep
|
|t:|1743868992
|switch|p2a: Meowscarada|Meowscarada, F, shiny|94/100
|-damage|p2a: Meowscarada|82/100|[from] Stealth Rock
|turn|11
|
|t:|1743868999
|move|p1a: Heracross|Rock Slide|p2a: Meowscarada
|-damage|p2a: Meowscarada|42/100
|move|p2a: Meowscarada|U-turn|p1a: Heracross
|-start|p2a: Meowscarada|typechange|Bug|[from] ability: Protean
|-resisted|p1a: Heracross
|-damage|p1a: Heracross|52/100 brn
|
|t:|1743869008
|switch|p2a: Incineroar|Incineroar, M, shiny|76/100|[from] U-turn
|-damage|p2a: Incineroar|51/100|[from] Stealth Rock
|-ability|p2a: Incineroar|Intimidate|boost
|-unboost|p1a: Heracross|atk|1
|
|-heal|p2a: Incineroar|57/100|[from] item: Leftovers
|-damage|p1a: Heracross|46/100 brn|[from] brn
|upkeep
|turn|12
|
|t:|1743869012
|move|p1a: Heracross|Close Combat|p2a: Incineroar
|-supereffective|p2a: Incineroar
|-damage|p2a: Incineroar|0 fnt
|-unboost|p1a: Heracross|def|1
|-unboost|p1a: Heracross|spd|1
|faint|p2a: Incineroar
|
|-damage|p1a: Heracross|40/100 brn|[from] brn
|upkeep
|
|t:|1743869016
|switch|p2a: Meowscarada|Meowscarada, F, shiny|42/100
|-damage|p2a: Meowscarada|30/100|[from] Stealth Rock
|turn|13
|
|t:|1743869018
|move|p1a: Heracross|Close Combat|p2a: Meowscarada
|-supereffective|p2a: Meowscarada
|-damage|p2a: Meowscarada|0 fnt
|-unboost|p1a: Heracross|def|1
|-unboost|p1a: Heracross|spd|1
|faint|p2a: Meowscarada
|
|-damage|p1a: Heracross|34/100 brn|[from] brn
|upkeep
|-message|dthcyj forfeited.
|
|win|arj.uno
|raw|arj.uno's rating: 1156 &rarr; <strong>1185</strong><br />(+29 for winning)
|raw|dthcyj's rating: 1214 &rarr; <strong>1185</strong><br />(-29 for losing)
|l|☆dthcyj
|player|p2|
|l|☆arj.uno
|player|p1|
