|j|☆Koto5blue
|j|☆rising skies
|t:|1743863356
|gametype|singles
|player|p1|Koto5blue|falkner|1434
|player|p2|rising skies|2|1396
|teamsize|p1|6
|teamsize|p2|6
|gen|9
|tier|[Gen 9] OU
|rated|
|rule|HP Percentage Mod: HP is shown in percentages
|rule|Endless Battle Clause: Forcing endless battles is banned
|rule|Species Clause: Limit one of each Pokémon
|rule|OHKO Clause: OHKO moves are banned
|rule|Evasion Items Clause: Evasion items are banned
|rule|Evasion Moves Clause: Evasion moves are banned
|rule|Sleep Moves Clause: Sleep-inducing moves are banned
|clearpoke
|poke|p1|Empoleon, F|
|poke|p1|Corviknight, M|
|poke|p1|Great Tusk|
|poke|p1|Slowking-Galar, M|
|poke|p1|Meowscarada, F|
|poke|p1|Cinderace, F|
|poke|p2|Iron Hands|
|poke|p2|Empoleon, M|
|poke|p2|Vikavolt, M|
|poke|p2|Great Tusk|
|poke|p2|Salamence, F|
|poke|p2|Ninetales-Alola, M|
|teampreview
|inactive|Battle timer is ON: inactive players will automatically lose when time's up. (requested by rising skies)
|inactive|Koto5blue also wants the timer to be on.
|
|t:|1743863364
|start
|switch|p1a: Empoleon|Empoleon, F|100/100
|switch|p2a: Vikavolt|Vikavolt, M|100/100
|turn|1
|
|t:|1743863373
|switch|p1a: Great Tusk|Great Tusk|100/100
|move|p2a: Vikavolt|Volt Switch|p1a: Great Tusk
|-immune|p1a: Great Tusk
|
|upkeep
|turn|2
|
|t:|1743863382
|move|p1a: Great Tusk|Rapid Spin|p2a: Vikavolt
|-damage|p2a: Vikavolt|83/100
|-boost|p1a: Great Tusk|spe|1
|move|p2a: Vikavolt|Energy Ball|p1a: Great Tusk
|-supereffective|p1a: Great Tusk
|-damage|p1a: Great Tusk|0 fnt
|faint|p1a: Great Tusk
|-end|p1a: Great Tusk|Protosynthesis|[silent]
|
|upkeep
|
|t:|1743863386
|switch|p1a: Cinderace|Cinderace, F|100/100
|turn|3
|
|t:|1743863400
|move|p1a: Cinderace|Pyro Ball|p2a: Vikavolt
|-supereffective|p2a: Vikavolt
|-damage|p2a: Vikavolt|0 fnt
|faint|p2a: Vikavolt
|
|upkeep
|
|t:|1743863407
|switch|p2a: Salamence|Salamence, F|100/100
|turn|4
|
|t:|1743863412
|move|p1a: Cinderace|U-turn|p2a: Salamence
|-start|p1a: Cinderace|typechange|Bug|[from] ability: Libero
|-resisted|p2a: Salamence
|-damage|p2a: Salamence|79/100
|
|t:|1743863415
|switch|p1a: Empoleon|Empoleon, F|100/100|[from] U-turn
|move|p2a: Salamence|Earthquake|p1a: Empoleon
|-supereffective|p1a: Empoleon
|-enditem|p1a: Empoleon|Shuca Berry|[eat]
|-enditem|p1a: Empoleon|Shuca Berry|[weaken]
|-damage|p1a: Empoleon|64/100
|
|upkeep
|turn|5
|
|t:|1743863425
|-terastallize|p1a: Empoleon|Ground
|move|p2a: Salamence|Focus Energy|p2a: Salamence
|-start|p2a: Salamence|move: Focus Energy
|move|p1a: Empoleon|Ice Beam|p2a: Salamence
|-supereffective|p2a: Salamence
|-crit|p2a: Salamence
|-damage|p2a: Salamence|0 fnt
|faint|p2a: Salamence
|
|upkeep
|
|t:|1743863436
|switch|p2a: Ninetales|Ninetales-Alola, M|100/100
|-weather|Snowscape|[from] ability: Snow Warning|[of] p2a: Ninetales
|turn|6
|
|t:|1743863441
|move|p2a: Ninetales|Blizzard|p1a: Empoleon
|-supereffective|p1a: Empoleon
|-damage|p1a: Empoleon|0 fnt
|faint|p1a: Empoleon
|
|-weather|Snowscape|[upkeep]
|upkeep
|
|t:|1743863444
|switch|p1a: Cinderace|Cinderace, F|100/100
|turn|7
|l|☆rising skies
|inactive|rising skies disconnected and has a minute to reconnect!
|player|p2|
|j|☆rising skies
|inactive|rising skies reconnected and has 145 seconds left.
|player|p2|rising skies|2|
|
|t:|1743863456
|move|p1a: Cinderace|Pyro Ball|p2a: Ninetales
|-supereffective|p2a: Ninetales
|-damage|p2a: Ninetales|19/100
|move|p2a: Ninetales|Aurora Veil|p2a: Ninetales
|-sidestart|p2: rising skies|move: Aurora Veil
|
|-weather|Snowscape|[upkeep]
|upkeep
|turn|8
|
|t:|1743863462
|move|p1a: Cinderace|Pyro Ball|p2a: Ninetales
|-supereffective|p2a: Ninetales
|-crit|p2a: Ninetales
|-damage|p2a: Ninetales|0 fnt
|faint|p2a: Ninetales
|
|-weather|Snowscape|[upkeep]
|upkeep
|
|t:|1743863467
|switch|p2a: Iron Hands|Iron Hands|100/100
|turn|9
|
|t:|1743863479
|switch|p1a: Meowscarada|Meowscarada, F|100/100
|move|p2a: Iron Hands|Swords Dance|p2a: Iron Hands
|-boost|p2a: Iron Hands|atk|2
|
|-weather|Snowscape|[upkeep]
|upkeep
|turn|10
|
|t:|1743863491
|move|p1a: Meowscarada|Trick|p2a: Iron Hands
|-start|p1a: Meowscarada|typechange|Psychic|[from] ability: Protean
|-activate|p1a: Meowscarada|move: Trick|[of] p2a: Iron Hands
|-item|p2a: Iron Hands|Choice Scarf|[from] move: Trick
|-item|p1a: Meowscarada|Punching Glove|[from] move: Trick
|move|p2a: Iron Hands|Swords Dance|p2a: Iron Hands
|-boost|p2a: Iron Hands|atk|2
|
|-weather|none
|upkeep
|turn|11
|
|t:|1743863502
|-end|p2a: Iron Hands|Quark Drive|[silent]
|switch|p2a: Empoleon|Empoleon, M|100/100
|move|p1a: Meowscarada|Flower Trick|p2a: Empoleon
|-crit|p2a: Empoleon
|-damage|p2a: Empoleon|57/100
|
|-heal|p2a: Empoleon|63/100|[from] item: Leftovers
|upkeep
|turn|12
|
|t:|1743863513
|switch|p2a: Iron Hands|Iron Hands|100/100
|move|p1a: Meowscarada|U-turn|p2a: Iron Hands
|-resisted|p2a: Iron Hands
|-damage|p2a: Iron Hands|98/100
|
|t:|1743863516
|switch|p1a: Cinderace|Cinderace, F|100/100|[from] U-turn
|
|upkeep
|turn|13
|
|t:|1743863534
|move|p1a: Cinderace|Pyro Ball|p2a: Iron Hands
|-damage|p2a: Iron Hands|80/100
|move|p2a: Iron Hands|Thunder Punch|p1a: Cinderace
|-damage|p1a: Cinderace|30/100
|
|upkeep
|turn|14
|
|t:|1743863539
|move|p1a: Cinderace|Pyro Ball|p2a: Iron Hands
|-damage|p2a: Iron Hands|62/100
|move|p2a: Iron Hands|Thunder Punch|p1a: Cinderace
|-damage|p1a: Cinderace|0 fnt
|faint|p1a: Cinderace
|
|-sideend|p2: rising skies|move: Aurora Veil
|upkeep
|
|t:|1743863544
|switch|p1a: Meowscarada|Meowscarada, F|100/100
|turn|15
|
|t:|1743863547
|move|p1a: Meowscarada|Flower Trick|p2a: Iron Hands
|-start|p1a: Meowscarada|typechange|Grass|[from] ability: Protean
|-crit|p2a: Iron Hands
|-damage|p2a: Iron Hands|34/100
|move|p2a: Iron Hands|Thunder Punch|p1a: Meowscarada
|-resisted|p1a: Meowscarada
|-damage|p1a: Meowscarada|67/100
|
|upkeep
|turn|16
|
|t:|1743863557
|-end|p2a: Iron Hands|Quark Drive|[silent]
|switch|p2a: Empoleon|Empoleon, M|63/100
|move|p1a: Meowscarada|Flower Trick|p2a: Empoleon
|-crit|p2a: Empoleon
|-damage|p2a: Empoleon|0 fnt
|faint|p2a: Empoleon
|
|upkeep
|
|t:|1743863569
|switch|p2a: Great Tusk|Great Tusk|100/100
|-enditem|p2a: Great Tusk|Booster Energy
|-activate|p2a: Great Tusk|ability: Protosynthesis|[fromitem]
|-start|p2a: Great Tusk|protosynthesisatk
|turn|17
|
|t:|1743863575
|switch|p1a: Corviknight|Corviknight, M|100/100
|-ability|p1a: Corviknight|Pressure
|-terastallize|p2a: Great Tusk|Electric
|move|p2a: Great Tusk|Rapid Spin|p1a: Corviknight
|-resisted|p1a: Corviknight
|-damage|p1a: Corviknight|95/100
|-boost|p2a: Great Tusk|spe|1
|-damage|p2a: Great Tusk|84/100|[from] item: Rocky Helmet|[of] p1a: Corviknight
|
|upkeep
|turn|18
|
|t:|1743863586
|move|p2a: Great Tusk|Supercell Slam|p1a: Corviknight
|-supereffective|p1a: Corviknight
|-damage|p1a: Corviknight|13/100
|-damage|p2a: Great Tusk|68/100|[from] item: Rocky Helmet|[of] p1a: Corviknight
|move|p1a: Corviknight|Iron Defense|p1a: Corviknight
|-boost|p1a: Corviknight|def|2
|
|upkeep
|turn|19
|
|t:|1743863595
|move|p2a: Great Tusk|Temper Flare|p1a: Corviknight
|-supereffective|p1a: Corviknight
|-damage|p1a: Corviknight|0 fnt
|-damage|p2a: Great Tusk|51/100|[from] item: Rocky Helmet|[of] p1a: Corviknight
|faint|p1a: Corviknight
|
|upkeep
|
|t:|1743863602
|switch|p1a: Slowking|Slowking-Galar, M|100/100
|turn|20
|
|t:|1743863607
|move|p2a: Great Tusk|Headlong Rush|p1a: Slowking
|-supereffective|p1a: Slowking
|-damage|p1a: Slowking|0 fnt
|-unboost|p2a: Great Tusk|def|1
|-unboost|p2a: Great Tusk|spd|1
|faint|p1a: Slowking
|
|upkeep
|
|t:|1743863610
|switch|p1a: Meowscarada|Meowscarada, F|67/100
|turn|21
|
|t:|1743863616
|move|p2a: Great Tusk|Temper Flare|p1a: Meowscarada
|-supereffective|p1a: Meowscarada
|-damage|p1a: Meowscarada|0 fnt
|faint|p1a: Meowscarada
|
|win|rising skies
|raw|Koto5blue's rating: 1434 &rarr; <strong>1412</strong><br />(-22 for losing)
|raw|rising skies's rating: 1396 &rarr; <strong>1418</strong><br />(+22 for winning)
|l|☆Koto5blue
|player|p1|
|l|☆rising skies
|player|p2|
