|j|☆TheKingNunu
|j|☆Naxtu
|t:|1743787347
|gametype|singles
|player|p1|TheKingNunu|shadowtriad|1236
|player|p2|Naxtu|lusamine-nihilego|1244
|teamsize|p1|6
|teamsize|p2|6
|gen|9
|tier|[Gen 9] OU
|rated|
|rule|HP Percentage Mod: HP is shown in percentages
|rule|Endless Battle Clause: Forcing endless battles is banned
|rule|Species Clause: Limit one of each Pokémon
|rule|OHKO Clause: OHKO moves are banned
|rule|Evasion Items Clause: Evasion items are banned
|rule|Evasion Moves Clause: Evasion moves are banned
|rule|Sleep Moves Clause: Sleep-inducing moves are banned
|clearpoke
|poke|p1|Pelipper, F|
|poke|p1|Iron Treads|
|poke|p1|Barraskewda, F|
|poke|p1|Tentacruel, M|
|poke|p1|Kilowattrel, F|
|poke|p1|Tornadus-Therian, M|
|poke|p2|Hydrapple, M|
|poke|p2|Tinkaton, F|
|poke|p2|Moltres|
|poke|p2|Rotom-Wash|
|poke|p2|Great Tusk|
|poke|p2|Darkrai|
|teampreview
|inactive|Battle timer is ON: inactive players will automatically lose when time's up. (requested by TheKingNunu)
|
|t:|1743787350
|start
|switch|p1a: Iron Treads|Iron Treads|100/100
|switch|p2a: Tinkaton|Tinkaton, F|100/100
|-ability|p2a: Tinkaton|Mold Breaker
|turn|1
|
|t:|1743787363
|move|p1a: Iron Treads|Earthquake|p2a: Tinkaton
|-supereffective|p2a: Tinkaton
|-damage|p2a: Tinkaton|21/100
|move|p2a: Tinkaton|Stealth Rock|p1a: Iron Treads
|-sidestart|p1: TheKingNunu|move: Stealth Rock
|
|-heal|p2a: Tinkaton|27/100|[from] item: Leftovers
|upkeep
|turn|2
|
|t:|1743787368
|switch|p2a: Rotom|Rotom-Wash|100/100
|move|p1a: Iron Treads|Rapid Spin|p2a: Rotom
|-damage|p2a: Rotom|91/100
|-boost|p1a: Iron Treads|spe|1
|-damage|p1a: Iron Treads|84/100|[from] item: Rocky Helmet|[of] p2a: Rotom
|-sideend|p1: TheKingNunu|Stealth Rock|[from] move: Rapid Spin|[of] p1a: Iron Treads
|
|upkeep
|turn|3
|
|t:|1743787379
|move|p1a: Iron Treads|Stealth Rock|p2a: Rotom
|-sidestart|p2: Naxtu|move: Stealth Rock
|move|p2a: Rotom|Will-O-Wisp|p1a: Iron Treads
|-status|p1a: Iron Treads|brn
|
|-damage|p1a: Iron Treads|78/100 brn|[from] brn
|upkeep
|turn|4
|
|t:|1743787385
|move|p1a: Iron Treads|Volt Switch|p2a: Rotom
|-damage|p2a: Rotom|79/100
|
|t:|1743787392
|-end|p1a: Iron Treads|Quark Drive|[silent]
|switch|p1a: Kilowattrel|Kilowattrel, F|100/100|[from] Volt Switch
|move|p2a: Rotom|Hydro Pump|p1a: Kilowattrel
|-damage|p1a: Kilowattrel|30/100
|
|upkeep
|turn|5
|
|t:|1743787400
|move|p1a: Kilowattrel|U-turn|p2a: Rotom
|-damage|p2a: Rotom|70/100
|-damage|p1a: Kilowattrel|14/100|[from] item: Rocky Helmet|[of] p2a: Rotom
|
|t:|1743787402
|switch|p1a: Tentacruel|Tentacruel, M|100/100|[from] U-turn
|move|p2a: Rotom|Hydro Pump|p1a: Tentacruel
|-resisted|p1a: Tentacruel
|-damage|p1a: Tentacruel|88/100
|
|upkeep
|turn|6
|
|t:|1743787410
|move|p1a: Tentacruel|Toxic|p2a: Rotom
|-status|p2a: Rotom|tox
|move|p2a: Rotom|Volt Switch|p1a: Tentacruel
|-supereffective|p1a: Tentacruel
|-damage|p1a: Tentacruel|55/100
|
|t:|1743787417
|switch|p2a: Hydrapple|Hydrapple, M|100/100|[from] Volt Switch
|
|upkeep
|turn|7
|
|t:|1743787427
|move|p1a: Tentacruel|Toxic|p2a: Hydrapple
|-status|p2a: Hydrapple|tox
|move|p2a: Hydrapple|Nasty Plot|p2a: Hydrapple
|-boost|p2a: Hydrapple|spa|2
|
|-damage|p2a: Hydrapple|94/100 tox|[from] psn
|upkeep
|turn|8
|
|t:|1743787430
|move|p1a: Tentacruel|Knock Off|p2a: Hydrapple
|-damage|p2a: Hydrapple|82/100 tox
|-enditem|p2a: Hydrapple|Heavy-Duty Boots|[from] move: Knock Off|[of] p1a: Tentacruel
|move|p2a: Hydrapple|Leaf Storm|p1a: Tentacruel
|-damage|p1a: Tentacruel|0 fnt
|-unboost|p2a: Hydrapple|spa|2
|faint|p1a: Tentacruel
|
|-damage|p2a: Hydrapple|69/100 tox|[from] psn
|upkeep
|
|t:|1743787436
|switch|p1a: Pelipper|Pelipper, F|100/100
|-weather|RainDance|[from] ability: Drizzle|[of] p1a: Pelipper
|turn|9
|
|t:|1743787443
|move|p1a: Pelipper|U-turn|p2a: Hydrapple
|-supereffective|p2a: Hydrapple
|-damage|p2a: Hydrapple|57/100 tox
|
|t:|1743787446
|switch|p1a: Iron Treads|Iron Treads|78/100 brn|[from] U-turn
|move|p2a: Hydrapple|Leaf Storm|p1a: Iron Treads
|-damage|p1a: Iron Treads|0 fnt
|-unboost|p2a: Hydrapple|spa|2
|faint|p1a: Iron Treads
|-end|p1a: Iron Treads|Quark Drive|[silent]
|
|-weather|RainDance|[upkeep]
|-damage|p2a: Hydrapple|39/100 tox|[from] psn
|upkeep
|
|t:|1743787458
|switch|p1a: Kilowattrel|Kilowattrel, F|14/100
|turn|10
|
|t:|1743787464
|move|p1a: Kilowattrel|Hurricane|p2a: Hydrapple
|-supereffective|p2a: Hydrapple
|-damage|p2a: Hydrapple|0 fnt
|faint|p2a: Hydrapple
|
|-weather|RainDance|[upkeep]
|upkeep
|
|t:|1743787472
|switch|p2a: Rotom|Rotom-Wash|70/100 tox
|-damage|p2a: Rotom|58/100 tox|[from] Stealth Rock
|turn|11
|
|t:|1743787474
|move|p1a: Kilowattrel|Hurricane|p2a: Rotom
|-resisted|p2a: Rotom
|-damage|p2a: Rotom|19/100 tox
|move|p2a: Rotom|Volt Switch|p1a: Kilowattrel
|-heal|p1a: Kilowattrel|39/100|[from] ability: Volt Absorb|[of] p2a: Rotom
|
|-weather|RainDance|[upkeep]
|-damage|p2a: Rotom|13/100 tox|[from] psn
|upkeep
|turn|12
|
|t:|1743787481
|move|p1a: Kilowattrel|Hurricane|p2a: Rotom
|-resisted|p2a: Rotom
|-damage|p2a: Rotom|0 fnt
|faint|p2a: Rotom
|
|-weather|RainDance|[upkeep]
|upkeep
|
|t:|1743787489
|switch|p2a: Darkrai|Darkrai|100/100
|-damage|p2a: Darkrai|88/100|[from] Stealth Rock
|turn|13
|
|t:|1743787492
|move|p2a: Darkrai|Ice Beam|p1a: Kilowattrel
|-supereffective|p1a: Kilowattrel
|-damage|p1a: Kilowattrel|0 fnt
|faint|p1a: Kilowattrel
|
|-weather|RainDance|[upkeep]
|-heal|p2a: Darkrai|94/100|[from] item: Leftovers
|upkeep
|
|t:|1743787499
|switch|p1a: Barraskewda|Barraskewda, F|100/100
|turn|14
|
|t:|1743787506
|-terastallize|p1a: Barraskewda|Water
|move|p1a: Barraskewda|Liquidation|p2a: Darkrai
|-damage|p2a: Darkrai|0 fnt
|faint|p2a: Darkrai
|
|-weather|RainDance|[upkeep]
|upkeep
|
|t:|1743787520
|switch|p2a: Moltres|Moltres|100/100
|turn|15
|
|t:|1743787526
|move|p1a: Barraskewda|Liquidation|p2a: Moltres
|-supereffective|p2a: Moltres
|-damage|p2a: Moltres|0 fnt
|faint|p2a: Moltres
|
|-weather|RainDance|[upkeep]
|upkeep
|
|t:|1743787530
|switch|p2a: Tinkaton|Tinkaton, F|27/100
|-damage|p2a: Tinkaton|21/100|[from] Stealth Rock
|-ability|p2a: Tinkaton|Mold Breaker
|turn|16
|
|t:|1743787533
|move|p1a: Barraskewda|Liquidation|p2a: Tinkaton
|-damage|p2a: Tinkaton|0 fnt
|faint|p2a: Tinkaton
|
|-weather|none
|upkeep
|
|t:|1743787535
|switch|p2a: Great Tusk|Great Tusk|100/100
|turn|17
|
|t:|1743787541
|move|p1a: Barraskewda|Liquidation|p2a: Great Tusk
|-supereffective|p2a: Great Tusk
|-damage|p2a: Great Tusk|0 fnt
|faint|p2a: Great Tusk
|-end|p2a: Great Tusk|Protosynthesis|[silent]
|
|win|TheKingNunu
|raw|TheKingNunu's rating: 1236 &rarr; <strong>1262</strong><br />(+26 for winning)
|raw|Naxtu's rating: 1244 &rarr; <strong>1218</strong><br />(-26 for losing)
|l|☆Naxtu
|player|p2|
|l|☆TheKingNunu
|player|p1|
