|j|☆technogiri
|j|☆currieman69
|t:|1743923814
|gametype|singles
|player|p1|technogiri|marshal|1191
|player|p2|currieman69|lance|1249
|teamsize|p1|6
|teamsize|p2|6
|gen|9
|tier|[Gen 9] OU
|rated|
|rule|HP Percentage Mod: HP is shown in percentages
|rule|Endless Battle Clause: Forcing endless battles is banned
|rule|Species Clause: Limit one of each Pokémon
|rule|OHKO Clause: OHKO moves are banned
|rule|Evasion Items Clause: Evasion items are banned
|rule|Evasion Moves Clause: Evasion moves are banned
|rule|Sleep Moves Clause: Sleep-inducing moves are banned
|clearpoke
|poke|p1|Ogerpon, F|
|poke|p1|Greninja-*, F|
|poke|p1|Forretress, F|
|poke|p1|Goodra-Hisui, M|
|poke|p1|Thundurus-Therian, M|
|poke|p1|Revavroom, M|
|poke|p2|Frosmoth, M|
|poke|p2|Cinccino, F|
|poke|p2|Incineroar, M|
|poke|p2|Weezing-Galar, F|
|poke|p2|Sinistcha-Masterpiece|
|poke|p2|Alomomola, F|
|teampreview
|inactive|Battle timer is ON: inactive players will automatically lose when time's up. (requested by technogiri)
|
|t:|1743923833
|start
|switch|p1a: Ogerpon|Ogerpon, F|100/100
|switch|p2a: Incineroar|Incineroar, M, shiny|100/100
|-ability|p2a: Incineroar|Intimidate|boost
|-unboost|p1a: Ogerpon|atk|1
|-ability|p1a: Ogerpon|Defiant|boost
|-boost|p1a: Ogerpon|atk|2
|turn|1
|
|t:|1743923842
|move|p1a: Ogerpon|Low Kick|p2a: Incineroar
|-supereffective|p2a: Incineroar
|-damage|p2a: Incineroar|18/100
|move|p2a: Incineroar|Will-O-Wisp|p1a: Ogerpon
|-status|p1a: Ogerpon|brn
|
|-damage|p1a: Ogerpon|95/100 brn|[from] brn
|upkeep
|turn|2
|
|t:|1743923853
|switch|p2a: Weezing|Weezing-Galar, F, shiny|100/100
|-ability|p2a: Weezing|Neutralizing Gas
|move|p1a: Ogerpon|Low Kick|p2a: Weezing
|-resisted|p2a: Weezing
|-damage|p2a: Weezing|98/100
|
|-damage|p1a: Ogerpon|89/100 brn|[from] brn
|upkeep
|turn|3
|
|t:|1743923875
|switch|p1a: Goodra|Goodra-Hisui, M|100/100
|move|p2a: Weezing|Toxic|p1a: Goodra
|-immune|p1a: Goodra
|
|upkeep
|turn|4
|
|t:|1743923884
|move|p2a: Weezing|Strange Steam|p1a: Goodra
|-damage|p1a: Goodra|88/100
|move|p1a: Goodra|Acid Spray|p2a: Weezing
|-crit|p2a: Weezing
|-damage|p2a: Weezing|70/100
|-unboost|p2a: Weezing|spd|2
|
|upkeep
|turn|5
|
|t:|1743923898
|-end|p2a: Weezing|ability: Neutralizing Gas
|switch|p2a: Incineroar|Incineroar, M, shiny|18/100
|-ability|p2a: Incineroar|Intimidate|boost
|-unboost|p1a: Goodra|atk|1
|move|p1a: Goodra|Acid Spray|p2a: Incineroar
|-crit|p2a: Incineroar
|-damage|p2a: Incineroar|0 fnt
|faint|p2a: Incineroar
|
|upkeep
|inactive|currieman69 has 120 seconds left.
|
|t:|1743923929
|switch|p2a: Frosmoth|Frosmoth, M, shiny|100/100
|turn|6
|
|t:|1743923933
|move|p2a: Frosmoth|Quiver Dance|p2a: Frosmoth
|-boost|p2a: Frosmoth|spa|1
|-boost|p2a: Frosmoth|spd|1
|-boost|p2a: Frosmoth|spe|1
|move|p1a: Goodra|Acid Spray|p2a: Frosmoth
|-damage|p2a: Frosmoth|97/100
|-unboost|p2a: Frosmoth|spd|2
|
|-heal|p2a: Frosmoth|100/100|[from] item: Leftovers
|upkeep
|turn|7
|inactive|currieman69 has 120 seconds left.
|
|t:|1743923944
|move|p2a: Frosmoth|Quiver Dance|p2a: Frosmoth
|-boost|p2a: Frosmoth|spa|1
|-boost|p2a: Frosmoth|spd|1
|-boost|p2a: Frosmoth|spe|1
|move|p1a: Goodra|Acid Spray|p2a: Frosmoth
|-damage|p2a: Frosmoth|96/100
|-unboost|p2a: Frosmoth|spd|2
|
|-heal|p2a: Frosmoth|100/100|[from] item: Leftovers
|upkeep
|turn|8
|inactive|currieman69 has 120 seconds left.
|
|t:|1743923955
|move|p2a: Frosmoth|Ice Beam|p1a: Goodra
|-damage|p1a: Goodra|60/100
|move|p1a: Goodra|Flamethrower|p2a: Frosmoth
|-supereffective|p2a: Frosmoth
|-crit|p2a: Frosmoth
|-damage|p2a: Frosmoth|0 fnt
|faint|p2a: Frosmoth
|
|upkeep
|inactive|currieman69 has 120 seconds left.
|
|t:|1743923968
|switch|p2a: Sinistcha|Sinistcha-Masterpiece|100/100
|turn|9
|inactive|currieman69 has 120 seconds left.
|
|t:|1743923974
|move|p2a: Sinistcha|Scald|p1a: Goodra
|-resisted|p1a: Goodra
|-damage|p1a: Goodra|56/100
|-status|p1a: Goodra|brn
|move|p1a: Goodra|Acid Spray|p2a: Sinistcha
|-damage|p2a: Sinistcha|85/100
|-unboost|p2a: Sinistcha|spd|2
|
|-damage|p1a: Goodra|50/100 brn|[from] brn
|upkeep
|turn|10
|inactive|currieman69 has 120 seconds left.
|
|t:|1743923986
|switch|p2a: Weezing|Weezing-Galar, F, shiny|70/100
|-ability|p2a: Weezing|Neutralizing Gas
|move|p1a: Goodra|Acid Spray|p2a: Weezing
|-damage|p2a: Weezing|52/100
|-unboost|p2a: Weezing|spd|2
|
|-damage|p1a: Goodra|44/100 brn|[from] brn
|upkeep
|turn|11
|inactive|currieman69 has 120 seconds left.
|
|t:|1743924000
|move|p2a: Weezing|Strange Steam|p1a: Goodra
|-damage|p1a: Goodra|32/100 brn
|move|p1a: Goodra|Flamethrower|p2a: Weezing
|-damage|p2a: Weezing|0 fnt
|faint|p2a: Weezing
|-end|p2a: Weezing|ability: Neutralizing Gas
|
|-damage|p1a: Goodra|25/100 brn|[from] brn
|upkeep
|inactive|currieman69 has 120 seconds left.
|
|t:|1743924012
|switch|p2a: Cinccino|Cinccino, F|100/100
|turn|12
|
|t:|1743924017
|move|p2a: Cinccino|Tidy Up|p2a: Cinccino
|-boost|p2a: Cinccino|atk|1
|-boost|p2a: Cinccino|spe|1
|move|p1a: Goodra|Acid Spray|p2a: Cinccino
|-damage|p2a: Cinccino|78/100
|-unboost|p2a: Cinccino|spd|2
|
|-damage|p1a: Goodra|19/100 brn|[from] brn
|upkeep
|turn|13
|
|t:|1743924030
|move|p2a: Cinccino|Knock Off|p1a: Goodra
|-damage|p1a: Goodra|0 fnt
|-enditem|p1a: Goodra|Assault Vest|[from] move: Knock Off|[of] p2a: Cinccino
|faint|p1a: Goodra
|
|upkeep
|
|t:|1743924036
|switch|p1a: Thundurus|Thundurus-Therian, M|100/100
|turn|14
|
|t:|1743924046
|move|p2a: Cinccino|Triple Axel|p1a: Thundurus
|-supereffective|p1a: Thundurus
|-damage|p1a: Thundurus|64/100
|-supereffective|p1a: Thundurus
|-crit|p1a: Thundurus
|-damage|p1a: Thundurus|0 fnt
|faint|p1a: Thundurus
|-hitcount|p1: Thundurus|2
|
|upkeep
|
|t:|1743924052
|switch|p1a: Revavroom|Revavroom, M|100/100
|-item|p1a: Revavroom|Air Balloon
|turn|15
|
|t:|1743924060
|switch|p2a: Alomomola|Alomomola, F|100/100
|move|p1a: Revavroom|Shift Gear|p1a: Revavroom
|-boost|p1a: Revavroom|spe|2
|-boost|p1a: Revavroom|atk|1
|
|upkeep
|turn|16
|
|t:|1743924070
|move|p1a: Revavroom|Poison Jab|p2a: Alomomola
|-damage|p2a: Alomomola|63/100
|-damage|p1a: Revavroom|84/100|[from] item: Rocky Helmet|[of] p2a: Alomomola
|move|p2a: Alomomola|Flip Turn|p1a: Revavroom
|-damage|p1a: Revavroom|65/100
|-enditem|p1a: Revavroom|Air Balloon
|
|t:|1743924079
|switch|p2a: Sinistcha|Sinistcha-Masterpiece|85/100|[from] Flip Turn
|
|upkeep
|turn|17
|
|t:|1743924085
|move|p1a: Revavroom|Poison Jab|p2a: Sinistcha
|-damage|p2a: Sinistcha|44/100
|move|p2a: Sinistcha|Strength Sap|p1a: Revavroom
|-unboost|p1a: Revavroom|atk|1
|-heal|p2a: Sinistcha|100/100
|
|upkeep
|turn|18
|
|t:|1743924094
|move|p1a: Revavroom|Shift Gear|p1a: Revavroom
|-boost|p1a: Revavroom|spe|2
|-boost|p1a: Revavroom|atk|1
|move|p2a: Sinistcha|Scald|p1a: Revavroom
|-damage|p1a: Revavroom|33/100
|
|upkeep
|turn|19
|
|t:|1743924102
|move|p1a: Revavroom|Iron Head|p2a: Sinistcha
|-damage|p2a: Sinistcha|54/100
|cant|p2a: Sinistcha|flinch
|
|upkeep
|turn|20
|
|t:|1743924108
|move|p1a: Revavroom|Iron Head|p2a: Sinistcha
|-damage|p2a: Sinistcha|8/100
|move|p2a: Sinistcha|Strength Sap|p1a: Revavroom
|-unboost|p1a: Revavroom|atk|1
|-heal|p2a: Sinistcha|100/100
|
|upkeep
|turn|21
|
|t:|1743924116
|move|p1a: Revavroom|Poison Jab|p2a: Sinistcha
|-crit|p2a: Sinistcha
|-damage|p2a: Sinistcha|60/100
|move|p2a: Sinistcha|Scald|p1a: Revavroom
|-damage|p1a: Revavroom|0 fnt
|faint|p1a: Revavroom
|
|upkeep
|
|t:|1743924119
|switch|p1a: Ogerpon|Ogerpon, F|89/100 brn
|turn|22
|
|t:|1743924136
|move|p1a: Ogerpon|Knock Off|p2a: Sinistcha
|-supereffective|p2a: Sinistcha
|-enditem|p2a: Sinistcha|Colbur Berry|[eat]
|-enditem|p2a: Sinistcha|Colbur Berry|[weaken]
|-damage|p2a: Sinistcha|41/100
|move|p2a: Sinistcha|Calm Mind|p2a: Sinistcha
|-boost|p2a: Sinistcha|spa|1
|-boost|p2a: Sinistcha|spd|1
|
|-damage|p1a: Ogerpon|83/100 brn|[from] brn
|upkeep
|turn|23
|
|t:|1743924147
|move|p1a: Ogerpon|Knock Off|p2a: Sinistcha
|-supereffective|p2a: Sinistcha
|-damage|p2a: Sinistcha|15/100
|move|p2a: Sinistcha|Calm Mind|p2a: Sinistcha
|-boost|p2a: Sinistcha|spa|1
|-boost|p2a: Sinistcha|spd|1
|
|-damage|p1a: Ogerpon|77/100 brn|[from] brn
|upkeep
|turn|24
|
|t:|1743924157
|move|p1a: Ogerpon|Knock Off|p2a: Sinistcha
|-supereffective|p2a: Sinistcha
|-damage|p2a: Sinistcha|0 fnt
|faint|p2a: Sinistcha
|
|-damage|p1a: Ogerpon|71/100 brn|[from] brn
|upkeep
|
|t:|1743924166
|switch|p2a: Cinccino|Cinccino, F|78/100
|turn|25
|
|t:|1743924170
|move|p2a: Cinccino|Triple Axel|p1a: Ogerpon
|-supereffective|p1a: Ogerpon
|-damage|p1a: Ogerpon|46/100 brn
|-supereffective|p1a: Ogerpon
|-damage|p1a: Ogerpon|5/100 brn
|-supereffective|p1a: Ogerpon
|-damage|p1a: Ogerpon|0 fnt
|faint|p1a: Ogerpon
|-hitcount|p1: Ogerpon|3
|
|upkeep
|
|t:|1743924174
|switch|p1a: Forretress|Forretress, F|100/100
|turn|26
|
|t:|1743924183
|switch|p2a: Alomomola|Alomomola, F|96/100
|move|p1a: Forretress|Body Press|p2a: Alomomola
|-damage|p2a: Alomomola|75/100
|-damage|p1a: Forretress|84/100|[from] item: Rocky Helmet|[of] p2a: Alomomola
|
|upkeep
|turn|27
|
|t:|1743924191
|move|p2a: Alomomola|Wish|p2a: Alomomola
|move|p1a: Forretress|Stealth Rock|p2a: Alomomola
|-sidestart|p2: currieman69|move: Stealth Rock
|
|upkeep
|turn|28
|
|t:|1743924209
|switch|p1a: Greninja|Greninja, F|100/100
|move|p2a: Alomomola|Mirror Coat||[still]
|-fail|p2a: Alomomola
|
|-heal|p2a: Alomomola|100/100|[from] move: Wish|[wisher] Alomomola
|upkeep
|turn|29
|
|t:|1743924221
|move|p1a: Greninja|Sludge Wave|p2a: Alomomola
|-start|p1a: Greninja|typechange|Poison|[from] ability: Protean
|-damage|p2a: Alomomola|48/100
|move|p2a: Alomomola|Mirror Coat|p1a: Greninja
|-damage|p1a: Greninja|0 fnt
|faint|p1a: Greninja
|
|upkeep
|
|t:|1743924228
|switch|p1a: Forretress|Forretress, F|84/100
|turn|30
|
|t:|1743924234
|move|p2a: Alomomola|Wish|p2a: Alomomola
|move|p1a: Forretress|Body Press|p2a: Alomomola
|-damage|p2a: Alomomola|28/100
|-damage|p1a: Forretress|67/100|[from] item: Rocky Helmet|[of] p2a: Alomomola
|
|upkeep
|turn|31
|-message|technogiri forfeited.
|
|win|currieman69
|raw|technogiri's rating: 1191 &rarr; <strong>1170</strong><br />(-21 for losing)
|raw|currieman69's rating: 1249 &rarr; <strong>1270</strong><br />(+21 for winning)
|l|☆technogiri
|player|p1|
|l|☆currieman69
|player|p2|
