|j|☆vonia
|j|☆asdfjklqwert
|t:|1743862309
|gametype|singles
|player|p1|vonia|candice|1401
|player|p2|asdfjklqwert|winona|1428
|teamsize|p1|6
|teamsize|p2|6
|gen|9
|tier|[Gen 9] OU
|rated|
|rule|HP Percentage Mod: HP is shown in percentages
|rule|Endless Battle Clause: Forcing endless battles is banned
|rule|Species Clause: Limit one of each Pokémon
|rule|OHKO Clause: OHKO moves are banned
|rule|Evasion Items Clause: Evasion items are banned
|rule|Evasion Moves Clause: Evasion moves are banned
|rule|Sleep Moves Clause: Sleep-inducing moves are banned
|clearpoke
|poke|p1|Incineroar, M|
|poke|p1|Gyarados, M|
|poke|p1|Corviknight, M|
|poke|p1|Umbreon, M|
|poke|p1|Clodsire, M|
|poke|p1|Hatterene, F|
|poke|p2|Latios, M|
|poke|p2|Hydrapple, M|
|poke|p2|Tornadus-Therian, M|
|poke|p2|Weezing-Galar, F|
|poke|p2|Cinderace, M|
|poke|p2|Swampert, F|
|teampreview
|inactive|Battle timer is ON: inactive players will automatically lose when time's up. (requested by asdfjklqwert)
|
|t:|1743862315
|start
|switch|p1a: Incineroar|Incineroar, M|100/100
|switch|p2a: Tornadus|Tornadus-Therian, M|100/100
|-ability|p1a: Incineroar|Intimidate|boost
|-unboost|p2a: Tornadus|atk|1
|turn|1
|
|t:|1743862321
|switch|p2a: Swampert|Swampert, F|100/100
|switch|p1a: Umbreon|Umbreon, M|100/100
|
|upkeep
|turn|2
|
|t:|1743862330
|move|p2a: Swampert|Flip Turn|p1a: Umbreon
|-damage|p1a: Umbreon|81/100
|
|t:|1743862333
|switch|p2a: Weezing|Weezing-Galar, F|100/100|[from] Flip Turn
|-ability|p2a: Weezing|Neutralizing Gas
|move|p1a: Umbreon|Toxic|p2a: Weezing
|-immune|p2a: Weezing
|
|-heal|p1a: Umbreon|87/100|[from] item: Leftovers
|upkeep
|turn|3
|
|t:|1743862342
|switch|p1a: Hatterene|Hatterene, F, shiny|100/100
|move|p2a: Weezing|Sludge Bomb|p1a: Hatterene
|-supereffective|p1a: Hatterene
|-damage|p1a: Hatterene|34/100
|
|-heal|p1a: Hatterene|40/100|[from] item: Leftovers
|upkeep
|turn|4
|
|t:|1743862351
|switch|p1a: Clodsire|Clodsire, M, shiny|100/100
|move|p2a: Weezing|Strange Steam|p1a: Clodsire
|-resisted|p1a: Clodsire
|-crit|p1a: Clodsire
|-damage|p1a: Clodsire|84/100
|
|-heal|p1a: Clodsire|90/100|[from] item: Leftovers
|upkeep
|turn|5
|
|t:|1743862359
|-end|p2a: Weezing|ability: Neutralizing Gas
|switch|p2a: Latios|Latios, M|100/100
|switch|p1a: Incineroar|Incineroar, M|100/100
|-ability|p1a: Incineroar|Intimidate|boost
|-unboost|p2a: Latios|atk|1
|
|upkeep
|turn|6
|
|t:|1743862363
|move|p2a: Latios|Flip Turn|p1a: Incineroar
|-supereffective|p1a: Incineroar
|-damage|p1a: Incineroar|90/100
|
|t:|1743862366
|switch|p2a: Swampert|Swampert, F|100/100|[from] Flip Turn
|move|p1a: Incineroar|Knock Off|p2a: Swampert
|-damage|p2a: Swampert|68/100
|-enditem|p2a: Swampert|Leftovers|[from] move: Knock Off|[of] p1a: Incineroar
|
|upkeep
|turn|7
|
|t:|1743862372
|move|p1a: Incineroar|Will-O-Wisp|p2a: Swampert
|-status|p2a: Swampert|brn
|move|p2a: Swampert|Stealth Rock|p1a: Incineroar
|-sidestart|p1: vonia|move: Stealth Rock
|
|-damage|p2a: Swampert|61/100 brn|[from] brn
|upkeep
|turn|8
|
|t:|1743862379
|switch|p1a: Corviknight|Corviknight, M|100/100
|-damage|p1a: Corviknight|88/100|[from] Stealth Rock
|-ability|p1a: Corviknight|Pressure
|move|p2a: Swampert|Flip Turn|p1a: Corviknight
|-damage|p1a: Corviknight|78/100
|
|t:|1743862382
|switch|p2a: Cinderace|Cinderace, M|100/100|[from] Flip Turn
|
|-heal|p1a: Corviknight|84/100|[from] item: Leftovers
|upkeep
|turn|9
|
|t:|1743862386
|move|p2a: Cinderace|Pyro Ball|p1a: Corviknight|[miss]
|-miss|p2a: Cinderace|p1a: Corviknight
|move|p1a: Corviknight|Defog|p2a: Cinderace
|-unboost|p2a: Cinderace|evasion|1
|-sideend|p1: vonia|Stealth Rock|[from] move: Defog|[of] p1a: Corviknight
|
|-heal|p1a: Corviknight|91/100|[from] item: Leftovers
|upkeep
|turn|10
|
|t:|1743862390
|switch|p1a: Gyarados|Gyarados, M, shiny|100/100
|-ability|p1a: Gyarados|Intimidate|boost
|-unboost|p2a: Cinderace|atk|1
|move|p2a: Cinderace|Pyro Ball|p1a: Gyarados
|-resisted|p1a: Gyarados
|-damage|p1a: Gyarados|88/100
|-status|p1a: Gyarados|brn
|
|-heal|p1a: Gyarados|94/100 brn|[from] item: Leftovers
|-damage|p1a: Gyarados|88/100 brn|[from] brn
|upkeep
|turn|11
|
|t:|1743862395
|move|p2a: Cinderace|U-turn|p1a: Gyarados
|-start|p2a: Cinderace|typechange|Bug|[from] ability: Libero
|-resisted|p1a: Gyarados
|-damage|p1a: Gyarados|79/100 brn
|
|t:|1743862398
|switch|p2a: Swampert|Swampert, F|61/100 brn|[from] U-turn
|move|p1a: Gyarados|Dragon Tail|p2a: Swampert
|-damage|p2a: Swampert|54/100 brn
|drag|p2a: Weezing|Weezing-Galar, F|100/100
|-ability|p2a: Weezing|Neutralizing Gas
|
|-heal|p1a: Gyarados|85/100 brn|[from] item: Leftovers
|-damage|p1a: Gyarados|79/100 brn|[from] brn
|upkeep
|turn|12
|
|t:|1743862406
|move|p1a: Gyarados|Rest|p1a: Gyarados
|-status|p1a: Gyarados|slp|[from] move: Rest
|-heal|p1a: Gyarados|100/100 slp|[silent]
|move|p2a: Weezing|Strange Steam|p1a: Gyarados
|-damage|p1a: Gyarados|71/100 slp
|
|-heal|p1a: Gyarados|77/100 slp|[from] item: Leftovers
|upkeep
|turn|13
|
|t:|1743862414
|switch|p1a: Corviknight|Corviknight, M|91/100
|-end|p2a: Weezing|ability: Neutralizing Gas
|-ability|p1a: Corviknight|Pressure
|switch|p2a: Swampert|Swampert, F|54/100 brn
|
|-heal|p1a: Corviknight|97/100|[from] item: Leftovers
|-damage|p2a: Swampert|48/100 brn|[from] brn
|upkeep
|turn|14
|
|t:|1743862422
|switch|p1a: Hatterene|Hatterene, F, shiny|40/100
|switch|p2a: Cinderace|Cinderace, M|100/100
|
|-heal|p1a: Hatterene|46/100|[from] item: Leftovers
|upkeep
|turn|15
|
|t:|1743862428
|switch|p1a: Gyarados|Gyarados, M, shiny|77/100 slp
|-ability|p1a: Gyarados|Intimidate|boost
|-unboost|p2a: Cinderace|atk|1
|move|p2a: Cinderace|U-turn|p1a: Gyarados
|-start|p2a: Cinderace|typechange|Bug|[from] ability: Libero
|-resisted|p1a: Gyarados
|-damage|p1a: Gyarados|69/100 slp
|
|t:|1743862433
|switch|p2a: Latios|Latios, M|100/100|[from] U-turn
|
|-heal|p1a: Gyarados|75/100 slp|[from] item: Leftovers
|upkeep
|turn|16
|
|t:|1743862440
|switch|p1a: Umbreon|Umbreon, M|87/100
|move|p2a: Latios|Luster Purge|p1a: Umbreon
|-immune|p1a: Umbreon
|
|-heal|p1a: Umbreon|93/100|[from] item: Leftovers
|upkeep
|turn|17
|
|t:|1743862447
|switch|p2a: Weezing|Weezing-Galar, F|100/100
|-ability|p2a: Weezing|Neutralizing Gas
|move|p1a: Umbreon|Wish|p1a: Umbreon
|
|-heal|p1a: Umbreon|99/100|[from] item: Leftovers
|upkeep
|turn|18
|
|t:|1743862454
|switch|p1a: Hatterene|Hatterene, F, shiny|46/100
|move|p2a: Weezing|Sludge Bomb|p1a: Hatterene
|-supereffective|p1a: Hatterene
|-damage|p1a: Hatterene|0 fnt
|faint|p1a: Hatterene
|
|upkeep
|-message|vonia forfeited.
|
|win|asdfjklqwert
|raw|vonia's rating: 1401 &rarr; <strong>1383</strong><br />(-18 for losing)
|raw|asdfjklqwert's rating: 1428 &rarr; <strong>1446</strong><br />(+18 for winning)
|l|☆vonia
|player|p1|
|l|☆asdfjklqwert
|player|p2|
