|j|☆bunniiiiiis
|j|☆lyhg
|t:|1743825296
|gametype|singles
|player|p1|bunniiiiiis|dawn-gen4pt|1082
|player|p2|lyhg|dawn|1044
|teamsize|p1|6
|teamsize|p2|6
|gen|9
|tier|[Gen 9] OU
|rated|
|rule|HP Percentage Mod: HP is shown in percentages
|rule|Endless Battle Clause: Forcing endless battles is banned
|rule|Species Clause: Limit one of each Pokémon
|rule|OHKO Clause: OHKO moves are banned
|rule|Evasion Items Clause: Evasion items are banned
|rule|Evasion Moves Clause: Evasion moves are banned
|rule|Sleep Moves Clause: Sleep-inducing moves are banned
|clearpoke
|poke|p1|Cinderace, M|
|poke|p1|Raging Bolt|
|poke|p1|Alomomola, F|
|poke|p1|Pecharunt|
|poke|p1|Hatterene, F|
|poke|p1|Gliscor, M|
|poke|p2|Ting-Lu|
|poke|p2|Glimmora, M|
|poke|p2|Dragonite, F|
|poke|p2|Alomomola, M|
|poke|p2|Kingambit, F|
|poke|p2|Gliscor, F|
|teampreview
|
|t:|1743825306
|start
|switch|p1a: Cinderace|Cinderace, M|100/100
|switch|p2a: Glimmora|Glimmora, M, shiny|100/100
|turn|1
|
|t:|1743825321
|move|p1a: Cinderace|High Jump Kick|p2a: Glimmora
|-start|p1a: Cinderace|typechange|Fighting|[from] ability: Libero
|-damage|p2a: Glimmora|25/100
|-activate|p2a: Glimmora|ability: Toxic Debris
|-sidestart|p1: bunniiiiiis|move: Toxic Spikes
|move|p2a: Glimmora|Power Gem|p1a: Cinderace
|-resisted|p1a: Cinderace
|-damage|p1a: Cinderace|68/100
|
|upkeep
|turn|2
|
|t:|1743825339
|switch|p1a: Gliscor|Gliscor, M|100/100
|move|p2a: Glimmora|Toxic Spikes|p1a: Gliscor
|-sidestart|p1: bunniiiiiis|move: Toxic Spikes
|
|-status|p1a: Gliscor|tox|[from] item: Toxic Orb
|upkeep
|turn|3
|
|t:|1743825346
|move|p1a: Gliscor|Knock Off|p2a: Glimmora
|-damage|p2a: Glimmora|0 fnt
|-enditem|p2a: Glimmora|Focus Sash|[from] move: Knock Off|[of] p1a: Gliscor
|faint|p2a: Glimmora
|
|upkeep
|
|t:|1743825356
|switch|p2a: Alomomola|Alomomola, M, shiny|100/100
|turn|4
|
|t:|1743825366
|move|p1a: Gliscor|Swords Dance|p1a: Gliscor
|-boost|p1a: Gliscor|atk|2
|move|p2a: Alomomola|Flip Turn|p1a: Gliscor
|-supereffective|p1a: Gliscor
|-damage|p1a: Gliscor|69/100 tox
|
|t:|1743825378
|switch|p2a: Ting-Lu|Ting-Lu|100/100|[from] Flip Turn
|-ability|p2a: Ting-Lu|Vessel of Ruin
|-item|p2a: Ting-Lu|Air Balloon
|
|-heal|p1a: Gliscor|81/100 tox|[from] ability: Poison Heal
|upkeep
|turn|5
|
|t:|1743825382
|move|p1a: Gliscor|Knock Off|p2a: Ting-Lu
|-resisted|p2a: Ting-Lu
|-damage|p2a: Ting-Lu|90/100
|-enditem|p2a: Ting-Lu|Air Balloon
|move|p2a: Ting-Lu|Whirlwind|p1a: Gliscor
|drag|p1a: Alomomola|Alomomola, F|100/100
|-status|p1a: Alomomola|tox
|
|-damage|p1a: Alomomola|94/100 tox|[from] psn
|upkeep
|turn|6
|
|t:|1743825395
|move|p1a: Alomomola|Ice Beam|p2a: Ting-Lu
|-supereffective|p2a: Ting-Lu
|-damage|p2a: Ting-Lu|77/100
|move|p2a: Ting-Lu|Spikes|p1a: Alomomola
|-sidestart|p1: bunniiiiiis|Spikes
|
|-heal|p1a: Alomomola|100/100 tox|[from] item: Leftovers
|-damage|p1a: Alomomola|88/100 tox|[from] psn
|upkeep
|turn|7
|
|t:|1743825398
|move|p1a: Alomomola|Wish|p1a: Alomomola
|move|p2a: Ting-Lu|Spikes|p1a: Alomomola
|-sidestart|p1: bunniiiiiis|Spikes
|
|-heal|p1a: Alomomola|94/100 tox|[from] item: Leftovers
|-damage|p1a: Alomomola|76/100 tox|[from] psn
|upkeep
|turn|8
|
|t:|1743825401
|switch|p1a: Gliscor|Gliscor, M|81/100 tox
|move|p2a: Ting-Lu|Spikes|p1a: Gliscor
|-sidestart|p1: bunniiiiiis|Spikes
|
|-heal|p1a: Gliscor|100/100 tox|[from] move: Wish|[wisher] Alomomola
|upkeep
|turn|9
|
|t:|1743825408
|move|p1a: Gliscor|Swords Dance|p1a: Gliscor
|-boost|p1a: Gliscor|atk|2
|move|p2a: Ting-Lu|Whirlwind|p1a: Gliscor
|drag|p1a: Alomomola|Alomomola, F|100/100 tox
|-damage|p1a: Alomomola|76/100 tox|[from] Spikes
|
|-heal|p1a: Alomomola|82/100 tox|[from] item: Leftovers
|-damage|p1a: Alomomola|76/100 tox|[from] psn
|upkeep
|turn|10
|
|t:|1743825420
|switch|p1a: Pecharunt|Pecharunt|100/100
|-sideend|p1: bunniiiiiis|move: Toxic Spikes|[of] p1a: Pecharunt
|move|p2a: Ting-Lu|Whirlwind|p1a: Pecharunt
|drag|p1a: Gliscor|Gliscor, M|100/100 tox
|
|upkeep
|turn|11
|
|t:|1743825432
|switch|p1a: Cinderace|Cinderace, M|68/100
|move|p2a: Ting-Lu|Whirlwind|p1a: Cinderace
|drag|p1a: Raging Bolt|Raging Bolt|100/100
|-damage|p1a: Raging Bolt|76/100|[from] Spikes
|-enditem|p1a: Raging Bolt|Booster Energy
|-activate|p1a: Raging Bolt|ability: Protosynthesis|[fromitem]
|-start|p1a: Raging Bolt|protosynthesisspa
|
|upkeep
|turn|12
|
|t:|1743825442
|-end|p1a: Raging Bolt|Protosynthesis|[silent]
|switch|p1a: Alomomola|Alomomola, F|100/100 tox
|-damage|p1a: Alomomola|76/100 tox|[from] Spikes
|move|p2a: Ting-Lu|Earthquake|p1a: Alomomola
|-damage|p1a: Alomomola|55/100 tox
|
|-heal|p1a: Alomomola|61/100 tox|[from] item: Leftovers
|-damage|p1a: Alomomola|55/100 tox|[from] psn
|upkeep
|turn|13
|
|t:|1743825448
|move|p1a: Alomomola|Wish|p1a: Alomomola
|move|p2a: Ting-Lu|Whirlwind|p1a: Alomomola
|drag|p1a: Cinderace|Cinderace, M|68/100
|
|upkeep
|turn|14
|
|t:|1743825460
|move|p1a: Cinderace|Court Change|p1a: Cinderace
|-start|p1a: Cinderace|typechange|Normal|[from] ability: Libero
|-swapsideconditions
|-activate|p1a: Cinderace|move: Court Change
|move|p2a: Ting-Lu|Whirlwind|p1a: Cinderace
|drag|p1a: Alomomola|Alomomola, F|89/100 tox
|
|-heal|p1a: Alomomola|100/100 tox|[from] move: Wish|[wisher] Alomomola
|-damage|p1a: Alomomola|94/100 tox|[from] psn
|upkeep
|turn|15
|
|t:|1743825477
|switch|p1a: Hatterene|Hatterene, F|100/100
|move|p2a: Ting-Lu|Spikes|p1a: Hatterene
|move|p1a: Hatterene|Spikes||[from] ability: Magic Bounce|[still]
|-fail|p1a: Hatterene
|
|upkeep
|turn|16
|
|t:|1743825489
|switch|p2a: Dragonite|Dragonite, F, shiny|100/100
|move|p1a: Hatterene|Calm Mind|p1a: Hatterene
|-boost|p1a: Hatterene|spa|1
|-boost|p1a: Hatterene|spd|1
|
|upkeep
|turn|17
|
|t:|1743825504
|-terastallize|p2a: Dragonite|Normal
|move|p2a: Dragonite|Extreme Speed|p1a: Hatterene
|-damage|p1a: Hatterene|48/100
|move|p1a: Hatterene|Draining Kiss|p2a: Dragonite
|-damage|p2a: Dragonite|82/100
|-heal|p1a: Hatterene|65/100|[from] drain|[of] p2a: Dragonite
|
|-heal|p1a: Hatterene|71/100|[from] item: Leftovers
|upkeep
|turn|18
|
|t:|1743825519
|-terastallize|p1a: Hatterene|Psychic
|move|p2a: Dragonite|Extreme Speed|p1a: Hatterene
|-damage|p1a: Hatterene|19/100
|move|p1a: Hatterene|Psyshock|p2a: Dragonite
|-damage|p2a: Dragonite|0 fnt
|faint|p2a: Dragonite
|
|-heal|p1a: Hatterene|25/100|[from] item: Leftovers
|upkeep
|
|t:|1743825527
|switch|p2a: Gliscor|Gliscor, F, shiny|100/100
|turn|19
|
|t:|1743825533
|switch|p1a: Alomomola|Alomomola, F|100/100 tox
|move|p2a: Gliscor|Swords Dance|p2a: Gliscor
|-boost|p2a: Gliscor|atk|2
|
|-damage|p1a: Alomomola|94/100 tox|[from] psn
|-status|p2a: Gliscor|tox|[from] item: Toxic Orb
|upkeep
|turn|20
|
|t:|1743825541
|move|p2a: Gliscor|Earthquake|p1a: Alomomola
|-damage|p1a: Alomomola|49/100 tox
|move|p1a: Alomomola|Ice Beam|p2a: Gliscor
|-supereffective|p2a: Gliscor
|-damage|p2a: Gliscor|49/100 tox
|
|-heal|p1a: Alomomola|56/100 tox|[from] item: Leftovers
|-heal|p2a: Gliscor|61/100 tox|[from] ability: Poison Heal
|-damage|p1a: Alomomola|43/100 tox|[from] psn
|upkeep
|turn|21
|
|t:|1743825552
|move|p1a: Alomomola|Protect|p1a: Alomomola
|-singleturn|p1a: Alomomola|Protect
|move|p2a: Gliscor|Earthquake|p1a: Alomomola
|-activate|p1a: Alomomola|move: Protect
|
|-heal|p1a: Alomomola|49/100 tox|[from] item: Leftovers
|-heal|p2a: Gliscor|73/100 tox|[from] ability: Poison Heal
|-damage|p1a: Alomomola|31/100 tox|[from] psn
|upkeep
|turn|22
|
|t:|1743825560
|switch|p1a: Gliscor|Gliscor, M|100/100 tox
|move|p2a: Gliscor|Earthquake|p1a: Gliscor
|-immune|p1a: Gliscor
|
|-heal|p2a: Gliscor|86/100 tox|[from] ability: Poison Heal
|upkeep
|turn|23
|
|t:|1743825566
|move|p1a: Gliscor|Protect|p1a: Gliscor
|-singleturn|p1a: Gliscor|Protect
|move|p2a: Gliscor|Swords Dance|p2a: Gliscor
|-boost|p2a: Gliscor|atk|2
|
|-heal|p2a: Gliscor|98/100 tox|[from] ability: Poison Heal
|upkeep
|turn|24
|
|t:|1743825571
|move|p1a: Gliscor|Swords Dance|p1a: Gliscor
|-boost|p1a: Gliscor|atk|2
|move|p2a: Gliscor|Dual Wingbeat|p1a: Gliscor
|-damage|p1a: Gliscor|51/100 tox
|-damage|p1a: Gliscor|0 fnt
|faint|p1a: Gliscor
|-hitcount|p1: Gliscor|2
|
|-heal|p2a: Gliscor|100/100 tox|[from] ability: Poison Heal
|upkeep
|
|t:|1743825592
|switch|p1a: Alomomola|Alomomola, F|64/100 tox
|turn|25
|
|t:|1743825597
|move|p2a: Gliscor|Earthquake|p1a: Alomomola
|-damage|p1a: Alomomola|0 fnt
|faint|p1a: Alomomola
|
|upkeep
|
|t:|1743825601
|switch|p1a: Pecharunt|Pecharunt|100/100
|turn|26
|inactive|Battle timer is ON: inactive players will automatically lose when time's up. (requested by lyhg)
|
|t:|1743825623
|move|p1a: Pecharunt|Malignant Chain|p2a: Gliscor
|-resisted|p2a: Gliscor
|-damage|p2a: Gliscor|75/100 tox
|move|p2a: Gliscor|Earthquake|p1a: Pecharunt
|-supereffective|p1a: Pecharunt
|-damage|p1a: Pecharunt|0 fnt
|faint|p1a: Pecharunt
|
|-heal|p2a: Gliscor|88/100 tox|[from] ability: Poison Heal
|upkeep
|
|t:|1743825627
|switch|p1a: Raging Bolt|Raging Bolt|76/100
|turn|27
|
|t:|1743825630
|move|p2a: Gliscor|Earthquake|p1a: Raging Bolt
|-supereffective|p1a: Raging Bolt
|-damage|p1a: Raging Bolt|0 fnt
|faint|p1a: Raging Bolt
|-end|p1a: Raging Bolt|Protosynthesis|[silent]
|
|-heal|p2a: Gliscor|99/100 tox|[from] ability: Poison Heal
|upkeep
|
|t:|1743825637
|switch|p1a: Cinderace|Cinderace, M|68/100
|turn|28
|
|t:|1743825642
|move|p1a: Cinderace|High Jump Kick|p2a: Gliscor
|-start|p1a: Cinderace|typechange|Fighting|[from] ability: Libero
|-resisted|p2a: Gliscor
|-damage|p2a: Gliscor|75/100 tox
|move|p2a: Gliscor|Dual Wingbeat|p1a: Cinderace
|-supereffective|p1a: Cinderace
|-damage|p1a: Cinderace|0 fnt
|faint|p1a: Cinderace
|-hitcount|p1: Cinderace|1
|
|-heal|p2a: Gliscor|87/100 tox|[from] ability: Poison Heal
|upkeep
|
|t:|1743825645
|switch|p1a: Hatterene|Hatterene, F, tera:Psychic|25/100
|turn|29
|
|t:|1743825652
|move|p2a: Gliscor|Earthquake|p1a: Hatterene
|-damage|p1a: Hatterene|0 fnt
|faint|p1a: Hatterene
|
|win|lyhg
|raw|bunniiiiiis's rating: 1082 &rarr; <strong>1057</strong><br />(-25 for losing)
|raw|lyhg's rating: 1044 &rarr; <strong>1081</strong><br />(+37 for winning)
