|j|☆nhg445
|j|☆clail
|t:|1743789666
|gametype|singles
|player|p1|nhg445|cynthia|1645
|player|p2|clail|266|1631
|teamsize|p1|6
|teamsize|p2|6
|gen|9
|tier|[Gen 9] OU
|rated|
|rule|HP Percentage Mod: HP is shown in percentages
|rule|Endless Battle Clause: Forcing endless battles is banned
|rule|Species Clause: Limit one of each Pokémon
|rule|OHKO Clause: OHKO moves are banned
|rule|Evasion Items Clause: Evasion items are banned
|rule|Evasion Moves Clause: Evasion moves are banned
|rule|Sleep Moves Clause: Sleep-inducing moves are banned
|clearpoke
|poke|p1|Samurott-Hisui, M|
|poke|p1|Dragonite, F|
|poke|p1|Iron Treads|
|poke|p1|Iron Crown|
|poke|p1|Moltres|
|poke|p1|Weavile, F|
|poke|p2|Ceruledge, M|
|poke|p2|Gholdengo|
|poke|p2|Ribombee, M|
|poke|p2|Great Tusk|
|poke|p2|Ogerpon-Wellspring, F|
|poke|p2|Glimmora, F|
|teampreview
|inactive|Battle timer is ON: inactive players will automatically lose when time's up. (requested by nhg445)
|
|t:|1743789674
|start
|switch|p1a: Iron Crown|Iron Crown|100/100
|switch|p2a: Great Tusk|Great Tusk|100/100
|turn|1
|
|t:|1743789678
|move|p2a: Great Tusk|Headlong Rush|p1a: Iron Crown
|-supereffective|p1a: Iron Crown
|-damage|p1a: Iron Crown|0 fnt
|-unboost|p2a: Great Tusk|def|1
|-unboost|p2a: Great Tusk|spd|1
|faint|p1a: Iron Crown
|-end|p1a: Iron Crown|Quark Drive|[silent]
|
|upkeep
|
|t:|1743789682
|switch|p1a: Samurott|Samurott-Hisui, M|100/100
|turn|2
|
|t:|1743789685
|-end|p2a: Great Tusk|Protosynthesis|[silent]
|switch|p2a: Ogerpon|Ogerpon-Wellspring, F|100/100
|move|p1a: Samurott|Aqua Cutter|p2a: Ogerpon
|-immune|p2a: Ogerpon|[from] ability: Water Absorb
|
|upkeep
|turn|3
|
|t:|1743789689
|move|p2a: Ogerpon|Encore|p1a: Samurott
|-start|p1a: Samurott|Encore
|move|p1a: Samurott|Aqua Cutter|p2a: Ogerpon
|-immune|p2a: Ogerpon|[from] ability: Water Absorb
|
|upkeep
|turn|4
|
|t:|1743789694
|switch|p1a: shouting planet|Dragonite, F|100/100
|move|p2a: Ogerpon|Ivy Cudgel|p1a: shouting planet|[anim] Ivy Cudgel Water
|-resisted|p1a: shouting planet
|-damage|p1a: shouting planet|84/100
|
|upkeep
|turn|5
|
|t:|1743789696
|move|p2a: Ogerpon|U-turn|p1a: shouting planet
|-resisted|p1a: shouting planet
|-damage|p1a: shouting planet|69/100
|
|t:|1743789700
|switch|p2a: Ribombee|Ribombee, M|100/100|[from] U-turn
|move|p1a: shouting planet|Dragon Dance|p1a: shouting planet
|-boost|p1a: shouting planet|atk|1
|-boost|p1a: shouting planet|spe|1
|
|upkeep
|turn|6
|
|t:|1743789703
|move|p1a: shouting planet|Fire Punch|p2a: Ribombee
|-supereffective|p2a: Ribombee
|-enditem|p2a: Ribombee|Focus Sash
|-damage|p2a: Ribombee|1/100
|move|p2a: Ribombee|Moonblast|p1a: shouting planet
|-supereffective|p1a: shouting planet
|-damage|p1a: shouting planet|0 fnt
|faint|p1a: shouting planet
|
|upkeep
|
|t:|1743789706
|switch|p1a: Samurott|Samurott-Hisui, M|100/100
|turn|7
|
|t:|1743789710
|move|p1a: Samurott|Aqua Jet|p2a: Ribombee
|-damage|p2a: Ribombee|0 fnt
|faint|p2a: Ribombee
|
|upkeep
|
|t:|1743789712
|switch|p2a: Ogerpon|Ogerpon-Wellspring, F|100/100
|turn|8
|c|☆nhg445|i miss roaring moon
|
|t:|1743789719
|move|p2a: Ogerpon|Ivy Cudgel|p1a: Samurott|[anim] Ivy Cudgel Water
|-resisted|p1a: Samurott
|-damage|p1a: Samurott|65/100
|move|p1a: Samurott|Ceaseless Edge|p2a: Ogerpon
|-damage|p2a: Ogerpon|43/100
|-sidestart|p2: clail|Spikes
|
|upkeep
|turn|9
|c|☆nhg445|i miss pushing to 1800 with one dragon dance
|
|t:|1743789734
|move|p2a: Ogerpon|Power Whip|p1a: Samurott
|-supereffective|p1a: Samurott
|-damage|p1a: Samurott|0 fnt
|faint|p1a: Samurott
|
|upkeep
|
|t:|1743789738
|switch|p1a: Weavile|Weavile, F|100/100
|-ability|p1a: Weavile|Pressure
|turn|10
|
|t:|1743789740
|move|p1a: Weavile|Triple Axel|p2a: Ogerpon|[miss]
|-miss|p1a: Weavile|p2a: Ogerpon
|move|p2a: Ogerpon|Ivy Cudgel|p1a: Weavile|[anim] Ivy Cudgel Water
|-damage|p1a: Weavile|0 fnt
|faint|p1a: Weavile
|
|upkeep
|c|☆nhg445|gg
|c|☆clail|Gg sorry for that lame ending
|inactive|nhg445 has 120 seconds left.
|j| Tabata tyrogue
|
|t:|1743789794
|switch|p1a: Moltres|Moltres|100/100
|turn|11
|-message|nhg445 forfeited.
|
|win|clail
|raw|nhg445's rating: 1645 &rarr; <strong>1624</strong><br />(-21 for losing)
|raw|clail's rating: 1631 &rarr; <strong>1652</strong><br />(+21 for winning)
|l|☆nhg445
|player|p1|
|l|☆clail
|player|p2|
|l| Tabata tyrogue
