|j|☆45worldd
|j|☆PinkPanther080129
|t:|1743785452
|gametype|singles
|player|p1|45worldd|jupiter|1540
|player|p2|PinkPanther080129|palmer|1545
|teamsize|p1|6
|teamsize|p2|6
|gen|9
|tier|[Gen 9] OU
|rated|
|rule|HP Percentage Mod: HP is shown in percentages
|rule|Endless Battle Clause: Forcing endless battles is banned
|rule|Species Clause: Limit one of each Pokémon
|rule|OHKO Clause: OHKO moves are banned
|rule|Evasion Items Clause: Evasion items are banned
|rule|Evasion Moves Clause: Evasion moves are banned
|rule|Sleep Moves Clause: Sleep-inducing moves are banned
|clearpoke
|poke|p1|Garganacl, M|
|poke|p1|Shiftry, F|
|poke|p1|Brambleghast, F|
|poke|p1|Braviary-Hisui, M|
|poke|p1|Dragapult, F|
|poke|p1|Iron Hands|
|poke|p2|Slowking-Galar, F|
|poke|p2|Corviknight, M|
|poke|p2|Ting-Lu|
|poke|p2|Iron Valiant|
|poke|p2|Dragapult, F|
|poke|p2|Kingambit, M|
|teampreview
|inactive|Battle timer is ON: inactive players will automatically lose when time's up. (requested by PinkPanther080129)
|
|t:|1743785458
|start
|switch|p1a: Shiftry|Shiftry, F|100/100
|switch|p2a: Corviknight|Corviknight, M, shiny|100/100
|-ability|p2a: Corviknight|Pressure
|turn|1
|
|t:|1743785461
|move|p1a: Shiftry|Tailwind|p1a: Shiftry
|-sidestart|p1: 45worldd|move: Tailwind
|-ability|p1a: Shiftry|Wind Rider|boost
|-boost|p1a: Shiftry|atk|1
|move|p2a: Corviknight|U-turn|p1a: Shiftry
|-supereffective|p1a: Shiftry
|-damage|p1a: Shiftry|5/100
|
|t:|1743785469
|switch|p2a: Iron Valiant|Iron Valiant|100/100|[from] U-turn
|
|upkeep
|turn|2
|
|t:|1743785473
|move|p2a: Iron Valiant|Vacuum Wave|p1a: Shiftry
|-supereffective|p1a: Shiftry
|-damage|p1a: Shiftry|0 fnt
|faint|p1a: Shiftry
|-damage|p2a: Iron Valiant|91/100|[from] item: Life Orb
|
|upkeep
|
|t:|1743785476
|switch|p1a: Brambleghast|Brambleghast, F|100/100
|-ability|p1a: Brambleghast|Wind Rider|boost
|-boost|p1a: Brambleghast|atk|1
|turn|3
|
|t:|1743785493
|-end|p2a: Iron Valiant|Quark Drive|[silent]
|switch|p2a: Corviknight|Corviknight, M, shiny|100/100
|-ability|p2a: Corviknight|Pressure
|move|p1a: Brambleghast|Poltergeist|p2a: Corviknight|[miss]
|-miss|p1a: Brambleghast|p2a: Corviknight
|
|upkeep
|turn|4
|
|t:|1743785503
|move|p1a: Brambleghast|Poltergeist|p2a: Corviknight
|-activate|p2a: Corviknight|move: Poltergeist|Rocky Helmet
|-damage|p2a: Corviknight|43/100
|-damage|p1a: Brambleghast|91/100|[from] item: Life Orb
|move|p2a: Corviknight|Brave Bird|p1a: Brambleghast
|-supereffective|p1a: Brambleghast
|-damage|p1a: Brambleghast|0 fnt
|faint|p1a: Brambleghast
|-damage|p2a: Corviknight|24/100|[from] Recoil
|
|-sideend|p1: 45worldd|move: Tailwind
|upkeep
|
|t:|1743785510
|switch|p1a: Braviary|Braviary-Hisui, M|100/100
|turn|5
|
|t:|1743785517
|move|p1a: Braviary|Calm Mind|p1a: Braviary
|-boost|p1a: Braviary|spa|1
|-boost|p1a: Braviary|spd|1
|move|p2a: Corviknight|U-turn|p1a: Braviary
|-damage|p1a: Braviary|83/100
|
|t:|1743785526
|switch|p2a: Ting-Lu|Ting-Lu|100/100|[from] U-turn
|-ability|p2a: Ting-Lu|Vessel of Ruin
|
|upkeep
|turn|6
|
|t:|1743785533
|-terastallize|p1a: Braviary|Fighting
|move|p1a: Braviary|Tera Blast|p2a: Ting-Lu|[anim] Tera Blast Fighting
|-supereffective|p2a: Ting-Lu
|-damage|p2a: Ting-Lu|52/100
|move|p2a: Ting-Lu|Stealth Rock|p1a: Braviary
|-sidestart|p1: 45worldd|move: Stealth Rock
|
|-heal|p2a: Ting-Lu|58/100|[from] item: Leftovers
|upkeep
|turn|7
|
|t:|1743785541
|switch|p2a: Slowking|Slowking-Galar, F|100/100
|move|p1a: Braviary|Tera Blast|p2a: Slowking|[anim] Tera Blast Fighting
|-resisted|p2a: Slowking
|-damage|p2a: Slowking|84/100
|
|upkeep
|turn|8
|
|t:|1743785544
|move|p1a: Braviary|Esper Wing|p2a: Slowking
|-damage|p2a: Slowking|45/100
|-boost|p1a: Braviary|spe|1
|move|p2a: Slowking|Thunder Wave|p1a: Braviary
|-status|p1a: Braviary|par
|
|upkeep
|turn|9
|
|t:|1743785554
|switch|p2a: Ting-Lu|Ting-Lu|58/100
|-ability|p2a: Ting-Lu|Vessel of Ruin
|cant|p1a: Braviary|par
|
|-heal|p2a: Ting-Lu|65/100|[from] item: Leftovers
|upkeep
|turn|10
|
|t:|1743785558
|switch|p2a: Slowking|Slowking-Galar, F|78/100
|move|p1a: Braviary|Tera Blast|p2a: Slowking|[anim] Tera Blast Fighting
|-resisted|p2a: Slowking
|-damage|p2a: Slowking|61/100
|
|upkeep
|turn|11
|
|t:|1743785561
|move|p1a: Braviary|Psyshock|p2a: Slowking
|-damage|p2a: Slowking|0 fnt
|faint|p2a: Slowking
|
|upkeep
|
|t:|1743785569
|switch|p2a: Iron Valiant|Iron Valiant|91/100
|turn|12
|
|t:|1743785583
|move|p2a: Iron Valiant|Moonblast|p1a: Braviary
|-supereffective|p1a: Braviary
|-damage|p1a: Braviary|0 fnt
|faint|p1a: Braviary
|-damage|p2a: Iron Valiant|81/100|[from] item: Life Orb
|
|upkeep
|
|t:|1743785588
|switch|p1a: Dragapult|Dragapult, F, shiny|100/100
|-damage|p1a: Dragapult|88/100|[from] Stealth Rock
|turn|13
|
|t:|1743785597
|-end|p2a: Iron Valiant|Quark Drive|[silent]
|switch|p2a: Ting-Lu|Ting-Lu|65/100
|-ability|p2a: Ting-Lu|Vessel of Ruin
|move|p1a: Dragapult|Light Screen|p1a: Dragapult
|-sidestart|p1: 45worldd|move: Light Screen
|
|-heal|p2a: Ting-Lu|71/100|[from] item: Leftovers
|upkeep
|turn|14
|
|t:|1743785605
|move|p1a: Dragapult|Reflect|p1a: Dragapult
|-sidestart|p1: 45worldd|Reflect
|move|p2a: Ting-Lu|Ruination|p1a: Dragapult
|-damage|p1a: Dragapult|44/100
|
|-heal|p2a: Ting-Lu|77/100|[from] item: Leftovers
|upkeep
|turn|15
|
|t:|1743785612
|switch|p2a: Corviknight|Corviknight, M, shiny|24/100
|-ability|p2a: Corviknight|Pressure
|move|p1a: Dragapult|Curse|p2a: Corviknight
|-start|p2a: Corviknight|Curse|[of] p1a: Dragapult
|-damage|p1a: Dragapult|0 fnt
|faint|p1a: Dragapult
|
|-damage|p2a: Corviknight|0 fnt|[from] Curse
|faint|p2a: Corviknight
|upkeep
|
|t:|1743785623
|switch|p1a: Iron Hands|Iron Hands|100/100
|switch|p2a: Ting-Lu|Ting-Lu|77/100
|-damage|p1a: Iron Hands|94/100|[from] Stealth Rock
|-ability|p2a: Ting-Lu|Vessel of Ruin
|turn|16
|
|t:|1743785629
|move|p1a: Iron Hands|Swords Dance|p1a: Iron Hands
|-boost|p1a: Iron Hands|atk|2
|move|p2a: Ting-Lu|Whirlwind|p1a: Iron Hands
|-end|p1a: Iron Hands|Quark Drive|[silent]
|drag|p1a: Garganacl|Garganacl, M|100/100
|-damage|p1a: Garganacl|88/100|[from] Stealth Rock
|
|-heal|p2a: Ting-Lu|83/100|[from] item: Leftovers
|-heal|p1a: Garganacl|94/100|[from] item: Leftovers
|upkeep
|turn|17
|
|t:|1743785633
|move|p2a: Ting-Lu|Ruination|p1a: Garganacl
|-damage|p1a: Garganacl|48/100
|move|p1a: Garganacl|Salt Cure|p2a: Ting-Lu
|-resisted|p2a: Ting-Lu
|-damage|p2a: Ting-Lu|79/100
|-start|p2a: Ting-Lu|Salt Cure
|
|-heal|p2a: Ting-Lu|86/100|[from] item: Leftovers
|-heal|p1a: Garganacl|54/100|[from] item: Leftovers
|-damage|p2a: Ting-Lu|73/100|[from] Salt Cure
|upkeep
|turn|18
|
|t:|1743785647
|move|p1a: Garganacl|Recover|p1a: Garganacl
|-heal|p1a: Garganacl|100/100
|move|p2a: Ting-Lu|Whirlwind|p1a: Garganacl
|drag|p1a: Iron Hands|Iron Hands|94/100
|-damage|p1a: Iron Hands|88/100|[from] Stealth Rock
|
|-heal|p1a: Iron Hands|94/100|[from] item: Leftovers
|-heal|p2a: Ting-Lu|79/100|[from] item: Leftovers
|-damage|p2a: Ting-Lu|67/100|[from] Salt Cure
|upkeep
|turn|19
|
|t:|1743785651
|switch|p2a: Dragapult|Dragapult, F|100/100
|move|p1a: Iron Hands|Drain Punch|p2a: Dragapult
|-immune|p2a: Dragapult
|
|-heal|p1a: Iron Hands|100/100|[from] item: Leftovers
|upkeep
|turn|20
|
|t:|1743785667
|move|p2a: Dragapult|Shadow Ball|p1a: Iron Hands
|-damage|p1a: Iron Hands|81/100
|move|p1a: Iron Hands|Ice Punch|p2a: Dragapult
|-supereffective|p2a: Dragapult
|-damage|p2a: Dragapult|36/100
|
|-heal|p1a: Iron Hands|87/100|[from] item: Leftovers
|-sideend|p1: 45worldd|move: Light Screen
|upkeep
|turn|21
|
|t:|1743785676
|move|p2a: Dragapult|Shadow Ball|p1a: Iron Hands
|-damage|p1a: Iron Hands|43/100
|-unboost|p1a: Iron Hands|spd|1
|move|p1a: Iron Hands|Ice Punch|p2a: Dragapult
|-supereffective|p2a: Dragapult
|-damage|p2a: Dragapult|0 fnt
|faint|p2a: Dragapult
|
|-heal|p1a: Iron Hands|49/100|[from] item: Leftovers
|-sideend|p1: 45worldd|Reflect
|upkeep
|
|t:|1743785682
|switch|p2a: Iron Valiant|Iron Valiant|81/100
|turn|22
|
|t:|1743785687
|move|p2a: Iron Valiant|Moonblast|p1a: Iron Hands
|-supereffective|p1a: Iron Hands
|-damage|p1a: Iron Hands|0 fnt
|faint|p1a: Iron Hands
|-end|p1a: Iron Hands|Quark Drive|[silent]
|-damage|p2a: Iron Valiant|71/100|[from] item: Life Orb
|
|upkeep
|
|t:|1743785689
|switch|p1a: Garganacl|Garganacl, M|100/100
|-damage|p1a: Garganacl|88/100|[from] Stealth Rock
|turn|23
|
|t:|1743785693
|move|p2a: Iron Valiant|Close Combat|p1a: Garganacl
|-supereffective|p1a: Garganacl
|-damage|p1a: Garganacl|0 fnt
|-unboost|p2a: Iron Valiant|def|1
|-unboost|p2a: Iron Valiant|spd|1
|faint|p1a: Garganacl
|-damage|p2a: Iron Valiant|62/100|[from] item: Life Orb
|
|win|PinkPanther080129
|raw|45worldd's rating: 1540 &rarr; <strong>1520</strong><br />(-20 for losing)
|raw|PinkPanther080129's rating: 1545 &rarr; <strong>1565</strong><br />(+20 for winning)
|l|☆45worldd
|player|p1|
|c|☆PinkPanther080129|gg
|l|☆PinkPanther080129
|player|p2|
