|j|☆leevoiceact
|j|☆jeremy_jh1
|t:|1743913709
|gametype|singles
|player|p1|leevoiceact|giovanni|1142
|player|p2|jeremy_jh1|blackbelt-gen4dp|1125
|teamsize|p1|6
|teamsize|p2|6
|gen|9
|tier|[Gen 9] OU
|rated|
|rule|HP Percentage Mod: HP is shown in percentages
|rule|Endless Battle Clause: Forcing endless battles is banned
|rule|Species Clause: Limit one of each Pokémon
|rule|OHKO Clause: OHKO moves are banned
|rule|Evasion Items Clause: Evasion items are banned
|rule|Evasion Moves Clause: Evasion moves are banned
|rule|Sleep Moves Clause: Sleep-inducing moves are banned
|clearpoke
|poke|p1|Golurk|
|poke|p1|Enamorus-Therian, F|
|poke|p1|Ogerpon, F|
|poke|p1|Espeon, F|
|poke|p1|Arcanine-Hisui, M|
|poke|p1|Blastoise, F|
|poke|p2|Garchomp, M|
|poke|p2|Amoonguss, M|
|poke|p2|Dragapult, M|
|poke|p2|Toxapex, F|
|poke|p2|Grimmsnarl, M|
|poke|p2|Ursaluna, M|
|teampreview
|
|t:|1743913724
|start
|switch|p1a: Iron Giant|Golurk|100/100
|switch|p2a: Grimmsnarl|Grimmsnarl, M|100/100
|turn|1
|
|t:|1743913737
|move|p2a: Grimmsnarl|Foul Play|p1a: Iron Giant
|-supereffective|p1a: Iron Giant
|-damage|p1a: Iron Giant|0 fnt
|faint|p1a: Iron Giant
|
|upkeep
|
|t:|1743913746
|switch|p1a: Snake Turtle|Enamorus-Therian, F|100/100
|turn|2
|
|t:|1743913751
|move|p2a: Grimmsnarl|Reflect|p2a: Grimmsnarl
|-sidestart|p2: jeremy_jh1|Reflect
|move|p1a: Snake Turtle|Moonblast|p2a: Grimmsnarl
|-supereffective|p2a: Grimmsnarl
|-damage|p2a: Grimmsnarl|9/100
|-unboost|p2a: Grimmsnarl|spa|1
|
|upkeep
|turn|3
|
|t:|1743913764
|move|p2a: Grimmsnarl|Parting Shot|p1a: Snake Turtle
|-unboost|p1a: Snake Turtle|atk|1
|-unboost|p1a: Snake Turtle|spa|1
|
|t:|1743913778
|switch|p2a: Amoonguss|Amoonguss, M|100/100|[from] Parting Shot
|move|p1a: Snake Turtle|Moonblast|p2a: Amoonguss
|-resisted|p2a: Amoonguss
|-damage|p2a: Amoonguss|91/100
|
|-heal|p2a: Amoonguss|97/100|[from] item: Black Sludge
|upkeep
|turn|4
|
|t:|1743913789
|switch|p1a: Jewel|Espeon, F|100/100
|move|p2a: Amoonguss|Sludge Bomb|p1a: Jewel
|-damage|p1a: Jewel|63/100
|
|-heal|p2a: Amoonguss|100/100|[from] item: Black Sludge
|upkeep
|turn|5
|
|t:|1743913805
|switch|p2a: Dragapult|Dragapult, M|100/100
|move|p1a: Jewel|Psyshock|p2a: Dragapult
|-damage|p2a: Dragapult|31/100
|
|upkeep
|turn|6
|
|t:|1743913821
|switch|p1a: Koopa|Blastoise, F|100/100
|move|p2a: Dragapult|Phantom Force||[still]
|-prepare|p2a: Dragapult|Phantom Force
|
|upkeep
|turn|7
|
|t:|1743913829
|move|p2a: Dragapult|Phantom Force|p1a: Koopa|[from] lockedmove
|-damage|p1a: Koopa|44/100
|-damage|p2a: Dragapult|21/100|[from] item: Life Orb
|move|p1a: Koopa|Ice Beam|p2a: Dragapult
|-supereffective|p2a: Dragapult
|-damage|p2a: Dragapult|0 fnt
|faint|p2a: Dragapult
|
|upkeep
|
|t:|1743913840
|switch|p2a: Amoonguss|Amoonguss, M|100/100
|turn|8
|
|t:|1743913843
|move|p1a: Koopa|Ice Beam|p2a: Amoonguss
|-supereffective|p2a: Amoonguss
|-damage|p2a: Amoonguss|65/100
|move|p2a: Amoonguss|Sludge Bomb|p1a: Koopa
|-damage|p1a: Koopa|23/100
|
|-heal|p2a: Amoonguss|71/100|[from] item: Black Sludge
|upkeep
|turn|9
|
|t:|1743913852
|move|p1a: Koopa|Ice Beam|p2a: Amoonguss
|-supereffective|p2a: Amoonguss
|-damage|p2a: Amoonguss|33/100
|move|p2a: Amoonguss|Synthesis|p2a: Amoonguss
|-heal|p2a: Amoonguss|83/100
|
|-heal|p2a: Amoonguss|89/100|[from] item: Black Sludge
|-sideend|p2: jeremy_jh1|Reflect
|upkeep
|turn|10
|
|t:|1743913869
|move|p1a: Koopa|Ice Beam|p2a: Amoonguss
|-supereffective|p2a: Amoonguss
|-damage|p2a: Amoonguss|49/100
|move|p2a: Amoonguss|Leaf Storm|p1a: Koopa
|-supereffective|p1a: Koopa
|-damage|p1a: Koopa|0 fnt
|-unboost|p2a: Amoonguss|spa|2
|faint|p1a: Koopa
|
|-heal|p2a: Amoonguss|55/100|[from] item: Black Sludge
|upkeep
|
|t:|1743913882
|switch|p1a: Tiki|Ogerpon, F|100/100
|turn|11
|
|t:|1743913889
|move|p1a: Tiki|U-turn|p2a: Amoonguss
|-damage|p2a: Amoonguss|23/100
|
|t:|1743913892
|switch|p1a: Jewel|Espeon, F|63/100|[from] U-turn
|move|p2a: Amoonguss|Synthesis|p2a: Amoonguss
|-heal|p2a: Amoonguss|73/100
|
|-heal|p2a: Amoonguss|79/100|[from] item: Black Sludge
|upkeep
|turn|12
|
|t:|1743913920
|-terastallize|p2a: Amoonguss|Grass
|move|p1a: Jewel|Psyshock|p2a: Amoonguss
|-damage|p2a: Amoonguss|38/100
|move|p2a: Amoonguss|Leaf Storm|p1a: Jewel
|-damage|p1a: Jewel|27/100
|-unboost|p2a: Amoonguss|spa|2
|
|-damage|p2a: Amoonguss|26/100|[from] item: Black Sludge
|upkeep
|turn|13
|
|t:|1743913933
|move|p1a: Jewel|Psyshock|p2a: Amoonguss
|-damage|p2a: Amoonguss|0 fnt
|faint|p2a: Amoonguss
|
|upkeep
|
|t:|1743913950
|switch|p2a: Toxapex|Toxapex, F|100/100
|turn|14
|
|t:|1743913962
|move|p1a: Jewel|Psyshock|p2a: Toxapex
|-supereffective|p2a: Toxapex
|-damage|p2a: Toxapex|45/100
|move|p2a: Toxapex|Liquidation|p1a: Jewel
|-damage|p1a: Jewel|0 fnt
|faint|p1a: Jewel
|
|-heal|p2a: Toxapex|51/100|[from] item: Leftovers
|upkeep
|
|t:|1743913976
|switch|p1a: King|Arcanine-Hisui, M|100/100
|turn|15
|
|t:|1743913982
|move|p1a: King|Wild Charge|p2a: Toxapex
|-supereffective|p2a: Toxapex
|-damage|p2a: Toxapex|11/100
|move|p2a: Toxapex|Haze|p2a: Toxapex
|-clearallboost
|
|-heal|p2a: Toxapex|17/100|[from] item: Leftovers
|upkeep
|turn|16
|
|t:|1743913993
|switch|p2a: Ursaluna|Ursaluna, M|100/100
|move|p1a: King|Flare Blitz|p2a: Ursaluna
|-damage|p2a: Ursaluna|60/100
|
|-status|p2a: Ursaluna|brn|[from] item: Flame Orb
|upkeep
|turn|17
|
|t:|1743914009
|move|p1a: King|Flare Blitz|p2a: Ursaluna
|-damage|p2a: Ursaluna|19/100 brn
|move|p2a: Ursaluna|Earthquake|p1a: King
|-supereffective|p1a: King
|-damage|p1a: King|0 fnt
|faint|p1a: King
|
|-damage|p2a: Ursaluna|13/100 brn|[from] brn
|upkeep
|
|t:|1743914023
|switch|p1a: Tiki|Ogerpon, F|100/100
|turn|18
|
|t:|1743914034
|-terastallize|p1a: Tiki|Grass
|detailschange|p1a: Tiki|Ogerpon-Teal-Tera, F, tera:Grass
|-ability|p1a: Tiki|Embody Aspect (Teal)|boost
|-boost|p1a: Tiki|spe|1
|move|p1a: Tiki|U-turn|p2a: Ursaluna
|-damage|p2a: Ursaluna|0 fnt
|faint|p2a: Ursaluna
|
|t:|1743914041
|switch|p1a: Snake Turtle|Enamorus-Therian, F|100/100|[from] U-turn
|
|upkeep
|
|t:|1743914053
|switch|p2a: Garchomp|Garchomp, M, shiny|100/100
|turn|19
|
|t:|1743914065
|move|p2a: Garchomp|Stone Edge|p1a: Snake Turtle
|-supereffective|p1a: Snake Turtle
|-damage|p1a: Snake Turtle|26/100
|-damage|p2a: Garchomp|91/100|[from] item: Life Orb
|move|p1a: Snake Turtle|Moonblast|p2a: Garchomp
|-supereffective|p2a: Garchomp
|-damage|p2a: Garchomp|0 fnt
|faint|p2a: Garchomp
|
|-heal|p1a: Snake Turtle|32/100|[from] item: Leftovers
|upkeep
|
|t:|1743914077
|switch|p2a: Toxapex|Toxapex, F|50/100
|turn|20
|
|t:|1743914083
|move|p1a: Snake Turtle|Moonblast|p2a: Toxapex
|-resisted|p2a: Toxapex
|-crit|p2a: Toxapex
|-damage|p2a: Toxapex|21/100
|move|p2a: Toxapex|Recover|p2a: Toxapex
|-heal|p2a: Toxapex|71/100
|
|-heal|p1a: Snake Turtle|38/100|[from] item: Leftovers
|-heal|p2a: Toxapex|77/100|[from] item: Leftovers
|upkeep
|turn|21
|
|t:|1743914094
|move|p1a: Snake Turtle|Mystical Fire|p2a: Toxapex
|-resisted|p2a: Toxapex
|-damage|p2a: Toxapex|67/100
|-unboost|p2a: Toxapex|spa|1
|move|p2a: Toxapex|Liquidation|p1a: Snake Turtle
|-damage|p1a: Snake Turtle|22/100
|
|-heal|p1a: Snake Turtle|28/100|[from] item: Leftovers
|-heal|p2a: Toxapex|73/100|[from] item: Leftovers
|upkeep
|turn|22
|
|t:|1743914106
|move|p1a: Snake Turtle|Moonblast|p2a: Toxapex
|-resisted|p2a: Toxapex
|-damage|p2a: Toxapex|56/100
|-unboost|p2a: Toxapex|spa|1
|move|p2a: Toxapex|Liquidation|p1a: Snake Turtle
|-damage|p1a: Snake Turtle|12/100
|-unboost|p1a: Snake Turtle|def|1
|
|-heal|p1a: Snake Turtle|18/100|[from] item: Leftovers
|-heal|p2a: Toxapex|62/100|[from] item: Leftovers
|upkeep
|turn|23
|
|t:|1743914118
|move|p1a: Snake Turtle|Moonblast|p2a: Toxapex
|-resisted|p2a: Toxapex
|-damage|p2a: Toxapex|43/100
|-unboost|p2a: Toxapex|spa|1
|move|p2a: Toxapex|Toxic Spikes|p1a: Snake Turtle
|-sidestart|p1: leevoiceact|move: Toxic Spikes
|
|-heal|p1a: Snake Turtle|24/100|[from] item: Leftovers
|-heal|p2a: Toxapex|49/100|[from] item: Leftovers
|upkeep
|turn|24
|
|t:|1743914128
|move|p1a: Snake Turtle|Moonblast|p2a: Toxapex
|-resisted|p2a: Toxapex
|-damage|p2a: Toxapex|31/100
|move|p2a: Toxapex|Toxic Spikes|p1a: Snake Turtle
|-sidestart|p1: leevoiceact|move: Toxic Spikes
|
|-heal|p1a: Snake Turtle|31/100|[from] item: Leftovers
|-heal|p2a: Toxapex|37/100|[from] item: Leftovers
|upkeep
|turn|25
|
|t:|1743914138
|move|p1a: Snake Turtle|Moonblast|p2a: Toxapex
|-resisted|p2a: Toxapex
|-damage|p2a: Toxapex|18/100
|move|p2a: Toxapex|Recover|p2a: Toxapex
|-heal|p2a: Toxapex|68/100
|
|-heal|p1a: Snake Turtle|37/100|[from] item: Leftovers
|-heal|p2a: Toxapex|75/100|[from] item: Leftovers
|upkeep
|turn|26
|
|t:|1743914148
|move|p1a: Snake Turtle|Moonblast|p2a: Toxapex
|-resisted|p2a: Toxapex
|-damage|p2a: Toxapex|57/100
|-unboost|p2a: Toxapex|spa|1
|move|p2a: Toxapex|Liquidation|p1a: Snake Turtle
|-damage|p1a: Snake Turtle|15/100
|
|-heal|p1a: Snake Turtle|21/100|[from] item: Leftovers
|-heal|p2a: Toxapex|63/100|[from] item: Leftovers
|upkeep
|turn|27
|
|t:|1743914159
|move|p1a: Snake Turtle|Moonblast|p2a: Toxapex
|-resisted|p2a: Toxapex
|-damage|p2a: Toxapex|44/100
|-unboost|p2a: Toxapex|spa|1
|move|p2a: Toxapex|Liquidation|p1a: Snake Turtle
|-damage|p1a: Snake Turtle|0 fnt
|faint|p1a: Snake Turtle
|
|-heal|p2a: Toxapex|50/100|[from] item: Leftovers
|upkeep
|
|t:|1743914170
|switch|p1a: Tiki|Ogerpon-Teal-Tera, F, tera:Grass|100/100
|-status|p1a: Tiki|tox
|-ability|p1a: Tiki|Embody Aspect (Teal)|boost
|-boost|p1a: Tiki|spe|1
|turn|28
|
|t:|1743914179
|move|p1a: Tiki|Horn Leech|p2a: Toxapex
|-damage|p2a: Toxapex|6/100
|move|p2a: Toxapex|Recover|p2a: Toxapex
|-heal|p2a: Toxapex|56/100
|
|-heal|p2a: Toxapex|62/100|[from] item: Leftovers
|-damage|p1a: Tiki|95/100 tox|[from] psn
|upkeep
|turn|29
|
|t:|1743914189
|move|p1a: Tiki|Horn Leech|p2a: Toxapex
|-damage|p2a: Toxapex|21/100
|-heal|p1a: Tiki|100/100 tox|[from] drain|[of] p2a: Toxapex
|move|p2a: Toxapex|Recover|p2a: Toxapex
|-heal|p2a: Toxapex|71/100
|
|-heal|p2a: Toxapex|77/100|[from] item: Leftovers
|-damage|p1a: Tiki|89/100 tox|[from] psn
|upkeep
|turn|30
|
|t:|1743914200
|move|p1a: Tiki|Horn Leech|p2a: Toxapex
|-damage|p2a: Toxapex|35/100
|-heal|p1a: Tiki|100/100 tox|[from] drain|[of] p2a: Toxapex
|move|p2a: Toxapex|Recover|p2a: Toxapex
|-heal|p2a: Toxapex|85/100
|
|-heal|p2a: Toxapex|92/100|[from] item: Leftovers
|-damage|p1a: Tiki|83/100 tox|[from] psn
|upkeep
|turn|31
|
|t:|1743914211
|move|p1a: Tiki|Horn Leech|p2a: Toxapex
|-damage|p2a: Toxapex|45/100
|-heal|p1a: Tiki|100/100 tox|[from] drain|[of] p2a: Toxapex
|move|p2a: Toxapex|Haze|p2a: Toxapex
|-clearallboost
|
|-heal|p2a: Toxapex|51/100|[from] item: Leftovers
|-damage|p1a: Tiki|77/100 tox|[from] psn
|upkeep
|turn|32
|
|t:|1743914227
|move|p1a: Tiki|Horn Leech|p2a: Toxapex
|-damage|p2a: Toxapex|8/100
|-heal|p1a: Tiki|98/100 tox|[from] drain|[of] p2a: Toxapex
|move|p2a: Toxapex|Recover|p2a: Toxapex
|-heal|p2a: Toxapex|58/100
|
|-heal|p2a: Toxapex|65/100|[from] item: Leftovers
|-damage|p1a: Tiki|68/100 tox|[from] psn
|upkeep
|turn|33
|
|t:|1743914240
|switch|p2a: Grimmsnarl|Grimmsnarl, M|9/100
|move|p1a: Tiki|Horn Leech|p2a: Grimmsnarl
|-damage|p2a: Grimmsnarl|0 fnt
|-heal|p1a: Tiki|74/100 tox|[from] drain|[of] p2a: Grimmsnarl
|faint|p2a: Grimmsnarl
|
|-damage|p1a: Tiki|38/100 tox|[from] psn
|upkeep
|
|t:|1743914252
|switch|p2a: Toxapex|Toxapex, F|98/100
|turn|34
|
|t:|1743914257
|move|p1a: Tiki|Horn Leech|p2a: Toxapex
|-damage|p2a: Toxapex|51/100
|-heal|p1a: Tiki|62/100 tox|[from] drain|[of] p2a: Toxapex
|move|p2a: Toxapex|Liquidation|p1a: Tiki
|-resisted|p1a: Tiki
|-damage|p1a: Tiki|51/100 tox
|
|-heal|p2a: Toxapex|57/100|[from] item: Leftovers
|-damage|p1a: Tiki|9/100 tox|[from] psn
|upkeep
|turn|35
|
|t:|1743914269
|move|p1a: Tiki|Horn Leech|p2a: Toxapex
|-damage|p2a: Toxapex|17/100
|-heal|p1a: Tiki|29/100 tox|[from] drain|[of] p2a: Toxapex
|move|p2a: Toxapex|Recover|p2a: Toxapex
|-heal|p2a: Toxapex|67/100
|
|-heal|p2a: Toxapex|73/100|[from] item: Leftovers
|-damage|p1a: Tiki|0 fnt|[from] psn
|faint|p1a: Tiki
|
|win|jeremy_jh1
|raw|leevoiceact's rating: 1142 &rarr; <strong>1116</strong><br />(-26 for losing)
|raw|jeremy_jh1's rating: 1125 &rarr; <strong>1151</strong><br />(+26 for winning)
|l|☆leevoiceact
|player|p1|
|c|☆jeremy_jh1|Good game bro, cook with that play
