|j|☆lolcano46
|j|☆theowlbrett
|t:|1743871754
|gametype|singles
|player|p1|lolcano46|fisherman-gen4|1475
|player|p2|theowlbrett|crasherwake|1477
|teamsize|p1|6
|teamsize|p2|6
|gen|9
|tier|[Gen 9] OU
|rated|
|rule|HP Percentage Mod: HP is shown in percentages
|rule|Endless Battle Clause: Forcing endless battles is banned
|rule|Species Clause: Limit one of each Pokémon
|rule|OHKO Clause: OHKO moves are banned
|rule|Evasion Items Clause: Evasion items are banned
|rule|Evasion Moves Clause: Evasion moves are banned
|rule|Sleep Moves Clause: Sleep-inducing moves are banned
|clearpoke
|poke|p1|Azelf|
|poke|p1|Ogerpon-Wellspring, F|
|poke|p1|Scizor, F|
|poke|p1|Gengar, M|
|poke|p1|Raging Bolt|
|poke|p1|Cinderace, F|
|poke|p2|Cinderace, M|
|poke|p2|Kingambit, M|
|poke|p2|Great Tusk|
|poke|p2|Hatterene, F|
|poke|p2|Pecharunt|
|poke|p2|Garchomp, M|
|teampreview
|inactive|Battle timer is ON: inactive players will automatically lose when time's up. (requested by lolcano46)
|inactive|theowlbrett has 120 seconds left.
|
|t:|1743871799
|start
|switch|p1a: Gengar|Gengar, M|100/100
|switch|p2a: Cinderace|Cinderace, M|100/100
|turn|1
|
|t:|1743871806
|move|p1a: Gengar|Thunder Wave|p2a: Cinderace
|-status|p2a: Cinderace|par
|move|p2a: Cinderace|Swords Dance|p2a: Cinderace
|-start|p2a: Cinderace|typechange|Normal|[from] ability: Libero
|-boost|p2a: Cinderace|atk|2
|
|upkeep
|turn|2
|
|t:|1743871816
|switch|p1a: Raging Bolt|Raging Bolt|100/100
|-enditem|p1a: Raging Bolt|Booster Energy
|-activate|p1a: Raging Bolt|ability: Protosynthesis|[fromitem]
|-start|p1a: Raging Bolt|protosynthesisspa
|move|p2a: Cinderace|Double-Edge|p1a: Raging Bolt
|-damage|p1a: Raging Bolt|0 fnt
|faint|p1a: Raging Bolt
|-end|p1a: Raging Bolt|Protosynthesis|[silent]
|-damage|p2a: Cinderace|58/100 par|[from] Recoil
|-damage|p2a: Cinderace|48/100 par|[from] item: Life Orb
|
|upkeep
|
|t:|1743871828
|switch|p1a: Cinderace|Cinderace, F|100/100
|turn|3
|
|t:|1743871830
|cant|p2a: Cinderace|par
|move|p1a: Cinderace|Pyro Ball|p2a: Cinderace
|-damage|p2a: Cinderace|0 fnt
|faint|p2a: Cinderace
|
|upkeep
|
|t:|1743871837
|switch|p2a: Garchomp|Garchomp, M|100/100
|turn|4
|
|t:|1743871841
|move|p1a: Cinderace|Pyro Ball|p2a: Garchomp
|-resisted|p2a: Garchomp
|-damage|p2a: Garchomp|70/100
|move|p2a: Garchomp|Stealth Rock|p1a: Cinderace
|-sidestart|p1: lolcano46|move: Stealth Rock
|
|upkeep
|turn|5
|
|t:|1743871846
|move|p1a: Cinderace|Court Change|p1a: Cinderace
|-start|p1a: Cinderace|typechange|Normal|[from] ability: Libero
|-swapsideconditions
|-activate|p1a: Cinderace|move: Court Change
|move|p2a: Garchomp|Earthquake|p1a: Cinderace
|-damage|p1a: Cinderace|19/100
|
|upkeep
|turn|6
|
|t:|1743871852
|move|p1a: Cinderace|Pyro Ball|p2a: Garchomp
|-resisted|p2a: Garchomp
|-damage|p2a: Garchomp|50/100
|move|p2a: Garchomp|Earthquake|p1a: Cinderace
|-damage|p1a: Cinderace|0 fnt
|faint|p1a: Cinderace
|
|upkeep
|
|t:|1743871857
|switch|p1a: Azelf|Azelf|100/100
|turn|7
|
|t:|1743871863
|move|p1a: Azelf|Dazzling Gleam|p2a: Garchomp
|-supereffective|p2a: Garchomp
|-damage|p2a: Garchomp|0 fnt
|faint|p2a: Garchomp
|
|upkeep
|
|t:|1743871870
|switch|p2a: Kingambit|Kingambit, M|100/100
|-damage|p2a: Kingambit|94/100|[from] Stealth Rock
|-activate|p2a: Kingambit|ability: Supreme Overlord
|-start|p2a: Kingambit|fallen2|[silent]
|turn|8
|
|t:|1743871877
|-terastallize|p1a: Azelf|Fairy
|move|p1a: Azelf|Flamethrower|p2a: Kingambit
|-supereffective|p2a: Kingambit
|-damage|p2a: Kingambit|7/100
|move|p2a: Kingambit|Kowtow Cleave|p1a: Azelf
|-resisted|p1a: Azelf
|-damage|p1a: Azelf|45/100
|
|upkeep
|turn|9
|
|t:|1743871887
|switch|p1a: Scizor|Scizor, F|100/100
|-terastallize|p2a: Kingambit|Dark
|move|p2a: Kingambit|Sucker Punch||[still]
|-fail|p2a: Kingambit
|
|upkeep
|turn|10
|
|t:|1743871892
|-end|p2a: Kingambit|fallen2|[silent]
|switch|p2a: Pecharunt|Pecharunt|100/100
|move|p1a: Scizor|Bullet Punch|p2a: Pecharunt
|-damage|p2a: Pecharunt|76/100
|
|upkeep
|turn|11
|
|t:|1743871897
|move|p2a: Pecharunt|Hex|p1a: Scizor
|-damage|p1a: Scizor|71/100
|move|p1a: Scizor|Swords Dance|p1a: Scizor
|-boost|p1a: Scizor|atk|2
|
|upkeep
|turn|12
|
|t:|1743871903
|move|p2a: Pecharunt|Hex|p1a: Scizor
|-damage|p1a: Scizor|37/100
|move|p1a: Scizor|Knock Off|p2a: Pecharunt
|-supereffective|p2a: Pecharunt
|-damage|p2a: Pecharunt|0 fnt
|-enditem|p2a: Pecharunt|Heavy-Duty Boots|[from] move: Knock Off|[of] p1a: Scizor
|faint|p2a: Pecharunt
|
|upkeep
|
|t:|1743871905
|switch|p2a: Great Tusk|Great Tusk|100/100
|-damage|p2a: Great Tusk|98/100|[from] Stealth Rock
|turn|13
|
|t:|1743871912
|switch|p1a: Gengar|Gengar, M|100/100
|move|p2a: Great Tusk|Rapid Spin|p1a: Gengar
|-immune|p1a: Gengar
|
|-heal|p2a: Great Tusk|100/100|[from] item: Leftovers
|upkeep
|turn|14
|
|t:|1743871918
|move|p1a: Gengar|Shadow Ball|p2a: Great Tusk
|-damage|p2a: Great Tusk|43/100
|move|p2a: Great Tusk|Headlong Rush|p1a: Gengar
|-supereffective|p1a: Gengar
|-damage|p1a: Gengar|0 fnt
|-unboost|p2a: Great Tusk|def|1
|-unboost|p2a: Great Tusk|spd|1
|faint|p1a: Gengar
|
|-heal|p2a: Great Tusk|49/100|[from] item: Leftovers
|upkeep
|
|t:|1743871924
|switch|p1a: Azelf|Azelf, tera:Fairy|45/100
|turn|15
|
|t:|1743871926
|-end|p2a: Great Tusk|Protosynthesis|[silent]
|switch|p2a: Hatterene|Hatterene, F|100/100
|-damage|p2a: Hatterene|88/100|[from] Stealth Rock
|move|p1a: Azelf|Dazzling Gleam|p2a: Hatterene
|-damage|p2a: Hatterene|48/100
|
|upkeep
|turn|16
|
|t:|1743871934
|move|p1a: Azelf|Dazzling Gleam|p2a: Hatterene
|-damage|p2a: Hatterene|5/100
|move|p2a: Hatterene|Mystical Fire|p1a: Azelf
|-damage|p1a: Azelf|0 fnt
|faint|p1a: Azelf
|
|upkeep
|
|t:|1743871940
|switch|p1a: Ogerpon|Ogerpon-Wellspring, F|100/100
|turn|17
|
|t:|1743871943
|move|p1a: Ogerpon|Horn Leech|p2a: Hatterene
|-damage|p2a: Hatterene|0 fnt
|faint|p2a: Hatterene
|
|upkeep
|-message|theowlbrett forfeited.
|
|win|lolcano46
|raw|lolcano46's rating: 1475 &rarr; <strong>1495</strong><br />(+20 for winning)
|raw|theowlbrett's rating: 1477 &rarr; <strong>1457</strong><br />(-20 for losing)
|l|☆theowlbrett
|player|p2|
|l|☆lolcano46
|player|p1|
