|j|☆leihuo
|j|☆tohelpu
|t:|1743843474
|gametype|singles
|player|p1|leihuo|170|1218
|player|p2|tohelpu|1|1201
|teamsize|p1|6
|teamsize|p2|6
|gen|9
|tier|[Gen 9] OU
|rated|
|rule|HP Percentage Mod: HP is shown in percentages
|rule|Endless Battle Clause: Forcing endless battles is banned
|rule|Species Clause: Limit one of each Pokémon
|rule|OHKO Clause: OHKO moves are banned
|rule|Evasion Items Clause: Evasion items are banned
|rule|Evasion Moves Clause: Evasion moves are banned
|rule|Sleep Moves Clause: Sleep-inducing moves are banned
|clearpoke
|poke|p1|Great Tusk|
|poke|p1|Ninetales, M|
|poke|p1|Kingambit, F|
|poke|p1|Walking Wake|
|poke|p1|Pecharunt|
|poke|p1|Arcanine-Hisui, F|
|poke|p2|Gumshoos, M|
|poke|p2|Magnezone|
|poke|p2|Enamorus-Therian, F|
|poke|p2|Sableye, M|
|poke|p2|Zapdos-Galar|
|poke|p2|Ursaluna, F|
|teampreview
|
|t:|1743843478
|start
|switch|p1a: Ninetales|Ninetales, M|100/100
|switch|p2a: Zapdos|Zapdos-Galar|100/100
|-weather|SunnyDay|[from] ability: Drought|[of] p1a: Ninetales
|turn|1
|
|t:|1743843502
|move|p2a: Zapdos|Thunderous Kick|p1a: Ninetales
|-damage|p1a: Ninetales|6/100
|-unboost|p1a: Ninetales|def|1
|move|p1a: Ninetales|Will-O-Wisp|p2a: Zapdos
|-status|p2a: Zapdos|brn
|
|-weather|SunnyDay|[upkeep]
|-damage|p2a: Zapdos|94/100 brn|[from] brn
|upkeep
|turn|2
|
|t:|1743843515
|switch|p1a: Pecharunt|Pecharunt|100/100
|move|p2a: Zapdos|Thunderous Kick|p1a: Pecharunt
|-immune|p1a: Pecharunt
|
|-weather|SunnyDay|[upkeep]
|-damage|p2a: Zapdos|88/100 brn|[from] brn
|upkeep
|turn|3
|
|t:|1743843522
|move|p2a: Zapdos|Thunderous Kick|p1a: Pecharunt
|-immune|p1a: Pecharunt
|move|p1a: Pecharunt|Parting Shot|p2a: Zapdos
|-unboost|p2a: Zapdos|atk|1
|-ability|p2a: Zapdos|Defiant|boost
|-boost|p2a: Zapdos|atk|2
|-unboost|p2a: Zapdos|spa|1
|-ability|p2a: Zapdos|Defiant|boost
|-boost|p2a: Zapdos|atk|2
|
|t:|1743843542
|switch|p1a: Arcanine|Arcanine-Hisui, F|100/100|[from] Parting Shot
|
|-weather|SunnyDay|[upkeep]
|-damage|p2a: Zapdos|82/100 brn|[from] brn
|upkeep
|turn|4
|
|t:|1743843547
|-terastallize|p1a: Arcanine|Fire
|move|p2a: Zapdos|Thunderous Kick|p1a: Arcanine
|-damage|p1a: Arcanine|0 fnt
|faint|p1a: Arcanine
|
|-weather|SunnyDay|[upkeep]
|-damage|p2a: Zapdos|76/100 brn|[from] brn
|upkeep
|
|t:|1743843557
|switch|p1a: Great Tusk|Great Tusk|100/100
|-activate|p1a: Great Tusk|ability: Protosynthesis
|-start|p1a: Great Tusk|protosynthesisatk
|turn|5
|
|t:|1743843561
|move|p2a: Zapdos|Thunderous Kick|p1a: Great Tusk
|-damage|p1a: Great Tusk|40/100
|-unboost|p1a: Great Tusk|def|1
|move|p1a: Great Tusk|Rapid Spin|p2a: Zapdos
|-damage|p2a: Zapdos|51/100 brn
|-boost|p1a: Great Tusk|spe|1
|
|-weather|SunnyDay|[upkeep]
|-heal|p1a: Great Tusk|47/100|[from] item: Leftovers
|-damage|p2a: Zapdos|45/100 brn|[from] brn
|upkeep
|turn|6
|
|t:|1743843571
|move|p1a: Great Tusk|Ice Spinner|p2a: Zapdos
|-supereffective|p2a: Zapdos
|-damage|p2a: Zapdos|0 fnt
|faint|p2a: Zapdos
|
|-weather|SunnyDay|[upkeep]
|-heal|p1a: Great Tusk|53/100|[from] item: Leftovers
|upkeep
|
|t:|1743843590
|switch|p2a: Sableye|Sableye, M|100/100
|turn|7
|
|t:|1743843597
|move|p1a: Great Tusk|Headlong Rush|p2a: Sableye
|-damage|p2a: Sableye|26/100
|-unboost|p1a: Great Tusk|def|1
|-unboost|p1a: Great Tusk|spd|1
|move|p2a: Sableye|Night Shade|p1a: Great Tusk
|-damage|p1a: Great Tusk|26/100
|
|-weather|SunnyDay|[upkeep]
|-heal|p1a: Great Tusk|32/100|[from] item: Leftovers
|-heal|p2a: Sableye|33/100|[from] item: Leftovers
|upkeep
|turn|8
|
|t:|1743843608
|move|p2a: Sableye|Will-O-Wisp|p1a: Great Tusk
|-status|p1a: Great Tusk|brn
|move|p1a: Great Tusk|Headlong Rush|p2a: Sableye
|-damage|p2a: Sableye|0 fnt
|-unboost|p1a: Great Tusk|def|1
|-unboost|p1a: Great Tusk|spd|1
|faint|p2a: Sableye
|
|-weather|none
|-end|p1a: Great Tusk|Protosynthesis
|-heal|p1a: Great Tusk|38/100 brn|[from] item: Leftovers
|-damage|p1a: Great Tusk|32/100 brn|[from] brn
|upkeep
|
|t:|1743843630
|switch|p2a: Ursaluna|Ursaluna, F|100/100
|turn|9
|
|t:|1743843642
|-terastallize|p2a: Ursaluna|Ground
|move|p1a: Great Tusk|Close Combat|p2a: Ursaluna
|-damage|p2a: Ursaluna|79/100
|-unboost|p1a: Great Tusk|def|1
|-unboost|p1a: Great Tusk|spd|1
|move|p2a: Ursaluna|Substitute|p2a: Ursaluna
|-start|p2a: Ursaluna|Substitute
|-damage|p2a: Ursaluna|54/100
|
|-heal|p1a: Great Tusk|38/100 brn|[from] item: Leftovers
|-heal|p2a: Ursaluna|60/100|[from] item: Leftovers
|-damage|p1a: Great Tusk|32/100 brn|[from] brn
|upkeep
|turn|10
|
|t:|1743843655
|move|p1a: Great Tusk|Ice Spinner|p2a: Ursaluna
|-supereffective|p2a: Ursaluna
|-activate|p2a: Ursaluna|move: Substitute|[damage]
|move|p2a: Ursaluna|Bulk Up|p2a: Ursaluna
|-boost|p2a: Ursaluna|atk|1
|-boost|p2a: Ursaluna|def|1
|
|-heal|p1a: Great Tusk|38/100 brn|[from] item: Leftovers
|-heal|p2a: Ursaluna|66/100|[from] item: Leftovers
|-damage|p1a: Great Tusk|32/100 brn|[from] brn
|upkeep
|turn|11
|
|t:|1743843666
|move|p1a: Great Tusk|Ice Spinner|p2a: Ursaluna
|-supereffective|p2a: Ursaluna
|-end|p2a: Ursaluna|Substitute
|move|p2a: Ursaluna|Substitute|p2a: Ursaluna
|-start|p2a: Ursaluna|Substitute
|-damage|p2a: Ursaluna|41/100
|
|-heal|p1a: Great Tusk|38/100 brn|[from] item: Leftovers
|-heal|p2a: Ursaluna|47/100|[from] item: Leftovers
|-damage|p1a: Great Tusk|32/100 brn|[from] brn
|upkeep
|turn|12
|
|t:|1743843675
|-end|p1a: Great Tusk|Protosynthesis|[silent]
|switch|p1a: Ninetales|Ninetales, M|6/100
|-weather|SunnyDay|[from] ability: Drought|[of] p1a: Ninetales
|move|p2a: Ursaluna|Earthquake|p1a: Ninetales
|-supereffective|p1a: Ninetales
|-damage|p1a: Ninetales|0 fnt
|faint|p1a: Ninetales
|
|-weather|SunnyDay|[upkeep]
|-heal|p2a: Ursaluna|54/100|[from] item: Leftovers
|upkeep
|
|t:|1743843683
|switch|p1a: Great Tusk|Great Tusk|32/100 brn
|-activate|p1a: Great Tusk|ability: Protosynthesis
|-start|p1a: Great Tusk|protosynthesisatk
|turn|13
|
|t:|1743843692
|move|p1a: Great Tusk|Headlong Rush|p2a: Ursaluna
|-activate|p2a: Ursaluna|move: Substitute|[damage]
|-unboost|p1a: Great Tusk|def|1
|-unboost|p1a: Great Tusk|spd|1
|move|p2a: Ursaluna|Bulk Up|p2a: Ursaluna
|-boost|p2a: Ursaluna|atk|1
|-boost|p2a: Ursaluna|def|1
|
|-weather|SunnyDay|[upkeep]
|-heal|p1a: Great Tusk|38/100 brn|[from] item: Leftovers
|-heal|p2a: Ursaluna|60/100|[from] item: Leftovers
|-damage|p1a: Great Tusk|32/100 brn|[from] brn
|upkeep
|turn|14
|
|t:|1743843704
|-end|p1a: Great Tusk|Protosynthesis|[silent]
|switch|p1a: Pecharunt|Pecharunt|100/100
|move|p2a: Ursaluna|Substitute|p2a: Ursaluna
|-fail|p2a: Ursaluna|move: Substitute
|
|-weather|SunnyDay|[upkeep]
|-heal|p2a: Ursaluna|66/100|[from] item: Leftovers
|upkeep
|turn|15
|
|t:|1743843712
|move|p1a: Pecharunt|Malignant Chain|p2a: Ursaluna
|-resisted|p2a: Ursaluna
|-end|p2a: Ursaluna|Substitute
|move|p2a: Ursaluna|Earthquake|p1a: Pecharunt
|-supereffective|p1a: Pecharunt
|-damage|p1a: Pecharunt|0 fnt
|faint|p1a: Pecharunt
|
|-weather|SunnyDay|[upkeep]
|-heal|p2a: Ursaluna|72/100|[from] item: Leftovers
|upkeep
|
|t:|1743843717
|switch|p1a: Walking Wake|Walking Wake|100/100
|-activate|p1a: Walking Wake|ability: Protosynthesis
|-start|p1a: Walking Wake|protosynthesisspa
|turn|16
|
|t:|1743843732
|switch|p2a: Gumshoos|Gumshoos, M|100/100
|move|p1a: Walking Wake|Hydro Steam|p2a: Gumshoos
|-damage|p2a: Gumshoos|0 fnt
|faint|p2a: Gumshoos
|-damage|p1a: Walking Wake|91/100|[from] item: Life Orb
|
|-weather|SunnyDay|[upkeep]
|upkeep
|
|t:|1743843753
|switch|p2a: Magnezone|Magnezone|100/100
|turn|17
|
|t:|1743843766
|move|p1a: Walking Wake|Weather Ball|p2a: Magnezone
|-supereffective|p2a: Magnezone
|-ability|p2a: Magnezone|Sturdy
|-damage|p2a: Magnezone|1/100
|-damage|p1a: Walking Wake|81/100|[from] item: Life Orb
|move|p2a: Magnezone|Volt Switch|p1a: Walking Wake
|-damage|p1a: Walking Wake|26/100
|
|t:|1743843775
|switch|p2a: Ursaluna|Ursaluna, F, tera:Ground|72/100|[from] Volt Switch
|
|-weather|SunnyDay|[upkeep]
|-heal|p2a: Ursaluna|79/100|[from] item: Leftovers
|upkeep
|turn|18
|
|t:|1743843786
|switch|p2a: Magnezone|Magnezone|1/100
|move|p1a: Walking Wake|Hydro Steam|p2a: Magnezone
|-damage|p2a: Magnezone|0 fnt
|faint|p2a: Magnezone
|-damage|p1a: Walking Wake|16/100|[from] item: Life Orb
|
|-weather|SunnyDay|[upkeep]
|upkeep
|
|t:|1743843801
|switch|p2a: Enamorus|Enamorus-Therian, F|100/100
|turn|19
|
|t:|1743843806
|move|p1a: Walking Wake|Hydro Steam|p2a: Enamorus
|-crit|p2a: Enamorus
|-damage|p2a: Enamorus|0 fnt
|faint|p2a: Enamorus
|-damage|p1a: Walking Wake|6/100|[from] item: Life Orb
|
|-weather|none
|-end|p1a: Walking Wake|Protosynthesis
|upkeep
|c|☆tohelpu|gg
|-message|tohelpu forfeited.
|
|win|leihuo
|raw|leihuo's rating: 1218 &rarr; <strong>1242</strong><br />(+24 for winning)
|raw|tohelpu's rating: 1201 &rarr; <strong>1177</strong><br />(-24 for losing)
|l|☆tohelpu
|player|p2|
|l|☆leihuo
|player|p1|
