|j|☆Cabrollins27
|j|☆jxrx
|t:|1743883695
|gametype|singles
|player|p1|Cabrollins27|101|1280
|player|p2|jxrx|norman|1261
|teamsize|p1|6
|teamsize|p2|6
|gen|9
|tier|[Gen 9] OU
|rated|
|rule|HP Percentage Mod: HP is shown in percentages
|rule|Endless Battle Clause: Forcing endless battles is banned
|rule|Species Clause: Limit one of each Pokémon
|rule|OHKO Clause: OHKO moves are banned
|rule|Evasion Items Clause: Evasion items are banned
|rule|Evasion Moves Clause: Evasion moves are banned
|rule|Sleep Moves Clause: Sleep-inducing moves are banned
|clearpoke
|poke|p1|Kingambit, F|
|poke|p1|Gholdengo|
|poke|p1|Gliscor, F|
|poke|p1|Clefable, F|
|poke|p1|Kyurem|
|poke|p1|Iron Moth|
|poke|p2|Great Tusk|
|poke|p2|Muk-Alola, F|
|poke|p2|Dragapult, M|
|poke|p2|Vileplume, M|
|poke|p2|Magnezone|
|poke|p2|Altaria, F|
|teampreview
|inactive|Battle timer is ON: inactive players will automatically lose when time's up. (requested by jxrx)
|
|t:|1743883730
|start
|switch|p1a: Gliscor|Gliscor, F|100/100
|switch|p2a: Altaria|Altaria, F, shiny|100/100
|turn|1
|inactive|jxrx has 120 seconds left.
|
|t:|1743883767
|move|p1a: Gliscor|Toxic|p2a: Altaria
|-status|p2a: Altaria|tox
|move|p2a: Altaria|Will-O-Wisp|p1a: Gliscor
|-status|p1a: Gliscor|brn
|
|-damage|p2a: Altaria|94/100 tox|[from] psn
|-damage|p1a: Gliscor|94/100 brn|[from] brn
|upkeep
|turn|2
|
|t:|1743883777
|move|p1a: Gliscor|Knock Off|p2a: Altaria
|-damage|p2a: Altaria|85/100 tox
|-enditem|p2a: Altaria|Wide Lens|[from] move: Knock Off|[of] p1a: Gliscor
|move|p2a: Altaria|Fire Spin|p1a: Gliscor|[miss]
|-miss|p2a: Altaria|p1a: Gliscor
|
|-damage|p2a: Altaria|73/100 tox|[from] psn
|-damage|p1a: Gliscor|88/100 brn|[from] brn
|upkeep
|turn|3
|inactive|jxrx has 120 seconds left.
|inactive|Cabrollins27 has 120 seconds left.
|
|t:|1743883816
|move|p1a: Gliscor|Knock Off|p2a: Altaria
|-damage|p2a: Altaria|67/100 tox
|move|p2a: Altaria|Fire Spin|p1a: Gliscor
|-crit|p1a: Gliscor
|-damage|p1a: Gliscor|78/100 brn
|-activate|p1a: Gliscor|move: Fire Spin|[of] p2a: Altaria
|
|-damage|p2a: Altaria|49/100 tox|[from] psn
|-damage|p1a: Gliscor|72/100 brn|[from] brn
|-damage|p1a: Gliscor|59/100 brn|[from] move: Fire Spin|[partiallytrapped]
|upkeep
|turn|4
|inactive|Cabrollins27 has 120 seconds left.
|
|t:|1743883830
|move|p1a: Gliscor|Knock Off|p2a: Altaria
|-damage|p2a: Altaria|42/100 tox
|move|p2a: Altaria|Roost|p2a: Altaria
|-heal|p2a: Altaria|92/100 tox
|-singleturn|p2a: Altaria|move: Roost
|
|-damage|p2a: Altaria|68/100 tox|[from] psn
|-damage|p1a: Gliscor|53/100 brn|[from] brn
|-damage|p1a: Gliscor|40/100 brn|[from] move: Fire Spin|[partiallytrapped]
|upkeep
|turn|5
|inactive|Cabrollins27 has 120 seconds left.
|
|t:|1743883852
|-curestatus|p2a: Altaria|tox|[from] ability: Natural Cure
|switch|p2a: Vileplume|Vileplume, M|100/100
|move|p1a: Gliscor|Knock Off|p2a: Vileplume
|-damage|p2a: Vileplume|93/100
|-damage|p1a: Gliscor|24/100 brn|[from] item: Rocky Helmet|[of] p2a: Vileplume
|-enditem|p2a: Vileplume|Rocky Helmet|[from] move: Knock Off|[of] p1a: Gliscor
|
|-damage|p1a: Gliscor|18/100 brn|[from] brn
|-end|p1a: Gliscor|Fire Spin|[partiallytrapped]|[silent]
|upkeep
|turn|6
|inactive|Cabrollins27 has 120 seconds left.
|
|t:|1743883865
|switch|p2a: Altaria|Altaria, F, shiny|68/100
|move|p1a: Gliscor|Earthquake|p2a: Altaria
|-immune|p2a: Altaria
|
|-damage|p1a: Gliscor|12/100 brn|[from] brn
|upkeep
|turn|7
|inactive|Cabrollins27 has 120 seconds left.
|inactive|jxrx has 90 seconds left.
|
|t:|1743883907
|move|p1a: Gliscor|Toxic|p2a: Altaria
|-status|p2a: Altaria|tox
|move|p2a: Altaria|Roost|p2a: Altaria
|-heal|p2a: Altaria|100/100 tox
|-singleturn|p2a: Altaria|move: Roost
|
|-damage|p2a: Altaria|94/100 tox|[from] psn
|-damage|p1a: Gliscor|5/100 brn|[from] brn
|upkeep
|turn|8
|inactive|Cabrollins27 has 120 seconds left.
|
|t:|1743883922
|move|p1a: Gliscor|Knock Off|p2a: Altaria
|-damage|p2a: Altaria|88/100 tox
|move|p2a: Altaria|Fire Spin|p1a: Gliscor|[miss]
|-miss|p2a: Altaria|p1a: Gliscor
|
|-damage|p2a: Altaria|76/100 tox|[from] psn
|-damage|p1a: Gliscor|0 fnt|[from] brn
|faint|p1a: Gliscor
|upkeep
|
|t:|1743883933
|switch|p1a: Kyurem|Kyurem|100/100
|-ability|p1a: Kyurem|Pressure
|turn|9
|inactive|jxrx has 90 seconds left.
|
|t:|1743883945
|-curestatus|p2a: Altaria|tox|[from] ability: Natural Cure
|switch|p2a: Muk|Muk-Alola, F|100/100
|move|p1a: Kyurem|Icicle Spear|p2a: Muk
|-damage|p2a: Muk|87/100
|-damage|p2a: Muk|73/100
|-damage|p2a: Muk|58/100
|-damage|p2a: Muk|43/100
|-hitcount|p2a: Muk|4
|
|upkeep
|turn|10
|
|t:|1743883956
|move|p2a: Muk|Shadow Sneak|p1a: Kyurem
|-damage|p1a: Kyurem|92/100
|move|p1a: Kyurem|Dragon Dance|p1a: Kyurem
|-boost|p1a: Kyurem|atk|1
|-boost|p1a: Kyurem|spe|1
|
|upkeep
|turn|11
|
|t:|1743883969
|move|p2a: Muk|Shadow Sneak|p1a: Kyurem
|-damage|p1a: Kyurem|82/100
|move|p1a: Kyurem|Icicle Spear|p2a: Muk
|-damage|p2a: Muk|23/100
|-damage|p2a: Muk|2/100
|-damage|p2a: Muk|0 fnt
|faint|p2a: Muk
|-hitcount|p2: Muk|3
|
|upkeep
|
|t:|1743883971
|switch|p2a: Magnezone|Magnezone|100/100
|turn|12
|inactive|Cabrollins27 has 120 seconds left.
|
|t:|1743883983
|-terastallize|p1a: Kyurem|Fire
|move|p1a: Kyurem|Tera Blast|p2a: Magnezone|[anim] Tera Blast Fire
|-supereffective|p2a: Magnezone
|-damage|p2a: Magnezone|0 fnt
|faint|p2a: Magnezone
|
|upkeep
|
|t:|1743883986
|switch|p2a: Great Tusk|Great Tusk|100/100
|turn|13
|
|t:|1743883995
|-terastallize|p2a: Great Tusk|Steel
|move|p1a: Kyurem|Icicle Spear|p2a: Great Tusk
|-resisted|p2a: Great Tusk
|-damage|p2a: Great Tusk|93/100
|-resisted|p2a: Great Tusk
|-damage|p2a: Great Tusk|86/100
|-resisted|p2a: Great Tusk
|-damage|p2a: Great Tusk|80/100
|-resisted|p2a: Great Tusk
|-damage|p2a: Great Tusk|73/100
|-resisted|p2a: Great Tusk
|-damage|p2a: Great Tusk|66/100
|-hitcount|p2a: Great Tusk|5
|move|p2a: Great Tusk|Headlong Rush|p1a: Kyurem
|-supereffective|p1a: Kyurem
|-damage|p1a: Kyurem|0 fnt
|-unboost|p2a: Great Tusk|def|1
|-unboost|p2a: Great Tusk|spd|1
|faint|p1a: Kyurem
|
|upkeep
|inactive|Cabrollins27 has 120 seconds left.
|
|t:|1743884015
|switch|p1a: Iron Moth|Iron Moth|100/100
|-enditem|p1a: Iron Moth|Booster Energy
|-activate|p1a: Iron Moth|ability: Quark Drive|[fromitem]
|-start|p1a: Iron Moth|quarkdrivespa
|turn|14
|inactive|jxrx has 120 seconds left.
|
|t:|1743884044
|-end|p2a: Great Tusk|Protosynthesis|[silent]
|switch|p2a: Dragapult|Dragapult, M|100/100
|move|p1a: Iron Moth|Fiery Dance|p2a: Dragapult
|-resisted|p2a: Dragapult
|-damage|p2a: Dragapult|62/100
|-boost|p1a: Iron Moth|spa|1
|
|-heal|p2a: Dragapult|68/100|[from] item: Leftovers
|upkeep
|turn|15
|inactive|jxrx has 120 seconds left.
|
|t:|1743884055
|move|p2a: Dragapult|Dragon Darts|p1a: Iron Moth
|-damage|p1a: Iron Moth|58/100
|-anim|p2a: Dragapult|Dragon Darts|p1a: Iron Moth
|-damage|p1a: Iron Moth|19/100
|move|p1a: Iron Moth|Psychic|p2a: Dragapult
|-damage|p2a: Dragapult|0 fnt
|faint|p2a: Dragapult
|
|upkeep
|inactive|jxrx has 120 seconds left.
|
|t:|1743884069
|switch|p2a: Altaria|Altaria, F, shiny|76/100
|turn|16
|
|t:|1743884073
|move|p1a: Iron Moth|Sludge Wave|p2a: Altaria
|-damage|p2a: Altaria|0 fnt
|faint|p2a: Altaria
|
|upkeep
|-message|jxrx forfeited.
|
|win|Cabrollins27
|raw|Cabrollins27's rating: 1280 &rarr; <strong>1303</strong><br />(+23 for winning)
|raw|jxrx's rating: 1259 &rarr; <strong>1236</strong><br />(-23 for losing)
|l|☆jxrx
|player|p2|
|l|☆Cabrollins27
|player|p1|
