|j|☆901ttc
|j|☆SSATFAW
|t:|1743784133
|gametype|singles
|player|p1|901ttc|101|1406
|player|p2|SSATFAW|ghetsis|1336
|teamsize|p1|6
|teamsize|p2|6
|gen|9
|tier|[Gen 9] OU
|rated|
|rule|HP Percentage Mod: HP is shown in percentages
|rule|Endless Battle Clause: Forcing endless battles is banned
|rule|Species Clause: Limit one of each Pokémon
|rule|OHKO Clause: OHKO moves are banned
|rule|Evasion Items Clause: Evasion items are banned
|rule|Evasion Moves Clause: Evasion moves are banned
|rule|Sleep Moves Clause: Sleep-inducing moves are banned
|clearpoke
|poke|p1|Iron Crown|
|poke|p1|Iron Hands|
|poke|p1|Grimmsnarl, M|
|poke|p1|Great Tusk|
|poke|p1|Dragonite, M|
|poke|p1|Glimmora, F|
|poke|p2|Inteleon, M|
|poke|p2|Dragapult, F|
|poke|p2|Cinderace, F|
|poke|p2|Corviknight, M|
|poke|p2|Alomomola, M|
|poke|p2|Ting-Lu|
|teampreview
|
|t:|1743784145
|start
|switch|p1a: Grimmsnarl|Grimmsnarl, M, shiny|100/100
|switch|p2a: Inteleon|Inteleon, M|100/100
|turn|1
|
|t:|1743784151
|move|p2a: Inteleon|Surf|p1a: Grimmsnarl
|-damage|p1a: Grimmsnarl|39/100
|move|p1a: Grimmsnarl|Spirit Break|p2a: Inteleon
|-damage|p2a: Inteleon|39/100
|-unboost|p2a: Inteleon|spa|1
|
|upkeep
|turn|2
|inactive|Battle timer is ON: inactive players will automatically lose when time's up. (requested by SSATFAW)
|
|t:|1743784183
|move|p1a: Grimmsnarl|Parting Shot|p2a: Inteleon
|-unboost|p2a: Inteleon|atk|1
|-unboost|p2a: Inteleon|spa|1
|
|t:|1743784189
|switch|p1a: ZachuVGC|Iron Hands|100/100|[from] Parting Shot
|move|p2a: Inteleon|Surf|p1a: ZachuVGC
|-damage|p1a: ZachuVGC|75/100
|
|-heal|p1a: ZachuVGC|81/100|[from] item: Leftovers
|upkeep
|turn|3
|
|t:|1743784207
|switch|p2a: Dragapult|Dragapult, F|100/100
|move|p1a: ZachuVGC|Ice Punch|p2a: Dragapult
|-supereffective|p2a: Dragapult
|-damage|p2a: Dragapult|25/100
|
|-heal|p1a: ZachuVGC|87/100|[from] item: Leftovers
|upkeep
|turn|4
|
|t:|1743784230
|-end|p1a: ZachuVGC|Quark Drive|[silent]
|switch|p1a: Grimmsnarl|Grimmsnarl, M, shiny|39/100
|move|p2a: Dragapult|U-turn|p1a: Grimmsnarl
|-damage|p1a: Grimmsnarl|8/100
|
|t:|1743784236
|switch|p2a: Alomomola|Alomomola, M|100/100|[from] U-turn
|
|upkeep
|turn|5
|
|t:|1743784241
|move|p1a: Grimmsnarl|Parting Shot|p2a: Alomomola
|-unboost|p2a: Alomomola|atk|1
|-unboost|p2a: Alomomola|spa|1
|
|t:|1743784246
|switch|p1a: ZachuVGC|Iron Hands|87/100|[from] Parting Shot
|move|p2a: Alomomola|Wish|p2a: Alomomola
|
|-heal|p1a: ZachuVGC|93/100|[from] item: Leftovers
|upkeep
|turn|6
|
|t:|1743784257
|move|p2a: Alomomola|Scald|p1a: ZachuVGC
|-damage|p1a: ZachuVGC|87/100
|move|p1a: ZachuVGC|Swords Dance|p1a: ZachuVGC
|-boost|p1a: ZachuVGC|atk|2
|
|-heal|p1a: ZachuVGC|93/100|[from] item: Leftovers
|upkeep
|turn|7
|
|t:|1743784266
|move|p2a: Alomomola|Scald|p1a: ZachuVGC
|-crit|p1a: ZachuVGC
|-damage|p1a: ZachuVGC|77/100
|move|p1a: ZachuVGC|Thunder Punch|p2a: Alomomola
|-supereffective|p2a: Alomomola
|-damage|p2a: Alomomola|15/100
|
|-heal|p1a: ZachuVGC|83/100|[from] item: Leftovers
|upkeep
|turn|8
|
|t:|1743784277
|move|p2a: Alomomola|Scald|p1a: ZachuVGC
|-crit|p1a: ZachuVGC
|-damage|p1a: ZachuVGC|69/100
|move|p1a: ZachuVGC|Drain Punch|p2a: Alomomola
|-damage|p2a: Alomomola|0 fnt
|-heal|p1a: ZachuVGC|77/100|[from] drain|[of] p2a: Alomomola
|faint|p2a: Alomomola
|
|-heal|p1a: ZachuVGC|83/100|[from] item: Leftovers
|upkeep
|
|t:|1743784288
|switch|p2a: Inteleon|Inteleon, M|39/100
|turn|9
|inactive|901ttc has 120 seconds left.
|
|t:|1743784331
|-terastallize|p2a: Inteleon|Water
|move|p2a: Inteleon|Surf|p1a: ZachuVGC
|-damage|p1a: ZachuVGC|13/100
|move|p1a: ZachuVGC|Drain Punch|p2a: Inteleon
|-crit|p2a: Inteleon
|-damage|p2a: Inteleon|0 fnt
|-heal|p1a: ZachuVGC|24/100|[from] drain|[of] p2a: Inteleon
|faint|p2a: Inteleon
|
|-heal|p1a: ZachuVGC|30/100|[from] item: Leftovers
|upkeep
|-message|SSATFAW forfeited.
|
|win|901ttc
|raw|901ttc's rating: 1406 &rarr; <strong>1422</strong><br />(+16 for winning)
|raw|SSATFAW's rating: 1336 &rarr; <strong>1320</strong><br />(-16 for losing)
|l|☆SSATFAW
|player|p2|
|l|☆901ttc
|player|p1|
