|j|☆Flo03041992
|j|☆menses
|t:|1743920556
|gametype|singles
|player|p1|Flo03041992|101|1155
|player|p2|menses|parasollady|1163
|teamsize|p1|6
|teamsize|p2|6
|gen|9
|tier|[Gen 9] OU
|rated|
|rule|HP Percentage Mod: HP is shown in percentages
|rule|Endless Battle Clause: Forcing endless battles is banned
|rule|Species Clause: Limit one of each Pokémon
|rule|OHKO Clause: OHKO moves are banned
|rule|Evasion Items Clause: Evasion items are banned
|rule|Evasion Moves Clause: Evasion moves are banned
|rule|Sleep Moves Clause: Sleep-inducing moves are banned
|clearpoke
|poke|p1|Ribombee, M|
|poke|p1|Cinderace, M|
|poke|p1|Serperior, F|
|poke|p1|Mimikyu, M|
|poke|p1|Dragapult, M|
|poke|p1|Bisharp, M|
|poke|p2|Glimmora, F|
|poke|p2|Zamazenta-*|
|poke|p2|Latias, F|
|poke|p2|Gholdengo|
|poke|p2|Dragonite, F|
|poke|p2|Weavile, F|
|teampreview
|inactive|Battle timer is ON: inactive players will automatically lose when time's up. (requested by menses)
|
|t:|1743920563
|start
|switch|p1a: Ribombee|Ribombee, M|100/100
|switch|p2a: Weavile|Weavile, F|100/100
|turn|1
|
|t:|1743920575
|switch|p2a: Glimmora|Glimmora, F|100/100
|move|p1a: Ribombee|Sticky Web|p2a: Glimmora
|-sidestart|p2: menses|move: Sticky Web
|
|upkeep
|turn|2
|
|t:|1743920584
|switch|p1a: Bisharp|Bisharp, M|100/100
|move|p2a: Glimmora|Stealth Rock|p1a: Bisharp
|-sidestart|p1: Flo03041992|move: Stealth Rock
|
|upkeep
|turn|3
|
|t:|1743920594
|move|p2a: Glimmora|Earth Power|p1a: Bisharp
|-supereffective|p1a: Bisharp
|-damage|p1a: Bisharp|47/100
|move|p1a: Bisharp|Iron Head|p2a: Glimmora
|-supereffective|p2a: Glimmora
|-damage|p2a: Glimmora|9/100
|-activate|p2a: Glimmora|ability: Toxic Debris
|-sidestart|p1: Flo03041992|move: Toxic Spikes
|-enditem|p2a: Glimmora|Red Card|[of] p1a: Bisharp
|drag|p1a: Serperior|Serperior, F|100/100
|-damage|p1a: Serperior|88/100|[from] Stealth Rock
|-status|p1a: Serperior|psn
|
|-heal|p1a: Serperior|94/100 psn|[from] item: Leftovers
|-damage|p1a: Serperior|82/100 psn|[from] psn
|upkeep
|turn|4
|inactive|menses has 120 seconds left.
|
|t:|1743920642
|move|p1a: Serperior|Leech Seed|p2a: Glimmora|[miss]
|-miss|p1a: Serperior|p2a: Glimmora
|move|p2a: Glimmora|Spikes|p1a: Serperior
|-sidestart|p1: Flo03041992|Spikes
|
|-heal|p1a: Serperior|88/100 psn|[from] item: Leftovers
|-damage|p1a: Serperior|76/100 psn|[from] psn
|upkeep
|turn|5
|
|t:|1743920651
|move|p1a: Serperior|Leaf Storm|p2a: Glimmora
|-damage|p2a: Glimmora|0 fnt
|-boost|p1a: Serperior|spa|2
|faint|p2a: Glimmora
|
|-heal|p1a: Serperior|82/100 psn|[from] item: Leftovers
|-damage|p1a: Serperior|70/100 psn|[from] psn
|upkeep
|
|t:|1743920663
|switch|p2a: Dragonite|Dragonite, F|100/100
|turn|6
|
|t:|1743920675
|move|p1a: Serperior|Leech Seed|p2a: Dragonite
|-start|p2a: Dragonite|move: Leech Seed
|move|p2a: Dragonite|Dragon Dance|p2a: Dragonite
|-boost|p2a: Dragonite|atk|1
|-boost|p2a: Dragonite|spe|1
|
|-heal|p1a: Serperior|76/100 psn|[from] item: Leftovers
|-damage|p2a: Dragonite|88/100|[from] Leech Seed|[of] p1a: Serperior
|-heal|p1a: Serperior|90/100 psn|[silent]
|-damage|p1a: Serperior|77/100 psn|[from] psn
|upkeep
|turn|7
|
|t:|1743920688
|-terastallize|p1a: Serperior|Stellar
|move|p2a: Dragonite|Dragon Dance|p2a: Dragonite
|-boost|p2a: Dragonite|atk|1
|-boost|p2a: Dragonite|spe|1
|move|p1a: Serperior|Tera Blast|p2a: Dragonite|[anim] Tera Blast Stellar
|-damage|p2a: Dragonite|31/100
|-boost|p1a: Serperior|atk|1
|-boost|p1a: Serperior|spa|1
|
|-heal|p1a: Serperior|83/100 psn|[from] item: Leftovers
|-damage|p2a: Dragonite|18/100|[from] Leech Seed|[of] p1a: Serperior
|-heal|p1a: Serperior|97/100 psn|[silent]
|-damage|p1a: Serperior|85/100 psn|[from] psn
|upkeep
|turn|8
|inactive|menses has 120 seconds left.
|
|t:|1743920706
|move|p2a: Dragonite|Ice Spinner|p1a: Serperior
|-supereffective|p1a: Serperior
|-damage|p1a: Serperior|0 fnt
|faint|p1a: Serperior
|
|upkeep
|
|t:|1743920717
|switch|p1a: Cinderace|Cinderace, M|100/100
|turn|9
|inactive|menses has 120 seconds left.
|
|t:|1743920724
|move|p2a: Dragonite|Extreme Speed|p1a: Cinderace
|-damage|p1a: Cinderace|15/100
|move|p1a: Cinderace|Court Change|p1a: Cinderace
|-swapsideconditions
|-activate|p1a: Cinderace|move: Court Change
|
|-damage|p2a: Dragonite|6/100|[from] Leech Seed|[of] p1a: Cinderace
|-heal|p1a: Cinderace|28/100|[silent]
|upkeep
|turn|10
|inactive|menses has 120 seconds left.
|
|t:|1743920735
|switch|p1a: Dragapult|Dragapult, M|100/100
|-activate|p1a: Dragapult|move: Sticky Web
|-fail|p1a: Dragapult|unboost|[from] ability: Clear Body|[of] p1a: Dragapult
|move|p2a: Dragonite|Extreme Speed|p1a: Dragapult
|-immune|p1a: Dragapult
|
|-damage|p2a: Dragonite|0 fnt|[from] Leech Seed|[of] p1a: Dragapult
|faint|p2a: Dragonite
|upkeep
|inactive|menses has 120 seconds left.
|
|t:|1743920747
|switch|p2a: Latias|Latias, F|100/100
|-damage|p2a: Latias|88/100|[from] Stealth Rock
|turn|11
|inactive|menses has 120 seconds left.
|
|t:|1743920755
|-terastallize|p2a: Latias|Fairy
|move|p1a: Dragapult|Dragon Darts|p2a: Latias
|-immune|p2a: Latias
|move|p2a: Latias|Agility|p2a: Latias
|-boost|p2a: Latias|spe|2
|
|-heal|p2a: Latias|94/100|[from] item: Leftovers
|upkeep
|turn|12
|inactive|menses has 120 seconds left.
|
|t:|1743920775
|switch|p1a: Mimikyu|Mimikyu, M|100/100
|-activate|p1a: Mimikyu|move: Sticky Web
|-unboost|p1a: Mimikyu|spe|1
|move|p2a: Latias|Calm Mind|p2a: Latias
|-boost|p2a: Latias|spa|1
|-boost|p2a: Latias|spd|1
|
|-heal|p2a: Latias|100/100|[from] item: Leftovers
|upkeep
|turn|13
|inactive|menses has 120 seconds left.
|
|t:|1743920792
|move|p2a: Latias|Stored Power|p1a: Mimikyu
|-activate|p1a: Mimikyu|ability: Disguise
|-damage|p1a: Mimikyu|100/100
|detailschange|p1a: Mimikyu|Mimikyu-Busted, M
|-damage|p1a: Mimikyu|88/100|[from] pokemon: Mimikyu-Busted
|-enditem|p1a: Mimikyu|Red Card|[of] p2a: Latias
|drag|p2a: Weavile|Weavile, F|100/100
|-damage|p2a: Weavile|76/100|[from] Stealth Rock
|-status|p2a: Weavile|psn
|-damage|p2a: Weavile|63/100 psn|[from] Spikes
|move|p1a: Mimikyu|Will-O-Wisp||[still]
|-fail|p1a: Mimikyu
|
|-damage|p2a: Weavile|51/100 psn|[from] psn
|upkeep
|turn|14
|
|t:|1743920809
|move|p2a: Weavile|Knock Off|p1a: Mimikyu
|-damage|p1a: Mimikyu|20/100
|-damage|p2a: Weavile|41/100 psn|[from] item: Life Orb
|move|p1a: Mimikyu|Play Rough|p2a: Weavile
|-supereffective|p2a: Weavile
|-damage|p2a: Weavile|0 fnt
|faint|p2a: Weavile
|
|upkeep
|
|t:|1743920827
|switch|p2a: Zamazenta|Zamazenta|100/100
|-damage|p2a: Zamazenta|94/100|[from] Stealth Rock
|-status|p2a: Zamazenta|psn
|-damage|p2a: Zamazenta|82/100 psn|[from] Spikes
|-ability|p2a: Zamazenta|Dauntless Shield|boost
|-boost|p2a: Zamazenta|def|1
|turn|15
|
|t:|1743920839
|move|p2a: Zamazenta|Crunch|p1a: Mimikyu
|-damage|p1a: Mimikyu|0 fnt
|faint|p1a: Mimikyu
|
|-heal|p2a: Zamazenta|88/100 psn|[from] item: Leftovers
|-damage|p2a: Zamazenta|76/100 psn|[from] psn
|upkeep
|
|t:|1743920860
|switch|p1a: Dragapult|Dragapult, M|100/100
|-activate|p1a: Dragapult|move: Sticky Web
|-fail|p1a: Dragapult|unboost|[from] ability: Clear Body|[of] p1a: Dragapult
|turn|16
|
|t:|1743920879
|move|p1a: Dragapult|Hydro Pump|p2a: Zamazenta
|-damage|p2a: Zamazenta|41/100 psn
|-damage|p1a: Dragapult|91/100|[from] item: Life Orb
|move|p2a: Zamazenta|Substitute|p2a: Zamazenta
|-start|p2a: Zamazenta|Substitute
|-damage|p2a: Zamazenta|16/100 psn
|
|-heal|p2a: Zamazenta|22/100 psn|[from] item: Leftovers
|-damage|p2a: Zamazenta|10/100 psn|[from] psn
|upkeep
|turn|17
|
|t:|1743920891
|move|p1a: Dragapult|Dragon Darts|p2a: Zamazenta
|-activate|p2a: Zamazenta|move: Substitute|[damage]
|-anim|p1a: Dragapult|Dragon Darts|p2a: Zamazenta
|-end|p2a: Zamazenta|Substitute
|-damage|p1a: Dragapult|81/100|[from] item: Life Orb
|move|p2a: Zamazenta|Crunch|p1a: Dragapult
|-supereffective|p1a: Dragapult
|-damage|p1a: Dragapult|20/100
|
|-heal|p2a: Zamazenta|16/100 psn|[from] item: Leftovers
|-damage|p2a: Zamazenta|3/100 psn|[from] psn
|upkeep
|turn|18
|
|t:|1743920903
|move|p1a: Dragapult|Dragon Darts|p2a: Zamazenta
|-damage|p2a: Zamazenta|0 fnt
|faint|p2a: Zamazenta
|-damage|p1a: Dragapult|10/100|[from] item: Life Orb
|
|upkeep
|
|t:|1743920911
|switch|p2a: Latias|Latias, F, tera:Fairy|100/100
|-damage|p2a: Latias|88/100|[from] Stealth Rock
|turn|19
|
|t:|1743920926
|move|p1a: Dragapult|Hydro Pump|p2a: Latias|[miss]
|-miss|p1a: Dragapult|p2a: Latias
|move|p2a: Latias|Agility|p2a: Latias
|-boost|p2a: Latias|spe|2
|
|-heal|p2a: Latias|94/100|[from] item: Leftovers
|upkeep
|turn|20
|inactive|menses has 120 seconds left.
|
|t:|1743920936
|move|p2a: Latias|Calm Mind|p2a: Latias
|-boost|p2a: Latias|spa|1
|-boost|p2a: Latias|spd|1
|move|p1a: Dragapult|Hydro Pump|p2a: Latias
|-damage|p2a: Latias|72/100
|-damage|p1a: Dragapult|0 fnt|[from] item: Life Orb
|faint|p1a: Dragapult
|
|-heal|p2a: Latias|78/100|[from] item: Leftovers
|upkeep
|
|t:|1743920947
|switch|p1a: Bisharp|Bisharp, M|47/100
|-activate|p1a: Bisharp|move: Sticky Web
|-unboost|p1a: Bisharp|spe|1
|-ability|p1a: Bisharp|Defiant|boost
|-boost|p1a: Bisharp|atk|2
|turn|21
|
|t:|1743920956
|move|p2a: Latias|Draining Kiss|p1a: Bisharp
|-damage|p1a: Bisharp|10/100
|-heal|p2a: Latias|100/100|[from] drain|[of] p1a: Bisharp
|move|p1a: Bisharp|Iron Head|p2a: Latias
|-supereffective|p2a: Latias
|-damage|p2a: Latias|0 fnt
|faint|p2a: Latias
|
|upkeep
|
|t:|1743920963
|switch|p2a: Gholdengo|Gholdengo|100/100
|-damage|p2a: Gholdengo|94/100|[from] Stealth Rock
|-damage|p2a: Gholdengo|82/100|[from] Spikes
|turn|22
|
|t:|1743920975
|move|p1a: Bisharp|Sucker Punch|p2a: Gholdengo
|-supereffective|p2a: Gholdengo
|-damage|p2a: Gholdengo|0 fnt
|faint|p2a: Gholdengo
|
|win|Flo03041992
|raw|Flo03041992's rating: 1155 &rarr; <strong>1181</strong><br />(+26 for winning)
|raw|menses's rating: 1163 &rarr; <strong>1137</strong><br />(-26 for losing)
|l|☆menses
|player|p2|
|l|☆Flo03041992
|player|p1|
