|j|‽esteostrali
|j|☆IAmNotAmanda
|t:|1743850472
|gametype|singles
|player|p1|esteostrali|dragontamer|1518
|player|p2|IAmNotAmanda|iris-gen5bw2|1401
|teamsize|p1|6
|teamsize|p2|6
|gen|9
|tier|[Gen 9] OU
|rated|
|rule|HP Percentage Mod: HP is shown in percentages
|rule|Endless Battle Clause: Forcing endless battles is banned
|rule|Species Clause: Limit one of each Pokémon
|rule|OHKO Clause: OHKO moves are banned
|rule|Evasion Items Clause: Evasion items are banned
|rule|Evasion Moves Clause: Evasion moves are banned
|rule|Sleep Moves Clause: Sleep-inducing moves are banned
|clearpoke
|poke|p1|Cobalion|
|poke|p1|Skeledirge, F|
|poke|p1|Rillaboom, F|
|poke|p1|Great Tusk|
|poke|p1|Pecharunt|
|poke|p1|Zapdos|
|poke|p2|Gliscor, M|
|poke|p2|Samurott-Hisui, M|
|poke|p2|Kingambit, M|
|poke|p2|Gholdengo|
|poke|p2|Glimmora, M|
|poke|p2|Ting-Lu|
|teampreview
|inactive|Battle timer is ON: inactive players will automatically lose when time's up. (requested by IAmNotAmanda)
|
|t:|1743850485
|start
|switch|p1a: Cobalion|Cobalion|100/100
|switch|p2a: Ting-Lu|Ting-Lu|100/100
|-ability|p2a: Ting-Lu|Vessel of Ruin
|turn|1
|
|t:|1743850495
|move|p1a: Cobalion|Stealth Rock|p2a: Ting-Lu
|-sidestart|p2: IAmNotAmanda|move: Stealth Rock
|move|p2a: Ting-Lu|Ruination|p1a: Cobalion
|-damage|p1a: Cobalion|50/100
|-ability|p1a: Cobalion|Justified|boost
|-boost|p1a: Cobalion|atk|1
|
|-heal|p1a: Cobalion|57/100|[from] item: Leftovers
|upkeep
|turn|2
|
|t:|1743850501
|move|p1a: Cobalion|Iron Defense|p1a: Cobalion
|-boost|p1a: Cobalion|def|2
|move|p2a: Ting-Lu|Earthquake|p1a: Cobalion
|-supereffective|p1a: Cobalion
|-damage|p1a: Cobalion|27/100
|
|-heal|p1a: Cobalion|33/100|[from] item: Leftovers
|upkeep
|turn|3
|
|t:|1743850504
|move|p1a: Cobalion|Body Press|p2a: Ting-Lu
|-supereffective|p2a: Ting-Lu
|-damage|p2a: Ting-Lu|25/100
|move|p2a: Ting-Lu|Whirlwind|p1a: Cobalion
|drag|p1a: Zapdos|Zapdos|100/100
|
|-heal|p2a: Ting-Lu|31/100|[from] item: Leftovers
|upkeep
|turn|4
|
|t:|1743850516
|switch|p1a: Rillaboom|Rillaboom, F|100/100
|-fieldstart|move: Grassy Terrain|[from] ability: Grassy Surge|[of] p1a: Rillaboom
|move|p2a: Ting-Lu|Stealth Rock|p1a: Rillaboom
|-sidestart|p1: esteostrali|move: Stealth Rock
|
|-heal|p2a: Ting-Lu|37/100|[from] Grassy Terrain
|-heal|p2a: Ting-Lu|43/100|[from] item: Leftovers
|upkeep
|turn|5
|
|t:|1743850525
|switch|p2a: Gliscor|Gliscor, M|100/100
|-damage|p2a: Gliscor|88/100|[from] Stealth Rock
|move|p1a: Rillaboom|Wood Hammer|p2a: Gliscor
|-damage|p2a: Gliscor|24/100
|-damage|p1a: Rillaboom|79/100|[from] Recoil
|
|-heal|p1a: Rillaboom|85/100|[from] Grassy Terrain
|-status|p2a: Gliscor|tox|[from] item: Toxic Orb
|upkeep
|turn|6
|
|t:|1743850531
|move|p1a: Rillaboom|Swords Dance|p1a: Rillaboom
|-boost|p1a: Rillaboom|atk|2
|move|p2a: Gliscor|Knock Off|p1a: Rillaboom
|-damage|p1a: Rillaboom|62/100
|-enditem|p1a: Rillaboom|Heavy-Duty Boots|[from] move: Knock Off|[of] p2a: Gliscor
|
|-heal|p1a: Rillaboom|68/100|[from] Grassy Terrain
|-heal|p2a: Gliscor|37/100 tox|[from] ability: Poison Heal
|upkeep
|turn|7
|
|t:|1743850537
|move|p1a: Rillaboom|Grassy Glide|p2a: Gliscor
|-damage|p2a: Gliscor|0 fnt
|faint|p2a: Gliscor
|
|-heal|p1a: Rillaboom|74/100|[from] Grassy Terrain
|upkeep
|
|t:|1743850544
|switch|p2a: Glimmora|Glimmora, M|100/100
|-damage|p2a: Glimmora|88/100|[from] Stealth Rock
|turn|8
|
|t:|1743850552
|-terastallize|p2a: Glimmora|Grass
|move|p1a: Rillaboom|Grassy Glide|p2a: Glimmora
|-resisted|p2a: Glimmora
|-damage|p2a: Glimmora|46/100
|-activate|p2a: Glimmora|ability: Toxic Debris
|-sidestart|p1: esteostrali|move: Toxic Spikes
|move|p2a: Glimmora|Mortal Spin|p1a: Rillaboom
|-supereffective|p1a: Rillaboom
|-damage|p1a: Rillaboom|63/100
|-status|p1a: Rillaboom|psn
|-sideend|p2: IAmNotAmanda|Stealth Rock|[from] move: Mortal Spin|[of] p2a: Glimmora
|
|-heal|p2a: Glimmora|53/100|[from] Grassy Terrain
|-heal|p1a: Rillaboom|69/100 psn|[from] Grassy Terrain
|-damage|p1a: Rillaboom|57/100 psn|[from] psn
|-fieldend|move: Grassy Terrain
|upkeep
|turn|9
|
|t:|1743850578
|move|p2a: Glimmora|Sludge Wave|p1a: Rillaboom
|-supereffective|p1a: Rillaboom
|-damage|p1a: Rillaboom|0 fnt
|faint|p1a: Rillaboom
|
|upkeep
|inactive|esteostrali has 120 seconds left.
|
|t:|1743850593
|switch|p1a: Pecharunt|Pecharunt|100/100
|-sideend|p1: esteostrali|move: Toxic Spikes|[of] p1a: Pecharunt
|turn|10
|
|t:|1743850598
|switch|p2a: Gholdengo|Gholdengo|100/100
|-item|p2a: Gholdengo|Air Balloon
|move|p1a: Pecharunt|Malignant Chain|p2a: Gholdengo
|-immune|p2a: Gholdengo
|
|upkeep
|turn|11
|
|t:|1743850608
|move|p2a: Gholdengo|Thunder Wave|p1a: Pecharunt
|-status|p1a: Pecharunt|par
|cant|p1a: Pecharunt|par
|
|upkeep
|turn|12
|
|t:|1743850615
|switch|p1a: Zapdos|Zapdos|100/100
|move|p2a: Gholdengo|Hex|p1a: Zapdos
|-damage|p1a: Zapdos|71/100
|
|upkeep
|turn|13
|
|t:|1743850623
|switch|p1a: Cobalion|Cobalion|33/100
|-damage|p1a: Cobalion|30/100|[from] Stealth Rock
|switch|p2a: Ting-Lu|Ting-Lu|43/100
|-ability|p2a: Ting-Lu|Vessel of Ruin
|
|-heal|p1a: Cobalion|37/100|[from] item: Leftovers
|-heal|p2a: Ting-Lu|50/100|[from] item: Leftovers
|upkeep
|turn|14
|
|t:|1743850626
|move|p1a: Cobalion|Stealth Rock|p2a: Ting-Lu
|-sidestart|p2: IAmNotAmanda|move: Stealth Rock
|move|p2a: Ting-Lu|Earthquake|p1a: Cobalion
|-supereffective|p1a: Cobalion
|-damage|p1a: Cobalion|0 fnt
|faint|p1a: Cobalion
|
|-heal|p2a: Ting-Lu|56/100|[from] item: Leftovers
|upkeep
|
|t:|1743850642
|switch|p1a: Great Tusk|Great Tusk|100/100
|-damage|p1a: Great Tusk|98/100|[from] Stealth Rock
|-enditem|p1a: Great Tusk|Booster Energy
|-activate|p1a: Great Tusk|ability: Protosynthesis|[fromitem]
|-start|p1a: Great Tusk|protosynthesisatk
|turn|15
|
|t:|1743850651
|switch|p2a: Gholdengo|Gholdengo|100/100
|-damage|p2a: Gholdengo|94/100|[from] Stealth Rock
|-item|p2a: Gholdengo|Air Balloon
|move|p1a: Great Tusk|Knock Off|p2a: Gholdengo
|-supereffective|p2a: Gholdengo
|-damage|p2a: Gholdengo|37/100
|-enditem|p2a: Gholdengo|Air Balloon
|
|upkeep
|turn|16
|
|t:|1743850657
|move|p1a: Great Tusk|Headlong Rush|p2a: Gholdengo
|-supereffective|p2a: Gholdengo
|-damage|p2a: Gholdengo|0 fnt
|-unboost|p1a: Great Tusk|def|1
|-unboost|p1a: Great Tusk|spd|1
|faint|p2a: Gholdengo
|
|upkeep
|
|t:|1743850664
|switch|p2a: Samurott|Samurott-Hisui, M|100/100
|-damage|p2a: Samurott|88/100|[from] Stealth Rock
|turn|17
|
|t:|1743850670
|-end|p1a: Great Tusk|Protosynthesis|[silent]
|switch|p1a: Zapdos|Zapdos|71/100
|move|p2a: Samurott|Razor Shell|p1a: Zapdos
|-damage|p1a: Zapdos|16/100
|-unboost|p1a: Zapdos|def|1
|
|upkeep
|turn|18
|
|t:|1743850676
|move|p2a: Samurott|Aqua Jet|p1a: Zapdos
|-damage|p1a: Zapdos|0 fnt
|faint|p1a: Zapdos
|
|upkeep
|
|t:|1743850682
|switch|p1a: Pecharunt|Pecharunt|100/100 par
|turn|19
|
|t:|1743850684
|move|p2a: Samurott|Ceaseless Edge|p1a: Pecharunt|[miss]
|-miss|p2a: Samurott|p1a: Pecharunt
|move|p1a: Pecharunt|Malignant Chain|p2a: Samurott
|-damage|p2a: Samurott|24/100
|-status|p2a: Samurott|tox
|-start|p2a: Samurott|confusion|[from] ability: Poison Puppeteer|[of] p1a: Pecharunt
|
|-damage|p2a: Samurott|18/100 tox|[from] psn
|upkeep
|turn|20
|
|t:|1743850698
|switch|p1a: Great Tusk|Great Tusk|98/100
|-damage|p1a: Great Tusk|95/100|[from] Stealth Rock
|-activate|p2a: Samurott|confusion
|move|p2a: Samurott|Ceaseless Edge|p1a: Great Tusk
|-resisted|p1a: Great Tusk
|-damage|p1a: Great Tusk|78/100
|-sidestart|p1: esteostrali|Spikes
|
|-damage|p2a: Samurott|5/100 tox|[from] psn
|upkeep
|turn|21
|
|t:|1743850706
|move|p1a: Great Tusk|Rapid Spin|p2a: Samurott
|-damage|p2a: Samurott|0 fnt
|-boost|p1a: Great Tusk|spe|1
|-sideend|p1: esteostrali|Spikes|[from] move: Rapid Spin|[of] p1a: Great Tusk
|-sideend|p1: esteostrali|Stealth Rock|[from] move: Rapid Spin|[of] p1a: Great Tusk
|faint|p2a: Samurott
|
|upkeep
|
|t:|1743850710
|switch|p2a: Glimmora|Glimmora, M, tera:Grass|53/100
|-damage|p2a: Glimmora|40/100|[from] Stealth Rock
|turn|22
|
|t:|1743850719
|move|p1a: Great Tusk|Knock Off|p2a: Glimmora
|-damage|p2a: Glimmora|0 fnt
|-activate|p2a: Glimmora|ability: Toxic Debris
|-sidestart|p1: esteostrali|move: Toxic Spikes
|-enditem|p2a: Glimmora|Focus Sash|[from] move: Knock Off|[of] p1a: Great Tusk
|faint|p2a: Glimmora
|
|upkeep
|
|t:|1743850723
|switch|p2a: Ting-Lu|Ting-Lu|56/100
|-damage|p2a: Ting-Lu|50/100|[from] Stealth Rock
|-ability|p2a: Ting-Lu|Vessel of Ruin
|turn|23
|
|t:|1743850731
|move|p1a: Great Tusk|Knock Off|p2a: Ting-Lu
|-resisted|p2a: Ting-Lu
|-damage|p2a: Ting-Lu|40/100
|-enditem|p2a: Ting-Lu|Leftovers|[from] move: Knock Off|[of] p1a: Great Tusk
|move|p2a: Ting-Lu|Stealth Rock|p1a: Great Tusk
|-sidestart|p1: esteostrali|move: Stealth Rock
|
|upkeep
|turn|24
|
|t:|1743850737
|move|p1a: Great Tusk|Rapid Spin|p2a: Ting-Lu
|-damage|p2a: Ting-Lu|31/100
|-boost|p1a: Great Tusk|spe|1
|-sideend|p1: esteostrali|Toxic Spikes|[from] move: Rapid Spin|[of] p1a: Great Tusk
|-sideend|p1: esteostrali|Stealth Rock|[from] move: Rapid Spin|[of] p1a: Great Tusk
|move|p2a: Ting-Lu|Whirlwind|p1a: Great Tusk
|-end|p1a: Great Tusk|Protosynthesis|[silent]
|drag|p1a: Skeledirge|Skeledirge, F|100/100
|
|upkeep
|turn|25
|
|t:|1743850747
|move|p1a: Skeledirge|Will-O-Wisp|p2a: Ting-Lu
|-status|p2a: Ting-Lu|brn
|move|p2a: Ting-Lu|Earthquake|p1a: Skeledirge
|-supereffective|p1a: Skeledirge
|-damage|p1a: Skeledirge|67/100
|
|-damage|p2a: Ting-Lu|24/100 brn|[from] brn
|upkeep
|turn|26
|
|t:|1743850759
|move|p1a: Skeledirge|Slack Off|p1a: Skeledirge
|-heal|p1a: Skeledirge|100/100
|move|p2a: Ting-Lu|Ruination|p1a: Skeledirge
|-damage|p1a: Skeledirge|50/100
|
|-damage|p2a: Ting-Lu|18/100 brn|[from] brn
|upkeep
|turn|27
|
|t:|1743850765
|move|p1a: Skeledirge|Slack Off|p1a: Skeledirge
|-heal|p1a: Skeledirge|100/100
|move|p2a: Ting-Lu|Earthquake|p1a: Skeledirge
|-supereffective|p1a: Skeledirge
|-damage|p1a: Skeledirge|70/100
|
|-damage|p2a: Ting-Lu|12/100 brn|[from] brn
|upkeep
|turn|28
|
|t:|1743850773
|move|p1a: Skeledirge|Slack Off|p1a: Skeledirge
|-heal|p1a: Skeledirge|100/100
|move|p2a: Ting-Lu|Ruination|p1a: Skeledirge
|-damage|p1a: Skeledirge|50/100
|
|-damage|p2a: Ting-Lu|6/100 brn|[from] brn
|upkeep
|turn|29
|
|t:|1743850778
|move|p1a: Skeledirge|Slack Off|p1a: Skeledirge
|-heal|p1a: Skeledirge|100/100
|move|p2a: Ting-Lu|Ruination|p1a: Skeledirge|[miss]
|-miss|p2a: Ting-Lu|p1a: Skeledirge
|
|-damage|p2a: Ting-Lu|0 fnt|[from] brn
|faint|p2a: Ting-Lu
|upkeep
|
|t:|1743850782
|switch|p2a: Kingambit|Kingambit, M|100/100
|-damage|p2a: Kingambit|94/100|[from] Stealth Rock
|-activate|p2a: Kingambit|ability: Supreme Overlord
|-start|p2a: Kingambit|fallen5|[silent]
|turn|30
|
|t:|1743850791
|-terastallize|p1a: Skeledirge|Fairy
|move|p1a: Skeledirge|Will-O-Wisp|p2a: Kingambit|[miss]
|-miss|p1a: Skeledirge|p2a: Kingambit
|move|p2a: Kingambit|Swords Dance|p2a: Kingambit
|-boost|p2a: Kingambit|atk|2
|
|-heal|p2a: Kingambit|100/100|[from] item: Leftovers
|upkeep
|turn|31
|
|t:|1743850797
|move|p1a: Skeledirge|Will-O-Wisp|p2a: Kingambit
|-status|p2a: Kingambit|brn
|move|p2a: Kingambit|Iron Head|p1a: Skeledirge
|-supereffective|p1a: Skeledirge
|-damage|p1a: Skeledirge|44/100
|
|-damage|p2a: Kingambit|94/100 brn|[from] brn
|upkeep
|turn|32
|
|t:|1743850802
|move|p1a: Skeledirge|Torch Song|p2a: Kingambit
|-supereffective|p2a: Kingambit
|-damage|p2a: Kingambit|37/100 brn
|-boost|p1a: Skeledirge|spa|1
|move|p2a: Kingambit|Iron Head|p1a: Skeledirge
|-supereffective|p1a: Skeledirge
|-damage|p1a: Skeledirge|0 fnt
|faint|p1a: Skeledirge
|
|-heal|p2a: Kingambit|44/100 brn|[from] item: Leftovers
|-damage|p2a: Kingambit|37/100 brn|[from] brn
|upkeep
|
|t:|1743850809
|switch|p1a: Great Tusk|Great Tusk|78/100
|turn|33
|
|t:|1743850812
|move|p1a: Great Tusk|Headlong Rush|p2a: Kingambit
|-supereffective|p2a: Kingambit
|-damage|p2a: Kingambit|0 fnt
|-unboost|p1a: Great Tusk|def|1
|-unboost|p1a: Great Tusk|spd|1
|faint|p2a: Kingambit
|-end|p2a: Kingambit|fallen5|[silent]
|
|win|esteostrali
|raw|esteostrali's rating: 1518 &rarr; <strong>1532</strong><br />(+14 for winning)
|raw|IAmNotAmanda's rating: 1401 &rarr; <strong>1387</strong><br />(-14 for losing)
|l|☆IAmNotAmanda
|player|p2|
|l|‽esteostrali
|player|p1|
|j|☆IAmNotAmanda
|player|p2|IAmNotAmanda|iris-gen5bw2|
|l|☆IAmNotAmanda
|player|p2|
