|j|☆NeverStandard
|j|☆Cattleya1
|t:|1743912841
|gametype|singles
|player|p1|NeverStandard|101|1303
|player|p2|Cattleya1|lady|1304
|teamsize|p1|6
|teamsize|p2|6
|gen|9
|tier|[Gen 9] OU
|rated|
|rule|HP Percentage Mod: HP is shown in percentages
|rule|Endless Battle Clause: Forcing endless battles is banned
|rule|Species Clause: Limit one of each Pokémon
|rule|OHKO Clause: OHKO moves are banned
|rule|Evasion Items Clause: Evasion items are banned
|rule|Evasion Moves Clause: Evasion moves are banned
|rule|Sleep Moves Clause: Sleep-inducing moves are banned
|clearpoke
|poke|p1|Azumarill, F|
|poke|p1|Gholdengo|
|poke|p1|Skarmory, F|
|poke|p1|Torkoal, F|
|poke|p1|Walking Wake|
|poke|p1|Venusaur, F|
|poke|p2|Florges, F|
|poke|p2|Cinderace, F|
|poke|p2|Ting-Lu|
|poke|p2|Corviknight, F|
|poke|p2|Conkeldurr, M|
|poke|p2|Pecharunt|
|teampreview
|
|t:|1743912855
|start
|switch|p1a: Azumarill|Azumarill, F|100/100
|switch|p2a: Pecharunt|Pecharunt|100/100
|turn|1
|
|t:|1743912864
|move|p2a: Pecharunt|Malignant Chain|p1a: Azumarill
|-supereffective|p1a: Azumarill
|-damage|p1a: Azumarill|36/100
|-status|p1a: Azumarill|tox
|-start|p1a: Azumarill|confusion|[from] ability: Poison Puppeteer|[of] p2a: Pecharunt
|-activate|p1a: Azumarill|confusion
|move|p1a: Azumarill|Knock Off|p2a: Pecharunt
|-supereffective|p2a: Pecharunt
|-damage|p2a: Pecharunt|55/100
|-enditem|p2a: Pecharunt|Black Sludge|[from] move: Knock Off|[of] p1a: Azumarill
|
|-damage|p1a: Azumarill|30/100 tox|[from] psn
|upkeep
|turn|2
|
|t:|1743912880
|switch|p1a: Skarmory|Skarmory, F|100/100
|move|p2a: Pecharunt|Recover|p2a: Pecharunt
|-heal|p2a: Pecharunt|100/100
|
|upkeep
|turn|3
|
|t:|1743912885
|move|p2a: Pecharunt|Shadow Ball|p1a: Skarmory
|-damage|p1a: Skarmory|49/100
|move|p1a: Skarmory|Spikes|p2a: Pecharunt
|-sidestart|p2: Cattleya1|Spikes
|
|upkeep
|turn|4
|
|t:|1743912905
|move|p2a: Pecharunt|Shadow Ball|p1a: Skarmory
|-damage|p1a: Skarmory|0 fnt
|faint|p1a: Skarmory
|
|upkeep
|
|t:|1743912921
|switch|p1a: Gholdengo|Gholdengo|100/100
|turn|5
|
|t:|1743912926
|switch|p2a: Corviknight|Corviknight, F, shiny|100/100
|-ability|p2a: Corviknight|Pressure
|move|p1a: Gholdengo|Shadow Ball|p2a: Corviknight
|-damage|p2a: Corviknight|40/100
|
|upkeep
|turn|6
|
|t:|1743912933
|switch|p2a: Ting-Lu|Ting-Lu|100/100
|-damage|p2a: Ting-Lu|88/100|[from] Spikes
|-ability|p2a: Ting-Lu|Vessel of Ruin
|move|p1a: Gholdengo|Shadow Ball|p2a: Ting-Lu
|-resisted|p2a: Ting-Lu
|-damage|p2a: Ting-Lu|75/100
|
|-heal|p2a: Ting-Lu|81/100|[from] item: Leftovers
|upkeep
|turn|7
|
|t:|1743912939
|switch|p1a: Azumarill|Azumarill, F|30/100 tox
|move|p2a: Ting-Lu|Stealth Rock|p1a: Azumarill
|-sidestart|p1: NeverStandard|move: Stealth Rock
|
|-heal|p2a: Ting-Lu|87/100|[from] item: Leftovers
|-damage|p1a: Azumarill|24/100 tox|[from] psn
|upkeep
|turn|8
|
|t:|1743912947
|switch|p2a: Corviknight|Corviknight, F, shiny|40/100
|-ability|p2a: Corviknight|Pressure
|move|p1a: Azumarill|Knock Off|p2a: Corviknight
|-damage|p2a: Corviknight|14/100
|-damage|p1a: Azumarill|7/100 tox|[from] item: Rocky Helmet|[of] p2a: Corviknight
|-enditem|p2a: Corviknight|Rocky Helmet|[from] move: Knock Off|[of] p1a: Azumarill
|
|-damage|p1a: Azumarill|0 fnt|[from] psn
|faint|p1a: Azumarill
|upkeep
|
|t:|1743912959
|switch|p1a: Gholdengo|Gholdengo|100/100
|-damage|p1a: Gholdengo|94/100|[from] Stealth Rock
|turn|9
|
|t:|1743912967
|move|p1a: Gholdengo|Thunderbolt|p2a: Corviknight
|-supereffective|p2a: Corviknight
|-damage|p2a: Corviknight|0 fnt
|faint|p2a: Corviknight
|
|upkeep
|
|t:|1743912970
|switch|p2a: Ting-Lu|Ting-Lu|87/100
|-damage|p2a: Ting-Lu|75/100|[from] Spikes
|-ability|p2a: Ting-Lu|Vessel of Ruin
|turn|10
|
|t:|1743912978
|switch|p1a: Torkoal|Torkoal, F|100/100
|-damage|p1a: Torkoal|76/100|[from] Stealth Rock
|-weather|SunnyDay|[from] ability: Drought|[of] p1a: Torkoal
|move|p2a: Ting-Lu|Spikes|p1a: Torkoal
|-sidestart|p1: NeverStandard|Spikes
|
|-weather|SunnyDay|[upkeep]
|-heal|p2a: Ting-Lu|81/100|[from] item: Leftovers
|upkeep
|turn|11
|
|t:|1743912987
|switch|p2a: Pecharunt|Pecharunt|100/100
|-damage|p2a: Pecharunt|88/100|[from] Spikes
|move|p1a: Torkoal|Stealth Rock|p2a: Pecharunt
|-sidestart|p2: Cattleya1|move: Stealth Rock
|
|-weather|SunnyDay|[upkeep]
|upkeep
|turn|12
|
|t:|1743912999
|switch|p1a: Venusaur|Venusaur, F|100/100
|-damage|p1a: Venusaur|88/100|[from] Stealth Rock
|-damage|p1a: Venusaur|76/100|[from] Spikes
|move|p2a: Pecharunt|Malignant Chain|p1a: Venusaur
|-damage|p1a: Venusaur|30/100
|
|-weather|SunnyDay|[upkeep]
|upkeep
|turn|13
|
|t:|1743913011
|move|p1a: Venusaur|Earth Power|p2a: Pecharunt
|-supereffective|p2a: Pecharunt
|-crit|p2a: Pecharunt
|-damage|p2a: Pecharunt|0 fnt
|faint|p2a: Pecharunt
|-damage|p1a: Venusaur|20/100|[from] item: Life Orb
|
|-weather|SunnyDay|[upkeep]
|upkeep
|
|t:|1743913019
|switch|p2a: Cinderace|Cinderace, F, shiny|100/100
|turn|14
|
|t:|1743913027
|move|p2a: Cinderace|Sucker Punch|p1a: Venusaur
|-start|p2a: Cinderace|typechange|Dark|[from] ability: Libero
|-damage|p1a: Venusaur|0 fnt
|faint|p1a: Venusaur
|
|-weather|SunnyDay|[upkeep]
|upkeep
|
|t:|1743913038
|switch|p1a: Walking Wake|Walking Wake|100/100
|-damage|p1a: Walking Wake|88/100|[from] Stealth Rock
|-damage|p1a: Walking Wake|76/100|[from] Spikes
|-activate|p1a: Walking Wake|ability: Protosynthesis
|-start|p1a: Walking Wake|protosynthesisspa
|turn|15
|
|t:|1743913049
|move|p2a: Cinderace|Sucker Punch|p1a: Walking Wake
|-damage|p1a: Walking Wake|36/100
|move|p1a: Walking Wake|Hydro Steam|p2a: Cinderace
|-damage|p2a: Cinderace|0 fnt
|faint|p2a: Cinderace
|
|-weather|SunnyDay|[upkeep]
|upkeep
|
|t:|1743913054
|switch|p2a: Conkeldurr|Conkeldurr, M, shiny|100/100
|-damage|p2a: Conkeldurr|88/100|[from] Spikes
|-damage|p2a: Conkeldurr|82/100|[from] Stealth Rock
|turn|16
|
|t:|1743913059
|move|p2a: Conkeldurr|Mach Punch|p1a: Walking Wake
|-damage|p1a: Walking Wake|9/100
|move|p1a: Walking Wake|Hydro Steam|p2a: Conkeldurr
|-damage|p2a: Conkeldurr|18/100
|
|-weather|SunnyDay|[upkeep]
|upkeep
|turn|17
|
|t:|1743913091
|move|p1a: Walking Wake|Hydro Steam|p2a: Conkeldurr
|-damage|p2a: Conkeldurr|0 fnt
|faint|p2a: Conkeldurr
|
|-weather|none
|-end|p1a: Walking Wake|Protosynthesis
|upkeep
|
|t:|1743913093
|switch|p2a: Florges|Florges, F, shiny|100/100
|-damage|p2a: Florges|88/100|[from] Spikes
|-damage|p2a: Florges|75/100|[from] Stealth Rock
|turn|18
|
|t:|1743913105
|move|p1a: Walking Wake|Hydro Steam|p2a: Florges
|-damage|p2a: Florges|48/100
|move|p2a: Florges|Calm Mind|p2a: Florges
|-boost|p2a: Florges|spa|1
|-boost|p2a: Florges|spd|1
|
|-heal|p2a: Florges|54/100|[from] item: Leftovers
|upkeep
|turn|19
|
|t:|1743913110
|-end|p1a: Walking Wake|Protosynthesis|[silent]
|switch|p1a: Torkoal|Torkoal, F|76/100
|-damage|p1a: Torkoal|51/100|[from] Stealth Rock
|-damage|p1a: Torkoal|39/100|[from] Spikes
|-weather|SunnyDay|[from] ability: Drought|[of] p1a: Torkoal
|move|p2a: Florges|Giga Drain|p1a: Torkoal
|-resisted|p1a: Torkoal
|-damage|p1a: Torkoal|14/100
|-heal|p2a: Florges|65/100|[from] drain|[of] p1a: Torkoal
|
|-weather|SunnyDay|[upkeep]
|-heal|p2a: Florges|72/100|[from] item: Leftovers
|upkeep
|turn|20
|l|☆Cattleya1
|player|p2|
|inactive|Battle timer is ON: inactive players will automatically lose when time's up. (requested by NeverStandard)
|j|☆Cattleya1
|inactive|Cattleya1 reconnected and has 140 seconds left.
|player|p2|Cattleya1|lady|
|
|t:|1743913159
|-terastallize|p2a: Florges|Ground
|move|p2a: Florges|Tera Blast|p1a: Torkoal|[anim] Tera Blast Ground
|-supereffective|p1a: Torkoal
|-damage|p1a: Torkoal|0 fnt
|faint|p1a: Torkoal
|
|-weather|SunnyDay|[upkeep]
|-heal|p2a: Florges|78/100|[from] item: Leftovers
|upkeep
|l|☆Cattleya1
|inactive|Cattleya1 disconnected and has a minute to reconnect!
|player|p2|
|inactive|NeverStandard has 120 seconds left.
|inactive|NeverStandard has 90 seconds left.
|j|☆Cattleya1
|inactive|Cattleya1 reconnected.
|player|p2|Cattleya1|lady|
|inactive|NeverStandard has 60 seconds left.
|inactive|NeverStandard has 30 seconds left.
|inactive|NeverStandard has 20 seconds left.
|inactive|NeverStandard has 15 seconds left.
|inactive|NeverStandard has 10 seconds left.
|inactive|NeverStandard has 5 seconds left.
|-message|NeverStandard lost due to inactivity.
|
|win|Cattleya1
|raw|NeverStandard's rating: 1303 &rarr; <strong>1283</strong><br />(-20 for losing)
|raw|Cattleya1's rating: 1304 &rarr; <strong>1324</strong><br />(+20 for winning)
|l|☆Cattleya1
|player|p2|
|l|☆NeverStandard
|player|p1|
