|j|☆spudcutter
|j|☆Free P&lestine
|t:|1743859681
|gametype|singles
|player|p1|spudcutter|ghetsis-gen5bw|1640
|player|p2|Free P&lestine|unknown|1769
|teamsize|p1|6
|teamsize|p2|6
|gen|9
|tier|[Gen 9] OU
|rated|
|rule|HP Percentage Mod: HP is shown in percentages
|rule|Endless Battle Clause: Forcing endless battles is banned
|rule|Species Clause: Limit one of each Pokémon
|rule|OHKO Clause: OHKO moves are banned
|rule|Evasion Items Clause: Evasion items are banned
|rule|Evasion Moves Clause: Evasion moves are banned
|rule|Sleep Moves Clause: Sleep-inducing moves are banned
|clearpoke
|poke|p1|Toxapex, F|
|poke|p1|Dragapult, F|
|poke|p1|Great Tusk|
|poke|p1|Kingambit, M|
|poke|p1|Iron Valiant|
|poke|p1|Dondozo, M|
|poke|p2|Enamorus, F|
|poke|p2|Samurott-Hisui, F|
|poke|p2|Dragonite, M|
|poke|p2|Gholdengo|
|poke|p2|Slowking-Galar, M|
|poke|p2|Great Tusk|
|teampreview
|inactive|Battle timer is ON: inactive players will automatically lose when time's up. (requested by spudcutter)
|inactive|spudcutter has 120 seconds left.
|
|t:|1743859713
|start
|switch|p1a: Iron Valiant|Iron Valiant|100/100
|switch|p2a: Gholdengo|Gholdengo|100/100
|-enditem|p1a: Iron Valiant|Booster Energy
|-activate|p1a: Iron Valiant|ability: Quark Drive|[fromitem]
|-start|p1a: Iron Valiant|quarkdrivespe
|turn|1
|
|t:|1743859718
|move|p1a: Iron Valiant|Knock Off|p2a: Gholdengo
|-supereffective|p2a: Gholdengo
|-damage|p2a: Gholdengo|27/100
|-enditem|p2a: Gholdengo|Choice Scarf|[from] move: Knock Off|[of] p1a: Iron Valiant
|move|p2a: Gholdengo|Make It Rain|p1a: Iron Valiant
|-supereffective|p1a: Iron Valiant
|-damage|p1a: Iron Valiant|0 fnt
|-unboost|p2a: Gholdengo|spa|1
|faint|p1a: Iron Valiant
|-end|p1a: Iron Valiant|Quark Drive|[silent]
|
|upkeep
|
|t:|1743859727
|switch|p1a: Great Tusk|Great Tusk|100/100
|turn|2
|
|t:|1743859732
|switch|p2a: Great Tusk|Great Tusk|100/100
|move|p1a: Great Tusk|Ice Spinner|p2a: Great Tusk
|-supereffective|p2a: Great Tusk
|-damage|p2a: Great Tusk|64/100
|
|upkeep
|turn|3
|
|t:|1743859736
|move|p1a: Great Tusk|Ice Spinner|p2a: Great Tusk
|-supereffective|p2a: Great Tusk
|-damage|p2a: Great Tusk|28/100
|move|p2a: Great Tusk|Stealth Rock|p1a: Great Tusk
|-sidestart|p1: spudcutter|move: Stealth Rock
|
|upkeep
|turn|4
|
|t:|1743859738
|move|p2a: Great Tusk|Headlong Rush|p1a: Great Tusk
|-damage|p1a: Great Tusk|62/100
|-unboost|p2a: Great Tusk|def|1
|-unboost|p2a: Great Tusk|spd|1
|move|p1a: Great Tusk|Rapid Spin|p2a: Great Tusk
|-damage|p2a: Great Tusk|12/100
|-boost|p1a: Great Tusk|spe|1
|-sideend|p1: spudcutter|Stealth Rock|[from] move: Rapid Spin|[of] p1a: Great Tusk
|
|-heal|p1a: Great Tusk|68/100|[from] item: Leftovers
|upkeep
|turn|5
|
|t:|1743859743
|move|p1a: Great Tusk|Ice Spinner|p2a: Great Tusk
|-supereffective|p2a: Great Tusk
|-damage|p2a: Great Tusk|0 fnt
|faint|p2a: Great Tusk
|-end|p2a: Great Tusk|Protosynthesis|[silent]
|
|-heal|p1a: Great Tusk|74/100|[from] item: Leftovers
|upkeep
|
|t:|1743859746
|switch|p2a: Enamorus|Enamorus, F|100/100
|turn|6
|
|t:|1743859751
|-end|p1a: Great Tusk|Protosynthesis|[silent]
|switch|p1a: Toxapex|Toxapex, F|100/100
|switch|p2a: Samurott|Samurott-Hisui, F|100/100
|
|upkeep
|turn|7
|
|t:|1743859753
|move|p2a: Samurott|Ceaseless Edge|p1a: Toxapex|[miss]
|-miss|p2a: Samurott|p1a: Toxapex
|move|p1a: Toxapex|Sludge Bomb|p2a: Samurott
|-damage|p2a: Samurott|54/100
|
|upkeep
|turn|8
|
|t:|1743859756
|move|p2a: Samurott|Ceaseless Edge|p1a: Toxapex|[miss]
|-miss|p2a: Samurott|p1a: Toxapex
|move|p1a: Toxapex|Sludge Bomb|p2a: Samurott
|-damage|p2a: Samurott|12/100
|
|upkeep
|turn|9
|
|t:|1743859761
|switch|p1a: Dondozo|Dondozo, M|100/100
|move|p2a: Samurott|Ceaseless Edge|p1a: Dondozo
|-damage|p1a: Dondozo|80/100
|-damage|p2a: Samurott|0 fnt|[from] item: Rocky Helmet|[of] p1a: Dondozo
|faint|p2a: Samurott
|
|upkeep
|c|☆spudcutter|Damn
|
|t:|1743859767
|switch|p2a: Slowking|Slowking-Galar, M|100/100
|turn|10
|
|t:|1743859769
|switch|p1a: Kingambit|Kingambit, M|100/100
|move|p2a: Slowking|Flamethrower|p1a: Kingambit
|-supereffective|p1a: Kingambit
|-damage|p1a: Kingambit|60/100
|
|-heal|p1a: Kingambit|67/100|[from] item: Leftovers
|upkeep
|turn|11
|
|t:|1743859774
|switch|p2a: Gholdengo|Gholdengo|27/100
|move|p1a: Kingambit|Kowtow Cleave|p2a: Gholdengo
|-supereffective|p2a: Gholdengo
|-damage|p2a: Gholdengo|0 fnt
|faint|p2a: Gholdengo
|
|-heal|p1a: Kingambit|73/100|[from] item: Leftovers
|upkeep
|
|t:|1743859776
|switch|p2a: Enamorus|Enamorus, F|100/100
|turn|12
|
|t:|1743859779
|switch|p1a: Toxapex|Toxapex, F|100/100
|-terastallize|p2a: Enamorus|Ground
|move|p2a: Enamorus|Earth Power|p1a: Toxapex
|-supereffective|p1a: Toxapex
|-damage|p1a: Toxapex|49/100
|
|upkeep
|turn|13
|
|t:|1743859783
|-terastallize|p1a: Toxapex|Water
|move|p2a: Enamorus|Earth Power|p1a: Toxapex
|-damage|p1a: Toxapex|24/100
|-unboost|p1a: Toxapex|spd|1
|move|p1a: Toxapex|Surf|p2a: Enamorus
|-supereffective|p2a: Enamorus
|-damage|p2a: Enamorus|0 fnt
|faint|p2a: Enamorus
|
|upkeep
|-message|Free P&lestine forfeited.
|
|win|spudcutter
|raw|spudcutter's rating: 1640 &rarr; <strong>1667</strong><br />(+27 for winning)
|raw|Free P&amp;lestine's rating: 1769 &rarr; <strong>1742</strong><br />(-27 for losing)
|l|☆Free P&lestine
|player|p2|
|l|☆spudcutter
|player|p1|
