|j|☆Jbonelovesfemboys
|j|☆vific
|t:|1743895137
|gametype|singles
|player|p1|Jbonelovesfemboys|102|1309
|player|p2|vific|clown|1284
|teamsize|p1|6
|teamsize|p2|6
|gen|9
|tier|[Gen 9] OU
|rated|
|rule|HP Percentage Mod: HP is shown in percentages
|rule|Endless Battle Clause: Forcing endless battles is banned
|rule|Species Clause: Limit one of each Pokémon
|rule|OHKO Clause: OHKO moves are banned
|rule|Evasion Items Clause: Evasion items are banned
|rule|Evasion Moves Clause: Evasion moves are banned
|rule|Sleep Moves Clause: Sleep-inducing moves are banned
|clearpoke
|poke|p1|Pelipper, M|
|poke|p1|Ogerpon-Wellspring, F|
|poke|p1|Landorus-Therian, M|
|poke|p1|Kingambit, M|
|poke|p1|Reuniclus, M|
|poke|p1|Barraskewda, M|
|poke|p2|Mienshao, M|
|poke|p2|Slowking-Galar, F|
|poke|p2|Lapras, M|
|poke|p2|Landorus-Therian, M|
|poke|p2|Heatran, M|
|poke|p2|Metagross|
|teampreview
|inactive|Battle timer is ON: inactive players will automatically lose when time's up. (requested by vific)
|
|t:|1743895145
|start
|switch|p1a: Pelipper|Pelipper, M|100/100
|switch|p2a: Lapras|Lapras, M|100/100
|-weather|RainDance|[from] ability: Drizzle|[of] p1a: Pelipper
|turn|1
|
|t:|1743895148
|move|p1a: Pelipper|U-turn|p2a: Lapras
|-damage|p2a: Lapras|93/100
|
|t:|1743895161
|switch|p1a: Reuniclus|Reuniclus, M|100/100|[from] U-turn
|move|p2a: Lapras|Freeze-Dry|p1a: Reuniclus
|-damage|p1a: Reuniclus|73/100
|
|-weather|RainDance|[upkeep]
|upkeep
|turn|2
|
|t:|1743895169
|switch|p2a: Metagross|Metagross|100/100
|move|p1a: Reuniclus|Psychic Noise|p2a: Metagross
|-resisted|p2a: Metagross
|-damage|p2a: Metagross|84/100
|-start|p2a: Metagross|move: Heal Block
|
|-weather|RainDance|[upkeep]
|upkeep
|turn|3
|
|t:|1743895175
|move|p2a: Metagross|Psychic Noise|p1a: Reuniclus
|-resisted|p1a: Reuniclus
|-damage|p1a: Reuniclus|62/100
|-start|p1a: Reuniclus|move: Heal Block
|move|p1a: Reuniclus|Shadow Ball|p2a: Metagross
|-supereffective|p2a: Metagross
|-damage|p2a: Metagross|0 fnt
|faint|p2a: Metagross
|
|-weather|RainDance|[upkeep]
|upkeep
|
|t:|1743895181
|switch|p2a: Mienshao|Mienshao, M|100/100
|turn|4
|
|t:|1743895192
|switch|p1a: Pelipper|Pelipper, M|100/100
|move|p2a: Mienshao|Knock Off|p1a: Pelipper
|-damage|p1a: Pelipper|45/100
|-enditem|p1a: Pelipper|Choice Scarf|[from] move: Knock Off|[of] p2a: Mienshao
|-damage|p2a: Mienshao|91/100|[from] item: Life Orb
|
|-weather|RainDance|[upkeep]
|upkeep
|turn|5
|
|t:|1743895197
|move|p2a: Mienshao|U-turn|p1a: Pelipper
|-resisted|p1a: Pelipper
|-damage|p1a: Pelipper|25/100
|-damage|p2a: Mienshao|81/100|[from] item: Life Orb
|
|t:|1743895199
|switch|p2a: Landorus|Landorus-Therian, M|100/100|[from] U-turn
|-ability|p2a: Landorus|Intimidate|boost
|-unboost|p1a: Pelipper|atk|1
|move|p1a: Pelipper|U-turn|p2a: Landorus
|-resisted|p2a: Landorus
|-damage|p2a: Landorus|98/100
|-damage|p1a: Pelipper|9/100|[from] item: Rocky Helmet|[of] p2a: Landorus
|
|t:|1743895202
|switch|p1a: Ogerpon|Ogerpon-Wellspring, F|100/100|[from] U-turn
|
|-weather|none
|upkeep
|turn|6
|
|t:|1743895213
|switch|p1a: Pelipper|Pelipper, M|9/100
|-weather|RainDance|[from] ability: Drizzle|[of] p1a: Pelipper
|move|p2a: Landorus|U-turn|p1a: Pelipper
|-resisted|p1a: Pelipper
|-damage|p1a: Pelipper|0 fnt
|faint|p1a: Pelipper
|
|t:|1743895219
|switch|p2a: Mienshao|Mienshao, M|100/100|[from] U-turn
|
|-weather|RainDance|[upkeep]
|upkeep
|
|t:|1743895228
|switch|p1a: Barraskewda|Barraskewda, M|100/100
|turn|7
|
|t:|1743895233
|move|p2a: Mienshao|Fake Out|p1a: Barraskewda
|-damage|p1a: Barraskewda|67/100
|-damage|p2a: Mienshao|91/100|[from] item: Life Orb
|cant|p1a: Barraskewda|flinch
|
|-weather|RainDance|[upkeep]
|upkeep
|turn|8
|
|t:|1743895239
|switch|p2a: Lapras|Lapras, M|93/100
|move|p1a: Barraskewda|Close Combat|p2a: Lapras
|-supereffective|p2a: Lapras
|-damage|p2a: Lapras|0 fnt
|-unboost|p1a: Barraskewda|def|1
|-unboost|p1a: Barraskewda|spd|1
|faint|p2a: Lapras
|
|-weather|RainDance|[upkeep]
|upkeep
|
|t:|1743895247
|switch|p2a: Landorus|Landorus-Therian, M|98/100
|-ability|p2a: Landorus|Intimidate|boost
|-unboost|p1a: Barraskewda|atk|1
|turn|9
|
|t:|1743895250
|switch|p1a: Landorus|Landorus-Therian, M|100/100
|-ability|p1a: Landorus|Intimidate|boost
|-unboost|p2a: Landorus|atk|1
|move|p2a: Landorus|Stealth Rock|p1a: Landorus
|-sidestart|p1: Jbonelovesfemboys|move: Stealth Rock
|
|-weather|RainDance|[upkeep]
|upkeep
|turn|10
|
|t:|1743895254
|move|p2a: Landorus|Taunt|p1a: Landorus
|-start|p1a: Landorus|move: Taunt
|cant|p1a: Landorus|move: Taunt|Stealth Rock
|
|-weather|none
|upkeep
|turn|11
|
|t:|1743895256
|move|p2a: Landorus|U-turn|p1a: Landorus
|-resisted|p1a: Landorus
|-damage|p1a: Landorus|94/100
|-damage|p2a: Landorus|81/100|[from] item: Rocky Helmet|[of] p1a: Landorus
|
|t:|1743895260
|switch|p2a: Heatran|Heatran, M|100/100|[from] U-turn
|-item|p2a: Heatran|Air Balloon
|move|p1a: Landorus|U-turn|p2a: Heatran
|-resisted|p2a: Heatran
|-damage|p2a: Heatran|96/100
|-enditem|p2a: Heatran|Air Balloon
|
|t:|1743895269
|switch|p1a: Barraskewda|Barraskewda, M|67/100|[from] U-turn
|-damage|p1a: Barraskewda|55/100|[from] Stealth Rock
|
|upkeep
|turn|12
|
|t:|1743895275
|-terastallize|p2a: Heatran|Ghost
|move|p1a: Barraskewda|Liquidation|p2a: Heatran
|-damage|p2a: Heatran|41/100
|-unboost|p2a: Heatran|def|1
|move|p2a: Heatran|Magma Storm|p1a: Barraskewda
|-resisted|p1a: Barraskewda
|-damage|p1a: Barraskewda|0 fnt
|faint|p1a: Barraskewda
|
|upkeep
|
|t:|1743895288
|switch|p1a: Ogerpon|Ogerpon-Wellspring, F|100/100
|-damage|p1a: Ogerpon|88/100|[from] Stealth Rock
|turn|13
|
|t:|1743895292
|move|p1a: Ogerpon|Ivy Cudgel|p2a: Heatran|[anim] Ivy Cudgel Water
|-damage|p2a: Heatran|0 fnt
|faint|p2a: Heatran
|
|upkeep
|
|t:|1743895297
|switch|p2a: Slowking|Slowking-Galar, F|100/100
|turn|14
|
|t:|1743895301
|move|p1a: Ogerpon|U-turn|p2a: Slowking
|-damage|p2a: Slowking|73/100
|
|t:|1743895302
|switch|p1a: Kingambit|Kingambit, M|100/100|[from] U-turn
|-damage|p1a: Kingambit|94/100|[from] Stealth Rock
|-activate|p1a: Kingambit|ability: Supreme Overlord
|-start|p1a: Kingambit|fallen2|[silent]
|move|p2a: Slowking|Sludge Bomb|p1a: Kingambit
|-immune|p1a: Kingambit
|
|upkeep
|turn|15
|
|t:|1743895306
|move|p1a: Kingambit|Iron Head|p2a: Slowking
|-damage|p2a: Slowking|10/100
|cant|p2a: Slowking|flinch
|
|upkeep
|turn|16
|-message|vific forfeited.
|
|win|Jbonelovesfemboys
|raw|Jbonelovesfemboys's rating: 1309 &rarr; <strong>1328</strong><br />(+19 for winning)
|raw|vific's rating: 1284 &rarr; <strong>1261</strong><br />(-23 for losing)
|l|☆vific
|player|p2|
|l|☆Jbonelovesfemboys
|player|p1|
