|j|☆ariana22
|j|☆ShittyHole69
|t:|1743835346
|gametype|singles
|player|p1|ariana22|steven|1069
|player|p2|ShittyHole69|drayden|1130
|teamsize|p1|6
|teamsize|p2|6
|gen|9
|tier|[Gen 9] OU
|rated|
|rule|HP Percentage Mod: HP is shown in percentages
|rule|Endless Battle Clause: Forcing endless battles is banned
|rule|Species Clause: Limit one of each Pokémon
|rule|OHKO Clause: OHKO moves are banned
|rule|Evasion Items Clause: Evasion items are banned
|rule|Evasion Moves Clause: Evasion moves are banned
|rule|Sleep Moves Clause: Sleep-inducing moves are banned
|clearpoke
|poke|p1|Umbreon, M|
|poke|p1|Dragapult, F|
|poke|p1|Venomoth, F|
|poke|p1|Brambleghast, F|
|poke|p1|Malamar, F|
|poke|p1|Maushold-Four|
|poke|p2|Ogerpon, F|
|poke|p2|Chandelure, M|
|poke|p2|Greninja-*, M|
|poke|p2|Mandibuzz, F|
|poke|p2|Moltres-Galar|
|poke|p2|Landorus-Therian, M|
|teampreview
|
|t:|1743835353
|start
|switch|p1a: Venomoth|Venomoth, F|100/100
|switch|p2a: Cancerous-Therian|Landorus-Therian, M|100/100
|-ability|p2a: Cancerous-Therian|Intimidate|boost
|-unboost|p1a: Venomoth|atk|1
|turn|1
|
|t:|1743835364
|move|p2a: Cancerous-Therian|Stone Edge|p1a: Venomoth
|-supereffective|p1a: Venomoth
|-damage|p1a: Venomoth|0 fnt
|faint|p1a: Venomoth
|
|upkeep
|c|☆ShittyHole69|Tf
|
|t:|1743835371
|switch|p1a: Maushold|Maushold-Four|100/100
|turn|2
|
|t:|1743835378
|switch|p2a: Mandibuzz|Mandibuzz, F|100/100
|move|p1a: Maushold|Agility|p1a: Maushold
|-boost|p1a: Maushold|spe|2
|
|upkeep
|turn|3
|inactive|Battle timer is ON: inactive players will automatically lose when time's up. (requested by ariana22)
|
|t:|1743835386
|move|p1a: Maushold|Tidy Up|p1a: Maushold
|-boost|p1a: Maushold|atk|1
|-boost|p1a: Maushold|spe|1
|move|p2a: Mandibuzz|Foul Play|p1a: Maushold
|-damage|p1a: Maushold|14/100
|
|upkeep
|turn|4
|
|t:|1743835396
|move|p1a: Maushold|Rest|p1a: Maushold
|-status|p1a: Maushold|slp|[from] move: Rest
|-heal|p1a: Maushold|100/100 slp|[silent]
|-enditem|p1a: Maushold|Chesto Berry|[eat]
|-curestatus|p1a: Maushold|slp|[msg]
|move|p2a: Mandibuzz|Foul Play|p1a: Maushold
|-damage|p1a: Maushold|15/100
|
|upkeep
|turn|5
|
|t:|1743835408
|move|p1a: Maushold|Population Bomb|p2a: Mandibuzz
|-damage|p2a: Mandibuzz|94/100
|-damage|p2a: Mandibuzz|86/100
|-damage|p2a: Mandibuzz|79/100
|-damage|p2a: Mandibuzz|71/100
|-damage|p2a: Mandibuzz|64/100
|-crit|p2a: Mandibuzz
|-damage|p2a: Mandibuzz|53/100
|-damage|p2a: Mandibuzz|47/100
|-damage|p2a: Mandibuzz|40/100
|-damage|p2a: Mandibuzz|33/100
|-damage|p2a: Mandibuzz|27/100
|-hitcount|p2a: Mandibuzz|10
|move|p2a: Mandibuzz|Foul Play|p1a: Maushold
|-damage|p1a: Maushold|0 fnt
|faint|p1a: Maushold
|
|upkeep
|c|☆ShittyHole69|Tf did you gain
|inactive|ariana22 has 120 seconds left.
|
|t:|1743835435
|switch|p1a: Malamar|Malamar, F|100/100
|turn|6
|
|t:|1743835439
|move|p2a: Mandibuzz|Roost|p2a: Mandibuzz
|-heal|p2a: Mandibuzz|77/100
|-singleturn|p2a: Mandibuzz|move: Roost
|move|p1a: Malamar|Superpower|p2a: Mandibuzz
|-supereffective|p2a: Mandibuzz
|-damage|p2a: Mandibuzz|33/100
|-boost|p1a: Malamar|atk|1
|-boost|p1a: Malamar|def|1
|
|upkeep
|turn|7
|
|t:|1743835454
|-terastallize|p1a: Malamar|Dark
|move|p2a: Mandibuzz|Foul Play|p1a: Malamar
|-resisted|p1a: Malamar
|-damage|p1a: Malamar|76/100
|move|p1a: Malamar|Superpower|p2a: Mandibuzz
|-damage|p2a: Mandibuzz|2/100
|-boost|p1a: Malamar|atk|1
|-boost|p1a: Malamar|def|1
|
|upkeep
|turn|8
|
|t:|1743835471
|move|p2a: Mandibuzz|Foul Play|p1a: Malamar
|-resisted|p1a: Malamar
|-crit|p1a: Malamar
|-damage|p1a: Malamar|0 fnt
|faint|p1a: Malamar
|
|upkeep
|c|☆ShittyHole69|Lol tf
|
|t:|1743835481
|switch|p1a: Dragapult|Dragapult, F|100/100
|turn|9
|
|t:|1743835486
|move|p1a: Dragapult|Dragon Darts|p2a: Mandibuzz
|-damage|p2a: Mandibuzz|0 fnt
|faint|p2a: Mandibuzz
|
|upkeep
|
|t:|1743835495
|switch|p2a: Moltres|Moltres-Galar|100/100
|turn|10
|
|t:|1743835501
|move|p1a: Dragapult|Confuse Ray|p2a: Moltres
|-start|p2a: Moltres|confusion
|-activate|p2a: Moltres|confusion
|move|p2a: Moltres|Brave Bird|p1a: Dragapult
|-damage|p1a: Dragapult|1/100
|-damage|p2a: Moltres|68/100|[from] Recoil
|
|upkeep
|turn|11
|
|t:|1743835513
|switch|p2a: Torrent?|Greninja, M|100/100
|move|p1a: Dragapult|Dragon Darts|p2a: Torrent?
|-damage|p2a: Torrent?|51/100
|-anim|p1a: Dragapult|Dragon Darts|p2a: Torrent?
|-damage|p2a: Torrent?|0 fnt
|faint|p2a: Torrent?
|
|upkeep
|
|t:|1743835517
|switch|p2a: Cancerous-Therian|Landorus-Therian, M|100/100
|-ability|p2a: Cancerous-Therian|Intimidate|boost
|-unboost|p1a: Dragapult|atk|1
|turn|12
|
|t:|1743835529
|move|p1a: Dragapult|Confuse Ray|p2a: Cancerous-Therian
|-start|p2a: Cancerous-Therian|confusion
|-activate|p2a: Cancerous-Therian|confusion
|move|p2a: Cancerous-Therian|U-turn|p1a: Dragapult
|-resisted|p1a: Dragapult
|-damage|p1a: Dragapult|0 fnt
|faint|p1a: Dragapult
|
|t:|1743835534
|switch|p2a: Chandy|Chandelure, M|100/100|[from] U-turn
|
|upkeep
|c|☆ShittyHole69|Ill start blasting
|
|t:|1743835543
|switch|p1a: Umbreon|Umbreon, M|100/100
|turn|13
|
|t:|1743835547
|-terastallize|p2a: Chandy|Fire
|move|p2a: Chandy|Overheat|p1a: Umbreon
|-damage|p1a: Umbreon|0 fnt
|-unboost|p2a: Chandy|spa|2
|faint|p1a: Umbreon
|
|upkeep
|-message|ariana22 forfeited.
|
|win|ShittyHole69
|raw|ariana22's rating: 1069 &rarr; <strong>1052</strong><br />(-17 for losing)
|raw|ShittyHole69's rating: 1130 &rarr; <strong>1151</strong><br />(+21 for winning)
|l|☆ariana22
|player|p1|
