|j|☆SlingShotWright
|j|☆asdfjklqwert
|t:|1743878354
|gametype|singles
|player|p1|SlingShotWright|169|1527
|player|p2|asdfjklqwert|winona|1497
|teamsize|p1|6
|teamsize|p2|6
|gen|9
|tier|[Gen 9] OU
|rated|
|rule|HP Percentage Mod: HP is shown in percentages
|rule|Endless Battle Clause: Forcing endless battles is banned
|rule|Species Clause: Limit one of each Pokémon
|rule|OHKO Clause: OHKO moves are banned
|rule|Evasion Items Clause: Evasion items are banned
|rule|Evasion Moves Clause: Evasion moves are banned
|rule|Sleep Moves Clause: Sleep-inducing moves are banned
|clearpoke
|poke|p1|Ogerpon-Wellspring, F|
|poke|p1|Moltres|
|poke|p1|Tinkaton, F|
|poke|p1|Dragapult, F|
|poke|p1|Samurott-Hisui, F|
|poke|p1|Gliscor, M|
|poke|p2|Latios, M|
|poke|p2|Hydrapple, M|
|poke|p2|Tornadus-Therian, M|
|poke|p2|Weezing-Galar, F|
|poke|p2|Cinderace, M|
|poke|p2|Swampert, M|
|teampreview
|inactive|Battle timer is ON: inactive players will automatically lose when time's up. (requested by asdfjklqwert)
|
|t:|1743878366
|start
|switch|p1a: Samurott|Samurott-Hisui, F|100/100
|switch|p2a: Hydrapple|Hydrapple, M|100/100
|turn|1
|
|t:|1743878373
|move|p1a: Samurott|Knock Off|p2a: Hydrapple
|-damage|p2a: Hydrapple|66/100
|-damage|p1a: Samurott|84/100|[from] item: Rocky Helmet|[of] p2a: Hydrapple
|-enditem|p2a: Hydrapple|Rocky Helmet|[from] move: Knock Off|[of] p1a: Samurott
|move|p2a: Hydrapple|Energy Ball|p1a: Samurott
|-supereffective|p1a: Samurott
|-crit|p1a: Samurott
|-damage|p1a: Samurott|0 fnt
|faint|p1a: Samurott
|
|upkeep
|
|t:|1743878383
|switch|p1a: Moltres|Moltres|100/100
|-ability|p1a: Moltres|Pressure
|turn|2
|
|t:|1743878388
|switch|p2a: Tornadus|Tornadus-Therian, M|100/100
|move|p1a: Moltres|Flamethrower|p2a: Tornadus
|-damage|p2a: Tornadus|73/100
|-status|p2a: Tornadus|brn
|
|-damage|p2a: Tornadus|67/100 brn|[from] brn
|upkeep
|turn|3
|
|t:|1743878397
|switch|p1a: Tinkaton|Tinkaton, F|100/100
|-item|p1a: Tinkaton|Air Balloon
|move|p2a: Tornadus|Knock Off|p1a: Tinkaton
|-resisted|p1a: Tinkaton
|-damage|p1a: Tinkaton|95/100
|-enditem|p1a: Tinkaton|Air Balloon
|-enditem|p2a: Tornadus|Assault Vest|[silent]|[from] ability: Pickpocket|[of] p2a: Tornadus
|-item|p1a: Tinkaton|Assault Vest|[from] ability: Pickpocket|[of] p2a: Tornadus
|
|-damage|p2a: Tornadus|61/100 brn|[from] brn
|upkeep
|turn|4
|
|t:|1743878411
|switch|p2a: Swampert|Swampert, M|100/100
|move|p1a: Tinkaton|Gigaton Hammer|p2a: Swampert
|-resisted|p2a: Swampert
|-damage|p2a: Swampert|80/100
|
|-heal|p2a: Swampert|86/100|[from] item: Leftovers
|upkeep
|turn|5
|
|t:|1743878421
|move|p1a: Tinkaton|Knock Off|p2a: Swampert
|-damage|p2a: Swampert|69/100
|-enditem|p2a: Swampert|Leftovers|[from] move: Knock Off|[of] p1a: Tinkaton
|move|p2a: Swampert|Stealth Rock|p1a: Tinkaton
|-sidestart|p1: SlingShotWright|move: Stealth Rock
|
|upkeep
|turn|6
|
|t:|1743878438
|switch|p1a: Ogerpon|Ogerpon-Wellspring, F|100/100
|-damage|p1a: Ogerpon|88/100|[from] Stealth Rock
|move|p2a: Swampert|Flip Turn|p1a: Ogerpon
|-heal|p1a: Ogerpon|100/100|[from] ability: Water Absorb|[of] p2a: Swampert
|
|upkeep
|turn|7
|
|t:|1743878447
|switch|p2a: Hydrapple|Hydrapple, M|99/100
|move|p1a: Ogerpon|Swords Dance|p1a: Ogerpon
|-boost|p1a: Ogerpon|atk|2
|
|upkeep
|turn|8
|
|t:|1743878453
|-terastallize|p2a: Hydrapple|Steel
|move|p1a: Ogerpon|U-turn|p2a: Hydrapple
|-resisted|p2a: Hydrapple
|-damage|p2a: Hydrapple|78/100
|
|t:|1743878459
|switch|p1a: Tinkaton|Tinkaton, F|95/100|[from] U-turn
|-damage|p1a: Tinkaton|88/100|[from] Stealth Rock
|move|p2a: Hydrapple|Fickle Beam|p1a: Tinkaton
|-immune|p1a: Tinkaton
|
|upkeep
|turn|9
|
|t:|1743878470
|move|p1a: Tinkaton|Knock Off|p2a: Hydrapple
|-crit|p2a: Hydrapple
|-damage|p2a: Hydrapple|66/100
|move|p2a: Hydrapple|Earth Power|p1a: Tinkaton
|-supereffective|p1a: Tinkaton
|-damage|p1a: Tinkaton|49/100
|-unboost|p1a: Tinkaton|spd|1
|
|upkeep
|turn|10
|
|t:|1743878483
|switch|p1a: Moltres|Moltres|100/100
|-ability|p1a: Moltres|Pressure
|move|p2a: Hydrapple|Fickle Beam|p1a: Moltres
|-damage|p1a: Moltres|54/100
|
|upkeep
|turn|11
|
|t:|1743878491
|switch|p2a: Tornadus|Tornadus-Therian, M|94/100 brn
|move|p1a: Moltres|Flamethrower|p2a: Tornadus
|-damage|p2a: Tornadus|57/100 brn
|
|-damage|p2a: Tornadus|51/100 brn|[from] brn
|upkeep
|turn|12
|
|t:|1743878499
|move|p2a: Tornadus|U-turn|p1a: Moltres
|-resisted|p1a: Moltres
|-damage|p1a: Moltres|53/100
|
|t:|1743878505
|switch|p2a: Swampert|Swampert, M|69/100|[from] U-turn
|move|p1a: Moltres|Roost|p1a: Moltres
|-heal|p1a: Moltres|100/100
|-singleturn|p1a: Moltres|move: Roost
|
|upkeep
|turn|13
|
|t:|1743878513
|switch|p2a: Tornadus|Tornadus-Therian, M|84/100 brn
|move|p1a: Moltres|Roar|p2a: Tornadus
|drag|p2a: Hydrapple|Hydrapple, M, tera:Steel|99/100
|
|upkeep
|turn|14
|
|t:|1743878521
|switch|p2a: Tornadus|Tornadus-Therian, M|100/100 brn
|move|p1a: Moltres|Flamethrower|p2a: Tornadus
|-damage|p2a: Tornadus|65/100 brn
|
|-damage|p2a: Tornadus|59/100 brn|[from] brn
|upkeep
|turn|15
|
|t:|1743878528
|move|p2a: Tornadus|Bleakwind Storm|p1a: Moltres
|-damage|p1a: Moltres|45/100
|move|p1a: Moltres|Flamethrower|p2a: Tornadus
|-damage|p2a: Tornadus|19/100 brn
|
|-damage|p2a: Tornadus|13/100 brn|[from] brn
|upkeep
|turn|16
|
|t:|1743878535
|move|p2a: Tornadus|U-turn|p1a: Moltres
|-resisted|p1a: Moltres
|-damage|p1a: Moltres|44/100
|
|t:|1743878539
|switch|p2a: Swampert|Swampert, M|69/100|[from] U-turn
|move|p1a: Moltres|Roost|p1a: Moltres
|-heal|p1a: Moltres|94/100
|-singleturn|p1a: Moltres|move: Roost
|
|upkeep
|turn|17
|
|t:|1743878547
|switch|p2a: Tornadus|Tornadus-Therian, M|46/100 brn
|move|p1a: Moltres|U-turn|p2a: Tornadus
|-resisted|p2a: Tornadus
|-damage|p2a: Tornadus|37/100 brn
|
|t:|1743878553
|switch|p1a: Tinkaton|Tinkaton, F|49/100|[from] U-turn
|-damage|p1a: Tinkaton|43/100|[from] Stealth Rock
|
|-damage|p2a: Tornadus|31/100 brn|[from] brn
|upkeep
|turn|18
|
|t:|1743878559
|switch|p2a: Cinderace|Cinderace, M|100/100
|move|p1a: Tinkaton|Gigaton Hammer|p2a: Cinderace
|-resisted|p2a: Cinderace
|-damage|p2a: Cinderace|70/100
|
|upkeep
|turn|19
|
|t:|1743878573
|switch|p1a: Moltres|Moltres|94/100
|-ability|p1a: Moltres|Pressure
|move|p2a: Cinderace|Pyro Ball|p1a: Moltres|[miss]
|-miss|p2a: Cinderace|p1a: Moltres
|
|upkeep
|turn|20
|
|t:|1743878581
|switch|p2a: Tornadus|Tornadus-Therian, M|64/100 brn
|move|p1a: Moltres|U-turn|p2a: Tornadus
|-resisted|p2a: Tornadus
|-damage|p2a: Tornadus|56/100 brn
|
|t:|1743878587
|switch|p1a: Gliscor|Gliscor, M|100/100|[from] U-turn
|-damage|p1a: Gliscor|88/100|[from] Stealth Rock
|
|-damage|p2a: Tornadus|50/100 brn|[from] brn
|-status|p1a: Gliscor|tox|[from] item: Toxic Orb
|upkeep
|turn|21
|
|t:|1743878600
|switch|p2a: Weezing|Weezing-Galar, F|100/100
|-ability|p2a: Weezing|Neutralizing Gas
|move|p1a: Gliscor|Swords Dance|p1a: Gliscor
|-boost|p1a: Gliscor|atk|2
|
|-damage|p1a: Gliscor|82/100 tox|[from] psn
|upkeep
|turn|22
|
|t:|1743878609
|move|p1a: Gliscor|Facade|p2a: Weezing
|-damage|p2a: Weezing|54/100
|move|p2a: Weezing|Strange Steam|p1a: Gliscor
|-crit|p1a: Gliscor
|-damage|p1a: Gliscor|41/100 tox
|
|-heal|p2a: Weezing|60/100|[from] item: Leftovers
|-damage|p1a: Gliscor|29/100 tox|[from] psn
|upkeep
|turn|23
|
|t:|1743878617
|move|p1a: Gliscor|Earthquake|p2a: Weezing
|-supereffective|p2a: Weezing
|-damage|p2a: Weezing|0 fnt
|faint|p2a: Weezing
|-end|p2a: Weezing|ability: Neutralizing Gas
|
|-heal|p1a: Gliscor|41/100 tox|[from] ability: Poison Heal
|upkeep
|
|t:|1743878620
|switch|p2a: Latios|Latios, M|100/100
|turn|24
|
|t:|1743878626
|move|p1a: Gliscor|Protect|p1a: Gliscor
|-singleturn|p1a: Gliscor|Protect
|move|p2a: Latios|Luster Purge|p1a: Gliscor
|-activate|p1a: Gliscor|move: Protect
|
|-heal|p1a: Gliscor|54/100 tox|[from] ability: Poison Heal
|upkeep
|turn|25
|
|t:|1743878637
|switch|p1a: Tinkaton|Tinkaton, F|43/100
|-damage|p1a: Tinkaton|37/100|[from] Stealth Rock
|move|p2a: Latios|Flip Turn|p1a: Tinkaton
|-damage|p1a: Tinkaton|24/100
|
|t:|1743878640
|switch|p2a: Cinderace|Cinderace, M|70/100|[from] Flip Turn
|
|upkeep
|turn|26
|
|t:|1743878650
|switch|p2a: Latios|Latios, M|100/100
|move|p1a: Tinkaton|Knock Off|p2a: Latios
|-supereffective|p2a: Latios
|-damage|p2a: Latios|55/100
|-enditem|p2a: Latios|Soul Dew|[from] move: Knock Off|[of] p1a: Tinkaton
|
|upkeep
|turn|27
|
|t:|1743878658
|move|p2a: Latios|Luster Purge|p1a: Tinkaton
|-resisted|p1a: Tinkaton
|-damage|p1a: Tinkaton|10/100
|-unboost|p1a: Tinkaton|spd|1
|move|p1a: Tinkaton|Gigaton Hammer|p2a: Latios
|-damage|p2a: Latios|0 fnt
|faint|p2a: Latios
|
|upkeep
|
|t:|1743878670
|switch|p2a: Swampert|Swampert, M|69/100
|turn|28
|
|t:|1743878674
|move|p1a: Tinkaton|Knock Off|p2a: Swampert
|-damage|p2a: Swampert|57/100
|move|p2a: Swampert|Flip Turn|p1a: Tinkaton
|-damage|p1a: Tinkaton|0 fnt
|faint|p1a: Tinkaton
|
|t:|1743878679
|switch|p2a: Tornadus|Tornadus-Therian, M|83/100 brn|[from] Flip Turn
|
|-damage|p2a: Tornadus|77/100 brn|[from] brn
|upkeep
|
|t:|1743878701
|switch|p1a: Dragapult|Dragapult, F|100/100
|turn|29
|
|t:|1743878710
|switch|p1a: Gliscor|Gliscor, M|54/100 tox
|-damage|p1a: Gliscor|41/100 tox|[from] Stealth Rock
|move|p2a: Tornadus|Knock Off|p1a: Gliscor
|-damage|p1a: Gliscor|33/100 tox
|-enditem|p1a: Gliscor|Toxic Orb|[from] move: Knock Off|[of] p2a: Tornadus
|
|-heal|p1a: Gliscor|45/100 tox|[from] ability: Poison Heal
|-damage|p2a: Tornadus|71/100 brn|[from] brn
|upkeep
|turn|30
|
|t:|1743878722
|move|p2a: Tornadus|Bleakwind Storm|p1a: Gliscor|[miss]
|-miss|p2a: Tornadus|p1a: Gliscor
|move|p1a: Gliscor|Facade|p2a: Tornadus
|-damage|p2a: Tornadus|37/100 brn
|
|-heal|p1a: Gliscor|58/100 tox|[from] ability: Poison Heal
|-damage|p2a: Tornadus|31/100 brn|[from] brn
|upkeep
|turn|31
|
|t:|1743878734
|switch|p2a: Hydrapple|Hydrapple, M, tera:Steel|100/100
|move|p1a: Gliscor|Protect||[still]
|-fail|p1a: Gliscor
|
|-heal|p1a: Gliscor|70/100 tox|[from] ability: Poison Heal
|upkeep
|turn|32
|
|t:|1743878748
|switch|p1a: Ogerpon|Ogerpon-Wellspring, F|100/100
|-damage|p1a: Ogerpon|88/100|[from] Stealth Rock
|move|p2a: Hydrapple|Fickle Beam|p1a: Ogerpon|[anim] Fickle Beam All Out
|-activate|p2a: Hydrapple|move: Fickle Beam
|-damage|p1a: Ogerpon|0 fnt
|faint|p1a: Ogerpon
|
|upkeep
|
|t:|1743878759
|switch|p1a: Moltres|Moltres|94/100
|-ability|p1a: Moltres|Pressure
|turn|33
|
|t:|1743878765
|switch|p2a: Tornadus|Tornadus-Therian, M|64/100 brn
|move|p1a: Moltres|Flamethrower|p2a: Tornadus
|-damage|p2a: Tornadus|29/100 brn
|
|-damage|p2a: Tornadus|23/100 brn|[from] brn
|upkeep
|turn|34
|
|t:|1743878772
|move|p2a: Tornadus|U-turn|p1a: Moltres
|-resisted|p1a: Moltres
|-damage|p1a: Moltres|93/100
|
|t:|1743878773
|switch|p2a: Cinderace|Cinderace, M|70/100|[from] U-turn
|move|p1a: Moltres|Flamethrower|p2a: Cinderace
|-resisted|p2a: Cinderace
|-damage|p2a: Cinderace|45/100
|
|upkeep
|turn|35
|
|t:|1743878780
|move|p2a: Cinderace|Pyro Ball|p1a: Moltres
|-resisted|p1a: Moltres
|-crit|p1a: Moltres
|-damage|p1a: Moltres|62/100
|move|p1a: Moltres|Flamethrower|p2a: Cinderace
|-resisted|p2a: Cinderace
|-crit|p2a: Cinderace
|-damage|p2a: Cinderace|5/100
|
|upkeep
|turn|36
|
|t:|1743878788
|move|p2a: Cinderace|Pyro Ball|p1a: Moltres
|-resisted|p1a: Moltres
|-damage|p1a: Moltres|44/100
|move|p1a: Moltres|Roost|p1a: Moltres
|-heal|p1a: Moltres|94/100
|-singleturn|p1a: Moltres|move: Roost
|
|upkeep
|turn|37
|
|t:|1743878796
|move|p2a: Cinderace|Pyro Ball|p1a: Moltres
|-resisted|p1a: Moltres
|-damage|p1a: Moltres|76/100
|move|p1a: Moltres|Flamethrower|p2a: Cinderace
|-resisted|p2a: Cinderace
|-damage|p2a: Cinderace|0 fnt
|faint|p2a: Cinderace
|
|upkeep
|
|t:|1743878801
|switch|p2a: Tornadus|Tornadus-Therian, M|56/100 brn
|turn|38
|
|t:|1743878809
|move|p2a: Tornadus|Bleakwind Storm|p1a: Moltres
|-damage|p1a: Moltres|25/100
|-unboost|p1a: Moltres|spe|1
|move|p1a: Moltres|Flamethrower|p2a: Tornadus
|-damage|p2a: Tornadus|18/100 brn
|
|-damage|p2a: Tornadus|11/100 brn|[from] brn
|upkeep
|turn|39
|
|t:|1743878828
|switch|p1a: Gliscor|Gliscor, M|70/100 tox
|-damage|p1a: Gliscor|58/100 tox|[from] Stealth Rock
|move|p2a: Tornadus|U-turn|p1a: Gliscor
|-resisted|p1a: Gliscor
|-damage|p1a: Gliscor|55/100 tox
|
|t:|1743878832
|switch|p2a: Hydrapple|Hydrapple, M, tera:Steel|100/100|[from] U-turn
|
|-heal|p1a: Gliscor|67/100 tox|[from] ability: Poison Heal
|upkeep
|turn|40
|
|t:|1743878839
|move|p1a: Gliscor|Protect|p1a: Gliscor
|-singleturn|p1a: Gliscor|Protect
|move|p2a: Hydrapple|Energy Ball|p1a: Gliscor
|-activate|p1a: Gliscor|move: Protect
|
|-heal|p1a: Gliscor|80/100 tox|[from] ability: Poison Heal
|upkeep
|turn|41
|
|t:|1743878848
|move|p1a: Gliscor|Facade|p2a: Hydrapple
|-resisted|p2a: Hydrapple
|-damage|p2a: Hydrapple|89/100
|move|p2a: Hydrapple|Fickle Beam|p1a: Gliscor
|-damage|p1a: Gliscor|41/100 tox
|
|-heal|p1a: Gliscor|53/100 tox|[from] ability: Poison Heal
|upkeep
|turn|42
|
|t:|1743878858
|move|p1a: Gliscor|Protect|p1a: Gliscor
|-singleturn|p1a: Gliscor|Protect
|move|p2a: Hydrapple|Substitute|p2a: Hydrapple
|-start|p2a: Hydrapple|Substitute
|-damage|p2a: Hydrapple|64/100
|
|-heal|p1a: Gliscor|66/100 tox|[from] ability: Poison Heal
|upkeep
|turn|43
|
|t:|1743878865
|move|p1a: Gliscor|Earthquake|p2a: Hydrapple
|-supereffective|p2a: Hydrapple
|-end|p2a: Hydrapple|Substitute
|move|p2a: Hydrapple|Fickle Beam|p1a: Gliscor
|-damage|p1a: Gliscor|28/100 tox
|
|-heal|p1a: Gliscor|40/100 tox|[from] ability: Poison Heal
|upkeep
|turn|44
|
|t:|1743878874
|move|p1a: Gliscor|Earthquake|p2a: Hydrapple
|-supereffective|p2a: Hydrapple
|-damage|p2a: Hydrapple|14/100
|move|p2a: Hydrapple|Fickle Beam|p1a: Gliscor|[anim] Fickle Beam All Out
|-activate|p2a: Hydrapple|move: Fickle Beam
|-damage|p1a: Gliscor|0 fnt
|faint|p1a: Gliscor
|
|upkeep
|
|t:|1743878882
|switch|p1a: Moltres|Moltres|25/100
|-ability|p1a: Moltres|Pressure
|turn|45
|
|t:|1743878890
|move|p1a: Moltres|Roost|p1a: Moltres
|-heal|p1a: Moltres|75/100
|-singleturn|p1a: Moltres|move: Roost
|move|p2a: Hydrapple|Earth Power|p1a: Moltres
|-supereffective|p1a: Moltres
|-crit|p1a: Moltres
|-damage|p1a: Moltres|0 fnt
|faint|p1a: Moltres
|
|upkeep
|
|t:|1743878898
|switch|p1a: Dragapult|Dragapult, F|100/100
|turn|46
|
|t:|1743878904
|move|p1a: Dragapult|Hex|p2a: Hydrapple
|-damage|p2a: Hydrapple|0 fnt
|faint|p2a: Hydrapple
|
|upkeep
|
|t:|1743878909
|switch|p2a: Tornadus|Tornadus-Therian, M|45/100 brn
|turn|47
|
|t:|1743878918
|-terastallize|p1a: Dragapult|Ghost
|move|p1a: Dragapult|Hex|p2a: Tornadus
|-damage|p2a: Tornadus|0 fnt
|faint|p2a: Tornadus
|
|upkeep
|
|t:|1743878921
|switch|p2a: Swampert|Swampert, M|57/100
|turn|48
|
|t:|1743878925
|move|p1a: Dragapult|Will-O-Wisp|p2a: Swampert
|-status|p2a: Swampert|brn
|move|p2a: Swampert|Earthquake|p1a: Dragapult
|-damage|p1a: Dragapult|68/100
|
|-damage|p2a: Swampert|50/100 brn|[from] brn
|upkeep
|turn|49
|
|t:|1743878933
|move|p1a: Dragapult|Hex|p2a: Swampert
|-damage|p2a: Swampert|0 fnt
|faint|p2a: Swampert
|
|win|SlingShotWright
|raw|SlingShotWright's rating: 1527 &rarr; <strong>1545</strong><br />(+18 for winning)
|raw|asdfjklqwert's rating: 1497 &rarr; <strong>1479</strong><br />(-18 for losing)
|l|☆asdfjklqwert
|player|p2|
|l|☆SlingShotWright
|player|p1|
