|j|☆LaBaleada
|j|☆DiceyRice
|t:|1743809277
|gametype|singles
|player|p1|LaBaleada|170|1774
|player|p2|DiceyRice|miku-psychic|1712
|teamsize|p1|6
|teamsize|p2|6
|gen|9
|tier|[Gen 9] OU
|rated|
|rule|HP Percentage Mod: HP is shown in percentages
|rule|Endless Battle Clause: Forcing endless battles is banned
|rule|Species Clause: Limit one of each Pokémon
|rule|OHKO Clause: OHKO moves are banned
|rule|Evasion Items Clause: Evasion items are banned
|rule|Evasion Moves Clause: Evasion moves are banned
|rule|Sleep Moves Clause: Sleep-inducing moves are banned
|clearpoke
|poke|p1|Metagross|
|poke|p1|Ogerpon-Wellspring, F|
|poke|p1|Raging Bolt|
|poke|p1|Cinderace, M|
|poke|p1|Landorus-Therian, M|
|poke|p1|Slowking-Galar, F|
|poke|p2|Comfey, M|
|poke|p2|Whimsicott, F|
|poke|p2|Iron Moth|
|poke|p2|Walking Wake|
|poke|p2|Great Tusk|
|poke|p2|Ninetales, F|
|teampreview
|inactive|Battle timer is ON: inactive players will automatically lose when time's up. (requested by LaBaleada)
|
|t:|1743809291
|start
|switch|p1a: Metagross|Metagross|100/100
|switch|p2a: Walking Wake|Walking Wake|100/100
|turn|1
|
|t:|1743809297
|switch|p1a: Slowking|Slowking-Galar, F|100/100
|move|p2a: Walking Wake|Flip Turn|p1a: Slowking
|-damage|p1a: Slowking|83/100
|
|t:|1743809301
|-end|p2a: Walking Wake|Protosynthesis|[silent]
|switch|p2a: Great Tusk|Great Tusk|100/100|[from] Flip Turn
|
|upkeep
|turn|2
|
|t:|1743809305
|switch|p1a: Landorus|Landorus-Therian, M|100/100
|-ability|p1a: Landorus|Intimidate|boost
|-unboost|p2a: Great Tusk|atk|1
|move|p2a: Great Tusk|Stealth Rock|p1a: Landorus
|-sidestart|p1: LaBaleada|move: Stealth Rock
|
|upkeep
|turn|3
|
|t:|1743809310
|move|p1a: Landorus|Earth Power|p2a: Great Tusk
|-damage|p2a: Great Tusk|60/100
|move|p2a: Great Tusk|Ice Spinner|p1a: Landorus
|-supereffective|p1a: Landorus
|-damage|p1a: Landorus|37/100
|-damage|p2a: Great Tusk|43/100|[from] item: Rocky Helmet|[of] p1a: Landorus
|
|upkeep
|turn|4
|
|t:|1743809324
|move|p1a: Landorus|U-turn|p2a: Great Tusk
|-resisted|p2a: Great Tusk
|-damage|p2a: Great Tusk|37/100
|-damage|p1a: Landorus|20/100|[from] item: Rocky Helmet|[of] p2a: Great Tusk
|
|t:|1743809327
|switch|p1a: Ogerpon|Ogerpon-Wellspring, F|100/100|[from] U-turn
|-damage|p1a: Ogerpon|88/100|[from] Stealth Rock
|move|p2a: Great Tusk|Ice Spinner|p1a: Ogerpon
|-damage|p1a: Ogerpon|68/100
|
|upkeep
|turn|5
|
|t:|1743809335
|-end|p2a: Great Tusk|Protosynthesis|[silent]
|switch|p2a: Ninetales|Ninetales, F|100/100
|-weather|SunnyDay|[from] ability: Drought|[of] p2a: Ninetales
|move|p1a: Ogerpon|Ivy Cudgel|p2a: Ninetales|[anim] Ivy Cudgel Water
|-supereffective|p2a: Ninetales
|-damage|p2a: Ninetales|23/100
|
|-weather|SunnyDay|[upkeep]
|upkeep
|turn|6
|
|t:|1743809340
|switch|p2a: Walking Wake|Walking Wake|100/100
|-activate|p2a: Walking Wake|ability: Protosynthesis
|-start|p2a: Walking Wake|protosynthesisspe
|move|p1a: Ogerpon|U-turn|p2a: Walking Wake
|-damage|p2a: Walking Wake|74/100
|
|t:|1743809342
|switch|p1a: Slowking|Slowking-Galar, F|100/100|[from] U-turn
|-damage|p1a: Slowking|88/100|[from] Stealth Rock
|
|-weather|SunnyDay|[upkeep]
|upkeep
|turn|7
|
|t:|1743809344
|move|p2a: Walking Wake|Knock Off|p1a: Slowking
|-supereffective|p1a: Slowking
|-enditem|p1a: Slowking|Colbur Berry|[eat]
|-enditem|p1a: Slowking|Colbur Berry|[weaken]
|-damage|p1a: Slowking|71/100
|-prepare|p1a: Slowking|Chilly Reception|[premajor]
|move|p1a: Slowking|Chilly Reception|p1a: Slowking
|-weather|Snowscape
|-end|p2a: Walking Wake|Protosynthesis
|
|t:|1743809353
|switch|p1a: Ogerpon|Ogerpon-Wellspring, F|68/100|[from] Chilly Reception
|-damage|p1a: Ogerpon|56/100|[from] Stealth Rock
|
|-weather|Snowscape|[upkeep]
|upkeep
|turn|8
|
|t:|1743809357
|move|p1a: Ogerpon|U-turn|p2a: Walking Wake
|-damage|p2a: Walking Wake|48/100
|
|t:|1743809359
|switch|p1a: Slowking|Slowking-Galar, F|100/100|[from] U-turn
|-damage|p1a: Slowking|88/100|[from] Stealth Rock
|move|p2a: Walking Wake|Draco Meteor|p1a: Slowking
|-damage|p1a: Slowking|55/100
|-unboost|p2a: Walking Wake|spa|2
|
|-weather|Snowscape|[upkeep]
|upkeep
|turn|9
|
|t:|1743809364
|-terastallize|p2a: Walking Wake|Steel
|move|p2a: Walking Wake|Flip Turn|p1a: Slowking
|-damage|p1a: Slowking|40/100
|c|☆DiceyRice|oops
|c|☆DiceyRice|misclick
|
|t:|1743809378
|-end|p2a: Walking Wake|Protosynthesis|[silent]
|switch|p2a: Ninetales|Ninetales, F|23/100|[from] Flip Turn
|-weather|SunnyDay|[from] ability: Drought|[of] p2a: Ninetales
|move|p1a: Slowking|Psychic Noise|p2a: Ninetales
|-damage|p2a: Ninetales|0 fnt
|faint|p2a: Ninetales
|
|-weather|SunnyDay|[upkeep]
|upkeep
|
|t:|1743809384
|switch|p2a: Iron Moth|Iron Moth|100/100
|-enditem|p2a: Iron Moth|Booster Energy
|-activate|p2a: Iron Moth|ability: Quark Drive|[fromitem]
|-start|p2a: Iron Moth|quarkdrivespa
|turn|10
|
|t:|1743809390
|switch|p1a: Landorus|Landorus-Therian, M|20/100
|-damage|p1a: Landorus|8/100|[from] Stealth Rock
|-ability|p1a: Landorus|Intimidate|boost
|-unboost|p2a: Iron Moth|atk|1
|move|p2a: Iron Moth|Fiery Dance|p1a: Landorus
|-damage|p1a: Landorus|0 fnt
|faint|p1a: Landorus
|
|-weather|SunnyDay|[upkeep]
|upkeep
|
|t:|1743809393
|switch|p1a: Ogerpon|Ogerpon-Wellspring, F|56/100
|-damage|p1a: Ogerpon|44/100|[from] Stealth Rock
|turn|11
|
|t:|1743809396
|move|p1a: Ogerpon|Ivy Cudgel|p2a: Iron Moth|[anim] Ivy Cudgel Water
|-supereffective|p2a: Iron Moth
|-damage|p2a: Iron Moth|0 fnt
|faint|p2a: Iron Moth
|-end|p2a: Iron Moth|Quark Drive|[silent]
|
|-weather|SunnyDay|[upkeep]
|upkeep
|
|t:|1743809402
|switch|p2a: Whimsicott|Whimsicott, F|100/100
|turn|12
|
|t:|1743809407
|switch|p1a: Cinderace|Cinderace, M|100/100
|move|p2a: Whimsicott|Growth|p2a: Whimsicott
|-boost|p2a: Whimsicott|atk|2
|-boost|p2a: Whimsicott|spa|2
|
|-weather|SunnyDay|[upkeep]
|upkeep
|turn|13
|
|t:|1743809411
|move|p2a: Whimsicott|Shadow Ball|p1a: Cinderace
|-damage|p1a: Cinderace|35/100
|-damage|p2a: Whimsicott|91/100|[from] item: Life Orb
|move|p1a: Cinderace|Pyro Ball|p2a: Whimsicott
|-supereffective|p2a: Whimsicott
|-damage|p2a: Whimsicott|0 fnt
|faint|p2a: Whimsicott
|
|-weather|SunnyDay|[upkeep]
|upkeep
|
|t:|1743809414
|switch|p2a: Walking Wake|Walking Wake, tera:Steel|48/100
|-activate|p2a: Walking Wake|ability: Protosynthesis
|-start|p2a: Walking Wake|protosynthesisspe
|turn|14
|
|t:|1743809420
|switch|p1a: Slowking|Slowking-Galar, F|73/100
|-damage|p1a: Slowking|61/100|[from] Stealth Rock
|move|p2a: Walking Wake|Draco Meteor|p1a: Slowking
|-damage|p1a: Slowking|24/100
|-unboost|p2a: Walking Wake|spa|2
|
|-weather|SunnyDay|[upkeep]
|upkeep
|turn|15
|
|t:|1743809430
|switch|p1a: Cinderace|Cinderace, M|35/100
|move|p2a: Walking Wake|Draco Meteor|p1a: Cinderace
|-damage|p1a: Cinderace|0 fnt
|-unboost|p2a: Walking Wake|spa|2
|faint|p1a: Cinderace
|
|-weather|SunnyDay|[upkeep]
|upkeep
|
|t:|1743809432
|switch|p1a: Slowking|Slowking-Galar, F|57/100
|-damage|p1a: Slowking|45/100|[from] Stealth Rock
|turn|16
|
|t:|1743809435
|move|p2a: Walking Wake|Flip Turn|p1a: Slowking
|-crit|p1a: Slowking
|-damage|p1a: Slowking|33/100
|
|t:|1743809436
|-end|p2a: Walking Wake|Protosynthesis|[silent]
|switch|p2a: Great Tusk|Great Tusk|37/100|[from] Flip Turn
|-activate|p2a: Great Tusk|ability: Protosynthesis
|-start|p2a: Great Tusk|protosynthesisspe
|-prepare|p1a: Slowking|Chilly Reception|[premajor]
|move|p1a: Slowking|Chilly Reception|p1a: Slowking
|-weather|Snowscape
|-end|p2a: Great Tusk|Protosynthesis
|
|t:|1743809440
|switch|p1a: Ogerpon|Ogerpon-Wellspring, F|44/100|[from] Chilly Reception
|-damage|p1a: Ogerpon|31/100|[from] Stealth Rock
|
|-weather|Snowscape|[upkeep]
|upkeep
|turn|17
|
|t:|1743809445
|-end|p2a: Great Tusk|Protosynthesis|[silent]
|switch|p2a: Walking Wake|Walking Wake, tera:Steel|48/100
|move|p1a: Ogerpon|Ivy Cudgel|p2a: Walking Wake|[anim] Ivy Cudgel Water
|-damage|p2a: Walking Wake|0 fnt
|faint|p2a: Walking Wake
|-end|p2a: Walking Wake|Protosynthesis|[silent]
|
|-weather|Snowscape|[upkeep]
|upkeep
|
|t:|1743809446
|switch|p2a: Comfey|Comfey, M|100/100
|turn|18
|
|t:|1743809453
|move|p1a: Ogerpon|U-turn|p2a: Comfey
|-resisted|p2a: Comfey
|-damage|p2a: Comfey|85/100
|
|t:|1743809455
|switch|p1a: Metagross|Metagross|100/100|[from] U-turn
|-damage|p1a: Metagross|95/100|[from] Stealth Rock
|move|p2a: Comfey|Growth|p2a: Comfey
|-boost|p2a: Comfey|atk|1
|-boost|p2a: Comfey|spa|1
|
|-weather|Snowscape|[upkeep]
|upkeep
|turn|19
|
|t:|1743809458
|move|p2a: Comfey|Draining Kiss|p1a: Metagross
|-resisted|p1a: Metagross
|-damage|p1a: Metagross|72/100
|-heal|p2a: Comfey|100/100|[from] drain|[of] p1a: Metagross
|-damage|p2a: Comfey|91/100|[from] item: Life Orb
|move|p1a: Metagross|Psychic Noise|p2a: Comfey
|-damage|p2a: Comfey|67/100
|-start|p2a: Comfey|move: Heal Block
|
|-weather|Snowscape|[upkeep]
|upkeep
|turn|20
|
|t:|1743809462
|move|p1a: Metagross|Bullet Punch|p2a: Comfey
|-supereffective|p2a: Comfey
|-damage|p2a: Comfey|17/100
|move|p2a: Comfey|Growth|p2a: Comfey
|-boost|p2a: Comfey|atk|1
|-boost|p2a: Comfey|spa|1
|
|-weather|none
|-end|p2a: Comfey|move: Heal Block
|upkeep
|turn|21
|
|t:|1743809465
|move|p2a: Comfey|Draining Kiss|p1a: Metagross
|-resisted|p1a: Metagross
|-damage|p1a: Metagross|40/100
|-heal|p2a: Comfey|43/100|[from] drain|[of] p1a: Metagross
|-damage|p2a: Comfey|34/100|[from] item: Life Orb
|move|p1a: Metagross|Bullet Punch|p2a: Comfey
|-supereffective|p2a: Comfey
|-damage|p2a: Comfey|0 fnt
|faint|p2a: Comfey
|
|upkeep
|
|t:|1743809467
|switch|p2a: Great Tusk|Great Tusk|37/100
|turn|22
|
|t:|1743809495
|move|p2a: Great Tusk|Rapid Spin|p1a: Metagross
|-resisted|p1a: Metagross
|-damage|p1a: Metagross|35/100
|-boost|p2a: Great Tusk|spe|1
|move|p1a: Metagross|Psychic Noise|p2a: Great Tusk
|-supereffective|p2a: Great Tusk
|-damage|p2a: Great Tusk|0 fnt
|faint|p2a: Great Tusk
|-end|p2a: Great Tusk|Protosynthesis|[silent]
|
|win|LaBaleada
|raw|LaBaleada's rating: 1774 &rarr; <strong>1790</strong><br />(+16 for winning)
|raw|DiceyRice's rating: 1712 &rarr; <strong>1696</strong><br />(-16 for losing)
|l|☆LaBaleada
|player|p1|
