|j|☆Cattleya1
|j|☆chewfive
|t:|1743785337
|gametype|singles
|player|p1|Cattleya1|lady|1277
|player|p2|chewfive|1|1260
|teamsize|p1|6
|teamsize|p2|6
|gen|9
|tier|[Gen 9] OU
|rated|
|rule|HP Percentage Mod: HP is shown in percentages
|rule|Endless Battle Clause: Forcing endless battles is banned
|rule|Species Clause: Limit one of each Pokémon
|rule|OHKO Clause: OHKO moves are banned
|rule|Evasion Items Clause: Evasion items are banned
|rule|Evasion Moves Clause: Evasion moves are banned
|rule|Sleep Moves Clause: Sleep-inducing moves are banned
|clearpoke
|poke|p1|Florges, F|
|poke|p1|Cinderace, F|
|poke|p1|Ting-Lu|
|poke|p1|Corviknight, F|
|poke|p1|Conkeldurr, M|
|poke|p1|Pecharunt|
|poke|p2|Hoopa-Unbound|
|poke|p2|Torterra, M|
|poke|p2|Quagsire, F|
|poke|p2|Sinistcha|
|poke|p2|Rampardos, F|
|poke|p2|Smeargle, M|
|teampreview
|inactive|Battle timer is ON: inactive players will automatically lose when time's up. (requested by chewfive)
|
|t:|1743785369
|start
|switch|p1a: Pecharunt|Pecharunt|100/100
|switch|p2a: u ready?|Sinistcha|100/100
|turn|1
|
|t:|1743785381
|move|p1a: Pecharunt|Malignant Chain|p2a: u ready?
|-damage|p2a: u ready?|53/100
|-status|p2a: u ready?|tox
|-start|p2a: u ready?|confusion|[from] ability: Poison Puppeteer|[of] p1a: Pecharunt
|-activate|p2a: u ready?|confusion
|-damage|p2a: u ready?|48/100 tox|[from] confusion
|
|-damage|p2a: u ready?|42/100 tox|[from] psn
|upkeep
|turn|2
|
|t:|1743785390
|move|p1a: Pecharunt|Shadow Ball|p2a: u ready?
|-supereffective|p2a: u ready?
|-damage|p2a: u ready?|0 fnt
|faint|p2a: u ready?
|
|upkeep
|
|t:|1743785400
|switch|p2a: TERA DEATH|Torterra, M|100/100
|turn|3
|
|t:|1743785405
|-terastallize|p2a: TERA DEATH|Poison
|move|p1a: Pecharunt|Malignant Chain|p2a: TERA DEATH
|-resisted|p2a: TERA DEATH
|-damage|p2a: TERA DEATH|78/100
|-enditem|p2a: TERA DEATH|Maranga Berry|[eat]
|-boost|p2a: TERA DEATH|spd|1|[from] item: Maranga Berry
|move|p2a: TERA DEATH|Stockpile|p2a: TERA DEATH
|-start|p2a: TERA DEATH|stockpile1
|-boost|p2a: TERA DEATH|def|1
|-boost|p2a: TERA DEATH|spd|1
|
|upkeep
|turn|4
|
|t:|1743785417
|move|p1a: Pecharunt|Parting Shot|p2a: TERA DEATH
|-unboost|p2a: TERA DEATH|atk|1
|-unboost|p2a: TERA DEATH|spa|1
|
|t:|1743785438
|switch|p1a: Florges|Florges, F, shiny|100/100|[from] Parting Shot
|move|p2a: TERA DEATH|Leech Seed|p1a: Florges
|-start|p1a: Florges|move: Leech Seed
|
|-damage|p1a: Florges|88/100|[from] Leech Seed|[of] p2a: TERA DEATH
|-heal|p2a: TERA DEATH|90/100|[silent]
|upkeep
|turn|5
|
|t:|1743785447
|move|p1a: Florges|Calm Mind|p1a: Florges
|-boost|p1a: Florges|spa|1
|-boost|p1a: Florges|spd|1
|move|p2a: TERA DEATH|Stockpile|p2a: TERA DEATH
|-start|p2a: TERA DEATH|stockpile2
|-boost|p2a: TERA DEATH|def|1
|-boost|p2a: TERA DEATH|spd|1
|
|-heal|p1a: Florges|94/100|[from] item: Leftovers
|-damage|p1a: Florges|82/100|[from] Leech Seed|[of] p2a: TERA DEATH
|-heal|p2a: TERA DEATH|100/100|[silent]
|upkeep
|turn|6
|
|t:|1743785460
|move|p1a: Florges|Calm Mind|p1a: Florges
|-boost|p1a: Florges|spa|1
|-boost|p1a: Florges|spd|1
|move|p2a: TERA DEATH|Sand Tomb|p1a: Florges
|-damage|p1a: Florges|70/100
|-activate|p1a: Florges|move: Sand Tomb|[of] p2a: TERA DEATH
|
|-heal|p1a: Florges|76/100|[from] item: Leftovers
|-damage|p1a: Florges|64/100|[from] Leech Seed|[of] p2a: TERA DEATH
|-damage|p1a: Florges|51/100|[from] move: Sand Tomb|[partiallytrapped]
|upkeep
|turn|7
|
|t:|1743785471
|move|p1a: Florges|Synthesis|p1a: Florges
|-heal|p1a: Florges|100/100
|move|p2a: TERA DEATH|Stockpile|p2a: TERA DEATH
|-start|p2a: TERA DEATH|stockpile3
|-boost|p2a: TERA DEATH|def|1
|-boost|p2a: TERA DEATH|spd|1
|
|-damage|p1a: Florges|88/100|[from] Leech Seed|[of] p2a: TERA DEATH
|-damage|p1a: Florges|75/100|[from] move: Sand Tomb|[partiallytrapped]
|upkeep
|turn|8
|
|t:|1743785480
|move|p1a: Florges|Calm Mind|p1a: Florges
|-boost|p1a: Florges|spa|1
|-boost|p1a: Florges|spd|1
|move|p2a: TERA DEATH|Sand Tomb|p1a: Florges
|-damage|p1a: Florges|65/100
|
|-heal|p1a: Florges|71/100|[from] item: Leftovers
|-damage|p1a: Florges|58/100|[from] Leech Seed|[of] p2a: TERA DEATH
|-damage|p1a: Florges|46/100|[from] move: Sand Tomb|[partiallytrapped]
|upkeep
|turn|9
|
|t:|1743785496
|move|p1a: Florges|Synthesis|p1a: Florges
|-heal|p1a: Florges|96/100
|move|p2a: TERA DEATH|Sand Tomb|p1a: Florges
|-damage|p1a: Florges|84/100
|
|-heal|p1a: Florges|90/100|[from] item: Leftovers
|-damage|p1a: Florges|78/100|[from] Leech Seed|[of] p2a: TERA DEATH
|-damage|p1a: Florges|65/100|[from] move: Sand Tomb|[partiallytrapped]
|upkeep
|turn|10
|
|t:|1743785518
|move|p1a: Florges|Calm Mind|p1a: Florges
|-boost|p1a: Florges|spa|1
|-boost|p1a: Florges|spd|1
|move|p2a: TERA DEATH|Sand Tomb|p1a: Florges
|-damage|p1a: Florges|54/100
|
|-heal|p1a: Florges|60/100|[from] item: Leftovers
|-damage|p1a: Florges|48/100|[from] Leech Seed|[of] p2a: TERA DEATH
|-end|p1a: Florges|Sand Tomb|[partiallytrapped]
|upkeep
|turn|11
|
|t:|1743785530
|switch|p2a: glegle|Smeargle, M|100/100
|move|p1a: Florges|Synthesis|p1a: Florges
|-heal|p1a: Florges|98/100
|
|-heal|p1a: Florges|100/100|[from] item: Leftovers
|-damage|p1a: Florges|88/100|[from] Leech Seed|[of] p2a: glegle
|upkeep
|turn|12
|
|t:|1743785538
|move|p2a: glegle|Encore|p1a: Florges
|-start|p1a: Florges|Encore
|move|p1a: Florges|Synthesis|p1a: Florges
|-heal|p1a: Florges|100/100
|
|-damage|p1a: Florges|88/100|[from] Leech Seed|[of] p2a: glegle
|upkeep
|turn|13
|
|t:|1743785544
|switch|p1a: Corviknight|Corviknight, F, shiny|100/100
|-ability|p1a: Corviknight|Pressure
|move|p2a: glegle|Infestation|p1a: Corviknight
|-resisted|p1a: Corviknight
|-damage|p1a: Corviknight|99/100
|-activate|p1a: Corviknight|move: Infestation|[of] p2a: glegle
|-damage|p2a: glegle|84/100|[from] item: Rocky Helmet|[of] p1a: Corviknight
|
|-damage|p1a: Corviknight|88/100|[from] move: Infestation|[partiallytrapped]
|upkeep
|turn|14
|
|t:|1743785566
|switch|p2a: derpy burp|Quagsire, F|100/100
|move|p1a: Corviknight|U-turn|p2a: derpy burp
|-damage|p2a: derpy burp|90/100
|
|t:|1743785569
|switch|p1a: Pecharunt|Pecharunt|100/100|[from] U-turn
|
|upkeep
|turn|15
|
|t:|1743785581
|move|p1a: Pecharunt|Malignant Chain|p2a: derpy burp
|-resisted|p2a: derpy burp
|-damage|p2a: derpy burp|64/100
|-status|p2a: derpy burp|tox
|-start|p2a: derpy burp|confusion|[from] ability: Poison Puppeteer|[of] p1a: Pecharunt
|-activate|p2a: derpy burp|confusion
|move|p2a: derpy burp|Toxic Spikes|p1a: Pecharunt
|-sidestart|p1: Cattleya1|move: Toxic Spikes
|
|-damage|p2a: derpy burp|58/100 tox|[from] psn
|upkeep
|turn|16
|
|t:|1743785591
|move|p1a: Pecharunt|Parting Shot|p2a: derpy burp
|-unboost|p2a: derpy burp|atk|1
|-unboost|p2a: derpy burp|spa|1
|
|t:|1743785593
|switch|p1a: Corviknight|Corviknight, F, shiny|88/100|[from] Parting Shot
|-ability|p1a: Corviknight|Pressure
|-end|p2a: derpy burp|confusion
|move|p2a: derpy burp|Whirlpool|p1a: Corviknight
|-damage|p1a: Corviknight|82/100
|-activate|p1a: Corviknight|move: Whirlpool|[of] p2a: derpy burp
|
|-damage|p2a: derpy burp|46/100 tox|[from] psn
|-damage|p1a: Corviknight|66/100|[from] move: Whirlpool|[partiallytrapped]
|upkeep
|turn|17
|
|t:|1743785608
|move|p1a: Corviknight|U-turn|p2a: derpy burp
|-damage|p2a: derpy burp|36/100 tox
|
|t:|1743785610
|switch|p1a: Pecharunt|Pecharunt|100/100|[from] U-turn
|-sideend|p1: Cattleya1|move: Toxic Spikes|[of] p1a: Pecharunt
|move|p2a: derpy burp|Recover|p2a: derpy burp
|-heal|p2a: derpy burp|86/100 tox
|
|-damage|p2a: derpy burp|68/100 tox|[from] psn
|upkeep
|turn|18
|
|t:|1743785615
|move|p1a: Pecharunt|Shadow Ball|p2a: derpy burp
|-damage|p2a: derpy burp|26/100 tox
|-unboost|p2a: derpy burp|spd|1
|move|p2a: derpy burp|Whirlpool|p1a: Pecharunt
|-damage|p1a: Pecharunt|95/100
|-activate|p1a: Pecharunt|move: Whirlpool|[of] p2a: derpy burp
|
|-heal|p1a: Pecharunt|100/100|[from] item: Black Sludge
|-damage|p2a: derpy burp|1/100 tox|[from] psn
|-damage|p1a: Pecharunt|84/100|[from] move: Whirlpool|[partiallytrapped]
|upkeep
|turn|19
|
|t:|1743785626
|move|p1a: Pecharunt|Malignant Chain|p2a: derpy burp
|-resisted|p2a: derpy burp
|-damage|p2a: derpy burp|0 fnt
|faint|p2a: derpy burp
|
|-heal|p1a: Pecharunt|90/100|[from] item: Black Sludge
|-end|p1a: Pecharunt|Whirlpool|[partiallytrapped]|[silent]
|upkeep
|
|t:|1743785629
|switch|p2a: critter skitter|Hoopa-Unbound|100/100
|turn|20
|
|t:|1743785632
|switch|p1a: Corviknight|Corviknight, F, shiny|66/100
|-ability|p1a: Corviknight|Pressure
|move|p2a: critter skitter|Trick Room|p2a: critter skitter
|-fieldstart|move: Trick Room|[of] p2a: critter skitter
|
|upkeep
|turn|21
|
|t:|1743785644
|switch|p2a: the destroyer|Rampardos, F|100/100
|move|p1a: Corviknight|U-turn|p2a: the destroyer
|-damage|p2a: the destroyer|83/100
|
|t:|1743785648
|switch|p1a: Conkeldurr|Conkeldurr, M, shiny|100/100|[from] U-turn
|
|upkeep
|turn|22
|
|t:|1743785655
|switch|p1a: Corviknight|Corviknight, F, shiny|66/100
|-ability|p1a: Corviknight|Pressure
|move|p2a: the destroyer|Outrage|p1a: Corviknight
|-resisted|p1a: Corviknight
|-damage|p1a: Corviknight|40/100
|-damage|p2a: the destroyer|66/100|[from] item: Rocky Helmet|[of] p1a: Corviknight
|
|upkeep
|turn|23
|-message|chewfive forfeited.
|
|win|Cattleya1
|raw|Cattleya1's rating: 1255 &rarr; <strong>1280</strong><br />(+25 for winning)
|raw|chewfive's rating: 1260 &rarr; <strong>1235</strong><br />(-25 for losing)
|l|☆chewfive
|player|p2|
|l|☆Cattleya1
|player|p1|
