|j|☆johnnyranking
|j|☆arj.uno
|t:|1743871324
|gametype|singles
|player|p1|johnnyranking|265|1210
|player|p2|arj.uno|doctor|1212
|teamsize|p1|6
|teamsize|p2|6
|gen|9
|tier|[Gen 9] OU
|rated|
|rule|HP Percentage Mod: HP is shown in percentages
|rule|Endless Battle Clause: Forcing endless battles is banned
|rule|Species Clause: Limit one of each Pokémon
|rule|OHKO Clause: OHKO moves are banned
|rule|Evasion Items Clause: Evasion items are banned
|rule|Evasion Moves Clause: Evasion moves are banned
|rule|Sleep Moves Clause: Sleep-inducing moves are banned
|clearpoke
|poke|p1|Blissey, F|
|poke|p1|Electrode-Hisui|
|poke|p1|Gliscor, M|
|poke|p1|Kyurem|
|poke|p1|Revavroom, M|
|poke|p1|Zamazenta-*|
|poke|p2|Serperior, M|
|poke|p2|Quaquaval, F|
|poke|p2|Clefable, F|
|poke|p2|Tauros, M|
|poke|p2|Heracross, M|
|poke|p2|Skeledirge, F|
|teampreview
|inactive|Battle timer is ON: inactive players will automatically lose when time's up. (requested by arj.uno)
|
|t:|1743871339
|start
|switch|p1a: Century Egg|Electrode-Hisui, shiny|100/100
|switch|p2a: Skeledirge|Skeledirge, F|100/100
|turn|1
|
|t:|1743871347
|move|p1a: Century Egg|Volt Switch|p2a: Skeledirge
|-damage|p2a: Skeledirge|67/100
|
|t:|1743871358
|switch|p1a: Blue Steamed Crab|Gliscor, M, shiny|100/100|[from] Volt Switch
|move|p2a: Skeledirge|Torch Song|p1a: Blue Steamed Crab
|-damage|p1a: Blue Steamed Crab|63/100
|-boost|p2a: Skeledirge|spa|1
|
|-heal|p2a: Skeledirge|74/100|[from] item: Leftovers
|-status|p1a: Blue Steamed Crab|tox|[from] item: Toxic Orb
|upkeep
|turn|2
|
|t:|1743871373
|-terastallize|p2a: Skeledirge|Fairy
|move|p1a: Blue Steamed Crab|Earthquake|p2a: Skeledirge
|-damage|p2a: Skeledirge|47/100
|move|p2a: Skeledirge|Shadow Ball|p1a: Blue Steamed Crab
|-damage|p1a: Blue Steamed Crab|0 fnt
|faint|p1a: Blue Steamed Crab
|
|-heal|p2a: Skeledirge|53/100|[from] item: Leftovers
|upkeep
|
|t:|1743871391
|switch|p1a: Pica Dream|Revavroom, M, shiny|100/100
|-item|p1a: Pica Dream|Air Balloon
|turn|3
|
|t:|1743871398
|move|p1a: Pica Dream|Shift Gear|p1a: Pica Dream
|-boost|p1a: Pica Dream|spe|2
|-boost|p1a: Pica Dream|atk|1
|move|p2a: Skeledirge|Torch Song|p1a: Pica Dream
|-supereffective|p1a: Pica Dream
|-damage|p1a: Pica Dream|3/100
|-boost|p2a: Skeledirge|spa|1
|-enditem|p1a: Pica Dream|Air Balloon
|
|-heal|p2a: Skeledirge|59/100|[from] item: Leftovers
|upkeep
|turn|4
|
|t:|1743871412
|switch|p2a: Tauros|Tauros, M|100/100
|move|p1a: Pica Dream|Temper Flare|p2a: Tauros
|-damage|p2a: Tauros|54/100
|
|upkeep
|turn|5
|
|t:|1743871421
|move|p1a: Pica Dream|High Horsepower|p2a: Tauros
|-damage|p2a: Tauros|0 fnt
|faint|p2a: Tauros
|
|upkeep
|
|t:|1743871427
|switch|p2a: Serperior|Serperior, M|100/100
|turn|6
|
|t:|1743871432
|move|p1a: Pica Dream|Temper Flare|p2a: Serperior
|-supereffective|p2a: Serperior
|-damage|p2a: Serperior|4/100
|move|p2a: Serperior|Leaf Storm|p1a: Pica Dream
|-resisted|p1a: Pica Dream
|-damage|p1a: Pica Dream|0 fnt
|-boost|p2a: Serperior|spa|2
|faint|p1a: Pica Dream
|
|-heal|p2a: Serperior|10/100|[from] item: Leftovers
|upkeep
|
|t:|1743871451
|switch|p1a: Century Egg|Electrode-Hisui, shiny|100/100
|turn|7
|
|t:|1743871463
|switch|p2a: Clefable|Clefable, F|100/100
|move|p1a: Century Egg|Leaf Storm|p2a: Clefable
|-damage|p2a: Clefable|39/100
|-unboost|p1a: Century Egg|spa|2
|
|-heal|p2a: Clefable|45/100|[from] item: Leftovers
|upkeep
|turn|8
|
|t:|1743871486
|switch|p1a: Frozen Chicken|Kyurem, shiny|100/100
|-ability|p1a: Frozen Chicken|Pressure
|move|p2a: Clefable|Thunder Wave|p1a: Frozen Chicken
|-status|p1a: Frozen Chicken|par
|
|-heal|p2a: Clefable|51/100|[from] item: Leftovers
|upkeep
|turn|9
|
|t:|1743871501
|move|p1a: Frozen Chicken|Ice Beam|p2a: Clefable
|-damage|p2a: Clefable|0 fnt
|faint|p2a: Clefable
|
|upkeep
|
|t:|1743871506
|switch|p2a: Quaquaval|Quaquaval, F|100/100
|turn|10
|
|t:|1743871513
|switch|p1a: Bosintang|Zamazenta, shiny|100/100
|-ability|p1a: Bosintang|Dauntless Shield|boost
|-boost|p1a: Bosintang|def|1
|move|p2a: Quaquaval|Aqua Step|p1a: Bosintang
|-damage|p1a: Bosintang|82/100
|-boost|p2a: Quaquaval|spe|1
|
|-heal|p1a: Bosintang|88/100|[from] item: Leftovers
|upkeep
|turn|11
|
|t:|1743871533
|switch|p2a: Skeledirge|Skeledirge, F, tera:Fairy|59/100
|move|p1a: Bosintang|Iron Defense|p1a: Bosintang
|-boost|p1a: Bosintang|def|2
|
|-heal|p1a: Bosintang|94/100|[from] item: Leftovers
|-heal|p2a: Skeledirge|65/100|[from] item: Leftovers
|upkeep
|turn|12
|
|t:|1743871549
|-terastallize|p1a: Bosintang|Dark
|move|p1a: Bosintang|Crunch|p2a: Skeledirge
|-resisted|p2a: Skeledirge
|-damage|p2a: Skeledirge|54/100
|-unboost|p2a: Skeledirge|def|1
|move|p2a: Skeledirge|Alluring Voice|p1a: Bosintang
|-supereffective|p1a: Bosintang
|-damage|p1a: Bosintang|44/100
|
|-heal|p1a: Bosintang|50/100|[from] item: Leftovers
|-heal|p2a: Skeledirge|60/100|[from] item: Leftovers
|upkeep
|turn|13
|c|☆johnnyranking|wait im so stupid
|inactive|johnnyranking has 120 seconds left.
|c|☆johnnyranking|i thought dark was super effecfive against fairy lmao
|
|t:|1743871580
|move|p1a: Bosintang|Body Press|p2a: Skeledirge
|-resisted|p2a: Skeledirge
|-damage|p2a: Skeledirge|40/100
|move|p2a: Skeledirge|Alluring Voice|p1a: Bosintang
|-supereffective|p1a: Bosintang
|-damage|p1a: Bosintang|0 fnt
|faint|p1a: Bosintang
|
|-heal|p2a: Skeledirge|46/100|[from] item: Leftovers
|upkeep
|c|☆johnnyranking|well im screwed
|
|t:|1743871595
|switch|p1a: Century Egg|Electrode-Hisui, shiny|100/100
|turn|14
|
|t:|1743871617
|move|p1a: Century Egg|Leaf Storm|p2a: Skeledirge
|-damage|p2a: Skeledirge|0 fnt
|-unboost|p1a: Century Egg|spa|2
|faint|p2a: Skeledirge
|
|upkeep
|
|t:|1743871623
|switch|p2a: Quaquaval|Quaquaval, F|100/100
|turn|15
|
|t:|1743871629
|switch|p1a: Frozen Chicken|Kyurem, shiny|100/100 par
|-ability|p1a: Frozen Chicken|Pressure
|move|p2a: Quaquaval|Triple Axel|p1a: Frozen Chicken|[miss]
|-miss|p2a: Quaquaval|p1a: Frozen Chicken
|
|upkeep
|turn|16
|
|t:|1743871640
|move|p2a: Quaquaval|Close Combat|p1a: Frozen Chicken
|-supereffective|p1a: Frozen Chicken
|-damage|p1a: Frozen Chicken|0 fnt
|-unboost|p2a: Quaquaval|def|1
|-unboost|p2a: Quaquaval|spd|1
|faint|p1a: Frozen Chicken
|-ability|p2a: Quaquaval|Moxie|boost
|-boost|p2a: Quaquaval|atk|1
|
|upkeep
|
|t:|1743871650
|switch|p1a: Century Egg|Electrode-Hisui, shiny|100/100
|turn|17
|
|t:|1743871659
|switch|p2a: Serperior|Serperior, M|10/100
|move|p1a: Century Egg|Volt Switch|p2a: Serperior
|-resisted|p2a: Serperior
|-damage|p2a: Serperior|0 fnt
|faint|p2a: Serperior
|
|t:|1743871666
|switch|p1a: Bubblegum|Blissey, F, shiny|100/100|[from] Volt Switch
|
|upkeep
|
|t:|1743871671
|switch|p2a: Quaquaval|Quaquaval, F|100/100
|turn|18
|
|t:|1743871676
|switch|p2a: Heracross|Heracross, M|100/100
|move|p1a: Bubblegum|Thunder Wave|p2a: Heracross
|-status|p2a: Heracross|par
|
|upkeep
|turn|19
|
|t:|1743871688
|switch|p1a: Century Egg|Electrode-Hisui, shiny|100/100
|move|p2a: Heracross|Megahorn|p1a: Century Egg
|-supereffective|p1a: Century Egg
|-damage|p1a: Century Egg|0 fnt
|-damage|p2a: Heracross|76/100 par|[from] ability: Aftermath|[of] p1a: Century Egg
|faint|p1a: Century Egg
|
|upkeep
|
|t:|1743871697
|switch|p1a: Bubblegum|Blissey, F, shiny|100/100
|turn|20
|
|t:|1743871702
|cant|p2a: Heracross|par
|move|p1a: Bubblegum|Seismic Toss|p2a: Heracross
|-damage|p2a: Heracross|42/100 par
|
|upkeep
|turn|21
|
|t:|1743871709
|move|p2a: Heracross|Close Combat|p1a: Bubblegum
|-supereffective|p1a: Bubblegum
|-damage|p1a: Bubblegum|0 fnt
|-unboost|p2a: Heracross|def|1
|-unboost|p2a: Heracross|spd|1
|faint|p1a: Bubblegum
|
|win|arj.uno
|raw|johnnyranking's rating: 1210 &rarr; <strong>1183</strong><br />(-27 for losing)
|raw|arj.uno's rating: 1184 &rarr; <strong>1211</strong><br />(+27 for winning)
|l|☆arj.uno
|player|p2|
|l|☆johnnyranking
|player|p1|
|j|☆johnnyranking
|player|p1|johnnyranking|265|
|l|☆johnnyranking
|player|p1|
