|j|☆Hardencongafas
|j|☆Flinchouille
|t:|1743778867
|gametype|singles
|player|p1|Hardencongafas|1|1293
|player|p2|Flinchouille|hugh|1293
|teamsize|p1|6
|teamsize|p2|6
|gen|9
|tier|[Gen 9] OU
|rated|
|rule|HP Percentage Mod: HP is shown in percentages
|rule|Endless Battle Clause: Forcing endless battles is banned
|rule|Species Clause: Limit one of each Pokémon
|rule|OHKO Clause: OHKO moves are banned
|rule|Evasion Items Clause: Evasion items are banned
|rule|Evasion Moves Clause: Evasion moves are banned
|rule|Sleep Moves Clause: Sleep-inducing moves are banned
|clearpoke
|poke|p1|Iron Treads|
|poke|p1|Emboar, F|
|poke|p1|Primarina, F|
|poke|p1|Corviknight, F|
|poke|p1|Landorus-Therian, M|
|poke|p1|Hydreigon, M|
|poke|p2|Goodra-Hisui, F|
|poke|p2|Alomomola, F|
|poke|p2|Sinistcha|
|poke|p2|Ting-Lu|
|poke|p2|Zamazenta-*|
|poke|p2|Scizor, F|
|teampreview
|inactive|Battle timer is ON: inactive players will automatically lose when time's up. (requested by Hardencongafas)
|
|t:|1743778889
|start
|switch|p1a: Emboar|Emboar, F, shiny|100/100
|switch|p2a: Goodra|Goodra-Hisui, F, shiny|100/100
|turn|1
|
|t:|1743778917
|switch|p2a: Alomomola|Alomomola, F|100/100
|move|p1a: Emboar|Close Combat|p2a: Alomomola
|-damage|p2a: Alomomola|51/100
|-unboost|p1a: Emboar|def|1
|-unboost|p1a: Emboar|spd|1
|-damage|p1a: Emboar|91/100|[from] item: Life Orb
|
|upkeep
|turn|2
|
|t:|1743778925
|move|p1a: Emboar|Grass Knot|p2a: Alomomola
|-supereffective|p2a: Alomomola
|-damage|p2a: Alomomola|20/100
|-damage|p1a: Emboar|81/100|[from] item: Life Orb
|move|p2a: Alomomola|Flip Turn|p1a: Emboar
|-supereffective|p1a: Emboar
|-damage|p1a: Emboar|19/100
|inactive|Flinchouille has 120 seconds left.
|
|t:|1743778961
|switch|p2a: Scizor|Scizor, F|100/100|[from] Flip Turn
|
|upkeep
|turn|3
|
|t:|1743778966
|move|p2a: Scizor|Bullet Punch|p1a: Emboar
|-resisted|p1a: Emboar
|-damage|p1a: Emboar|0 fnt
|faint|p1a: Emboar
|
|upkeep
|
|t:|1743778972
|switch|p1a: Corviknight|Corviknight, F|100/100
|-ability|p1a: Corviknight|Pressure
|turn|4
|
|t:|1743778978
|switch|p2a: Goodra|Goodra-Hisui, F, shiny|100/100
|move|p1a: Corviknight|Iron Defense|p1a: Corviknight
|-boost|p1a: Corviknight|def|2
|
|upkeep
|turn|5
|
|t:|1743778986
|move|p1a: Corviknight|Body Press|p2a: Goodra
|-supereffective|p2a: Goodra
|-damage|p2a: Goodra|10/100
|-ability|p2a: Goodra|Gooey
|-unboost|p1a: Corviknight|spe|1
|move|p2a: Goodra|Dragon Tail|p1a: Corviknight
|-resisted|p1a: Corviknight
|-damage|p1a: Corviknight|97/100
|-damage|p2a: Goodra|0 fnt|[from] item: Rocky Helmet|[of] p1a: Corviknight
|faint|p2a: Goodra
|drag|p1a: Iron Treads|Iron Treads|100/100
|
|upkeep
|
|t:|1743779004
|switch|p2a: Zamazenta|Zamazenta|100/100
|-ability|p2a: Zamazenta|Dauntless Shield|boost
|-boost|p2a: Zamazenta|def|1
|turn|6
|
|t:|1743779016
|-end|p1a: Iron Treads|Quark Drive|[silent]
|switch|p1a: Primarina|Primarina, F|100/100
|move|p2a: Zamazenta|Body Press|p1a: Primarina
|-resisted|p1a: Primarina
|-damage|p1a: Primarina|70/100
|
|upkeep
|turn|7
|
|t:|1743779028
|switch|p2a: Scizor|Scizor, F|100/100
|move|p1a: Primarina|Moonblast|p2a: Scizor
|-resisted|p2a: Scizor
|-damage|p2a: Scizor|68/100
|
|upkeep
|turn|8
|
|t:|1743779037
|switch|p1a: Corviknight|Corviknight, F|97/100
|-ability|p1a: Corviknight|Pressure
|move|p2a: Scizor|U-turn|p1a: Corviknight
|-resisted|p1a: Corviknight
|-damage|p1a: Corviknight|88/100
|-damage|p2a: Scizor|51/100|[from] item: Rocky Helmet|[of] p1a: Corviknight
|inactive|Flinchouille has 120 seconds left.
|
|t:|1743779064
|switch|p2a: Zamazenta|Zamazenta|100/100|[from] U-turn
|
|upkeep
|turn|9
|inactive|Flinchouille has 120 seconds left.
|l|☆Hardencongafas
|inactive|Hardencongafas disconnected and has a minute to reconnect!
|player|p1|
|j|☆Hardencongafas
|inactive|Hardencongafas reconnected and has 120 seconds left.
|player|p1|Hardencongafas|1|
|
|t:|1743779100
|move|p2a: Zamazenta|Iron Defense|p2a: Zamazenta
|-boost|p2a: Zamazenta|def|2
|move|p1a: Corviknight|U-turn|p2a: Zamazenta
|-resisted|p2a: Zamazenta
|-damage|p2a: Zamazenta|98/100
|
|t:|1743779102
|switch|p1a: Primarina|Primarina, F|70/100|[from] U-turn
|
|upkeep
|turn|10
|
|t:|1743779111
|-terastallize|p2a: Zamazenta|Fire
|move|p2a: Zamazenta|Iron Defense|p2a: Zamazenta
|-boost|p2a: Zamazenta|def|2
|move|p1a: Primarina|Moonblast|p2a: Zamazenta
|-resisted|p2a: Zamazenta
|-damage|p2a: Zamazenta|72/100
|
|upkeep
|turn|11
|
|t:|1743779119
|move|p2a: Zamazenta|Body Press|p1a: Primarina
|-resisted|p1a: Primarina
|-damage|p1a: Primarina|9/100
|move|p1a: Primarina|Surf|p2a: Zamazenta
|-supereffective|p2a: Zamazenta
|-damage|p2a: Zamazenta|0 fnt
|faint|p2a: Zamazenta
|
|upkeep
|
|t:|1743779127
|switch|p2a: Scizor|Scizor, F|51/100
|turn|12
|
|t:|1743779131
|switch|p1a: Corviknight|Corviknight, F|88/100
|-ability|p1a: Corviknight|Pressure
|move|p2a: Scizor|U-turn|p1a: Corviknight
|-resisted|p1a: Corviknight
|-damage|p1a: Corviknight|79/100
|-damage|p2a: Scizor|35/100|[from] item: Rocky Helmet|[of] p1a: Corviknight
|
|t:|1743779136
|switch|p2a: Sinistcha|Sinistcha|100/100|[from] U-turn
|
|upkeep
|turn|13
|
|t:|1743779142
|move|p2a: Sinistcha|Calm Mind|p2a: Sinistcha
|-boost|p2a: Sinistcha|spa|1
|-boost|p2a: Sinistcha|spd|1
|move|p1a: Corviknight|U-turn|p2a: Sinistcha
|-damage|p2a: Sinistcha|90/100
|
|t:|1743779146
|switch|p1a: Hydreigon|Hydreigon, M|100/100|[from] U-turn
|
|upkeep
|turn|14
|
|t:|1743779152
|move|p1a: Hydreigon|Dark Pulse|p2a: Sinistcha
|-supereffective|p2a: Sinistcha
|-damage|p2a: Sinistcha|0 fnt
|faint|p2a: Sinistcha
|
|upkeep
|
|t:|1743779158
|switch|p2a: Scizor|Scizor, F|35/100
|turn|15
|
|t:|1743779167
|switch|p1a: Corviknight|Corviknight, F|79/100
|-ability|p1a: Corviknight|Pressure
|move|p2a: Scizor|Bullet Punch|p1a: Corviknight
|-resisted|p1a: Corviknight
|-damage|p1a: Corviknight|65/100
|-damage|p2a: Scizor|18/100|[from] item: Rocky Helmet|[of] p1a: Corviknight
|
|upkeep
|turn|16
|-message|Flinchouille forfeited.
|
|win|Hardencongafas
|raw|Hardencongafas's rating: 1293 &rarr; <strong>1318</strong><br />(+25 for winning)
|raw|Flinchouille's rating: 1293 &rarr; <strong>1268</strong><br />(-25 for losing)
|l|☆Flinchouille
|player|p2|
|l|☆Hardencongafas
|player|p1|
