|j|☆Service Third
|j|☆fmgzcam
|t:|1743908432
|gametype|singles
|player|p1|Service Third|caitlin|1326
|player|p2|fmgzcam|1|1397
|teamsize|p1|6
|teamsize|p2|6
|gen|9
|tier|[Gen 9] OU
|rated|
|rule|HP Percentage Mod: HP is shown in percentages
|rule|Endless Battle Clause: Forcing endless battles is banned
|rule|Species Clause: Limit one of each Pokémon
|rule|OHKO Clause: OHKO moves are banned
|rule|Evasion Items Clause: Evasion items are banned
|rule|Evasion Moves Clause: Evasion moves are banned
|rule|Sleep Moves Clause: Sleep-inducing moves are banned
|clearpoke
|poke|p1|Walking Wake|
|poke|p1|Hatterene, F|
|poke|p1|Leavanny, M|
|poke|p1|Slither Wing|
|poke|p1|Torkoal, M|
|poke|p1|Ceruledge, M|
|poke|p2|Iron Valiant|
|poke|p2|Blaziken, M|
|poke|p2|Great Tusk|
|poke|p2|Keldeo-Resolute|
|poke|p2|Slither Wing|
|poke|p2|Terrakion|
|teampreview
|inactive|Battle timer is ON: inactive players will automatically lose when time's up. (requested by Service Third)
|
|t:|1743908466
|start
|switch|p1a: Torkoal|Torkoal, M|100/100
|switch|p2a: Iron Valiant|Iron Valiant|100/100
|-weather|SunnyDay|[from] ability: Drought|[of] p1a: Torkoal
|-enditem|p2a: Iron Valiant|Booster Energy
|-activate|p2a: Iron Valiant|ability: Quark Drive|[fromitem]
|-start|p2a: Iron Valiant|quarkdrivespe
|turn|1
|
|t:|1743908480
|move|p2a: Iron Valiant|Destiny Bond|p2a: Iron Valiant
|-singlemove|p2a: Iron Valiant|Destiny Bond
|move|p1a: Torkoal|Will-O-Wisp|p2a: Iron Valiant
|-status|p2a: Iron Valiant|brn
|
|-weather|SunnyDay|[upkeep]
|-damage|p2a: Iron Valiant|94/100 brn|[from] brn
|upkeep
|turn|2
|
|t:|1743908499
|switch|p1a: Ceruledge|Ceruledge, M|100/100
|move|p2a: Iron Valiant|Focus Blast|p1a: Ceruledge
|-immune|p1a: Ceruledge
|
|-weather|SunnyDay|[upkeep]
|-damage|p2a: Iron Valiant|88/100 brn|[from] brn
|upkeep
|turn|3
|
|t:|1743908510
|-end|p2a: Iron Valiant|Quark Drive|[silent]
|switch|p2a: Terrakion|Terrakion|100/100
|move|p1a: Ceruledge|Swords Dance|p1a: Ceruledge
|-boost|p1a: Ceruledge|atk|2
|
|-weather|SunnyDay|[upkeep]
|upkeep
|turn|4
|
|t:|1743908519
|move|p2a: Terrakion|Earthquake|p1a: Ceruledge
|-supereffective|p1a: Ceruledge
|-damage|p1a: Ceruledge|9/100
|-ability|p1a: Ceruledge|Weak Armor|boost
|-unboost|p1a: Ceruledge|def|1
|-boost|p1a: Ceruledge|spe|2
|move|p1a: Ceruledge|Solar Blade||[still]
|-prepare|p1a: Ceruledge|Solar Blade
|-anim|p1a: Ceruledge|Solar Blade|p2a: Terrakion
|-supereffective|p2a: Terrakion
|-enditem|p2a: Terrakion|Focus Sash
|-damage|p2a: Terrakion|1/100
|
|-weather|SunnyDay|[upkeep]
|upkeep
|turn|5
|
|t:|1743908523
|move|p1a: Ceruledge|Shadow Sneak|p2a: Terrakion
|-damage|p2a: Terrakion|0 fnt
|faint|p2a: Terrakion
|
|-weather|SunnyDay|[upkeep]
|upkeep
|
|t:|1743908535
|switch|p2a: Slither Wing|Slither Wing|100/100
|-activate|p2a: Slither Wing|ability: Protosynthesis
|-start|p2a: Slither Wing|protosynthesisatk
|turn|6
|
|t:|1743908538
|switch|p1a: Torkoal|Torkoal, M|100/100
|move|p2a: Slither Wing|First Impression|p1a: Torkoal
|-resisted|p1a: Torkoal
|-damage|p1a: Torkoal|83/100
|
|-weather|SunnyDay|[upkeep]
|upkeep
|turn|7
|
|t:|1743908552
|move|p2a: Slither Wing|Close Combat|p1a: Torkoal
|-damage|p1a: Torkoal|35/100
|-unboost|p2a: Slither Wing|def|1
|-unboost|p2a: Slither Wing|spd|1
|move|p1a: Torkoal|Will-O-Wisp|p2a: Slither Wing
|-status|p2a: Slither Wing|brn
|
|-weather|SunnyDay|[upkeep]
|-damage|p2a: Slither Wing|94/100 brn|[from] brn
|upkeep
|turn|8
|
|t:|1743908557
|switch|p1a: Hatterene|Hatterene, F|100/100
|move|p2a: Slither Wing|Close Combat|p1a: Hatterene
|-resisted|p1a: Hatterene
|-damage|p1a: Hatterene|91/100
|-unboost|p2a: Slither Wing|def|1
|-unboost|p2a: Slither Wing|spd|1
|-enditem|p1a: Hatterene|Eject Button
|
|t:|1743908584
|switch|p1a: Walking Wake|Walking Wake|100/100
|-activate|p1a: Walking Wake|ability: Protosynthesis
|-start|p1a: Walking Wake|protosynthesisspa
|
|-weather|none
|-end|p1a: Walking Wake|Protosynthesis
|-end|p2a: Slither Wing|Protosynthesis
|-damage|p2a: Slither Wing|88/100 brn|[from] brn
|upkeep
|turn|9
|
|t:|1743908599
|move|p1a: Walking Wake|Flip Turn|p2a: Slither Wing
|-damage|p2a: Slither Wing|45/100 brn
|
|t:|1743908602
|-end|p1a: Walking Wake|Protosynthesis|[silent]
|switch|p1a: Torkoal|Torkoal, M|35/100|[from] Flip Turn
|-weather|SunnyDay|[from] ability: Drought|[of] p1a: Torkoal
|-activate|p2a: Slither Wing|ability: Protosynthesis
|-start|p2a: Slither Wing|protosynthesisatk
|move|p2a: Slither Wing|Facade|p1a: Torkoal
|-damage|p1a: Torkoal|0 fnt
|faint|p1a: Torkoal
|
|-weather|SunnyDay|[upkeep]
|-damage|p2a: Slither Wing|39/100 brn|[from] brn
|upkeep
|
|t:|1743908609
|switch|p1a: Walking Wake|Walking Wake|100/100
|-activate|p1a: Walking Wake|ability: Protosynthesis
|-start|p1a: Walking Wake|protosynthesisspa
|turn|10
|
|t:|1743908614
|move|p1a: Walking Wake|Hydro Steam|p2a: Slither Wing
|-damage|p2a: Slither Wing|0 fnt
|faint|p2a: Slither Wing
|-end|p2a: Slither Wing|Protosynthesis|[silent]
|
|-weather|SunnyDay|[upkeep]
|upkeep
|
|t:|1743908636
|switch|p2a: Keldeo|Keldeo-Resolute|100/100
|turn|11
|
|t:|1743908646
|-end|p1a: Walking Wake|Protosynthesis|[silent]
|switch|p1a: Leavanny|Leavanny, M|100/100
|move|p2a: Keldeo|Secret Sword|p1a: Leavanny
|-resisted|p1a: Leavanny
|-damage|p1a: Leavanny|63/100
|
|-weather|SunnyDay|[upkeep]
|upkeep
|turn|12
|
|t:|1743908650
|switch|p2a: Iron Valiant|Iron Valiant|88/100 brn
|move|p1a: Leavanny|Leaf Storm|p2a: Iron Valiant
|-damage|p2a: Iron Valiant|20/100 brn
|-unboost|p1a: Leavanny|spa|2
|-enditem|p1a: Leavanny|Eject Pack
|
|t:|1743908664
|switch|p1a: Ceruledge|Ceruledge, M|9/100
|
|-weather|SunnyDay|[upkeep]
|-damage|p2a: Iron Valiant|14/100 brn|[from] brn
|upkeep
|turn|13
|
|t:|1743908672
|move|p1a: Ceruledge|Shadow Sneak|p2a: Iron Valiant
|-damage|p2a: Iron Valiant|0 fnt
|faint|p2a: Iron Valiant
|-end|p2a: Iron Valiant|Quark Drive|[silent]
|
|-weather|SunnyDay|[upkeep]
|upkeep
|
|t:|1743908680
|switch|p2a: Keldeo|Keldeo-Resolute|100/100
|turn|14
|
|t:|1743908688
|move|p2a: Keldeo|Air Slash|p1a: Ceruledge
|-damage|p1a: Ceruledge|0 fnt
|faint|p1a: Ceruledge
|
|-weather|SunnyDay|[upkeep]
|upkeep
|
|t:|1743908690
|switch|p1a: Leavanny|Leavanny, M|63/100
|turn|15
|
|t:|1743908696
|-terastallize|p2a: Keldeo|Fire
|move|p1a: Leavanny|Leaf Storm|p2a: Keldeo
|-resisted|p2a: Keldeo
|-damage|p2a: Keldeo|77/100
|-unboost|p1a: Leavanny|spa|2
|move|p2a: Keldeo|Air Slash|p1a: Leavanny
|-supereffective|p1a: Leavanny
|-damage|p1a: Leavanny|0 fnt
|faint|p1a: Leavanny
|
|-weather|SunnyDay|[upkeep]
|upkeep
|
|t:|1743908701
|switch|p1a: Walking Wake|Walking Wake|100/100
|-activate|p1a: Walking Wake|ability: Protosynthesis
|-start|p1a: Walking Wake|protosynthesisspa
|turn|16
|
|t:|1743908717
|switch|p2a: Blaziken|Blaziken, M|100/100
|move|p1a: Walking Wake|Hydro Steam|p2a: Blaziken
|-supereffective|p2a: Blaziken
|-damage|p2a: Blaziken|0 fnt
|faint|p2a: Blaziken
|
|-weather|none
|-end|p1a: Walking Wake|Protosynthesis
|upkeep
|
|t:|1743908726
|switch|p2a: Keldeo|Keldeo-Resolute, tera:Fire|77/100
|turn|17
|
|t:|1743908733
|move|p2a: Keldeo|Air Slash|p1a: Walking Wake
|-damage|p1a: Walking Wake|65/100
|move|p1a: Walking Wake|Hydro Steam|p2a: Keldeo
|-supereffective|p2a: Keldeo
|-damage|p2a: Keldeo|0 fnt
|faint|p2a: Keldeo
|
|upkeep
|
|t:|1743908736
|switch|p2a: Great Tusk|Great Tusk|100/100
|-enditem|p2a: Great Tusk|Booster Energy
|-activate|p2a: Great Tusk|ability: Protosynthesis|[fromitem]
|-start|p2a: Great Tusk|protosynthesisspe
|turn|18
|
|t:|1743908744
|move|p2a: Great Tusk|Headlong Rush|p1a: Walking Wake
|-damage|p1a: Walking Wake|13/100
|-unboost|p2a: Great Tusk|def|1
|-unboost|p2a: Great Tusk|spd|1
|move|p1a: Walking Wake|Hydro Steam|p2a: Great Tusk
|-supereffective|p2a: Great Tusk
|-damage|p2a: Great Tusk|0 fnt
|faint|p2a: Great Tusk
|-end|p2a: Great Tusk|Protosynthesis|[silent]
|
|win|Service Third
|raw|Service Third's rating: 1326 &rarr; <strong>1350</strong><br />(+24 for winning)
|raw|fmgzcam's rating: 1397 &rarr; <strong>1373</strong><br />(-24 for losing)
|l|☆Service Third
|player|p1|
