|j|☆fearmyball
|j|☆reg43egr
|t:|1743896158
|gametype|singles
|player|p1|fearmyball|gambler|1068
|player|p2|reg43egr|1|1085
|teamsize|p1|6
|teamsize|p2|6
|gen|9
|tier|[Gen 9] OU
|rated|
|rule|HP Percentage Mod: HP is shown in percentages
|rule|Endless Battle Clause: Forcing endless battles is banned
|rule|Species Clause: Limit one of each Pokémon
|rule|OHKO Clause: OHKO moves are banned
|rule|Evasion Items Clause: Evasion items are banned
|rule|Evasion Moves Clause: Evasion moves are banned
|rule|Sleep Moves Clause: Sleep-inducing moves are banned
|clearpoke
|poke|p1|Ting-Lu|
|poke|p1|Gliscor, F|
|poke|p1|Sinistcha|
|poke|p1|Keldeo|
|poke|p1|Tinkaton, F|
|poke|p1|Dragonite, M|
|poke|p2|Quagsire, M|
|poke|p2|Blissey, F|
|poke|p2|Toxapex, M|
|poke|p2|Sinistcha|
|poke|p2|Gliscor, M|
|poke|p2|Corviknight, F|
|teampreview
|
|t:|1743896166
|start
|switch|p1a: Dance Armstrong|Gliscor, F|100/100
|switch|p2a: Toxapex|Toxapex, M|100/100
|turn|1
|
|t:|1743896193
|-terastallize|p1a: Dance Armstrong|Normal
|move|p1a: Dance Armstrong|Swords Dance|p1a: Dance Armstrong
|-boost|p1a: Dance Armstrong|atk|2
|move|p2a: Toxapex|Toxic Spikes|p1a: Dance Armstrong
|-sidestart|p1: fearmyball|move: Toxic Spikes
|
|-status|p1a: Dance Armstrong|tox|[from] item: Toxic Orb
|upkeep
|turn|2
|
|t:|1743896201
|move|p1a: Dance Armstrong|Swords Dance|p1a: Dance Armstrong
|-boost|p1a: Dance Armstrong|atk|2
|move|p2a: Toxapex|Haze|p2a: Toxapex
|-clearallboost
|
|upkeep
|turn|3
|
|t:|1743896207
|move|p1a: Dance Armstrong|Swords Dance|p1a: Dance Armstrong
|-boost|p1a: Dance Armstrong|atk|2
|move|p2a: Toxapex|Toxic Spikes|p1a: Dance Armstrong
|-sidestart|p1: fearmyball|move: Toxic Spikes
|
|upkeep
|turn|4
|
|t:|1743896212
|move|p1a: Dance Armstrong|Facade|p2a: Toxapex
|-damage|p2a: Toxapex|21/100
|move|p2a: Toxapex|Haze|p2a: Toxapex
|-clearallboost
|
|upkeep
|turn|5
|
|t:|1743896249
|switch|p2a: Sinistcha|Sinistcha|100/100
|move|p1a: Dance Armstrong|Swords Dance|p1a: Dance Armstrong
|-boost|p1a: Dance Armstrong|atk|2
|
|upkeep
|turn|6
|
|t:|1743896256
|move|p1a: Dance Armstrong|Knock Off|p2a: Sinistcha
|-supereffective|p2a: Sinistcha
|-damage|p2a: Sinistcha|34/100
|-enditem|p2a: Sinistcha|Heavy-Duty Boots|[from] move: Knock Off|[of] p1a: Dance Armstrong
|move|p2a: Sinistcha|Foul Play|p1a: Dance Armstrong
|-damage|p1a: Dance Armstrong|67/100 tox
|
|-heal|p1a: Dance Armstrong|79/100 tox|[from] ability: Poison Heal
|upkeep
|turn|7
|
|t:|1743896286
|switch|p2a: Corviknight|Corviknight, F|100/100
|-ability|p2a: Corviknight|Pressure
|move|p1a: Dance Armstrong|Knock Off|p2a: Corviknight
|-damage|p2a: Corviknight|69/100
|-enditem|p2a: Corviknight|Heavy-Duty Boots|[from] move: Knock Off|[of] p1a: Dance Armstrong
|
|-heal|p1a: Dance Armstrong|92/100 tox|[from] ability: Poison Heal
|upkeep
|turn|8
|
|t:|1743896309
|move|p1a: Dance Armstrong|Knock Off|p2a: Corviknight
|-damage|p2a: Corviknight|51/100
|move|p2a: Corviknight|Iron Defense|p2a: Corviknight
|-boost|p2a: Corviknight|def|2
|
|-heal|p1a: Dance Armstrong|100/100 tox|[from] ability: Poison Heal
|upkeep
|turn|9
|
|t:|1743896316
|move|p1a: Dance Armstrong|Facade|p2a: Corviknight
|-resisted|p2a: Corviknight
|-damage|p2a: Corviknight|35/100
|move|p2a: Corviknight|Roost|p2a: Corviknight
|-heal|p2a: Corviknight|85/100
|-singleturn|p2a: Corviknight|move: Roost
|
|upkeep
|turn|10
|
|t:|1743896365
|switch|p1a: Cuphead|Ting-Lu|100/100
|-status|p1a: Cuphead|tox
|-ability|p1a: Cuphead|Vessel of Ruin
|move|p2a: Corviknight|Body Press|p1a: Cuphead
|-supereffective|p1a: Cuphead
|-crit|p1a: Cuphead
|-damage|p1a: Cuphead|13/100 tox
|
|-heal|p1a: Cuphead|20/100 tox|[from] item: Leftovers
|-damage|p1a: Cuphead|13/100 tox|[from] psn
|upkeep
|turn|11
|
|t:|1743896385
|move|p2a: Corviknight|Body Press|p1a: Cuphead
|-supereffective|p1a: Cuphead
|-damage|p1a: Cuphead|0 fnt
|faint|p1a: Cuphead
|
|upkeep
|
|t:|1743896401
|switch|p1a: Secret Service|Dragonite, M|100/100
|turn|12
|
|t:|1743896419
|move|p2a: Corviknight|Iron Defense|p2a: Corviknight
|-boost|p2a: Corviknight|def|2
|move|p1a: Secret Service|Dragon Tail|p2a: Corviknight
|-resisted|p2a: Corviknight
|-damage|p2a: Corviknight|82/100
|drag|p2a: Toxapex|Toxapex, M|55/100
|
|upkeep
|turn|13
|
|t:|1743896449
|switch|p2a: Corviknight|Corviknight, F|82/100
|-ability|p2a: Corviknight|Pressure
|move|p1a: Secret Service|Earthquake|p2a: Corviknight
|-immune|p2a: Corviknight
|
|upkeep
|turn|14
|
|t:|1743896456
|move|p1a: Secret Service|Extreme Speed|p2a: Corviknight
|-resisted|p2a: Corviknight
|-damage|p2a: Corviknight|71/100
|move|p2a: Corviknight|Iron Defense|p2a: Corviknight
|-boost|p2a: Corviknight|def|2
|
|upkeep
|turn|15
|
|t:|1743896462
|move|p2a: Corviknight|Body Press|p1a: Secret Service
|-resisted|p1a: Secret Service
|-damage|p1a: Secret Service|89/100
|move|p1a: Secret Service|Dragon Tail|p2a: Corviknight
|-resisted|p2a: Corviknight
|-damage|p2a: Corviknight|66/100
|drag|p2a: Blissey|Blissey, F|100/100
|
|upkeep
|turn|16
|
|t:|1743896477
|switch|p2a: Corviknight|Corviknight, F|66/100
|-ability|p2a: Corviknight|Pressure
|move|p1a: Secret Service|Earthquake|p2a: Corviknight
|-immune|p2a: Corviknight
|
|upkeep
|turn|17
|
|t:|1743896485
|move|p2a: Corviknight|Roost|p2a: Corviknight
|-heal|p2a: Corviknight|100/100
|-singleturn|p2a: Corviknight|move: Roost
|move|p1a: Secret Service|Dragon Tail|p2a: Corviknight|[miss]
|-miss|p1a: Secret Service|p2a: Corviknight
|
|upkeep
|turn|18
|
|t:|1743896492
|move|p2a: Corviknight|Body Press|p1a: Secret Service
|-resisted|p1a: Secret Service
|-damage|p1a: Secret Service|77/100
|move|p1a: Secret Service|Earthquake|p2a: Corviknight
|-immune|p2a: Corviknight
|
|upkeep
|turn|19
|
|t:|1743896506
|move|p2a: Corviknight|Body Press|p1a: Secret Service
|-resisted|p1a: Secret Service
|-damage|p1a: Secret Service|65/100
|move|p1a: Secret Service|Dragon Tail|p2a: Corviknight|[miss]
|-miss|p1a: Secret Service|p2a: Corviknight
|
|upkeep
|turn|20
|
|t:|1743896512
|move|p2a: Corviknight|Body Press|p1a: Secret Service
|-resisted|p1a: Secret Service
|-damage|p1a: Secret Service|53/100
|move|p1a: Secret Service|Dragon Tail|p2a: Corviknight
|-resisted|p2a: Corviknight
|-damage|p2a: Corviknight|89/100
|drag|p2a: Toxapex|Toxapex, M|88/100
|
|upkeep
|turn|21
|
|t:|1743896522
|move|p1a: Secret Service|Roost|p1a: Secret Service
|-heal|p1a: Secret Service|100/100
|-singleturn|p1a: Secret Service|move: Roost
|move|p2a: Toxapex|Toxic|p1a: Secret Service
|-status|p1a: Secret Service|tox
|
|-damage|p1a: Secret Service|94/100 tox|[from] psn
|upkeep
|turn|22
|
|t:|1743896535
|switch|p1a: Tinkki Minaj|Tinkaton, F|100/100
|-ability|p1a: Tinkki Minaj|Mold Breaker
|-item|p1a: Tinkki Minaj|Air Balloon
|switch|p2a: Corviknight|Corviknight, F|89/100
|-ability|p2a: Corviknight|Pressure
|
|upkeep
|turn|23
|
|t:|1743896575
|move|p1a: Tinkki Minaj|Thunder Wave|p2a: Corviknight
|-status|p2a: Corviknight|par
|move|p2a: Corviknight|Body Press|p1a: Tinkki Minaj
|-damage|p1a: Tinkki Minaj|71/100
|-enditem|p1a: Tinkki Minaj|Air Balloon
|
|upkeep
|turn|24
|
|t:|1743896585
|move|p1a: Tinkki Minaj|Stealth Rock|p2a: Corviknight
|-sidestart|p2: reg43egr|move: Stealth Rock
|move|p2a: Corviknight|Body Press|p1a: Tinkki Minaj
|-damage|p1a: Tinkki Minaj|43/100
|
|upkeep
|turn|25
|
|t:|1743896593
|switch|p1a: Tchavis Scott|Sinistcha|100/100
|move|p2a: Corviknight|Body Press|p1a: Tchavis Scott
|-immune|p1a: Tchavis Scott
|
|upkeep
|turn|26
|
|t:|1743896606
|switch|p2a: Toxapex|Toxapex, M|100/100
|move|p1a: Tchavis Scott|Calm Mind|p1a: Tchavis Scott
|-boost|p1a: Tchavis Scott|spa|1
|-boost|p1a: Tchavis Scott|spd|1
|
|upkeep
|turn|27
|
|t:|1743896624
|move|p1a: Tchavis Scott|Shadow Ball|p2a: Toxapex
|-damage|p2a: Toxapex|71/100
|move|p2a: Toxapex|Haze|p2a: Toxapex
|-clearallboost
|
|upkeep
|turn|28
|
|t:|1743896631
|move|p1a: Tchavis Scott|Shadow Ball|p2a: Toxapex
|-damage|p2a: Toxapex|51/100
|move|p2a: Toxapex|Toxic|p1a: Tchavis Scott
|-status|p1a: Tchavis Scott|tox
|
|-damage|p1a: Tchavis Scott|94/100 tox|[from] psn
|upkeep
|turn|29
|
|t:|1743896640
|move|p1a: Tchavis Scott|Matcha Gotcha|p2a: Toxapex
|-damage|p2a: Toxapex|31/100
|-heal|p1a: Tchavis Scott|100/100 tox|[from] drain|[of] p2a: Toxapex
|move|p2a: Toxapex|Recover|p2a: Toxapex
|-heal|p2a: Toxapex|81/100
|
|-damage|p1a: Tchavis Scott|88/100 tox|[from] psn
|upkeep
|turn|30
|
|t:|1743896649
|switch|p1a: Secret Service|Dragonite, M|94/100 tox
|move|p2a: Toxapex|Haze|p2a: Toxapex
|-clearallboost
|
|-damage|p1a: Secret Service|88/100 tox|[from] psn
|upkeep
|turn|31
|
|t:|1743896661
|switch|p1a: My Little Pwny|Keldeo|100/100
|switch|p2a: Corviknight|Corviknight, F|89/100 par
|-damage|p2a: Corviknight|77/100 par|[from] Stealth Rock
|-ability|p2a: Corviknight|Pressure
|
|upkeep
|turn|32
|
|t:|1743896671
|switch|p2a: Toxapex|Toxapex, M|100/100
|move|p1a: My Little Pwny|Aura Sphere|p2a: Toxapex
|-resisted|p2a: Toxapex
|-damage|p2a: Toxapex|87/100
|
|upkeep
|turn|33
|c|☆fearmyball|just cringe i have better things to do then play someone stall spamming LOL
|-message|fearmyball forfeited.
|
|win|reg43egr
|raw|fearmyball's rating: 1068 &rarr; <strong>1049</strong><br />(-19 for losing)
|raw|reg43egr's rating: 1085 &rarr; <strong>1111</strong><br />(+26 for winning)
|l|☆fearmyball
|player|p1|
|l|☆reg43egr
|player|p2|
|j| hankpreyicloudcom
