|j|☆THRZ_Dayy
|j|☆monohue
|t:|1743811205
|gametype|singles
|player|p1|THRZ_Dayy|janitor|1646
|player|p2|monohue|scientist-gen4dp|1675
|teamsize|p1|6
|teamsize|p2|6
|gen|9
|tier|[Gen 9] OU
|rated|
|rule|HP Percentage Mod: HP is shown in percentages
|rule|Endless Battle Clause: Forcing endless battles is banned
|rule|Species Clause: Limit one of each Pokémon
|rule|OHKO Clause: OHKO moves are banned
|rule|Evasion Items Clause: Evasion items are banned
|rule|Evasion Moves Clause: Evasion moves are banned
|rule|Sleep Moves Clause: Sleep-inducing moves are banned
|clearpoke
|poke|p1|Hippowdon, F|
|poke|p1|Garganacl, F|
|poke|p1|Gholdengo|
|poke|p1|Hatterene, F|
|poke|p1|Excadrill, M|
|poke|p1|Ogerpon-Wellspring, F|
|poke|p2|Polteageist|
|poke|p2|Tinkaton, F|
|poke|p2|Hatterene, F|
|poke|p2|Infernape, F|
|poke|p2|Moltres-Galar|
|poke|p2|Zamazenta-*|
|teampreview
|inactive|Battle timer is ON: inactive players will automatically lose when time's up. (requested by THRZ_Dayy)
|
|t:|1743811236
|start
|switch|p1a: On my wrist|Ogerpon-Wellspring, F|100/100
|switch|p2a: Moltres|Moltres-Galar|100/100
|turn|1
|
|t:|1743811240
|move|p1a: On my wrist|U-turn|p2a: Moltres
|-damage|p2a: Moltres|68/100
|
|t:|1743811242
|switch|p1a: In the cut|Garganacl, F|100/100|[from] U-turn
|move|p2a: Moltres|Air Slash|p1a: In the cut
|-resisted|p1a: In the cut
|-damage|p1a: In the cut|88/100
|
|-heal|p1a: In the cut|95/100|[from] item: Leftovers
|upkeep
|turn|2
|
|t:|1743811247
|switch|p2a: Hatterene|Hatterene, F, shiny|100/100
|move|p1a: In the cut|Salt Cure|p2a: Hatterene
|-damage|p2a: Hatterene|89/100
|-start|p2a: Hatterene|Salt Cure
|
|-heal|p1a: In the cut|100/100|[from] item: Leftovers
|-heal|p2a: Hatterene|95/100|[from] item: Leftovers
|-damage|p2a: Hatterene|82/100|[from] Salt Cure
|upkeep
|turn|3
|
|t:|1743811255
|move|p1a: In the cut|Curse|p1a: In the cut
|-unboost|p1a: In the cut|spe|1
|-boost|p1a: In the cut|atk|1
|-boost|p1a: In the cut|def|1
|move|p2a: Hatterene|Mystical Fire|p1a: In the cut
|-resisted|p1a: In the cut
|-damage|p1a: In the cut|92/100
|-unboost|p1a: In the cut|spa|1
|
|-heal|p2a: Hatterene|89/100|[from] item: Leftovers
|-heal|p1a: In the cut|98/100|[from] item: Leftovers
|-damage|p2a: Hatterene|76/100|[from] Salt Cure
|upkeep
|turn|4
|
|t:|1743811264
|move|p2a: Hatterene|Calm Mind|p2a: Hatterene
|-boost|p2a: Hatterene|spa|1
|-boost|p2a: Hatterene|spd|1
|move|p1a: In the cut|Salt Cure|p2a: Hatterene
|-damage|p2a: Hatterene|60/100
|
|-heal|p2a: Hatterene|66/100|[from] item: Leftovers
|-heal|p1a: In the cut|100/100|[from] item: Leftovers
|-damage|p2a: Hatterene|53/100|[from] Salt Cure
|upkeep
|turn|5
|
|t:|1743811267
|move|p2a: Hatterene|Draining Kiss|p1a: In the cut
|-damage|p1a: In the cut|76/100
|-heal|p2a: Hatterene|78/100|[from] drain|[of] p1a: In the cut
|move|p1a: In the cut|Earthquake|p2a: Hatterene
|-damage|p2a: Hatterene|50/100
|
|-heal|p2a: Hatterene|56/100|[from] item: Leftovers
|-heal|p1a: In the cut|82/100|[from] item: Leftovers
|-damage|p2a: Hatterene|44/100|[from] Salt Cure
|upkeep
|turn|6
|
|t:|1743811272
|move|p2a: Hatterene|Draining Kiss|p1a: In the cut
|-damage|p1a: In the cut|57/100
|-heal|p2a: Hatterene|69/100|[from] drain|[of] p1a: In the cut
|move|p1a: In the cut|Earthquake|p2a: Hatterene
|-damage|p2a: Hatterene|40/100
|
|-heal|p2a: Hatterene|46/100|[from] item: Leftovers
|-heal|p1a: In the cut|63/100|[from] item: Leftovers
|-damage|p2a: Hatterene|34/100|[from] Salt Cure
|upkeep
|turn|7
|
|t:|1743811275
|switch|p2a: Tinkaton|Tinkaton, F|100/100
|-ability|p2a: Tinkaton|Mold Breaker
|move|p1a: In the cut|Earthquake|p2a: Tinkaton
|-supereffective|p2a: Tinkaton
|-damage|p2a: Tinkaton|24/100
|
|-heal|p1a: In the cut|69/100|[from] item: Leftovers
|upkeep
|turn|8
|
|t:|1743811284
|switch|p1a: Diamonds Tucked|Hippowdon, F|100/100
|-weather|Sandstorm|[from] ability: Sand Stream|[of] p1a: Diamonds Tucked
|move|p2a: Tinkaton|Encore||[still]
|-fail|p2a: Tinkaton
|
|-weather|Sandstorm|[upkeep]
|upkeep
|turn|9
|
|t:|1743811293
|switch|p2a: Hatterene|Hatterene, F, shiny|34/100
|move|p1a: Diamonds Tucked|Earthquake|p2a: Hatterene
|-damage|p2a: Hatterene|4/100
|
|-weather|Sandstorm|[upkeep]
|-damage|p2a: Hatterene|0 fnt|[from] Sandstorm
|faint|p2a: Hatterene
|upkeep
|
|t:|1743811301
|switch|p2a: Moltres|Moltres-Galar|68/100
|turn|10
|
|t:|1743811304
|move|p2a: Moltres|Fiery Wrath|p1a: Diamonds Tucked
|-damage|p1a: Diamonds Tucked|58/100
|move|p1a: Diamonds Tucked|Whirlwind|p2a: Moltres
|drag|p2a: Tinkaton|Tinkaton, F|24/100
|-ability|p2a: Tinkaton|Mold Breaker
|
|-weather|Sandstorm|[upkeep]
|upkeep
|turn|11
|
|t:|1743811311
|move|p2a: Tinkaton|Encore|p1a: Diamonds Tucked
|-start|p1a: Diamonds Tucked|Encore
|move|p1a: Diamonds Tucked|Whirlwind|p2a: Tinkaton
|drag|p2a: Moltres|Moltres-Galar|68/100
|
|-weather|Sandstorm|[upkeep]
|-damage|p2a: Moltres|62/100|[from] Sandstorm
|upkeep
|turn|12
|
|t:|1743811317
|switch|p1a: In the cut|Garganacl, F|69/100
|move|p2a: Moltres|Fiery Wrath|p1a: In the cut
|-damage|p1a: In the cut|49/100
|
|-weather|none
|-heal|p1a: In the cut|55/100|[from] item: Leftovers
|upkeep
|turn|13
|
|t:|1743811322
|move|p2a: Moltres|Nasty Plot|p2a: Moltres
|-boost|p2a: Moltres|spa|2
|move|p1a: In the cut|Recover|p1a: In the cut
|-heal|p1a: In the cut|100/100
|
|upkeep
|turn|14
|
|t:|1743811325
|move|p2a: Moltres|Fiery Wrath|p1a: In the cut
|-crit|p1a: In the cut
|-damage|p1a: In the cut|10/100
|move|p1a: In the cut|Salt Cure|p2a: Moltres
|-supereffective|p2a: Moltres
|-damage|p2a: Moltres|30/100
|-start|p2a: Moltres|Salt Cure
|-ability|p2a: Moltres|Berserk|boost
|-boost|p2a: Moltres|spa|1
|-enditem|p2a: Moltres|Sitrus Berry|[eat]
|-heal|p2a: Moltres|55/100|[from] item: Sitrus Berry
|
|-heal|p1a: In the cut|16/100|[from] item: Leftovers
|-damage|p2a: Moltres|42/100|[from] Salt Cure
|upkeep
|turn|15
|
|t:|1743811334
|move|p2a: Moltres|Agility|p2a: Moltres
|-boost|p2a: Moltres|spe|2
|move|p1a: In the cut|Recover|p1a: In the cut
|-heal|p1a: In the cut|66/100
|
|-heal|p1a: In the cut|72/100|[from] item: Leftovers
|-damage|p2a: Moltres|30/100|[from] Salt Cure
|upkeep
|turn|16
|
|t:|1743811338
|move|p2a: Moltres|Fiery Wrath|p1a: In the cut
|-damage|p1a: In the cut|0 fnt
|faint|p1a: In the cut
|
|-damage|p2a: Moltres|17/100|[from] Salt Cure
|upkeep
|
|t:|1743811341
|switch|p1a: Diamonds Tucked|Hippowdon, F|58/100
|-weather|Sandstorm|[from] ability: Sand Stream|[of] p1a: Diamonds Tucked
|turn|17
|
|t:|1743811353
|switch|p1a: Don't want ur swag|Hatterene, F|100/100
|move|p2a: Moltres|Fiery Wrath|p1a: Don't want ur swag
|-damage|p1a: Don't want ur swag|35/100
|
|-weather|Sandstorm|[upkeep]
|-damage|p2a: Moltres|11/100|[from] Sandstorm
|-damage|p1a: Don't want ur swag|29/100|[from] Sandstorm
|-damage|p2a: Moltres|0 fnt|[from] Salt Cure
|faint|p2a: Moltres
|upkeep
|inactive|monohue has 120 seconds left.
|
|t:|1743811387
|switch|p2a: Infernape|Infernape, F, shiny|100/100
|turn|18
|
|t:|1743811391
|move|p2a: Infernape|Knock Off|p1a: Don't want ur swag
|-damage|p1a: Don't want ur swag|0 fnt
|-enditem|p1a: Don't want ur swag|Assault Vest|[from] move: Knock Off|[of] p2a: Infernape
|faint|p1a: Don't want ur swag
|-damage|p2a: Infernape|91/100|[from] item: Life Orb
|
|-weather|Sandstorm|[upkeep]
|-damage|p2a: Infernape|84/100|[from] Sandstorm
|upkeep
|
|t:|1743811396
|switch|p1a: Spin ona ghost|Excadrill, M|100/100
|-item|p1a: Spin ona ghost|Air Balloon
|turn|19
|
|t:|1743811401
|switch|p2a: Tinkaton|Tinkaton, F|24/100
|-ability|p2a: Tinkaton|Mold Breaker
|move|p1a: Spin ona ghost|Earthquake|p2a: Tinkaton
|-supereffective|p2a: Tinkaton
|-damage|p2a: Tinkaton|0 fnt
|faint|p2a: Tinkaton
|
|-weather|Sandstorm|[upkeep]
|upkeep
|
|t:|1743811410
|switch|p2a: Zamazenta|Zamazenta, shiny|100/100
|-ability|p2a: Zamazenta|Dauntless Shield|boost
|-boost|p2a: Zamazenta|def|1
|turn|20
|
|t:|1743811417
|switch|p1a: Fly as a kite|Gholdengo|100/100
|-item|p1a: Fly as a kite|Air Balloon
|switch|p2a: Infernape|Infernape, F, shiny|84/100
|
|-weather|Sandstorm|[upkeep]
|-damage|p2a: Infernape|78/100|[from] Sandstorm
|upkeep
|turn|21
|
|t:|1743811426
|switch|p1a: On my wrist|Ogerpon-Wellspring, F|100/100
|move|p2a: Infernape|Overheat|p1a: On my wrist|[miss]
|-miss|p2a: Infernape|p1a: On my wrist
|
|-weather|none
|upkeep
|turn|22
|inactive|monohue has 120 seconds left.
|
|t:|1743811459
|move|p1a: On my wrist|Ivy Cudgel|p2a: Infernape|[anim] Ivy Cudgel Water
|-supereffective|p2a: Infernape
|-damage|p2a: Infernape|0 fnt
|faint|p2a: Infernape
|
|upkeep
|inactive|monohue has 120 seconds left.
|
|t:|1743811473
|switch|p2a: Polteageist|Polteageist, shiny|100/100
|turn|23
|
|t:|1743811477
|move|p1a: On my wrist|Knock Off|p2a: Polteageist
|-supereffective|p2a: Polteageist
|-enditem|p2a: Polteageist|Focus Sash
|-damage|p2a: Polteageist|1/100
|-ability|p2a: Polteageist|Weak Armor|boost
|-unboost|p2a: Polteageist|def|1
|-boost|p2a: Polteageist|spe|2
|move|p2a: Polteageist|Shell Smash|p2a: Polteageist
|-unboost|p2a: Polteageist|def|1
|-unboost|p2a: Polteageist|spd|1
|-boost|p2a: Polteageist|atk|2
|-boost|p2a: Polteageist|spa|2
|-boost|p2a: Polteageist|spe|2
|
|upkeep
|turn|24
|
|t:|1743811484
|switch|p1a: Diamonds Tucked|Hippowdon, F|58/100
|-weather|Sandstorm|[from] ability: Sand Stream|[of] p1a: Diamonds Tucked
|move|p2a: Polteageist|Shadow Ball|p1a: Diamonds Tucked
|-damage|p1a: Diamonds Tucked|0 fnt
|faint|p1a: Diamonds Tucked
|
|-weather|Sandstorm|[upkeep]
|-damage|p2a: Polteageist|0 fnt|[from] Sandstorm
|faint|p2a: Polteageist
|upkeep
|
|t:|1743811487
|switch|p2a: Zamazenta|Zamazenta, shiny|100/100
|switch|p1a: Fly as a kite|Gholdengo|100/100
|-item|p1a: Fly as a kite|Air Balloon
|turn|25
|
|t:|1743811493
|move|p2a: Zamazenta|Crunch|p1a: Fly as a kite
|-supereffective|p1a: Fly as a kite
|-damage|p1a: Fly as a kite|70/100
|-unboost|p1a: Fly as a kite|def|1
|-enditem|p1a: Fly as a kite|Air Balloon
|move|p1a: Fly as a kite|Nasty Plot|p1a: Fly as a kite
|-boost|p1a: Fly as a kite|spa|2
|
|-weather|Sandstorm|[upkeep]
|-damage|p2a: Zamazenta|94/100|[from] Sandstorm
|-heal|p2a: Zamazenta|100/100|[from] item: Leftovers
|upkeep
|turn|26
|
|t:|1743811498
|move|p2a: Zamazenta|Crunch|p1a: Fly as a kite
|-supereffective|p1a: Fly as a kite
|-damage|p1a: Fly as a kite|26/100
|-unboost|p1a: Fly as a kite|def|1
|move|p1a: Fly as a kite|Make It Rain|p2a: Zamazenta
|-damage|p2a: Zamazenta|18/100
|-unboost|p1a: Fly as a kite|spa|1
|
|-weather|Sandstorm|[upkeep]
|-damage|p2a: Zamazenta|12/100|[from] Sandstorm
|-heal|p2a: Zamazenta|18/100|[from] item: Leftovers
|upkeep
|turn|27
|
|t:|1743811511
|move|p2a: Zamazenta|Iron Defense|p2a: Zamazenta
|-boost|p2a: Zamazenta|def|2
|move|p1a: Fly as a kite|Shadow Ball|p2a: Zamazenta
|-damage|p2a: Zamazenta|0 fnt
|faint|p2a: Zamazenta
|
|win|THRZ_Dayy
|raw|THRZ_Dayy's rating: 1646 &rarr; <strong>1668</strong><br />(+22 for winning)
|raw|monohue's rating: 1675 &rarr; <strong>1653</strong><br />(-22 for losing)
|l|☆monohue
|player|p2|
