|j|☆Thermoximus
|j|☆Bobby Bait
|t:|1743912564
|gametype|singles
|player|p1|Thermoximus|benga|1054
|player|p2|Bobby Bait|1|1076
|teamsize|p1|6
|teamsize|p2|6
|gen|9
|tier|[Gen 9] OU
|rated|
|rule|HP Percentage Mod: HP is shown in percentages
|rule|Endless Battle Clause: Forcing endless battles is banned
|rule|Species Clause: Limit one of each Pokémon
|rule|OHKO Clause: OHKO moves are banned
|rule|Evasion Items Clause: Evasion items are banned
|rule|Evasion Moves Clause: Evasion moves are banned
|rule|Sleep Moves Clause: Sleep-inducing moves are banned
|clearpoke
|poke|p1|Arcanine-Hisui, F|
|poke|p1|Avalugg-Hisui, F|
|poke|p1|Abomasnow, M|
|poke|p1|Cloyster, F|
|poke|p1|Glimmora, F|
|poke|p1|Gliscor, M|
|poke|p2|Kommo-o, F|
|poke|p2|Ogerpon-Wellspring, F|
|poke|p2|Corviknight, M|
|poke|p2|Excadrill, F|
|poke|p2|Hippowdon, M|
|poke|p2|Dragapult, M|
|teampreview
|inactive|Battle timer is ON: inactive players will automatically lose when time's up. (requested by Thermoximus)
|j| SunF1ag
|
|t:|1743912571
|start
|switch|p1a: Abomasnow|Abomasnow, M|100/100
|switch|p2a: Kommo-o|Kommo-o, F|100/100
|-weather|Snowscape|[from] ability: Snow Warning|[of] p1a: Abomasnow
|turn|1
|
|t:|1743912576
|move|p2a: Kommo-o|Stealth Rock|p1a: Abomasnow
|-sidestart|p1: Thermoximus|move: Stealth Rock
|move|p1a: Abomasnow|Aurora Veil|p1a: Abomasnow
|-sidestart|p1: Thermoximus|move: Aurora Veil
|
|-weather|Snowscape|[upkeep]
|upkeep
|turn|2
|
|t:|1743912583
|switch|p2a: Hippowdon|Hippowdon, M|100/100
|-weather|Sandstorm|[from] ability: Sand Stream|[of] p2a: Hippowdon
|move|p1a: Abomasnow|Blizzard|p2a: Hippowdon|[miss]
|-miss|p1a: Abomasnow|p2a: Hippowdon
|
|-weather|Sandstorm|[upkeep]
|-damage|p1a: Abomasnow|94/100|[from] Sandstorm
|upkeep
|turn|3
|
|t:|1743912593
|switch|p2a: Ogerpon|Ogerpon-Wellspring, F|100/100
|move|p1a: Abomasnow|Energy Ball|p2a: Ogerpon
|-damage|p2a: Ogerpon|57/100
|-unboost|p2a: Ogerpon|spd|1
|
|-weather|Sandstorm|[upkeep]
|-damage|p2a: Ogerpon|51/100|[from] Sandstorm
|-damage|p1a: Abomasnow|88/100|[from] Sandstorm
|upkeep
|turn|4
|
|t:|1743912604
|switch|p2a: Kommo-o|Kommo-o, F|100/100
|switch|p1a: Arcanine|Arcanine-Hisui, F|100/100
|
|-weather|Sandstorm|[upkeep]
|-damage|p2a: Kommo-o|94/100|[from] Sandstorm
|upkeep
|turn|5
|
|t:|1743912613
|move|p1a: Arcanine|Head Smash|p2a: Kommo-o
|-resisted|p2a: Kommo-o
|-damage|p2a: Kommo-o|73/100
|-damage|p1a: Arcanine|84/100|[from] item: Rocky Helmet|[of] p2a: Kommo-o
|move|p2a: Kommo-o|Roar|p1a: Arcanine
|drag|p1a: Glimmora|Glimmora, F|100/100
|-damage|p1a: Glimmora|88/100|[from] Stealth Rock
|
|-weather|Sandstorm|[upkeep]
|-damage|p2a: Kommo-o|67/100|[from] Sandstorm
|-sideend|p1: Thermoximus|move: Aurora Veil
|upkeep
|turn|6
|
|t:|1743912620
|move|p1a: Glimmora|Spiky Shield|p1a: Glimmora
|-singleturn|p1a: Glimmora|move: Protect
|move|p2a: Kommo-o|Draco Meteor|p1a: Glimmora
|-activate|p1a: Glimmora|move: Protect
|
|-weather|none
|upkeep
|turn|7
|
|t:|1743912629
|move|p1a: Glimmora|Stealth Rock|p2a: Kommo-o
|-sidestart|p2: Bobby Bait|move: Stealth Rock
|move|p2a: Kommo-o|Draco Meteor|p1a: Glimmora
|-damage|p1a: Glimmora|33/100
|-unboost|p2a: Kommo-o|spa|2
|
|upkeep
|turn|8
|
|t:|1743912634
|move|p1a: Glimmora|Spiky Shield|p1a: Glimmora
|-singleturn|p1a: Glimmora|move: Protect
|move|p2a: Kommo-o|Draco Meteor|p1a: Glimmora
|-activate|p1a: Glimmora|move: Protect
|
|upkeep
|turn|9
|
|t:|1743912647
|switch|p1a: Abomasnow|Abomasnow, M|88/100
|-damage|p1a: Abomasnow|64/100|[from] Stealth Rock
|-weather|Snowscape|[from] ability: Snow Warning|[of] p1a: Abomasnow
|move|p2a: Kommo-o|Draco Meteor|p1a: Abomasnow
|-damage|p1a: Abomasnow|42/100
|-unboost|p2a: Kommo-o|spa|2
|
|-weather|Snowscape|[upkeep]
|upkeep
|turn|10
|
|t:|1743912652
|switch|p2a: Hippowdon|Hippowdon, M|100/100
|-damage|p2a: Hippowdon|94/100|[from] Stealth Rock
|-weather|Sandstorm|[from] ability: Sand Stream|[of] p2a: Hippowdon
|switch|p1a: Avalugg|Avalugg-Hisui, F|100/100
|-damage|p1a: Avalugg|76/100|[from] Stealth Rock
|
|-weather|Sandstorm|[upkeep]
|-heal|p2a: Hippowdon|100/100|[from] item: Leftovers
|upkeep
|turn|11
|
|t:|1743912664
|move|p2a: Hippowdon|Earthquake|p1a: Avalugg
|-supereffective|p1a: Avalugg
|-crit|p1a: Avalugg
|-damage|p1a: Avalugg|22/100
|move|p1a: Avalugg|Iron Defense|p1a: Avalugg
|-boost|p1a: Avalugg|def|2
|
|-weather|Sandstorm|[upkeep]
|upkeep
|turn|12
|
|t:|1743912674
|move|p2a: Hippowdon|Earthquake|p1a: Avalugg
|-supereffective|p1a: Avalugg
|-damage|p1a: Avalugg|3/100
|move|p1a: Avalugg|Body Press|p2a: Hippowdon
|-damage|p2a: Hippowdon|56/100
|
|-weather|Sandstorm|[upkeep]
|-heal|p2a: Hippowdon|62/100|[from] item: Leftovers
|upkeep
|turn|13
|
|t:|1743912682
|switch|p1a: Arcanine|Arcanine-Hisui, F|84/100
|move|p2a: Hippowdon|Earthquake|p1a: Arcanine
|-supereffective|p1a: Arcanine
|-damage|p1a: Arcanine|0 fnt
|faint|p1a: Arcanine
|
|-weather|Sandstorm|[upkeep]
|-heal|p2a: Hippowdon|68/100|[from] item: Leftovers
|upkeep
|
|t:|1743912687
|switch|p1a: Gliscor|Gliscor, M|100/100
|-damage|p1a: Gliscor|88/100|[from] Stealth Rock
|turn|14
|
|t:|1743912692
|switch|p2a: Kommo-o|Kommo-o, F|67/100
|-damage|p2a: Kommo-o|61/100|[from] Stealth Rock
|move|p1a: Gliscor|Swords Dance|p1a: Gliscor
|-boost|p1a: Gliscor|atk|2
|
|-weather|none
|-status|p1a: Gliscor|tox|[from] item: Toxic Orb
|upkeep
|turn|15
|
|t:|1743912708
|move|p1a: Gliscor|Crabhammer|p2a: Kommo-o
|-resisted|p2a: Kommo-o
|-damage|p2a: Kommo-o|45/100
|-damage|p1a: Gliscor|72/100 tox|[from] item: Rocky Helmet|[of] p2a: Kommo-o
|move|p2a: Kommo-o|Roar|p1a: Gliscor
|drag|p1a: Abomasnow|Abomasnow, M|42/100
|-damage|p1a: Abomasnow|17/100|[from] Stealth Rock
|-weather|Snowscape|[from] ability: Snow Warning|[of] p1a: Abomasnow
|
|-weather|Snowscape|[upkeep]
|upkeep
|turn|16
|
|t:|1743912725
|switch|p2a: Corviknight|Corviknight, M|100/100
|-damage|p2a: Corviknight|88/100|[from] Stealth Rock
|-ability|p2a: Corviknight|Pressure
|move|p1a: Abomasnow|Blizzard|p2a: Corviknight
|-damage|p2a: Corviknight|36/100
|
|-weather|Snowscape|[upkeep]
|upkeep
|turn|17
|
|t:|1743912735
|switch|p2a: Hippowdon|Hippowdon, M|68/100
|-damage|p2a: Hippowdon|62/100|[from] Stealth Rock
|-weather|Sandstorm|[from] ability: Sand Stream|[of] p2a: Hippowdon
|switch|p1a: Cloyster|Cloyster, F|100/100
|-damage|p1a: Cloyster|76/100|[from] Stealth Rock
|
|-weather|Sandstorm|[upkeep]
|-damage|p1a: Cloyster|69/100|[from] Sandstorm
|-heal|p2a: Hippowdon|68/100|[from] item: Leftovers
|upkeep
|turn|18
|
|t:|1743912743
|move|p1a: Cloyster|Shell Smash|p1a: Cloyster
|-unboost|p1a: Cloyster|def|1
|-unboost|p1a: Cloyster|spd|1
|-boost|p1a: Cloyster|atk|2
|-boost|p1a: Cloyster|spa|2
|-boost|p1a: Cloyster|spe|2
|-enditem|p1a: Cloyster|White Herb
|-clearnegativeboost|p1a: Cloyster|[silent]
|move|p2a: Hippowdon|Whirlwind|p1a: Cloyster
|drag|p1a: Abomasnow|Abomasnow, M|17/100
|-damage|p1a: Abomasnow|0 fnt|[from] Stealth Rock
|faint|p1a: Abomasnow
|
|-weather|Sandstorm|[upkeep]
|-heal|p2a: Hippowdon|75/100|[from] item: Leftovers
|upkeep
|
|t:|1743912748
|switch|p1a: Cloyster|Cloyster, F|69/100
|-damage|p1a: Cloyster|44/100|[from] Stealth Rock
|turn|19
|
|t:|1743912752
|move|p1a: Cloyster|Shell Smash|p1a: Cloyster
|-unboost|p1a: Cloyster|def|1
|-unboost|p1a: Cloyster|spd|1
|-boost|p1a: Cloyster|atk|2
|-boost|p1a: Cloyster|spa|2
|-boost|p1a: Cloyster|spe|2
|move|p2a: Hippowdon|Stone Edge|p1a: Cloyster|[miss]
|-miss|p2a: Hippowdon|p1a: Cloyster
|
|-weather|Sandstorm|[upkeep]
|-damage|p1a: Cloyster|38/100|[from] Sandstorm
|-heal|p2a: Hippowdon|81/100|[from] item: Leftovers
|upkeep
|turn|20
|l| SunF1ag
|
|t:|1743912762
|switch|p2a: Corviknight|Corviknight, M|36/100
|-damage|p2a: Corviknight|24/100|[from] Stealth Rock
|-ability|p2a: Corviknight|Pressure
|move|p1a: Cloyster|Icicle Spear|p2a: Corviknight
|-damage|p2a: Corviknight|9/100
|-damage|p2a: Corviknight|0 fnt
|faint|p2a: Corviknight
|-hitcount|p2: Corviknight|2
|
|-weather|Sandstorm|[upkeep]
|-damage|p1a: Cloyster|32/100|[from] Sandstorm
|upkeep
|
|t:|1743912765
|switch|p2a: Kommo-o|Kommo-o, F|45/100
|-damage|p2a: Kommo-o|39/100|[from] Stealth Rock
|turn|21
|
|t:|1743912774
|move|p2a: Kommo-o|Vacuum Wave|p1a: Cloyster
|-supereffective|p1a: Cloyster
|-damage|p1a: Cloyster|0 fnt
|faint|p1a: Cloyster
|
|-weather|none
|upkeep
|
|t:|1743912777
|switch|p1a: Gliscor|Gliscor, M|72/100 tox
|-damage|p1a: Gliscor|59/100 tox|[from] Stealth Rock
|turn|22
|
|t:|1743912781
|move|p1a: Gliscor|Dual Wingbeat|p2a: Kommo-o|[miss]
|-miss|p1a: Gliscor|p2a: Kommo-o
|move|p2a: Kommo-o|Draco Meteor|p1a: Gliscor
|-damage|p1a: Gliscor|0 fnt
|-unboost|p2a: Kommo-o|spa|2
|faint|p1a: Gliscor
|
|upkeep
|
|t:|1743912787
|switch|p1a: Glimmora|Glimmora, F|33/100
|-damage|p1a: Glimmora|21/100|[from] Stealth Rock
|turn|23
|
|t:|1743912790
|move|p1a: Glimmora|Spiky Shield|p1a: Glimmora
|-singleturn|p1a: Glimmora|move: Protect
|move|p2a: Kommo-o|Draco Meteor|p1a: Glimmora
|-activate|p1a: Glimmora|move: Protect
|
|upkeep
|turn|24
|
|t:|1743912795
|move|p1a: Glimmora|Earth Power|p2a: Kommo-o
|-damage|p2a: Kommo-o|8/100
|move|p2a: Kommo-o|Draco Meteor|p1a: Glimmora
|-crit|p1a: Glimmora
|-damage|p1a: Glimmora|0 fnt
|-unboost|p2a: Kommo-o|spa|2
|faint|p1a: Glimmora
|
|upkeep
|
|t:|1743912799
|switch|p1a: Avalugg|Avalugg-Hisui, F|3/100
|-damage|p1a: Avalugg|0 fnt|[from] Stealth Rock
|faint|p1a: Avalugg
|
|win|Bobby Bait
|raw|Thermoximus's rating: 1054 &rarr; <strong>1039</strong><br />(-15 for losing)
|raw|Bobby Bait's rating: 1110 &rarr; <strong>1131</strong><br />(+21 for winning)
|l|☆Bobby Bait
|player|p2|
