|j|☆32r8h9dionejk
|j|☆Vieilbisail
|t:|1743829276
|gametype|singles
|player|p1|32r8h9dionejk|169|1060
|player|p2|Vieilbisail|rood|1104
|teamsize|p1|6
|teamsize|p2|6
|gen|9
|tier|[Gen 9] OU
|rated|
|rule|HP Percentage Mod: HP is shown in percentages
|rule|Endless Battle Clause: Forcing endless battles is banned
|rule|Species Clause: Limit one of each Pokémon
|rule|OHKO Clause: OHKO moves are banned
|rule|Evasion Items Clause: Evasion items are banned
|rule|Evasion Moves Clause: Evasion moves are banned
|rule|Sleep Moves Clause: Sleep-inducing moves are banned
|clearpoke
|poke|p1|Landorus-Therian, M|
|poke|p1|Dudunsparce-*, M|
|poke|p1|Riolu, F|
|poke|p1|Araquanid, M|
|poke|p1|Garchomp, F|
|poke|p1|Weavile, M|
|poke|p2|Iron Valiant|
|poke|p2|Glimmora, F|
|poke|p2|Dragonite, M|
|poke|p2|Pecharunt|
|poke|p2|Great Tusk|
|poke|p2|Kingambit, M|
|teampreview
|inactive|Battle timer is ON: inactive players will automatically lose when time's up. (requested by Vieilbisail)
|
|t:|1743829289
|start
|switch|p1a: Riolu|Riolu, F|100/100
|switch|p2a: Samwell|Dragonite, M|100/100
|turn|1
|
|t:|1743829303
|switch|p2a: Zaxesic|Glimmora, F, shiny|100/100
|switch|p1a: Landorus|Landorus-Therian, M|100/100
|-ability|p1a: Landorus|Intimidate|boost
|-unboost|p2a: Zaxesic|atk|1
|
|upkeep
|turn|2
|
|t:|1743829310
|move|p1a: Landorus|Earthquake|p2a: Zaxesic
|-supereffective|p2a: Zaxesic
|-damage|p2a: Zaxesic|0 fnt
|-activate|p2a: Zaxesic|ability: Toxic Debris
|-sidestart|p1: 32r8h9dionejk|move: Toxic Spikes
|faint|p2a: Zaxesic
|
|upkeep
|
|t:|1743829316
|switch|p2a: Samwell|Dragonite, M|100/100
|turn|3
|inactive|32r8h9dionejk has 120 seconds left.
|inactive|32r8h9dionejk has 90 seconds left.
|
|t:|1743829378
|-terastallize|p2a: Samwell|Normal
|move|p1a: Landorus|U-turn|p2a: Samwell
|-damage|p2a: Samwell|89/100
|inactive|32r8h9dionejk has 90 seconds left.
|
|t:|1743829384
|switch|p1a: Araquanid|Araquanid, M|100/100|[from] U-turn
|-status|p1a: Araquanid|psn
|move|p2a: Samwell|Ice Spinner|p1a: Araquanid
|-resisted|p1a: Araquanid
|-damage|p1a: Araquanid|85/100 psn
|
|-damage|p1a: Araquanid|72/100 psn|[from] psn
|upkeep
|turn|4
|
|t:|1743829392
|move|p2a: Samwell|Thunder|p1a: Araquanid
|-supereffective|p1a: Araquanid
|-damage|p1a: Araquanid|35/100 psn
|move|p1a: Araquanid|Liquidation|p2a: Samwell
|-damage|p2a: Samwell|5/100
|
|-damage|p1a: Araquanid|23/100 psn|[from] psn
|upkeep
|turn|5
|
|t:|1743829403
|move|p2a: Samwell|Extreme Speed|p1a: Araquanid
|-damage|p1a: Araquanid|0 fnt
|faint|p1a: Araquanid
|
|upkeep
|
|t:|1743829407
|switch|p1a: Garchomp|Garchomp, F|100/100
|-status|p1a: Garchomp|psn
|turn|6
|
|t:|1743829418
|switch|p2a: Arkh|Great Tusk, shiny|100/100
|move|p1a: Garchomp|Poison Jab|p2a: Arkh
|-resisted|p2a: Arkh
|-damage|p2a: Arkh|92/100
|-status|p2a: Arkh|psn
|
|-damage|p1a: Garchomp|88/100 psn|[from] psn
|-damage|p2a: Arkh|80/100 psn|[from] psn
|upkeep
|turn|7
|inactive|32r8h9dionejk has 120 seconds left.
|inactive|32r8h9dionejk has 90 seconds left.
|inactive|32r8h9dionejk has 60 seconds left.
|
|t:|1743829496
|move|p1a: Garchomp|Liquidation|p2a: Arkh
|-supereffective|p2a: Arkh
|-damage|p2a: Arkh|37/100 psn
|move|p2a: Arkh|Ice Spinner|p1a: Garchomp
|-supereffective|p1a: Garchomp
|-damage|p1a: Garchomp|0 fnt
|-damage|p2a: Arkh|24/100 psn|[from] ability: Rough Skin|[of] p1a: Garchomp
|faint|p1a: Garchomp
|
|-damage|p2a: Arkh|12/100 psn|[from] psn
|upkeep
|c|☆Vieilbisail|you're kinda pokedex thirsty
|
|t:|1743829505
|switch|p1a: Landorus|Landorus-Therian, M|100/100
|-ability|p1a: Landorus|Intimidate|boost
|-unboost|p2a: Arkh|atk|1
|turn|8
|
|t:|1743829516
|move|p1a: Landorus|Fly||[still]
|-prepare|p1a: Landorus|Fly
|move|p2a: Arkh|Ice Spinner|p1a: Landorus|[miss]
|-miss|p2a: Arkh|p1a: Landorus
|
|-damage|p2a: Arkh|0 fnt|[from] psn
|faint|p2a: Arkh
|-end|p2a: Arkh|Protosynthesis|[silent]
|upkeep
|inactive|Vieilbisail has 120 seconds left.
|
|t:|1743829546
|switch|p2a: Cymbal|Kingambit, M, shiny|100/100
|-activate|p2a: Cymbal|ability: Supreme Overlord
|-start|p2a: Cymbal|fallen2|[silent]
|turn|9
|inactive|Vieilbisail has 120 seconds left.
|
|t:|1743829566
|move|p1a: Landorus|Fly|p2a: Cymbal|[from] lockedmove
|-resisted|p2a: Cymbal
|-damage|p2a: Cymbal|82/100
|move|p2a: Cymbal|Thunder Wave|p1a: Landorus
|-immune|p1a: Landorus
|
|-heal|p2a: Cymbal|88/100|[from] item: Leftovers
|upkeep
|turn|10
|
|t:|1743829575
|-end|p2a: Cymbal|fallen2|[silent]
|switch|p2a: Fyulapp|Iron Valiant|100/100
|move|p1a: Landorus|Earthquake|p2a: Fyulapp
|-damage|p2a: Fyulapp|29/100
|
|upkeep
|turn|11
|inactive|Vieilbisail has 120 seconds left.
|
|t:|1743829590
|-end|p2a: Fyulapp|Quark Drive|[silent]
|switch|p2a: Delivulg|Pecharunt|100/100
|move|p1a: Landorus|Earthquake|p2a: Delivulg
|-supereffective|p2a: Delivulg
|-damage|p2a: Delivulg|28/100
|
|upkeep
|turn|12
|-message|Vieilbisail forfeited.
|
|win|32r8h9dionejk
|raw|32r8h9dionejk's rating: 1045 &rarr; <strong>1084</strong><br />(+39 for winning)
|raw|Vieilbisail's rating: 1104 &rarr; <strong>1075</strong><br />(-29 for losing)
|l|☆Vieilbisail
|player|p2|
|l|☆32r8h9dionejk
|player|p1|
