|j|☆Midoriashonen
|j|☆whatthedawgsdoin
|t:|1743913661
|gametype|singles
|player|p1|Midoriashonen|169|1114
|player|p2|whatthedawgsdoin|101|1071
|teamsize|p1|6
|teamsize|p2|6
|gen|9
|tier|[Gen 9] OU
|rated|
|rule|HP Percentage Mod: HP is shown in percentages
|rule|Endless Battle Clause: Forcing endless battles is banned
|rule|Species Clause: Limit one of each Pokémon
|rule|OHKO Clause: OHKO moves are banned
|rule|Evasion Items Clause: Evasion items are banned
|rule|Evasion Moves Clause: Evasion moves are banned
|rule|Sleep Moves Clause: Sleep-inducing moves are banned
|clearpoke
|poke|p1|Pelipper, M|
|poke|p1|Araquanid, M|
|poke|p1|Kingambit, M|
|poke|p1|Slowking-Galar, M|
|poke|p1|Samurott-Hisui, M|
|poke|p1|Zapdos|
|poke|p2|Mew|
|poke|p2|Suicune|
|poke|p2|Raikou|
|poke|p2|Entei|
|poke|p2|Dusknoir, F|
|poke|p2|Regirock|
|teampreview
|
|t:|1743913683
|start
|switch|p1a: Araquanid|Araquanid, M, shiny|100/100
|switch|p2a: Suicune|Suicune|100/100
|-ability|p2a: Suicune|Pressure
|turn|1
|
|t:|1743913689
|move|p2a: Suicune|Calm Mind|p2a: Suicune
|-boost|p2a: Suicune|spa|1
|-boost|p2a: Suicune|spd|1
|move|p1a: Araquanid|Sticky Web|p2a: Suicune
|-sidestart|p2: whatthedawgsdoin|move: Sticky Web
|
|upkeep
|turn|2
|
|t:|1743913696
|move|p2a: Suicune|Calm Mind|p2a: Suicune
|-boost|p2a: Suicune|spa|1
|-boost|p2a: Suicune|spd|1
|move|p1a: Araquanid|Poison Jab|p2a: Suicune
|-damage|p2a: Suicune|90/100
|
|upkeep
|turn|3
|
|t:|1743913704
|move|p2a: Suicune|Calm Mind|p2a: Suicune
|-boost|p2a: Suicune|spa|1
|-boost|p2a: Suicune|spd|1
|move|p1a: Araquanid|Poison Jab|p2a: Suicune
|-damage|p2a: Suicune|79/100
|
|upkeep
|turn|4
|
|t:|1743913712
|move|p2a: Suicune|Scald|p1a: Araquanid
|-resisted|p1a: Araquanid
|-damage|p1a: Araquanid|56/100
|move|p1a: Araquanid|Poison Jab|p2a: Suicune
|-damage|p2a: Suicune|68/100
|-status|p2a: Suicune|psn
|
|-damage|p2a: Suicune|56/100 psn|[from] psn
|upkeep
|turn|5
|
|t:|1743913722
|move|p2a: Suicune|Scald|p1a: Araquanid
|-resisted|p1a: Araquanid
|-damage|p1a: Araquanid|16/100
|-enditem|p1a: Araquanid|Figy Berry|[eat]
|-heal|p1a: Araquanid|50/100|[from] item: Figy Berry
|move|p1a: Araquanid|Leech Life|p2a: Suicune
|-damage|p2a: Suicune|40/100 psn
|-heal|p1a: Araquanid|59/100|[from] drain|[of] p2a: Suicune
|
|-damage|p2a: Suicune|28/100 psn|[from] psn
|upkeep
|turn|6
|
|t:|1743913733
|switch|p1a: Slowking|Slowking-Galar, M, shiny|100/100
|move|p2a: Suicune|Shadow Ball|p1a: Slowking
|-supereffective|p1a: Slowking
|-damage|p1a: Slowking|25/100
|-unboost|p1a: Slowking|spd|1
|
|-damage|p2a: Suicune|15/100 psn|[from] psn
|upkeep
|turn|7
|
|t:|1743913742
|switch|p1a: Araquanid|Araquanid, M, shiny|59/100
|move|p2a: Suicune|Scald|p1a: Araquanid
|-resisted|p1a: Araquanid
|-damage|p1a: Araquanid|15/100
|
|-damage|p2a: Suicune|3/100 psn|[from] psn
|upkeep
|turn|8
|
|t:|1743913752
|move|p2a: Suicune|Scald|p1a: Araquanid
|-resisted|p1a: Araquanid
|-damage|p1a: Araquanid|0 fnt
|faint|p1a: Araquanid
|
|-damage|p2a: Suicune|0 fnt|[from] psn
|faint|p2a: Suicune
|upkeep
|
|t:|1743913768
|switch|p2a: Regirock|Regirock|100/100
|switch|p1a: Samurott|Samurott-Hisui, M, shiny|100/100
|-activate|p2a: Regirock|move: Sticky Web
|-unboost|p2a: Regirock|spe|1
|turn|9
|
|t:|1743913778
|-terastallize|p1a: Samurott|Water
|move|p1a: Samurott|Aqua Cutter|p2a: Regirock
|-supereffective|p2a: Regirock
|-damage|p2a: Regirock|41/100
|move|p2a: Regirock|Iron Defense|p2a: Regirock
|-boost|p2a: Regirock|def|2
|
|upkeep
|turn|10
|
|t:|1743913787
|-terastallize|p2a: Regirock|Fighting
|move|p1a: Samurott|Aqua Cutter|p2a: Regirock
|-damage|p2a: Regirock|27/100
|move|p2a: Regirock|Body Press|p1a: Samurott
|-damage|p1a: Samurott|0 fnt
|faint|p1a: Samurott
|
|upkeep
|
|t:|1743913803
|switch|p1a: Pelipper|Pelipper, M|100/100
|-weather|RainDance|[from] ability: Drizzle|[of] p1a: Pelipper
|turn|11
|
|t:|1743913811
|move|p1a: Pelipper|Chilling Water|p2a: Regirock
|-damage|p2a: Regirock|2/100
|-unboost|p2a: Regirock|atk|1
|move|p2a: Regirock|Stealth Rock|p1a: Pelipper
|-sidestart|p1: Midoriashonen|move: Stealth Rock
|
|-weather|RainDance|[upkeep]
|upkeep
|turn|12
|
|t:|1743913818
|move|p1a: Pelipper|Chilling Water|p2a: Regirock
|-damage|p2a: Regirock|0 fnt
|faint|p2a: Regirock
|
|-weather|RainDance|[upkeep]
|upkeep
|
|t:|1743913824
|switch|p2a: Raikou|Raikou|100/100
|-activate|p2a: Raikou|move: Sticky Web
|-unboost|p2a: Raikou|spe|1
|-ability|p2a: Raikou|Pressure
|turn|13
|
|t:|1743913835
|switch|p1a: Zapdos|Zapdos|100/100
|-damage|p1a: Zapdos|76/100|[from] Stealth Rock
|move|p2a: Raikou|Calm Mind|p2a: Raikou
|-boost|p2a: Raikou|spa|1
|-boost|p2a: Raikou|spd|1
|
|-weather|RainDance|[upkeep]
|-heal|p1a: Zapdos|82/100|[from] item: Leftovers
|upkeep
|turn|14
|
|t:|1743913844
|move|p1a: Zapdos|Hurricane|p2a: Raikou
|-resisted|p2a: Raikou
|-damage|p2a: Raikou|83/100
|move|p2a: Raikou|Scald|p1a: Zapdos
|-damage|p1a: Zapdos|8/100
|
|-weather|RainDance|[upkeep]
|-heal|p1a: Zapdos|14/100|[from] item: Leftovers
|upkeep
|turn|15
|
|t:|1743913853
|move|p1a: Zapdos|Hurricane|p2a: Raikou
|-resisted|p2a: Raikou
|-damage|p2a: Raikou|64/100
|-start|p2a: Raikou|confusion
|-activate|p2a: Raikou|confusion
|move|p2a: Raikou|Scald|p1a: Zapdos
|-damage|p1a: Zapdos|0 fnt
|faint|p1a: Zapdos
|
|-weather|RainDance|[upkeep]
|upkeep
|
|t:|1743913864
|switch|p1a: Slowking|Slowking-Galar, M, shiny|58/100
|-damage|p1a: Slowking|46/100|[from] Stealth Rock
|turn|16
|
|t:|1743913871
|-activate|p2a: Raikou|confusion
|-damage|p2a: Raikou|56/100|[from] confusion
|move|p1a: Slowking|Future Sight|p2a: Raikou
|-start|p1a: Slowking|move: Future Sight
|
|-weather|RainDance|[upkeep]
|upkeep
|turn|17
|
|t:|1743913875
|-end|p2a: Raikou|confusion
|move|p2a: Raikou|Scald|p1a: Slowking
|-damage|p1a: Slowking|7/100
|move|p1a: Slowking|Sludge Bomb|p2a: Raikou
|-damage|p2a: Raikou|34/100
|
|-weather|RainDance|[upkeep]
|upkeep
|turn|18
|
|t:|1743913883
|switch|p1a: Pelipper|Pelipper, M|100/100
|-damage|p1a: Pelipper|76/100|[from] Stealth Rock
|move|p2a: Raikou|Scald|p1a: Pelipper
|-resisted|p1a: Pelipper
|-damage|p1a: Pelipper|30/100
|-status|p1a: Pelipper|brn
|
|-weather|none
|-end|p2a: Raikou|move: Future Sight
|-damage|p2a: Raikou|3/100
|-damage|p1a: Pelipper|24/100 brn|[from] brn
|upkeep
|turn|19
|
|t:|1743913902
|move|p2a: Raikou|Scald|p1a: Pelipper
|-resisted|p1a: Pelipper
|-damage|p1a: Pelipper|0 fnt
|faint|p1a: Pelipper
|
|upkeep
|
|t:|1743913905
|switch|p1a: Kingambit|Kingambit, M|100/100
|-damage|p1a: Kingambit|94/100|[from] Stealth Rock
|-activate|p1a: Kingambit|ability: Supreme Overlord
|-start|p1a: Kingambit|fallen4|[silent]
|turn|20
|
|t:|1743913911
|move|p1a: Kingambit|Sucker Punch|p2a: Raikou
|-damage|p2a: Raikou|0 fnt
|faint|p2a: Raikou
|
|upkeep
|
|t:|1743913918
|switch|p2a: Entei|Entei|100/100
|-activate|p2a: Entei|move: Sticky Web
|-unboost|p2a: Entei|spe|1
|turn|21
|-message|Midoriashonen forfeited.
|
|win|whatthedawgsdoin
|raw|Midoriashonen's rating: 1114 &rarr; <strong>1086</strong><br />(-28 for losing)
|raw|whatthedawgsdoin's rating: 1071 &rarr; <strong>1104</strong><br />(+33 for winning)
|l|☆Midoriashonen
|player|p1|
|l|☆whatthedawgsdoin
|player|p2|
