|j|☆Kedop5
|j|☆sfgdfjy
|t:|1743868083
|gametype|singles
|player|p1|Kedop5|hilbert|1000
|player|p2|sfgdfjy|hilbert-wonderlauncher|1000
|teamsize|p1|6
|teamsize|p2|6
|gen|9
|tier|[Gen 9] OU
|rated|
|rule|HP Percentage Mod: HP is shown in percentages
|rule|Endless Battle Clause: Forcing endless battles is banned
|rule|Species Clause: Limit one of each Pokémon
|rule|OHKO Clause: OHKO moves are banned
|rule|Evasion Items Clause: Evasion items are banned
|rule|Evasion Moves Clause: Evasion moves are banned
|rule|Sleep Moves Clause: Sleep-inducing moves are banned
|clearpoke
|poke|p1|Meowscarada, F|
|poke|p1|Skeledirge, M|
|poke|p1|Garganacl, M|
|poke|p1|Farigiraf, F|
|poke|p1|Maushold-Four|
|poke|p1|Quaquaval, F|
|poke|p2|Raging Bolt|
|poke|p2|Walking Wake|
|poke|p2|Thundurus-Therian, M|
|poke|p2|Landorus-Therian, M|
|poke|p2|Zapdos-Galar|
|poke|p2|Necrozma|
|teampreview
|
|t:|1743868104
|start
|switch|p1a: Meowscarada|Meowscarada, F, shiny|100/100
|switch|p2a: Zapdos|Zapdos-Galar|100/100
|turn|1
|
|t:|1743868139
|-terastallize|p1a: Meowscarada|Grass
|move|p1a: Meowscarada|Triple Axel|p2a: Zapdos
|-supereffective|p2a: Zapdos
|-damage|p2a: Zapdos|84/100
|-damage|p1a: Meowscarada|84/100|[from] item: Rocky Helmet|[of] p2a: Zapdos
|-supereffective|p2a: Zapdos
|-damage|p2a: Zapdos|46/100
|-damage|p1a: Meowscarada|67/100|[from] item: Rocky Helmet|[of] p2a: Zapdos
|-supereffective|p2a: Zapdos
|-damage|p2a: Zapdos|0 fnt
|-damage|p1a: Meowscarada|50/100|[from] item: Rocky Helmet|[of] p2a: Zapdos
|faint|p2a: Zapdos
|-hitcount|p2: Zapdos|3
|-damage|p1a: Meowscarada|41/100|[from] item: Life Orb
|
|upkeep
|
|t:|1743868156
|switch|p2a: Necrozma|Necrozma|100/100
|turn|2
|
|t:|1743868175
|move|p1a: Meowscarada|U-turn|p2a: Necrozma
|-supereffective|p2a: Necrozma
|-damage|p2a: Necrozma|61/100
|-enditem|p2a: Necrozma|Eject Button
|-damage|p1a: Meowscarada|31/100|[from] item: Life Orb
|
|t:|1743868220
|switch|p2a: Raging Bolt|Raging Bolt|100/100
|
|upkeep
|turn|3
|
|t:|1743868255
|move|p1a: Meowscarada|Triple Axel|p2a: Raging Bolt
|-supereffective|p2a: Raging Bolt
|-damage|p2a: Raging Bolt|85/100
|-hitcount|p2a: Raging Bolt|1
|-damage|p1a: Meowscarada|21/100|[from] item: Life Orb
|move|p2a: Raging Bolt|Dragon Hammer|p1a: Meowscarada
|-damage|p1a: Meowscarada|0 fnt
|faint|p1a: Meowscarada
|
|upkeep
|
|t:|1743868268
|switch|p1a: Garganacl|Garganacl, M, shiny|100/100
|turn|4
|
|t:|1743868275
|move|p2a: Raging Bolt|Earthquake|p1a: Garganacl
|-supereffective|p1a: Garganacl
|-damage|p1a: Garganacl|79/100
|move|p1a: Garganacl|Body Press|p2a: Raging Bolt
|-damage|p2a: Raging Bolt|62/100
|
|-heal|p1a: Garganacl|85/100|[from] item: Leftovers
|upkeep
|turn|5
|
|t:|1743868286
|-end|p2a: Raging Bolt|Protosynthesis|[silent]
|switch|p2a: Walking Wake|Walking Wake|100/100
|move|p1a: Garganacl|Salt Cure|p2a: Walking Wake
|-damage|p2a: Walking Wake|87/100
|-start|p2a: Walking Wake|Salt Cure
|
|-heal|p1a: Garganacl|91/100|[from] item: Leftovers
|-damage|p2a: Walking Wake|62/100|[from] Salt Cure
|upkeep
|turn|6
|
|t:|1743868313
|switch|p1a: Quaquaval|Quaquaval, F, shiny|100/100
|move|p2a: Walking Wake|Hydro Pump|p1a: Quaquaval|[miss]
|-miss|p2a: Walking Wake|p1a: Quaquaval
|
|-damage|p2a: Walking Wake|37/100|[from] Salt Cure
|upkeep
|turn|7
|
|t:|1743868335
|move|p1a: Quaquaval|Close Combat|p2a: Walking Wake
|-damage|p2a: Walking Wake|0 fnt
|-unboost|p1a: Quaquaval|def|1
|-unboost|p1a: Quaquaval|spd|1
|faint|p2a: Walking Wake
|-end|p2a: Walking Wake|Protosynthesis|[silent]
|-damage|p1a: Quaquaval|91/100|[from] item: Life Orb
|
|upkeep
|
|t:|1743868343
|switch|p2a: Raging Bolt|Raging Bolt|62/100
|turn|8
|
|t:|1743868364
|switch|p1a: Garganacl|Garganacl, M, shiny|91/100
|move|p2a: Raging Bolt|Discharge|p1a: Garganacl
|-damage|p1a: Garganacl|63/100
|
|-heal|p1a: Garganacl|69/100|[from] item: Leftovers
|upkeep
|turn|9
|
|t:|1743868376
|move|p2a: Raging Bolt|Dragon Hammer|p1a: Garganacl
|-damage|p1a: Garganacl|54/100
|move|p1a: Garganacl|Salt Cure|p2a: Raging Bolt
|-damage|p2a: Raging Bolt|49/100
|-start|p2a: Raging Bolt|Salt Cure
|
|-heal|p1a: Garganacl|60/100|[from] item: Leftovers
|-damage|p2a: Raging Bolt|37/100|[from] Salt Cure
|upkeep
|turn|10
|
|t:|1743868390
|move|p2a: Raging Bolt|Discharge|p1a: Garganacl
|-damage|p1a: Garganacl|36/100
|move|p1a: Garganacl|Recover|p1a: Garganacl
|-heal|p1a: Garganacl|86/100
|
|-heal|p1a: Garganacl|92/100|[from] item: Leftovers
|-damage|p2a: Raging Bolt|25/100|[from] Salt Cure
|upkeep
|turn|11
|
|t:|1743868401
|move|p2a: Raging Bolt|Discharge|p1a: Garganacl
|-damage|p1a: Garganacl|67/100
|move|p1a: Garganacl|Body Press|p2a: Raging Bolt
|-damage|p2a: Raging Bolt|1/100
|
|-heal|p1a: Garganacl|73/100|[from] item: Leftovers
|-damage|p2a: Raging Bolt|0 fnt|[from] Salt Cure
|faint|p2a: Raging Bolt
|-end|p2a: Raging Bolt|Protosynthesis|[silent]
|upkeep
|
|t:|1743868413
|switch|p2a: Necrozma|Necrozma|61/100
|turn|12
|
|t:|1743868442
|move|p2a: Necrozma|Shadow Claw|p1a: Garganacl
|-damage|p1a: Garganacl|67/100
|move|p1a: Garganacl|Salt Cure|p2a: Necrozma
|-damage|p2a: Necrozma|49/100
|-start|p2a: Necrozma|Salt Cure
|
|-heal|p1a: Garganacl|74/100|[from] item: Leftovers
|-damage|p2a: Necrozma|36/100|[from] Salt Cure
|upkeep
|turn|13
|
|t:|1743868465
|move|p2a: Necrozma|Iron Head|p1a: Garganacl
|-supereffective|p1a: Garganacl
|-damage|p1a: Garganacl|45/100
|move|p1a: Garganacl|Recover|p1a: Garganacl
|-heal|p1a: Garganacl|95/100
|
|-heal|p1a: Garganacl|100/100|[from] item: Leftovers
|-damage|p2a: Necrozma|24/100|[from] Salt Cure
|upkeep
|turn|14
|c|☆Kedop5|god game?
|inactive|Battle timer is ON: inactive players will automatically lose when time's up. (requested by Kedop5)
|-message|sfgdfjy forfeited.
|
|win|Kedop5
|raw|Kedop5's rating: 1000 &rarr; <strong>1040</strong><br />(+40 for winning)
|raw|sfgdfjy's rating: 1000 &rarr; <strong>1000</strong><br />(+0 for losing)
|l|☆sfgdfjy
|player|p2|
