|j|☆LeVraiMoi
|j|☆KaisPiplup
|t:|1743885794
|gametype|singles
|player|p1|LeVraiMoi|volo|1177
|player|p2|KaisPiplup|iris-gen5bw2|1153
|teamsize|p1|6
|teamsize|p2|6
|gen|9
|tier|[Gen 9] OU
|rated|
|rule|HP Percentage Mod: HP is shown in percentages
|rule|Endless Battle Clause: Forcing endless battles is banned
|rule|Species Clause: Limit one of each Pokémon
|rule|OHKO Clause: OHKO moves are banned
|rule|Evasion Items Clause: Evasion items are banned
|rule|Evasion Moves Clause: Evasion moves are banned
|rule|Sleep Moves Clause: Sleep-inducing moves are banned
|clearpoke
|poke|p1|Landorus-Therian, M|
|poke|p1|Gholdengo|
|poke|p1|Kingambit, M|
|poke|p1|Dragonite, F|
|poke|p1|Glimmora, F|
|poke|p1|Iron Valiant|
|poke|p2|Landorus-Therian, M|
|poke|p2|Samurott-Hisui, F|
|poke|p2|Gholdengo|
|poke|p2|Dragonite, F|
|poke|p2|Clefable, F|
|poke|p2|Great Tusk|
|teampreview
|c|☆KaisPiplup|im cooked
|
|t:|1743885814
|start
|switch|p1a: Glimmora|Glimmora, F|100/100
|switch|p2a: Samurott|Samurott-Hisui, F, shiny|100/100
|turn|1
|
|t:|1743885821
|switch|p2a: Landorus|Landorus-Therian, M, shiny|100/100
|-ability|p2a: Landorus|Intimidate|boost
|-unboost|p1a: Glimmora|atk|1
|move|p1a: Glimmora|Dazzling Gleam|p2a: Landorus
|-damage|p2a: Landorus|65/100
|
|upkeep
|turn|2
|
|t:|1743885829
|move|p2a: Landorus|Stealth Rock|p1a: Glimmora
|-sidestart|p1: LeVraiMoi|move: Stealth Rock
|move|p1a: Glimmora|Meteor Beam||[still]
|-prepare|p1a: Glimmora|Meteor Beam
|-boost|p1a: Glimmora|spa|1
|-enditem|p1a: Glimmora|Power Herb
|-anim|p1a: Glimmora|Meteor Beam|p2a: Landorus
|-damage|p2a: Landorus|0 fnt
|faint|p2a: Landorus
|
|upkeep
|
|t:|1743885843
|switch|p2a: Gholdengo|Gholdengo, shiny|100/100
|turn|3
|
|t:|1743885854
|move|p2a: Gholdengo|Shadow Ball|p1a: Glimmora
|-damage|p1a: Glimmora|55/100
|move|p1a: Glimmora|Memento|p2a: Gholdengo
|-immune|p2a: Gholdengo|[from] ability: Good as Gold
|
|upkeep
|turn|4
|
|t:|1743885867
|switch|p1a: Landorus|Landorus-Therian, M|100/100
|-ability|p1a: Landorus|Intimidate|boost
|-unboost|p2a: Gholdengo|atk|1
|move|p2a: Gholdengo|Shadow Ball|p1a: Landorus
|-damage|p1a: Landorus|54/100
|-unboost|p1a: Landorus|spd|1
|
|upkeep
|turn|5
|
|t:|1743885879
|switch|p2a: Clefable|Clefable, F, shiny|100/100
|move|p1a: Landorus|Earthquake|p2a: Clefable
|-damage|p2a: Clefable|41/100
|
|-heal|p2a: Clefable|48/100|[from] item: Leftovers
|upkeep
|turn|6
|
|t:|1743885888
|switch|p2a: Dragonite|Dragonite, F, shiny|100/100
|move|p1a: Landorus|Earthquake|p2a: Dragonite
|-immune|p2a: Dragonite
|
|upkeep
|turn|7
|
|t:|1743885898
|move|p2a: Dragonite|Dragon Dance|p2a: Dragonite
|-boost|p2a: Dragonite|atk|1
|-boost|p2a: Dragonite|spe|1
|move|p1a: Landorus|Stealth Rock|p2a: Dragonite
|-sidestart|p2: KaisPiplup|move: Stealth Rock
|
|upkeep
|turn|8
|
|t:|1743885903
|move|p2a: Dragonite|Encore|p1a: Landorus
|-start|p1a: Landorus|Encore
|move|p1a: Landorus|Stealth Rock||[still]
|-fail|p1a: Landorus
|
|upkeep
|turn|9
|
|t:|1743885909
|switch|p1a: Iron Valiant|Iron Valiant|100/100
|-damage|p1a: Iron Valiant|94/100|[from] Stealth Rock
|-enditem|p1a: Iron Valiant|Booster Energy
|-activate|p1a: Iron Valiant|ability: Quark Drive|[fromitem]
|-start|p1a: Iron Valiant|quarkdrivespe
|move|p2a: Dragonite|Dragon Dance|p2a: Dragonite
|-boost|p2a: Dragonite|atk|1
|-boost|p2a: Dragonite|spe|1
|
|upkeep
|turn|10
|
|t:|1743885919
|-terastallize|p2a: Dragonite|Flying
|move|p2a: Dragonite|Tera Blast|p1a: Iron Valiant|[anim] Tera Blast Flying
|-supereffective|p1a: Iron Valiant
|-damage|p1a: Iron Valiant|0 fnt
|faint|p1a: Iron Valiant
|-end|p1a: Iron Valiant|Quark Drive|[silent]
|
|upkeep
|
|t:|1743885930
|switch|p1a: Glimmora|Glimmora, F|55/100
|-damage|p1a: Glimmora|43/100|[from] Stealth Rock
|turn|11
|
|t:|1743885935
|move|p2a: Dragonite|Tera Blast|p1a: Glimmora|[anim] Tera Blast Flying
|-resisted|p1a: Glimmora
|-damage|p1a: Glimmora|0 fnt
|-activate|p1a: Glimmora|ability: Toxic Debris
|-sidestart|p2: KaisPiplup|move: Toxic Spikes
|faint|p1a: Glimmora
|
|upkeep
|
|t:|1743885942
|switch|p1a: Dragonite|Dragonite, F|100/100
|turn|12
|
|t:|1743885955
|-terastallize|p1a: Dragonite|Ground
|move|p2a: Dragonite|Tera Blast|p1a: Dragonite|[anim] Tera Blast Flying
|-damage|p1a: Dragonite|38/100
|move|p1a: Dragonite|Dragon Claw|p2a: Dragonite
|-damage|p2a: Dragonite|73/100
|
|upkeep
|turn|13
|
|t:|1743885963
|move|p1a: Dragonite|Extreme Speed|p2a: Dragonite
|-damage|p2a: Dragonite|36/100
|move|p2a: Dragonite|Tera Blast|p1a: Dragonite|[anim] Tera Blast Flying
|-damage|p1a: Dragonite|0 fnt
|faint|p1a: Dragonite
|
|upkeep
|
|t:|1743885970
|switch|p1a: Landorus|Landorus-Therian, M|54/100
|-ability|p1a: Landorus|Intimidate|boost
|-unboost|p2a: Dragonite|atk|1
|turn|14
|
|t:|1743885975
|move|p2a: Dragonite|Tera Blast|p1a: Landorus|[anim] Tera Blast Flying
|-damage|p1a: Landorus|0 fnt
|faint|p1a: Landorus
|
|upkeep
|
|t:|1743885980
|switch|p1a: Gholdengo|Gholdengo|100/100
|-damage|p1a: Gholdengo|94/100|[from] Stealth Rock
|-item|p1a: Gholdengo|Air Balloon
|turn|15
|
|t:|1743885986
|move|p2a: Dragonite|Tera Blast|p1a: Gholdengo|[anim] Tera Blast Flying
|-resisted|p1a: Gholdengo
|-damage|p1a: Gholdengo|42/100
|-enditem|p1a: Gholdengo|Air Balloon
|move|p1a: Gholdengo|Thunderbolt|p2a: Dragonite
|-supereffective|p2a: Dragonite
|-damage|p2a: Dragonite|0 fnt
|faint|p2a: Dragonite
|
|upkeep
|
|t:|1743885996
|switch|p2a: Gholdengo|Gholdengo, shiny|100/100
|-damage|p2a: Gholdengo|94/100|[from] Stealth Rock
|turn|16
|
|t:|1743886000
|move|p2a: Gholdengo|Shadow Ball|p1a: Gholdengo
|-supereffective|p1a: Gholdengo
|-damage|p1a: Gholdengo|0 fnt
|faint|p1a: Gholdengo
|
|upkeep
|
|t:|1743886006
|switch|p1a: Kingambit|Kingambit, M|100/100
|-damage|p1a: Kingambit|94/100|[from] Stealth Rock
|-activate|p1a: Kingambit|ability: Supreme Overlord
|-start|p1a: Kingambit|fallen5|[silent]
|turn|17
|
|t:|1743886015
|switch|p2a: Clefable|Clefable, F, shiny|48/100
|-status|p2a: Clefable|psn
|move|p1a: Kingambit|Swords Dance|p1a: Kingambit
|-boost|p1a: Kingambit|atk|2
|
|-heal|p2a: Clefable|54/100 psn|[from] item: Leftovers
|upkeep
|turn|18
|
|t:|1743886033
|move|p2a: Clefable|Moonlight|p2a: Clefable
|-heal|p2a: Clefable|100/100 psn
|move|p1a: Kingambit|Kowtow Cleave|p2a: Clefable
|-resisted|p2a: Clefable
|-damage|p2a: Clefable|21/100 psn
|
|-heal|p2a: Clefable|27/100 psn|[from] item: Leftovers
|upkeep
|turn|19
|
|t:|1743886045
|move|p2a: Clefable|Knock Off|p1a: Kingambit
|-resisted|p1a: Kingambit
|-damage|p1a: Kingambit|89/100
|-enditem|p1a: Kingambit|Black Belt|[from] move: Knock Off|[of] p2a: Clefable
|move|p1a: Kingambit|Swords Dance|p1a: Kingambit
|-boost|p1a: Kingambit|atk|2
|
|-heal|p2a: Clefable|33/100 psn|[from] item: Leftovers
|upkeep
|turn|20
|
|t:|1743886055
|move|p2a: Clefable|Moonblast|p1a: Kingambit
|-damage|p1a: Kingambit|45/100
|-unboost|p1a: Kingambit|spa|1
|move|p1a: Kingambit|Kowtow Cleave|p2a: Clefable
|-resisted|p2a: Clefable
|-damage|p2a: Clefable|0 fnt
|faint|p2a: Clefable
|
|upkeep
|
|t:|1743886068
|switch|p2a: Gholdengo|Gholdengo, shiny|94/100
|-damage|p2a: Gholdengo|88/100|[from] Stealth Rock
|turn|21
|
|t:|1743886074
|move|p1a: Kingambit|Sucker Punch||[still]
|-fail|p1a: Kingambit
|move|p2a: Gholdengo|Trick|p1a: Kingambit
|-activate|p2a: Gholdengo|move: Trick|[of] p1a: Kingambit
|-item|p1a: Kingambit|Choice Scarf|[from] move: Trick
|-enditem|p2a: Gholdengo|Choice Scarf|[silent]|[from] move: Trick
|
|upkeep
|turn|22
|
|t:|1743886088
|move|p1a: Kingambit|Sucker Punch|p2a: Gholdengo
|-supereffective|p2a: Gholdengo
|-damage|p2a: Gholdengo|0 fnt
|faint|p2a: Gholdengo
|
|upkeep
|
|t:|1743886093
|switch|p2a: Great Tusk|Great Tusk, shiny|100/100
|-damage|p2a: Great Tusk|98/100|[from] Stealth Rock
|-status|p2a: Great Tusk|psn
|turn|23
|
|t:|1743886098
|move|p1a: Kingambit|Sucker Punch|p2a: Great Tusk
|-resisted|p2a: Great Tusk
|-damage|p2a: Great Tusk|48/100 psn
|move|p2a: Great Tusk|Headlong Rush|p1a: Kingambit
|-supereffective|p1a: Kingambit
|-damage|p1a: Kingambit|0 fnt
|-unboost|p2a: Great Tusk|def|1
|-unboost|p2a: Great Tusk|spd|1
|faint|p1a: Kingambit
|-end|p1a: Kingambit|fallen5|[silent]
|
|win|KaisPiplup
|raw|LeVraiMoi's rating: 1177 &rarr; <strong>1150</strong><br />(-27 for losing)
|raw|KaisPiplup's rating: 1153 &rarr; <strong>1180</strong><br />(+27 for winning)
|l|☆LeVraiMoi
|player|p1|
