|j|☆ybxstudy
|j|☆Yung phi
|t:|1743847312
|gametype|singles
|player|p1|ybxstudy|2|1051
|player|p2|Yung phi|169|1114
|teamsize|p1|6
|teamsize|p2|6
|gen|9
|tier|[Gen 9] OU
|rated|
|rule|HP Percentage Mod: HP is shown in percentages
|rule|Endless Battle Clause: Forcing endless battles is banned
|rule|Species Clause: Limit one of each Pokémon
|rule|OHKO Clause: OHKO moves are banned
|rule|Evasion Items Clause: Evasion items are banned
|rule|Evasion Moves Clause: Evasion moves are banned
|rule|Sleep Moves Clause: Sleep-inducing moves are banned
|clearpoke
|poke|p1|Zangoose, M|
|poke|p1|Zebstrika, F|
|poke|p1|Lapras, M|
|poke|p1|Zoroark, M|
|poke|p1|Corviknight, M|
|poke|p1|Palossand, M|
|poke|p2|Walking Wake|
|poke|p2|Meowscarada, F|
|poke|p2|Landorus-Therian, M|
|poke|p2|Hitmonlee, M|
|poke|p2|Slowking-Galar, M|
|poke|p2|Cinderace, M|
|teampreview
|
|t:|1743847322
|start
|switch|p1a: Zangoose|Zangoose, M|100/100
|switch|p2a: Walking Wake|Walking Wake|100/100
|turn|1
|
|t:|1743847330
|move|p2a: Walking Wake|Draco Meteor|p1a: Zangoose
|-damage|p1a: Zangoose|0 fnt
|-unboost|p2a: Walking Wake|spa|2
|faint|p1a: Zangoose
|
|upkeep
|
|t:|1743847342
|switch|p1a: Palossand|Palossand, M|100/100
|turn|2
|
|t:|1743847356
|-end|p2a: Walking Wake|Protosynthesis|[silent]
|switch|p2a: Landorus|Landorus-Therian, M|100/100
|-ability|p2a: Landorus|Intimidate|boost
|-unboost|p1a: Palossand|atk|1
|move|p1a: Palossand|Nasty Plot|p1a: Palossand
|-boost|p1a: Palossand|spa|2
|
|upkeep
|turn|3
|inactive|Battle timer is ON: inactive players will automatically lose when time's up. (requested by Yung phi)
|
|t:|1743847386
|move|p1a: Palossand|Dark Pulse|p2a: Landorus
|-damage|p2a: Landorus|17/100
|move|p2a: Landorus|Stealth Rock|p1a: Palossand
|-sidestart|p1: ybxstudy|move: Stealth Rock
|
|upkeep
|turn|4
|
|t:|1743847395
|switch|p2a: Meowscarada|Meowscarada, F, shiny|100/100
|move|p1a: Palossand|Dark Pulse|p2a: Meowscarada
|-resisted|p2a: Meowscarada
|-damage|p2a: Meowscarada|37/100
|
|upkeep
|turn|5
|
|t:|1743847409
|move|p2a: Meowscarada|Triple Axel|p1a: Palossand
|-start|p2a: Meowscarada|typechange|Ice|[from] ability: Protean
|-damage|p1a: Palossand|82/100
|replace|p1a: Zoroark|Zoroark, M
|-end|p1a: Zoroark|Illusion
|-damage|p1a: Zoroark|48/100
|-damage|p1a: Zoroark|0 fnt
|faint|p1a: Zoroark
|-hitcount|p1: Zoroark|3
|
|upkeep
|
|t:|1743847419
|switch|p1a: Corviknight|Corviknight, M|100/100
|-damage|p1a: Corviknight|88/100|[from] Stealth Rock
|turn|6
|
|t:|1743847425
|switch|p2a: Landorus|Landorus-Therian, M|17/100
|-ability|p2a: Landorus|Intimidate|boost
|-ability|p1a: Corviknight|Mirror Armor
|-unboost|p2a: Landorus|atk|1
|move|p1a: Corviknight|Defog|p2a: Landorus
|-unboost|p2a: Landorus|evasion|1
|-sideend|p1: ybxstudy|Stealth Rock|[from] move: Defog|[of] p1a: Corviknight
|
|-heal|p1a: Corviknight|94/100|[from] item: Leftovers
|upkeep
|turn|7
|
|t:|1743847435
|move|p2a: Landorus|Stealth Rock|p1a: Corviknight
|-sidestart|p1: ybxstudy|move: Stealth Rock
|move|p1a: Corviknight|Brave Bird|p2a: Landorus
|-damage|p2a: Landorus|0 fnt
|-damage|p1a: Corviknight|78/100|[from] item: Rocky Helmet|[of] p2a: Landorus
|faint|p2a: Landorus
|-damage|p1a: Corviknight|72/100|[from] Recoil
|
|-heal|p1a: Corviknight|79/100|[from] item: Leftovers
|upkeep
|
|t:|1743847441
|switch|p2a: Walking Wake|Walking Wake|100/100
|turn|8
|
|t:|1743847452
|move|p2a: Walking Wake|Flamethrower|p1a: Corviknight
|-supereffective|p1a: Corviknight
|-damage|p1a: Corviknight|0 fnt
|faint|p1a: Corviknight
|
|upkeep
|
|t:|1743847460
|switch|p1a: Zebstrika|Zebstrika, F|100/100
|-damage|p1a: Zebstrika|88/100|[from] Stealth Rock
|turn|9
|
|t:|1743847470
|-end|p2a: Walking Wake|Protosynthesis|[silent]
|switch|p2a: Slowking|Slowking-Galar, M|100/100
|move|p1a: Zebstrika|Supercell Slam|p2a: Slowking
|-damage|p2a: Slowking|24/100
|
|upkeep
|turn|10
|
|t:|1743847480
|switch|p2a: Meowscarada|Meowscarada, F, shiny|37/100
|move|p1a: Zebstrika|Supercell Slam|p2a: Meowscarada
|-resisted|p2a: Meowscarada
|-damage|p2a: Meowscarada|0 fnt
|faint|p2a: Meowscarada
|
|upkeep
|
|t:|1743847492
|switch|p2a: Walking Wake|Walking Wake|100/100
|turn|11
|
|t:|1743847514
|move|p2a: Walking Wake|Draco Meteor|p1a: Zebstrika
|-damage|p1a: Zebstrika|0 fnt
|-unboost|p2a: Walking Wake|spa|2
|faint|p1a: Zebstrika
|
|upkeep
|
|t:|1743847519
|switch|p1a: Palossand|Palossand, M|100/100
|-damage|p1a: Palossand|94/100|[from] Stealth Rock
|turn|12
|
|t:|1743847527
|move|p2a: Walking Wake|Draco Meteor|p1a: Palossand
|-damage|p1a: Palossand|34/100
|-unboost|p2a: Walking Wake|spa|2
|move|p1a: Palossand|Scorching Sands|p2a: Walking Wake
|-damage|p2a: Walking Wake|70/100
|
|upkeep
|turn|13
|
|t:|1743847536
|move|p2a: Walking Wake|Draco Meteor|p1a: Palossand
|-damage|p1a: Palossand|0 fnt
|-unboost|p2a: Walking Wake|spa|2
|faint|p1a: Palossand
|
|upkeep
|
|t:|1743847540
|switch|p1a: Lapras|Lapras, M|100/100
|-damage|p1a: Lapras|75/100|[from] Stealth Rock
|turn|14
|
|t:|1743847543
|-end|p2a: Walking Wake|Protosynthesis|[silent]
|switch|p2a: Slowking|Slowking-Galar, M|57/100
|move|p1a: Lapras|Hydro Pump|p2a: Slowking
|-damage|p2a: Slowking|38/100
|
|upkeep
|turn|15
|
|t:|1743847555
|move|p1a: Lapras|Confuse Ray|p2a: Slowking
|-start|p2a: Slowking|confusion
|-prepare|p2a: Slowking|Chilly Reception|[premajor]
|-activate|p2a: Slowking|confusion
|move|p2a: Slowking|Chilly Reception|p2a: Slowking
|-weather|Snowscape
|
|t:|1743847563
|switch|p2a: Leeman|Hitmonlee, M|100/100|[from] Chilly Reception
|
|-weather|Snowscape|[upkeep]
|upkeep
|turn|16
|
|t:|1743847584
|-terastallize|p2a: Leeman|Fighting
|move|p2a: Leeman|High Jump Kick|p1a: Lapras
|-supereffective|p1a: Lapras
|-damage|p1a: Lapras|0 fnt
|faint|p1a: Lapras
|
|win|Yung phi
|raw|ybxstudy's rating: 1080 &rarr; <strong>1060</strong><br />(-20 for losing)
|raw|Yung phi's rating: 1114 &rarr; <strong>1137</strong><br />(+23 for winning)
|l|☆ybxstudy
|player|p1|
|l|☆Yung phi
|player|p2|
