|j|☆Bastermater
|j|☆Edk895
|t:|1743936571
|gametype|singles
|player|p1|Bastermater|266|1497
|player|p2|Edk895|266|1433
|teamsize|p1|6
|teamsize|p2|6
|gen|9
|tier|[Gen 9] OU
|rated|
|rule|HP Percentage Mod: HP is shown in percentages
|rule|Endless Battle Clause: Forcing endless battles is banned
|rule|Species Clause: Limit one of each Pokémon
|rule|OHKO Clause: OHKO moves are banned
|rule|Evasion Items Clause: Evasion items are banned
|rule|Evasion Moves Clause: Evasion moves are banned
|rule|Sleep Moves Clause: Sleep-inducing moves are banned
|clearpoke
|poke|p1|Grafaiai, M|
|poke|p1|Hydreigon, F|
|poke|p1|Hydrapple, M|
|poke|p1|Azumarill, F|
|poke|p1|Corviknight, M|
|poke|p1|Skeledirge, F|
|poke|p2|Primarina, M|
|poke|p2|Gholdengo|
|poke|p2|Gliscor, M|
|poke|p2|Ogerpon-Wellspring, F|
|poke|p2|Weezing-Galar, F|
|poke|p2|Dondozo, F|
|teampreview
|inactive|Battle timer is ON: inactive players will automatically lose when time's up. (requested by Bastermater)
|inactive|Edk895 has 120 seconds left.
|
|t:|1743936606
|start
|switch|p1a: Hydreigon|Hydreigon, F|100/100
|switch|p2a: Gliscor|Gliscor, M|100/100
|turn|1
|
|t:|1743936611
|move|p2a: Gliscor|Protect|p2a: Gliscor
|-singleturn|p2a: Gliscor|Protect
|move|p1a: Hydreigon|Stealth Rock|p2a: Gliscor
|-sidestart|p2: Edk895|move: Stealth Rock
|
|-status|p2a: Gliscor|tox|[from] item: Toxic Orb
|upkeep
|turn|2
|
|t:|1743936618
|move|p1a: Hydreigon|Draco Meteor|p2a: Gliscor
|-damage|p2a: Gliscor|29/100 tox
|-unboost|p1a: Hydreigon|spa|2
|move|p2a: Gliscor|Stealth Rock|p1a: Hydreigon
|-sidestart|p1: Bastermater|move: Stealth Rock
|
|-heal|p2a: Gliscor|42/100 tox|[from] ability: Poison Heal
|upkeep
|turn|3
|
|t:|1743936626
|switch|p1a: Azumarill|Azumarill, F|100/100
|-damage|p1a: Azumarill|88/100|[from] Stealth Rock
|move|p2a: Gliscor|Knock Off|p1a: Azumarill
|-resisted|p1a: Azumarill
|-damage|p1a: Azumarill|78/100
|-enditem|p1a: Azumarill|Sitrus Berry|[from] move: Knock Off|[of] p2a: Gliscor
|
|-heal|p2a: Gliscor|54/100 tox|[from] ability: Poison Heal
|upkeep
|turn|4
|
|t:|1743936636
|move|p2a: Gliscor|Protect|p2a: Gliscor
|-singleturn|p2a: Gliscor|Protect
|move|p1a: Azumarill|Play Rough|p2a: Gliscor
|-activate|p2a: Gliscor|move: Protect
|
|-heal|p2a: Gliscor|67/100 tox|[from] ability: Poison Heal
|upkeep
|turn|5
|
|t:|1743936644
|switch|p2a: Dondozo|Dondozo, F|100/100
|-damage|p2a: Dondozo|88/100|[from] Stealth Rock
|move|p1a: Azumarill|Liquidation|p2a: Dondozo
|-resisted|p2a: Dondozo
|-damage|p2a: Dondozo|76/100
|
|-heal|p2a: Dondozo|82/100|[from] item: Leftovers
|upkeep
|turn|6
|
|t:|1743936653
|switch|p1a: Hydrapple|Hydrapple, M|100/100
|-damage|p1a: Hydrapple|88/100|[from] Stealth Rock
|switch|p2a: Weezing|Weezing-Galar, F|100/100
|-damage|p2a: Weezing|88/100|[from] Stealth Rock
|
|-heal|p2a: Weezing|94/100|[from] item: Leftovers
|upkeep
|turn|7
|
|t:|1743936662
|switch|p1a: Skeledirge|Skeledirge, F|100/100
|move|p2a: Weezing|Will-O-Wisp|p1a: Skeledirge
|-immune|p1a: Skeledirge
|
|-heal|p2a: Weezing|99/100|[from] item: Leftovers
|upkeep
|turn|8
|
|t:|1743936670
|move|p1a: Skeledirge|Will-O-Wisp|p2a: Weezing
|-status|p2a: Weezing|brn
|move|p2a: Weezing|Defog|p1a: Skeledirge
|-unboost|p1a: Skeledirge|evasion|1
|-sideend|p1: Bastermater|Stealth Rock|[from] move: Defog|[of] p2a: Weezing
|-sideend|p2: Edk895|Stealth Rock|[from] move: Defog|[of] p2a: Weezing
|
|-heal|p2a: Weezing|100/100 brn|[from] item: Leftovers
|-damage|p2a: Weezing|94/100 brn|[from] brn
|upkeep
|turn|9
|
|t:|1743936682
|switch|p2a: Primarina|Primarina, M|100/100
|move|p1a: Skeledirge|Torch Song|p2a: Primarina
|-resisted|p2a: Primarina
|-damage|p2a: Primarina|89/100
|-boost|p1a: Skeledirge|spa|1
|
|upkeep
|turn|10
|
|t:|1743936691
|switch|p2a: Gliscor|Gliscor, M|67/100 tox
|move|p1a: Skeledirge|Shadow Ball|p2a: Gliscor
|-damage|p2a: Gliscor|16/100 tox
|
|-heal|p2a: Gliscor|29/100 tox|[from] ability: Poison Heal
|upkeep
|turn|11
|
|t:|1743936701
|move|p2a: Gliscor|Protect|p2a: Gliscor
|-singleturn|p2a: Gliscor|Protect
|move|p1a: Skeledirge|Shadow Ball|p2a: Gliscor
|-activate|p2a: Gliscor|move: Protect
|
|-heal|p2a: Gliscor|41/100 tox|[from] ability: Poison Heal
|upkeep
|turn|12
|
|t:|1743936709
|switch|p2a: Dondozo|Dondozo, F|82/100
|move|p1a: Skeledirge|Torch Song|p2a: Dondozo
|-resisted|p2a: Dondozo
|-damage|p2a: Dondozo|67/100
|-boost|p1a: Skeledirge|spa|1
|
|-heal|p2a: Dondozo|74/100|[from] item: Leftovers
|upkeep
|turn|13
|
|t:|1743936718
|move|p1a: Skeledirge|Will-O-Wisp|p2a: Dondozo|[miss]
|-miss|p1a: Skeledirge|p2a: Dondozo
|move|p2a: Dondozo|Waterfall|p1a: Skeledirge
|-supereffective|p1a: Skeledirge
|-damage|p1a: Skeledirge|55/100
|
|-heal|p2a: Dondozo|80/100|[from] item: Leftovers
|upkeep
|turn|14
|
|t:|1743936725
|move|p1a: Skeledirge|Slack Off|p1a: Skeledirge
|-heal|p1a: Skeledirge|100/100
|move|p2a: Dondozo|Waterfall|p1a: Skeledirge
|-supereffective|p1a: Skeledirge
|-damage|p1a: Skeledirge|54/100
|
|-heal|p2a: Dondozo|86/100|[from] item: Leftovers
|upkeep
|turn|15
|
|t:|1743936734
|move|p1a: Skeledirge|Will-O-Wisp|p2a: Dondozo
|-status|p2a: Dondozo|brn
|move|p2a: Dondozo|Waterfall|p1a: Skeledirge
|-supereffective|p1a: Skeledirge
|-damage|p1a: Skeledirge|30/100
|
|-heal|p2a: Dondozo|92/100 brn|[from] item: Leftovers
|-damage|p2a: Dondozo|86/100 brn|[from] brn
|upkeep
|turn|16
|
|t:|1743936746
|switch|p2a: Gholdengo|Gholdengo|100/100
|move|p1a: Skeledirge|Slack Off|p1a: Skeledirge
|-heal|p1a: Skeledirge|81/100
|
|upkeep
|turn|17
|
|t:|1743936752
|switch|p1a: Hydreigon|Hydreigon, F|100/100
|move|p2a: Gholdengo|Thunder Wave|p1a: Hydreigon
|-status|p1a: Hydreigon|par
|
|upkeep
|turn|18
|
|t:|1743936761
|move|p2a: Gholdengo|Focus Blast|p1a: Hydreigon
|-supereffective|p1a: Hydreigon
|-damage|p1a: Hydreigon|11/100 par
|move|p1a: Hydreigon|Stealth Rock|p2a: Gholdengo
|-sidestart|p2: Edk895|move: Stealth Rock
|
|upkeep
|turn|19
|
|t:|1743936776
|switch|p2a: Weezing|Weezing-Galar, F|94/100 brn
|-damage|p2a: Weezing|82/100 brn|[from] Stealth Rock
|move|p1a: Hydreigon|Crunch|p2a: Weezing
|-resisted|p2a: Weezing
|-damage|p2a: Weezing|67/100 brn
|-unboost|p2a: Weezing|def|1
|
|-heal|p2a: Weezing|73/100 brn|[from] item: Leftovers
|-damage|p2a: Weezing|67/100 brn|[from] brn
|upkeep
|turn|20
|
|t:|1743936787
|move|p1a: Hydreigon|Head Smash|p2a: Weezing
|-damage|p2a: Weezing|10/100 brn
|-damage|p1a: Hydreigon|0 fnt|[from] Recoil
|faint|p1a: Hydreigon
|move|p2a: Weezing|Defog|p1: Hydreigon|[notarget]
|-fail|p2a: Weezing
|
|-heal|p2a: Weezing|16/100 brn|[from] item: Leftovers
|-damage|p2a: Weezing|10/100 brn|[from] brn
|upkeep
|
|t:|1743936799
|switch|p1a: Skeledirge|Skeledirge, F|81/100
|turn|21
|
|t:|1743936803
|move|p1a: Skeledirge|Torch Song|p2a: Weezing
|-damage|p2a: Weezing|0 fnt
|-boost|p1a: Skeledirge|spa|1
|faint|p2a: Weezing
|
|upkeep
|
|t:|1743936812
|switch|p2a: Ogerpon|Ogerpon-Wellspring, F|100/100
|-damage|p2a: Ogerpon|88/100|[from] Stealth Rock
|turn|22
|
|t:|1743936816
|-terastallize|p1a: Skeledirge|Water
|move|p2a: Ogerpon|Knock Off|p1a: Skeledirge
|-damage|p1a: Skeledirge|47/100
|-enditem|p1a: Skeledirge|Heavy-Duty Boots|[from] move: Knock Off|[of] p2a: Ogerpon
|move|p1a: Skeledirge|Will-O-Wisp|p2a: Ogerpon
|-status|p2a: Ogerpon|brn
|
|-damage|p2a: Ogerpon|82/100 brn|[from] brn
|upkeep
|turn|23
|
|t:|1743936826
|switch|p2a: Dondozo|Dondozo, F|86/100 brn
|-damage|p2a: Dondozo|74/100 brn|[from] Stealth Rock
|switch|p1a: Hydrapple|Hydrapple, M|100/100
|
|-heal|p2a: Dondozo|80/100 brn|[from] item: Leftovers
|-damage|p2a: Dondozo|74/100 brn|[from] brn
|upkeep
|turn|24
|
|t:|1743936835
|switch|p2a: Gholdengo|Gholdengo|100/100
|-damage|p2a: Gholdengo|94/100|[from] Stealth Rock
|move|p1a: Hydrapple|Nasty Plot|p1a: Hydrapple
|-boost|p1a: Hydrapple|spa|2
|
|-heal|p2a: Gholdengo|100/100|[from] item: Leftovers
|upkeep
|turn|25
|
|t:|1743936843
|move|p2a: Gholdengo|Thunder Wave|p1a: Hydrapple
|-status|p1a: Hydrapple|par
|move|p1a: Hydrapple|Earth Power|p2a: Gholdengo
|-supereffective|p2a: Gholdengo
|-damage|p2a: Gholdengo|0 fnt
|faint|p2a: Gholdengo
|
|upkeep
|-message|Edk895 forfeited.
|
|win|Bastermater
|raw|Bastermater's rating: 1497 &rarr; <strong>1513</strong><br />(+16 for winning)
|raw|Edk895's rating: 1433 &rarr; <strong>1417</strong><br />(-16 for losing)
|l|☆Edk895
|player|p2|
|l|☆Bastermater
|player|p1|
