|j|☆cabincabin
|j|☆MIT POG MOMENT
|t:|1743858700
|gametype|singles
|player|p1|cabincabin|102|1512
|player|p2|MIT POG MOMENT|crasherwake|1521
|teamsize|p1|6
|teamsize|p2|6
|gen|9
|tier|[Gen 9] OU
|rated|
|rule|HP Percentage Mod: HP is shown in percentages
|rule|Endless Battle Clause: Forcing endless battles is banned
|rule|Species Clause: Limit one of each Pokémon
|rule|OHKO Clause: OHKO moves are banned
|rule|Evasion Items Clause: Evasion items are banned
|rule|Evasion Moves Clause: Evasion moves are banned
|rule|Sleep Moves Clause: Sleep-inducing moves are banned
|clearpoke
|poke|p1|Heatran, M|
|poke|p1|Corviknight, M|
|poke|p1|Hoopa-Unbound|
|poke|p1|Clefable, F|
|poke|p1|Great Tusk|
|poke|p1|Dragonite, M|
|poke|p2|Corviknight, M|
|poke|p2|Quaquaval, M|
|poke|p2|Iron Boulder|
|poke|p2|Zapdos|
|poke|p2|Goodra-Hisui, M|
|poke|p2|Iron Valiant|
|teampreview
|
|t:|1743858715
|start
|switch|p1a: Corviknight|Corviknight, M|100/100
|switch|p2a: Zapdos|Zapdos|100/100
|-ability|p1a: Corviknight|Pressure
|turn|1
|
|t:|1743858722
|switch|p1a: Great Tusk|Great Tusk|100/100
|move|p2a: Zapdos|Volt Switch|p1a: Great Tusk
|-immune|p1a: Great Tusk
|
|upkeep
|turn|2
|
|t:|1743858729
|-end|p1a: Great Tusk|Protosynthesis|[silent]
|switch|p1a: Corviknight|Corviknight, M|100/100
|-ability|p1a: Corviknight|Pressure
|move|p2a: Zapdos|Hurricane|p1a: Corviknight
|-resisted|p1a: Corviknight
|-damage|p1a: Corviknight|80/100
|-start|p1a: Corviknight|confusion
|
|upkeep
|turn|3
|
|t:|1743858734
|switch|p1a: Heatran|Heatran, M|100/100
|move|p2a: Zapdos|Volt Switch|p1a: Heatran
|-damage|p1a: Heatran|81/100
|
|t:|1743858750
|switch|p2a: Quaquaval|Quaquaval, M|100/100|[from] Volt Switch
|
|-heal|p1a: Heatran|87/100|[from] item: Leftovers
|upkeep
|turn|4
|
|t:|1743858756
|switch|p1a: Corviknight|Corviknight, M|80/100
|-ability|p1a: Corviknight|Pressure
|move|p2a: Quaquaval|Aqua Step|p1a: Corviknight
|-damage|p1a: Corviknight|53/100
|-boost|p2a: Quaquaval|spe|1
|-damage|p2a: Quaquaval|84/100|[from] item: Rocky Helmet|[of] p1a: Corviknight
|
|upkeep
|turn|5
|
|t:|1743858763
|move|p2a: Quaquaval|Knock Off|p1a: Corviknight
|-damage|p1a: Corviknight|30/100
|-damage|p2a: Quaquaval|68/100|[from] item: Rocky Helmet|[of] p1a: Corviknight
|-enditem|p1a: Corviknight|Rocky Helmet|[from] move: Knock Off|[of] p2a: Quaquaval
|move|p1a: Corviknight|Roost|p1a: Corviknight
|-heal|p1a: Corviknight|80/100
|-singleturn|p1a: Corviknight|move: Roost
|
|upkeep
|turn|6
|
|t:|1743858772
|switch|p2a: Zapdos|Zapdos|100/100
|move|p1a: Corviknight|U-turn|p2a: Zapdos
|-resisted|p2a: Zapdos
|-damage|p2a: Zapdos|95/100
|
|t:|1743858775
|switch|p1a: Heatran|Heatran, M|87/100|[from] U-turn
|
|-heal|p1a: Heatran|93/100|[from] item: Leftovers
|upkeep
|turn|7
|
|t:|1743858779
|move|p2a: Zapdos|Volt Switch|p1a: Heatran
|-damage|p1a: Heatran|76/100
|
|t:|1743858782
|switch|p2a: Quaquaval|Quaquaval, M|68/100|[from] Volt Switch
|move|p1a: Heatran|Magma Storm|p2a: Quaquaval
|-resisted|p2a: Quaquaval
|-damage|p2a: Quaquaval|47/100
|-activate|p2a: Quaquaval|move: Magma Storm|[of] p1a: Heatran
|
|-heal|p1a: Heatran|82/100|[from] item: Leftovers
|-damage|p2a: Quaquaval|35/100|[from] move: Magma Storm|[partiallytrapped]
|upkeep
|turn|8
|
|t:|1743858787
|switch|p1a: Corviknight|Corviknight, M|80/100
|-ability|p1a: Corviknight|Pressure
|move|p2a: Quaquaval|Close Combat|p1a: Corviknight
|-damage|p1a: Corviknight|39/100
|-unboost|p2a: Quaquaval|def|1
|-unboost|p2a: Quaquaval|spd|1
|
|-end|p2a: Quaquaval|Magma Storm|[partiallytrapped]|[silent]
|upkeep
|turn|9
|
|t:|1743858794
|switch|p1a: Clefable|Clefable, F|100/100
|move|p2a: Quaquaval|Aqua Step|p1a: Clefable
|-damage|p1a: Clefable|66/100
|-boost|p2a: Quaquaval|spe|1
|
|-heal|p1a: Clefable|72/100|[from] item: Leftovers
|upkeep
|turn|10
|
|t:|1743858804
|switch|p2a: Iron Boulder|Iron Boulder|100/100
|-enditem|p2a: Iron Boulder|Booster Energy
|-activate|p2a: Iron Boulder|ability: Quark Drive|[fromitem]
|-start|p2a: Iron Boulder|quarkdrivespe
|move|p1a: Clefable|Stealth Rock|p2a: Iron Boulder
|-sidestart|p2: MIT POG MOMENT|move: Stealth Rock
|
|-heal|p1a: Clefable|78/100|[from] item: Leftovers
|upkeep
|turn|11
|
|t:|1743858814
|move|p2a: Iron Boulder|Swords Dance|p2a: Iron Boulder
|-boost|p2a: Iron Boulder|atk|2
|move|p1a: Clefable|Moonblast|p2a: Iron Boulder
|-damage|p2a: Iron Boulder|68/100
|
|-heal|p1a: Clefable|84/100|[from] item: Leftovers
|upkeep
|turn|12
|
|t:|1743858822
|move|p2a: Iron Boulder|Swords Dance|p2a: Iron Boulder
|-boost|p2a: Iron Boulder|atk|2
|move|p1a: Clefable|Moonblast|p2a: Iron Boulder
|-damage|p2a: Iron Boulder|37/100
|-unboost|p2a: Iron Boulder|spa|1
|
|-heal|p1a: Clefable|90/100|[from] item: Leftovers
|upkeep
|turn|13
|
|t:|1743858828
|move|p2a: Iron Boulder|Mighty Cleave|p1a: Clefable
|-damage|p1a: Clefable|56/100
|move|p1a: Clefable|Calm Mind|p1a: Clefable
|-boost|p1a: Clefable|spa|1
|-boost|p1a: Clefable|spd|1
|
|-heal|p1a: Clefable|62/100|[from] item: Leftovers
|upkeep
|turn|14
|
|t:|1743858832
|move|p2a: Iron Boulder|Earthquake|p1a: Clefable
|-damage|p1a: Clefable|37/100
|move|p1a: Clefable|Moonlight|p1a: Clefable
|-heal|p1a: Clefable|87/100
|
|-heal|p1a: Clefable|93/100|[from] item: Leftovers
|upkeep
|turn|15
|
|t:|1743858839
|move|p2a: Iron Boulder|Mighty Cleave|p1a: Clefable
|-damage|p1a: Clefable|55/100
|move|p1a: Clefable|Calm Mind|p1a: Clefable
|-boost|p1a: Clefable|spa|1
|-boost|p1a: Clefable|spd|1
|
|-heal|p1a: Clefable|61/100|[from] item: Leftovers
|upkeep
|turn|16
|
|t:|1743858843
|move|p2a: Iron Boulder|Mighty Cleave|p1a: Clefable
|-damage|p1a: Clefable|25/100
|move|p1a: Clefable|Moonlight|p1a: Clefable
|-heal|p1a: Clefable|75/100
|
|-heal|p1a: Clefable|81/100|[from] item: Leftovers
|upkeep
|turn|17
|
|t:|1743858847
|move|p2a: Iron Boulder|Mighty Cleave|p1a: Clefable
|-damage|p1a: Clefable|47/100
|move|p1a: Clefable|Moonlight|p1a: Clefable
|-heal|p1a: Clefable|97/100
|
|-heal|p1a: Clefable|100/100|[from] item: Leftovers
|upkeep
|turn|18
|
|t:|1743858850
|-end|p2a: Iron Boulder|Quark Drive|[silent]
|switch|p2a: Iron Valiant|Iron Valiant|100/100
|-damage|p2a: Iron Valiant|94/100|[from] Stealth Rock
|-enditem|p2a: Iron Valiant|Booster Energy
|-activate|p2a: Iron Valiant|ability: Quark Drive|[fromitem]
|-start|p2a: Iron Valiant|quarkdrivespe
|move|p1a: Clefable|Calm Mind|p1a: Clefable
|-boost|p1a: Clefable|spa|1
|-boost|p1a: Clefable|spd|1
|
|upkeep
|turn|19
|
|t:|1743858855
|switch|p1a: Corviknight|Corviknight, M|39/100
|-ability|p1a: Corviknight|Pressure
|move|p2a: Iron Valiant|Encore||[still]
|-fail|p2a: Iron Valiant
|
|upkeep
|turn|20
|
|t:|1743858859
|move|p2a: Iron Valiant|Calm Mind|p2a: Iron Valiant
|-boost|p2a: Iron Valiant|spa|1
|-boost|p2a: Iron Valiant|spd|1
|move|p1a: Corviknight|Roost|p1a: Corviknight
|-heal|p1a: Corviknight|89/100
|-singleturn|p1a: Corviknight|move: Roost
|
|upkeep
|turn|21
|
|t:|1743858863
|move|p2a: Iron Valiant|Encore|p1a: Corviknight
|-start|p1a: Corviknight|Encore
|move|p1a: Corviknight|Roost|p1a: Corviknight
|-heal|p1a: Corviknight|100/100
|-singleturn|p1a: Corviknight|move: Roost
|
|upkeep
|turn|22
|
|t:|1743858871
|switch|p1a: Clefable|Clefable, F|100/100
|move|p2a: Iron Valiant|Moonblast|p1a: Clefable
|-crit|p1a: Clefable
|-damage|p1a: Clefable|29/100
|
|-heal|p1a: Clefable|35/100|[from] item: Leftovers
|upkeep
|turn|23
|
|t:|1743858876
|move|p2a: Iron Valiant|Moonblast|p1a: Clefable
|-damage|p1a: Clefable|0 fnt
|faint|p1a: Clefable
|
|upkeep
|
|t:|1743858882
|switch|p1a: Corviknight|Corviknight, M|100/100
|-ability|p1a: Corviknight|Pressure
|turn|24
|
|t:|1743858890
|move|p2a: Iron Valiant|Shadow Ball|p1a: Corviknight
|-damage|p1a: Corviknight|60/100
|move|p1a: Corviknight|Brave Bird|p2a: Iron Valiant
|-supereffective|p2a: Iron Valiant
|-damage|p2a: Iron Valiant|0 fnt
|faint|p2a: Iron Valiant
|-end|p2a: Iron Valiant|Quark Drive|[silent]
|-damage|p1a: Corviknight|38/100|[from] Recoil
|
|upkeep
|
|t:|1743858897
|switch|p2a: Quaquaval|Quaquaval, M|35/100
|-damage|p2a: Quaquaval|29/100|[from] Stealth Rock
|turn|25
|
|t:|1743858904
|move|p2a: Quaquaval|Rapid Spin|p1a: Corviknight
|-resisted|p1a: Corviknight
|-damage|p1a: Corviknight|32/100
|-boost|p2a: Quaquaval|spe|1
|-sideend|p2: MIT POG MOMENT|Stealth Rock|[from] move: Rapid Spin|[of] p2a: Quaquaval
|move|p1a: Corviknight|Roost|p1a: Corviknight
|-heal|p1a: Corviknight|82/100
|-singleturn|p1a: Corviknight|move: Roost
|
|upkeep
|turn|26
|
|t:|1743858910
|switch|p2a: Goodra|Goodra-Hisui, M|100/100
|move|p1a: Corviknight|Brave Bird|p2a: Goodra
|-resisted|p2a: Goodra
|-damage|p2a: Goodra|85/100
|-ability|p2a: Goodra|Gooey
|-unboost|p1a: Corviknight|spe|1
|-damage|p1a: Corviknight|78/100|[from] Recoil
|
|upkeep
|turn|27
|
|t:|1743858917
|switch|p1a: Hoopa|Hoopa-Unbound|100/100
|move|p2a: Goodra|Dragon Tail|p1a: Hoopa
|-damage|p1a: Hoopa|68/100
|drag|p1a: Great Tusk|Great Tusk|100/100
|
|upkeep
|turn|28
|
|t:|1743858925
|move|p1a: Great Tusk|Headlong Rush|p2a: Goodra
|-supereffective|p2a: Goodra
|-damage|p2a: Goodra|0 fnt
|-unboost|p1a: Great Tusk|def|1
|-unboost|p1a: Great Tusk|spd|1
|-ability|p2a: Goodra|Gooey
|-unboost|p1a: Great Tusk|spe|1
|faint|p2a: Goodra
|
|upkeep
|
|t:|1743858928
|switch|p2a: Quaquaval|Quaquaval, M|29/100
|turn|29
|
|t:|1743858950
|move|p2a: Quaquaval|Close Combat|p1a: Great Tusk
|-damage|p1a: Great Tusk|41/100
|-unboost|p2a: Quaquaval|def|1
|-unboost|p2a: Quaquaval|spd|1
|move|p1a: Great Tusk|Headlong Rush|p2a: Quaquaval
|-damage|p2a: Quaquaval|0 fnt
|-unboost|p1a: Great Tusk|def|1
|-unboost|p1a: Great Tusk|spd|1
|faint|p2a: Quaquaval
|
|-heal|p1a: Great Tusk|47/100|[from] item: Leftovers
|upkeep
|
|t:|1743858970
|switch|p2a: Zapdos|Zapdos|95/100
|turn|30
|
|t:|1743858976
|-end|p1a: Great Tusk|Protosynthesis|[silent]
|switch|p1a: Heatran|Heatran, M|82/100
|move|p2a: Zapdos|Hurricane|p1a: Heatran
|-resisted|p1a: Heatran
|-damage|p1a: Heatran|68/100
|-start|p1a: Heatran|confusion
|
|-heal|p1a: Heatran|74/100|[from] item: Leftovers
|upkeep
|turn|31
|
|t:|1743858990
|move|p2a: Zapdos|Discharge|p1a: Heatran
|-damage|p1a: Heatran|52/100
|-activate|p1a: Heatran|confusion
|move|p1a: Heatran|Earth Power|p2a: Zapdos
|-immune|p2a: Zapdos
|
|-heal|p1a: Heatran|58/100|[from] item: Leftovers
|upkeep
|turn|32
|
|t:|1743859000
|move|p2a: Zapdos|Discharge|p1a: Heatran
|-damage|p1a: Heatran|37/100
|-activate|p1a: Heatran|confusion
|-damage|p1a: Heatran|32/100|[from] confusion
|
|-heal|p1a: Heatran|38/100|[from] item: Leftovers
|upkeep
|turn|33
|
|t:|1743859007
|move|p2a: Zapdos|Volt Switch|p1a: Heatran
|-damage|p1a: Heatran|20/100
|
|t:|1743859009
|switch|p2a: Iron Boulder|Iron Boulder|37/100|[from] Volt Switch
|-activate|p1a: Heatran|confusion
|move|p1a: Heatran|Magma Storm|p2a: Iron Boulder
|-resisted|p2a: Iron Boulder
|-damage|p2a: Iron Boulder|15/100
|-activate|p2a: Iron Boulder|move: Magma Storm|[of] p1a: Heatran
|
|-heal|p1a: Heatran|26/100|[from] item: Leftovers
|-damage|p2a: Iron Boulder|3/100|[from] move: Magma Storm|[partiallytrapped]
|upkeep
|turn|34
|
|t:|1743859023
|move|p2a: Iron Boulder|Mighty Cleave|p1a: Heatran
|-damage|p1a: Heatran|0 fnt
|faint|p1a: Heatran
|
|-end|p2a: Iron Boulder|Magma Storm|[partiallytrapped]|[silent]
|upkeep
|
|t:|1743859065
|switch|p1a: Great Tusk|Great Tusk|47/100
|turn|35
|
|t:|1743859079
|-end|p2a: Iron Boulder|Quark Drive|[silent]
|switch|p2a: Zapdos|Zapdos|95/100
|move|p1a: Great Tusk|Ice Spinner|p2a: Zapdos
|-supereffective|p2a: Zapdos
|-damage|p2a: Zapdos|64/100
|
|-heal|p1a: Great Tusk|53/100|[from] item: Leftovers
|upkeep
|turn|36
|
|t:|1743859087
|-end|p1a: Great Tusk|Protosynthesis|[silent]
|switch|p1a: Hoopa|Hoopa-Unbound|68/100
|move|p2a: Zapdos|Hurricane|p1a: Hoopa|[miss]
|-miss|p2a: Zapdos|p1a: Hoopa
|
|upkeep
|turn|37
|
|t:|1743859092
|move|p2a: Zapdos|Roost|p2a: Zapdos
|-heal|p2a: Zapdos|100/100
|-singleturn|p2a: Zapdos|move: Roost
|move|p1a: Hoopa|Psychic|p2a: Zapdos
|-damage|p2a: Zapdos|36/100
|
|upkeep
|turn|38
|
|t:|1743859099
|switch|p2a: Corviknight|Corviknight, M|100/100
|-ability|p2a: Corviknight|Pressure
|move|p1a: Hoopa|Psychic|p2a: Corviknight
|-resisted|p2a: Corviknight
|-damage|p2a: Corviknight|68/100
|
|upkeep
|turn|39
|
|t:|1743859103
|move|p1a: Hoopa|Thunderbolt|p2a: Corviknight
|-supereffective|p2a: Corviknight
|-damage|p2a: Corviknight|0 fnt
|faint|p2a: Corviknight
|
|upkeep
|
|t:|1743859107
|switch|p2a: Iron Boulder|Iron Boulder|3/100
|turn|40
|
|t:|1743859114
|move|p2a: Iron Boulder|Close Combat|p1a: Hoopa
|-damage|p1a: Hoopa|0 fnt
|-unboost|p2a: Iron Boulder|def|1
|-unboost|p2a: Iron Boulder|spd|1
|faint|p1a: Hoopa
|
|upkeep
|
|t:|1743859119
|switch|p1a: Corviknight|Corviknight, M|78/100
|-ability|p1a: Corviknight|Pressure
|turn|41
|
|t:|1743859122
|-end|p2a: Iron Boulder|Quark Drive|[silent]
|switch|p2a: Zapdos|Zapdos|36/100
|move|p1a: Corviknight|U-turn|p2a: Zapdos
|-resisted|p2a: Zapdos
|-damage|p2a: Zapdos|31/100
|-status|p1a: Corviknight|par|[from] ability: Static|[of] p2a: Zapdos
|
|t:|1743859127
|switch|p1a: Dragonite|Dragonite, M|100/100|[from] U-turn
|
|upkeep
|turn|42
|
|t:|1743859138
|move|p1a: Dragonite|Dragon Dance|p1a: Dragonite
|-boost|p1a: Dragonite|atk|1
|-boost|p1a: Dragonite|spe|1
|move|p2a: Zapdos|Roost|p2a: Zapdos
|-heal|p2a: Zapdos|81/100
|-singleturn|p2a: Zapdos|move: Roost
|
|upkeep
|turn|43
|
|t:|1743859142
|move|p1a: Dragonite|Encore|p2a: Zapdos
|-start|p2a: Zapdos|Encore
|move|p2a: Zapdos|Roost|p2a: Zapdos
|-heal|p2a: Zapdos|100/100
|-singleturn|p2a: Zapdos|move: Roost
|
|upkeep
|turn|44
|
|t:|1743859146
|switch|p2a: Iron Boulder|Iron Boulder|3/100
|move|p1a: Dragonite|Dragon Dance|p1a: Dragonite
|-boost|p1a: Dragonite|atk|1
|-boost|p1a: Dragonite|spe|1
|
|upkeep
|turn|45
|
|t:|1743859149
|move|p1a: Dragonite|Fire Punch|p2a: Iron Boulder
|-resisted|p2a: Iron Boulder
|-damage|p2a: Iron Boulder|0 fnt
|faint|p2a: Iron Boulder
|-end|p2a: Iron Boulder|Quark Drive|[silent]
|
|upkeep
|
|t:|1743859151
|switch|p2a: Zapdos|Zapdos|100/100
|turn|46
|
|t:|1743859155
|move|p1a: Dragonite|Scale Shot|p2a: Zapdos
|-damage|p2a: Zapdos|82/100
|-damage|p2a: Zapdos|61/100
|-damage|p2a: Zapdos|41/100
|-damage|p2a: Zapdos|21/100
|-hitcount|p2a: Zapdos|4
|-unboost|p1a: Dragonite|def|1
|-boost|p1a: Dragonite|spe|1
|move|p2a: Zapdos|Discharge|p1a: Dragonite
|-damage|p1a: Dragonite|85/100
|-status|p1a: Dragonite|par
|
|upkeep
|turn|47
|
|t:|1743859180
|-terastallize|p2a: Zapdos|Steel
|move|p1a: Dragonite|Scale Shot|p2a: Zapdos|[miss]
|-miss|p1a: Dragonite|p2a: Zapdos
|move|p2a: Zapdos|Roost|p2a: Zapdos
|-heal|p2a: Zapdos|72/100
|
|upkeep
|turn|48
|
|t:|1743859185
|move|p1a: Dragonite|Encore|p2a: Zapdos
|-start|p2a: Zapdos|Encore
|move|p2a: Zapdos|Roost|p2a: Zapdos
|-heal|p2a: Zapdos|100/100
|
|upkeep
|turn|49
|
|t:|1743859188
|move|p1a: Dragonite|Scale Shot|p2a: Zapdos
|-resisted|p2a: Zapdos
|-damage|p2a: Zapdos|90/100
|-resisted|p2a: Zapdos
|-damage|p2a: Zapdos|81/100
|-resisted|p2a: Zapdos
|-damage|p2a: Zapdos|72/100
|-resisted|p2a: Zapdos
|-damage|p2a: Zapdos|62/100
|-resisted|p2a: Zapdos
|-damage|p2a: Zapdos|51/100
|-hitcount|p2a: Zapdos|5
|-unboost|p1a: Dragonite|def|1
|-boost|p1a: Dragonite|spe|1
|move|p2a: Zapdos|Roost|p2a: Zapdos
|-heal|p2a: Zapdos|100/100
|
|upkeep
|turn|50
|
|t:|1743859192
|move|p1a: Dragonite|Fire Punch|p2a: Zapdos
|-supereffective|p2a: Zapdos
|-damage|p2a: Zapdos|22/100
|move|p2a: Zapdos|Roost|p2a: Zapdos
|-heal|p2a: Zapdos|72/100
|
|-end|p2a: Zapdos|Encore
|upkeep
|turn|51
|
|t:|1743859198
|move|p1a: Dragonite|Encore|p2a: Zapdos
|-start|p2a: Zapdos|Encore
|move|p2a: Zapdos|Roost|p2a: Zapdos
|-heal|p2a: Zapdos|100/100
|
|-end|p2a: Zapdos|Encore
|upkeep
|turn|52
|
|t:|1743859209
|move|p1a: Dragonite|Encore||[still]
|-fail|p1a: Dragonite
|move|p2a: Zapdos|Discharge|p1a: Dragonite
|-damage|p1a: Dragonite|55/100 par
|
|upkeep
|turn|53
|
|t:|1743859221
|move|p1a: Dragonite|Fire Punch|p2a: Zapdos
|-supereffective|p2a: Zapdos
|-damage|p2a: Zapdos|19/100
|move|p2a: Zapdos|Discharge|p1a: Dragonite
|-damage|p1a: Dragonite|24/100 par
|
|upkeep
|turn|54
|
|t:|1743859225
|move|p1a: Dragonite|Fire Punch|p2a: Zapdos
|-supereffective|p2a: Zapdos
|-damage|p2a: Zapdos|0 fnt
|faint|p2a: Zapdos
|
|win|cabincabin
|raw|cabincabin's rating: 1512 &rarr; <strong>1533</strong><br />(+21 for winning)
|raw|MIT POG MOMENT's rating: 1521 &rarr; <strong>1500</strong><br />(-21 for losing)
|l|☆MIT POG MOMENT
|player|p2|
|l|☆cabincabin
|player|p1|
