|badge|p2|bronze|gen9ou|100-5
|uhtml|medal-msg|<div class="broadcast-blue">Curious what those medals under the avatar are? PS now has Ladder Seasons! For more information, check out the <a href="https://www.smogon.com/forums/threads/3740067/">thread on Smogon.</a></div>
|j|☆Thibault56
|j|☆Sebas99sevilla
|t:|1743787340
|gametype|singles
|player|p1|Thibault56|acetrainer|1797
|player|p2|Sebas99sevilla|linebacker|1834
|teamsize|p1|6
|teamsize|p2|6
|gen|9
|tier|[Gen 9] OU
|rated|
|rule|HP Percentage Mod: HP is shown in percentages
|rule|Endless Battle Clause: Forcing endless battles is banned
|rule|Species Clause: Limit one of each Pokémon
|rule|OHKO Clause: OHKO moves are banned
|rule|Evasion Items Clause: Evasion items are banned
|rule|Evasion Moves Clause: Evasion moves are banned
|rule|Sleep Moves Clause: Sleep-inducing moves are banned
|clearpoke
|poke|p1|Clodsire, M|
|poke|p1|Incineroar, F|
|poke|p1|Pelipper, M|
|poke|p1|Barraskewda, M|
|poke|p1|Zapdos|
|poke|p1|Corviknight, F|
|poke|p2|Diancie|
|poke|p2|Kyurem|
|poke|p2|Necrozma|
|poke|p2|Hatterene, F|
|poke|p2|Iron Hands|
|poke|p2|Landorus-Therian, M|
|teampreview
|inactive|Battle timer is ON: inactive players will automatically lose when time's up. (requested by Sebas99sevilla)
|
|t:|1743787365
|start
|switch|p1a: Incineroar|Incineroar, F|100/100
|switch|p2a: Kyurem|Kyurem|100/100
|-ability|p2a: Kyurem|Pressure
|-ability|p1a: Incineroar|Intimidate|boost
|-unboost|p2a: Kyurem|atk|1
|turn|1
|
|t:|1743787373
|move|p2a: Kyurem|Earth Power|p1a: Incineroar
|-supereffective|p1a: Incineroar
|-damage|p1a: Incineroar|64/100
|move|p1a: Incineroar|Knock Off|p2a: Kyurem
|-damage|p2a: Kyurem|62/100
|-enditem|p2a: Kyurem|Never-Melt Ice|[from] move: Knock Off|[of] p1a: Incineroar
|
|upkeep
|turn|2
|
|t:|1743787381
|move|p2a: Kyurem|Earth Power|p1a: Incineroar
|-supereffective|p1a: Incineroar
|-damage|p1a: Incineroar|29/100
|move|p1a: Incineroar|Drain Punch|p2a: Kyurem
|-supereffective|p2a: Kyurem
|-crit|p2a: Kyurem
|-damage|p2a: Kyurem|0 fnt
|-heal|p1a: Incineroar|59/100|[from] drain|[of] p2a: Kyurem
|faint|p2a: Kyurem
|
|upkeep
|j| mr drand
|l| mr drand
|
|t:|1743787392
|switch|p2a: Landorus|Landorus-Therian, M|100/100
|-ability|p2a: Landorus|Intimidate|boost
|-unboost|p1a: Incineroar|atk|1
|turn|3
|inactive|Thibault56 has 120 seconds left.
|j| Le Bouquetin
|inactive|Thibault56 has 90 seconds left.
|
|t:|1743787454
|switch|p1a: Corviknight|Corviknight, F|100/100
|-ability|p1a: Corviknight|Pressure
|move|p2a: Landorus|Stealth Rock|p1a: Corviknight
|-sidestart|p1: Thibault56|move: Stealth Rock
|
|upkeep
|turn|4
|
|t:|1743787467
|move|p2a: Landorus|Taunt|p1a: Corviknight
|-start|p1a: Corviknight|move: Taunt
|cant|p1a: Corviknight|move: Taunt|Defog
|
|upkeep
|turn|5
|inactive|Thibault56 has 90 seconds left.
|
|t:|1743787492
|move|p2a: Landorus|U-turn|p1a: Corviknight
|-resisted|p1a: Corviknight
|-damage|p1a: Corviknight|98/100
|-damage|p2a: Landorus|84/100|[from] item: Rocky Helmet|[of] p1a: Corviknight
|
|t:|1743787502
|switch|p2a: Necrozma|Necrozma|100/100|[from] U-turn
|move|p1a: Corviknight|U-turn|p2a: Necrozma
|-supereffective|p2a: Necrozma
|-damage|p2a: Necrozma|83/100
|
|t:|1743787511
|switch|p1a: Incineroar|Incineroar, F|59/100|[from] U-turn
|-ability|p1a: Incineroar|Intimidate|boost
|-unboost|p2a: Necrozma|atk|1
|
|upkeep
|turn|6
|
|t:|1743787515
|switch|p2a: Landorus|Landorus-Therian, M|84/100
|-ability|p2a: Landorus|Intimidate|boost
|-unboost|p1a: Incineroar|atk|1
|move|p1a: Incineroar|Knock Off|p2a: Landorus
|-damage|p2a: Landorus|59/100
|-damage|p1a: Incineroar|43/100|[from] item: Rocky Helmet|[of] p2a: Landorus
|-enditem|p2a: Landorus|Rocky Helmet|[from] move: Knock Off|[of] p1a: Incineroar
|
|upkeep
|turn|7
|
|t:|1743787521
|move|p2a: Landorus|U-turn|p1a: Incineroar
|-damage|p1a: Incineroar|23/100
|
|t:|1743787529
|switch|p2a: Diancie|Diancie|100/100|[from] U-turn
|move|p1a: Incineroar|Parting Shot|p2a: Diancie
|-fail|p2a: Diancie|unboost|[from] ability: Clear Body|[of] p2a: Diancie
|
|upkeep
|turn|8
|inactive|Thibault56 has 120 seconds left.
|
|t:|1743787540
|move|p1a: Incineroar|Parting Shot|p2a: Diancie
|-fail|p2a: Diancie|unboost|[from] ability: Clear Body|[of] p2a: Diancie
|move|p2a: Diancie|Moonblast|p1a: Incineroar
|-damage|p1a: Incineroar|0 fnt
|faint|p1a: Incineroar
|
|upkeep
|
|t:|1743787544
|switch|p1a: Barraskewda|Barraskewda, M|100/100
|-damage|p1a: Barraskewda|88/100|[from] Stealth Rock
|turn|9
|
|t:|1743787550
|switch|p2a: Landorus|Landorus-Therian, M|59/100
|-ability|p2a: Landorus|Intimidate|boost
|-unboost|p1a: Barraskewda|atk|1
|-terastallize|p1a: Barraskewda|Water
|move|p1a: Barraskewda|Liquidation|p2a: Landorus
|-supereffective|p2a: Landorus
|-damage|p2a: Landorus|0 fnt
|faint|p2a: Landorus
|
|upkeep
|
|t:|1743787564
|switch|p2a: Necrozma|Necrozma|83/100
|turn|10
|
|t:|1743787574
|switch|p1a: Corviknight|Corviknight, F|98/100
|-damage|p1a: Corviknight|85/100|[from] Stealth Rock
|-ability|p1a: Corviknight|Pressure
|move|p2a: Necrozma|Trick Room|p2a: Necrozma
|-fieldstart|move: Trick Room|[of] p2a: Necrozma
|
|upkeep
|turn|11
|l| Le Bouquetin
|
|t:|1743787581
|move|p2a: Necrozma|Meteor Beam||[still]
|-prepare|p2a: Necrozma|Meteor Beam
|-boost|p2a: Necrozma|spa|1
|-enditem|p2a: Necrozma|Power Herb
|-anim|p2a: Necrozma|Meteor Beam|p1a: Corviknight|[miss]
|-miss|p2a: Necrozma|p1a: Corviknight
|move|p1a: Corviknight|Defog|p2a: Necrozma
|-unboost|p2a: Necrozma|evasion|1
|-sideend|p1: Thibault56|Stealth Rock|[from] move: Defog|[of] p1a: Corviknight
|
|upkeep
|turn|12
|
|t:|1743787594
|move|p2a: Necrozma|Heat Wave|p1a: Corviknight
|-supereffective|p1a: Corviknight
|-damage|p1a: Corviknight|0 fnt
|faint|p1a: Corviknight
|
|upkeep
|
|t:|1743787601
|switch|p1a: Pelipper|Pelipper, M|100/100
|-weather|RainDance|[from] ability: Drizzle|[of] p1a: Pelipper
|turn|13
|
|t:|1743787609
|move|p2a: Necrozma|Photon Geyser|p1a: Pelipper
|-crit|p1a: Pelipper
|-damage|p1a: Pelipper|0 fnt
|faint|p1a: Pelipper
|
|-weather|RainDance|[upkeep]
|upkeep
|
|t:|1743787621
|switch|p1a: Clodsire|Clodsire, M|100/100
|turn|14
|
|t:|1743787626
|move|p1a: Clodsire|Recover||[still]
|-fail|p1a: Clodsire|heal
|move|p2a: Necrozma|Photon Geyser|p1a: Clodsire
|-supereffective|p1a: Clodsire
|-damage|p1a: Clodsire|3/100
|
|-weather|RainDance|[upkeep]
|-heal|p1a: Clodsire|9/100|[from] item: Leftovers
|-fieldend|move: Trick Room
|upkeep
|turn|15
|j| union boss
|
|t:|1743787631
|move|p1a: Clodsire|Gunk Shot|p2a: Necrozma
|-damage|p2a: Necrozma|57/100
|-status|p2a: Necrozma|psn
|move|p2a: Necrozma|Trick Room|p2a: Necrozma
|-fieldstart|move: Trick Room|[of] p2a: Necrozma
|
|-weather|RainDance|[upkeep]
|-heal|p1a: Clodsire|16/100|[from] item: Leftovers
|-damage|p2a: Necrozma|44/100 psn|[from] psn
|upkeep
|turn|16
|
|t:|1743787635
|move|p1a: Clodsire|Recover|p1a: Clodsire
|-heal|p1a: Clodsire|66/100
|move|p2a: Necrozma|Photon Geyser|p1a: Clodsire
|-supereffective|p1a: Clodsire
|-damage|p1a: Clodsire|0 fnt
|faint|p1a: Clodsire
|
|-weather|RainDance|[upkeep]
|-damage|p2a: Necrozma|32/100 psn|[from] psn
|upkeep
|
|t:|1743787637
|switch|p1a: Barraskewda|Barraskewda, M, tera:Water|88/100
|turn|17
|
|t:|1743787641
|move|p2a: Necrozma|Photon Geyser|p1a: Barraskewda
|-damage|p1a: Barraskewda|0 fnt
|faint|p1a: Barraskewda
|
|-weather|RainDance|[upkeep]
|-damage|p2a: Necrozma|20/100 psn|[from] psn
|upkeep
|-message|Thibault56 forfeited.
|
|win|Sebas99sevilla
|raw|Thibault56's rating: 1773 &rarr; <strong>1756</strong><br />(-17 for losing)
|raw|Sebas99sevilla's rating: 1834 &rarr; <strong>1851</strong><br />(+17 for winning)
|l|☆Thibault56
|player|p1|
|l|☆Sebas99sevilla
|player|p2|
