|j|‽diablo surgea
|j|☆TheLump
|t:|1743856691
|gametype|singles
|player|p1|diablo surgea|ingo|1076
|player|p2|TheLump|102|1120
|teamsize|p1|6
|teamsize|p2|6
|gen|9
|tier|[Gen 9] OU
|rated|
|rule|HP Percentage Mod: HP is shown in percentages
|rule|Endless Battle Clause: Forcing endless battles is banned
|rule|Species Clause: Limit one of each Pokémon
|rule|OHKO Clause: OHKO moves are banned
|rule|Evasion Items Clause: Evasion items are banned
|rule|Evasion Moves Clause: Evasion moves are banned
|rule|Sleep Moves Clause: Sleep-inducing moves are banned
|clearpoke
|poke|p1|Walking Wake|
|poke|p1|Ninetales, F|
|poke|p1|Dragapult, F|
|poke|p1|Hydrapple, M|
|poke|p1|Kingambit, M|
|poke|p1|Great Tusk|
|poke|p2|Venomoth, M|
|poke|p2|Victreebel, M|
|poke|p2|Torkoal, M|
|poke|p2|Iron Moth|
|poke|p2|Revavroom, F|
|poke|p2|Swalot, F|
|teampreview
|
|t:|1743856726
|start
|switch|p1a: Ninetales|Ninetales, F, shiny|100/100
|switch|p2a: Torkoal|Torkoal, M, shiny|100/100
|-weather|SunnyDay|[from] ability: Drought|[of] p1a: Ninetales
|turn|1
|
|t:|1743856748
|switch|p1a: Walking Wake|Walking Wake|100/100
|-activate|p1a: Walking Wake|ability: Protosynthesis
|-start|p1a: Walking Wake|protosynthesisspe
|move|p2a: Torkoal|Earth Power|p1a: Walking Wake
|-crit|p1a: Walking Wake
|-damage|p1a: Walking Wake|68/100
|
|-weather|SunnyDay|[upkeep]
|-heal|p1a: Walking Wake|74/100|[from] item: Leftovers
|upkeep
|turn|2
|
|t:|1743856759
|switch|p2a: Swalot|Swalot, F|100/100
|move|p1a: Walking Wake|Hydro Steam|p2a: Swalot
|-damage|p2a: Swalot|57/100
|
|-weather|SunnyDay|[upkeep]
|-heal|p1a: Walking Wake|80/100|[from] item: Leftovers
|-heal|p2a: Swalot|63/100|[from] item: Black Sludge
|upkeep
|turn|3
|
|t:|1743856770
|move|p1a: Walking Wake|Flip Turn|p2a: Swalot
|-damage|p2a: Swalot|56/100
|
|t:|1743856773
|-end|p1a: Walking Wake|Protosynthesis|[silent]
|switch|p1a: Great Tusk|Great Tusk|100/100|[from] Flip Turn
|-activate|p1a: Great Tusk|ability: Protosynthesis
|-start|p1a: Great Tusk|protosynthesisspe
|move|p2a: Swalot|Thunder Wave|p1a: Great Tusk
|-immune|p1a: Great Tusk
|
|-weather|SunnyDay|[upkeep]
|-heal|p2a: Swalot|62/100|[from] item: Black Sludge
|upkeep
|turn|4
|
|t:|1743856829
|move|p1a: Great Tusk|Earthquake|p2a: Swalot
|-supereffective|p2a: Swalot
|-damage|p2a: Swalot|0 fnt
|faint|p2a: Swalot
|
|-weather|SunnyDay|[upkeep]
|upkeep
|
|t:|1743856832
|switch|p2a: Lowi Trusmadi|Victreebel, M|100/100
|turn|5
|
|t:|1743856837
|move|p2a: Lowi Trusmadi|Growth|p2a: Lowi Trusmadi
|-boost|p2a: Lowi Trusmadi|atk|2
|-boost|p2a: Lowi Trusmadi|spa|2
|move|p1a: Great Tusk|Ice Spinner|p2a: Lowi Trusmadi
|-supereffective|p2a: Lowi Trusmadi
|-damage|p2a: Lowi Trusmadi|29/100
|
|-weather|SunnyDay|[upkeep]
|upkeep
|turn|6
|
|t:|1743856860
|move|p2a: Lowi Trusmadi|Giga Drain|p1a: Great Tusk
|-supereffective|p1a: Great Tusk
|-damage|p1a: Great Tusk|0 fnt
|-heal|p2a: Lowi Trusmadi|100/100|[from] drain|[of] p1a: Great Tusk
|faint|p1a: Great Tusk
|-end|p1a: Great Tusk|Protosynthesis|[silent]
|
|-weather|SunnyDay|[upkeep]
|upkeep
|
|t:|1743856866
|switch|p1a: Walking Wake|Walking Wake|80/100
|-activate|p1a: Walking Wake|ability: Protosynthesis
|-start|p1a: Walking Wake|protosynthesisspe
|turn|7
|
|t:|1743856881
|move|p2a: Lowi Trusmadi|Giga Drain|p1a: Walking Wake
|-damage|p1a: Walking Wake|11/100
|move|p1a: Walking Wake|Weather Ball|p2a: Lowi Trusmadi
|-supereffective|p2a: Lowi Trusmadi
|-damage|p2a: Lowi Trusmadi|0 fnt
|faint|p2a: Lowi Trusmadi
|
|-weather|SunnyDay|[upkeep]
|-heal|p1a: Walking Wake|17/100|[from] item: Leftovers
|upkeep
|
|t:|1743856889
|switch|p2a: Iron Moth|Iron Moth|100/100
|-enditem|p2a: Iron Moth|Booster Energy
|-activate|p2a: Iron Moth|ability: Quark Drive|[fromitem]
|-start|p2a: Iron Moth|quarkdrivespe
|turn|8
|
|t:|1743856894
|move|p2a: Iron Moth|Sludge Wave|p1a: Walking Wake
|-damage|p1a: Walking Wake|0 fnt
|faint|p1a: Walking Wake
|-end|p1a: Walking Wake|Protosynthesis|[silent]
|
|-weather|none
|upkeep
|
|t:|1743856921
|switch|p1a: Hydrapple|Hydrapple, M, shiny|100/100
|turn|9
|
|t:|1743856941
|-terastallize|p1a: Hydrapple|Fire
|move|p2a: Iron Moth|Sludge Wave|p1a: Hydrapple
|-damage|p1a: Hydrapple|56/100
|move|p1a: Hydrapple|Earth Power|p2a: Iron Moth
|-supereffective|p2a: Iron Moth
|-damage|p2a: Iron Moth|0 fnt
|faint|p2a: Iron Moth
|-end|p2a: Iron Moth|Quark Drive|[silent]
|
|-heal|p1a: Hydrapple|62/100|[from] item: Leftovers
|upkeep
|
|t:|1743856947
|switch|p2a: Revavroom|Revavroom, F|100/100
|turn|10
|
|t:|1743856961
|-terastallize|p2a: Revavroom|Flying
|move|p2a: Revavroom|Shift Gear|p2a: Revavroom
|-boost|p2a: Revavroom|spe|2
|-boost|p2a: Revavroom|atk|1
|move|p1a: Hydrapple|Earth Power|p2a: Revavroom
|-immune|p2a: Revavroom
|
|-heal|p1a: Hydrapple|68/100|[from] item: Leftovers
|upkeep
|turn|11
|
|t:|1743856970
|move|p2a: Revavroom|High Horsepower|p1a: Hydrapple
|-supereffective|p1a: Hydrapple
|-damage|p1a: Hydrapple|0 fnt
|faint|p1a: Hydrapple
|
|upkeep
|
|t:|1743856980
|switch|p1a: Dragapult|Dragapult, F, shiny|100/100
|turn|12
|
|t:|1743856991
|move|p2a: Revavroom|Poison Jab|p1a: Dragapult
|-resisted|p1a: Dragapult
|-damage|p1a: Dragapult|51/100
|move|p1a: Dragapult|Thunder Wave|p2a: Revavroom
|-status|p2a: Revavroom|par
|
|-heal|p1a: Dragapult|57/100|[from] item: Leftovers
|upkeep
|turn|13
|
|t:|1743857011
|move|p1a: Dragapult|Hex|p2a: Revavroom
|-damage|p2a: Revavroom|33/100 par
|cant|p2a: Revavroom|par
|
|-heal|p1a: Dragapult|63/100|[from] item: Leftovers
|-heal|p2a: Revavroom|39/100 par|[from] item: Leftovers
|upkeep
|turn|14
|
|t:|1743857022
|move|p1a: Dragapult|Hex|p2a: Revavroom
|-damage|p2a: Revavroom|0 fnt
|faint|p2a: Revavroom
|
|-heal|p1a: Dragapult|69/100|[from] item: Leftovers
|upkeep
|
|t:|1743857026
|switch|p2a: Torkoal|Torkoal, M, shiny|100/100
|-weather|SunnyDay|[from] ability: Drought|[of] p2a: Torkoal
|turn|15
|
|t:|1743857032
|move|p1a: Dragapult|Dragon Dance|p1a: Dragapult
|-boost|p1a: Dragapult|atk|1
|-boost|p1a: Dragapult|spe|1
|move|p2a: Torkoal|Lava Plume|p1a: Dragapult
|-resisted|p1a: Dragapult
|-damage|p1a: Dragapult|46/100
|
|-weather|SunnyDay|[upkeep]
|-heal|p1a: Dragapult|52/100|[from] item: Leftovers
|upkeep
|turn|16
|
|t:|1743857071
|move|p1a: Dragapult|Dragon Darts|p2a: Torkoal
|-damage|p2a: Torkoal|73/100
|-anim|p1a: Dragapult|Dragon Darts|p2a: Torkoal
|-damage|p2a: Torkoal|49/100
|move|p2a: Torkoal|Will-O-Wisp|p1a: Dragapult|[miss]
|-miss|p2a: Torkoal|p1a: Dragapult
|
|-weather|SunnyDay|[upkeep]
|-heal|p1a: Dragapult|58/100|[from] item: Leftovers
|upkeep
|turn|17
|
|t:|1743857080
|move|p1a: Dragapult|Dragon Darts|p2a: Torkoal
|-damage|p2a: Torkoal|20/100
|-anim|p1a: Dragapult|Dragon Darts|p2a: Torkoal
|-damage|p2a: Torkoal|0 fnt
|faint|p2a: Torkoal
|
|-weather|SunnyDay|[upkeep]
|-heal|p1a: Dragapult|64/100|[from] item: Leftovers
|upkeep
|
|t:|1743857085
|switch|p2a: Venomoth|Venomoth, M|100/100
|turn|18
|-message|TheLump forfeited.
|
|win|diablo surgea
|raw|diablo surgea's rating: 1076 &rarr; <strong>1108</strong><br />(+32 for winning)
|raw|TheLump's rating: 1120 &rarr; <strong>1092</strong><br />(-28 for losing)
|l|☆TheLump
|player|p2|
|l|‽diablo surgea
|player|p1|
