|j|☆Spirit Bomb 777
|j|☆cuervotesteador
|t:|1743827710
|gametype|singles
|player|p1|Spirit Bomb 777|kimonogirl|1255
|player|p2|cuervotesteador|1|1234
|teamsize|p1|6
|teamsize|p2|6
|gen|9
|tier|[Gen 9] OU
|rated|
|rule|HP Percentage Mod: HP is shown in percentages
|rule|Endless Battle Clause: Forcing endless battles is banned
|rule|Species Clause: Limit one of each Pokémon
|rule|OHKO Clause: OHKO moves are banned
|rule|Evasion Items Clause: Evasion items are banned
|rule|Evasion Moves Clause: Evasion moves are banned
|rule|Sleep Moves Clause: Sleep-inducing moves are banned
|clearpoke
|poke|p1|Iron Treads|
|poke|p1|Zamazenta-*|
|poke|p1|Ursaluna, F|
|poke|p1|Ogerpon-Wellspring, F|
|poke|p1|Dragonite, F|
|poke|p1|Sinistcha|
|poke|p2|Hitmonchan, M|
|poke|p2|Moltres|
|poke|p2|Frosmoth, F|
|poke|p2|Iron Crown|
|poke|p2|Landorus-Therian, M|
|poke|p2|Ogerpon-Wellspring, F|
|teampreview
|
|t:|1743827733
|start
|switch|p1a: Zamazenta|Zamazenta|100/100
|switch|p2a: Moltres|Moltres|100/100
|-ability|p1a: Zamazenta|Dauntless Shield|boost
|-boost|p1a: Zamazenta|def|1
|turn|1
|
|t:|1743827745
|move|p1a: Zamazenta|Reflect|p1a: Zamazenta
|-sidestart|p1: Spirit Bomb 777|Reflect
|move|p2a: Moltres|Will-O-Wisp|p1a: Zamazenta|[miss]
|-miss|p2a: Moltres|p1a: Zamazenta
|
|upkeep
|turn|2
|
|t:|1743827750
|move|p1a: Zamazenta|Light Screen|p1a: Zamazenta
|-sidestart|p1: Spirit Bomb 777|move: Light Screen
|move|p2a: Moltres|Will-O-Wisp|p1a: Zamazenta
|-status|p1a: Zamazenta|brn
|
|-damage|p1a: Zamazenta|94/100 brn|[from] brn
|upkeep
|turn|3
|
|t:|1743827757
|move|p1a: Zamazenta|Iron Defense|p1a: Zamazenta
|-boost|p1a: Zamazenta|def|2
|move|p2a: Moltres|U-turn|p1a: Zamazenta
|-resisted|p1a: Zamazenta
|-damage|p1a: Zamazenta|93/100 brn
|
|t:|1743827782
|switch|p2a: Iron Crown|Iron Crown|100/100|[from] U-turn
|
|-damage|p1a: Zamazenta|87/100 brn|[from] brn
|upkeep
|turn|4
|
|t:|1743827787
|move|p1a: Zamazenta|Body Press|p2a: Iron Crown
|-damage|p2a: Iron Crown|62/100
|move|p2a: Iron Crown|Psychic Noise|p1a: Zamazenta
|-supereffective|p1a: Zamazenta
|-damage|p1a: Zamazenta|58/100 brn
|-start|p1a: Zamazenta|move: Heal Block
|
|-damage|p1a: Zamazenta|52/100 brn|[from] brn
|upkeep
|turn|5
|
|t:|1743827797
|-end|p2a: Iron Crown|Quark Drive|[silent]
|switch|p2a: Landorus|Landorus-Therian, M|100/100
|-ability|p2a: Landorus|Intimidate|boost
|-unboost|p1a: Zamazenta|atk|1
|move|p1a: Zamazenta|Body Press|p2a: Landorus
|-resisted|p2a: Landorus
|-damage|p2a: Landorus|79/100
|
|-damage|p1a: Zamazenta|46/100 brn|[from] brn
|-end|p1a: Zamazenta|move: Heal Block
|upkeep
|turn|6
|
|t:|1743827811
|switch|p2a: Moltres|Moltres|100/100
|switch|p1a: Iron Treads|Iron Treads|100/100
|-enditem|p1a: Iron Treads|Booster Energy
|-activate|p1a: Iron Treads|ability: Quark Drive|[fromitem]
|-start|p1a: Iron Treads|quarkdrivespe
|
|upkeep
|turn|7
|
|t:|1743827819
|move|p1a: Iron Treads|Stealth Rock|p2a: Moltres
|-sidestart|p2: cuervotesteador|move: Stealth Rock
|move|p2a: Moltres|Will-O-Wisp|p1a: Iron Treads
|-status|p1a: Iron Treads|brn
|
|-damage|p1a: Iron Treads|94/100 brn|[from] brn
|upkeep
|turn|8
|
|t:|1743827827
|-end|p1a: Iron Treads|Quark Drive|[silent]
|switch|p1a: Nobody Can Save Me|Ogerpon-Wellspring, F|100/100
|move|p2a: Moltres|U-turn|p1a: Nobody Can Save Me
|-supereffective|p1a: Nobody Can Save Me
|-damage|p1a: Nobody Can Save Me|82/100
|
|t:|1743827841
|switch|p2a: Landorus|Landorus-Therian, M|79/100|[from] U-turn
|-damage|p2a: Landorus|67/100|[from] Stealth Rock
|-ability|p2a: Landorus|Intimidate|boost
|-unboost|p1a: Nobody Can Save Me|atk|1
|
|-sideend|p1: Spirit Bomb 777|Reflect
|upkeep
|turn|9
|
|t:|1743827847
|move|p2a: Landorus|U-turn|p1a: Nobody Can Save Me
|-supereffective|p1a: Nobody Can Save Me
|-damage|p1a: Nobody Can Save Me|16/100
|
|t:|1743827853
|switch|p2a: Ogerpon|Ogerpon-Wellspring, F|100/100|[from] U-turn
|-damage|p2a: Ogerpon|88/100|[from] Stealth Rock
|move|p1a: Nobody Can Save Me|Ivy Cudgel|p2a: Ogerpon|[anim] Ivy Cudgel Water
|-heal|p2a: Ogerpon|100/100|[from] ability: Water Absorb|[of] p1a: Nobody Can Save Me
|
|-sideend|p1: Spirit Bomb 777|move: Light Screen
|upkeep
|turn|10
|
|t:|1743827861
|move|p2a: Ogerpon|Horn Leech|p1a: Nobody Can Save Me
|-damage|p1a: Nobody Can Save Me|0 fnt
|faint|p1a: Nobody Can Save Me
|
|upkeep
|
|t:|1743827867
|switch|p1a: Sinistcha|Sinistcha|100/100
|turn|11
|
|t:|1743827873
|move|p2a: Ogerpon|Taunt|p1a: Sinistcha
|-start|p1a: Sinistcha|move: Taunt
|cant|p1a: Sinistcha|move: Taunt|Iron Defense
|
|upkeep
|turn|12
|
|t:|1743827891
|switch|p2a: Frosmoth|Frosmoth, F|100/100
|switch|p1a: Zamazenta|Zamazenta|46/100 brn
|
|-damage|p1a: Zamazenta|40/100 brn|[from] brn
|upkeep
|turn|13
|
|t:|1743827900
|move|p1a: Zamazenta|Light Screen|p1a: Zamazenta
|-sidestart|p1: Spirit Bomb 777|move: Light Screen
|move|p2a: Frosmoth|Defog|p1a: Zamazenta
|-unboost|p1a: Zamazenta|evasion|1
|-sideend|p1: Spirit Bomb 777|move: Light Screen
|-sideend|p2: cuervotesteador|Stealth Rock|[from] move: Defog|[of] p2a: Frosmoth
|
|-damage|p1a: Zamazenta|33/100 brn|[from] brn
|upkeep
|turn|14
|
|t:|1743827908
|move|p1a: Zamazenta|Reflect|p1a: Zamazenta
|-sidestart|p1: Spirit Bomb 777|Reflect
|move|p2a: Frosmoth|Quiver Dance|p2a: Frosmoth
|-boost|p2a: Frosmoth|spa|1
|-boost|p2a: Frosmoth|spd|1
|-boost|p2a: Frosmoth|spe|1
|
|-damage|p1a: Zamazenta|27/100 brn|[from] brn
|upkeep
|turn|15
|
|t:|1743827915
|move|p1a: Zamazenta|Light Screen|p1a: Zamazenta
|-sidestart|p1: Spirit Bomb 777|move: Light Screen
|move|p2a: Frosmoth|Defog|p1a: Zamazenta
|-unboost|p1a: Zamazenta|evasion|1
|-sideend|p1: Spirit Bomb 777|Reflect
|-sideend|p1: Spirit Bomb 777|move: Light Screen
|
|-damage|p1a: Zamazenta|21/100 brn|[from] brn
|upkeep
|turn|16
|
|t:|1743827921
|move|p1a: Zamazenta|Light Screen|p1a: Zamazenta
|-sidestart|p1: Spirit Bomb 777|move: Light Screen
|move|p2a: Frosmoth|Quiver Dance|p2a: Frosmoth
|-boost|p2a: Frosmoth|spa|1
|-boost|p2a: Frosmoth|spd|1
|-boost|p2a: Frosmoth|spe|1
|
|-damage|p1a: Zamazenta|15/100 brn|[from] brn
|upkeep
|turn|17
|
|t:|1743827928
|switch|p1a: Ursaluna|Ursaluna, F|100/100
|move|p2a: Frosmoth|Defog|p1a: Ursaluna
|-unboost|p1a: Ursaluna|evasion|1
|-sideend|p1: Spirit Bomb 777|move: Light Screen
|
|-status|p1a: Ursaluna|brn|[from] item: Flame Orb
|upkeep
|turn|18
|
|t:|1743827935
|-terastallize|p1a: Ursaluna|Normal
|move|p2a: Frosmoth|Ice Beam|p1a: Ursaluna
|-damage|p1a: Ursaluna|25/100 brn
|move|p1a: Ursaluna|Facade|p2a: Frosmoth
|-damage|p2a: Frosmoth|0 fnt
|faint|p2a: Frosmoth
|
|-damage|p1a: Ursaluna|19/100 brn|[from] brn
|upkeep
|
|t:|1743827959
|switch|p2a: Ogerpon|Ogerpon-Wellspring, F|100/100
|turn|19
|
|t:|1743827964
|move|p2a: Ogerpon|Ivy Cudgel|p1a: Ursaluna|[anim] Ivy Cudgel Water
|-damage|p1a: Ursaluna|0 fnt
|faint|p1a: Ursaluna
|
|upkeep
|
|t:|1743827968
|switch|p1a: Sinistcha|Sinistcha|100/100
|turn|20
|
|t:|1743827971
|move|p2a: Ogerpon|Taunt|p1a: Sinistcha
|-start|p1a: Sinistcha|move: Taunt
|move|p1a: Sinistcha|Matcha Gotcha|p2a: Ogerpon
|-damage|p2a: Ogerpon|60/100
|
|upkeep
|turn|21
|
|t:|1743827985
|switch|p2a: Moltres|Moltres|100/100
|switch|p1a: Zamazenta|Zamazenta|15/100 brn
|
|-damage|p1a: Zamazenta|9/100 brn|[from] brn
|upkeep
|turn|22
|
|t:|1743827992
|move|p1a: Zamazenta|Light Screen|p1a: Zamazenta
|-sidestart|p1: Spirit Bomb 777|move: Light Screen
|move|p2a: Moltres|Flamethrower|p1a: Zamazenta
|-damage|p1a: Zamazenta|0 fnt
|faint|p1a: Zamazenta
|
|upkeep
|
|t:|1743827999
|switch|p1a: Sinistcha|Sinistcha|100/100
|turn|23
|
|t:|1743828003
|move|p2a: Moltres|U-turn|p1a: Sinistcha
|-damage|p1a: Sinistcha|90/100
|
|t:|1743828005
|switch|p2a: Ogerpon|Ogerpon-Wellspring, F|60/100|[from] U-turn
|move|p1a: Sinistcha|Calm Mind|p1a: Sinistcha
|-boost|p1a: Sinistcha|spa|1
|-boost|p1a: Sinistcha|spd|1
|
|upkeep
|turn|24
|
|t:|1743828013
|move|p2a: Ogerpon|Taunt|p1a: Sinistcha
|-start|p1a: Sinistcha|move: Taunt
|cant|p1a: Sinistcha|move: Taunt|Iron Defense
|
|upkeep
|turn|25
|
|t:|1743828024
|switch|p2a: Iron Crown|Iron Crown|62/100
|move|p1a: Sinistcha|Matcha Gotcha|p2a: Iron Crown|[miss]
|-miss|p1a: Sinistcha|p2a: Iron Crown
|
|upkeep
|turn|26
|
|t:|1743828033
|move|p2a: Iron Crown|Psychic Noise|p1a: Sinistcha
|-damage|p1a: Sinistcha|74/100
|-start|p1a: Sinistcha|move: Heal Block
|move|p1a: Sinistcha|Shadow Ball|p2a: Iron Crown
|-supereffective|p2a: Iron Crown
|-damage|p2a: Iron Crown|0 fnt
|faint|p2a: Iron Crown
|-end|p2a: Iron Crown|Quark Drive|[silent]
|
|-end|p1a: Sinistcha|move: Taunt
|upkeep
|
|t:|1743828043
|switch|p2a: Landorus|Landorus-Therian, M|67/100
|-ability|p2a: Landorus|Intimidate|boost
|-unboost|p1a: Sinistcha|atk|1
|turn|27
|
|t:|1743828049
|-terastallize|p2a: Landorus|Flying
|move|p2a: Landorus|Tera Blast|p1a: Sinistcha|[anim] Tera Blast Flying
|-supereffective|p1a: Sinistcha
|-damage|p1a: Sinistcha|0 fnt
|faint|p1a: Sinistcha
|
|upkeep
|
|t:|1743828055
|switch|p1a: Dragonite|Dragonite, F|100/100
|turn|28
|
|t:|1743828058
|switch|p2a: Moltres|Moltres|100/100
|move|p1a: Dragonite|Dragon Dance|p1a: Dragonite
|-boost|p1a: Dragonite|atk|1
|-boost|p1a: Dragonite|spe|1
|
|upkeep
|turn|29
|
|t:|1743828064
|move|p1a: Dragonite|Scale Shot|p2a: Moltres
|-damage|p2a: Moltres|86/100
|-damage|p2a: Moltres|73/100
|-damage|p2a: Moltres|60/100
|-damage|p2a: Moltres|46/100
|-hitcount|p2a: Moltres|4
|-unboost|p1a: Dragonite|def|1
|-boost|p1a: Dragonite|spe|1
|move|p2a: Moltres|Will-O-Wisp|p1a: Dragonite|[miss]
|-miss|p2a: Moltres|p1a: Dragonite
|
|-sideend|p1: Spirit Bomb 777|move: Light Screen
|upkeep
|turn|30
|
|t:|1743828080
|switch|p2a: Landorus|Landorus-Therian, M, tera:Flying|67/100
|-ability|p2a: Landorus|Intimidate|boost
|-unboost|p1a: Dragonite|atk|1
|move|p1a: Dragonite|Scale Shot|p2a: Landorus|[miss]
|-miss|p1a: Dragonite|p2a: Landorus
|
|upkeep
|turn|31
|inactive|Battle timer is ON: inactive players will automatically lose when time's up. (requested by Spirit Bomb 777)
|
|t:|1743828095
|move|p1a: Dragonite|Dragon Dance|p1a: Dragonite
|-boost|p1a: Dragonite|atk|1
|-boost|p1a: Dragonite|spe|1
|move|p2a: Landorus|U-turn|p1a: Dragonite
|-resisted|p1a: Dragonite
|-damage|p1a: Dragonite|89/100
|
|t:|1743828100
|switch|p2a: Moltres|Moltres|46/100|[from] U-turn
|
|upkeep
|turn|32
|
|t:|1743828110
|switch|p2a: Landorus|Landorus-Therian, M, tera:Flying|67/100
|-ability|p2a: Landorus|Intimidate|boost
|-unboost|p1a: Dragonite|atk|1
|move|p1a: Dragonite|Scale Shot|p2a: Landorus
|-damage|p2a: Landorus|52/100
|-damage|p2a: Landorus|38/100
|-damage|p2a: Landorus|22/100
|-damage|p2a: Landorus|7/100
|-hitcount|p2a: Landorus|4
|-unboost|p1a: Dragonite|def|1
|-boost|p1a: Dragonite|spe|1
|
|upkeep
|turn|33
|
|t:|1743828123
|move|p1a: Dragonite|Fire Punch|p2a: Landorus
|-damage|p2a: Landorus|0 fnt
|faint|p2a: Landorus
|
|upkeep
|
|t:|1743828127
|switch|p2a: Moltres|Moltres|46/100
|turn|34
|
|t:|1743828142
|move|p1a: Dragonite|Scale Shot|p2a: Moltres|[miss]
|-miss|p1a: Dragonite|p2a: Moltres
|move|p2a: Moltres|Roost|p2a: Moltres
|-heal|p2a: Moltres|96/100
|-singleturn|p2a: Moltres|move: Roost
|
|upkeep
|turn|35
|
|t:|1743828149
|switch|p1a: Iron Treads|Iron Treads|94/100 brn
|move|p2a: Moltres|Will-O-Wisp|p1a: Iron Treads
|-fail|p1a: Iron Treads|brn
|
|-damage|p1a: Iron Treads|88/100 brn|[from] brn
|upkeep
|turn|36
|-message|Spirit Bomb 777 forfeited.
|
|win|cuervotesteador
|raw|Spirit Bomb 777's rating: 1255 &rarr; <strong>1228</strong><br />(-27 for losing)
|raw|cuervotesteador's rating: 1234 &rarr; <strong>1261</strong><br />(+27 for winning)
|l|☆Spirit Bomb 777
|player|p1|
|l|☆cuervotesteador
|player|p2|
