|j|☆NDRZF
|j|☆Zelda003
|t:|1743852513
|gametype|singles
|player|p1|NDRZF|lucas|1051
|player|p2|Zelda003|nate|1140
|teamsize|p1|6
|teamsize|p2|6
|gen|9
|tier|[Gen 9] OU
|rated|
|rule|HP Percentage Mod: HP is shown in percentages
|rule|Endless Battle Clause: Forcing endless battles is banned
|rule|Species Clause: Limit one of each Pokémon
|rule|OHKO Clause: OHKO moves are banned
|rule|Evasion Items Clause: Evasion items are banned
|rule|Evasion Moves Clause: Evasion moves are banned
|rule|Sleep Moves Clause: Sleep-inducing moves are banned
|clearpoke
|poke|p1|Deoxys-Speed|
|poke|p1|Gholdengo|
|poke|p1|Iron Treads|
|poke|p1|Dragonite, F|
|poke|p1|Iron Moth|
|poke|p1|Samurott-Hisui, F|
|poke|p2|Dedenne, F|
|poke|p2|Dragapult, M|
|poke|p2|Rillaboom, M|
|poke|p2|Maushold-Four|
|poke|p2|Hawlucha, M|
|poke|p2|Garganacl, M|
|teampreview
|inactive|Battle timer is ON: inactive players will automatically lose when time's up. (requested by Zelda003)
|
|t:|1743852521
|start
|switch|p1a: Iron Treads|Iron Treads|100/100
|switch|p2a: Garganacl|Garganacl, M|100/100
|-enditem|p1a: Iron Treads|Booster Energy
|-activate|p1a: Iron Treads|ability: Quark Drive|[fromitem]
|-start|p1a: Iron Treads|quarkdrivespe
|turn|1
|
|t:|1743852530
|move|p1a: Iron Treads|Stealth Rock|p2a: Garganacl
|-sidestart|p2: Zelda003|move: Stealth Rock
|move|p2a: Garganacl|Salt Cure|p1a: Iron Treads
|-resisted|p1a: Iron Treads
|-damage|p1a: Iron Treads|98/100
|-start|p1a: Iron Treads|Salt Cure
|
|-damage|p1a: Iron Treads|73/100|[from] Salt Cure
|upkeep
|turn|2
|
|t:|1743852538
|move|p2a: Garganacl|Protect|p2a: Garganacl
|-singleturn|p2a: Garganacl|Protect
|move|p1a: Iron Treads|Earthquake|p2a: Garganacl
|-activate|p2a: Garganacl|move: Protect
|
|-damage|p1a: Iron Treads|48/100|[from] Salt Cure
|upkeep
|turn|3
|inactive|NDRZF has 120 seconds left.
|inactive|NDRZF has 90 seconds left.
|
|t:|1743852598
|-end|p1a: Iron Treads|Quark Drive|[silent]
|switch|p1a: Samurott|Samurott-Hisui, F|100/100
|switch|p2a: Rillaboom|Rillaboom, M|100/100
|-damage|p2a: Rillaboom|88/100|[from] Stealth Rock
|-fieldstart|move: Grassy Terrain|[from] ability: Grassy Surge|[of] p2a: Rillaboom
|
|-heal|p2a: Rillaboom|94/100|[from] Grassy Terrain
|upkeep
|turn|4
|inactive|NDRZF has 90 seconds left.
|
|t:|1743852618
|switch|p1a: Iron Moth|Iron Moth|100/100
|-enditem|p1a: Iron Moth|Booster Energy
|-activate|p1a: Iron Moth|ability: Quark Drive|[fromitem]
|-start|p1a: Iron Moth|quarkdrivespe
|move|p2a: Rillaboom|Drum Beating|p1a: Iron Moth
|-resisted|p1a: Iron Moth
|-damage|p1a: Iron Moth|78/100
|-unboost|p1a: Iron Moth|spe|1
|
|-heal|p1a: Iron Moth|84/100|[from] Grassy Terrain
|-heal|p2a: Rillaboom|100/100|[from] Grassy Terrain
|upkeep
|turn|5
|inactive|NDRZF has 90 seconds left.
|
|t:|1743852631
|move|p1a: Iron Moth|Fiery Dance|p2a: Rillaboom
|-supereffective|p2a: Rillaboom
|-damage|p2a: Rillaboom|23/100
|move|p2a: Rillaboom|High Horsepower|p1a: Iron Moth
|-supereffective|p1a: Iron Moth
|-damage|p1a: Iron Moth|0 fnt
|faint|p1a: Iron Moth
|-end|p1a: Iron Moth|Quark Drive|[silent]
|
|-heal|p2a: Rillaboom|29/100|[from] Grassy Terrain
|upkeep
|
|t:|1743852643
|switch|p1a: Dragonite|Dragonite, F|100/100
|turn|6
|
|t:|1743852652
|switch|p2a: Hawlucha|Hawlucha, M|100/100
|-damage|p2a: Hawlucha|88/100|[from] Stealth Rock
|-enditem|p2a: Hawlucha|Grassy Seed
|-boost|p2a: Hawlucha|def|1|[from] item: Grassy Seed
|move|p1a: Dragonite|Ice Spinner|p2a: Hawlucha
|-supereffective|p2a: Hawlucha
|-damage|p2a: Hawlucha|32/100
|-fieldend|move: Grassy Terrain
|
|upkeep
|turn|7
|inactive|NDRZF has 90 seconds left.
|
|t:|1743852669
|move|p2a: Hawlucha|Acrobatics|p1a: Dragonite
|-damage|p1a: Dragonite|74/100
|move|p1a: Dragonite|Ice Spinner|p2a: Hawlucha
|-supereffective|p2a: Hawlucha
|-damage|p2a: Hawlucha|0 fnt
|faint|p2a: Hawlucha
|
|upkeep
|
|t:|1743852674
|switch|p2a: Dedenne|Dedenne, F|100/100
|-damage|p2a: Dedenne|88/100|[from] Stealth Rock
|turn|8
|
|t:|1743852679
|move|p2a: Dedenne|Nuzzle|p1a: Dragonite
|-damage|p1a: Dragonite|70/100
|-status|p1a: Dragonite|par
|move|p1a: Dragonite|Earthquake|p2a: Dedenne
|-supereffective|p2a: Dedenne
|-damage|p2a: Dedenne|0 fnt
|faint|p2a: Dedenne
|
|upkeep
|inactive|Zelda003 has 120 seconds left.
|
|t:|1743852711
|switch|p2a: Maushold|Maushold-Four|100/100
|-damage|p2a: Maushold|88/100|[from] Stealth Rock
|turn|9
|
|t:|1743852717
|move|p2a: Maushold|Tidy Up|p2a: Maushold
|-sideend|p2: Zelda003|Stealth Rock
|-activate|p2a: Maushold|move: Tidy Up
|-boost|p2a: Maushold|atk|1
|-boost|p2a: Maushold|spe|1
|move|p1a: Dragonite|Earthquake|p2a: Maushold
|-damage|p2a: Maushold|36/100
|
|upkeep
|turn|10
|inactive|NDRZF has 120 seconds left.
|
|t:|1743852733
|move|p2a: Maushold|Population Bomb|p1a: Dragonite
|-damage|p1a: Dragonite|53/100 par
|-damage|p1a: Dragonite|33/100 par
|-damage|p1a: Dragonite|15/100 par
|-damage|p1a: Dragonite|0 fnt
|faint|p1a: Dragonite
|-hitcount|p1: Dragonite|4
|
|upkeep
|inactive|NDRZF has 120 seconds left.
|
|t:|1743852741
|switch|p1a: Samurott|Samurott-Hisui, F|100/100
|turn|11
|inactive|Zelda003 has 120 seconds left.
|
|t:|1743852770
|move|p2a: Maushold|Population Bomb|p1a: Samurott
|-damage|p1a: Samurott|81/100
|-damage|p1a: Samurott|61/100
|-damage|p1a: Samurott|40/100
|-damage|p1a: Samurott|20/100
|-damage|p1a: Samurott|1/100
|-damage|p1a: Samurott|0 fnt
|faint|p1a: Samurott
|-hitcount|p1: Samurott|6
|
|upkeep
|
|t:|1743852780
|switch|p1a: Gholdengo|Gholdengo|100/100
|-item|p1a: Gholdengo|Air Balloon
|turn|12
|inactive|Zelda003 has 120 seconds left.
|
|t:|1743852804
|move|p2a: Maushold|Bite|p1a: Gholdengo
|-supereffective|p1a: Gholdengo
|-damage|p1a: Gholdengo|58/100
|-enditem|p1a: Gholdengo|Air Balloon
|move|p1a: Gholdengo|Shadow Ball|p2a: Maushold
|-immune|p2a: Maushold
|
|upkeep
|turn|13
|
|t:|1743852814
|switch|p1a: Deoxys|Deoxys-Speed|100/100
|-ability|p1a: Deoxys|Pressure
|move|p2a: Maushold|Bite|p1a: Deoxys
|-supereffective|p1a: Deoxys
|-damage|p1a: Deoxys|0 fnt
|faint|p1a: Deoxys
|
|upkeep
|
|t:|1743852826
|switch|p1a: Iron Treads|Iron Treads|48/100
|turn|14
|inactive|Zelda003 has 120 seconds left.
|
|t:|1743852835
|move|p2a: Maushold|Population Bomb|p1a: Iron Treads
|-resisted|p1a: Iron Treads
|-damage|p1a: Iron Treads|41/100
|-resisted|p1a: Iron Treads
|-damage|p1a: Iron Treads|35/100
|-resisted|p1a: Iron Treads
|-damage|p1a: Iron Treads|29/100
|-resisted|p1a: Iron Treads
|-damage|p1a: Iron Treads|23/100
|-resisted|p1a: Iron Treads
|-damage|p1a: Iron Treads|16/100
|-resisted|p1a: Iron Treads
|-damage|p1a: Iron Treads|9/100
|-resisted|p1a: Iron Treads
|-damage|p1a: Iron Treads|4/100
|-resisted|p1a: Iron Treads
|-damage|p1a: Iron Treads|0 fnt
|faint|p1a: Iron Treads
|-end|p1a: Iron Treads|Quark Drive|[silent]
|-hitcount|p1: Iron Treads|8
|
|upkeep
|
|t:|1743852850
|switch|p1a: Gholdengo|Gholdengo|58/100
|turn|15
|inactive|Zelda003 has 120 seconds left.
|
|t:|1743852885
|move|p2a: Maushold|Bite|p1a: Gholdengo
|-supereffective|p1a: Gholdengo
|-damage|p1a: Gholdengo|11/100
|cant|p1a: Gholdengo|flinch
|
|upkeep
|turn|16
|
|t:|1743852908
|move|p2a: Maushold|Bite|p1a: Gholdengo
|-supereffective|p1a: Gholdengo
|-damage|p1a: Gholdengo|0 fnt
|faint|p1a: Gholdengo
|
|win|Zelda003
|raw|NDRZF's rating: 1051 &rarr; <strong>1038</strong><br />(-13 for losing)
|raw|Zelda003's rating: 1140 &rarr; <strong>1159</strong><br />(+19 for winning)
|l|☆Zelda003
|player|p2|
|l|☆NDRZF
|player|p1|
