|j|☆mansonabuluting
|j|☆VANYR
|t:|1743866037
|gametype|singles
|player|p1|mansonabuluting|169|1658
|player|p2|VANYR|grimsley|1578
|teamsize|p1|6
|teamsize|p2|6
|gen|9
|tier|[Gen 9] OU
|rated|
|rule|HP Percentage Mod: HP is shown in percentages
|rule|Endless Battle Clause: Forcing endless battles is banned
|rule|Species Clause: Limit one of each Pokémon
|rule|OHKO Clause: OHKO moves are banned
|rule|Evasion Items Clause: Evasion items are banned
|rule|Evasion Moves Clause: Evasion moves are banned
|rule|Sleep Moves Clause: Sleep-inducing moves are banned
|clearpoke
|poke|p1|Volcanion|
|poke|p1|Rillaboom, F|
|poke|p1|Hawlucha, F|
|poke|p1|Goodra-Hisui, M|
|poke|p1|Thundurus-Therian, M|
|poke|p1|Great Tusk|
|poke|p2|Glimmora, F|
|poke|p2|Samurott-Hisui, M|
|poke|p2|Kleavor, F|
|poke|p2|Sinistcha-Masterpiece|
|poke|p2|Heatran, M|
|poke|p2|Conkeldurr, F|
|teampreview
|j| 54 insane rats
|
|t:|1743866091
|start
|switch|p1a: Thundurus|Thundurus-Therian, M|100/100
|switch|p2a: Samurott|Samurott-Hisui, M|100/100
|turn|1
|
|t:|1743866095
|switch|p2a: Heatran|Heatran, M|100/100
|move|p1a: Thundurus|Volt Switch|p2a: Heatran
|-crit|p2a: Heatran
|-damage|p2a: Heatran|63/100
|
|t:|1743866113
|switch|p1a: Volcanion|Volcanion|100/100|[from] Volt Switch
|
|upkeep
|turn|2
|
|t:|1743866119
|switch|p2a: Samurott|Samurott-Hisui, M|100/100
|move|p1a: Volcanion|Steam Eruption|p2a: Samurott
|-resisted|p2a: Samurott
|-damage|p2a: Samurott|41/100
|
|upkeep
|turn|3
|
|t:|1743866126
|switch|p1a: Great Tusk|Great Tusk|100/100
|move|p2a: Samurott|Ceaseless Edge|p1a: Great Tusk
|-resisted|p1a: Great Tusk
|-damage|p1a: Great Tusk|85/100
|-damage|p2a: Samurott|24/100|[from] item: Rocky Helmet|[of] p1a: Great Tusk
|-sidestart|p1: mansonabuluting|Spikes
|
|upkeep
|turn|4
|
|t:|1743866131
|switch|p2a: Sinistcha|Sinistcha-Masterpiece|100/100
|move|p1a: Great Tusk|Stealth Rock|p2a: Sinistcha
|-sidestart|p2: VANYR|move: Stealth Rock
|
|upkeep
|turn|5
|
|t:|1743866138
|-end|p1a: Great Tusk|Protosynthesis|[silent]
|switch|p1a: Volcanion|Volcanion|100/100
|-damage|p1a: Volcanion|88/100|[from] Spikes
|move|p2a: Sinistcha|Shadow Ball|p1a: Volcanion
|-damage|p1a: Volcanion|57/100
|
|upkeep
|turn|6
|
|t:|1743866143
|switch|p2a: Heatran|Heatran, M|63/100
|-damage|p2a: Heatran|51/100|[from] Stealth Rock
|move|p1a: Volcanion|Overheat|p2a: Heatran
|-start|p2a: Heatran|ability: Flash Fire
|
|upkeep
|turn|7
|
|t:|1743866155
|switch|p1a: Goodra|Goodra-Hisui, M|100/100
|-damage|p1a: Goodra|88/100|[from] Spikes
|move|p2a: Heatran|Magma Storm|p1a: Goodra
|-damage|p1a: Goodra|51/100
|-activate|p1a: Goodra|move: Magma Storm|[of] p2a: Heatran
|
|-damage|p1a: Goodra|38/100|[from] move: Magma Storm|[partiallytrapped]
|upkeep
|turn|8
|
|t:|1743866161
|move|p2a: Heatran|Magma Storm|p1a: Goodra|[miss]
|-miss|p2a: Heatran|p1a: Goodra
|move|p1a: Goodra|Surf|p2a: Heatran
|-supereffective|p2a: Heatran
|-damage|p2a: Heatran|16/100
|
|-damage|p1a: Goodra|26/100|[from] move: Magma Storm|[partiallytrapped]
|upkeep
|turn|9
|
|t:|1743866167
|move|p2a: Heatran|Magma Storm|p1a: Goodra|[miss]
|-miss|p2a: Heatran|p1a: Goodra
|move|p1a: Goodra|Surf|p2a: Heatran
|-supereffective|p2a: Heatran
|-damage|p2a: Heatran|0 fnt
|faint|p2a: Heatran
|
|-end|p1a: Goodra|Magma Storm|[partiallytrapped]|[silent]
|upkeep
|
|t:|1743866171
|switch|p2a: Samurott|Samurott-Hisui, M|24/100
|-damage|p2a: Samurott|12/100|[from] Stealth Rock
|turn|10
|inactive|Battle timer is ON: inactive players will automatically lose when time's up. (requested by mansonabuluting)
|
|t:|1743866176
|switch|p1a: Great Tusk|Great Tusk|85/100
|-damage|p1a: Great Tusk|73/100|[from] Spikes
|move|p2a: Samurott|Ceaseless Edge|p1a: Great Tusk
|-resisted|p1a: Great Tusk
|-damage|p1a: Great Tusk|60/100
|-damage|p2a: Samurott|0 fnt|[from] item: Rocky Helmet|[of] p1a: Great Tusk
|faint|p2a: Samurott
|
|upkeep
|
|t:|1743866181
|switch|p2a: Sinistcha|Sinistcha-Masterpiece|100/100
|-damage|p2a: Sinistcha|88/100|[from] Stealth Rock
|turn|11
|
|t:|1743866191
|-end|p1a: Great Tusk|Protosynthesis|[silent]
|switch|p1a: Goodra|Goodra-Hisui, M|26/100
|-damage|p1a: Goodra|13/100|[from] Spikes
|move|p2a: Sinistcha|Calm Mind|p2a: Sinistcha
|-boost|p2a: Sinistcha|spa|1
|-boost|p2a: Sinistcha|spd|1
|
|-heal|p2a: Sinistcha|94/100|[from] item: Leftovers
|upkeep
|turn|12
|
|t:|1743866207
|move|p2a: Sinistcha|Calm Mind|p2a: Sinistcha
|-boost|p2a: Sinistcha|spa|1
|-boost|p2a: Sinistcha|spd|1
|move|p1a: Goodra|Flamethrower|p2a: Sinistcha
|-supereffective|p2a: Sinistcha
|-damage|p2a: Sinistcha|74/100
|
|-heal|p2a: Sinistcha|80/100|[from] item: Leftovers
|upkeep
|turn|13
|
|t:|1743866220
|move|p2a: Sinistcha|Shadow Ball|p1a: Goodra
|-damage|p1a: Goodra|0 fnt
|faint|p1a: Goodra
|
|-heal|p2a: Sinistcha|86/100|[from] item: Leftovers
|upkeep
|
|t:|1743866225
|switch|p1a: Rillaboom|Rillaboom, F|100/100
|-damage|p1a: Rillaboom|88/100|[from] Spikes
|-fieldstart|move: Grassy Terrain|[from] ability: Grassy Surge|[of] p1a: Rillaboom
|turn|14
|
|t:|1743866229
|move|p1a: Rillaboom|Knock Off|p2a: Sinistcha
|-supereffective|p2a: Sinistcha
|-damage|p2a: Sinistcha|16/100
|-enditem|p2a: Sinistcha|Leftovers|[from] move: Knock Off|[of] p1a: Rillaboom
|move|p2a: Sinistcha|Strength Sap|p1a: Rillaboom
|-unboost|p1a: Rillaboom|atk|1
|-heal|p2a: Sinistcha|100/100
|
|-heal|p1a: Rillaboom|94/100|[from] Grassy Terrain
|upkeep
|turn|15
|
|t:|1743866257
|switch|p1a: Volcanion|Volcanion|57/100
|-damage|p1a: Volcanion|44/100|[from] Spikes
|move|p2a: Sinistcha|Matcha Gotcha|p1a: Volcanion
|-damage|p1a: Volcanion|0 fnt
|faint|p1a: Volcanion
|
|upkeep
|
|t:|1743866259
|switch|p1a: Hawlucha|Hawlucha, F|100/100
|-enditem|p1a: Hawlucha|Grassy Seed
|-boost|p1a: Hawlucha|def|1|[from] item: Grassy Seed
|turn|16
|
|t:|1743866267
|move|p1a: Hawlucha|Substitute|p1a: Hawlucha
|-start|p1a: Hawlucha|Substitute
|-damage|p1a: Hawlucha|76/100
|move|p2a: Sinistcha|Strength Sap||[still]
|-fail|p2a: Sinistcha
|
|upkeep
|turn|17
|
|t:|1743866273
|move|p1a: Hawlucha|Acrobatics|p2a: Sinistcha
|-supereffective|p2a: Sinistcha
|-damage|p2a: Sinistcha|27/100
|move|p2a: Sinistcha|Shadow Ball|p1a: Hawlucha
|-end|p1a: Hawlucha|Substitute
|
|-heal|p2a: Sinistcha|33/100|[from] Grassy Terrain
|upkeep
|turn|18
|
|t:|1743866278
|move|p1a: Hawlucha|Acrobatics|p2a: Sinistcha
|-supereffective|p2a: Sinistcha
|-damage|p2a: Sinistcha|0 fnt
|faint|p2a: Sinistcha
|
|-fieldend|move: Grassy Terrain
|upkeep
|
|t:|1743866283
|switch|p2a: Conkeldurr|Conkeldurr, F|100/100
|-damage|p2a: Conkeldurr|95/100|[from] Stealth Rock
|turn|19
|
|t:|1743866290
|move|p1a: Hawlucha|Acrobatics|p2a: Conkeldurr
|-supereffective|p2a: Conkeldurr
|-damage|p2a: Conkeldurr|11/100
|move|p2a: Conkeldurr|Ice Punch|p1a: Hawlucha
|-supereffective|p1a: Hawlucha
|-damage|p1a: Hawlucha|11/100
|
|upkeep
|turn|20
|
|t:|1743866302
|move|p1a: Hawlucha|Acrobatics|p2a: Conkeldurr
|-supereffective|p2a: Conkeldurr
|-damage|p2a: Conkeldurr|0 fnt
|faint|p2a: Conkeldurr
|
|upkeep
|-message|VANYR forfeited.
|
|win|mansonabuluting
|raw|mansonabuluting's rating: 1658 &rarr; <strong>1673</strong><br />(+15 for winning)
|raw|VANYR's rating: 1578 &rarr; <strong>1563</strong><br />(-15 for losing)
|l|☆VANYR
|player|p2|
|l| 54 insane rats
|l|☆mansonabuluting
|player|p1|
