|j|☆MiaTaylor612
|j|☆RoaringMoonlight2
|t:|1743793749
|gametype|singles
|player|p1|MiaTaylor612|idol|1708
|player|p2|RoaringMoonlight2|170|1700
|teamsize|p1|6
|teamsize|p2|6
|gen|9
|tier|[Gen 9] OU
|rated|
|rule|HP Percentage Mod: HP is shown in percentages
|rule|Endless Battle Clause: Forcing endless battles is banned
|rule|Species Clause: Limit one of each Pokémon
|rule|OHKO Clause: OHKO moves are banned
|rule|Evasion Items Clause: Evasion items are banned
|rule|Evasion Moves Clause: Evasion moves are banned
|rule|Sleep Moves Clause: Sleep-inducing moves are banned
|clearpoke
|poke|p1|Garchomp, F|
|poke|p1|Slowking-Galar, F|
|poke|p1|Gholdengo|
|poke|p1|Moltres|
|poke|p1|Iron Valiant|
|poke|p1|Kingambit, F|
|poke|p2|Iron Valiant|
|poke|p2|Glimmora, F|
|poke|p2|Gholdengo|
|poke|p2|Ogerpon-Wellspring, F|
|poke|p2|Kingambit, M|
|poke|p2|Raging Bolt|
|teampreview
|inactive|Battle timer is ON: inactive players will automatically lose when time's up. (requested by RoaringMoonlight2)
|inactive|MiaTaylor612 also wants the timer to be on.
|
|t:|1743793768
|start
|switch|p1a: Garchomp|Garchomp, F|100/100
|switch|p2a: Glimmora|Glimmora, F|100/100
|turn|1
|
|t:|1743793772
|move|p2a: Glimmora|Mud Shot|p1a: Garchomp
|-damage|p1a: Garchomp|84/100
|-unboost|p1a: Garchomp|spe|1
|move|p1a: Garchomp|Stealth Rock|p2a: Glimmora
|-sidestart|p2: RoaringMoonlight2|move: Stealth Rock
|
|upkeep
|turn|2
|
|t:|1743793777
|move|p2a: Glimmora|Stealth Rock|p1a: Garchomp
|-sidestart|p1: MiaTaylor612|move: Stealth Rock
|move|p1a: Garchomp|Earthquake|p2a: Glimmora
|-supereffective|p2a: Glimmora
|-enditem|p2a: Glimmora|Focus Sash
|-damage|p2a: Glimmora|1/100
|-activate|p2a: Glimmora|ability: Toxic Debris
|-sidestart|p1: MiaTaylor612|move: Toxic Spikes
|
|upkeep
|turn|3
|
|t:|1743793782
|move|p2a: Glimmora|Energy Ball|p1a: Garchomp
|-damage|p1a: Garchomp|53/100
|move|p1a: Garchomp|Spikes|p2a: Glimmora
|-sidestart|p2: RoaringMoonlight2|Spikes
|
|upkeep
|turn|4
|
|t:|1743793788
|switch|p1a: Slowking|Slowking-Galar, F|100/100
|-sideend|p1: MiaTaylor612|move: Toxic Spikes|[of] p1a: Slowking
|move|p2a: Glimmora|Energy Ball|p1a: Slowking
|-resisted|p1a: Slowking
|-damage|p1a: Slowking|91/100
|
|upkeep
|turn|5
|
|t:|1743793795
|switch|p1a: Gholdengo|Gholdengo|100/100
|move|p2a: Glimmora|Mortal Spin|p1a: Gholdengo
|-immune|p1a: Gholdengo
|
|upkeep
|turn|6
|
|t:|1743793798
|move|p2a: Glimmora|Mud Shot|p1a: Gholdengo
|-supereffective|p1a: Gholdengo
|-damage|p1a: Gholdengo|61/100
|-unboost|p1a: Gholdengo|spe|1
|move|p1a: Gholdengo|Thunder Wave|p2a: Glimmora
|-status|p2a: Glimmora|par
|
|upkeep
|turn|7
|
|t:|1743793802
|move|p2a: Glimmora|Mud Shot|p1a: Gholdengo
|-supereffective|p1a: Gholdengo
|-crit|p1a: Gholdengo
|-damage|p1a: Gholdengo|8/100
|-unboost|p1a: Gholdengo|spe|1
|move|p1a: Gholdengo|Hex|p2a: Glimmora
|-damage|p2a: Glimmora|0 fnt
|faint|p2a: Glimmora
|
|upkeep
|
|t:|1743793808
|switch|p2a: Ogerpon|Ogerpon-Wellspring, F|100/100
|-damage|p2a: Ogerpon|88/100|[from] Stealth Rock
|-damage|p2a: Ogerpon|76/100|[from] Spikes
|turn|8
|
|t:|1743793810
|move|p2a: Ogerpon|Ivy Cudgel|p1a: Gholdengo|[anim] Ivy Cudgel Water
|-damage|p1a: Gholdengo|0 fnt
|faint|p1a: Gholdengo
|
|upkeep
|
|t:|1743793812
|switch|p1a: Iron Valiant|Iron Valiant|100/100
|turn|9
|
|t:|1743793816
|move|p1a: Iron Valiant|Close Combat|p2a: Ogerpon
|-damage|p2a: Ogerpon|0 fnt
|-unboost|p1a: Iron Valiant|def|1
|-unboost|p1a: Iron Valiant|spd|1
|faint|p2a: Ogerpon
|
|upkeep
|
|t:|1743793825
|switch|p2a: Gholdengo|Gholdengo|100/100
|-damage|p2a: Gholdengo|94/100|[from] Stealth Rock
|-damage|p2a: Gholdengo|82/100|[from] Spikes
|turn|10
|
|t:|1743793830
|-end|p1a: Iron Valiant|Quark Drive|[silent]
|switch|p1a: Slowking|Slowking-Galar, F|100/100
|move|p2a: Gholdengo|Trick|p1a: Slowking
|-activate|p2a: Gholdengo|move: Trick|[of] p1a: Slowking
|-item|p1a: Slowking|Choice Scarf|[from] move: Trick
|-item|p2a: Gholdengo|Heavy-Duty Boots|[from] move: Trick
|
|upkeep
|turn|11
|
|t:|1743793834
|move|p2a: Gholdengo|Shadow Ball|p1a: Slowking
|-supereffective|p1a: Slowking
|-damage|p1a: Slowking|47/100
|-unboost|p1a: Slowking|spd|1
|-prepare|p1a: Slowking|Chilly Reception|[premajor]
|move|p1a: Slowking|Chilly Reception|p1a: Slowking
|-weather|Snowscape
|
|t:|1743793837
|switch|p1a: Kingambit|Kingambit, F|100/100|[from] Chilly Reception
|-damage|p1a: Kingambit|94/100|[from] Stealth Rock
|-activate|p1a: Kingambit|ability: Supreme Overlord
|-start|p1a: Kingambit|fallen1|[silent]
|
|-weather|Snowscape|[upkeep]
|-heal|p1a: Kingambit|100/100|[from] item: Leftovers
|upkeep
|turn|12
|
|t:|1743793842
|move|p1a: Kingambit|Sucker Punch|p2a: Gholdengo
|-supereffective|p2a: Gholdengo
|-damage|p2a: Gholdengo|0 fnt
|faint|p2a: Gholdengo
|
|-weather|Snowscape|[upkeep]
|upkeep
|
|t:|1743793845
|switch|p2a: Kingambit|Kingambit, M|100/100
|-damage|p2a: Kingambit|94/100|[from] Stealth Rock
|-damage|p2a: Kingambit|82/100|[from] Spikes
|-activate|p2a: Kingambit|ability: Supreme Overlord
|-start|p2a: Kingambit|fallen3|[silent]
|turn|13
|
|t:|1743793848
|-end|p1a: Kingambit|fallen1|[silent]
|switch|p1a: Moltres|Moltres|100/100
|move|p2a: Kingambit|Low Kick|p1a: Moltres
|-resisted|p1a: Moltres
|-damage|p1a: Moltres|79/100
|
|-weather|Snowscape|[upkeep]
|upkeep
|turn|14
|
|t:|1743793853
|-end|p2a: Kingambit|fallen3|[silent]
|switch|p2a: Raging Bolt|Raging Bolt|100/100
|-damage|p2a: Raging Bolt|88/100|[from] Stealth Rock
|-damage|p2a: Raging Bolt|76/100|[from] Spikes
|-enditem|p2a: Raging Bolt|Booster Energy
|-activate|p2a: Raging Bolt|ability: Protosynthesis|[fromitem]
|-start|p2a: Raging Bolt|protosynthesisspa
|move|p1a: Moltres|Roar|p2a: Raging Bolt
|-end|p2a: Raging Bolt|Protosynthesis|[silent]
|drag|p2a: Kingambit|Kingambit, M|82/100
|-damage|p2a: Kingambit|76/100|[from] Stealth Rock
|-damage|p2a: Kingambit|64/100|[from] Spikes
|-activate|p2a: Kingambit|ability: Supreme Overlord
|-start|p2a: Kingambit|fallen3|[silent]
|
|-weather|Snowscape|[upkeep]
|upkeep
|turn|15
|
|t:|1743793856
|move|p1a: Moltres|Flamethrower|p2a: Kingambit
|-supereffective|p2a: Kingambit
|-crit|p2a: Kingambit
|-damage|p2a: Kingambit|0 fnt
|faint|p2a: Kingambit
|-end|p2a: Kingambit|fallen3|[silent]
|
|-weather|none
|upkeep
|
|t:|1743793859
|switch|p2a: Raging Bolt|Raging Bolt|76/100
|-damage|p2a: Raging Bolt|64/100|[from] Stealth Rock
|-damage|p2a: Raging Bolt|51/100|[from] Spikes
|turn|16
|
|t:|1743793862
|switch|p1a: Slowking|Slowking-Galar, F|80/100
|-damage|p1a: Slowking|67/100|[from] Stealth Rock
|move|p2a: Raging Bolt|Thunderbolt|p1a: Slowking
|-damage|p1a: Slowking|38/100
|
|upkeep
|turn|17
|
|t:|1743793865
|move|p2a: Raging Bolt|Calm Mind|p2a: Raging Bolt
|-boost|p2a: Raging Bolt|spa|1
|-boost|p2a: Raging Bolt|spd|1
|-prepare|p1a: Slowking|Chilly Reception|[premajor]
|move|p1a: Slowking|Chilly Reception|p1a: Slowking
|-weather|Snowscape
|
|t:|1743793867
|switch|p1a: Iron Valiant|Iron Valiant|100/100|[from] Chilly Reception
|
|-weather|Snowscape|[upkeep]
|upkeep
|turn|18
|
|t:|1743793870
|move|p2a: Raging Bolt|Thunderclap||[still]
|-fail|p2a: Raging Bolt
|move|p1a: Iron Valiant|Encore|p2a: Raging Bolt
|-start|p2a: Raging Bolt|Encore
|
|-weather|Snowscape|[upkeep]
|upkeep
|turn|19
|
|t:|1743793872
|-end|p1a: Iron Valiant|Quark Drive|[silent]
|switch|p1a: Garchomp|Garchomp, F|53/100
|-damage|p1a: Garchomp|47/100|[from] Stealth Rock
|move|p2a: Raging Bolt|Thunderclap||[still]
|-fail|p2a: Raging Bolt
|
|-weather|Snowscape|[upkeep]
|upkeep
|turn|20
|
|t:|1743793877
|move|p2a: Raging Bolt|Thunderclap||[still]
|-fail|p2a: Raging Bolt
|move|p1a: Garchomp|Spikes|p2a: Raging Bolt
|-sidestart|p2: RoaringMoonlight2|Spikes
|
|-weather|Snowscape|[upkeep]
|upkeep
|turn|21
|
|t:|1743793880
|move|p2a: Raging Bolt|Thunderclap||[still]
|-fail|p2a: Raging Bolt
|move|p1a: Garchomp|Spikes|p2a: Raging Bolt
|-sidestart|p2: RoaringMoonlight2|Spikes
|
|-weather|none
|-end|p2a: Raging Bolt|Encore
|upkeep
|turn|22
|
|t:|1743793882
|move|p2a: Raging Bolt|Dragon Pulse|p1a: Garchomp
|-supereffective|p1a: Garchomp
|-damage|p1a: Garchomp|0 fnt
|faint|p1a: Garchomp
|
|upkeep
|
|t:|1743793885
|switch|p1a: Iron Valiant|Iron Valiant|100/100
|turn|23
|
|t:|1743793892
|move|p2a: Raging Bolt|Thunderclap||[still]
|-fail|p2a: Raging Bolt
|move|p1a: Iron Valiant|Encore|p2a: Raging Bolt
|-start|p2a: Raging Bolt|Encore
|
|upkeep
|turn|24
|
|t:|1743793897
|-end|p1a: Iron Valiant|Quark Drive|[silent]
|switch|p1a: Moltres|Moltres|79/100
|move|p2a: Raging Bolt|Thunderclap||[still]
|-fail|p2a: Raging Bolt
|
|upkeep
|turn|25
|
|t:|1743793899
|move|p2a: Raging Bolt|Thunderclap||[still]
|-fail|p2a: Raging Bolt
|move|p1a: Moltres|Roar|p2a: Raging Bolt
|-end|p2a: Raging Bolt|Protosynthesis|[silent]
|drag|p2a: Iron Valiant|Iron Valiant|100/100
|-damage|p2a: Iron Valiant|94/100|[from] Stealth Rock
|-damage|p2a: Iron Valiant|69/100|[from] Spikes
|-enditem|p2a: Iron Valiant|Booster Energy
|-activate|p2a: Iron Valiant|ability: Quark Drive|[fromitem]
|-start|p2a: Iron Valiant|quarkdrivespe
|
|upkeep
|turn|26
|
|t:|1743793902
|move|p2a: Iron Valiant|Knock Off|p1a: Moltres
|-damage|p1a: Moltres|45/100
|-enditem|p1a: Moltres|Heavy-Duty Boots|[from] move: Knock Off|[of] p2a: Iron Valiant
|move|p1a: Moltres|Flamethrower|p2a: Iron Valiant
|-damage|p2a: Iron Valiant|4/100
|
|upkeep
|turn|27
|
|t:|1743793906
|move|p2a: Iron Valiant|Swords Dance|p2a: Iron Valiant
|-boost|p2a: Iron Valiant|atk|2
|move|p1a: Moltres|Roost|p1a: Moltres
|-heal|p1a: Moltres|95/100
|-singleturn|p1a: Moltres|move: Roost
|
|upkeep
|turn|28
|
|t:|1743793909
|move|p2a: Iron Valiant|Close Combat|p1a: Moltres
|-resisted|p1a: Moltres
|-damage|p1a: Moltres|38/100
|-unboost|p2a: Iron Valiant|def|1
|-unboost|p2a: Iron Valiant|spd|1
|move|p1a: Moltres|Roar|p2a: Iron Valiant
|-end|p2a: Iron Valiant|Quark Drive|[silent]
|drag|p2a: Raging Bolt|Raging Bolt|51/100
|-damage|p2a: Raging Bolt|39/100|[from] Stealth Rock
|-damage|p2a: Raging Bolt|14/100|[from] Spikes
|
|upkeep
|turn|29
|
|t:|1743793914
|move|p2a: Raging Bolt|Thunderbolt|p1a: Moltres
|-supereffective|p1a: Moltres
|-damage|p1a: Moltres|0 fnt
|faint|p1a: Moltres
|
|upkeep
|
|t:|1743793915
|switch|p1a: Kingambit|Kingambit, F|100/100
|-damage|p1a: Kingambit|94/100|[from] Stealth Rock
|-activate|p1a: Kingambit|ability: Supreme Overlord
|-start|p1a: Kingambit|fallen3|[silent]
|turn|30
|
|t:|1743793918
|move|p2a: Raging Bolt|Thunderclap|p1a: Kingambit
|-damage|p1a: Kingambit|49/100
|move|p1a: Kingambit|Sucker Punch||[still]
|-fail|p1a: Kingambit
|
|-heal|p1a: Kingambit|55/100|[from] item: Leftovers
|upkeep
|turn|31
|
|t:|1743793923
|move|p1a: Kingambit|Sucker Punch|p2a: Raging Bolt
|-damage|p2a: Raging Bolt|0 fnt
|faint|p2a: Raging Bolt
|-end|p2a: Raging Bolt|Protosynthesis|[silent]
|
|-heal|p1a: Kingambit|61/100|[from] item: Leftovers
|upkeep
|-message|RoaringMoonlight2 forfeited.
|
|win|MiaTaylor612
|raw|MiaTaylor612's rating: 1708 &rarr; <strong>1728</strong><br />(+20 for winning)
|raw|RoaringMoonlight2's rating: 1700 &rarr; <strong>1680</strong><br />(-20 for losing)
|l|☆RoaringMoonlight2
|player|p2|
|l|☆MiaTaylor612
|player|p1|
