|badge|p1|bronze|gen9ou|100-5
|uhtml|medal-msg|<div class="broadcast-blue">Curious what those medals under the avatar are? PS now has Ladder Seasons! For more information, check out the <a href="https://www.smogon.com/forums/threads/3740067/">thread on Smogon.</a></div>
|j|☆Brigtel
|j|☆innymilly
|t:|1743792140
|gametype|singles
|player|p1|Brigtel|gambler|1858
|player|p2|innymilly|ethan|1785
|teamsize|p1|6
|teamsize|p2|6
|gen|9
|tier|[Gen 9] OU
|rated|
|rule|HP Percentage Mod: HP is shown in percentages
|rule|Endless Battle Clause: Forcing endless battles is banned
|rule|Species Clause: Limit one of each Pokémon
|rule|OHKO Clause: OHKO moves are banned
|rule|Evasion Items Clause: Evasion items are banned
|rule|Evasion Moves Clause: Evasion moves are banned
|rule|Sleep Moves Clause: Sleep-inducing moves are banned
|clearpoke
|poke|p1|Garganacl, F|
|poke|p1|Hydrapple, M|
|poke|p1|Iron Valiant|
|poke|p1|Lokix, F|
|poke|p1|Pecharunt|
|poke|p1|Ting-Lu|
|poke|p2|Ting-Lu|
|poke|p2|Sinistcha|
|poke|p2|Garganacl, M|
|poke|p2|Moltres|
|poke|p2|Okidogi, M|
|poke|p2|Dragonite, M|
|teampreview
|
|t:|1743792150
|start
|switch|p1a: Pecharunt|Pecharunt|100/100
|switch|p2a: Okidogi|Okidogi, M|100/100
|-item|p1a: Pecharunt|Air Balloon
|turn|1
|
|t:|1743792154
|move|p1a: Pecharunt|Shadow Ball|p2a: Okidogi
|-damage|p2a: Okidogi|81/100
|-unboost|p2a: Okidogi|spd|1
|move|p2a: Okidogi|Bulk Up|p2a: Okidogi
|-boost|p2a: Okidogi|atk|1
|-boost|p2a: Okidogi|def|1
|
|-heal|p2a: Okidogi|87/100|[from] item: Leftovers
|upkeep
|turn|2
|
|t:|1743792177
|switch|p2a: Garganacl|Garganacl, M|100/100
|move|p1a: Pecharunt|Shadow Ball|p2a: Garganacl
|-damage|p2a: Garganacl|92/100
|-unboost|p2a: Garganacl|spd|1
|
|-heal|p2a: Garganacl|98/100|[from] item: Leftovers
|upkeep
|turn|3
|
|t:|1743792183
|move|p1a: Pecharunt|Parting Shot|p2a: Garganacl
|-unboost|p2a: Garganacl|atk|1
|-unboost|p2a: Garganacl|spa|1
|j| ShaqFromBasketball
|
|t:|1743792219
|switch|p1a: Hydrapple|Hydrapple, M|100/100|[from] Parting Shot
|move|p2a: Garganacl|Stealth Rock|p1a: Hydrapple
|-sidestart|p1: Brigtel|move: Stealth Rock
|
|-heal|p2a: Garganacl|100/100|[from] item: Leftovers
|upkeep
|turn|4
|inactive|Battle timer is ON: inactive players will automatically lose when time's up. (requested by innymilly)
|
|t:|1743792229
|move|p1a: Hydrapple|Nasty Plot|p1a: Hydrapple
|-boost|p1a: Hydrapple|spa|2
|move|p2a: Garganacl|Salt Cure|p1a: Hydrapple
|-crit|p1a: Hydrapple
|-damage|p1a: Hydrapple|85/100
|-start|p1a: Hydrapple|Salt Cure
|
|-damage|p1a: Hydrapple|73/100|[from] Salt Cure
|upkeep
|turn|5
|j| FaronAan
|
|t:|1743792251
|switch|p2a: Dragonite|Dragonite, M|100/100
|move|p1a: Hydrapple|Giga Drain|p2a: Dragonite
|-resisted|p2a: Dragonite
|-damage|p2a: Dragonite|92/100
|-heal|p1a: Hydrapple|77/100|[from] drain|[of] p2a: Dragonite
|
|-damage|p1a: Hydrapple|64/100|[from] Salt Cure
|upkeep
|turn|6
|
|t:|1743792257
|switch|p1a: Pecharunt|Pecharunt|100/100
|-damage|p1a: Pecharunt|88/100|[from] Stealth Rock
|-item|p1a: Pecharunt|Air Balloon
|move|p2a: Dragonite|Roost|p2a: Dragonite
|-heal|p2a: Dragonite|100/100
|-singleturn|p2a: Dragonite|move: Roost
|
|upkeep
|turn|7
|l| ShaqFromBasketball
|
|t:|1743792275
|switch|p2a: Garganacl|Garganacl, M|100/100
|move|p1a: Pecharunt|Parting Shot|p2a: Garganacl
|-unboost|p2a: Garganacl|atk|1
|-unboost|p2a: Garganacl|spa|1
|
|t:|1743792290
|switch|p1a: Hydrapple|Hydrapple, M|98/100|[from] Parting Shot
|
|upkeep
|turn|8
|
|t:|1743792299
|switch|p2a: Okidogi|Okidogi, M|87/100
|move|p1a: Hydrapple|Nasty Plot|p1a: Hydrapple
|-boost|p1a: Hydrapple|spa|2
|
|-heal|p2a: Okidogi|93/100|[from] item: Leftovers
|upkeep
|turn|9
|
|t:|1743792308
|move|p2a: Okidogi|Poison Jab|p1a: Hydrapple
|-supereffective|p1a: Hydrapple
|-damage|p1a: Hydrapple|49/100
|-status|p1a: Hydrapple|psn
|move|p1a: Hydrapple|Earth Power|p2a: Okidogi
|-supereffective|p2a: Okidogi
|-damage|p2a: Okidogi|0 fnt
|faint|p2a: Okidogi
|
|-damage|p1a: Hydrapple|37/100 psn|[from] psn
|upkeep
|
|t:|1743792328
|switch|p2a: Dragonite|Dragonite, M|100/100
|turn|10
|
|t:|1743792333
|move|p1a: Hydrapple|Draco Meteor|p2a: Dragonite
|-supereffective|p2a: Dragonite
|-damage|p2a: Dragonite|0 fnt
|-unboost|p1a: Hydrapple|spa|2
|faint|p2a: Dragonite
|
|-damage|p1a: Hydrapple|25/100 psn|[from] psn
|upkeep
|
|t:|1743792341
|switch|p2a: Ting-Lu|Ting-Lu|100/100
|-ability|p2a: Ting-Lu|Vessel of Ruin
|turn|11
|
|t:|1743792345
|move|p1a: Hydrapple|Giga Drain|p2a: Ting-Lu
|-supereffective|p2a: Ting-Lu
|-damage|p2a: Ting-Lu|68/100
|-heal|p1a: Hydrapple|45/100 psn|[from] drain|[of] p2a: Ting-Lu
|move|p2a: Ting-Lu|Spikes|p1a: Hydrapple
|-sidestart|p1: Brigtel|Spikes
|
|-heal|p2a: Ting-Lu|74/100|[from] item: Leftovers
|-damage|p1a: Hydrapple|33/100 psn|[from] psn
|upkeep
|turn|12
|
|t:|1743792354
|switch|p2a: Moltres|Moltres|100/100
|move|p1a: Hydrapple|Giga Drain|p2a: Moltres
|-resisted|p2a: Moltres
|-damage|p2a: Moltres|90/100
|-heal|p1a: Hydrapple|37/100 psn|[from] drain|[of] p2a: Moltres
|
|-damage|p1a: Hydrapple|25/100 psn|[from] psn
|upkeep
|turn|13
|
|t:|1743792377
|switch|p1a: Garganacl|Garganacl, F|100/100
|-damage|p1a: Garganacl|88/100|[from] Stealth Rock
|-damage|p1a: Garganacl|76/100|[from] Spikes
|move|p2a: Moltres|Flamethrower|p1a: Garganacl
|-resisted|p1a: Garganacl
|-damage|p1a: Garganacl|62/100
|
|-heal|p1a: Garganacl|68/100|[from] item: Leftovers
|upkeep
|turn|14
|
|t:|1743792382
|switch|p2a: Sinistcha|Sinistcha|100/100
|move|p1a: Garganacl|Salt Cure|p2a: Sinistcha
|-damage|p2a: Sinistcha|91/100
|-start|p2a: Sinistcha|Salt Cure
|
|-heal|p1a: Garganacl|74/100|[from] item: Leftovers
|-damage|p2a: Sinistcha|79/100|[from] Salt Cure
|upkeep
|turn|15
|
|t:|1743792398
|move|p2a: Sinistcha|Matcha Gotcha|p1a: Garganacl
|-supereffective|p1a: Garganacl
|-damage|p1a: Garganacl|29/100
|-heal|p2a: Sinistcha|100/100|[from] drain|[of] p1a: Garganacl
|move|p1a: Garganacl|Stealth Rock|p2a: Sinistcha
|-sidestart|p2: innymilly|move: Stealth Rock
|
|-heal|p1a: Garganacl|36/100|[from] item: Leftovers
|-damage|p2a: Sinistcha|88/100|[from] Salt Cure
|upkeep
|turn|16
|inactive|Brigtel has 120 seconds left.
|inactive|Brigtel has 90 seconds left.
|
|t:|1743792478
|switch|p1a: Hydrapple|Hydrapple, M|58/100 psn
|move|p2a: Sinistcha|Matcha Gotcha|p1a: Hydrapple|[miss]
|-miss|p2a: Sinistcha|p1a: Hydrapple
|
|-damage|p1a: Hydrapple|46/100 psn|[from] psn
|-damage|p2a: Sinistcha|76/100|[from] Salt Cure
|upkeep
|turn|17
|inactive|Brigtel has 60 seconds left.
|inactive|Brigtel has 30 seconds left.
|
|t:|1743792529
|move|p2a: Sinistcha|Matcha Gotcha|p1a: Hydrapple
|-resisted|p1a: Hydrapple
|-damage|p1a: Hydrapple|38/100 psn
|-heal|p2a: Sinistcha|80/100|[from] drain|[of] p1a: Hydrapple
|move|p1a: Hydrapple|Draco Meteor|p2a: Sinistcha
|-damage|p2a: Sinistcha|0 fnt
|-unboost|p1a: Hydrapple|spa|2
|faint|p2a: Sinistcha
|
|-damage|p1a: Hydrapple|26/100 psn|[from] psn
|upkeep
|inactive|innymilly has 120 seconds left.
|
|t:|1743792540
|switch|p2a: Ting-Lu|Ting-Lu|74/100
|-damage|p2a: Ting-Lu|68/100|[from] Stealth Rock
|-ability|p2a: Ting-Lu|Vessel of Ruin
|turn|18
|inactive|Brigtel has 30 seconds left.
|
|t:|1743792560
|switch|p1a: Lokix|Lokix, F|100/100
|move|p2a: Ting-Lu|Spikes|p1a: Lokix
|-sidestart|p1: Brigtel|Spikes
|
|-heal|p2a: Ting-Lu|74/100|[from] item: Leftovers
|upkeep
|turn|19
|
|t:|1743792568
|switch|p2a: Moltres|Moltres|90/100
|move|p1a: Lokix|Knock Off|p2a: Moltres
|-damage|p2a: Moltres|60/100
|-enditem|p2a: Moltres|Heavy-Duty Boots|[from] move: Knock Off|[of] p1a: Lokix
|
|upkeep
|turn|20
|j| Haus of Balloons
|
|t:|1743792575
|switch|p1a: Ting-Lu|Ting-Lu|100/100
|-damage|p1a: Ting-Lu|94/100|[from] Stealth Rock
|-damage|p1a: Ting-Lu|78/100|[from] Spikes
|-ability|p1a: Ting-Lu|Vessel of Ruin
|move|p2a: Moltres|Roar|p1a: Ting-Lu
|drag|p1a: Garganacl|Garganacl, F|36/100
|-damage|p1a: Garganacl|23/100|[from] Stealth Rock
|-damage|p1a: Garganacl|7/100|[from] Spikes
|
|-heal|p1a: Garganacl|13/100|[from] item: Leftovers
|upkeep
|turn|21
|
|t:|1743792580
|move|p2a: Moltres|Flamethrower|p1a: Garganacl
|-resisted|p1a: Garganacl
|-damage|p1a: Garganacl|0 fnt
|faint|p1a: Garganacl
|
|upkeep
|
|t:|1743792583
|switch|p1a: Ting-Lu|Ting-Lu|78/100
|-damage|p1a: Ting-Lu|72/100|[from] Stealth Rock
|-damage|p1a: Ting-Lu|55/100|[from] Spikes
|-ability|p1a: Ting-Lu|Vessel of Ruin
|turn|22
|
|t:|1743792586
|move|p2a: Moltres|Will-O-Wisp|p1a: Ting-Lu
|-status|p1a: Ting-Lu|brn
|move|p1a: Ting-Lu|Spikes|p2a: Moltres
|-sidestart|p2: innymilly|Spikes
|
|-heal|p1a: Ting-Lu|61/100 brn|[from] item: Leftovers
|-damage|p1a: Ting-Lu|55/100 brn|[from] brn
|upkeep
|turn|23
|
|t:|1743792589
|move|p2a: Moltres|Flamethrower|p1a: Ting-Lu
|-damage|p1a: Ting-Lu|41/100 brn
|move|p1a: Ting-Lu|Ruination|p2a: Moltres
|-damage|p2a: Moltres|30/100
|
|-heal|p1a: Ting-Lu|47/100 brn|[from] item: Leftovers
|-damage|p1a: Ting-Lu|41/100 brn|[from] brn
|upkeep
|turn|24
|
|t:|1743792592
|move|p2a: Moltres|Roost|p2a: Moltres
|-heal|p2a: Moltres|80/100
|-singleturn|p2a: Moltres|move: Roost
|move|p1a: Ting-Lu|Spikes|p2a: Moltres
|-sidestart|p2: innymilly|Spikes
|
|-heal|p1a: Ting-Lu|47/100 brn|[from] item: Leftovers
|-damage|p1a: Ting-Lu|41/100 brn|[from] brn
|upkeep
|turn|25
|
|t:|1743792600
|move|p2a: Moltres|Flamethrower|p1a: Ting-Lu
|-damage|p1a: Ting-Lu|26/100 brn
|move|p1a: Ting-Lu|Ruination|p2a: Moltres
|-damage|p2a: Moltres|40/100
|
|-heal|p1a: Ting-Lu|32/100 brn|[from] item: Leftovers
|-damage|p1a: Ting-Lu|26/100 brn|[from] brn
|upkeep
|turn|26
|
|t:|1743792604
|move|p2a: Moltres|Flamethrower|p1a: Ting-Lu
|-damage|p1a: Ting-Lu|12/100 brn
|move|p1a: Ting-Lu|Spikes|p2a: Moltres
|-sidestart|p2: innymilly|Spikes
|
|-heal|p1a: Ting-Lu|18/100 brn|[from] item: Leftovers
|-damage|p1a: Ting-Lu|12/100 brn|[from] brn
|upkeep
|turn|27
|
|t:|1743792607
|move|p2a: Moltres|Roost|p2a: Moltres
|-heal|p2a: Moltres|91/100
|-singleturn|p2a: Moltres|move: Roost
|move|p1a: Ting-Lu|Ruination|p2a: Moltres
|-damage|p2a: Moltres|46/100
|
|-heal|p1a: Ting-Lu|18/100 brn|[from] item: Leftovers
|-damage|p1a: Ting-Lu|12/100 brn|[from] brn
|upkeep
|turn|28
|inactive|Brigtel has 120 seconds left.
|
|t:|1743792617
|move|p2a: Moltres|Flamethrower|p1a: Ting-Lu
|-damage|p1a: Ting-Lu|0 fnt
|faint|p1a: Ting-Lu
|
|upkeep
|inactive|Brigtel has 120 seconds left.
|l| FaronAan
|
|t:|1743792634
|switch|p1a: Pecharunt|Pecharunt|88/100
|-damage|p1a: Pecharunt|76/100|[from] Stealth Rock
|-item|p1a: Pecharunt|Air Balloon
|turn|29
|
|t:|1743792637
|move|p1a: Pecharunt|Malignant Chain|p2a: Moltres
|-damage|p2a: Moltres|13/100
|-status|p2a: Moltres|tox
|-start|p2a: Moltres|confusion|[from] ability: Poison Puppeteer|[of] p1a: Pecharunt
|-activate|p2a: Moltres|confusion
|move|p2a: Moltres|Flamethrower|p1a: Pecharunt
|-damage|p1a: Pecharunt|39/100
|-enditem|p1a: Pecharunt|Air Balloon
|
|-damage|p2a: Moltres|7/100 tox|[from] psn
|upkeep
|turn|30
|
|t:|1743792648
|move|p1a: Pecharunt|Parting Shot|p2a: Moltres
|-unboost|p2a: Moltres|atk|1
|-unboost|p2a: Moltres|spa|1
|j| bobify
|
|t:|1743792650
|switch|p1a: Hydrapple|Hydrapple, M|59/100 psn|[from] Parting Shot
|-activate|p2a: Moltres|confusion
|move|p2a: Moltres|Flamethrower|p1a: Hydrapple
|-damage|p1a: Hydrapple|37/100 psn
|
|-damage|p2a: Moltres|0 fnt|[from] psn
|faint|p2a: Moltres
|-damage|p1a: Hydrapple|24/100 psn|[from] psn
|upkeep
|
|t:|1743792653
|switch|p2a: Ting-Lu|Ting-Lu|74/100
|-damage|p2a: Ting-Lu|68/100|[from] Stealth Rock
|-damage|p2a: Ting-Lu|43/100|[from] Spikes
|-ability|p2a: Ting-Lu|Vessel of Ruin
|turn|31
|j| tiktoko
|
|t:|1743792661
|move|p1a: Hydrapple|Giga Drain|p2a: Ting-Lu
|-supereffective|p2a: Ting-Lu
|-damage|p2a: Ting-Lu|7/100
|-heal|p1a: Hydrapple|47/100 psn|[from] drain|[of] p2a: Ting-Lu
|move|p2a: Ting-Lu|Whirlwind|p1a: Hydrapple
|drag|p1a: Pecharunt|Pecharunt|39/100
|-damage|p1a: Pecharunt|27/100|[from] Stealth Rock
|-damage|p1a: Pecharunt|10/100|[from] Spikes
|
|-heal|p2a: Ting-Lu|13/100|[from] item: Leftovers
|upkeep
|turn|32
|
|t:|1743792668
|move|p1a: Pecharunt|Malignant Chain|p2a: Ting-Lu
|-resisted|p2a: Ting-Lu
|-damage|p2a: Ting-Lu|7/100
|move|p2a: Ting-Lu|Earthquake|p1a: Pecharunt
|-supereffective|p1a: Pecharunt
|-damage|p1a: Pecharunt|0 fnt
|faint|p1a: Pecharunt
|
|-heal|p2a: Ting-Lu|13/100|[from] item: Leftovers
|upkeep
|
|t:|1743792675
|switch|p1a: Lokix|Lokix, F|100/100
|turn|33
|
|t:|1743792683
|move|p1a: Lokix|Knock Off|p2a: Ting-Lu
|-resisted|p2a: Ting-Lu
|-damage|p2a: Ting-Lu|0 fnt
|-enditem|p2a: Ting-Lu|Leftovers|[from] move: Knock Off|[of] p1a: Lokix
|faint|p2a: Ting-Lu
|
|upkeep
|
|t:|1743792685
|switch|p2a: Garganacl|Garganacl, M|100/100
|-damage|p2a: Garganacl|88/100|[from] Stealth Rock
|-damage|p2a: Garganacl|63/100|[from] Spikes
|turn|34
|
|t:|1743792688
|move|p2a: Garganacl|Protect|p2a: Garganacl
|-singleturn|p2a: Garganacl|Protect
|move|p1a: Lokix|Knock Off|p2a: Garganacl
|-activate|p2a: Garganacl|move: Protect
|
|-heal|p2a: Garganacl|69/100|[from] item: Leftovers
|upkeep
|turn|35
|
|t:|1743792691
|move|p1a: Lokix|Knock Off|p2a: Garganacl
|-damage|p2a: Garganacl|39/100
|-enditem|p2a: Garganacl|Leftovers|[from] move: Knock Off|[of] p1a: Lokix
|move|p2a: Garganacl|Recover|p2a: Garganacl
|-heal|p2a: Garganacl|89/100
|
|upkeep
|turn|36
|
|t:|1743792695
|move|p1a: Lokix|U-turn|p2a: Garganacl
|-damage|p2a: Garganacl|66/100
|
|t:|1743792698
|switch|p1a: Iron Valiant|Iron Valiant|100/100|[from] U-turn
|-damage|p1a: Iron Valiant|94/100|[from] Stealth Rock
|-damage|p1a: Iron Valiant|78/100|[from] Spikes
|-enditem|p1a: Iron Valiant|Booster Energy
|-activate|p1a: Iron Valiant|ability: Quark Drive|[fromitem]
|-start|p1a: Iron Valiant|quarkdrivespe
|move|p2a: Garganacl|Salt Cure|p1a: Iron Valiant
|-resisted|p1a: Iron Valiant
|-damage|p1a: Iron Valiant|68/100
|-start|p1a: Iron Valiant|Salt Cure
|
|-damage|p1a: Iron Valiant|56/100|[from] Salt Cure
|upkeep
|turn|37
|
|t:|1743792701
|move|p1a: Iron Valiant|Encore|p2a: Garganacl
|-start|p2a: Garganacl|Encore
|move|p2a: Garganacl|Salt Cure|p1a: Iron Valiant
|-resisted|p1a: Iron Valiant
|-damage|p1a: Iron Valiant|47/100
|
|-damage|p1a: Iron Valiant|35/100|[from] Salt Cure
|upkeep
|turn|38
|
|t:|1743792707
|move|p1a: Iron Valiant|Moonblast|p2a: Garganacl
|-damage|p2a: Garganacl|37/100
|move|p2a: Garganacl|Salt Cure|p1a: Iron Valiant
|-resisted|p1a: Iron Valiant
|-damage|p1a: Iron Valiant|25/100
|
|-damage|p1a: Iron Valiant|13/100|[from] Salt Cure
|upkeep
|turn|39
|
|t:|1743792710
|move|p1a: Iron Valiant|Moonblast|p2a: Garganacl
|-damage|p2a: Garganacl|5/100
|move|p2a: Garganacl|Salt Cure|p1a: Iron Valiant
|-resisted|p1a: Iron Valiant
|-damage|p1a: Iron Valiant|4/100
|
|-damage|p1a: Iron Valiant|0 fnt|[from] Salt Cure
|faint|p1a: Iron Valiant
|-end|p1a: Iron Valiant|Quark Drive|[silent]
|-end|p2a: Garganacl|Encore
|upkeep
|
|t:|1743792717
|switch|p1a: Lokix|Lokix, F|100/100
|turn|40
|
|t:|1743792721
|move|p2a: Garganacl|Protect|p2a: Garganacl
|-singleturn|p2a: Garganacl|Protect
|move|p1a: Lokix|Knock Off|p2a: Garganacl
|-activate|p2a: Garganacl|move: Protect
|
|upkeep
|turn|41
|
|t:|1743792723
|move|p1a: Lokix|Knock Off|p2a: Garganacl
|-damage|p2a: Garganacl|0 fnt
|faint|p2a: Garganacl
|
|win|Brigtel
|raw|Brigtel's rating: 1858 &rarr; <strong>1874</strong><br />(+16 for winning)
|raw|innymilly's rating: 1785 &rarr; <strong>1769</strong><br />(-16 for losing)
|l|☆Brigtel
|player|p1|
|l|☆innymilly
|player|p2|
|l| tiktoko
|l| Haus of Balloons
