|j|☆Ladder me bruh
|j|☆Seltzergod
|t:|1743879062
|gametype|singles
|player|p1|Ladder me bruh|pokemaniac|1457
|player|p2|Seltzergod|flannery|1446
|teamsize|p1|6
|teamsize|p2|6
|gen|9
|tier|[Gen 9] OU
|rated|
|rule|HP Percentage Mod: HP is shown in percentages
|rule|Endless Battle Clause: Forcing endless battles is banned
|rule|Species Clause: Limit one of each Pokémon
|rule|OHKO Clause: OHKO moves are banned
|rule|Evasion Items Clause: Evasion items are banned
|rule|Evasion Moves Clause: Evasion moves are banned
|rule|Sleep Moves Clause: Sleep-inducing moves are banned
|clearpoke
|poke|p1|Garganacl, M|
|poke|p1|Weezing-Galar, F|
|poke|p1|Corviknight, M|
|poke|p1|Dragapult, M|
|poke|p1|Slowking-Galar, M|
|poke|p1|Samurott-Hisui, F|
|poke|p2|Hydrapple, F|
|poke|p2|Great Tusk|
|poke|p2|Muk-Alola, F|
|poke|p2|Alomomola, F|
|poke|p2|Ting-Lu|
|poke|p2|Kyurem|
|teampreview
|inactive|Battle timer is ON: inactive players will automatically lose when time's up. (requested by Seltzergod)
|
|t:|1743879161
|start
|switch|p1a: Dragapult|Dragapult, M|100/100
|switch|p2a: Monster Munch|Muk-Alola, F|100/100
|turn|1
|
|t:|1743879168
|move|p1a: Dragapult|U-turn|p2a: Monster Munch
|-damage|p2a: Monster Munch|74/100
|
|t:|1743879178
|switch|p1a: Corviknight|Corviknight, M|100/100|[from] U-turn
|-ability|p1a: Corviknight|Pressure
|move|p2a: Monster Munch|Knock Off|p1a: Corviknight
|-damage|p1a: Corviknight|79/100
|-damage|p2a: Monster Munch|58/100|[from] item: Rocky Helmet|[of] p1a: Corviknight
|-enditem|p1a: Corviknight|Rocky Helmet|[from] move: Knock Off|[of] p2a: Monster Munch
|
|upkeep
|turn|2
|inactive|Ladder me bruh has 120 seconds left.
|
|t:|1743879233
|switch|p2a: Metal Cooler|Kyurem|100/100
|-ability|p2a: Metal Cooler|Pressure
|move|p1a: Corviknight|Body Press|p2a: Metal Cooler
|-supereffective|p2a: Metal Cooler
|-damage|p2a: Metal Cooler|50/100
|
|upkeep
|turn|3
|
|t:|1743879246
|switch|p1a: Slowking|Slowking-Galar, M|100/100
|-terastallize|p2a: Metal Cooler|Ghost
|move|p2a: Metal Cooler|Shadow Ball|p1a: Slowking
|-supereffective|p1a: Slowking
|-damage|p1a: Slowking|46/100
|
|upkeep
|turn|4
|inactive|Ladder me bruh has 90 seconds left.
|
|t:|1743879266
|switch|p1a: Garganacl|Garganacl, M|100/100
|move|p2a: Metal Cooler|Shadow Ball|p1a: Garganacl
|-damage|p1a: Garganacl|79/100
|
|-heal|p1a: Garganacl|85/100|[from] item: Leftovers
|upkeep
|turn|5
|inactive|Ladder me bruh has 90 seconds left.
|
|t:|1743879298
|switch|p2a: XIV|Ting-Lu|100/100
|-ability|p2a: XIV|Vessel of Ruin
|move|p1a: Garganacl|Stealth Rock|p2a: XIV
|-sidestart|p2: Seltzergod|move: Stealth Rock
|
|-heal|p1a: Garganacl|91/100|[from] item: Leftovers
|upkeep
|turn|6
|inactive|Ladder me bruh has 60 seconds left.
|
|t:|1743879323
|move|p2a: XIV|Spikes|p1a: Garganacl
|-sidestart|p1: Ladder me bruh|Spikes
|move|p1a: Garganacl|Salt Cure|p2a: XIV
|-resisted|p2a: XIV
|-damage|p2a: XIV|96/100
|-start|p2a: XIV|Salt Cure
|
|-heal|p2a: XIV|100/100|[from] item: Leftovers
|-heal|p1a: Garganacl|97/100|[from] item: Leftovers
|-damage|p2a: XIV|88/100|[from] Salt Cure
|upkeep
|turn|7
|inactive|Ladder me bruh has 60 seconds left.
|
|t:|1743879348
|switch|p1a: Samurott|Samurott-Hisui, F|100/100
|-damage|p1a: Samurott|88/100|[from] Spikes
|move|p2a: XIV|Earthquake|p1a: Samurott
|-damage|p1a: Samurott|38/100
|
|-heal|p2a: XIV|94/100|[from] item: Leftovers
|-damage|p2a: XIV|82/100|[from] Salt Cure
|upkeep
|turn|8
|
|t:|1743879359
|switch|p2a: 7-Star Strike|Hydrapple, F|100/100
|-damage|p2a: 7-Star Strike|88/100|[from] Stealth Rock
|move|p1a: Samurott|Flip Turn|p2a: 7-Star Strike
|-resisted|p2a: 7-Star Strike
|-damage|p2a: 7-Star Strike|82/100
|inactive|Ladder me bruh has 30 seconds left.
|
|t:|1743879390
|switch|p1a: Corviknight|Corviknight, M|79/100|[from] Flip Turn
|-ability|p1a: Corviknight|Pressure
|
|-heal|p2a: 7-Star Strike|89/100|[from] item: Leftovers
|upkeep
|turn|9
|inactive|Ladder me bruh has 30 seconds left.
|
|t:|1743879405
|switch|p2a: Savior|Alomomola, F|100/100
|move|p1a: Corviknight|Roost|p1a: Corviknight
|-heal|p1a: Corviknight|100/100
|-singleturn|p1a: Corviknight|move: Roost
|
|upkeep
|turn|10
|inactive|Ladder me bruh has 30 seconds left.
|inactive|Ladder me bruh has 20 seconds left.
|inactive|Ladder me bruh has 15 seconds left.
|
|t:|1743879426
|switch|p1a: Dragapult|Dragapult, M|100/100
|move|p2a: Savior|Wish|p2a: Savior
|
|upkeep
|turn|11
|inactive|Ladder me bruh has 25 seconds left this turn.
|inactive|Ladder me bruh has 20 seconds left.
|inactive|Ladder me bruh has 15 seconds left.
|
|t:|1743879438
|move|p1a: Dragapult|Dragon Darts|p2a: Savior
|-damage|p2a: Savior|86/100
|-anim|p1a: Dragapult|Dragon Darts|p2a: Savior
|-damage|p2a: Savior|70/100
|move|p2a: Savior|Flip Turn|p1a: Dragapult
|-resisted|p1a: Dragapult
|-damage|p1a: Dragapult|89/100
|inactive|Ladder me bruh has 20 seconds left this turn.
|
|t:|1743879444
|switch|p2a: Monster Munch|Muk-Alola, F|58/100|[from] Flip Turn
|-damage|p2a: Monster Munch|45/100|[from] Stealth Rock
|
|-heal|p2a: Monster Munch|100/100|[from] move: Wish|[wisher] Savior
|upkeep
|turn|12
|inactive|Ladder me bruh has 30 seconds left this turn.
|inactive|Seltzergod has 120 seconds left.
|
|t:|1743879478
|move|p1a: Dragapult|U-turn|p2a: Monster Munch
|-damage|p2a: Monster Munch|76/100
|inactive|Ladder me bruh has 30 seconds left this turn.
|
|t:|1743879481
|switch|p1a: Corviknight|Corviknight, M|100/100|[from] U-turn
|-ability|p1a: Corviknight|Pressure
|move|p2a: Monster Munch|Knock Off|p1a: Corviknight
|-damage|p1a: Corviknight|88/100
|
|upkeep
|turn|13
|inactive|Ladder me bruh has 30 seconds left.
|inactive|Ladder me bruh has 20 seconds left.
|
|t:|1743879506
|switch|p2a: Savior|Alomomola, F|100/100
|move|p1a: Corviknight|Body Press|p2a: Savior
|-crit|p2a: Savior
|-damage|p2a: Savior|77/100
|
|upkeep
|turn|14
|inactive|Ladder me bruh has 30 seconds left this turn.
|
|t:|1743879512
|switch|p1a: Dragapult|Dragapult, M|89/100
|move|p2a: Savior|Flip Turn|p1a: Dragapult
|-resisted|p1a: Dragapult
|-damage|p1a: Dragapult|77/100
|inactive|Ladder me bruh has 30 seconds left this turn.
|
|t:|1743879517
|switch|p2a: 7-Star Strike|Hydrapple, F|100/100|[from] Flip Turn
|-damage|p2a: 7-Star Strike|88/100|[from] Stealth Rock
|
|-heal|p2a: 7-Star Strike|94/100|[from] item: Leftovers
|upkeep
|turn|15
|
|t:|1743879524
|move|p1a: Dragapult|U-turn|p2a: 7-Star Strike
|-supereffective|p2a: 7-Star Strike
|-damage|p2a: 7-Star Strike|58/100
|
|t:|1743879530
|switch|p1a: Corviknight|Corviknight, M|88/100|[from] U-turn
|-ability|p1a: Corviknight|Pressure
|move|p2a: 7-Star Strike|Dragon Pulse|p1a: Corviknight
|-resisted|p1a: Corviknight
|-damage|p1a: Corviknight|64/100
|
|-heal|p2a: 7-Star Strike|64/100|[from] item: Leftovers
|upkeep
|turn|16
|
|t:|1743879543
|switch|p2a: Savior|Alomomola, F|100/100
|move|p1a: Corviknight|Roost|p1a: Corviknight
|-heal|p1a: Corviknight|100/100
|-singleturn|p1a: Corviknight|move: Roost
|
|upkeep
|turn|17
|inactive|Ladder me bruh has 30 seconds left.
|
|t:|1743879564
|switch|p1a: Dragapult|Dragapult, M|77/100
|move|p2a: Savior|Flip Turn|p1a: Dragapult
|-resisted|p1a: Dragapult
|-damage|p1a: Dragapult|66/100
|inactive|Ladder me bruh has 30 seconds left this turn.
|
|t:|1743879574
|switch|p2a: 7-Star Strike|Hydrapple, F|98/100|[from] Flip Turn
|-damage|p2a: 7-Star Strike|85/100|[from] Stealth Rock
|
|-heal|p2a: 7-Star Strike|91/100|[from] item: Leftovers
|upkeep
|turn|18
|
|t:|1743879582
|move|p1a: Dragapult|U-turn|p2a: 7-Star Strike
|-supereffective|p2a: 7-Star Strike
|-damage|p2a: 7-Star Strike|55/100
|
|t:|1743879585
|switch|p1a: Corviknight|Corviknight, M|100/100|[from] U-turn
|-ability|p1a: Corviknight|Pressure
|move|p2a: 7-Star Strike|Dragon Pulse|p1a: Corviknight
|-resisted|p1a: Corviknight
|-crit|p1a: Corviknight
|-damage|p1a: Corviknight|68/100
|
|-heal|p2a: 7-Star Strike|61/100|[from] item: Leftovers
|upkeep
|turn|19
|
|t:|1743879602
|switch|p1a: Slowking|Slowking-Galar, M|79/100
|-damage|p1a: Slowking|66/100|[from] Spikes
|switch|p2a: Savior|Alomomola, F|100/100
|
|upkeep
|turn|20
|
|t:|1743879609
|switch|p2a: Monster Munch|Muk-Alola, F|76/100
|-damage|p2a: Monster Munch|63/100|[from] Stealth Rock
|move|p1a: Slowking|Future Sight|p2a: Monster Munch
|-start|p1a: Slowking|move: Future Sight
|
|upkeep
|turn|21
|
|t:|1743879625
|switch|p1a: Corviknight|Corviknight, M|68/100
|-ability|p1a: Corviknight|Pressure
|move|p2a: Monster Munch|Knock Off|p1a: Corviknight
|-damage|p1a: Corviknight|53/100
|
|upkeep
|turn|22
|
|t:|1743879636
|move|p1a: Corviknight|Body Press|p2a: Monster Munch
|-damage|p2a: Monster Munch|35/100
|move|p2a: Monster Munch|Drain Punch|p1a: Corviknight
|-crit|p1a: Corviknight
|-damage|p1a: Corviknight|37/100
|-heal|p2a: Monster Munch|43/100|[from] drain|[of] p1a: Corviknight
|
|-end|p2a: Monster Munch|move: Future Sight
|-immune|p2a: Monster Munch
|upkeep
|turn|23
|
|t:|1743879646
|switch|p2a: Savior|Alomomola, F|100/100
|move|p1a: Corviknight|Roost|p1a: Corviknight
|-heal|p1a: Corviknight|87/100
|-singleturn|p1a: Corviknight|move: Roost
|
|upkeep
|turn|24
|
|t:|1743879654
|switch|p1a: Slowking|Slowking-Galar, M|99/100
|-damage|p1a: Slowking|87/100|[from] Spikes
|move|p2a: Savior|Wish|p2a: Savior
|
|upkeep
|turn|25
|
|t:|1743879682
|switch|p1a: Weezing|Weezing-Galar, F|100/100
|-ability|p1a: Weezing|Neutralizing Gas
|move|p2a: Savior|Flip Turn|p1a: Weezing
|-damage|p1a: Weezing|89/100
|
|t:|1743879688
|switch|p2a: Metal Cooler|Kyurem, tera:Ghost|50/100|[from] Flip Turn
|-damage|p2a: Metal Cooler|38/100|[from] Stealth Rock
|
|-heal|p2a: Metal Cooler|98/100|[from] move: Wish|[wisher] Savior
|upkeep
|turn|26
|
|t:|1743879695
|-end|p1a: Weezing|ability: Neutralizing Gas
|-ability|p2a: Metal Cooler|Pressure
|switch|p1a: Slowking|Slowking-Galar, M|100/100
|-damage|p1a: Slowking|88/100|[from] Spikes
|move|p2a: Metal Cooler|Ice Beam|p1a: Slowking
|-damage|p1a: Slowking|58/100
|
|upkeep
|turn|27
|
|t:|1743879716
|move|p2a: Metal Cooler|Ice Beam|p1a: Slowking
|-damage|p1a: Slowking|28/100
|move|p1a: Slowking|Psychic Noise|p2a: Metal Cooler
|-damage|p2a: Metal Cooler|67/100
|-start|p2a: Metal Cooler|move: Heal Block
|
|upkeep
|turn|28
|
|t:|1743879720
|move|p2a: Metal Cooler|Ice Beam|p1a: Slowking
|-damage|p1a: Slowking|0 fnt
|faint|p1a: Slowking
|
|-end|p2a: Metal Cooler|move: Heal Block
|upkeep
|
|t:|1743879726
|switch|p1a: Samurott|Samurott-Hisui, F|38/100
|-damage|p1a: Samurott|26/100|[from] Spikes
|turn|29
|
|t:|1743879732
|switch|p2a: 7-Star Strike|Hydrapple, F|94/100
|-damage|p2a: 7-Star Strike|82/100|[from] Stealth Rock
|move|p1a: Samurott|Knock Off|p2a: 7-Star Strike
|-damage|p2a: 7-Star Strike|45/100
|-enditem|p2a: 7-Star Strike|Leftovers|[from] move: Knock Off|[of] p1a: Samurott
|
|upkeep
|turn|30
|
|t:|1743879744
|switch|p1a: Corviknight|Corviknight, M|87/100
|-ability|p1a: Corviknight|Pressure
|move|p2a: 7-Star Strike|Giga Drain|p1a: Corviknight
|-resisted|p1a: Corviknight
|-damage|p1a: Corviknight|77/100
|-heal|p2a: 7-Star Strike|50/100|[from] drain|[of] p1a: Corviknight
|
|upkeep
|turn|31
|
|t:|1743879751
|switch|p1a: Dragapult|Dragapult, M|66/100
|switch|p2a: Savior|Alomomola, F|100/100
|
|upkeep
|turn|32
|
|t:|1743879754
|move|p1a: Dragapult|Will-O-Wisp|p2a: Savior
|-status|p2a: Savior|brn
|move|p2a: Savior|Flip Turn|p1a: Dragapult
|-resisted|p1a: Dragapult
|-damage|p1a: Dragapult|61/100
|
|t:|1743879778
|switch|p2a: XIV|Ting-Lu|82/100|[from] Flip Turn
|-damage|p2a: XIV|76/100|[from] Stealth Rock
|-ability|p2a: XIV|Vessel of Ruin
|
|-heal|p2a: XIV|82/100|[from] item: Leftovers
|upkeep
|turn|33
|
|t:|1743879785
|move|p1a: Dragapult|U-turn|p2a: XIV
|-supereffective|p2a: XIV
|-damage|p2a: XIV|57/100
|
|t:|1743879788
|switch|p1a: Corviknight|Corviknight, M|77/100|[from] U-turn
|-ability|p1a: Corviknight|Pressure
|move|p2a: XIV|Spikes|p1a: Corviknight
|-sidestart|p1: Ladder me bruh|Spikes
|
|-heal|p2a: XIV|63/100|[from] item: Leftovers
|upkeep
|turn|34
|
|t:|1743879799
|switch|p1a: Garganacl|Garganacl, M|97/100
|-damage|p1a: Garganacl|81/100|[from] Spikes
|move|p2a: XIV|Ruination|p1a: Garganacl
|-damage|p1a: Garganacl|41/100
|
|-heal|p2a: XIV|69/100|[from] item: Leftovers
|-heal|p1a: Garganacl|47/100|[from] item: Leftovers
|upkeep
|turn|35
|
|t:|1743879807
|switch|p1a: Corviknight|Corviknight, M|77/100
|-ability|p1a: Corviknight|Pressure
|move|p2a: XIV|Earthquake|p1a: Corviknight
|-immune|p1a: Corviknight
|
|-heal|p2a: XIV|75/100|[from] item: Leftovers
|upkeep
|turn|36
|
|t:|1743879810
|move|p1a: Corviknight|Body Press|p2a: XIV
|-supereffective|p2a: XIV
|-damage|p2a: XIV|46/100
|move|p2a: XIV|Ruination|p1a: Corviknight
|-damage|p1a: Corviknight|39/100
|
|-heal|p2a: XIV|52/100|[from] item: Leftovers
|upkeep
|turn|37
|
|t:|1743879822
|switch|p2a: Savior|Alomomola, F|100/100 brn
|move|p1a: Corviknight|Roost|p1a: Corviknight
|-heal|p1a: Corviknight|89/100
|-singleturn|p1a: Corviknight|move: Roost
|
|-damage|p2a: Savior|94/100 brn|[from] brn
|upkeep
|turn|38
|inactive|Ladder me bruh has 90 seconds left.
|
|t:|1743879839
|switch|p1a: Dragapult|Dragapult, M|61/100
|move|p2a: Savior|Wish|p2a: Savior
|
|-damage|p2a: Savior|88/100 brn|[from] brn
|upkeep
|turn|39
|
|t:|1743879846
|move|p1a: Dragapult|Hex|p2a: Savior
|-damage|p2a: Savior|45/100 brn
|move|p2a: Savior|Flip Turn|p1a: Dragapult
|-resisted|p1a: Dragapult
|-damage|p1a: Dragapult|55/100
|
|t:|1743879849
|switch|p2a: Monster Munch|Muk-Alola, F|43/100|[from] Flip Turn
|-damage|p2a: Monster Munch|30/100|[from] Stealth Rock
|
|-heal|p2a: Monster Munch|87/100|[from] move: Wish|[wisher] Savior
|upkeep
|turn|40
|
|t:|1743879857
|move|p1a: Dragapult|U-turn|p2a: Monster Munch
|-damage|p2a: Monster Munch|62/100
|
|t:|1743879859
|switch|p1a: Corviknight|Corviknight, M|89/100|[from] U-turn
|-ability|p1a: Corviknight|Pressure
|move|p2a: Monster Munch|Knock Off|p1a: Corviknight
|-damage|p1a: Corviknight|74/100
|
|upkeep
|turn|41
|
|t:|1743879877
|switch|p1a: Garganacl|Garganacl, M|47/100
|-damage|p1a: Garganacl|30/100|[from] Spikes
|switch|p2a: Savior|Alomomola, F|78/100 brn
|
|-heal|p1a: Garganacl|36/100|[from] item: Leftovers
|-damage|p2a: Savior|72/100 brn|[from] brn
|upkeep
|turn|42
|
|t:|1743879893
|move|p2a: Savior|Flip Turn|p1a: Garganacl
|-supereffective|p1a: Garganacl
|-damage|p1a: Garganacl|26/100
|
|t:|1743879896
|switch|p2a: 7-Star Strike|Hydrapple, F|83/100|[from] Flip Turn
|-damage|p2a: 7-Star Strike|71/100|[from] Stealth Rock
|move|p1a: Garganacl|Recover|p1a: Garganacl
|-heal|p1a: Garganacl|76/100
|
|-heal|p1a: Garganacl|83/100|[from] item: Leftovers
|upkeep
|turn|43
|
|t:|1743879909
|switch|p1a: Corviknight|Corviknight, M|74/100
|-ability|p1a: Corviknight|Pressure
|move|p2a: 7-Star Strike|Nasty Plot|p2a: 7-Star Strike
|-boost|p2a: 7-Star Strike|spa|2
|
|upkeep
|turn|44
|
|t:|1743879930
|move|p1a: Corviknight|Body Press|p2a: 7-Star Strike
|-damage|p2a: 7-Star Strike|52/100
|move|p2a: 7-Star Strike|Dragon Pulse|p1a: Corviknight
|-resisted|p1a: Corviknight
|-damage|p1a: Corviknight|28/100
|
|upkeep
|turn|45
|
|t:|1743879940
|move|p1a: Corviknight|Brave Bird|p2a: 7-Star Strike
|-supereffective|p2a: 7-Star Strike
|-damage|p2a: 7-Star Strike|0 fnt
|faint|p2a: 7-Star Strike
|-damage|p1a: Corviknight|10/100|[from] Recoil
|
|upkeep
|
|t:|1743879948
|switch|p2a: Metal Cooler|Kyurem, tera:Ghost|67/100
|-damage|p2a: Metal Cooler|55/100|[from] Stealth Rock
|-ability|p2a: Metal Cooler|Pressure
|turn|46
|inactive|Ladder me bruh has 90 seconds left.
|
|t:|1743879981
|switch|p1a: Samurott|Samurott-Hisui, F|26/100
|-damage|p1a: Samurott|9/100|[from] Spikes
|move|p2a: Metal Cooler|Ice Beam|p1a: Samurott
|-resisted|p1a: Samurott
|-damage|p1a: Samurott|0 fnt
|faint|p1a: Samurott
|
|upkeep
|
|t:|1743880003
|switch|p1a: Garganacl|Garganacl, M|83/100
|-damage|p1a: Garganacl|66/100|[from] Spikes
|turn|47
|
|t:|1743880010
|switch|p2a: XIV|Ting-Lu|52/100
|-damage|p2a: XIV|46/100|[from] Stealth Rock
|-ability|p2a: XIV|Vessel of Ruin
|move|p1a: Garganacl|Protect||[still]
|-fail|p1a: Garganacl
|
|-heal|p2a: XIV|52/100|[from] item: Leftovers
|-heal|p1a: Garganacl|72/100|[from] item: Leftovers
|upkeep
|turn|48
|
|t:|1743880015
|switch|p1a: Corviknight|Corviknight, M|10/100
|-ability|p1a: Corviknight|Pressure
|move|p2a: XIV|Whirlwind|p1a: Corviknight
|drag|p1a: Garganacl|Garganacl, M|72/100
|-damage|p1a: Garganacl|56/100|[from] Spikes
|
|-heal|p2a: XIV|58/100|[from] item: Leftovers
|-heal|p1a: Garganacl|62/100|[from] item: Leftovers
|upkeep
|turn|49
|
|t:|1743880028
|switch|p2a: Metal Cooler|Kyurem, tera:Ghost|55/100
|-damage|p2a: Metal Cooler|42/100|[from] Stealth Rock
|-ability|p2a: Metal Cooler|Pressure
|move|p1a: Garganacl|Salt Cure|p2a: Metal Cooler
|-damage|p2a: Metal Cooler|29/100
|-start|p2a: Metal Cooler|Salt Cure
|
|-heal|p1a: Garganacl|68/100|[from] item: Leftovers
|-damage|p2a: Metal Cooler|17/100|[from] Salt Cure
|upkeep
|turn|50
|
|t:|1743880045
|switch|p2a: Savior|Alomomola, F|100/100 brn
|move|p1a: Garganacl|Protect||[still]
|-fail|p1a: Garganacl
|
|-heal|p1a: Garganacl|74/100|[from] item: Leftovers
|-damage|p2a: Savior|94/100 brn|[from] brn
|upkeep
|turn|51
|
|t:|1743880049
|move|p2a: Savior|Wish|p2a: Savior
|move|p1a: Garganacl|Salt Cure|p2a: Savior
|-damage|p2a: Savior|86/100 brn
|-start|p2a: Savior|Salt Cure
|
|-heal|p1a: Garganacl|80/100|[from] item: Leftovers
|-damage|p2a: Savior|80/100 brn|[from] brn
|-damage|p2a: Savior|55/100 brn|[from] Salt Cure
|upkeep
|turn|52
|
|t:|1743880078
|move|p2a: Savior|Flip Turn|p1a: Garganacl
|-supereffective|p1a: Garganacl
|-damage|p1a: Garganacl|70/100
|
|t:|1743880082
|switch|p2a: Monster Munch|Muk-Alola, F|62/100|[from] Flip Turn
|-damage|p2a: Monster Munch|49/100|[from] Stealth Rock
|move|p1a: Garganacl|Recover|p1a: Garganacl
|-heal|p1a: Garganacl|100/100
|
|-heal|p2a: Monster Munch|100/100|[from] move: Wish|[wisher] Savior
|upkeep
|turn|53
|
|t:|1743880092
|switch|p1a: Weezing|Weezing-Galar, F|89/100
|-ability|p1a: Weezing|Neutralizing Gas
|move|p2a: Monster Munch|Knock Off|p1a: Weezing
|-resisted|p1a: Weezing
|-damage|p1a: Weezing|77/100
|-enditem|p1a: Weezing|Heavy-Duty Boots|[from] move: Knock Off|[of] p2a: Monster Munch
|
|upkeep
|turn|54
|
|t:|1743880108
|switch|p2a: Tutankhamun|Great Tusk|100/100
|-damage|p2a: Tutankhamun|98/100|[from] Stealth Rock
|move|p1a: Weezing|Strange Steam|p2a: Tutankhamun
|-supereffective|p2a: Tutankhamun
|-damage|p2a: Tutankhamun|29/100
|
|upkeep
|turn|55
|
|t:|1743880122
|move|p2a: Tutankhamun|Stealth Rock|p1a: Weezing
|-sidestart|p1: Ladder me bruh|move: Stealth Rock
|move|p1a: Weezing|Strange Steam|p2a: Tutankhamun
|-supereffective|p2a: Tutankhamun
|-damage|p2a: Tutankhamun|0 fnt
|faint|p2a: Tutankhamun
|-end|p2a: Tutankhamun|Protosynthesis|[silent]
|
|upkeep
|
|t:|1743880136
|switch|p2a: Savior|Alomomola, F|88/100 brn
|turn|56
|inactive|Ladder me bruh has 60 seconds left.
|inactive|Ladder me bruh has 30 seconds left.
|inactive|Ladder me bruh has 20 seconds left.
|
|t:|1743880200
|move|p1a: Weezing|Pain Split|p2a: Savior
|-sethp|p2a: Savior|72/100 brn|[from] move: Pain Split|[silent]
|-sethp|p1a: Weezing|100/100|[from] move: Pain Split
|move|p2a: Savior|Wish|p2a: Savior
|
|-damage|p2a: Savior|65/100 brn|[from] brn
|upkeep
|turn|57
|inactive|Ladder me bruh has 30 seconds left this turn.
|inactive|Ladder me bruh has 20 seconds left.
|inactive|Ladder me bruh has 15 seconds left.
|
|t:|1743880218
|move|p1a: Weezing|Strange Steam|p2a: Savior
|-damage|p2a: Savior|40/100 brn
|-start|p2a: Savior|confusion
|-activate|p2a: Savior|confusion
|-damage|p2a: Savior|35/100 brn|[from] confusion
|
|-heal|p2a: Savior|85/100 brn|[from] move: Wish|[wisher] Savior
|-damage|p2a: Savior|79/100 brn|[from] brn
|upkeep
|turn|58
|inactive|Ladder me bruh has 25 seconds left this turn.
|inactive|Ladder me bruh has 20 seconds left.
|inactive|Ladder me bruh has 15 seconds left.
|inactive|Ladder me bruh has 10 seconds left.
|inactive|Ladder me bruh has 5 seconds left.
|
|t:|1743880239
|move|p1a: Weezing|Strange Steam|p2a: Savior|[miss]
|-miss|p1a: Weezing|p2a: Savior
|-activate|p2a: Savior|confusion
|move|p2a: Savior|Wish|p2a: Savior
|
|-damage|p2a: Savior|73/100 brn|[from] brn
|upkeep
|turn|59
|inactive|Ladder me bruh has 15 seconds left this turn.
|
|t:|1743880243
|move|p1a: Weezing|Strange Steam|p2a: Savior
|-damage|p2a: Savior|46/100 brn
|-activate|p2a: Savior|confusion
|move|p2a: Savior|Flip Turn|p1a: Weezing
|-damage|p1a: Weezing|95/100
|inactive|Ladder me bruh has 20 seconds left this turn.
|
|t:|1743880249
|switch|p2a: Metal Cooler|Kyurem, tera:Ghost|17/100|[from] Flip Turn
|-damage|p2a: Metal Cooler|5/100|[from] Stealth Rock
|
|-heal|p2a: Metal Cooler|65/100|[from] move: Wish|[wisher] Savior
|upkeep
|turn|60
|inactive|Ladder me bruh has 30 seconds left this turn.
|
|t:|1743880255
|move|p2a: Metal Cooler|Earth Power|p1a: Weezing
|-supereffective|p1a: Weezing
|-damage|p1a: Weezing|0 fnt
|faint|p1a: Weezing
|-end|p1a: Weezing|ability: Neutralizing Gas
|-ability|p2a: Metal Cooler|Pressure
|
|upkeep
|inactive|Ladder me bruh has 30 seconds left this turn.
|inactive|Ladder me bruh has 20 seconds left.
|
|t:|1743880266
|switch|p1a: Corviknight|Corviknight, M|10/100
|-damage|p1a: Corviknight|0 fnt|[from] Stealth Rock
|faint|p1a: Corviknight
|inactive|Ladder me bruh has 25 seconds left this turn.
|
|t:|1743880269
|switch|p1a: Garganacl|Garganacl, M|100/100
|-damage|p1a: Garganacl|84/100|[from] Spikes
|-damage|p1a: Garganacl|72/100|[from] Stealth Rock
|turn|61
|
|t:|1743880274
|-terastallize|p1a: Garganacl|Fairy
|move|p2a: Metal Cooler|Earth Power|p1a: Garganacl
|-damage|p1a: Garganacl|38/100
|move|p1a: Garganacl|Salt Cure|p2a: Metal Cooler
|-damage|p2a: Metal Cooler|52/100
|-start|p2a: Metal Cooler|Salt Cure
|
|-heal|p1a: Garganacl|44/100|[from] item: Leftovers
|-damage|p2a: Metal Cooler|40/100|[from] Salt Cure
|upkeep
|turn|62
|
|t:|1743880286
|switch|p2a: Monster Munch|Muk-Alola, F|100/100
|-damage|p2a: Monster Munch|88/100|[from] Stealth Rock
|move|p1a: Garganacl|Recover|p1a: Garganacl
|-heal|p1a: Garganacl|94/100
|
|-heal|p1a: Garganacl|99/100|[from] item: Leftovers
|upkeep
|turn|63
|
|t:|1743880298
|move|p2a: Monster Munch|Knock Off|p1a: Garganacl
|-resisted|p1a: Garganacl
|-damage|p1a: Garganacl|89/100
|-enditem|p1a: Garganacl|Leftovers|[from] move: Knock Off|[of] p2a: Monster Munch
|move|p1a: Garganacl|Salt Cure|p2a: Monster Munch
|-damage|p2a: Monster Munch|73/100
|-start|p2a: Monster Munch|Salt Cure
|
|-damage|p2a: Monster Munch|61/100|[from] Salt Cure
|upkeep
|turn|64
|
|t:|1743880303
|switch|p2a: XIV|Ting-Lu|58/100
|-damage|p2a: XIV|52/100|[from] Stealth Rock
|-ability|p2a: XIV|Vessel of Ruin
|move|p1a: Garganacl|Protect||[still]
|-fail|p1a: Garganacl
|
|-heal|p2a: XIV|58/100|[from] item: Leftovers
|upkeep
|turn|65
|
|t:|1743880307
|move|p1a: Garganacl|Salt Cure|p2a: XIV
|-resisted|p2a: XIV
|-damage|p2a: XIV|55/100
|-start|p2a: XIV|Salt Cure
|move|p2a: XIV|Whirlwind|p1a: Garganacl
|drag|p1a: Dragapult|Dragapult, M|55/100
|
|-heal|p2a: XIV|61/100|[from] item: Leftovers
|-damage|p2a: XIV|48/100|[from] Salt Cure
|upkeep
|turn|66
|
|t:|1743880319
|move|p1a: Dragapult|Will-O-Wisp|p2a: XIV|[miss]
|-miss|p1a: Dragapult|p2a: XIV
|move|p2a: XIV|Earthquake|p1a: Dragapult
|-damage|p1a: Dragapult|9/100
|
|-heal|p2a: XIV|55/100|[from] item: Leftovers
|-damage|p2a: XIV|42/100|[from] Salt Cure
|upkeep
|turn|67
|
|t:|1743880325
|move|p1a: Dragapult|U-turn|p2a: XIV
|-supereffective|p2a: XIV
|-damage|p2a: XIV|15/100
|
|t:|1743880327
|switch|p1a: Garganacl|Garganacl, M, tera:Fairy|89/100|[from] U-turn
|-damage|p1a: Garganacl|72/100|[from] Spikes
|-damage|p1a: Garganacl|60/100|[from] Stealth Rock
|move|p2a: XIV|Earthquake|p1a: Garganacl
|-damage|p1a: Garganacl|34/100
|
|-heal|p2a: XIV|21/100|[from] item: Leftovers
|-damage|p2a: XIV|8/100|[from] Salt Cure
|upkeep
|turn|68
|
|t:|1743880337
|switch|p2a: Monster Munch|Muk-Alola, F|61/100
|-damage|p2a: Monster Munch|49/100|[from] Stealth Rock
|move|p1a: Garganacl|Recover|p1a: Garganacl
|-heal|p1a: Garganacl|84/100
|
|upkeep
|turn|69
|
|t:|1743880345
|move|p2a: Monster Munch|Poison Jab|p1a: Garganacl
|-supereffective|p1a: Garganacl
|-damage|p1a: Garganacl|49/100
|move|p1a: Garganacl|Salt Cure|p2a: Monster Munch
|-damage|p2a: Monster Munch|35/100
|-start|p2a: Monster Munch|Salt Cure
|
|-damage|p2a: Monster Munch|22/100|[from] Salt Cure
|upkeep
|turn|70
|
|t:|1743880360
|switch|p2a: Savior|Alomomola, F|46/100 brn
|move|p1a: Garganacl|Recover|p1a: Garganacl
|-heal|p1a: Garganacl|99/100
|
|-damage|p2a: Savior|40/100 brn|[from] brn
|upkeep
|turn|71
|
|t:|1743880377
|move|p2a: Savior|Wish|p2a: Savior
|move|p1a: Garganacl|Salt Cure|p2a: Savior
|-damage|p2a: Savior|32/100 brn
|-start|p2a: Savior|Salt Cure
|
|-damage|p2a: Savior|26/100 brn|[from] brn
|-damage|p2a: Savior|1/100 brn|[from] Salt Cure
|upkeep
|turn|72
|
|t:|1743880387
|switch|p2a: Metal Cooler|Kyurem, tera:Ghost|40/100
|-damage|p2a: Metal Cooler|27/100|[from] Stealth Rock
|-ability|p2a: Metal Cooler|Pressure
|move|p1a: Garganacl|Salt Cure|p2a: Metal Cooler
|-damage|p2a: Metal Cooler|14/100
|-start|p2a: Metal Cooler|Salt Cure
|
|-heal|p2a: Metal Cooler|74/100|[from] move: Wish|[wisher] Savior
|-damage|p2a: Metal Cooler|62/100|[from] Salt Cure
|upkeep
|turn|73
|
|t:|1743880393
|move|p1a: Garganacl|Protect|p1a: Garganacl
|-singleturn|p1a: Garganacl|Protect
|move|p2a: Metal Cooler|Ice Beam|p1a: Garganacl
|-activate|p1a: Garganacl|move: Protect
|
|-damage|p2a: Metal Cooler|49/100|[from] Salt Cure
|upkeep
|turn|74
|inactive|Ladder me bruh has 90 seconds left.
|
|t:|1743880411
|move|p2a: Metal Cooler|Ice Beam|p1a: Garganacl
|-damage|p1a: Garganacl|52/100
|move|p1a: Garganacl|Recover|p1a: Garganacl
|-heal|p1a: Garganacl|100/100
|
|-damage|p2a: Metal Cooler|37/100|[from] Salt Cure
|upkeep
|turn|75
|
|t:|1743880416
|switch|p2a: Monster Munch|Muk-Alola, F|22/100
|-damage|p2a: Monster Munch|10/100|[from] Stealth Rock
|move|p1a: Garganacl|Protect||[still]
|-fail|p1a: Garganacl
|
|upkeep
|turn|76
|
|t:|1743880425
|move|p2a: Monster Munch|Poison Jab|p1a: Garganacl
|-supereffective|p1a: Garganacl
|-damage|p1a: Garganacl|61/100
|move|p1a: Garganacl|Salt Cure|p2a: Monster Munch
|-damage|p2a: Monster Munch|0 fnt
|faint|p2a: Monster Munch
|
|upkeep
|
|t:|1743880427
|switch|p2a: Metal Cooler|Kyurem, tera:Ghost|37/100
|-damage|p2a: Metal Cooler|25/100|[from] Stealth Rock
|-ability|p2a: Metal Cooler|Pressure
|turn|77
|
|t:|1743880438
|move|p2a: Metal Cooler|Ice Beam|p1a: Garganacl
|-damage|p1a: Garganacl|13/100
|move|p1a: Garganacl|Salt Cure|p2a: Metal Cooler
|-damage|p2a: Metal Cooler|10/100
|-start|p2a: Metal Cooler|Salt Cure
|
|-damage|p2a: Metal Cooler|0 fnt|[from] Salt Cure
|faint|p2a: Metal Cooler
|upkeep
|
|t:|1743880445
|switch|p2a: Savior|Alomomola, F|34/100 brn
|turn|78
|inactive|Ladder me bruh has 90 seconds left.
|inactive|Ladder me bruh has 60 seconds left.
|
|t:|1743880495
|switch|p2a: XIV|Ting-Lu|8/100
|-damage|p2a: XIV|2/100|[from] Stealth Rock
|-ability|p2a: XIV|Vessel of Ruin
|move|p1a: Garganacl|Recover|p1a: Garganacl
|-heal|p1a: Garganacl|63/100
|
|-heal|p2a: XIV|8/100|[from] item: Leftovers
|upkeep
|turn|79
|inactive|Ladder me bruh has 60 seconds left.
|
|t:|1743880517
|move|p1a: Garganacl|Salt Cure|p2a: XIV
|-resisted|p2a: XIV
|-damage|p2a: XIV|5/100
|-start|p2a: XIV|Salt Cure
|move|p2a: XIV|Whirlwind|p1a: Garganacl
|drag|p1a: Dragapult|Dragapult, M|9/100
|
|-heal|p2a: XIV|11/100|[from] item: Leftovers
|-damage|p2a: XIV|0 fnt|[from] Salt Cure
|faint|p2a: XIV
|upkeep
|
|t:|1743880519
|switch|p2a: Savior|Alomomola, F|67/100 brn
|turn|80
|-message|Seltzergod forfeited.
|
|win|Ladder me bruh
|raw|Ladder me bruh's rating: 1457 &rarr; <strong>1476</strong><br />(+19 for winning)
|raw|Seltzergod's rating: 1446 &rarr; <strong>1427</strong><br />(-19 for losing)
|l|☆Seltzergod
|player|p2|
