|j|‽bogubuo
|j|☆MrSpscz
|t:|1743833128
|gametype|singles
|player|p1|bogubuo|2|1080
|player|p2|MrSpscz|swimmer-gen4dp|1115
|teamsize|p1|6
|teamsize|p2|6
|gen|9
|tier|[Gen 9] OU
|rated|
|rule|HP Percentage Mod: HP is shown in percentages
|rule|Endless Battle Clause: Forcing endless battles is banned
|rule|Species Clause: Limit one of each Pokémon
|rule|OHKO Clause: OHKO moves are banned
|rule|Evasion Items Clause: Evasion items are banned
|rule|Evasion Moves Clause: Evasion moves are banned
|rule|Sleep Moves Clause: Sleep-inducing moves are banned
|clearpoke
|poke|p1|Iron Moth|
|poke|p1|Mamoswine, M|
|poke|p1|Iron Crown|
|poke|p1|Iron Hands|
|poke|p1|Meowscarada, M|
|poke|p1|Primarina, M|
|poke|p2|Tyranitar, M|
|poke|p2|Excadrill, M|
|poke|p2|Zamazenta-*|
|poke|p2|Ogerpon-Wellspring, F|
|poke|p2|Moltres|
|poke|p2|Dragapult, F|
|teampreview
|inactive|Battle timer is ON: inactive players will automatically lose when time's up. (requested by bogubuo)
|inactive|bogubuo has 120 seconds left.
|inactive|bogubuo has 90 seconds left.
|
|t:|1743833211
|start
|switch|p1a: Mamoswine|Mamoswine, M, shiny|100/100
|switch|p2a: Moltres|Moltres|100/100
|turn|1
|
|t:|1743833227
|move|p1a: Mamoswine|Stealth Rock|p2a: Moltres
|-sidestart|p2: MrSpscz|move: Stealth Rock
|move|p2a: Moltres|Flamethrower|p1a: Mamoswine
|-supereffective|p1a: Mamoswine
|-damage|p1a: Mamoswine|50/100
|
|upkeep
|turn|2
|
|t:|1743833243
|switch|p1a: Primarina|Primarina, M, shiny|100/100
|move|p2a: Moltres|Flamethrower|p1a: Primarina
|-resisted|p1a: Primarina
|-damage|p1a: Primarina|86/100
|
|-heal|p1a: Primarina|92/100|[from] item: Leftovers
|upkeep
|turn|3
|inactive|bogubuo has 120 seconds left.
|
|t:|1743833277
|switch|p2a: Ogerpon|Ogerpon-Wellspring, F|100/100
|-damage|p2a: Ogerpon|88/100|[from] Stealth Rock
|move|p1a: Primarina|Draining Kiss|p2a: Ogerpon
|-damage|p2a: Ogerpon|63/100
|-heal|p1a: Primarina|100/100|[from] drain|[of] p2a: Ogerpon
|
|upkeep
|turn|4
|inactive|bogubuo has 90 seconds left.
|
|t:|1743833322
|switch|p1a: Iron Crown|Iron Crown|100/100
|move|p2a: Ogerpon|Power Whip|p1a: Iron Crown
|-resisted|p1a: Iron Crown
|-damage|p1a: Iron Crown|60/100
|
|upkeep
|turn|5
|c|☆MrSpscz|//weak iron crown
|inactive|MrSpscz has 120 seconds left.
|inactive|bogubuo has 60 seconds left.
|
|t:|1743833366
|switch|p2a: Moltres|Moltres|100/100
|move|p1a: Iron Crown|Psychic Noise|p2a: Moltres
|-damage|p2a: Moltres|48/100
|-start|p2a: Moltres|move: Heal Block
|
|upkeep
|turn|6
|inactive|bogubuo has 30 seconds left.
|
|t:|1743833396
|-end|p1a: Iron Crown|Quark Drive|[silent]
|switch|p1a: Primarina|Primarina, M, shiny|100/100
|move|p2a: Moltres|Flamethrower|p1a: Primarina
|-resisted|p1a: Primarina
|-damage|p1a: Primarina|86/100
|
|-heal|p1a: Primarina|92/100|[from] item: Leftovers
|-end|p2a: Moltres|move: Heal Block
|upkeep
|turn|7
|inactive|bogubuo has 30 seconds left.
|inactive|MrSpscz has 90 seconds left.
|
|t:|1743833425
|switch|p2a: Tyranitar|Tyranitar, M|100/100
|-damage|p2a: Tyranitar|88/100|[from] Stealth Rock
|-weather|Sandstorm|[from] ability: Sand Stream|[of] p2a: Tyranitar
|move|p1a: Primarina|Substitute|p1a: Primarina
|-start|p1a: Primarina|Substitute
|-damage|p1a: Primarina|67/100
|
|-weather|Sandstorm|[upkeep]
|-damage|p1a: Primarina|61/100|[from] Sandstorm
|-heal|p1a: Primarina|67/100|[from] item: Leftovers
|upkeep
|turn|8
|inactive|bogubuo has 30 seconds left.
|inactive|MrSpscz has 90 seconds left.
|
|t:|1743833457
|move|p1a: Primarina|Calm Mind|p1a: Primarina
|-boost|p1a: Primarina|spa|1
|-boost|p1a: Primarina|spd|1
|move|p2a: Tyranitar|Stealth Rock|p1a: Primarina
|-sidestart|p1: bogubuo|move: Stealth Rock
|
|-weather|Sandstorm|[upkeep]
|-damage|p1a: Primarina|61/100|[from] Sandstorm
|-heal|p1a: Primarina|67/100|[from] item: Leftovers
|upkeep
|turn|9
|inactive|bogubuo has 30 seconds left.
|
|t:|1743833467
|move|p1a: Primarina|Draining Kiss|p2a: Tyranitar
|-supereffective|p2a: Tyranitar
|-damage|p2a: Tyranitar|64/100
|-heal|p1a: Primarina|87/100|[from] drain|[of] p2a: Tyranitar
|move|p2a: Tyranitar|Knock Off|p1a: Primarina
|-resisted|p1a: Primarina
|-activate|p1a: Primarina|move: Substitute|[damage]
|
|-weather|Sandstorm|[upkeep]
|-damage|p1a: Primarina|81/100|[from] Sandstorm
|-heal|p1a: Primarina|87/100|[from] item: Leftovers
|upkeep
|turn|10
|inactive|bogubuo has 30 seconds left.
|
|t:|1743833482
|switch|p2a: Excadrill|Excadrill, M|100/100
|-damage|p2a: Excadrill|97/100|[from] Stealth Rock
|-item|p2a: Excadrill|Air Balloon
|move|p1a: Primarina|Calm Mind|p1a: Primarina
|-boost|p1a: Primarina|spa|1
|-boost|p1a: Primarina|spd|1
|
|-weather|Sandstorm|[upkeep]
|-damage|p1a: Primarina|81/100|[from] Sandstorm
|-heal|p1a: Primarina|87/100|[from] item: Leftovers
|upkeep
|turn|11
|inactive|bogubuo has 30 seconds left.
|
|t:|1743833495
|move|p2a: Excadrill|Rapid Spin|p1a: Primarina
|-end|p1a: Primarina|Substitute
|-sideend|p2: MrSpscz|Stealth Rock|[from] move: Rapid Spin|[of] p2a: Excadrill
|-boost|p2a: Excadrill|spe|1
|move|p1a: Primarina|Psychic Noise|p2a: Excadrill
|-supereffective|p2a: Excadrill
|-damage|p2a: Excadrill|0 fnt
|-enditem|p2a: Excadrill|Air Balloon
|faint|p2a: Excadrill
|
|-weather|Sandstorm|[upkeep]
|-damage|p1a: Primarina|81/100|[from] Sandstorm
|-heal|p1a: Primarina|87/100|[from] item: Leftovers
|upkeep
|inactive|MrSpscz has 60 seconds left.
|inactive|MrSpscz has 30 seconds left.
|
|t:|1743833538
|switch|p2a: Ogerpon|Ogerpon-Wellspring, F|63/100
|turn|12
|
|t:|1743833551
|switch|p1a: Iron Crown|Iron Crown|60/100
|-damage|p1a: Iron Crown|53/100|[from] Stealth Rock
|move|p2a: Ogerpon|Power Whip|p1a: Iron Crown
|-resisted|p1a: Iron Crown
|-damage|p1a: Iron Crown|19/100
|
|-weather|Sandstorm|[upkeep]
|-damage|p2a: Ogerpon|57/100|[from] Sandstorm
|upkeep
|turn|13
|inactive|bogubuo has 30 seconds left.
|inactive|MrSpscz has 30 seconds left.
|
|t:|1743833574
|switch|p2a: Tyranitar|Tyranitar, M|64/100
|move|p1a: Iron Crown|Volt Switch|p2a: Tyranitar
|-damage|p2a: Tyranitar|48/100
|inactive|bogubuo has 30 seconds left this turn.
|inactive|MrSpscz has 30 seconds left this turn.
|
|t:|1743833581
|-end|p1a: Iron Crown|Quark Drive|[silent]
|switch|p1a: Primarina|Primarina, M, shiny|87/100|[from] Volt Switch
|-damage|p1a: Primarina|75/100|[from] Stealth Rock
|
|-weather|Sandstorm|[upkeep]
|-damage|p1a: Primarina|69/100|[from] Sandstorm
|-heal|p1a: Primarina|75/100|[from] item: Leftovers
|upkeep
|turn|14
|inactive|bogubuo has 30 seconds left.
|
|t:|1743833589
|switch|p2a: Ogerpon|Ogerpon-Wellspring, F|57/100
|move|p1a: Primarina|Draining Kiss|p2a: Ogerpon
|-damage|p2a: Ogerpon|31/100
|-heal|p1a: Primarina|91/100|[from] drain|[of] p2a: Ogerpon
|
|-weather|none
|-heal|p1a: Primarina|97/100|[from] item: Leftovers
|upkeep
|turn|15
|inactive|bogubuo has 30 seconds left.
|inactive|MrSpscz has 30 seconds left.
|
|t:|1743833606
|switch|p1a: Meowscarada|Meowscarada, M, shiny|100/100
|-damage|p1a: Meowscarada|88/100|[from] Stealth Rock
|move|p2a: Ogerpon|Power Whip|p1a: Meowscarada
|-resisted|p1a: Meowscarada
|-damage|p1a: Meowscarada|35/100
|
|upkeep
|turn|16
|inactive|MrSpscz has 30 seconds left.
|
|t:|1743833616
|move|p1a: Meowscarada|U-turn|p2a: Ogerpon
|-start|p1a: Meowscarada|typechange|Bug|[from] ability: Protean
|-supereffective|p2a: Ogerpon
|-damage|p2a: Ogerpon|0 fnt
|faint|p2a: Ogerpon
|
|t:|1743833625
|switch|p1a: Iron Crown|Iron Crown|19/100|[from] U-turn
|-damage|p1a: Iron Crown|13/100|[from] Stealth Rock
|
|upkeep
|inactive|MrSpscz has 30 seconds left.
|
|t:|1743833644
|switch|p2a: Dragapult|Dragapult, F, shiny|100/100
|turn|17
|inactive|MrSpscz has 30 seconds left.
|
|t:|1743833653
|move|p2a: Dragapult|Dragon Darts|p1a: Iron Crown
|-resisted|p1a: Iron Crown
|-damage|p1a: Iron Crown|0 fnt
|faint|p1a: Iron Crown
|-end|p1a: Iron Crown|Quark Drive|[silent]
|
|upkeep
|
|t:|1743833660
|switch|p1a: Meowscarada|Meowscarada, M, shiny|35/100
|-damage|p1a: Meowscarada|23/100|[from] Stealth Rock
|turn|18
|
|t:|1743833667
|move|p1a: Meowscarada|U-turn|p2a: Dragapult
|-start|p1a: Meowscarada|typechange|Bug|[from] ability: Protean
|-resisted|p2a: Dragapult
|-damage|p2a: Dragapult|76/100
|
|t:|1743833672
|switch|p1a: Mamoswine|Mamoswine, M, shiny|50/100|[from] U-turn
|-damage|p1a: Mamoswine|38/100|[from] Stealth Rock
|move|p2a: Dragapult|Dragon Darts|p1a: Mamoswine
|-damage|p1a: Mamoswine|0 fnt
|faint|p1a: Mamoswine
|
|upkeep
|
|t:|1743833682
|switch|p1a: Meowscarada|Meowscarada, M, shiny|23/100
|-damage|p1a: Meowscarada|10/100|[from] Stealth Rock
|turn|19
|
|t:|1743833692
|move|p1a: Meowscarada|Triple Axel|p2a: Dragapult
|-start|p1a: Meowscarada|typechange|Ice|[from] ability: Protean
|-supereffective|p2a: Dragapult
|-damage|p2a: Dragapult|48/100
|-supereffective|p2a: Dragapult
|-damage|p2a: Dragapult|0 fnt
|faint|p2a: Dragapult
|-hitcount|p2: Dragapult|2
|
|upkeep
|
|t:|1743833700
|switch|p2a: Moltres|Moltres|48/100
|turn|20
|
|t:|1743833704
|move|p1a: Meowscarada|Triple Axel|p2a: Moltres
|-damage|p2a: Moltres|41/100
|-status|p1a: Meowscarada|brn|[from] ability: Flame Body|[of] p2a: Moltres
|-damage|p2a: Moltres|34/100
|-damage|p2a: Moltres|24/100
|-hitcount|p2a: Moltres|3
|move|p2a: Moltres|Flamethrower|p1a: Meowscarada
|-supereffective|p1a: Meowscarada
|-damage|p1a: Meowscarada|0 fnt
|faint|p1a: Meowscarada
|
|upkeep
|
|t:|1743833715
|switch|p1a: Primarina|Primarina, M, shiny|97/100
|-damage|p1a: Primarina|85/100|[from] Stealth Rock
|turn|21
|inactive|MrSpscz has 60 seconds left.
|
|t:|1743833738
|switch|p2a: Zamazenta|Zamazenta|100/100
|-ability|p2a: Zamazenta|Dauntless Shield|boost
|-boost|p2a: Zamazenta|def|1
|move|p1a: Primarina|Substitute|p1a: Primarina
|-start|p1a: Primarina|Substitute
|-damage|p1a: Primarina|60/100
|
|-heal|p1a: Primarina|66/100|[from] item: Leftovers
|upkeep
|turn|22
|inactive|MrSpscz has 60 seconds left.
|
|t:|1743833750
|move|p2a: Zamazenta|Iron Defense|p2a: Zamazenta
|-boost|p2a: Zamazenta|def|2
|move|p1a: Primarina|Calm Mind|p1a: Primarina
|-boost|p1a: Primarina|spa|1
|-boost|p1a: Primarina|spd|1
|
|-heal|p1a: Primarina|72/100|[from] item: Leftovers
|upkeep
|turn|23
|inactive|MrSpscz has 60 seconds left.
|
|t:|1743833760
|move|p2a: Zamazenta|Iron Defense|p2a: Zamazenta
|-boost|p2a: Zamazenta|def|2
|move|p1a: Primarina|Calm Mind|p1a: Primarina
|-boost|p1a: Primarina|spa|1
|-boost|p1a: Primarina|spd|1
|
|-heal|p1a: Primarina|78/100|[from] item: Leftovers
|upkeep
|turn|24
|inactive|MrSpscz has 60 seconds left.
|
|t:|1743833768
|move|p2a: Zamazenta|Body Press|p1a: Primarina
|-resisted|p1a: Primarina
|-end|p1a: Primarina|Substitute
|move|p1a: Primarina|Draining Kiss|p2a: Zamazenta
|-supereffective|p2a: Zamazenta
|-damage|p2a: Zamazenta|25/100
|-heal|p1a: Primarina|100/100|[from] drain|[of] p2a: Zamazenta
|
|-heal|p2a: Zamazenta|31/100|[from] item: Leftovers
|upkeep
|turn|25
|
|t:|1743833797
|-terastallize|p1a: Primarina|Ghost
|move|p2a: Zamazenta|Body Press|p1a: Primarina
|-immune|p1a: Primarina
|move|p1a: Primarina|Draining Kiss|p2a: Zamazenta
|-supereffective|p2a: Zamazenta
|-damage|p2a: Zamazenta|0 fnt
|faint|p2a: Zamazenta
|
|upkeep
|inactive|MrSpscz has 60 seconds left.
|
|t:|1743833814
|switch|p2a: Moltres|Moltres|24/100
|turn|26
|inactive|MrSpscz has 60 seconds left.
|
|t:|1743833823
|-terastallize|p2a: Moltres|Fairy
|move|p2a: Moltres|Roost|p2a: Moltres
|-heal|p2a: Moltres|74/100
|move|p1a: Primarina|Psychic Noise|p2a: Moltres
|-damage|p2a: Moltres|15/100
|-start|p2a: Moltres|move: Heal Block
|
|upkeep
|turn|27
|inactive|MrSpscz has 60 seconds left.
|
|t:|1743833838
|move|p2a: Moltres|Flamethrower|p1a: Primarina
|-damage|p1a: Primarina|84/100
|move|p1a: Primarina|Psychic Noise|p2a: Moltres
|-damage|p2a: Moltres|0 fnt
|faint|p2a: Moltres
|
|-heal|p1a: Primarina|90/100|[from] item: Leftovers
|upkeep
|inactive|MrSpscz has 60 seconds left.
|
|t:|1743833846
|switch|p2a: Tyranitar|Tyranitar, M|48/100
|-weather|Sandstorm|[from] ability: Sand Stream|[of] p2a: Tyranitar
|turn|28
|inactive|MrSpscz has 60 seconds left.
|
|t:|1743833858
|move|p1a: Primarina|Psychic Noise|p2a: Tyranitar
|-supereffective|p2a: Tyranitar
|-damage|p2a: Tyranitar|0 fnt
|faint|p2a: Tyranitar
|
|win|bogubuo
|raw|bogubuo's rating: 1080 &rarr; <strong>1111</strong><br />(+31 for winning)
|raw|MrSpscz's rating: 1115 &rarr; <strong>1087</strong><br />(-28 for losing)
|l|☆MrSpscz
|player|p2|
|l|‽bogubuo
|player|p1|
