|j|☆Meyton Panning
|j|☆KrimsonDaTyrant
|t:|1743829348
|gametype|singles
|player|p1|Meyton Panning|1|1179
|player|p2|KrimsonDaTyrant|2|1189
|teamsize|p1|6
|teamsize|p2|6
|gen|9
|tier|[Gen 9] OU
|rated|
|rule|HP Percentage Mod: HP is shown in percentages
|rule|Endless Battle Clause: Forcing endless battles is banned
|rule|Species Clause: Limit one of each Pokémon
|rule|OHKO Clause: OHKO moves are banned
|rule|Evasion Items Clause: Evasion items are banned
|rule|Evasion Moves Clause: Evasion moves are banned
|rule|Sleep Moves Clause: Sleep-inducing moves are banned
|clearpoke
|poke|p1|Gholdengo|
|poke|p1|Hydreigon, F|
|poke|p1|Ogerpon-Wellspring, F|
|poke|p1|Moltres|
|poke|p1|Great Tusk|
|poke|p1|Haxorus, F|
|poke|p2|Iron Crown|
|poke|p2|Iron Hands|
|poke|p2|Grimmsnarl, M|
|poke|p2|Great Tusk|
|poke|p2|Dragonite, M|
|poke|p2|Glimmora, M|
|teampreview
|
|t:|1743829357
|start
|switch|p1a: Ogerpon|Ogerpon-Wellspring, F|100/100
|switch|p2a: Glimmora|Glimmora, M|100/100
|turn|1
|
|t:|1743829380
|switch|p2a: Grimmsnarl|Grimmsnarl, M, shiny|100/100
|-terastallize|p1a: Ogerpon|Water
|detailschange|p1a: Ogerpon|Ogerpon-Wellspring-Tera, F, tera:Water
|-ability|p1a: Ogerpon|Embody Aspect (Wellspring)|boost
|-boost|p1a: Ogerpon|spd|1
|move|p1a: Ogerpon|Ivy Cudgel|p2a: Grimmsnarl|[anim] Ivy Cudgel Water
|-damage|p2a: Grimmsnarl|21/100
|
|upkeep
|turn|2
|
|t:|1743829392
|switch|p1a: Gholdengo|Gholdengo|100/100
|move|p2a: Grimmsnarl|Reflect|p2a: Grimmsnarl
|-sidestart|p2: KrimsonDaTyrant|Reflect
|
|upkeep
|turn|3
|
|t:|1743829397
|move|p2a: Grimmsnarl|Light Screen|p2a: Grimmsnarl
|-sidestart|p2: KrimsonDaTyrant|move: Light Screen
|move|p1a: Gholdengo|Shadow Ball|p2a: Grimmsnarl
|-resisted|p2a: Grimmsnarl
|-damage|p2a: Grimmsnarl|11/100
|
|upkeep
|turn|4
|c|☆KrimsonDaTyrant|was that on purpose
|c|☆Meyton Panning|Nope
|c|☆KrimsonDaTyrant|oh well it was a good play
|
|t:|1743829434
|move|p1a: Gholdengo|Shadow Ball|p2a: Grimmsnarl
|-resisted|p2a: Grimmsnarl
|-damage|p2a: Grimmsnarl|1/100
|move|p2a: Grimmsnarl|Spirit Break|p1a: Gholdengo
|-resisted|p1a: Gholdengo
|-damage|p1a: Gholdengo|82/100
|-unboost|p1a: Gholdengo|spa|1
|
|upkeep
|turn|5
|c|☆KrimsonDaTyrant|bruhhhh
|
|t:|1743829442
|move|p1a: Gholdengo|Shadow Ball|p2a: Grimmsnarl
|-resisted|p2a: Grimmsnarl
|-damage|p2a: Grimmsnarl|0 fnt
|faint|p2a: Grimmsnarl
|
|upkeep
|
|t:|1743829449
|switch|p2a: ZachuVGC|Iron Hands|100/100
|turn|6
|c|☆Meyton Panning|Lmao
|
|t:|1743829459
|switch|p1a: Great Tusk|Great Tusk|100/100
|move|p2a: ZachuVGC|Swords Dance|p2a: ZachuVGC
|-boost|p2a: ZachuVGC|atk|2
|
|upkeep
|turn|7
|
|t:|1743829477
|-end|p2a: ZachuVGC|Quark Drive|[silent]
|switch|p2a: Dragonite|Dragonite, M|100/100
|move|p1a: Great Tusk|Headlong Rush|p2a: Dragonite
|-immune|p2a: Dragonite
|
|upkeep
|turn|8
|
|t:|1743829481
|move|p2a: Dragonite|Encore|p1a: Great Tusk
|-start|p1a: Great Tusk|Encore
|move|p1a: Great Tusk|Headlong Rush|p2a: Dragonite
|-immune|p2a: Dragonite
|
|upkeep
|turn|9
|
|t:|1743829487
|-end|p1a: Great Tusk|Protosynthesis|[silent]
|switch|p1a: Moltres|Moltres|100/100
|move|p2a: Dragonite|Dragon Dance|p2a: Dragonite
|-boost|p2a: Dragonite|atk|1
|-boost|p2a: Dragonite|spe|1
|
|-sideend|p2: KrimsonDaTyrant|Reflect
|upkeep
|turn|10
|
|t:|1743829495
|move|p2a: Dragonite|Dragon Dance|p2a: Dragonite
|-boost|p2a: Dragonite|atk|1
|-boost|p2a: Dragonite|spe|1
|move|p1a: Moltres|Will-O-Wisp|p2a: Dragonite
|-status|p2a: Dragonite|brn
|
|-damage|p2a: Dragonite|94/100 brn|[from] brn
|-sideend|p2: KrimsonDaTyrant|move: Light Screen
|upkeep
|turn|11
|
|t:|1743829504
|move|p2a: Dragonite|Dragon Dance|p2a: Dragonite
|-boost|p2a: Dragonite|atk|1
|-boost|p2a: Dragonite|spe|1
|move|p1a: Moltres|Roost||[still]
|-fail|p1a: Moltres|heal
|
|-damage|p2a: Dragonite|88/100 brn|[from] brn
|upkeep
|turn|12
|
|t:|1743829508
|move|p2a: Dragonite|Encore|p1a: Moltres
|-start|p1a: Moltres|Encore
|move|p1a: Moltres|Roost||[still]
|-fail|p1a: Moltres|heal
|
|-damage|p2a: Dragonite|82/100 brn|[from] brn
|upkeep
|turn|13
|
|t:|1743829516
|move|p2a: Dragonite|Dragon Dance|p2a: Dragonite
|-boost|p2a: Dragonite|atk|1
|-boost|p2a: Dragonite|spe|1
|move|p1a: Moltres|Roost||[still]
|-fail|p1a: Moltres|heal
|
|-damage|p2a: Dragonite|76/100 brn|[from] brn
|upkeep
|turn|14
|
|t:|1743829521
|switch|p1a: Great Tusk|Great Tusk|100/100
|move|p2a: Dragonite|Dragon Dance|p2a: Dragonite
|-boost|p2a: Dragonite|atk|1
|-boost|p2a: Dragonite|spe|1
|
|-damage|p2a: Dragonite|70/100 brn|[from] brn
|upkeep
|turn|15
|
|t:|1743829527
|move|p2a: Dragonite|Scale Shot|p1a: Great Tusk
|-damage|p1a: Great Tusk|86/100
|-damage|p1a: Great Tusk|69/100
|-damage|p1a: Great Tusk|52/100
|-damage|p1a: Great Tusk|36/100
|-damage|p1a: Great Tusk|21/100
|-hitcount|p1a: Great Tusk|5
|-unboost|p2a: Dragonite|def|1
|-boost|p2a: Dragonite|spe|1
|move|p1a: Great Tusk|Ice Spinner|p2a: Dragonite
|-supereffective|p2a: Dragonite
|-damage|p2a: Dragonite|0 fnt
|faint|p2a: Dragonite
|
|upkeep
|c|☆KrimsonDaTyrant|rip
|c|☆KrimsonDaTyrant|good willow
|
|t:|1743829558
|switch|p2a: Great Tusk|Great Tusk|100/100
|-enditem|p2a: Great Tusk|Booster Energy
|-activate|p2a: Great Tusk|ability: Protosynthesis|[fromitem]
|-start|p2a: Great Tusk|protosynthesisspe
|turn|16
|c|☆Meyton Panning|Thanks lol I shoulda switched way before I was expecting u to attack
|
|t:|1743829572
|move|p2a: Great Tusk|Ice Spinner|p1a: Great Tusk
|-supereffective|p1a: Great Tusk
|-damage|p1a: Great Tusk|0 fnt
|faint|p1a: Great Tusk
|-end|p1a: Great Tusk|Protosynthesis|[silent]
|
|upkeep
|
|t:|1743829576
|switch|p1a: Moltres|Moltres|100/100
|turn|17
|
|t:|1743829588
|-end|p2a: Great Tusk|Protosynthesis|[silent]
|switch|p2a: Glimmora|Glimmora, M|100/100
|move|p1a: Moltres|Will-O-Wisp|p2a: Glimmora
|-status|p2a: Glimmora|brn
|
|-damage|p2a: Glimmora|94/100 brn|[from] brn
|upkeep
|turn|18
|
|t:|1743829603
|switch|p1a: Ogerpon|Ogerpon-Wellspring-Tera, F, tera:Water|100/100
|-ability|p1a: Ogerpon|Embody Aspect (Wellspring)|boost
|-boost|p1a: Ogerpon|spd|1
|move|p2a: Glimmora|Rock Polish|p2a: Glimmora
|-boost|p2a: Glimmora|spe|2
|
|-damage|p2a: Glimmora|88/100 brn|[from] brn
|upkeep
|turn|19
|
|t:|1743829619
|move|p2a: Glimmora|Meteor Beam||[still]
|-prepare|p2a: Glimmora|Meteor Beam
|-boost|p2a: Glimmora|spa|1
|-enditem|p2a: Glimmora|Power Herb
|-anim|p2a: Glimmora|Meteor Beam|p1a: Ogerpon
|-damage|p1a: Ogerpon|22/100
|move|p1a: Ogerpon|Ivy Cudgel|p2a: Glimmora|[anim] Ivy Cudgel Water
|-supereffective|p2a: Glimmora
|-damage|p2a: Glimmora|0 fnt
|-activate|p2a: Glimmora|ability: Toxic Debris
|-sidestart|p1: Meyton Panning|move: Toxic Spikes
|faint|p2a: Glimmora
|
|upkeep
|c|☆Meyton Panning|I think I hard counter ur team lol
|
|t:|1743829634
|switch|p2a: Iron Crown|Iron Crown|100/100
|-enditem|p2a: Iron Crown|Booster Energy
|-activate|p2a: Iron Crown|ability: Quark Drive|[fromitem]
|-start|p2a: Iron Crown|quarkdrivespe
|turn|20
|
|t:|1743829642
|move|p2a: Iron Crown|Calm Mind|p2a: Iron Crown
|-boost|p2a: Iron Crown|spa|1
|-boost|p2a: Iron Crown|spd|1
|move|p1a: Ogerpon|Ivy Cudgel|p2a: Iron Crown|[anim] Ivy Cudgel Water
|-damage|p2a: Iron Crown|24/100
|
|upkeep
|turn|21
|c|☆KrimsonDaTyrant|i miss played
|c|☆KrimsonDaTyrant|rip
|
|t:|1743829657
|move|p2a: Iron Crown|Stored Power|p1a: Ogerpon
|-damage|p1a: Ogerpon|0 fnt
|faint|p1a: Ogerpon
|
|upkeep
|
|t:|1743829676
|switch|p1a: Hydreigon|Hydreigon, F|100/100
|turn|22
|
|t:|1743829678
|move|p2a: Iron Crown|Focus Blast|p1a: Hydreigon|[miss]
|-miss|p2a: Iron Crown|p1a: Hydreigon
|move|p1a: Hydreigon|Dark Pulse|p2a: Iron Crown
|-supereffective|p2a: Iron Crown
|-damage|p2a: Iron Crown|0 fnt
|faint|p2a: Iron Crown
|-end|p2a: Iron Crown|Quark Drive|[silent]
|
|upkeep
|c|☆KrimsonDaTyrant|gg
|c|☆Meyton Panning|Rip
|c|☆Meyton Panning|gg
|
|t:|1743829687
|switch|p2a: ZachuVGC|Iron Hands|100/100
|turn|23
|c|☆KrimsonDaTyrant|ill try
|
|t:|1743829698
|switch|p1a: Moltres|Moltres|100/100
|move|p2a: ZachuVGC|Swords Dance|p2a: ZachuVGC
|-boost|p2a: ZachuVGC|atk|2
|
|upkeep
|turn|24
|
|t:|1743829702
|move|p1a: Moltres|Will-O-Wisp|p2a: ZachuVGC
|-status|p2a: ZachuVGC|brn
|move|p2a: ZachuVGC|Thunder Punch|p1a: Moltres
|-supereffective|p1a: Moltres
|-damage|p1a: Moltres|30/100
|
|-damage|p2a: ZachuVGC|94/100 brn|[from] brn
|upkeep
|turn|25
|
|t:|1743829710
|switch|p1a: Gholdengo|Gholdengo|82/100
|move|p2a: ZachuVGC|Swords Dance|p2a: ZachuVGC
|-boost|p2a: ZachuVGC|atk|2
|
|-heal|p2a: ZachuVGC|100/100 brn|[from] item: Leftovers
|-damage|p2a: ZachuVGC|94/100 brn|[from] brn
|upkeep
|turn|26
|
|t:|1743829718
|move|p1a: Gholdengo|Shadow Ball|p2a: ZachuVGC
|-damage|p2a: ZachuVGC|62/100 brn
|move|p2a: ZachuVGC|Ice Punch|p1a: Gholdengo
|-resisted|p1a: Gholdengo
|-damage|p1a: Gholdengo|61/100
|
|-heal|p2a: ZachuVGC|68/100 brn|[from] item: Leftovers
|-damage|p2a: ZachuVGC|62/100 brn|[from] brn
|upkeep
|turn|27
|
|t:|1743829729
|move|p1a: Gholdengo|Shadow Ball|p2a: ZachuVGC
|-damage|p2a: ZachuVGC|26/100 brn
|move|p2a: ZachuVGC|Swords Dance|p2a: ZachuVGC
|-boost|p2a: ZachuVGC|atk|2
|
|-heal|p2a: ZachuVGC|32/100 brn|[from] item: Leftovers
|-damage|p2a: ZachuVGC|26/100 brn|[from] brn
|upkeep
|turn|28
|
|t:|1743829747
|move|p1a: Gholdengo|Shadow Ball|p2a: ZachuVGC
|-damage|p2a: ZachuVGC|0 fnt
|faint|p2a: ZachuVGC
|-end|p2a: ZachuVGC|Quark Drive|[silent]
|
|upkeep
|
|t:|1743829751
|switch|p2a: Great Tusk|Great Tusk|100/100
|turn|29
|
|t:|1743829757
|move|p1a: Gholdengo|Shadow Ball|p2a: Great Tusk
|-damage|p2a: Great Tusk|49/100
|move|p2a: Great Tusk|Bulk Up|p2a: Great Tusk
|-boost|p2a: Great Tusk|atk|1
|-boost|p2a: Great Tusk|def|1
|
|upkeep
|turn|30
|
|t:|1743829763
|move|p1a: Gholdengo|Shadow Ball|p2a: Great Tusk
|-damage|p2a: Great Tusk|0 fnt
|faint|p2a: Great Tusk
|-end|p2a: Great Tusk|Protosynthesis|[silent]
|
|win|Meyton Panning
|raw|Meyton Panning's rating: 1203 &rarr; <strong>1227</strong><br />(+24 for winning)
|raw|KrimsonDaTyrant's rating: 1189 &rarr; <strong>1165</strong><br />(-24 for losing)
|c|☆Meyton Panning|Gg
|l|☆KrimsonDaTyrant
|player|p2|
|l|☆Meyton Panning
|player|p1|
