|j|☆aaron200589
|j|☆arayalex
|t:|1743789834
|gametype|singles
|player|p1|aaron200589|giovanni|
|player|p2|arayalex|1|
|teamsize|p1|6
|teamsize|p2|6
|gen|9
|tier|[Gen 9] OU
|rule|HP Percentage Mod: HP is shown in percentages
|rule|Endless Battle Clause: Forcing endless battles is banned
|rule|Species Clause: Limit one of each Pokémon
|rule|OHKO Clause: OHKO moves are banned
|rule|Evasion Items Clause: Evasion items are banned
|rule|Evasion Moves Clause: Evasion moves are banned
|rule|Sleep Moves Clause: Sleep-inducing moves are banned
|clearpoke
|poke|p1|Serperior, M|
|poke|p1|Moltres|
|poke|p1|Ting-Lu|
|poke|p1|Quaquaval, F|
|poke|p1|Great Tusk|
|poke|p1|Hatterene, F|
|poke|p2|Skeledirge, M|
|poke|p2|Landorus-Therian, M|
|poke|p2|Iron Valiant|
|poke|p2|Corviknight, M|
|poke|p2|Ogerpon-Wellspring, F|
|poke|p2|Slowking-Galar, F|
|teampreview
|
|t:|1743789849
|start
|switch|p1a: Moltres|Moltres|100/100
|switch|p2a: Slowking|Slowking-Galar, F|100/100
|turn|1
|
|t:|1743789858
|move|p1a: Moltres|U-turn|p2a: Slowking
|-damage|p2a: Slowking|86/100
|
|t:|1743789863
|switch|p1a: Ting-Lu|Ting-Lu|100/100|[from] U-turn
|-ability|p1a: Ting-Lu|Vessel of Ruin
|move|p2a: Slowking|Future Sight|p1a: Ting-Lu
|-start|p2a: Slowking|move: Future Sight
|
|-heal|p2a: Slowking|92/100|[from] item: Leftovers
|upkeep
|turn|2
|
|t:|1743789877
|switch|p2a: Landorus|Landorus-Therian, M|100/100
|-ability|p2a: Landorus|Intimidate|boost
|-unboost|p1a: Ting-Lu|atk|1
|move|p1a: Ting-Lu|Spikes|p2a: Landorus
|-sidestart|p2: arayalex|Spikes
|
|upkeep
|turn|3
|
|t:|1743789888
|switch|p1a: Hatterene|Hatterene, F|100/100
|move|p2a: Landorus|U-turn|p1a: Hatterene
|-damage|p1a: Hatterene|78/100
|
|t:|1743789898
|switch|p2a: Ogerpon|Ogerpon-Wellspring, F|100/100|[from] U-turn
|-damage|p2a: Ogerpon|88/100|[from] Spikes
|
|-end|p1a: Hatterene|move: Future Sight
|-resisted|p1a: Hatterene
|-damage|p1a: Hatterene|54/100
|upkeep
|turn|4
|
|t:|1743789921
|move|p2a: Ogerpon|Swords Dance|p2a: Ogerpon
|-boost|p2a: Ogerpon|atk|2
|move|p1a: Hatterene|Draining Kiss|p2a: Ogerpon
|-damage|p2a: Ogerpon|62/100
|-heal|p1a: Hatterene|73/100|[from] drain|[of] p2a: Ogerpon
|
|upkeep
|turn|5
|
|t:|1743789931
|move|p2a: Ogerpon|Ivy Cudgel|p1a: Hatterene|[anim] Ivy Cudgel Water
|-damage|p1a: Hatterene|0 fnt
|faint|p1a: Hatterene
|
|upkeep
|
|t:|1743789940
|switch|p1a: Serperior|Serperior, M, shiny|100/100
|turn|6
|
|t:|1743789950
|switch|p2a: Skeledirge|Skeledirge, M|100/100
|move|p1a: Serperior|Glare|p2a: Skeledirge
|-status|p2a: Skeledirge|par
|
|upkeep
|turn|7
|
|t:|1743789958
|switch|p1a: Moltres|Moltres|100/100
|cant|p2a: Skeledirge|par
|
|upkeep
|turn|8
|
|t:|1743789968
|switch|p2a: Slowking|Slowking-Galar, F|100/100
|-damage|p2a: Slowking|88/100|[from] Spikes
|move|p1a: Moltres|Roar|p2a: Slowking
|drag|p2a: Corviknight|Corviknight, M|100/100
|
|upkeep
|turn|9
|
|t:|1743789977
|move|p1a: Moltres|U-turn|p2a: Corviknight
|-resisted|p2a: Corviknight
|-damage|p2a: Corviknight|98/100
|-damage|p1a: Moltres|84/100|[from] item: Rocky Helmet|[of] p2a: Corviknight
|
|t:|1743789983
|switch|p1a: Great Tusk|Great Tusk|100/100|[from] U-turn
|move|p2a: Corviknight|Defog|p1a: Great Tusk
|-unboost|p1a: Great Tusk|evasion|1
|-sideend|p2: arayalex|Spikes|[from] move: Defog|[of] p2a: Corviknight
|
|upkeep
|turn|10
|
|t:|1743790003
|move|p1a: Great Tusk|Stealth Rock|p2a: Corviknight
|-sidestart|p2: arayalex|move: Stealth Rock
|move|p2a: Corviknight|U-turn|p1a: Great Tusk
|-resisted|p1a: Great Tusk
|-crit|p1a: Great Tusk
|-damage|p1a: Great Tusk|95/100
|
|t:|1743790014
|switch|p2a: Landorus|Landorus-Therian, M|100/100|[from] U-turn
|-damage|p2a: Landorus|88/100|[from] Stealth Rock
|-ability|p2a: Landorus|Intimidate|boost
|-unboost|p1a: Great Tusk|atk|1
|
|upkeep
|turn|11
|
|t:|1743790025
|-end|p1a: Great Tusk|Protosynthesis|[silent]
|switch|p1a: Moltres|Moltres|84/100
|move|p2a: Landorus|Stone Edge|p1a: Moltres
|-supereffective|p1a: Moltres
|-damage|p1a: Moltres|0 fnt
|faint|p1a: Moltres
|
|upkeep
|
|t:|1743790035
|switch|p1a: Serperior|Serperior, M, shiny|100/100
|turn|12
|
|t:|1743790048
|switch|p2a: Skeledirge|Skeledirge, M|100/100 par
|switch|p1a: Great Tusk|Great Tusk|95/100
|
|upkeep
|turn|13
|
|t:|1743790058
|move|p1a: Great Tusk|Earthquake|p2a: Skeledirge
|-supereffective|p2a: Skeledirge
|-damage|p2a: Skeledirge|25/100 par
|move|p2a: Skeledirge|Will-O-Wisp|p1a: Great Tusk
|-status|p1a: Great Tusk|brn
|
|-damage|p1a: Great Tusk|89/100 brn|[from] brn
|upkeep
|turn|14
|
|t:|1743790071
|switch|p2a: Corviknight|Corviknight, M|98/100
|-damage|p2a: Corviknight|86/100|[from] Stealth Rock
|move|p1a: Great Tusk|Earthquake|p2a: Corviknight
|-immune|p2a: Corviknight
|
|-damage|p1a: Great Tusk|83/100 brn|[from] brn
|upkeep
|turn|15
|
|t:|1743790081
|-end|p1a: Great Tusk|Protosynthesis|[silent]
|switch|p1a: Serperior|Serperior, M, shiny|100/100
|move|p2a: Corviknight|Defog|p1a: Serperior
|-boost|p1a: Serperior|evasion|1
|-sideend|p2: arayalex|Stealth Rock|[from] move: Defog|[of] p2a: Corviknight
|
|upkeep
|turn|16
|
|t:|1743790091
|move|p1a: Serperior|Glare|p2a: Corviknight
|-status|p2a: Corviknight|par
|move|p2a: Corviknight|Brave Bird|p1a: Serperior
|-supereffective|p1a: Serperior
|-damage|p1a: Serperior|6/100
|-damage|p2a: Corviknight|63/100 par|[from] Recoil
|
|-heal|p1a: Serperior|12/100|[from] item: Leftovers
|upkeep
|turn|17
|
|t:|1743790107
|-terastallize|p1a: Serperior|Stellar
|move|p1a: Serperior|Tera Blast|p2a: Corviknight|[anim] Tera Blast Stellar
|-damage|p2a: Corviknight|35/100 par
|-boost|p1a: Serperior|atk|1
|-boost|p1a: Serperior|spa|1
|cant|p2a: Corviknight|par
|
|-heal|p1a: Serperior|18/100|[from] item: Leftovers
|upkeep
|turn|18
|
|t:|1743790120
|move|p1a: Serperior|Tera Blast|p2a: Corviknight|[anim] Tera Blast Stellar
|-damage|p2a: Corviknight|0 fnt
|-boost|p1a: Serperior|atk|1
|-boost|p1a: Serperior|spa|1
|faint|p2a: Corviknight
|
|-heal|p1a: Serperior|24/100|[from] item: Leftovers
|upkeep
|
|t:|1743790136
|switch|p2a: Landorus|Landorus-Therian, M|88/100
|-ability|p2a: Landorus|Intimidate|boost
|-boost|p1a: Serperior|atk|1
|turn|19
|
|t:|1743790146
|move|p2a: Landorus|Earthquake|p1a: Serperior
|-resisted|p1a: Serperior
|-damage|p1a: Serperior|0 fnt
|faint|p1a: Serperior
|
|upkeep
|
|t:|1743790152
|switch|p1a: Quaquaval|Quaquaval, F|100/100
|turn|20
|
|t:|1743790158
|switch|p2a: Ogerpon|Ogerpon-Wellspring, F|62/100
|move|p1a: Quaquaval|Swords Dance|p1a: Quaquaval
|-boost|p1a: Quaquaval|atk|2
|
|upkeep
|turn|21
|
|t:|1743790166
|move|p2a: Ogerpon|Encore|p1a: Quaquaval
|-start|p1a: Quaquaval|Encore
|move|p1a: Quaquaval|Swords Dance|p1a: Quaquaval
|-boost|p1a: Quaquaval|atk|2
|
|upkeep
|turn|22
|
|t:|1743790173
|switch|p1a: Ting-Lu|Ting-Lu|100/100
|-ability|p1a: Ting-Lu|Vessel of Ruin
|move|p2a: Ogerpon|Horn Leech|p1a: Ting-Lu
|-supereffective|p1a: Ting-Lu
|-damage|p1a: Ting-Lu|55/100
|-heal|p2a: Ogerpon|100/100|[from] drain|[of] p1a: Ting-Lu
|
|-heal|p1a: Ting-Lu|61/100|[from] item: Leftovers
|upkeep
|turn|23
|
|t:|1743790186
|switch|p1a: Quaquaval|Quaquaval, F|100/100
|move|p2a: Ogerpon|Swords Dance|p2a: Ogerpon
|-boost|p2a: Ogerpon|atk|2
|
|upkeep
|turn|24
|
|t:|1743790194
|move|p2a: Ogerpon|Horn Leech|p1a: Quaquaval
|-supereffective|p1a: Quaquaval
|-damage|p1a: Quaquaval|0 fnt
|faint|p1a: Quaquaval
|
|upkeep
|
|t:|1743790200
|switch|p1a: Ting-Lu|Ting-Lu|61/100
|-ability|p1a: Ting-Lu|Vessel of Ruin
|turn|25
|-message|aaron200589 forfeited.
|
|win|arayalex
|l|☆aaron200589
|player|p1|
