|j|☆yuh mans
|j|☆tntmaster9001
|inactive|Battle timer is ON: inactive players will automatically lose when time's up.
|t:|1743794790
|gametype|singles
|player|p1|yuh mans|boarder|
|player|p2|tntmaster9001|266|
|teamsize|p1|3
|teamsize|p2|3
|gen|9
|tier|[Gen 9] OU
|rated|Tournament battle
|rule|HP Percentage Mod: HP is shown in percentages
|rule|Endless Battle Clause: Forcing endless battles is banned
|rule|Species Clause: Limit one of each Pokémon
|rule|OHKO Clause: OHKO moves are banned
|rule|Evasion Items Clause: Evasion items are banned
|rule|Evasion Moves Clause: Evasion moves are banned
|rule|Sleep Moves Clause: Sleep-inducing moves are banned
|clearpoke
|poke|p1|Trevenant, F|
|poke|p1|Crabominable, F|
|poke|p1|Bellibolt, F|
|poke|p2|Ariados, F|
|poke|p2|Noivern, F|
|poke|p2|Arcanine-Hisui, F|
|teampreview
|j|*Lady Monita ❄
|inactive|yuh mans also wants the timer to be on.
|
|t:|1743794796
|start
|switch|p1a: Bellibolt|Bellibolt, F|100/100
|switch|p2a: Ariados|Ariados, F|100/100
|turn|1
|
|t:|1743794800
|move|p2a: Ariados|Toxic Spikes|p1a: Bellibolt
|-sidestart|p1: yuh mans|move: Toxic Spikes
|move|p1a: Bellibolt|Soak|p2a: Ariados
|-start|p2a: Ariados|typechange|Water
|
|upkeep
|turn|2
|
|t:|1743794803
|move|p2a: Ariados|Toxic Spikes|p1a: Bellibolt
|-sidestart|p1: yuh mans|move: Toxic Spikes
|move|p1a: Bellibolt|Parabolic Charge|p2a: Ariados
|-supereffective|p2a: Ariados
|-damage|p2a: Ariados|60/100
|
|-heal|p2a: Ariados|66/100|[from] item: Leftovers
|upkeep
|turn|3
|
|t:|1743794806
|move|p2a: Ariados|Toxic Spikes||[still]
|-fail|p2a: Ariados
|move|p1a: Bellibolt|Parabolic Charge|p2a: Ariados
|-supereffective|p2a: Ariados
|-damage|p2a: Ariados|26/100
|
|-heal|p2a: Ariados|32/100|[from] item: Leftovers
|upkeep
|turn|4
|
|t:|1743794810
|move|p2a: Ariados|Rest|p2a: Ariados
|-status|p2a: Ariados|slp|[from] move: Rest
|-heal|p2a: Ariados|100/100 slp|[silent]
|move|p1a: Bellibolt|Parabolic Charge|p2a: Ariados
|-supereffective|p2a: Ariados
|-damage|p2a: Ariados|62/100 slp
|
|-heal|p2a: Ariados|68/100 slp|[from] item: Leftovers
|upkeep
|turn|5
|
|t:|1743794820
|cant|p2a: Ariados|slp
|move|p1a: Bellibolt|Parabolic Charge|p2a: Ariados
|-supereffective|p2a: Ariados
|-damage|p2a: Ariados|27/100 slp
|
|-heal|p2a: Ariados|33/100 slp|[from] item: Leftovers
|upkeep
|turn|6
|
|t:|1743794823
|cant|p2a: Ariados|slp
|move|p1a: Bellibolt|Parabolic Charge|p2a: Ariados
|-supereffective|p2a: Ariados
|-damage|p2a: Ariados|0 fnt
|faint|p2a: Ariados
|
|upkeep
|
|t:|1743794827
|switch|p2a: Noivern|Noivern, F|100/100
|-item|p1a: Bellibolt|Leftovers|[from] ability: Frisk|[of] p2a: Noivern
|turn|7
|
|t:|1743794834
|move|p2a: Noivern|Boomburst|p1a: Bellibolt
|-damage|p1a: Bellibolt|74/100
|-start|p1a: Bellibolt|Charge|Boomburst|[from] ability: Electromorphosis
|move|p1a: Bellibolt|Parabolic Charge|p2a: Noivern
|-damage|p2a: Noivern|59/100
|-heal|p1a: Bellibolt|90/100|[from] drain|[of] p2a: Noivern
|-end|p1a: Bellibolt|Charge|[silent]
|
|-heal|p1a: Bellibolt|96/100|[from] item: Leftovers
|upkeep
|turn|8
|
|t:|1743794840
|move|p2a: Noivern|Boomburst|p1a: Bellibolt
|-crit|p1a: Bellibolt
|-damage|p1a: Bellibolt|53/100
|-start|p1a: Bellibolt|Charge|Boomburst|[from] ability: Electromorphosis
|move|p1a: Bellibolt|Soak|p2a: Noivern
|-start|p2a: Noivern|typechange|Water
|
|-heal|p1a: Bellibolt|59/100|[from] item: Leftovers
|upkeep
|turn|9
|
|t:|1743794842
|move|p2a: Noivern|Boomburst|p1a: Bellibolt
|-damage|p1a: Bellibolt|33/100
|-start|p1a: Bellibolt|Charge|Boomburst|[from] ability: Electromorphosis
|move|p1a: Bellibolt|Parabolic Charge|p2a: Noivern
|-supereffective|p2a: Noivern
|-damage|p2a: Noivern|0 fnt
|-heal|p1a: Bellibolt|55/100|[from] drain|[of] p2a: Noivern
|faint|p2a: Noivern
|-end|p1a: Bellibolt|Charge|[silent]
|
|-heal|p1a: Bellibolt|61/100|[from] item: Leftovers
|upkeep
|
|t:|1743794845
|switch|p2a: Arcanine|Arcanine-Hisui, F|100/100
|-ability|p2a: Arcanine|Intimidate|boost
|-unboost|p1a: Bellibolt|atk|1
|turn|10
|
|t:|1743794866
|-terastallize|p2a: Arcanine|Steel
|move|p2a: Arcanine|Iron Head|p1a: Bellibolt
|-resisted|p1a: Bellibolt
|-damage|p1a: Bellibolt|41/100
|-start|p1a: Bellibolt|Charge|Iron Head|[from] ability: Electromorphosis
|-damage|p2a: Arcanine|91/100|[from] item: Life Orb
|move|p1a: Bellibolt|Parabolic Charge|p2a: Arcanine
|-crit|p2a: Arcanine
|-damage|p2a: Arcanine|12/100
|-heal|p1a: Bellibolt|72/100|[from] drain|[of] p2a: Arcanine
|-end|p1a: Bellibolt|Charge|[silent]
|
|-heal|p1a: Bellibolt|78/100|[from] item: Leftovers
|upkeep
|turn|11
|c|☆yuh mans|gg
|
|t:|1743794882
|move|p2a: Arcanine|Extreme Speed|p1a: Bellibolt
|-damage|p1a: Bellibolt|51/100
|-start|p1a: Bellibolt|Charge|Extreme Speed|[from] ability: Electromorphosis
|-damage|p2a: Arcanine|2/100|[from] item: Life Orb
|move|p1a: Bellibolt|Parabolic Charge|p2a: Arcanine
|-damage|p2a: Arcanine|0 fnt
|-heal|p1a: Bellibolt|52/100|[from] drain|[of] p2a: Arcanine
|faint|p2a: Arcanine
|-end|p1a: Bellibolt|Charge|[silent]
|
|win|yuh mans
|n|☆yuh mans|yuhmans
|n|☆tntmaster9001|tntmaster9001
|n|*Lady Monita ❄|ladymonita
