|j|☆DicksonYang
|j|☆Clair117
|t:|1743924478
|gametype|singles
|player|p1|DicksonYang|leaf-masters|1432
|player|p2|Clair117|courtney|1456
|teamsize|p1|6
|teamsize|p2|6
|gen|9
|tier|[Gen 9] OU
|rated|
|rule|HP Percentage Mod: HP is shown in percentages
|rule|Endless Battle Clause: Forcing endless battles is banned
|rule|Species Clause: Limit one of each Pokémon
|rule|OHKO Clause: OHKO moves are banned
|rule|Evasion Items Clause: Evasion items are banned
|rule|Evasion Moves Clause: Evasion moves are banned
|rule|Sleep Moves Clause: Sleep-inducing moves are banned
|clearpoke
|poke|p1|Kingambit, M|
|poke|p1|Iron Valiant|
|poke|p1|Primarina, M|
|poke|p1|Gholdengo|
|poke|p1|Tinkaton, F|
|poke|p1|Great Tusk|
|poke|p2|Polteageist|
|poke|p2|Indeedee, M|
|poke|p2|Ting-Lu|
|poke|p2|Corviknight, M|
|poke|p2|Ogerpon-Wellspring, F|
|poke|p2|Iron Valiant|
|teampreview
|
|t:|1743924485
|start
|switch|p1a: Tinkaton|Tinkaton, F, shiny|100/100
|switch|p2a: Ogerpon|Ogerpon-Wellspring, F|100/100
|-item|p1a: Tinkaton|Air Balloon
|turn|1
|
|t:|1743924488
|move|p2a: Ogerpon|U-turn|p1a: Tinkaton
|-resisted|p1a: Tinkaton
|-damage|p1a: Tinkaton|92/100
|-enditem|p1a: Tinkaton|Air Balloon
|
|t:|1743924490
|switch|p2a: Ting-Lu|Ting-Lu|100/100|[from] U-turn
|-ability|p2a: Ting-Lu|Vessel of Ruin
|move|p1a: Tinkaton|Thunder Wave|p2a: Ting-Lu
|-immune|p2a: Ting-Lu
|
|upkeep
|turn|2
|
|t:|1743924494
|move|p1a: Tinkaton|Stealth Rock|p2a: Ting-Lu
|-sidestart|p2: Clair117|move: Stealth Rock
|move|p2a: Ting-Lu|Earthquake|p1a: Tinkaton
|-supereffective|p1a: Tinkaton
|-damage|p1a: Tinkaton|11/100
|
|upkeep
|turn|3
|
|t:|1743924503
|switch|p1a: Great Tusk|Great Tusk|100/100
|move|p2a: Ting-Lu|Spikes|p1a: Great Tusk
|-sidestart|p1: DicksonYang|Spikes
|
|upkeep
|turn|4
|
|t:|1743924507
|move|p1a: Great Tusk|Close Combat|p2a: Ting-Lu
|-supereffective|p2a: Ting-Lu
|-damage|p2a: Ting-Lu|28/100
|-unboost|p1a: Great Tusk|def|1
|-unboost|p1a: Great Tusk|spd|1
|move|p2a: Ting-Lu|Whirlwind|p1a: Great Tusk
|-end|p1a: Great Tusk|Protosynthesis|[silent]
|drag|p1a: Iron Valiant|Iron Valiant|100/100
|-damage|p1a: Iron Valiant|88/100|[from] Spikes
|-enditem|p1a: Iron Valiant|Booster Energy
|-activate|p1a: Iron Valiant|ability: Quark Drive|[fromitem]
|-start|p1a: Iron Valiant|quarkdrivespe
|
|-heal|p2a: Ting-Lu|34/100|[from] item: Leftovers
|upkeep
|turn|5
|
|t:|1743924518
|move|p1a: Iron Valiant|Moonblast|p2a: Ting-Lu
|-supereffective|p2a: Ting-Lu
|-damage|p2a: Ting-Lu|0 fnt
|faint|p2a: Ting-Lu
|
|upkeep
|
|t:|1743924520
|switch|p2a: Corviknight|Corviknight, M|100/100
|-damage|p2a: Corviknight|88/100|[from] Stealth Rock
|-ability|p2a: Corviknight|Pressure
|turn|6
|
|t:|1743924523
|move|p1a: Iron Valiant|Knock Off|p2a: Corviknight
|-damage|p2a: Corviknight|70/100
|-damage|p1a: Iron Valiant|72/100|[from] item: Rocky Helmet|[of] p2a: Corviknight
|-enditem|p2a: Corviknight|Rocky Helmet|[from] move: Knock Off|[of] p1a: Iron Valiant
|move|p2a: Corviknight|Defog|p1a: Iron Valiant
|-unboost|p1a: Iron Valiant|evasion|1
|-sideend|p1: DicksonYang|Spikes|[from] move: Defog|[of] p2a: Corviknight
|-sideend|p2: Clair117|Stealth Rock|[from] move: Defog|[of] p2a: Corviknight
|
|upkeep
|turn|7
|
|t:|1743924528
|move|p1a: Iron Valiant|Moonblast|p2a: Corviknight
|-resisted|p2a: Corviknight
|-damage|p2a: Corviknight|49/100
|move|p2a: Corviknight|Brave Bird|p1a: Iron Valiant
|-supereffective|p1a: Iron Valiant
|-damage|p1a: Iron Valiant|0 fnt
|faint|p1a: Iron Valiant
|-end|p1a: Iron Valiant|Quark Drive|[silent]
|-damage|p2a: Corviknight|32/100|[from] Recoil
|
|upkeep
|
|t:|1743924537
|switch|p1a: Gholdengo|Gholdengo|100/100
|-item|p1a: Gholdengo|Air Balloon
|turn|8
|
|t:|1743924543
|move|p1a: Gholdengo|Shadow Ball|p2a: Corviknight
|-damage|p2a: Corviknight|0 fnt
|faint|p2a: Corviknight
|
|upkeep
|
|t:|1743924553
|switch|p2a: Ogerpon|Ogerpon-Wellspring, F|100/100
|turn|9
|
|t:|1743924559
|move|p2a: Ogerpon|Ivy Cudgel|p1a: Gholdengo|[anim] Ivy Cudgel Water
|-damage|p1a: Gholdengo|31/100
|-enditem|p1a: Gholdengo|Air Balloon
|move|p1a: Gholdengo|Shadow Ball|p2a: Ogerpon
|-crit|p2a: Ogerpon
|-damage|p2a: Ogerpon|28/100
|
|upkeep
|turn|10
|
|t:|1743924565
|move|p2a: Ogerpon|Ivy Cudgel|p1a: Gholdengo|[anim] Ivy Cudgel Water
|-crit|p1a: Gholdengo
|-damage|p1a: Gholdengo|0 fnt
|faint|p1a: Gholdengo
|
|upkeep
|
|t:|1743924567
|switch|p1a: Kingambit|Kingambit, M|100/100
|-activate|p1a: Kingambit|ability: Supreme Overlord
|-start|p1a: Kingambit|fallen2|[silent]
|turn|11
|
|t:|1743924578
|move|p2a: Ogerpon|Swords Dance|p2a: Ogerpon
|-boost|p2a: Ogerpon|atk|2
|move|p1a: Kingambit|Kowtow Cleave|p2a: Ogerpon
|-crit|p2a: Ogerpon
|-damage|p2a: Ogerpon|0 fnt
|faint|p2a: Ogerpon
|
|upkeep
|
|t:|1743924586
|switch|p2a: Iron Valiant|Iron Valiant|100/100
|-enditem|p2a: Iron Valiant|Booster Energy
|-activate|p2a: Iron Valiant|ability: Quark Drive|[fromitem]
|-start|p2a: Iron Valiant|quarkdrivespe
|turn|12
|
|t:|1743924590
|-end|p2a: Iron Valiant|Quark Drive|[silent]
|switch|p2a: Indeedee|Indeedee, M|100/100
|-fieldstart|move: Psychic Terrain|[from] ability: Psychic Surge|[of] p2a: Indeedee
|-end|p1a: Kingambit|fallen2|[silent]
|switch|p1a: Tinkaton|Tinkaton, F, shiny|11/100
|
|upkeep
|turn|13
|
|t:|1743924595
|move|p2a: Indeedee|Expanding Force|p1a: Tinkaton
|-resisted|p1a: Tinkaton
|-damage|p1a: Tinkaton|0 fnt
|faint|p1a: Tinkaton
|
|upkeep
|
|t:|1743924600
|switch|p1a: Kingambit|Kingambit, M|100/100
|-activate|p1a: Kingambit|ability: Supreme Overlord
|-start|p1a: Kingambit|fallen3|[silent]
|turn|14
|
|t:|1743924603
|move|p2a: Indeedee|Dazzling Gleam|p1a: Kingambit
|-damage|p1a: Kingambit|76/100
|move|p1a: Kingambit|Kowtow Cleave|p2a: Indeedee
|-supereffective|p2a: Indeedee
|-damage|p2a: Indeedee|0 fnt
|faint|p2a: Indeedee
|
|-heal|p1a: Kingambit|83/100|[from] item: Leftovers
|upkeep
|
|t:|1743924605
|switch|p2a: Polteageist|Polteageist|100/100
|turn|15
|
|t:|1743924607
|move|p2a: Polteageist|Shell Smash|p2a: Polteageist
|-unboost|p2a: Polteageist|def|1
|-unboost|p2a: Polteageist|spd|1
|-boost|p2a: Polteageist|atk|2
|-boost|p2a: Polteageist|spa|2
|-boost|p2a: Polteageist|spe|2
|move|p1a: Kingambit|Kowtow Cleave|p2a: Polteageist
|-supereffective|p2a: Polteageist
|-enditem|p2a: Polteageist|Focus Sash
|-damage|p2a: Polteageist|1/100
|-ability|p2a: Polteageist|Weak Armor|boost
|-unboost|p2a: Polteageist|def|1
|-boost|p2a: Polteageist|spe|2
|
|-heal|p1a: Kingambit|89/100|[from] item: Leftovers
|upkeep
|turn|16
|
|t:|1743924616
|-terastallize|p1a: Kingambit|Ghost
|move|p2a: Polteageist|Endure|p2a: Polteageist
|-singleturn|p2a: Polteageist|move: Endure
|move|p1a: Kingambit|Kowtow Cleave|p2a: Polteageist
|-supereffective|p2a: Polteageist
|-activate|p2a: Polteageist|move: Endure
|-damage|p2a: Polteageist|1/100
|-ability|p2a: Polteageist|Weak Armor|boost
|-unboost|p2a: Polteageist|def|1
|-boost|p2a: Polteageist|spe|2
|
|-heal|p1a: Kingambit|95/100|[from] item: Leftovers
|upkeep
|turn|17
|
|t:|1743924625
|-end|p1a: Kingambit|fallen3|[silent]
|switch|p1a: Great Tusk|Great Tusk|100/100
|move|p2a: Polteageist|Stored Power|p1a: Great Tusk
|-supereffective|p1a: Great Tusk
|-damage|p1a: Great Tusk|0 fnt
|faint|p1a: Great Tusk
|-end|p1a: Great Tusk|Protosynthesis|[silent]
|
|upkeep
|
|t:|1743924629
|switch|p1a: Primarina|Primarina, M|100/100
|turn|18
|
|t:|1743924631
|move|p2a: Polteageist|Stored Power|p1a: Primarina
|-damage|p1a: Primarina|0 fnt
|faint|p1a: Primarina
|
|upkeep
|
|t:|1743924633
|switch|p1a: Kingambit|Kingambit, M, tera:Ghost|95/100
|-activate|p1a: Kingambit|ability: Supreme Overlord
|-start|p1a: Kingambit|fallen5|[silent]
|turn|19
|
|t:|1743924635
|move|p2a: Polteageist|Stored Power|p1a: Kingambit
|-damage|p1a: Kingambit|0 fnt
|faint|p1a: Kingambit
|-end|p1a: Kingambit|fallen5|[silent]
|
|win|Clair117
|raw|DicksonYang's rating: 1432 &rarr; <strong>1413</strong><br />(-19 for losing)
|raw|Clair117's rating: 1456 &rarr; <strong>1475</strong><br />(+19 for winning)
|l|☆DicksonYang
|player|p1|
