|j|☆thraxxedout!
|j|☆hjg19957523198
|t:|1743914410
|gametype|singles
|player|p1|thraxxedout!|169|1250
|player|p2|hjg19957523198|101|1196
|teamsize|p1|6
|teamsize|p2|6
|gen|9
|tier|[Gen 9] OU
|rated|
|rule|HP Percentage Mod: HP is shown in percentages
|rule|Endless Battle Clause: Forcing endless battles is banned
|rule|Species Clause: Limit one of each Pokémon
|rule|OHKO Clause: OHKO moves are banned
|rule|Evasion Items Clause: Evasion items are banned
|rule|Evasion Moves Clause: Evasion moves are banned
|rule|Sleep Moves Clause: Sleep-inducing moves are banned
|clearpoke
|poke|p1|Tauros-Paldea-Blaze, M|
|poke|p1|Kingambit, M|
|poke|p1|Ting-Lu|
|poke|p1|Pecharunt|
|poke|p1|Ogerpon-Wellspring, F|
|poke|p1|Great Tusk|
|poke|p2|Dragapult, M|
|poke|p2|Gliscor, F|
|poke|p2|Pecharunt|
|poke|p2|Ogerpon-Wellspring, F|
|poke|p2|Zamazenta-*|
|poke|p2|Primarina, M|
|teampreview
|inactive|Battle timer is ON: inactive players will automatically lose when time's up. (requested by hjg19957523198)
|
|t:|1743914437
|start
|switch|p1a: Ting-Lu|Ting-Lu|100/100
|switch|p2a: Ogerpon|Ogerpon-Wellspring, F|100/100
|-ability|p1a: Ting-Lu|Vessel of Ruin
|turn|1
|
|t:|1743914453
|switch|p2a: Pecharunt|Pecharunt|100/100
|move|p1a: Ting-Lu|Ruination|p2a: Pecharunt
|-damage|p2a: Pecharunt|50/100
|
|upkeep
|turn|2
|
|t:|1743914470
|switch|p2a: Gliscor|Gliscor, F, shiny|100/100
|move|p1a: Ting-Lu|Earthquake|p2a: Gliscor
|-immune|p2a: Gliscor
|
|-status|p2a: Gliscor|tox|[from] item: Toxic Orb
|upkeep
|turn|3
|
|t:|1743914481
|move|p2a: Gliscor|Stealth Rock|p1a: Ting-Lu
|-sidestart|p1: thraxxedout!|move: Stealth Rock
|move|p1a: Ting-Lu|Ruination|p2a: Gliscor
|-damage|p2a: Gliscor|50/100 tox
|
|-heal|p2a: Gliscor|63/100 tox|[from] ability: Poison Heal
|upkeep
|turn|4
|
|t:|1743914497
|move|p2a: Gliscor|Knock Off|p1a: Ting-Lu
|-resisted|p1a: Ting-Lu
|-damage|p1a: Ting-Lu|95/100
|-enditem|p1a: Ting-Lu|Leftovers|[from] move: Knock Off|[of] p2a: Gliscor
|move|p1a: Ting-Lu|Stealth Rock|p2a: Gliscor
|-sidestart|p2: hjg19957523198|move: Stealth Rock
|
|-heal|p2a: Gliscor|75/100 tox|[from] ability: Poison Heal
|upkeep
|turn|5
|
|t:|1743914508
|move|p2a: Gliscor|Spikes|p1a: Ting-Lu
|-sidestart|p1: thraxxedout!|Spikes
|move|p1a: Ting-Lu|Whirlwind|p2a: Gliscor
|drag|p2a: Ogerpon|Ogerpon-Wellspring, F|100/100
|-damage|p2a: Ogerpon|88/100|[from] Stealth Rock
|
|upkeep
|turn|6
|
|t:|1743914517
|-terastallize|p2a: Ogerpon|Water
|detailschange|p2a: Ogerpon|Ogerpon-Wellspring-Tera, F, tera:Water
|-ability|p2a: Ogerpon|Embody Aspect (Wellspring)|boost
|-boost|p2a: Ogerpon|spd|1
|move|p2a: Ogerpon|Ivy Cudgel|p1a: Ting-Lu|[anim] Ivy Cudgel Water
|-supereffective|p1a: Ting-Lu
|-damage|p1a: Ting-Lu|4/100
|move|p1a: Ting-Lu|Whirlwind|p2a: Ogerpon
|drag|p2a: Zamazenta|Zamazenta|100/100
|-damage|p2a: Zamazenta|94/100|[from] Stealth Rock
|-ability|p2a: Zamazenta|Dauntless Shield|boost
|-boost|p2a: Zamazenta|def|1
|
|-heal|p2a: Zamazenta|100/100|[from] item: Leftovers
|upkeep
|turn|7
|
|t:|1743914533
|move|p2a: Zamazenta|Trailblaze|p1a: Ting-Lu
|-supereffective|p1a: Ting-Lu
|-damage|p1a: Ting-Lu|0 fnt
|-boost|p2a: Zamazenta|spe|1
|faint|p1a: Ting-Lu
|
|upkeep
|
|t:|1743914537
|switch|p1a: Pecharunt|Pecharunt|100/100
|turn|8
|
|t:|1743914552
|switch|p2a: Gliscor|Gliscor, F, shiny|75/100 tox
|-damage|p2a: Gliscor|63/100 tox|[from] Stealth Rock
|move|p1a: Pecharunt|Parting Shot|p2a: Gliscor
|-unboost|p2a: Gliscor|atk|1
|-unboost|p2a: Gliscor|spa|1
|
|t:|1743914562
|switch|p1a: Great Tusk|Great Tusk|100/100|[from] Parting Shot
|
|-heal|p2a: Gliscor|75/100 tox|[from] ability: Poison Heal
|upkeep
|turn|9
|
|t:|1743914571
|move|p1a: Great Tusk|Ice Spinner|p2a: Gliscor
|-supereffective|p2a: Gliscor
|-damage|p2a: Gliscor|11/100 tox
|move|p2a: Gliscor|Knock Off|p1a: Great Tusk
|-resisted|p1a: Great Tusk
|-damage|p1a: Great Tusk|95/100
|-enditem|p1a: Great Tusk|Heavy-Duty Boots|[from] move: Knock Off|[of] p2a: Gliscor
|
|-heal|p2a: Gliscor|23/100 tox|[from] ability: Poison Heal
|upkeep
|turn|10
|
|t:|1743914587
|switch|p2a: Primarina|Primarina, M, shiny|100/100
|-damage|p2a: Primarina|88/100|[from] Stealth Rock
|move|p1a: Great Tusk|Ice Spinner|p2a: Primarina
|-resisted|p2a: Primarina
|-damage|p2a: Primarina|70/100
|
|-heal|p2a: Primarina|76/100|[from] item: Leftovers
|upkeep
|turn|11
|
|t:|1743914600
|-end|p1a: Great Tusk|Protosynthesis|[silent]
|switch|p1a: Pecharunt|Pecharunt|100/100
|move|p2a: Primarina|Surf|p1a: Pecharunt
|-damage|p1a: Pecharunt|49/100
|
|-heal|p2a: Primarina|82/100|[from] item: Leftovers
|upkeep
|turn|12
|
|t:|1743914610
|move|p1a: Pecharunt|Recover|p1a: Pecharunt
|-heal|p1a: Pecharunt|99/100
|move|p2a: Primarina|Surf|p1a: Pecharunt
|-damage|p1a: Pecharunt|44/100
|
|-heal|p2a: Primarina|88/100|[from] item: Leftovers
|upkeep
|turn|13
|
|t:|1743914621
|move|p1a: Pecharunt|Malignant Chain|p2a: Primarina
|-supereffective|p2a: Primarina
|-damage|p2a: Primarina|40/100
|move|p2a: Primarina|Surf|p1a: Pecharunt
|-damage|p1a: Pecharunt|0 fnt
|faint|p1a: Pecharunt
|
|-heal|p2a: Primarina|46/100|[from] item: Leftovers
|upkeep
|
|t:|1743914629
|switch|p1a: Great Tusk|Great Tusk|95/100
|-damage|p1a: Great Tusk|92/100|[from] Stealth Rock
|-damage|p1a: Great Tusk|80/100|[from] Spikes
|turn|14
|
|t:|1743914635
|move|p1a: Great Tusk|Headlong Rush|p2a: Primarina
|-crit|p2a: Primarina
|-damage|p2a: Primarina|0 fnt
|-unboost|p1a: Great Tusk|def|1
|-unboost|p1a: Great Tusk|spd|1
|faint|p2a: Primarina
|
|upkeep
|
|t:|1743914645
|switch|p2a: Ogerpon|Ogerpon-Wellspring-Tera, F, tera:Water|88/100
|-damage|p2a: Ogerpon|76/100|[from] Stealth Rock
|-ability|p2a: Ogerpon|Embody Aspect (Wellspring)|boost
|-boost|p2a: Ogerpon|spd|1
|turn|15
|inactive|thraxxedout! has 120 seconds left.
|
|t:|1743914679
|-end|p1a: Great Tusk|Protosynthesis|[silent]
|switch|p1a: Tauros|Tauros-Paldea-Blaze, M|100/100
|-damage|p1a: Tauros|88/100|[from] Stealth Rock
|-damage|p1a: Tauros|76/100|[from] Spikes
|-ability|p1a: Tauros|Intimidate|boost
|-unboost|p2a: Ogerpon|atk|1
|move|p2a: Ogerpon|Horn Leech|p1a: Tauros
|-resisted|p1a: Tauros
|-damage|p1a: Tauros|59/100
|-heal|p2a: Ogerpon|84/100|[from] drain|[of] p1a: Tauros
|
|upkeep
|turn|16
|
|t:|1743914691
|switch|p1a: Ogerpon|Ogerpon-Wellspring, F|100/100
|-damage|p1a: Ogerpon|88/100|[from] Stealth Rock
|-damage|p1a: Ogerpon|76/100|[from] Spikes
|move|p2a: Ogerpon|Ivy Cudgel|p1a: Ogerpon|[anim] Ivy Cudgel Water
|-heal|p1a: Ogerpon|100/100|[from] ability: Water Absorb|[of] p2a: Ogerpon
|
|upkeep
|turn|17
|
|t:|1743914700
|move|p1a: Ogerpon|Horn Leech|p2a: Ogerpon
|-supereffective|p2a: Ogerpon
|-damage|p2a: Ogerpon|0 fnt
|faint|p2a: Ogerpon
|
|upkeep
|
|t:|1743914712
|switch|p2a: Dragapult|Dragapult, M, shiny|100/100
|turn|18
|
|t:|1743914720
|-terastallize|p1a: Ogerpon|Water
|detailschange|p1a: Ogerpon|Ogerpon-Wellspring-Tera, F, tera:Water
|-ability|p1a: Ogerpon|Embody Aspect (Wellspring)|boost
|-boost|p1a: Ogerpon|spd|1
|move|p2a: Dragapult|Will-O-Wisp|p1a: Ogerpon|[miss]
|-miss|p2a: Dragapult|p1a: Ogerpon
|move|p1a: Ogerpon|Play Rough|p2a: Dragapult|[miss]
|-miss|p1a: Ogerpon|p2a: Dragapult
|
|upkeep
|turn|19
|
|t:|1743914731
|move|p2a: Dragapult|Will-O-Wisp|p1a: Ogerpon
|-status|p1a: Ogerpon|brn
|move|p1a: Ogerpon|Swords Dance|p1a: Ogerpon
|-boost|p1a: Ogerpon|atk|2
|
|-damage|p1a: Ogerpon|95/100 brn|[from] brn
|upkeep
|turn|20
|
|t:|1743914741
|move|p2a: Dragapult|Hex|p1a: Ogerpon
|-damage|p1a: Ogerpon|53/100 brn
|move|p1a: Ogerpon|Play Rough|p2a: Dragapult
|-supereffective|p2a: Dragapult
|-damage|p2a: Dragapult|4/100
|
|-damage|p1a: Ogerpon|47/100 brn|[from] brn
|upkeep
|turn|21
|
|t:|1743914750
|move|p2a: Dragapult|Dragon Darts|p1a: Ogerpon
|-damage|p1a: Ogerpon|20/100 brn
|-anim|p2a: Dragapult|Dragon Darts|p1a: Ogerpon
|-damage|p1a: Ogerpon|0 fnt
|faint|p1a: Ogerpon
|
|upkeep
|
|t:|1743914757
|switch|p1a: Great Tusk|Great Tusk|80/100
|-damage|p1a: Great Tusk|77/100|[from] Stealth Rock
|-damage|p1a: Great Tusk|64/100|[from] Spikes
|turn|22
|
|t:|1743914764
|move|p2a: Dragapult|Will-O-Wisp|p1a: Great Tusk|[miss]
|-miss|p2a: Dragapult|p1a: Great Tusk
|move|p1a: Great Tusk|Ice Spinner|p2a: Dragapult
|-supereffective|p2a: Dragapult
|-damage|p2a: Dragapult|0 fnt
|faint|p2a: Dragapult
|
|upkeep
|
|t:|1743914772
|switch|p2a: Zamazenta|Zamazenta|100/100
|-damage|p2a: Zamazenta|94/100|[from] Stealth Rock
|turn|23
|
|t:|1743914778
|move|p2a: Zamazenta|Iron Defense|p2a: Zamazenta
|-boost|p2a: Zamazenta|def|2
|move|p1a: Great Tusk|Rapid Spin|p2a: Zamazenta
|-crit|p2a: Zamazenta
|-damage|p2a: Zamazenta|78/100
|-boost|p1a: Great Tusk|spe|1
|-sideend|p1: thraxxedout!|Spikes|[from] move: Rapid Spin|[of] p1a: Great Tusk
|-sideend|p1: thraxxedout!|Stealth Rock|[from] move: Rapid Spin|[of] p1a: Great Tusk
|
|-heal|p2a: Zamazenta|85/100|[from] item: Leftovers
|upkeep
|turn|24
|
|t:|1743914788
|move|p1a: Great Tusk|Headlong Rush|p2a: Zamazenta
|-damage|p2a: Zamazenta|66/100
|-unboost|p1a: Great Tusk|def|1
|-unboost|p1a: Great Tusk|spd|1
|move|p2a: Zamazenta|Iron Defense|p2a: Zamazenta
|-boost|p2a: Zamazenta|def|2
|
|-heal|p2a: Zamazenta|72/100|[from] item: Leftovers
|upkeep
|turn|25
|
|t:|1743914800
|move|p1a: Great Tusk|Headlong Rush|p2a: Zamazenta
|-damage|p2a: Zamazenta|60/100
|-unboost|p1a: Great Tusk|def|1
|-unboost|p1a: Great Tusk|spd|1
|move|p2a: Zamazenta|Trailblaze|p1a: Great Tusk
|-supereffective|p1a: Great Tusk
|-damage|p1a: Great Tusk|27/100
|-boost|p2a: Zamazenta|spe|1
|
|-heal|p2a: Zamazenta|66/100|[from] item: Leftovers
|upkeep
|turn|26
|
|t:|1743914816
|move|p2a: Zamazenta|Trailblaze|p1a: Great Tusk
|-supereffective|p1a: Great Tusk
|-damage|p1a: Great Tusk|0 fnt
|-boost|p2a: Zamazenta|spe|1
|faint|p1a: Great Tusk
|-end|p1a: Great Tusk|Protosynthesis|[silent]
|
|-heal|p2a: Zamazenta|72/100|[from] item: Leftovers
|upkeep
|l|☆thraxxedout!
|inactive|thraxxedout! disconnected and has a minute to reconnect!
|player|p1|
|inactive|thraxxedout! has 30 seconds to reconnect!
|inactive|thraxxedout! has 20 seconds to reconnect!
|inactive|thraxxedout! has 15 seconds to reconnect!
|inactive|thraxxedout! has 10 seconds to reconnect!
|inactive|thraxxedout! has 5 seconds to reconnect!
|-message|thraxxedout! lost due to inactivity.
|
|win|hjg19957523198
|raw|thraxxedout!'s rating: 1250 &rarr; <strong>1221</strong><br />(-29 for losing)
|raw|hjg19957523198's rating: 1196 &rarr; <strong>1225</strong><br />(+29 for winning)
|l|☆hjg19957523198
|player|p2|
