|j|☆TestFor11222024
|j|☆ZeroHuhahusZX
|t:|1743854453
|gametype|singles
|player|p1|TestFor11222024|hiker-gen4|1321
|player|p2|ZeroHuhahusZX|n|1337
|teamsize|p1|6
|teamsize|p2|6
|gen|9
|tier|[Gen 9] OU
|rated|
|rule|HP Percentage Mod: HP is shown in percentages
|rule|Endless Battle Clause: Forcing endless battles is banned
|rule|Species Clause: Limit one of each Pokémon
|rule|OHKO Clause: OHKO moves are banned
|rule|Evasion Items Clause: Evasion items are banned
|rule|Evasion Moves Clause: Evasion moves are banned
|rule|Sleep Moves Clause: Sleep-inducing moves are banned
|clearpoke
|poke|p1|Kommo-o, M|
|poke|p1|Tyranitar, M|
|poke|p1|Diancie|
|poke|p1|Corviknight, M|
|poke|p1|Excadrill, F|
|poke|p1|Ogerpon-Cornerstone, F|
|poke|p2|Darkrai|
|poke|p2|Landorus-Therian, M|
|poke|p2|Lokix, F|
|poke|p2|Okidogi, M|
|poke|p2|Raging Bolt|
|poke|p2|Samurott-Hisui, M|
|teampreview
|inactive|Battle timer is ON: inactive players will automatically lose when time's up. (requested by ZeroHuhahusZX)
|
|t:|1743854468
|start
|switch|p1a: Tyranitar|Tyranitar, M|100/100
|switch|p2a: Landorus|Landorus-Therian, M|100/100
|-ability|p2a: Landorus|Intimidate|boost
|-unboost|p1a: Tyranitar|atk|1
|-weather|Sandstorm|[from] ability: Sand Stream|[of] p1a: Tyranitar
|turn|1
|
|t:|1743854477
|switch|p1a: Kommo-o|Kommo-o, M|100/100
|move|p2a: Landorus|Stealth Rock|p1a: Kommo-o
|-sidestart|p1: TestFor11222024|move: Stealth Rock
|
|-weather|Sandstorm|[upkeep]
|upkeep
|turn|2
|
|t:|1743854480
|move|p2a: Landorus|Taunt|p1a: Kommo-o
|-start|p1a: Kommo-o|move: Taunt
|cant|p1a: Kommo-o|move: Taunt|Bulk Up
|
|-weather|Sandstorm|[upkeep]
|upkeep
|turn|3
|
|t:|1743854483
|move|p2a: Landorus|Earth Power|p1a: Kommo-o
|-damage|p1a: Kommo-o|70/100
|move|p1a: Kommo-o|Throat Chop|p2a: Landorus
|-damage|p2a: Landorus|73/100
|-start|p2a: Landorus|Throat Chop|[silent]
|-damage|p1a: Kommo-o|53/100|[from] item: Rocky Helmet|[of] p2a: Landorus
|
|-weather|Sandstorm|[upkeep]
|upkeep
|turn|4
|
|t:|1743854487
|switch|p1a: Corviknight|Corviknight, M|100/100
|-damage|p1a: Corviknight|88/100|[from] Stealth Rock
|-ability|p1a: Corviknight|Pressure
|move|p2a: Landorus|Earth Power|p1a: Corviknight
|-immune|p1a: Corviknight
|
|-weather|Sandstorm|[upkeep]
|-end|p2a: Landorus|Throat Chop|[silent]
|upkeep
|turn|5
|
|t:|1743854488
|move|p2a: Landorus|Taunt|p1a: Corviknight
|-start|p1a: Corviknight|move: Taunt
|cant|p1a: Corviknight|move: Taunt|Defog
|
|-weather|Sandstorm|[upkeep]
|upkeep
|turn|6
|
|t:|1743854494
|move|p2a: Landorus|Taunt||[still]
|-fail|p2a: Landorus
|move|p1a: Corviknight|U-turn|p2a: Landorus
|-resisted|p2a: Landorus
|-damage|p2a: Landorus|67/100
|-damage|p1a: Corviknight|71/100|[from] item: Rocky Helmet|[of] p2a: Landorus
|
|t:|1743854498
|switch|p1a: Excadrill|Excadrill, F|100/100|[from] U-turn
|-damage|p1a: Excadrill|97/100|[from] Stealth Rock
|
|-weather|Sandstorm|[upkeep]
|upkeep
|turn|7
|
|t:|1743854500
|-terastallize|p1a: Excadrill|Ice
|move|p1a: Excadrill|Tera Blast|p2a: Landorus|[anim] Tera Blast Ice
|-supereffective|p2a: Landorus
|-damage|p2a: Landorus|0 fnt
|faint|p2a: Landorus
|-damage|p1a: Excadrill|88/100|[from] item: Life Orb
|
|-weather|Sandstorm|[upkeep]
|upkeep
|
|t:|1743854505
|switch|p2a: Okidogi|Okidogi, M|100/100
|turn|8
|
|t:|1743854512
|switch|p1a: Corviknight|Corviknight, M|71/100
|-damage|p1a: Corviknight|59/100|[from] Stealth Rock
|-ability|p1a: Corviknight|Pressure
|-terastallize|p2a: Okidogi|Water
|move|p2a: Okidogi|Drain Punch|p1a: Corviknight
|-damage|p1a: Corviknight|32/100
|
|-weather|none
|upkeep
|turn|9
|
|t:|1743854518
|move|p1a: Corviknight|Roost|p1a: Corviknight
|-heal|p1a: Corviknight|82/100
|-singleturn|p1a: Corviknight|move: Roost
|move|p2a: Okidogi|Gunk Shot|p1a: Corviknight
|-immune|p1a: Corviknight
|
|upkeep
|turn|10
|
|t:|1743854524
|move|p2a: Okidogi|Knock Off|p1a: Corviknight
|-damage|p1a: Corviknight|57/100
|-enditem|p1a: Corviknight|Covert Cloak|[from] move: Knock Off|[of] p2a: Okidogi
|move|p1a: Corviknight|Defog|p2a: Okidogi
|-unboost|p2a: Okidogi|evasion|1
|-sideend|p1: TestFor11222024|Stealth Rock|[from] move: Defog|[of] p1a: Corviknight
|
|upkeep
|turn|11
|
|t:|1743854529
|move|p2a: Okidogi|Drain Punch|p1a: Corviknight
|-damage|p1a: Corviknight|29/100
|move|p1a: Corviknight|U-turn|p2a: Okidogi
|-damage|p2a: Okidogi|90/100
|
|t:|1743854532
|switch|p1a: Ogerpon|Ogerpon-Cornerstone, F|100/100|[from] U-turn
|
|upkeep
|turn|12
|
|t:|1743854543
|move|p1a: Ogerpon|Horn Leech|p2a: Okidogi
|-supereffective|p2a: Okidogi
|-damage|p2a: Okidogi|26/100
|move|p2a: Okidogi|Drain Punch|p1a: Ogerpon
|-supereffective|p1a: Ogerpon
|-damage|p1a: Ogerpon|14/100
|-heal|p2a: Okidogi|67/100|[from] drain|[of] p1a: Ogerpon
|
|upkeep
|turn|13
|
|t:|1743854548
|switch|p2a: Raging Bolt|Raging Bolt|100/100
|move|p1a: Ogerpon|Horn Leech|p2a: Raging Bolt
|-resisted|p2a: Raging Bolt
|-damage|p2a: Raging Bolt|81/100
|-heal|p1a: Ogerpon|25/100|[from] drain|[of] p2a: Raging Bolt
|
|upkeep
|turn|14
|
|t:|1743854550
|move|p1a: Ogerpon|Leech Seed|p2a: Raging Bolt
|-start|p2a: Raging Bolt|move: Leech Seed
|move|p2a: Raging Bolt|Draco Meteor|p1a: Ogerpon
|-damage|p1a: Ogerpon|0 fnt
|-unboost|p2a: Raging Bolt|spa|2
|faint|p1a: Ogerpon
|
|upkeep
|
|t:|1743854554
|switch|p1a: Diancie|Diancie|100/100
|turn|15
|
|t:|1743854557
|move|p2a: Raging Bolt|Volt Switch|p1a: Diancie
|-damage|p1a: Diancie|86/100
|
|t:|1743854559
|-end|p2a: Raging Bolt|Protosynthesis|[silent]
|switch|p2a: Okidogi|Okidogi, M, tera:Water|67/100|[from] Volt Switch
|move|p1a: Diancie|Calm Mind|p1a: Diancie
|-boost|p1a: Diancie|spa|1
|-boost|p1a: Diancie|spd|1
|
|upkeep
|turn|16
|
|t:|1743854564
|move|p2a: Okidogi|Gunk Shot|p1a: Diancie|[miss]
|-miss|p2a: Okidogi|p1a: Diancie
|move|p1a: Diancie|Diamond Storm|p2a: Okidogi
|-damage|p2a: Okidogi|41/100
|-boost|p1a: Diancie|def|2
|
|upkeep
|turn|17
|
|t:|1743854567
|move|p2a: Okidogi|Gunk Shot|p1a: Diancie
|-damage|p1a: Diancie|57/100
|move|p1a: Diancie|Calm Mind|p1a: Diancie
|-boost|p1a: Diancie|spa|1
|-boost|p1a: Diancie|spd|1
|
|upkeep
|turn|18
|
|t:|1743854570
|move|p2a: Okidogi|Drain Punch|p1a: Diancie
|-damage|p1a: Diancie|38/100
|-heal|p2a: Okidogi|49/100|[from] drain|[of] p1a: Diancie
|move|p1a: Diancie|Substitute|p1a: Diancie
|-start|p1a: Diancie|Substitute
|-damage|p1a: Diancie|13/100
|
|upkeep
|turn|19
|
|t:|1743854574
|move|p2a: Okidogi|Drain Punch|p1a: Diancie
|-activate|p1a: Diancie|move: Substitute|[damage]
|-heal|p2a: Okidogi|56/100|[from] drain|[of] p1a: Diancie
|move|p1a: Diancie|Draining Kiss|p2a: Okidogi
|-damage|p2a: Okidogi|20/100
|-heal|p1a: Diancie|47/100|[from] drain|[of] p2a: Okidogi
|
|upkeep
|turn|20
|
|t:|1743854578
|move|p2a: Okidogi|Drain Punch|p1a: Diancie
|-end|p1a: Diancie|Substitute
|-heal|p2a: Okidogi|23/100|[from] drain|[of] p1a: Diancie
|move|p1a: Diancie|Draining Kiss|p2a: Okidogi
|-damage|p2a: Okidogi|0 fnt
|-heal|p1a: Diancie|68/100|[from] drain|[of] p2a: Okidogi
|faint|p2a: Okidogi
|
|upkeep
|
|t:|1743854585
|switch|p2a: Samurott|Samurott-Hisui, M|100/100
|turn|21
|
|t:|1743854589
|move|p2a: Samurott|Sacred Sword|p1a: Diancie
|-damage|p1a: Diancie|34/100
|move|p1a: Diancie|Draining Kiss|p2a: Samurott
|-supereffective|p2a: Samurott
|-damage|p2a: Samurott|0 fnt
|-heal|p1a: Diancie|100/100|[from] drain|[of] p2a: Samurott
|faint|p2a: Samurott
|
|upkeep
|
|t:|1743854592
|switch|p2a: Lokix|Lokix, F|100/100
|turn|22
|
|t:|1743854596
|move|p2a: Lokix|Knock Off|p1a: Diancie
|-resisted|p1a: Diancie
|-damage|p1a: Diancie|81/100
|-enditem|p1a: Diancie|Fairy Feather|[from] move: Knock Off|[of] p2a: Lokix
|move|p1a: Diancie|Draining Kiss|p2a: Lokix
|-supereffective|p2a: Lokix
|-damage|p2a: Lokix|0 fnt
|-heal|p1a: Diancie|100/100|[from] drain|[of] p2a: Lokix
|faint|p2a: Lokix
|
|upkeep
|
|t:|1743854599
|switch|p2a: Darkrai|Darkrai|100/100
|turn|23
|
|t:|1743854600
|move|p2a: Darkrai|Will-O-Wisp|p1a: Diancie
|-status|p1a: Diancie|brn
|move|p1a: Diancie|Draining Kiss|p2a: Darkrai
|-supereffective|p2a: Darkrai
|-damage|p2a: Darkrai|0 fnt
|faint|p2a: Darkrai
|
|-damage|p1a: Diancie|94/100 brn|[from] brn
|upkeep
|
|t:|1743854603
|switch|p2a: Raging Bolt|Raging Bolt|81/100
|turn|24
|
|t:|1743854606
|move|p2a: Raging Bolt|Volt Switch|p1a: Diancie
|-damage|p1a: Diancie|80/100 brn
|move|p1a: Diancie|Calm Mind|p1a: Diancie
|-boost|p1a: Diancie|spa|1
|-boost|p1a: Diancie|spd|1
|
|-damage|p1a: Diancie|74/100 brn|[from] brn
|upkeep
|turn|25
|
|t:|1743854609
|move|p2a: Raging Bolt|Volt Switch|p1a: Diancie
|-damage|p1a: Diancie|61/100 brn
|move|p1a: Diancie|Draining Kiss|p2a: Raging Bolt
|-supereffective|p2a: Raging Bolt
|-damage|p2a: Raging Bolt|0 fnt
|-heal|p1a: Diancie|100/100 brn|[from] drain|[of] p2a: Raging Bolt
|faint|p2a: Raging Bolt
|-end|p2a: Raging Bolt|Protosynthesis|[silent]
|
|win|TestFor11222024
|raw|TestFor11222024's rating: 1321 &rarr; <strong>1342</strong><br />(+21 for winning)
|raw|ZeroHuhahusZX's rating: 1337 &rarr; <strong>1316</strong><br />(-21 for losing)
|l|☆ZeroHuhahusZX
|player|p2|
|l|☆TestFor11222024
|player|p1|
