|j|☆Pr0geny
|j|☆jp8 the marth main
|t:|1743790261
|gametype|singles
|player|p1|Pr0geny|cogita|1426
|player|p2|jp8 the marth main|2|1432
|teamsize|p1|6
|teamsize|p2|6
|gen|9
|tier|[Gen 9] OU
|rated|
|rule|HP Percentage Mod: HP is shown in percentages
|rule|Endless Battle Clause: Forcing endless battles is banned
|rule|Species Clause: Limit one of each Pokémon
|rule|OHKO Clause: OHKO moves are banned
|rule|Evasion Items Clause: Evasion items are banned
|rule|Evasion Moves Clause: Evasion moves are banned
|rule|Sleep Moves Clause: Sleep-inducing moves are banned
|clearpoke
|poke|p1|Landorus-Therian, M|
|poke|p1|Iron Valiant|
|poke|p1|Raging Bolt|
|poke|p1|Ogerpon-Wellspring, F|
|poke|p1|Gholdengo|
|poke|p1|Iron Treads|
|poke|p2|Fezandipiti, M|
|poke|p2|Great Tusk|
|poke|p2|Corviknight, M|
|poke|p2|Hydrapple, M|
|poke|p2|Raging Bolt|
|poke|p2|Salazzle, F|
|teampreview
|
|t:|1743790274
|start
|switch|p1a: Cheesed|Gholdengo|100/100
|switch|p2a: Salazzle|Salazzle, F|100/100
|-item|p1a: Cheesed|Air Balloon
|turn|1
|
|t:|1743790281
|-terastallize|p1a: Cheesed|Water
|move|p2a: Salazzle|Fire Blast|p1a: Cheesed
|-resisted|p1a: Cheesed
|-damage|p1a: Cheesed|75/100
|-enditem|p1a: Cheesed|Air Balloon
|move|p1a: Cheesed|Thunder Wave|p2a: Salazzle
|-status|p2a: Salazzle|par
|
|upkeep
|turn|2
|
|t:|1743790288
|switch|p2a: Great Tusk|Great Tusk|100/100
|-enditem|p2a: Great Tusk|Booster Energy
|-activate|p2a: Great Tusk|ability: Protosynthesis|[fromitem]
|-start|p2a: Great Tusk|protosynthesisatk
|move|p1a: Cheesed|Nasty Plot|p1a: Cheesed
|-boost|p1a: Cheesed|spa|2
|
|upkeep
|turn|3
|inactive|Battle timer is ON: inactive players will automatically lose when time's up. (requested by Pr0geny)
|
|t:|1743790291
|move|p2a: Great Tusk|Headlong Rush|p1a: Cheesed
|-damage|p1a: Cheesed|1/100
|-unboost|p2a: Great Tusk|def|1
|-unboost|p2a: Great Tusk|spd|1
|move|p1a: Cheesed|Make It Rain|p2a: Great Tusk
|-damage|p2a: Great Tusk|0 fnt
|-unboost|p1a: Cheesed|spa|1
|faint|p2a: Great Tusk
|-end|p2a: Great Tusk|Protosynthesis|[silent]
|
|upkeep
|
|t:|1743790295
|switch|p2a: Fezandipiti|Fezandipiti, M|100/100
|turn|4
|
|t:|1743790298
|switch|p1a: Iron Threat|Iron Treads|100/100
|move|p2a: Fezandipiti|U-turn|p1a: Iron Threat
|-resisted|p1a: Iron Threat
|-damage|p1a: Iron Threat|88/100
|
|t:|1743790303
|switch|p2a: Salazzle|Salazzle, F|100/100 par|[from] U-turn
|
|upkeep
|turn|5
|
|t:|1743790305
|move|p1a: Iron Threat|Earthquake|p2a: Salazzle
|-supereffective|p2a: Salazzle
|-crit|p2a: Salazzle
|-enditem|p2a: Salazzle|Focus Sash
|-damage|p2a: Salazzle|1/100 par
|move|p2a: Salazzle|Fire Blast|p1a: Iron Threat
|-supereffective|p1a: Iron Threat
|-damage|p1a: Iron Threat|0 fnt
|faint|p1a: Iron Threat
|-end|p1a: Iron Threat|Quark Drive|[silent]
|
|upkeep
|
|t:|1743790312
|switch|p1a: Power Bottom|Landorus-Therian, M|100/100
|-ability|p1a: Power Bottom|Intimidate|boost
|-unboost|p2a: Salazzle|atk|1
|turn|6
|
|t:|1743790316
|move|p1a: Power Bottom|U-turn|p2a: Salazzle
|-resisted|p2a: Salazzle
|-damage|p2a: Salazzle|0 fnt
|faint|p2a: Salazzle
|
|t:|1743790319
|switch|p1a: Pon De Replay|Ogerpon-Wellspring, F|100/100|[from] U-turn
|
|upkeep
|
|t:|1743790325
|switch|p2a: Fezandipiti|Fezandipiti, M|100/100
|turn|7
|
|t:|1743790328
|switch|p1a: Cheesed|Gholdengo, tera:Water|1/100
|move|p2a: Fezandipiti|Poison Jab|p1a: Cheesed
|-damage|p1a: Cheesed|0 fnt
|faint|p1a: Cheesed
|
|upkeep
|
|t:|1743790334
|switch|p1a: Raging Neck|Raging Bolt|100/100
|-enditem|p1a: Raging Neck|Booster Energy
|-activate|p1a: Raging Neck|ability: Protosynthesis|[fromitem]
|-start|p1a: Raging Neck|protosynthesisspa
|turn|8
|
|t:|1743790337
|move|p2a: Fezandipiti|Poison Jab|p1a: Raging Neck
|-damage|p1a: Raging Neck|58/100
|move|p1a: Raging Neck|Calm Mind|p1a: Raging Neck
|-boost|p1a: Raging Neck|spa|1
|-boost|p1a: Raging Neck|spd|1
|
|upkeep
|turn|9
|
|t:|1743790340
|move|p2a: Fezandipiti|Poison Jab|p1a: Raging Neck
|-damage|p1a: Raging Neck|12/100
|move|p1a: Raging Neck|Thunderbolt|p2a: Fezandipiti
|-damage|p2a: Fezandipiti|15/100
|
|upkeep
|turn|10
|
|t:|1743790347
|switch|p2a: Hydrapple|Hydrapple, M, shiny|100/100
|move|p1a: Raging Neck|Thunderbolt|p2a: Hydrapple
|-resisted|p2a: Hydrapple
|-damage|p2a: Hydrapple|75/100
|
|upkeep
|turn|11
|
|t:|1743790353
|-terastallize|p2a: Hydrapple|Steel
|move|p1a: Raging Neck|Draco Meteor|p2a: Hydrapple
|-resisted|p2a: Hydrapple
|-damage|p2a: Hydrapple|4/100
|-unboost|p1a: Raging Neck|spa|2
|move|p2a: Hydrapple|Earth Power|p1a: Raging Neck
|-supereffective|p1a: Raging Neck
|-damage|p1a: Raging Neck|0 fnt
|faint|p1a: Raging Neck
|-end|p1a: Raging Neck|Protosynthesis|[silent]
|
|upkeep
|
|t:|1743790355
|switch|p1a: Pon De Replay|Ogerpon-Wellspring, F|100/100
|turn|12
|
|t:|1743790362
|switch|p2a: Fezandipiti|Fezandipiti, M|15/100
|move|p1a: Pon De Replay|Swords Dance|p1a: Pon De Replay
|-boost|p1a: Pon De Replay|atk|2
|
|upkeep
|turn|13
|
|t:|1743790365
|move|p1a: Pon De Replay|Ivy Cudgel|p2a: Fezandipiti|[anim] Ivy Cudgel Water
|-damage|p2a: Fezandipiti|0 fnt
|faint|p2a: Fezandipiti
|
|upkeep
|
|t:|1743790366
|switch|p2a: Raging Bolt|Raging Bolt|100/100
|-enditem|p2a: Raging Bolt|Booster Energy
|-activate|p2a: Raging Bolt|ability: Protosynthesis|[fromitem]
|-start|p2a: Raging Bolt|protosynthesisspa
|turn|14
|
|t:|1743790372
|move|p1a: Pon De Replay|U-turn|p2a: Raging Bolt
|-damage|p2a: Raging Bolt|57/100
|
|t:|1743790373
|switch|p1a: Cope|Iron Valiant|100/100|[from] U-turn
|-enditem|p1a: Cope|Booster Energy
|-activate|p1a: Cope|ability: Quark Drive|[fromitem]
|-start|p1a: Cope|quarkdrivespe
|move|p2a: Raging Bolt|Draco Meteor|p1a: Cope
|-immune|p1a: Cope
|
|upkeep
|turn|15
|
|t:|1743790376
|move|p2a: Raging Bolt|Thunderclap|p1a: Cope
|-damage|p1a: Cope|4/100
|move|p1a: Cope|Moonblast|p2a: Raging Bolt
|-supereffective|p2a: Raging Bolt
|-damage|p2a: Raging Bolt|0 fnt
|faint|p2a: Raging Bolt
|-end|p2a: Raging Bolt|Protosynthesis|[silent]
|
|upkeep
|
|t:|1743790380
|switch|p2a: Hydrapple|Hydrapple, M, shiny, tera:Steel|37/100
|turn|16
|
|t:|1743790381
|switch|p2a: Corviknight|Corviknight, M|100/100
|move|p1a: Cope|Vacuum Wave|p2a: Corviknight
|-damage|p2a: Corviknight|80/100
|
|upkeep
|turn|17
|
|t:|1743790386
|move|p1a: Cope|Shadow Ball|p2a: Corviknight
|-damage|p2a: Corviknight|55/100
|move|p2a: Corviknight|Body Press|p1a: Cope
|-resisted|p1a: Cope
|-damage|p1a: Cope|0 fnt
|faint|p1a: Cope
|-end|p1a: Cope|Quark Drive|[silent]
|
|upkeep
|
|t:|1743790389
|switch|p1a: Pon De Replay|Ogerpon-Wellspring, F|100/100
|turn|18
|
|t:|1743790392
|move|p1a: Pon De Replay|Swords Dance|p1a: Pon De Replay
|-boost|p1a: Pon De Replay|atk|2
|move|p2a: Corviknight|Body Press|p1a: Pon De Replay
|-damage|p1a: Pon De Replay|64/100
|
|upkeep
|turn|19
|
|t:|1743790394
|move|p1a: Pon De Replay|Ivy Cudgel|p2a: Corviknight|[anim] Ivy Cudgel Water
|-crit|p2a: Corviknight
|-damage|p2a: Corviknight|0 fnt
|faint|p2a: Corviknight
|
|upkeep
|
|t:|1743790396
|switch|p2a: Hydrapple|Hydrapple, M, shiny, tera:Steel|70/100
|turn|20
|
|t:|1743790398
|move|p1a: Pon De Replay|Ivy Cudgel|p2a: Hydrapple|[anim] Ivy Cudgel Water
|-damage|p2a: Hydrapple|0 fnt
|faint|p2a: Hydrapple
|
|win|Pr0geny
|raw|Pr0geny's rating: 1426 &rarr; <strong>1446</strong><br />(+20 for winning)
|raw|jp8 the marth main's rating: 1432 &rarr; <strong>1412</strong><br />(-20 for losing)
|l|☆jp8 the marth main
|player|p2|
|l|☆Pr0geny
|player|p1|
