|j|☆jibreel69
|j|☆poekmonmatsre123
|t:|1743781261
|gametype|singles
|player|p1|jibreel69|clair|1247
|player|p2|poekmonmatsre123|265|1325
|teamsize|p1|6
|teamsize|p2|6
|gen|9
|tier|[Gen 9] OU
|rated|
|rule|HP Percentage Mod: HP is shown in percentages
|rule|Endless Battle Clause: Forcing endless battles is banned
|rule|Species Clause: Limit one of each Pokémon
|rule|OHKO Clause: OHKO moves are banned
|rule|Evasion Items Clause: Evasion items are banned
|rule|Evasion Moves Clause: Evasion moves are banned
|rule|Sleep Moves Clause: Sleep-inducing moves are banned
|clearpoke
|poke|p1|Reuniclus, M|
|poke|p1|Dragonite, F|
|poke|p1|Skeledirge, F|
|poke|p1|Great Tusk|
|poke|p1|Zapdos|
|poke|p1|Corviknight, F|
|poke|p2|Alomomola, M|
|poke|p2|Great Tusk|
|poke|p2|Blissey, F|
|poke|p2|Dragonite, F|
|poke|p2|Garchomp, F|
|poke|p2|Tornadus-Therian, M|
|teampreview
|
|t:|1743781271
|start
|switch|p1a: Reuniclus|Reuniclus, M|100/100
|switch|p2a: Garchomp|Garchomp, F|100/100
|turn|1
|
|t:|1743781279
|move|p2a: Garchomp|Stealth Rock|p1a: Reuniclus
|-sidestart|p1: jibreel69|move: Stealth Rock
|move|p1a: Reuniclus|Future Sight|p2a: Garchomp
|-start|p1a: Reuniclus|move: Future Sight
|
|upkeep
|turn|2
|
|t:|1743781289
|switch|p2a: Blissey|Blissey, F|100/100
|switch|p1a: Zapdos|Zapdos, shiny|100/100
|
|upkeep
|turn|3
|
|t:|1743781298
|move|p1a: Zapdos|U-turn|p2a: Blissey
|-damage|p2a: Blissey|81/100
|
|t:|1743781307
|switch|p1a: Great Tusk|Great Tusk, shiny|100/100|[from] U-turn
|move|p2a: Blissey|Fire Blast|p1a: Great Tusk
|-damage|p1a: Great Tusk|69/100
|
|-end|p2a: Blissey|move: Future Sight
|-damage|p2a: Blissey|62/100
|upkeep
|turn|4
|
|t:|1743781316
|switch|p2a: Alomomola|Alomomola, M|100/100
|move|p1a: Great Tusk|Rapid Spin|p2a: Alomomola
|-damage|p2a: Alomomola|92/100
|-boost|p1a: Great Tusk|spe|1
|-damage|p1a: Great Tusk|53/100|[from] item: Rocky Helmet|[of] p2a: Alomomola
|-sideend|p1: jibreel69|Stealth Rock|[from] move: Rapid Spin|[of] p1a: Great Tusk
|
|upkeep
|turn|5
|
|t:|1743781328
|-end|p1a: Great Tusk|Protosynthesis|[silent]
|switch|p1a: Corviknight|Corviknight, F|100/100
|-ability|p1a: Corviknight|Pressure
|move|p2a: Alomomola|Scald|p1a: Corviknight
|-damage|p1a: Corviknight|88/100
|
|upkeep
|turn|6
|
|t:|1743781344
|switch|p1a: Reuniclus|Reuniclus, M|100/100
|move|p2a: Alomomola|Scald|p1a: Reuniclus
|-damage|p1a: Reuniclus|91/100
|
|upkeep
|turn|7
|inactive|Battle timer is ON: inactive players will automatically lose when time's up. (requested by poekmonmatsre123)
|
|t:|1743781350
|switch|p2a: Blissey|Blissey, F|62/100
|move|p1a: Reuniclus|Future Sight|p2a: Blissey
|-start|p1a: Reuniclus|move: Future Sight
|
|upkeep
|turn|8
|
|t:|1743781365
|move|p2a: Blissey|Body Slam|p1a: Reuniclus
|-damage|p1a: Reuniclus|86/100
|-status|p1a: Reuniclus|par
|move|p1a: Reuniclus|Focus Blast|p2a: Blissey
|-supereffective|p2a: Blissey
|-damage|p2a: Blissey|36/100
|
|upkeep
|turn|9
|
|t:|1743781375
|move|p2a: Blissey|Soft-Boiled|p2a: Blissey
|-heal|p2a: Blissey|86/100
|move|p1a: Reuniclus|Focus Blast|p2a: Blissey
|-supereffective|p2a: Blissey
|-damage|p2a: Blissey|64/100
|-unboost|p2a: Blissey|spd|1
|
|-end|p2a: Blissey|move: Future Sight
|-damage|p2a: Blissey|36/100
|upkeep
|turn|10
|
|t:|1743781391
|move|p2a: Blissey|Soft-Boiled|p2a: Blissey
|-heal|p2a: Blissey|86/100
|move|p1a: Reuniclus|Future Sight|p2a: Blissey
|-start|p1a: Reuniclus|move: Future Sight
|
|upkeep
|turn|11
|
|t:|1743781402
|move|p2a: Blissey|Body Slam|p1a: Reuniclus
|-damage|p1a: Reuniclus|82/100 par
|cant|p1a: Reuniclus|par
|
|upkeep
|turn|12
|
|t:|1743781410
|move|p2a: Blissey|Body Slam|p1a: Reuniclus
|-damage|p1a: Reuniclus|76/100 par
|move|p1a: Reuniclus|Focus Blast|p2a: Blissey
|-supereffective|p2a: Blissey
|-damage|p2a: Blissey|47/100
|
|-end|p2a: Blissey|move: Future Sight
|-damage|p2a: Blissey|20/100
|upkeep
|turn|13
|
|t:|1743781423
|move|p2a: Blissey|Soft-Boiled|p2a: Blissey
|-heal|p2a: Blissey|70/100
|move|p1a: Reuniclus|Focus Blast|p2a: Blissey
|-supereffective|p2a: Blissey
|-damage|p2a: Blissey|30/100
|
|upkeep
|turn|14
|
|t:|1743781430
|move|p2a: Blissey|Soft-Boiled|p2a: Blissey
|-heal|p2a: Blissey|80/100
|move|p1a: Reuniclus|Future Sight|p2a: Blissey
|-start|p1a: Reuniclus|move: Future Sight
|
|upkeep
|turn|15
|
|t:|1743781439
|switch|p1a: Corviknight|Corviknight, F|88/100
|-ability|p1a: Corviknight|Pressure
|move|p2a: Blissey|Body Slam|p1a: Corviknight
|-resisted|p1a: Corviknight
|-damage|p1a: Corviknight|86/100
|-status|p1a: Corviknight|par
|-damage|p2a: Blissey|64/100|[from] item: Rocky Helmet|[of] p1a: Corviknight
|
|upkeep
|turn|16
|
|t:|1743781454
|move|p2a: Blissey|Soft-Boiled|p2a: Blissey
|-heal|p2a: Blissey|100/100
|move|p1a: Corviknight|Body Press|p2a: Blissey
|-supereffective|p2a: Blissey
|-damage|p2a: Blissey|20/100
|
|-end|p2a: Blissey|move: Future Sight
|-damage|p2a: Blissey|0 fnt
|faint|p2a: Blissey
|upkeep
|
|t:|1743781465
|switch|p2a: Great Tusk|Great Tusk|100/100
|turn|17
|
|t:|1743781469
|move|p2a: Great Tusk|Knock Off|p1a: Corviknight
|-damage|p1a: Corviknight|69/100 par
|-damage|p2a: Great Tusk|84/100|[from] item: Rocky Helmet|[of] p1a: Corviknight
|-enditem|p1a: Corviknight|Rocky Helmet|[from] move: Knock Off|[of] p2a: Great Tusk
|move|p1a: Corviknight|Brave Bird|p2a: Great Tusk
|-supereffective|p2a: Great Tusk
|-damage|p2a: Great Tusk|49/100
|-damage|p1a: Corviknight|57/100 par|[from] Recoil
|
|upkeep
|turn|18
|
|t:|1743781482
|-end|p2a: Great Tusk|Protosynthesis|[silent]
|switch|p2a: Garchomp|Garchomp, F|100/100
|cant|p1a: Corviknight|par
|
|upkeep
|turn|19
|
|t:|1743781493
|switch|p1a: Great Tusk|Great Tusk, shiny|53/100
|move|p2a: Garchomp|Stealth Rock|p1a: Great Tusk
|-sidestart|p1: jibreel69|move: Stealth Rock
|
|upkeep
|turn|20
|
|t:|1743781498
|move|p2a: Garchomp|Earthquake|p1a: Great Tusk
|-damage|p1a: Great Tusk|19/100
|move|p1a: Great Tusk|Ice Spinner|p2a: Garchomp
|-supereffective|p2a: Garchomp
|-damage|p2a: Garchomp|10/100
|-damage|p1a: Great Tusk|6/100|[from] ability: Rough Skin|[of] p2a: Garchomp
|
|upkeep
|turn|21
|
|t:|1743781509
|-end|p1a: Great Tusk|Protosynthesis|[silent]
|switch|p1a: Corviknight|Corviknight, F|57/100 par
|-damage|p1a: Corviknight|45/100 par|[from] Stealth Rock
|-ability|p1a: Corviknight|Pressure
|move|p2a: Garchomp|Spikes|p1a: Corviknight
|-sidestart|p1: jibreel69|Spikes
|
|upkeep
|turn|22
|
|t:|1743781520
|move|p2a: Garchomp|Spikes|p1a: Corviknight
|-sidestart|p1: jibreel69|Spikes
|move|p1a: Corviknight|Defog|p2a: Garchomp
|-unboost|p2a: Garchomp|evasion|1
|-sideend|p1: jibreel69|Spikes|[from] move: Defog|[of] p1a: Corviknight
|-sideend|p1: jibreel69|Stealth Rock|[from] move: Defog|[of] p1a: Corviknight
|
|upkeep
|turn|23
|
|t:|1743781526
|move|p2a: Garchomp|Stealth Rock|p1a: Corviknight
|-sidestart|p1: jibreel69|move: Stealth Rock
|move|p1a: Corviknight|Roost|p1a: Corviknight
|-heal|p1a: Corviknight|95/100 par
|-singleturn|p1a: Corviknight|move: Roost
|
|upkeep
|turn|24
|
|t:|1743781534
|move|p1a: Corviknight|Brave Bird|p2a: Garchomp
|-crit|p2a: Garchomp
|-damage|p2a: Garchomp|0 fnt
|-damage|p1a: Corviknight|82/100 par|[from] ability: Rough Skin|[of] p2a: Garchomp
|faint|p2a: Garchomp
|-damage|p1a: Corviknight|79/100 par|[from] Recoil
|
|upkeep
|
|t:|1743781539
|switch|p2a: Tornadus|Tornadus-Therian, M|100/100
|turn|25
|
|t:|1743781543
|move|p2a: Tornadus|Focus Blast|p1a: Corviknight
|-crit|p1a: Corviknight
|-damage|p1a: Corviknight|0 fnt
|faint|p1a: Corviknight
|
|upkeep
|
|t:|1743781560
|switch|p1a: Reuniclus|Reuniclus, M|100/100 par
|-damage|p1a: Reuniclus|88/100 par|[from] Stealth Rock
|turn|26
|
|t:|1743781567
|switch|p2a: Alomomola|Alomomola, M|100/100
|move|p1a: Reuniclus|Future Sight|p2a: Alomomola
|-start|p1a: Reuniclus|move: Future Sight
|
|upkeep
|turn|27
|
|t:|1743781573
|move|p2a: Alomomola|Flip Turn|p1a: Reuniclus
|-damage|p1a: Reuniclus|76/100 par
|
|t:|1743781575
|switch|p2a: Tornadus|Tornadus-Therian, M|100/100|[from] Flip Turn
|move|p1a: Reuniclus|Thunder|p2a: Tornadus
|-supereffective|p2a: Tornadus
|-damage|p2a: Tornadus|18/100
|
|upkeep
|turn|28
|
|t:|1743781589
|switch|p1a: Great Tusk|Great Tusk, shiny|6/100
|move|p2a: Tornadus|Bleakwind Storm|p1a: Great Tusk|[miss]
|-miss|p2a: Tornadus|p1a: Great Tusk
|
|-end|p2a: Tornadus|move: Future Sight
|-damage|p2a: Tornadus|0 fnt
|faint|p2a: Tornadus
|upkeep
|
|t:|1743781597
|switch|p2a: Alomomola|Alomomola, M|100/100
|turn|29
|
|t:|1743781601
|move|p1a: Great Tusk|Rapid Spin|p2a: Alomomola
|-damage|p2a: Alomomola|92/100
|-boost|p1a: Great Tusk|spe|1
|-damage|p1a: Great Tusk|0 fnt|[from] item: Rocky Helmet|[of] p2a: Alomomola
|faint|p1a: Great Tusk
|-end|p1a: Great Tusk|Protosynthesis|[silent]
|move|p2a: Alomomola|Flip Turn|p1: Great Tusk|[notarget]
|-fail|p2a: Alomomola
|
|upkeep
|
|t:|1743781614
|switch|p1a: Reuniclus|Reuniclus, M|100/100 par
|-damage|p1a: Reuniclus|88/100 par|[from] Stealth Rock
|turn|30
|
|t:|1743781618
|switch|p2a: Great Tusk|Great Tusk|49/100
|move|p1a: Reuniclus|Future Sight|p2a: Great Tusk
|-start|p1a: Reuniclus|move: Future Sight
|
|upkeep
|turn|31
|
|t:|1743781627
|switch|p1a: Zapdos|Zapdos, shiny|100/100
|move|p2a: Great Tusk|Knock Off|p1a: Zapdos
|-damage|p1a: Zapdos|73/100
|-status|p2a: Great Tusk|par|[from] ability: Static|[of] p1a: Zapdos
|-enditem|p1a: Zapdos|Heavy-Duty Boots|[from] move: Knock Off|[of] p2a: Great Tusk
|
|upkeep
|turn|32
|
|t:|1743781637
|move|p1a: Zapdos|Hurricane|p2a: Great Tusk|[miss]
|-miss|p1a: Zapdos|p2a: Great Tusk
|cant|p2a: Great Tusk|par
|
|-end|p2a: Great Tusk|move: Future Sight
|-supereffective|p2a: Great Tusk
|-damage|p2a: Great Tusk|0 fnt
|faint|p2a: Great Tusk
|-end|p2a: Great Tusk|Protosynthesis|[silent]
|upkeep
|
|t:|1743781644
|switch|p2a: Dragonite|Dragonite, F|100/100
|turn|33
|
|t:|1743781650
|move|p2a: Dragonite|Dragon Dance|p2a: Dragonite
|-boost|p2a: Dragonite|atk|1
|-boost|p2a: Dragonite|spe|1
|move|p1a: Zapdos|Hurricane|p2a: Dragonite
|-damage|p2a: Dragonite|71/100
|-start|p2a: Dragonite|confusion
|
|upkeep
|turn|34
|
|t:|1743781657
|-terastallize|p2a: Dragonite|Normal
|-activate|p2a: Dragonite|confusion
|move|p2a: Dragonite|Extreme Speed|p1a: Zapdos
|-damage|p1a: Zapdos|2/100
|-status|p2a: Dragonite|par|[from] ability: Static|[of] p1a: Zapdos
|move|p1a: Zapdos|Hurricane|p2a: Dragonite
|-damage|p2a: Dragonite|4/100 par
|
|upkeep
|turn|35
|-message|poekmonmatsre123 forfeited.
|
|win|jibreel69
|raw|jibreel69's rating: 1247 &rarr; <strong>1278</strong><br />(+31 for winning)
|raw|poekmonmatsre123's rating: 1325 &rarr; <strong>1301</strong><br />(-24 for losing)
|l|☆poekmonmatsre123
|player|p2|
