|j|☆Imdummy
|j|☆IbbOnynTF7mb9qAf
|t:|1743781223
|gametype|singles
|player|p1|Imdummy|cheryl|1102
|player|p2|IbbOnynTF7mb9qAf|266|1000
|teamsize|p1|6
|teamsize|p2|6
|gen|9
|tier|[Gen 9] OU
|rated|
|rule|HP Percentage Mod: HP is shown in percentages
|rule|Endless Battle Clause: Forcing endless battles is banned
|rule|Species Clause: Limit one of each Pokémon
|rule|OHKO Clause: OHKO moves are banned
|rule|Evasion Items Clause: Evasion items are banned
|rule|Evasion Moves Clause: Evasion moves are banned
|rule|Sleep Moves Clause: Sleep-inducing moves are banned
|clearpoke
|poke|p1|Araquanid, M|
|poke|p1|Scizor, M|
|poke|p1|Goodra, F|
|poke|p1|Gardevoir, F|
|poke|p1|Breloom, M|
|poke|p1|Ursaluna, F|
|poke|p2|Comfey, F|
|poke|p2|Whimsicott, F|
|poke|p2|Iron Moth|
|poke|p2|Walking Wake|
|poke|p2|Great Tusk|
|poke|p2|Ninetales, F|
|teampreview
|inactive|Battle timer is ON: inactive players will automatically lose when time's up. (requested by IbbOnynTF7mb9qAf)
|
|t:|1743781228
|start
|switch|p1a: Araquanid|Araquanid, M|100/100
|switch|p2a: Ninetales|Ninetales, F|100/100
|-weather|SunnyDay|[from] ability: Drought|[of] p2a: Ninetales
|turn|1
|
|t:|1743781236
|switch|p2a: Whimsicott|Whimsicott, F|100/100
|move|p1a: Araquanid|Sticky Web|p2a: Whimsicott
|-sidestart|p2: IbbOnynTF7mb9qAf|move: Sticky Web
|
|-weather|SunnyDay|[upkeep]
|upkeep
|turn|2
|
|t:|1743781246
|move|p2a: Whimsicott|Growth|p2a: Whimsicott
|-boost|p2a: Whimsicott|atk|2
|-boost|p2a: Whimsicott|spa|2
|move|p1a: Araquanid|Leech Life|p2a: Whimsicott
|-damage|p2a: Whimsicott|58/100
|
|-weather|SunnyDay|[upkeep]
|upkeep
|turn|3
|
|t:|1743781249
|move|p2a: Whimsicott|Giga Drain|p1a: Araquanid
|-damage|p1a: Araquanid|34/100
|-heal|p2a: Whimsicott|96/100|[from] drain|[of] p1a: Araquanid
|-damage|p2a: Whimsicott|86/100|[from] item: Life Orb
|move|p1a: Araquanid|Leech Life|p2a: Whimsicott
|-damage|p2a: Whimsicott|45/100
|-heal|p1a: Araquanid|52/100|[from] drain|[of] p2a: Whimsicott
|
|-weather|SunnyDay|[upkeep]
|-heal|p1a: Araquanid|58/100|[from] item: Leftovers
|upkeep
|turn|4
|
|t:|1743781259
|switch|p1a: Goodra|Goodra, F, shiny|100/100
|move|p2a: Whimsicott|Giga Drain|p1a: Goodra
|-ability|p1a: Goodra|Sap Sipper|boost
|-boost|p1a: Goodra|atk|1
|
|-weather|SunnyDay|[upkeep]
|upkeep
|turn|5
|
|t:|1743781264
|switch|p1a: Scizor|Scizor, M|100/100
|move|p2a: Whimsicott|Moonblast|p1a: Scizor
|-resisted|p1a: Scizor
|-crit|p1a: Scizor
|-damage|p1a: Scizor|9/100
|-damage|p2a: Whimsicott|36/100|[from] item: Life Orb
|
|-weather|SunnyDay|[upkeep]
|-heal|p1a: Scizor|15/100|[from] item: Leftovers
|upkeep
|turn|6
|
|t:|1743781273
|switch|p2a: Great Tusk|Great Tusk|100/100
|-activate|p2a: Great Tusk|move: Sticky Web
|-unboost|p2a: Great Tusk|spe|1
|-activate|p2a: Great Tusk|ability: Protosynthesis
|-start|p2a: Great Tusk|protosynthesisatk
|move|p1a: Scizor|Bullet Punch|p2a: Great Tusk
|-damage|p2a: Great Tusk|77/100
|-damage|p1a: Scizor|0 fnt|[from] item: Rocky Helmet|[of] p2a: Great Tusk
|faint|p1a: Scizor
|
|-weather|SunnyDay|[upkeep]
|upkeep
|
|t:|1743781288
|switch|p1a: Breloom|Breloom, M|100/100
|turn|7
|
|t:|1743781290
|move|p2a: Great Tusk|Rapid Spin|p1a: Breloom
|-damage|p1a: Breloom|84/100
|-boost|p2a: Great Tusk|spe|1
|-sideend|p2: IbbOnynTF7mb9qAf|Sticky Web|[from] move: Rapid Spin|[of] p2a: Great Tusk
|move|p1a: Breloom|Leech Seed|p2a: Great Tusk
|-start|p2a: Great Tusk|move: Leech Seed
|
|-weather|SunnyDay|[upkeep]
|-damage|p2a: Great Tusk|65/100|[from] Leech Seed|[of] p1a: Breloom
|-heal|p1a: Breloom|100/100|[silent]
|-status|p1a: Breloom|tox|[from] item: Toxic Orb
|upkeep
|turn|8
|
|t:|1743781295
|-end|p2a: Great Tusk|Protosynthesis|[silent]
|switch|p2a: Iron Moth|Iron Moth|100/100
|-enditem|p2a: Iron Moth|Booster Energy
|-activate|p2a: Iron Moth|ability: Quark Drive|[fromitem]
|-start|p2a: Iron Moth|quarkdrivespa
|move|p1a: Breloom|Toxic|p2a: Iron Moth|[miss]
|-miss|p1a: Breloom|p2a: Iron Moth
|
|-weather|none
|upkeep
|turn|9
|
|t:|1743781306
|switch|p1a: Ursaluna|Ursaluna, F|100/100
|move|p2a: Iron Moth|Fiery Dance|p1a: Ursaluna
|-crit|p1a: Ursaluna
|-damage|p1a: Ursaluna|24/100
|
|-status|p1a: Ursaluna|brn|[from] item: Flame Orb
|upkeep
|turn|10
|
|t:|1743781309
|move|p2a: Iron Moth|Fiery Dance|p1a: Ursaluna
|-damage|p1a: Ursaluna|0 fnt
|faint|p1a: Ursaluna
|
|upkeep
|
|t:|1743781314
|switch|p1a: Goodra|Goodra, F, shiny|100/100
|turn|11
|
|t:|1743781317
|move|p2a: Iron Moth|Sludge Wave|p1a: Goodra
|-damage|p1a: Goodra|66/100
|move|p1a: Goodra|Dragon Pulse|p2a: Iron Moth
|-damage|p2a: Iron Moth|60/100
|
|upkeep
|turn|12
|
|t:|1743781328
|move|p2a: Iron Moth|Sludge Wave|p1a: Goodra
|-damage|p1a: Goodra|30/100
|move|p1a: Goodra|Dragon Pulse|p2a: Iron Moth
|-damage|p2a: Iron Moth|19/100
|
|upkeep
|turn|13
|
|t:|1743781331
|move|p2a: Iron Moth|Sludge Wave|p1a: Goodra
|-damage|p1a: Goodra|0 fnt
|faint|p1a: Goodra
|
|upkeep
|
|t:|1743781336
|switch|p1a: Araquanid|Araquanid, M|58/100
|turn|14
|
|t:|1743781339
|move|p2a: Iron Moth|Sludge Wave|p1a: Araquanid
|-damage|p1a: Araquanid|4/100
|move|p1a: Araquanid|Liquidation|p2a: Iron Moth
|-supereffective|p2a: Iron Moth
|-damage|p2a: Iron Moth|0 fnt
|faint|p2a: Iron Moth
|-end|p2a: Iron Moth|Quark Drive|[silent]
|
|-heal|p1a: Araquanid|10/100|[from] item: Leftovers
|upkeep
|
|t:|1743781345
|switch|p2a: Ninetales|Ninetales, F|100/100
|-weather|SunnyDay|[from] ability: Drought|[of] p2a: Ninetales
|turn|15
|
|t:|1743781349
|switch|p2a: Great Tusk|Great Tusk|65/100
|-activate|p2a: Great Tusk|ability: Protosynthesis
|-start|p2a: Great Tusk|protosynthesisspe
|move|p1a: Araquanid|Sticky Web|p2a: Great Tusk
|-sidestart|p2: IbbOnynTF7mb9qAf|move: Sticky Web
|
|-weather|SunnyDay|[upkeep]
|-heal|p1a: Araquanid|16/100|[from] item: Leftovers
|upkeep
|turn|16
|
|t:|1743781353
|move|p2a: Great Tusk|Rapid Spin|p1a: Araquanid
|-damage|p1a: Araquanid|0 fnt
|-boost|p2a: Great Tusk|spe|1
|-sideend|p2: IbbOnynTF7mb9qAf|Sticky Web|[from] move: Rapid Spin|[of] p2a: Great Tusk
|faint|p1a: Araquanid
|
|-weather|SunnyDay|[upkeep]
|upkeep
|
|t:|1743781360
|switch|p1a: Breloom|Breloom, M|100/100 tox
|turn|17
|
|t:|1743781363
|-end|p2a: Great Tusk|Protosynthesis|[silent]
|switch|p2a: Whimsicott|Whimsicott, F|36/100
|move|p1a: Breloom|Leech Seed|p2a: Whimsicott
|-immune|p2a: Whimsicott
|
|-weather|SunnyDay|[upkeep]
|upkeep
|turn|18
|
|t:|1743781366
|move|p2a: Whimsicott|Moonblast|p1a: Breloom
|-supereffective|p1a: Breloom
|-damage|p1a: Breloom|0 fnt
|faint|p1a: Breloom
|-damage|p2a: Whimsicott|26/100|[from] item: Life Orb
|
|-weather|SunnyDay|[upkeep]
|upkeep
|
|t:|1743781369
|switch|p1a: Gardevoir|Gardevoir, F, shiny|100/100
|-ability|p1a: Gardevoir|Chlorophyll|[from] ability: Trace|[of] p2a: Whimsicott
|turn|19
|
|t:|1743781372
|move|p2a: Whimsicott|Shadow Ball|p1a: Gardevoir
|-supereffective|p1a: Gardevoir
|-damage|p1a: Gardevoir|38/100
|-damage|p2a: Whimsicott|16/100|[from] item: Life Orb
|move|p1a: Gardevoir|Calm Mind|p1a: Gardevoir
|-boost|p1a: Gardevoir|spa|1
|-boost|p1a: Gardevoir|spd|1
|
|-weather|SunnyDay|[upkeep]
|-heal|p1a: Gardevoir|44/100|[from] item: Leftovers
|upkeep
|turn|20
|
|t:|1743781384
|-terastallize|p1a: Gardevoir|Dark
|move|p2a: Whimsicott|Shadow Ball|p1a: Gardevoir
|-resisted|p1a: Gardevoir
|-damage|p1a: Gardevoir|34/100
|-damage|p2a: Whimsicott|6/100|[from] item: Life Orb
|move|p1a: Gardevoir|Calm Mind|p1a: Gardevoir
|-boost|p1a: Gardevoir|spa|1
|-boost|p1a: Gardevoir|spd|1
|
|-weather|SunnyDay|[upkeep]
|-heal|p1a: Gardevoir|41/100|[from] item: Leftovers
|upkeep
|turn|21
|
|t:|1743781393
|move|p2a: Whimsicott|Moonblast|p1a: Gardevoir
|-supereffective|p1a: Gardevoir
|-damage|p1a: Gardevoir|0 fnt
|faint|p1a: Gardevoir
|-damage|p2a: Whimsicott|0 fnt|[from] item: Life Orb
|faint|p2a: Whimsicott
|
|win|IbbOnynTF7mb9qAf
|raw|Imdummy's rating: 1102 &rarr; <strong>1070</strong><br />(-32 for losing)
|raw|IbbOnynTF7mb9qAf's rating: 1000 &rarr; <strong>1051</strong><br />(+51 for winning)
