|j|☆m0chaman_829
|j|☆Flinchouille
|t:|1743874831
|gametype|singles
|player|p1|m0chaman_829|noland-gen3|1362
|player|p2|Flinchouille|hugh|1379
|teamsize|p1|6
|teamsize|p2|6
|gen|9
|tier|[Gen 9] OU
|rated|
|rule|HP Percentage Mod: HP is shown in percentages
|rule|Endless Battle Clause: Forcing endless battles is banned
|rule|Species Clause: Limit one of each Pokémon
|rule|OHKO Clause: OHKO moves are banned
|rule|Evasion Items Clause: Evasion items are banned
|rule|Evasion Moves Clause: Evasion moves are banned
|rule|Sleep Moves Clause: Sleep-inducing moves are banned
|clearpoke
|poke|p1|Glimmora, M|
|poke|p1|Iron Valiant|
|poke|p1|Kingambit, M|
|poke|p1|Iron Boulder|
|poke|p1|Iron Moth|
|poke|p1|Moltres-Galar|
|poke|p2|Goodra-Hisui, F|
|poke|p2|Alomomola, F|
|poke|p2|Sinistcha|
|poke|p2|Ting-Lu|
|poke|p2|Zamazenta-*|
|poke|p2|Scizor, F|
|teampreview
|inactive|Battle timer is ON: inactive players will automatically lose when time's up. (requested by m0chaman_829)
|
|t:|1743874840
|start
|switch|p1a: Glimmora|Glimmora, M|100/100
|switch|p2a: Goodra|Goodra-Hisui, F, shiny|100/100
|turn|1
|
|t:|1743874845
|move|p1a: Glimmora|Stealth Rock|p2a: Goodra
|-sidestart|p2: Flinchouille|move: Stealth Rock
|move|p2a: Goodra|Dragon Tail|p1a: Glimmora
|-damage|p1a: Glimmora|77/100
|-activate|p1a: Glimmora|ability: Toxic Debris
|-sidestart|p2: Flinchouille|move: Toxic Spikes
|drag|p1a: Moltres|Moltres-Galar|100/100
|
|upkeep
|turn|2
|
|t:|1743874857
|switch|p1a: Glimmora|Glimmora, M|77/100
|move|p2a: Goodra|Ice Beam|p1a: Glimmora
|-damage|p1a: Glimmora|47/100
|
|upkeep
|turn|3
|
|t:|1743874863
|move|p1a: Glimmora|Earth Power|p2a: Goodra
|-supereffective|p2a: Goodra
|-damage|p2a: Goodra|68/100
|move|p2a: Goodra|Dragon Tail|p1a: Glimmora
|-damage|p1a: Glimmora|21/100
|-activate|p1a: Glimmora|ability: Toxic Debris
|-sidestart|p2: Flinchouille|move: Toxic Spikes
|drag|p1a: Iron Boulder|Iron Boulder|100/100
|-enditem|p1a: Iron Boulder|Booster Energy
|-activate|p1a: Iron Boulder|ability: Quark Drive|[fromitem]
|-start|p1a: Iron Boulder|quarkdrivespe
|
|upkeep
|turn|4
|
|t:|1743874876
|-terastallize|p2a: Goodra|Ghost
|move|p1a: Iron Boulder|Close Combat|p2a: Goodra
|-immune|p2a: Goodra
|move|p2a: Goodra|Knock Off|p1a: Iron Boulder
|-supereffective|p1a: Iron Boulder
|-crit|p1a: Iron Boulder
|-damage|p1a: Iron Boulder|42/100
|
|upkeep
|turn|5
|
|t:|1743874887
|move|p1a: Iron Boulder|Mighty Cleave|p2a: Goodra
|-damage|p2a: Goodra|22/100
|-ability|p2a: Goodra|Gooey
|-unboost|p1a: Iron Boulder|spe|1
|move|p2a: Goodra|Dragon Tail|p1a: Iron Boulder
|-damage|p1a: Iron Boulder|18/100
|-end|p1a: Iron Boulder|Quark Drive|[silent]
|drag|p1a: Glimmora|Glimmora, M|21/100
|
|upkeep
|turn|6
|
|t:|1743874903
|move|p1a: Glimmora|Power Gem|p2a: Goodra
|-damage|p2a: Goodra|2/100
|move|p2a: Goodra|Ice Beam|p1a: Glimmora
|-damage|p1a: Glimmora|0 fnt
|faint|p1a: Glimmora
|
|upkeep
|
|t:|1743874915
|switch|p1a: Iron Moth|Iron Moth|100/100
|-enditem|p1a: Iron Moth|Booster Energy
|-activate|p1a: Iron Moth|ability: Quark Drive|[fromitem]
|-start|p1a: Iron Moth|quarkdrivespe
|turn|7
|
|t:|1743874929
|switch|p2a: Ting-Lu|Ting-Lu|100/100
|-ability|p2a: Ting-Lu|Vessel of Ruin
|move|p1a: Iron Moth|Substitute|p1a: Iron Moth
|-start|p1a: Iron Moth|Substitute
|-damage|p1a: Iron Moth|76/100
|
|upkeep
|turn|8
|
|t:|1743874937
|move|p1a: Iron Moth|Fiery Dance|p2a: Ting-Lu
|-damage|p2a: Ting-Lu|82/100
|move|p2a: Ting-Lu|Earthquake|p1a: Iron Moth
|-supereffective|p1a: Iron Moth
|-end|p1a: Iron Moth|Substitute
|
|upkeep
|turn|9
|
|t:|1743874948
|move|p1a: Iron Moth|Fiery Dance|p2a: Ting-Lu
|-damage|p2a: Ting-Lu|65/100
|move|p2a: Ting-Lu|Stealth Rock|p1a: Iron Moth
|-sidestart|p1: m0chaman_829|move: Stealth Rock
|
|upkeep
|turn|10
|
|t:|1743874953
|move|p1a: Iron Moth|Fiery Dance|p2a: Ting-Lu
|-damage|p2a: Ting-Lu|48/100
|move|p2a: Ting-Lu|Earthquake|p1a: Iron Moth
|-supereffective|p1a: Iron Moth
|-damage|p1a: Iron Moth|0 fnt
|faint|p1a: Iron Moth
|-end|p1a: Iron Moth|Quark Drive|[silent]
|
|upkeep
|
|t:|1743874960
|switch|p1a: Iron Boulder|Iron Boulder|18/100
|-damage|p1a: Iron Boulder|5/100|[from] Stealth Rock
|turn|11
|
|t:|1743874966
|switch|p2a: Goodra|Goodra-Hisui, F, shiny, tera:Ghost|2/100
|move|p1a: Iron Boulder|Close Combat|p2a: Goodra
|-immune|p2a: Goodra
|
|upkeep
|turn|12
|
|t:|1743874974
|move|p1a: Iron Boulder|Mighty Cleave|p2a: Goodra
|-damage|p2a: Goodra|0 fnt
|-ability|p2a: Goodra|Gooey
|-unboost|p1a: Iron Boulder|spe|1
|faint|p2a: Goodra
|
|upkeep
|inactive|Flinchouille has 120 seconds left.
|
|t:|1743875030
|switch|p2a: Scizor|Scizor, F|100/100
|-damage|p2a: Scizor|88/100|[from] Stealth Rock
|turn|13
|
|t:|1743875036
|move|p1a: Iron Boulder|Mighty Cleave|p2a: Scizor
|-damage|p2a: Scizor|38/100
|move|p2a: Scizor|U-turn|p1a: Iron Boulder
|-supereffective|p1a: Iron Boulder
|-damage|p1a: Iron Boulder|0 fnt
|faint|p1a: Iron Boulder
|-end|p1a: Iron Boulder|Quark Drive|[silent]
|inactive|Flinchouille has 90 seconds left.
|
|t:|1743875066
|switch|p2a: Ting-Lu|Ting-Lu|48/100|[from] U-turn
|-ability|p2a: Ting-Lu|Vessel of Ruin
|
|upkeep
|
|t:|1743875073
|switch|p1a: Iron Valiant|Iron Valiant|100/100
|-damage|p1a: Iron Valiant|94/100|[from] Stealth Rock
|-enditem|p1a: Iron Valiant|Booster Energy
|-activate|p1a: Iron Valiant|ability: Quark Drive|[fromitem]
|-start|p1a: Iron Valiant|quarkdrivespe
|turn|14
|
|t:|1743875084
|move|p1a: Iron Valiant|Close Combat|p2a: Ting-Lu
|-supereffective|p2a: Ting-Lu
|-damage|p2a: Ting-Lu|0 fnt
|-unboost|p1a: Iron Valiant|def|1
|-unboost|p1a: Iron Valiant|spd|1
|faint|p2a: Ting-Lu
|
|upkeep
|
|t:|1743875099
|switch|p2a: Scizor|Scizor, F|38/100
|-damage|p2a: Scizor|25/100|[from] Stealth Rock
|turn|15
|
|t:|1743875106
|-terastallize|p1a: Iron Valiant|Steel
|move|p1a: Iron Valiant|Knock Off|p2a: Scizor
|-damage|p2a: Scizor|0 fnt
|-enditem|p2a: Scizor|Choice Band|[from] move: Knock Off|[of] p1a: Iron Valiant
|faint|p2a: Scizor
|
|upkeep
|
|t:|1743875122
|switch|p2a: Zamazenta|Zamazenta|100/100
|-damage|p2a: Zamazenta|94/100|[from] Stealth Rock
|-status|p2a: Zamazenta|tox
|-ability|p2a: Zamazenta|Dauntless Shield|boost
|-boost|p2a: Zamazenta|def|1
|turn|16
|
|t:|1743875130
|move|p1a: Iron Valiant|Moonblast|p2a: Zamazenta
|-supereffective|p2a: Zamazenta
|-damage|p2a: Zamazenta|14/100 tox
|-unboost|p2a: Zamazenta|spa|1
|move|p2a: Zamazenta|Body Press|p1a: Iron Valiant
|-supereffective|p1a: Iron Valiant
|-damage|p1a: Iron Valiant|0 fnt
|faint|p1a: Iron Valiant
|-end|p1a: Iron Valiant|Quark Drive|[silent]
|
|-damage|p2a: Zamazenta|7/100 tox|[from] psn
|upkeep
|
|t:|1743875136
|switch|p1a: Moltres|Moltres-Galar|100/100
|-damage|p1a: Moltres|76/100|[from] Stealth Rock
|turn|17
|
|t:|1743875141
|move|p2a: Zamazenta|Body Press|p1a: Moltres
|-damage|p1a: Moltres|7/100
|-ability|p1a: Moltres|Berserk|boost
|-boost|p1a: Moltres|spa|1
|-enditem|p1a: Moltres|Sitrus Berry|[eat]
|-heal|p1a: Moltres|32/100|[from] item: Sitrus Berry
|move|p1a: Moltres|Nasty Plot|p1a: Moltres
|-boost|p1a: Moltres|spa|2
|
|-damage|p2a: Zamazenta|0 fnt|[from] psn
|faint|p2a: Zamazenta
|upkeep
|
|t:|1743875150
|switch|p2a: Alomomola|Alomomola, F|100/100
|turn|18
|
|t:|1743875155
|move|p1a: Moltres|Fiery Wrath|p2a: Alomomola
|-damage|p2a: Alomomola|0 fnt
|faint|p2a: Alomomola
|
|upkeep
|
|t:|1743875159
|switch|p2a: Sinistcha|Sinistcha|100/100
|turn|19
|
|t:|1743875165
|move|p1a: Moltres|Fiery Wrath|p2a: Sinistcha
|-supereffective|p2a: Sinistcha
|-damage|p2a: Sinistcha|0 fnt
|faint|p2a: Sinistcha
|
|win|m0chaman_829
|raw|m0chaman_829's rating: 1362 &rarr; <strong>1383</strong><br />(+21 for winning)
|raw|Flinchouille's rating: 1379 &rarr; <strong>1358</strong><br />(-21 for losing)
|l|☆Flinchouille
|player|p2|
|c|☆m0chaman_829|gg
|l|☆m0chaman_829
|player|p1|
