|j|☆Sindicate XI
|j|☆Liiiy
|t:|1743811361
|gametype|singles
|player|p1|Sindicate XI|101|1406
|player|p2|Liiiy|101|1435
|teamsize|p1|6
|teamsize|p2|6
|gen|9
|tier|[Gen 9] OU
|rated|
|rule|HP Percentage Mod: HP is shown in percentages
|rule|Endless Battle Clause: Forcing endless battles is banned
|rule|Species Clause: Limit one of each Pokémon
|rule|OHKO Clause: OHKO moves are banned
|rule|Evasion Items Clause: Evasion items are banned
|rule|Evasion Moves Clause: Evasion moves are banned
|rule|Sleep Moves Clause: Sleep-inducing moves are banned
|clearpoke
|poke|p1|Glimmora, M|
|poke|p1|Zamazenta-*|
|poke|p1|Thundurus, M|
|poke|p1|Dragapult, M|
|poke|p1|Slowking-Galar, F|
|poke|p1|Primarina, M|
|poke|p2|Exeggutor-Alola, F|
|poke|p2|Clefable, M|
|poke|p2|Great Tusk|
|poke|p2|Scizor, M|
|poke|p2|Moltres|
|poke|p2|Ogerpon-Cornerstone, F|
|teampreview
|inactive|Battle timer is ON: inactive players will automatically lose when time's up. (requested by Sindicate XI)
|
|t:|1743811389
|start
|switch|p1a: Thundurus|Thundurus, M|100/100
|switch|p2a: Scizor|Scizor, M|100/100
|turn|1
|
|t:|1743811394
|move|p1a: Thundurus|Thunderbolt|p2a: Scizor
|-damage|p2a: Scizor|33/100
|move|p2a: Scizor|Knock Off|p1a: Thundurus
|-damage|p1a: Thundurus|15/100
|-enditem|p1a: Thundurus|Focus Sash|[from] move: Knock Off|[of] p2a: Scizor
|
|upkeep
|turn|2
|
|t:|1743811421
|switch|p2a: Clefable|Clefable, M|100/100
|move|p1a: Thundurus|Nasty Plot|p1a: Thundurus
|-boost|p1a: Thundurus|spa|2
|
|upkeep
|turn|3
|
|t:|1743811431
|switch|p2a: Raging Tree|Exeggutor-Alola, F|100/100
|move|p1a: Thundurus|Thunderbolt|p2a: Raging Tree
|-resisted|p2a: Raging Tree
|-damage|p2a: Raging Tree|73/100
|
|upkeep
|turn|4
|
|t:|1743811445
|move|p1a: Thundurus|Thunder Wave|p2a: Raging Tree
|-status|p2a: Raging Tree|par
|move|p2a: Raging Tree|Flamethrower|p1a: Thundurus
|-damage|p1a: Thundurus|0 fnt
|faint|p1a: Thundurus
|
|upkeep
|
|t:|1743811451
|switch|p1a: Dragapult|Dragapult, M|100/100
|turn|5
|
|t:|1743811458
|cant|p2a: Raging Tree|par
|move|p1a: Dragapult|U-turn|p2a: Raging Tree
|-supereffective|p2a: Raging Tree
|-damage|p2a: Raging Tree|7/100 par
|
|t:|1743811470
|switch|p1a: Glimmora|Glimmora, M|100/100|[from] U-turn
|
|upkeep
|turn|6
|
|t:|1743811478
|switch|p2a: Great Tusk|Great Tusk|100/100
|move|p1a: Glimmora|Stealth Rock|p2a: Great Tusk
|-sidestart|p2: Liiiy|move: Stealth Rock
|
|upkeep
|turn|7
|
|t:|1743811488
|switch|p1a: Dragapult|Dragapult, M|100/100
|move|p2a: Great Tusk|Earthquake|p1a: Dragapult
|-damage|p1a: Dragapult|35/100
|
|upkeep
|turn|8
|
|t:|1743811495
|-end|p2a: Great Tusk|Protosynthesis|[silent]
|switch|p2a: Clefable|Clefable, M|100/100
|move|p1a: Dragapult|Dragon Darts|p2a: Clefable
|-immune|p2a: Clefable
|
|upkeep
|turn|9
|
|t:|1743811505
|switch|p1a: Glimmora|Glimmora, M|100/100
|move|p2a: Clefable|Stealth Rock|p1a: Glimmora
|-sidestart|p1: Sindicate XI|move: Stealth Rock
|
|upkeep
|turn|10
|
|t:|1743811512
|switch|p2a: Scizor|Scizor, M|33/100
|-damage|p2a: Scizor|21/100|[from] Stealth Rock
|move|p1a: Glimmora|Spikes|p2a: Scizor
|-sidestart|p2: Liiiy|Spikes
|
|upkeep
|turn|11
|
|t:|1743811532
|-terastallize|p1a: Glimmora|Ground
|move|p2a: Scizor|Bullet Punch|p1a: Glimmora
|-damage|p1a: Glimmora|49/100
|-activate|p1a: Glimmora|ability: Toxic Debris
|-sidestart|p2: Liiiy|move: Toxic Spikes
|-enditem|p1a: Glimmora|Red Card|[of] p2a: Scizor
|drag|p2a: Raging Tree|Exeggutor-Alola, F|7/100 par
|-damage|p2a: Raging Tree|0 fnt|[from] Stealth Rock
|faint|p2a: Raging Tree
|move|p1a: Glimmora|Mortal Spin|p2: Raging Tree|[notarget]
|-fail|p1a: Glimmora
|
|upkeep
|inactive|Liiiy has 120 seconds left.
|
|t:|1743811562
|switch|p2a: Great Tusk|Great Tusk|100/100
|-damage|p2a: Great Tusk|97/100|[from] Stealth Rock
|-damage|p2a: Great Tusk|85/100|[from] Spikes
|-status|p2a: Great Tusk|psn
|turn|12
|inactive|Liiiy has 120 seconds left.
|
|t:|1743811587
|switch|p1a: Dragapult|Dragapult, M|35/100
|-damage|p1a: Dragapult|23/100|[from] Stealth Rock
|move|p2a: Great Tusk|Earthquake|p1a: Dragapult
|-damage|p1a: Dragapult|0 fnt
|faint|p1a: Dragapult
|
|-damage|p2a: Great Tusk|73/100 psn|[from] psn
|upkeep
|
|t:|1743811592
|switch|p1a: Zamazenta|Zamazenta|100/100
|-ability|p1a: Zamazenta|Dauntless Shield|boost
|-boost|p1a: Zamazenta|def|1
|turn|13
|
|t:|1743811601
|move|p1a: Zamazenta|Ice Fang|p2a: Great Tusk
|-supereffective|p2a: Great Tusk
|-damage|p2a: Great Tusk|42/100 psn
|-damage|p1a: Zamazenta|84/100|[from] item: Rocky Helmet|[of] p2a: Great Tusk
|move|p2a: Great Tusk|Rapid Spin|p1a: Zamazenta
|-damage|p1a: Zamazenta|75/100
|-boost|p2a: Great Tusk|spe|1
|-sideend|p2: Liiiy|Spikes|[from] move: Rapid Spin|[of] p2a: Great Tusk
|-sideend|p2: Liiiy|Toxic Spikes|[from] move: Rapid Spin|[of] p2a: Great Tusk
|-sideend|p2: Liiiy|Stealth Rock|[from] move: Rapid Spin|[of] p2a: Great Tusk
|
|-damage|p2a: Great Tusk|30/100 psn|[from] psn
|upkeep
|turn|14
|
|t:|1743811610
|-end|p2a: Great Tusk|Protosynthesis|[silent]
|switch|p2a: Moltres|Moltres|100/100
|move|p1a: Zamazenta|Close Combat|p2a: Moltres
|-resisted|p2a: Moltres
|-damage|p2a: Moltres|67/100
|-unboost|p1a: Zamazenta|def|1
|-unboost|p1a: Zamazenta|spd|1
|
|upkeep
|turn|15
|
|t:|1743811618
|move|p1a: Zamazenta|Stone Edge|p2a: Moltres
|-supereffective|p2a: Moltres
|-crit|p2a: Moltres
|-damage|p2a: Moltres|0 fnt
|faint|p2a: Moltres
|
|upkeep
|
|t:|1743811627
|switch|p2a: Clefable|Clefable, M|100/100
|turn|16
|
|t:|1743811631
|switch|p1a: Glimmora|Glimmora, M, tera:Ground|49/100
|-damage|p1a: Glimmora|43/100|[from] Stealth Rock
|move|p2a: Clefable|Thunder Wave|p1a: Glimmora
|-immune|p1a: Glimmora
|
|upkeep
|turn|17
|
|t:|1743811641
|move|p1a: Glimmora|Earth Power|p2a: Clefable
|-damage|p2a: Clefable|75/100
|move|p2a: Clefable|Moonblast|p1a: Glimmora
|-damage|p1a: Glimmora|11/100
|-unboost|p1a: Glimmora|spa|1
|
|-heal|p2a: Clefable|81/100|[from] item: Leftovers
|upkeep
|turn|18
|
|t:|1743811651
|switch|p2a: Great Tusk|Great Tusk|30/100 psn
|move|p1a: Glimmora|Stealth Rock|p2a: Great Tusk
|-sidestart|p2: Liiiy|move: Stealth Rock
|
|-damage|p2a: Great Tusk|18/100 psn|[from] psn
|upkeep
|turn|19
|
|t:|1743811661
|move|p2a: Great Tusk|Rapid Spin|p1a: Glimmora
|-damage|p1a: Glimmora|0 fnt
|-boost|p2a: Great Tusk|spe|1
|-activate|p1a: Glimmora|ability: Toxic Debris
|-sidestart|p2: Liiiy|move: Toxic Spikes
|-sideend|p2: Liiiy|Toxic Spikes|[from] move: Rapid Spin|[of] p2a: Great Tusk
|-sideend|p2: Liiiy|Stealth Rock|[from] move: Rapid Spin|[of] p2a: Great Tusk
|faint|p1a: Glimmora
|
|-damage|p2a: Great Tusk|5/100 psn|[from] psn
|upkeep
|
|t:|1743811665
|switch|p1a: Primarina|Primarina, M|100/100
|-damage|p1a: Primarina|88/100|[from] Stealth Rock
|turn|20
|
|t:|1743811670
|move|p2a: Great Tusk|Earthquake|p1a: Primarina
|-damage|p1a: Primarina|37/100
|move|p1a: Primarina|Surf|p2a: Great Tusk
|-supereffective|p2a: Great Tusk
|-damage|p2a: Great Tusk|0 fnt
|faint|p2a: Great Tusk
|-end|p2a: Great Tusk|Protosynthesis|[silent]
|
|upkeep
|
|t:|1743811679
|switch|p2a: Ogerpon|Ogerpon-Cornerstone, F|100/100
|turn|21
|
|t:|1743811683
|switch|p1a: Slowking|Slowking-Galar, F|100/100
|move|p2a: Ogerpon|Trailblaze|p1a: Slowking
|-resisted|p1a: Slowking
|-damage|p1a: Slowking|90/100
|-boost|p2a: Ogerpon|spe|1
|
|upkeep
|turn|22
|
|t:|1743811689
|move|p2a: Ogerpon|Swords Dance|p2a: Ogerpon
|-boost|p2a: Ogerpon|atk|2
|move|p1a: Slowking|Sludge Bomb|p2a: Ogerpon
|-damage|p2a: Ogerpon|62/100
|
|upkeep
|turn|23
|
|t:|1743811711
|move|p2a: Ogerpon|Ivy Cudgel|p1a: Slowking|[anim] Ivy Cudgel Rock
|-damage|p1a: Slowking|0 fnt
|faint|p1a: Slowking
|
|upkeep
|
|t:|1743811714
|switch|p1a: Primarina|Primarina, M|37/100
|-damage|p1a: Primarina|25/100|[from] Stealth Rock
|turn|24
|-enditem|p1a: Primarina|Custap Berry|[eat]
|-activate|p1a: Primarina|item: Custap Berry|[consumed]
|
|t:|1743811728
|move|p1a: Primarina|Surf|p2a: Ogerpon
|-damage|p2a: Ogerpon|0 fnt
|faint|p2a: Ogerpon
|
|upkeep
|
|t:|1743811744
|switch|p2a: Clefable|Clefable, M|81/100
|turn|25
|
|t:|1743811752
|move|p2a: Clefable|Moonblast|p1a: Primarina
|-damage|p1a: Primarina|0 fnt
|faint|p1a: Primarina
|
|-heal|p2a: Clefable|88/100|[from] item: Leftovers
|upkeep
|-message|Sindicate XI forfeited.
|
|win|Liiiy
|raw|Sindicate XI's rating: 1406 &rarr; <strong>1388</strong><br />(-18 for losing)
|raw|Liiiy's rating: 1435 &rarr; <strong>1453</strong><br />(+18 for winning)
|l|☆Sindicate XI
|player|p1|
|l|☆Liiiy
|player|p2|
