|j|☆The great gazoo
|j|☆ZoitiG
|t:|1743800951
|gametype|singles
|player|p1|The great gazoo|101|1419
|player|p2|ZoitiG|shadowtriad|1470
|teamsize|p1|6
|teamsize|p2|6
|gen|9
|tier|[Gen 9] OU
|rated|
|rule|HP Percentage Mod: HP is shown in percentages
|rule|Endless Battle Clause: Forcing endless battles is banned
|rule|Species Clause: Limit one of each Pokémon
|rule|OHKO Clause: OHKO moves are banned
|rule|Evasion Items Clause: Evasion items are banned
|rule|Evasion Moves Clause: Evasion moves are banned
|rule|Sleep Moves Clause: Sleep-inducing moves are banned
|clearpoke
|poke|p1|Mamoswine, M|
|poke|p1|Metagross|
|poke|p1|Breloom, F|
|poke|p1|Quaquaval, M|
|poke|p1|Scizor, F|
|poke|p1|Comfey, F|
|poke|p2|Alomomola, F|
|poke|p2|Blissey, F|
|poke|p2|Quagsire, M|
|poke|p2|Toxapex, M|
|poke|p2|Cresselia, F|
|poke|p2|Garchomp, F|
|teampreview
|inactive|Battle timer is ON: inactive players will automatically lose when time's up. (requested by ZoitiG)
|
|t:|1743800974
|start
|switch|p1a: Breloom|Breloom, F|100/100
|switch|p2a: Toxapex|Toxapex, M, shiny|100/100
|turn|1
|
|t:|1743800983
|switch|p1a: Metagross|Metagross|100/100
|move|p2a: Toxapex|Baneful Bunker||[still]
|-fail|p2a: Toxapex
|
|upkeep
|turn|2
|
|t:|1743800993
|move|p1a: Metagross|Psychic Fangs|p2a: Toxapex
|-supereffective|p2a: Toxapex
|-damage|p2a: Toxapex|39/100
|move|p2a: Toxapex|Toxic Spikes|p1a: Metagross
|-sidestart|p1: The great gazoo|move: Toxic Spikes
|
|upkeep
|turn|3
|
|t:|1743801008
|switch|p2a: Garchomp|Garchomp, F|100/100
|move|p1a: Metagross|Psychic Fangs|p2a: Garchomp
|-damage|p2a: Garchomp|70/100
|-damage|p1a: Metagross|88/100|[from] ability: Rough Skin|[of] p2a: Garchomp
|
|-heal|p2a: Garchomp|76/100|[from] item: Leftovers
|upkeep
|turn|4
|
|t:|1743801018
|move|p2a: Garchomp|Iron Head|p1a: Metagross
|-resisted|p1a: Metagross
|-damage|p1a: Metagross|77/100
|move|p1a: Metagross|Heavy Slam|p2a: Garchomp
|-damage|p2a: Garchomp|34/100
|-damage|p1a: Metagross|65/100|[from] ability: Rough Skin|[of] p2a: Garchomp
|
|-heal|p2a: Garchomp|40/100|[from] item: Leftovers
|upkeep
|turn|5
|
|t:|1743801029
|switch|p2a: Alomomola|Alomomola, F|100/100
|move|p1a: Metagross|Agility|p1a: Metagross
|-boost|p1a: Metagross|spe|2
|
|upkeep
|turn|6
|
|t:|1743801036
|move|p1a: Metagross|Psychic Fangs|p2a: Alomomola
|-damage|p2a: Alomomola|73/100
|move|p2a: Alomomola|Wish|p2a: Alomomola
|
|upkeep
|turn|7
|
|t:|1743801042
|move|p1a: Metagross|Psychic Fangs|p2a: Alomomola
|-damage|p2a: Alomomola|48/100
|move|p2a: Alomomola|Flip Turn|p1a: Metagross
|-damage|p1a: Metagross|50/100
|
|t:|1743801048
|switch|p2a: Garchomp|Garchomp, F|40/100|[from] Flip Turn
|
|-heal|p2a: Garchomp|100/100|[from] move: Wish|[wisher] Alomomola
|upkeep
|turn|8
|
|t:|1743801056
|move|p1a: Metagross|Heavy Slam|p2a: Garchomp
|-damage|p2a: Garchomp|58/100
|-damage|p1a: Metagross|38/100|[from] ability: Rough Skin|[of] p2a: Garchomp
|move|p2a: Garchomp|Swords Dance|p2a: Garchomp
|-boost|p2a: Garchomp|atk|2
|
|-heal|p2a: Garchomp|64/100|[from] item: Leftovers
|upkeep
|turn|9
|
|t:|1743801067
|move|p1a: Metagross|Heavy Slam|p2a: Garchomp
|-damage|p2a: Garchomp|25/100
|-damage|p1a: Metagross|25/100|[from] ability: Rough Skin|[of] p2a: Garchomp
|move|p2a: Garchomp|Swords Dance|p2a: Garchomp
|-boost|p2a: Garchomp|atk|2
|
|-heal|p2a: Garchomp|31/100|[from] item: Leftovers
|upkeep
|turn|10
|
|t:|1743801079
|switch|p2a: Alomomola|Alomomola, F|81/100
|move|p1a: Metagross|Heavy Slam|p2a: Alomomola
|-resisted|p2a: Alomomola
|-damage|p2a: Alomomola|62/100
|
|upkeep
|turn|11
|
|t:|1743801086
|move|p1a: Metagross|Psychic Fangs|p2a: Alomomola
|-damage|p2a: Alomomola|36/100
|move|p2a: Alomomola|Wish|p2a: Alomomola
|
|upkeep
|turn|12
|
|t:|1743801094
|move|p2a: Alomomola|Protect|p2a: Alomomola
|-singleturn|p2a: Alomomola|Protect
|move|p1a: Metagross|Psychic Fangs|p2a: Alomomola
|-activate|p2a: Alomomola|move: Protect
|
|-heal|p2a: Alomomola|86/100|[from] move: Wish|[wisher] Alomomola
|upkeep
|turn|13
|
|t:|1743801102
|move|p1a: Metagross|Psychic Fangs|p2a: Alomomola
|-damage|p2a: Alomomola|62/100
|move|p2a: Alomomola|Wish|p2a: Alomomola
|
|upkeep
|turn|14
|
|t:|1743801108
|move|p1a: Metagross|Heavy Slam|p2a: Alomomola
|-resisted|p2a: Alomomola
|-damage|p2a: Alomomola|42/100
|move|p2a: Alomomola|Flip Turn|p1a: Metagross
|-damage|p1a: Metagross|10/100
|
|t:|1743801115
|switch|p2a: Garchomp|Garchomp, F|31/100|[from] Flip Turn
|
|-heal|p2a: Garchomp|95/100|[from] move: Wish|[wisher] Alomomola
|-heal|p2a: Garchomp|100/100|[from] item: Leftovers
|upkeep
|turn|15
|
|t:|1743801126
|move|p1a: Metagross|Earthquake|p2a: Garchomp
|-damage|p2a: Garchomp|78/100
|move|p2a: Garchomp|Swords Dance|p2a: Garchomp
|-boost|p2a: Garchomp|atk|2
|
|-heal|p2a: Garchomp|84/100|[from] item: Leftovers
|upkeep
|turn|16
|
|t:|1743801134
|move|p1a: Metagross|Heavy Slam|p2a: Garchomp
|-damage|p2a: Garchomp|45/100
|-damage|p1a: Metagross|0 fnt|[from] ability: Rough Skin|[of] p2a: Garchomp
|faint|p1a: Metagross
|move|p2a: Garchomp|Iron Head|p1: Metagross|[notarget]
|-fail|p2a: Garchomp
|
|-heal|p2a: Garchomp|51/100|[from] item: Leftovers
|upkeep
|
|t:|1743801146
|switch|p1a: Mamoswine|Mamoswine, M|100/100
|-status|p1a: Mamoswine|psn
|turn|17
|
|t:|1743801151
|-terastallize|p2a: Garchomp|Steel
|move|p1a: Mamoswine|Earthquake|p2a: Garchomp
|-supereffective|p2a: Garchomp
|-damage|p2a: Garchomp|0 fnt
|faint|p2a: Garchomp
|
|-damage|p1a: Mamoswine|88/100 psn|[from] psn
|upkeep
|
|t:|1743801161
|switch|p2a: Cresselia|Cresselia, F|100/100
|turn|18
|
|t:|1743801165
|move|p1a: Mamoswine|Stealth Rock|p2a: Cresselia
|-sidestart|p2: ZoitiG|move: Stealth Rock
|move|p2a: Cresselia|Reflect|p2a: Cresselia
|-sidestart|p2: ZoitiG|Reflect
|
|-damage|p1a: Mamoswine|76/100 psn|[from] psn
|upkeep
|turn|19
|
|t:|1743801176
|move|p1a: Mamoswine|Earthquake|p2a: Cresselia
|-immune|p2a: Cresselia|[from] ability: Levitate
|move|p2a: Cresselia|Calm Mind|p2a: Cresselia
|-boost|p2a: Cresselia|spa|1
|-boost|p2a: Cresselia|spd|1
|
|-damage|p1a: Mamoswine|63/100 psn|[from] psn
|upkeep
|turn|20
|
|t:|1743801185
|move|p1a: Mamoswine|Endeavor|p2a: Cresselia
|-damage|p2a: Cresselia|51/100
|move|p2a: Cresselia|Calm Mind|p2a: Cresselia
|-boost|p2a: Cresselia|spa|1
|-boost|p2a: Cresselia|spd|1
|
|-heal|p2a: Cresselia|57/100|[from] item: Leftovers
|-damage|p1a: Mamoswine|51/100 psn|[from] psn
|upkeep
|turn|21
|
|t:|1743801195
|move|p1a: Mamoswine|Ice Shard|p2a: Cresselia
|-damage|p2a: Cresselia|52/100
|move|p2a: Cresselia|Stored Power|p1a: Mamoswine
|-damage|p1a: Mamoswine|0 fnt
|faint|p1a: Mamoswine
|
|-heal|p2a: Cresselia|58/100|[from] item: Leftovers
|upkeep
|
|t:|1743801204
|switch|p1a: Scizor|Scizor, F|100/100
|turn|22
|
|t:|1743801213
|move|p2a: Cresselia|Stored Power|p1a: Scizor
|-resisted|p1a: Scizor
|-damage|p1a: Scizor|69/100
|move|p1a: Scizor|Swords Dance|p1a: Scizor
|-boost|p1a: Scizor|atk|2
|
|-heal|p2a: Cresselia|64/100|[from] item: Leftovers
|-sideend|p2: ZoitiG|Reflect
|upkeep
|turn|23
|
|t:|1743801222
|switch|p2a: Quagsire|Quagsire, M|100/100
|-damage|p2a: Quagsire|94/100|[from] Stealth Rock
|move|p1a: Scizor|Knock Off|p2a: Quagsire
|-damage|p2a: Quagsire|68/100
|-enditem|p2a: Quagsire|Leftovers|[from] move: Knock Off|[of] p1a: Scizor
|
|upkeep
|turn|24
|
|t:|1743801231
|move|p1a: Scizor|Dual Wingbeat|p2a: Quagsire
|-damage|p2a: Quagsire|52/100
|-damage|p2a: Quagsire|35/100
|-hitcount|p2a: Quagsire|2
|move|p2a: Quagsire|Recover|p2a: Quagsire
|-heal|p2a: Quagsire|85/100
|
|upkeep
|turn|25
|
|t:|1743801238
|move|p1a: Scizor|Dual Wingbeat|p2a: Quagsire
|-damage|p2a: Quagsire|70/100
|-damage|p2a: Quagsire|55/100
|-hitcount|p2a: Quagsire|2
|move|p2a: Quagsire|Earthquake|p1a: Scizor
|-damage|p1a: Scizor|40/100
|
|upkeep
|turn|26
|
|t:|1743801247
|move|p1a: Scizor|Dual Wingbeat|p2a: Quagsire
|-damage|p2a: Quagsire|40/100
|-damage|p2a: Quagsire|24/100
|-hitcount|p2a: Quagsire|2
|move|p2a: Quagsire|Recover|p2a: Quagsire
|-heal|p2a: Quagsire|74/100
|
|upkeep
|turn|27
|
|t:|1743801254
|move|p1a: Scizor|Dual Wingbeat|p2a: Quagsire
|-damage|p2a: Quagsire|57/100
|-damage|p2a: Quagsire|42/100
|-hitcount|p2a: Quagsire|2
|move|p2a: Quagsire|Recover|p2a: Quagsire
|-heal|p2a: Quagsire|92/100
|
|upkeep
|turn|28
|
|t:|1743801272
|move|p2a: Quagsire|Protect|p2a: Quagsire
|-singleturn|p2a: Quagsire|Protect
|move|p1a: Scizor|Dual Wingbeat|p2a: Quagsire
|-activate|p2a: Quagsire|move: Protect
|
|upkeep
|turn|29
|
|t:|1743801279
|move|p1a: Scizor|Dual Wingbeat|p2a: Quagsire
|-damage|p2a: Quagsire|75/100
|-damage|p2a: Quagsire|58/100
|-hitcount|p2a: Quagsire|2
|move|p2a: Quagsire|Earthquake|p1a: Scizor
|-damage|p1a: Scizor|7/100
|
|upkeep
|turn|30
|
|t:|1743801288
|move|p1a: Scizor|Dual Wingbeat|p2a: Quagsire|[miss]
|-miss|p1a: Scizor|p2a: Quagsire
|move|p2a: Quagsire|Recover|p2a: Quagsire
|-heal|p2a: Quagsire|100/100
|
|upkeep
|turn|31
|
|t:|1743801295
|move|p1a: Scizor|Dual Wingbeat|p2a: Quagsire
|-damage|p2a: Quagsire|84/100
|-damage|p2a: Quagsire|68/100
|-hitcount|p2a: Quagsire|2
|move|p2a: Quagsire|Earthquake|p1a: Scizor
|-damage|p1a: Scizor|0 fnt
|faint|p1a: Scizor
|
|upkeep
|
|t:|1743801306
|switch|p1a: Breloom|Breloom, F|100/100
|-status|p1a: Breloom|psn
|turn|32
|
|t:|1743801311
|move|p2a: Quagsire|Protect|p2a: Quagsire
|-singleturn|p2a: Quagsire|Protect
|move|p1a: Breloom|Swords Dance|p1a: Breloom
|-boost|p1a: Breloom|atk|2
|
|-damage|p1a: Breloom|88/100 psn|[from] psn
|upkeep
|turn|33
|
|t:|1743801320
|switch|p2a: Cresselia|Cresselia, F|64/100
|-damage|p2a: Cresselia|52/100|[from] Stealth Rock
|move|p1a: Breloom|Bullet Seed|p2a: Cresselia
|-damage|p2a: Cresselia|31/100
|-damage|p2a: Cresselia|10/100
|-damage|p2a: Cresselia|0 fnt
|faint|p2a: Cresselia
|-hitcount|p2: Cresselia|3
|
|-damage|p1a: Breloom|76/100 psn|[from] psn
|upkeep
|
|t:|1743801334
|switch|p2a: Toxapex|Toxapex, M, shiny|72/100
|turn|34
|
|t:|1743801338
|move|p1a: Breloom|Bullet Seed|p2a: Toxapex
|-damage|p2a: Toxapex|45/100
|-damage|p2a: Toxapex|18/100
|-damage|p2a: Toxapex|0 fnt
|faint|p2a: Toxapex
|-hitcount|p2: Toxapex|3
|
|-damage|p1a: Breloom|64/100 psn|[from] psn
|upkeep
|
|t:|1743801350
|switch|p2a: Alomomola|Alomomola, F|76/100
|turn|35
|
|t:|1743801356
|move|p2a: Alomomola|Protect|p2a: Alomomola
|-singleturn|p2a: Alomomola|Protect
|move|p1a: Breloom|Bullet Seed|p2a: Alomomola
|-activate|p2a: Alomomola|move: Protect
|
|-damage|p1a: Breloom|51/100 psn|[from] psn
|upkeep
|turn|36
|
|t:|1743801365
|move|p1a: Breloom|Bullet Seed|p2a: Alomomola
|-supereffective|p2a: Alomomola
|-damage|p2a: Alomomola|31/100
|-supereffective|p2a: Alomomola
|-damage|p2a: Alomomola|0 fnt
|faint|p2a: Alomomola
|-hitcount|p2: Alomomola|2
|
|-damage|p1a: Breloom|39/100 psn|[from] psn
|upkeep
|-message|ZoitiG forfeited.
|
|win|The great gazoo
|raw|The great gazoo's rating: 1419 &rarr; <strong>1442</strong><br />(+23 for winning)
|raw|ZoitiG's rating: 1470 &rarr; <strong>1447</strong><br />(-23 for losing)
|l|☆ZoitiG
|player|p2|
|l|☆The great gazoo
|player|p1|
