|j|☆Alby379
|j|☆LeDauphinRoi
|inactive|Battle timer is ON: inactive players will automatically lose when time's up.
|t:|1743808990
|gametype|singles
|player|p1|Alby379|n|
|player|p2|LeDauphinRoi|skierf|
|teamsize|p1|6
|teamsize|p2|6
|gen|9
|tier|[Gen 9] OU
|rated|Tournament battle
|rule|HP Percentage Mod: HP is shown in percentages
|rule|Endless Battle Clause: Forcing endless battles is banned
|rule|Species Clause: Limit one of each Pokémon
|rule|OHKO Clause: OHKO moves are banned
|rule|Evasion Items Clause: Evasion items are banned
|rule|Evasion Moves Clause: Evasion moves are banned
|rule|Sleep Moves Clause: Sleep-inducing moves are banned
|clearpoke
|poke|p1|Rillaboom, F|
|poke|p1|Hawlucha, F|
|poke|p1|Glimmora, F|
|poke|p1|Zamazenta-*|
|poke|p1|Garganacl, F|
|poke|p1|Iron Moth|
|poke|p2|Great Tusk|
|poke|p2|Samurott-Hisui, F|
|poke|p2|Dragapult, F|
|poke|p2|Kingambit, M|
|poke|p2|Landorus-Therian, M|
|poke|p2|Slowking-Galar, M|
|teampreview
|j| Punfy
|j| kanika_emo
|inactive|Alby379 has 120 seconds left.
|j| Agency Type Beat
|
|t:|1743809031
|start
|switch|p1a: Rillaboom|Rillaboom, F, shiny|100/100
|switch|p2a: Nick Forivoire|Landorus-Therian, M|100/100
|-ability|p2a: Nick Forivoire|Intimidate|boost
|-unboost|p1a: Rillaboom|atk|1
|-fieldstart|move: Grassy Terrain|[from] ability: Grassy Surge|[of] p1a: Rillaboom
|turn|1
|j| tonkaman
|
|t:|1743809039
|switch|p1a: Glimmora|Glimmora, F|100/100
|move|p2a: Nick Forivoire|U-turn|p1a: Glimmora
|-resisted|p1a: Glimmora
|-damage|p1a: Glimmora|89/100
|-activate|p1a: Glimmora|ability: Toxic Debris
|-sidestart|p2: LeDauphinRoi|move: Toxic Spikes
|
|t:|1743809046
|switch|p2a: Kev Adams|Slowking-Galar, M|100/100|[from] U-turn
|-sideend|p2: LeDauphinRoi|move: Toxic Spikes|[of] p2a: Kev Adams
|
|-heal|p1a: Glimmora|95/100|[from] Grassy Terrain
|upkeep
|turn|2
|
|t:|1743809057
|switch|p1a: Rillaboom|Rillaboom, F, shiny|100/100
|move|p2a: Kev Adams|Future Sight|p1a: Rillaboom
|-start|p2a: Kev Adams|move: Future Sight
|
|upkeep
|turn|3
|j| metakill4r
|
|t:|1743809061
|switch|p2a: Nick Forivoire|Landorus-Therian, M|100/100
|-ability|p2a: Nick Forivoire|Intimidate|boost
|-unboost|p1a: Rillaboom|atk|1
|move|p1a: Rillaboom|Knock Off|p2a: Nick Forivoire
|-damage|p2a: Nick Forivoire|76/100
|-damage|p1a: Rillaboom|84/100|[from] item: Rocky Helmet|[of] p2a: Nick Forivoire
|-enditem|p2a: Nick Forivoire|Rocky Helmet|[from] move: Knock Off|[of] p1a: Rillaboom
|
|-heal|p1a: Rillaboom|90/100|[from] Grassy Terrain
|upkeep
|turn|4
|
|t:|1743809079
|move|p2a: Nick Forivoire|Stealth Rock|p1a: Rillaboom
|-sidestart|p1: Alby379|move: Stealth Rock
|move|p1a: Rillaboom|U-turn|p2a: Nick Forivoire
|-resisted|p2a: Nick Forivoire
|-damage|p2a: Nick Forivoire|69/100
|
|t:|1743809082
|switch|p1a: Garganacl|Garganacl, F|100/100|[from] U-turn
|-damage|p1a: Garganacl|88/100|[from] Stealth Rock
|
|-end|p1a: Garganacl|move: Future Sight
|-damage|p1a: Garganacl|59/100
|-heal|p1a: Garganacl|66/100|[from] Grassy Terrain
|-heal|p1a: Garganacl|72/100|[from] item: Leftovers
|upkeep
|turn|5
|
|t:|1743809087
|move|p2a: Nick Forivoire|Earth Power|p1a: Garganacl
|-supereffective|p1a: Garganacl
|-damage|p1a: Garganacl|29/100
|move|p1a: Garganacl|Recover|p1a: Garganacl
|-heal|p1a: Garganacl|80/100
|
|-heal|p1a: Garganacl|86/100|[from] Grassy Terrain
|-heal|p1a: Garganacl|92/100|[from] item: Leftovers
|upkeep
|turn|6
|j| Lavisse
|
|t:|1743809092
|move|p2a: Nick Forivoire|Earth Power|p1a: Garganacl
|-supereffective|p1a: Garganacl
|-damage|p1a: Garganacl|44/100
|move|p1a: Garganacl|Salt Cure|p2a: Nick Forivoire
|-damage|p2a: Nick Forivoire|55/100
|-start|p2a: Nick Forivoire|Salt Cure
|
|-heal|p1a: Garganacl|50/100|[from] Grassy Terrain
|-heal|p1a: Garganacl|56/100|[from] item: Leftovers
|-damage|p2a: Nick Forivoire|43/100|[from] Salt Cure
|upkeep
|turn|7
|l| metakill4r
|
|t:|1743809098
|move|p2a: Nick Forivoire|Taunt|p1a: Garganacl
|-start|p1a: Garganacl|move: Taunt
|cant|p1a: Garganacl|move: Taunt|Recover
|
|-heal|p1a: Garganacl|62/100|[from] Grassy Terrain
|-heal|p1a: Garganacl|69/100|[from] item: Leftovers
|-damage|p2a: Nick Forivoire|30/100|[from] Salt Cure
|upkeep
|turn|8
|
|t:|1743809123
|move|p2a: Nick Forivoire|Earth Power|p1a: Garganacl
|-supereffective|p1a: Garganacl
|-damage|p1a: Garganacl|25/100
|-unboost|p1a: Garganacl|spd|1
|move|p1a: Garganacl|Salt Cure|p2a: Nick Forivoire
|-damage|p2a: Nick Forivoire|17/100
|
|-heal|p1a: Garganacl|31/100|[from] Grassy Terrain
|-heal|p1a: Garganacl|38/100|[from] item: Leftovers
|-damage|p2a: Nick Forivoire|4/100|[from] Salt Cure
|-fieldend|move: Grassy Terrain
|upkeep
|turn|9
|
|t:|1743809129
|switch|p1a: Rillaboom|Rillaboom, F, shiny|90/100
|-damage|p1a: Rillaboom|78/100|[from] Stealth Rock
|-fieldstart|move: Grassy Terrain|[from] ability: Grassy Surge|[of] p1a: Rillaboom
|move|p2a: Nick Forivoire|Earth Power|p1a: Rillaboom
|-resisted|p1a: Rillaboom
|-damage|p1a: Rillaboom|58/100
|
|-heal|p1a: Rillaboom|65/100|[from] Grassy Terrain
|-damage|p2a: Nick Forivoire|0 fnt|[from] Salt Cure
|faint|p2a: Nick Forivoire
|upkeep
|
|t:|1743809142
|switch|p2a: Speedy|Dragapult, F|100/100
|turn|10
|
|t:|1743809152
|move|p2a: Speedy|U-turn|p1a: Rillaboom
|-supereffective|p1a: Rillaboom
|-damage|p1a: Rillaboom|22/100
|
|t:|1743809161
|switch|p2a: Spike|Samurott-Hisui, F|100/100|[from] U-turn
|move|p1a: Rillaboom|Knock Off|p2a: Spike
|-resisted|p2a: Spike
|-damage|p2a: Spike|77/100
|-enditem|p2a: Spike|Heavy-Duty Boots|[from] move: Knock Off|[of] p1a: Rillaboom
|
|-heal|p2a: Spike|84/100|[from] Grassy Terrain
|-heal|p1a: Rillaboom|29/100|[from] Grassy Terrain
|upkeep
|turn|11
|
|t:|1743809170
|-terastallize|p2a: Spike|Poison
|move|p1a: Rillaboom|Grassy Glide|p2a: Spike
|-resisted|p2a: Spike
|-damage|p2a: Spike|57/100
|move|p2a: Spike|Ceaseless Edge|p1a: Rillaboom
|-crit|p1a: Rillaboom
|-damage|p1a: Rillaboom|0 fnt
|-sidestart|p1: Alby379|Spikes
|faint|p1a: Rillaboom
|
|-heal|p2a: Spike|63/100|[from] Grassy Terrain
|upkeep
|
|t:|1743809175
|switch|p1a: Glimmora|Glimmora, F|95/100
|-damage|p1a: Glimmora|83/100|[from] Stealth Rock
|-damage|p1a: Glimmora|70/100|[from] Spikes
|turn|12
|
|t:|1743809180
|move|p1a: Glimmora|Mortal Spin|p2a: Spike
|-resisted|p2a: Spike
|-damage|p2a: Spike|59/100
|-sideend|p1: Alby379|Spikes|[from] move: Mortal Spin|[of] p1a: Glimmora
|-sideend|p1: Alby379|Stealth Rock|[from] move: Mortal Spin|[of] p1a: Glimmora
|move|p2a: Spike|Razor Shell|p1a: Glimmora
|-supereffective|p1a: Glimmora
|-damage|p1a: Glimmora|0 fnt
|-activate|p1a: Glimmora|ability: Toxic Debris
|-sidestart|p2: LeDauphinRoi|move: Toxic Spikes
|faint|p1a: Glimmora
|
|-heal|p2a: Spike|66/100|[from] Grassy Terrain
|upkeep
|l| tonkaman
|
|t:|1743809194
|switch|p1a: Hawlucha|Hawlucha, F, shiny|100/100
|-enditem|p1a: Hawlucha|Grassy Seed
|-boost|p1a: Hawlucha|def|1|[from] item: Grassy Seed
|turn|13
|
|t:|1743809197
|move|p1a: Hawlucha|Swords Dance|p1a: Hawlucha
|-boost|p1a: Hawlucha|atk|2
|move|p2a: Spike|Encore|p1a: Hawlucha
|-start|p1a: Hawlucha|Encore
|
|-heal|p2a: Spike|72/100|[from] Grassy Terrain
|upkeep
|turn|14
|
|t:|1743809207
|switch|p2a: Kev Adams|Slowking-Galar, M|100/100
|-sideend|p2: LeDauphinRoi|move: Toxic Spikes|[of] p2a: Kev Adams
|move|p1a: Hawlucha|Swords Dance|p1a: Hawlucha
|-boost|p1a: Hawlucha|atk|2
|
|upkeep
|turn|15
|
|t:|1743809211
|move|p1a: Hawlucha|Swords Dance|p1a: Hawlucha
|-boost|p1a: Hawlucha|atk|2
|move|p2a: Kev Adams|Future Sight|p1a: Hawlucha
|-start|p2a: Kev Adams|move: Future Sight
|
|upkeep
|turn|16
|
|t:|1743809215
|move|p1a: Hawlucha|Swords Dance|p1a: Hawlucha
|-boost|p1a: Hawlucha|atk|0
|move|p2a: Kev Adams|Thunder Wave|p1a: Hawlucha
|-status|p1a: Hawlucha|par
|
|-end|p1a: Hawlucha|Encore
|-fieldend|move: Grassy Terrain
|upkeep
|turn|17
|j| brodiewhaat.
|
|t:|1743809230
|switch|p2a: Spike|Samurott-Hisui, F, tera:Poison|72/100
|cant|p1a: Hawlucha|par
|
|-end|p1a: Hawlucha|move: Future Sight
|-supereffective|p1a: Hawlucha
|-damage|p1a: Hawlucha|0 fnt
|faint|p1a: Hawlucha
|upkeep
|inactive|Alby379 has 120 seconds left.
|
|t:|1743809270
|switch|p1a: Iron Moth|Iron Moth|100/100
|-enditem|p1a: Iron Moth|Booster Energy
|-activate|p1a: Iron Moth|ability: Quark Drive|[fromitem]
|-start|p1a: Iron Moth|quarkdrivespe
|turn|18
|inactive|Alby379 has 120 seconds left.
|
|t:|1743809280
|move|p1a: Iron Moth|Fiery Dance|p2a: Spike
|-damage|p2a: Spike|13/100
|-boost|p1a: Iron Moth|spa|1
|move|p2a: Spike|Razor Shell|p1a: Iron Moth
|-supereffective|p1a: Iron Moth
|-damage|p1a: Iron Moth|0 fnt
|faint|p1a: Iron Moth
|-end|p1a: Iron Moth|Quark Drive|[silent]
|
|upkeep
|
|t:|1743809283
|switch|p1a: Zamazenta|Zamazenta|100/100
|-ability|p1a: Zamazenta|Dauntless Shield|boost
|-boost|p1a: Zamazenta|def|1
|turn|19
|
|t:|1743809289
|move|p1a: Zamazenta|Crunch|p2a: Spike
|-damage|p2a: Spike|0 fnt
|faint|p2a: Spike
|
|upkeep
|
|t:|1743809293
|switch|p2a: Speedy|Dragapult, F|100/100
|turn|20
|
|t:|1743809302
|switch|p1a: Garganacl|Garganacl, F|38/100
|move|p2a: Speedy|Will-O-Wisp|p1a: Garganacl
|-immune|p1a: Garganacl|[from] ability: Purifying Salt
|
|-heal|p1a: Garganacl|44/100|[from] item: Leftovers
|upkeep
|turn|21
|
|t:|1743809308
|switch|p2a: Greater Than Lando|Great Tusk|100/100
|move|p1a: Garganacl|Recover|p1a: Garganacl
|-heal|p1a: Garganacl|94/100
|
|-heal|p1a: Garganacl|99/100|[from] item: Leftovers
|upkeep
|turn|22
|
|t:|1743809315
|-terastallize|p1a: Garganacl|Ghost
|move|p2a: Greater Than Lando|Knock Off|p1a: Garganacl
|-supereffective|p1a: Garganacl
|-damage|p1a: Garganacl|59/100
|-enditem|p1a: Garganacl|Leftovers|[from] move: Knock Off|[of] p2a: Greater Than Lando
|move|p1a: Garganacl|Salt Cure|p2a: Greater Than Lando
|-resisted|p2a: Greater Than Lando
|-damage|p2a: Greater Than Lando|98/100
|-start|p2a: Greater Than Lando|Salt Cure
|
|-damage|p2a: Greater Than Lando|86/100|[from] Salt Cure
|upkeep
|turn|23
|
|t:|1743809331
|-end|p2a: Greater Than Lando|Protosynthesis|[silent]
|switch|p2a: Kev Adams|Slowking-Galar, M|100/100
|move|p1a: Garganacl|Recover|p1a: Garganacl
|-heal|p1a: Garganacl|100/100
|
|upkeep
|turn|24
|
|t:|1743809336
|move|p1a: Garganacl|Iron Defense|p1a: Garganacl
|-boost|p1a: Garganacl|def|2
|move|p2a: Kev Adams|Future Sight|p1a: Garganacl
|-start|p2a: Kev Adams|move: Future Sight
|
|upkeep
|turn|25
|
|t:|1743809343
|move|p1a: Garganacl|Iron Defense|p1a: Garganacl
|-boost|p1a: Garganacl|def|2
|move|p2a: Kev Adams|Thunder Wave|p1a: Garganacl
|-immune|p1a: Garganacl|[from] ability: Purifying Salt
|
|upkeep
|turn|26
|
|t:|1743809351
|move|p1a: Garganacl|Iron Defense|p1a: Garganacl
|-boost|p1a: Garganacl|def|2
|-prepare|p2a: Kev Adams|Chilly Reception|[premajor]
|move|p2a: Kev Adams|Chilly Reception|p2a: Kev Adams
|-weather|Snowscape
|
|t:|1743809353
|switch|p2a: Speedy|Dragapult, F|100/100|[from] Chilly Reception
|
|-weather|Snowscape|[upkeep]
|-end|p1a: Garganacl|move: Future Sight
|-damage|p1a: Garganacl|71/100
|upkeep
|turn|27
|
|t:|1743809356
|move|p2a: Speedy|Hex|p1a: Garganacl
|-supereffective|p1a: Garganacl
|-damage|p1a: Garganacl|51/100
|move|p1a: Garganacl|Recover|p1a: Garganacl
|-heal|p1a: Garganacl|100/100
|
|-weather|Snowscape|[upkeep]
|upkeep
|turn|28
|l| Punfy
|
|t:|1743809362
|move|p2a: Speedy|Hex|p1a: Garganacl
|-supereffective|p1a: Garganacl
|-damage|p1a: Garganacl|81/100
|move|p1a: Garganacl|Salt Cure|p2a: Speedy
|-damage|p2a: Speedy|81/100
|-start|p2a: Speedy|Salt Cure
|
|-weather|Snowscape|[upkeep]
|-damage|p2a: Speedy|68/100|[from] Salt Cure
|upkeep
|turn|29
|
|t:|1743809373
|move|p2a: Speedy|U-turn|p1a: Garganacl
|-resisted|p1a: Garganacl
|-damage|p1a: Garganacl|79/100
|
|t:|1743809379
|switch|p2a: Kev Adams|Slowking-Galar, M|100/100|[from] U-turn
|move|p1a: Garganacl|Salt Cure|p2a: Kev Adams
|-damage|p2a: Kev Adams|86/100
|-start|p2a: Kev Adams|Salt Cure
|
|-weather|Snowscape|[upkeep]
|-damage|p2a: Kev Adams|73/100|[from] Salt Cure
|upkeep
|turn|30
|
|t:|1743809386
|move|p1a: Garganacl|Body Press|p2a: Kev Adams
|-resisted|p2a: Kev Adams
|-damage|p2a: Kev Adams|50/100
|move|p2a: Kev Adams|Sludge Bomb|p1a: Garganacl
|-resisted|p1a: Garganacl
|-damage|p1a: Garganacl|68/100
|
|-weather|none
|-damage|p2a: Kev Adams|37/100|[from] Salt Cure
|upkeep
|turn|31
|
|t:|1743809397
|switch|p2a: Speedy|Dragapult, F|68/100
|move|p1a: Garganacl|Salt Cure|p2a: Speedy
|-crit|p2a: Speedy
|-damage|p2a: Speedy|39/100
|-start|p2a: Speedy|Salt Cure
|
|-damage|p2a: Speedy|27/100|[from] Salt Cure
|upkeep
|turn|32
|
|t:|1743809403
|move|p2a: Speedy|Hex|p1a: Garganacl
|-supereffective|p1a: Garganacl
|-damage|p1a: Garganacl|50/100
|move|p1a: Garganacl|Recover|p1a: Garganacl
|-heal|p1a: Garganacl|99/100
|
|-damage|p2a: Speedy|14/100|[from] Salt Cure
|upkeep
|turn|33
|
|t:|1743809408
|switch|p2a: Kev Adams|Slowking-Galar, M|71/100
|move|p1a: Garganacl|Salt Cure|p2a: Kev Adams
|-damage|p2a: Kev Adams|56/100
|-start|p2a: Kev Adams|Salt Cure
|
|-damage|p2a: Kev Adams|44/100|[from] Salt Cure
|upkeep
|turn|34
|j| Blumenwitz
|
|t:|1743809414
|move|p1a: Garganacl|Salt Cure|p2a: Kev Adams
|-damage|p2a: Kev Adams|30/100
|move|p2a: Kev Adams|Sludge Bomb|p1a: Garganacl
|-resisted|p1a: Garganacl
|-damage|p1a: Garganacl|87/100
|
|-damage|p2a: Kev Adams|18/100|[from] Salt Cure
|upkeep
|turn|35
|
|t:|1743809429
|switch|p2a: Speedy|Dragapult, F|14/100
|move|p1a: Garganacl|Body Press|p2a: Speedy
|-immune|p2a: Speedy
|
|upkeep
|turn|36
|
|t:|1743809433
|move|p2a: Speedy|Hex|p1a: Garganacl
|-supereffective|p1a: Garganacl
|-damage|p1a: Garganacl|67/100
|move|p1a: Garganacl|Salt Cure|p2a: Speedy
|-damage|p2a: Speedy|0 fnt
|faint|p2a: Speedy
|
|upkeep
|
|t:|1743809436
|switch|p2a: Reverse Sweep|Kingambit, M|100/100
|-activate|p2a: Reverse Sweep|ability: Supreme Overlord
|-start|p2a: Reverse Sweep|fallen3|[silent]
|turn|37
|
|t:|1743809440
|move|p2a: Reverse Sweep|Kowtow Cleave|p1a: Garganacl
|-supereffective|p1a: Garganacl
|-damage|p1a: Garganacl|44/100
|move|p1a: Garganacl|Body Press|p2a: Reverse Sweep
|-supereffective|p2a: Reverse Sweep
|-damage|p2a: Reverse Sweep|0 fnt
|faint|p2a: Reverse Sweep
|-end|p2a: Reverse Sweep|fallen3|[silent]
|
|upkeep
|
|t:|1743809446
|switch|p2a: Kev Adams|Slowking-Galar, M|51/100
|turn|38
|
|t:|1743809453
|move|p1a: Garganacl|Recover|p1a: Garganacl
|-heal|p1a: Garganacl|95/100
|move|p2a: Kev Adams|Future Sight|p1a: Garganacl
|-start|p2a: Kev Adams|move: Future Sight
|
|upkeep
|turn|39
|
|t:|1743809456
|move|p1a: Garganacl|Salt Cure|p2a: Kev Adams
|-damage|p2a: Kev Adams|37/100
|-start|p2a: Kev Adams|Salt Cure
|move|p2a: Kev Adams|Sludge Bomb|p1a: Garganacl
|-resisted|p1a: Garganacl
|-damage|p1a: Garganacl|83/100
|
|-damage|p2a: Kev Adams|24/100|[from] Salt Cure
|upkeep
|turn|40
|j| metakill4r
|
|t:|1743809468
|move|p1a: Garganacl|Salt Cure|p2a: Kev Adams
|-damage|p2a: Kev Adams|10/100
|move|p2a: Kev Adams|Sludge Bomb|p1a: Garganacl
|-resisted|p1a: Garganacl
|-damage|p1a: Garganacl|72/100
|
|-end|p1a: Garganacl|move: Future Sight
|-damage|p1a: Garganacl|42/100
|-damage|p2a: Kev Adams|0 fnt|[from] Salt Cure
|faint|p2a: Kev Adams
|upkeep
|
|t:|1743809476
|switch|p2a: Greater Than Lando|Great Tusk|86/100
|turn|41
|
|t:|1743809478
|move|p2a: Greater Than Lando|Headlong Rush|p1a: Garganacl
|-damage|p1a: Garganacl|32/100
|-unboost|p2a: Greater Than Lando|def|1
|-unboost|p2a: Greater Than Lando|spd|1
|move|p1a: Garganacl|Recover|p1a: Garganacl
|-heal|p1a: Garganacl|82/100
|
|upkeep
|turn|42
|-message|LeDauphinRoi forfeited.
|
|win|Alby379
|n|☆Alby379|alby379
|n|☆LeDauphinRoi|ledauphinroi
|n| kanika_emo|kanikaemo
|n| Agency Type Beat|agencytypebeat
|n| Lavisse|lavisse
|n| brodiewhaat.|brodiewhaat
|n| Blumenwitz|blumenwitz
|n| metakill4r|metakill4r
|l|☆LeDauphinRoi
|player|p2|
