|j|☆whitney92
|j|☆ASilentKingambitX
|t:|1743879869
|gametype|singles
|player|p1|whitney92|rood|1406
|player|p2|ASilentKingambitX|red|1355
|teamsize|p1|6
|teamsize|p2|6
|gen|9
|tier|[Gen 9] OU
|rated|
|rule|HP Percentage Mod: HP is shown in percentages
|rule|Endless Battle Clause: Forcing endless battles is banned
|rule|Species Clause: Limit one of each Pokémon
|rule|OHKO Clause: OHKO moves are banned
|rule|Evasion Items Clause: Evasion items are banned
|rule|Evasion Moves Clause: Evasion moves are banned
|rule|Sleep Moves Clause: Sleep-inducing moves are banned
|clearpoke
|poke|p1|Kingambit, F|
|poke|p1|Heatran, F|
|poke|p1|Kyurem|
|poke|p1|Kleavor, M|
|poke|p1|Clodsire, M|
|poke|p1|Corviknight, M|
|poke|p2|Skarmory, M|
|poke|p2|Dragapult, F|
|poke|p2|Ting-Lu|
|poke|p2|Garganacl, M|
|poke|p2|Zamazenta-*|
|poke|p2|Great Tusk|
|teampreview
|inactive|Battle timer is ON: inactive players will automatically lose when time's up. (requested by ASilentKingambitX)
|
|t:|1743879881
|start
|switch|p1a: Kleavor|Kleavor, M|100/100
|switch|p2a: Skarmory|Skarmory, M, shiny|100/100
|turn|1
|
|t:|1743879886
|move|p1a: Kleavor|Stone Axe|p2a: Skarmory
|-damage|p2a: Skarmory|63/100
|-ability|p2a: Skarmory|Weak Armor|boost
|-unboost|p2a: Skarmory|def|1
|-boost|p2a: Skarmory|spe|2
|-sidestart|p2: ASilentKingambitX|move: Stealth Rock
|move|p2a: Skarmory|Curse|p2a: Skarmory
|-unboost|p2a: Skarmory|spe|1
|-boost|p2a: Skarmory|atk|1
|-boost|p2a: Skarmory|def|1
|
|-heal|p2a: Skarmory|69/100|[from] item: Leftovers
|upkeep
|turn|2
|
|t:|1743879905
|move|p1a: Kleavor|Stone Axe|p2a: Skarmory
|-damage|p2a: Skarmory|26/100
|-ability|p2a: Skarmory|Weak Armor|boost
|-unboost|p2a: Skarmory|def|1
|-boost|p2a: Skarmory|spe|2
|move|p2a: Skarmory|Roost|p2a: Skarmory
|-heal|p2a: Skarmory|76/100
|-singleturn|p2a: Skarmory|move: Roost
|
|-heal|p2a: Skarmory|82/100|[from] item: Leftovers
|upkeep
|turn|3
|
|t:|1743879914
|move|p1a: Kleavor|Stone Axe|p2a: Skarmory
|-damage|p2a: Skarmory|24/100
|-ability|p2a: Skarmory|Weak Armor|boost
|-unboost|p2a: Skarmory|def|1
|-boost|p2a: Skarmory|spe|2
|move|p2a: Skarmory|Curse|p2a: Skarmory
|-unboost|p2a: Skarmory|spe|1
|-boost|p2a: Skarmory|atk|1
|-boost|p2a: Skarmory|def|1
|
|-heal|p2a: Skarmory|30/100|[from] item: Leftovers
|upkeep
|turn|4
|
|t:|1743879924
|-terastallize|p2a: Skarmory|Ground
|move|p2a: Skarmory|Roost|p2a: Skarmory
|-heal|p2a: Skarmory|81/100
|move|p1a: Kleavor|Stone Axe|p2a: Skarmory
|-resisted|p2a: Skarmory
|-damage|p2a: Skarmory|52/100
|-ability|p2a: Skarmory|Weak Armor|boost
|-unboost|p2a: Skarmory|def|1
|-boost|p2a: Skarmory|spe|2
|
|-heal|p2a: Skarmory|58/100|[from] item: Leftovers
|upkeep
|turn|5
|
|t:|1743879934
|switch|p1a: Clodsire|Clodsire, M|100/100
|move|p2a: Skarmory|Drill Run|p1a: Clodsire
|-supereffective|p1a: Clodsire
|-damage|p1a: Clodsire|46/100
|
|-heal|p2a: Skarmory|64/100|[from] item: Leftovers
|upkeep
|turn|6
|
|t:|1743879945
|-terastallize|p1a: Clodsire|Water
|move|p2a: Skarmory|Curse|p2a: Skarmory
|-unboost|p2a: Skarmory|spe|1
|-boost|p2a: Skarmory|atk|1
|-boost|p2a: Skarmory|def|1
|move|p1a: Clodsire|Toxic|p2a: Skarmory
|-status|p2a: Skarmory|tox
|
|-heal|p2a: Skarmory|70/100 tox|[from] item: Leftovers
|-damage|p2a: Skarmory|64/100 tox|[from] psn
|upkeep
|turn|7
|
|t:|1743879955
|switch|p2a: Great Tusk|Great Tusk|100/100
|move|p1a: Clodsire|Recover|p1a: Clodsire
|-heal|p1a: Clodsire|96/100
|
|upkeep
|turn|8
|
|t:|1743879966
|move|p2a: Great Tusk|Headlong Rush|p1a: Clodsire
|-damage|p1a: Clodsire|38/100
|-unboost|p2a: Great Tusk|def|1
|-unboost|p2a: Great Tusk|spd|1
|move|p1a: Clodsire|Toxic|p2a: Great Tusk
|-status|p2a: Great Tusk|tox
|
|-damage|p2a: Great Tusk|94/100 tox|[from] psn
|upkeep
|turn|9
|
|t:|1743879974
|switch|p1a: Corviknight|Corviknight, M, shiny|100/100
|-ability|p1a: Corviknight|Pressure
|move|p2a: Great Tusk|Rapid Spin|p1a: Corviknight
|-resisted|p1a: Corviknight
|-damage|p1a: Corviknight|96/100
|-boost|p2a: Great Tusk|spe|1
|-damage|p2a: Great Tusk|78/100 tox|[from] item: Rocky Helmet|[of] p1a: Corviknight
|-sideend|p2: ASilentKingambitX|Stealth Rock|[from] move: Rapid Spin|[of] p2a: Great Tusk
|
|-damage|p2a: Great Tusk|65/100 tox|[from] psn
|upkeep
|turn|10
|
|t:|1743879982
|-end|p2a: Great Tusk|Protosynthesis|[silent]
|switch|p2a: Dragapult|Dragapult, F|100/100
|move|p1a: Corviknight|Body Press|p2a: Dragapult
|-immune|p2a: Dragapult
|
|upkeep
|turn|11
|
|t:|1743879993
|switch|p1a: Clodsire|Clodsire, M, tera:Water|38/100
|move|p2a: Dragapult|Substitute|p2a: Dragapult
|-start|p2a: Dragapult|Substitute
|-damage|p2a: Dragapult|76/100
|
|-heal|p2a: Dragapult|82/100|[from] item: Leftovers
|upkeep
|turn|12
|
|t:|1743879998
|move|p2a: Dragapult|Dragon Darts|p1a: Clodsire
|-damage|p1a: Clodsire|15/100
|-anim|p2a: Dragapult|Dragon Darts|p1a: Clodsire
|-damage|p1a: Clodsire|0 fnt
|faint|p1a: Clodsire
|
|-heal|p2a: Dragapult|88/100|[from] item: Leftovers
|upkeep
|
|t:|1743880004
|switch|p1a: Kleavor|Kleavor, M|100/100
|turn|13
|
|t:|1743880009
|move|p1a: Kleavor|Stone Axe|p2a: Dragapult
|-end|p2a: Dragapult|Substitute
|-sidestart|p2: ASilentKingambitX|move: Stealth Rock
|move|p2a: Dragapult|Will-O-Wisp|p1a: Kleavor
|-status|p1a: Kleavor|brn
|
|-heal|p2a: Dragapult|94/100|[from] item: Leftovers
|-damage|p1a: Kleavor|94/100 brn|[from] brn
|upkeep
|turn|14
|
|t:|1743880017
|switch|p2a: Skarmory|Skarmory, M, shiny, tera:Ground|64/100 tox
|-damage|p2a: Skarmory|58/100 tox|[from] Stealth Rock
|move|p1a: Kleavor|Stone Axe|p2a: Skarmory
|-resisted|p2a: Skarmory
|-damage|p2a: Skarmory|48/100 tox
|-ability|p2a: Skarmory|Weak Armor|boost
|-unboost|p2a: Skarmory|def|1
|-boost|p2a: Skarmory|spe|2
|
|-heal|p2a: Skarmory|54/100 tox|[from] item: Leftovers
|-damage|p2a: Skarmory|48/100 tox|[from] psn
|-damage|p1a: Kleavor|88/100 brn|[from] brn
|upkeep
|turn|15
|
|t:|1743880024
|switch|p1a: Corviknight|Corviknight, M, shiny|96/100
|-ability|p1a: Corviknight|Pressure
|move|p2a: Skarmory|Curse|p2a: Skarmory
|-unboost|p2a: Skarmory|spe|1
|-boost|p2a: Skarmory|atk|1
|-boost|p2a: Skarmory|def|1
|
|-heal|p2a: Skarmory|54/100 tox|[from] item: Leftovers
|-damage|p2a: Skarmory|42/100 tox|[from] psn
|upkeep
|turn|16
|
|t:|1743880032
|move|p2a: Skarmory|Body Press|p1a: Corviknight
|-damage|p1a: Corviknight|82/100
|-damage|p2a: Skarmory|25/100 tox|[from] item: Rocky Helmet|[of] p1a: Corviknight
|move|p1a: Corviknight|Body Press|p2a: Skarmory
|-damage|p2a: Skarmory|4/100 tox
|-ability|p2a: Skarmory|Weak Armor|boost
|-unboost|p2a: Skarmory|def|1
|-boost|p2a: Skarmory|spe|2
|
|-heal|p2a: Skarmory|10/100 tox|[from] item: Leftovers
|-damage|p2a: Skarmory|0 fnt|[from] psn
|faint|p2a: Skarmory
|upkeep
|
|t:|1743880043
|switch|p2a: Ting-Lu|Ting-Lu|100/100
|-damage|p2a: Ting-Lu|94/100|[from] Stealth Rock
|-ability|p2a: Ting-Lu|Vessel of Ruin
|turn|17
|
|t:|1743880053
|move|p1a: Corviknight|Body Press|p2a: Ting-Lu
|-supereffective|p2a: Ting-Lu
|-damage|p2a: Ting-Lu|67/100
|move|p2a: Ting-Lu|Spikes|p1a: Corviknight
|-sidestart|p1: whitney92|Spikes
|
|-heal|p2a: Ting-Lu|73/100|[from] item: Leftovers
|upkeep
|turn|18
|
|t:|1743880059
|switch|p2a: Great Tusk|Great Tusk|65/100 tox
|move|p1a: Corviknight|Defog|p2a: Great Tusk
|-unboost|p2a: Great Tusk|evasion|1
|-sideend|p2: ASilentKingambitX|Stealth Rock|[from] move: Defog|[of] p1a: Corviknight
|-sideend|p1: whitney92|Spikes|[from] move: Defog|[of] p1a: Corviknight
|
|-damage|p2a: Great Tusk|59/100 tox|[from] psn
|upkeep
|turn|19
|
|t:|1743880065
|move|p2a: Great Tusk|Knock Off|p1a: Corviknight
|-damage|p1a: Corviknight|64/100
|-damage|p2a: Great Tusk|42/100 tox|[from] item: Rocky Helmet|[of] p1a: Corviknight
|-enditem|p1a: Corviknight|Rocky Helmet|[from] move: Knock Off|[of] p2a: Great Tusk
|move|p1a: Corviknight|Roost|p1a: Corviknight
|-heal|p1a: Corviknight|100/100
|-singleturn|p1a: Corviknight|move: Roost
|
|-damage|p2a: Great Tusk|30/100 tox|[from] psn
|upkeep
|turn|20
|
|t:|1743880070
|-end|p2a: Great Tusk|Protosynthesis|[silent]
|switch|p2a: Ting-Lu|Ting-Lu|73/100
|-ability|p2a: Ting-Lu|Vessel of Ruin
|move|p1a: Corviknight|Body Press|p2a: Ting-Lu
|-supereffective|p2a: Ting-Lu
|-damage|p2a: Ting-Lu|44/100
|
|-heal|p2a: Ting-Lu|51/100|[from] item: Leftovers
|upkeep
|turn|21
|
|t:|1743880075
|switch|p1a: Kleavor|Kleavor, M|88/100 brn
|move|p2a: Ting-Lu|Ruination|p1a: Kleavor
|-damage|p1a: Kleavor|45/100 brn
|
|-heal|p2a: Ting-Lu|57/100|[from] item: Leftovers
|-damage|p1a: Kleavor|39/100 brn|[from] brn
|upkeep
|turn|22
|
|t:|1743880081
|move|p1a: Kleavor|Stone Axe|p2a: Ting-Lu
|-resisted|p2a: Ting-Lu
|-damage|p2a: Ting-Lu|50/100
|-sidestart|p2: ASilentKingambitX|move: Stealth Rock
|move|p2a: Ting-Lu|Spikes|p1a: Kleavor
|-sidestart|p1: whitney92|Spikes
|
|-heal|p2a: Ting-Lu|56/100|[from] item: Leftovers
|-damage|p1a: Kleavor|33/100 brn|[from] brn
|upkeep
|turn|23
|
|t:|1743880087
|move|p1a: Kleavor|Stone Axe|p2a: Ting-Lu
|-resisted|p2a: Ting-Lu
|-damage|p2a: Ting-Lu|48/100
|move|p2a: Ting-Lu|Spikes|p1a: Kleavor
|-sidestart|p1: whitney92|Spikes
|
|-heal|p2a: Ting-Lu|54/100|[from] item: Leftovers
|-damage|p1a: Kleavor|26/100 brn|[from] brn
|upkeep
|turn|24
|
|t:|1743880095
|switch|p1a: Corviknight|Corviknight, M, shiny|100/100
|-ability|p1a: Corviknight|Pressure
|move|p2a: Ting-Lu|Spikes|p1a: Corviknight
|-sidestart|p1: whitney92|Spikes
|
|-heal|p2a: Ting-Lu|61/100|[from] item: Leftovers
|upkeep
|turn|25
|
|t:|1743880101
|move|p1a: Corviknight|Body Press|p2a: Ting-Lu
|-supereffective|p2a: Ting-Lu
|-damage|p2a: Ting-Lu|29/100
|move|p2a: Ting-Lu|Ruination|p1a: Corviknight
|-damage|p1a: Corviknight|51/100
|
|-heal|p2a: Ting-Lu|35/100|[from] item: Leftovers
|upkeep
|turn|26
|
|t:|1743880111
|move|p1a: Corviknight|Defog|p2a: Ting-Lu
|-unboost|p2a: Ting-Lu|evasion|1
|-sideend|p2: ASilentKingambitX|Stealth Rock|[from] move: Defog|[of] p1a: Corviknight
|-sideend|p1: whitney92|Spikes|[from] move: Defog|[of] p1a: Corviknight
|move|p2a: Ting-Lu|Ruination|p1a: Corviknight|[miss]
|-miss|p2a: Ting-Lu|p1a: Corviknight
|
|-heal|p2a: Ting-Lu|42/100|[from] item: Leftovers
|upkeep
|turn|27
|
|t:|1743880117
|move|p1a: Corviknight|Roost|p1a: Corviknight
|-heal|p1a: Corviknight|100/100
|-singleturn|p1a: Corviknight|move: Roost
|move|p2a: Ting-Lu|Spikes|p1a: Corviknight
|-sidestart|p1: whitney92|Spikes
|
|-heal|p2a: Ting-Lu|48/100|[from] item: Leftovers
|upkeep
|turn|28
|
|t:|1743880124
|switch|p2a: Dragapult|Dragapult, F|94/100
|move|p1a: Corviknight|Body Press|p2a: Dragapult
|-immune|p2a: Dragapult
|
|-heal|p2a: Dragapult|99/100|[from] item: Leftovers
|upkeep
|turn|29
|
|t:|1743880130
|switch|p1a: Kingambit|Kingambit, F|100/100
|-damage|p1a: Kingambit|88/100|[from] Spikes
|-activate|p1a: Kingambit|ability: Supreme Overlord
|-start|p1a: Kingambit|fallen1|[silent]
|move|p2a: Dragapult|Shadow Ball|p1a: Kingambit
|-resisted|p1a: Kingambit
|-damage|p1a: Kingambit|72/100
|
|-heal|p2a: Dragapult|100/100|[from] item: Leftovers
|upkeep
|turn|30
|
|t:|1743880144
|switch|p2a: Ting-Lu|Ting-Lu|48/100
|-ability|p2a: Ting-Lu|Vessel of Ruin
|move|p1a: Kingambit|Kowtow Cleave|p2a: Ting-Lu
|-resisted|p2a: Ting-Lu
|-damage|p2a: Ting-Lu|31/100
|
|-heal|p2a: Ting-Lu|37/100|[from] item: Leftovers
|upkeep
|turn|31
|
|t:|1743880152
|move|p1a: Kingambit|Swords Dance|p1a: Kingambit
|-boost|p1a: Kingambit|atk|2
|move|p2a: Ting-Lu|Earthquake|p1a: Kingambit
|-supereffective|p1a: Kingambit
|-damage|p1a: Kingambit|20/100
|
|-heal|p2a: Ting-Lu|43/100|[from] item: Leftovers
|upkeep
|turn|32
|
|t:|1743880161
|move|p1a: Kingambit|Iron Head|p2a: Ting-Lu
|-crit|p2a: Ting-Lu
|-damage|p2a: Ting-Lu|0 fnt
|faint|p2a: Ting-Lu
|
|upkeep
|
|t:|1743880177
|switch|p2a: Great Tusk|Great Tusk|30/100 tox
|turn|33
|
|t:|1743880181
|move|p1a: Kingambit|Sucker Punch|p2a: Great Tusk
|-resisted|p2a: Great Tusk
|-damage|p2a: Great Tusk|0 fnt
|faint|p2a: Great Tusk
|-end|p2a: Great Tusk|Protosynthesis|[silent]
|
|upkeep
|
|t:|1743880184
|switch|p2a: Zamazenta|Zamazenta|100/100
|-ability|p2a: Zamazenta|Dauntless Shield|boost
|-boost|p2a: Zamazenta|def|1
|turn|34
|
|t:|1743880190
|move|p2a: Zamazenta|Close Combat|p1a: Kingambit
|-supereffective|p1a: Kingambit
|-damage|p1a: Kingambit|0 fnt
|-unboost|p2a: Zamazenta|def|1
|-unboost|p2a: Zamazenta|spd|1
|faint|p1a: Kingambit
|-end|p1a: Kingambit|fallen1|[silent]
|-damage|p2a: Zamazenta|91/100|[from] item: Life Orb
|
|upkeep
|
|t:|1743880197
|switch|p1a: Kleavor|Kleavor, M|26/100 brn
|-damage|p1a: Kleavor|14/100 brn|[from] Spikes
|turn|35
|
|t:|1743880201
|switch|p2a: Garganacl|Garganacl, M|100/100
|move|p1a: Kleavor|Stone Axe|p2a: Garganacl|[miss]
|-miss|p1a: Kleavor|p2a: Garganacl
|
|-damage|p1a: Kleavor|8/100 brn|[from] brn
|upkeep
|turn|36
|
|t:|1743880205
|move|p1a: Kleavor|Stone Axe|p2a: Garganacl
|-damage|p2a: Garganacl|82/100
|-sidestart|p2: ASilentKingambitX|move: Stealth Rock
|move|p2a: Garganacl|Curse|p2a: Garganacl
|-unboost|p2a: Garganacl|spe|1
|-boost|p2a: Garganacl|atk|1
|-boost|p2a: Garganacl|def|1
|
|-heal|p2a: Garganacl|88/100|[from] item: Leftovers
|-damage|p1a: Kleavor|2/100 brn|[from] brn
|upkeep
|turn|37
|
|t:|1743880211
|move|p1a: Kleavor|Stone Axe|p2a: Garganacl
|-damage|p2a: Garganacl|76/100
|move|p2a: Garganacl|Recover|p2a: Garganacl
|-heal|p2a: Garganacl|100/100
|
|-damage|p1a: Kleavor|0 fnt|[from] brn
|faint|p1a: Kleavor
|upkeep
|
|t:|1743880222
|switch|p1a: Heatran|Heatran, F|100/100
|-item|p1a: Heatran|Air Balloon
|turn|38
|
|t:|1743880228
|move|p1a: Heatran|Magma Storm|p2a: Garganacl
|-resisted|p2a: Garganacl
|-damage|p2a: Garganacl|80/100
|-activate|p2a: Garganacl|move: Magma Storm|[of] p1a: Heatran
|move|p2a: Garganacl|Salt Cure|p1a: Heatran
|-damage|p1a: Heatran|82/100
|-start|p1a: Heatran|Salt Cure
|-enditem|p1a: Heatran|Air Balloon
|
|-heal|p2a: Garganacl|87/100|[from] item: Leftovers
|-damage|p1a: Heatran|57/100|[from] Salt Cure
|-damage|p2a: Garganacl|74/100|[from] move: Magma Storm|[partiallytrapped]
|upkeep
|turn|39
|
|t:|1743880236
|move|p1a: Heatran|Taunt|p2a: Garganacl
|-start|p2a: Garganacl|move: Taunt
|cant|p2a: Garganacl|move: Taunt|Recover
|
|-heal|p2a: Garganacl|80/100|[from] item: Leftovers
|-damage|p1a: Heatran|33/100|[from] Salt Cure
|-damage|p2a: Garganacl|68/100|[from] move: Magma Storm|[partiallytrapped]
|upkeep
|turn|40
|
|t:|1743880241
|move|p1a: Heatran|Earth Power|p2a: Garganacl
|-supereffective|p2a: Garganacl
|-damage|p2a: Garganacl|20/100
|move|p2a: Garganacl|Earthquake|p1a: Heatran
|-supereffective|p1a: Heatran
|-damage|p1a: Heatran|0 fnt
|faint|p1a: Heatran
|
|-heal|p2a: Garganacl|27/100|[from] item: Leftovers
|-end|p2a: Garganacl|Magma Storm|[partiallytrapped]|[silent]
|upkeep
|
|t:|1743880249
|switch|p1a: Kyurem|Kyurem, shiny|100/100
|-damage|p1a: Kyurem|88/100|[from] Spikes
|-ability|p1a: Kyurem|Pressure
|turn|41
|
|t:|1743880256
|move|p1a: Kyurem|Ice Beam|p2a: Garganacl
|-damage|p2a: Garganacl|0 fnt
|faint|p2a: Garganacl
|
|upkeep
|
|t:|1743880262
|switch|p2a: Zamazenta|Zamazenta|91/100
|-damage|p2a: Zamazenta|84/100|[from] Stealth Rock
|turn|42
|
|t:|1743880266
|move|p2a: Zamazenta|Close Combat|p1a: Kyurem
|-supereffective|p1a: Kyurem
|-damage|p1a: Kyurem|0 fnt
|-unboost|p2a: Zamazenta|def|1
|-unboost|p2a: Zamazenta|spd|1
|faint|p1a: Kyurem
|-damage|p2a: Zamazenta|75/100|[from] item: Life Orb
|
|upkeep
|
|t:|1743880269
|switch|p1a: Corviknight|Corviknight, M, shiny|100/100
|-ability|p1a: Corviknight|Pressure
|turn|43
|
|t:|1743880275
|move|p2a: Zamazenta|Close Combat|p1a: Corviknight
|-damage|p1a: Corviknight|54/100
|-unboost|p2a: Zamazenta|def|1
|-unboost|p2a: Zamazenta|spd|1
|-damage|p2a: Zamazenta|65/100|[from] item: Life Orb
|move|p1a: Corviknight|Brave Bird|p2a: Zamazenta
|-supereffective|p2a: Zamazenta
|-damage|p2a: Zamazenta|0 fnt
|faint|p2a: Zamazenta
|-damage|p1a: Corviknight|37/100|[from] Recoil
|
|upkeep
|
|t:|1743880278
|switch|p2a: Dragapult|Dragapult, F|100/100
|-damage|p2a: Dragapult|88/100|[from] Stealth Rock
|turn|44
|
|t:|1743880281
|move|p2a: Dragapult|Will-O-Wisp|p1a: Corviknight
|-status|p1a: Corviknight|brn
|move|p1a: Corviknight|Roost|p1a: Corviknight
|-heal|p1a: Corviknight|87/100 brn
|-singleturn|p1a: Corviknight|move: Roost
|
|-heal|p2a: Dragapult|94/100|[from] item: Leftovers
|-damage|p1a: Corviknight|81/100 brn|[from] brn
|upkeep
|turn|45
|
|t:|1743880284
|move|p2a: Dragapult|Shadow Ball|p1a: Corviknight
|-damage|p1a: Corviknight|48/100 brn
|move|p1a: Corviknight|Roost|p1a: Corviknight
|-heal|p1a: Corviknight|98/100 brn
|-singleturn|p1a: Corviknight|move: Roost
|
|-heal|p2a: Dragapult|99/100|[from] item: Leftovers
|-damage|p1a: Corviknight|92/100 brn|[from] brn
|upkeep
|turn|46
|
|t:|1743880289
|move|p2a: Dragapult|Substitute|p2a: Dragapult
|-start|p2a: Dragapult|Substitute
|-damage|p2a: Dragapult|75/100
|move|p1a: Corviknight|Brave Bird|p2a: Dragapult
|-crit|p2a: Dragapult
|-end|p2a: Dragapult|Substitute
|-damage|p1a: Corviknight|85/100 brn|[from] Recoil|[of] p2a: Dragapult
|
|-heal|p2a: Dragapult|81/100|[from] item: Leftovers
|-damage|p1a: Corviknight|79/100 brn|[from] brn
|upkeep
|turn|47
|
|t:|1743880295
|move|p2a: Dragapult|Dragon Darts|p1a: Corviknight
|-resisted|p1a: Corviknight
|-damage|p1a: Corviknight|73/100 brn
|-anim|p2a: Dragapult|Dragon Darts|p1a: Corviknight
|-resisted|p1a: Corviknight
|-damage|p1a: Corviknight|66/100 brn
|move|p1a: Corviknight|Brave Bird|p2a: Dragapult
|-damage|p2a: Dragapult|56/100
|-damage|p1a: Corviknight|60/100 brn|[from] Recoil
|
|-heal|p2a: Dragapult|62/100|[from] item: Leftovers
|-damage|p1a: Corviknight|54/100 brn|[from] brn
|upkeep
|turn|48
|
|t:|1743880305
|move|p2a: Dragapult|Shadow Ball|p1a: Corviknight
|-damage|p1a: Corviknight|23/100 brn
|-unboost|p1a: Corviknight|spd|1
|move|p1a: Corviknight|Roost|p1a: Corviknight
|-heal|p1a: Corviknight|73/100 brn
|-singleturn|p1a: Corviknight|move: Roost
|
|-heal|p2a: Dragapult|68/100|[from] item: Leftovers
|-damage|p1a: Corviknight|67/100 brn|[from] brn
|upkeep
|turn|49
|
|t:|1743880310
|move|p2a: Dragapult|Shadow Ball|p1a: Corviknight
|-damage|p1a: Corviknight|17/100 brn
|move|p1a: Corviknight|Roost|p1a: Corviknight
|-heal|p1a: Corviknight|67/100 brn
|-singleturn|p1a: Corviknight|move: Roost
|
|-heal|p2a: Dragapult|74/100|[from] item: Leftovers
|-damage|p1a: Corviknight|61/100 brn|[from] brn
|upkeep
|turn|50
|
|t:|1743880318
|move|p2a: Dragapult|Shadow Ball|p1a: Corviknight
|-damage|p1a: Corviknight|11/100 brn
|move|p1a: Corviknight|Roost|p1a: Corviknight
|-heal|p1a: Corviknight|61/100 brn
|-singleturn|p1a: Corviknight|move: Roost
|
|-heal|p2a: Dragapult|80/100|[from] item: Leftovers
|-damage|p1a: Corviknight|55/100 brn|[from] brn
|upkeep
|turn|51
|
|t:|1743880321
|move|p2a: Dragapult|Shadow Ball|p1a: Corviknight
|-damage|p1a: Corviknight|7/100 brn
|-unboost|p1a: Corviknight|spd|1
|move|p1a: Corviknight|Brave Bird|p2a: Dragapult
|-damage|p2a: Dragapult|56/100
|-damage|p1a: Corviknight|0 fnt|[from] Recoil
|faint|p1a: Corviknight
|
|win|ASilentKingambitX
|raw|whitney92's rating: 1406 &rarr; <strong>1383</strong><br />(-23 for losing)
|raw|ASilentKingambitX's rating: 1355 &rarr; <strong>1378</strong><br />(+23 for winning)
|l|☆whitney92
|player|p1|
