|j|☆rmcarmicheal
|j|☆Scizzor97
|t:|1743898811
|gametype|singles
|player|p1|rmcarmicheal|1|1369
|player|p2|Scizzor97|1|1410
|teamsize|p1|6
|teamsize|p2|6
|gen|9
|tier|[Gen 9] OU
|rated|
|rule|HP Percentage Mod: HP is shown in percentages
|rule|Endless Battle Clause: Forcing endless battles is banned
|rule|Species Clause: Limit one of each Pokémon
|rule|OHKO Clause: OHKO moves are banned
|rule|Evasion Items Clause: Evasion items are banned
|rule|Evasion Moves Clause: Evasion moves are banned
|rule|Sleep Moves Clause: Sleep-inducing moves are banned
|clearpoke
|poke|p1|Whimsicott, L1, M|
|poke|p1|Gliscor, M|
|poke|p1|Blissey, F|
|poke|p1|Toxapex, F|
|poke|p1|Cinderace, F|
|poke|p1|Gholdengo|
|poke|p2|Iron Hands|
|poke|p2|Sandslash-Alola, M|
|poke|p2|Corviknight, F|
|poke|p2|Coalossal, M|
|poke|p2|Dragapult, M|
|poke|p2|Toxicroak, M|
|teampreview
|inactive|Battle timer is ON: inactive players will automatically lose when time's up. (requested by Scizzor97)
|
|t:|1743898831
|start
|switch|p1a: Whimsicott|Whimsicott, L1, M|100/100
|switch|p2a: Sandslash|Sandslash-Alola, M|100/100
|turn|1
|
|t:|1743898840
|switch|p1a: Toxapex|Toxapex, F|100/100
|move|p2a: Sandslash|Rapid Spin|p1a: Toxapex
|-damage|p1a: Toxapex|91/100
|-boost|p2a: Sandslash|spe|1
|-damage|p2a: Sandslash|84/100|[from] item: Rocky Helmet|[of] p1a: Toxapex
|
|upkeep
|turn|2
|
|t:|1743898845
|move|p2a: Sandslash|Swords Dance|p2a: Sandslash
|-boost|p2a: Sandslash|atk|2
|move|p1a: Toxapex|Haze|p1a: Toxapex
|-clearallboost
|
|upkeep
|turn|3
|
|t:|1743898848
|move|p2a: Sandslash|Swords Dance|p2a: Sandslash
|-boost|p2a: Sandslash|atk|2
|move|p1a: Toxapex|Toxic|p2a: Sandslash
|-immune|p2a: Sandslash
|
|upkeep
|turn|4
|
|t:|1743898851
|move|p2a: Sandslash|Earthquake|p1a: Toxapex
|-supereffective|p1a: Toxapex
|-damage|p1a: Toxapex|12/100
|move|p1a: Toxapex|Haze|p1a: Toxapex
|-clearallboost
|
|upkeep
|turn|5
|
|t:|1743898856
|switch|p1a: Cinderace|Cinderace, F|100/100
|move|p2a: Sandslash|Swords Dance|p2a: Sandslash
|-boost|p2a: Sandslash|atk|2
|
|upkeep
|turn|6
|
|t:|1743898861
|switch|p2a: Coalossal|Coalossal, M, shiny|100/100
|move|p1a: Cinderace|Pyro Ball|p2a: Coalossal
|-resisted|p2a: Coalossal
|-damage|p2a: Coalossal|89/100
|-ability|p2a: Coalossal|Steam Engine|boost
|-boost|p2a: Coalossal|spe|6
|
|upkeep
|turn|7
|
|t:|1743898868
|move|p2a: Coalossal|Power Gem|p1a: Cinderace
|-supereffective|p1a: Cinderace
|-damage|p1a: Cinderace|6/100
|move|p1a: Cinderace|High Jump Kick|p2a: Coalossal
|-start|p1a: Cinderace|typechange|Fighting|[from] ability: Libero
|-supereffective|p2a: Coalossal
|-damage|p2a: Coalossal|0 fnt
|faint|p2a: Coalossal
|
|upkeep
|
|t:|1743898874
|switch|p2a: Sandslash|Sandslash-Alola, M|84/100
|turn|8
|
|t:|1743898876
|move|p2a: Sandslash|Ice Shard|p1a: Cinderace
|-crit|p1a: Cinderace
|-damage|p1a: Cinderace|0 fnt
|faint|p1a: Cinderace
|
|upkeep
|
|t:|1743898878
|switch|p1a: Gholdengo|Gholdengo|100/100
|turn|9
|
|t:|1743898891
|move|p1a: Gholdengo|Shadow Ball|p2a: Sandslash
|-damage|p2a: Sandslash|31/100
|-unboost|p2a: Sandslash|spd|1
|move|p2a: Sandslash|Earthquake|p1a: Gholdengo
|-supereffective|p1a: Gholdengo
|-damage|p1a: Gholdengo|30/100
|
|upkeep
|turn|10
|
|t:|1743898899
|move|p2a: Sandslash|Ice Shard|p1a: Gholdengo
|-resisted|p1a: Gholdengo
|-damage|p1a: Gholdengo|20/100
|move|p1a: Gholdengo|Shadow Ball|p2a: Sandslash
|-damage|p2a: Sandslash|0 fnt
|faint|p2a: Sandslash
|
|upkeep
|
|t:|1743898910
|switch|p2a: Toxicroak|Toxicroak, M, shiny|100/100
|turn|11
|
|t:|1743898914
|switch|p1a: Gliscor|Gliscor, M|100/100
|move|p2a: Toxicroak|Knock Off|p1a: Gliscor
|-damage|p1a: Gliscor|78/100
|-enditem|p1a: Gliscor|Toxic Orb|[from] move: Knock Off|[of] p2a: Toxicroak
|
|upkeep
|turn|12
|
|t:|1743898922
|switch|p2a: Corviknight|Corviknight, F, shiny|100/100
|-ability|p2a: Corviknight|Pressure
|move|p1a: Gliscor|Earthquake|p2a: Corviknight
|-immune|p2a: Corviknight
|
|upkeep
|turn|13
|
|t:|1743898927
|switch|p1a: Whimsicott|Whimsicott, L1, M|100/100
|move|p2a: Corviknight|Brave Bird|p1a: Whimsicott
|-supereffective|p1a: Whimsicott
|-enditem|p1a: Whimsicott|Focus Sash
|-damage|p1a: Whimsicott|8/100
|-damage|p2a: Corviknight|99/100|[from] Recoil
|
|upkeep
|turn|14
|
|t:|1743898939
|move|p1a: Whimsicott|Memento|p2a: Corviknight
|-unboost|p2a: Corviknight|atk|2
|-unboost|p2a: Corviknight|spa|2
|faint|p1a: Whimsicott
|move|p2a: Corviknight|Brave Bird|p1: Whimsicott|[notarget]
|-fail|p2a: Corviknight
|
|upkeep
|inactive|rmcarmicheal has 120 seconds left.
|inactive|rmcarmicheal has 90 seconds left.
|inactive|rmcarmicheal has 60 seconds left.
|inactive|rmcarmicheal has 30 seconds left.
|inactive|rmcarmicheal has 20 seconds left.
|inactive|rmcarmicheal has 15 seconds left.
|inactive|rmcarmicheal has 10 seconds left.
|inactive|rmcarmicheal has 5 seconds left.
|-message|rmcarmicheal lost due to inactivity.
|
|win|Scizzor97
|raw|rmcarmicheal's rating: 1369 &rarr; <strong>1351</strong><br />(-18 for losing)
|raw|Scizzor97's rating: 1410 &rarr; <strong>1428</strong><br />(+18 for winning)
|l|☆Scizzor97
|player|p2|
