|j|☆Starfat
|j|☆gander dander
|t:|1743828899
|gametype|singles
|player|p1|Starfat|sage|1231
|player|p2|gander dander|blaine|1213
|teamsize|p1|6
|teamsize|p2|6
|gen|9
|tier|[Gen 9] OU
|rated|
|rule|HP Percentage Mod: HP is shown in percentages
|rule|Endless Battle Clause: Forcing endless battles is banned
|rule|Species Clause: Limit one of each Pokémon
|rule|OHKO Clause: OHKO moves are banned
|rule|Evasion Items Clause: Evasion items are banned
|rule|Evasion Moves Clause: Evasion moves are banned
|rule|Sleep Moves Clause: Sleep-inducing moves are banned
|clearpoke
|poke|p1|Blissey, F|
|poke|p1|Klawf, F|
|poke|p1|Corviknight, F|
|poke|p1|Toxapex, F|
|poke|p1|Dondozo, F|
|poke|p1|Gliscor, F|
|poke|p2|Ting-Lu|
|poke|p2|Tinkaton, F|
|poke|p2|Gholdengo|
|poke|p2|Zapdos|
|poke|p2|Clodsire, F|
|poke|p2|Weavile, F|
|teampreview
|inactive|Battle timer is ON: inactive players will automatically lose when time's up. (requested by gander dander)
|
|t:|1743828908
|start
|switch|p1a: Klawf|Klawf, F, shiny|100/100
|switch|p2a: Tinkaton|Tinkaton, F|100/100
|-ability|p2a: Tinkaton|Mold Breaker
|-item|p2a: Tinkaton|Air Balloon
|turn|1
|
|t:|1743828921
|switch|p1a: Toxapex|Toxapex, F, shiny|100/100
|move|p2a: Tinkaton|Stealth Rock|p1a: Toxapex
|-sidestart|p1: Starfat|move: Stealth Rock
|
|upkeep
|turn|2
|
|t:|1743828926
|switch|p1a: Gliscor|Gliscor, F, shiny|100/100
|-damage|p1a: Gliscor|88/100|[from] Stealth Rock
|move|p2a: Tinkaton|Thunder Wave|p1a: Gliscor
|-immune|p1a: Gliscor
|
|-status|p1a: Gliscor|tox|[from] item: Toxic Orb
|upkeep
|turn|3
|
|t:|1743828936
|switch|p2a: Ting-Lu|Ting-Lu|100/100
|-ability|p2a: Ting-Lu|Vessel of Ruin
|move|p1a: Gliscor|Knock Off|p2a: Ting-Lu
|-resisted|p2a: Ting-Lu
|-damage|p2a: Ting-Lu|94/100
|-enditem|p2a: Ting-Lu|Leftovers|[from] move: Knock Off|[of] p1a: Gliscor
|
|-heal|p1a: Gliscor|100/100 tox|[from] ability: Poison Heal
|upkeep
|turn|4
|
|t:|1743828945
|move|p1a: Gliscor|Spikes|p2a: Ting-Lu
|-sidestart|p2: gander dander|Spikes
|move|p2a: Ting-Lu|Spikes|p1a: Gliscor
|-sidestart|p1: Starfat|Spikes
|
|upkeep
|turn|5
|
|t:|1743828949
|move|p1a: Gliscor|Spikes|p2a: Ting-Lu
|-sidestart|p2: gander dander|Spikes
|move|p2a: Ting-Lu|Spikes|p1a: Gliscor
|-sidestart|p1: Starfat|Spikes
|
|upkeep
|turn|6
|
|t:|1743828953
|move|p1a: Gliscor|Spikes|p2a: Ting-Lu
|-sidestart|p2: gander dander|Spikes
|move|p2a: Ting-Lu|Spikes|p1a: Gliscor
|-sidestart|p1: Starfat|Spikes
|
|upkeep
|turn|7
|
|t:|1743828957
|move|p1a: Gliscor|Protect|p1a: Gliscor
|-singleturn|p1a: Gliscor|Protect
|move|p2a: Ting-Lu|Whirlwind|p1a: Gliscor
|drag|p1a: Dondozo|Dondozo, F, shiny|100/100
|
|upkeep
|turn|8
|
|t:|1743828963
|move|p1a: Dondozo|Avalanche|p2a: Ting-Lu
|-supereffective|p2a: Ting-Lu
|-damage|p2a: Ting-Lu|80/100
|move|p2a: Ting-Lu|Whirlwind|p1a: Dondozo
|drag|p1a: Blissey|Blissey, F, shiny|100/100
|
|upkeep
|turn|9
|
|t:|1743828970
|switch|p2a: Weavile|Weavile, F|100/100
|-ability|p2a: Weavile|Pressure
|move|p1a: Blissey|Ice Beam|p2a: Weavile
|-resisted|p2a: Weavile
|-damage|p2a: Weavile|89/100
|
|upkeep
|turn|10
|
|t:|1743828983
|switch|p1a: Toxapex|Toxapex, F, shiny|100/100
|move|p2a: Weavile|Knock Off|p1a: Toxapex
|-damage|p1a: Toxapex|74/100
|-enditem|p1a: Toxapex|Heavy-Duty Boots|[from] move: Knock Off|[of] p2a: Weavile
|
|upkeep
|turn|11
|
|t:|1743828994
|switch|p2a: Zapdos|Zapdos|100/100
|move|p1a: Toxapex|Toxic Spikes|p2a: Zapdos
|-sidestart|p2: gander dander|move: Toxic Spikes
|
|upkeep
|turn|12
|
|t:|1743829000
|switch|p1a: Blissey|Blissey, F, shiny|100/100
|move|p2a: Zapdos|Discharge|p1a: Blissey
|-damage|p1a: Blissey|89/100
|
|upkeep
|turn|13
|
|t:|1743829010
|switch|p2a: Clodsire|Clodsire, F|100/100
|-sideend|p2: gander dander|move: Toxic Spikes|[of] p2a: Clodsire
|switch|p1a: Corviknight|Corviknight, F, shiny|100/100
|-damage|p1a: Corviknight|88/100|[from] Stealth Rock
|-ability|p1a: Corviknight|Pressure
|
|upkeep
|turn|14
|
|t:|1743829018
|switch|p2a: Gholdengo|Gholdengo|100/100
|-damage|p2a: Gholdengo|76/100|[from] Spikes
|move|p1a: Corviknight|Defog|p2a: Gholdengo
|-immune|p2a: Gholdengo|[from] ability: Good as Gold
|
|upkeep
|turn|15
|
|t:|1743829025
|switch|p1a: Toxapex|Toxapex, F, shiny|100/100
|-damage|p1a: Toxapex|88/100|[from] Stealth Rock
|-damage|p1a: Toxapex|63/100|[from] Spikes
|move|p2a: Gholdengo|Nasty Plot|p2a: Gholdengo
|-boost|p2a: Gholdengo|spa|2
|
|upkeep
|turn|16
|
|t:|1743829033
|switch|p1a: Blissey|Blissey, F, shiny|89/100
|move|p2a: Gholdengo|Shadow Ball|p1a: Blissey
|-immune|p1a: Blissey
|
|upkeep
|turn|17
|
|t:|1743829042
|switch|p2a: Weavile|Weavile, F|89/100
|-ability|p2a: Weavile|Pressure
|move|p1a: Blissey|Calm Mind|p1a: Blissey
|-boost|p1a: Blissey|spa|1
|-boost|p1a: Blissey|spd|1
|
|upkeep
|turn|18
|
|t:|1743829049
|switch|p1a: Corviknight|Corviknight, F, shiny|88/100
|-damage|p1a: Corviknight|75/100|[from] Stealth Rock
|-ability|p1a: Corviknight|Pressure
|move|p2a: Weavile|Knock Off|p1a: Corviknight
|-damage|p1a: Corviknight|45/100
|-damage|p2a: Weavile|73/100|[from] item: Rocky Helmet|[of] p1a: Corviknight
|-enditem|p1a: Corviknight|Rocky Helmet|[from] move: Knock Off|[of] p2a: Weavile
|
|upkeep
|turn|19
|
|t:|1743829059
|switch|p2a: Zapdos|Zapdos|100/100
|move|p1a: Corviknight|Roost|p1a: Corviknight
|-heal|p1a: Corviknight|95/100
|-singleturn|p1a: Corviknight|move: Roost
|
|upkeep
|turn|20
|
|t:|1743829067
|switch|p1a: Blissey|Blissey, F, shiny|89/100
|move|p2a: Zapdos|U-turn|p1a: Blissey
|-damage|p1a: Blissey|77/100
|
|t:|1743829072
|switch|p2a: Weavile|Weavile, F|73/100|[from] U-turn
|-ability|p2a: Weavile|Pressure
|
|upkeep
|turn|21
|
|t:|1743829079
|switch|p1a: Toxapex|Toxapex, F, shiny|96/100
|-damage|p1a: Toxapex|84/100|[from] Stealth Rock
|-damage|p1a: Toxapex|59/100|[from] Spikes
|move|p2a: Weavile|Knock Off|p1a: Toxapex
|-damage|p1a: Toxapex|41/100
|
|upkeep
|turn|22
|
|t:|1743829091
|switch|p2a: Zapdos|Zapdos|100/100
|switch|p1a: Corviknight|Corviknight, F, shiny|95/100
|-damage|p1a: Corviknight|83/100|[from] Stealth Rock
|-ability|p1a: Corviknight|Pressure
|
|upkeep
|turn|23
|
|t:|1743829099
|switch|p1a: Gliscor|Gliscor, F, shiny|100/100 tox
|-damage|p1a: Gliscor|88/100 tox|[from] Stealth Rock
|move|p2a: Zapdos|Discharge|p1a: Gliscor
|-immune|p1a: Gliscor
|
|-heal|p1a: Gliscor|100/100 tox|[from] ability: Poison Heal
|upkeep
|turn|24
|
|t:|1743829107
|move|p2a: Zapdos|U-turn|p1a: Gliscor
|-resisted|p1a: Gliscor
|-damage|p1a: Gliscor|95/100 tox
|
|t:|1743829110
|switch|p2a: Tinkaton|Tinkaton, F|100/100|[from] U-turn
|-ability|p2a: Tinkaton|Mold Breaker
|-item|p2a: Tinkaton|Air Balloon
|move|p1a: Gliscor|Knock Off|p2a: Tinkaton
|-resisted|p2a: Tinkaton
|-damage|p2a: Tinkaton|89/100
|-enditem|p2a: Tinkaton|Air Balloon
|
|-heal|p1a: Gliscor|100/100 tox|[from] ability: Poison Heal
|upkeep
|turn|25
|
|t:|1743829121
|move|p1a: Gliscor|Protect|p1a: Gliscor
|-singleturn|p1a: Gliscor|Protect
|move|p2a: Tinkaton|Encore|p1a: Gliscor
|-activate|p1a: Gliscor|move: Protect
|
|upkeep
|turn|26
|
|t:|1743829125
|move|p2a: Tinkaton|Encore|p1a: Gliscor
|-start|p1a: Gliscor|Encore
|move|p1a: Gliscor|Protect||[still]
|-fail|p1a: Gliscor
|
|upkeep
|turn|27
|
|t:|1743829132
|switch|p2a: Weavile|Weavile, F|73/100
|-ability|p2a: Weavile|Pressure
|switch|p1a: Toxapex|Toxapex, F, shiny|74/100
|-damage|p1a: Toxapex|62/100|[from] Stealth Rock
|-damage|p1a: Toxapex|37/100|[from] Spikes
|
|upkeep
|turn|28
|
|t:|1743829145
|switch|p1a: Klawf|Klawf, F, shiny|100/100
|-damage|p1a: Klawf|88/100|[from] Stealth Rock
|-damage|p1a: Klawf|63/100|[from] Spikes
|move|p2a: Weavile|Swords Dance|p2a: Weavile
|-boost|p2a: Weavile|atk|2
|
|upkeep
|turn|29
|
|t:|1743829154
|switch|p1a: Dondozo|Dondozo, F, shiny|100/100
|move|p2a: Weavile|Triple Axel|p1a: Dondozo
|-resisted|p1a: Dondozo
|-damage|p1a: Dondozo|98/100
|-hitcount|p1a: Dondozo|1
|
|upkeep
|turn|30
|
|t:|1743829161
|move|p2a: Weavile|Knock Off|p1a: Dondozo
|-damage|p1a: Dondozo|78/100
|-enditem|p1a: Dondozo|Heavy-Duty Boots|[from] move: Knock Off|[of] p2a: Weavile
|move|p1a: Dondozo|Body Press|p2a: Weavile
|-supereffective|p2a: Weavile
|-damage|p2a: Weavile|0 fnt
|faint|p2a: Weavile
|
|upkeep
|
|t:|1743829175
|switch|p2a: Zapdos|Zapdos|100/100
|turn|31
|
|t:|1743829204
|switch|p1a: Blissey|Blissey, F, shiny|77/100
|move|p2a: Zapdos|U-turn|p1a: Blissey
|-damage|p1a: Blissey|64/100
|
|t:|1743829209
|switch|p2a: Tinkaton|Tinkaton, F|89/100|[from] U-turn
|-damage|p2a: Tinkaton|64/100|[from] Spikes
|-ability|p2a: Tinkaton|Mold Breaker
|
|upkeep
|turn|32
|
|t:|1743829216
|switch|p1a: Gliscor|Gliscor, F, shiny|100/100 tox
|-damage|p1a: Gliscor|88/100 tox|[from] Stealth Rock
|move|p2a: Tinkaton|Gigaton Hammer|p1a: Gliscor
|-damage|p1a: Gliscor|57/100 tox
|
|-heal|p1a: Gliscor|70/100 tox|[from] ability: Poison Heal
|upkeep
|turn|33
|
|t:|1743829226
|switch|p2a: Ting-Lu|Ting-Lu|80/100
|-damage|p2a: Ting-Lu|55/100|[from] Spikes
|-ability|p2a: Ting-Lu|Vessel of Ruin
|move|p1a: Gliscor|Earthquake|p2a: Ting-Lu
|-damage|p2a: Ting-Lu|36/100
|
|-heal|p1a: Gliscor|82/100 tox|[from] ability: Poison Heal
|upkeep
|turn|34
|
|t:|1743829235
|move|p1a: Gliscor|Knock Off|p2a: Ting-Lu
|-resisted|p2a: Ting-Lu
|-damage|p2a: Ting-Lu|32/100
|move|p2a: Ting-Lu|Whirlwind|p1a: Gliscor
|drag|p1a: Corviknight|Corviknight, F, shiny|83/100
|-damage|p1a: Corviknight|70/100|[from] Stealth Rock
|-ability|p1a: Corviknight|Pressure
|
|upkeep
|turn|35
|
|t:|1743829246
|switch|p1a: Blissey|Blissey, F, shiny|64/100
|switch|p2a: Gholdengo|Gholdengo|76/100
|-damage|p2a: Gholdengo|51/100|[from] Spikes
|
|upkeep
|turn|36
|
|t:|1743829252
|move|p2a: Gholdengo|Recover|p2a: Gholdengo
|-heal|p2a: Gholdengo|100/100
|move|p1a: Blissey|Soft-Boiled|p1a: Blissey
|-heal|p1a: Blissey|100/100
|
|upkeep
|turn|37
|
|t:|1743829263
|switch|p2a: Clodsire|Clodsire, F|100/100
|move|p1a: Blissey|Ice Beam|p2a: Clodsire
|-supereffective|p2a: Clodsire
|-damage|p2a: Clodsire|84/100
|
|upkeep
|turn|38
|
|t:|1743829269
|switch|p1a: Corviknight|Corviknight, F, shiny|70/100
|-damage|p1a: Corviknight|58/100|[from] Stealth Rock
|-ability|p1a: Corviknight|Pressure
|move|p2a: Clodsire|Toxic|p1a: Corviknight
|-immune|p1a: Corviknight
|
|upkeep
|turn|39
|
|t:|1743829285
|switch|p2a: Gholdengo|Gholdengo|100/100
|-damage|p2a: Gholdengo|76/100|[from] Spikes
|move|p1a: Corviknight|Defog|p2a: Gholdengo
|-immune|p2a: Gholdengo|[from] ability: Good as Gold
|
|upkeep
|turn|40
|
|t:|1743829292
|move|p2a: Gholdengo|Nasty Plot|p2a: Gholdengo
|-boost|p2a: Gholdengo|spa|2
|move|p1a: Corviknight|Roost|p1a: Corviknight
|-heal|p1a: Corviknight|100/100
|-singleturn|p1a: Corviknight|move: Roost
|
|upkeep
|turn|41
|
|t:|1743829298
|switch|p1a: Blissey|Blissey, F, shiny|100/100
|move|p2a: Gholdengo|Nasty Plot|p2a: Gholdengo
|-boost|p2a: Gholdengo|spa|2
|
|upkeep
|turn|42
|
|t:|1743829304
|move|p2a: Gholdengo|Nasty Plot|p2a: Gholdengo
|-boost|p2a: Gholdengo|spa|2
|move|p1a: Blissey|Calm Mind|p1a: Blissey
|-boost|p1a: Blissey|spa|1
|-boost|p1a: Blissey|spd|1
|
|upkeep
|turn|43
|
|t:|1743829310
|move|p2a: Gholdengo|Make It Rain|p1a: Blissey
|-damage|p1a: Blissey|55/100
|-unboost|p2a: Gholdengo|spa|1
|move|p1a: Blissey|Calm Mind|p1a: Blissey
|-boost|p1a: Blissey|spa|1
|-boost|p1a: Blissey|spd|1
|
|upkeep
|turn|44
|
|t:|1743829318
|move|p2a: Gholdengo|Make It Rain|p1a: Blissey
|-damage|p1a: Blissey|27/100
|-unboost|p2a: Gholdengo|spa|1
|move|p1a: Blissey|Soft-Boiled|p1a: Blissey
|-heal|p1a: Blissey|77/100
|
|upkeep
|turn|45
|
|t:|1743829328
|switch|p2a: Ting-Lu|Ting-Lu|32/100
|-damage|p2a: Ting-Lu|7/100|[from] Spikes
|-ability|p2a: Ting-Lu|Vessel of Ruin
|move|p1a: Blissey|Shadow Ball|p2a: Ting-Lu
|-resisted|p2a: Ting-Lu
|-damage|p2a: Ting-Lu|1/100
|
|upkeep
|turn|46
|
|t:|1743829337
|move|p1a: Blissey|Ice Beam|p2a: Ting-Lu
|-supereffective|p2a: Ting-Lu
|-damage|p2a: Ting-Lu|0 fnt
|faint|p2a: Ting-Lu
|
|upkeep
|
|t:|1743829341
|switch|p2a: Clodsire|Clodsire, F|84/100
|turn|47
|
|t:|1743829348
|move|p1a: Blissey|Ice Beam|p2a: Clodsire
|-supereffective|p2a: Clodsire
|-crit|p2a: Clodsire
|-damage|p2a: Clodsire|28/100
|move|p2a: Clodsire|Toxic|p1a: Blissey
|-status|p1a: Blissey|tox
|
|-damage|p1a: Blissey|70/100 tox|[from] psn
|upkeep
|turn|48
|
|t:|1743829358
|switch|p2a: Tinkaton|Tinkaton, F|64/100
|-damage|p2a: Tinkaton|39/100|[from] Spikes
|-ability|p2a: Tinkaton|Mold Breaker
|move|p1a: Blissey|Shadow Ball|p2a: Tinkaton
|-damage|p2a: Tinkaton|15/100
|
|-damage|p1a: Blissey|58/100 tox|[from] psn
|upkeep
|turn|49
|
|t:|1743829369
|-curestatus|p1a: Blissey|tox|[from] ability: Natural Cure
|switch|p1a: Klawf|Klawf, F, shiny|96/100
|-damage|p1a: Klawf|84/100|[from] Stealth Rock
|-damage|p1a: Klawf|59/100|[from] Spikes
|move|p2a: Tinkaton|Encore||[still]
|-fail|p2a: Tinkaton
|
|upkeep
|turn|50
|
|t:|1743829377
|move|p2a: Tinkaton|Gigaton Hammer|p1a: Klawf
|-supereffective|p1a: Klawf
|-damage|p1a: Klawf|0 fnt
|faint|p1a: Klawf
|
|upkeep
|
|t:|1743829381
|switch|p1a: Corviknight|Corviknight, F, shiny|100/100
|-damage|p1a: Corviknight|88/100|[from] Stealth Rock
|-ability|p1a: Corviknight|Pressure
|turn|51
|
|t:|1743829386
|move|p2a: Tinkaton|Thunder Wave|p1a: Corviknight
|-status|p1a: Corviknight|par
|move|p1a: Corviknight|Brave Bird|p2a: Tinkaton
|-resisted|p2a: Tinkaton
|-damage|p2a: Tinkaton|0 fnt
|faint|p2a: Tinkaton
|-damage|p1a: Corviknight|83/100 par|[from] Recoil
|
|upkeep
|
|t:|1743829393
|switch|p2a: Gholdengo|Gholdengo|76/100
|-damage|p2a: Gholdengo|51/100|[from] Spikes
|turn|52
|
|t:|1743829397
|switch|p1a: Gliscor|Gliscor, F, shiny|82/100 tox
|-damage|p1a: Gliscor|70/100 tox|[from] Stealth Rock
|move|p2a: Gholdengo|Recover|p2a: Gholdengo
|-heal|p2a: Gholdengo|100/100
|
|-heal|p1a: Gliscor|82/100 tox|[from] ability: Poison Heal
|upkeep
|turn|53
|
|t:|1743829405
|move|p1a: Gliscor|Knock Off|p2a: Gholdengo
|-supereffective|p2a: Gholdengo
|-damage|p2a: Gholdengo|72/100
|-damage|p1a: Gliscor|66/100 tox|[from] item: Rocky Helmet|[of] p2a: Gholdengo
|-enditem|p2a: Gholdengo|Rocky Helmet|[from] move: Knock Off|[of] p1a: Gliscor
|move|p2a: Gholdengo|Nasty Plot|p2a: Gholdengo
|-boost|p2a: Gholdengo|spa|2
|
|-heal|p1a: Gliscor|78/100 tox|[from] ability: Poison Heal
|upkeep
|turn|54
|
|t:|1743829414
|move|p1a: Gliscor|Earthquake|p2a: Gholdengo
|-supereffective|p2a: Gholdengo
|-damage|p2a: Gholdengo|25/100
|move|p2a: Gholdengo|Nasty Plot|p2a: Gholdengo
|-boost|p2a: Gholdengo|spa|2
|
|-heal|p1a: Gliscor|91/100 tox|[from] ability: Poison Heal
|upkeep
|turn|55
|-message|gander dander forfeited.
|
|win|Starfat
|raw|Starfat's rating: 1231 &rarr; <strong>1255</strong><br />(+24 for winning)
|raw|gander dander's rating: 1213 &rarr; <strong>1189</strong><br />(-24 for losing)
|l|☆gander dander
|player|p2|
|l|☆Starfat
|player|p1|
