|j|☆CryoticNova
|j|☆xTamer
|t:|1743912879
|gametype|singles
|player|p1|CryoticNova|102|1072
|player|p2|xTamer|2|1090
|teamsize|p1|6
|teamsize|p2|6
|gen|9
|tier|[Gen 9] OU
|rated|
|rule|HP Percentage Mod: HP is shown in percentages
|rule|Endless Battle Clause: Forcing endless battles is banned
|rule|Species Clause: Limit one of each Pokémon
|rule|OHKO Clause: OHKO moves are banned
|rule|Evasion Items Clause: Evasion items are banned
|rule|Evasion Moves Clause: Evasion moves are banned
|rule|Sleep Moves Clause: Sleep-inducing moves are banned
|clearpoke
|poke|p1|Scizor, M|
|poke|p1|Lokix, F|
|poke|p1|Yanmega, F|
|poke|p1|Ninetales-Alola, M|
|poke|p1|Typhlosion-Hisui, F|
|poke|p1|Slowbro, M|
|poke|p2|Lucario, M|
|poke|p2|Skarmory, F|
|poke|p2|Polteageist-Antique|
|poke|p2|Garchomp, F|
|poke|p2|Iron Moth|
|poke|p2|Weezing-Galar, F|
|teampreview
|inactive|Battle timer is ON: inactive players will automatically lose when time's up. (requested by xTamer)
|
|t:|1743912895
|start
|switch|p1a: Slowbro|Slowbro, M|100/100
|switch|p2a: Lucario|Lucario, M|100/100
|turn|1
|
|t:|1743912909
|move|p2a: Lucario|Dark Pulse|p1a: Slowbro
|-supereffective|p1a: Slowbro
|-damage|p1a: Slowbro|32/100
|-damage|p2a: Lucario|91/100|[from] item: Life Orb
|move|p1a: Slowbro|Nasty Plot|p1a: Slowbro
|-boost|p1a: Slowbro|spa|2
|
|-heal|p1a: Slowbro|38/100|[from] item: Leftovers
|upkeep
|turn|2
|
|t:|1743912922
|-terastallize|p1a: Slowbro|Water
|move|p2a: Lucario|Dark Pulse|p1a: Slowbro
|-crit|p1a: Slowbro
|-damage|p1a: Slowbro|0 fnt
|faint|p1a: Slowbro
|-damage|p2a: Lucario|81/100|[from] item: Life Orb
|
|upkeep
|
|t:|1743912940
|switch|p1a: Typhlosion|Typhlosion-Hisui, F|100/100
|turn|3
|
|t:|1743912950
|move|p1a: Typhlosion|Infernal Parade|p2a: Lucario
|-damage|p2a: Lucario|24/100
|move|p2a: Lucario|Dark Pulse|p1a: Typhlosion
|-supereffective|p1a: Typhlosion
|-damage|p1a: Typhlosion|14/100
|-damage|p2a: Lucario|14/100|[from] item: Life Orb
|
|upkeep
|turn|4
|
|t:|1743912959
|move|p1a: Typhlosion|Infernal Parade|p2a: Lucario
|-damage|p2a: Lucario|0 fnt
|faint|p2a: Lucario
|
|upkeep
|
|t:|1743912964
|switch|p2a: Garchomp|Garchomp, F|100/100
|turn|5
|
|t:|1743912971
|switch|p1a: Yanmega|Yanmega, F|100/100
|move|p2a: Garchomp|Swords Dance|p2a: Garchomp
|-boost|p2a: Garchomp|atk|2
|
|upkeep
|turn|6
|
|t:|1743912983
|move|p2a: Garchomp|Scale Shot|p1a: Yanmega
|-damage|p1a: Yanmega|70/100
|-damage|p1a: Yanmega|40/100
|-damage|p1a: Yanmega|9/100
|-damage|p1a: Yanmega|0 fnt
|faint|p1a: Yanmega
|-hitcount|p1: Yanmega|4
|-unboost|p2a: Garchomp|def|1
|-boost|p2a: Garchomp|spe|1
|
|upkeep
|
|t:|1743912996
|switch|p1a: Ninetales|Ninetales-Alola, M|100/100
|-weather|Snowscape|[from] ability: Snow Warning|[of] p1a: Ninetales
|turn|7
|
|t:|1743913006
|-terastallize|p2a: Garchomp|Fairy
|move|p2a: Garchomp|Earthquake|p1a: Ninetales
|-enditem|p1a: Ninetales|Focus Sash
|-damage|p1a: Ninetales|1/100
|move|p1a: Ninetales|Ice Beam|p2a: Garchomp
|-damage|p2a: Garchomp|63/100
|
|-weather|Snowscape|[upkeep]
|upkeep
|turn|8
|
|t:|1743913019
|move|p2a: Garchomp|Earthquake|p1a: Ninetales
|-damage|p1a: Ninetales|0 fnt
|faint|p1a: Ninetales
|
|-weather|Snowscape|[upkeep]
|upkeep
|
|t:|1743913028
|switch|p1a: Lokix|Lokix, F|100/100
|turn|9
|
|t:|1743913039
|move|p1a: Lokix|First Impression|p2a: Garchomp
|-resisted|p2a: Garchomp
|-damage|p2a: Garchomp|0 fnt
|-damage|p1a: Lokix|88/100|[from] ability: Rough Skin|[of] p2a: Garchomp
|faint|p2a: Garchomp
|
|-weather|Snowscape|[upkeep]
|upkeep
|
|t:|1743913048
|switch|p2a: Iron Moth|Iron Moth|100/100
|-enditem|p2a: Iron Moth|Booster Energy
|-activate|p2a: Iron Moth|ability: Quark Drive|[fromitem]
|-start|p2a: Iron Moth|quarkdrivespa
|turn|10
|
|t:|1743913055
|switch|p1a: Typhlosion|Typhlosion-Hisui, F|14/100
|move|p2a: Iron Moth|Fiery Dance|p1a: Typhlosion
|-resisted|p1a: Typhlosion
|-damage|p1a: Typhlosion|0 fnt
|faint|p1a: Typhlosion
|
|-weather|Snowscape|[upkeep]
|upkeep
|
|t:|1743913063
|switch|p1a: Scizor|Scizor, M|100/100
|turn|11
|
|t:|1743913070
|move|p2a: Iron Moth|Fiery Dance|p1a: Scizor
|-supereffective|p1a: Scizor
|-damage|p1a: Scizor|0 fnt
|-boost|p2a: Iron Moth|spa|1
|faint|p1a: Scizor
|
|-weather|none
|upkeep
|
|t:|1743913077
|switch|p1a: Lokix|Lokix, F|88/100
|turn|12
|
|t:|1743913080
|move|p1a: Lokix|First Impression|p2a: Iron Moth
|-resisted|p2a: Iron Moth
|-damage|p2a: Iron Moth|45/100
|move|p2a: Iron Moth|Fiery Dance|p1a: Lokix
|-supereffective|p1a: Lokix
|-damage|p1a: Lokix|0 fnt
|faint|p1a: Lokix
|
|win|xTamer
|raw|CryoticNova's rating: 1072 &rarr; <strong>1052</strong><br />(-20 for losing)
|raw|xTamer's rating: 1090 &rarr; <strong>1115</strong><br />(+25 for winning)
|l|☆CryoticNova
|player|p1|
