|j|☆Ceron75
|j|☆bart111
|t:|1743874020
|gametype|singles
|player|p1|Ceron75|colress|1209
|player|p2|bart111|emmet|1229
|teamsize|p1|6
|teamsize|p2|6
|gen|9
|tier|[Gen 9] OU
|rated|
|rule|HP Percentage Mod: HP is shown in percentages
|rule|Endless Battle Clause: Forcing endless battles is banned
|rule|Species Clause: Limit one of each Pokémon
|rule|OHKO Clause: OHKO moves are banned
|rule|Evasion Items Clause: Evasion items are banned
|rule|Evasion Moves Clause: Evasion moves are banned
|rule|Sleep Moves Clause: Sleep-inducing moves are banned
|clearpoke
|poke|p1|Samurott-Hisui, M|
|poke|p1|Murkrow, F|
|poke|p1|Ribombee, F|
|poke|p1|Clodsire, F|
|poke|p1|Corviknight, M|
|poke|p1|Kingambit, M|
|poke|p2|Walking Wake|
|poke|p2|Torkoal, M|
|poke|p2|Venusaur, M|
|poke|p2|Typhlosion-Hisui, F|
|poke|p2|Hatterene, F|
|poke|p2|Conkeldurr, M|
|teampreview
|inactive|Battle timer is ON: inactive players will automatically lose when time's up. (requested by bart111)
|inactive|Ceron75 also wants the timer to be on.
|
|t:|1743874025
|start
|switch|p1a: Ribombee|Ribombee, F|100/100
|switch|p2a: Torkoal|Torkoal, M|100/100
|-weather|SunnyDay|[from] ability: Drought|[of] p2a: Torkoal
|turn|1
|
|t:|1743874037
|switch|p2a: Hatterene|Hatterene, F|100/100
|move|p1a: Ribombee|U-turn|p2a: Hatterene
|-damage|p2a: Hatterene|86/100
|-enditem|p2a: Hatterene|Eject Button
|
|t:|1743874044
|switch|p2a: Walking Wake|Walking Wake|100/100
|-activate|p2a: Walking Wake|ability: Protosynthesis
|-start|p2a: Walking Wake|protosynthesisspa
|
|-weather|SunnyDay|[upkeep]
|upkeep
|turn|2
|
|t:|1743874061
|move|p1a: Ribombee|Tailwind|p1a: Ribombee
|-sidestart|p1: Ceron75|move: Tailwind
|move|p2a: Walking Wake|Hydro Steam|p1a: Ribombee
|-enditem|p1a: Ribombee|Focus Sash
|-damage|p1a: Ribombee|1/100
|
|-weather|SunnyDay|[upkeep]
|upkeep
|turn|3
|
|t:|1743874069
|-end|p2a: Walking Wake|Protosynthesis|[silent]
|switch|p2a: Venusaur|Venusaur, M|100/100
|move|p1a: Ribombee|Sticky Web|p2a: Venusaur
|-sidestart|p2: bart111|move: Sticky Web
|
|-weather|SunnyDay|[upkeep]
|upkeep
|turn|4
|
|t:|1743874081
|move|p1a: Ribombee|U-turn|p2a: Venusaur
|-damage|p2a: Venusaur|84/100
|
|t:|1743874090
|switch|p1a: Murkrow|Murkrow, F|100/100|[from] U-turn
|move|p2a: Venusaur|Weather Ball|p1a: Murkrow
|-damage|p1a: Murkrow|24/100
|-damage|p2a: Venusaur|74/100|[from] item: Life Orb
|
|-weather|SunnyDay|[upkeep]
|upkeep
|turn|5
|
|t:|1743874100
|switch|p2a: Conkeldurr|Conkeldurr, M|100/100
|-activate|p2a: Conkeldurr|move: Sticky Web
|-unboost|p2a: Conkeldurr|spe|1
|move|p1a: Murkrow|Perish Song|p1a: Murkrow
|-start|p1a: Murkrow|perish3|[silent]
|-start|p2a: Conkeldurr|perish3|[silent]
|-fieldactivate|move: Perish Song
|
|-weather|SunnyDay|[upkeep]
|-start|p1a: Murkrow|perish3
|-start|p2a: Conkeldurr|perish3
|-sideend|p1: Ceron75|move: Tailwind
|upkeep
|turn|6
|
|t:|1743874109
|move|p2a: Conkeldurr|Mach Punch|p1a: Murkrow
|-damage|p1a: Murkrow|0 fnt
|faint|p1a: Murkrow
|
|-weather|SunnyDay|[upkeep]
|-start|p2a: Conkeldurr|perish2
|upkeep
|
|t:|1743874116
|switch|p1a: Samurott|Samurott-Hisui, M|100/100
|turn|7
|
|t:|1743874123
|-terastallize|p1a: Samurott|Ghost
|move|p1a: Samurott|Ceaseless Edge|p2a: Conkeldurr
|-resisted|p2a: Conkeldurr
|-damage|p2a: Conkeldurr|79/100
|-sidestart|p2: bart111|Spikes
|move|p2a: Conkeldurr|Drain Punch|p1a: Samurott
|-immune|p1a: Samurott
|
|-weather|SunnyDay|[upkeep]
|-start|p2a: Conkeldurr|perish1
|upkeep
|turn|8
|
|t:|1743874134
|switch|p2a: Torkoal|Torkoal, M|100/100
|-activate|p2a: Torkoal|move: Sticky Web
|-unboost|p2a: Torkoal|spe|1
|-damage|p2a: Torkoal|88/100|[from] Spikes
|move|p1a: Samurott|Ceaseless Edge|p2a: Torkoal
|-damage|p2a: Torkoal|59/100
|-sidestart|p2: bart111|Spikes
|
|-weather|none
|upkeep
|turn|9
|
|t:|1743874147
|move|p1a: Samurott|Ceaseless Edge|p2a: Torkoal
|-damage|p2a: Torkoal|34/100
|-sidestart|p2: bart111|Spikes
|move|p2a: Torkoal|Lava Plume|p1a: Samurott
|-damage|p1a: Samurott|65/100
|-status|p1a: Samurott|brn
|
|-damage|p1a: Samurott|59/100 brn|[from] brn
|upkeep
|turn|10
|
|t:|1743874162
|switch|p1a: Ribombee|Ribombee, F|1/100
|switch|p2a: Hatterene|Hatterene, F|86/100
|-activate|p2a: Hatterene|move: Sticky Web
|-unboost|p2a: Hatterene|spe|1
|-damage|p2a: Hatterene|61/100|[from] Spikes
|
|upkeep
|turn|11
|
|t:|1743874172
|move|p1a: Ribombee|Moonblast|p2a: Hatterene
|-damage|p2a: Hatterene|25/100
|move|p2a: Hatterene|Nuzzle|p1a: Ribombee
|-damage|p1a: Ribombee|0 fnt
|faint|p1a: Ribombee
|
|upkeep
|
|t:|1743874178
|switch|p1a: Samurott|Samurott-Hisui, M, tera:Ghost|59/100 brn
|turn|12
|
|t:|1743874184
|move|p1a: Samurott|Aqua Cutter|p2a: Hatterene
|-damage|p2a: Hatterene|0 fnt
|faint|p2a: Hatterene
|
|-damage|p1a: Samurott|53/100 brn|[from] brn
|upkeep
|
|t:|1743874193
|switch|p2a: Torkoal|Torkoal, M|34/100
|-activate|p2a: Torkoal|move: Sticky Web
|-unboost|p2a: Torkoal|spe|1
|-damage|p2a: Torkoal|9/100|[from] Spikes
|-weather|SunnyDay|[from] ability: Drought|[of] p2a: Torkoal
|turn|13
|
|t:|1743874203
|switch|p2a: Venusaur|Venusaur, M|74/100
|-activate|p2a: Venusaur|move: Sticky Web
|-unboost|p2a: Venusaur|spe|1
|-damage|p2a: Venusaur|49/100|[from] Spikes
|move|p1a: Samurott|Aqua Cutter|p2a: Venusaur
|-resisted|p2a: Venusaur
|-damage|p2a: Venusaur|40/100
|
|-weather|SunnyDay|[upkeep]
|-damage|p1a: Samurott|46/100 brn|[from] brn
|upkeep
|turn|14
|
|t:|1743874215
|switch|p1a: Corviknight|Corviknight, M|100/100
|-ability|p1a: Corviknight|Pressure
|move|p2a: Venusaur|Weather Ball|p1a: Corviknight
|-supereffective|p1a: Corviknight
|-damage|p1a: Corviknight|0 fnt
|faint|p1a: Corviknight
|-damage|p2a: Venusaur|30/100|[from] item: Life Orb
|
|-weather|SunnyDay|[upkeep]
|upkeep
|
|t:|1743874229
|switch|p1a: Samurott|Samurott-Hisui, M, tera:Ghost|46/100 brn
|turn|15
|
|t:|1743874241
|move|p1a: Samurott|Ceaseless Edge|p2a: Venusaur
|-damage|p2a: Venusaur|0 fnt
|faint|p2a: Venusaur
|
|-weather|SunnyDay|[upkeep]
|-damage|p1a: Samurott|40/100 brn|[from] brn
|upkeep
|
|t:|1743874251
|switch|p2a: Typhlosion|Typhlosion-Hisui, F|100/100
|-activate|p2a: Typhlosion|move: Sticky Web
|-unboost|p2a: Typhlosion|spe|1
|-damage|p2a: Typhlosion|76/100|[from] Spikes
|turn|16
|
|t:|1743874258
|move|p1a: Samurott|Ceaseless Edge|p2a: Typhlosion
|-supereffective|p2a: Typhlosion
|-damage|p2a: Typhlosion|4/100
|move|p2a: Typhlosion|Eruption|p1a: Samurott
|-damage|p1a: Samurott|32/100 brn
|
|-weather|SunnyDay|[upkeep]
|-damage|p1a: Samurott|25/100 brn|[from] brn
|upkeep
|turn|17
|
|t:|1743874269
|move|p1a: Samurott|Ceaseless Edge|p2a: Typhlosion
|-supereffective|p2a: Typhlosion
|-damage|p2a: Typhlosion|0 fnt
|faint|p2a: Typhlosion
|
|-weather|SunnyDay|[upkeep]
|-damage|p1a: Samurott|19/100 brn|[from] brn
|upkeep
|
|t:|1743874275
|switch|p2a: Conkeldurr|Conkeldurr, M|79/100
|-activate|p2a: Conkeldurr|move: Sticky Web
|-unboost|p2a: Conkeldurr|spe|1
|-damage|p2a: Conkeldurr|54/100|[from] Spikes
|turn|18
|
|t:|1743874281
|switch|p1a: Clodsire|Clodsire, F|100/100
|move|p2a: Conkeldurr|Fire Punch|p1a: Clodsire
|-damage|p1a: Clodsire|55/100
|
|-weather|SunnyDay|[upkeep]
|-heal|p1a: Clodsire|61/100|[from] item: Leftovers
|upkeep
|turn|19
|
|t:|1743874300
|switch|p2a: Walking Wake|Walking Wake|100/100
|-activate|p2a: Walking Wake|move: Sticky Web
|-unboost|p2a: Walking Wake|spe|1
|-damage|p2a: Walking Wake|76/100|[from] Spikes
|-activate|p2a: Walking Wake|ability: Protosynthesis
|-start|p2a: Walking Wake|protosynthesisspa
|move|p1a: Clodsire|Toxic|p2a: Walking Wake
|-status|p2a: Walking Wake|tox
|
|-weather|SunnyDay|[upkeep]
|-heal|p1a: Clodsire|68/100|[from] item: Leftovers
|-damage|p2a: Walking Wake|70/100 tox|[from] psn
|upkeep
|turn|20
|
|t:|1743874313
|move|p1a: Clodsire|Protect|p1a: Clodsire
|-singleturn|p1a: Clodsire|Protect
|move|p2a: Walking Wake|Hydro Steam|p1a: Clodsire
|-activate|p1a: Clodsire|move: Protect
|
|-weather|none
|-end|p2a: Walking Wake|Protosynthesis
|-heal|p1a: Clodsire|74/100|[from] item: Leftovers
|-damage|p2a: Walking Wake|57/100 tox|[from] psn
|upkeep
|turn|21
|-message|bart111 forfeited.
|
|win|Ceron75
|raw|Ceron75's rating: 1209 &rarr; <strong>1235</strong><br />(+26 for winning)
|raw|bart111's rating: 1229 &rarr; <strong>1203</strong><br />(-26 for losing)
|l|☆bart111
|player|p2|
