|j|☆justwindowshopping
|j|☆SeigneurFou
|t:|1743883365
|gametype|singles
|player|p1|justwindowshopping|caitlin|1712
|player|p2|SeigneurFou|2|1718
|teamsize|p1|6
|teamsize|p2|6
|gen|9
|tier|[Gen 9] OU
|rated|
|rule|HP Percentage Mod: HP is shown in percentages
|rule|Endless Battle Clause: Forcing endless battles is banned
|rule|Species Clause: Limit one of each Pokémon
|rule|OHKO Clause: OHKO moves are banned
|rule|Evasion Items Clause: Evasion items are banned
|rule|Evasion Moves Clause: Evasion moves are banned
|rule|Sleep Moves Clause: Sleep-inducing moves are banned
|clearpoke
|poke|p1|Kyurem|
|poke|p1|Ting-Lu|
|poke|p1|Corviknight, M|
|poke|p1|Weezing-Galar, M|
|poke|p1|Zamazenta-*|
|poke|p1|Toxapex, M|
|poke|p2|Kyurem|
|poke|p2|Dragonite, M|
|poke|p2|Hoopa-Unbound|
|poke|p2|Cinderace, F|
|poke|p2|Okidogi, M|
|poke|p2|Enamorus, F|
|teampreview
|inactive|Battle timer is ON: inactive players will automatically lose when time's up. (requested by justwindowshopping)
|inactive|SeigneurFou also wants the timer to be on.
|inactive|SeigneurFou has 120 seconds left.
|
|t:|1743883395
|start
|switch|p1a: Corviknight|Corviknight, M|100/100
|switch|p2a: Kyurem|Kyurem|100/100
|-ability|p2a: Kyurem|Pressure
|-ability|p1a: Corviknight|Pressure
|turn|1
|
|t:|1743883404
|move|p2a: Kyurem|Freeze-Dry|p1a: Corviknight
|-damage|p1a: Corviknight|63/100
|move|p1a: Corviknight|U-turn|p2a: Kyurem
|-damage|p2a: Kyurem|87/100
|
|t:|1743883414
|switch|p1a: Toxapex|Toxapex, M|100/100|[from] U-turn
|
|upkeep
|turn|2
|
|t:|1743883418
|move|p2a: Kyurem|Freeze-Dry|p1a: Toxapex
|-supereffective|p1a: Toxapex
|-damage|p1a: Toxapex|58/100
|move|p1a: Toxapex|Sludge Bomb|p2a: Kyurem
|-damage|p2a: Kyurem|61/100
|
|upkeep
|turn|3
|j| macrocosmoss
|
|t:|1743883424
|move|p2a: Kyurem|Freeze-Dry|p1a: Toxapex
|-supereffective|p1a: Toxapex
|-crit|p1a: Toxapex
|-damage|p1a: Toxapex|0 fnt
|faint|p1a: Toxapex
|
|upkeep
|
|t:|1743883428
|switch|p1a: Zamazenta|Zamazenta|100/100
|-ability|p1a: Zamazenta|Dauntless Shield|boost
|-boost|p1a: Zamazenta|def|1
|turn|4
|
|t:|1743883433
|switch|p2a: Okidogi|Okidogi, M|100/100
|move|p1a: Zamazenta|Stone Edge|p2a: Okidogi
|-resisted|p2a: Okidogi
|-damage|p2a: Okidogi|79/100
|
|-heal|p2a: Okidogi|85/100|[from] item: Leftovers
|upkeep
|turn|5
|c| macrocosmoss|vasi seigneur fou regale nous
|
|t:|1743883442
|switch|p1a: Weezing|Weezing-Galar, M|100/100
|-ability|p1a: Weezing|Neutralizing Gas
|move|p2a: Okidogi|Bulk Up|p2a: Okidogi
|-boost|p2a: Okidogi|atk|1
|-boost|p2a: Okidogi|def|1
|
|-heal|p2a: Okidogi|92/100|[from] item: Leftovers
|upkeep
|turn|6
|
|t:|1743883455
|-terastallize|p2a: Okidogi|Steel
|move|p2a: Okidogi|Taunt|p1a: Weezing
|-start|p1a: Weezing|move: Taunt
|cant|p1a: Weezing|move: Taunt|Will-O-Wisp
|
|-heal|p2a: Okidogi|98/100|[from] item: Leftovers
|upkeep
|turn|7
|
|t:|1743883462
|-end|p1a: Weezing|ability: Neutralizing Gas
|switch|p1a: Corviknight|Corviknight, M|63/100
|-ability|p1a: Corviknight|Pressure
|move|p2a: Okidogi|Bulk Up|p2a: Okidogi
|-boost|p2a: Okidogi|atk|1
|-boost|p2a: Okidogi|def|1
|
|-heal|p2a: Okidogi|100/100|[from] item: Leftovers
|upkeep
|turn|8
|
|t:|1743883471
|move|p2a: Okidogi|Drain Punch|p1a: Corviknight
|-damage|p1a: Corviknight|14/100
|-damage|p2a: Okidogi|84/100|[from] item: Rocky Helmet|[of] p1a: Corviknight
|move|p1a: Corviknight|U-turn|p2a: Okidogi
|-resisted|p2a: Okidogi
|-damage|p2a: Okidogi|81/100
|
|t:|1743883473
|switch|p1a: Kyurem|Kyurem|100/100|[from] U-turn
|-ability|p1a: Kyurem|Pressure
|
|-heal|p2a: Okidogi|87/100|[from] item: Leftovers
|upkeep
|turn|9
|
|t:|1743883482
|-terastallize|p1a: Kyurem|Ground
|move|p1a: Kyurem|Earth Power|p2a: Okidogi
|-supereffective|p2a: Okidogi
|-damage|p2a: Okidogi|0 fnt
|faint|p2a: Okidogi
|
|upkeep
|
|t:|1743883488
|switch|p2a: Kyurem|Kyurem|61/100
|-ability|p2a: Kyurem|Pressure
|turn|10
|
|t:|1743883491
|switch|p1a: Corviknight|Corviknight, M|14/100
|-ability|p1a: Corviknight|Pressure
|move|p2a: Kyurem|Ice Beam|p1a: Corviknight
|-damage|p1a: Corviknight|0 fnt
|faint|p1a: Corviknight
|
|upkeep
|
|t:|1743883493
|switch|p1a: Zamazenta|Zamazenta|100/100
|turn|11
|
|t:|1743883521
|move|p2a: Kyurem|Ice Beam|p1a: Zamazenta
|-damage|p1a: Zamazenta|53/100
|move|p1a: Zamazenta|Stone Edge|p2a: Kyurem
|-supereffective|p2a: Kyurem
|-damage|p2a: Kyurem|0 fnt
|faint|p2a: Kyurem
|
|upkeep
|inactive|SeigneurFou has 120 seconds left.
|
|t:|1743883537
|switch|p2a: Hoopa|Hoopa-Unbound|100/100
|turn|12
|inactive|SeigneurFou has 120 seconds left.
|
|t:|1743883551
|switch|p1a: Ting-Lu|Ting-Lu|100/100
|-ability|p1a: Ting-Lu|Vessel of Ruin
|switch|p2a: Enamorus|Enamorus, F|100/100
|
|upkeep
|turn|13
|inactive|SeigneurFou has 120 seconds left.
|
|t:|1743883557
|move|p2a: Enamorus|Moonblast|p1a: Ting-Lu
|-supereffective|p1a: Ting-Lu
|-damage|p1a: Ting-Lu|61/100
|move|p1a: Ting-Lu|Stealth Rock|p2a: Enamorus
|-sidestart|p2: SeigneurFou|move: Stealth Rock
|
|-heal|p1a: Ting-Lu|67/100|[from] item: Leftovers
|upkeep
|turn|14
|
|t:|1743883564
|move|p2a: Enamorus|Moonblast|p1a: Ting-Lu
|-supereffective|p1a: Ting-Lu
|-damage|p1a: Ting-Lu|27/100
|-unboost|p1a: Ting-Lu|spa|1
|move|p1a: Ting-Lu|Ruination|p2a: Enamorus
|-damage|p2a: Enamorus|51/100
|
|-heal|p2a: Enamorus|57/100|[from] item: Leftovers
|-heal|p1a: Ting-Lu|33/100|[from] item: Leftovers
|upkeep
|turn|15
|
|t:|1743883573
|move|p2a: Enamorus|Substitute|p2a: Enamorus
|-start|p2a: Enamorus|Substitute
|-damage|p2a: Enamorus|32/100
|move|p1a: Ting-Lu|Ruination|p2a: Enamorus
|-activate|p2a: Enamorus|move: Substitute|[damage]
|
|-heal|p2a: Enamorus|38/100|[from] item: Leftovers
|-heal|p1a: Ting-Lu|40/100|[from] item: Leftovers
|upkeep
|turn|16
|
|t:|1743883581
|move|p2a: Enamorus|Moonblast|p1a: Ting-Lu
|-supereffective|p1a: Ting-Lu
|-damage|p1a: Ting-Lu|0 fnt
|faint|p1a: Ting-Lu
|
|-heal|p2a: Enamorus|44/100|[from] item: Leftovers
|upkeep
|
|t:|1743883585
|switch|p1a: Weezing|Weezing-Galar, M|100/100
|-ability|p1a: Weezing|Neutralizing Gas
|turn|17
|
|t:|1743883596
|move|p2a: Enamorus|Earth Power|p1a: Weezing
|-supereffective|p1a: Weezing
|-damage|p1a: Weezing|13/100
|move|p1a: Weezing|Strange Steam|p2a: Enamorus
|-end|p2a: Enamorus|Substitute
|
|-heal|p2a: Enamorus|51/100|[from] item: Leftovers
|upkeep
|turn|18
|
|t:|1743883610
|move|p2a: Enamorus|Earth Power|p1a: Weezing
|-supereffective|p1a: Weezing
|-damage|p1a: Weezing|0 fnt
|faint|p1a: Weezing
|-end|p1a: Weezing|ability: Neutralizing Gas
|
|-heal|p2a: Enamorus|57/100|[from] item: Leftovers
|upkeep
|
|t:|1743883612
|switch|p1a: Zamazenta|Zamazenta|53/100
|turn|19
|
|t:|1743883620
|move|p1a: Zamazenta|Stone Edge|p2a: Enamorus|[miss]
|-miss|p1a: Zamazenta|p2a: Enamorus
|move|p2a: Enamorus|Moonblast|p1a: Zamazenta
|-supereffective|p1a: Zamazenta
|-damage|p1a: Zamazenta|0 fnt
|faint|p1a: Zamazenta
|
|-heal|p2a: Enamorus|63/100|[from] item: Leftovers
|upkeep
|-message|justwindowshopping forfeited.
|
|win|SeigneurFou
|raw|justwindowshopping's rating: 1712 &rarr; <strong>1692</strong><br />(-20 for losing)
|raw|SeigneurFou's rating: 1718 &rarr; <strong>1738</strong><br />(+20 for winning)
|l|☆justwindowshopping
|player|p1|
|l|☆SeigneurFou
|player|p2|
|l| macrocosmoss
