|j|☆alinare12
|j|☆d4ni3lb3rry
|t:|1743828081
|gametype|singles
|player|p1|alinare12|pokemonrangerf-gen4|1153
|player|p2|d4ni3lb3rry|aaron|1129
|teamsize|p1|6
|teamsize|p2|6
|gen|9
|tier|[Gen 9] OU
|rated|
|rule|HP Percentage Mod: HP is shown in percentages
|rule|Endless Battle Clause: Forcing endless battles is banned
|rule|Species Clause: Limit one of each Pokémon
|rule|OHKO Clause: OHKO moves are banned
|rule|Evasion Items Clause: Evasion items are banned
|rule|Evasion Moves Clause: Evasion moves are banned
|rule|Sleep Moves Clause: Sleep-inducing moves are banned
|clearpoke
|poke|p1|Garganacl, M|
|poke|p1|Glimmora, M|
|poke|p1|Iron Boulder|
|poke|p1|Tyranitar, M|
|poke|p1|Diancie|
|poke|p1|Ogerpon-Cornerstone, F|
|poke|p2|Glimmora, F|
|poke|p2|Kyurem|
|poke|p2|Dragonite, F|
|poke|p2|Hoopa-Unbound|
|poke|p2|Azumarill, M|
|poke|p2|Cinderace, M|
|teampreview
|inactive|Battle timer is ON: inactive players will automatically lose when time's up. (requested by d4ni3lb3rry)
|
|t:|1743828090
|start
|switch|p1a: Iron Boulder|Iron Boulder|100/100
|switch|p2a: Glimmora|Glimmora, F|100/100
|-enditem|p1a: Iron Boulder|Booster Energy
|-activate|p1a: Iron Boulder|ability: Quark Drive|[fromitem]
|-start|p1a: Iron Boulder|quarkdrivespe
|turn|1
|
|t:|1743828096
|move|p1a: Iron Boulder|Earthquake|p2a: Glimmora
|-supereffective|p2a: Glimmora
|-crit|p2a: Glimmora
|-enditem|p2a: Glimmora|Focus Sash
|-damage|p2a: Glimmora|1/100
|-activate|p2a: Glimmora|ability: Toxic Debris
|-sidestart|p1: alinare12|move: Toxic Spikes
|move|p2a: Glimmora|Stealth Rock|p1a: Iron Boulder
|-sidestart|p1: alinare12|move: Stealth Rock
|
|upkeep
|turn|2
|
|t:|1743828101
|move|p1a: Iron Boulder|Earthquake|p2a: Glimmora
|-supereffective|p2a: Glimmora
|-damage|p2a: Glimmora|0 fnt
|-activate|p2a: Glimmora|ability: Toxic Debris
|-sidestart|p1: alinare12|move: Toxic Spikes
|faint|p2a: Glimmora
|
|upkeep
|
|t:|1743828104
|switch|p2a: Kyurem|Kyurem|100/100
|-ability|p2a: Kyurem|Pressure
|turn|3
|
|t:|1743828108
|move|p1a: Iron Boulder|Mighty Cleave|p2a: Kyurem
|-supereffective|p2a: Kyurem
|-damage|p2a: Kyurem|6/100
|move|p2a: Kyurem|Ice Beam|p1a: Iron Boulder
|-damage|p1a: Iron Boulder|29/100
|
|upkeep
|turn|4
|
|t:|1743828116
|switch|p2a: Azumarill|Azumarill, M|100/100
|move|p1a: Iron Boulder|Mighty Cleave|p2a: Azumarill
|-damage|p2a: Azumarill|51/100
|
|-heal|p2a: Azumarill|57/100|[from] item: Leftovers
|upkeep
|turn|5
|
|t:|1743828122
|move|p2a: Azumarill|Aqua Jet|p1a: Iron Boulder
|-supereffective|p1a: Iron Boulder
|-damage|p1a: Iron Boulder|0 fnt
|faint|p1a: Iron Boulder
|-end|p1a: Iron Boulder|Quark Drive|[silent]
|
|-heal|p2a: Azumarill|64/100|[from] item: Leftovers
|upkeep
|
|t:|1743828124
|switch|p1a: Glimmora|Glimmora, M|100/100
|-sideend|p1: alinare12|move: Toxic Spikes|[of] p1a: Glimmora
|-damage|p1a: Glimmora|88/100|[from] Stealth Rock
|turn|6
|
|t:|1743828133
|move|p1a: Glimmora|Mortal Spin|p2a: Azumarill
|-supereffective|p2a: Azumarill
|-damage|p2a: Azumarill|52/100
|-status|p2a: Azumarill|psn
|-sideend|p1: alinare12|Stealth Rock|[from] move: Mortal Spin|[of] p1a: Glimmora
|move|p2a: Azumarill|Belly Drum|p2a: Azumarill
|-damage|p2a: Azumarill|2/100 psn
|-setboost|p2a: Azumarill|atk|6|[from] move: Belly Drum
|
|-heal|p2a: Azumarill|8/100 psn|[from] item: Leftovers
|-damage|p2a: Azumarill|0 fnt|[from] psn
|faint|p2a: Azumarill
|upkeep
|
|t:|1743828148
|switch|p2a: Kyurem|Kyurem|6/100
|-ability|p2a: Kyurem|Pressure
|turn|7
|
|t:|1743828154
|move|p2a: Kyurem|Ice Beam|p1a: Glimmora
|-damage|p1a: Glimmora|0 fnt
|faint|p1a: Glimmora
|
|upkeep
|
|t:|1743828161
|switch|p1a: Ogerpon|Ogerpon-Cornerstone, F|100/100
|turn|8
|
|t:|1743828166
|move|p1a: Ogerpon|U-turn|p2a: Kyurem
|-crit|p2a: Kyurem
|-damage|p2a: Kyurem|0 fnt
|faint|p2a: Kyurem
|
|t:|1743828171
|switch|p1a: Tyranitar|Tyranitar, M|100/100|[from] U-turn
|-weather|Sandstorm|[from] ability: Sand Stream|[of] p1a: Tyranitar
|
|-weather|Sandstorm|[upkeep]
|upkeep
|
|t:|1743828175
|switch|p2a: Hoopa|Hoopa-Unbound|100/100
|turn|9
|
|t:|1743828179
|move|p2a: Hoopa|Drain Punch|p1a: Tyranitar
|-supereffective|p1a: Tyranitar
|-damage|p1a: Tyranitar|0 fnt
|faint|p1a: Tyranitar
|
|-weather|Sandstorm|[upkeep]
|-damage|p2a: Hoopa|95/100|[from] Sandstorm
|upkeep
|
|t:|1743828183
|switch|p1a: Ogerpon|Ogerpon-Cornerstone, F|100/100
|turn|10
|
|t:|1743828187
|move|p1a: Ogerpon|U-turn|p2a: Hoopa
|-supereffective|p2a: Hoopa
|-damage|p2a: Hoopa|0 fnt
|faint|p2a: Hoopa
|
|t:|1743828190
|switch|p1a: Garganacl|Garganacl, M|100/100|[from] U-turn
|
|-weather|Sandstorm|[upkeep]
|upkeep
|
|t:|1743828195
|switch|p2a: Dragonite|Dragonite, F|100/100
|turn|11
|
|t:|1743828197
|-terastallize|p2a: Dragonite|Dragon
|move|p2a: Dragonite|Outrage|p1a: Garganacl
|-damage|p1a: Garganacl|40/100
|move|p1a: Garganacl|Salt Cure|p2a: Dragonite
|-damage|p2a: Dragonite|93/100
|-start|p2a: Dragonite|Salt Cure
|
|-weather|Sandstorm|[upkeep]
|-damage|p2a: Dragonite|87/100|[from] Sandstorm
|-heal|p2a: Dragonite|93/100|[from] item: Leftovers
|-heal|p1a: Garganacl|46/100|[from] item: Leftovers
|-damage|p2a: Dragonite|80/100|[from] Salt Cure
|upkeep
|turn|12
|
|t:|1743828206
|switch|p1a: Diancie|Diancie|100/100
|move|p2a: Dragonite|Outrage|p1a: Diancie|[from] lockedmove
|-immune|p1a: Diancie
|
|-weather|none
|-heal|p2a: Dragonite|87/100|[from] item: Leftovers
|-damage|p2a: Dragonite|74/100|[from] Salt Cure
|upkeep
|turn|13
|
|t:|1743828215
|move|p2a: Dragonite|Earthquake|p1a: Diancie
|-supereffective|p1a: Diancie
|-damage|p1a: Diancie|41/100
|move|p1a: Diancie|Diamond Storm|p2a: Dragonite
|-damage|p2a: Dragonite|27/100
|
|-heal|p2a: Dragonite|33/100|[from] item: Leftovers
|-damage|p2a: Dragonite|21/100|[from] Salt Cure
|upkeep
|turn|14
|
|t:|1743828223
|move|p2a: Dragonite|Earthquake|p1a: Diancie
|-supereffective|p1a: Diancie
|-damage|p1a: Diancie|0 fnt
|faint|p1a: Diancie
|
|-heal|p2a: Dragonite|27/100|[from] item: Leftovers
|-damage|p2a: Dragonite|14/100|[from] Salt Cure
|upkeep
|
|t:|1743828228
|switch|p1a: Garganacl|Garganacl, M|46/100
|turn|15
|
|t:|1743828236
|move|p1a: Garganacl|Protect|p1a: Garganacl
|-singleturn|p1a: Garganacl|Protect
|move|p2a: Dragonite|Outrage|p1a: Garganacl
|-activate|p1a: Garganacl|move: Protect
|
|-heal|p2a: Dragonite|21/100|[from] item: Leftovers
|-heal|p1a: Garganacl|53/100|[from] item: Leftovers
|-damage|p2a: Dragonite|8/100|[from] Salt Cure
|upkeep
|turn|16
|
|t:|1743828246
|switch|p1a: Ogerpon|Ogerpon-Cornerstone, F|100/100
|move|p2a: Dragonite|Outrage|p1a: Ogerpon
|-ability|p1a: Ogerpon|Sturdy
|-damage|p1a: Ogerpon|1/100
|
|-heal|p2a: Dragonite|14/100|[from] item: Leftovers
|-damage|p2a: Dragonite|2/100|[from] Salt Cure
|upkeep
|turn|17
|
|t:|1743828253
|move|p1a: Ogerpon|U-turn|p2a: Dragonite
|-damage|p2a: Dragonite|0 fnt
|faint|p2a: Dragonite
|
|t:|1743828255
|switch|p1a: Garganacl|Garganacl, M|53/100|[from] U-turn
|
|-heal|p1a: Garganacl|59/100|[from] item: Leftovers
|upkeep
|
|t:|1743828258
|switch|p2a: Cinderace|Cinderace, M|100/100
|turn|18
|
|t:|1743828261
|-terastallize|p1a: Garganacl|Ghost
|move|p2a: Cinderace|Pyro Ball|p1a: Garganacl|[miss]
|-miss|p2a: Cinderace|p1a: Garganacl
|move|p1a: Garganacl|Salt Cure|p2a: Cinderace
|-supereffective|p2a: Cinderace
|-damage|p2a: Cinderace|64/100
|-start|p2a: Cinderace|Salt Cure
|
|-heal|p1a: Garganacl|65/100|[from] item: Leftovers
|-damage|p2a: Cinderace|52/100|[from] Salt Cure
|upkeep
|turn|19
|
|t:|1743828268
|move|p1a: Garganacl|Protect|p1a: Garganacl
|-singleturn|p1a: Garganacl|Protect
|move|p2a: Cinderace|Pyro Ball|p1a: Garganacl
|-activate|p1a: Garganacl|move: Protect
|
|-heal|p1a: Garganacl|71/100|[from] item: Leftovers
|-damage|p2a: Cinderace|39/100|[from] Salt Cure
|upkeep
|turn|20
|
|t:|1743828274
|switch|p1a: Ogerpon|Ogerpon-Cornerstone, F|1/100
|move|p2a: Cinderace|Pyro Ball|p1a: Ogerpon
|-crit|p1a: Ogerpon
|-damage|p1a: Ogerpon|0 fnt
|faint|p1a: Ogerpon
|
|-damage|p2a: Cinderace|27/100|[from] Salt Cure
|upkeep
|
|t:|1743828278
|switch|p1a: Garganacl|Garganacl, M, tera:Ghost|71/100
|turn|21
|
|t:|1743828281
|move|p1a: Garganacl|Protect|p1a: Garganacl
|-singleturn|p1a: Garganacl|Protect
|move|p2a: Cinderace|Pyro Ball|p1a: Garganacl
|-activate|p1a: Garganacl|move: Protect
|
|-heal|p1a: Garganacl|77/100|[from] item: Leftovers
|-damage|p2a: Cinderace|15/100|[from] Salt Cure
|upkeep
|turn|22
|
|t:|1743828288
|move|p2a: Cinderace|Pyro Ball|p1a: Garganacl
|-damage|p1a: Garganacl|19/100
|move|p1a: Garganacl|Recover|p1a: Garganacl
|-heal|p1a: Garganacl|69/100
|
|-heal|p1a: Garganacl|75/100|[from] item: Leftovers
|-damage|p2a: Cinderace|2/100|[from] Salt Cure
|upkeep
|turn|23
|
|t:|1743828295
|move|p2a: Cinderace|Pyro Ball|p1a: Garganacl
|-damage|p1a: Garganacl|18/100
|move|p1a: Garganacl|Salt Cure|p2a: Cinderace
|-supereffective|p2a: Cinderace
|-damage|p2a: Cinderace|0 fnt
|faint|p2a: Cinderace
|
|win|alinare12
|raw|alinare12's rating: 1153 &rarr; <strong>1176</strong><br />(+23 for winning)
|raw|d4ni3lb3rry's rating: 1129 &rarr; <strong>1106</strong><br />(-23 for losing)
|l|☆alinare12
|player|p1|
|l|☆d4ni3lb3rry
|player|p2|
