|j|☆mio3777
|j|☆qwq11qwq
|t:|1743837726
|gametype|singles
|player|p1|mio3777|266|1290
|player|p2|qwq11qwq|2|1270
|teamsize|p1|6
|teamsize|p2|6
|gen|9
|tier|[Gen 9] OU
|rated|
|rule|HP Percentage Mod: HP is shown in percentages
|rule|Endless Battle Clause: Forcing endless battles is banned
|rule|Species Clause: Limit one of each Pokémon
|rule|OHKO Clause: OHKO moves are banned
|rule|Evasion Items Clause: Evasion items are banned
|rule|Evasion Moves Clause: Evasion moves are banned
|rule|Sleep Moves Clause: Sleep-inducing moves are banned
|clearpoke
|poke|p1|Glimmora, F|
|poke|p1|Gholdengo|
|poke|p1|Dondozo, F|
|poke|p1|Blissey, F|
|poke|p1|Rotom-Heat|
|poke|p1|Hoopa-Unbound|
|poke|p2|Dragapult, M|
|poke|p2|Garganacl, F|
|poke|p2|Ogerpon-Wellspring, F|
|poke|p2|Great Tusk|
|poke|p2|Moltres|
|poke|p2|Raging Bolt|
|teampreview
|inactive|Battle timer is ON: inactive players will automatically lose when time's up. (requested by qwq11qwq)
|
|t:|1743837741
|start
|switch|p1a: Glimmora|Glimmora, F|100/100
|switch|p2a: Dragapult|Dragapult, M|100/100
|turn|1
|
|t:|1743837766
|move|p2a: Dragapult|Dragon Darts|p1a: Glimmora
|-damage|p1a: Glimmora|66/100
|-activate|p1a: Glimmora|ability: Toxic Debris
|-sidestart|p2: qwq11qwq|move: Toxic Spikes
|-anim|p2a: Dragapult|Dragon Darts|p1a: Glimmora
|-damage|p1a: Glimmora|26/100
|-activate|p1a: Glimmora|ability: Toxic Debris
|-sidestart|p2: qwq11qwq|move: Toxic Spikes
|-enditem|p1a: Glimmora|Red Card|[of] p2a: Dragapult
|drag|p2a: Raging Bolt|Raging Bolt|100/100
|-status|p2a: Raging Bolt|tox
|move|p1a: Glimmora|Stealth Rock|p2a: Raging Bolt
|-sidestart|p2: qwq11qwq|move: Stealth Rock
|
|-damage|p2a: Raging Bolt|94/100 tox|[from] psn
|upkeep
|turn|2
|
|t:|1743837779
|switch|p1a: Blissey|Blissey, F|100/100
|move|p2a: Raging Bolt|Volt Switch|p1a: Blissey
|-damage|p1a: Blissey|88/100
|
|t:|1743837785
|-end|p2a: Raging Bolt|Protosynthesis|[silent]
|switch|p2a: Great Tusk|Great Tusk|100/100|[from] Volt Switch
|-status|p2a: Great Tusk|tox
|-damage|p2a: Great Tusk|98/100 tox|[from] Stealth Rock
|
|-damage|p2a: Great Tusk|91/100 tox|[from] psn
|upkeep
|turn|3
|
|t:|1743837803
|switch|p1a: Gholdengo|Gholdengo|100/100
|move|p2a: Great Tusk|Knock Off|p1a: Gholdengo
|-supereffective|p1a: Gholdengo
|-damage|p1a: Gholdengo|22/100
|-enditem|p1a: Gholdengo|Choice Scarf|[from] move: Knock Off|[of] p2a: Great Tusk
|
|-damage|p2a: Great Tusk|79/100 tox|[from] psn
|upkeep
|turn|4
|
|t:|1743837814
|switch|p1a: Rotom|Rotom-Heat|100/100
|move|p2a: Great Tusk|Knock Off|p1a: Rotom
|-damage|p1a: Rotom|54/100
|-enditem|p1a: Rotom|Choice Scarf|[from] move: Knock Off|[of] p2a: Great Tusk
|
|-damage|p2a: Great Tusk|60/100 tox|[from] psn
|upkeep
|turn|5
|
|t:|1743837824
|switch|p1a: Gholdengo|Gholdengo|22/100
|move|p2a: Great Tusk|Rapid Spin|p1a: Gholdengo
|-immune|p1a: Gholdengo
|
|-damage|p2a: Great Tusk|36/100 tox|[from] psn
|upkeep
|turn|6
|
|t:|1743837841
|switch|p1a: Glimmora|Glimmora, F|26/100
|move|p2a: Great Tusk|Knock Off|p1a: Glimmora
|-damage|p1a: Glimmora|2/100
|
|-damage|p2a: Great Tusk|5/100 tox|[from] psn
|upkeep
|turn|7
|
|t:|1743837856
|move|p2a: Great Tusk|Knock Off|p1a: Glimmora
|-damage|p1a: Glimmora|0 fnt
|faint|p1a: Glimmora
|
|-damage|p2a: Great Tusk|0 fnt|[from] psn
|faint|p2a: Great Tusk
|-end|p2a: Great Tusk|Protosynthesis|[silent]
|upkeep
|
|t:|1743837878
|switch|p2a: Ogerpon|Ogerpon-Wellspring, F|100/100
|switch|p1a: Hoopa|Hoopa-Unbound|100/100
|-status|p2a: Ogerpon|tox
|-damage|p2a: Ogerpon|88/100 tox|[from] Stealth Rock
|turn|8
|
|t:|1743837886
|move|p1a: Hoopa|Hyperspace Fury|p2a: Ogerpon
|-damage|p2a: Ogerpon|5/100 tox
|-unboost|p1a: Hoopa|def|1
|move|p2a: Ogerpon|Ivy Cudgel|p1a: Hoopa|[anim] Ivy Cudgel Water
|-damage|p1a: Hoopa|0 fnt
|faint|p1a: Hoopa
|
|-damage|p2a: Ogerpon|0 fnt|[from] psn
|faint|p2a: Ogerpon
|upkeep
|
|t:|1743837905
|switch|p2a: Dragapult|Dragapult, M|100/100
|switch|p1a: Rotom|Rotom-Heat|54/100
|-status|p2a: Dragapult|tox
|-damage|p2a: Dragapult|88/100 tox|[from] Stealth Rock
|turn|9
|
|t:|1743837912
|switch|p1a: Dondozo|Dondozo, F|100/100
|move|p2a: Dragapult|Dragon Darts|p1a: Dondozo
|-damage|p1a: Dondozo|79/100
|-anim|p2a: Dragapult|Dragon Darts|p1a: Dondozo
|-damage|p1a: Dondozo|59/100
|
|-damage|p2a: Dragapult|82/100 tox|[from] psn
|upkeep
|turn|10
|
|t:|1743837926
|switch|p2a: Raging Bolt|Raging Bolt|94/100 tox
|-damage|p2a: Raging Bolt|82/100 tox|[from] Stealth Rock
|move|p1a: Dondozo|Rest|p1a: Dondozo
|-status|p1a: Dondozo|slp|[from] move: Rest
|-heal|p1a: Dondozo|100/100 slp|[silent]
|
|-damage|p2a: Raging Bolt|76/100 tox|[from] psn
|upkeep
|turn|11
|
|t:|1743837935
|switch|p1a: Blissey|Blissey, F|88/100
|move|p2a: Raging Bolt|Volt Switch|p1a: Blissey
|-damage|p1a: Blissey|76/100
|
|t:|1743837939
|-end|p2a: Raging Bolt|Protosynthesis|[silent]
|switch|p2a: Garganacl|Garganacl, F|100/100|[from] Volt Switch
|-damage|p2a: Garganacl|88/100|[from] Stealth Rock
|
|-heal|p2a: Garganacl|94/100|[from] item: Leftovers
|upkeep
|turn|12
|
|t:|1743837946
|-terastallize|p2a: Garganacl|Fairy
|move|p1a: Blissey|Trick|p2a: Garganacl
|-activate|p1a: Blissey|move: Trick|[of] p2a: Garganacl
|-item|p2a: Garganacl|Choice Specs|[from] move: Trick
|-item|p1a: Blissey|Leftovers|[from] move: Trick
|move|p2a: Garganacl|Salt Cure|p1a: Blissey
|-damage|p1a: Blissey|46/100
|-start|p1a: Blissey|Salt Cure
|
|-heal|p1a: Blissey|52/100|[from] item: Leftovers
|-damage|p1a: Blissey|40/100|[from] Salt Cure
|upkeep
|turn|13
|
|t:|1743837957
|move|p1a: Blissey|Soft-Boiled|p1a: Blissey
|-heal|p1a: Blissey|90/100
|move|p2a: Garganacl|Salt Cure|p1a: Blissey
|-damage|p1a: Blissey|59/100
|
|-heal|p1a: Blissey|65/100|[from] item: Leftovers
|-damage|p1a: Blissey|52/100|[from] Salt Cure
|upkeep
|turn|14
|
|t:|1743837978
|move|p1a: Blissey|Soft-Boiled|p1a: Blissey
|-heal|p1a: Blissey|100/100
|move|p2a: Garganacl|Salt Cure|p1a: Blissey
|-damage|p1a: Blissey|70/100
|
|-heal|p1a: Blissey|76/100|[from] item: Leftovers
|-damage|p1a: Blissey|64/100|[from] Salt Cure
|upkeep
|turn|15
|
|t:|1743837989
|move|p1a: Blissey|Calm Mind|p1a: Blissey
|-boost|p1a: Blissey|spa|1
|-boost|p1a: Blissey|spd|1
|move|p2a: Garganacl|Salt Cure|p1a: Blissey
|-damage|p1a: Blissey|35/100
|
|-heal|p1a: Blissey|41/100|[from] item: Leftovers
|-damage|p1a: Blissey|28/100|[from] Salt Cure
|upkeep
|turn|16
|
|t:|1743837999
|move|p1a: Blissey|Soft-Boiled|p1a: Blissey
|-heal|p1a: Blissey|78/100
|move|p2a: Garganacl|Salt Cure|p1a: Blissey
|-damage|p1a: Blissey|46/100
|
|-heal|p1a: Blissey|52/100|[from] item: Leftovers
|-damage|p1a: Blissey|40/100|[from] Salt Cure
|upkeep
|turn|17
|
|t:|1743838008
|move|p1a: Blissey|Soft-Boiled|p1a: Blissey
|-heal|p1a: Blissey|90/100
|move|p2a: Garganacl|Salt Cure|p1a: Blissey
|-damage|p1a: Blissey|57/100
|
|-heal|p1a: Blissey|64/100|[from] item: Leftovers
|-damage|p1a: Blissey|51/100|[from] Salt Cure
|upkeep
|turn|18
|
|t:|1743838015
|move|p1a: Blissey|Soft-Boiled|p1a: Blissey
|-heal|p1a: Blissey|100/100
|move|p2a: Garganacl|Salt Cure|p1a: Blissey
|-damage|p1a: Blissey|71/100
|
|-heal|p1a: Blissey|77/100|[from] item: Leftovers
|-damage|p1a: Blissey|65/100|[from] Salt Cure
|upkeep
|turn|19
|
|t:|1743838031
|switch|p1a: Rotom|Rotom-Heat|54/100
|move|p2a: Garganacl|Salt Cure|p1a: Rotom
|-supereffective|p1a: Rotom
|-damage|p1a: Rotom|13/100
|-start|p1a: Rotom|Salt Cure
|
|-damage|p1a: Rotom|1/100|[from] Salt Cure
|upkeep
|turn|20
|
|t:|1743838040
|switch|p2a: Moltres|Moltres|100/100
|move|p1a: Rotom|Overheat|p2a: Moltres|[miss]
|-miss|p1a: Rotom|p2a: Moltres
|
|-damage|p1a: Rotom|0 fnt|[from] Salt Cure
|faint|p1a: Rotom
|upkeep
|
|t:|1743838058
|switch|p1a: Blissey|Blissey, F|65/100
|turn|21
|
|t:|1743838075
|switch|p1a: Gholdengo|Gholdengo|22/100
|move|p2a: Moltres|U-turn|p1a: Gholdengo
|-resisted|p1a: Gholdengo
|-damage|p1a: Gholdengo|18/100
|
|t:|1743838095
|switch|p2a: Raging Bolt|Raging Bolt|76/100 tox|[from] U-turn
|-damage|p2a: Raging Bolt|64/100 tox|[from] Stealth Rock
|
|-damage|p2a: Raging Bolt|58/100 tox|[from] psn
|upkeep
|turn|22
|
|t:|1743838102
|switch|p1a: Blissey|Blissey, F|65/100
|move|p2a: Raging Bolt|Volt Switch|p1a: Blissey
|-damage|p1a: Blissey|52/100
|
|t:|1743838107
|-end|p2a: Raging Bolt|Protosynthesis|[silent]
|switch|p2a: Garganacl|Garganacl, F, tera:Fairy|94/100|[from] Volt Switch
|-damage|p2a: Garganacl|82/100|[from] Stealth Rock
|
|-heal|p1a: Blissey|58/100|[from] item: Leftovers
|upkeep
|turn|23
|inactive|mio3777 has 120 seconds left.
|
|t:|1743838140
|switch|p1a: Dondozo|Dondozo, F|100/100 slp
|move|p2a: Garganacl|Salt Cure|p1a: Dondozo
|-damage|p1a: Dondozo|92/100 slp
|-start|p1a: Dondozo|Salt Cure
|
|-damage|p1a: Dondozo|67/100 slp|[from] Salt Cure
|upkeep
|turn|24
|inactive|mio3777 has 120 seconds left.
|
|t:|1743838180
|switch|p2a: Moltres|Moltres|100/100
|cant|p1a: Dondozo|slp
|
|-damage|p1a: Dondozo|42/100 slp|[from] Salt Cure
|upkeep
|turn|25
|
|t:|1743838189
|switch|p1a: Blissey|Blissey, F|58/100
|move|p2a: Moltres|U-turn|p1a: Blissey
|-crit|p1a: Blissey
|-damage|p1a: Blissey|7/100
|-message|mio3777 forfeited.
|
|win|qwq11qwq
|raw|mio3777's rating: 1290 &rarr; <strong>1264</strong><br />(-26 for losing)
|raw|qwq11qwq's rating: 1270 &rarr; <strong>1296</strong><br />(+26 for winning)
|l|☆mio3777
|player|p1|
|l|☆qwq11qwq
|player|p2|
