|j|☆rippedpantsbob
|j|☆LirrodPokemon
|t:|1743915783
|gametype|singles
|player|p1|rippedpantsbob|dawn|1224
|player|p2|LirrodPokemon|2|1196
|teamsize|p1|6
|teamsize|p2|6
|gen|9
|tier|[Gen 9] OU
|rated|
|rule|HP Percentage Mod: HP is shown in percentages
|rule|Endless Battle Clause: Forcing endless battles is banned
|rule|Species Clause: Limit one of each Pokémon
|rule|OHKO Clause: OHKO moves are banned
|rule|Evasion Items Clause: Evasion items are banned
|rule|Evasion Moves Clause: Evasion moves are banned
|rule|Sleep Moves Clause: Sleep-inducing moves are banned
|clearpoke
|poke|p1|Glimmora, F|
|poke|p1|Slowking-Galar, F|
|poke|p1|Corviknight, F|
|poke|p1|Kyurem|
|poke|p1|Raikou|
|poke|p1|Sinistcha|
|poke|p2|Tinkaton, F|
|poke|p2|Alomomola, M|
|poke|p2|Slowking-Galar, M|
|poke|p2|Great Tusk|
|poke|p2|Dragapult, M|
|poke|p2|Weavile, M|
|teampreview
|inactive|Battle timer is ON: inactive players will automatically lose when time's up. (requested by LirrodPokemon)
|
|t:|1743915797
|start
|switch|p1a: Raikou|Raikou|100/100
|switch|p2a: Great Tusk|Great Tusk|100/100
|-ability|p1a: Raikou|Pressure
|turn|1
|
|t:|1743915809
|switch|p1a: Corviknight|Corviknight, F|100/100
|-ability|p1a: Corviknight|Pressure
|move|p2a: Great Tusk|Headlong Rush|p1a: Corviknight
|-immune|p1a: Corviknight
|
|upkeep
|turn|2
|
|t:|1743915822
|-end|p2a: Great Tusk|Protosynthesis|[silent]
|switch|p2a: Alomomola|Alomomola, M|100/100
|move|p1a: Corviknight|U-turn|p2a: Alomomola
|-damage|p2a: Alomomola|93/100
|
|t:|1743915831
|switch|p1a: Sinistcha|Sinistcha|100/100|[from] U-turn
|
|upkeep
|turn|3
|
|t:|1743915852
|switch|p2a: Slowking|Slowking-Galar, M, shiny|100/100
|move|p1a: Sinistcha|Matcha Gotcha|p2a: Slowking
|-resisted|p2a: Slowking
|-damage|p2a: Slowking|91/100
|
|-heal|p2a: Slowking|97/100|[from] item: Black Sludge
|upkeep
|turn|4
|
|t:|1743915860
|switch|p1a: Glimmora|Glimmora, F|100/100
|move|p2a: Slowking|Future Sight|p1a: Glimmora
|-start|p2a: Slowking|move: Future Sight
|
|-heal|p2a: Slowking|100/100|[from] item: Black Sludge
|upkeep
|turn|5
|
|t:|1743915864
|move|p1a: Glimmora|Meteor Beam||[still]
|-prepare|p1a: Glimmora|Meteor Beam
|-boost|p1a: Glimmora|spa|1
|-enditem|p1a: Glimmora|Power Herb
|-anim|p1a: Glimmora|Meteor Beam|p2a: Slowking
|-damage|p2a: Slowking|48/100
|-prepare|p2a: Slowking|Chilly Reception|[premajor]
|move|p2a: Slowking|Chilly Reception|p2a: Slowking
|-weather|Snowscape
|
|t:|1743915878
|switch|p2a: Tinkaton|Tinkaton, F|100/100|[from] Chilly Reception
|-item|p2a: Tinkaton|Air Balloon
|
|-weather|Snowscape|[upkeep]
|upkeep
|turn|6
|
|t:|1743915884
|switch|p1a: Corviknight|Corviknight, F|100/100
|-ability|p1a: Corviknight|Pressure
|move|p2a: Tinkaton|Stealth Rock|p1a: Corviknight
|-sidestart|p1: rippedpantsbob|move: Stealth Rock
|
|-weather|Snowscape|[upkeep]
|-end|p1a: Corviknight|move: Future Sight
|-resisted|p1a: Corviknight
|-damage|p1a: Corviknight|80/100
|upkeep
|turn|7
|
|t:|1743915905
|switch|p2a: Alomomola|Alomomola, M|100/100
|move|p1a: Corviknight|U-turn|p2a: Alomomola
|-damage|p2a: Alomomola|93/100
|
|t:|1743915910
|switch|p1a: Raikou|Raikou|100/100|[from] U-turn
|-ability|p1a: Raikou|Pressure
|
|-weather|Snowscape|[upkeep]
|upkeep
|turn|8
|
|t:|1743915917
|switch|p2a: Great Tusk|Great Tusk|100/100
|move|p1a: Raikou|Scald|p2a: Great Tusk
|-supereffective|p2a: Great Tusk
|-damage|p2a: Great Tusk|58/100
|-status|p2a: Great Tusk|brn
|
|-weather|Snowscape|[upkeep]
|-damage|p2a: Great Tusk|51/100 brn|[from] brn
|upkeep
|turn|9
|
|t:|1743915927
|move|p1a: Raikou|Weather Ball|p2a: Great Tusk
|-supereffective|p2a: Great Tusk
|-damage|p2a: Great Tusk|0 fnt
|faint|p2a: Great Tusk
|-end|p2a: Great Tusk|Protosynthesis|[silent]
|
|-weather|none
|upkeep
|
|t:|1743915936
|switch|p2a: Dragapult|Dragapult, M, shiny|100/100
|turn|10
|
|t:|1743915940
|move|p2a: Dragapult|Shadow Ball|p1a: Raikou
|-damage|p1a: Raikou|43/100
|move|p1a: Raikou|Volt Switch|p2a: Dragapult
|-resisted|p2a: Dragapult
|-damage|p2a: Dragapult|77/100
|
|t:|1743915948
|switch|p1a: Glimmora|Glimmora, F|100/100|[from] Volt Switch
|-damage|p1a: Glimmora|88/100|[from] Stealth Rock
|
|upkeep
|turn|11
|
|t:|1743915958
|move|p2a: Dragapult|Shadow Ball|p1a: Glimmora
|-damage|p1a: Glimmora|24/100
|move|p1a: Glimmora|Toxic Spikes|p2a: Dragapult
|-sidestart|p2: LirrodPokemon|move: Toxic Spikes
|
|upkeep
|turn|12
|
|t:|1743915963
|move|p2a: Dragapult|Shadow Ball|p1a: Glimmora
|-damage|p1a: Glimmora|0 fnt
|faint|p1a: Glimmora
|
|upkeep
|
|t:|1743915972
|switch|p1a: Kyurem|Kyurem|100/100
|-damage|p1a: Kyurem|76/100|[from] Stealth Rock
|-ability|p1a: Kyurem|Pressure
|turn|13
|
|t:|1743915975
|switch|p2a: Slowking|Slowking-Galar, M, shiny|82/100
|-sideend|p2: LirrodPokemon|move: Toxic Spikes|[of] p2a: Slowking
|-terastallize|p1a: Kyurem|Steel
|move|p1a: Kyurem|Freeze-Dry|p2a: Slowking
|-damage|p2a: Slowking|62/100
|
|-heal|p1a: Kyurem|82/100|[from] item: Leftovers
|-heal|p2a: Slowking|68/100|[from] item: Black Sludge
|upkeep
|turn|14
|
|t:|1743915986
|move|p1a: Kyurem|Substitute|p1a: Kyurem
|-start|p1a: Kyurem|Substitute
|-damage|p1a: Kyurem|57/100
|-prepare|p2a: Slowking|Chilly Reception|[premajor]
|move|p2a: Slowking|Chilly Reception|p2a: Slowking
|-weather|Snowscape
|
|t:|1743915992
|switch|p2a: Dragapult|Dragapult, M, shiny|77/100|[from] Chilly Reception
|
|-weather|Snowscape|[upkeep]
|-heal|p1a: Kyurem|63/100|[from] item: Leftovers
|upkeep
|turn|15
|
|t:|1743915997
|move|p2a: Dragapult|Flamethrower|p1a: Kyurem
|-supereffective|p1a: Kyurem
|-damage|p1a: Kyurem|0 fnt
|faint|p1a: Kyurem
|
|-weather|Snowscape|[upkeep]
|upkeep
|
|t:|1743916004
|switch|p1a: Raikou|Raikou|43/100
|-ability|p1a: Raikou|Pressure
|turn|16
|
|t:|1743916012
|switch|p2a: Slowking|Slowking-Galar, M, shiny|100/100
|move|p1a: Raikou|Weather Ball|p2a: Slowking
|-damage|p2a: Slowking|82/100
|
|-weather|Snowscape|[upkeep]
|-heal|p2a: Slowking|88/100|[from] item: Black Sludge
|upkeep
|turn|17
|
|t:|1743916020
|move|p1a: Raikou|Volt Switch|p2a: Slowking
|-damage|p2a: Slowking|68/100
|
|t:|1743916032
|switch|p1a: Sinistcha|Sinistcha|100/100|[from] Volt Switch
|move|p2a: Slowking|Future Sight|p1a: Sinistcha
|-start|p2a: Slowking|move: Future Sight
|
|-weather|Snowscape|[upkeep]
|-heal|p2a: Slowking|74/100|[from] item: Black Sludge
|upkeep
|turn|18
|
|t:|1743916040
|move|p1a: Sinistcha|Calm Mind|p1a: Sinistcha
|-boost|p1a: Sinistcha|spa|1
|-boost|p1a: Sinistcha|spd|1
|move|p2a: Slowking|Thunder Wave|p1a: Sinistcha
|-status|p1a: Sinistcha|par
|
|-weather|none
|-heal|p2a: Slowking|80/100|[from] item: Black Sludge
|upkeep
|turn|19
|
|t:|1743916052
|switch|p2a: Weavile|Weavile, M|100/100
|-ability|p2a: Weavile|Pressure
|move|p1a: Sinistcha|Calm Mind|p1a: Sinistcha
|-boost|p1a: Sinistcha|spa|1
|-boost|p1a: Sinistcha|spd|1
|
|-end|p1a: Sinistcha|move: Future Sight
|-damage|p1a: Sinistcha|74/100 par
|upkeep
|turn|20
|
|t:|1743916059
|switch|p1a: Corviknight|Corviknight, F|80/100
|-damage|p1a: Corviknight|68/100|[from] Stealth Rock
|-ability|p1a: Corviknight|Pressure
|move|p2a: Weavile|Triple Axel|p1a: Corviknight
|-damage|p1a: Corviknight|58/100
|-damage|p2a: Weavile|84/100|[from] item: Rocky Helmet|[of] p1a: Corviknight
|-damage|p1a: Corviknight|41/100
|-damage|p2a: Weavile|68/100|[from] item: Rocky Helmet|[of] p1a: Corviknight
|-damage|p1a: Corviknight|15/100
|-damage|p2a: Weavile|51/100|[from] item: Rocky Helmet|[of] p1a: Corviknight
|-hitcount|p1a: Corviknight|3
|
|upkeep
|turn|21
|-message|rippedpantsbob forfeited.
|
|win|LirrodPokemon
|raw|rippedpantsbob's rating: 1224 &rarr; <strong>1197</strong><br />(-27 for losing)
|raw|LirrodPokemon's rating: 1196 &rarr; <strong>1223</strong><br />(+27 for winning)
|l|☆rippedpantsbob
|player|p1|
|l|☆LirrodPokemon
|player|p2|
