|j|☆letsshowdownbro
|j|☆Death Coil
|inactive|Battle timer is ON: inactive players will automatically lose when time's up.
|t:|1743796680
|gametype|singles
|player|p1|letsshowdownbro|jogger|
|player|p2|Death Coil|bruno|
|teamsize|p1|6
|teamsize|p2|6
|gen|9
|tier|[Gen 9] OU
|rated|Tournament battle
|rule|HP Percentage Mod: HP is shown in percentages
|rule|Endless Battle Clause: Forcing endless battles is banned
|rule|Species Clause: Limit one of each Pokémon
|rule|OHKO Clause: OHKO moves are banned
|rule|Evasion Items Clause: Evasion items are banned
|rule|Evasion Moves Clause: Evasion moves are banned
|rule|Sleep Moves Clause: Sleep-inducing moves are banned
|clearpoke
|poke|p1|Uxie|
|poke|p1|Gholdengo|
|poke|p1|Dragonite, M|
|poke|p1|Dragapult, M|
|poke|p1|Primarina, F|
|poke|p1|Great Tusk|
|poke|p2|Blastoise, F|
|poke|p2|Arcanine, M|
|poke|p2|Raikou|
|poke|p2|Tyranitar, M|
|poke|p2|Urshifu-*, F|
|poke|p2|Ursaluna, F|
|teampreview
|inactive|letsshowdownbro also wants the timer to be on.
|j|@Stads
|j| Audio Peel
|c|☆letsshowdownbro|pls have mercy
|c|☆Death Coil|you as well
|j| Praise The Salt
|inactive|Death Coil has 120 seconds left.
|c| Praise The Salt|you're my hero now Death Coil
|
|t:|1743796712
|start
|switch|p1a: Uxie|Uxie, shiny|100/100
|switch|p2a: Tyranitar|Tyranitar, M|100/100
|-weather|Sandstorm|[from] ability: Sand Stream|[of] p2a: Tyranitar
|turn|1
|c|☆Death Coil|lol
|
|t:|1743796721
|switch|p1a: Great Tusk|Great Tusk|100/100
|move|p2a: Tyranitar|Knock Off|p1a: Great Tusk
|-resisted|p1a: Great Tusk
|-damage|p1a: Great Tusk|85/100
|-damage|p2a: Tyranitar|84/100|[from] item: Rocky Helmet|[of] p1a: Great Tusk
|-enditem|p1a: Great Tusk|Rocky Helmet|[from] move: Knock Off|[of] p2a: Tyranitar
|
|-weather|Sandstorm|[upkeep]
|upkeep
|turn|2
|
|t:|1743796723
|move|p1a: Great Tusk|Close Combat|p2a: Tyranitar
|-supereffective|p2a: Tyranitar
|-damage|p2a: Tyranitar|0 fnt
|-unboost|p1a: Great Tusk|def|1
|-unboost|p1a: Great Tusk|spd|1
|faint|p2a: Tyranitar
|
|-weather|Sandstorm|[upkeep]
|upkeep
|c| Praise The Salt|only you can stop the savouras menace
|inactive|Death Coil has 120 seconds left.
|j|#SetsuStsna
|
|t:|1743796769
|switch|p2a: Raikou|Raikou, shiny|100/100
|turn|3
|j| Fury71
|l| Fury71
|
|t:|1743796795
|-end|p1a: Great Tusk|Protosynthesis|[silent]
|switch|p1a: Gholdengo|Gholdengo|100/100
|move|p2a: Raikou|Scald|p1a: Gholdengo
|-damage|p1a: Gholdengo|82/100
|-status|p1a: Gholdengo|brn
|-damage|p2a: Raikou|91/100|[from] item: Life Orb
|
|-weather|Sandstorm|[upkeep]
|-damage|p2a: Raikou|84/100|[from] Sandstorm
|-damage|p1a: Gholdengo|76/100 brn|[from] brn
|upkeep
|turn|4
|inactive|Death Coil has 120 seconds left.
|inactive|letsshowdownbro has 120 seconds left.
|
|t:|1743796822
|move|p2a: Raikou|Thunder|p1a: Gholdengo
|-damage|p1a: Gholdengo|34/100 brn
|-damage|p2a: Raikou|74/100|[from] item: Life Orb
|move|p1a: Gholdengo|Make It Rain|p2a: Raikou
|-resisted|p2a: Raikou
|-damage|p2a: Raikou|40/100
|-unboost|p1a: Gholdengo|spa|1
|
|-weather|Sandstorm|[upkeep]
|-damage|p2a: Raikou|34/100|[from] Sandstorm
|-damage|p1a: Gholdengo|27/100 brn|[from] brn
|upkeep
|turn|5
|inactive|letsshowdownbro has 120 seconds left.
|
|t:|1743796837
|move|p2a: Raikou|Thunder|p1a: Gholdengo
|-damage|p1a: Gholdengo|0 fnt
|faint|p1a: Gholdengo
|-damage|p2a: Raikou|24/100|[from] item: Life Orb
|
|-weather|none
|upkeep
|inactive|letsshowdownbro has 120 seconds left.
|
|t:|1743796851
|switch|p1a: Dragonite|Dragonite, M|100/100
|turn|6
|
|t:|1743796856
|switch|p2a: Arcanine|Arcanine, M|100/100
|-ability|p2a: Arcanine|Intimidate|boost
|-unboost|p1a: Dragonite|atk|1
|move|p1a: Dragonite|Extreme Speed|p2a: Arcanine
|-damage|p2a: Arcanine|76/100
|
|upkeep
|turn|7
|inactive|Death Coil has 120 seconds left.
|
|t:|1743796864
|switch|p1a: Uxie|Uxie, shiny|100/100
|move|p2a: Arcanine|Will-O-Wisp|p1a: Uxie|[miss]
|-miss|p2a: Arcanine|p1a: Uxie
|
|upkeep
|turn|8
|
|t:|1743796871
|switch|p2a: Urshifu|Urshifu, F|100/100
|move|p1a: Uxie|Stealth Rock|p2a: Urshifu
|-sidestart|p2: Death Coil|move: Stealth Rock
|
|upkeep
|turn|9
|
|t:|1743796881
|move|p2a: Urshifu|Wicked Blow|p1a: Uxie
|-supereffective|p1a: Uxie
|-crit|p1a: Uxie
|-damage|p1a: Uxie|17/100
|move|p1a: Uxie|Thunder Wave|p2a: Urshifu
|-status|p2a: Urshifu|par
|
|upkeep
|turn|10
|
|t:|1743796898
|move|p1a: Uxie|Psychic|p2a: Urshifu
|-immune|p2a: Urshifu
|cant|p2a: Urshifu|par
|
|upkeep
|turn|11
|
|t:|1743796902
|move|p1a: Uxie|Psychic|p2a: Urshifu
|-immune|p2a: Urshifu
|move|p2a: Urshifu|Swords Dance|p2a: Urshifu
|-boost|p2a: Urshifu|atk|2
|
|upkeep
|turn|12
|
|t:|1743796919
|move|p1a: Uxie|Psychic|p2a: Urshifu
|-immune|p2a: Urshifu
|cant|p2a: Urshifu|par
|
|upkeep
|turn|13
|
|t:|1743796922
|switch|p1a: Dragonite|Dragonite, M|100/100
|move|p2a: Urshifu|Swords Dance|p2a: Urshifu
|-boost|p2a: Urshifu|atk|2
|
|upkeep
|turn|14
|
|t:|1743796927
|move|p1a: Dragonite|Encore|p2a: Urshifu
|-start|p2a: Urshifu|Encore
|move|p2a: Urshifu|Swords Dance|p2a: Urshifu
|-boost|p2a: Urshifu|atk|2
|
|upkeep
|turn|15
|
|t:|1743796955
|switch|p2a: Ursaluna|Ursaluna, F|100/100
|-damage|p2a: Ursaluna|94/100|[from] Stealth Rock
|move|p1a: Dragonite|Dragon Dance|p1a: Dragonite
|-boost|p1a: Dragonite|atk|1
|-boost|p1a: Dragonite|spe|1
|
|-status|p2a: Ursaluna|brn|[from] item: Flame Orb
|upkeep
|turn|16
|j| RabidTester01
|j| Youngster Pappy
|inactive|letsshowdownbro has 120 seconds left.
|j| yomaalt
|l| Audio Peel
|
|t:|1743797005
|switch|p1a: Uxie|Uxie, shiny|17/100
|move|p2a: Ursaluna|Facade|p1a: Uxie
|-damage|p1a: Uxie|0 fnt
|-damage|p2a: Ursaluna|78/100 brn|[from] item: Rocky Helmet|[of] p1a: Uxie
|faint|p1a: Uxie
|
|-damage|p2a: Ursaluna|72/100 brn|[from] brn
|upkeep
|
|t:|1743797011
|switch|p1a: Dragapult|Dragapult, M|100/100
|turn|17
|
|t:|1743797018
|-terastallize|p2a: Ursaluna|Fairy
|move|p1a: Dragapult|Draco Meteor|p2a: Ursaluna
|-immune|p2a: Ursaluna
|move|p2a: Ursaluna|Earthquake|p1a: Dragapult
|-damage|p1a: Dragapult|0 fnt
|faint|p1a: Dragapult
|
|-damage|p2a: Ursaluna|66/100 brn|[from] brn
|upkeep
|
|t:|1743797024
|switch|p1a: Dragonite|Dragonite, M|100/100
|turn|18
|
|t:|1743797026
|move|p1a: Dragonite|Encore|p2a: Ursaluna
|-start|p2a: Ursaluna|Encore
|move|p2a: Ursaluna|Earthquake|p1a: Dragonite
|-immune|p1a: Dragonite
|
|-damage|p2a: Ursaluna|60/100 brn|[from] brn
|upkeep
|turn|19
|
|t:|1743797031
|switch|p2a: Arcanine|Arcanine, M|76/100
|-ability|p2a: Arcanine|Intimidate|boost
|-unboost|p1a: Dragonite|atk|1
|move|p1a: Dragonite|Encore||[still]
|-fail|p1a: Dragonite
|
|upkeep
|turn|20
|
|t:|1743797037
|switch|p1a: Primarina|Primarina, F|100/100
|move|p2a: Arcanine|Will-O-Wisp|p1a: Primarina
|-status|p1a: Primarina|brn
|
|-damage|p1a: Primarina|94/100 brn|[from] brn
|upkeep
|turn|21
|j| scritizm
|
|t:|1743797064
|switch|p2a: Urshifu|Urshifu, F|100/100 par
|-damage|p2a: Urshifu|94/100 par|[from] Stealth Rock
|move|p1a: Primarina|Psychic Noise|p2a: Urshifu
|-damage|p2a: Urshifu|29/100 par
|-start|p2a: Urshifu|move: Heal Block
|
|-damage|p1a: Primarina|88/100 brn|[from] brn
|upkeep
|turn|22
|inactive|letsshowdownbro has 120 seconds left.
|
|t:|1743797101
|move|p2a: Urshifu|Sucker Punch|p1a: Primarina
|-resisted|p1a: Primarina
|-damage|p1a: Primarina|63/100 brn
|move|p1a: Primarina|Psychic Noise|p2a: Urshifu
|-damage|p2a: Urshifu|0 fnt
|faint|p2a: Urshifu
|
|-damage|p1a: Primarina|57/100 brn|[from] brn
|upkeep
|inactive|Death Coil has 120 seconds left.
|
|t:|1743797123
|switch|p2a: Ursaluna|Ursaluna, F, tera:Fairy|60/100 brn
|-damage|p2a: Ursaluna|47/100 brn|[from] Stealth Rock
|turn|23
|l| scritizm
|inactive|letsshowdownbro has 120 seconds left.
|j| Mada
|
|t:|1743797155
|move|p2a: Ursaluna|Facade|p1a: Primarina
|-damage|p1a: Primarina|0 fnt
|faint|p1a: Primarina
|
|-damage|p2a: Ursaluna|41/100 brn|[from] brn
|upkeep
|
|t:|1743797166
|switch|p1a: Dragonite|Dragonite, M|100/100
|turn|24
|
|t:|1743797169
|move|p1a: Dragonite|Earthquake|p2a: Ursaluna
|-damage|p2a: Ursaluna|11/100 brn
|move|p2a: Ursaluna|Facade|p1a: Dragonite
|-damage|p1a: Dragonite|27/100
|
|-damage|p2a: Ursaluna|5/100 brn|[from] brn
|upkeep
|turn|25
|j| Docter_Peng99
|l| Docter_Peng99
|
|t:|1743797176
|move|p1a: Dragonite|Earthquake|p2a: Ursaluna
|-damage|p2a: Ursaluna|0 fnt
|faint|p2a: Ursaluna
|
|upkeep
|
|t:|1743797192
|switch|p2a: Blastoise|Blastoise, F|100/100
|-damage|p2a: Blastoise|88/100|[from] Stealth Rock
|turn|26
|inactive|letsshowdownbro has 120 seconds left.
|
|t:|1743797203
|move|p1a: Dragonite|Earthquake|p2a: Blastoise
|-damage|p2a: Blastoise|45/100
|move|p2a: Blastoise|Ice Beam|p1a: Dragonite
|-supereffective|p1a: Dragonite
|-damage|p1a: Dragonite|0 fnt
|faint|p1a: Dragonite
|-damage|p2a: Blastoise|35/100|[from] item: Life Orb
|
|upkeep
|
|t:|1743797205
|switch|p1a: Great Tusk|Great Tusk|85/100
|turn|27
|
|t:|1743797209
|-terastallize|p1a: Great Tusk|Water
|move|p1a: Great Tusk|Rapid Spin|p2a: Blastoise
|-damage|p2a: Blastoise|15/100
|-boost|p1a: Great Tusk|spe|1
|move|p2a: Blastoise|Shell Smash|p2a: Blastoise
|-unboost|p2a: Blastoise|def|1
|-unboost|p2a: Blastoise|spd|1
|-boost|p2a: Blastoise|atk|2
|-boost|p2a: Blastoise|spa|2
|-boost|p2a: Blastoise|spe|2
|
|upkeep
|turn|28
|c|☆letsshowdownbro|heck
|
|t:|1743797219
|move|p2a: Blastoise|Hydro Pump|p1a: Great Tusk
|-resisted|p1a: Great Tusk
|-damage|p1a: Great Tusk|0 fnt
|faint|p1a: Great Tusk
|-end|p1a: Great Tusk|Protosynthesis|[silent]
|-damage|p2a: Blastoise|6/100|[from] item: Life Orb
|
|win|Death Coil
|n|☆letsshowdownbro|letsshowdownbro
|n|☆Death Coil|deathcoil
|n| Stads|stads
|n| Praise The Salt|praisethesalt
|n|+SetsuStsna|setsustsna
|n| RabidTester01|rabidtester01
|n| Youngster Pappy|youngsterpappy
|n| yomaalt|yomaalt
|n| Mada|mada
|c|☆letsshowdownbro|gg
|c|☆Death Coil|gg
|l| Mada
|l| Youngster Pappy
|l| RabidTester01
|l|+SetsuStsna
|l| Stads
|l| Praise The Salt
