|j|‽AndreRWright
|j|☆p3rb
|t:|1743794438
|gametype|singles
|player|p1|AndreRWright|giovanni|1304
|player|p2|p3rb|2|1317
|teamsize|p1|6
|teamsize|p2|6
|gen|9
|tier|[Gen 9] OU
|rated|
|rule|HP Percentage Mod: HP is shown in percentages
|rule|Endless Battle Clause: Forcing endless battles is banned
|rule|Species Clause: Limit one of each Pokémon
|rule|OHKO Clause: OHKO moves are banned
|rule|Evasion Items Clause: Evasion items are banned
|rule|Evasion Moves Clause: Evasion moves are banned
|rule|Sleep Moves Clause: Sleep-inducing moves are banned
|clearpoke
|poke|p1|Infernape, M|
|poke|p1|Snorlax, F|
|poke|p1|Goodra-Hisui, F|
|poke|p1|Milotic, M|
|poke|p1|Mesprit|
|poke|p1|Raikou|
|poke|p2|Ting-Lu|
|poke|p2|Skarmory, M|
|poke|p2|Great Tusk|
|poke|p2|Greninja-*, F|
|poke|p2|Kingambit, F|
|poke|p2|Sinistcha|
|teampreview
|
|t:|1743794447
|start
|switch|p1a: Mesprit|Mesprit|100/100
|switch|p2a: Ting-Lu|Ting-Lu|100/100
|-ability|p2a: Ting-Lu|Vessel of Ruin
|turn|1
|
|t:|1743794453
|move|p1a: Mesprit|Trick|p2a: Ting-Lu
|-activate|p1a: Mesprit|move: Trick|[of] p2a: Ting-Lu
|-item|p2a: Ting-Lu|Choice Scarf|[from] move: Trick
|-item|p1a: Mesprit|Leftovers|[from] move: Trick
|move|p2a: Ting-Lu|Spikes|p1a: Mesprit
|-sidestart|p1: AndreRWright|Spikes
|
|upkeep
|turn|2
|
|t:|1743794465
|move|p1a: Mesprit|U-turn|p2a: Ting-Lu
|-supereffective|p2a: Ting-Lu
|-damage|p2a: Ting-Lu|81/100
|
|t:|1743794467
|switch|p1a: Infernape|Infernape, M|100/100|[from] U-turn
|-damage|p1a: Infernape|88/100|[from] Spikes
|move|p2a: Ting-Lu|Spikes|p1a: Infernape
|-sidestart|p1: AndreRWright|Spikes
|
|upkeep
|turn|3
|
|t:|1743794475
|switch|p2a: Great Tusk|Great Tusk|100/100
|move|p1a: Infernape|Nasty Plot|p1a: Infernape
|-boost|p1a: Infernape|spa|2
|
|upkeep
|turn|4
|
|t:|1743794481
|move|p1a: Infernape|Flamethrower|p2a: Great Tusk
|-damage|p2a: Great Tusk|0 fnt
|faint|p2a: Great Tusk
|-end|p2a: Great Tusk|Protosynthesis|[silent]
|
|upkeep
|
|t:|1743794488
|switch|p2a: Greninja|Greninja, F|100/100
|turn|5
|
|t:|1743794494
|switch|p1a: Milotic|Milotic, M|100/100
|-damage|p1a: Milotic|84/100|[from] Spikes
|move|p2a: Greninja|Surf|p1a: Milotic
|-start|p2a: Greninja|typechange|Water|[from] ability: Protean
|-resisted|p1a: Milotic
|-damage|p1a: Milotic|63/100
|
|-heal|p1a: Milotic|69/100|[from] item: Leftovers
|upkeep
|turn|6
|
|t:|1743794514
|switch|p2a: Sinistcha|Sinistcha|100/100
|move|p1a: Milotic|Recover|p1a: Milotic
|-heal|p1a: Milotic|100/100
|
|upkeep
|turn|7
|
|t:|1743794523
|switch|p1a: Goodra|Goodra-Hisui, F|100/100
|-damage|p1a: Goodra|84/100|[from] Spikes
|move|p2a: Sinistcha|Calm Mind|p2a: Sinistcha
|-boost|p2a: Sinistcha|spa|1
|-boost|p2a: Sinistcha|spd|1
|
|upkeep
|turn|8
|
|t:|1743794549
|move|p2a: Sinistcha|Shadow Ball|p1a: Goodra
|-damage|p1a: Goodra|64/100
|move|p1a: Goodra|Ice Beam|p2a: Sinistcha
|-supereffective|p2a: Sinistcha
|-damage|p2a: Sinistcha|60/100
|
|upkeep
|turn|9
|
|t:|1743794555
|move|p2a: Sinistcha|Shadow Ball|p1a: Goodra
|-damage|p1a: Goodra|42/100
|move|p1a: Goodra|Knock Off|p2a: Sinistcha
|-supereffective|p2a: Sinistcha
|-damage|p2a: Sinistcha|27/100
|-enditem|p2a: Sinistcha|Heavy-Duty Boots|[from] move: Knock Off|[of] p1a: Goodra
|
|upkeep
|turn|10
|
|t:|1743794564
|move|p2a: Sinistcha|Shadow Ball|p1a: Goodra
|-damage|p1a: Goodra|22/100
|move|p1a: Goodra|Ice Beam|p2a: Sinistcha
|-supereffective|p2a: Sinistcha
|-crit|p2a: Sinistcha
|-damage|p2a: Sinistcha|0 fnt
|faint|p2a: Sinistcha
|
|upkeep
|-message|p3rb forfeited.
|
|win|AndreRWright
|raw|AndreRWright's rating: 1304 &rarr; <strong>1325</strong><br />(+21 for winning)
|raw|p3rb's rating: 1317 &rarr; <strong>1296</strong><br />(-21 for losing)
|l|☆p3rb
|player|p2|
|l|‽AndreRWright
|player|p1|
