|j|☆boobtwink
|j|☆that suck
|t:|1743921696
|gametype|singles
|player|p1|boobtwink|cynthia-gen4|1070
|player|p2|that suck|102|1154
|teamsize|p1|6
|teamsize|p2|6
|gen|9
|tier|[Gen 9] OU
|rated|
|rule|HP Percentage Mod: HP is shown in percentages
|rule|Endless Battle Clause: Forcing endless battles is banned
|rule|Species Clause: Limit one of each Pokémon
|rule|OHKO Clause: OHKO moves are banned
|rule|Evasion Items Clause: Evasion items are banned
|rule|Evasion Moves Clause: Evasion moves are banned
|rule|Sleep Moves Clause: Sleep-inducing moves are banned
|clearpoke
|poke|p1|Gliscor, M|
|poke|p1|Quaquaval, M|
|poke|p1|Politoed, M|
|poke|p1|Raging Bolt|
|poke|p1|Kingambit, F|
|poke|p1|Scizor, F|
|poke|p2|Zamazenta-*|
|poke|p2|Kyurem|
|poke|p2|Araquanid, F|
|poke|p2|Landorus-Therian, M|
|poke|p2|Dondozo, M|
|poke|p2|Tropius, F|
|teampreview
|
|t:|1743921717
|start
|switch|p1a: I Click Spikes|Gliscor, M|100/100
|switch|p2a: Landorus|Landorus-Therian, M, shiny|100/100
|-ability|p2a: Landorus|Intimidate|boost
|-unboost|p1a: I Click Spikes|atk|1
|turn|1
|inactive|Battle timer is ON: inactive players will automatically lose when time's up. (requested by that suck)
|
|t:|1743921730
|move|p1a: I Click Spikes|Taunt|p2a: Landorus
|-start|p2a: Landorus|move: Taunt
|move|p2a: Landorus|Rock Tomb|p1a: I Click Spikes|[miss]
|-miss|p2a: Landorus|p1a: I Click Spikes
|
|-status|p1a: I Click Spikes|tox|[from] item: Toxic Orb
|upkeep
|turn|2
|
|t:|1743921742
|switch|p1a: Quaquaval|Quaquaval, M, shiny|100/100
|move|p2a: Landorus|Rock Tomb|p1a: Quaquaval
|-resisted|p1a: Quaquaval
|-crit|p1a: Quaquaval
|-damage|p1a: Quaquaval|80/100
|-unboost|p1a: Quaquaval|spe|1
|
|upkeep
|turn|3
|
|t:|1743921752
|move|p2a: Landorus|Giga Impact|p1a: Quaquaval
|-damage|p1a: Quaquaval|0 fnt
|-mustrecharge|p2a: Landorus
|faint|p1a: Quaquaval
|
|-end|p2a: Landorus|move: Taunt
|upkeep
|c|☆that suck|nice
|
|t:|1743921780
|switch|p1a: Kingambit|Kingambit, F|100/100
|-item|p1a: Kingambit|Air Balloon
|turn|4
|
|t:|1743921784
|cant|p2a: Landorus|recharge
|move|p1a: Kingambit|Swords Dance|p1a: Kingambit
|-boost|p1a: Kingambit|atk|2
|
|upkeep
|turn|5
|
|t:|1743921790
|move|p1a: Kingambit|Sucker Punch|p2a: Landorus
|-enditem|p2a: Landorus|Focus Sash
|-damage|p2a: Landorus|1/100
|move|p2a: Landorus|Rock Tomb|p1a: Kingambit
|-resisted|p1a: Kingambit
|-damage|p1a: Kingambit|93/100
|-unboost|p1a: Kingambit|spe|1
|-ability|p1a: Kingambit|Defiant|boost
|-boost|p1a: Kingambit|atk|2
|-enditem|p1a: Kingambit|Air Balloon
|
|upkeep
|turn|6
|
|t:|1743921815
|move|p2a: Landorus|Earthquake|p1a: Kingambit
|-supereffective|p1a: Kingambit
|-damage|p1a: Kingambit|14/100
|move|p1a: Kingambit|Swords Dance|p1a: Kingambit
|-boost|p1a: Kingambit|atk|2
|
|upkeep
|turn|7
|
|t:|1743921830
|move|p1a: Kingambit|Sucker Punch|p2a: Landorus
|-damage|p2a: Landorus|0 fnt
|faint|p2a: Landorus
|
|upkeep
|
|t:|1743921832
|switch|p2a: Dondozo|Dondozo, M, shiny|100/100
|turn|8
|
|t:|1743921839
|move|p1a: Kingambit|Sucker Punch|p2a: Dondozo
|-damage|p2a: Dondozo|77/100
|move|p2a: Dondozo|Earthquake|p1a: Kingambit
|-supereffective|p1a: Kingambit
|-damage|p1a: Kingambit|0 fnt
|faint|p1a: Kingambit
|
|upkeep
|inactive|boobtwink has 120 seconds left.
|
|t:|1743921870
|switch|p1a: Raging Bolt|Raging Bolt|100/100
|-enditem|p1a: Raging Bolt|Booster Energy
|-activate|p1a: Raging Bolt|ability: Protosynthesis|[fromitem]
|-start|p1a: Raging Bolt|protosynthesisspa
|turn|9
|inactive|boobtwink has 120 seconds left.
|
|t:|1743921888
|switch|p2a: Kyurem|Kyurem, shiny|100/100
|-ability|p2a: Kyurem|Pressure
|move|p1a: Raging Bolt|Volt Switch|p2a: Kyurem
|-resisted|p2a: Kyurem
|-damage|p2a: Kyurem|83/100
|
|t:|1743921897
|-end|p1a: Raging Bolt|Protosynthesis|[silent]
|switch|p1a: Politoed|Politoed, M, shiny|100/100|[from] Volt Switch
|-weather|RainDance|[from] ability: Drizzle|[of] p1a: Politoed
|
|-weather|RainDance|[upkeep]
|-heal|p2a: Kyurem|89/100|[from] item: Leftovers
|upkeep
|turn|10
|inactive|boobtwink has 120 seconds left.
|inactive|boobtwink has 90 seconds left.
|inactive|that suck has 120 seconds left.
|
|t:|1743921945
|move|p2a: Kyurem|Draco Meteor|p1a: Politoed
|-damage|p1a: Politoed|48/100
|-unboost|p2a: Kyurem|spa|2
|move|p1a: Politoed|Weather Ball|p2a: Kyurem
|-resisted|p2a: Kyurem
|-damage|p2a: Kyurem|68/100
|
|-weather|RainDance|[upkeep]
|-heal|p2a: Kyurem|75/100|[from] item: Leftovers
|upkeep
|turn|11
|inactive|that suck has 120 seconds left.
|
|t:|1743921964
|switch|p2a: Araquanid|Araquanid, F, shiny|100/100
|switch|p1a: Raging Bolt|Raging Bolt|100/100
|
|-weather|RainDance|[upkeep]
|upkeep
|turn|12
|inactive|that suck has 120 seconds left.
|
|t:|1743921979
|move|p1a: Raging Bolt|Thunder|p2a: Araquanid
|-supereffective|p2a: Araquanid
|-damage|p2a: Araquanid|26/100
|move|p2a: Araquanid|Liquidation|p1a: Raging Bolt
|-resisted|p1a: Raging Bolt
|-damage|p1a: Raging Bolt|64/100
|-unboost|p1a: Raging Bolt|def|1
|
|-weather|RainDance|[upkeep]
|upkeep
|turn|13
|inactive|that suck has 120 seconds left.
|
|t:|1743921988
|move|p1a: Raging Bolt|Thunderclap|p2a: Araquanid
|-supereffective|p2a: Araquanid
|-damage|p2a: Araquanid|0 fnt
|faint|p2a: Araquanid
|
|-weather|RainDance|[upkeep]
|upkeep
|inactive|that suck has 120 seconds left.
|
|t:|1743921995
|switch|p2a: Kyurem|Kyurem, shiny|75/100
|-ability|p2a: Kyurem|Pressure
|turn|14
|inactive|boobtwink has 90 seconds left.
|
|t:|1743922008
|-terastallize|p1a: Raging Bolt|Flying
|move|p2a: Kyurem|Glaciate|p1a: Raging Bolt
|-supereffective|p1a: Raging Bolt
|-damage|p1a: Raging Bolt|14/100
|-unboost|p1a: Raging Bolt|spe|1
|move|p1a: Raging Bolt|Draco Meteor|p2a: Kyurem
|-supereffective|p2a: Kyurem
|-damage|p2a: Kyurem|0 fnt
|-unboost|p1a: Raging Bolt|spa|2
|faint|p2a: Kyurem
|
|-weather|RainDance|[upkeep]
|upkeep
|inactive|that suck has 120 seconds left.
|
|t:|1743922046
|switch|p2a: Zamazenta|Zamazenta, shiny|100/100
|-ability|p2a: Zamazenta|Dauntless Shield|boost
|-boost|p2a: Zamazenta|def|1
|turn|15
|inactive|boobtwink has 90 seconds left.
|
|t:|1743922066
|-end|p1a: Raging Bolt|Protosynthesis|[silent]
|switch|p1a: I Click Spikes|Gliscor, M|100/100 tox
|move|p2a: Zamazenta|Body Press|p1a: I Click Spikes
|-resisted|p1a: I Click Spikes
|-damage|p1a: I Click Spikes|67/100 tox
|
|-weather|RainDance|[upkeep]
|-heal|p1a: I Click Spikes|79/100 tox|[from] ability: Poison Heal
|upkeep
|turn|16
|inactive|boobtwink has 90 seconds left.
|
|t:|1743922082
|switch|p2a: Dondozo|Dondozo, M, shiny|77/100
|move|p1a: I Click Spikes|Dual Wingbeat|p2a: Dondozo
|-damage|p2a: Dondozo|68/100
|-damage|p2a: Dondozo|59/100
|-hitcount|p2a: Dondozo|2
|
|-weather|none
|-heal|p1a: I Click Spikes|92/100 tox|[from] ability: Poison Heal
|upkeep
|turn|17
|inactive|that suck has 120 seconds left.
|inactive|that suck has 90 seconds left.
|
|t:|1743922119
|switch|p1a: Politoed|Politoed, M, shiny|48/100
|-weather|RainDance|[from] ability: Drizzle|[of] p1a: Politoed
|move|p2a: Dondozo|Wave Crash|p1a: Politoed
|-resisted|p1a: Politoed
|-damage|p1a: Politoed|0 fnt
|faint|p1a: Politoed
|-damage|p2a: Dondozo|47/100|[from] Recoil
|
|-weather|RainDance|[upkeep]
|upkeep
|
|t:|1743922129
|switch|p1a: Raging Bolt|Raging Bolt, tera:Flying|14/100
|turn|18
|
|t:|1743922141
|move|p1a: Raging Bolt|Thunderclap|p2a: Dondozo
|-supereffective|p2a: Dondozo
|-damage|p2a: Dondozo|0 fnt
|faint|p2a: Dondozo
|
|-weather|RainDance|[upkeep]
|upkeep
|
|t:|1743922144
|switch|p2a: Zamazenta|Zamazenta, shiny|100/100
|turn|19
|
|t:|1743922156
|move|p2a: Zamazenta|Play Rough|p1a: Raging Bolt
|-damage|p1a: Raging Bolt|0 fnt
|faint|p1a: Raging Bolt
|-end|p1a: Raging Bolt|Protosynthesis|[silent]
|
|-weather|RainDance|[upkeep]
|upkeep
|
|t:|1743922163
|switch|p1a: I Click Spikes|Gliscor, M|92/100 tox
|turn|20
|
|t:|1743922167
|-terastallize|p2a: Zamazenta|Fairy
|move|p2a: Zamazenta|Play Rough|p1a: I Click Spikes
|-damage|p1a: I Click Spikes|38/100 tox
|move|p1a: I Click Spikes|Dual Wingbeat|p2a: Zamazenta|[miss]
|-miss|p1a: I Click Spikes|p2a: Zamazenta
|
|-weather|RainDance|[upkeep]
|-heal|p1a: I Click Spikes|50/100 tox|[from] ability: Poison Heal
|upkeep
|turn|21
|inactive|that suck has 120 seconds left.
|
|t:|1743922178
|switch|p1a: Scizor|Scizor, F|100/100
|move|p2a: Zamazenta|Play Rough|p1a: Scizor
|-resisted|p1a: Scizor
|-damage|p1a: Scizor|69/100
|
|-weather|RainDance|[upkeep]
|upkeep
|turn|22
|
|t:|1743922188
|switch|p2a: Tropius|Tropius, F, shiny|100/100
|move|p1a: Scizor|Bullet Punch|p2a: Tropius
|-damage|p2a: Tropius|69/100
|
|-weather|RainDance|[upkeep]
|upkeep
|turn|23
|
|t:|1743922197
|move|p1a: Scizor|Knock Off|p2a: Tropius
|-damage|p2a: Tropius|31/100
|-enditem|p2a: Tropius|Sitrus Berry|[from] move: Knock Off|[of] p1a: Scizor
|move|p2a: Tropius|Leech Seed|p1a: Scizor
|-start|p1a: Scizor|move: Leech Seed
|
|-weather|RainDance|[upkeep]
|-damage|p1a: Scizor|57/100|[from] Leech Seed|[of] p2a: Tropius
|-heal|p2a: Tropius|41/100|[silent]
|upkeep
|turn|24
|
|t:|1743922204
|move|p2a: Tropius|Protect|p2a: Tropius
|-singleturn|p2a: Tropius|Protect
|move|p1a: Scizor|U-turn|p2a: Tropius
|-activate|p2a: Tropius|move: Protect
|
|-weather|none
|-damage|p1a: Scizor|45/100|[from] Leech Seed|[of] p2a: Tropius
|-heal|p2a: Tropius|52/100|[silent]
|upkeep
|turn|25
|inactive|boobtwink has 120 seconds left.
|
|t:|1743922212
|move|p1a: Scizor|U-turn|p2a: Tropius
|-damage|p2a: Tropius|13/100
|
|t:|1743922214
|switch|p1a: I Click Spikes|Gliscor, M|50/100 tox|[from] U-turn
|move|p2a: Tropius|Substitute|p2a: Tropius
|-fail|p2a: Tropius|move: Substitute|[weak]
|
|-heal|p1a: I Click Spikes|63/100 tox|[from] ability: Poison Heal
|upkeep
|turn|26
|
|t:|1743922224
|move|p1a: I Click Spikes|Taunt|p2a: Tropius
|-start|p2a: Tropius|move: Taunt
|cant|p2a: Tropius|move: Taunt|Leech Seed
|
|-heal|p1a: I Click Spikes|75/100 tox|[from] ability: Poison Heal
|upkeep
|turn|27
|
|t:|1743922232
|move|p1a: I Click Spikes|Dual Wingbeat|p2a: Tropius
|-supereffective|p2a: Tropius
|-damage|p2a: Tropius|0 fnt
|faint|p2a: Tropius
|-hitcount|p2: Tropius|1
|
|-heal|p1a: I Click Spikes|87/100 tox|[from] ability: Poison Heal
|upkeep
|
|t:|1743922234
|switch|p2a: Zamazenta|Zamazenta, shiny, tera:Fairy|100/100
|turn|28
|
|t:|1743922246
|move|p2a: Zamazenta|Play Rough|p1a: I Click Spikes
|-damage|p1a: I Click Spikes|38/100 tox
|move|p1a: I Click Spikes|Earthquake|p2a: Zamazenta
|-damage|p2a: Zamazenta|72/100
|
|-heal|p1a: I Click Spikes|51/100 tox|[from] ability: Poison Heal
|upkeep
|turn|29
|
|t:|1743922255
|move|p2a: Zamazenta|Play Rough|p1a: I Click Spikes
|-damage|p1a: I Click Spikes|2/100 tox
|move|p1a: I Click Spikes|Earthquake|p2a: Zamazenta
|-damage|p2a: Zamazenta|43/100
|
|-heal|p1a: I Click Spikes|15/100 tox|[from] ability: Poison Heal
|upkeep
|turn|30
|
|t:|1743922263
|move|p2a: Zamazenta|Play Rough|p1a: I Click Spikes
|-damage|p1a: I Click Spikes|0 fnt
|faint|p1a: I Click Spikes
|
|upkeep
|
|t:|1743922267
|switch|p1a: Scizor|Scizor, F|45/100
|turn|31
|
|t:|1743922270
|move|p1a: Scizor|Bullet Punch|p2a: Zamazenta
|-supereffective|p2a: Zamazenta
|-damage|p2a: Zamazenta|0 fnt
|faint|p2a: Zamazenta
|
|win|boobtwink
|raw|boobtwink's rating: 1070 &rarr; <strong>1106</strong><br />(+36 for winning)
|raw|that suck's rating: 1154 &rarr; <strong>1123</strong><br />(-31 for losing)
|l|☆that suck
|player|p2|
|l|☆boobtwink
|player|p1|
