|j|☆innymilly
|j|☆pulsationplasma
|t:|1743793696
|gametype|singles
|player|p1|innymilly|ethan|1785
|player|p2|pulsationplasma|ghetsis|1842
|teamsize|p1|6
|teamsize|p2|6
|gen|9
|tier|[Gen 9] OU
|rated|
|rule|HP Percentage Mod: HP is shown in percentages
|rule|Endless Battle Clause: Forcing endless battles is banned
|rule|Species Clause: Limit one of each Pokémon
|rule|OHKO Clause: OHKO moves are banned
|rule|Evasion Items Clause: Evasion items are banned
|rule|Evasion Moves Clause: Evasion moves are banned
|rule|Sleep Moves Clause: Sleep-inducing moves are banned
|clearpoke
|poke|p1|Ting-Lu|
|poke|p1|Sinistcha|
|poke|p1|Garganacl, M|
|poke|p1|Moltres|
|poke|p1|Okidogi, M|
|poke|p1|Dragonite, M|
|poke|p2|Ceruledge, F|
|poke|p2|Iron Treads|
|poke|p2|Corviknight, M|
|poke|p2|Salamence, M|
|poke|p2|Dragapult, F|
|poke|p2|Ogerpon-Cornerstone, F|
|teampreview
|
|t:|1743793724
|start
|switch|p1a: Ting-Lu|Ting-Lu|100/100
|switch|p2a: Dragapult|Dragapult, F|100/100
|-ability|p1a: Ting-Lu|Vessel of Ruin
|turn|1
|
|t:|1743793727
|move|p2a: Dragapult|U-turn|p1a: Ting-Lu
|-supereffective|p1a: Ting-Lu
|-damage|p1a: Ting-Lu|62/100
|
|t:|1743793731
|switch|p2a: Iron Treads|Iron Treads|100/100|[from] U-turn
|move|p1a: Ting-Lu|Spikes|p2a: Iron Treads
|-sidestart|p2: pulsationplasma|Spikes
|
|-heal|p1a: Ting-Lu|69/100|[from] item: Leftovers
|upkeep
|turn|2
|
|t:|1743793736
|move|p2a: Iron Treads|Rapid Spin|p1a: Ting-Lu
|-damage|p1a: Ting-Lu|60/100
|-boost|p2a: Iron Treads|spe|1
|-sideend|p2: pulsationplasma|Spikes|[from] move: Rapid Spin|[of] p2a: Iron Treads
|move|p1a: Ting-Lu|Earthquake|p2a: Iron Treads
|-supereffective|p2a: Iron Treads
|-damage|p2a: Iron Treads|38/100
|
|-heal|p1a: Ting-Lu|66/100|[from] item: Leftovers
|upkeep
|turn|3
|
|t:|1743793741
|move|p2a: Iron Treads|Knock Off|p1a: Ting-Lu
|-resisted|p1a: Ting-Lu
|-damage|p1a: Ting-Lu|57/100
|-enditem|p1a: Ting-Lu|Leftovers|[from] move: Knock Off|[of] p2a: Iron Treads
|move|p1a: Ting-Lu|Earthquake|p2a: Iron Treads
|-supereffective|p2a: Iron Treads
|-damage|p2a: Iron Treads|0 fnt
|faint|p2a: Iron Treads
|-end|p2a: Iron Treads|Quark Drive|[silent]
|
|upkeep
|
|t:|1743793745
|switch|p2a: Ogerpon|Ogerpon-Cornerstone, F|100/100
|turn|4
|j| Haus of Balloons
|
|t:|1743793787
|switch|p1a: Okidogi|Okidogi, M|100/100
|move|p2a: Ogerpon|Swords Dance|p2a: Ogerpon
|-boost|p2a: Ogerpon|atk|2
|
|upkeep
|turn|5
|
|t:|1743793791
|move|p2a: Ogerpon|Ivy Cudgel|p1a: Okidogi|[anim] Ivy Cudgel Rock
|-resisted|p1a: Okidogi
|-damage|p1a: Okidogi|52/100
|move|p1a: Okidogi|Drain Punch|p2a: Ogerpon
|-supereffective|p2a: Ogerpon
|-damage|p2a: Ogerpon|18/100
|-heal|p1a: Okidogi|84/100|[from] drain|[of] p2a: Ogerpon
|
|-heal|p1a: Okidogi|90/100|[from] item: Leftovers
|upkeep
|turn|6
|
|t:|1743793808
|switch|p2a: Corviknight|Corviknight, M|100/100
|-ability|p2a: Corviknight|Pressure
|move|p1a: Okidogi|Knock Off|p2a: Corviknight
|-damage|p2a: Corviknight|82/100
|-damage|p1a: Okidogi|74/100|[from] item: Rocky Helmet|[of] p2a: Corviknight
|-enditem|p2a: Corviknight|Rocky Helmet|[from] move: Knock Off|[of] p1a: Okidogi
|
|-heal|p1a: Okidogi|80/100|[from] item: Leftovers
|upkeep
|turn|7
|inactive|Battle timer is ON: inactive players will automatically lose when time's up. (requested by innymilly)
|
|t:|1743793844
|switch|p1a: Garganacl|Garganacl, M|100/100
|switch|p2a: Ogerpon|Ogerpon-Cornerstone, F|18/100
|
|upkeep
|turn|8
|
|t:|1743793858
|switch|p1a: Okidogi|Okidogi, M|80/100
|move|p2a: Ogerpon|Horn Leech|p1a: Okidogi
|-resisted|p1a: Okidogi
|-damage|p1a: Okidogi|63/100
|-heal|p2a: Ogerpon|29/100|[from] drain|[of] p1a: Okidogi
|
|-heal|p1a: Okidogi|69/100|[from] item: Leftovers
|upkeep
|turn|9
|
|t:|1743793864
|switch|p2a: Corviknight|Corviknight, M|82/100
|-ability|p2a: Corviknight|Pressure
|move|p1a: Okidogi|Drain Punch|p2a: Corviknight
|-damage|p2a: Corviknight|60/100
|-heal|p1a: Okidogi|80/100|[from] drain|[of] p2a: Corviknight
|
|-heal|p1a: Okidogi|87/100|[from] item: Leftovers
|upkeep
|turn|10
|
|t:|1743793872
|switch|p2a: Ogerpon|Ogerpon-Cornerstone, F|29/100
|move|p1a: Okidogi|Bulk Up|p1a: Okidogi
|-boost|p1a: Okidogi|atk|1
|-boost|p1a: Okidogi|def|1
|
|-heal|p1a: Okidogi|93/100|[from] item: Leftovers
|upkeep
|turn|11
|
|t:|1743793878
|switch|p2a: Dragapult|Dragapult, F|100/100
|move|p1a: Okidogi|Drain Punch|p2a: Dragapult
|-immune|p2a: Dragapult
|
|-heal|p1a: Okidogi|99/100|[from] item: Leftovers
|upkeep
|turn|12
|
|t:|1743793883
|-terastallize|p2a: Dragapult|Ghost
|move|p2a: Dragapult|Tera Blast|p1a: Okidogi|[anim] Tera Blast Ghost
|-damage|p1a: Okidogi|59/100
|move|p1a: Okidogi|Knock Off|p2a: Dragapult
|-supereffective|p2a: Dragapult
|-damage|p2a: Dragapult|0 fnt
|-enditem|p2a: Dragapult|Choice Band|[from] move: Knock Off|[of] p1a: Okidogi
|faint|p2a: Dragapult
|
|-heal|p1a: Okidogi|65/100|[from] item: Leftovers
|upkeep
|-message|pulsationplasma forfeited.
|
|win|innymilly
|raw|innymilly's rating: 1785 &rarr; <strong>1808</strong><br />(+23 for winning)
|raw|pulsationplasma's rating: 1842 &rarr; <strong>1819</strong><br />(-23 for losing)
|l|☆pulsationplasma
|player|p2|
|l|☆innymilly
|player|p1|
