|j|☆SailorPeabody9
|j|☆stevenash12332
|t:|1743829248
|gametype|singles
|player|p1|SailorPeabody9|wattson|1091
|player|p2|stevenash12332|blue|1115
|teamsize|p1|6
|teamsize|p2|6
|gen|9
|tier|[Gen 9] OU
|rated|
|rule|HP Percentage Mod: HP is shown in percentages
|rule|Endless Battle Clause: Forcing endless battles is banned
|rule|Species Clause: Limit one of each Pokémon
|rule|OHKO Clause: OHKO moves are banned
|rule|Evasion Items Clause: Evasion items are banned
|rule|Evasion Moves Clause: Evasion moves are banned
|rule|Sleep Moves Clause: Sleep-inducing moves are banned
|clearpoke
|poke|p1|Appletun, F|
|poke|p1|Dachsbun, M|
|poke|p1|Grafaiai, F|
|poke|p1|Malamar, M|
|poke|p1|Muk-Alola, M|
|poke|p1|Braviary, M|
|poke|p2|Raging Bolt|
|poke|p2|Greninja-*, F|
|poke|p2|Corviknight, F|
|poke|p2|Ogerpon-Wellspring, F|
|poke|p2|Dragonite, F|
|poke|p2|Rillaboom, F|
|teampreview
|
|t:|1743829260
|start
|switch|p1a: Malamar|Malamar, M, shiny|100/100
|switch|p2a: Trunks|Raging Bolt|100/100
|-enditem|p2a: Trunks|Booster Energy
|-activate|p2a: Trunks|ability: Protosynthesis|[fromitem]
|-start|p2a: Trunks|protosynthesisspa
|turn|1
|
|t:|1743829267
|move|p2a: Trunks|Calm Mind|p2a: Trunks
|-boost|p2a: Trunks|spa|1
|-boost|p2a: Trunks|spd|1
|move|p1a: Malamar|Superpower|p2a: Trunks
|-damage|p2a: Trunks|70/100
|-boost|p1a: Malamar|atk|1
|-boost|p1a: Malamar|def|1
|
|upkeep
|turn|2
|
|t:|1743829274
|move|p2a: Trunks|Dragon Pulse|p1a: Malamar
|-damage|p1a: Malamar|0 fnt
|faint|p1a: Malamar
|
|upkeep
|
|t:|1743829282
|switch|p1a: Grafaiai|Grafaiai, F, shiny|100/100
|turn|3
|
|t:|1743829286
|move|p2a: Trunks|Thunderclap||[still]
|-fail|p2a: Trunks
|move|p1a: Grafaiai|Swagger|p2a: Trunks
|-boost|p2a: Trunks|atk|2
|-start|p2a: Trunks|confusion
|-enditem|p1a: Grafaiai|Mirror Herb
|-boost|p1a: Grafaiai|atk|2|[from] item: Mirror Herb
|
|upkeep
|turn|4
|
|t:|1743829296
|move|p1a: Grafaiai|Knock Off|p2a: Trunks
|-damage|p2a: Trunks|35/100
|-activate|p2a: Trunks|confusion
|-damage|p2a: Trunks|24/100|[from] confusion
|
|upkeep
|turn|5
|
|t:|1743829301
|-activate|p2a: Trunks|confusion
|move|p2a: Trunks|Thunderclap|p1a: Grafaiai
|-damage|p1a: Grafaiai|0 fnt
|faint|p1a: Grafaiai
|
|upkeep
|
|t:|1743829306
|switch|p1a: Muk|Muk-Alola, M|100/100
|turn|6
|
|t:|1743829313
|-activate|p2a: Trunks|confusion
|-damage|p2a: Trunks|13/100|[from] confusion
|move|p1a: Muk|Drain Punch|p2a: Trunks
|-damage|p2a: Trunks|0 fnt
|faint|p2a: Trunks
|-end|p2a: Trunks|Protosynthesis|[silent]
|
|upkeep
|
|t:|1743829320
|switch|p2a: Super 17|Corviknight, F|100/100
|turn|7
|
|t:|1743829327
|switch|p1a: Dachsbun|Dachsbun, M|100/100
|move|p2a: Super 17|Bulk Up|p2a: Super 17
|-boost|p2a: Super 17|atk|1
|-boost|p2a: Super 17|def|1
|
|upkeep
|turn|8
|
|t:|1743829334
|move|p2a: Super 17|Bulk Up|p2a: Super 17
|-boost|p2a: Super 17|atk|1
|-boost|p2a: Super 17|def|1
|move|p1a: Dachsbun|Roar|p2a: Super 17
|drag|p2a: Goku|Dragonite, F|100/100
|
|upkeep
|turn|9
|c|☆SailorPeabody9|Nuh uh
|
|t:|1743829345
|switch|p1a: Appletun|Appletun, F|100/100
|-terastallize|p2a: Goku|Normal
|move|p2a: Goku|Dragon Dance|p2a: Goku
|-boost|p2a: Goku|atk|1
|-boost|p2a: Goku|spe|1
|
|upkeep
|turn|10
|
|t:|1743829352
|move|p2a: Goku|Dragon Dance|p2a: Goku
|-boost|p2a: Goku|atk|1
|-boost|p2a: Goku|spe|1
|move|p1a: Appletun|Iron Defense|p1a: Appletun
|-boost|p1a: Appletun|def|2
|
|upkeep
|turn|11
|
|t:|1743829358
|move|p2a: Goku|Ice Spinner|p1a: Appletun
|-supereffective|p1a: Appletun
|-damage|p1a: Appletun|2/100
|-activate|p1a: Appletun|ability: Ripen
|-enditem|p1a: Appletun|Aguav Berry|[eat]
|-heal|p1a: Appletun|68/100|[from] item: Aguav Berry
|move|p1a: Appletun|Iron Defense|p1a: Appletun
|-boost|p1a: Appletun|def|2
|
|upkeep
|turn|12
|
|t:|1743829372
|-terastallize|p1a: Appletun|Water
|move|p2a: Goku|Ice Spinner|p1a: Appletun
|-resisted|p1a: Appletun
|-damage|p1a: Appletun|60/100
|move|p1a: Appletun|Iron Defense|p1a: Appletun
|-boost|p1a: Appletun|def|2
|
|upkeep
|turn|13
|
|t:|1743829378
|move|p2a: Goku|Dragon Dance|p2a: Goku
|-boost|p2a: Goku|atk|1
|-boost|p2a: Goku|spe|1
|move|p1a: Appletun|Body Press|p2a: Goku
|-supereffective|p2a: Goku
|-damage|p2a: Goku|19/100
|
|-heal|p2a: Goku|25/100|[from] item: Leftovers
|upkeep
|turn|14
|
|t:|1743829386
|move|p2a: Goku|Extreme Speed|p1a: Appletun
|-damage|p1a: Appletun|36/100
|move|p1a: Appletun|Body Press|p2a: Goku
|-supereffective|p2a: Goku
|-damage|p2a: Goku|0 fnt
|faint|p2a: Goku
|
|upkeep
|
|t:|1743829388
|switch|p2a: Piccolo|Rillaboom, F|100/100
|-fieldstart|move: Grassy Terrain|[from] ability: Grassy Surge|[of] p2a: Piccolo
|turn|15
|
|t:|1743829396
|move|p2a: Piccolo|Wood Hammer|p1a: Appletun
|-supereffective|p1a: Appletun
|-damage|p1a: Appletun|2/100
|-damage|p2a: Piccolo|86/100|[from] Recoil
|move|p1a: Appletun|Recover|p1a: Appletun
|-heal|p1a: Appletun|52/100
|
|-heal|p2a: Piccolo|93/100|[from] Grassy Terrain
|-heal|p2a: Piccolo|99/100|[from] item: Leftovers
|-heal|p1a: Appletun|58/100|[from] Grassy Terrain
|upkeep
|turn|16
|
|t:|1743829407
|move|p2a: Piccolo|Leech Seed|p1a: Appletun
|-start|p1a: Appletun|move: Leech Seed
|move|p1a: Appletun|Body Press|p2a: Piccolo
|-damage|p2a: Piccolo|14/100
|
|-heal|p2a: Piccolo|20/100|[from] Grassy Terrain
|-heal|p2a: Piccolo|26/100|[from] item: Leftovers
|-heal|p1a: Appletun|64/100|[from] Grassy Terrain
|-damage|p1a: Appletun|52/100|[from] Leech Seed|[of] p2a: Piccolo
|-heal|p2a: Piccolo|41/100|[silent]
|upkeep
|turn|17
|
|t:|1743829416
|move|p2a: Piccolo|Wood Hammer|p1a: Appletun
|-supereffective|p1a: Appletun
|-damage|p1a: Appletun|16/100
|-damage|p2a: Piccolo|27/100|[from] Recoil
|move|p1a: Appletun|Body Press|p2a: Piccolo
|-damage|p2a: Piccolo|0 fnt
|faint|p2a: Piccolo
|
|-heal|p1a: Appletun|22/100|[from] Grassy Terrain
|upkeep
|
|t:|1743829421
|switch|p2a: L Drago da HPThief|Ogerpon-Wellspring, F|100/100
|turn|18
|
|t:|1743829428
|move|p2a: L Drago da HPThief|Horn Leech|p1a: Appletun
|-supereffective|p1a: Appletun
|-damage|p1a: Appletun|0 fnt
|faint|p1a: Appletun
|
|upkeep
|
|t:|1743829435
|switch|p1a: Braviary|Braviary, M, shiny|100/100
|turn|19
|
|t:|1743829440
|switch|p2a: Super 17|Corviknight, F|100/100
|move|p1a: Braviary|Brave Bird|p2a: Super 17
|-resisted|p2a: Super 17
|-damage|p2a: Super 17|79/100
|-damage|p1a: Braviary|84/100|[from] item: Rocky Helmet|[of] p2a: Super 17
|-damage|p1a: Braviary|75/100|[from] Recoil
|
|-fieldend|move: Grassy Terrain
|upkeep
|turn|20
|
|t:|1743829459
|move|p1a: Braviary|U-turn|p2a: Super 17
|-resisted|p2a: Super 17
|-damage|p2a: Super 17|74/100
|-damage|p1a: Braviary|59/100|[from] item: Rocky Helmet|[of] p2a: Super 17
|
|t:|1743829463
|switch|p1a: Muk|Muk-Alola, M|100/100|[from] U-turn
|move|p2a: Super 17|Bulk Up|p2a: Super 17
|-boost|p2a: Super 17|atk|1
|-boost|p2a: Super 17|def|1
|
|upkeep
|turn|21
|
|t:|1743829470
|move|p2a: Super 17|Bulk Up|p2a: Super 17
|-boost|p2a: Super 17|atk|1
|-boost|p2a: Super 17|def|1
|move|p1a: Muk|Drain Punch|p2a: Super 17
|-damage|p2a: Super 17|67/100
|-damage|p1a: Muk|84/100|[from] item: Rocky Helmet|[of] p2a: Super 17
|
|-heal|p1a: Muk|90/100|[from] item: Black Sludge
|upkeep
|turn|22
|
|t:|1743829479
|move|p1a: Muk|Protect|p1a: Muk
|-singleturn|p1a: Muk|Protect
|move|p2a: Super 17|Bulk Up|p2a: Super 17
|-boost|p2a: Super 17|atk|1
|-boost|p2a: Super 17|def|1
|
|-heal|p1a: Muk|96/100|[from] item: Black Sludge
|upkeep
|turn|23
|c|☆SailorPeabody9|Why is your entire team set up sweepers?
|
|t:|1743829503
|switch|p1a: Dachsbun|Dachsbun, M|100/100
|move|p2a: Super 17|Iron Head|p1a: Dachsbun
|-supereffective|p1a: Dachsbun
|-damage|p1a: Dachsbun|29/100
|
|-heal|p1a: Dachsbun|35/100|[from] item: Leftovers
|upkeep
|turn|24
|
|t:|1743829512
|move|p2a: Super 17|Iron Head|p1a: Dachsbun
|-supereffective|p1a: Dachsbun
|-damage|p1a: Dachsbun|0 fnt
|faint|p1a: Dachsbun
|
|upkeep
|
|t:|1743829517
|switch|p1a: Braviary|Braviary, M, shiny|59/100
|turn|25
|-message|SailorPeabody9 forfeited.
|
|win|stevenash12332
|raw|SailorPeabody9's rating: 1091 &rarr; <strong>1069</strong><br />(-22 for losing)
|raw|stevenash12332's rating: 1115 &rarr; <strong>1138</strong><br />(+23 for winning)
|l|☆SailorPeabody9
|player|p1|
|c|☆stevenash12332|I'm ngl I was just boutta drop my team in
|c|☆stevenash12332|YO
|l|☆stevenash12332
|player|p2|
