|j|☆xTamer
|j|☆BeepoPoobe
|t:|1743912497
|gametype|singles
|player|p1|xTamer|2|1119
|player|p2|BeepoPoobe|plasmagrunt|1063
|teamsize|p1|6
|teamsize|p2|6
|gen|9
|tier|[Gen 9] OU
|rated|
|rule|HP Percentage Mod: HP is shown in percentages
|rule|Endless Battle Clause: Forcing endless battles is banned
|rule|Species Clause: Limit one of each Pokémon
|rule|OHKO Clause: OHKO moves are banned
|rule|Evasion Items Clause: Evasion items are banned
|rule|Evasion Moves Clause: Evasion moves are banned
|rule|Sleep Moves Clause: Sleep-inducing moves are banned
|clearpoke
|poke|p1|Lucario, F|
|poke|p1|Skarmory, M|
|poke|p1|Polteageist-Antique|
|poke|p1|Garchomp, F|
|poke|p1|Iron Moth|
|poke|p1|Weezing-Galar, M|
|poke|p2|Gallade, M|
|poke|p2|Ninetales-Alola, M|
|poke|p2|Weavile, F|
|poke|p2|Polteageist|
|poke|p2|Ogerpon-Wellspring, F|
|poke|p2|Tinkaton, F|
|teampreview
|inactive|Battle timer is ON: inactive players will automatically lose when time's up. (requested by xTamer)
|
|t:|1743912520
|start
|switch|p1a: Weezing|Weezing-Galar, M|100/100
|switch|p2a: Ninetales|Ninetales-Alola, M|100/100
|-weather|Snowscape|[from] ability: Snow Warning|[of] p2a: Ninetales
|-fieldstart|move: Misty Terrain|[from] ability: Misty Surge|[of] p1a: Weezing
|turn|1
|
|t:|1743912532
|move|p2a: Ninetales|Aurora Veil|p2a: Ninetales
|-sidestart|p2: BeepoPoobe|move: Aurora Veil
|move|p1a: Weezing|Sludge Bomb|p2a: Ninetales
|-supereffective|p2a: Ninetales
|-damage|p2a: Ninetales|73/100
|
|-weather|Snowscape|[upkeep]
|upkeep
|turn|2
|inactive|BeepoPoobe has 120 seconds left.
|
|t:|1743912570
|move|p2a: Ninetales|Encore|p1a: Weezing
|-start|p1a: Weezing|Encore
|move|p1a: Weezing|Sludge Bomb|p2a: Ninetales
|-supereffective|p2a: Ninetales
|-damage|p2a: Ninetales|44/100
|
|-weather|Snowscape|[upkeep]
|upkeep
|turn|3
|inactive|BeepoPoobe has 120 seconds left.
|
|t:|1743912579
|switch|p2a: Polteageist|Polteageist|100/100
|move|p1a: Weezing|Sludge Bomb|p2a: Polteageist
|-resisted|p2a: Polteageist
|-damage|p2a: Polteageist|92/100
|
|-weather|Snowscape|[upkeep]
|upkeep
|turn|4
|
|t:|1743912603
|move|p2a: Polteageist|Shell Smash|p2a: Polteageist
|-unboost|p2a: Polteageist|def|1
|-unboost|p2a: Polteageist|spd|1
|-boost|p2a: Polteageist|atk|2
|-boost|p2a: Polteageist|spa|2
|-boost|p2a: Polteageist|spe|2
|move|p1a: Weezing|Sludge Bomb|p2a: Polteageist
|-resisted|p2a: Polteageist
|-damage|p2a: Polteageist|79/100
|
|-weather|Snowscape|[upkeep]
|-end|p1a: Weezing|Encore
|upkeep
|turn|5
|
|t:|1743912623
|move|p2a: Polteageist|Shadow Ball|p1a: Weezing
|-damage|p1a: Weezing|12/100
|move|p1a: Weezing|Sludge Bomb|p2a: Polteageist
|-resisted|p2a: Polteageist
|-damage|p2a: Polteageist|68/100
|
|-weather|none
|-heal|p1a: Weezing|18/100|[from] item: Black Sludge
|-fieldend|Misty Terrain
|upkeep
|turn|6
|
|t:|1743912634
|move|p2a: Polteageist|Shadow Ball|p1a: Weezing
|-damage|p1a: Weezing|0 fnt
|faint|p1a: Weezing
|
|upkeep
|inactive|xTamer has 120 seconds left.
|
|t:|1743912656
|switch|p1a: Lucario|Lucario, F|100/100
|turn|7
|
|t:|1743912665
|move|p2a: Polteageist|Stored Power|p1a: Lucario
|-damage|p1a: Lucario|0 fnt
|faint|p1a: Lucario
|
|upkeep
|
|t:|1743912671
|switch|p1a: Polteageist|Polteageist-Antique, shiny|100/100
|turn|8
|
|t:|1743912677
|move|p2a: Polteageist|Shadow Ball|p1a: Polteageist
|-supereffective|p1a: Polteageist
|-enditem|p1a: Polteageist|Focus Sash
|-damage|p1a: Polteageist|1/100
|move|p1a: Polteageist|Shadow Ball|p2a: Polteageist
|-supereffective|p2a: Polteageist
|-damage|p2a: Polteageist|0 fnt
|faint|p2a: Polteageist
|
|-sideend|p2: BeepoPoobe|move: Aurora Veil
|upkeep
|
|t:|1743912686
|switch|p2a: Weavile|Weavile, F|100/100
|-ability|p2a: Weavile|Pressure
|turn|9
|
|t:|1743912692
|move|p2a: Weavile|Ice Shard|p1a: Polteageist
|-damage|p1a: Polteageist|0 fnt
|faint|p1a: Polteageist
|
|upkeep
|
|t:|1743912697
|switch|p1a: Iron Moth|Iron Moth|100/100
|-enditem|p1a: Iron Moth|Booster Energy
|-activate|p1a: Iron Moth|ability: Quark Drive|[fromitem]
|-start|p1a: Iron Moth|quarkdrivespa
|turn|10
|
|t:|1743912707
|switch|p2a: Tinkaton|Tinkaton, F|100/100
|-item|p2a: Tinkaton|Air Balloon
|move|p1a: Iron Moth|Fiery Dance|p2a: Tinkaton
|-supereffective|p2a: Tinkaton
|-damage|p2a: Tinkaton|0 fnt
|-boost|p1a: Iron Moth|spa|1
|-enditem|p2a: Tinkaton|Air Balloon
|faint|p2a: Tinkaton
|
|upkeep
|
|t:|1743912720
|switch|p2a: Ninetales|Ninetales-Alola, M|44/100
|-weather|Snowscape|[from] ability: Snow Warning|[of] p2a: Ninetales
|turn|11
|
|t:|1743912742
|-terastallize|p2a: Ninetales|Water
|move|p1a: Iron Moth|Fiery Dance|p2a: Ninetales
|-resisted|p2a: Ninetales
|-damage|p2a: Ninetales|5/100
|-boost|p1a: Iron Moth|spa|1
|move|p2a: Ninetales|Aurora Veil|p2a: Ninetales
|-sidestart|p2: BeepoPoobe|move: Aurora Veil
|
|-weather|Snowscape|[upkeep]
|upkeep
|turn|12
|
|t:|1743912754
|move|p1a: Iron Moth|Fiery Dance|p2a: Ninetales
|-resisted|p2a: Ninetales
|-damage|p2a: Ninetales|0 fnt
|faint|p2a: Ninetales
|
|-weather|Snowscape|[upkeep]
|upkeep
|
|t:|1743912764
|switch|p2a: Gallade|Gallade, M, shiny|100/100
|turn|13
|
|t:|1743912772
|move|p1a: Iron Moth|Dazzling Gleam|p2a: Gallade
|-supereffective|p2a: Gallade
|-damage|p2a: Gallade|24/100
|move|p2a: Gallade|Psycho Cut|p1a: Iron Moth
|-supereffective|p1a: Iron Moth
|-damage|p1a: Iron Moth|0 fnt
|faint|p1a: Iron Moth
|-end|p1a: Iron Moth|Quark Drive|[silent]
|
|-weather|Snowscape|[upkeep]
|upkeep
|
|t:|1743912781
|switch|p1a: Skarmory|Skarmory, M|100/100
|turn|14
|
|t:|1743912785
|move|p2a: Gallade|Sacred Sword|p1a: Skarmory
|-damage|p1a: Skarmory|61/100
|-damage|p2a: Gallade|8/100|[from] item: Rocky Helmet|[of] p1a: Skarmory
|move|p1a: Skarmory|Stealth Rock|p2a: Gallade
|-sidestart|p2: BeepoPoobe|move: Stealth Rock
|
|-weather|Snowscape|[upkeep]
|upkeep
|turn|15
|
|t:|1743912806
|move|p2a: Gallade|Leaf Blade|p1a: Skarmory
|-resisted|p1a: Skarmory
|-crit|p1a: Skarmory
|-damage|p1a: Skarmory|50/100
|-damage|p2a: Gallade|0 fnt|[from] item: Rocky Helmet|[of] p1a: Skarmory
|faint|p2a: Gallade
|move|p1a: Skarmory|Roost|p1a: Skarmory
|-heal|p1a: Skarmory|99/100
|-singleturn|p1a: Skarmory|move: Roost
|
|-weather|none
|upkeep
|
|t:|1743912816
|switch|p2a: Ogerpon|Ogerpon-Wellspring, F|100/100
|-damage|p2a: Ogerpon|88/100|[from] Stealth Rock
|turn|16
|
|t:|1743912826
|move|p2a: Ogerpon|Swords Dance|p2a: Ogerpon
|-boost|p2a: Ogerpon|atk|2
|move|p1a: Skarmory|Brave Bird|p2a: Ogerpon
|-supereffective|p2a: Ogerpon
|-crit|p2a: Ogerpon
|-damage|p2a: Ogerpon|0 fnt
|faint|p2a: Ogerpon
|-damage|p1a: Skarmory|74/100|[from] Recoil
|
|upkeep
|
|t:|1743912834
|switch|p2a: Weavile|Weavile, F|100/100
|-ability|p2a: Weavile|Pressure
|turn|17
|
|t:|1743912840
|move|p2a: Weavile|Swords Dance|p2a: Weavile
|-boost|p2a: Weavile|atk|2
|move|p1a: Skarmory|Brave Bird|p2a: Weavile
|-damage|p2a: Weavile|72/100
|-damage|p1a: Skarmory|66/100|[from] Recoil
|
|upkeep
|turn|18
|
|t:|1743912846
|move|p2a: Weavile|Swords Dance|p2a: Weavile
|-boost|p2a: Weavile|atk|2
|move|p1a: Skarmory|Brave Bird|p2a: Weavile
|-damage|p2a: Weavile|41/100
|-damage|p1a: Skarmory|58/100|[from] Recoil
|
|-sideend|p2: BeepoPoobe|move: Aurora Veil
|upkeep
|turn|19
|
|t:|1743912857
|-terastallize|p1a: Skarmory|Steel
|move|p2a: Weavile|Knock Off|p1a: Skarmory
|-damage|p1a: Skarmory|0 fnt
|-damage|p2a: Weavile|24/100|[from] item: Rocky Helmet|[of] p1a: Skarmory
|-enditem|p1a: Skarmory|Rocky Helmet|[from] move: Knock Off|[of] p2a: Weavile
|faint|p1a: Skarmory
|
|upkeep
|
|t:|1743912864
|switch|p1a: Garchomp|Garchomp, F|100/100
|turn|20
|
|t:|1743912867
|move|p2a: Weavile|Ice Shard|p1a: Garchomp
|-supereffective|p1a: Garchomp
|-damage|p1a: Garchomp|0 fnt
|faint|p1a: Garchomp
|
|win|BeepoPoobe
|raw|xTamer's rating: 1119 &rarr; <strong>1090</strong><br />(-29 for losing)
|raw|BeepoPoobe's rating: 1063 &rarr; <strong>1098</strong><br />(+35 for winning)
|l|☆xTamer
|player|p1|
|l|☆BeepoPoobe
|player|p2|
