|j|☆Vandenta
|j|☆ChillLanturnYT
|t:|1743894466
|gametype|singles
|player|p1|Vandenta|ghetsis-gen5bw|1149
|player|p2|ChillLanturnYT|palmer|1236
|teamsize|p1|6
|teamsize|p2|6
|gen|9
|tier|[Gen 9] OU
|rated|
|rule|HP Percentage Mod: HP is shown in percentages
|rule|Endless Battle Clause: Forcing endless battles is banned
|rule|Species Clause: Limit one of each Pokémon
|rule|OHKO Clause: OHKO moves are banned
|rule|Evasion Items Clause: Evasion items are banned
|rule|Evasion Moves Clause: Evasion moves are banned
|rule|Sleep Moves Clause: Sleep-inducing moves are banned
|clearpoke
|poke|p1|Torterra, M|
|poke|p1|Overqwil, M|
|poke|p1|Slowking, M|
|poke|p1|Landorus-Therian, M|
|poke|p1|Tinkaton, F|
|poke|p1|Talonflame, F|
|poke|p2|Metagross|
|poke|p2|Ogerpon-Wellspring, F|
|poke|p2|Thundurus-Therian, M|
|poke|p2|Cinderace, F|
|poke|p2|Landorus-Therian, M|
|poke|p2|Slowking-Galar, M|
|teampreview
|inactive|Battle timer is ON: inactive players will automatically lose when time's up. (requested by ChillLanturnYT)
|
|t:|1743894478
|start
|switch|p1a: Landorus|Landorus-Therian, M|100/100
|switch|p2a: Slowking|Slowking-Galar, M|100/100
|-ability|p1a: Landorus|Intimidate|boost
|-unboost|p2a: Slowking|atk|1
|turn|1
|
|t:|1743894484
|move|p1a: Landorus|Stealth Rock|p2a: Slowking
|-sidestart|p2: ChillLanturnYT|move: Stealth Rock
|move|p2a: Slowking|Trick|p1a: Landorus
|-activate|p2a: Slowking|move: Trick|[of] p1a: Landorus
|-item|p1a: Landorus|Black Sludge|[from] move: Trick
|-item|p2a: Slowking|Choice Scarf|[from] move: Trick
|
|-damage|p1a: Landorus|88/100|[from] item: Black Sludge
|upkeep
|turn|2
|
|t:|1743894495
|move|p1a: Landorus|Earthquake|p2a: Slowking
|-supereffective|p2a: Slowking
|-damage|p2a: Slowking|1/100
|-prepare|p2a: Slowking|Chilly Reception|[premajor]
|move|p2a: Slowking|Chilly Reception|p2a: Slowking
|-weather|Snowscape
|
|t:|1743894508
|switch|p2a: Ogerpon|Ogerpon-Wellspring, F|100/100|[from] Chilly Reception
|-damage|p2a: Ogerpon|88/100|[from] Stealth Rock
|
|-weather|Snowscape|[upkeep]
|-damage|p1a: Landorus|76/100|[from] item: Black Sludge
|upkeep
|turn|3
|
|t:|1743894516
|switch|p1a: Overqwil|Overqwil, M|100/100
|-ability|p1a: Overqwil|Intimidate|boost
|-unboost|p2a: Ogerpon|atk|1
|move|p2a: Ogerpon|Swords Dance|p2a: Ogerpon
|-boost|p2a: Ogerpon|atk|2
|
|-weather|Snowscape|[upkeep]
|upkeep
|turn|4
|
|t:|1743894521
|move|p2a: Ogerpon|Ivy Cudgel|p1a: Overqwil|[anim] Ivy Cudgel Water
|-damage|p1a: Overqwil|29/100
|move|p1a: Overqwil|Haze|p1a: Overqwil
|-clearallboost
|
|-weather|Snowscape|[upkeep]
|-heal|p1a: Overqwil|35/100|[from] item: Black Sludge
|upkeep
|turn|5
|
|t:|1743894528
|move|p2a: Ogerpon|Ivy Cudgel|p1a: Overqwil|[anim] Ivy Cudgel Water
|-crit|p1a: Overqwil
|-damage|p1a: Overqwil|0 fnt
|faint|p1a: Overqwil
|
|-weather|Snowscape|[upkeep]
|upkeep
|
|t:|1743894535
|switch|p1a: Talonflame|Talonflame, F|100/100
|turn|6
|
|t:|1743894539
|switch|p2a: Slowking|Slowking-Galar, M|34/100
|-damage|p2a: Slowking|22/100|[from] Stealth Rock
|move|p1a: Talonflame|U-turn|p2a: Slowking
|-damage|p2a: Slowking|7/100
|
|t:|1743894545
|switch|p1a: Tinkaton|Tinkaton, F|100/100|[from] U-turn
|-ability|p1a: Tinkaton|Mold Breaker
|-item|p1a: Tinkaton|Air Balloon
|
|-weather|none
|upkeep
|turn|7
|
|t:|1743894551
|move|p1a: Tinkaton|Gigaton Hammer|p2a: Slowking
|-damage|p2a: Slowking|0 fnt
|faint|p2a: Slowking
|
|upkeep
|
|t:|1743894559
|switch|p2a: Ogerpon|Ogerpon-Wellspring, F|88/100
|-damage|p2a: Ogerpon|76/100|[from] Stealth Rock
|turn|8
|
|t:|1743894569
|move|p2a: Ogerpon|Encore|p1a: Tinkaton
|-start|p1a: Tinkaton|Encore
|move|p1a: Tinkaton|Gigaton Hammer|p2a: Ogerpon
|-resisted|p2a: Ogerpon
|-damage|p2a: Ogerpon|47/100
|-hint|Some effects can force a Pokemon to use Gigaton Hammer again in a row.
|
|upkeep
|turn|9
|
|t:|1743894575
|switch|p1a: Talonflame|Talonflame, F|100/100
|move|p2a: Ogerpon|Trailblaze|p1a: Talonflame
|-resisted|p1a: Talonflame
|-damage|p1a: Talonflame|88/100
|-boost|p2a: Ogerpon|spe|1
|
|upkeep
|turn|10
|
|t:|1743894586
|move|p2a: Ogerpon|Ivy Cudgel|p1a: Talonflame|[anim] Ivy Cudgel Water
|-supereffective|p1a: Talonflame
|-crit|p1a: Talonflame
|-damage|p1a: Talonflame|0 fnt
|faint|p1a: Talonflame
|
|upkeep
|
|t:|1743894601
|switch|p1a: Slowking|Slowking, M|100/100
|turn|11
|
|t:|1743894605
|move|p2a: Ogerpon|Trailblaze|p1a: Slowking
|-supereffective|p1a: Slowking
|-damage|p1a: Slowking|60/100
|-boost|p2a: Ogerpon|spe|1
|-damage|p2a: Ogerpon|31/100|[from] item: Rocky Helmet|[of] p1a: Slowking
|move|p1a: Slowking|Psychic Noise|p2a: Ogerpon
|-damage|p2a: Ogerpon|0 fnt
|faint|p2a: Ogerpon
|
|upkeep
|l|☆Vandenta
|inactive|Vandenta disconnected and has a minute to reconnect!
|player|p1|
|
|t:|1743894615
|switch|p2a: Thundurus|Thundurus-Therian, M|100/100
|turn|12
|j|☆Vandenta
|inactive|Vandenta reconnected and has 145 seconds left.
|player|p1|Vandenta|ghetsis-gen5bw|
|
|t:|1743894633
|move|p2a: Thundurus|Sludge Bomb|p1a: Slowking
|-damage|p1a: Slowking|34/100
|-status|p1a: Slowking|psn
|-prepare|p1a: Slowking|Chilly Reception|[premajor]
|move|p1a: Slowking|Chilly Reception|p1a: Slowking
|-weather|Snowscape
|
|t:|1743894637
|switch|p1a: Torterra|Torterra, M|100/100|[from] Chilly Reception
|
|-weather|Snowscape|[upkeep]
|upkeep
|turn|13
|
|t:|1743894643
|-terastallize|p2a: Thundurus|Flying
|-terastallize|p1a: Torterra|Rock
|move|p2a: Thundurus|Tera Blast|p1a: Torterra|[anim] Tera Blast Flying
|-resisted|p1a: Torterra
|-damage|p1a: Torterra|63/100
|move|p1a: Torterra|Shell Smash|p1a: Torterra
|-unboost|p1a: Torterra|def|1
|-unboost|p1a: Torterra|spd|1
|-boost|p1a: Torterra|atk|2
|-boost|p1a: Torterra|spa|2
|-boost|p1a: Torterra|spe|2
|
|-weather|Snowscape|[upkeep]
|upkeep
|turn|14
|
|t:|1743894653
|switch|p2a: Landorus|Landorus-Therian, M|100/100
|-damage|p2a: Landorus|88/100|[from] Stealth Rock
|-ability|p2a: Landorus|Intimidate|boost
|-unboost|p1a: Torterra|atk|1
|move|p1a: Torterra|Rock Blast|p2a: Landorus
|-damage|p2a: Landorus|68/100
|-damage|p2a: Landorus|48/100
|-damage|p2a: Landorus|28/100
|-damage|p2a: Landorus|9/100
|-damage|p2a: Landorus|0 fnt
|faint|p2a: Landorus
|-hitcount|p2: Landorus|5
|
|-weather|Snowscape|[upkeep]
|upkeep
|
|t:|1743894655
|switch|p2a: Metagross|Metagross|100/100
|-damage|p2a: Metagross|95/100|[from] Stealth Rock
|turn|15
|
|t:|1743894665
|move|p2a: Metagross|Bullet Punch|p1a: Torterra
|-supereffective|p1a: Torterra
|-damage|p1a: Torterra|0 fnt
|faint|p1a: Torterra
|
|-weather|Snowscape|[upkeep]
|upkeep
|
|t:|1743894682
|switch|p1a: Landorus|Landorus-Therian, M|76/100
|-ability|p1a: Landorus|Intimidate|boost
|-fail|p2a: Metagross|unboost|[from] ability: Clear Body|[of] p2a: Metagross
|turn|16
|
|t:|1743894687
|move|p1a: Landorus|Earthquake|p2a: Metagross
|-supereffective|p2a: Metagross
|-enditem|p2a: Metagross|Shuca Berry|[eat]
|-enditem|p2a: Metagross|Shuca Berry|[weaken]
|-damage|p2a: Metagross|48/100
|move|p2a: Metagross|Ice Punch|p1a: Landorus
|-supereffective|p1a: Landorus
|-damage|p1a: Landorus|0 fnt
|faint|p1a: Landorus
|
|-weather|none
|upkeep
|-message|Vandenta forfeited.
|
|win|ChillLanturnYT
|raw|Vandenta's rating: 1149 &rarr; <strong>1130</strong><br />(-19 for losing)
|raw|ChillLanturnYT's rating: 1236 &rarr; <strong>1255</strong><br />(+19 for winning)
|l|☆Vandenta
|player|p1|
