|j|☆mio3777
|j|☆longwangbro
|t:|1743860473
|gametype|singles
|player|p1|mio3777|266|1391
|player|p2|longwangbro|102|1443
|teamsize|p1|6
|teamsize|p2|6
|gen|9
|tier|[Gen 9] OU
|rated|
|rule|HP Percentage Mod: HP is shown in percentages
|rule|Endless Battle Clause: Forcing endless battles is banned
|rule|Species Clause: Limit one of each Pokémon
|rule|OHKO Clause: OHKO moves are banned
|rule|Evasion Items Clause: Evasion items are banned
|rule|Evasion Moves Clause: Evasion moves are banned
|rule|Sleep Moves Clause: Sleep-inducing moves are banned
|clearpoke
|poke|p1|Glimmora, M|
|poke|p1|Gholdengo|
|poke|p1|Dondozo, M|
|poke|p1|Blissey, F|
|poke|p1|Rotom-Heat|
|poke|p1|Hoopa-Unbound|
|poke|p2|Gholdengo|
|poke|p2|Iron Treads|
|poke|p2|Moltres|
|poke|p2|Serperior, F|
|poke|p2|Samurott-Hisui, F|
|poke|p2|Gliscor, F|
|teampreview
|
|t:|1743860479
|start
|switch|p1a: Rotom|Rotom-Heat|100/100
|switch|p2a: 艾尔熙德|Samurott-Hisui, F|100/100
|turn|1
|inactive|Battle timer is ON: inactive players will automatically lose when time's up. (requested by longwangbro)
|
|t:|1743860485
|move|p1a: Rotom|Volt Switch|p2a: 艾尔熙德
|-supereffective|p2a: 艾尔熙德
|-damage|p2a: 艾尔熙德|14/100
|
|t:|1743860489
|switch|p1a: Dondozo|Dondozo, M|100/100|[from] Volt Switch
|move|p2a: 艾尔熙德|Ceaseless Edge|p1a: Dondozo
|-damage|p1a: Dondozo|71/100
|-damage|p2a: 艾尔熙德|0 fnt|[from] item: Rocky Helmet|[of] p1a: Dondozo
|faint|p2a: 艾尔熙德
|
|upkeep
|
|t:|1743860501
|switch|p2a: 小铁一直在|Iron Treads|100/100
|-item|p2a: 小铁一直在|Air Balloon
|turn|2
|
|t:|1743860520
|move|p2a: 小铁一直在|Stealth Rock|p1a: Dondozo
|-sidestart|p1: mio3777|move: Stealth Rock
|move|p1a: Dondozo|Liquidation|p2a: 小铁一直在
|-supereffective|p2a: 小铁一直在
|-damage|p2a: 小铁一直在|23/100
|-enditem|p2a: 小铁一直在|Air Balloon
|
|upkeep
|turn|3
|
|t:|1743860531
|move|p2a: 小铁一直在|Earthquake|p1a: Dondozo
|-damage|p1a: Dondozo|46/100
|move|p1a: Dondozo|Liquidation|p2a: 小铁一直在
|-supereffective|p2a: 小铁一直在
|-damage|p2a: 小铁一直在|0 fnt
|faint|p2a: 小铁一直在
|-end|p2a: 小铁一直在|Quark Drive|[silent]
|
|upkeep
|
|t:|1743860540
|switch|p2a: 这种宝可梦我们一般叫她老婆|Serperior, F|100/100
|turn|4
|
|t:|1743860555
|switch|p1a: Hoopa|Hoopa-Unbound|100/100
|-damage|p1a: Hoopa|88/100|[from] Stealth Rock
|move|p2a: 这种宝可梦我们一般叫她老婆|Substitute|p2a: 这种宝可梦我们一般叫她老婆
|-start|p2a: 这种宝可梦我们一般叫她老婆|Substitute
|-damage|p2a: 这种宝可梦我们一般叫她老婆|76/100
|
|-heal|p2a: 这种宝可梦我们一般叫她老婆|82/100|[from] item: Leftovers
|upkeep
|turn|5
|
|t:|1743860567
|move|p1a: Hoopa|Hyperspace Fury|p2a: 这种宝可梦我们一般叫她老婆
|-damage|p2a: 这种宝可梦我们一般叫她老婆|5/100
|-unboost|p1a: Hoopa|def|1
|move|p2a: 这种宝可梦我们一般叫她老婆|Leaf Storm|p1a: Hoopa
|-damage|p1a: Hoopa|50/100
|-boost|p2a: 这种宝可梦我们一般叫她老婆|spa|2
|
|-heal|p2a: 这种宝可梦我们一般叫她老婆|11/100|[from] item: Leftovers
|upkeep
|turn|6
|
|t:|1743860580
|switch|p2a: 这未尝不是一种鸟哥|Moltres|100/100
|move|p1a: Hoopa|Hyperspace Fury|p2a: 这未尝不是一种鸟哥
|-damage|p2a: 这未尝不是一种鸟哥|53/100
|-unboost|p1a: Hoopa|def|1
|
|upkeep
|turn|7
|
|t:|1743860593
|switch|p1a: Blissey|Blissey, F|100/100
|-damage|p1a: Blissey|88/100|[from] Stealth Rock
|move|p2a: 这未尝不是一种鸟哥|Flamethrower|p1a: Blissey
|-damage|p1a: Blissey|75/100
|
|upkeep
|turn|8
|
|t:|1743860602
|move|p2a: 这未尝不是一种鸟哥|Roost|p2a: 这未尝不是一种鸟哥
|-heal|p2a: 这未尝不是一种鸟哥|100/100
|-singleturn|p2a: 这未尝不是一种鸟哥|move: Roost
|move|p1a: Blissey|Trick|p2a: 这未尝不是一种鸟哥
|-activate|p1a: Blissey|move: Trick|[of] p2a: 这未尝不是一种鸟哥
|-item|p2a: 这未尝不是一种鸟哥|Choice Specs|[from] move: Trick
|-item|p1a: Blissey|Heavy-Duty Boots|[from] move: Trick
|
|upkeep
|turn|9
|
|t:|1743860613
|switch|p2a: 这种宝可梦我们一般叫她老婆|Serperior, F|11/100
|switch|p1a: Glimmora|Glimmora, M|100/100
|-damage|p1a: Glimmora|88/100|[from] Stealth Rock
|
|-heal|p2a: 这种宝可梦我们一般叫她老婆|17/100|[from] item: Leftovers
|upkeep
|turn|10
|
|t:|1743860634
|move|p2a: 这种宝可梦我们一般叫她老婆|Leaf Storm|p1a: Glimmora
|-damage|p1a: Glimmora|38/100
|-boost|p2a: 这种宝可梦我们一般叫她老婆|spa|2
|-enditem|p1a: Glimmora|Red Card|[of] p2a: 这种宝可梦我们一般叫她老婆
|drag|p2a: 我猜你要除雾|Gholdengo|100/100
|-item|p2a: 我猜你要除雾|Air Balloon
|move|p1a: Glimmora|Mortal Spin|p2a: 我猜你要除雾
|-immune|p2a: 我猜你要除雾
|
|upkeep
|turn|11
|
|t:|1743860647
|switch|p1a: Blissey|Blissey, F|75/100
|move|p2a: 我猜你要除雾|Thunder Wave|p1a: Blissey
|-status|p1a: Blissey|par
|
|upkeep
|turn|12
|
|t:|1743860656
|switch|p2a: 这未尝不是一种鸟哥|Moltres|100/100
|move|p1a: Blissey|Ice Beam|p2a: 这未尝不是一种鸟哥
|-damage|p2a: 这未尝不是一种鸟哥|78/100
|
|upkeep
|turn|13
|
|t:|1743860667
|move|p2a: 这未尝不是一种鸟哥|Hurricane|p1a: Blissey|[miss]
|-miss|p2a: 这未尝不是一种鸟哥|p1a: Blissey
|move|p1a: Blissey|Ice Beam|p2a: 这未尝不是一种鸟哥
|-crit|p2a: 这未尝不是一种鸟哥
|-damage|p2a: 这未尝不是一种鸟哥|43/100
|
|upkeep
|turn|14
|
|t:|1743860677
|switch|p2a: 我猜你要除雾|Gholdengo|100/100
|-item|p2a: 我猜你要除雾|Air Balloon
|move|p1a: Blissey|Ice Beam|p2a: 我猜你要除雾
|-resisted|p2a: 我猜你要除雾
|-damage|p2a: 我猜你要除雾|90/100
|-enditem|p2a: 我猜你要除雾|Air Balloon
|
|upkeep
|turn|15
|
|t:|1743860688
|move|p2a: 我猜你要除雾|Nasty Plot|p2a: 我猜你要除雾
|-boost|p2a: 我猜你要除雾|spa|2
|move|p1a: Blissey|Calm Mind|p1a: Blissey
|-boost|p1a: Blissey|spa|1
|-boost|p1a: Blissey|spd|1
|
|upkeep
|turn|16
|
|t:|1743860697
|switch|p2a: 这种宝可梦我们一般叫她老婆|Serperior, F|17/100
|move|p1a: Blissey|Calm Mind|p1a: Blissey
|-boost|p1a: Blissey|spa|1
|-boost|p1a: Blissey|spd|1
|
|-heal|p2a: 这种宝可梦我们一般叫她老婆|24/100|[from] item: Leftovers
|upkeep
|turn|17
|
|t:|1743860708
|move|p2a: 这种宝可梦我们一般叫她老婆|Leech Seed|p1a: Blissey
|-start|p1a: Blissey|move: Leech Seed
|cant|p1a: Blissey|par
|
|-heal|p2a: 这种宝可梦我们一般叫她老婆|30/100|[from] item: Leftovers
|-damage|p1a: Blissey|63/100 par|[from] Leech Seed|[of] p2a: 这种宝可梦我们一般叫她老婆
|-heal|p2a: 这种宝可梦我们一般叫她老婆|55/100|[silent]
|upkeep
|turn|18
|
|t:|1743860718
|-curestatus|p1a: Blissey|par|[from] ability: Natural Cure
|switch|p1a: Glimmora|Glimmora, M|38/100
|-damage|p1a: Glimmora|26/100|[from] Stealth Rock
|move|p2a: 这种宝可梦我们一般叫她老婆|Substitute|p2a: 这种宝可梦我们一般叫她老婆
|-start|p2a: 这种宝可梦我们一般叫她老婆|Substitute
|-damage|p2a: 这种宝可梦我们一般叫她老婆|30/100
|
|-heal|p2a: 这种宝可梦我们一般叫她老婆|36/100|[from] item: Leftovers
|upkeep
|turn|19
|
|t:|1743860730
|move|p2a: 这种宝可梦我们一般叫她老婆|Leaf Storm|p1a: Glimmora|[miss]
|-miss|p2a: 这种宝可梦我们一般叫她老婆|p1a: Glimmora
|move|p1a: Glimmora|Stealth Rock|p2a: 这种宝可梦我们一般叫她老婆
|-sidestart|p2: longwangbro|move: Stealth Rock
|
|-heal|p2a: 这种宝可梦我们一般叫她老婆|43/100|[from] item: Leftovers
|upkeep
|turn|20
|
|t:|1743860739
|move|p2a: 这种宝可梦我们一般叫她老婆|Leaf Storm|p1a: Glimmora
|-damage|p1a: Glimmora|0 fnt
|-boost|p2a: 这种宝可梦我们一般叫她老婆|spa|2
|faint|p1a: Glimmora
|
|-heal|p2a: 这种宝可梦我们一般叫她老婆|49/100|[from] item: Leftovers
|upkeep
|
|t:|1743860746
|switch|p1a: Hoopa|Hoopa-Unbound|50/100
|-damage|p1a: Hoopa|38/100|[from] Stealth Rock
|turn|21
|
|t:|1743860753
|-terastallize|p2a: 这种宝可梦我们一般叫她老婆|Steel
|move|p1a: Hoopa|Hyperspace Fury|p2a: 这种宝可梦我们一般叫她老婆
|-damage|p2a: 这种宝可梦我们一般叫她老婆|0 fnt
|-unboost|p1a: Hoopa|def|1
|faint|p2a: 这种宝可梦我们一般叫她老婆
|
|upkeep
|-message|longwangbro forfeited.
|
|win|mio3777
|raw|mio3777's rating: 1391 &rarr; <strong>1414</strong><br />(+23 for winning)
|raw|longwangbro's rating: 1443 &rarr; <strong>1420</strong><br />(-23 for losing)
|l|☆longwangbro
|player|p2|
|l|☆mio3777
|player|p1|
