|j|☆TobiasAlonso
|j|☆Phanthom_Ex4
|t:|1743790798
|gametype|singles
|player|p1|TobiasAlonso|policeman-gen4|1424
|player|p2|Phanthom_Ex4|burglar|1394
|teamsize|p1|6
|teamsize|p2|6
|gen|9
|tier|[Gen 9] OU
|rated|
|rule|HP Percentage Mod: HP is shown in percentages
|rule|Endless Battle Clause: Forcing endless battles is banned
|rule|Species Clause: Limit one of each Pokémon
|rule|OHKO Clause: OHKO moves are banned
|rule|Evasion Items Clause: Evasion items are banned
|rule|Evasion Moves Clause: Evasion moves are banned
|rule|Sleep Moves Clause: Sleep-inducing moves are banned
|clearpoke
|poke|p1|Polteageist-Antique|
|poke|p1|Minior-Indigo|
|poke|p1|Cloyster, M|
|poke|p1|Cinderace, F|
|poke|p1|Torterra, M|
|poke|p1|Indeedee, M|
|poke|p2|Ditto|
|poke|p2|Dondozo, M|
|poke|p2|Cinderace, F|
|poke|p2|Latios, M|
|poke|p2|Clodsire, M|
|poke|p2|Houndstone, M|
|teampreview
|inactive|Battle timer is ON: inactive players will automatically lose when time's up. (requested by Phanthom_Ex4)
|
|t:|1743790811
|start
|switch|p1a: Minior|Minior-Indigo|100/100
|switch|p2a: Latios|Latios, M|100/100
|-formechange|p1a: Minior|Minior-Meteor||[from] ability: Shields Down
|turn|1
|
|t:|1743790816
|move|p2a: Latios|Trick|p1a: Minior
|-activate|p2a: Latios|move: Trick|[of] p1a: Minior
|-item|p1a: Minior|Choice Scarf|[from] move: Trick
|-item|p2a: Latios|Focus Sash|[from] move: Trick
|move|p1a: Minior|Shell Smash|p1a: Minior
|-unboost|p1a: Minior|def|1
|-unboost|p1a: Minior|spd|1
|-boost|p1a: Minior|atk|2
|-boost|p1a: Minior|spa|2
|-boost|p1a: Minior|spe|2
|
|upkeep
|turn|2
|
|t:|1743790824
|switch|p1a: Cinderace|Cinderace, F|100/100
|move|p2a: Latios|Luster Purge|p1a: Cinderace
|-damage|p1a: Cinderace|24/100
|-unboost|p1a: Cinderace|spd|1
|
|upkeep
|turn|3
|
|t:|1743790834
|move|p1a: Cinderace|U-turn|p2a: Latios
|-start|p1a: Cinderace|typechange|Bug|[from] ability: Libero
|-supereffective|p2a: Latios
|-damage|p2a: Latios|10/100
|
|t:|1743790840
|switch|p1a: Minior|Minior-Indigo|100/100|[from] U-turn
|-formechange|p1a: Minior|Minior-Meteor||[from] ability: Shields Down
|move|p2a: Latios|Luster Purge|p1a: Minior
|-damage|p1a: Minior|32/100
|-unboost|p1a: Minior|spd|1
|
|-formechange|p1a: Minior|Minior-Indigo||[from] ability: Shields Down
|upkeep
|turn|4
|
|t:|1743790853
|switch|p2a: Clodsire|Clodsire, M|100/100
|move|p1a: Minior|Power Gem|p2a: Clodsire
|-resisted|p2a: Clodsire
|-damage|p2a: Clodsire|90/100
|
|-heal|p2a: Clodsire|96/100|[from] item: Leftovers
|upkeep
|turn|5
|
|t:|1743790858
|move|p1a: Minior|Power Gem|p2a: Clodsire
|-resisted|p2a: Clodsire
|-damage|p2a: Clodsire|86/100
|move|p2a: Clodsire|Stealth Rock|p1a: Minior
|-sidestart|p1: TobiasAlonso|move: Stealth Rock
|
|-heal|p2a: Clodsire|92/100|[from] item: Leftovers
|upkeep
|turn|6
|
|t:|1743790862
|move|p1a: Minior|Power Gem|p2a: Clodsire
|-resisted|p2a: Clodsire
|-damage|p2a: Clodsire|82/100
|move|p2a: Clodsire|Earthquake|p1a: Minior
|-immune|p1a: Minior
|
|-heal|p2a: Clodsire|88/100|[from] item: Leftovers
|upkeep
|turn|7
|
|t:|1743790868
|move|p1a: Minior|Power Gem|p2a: Clodsire
|-resisted|p2a: Clodsire
|-damage|p2a: Clodsire|78/100
|move|p2a: Clodsire|Earthquake|p1a: Minior
|-immune|p1a: Minior
|
|-heal|p2a: Clodsire|84/100|[from] item: Leftovers
|upkeep
|turn|8
|
|t:|1743790872
|move|p1a: Minior|Power Gem|p2a: Clodsire
|-resisted|p2a: Clodsire
|-damage|p2a: Clodsire|75/100
|move|p2a: Clodsire|Recover|p2a: Clodsire
|-heal|p2a: Clodsire|100/100
|
|upkeep
|turn|9
|
|t:|1743790878
|move|p1a: Minior|Power Gem|p2a: Clodsire
|-resisted|p2a: Clodsire
|-damage|p2a: Clodsire|91/100
|move|p2a: Clodsire|Toxic|p1a: Minior
|-status|p1a: Minior|tox
|
|-heal|p2a: Clodsire|97/100|[from] item: Leftovers
|-damage|p1a: Minior|26/100 tox|[from] psn
|upkeep
|turn|10
|
|t:|1743790886
|move|p1a: Minior|Power Gem|p2a: Clodsire
|-resisted|p2a: Clodsire
|-crit|p2a: Clodsire
|-damage|p2a: Clodsire|83/100
|move|p2a: Clodsire|Earthquake|p1a: Minior
|-immune|p1a: Minior
|
|-heal|p2a: Clodsire|89/100|[from] item: Leftovers
|-damage|p1a: Minior|14/100 tox|[from] psn
|upkeep
|turn|11
|
|t:|1743790904
|move|p1a: Minior|Power Gem|p2a: Clodsire
|-resisted|p2a: Clodsire
|-damage|p2a: Clodsire|79/100
|move|p2a: Clodsire|Recover|p2a: Clodsire
|-heal|p2a: Clodsire|100/100
|
|-damage|p1a: Minior|0 fnt|[from] psn
|faint|p1a: Minior
|upkeep
|
|t:|1743790910
|switch|p1a: Cinderace|Cinderace, F|24/100
|turn|12
|
|t:|1743790913
|switch|p2a: Cinderace|Cinderace, F|100/100
|move|p1a: Cinderace|Taunt|p2a: Cinderace
|-start|p1a: Cinderace|typechange|Dark|[from] ability: Libero
|-start|p2a: Cinderace|move: Taunt
|
|upkeep
|turn|13
|
|t:|1743790927
|switch|p1a: Cloyster|Cloyster, M|100/100
|-damage|p1a: Cloyster|76/100|[from] Stealth Rock
|move|p2a: Cinderace|U-turn|p1a: Cloyster
|-start|p2a: Cinderace|typechange|Bug|[from] ability: Libero
|-damage|p1a: Cloyster|49/100
|
|t:|1743790937
|switch|p2a: Dondozo|Dondozo, M|100/100|[from] U-turn
|
|upkeep
|turn|14
|
|t:|1743790943
|move|p1a: Cloyster|Icicle Spear|p2a: Dondozo
|-resisted|p2a: Dondozo
|-damage|p2a: Dondozo|98/100
|-resisted|p2a: Dondozo
|-damage|p2a: Dondozo|96/100
|-resisted|p2a: Dondozo
|-damage|p2a: Dondozo|93/100
|-resisted|p2a: Dondozo
|-damage|p2a: Dondozo|91/100
|-resisted|p2a: Dondozo
|-damage|p2a: Dondozo|89/100
|-hitcount|p2a: Dondozo|5
|move|p2a: Dondozo|Curse|p2a: Dondozo
|-unboost|p2a: Dondozo|spe|1
|-boost|p2a: Dondozo|atk|1
|-boost|p2a: Dondozo|def|1
|
|-heal|p2a: Dondozo|95/100|[from] item: Leftovers
|upkeep
|turn|15
|
|t:|1743790951
|move|p1a: Cloyster|Icicle Spear|p2a: Dondozo
|-resisted|p2a: Dondozo
|-damage|p2a: Dondozo|93/100
|-resisted|p2a: Dondozo
|-damage|p2a: Dondozo|91/100
|-resisted|p2a: Dondozo
|-damage|p2a: Dondozo|90/100
|-resisted|p2a: Dondozo
|-damage|p2a: Dondozo|88/100
|-resisted|p2a: Dondozo
|-damage|p2a: Dondozo|86/100
|-hitcount|p2a: Dondozo|5
|move|p2a: Dondozo|Curse|p2a: Dondozo
|-unboost|p2a: Dondozo|spe|1
|-boost|p2a: Dondozo|atk|1
|-boost|p2a: Dondozo|def|1
|
|-heal|p2a: Dondozo|92/100|[from] item: Leftovers
|upkeep
|turn|16
|
|t:|1743790960
|move|p1a: Cloyster|Icicle Spear|p2a: Dondozo
|-resisted|p2a: Dondozo
|-damage|p2a: Dondozo|91/100
|-resisted|p2a: Dondozo
|-damage|p2a: Dondozo|90/100
|-resisted|p2a: Dondozo
|-damage|p2a: Dondozo|89/100
|-resisted|p2a: Dondozo
|-damage|p2a: Dondozo|88/100
|-resisted|p2a: Dondozo
|-damage|p2a: Dondozo|86/100
|-hitcount|p2a: Dondozo|5
|move|p2a: Dondozo|Curse|p2a: Dondozo
|-unboost|p2a: Dondozo|spe|1
|-boost|p2a: Dondozo|atk|1
|-boost|p2a: Dondozo|def|1
|
|-heal|p2a: Dondozo|93/100|[from] item: Leftovers
|upkeep
|turn|17
|
|t:|1743790976
|move|p1a: Cloyster|Icicle Spear|p2a: Dondozo
|-resisted|p2a: Dondozo
|-damage|p2a: Dondozo|92/100
|-resisted|p2a: Dondozo
|-damage|p2a: Dondozo|91/100
|-resisted|p2a: Dondozo
|-damage|p2a: Dondozo|90/100
|-resisted|p2a: Dondozo
|-damage|p2a: Dondozo|89/100
|-resisted|p2a: Dondozo
|-damage|p2a: Dondozo|88/100
|-hitcount|p2a: Dondozo|5
|move|p2a: Dondozo|Curse|p2a: Dondozo
|-unboost|p2a: Dondozo|spe|1
|-boost|p2a: Dondozo|atk|1
|-boost|p2a: Dondozo|def|1
|
|-heal|p2a: Dondozo|94/100|[from] item: Leftovers
|upkeep
|turn|18
|
|t:|1743790979
|move|p1a: Cloyster|Icicle Spear|p2a: Dondozo
|-resisted|p2a: Dondozo
|-damage|p2a: Dondozo|93/100
|-resisted|p2a: Dondozo
|-damage|p2a: Dondozo|93/100
|-resisted|p2a: Dondozo
|-damage|p2a: Dondozo|92/100
|-resisted|p2a: Dondozo
|-damage|p2a: Dondozo|91/100
|-resisted|p2a: Dondozo
|-damage|p2a: Dondozo|90/100
|-hitcount|p2a: Dondozo|5
|move|p2a: Dondozo|Curse|p2a: Dondozo
|-unboost|p2a: Dondozo|spe|1
|-boost|p2a: Dondozo|atk|1
|-boost|p2a: Dondozo|def|1
|
|-heal|p2a: Dondozo|97/100|[from] item: Leftovers
|upkeep
|turn|19
|
|t:|1743790993
|move|p1a: Cloyster|Icicle Spear|p2a: Dondozo
|-resisted|p2a: Dondozo
|-damage|p2a: Dondozo|96/100
|-resisted|p2a: Dondozo
|-crit|p2a: Dondozo
|-damage|p2a: Dondozo|92/100
|-resisted|p2a: Dondozo
|-damage|p2a: Dondozo|92/100
|-resisted|p2a: Dondozo
|-damage|p2a: Dondozo|91/100
|-resisted|p2a: Dondozo
|-damage|p2a: Dondozo|91/100
|-hitcount|p2a: Dondozo|5
|move|p2a: Dondozo|Curse|p2a: Dondozo
|-unboost|p2a: Dondozo|spe|1
|-boost|p2a: Dondozo|atk|1
|-boost|p2a: Dondozo|def|1
|
|-heal|p2a: Dondozo|97/100|[from] item: Leftovers
|upkeep
|turn|20
|
|t:|1743791003
|move|p1a: Cloyster|Icicle Spear|p2a: Dondozo
|-resisted|p2a: Dondozo
|-damage|p2a: Dondozo|96/100
|-resisted|p2a: Dondozo
|-damage|p2a: Dondozo|96/100
|-resisted|p2a: Dondozo
|-damage|p2a: Dondozo|95/100
|-resisted|p2a: Dondozo
|-damage|p2a: Dondozo|94/100
|-resisted|p2a: Dondozo
|-damage|p2a: Dondozo|93/100
|-hitcount|p2a: Dondozo|5
|move|p2a: Dondozo|Earthquake|p1a: Cloyster
|-damage|p1a: Cloyster|0 fnt
|faint|p1a: Cloyster
|
|-heal|p2a: Dondozo|99/100|[from] item: Leftovers
|upkeep
|
|t:|1743791015
|switch|p1a: Cinderace|Cinderace, F|24/100
|turn|21
|
|t:|1743791022
|move|p1a: Cinderace|Court Change|p1a: Cinderace
|-start|p1a: Cinderace|typechange|Normal|[from] ability: Libero
|-swapsideconditions
|-activate|p1a: Cinderace|move: Court Change
|move|p2a: Dondozo|Liquidation|p1a: Cinderace
|-damage|p1a: Cinderace|0 fnt
|faint|p1a: Cinderace
|
|-heal|p2a: Dondozo|100/100|[from] item: Leftovers
|upkeep
|
|t:|1743791025
|switch|p1a: Indeedee|Indeedee, M|100/100
|-fieldstart|move: Psychic Terrain|[from] ability: Psychic Surge|[of] p1a: Indeedee
|turn|22
|
|t:|1743791032
|move|p1a: Indeedee|Expanding Force|p2a: Dondozo
|-damage|p2a: Dondozo|22/100
|move|p2a: Dondozo|Liquidation|p1a: Indeedee
|-damage|p1a: Indeedee|0 fnt
|faint|p1a: Indeedee
|
|-heal|p2a: Dondozo|28/100|[from] item: Leftovers
|upkeep
|
|t:|1743791035
|switch|p1a: Polteageist|Polteageist-Antique|100/100
|turn|23
|
|t:|1743791047
|move|p1a: Polteageist|Shell Smash|p1a: Polteageist
|-unboost|p1a: Polteageist|def|1
|-unboost|p1a: Polteageist|spd|1
|-boost|p1a: Polteageist|atk|2
|-boost|p1a: Polteageist|spa|2
|-boost|p1a: Polteageist|spe|2
|move|p2a: Dondozo|Liquidation|p1a: Polteageist
|-enditem|p1a: Polteageist|Focus Sash
|-damage|p1a: Polteageist|1/100
|-ability|p1a: Polteageist|Weak Armor|boost
|-unboost|p1a: Polteageist|def|1
|-boost|p1a: Polteageist|spe|2
|
|-heal|p2a: Dondozo|34/100|[from] item: Leftovers
|upkeep
|turn|24
|
|t:|1743791058
|switch|p2a: Latios|Latios, M|10/100
|-damage|p2a: Latios|0 fnt|[from] Stealth Rock
|faint|p2a: Latios
|move|p1a: Polteageist|Stored Power|p2: Latios|[notarget]
|-fail|p1a: Polteageist
|
|upkeep
|
|t:|1743791065
|switch|p2a: Ditto|Ditto|100/100
|-damage|p2a: Ditto|88/100|[from] Stealth Rock
|-transform|p2a: Ditto|p1a: Polteageist|[from] ability: Imposter
|turn|25
|inactive|Phanthom_Ex4 has 120 seconds left.
|
|t:|1743791103
|move|p2a: Ditto|Shadow Ball|p1a: Polteageist
|-supereffective|p1a: Polteageist
|-damage|p1a: Polteageist|0 fnt
|faint|p1a: Polteageist
|
|upkeep
|
|t:|1743791106
|switch|p1a: Torterra|Torterra, M|100/100
|turn|26
|
|t:|1743791110
|move|p2a: Ditto|Shadow Ball|p1a: Torterra
|-enditem|p1a: Torterra|Focus Sash
|-damage|p1a: Torterra|1/100
|move|p1a: Torterra|Seed Bomb|p2a: Ditto
|-damage|p2a: Ditto|0 fnt
|faint|p2a: Ditto
|
|-fieldend|move: Psychic Terrain
|upkeep
|
|t:|1743791115
|switch|p2a: Houndstone|Houndstone, M|100/100
|-damage|p2a: Houndstone|88/100|[from] Stealth Rock
|turn|27
|-message|TobiasAlonso forfeited.
|
|win|Phanthom_Ex4
|raw|TobiasAlonso's rating: 1424 &rarr; <strong>1402</strong><br />(-22 for losing)
|raw|Phanthom_Ex4's rating: 1394 &rarr; <strong>1416</strong><br />(+22 for winning)
|l|☆TobiasAlonso
|player|p1|
|l|☆Phanthom_Ex4
|player|p2|
