|j|☆jucoxdeluxe
|j|☆acoda
|t:|1743814330
|gametype|singles
|player|p1|jucoxdeluxe|rocketgrunt|1102
|player|p2|acoda|2|1163
|teamsize|p1|6
|teamsize|p2|6
|gen|9
|tier|[Gen 9] OU
|rated|
|rule|HP Percentage Mod: HP is shown in percentages
|rule|Endless Battle Clause: Forcing endless battles is banned
|rule|Species Clause: Limit one of each Pokémon
|rule|OHKO Clause: OHKO moves are banned
|rule|Evasion Items Clause: Evasion items are banned
|rule|Evasion Moves Clause: Evasion moves are banned
|rule|Sleep Moves Clause: Sleep-inducing moves are banned
|clearpoke
|poke|p1|Tauros-Paldea-Blaze, M|
|poke|p1|Vespiquen, F|
|poke|p1|Golduck, M|
|poke|p1|Oinkologne, M|
|poke|p1|Whimsicott, M|
|poke|p1|Mudsdale, F|
|poke|p2|Samurott-Hisui, F|
|poke|p2|Zapdos|
|poke|p2|Enamorus, F|
|poke|p2|Kyurem|
|poke|p2|Iron Valiant|
|poke|p2|Landorus-Therian, M|
|teampreview
|inactive|Battle timer is ON: inactive players will automatically lose when time's up. (requested by acoda)
|
|t:|1743814341
|start
|switch|p1a: Golduck|Golduck, M|100/100
|switch|p2a: Landorus|Landorus-Therian, M|100/100
|-ability|p2a: Landorus|Intimidate|boost
|-unboost|p1a: Golduck|atk|1
|-ability|p1a: Golduck|Cloud Nine
|turn|1
|
|t:|1743814352
|move|p2a: Landorus|Stealth Rock|p1a: Golduck
|-sidestart|p1: jucoxdeluxe|move: Stealth Rock
|move|p1a: Golduck|Ice Beam|p2a: Landorus
|-supereffective|p2a: Landorus
|-damage|p2a: Landorus|0 fnt
|faint|p2a: Landorus
|
|upkeep
|
|t:|1743814357
|switch|p2a: Zapdos|Zapdos|100/100
|turn|2
|
|t:|1743814364
|switch|p1a: Mudsdale|Mudsdale, F|100/100
|-damage|p1a: Mudsdale|94/100|[from] Stealth Rock
|move|p2a: Zapdos|Hurricane|p1a: Mudsdale|[miss]
|-miss|p2a: Zapdos|p1a: Mudsdale
|
|upkeep
|turn|3
|
|t:|1743814373
|move|p2a: Zapdos|Hurricane|p1a: Mudsdale
|-damage|p1a: Mudsdale|23/100
|-ability|p1a: Mudsdale|Stamina|boost
|-boost|p1a: Mudsdale|def|1
|-enditem|p1a: Mudsdale|Sitrus Berry|[eat]
|-heal|p1a: Mudsdale|48/100|[from] item: Sitrus Berry
|move|p1a: Mudsdale|Iron Defense|p1a: Mudsdale
|-boost|p1a: Mudsdale|def|2
|
|upkeep
|turn|4
|
|t:|1743814387
|-terastallize|p1a: Mudsdale|Flying
|move|p2a: Zapdos|Hurricane|p1a: Mudsdale|[miss]
|-miss|p2a: Zapdos|p1a: Mudsdale
|move|p1a: Mudsdale|Body Press|p2a: Zapdos
|-resisted|p2a: Zapdos
|-damage|p2a: Zapdos|71/100
|-status|p1a: Mudsdale|par|[from] ability: Static|[of] p2a: Zapdos
|
|-heal|p2a: Zapdos|77/100|[from] item: Leftovers
|upkeep
|turn|5
|
|t:|1743814400
|move|p2a: Zapdos|Discharge|p1a: Mudsdale
|-supereffective|p1a: Mudsdale
|-damage|p1a: Mudsdale|0 fnt
|faint|p1a: Mudsdale
|
|-heal|p2a: Zapdos|83/100|[from] item: Leftovers
|upkeep
|
|t:|1743814418
|switch|p1a: Whimsicott|Whimsicott, M|100/100
|-damage|p1a: Whimsicott|88/100|[from] Stealth Rock
|turn|6
|
|t:|1743814425
|move|p1a: Whimsicott|Moonblast|p2a: Zapdos
|-damage|p2a: Zapdos|39/100
|-unboost|p2a: Zapdos|spa|1
|-damage|p1a: Whimsicott|78/100|[from] item: Life Orb
|move|p2a: Zapdos|Hurricane|p1a: Whimsicott
|-supereffective|p1a: Whimsicott
|-damage|p1a: Whimsicott|0 fnt
|faint|p1a: Whimsicott
|
|-heal|p2a: Zapdos|46/100|[from] item: Leftovers
|upkeep
|
|t:|1743814443
|switch|p1a: Oinkologne|Oinkologne, M, shiny|100/100
|-damage|p1a: Oinkologne|88/100|[from] Stealth Rock
|turn|7
|
|t:|1743814449
|move|p2a: Zapdos|Roost|p2a: Zapdos
|-heal|p2a: Zapdos|96/100
|-singleturn|p2a: Zapdos|move: Roost
|move|p1a: Oinkologne|Body Slam|p2a: Zapdos
|-damage|p2a: Zapdos|55/100
|
|-heal|p2a: Zapdos|62/100|[from] item: Leftovers
|-heal|p1a: Oinkologne|94/100|[from] item: Leftovers
|upkeep
|turn|8
|
|t:|1743814460
|move|p2a: Zapdos|Roost|p2a: Zapdos
|-heal|p2a: Zapdos|100/100
|-singleturn|p2a: Zapdos|move: Roost
|move|p1a: Oinkologne|Curse|p1a: Oinkologne
|-unboost|p1a: Oinkologne|spe|1
|-boost|p1a: Oinkologne|atk|1
|-boost|p1a: Oinkologne|def|1
|
|-heal|p1a: Oinkologne|99/100|[from] item: Leftovers
|upkeep
|turn|9
|
|t:|1743814476
|switch|p2a: Iron Valiant|Iron Valiant|100/100
|-enditem|p2a: Iron Valiant|Booster Energy
|-activate|p2a: Iron Valiant|ability: Quark Drive|[fromitem]
|-start|p2a: Iron Valiant|quarkdrivespe
|move|p1a: Oinkologne|Body Slam|p2a: Iron Valiant
|-damage|p2a: Iron Valiant|27/100
|-status|p2a: Iron Valiant|par
|
|-heal|p1a: Oinkologne|100/100|[from] item: Leftovers
|upkeep
|turn|10
|
|t:|1743814488
|cant|p2a: Iron Valiant|par
|move|p1a: Oinkologne|Body Slam|p2a: Iron Valiant
|-damage|p2a: Iron Valiant|0 fnt
|faint|p2a: Iron Valiant
|-end|p2a: Iron Valiant|Quark Drive|[silent]
|
|upkeep
|
|t:|1743814493
|switch|p2a: Samurott|Samurott-Hisui, F|100/100
|turn|11
|
|t:|1743814499
|move|p2a: Samurott|Ceaseless Edge|p1a: Oinkologne
|-damage|p1a: Oinkologne|73/100
|-sidestart|p1: jucoxdeluxe|Spikes
|move|p1a: Oinkologne|Body Press|p2a: Samurott
|-supereffective|p2a: Samurott
|-damage|p2a: Samurott|32/100
|
|-heal|p1a: Oinkologne|79/100|[from] item: Leftovers
|upkeep
|turn|12
|
|t:|1743814508
|move|p2a: Samurott|Sacred Sword|p1a: Oinkologne
|-supereffective|p1a: Oinkologne
|-damage|p1a: Oinkologne|7/100
|move|p1a: Oinkologne|Curse|p1a: Oinkologne
|-unboost|p1a: Oinkologne|spe|1
|-boost|p1a: Oinkologne|atk|1
|-boost|p1a: Oinkologne|def|1
|
|-heal|p1a: Oinkologne|13/100|[from] item: Leftovers
|upkeep
|turn|13
|
|t:|1743814519
|move|p2a: Samurott|Sacred Sword|p1a: Oinkologne
|-supereffective|p1a: Oinkologne
|-damage|p1a: Oinkologne|0 fnt
|faint|p1a: Oinkologne
|
|upkeep
|
|t:|1743814535
|switch|p1a: Tauros|Tauros-Paldea-Blaze, M|100/100
|-damage|p1a: Tauros|88/100|[from] Stealth Rock
|-damage|p1a: Tauros|76/100|[from] Spikes
|-ability|p1a: Tauros|Intimidate|boost
|-unboost|p2a: Samurott|atk|1
|turn|14
|
|t:|1743814547
|move|p1a: Tauros|Flare Blitz|p2a: Samurott
|-resisted|p2a: Samurott
|-damage|p2a: Samurott|0 fnt
|faint|p2a: Samurott
|-damage|p1a: Tauros|64/100|[from] Recoil
|-damage|p1a: Tauros|54/100|[from] item: Life Orb
|
|upkeep
|
|t:|1743814550
|switch|p2a: Zapdos|Zapdos|100/100
|turn|15
|
|t:|1743814559
|move|p1a: Tauros|Flare Blitz|p2a: Zapdos
|-damage|p2a: Zapdos|23/100
|-status|p2a: Zapdos|brn
|-damage|p1a: Tauros|21/100|[from] Recoil
|-damage|p1a: Tauros|11/100|[from] item: Life Orb
|move|p2a: Zapdos|Discharge|p1a: Tauros
|-damage|p1a: Tauros|0 fnt
|faint|p1a: Tauros
|
|-heal|p2a: Zapdos|29/100 brn|[from] item: Leftovers
|-damage|p2a: Zapdos|23/100 brn|[from] brn
|upkeep
|
|t:|1743814575
|switch|p1a: Vespiquen|Vespiquen, F|100/100
|-ability|p1a: Vespiquen|Unnerve
|-damage|p1a: Vespiquen|50/100|[from] Stealth Rock
|turn|16
|
|t:|1743814586
|move|p2a: Zapdos|Discharge|p1a: Vespiquen
|-supereffective|p1a: Vespiquen
|-damage|p1a: Vespiquen|0 fnt
|faint|p1a: Vespiquen
|
|-heal|p2a: Zapdos|29/100 brn|[from] item: Leftovers
|-damage|p2a: Zapdos|23/100 brn|[from] brn
|upkeep
|
|t:|1743814595
|switch|p1a: Golduck|Golduck, M|100/100
|-damage|p1a: Golduck|88/100|[from] Stealth Rock
|-damage|p1a: Golduck|76/100|[from] Spikes
|-ability|p1a: Golduck|Cloud Nine
|turn|17
|
|t:|1743814608
|move|p1a: Golduck|Hydro Pump|p2a: Zapdos
|-damage|p2a: Zapdos|0 fnt
|faint|p2a: Zapdos
|
|upkeep
|
|t:|1743814618
|switch|p2a: Kyurem|Kyurem|100/100
|-ability|p2a: Kyurem|Pressure
|turn|18
|
|t:|1743814622
|move|p2a: Kyurem|Scale Shot|p1a: Golduck
|-damage|p1a: Golduck|59/100
|-damage|p1a: Golduck|41/100
|-damage|p1a: Golduck|23/100
|-damage|p1a: Golduck|4/100
|-damage|p1a: Golduck|0 fnt
|faint|p1a: Golduck
|-hitcount|p1: Golduck|5
|
|win|acoda
|raw|jucoxdeluxe's rating: 1102 &rarr; <strong>1081</strong><br />(-21 for losing)
|raw|acoda's rating: 1163 &rarr; <strong>1184</strong><br />(+21 for winning)
|l|☆jucoxdeluxe
|player|p1|
|l|☆acoda
|player|p2|
