|j|☆Dr_DongStrong
|j|☆bouts
|t:|1743782952
|gametype|singles
|player|p1|Dr_DongStrong|1|1422
|player|p2|bouts|roxie|1418
|teamsize|p1|6
|teamsize|p2|6
|gen|9
|tier|[Gen 9] OU
|rated|
|rule|HP Percentage Mod: HP is shown in percentages
|rule|Endless Battle Clause: Forcing endless battles is banned
|rule|Species Clause: Limit one of each Pokémon
|rule|OHKO Clause: OHKO moves are banned
|rule|Evasion Items Clause: Evasion items are banned
|rule|Evasion Moves Clause: Evasion moves are banned
|rule|Sleep Moves Clause: Sleep-inducing moves are banned
|clearpoke
|poke|p1|Yanmega, F|
|poke|p1|Excadrill, F|
|poke|p1|Arcanine-Hisui, F|
|poke|p1|Primarina, M|
|poke|p1|Latios, M|
|poke|p1|Chesnaught, F|
|poke|p2|Garganacl, M|
|poke|p2|Ogerpon-Wellspring, F|
|poke|p2|Pecharunt|
|poke|p2|Thundurus-Therian, M|
|poke|p2|Iron Boulder|
|poke|p2|Tyranitar, M|
|teampreview
|j| Jillyjon
|
|t:|1743782961
|start
|switch|p1a: Excadrill|Excadrill, F|100/100
|switch|p2a: Thundurus|Thundurus-Therian, M|100/100
|-ability|p1a: Excadrill|Mold Breaker
|turn|1
|inactive|Battle timer is ON: inactive players will automatically lose when time's up. (requested by bouts)
|
|t:|1743782984
|move|p2a: Thundurus|Focus Blast|p1a: Excadrill
|-supereffective|p1a: Excadrill
|-damage|p1a: Excadrill|20/100
|move|p1a: Excadrill|Stealth Rock|p2a: Thundurus
|-sidestart|p2: bouts|move: Stealth Rock
|
|-heal|p1a: Excadrill|27/100|[from] item: Leftovers
|upkeep
|turn|2
|
|t:|1743782992
|switch|p1a: Latios|Latios, M|100/100
|move|p2a: Thundurus|Focus Blast|p1a: Latios
|-resisted|p1a: Latios
|-damage|p1a: Latios|75/100
|
|upkeep
|turn|3
|
|t:|1743783000
|switch|p2a: Tyranitar|Tyranitar, M|100/100
|-damage|p2a: Tyranitar|88/100|[from] Stealth Rock
|-weather|Sandstorm|[from] ability: Sand Stream|[of] p2a: Tyranitar
|move|p1a: Latios|Luster Purge|p2a: Tyranitar
|-immune|p2a: Tyranitar
|
|-weather|Sandstorm|[upkeep]
|-damage|p1a: Latios|69/100|[from] Sandstorm
|-heal|p2a: Tyranitar|94/100|[from] item: Leftovers
|upkeep
|turn|4
|
|t:|1743783010
|move|p1a: Latios|Flip Turn|p2a: Tyranitar
|-supereffective|p2a: Tyranitar
|-damage|p2a: Tyranitar|75/100
|
|t:|1743783014
|switch|p1a: Chesnaught|Chesnaught, F|100/100|[from] Flip Turn
|move|p2a: Tyranitar|Ice Beam|p1a: Chesnaught
|-supereffective|p1a: Chesnaught
|-damage|p1a: Chesnaught|53/100
|-status|p1a: Chesnaught|frz
|
|-weather|Sandstorm|[upkeep]
|-damage|p1a: Chesnaught|47/100 frz|[from] Sandstorm
|-heal|p2a: Tyranitar|81/100|[from] item: Leftovers
|upkeep
|turn|5
|
|t:|1743783018
|switch|p1a: Excadrill|Excadrill, F|27/100
|-ability|p1a: Excadrill|Mold Breaker
|move|p2a: Tyranitar|Stealth Rock|p1a: Excadrill
|-sidestart|p1: Dr_DongStrong|move: Stealth Rock
|
|-weather|Sandstorm|[upkeep]
|-heal|p1a: Excadrill|33/100|[from] item: Leftovers
|-heal|p2a: Tyranitar|87/100|[from] item: Leftovers
|upkeep
|turn|6
|
|t:|1743783043
|move|p1a: Excadrill|Earthquake|p2a: Tyranitar
|-supereffective|p2a: Tyranitar
|-damage|p2a: Tyranitar|22/100
|move|p2a: Tyranitar|Knock Off|p1a: Excadrill
|-damage|p1a: Excadrill|0 fnt
|-enditem|p1a: Excadrill|Leftovers|[from] move: Knock Off|[of] p2a: Tyranitar
|faint|p1a: Excadrill
|
|-weather|Sandstorm|[upkeep]
|-heal|p2a: Tyranitar|28/100|[from] item: Leftovers
|upkeep
|
|t:|1743783049
|switch|p1a: Yanmega|Yanmega, F|100/100
|-damage|p1a: Yanmega|51/100|[from] Stealth Rock
|turn|7
|l|☆Dr_DongStrong
|inactive|Dr_DongStrong disconnected and has a minute to reconnect!
|player|p1|
|inactive|Dr_DongStrong has 30 seconds to reconnect!
|inactive|Dr_DongStrong has 20 seconds to reconnect!
|inactive|Dr_DongStrong has 15 seconds to reconnect!
|inactive|Dr_DongStrong has 10 seconds to reconnect!
|inactive|Dr_DongStrong has 5 seconds to reconnect!
|-message|Dr_DongStrong lost due to inactivity.
|
|win|bouts
|raw|Dr_DongStrong's rating: 1422 &rarr; <strong>1402</strong><br />(-20 for losing)
|raw|bouts's rating: 1418 &rarr; <strong>1438</strong><br />(+20 for winning)
|l|☆bouts
|player|p2|
|l| Jillyjon
