|j|☆noahthebadplayer
|j|☆alegthegoat
|t:|1743881108
|gametype|singles
|player|p1|noahthebadplayer|170|1128
|player|p2|alegthegoat|volkner|1152
|teamsize|p1|6
|teamsize|p2|6
|gen|9
|tier|[Gen 9] OU
|rated|
|rule|HP Percentage Mod: HP is shown in percentages
|rule|Endless Battle Clause: Forcing endless battles is banned
|rule|Species Clause: Limit one of each Pokémon
|rule|OHKO Clause: OHKO moves are banned
|rule|Evasion Items Clause: Evasion items are banned
|rule|Evasion Moves Clause: Evasion moves are banned
|rule|Sleep Moves Clause: Sleep-inducing moves are banned
|clearpoke
|poke|p1|Gholdengo|
|poke|p1|Dragonite, M|
|poke|p1|Wartortle, F|
|poke|p1|Blaziken, M|
|poke|p1|Ursaluna, M|
|poke|p1|Polteageist|
|poke|p2|Landorus-Therian, M|
|poke|p2|Slowking-Galar, L99, F|
|poke|p2|Kyurem|
|poke|p2|Darkrai|
|poke|p2|Gholdengo|
|poke|p2|Cinderace, M|
|teampreview
|inactive|Battle timer is ON: inactive players will automatically lose when time's up. (requested by alegthegoat)
|c|☆noahthebadplayer|Glhf
|
|t:|1743881123
|start
|switch|p1a: Blaziken|Blaziken, M|100/100
|switch|p2a: Landorus|Landorus-Therian, M|100/100
|-ability|p2a: Landorus|Intimidate|boost
|-unboost|p1a: Blaziken|atk|1
|turn|1
|
|t:|1743881132
|switch|p1a: Dragonite|Dragonite, M|100/100
|move|p2a: Landorus|Stealth Rock|p1a: Dragonite
|-sidestart|p1: noahthebadplayer|move: Stealth Rock
|
|upkeep
|turn|2
|
|t:|1743881141
|move|p2a: Landorus|U-turn|p1a: Dragonite
|-resisted|p1a: Dragonite
|-damage|p1a: Dragonite|95/100
|
|t:|1743881143
|switch|p2a: Kyurem|Kyurem|100/100|[from] U-turn
|-ability|p2a: Kyurem|Pressure
|move|p1a: Dragonite|Dragon Dance|p1a: Dragonite
|-boost|p1a: Dragonite|atk|1
|-boost|p1a: Dragonite|spe|1
|
|upkeep
|turn|3
|
|t:|1743881151
|move|p2a: Kyurem|Freeze-Dry|p1a: Dragonite
|-supereffective|p1a: Dragonite
|-damage|p1a: Dragonite|0 fnt
|faint|p1a: Dragonite
|
|upkeep
|
|t:|1743881158
|switch|p1a: Blaziken|Blaziken, M|100/100
|-damage|p1a: Blaziken|88/100|[from] Stealth Rock
|turn|4
|
|t:|1743881161
|switch|p2a: Landorus|Landorus-Therian, M|100/100
|-ability|p2a: Landorus|Intimidate|boost
|-unboost|p1a: Blaziken|atk|1
|move|p1a: Blaziken|Swords Dance|p1a: Blaziken
|-boost|p1a: Blaziken|atk|2
|
|-heal|p1a: Blaziken|94/100|[from] item: Leftovers
|-ability|p1a: Blaziken|Speed Boost|boost
|-boost|p1a: Blaziken|spe|1
|upkeep
|turn|5
|
|t:|1743881165
|move|p1a: Blaziken|Flare Blitz|p2a: Landorus
|-damage|p2a: Landorus|0 fnt
|-damage|p1a: Blaziken|78/100|[from] item: Rocky Helmet|[of] p2a: Landorus
|faint|p2a: Landorus
|-damage|p1a: Blaziken|43/100|[from] Recoil
|
|-heal|p1a: Blaziken|49/100|[from] item: Leftovers
|-ability|p1a: Blaziken|Speed Boost|boost
|-boost|p1a: Blaziken|spe|1
|upkeep
|
|t:|1743881177
|switch|p2a: Cinderace|Cinderace, M|100/100
|turn|6
|
|t:|1743881179
|move|p1a: Blaziken|Close Combat|p2a: Cinderace
|-damage|p2a: Cinderace|0 fnt
|-unboost|p1a: Blaziken|def|1
|-unboost|p1a: Blaziken|spd|1
|faint|p2a: Cinderace
|
|-heal|p1a: Blaziken|55/100|[from] item: Leftovers
|-ability|p1a: Blaziken|Speed Boost|boost
|-boost|p1a: Blaziken|spe|1
|upkeep
|
|t:|1743881187
|switch|p2a: Kyurem|Kyurem|100/100
|-ability|p2a: Kyurem|Pressure
|turn|7
|
|t:|1743881191
|-terastallize|p2a: Kyurem|Fairy
|move|p1a: Blaziken|Close Combat|p2a: Kyurem
|-resisted|p2a: Kyurem
|-damage|p2a: Kyurem|55/100
|-unboost|p1a: Blaziken|def|1
|-unboost|p1a: Blaziken|spd|1
|move|p2a: Kyurem|Earth Power|p1a: Blaziken
|-supereffective|p1a: Blaziken
|-damage|p1a: Blaziken|0 fnt
|faint|p1a: Blaziken
|
|upkeep
|
|t:|1743881203
|switch|p1a: Ursaluna|Ursaluna, M|100/100
|-damage|p1a: Ursaluna|94/100|[from] Stealth Rock
|turn|8
|
|t:|1743881207
|switch|p2a: Slowking|Slowking-Galar, L99, F|100/100
|move|p1a: Ursaluna|Protect||[still]
|-fail|p1a: Ursaluna
|
|-status|p1a: Ursaluna|brn|[from] item: Flame Orb
|upkeep
|turn|9
|
|t:|1743881211
|switch|p2a: Gholdengo|Gholdengo|100/100
|-item|p2a: Gholdengo|Air Balloon
|move|p1a: Ursaluna|Earthquake|p2a: Gholdengo
|-immune|p2a: Gholdengo
|
|-damage|p1a: Ursaluna|88/100 brn|[from] brn
|upkeep
|turn|10
|
|t:|1743881217
|switch|p2a: Darkrai|Darkrai|100/100
|switch|p1a: Gholdengo|Gholdengo|100/100
|-damage|p1a: Gholdengo|94/100|[from] Stealth Rock
|
|-heal|p1a: Gholdengo|100/100|[from] item: Leftovers
|upkeep
|turn|11
|
|t:|1743881220
|switch|p1a: Wartortle|Wartortle, F|100/100
|-damage|p1a: Wartortle|88/100|[from] Stealth Rock
|move|p2a: Darkrai|Knock Off|p1a: Wartortle
|-damage|p1a: Wartortle|62/100
|-enditem|p1a: Wartortle|Eviolite|[from] move: Knock Off|[of] p2a: Darkrai
|
|upkeep
|turn|12
|
|t:|1743881226
|switch|p2a: Slowking|Slowking-Galar, L99, F|100/100
|move|p1a: Wartortle|Rapid Spin|p2a: Slowking
|-damage|p2a: Slowking|93/100
|-boost|p1a: Wartortle|spe|1
|-sideend|p1: noahthebadplayer|Stealth Rock|[from] move: Rapid Spin|[of] p1a: Wartortle
|
|upkeep
|turn|13
|
|t:|1743881229
|move|p1a: Wartortle|Flip Turn|p2a: Slowking
|-damage|p2a: Slowking|78/100
|
|t:|1743881231
|switch|p1a: Gholdengo|Gholdengo|100/100|[from] Flip Turn
|move|p2a: Slowking|Future Sight|p1a: Gholdengo
|-start|p2a: Slowking|move: Future Sight
|
|upkeep
|turn|14
|
|t:|1743881234
|move|p1a: Gholdengo|Thunder Wave|p2a: Slowking
|-status|p2a: Slowking|par
|-prepare|p2a: Slowking|Chilly Reception|[premajor]
|move|p2a: Slowking|Chilly Reception|p2a: Slowking
|-weather|Snowscape
|
|t:|1743881236
|switch|p2a: Darkrai|Darkrai|100/100|[from] Chilly Reception
|
|-weather|Snowscape|[upkeep]
|upkeep
|turn|15
|
|t:|1743881240
|switch|p1a: Wartortle|Wartortle, F|62/100
|move|p2a: Darkrai|Knock Off|p1a: Wartortle
|-damage|p1a: Wartortle|37/100
|
|-weather|Snowscape|[upkeep]
|-end|p1a: Wartortle|move: Future Sight
|-damage|p1a: Wartortle|0 fnt
|faint|p1a: Wartortle
|upkeep
|
|t:|1743881248
|switch|p1a: Polteageist|Polteageist, shiny|100/100
|turn|16
|
|t:|1743881251
|-terastallize|p1a: Polteageist|Fairy
|move|p2a: Darkrai|Blizzard|p1a: Polteageist
|-damage|p1a: Polteageist|51/100
|move|p1a: Polteageist|Shell Smash|p1a: Polteageist
|-unboost|p1a: Polteageist|def|1
|-unboost|p1a: Polteageist|spd|1
|-boost|p1a: Polteageist|atk|2
|-boost|p1a: Polteageist|spa|2
|-boost|p1a: Polteageist|spe|2
|-enditem|p1a: Polteageist|White Herb
|-clearnegativeboost|p1a: Polteageist|[silent]
|
|-weather|Snowscape|[upkeep]
|upkeep
|turn|17
|
|t:|1743881259
|switch|p2a: Slowking|Slowking-Galar, L99, F|100/100 par
|move|p1a: Polteageist|Shadow Ball|p2a: Slowking
|-supereffective|p2a: Slowking
|-damage|p2a: Slowking|0 fnt
|faint|p2a: Slowking
|
|-weather|Snowscape|[upkeep]
|upkeep
|
|t:|1743881264
|switch|p2a: Darkrai|Darkrai|100/100
|turn|18
|
|t:|1743881270
|move|p1a: Polteageist|Tera Blast|p2a: Darkrai|[anim] Tera Blast Fairy
|-supereffective|p2a: Darkrai
|-damage|p2a: Darkrai|0 fnt
|faint|p2a: Darkrai
|
|-weather|Snowscape|[upkeep]
|upkeep
|
|t:|1743881275
|switch|p2a: Kyurem|Kyurem, tera:Fairy|55/100
|-ability|p2a: Kyurem|Pressure
|turn|19
|
|t:|1743881282
|move|p1a: Polteageist|Shadow Ball|p2a: Kyurem
|-damage|p2a: Kyurem|0 fnt
|faint|p2a: Kyurem
|
|-weather|Snowscape|[upkeep]
|upkeep
|-message|alegthegoat forfeited.
|
|win|noahthebadplayer
|raw|noahthebadplayer's rating: 1128 &rarr; <strong>1155</strong><br />(+27 for winning)
|raw|alegthegoat's rating: 1152 &rarr; <strong>1125</strong><br />(-27 for losing)
|l|☆alegthegoat
|player|p2|
|c|☆noahthebadplayer|Gg
|l|☆noahthebadplayer
|player|p1|
