|badge|p1|bronze|gen9ou|100-5
|uhtml|medal-msg|<div class="broadcast-blue">Curious what those medals under the avatar are? PS now has Ladder Seasons! For more information, check out the <a href="https://www.smogon.com/forums/threads/3740067/">thread on Smogon.</a></div>
|j|☆Brigtel
|j|☆pulsationplasma
|t:|1743793223
|gametype|singles
|player|p1|Brigtel|gambler|1847
|player|p2|pulsationplasma|ghetsis|1821
|teamsize|p1|6
|teamsize|p2|6
|gen|9
|tier|[Gen 9] OU
|rated|
|rule|HP Percentage Mod: HP is shown in percentages
|rule|Endless Battle Clause: Forcing endless battles is banned
|rule|Species Clause: Limit one of each Pokémon
|rule|OHKO Clause: OHKO moves are banned
|rule|Evasion Items Clause: Evasion items are banned
|rule|Evasion Moves Clause: Evasion moves are banned
|rule|Sleep Moves Clause: Sleep-inducing moves are banned
|clearpoke
|poke|p1|Garganacl, M|
|poke|p1|Hydrapple, F|
|poke|p1|Iron Valiant|
|poke|p1|Lokix, M|
|poke|p1|Pecharunt|
|poke|p1|Ting-Lu|
|poke|p2|Ceruledge, F|
|poke|p2|Iron Treads|
|poke|p2|Corviknight, F|
|poke|p2|Salamence, M|
|poke|p2|Dragapult, F|
|poke|p2|Ogerpon-Cornerstone, F|
|teampreview
|
|t:|1743793231
|start
|switch|p1a: Lokix|Lokix, M|100/100
|switch|p2a: Dragapult|Dragapult, F|100/100
|turn|1
|
|t:|1743793240
|move|p2a: Dragapult|Dragon Darts|p1a: Lokix
|-damage|p1a: Lokix|41/100
|-anim|p2a: Dragapult|Dragon Darts|p1a: Lokix
|-damage|p1a: Lokix|0 fnt
|faint|p1a: Lokix
|
|upkeep
|
|t:|1743793244
|switch|p1a: Garganacl|Garganacl, M|100/100
|turn|2
|
|t:|1743793249
|switch|p2a: Iron Treads|Iron Treads|100/100
|move|p1a: Garganacl|Stealth Rock|p2a: Iron Treads
|-sidestart|p2: pulsationplasma|move: Stealth Rock
|
|upkeep
|turn|3
|
|t:|1743793253
|move|p2a: Iron Treads|Knock Off|p1a: Garganacl
|-crit|p1a: Garganacl
|-damage|p1a: Garganacl|75/100
|-enditem|p1a: Garganacl|Leftovers|[from] move: Knock Off|[of] p2a: Iron Treads
|move|p1a: Garganacl|Salt Cure|p2a: Iron Treads
|-resisted|p2a: Iron Treads
|-damage|p2a: Iron Treads|97/100
|-start|p2a: Iron Treads|Salt Cure
|
|-damage|p2a: Iron Treads|72/100|[from] Salt Cure
|upkeep
|turn|4
|
|t:|1743793256
|move|p2a: Iron Treads|Earthquake|p1a: Garganacl
|-supereffective|p1a: Garganacl
|-damage|p1a: Garganacl|16/100
|move|p1a: Garganacl|Recover|p1a: Garganacl
|-heal|p1a: Garganacl|66/100
|
|-damage|p2a: Iron Treads|48/100|[from] Salt Cure
|upkeep
|turn|5
|
|t:|1743793262
|switch|p1a: Pecharunt|Pecharunt|100/100
|-item|p1a: Pecharunt|Air Balloon
|move|p2a: Iron Treads|Earthquake|p1a: Pecharunt
|-immune|p1a: Pecharunt
|
|-damage|p2a: Iron Treads|23/100|[from] Salt Cure
|upkeep
|turn|6
|
|t:|1743793267
|-end|p2a: Iron Treads|Quark Drive|[silent]
|switch|p2a: Corviknight|Corviknight, F|100/100
|-damage|p2a: Corviknight|88/100|[from] Stealth Rock
|-ability|p2a: Corviknight|Pressure
|move|p1a: Pecharunt|Shadow Ball|p2a: Corviknight
|-damage|p2a: Corviknight|65/100
|
|upkeep
|turn|7
|
|t:|1743793271
|move|p1a: Pecharunt|Parting Shot|p2a: Corviknight
|-unboost|p2a: Corviknight|atk|1
|-unboost|p2a: Corviknight|spa|1
|
|t:|1743793272
|switch|p1a: Garganacl|Garganacl, M|66/100|[from] Parting Shot
|move|p2a: Corviknight|Brave Bird|p1a: Garganacl
|-resisted|p1a: Garganacl
|-damage|p1a: Garganacl|59/100
|-damage|p2a: Corviknight|62/100|[from] Recoil
|
|upkeep
|turn|8
|
|t:|1743793278
|switch|p2a: Iron Treads|Iron Treads|23/100
|move|p1a: Garganacl|Recover|p1a: Garganacl
|-heal|p1a: Garganacl|100/100
|
|upkeep
|turn|9
|
|t:|1743793281
|switch|p1a: Pecharunt|Pecharunt|100/100
|-item|p1a: Pecharunt|Air Balloon
|move|p2a: Iron Treads|Rapid Spin|p1a: Pecharunt
|-immune|p1a: Pecharunt
|
|upkeep
|turn|10
|
|t:|1743793287
|move|p2a: Iron Treads|Knock Off|p1a: Pecharunt
|-supereffective|p1a: Pecharunt
|-damage|p1a: Pecharunt|61/100
|-enditem|p1a: Pecharunt|Air Balloon
|move|p1a: Pecharunt|Parting Shot|p2a: Iron Treads
|-unboost|p2a: Iron Treads|atk|1
|-unboost|p2a: Iron Treads|spa|1
|
|t:|1743793301
|switch|p1a: Hydrapple|Hydrapple, F|100/100|[from] Parting Shot
|
|upkeep
|turn|11
|
|t:|1743793307
|move|p2a: Iron Treads|Rapid Spin|p1a: Hydrapple
|-damage|p1a: Hydrapple|93/100
|-boost|p2a: Iron Treads|spe|1
|-sideend|p2: pulsationplasma|Stealth Rock|[from] move: Rapid Spin|[of] p2a: Iron Treads
|move|p1a: Hydrapple|Nasty Plot|p1a: Hydrapple
|-boost|p1a: Hydrapple|spa|2
|
|upkeep
|turn|12
|
|t:|1743793309
|move|p2a: Iron Treads|Ice Spinner|p1a: Hydrapple
|-supereffective|p1a: Hydrapple
|-damage|p1a: Hydrapple|41/100
|move|p1a: Hydrapple|Giga Drain|p2a: Iron Treads
|-damage|p2a: Iron Treads|0 fnt
|-heal|p1a: Hydrapple|50/100|[from] drain|[of] p2a: Iron Treads
|faint|p2a: Iron Treads
|-end|p2a: Iron Treads|Quark Drive|[silent]
|
|upkeep
|j| MakeAFist
|
|t:|1743793316
|switch|p2a: Dragapult|Dragapult, F|100/100
|turn|13
|
|t:|1743793320
|switch|p1a: Ting-Lu|Ting-Lu|100/100
|-ability|p1a: Ting-Lu|Vessel of Ruin
|move|p2a: Dragapult|U-turn|p1a: Ting-Lu
|-supereffective|p1a: Ting-Lu
|-damage|p1a: Ting-Lu|65/100
|
|t:|1743793323
|switch|p2a: Ogerpon|Ogerpon-Cornerstone, F|100/100|[from] U-turn
|
|-heal|p1a: Ting-Lu|71/100|[from] item: Leftovers
|upkeep
|turn|14
|
|t:|1743793326
|switch|p1a: Hydrapple|Hydrapple, F|83/100
|move|p2a: Ogerpon|Swords Dance|p2a: Ogerpon
|-boost|p2a: Ogerpon|atk|2
|
|upkeep
|turn|15
|
|t:|1743793329
|move|p2a: Ogerpon|Ivy Cudgel|p1a: Hydrapple|[anim] Ivy Cudgel Rock
|-damage|p1a: Hydrapple|0 fnt
|faint|p1a: Hydrapple
|
|upkeep
|
|t:|1743793333
|switch|p1a: Pecharunt|Pecharunt|61/100
|turn|16
|
|t:|1743793336
|move|p2a: Ogerpon|Ivy Cudgel|p1a: Pecharunt|[anim] Ivy Cudgel Rock
|-damage|p1a: Pecharunt|0 fnt
|faint|p1a: Pecharunt
|
|upkeep
|
|t:|1743793340
|switch|p1a: Iron Valiant|Iron Valiant|100/100
|-enditem|p1a: Iron Valiant|Booster Energy
|-activate|p1a: Iron Valiant|ability: Quark Drive|[fromitem]
|-start|p1a: Iron Valiant|quarkdrivespe
|turn|17
|
|t:|1743793343
|move|p1a: Iron Valiant|Encore|p2a: Ogerpon
|-start|p2a: Ogerpon|Encore
|move|p2a: Ogerpon|Ivy Cudgel|p1a: Iron Valiant|[anim] Ivy Cudgel Rock
|-resisted|p1a: Iron Valiant
|-crit|p1a: Iron Valiant
|-damage|p1a: Iron Valiant|0 fnt
|faint|p1a: Iron Valiant
|-end|p1a: Iron Valiant|Quark Drive|[silent]
|
|upkeep
|
|t:|1743793349
|switch|p1a: Ting-Lu|Ting-Lu|71/100
|-ability|p1a: Ting-Lu|Vessel of Ruin
|turn|18
|
|t:|1743793353
|switch|p2a: Salamence|Salamence, M|100/100
|move|p1a: Ting-Lu|Earthquake|p2a: Salamence
|-immune|p2a: Salamence
|
|-heal|p1a: Ting-Lu|77/100|[from] item: Leftovers
|upkeep
|turn|19
|
|t:|1743793356
|move|p2a: Salamence|Dragon Dance|p2a: Salamence
|-boost|p2a: Salamence|atk|1
|-boost|p2a: Salamence|spe|1
|move|p1a: Ting-Lu|Spikes|p2a: Salamence
|-sidestart|p2: pulsationplasma|Spikes
|
|-heal|p1a: Ting-Lu|83/100|[from] item: Leftovers
|upkeep
|turn|20
|
|t:|1743793358
|move|p2a: Salamence|Outrage|p1a: Ting-Lu
|-damage|p1a: Ting-Lu|31/100
|move|p1a: Ting-Lu|Whirlwind|p2a: Salamence
|drag|p2a: Corviknight|Corviknight, F|62/100
|-ability|p2a: Corviknight|Pressure
|
|-heal|p1a: Ting-Lu|37/100|[from] item: Leftovers
|upkeep
|turn|21
|j| Bobs sandwichshop
|
|t:|1743793364
|switch|p2a: Salamence|Salamence, M|100/100
|move|p1a: Ting-Lu|Ruination|p2a: Salamence
|-damage|p2a: Salamence|51/100
|
|-heal|p2a: Salamence|57/100|[from] item: Leftovers
|-heal|p1a: Ting-Lu|43/100|[from] item: Leftovers
|upkeep
|turn|22
|
|t:|1743793369
|move|p2a: Salamence|Dragon Dance|p2a: Salamence
|-boost|p2a: Salamence|atk|1
|-boost|p2a: Salamence|spe|1
|move|p1a: Ting-Lu|Whirlwind|p2a: Salamence
|drag|p2a: Dragapult|Dragapult, F|100/100
|-damage|p2a: Dragapult|88/100|[from] Spikes
|
|-heal|p1a: Ting-Lu|50/100|[from] item: Leftovers
|upkeep
|turn|23
|l| Bobs sandwichshop
|
|t:|1743793372
|move|p2a: Dragapult|Dragon Darts|p1a: Ting-Lu
|-damage|p1a: Ting-Lu|29/100
|-anim|p2a: Dragapult|Dragon Darts|p1a: Ting-Lu
|-damage|p1a: Ting-Lu|9/100
|move|p1a: Ting-Lu|Ruination|p2a: Dragapult
|-damage|p2a: Dragapult|44/100
|
|-heal|p1a: Ting-Lu|16/100|[from] item: Leftovers
|upkeep
|turn|24
|
|t:|1743793376
|move|p2a: Dragapult|Dragon Darts|p1a: Ting-Lu
|-damage|p1a: Ting-Lu|0 fnt
|faint|p1a: Ting-Lu
|
|upkeep
|
|t:|1743793377
|switch|p1a: Garganacl|Garganacl, M|100/100
|turn|25
|
|t:|1743793380
|move|p2a: Dragapult|Dragon Darts|p1a: Garganacl
|-damage|p1a: Garganacl|80/100
|-anim|p2a: Dragapult|Dragon Darts|p1a: Garganacl
|-damage|p1a: Garganacl|59/100
|move|p1a: Garganacl|Salt Cure|p2a: Dragapult
|-damage|p2a: Dragapult|25/100
|-start|p2a: Dragapult|Salt Cure
|
|-damage|p2a: Dragapult|13/100|[from] Salt Cure
|upkeep
|turn|26
|
|t:|1743793385
|move|p2a: Dragapult|Dragon Darts|p1a: Garganacl
|-damage|p1a: Garganacl|38/100
|-anim|p2a: Dragapult|Dragon Darts|p1a: Garganacl
|-damage|p1a: Garganacl|16/100
|move|p1a: Garganacl|Recover|p1a: Garganacl
|-heal|p1a: Garganacl|66/100
|
|-damage|p2a: Dragapult|0 fnt|[from] Salt Cure
|faint|p2a: Dragapult
|upkeep
|
|t:|1743793387
|switch|p2a: Ogerpon|Ogerpon-Cornerstone, F|100/100
|-damage|p2a: Ogerpon|88/100|[from] Spikes
|turn|27
|
|t:|1743793391
|move|p2a: Ogerpon|Horn Leech|p1a: Garganacl
|-supereffective|p1a: Garganacl
|-damage|p1a: Garganacl|15/100
|-heal|p2a: Ogerpon|100/100|[from] drain|[of] p1a: Garganacl
|move|p1a: Garganacl|Recover|p1a: Garganacl
|-heal|p1a: Garganacl|65/100
|
|upkeep
|turn|28
|
|t:|1743793396
|move|p2a: Ogerpon|Low Kick|p1a: Garganacl
|-supereffective|p1a: Garganacl
|-damage|p1a: Garganacl|12/100
|move|p1a: Garganacl|Recover|p1a: Garganacl
|-heal|p1a: Garganacl|62/100
|
|upkeep
|turn|29
|
|t:|1743793400
|move|p2a: Ogerpon|Swords Dance|p2a: Ogerpon
|-boost|p2a: Ogerpon|atk|2
|move|p1a: Garganacl|Recover|p1a: Garganacl
|-heal|p1a: Garganacl|100/100
|
|upkeep
|turn|30
|
|t:|1743793402
|move|p2a: Ogerpon|Ivy Cudgel|p1a: Garganacl|[anim] Ivy Cudgel Rock
|-damage|p1a: Garganacl|29/100
|move|p1a: Garganacl|Salt Cure|p2a: Ogerpon
|-damage|p2a: Ogerpon|81/100
|-start|p2a: Ogerpon|Salt Cure
|
|-damage|p2a: Ogerpon|68/100|[from] Salt Cure
|upkeep
|turn|31
|
|t:|1743793407
|move|p2a: Ogerpon|Horn Leech|p1a: Garganacl
|-supereffective|p1a: Garganacl
|-damage|p1a: Garganacl|0 fnt
|-heal|p2a: Ogerpon|88/100|[from] drain|[of] p1a: Garganacl
|faint|p1a: Garganacl
|
|win|pulsationplasma
|raw|Brigtel's rating: 1847 &rarr; <strong>1826</strong><br />(-21 for losing)
|raw|pulsationplasma's rating: 1821 &rarr; <strong>1842</strong><br />(+21 for winning)
|l|☆Brigtel
|player|p1|
|l| MakeAFist
