|j|☆WEBBERRYAN98
|j|☆awulartifact69
|t:|1743826196
|gametype|singles
|player|p1|WEBBERRYAN98|102|1163
|player|p2|awulartifact69|ethan|1193
|teamsize|p1|6
|teamsize|p2|6
|gen|9
|tier|[Gen 9] OU
|rated|
|rule|HP Percentage Mod: HP is shown in percentages
|rule|Endless Battle Clause: Forcing endless battles is banned
|rule|Species Clause: Limit one of each Pokémon
|rule|OHKO Clause: OHKO moves are banned
|rule|Evasion Items Clause: Evasion items are banned
|rule|Evasion Moves Clause: Evasion moves are banned
|rule|Sleep Moves Clause: Sleep-inducing moves are banned
|clearpoke
|poke|p1|Darkrai|
|poke|p1|Porygon-Z|
|poke|p1|Clodsire, F|
|poke|p1|Serperior, M|
|poke|p1|Thundurus-Therian, M|
|poke|p1|Cinderace, M|
|poke|p2|Corviknight, M|
|poke|p2|Araquanid, F|
|poke|p2|Meowscarada, F|
|poke|p2|Great Tusk|
|poke|p2|Alomomola, M|
|poke|p2|Raging Bolt|
|teampreview
|inactive|Battle timer is ON: inactive players will automatically lose when time's up. (requested by awulartifact69)
|
|t:|1743826219
|start
|switch|p1a: Thundurus|Thundurus-Therian, M|100/100
|switch|p2a: Araquanid|Araquanid, F|100/100
|turn|1
|
|t:|1743826236
|move|p1a: Thundurus|Discharge|p2a: Araquanid
|-supereffective|p2a: Araquanid
|-damage|p2a: Araquanid|10/100
|-status|p2a: Araquanid|par
|-damage|p1a: Thundurus|91/100|[from] item: Life Orb
|move|p2a: Araquanid|Surf|p1a: Thundurus
|-damage|p1a: Thundurus|18/100
|
|upkeep
|turn|2
|-enditem|p2a: Araquanid|Custap Berry|[eat]
|-activate|p2a: Araquanid|item: Custap Berry|[consumed]
|
|t:|1743826245
|move|p2a: Araquanid|Surf|p1a: Thundurus
|-damage|p1a: Thundurus|0 fnt
|faint|p1a: Thundurus
|
|upkeep
|
|t:|1743826255
|switch|p1a: Cinderace|Cinderace, M|100/100
|turn|3
|
|t:|1743826260
|move|p1a: Cinderace|U-turn|p2a: Araquanid
|-start|p1a: Cinderace|typechange|Bug|[from] ability: Libero
|-damage|p2a: Araquanid|0 fnt
|faint|p2a: Araquanid
|
|t:|1743826277
|switch|p1a: Clodsire|Clodsire, F|100/100|[from] U-turn
|
|upkeep
|
|t:|1743826288
|switch|p2a: Meowscarada|Meowscarada, F, shiny|100/100
|turn|4
|
|t:|1743826316
|switch|p1a: Cinderace|Cinderace, M|100/100
|move|p2a: Meowscarada|Triple Axel|p1a: Cinderace
|-start|p2a: Meowscarada|typechange|Ice|[from] ability: Protean
|-resisted|p1a: Cinderace
|-damage|p1a: Cinderace|91/100
|-resisted|p1a: Cinderace
|-damage|p1a: Cinderace|73/100
|-hitcount|p1a: Cinderace|2
|
|upkeep
|turn|5
|
|t:|1743826327
|switch|p2a: Great Tusk|Great Tusk, shiny|100/100
|move|p1a: Cinderace|U-turn|p2a: Great Tusk
|-start|p1a: Cinderace|typechange|Bug|[from] ability: Libero
|-resisted|p2a: Great Tusk
|-crit|p2a: Great Tusk
|-damage|p2a: Great Tusk|83/100
|inactive|WEBBERRYAN98 has 120 seconds left.
|
|t:|1743826340
|switch|p1a: Serperior|Serperior, M|100/100|[from] U-turn
|
|upkeep
|turn|6
|
|t:|1743826346
|-end|p2a: Great Tusk|Protosynthesis|[silent]
|switch|p2a: Corviknight|Corviknight, M, shiny|100/100
|move|p1a: Serperior|Glare|p2a: Corviknight
|-status|p2a: Corviknight|par
|
|upkeep
|turn|7
|
|t:|1743826352
|move|p1a: Serperior|Substitute|p1a: Serperior
|-start|p1a: Serperior|Substitute
|-damage|p1a: Serperior|76/100
|move|p2a: Corviknight|Brave Bird|p1a: Serperior
|-supereffective|p1a: Serperior
|-end|p1a: Serperior|Substitute
|-damage|p2a: Corviknight|93/100 par|[from] Recoil|[of] p1a: Serperior
|
|-heal|p1a: Serperior|82/100|[from] item: Leftovers
|-heal|p2a: Corviknight|99/100 par|[from] item: Leftovers
|upkeep
|turn|8
|
|t:|1743826371
|move|p1a: Serperior|Leech Seed|p2a: Corviknight
|-start|p2a: Corviknight|move: Leech Seed
|move|p2a: Corviknight|U-turn|p1a: Serperior
|-supereffective|p1a: Serperior
|-damage|p1a: Serperior|59/100
|
|t:|1743826376
|switch|p2a: Meowscarada|Meowscarada, F, shiny|100/100|[from] U-turn
|
|-heal|p1a: Serperior|65/100|[from] item: Leftovers
|upkeep
|turn|9
|
|t:|1743826390
|switch|p1a: Cinderace|Cinderace, M|73/100
|move|p2a: Meowscarada|U-turn|p1a: Cinderace
|-start|p2a: Meowscarada|typechange|Bug|[from] ability: Protean
|-resisted|p1a: Cinderace
|-crit|p1a: Cinderace
|-damage|p1a: Cinderace|21/100
|
|t:|1743826398
|switch|p2a: Alomomola|Alomomola, M|100/100|[from] U-turn
|
|upkeep
|turn|10
|
|t:|1743826419
|switch|p1a: Porygon-Z|Porygon-Z|100/100
|move|p2a: Alomomola|Protect||[still]
|-fail|p2a: Alomomola
|
|upkeep
|turn|11
|
|t:|1743826438
|move|p2a: Alomomola|Protect|p2a: Alomomola
|-singleturn|p2a: Alomomola|Protect
|move|p1a: Porygon-Z|Tri Attack|p2a: Alomomola
|-activate|p2a: Alomomola|move: Protect
|
|upkeep
|turn|12
|
|t:|1743826459
|move|p1a: Porygon-Z|Tri Attack|p2a: Alomomola
|-crit|p2a: Alomomola
|-damage|p2a: Alomomola|0 fnt
|faint|p2a: Alomomola
|
|upkeep
|
|t:|1743826473
|switch|p2a: Meowscarada|Meowscarada, F, shiny|100/100
|turn|13
|
|t:|1743826493
|switch|p1a: Cinderace|Cinderace, M|21/100
|move|p2a: Meowscarada|U-turn|p1a: Cinderace
|-start|p2a: Meowscarada|typechange|Bug|[from] ability: Protean
|-resisted|p1a: Cinderace
|-damage|p1a: Cinderace|0 fnt
|faint|p1a: Cinderace
|
|t:|1743826502
|switch|p2a: Corviknight|Corviknight, M, shiny|99/100 par|[from] U-turn
|
|-heal|p2a: Corviknight|100/100 par|[from] item: Leftovers
|upkeep
|
|t:|1743826511
|switch|p1a: Darkrai|Darkrai|100/100
|turn|14
|
|t:|1743826524
|move|p1a: Darkrai|Nasty Plot|p1a: Darkrai
|-boost|p1a: Darkrai|spa|2
|move|p2a: Corviknight|U-turn|p1a: Darkrai
|-supereffective|p1a: Darkrai
|-crit|p1a: Darkrai
|-damage|p1a: Darkrai|44/100
|
|t:|1743826546
|switch|p2a: Raging Bolt|Raging Bolt|100/100|[from] U-turn
|-enditem|p2a: Raging Bolt|Booster Energy
|-activate|p2a: Raging Bolt|ability: Protosynthesis|[fromitem]
|-start|p2a: Raging Bolt|protosynthesisspa
|
|upkeep
|turn|15
|
|t:|1743826553
|switch|p1a: Clodsire|Clodsire, F|100/100
|move|p2a: Raging Bolt|Thunderclap||[still]
|-fail|p2a: Raging Bolt
|
|upkeep
|turn|16
|
|t:|1743826565
|-end|p2a: Raging Bolt|Protosynthesis|[silent]
|switch|p2a: Corviknight|Corviknight, M, shiny|100/100 par
|move|p1a: Clodsire|Stealth Rock|p2a: Corviknight
|-sidestart|p2: awulartifact69|move: Stealth Rock
|
|upkeep
|turn|17
|
|t:|1743826576
|cant|p2a: Corviknight|par
|move|p1a: Clodsire|Toxic||[still]
|-fail|p1a: Clodsire
|
|upkeep
|turn|18
|inactive|WEBBERRYAN98 has 120 seconds left.
|
|t:|1743826609
|move|p2a: Corviknight|Brave Bird|p1a: Clodsire
|-damage|p1a: Clodsire|57/100
|-damage|p2a: Corviknight|84/100 par|[from] Recoil
|move|p1a: Clodsire|Toxic||[still]
|-fail|p1a: Clodsire
|
|-heal|p2a: Corviknight|90/100 par|[from] item: Leftovers
|-heal|p1a: Clodsire|63/100|[from] item: Black Sludge
|upkeep
|turn|19
|
|t:|1743826618
|move|p2a: Corviknight|Brave Bird|p1a: Clodsire
|-damage|p1a: Clodsire|24/100
|-damage|p2a: Corviknight|74/100 par|[from] Recoil
|move|p1a: Clodsire|Recover|p1a: Clodsire
|-heal|p1a: Clodsire|74/100
|
|-heal|p2a: Corviknight|80/100 par|[from] item: Leftovers
|-heal|p1a: Clodsire|80/100|[from] item: Black Sludge
|upkeep
|turn|20
|
|t:|1743826627
|switch|p1a: Porygon-Z|Porygon-Z|100/100
|move|p2a: Corviknight|Brave Bird|p1a: Porygon-Z
|-damage|p1a: Porygon-Z|51/100
|-damage|p2a: Corviknight|68/100 par|[from] Recoil
|
|-heal|p2a: Corviknight|74/100 par|[from] item: Leftovers
|upkeep
|turn|21
|-message|WEBBERRYAN98 forfeited.
|
|win|awulartifact69
|raw|WEBBERRYAN98's rating: 1163 &rarr; <strong>1140</strong><br />(-23 for losing)
|raw|awulartifact69's rating: 1193 &rarr; <strong>1216</strong><br />(+23 for winning)
|l|☆WEBBERRYAN98
|player|p1|
|l|☆awulartifact69
|player|p2|
