|j|☆mio3777
|j|☆Excadrillings
|t:|1743865835
|gametype|singles
|player|p1|mio3777|266|1433
|player|p2|Excadrillings|burglar|1480
|teamsize|p1|6
|teamsize|p2|6
|gen|9
|tier|[Gen 9] OU
|rated|
|rule|HP Percentage Mod: HP is shown in percentages
|rule|Endless Battle Clause: Forcing endless battles is banned
|rule|Species Clause: Limit one of each Pokémon
|rule|OHKO Clause: OHKO moves are banned
|rule|Evasion Items Clause: Evasion items are banned
|rule|Evasion Moves Clause: Evasion moves are banned
|rule|Sleep Moves Clause: Sleep-inducing moves are banned
|clearpoke
|poke|p1|Glimmora, F|
|poke|p1|Gholdengo|
|poke|p1|Dondozo, F|
|poke|p1|Blissey, F|
|poke|p1|Rotom-Heat|
|poke|p1|Hoopa-Unbound|
|poke|p2|Ting-Lu|
|poke|p2|Pecharunt|
|poke|p2|Iron Valiant|
|poke|p2|Garganacl, M|
|poke|p2|Lokix, M|
|poke|p2|Hydrapple, F|
|teampreview
|
|t:|1743865845
|start
|switch|p1a: Glimmora|Glimmora, F|100/100
|switch|p2a: Atlas|Ting-Lu|100/100
|-ability|p2a: Atlas|Vessel of Ruin
|turn|1
|inactive|Battle timer is ON: inactive players will automatically lose when time's up. (requested by mio3777)
|
|t:|1743865852
|-terastallize|p1a: Glimmora|Ghost
|move|p1a: Glimmora|Stealth Rock|p2a: Atlas
|-sidestart|p2: Excadrillings|move: Stealth Rock
|move|p2a: Atlas|Earthquake|p1a: Glimmora
|-damage|p1a: Glimmora|61/100
|-activate|p1a: Glimmora|ability: Toxic Debris
|-sidestart|p2: Excadrillings|move: Toxic Spikes
|-enditem|p1a: Glimmora|Red Card|[of] p2a: Atlas
|drag|p2a: LigmaChain|Pecharunt|100/100
|-sideend|p2: Excadrillings|move: Toxic Spikes|[of] p2a: LigmaChain
|
|upkeep
|turn|2
|
|t:|1743865865
|switch|p1a: Blissey|Blissey, F|100/100
|move|p2a: LigmaChain|Malignant Chain|p1a: Blissey
|-damage|p1a: Blissey|91/100
|-status|p1a: Blissey|tox
|-start|p1a: Blissey|confusion|[from] ability: Poison Puppeteer|[of] p2a: LigmaChain
|
|-damage|p1a: Blissey|85/100 tox|[from] psn
|upkeep
|turn|3
|
|t:|1743865876
|move|p2a: LigmaChain|Parting Shot|p1a: Blissey
|-unboost|p1a: Blissey|atk|1
|-unboost|p1a: Blissey|spa|1
|
|t:|1743865877
|switch|p2a: Silent Hill|Garganacl, M|100/100|[from] Parting Shot
|-activate|p1a: Blissey|confusion
|move|p1a: Blissey|Trick|p2a: Silent Hill
|-activate|p1a: Blissey|move: Trick|[of] p2a: Silent Hill
|-item|p2a: Silent Hill|Choice Specs|[from] move: Trick
|-item|p1a: Blissey|Heavy-Duty Boots|[from] move: Trick
|
|-damage|p1a: Blissey|72/100 tox|[from] psn
|upkeep
|turn|4
|
|t:|1743865897
|-curestatus|p1a: Blissey|tox|[from] ability: Natural Cure
|switch|p1a: Glimmora|Glimmora, F, tera:Ghost|61/100
|move|p2a: Silent Hill|Stealth Rock|p1a: Glimmora
|-sidestart|p1: mio3777|move: Stealth Rock
|
|upkeep
|turn|5
|
|t:|1743865907
|switch|p2a: LigmaChain|Pecharunt|100/100
|move|p1a: Glimmora|Mortal Spin|p2a: LigmaChain
|-resisted|p2a: LigmaChain
|-damage|p2a: LigmaChain|99/100
|-sideend|p1: mio3777|Stealth Rock|[from] move: Mortal Spin|[of] p1a: Glimmora
|
|upkeep
|turn|6
|
|t:|1743865934
|switch|p1a: Blissey|Blissey, F|72/100
|move|p2a: LigmaChain|Malignant Chain|p1a: Blissey
|-damage|p1a: Blissey|64/100
|
|upkeep
|turn|7
|
|t:|1743865953
|switch|p1a: Hoopa|Hoopa-Unbound|100/100
|move|p2a: LigmaChain|Parting Shot|p1a: Hoopa
|-unboost|p1a: Hoopa|atk|1
|-unboost|p1a: Hoopa|spa|1
|
|t:|1743865959
|switch|p2a: ACRONYM|Lokix, M|100/100|[from] Parting Shot
|
|upkeep
|turn|8
|
|t:|1743865965
|switch|p1a: Dondozo|Dondozo, F|100/100
|move|p2a: ACRONYM|Knock Off|p1a: Dondozo
|-damage|p1a: Dondozo|77/100
|-damage|p2a: ACRONYM|84/100|[from] item: Rocky Helmet|[of] p1a: Dondozo
|-enditem|p1a: Dondozo|Rocky Helmet|[from] move: Knock Off|[of] p2a: ACRONYM
|
|upkeep
|turn|9
|
|t:|1743865974
|move|p2a: ACRONYM|U-turn|p1a: Dondozo
|-damage|p1a: Dondozo|57/100
|
|t:|1743865995
|switch|p2a: Notch|Hydrapple, F, shiny|100/100|[from] U-turn
|move|p1a: Dondozo|Liquidation|p2a: Notch
|-resisted|p2a: Notch
|-crit|p2a: Notch
|-damage|p2a: Notch|93/100
|
|upkeep
|turn|10
|
|t:|1743866010
|switch|p1a: Blissey|Blissey, F|64/100
|move|p2a: Notch|Nasty Plot|p2a: Notch
|-boost|p2a: Notch|spa|2
|
|upkeep
|turn|11
|
|t:|1743866025
|switch|p2a: Silent Hill|Garganacl, M|100/100
|-damage|p2a: Silent Hill|88/100|[from] Stealth Rock
|move|p1a: Blissey|Calm Mind|p1a: Blissey
|-boost|p1a: Blissey|spa|1
|-boost|p1a: Blissey|spd|1
|
|upkeep
|turn|12
|
|t:|1743866038
|move|p1a: Blissey|Ice Beam|p2a: Silent Hill
|-crit|p2a: Silent Hill
|-damage|p2a: Silent Hill|57/100
|move|p2a: Silent Hill|Salt Cure|p1a: Blissey
|-damage|p1a: Blissey|36/100
|-start|p1a: Blissey|Salt Cure
|
|-damage|p1a: Blissey|23/100|[from] Salt Cure
|upkeep
|turn|13
|
|t:|1743866050
|switch|p1a: Glimmora|Glimmora, F, tera:Ghost|61/100
|switch|p2a: LigmaChain|Pecharunt|99/100
|
|upkeep
|turn|14
|
|t:|1743866057
|switch|p1a: Blissey|Blissey, F|23/100
|move|p2a: LigmaChain|Parting Shot|p1a: Blissey
|-unboost|p1a: Blissey|atk|1
|-unboost|p1a: Blissey|spa|1
|
|t:|1743866061
|switch|p2a: Blonde|Iron Valiant, shiny|100/100|[from] Parting Shot
|
|upkeep
|turn|15
|
|t:|1743866070
|switch|p1a: Glimmora|Glimmora, F, tera:Ghost|61/100
|move|p2a: Blonde|Knock Off|p1a: Glimmora
|-supereffective|p1a: Glimmora
|-damage|p1a: Glimmora|27/100
|-activate|p1a: Glimmora|ability: Toxic Debris
|-sidestart|p2: Excadrillings|move: Toxic Spikes
|
|upkeep
|turn|16
|
|t:|1743866082
|move|p2a: Blonde|Moonblast|p1a: Glimmora
|-damage|p1a: Glimmora|0 fnt
|faint|p1a: Glimmora
|
|upkeep
|
|t:|1743866092
|switch|p1a: Gholdengo|Gholdengo|100/100
|turn|17
|inactive|Excadrillings has 120 seconds left.
|inactive|Excadrillings has 90 seconds left.
|
|t:|1743866162
|-end|p2a: Blonde|Quark Drive|[silent]
|switch|p2a: LigmaChain|Pecharunt|99/100
|-sideend|p2: Excadrillings|move: Toxic Spikes|[of] p2a: LigmaChain
|move|p1a: Gholdengo|Make It Rain|p2a: LigmaChain
|-damage|p2a: LigmaChain|35/100
|-unboost|p1a: Gholdengo|spa|1
|
|upkeep
|turn|18
|
|t:|1743866172
|switch|p2a: Atlas|Ting-Lu|100/100
|-damage|p2a: Atlas|94/100|[from] Stealth Rock
|-ability|p2a: Atlas|Vessel of Ruin
|move|p1a: Gholdengo|Make It Rain|p2a: Atlas
|-damage|p2a: Atlas|78/100
|-unboost|p1a: Gholdengo|spa|1
|
|-heal|p2a: Atlas|84/100|[from] item: Leftovers
|upkeep
|turn|19
|inactive|Excadrillings has 90 seconds left.
|
|t:|1743866187
|switch|p1a: Dondozo|Dondozo, F|57/100
|move|p2a: Atlas|Spikes|p1a: Dondozo
|-sidestart|p1: mio3777|Spikes
|
|-heal|p2a: Atlas|90/100|[from] item: Leftovers
|upkeep
|turn|20
|inactive|Excadrillings has 90 seconds left.
|
|t:|1743866216
|switch|p2a: Notch|Hydrapple, F, shiny|100/100
|switch|p1a: Gholdengo|Gholdengo|100/100
|-damage|p1a: Gholdengo|88/100|[from] Spikes
|
|upkeep
|turn|21
|
|t:|1743866223
|move|p1a: Gholdengo|Trick|p2a: Notch
|-activate|p1a: Gholdengo|move: Trick|[of] p2a: Notch
|-item|p2a: Notch|Choice Scarf|[from] move: Trick
|-item|p1a: Gholdengo|Heavy-Duty Boots|[from] move: Trick
|move|p2a: Notch|Earth Power|p1a: Gholdengo
|-supereffective|p1a: Gholdengo
|-damage|p1a: Gholdengo|36/100
|
|upkeep
|turn|22
|inactive|Excadrillings has 90 seconds left.
|
|t:|1743866245
|switch|p1a: Rotom|Rotom-Heat|100/100
|switch|p2a: Silent Hill|Garganacl, M|57/100
|-damage|p2a: Silent Hill|45/100|[from] Stealth Rock
|
|upkeep
|turn|23
|
|t:|1743866254
|move|p1a: Rotom|Volt Switch|p2a: Silent Hill
|-damage|p2a: Silent Hill|23/100
|
|t:|1743866259
|switch|p1a: Blissey|Blissey, F|23/100|[from] Volt Switch
|move|p2a: Silent Hill|Recover|p2a: Silent Hill
|-heal|p2a: Silent Hill|73/100
|
|upkeep
|turn|24
|inactive|Excadrillings has 90 seconds left.
|inactive|Excadrillings has 60 seconds left.
|
|t:|1743866309
|switch|p2a: Atlas|Ting-Lu|90/100
|-damage|p2a: Atlas|84/100|[from] Stealth Rock
|-ability|p2a: Atlas|Vessel of Ruin
|move|p1a: Blissey|Soft-Boiled|p1a: Blissey
|-heal|p1a: Blissey|73/100
|
|-heal|p2a: Atlas|90/100|[from] item: Leftovers
|upkeep
|turn|25
|
|t:|1743866326
|switch|p1a: Rotom|Rotom-Heat|100/100
|move|p2a: Atlas|Spikes|p1a: Rotom
|-sidestart|p1: mio3777|Spikes
|
|-heal|p2a: Atlas|97/100|[from] item: Leftovers
|upkeep
|turn|26
|inactive|Excadrillings has 60 seconds left.
|
|t:|1743866343
|move|p1a: Rotom|Trick|p2a: Atlas
|-activate|p1a: Rotom|move: Trick|[of] p2a: Atlas
|-item|p2a: Atlas|Choice Scarf|[from] move: Trick
|-item|p1a: Rotom|Leftovers|[from] move: Trick
|move|p2a: Atlas|Spikes|p1a: Rotom
|-sidestart|p1: mio3777|Spikes
|
|upkeep
|turn|27
|
|t:|1743866357
|switch|p2a: Silent Hill|Garganacl, M|73/100
|-damage|p2a: Silent Hill|60/100|[from] Stealth Rock
|move|p1a: Rotom|Overheat|p2a: Silent Hill
|-resisted|p2a: Silent Hill
|-damage|p2a: Silent Hill|40/100
|-unboost|p1a: Rotom|spa|2
|
|upkeep
|turn|28
|
|t:|1743866375
|switch|p1a: Hoopa|Hoopa-Unbound|100/100
|-damage|p1a: Hoopa|76/100|[from] Spikes
|move|p2a: Silent Hill|Stealth Rock|p1a: Hoopa
|-sidestart|p1: mio3777|move: Stealth Rock
|
|upkeep
|turn|29
|
|t:|1743866387
|switch|p2a: Atlas|Ting-Lu|97/100
|-damage|p2a: Atlas|90/100|[from] Stealth Rock
|-ability|p2a: Atlas|Vessel of Ruin
|move|p1a: Hoopa|Hyperspace Fury|p2a: Atlas
|-resisted|p2a: Atlas
|-damage|p2a: Atlas|72/100
|-unboost|p1a: Hoopa|def|1
|
|upkeep
|turn|30
|
|t:|1743866400
|switch|p1a: Rotom|Rotom-Heat|100/100
|-damage|p1a: Rotom|76/100|[from] Stealth Rock
|move|p2a: Atlas|Whirlwind|p1a: Rotom
|drag|p1a: Dondozo|Dondozo, F|57/100
|-damage|p1a: Dondozo|32/100|[from] Spikes
|-damage|p1a: Dondozo|19/100|[from] Stealth Rock
|
|upkeep
|turn|31
|-message|mio3777 forfeited.
|
|win|Excadrillings
|raw|mio3777's rating: 1433 &rarr; <strong>1416</strong><br />(-17 for losing)
|raw|Excadrillings's rating: 1480 &rarr; <strong>1497</strong><br />(+17 for winning)
|l|☆mio3777
|player|p1|
|l|☆Excadrillings
|player|p2|
