|j|☆Maurizio79
|j|☆soyjoas
|t:|1743859482
|gametype|singles
|player|p1|Maurizio79|gambler|1210
|player|p2|soyjoas|hilbert|1187
|teamsize|p1|6
|teamsize|p2|6
|gen|9
|tier|[Gen 9] OU
|rated|
|rule|HP Percentage Mod: HP is shown in percentages
|rule|Endless Battle Clause: Forcing endless battles is banned
|rule|Species Clause: Limit one of each Pokémon
|rule|OHKO Clause: OHKO moves are banned
|rule|Evasion Items Clause: Evasion items are banned
|rule|Evasion Moves Clause: Evasion moves are banned
|rule|Sleep Moves Clause: Sleep-inducing moves are banned
|clearpoke
|poke|p1|Lurantis, M|
|poke|p1|Hatterene, F|
|poke|p1|Great Tusk|
|poke|p1|Dragapult, M|
|poke|p1|Kingambit, M|
|poke|p1|Ogerpon-Wellspring, F|
|poke|p2|Serperior, F|
|poke|p2|Excadrill, M|
|poke|p2|Galvantula, F|
|poke|p2|Chandelure, F|
|poke|p2|Conkeldurr, M|
|poke|p2|Hydreigon, M|
|teampreview
|inactive|Battle timer is ON: inactive players will automatically lose when time's up. (requested by Maurizio79)
|
|t:|1743859509
|start
|switch|p1a: Dragapult|Dragapult, M, shiny|100/100
|switch|p2a: Conkeldurr|Conkeldurr, M|100/100
|turn|1
|
|t:|1743859523
|move|p1a: Dragapult|Phantom Force||[still]
|-prepare|p1a: Dragapult|Phantom Force
|move|p2a: Conkeldurr|Ice Punch|p1a: Dragapult|[miss]
|-miss|p2a: Conkeldurr|p1a: Dragapult
|
|upkeep
|turn|2
|
|t:|1743859534
|move|p1a: Dragapult|Phantom Force|p2a: Conkeldurr|[from] lockedmove
|-damage|p2a: Conkeldurr|47/100
|-damage|p1a: Dragapult|91/100|[from] item: Life Orb
|move|p2a: Conkeldurr|Ice Punch|p1a: Dragapult
|-supereffective|p1a: Dragapult
|-damage|p1a: Dragapult|0 fnt
|faint|p1a: Dragapult
|
|upkeep
|
|t:|1743859539
|switch|p1a: Lurantis|Lurantis, M|100/100
|turn|3
|
|t:|1743859550
|-terastallize|p1a: Lurantis|Fighting
|move|p2a: Conkeldurr|Mach Punch|p1a: Lurantis
|-damage|p1a: Lurantis|71/100
|move|p1a: Lurantis|Superpower|p2a: Conkeldurr
|-damage|p2a: Conkeldurr|9/100
|-boost|p1a: Lurantis|atk|1
|-boost|p1a: Lurantis|def|1
|
|-heal|p1a: Lurantis|77/100|[from] item: Leftovers
|upkeep
|turn|4
|
|t:|1743859559
|move|p2a: Conkeldurr|Mach Punch|p1a: Lurantis
|-damage|p1a: Lurantis|55/100
|move|p1a: Lurantis|Superpower|p2a: Conkeldurr
|-damage|p2a: Conkeldurr|0 fnt
|-boost|p1a: Lurantis|atk|1
|-boost|p1a: Lurantis|def|1
|faint|p2a: Conkeldurr
|
|-heal|p1a: Lurantis|61/100|[from] item: Leftovers
|upkeep
|
|t:|1743859573
|switch|p2a: Chandelure|Chandelure, F|100/100
|turn|5
|
|t:|1743859578
|move|p2a: Chandelure|Fire Blast|p1a: Lurantis
|-damage|p1a: Lurantis|6/100
|move|p1a: Lurantis|Synthesis|p1a: Lurantis
|-heal|p1a: Lurantis|56/100
|
|-heal|p1a: Lurantis|62/100|[from] item: Leftovers
|upkeep
|turn|6
|
|t:|1743859584
|move|p2a: Chandelure|Fire Blast|p1a: Lurantis
|-damage|p1a: Lurantis|13/100
|move|p1a: Lurantis|Synthesis|p1a: Lurantis
|-heal|p1a: Lurantis|63/100
|
|-heal|p1a: Lurantis|69/100|[from] item: Leftovers
|upkeep
|turn|7
|
|t:|1743859591
|move|p2a: Chandelure|Fire Blast|p1a: Lurantis
|-damage|p1a: Lurantis|17/100
|move|p1a: Lurantis|Leaf Storm|p2a: Chandelure
|-resisted|p2a: Chandelure
|-damage|p2a: Chandelure|75/100
|-boost|p1a: Lurantis|spa|2
|
|-heal|p1a: Lurantis|23/100|[from] item: Leftovers
|upkeep
|turn|8
|
|t:|1743859597
|move|p2a: Chandelure|Fire Blast|p1a: Lurantis
|-damage|p1a: Lurantis|0 fnt
|faint|p1a: Lurantis
|
|upkeep
|
|t:|1743859600
|switch|p1a: Ogerpon|Ogerpon-Wellspring, F|100/100
|turn|9
|
|t:|1743859611
|move|p2a: Chandelure|Fire Blast|p1a: Ogerpon
|-damage|p1a: Ogerpon|13/100
|move|p1a: Ogerpon|Ivy Cudgel|p2a: Chandelure|[anim] Ivy Cudgel Water
|-supereffective|p2a: Chandelure
|-damage|p2a: Chandelure|0 fnt
|faint|p2a: Chandelure
|
|upkeep
|
|t:|1743859619
|switch|p2a: Serperior|Serperior, F, shiny|100/100
|turn|10
|
|t:|1743859635
|move|p1a: Ogerpon|Spiky Shield|p1a: Ogerpon
|-singleturn|p1a: Ogerpon|move: Protect
|move|p2a: Serperior|Leaf Storm|p1a: Ogerpon
|-activate|p1a: Ogerpon|move: Protect
|
|upkeep
|turn|11
|
|t:|1743859647
|move|p2a: Serperior|Leaf Storm|p1a: Ogerpon
|-damage|p1a: Ogerpon|0 fnt
|-boost|p2a: Serperior|spa|2
|faint|p1a: Ogerpon
|
|upkeep
|
|t:|1743859649
|switch|p1a: Kingambit|Kingambit, M, shiny|100/100
|-activate|p1a: Kingambit|ability: Supreme Overlord
|-start|p1a: Kingambit|fallen3|[silent]
|turn|12
|
|t:|1743859658
|move|p2a: Serperior|Glare|p1a: Kingambit
|-status|p1a: Kingambit|par
|move|p1a: Kingambit|Poison Jab|p2a: Serperior
|-supereffective|p2a: Serperior
|-crit|p2a: Serperior
|-enditem|p2a: Serperior|Focus Sash
|-damage|p2a: Serperior|1/100
|-damage|p1a: Kingambit|91/100 par|[from] item: Life Orb
|
|upkeep
|turn|13
|
|t:|1743859666
|cant|p1a: Kingambit|par
|move|p2a: Serperior|Synthesis|p2a: Serperior
|-heal|p2a: Serperior|51/100
|
|upkeep
|turn|14
|
|t:|1743859671
|move|p2a: Serperior|Synthesis|p2a: Serperior
|-heal|p2a: Serperior|100/100
|move|p1a: Kingambit|Poison Jab|p2a: Serperior
|-supereffective|p2a: Serperior
|-damage|p2a: Serperior|0 fnt
|faint|p2a: Serperior
|-damage|p1a: Kingambit|81/100 par|[from] item: Life Orb
|
|upkeep
|
|t:|1743859681
|switch|p2a: Hydreigon|Hydreigon, M, shiny|100/100
|turn|15
|
|t:|1743859695
|-end|p1a: Kingambit|fallen3|[silent]
|switch|p1a: Hatterene|Hatterene, F|100/100
|-terastallize|p2a: Hydreigon|Steel
|move|p2a: Hydreigon|Nasty Plot|p2a: Hydreigon
|-boost|p2a: Hydreigon|spa|2
|
|upkeep
|turn|16
|
|t:|1743859704
|move|p2a: Hydreigon|Fire Blast|p1a: Hatterene
|-damage|p1a: Hatterene|0 fnt
|faint|p1a: Hatterene
|-damage|p2a: Hydreigon|91/100|[from] item: Life Orb
|
|upkeep
|
|t:|1743859708
|switch|p1a: Great Tusk|Great Tusk, shiny|100/100
|-enditem|p1a: Great Tusk|Booster Energy
|-activate|p1a: Great Tusk|ability: Protosynthesis|[fromitem]
|-start|p1a: Great Tusk|protosynthesisspe
|turn|17
|
|t:|1743859716
|switch|p2a: Galvantula|Galvantula, F|100/100
|move|p1a: Great Tusk|Headlong Rush|p2a: Galvantula
|-damage|p2a: Galvantula|12/100
|-unboost|p1a: Great Tusk|def|1
|-unboost|p1a: Great Tusk|spd|1
|
|upkeep
|turn|18
|
|t:|1743859728
|move|p1a: Great Tusk|Heavy Slam|p2a: Galvantula
|-resisted|p2a: Galvantula
|-damage|p2a: Galvantula|0 fnt
|faint|p2a: Galvantula
|
|upkeep
|
|t:|1743859732
|switch|p2a: Hydreigon|Hydreigon, M, shiny, tera:Steel|91/100
|turn|19
|
|t:|1743859751
|move|p1a: Great Tusk|Headlong Rush|p2a: Hydreigon
|-immune|p2a: Hydreigon|[from] ability: Levitate
|move|p2a: Hydreigon|Fire Blast|p1a: Great Tusk
|-damage|p1a: Great Tusk|8/100
|-damage|p2a: Hydreigon|81/100|[from] item: Life Orb
|
|upkeep
|turn|20
|
|t:|1743859764
|move|p1a: Great Tusk|Body Press|p2a: Hydreigon
|-supereffective|p2a: Hydreigon
|-crit|p2a: Hydreigon
|-damage|p2a: Hydreigon|0 fnt
|faint|p2a: Hydreigon
|
|upkeep
|
|t:|1743859767
|switch|p2a: Excadrill|Excadrill, M|100/100
|-ability|p2a: Excadrill|Mold Breaker
|turn|21
|
|t:|1743859773
|move|p1a: Great Tusk|Body Press|p2a: Excadrill
|-supereffective|p2a: Excadrill
|-damage|p2a: Excadrill|38/100
|move|p2a: Excadrill|Earthquake|p1a: Great Tusk
|-damage|p1a: Great Tusk|0 fnt
|faint|p1a: Great Tusk
|-end|p1a: Great Tusk|Protosynthesis|[silent]
|
|upkeep
|
|t:|1743859777
|switch|p1a: Kingambit|Kingambit, M, shiny|81/100 par
|-activate|p1a: Kingambit|ability: Supreme Overlord
|-start|p1a: Kingambit|fallen5|[silent]
|turn|22
|
|t:|1743859782
|move|p1a: Kingambit|Sucker Punch|p2a: Excadrill
|-damage|p2a: Excadrill|0 fnt
|faint|p2a: Excadrill
|-damage|p1a: Kingambit|71/100 par|[from] item: Life Orb
|
|win|Maurizio79
|raw|Maurizio79's rating: 1210 &rarr; <strong>1233</strong><br />(+23 for winning)
|raw|soyjoas's rating: 1187 &rarr; <strong>1164</strong><br />(-23 for losing)
|l|☆soyjoas
|player|p2|
|l|☆Maurizio79
|player|p1|
