|j|☆1against1
|j|☆turborotom2000
|t:|1743887071
|gametype|singles
|player|p1|1against1|red-lgpe|1126
|player|p2|turborotom2000|clerkf|1117
|teamsize|p1|6
|teamsize|p2|6
|gen|9
|tier|[Gen 9] OU
|rated|
|rule|HP Percentage Mod: HP is shown in percentages
|rule|Endless Battle Clause: Forcing endless battles is banned
|rule|Species Clause: Limit one of each Pokémon
|rule|OHKO Clause: OHKO moves are banned
|rule|Evasion Items Clause: Evasion items are banned
|rule|Evasion Moves Clause: Evasion moves are banned
|rule|Sleep Moves Clause: Sleep-inducing moves are banned
|clearpoke
|poke|p1|Feraligatr, M|
|poke|p1|Weavile, M|
|poke|p1|Chandelure, F|
|poke|p1|Sableye, F|
|poke|p1|Mandibuzz, F|
|poke|p1|Jolteon, M|
|poke|p2|Cresselia, F|
|poke|p2|Ribombee, F|
|poke|p2|Rotom-Wash|
|poke|p2|Gastrodon-East, F|
|poke|p2|Chandelure, M|
|poke|p2|Glaceon, F|
|teampreview
|
|t:|1743887089
|start
|switch|p1a: Sableye|Sableye, F, shiny|100/100
|switch|p2a: Rotom|Rotom-Wash|100/100
|turn|1
|
|t:|1743887123
|switch|p1a: Jolteon|Jolteon, M, shiny|100/100
|move|p2a: Rotom|Discharge|p1a: Jolteon
|-immune|p1a: Jolteon|[from] ability: Volt Absorb
|
|upkeep
|turn|2
|
|t:|1743887134
|switch|p2a: Gastrodon|Gastrodon-East, F|100/100
|-item|p2a: Gastrodon|Air Balloon
|move|p1a: Jolteon|Shadow Ball|p2a: Gastrodon
|-damage|p2a: Gastrodon|83/100
|-enditem|p2a: Gastrodon|Air Balloon
|
|upkeep
|turn|3
|
|t:|1743887141
|switch|p1a: Mandibuzz|Mandibuzz, F, shiny|100/100
|move|p2a: Gastrodon|Earthquake|p1a: Mandibuzz
|-immune|p1a: Mandibuzz
|
|upkeep
|turn|4
|
|t:|1743887154
|move|p1a: Mandibuzz|Toxic|p2a: Gastrodon
|-status|p2a: Gastrodon|tox
|move|p2a: Gastrodon|Liquidation|p1a: Mandibuzz
|-damage|p1a: Mandibuzz|86/100
|-unboost|p1a: Mandibuzz|def|1
|-damage|p2a: Gastrodon|66/100 tox|[from] item: Rocky Helmet|[of] p1a: Mandibuzz
|
|-damage|p2a: Gastrodon|60/100 tox|[from] psn
|upkeep
|turn|5
|
|t:|1743887171
|move|p1a: Mandibuzz|Foul Play|p2a: Gastrodon
|-damage|p2a: Gastrodon|27/100 tox
|move|p2a: Gastrodon|Recover|p2a: Gastrodon
|-heal|p2a: Gastrodon|77/100 tox
|
|-damage|p2a: Gastrodon|65/100 tox|[from] psn
|upkeep
|turn|6
|
|t:|1743887187
|switch|p2a: Rotom|Rotom-Wash|100/100
|move|p1a: Mandibuzz|Foul Play|p2a: Rotom
|-damage|p2a: Rotom|78/100
|
|-heal|p2a: Rotom|84/100|[from] item: Leftovers
|upkeep
|turn|7
|
|t:|1743887221
|switch|p1a: Jolteon|Jolteon, M, shiny|100/100
|move|p2a: Rotom|Discharge|p1a: Jolteon
|-immune|p1a: Jolteon|[from] ability: Volt Absorb
|
|-heal|p2a: Rotom|91/100|[from] item: Leftovers
|upkeep
|turn|8
|
|t:|1743887238
|move|p1a: Jolteon|Shadow Ball|p2a: Rotom
|-damage|p2a: Rotom|55/100
|move|p2a: Rotom|Hydro Pump|p1a: Jolteon
|-damage|p1a: Jolteon|57/100
|
|-heal|p2a: Rotom|61/100|[from] item: Leftovers
|upkeep
|turn|9
|
|t:|1743887265
|move|p1a: Jolteon|Shadow Ball|p2a: Rotom
|-damage|p2a: Rotom|29/100
|-unboost|p2a: Rotom|spd|1
|move|p2a: Rotom|Hydro Pump|p1a: Jolteon
|-damage|p1a: Jolteon|17/100
|
|-heal|p2a: Rotom|35/100|[from] item: Leftovers
|upkeep
|turn|10
|
|t:|1743887285
|move|p1a: Jolteon|Volt Switch|p2a: Rotom
|-damage|p2a: Rotom|0 fnt
|faint|p2a: Rotom
|
|t:|1743887290
|switch|p1a: Mandibuzz|Mandibuzz, F, shiny|86/100|[from] Volt Switch
|
|upkeep
|
|t:|1743887296
|switch|p2a: Glaceon|Glaceon, F|100/100
|turn|11
|inactive|Battle timer is ON: inactive players will automatically lose when time's up. (requested by turborotom2000)
|
|t:|1743887312
|move|p1a: Mandibuzz|Toxic|p2a: Glaceon
|-status|p2a: Glaceon|tox
|move|p2a: Glaceon|Ice Beam|p1a: Mandibuzz
|-supereffective|p1a: Mandibuzz
|-damage|p1a: Mandibuzz|0 fnt
|faint|p1a: Mandibuzz
|
|-damage|p2a: Glaceon|95/100 tox|[from] psn
|upkeep
|
|t:|1743887319
|switch|p1a: Weavile|Weavile, M, shiny|100/100
|turn|12
|
|t:|1743887331
|move|p1a: Weavile|Fake Out|p2a: Glaceon
|-damage|p2a: Glaceon|81/100 tox
|cant|p2a: Glaceon|flinch
|
|-damage|p2a: Glaceon|69/100 tox|[from] psn
|upkeep
|turn|13
|
|t:|1743887345
|switch|p1a: Sableye|Sableye, F, shiny|100/100
|move|p2a: Glaceon|Ice Beam|p1a: Sableye
|-damage|p1a: Sableye|43/100
|-status|p1a: Sableye|frz
|
|-heal|p1a: Sableye|49/100 frz|[from] item: Leftovers
|-damage|p2a: Glaceon|51/100 tox|[from] psn
|upkeep
|turn|14
|
|t:|1743887356
|cant|p1a: Sableye|frz
|move|p2a: Glaceon|Ice Beam|p1a: Sableye
|-damage|p1a: Sableye|0 fnt
|faint|p1a: Sableye
|
|-damage|p2a: Glaceon|27/100 tox|[from] psn
|upkeep
|
|t:|1743887363
|switch|p1a: Jolteon|Jolteon, M, shiny|17/100
|turn|15
|
|t:|1743887367
|move|p1a: Jolteon|Discharge|p2a: Glaceon
|-damage|p2a: Glaceon|0 fnt
|faint|p2a: Glaceon
|
|upkeep
|
|t:|1743887382
|switch|p2a: Ribombee|Ribombee, F|100/100
|turn|16
|inactive|1against1 has 120 seconds left.
|
|t:|1743887417
|move|p1a: Jolteon|Discharge|p2a: Ribombee
|-damage|p2a: Ribombee|47/100
|-status|p2a: Ribombee|par
|cant|p2a: Ribombee|par
|
|upkeep
|turn|17
|
|t:|1743887424
|move|p1a: Jolteon|Discharge|p2a: Ribombee
|-damage|p2a: Ribombee|0 fnt
|faint|p2a: Ribombee
|
|upkeep
|
|t:|1743887427
|switch|p2a: Cresselia|Cresselia, F|100/100
|turn|18
|
|t:|1743887435
|-terastallize|p2a: Cresselia|Fairy
|move|p1a: Jolteon|Shadow Ball|p2a: Cresselia
|-damage|p2a: Cresselia|87/100
|move|p2a: Cresselia|Calm Mind|p2a: Cresselia
|-boost|p2a: Cresselia|spa|1
|-boost|p2a: Cresselia|spd|1
|
|-heal|p2a: Cresselia|93/100|[from] item: Leftovers
|upkeep
|turn|19
|
|t:|1743887445
|move|p1a: Jolteon|Shadow Ball|p2a: Cresselia
|-damage|p2a: Cresselia|84/100
|move|p2a: Cresselia|Psychic|p1a: Jolteon
|-damage|p1a: Jolteon|0 fnt
|faint|p1a: Jolteon
|
|-heal|p2a: Cresselia|90/100|[from] item: Leftovers
|upkeep
|
|t:|1743887453
|switch|p1a: Weavile|Weavile, M, shiny|100/100
|turn|20
|
|t:|1743887461
|move|p1a: Weavile|Fake Out|p2a: Cresselia
|-damage|p2a: Cresselia|81/100
|cant|p2a: Cresselia|flinch
|
|-heal|p2a: Cresselia|87/100|[from] item: Leftovers
|upkeep
|turn|21
|
|t:|1743887467
|move|p1a: Weavile|Knock Off|p2a: Cresselia
|-resisted|p2a: Cresselia
|-damage|p2a: Cresselia|70/100
|-enditem|p2a: Cresselia|Leftovers|[from] move: Knock Off|[of] p1a: Weavile
|move|p2a: Cresselia|Moonblast|p1a: Weavile
|-supereffective|p1a: Weavile
|-damage|p1a: Weavile|0 fnt
|faint|p1a: Weavile
|
|upkeep
|
|t:|1743887475
|switch|p1a: Feraligatr|Feraligatr, M, shiny|100/100
|turn|22
|
|t:|1743887480
|move|p1a: Feraligatr|Dragon Dance|p1a: Feraligatr
|-boost|p1a: Feraligatr|atk|1
|-boost|p1a: Feraligatr|spe|1
|move|p2a: Cresselia|Psychic|p1a: Feraligatr
|-damage|p1a: Feraligatr|40/100
|
|upkeep
|turn|23
|
|t:|1743887486
|move|p1a: Feraligatr|Ice Punch|p2a: Cresselia
|-damage|p2a: Cresselia|25/100
|move|p2a: Cresselia|Psychic|p1a: Feraligatr
|-damage|p1a: Feraligatr|0 fnt
|faint|p1a: Feraligatr
|
|upkeep
|
|t:|1743887492
|switch|p1a: Chandelure|Chandelure, F, shiny|100/100
|turn|24
|
|t:|1743887502
|move|p1a: Chandelure|Shadow Ball|p2a: Cresselia
|-damage|p2a: Cresselia|1/100
|move|p2a: Cresselia|Psychic|p1a: Chandelure
|-damage|p1a: Chandelure|40/100
|
|upkeep
|turn|25
|
|t:|1743887511
|move|p1a: Chandelure|Shadow Ball|p2a: Cresselia
|-damage|p2a: Cresselia|0 fnt
|faint|p2a: Cresselia
|
|upkeep
|
|t:|1743887518
|switch|p2a: Gastrodon|Gastrodon-East, F|65/100 tox
|turn|26
|
|t:|1743887535
|move|p1a: Chandelure|Shadow Ball|p2a: Gastrodon
|-damage|p2a: Gastrodon|17/100 tox
|move|p2a: Gastrodon|Earthquake|p1a: Chandelure
|-supereffective|p1a: Chandelure
|-damage|p1a: Chandelure|0 fnt
|faint|p1a: Chandelure
|
|win|turborotom2000
|raw|1against1's rating: 1126 &rarr; <strong>1100</strong><br />(-26 for losing)
|raw|turborotom2000's rating: 1117 &rarr; <strong>1143</strong><br />(+26 for winning)
|l|☆1against1
|player|p1|
|l|☆turborotom2000
|player|p2|
|j|☆turborotom2000
|player|p2|turborotom2000|clerkf|
