|j|☆MREUhjrwuje
|j|☆mysticaisand
|t:|1743807370
|gametype|singles
|player|p1|MREUhjrwuje|102|1339
|player|p2|mysticaisand|clair|1393
|teamsize|p1|6
|teamsize|p2|6
|gen|9
|tier|[Gen 9] OU
|rated|
|rule|HP Percentage Mod: HP is shown in percentages
|rule|Endless Battle Clause: Forcing endless battles is banned
|rule|Species Clause: Limit one of each Pokémon
|rule|OHKO Clause: OHKO moves are banned
|rule|Evasion Items Clause: Evasion items are banned
|rule|Evasion Moves Clause: Evasion moves are banned
|rule|Sleep Moves Clause: Sleep-inducing moves are banned
|clearpoke
|poke|p1|Gloom, F|
|poke|p1|Clefable, F|
|poke|p1|Haxorus, M|
|poke|p1|Blaziken, M|
|poke|p1|Sandy Shocks|
|poke|p1|Ninetales, F|
|poke|p2|Samurott-Hisui, F|
|poke|p2|Gholdengo|
|poke|p2|Kingambit, M|
|poke|p2|Slowking-Galar, M|
|poke|p2|Garchomp, M|
|poke|p2|Serperior, F|
|teampreview
|inactive|Battle timer is ON: inactive players will automatically lose when time's up. (requested by MREUhjrwuje)
|
|t:|1743807377
|start
|switch|p1a: Haxorus|Haxorus, M|100/100
|switch|p2a: Samurott|Samurott-Hisui, F|100/100
|-ability|p1a: Haxorus|Mold Breaker
|turn|1
|
|t:|1743807380
|move|p1a: Haxorus|Swords Dance|p1a: Haxorus
|-boost|p1a: Haxorus|atk|2
|move|p2a: Samurott|Ceaseless Edge|p1a: Haxorus
|-damage|p1a: Haxorus|46/100
|-sidestart|p1: MREUhjrwuje|Spikes
|
|upkeep
|turn|2
|
|t:|1743807383
|move|p1a: Haxorus|Scale Shot|p2a: Samurott
|-damage|p2a: Samurott|66/100
|-damage|p2a: Samurott|27/100
|-damage|p2a: Samurott|0 fnt
|faint|p2a: Samurott
|-hitcount|p2: Samurott|3
|-unboost|p1a: Haxorus|def|1
|-boost|p1a: Haxorus|spe|1
|
|upkeep
|
|t:|1743807390
|switch|p2a: Gholdengo|Gholdengo|100/100
|turn|3
|
|t:|1743807393
|move|p1a: Haxorus|Crunch|p2a: Gholdengo
|-supereffective|p2a: Gholdengo
|-damage|p2a: Gholdengo|0 fnt
|faint|p2a: Gholdengo
|
|upkeep
|
|t:|1743807398
|switch|p2a: Kingambit|Kingambit, M|100/100
|-activate|p2a: Kingambit|ability: Supreme Overlord
|-start|p2a: Kingambit|fallen2|[silent]
|turn|4
|
|t:|1743807402
|move|p2a: Kingambit|Sucker Punch||[still]
|-fail|p2a: Kingambit
|move|p1a: Haxorus|Swords Dance|p1a: Haxorus
|-boost|p1a: Haxorus|atk|2
|
|upkeep
|turn|5
|
|t:|1743807406
|move|p2a: Kingambit|Sucker Punch||[still]
|-fail|p2a: Kingambit
|move|p1a: Haxorus|Swords Dance|p1a: Haxorus
|-boost|p1a: Haxorus|atk|2
|
|upkeep
|turn|6
|
|t:|1743807408
|move|p2a: Kingambit|Sucker Punch||[still]
|-fail|p2a: Kingambit
|move|p1a: Haxorus|Swords Dance|p1a: Haxorus
|-boost|p1a: Haxorus|atk|0
|
|upkeep
|turn|7
|
|t:|1743807410
|move|p2a: Kingambit|Sucker Punch||[still]
|-fail|p2a: Kingambit
|move|p1a: Haxorus|Swords Dance|p1a: Haxorus
|-boost|p1a: Haxorus|atk|0
|
|upkeep
|turn|8
|
|t:|1743807413
|move|p2a: Kingambit|Sucker Punch|p1a: Haxorus
|-damage|p1a: Haxorus|0 fnt
|faint|p1a: Haxorus
|
|upkeep
|
|t:|1743807416
|switch|p1a: ☺|Blaziken, M|100/100
|-item|p1a: ☺|Air Balloon
|turn|9
|
|t:|1743807420
|-end|p2a: Kingambit|fallen2|[silent]
|switch|p2a: Garchomp|Garchomp, M|100/100
|move|p1a: ☺|Swords Dance|p1a: ☺
|-boost|p1a: ☺|atk|2
|
|-ability|p1a: ☺|Speed Boost|boost
|-boost|p1a: ☺|spe|1
|upkeep
|turn|10
|
|t:|1743807424
|move|p1a: ☺|Close Combat|p2a: Garchomp
|-damage|p2a: Garchomp|21/100
|-unboost|p1a: ☺|def|1
|-unboost|p1a: ☺|spd|1
|-damage|p1a: ☺|88/100|[from] ability: Rough Skin|[of] p2a: Garchomp
|-damage|p1a: ☺|72/100|[from] item: Rocky Helmet|[of] p2a: Garchomp
|move|p2a: Garchomp|Dragon Tail|p1a: ☺
|-damage|p1a: ☺|7/100
|-enditem|p1a: ☺|Air Balloon
|drag|p1a: S.S. Shocks|Sandy Shocks|100/100
|
|upkeep
|turn|11
|
|t:|1743807436
|move|p1a: S.S. Shocks|Tera Blast|p2a: Garchomp
|-damage|p2a: Garchomp|0 fnt
|faint|p2a: Garchomp
|
|upkeep
|
|t:|1743807443
|switch|p2a: Kingambit|Kingambit, M|100/100
|-activate|p2a: Kingambit|ability: Supreme Overlord
|-start|p2a: Kingambit|fallen3|[silent]
|turn|12
|
|t:|1743807445
|move|p1a: S.S. Shocks|Earth Power|p2a: Kingambit
|-supereffective|p2a: Kingambit
|-damage|p2a: Kingambit|8/100
|-unboost|p2a: Kingambit|spd|1
|move|p2a: Kingambit|Kowtow Cleave|p1a: S.S. Shocks
|-damage|p1a: S.S. Shocks|0 fnt
|faint|p1a: S.S. Shocks
|-end|p1a: S.S. Shocks|Protosynthesis|[silent]
|
|upkeep
|
|t:|1743807452
|switch|p1a: Just Add Fire!|Ninetales, F|100/100
|-damage|p1a: Just Add Fire!|88/100|[from] Spikes
|-weather|SunnyDay|[from] ability: Drought|[of] p1a: Just Add Fire!
|turn|13
|
|t:|1743807456
|-end|p2a: Kingambit|fallen3|[silent]
|switch|p2a: Slowking|Slowking-Galar, M|100/100
|move|p1a: Just Add Fire!|Weather Ball|p2a: Slowking
|-damage|p2a: Slowking|80/100
|
|-weather|SunnyDay|[upkeep]
|upkeep
|turn|14
|
|t:|1743807461
|move|p1a: Just Add Fire!|Healing Wish|p1a: Just Add Fire!
|faint|p1a: Just Add Fire!
|move|p2a: Slowking|Sludge Bomb|p1: Just Add Fire!|[notarget]
|-fail|p2a: Slowking
|
|-weather|SunnyDay|[upkeep]
|upkeep
|
|t:|1743807464
|switch|p1a: ☺|Blaziken, M|7/100
|-heal|p1a: ☺|100/100|[from] move: Healing Wish
|-damage|p1a: ☺|88/100|[from] Spikes
|turn|15
|
|t:|1743807467
|move|p1a: ☺|Flare Blitz|p2a: Slowking
|-damage|p2a: Slowking|0 fnt
|faint|p2a: Slowking
|-damage|p1a: ☺|54/100|[from] Recoil
|
|-weather|SunnyDay|[upkeep]
|-ability|p1a: ☺|Speed Boost|boost
|-boost|p1a: ☺|spe|1
|upkeep
|
|t:|1743807472
|switch|p2a: Kingambit|Kingambit, M|8/100
|-activate|p2a: Kingambit|ability: Supreme Overlord
|-start|p2a: Kingambit|fallen4|[silent]
|turn|16
|
|t:|1743807475
|move|p1a: ☺|Close Combat|p2a: Kingambit
|-supereffective|p2a: Kingambit
|-damage|p2a: Kingambit|0 fnt
|-unboost|p1a: ☺|def|1
|-unboost|p1a: ☺|spd|1
|faint|p2a: Kingambit
|-end|p2a: Kingambit|fallen4|[silent]
|
|-weather|SunnyDay|[upkeep]
|-ability|p1a: ☺|Speed Boost|boost
|-boost|p1a: ☺|spe|1
|upkeep
|-message|mysticaisand forfeited.
|
|win|MREUhjrwuje
|raw|MREUhjrwuje's rating: 1339 &rarr; <strong>1362</strong><br />(+23 for winning)
|raw|mysticaisand's rating: 1393 &rarr; <strong>1370</strong><br />(-23 for losing)
|l|☆mysticaisand
|player|p2|
