|j|‽itspaoloooo
|j|‽Koolkidss
|t:|1743826224
|gametype|singles
|player|p1|itspaoloooo|lucas|1078
|player|p2|Koolkidss|102|1079
|teamsize|p1|6
|teamsize|p2|6
|gen|9
|tier|[Gen 9] OU
|rated|
|rule|HP Percentage Mod: HP is shown in percentages
|rule|Endless Battle Clause: Forcing endless battles is banned
|rule|Species Clause: Limit one of each Pokémon
|rule|OHKO Clause: OHKO moves are banned
|rule|Evasion Items Clause: Evasion items are banned
|rule|Evasion Moves Clause: Evasion moves are banned
|rule|Sleep Moves Clause: Sleep-inducing moves are banned
|clearpoke
|poke|p1|Malamar, M|
|poke|p1|Torkoal, M|
|poke|p1|Leafeon, M|
|poke|p1|Metagross|
|poke|p1|Venomoth, M|
|poke|p1|Slowbro-Galar, M|
|poke|p2|Torkoal, M|
|poke|p2|Raging Bolt|
|poke|p2|Venusaur, M|
|poke|p2|Alomomola, M|
|poke|p2|Great Tusk|
|poke|p2|Heatran, M|
|teampreview
|inactive|Battle timer is ON: inactive players will automatically lose when time's up. (requested by itspaoloooo)
|
|t:|1743826251
|start
|switch|p1a: Malamar|Malamar, M|100/100
|switch|p2a: Great Tusk|Great Tusk|100/100
|turn|1
|
|t:|1743826258
|move|p2a: Great Tusk|Knock Off|p1a: Malamar
|-damage|p1a: Malamar|68/100
|-enditem|p1a: Malamar|Leftovers|[from] move: Knock Off|[of] p2a: Great Tusk
|move|p1a: Malamar|Acupressure|p1a: Malamar
|-boost|p1a: Malamar|accuracy|2
|
|upkeep
|turn|2
|
|t:|1743826271
|move|p2a: Great Tusk|Earthquake|p1a: Malamar
|-damage|p1a: Malamar|15/100
|move|p1a: Malamar|Acupressure|p1a: Malamar
|-boost|p1a: Malamar|accuracy|2
|
|upkeep
|turn|3
|
|t:|1743826278
|move|p2a: Great Tusk|Rapid Spin|p1a: Malamar
|-damage|p1a: Malamar|0 fnt
|-boost|p2a: Great Tusk|spe|1
|faint|p1a: Malamar
|
|upkeep
|
|t:|1743826283
|switch|p1a: Torkoal|Torkoal, M|100/100
|-weather|SunnyDay|[from] ability: Drought|[of] p1a: Torkoal
|-activate|p2a: Great Tusk|ability: Protosynthesis
|-start|p2a: Great Tusk|protosynthesisatk
|turn|4
|
|t:|1743826289
|move|p2a: Great Tusk|Knock Off|p1a: Torkoal
|-damage|p1a: Torkoal|72/100
|-enditem|p1a: Torkoal|Eject Pack|[from] move: Knock Off|[of] p2a: Great Tusk
|move|p1a: Torkoal|Shell Smash|p1a: Torkoal
|-unboost|p1a: Torkoal|def|1
|-unboost|p1a: Torkoal|spd|1
|-boost|p1a: Torkoal|atk|2
|-boost|p1a: Torkoal|spa|2
|-boost|p1a: Torkoal|spe|2
|
|-weather|SunnyDay|[upkeep]
|upkeep
|turn|5
|
|t:|1743826301
|move|p2a: Great Tusk|Earthquake|p1a: Torkoal
|-supereffective|p1a: Torkoal
|-crit|p1a: Torkoal
|-damage|p1a: Torkoal|0 fnt
|faint|p1a: Torkoal
|
|-weather|SunnyDay|[upkeep]
|upkeep
|
|t:|1743826306
|switch|p1a: Leafeon|Leafeon, M|100/100
|turn|6
|
|t:|1743826312
|-terastallize|p2a: Great Tusk|Fire
|move|p1a: Leafeon|Leaf Blade|p2a: Great Tusk
|-resisted|p2a: Great Tusk
|-damage|p2a: Great Tusk|83/100
|move|p2a: Great Tusk|Ice Spinner|p1a: Leafeon
|-supereffective|p1a: Leafeon
|-damage|p1a: Leafeon|16/100
|
|-weather|SunnyDay|[upkeep]
|upkeep
|turn|7
|
|t:|1743826325
|move|p1a: Leafeon|Knock Off|p2a: Great Tusk
|-damage|p2a: Great Tusk|60/100
|-enditem|p2a: Great Tusk|Assault Vest|[from] move: Knock Off|[of] p1a: Leafeon
|move|p2a: Great Tusk|Rapid Spin|p1a: Leafeon
|-damage|p1a: Leafeon|0 fnt
|-boost|p2a: Great Tusk|spe|1
|faint|p1a: Leafeon
|
|-weather|SunnyDay|[upkeep]
|upkeep
|
|t:|1743826334
|switch|p1a: Venomoth|Venomoth, M, shiny|100/100
|turn|8
|
|t:|1743826345
|move|p2a: Great Tusk|Earthquake|p1a: Venomoth
|-damage|p1a: Venomoth|0 fnt
|faint|p1a: Venomoth
|
|-weather|none
|-end|p2a: Great Tusk|Protosynthesis
|upkeep
|
|t:|1743826353
|switch|p1a: Slowbro|Slowbro-Galar, M|100/100
|turn|9
|-activate|p1a: Slowbro|ability: Quick Draw
|
|t:|1743826359
|-terastallize|p1a: Slowbro|Water
|move|p1a: Slowbro|Liquidation|p2a: Great Tusk
|-supereffective|p2a: Great Tusk
|-damage|p2a: Great Tusk|2/100
|move|p2a: Great Tusk|Knock Off|p1a: Slowbro
|-damage|p1a: Slowbro|66/100
|-enditem|p1a: Slowbro|Quick Claw|[from] move: Knock Off|[of] p2a: Great Tusk
|
|upkeep
|turn|10
|
|t:|1743826370
|move|p2a: Great Tusk|Earthquake|p1a: Slowbro
|-damage|p1a: Slowbro|19/100
|move|p1a: Slowbro|Liquidation|p2a: Great Tusk
|-supereffective|p2a: Great Tusk
|-damage|p2a: Great Tusk|0 fnt
|faint|p2a: Great Tusk
|-end|p2a: Great Tusk|Protosynthesis|[silent]
|
|upkeep
|-message|itspaoloooo forfeited.
|
|win|Koolkidss
|raw|itspaoloooo's rating: 1078 &rarr; <strong>1056</strong><br />(-22 for losing)
|raw|Koolkidss's rating: 1079 &rarr; <strong>1107</strong><br />(+28 for winning)
|l|‽itspaoloooo
|player|p1|
|l|‽Koolkidss
|player|p2|
