|j|☆Glutkartofel
|j|☆rakeunnoha
|t:|1743880985
|gametype|singles
|player|p1|Glutkartofel|170|1153
|player|p2|rakeunnoha|red|1177
|teamsize|p1|6
|teamsize|p2|6
|gen|9
|tier|[Gen 9] OU
|rated|
|rule|HP Percentage Mod: HP is shown in percentages
|rule|Endless Battle Clause: Forcing endless battles is banned
|rule|Species Clause: Limit one of each Pokémon
|rule|OHKO Clause: OHKO moves are banned
|rule|Evasion Items Clause: Evasion items are banned
|rule|Evasion Moves Clause: Evasion moves are banned
|rule|Sleep Moves Clause: Sleep-inducing moves are banned
|clearpoke
|poke|p1|Whimsicott, F|
|poke|p1|Ninetales, F|
|poke|p1|Iron Moth|
|poke|p1|Walking Wake|
|poke|p1|Great Tusk|
|poke|p1|Comfey, F|
|poke|p2|Torterra, F|
|poke|p2|Cloyster, F|
|poke|p2|Polteageist-Antique|
|poke|p2|Minior-Yellow|
|poke|p2|Blastoise, M|
|poke|p2|Smeargle, F|
|teampreview
|inactive|Battle timer is ON: inactive players will automatically lose when time's up. (requested by rakeunnoha)
|inactive|Glutkartofel also wants the timer to be on.
|
|t:|1743881003
|start
|switch|p1a: Ninetales|Ninetales, F|100/100
|switch|p2a: Polteageist|Polteageist-Antique, shiny|100/100
|-weather|SunnyDay|[from] ability: Drought|[of] p1a: Ninetales
|turn|1
|inactive|Glutkartofel has 120 seconds left.
|
|t:|1743881037
|switch|p1a: Walking Wake|Walking Wake|100/100
|-activate|p1a: Walking Wake|ability: Protosynthesis
|-start|p1a: Walking Wake|protosynthesisspe
|move|p2a: Polteageist|Shell Smash|p2a: Polteageist
|-unboost|p2a: Polteageist|def|1
|-unboost|p2a: Polteageist|spd|1
|-boost|p2a: Polteageist|atk|2
|-boost|p2a: Polteageist|spa|2
|-boost|p2a: Polteageist|spe|2
|-enditem|p2a: Polteageist|White Herb
|-clearnegativeboost|p2a: Polteageist|[silent]
|
|-weather|SunnyDay|[upkeep]
|upkeep
|turn|2
|
|t:|1743881051
|move|p1a: Walking Wake|Knock Off|p2a: Polteageist
|-supereffective|p2a: Polteageist
|-damage|p2a: Polteageist|57/100
|move|p2a: Polteageist|Giga Drain|p1a: Walking Wake
|-damage|p1a: Walking Wake|61/100
|-heal|p2a: Polteageist|87/100|[from] drain|[of] p1a: Walking Wake
|
|-weather|SunnyDay|[upkeep]
|upkeep
|turn|3
|
|t:|1743881059
|move|p1a: Walking Wake|Draco Meteor|p2a: Polteageist
|-damage|p2a: Polteageist|20/100
|-unboost|p1a: Walking Wake|spa|2
|move|p2a: Polteageist|Stored Power|p1a: Walking Wake
|-damage|p1a: Walking Wake|0 fnt
|faint|p1a: Walking Wake
|-end|p1a: Walking Wake|Protosynthesis|[silent]
|
|-weather|SunnyDay|[upkeep]
|upkeep
|
|t:|1743881070
|switch|p1a: Iron Moth|Iron Moth|100/100
|-enditem|p1a: Iron Moth|Booster Energy
|-activate|p1a: Iron Moth|ability: Quark Drive|[fromitem]
|-start|p1a: Iron Moth|quarkdrivespe
|turn|4
|
|t:|1743881078
|move|p1a: Iron Moth|Fiery Dance|p2a: Polteageist
|-damage|p2a: Polteageist|0 fnt
|faint|p2a: Polteageist
|
|-weather|SunnyDay|[upkeep]
|upkeep
|
|t:|1743881087
|switch|p2a: Smeargle|Smeargle, F, shiny|100/100
|turn|5
|
|t:|1743881095
|move|p1a: Iron Moth|Fiery Dance|p2a: Smeargle
|-enditem|p2a: Smeargle|Focus Sash
|-damage|p2a: Smeargle|1/100
|move|p2a: Smeargle|Shell Smash|p2a: Smeargle
|-unboost|p2a: Smeargle|def|1
|-unboost|p2a: Smeargle|spd|1
|-boost|p2a: Smeargle|atk|2
|-boost|p2a: Smeargle|spa|2
|-boost|p2a: Smeargle|spe|2
|
|-weather|SunnyDay|[upkeep]
|upkeep
|turn|6
|
|t:|1743881107
|move|p2a: Smeargle|Extreme Speed|p1a: Iron Moth
|-damage|p1a: Iron Moth|47/100
|move|p1a: Iron Moth|Fiery Dance|p2a: Smeargle
|-damage|p2a: Smeargle|0 fnt
|-boost|p1a: Iron Moth|spa|1
|faint|p2a: Smeargle
|
|-weather|SunnyDay|[upkeep]
|upkeep
|
|t:|1743881115
|switch|p2a: Minior|Minior-Yellow, shiny|100/100
|-formechange|p2a: Minior|Minior-Meteor||[from] ability: Shields Down
|turn|7
|
|t:|1743881121
|move|p1a: Iron Moth|Solar Beam||[still]
|-prepare|p1a: Iron Moth|Solar Beam
|-anim|p1a: Iron Moth|Solar Beam|p2a: Minior
|-crit|p2a: Minior
|-damage|p2a: Minior|0 fnt
|faint|p2a: Minior
|
|-weather|SunnyDay|[upkeep]
|upkeep
|
|t:|1743881130
|switch|p2a: Torterra|Torterra, F, shiny|100/100
|turn|8
|
|t:|1743881136
|move|p1a: Iron Moth|Overheat|p2a: Torterra
|-supereffective|p2a: Torterra
|-damage|p2a: Torterra|0 fnt
|-unboost|p1a: Iron Moth|spa|2
|faint|p2a: Torterra
|
|-weather|none
|upkeep
|
|t:|1743881149
|switch|p2a: Cloyster|Cloyster, F, shiny|100/100
|turn|9
|
|t:|1743881163
|-end|p1a: Iron Moth|Quark Drive|[silent]
|switch|p1a: Ninetales|Ninetales, F|100/100
|-weather|SunnyDay|[from] ability: Drought|[of] p1a: Ninetales
|move|p2a: Cloyster|Shell Smash|p2a: Cloyster
|-unboost|p2a: Cloyster|def|1
|-unboost|p2a: Cloyster|spd|1
|-boost|p2a: Cloyster|atk|2
|-boost|p2a: Cloyster|spa|2
|-boost|p2a: Cloyster|spe|2
|-enditem|p2a: Cloyster|White Herb
|-clearnegativeboost|p2a: Cloyster|[silent]
|
|-weather|SunnyDay|[upkeep]
|upkeep
|turn|10
|
|t:|1743881177
|move|p2a: Cloyster|Waterfall|p1a: Ninetales
|-supereffective|p1a: Ninetales
|-damage|p1a: Ninetales|17/100
|move|p1a: Ninetales|Will-O-Wisp|p2a: Cloyster
|-status|p2a: Cloyster|brn
|
|-weather|SunnyDay|[upkeep]
|-damage|p2a: Cloyster|94/100 brn|[from] brn
|upkeep
|turn|11
|
|t:|1743881187
|move|p2a: Cloyster|Shell Smash|p2a: Cloyster
|-unboost|p2a: Cloyster|def|1
|-unboost|p2a: Cloyster|spd|1
|-boost|p2a: Cloyster|atk|2
|-boost|p2a: Cloyster|spa|2
|-boost|p2a: Cloyster|spe|2
|move|p1a: Ninetales|Healing Wish|p1a: Ninetales
|faint|p1a: Ninetales
|
|-weather|SunnyDay|[upkeep]
|-damage|p2a: Cloyster|88/100 brn|[from] brn
|upkeep
|
|t:|1743881199
|switch|p1a: Whimsicott|Whimsicott, F, shiny|100/100
|turn|12
|
|t:|1743881210
|move|p2a: Cloyster|Icicle Spear|p1a: Whimsicott
|-supereffective|p1a: Whimsicott
|-damage|p1a: Whimsicott|58/100
|-supereffective|p1a: Whimsicott
|-damage|p1a: Whimsicott|13/100
|-supereffective|p1a: Whimsicott
|-damage|p1a: Whimsicott|0 fnt
|faint|p1a: Whimsicott
|-hitcount|p1: Whimsicott|3
|
|-weather|SunnyDay|[upkeep]
|-damage|p2a: Cloyster|82/100 brn|[from] brn
|upkeep
|
|t:|1743881219
|switch|p1a: Comfey|Comfey, F|100/100
|turn|13
|
|t:|1743881232
|-terastallize|p2a: Cloyster|Rock
|-terastallize|p1a: Comfey|Water
|move|p2a: Cloyster|Rock Blast|p1a: Comfey
|-damage|p1a: Comfey|78/100
|-damage|p1a: Comfey|56/100
|-damage|p1a: Comfey|35/100
|-damage|p1a: Comfey|15/100
|-damage|p1a: Comfey|0 fnt
|faint|p1a: Comfey
|-hitcount|p1: Comfey|5
|
|-weather|SunnyDay|[upkeep]
|-damage|p2a: Cloyster|76/100 brn|[from] brn
|upkeep
|-message|Glutkartofel forfeited.
|
|win|rakeunnoha
|raw|Glutkartofel's rating: 1153 &rarr; <strong>1130</strong><br />(-23 for losing)
|raw|rakeunnoha's rating: 1177 &rarr; <strong>1200</strong><br />(+23 for winning)
|l|☆Glutkartofel
|player|p1|
|l|☆rakeunnoha
|player|p2|
