|j|☆IPlayOnAToaster
|j|☆Flawless37
|t:|1743876201
|gametype|singles
|player|p1|IPlayOnAToaster|102|1480
|player|p2|Flawless37|fisherman-gen4|1503
|teamsize|p1|6
|teamsize|p2|6
|gen|9
|tier|[Gen 9] OU
|rated|
|rule|HP Percentage Mod: HP is shown in percentages
|rule|Endless Battle Clause: Forcing endless battles is banned
|rule|Species Clause: Limit one of each Pokémon
|rule|OHKO Clause: OHKO moves are banned
|rule|Evasion Items Clause: Evasion items are banned
|rule|Evasion Moves Clause: Evasion moves are banned
|rule|Sleep Moves Clause: Sleep-inducing moves are banned
|clearpoke
|poke|p1|Iron Crown|
|poke|p1|Samurott-Hisui, M|
|poke|p1|Moltres|
|poke|p1|Primarina, M|
|poke|p1|Landorus-Therian, M|
|poke|p1|Tentacruel, F|
|poke|p2|Slowking-Galar, F|
|poke|p2|Corviknight, M|
|poke|p2|Ogerpon, F|
|poke|p2|Zapdos|
|poke|p2|Primarina, F|
|poke|p2|Dragonite, M|
|teampreview
|inactive|Battle timer is ON: inactive players will automatically lose when time's up. (requested by Flawless37)
|
|t:|1743876212
|start
|switch|p1a: Iron Crown|Iron Crown|100/100
|switch|p2a: Ogerpon|Ogerpon, F|100/100
|turn|1
|
|t:|1743876222
|switch|p2a: Slowking|Slowking-Galar, F|100/100
|move|p1a: Iron Crown|Future Sight|p2a: Slowking
|-start|p1a: Iron Crown|move: Future Sight
|
|upkeep
|turn|2
|
|t:|1743876228
|move|p1a: Iron Crown|Volt Switch|p2a: Slowking
|-damage|p2a: Slowking|86/100
|
|t:|1743876230
|-end|p1a: Iron Crown|Quark Drive|[silent]
|switch|p1a: Samurott|Samurott-Hisui, M|100/100|[from] Volt Switch
|-prepare|p2a: Slowking|Chilly Reception|[premajor]
|move|p2a: Slowking|Chilly Reception|p2a: Slowking
|-weather|Snowscape
|
|t:|1743876237
|switch|p2a: Corviknight|Corviknight, M|100/100|[from] Chilly Reception
|-ability|p2a: Corviknight|Pressure
|
|-weather|Snowscape|[upkeep]
|upkeep
|turn|3
|
|t:|1743876242
|move|p1a: Samurott|Knock Off|p2a: Corviknight
|-damage|p2a: Corviknight|72/100
|-damage|p1a: Samurott|84/100|[from] item: Rocky Helmet|[of] p2a: Corviknight
|-enditem|p2a: Corviknight|Rocky Helmet|[from] move: Knock Off|[of] p1a: Samurott
|move|p2a: Corviknight|U-turn|p1a: Samurott
|-supereffective|p1a: Samurott
|-damage|p1a: Samurott|54/100
|
|t:|1743876256
|switch|p2a: Slowking|Slowking-Galar, F|100/100|[from] U-turn
|
|-weather|Snowscape|[upkeep]
|-end|p2a: Slowking|move: Future Sight
|-damage|p2a: Slowking|68/100
|upkeep
|turn|4
|
|t:|1743876262
|switch|p2a: Corviknight|Corviknight, M|72/100
|-ability|p2a: Corviknight|Pressure
|move|p1a: Samurott|Ceaseless Edge|p2a: Corviknight
|-damage|p2a: Corviknight|44/100
|-sidestart|p2: Flawless37|Spikes
|
|-weather|Snowscape|[upkeep]
|upkeep
|turn|5
|
|t:|1743876267
|move|p1a: Samurott|Ceaseless Edge|p2a: Corviknight
|-damage|p2a: Corviknight|17/100
|-sidestart|p2: Flawless37|Spikes
|move|p2a: Corviknight|U-turn|p1a: Samurott
|-supereffective|p1a: Samurott
|-damage|p1a: Samurott|20/100
|
|t:|1743876275
|switch|p2a: Ogerpon|Ogerpon, F|100/100|[from] U-turn
|-damage|p2a: Ogerpon|84/100|[from] Spikes
|
|-weather|Snowscape|[upkeep]
|upkeep
|turn|6
|
|t:|1743876285
|switch|p1a: Moltres|Moltres|100/100
|move|p2a: Ogerpon|Ivy Cudgel|p1a: Moltres
|-resisted|p1a: Moltres
|-damage|p1a: Moltres|87/100
|
|-weather|none
|upkeep
|turn|7
|
|t:|1743876290
|switch|p2a: Slowking|Slowking-Galar, F|100/100
|move|p1a: Moltres|U-turn|p2a: Slowking
|-damage|p2a: Slowking|84/100
|
|t:|1743876298
|switch|p1a: Samurott|Samurott-Hisui, M|20/100|[from] U-turn
|
|upkeep
|turn|8
|
|t:|1743876301
|switch|p2a: Zapdos|Zapdos|100/100
|move|p1a: Samurott|Knock Off|p2a: Zapdos
|-damage|p2a: Zapdos|67/100
|-enditem|p2a: Zapdos|Heavy-Duty Boots|[from] move: Knock Off|[of] p1a: Samurott
|
|upkeep
|turn|9
|
|t:|1743876309
|switch|p1a: Landorus|Landorus-Therian, M|100/100
|-ability|p1a: Landorus|Intimidate|boost
|-unboost|p2a: Zapdos|atk|1
|move|p2a: Zapdos|Hurricane|p1a: Landorus
|-damage|p1a: Landorus|45/100
|-start|p1a: Landorus|confusion
|
|upkeep
|turn|10
|
|t:|1743876314
|switch|p1a: Iron Crown|Iron Crown|100/100
|move|p2a: Zapdos|Hurricane|p1a: Iron Crown|[miss]
|-miss|p2a: Zapdos|p1a: Iron Crown
|
|upkeep
|turn|11
|
|t:|1743876317
|move|p1a: Iron Crown|Future Sight|p2a: Zapdos
|-start|p1a: Iron Crown|move: Future Sight
|move|p2a: Zapdos|Volt Switch|p1a: Iron Crown
|-damage|p1a: Iron Crown|82/100
|
|t:|1743876338
|switch|p2a: Slowking|Slowking-Galar, F|100/100|[from] Volt Switch
|
|upkeep
|turn|12
|
|t:|1743876346
|move|p1a: Iron Crown|Tachyon Cutter|p2a: Slowking
|-damage|p2a: Slowking|86/100
|-damage|p2a: Slowking|72/100
|-hitcount|p2a: Slowking|2
|move|p2a: Slowking|Thunder Wave|p1a: Iron Crown
|-status|p1a: Iron Crown|par
|
|upkeep
|turn|13
|
|t:|1743876352
|move|p1a: Iron Crown|Volt Switch|p2a: Slowking
|-damage|p2a: Slowking|58/100
|
|t:|1743876355
|-end|p1a: Iron Crown|Quark Drive|[silent]
|switch|p1a: Samurott|Samurott-Hisui, M|20/100|[from] Volt Switch
|move|p2a: Slowking|Future Sight|p1a: Samurott
|-start|p2a: Slowking|move: Future Sight
|
|-end|p2a: Slowking|move: Future Sight
|-damage|p2a: Slowking|25/100
|upkeep
|turn|14
|
|t:|1743876362
|switch|p2a: Primarina|Primarina, F|100/100
|-damage|p2a: Primarina|84/100|[from] Spikes
|move|p1a: Samurott|Flip Turn|p2a: Primarina
|-resisted|p2a: Primarina
|-damage|p2a: Primarina|65/100
|
|t:|1743876366
|switch|p1a: Tentacruel|Tentacruel, F|100/100|[from] Flip Turn
|
|-heal|p2a: Primarina|71/100|[from] item: Leftovers
|upkeep
|turn|15
|
|t:|1743876378
|switch|p2a: Slowking|Slowking-Galar, F|58/100
|move|p1a: Tentacruel|Knock Off|p2a: Slowking
|-supereffective|p2a: Slowking
|-damage|p2a: Slowking|22/100
|-enditem|p2a: Slowking|Heavy-Duty Boots|[from] move: Knock Off|[of] p1a: Tentacruel
|
|-end|p1a: Tentacruel|move: Future Sight
|-supereffective|p1a: Tentacruel
|-damage|p1a: Tentacruel|23/100
|upkeep
|turn|16
|
|t:|1743876387
|move|p1a: Tentacruel|Toxic Spikes|p2a: Slowking
|-sidestart|p2: Flawless37|move: Toxic Spikes
|-prepare|p2a: Slowking|Chilly Reception|[premajor]
|move|p2a: Slowking|Chilly Reception|p2a: Slowking
|-weather|Snowscape
|
|t:|1743876395
|switch|p2a: Dragonite|Dragonite, M|100/100|[from] Chilly Reception
|
|-weather|Snowscape|[upkeep]
|upkeep
|turn|17
|
|t:|1743876403
|move|p2a: Dragonite|Extreme Speed|p1a: Tentacruel
|-damage|p1a: Tentacruel|0 fnt
|faint|p1a: Tentacruel
|
|-weather|Snowscape|[upkeep]
|upkeep
|
|t:|1743876410
|switch|p1a: Landorus|Landorus-Therian, M|45/100
|-ability|p1a: Landorus|Intimidate|boost
|-unboost|p2a: Dragonite|atk|1
|turn|18
|
|t:|1743876419
|switch|p2a: Zapdos|Zapdos|67/100
|move|p1a: Landorus|Stone Edge|p2a: Zapdos
|-supereffective|p2a: Zapdos
|-damage|p2a: Zapdos|14/100
|
|-weather|Snowscape|[upkeep]
|upkeep
|turn|19
|
|t:|1743876429
|switch|p1a: Iron Crown|Iron Crown|82/100 par
|move|p2a: Zapdos|Hurricane|p1a: Iron Crown|[miss]
|-miss|p2a: Zapdos|p1a: Iron Crown
|
|-weather|Snowscape|[upkeep]
|upkeep
|turn|20
|
|t:|1743876435
|move|p2a: Zapdos|Volt Switch|p1a: Iron Crown
|-damage|p1a: Iron Crown|62/100 par
|
|t:|1743876438
|switch|p2a: Slowking|Slowking-Galar, F|55/100|[from] Volt Switch
|-damage|p2a: Slowking|38/100|[from] Spikes
|-sideend|p2: Flawless37|move: Toxic Spikes|[of] p2a: Slowking
|move|p1a: Iron Crown|Future Sight|p2a: Slowking
|-start|p1a: Iron Crown|move: Future Sight
|
|-weather|none
|upkeep
|turn|21
|
|t:|1743876442
|move|p1a: Iron Crown|Psychic Noise|p2a: Slowking
|-damage|p2a: Slowking|17/100
|-start|p2a: Slowking|move: Heal Block
|-prepare|p2a: Slowking|Chilly Reception|[premajor]
|move|p2a: Slowking|Chilly Reception|p2a: Slowking
|-weather|Snowscape
|
|t:|1743876446
|switch|p2a: Corviknight|Corviknight, M|17/100|[from] Chilly Reception
|-ability|p2a: Corviknight|Pressure
|
|-weather|Snowscape|[upkeep]
|upkeep
|turn|22
|
|t:|1743876451
|move|p2a: Corviknight|Defog|p1a: Iron Crown
|-unboost|p1a: Iron Crown|evasion|1
|-sideend|p2: Flawless37|Spikes|[from] move: Defog|[of] p2a: Corviknight
|cant|p1a: Iron Crown|par
|
|-weather|Snowscape|[upkeep]
|-end|p2a: Corviknight|move: Future Sight
|-resisted|p2a: Corviknight
|-damage|p2a: Corviknight|0 fnt
|faint|p2a: Corviknight
|upkeep
|
|t:|1743876476
|switch|p2a: Zapdos|Zapdos|14/100
|turn|23
|
|t:|1743876480
|move|p2a: Zapdos|Roost|p2a: Zapdos
|-heal|p2a: Zapdos|64/100
|-singleturn|p2a: Zapdos|move: Roost
|move|p1a: Iron Crown|Psychic Noise|p2a: Zapdos
|-damage|p2a: Zapdos|27/100
|-start|p2a: Zapdos|move: Heal Block
|
|-weather|Snowscape|[upkeep]
|upkeep
|turn|24
|
|t:|1743876486
|move|p2a: Zapdos|Volt Switch|p1a: Iron Crown
|-damage|p1a: Iron Crown|42/100 par
|
|t:|1743876488
|switch|p2a: Slowking|Slowking-Galar, F|50/100|[from] Volt Switch
|move|p1a: Iron Crown|Future Sight|p2a: Slowking
|-start|p1a: Iron Crown|move: Future Sight
|
|-weather|Snowscape|[upkeep]
|upkeep
|turn|25
|
|t:|1743876497
|move|p1a: Iron Crown|Psychic Noise|p2a: Slowking
|-damage|p2a: Slowking|30/100
|-start|p2a: Slowking|move: Heal Block
|-prepare|p2a: Slowking|Chilly Reception|[premajor]
|move|p2a: Slowking|Chilly Reception|p2a: Slowking
|
|t:|1743876500
|switch|p2a: Primarina|Primarina, F|71/100|[from] Chilly Reception
|
|-weather|none
|-heal|p2a: Primarina|77/100|[from] item: Leftovers
|upkeep
|turn|26
|
|t:|1743876514
|move|p2a: Primarina|Surf|p1a: Iron Crown
|-damage|p1a: Iron Crown|11/100 par
|move|p1a: Iron Crown|Psychic Noise|p2a: Primarina
|-damage|p2a: Primarina|43/100
|-start|p2a: Primarina|move: Heal Block
|
|-end|p2a: Primarina|move: Future Sight
|-damage|p2a: Primarina|0 fnt
|faint|p2a: Primarina
|upkeep
|
|t:|1743876523
|switch|p2a: Ogerpon|Ogerpon, F|84/100
|turn|27
|
|t:|1743876527
|move|p2a: Ogerpon|Ivy Cudgel|p1a: Iron Crown
|-resisted|p1a: Iron Crown
|-damage|p1a: Iron Crown|0 fnt
|faint|p1a: Iron Crown
|-end|p1a: Iron Crown|Quark Drive|[silent]
|
|upkeep
|
|t:|1743876531
|switch|p1a: Moltres|Moltres|87/100
|turn|28
|
|t:|1743876536
|switch|p2a: Slowking|Slowking-Galar, F|63/100
|move|p1a: Moltres|Flamethrower|p2a: Slowking
|-damage|p2a: Slowking|39/100
|
|upkeep
|turn|29
|
|t:|1743876541
|move|p1a: Moltres|Will-O-Wisp|p2a: Slowking
|-status|p2a: Slowking|brn
|move|p2a: Slowking|Thunder Wave|p1a: Moltres
|-status|p1a: Moltres|par
|
|-damage|p2a: Slowking|33/100 brn|[from] brn
|upkeep
|turn|30
|
|t:|1743876549
|move|p1a: Moltres|U-turn|p2a: Slowking
|-damage|p2a: Slowking|17/100 brn
|
|t:|1743876553
|switch|p1a: Primarina|Primarina, M|100/100|[from] U-turn
|-prepare|p2a: Slowking|Chilly Reception|[premajor]
|move|p2a: Slowking|Chilly Reception|p2a: Slowking
|-weather|Snowscape
|
|t:|1743876560
|switch|p2a: Ogerpon|Ogerpon, F|84/100|[from] Chilly Reception
|
|-weather|Snowscape|[upkeep]
|upkeep
|turn|31
|
|t:|1743876568
|switch|p1a: Moltres|Moltres|87/100 par
|-terastallize|p2a: Ogerpon|Grass
|detailschange|p2a: Ogerpon|Ogerpon-Teal-Tera, F, tera:Grass
|-ability|p2a: Ogerpon|Embody Aspect (Teal)|boost
|-boost|p2a: Ogerpon|spe|1
|move|p2a: Ogerpon|Ivy Cudgel|p1a: Moltres
|-resisted|p1a: Moltres
|-damage|p1a: Moltres|69/100 par
|
|-weather|Snowscape|[upkeep]
|upkeep
|turn|32
|
|t:|1743876580
|switch|p2a: Slowking|Slowking-Galar, F|50/100 brn
|move|p1a: Moltres|Flamethrower|p2a: Slowking
|-damage|p2a: Slowking|28/100 brn
|
|-weather|Snowscape|[upkeep]
|-damage|p2a: Slowking|22/100 brn|[from] brn
|upkeep
|turn|33
|j| Wolf Arceus
|
|t:|1743876596
|cant|p1a: Moltres|par
|-prepare|p2a: Slowking|Chilly Reception|[premajor]
|move|p2a: Slowking|Chilly Reception|p2a: Slowking
|
|t:|1743876598
|switch|p2a: Zapdos|Zapdos|27/100|[from] Chilly Reception
|
|-weather|Snowscape|[upkeep]
|upkeep
|turn|34
|
|t:|1743876606
|switch|p1a: Landorus|Landorus-Therian, M|45/100
|-ability|p1a: Landorus|Intimidate|boost
|-unboost|p2a: Zapdos|atk|1
|move|p2a: Zapdos|Roost|p2a: Zapdos
|-heal|p2a: Zapdos|77/100
|-singleturn|p2a: Zapdos|move: Roost
|
|-weather|none
|upkeep
|turn|35
|
|t:|1743876615
|-terastallize|p1a: Landorus|Ice
|move|p1a: Landorus|Tera Blast|p2a: Zapdos|[anim] Tera Blast Ice
|-supereffective|p2a: Zapdos
|-damage|p2a: Zapdos|7/100
|move|p2a: Zapdos|Hurricane|p1a: Landorus
|-damage|p1a: Landorus|0 fnt
|faint|p1a: Landorus
|
|upkeep
|
|t:|1743876625
|switch|p1a: Primarina|Primarina, M|100/100
|turn|36
|
|t:|1743876631
|switch|p2a: Slowking|Slowking-Galar, F|55/100 brn
|move|p1a: Primarina|Moonblast|p2a: Slowking
|-resisted|p2a: Slowking
|-damage|p2a: Slowking|40/100 brn
|
|-damage|p2a: Slowking|34/100 brn|[from] brn
|upkeep
|turn|37
|
|t:|1743876638
|switch|p1a: Samurott|Samurott-Hisui, M|20/100
|move|p2a: Slowking|Sludge Bomb|p1a: Samurott
|-damage|p1a: Samurott|0 fnt
|faint|p1a: Samurott
|
|-damage|p2a: Slowking|28/100 brn|[from] brn
|upkeep
|
|t:|1743876643
|switch|p1a: Primarina|Primarina, M|100/100
|turn|38
|
|t:|1743876645
|move|p1a: Primarina|Calm Mind|p1a: Primarina
|-boost|p1a: Primarina|spa|1
|-boost|p1a: Primarina|spd|1
|move|p2a: Slowking|Sludge Bomb|p1a: Primarina
|-supereffective|p1a: Primarina
|-damage|p1a: Primarina|59/100
|
|-damage|p2a: Slowking|22/100 brn|[from] brn
|upkeep
|turn|39
|
|t:|1743876649
|move|p1a: Primarina|Surf|p2a: Slowking
|-damage|p2a: Slowking|0 fnt
|faint|p2a: Slowking
|
|upkeep
|
|t:|1743876652
|switch|p2a: Ogerpon|Ogerpon-Teal-Tera, F, tera:Grass|84/100
|-ability|p2a: Ogerpon|Embody Aspect (Teal)|boost
|-boost|p2a: Ogerpon|spe|1
|turn|40
|
|t:|1743876658
|switch|p1a: Moltres|Moltres|69/100 par
|move|p2a: Ogerpon|Ivy Cudgel|p1a: Moltres
|-resisted|p1a: Moltres
|-damage|p1a: Moltres|50/100 par
|
|upkeep
|turn|41
|
|t:|1743876666
|switch|p2a: Dragonite|Dragonite, M|100/100
|move|p1a: Moltres|Roost|p1a: Moltres
|-heal|p1a: Moltres|99/100 par
|-singleturn|p1a: Moltres|move: Roost
|
|upkeep
|turn|42
|
|t:|1743876677
|move|p2a: Dragonite|Dragon Dance|p2a: Dragonite
|-boost|p2a: Dragonite|atk|1
|-boost|p2a: Dragonite|spe|1
|move|p1a: Moltres|Flamethrower|p2a: Dragonite
|-resisted|p2a: Dragonite
|-damage|p2a: Dragonite|90/100
|
|upkeep
|turn|43
|
|t:|1743876679
|move|p2a: Dragonite|Dragon Dance|p2a: Dragonite
|-boost|p2a: Dragonite|atk|1
|-boost|p2a: Dragonite|spe|1
|move|p1a: Moltres|Will-O-Wisp|p2a: Dragonite
|-status|p2a: Dragonite|brn
|
|-damage|p2a: Dragonite|84/100 brn|[from] brn
|upkeep
|turn|44
|
|t:|1743876683
|move|p2a: Dragonite|Ice Spinner|p1a: Moltres
|-damage|p1a: Moltres|76/100 par
|move|p1a: Moltres|U-turn|p2a: Dragonite
|-resisted|p2a: Dragonite
|-damage|p2a: Dragonite|76/100 brn
|
|t:|1743876686
|switch|p1a: Primarina|Primarina, M|59/100|[from] U-turn
|
|-damage|p2a: Dragonite|70/100 brn|[from] brn
|upkeep
|turn|45
|
|t:|1743876693
|move|p2a: Dragonite|Earthquake|p1a: Primarina
|-damage|p1a: Primarina|3/100
|move|p1a: Primarina|Moonblast|p2a: Dragonite
|-supereffective|p2a: Dragonite
|-damage|p2a: Dragonite|0 fnt
|faint|p2a: Dragonite
|
|upkeep
|
|t:|1743876702
|switch|p2a: Ogerpon|Ogerpon-Teal-Tera, F, tera:Grass|84/100
|-ability|p2a: Ogerpon|Embody Aspect (Teal)|boost
|-boost|p2a: Ogerpon|spe|1
|turn|46
|-enditem|p1a: Primarina|Custap Berry|[eat]
|-activate|p1a: Primarina|item: Custap Berry|[consumed]
|
|t:|1743876705
|move|p1a: Primarina|Moonblast|p2a: Ogerpon
|-damage|p2a: Ogerpon|21/100
|move|p2a: Ogerpon|U-turn|p1a: Primarina
|-resisted|p1a: Primarina
|-damage|p1a: Primarina|0 fnt
|faint|p1a: Primarina
|
|t:|1743876710
|switch|p2a: Zapdos|Zapdos|7/100|[from] U-turn
|
|upkeep
|
|t:|1743876712
|switch|p1a: Moltres|Moltres|76/100 par
|turn|47
|
|t:|1743876718
|move|p2a: Zapdos|Discharge|p1a: Moltres
|-supereffective|p1a: Moltres
|-damage|p1a: Moltres|4/100 par
|move|p1a: Moltres|Flamethrower|p2a: Zapdos
|-damage|p2a: Zapdos|0 fnt
|faint|p2a: Zapdos
|
|upkeep
|
|t:|1743876721
|switch|p2a: Ogerpon|Ogerpon-Teal-Tera, F, tera:Grass|21/100
|-ability|p2a: Ogerpon|Embody Aspect (Teal)|boost
|-boost|p2a: Ogerpon|spe|1
|turn|48
|
|t:|1743876723
|move|p2a: Ogerpon|Ivy Cudgel|p1a: Moltres
|-resisted|p1a: Moltres
|-damage|p1a: Moltres|0 fnt
|faint|p1a: Moltres
|
|win|Flawless37
|raw|IPlayOnAToaster's rating: 1480 &rarr; <strong>1461</strong><br />(-19 for losing)
|raw|Flawless37's rating: 1503 &rarr; <strong>1522</strong><br />(+19 for winning)
|l|☆IPlayOnAToaster
|player|p1|
|c|☆Flawless37|gg
|l|☆Flawless37
|player|p2|
|l| Wolf Arceus
|j| Wolf Arceus
