|j|☆agodamongallmen
|j|☆math76
|t:|1743878036
|gametype|singles
|player|p1|agodamongallmen|266|1379
|player|p2|math76|ghetsis|1412
|teamsize|p1|6
|teamsize|p2|6
|gen|9
|tier|[Gen 9] OU
|rated|
|rule|HP Percentage Mod: HP is shown in percentages
|rule|Endless Battle Clause: Forcing endless battles is banned
|rule|Species Clause: Limit one of each Pokémon
|rule|OHKO Clause: OHKO moves are banned
|rule|Evasion Items Clause: Evasion items are banned
|rule|Evasion Moves Clause: Evasion moves are banned
|rule|Sleep Moves Clause: Sleep-inducing moves are banned
|clearpoke
|poke|p1|Frosmoth, M|
|poke|p1|Cinccino, M|
|poke|p1|Incineroar, M|
|poke|p1|Weezing-Galar, M|
|poke|p1|Sinistcha|
|poke|p1|Alomomola, F|
|poke|p2|Kommo-o, F|
|poke|p2|Ninetales-Alola, F|
|poke|p2|Samurott-Hisui, F|
|poke|p2|Ogerpon-Wellspring, F|
|poke|p2|Iron Treads|
|poke|p2|Iron Valiant|
|teampreview
|inactive|Battle timer is ON: inactive players will automatically lose when time's up. (requested by math76)
|
|t:|1743878079
|start
|switch|p1a: Incineroar|Incineroar, M|100/100
|switch|p2a: Ninetales|Ninetales-Alola, F|100/100
|-weather|Snowscape|[from] ability: Snow Warning|[of] p2a: Ninetales
|-ability|p1a: Incineroar|Intimidate|boost
|-unboost|p2a: Ninetales|atk|1
|turn|1
|
|t:|1743878096
|move|p2a: Ninetales|Aurora Veil|p2a: Ninetales
|-sidestart|p2: math76|move: Aurora Veil
|move|p1a: Incineroar|Flare Blitz|p2a: Ninetales
|-supereffective|p2a: Ninetales
|-damage|p2a: Ninetales|51/100
|-damage|p1a: Incineroar|89/100|[from] Recoil
|
|-weather|Snowscape|[upkeep]
|upkeep
|turn|2
|
|t:|1743878103
|switch|p2a: Kommo-o|Kommo-o, F|100/100
|switch|p1a: Alomomola|Alomomola, F|100/100
|
|-weather|Snowscape|[upkeep]
|upkeep
|turn|3
|
|t:|1743878112
|move|p2a: Kommo-o|Substitute|p2a: Kommo-o
|-start|p2a: Kommo-o|Substitute
|-damage|p2a: Kommo-o|76/100
|move|p1a: Alomomola|Flip Turn|p2a: Kommo-o
|-resisted|p2a: Kommo-o
|-activate|p2a: Kommo-o|move: Substitute|[damage]
|
|t:|1743878119
|switch|p1a: Cinccino|Cinccino, M|100/100|[from] Flip Turn
|
|-weather|Snowscape|[upkeep]
|-heal|p2a: Kommo-o|82/100|[from] item: Leftovers
|upkeep
|turn|4
|
|t:|1743878126
|move|p1a: Cinccino|Triple Axel|p2a: Kommo-o
|-supereffective|p2a: Kommo-o
|-activate|p2a: Kommo-o|move: Substitute|[damage]
|-supereffective|p2a: Kommo-o
|-crit|p2a: Kommo-o
|-end|p2a: Kommo-o|Substitute
|-supereffective|p2a: Kommo-o
|-damage|p2a: Kommo-o|62/100
|-hitcount|p2a: Kommo-o|3
|move|p2a: Kommo-o|Clangorous Soul|p2a: Kommo-o
|-boost|p2a: Kommo-o|atk|1
|-boost|p2a: Kommo-o|def|1
|-boost|p2a: Kommo-o|spa|1
|-boost|p2a: Kommo-o|spd|1
|-boost|p2a: Kommo-o|spe|1
|-damage|p2a: Kommo-o|29/100
|
|-weather|Snowscape|[upkeep]
|-heal|p2a: Kommo-o|36/100|[from] item: Leftovers
|upkeep
|turn|5
|
|t:|1743878145
|switch|p1a: Incineroar|Incineroar, M|89/100
|-ability|p1a: Incineroar|Intimidate|boost
|-unboost|p2a: Kommo-o|atk|1
|-terastallize|p2a: Kommo-o|Ghost
|move|p2a: Kommo-o|Drain Punch|p1a: Incineroar
|-supereffective|p1a: Incineroar
|-damage|p1a: Incineroar|35/100
|-heal|p2a: Kommo-o|65/100|[from] drain|[of] p1a: Incineroar
|
|-weather|none
|-heal|p2a: Kommo-o|71/100|[from] item: Leftovers
|upkeep
|turn|6
|
|t:|1743878157
|move|p2a: Kommo-o|Drain Punch|p1a: Incineroar
|-supereffective|p1a: Incineroar
|-damage|p1a: Incineroar|0 fnt
|-heal|p2a: Kommo-o|91/100|[from] drain|[of] p1a: Incineroar
|faint|p1a: Incineroar
|
|-heal|p2a: Kommo-o|97/100|[from] item: Leftovers
|upkeep
|
|t:|1743878176
|switch|p1a: Weezing|Weezing-Galar, M|100/100
|-ability|p1a: Weezing|Neutralizing Gas
|turn|7
|
|t:|1743878190
|move|p2a: Kommo-o|Substitute|p2a: Kommo-o
|-start|p2a: Kommo-o|Substitute
|-damage|p2a: Kommo-o|72/100
|move|p1a: Weezing|Toxic||[still]
|-fail|p1a: Weezing
|
|-heal|p2a: Kommo-o|78/100|[from] item: Leftovers
|upkeep
|turn|8
|
|t:|1743878195
|move|p2a: Kommo-o|Clangorous Soul|p2a: Kommo-o
|-boost|p2a: Kommo-o|atk|1
|-boost|p2a: Kommo-o|def|1
|-boost|p2a: Kommo-o|spa|1
|-boost|p2a: Kommo-o|spd|1
|-boost|p2a: Kommo-o|spe|1
|-damage|p2a: Kommo-o|46/100
|move|p1a: Weezing|Strange Steam|p2a: Kommo-o
|-activate|p2a: Kommo-o|move: Substitute|[damage]
|
|-heal|p2a: Kommo-o|52/100|[from] item: Leftovers
|-sideend|p2: math76|move: Aurora Veil
|upkeep
|turn|9
|
|t:|1743878203
|move|p2a: Kommo-o|Clangorous Soul|p2a: Kommo-o
|-boost|p2a: Kommo-o|atk|1
|-boost|p2a: Kommo-o|def|1
|-boost|p2a: Kommo-o|spa|1
|-boost|p2a: Kommo-o|spd|1
|-boost|p2a: Kommo-o|spe|1
|-damage|p2a: Kommo-o|19/100
|move|p1a: Weezing|Strange Steam|p2a: Kommo-o
|-activate|p2a: Kommo-o|move: Substitute|[damage]
|
|-heal|p2a: Kommo-o|25/100|[from] item: Leftovers
|upkeep
|turn|10
|
|t:|1743878213
|move|p2a: Kommo-o|Drain Punch|p1a: Weezing
|-resisted|p1a: Weezing
|-damage|p1a: Weezing|89/100
|-heal|p2a: Kommo-o|31/100|[from] drain|[of] p1a: Weezing
|move|p1a: Weezing|Strange Steam|p2a: Kommo-o
|-end|p2a: Kommo-o|Substitute
|
|-heal|p2a: Kommo-o|37/100|[from] item: Leftovers
|upkeep
|turn|11
|
|t:|1743878221
|move|p2a: Kommo-o|Substitute|p2a: Kommo-o
|-start|p2a: Kommo-o|Substitute
|-damage|p2a: Kommo-o|12/100
|move|p1a: Weezing|Strange Steam|p2a: Kommo-o
|-activate|p2a: Kommo-o|move: Substitute|[damage]
|
|-heal|p2a: Kommo-o|19/100|[from] item: Leftovers
|upkeep
|turn|12
|
|t:|1743878226
|move|p2a: Kommo-o|Tera Blast|p1a: Weezing|[anim] Tera Blast Ghost
|-damage|p1a: Weezing|35/100
|move|p1a: Weezing|Strange Steam|p2a: Kommo-o
|-crit|p2a: Kommo-o
|-end|p2a: Kommo-o|Substitute
|
|-heal|p2a: Kommo-o|25/100|[from] item: Leftovers
|upkeep
|turn|13
|
|t:|1743878235
|move|p2a: Kommo-o|Tera Blast|p1a: Weezing|[anim] Tera Blast Ghost
|-damage|p1a: Weezing|0 fnt
|faint|p1a: Weezing
|-end|p1a: Weezing|ability: Neutralizing Gas
|
|-heal|p2a: Kommo-o|31/100|[from] item: Leftovers
|upkeep
|
|t:|1743878248
|switch|p1a: Cinccino|Cinccino, M|100/100
|turn|14
|inactive|math76 has 120 seconds left.
|
|t:|1743878305
|-terastallize|p1a: Cinccino|Ghost
|move|p2a: Kommo-o|Drain Punch|p1a: Cinccino
|-immune|p1a: Cinccino
|move|p1a: Cinccino|Triple Axel|p2a: Kommo-o|[miss]
|-miss|p1a: Cinccino|p2a: Kommo-o
|
|-heal|p2a: Kommo-o|37/100|[from] item: Leftovers
|upkeep
|turn|15
|-message|agodamongallmen forfeited.
|
|win|math76
|raw|agodamongallmen's rating: 1379 &rarr; <strong>1361</strong><br />(-18 for losing)
|raw|math76's rating: 1412 &rarr; <strong>1430</strong><br />(+18 for winning)
|l|☆agodamongallmen
|player|p1|
|l|☆math76
|player|p2|
