|j|☆Kemekazee
|j|☆Chrigama94
|t:|1743831670
|gametype|singles
|player|p1|Kemekazee|169|1078
|player|p2|Chrigama94|2|1081
|teamsize|p1|6
|teamsize|p2|6
|gen|9
|tier|[Gen 9] OU
|rated|
|rule|HP Percentage Mod: HP is shown in percentages
|rule|Endless Battle Clause: Forcing endless battles is banned
|rule|Species Clause: Limit one of each Pokémon
|rule|OHKO Clause: OHKO moves are banned
|rule|Evasion Items Clause: Evasion items are banned
|rule|Evasion Moves Clause: Evasion moves are banned
|rule|Sleep Moves Clause: Sleep-inducing moves are banned
|clearpoke
|poke|p1|Revavroom, F|
|poke|p1|Palossand, F|
|poke|p1|Mienshao, M|
|poke|p1|Florges, F|
|poke|p1|Whimsicott, M|
|poke|p1|Corviknight, M|
|poke|p2|Forretress, F|
|poke|p2|Magnezone|
|poke|p2|Metagross|
|poke|p2|Iron Valiant|
|poke|p2|Toxapex, F|
|poke|p2|Garchomp, F|
|teampreview
|
|t:|1743831696
|start
|switch|p1a: Palossand|Palossand, F|100/100
|switch|p2a: Iron Valiant|Iron Valiant|100/100
|-enditem|p2a: Iron Valiant|Booster Energy
|-activate|p2a: Iron Valiant|ability: Quark Drive|[fromitem]
|-start|p2a: Iron Valiant|quarkdriveatk
|turn|1
|
|t:|1743831710
|move|p2a: Iron Valiant|Light Screen|p2a: Iron Valiant
|-sidestart|p2: Chrigama94|move: Light Screen
|move|p1a: Palossand|Earth Power|p2a: Iron Valiant
|-damage|p2a: Iron Valiant|68/100
|
|upkeep
|turn|2
|
|t:|1743831724
|move|p2a: Iron Valiant|Spirit Break|p1a: Palossand
|-damage|p1a: Palossand|60/100
|-unboost|p1a: Palossand|spa|1
|-damage|p2a: Iron Valiant|52/100|[from] item: Rocky Helmet|[of] p1a: Palossand
|move|p1a: Palossand|Earth Power|p2a: Iron Valiant
|-damage|p2a: Iron Valiant|32/100
|
|upkeep
|turn|3
|
|t:|1743831737
|switch|p1a: Whimsicott|Whimsicott, M|100/100
|move|p2a: Iron Valiant|Trick Room|p2a: Iron Valiant
|-fieldstart|move: Trick Room|[of] p2a: Iron Valiant
|
|upkeep
|turn|4
|
|t:|1743831752
|-end|p2a: Iron Valiant|Quark Drive|[silent]
|switch|p2a: Forretress|Forretress, F|100/100
|move|p1a: Whimsicott|Stun Spore|p2a: Forretress
|-immune|p2a: Forretress|[from] ability: Overcoat
|
|upkeep
|turn|5
|
|t:|1743831773
|switch|p1a: Revavroom|Revavroom, F|100/100
|-item|p1a: Revavroom|Air Balloon
|move|p2a: Forretress|Gyro Ball|p1a: Revavroom
|-resisted|p1a: Revavroom
|-damage|p1a: Revavroom|81/100
|-enditem|p1a: Revavroom|Air Balloon
|
|-sideend|p2: Chrigama94|move: Light Screen
|upkeep
|turn|6
|
|t:|1743831794
|switch|p1a: Mienshao|Mienshao, M|100/100
|move|p2a: Forretress|Drill Run|p1a: Mienshao
|-damage|p1a: Mienshao|70/100
|
|upkeep
|turn|7
|
|t:|1743831832
|-terastallize|p2a: Forretress|Bug
|move|p2a: Forretress|Poison Jab|p1a: Mienshao
|-damage|p1a: Mienshao|35/100
|move|p1a: Mienshao|Close Combat|p2a: Forretress
|-resisted|p2a: Forretress
|-damage|p2a: Forretress|79/100
|-unboost|p1a: Mienshao|def|1
|-unboost|p1a: Mienshao|spd|1
|
|-fieldend|move: Trick Room
|upkeep
|turn|8
|
|t:|1743831851
|switch|p1a: Palossand|Palossand, F|60/100
|move|p2a: Forretress|Poison Jab|p1a: Palossand
|-resisted|p1a: Palossand
|-damage|p1a: Palossand|58/100
|-status|p1a: Palossand|psn
|-damage|p2a: Forretress|62/100|[from] item: Rocky Helmet|[of] p1a: Palossand
|
|-damage|p1a: Palossand|45/100 psn|[from] psn
|upkeep
|turn|9
|
|t:|1743831885
|switch|p2a: Metagross|Metagross|100/100
|move|p1a: Palossand|Shore Up|p1a: Palossand
|-heal|p1a: Palossand|95/100 psn
|
|-damage|p1a: Palossand|83/100 psn|[from] psn
|upkeep
|turn|10
|
|t:|1743831897
|move|p2a: Metagross|Knock Off|p1a: Palossand
|-supereffective|p1a: Palossand
|-damage|p1a: Palossand|32/100 psn
|-damage|p2a: Metagross|84/100|[from] item: Rocky Helmet|[of] p1a: Palossand
|-enditem|p1a: Palossand|Rocky Helmet|[from] move: Knock Off|[of] p2a: Metagross
|move|p1a: Palossand|Earth Power|p2a: Metagross
|-supereffective|p2a: Metagross
|-damage|p2a: Metagross|35/100
|
|-damage|p1a: Palossand|19/100 psn|[from] psn
|upkeep
|turn|11
|
|t:|1743831920
|move|p2a: Metagross|Zen Headbutt|p1a: Palossand|[miss]
|-miss|p2a: Metagross|p1a: Palossand
|move|p1a: Palossand|Shore Up|p1a: Palossand
|-heal|p1a: Palossand|69/100 psn
|
|-damage|p1a: Palossand|57/100 psn|[from] psn
|upkeep
|turn|12
|
|t:|1743831951
|move|p2a: Metagross|Knock Off|p1a: Palossand
|-supereffective|p1a: Palossand
|-damage|p1a: Palossand|24/100 psn
|move|p1a: Palossand|Shore Up|p1a: Palossand
|-heal|p1a: Palossand|74/100 psn
|
|-damage|p1a: Palossand|62/100 psn|[from] psn
|upkeep
|turn|13
|
|t:|1743831975
|switch|p2a: Garchomp|Garchomp, F|100/100
|move|p1a: Palossand|Shadow Ball|p2a: Garchomp
|-damage|p2a: Garchomp|74/100
|
|-damage|p1a: Palossand|49/100 psn|[from] psn
|upkeep
|turn|14
|
|t:|1743832018
|move|p2a: Garchomp|Swords Dance|p2a: Garchomp
|-boost|p2a: Garchomp|atk|2
|move|p1a: Palossand|Shore Up|p1a: Palossand
|-heal|p1a: Palossand|99/100 psn
|
|-damage|p1a: Palossand|87/100 psn|[from] psn
|upkeep
|turn|15
|
|t:|1743832030
|move|p2a: Garchomp|Dragon Claw|p1a: Palossand
|-damage|p1a: Palossand|9/100 psn
|-damage|p2a: Garchomp|64/100|[from] item: Life Orb
|move|p1a: Palossand|Earth Power|p2a: Garchomp
|-damage|p2a: Garchomp|30/100
|
|-damage|p1a: Palossand|0 fnt|[from] psn
|faint|p1a: Palossand
|upkeep
|
|t:|1743832034
|switch|p1a: Whimsicott|Whimsicott, M|100/100
|turn|16
|
|t:|1743832053
|switch|p2a: Forretress|Forretress, F, tera:Bug|62/100
|move|p1a: Whimsicott|Stun Spore|p2a: Forretress
|-immune|p2a: Forretress|[from] ability: Overcoat
|
|upkeep
|turn|17
|
|t:|1743832073
|switch|p1a: Corviknight|Corviknight, M|100/100
|-ability|p1a: Corviknight|Pressure
|move|p2a: Forretress|Drill Run|p1a: Corviknight
|-immune|p1a: Corviknight
|
|upkeep
|turn|18
|
|t:|1743832094
|switch|p2a: Toxapex|Toxapex, F|100/100
|move|p1a: Corviknight|Bulk Up|p1a: Corviknight
|-boost|p1a: Corviknight|atk|1
|-boost|p1a: Corviknight|def|1
|
|upkeep
|turn|19
|
|t:|1743832103
|move|p2a: Toxapex|Baneful Bunker|p2a: Toxapex
|-singleturn|p2a: Toxapex|move: Protect
|move|p1a: Corviknight|U-turn|p2a: Toxapex
|-activate|p2a: Toxapex|move: Protect
|
|upkeep
|turn|20
|
|t:|1743832116
|move|p1a: Corviknight|Bulk Up|p1a: Corviknight
|-boost|p1a: Corviknight|atk|1
|-boost|p1a: Corviknight|def|1
|move|p2a: Toxapex|Stockpile|p2a: Toxapex
|-start|p2a: Toxapex|stockpile1
|-boost|p2a: Toxapex|def|1
|-boost|p2a: Toxapex|spd|1
|
|upkeep
|turn|21
|
|t:|1743832129
|move|p1a: Corviknight|U-turn|p2a: Toxapex
|-resisted|p2a: Toxapex
|-damage|p2a: Toxapex|90/100
|
|t:|1743832132
|switch|p1a: Whimsicott|Whimsicott, M|100/100|[from] U-turn
|move|p2a: Toxapex|Stockpile|p2a: Toxapex
|-start|p2a: Toxapex|stockpile2
|-boost|p2a: Toxapex|def|1
|-boost|p2a: Toxapex|spd|1
|
|-heal|p2a: Toxapex|96/100|[from] item: Leftovers
|upkeep
|turn|22
|
|t:|1743832144
|move|p2a: Toxapex|Baneful Bunker|p2a: Toxapex
|-singleturn|p2a: Toxapex|move: Protect
|move|p1a: Whimsicott|Leech Seed|p2a: Toxapex
|-activate|p2a: Toxapex|move: Protect
|
|-heal|p2a: Toxapex|100/100|[from] item: Leftovers
|upkeep
|turn|23
|
|t:|1743832154
|move|p1a: Whimsicott|Taunt|p2a: Toxapex
|-start|p2a: Toxapex|move: Taunt
|move|p2a: Toxapex|Poison Jab|p1a: Whimsicott
|-supereffective|p1a: Whimsicott
|-damage|p1a: Whimsicott|33/100
|
|-heal|p1a: Whimsicott|39/100|[from] item: Leftovers
|upkeep
|turn|24
|
|t:|1743832175
|switch|p2a: Forretress|Forretress, F, tera:Bug|62/100
|move|p1a: Whimsicott|Leech Seed|p2a: Forretress
|-start|p2a: Forretress|move: Leech Seed
|
|-heal|p1a: Whimsicott|45/100|[from] item: Leftovers
|-damage|p2a: Forretress|50/100|[from] Leech Seed|[of] p1a: Whimsicott
|-heal|p1a: Whimsicott|56/100|[silent]
|upkeep
|turn|25
|
|t:|1743832191
|switch|p1a: Mienshao|Mienshao, M|68/100
|move|p2a: Forretress|Gyro Ball|p1a: Mienshao
|-crit|p1a: Mienshao
|-damage|p1a: Mienshao|0 fnt
|faint|p1a: Mienshao
|
|upkeep
|-message|Kemekazee forfeited.
|
|win|Chrigama94
|raw|Kemekazee's rating: 1078 &rarr; <strong>1058</strong><br />(-20 for losing)
|raw|Chrigama94's rating: 1107 &rarr; <strong>1130</strong><br />(+23 for winning)
|l|☆Kemekazee
|player|p1|
|l|☆Chrigama94
|player|p2|
