|j|‽bigkatt96
|j|☆bowling12345
|t:|1743811973
|gametype|singles
|player|p1|bigkatt96|giovanni-gen1|1308
|player|p2|bowling12345|169|1368
|teamsize|p1|6
|teamsize|p2|6
|gen|9
|tier|[Gen 9] OU
|rated|
|rule|HP Percentage Mod: HP is shown in percentages
|rule|Endless Battle Clause: Forcing endless battles is banned
|rule|Species Clause: Limit one of each Pokémon
|rule|OHKO Clause: OHKO moves are banned
|rule|Evasion Items Clause: Evasion items are banned
|rule|Evasion Moves Clause: Evasion moves are banned
|rule|Sleep Moves Clause: Sleep-inducing moves are banned
|clearpoke
|poke|p1|Dragonite, M|
|poke|p1|Gengar, M|
|poke|p1|Weezing-Galar, M|
|poke|p1|Hitmonlee, M|
|poke|p1|Articuno-Galar|
|poke|p1|Rhydon, M|
|poke|p2|Zoroark-Hisui, M|
|poke|p2|Ting-Lu|
|poke|p2|Munkidori, M|
|poke|p2|Sinistcha|
|poke|p2|Great Tusk|
|poke|p2|Entei|
|teampreview
|
|t:|1743812017
|start
|switch|p1a: Gengar|Gengar, M, shiny|100/100
|switch|p2a: Ting-Lu|Ting-Lu|100/100
|-ability|p2a: Ting-Lu|Vessel of Ruin
|turn|1
|inactive|Battle timer is ON: inactive players will automatically lose when time's up. (requested by bowling12345)
|
|t:|1743812044
|move|p1a: Gengar|Trick|p2a: Ting-Lu
|-activate|p1a: Gengar|move: Trick|[of] p2a: Ting-Lu
|-item|p2a: Ting-Lu|Choice Scarf|[from] move: Trick
|-item|p1a: Gengar|Leftovers|[from] move: Trick
|move|p2a: Ting-Lu|Stealth Rock|p1a: Gengar
|-sidestart|p1: bigkatt96|move: Stealth Rock
|
|upkeep
|turn|2
|
|t:|1743812055
|switch|p2a: Entei|Entei|100/100
|move|p1a: Gengar|Sludge Wave|p2a: Entei
|-damage|p2a: Entei|72/100
|-status|p2a: Entei|psn
|
|-damage|p2a: Entei|60/100 psn|[from] psn
|upkeep
|turn|3
|
|t:|1743812066
|switch|p1a: Weezing|Weezing-Galar, M|100/100
|-damage|p1a: Weezing|88/100|[from] Stealth Rock
|move|p2a: Entei|Crunch|p1a: Weezing
|-resisted|p1a: Weezing
|-damage|p1a: Weezing|77/100
|
|-heal|p1a: Weezing|83/100|[from] item: Leftovers
|-damage|p2a: Entei|48/100 psn|[from] psn
|upkeep
|turn|4
|
|t:|1743812077
|move|p2a: Entei|Iron Head|p1a: Weezing
|-supereffective|p1a: Weezing
|-damage|p1a: Weezing|34/100
|cant|p1a: Weezing|flinch
|
|-heal|p1a: Weezing|40/100|[from] item: Leftovers
|-damage|p2a: Entei|35/100 psn|[from] psn
|upkeep
|turn|5
|
|t:|1743812092
|move|p2a: Entei|Iron Head|p1a: Weezing
|-supereffective|p1a: Weezing
|-damage|p1a: Weezing|0 fnt
|faint|p1a: Weezing
|
|-damage|p2a: Entei|23/100 psn|[from] psn
|upkeep
|
|t:|1743812101
|switch|p1a: Dragonite|Dragonite, M|100/100
|turn|6
|
|t:|1743812115
|move|p1a: Dragonite|Dragon Dance|p1a: Dragonite
|-boost|p1a: Dragonite|atk|1
|-boost|p1a: Dragonite|spe|1
|move|p2a: Entei|Sacred Fire|p1a: Dragonite
|-resisted|p1a: Dragonite
|-damage|p1a: Dragonite|87/100
|-status|p1a: Dragonite|brn
|
|-damage|p2a: Entei|10/100 psn|[from] psn
|-damage|p1a: Dragonite|81/100 brn|[from] brn
|upkeep
|turn|7
|
|t:|1743812126
|-terastallize|p2a: Entei|Normal
|move|p2a: Entei|Extreme Speed|p1a: Dragonite
|-damage|p1a: Dragonite|35/100 brn
|move|p1a: Dragonite|Dragon Dance|p1a: Dragonite
|-boost|p1a: Dragonite|atk|1
|-boost|p1a: Dragonite|spe|1
|
|-damage|p2a: Entei|0 fnt|[from] psn
|faint|p2a: Entei
|-damage|p1a: Dragonite|28/100 brn|[from] brn
|upkeep
|inactive|bowling12345 has 120 seconds left.
|
|t:|1743812152
|switch|p2a: Sinistcha|Sinistcha|100/100
|turn|8
|
|t:|1743812155
|move|p1a: Dragonite|Fire Punch|p2a: Sinistcha
|-damage|p2a: Sinistcha|38/100
|replace|p2a: Zoroark|Zoroark-Hisui, M
|-end|p2a: Zoroark|Illusion
|move|p2a: Zoroark|Hex|p1a: Dragonite
|-damage|p1a: Dragonite|0 fnt
|faint|p1a: Dragonite
|
|upkeep
|
|t:|1743812166
|switch|p1a: Hitmonlee|Hitmonlee, M|100/100
|-damage|p1a: Hitmonlee|94/100|[from] Stealth Rock
|turn|9
|
|t:|1743812173
|move|p2a: Zoroark|Flamethrower|p1a: Hitmonlee
|-damage|p1a: Hitmonlee|54/100
|move|p1a: Hitmonlee|Knock Off|p2a: Zoroark
|-supereffective|p2a: Zoroark
|-damage|p2a: Zoroark|0 fnt
|-enditem|p2a: Zoroark|Focus Sash|[from] move: Knock Off|[of] p1a: Hitmonlee
|faint|p2a: Zoroark
|
|upkeep
|
|t:|1743812183
|switch|p2a: Ting-Lu|Ting-Lu|100/100
|-ability|p2a: Ting-Lu|Vessel of Ruin
|turn|10
|
|t:|1743812190
|move|p1a: Hitmonlee|Endure|p1a: Hitmonlee
|-singleturn|p1a: Hitmonlee|move: Endure
|move|p2a: Ting-Lu|Whirlwind|p1a: Hitmonlee
|drag|p1a: Articuno|Articuno-Galar, shiny|100/100
|-damage|p1a: Articuno|76/100|[from] Stealth Rock
|
|upkeep
|turn|11
|
|t:|1743812199
|move|p1a: Articuno|Tera Blast|p2a: Ting-Lu
|-damage|p2a: Ting-Lu|86/100
|move|p2a: Ting-Lu|Whirlwind|p1a: Articuno
|drag|p1a: Gengar|Gengar, M, shiny|100/100
|-damage|p1a: Gengar|88/100|[from] Stealth Rock
|
|-heal|p1a: Gengar|94/100|[from] item: Leftovers
|upkeep
|turn|12
|
|t:|1743812211
|move|p1a: Gengar|Sludge Wave|p2a: Ting-Lu
|-resisted|p2a: Ting-Lu
|-damage|p2a: Ting-Lu|72/100
|move|p2a: Ting-Lu|Whirlwind|p1a: Gengar
|drag|p1a: Rhydon|Rhydon, M, shiny|100/100
|-damage|p1a: Rhydon|94/100|[from] Stealth Rock
|
|upkeep
|turn|13
|
|t:|1743812220
|move|p1a: Rhydon|Earthquake|p2a: Ting-Lu
|-damage|p2a: Ting-Lu|52/100
|move|p2a: Ting-Lu|Whirlwind|p1a: Rhydon
|drag|p1a: Articuno|Articuno-Galar, shiny|76/100
|-damage|p1a: Articuno|51/100|[from] Stealth Rock
|
|upkeep
|turn|14
|
|t:|1743812228
|move|p1a: Articuno|Tera Blast|p2a: Ting-Lu
|-damage|p2a: Ting-Lu|37/100
|move|p2a: Ting-Lu|Whirlwind|p1a: Articuno
|drag|p1a: Hitmonlee|Hitmonlee, M|54/100
|-damage|p1a: Hitmonlee|47/100|[from] Stealth Rock
|
|upkeep
|turn|15
|
|t:|1743812237
|move|p1a: Hitmonlee|Reversal|p2a: Ting-Lu
|-supereffective|p2a: Ting-Lu
|-damage|p2a: Ting-Lu|17/100
|move|p2a: Ting-Lu|Whirlwind|p1a: Hitmonlee
|drag|p1a: Articuno|Articuno-Galar, shiny|51/100
|-damage|p1a: Articuno|26/100|[from] Stealth Rock
|
|upkeep
|turn|16
|
|t:|1743812245
|move|p1a: Articuno|Tera Blast|p2a: Ting-Lu
|-damage|p2a: Ting-Lu|1/100
|move|p2a: Ting-Lu|Whirlwind|p1a: Articuno
|drag|p1a: Hitmonlee|Hitmonlee, M|47/100
|-damage|p1a: Hitmonlee|41/100|[from] Stealth Rock
|
|upkeep
|turn|17
|
|t:|1743812254
|move|p1a: Hitmonlee|Knock Off|p2a: Ting-Lu
|-resisted|p2a: Ting-Lu
|-damage|p2a: Ting-Lu|0 fnt
|-enditem|p2a: Ting-Lu|Choice Scarf|[from] move: Knock Off|[of] p1a: Hitmonlee
|faint|p2a: Ting-Lu
|
|upkeep
|
|t:|1743812261
|switch|p2a: Great Tusk|Great Tusk|100/100
|-enditem|p2a: Great Tusk|Booster Energy
|-activate|p2a: Great Tusk|ability: Protosynthesis|[fromitem]
|-start|p2a: Great Tusk|protosynthesisatk
|turn|18
|
|t:|1743812268
|move|p1a: Hitmonlee|Endure|p1a: Hitmonlee
|-singleturn|p1a: Hitmonlee|move: Endure
|move|p2a: Great Tusk|Rapid Spin|p1a: Hitmonlee
|-activate|p1a: Hitmonlee|move: Endure
|-damage|p1a: Hitmonlee|1/100
|-boost|p2a: Great Tusk|spe|1
|-enditem|p1a: Hitmonlee|Liechi Berry|[eat]
|-boost|p1a: Hitmonlee|atk|1|[from] item: Liechi Berry
|
|upkeep
|turn|19
|
|t:|1743812277
|move|p1a: Hitmonlee|Reversal|p2a: Great Tusk
|-damage|p2a: Great Tusk|10/100
|move|p2a: Great Tusk|Rapid Spin|p1a: Hitmonlee
|-damage|p1a: Hitmonlee|0 fnt
|-boost|p2a: Great Tusk|spe|1
|faint|p1a: Hitmonlee
|
|upkeep
|
|t:|1743812285
|switch|p1a: Rhydon|Rhydon, M, shiny|94/100
|-damage|p1a: Rhydon|88/100|[from] Stealth Rock
|turn|20
|
|t:|1743812290
|move|p2a: Great Tusk|Earthquake|p1a: Rhydon
|-supereffective|p1a: Rhydon
|-damage|p1a: Rhydon|20/100
|move|p1a: Rhydon|Earthquake|p2a: Great Tusk
|-damage|p2a: Great Tusk|0 fnt
|faint|p2a: Great Tusk
|-end|p2a: Great Tusk|Protosynthesis|[silent]
|
|upkeep
|
|t:|1743812307
|switch|p2a: Munkidori|Munkidori, M|100/100
|turn|21
|
|t:|1743812310
|move|p2a: Munkidori|Hex|p1a: Rhydon
|-damage|p1a: Rhydon|7/100
|move|p1a: Rhydon|Earthquake|p2a: Munkidori
|-supereffective|p2a: Munkidori
|-damage|p2a: Munkidori|0 fnt
|faint|p2a: Munkidori
|
|upkeep
|
|t:|1743812317
|switch|p2a: Sinistcha|Sinistcha|100/100
|turn|22
|
|t:|1743812325
|-terastallize|p1a: Rhydon|Steel
|move|p2a: Sinistcha|Strength Sap|p1a: Rhydon
|-unboost|p1a: Rhydon|atk|1
|move|p1a: Rhydon|Rest|p1a: Rhydon
|-status|p1a: Rhydon|slp|[from] move: Rest
|-heal|p1a: Rhydon|100/100 slp|[silent]
|
|upkeep
|turn|23
|
|t:|1743812335
|move|p2a: Sinistcha|Hex|p1a: Rhydon
|-damage|p1a: Rhydon|62/100 slp
|cant|p1a: Rhydon|slp
|
|upkeep
|turn|24
|
|t:|1743812341
|move|p2a: Sinistcha|Hex|p1a: Rhydon
|-damage|p1a: Rhydon|23/100 slp
|cant|p1a: Rhydon|slp
|
|upkeep
|turn|25
|
|t:|1743812347
|move|p2a: Sinistcha|Hex|p1a: Rhydon
|-damage|p1a: Rhydon|0 fnt
|faint|p1a: Rhydon
|
|upkeep
|
|t:|1743812352
|switch|p1a: Gengar|Gengar, M, shiny|94/100
|-damage|p1a: Gengar|82/100|[from] Stealth Rock
|turn|26
|
|t:|1743812358
|move|p1a: Gengar|Shadow Ball|p2a: Sinistcha
|-supereffective|p2a: Sinistcha
|-damage|p2a: Sinistcha|0 fnt
|faint|p2a: Sinistcha
|
|win|bigkatt96
|raw|bigkatt96's rating: 1308 &rarr; <strong>1331</strong><br />(+23 for winning)
|raw|bowling12345's rating: 1368 &rarr; <strong>1345</strong><br />(-23 for losing)
|l|☆bowling12345
|player|p2|
|l|‽bigkatt96
|player|p1|
