|j|☆hahaha noob 1
|j|☆hitmongigas
|t:|1743932301
|gametype|singles
|player|p1|hahaha noob 1|265|1101
|player|p2|hitmongigas|steven-masters2|1124
|teamsize|p1|6
|teamsize|p2|6
|gen|9
|tier|[Gen 9] OU
|rated|
|rule|HP Percentage Mod: HP is shown in percentages
|rule|Endless Battle Clause: Forcing endless battles is banned
|rule|Species Clause: Limit one of each Pokémon
|rule|OHKO Clause: OHKO moves are banned
|rule|Evasion Items Clause: Evasion items are banned
|rule|Evasion Moves Clause: Evasion moves are banned
|rule|Sleep Moves Clause: Sleep-inducing moves are banned
|clearpoke
|poke|p1|Blissey, F|
|poke|p1|Bronzong|
|poke|p1|Gliscor, F|
|poke|p1|Dondozo, M|
|poke|p1|Alomomola, F|
|poke|p1|Swalot, F|
|poke|p2|Great Tusk|
|poke|p2|Gholdengo|
|poke|p2|Alomomola, F|
|poke|p2|Gliscor, F|
|poke|p2|Raging Bolt|
|poke|p2|Ogerpon-Wellspring, F|
|teampreview
|c|☆hitmongigas|glhf
|c|☆hahaha noob 1|u2
|
|t:|1743932325
|start
|switch|p1a: Bronzong|Bronzong|100/100
|switch|p2a: Gholdengo|Gholdengo|100/100
|turn|1
|
|t:|1743932345
|switch|p1a: Blissey|Blissey, F|100/100
|move|p2a: Gholdengo|Thunder Wave|p1a: Blissey
|-status|p1a: Blissey|par
|
|upkeep
|turn|2
|
|t:|1743932358
|switch|p2a: Great Tusk|Great Tusk|100/100
|move|p1a: Blissey|Flamethrower|p2a: Great Tusk
|-damage|p2a: Great Tusk|78/100
|
|upkeep
|turn|3
|
|t:|1743932371
|-curestatus|p1a: Blissey|par|[from] ability: Natural Cure
|switch|p1a: Bronzong|Bronzong|100/100
|move|p2a: Great Tusk|Stealth Rock|p1a: Bronzong
|-sidestart|p1: hahaha noob 1|move: Stealth Rock
|
|upkeep
|turn|4
|
|t:|1743932378
|-end|p2a: Great Tusk|Protosynthesis|[silent]
|switch|p2a: Ogerpon|Ogerpon-Wellspring, F|100/100
|move|p1a: Bronzong|Stealth Rock|p2a: Ogerpon
|-sidestart|p2: hitmongigas|move: Stealth Rock
|
|upkeep
|turn|5
|
|t:|1743932386
|switch|p1a: Swalot|Swalot, F|100/100
|move|p2a: Ogerpon|Knock Off|p1a: Swalot
|-damage|p1a: Swalot|73/100
|-activate|p1a: Swalot|ability: Sticky Hold
|
|upkeep
|turn|6
|
|t:|1743932412
|-terastallize|p2a: Ogerpon|Water
|detailschange|p2a: Ogerpon|Ogerpon-Wellspring-Tera, F, tera:Water
|-ability|p2a: Ogerpon|Embody Aspect (Wellspring)|boost
|-boost|p2a: Ogerpon|spd|1
|move|p2a: Ogerpon|Ivy Cudgel|p1a: Swalot|[anim] Ivy Cudgel Water
|-damage|p1a: Swalot|16/100
|move|p1a: Swalot|Toxic Spikes|p2a: Ogerpon
|-sidestart|p2: hitmongigas|move: Toxic Spikes
|
|upkeep
|turn|7
|
|t:|1743932419
|switch|p1a: Dondozo|Dondozo, M|100/100
|move|p2a: Ogerpon|Ivy Cudgel|p1a: Dondozo|[anim] Ivy Cudgel Water
|-resisted|p1a: Dondozo
|-damage|p1a: Dondozo|82/100
|
|upkeep
|turn|8
|
|t:|1743932429
|-terastallize|p1a: Dondozo|Fighting
|move|p2a: Ogerpon|Horn Leech|p1a: Dondozo
|-damage|p1a: Dondozo|63/100
|move|p1a: Dondozo|Curse|p1a: Dondozo
|-unboost|p1a: Dondozo|spe|1
|-boost|p1a: Dondozo|atk|1
|-boost|p1a: Dondozo|def|1
|
|upkeep
|turn|9
|
|t:|1743932438
|switch|p2a: Great Tusk|Great Tusk|78/100
|move|p1a: Dondozo|Curse|p1a: Dondozo
|-unboost|p1a: Dondozo|spe|1
|-boost|p1a: Dondozo|atk|1
|-boost|p1a: Dondozo|def|1
|
|upkeep
|turn|10
|
|t:|1743932441
|move|p2a: Great Tusk|Rapid Spin|p1a: Dondozo
|-damage|p1a: Dondozo|59/100
|-boost|p2a: Great Tusk|spe|1
|-sideend|p2: hitmongigas|Toxic Spikes|[from] move: Rapid Spin|[of] p2a: Great Tusk
|-sideend|p2: hitmongigas|Stealth Rock|[from] move: Rapid Spin|[of] p2a: Great Tusk
|move|p1a: Dondozo|Waterfall|p2a: Great Tusk
|-supereffective|p2a: Great Tusk
|-damage|p2a: Great Tusk|4/100
|
|upkeep
|turn|11
|
|t:|1743932447
|move|p2a: Great Tusk|Close Combat|p1a: Dondozo
|-damage|p1a: Dondozo|46/100
|-unboost|p2a: Great Tusk|def|1
|-unboost|p2a: Great Tusk|spd|1
|move|p1a: Dondozo|Rest|p1a: Dondozo
|-status|p1a: Dondozo|slp|[from] move: Rest
|-heal|p1a: Dondozo|100/100 slp|[silent]
|
|upkeep
|turn|12
|
|t:|1743932456
|move|p2a: Great Tusk|Close Combat|p1a: Dondozo
|-damage|p1a: Dondozo|87/100 slp
|-unboost|p2a: Great Tusk|def|1
|-unboost|p2a: Great Tusk|spd|1
|cant|p1a: Dondozo|slp
|move|p1a: Dondozo|Sleep Talk|p1a: Dondozo
|move|p1a: Dondozo|Rest||[from] move: Sleep Talk|[still]
|-fail|p1a: Dondozo
|
|upkeep
|turn|13
|
|t:|1743932471
|move|p2a: Great Tusk|Close Combat|p1a: Dondozo
|-damage|p1a: Dondozo|73/100 slp
|-unboost|p2a: Great Tusk|def|1
|-unboost|p2a: Great Tusk|spd|1
|cant|p1a: Dondozo|slp
|move|p1a: Dondozo|Sleep Talk|p1a: Dondozo
|move|p1a: Dondozo|Curse|p1a: Dondozo|[from] move: Sleep Talk
|-unboost|p1a: Dondozo|spe|1
|-boost|p1a: Dondozo|atk|1
|-boost|p1a: Dondozo|def|1
|
|upkeep
|turn|14
|
|t:|1743932482
|move|p2a: Great Tusk|Close Combat|p1a: Dondozo
|-damage|p1a: Dondozo|61/100 slp
|-unboost|p2a: Great Tusk|def|1
|-unboost|p2a: Great Tusk|spd|1
|-curestatus|p1a: Dondozo|slp|[msg]
|move|p1a: Dondozo|Rest|p1a: Dondozo
|-status|p1a: Dondozo|slp|[from] move: Rest
|-heal|p1a: Dondozo|100/100 slp|[silent]
|
|upkeep
|turn|15
|
|t:|1743932487
|move|p2a: Great Tusk|Close Combat|p1a: Dondozo
|-damage|p1a: Dondozo|90/100 slp
|-unboost|p2a: Great Tusk|def|1
|-unboost|p2a: Great Tusk|spd|1
|cant|p1a: Dondozo|slp
|move|p1a: Dondozo|Sleep Talk|p1a: Dondozo
|move|p1a: Dondozo|Curse|p1a: Dondozo|[from] move: Sleep Talk
|-unboost|p1a: Dondozo|spe|1
|-boost|p1a: Dondozo|atk|1
|-boost|p1a: Dondozo|def|1
|
|upkeep
|turn|16
|
|t:|1743932500
|move|p2a: Great Tusk|Close Combat|p1a: Dondozo
|-damage|p1a: Dondozo|81/100 slp
|-unboost|p2a: Great Tusk|def|1
|-unboost|p2a: Great Tusk|spd|1
|cant|p1a: Dondozo|slp
|move|p1a: Dondozo|Sleep Talk|p1a: Dondozo
|move|p1a: Dondozo|Rest||[from] move: Sleep Talk|[still]
|-fail|p1a: Dondozo
|
|upkeep
|turn|17
|
|t:|1743932505
|move|p2a: Great Tusk|Close Combat|p1a: Dondozo
|-damage|p1a: Dondozo|72/100 slp
|-curestatus|p1a: Dondozo|slp|[msg]
|move|p1a: Dondozo|Waterfall|p2a: Great Tusk
|-supereffective|p2a: Great Tusk
|-damage|p2a: Great Tusk|0 fnt
|faint|p2a: Great Tusk
|-end|p2a: Great Tusk|Protosynthesis|[silent]
|
|upkeep
|
|t:|1743932511
|switch|p2a: Raging Bolt|Raging Bolt|100/100
|-enditem|p2a: Raging Bolt|Booster Energy
|-activate|p2a: Raging Bolt|ability: Protosynthesis|[fromitem]
|-start|p2a: Raging Bolt|protosynthesisspa
|turn|18
|
|t:|1743932515
|switch|p1a: Blissey|Blissey, F|100/100
|move|p2a: Raging Bolt|Dragon Pulse|p1a: Blissey
|-damage|p1a: Blissey|79/100
|
|upkeep
|turn|19
|
|t:|1743932520
|move|p2a: Raging Bolt|Calm Mind|p2a: Raging Bolt
|-boost|p2a: Raging Bolt|spa|1
|-boost|p2a: Raging Bolt|spd|1
|move|p1a: Blissey|Seismic Toss|p2a: Raging Bolt
|-damage|p2a: Raging Bolt|78/100
|
|upkeep
|turn|20
|
|t:|1743932525
|move|p2a: Raging Bolt|Calm Mind|p2a: Raging Bolt
|-boost|p2a: Raging Bolt|spa|1
|-boost|p2a: Raging Bolt|spd|1
|move|p1a: Blissey|Seismic Toss|p2a: Raging Bolt
|-damage|p2a: Raging Bolt|55/100
|
|upkeep
|turn|21
|
|t:|1743932528
|move|p2a: Raging Bolt|Thunderbolt|p1a: Blissey
|-damage|p1a: Blissey|34/100
|-status|p1a: Blissey|par
|cant|p1a: Blissey|par
|
|upkeep
|turn|22
|
|t:|1743932537
|move|p2a: Raging Bolt|Dragon Pulse|p1a: Blissey
|-damage|p1a: Blissey|0 fnt
|faint|p1a: Blissey
|
|upkeep
|
|t:|1743932542
|switch|p1a: Gliscor|Gliscor, F|100/100
|-damage|p1a: Gliscor|88/100|[from] Stealth Rock
|turn|23
|
|t:|1743932545
|move|p1a: Gliscor|Earthquake|p2a: Raging Bolt
|-supereffective|p2a: Raging Bolt
|-damage|p2a: Raging Bolt|0 fnt
|faint|p2a: Raging Bolt
|-end|p2a: Raging Bolt|Protosynthesis|[silent]
|
|-status|p1a: Gliscor|tox|[from] item: Toxic Orb
|upkeep
|
|t:|1743932549
|switch|p2a: Ogerpon|Ogerpon-Wellspring-Tera, F, tera:Water|100/100
|-ability|p2a: Ogerpon|Embody Aspect (Wellspring)|boost
|-boost|p2a: Ogerpon|spd|1
|turn|24
|
|t:|1743932560
|switch|p1a: Dondozo|Dondozo, M, tera:Fighting|72/100
|move|p2a: Ogerpon|Ivy Cudgel|p1a: Dondozo|[anim] Ivy Cudgel Water
|-crit|p1a: Dondozo
|-damage|p1a: Dondozo|20/100
|
|upkeep
|turn|25
|-message|hahaha noob 1 forfeited.
|
|win|hitmongigas
|raw|hahaha noob 1's rating: 1101 &rarr; <strong>1078</strong><br />(-23 for losing)
|raw|hitmongigas's rating: 1124 &rarr; <strong>1147</strong><br />(+23 for winning)
|l|☆hahaha noob 1
|player|p1|
|l|☆hitmongigas
|player|p2|
