|j|☆innymilly
|j|☆Zapy364
|t:|1743792732
|gametype|singles
|player|p1|innymilly|ethan|1769
|player|p2|Zapy364|102|1698
|teamsize|p1|6
|teamsize|p2|6
|gen|9
|tier|[Gen 9] OU
|rated|
|rule|HP Percentage Mod: HP is shown in percentages
|rule|Endless Battle Clause: Forcing endless battles is banned
|rule|Species Clause: Limit one of each Pokémon
|rule|OHKO Clause: OHKO moves are banned
|rule|Evasion Items Clause: Evasion items are banned
|rule|Evasion Moves Clause: Evasion moves are banned
|rule|Sleep Moves Clause: Sleep-inducing moves are banned
|clearpoke
|poke|p1|Ting-Lu|
|poke|p1|Sinistcha|
|poke|p1|Garganacl, M|
|poke|p1|Moltres|
|poke|p1|Okidogi, M|
|poke|p1|Dragonite, F|
|poke|p2|Keldeo-Resolute|
|poke|p2|Primarina, F|
|poke|p2|Ogerpon-Cornerstone, F|
|poke|p2|Raging Bolt|
|poke|p2|Great Tusk|
|poke|p2|Zamazenta-*|
|teampreview
|inactive|Battle timer is ON: inactive players will automatically lose when time's up. (requested by Zapy364)
|
|t:|1743792742
|start
|switch|p1a: Okidogi|Okidogi, M|100/100
|switch|p2a: Keldeo|Keldeo-Resolute|100/100
|turn|1
|j| Maitre_Denver
|
|t:|1743792762
|move|p2a: Keldeo|Flip Turn|p1a: Okidogi
|-damage|p1a: Okidogi|90/100
|
|t:|1743792764
|switch|p2a: Great Tusk|Great Tusk|100/100|[from] Flip Turn
|move|p1a: Okidogi|Drain Punch|p2a: Great Tusk
|-damage|p2a: Great Tusk|79/100
|-heal|p1a: Okidogi|100/100|[from] drain|[of] p2a: Great Tusk
|-damage|p1a: Okidogi|84/100|[from] item: Rocky Helmet|[of] p2a: Great Tusk
|-status|p2a: Great Tusk|tox|[from] ability: Toxic Chain|[of] p1a: Okidogi
|
|-heal|p1a: Okidogi|90/100|[from] item: Leftovers
|-damage|p2a: Great Tusk|73/100 tox|[from] psn
|upkeep
|turn|2
|
|t:|1743792776
|switch|p1a: Moltres|Moltres|100/100
|move|p2a: Great Tusk|Stealth Rock|p1a: Moltres
|-sidestart|p1: innymilly|move: Stealth Rock
|
|-damage|p2a: Great Tusk|60/100 tox|[from] psn
|upkeep
|turn|3
|
|t:|1743792779
|move|p2a: Great Tusk|Knock Off|p1a: Moltres
|-damage|p1a: Moltres|82/100
|-enditem|p1a: Moltres|Heavy-Duty Boots|[from] move: Knock Off|[of] p2a: Great Tusk
|move|p1a: Moltres|Flamethrower|p2a: Great Tusk
|-damage|p2a: Great Tusk|11/100 tox
|
|-damage|p2a: Great Tusk|0 fnt|[from] psn
|faint|p2a: Great Tusk
|-end|p2a: Great Tusk|Protosynthesis|[silent]
|upkeep
|
|t:|1743792789
|switch|p2a: Keldeo|Keldeo-Resolute|100/100
|turn|4
|
|t:|1743792795
|switch|p1a: Sinistcha|Sinistcha|100/100
|move|p2a: Keldeo|Surf|p1a: Sinistcha
|-resisted|p1a: Sinistcha
|-damage|p1a: Sinistcha|58/100
|
|upkeep
|turn|5
|j| THING MAKER
|
|t:|1743792801
|switch|p2a: Raging Bolt|Raging Bolt|100/100
|move|p1a: Sinistcha|Strength Sap|p2a: Raging Bolt
|-unboost|p2a: Raging Bolt|atk|1
|-heal|p1a: Sinistcha|100/100
|
|upkeep
|turn|6
|
|t:|1743792809
|switch|p1a: Ting-Lu|Ting-Lu|100/100
|-damage|p1a: Ting-Lu|94/100|[from] Stealth Rock
|-ability|p1a: Ting-Lu|Vessel of Ruin
|move|p2a: Raging Bolt|Draco Meteor|p1a: Ting-Lu
|-damage|p1a: Ting-Lu|48/100
|-unboost|p2a: Raging Bolt|spa|2
|
|-heal|p1a: Ting-Lu|54/100|[from] item: Leftovers
|upkeep
|turn|7
|
|t:|1743792814
|-end|p2a: Raging Bolt|Protosynthesis|[silent]
|switch|p2a: Primarina|Primarina, F|100/100
|move|p1a: Ting-Lu|Spikes|p2a: Primarina
|-sidestart|p2: Zapy364|Spikes
|
|-heal|p1a: Ting-Lu|60/100|[from] item: Leftovers
|upkeep
|turn|8
|
|t:|1743792817
|move|p2a: Primarina|Moonblast|p1a: Ting-Lu
|-supereffective|p1a: Ting-Lu
|-damage|p1a: Ting-Lu|14/100
|-unboost|p1a: Ting-Lu|spa|1
|move|p1a: Ting-Lu|Spikes|p2a: Primarina
|-sidestart|p2: Zapy364|Spikes
|
|-heal|p1a: Ting-Lu|20/100|[from] item: Leftovers
|upkeep
|turn|9
|j| metaloid
|
|t:|1743792825
|move|p2a: Primarina|Moonblast|p1a: Ting-Lu
|-supereffective|p1a: Ting-Lu
|-damage|p1a: Ting-Lu|0 fnt
|faint|p1a: Ting-Lu
|
|upkeep
|
|t:|1743792827
|switch|p1a: Okidogi|Okidogi, M|90/100
|-damage|p1a: Okidogi|84/100|[from] Stealth Rock
|turn|10
|
|t:|1743792837
|-terastallize|p2a: Primarina|Steel
|move|p1a: Okidogi|Poison Jab|p2a: Primarina
|-immune|p2a: Primarina
|move|p2a: Primarina|Psychic Noise|p1a: Okidogi
|-supereffective|p1a: Okidogi
|-damage|p1a: Okidogi|3/100
|-start|p1a: Okidogi|move: Heal Block
|
|upkeep
|turn|11
|
|t:|1743792860
|move|p1a: Okidogi|Knock Off|p2a: Primarina
|-damage|p2a: Primarina|69/100
|-enditem|p2a: Primarina|Assault Vest|[from] move: Knock Off|[of] p1a: Okidogi
|move|p2a: Primarina|Psychic Noise|p1a: Okidogi
|-supereffective|p1a: Okidogi
|-damage|p1a: Okidogi|0 fnt
|faint|p1a: Okidogi
|
|upkeep
|
|t:|1743792869
|switch|p1a: Dragonite|Dragonite, F|100/100
|turn|12
|
|t:|1743792882
|switch|p2a: Zamazenta|Zamazenta|100/100
|-damage|p2a: Zamazenta|84/100|[from] Spikes
|-ability|p2a: Zamazenta|Dauntless Shield|boost
|-boost|p2a: Zamazenta|def|1
|move|p1a: Dragonite|Low Kick|p2a: Zamazenta
|-damage|p2a: Zamazenta|61/100
|
|-heal|p2a: Zamazenta|67/100|[from] item: Leftovers
|upkeep
|turn|13
|
|t:|1743792889
|switch|p1a: Moltres|Moltres|82/100
|-damage|p1a: Moltres|32/100|[from] Stealth Rock
|move|p2a: Zamazenta|Iron Defense|p2a: Zamazenta
|-boost|p2a: Zamazenta|def|2
|
|-heal|p2a: Zamazenta|73/100|[from] item: Leftovers
|upkeep
|turn|14
|
|t:|1743792898
|move|p1a: Moltres|Will-O-Wisp|p2a: Zamazenta
|-status|p2a: Zamazenta|brn
|move|p2a: Zamazenta|Roar|p1a: Moltres
|drag|p1a: Sinistcha|Sinistcha|100/100
|
|-heal|p2a: Zamazenta|79/100 brn|[from] item: Leftovers
|-damage|p2a: Zamazenta|73/100 brn|[from] brn
|upkeep
|turn|15
|
|t:|1743792905
|switch|p2a: Raging Bolt|Raging Bolt|100/100
|-damage|p2a: Raging Bolt|84/100|[from] Spikes
|move|p1a: Sinistcha|Matcha Gotcha|p2a: Raging Bolt
|-resisted|p2a: Raging Bolt
|-damage|p2a: Raging Bolt|70/100
|-status|p2a: Raging Bolt|brn
|
|-damage|p2a: Raging Bolt|63/100 brn|[from] brn
|upkeep
|turn|16
|
|t:|1743792912
|switch|p1a: Garganacl|Garganacl, M|100/100
|-damage|p1a: Garganacl|88/100|[from] Stealth Rock
|move|p2a: Raging Bolt|Volt Switch|p1a: Garganacl
|-damage|p1a: Garganacl|46/100
|
|t:|1743792916
|-end|p2a: Raging Bolt|Protosynthesis|[silent]
|switch|p2a: Keldeo|Keldeo-Resolute|100/100|[from] Volt Switch
|-damage|p2a: Keldeo|84/100|[from] Spikes
|
|-heal|p1a: Garganacl|52/100|[from] item: Leftovers
|upkeep
|turn|17
|
|t:|1743792921
|move|p1a: Garganacl|Protect|p1a: Garganacl
|-singleturn|p1a: Garganacl|Protect
|move|p2a: Keldeo|Flip Turn|p1a: Garganacl
|-activate|p1a: Garganacl|move: Protect
|
|-heal|p1a: Garganacl|58/100|[from] item: Leftovers
|upkeep
|turn|18
|
|t:|1743792927
|move|p2a: Keldeo|Flip Turn|p1a: Garganacl
|-supereffective|p1a: Garganacl
|-damage|p1a: Garganacl|38/100
|
|t:|1743792930
|switch|p2a: Raging Bolt|Raging Bolt|63/100 brn|[from] Flip Turn
|-damage|p2a: Raging Bolt|47/100 brn|[from] Spikes
|move|p1a: Garganacl|Salt Cure|p2a: Raging Bolt
|-damage|p2a: Raging Bolt|34/100 brn
|-start|p2a: Raging Bolt|Salt Cure
|
|-heal|p1a: Garganacl|44/100|[from] item: Leftovers
|-damage|p2a: Raging Bolt|28/100 brn|[from] brn
|-damage|p2a: Raging Bolt|15/100 brn|[from] Salt Cure
|upkeep
|turn|19
|
|t:|1743792940
|move|p2a: Raging Bolt|Volt Switch|p1a: Garganacl
|-damage|p1a: Garganacl|0 fnt
|faint|p1a: Garganacl
|
|t:|1743792956
|-end|p2a: Raging Bolt|Protosynthesis|[silent]
|switch|p2a: Keldeo|Keldeo-Resolute|84/100|[from] Volt Switch
|-damage|p2a: Keldeo|68/100|[from] Spikes
|
|upkeep
|
|t:|1743792965
|switch|p1a: Sinistcha|Sinistcha|100/100
|turn|20
|c| Maitre_Denver|innymilly you're so bad
|
|t:|1743792975
|switch|p2a: Raging Bolt|Raging Bolt|15/100 brn
|-damage|p2a: Raging Bolt|0 fnt|[from] Spikes
|faint|p2a: Raging Bolt
|-end|p2a: Raging Bolt|Protosynthesis|[silent]
|move|p1a: Sinistcha|Matcha Gotcha|p2: Raging Bolt|[notarget]
|-fail|p1a: Sinistcha
|
|upkeep
|c| THING MAKER|oof
|
|t:|1743792982
|switch|p2a: Ogerpon|Ogerpon-Cornerstone, F|100/100
|-damage|p2a: Ogerpon|84/100|[from] Spikes
|turn|21
|c|☆innymilly|ok
|
|t:|1743792994
|move|p2a: Ogerpon|Swords Dance|p2a: Ogerpon
|-boost|p2a: Ogerpon|atk|2
|move|p1a: Sinistcha|Matcha Gotcha|p2a: Ogerpon
|-damage|p2a: Ogerpon|43/100
|
|upkeep
|turn|22
|
|t:|1743793000
|move|p2a: Ogerpon|Ivy Cudgel|p1a: Sinistcha|[anim] Ivy Cudgel Rock
|-damage|p1a: Sinistcha|23/100
|move|p1a: Sinistcha|Strength Sap|p2a: Ogerpon
|-unboost|p2a: Ogerpon|atk|1
|-heal|p1a: Sinistcha|100/100
|
|upkeep
|turn|23
|c|☆innymilly|gen9ou	1192	39.7%	1420 ± 62
|inactive|Zapy364 has 120 seconds left.
|
|t:|1743793046
|move|p2a: Ogerpon|Swords Dance|p2a: Ogerpon
|-boost|p2a: Ogerpon|atk|2
|move|p1a: Sinistcha|Matcha Gotcha|p2a: Ogerpon
|-damage|p2a: Ogerpon|4/100
|
|upkeep
|turn|24
|
|t:|1743793058
|switch|p1a: Moltres|Moltres|32/100
|-damage|p1a: Moltres|0 fnt|[from] Stealth Rock
|faint|p1a: Moltres
|move|p2a: Ogerpon|Ivy Cudgel|p1: Moltres|[notarget]
|-fail|p2a: Ogerpon
|
|upkeep
|
|t:|1743793060
|switch|p1a: Dragonite|Dragonite, F|100/100
|turn|25
|
|t:|1743793063
|move|p2a: Ogerpon|Spiky Shield|p2a: Ogerpon
|-singleturn|p2a: Ogerpon|move: Protect
|move|p1a: Dragonite|Extreme Speed|p2a: Ogerpon
|-activate|p2a: Ogerpon|move: Protect
|-damage|p1a: Dragonite|88/100|[from] Spiky Shield|[of] p2a: Ogerpon
|
|upkeep
|turn|26
|
|t:|1743793075
|move|p1a: Dragonite|Extreme Speed|p2a: Ogerpon
|-resisted|p2a: Ogerpon
|-damage|p2a: Ogerpon|0 fnt
|faint|p2a: Ogerpon
|
|upkeep
|inactive|Zapy364 has 120 seconds left.
|
|t:|1743793093
|switch|p2a: Keldeo|Keldeo-Resolute|68/100
|-damage|p2a: Keldeo|51/100|[from] Spikes
|turn|27
|
|t:|1743793101
|move|p2a: Keldeo|Surf|p1a: Dragonite
|-resisted|p1a: Dragonite
|-damage|p1a: Dragonite|55/100
|move|p1a: Dragonite|Dragon Tail|p2a: Keldeo
|-damage|p2a: Keldeo|12/100
|drag|p2a: Zamazenta|Zamazenta|73/100 brn
|-damage|p2a: Zamazenta|57/100 brn|[from] Spikes
|
|-heal|p2a: Zamazenta|63/100 brn|[from] item: Leftovers
|-damage|p2a: Zamazenta|57/100 brn|[from] brn
|upkeep
|turn|28
|
|t:|1743793113
|move|p1a: Dragonite|Roost|p1a: Dragonite
|-heal|p1a: Dragonite|100/100
|-singleturn|p1a: Dragonite|move: Roost
|move|p2a: Zamazenta|Roar|p1a: Dragonite
|drag|p1a: Sinistcha|Sinistcha|100/100
|
|-heal|p2a: Zamazenta|63/100 brn|[from] item: Leftovers
|-damage|p2a: Zamazenta|57/100 brn|[from] brn
|upkeep
|turn|29
|
|t:|1743793118
|switch|p2a: Keldeo|Keldeo-Resolute|12/100
|-damage|p2a: Keldeo|0 fnt|[from] Spikes
|faint|p2a: Keldeo
|move|p1a: Sinistcha|Shadow Ball|p2: Keldeo|[notarget]
|-fail|p1a: Sinistcha
|
|upkeep
|
|t:|1743793121
|switch|p2a: Primarina|Primarina, F, tera:Steel|69/100
|-damage|p2a: Primarina|53/100|[from] Spikes
|turn|30
|
|t:|1743793129
|switch|p1a: Dragonite|Dragonite, F|100/100
|move|p2a: Primarina|Moonblast|p1a: Dragonite
|-supereffective|p1a: Dragonite
|-damage|p1a: Dragonite|57/100
|
|upkeep
|turn|31
|
|t:|1743793135
|-terastallize|p1a: Dragonite|Normal
|move|p1a: Dragonite|Low Kick|p2a: Primarina
|-supereffective|p2a: Primarina
|-damage|p2a: Primarina|0 fnt
|faint|p2a: Primarina
|
|upkeep
|
|t:|1743793140
|switch|p2a: Zamazenta|Zamazenta|57/100 brn
|-damage|p2a: Zamazenta|40/100 brn|[from] Spikes
|turn|32
|
|t:|1743793143
|move|p1a: Dragonite|Extreme Speed|p2a: Zamazenta
|-damage|p2a: Zamazenta|8/100 brn
|move|p2a: Zamazenta|Body Press|p1a: Dragonite
|-supereffective|p1a: Dragonite
|-damage|p1a: Dragonite|28/100
|
|-heal|p2a: Zamazenta|15/100 brn|[from] item: Leftovers
|-damage|p2a: Zamazenta|8/100 brn|[from] brn
|upkeep
|turn|33
|
|t:|1743793146
|move|p1a: Dragonite|Extreme Speed|p2a: Zamazenta
|-damage|p2a: Zamazenta|0 fnt
|faint|p2a: Zamazenta
|
|win|innymilly
|raw|innymilly's rating: 1769 &rarr; <strong>1785</strong><br />(+16 for winning)
|raw|Zapy364's rating: 1698 &rarr; <strong>1682</strong><br />(-16 for losing)
|l|☆Zapy364
|player|p2|
|l|☆innymilly
|player|p1|
|l| Maitre_Denver
|l| metaloid
