|j|☆torito25
|j|☆RadiantShadow
|t:|1743938888
|gametype|singles
|player|p1|torito25|101|1436
|player|p2|RadiantShadow|acetrainerf-gen4dp|1381
|teamsize|p1|6
|teamsize|p2|6
|gen|9
|tier|[Gen 9] OU
|rated|
|rule|HP Percentage Mod: HP is shown in percentages
|rule|Endless Battle Clause: Forcing endless battles is banned
|rule|Species Clause: Limit one of each Pokémon
|rule|OHKO Clause: OHKO moves are banned
|rule|Evasion Items Clause: Evasion items are banned
|rule|Evasion Moves Clause: Evasion moves are banned
|rule|Sleep Moves Clause: Sleep-inducing moves are banned
|clearpoke
|poke|p1|Moltres|
|poke|p1|Kyurem|
|poke|p1|Dragapult, F|
|poke|p1|Zamazenta-*|
|poke|p1|Weezing-Galar, F|
|poke|p1|Ting-Lu|
|poke|p2|Ceruledge, F|
|poke|p2|Garchomp, M|
|poke|p2|Iron Valiant|
|poke|p2|Hatterene, F|
|poke|p2|Gholdengo|
|poke|p2|Iron Jugulis|
|teampreview
|inactive|Battle timer is ON: inactive players will automatically lose when time's up. (requested by torito25)
|
|t:|1743938915
|start
|switch|p1a: Kyurem|Kyurem|100/100
|switch|p2a: Stardust|Hatterene, F|100/100
|-ability|p1a: Kyurem|Pressure
|turn|1
|inactive|torito25 has 120 seconds left.
|inactive|torito25 has 90 seconds left.
|
|t:|1743939004
|switch|p1a: Weezing|Weezing-Galar, F|100/100
|-ability|p1a: Weezing|Neutralizing Gas
|move|p2a: Stardust|Draining Kiss|p1a: Weezing
|-resisted|p1a: Weezing
|-damage|p1a: Weezing|81/100
|
|-heal|p1a: Weezing|87/100|[from] item: Black Sludge
|upkeep
|turn|2
|
|t:|1743939015
|-end|p1a: Weezing|ability: Neutralizing Gas
|switch|p1a: Ting-Lu|Ting-Lu|100/100
|-ability|p1a: Ting-Lu|Vessel of Ruin
|-terastallize|p2a: Stardust|Steel
|move|p2a: Stardust|Psyshock|p1a: Ting-Lu
|-immune|p1a: Ting-Lu
|
|upkeep
|turn|3
|
|t:|1743939022
|move|p1a: Ting-Lu|Earthquake|p2a: Stardust
|-supereffective|p2a: Stardust
|-damage|p2a: Stardust|20/100
|move|p2a: Stardust|Draining Kiss|p1a: Ting-Lu
|-supereffective|p1a: Ting-Lu
|-damage|p1a: Ting-Lu|75/100
|-heal|p2a: Stardust|53/100|[from] drain|[of] p1a: Ting-Lu
|
|-heal|p1a: Ting-Lu|81/100|[from] item: Leftovers
|upkeep
|turn|4
|
|t:|1743939030
|switch|p2a: Noir|Iron Jugulis|100/100
|-enditem|p2a: Noir|Booster Energy
|-activate|p2a: Noir|ability: Quark Drive|[fromitem]
|-start|p2a: Noir|quarkdrivespa
|move|p1a: Ting-Lu|Ruination|p2a: Noir
|-damage|p2a: Noir|51/100
|
|-heal|p1a: Ting-Lu|87/100|[from] item: Leftovers
|upkeep
|turn|5
|
|t:|1743939049
|move|p2a: Noir|Air Slash|p1a: Ting-Lu
|-damage|p1a: Ting-Lu|68/100
|cant|p1a: Ting-Lu|flinch
|
|-heal|p1a: Ting-Lu|74/100|[from] item: Leftovers
|upkeep
|turn|6
|
|t:|1743939067
|move|p2a: Noir|Air Slash|p1a: Ting-Lu
|-damage|p1a: Ting-Lu|54/100
|move|p1a: Ting-Lu|Whirlwind|p2a: Noir
|-end|p2a: Noir|Quark Drive|[silent]
|drag|p2a: Shimmer|Gholdengo|100/100
|
|-heal|p1a: Ting-Lu|60/100|[from] item: Leftovers
|upkeep
|turn|7
|
|t:|1743939075
|switch|p2a: Noir|Iron Jugulis|51/100
|move|p1a: Ting-Lu|Earthquake|p2a: Noir
|-immune|p2a: Noir
|
|-heal|p1a: Ting-Lu|66/100|[from] item: Leftovers
|upkeep
|turn|8
|
|t:|1743939080
|move|p2a: Noir|Air Slash|p1a: Ting-Lu
|-damage|p1a: Ting-Lu|50/100
|move|p1a: Ting-Lu|Spikes|p2a: Noir
|-sidestart|p2: RadiantShadow|Spikes
|
|-heal|p1a: Ting-Lu|56/100|[from] item: Leftovers
|upkeep
|turn|9
|inactive|torito25 has 90 seconds left.
|
|t:|1743939108
|-end|p2a: Noir|Quark Drive|[silent]
|switch|p2a: Stardust|Hatterene, F, tera:Steel|53/100
|-damage|p2a: Stardust|41/100|[from] Spikes
|move|p1a: Ting-Lu|Whirlwind|p2a: Stardust
|move|p2a: Stardust|Whirlwind|p1a: Ting-Lu|[from] ability: Magic Bounce
|drag|p1a: Kyurem|Kyurem|100/100
|-ability|p1a: Kyurem|Pressure
|
|upkeep
|turn|10
|
|t:|1743939117
|move|p1a: Kyurem|Earth Power|p2a: Stardust
|-supereffective|p2a: Stardust
|-damage|p2a: Stardust|0 fnt
|faint|p2a: Stardust
|
|upkeep
|
|t:|1743939122
|switch|p2a: Chroma|Iron Valiant, shiny|100/100
|-damage|p2a: Chroma|88/100|[from] Spikes
|-enditem|p2a: Chroma|Booster Energy
|-activate|p2a: Chroma|ability: Quark Drive|[fromitem]
|-start|p2a: Chroma|quarkdrivespe
|turn|11
|
|t:|1743939127
|switch|p1a: Weezing|Weezing-Galar, F|87/100
|-ability|p1a: Weezing|Neutralizing Gas
|move|p2a: Chroma|Spirit Break|p1a: Weezing
|-resisted|p1a: Weezing
|-damage|p1a: Weezing|74/100
|-unboost|p1a: Weezing|spa|1
|
|-heal|p1a: Weezing|80/100|[from] item: Black Sludge
|upkeep
|turn|12
|
|t:|1743939133
|move|p2a: Chroma|Knock Off|p1a: Weezing
|-resisted|p1a: Weezing
|-damage|p1a: Weezing|68/100
|-enditem|p1a: Weezing|Black Sludge|[from] move: Knock Off|[of] p2a: Chroma
|move|p1a: Weezing|Will-O-Wisp|p2a: Chroma
|-status|p2a: Chroma|brn
|
|-damage|p2a: Chroma|82/100 brn|[from] brn
|upkeep
|turn|13
|-message|RadiantShadow forfeited.
|
|win|torito25
|raw|torito25's rating: 1436 &rarr; <strong>1453</strong><br />(+17 for winning)
|raw|RadiantShadow's rating: 1381 &rarr; <strong>1364</strong><br />(-17 for losing)
|l|☆RadiantShadow
|player|p2|
|l|☆torito25
|player|p1|
