|j|☆Monotyrant
|j|☆Aaaaaamanly
|t:|1743887127
|gametype|singles
|player|p1|Monotyrant|170|1182
|player|p2|Aaaaaamanly|benga|1189
|teamsize|p1|6
|teamsize|p2|6
|gen|9
|tier|[Gen 9] OU
|rated|
|rule|HP Percentage Mod: HP is shown in percentages
|rule|Endless Battle Clause: Forcing endless battles is banned
|rule|Species Clause: Limit one of each Pokémon
|rule|OHKO Clause: OHKO moves are banned
|rule|Evasion Items Clause: Evasion items are banned
|rule|Evasion Moves Clause: Evasion moves are banned
|rule|Sleep Moves Clause: Sleep-inducing moves are banned
|clearpoke
|poke|p1|Pincurchin, M|
|poke|p1|Pelipper, F|
|poke|p1|Iron Jugulis|
|poke|p1|Iron Treads|
|poke|p1|Klefki, M|
|poke|p1|Luxray, F|
|poke|p2|Weezing-Galar, M|
|poke|p2|Gliscor, M|
|poke|p2|Ogerpon-Wellspring, F|
|poke|p2|Cinderace, M|
|poke|p2|Scizor, M|
|poke|p2|Iron Valiant|
|teampreview
|
|t:|1743887157
|start
|switch|p1a: Pelipper|Pelipper, F, shiny|100/100
|switch|p2a: Paula|Iron Valiant, shiny|100/100
|-weather|RainDance|[from] ability: Drizzle|[of] p1a: Pelipper
|turn|1
|
|t:|1743887169
|-end|p2a: Paula|Quark Drive|[silent]
|switch|p2a: BongBong|Weezing-Galar, M, shiny|100/100
|switch|p1a: Klefki|Klefki, M, shiny|100/100
|
|-weather|RainDance|[upkeep]
|upkeep
|turn|2
|
|t:|1743887183
|move|p1a: Klefki|Light Screen|p1a: Klefki
|-sidestart|p1: Monotyrant|move: Light Screen
|move|p2a: BongBong|Defog|p1a: Klefki
|-unboost|p1a: Klefki|evasion|1
|-sideend|p1: Monotyrant|move: Light Screen
|
|-weather|RainDance|[upkeep]
|upkeep
|turn|3
|
|t:|1743887194
|switch|p1a: Luxray|Luxray, F, shiny|100/100
|switch|p2a: someBODY|Ogerpon-Wellspring, F|100/100
|
|-weather|RainDance|[upkeep]
|-status|p1a: Luxray|brn|[from] item: Flame Orb
|upkeep
|turn|4
|
|t:|1743887210
|switch|p1a: Pincurchin|Pincurchin, M, shiny|100/100
|-fieldstart|move: Electric Terrain|[from] ability: Electric Surge|[of] p1a: Pincurchin
|-terastallize|p2a: someBODY|Water
|detailschange|p2a: someBODY|Ogerpon-Wellspring-Tera, F, tera:Water
|-ability|p2a: someBODY|Embody Aspect (Wellspring)|boost
|-boost|p2a: someBODY|spd|1
|move|p2a: someBODY|Ivy Cudgel|p1a: Pincurchin|[anim] Ivy Cudgel Water
|-crit|p1a: Pincurchin
|-damage|p1a: Pincurchin|0 fnt
|faint|p1a: Pincurchin
|
|-weather|RainDance|[upkeep]
|upkeep
|
|t:|1743887211
|switch|p1a: Iron Jugulis|Iron Jugulis, shiny|100/100
|-activate|p1a: Iron Jugulis|ability: Quark Drive
|-start|p1a: Iron Jugulis|quarkdrivespe
|turn|5
|
|t:|1743887240
|switch|p2a: BongBong|Weezing-Galar, M, shiny|100/100
|move|p1a: Iron Jugulis|Hurricane|p2a: BongBong
|-damage|p2a: BongBong|18/100
|
|-weather|RainDance|[upkeep]
|-heal|p2a: BongBong|24/100|[from] item: Leftovers
|upkeep
|turn|6
|c|☆Aaaaaamanly|jesus
|
|t:|1743887250
|move|p1a: Iron Jugulis|Hurricane|p2a: BongBong
|-damage|p2a: BongBong|0 fnt
|faint|p2a: BongBong
|
|-weather|RainDance|[upkeep]
|upkeep
|
|t:|1743887255
|switch|p2a: Paula|Iron Valiant, shiny|100/100
|-activate|p2a: Paula|ability: Quark Drive
|-start|p2a: Paula|quarkdrivespa
|turn|7
|
|t:|1743887260
|-end|p1a: Iron Jugulis|Quark Drive|[silent]
|switch|p1a: Klefki|Klefki, M, shiny|100/100
|move|p2a: Paula|Moonblast|p1a: Klefki
|-resisted|p1a: Klefki
|-damage|p1a: Klefki|66/100
|
|-weather|RainDance|[upkeep]
|upkeep
|turn|8
|
|t:|1743887271
|-end|p2a: Paula|Quark Drive|[silent]
|switch|p2a: someBODY|Ogerpon-Wellspring-Tera, F, tera:Water|100/100
|-ability|p2a: someBODY|Embody Aspect (Wellspring)|boost
|-boost|p2a: someBODY|spd|1
|move|p1a: Klefki|Light Screen|p1a: Klefki
|-sidestart|p1: Monotyrant|move: Light Screen
|
|-weather|none
|upkeep
|turn|9
|
|t:|1743887277
|move|p1a: Klefki|Reflect|p1a: Klefki
|-sidestart|p1: Monotyrant|Reflect
|move|p2a: someBODY|Encore|p1a: Klefki
|-start|p1a: Klefki|Encore
|
|upkeep
|turn|10
|
|t:|1743887292
|switch|p2a: Paula|Iron Valiant, shiny|100/100
|-activate|p2a: Paula|ability: Quark Drive
|-start|p2a: Paula|quarkdrivespa
|switch|p1a: Luxray|Luxray, F, shiny|100/100 brn
|
|-damage|p1a: Luxray|95/100 brn|[from] brn
|upkeep
|turn|11
|inactive|Battle timer is ON: inactive players will automatically lose when time's up. (requested by Monotyrant)
|
|t:|1743887335
|move|p2a: Paula|Moonblast|p1a: Luxray
|-damage|p1a: Luxray|52/100 brn
|move|p1a: Luxray|Trailblaze|p2a: Paula
|-damage|p2a: Paula|69/100
|-boost|p1a: Luxray|spe|1
|
|-damage|p1a: Luxray|47/100 brn|[from] brn
|-fieldend|move: Electric Terrain
|-end|p2a: Paula|Quark Drive
|upkeep
|turn|12
|
|t:|1743887345
|-end|p2a: Paula|Quark Drive|[silent]
|switch|p2a: Brucey|Gliscor, M, shiny|100/100
|move|p1a: Luxray|Facade|p2a: Brucey
|-damage|p2a: Brucey|45/100
|
|-damage|p1a: Luxray|41/100 brn|[from] brn
|-status|p2a: Brucey|tox|[from] item: Toxic Orb
|upkeep
|turn|13
|
|t:|1743887355
|switch|p2a: Razor|Scizor, M|100/100
|move|p1a: Luxray|Facade|p2a: Razor
|-resisted|p2a: Razor
|-damage|p2a: Razor|60/100
|
|-heal|p2a: Razor|66/100|[from] item: Leftovers
|-damage|p1a: Luxray|35/100 brn|[from] brn
|upkeep
|turn|14
|
|t:|1743887369
|switch|p2a: Brucey|Gliscor, M, shiny|45/100 tox
|move|p1a: Luxray|Supercell Slam|p2a: Brucey
|-immune|p2a: Brucey
|-damage|p1a: Luxray|0 fnt|[from] supercellslam
|faint|p1a: Luxray
|
|-heal|p2a: Brucey|57/100 tox|[from] ability: Poison Heal
|upkeep
|
|t:|1743887372
|switch|p1a: Iron Treads|Iron Treads, shiny|100/100
|turn|15
|
|t:|1743887383
|switch|p2a: CIndy|Cinderace, M|100/100
|move|p1a: Iron Treads|Rapid Spin|p2a: CIndy
|-damage|p2a: CIndy|74/100
|-boost|p1a: Iron Treads|spe|1
|
|-sideend|p1: Monotyrant|move: Light Screen
|upkeep
|turn|16
|
|t:|1743887391
|switch|p2a: someBODY|Ogerpon-Wellspring-Tera, F, tera:Water|100/100
|-ability|p2a: someBODY|Embody Aspect (Wellspring)|boost
|-boost|p2a: someBODY|spd|1
|move|p1a: Iron Treads|Earthquake|p2a: someBODY
|-damage|p2a: someBODY|37/100
|
|-sideend|p1: Monotyrant|Reflect
|upkeep
|turn|17
|
|t:|1743887408
|move|p1a: Iron Treads|Earthquake|p2a: someBODY
|-damage|p2a: someBODY|0 fnt
|faint|p2a: someBODY
|
|upkeep
|
|t:|1743887416
|switch|p2a: Razor|Scizor, M|66/100
|turn|18
|
|t:|1743887423
|move|p1a: Iron Treads|Earthquake|p2a: Razor
|-damage|p2a: Razor|1/100
|move|p2a: Razor|Close Combat|p1a: Iron Treads
|-supereffective|p1a: Iron Treads
|-damage|p1a: Iron Treads|28/100
|-unboost|p2a: Razor|def|1
|-unboost|p2a: Razor|spd|1
|
|-heal|p1a: Iron Treads|34/100|[from] item: Leftovers
|-heal|p2a: Razor|7/100|[from] item: Leftovers
|upkeep
|turn|19
|
|t:|1743887433
|move|p2a: Razor|Bullet Punch|p1a: Iron Treads
|-resisted|p1a: Iron Treads
|-damage|p1a: Iron Treads|21/100
|move|p1a: Iron Treads|Earthquake|p2a: Razor
|-damage|p2a: Razor|0 fnt
|faint|p2a: Razor
|
|-heal|p1a: Iron Treads|27/100|[from] item: Leftovers
|upkeep
|
|t:|1743887440
|switch|p2a: CIndy|Cinderace, M|74/100
|turn|20
|
|t:|1743887444
|move|p2a: CIndy|Sucker Punch|p1a: Iron Treads
|-start|p2a: CIndy|typechange|Dark|[from] ability: Libero
|-damage|p1a: Iron Treads|0 fnt
|faint|p1a: Iron Treads
|-end|p1a: Iron Treads|Quark Drive|[silent]
|
|upkeep
|
|t:|1743887451
|switch|p1a: Pelipper|Pelipper, F, shiny|100/100
|-weather|RainDance|[from] ability: Drizzle|[of] p1a: Pelipper
|turn|21
|
|t:|1743887472
|move|p2a: CIndy|Sucker Punch|p1a: Pelipper
|-crit|p1a: Pelipper
|-damage|p1a: Pelipper|26/100
|move|p1a: Pelipper|Weather Ball|p2a: CIndy
|-damage|p2a: CIndy|0 fnt
|faint|p2a: CIndy
|
|-weather|RainDance|[upkeep]
|upkeep
|
|t:|1743887481
|switch|p2a: Paula|Iron Valiant, shiny|69/100
|turn|22
|
|t:|1743887488
|move|p2a: Paula|Moonblast|p1a: Pelipper
|-damage|p1a: Pelipper|0 fnt
|faint|p1a: Pelipper
|
|-weather|RainDance|[upkeep]
|upkeep
|
|t:|1743887492
|switch|p1a: Iron Jugulis|Iron Jugulis, shiny|100/100
|turn|23
|
|t:|1743887496
|move|p2a: Paula|Moonblast|p1a: Iron Jugulis
|-supereffective|p1a: Iron Jugulis
|-crit|p1a: Iron Jugulis
|-damage|p1a: Iron Jugulis|0 fnt
|faint|p1a: Iron Jugulis
|-end|p1a: Iron Jugulis|Quark Drive|[silent]
|
|-weather|RainDance|[upkeep]
|upkeep
|
|t:|1743887501
|switch|p1a: Klefki|Klefki, M, shiny|66/100
|turn|24
|
|t:|1743887504
|move|p1a: Klefki|Reflect|p1a: Klefki
|-sidestart|p1: Monotyrant|Reflect
|move|p2a: Paula|Moonblast|p1a: Klefki
|-resisted|p1a: Klefki
|-crit|p1a: Klefki
|-damage|p1a: Klefki|25/100
|
|-weather|RainDance|[upkeep]
|upkeep
|turn|25
|
|t:|1743887509
|move|p1a: Klefki|Light Screen|p1a: Klefki
|-sidestart|p1: Monotyrant|move: Light Screen
|move|p2a: Paula|Moonblast|p1a: Klefki
|-resisted|p1a: Klefki
|-damage|p1a: Klefki|12/100
|
|-weather|RainDance|[upkeep]
|upkeep
|turn|26
|
|t:|1743887515
|move|p2a: Paula|Moonblast|p1a: Klefki
|-resisted|p1a: Klefki
|-damage|p1a: Klefki|0 fnt
|faint|p1a: Klefki
|
|win|Aaaaaamanly
|raw|Monotyrant's rating: 1182 &rarr; <strong>1158</strong><br />(-24 for losing)
|raw|Aaaaaamanly's rating: 1189 &rarr; <strong>1213</strong><br />(+24 for winning)
|l|☆Monotyrant
|player|p1|
|l|☆Aaaaaamanly
|player|p2|
