|j|☆marreko
|j|☆Pump a Hydro
|t:|1743818773
|gametype|singles
|player|p1|marreko|marley|1295
|player|p2|Pump a Hydro|101|1289
|teamsize|p1|6
|teamsize|p2|6
|gen|9
|tier|[Gen 9] OU
|rated|
|rule|HP Percentage Mod: HP is shown in percentages
|rule|Endless Battle Clause: Forcing endless battles is banned
|rule|Species Clause: Limit one of each Pokémon
|rule|OHKO Clause: OHKO moves are banned
|rule|Evasion Items Clause: Evasion items are banned
|rule|Evasion Moves Clause: Evasion moves are banned
|rule|Sleep Moves Clause: Sleep-inducing moves are banned
|clearpoke
|poke|p1|Weavile, F|
|poke|p1|Pecharunt|
|poke|p1|Ting-Lu|
|poke|p1|Tinkaton, F|
|poke|p1|Keldeo-Resolute|
|poke|p1|Dragonite, F|
|poke|p2|Breloom, M|
|poke|p2|Leavanny, F|
|poke|p2|Ninetales, M|
|poke|p2|Sunflora, F|
|poke|p2|Moltres|
|poke|p2|Iron Crown|
|teampreview
|c|☆Pump a Hydro|Yuhhh
|
|t:|1743818810
|start
|switch|p1a: Keldeo|Keldeo-Resolute|100/100
|switch|p2a: SHROOMMSS|Breloom, M, shiny|100/100
|turn|1
|
|t:|1743818821
|move|p1a: Keldeo|Flip Turn|p2a: SHROOMMSS
|-resisted|p2a: SHROOMMSS
|-damage|p2a: SHROOMMSS|90/100
|
|t:|1743818828
|switch|p1a: gaslight|Pecharunt|100/100|[from] Flip Turn
|move|p2a: SHROOMMSS|Bullet Seed|p1a: gaslight
|-resisted|p1a: gaslight
|-damage|p1a: gaslight|93/100
|-resisted|p1a: gaslight
|-damage|p1a: gaslight|85/100
|-resisted|p1a: gaslight
|-damage|p1a: gaslight|78/100
|-resisted|p1a: gaslight
|-damage|p1a: gaslight|70/100
|-resisted|p1a: gaslight
|-damage|p1a: gaslight|63/100
|-hitcount|p1a: gaslight|5
|
|upkeep
|turn|2
|
|t:|1743818846
|switch|p2a: Hot|Ninetales, M|100/100
|-weather|SunnyDay|[from] ability: Drought|[of] p2a: Hot
|move|p1a: gaslight|Malignant Chain|p2a: Hot
|-damage|p2a: Hot|64/100
|-status|p2a: Hot|tox
|-start|p2a: Hot|confusion|[from] ability: Poison Puppeteer|[of] p1a: gaslight
|
|-weather|SunnyDay|[upkeep]
|-damage|p2a: Hot|58/100 tox|[from] psn
|upkeep
|turn|3
|
|t:|1743818858
|-activate|p2a: Hot|confusion
|-damage|p2a: Hot|48/100 tox|[from] confusion
|move|p1a: gaslight|Parting Shot|p2a: Hot
|-unboost|p2a: Hot|atk|1
|-unboost|p2a: Hot|spa|1
|
|t:|1743818872
|switch|p1a: Keldeo|Keldeo-Resolute|100/100|[from] Parting Shot
|
|-weather|SunnyDay|[upkeep]
|-damage|p2a: Hot|36/100 tox|[from] psn
|upkeep
|turn|4
|
|t:|1743818879
|switch|p2a: SMILE|Leavanny, F|100/100
|move|p1a: Keldeo|Flip Turn|p2a: SMILE
|-resisted|p2a: SMILE
|-damage|p2a: SMILE|96/100
|
|t:|1743818902
|switch|p1a: gatekeeper|Tinkaton, F, shiny|100/100|[from] Flip Turn
|-item|p1a: gatekeeper|Air Balloon
|
|-weather|SunnyDay|[upkeep]
|upkeep
|turn|5
|
|t:|1743818930
|move|p2a: SMILE|Swords Dance|p2a: SMILE
|-boost|p2a: SMILE|atk|2
|move|p1a: gatekeeper|Thunder Wave|p2a: SMILE
|-status|p2a: SMILE|par
|
|-weather|SunnyDay|[upkeep]
|upkeep
|turn|6
|
|t:|1743818938
|move|p1a: gatekeeper|Encore|p2a: SMILE
|-start|p2a: SMILE|Encore
|move|p2a: SMILE|Swords Dance|p2a: SMILE
|-boost|p2a: SMILE|atk|2
|
|-weather|SunnyDay|[upkeep]
|upkeep
|turn|7
|
|t:|1743818945
|switch|p2a: Shine bright|Sunflora, F|100/100
|move|p1a: gatekeeper|Gigaton Hammer|p2a: Shine bright
|-damage|p2a: Shine bright|34/100
|
|-weather|SunnyDay|[upkeep]
|-damage|p2a: Shine bright|22/100|[from] ability: Solar Power|[of] p2a: Shine bright
|upkeep
|turn|8
|
|t:|1743818957
|move|p1a: gatekeeper|Stealth Rock|p2a: Shine bright
|-sidestart|p2: Pump a Hydro|move: Stealth Rock
|move|p2a: Shine bright|Earth Power|p1a: gatekeeper
|-immune|p1a: gatekeeper
|
|-weather|SunnyDay|[upkeep]
|-damage|p2a: Shine bright|9/100|[from] ability: Solar Power|[of] p2a: Shine bright
|upkeep
|turn|9
|-message|Pump a Hydro forfeited.
|
|win|marreko
|raw|marreko's rating: 1295 &rarr; <strong>1320</strong><br />(+25 for winning)
|raw|Pump a Hydro's rating: 1289 &rarr; <strong>1264</strong><br />(-25 for losing)
|l|☆Pump a Hydro
|player|p2|
|l|☆marreko
|player|p1|
