|j|☆putther
|j|☆Buendiabenito
|t:|1743849400
|gametype|singles
|player|p1|putther|ghetsis|1095
|player|p2|Buendiabenito|169|1086
|teamsize|p1|6
|teamsize|p2|6
|gen|9
|tier|[Gen 9] OU
|rated|
|rule|HP Percentage Mod: HP is shown in percentages
|rule|Endless Battle Clause: Forcing endless battles is banned
|rule|Species Clause: Limit one of each Pokémon
|rule|OHKO Clause: OHKO moves are banned
|rule|Evasion Items Clause: Evasion items are banned
|rule|Evasion Moves Clause: Evasion moves are banned
|rule|Sleep Moves Clause: Sleep-inducing moves are banned
|clearpoke
|poke|p1|Mew|
|poke|p1|Wyrdeer, F|
|poke|p1|Garchomp, M|
|poke|p1|Quaquaval, M|
|poke|p1|Greedent, M|
|poke|p1|Rotom-Mow|
|poke|p2|Swampert, F|
|poke|p2|Garchomp, M|
|poke|p2|Heatran, F|
|poke|p2|Zapdos|
|poke|p2|Weavile, F|
|poke|p2|Ting-Lu|
|teampreview
|inactive|Battle timer is ON: inactive players will automatically lose when time's up. (requested by putther)
|c|☆Buendiabenito|good luck1
|
|t:|1743849411
|start
|switch|p1a: Mew|Mew, shiny|100/100
|switch|p2a: AmonAmarth|Swampert, F|100/100
|turn|1
|c|☆putther|good luck
|
|t:|1743849418
|move|p1a: Mew|Imprison|p1a: Mew
|-start|p1a: Mew|move: Imprison
|cant|p2a: AmonAmarth|move: Imprison|Stealth Rock
|
|upkeep
|turn|2
|
|t:|1743849428
|move|p1a: Mew|Fire Spin|p2a: AmonAmarth
|-resisted|p2a: AmonAmarth
|-damage|p2a: AmonAmarth|97/100
|-activate|p2a: AmonAmarth|move: Fire Spin|[of] p1a: Mew
|move|p2a: AmonAmarth|Flip Turn|p1a: Mew
|-damage|p1a: Mew|82/100
|
|t:|1743849437
|switch|p2a: Dimmu Borgir|Weavile, F|100/100|[from] Flip Turn
|-ability|p2a: Dimmu Borgir|Pressure
|
|-heal|p1a: Mew|89/100|[from] item: Leftovers
|upkeep
|turn|3
|
|t:|1743849444
|move|p2a: Dimmu Borgir|Knock Off|p1a: Mew
|-supereffective|p1a: Mew
|-damage|p1a: Mew|12/100
|-enditem|p1a: Mew|Leftovers|[from] move: Knock Off|[of] p2a: Dimmu Borgir
|move|p1a: Mew|Imprison||[still]
|-fail|p1a: Mew
|
|upkeep
|turn|4
|
|t:|1743849457
|move|p2a: Dimmu Borgir|Knock Off|p1a: Mew
|-supereffective|p1a: Mew
|-damage|p1a: Mew|0 fnt
|faint|p1a: Mew
|
|upkeep
|
|t:|1743849462
|switch|p1a: QuackSparrow|Quaquaval, M|100/100
|turn|5
|
|t:|1743849481
|switch|p2a: AC/DC|Zapdos|100/100
|move|p1a: QuackSparrow|Close Combat|p2a: AC/DC
|-resisted|p2a: AC/DC
|-damage|p2a: AC/DC|75/100
|-unboost|p1a: QuackSparrow|def|1
|-unboost|p1a: QuackSparrow|spd|1
|
|upkeep
|turn|6
|
|t:|1743849490
|move|p1a: QuackSparrow|Triple Axel|p2a: AC/DC
|-supereffective|p2a: AC/DC
|-damage|p2a: AC/DC|64/100
|-supereffective|p2a: AC/DC
|-damage|p2a: AC/DC|40/100
|-supereffective|p2a: AC/DC
|-damage|p2a: AC/DC|8/100
|-hitcount|p2a: AC/DC|3
|move|p2a: AC/DC|Roost|p2a: AC/DC
|-heal|p2a: AC/DC|58/100
|-singleturn|p2a: AC/DC|move: Roost
|
|upkeep
|turn|7
|
|t:|1743849507
|move|p1a: QuackSparrow|Triple Axel|p2a: AC/DC
|-supereffective|p2a: AC/DC
|-damage|p2a: AC/DC|47/100
|-supereffective|p2a: AC/DC
|-damage|p2a: AC/DC|25/100
|-hitcount|p2a: AC/DC|2
|move|p2a: AC/DC|Volt Switch|p1a: QuackSparrow
|-supereffective|p1a: QuackSparrow
|-damage|p1a: QuackSparrow|19/100
|
|t:|1743849519
|switch|p2a: DragonForce|Garchomp, M|100/100|[from] Volt Switch
|
|upkeep
|turn|8
|
|t:|1743849528
|move|p1a: QuackSparrow|Triple Axel|p2a: DragonForce
|-supereffective|p2a: DragonForce
|-damage|p2a: DragonForce|82/100
|-damage|p1a: QuackSparrow|7/100|[from] ability: Rough Skin|[of] p2a: DragonForce
|-damage|p1a: QuackSparrow|0 fnt|[from] item: Rocky Helmet|[of] p2a: DragonForce
|faint|p1a: QuackSparrow
|-hitcount|p2a: DragonForce|1
|move|p2a: DragonForce|Earthquake|p1: QuackSparrow|[notarget]
|-fail|p2a: DragonForce
|
|upkeep
|
|t:|1743849554
|switch|p1a: BuzzCut|Rotom-Mow, shiny|100/100
|turn|9
|
|t:|1743849558
|move|p1a: BuzzCut|Trick|p2a: DragonForce
|-activate|p1a: BuzzCut|move: Trick|[of] p2a: DragonForce
|-item|p2a: DragonForce|Choice Scarf|[from] move: Trick
|-item|p1a: BuzzCut|Rocky Helmet|[from] move: Trick
|move|p2a: DragonForce|Spikes|p1a: BuzzCut
|-sidestart|p1: putther|Spikes
|
|upkeep
|turn|10
|
|t:|1743849570
|move|p2a: DragonForce|Spikes|p1a: BuzzCut
|-sidestart|p1: putther|Spikes
|move|p1a: BuzzCut|Leaf Storm|p2a: DragonForce
|-crit|p2a: DragonForce
|-damage|p2a: DragonForce|3/100
|-unboost|p1a: BuzzCut|spa|2
|
|upkeep
|turn|11
|
|t:|1743849586
|switch|p2a: JudasPriest|Heatran, F|100/100
|move|p1a: BuzzCut|Leaf Storm|p2a: JudasPriest
|-resisted|p2a: JudasPriest
|-damage|p2a: JudasPriest|96/100
|-unboost|p1a: BuzzCut|spa|2
|
|-heal|p2a: JudasPriest|100/100|[from] item: Leftovers
|upkeep
|turn|12
|
|t:|1743849601
|switch|p1a: Charles|Garchomp, M|100/100
|-damage|p1a: Charles|84/100|[from] Spikes
|move|p2a: JudasPriest|Earth Power|p1a: Charles
|-damage|p1a: Charles|67/100
|
|upkeep
|turn|13
|
|t:|1743849612
|move|p1a: Charles|Earthquake|p2a: JudasPriest
|-supereffective|p2a: JudasPriest
|-damage|p2a: JudasPriest|0 fnt
|faint|p2a: JudasPriest
|
|upkeep
|
|t:|1743849617
|switch|p2a: AmonAmarth|Swampert, F|97/100
|turn|14
|
|t:|1743849629
|-terastallize|p1a: Charles|Steel
|move|p1a: Charles|Dragon Claw|p2a: AmonAmarth
|-damage|p2a: AmonAmarth|75/100
|move|p2a: AmonAmarth|Ice Punch|p1a: Charles
|-resisted|p1a: Charles
|-damage|p1a: Charles|59/100
|-damage|p2a: AmonAmarth|63/100|[from] ability: Rough Skin|[of] p1a: Charles
|-damage|p2a: AmonAmarth|46/100|[from] item: Rocky Helmet|[of] p1a: Charles
|
|-heal|p2a: AmonAmarth|52/100|[from] item: Leftovers
|upkeep
|turn|15
|
|t:|1743849640
|move|p1a: Charles|Earthquake|p2a: AmonAmarth
|-damage|p2a: AmonAmarth|25/100
|move|p2a: AmonAmarth|Earthquake|p1a: Charles
|-supereffective|p1a: Charles
|-damage|p1a: Charles|0 fnt
|faint|p1a: Charles
|
|-heal|p2a: AmonAmarth|32/100|[from] item: Leftovers
|upkeep
|
|t:|1743849665
|switch|p1a: BuzzCut|Rotom-Mow, shiny|100/100
|turn|16
|
|t:|1743849669
|move|p1a: BuzzCut|Leaf Storm|p2a: AmonAmarth
|-supereffective|p2a: AmonAmarth
|-damage|p2a: AmonAmarth|0 fnt
|-unboost|p1a: BuzzCut|spa|2
|faint|p2a: AmonAmarth
|
|upkeep
|
|t:|1743849675
|switch|p2a: Sepultura|Ting-Lu|100/100
|-ability|p2a: Sepultura|Vessel of Ruin
|turn|17
|inactive|putther has 120 seconds left.
|
|t:|1743849719
|move|p1a: BuzzCut|Leaf Storm|p2a: Sepultura
|-supereffective|p2a: Sepultura
|-damage|p2a: Sepultura|77/100
|-unboost|p1a: BuzzCut|spa|2
|move|p2a: Sepultura|Ruination|p1a: BuzzCut
|-damage|p1a: BuzzCut|51/100
|
|-heal|p2a: Sepultura|83/100|[from] item: Leftovers
|upkeep
|turn|18
|
|t:|1743849739
|switch|p1a: Pancake|Greedent, M, shiny|100/100
|-damage|p1a: Pancake|84/100|[from] Spikes
|move|p2a: Sepultura|Earthquake|p1a: Pancake
|-damage|p1a: Pancake|61/100
|
|-heal|p2a: Sepultura|90/100|[from] item: Leftovers
|upkeep
|turn|19
|
|t:|1743849747
|move|p2a: Sepultura|Ruination|p1a: Pancake
|-damage|p1a: Pancake|31/100
|-enditem|p1a: Pancake|Sitrus Berry|[eat]
|-heal|p1a: Pancake|56/100|[from] item: Sitrus Berry
|-heal|p1a: Pancake|89/100|[from] ability: Cheek Pouch
|move|p1a: Pancake|Body Press|p2a: Sepultura
|-supereffective|p2a: Sepultura
|-damage|p2a: Sepultura|65/100
|
|-heal|p2a: Sepultura|71/100|[from] item: Leftovers
|upkeep
|turn|20
|
|t:|1743849761
|move|p1a: Pancake|Body Press|p2a: Sepultura
|-supereffective|p2a: Sepultura
|-damage|p2a: Sepultura|49/100
|move|p2a: Sepultura|Whirlwind|p1a: Pancake
|drag|p1a: Blitzen|Wyrdeer, F, shiny|100/100
|-damage|p1a: Blitzen|84/100|[from] Spikes
|-ability|p1a: Blitzen|Intimidate|boost
|-unboost|p2a: Sepultura|atk|1
|
|-heal|p2a: Sepultura|55/100|[from] item: Leftovers
|upkeep
|turn|21
|
|t:|1743849779
|move|p1a: Blitzen|Agility|p1a: Blitzen
|-boost|p1a: Blitzen|spe|2
|move|p2a: Sepultura|Ruination|p1a: Blitzen
|-damage|p1a: Blitzen|42/100
|
|-heal|p2a: Sepultura|61/100|[from] item: Leftovers
|upkeep
|turn|22
|
|t:|1743849790
|move|p1a: Blitzen|Stored Power|p2a: Sepultura
|-immune|p2a: Sepultura
|move|p2a: Sepultura|Ruination|p1a: Blitzen|[miss]
|-miss|p2a: Sepultura|p1a: Blitzen
|
|-heal|p2a: Sepultura|67/100|[from] item: Leftovers
|upkeep
|turn|23
|
|t:|1743849799
|move|p1a: Blitzen|Earth Power|p2a: Sepultura
|-damage|p2a: Sepultura|54/100
|-unboost|p2a: Sepultura|spd|1
|move|p2a: Sepultura|Ruination|p1a: Blitzen|[miss]
|-miss|p2a: Sepultura|p1a: Blitzen
|
|-heal|p2a: Sepultura|60/100|[from] item: Leftovers
|upkeep
|turn|24
|
|t:|1743849809
|move|p1a: Blitzen|Earth Power|p2a: Sepultura
|-damage|p2a: Sepultura|42/100
|move|p2a: Sepultura|Ruination|p1a: Blitzen
|-damage|p1a: Blitzen|21/100
|
|-heal|p2a: Sepultura|48/100|[from] item: Leftovers
|upkeep
|turn|25
|
|t:|1743849818
|move|p1a: Blitzen|Earth Power|p2a: Sepultura
|-damage|p2a: Sepultura|28/100
|move|p2a: Sepultura|Ruination|p1a: Blitzen
|-damage|p1a: Blitzen|11/100
|
|-heal|p2a: Sepultura|34/100|[from] item: Leftovers
|upkeep
|turn|26
|
|t:|1743849825
|move|p1a: Blitzen|Earth Power|p2a: Sepultura
|-damage|p2a: Sepultura|16/100
|move|p2a: Sepultura|Ruination|p1a: Blitzen
|-damage|p1a: Blitzen|6/100
|
|-heal|p2a: Sepultura|22/100|[from] item: Leftovers
|upkeep
|turn|27
|
|t:|1743849834
|move|p1a: Blitzen|Earth Power|p2a: Sepultura
|-damage|p2a: Sepultura|5/100
|move|p2a: Sepultura|Earthquake|p1a: Blitzen
|-damage|p1a: Blitzen|0 fnt
|faint|p1a: Blitzen
|
|-heal|p2a: Sepultura|11/100|[from] item: Leftovers
|upkeep
|
|t:|1743849843
|switch|p1a: Pancake|Greedent, M, shiny|89/100
|-damage|p1a: Pancake|72/100|[from] Spikes
|turn|28
|
|t:|1743849872
|move|p2a: Sepultura|Earthquake|p1a: Pancake
|-damage|p1a: Pancake|56/100
|move|p1a: Pancake|Body Press|p2a: Sepultura
|-supereffective|p2a: Sepultura
|-damage|p2a: Sepultura|0 fnt
|faint|p2a: Sepultura
|
|upkeep
|inactive|Buendiabenito has 120 seconds left.
|inactive|Buendiabenito has 90 seconds left.
|
|t:|1743849920
|switch|p2a: Dimmu Borgir|Weavile, F|100/100
|-ability|p2a: Dimmu Borgir|Pressure
|turn|29
|inactive|Buendiabenito has 90 seconds left.
|
|t:|1743849927
|move|p2a: Dimmu Borgir|Swords Dance|p2a: Dimmu Borgir
|-boost|p2a: Dimmu Borgir|atk|2
|move|p1a: Pancake|Body Press|p2a: Dimmu Borgir
|-supereffective|p2a: Dimmu Borgir
|-damage|p2a: Dimmu Borgir|0 fnt
|faint|p2a: Dimmu Borgir
|
|upkeep
|inactive|Buendiabenito has 90 seconds left.
|
|t:|1743849934
|switch|p2a: DragonForce|Garchomp, M|3/100
|turn|30
|
|t:|1743849940
|move|p2a: DragonForce|Earthquake|p1a: Pancake
|-crit|p1a: Pancake
|-damage|p1a: Pancake|12/100
|move|p1a: Pancake|Knock Off|p2a: DragonForce
|-damage|p2a: DragonForce|0 fnt
|-damage|p1a: Pancake|0 fnt|[from] ability: Rough Skin|[of] p2a: DragonForce
|faint|p2a: DragonForce
|faint|p1a: Pancake
|
|upkeep
|
|t:|1743849952
|switch|p2a: AC/DC|Zapdos|25/100
|switch|p1a: BuzzCut|Rotom-Mow, shiny|51/100
|turn|31
|
|t:|1743849959
|move|p1a: BuzzCut|Thunderbolt|p2a: AC/DC
|-damage|p2a: AC/DC|0 fnt
|faint|p2a: AC/DC
|
|win|putther
|raw|putther's rating: 1095 &rarr; <strong>1120</strong><br />(+25 for winning)
|raw|Buendiabenito's rating: 1086 &rarr; <strong>1064</strong><br />(-22 for losing)
|c|☆Buendiabenito|gg
|l|☆Buendiabenito
|player|p2|
