|j|☆R. Caroline
|j|☆life wont change
|t:|1743901087
|gametype|singles
|player|p1|R. Caroline|pokemonrangerf-gen4|1721
|player|p2|life wont change|psychicf-gen4|1769
|teamsize|p1|6
|teamsize|p2|6
|gen|9
|tier|[Gen 9] OU
|rated|
|rule|HP Percentage Mod: HP is shown in percentages
|rule|Endless Battle Clause: Forcing endless battles is banned
|rule|Species Clause: Limit one of each Pokémon
|rule|OHKO Clause: OHKO moves are banned
|rule|Evasion Items Clause: Evasion items are banned
|rule|Evasion Moves Clause: Evasion moves are banned
|rule|Sleep Moves Clause: Sleep-inducing moves are banned
|clearpoke
|poke|p1|Latios, M|
|poke|p1|Chansey, F|
|poke|p1|Ursaluna, M|
|poke|p1|Scizor, M|
|poke|p1|Umbreon, F|
|poke|p1|Mew|
|poke|p2|Ting-Lu|
|poke|p2|Ogerpon, F|
|poke|p2|Alomomola, F|
|poke|p2|Gholdengo|
|poke|p2|Darkrai|
|poke|p2|Dragonite, M|
|teampreview
|j| I like Glaceon yay
|j| Undenuen
|
|t:|1743901180
|start
|switch|p1a: Garf|Scizor, M, shiny|100/100
|switch|p2a: Cloud Nine|Ting-Lu|100/100
|-ability|p2a: Cloud Nine|Vessel of Ruin
|turn|1
|j| orphanofkosm
|
|t:|1743901211
|switch|p2a: Give Me Love|Alomomola, F|100/100
|move|p1a: Garf|Knock Off|p2a: Give Me Love
|-damage|p2a: Give Me Love|83/100
|-enditem|p2a: Give Me Love|Heavy-Duty Boots|[from] move: Knock Off|[of] p1a: Garf
|
|upkeep
|turn|2
|j| wetbwrwn
|
|t:|1743901263
|switch|p1a: Dinah|Umbreon, F|100/100
|move|p2a: Give Me Love|Flip Turn|p1a: Dinah
|-damage|p1a: Dinah|91/100
|-damage|p2a: Give Me Love|66/100|[from] item: Rocky Helmet|[of] p1a: Dinah
|
|t:|1743901266
|switch|p2a: Cloud Nine|Ting-Lu|100/100|[from] Flip Turn
|-ability|p2a: Cloud Nine|Vessel of Ruin
|
|upkeep
|turn|3
|
|t:|1743901300
|move|p1a: Dinah|Taunt|p2a: Cloud Nine
|-start|p2a: Cloud Nine|move: Taunt
|cant|p2a: Cloud Nine|move: Taunt|Stealth Rock
|
|upkeep
|turn|4
|
|t:|1743901308
|switch|p1a: Shay|Chansey, F, shiny|100/100
|switch|p2a: Give Me Love|Alomomola, F|99/100
|
|upkeep
|turn|5
|
|t:|1743901313
|move|p1a: Shay|Stealth Rock|p2a: Give Me Love
|-sidestart|p2: life wont change|move: Stealth Rock
|move|p2a: Give Me Love|Flip Turn|p1a: Shay
|-damage|p1a: Shay|82/100
|j| g/211955
|
|t:|1743901319
|switch|p2a: Cloud Nine|Ting-Lu|100/100|[from] Flip Turn
|-damage|p2a: Cloud Nine|94/100|[from] Stealth Rock
|-ability|p2a: Cloud Nine|Vessel of Ruin
|
|-heal|p2a: Cloud Nine|100/100|[from] item: Leftovers
|upkeep
|turn|6
|
|t:|1743901328
|switch|p1a: Garf|Scizor, M, shiny|100/100
|move|p2a: Cloud Nine|Stealth Rock|p1a: Garf
|-sidestart|p1: R. Caroline|move: Stealth Rock
|
|upkeep
|turn|7
|
|t:|1743901340
|move|p1a: Garf|U-turn|p2a: Cloud Nine
|-supereffective|p2a: Cloud Nine
|-damage|p2a: Cloud Nine|64/100
|
|t:|1743901344
|switch|p1a: Corrigan|Latios, M, shiny|100/100|[from] U-turn
|-damage|p1a: Corrigan|88/100|[from] Stealth Rock
|move|p2a: Cloud Nine|Spikes|p1a: Corrigan
|-sidestart|p1: R. Caroline|Spikes
|
|-heal|p2a: Cloud Nine|70/100|[from] item: Leftovers
|upkeep
|turn|8
|
|t:|1743901353
|switch|p2a: Isn't It A Pity|Gholdengo|100/100
|-damage|p2a: Isn't It A Pity|94/100|[from] Stealth Rock
|-item|p2a: Isn't It A Pity|Air Balloon
|move|p1a: Corrigan|Aura Sphere|p2a: Isn't It A Pity
|-immune|p2a: Isn't It A Pity
|
|upkeep
|turn|9
|
|t:|1743901377
|switch|p1a: Boston|Mew, shiny|100/100
|-damage|p1a: Boston|88/100|[from] Stealth Rock
|-damage|p1a: Boston|76/100|[from] Spikes
|move|p2a: Isn't It A Pity|Thunder Wave|p1a: Boston
|-status|p1a: Boston|par
|-activate|p1a: Boston|ability: Synchronize
|-status|p2a: Isn't It A Pity|par
|
|upkeep
|turn|10
|
|t:|1743901388
|switch|p2a: Cloud Nine|Ting-Lu|70/100
|-damage|p2a: Cloud Nine|64/100|[from] Stealth Rock
|-ability|p2a: Cloud Nine|Vessel of Ruin
|cant|p1a: Boston|par
|
|-heal|p2a: Cloud Nine|70/100|[from] item: Leftovers
|upkeep
|turn|11
|
|t:|1743901402
|move|p1a: Boston|Trick|p2a: Cloud Nine
|-activate|p1a: Boston|move: Trick|[of] p2a: Cloud Nine
|-item|p2a: Cloud Nine|Choice Scarf|[from] move: Trick
|-item|p1a: Boston|Leftovers|[from] move: Trick
|move|p2a: Cloud Nine|Spikes|p1a: Boston
|-sidestart|p1: R. Caroline|Spikes
|
|-heal|p1a: Boston|82/100 par|[from] item: Leftovers
|upkeep
|turn|12
|
|t:|1743901408
|switch|p2a: Isn't It A Pity|Gholdengo|94/100 par
|-damage|p2a: Isn't It A Pity|88/100 par|[from] Stealth Rock
|-item|p2a: Isn't It A Pity|Air Balloon
|move|p1a: Boston|Ice Beam|p2a: Isn't It A Pity
|-resisted|p2a: Isn't It A Pity
|-damage|p2a: Isn't It A Pity|75/100 par
|-enditem|p2a: Isn't It A Pity|Air Balloon
|
|-heal|p1a: Boston|88/100 par|[from] item: Leftovers
|upkeep
|turn|13
|
|t:|1743901425
|move|p1a: Boston|Volt Switch|p2a: Isn't It A Pity
|-damage|p2a: Isn't It A Pity|54/100 par
|
|t:|1743901428
|switch|p1a: Etrig|Ursaluna, M, shiny|100/100|[from] Volt Switch
|-damage|p1a: Etrig|94/100|[from] Stealth Rock
|-damage|p1a: Etrig|78/100|[from] Spikes
|move|p2a: Isn't It A Pity|Hex|p1a: Etrig
|-immune|p1a: Etrig
|
|upkeep
|turn|14
|
|t:|1743901435
|switch|p2a: Give Me Love|Alomomola, F|100/100
|-damage|p2a: Give Me Love|88/100|[from] Stealth Rock
|move|p1a: Etrig|Earthquake|p2a: Give Me Love
|-damage|p2a: Give Me Love|59/100
|
|upkeep
|turn|15
|
|t:|1743901457
|switch|p1a: Garf|Scizor, M, shiny|100/100
|move|p2a: Give Me Love|Wish|p2a: Give Me Love
|
|upkeep
|turn|16
|
|t:|1743901463
|switch|p2a: Isn't It A Pity|Gholdengo|54/100 par
|-damage|p2a: Isn't It A Pity|48/100 par|[from] Stealth Rock
|move|p1a: Garf|Defog|p2a: Isn't It A Pity
|-immune|p2a: Isn't It A Pity|[from] ability: Good as Gold
|
|-heal|p2a: Isn't It A Pity|100/100 par|[from] move: Wish|[wisher] Give Me Love
|upkeep
|turn|17
|
|t:|1743901479
|move|p1a: Garf|Knock Off|p2a: Isn't It A Pity
|-supereffective|p2a: Isn't It A Pity
|-crit|p2a: Isn't It A Pity
|-damage|p2a: Isn't It A Pity|55/100 par
|cant|p2a: Isn't It A Pity|par
|
|upkeep
|turn|18
|
|t:|1743901484
|switch|p1a: Etrig|Ursaluna, M, shiny|78/100
|-damage|p1a: Etrig|71/100|[from] Stealth Rock
|-damage|p1a: Etrig|55/100|[from] Spikes
|move|p2a: Isn't It A Pity|Recover|p2a: Isn't It A Pity
|-heal|p2a: Isn't It A Pity|100/100 par
|
|upkeep
|turn|19
|
|t:|1743901491
|switch|p2a: Give Me Love|Alomomola, F|92/100
|-damage|p2a: Give Me Love|80/100|[from] Stealth Rock
|move|p1a: Etrig|Earthquake|p2a: Give Me Love
|-damage|p2a: Give Me Love|50/100
|
|upkeep
|turn|20
|
|t:|1743901512
|move|p1a: Etrig|Supercell Slam|p2a: Give Me Love
|-supereffective|p2a: Give Me Love
|-damage|p2a: Give Me Love|5/100
|move|p2a: Give Me Love|Flip Turn|p1a: Etrig
|-supereffective|p1a: Etrig
|-damage|p1a: Etrig|35/100
|
|t:|1743901515
|switch|p2a: What Is Life|Ogerpon, F|100/100|[from] Flip Turn
|
|upkeep
|turn|21
|
|t:|1743901521
|switch|p1a: Garf|Scizor, M, shiny|100/100
|move|p2a: What Is Life|Knock Off|p1a: Garf
|-damage|p1a: Garf|75/100
|-enditem|p1a: Garf|Heavy-Duty Boots|[from] move: Knock Off|[of] p2a: What Is Life
|
|upkeep
|turn|22
|
|t:|1743901526
|move|p2a: What Is Life|U-turn|p1a: Garf
|-resisted|p1a: Garf
|-damage|p1a: Garf|66/100
|l| I like Glaceon yay
|
|t:|1743901552
|switch|p2a: Isn't It A Pity|Gholdengo|100/100 par|[from] U-turn
|-damage|p2a: Isn't It A Pity|94/100 par|[from] Stealth Rock
|move|p1a: Garf|U-turn|p2a: Isn't It A Pity
|-resisted|p2a: Isn't It A Pity
|-damage|p2a: Isn't It A Pity|88/100 par
|
|t:|1743901580
|switch|p1a: Boston|Mew, shiny|88/100 par|[from] U-turn
|-damage|p1a: Boston|76/100 par|[from] Stealth Rock
|-damage|p1a: Boston|59/100 par|[from] Spikes
|
|-heal|p1a: Boston|66/100 par|[from] item: Leftovers
|upkeep
|turn|23
|
|t:|1743901610
|move|p1a: Boston|Earth Power|p2a: Isn't It A Pity
|-supereffective|p2a: Isn't It A Pity
|-damage|p2a: Isn't It A Pity|38/100 par
|move|p2a: Isn't It A Pity|Hex|p1a: Boston
|-supereffective|p1a: Boston
|-damage|p1a: Boston|0 fnt
|faint|p1a: Boston
|
|upkeep
|
|t:|1743901617
|switch|p1a: Corrigan|Latios, M, shiny|88/100
|-damage|p1a: Corrigan|76/100|[from] Stealth Rock
|turn|24
|
|t:|1743901653
|move|p1a: Corrigan|Surf|p2a: Isn't It A Pity
|-damage|p2a: Isn't It A Pity|0 fnt
|faint|p2a: Isn't It A Pity
|
|upkeep
|
|t:|1743901656
|switch|p2a: AllThoseYearsAgo|Darkrai|100/100
|turn|25
|
|t:|1743901659
|switch|p1a: Shay|Chansey, F, shiny|82/100
|-damage|p1a: Shay|70/100|[from] Stealth Rock
|-damage|p1a: Shay|53/100|[from] Spikes
|move|p2a: AllThoseYearsAgo|Knock Off|p1a: Shay
|-damage|p1a: Shay|24/100
|-enditem|p1a: Shay|Eviolite|[from] move: Knock Off|[of] p2a: AllThoseYearsAgo
|
|upkeep
|turn|26
|
|t:|1743901693
|switch|p2a: Cloud Nine|Ting-Lu|70/100
|-damage|p2a: Cloud Nine|64/100|[from] Stealth Rock
|-ability|p2a: Cloud Nine|Vessel of Ruin
|move|p1a: Shay|Soft-Boiled|p1a: Shay
|-heal|p1a: Shay|74/100
|
|upkeep
|turn|27
|
|t:|1743901711
|move|p1a: Shay|Seismic Toss|p2a: Cloud Nine
|-damage|p2a: Cloud Nine|44/100
|move|p2a: Cloud Nine|Whirlwind|p1a: Shay
|drag|p1a: Corrigan|Latios, M, shiny|76/100
|-damage|p1a: Corrigan|64/100|[from] Stealth Rock
|
|upkeep
|turn|28
|
|t:|1743901719
|move|p1a: Corrigan|Aura Sphere|p2a: Cloud Nine
|-supereffective|p2a: Cloud Nine
|-damage|p2a: Cloud Nine|12/100
|move|p2a: Cloud Nine|Whirlwind|p1a: Corrigan
|drag|p1a: Garf|Scizor, M, shiny|66/100
|-damage|p1a: Garf|53/100|[from] Stealth Rock
|-damage|p1a: Garf|37/100|[from] Spikes
|
|upkeep
|turn|29
|
|t:|1743901727
|switch|p2a: Give Me Love|Alomomola, F|39/100
|-damage|p2a: Give Me Love|26/100|[from] Stealth Rock
|move|p1a: Garf|Defog|p2a: Give Me Love
|-unboost|p2a: Give Me Love|evasion|1
|-sideend|p2: life wont change|Stealth Rock|[from] move: Defog|[of] p1a: Garf
|-sideend|p1: R. Caroline|Spikes|[from] move: Defog|[of] p1a: Garf
|-sideend|p1: R. Caroline|Stealth Rock|[from] move: Defog|[of] p1a: Garf
|
|upkeep
|turn|30
|
|t:|1743901735
|move|p1a: Garf|U-turn|p2a: Give Me Love
|-damage|p2a: Give Me Love|8/100
|
|t:|1743901740
|switch|p1a: Dinah|Umbreon, F|91/100|[from] U-turn
|move|p2a: Give Me Love|Wish|p2a: Give Me Love
|
|upkeep
|turn|31
|
|t:|1743901744
|switch|p2a: Cloud Nine|Ting-Lu|12/100
|-ability|p2a: Cloud Nine|Vessel of Ruin
|move|p1a: Dinah|Taunt|p2a: Cloud Nine
|-start|p2a: Cloud Nine|move: Taunt
|
|-heal|p2a: Cloud Nine|64/100|[from] move: Wish|[wisher] Give Me Love
|upkeep
|turn|32
|j| BetterStallSaul
|
|t:|1743901755
|switch|p2a: What Is Life|Ogerpon, F|100/100
|move|p1a: Dinah|Foul Play|p2a: What Is Life
|-damage|p2a: What Is Life|40/100
|
|upkeep
|turn|33
|
|t:|1743901763
|move|p2a: What Is Life|U-turn|p1a: Dinah
|-supereffective|p1a: Dinah
|-damage|p1a: Dinah|65/100
|-damage|p2a: What Is Life|24/100|[from] item: Rocky Helmet|[of] p1a: Dinah
|
|t:|1743901764
|switch|p2a: Give Me Love|Alomomola, F|42/100|[from] U-turn
|move|p1a: Dinah|Thunder Wave|p2a: Give Me Love
|-status|p2a: Give Me Love|par
|
|upkeep
|turn|34
|
|t:|1743901772
|switch|p2a: Cloud Nine|Ting-Lu|64/100
|-ability|p2a: Cloud Nine|Vessel of Ruin
|move|p1a: Dinah|Taunt|p2a: Cloud Nine
|-start|p2a: Cloud Nine|move: Taunt
|
|upkeep
|turn|35
|
|t:|1743901783
|switch|p2a: Give Me Love|Alomomola, F|75/100 par
|switch|p1a: Corrigan|Latios, M, shiny|64/100
|
|upkeep
|turn|36
|
|t:|1743901800
|switch|p2a: Cloud Nine|Ting-Lu|64/100
|-ability|p2a: Cloud Nine|Vessel of Ruin
|move|p1a: Corrigan|Thunderbolt|p2a: Cloud Nine
|-immune|p2a: Cloud Nine
|
|upkeep
|turn|37
|
|t:|1743901807
|switch|p1a: Garf|Scizor, M, shiny|37/100
|move|p2a: Cloud Nine|Earthquake|p1a: Garf
|-damage|p1a: Garf|7/100
|
|upkeep
|turn|38
|
|t:|1743901813
|switch|p2a: Give Me Love|Alomomola, F|100/100 par
|move|p1a: Garf|U-turn|p2a: Give Me Love
|-damage|p2a: Give Me Love|80/100 par
|
|t:|1743901823
|switch|p1a: Shay|Chansey, F, shiny|74/100|[from] U-turn
|
|upkeep
|turn|39
|
|t:|1743901829
|move|p1a: Shay|Stealth Rock|p2a: Give Me Love
|-sidestart|p2: life wont change|move: Stealth Rock
|cant|p2a: Give Me Love|par
|
|upkeep
|turn|40
|
|t:|1743901833
|move|p1a: Shay|Healing Wish|p1a: Shay
|faint|p1a: Shay
|move|p2a: Give Me Love|Flip Turn|p1: Shay|[notarget]
|-fail|p2a: Give Me Love
|
|upkeep
|
|t:|1743901838
|switch|p1a: Garf|Scizor, M, shiny|7/100
|-heal|p1a: Garf|100/100|[from] move: Healing Wish
|turn|41
|
|t:|1743901843
|move|p1a: Garf|U-turn|p2a: Give Me Love
|-damage|p2a: Give Me Love|62/100 par
|
|t:|1743901846
|switch|p1a: Dinah|Umbreon, F|65/100|[from] U-turn
|cant|p2a: Give Me Love|par
|
|upkeep
|turn|42
|
|t:|1743901850
|move|p1a: Dinah|Taunt|p2a: Give Me Love
|-start|p2a: Give Me Love|move: Taunt
|move|p2a: Give Me Love|Flip Turn|p1a: Dinah
|-damage|p1a: Dinah|55/100
|-damage|p2a: Give Me Love|45/100 par|[from] item: Rocky Helmet|[of] p1a: Dinah
|
|t:|1743901854
|switch|p2a: Cloud Nine|Ting-Lu|64/100|[from] Flip Turn
|-damage|p2a: Cloud Nine|58/100|[from] Stealth Rock
|-ability|p2a: Cloud Nine|Vessel of Ruin
|
|upkeep
|turn|43
|
|t:|1743901861
|move|p2a: Cloud Nine|Earthquake|p1a: Dinah
|-damage|p1a: Dinah|33/100
|move|p1a: Dinah|Taunt|p2a: Cloud Nine
|-start|p2a: Cloud Nine|move: Taunt
|
|upkeep
|turn|44
|
|t:|1743901866
|switch|p2a: Give Me Love|Alomomola, F|78/100 par
|-damage|p2a: Give Me Love|66/100 par|[from] Stealth Rock
|move|p1a: Dinah|Moonlight|p1a: Dinah
|-heal|p1a: Dinah|83/100
|
|upkeep
|turn|45
|
|t:|1743901872
|move|p1a: Dinah|Taunt|p2a: Give Me Love
|-start|p2a: Give Me Love|move: Taunt
|move|p2a: Give Me Love|Flip Turn|p1a: Dinah
|-damage|p1a: Dinah|74/100
|-damage|p2a: Give Me Love|49/100 par|[from] item: Rocky Helmet|[of] p1a: Dinah
|
|t:|1743901874
|switch|p2a: What Is Life|Ogerpon, F|24/100|[from] Flip Turn
|
|upkeep
|turn|46
|
|t:|1743901882
|move|p2a: What Is Life|Encore|p1a: Dinah
|-start|p1a: Dinah|Encore
|move|p1a: Dinah|Taunt|p2a: What Is Life
|-start|p2a: What Is Life|move: Taunt
|
|upkeep
|turn|47
|
|t:|1743901888
|switch|p1a: Garf|Scizor, M, shiny|100/100
|move|p2a: What Is Life|U-turn|p1a: Garf
|-resisted|p1a: Garf
|-damage|p1a: Garf|91/100
|
|t:|1743901889
|switch|p2a: Give Me Love|Alomomola, F|83/100 par|[from] U-turn
|-damage|p2a: Give Me Love|70/100 par|[from] Stealth Rock
|
|upkeep
|turn|48
|
|t:|1743901896
|move|p1a: Garf|U-turn|p2a: Give Me Love
|-damage|p2a: Give Me Love|52/100 par
|
|t:|1743901899
|switch|p1a: Corrigan|Latios, M, shiny|64/100|[from] U-turn
|move|p2a: Give Me Love|Wish|p2a: Give Me Love
|
|upkeep
|turn|49
|
|t:|1743901905
|switch|p2a: Cloud Nine|Ting-Lu|58/100
|-damage|p2a: Cloud Nine|52/100|[from] Stealth Rock
|-ability|p2a: Cloud Nine|Vessel of Ruin
|move|p1a: Corrigan|Aura Sphere|p2a: Cloud Nine
|-supereffective|p2a: Cloud Nine
|-damage|p2a: Cloud Nine|17/100
|
|-heal|p2a: Cloud Nine|69/100|[from] move: Wish|[wisher] Give Me Love
|upkeep
|turn|50
|
|t:|1743901915
|move|p1a: Corrigan|Aura Sphere|p2a: Cloud Nine
|-supereffective|p2a: Cloud Nine
|-damage|p2a: Cloud Nine|34/100
|move|p2a: Cloud Nine|Stealth Rock|p1a: Corrigan
|-sidestart|p1: R. Caroline|move: Stealth Rock
|
|upkeep
|turn|51
|
|t:|1743901920
|switch|p2a: My Sweet Lord|Dragonite, M|100/100
|move|p1a: Corrigan|Aura Sphere|p2a: My Sweet Lord
|-resisted|p2a: My Sweet Lord
|-damage|p2a: My Sweet Lord|91/100
|
|upkeep
|turn|52
|
|t:|1743901926
|switch|p1a: Dinah|Umbreon, F|74/100
|-damage|p1a: Dinah|62/100|[from] Stealth Rock
|switch|p2a: Give Me Love|Alomomola, F|85/100 par
|-damage|p2a: Give Me Love|73/100 par|[from] Stealth Rock
|
|upkeep
|turn|53
|
|t:|1743901933
|move|p1a: Dinah|Moonlight|p1a: Dinah
|-heal|p1a: Dinah|100/100
|move|p2a: Give Me Love|Wish|p2a: Give Me Love
|
|upkeep
|turn|54
|
|t:|1743901947
|move|p1a: Dinah|Taunt|p2a: Give Me Love
|-start|p2a: Give Me Love|move: Taunt
|move|p2a: Give Me Love|Flip Turn|p1a: Dinah
|-damage|p1a: Dinah|91/100
|-damage|p2a: Give Me Love|56/100 par|[from] item: Rocky Helmet|[of] p1a: Dinah
|
|t:|1743901951
|switch|p2a: What Is Life|Ogerpon, F|24/100|[from] Flip Turn
|
|-heal|p2a: What Is Life|100/100|[from] move: Wish|[wisher] Give Me Love
|upkeep
|turn|55
|
|t:|1743901958
|switch|p1a: Garf|Scizor, M, shiny|91/100
|-damage|p1a: Garf|79/100|[from] Stealth Rock
|move|p2a: What Is Life|U-turn|p1a: Garf
|-resisted|p1a: Garf
|-damage|p1a: Garf|68/100
|
|t:|1743901963
|switch|p2a: Give Me Love|Alomomola, F|89/100 par|[from] U-turn
|-damage|p2a: Give Me Love|77/100 par|[from] Stealth Rock
|
|upkeep
|turn|56
|
|t:|1743901969
|move|p1a: Garf|Defog|p2a: Give Me Love
|-unboost|p2a: Give Me Love|evasion|1
|-sideend|p2: life wont change|Stealth Rock|[from] move: Defog|[of] p1a: Garf
|-sideend|p1: R. Caroline|Stealth Rock|[from] move: Defog|[of] p1a: Garf
|move|p2a: Give Me Love|Wish|p2a: Give Me Love
|
|upkeep
|turn|57
|
|t:|1743901984
|move|p1a: Garf|Knock Off|p2a: Give Me Love
|-damage|p2a: Give Me Love|64/100 par
|move|p2a: Give Me Love|Flip Turn|p1a: Garf
|-damage|p1a: Garf|53/100
|
|t:|1743901986
|switch|p2a: Cloud Nine|Ting-Lu|34/100|[from] Flip Turn
|-ability|p2a: Cloud Nine|Vessel of Ruin
|
|-heal|p2a: Cloud Nine|86/100|[from] move: Wish|[wisher] Give Me Love
|upkeep
|turn|58
|j| Xoxo-Meowstic
|
|t:|1743901995
|move|p2a: Cloud Nine|Stealth Rock|p1a: Garf
|-sidestart|p1: R. Caroline|move: Stealth Rock
|move|p1a: Garf|U-turn|p2a: Cloud Nine
|-supereffective|p2a: Cloud Nine
|-damage|p2a: Cloud Nine|46/100
|
|t:|1743901999
|switch|p1a: Etrig|Ursaluna, M, shiny|35/100|[from] U-turn
|-damage|p1a: Etrig|29/100|[from] Stealth Rock
|
|upkeep
|turn|59
|
|t:|1743902003
|switch|p2a: Give Me Love|Alomomola, F|97/100 par
|move|p1a: Etrig|Earthquake|p2a: Give Me Love
|-damage|p2a: Give Me Love|67/100 par
|
|upkeep
|turn|60
|
|t:|1743902008
|move|p1a: Etrig|Earthquake|p2a: Give Me Love
|-damage|p2a: Give Me Love|37/100 par
|move|p2a: Give Me Love|Flip Turn|p1a: Etrig
|-supereffective|p1a: Etrig
|-damage|p1a: Etrig|9/100
|
|t:|1743902019
|switch|p2a: AllThoseYearsAgo|Darkrai|100/100|[from] Flip Turn
|
|upkeep
|turn|61
|
|t:|1743902024
|move|p2a: AllThoseYearsAgo|Knock Off|p1a: Etrig
|-damage|p1a: Etrig|0 fnt
|-enditem|p1a: Etrig|Assault Vest|[from] move: Knock Off|[of] p2a: AllThoseYearsAgo
|faint|p1a: Etrig
|
|upkeep
|
|t:|1743902031
|switch|p1a: Garf|Scizor, M, shiny|53/100
|-damage|p1a: Garf|41/100|[from] Stealth Rock
|turn|62
|-message|R. Caroline forfeited.
|
|win|life wont change
|raw|R. Caroline's rating: 1721 &rarr; <strong>1704</strong><br />(-17 for losing)
|raw|life wont change's rating: 1781 &rarr; <strong>1798</strong><br />(+17 for winning)
|l|☆R. Caroline
|player|p1|
|l| g/211955
|l|☆life wont change
|player|p2|
|n| Xoxo-Meowstic|xoxomeowstic
|l| BetterStallSaul
