|j|☆Mister_ttar
|j|☆tonyrayyy
|t:|1743887431
|gametype|singles
|player|p1|Mister_ttar|doctor-gen8|1577
|player|p2|tonyrayyy|cynthia-gen4|1687
|teamsize|p1|6
|teamsize|p2|6
|gen|9
|tier|[Gen 9] OU
|rated|
|rule|HP Percentage Mod: HP is shown in percentages
|rule|Endless Battle Clause: Forcing endless battles is banned
|rule|Species Clause: Limit one of each Pokémon
|rule|OHKO Clause: OHKO moves are banned
|rule|Evasion Items Clause: Evasion items are banned
|rule|Evasion Moves Clause: Evasion moves are banned
|rule|Sleep Moves Clause: Sleep-inducing moves are banned
|clearpoke
|poke|p1|Garchomp, F|
|poke|p1|Iron Valiant|
|poke|p1|Hatterene, F|
|poke|p1|Kingambit, M|
|poke|p1|Amoonguss, M|
|poke|p1|Zarude|
|poke|p2|Gholdengo|
|poke|p2|Samurott-Hisui, M|
|poke|p2|Kingambit, F|
|poke|p2|Zapdos|
|poke|p2|Great Tusk|
|poke|p2|Slowking-Galar, F|
|teampreview
|
|t:|1743887460
|start
|switch|p1a: Garchomp|Garchomp, F|100/100
|switch|p2a: Samurott|Samurott-Hisui, M|100/100
|turn|1
|
|t:|1743887465
|move|p2a: Samurott|Ceaseless Edge|p1a: Garchomp
|-damage|p1a: Garchomp|52/100
|-damage|p2a: Samurott|88/100|[from] ability: Rough Skin|[of] p1a: Garchomp
|-sidestart|p1: Mister_ttar|Spikes
|move|p1a: Garchomp|Earthquake|p2a: Samurott
|-damage|p2a: Samurott|0 fnt
|faint|p2a: Samurott
|-damage|p1a: Garchomp|43/100|[from] item: Life Orb
|
|upkeep
|
|t:|1743887478
|switch|p2a: Great Tusk|Great Tusk|100/100
|turn|2
|
|t:|1743887485
|move|p1a: Garchomp|Earthquake|p2a: Great Tusk
|-damage|p2a: Great Tusk|54/100
|-damage|p1a: Garchomp|33/100|[from] item: Life Orb
|move|p2a: Great Tusk|Headlong Rush|p1a: Garchomp
|-damage|p1a: Garchomp|0 fnt
|-unboost|p2a: Great Tusk|def|1
|-unboost|p2a: Great Tusk|spd|1
|-damage|p2a: Great Tusk|42/100|[from] ability: Rough Skin|[of] p1a: Garchomp
|faint|p1a: Garchomp
|
|upkeep
|
|t:|1743887493
|switch|p1a: Zarude|Zarude|100/100
|-damage|p1a: Zarude|88/100|[from] Spikes
|turn|3
|
|t:|1743887499
|-end|p2a: Great Tusk|Protosynthesis|[silent]
|switch|p2a: Zapdos|Zapdos|100/100
|move|p1a: Zarude|Trailblaze|p2a: Zapdos
|-resisted|p2a: Zapdos
|-damage|p2a: Zapdos|92/100
|-boost|p1a: Zarude|spe|1
|
|-heal|p1a: Zarude|94/100|[from] item: Leftovers
|upkeep
|turn|4
|
|t:|1743887507
|switch|p1a: Hatterene|Hatterene, F|100/100
|-damage|p1a: Hatterene|88/100|[from] Spikes
|move|p2a: Zapdos|Hurricane|p1a: Hatterene|[miss]
|-miss|p2a: Zapdos|p1a: Hatterene
|
|-heal|p1a: Hatterene|94/100|[from] item: Leftovers
|upkeep
|turn|5
|
|t:|1743887516
|move|p2a: Zapdos|Volt Switch|p1a: Hatterene
|-damage|p1a: Hatterene|65/100
|
|t:|1743887519
|switch|p2a: Slowking|Slowking-Galar, F|100/100|[from] Volt Switch
|move|p1a: Hatterene|Calm Mind|p1a: Hatterene
|-boost|p1a: Hatterene|spa|1
|-boost|p1a: Hatterene|spd|1
|
|-heal|p1a: Hatterene|71/100|[from] item: Leftovers
|upkeep
|turn|6
|
|t:|1743887527
|move|p1a: Hatterene|Nuzzle|p2a: Slowking
|-damage|p2a: Slowking|96/100
|-status|p2a: Slowking|par
|-prepare|p2a: Slowking|Chilly Reception|[premajor]
|move|p2a: Slowking|Chilly Reception|p2a: Slowking
|-weather|Snowscape
|
|t:|1743887542
|switch|p2a: Kingambit|Kingambit, F|100/100|[from] Chilly Reception
|-activate|p2a: Kingambit|ability: Supreme Overlord
|-start|p2a: Kingambit|fallen1|[silent]
|
|-weather|Snowscape|[upkeep]
|-heal|p1a: Hatterene|77/100|[from] item: Leftovers
|upkeep
|turn|7
|
|t:|1743887549
|-terastallize|p2a: Kingambit|Dark
|move|p2a: Kingambit|Kowtow Cleave|p1a: Hatterene
|-damage|p1a: Hatterene|8/100
|move|p1a: Hatterene|Draining Kiss|p2a: Kingambit
|-supereffective|p2a: Kingambit
|-damage|p2a: Kingambit|19/100
|-heal|p1a: Hatterene|74/100|[from] drain|[of] p2a: Kingambit
|
|-weather|Snowscape|[upkeep]
|-heal|p1a: Hatterene|80/100|[from] item: Leftovers
|upkeep
|turn|8
|
|t:|1743887562
|move|p2a: Kingambit|Kowtow Cleave|p1a: Hatterene
|-damage|p1a: Hatterene|15/100
|move|p1a: Hatterene|Draining Kiss|p2a: Kingambit
|-supereffective|p2a: Kingambit
|-damage|p2a: Kingambit|0 fnt
|-heal|p1a: Hatterene|29/100|[from] drain|[of] p2a: Kingambit
|faint|p2a: Kingambit
|-end|p2a: Kingambit|fallen1|[silent]
|
|-weather|Snowscape|[upkeep]
|-heal|p1a: Hatterene|35/100|[from] item: Leftovers
|upkeep
|
|t:|1743887571
|switch|p2a: Great Tusk|Great Tusk|42/100
|turn|9
|inactive|Battle timer is ON: inactive players will automatically lose when time's up. (requested by Mister_ttar)
|
|t:|1743887581
|move|p2a: Great Tusk|Headlong Rush|p1a: Hatterene
|-damage|p1a: Hatterene|0 fnt
|-unboost|p2a: Great Tusk|def|1
|-unboost|p2a: Great Tusk|spd|1
|faint|p1a: Hatterene
|
|-weather|Snowscape|[upkeep]
|upkeep
|
|t:|1743887585
|switch|p1a: Zarude|Zarude|94/100
|-damage|p1a: Zarude|82/100|[from] Spikes
|turn|10
|
|t:|1743887590
|-end|p2a: Great Tusk|Protosynthesis|[silent]
|switch|p2a: Zapdos|Zapdos|92/100
|move|p1a: Zarude|Swords Dance|p1a: Zarude
|-boost|p1a: Zarude|atk|2
|
|-weather|none
|-heal|p1a: Zarude|88/100|[from] item: Leftovers
|upkeep
|turn|11
|
|t:|1743887597
|-terastallize|p1a: Zarude|Poison
|move|p1a: Zarude|Swords Dance|p1a: Zarude
|-boost|p1a: Zarude|atk|2
|move|p2a: Zapdos|Thunder Wave|p1a: Zarude
|-status|p1a: Zarude|par
|
|-heal|p1a: Zarude|94/100 par|[from] item: Leftovers
|upkeep
|turn|12
|
|t:|1743887608
|move|p2a: Zapdos|Hurricane|p1a: Zarude|[miss]
|-miss|p2a: Zapdos|p1a: Zarude
|move|p1a: Zarude|Crunch|p2a: Zapdos
|-damage|p2a: Zapdos|12/100
|
|-heal|p1a: Zarude|99/100 par|[from] item: Leftovers
|upkeep
|turn|13
|
|t:|1743887615
|move|p2a: Zapdos|Hurricane|p1a: Zarude|[miss]
|-miss|p2a: Zapdos|p1a: Zarude
|move|p1a: Zarude|Trailblaze|p2a: Zapdos
|-resisted|p2a: Zapdos
|-damage|p2a: Zapdos|0 fnt
|-boost|p1a: Zarude|spe|1
|faint|p2a: Zapdos
|
|-heal|p1a: Zarude|100/100 par|[from] item: Leftovers
|upkeep
|c|☆tonyrayyy|lmfaoooooo
|
|t:|1743887624
|switch|p2a: Great Tusk|Great Tusk|42/100
|turn|14
|
|t:|1743887628
|move|p2a: Great Tusk|Headlong Rush|p1a: Zarude
|-supereffective|p1a: Zarude
|-damage|p1a: Zarude|6/100 par
|-unboost|p2a: Great Tusk|def|1
|-unboost|p2a: Great Tusk|spd|1
|cant|p1a: Zarude|par
|
|-heal|p1a: Zarude|12/100 par|[from] item: Leftovers
|upkeep
|turn|15
|
|t:|1743887640
|move|p2a: Great Tusk|Headlong Rush|p1a: Zarude
|-supereffective|p1a: Zarude
|-damage|p1a: Zarude|0 fnt
|-unboost|p2a: Great Tusk|def|1
|-unboost|p2a: Great Tusk|spd|1
|faint|p1a: Zarude
|
|upkeep
|
|t:|1743887650
|switch|p1a: Iron Valiant|Iron Valiant|100/100
|-damage|p1a: Iron Valiant|88/100|[from] Spikes
|-enditem|p1a: Iron Valiant|Booster Energy
|-activate|p1a: Iron Valiant|ability: Quark Drive|[fromitem]
|-start|p1a: Iron Valiant|quarkdrivespe
|turn|16
|
|t:|1743887659
|-end|p2a: Great Tusk|Protosynthesis|[silent]
|switch|p2a: Gholdengo|Gholdengo|100/100
|-item|p2a: Gholdengo|Air Balloon
|move|p1a: Iron Valiant|Swords Dance|p1a: Iron Valiant
|-boost|p1a: Iron Valiant|atk|2
|
|upkeep
|turn|17
|
|t:|1743887666
|move|p1a: Iron Valiant|Knock Off|p2a: Gholdengo
|-supereffective|p2a: Gholdengo
|-damage|p2a: Gholdengo|0 fnt
|-enditem|p2a: Gholdengo|Air Balloon
|faint|p2a: Gholdengo
|
|upkeep
|c|☆tonyrayyy|gg
|c|☆Mister_ttar|gg
|c|☆tonyrayyy|not my day
|-message|tonyrayyy forfeited.
|
|win|Mister_ttar
|raw|Mister_ttar's rating: 1577 &rarr; <strong>1603</strong><br />(+26 for winning)
|raw|tonyrayyy's rating: 1687 &rarr; <strong>1661</strong><br />(-26 for losing)
|l|☆tonyrayyy
|player|p2|
|l|☆Mister_ttar
|player|p1|
