|j|☆slmmrbbenmami
|j|☆srinandhakishore06
|t:|1743929540
|gametype|singles
|player|p1|slmmrbbenmami|169|1105
|player|p2|srinandhakishore06|265|1157
|teamsize|p1|6
|teamsize|p2|6
|gen|9
|tier|[Gen 9] OU
|rated|
|rule|HP Percentage Mod: HP is shown in percentages
|rule|Endless Battle Clause: Forcing endless battles is banned
|rule|Species Clause: Limit one of each Pokémon
|rule|OHKO Clause: OHKO moves are banned
|rule|Evasion Items Clause: Evasion items are banned
|rule|Evasion Moves Clause: Evasion moves are banned
|rule|Sleep Moves Clause: Sleep-inducing moves are banned
|clearpoke
|poke|p1|Reuniclus, F|
|poke|p1|Slowking-Galar, F|
|poke|p1|Iron Valiant|
|poke|p1|Latios, M|
|poke|p1|Hatterene, F|
|poke|p1|Farigiraf, F|
|poke|p2|Glimmora, M|
|poke|p2|Hatterene, F|
|poke|p2|Honchkrow, F|
|poke|p2|Alomomola, F|
|poke|p2|Salazzle, F|
|poke|p2|Metagross|
|teampreview
|
|t:|1743929544
|start
|switch|p1a: Slowking|Slowking-Galar, F|100/100
|switch|p2a: Glimmora|Glimmora, M|100/100
|turn|1
|
|t:|1743929559
|move|p2a: Glimmora|Stealth Rock|p1a: Slowking
|-sidestart|p1: slmmrbbenmami|move: Stealth Rock
|move|p1a: Slowking|Future Sight|p2a: Glimmora
|-start|p1a: Slowking|move: Future Sight
|
|upkeep
|turn|2
|
|t:|1743929577
|move|p2a: Glimmora|Earth Power|p1a: Slowking
|-supereffective|p1a: Slowking
|-damage|p1a: Slowking|73/100
|move|p1a: Slowking|Flamethrower|p2a: Glimmora
|-resisted|p2a: Glimmora
|-damage|p2a: Glimmora|88/100
|
|upkeep
|turn|3
|
|t:|1743929587
|move|p2a: Glimmora|Earth Power|p1a: Slowking
|-supereffective|p1a: Slowking
|-damage|p1a: Slowking|43/100
|move|p1a: Slowking|Future Sight||[still]
|-fail|p1a: Slowking
|
|-end|p2a: Glimmora|move: Future Sight
|-supereffective|p2a: Glimmora
|-damage|p2a: Glimmora|0 fnt
|faint|p2a: Glimmora
|upkeep
|
|t:|1743929600
|switch|p2a: Bride|Hatterene, F|100/100
|turn|4
|
|t:|1743929610
|move|p1a: Slowking|Sludge Bomb|p2a: Bride
|-supereffective|p2a: Bride
|-damage|p2a: Bride|30/100
|move|p2a: Bride|Trick Room|p2a: Bride
|-fieldstart|move: Trick Room|[of] p2a: Bride
|
|upkeep
|turn|5
|
|t:|1743929617
|move|p2a: Bride|Psychic|p1a: Slowking
|-damage|p1a: Slowking|21/100
|move|p1a: Slowking|Sludge Bomb|p2a: Bride
|-supereffective|p2a: Bride
|-damage|p2a: Bride|0 fnt
|faint|p2a: Bride
|
|upkeep
|
|t:|1743929625
|switch|p2a: Omnivoracious|Honchkrow, F|100/100
|-enditem|p2a: Omnivoracious|Room Service
|-unboost|p2a: Omnivoracious|spe|1|[from] item: Room Service
|turn|6
|
|t:|1743929645
|move|p1a: Slowking|Sludge Bomb|p2a: Omnivoracious
|-damage|p2a: Omnivoracious|42/100
|move|p2a: Omnivoracious|Night Slash|p1a: Slowking
|-supereffective|p1a: Slowking
|-damage|p1a: Slowking|0 fnt
|faint|p1a: Slowking
|-ability|p2a: Omnivoracious|Moxie|boost
|-boost|p2a: Omnivoracious|atk|1
|
|upkeep
|
|t:|1743929663
|switch|p1a: Hatterene|Hatterene, F|100/100
|-damage|p1a: Hatterene|88/100|[from] Stealth Rock
|turn|7
|
|t:|1743929669
|move|p1a: Hatterene|Dazzling Gleam|p2a: Omnivoracious
|-supereffective|p2a: Omnivoracious
|-damage|p2a: Omnivoracious|0 fnt
|faint|p2a: Omnivoracious
|
|-heal|p1a: Hatterene|94/100|[from] item: Leftovers
|upkeep
|
|t:|1743929676
|switch|p2a: Iron spider|Metagross|100/100
|turn|8
|
|t:|1743929706
|-terastallize|p1a: Hatterene|Water
|move|p1a: Hatterene|Mystical Fire|p2a: Iron spider
|-supereffective|p2a: Iron spider
|-damage|p2a: Iron spider|40/100
|move|p2a: Iron spider|Meteor Mash|p1a: Hatterene
|-resisted|p1a: Hatterene
|-damage|p1a: Hatterene|67/100
|
|-heal|p1a: Hatterene|73/100|[from] item: Leftovers
|-fieldend|move: Trick Room
|upkeep
|turn|9
|
|t:|1743929722
|move|p2a: Iron spider|Psychic Fangs|p1a: Hatterene
|-damage|p1a: Hatterene|17/100
|move|p1a: Hatterene|Mystical Fire|p2a: Iron spider
|-supereffective|p2a: Iron spider
|-damage|p2a: Iron spider|0 fnt
|faint|p2a: Iron spider
|
|-heal|p1a: Hatterene|23/100|[from] item: Leftovers
|upkeep
|
|t:|1743929732
|switch|p2a: Lady Lizard|Salazzle, F|100/100
|-item|p2a: Lady Lizard|Air Balloon
|turn|10
|
|t:|1743929762
|move|p2a: Lady Lizard|Sludge Bomb|p1a: Hatterene
|-damage|p1a: Hatterene|0 fnt
|faint|p1a: Hatterene
|
|upkeep
|
|t:|1743929792
|switch|p1a: Farigiraf|Farigiraf, F|100/100
|-damage|p1a: Farigiraf|88/100|[from] Stealth Rock
|turn|11
|
|t:|1743929802
|move|p2a: Lady Lizard|Sludge Bomb|p1a: Farigiraf
|-damage|p1a: Farigiraf|38/100
|-status|p1a: Farigiraf|psn
|move|p1a: Farigiraf|Calm Mind|p1a: Farigiraf
|-boost|p1a: Farigiraf|spa|1
|-boost|p1a: Farigiraf|spd|1
|
|-damage|p1a: Farigiraf|26/100 psn|[from] psn
|upkeep
|turn|12
|
|t:|1743929812
|move|p2a: Lady Lizard|Sludge Bomb|p1a: Farigiraf
|-damage|p1a: Farigiraf|0 fnt
|faint|p1a: Farigiraf
|
|upkeep
|
|t:|1743929829
|switch|p1a: Reuniclus|Reuniclus, F|100/100
|turn|13
|
|t:|1743929835
|move|p2a: Lady Lizard|Sludge Bomb|p1a: Reuniclus
|-crit|p1a: Reuniclus
|-damage|p1a: Reuniclus|37/100
|move|p1a: Reuniclus|Calm Mind|p1a: Reuniclus
|-boost|p1a: Reuniclus|spa|1
|-boost|p1a: Reuniclus|spd|1
|
|-heal|p1a: Reuniclus|43/100|[from] item: Leftovers
|upkeep
|turn|14
|
|t:|1743929844
|move|p2a: Lady Lizard|Sludge Bomb|p1a: Reuniclus
|-damage|p1a: Reuniclus|15/100
|-status|p1a: Reuniclus|psn
|move|p1a: Reuniclus|Recover|p1a: Reuniclus
|-heal|p1a: Reuniclus|65/100 psn
|
|-heal|p1a: Reuniclus|71/100 psn|[from] item: Leftovers
|upkeep
|turn|15
|
|t:|1743929854
|move|p2a: Lady Lizard|Sludge Bomb|p1a: Reuniclus
|-damage|p1a: Reuniclus|43/100 psn
|move|p1a: Reuniclus|Recover|p1a: Reuniclus
|-heal|p1a: Reuniclus|93/100 psn
|
|-heal|p1a: Reuniclus|99/100 psn|[from] item: Leftovers
|upkeep
|turn|16
|
|t:|1743929866
|move|p2a: Lady Lizard|Sludge Bomb|p1a: Reuniclus
|-damage|p1a: Reuniclus|72/100 psn
|move|p1a: Reuniclus|Calm Mind|p1a: Reuniclus
|-boost|p1a: Reuniclus|spa|1
|-boost|p1a: Reuniclus|spd|1
|
|-heal|p1a: Reuniclus|78/100 psn|[from] item: Leftovers
|upkeep
|turn|17
|
|t:|1743929876
|switch|p2a: Alomomola|Alomomola, F|100/100
|move|p1a: Reuniclus|Calm Mind|p1a: Reuniclus
|-boost|p1a: Reuniclus|spa|1
|-boost|p1a: Reuniclus|spd|1
|
|-heal|p1a: Reuniclus|84/100 psn|[from] item: Leftovers
|upkeep
|turn|18
|
|t:|1743929898
|move|p2a: Alomomola|Wish|p2a: Alomomola
|move|p1a: Reuniclus|Calm Mind|p1a: Reuniclus
|-boost|p1a: Reuniclus|spa|1
|-boost|p1a: Reuniclus|spd|1
|
|-heal|p1a: Reuniclus|91/100 psn|[from] item: Leftovers
|upkeep
|turn|19
|
|t:|1743929906
|move|p2a: Alomomola|Scald|p1a: Reuniclus
|-crit|p1a: Reuniclus
|-damage|p1a: Reuniclus|71/100 psn
|move|p1a: Reuniclus|Calm Mind|p1a: Reuniclus
|-boost|p1a: Reuniclus|spa|1
|-boost|p1a: Reuniclus|spd|1
|
|-heal|p1a: Reuniclus|77/100 psn|[from] item: Leftovers
|upkeep
|turn|20
|
|t:|1743929928
|-terastallize|p2a: Alomomola|Water
|move|p2a: Alomomola|Scald|p1a: Reuniclus
|-damage|p1a: Reuniclus|72/100 psn
|move|p1a: Reuniclus|Calm Mind|p1a: Reuniclus
|-boost|p1a: Reuniclus|spa|1
|-boost|p1a: Reuniclus|spd|1
|
|-heal|p1a: Reuniclus|78/100 psn|[from] item: Leftovers
|upkeep
|turn|21
|
|t:|1743929939
|move|p1a: Reuniclus|Calm Mind|p1a: Reuniclus
|-boost|p1a: Reuniclus|spa|0
|-boost|p1a: Reuniclus|spd|0
|move|p2a: Alomomola|Mirror Coat||[still]
|-fail|p2a: Alomomola
|
|-heal|p1a: Reuniclus|84/100 psn|[from] item: Leftovers
|upkeep
|turn|22
|
|t:|1743929969
|move|p1a: Reuniclus|Stored Power|p2a: Alomomola
|-damage|p2a: Alomomola|0 fnt
|faint|p2a: Alomomola
|
|-heal|p1a: Reuniclus|91/100 psn|[from] item: Leftovers
|upkeep
|
|t:|1743929976
|switch|p2a: Lady Lizard|Salazzle, F|100/100
|-item|p2a: Lady Lizard|Air Balloon
|turn|23
|
|t:|1743929981
|move|p2a: Lady Lizard|Dragon Pulse|p1a: Reuniclus
|-damage|p1a: Reuniclus|84/100 psn
|move|p1a: Reuniclus|Stored Power|p2a: Lady Lizard
|-supereffective|p2a: Lady Lizard
|-damage|p2a: Lady Lizard|0 fnt
|-enditem|p2a: Lady Lizard|Air Balloon
|faint|p2a: Lady Lizard
|
|win|slmmrbbenmami
|raw|slmmrbbenmami's rating: 1105 &rarr; <strong>1134</strong><br />(+29 for winning)
|raw|srinandhakishore06's rating: 1157 &rarr; <strong>1128</strong><br />(-29 for losing)
|l|☆slmmrbbenmami
|player|p1|
