|j|☆cabincabin
|j|☆random tera ghost
|t:|1743793483
|gametype|singles
|player|p1|cabincabin|1|1474
|player|p2|random tera ghost|2|1510
|teamsize|p1|6
|teamsize|p2|6
|gen|9
|tier|[Gen 9] OU
|rated|
|rule|HP Percentage Mod: HP is shown in percentages
|rule|Endless Battle Clause: Forcing endless battles is banned
|rule|Species Clause: Limit one of each Pokémon
|rule|OHKO Clause: OHKO moves are banned
|rule|Evasion Items Clause: Evasion items are banned
|rule|Evasion Moves Clause: Evasion moves are banned
|rule|Sleep Moves Clause: Sleep-inducing moves are banned
|clearpoke
|poke|p1|Heatran, M|
|poke|p1|Corviknight, F|
|poke|p1|Hoopa-Unbound|
|poke|p1|Clefable, M|
|poke|p1|Great Tusk|
|poke|p1|Dragonite, F|
|poke|p2|Ninetales, F|
|poke|p2|Scovillain, M|
|poke|p2|Walking Wake|
|poke|p2|Hatterene, F|
|poke|p2|Great Tusk|
|poke|p2|Ceruledge, M|
|teampreview
|inactive|Battle timer is ON: inactive players will automatically lose when time's up. (requested by cabincabin)
|
|t:|1743793519
|start
|switch|p1a: Hoopa|Hoopa-Unbound|100/100
|switch|p2a: Ninetales|Ninetales, F|100/100
|-weather|SunnyDay|[from] ability: Drought|[of] p2a: Ninetales
|turn|1
|
|t:|1743793526
|move|p2a: Ninetales|Will-O-Wisp|p1a: Hoopa
|-status|p1a: Hoopa|brn
|move|p1a: Hoopa|Knock Off|p2a: Ninetales
|-damage|p2a: Ninetales|68/100
|-enditem|p2a: Ninetales|Heat Rock|[from] move: Knock Off|[of] p1a: Hoopa
|
|-weather|SunnyDay|[upkeep]
|-damage|p1a: Hoopa|95/100 brn|[from] brn
|upkeep
|turn|2
|
|t:|1743793532
|switch|p2a: Hatterene|Hatterene, F|100/100
|move|p1a: Hoopa|Psychic|p2a: Hatterene
|-resisted|p2a: Hatterene
|-damage|p2a: Hatterene|73/100
|-enditem|p2a: Hatterene|Eject Button
|
|t:|1743793553
|switch|p2a: Scovillain|Scovillain, M, shiny|100/100
|
|-weather|SunnyDay|[upkeep]
|-damage|p1a: Hoopa|89/100 brn|[from] brn
|upkeep
|turn|3
|
|t:|1743793580
|switch|p1a: Heatran|Heatran, M|100/100
|move|p2a: Scovillain|Growth|p2a: Scovillain
|-boost|p2a: Scovillain|atk|2
|-boost|p2a: Scovillain|spa|2
|
|-weather|SunnyDay|[upkeep]
|upkeep
|turn|4
|
|t:|1743793604
|-terastallize|p2a: Scovillain|Ground
|-terastallize|p1a: Heatran|Grass
|move|p2a: Scovillain|Tera Blast|p1a: Heatran|[anim] Tera Blast Ground
|-resisted|p1a: Heatran
|-damage|p1a: Heatran|70/100
|-damage|p2a: Scovillain|91/100|[from] item: Life Orb
|move|p1a: Heatran|Magma Storm|p2a: Scovillain
|-damage|p2a: Scovillain|0 fnt
|faint|p2a: Scovillain
|
|-weather|SunnyDay|[upkeep]
|-heal|p1a: Heatran|76/100|[from] item: Leftovers
|upkeep
|inactive|random tera ghost has 120 seconds left.
|
|t:|1743793624
|switch|p2a: Walking Wake|Walking Wake|100/100
|-activate|p2a: Walking Wake|ability: Protosynthesis
|-start|p2a: Walking Wake|protosynthesisspa
|turn|5
|
|t:|1743793638
|switch|p1a: Corviknight|Corviknight, F|100/100
|-ability|p1a: Corviknight|Pressure
|move|p2a: Walking Wake|Draco Meteor|p1a: Corviknight
|-resisted|p1a: Corviknight
|-damage|p1a: Corviknight|36/100
|-unboost|p2a: Walking Wake|spa|2
|
|-weather|SunnyDay|[upkeep]
|upkeep
|turn|6
|
|t:|1743793644
|switch|p1a: Heatran|Heatran, M, tera:Grass|76/100
|move|p2a: Walking Wake|Draco Meteor|p1a: Heatran
|-damage|p1a: Heatran|31/100
|-unboost|p2a: Walking Wake|spa|2
|
|-weather|SunnyDay|[upkeep]
|-heal|p1a: Heatran|37/100|[from] item: Leftovers
|upkeep
|turn|7
|
|t:|1743793650
|move|p2a: Walking Wake|Draco Meteor|p1a: Heatran
|-damage|p1a: Heatran|7/100
|-unboost|p2a: Walking Wake|spa|2
|move|p1a: Heatran|Magma Storm|p2a: Walking Wake|[miss]
|-miss|p1a: Heatran|p2a: Walking Wake
|
|-weather|SunnyDay|[upkeep]
|-heal|p1a: Heatran|13/100|[from] item: Leftovers
|upkeep
|turn|8
|
|t:|1743793658
|switch|p1a: Clefable|Clefable, M|100/100
|move|p2a: Walking Wake|Draco Meteor|p1a: Clefable
|-immune|p1a: Clefable
|
|-weather|none
|-end|p2a: Walking Wake|Protosynthesis
|upkeep
|turn|9
|
|t:|1743793665
|-end|p2a: Walking Wake|Protosynthesis|[silent]
|switch|p2a: Hatterene|Hatterene, F|73/100
|move|p1a: Clefable|Calm Mind|p1a: Clefable
|-boost|p1a: Clefable|spa|1
|-boost|p1a: Clefable|spd|1
|
|upkeep
|turn|10
|
|t:|1743793675
|move|p1a: Clefable|Calm Mind|p1a: Clefable
|-boost|p1a: Clefable|spa|1
|-boost|p1a: Clefable|spd|1
|move|p2a: Hatterene|Nuzzle|p1a: Clefable
|-damage|p1a: Clefable|97/100
|-status|p1a: Clefable|par
|
|-heal|p1a: Clefable|100/100 par|[from] item: Leftovers
|upkeep
|turn|11
|inactive|random tera ghost has 120 seconds left.
|
|t:|1743793720
|move|p2a: Hatterene|Psyshock|p1a: Clefable
|-damage|p1a: Clefable|74/100 par
|move|p1a: Clefable|Calm Mind|p1a: Clefable
|-boost|p1a: Clefable|spa|1
|-boost|p1a: Clefable|spd|1
|
|-heal|p1a: Clefable|80/100 par|[from] item: Leftovers
|upkeep
|turn|12
|
|t:|1743793732
|switch|p2a: Ninetales|Ninetales, F|68/100
|-weather|SunnyDay|[from] ability: Drought|[of] p2a: Ninetales
|move|p1a: Clefable|Calm Mind|p1a: Clefable
|-boost|p1a: Clefable|spa|1
|-boost|p1a: Clefable|spd|1
|
|-weather|SunnyDay|[upkeep]
|-heal|p1a: Clefable|86/100 par|[from] item: Leftovers
|upkeep
|turn|13
|
|t:|1743793736
|move|p2a: Ninetales|Encore|p1a: Clefable
|-start|p1a: Clefable|Encore
|cant|p1a: Clefable|par
|
|-weather|SunnyDay|[upkeep]
|-heal|p1a: Clefable|92/100 par|[from] item: Leftovers
|upkeep
|turn|14
|
|t:|1743793741
|switch|p2a: Ceruledge|Ceruledge, M|100/100
|cant|p1a: Clefable|par
|
|-weather|SunnyDay|[upkeep]
|-heal|p1a: Clefable|98/100 par|[from] item: Leftovers
|upkeep
|turn|15
|
|t:|1743793746
|move|p2a: Ceruledge|Swords Dance|p2a: Ceruledge
|-boost|p2a: Ceruledge|atk|2
|cant|p1a: Clefable|par
|
|-weather|SunnyDay|[upkeep]
|-heal|p1a: Clefable|100/100 par|[from] item: Leftovers
|-end|p1a: Clefable|Encore
|upkeep
|turn|16
|
|t:|1743793755
|move|p2a: Ceruledge|Bitter Blade|p1a: Clefable
|-damage|p1a: Clefable|44/100 par
|move|p1a: Clefable|Moonblast|p2a: Ceruledge
|-resisted|p2a: Ceruledge
|-damage|p2a: Ceruledge|50/100
|
|-weather|none
|-heal|p1a: Clefable|50/100 par|[from] item: Leftovers
|upkeep
|turn|17
|
|t:|1743793760
|move|p2a: Ceruledge|Bitter Blade|p1a: Clefable
|-damage|p1a: Clefable|11/100 par
|-heal|p2a: Ceruledge|76/100|[from] drain|[of] p1a: Clefable
|cant|p1a: Clefable|par
|
|-heal|p1a: Clefable|18/100 par|[from] item: Leftovers
|upkeep
|turn|18
|
|t:|1743793765
|switch|p1a: Heatran|Heatran, M, tera:Grass|13/100
|move|p2a: Ceruledge|Bitter Blade|p1a: Heatran
|-start|p1a: Heatran|ability: Flash Fire
|
|-heal|p1a: Heatran|19/100|[from] item: Leftovers
|upkeep
|turn|19
|
|t:|1743793769
|-end|p1a: Heatran|ability: Flash Fire|[silent]
|switch|p1a: Corviknight|Corviknight, F|36/100
|-ability|p1a: Corviknight|Pressure
|move|p2a: Ceruledge|Shadow Sneak|p1a: Corviknight
|-damage|p1a: Corviknight|8/100
|-damage|p2a: Ceruledge|60/100|[from] item: Rocky Helmet|[of] p1a: Corviknight
|
|upkeep
|turn|20
|
|t:|1743793774
|switch|p1a: Clefable|Clefable, M|18/100 par
|move|p2a: Ceruledge|Shadow Sneak|p1a: Clefable
|-damage|p1a: Clefable|1/100 par
|
|-heal|p1a: Clefable|7/100 par|[from] item: Leftovers
|upkeep
|turn|21
|
|t:|1743793780
|switch|p1a: Corviknight|Corviknight, F|8/100
|-ability|p1a: Corviknight|Pressure
|move|p2a: Ceruledge|Swords Dance|p2a: Ceruledge
|-boost|p2a: Ceruledge|atk|2
|
|upkeep
|turn|22
|
|t:|1743793791
|switch|p1a: Clefable|Clefable, M|7/100 par
|move|p2a: Ceruledge|Swords Dance|p2a: Ceruledge
|-boost|p2a: Ceruledge|atk|2
|
|-heal|p1a: Clefable|13/100 par|[from] item: Leftovers
|upkeep
|turn|23
|
|t:|1743793796
|switch|p1a: Corviknight|Corviknight, F|8/100
|-ability|p1a: Corviknight|Pressure
|move|p2a: Ceruledge|Bitter Blade|p1a: Corviknight
|-supereffective|p1a: Corviknight
|-damage|p1a: Corviknight|0 fnt
|-heal|p2a: Ceruledge|65/100|[from] drain|[of] p1a: Corviknight
|-damage|p2a: Ceruledge|49/100|[from] item: Rocky Helmet|[of] p1a: Corviknight
|faint|p1a: Corviknight
|
|upkeep
|
|t:|1743793807
|switch|p1a: Dragonite|Dragonite, F|100/100
|turn|24
|
|t:|1743793822
|move|p2a: Ceruledge|Shadow Sneak|p1a: Dragonite
|-damage|p1a: Dragonite|57/100
|move|p1a: Dragonite|Scale Shot|p2a: Ceruledge
|-damage|p2a: Ceruledge|29/100
|-ability|p2a: Ceruledge|Weak Armor|boost
|-unboost|p2a: Ceruledge|def|1
|-boost|p2a: Ceruledge|spe|2
|-damage|p2a: Ceruledge|0 fnt
|faint|p2a: Ceruledge
|-hitcount|p2: Ceruledge|2
|-unboost|p1a: Dragonite|def|1
|-boost|p1a: Dragonite|spe|1
|
|upkeep
|
|t:|1743793833
|switch|p2a: Ninetales|Ninetales, F|68/100
|-weather|SunnyDay|[from] ability: Drought|[of] p2a: Ninetales
|turn|25
|
|t:|1743793845
|switch|p1a: Heatran|Heatran, M, tera:Grass|19/100
|switch|p2a: Don|Great Tusk|100/100
|-activate|p2a: Don|ability: Protosynthesis
|-start|p2a: Don|protosynthesisatk
|
|-weather|SunnyDay|[upkeep]
|-heal|p1a: Heatran|26/100|[from] item: Leftovers
|upkeep
|turn|26
|
|t:|1743793854
|switch|p1a: Clefable|Clefable, M|13/100 par
|move|p2a: Don|Ice Spinner|p1a: Clefable
|-damage|p1a: Clefable|0 fnt
|faint|p1a: Clefable
|
|-weather|SunnyDay|[upkeep]
|upkeep
|
|t:|1743793863
|switch|p1a: Great Tusk|Great Tusk|100/100
|-activate|p1a: Great Tusk|ability: Protosynthesis
|-start|p1a: Great Tusk|protosynthesisspe
|turn|27
|
|t:|1743793869
|move|p1a: Great Tusk|Bulk Up|p1a: Great Tusk
|-boost|p1a: Great Tusk|atk|1
|-boost|p1a: Great Tusk|def|1
|move|p2a: Don|Ice Spinner|p1a: Great Tusk
|-supereffective|p1a: Great Tusk
|-damage|p1a: Great Tusk|69/100
|
|-weather|SunnyDay|[upkeep]
|-heal|p1a: Great Tusk|75/100|[from] item: Leftovers
|upkeep
|turn|28
|
|t:|1743793881
|move|p1a: Great Tusk|Rapid Spin|p2a: Don
|-damage|p2a: Don|85/100
|-boost|p1a: Great Tusk|spe|1
|-damage|p1a: Great Tusk|59/100|[from] item: Rocky Helmet|[of] p2a: Don
|move|p2a: Don|Ice Spinner|p1a: Great Tusk
|-supereffective|p1a: Great Tusk
|-damage|p1a: Great Tusk|26/100
|
|-weather|SunnyDay|[upkeep]
|-heal|p1a: Great Tusk|32/100|[from] item: Leftovers
|upkeep
|turn|29
|
|t:|1743793886
|move|p1a: Great Tusk|Bulk Up|p1a: Great Tusk
|-boost|p1a: Great Tusk|atk|1
|-boost|p1a: Great Tusk|def|1
|move|p2a: Don|Ice Spinner|p1a: Great Tusk
|-supereffective|p1a: Great Tusk
|-damage|p1a: Great Tusk|9/100
|
|-weather|none
|-end|p1a: Great Tusk|Protosynthesis
|-end|p2a: Don|Protosynthesis
|-heal|p1a: Great Tusk|15/100|[from] item: Leftovers
|upkeep
|turn|30
|
|t:|1743793893
|move|p1a: Great Tusk|Bulk Up|p1a: Great Tusk
|-boost|p1a: Great Tusk|atk|1
|-boost|p1a: Great Tusk|def|1
|move|p2a: Don|Ice Spinner|p1a: Great Tusk
|-supereffective|p1a: Great Tusk
|-damage|p1a: Great Tusk|0 fnt
|faint|p1a: Great Tusk
|-end|p1a: Great Tusk|Protosynthesis|[silent]
|
|upkeep
|
|t:|1743793909
|switch|p1a: Heatran|Heatran, M, tera:Grass|26/100
|turn|31
|
|t:|1743793913
|move|p2a: Don|Ice Spinner|p1a: Heatran
|-supereffective|p1a: Heatran
|-damage|p1a: Heatran|0 fnt
|faint|p1a: Heatran
|
|upkeep
|
|t:|1743793918
|switch|p1a: Hoopa|Hoopa-Unbound|89/100 brn
|turn|32
|
|t:|1743793923
|-end|p2a: Don|Protosynthesis|[silent]
|switch|p2a: Ninetales|Ninetales, F|68/100
|-weather|SunnyDay|[from] ability: Drought|[of] p2a: Ninetales
|move|p1a: Hoopa|Psychic|p2a: Ninetales
|-damage|p2a: Ninetales|9/100
|
|-weather|SunnyDay|[upkeep]
|-damage|p1a: Hoopa|83/100 brn|[from] brn
|upkeep
|turn|33
|
|t:|1743793934
|switch|p1a: Dragonite|Dragonite, F|57/100
|move|p2a: Ninetales|Weather Ball|p1a: Dragonite
|-resisted|p1a: Dragonite
|-damage|p1a: Dragonite|39/100
|
|-weather|SunnyDay|[upkeep]
|upkeep
|turn|34
|
|t:|1743793948
|switch|p1a: Hoopa|Hoopa-Unbound|83/100 brn
|move|p2a: Ninetales|Will-O-Wisp|p1a: Hoopa
|-fail|p1a: Hoopa|brn
|
|-weather|SunnyDay|[upkeep]
|-damage|p1a: Hoopa|77/100 brn|[from] brn
|upkeep
|turn|35
|
|t:|1743793951
|switch|p1a: Dragonite|Dragonite, F|39/100
|move|p2a: Ninetales|Weather Ball|p1a: Dragonite
|-resisted|p1a: Dragonite
|-damage|p1a: Dragonite|21/100
|
|-weather|SunnyDay|[upkeep]
|upkeep
|turn|36
|
|t:|1743793956
|move|p2a: Ninetales|Will-O-Wisp|p1a: Dragonite
|-status|p1a: Dragonite|brn
|move|p1a: Dragonite|Dragon Dance|p1a: Dragonite
|-boost|p1a: Dragonite|atk|1
|-boost|p1a: Dragonite|spe|1
|
|-weather|none
|-damage|p1a: Dragonite|15/100 brn|[from] brn
|upkeep
|turn|37
|
|t:|1743793972
|switch|p1a: Hoopa|Hoopa-Unbound|77/100 brn
|switch|p2a: Hatterene|Hatterene, F|73/100
|
|-damage|p1a: Hoopa|71/100 brn|[from] brn
|upkeep
|turn|38
|
|t:|1743793977
|move|p1a: Hoopa|Knock Off|p2a: Hatterene
|-damage|p2a: Hatterene|59/100
|move|p2a: Hatterene|Draining Kiss|p1a: Hoopa
|-supereffective|p1a: Hoopa
|-damage|p1a: Hoopa|44/100 brn
|-heal|p2a: Hatterene|80/100|[from] drain|[of] p1a: Hoopa
|
|-damage|p1a: Hoopa|38/100 brn|[from] brn
|upkeep
|turn|39
|
|t:|1743793981
|move|p1a: Hoopa|Psychic|p2a: Hatterene
|-resisted|p2a: Hatterene
|-damage|p2a: Hatterene|51/100
|move|p2a: Hatterene|Draining Kiss|p1a: Hoopa
|-supereffective|p1a: Hoopa
|-damage|p1a: Hoopa|12/100 brn
|-heal|p2a: Hatterene|71/100|[from] drain|[of] p1a: Hoopa
|
|-damage|p1a: Hoopa|6/100 brn|[from] brn
|upkeep
|turn|40
|
|t:|1743793988
|switch|p2a: Ninetales|Ninetales, F|9/100
|-weather|SunnyDay|[from] ability: Drought|[of] p2a: Ninetales
|move|p1a: Hoopa|Thunderbolt|p2a: Ninetales
|-damage|p2a: Ninetales|0 fnt
|faint|p2a: Ninetales
|
|-weather|SunnyDay|[upkeep]
|-damage|p1a: Hoopa|0 fnt|[from] brn
|faint|p1a: Hoopa
|upkeep
|-message|cabincabin forfeited.
|
|win|random tera ghost
|raw|cabincabin's rating: 1474 &rarr; <strong>1456</strong><br />(-18 for losing)
|raw|random tera ghost's rating: 1510 &rarr; <strong>1528</strong><br />(+18 for winning)
|l|☆cabincabin
|player|p1|
|l|☆random tera ghost
|player|p2|
