|j|☆VANYR
|j|☆pulsationplasma
|t:|1743860725
|gametype|singles
|player|p1|VANYR|grimsley|1521
|player|p2|pulsationplasma|ghetsis|1795
|teamsize|p1|6
|teamsize|p2|6
|gen|9
|tier|[Gen 9] OU
|rated|
|rule|HP Percentage Mod: HP is shown in percentages
|rule|Endless Battle Clause: Forcing endless battles is banned
|rule|Species Clause: Limit one of each Pokémon
|rule|OHKO Clause: OHKO moves are banned
|rule|Evasion Items Clause: Evasion items are banned
|rule|Evasion Moves Clause: Evasion moves are banned
|rule|Sleep Moves Clause: Sleep-inducing moves are banned
|clearpoke
|poke|p1|Glimmora, F|
|poke|p1|Samurott-Hisui, M|
|poke|p1|Kleavor, M|
|poke|p1|Sinistcha-Masterpiece|
|poke|p1|Heatran, F|
|poke|p1|Conkeldurr, F|
|poke|p2|Ceruledge, F|
|poke|p2|Salamence, M|
|poke|p2|Flamigo, F|
|poke|p2|Zapdos|
|poke|p2|Ting-Lu|
|poke|p2|Cinderace, F|
|teampreview
|inactive|Battle timer is ON: inactive players will automatically lose when time's up. (requested by VANYR)
|
|t:|1743860748
|start
|switch|p1a: Kleavor|Kleavor, M|100/100
|switch|p2a: Flamigo|Flamigo, F|100/100
|turn|1
|
|t:|1743860755
|switch|p2a: Ting-Lu|Ting-Lu|100/100
|-ability|p2a: Ting-Lu|Vessel of Ruin
|move|p1a: Kleavor|Stone Axe|p2a: Ting-Lu
|-resisted|p2a: Ting-Lu
|-damage|p2a: Ting-Lu|79/100
|-sidestart|p2: pulsationplasma|move: Stealth Rock
|
|-heal|p2a: Ting-Lu|85/100|[from] item: Leftovers
|upkeep
|turn|2
|
|t:|1743860759
|switch|p1a: Samurott|Samurott-Hisui, M|100/100
|move|p2a: Ting-Lu|Stealth Rock|p1a: Samurott
|-sidestart|p1: VANYR|move: Stealth Rock
|
|-heal|p2a: Ting-Lu|92/100|[from] item: Leftovers
|upkeep
|turn|3
|
|t:|1743860768
|switch|p2a: Zapdos|Zapdos|100/100
|move|p1a: Samurott|Ceaseless Edge|p2a: Zapdos
|-damage|p2a: Zapdos|24/100
|-status|p1a: Samurott|par|[from] ability: Static|[of] p2a: Zapdos
|-sidestart|p2: pulsationplasma|Spikes
|
|upkeep
|turn|4
|
|t:|1743860771
|move|p1a: Samurott|Sucker Punch||[still]
|-fail|p1a: Samurott
|move|p2a: Zapdos|Roost|p2a: Zapdos
|-heal|p2a: Zapdos|74/100
|-singleturn|p2a: Zapdos|move: Roost
|
|upkeep
|turn|5
|
|t:|1743860783
|switch|p1a: Glimmora|Glimmora, F|100/100
|-damage|p1a: Glimmora|88/100|[from] Stealth Rock
|move|p2a: Zapdos|Thunderbolt|p1a: Glimmora
|-damage|p1a: Glimmora|52/100
|-status|p1a: Glimmora|par
|
|-heal|p1a: Glimmora|58/100 par|[from] item: Black Sludge
|upkeep
|turn|6
|
|t:|1743860789
|move|p2a: Zapdos|Thunderbolt|p1a: Glimmora
|-damage|p1a: Glimmora|24/100 par
|cant|p1a: Glimmora|par
|
|-heal|p1a: Glimmora|30/100 par|[from] item: Black Sludge
|upkeep
|turn|7
|
|t:|1743860794
|move|p2a: Zapdos|Thunderbolt|p1a: Glimmora
|-damage|p1a: Glimmora|0 fnt
|faint|p1a: Glimmora
|
|upkeep
|
|t:|1743860797
|switch|p1a: Heatran|Heatran, F|100/100
|-damage|p1a: Heatran|88/100|[from] Stealth Rock
|turn|8
|
|t:|1743860801
|move|p2a: Zapdos|Substitute|p2a: Zapdos
|-start|p2a: Zapdos|Substitute
|-damage|p2a: Zapdos|49/100
|move|p1a: Heatran|Magma Storm|p2a: Zapdos
|-end|p2a: Zapdos|Substitute
|
|upkeep
|turn|9
|
|t:|1743860807
|move|p2a: Zapdos|Roost|p2a: Zapdos
|-heal|p2a: Zapdos|99/100
|-singleturn|p2a: Zapdos|move: Roost
|move|p1a: Heatran|Magma Storm|p2a: Zapdos
|-damage|p2a: Zapdos|27/100
|-activate|p2a: Zapdos|move: Magma Storm|[of] p1a: Heatran
|
|-damage|p2a: Zapdos|14/100|[from] move: Magma Storm|[partiallytrapped]
|upkeep
|turn|10
|
|t:|1743860818
|move|p2a: Zapdos|Roost|p2a: Zapdos
|-heal|p2a: Zapdos|64/100
|-singleturn|p2a: Zapdos|move: Roost
|move|p1a: Heatran|Power Gem|p2a: Zapdos
|-damage|p2a: Zapdos|31/100
|
|-damage|p2a: Zapdos|19/100|[from] move: Magma Storm|[partiallytrapped]
|upkeep
|turn|11
|
|t:|1743860826
|move|p2a: Zapdos|Roost|p2a: Zapdos
|-heal|p2a: Zapdos|69/100
|-singleturn|p2a: Zapdos|move: Roost
|move|p1a: Heatran|Earth Power|p2a: Zapdos
|-supereffective|p2a: Zapdos
|-damage|p2a: Zapdos|0 fnt
|faint|p2a: Zapdos
|
|upkeep
|
|t:|1743860835
|switch|p2a: Flamigo|Flamigo, F|100/100
|-damage|p2a: Flamigo|88/100|[from] Stealth Rock
|turn|12
|
|t:|1743860848
|move|p2a: Flamigo|Swords Dance|p2a: Flamigo
|-boost|p2a: Flamigo|atk|2
|move|p1a: Heatran|Magma Storm|p2a: Flamigo
|-damage|p2a: Flamigo|0 fnt
|faint|p2a: Flamigo
|
|upkeep
|
|t:|1743860855
|switch|p2a: Ting-Lu|Ting-Lu|92/100
|-damage|p2a: Ting-Lu|85/100|[from] Stealth Rock
|-damage|p2a: Ting-Lu|73/100|[from] Spikes
|-ability|p2a: Ting-Lu|Vessel of Ruin
|turn|13
|
|t:|1743860859
|switch|p1a: Samurott|Samurott-Hisui, M|100/100 par
|-damage|p1a: Samurott|88/100 par|[from] Stealth Rock
|move|p2a: Ting-Lu|Earthquake|p1a: Samurott
|-damage|p1a: Samurott|50/100 par
|
|-heal|p2a: Ting-Lu|79/100|[from] item: Leftovers
|upkeep
|turn|14
|
|t:|1743860864
|move|p2a: Ting-Lu|Earthquake|p1a: Samurott
|-damage|p1a: Samurott|11/100 par
|move|p1a: Samurott|Ceaseless Edge|p2a: Ting-Lu
|-resisted|p2a: Ting-Lu
|-damage|p2a: Ting-Lu|66/100
|-sidestart|p2: pulsationplasma|Spikes
|
|-heal|p2a: Ting-Lu|72/100|[from] item: Leftovers
|upkeep
|turn|15
|
|t:|1743860870
|move|p1a: Samurott|Sucker Punch|p2a: Ting-Lu
|-resisted|p2a: Ting-Lu
|-damage|p2a: Ting-Lu|61/100
|move|p2a: Ting-Lu|Earthquake|p1a: Samurott
|-damage|p1a: Samurott|0 fnt
|faint|p1a: Samurott
|
|-heal|p2a: Ting-Lu|67/100|[from] item: Leftovers
|upkeep
|
|t:|1743860873
|switch|p1a: Conkeldurr|Conkeldurr, F|100/100
|-damage|p1a: Conkeldurr|95/100|[from] Stealth Rock
|turn|16
|
|t:|1743860879
|switch|p2a: Cinderace|Cinderace, F|100/100
|move|p1a: Conkeldurr|Knock Off|p2a: Cinderace
|-damage|p2a: Cinderace|45/100
|-enditem|p2a: Cinderace|Heavy-Duty Boots|[from] move: Knock Off|[of] p1a: Conkeldurr
|
|upkeep
|turn|17
|
|t:|1743860884
|move|p2a: Cinderace|Pyro Ball|p1a: Conkeldurr
|-damage|p1a: Conkeldurr|48/100
|move|p1a: Conkeldurr|Drain Punch|p2a: Cinderace
|-damage|p2a: Cinderace|0 fnt
|-heal|p1a: Conkeldurr|67/100|[from] drain|[of] p2a: Cinderace
|faint|p2a: Cinderace
|
|upkeep
|
|t:|1743860890
|switch|p2a: Salamence|Salamence, M|100/100
|-damage|p2a: Salamence|76/100|[from] Stealth Rock
|turn|18
|
|t:|1743860892
|move|p2a: Salamence|Dual Wingbeat|p1a: Conkeldurr
|-supereffective|p1a: Conkeldurr
|-damage|p1a: Conkeldurr|36/100
|-supereffective|p1a: Conkeldurr
|-damage|p1a: Conkeldurr|0 fnt
|faint|p1a: Conkeldurr
|-ability|p2a: Salamence|Moxie|boost
|-boost|p2a: Salamence|atk|1
|-hitcount|p1: Conkeldurr|2
|
|-heal|p2a: Salamence|82/100|[from] item: Leftovers
|upkeep
|
|t:|1743860898
|switch|p1a: Kleavor|Kleavor, M|100/100
|-damage|p1a: Kleavor|75/100|[from] Stealth Rock
|turn|19
|
|t:|1743860900
|switch|p2a: Ting-Lu|Ting-Lu|67/100
|-damage|p2a: Ting-Lu|61/100|[from] Stealth Rock
|-damage|p2a: Ting-Lu|45/100|[from] Spikes
|-ability|p2a: Ting-Lu|Vessel of Ruin
|move|p1a: Kleavor|Stone Axe|p2a: Ting-Lu|[miss]
|-miss|p1a: Kleavor|p2a: Ting-Lu
|
|-heal|p2a: Ting-Lu|51/100|[from] item: Leftovers
|upkeep
|turn|20
|
|t:|1743860904
|switch|p1a: Sinistcha|Sinistcha-Masterpiece|100/100
|-damage|p1a: Sinistcha|88/100|[from] Stealth Rock
|switch|p2a: Salamence|Salamence, M|82/100
|-damage|p2a: Salamence|57/100|[from] Stealth Rock
|
|-heal|p2a: Salamence|63/100|[from] item: Leftovers
|-heal|p1a: Sinistcha|94/100|[from] item: Leftovers
|upkeep
|turn|21
|
|t:|1743860909
|move|p2a: Salamence|Dragon Dance|p2a: Salamence
|-boost|p2a: Salamence|atk|1
|-boost|p2a: Salamence|spe|1
|move|p1a: Sinistcha|Strength Sap|p2a: Salamence
|-unboost|p2a: Salamence|atk|1
|-heal|p1a: Sinistcha|100/100
|
|-heal|p2a: Salamence|69/100|[from] item: Leftovers
|upkeep
|turn|22
|
|t:|1743860917
|move|p2a: Salamence|Dual Wingbeat|p1a: Sinistcha
|-supereffective|p1a: Sinistcha
|-damage|p1a: Sinistcha|69/100
|-supereffective|p1a: Sinistcha
|-damage|p1a: Sinistcha|42/100
|-hitcount|p1a: Sinistcha|2
|move|p1a: Sinistcha|Calm Mind|p1a: Sinistcha
|-boost|p1a: Sinistcha|spa|1
|-boost|p1a: Sinistcha|spd|1
|
|-heal|p2a: Salamence|75/100|[from] item: Leftovers
|-heal|p1a: Sinistcha|48/100|[from] item: Leftovers
|upkeep
|turn|23
|
|t:|1743860924
|move|p2a: Salamence|Dual Wingbeat|p1a: Sinistcha
|-supereffective|p1a: Sinistcha
|-damage|p1a: Sinistcha|19/100
|-supereffective|p1a: Sinistcha
|-damage|p1a: Sinistcha|0 fnt
|faint|p1a: Sinistcha
|-ability|p2a: Salamence|Moxie|boost
|-boost|p2a: Salamence|atk|1
|-hitcount|p1: Sinistcha|2
|
|-heal|p2a: Salamence|81/100|[from] item: Leftovers
|upkeep
|
|t:|1743860928
|switch|p1a: Kleavor|Kleavor, M|75/100
|-damage|p1a: Kleavor|50/100|[from] Stealth Rock
|turn|24
|
|t:|1743860934
|move|p2a: Salamence|Outrage|p1a: Kleavor
|-damage|p1a: Kleavor|0 fnt
|faint|p1a: Kleavor
|-ability|p2a: Salamence|Moxie|boost
|-boost|p2a: Salamence|atk|1
|
|-heal|p2a: Salamence|87/100|[from] item: Leftovers
|upkeep
|-message|VANYR forfeited.
|
|win|pulsationplasma
|raw|VANYR's rating: 1521 &rarr; <strong>1514</strong><br />(-7 for losing)
|raw|pulsationplasma's rating: 1795 &rarr; <strong>1802</strong><br />(+7 for winning)
|l|☆VANYR
|player|p1|
