|j|☆9lives1024
|j|☆VivaLaDavis
|t:|1743912793
|gametype|singles
|player|p1|9lives1024|n|1110
|player|p2|VivaLaDavis|265|1052
|teamsize|p1|6
|teamsize|p2|6
|gen|9
|tier|[Gen 9] OU
|rated|
|rule|HP Percentage Mod: HP is shown in percentages
|rule|Endless Battle Clause: Forcing endless battles is banned
|rule|Species Clause: Limit one of each Pokémon
|rule|OHKO Clause: OHKO moves are banned
|rule|Evasion Items Clause: Evasion items are banned
|rule|Evasion Moves Clause: Evasion moves are banned
|rule|Sleep Moves Clause: Sleep-inducing moves are banned
|clearpoke
|poke|p1|Kingambit, F|
|poke|p1|Dragapult, F|
|poke|p1|Iron Valiant|
|poke|p1|Great Tusk|
|poke|p1|Dondozo, F|
|poke|p1|Corviknight, M|
|poke|p2|Klefki, F|
|poke|p2|Orthworm, M|
|poke|p2|Empoleon, F|
|poke|p2|Skarmory, M|
|poke|p2|Bisharp, F|
|poke|p2|Corviknight, M|
|teampreview
|
|t:|1743912824
|start
|switch|p1a: Iron Valiant|Iron Valiant|100/100
|switch|p2a: Klefki|Klefki, F|100/100
|-enditem|p1a: Iron Valiant|Booster Energy
|-activate|p1a: Iron Valiant|ability: Quark Drive|[fromitem]
|-start|p1a: Iron Valiant|quarkdrivespe
|turn|1
|
|t:|1743912835
|move|p2a: Klefki|Switcheroo|p1a: Iron Valiant
|-activate|p2a: Klefki|move: Trick|[of] p1a: Iron Valiant
|-item|p1a: Iron Valiant|Choice Scarf|[from] move: Switcheroo
|-enditem|p2a: Klefki|Choice Scarf|[silent]|[from] move: Switcheroo
|move|p1a: Iron Valiant|Calm Mind|p1a: Iron Valiant
|-boost|p1a: Iron Valiant|spa|1
|-boost|p1a: Iron Valiant|spd|1
|
|upkeep
|turn|2
|
|t:|1743912847
|move|p2a: Klefki|Spikes|p1a: Iron Valiant
|-sidestart|p1: 9lives1024|Spikes
|move|p1a: Iron Valiant|Calm Mind|p1a: Iron Valiant
|-boost|p1a: Iron Valiant|spa|1
|-boost|p1a: Iron Valiant|spd|1
|
|upkeep
|turn|3
|
|t:|1743912853
|move|p2a: Klefki|Spikes|p1a: Iron Valiant
|-sidestart|p1: 9lives1024|Spikes
|move|p1a: Iron Valiant|Calm Mind|p1a: Iron Valiant
|-boost|p1a: Iron Valiant|spa|1
|-boost|p1a: Iron Valiant|spd|1
|
|upkeep
|turn|4
|
|t:|1743912859
|move|p2a: Klefki|Spikes|p1a: Iron Valiant
|-sidestart|p1: 9lives1024|Spikes
|move|p1a: Iron Valiant|Calm Mind|p1a: Iron Valiant
|-boost|p1a: Iron Valiant|spa|1
|-boost|p1a: Iron Valiant|spd|1
|
|upkeep
|turn|5
|
|t:|1743912868
|move|p2a: Klefki|Thunder Wave|p1a: Iron Valiant
|-status|p1a: Iron Valiant|par
|move|p1a: Iron Valiant|Calm Mind|p1a: Iron Valiant
|-boost|p1a: Iron Valiant|spa|1
|-boost|p1a: Iron Valiant|spd|1
|
|upkeep
|turn|6
|
|t:|1743912893
|switch|p2a: Orthworm|Orthworm, M|100/100
|move|p1a: Iron Valiant|Calm Mind|p1a: Iron Valiant
|-boost|p1a: Iron Valiant|spa|1
|-boost|p1a: Iron Valiant|spd|1
|
|upkeep
|turn|7
|
|t:|1743912900
|move|p1a: Iron Valiant|Calm Mind|p1a: Iron Valiant
|-boost|p1a: Iron Valiant|spa|0
|-boost|p1a: Iron Valiant|spd|0
|move|p2a: Orthworm|Iron Defense|p2a: Orthworm
|-boost|p2a: Orthworm|def|2
|
|upkeep
|turn|8
|
|t:|1743912907
|move|p1a: Iron Valiant|Calm Mind|p1a: Iron Valiant
|-boost|p1a: Iron Valiant|spa|0
|-boost|p1a: Iron Valiant|spd|0
|move|p2a: Orthworm|Iron Defense|p2a: Orthworm
|-boost|p2a: Orthworm|def|2
|
|upkeep
|turn|9
|
|t:|1743912925
|-end|p1a: Iron Valiant|Quark Drive|[silent]
|switch|p1a: Dondozo|Dondozo, F|100/100
|-damage|p1a: Dondozo|75/100|[from] Spikes
|move|p2a: Orthworm|Iron Defense|p2a: Orthworm
|-boost|p2a: Orthworm|def|2
|
|-heal|p1a: Dondozo|82/100|[from] item: Leftovers
|upkeep
|turn|10
|
|t:|1743912934
|move|p2a: Orthworm|Wrap|p1a: Dondozo
|-damage|p1a: Dondozo|80/100
|-activate|p1a: Dondozo|move: Wrap|[of] p2a: Orthworm
|move|p1a: Dondozo|Avalanche|p2a: Orthworm
|-resisted|p2a: Orthworm
|-damage|p2a: Orthworm|92/100
|
|-heal|p2a: Orthworm|98/100|[from] item: Leftovers
|-heal|p1a: Dondozo|86/100|[from] item: Leftovers
|-damage|p1a: Dondozo|74/100|[from] move: Wrap|[partiallytrapped]
|upkeep
|turn|11
|
|t:|1743912946
|move|p2a: Orthworm|Body Press|p1a: Dondozo
|-damage|p1a: Dondozo|62/100
|move|p1a: Dondozo|Body Press|p2a: Orthworm
|-supereffective|p2a: Orthworm
|-damage|p2a: Orthworm|59/100
|
|-heal|p2a: Orthworm|65/100|[from] item: Leftovers
|-heal|p1a: Dondozo|68/100|[from] item: Leftovers
|-damage|p1a: Dondozo|55/100|[from] move: Wrap|[partiallytrapped]
|upkeep
|turn|12
|
|t:|1743912961
|switch|p2a: Klefki|Klefki, F|100/100
|move|p1a: Dondozo|Body Press|p2a: Klefki
|-damage|p2a: Klefki|76/100
|
|-heal|p1a: Dondozo|62/100|[from] item: Leftovers
|-end|p1a: Dondozo|Wrap|[partiallytrapped]|[silent]
|upkeep
|turn|13
|
|t:|1743912971
|move|p2a: Klefki|Switcheroo|p1a: Dondozo
|-activate|p2a: Klefki|move: Trick|[of] p1a: Dondozo
|-enditem|p1a: Dondozo|Leftovers|[silent]|[from] move: Switcheroo
|-item|p2a: Klefki|Leftovers|[from] move: Switcheroo
|move|p1a: Dondozo|Avalanche|p2a: Klefki
|-resisted|p2a: Klefki
|-damage|p2a: Klefki|70/100
|
|-heal|p2a: Klefki|76/100|[from] item: Leftovers
|upkeep
|turn|14
|
|t:|1743912979
|move|p2a: Klefki|Thunder Wave|p1a: Dondozo
|-status|p1a: Dondozo|par
|cant|p1a: Dondozo|par
|
|-heal|p2a: Klefki|82/100|[from] item: Leftovers
|upkeep
|turn|15
|
|t:|1743912987
|move|p2a: Klefki|Dazzling Gleam|p1a: Dondozo
|-damage|p1a: Dondozo|38/100 par
|cant|p1a: Dondozo|par
|
|-heal|p2a: Klefki|88/100|[from] item: Leftovers
|upkeep
|turn|16
|
|t:|1743912992
|move|p2a: Klefki|Dazzling Gleam|p1a: Dondozo
|-damage|p1a: Dondozo|16/100 par
|cant|p1a: Dondozo|par
|
|-heal|p2a: Klefki|94/100|[from] item: Leftovers
|upkeep
|turn|17
|
|t:|1743912998
|move|p2a: Klefki|Dazzling Gleam|p1a: Dondozo
|-damage|p1a: Dondozo|0 fnt
|faint|p1a: Dondozo
|
|-heal|p2a: Klefki|99/100|[from] item: Leftovers
|upkeep
|
|t:|1743913009
|switch|p1a: Corviknight|Corviknight, M|100/100
|-ability|p1a: Corviknight|Pressure
|turn|18
|
|t:|1743913021
|switch|p2a: Empoleon|Empoleon, F|100/100
|move|p1a: Corviknight|Brave Bird|p2a: Empoleon
|-resisted|p2a: Empoleon
|-damage|p2a: Empoleon|77/100
|-damage|p1a: Corviknight|94/100|[from] Recoil
|
|upkeep
|turn|19
|
|t:|1743913028
|move|p2a: Empoleon|Agility|p2a: Empoleon
|-boost|p2a: Empoleon|spe|2
|move|p1a: Corviknight|Body Press|p2a: Empoleon
|-supereffective|p2a: Empoleon
|-damage|p2a: Empoleon|30/100
|-enditem|p2a: Empoleon|Weakness Policy
|-boost|p2a: Empoleon|atk|2|[from] item: Weakness Policy
|-boost|p2a: Empoleon|spa|2|[from] item: Weakness Policy
|
|upkeep
|turn|20
|
|t:|1743913037
|move|p2a: Empoleon|Surf|p1a: Corviknight
|-damage|p1a: Corviknight|34/100
|move|p1a: Corviknight|Body Press|p2a: Empoleon
|-supereffective|p2a: Empoleon
|-damage|p2a: Empoleon|0 fnt
|faint|p2a: Empoleon
|
|upkeep
|
|t:|1743913047
|switch|p2a: Skarmory|Skarmory, M|100/100
|turn|21
|
|t:|1743913051
|move|p2a: Skarmory|Swords Dance|p2a: Skarmory
|-boost|p2a: Skarmory|atk|2
|move|p1a: Corviknight|Roost|p1a: Corviknight
|-heal|p1a: Corviknight|84/100
|-singleturn|p1a: Corviknight|move: Roost
|
|upkeep
|turn|22
|
|t:|1743913060
|move|p2a: Skarmory|Swords Dance|p2a: Skarmory
|-boost|p2a: Skarmory|atk|2
|move|p1a: Corviknight|Iron Defense|p1a: Corviknight
|-boost|p1a: Corviknight|def|2
|
|upkeep
|turn|23
|
|t:|1743913067
|move|p2a: Skarmory|Rock Slide|p1a: Corviknight|[miss]
|-miss|p2a: Skarmory|p1a: Corviknight
|move|p1a: Corviknight|Iron Defense|p1a: Corviknight
|-boost|p1a: Corviknight|def|2
|
|upkeep
|turn|24
|
|t:|1743913079
|move|p2a: Skarmory|Rock Slide|p1a: Corviknight
|-damage|p1a: Corviknight|68/100
|cant|p1a: Corviknight|flinch
|
|upkeep
|turn|25
|
|t:|1743913084
|switch|p2a: Klefki|Klefki, F|99/100
|move|p1a: Corviknight|Body Press|p2a: Klefki
|-damage|p2a: Klefki|49/100
|
|-heal|p2a: Klefki|55/100|[from] item: Leftovers
|upkeep
|turn|26
|
|t:|1743913091
|move|p2a: Klefki|Thunder Wave|p1a: Corviknight
|-status|p1a: Corviknight|par
|move|p1a: Corviknight|Body Press|p2a: Klefki
|-damage|p2a: Klefki|7/100
|
|-heal|p2a: Klefki|13/100|[from] item: Leftovers
|upkeep
|turn|27
|
|t:|1743913100
|move|p2a: Klefki|Dazzling Gleam|p1a: Corviknight
|-resisted|p1a: Corviknight
|-damage|p1a: Corviknight|61/100 par
|cant|p1a: Corviknight|par
|
|-heal|p2a: Klefki|19/100|[from] item: Leftovers
|upkeep
|turn|28
|
|t:|1743913116
|switch|p2a: Orthworm|Orthworm, M|65/100
|move|p1a: Corviknight|Body Press|p2a: Orthworm
|-supereffective|p2a: Orthworm
|-crit|p2a: Orthworm
|-damage|p2a: Orthworm|0 fnt
|faint|p2a: Orthworm
|
|upkeep
|
|t:|1743913122
|switch|p2a: Corviknight|Corviknight, M|100/100
|turn|29
|
|t:|1743913127
|move|p2a: Corviknight|Iron Defense|p2a: Corviknight
|-boost|p2a: Corviknight|def|2
|move|p1a: Corviknight|Brave Bird|p2a: Corviknight
|-resisted|p2a: Corviknight
|-crit|p2a: Corviknight
|-damage|p2a: Corviknight|80/100
|-damage|p1a: Corviknight|55/100 par|[from] Recoil
|
|upkeep
|turn|30
|
|t:|1743913135
|move|p2a: Corviknight|Body Press|p1a: Corviknight
|-damage|p1a: Corviknight|40/100 par
|-damage|p2a: Corviknight|63/100|[from] item: Rocky Helmet|[of] p1a: Corviknight
|cant|p1a: Corviknight|par
|
|upkeep
|turn|31
|
|t:|1743913141
|move|p2a: Corviknight|Body Press|p1a: Corviknight
|-damage|p1a: Corviknight|25/100 par
|-damage|p2a: Corviknight|47/100|[from] item: Rocky Helmet|[of] p1a: Corviknight
|move|p1a: Corviknight|Roost|p1a: Corviknight
|-heal|p1a: Corviknight|75/100 par
|-singleturn|p1a: Corviknight|move: Roost
|
|upkeep
|turn|32
|-message|VivaLaDavis forfeited.
|
|win|9lives1024
|raw|9lives1024's rating: 1110 &rarr; <strong>1131</strong><br />(+21 for winning)
|raw|VivaLaDavis's rating: 1052 &rarr; <strong>1037</strong><br />(-15 for losing)
|l|☆VivaLaDavis
|player|p2|
|l|☆9lives1024
|player|p1|
