|j|☆Stotochi
|j|☆SaphirOmega
|t:|1743822428
|gametype|singles
|player|p1|Stotochi|265|1380
|player|p2|SaphirOmega|170|1409
|teamsize|p1|6
|teamsize|p2|6
|gen|9
|tier|[Gen 9] OU
|rated|
|rule|HP Percentage Mod: HP is shown in percentages
|rule|Endless Battle Clause: Forcing endless battles is banned
|rule|Species Clause: Limit one of each Pokémon
|rule|OHKO Clause: OHKO moves are banned
|rule|Evasion Items Clause: Evasion items are banned
|rule|Evasion Moves Clause: Evasion moves are banned
|rule|Sleep Moves Clause: Sleep-inducing moves are banned
|clearpoke
|poke|p1|Decidueye-Hisui, M|
|poke|p1|Zapdos-Galar|
|poke|p1|Yanmega, M|
|poke|p1|Braviary-Hisui, M|
|poke|p1|Oricorio-Pom-Pom, F|
|poke|p1|Honchkrow, F|
|poke|p2|Ditto|
|poke|p2|Venusaur, F|
|poke|p2|Great Tusk|
|poke|p2|Primarina, F|
|poke|p2|Heatran, M|
|poke|p2|Torkoal, F|
|teampreview
|inactive|Battle timer is ON: inactive players will automatically lose when time's up. (requested by Stotochi)
|
|t:|1743822451
|start
|switch|p1a: Zapdos|Zapdos-Galar|100/100
|switch|p2a: Shelless Turtle|Primarina, F|100/100
|turn|1
|
|t:|1743822458
|move|p1a: Zapdos|U-turn|p2a: Shelless Turtle
|-resisted|p2a: Shelless Turtle
|-damage|p2a: Shelless Turtle|76/100
|
|t:|1743822467
|switch|p1a: Yanmega|Yanmega, M|100/100|[from] U-turn
|move|p2a: Shelless Turtle|Moonblast|p1a: Yanmega
|-damage|p1a: Yanmega|19/100
|
|upkeep
|turn|2
|
|t:|1743822495
|move|p2a: Shelless Turtle|Moonblast|p1a: Yanmega
|-damage|p1a: Yanmega|0 fnt
|faint|p1a: Yanmega
|
|upkeep
|
|t:|1743822500
|switch|p1a: Oricorio|Oricorio-Pom-Pom, F|100/100
|turn|3
|inactive|SaphirOmega has 120 seconds left.
|
|t:|1743822537
|-terastallize|p2a: Shelless Turtle|Ground
|move|p2a: Shelless Turtle|Moonblast|p1a: Oricorio
|-damage|p1a: Oricorio|15/100
|-unboost|p1a: Oricorio|spa|1
|-enditem|p1a: Oricorio|Lansat Berry|[eat]
|-start|p1a: Oricorio|move: Focus Energy
|move|p1a: Oricorio|Quiver Dance|p1a: Oricorio
|-boost|p1a: Oricorio|spa|1
|-boost|p1a: Oricorio|spd|1
|-boost|p1a: Oricorio|spe|1
|
|upkeep
|turn|4
|
|t:|1743822554
|switch|p2a: Cabbage Turtle|Venusaur, F|100/100
|move|p1a: Oricorio|Air Slash|p2a: Cabbage Turtle
|-supereffective|p2a: Cabbage Turtle
|-crit|p2a: Cabbage Turtle
|-damage|p2a: Cabbage Turtle|0 fnt
|faint|p2a: Cabbage Turtle
|
|upkeep
|inactive|SaphirOmega has 90 seconds left.
|
|t:|1743822581
|switch|p2a: Fake Turtle|Ditto, shiny|100/100
|-start|p2a: Fake Turtle|move: Focus Energy|[silent]
|-transform|p2a: Fake Turtle|p1a: Oricorio|[from] ability: Imposter
|turn|5
|
|t:|1743822591
|-terastallize|p1a: Oricorio|Ground
|move|p2a: Fake Turtle|Revelation Dance|p1a: Oricorio
|-immune|p1a: Oricorio
|move|p1a: Oricorio|Roost|p1a: Oricorio
|-heal|p1a: Oricorio|65/100
|
|upkeep
|turn|6
|
|t:|1743822606
|switch|p2a: Turtle|Torkoal, F|100/100
|-weather|SunnyDay|[from] ability: Drought|[of] p2a: Turtle
|move|p1a: Oricorio|Revelation Dance|p2a: Turtle
|-supereffective|p2a: Turtle
|-damage|p2a: Turtle|7/100
|
|-weather|SunnyDay|[upkeep]
|upkeep
|turn|7
|
|t:|1743822620
|move|p1a: Oricorio|Revelation Dance|p2a: Turtle
|-supereffective|p2a: Turtle
|-crit|p2a: Turtle
|-damage|p2a: Turtle|0 fnt
|faint|p2a: Turtle
|
|-weather|SunnyDay|[upkeep]
|upkeep
|
|t:|1743822625
|switch|p2a: Iron Turtle|Heatran, M|100/100
|-item|p2a: Iron Turtle|Air Balloon
|turn|8
|
|t:|1743822629
|move|p1a: Oricorio|Air Slash|p2a: Iron Turtle
|-resisted|p2a: Iron Turtle
|-damage|p2a: Iron Turtle|86/100
|-enditem|p2a: Iron Turtle|Air Balloon
|cant|p2a: Iron Turtle|flinch
|
|-weather|SunnyDay|[upkeep]
|upkeep
|turn|9
|inactive|SaphirOmega has 90 seconds left.
|
|t:|1743822639
|move|p1a: Oricorio|Revelation Dance|p2a: Iron Turtle
|-supereffective|p2a: Iron Turtle
|-crit|p2a: Iron Turtle
|-damage|p2a: Iron Turtle|0 fnt
|faint|p2a: Iron Turtle
|
|-weather|SunnyDay|[upkeep]
|upkeep
|
|t:|1743822642
|switch|p2a: Shelless Turtle|Primarina, F, tera:Ground|76/100
|turn|10
|
|t:|1743822647
|move|p1a: Oricorio|Air Slash|p2a: Shelless Turtle
|-damage|p2a: Shelless Turtle|43/100
|cant|p2a: Shelless Turtle|flinch
|
|-weather|SunnyDay|[upkeep]
|upkeep
|turn|11
|
|t:|1743822650
|move|p1a: Oricorio|Air Slash|p2a: Shelless Turtle
|-crit|p2a: Shelless Turtle
|-damage|p2a: Shelless Turtle|0 fnt
|faint|p2a: Shelless Turtle
|
|-weather|SunnyDay|[upkeep]
|upkeep
|
|t:|1743822658
|switch|p2a: Fake Turtle|Ditto, shiny|100/100
|-start|p2a: Fake Turtle|move: Focus Energy|[silent]
|-transform|p2a: Fake Turtle|p1a: Oricorio|[from] ability: Imposter
|-start|p2a: Fake Turtle|typechange|Electric/Flying|[silent]
|turn|12
|inactive|SaphirOmega has 120 seconds left.
|
|t:|1743822664
|move|p2a: Fake Turtle|Air Slash|p1a: Oricorio
|-damage|p1a: Oricorio|29/100
|move|p1a: Oricorio|Air Slash|p2a: Fake Turtle
|-resisted|p2a: Fake Turtle
|-damage|p2a: Fake Turtle|83/100
|
|-weather|SunnyDay|[upkeep]
|upkeep
|turn|13
|
|t:|1743822669
|move|p2a: Fake Turtle|Air Slash|p1a: Oricorio
|-crit|p1a: Oricorio
|-damage|p1a: Oricorio|0 fnt
|faint|p1a: Oricorio
|
|-weather|none
|upkeep
|
|t:|1743822672
|switch|p1a: Honchkrow|Honchkrow, F|100/100
|turn|14
|
|t:|1743822676
|move|p2a: Fake Turtle|Air Slash|p1a: Honchkrow
|-damage|p1a: Honchkrow|51/100
|move|p1a: Honchkrow|Brave Bird|p2a: Fake Turtle
|-resisted|p2a: Fake Turtle
|-crit|p2a: Fake Turtle
|-damage|p2a: Fake Turtle|2/100
|-damage|p1a: Honchkrow|31/100|[from] Recoil
|
|upkeep
|turn|15
|
|t:|1743822683
|move|p1a: Honchkrow|Sucker Punch|p2a: Fake Turtle
|-damage|p2a: Fake Turtle|0 fnt
|faint|p2a: Fake Turtle
|
|upkeep
|
|t:|1743822686
|switch|p2a: Prehistoric Turtle|Great Tusk|100/100
|turn|16
|
|t:|1743822688
|move|p2a: Prehistoric Turtle|Bulk Up|p2a: Prehistoric Turtle
|-boost|p2a: Prehistoric Turtle|atk|1
|-boost|p2a: Prehistoric Turtle|def|1
|move|p1a: Honchkrow|Brave Bird|p2a: Prehistoric Turtle
|-supereffective|p2a: Prehistoric Turtle
|-crit|p2a: Prehistoric Turtle
|-damage|p2a: Prehistoric Turtle|0 fnt
|faint|p2a: Prehistoric Turtle
|-end|p2a: Prehistoric Turtle|Protosynthesis|[silent]
|-damage|p1a: Honchkrow|0 fnt|[from] Recoil
|faint|p1a: Honchkrow
|
|win|Stotochi
|raw|Stotochi's rating: 1380 &rarr; <strong>1403</strong><br />(+23 for winning)
|raw|SaphirOmega's rating: 1424 &rarr; <strong>1401</strong><br />(-23 for losing)
|l|☆Stotochi
|player|p1|
|l|☆SaphirOmega
|player|p2|
