|j|☆High Mighty Weasel
|j|☆tdd20070515兹伏奇大吾
|t:|1743937414
|gametype|singles
|player|p1|High Mighty Weasel|zinnia|1632
|player|p2|tdd20070515兹伏奇大吾|steven-masters2|1599
|teamsize|p1|6
|teamsize|p2|6
|gen|9
|tier|[Gen 9] OU
|rated|
|rule|HP Percentage Mod: HP is shown in percentages
|rule|Endless Battle Clause: Forcing endless battles is banned
|rule|Species Clause: Limit one of each Pokémon
|rule|OHKO Clause: OHKO moves are banned
|rule|Evasion Items Clause: Evasion items are banned
|rule|Evasion Moves Clause: Evasion moves are banned
|rule|Sleep Moves Clause: Sleep-inducing moves are banned
|clearpoke
|poke|p1|Scizor, M|
|poke|p1|Garchomp, F|
|poke|p1|Primarina, F|
|poke|p1|Great Tusk|
|poke|p1|Ogerpon-Wellspring, F|
|poke|p1|Zapdos|
|poke|p2|Clodsire, M|
|poke|p2|Dondozo, F|
|poke|p2|Blissey, F|
|poke|p2|Gliscor, F|
|poke|p2|Corviknight, F|
|poke|p2|Toxapex, M|
|teampreview
|
|t:|1743937438
|start
|switch|p1a: Garchomp|Garchomp, F|100/100
|switch|p2a: 这是勾魂眼的位置|Gliscor, F|100/100
|turn|1
|
|t:|1743937446
|move|p1a: Garchomp|Stealth Rock|p2a: 这是勾魂眼的位置
|-sidestart|p2: tdd20070515兹伏奇大吾|move: Stealth Rock
|move|p2a: 这是勾魂眼的位置|Knock Off|p1a: Garchomp
|-damage|p1a: Garchomp|80/100
|-damage|p2a: 这是勾魂眼的位置|88/100|[from] ability: Rough Skin|[of] p1a: Garchomp
|-enditem|p1a: Garchomp|Life Orb|[from] move: Knock Off|[of] p2a: 这是勾魂眼的位置
|
|-status|p2a: 这是勾魂眼的位置|tox|[from] item: Toxic Orb
|upkeep
|turn|2
|
|t:|1743937459
|switch|p1a: Scizor|Scizor, M|100/100
|move|p2a: 这是勾魂眼的位置|Swords Dance|p2a: 这是勾魂眼的位置
|-boost|p2a: 这是勾魂眼的位置|atk|2
|
|-heal|p2a: 这是勾魂眼的位置|100/100 tox|[from] ability: Poison Heal
|upkeep
|turn|3
|
|t:|1743937470
|move|p2a: 这是勾魂眼的位置|Knock Off|p1a: Scizor
|-damage|p1a: Scizor|54/100
|-enditem|p1a: Scizor|Choice Band|[from] move: Knock Off|[of] p2a: 这是勾魂眼的位置
|move|p1a: Scizor|Dual Wingbeat|p2a: 这是勾魂眼的位置
|-damage|p2a: 这是勾魂眼的位置|83/100 tox
|-damage|p2a: 这是勾魂眼的位置|66/100 tox
|-hitcount|p2a: 这是勾魂眼的位置|2
|
|-heal|p2a: 这是勾魂眼的位置|78/100 tox|[from] ability: Poison Heal
|upkeep
|turn|4
|
|t:|1743937483
|move|p2a: 这是勾魂眼的位置|Facade|p1a: Scizor
|-resisted|p1a: Scizor
|-damage|p1a: Scizor|22/100
|move|p1a: Scizor|U-turn|p2a: 这是勾魂眼的位置
|-resisted|p2a: 这是勾魂眼的位置
|-damage|p2a: 这是勾魂眼的位置|63/100 tox
|
|t:|1743937487
|switch|p1a: Great Tusk|Great Tusk, shiny|100/100|[from] U-turn
|
|-heal|p2a: 这是勾魂眼的位置|76/100 tox|[from] ability: Poison Heal
|upkeep
|turn|5
|
|t:|1743937491
|move|p2a: 这是勾魂眼的位置|Protect|p2a: 这是勾魂眼的位置
|-singleturn|p2a: 这是勾魂眼的位置|Protect
|move|p1a: Great Tusk|Ice Spinner|p2a: 这是勾魂眼的位置
|-activate|p2a: 这是勾魂眼的位置|move: Protect
|
|-heal|p2a: 这是勾魂眼的位置|88/100 tox|[from] ability: Poison Heal
|upkeep
|turn|6
|
|t:|1743937495
|switch|p2a: 鸟|Corviknight, F|100/100
|-damage|p2a: 鸟|88/100|[from] Stealth Rock
|-ability|p2a: 鸟|Pressure
|move|p1a: Great Tusk|Ice Spinner|p2a: 鸟
|-damage|p2a: 鸟|70/100
|-damage|p1a: Great Tusk|84/100|[from] item: Rocky Helmet|[of] p2a: 鸟
|
|upkeep
|turn|7
|j| Sanesa8724
|j| MY爱莉希雅SAMA
|
|t:|1743937505
|-end|p1a: Great Tusk|Protosynthesis|[silent]
|switch|p1a: Zapdos|Zapdos|100/100
|move|p2a: 鸟|Defog|p1a: Zapdos
|-unboost|p1a: Zapdos|evasion|1
|-sideend|p2: tdd20070515兹伏奇大吾|Stealth Rock|[from] move: Defog|[of] p2a: 鸟
|
|upkeep
|turn|8
|l| Sanesa8724
|
|t:|1743937521
|switch|p2a: 我是中转呀|Blissey, F|100/100
|move|p1a: Zapdos|Hurricane|p2a: 我是中转呀|[miss]
|-miss|p1a: Zapdos|p2a: 我是中转呀
|
|upkeep
|turn|9
|l| MY爱莉希雅SAMA
|
|t:|1743937527
|move|p1a: Zapdos|Volt Switch|p2a: 我是中转呀
|-damage|p2a: 我是中转呀|91/100
|
|t:|1743937533
|switch|p1a: Great Tusk|Great Tusk, shiny|84/100|[from] Volt Switch
|move|p2a: 我是中转呀|Stealth Rock|p1a: Great Tusk
|-sidestart|p1: High Mighty Weasel|move: Stealth Rock
|
|upkeep
|turn|10
|
|t:|1743937546
|switch|p2a: 我菜的抠脚|Toxapex, M|100/100
|move|p1a: Great Tusk|Knock Off|p2a: 我菜的抠脚
|-damage|p2a: 我菜的抠脚|79/100
|-enditem|p2a: 我菜的抠脚|Heavy-Duty Boots|[from] move: Knock Off|[of] p1a: Great Tusk
|
|upkeep
|turn|11
|
|t:|1743937573
|-end|p1a: Great Tusk|Protosynthesis|[silent]
|switch|p1a: Zapdos|Zapdos|100/100
|move|p2a: 我菜的抠脚|Toxic|p1a: Zapdos
|-status|p1a: Zapdos|tox
|
|-damage|p1a: Zapdos|94/100 tox|[from] psn
|upkeep
|turn|12
|
|t:|1743937580
|switch|p2a: 别打我呀|Clodsire, M|100/100
|move|p1a: Zapdos|Thunder Wave|p2a: 别打我呀
|-immune|p2a: 别打我呀
|
|-damage|p1a: Zapdos|82/100 tox|[from] psn
|upkeep
|turn|13
|
|t:|1743937585
|switch|p1a: Garchomp|Garchomp, F|80/100
|-damage|p1a: Garchomp|74/100|[from] Stealth Rock
|move|p2a: 别打我呀|Spikes|p1a: Garchomp
|-sidestart|p1: High Mighty Weasel|Spikes
|
|upkeep
|turn|14
|
|t:|1743937594
|switch|p2a: 这是勾魂眼的位置|Gliscor, F|88/100 tox
|move|p1a: Garchomp|Earthquake|p2a: 这是勾魂眼的位置
|-immune|p2a: 这是勾魂眼的位置
|
|-heal|p2a: 这是勾魂眼的位置|100/100 tox|[from] ability: Poison Heal
|upkeep
|turn|15
|
|t:|1743937599
|move|p1a: Garchomp|Stealth Rock|p2a: 这是勾魂眼的位置
|-sidestart|p2: tdd20070515兹伏奇大吾|move: Stealth Rock
|move|p2a: 这是勾魂眼的位置|Swords Dance|p2a: 这是勾魂眼的位置
|-boost|p2a: 这是勾魂眼的位置|atk|2
|
|upkeep
|turn|16
|
|t:|1743937609
|move|p1a: Garchomp|Draco Meteor|p2a: 这是勾魂眼的位置
|-damage|p2a: 这是勾魂眼的位置|54/100 tox
|-unboost|p1a: Garchomp|spa|2
|move|p2a: 这是勾魂眼的位置|Facade|p1a: Garchomp
|-damage|p1a: Garchomp|12/100
|-damage|p2a: 这是勾魂眼的位置|41/100 tox|[from] ability: Rough Skin|[of] p1a: Garchomp
|
|-heal|p2a: 这是勾魂眼的位置|54/100 tox|[from] ability: Poison Heal
|upkeep
|turn|17
|
|t:|1743937629
|move|p1a: Garchomp|Stone Edge|p2a: 这是勾魂眼的位置
|-damage|p2a: 这是勾魂眼的位置|31/100 tox
|move|p2a: 这是勾魂眼的位置|Swords Dance|p2a: 这是勾魂眼的位置
|-boost|p2a: 这是勾魂眼的位置|atk|2
|
|-heal|p2a: 这是勾魂眼的位置|44/100 tox|[from] ability: Poison Heal
|upkeep
|turn|18
|
|t:|1743937633
|move|p2a: 这是勾魂眼的位置|Protect|p2a: 这是勾魂眼的位置
|-singleturn|p2a: 这是勾魂眼的位置|Protect
|move|p1a: Garchomp|Stone Edge|p2a: 这是勾魂眼的位置
|-activate|p2a: 这是勾魂眼的位置|move: Protect
|
|-heal|p2a: 这是勾魂眼的位置|56/100 tox|[from] ability: Poison Heal
|upkeep
|turn|19
|
|t:|1743937638
|move|p1a: Garchomp|Stone Edge|p2a: 这是勾魂眼的位置|[miss]
|-miss|p1a: Garchomp|p2a: 这是勾魂眼的位置
|move|p2a: 这是勾魂眼的位置|Swords Dance|p2a: 这是勾魂眼的位置
|-boost|p2a: 这是勾魂眼的位置|atk|2
|
|-heal|p2a: 这是勾魂眼的位置|69/100 tox|[from] ability: Poison Heal
|upkeep
|turn|20
|
|t:|1743937641
|move|p2a: 这是勾魂眼的位置|Protect|p2a: 这是勾魂眼的位置
|-singleturn|p2a: 这是勾魂眼的位置|Protect
|move|p1a: Garchomp|Stone Edge|p2a: 这是勾魂眼的位置
|-activate|p2a: 这是勾魂眼的位置|move: Protect
|
|-heal|p2a: 这是勾魂眼的位置|81/100 tox|[from] ability: Poison Heal
|upkeep
|turn|21
|
|t:|1743937644
|move|p1a: Garchomp|Stone Edge|p2a: 这是勾魂眼的位置
|-damage|p2a: 这是勾魂眼的位置|60/100 tox
|move|p2a: 这是勾魂眼的位置|Knock Off|p1a: Garchomp
|-damage|p1a: Garchomp|0 fnt
|-damage|p2a: 这是勾魂眼的位置|47/100 tox|[from] ability: Rough Skin|[of] p1a: Garchomp
|faint|p1a: Garchomp
|
|-heal|p2a: 这是勾魂眼的位置|60/100 tox|[from] ability: Poison Heal
|upkeep
|
|t:|1743937651
|switch|p1a: Great Tusk|Great Tusk, shiny|84/100
|turn|22
|
|t:|1743937658
|move|p2a: 这是勾魂眼的位置|Protect|p2a: 这是勾魂眼的位置
|-singleturn|p2a: 这是勾魂眼的位置|Protect
|move|p1a: Great Tusk|Headlong Rush|p2a: 这是勾魂眼的位置
|-activate|p2a: 这是勾魂眼的位置|move: Protect
|
|-heal|p2a: 这是勾魂眼的位置|72/100 tox|[from] ability: Poison Heal
|upkeep
|turn|23
|
|t:|1743937664
|-terastallize|p2a: 这是勾魂眼的位置|Normal
|move|p1a: Great Tusk|Ice Spinner|p2a: 这是勾魂眼的位置
|-damage|p2a: 这是勾魂眼的位置|48/100 tox
|move|p2a: 这是勾魂眼的位置|Facade|p1a: Great Tusk
|-damage|p1a: Great Tusk|0 fnt
|faint|p1a: Great Tusk
|-end|p1a: Great Tusk|Protosynthesis|[silent]
|
|-heal|p2a: 这是勾魂眼的位置|61/100 tox|[from] ability: Poison Heal
|upkeep
|-message|High Mighty Weasel forfeited.
|
|win|tdd20070515兹伏奇大吾
|raw|High Mighty Weasel's rating: 1632 &rarr; <strong>1610</strong><br />(-22 for losing)
|raw|tdd20070515兹伏奇大吾's rating: 1599 &rarr; <strong>1621</strong><br />(+22 for winning)
|l|☆High Mighty Weasel
|player|p1|
|l|☆tdd20070515兹伏奇大吾
|player|p2|
