|j|☆guillawme099
|j|☆KevKaichi/RDT
|t:|1743875604
|gametype|singles
|player|p1|guillawme099|will|1239
|player|p2|KevKaichi/RDT|blackbelt-gen4dp|1231
|teamsize|p1|6
|teamsize|p2|6
|gen|9
|tier|[Gen 9] OU
|rated|
|rule|HP Percentage Mod: HP is shown in percentages
|rule|Endless Battle Clause: Forcing endless battles is banned
|rule|Species Clause: Limit one of each Pokémon
|rule|OHKO Clause: OHKO moves are banned
|rule|Evasion Items Clause: Evasion items are banned
|rule|Evasion Moves Clause: Evasion moves are banned
|rule|Sleep Moves Clause: Sleep-inducing moves are banned
|clearpoke
|poke|p1|Hatterene, F|
|poke|p1|Raging Bolt|
|poke|p1|Slowking-Galar, M|
|poke|p1|Glastrier|
|poke|p1|Kingambit, M|
|poke|p1|Ursaluna, F|
|poke|p2|Ting-Lu|
|poke|p2|Tinkaton, F|
|poke|p2|Gliscor, M|
|poke|p2|Gholdengo|
|poke|p2|Dragonite, M|
|poke|p2|Ogerpon-Wellspring, F|
|teampreview
|inactive|Battle timer is ON: inactive players will automatically lose when time's up. (requested by guillawme099)
|
|t:|1743875618
|start
|switch|p1a: Hatterene|Hatterene, F|100/100
|switch|p2a: Gliscor|Gliscor, M|100/100
|turn|1
|
|t:|1743875626
|move|p2a: Gliscor|Knock Off|p1a: Hatterene
|-damage|p1a: Hatterene|75/100
|-enditem|p1a: Hatterene|Heavy-Duty Boots|[from] move: Knock Off|[of] p2a: Gliscor
|move|p1a: Hatterene|Trick Room|p1a: Hatterene
|-fieldstart|move: Trick Room|[of] p1a: Hatterene
|
|-status|p2a: Gliscor|tox|[from] item: Toxic Orb
|upkeep
|turn|2
|
|t:|1743875637
|switch|p1a: Glastrier|Glastrier|100/100
|move|p2a: Gliscor|U-turn|p1a: Glastrier
|-damage|p1a: Glastrier|91/100
|
|t:|1743875643
|switch|p2a: Tinkaton|Tinkaton, F|100/100|[from] U-turn
|-ability|p2a: Tinkaton|Mold Breaker
|
|upkeep
|turn|3
|
|t:|1743875655
|switch|p1a: Ursaluna|Ursaluna, F|100/100
|move|p2a: Tinkaton|Gigaton Hammer|p1a: Ursaluna
|-damage|p1a: Ursaluna|71/100
|
|-status|p1a: Ursaluna|brn|[from] item: Flame Orb
|upkeep
|turn|4
|
|t:|1743875665
|switch|p2a: Gliscor|Gliscor, M|100/100 tox
|move|p1a: Ursaluna|Facade|p2a: Gliscor
|-damage|p2a: Gliscor|0 fnt
|faint|p2a: Gliscor
|
|-damage|p1a: Ursaluna|65/100 brn|[from] brn
|upkeep
|
|t:|1743875679
|switch|p2a: Ting-Lu|Ting-Lu|100/100
|-ability|p2a: Ting-Lu|Vessel of Ruin
|turn|5
|
|t:|1743875690
|switch|p1a: Slowking|Slowking-Galar, M|100/100
|move|p2a: Ting-Lu|Earthquake|p1a: Slowking
|-supereffective|p1a: Slowking
|-damage|p1a: Slowking|15/100
|
|-fieldend|move: Trick Room
|upkeep
|turn|6
|
|t:|1743875700
|switch|p1a: Ursaluna|Ursaluna, F|65/100 brn
|move|p2a: Ting-Lu|Payback|p1a: Ursaluna
|-damage|p1a: Ursaluna|51/100 brn
|
|-damage|p1a: Ursaluna|45/100 brn|[from] brn
|upkeep
|turn|7
|
|t:|1743875709
|move|p1a: Ursaluna|Earthquake|p2a: Ting-Lu
|-damage|p2a: Ting-Lu|65/100
|move|p2a: Ting-Lu|Spikes|p1a: Ursaluna
|-sidestart|p1: guillawme099|Spikes
|
|-damage|p1a: Ursaluna|39/100 brn|[from] brn
|upkeep
|turn|8
|
|t:|1743875717
|switch|p1a: Hatterene|Hatterene, F|75/100
|-damage|p1a: Hatterene|63/100|[from] Spikes
|move|p2a: Ting-Lu|Spikes|p1a: Hatterene
|move|p1a: Hatterene|Spikes|p2a: Ting-Lu|[from] ability: Magic Bounce
|-sidestart|p2: KevKaichi/RDT|Spikes
|
|upkeep
|turn|9
|
|t:|1743875729
|move|p2a: Ting-Lu|Earthquake|p1a: Hatterene
|-damage|p1a: Hatterene|17/100
|move|p1a: Hatterene|Trick Room|p1a: Hatterene
|-fieldstart|move: Trick Room|[of] p1a: Hatterene
|
|upkeep
|turn|10
|
|t:|1743875739
|switch|p1a: Glastrier|Glastrier|91/100
|move|p2a: Ting-Lu|Earthquake|p1a: Glastrier
|-damage|p1a: Glastrier|67/100
|
|upkeep
|turn|11
|
|t:|1743875748
|move|p1a: Glastrier|Swords Dance|p1a: Glastrier
|-boost|p1a: Glastrier|atk|2
|move|p2a: Ting-Lu|Payback|p1a: Glastrier
|-damage|p1a: Glastrier|40/100
|
|upkeep
|turn|12
|
|t:|1743875757
|move|p1a: Glastrier|Icicle Crash|p2a: Ting-Lu
|-supereffective|p2a: Ting-Lu
|-damage|p2a: Ting-Lu|0 fnt
|faint|p2a: Ting-Lu
|-ability|p1a: Glastrier|Chilling Neigh|boost
|-boost|p1a: Glastrier|atk|1
|
|upkeep
|
|t:|1743875764
|switch|p2a: Tinkaton|Tinkaton, F|100/100
|-damage|p2a: Tinkaton|88/100|[from] Spikes
|-ability|p2a: Tinkaton|Mold Breaker
|turn|13
|
|t:|1743875776
|-terastallize|p1a: Glastrier|Electric
|move|p1a: Glastrier|Close Combat|p2a: Tinkaton
|-damage|p2a: Tinkaton|0 fnt
|-unboost|p1a: Glastrier|def|1
|-unboost|p1a: Glastrier|spd|1
|faint|p2a: Tinkaton
|-ability|p1a: Glastrier|Chilling Neigh|boost
|-boost|p1a: Glastrier|atk|1
|
|-fieldend|move: Trick Room
|upkeep
|
|t:|1743875790
|switch|p2a: Gholdengo|Gholdengo|100/100
|-item|p2a: Gholdengo|Air Balloon
|turn|14
|
|t:|1743875795
|switch|p1a: Hatterene|Hatterene, F|17/100
|-damage|p1a: Hatterene|5/100|[from] Spikes
|move|p2a: Gholdengo|Nasty Plot|p2a: Gholdengo
|-boost|p2a: Gholdengo|spa|2
|
|upkeep
|turn|15
|
|t:|1743875805
|move|p2a: Gholdengo|Shadow Ball|p1a: Hatterene
|-supereffective|p1a: Hatterene
|-damage|p1a: Hatterene|0 fnt
|faint|p1a: Hatterene
|
|upkeep
|
|t:|1743875816
|switch|p1a: Kingambit|Kingambit, M|100/100
|-activate|p1a: Kingambit|ability: Supreme Overlord
|-start|p1a: Kingambit|fallen1|[silent]
|turn|16
|
|t:|1743875834
|-terastallize|p2a: Gholdengo|Fairy
|move|p2a: Gholdengo|Dazzling Gleam|p1a: Kingambit
|-damage|p1a: Kingambit|15/100
|move|p1a: Kingambit|Kowtow Cleave|p2a: Gholdengo
|-resisted|p2a: Gholdengo
|-damage|p2a: Gholdengo|75/100
|-enditem|p2a: Gholdengo|Air Balloon
|
|upkeep
|turn|17
|
|t:|1743875848
|-end|p1a: Kingambit|fallen1|[silent]
|switch|p1a: Slowking|Slowking-Galar, M|48/100
|move|p2a: Gholdengo|Dazzling Gleam|p1a: Slowking
|-resisted|p1a: Slowking
|-damage|p1a: Slowking|23/100
|
|upkeep
|turn|18
|
|t:|1743875856
|switch|p1a: Kingambit|Kingambit, M|15/100
|-activate|p1a: Kingambit|ability: Supreme Overlord
|-start|p1a: Kingambit|fallen1|[silent]
|move|p2a: Gholdengo|Shadow Ball|p1a: Kingambit
|-resisted|p1a: Kingambit
|-damage|p1a: Kingambit|0 fnt
|faint|p1a: Kingambit
|-end|p1a: Kingambit|fallen1|[silent]
|
|upkeep
|
|t:|1743875873
|switch|p1a: Ursaluna|Ursaluna, F|39/100 brn
|-damage|p1a: Ursaluna|27/100 brn|[from] Spikes
|turn|19
|
|t:|1743875883
|move|p2a: Gholdengo|Dazzling Gleam|p1a: Ursaluna
|-damage|p1a: Ursaluna|0 fnt
|faint|p1a: Ursaluna
|
|upkeep
|
|t:|1743875886
|switch|p1a: Slowking|Slowking-Galar, M|56/100
|turn|20
|
|t:|1743875893
|move|p2a: Gholdengo|Shadow Ball|p1a: Slowking
|-supereffective|p1a: Slowking
|-damage|p1a: Slowking|0 fnt
|faint|p1a: Slowking
|
|upkeep
|
|t:|1743875896
|switch|p1a: Raging Bolt|Raging Bolt|100/100
|-damage|p1a: Raging Bolt|88/100|[from] Spikes
|turn|21
|
|t:|1743875902
|move|p1a: Raging Bolt|Thunderclap|p2a: Gholdengo
|-damage|p2a: Gholdengo|25/100
|-damage|p1a: Raging Bolt|78/100|[from] item: Life Orb
|move|p2a: Gholdengo|Dazzling Gleam|p1a: Raging Bolt
|-supereffective|p1a: Raging Bolt
|-damage|p1a: Raging Bolt|0 fnt
|faint|p1a: Raging Bolt
|-end|p1a: Raging Bolt|Protosynthesis|[silent]
|
|upkeep
|
|t:|1743875907
|switch|p1a: Glastrier|Glastrier, tera:Electric|40/100
|turn|22
|
|t:|1743875914
|move|p2a: Gholdengo|Make It Rain|p1a: Glastrier
|-resisted|p1a: Glastrier
|-damage|p1a: Glastrier|0 fnt
|-unboost|p2a: Gholdengo|spa|1
|faint|p1a: Glastrier
|
|win|KevKaichi/RDT
|raw|guillawme099's rating: 1239 &rarr; <strong>1213</strong><br />(-26 for losing)
|raw|KevKaichi&#x2f;RDT's rating: 1231 &rarr; <strong>1257</strong><br />(+26 for winning)
|l|☆guillawme099
|player|p1|
