|j|☆acoda
|j|☆atomicpuncher
|t:|1743784530
|gametype|singles
|player|p1|acoda|2|1154
|player|p2|atomicpuncher|1|1170
|teamsize|p1|6
|teamsize|p2|6
|gen|9
|tier|[Gen 9] OU
|rated|
|rule|HP Percentage Mod: HP is shown in percentages
|rule|Endless Battle Clause: Forcing endless battles is banned
|rule|Species Clause: Limit one of each Pokémon
|rule|OHKO Clause: OHKO moves are banned
|rule|Evasion Items Clause: Evasion items are banned
|rule|Evasion Moves Clause: Evasion moves are banned
|rule|Sleep Moves Clause: Sleep-inducing moves are banned
|clearpoke
|poke|p1|Samurott-Hisui, F|
|poke|p1|Zapdos|
|poke|p1|Enamorus, F|
|poke|p1|Kyurem|
|poke|p1|Iron Valiant|
|poke|p1|Landorus-Therian, M|
|poke|p2|Infernape, F|
|poke|p2|Meowscarada, F|
|poke|p2|Landorus-Therian, M|
|poke|p2|Slowking-Galar, F|
|poke|p2|Corviknight, M|
|poke|p2|Oricorio-Pom-Pom, F|
|teampreview
|inactive|Battle timer is ON: inactive players will automatically lose when time's up. (requested by atomicpuncher)
|inactive|acoda has 120 seconds left.
|inactive|atomicpuncher has 120 seconds left.
|
|t:|1743784564
|start
|switch|p1a: Samurott|Samurott-Hisui, F|100/100
|switch|p2a: Infernape|Infernape, F|100/100
|turn|1
|
|t:|1743784568
|move|p2a: Infernape|Close Combat|p1a: Samurott
|-supereffective|p1a: Samurott
|-enditem|p1a: Samurott|Focus Sash
|-damage|p1a: Samurott|1/100
|-unboost|p2a: Infernape|def|1
|-unboost|p2a: Infernape|spd|1
|move|p1a: Samurott|Razor Shell|p2a: Infernape
|-supereffective|p2a: Infernape
|-damage|p2a: Infernape|0 fnt
|faint|p2a: Infernape
|
|upkeep
|
|t:|1743784577
|switch|p2a: Oricorio|Oricorio-Pom-Pom, F|100/100
|turn|2
|
|t:|1743784584
|move|p2a: Oricorio|U-turn|p1a: Samurott
|-supereffective|p1a: Samurott
|-damage|p1a: Samurott|0 fnt
|faint|p1a: Samurott
|
|t:|1743784587
|switch|p2a: Meowscarada|Meowscarada, F|100/100|[from] U-turn
|
|upkeep
|
|t:|1743784597
|switch|p1a: Landorus|Landorus-Therian, M|100/100
|-ability|p1a: Landorus|Intimidate|boost
|-unboost|p2a: Meowscarada|atk|1
|turn|3
|
|t:|1743784600
|move|p2a: Meowscarada|Triple Axel|p1a: Landorus
|-start|p2a: Meowscarada|typechange|Ice|[from] ability: Protean
|-supereffective|p1a: Landorus
|-damage|p1a: Landorus|55/100
|-supereffective|p1a: Landorus
|-damage|p1a: Landorus|0 fnt
|faint|p1a: Landorus
|-hitcount|p1: Landorus|2
|
|upkeep
|
|t:|1743784607
|switch|p1a: Iron Valiant|Iron Valiant|100/100
|-enditem|p1a: Iron Valiant|Booster Energy
|-activate|p1a: Iron Valiant|ability: Quark Drive|[fromitem]
|-start|p1a: Iron Valiant|quarkdrivespe
|turn|4
|
|t:|1743784614
|switch|p2a: Slowking|Slowking-Galar, F|100/100
|move|p1a: Iron Valiant|Spirit Break|p2a: Slowking
|-resisted|p2a: Slowking
|-damage|p2a: Slowking|79/100
|-unboost|p2a: Slowking|spa|1
|
|-heal|p2a: Slowking|86/100|[from] item: Black Sludge
|upkeep
|turn|5
|
|t:|1743784619
|move|p1a: Iron Valiant|Zen Headbutt|p2a: Slowking
|-damage|p2a: Slowking|57/100
|cant|p2a: Slowking|flinch
|
|-heal|p2a: Slowking|63/100|[from] item: Black Sludge
|upkeep
|turn|6
|
|t:|1743784624
|move|p1a: Iron Valiant|Zen Headbutt|p2a: Slowking
|-damage|p2a: Slowking|32/100
|cant|p2a: Slowking|flinch
|
|-heal|p2a: Slowking|39/100|[from] item: Black Sludge
|upkeep
|turn|7
|
|t:|1743784627
|move|p1a: Iron Valiant|Zen Headbutt|p2a: Slowking
|-damage|p2a: Slowking|11/100
|move|p2a: Slowking|Slack Off|p2a: Slowking
|-heal|p2a: Slowking|61/100
|
|-heal|p2a: Slowking|68/100|[from] item: Black Sludge
|upkeep
|turn|8
|
|t:|1743784632
|move|p1a: Iron Valiant|Zen Headbutt|p2a: Slowking|[miss]
|-miss|p1a: Iron Valiant|p2a: Slowking
|move|p2a: Slowking|Toxic|p1a: Iron Valiant
|-status|p1a: Iron Valiant|tox
|
|-heal|p2a: Slowking|74/100|[from] item: Black Sludge
|-damage|p1a: Iron Valiant|94/100 tox|[from] psn
|upkeep
|turn|9
|
|t:|1743784640
|move|p1a: Iron Valiant|Zen Headbutt|p2a: Slowking
|-damage|p2a: Slowking|47/100
|move|p2a: Slowking|Future Sight|p1a: Iron Valiant
|-start|p2a: Slowking|move: Future Sight
|
|-heal|p2a: Slowking|53/100|[from] item: Black Sludge
|-damage|p1a: Iron Valiant|82/100 tox|[from] psn
|upkeep
|turn|10
|
|t:|1743784643
|-end|p1a: Iron Valiant|Quark Drive|[silent]
|switch|p1a: Kyurem|Kyurem|100/100
|-ability|p1a: Kyurem|Pressure
|move|p2a: Slowking|Slack Off|p2a: Slowking
|-heal|p2a: Slowking|100/100
|
|upkeep
|turn|11
|
|t:|1743784647
|move|p1a: Kyurem|Dragon Dance|p1a: Kyurem
|-boost|p1a: Kyurem|atk|1
|-boost|p1a: Kyurem|spe|1
|-prepare|p2a: Slowking|Chilly Reception|[premajor]
|move|p2a: Slowking|Chilly Reception|p2a: Slowking
|-weather|Snowscape
|
|t:|1743784654
|switch|p2a: Corviknight|Corviknight, M|100/100|[from] Chilly Reception
|-ability|p2a: Corviknight|Pressure
|
|-weather|Snowscape|[upkeep]
|-end|p1a: Kyurem|move: Future Sight
|-damage|p1a: Kyurem|60/100
|upkeep
|turn|12
|
|t:|1743784662
|move|p1a: Kyurem|Dragon Dance|p1a: Kyurem
|-boost|p1a: Kyurem|atk|1
|-boost|p1a: Kyurem|spe|1
|move|p2a: Corviknight|Iron Head|p1a: Kyurem
|-supereffective|p1a: Kyurem
|-damage|p1a: Kyurem|31/100
|
|-weather|Snowscape|[upkeep]
|upkeep
|turn|13
|
|t:|1743784669
|move|p1a: Kyurem|Icicle Spear|p2a: Corviknight
|-damage|p2a: Corviknight|85/100
|-damage|p2a: Corviknight|69/100
|-damage|p2a: Corviknight|53/100
|-damage|p2a: Corviknight|37/100
|-hitcount|p2a: Corviknight|4
|move|p2a: Corviknight|Iron Head|p1a: Kyurem
|-supereffective|p1a: Kyurem
|-damage|p1a: Kyurem|0 fnt
|faint|p1a: Kyurem
|
|-weather|Snowscape|[upkeep]
|-heal|p2a: Corviknight|43/100|[from] item: Leftovers
|upkeep
|
|t:|1743784679
|switch|p1a: Enamorus|Enamorus, F|100/100
|turn|14
|
|t:|1743784685
|move|p1a: Enamorus|Mystical Fire|p2a: Corviknight
|-supereffective|p2a: Corviknight
|-damage|p2a: Corviknight|0 fnt
|faint|p2a: Corviknight
|-damage|p1a: Enamorus|91/100|[from] item: Life Orb
|
|-weather|Snowscape|[upkeep]
|upkeep
|
|t:|1743784687
|switch|p2a: Slowking|Slowking-Galar, F|100/100
|turn|15
|
|t:|1743784693
|move|p1a: Enamorus|Taunt|p2a: Slowking
|-start|p2a: Slowking|move: Taunt
|cant|p2a: Slowking|move: Taunt|Toxic
|
|-weather|none
|upkeep
|turn|16
|
|t:|1743784698
|move|p1a: Enamorus|Mystical Fire|p2a: Slowking
|-damage|p2a: Slowking|81/100
|-unboost|p2a: Slowking|spa|1
|-damage|p1a: Enamorus|81/100|[from] item: Life Orb
|move|p2a: Slowking|Future Sight|p1a: Enamorus
|-start|p2a: Slowking|move: Future Sight
|
|-heal|p2a: Slowking|88/100|[from] item: Black Sludge
|upkeep
|turn|17
|
|t:|1743784708
|switch|p2a: Oricorio|Oricorio-Pom-Pom, F|100/100
|move|p1a: Enamorus|Mystical Fire|p2a: Oricorio
|-damage|p2a: Oricorio|46/100
|-unboost|p2a: Oricorio|spa|1
|-damage|p1a: Enamorus|71/100|[from] item: Life Orb
|
|upkeep
|turn|18
|inactive|acoda has 120 seconds left.
|
|t:|1743784740
|switch|p2a: Slowking|Slowking-Galar, F|100/100
|move|p1a: Enamorus|Moonblast|p2a: Slowking
|-resisted|p2a: Slowking
|-damage|p2a: Slowking|81/100
|-unboost|p2a: Slowking|spa|1
|-damage|p1a: Enamorus|62/100|[from] item: Life Orb
|
|-end|p1a: Enamorus|move: Future Sight
|-damage|p1a: Enamorus|21/100
|-heal|p2a: Slowking|87/100|[from] item: Black Sludge
|upkeep
|turn|19
|
|t:|1743784746
|move|p1a: Enamorus|Taunt|p2a: Slowking
|-start|p2a: Slowking|move: Taunt
|move|p2a: Slowking|Future Sight|p1a: Enamorus
|-start|p2a: Slowking|move: Future Sight
|
|-heal|p2a: Slowking|93/100|[from] item: Black Sludge
|upkeep
|turn|20
|
|t:|1743784751
|switch|p1a: Iron Valiant|Iron Valiant|82/100 tox
|move|p2a: Slowking|Future Sight||[still]
|-fail|p2a: Slowking
|
|-heal|p2a: Slowking|99/100|[from] item: Black Sludge
|-damage|p1a: Iron Valiant|76/100 tox|[from] psn
|upkeep
|turn|21
|-message|acoda forfeited.
|
|win|atomicpuncher
|raw|acoda's rating: 1154 &rarr; <strong>1130</strong><br />(-24 for losing)
|raw|atomicpuncher's rating: 1170 &rarr; <strong>1194</strong><br />(+24 for winning)
|l|☆acoda
|player|p1|
|l|☆atomicpuncher
|player|p2|
