|j|☆Noamm
|j|☆petfoirax
|t:|1743885151
|gametype|singles
|player|p1|Noamm|gambler|1559
|player|p2|petfoirax|2|1553
|teamsize|p1|6
|teamsize|p2|6
|gen|9
|tier|[Gen 9] OU
|rated|
|rule|HP Percentage Mod: HP is shown in percentages
|rule|Endless Battle Clause: Forcing endless battles is banned
|rule|Species Clause: Limit one of each Pokémon
|rule|OHKO Clause: OHKO moves are banned
|rule|Evasion Items Clause: Evasion items are banned
|rule|Evasion Moves Clause: Evasion moves are banned
|rule|Sleep Moves Clause: Sleep-inducing moves are banned
|clearpoke
|poke|p1|Lokix, M|
|poke|p1|Primarina, F|
|poke|p1|Great Tusk|
|poke|p1|Moltres|
|poke|p1|Dragapult, F|
|poke|p1|Tinkaton, F|
|poke|p2|Alomomola, M|
|poke|p2|Lokix, M|
|poke|p2|Hatterene, F|
|poke|p2|Cinderace, F|
|poke|p2|Garganacl, F|
|poke|p2|Sinistcha|
|teampreview
|c|☆Noamm|based
|
|t:|1743885169
|start
|switch|p1a: Ruriko Midorikawa|Tinkaton, F|100/100
|switch|p2a: Cinderace|Cinderace, F|100/100
|-ability|p1a: Ruriko Midorikawa|Mold Breaker
|-item|p1a: Ruriko Midorikawa|Air Balloon
|turn|1
|
|t:|1743885176
|switch|p1a: Ryuki|Moltres|100/100
|move|p2a: Cinderace|U-turn|p1a: Ryuki
|-start|p2a: Cinderace|typechange|Bug|[from] ability: Libero
|-resisted|p1a: Ryuki
|-damage|p1a: Ryuki|95/100
|
|t:|1743885180
|switch|p2a: Garganacl|Garganacl, F|100/100|[from] U-turn
|
|upkeep
|turn|2
|
|t:|1743885187
|move|p1a: Ryuki|U-turn|p2a: Garganacl
|-damage|p2a: Garganacl|90/100
|
|t:|1743885191
|switch|p1a: Ruriko Midorikawa|Tinkaton, F|100/100|[from] U-turn
|-ability|p1a: Ruriko Midorikawa|Mold Breaker
|-item|p1a: Ruriko Midorikawa|Air Balloon
|move|p2a: Garganacl|Stealth Rock|p1a: Ruriko Midorikawa
|-sidestart|p1: Noamm|move: Stealth Rock
|
|-heal|p2a: Garganacl|97/100|[from] item: Leftovers
|upkeep
|turn|3
|inactive|Battle timer is ON: inactive players will automatically lose when time's up. (requested by petfoirax)
|
|t:|1743885197
|move|p1a: Ruriko Midorikawa|Encore|p2a: Garganacl
|-start|p2a: Garganacl|Encore
|move|p2a: Garganacl|Stealth Rock||[still]
|-fail|p2a: Garganacl
|
|-heal|p2a: Garganacl|100/100|[from] item: Leftovers
|upkeep
|turn|4
|
|t:|1743885205
|switch|p2a: Alomomola|Alomomola, M|100/100
|move|p1a: Ruriko Midorikawa|Stealth Rock|p2a: Alomomola
|-sidestart|p2: petfoirax|move: Stealth Rock
|
|upkeep
|turn|5
|
|t:|1743885209
|move|p1a: Ruriko Midorikawa|Thunder Wave|p2a: Alomomola
|-status|p2a: Alomomola|par
|move|p2a: Alomomola|Scald|p1a: Ruriko Midorikawa
|-damage|p1a: Ruriko Midorikawa|89/100
|-enditem|p1a: Ruriko Midorikawa|Air Balloon
|
|upkeep
|turn|6
|
|t:|1743885222
|switch|p1a: Kamen Rider Blade|Primarina, F|100/100
|-damage|p1a: Kamen Rider Blade|88/100|[from] Stealth Rock
|move|p2a: Alomomola|Flip Turn|p1a: Kamen Rider Blade
|-resisted|p1a: Kamen Rider Blade
|-damage|p1a: Kamen Rider Blade|76/100
|
|t:|1743885235
|switch|p2a: Lokix|Lokix, M|100/100|[from] Flip Turn
|-damage|p2a: Lokix|76/100|[from] Stealth Rock
|
|upkeep
|turn|7
|
|t:|1743885243
|switch|p1a: Ryuki|Moltres|95/100
|-terastallize|p2a: Lokix|Bug
|move|p2a: Lokix|U-turn|p1a: Ryuki
|-resisted|p1a: Ryuki
|-damage|p1a: Ryuki|75/100
|
|t:|1743885247
|switch|p2a: Garganacl|Garganacl, F|100/100|[from] U-turn
|-damage|p2a: Garganacl|88/100|[from] Stealth Rock
|
|-heal|p2a: Garganacl|94/100|[from] item: Leftovers
|upkeep
|turn|8
|
|t:|1743885255
|move|p1a: Ryuki|U-turn|p2a: Garganacl
|-damage|p2a: Garganacl|84/100
|
|t:|1743885258
|switch|p1a: Oumori Aug|Great Tusk|100/100|[from] U-turn
|move|p2a: Garganacl|Salt Cure|p1a: Oumori Aug
|-resisted|p1a: Oumori Aug
|-damage|p1a: Oumori Aug|98/100
|-start|p1a: Oumori Aug|Salt Cure
|
|-heal|p2a: Garganacl|91/100|[from] item: Leftovers
|-damage|p1a: Oumori Aug|85/100|[from] Salt Cure
|upkeep
|turn|9
|
|t:|1743885262
|switch|p2a: Sinistcha|Sinistcha|100/100
|move|p1a: Oumori Aug|Ice Spinner|p2a: Sinistcha
|-supereffective|p2a: Sinistcha
|-damage|p2a: Sinistcha|58/100
|
|-damage|p1a: Oumori Aug|73/100|[from] Salt Cure
|upkeep
|turn|10
|
|t:|1743885268
|-end|p1a: Oumori Aug|Protosynthesis|[silent]
|switch|p1a: Ryuki|Moltres|75/100
|move|p2a: Sinistcha|Stun Spore|p1a: Ryuki
|-status|p1a: Ryuki|par
|
|upkeep
|turn|11
|
|t:|1743885276
|move|p2a: Sinistcha|Strength Sap|p1a: Ryuki
|-unboost|p1a: Ryuki|atk|1
|-heal|p2a: Sinistcha|100/100
|move|p1a: Ryuki|U-turn|p2a: Sinistcha
|-damage|p2a: Sinistcha|93/100
|
|t:|1743885287
|switch|p1a: Kamen Rider Φ|Lokix, M|100/100|[from] U-turn
|-damage|p1a: Kamen Rider Φ|76/100|[from] Stealth Rock
|
|upkeep
|turn|12
|
|t:|1743885290
|switch|p2a: Alomomola|Alomomola, M|100/100 par
|-damage|p2a: Alomomola|88/100 par|[from] Stealth Rock
|move|p1a: Kamen Rider Φ|Knock Off|p2a: Alomomola
|-damage|p2a: Alomomola|37/100 par
|-enditem|p2a: Alomomola|Assault Vest|[from] move: Knock Off|[of] p1a: Kamen Rider Φ
|
|upkeep
|turn|13
|inactive|Noamm has 120 seconds left.
|
|t:|1743885339
|move|p1a: Kamen Rider Φ|Knock Off|p2a: Alomomola
|-damage|p2a: Alomomola|1/100 par
|move|p2a: Alomomola|Flip Turn|p1a: Kamen Rider Φ
|-damage|p1a: Kamen Rider Φ|50/100
|
|t:|1743885350
|switch|p2a: Cinderace|Cinderace, F|100/100|[from] Flip Turn
|
|upkeep
|turn|14
|
|t:|1743885356
|switch|p2a: Garganacl|Garganacl, F|91/100
|-damage|p2a: Garganacl|78/100|[from] Stealth Rock
|switch|p1a: Ryuki|Moltres|75/100 par
|
|-heal|p2a: Garganacl|84/100|[from] item: Leftovers
|upkeep
|turn|15
|
|t:|1743885364
|switch|p1a: Oumori Aug|Great Tusk|73/100
|move|p2a: Garganacl|Salt Cure|p1a: Oumori Aug
|-resisted|p1a: Oumori Aug
|-damage|p1a: Oumori Aug|71/100
|-start|p1a: Oumori Aug|Salt Cure
|
|-heal|p2a: Garganacl|91/100|[from] item: Leftovers
|-damage|p1a: Oumori Aug|58/100|[from] Salt Cure
|upkeep
|turn|16
|
|t:|1743885370
|switch|p2a: Sinistcha|Sinistcha|93/100
|move|p1a: Oumori Aug|Ice Spinner|p2a: Sinistcha
|-supereffective|p2a: Sinistcha
|-damage|p2a: Sinistcha|51/100
|
|-damage|p1a: Oumori Aug|46/100|[from] Salt Cure
|upkeep
|turn|17
|
|t:|1743885381
|-end|p1a: Oumori Aug|Protosynthesis|[silent]
|switch|p1a: Ruriko Midorikawa|Tinkaton, F|89/100
|-damage|p1a: Ruriko Midorikawa|83/100|[from] Stealth Rock
|-ability|p1a: Ruriko Midorikawa|Mold Breaker
|move|p2a: Sinistcha|Strength Sap|p1a: Ruriko Midorikawa
|-unboost|p1a: Ruriko Midorikawa|atk|1
|-heal|p2a: Sinistcha|100/100
|
|upkeep
|turn|18
|
|t:|1743885393
|switch|p2a: Cinderace|Cinderace, F|100/100
|move|p1a: Ruriko Midorikawa|Encore||[still]
|-fail|p1a: Ruriko Midorikawa
|
|upkeep
|turn|19
|
|t:|1743885399
|move|p2a: Cinderace|Pyro Ball|p1a: Ruriko Midorikawa
|-supereffective|p1a: Ruriko Midorikawa
|-damage|p1a: Ruriko Midorikawa|0 fnt
|faint|p1a: Ruriko Midorikawa
|
|upkeep
|
|t:|1743885408
|switch|p1a: Ryuki|Moltres|75/100 par
|turn|20
|
|t:|1743885412
|switch|p2a: Garganacl|Garganacl, F|91/100
|-damage|p2a: Garganacl|78/100|[from] Stealth Rock
|move|p1a: Ryuki|U-turn|p2a: Garganacl
|-damage|p2a: Garganacl|68/100
|inactive|Noamm has 120 seconds left.
|
|t:|1743885454
|switch|p1a: Oumori Aug|Great Tusk|46/100|[from] U-turn
|
|-heal|p2a: Garganacl|74/100|[from] item: Leftovers
|upkeep
|turn|21
|
|t:|1743885460
|-end|p1a: Oumori Aug|Protosynthesis|[silent]
|switch|p1a: Kamen Rider Φ|Lokix, M|50/100
|-damage|p1a: Kamen Rider Φ|25/100|[from] Stealth Rock
|switch|p2a: Sinistcha|Sinistcha|100/100
|
|upkeep
|turn|22
|inactive|Noamm has 120 seconds left.
|
|t:|1743885468
|switch|p2a: Alomomola|Alomomola, M|34/100 par
|-damage|p2a: Alomomola|22/100 par|[from] Stealth Rock
|-terastallize|p1a: Kamen Rider Φ|Bug
|move|p1a: Kamen Rider Φ|Leech Life|p2a: Alomomola
|-damage|p2a: Alomomola|0 fnt
|-heal|p1a: Kamen Rider Φ|45/100|[from] drain|[of] p2a: Alomomola
|faint|p2a: Alomomola
|
|upkeep
|
|t:|1743885474
|switch|p2a: Lokix|Lokix, M, tera:Bug|76/100
|-damage|p2a: Lokix|51/100|[from] Stealth Rock
|turn|23
|
|t:|1743885478
|switch|p1a: Ryuki|Moltres|75/100 par
|move|p2a: Lokix|Knock Off|p1a: Ryuki
|-damage|p1a: Ryuki|29/100 par
|-status|p2a: Lokix|brn|[from] ability: Flame Body|[of] p1a: Ryuki
|-enditem|p1a: Ryuki|Heavy-Duty Boots|[from] move: Knock Off|[of] p2a: Lokix
|
|-damage|p2a: Lokix|45/100 brn|[from] brn
|upkeep
|turn|24
|
|t:|1743885491
|switch|p2a: Cinderace|Cinderace, F|100/100
|move|p1a: Ryuki|Roost|p1a: Ryuki
|-heal|p1a: Ryuki|79/100 par
|-singleturn|p1a: Ryuki|move: Roost
|
|upkeep
|turn|25
|
|t:|1743885495
|move|p2a: Cinderace|Pyro Ball|p1a: Ryuki
|-resisted|p1a: Ryuki
|-damage|p1a: Ryuki|58/100 par
|cant|p1a: Ryuki|par
|
|upkeep
|turn|26
|
|t:|1743885502
|switch|p2a: Garganacl|Garganacl, F|74/100
|-damage|p2a: Garganacl|62/100|[from] Stealth Rock
|cant|p1a: Ryuki|par
|
|-heal|p2a: Garganacl|68/100|[from] item: Leftovers
|upkeep
|turn|27
|
|t:|1743885507
|cant|p1a: Ryuki|par
|move|p2a: Garganacl|Salt Cure|p1a: Ryuki
|-supereffective|p1a: Ryuki
|-damage|p1a: Ryuki|21/100 par
|-start|p1a: Ryuki|Salt Cure
|
|-heal|p2a: Garganacl|74/100|[from] item: Leftovers
|-damage|p1a: Ryuki|8/100 par|[from] Salt Cure
|upkeep
|turn|28
|
|t:|1743885513
|move|p1a: Ryuki|Roost|p1a: Ryuki
|-heal|p1a: Ryuki|58/100 par
|-singleturn|p1a: Ryuki|move: Roost
|move|p2a: Garganacl|Salt Cure|p1a: Ryuki
|-supereffective|p1a: Ryuki
|-damage|p1a: Ryuki|38/100 par
|
|-heal|p2a: Garganacl|80/100|[from] item: Leftovers
|-damage|p1a: Ryuki|26/100 par|[from] Salt Cure
|upkeep
|turn|29
|
|t:|1743885521
|cant|p1a: Ryuki|par
|move|p2a: Garganacl|Salt Cure|p1a: Ryuki
|-supereffective|p1a: Ryuki
|-damage|p1a: Ryuki|0 fnt
|faint|p1a: Ryuki
|
|-heal|p2a: Garganacl|87/100|[from] item: Leftovers
|upkeep
|inactive|Noamm has 120 seconds left.
|inactive|Noamm has 90 seconds left.
|
|t:|1743885587
|switch|p1a: Kamen Rider Blade|Primarina, F|76/100
|-damage|p1a: Kamen Rider Blade|64/100|[from] Stealth Rock
|turn|30
|inactive|Noamm has 90 seconds left.
|
|t:|1743885593
|switch|p2a: Lokix|Lokix, M, tera:Bug|45/100 brn
|-damage|p2a: Lokix|20/100 brn|[from] Stealth Rock
|move|p1a: Kamen Rider Blade|Flip Turn|p2a: Lokix
|-damage|p2a: Lokix|0 fnt
|faint|p2a: Lokix
|inactive|Noamm has 90 seconds left.
|
|t:|1743885606
|switch|p1a: Kamakiri Kamereon|Dragapult, F|100/100|[from] Flip Turn
|
|upkeep
|
|t:|1743885608
|switch|p2a: Garganacl|Garganacl, F|87/100
|-damage|p2a: Garganacl|74/100|[from] Stealth Rock
|turn|31
|
|t:|1743885612
|switch|p1a: Oumori Aug|Great Tusk|46/100
|move|p2a: Garganacl|Salt Cure|p1a: Oumori Aug
|-resisted|p1a: Oumori Aug
|-damage|p1a: Oumori Aug|43/100
|-start|p1a: Oumori Aug|Salt Cure
|
|-heal|p2a: Garganacl|80/100|[from] item: Leftovers
|-damage|p1a: Oumori Aug|31/100|[from] Salt Cure
|upkeep
|turn|32
|
|t:|1743885621
|-end|p1a: Oumori Aug|Protosynthesis|[silent]
|switch|p1a: Kamen Rider Blade|Primarina, F|64/100
|-damage|p1a: Kamen Rider Blade|51/100|[from] Stealth Rock
|move|p2a: Garganacl|Recover|p2a: Garganacl
|-heal|p2a: Garganacl|100/100
|
|upkeep
|turn|33
|
|t:|1743885627
|switch|p2a: Sinistcha|Sinistcha|100/100
|move|p1a: Kamen Rider Blade|Surf|p2a: Sinistcha
|-resisted|p2a: Sinistcha
|-damage|p2a: Sinistcha|70/100
|
|upkeep
|turn|34
|
|t:|1743885638
|move|p1a: Kamen Rider Blade|Psychic Noise|p2a: Sinistcha
|-damage|p2a: Sinistcha|35/100
|-start|p2a: Sinistcha|move: Heal Block
|move|p2a: Sinistcha|Calm Mind|p2a: Sinistcha
|-boost|p2a: Sinistcha|spa|1
|-boost|p2a: Sinistcha|spd|1
|
|upkeep
|turn|35
|
|t:|1743885645
|move|p1a: Kamen Rider Blade|Moonblast|p2a: Sinistcha
|-crit|p2a: Sinistcha
|-damage|p2a: Sinistcha|0 fnt
|faint|p2a: Sinistcha
|
|upkeep
|
|t:|1743885650
|switch|p2a: Hatterene|Hatterene, F|100/100
|-damage|p2a: Hatterene|88/100|[from] Stealth Rock
|turn|36
|
|t:|1743885659
|move|p1a: Kamen Rider Blade|Moonblast|p2a: Hatterene
|-damage|p2a: Hatterene|35/100
|move|p2a: Hatterene|Psyshock|p1a: Kamen Rider Blade
|-damage|p1a: Kamen Rider Blade|0 fnt
|faint|p1a: Kamen Rider Blade
|
|upkeep
|inactive|Noamm has 120 seconds left.
|
|t:|1743885691
|switch|p1a: Kamen Rider Φ|Lokix, M, tera:Bug|45/100
|-damage|p1a: Kamen Rider Φ|20/100|[from] Stealth Rock
|turn|37
|
|t:|1743885697
|move|p1a: Kamen Rider Φ|Leech Life|p2a: Hatterene
|-damage|p2a: Hatterene|0 fnt
|-heal|p1a: Kamen Rider Φ|39/100|[from] drain|[of] p2a: Hatterene
|faint|p2a: Hatterene
|
|upkeep
|
|t:|1743885700
|switch|p2a: Cinderace|Cinderace, F|100/100
|turn|38
|
|t:|1743885707
|switch|p1a: Kamakiri Kamereon|Dragapult, F|100/100
|move|p2a: Cinderace|U-turn|p1a: Kamakiri Kamereon
|-start|p2a: Cinderace|typechange|Bug|[from] ability: Libero
|-resisted|p1a: Kamakiri Kamereon
|-damage|p1a: Kamakiri Kamereon|76/100
|
|t:|1743885708
|switch|p2a: Garganacl|Garganacl, F|100/100|[from] U-turn
|-damage|p2a: Garganacl|88/100|[from] Stealth Rock
|
|-heal|p2a: Garganacl|94/100|[from] item: Leftovers
|upkeep
|turn|39
|
|t:|1743885717
|switch|p1a: Oumori Aug|Great Tusk|31/100
|move|p2a: Garganacl|Salt Cure|p1a: Oumori Aug
|-resisted|p1a: Oumori Aug
|-damage|p1a: Oumori Aug|28/100
|-start|p1a: Oumori Aug|Salt Cure
|
|-heal|p2a: Garganacl|100/100|[from] item: Leftovers
|-damage|p1a: Oumori Aug|16/100|[from] Salt Cure
|upkeep
|turn|40
|
|t:|1743885721
|move|p1a: Oumori Aug|Rapid Spin|p2a: Garganacl
|-resisted|p2a: Garganacl
|-damage|p2a: Garganacl|95/100
|-boost|p1a: Oumori Aug|spe|1
|-sideend|p1: Noamm|Stealth Rock|[from] move: Rapid Spin|[of] p1a: Oumori Aug
|move|p2a: Garganacl|Recover|p2a: Garganacl
|-heal|p2a: Garganacl|100/100
|
|-damage|p1a: Oumori Aug|3/100|[from] Salt Cure
|upkeep
|turn|41
|
|t:|1743885727
|move|p1a: Oumori Aug|Headlong Rush|p2a: Garganacl
|-supereffective|p2a: Garganacl
|-damage|p2a: Garganacl|10/100
|-unboost|p1a: Oumori Aug|def|1
|-unboost|p1a: Oumori Aug|spd|1
|move|p2a: Garganacl|Recover|p2a: Garganacl
|-heal|p2a: Garganacl|60/100
|
|-heal|p2a: Garganacl|66/100|[from] item: Leftovers
|-damage|p1a: Oumori Aug|0 fnt|[from] Salt Cure
|faint|p1a: Oumori Aug
|-end|p1a: Oumori Aug|Protosynthesis|[silent]
|upkeep
|
|t:|1743885734
|switch|p1a: Kamen Rider Φ|Lokix, M, tera:Bug|39/100
|turn|42
|
|t:|1743885738
|switch|p2a: Cinderace|Cinderace, F|100/100
|move|p1a: Kamen Rider Φ|Leech Life|p2a: Cinderace
|-resisted|p2a: Cinderace
|-damage|p2a: Cinderace|0 fnt
|-heal|p1a: Kamen Rider Φ|93/100|[from] drain|[of] p2a: Cinderace
|faint|p2a: Cinderace
|
|upkeep
|
|t:|1743885740
|switch|p2a: Garganacl|Garganacl, F|66/100
|-damage|p2a: Garganacl|54/100|[from] Stealth Rock
|turn|43
|
|t:|1743885744
|move|p1a: Kamen Rider Φ|Leech Life|p2a: Garganacl
|-damage|p2a: Garganacl|0 fnt
|-heal|p1a: Kamen Rider Φ|100/100|[from] drain|[of] p2a: Garganacl
|faint|p2a: Garganacl
|
|win|Noamm
|raw|Noamm's rating: 1559 &rarr; <strong>1579</strong><br />(+20 for winning)
|raw|petfoirax's rating: 1553 &rarr; <strong>1533</strong><br />(-20 for losing)
|c|☆Noamm|gg
|l|☆petfoirax
|player|p2|
|l|☆Noamm
|player|p1|
