|j|☆sakanachi
|j|☆Dequavious IV
|t:|1743847416
|gametype|singles
|player|p1|sakanachi|265|1501
|player|p2|Dequavious IV|hoopster|1553
|teamsize|p1|6
|teamsize|p2|6
|gen|9
|tier|[Gen 9] OU
|rated|
|rule|HP Percentage Mod: HP is shown in percentages
|rule|Endless Battle Clause: Forcing endless battles is banned
|rule|Species Clause: Limit one of each Pokémon
|rule|OHKO Clause: OHKO moves are banned
|rule|Evasion Items Clause: Evasion items are banned
|rule|Evasion Moves Clause: Evasion moves are banned
|rule|Sleep Moves Clause: Sleep-inducing moves are banned
|clearpoke
|poke|p1|Indeedee, M|
|poke|p1|Hatterene, F|
|poke|p1|Polteageist|
|poke|p1|Hawlucha, F|
|poke|p1|Maushold|
|poke|p1|Armarouge, F|
|poke|p2|Gliscor, F|
|poke|p2|Zamazenta-*|
|poke|p2|Ting-Lu|
|poke|p2|Samurott-Hisui, F|
|poke|p2|Latios, M|
|poke|p2|Pecharunt|
|teampreview
|
|t:|1743847433
|start
|switch|p1a: Indeedee|Indeedee, M|100/100
|switch|p2a: Samurott|Samurott-Hisui, F, shiny|100/100
|-fieldstart|move: Psychic Terrain|[from] ability: Psychic Surge|[of] p1a: Indeedee
|turn|1
|c|☆sakanachi|Is your name dequavius like pork pay
|
|t:|1743847440
|move|p1a: Indeedee|Dazzling Gleam|p2a: Samurott
|-supereffective|p2a: Samurott
|-damage|p2a: Samurott|49/100
|move|p2a: Samurott|Ceaseless Edge|p1a: Indeedee|[miss]
|-miss|p2a: Samurott|p1a: Indeedee
|
|upkeep
|turn|2
|c|☆sakanachi|Sorry
|
|t:|1743847459
|switch|p2a: Ting-Lu|Ting-Lu|100/100
|-ability|p2a: Ting-Lu|Vessel of Ruin
|move|p1a: Indeedee|Dazzling Gleam|p2a: Ting-Lu
|-supereffective|p2a: Ting-Lu
|-damage|p2a: Ting-Lu|83/100
|
|-heal|p2a: Ting-Lu|90/100|[from] item: Leftovers
|upkeep
|turn|3
|
|t:|1743847465
|switch|p1a: Hatterene|Hatterene, F|100/100
|move|p2a: Ting-Lu|Earthquake|p1a: Hatterene
|-damage|p1a: Hatterene|70/100
|-enditem|p1a: Hatterene|Eject Button
|
|t:|1743847468
|switch|p1a: Hawlucha|Hawlucha, F|100/100
|-enditem|p1a: Hawlucha|Psychic Seed
|-boost|p1a: Hawlucha|spd|1|[from] item: Psychic Seed
|
|-heal|p2a: Ting-Lu|96/100|[from] item: Leftovers
|upkeep
|turn|4
|
|t:|1743847476
|switch|p2a: Pecharunt|Pecharunt|100/100
|move|p1a: Hawlucha|Encore||[still]
|-fail|p1a: Hawlucha
|
|upkeep
|turn|5
|
|t:|1743847484
|move|p1a: Hawlucha|Swords Dance|p1a: Hawlucha
|-boost|p1a: Hawlucha|atk|2
|move|p2a: Pecharunt|Malignant Chain|p1a: Hawlucha
|-damage|p1a: Hawlucha|68/100
|
|upkeep
|turn|6
|
|t:|1743847490
|move|p1a: Hawlucha|Swords Dance|p1a: Hawlucha
|-boost|p1a: Hawlucha|atk|2
|move|p2a: Pecharunt|Malignant Chain|p1a: Hawlucha
|-damage|p1a: Hawlucha|40/100
|-status|p1a: Hawlucha|tox
|-start|p1a: Hawlucha|confusion|[from] ability: Poison Puppeteer|[of] p2a: Pecharunt
|
|-damage|p1a: Hawlucha|34/100 tox|[from] psn
|upkeep
|turn|7
|
|t:|1743847501
|-activate|p1a: Hawlucha|confusion
|move|p1a: Hawlucha|Acrobatics|p2a: Pecharunt
|-damage|p2a: Pecharunt|30/100
|move|p2a: Pecharunt|Recover|p2a: Pecharunt
|-heal|p2a: Pecharunt|80/100
|
|-damage|p1a: Hawlucha|21/100 tox|[from] psn
|upkeep
|turn|8
|
|t:|1743847509
|-end|p1a: Hawlucha|confusion
|move|p1a: Hawlucha|Swords Dance|p1a: Hawlucha
|-boost|p1a: Hawlucha|atk|2
|move|p2a: Pecharunt|Recover|p2a: Pecharunt
|-heal|p2a: Pecharunt|100/100
|
|-damage|p1a: Hawlucha|3/100 tox|[from] psn
|-fieldend|move: Psychic Terrain
|upkeep
|turn|9
|
|t:|1743847521
|switch|p2a: Gliscor|Gliscor, F, shiny|100/100
|move|p1a: Hawlucha|Acrobatics|p2a: Gliscor
|-damage|p2a: Gliscor|0 fnt
|faint|p2a: Gliscor
|
|-damage|p1a: Hawlucha|0 fnt|[from] psn
|faint|p1a: Hawlucha
|upkeep
|
|t:|1743847531
|switch|p1a: Indeedee|Indeedee, M|100/100
|switch|p2a: Ting-Lu|Ting-Lu|96/100
|-fieldstart|move: Psychic Terrain|[from] ability: Psychic Surge|[of] p1a: Indeedee
|-ability|p2a: Ting-Lu|Vessel of Ruin
|turn|10
|
|t:|1743847543
|switch|p1a: Hatterene|Hatterene, F|70/100
|move|p2a: Ting-Lu|Earthquake|p1a: Hatterene
|-damage|p1a: Hatterene|38/100
|
|-heal|p2a: Ting-Lu|100/100|[from] item: Leftovers
|upkeep
|turn|11
|
|t:|1743847546
|move|p2a: Ting-Lu|Earthquake|p1a: Hatterene
|-damage|p1a: Hatterene|7/100
|move|p1a: Hatterene|Draining Kiss|p2a: Ting-Lu
|-supereffective|p2a: Ting-Lu
|-damage|p2a: Ting-Lu|81/100
|-heal|p1a: Hatterene|31/100|[from] drain|[of] p2a: Ting-Lu
|
|-heal|p2a: Ting-Lu|87/100|[from] item: Leftovers
|upkeep
|turn|12
|
|t:|1743847551
|move|p2a: Ting-Lu|Earthquake|p1a: Hatterene
|-damage|p1a: Hatterene|2/100
|move|p1a: Hatterene|Healing Wish|p1a: Hatterene
|faint|p1a: Hatterene
|
|-heal|p2a: Ting-Lu|93/100|[from] item: Leftovers
|upkeep
|
|t:|1743847559
|switch|p1a: Maushold|Maushold|100/100
|turn|13
|
|t:|1743847567
|switch|p2a: Pecharunt|Pecharunt|100/100
|move|p1a: Maushold|Population Bomb|p2a: Pecharunt
|-immune|p2a: Pecharunt
|
|upkeep
|turn|14
|
|t:|1743847575
|move|p1a: Maushold|Bite|p2a: Pecharunt
|-supereffective|p2a: Pecharunt
|-damage|p2a: Pecharunt|78/100
|cant|p2a: Pecharunt|flinch
|
|upkeep
|turn|15
|
|t:|1743847588
|switch|p1a: Armarouge|Armarouge, F|100/100
|move|p2a: Pecharunt|Malignant Chain|p1a: Armarouge
|-damage|p1a: Armarouge|62/100
|
|upkeep
|turn|16
|
|t:|1743847595
|switch|p2a: Ting-Lu|Ting-Lu|93/100
|-ability|p2a: Ting-Lu|Vessel of Ruin
|move|p1a: Armarouge|Calm Mind|p1a: Armarouge
|-boost|p1a: Armarouge|spa|1
|-boost|p1a: Armarouge|spd|1
|
|-heal|p2a: Ting-Lu|99/100|[from] item: Leftovers
|upkeep
|turn|17
|
|t:|1743847604
|move|p1a: Armarouge|Endure|p1a: Armarouge
|-singleturn|p1a: Armarouge|move: Endure
|move|p2a: Ting-Lu|Whirlwind|p1a: Armarouge
|drag|p1a: Maushold|Maushold|100/100
|
|-heal|p2a: Ting-Lu|100/100|[from] item: Leftovers
|-fieldend|move: Psychic Terrain
|upkeep
|turn|18
|
|t:|1743847610
|move|p1a: Maushold|Tidy Up|p1a: Maushold
|-boost|p1a: Maushold|atk|1
|-boost|p1a: Maushold|spe|1
|move|p2a: Ting-Lu|Earthquake|p1a: Maushold
|-damage|p1a: Maushold|41/100
|
|upkeep
|turn|19
|
|t:|1743847613
|switch|p2a: Pecharunt|Pecharunt|78/100
|move|p1a: Maushold|Bite|p2a: Pecharunt
|-supereffective|p2a: Pecharunt
|-damage|p2a: Pecharunt|49/100
|
|upkeep
|turn|20
|
|t:|1743847616
|move|p1a: Maushold|Bite|p2a: Pecharunt
|-supereffective|p2a: Pecharunt
|-damage|p2a: Pecharunt|16/100
|move|p2a: Pecharunt|Malignant Chain|p1a: Maushold
|-damage|p1a: Maushold|0 fnt
|faint|p1a: Maushold
|
|upkeep
|
|t:|1743847624
|switch|p1a: Indeedee|Indeedee, M|100/100
|-fieldstart|move: Psychic Terrain|[from] ability: Psychic Surge|[of] p1a: Indeedee
|turn|21
|
|t:|1743847627
|move|p1a: Indeedee|Expanding Force|p2a: Pecharunt
|-supereffective|p2a: Pecharunt
|-damage|p2a: Pecharunt|0 fnt
|faint|p2a: Pecharunt
|
|upkeep
|j| typhlosi
|
|t:|1743847637
|switch|p2a: Ting-Lu|Ting-Lu|100/100
|-ability|p2a: Ting-Lu|Vessel of Ruin
|turn|22
|
|t:|1743847640
|move|p1a: Indeedee|Dazzling Gleam|p2a: Ting-Lu
|-supereffective|p2a: Ting-Lu
|-damage|p2a: Ting-Lu|85/100
|move|p2a: Ting-Lu|Stealth Rock|p1a: Indeedee
|-sidestart|p1: sakanachi|move: Stealth Rock
|
|-heal|p2a: Ting-Lu|92/100|[from] item: Leftovers
|upkeep
|turn|23
|
|t:|1743847646
|move|p1a: Indeedee|Encore|p2a: Ting-Lu
|-start|p2a: Ting-Lu|Encore
|move|p2a: Ting-Lu|Stealth Rock||[still]
|-fail|p2a: Ting-Lu
|
|-heal|p2a: Ting-Lu|98/100|[from] item: Leftovers
|upkeep
|turn|24
|
|t:|1743847653
|switch|p1a: Armarouge|Armarouge, F|62/100
|-heal|p1a: Armarouge|100/100|[from] move: Healing Wish
|-damage|p1a: Armarouge|76/100|[from] Stealth Rock
|switch|p2a: Samurott|Samurott-Hisui, F, shiny|49/100
|
|upkeep
|turn|25
|
|t:|1743847656
|move|p1a: Armarouge|Endure|p1a: Armarouge
|-singleturn|p1a: Armarouge|move: Endure
|move|p2a: Samurott|Ceaseless Edge|p1a: Armarouge|[miss]
|-miss|p2a: Samurott|p1a: Armarouge
|
|upkeep
|turn|26
|
|t:|1743847661
|move|p2a: Samurott|Ceaseless Edge|p1a: Armarouge
|-supereffective|p1a: Armarouge
|-damage|p1a: Armarouge|0 fnt
|-sidestart|p1: sakanachi|Spikes
|faint|p1a: Armarouge
|
|upkeep
|
|t:|1743847664
|switch|p1a: Polteageist|Polteageist|100/100
|-damage|p1a: Polteageist|88/100|[from] Stealth Rock
|-damage|p1a: Polteageist|76/100|[from] Spikes
|turn|27
|
|t:|1743847669
|-terastallize|p1a: Polteageist|Fighting
|move|p2a: Samurott|Razor Shell|p1a: Polteageist
|-damage|p1a: Polteageist|0 fnt
|faint|p1a: Polteageist
|
|upkeep
|-message|sakanachi forfeited.
|
|win|Dequavious IV
|raw|sakanachi's rating: 1477 &rarr; <strong>1461</strong><br />(-16 for losing)
|raw|Dequavious IV's rating: 1553 &rarr; <strong>1569</strong><br />(+16 for winning)
|l|☆sakanachi
|player|p1|
|l|☆Dequavious IV
|player|p2|
