|j|☆GOD D DRAGON
|j|☆Carlos Wagner
|t:|1743859210
|gametype|singles
|player|p1|GOD D DRAGON|170|1369
|player|p2|Carlos Wagner|265|1349
|teamsize|p1|6
|teamsize|p2|6
|gen|9
|tier|[Gen 9] OU
|rated|
|rule|HP Percentage Mod: HP is shown in percentages
|rule|Endless Battle Clause: Forcing endless battles is banned
|rule|Species Clause: Limit one of each Pokémon
|rule|OHKO Clause: OHKO moves are banned
|rule|Evasion Items Clause: Evasion items are banned
|rule|Evasion Moves Clause: Evasion moves are banned
|rule|Sleep Moves Clause: Sleep-inducing moves are banned
|clearpoke
|poke|p1|Espeon, M|
|poke|p1|Zarude-Dada|
|poke|p1|Thundurus-Therian, M|
|poke|p1|Tinkaton, F|
|poke|p1|Donphan, F|
|poke|p1|Raging Bolt|
|poke|p2|Latios, M|
|poke|p2|Zamazenta-*|
|poke|p2|Alomomola, F|
|poke|p2|Slowking-Galar, F|
|poke|p2|Samurott-Hisui, F|
|poke|p2|Gliscor, F|
|teampreview
|inactive|Battle timer is ON: inactive players will automatically lose when time's up. (requested by Carlos Wagner)
|c|☆Carlos Wagner|comically large hammer
|
|t:|1743859241
|start
|switch|p1a: Thundurus|Thundurus-Therian, M|100/100
|switch|p2a: austrian painter|Gliscor, F|100/100
|turn|1
|
|t:|1743859251
|switch|p1a: Espeon|Espeon, M|100/100
|switch|p2a: washing machine|Slowking-Galar, F|100/100
|
|upkeep
|turn|2
|
|t:|1743859259
|move|p1a: Espeon|Trick|p2a: washing machine
|-activate|p1a: Espeon|move: Trick|[of] p2a: washing machine
|-item|p2a: washing machine|Choice Scarf|[from] move: Trick
|-item|p1a: Espeon|Heavy-Duty Boots|[from] move: Trick
|move|p2a: washing machine|Future Sight|p1a: Espeon
|-start|p2a: washing machine|move: Future Sight
|
|upkeep
|turn|3
|
|t:|1743859267
|switch|p2a: austrian painter|Gliscor, F|100/100
|move|p1a: Espeon|Thunder Wave|p2a: austrian painter
|-immune|p2a: austrian painter
|
|-status|p2a: austrian painter|tox|[from] item: Toxic Orb
|upkeep
|turn|4
|
|t:|1743859277
|move|p1a: Espeon|Psychic|p2a: austrian painter
|-damage|p2a: austrian painter|60/100 tox
|move|p2a: austrian painter|U-turn|p1a: Espeon
|-supereffective|p1a: Espeon
|-damage|p1a: Espeon|44/100
|
|t:|1743859298
|switch|p2a: stupid|Alomomola, F|100/100|[from] U-turn
|
|-end|p1a: Espeon|move: Future Sight
|-resisted|p1a: Espeon
|-damage|p1a: Espeon|12/100
|upkeep
|turn|5
|
|t:|1743859306
|move|p1a: Espeon|Thunder Wave|p2a: stupid
|-status|p2a: stupid|par
|move|p2a: stupid|Flip Turn|p1a: Espeon
|-damage|p1a: Espeon|0 fnt
|faint|p1a: Espeon
|
|t:|1743859316
|switch|p2a: austrian painter|Gliscor, F|60/100 tox|[from] Flip Turn
|
|-heal|p2a: austrian painter|72/100 tox|[from] ability: Poison Heal
|upkeep
|
|t:|1743859324
|switch|p1a: Donphan|Donphan, F|100/100
|turn|6
|
|t:|1743859335
|move|p1a: Donphan|Ice Shard|p2a: austrian painter
|-supereffective|p2a: austrian painter
|-damage|p2a: austrian painter|25/100 tox
|move|p2a: austrian painter|Stealth Rock|p1a: Donphan
|-sidestart|p1: GOD D DRAGON|move: Stealth Rock
|
|-heal|p2a: austrian painter|38/100 tox|[from] ability: Poison Heal
|upkeep
|turn|7
|
|t:|1743859343
|switch|p2a: stupid|Alomomola, F|100/100 par
|move|p1a: Donphan|Rapid Spin|p2a: stupid
|-damage|p2a: stupid|89/100 par
|-boost|p1a: Donphan|spe|1
|-sideend|p1: GOD D DRAGON|Stealth Rock|[from] move: Rapid Spin|[of] p1a: Donphan
|
|upkeep
|turn|8
|
|t:|1743859356
|move|p1a: Donphan|Earthquake|p2a: stupid
|-damage|p2a: stupid|56/100 par
|move|p2a: stupid|Scald|p1a: Donphan
|-supereffective|p1a: Donphan
|-damage|p1a: Donphan|67/100
|-status|p1a: Donphan|brn
|
|-heal|p1a: Donphan|73/100 brn|[from] item: Leftovers
|-damage|p1a: Donphan|67/100 brn|[from] brn
|upkeep
|turn|9
|
|t:|1743859369
|switch|p1a: Thundurus|Thundurus-Therian, M|100/100
|cant|p2a: stupid|par
|
|upkeep
|turn|10
|
|t:|1743859380
|switch|p2a: washing machine|Slowking-Galar, F|100/100
|move|p1a: Thundurus|Volt Switch|p2a: washing machine
|-damage|p2a: washing machine|76/100
|
|t:|1743859388
|switch|p1a: Zarude|Zarude-Dada|100/100|[from] Volt Switch
|
|upkeep
|turn|11
|
|t:|1743859395
|switch|p2a: heres the thing|Samurott-Hisui, F, shiny|100/100
|-terastallize|p1a: Zarude|Poison
|move|p1a: Zarude|Bulk Up|p1a: Zarude
|-boost|p1a: Zarude|atk|1
|-boost|p1a: Zarude|def|1
|
|upkeep
|turn|12
|
|t:|1743859405
|move|p1a: Zarude|Petal Blizzard|p2a: heres the thing
|-supereffective|p2a: heres the thing
|-damage|p2a: heres the thing|0 fnt
|faint|p2a: heres the thing
|
|upkeep
|
|t:|1743859409
|switch|p2a: clifford|Zamazenta|100/100
|-ability|p2a: clifford|Dauntless Shield|boost
|-boost|p2a: clifford|def|1
|turn|13
|
|t:|1743859415
|move|p2a: clifford|Iron Defense|p2a: clifford
|-boost|p2a: clifford|def|2
|move|p1a: Zarude|Knock Off|p2a: clifford
|-resisted|p2a: clifford
|-damage|p2a: clifford|90/100
|-enditem|p2a: clifford|Leftovers|[from] move: Knock Off|[of] p1a: Zarude
|
|upkeep
|turn|14
|
|t:|1743859423
|move|p2a: clifford|Substitute|p2a: clifford
|-start|p2a: clifford|Substitute
|-damage|p2a: clifford|65/100
|move|p1a: Zarude|Bulk Up|p1a: Zarude
|-boost|p1a: Zarude|atk|1
|-boost|p1a: Zarude|def|1
|
|upkeep
|turn|15
|
|t:|1743859430
|move|p2a: clifford|Iron Defense|p2a: clifford
|-boost|p2a: clifford|def|2
|move|p1a: Zarude|Bulk Up|p1a: Zarude
|-boost|p1a: Zarude|atk|1
|-boost|p1a: Zarude|def|1
|
|upkeep
|turn|16
|
|t:|1743859437
|move|p2a: clifford|Body Press|p1a: Zarude
|-resisted|p1a: Zarude
|-damage|p1a: Zarude|80/100
|move|p1a: Zarude|Bulk Up|p1a: Zarude
|-boost|p1a: Zarude|atk|1
|-boost|p1a: Zarude|def|1
|
|-heal|p1a: Zarude|86/100|[from] item: Leftovers
|upkeep
|turn|17
|
|t:|1743859447
|move|p2a: clifford|Body Press|p1a: Zarude
|-resisted|p1a: Zarude
|-damage|p1a: Zarude|67/100
|move|p1a: Zarude|Bulk Up|p1a: Zarude
|-boost|p1a: Zarude|atk|1
|-boost|p1a: Zarude|def|1
|
|-heal|p1a: Zarude|74/100|[from] item: Leftovers
|upkeep
|turn|18
|
|t:|1743859457
|move|p2a: clifford|Body Press|p1a: Zarude
|-resisted|p1a: Zarude
|-damage|p1a: Zarude|58/100
|move|p1a: Zarude|Bulk Up|p1a: Zarude
|-boost|p1a: Zarude|atk|1
|-boost|p1a: Zarude|def|1
|
|-heal|p1a: Zarude|64/100|[from] item: Leftovers
|upkeep
|turn|19
|-message|Carlos Wagner forfeited.
|
|win|GOD D DRAGON
|raw|GOD D DRAGON's rating: 1369 &rarr; <strong>1388</strong><br />(+19 for winning)
|raw|Carlos Wagner's rating: 1349 &rarr; <strong>1330</strong><br />(-19 for losing)
|l|☆Carlos Wagner
|player|p2|
