|j|☆WAAHAAHEE
|j|☆FanNovato
|t:|1743913138
|gametype|singles
|player|p1|WAAHAAHEE|2|1195
|player|p2|FanNovato|benga|1170
|teamsize|p1|6
|teamsize|p2|6
|gen|9
|tier|[Gen 9] OU
|rated|
|rule|HP Percentage Mod: HP is shown in percentages
|rule|Endless Battle Clause: Forcing endless battles is banned
|rule|Species Clause: Limit one of each Pokémon
|rule|OHKO Clause: OHKO moves are banned
|rule|Evasion Items Clause: Evasion items are banned
|rule|Evasion Moves Clause: Evasion moves are banned
|rule|Sleep Moves Clause: Sleep-inducing moves are banned
|clearpoke
|poke|p1|Tyranitar, M|
|poke|p1|Gholdengo|
|poke|p1|Excadrill, M|
|poke|p1|Clodsire, M|
|poke|p1|Torterra, M|
|poke|p1|Gliscor, M|
|poke|p2|Kommo-o, M|
|poke|p2|Zoroark-Hisui, F|
|poke|p2|Kingambit, M|
|poke|p2|Ceruledge, F|
|poke|p2|Maushold-Four|
|poke|p2|Revavroom, M|
|teampreview
|inactive|Battle timer is ON: inactive players will automatically lose when time's up. (requested by FanNovato)
|
|t:|1743913144
|start
|switch|p1a: Tyranitar|Tyranitar, M|100/100
|switch|p2a: Los Simpson|Maushold-Four, shiny|100/100
|-weather|Sandstorm|[from] ability: Sand Stream|[of] p1a: Tyranitar
|turn|1
|
|t:|1743913156
|move|p2a: Los Simpson|Trick|p1a: Tyranitar
|-activate|p2a: Los Simpson|move: Trick|[of] p1a: Tyranitar
|-item|p1a: Tyranitar|Choice Scarf|[from] move: Trick
|-item|p2a: Los Simpson|Smooth Rock|[from] move: Trick
|move|p1a: Tyranitar|Thunder Wave|p2a: Los Simpson
|-status|p2a: Los Simpson|par
|
|-weather|Sandstorm|[upkeep]
|-damage|p2a: Los Simpson|95/100 par|[from] Sandstorm
|upkeep
|turn|2
|
|t:|1743913168
|switch|p1a: Gholdengo|Gholdengo|100/100
|move|p2a: Los Simpson|Trick|p1a: Gholdengo
|-immune|p1a: Gholdengo|[from] ability: Good as Gold
|
|-weather|Sandstorm|[upkeep]
|-damage|p2a: Los Simpson|89/100 par|[from] Sandstorm
|upkeep
|turn|3
|
|t:|1743913184
|move|p1a: Gholdengo|Make It Rain|p2a: Los Simpson
|-damage|p2a: Los Simpson|0 fnt
|-unboost|p1a: Gholdengo|spa|1
|replace|p2a: ¡¡¡BOO!!!|Zoroark-Hisui, F
|-end|p2a: ¡¡¡BOO!!!|Illusion
|faint|p2a: ¡¡¡BOO!!!
|
|-weather|Sandstorm|[upkeep]
|upkeep
|
|t:|1743913194
|switch|p2a: Vroom-Vroom|Revavroom, M|100/100
|-item|p2a: Vroom-Vroom|Air Balloon
|turn|4
|
|t:|1743913198
|move|p1a: Gholdengo|Make It Rain|p2a: Vroom-Vroom
|-resisted|p2a: Vroom-Vroom
|-damage|p2a: Vroom-Vroom|67/100
|-unboost|p1a: Gholdengo|spa|1
|-enditem|p2a: Vroom-Vroom|Air Balloon
|move|p2a: Vroom-Vroom|Shift Gear|p2a: Vroom-Vroom
|-boost|p2a: Vroom-Vroom|spe|2
|-boost|p2a: Vroom-Vroom|atk|1
|
|-weather|Sandstorm|[upkeep]
|upkeep
|turn|5
|
|t:|1743913210
|switch|p1a: Gliscor|Gliscor, M|100/100
|move|p2a: Vroom-Vroom|Shift Gear|p2a: Vroom-Vroom
|-boost|p2a: Vroom-Vroom|spe|2
|-boost|p2a: Vroom-Vroom|atk|1
|
|-weather|Sandstorm|[upkeep]
|-status|p1a: Gliscor|tox|[from] item: Toxic Orb
|upkeep
|turn|6
|
|t:|1743913219
|move|p2a: Vroom-Vroom|Iron Head|p1a: Gliscor
|-damage|p1a: Gliscor|43/100 tox
|move|p1a: Gliscor|Earthquake|p2a: Vroom-Vroom
|-supereffective|p2a: Vroom-Vroom
|-damage|p2a: Vroom-Vroom|0 fnt
|faint|p2a: Vroom-Vroom
|
|-weather|Sandstorm|[upkeep]
|-heal|p1a: Gliscor|55/100 tox|[from] ability: Poison Heal
|upkeep
|c|☆WAAHAAHEE|Lol
|
|t:|1743913229
|switch|p2a: Los Simpson|Maushold-Four, shiny|100/100
|turn|7
|
|t:|1743913233
|move|p1a: Gliscor|Protect|p1a: Gliscor
|-singleturn|p1a: Gliscor|Protect
|move|p2a: Los Simpson|Population Bomb|p1a: Gliscor
|-activate|p1a: Gliscor|move: Protect
|
|-weather|Sandstorm|[upkeep]
|-damage|p2a: Los Simpson|94/100|[from] Sandstorm
|-heal|p1a: Gliscor|68/100 tox|[from] ability: Poison Heal
|upkeep
|turn|8
|
|t:|1743913245
|switch|p1a: Gholdengo|Gholdengo|100/100
|move|p2a: Los Simpson|Tidy Up|p2a: Los Simpson
|-boost|p2a: Los Simpson|atk|1
|-boost|p2a: Los Simpson|spe|1
|
|-weather|none
|upkeep
|turn|9
|
|t:|1743913261
|move|p2a: Los Simpson|Bite|p1a: Gholdengo
|-supereffective|p1a: Gholdengo
|-damage|p1a: Gholdengo|23/100
|move|p1a: Gholdengo|Make It Rain|p2a: Los Simpson
|-damage|p2a: Los Simpson|0 fnt
|-unboost|p1a: Gholdengo|spa|1
|faint|p2a: Los Simpson
|
|upkeep
|
|t:|1743913271
|switch|p2a: Dovahkiin|Kommo-o, M|100/100
|turn|10
|
|t:|1743913280
|switch|p1a: Tyranitar|Tyranitar, M|100/100
|-weather|Sandstorm|[from] ability: Sand Stream|[of] p1a: Tyranitar
|move|p2a: Dovahkiin|Clangorous Soul|p2a: Dovahkiin
|-boost|p2a: Dovahkiin|atk|1
|-boost|p2a: Dovahkiin|def|1
|-boost|p2a: Dovahkiin|spa|1
|-boost|p2a: Dovahkiin|spd|1
|-boost|p2a: Dovahkiin|spe|1
|-damage|p2a: Dovahkiin|68/100
|
|-weather|Sandstorm|[upkeep]
|upkeep
|turn|11
|
|t:|1743913294
|move|p2a: Dovahkiin|Aura Sphere|p1a: Tyranitar
|-supereffective|p1a: Tyranitar
|-damage|p1a: Tyranitar|0 fnt
|faint|p1a: Tyranitar
|
|-weather|Sandstorm|[upkeep]
|upkeep
|
|t:|1743913301
|switch|p1a: Clodsire|Clodsire, M|100/100
|turn|12
|
|t:|1743913307
|-terastallize|p2a: Dovahkiin|Steel
|move|p2a: Dovahkiin|Clangorous Soul|p2a: Dovahkiin
|-boost|p2a: Dovahkiin|atk|1
|-boost|p2a: Dovahkiin|def|1
|-boost|p2a: Dovahkiin|spa|1
|-boost|p2a: Dovahkiin|spd|1
|-boost|p2a: Dovahkiin|spe|1
|-damage|p2a: Dovahkiin|35/100
|move|p1a: Clodsire|Toxic|p2a: Dovahkiin
|-immune|p2a: Dovahkiin
|
|-weather|Sandstorm|[upkeep]
|upkeep
|turn|13
|
|t:|1743913319
|move|p2a: Dovahkiin|Boomburst|p1a: Clodsire
|-damage|p1a: Clodsire|55/100
|move|p1a: Clodsire|Curse|p1a: Clodsire
|-unboost|p1a: Clodsire|spe|1
|-boost|p1a: Clodsire|atk|1
|-boost|p1a: Clodsire|def|1
|
|-weather|Sandstorm|[upkeep]
|-heal|p1a: Clodsire|61/100|[from] item: Leftovers
|upkeep
|turn|14
|
|t:|1743913329
|move|p2a: Dovahkiin|Boomburst|p1a: Clodsire
|-damage|p1a: Clodsire|12/100
|move|p1a: Clodsire|Recover|p1a: Clodsire
|-heal|p1a: Clodsire|62/100
|
|-weather|none
|-heal|p1a: Clodsire|68/100|[from] item: Leftovers
|upkeep
|turn|15
|
|t:|1743913338
|move|p2a: Dovahkiin|Boomburst|p1a: Clodsire
|-damage|p1a: Clodsire|20/100
|move|p1a: Clodsire|Recover|p1a: Clodsire
|-heal|p1a: Clodsire|70/100
|
|-heal|p1a: Clodsire|76/100|[from] item: Leftovers
|upkeep
|turn|16
|
|t:|1743913348
|switch|p1a: Gholdengo|Gholdengo|23/100
|move|p2a: Dovahkiin|Clangorous Soul|p2a: Dovahkiin
|-boost|p2a: Dovahkiin|atk|1
|-boost|p2a: Dovahkiin|def|1
|-boost|p2a: Dovahkiin|spa|1
|-boost|p2a: Dovahkiin|spd|1
|-boost|p2a: Dovahkiin|spe|1
|-damage|p2a: Dovahkiin|2/100
|-enditem|p2a: Dovahkiin|Aguav Berry|[eat]
|-heal|p2a: Dovahkiin|35/100|[from] item: Aguav Berry
|
|upkeep
|turn|17
|
|t:|1743913359
|move|p2a: Dovahkiin|Flash Cannon|p1a: Gholdengo
|-resisted|p1a: Gholdengo
|-damage|p1a: Gholdengo|0 fnt
|faint|p1a: Gholdengo
|
|upkeep
|
|t:|1743913364
|switch|p1a: Gliscor|Gliscor, M|68/100 tox
|turn|18
|
|t:|1743913370
|-terastallize|p1a: Gliscor|Water
|move|p2a: Dovahkiin|Boomburst|p1a: Gliscor
|-damage|p1a: Gliscor|0 fnt
|faint|p1a: Gliscor
|
|upkeep
|-message|WAAHAAHEE forfeited.
|
|win|FanNovato
|raw|WAAHAAHEE's rating: 1195 &rarr; <strong>1168</strong><br />(-27 for losing)
|raw|FanNovato's rating: 1170 &rarr; <strong>1197</strong><br />(+27 for winning)
|l|☆WAAHAAHEE
|player|p1|
|l|☆FanNovato
|player|p2|
