|j|☆nhg445
|j|☆Thibault56
|t:|1743788073
|gametype|singles
|player|p1|nhg445|cynthia|1677
|player|p2|Thibault56|acetrainer|1756
|teamsize|p1|6
|teamsize|p2|6
|gen|9
|tier|[Gen 9] OU
|rated|
|rule|HP Percentage Mod: HP is shown in percentages
|rule|Endless Battle Clause: Forcing endless battles is banned
|rule|Species Clause: Limit one of each Pokémon
|rule|OHKO Clause: OHKO moves are banned
|rule|Evasion Items Clause: Evasion items are banned
|rule|Evasion Moves Clause: Evasion moves are banned
|rule|Sleep Moves Clause: Sleep-inducing moves are banned
|clearpoke
|poke|p1|Samurott-Hisui, F|
|poke|p1|Dragonite, M|
|poke|p1|Iron Treads|
|poke|p1|Iron Crown|
|poke|p1|Moltres|
|poke|p1|Weavile, F|
|poke|p2|Clodsire, M|
|poke|p2|Incineroar, M|
|poke|p2|Pelipper, F|
|poke|p2|Barraskewda, F|
|poke|p2|Zapdos|
|poke|p2|Corviknight, F|
|teampreview
|inactive|Battle timer is ON: inactive players will automatically lose when time's up. (requested by nhg445)
|
|t:|1743788088
|start
|switch|p1a: Samurott|Samurott-Hisui, F|100/100
|switch|p2a: Zapdos|Zapdos|100/100
|turn|1
|
|t:|1743788102
|move|p2a: Zapdos|Volt Switch|p1a: Samurott
|-supereffective|p1a: Samurott
|-damage|p1a: Samurott|3/100
|
|t:|1743788106
|switch|p2a: Corviknight|Corviknight, F|100/100|[from] Volt Switch
|-ability|p2a: Corviknight|Pressure
|move|p1a: Samurott|Knock Off|p2a: Corviknight
|-damage|p2a: Corviknight|76/100
|-damage|p1a: Samurott|0 fnt|[from] item: Rocky Helmet|[of] p2a: Corviknight
|faint|p1a: Samurott
|
|upkeep
|
|t:|1743788114
|switch|p1a: Moltres|Moltres|100/100
|turn|2
|
|t:|1743788120
|move|p1a: Moltres|U-turn|p2a: Corviknight
|-resisted|p2a: Corviknight
|-damage|p2a: Corviknight|74/100
|-damage|p1a: Moltres|84/100|[from] item: Rocky Helmet|[of] p2a: Corviknight
|
|t:|1743788126
|switch|p1a: Iron Crown|Iron Crown|100/100|[from] U-turn
|move|p2a: Corviknight|U-turn|p1a: Iron Crown
|-damage|p1a: Iron Crown|85/100
|
|t:|1743788134
|switch|p2a: Barraskewda|Barraskewda, F|100/100|[from] U-turn
|
|upkeep
|turn|3
|
|t:|1743788140
|-terastallize|p2a: Barraskewda|Water
|move|p2a: Barraskewda|Flip Turn|p1a: Iron Crown
|-damage|p1a: Iron Crown|17/100
|
|t:|1743788158
|switch|p2a: Clodsire|Clodsire, M|100/100|[from] Flip Turn
|move|p1a: Iron Crown|Volt Switch|p2a: Clodsire
|-immune|p2a: Clodsire
|
|upkeep
|turn|4
|
|t:|1743788166
|-end|p1a: Iron Crown|Quark Drive|[silent]
|switch|p1a: Iron Treads|Iron Treads|100/100
|switch|p2a: Pelipper|Pelipper, F|100/100
|-weather|RainDance|[from] ability: Drizzle|[of] p2a: Pelipper
|
|-weather|RainDance|[upkeep]
|upkeep
|turn|5
|
|t:|1743788169
|move|p1a: Iron Treads|Knock Off|p2a: Pelipper
|-damage|p2a: Pelipper|68/100
|-enditem|p2a: Pelipper|Damp Rock|[from] move: Knock Off|[of] p1a: Iron Treads
|move|p2a: Pelipper|Weather Ball|p1a: Iron Treads
|-supereffective|p1a: Iron Treads
|-damage|p1a: Iron Treads|0 fnt
|faint|p1a: Iron Treads
|-end|p1a: Iron Treads|Quark Drive|[silent]
|
|-weather|RainDance|[upkeep]
|upkeep
|
|t:|1743788173
|switch|p1a: Iron Crown|Iron Crown|17/100
|turn|6
|
|t:|1743788179
|switch|p2a: Incineroar|Incineroar, M|100/100
|-ability|p2a: Incineroar|Intimidate|boost
|-unboost|p1a: Iron Crown|atk|1
|move|p1a: Iron Crown|Psyshock|p2a: Incineroar
|-immune|p2a: Incineroar
|
|-weather|RainDance|[upkeep]
|upkeep
|turn|7
|
|t:|1743788186
|move|p1a: Iron Crown|Psyshock|p2a: Incineroar
|-immune|p2a: Incineroar
|move|p2a: Incineroar|Parting Shot|p1a: Iron Crown
|-unboost|p1a: Iron Crown|atk|1
|-unboost|p1a: Iron Crown|spa|1
|
|t:|1743788193
|switch|p2a: Barraskewda|Barraskewda, F, tera:Water|100/100|[from] Parting Shot
|
|-weather|RainDance|[upkeep]
|upkeep
|turn|8
|
|t:|1743788197
|move|p2a: Barraskewda|Liquidation|p1a: Iron Crown
|-damage|p1a: Iron Crown|0 fnt
|faint|p1a: Iron Crown
|-end|p1a: Iron Crown|Quark Drive|[silent]
|
|-weather|RainDance|[upkeep]
|upkeep
|
|t:|1743788199
|switch|p1a: shouting planet|Dragonite, M|100/100
|turn|9
|
|t:|1743788203
|switch|p2a: Incineroar|Incineroar, M|100/100
|-ability|p2a: Incineroar|Intimidate|boost
|-unboost|p1a: shouting planet|atk|1
|move|p1a: shouting planet|Dragon Dance|p1a: shouting planet
|-boost|p1a: shouting planet|atk|1
|-boost|p1a: shouting planet|spe|1
|
|-weather|RainDance|[upkeep]
|upkeep
|turn|10
|
|t:|1743788207
|move|p1a: shouting planet|Dragon Dance|p1a: shouting planet
|-boost|p1a: shouting planet|atk|1
|-boost|p1a: shouting planet|spe|1
|move|p2a: Incineroar|Will-O-Wisp|p1a: shouting planet
|-status|p1a: shouting planet|brn
|
|-weather|RainDance|[upkeep]
|-damage|p1a: shouting planet|94/100 brn|[from] brn
|upkeep
|turn|11
|-message|nhg445 forfeited.
|
|win|Thibault56
|raw|nhg445's rating: 1677 &rarr; <strong>1661</strong><br />(-16 for losing)
|raw|Thibault56's rating: 1756 &rarr; <strong>1772</strong><br />(+16 for winning)
|l|☆nhg445
|player|p1|
|l|☆Thibault56
|player|p2|
