|j|☆Barronmaster
|j|☆Brucey_Bruce
|t:|1743878779
|gametype|singles
|player|p1|Barronmaster|169|1482
|player|p2|Brucey_Bruce|rosa|1429
|teamsize|p1|6
|teamsize|p2|6
|gen|9
|tier|[Gen 9] OU
|rated|
|rule|HP Percentage Mod: HP is shown in percentages
|rule|Endless Battle Clause: Forcing endless battles is banned
|rule|Species Clause: Limit one of each Pokémon
|rule|OHKO Clause: OHKO moves are banned
|rule|Evasion Items Clause: Evasion items are banned
|rule|Evasion Moves Clause: Evasion moves are banned
|rule|Sleep Moves Clause: Sleep-inducing moves are banned
|clearpoke
|poke|p1|Hoopa-Unbound|
|poke|p1|Ninetales-Alola, F|
|poke|p1|Slowking-Galar, F|
|poke|p1|Cloyster, M|
|poke|p1|Zoroark, M|
|poke|p1|Indeedee, M|
|poke|p2|Ogerpon-Wellspring, F|
|poke|p2|Zamazenta-*|
|poke|p2|Iron Treads|
|poke|p2|Iron Jugulis|
|poke|p2|Dragonite, F|
|poke|p2|Iron Valiant|
|teampreview
|
|t:|1743878798
|start
|switch|p1a: Ninetales|Ninetales-Alola, F|100/100
|switch|p2a: Iron Treads|Iron Treads|100/100
|-weather|Snowscape|[from] ability: Snow Warning|[of] p1a: Ninetales
|-enditem|p2a: Iron Treads|Booster Energy
|-activate|p2a: Iron Treads|ability: Quark Drive|[fromitem]
|-start|p2a: Iron Treads|quarkdrivespe
|turn|1
|
|t:|1743878807
|move|p2a: Iron Treads|Steel Beam|p1a: Ninetales
|-supereffective|p1a: Ninetales
|-damage|p1a: Ninetales|0 fnt
|-damage|p2a: Iron Treads|50/100|[from] steelbeam
|faint|p1a: Ninetales
|
|-weather|Snowscape|[upkeep]
|upkeep
|
|t:|1743878810
|switch|p1a: Slowking|Slowking-Galar, F|100/100
|turn|2
|
|t:|1743878824
|move|p2a: Iron Treads|Stealth Rock|p1a: Slowking
|-sidestart|p1: Barronmaster|move: Stealth Rock
|move|p1a: Slowking|Nasty Plot|p1a: Slowking
|-boost|p1a: Slowking|spa|2
|
|-weather|Snowscape|[upkeep]
|upkeep
|turn|3
|
|t:|1743878833
|-terastallize|p1a: Slowking|Flying
|move|p2a: Iron Treads|Earth Power|p1a: Slowking
|-immune|p1a: Slowking
|move|p1a: Slowking|Trick Room|p1a: Slowking
|-fieldstart|move: Trick Room|[of] p1a: Slowking
|
|-weather|Snowscape|[upkeep]
|upkeep
|turn|4
|
|t:|1743878863
|move|p1a: Slowking|Flamethrower|p2a: Iron Treads
|-supereffective|p2a: Iron Treads
|-damage|p2a: Iron Treads|0 fnt
|faint|p2a: Iron Treads
|-end|p2a: Iron Treads|Quark Drive|[silent]
|
|-weather|Snowscape|[upkeep]
|upkeep
|
|t:|1743878865
|switch|p2a: Dragonite|Dragonite, F|100/100
|turn|5
|inactive|Battle timer is ON: inactive players will automatically lose when time's up. (requested by Barronmaster)
|
|t:|1743878913
|move|p1a: Slowking|Psychic Noise|p2a: Dragonite
|-damage|p2a: Dragonite|57/100
|-start|p2a: Dragonite|move: Heal Block
|move|p2a: Dragonite|Fire Punch|p1a: Slowking
|-damage|p1a: Slowking|66/100
|
|-weather|none
|-heal|p1a: Slowking|72/100|[from] item: Leftovers
|upkeep
|turn|6
|
|t:|1743878928
|switch|p2a: Iron Jugulis|Iron Jugulis|100/100
|move|p1a: Slowking|Psychic Noise|p2a: Iron Jugulis
|-immune|p2a: Iron Jugulis
|
|-heal|p1a: Slowking|78/100|[from] item: Leftovers
|upkeep
|turn|7
|
|t:|1743878945
|-end|p2a: Iron Jugulis|Quark Drive|[silent]
|switch|p2a: Dragonite|Dragonite, F|57/100
|move|p1a: Slowking|Flamethrower|p2a: Dragonite
|-resisted|p2a: Dragonite
|-damage|p2a: Dragonite|26/100
|
|-heal|p1a: Slowking|84/100|[from] item: Leftovers
|-fieldend|move: Trick Room
|upkeep
|turn|8
|
|t:|1743878964
|move|p2a: Dragonite|Fire Punch|p1a: Slowking
|-damage|p1a: Slowking|53/100
|move|p1a: Slowking|Trick Room|p1a: Slowking
|-fieldstart|move: Trick Room|[of] p1a: Slowking
|
|-heal|p1a: Slowking|59/100|[from] item: Leftovers
|upkeep
|turn|9
|
|t:|1743878978
|move|p1a: Slowking|Flamethrower|p2a: Dragonite
|-resisted|p2a: Dragonite
|-damage|p2a: Dragonite|0 fnt
|faint|p2a: Dragonite
|
|-heal|p1a: Slowking|65/100|[from] item: Leftovers
|upkeep
|inactive|Brucey_Bruce has 120 seconds left.
|
|t:|1743879004
|switch|p2a: Ogerpon|Ogerpon-Wellspring, F|100/100
|turn|10
|inactive|Brucey_Bruce has 120 seconds left.
|
|t:|1743879013
|-terastallize|p2a: Ogerpon|Water
|detailschange|p2a: Ogerpon|Ogerpon-Wellspring-Tera, F, tera:Water
|-ability|p2a: Ogerpon|Embody Aspect (Wellspring)|boost
|-boost|p2a: Ogerpon|spd|1
|move|p1a: Slowking|Flamethrower|p2a: Ogerpon
|-resisted|p2a: Ogerpon
|-damage|p2a: Ogerpon|78/100
|move|p2a: Ogerpon|Ivy Cudgel|p1a: Slowking|[anim] Ivy Cudgel Water
|-damage|p1a: Slowking|0 fnt
|faint|p1a: Slowking
|
|upkeep
|
|t:|1743879018
|switch|p1a: Indeedee|Indeedee, M|100/100
|-damage|p1a: Indeedee|88/100|[from] Stealth Rock
|-fieldstart|move: Psychic Terrain|[from] ability: Psychic Surge|[of] p1a: Indeedee
|turn|11
|
|t:|1743879030
|move|p1a: Indeedee|Expanding Force|p2a: Ogerpon
|-damage|p2a: Ogerpon|1/100
|-damage|p1a: Indeedee|78/100|[from] item: Life Orb
|move|p2a: Ogerpon|Knock Off|p1a: Indeedee
|-supereffective|p1a: Indeedee
|-damage|p1a: Indeedee|0 fnt
|-enditem|p1a: Indeedee|Life Orb|[from] move: Knock Off|[of] p2a: Ogerpon
|faint|p1a: Indeedee
|
|upkeep
|
|t:|1743879035
|switch|p1a: Cloyster|Cloyster, M|100/100
|turn|12
|
|t:|1743879045
|move|p1a: Cloyster|Shell Smash|p1a: Cloyster
|-unboost|p1a: Cloyster|def|1
|-unboost|p1a: Cloyster|spd|1
|-boost|p1a: Cloyster|atk|2
|-boost|p1a: Cloyster|spa|2
|-boost|p1a: Cloyster|spe|2
|move|p2a: Ogerpon|Power Whip|p1a: Cloyster
|-supereffective|p1a: Cloyster
|-damage|p1a: Cloyster|0 fnt
|faint|p1a: Cloyster
|
|-fieldend|move: Trick Room
|upkeep
|l|☆Barronmaster
|inactive|Barronmaster disconnected and has a minute to reconnect!
|player|p1|
|inactive|Barronmaster has 30 seconds to reconnect!
|inactive|Barronmaster has 20 seconds to reconnect!
|inactive|Barronmaster has 15 seconds to reconnect!
|inactive|Barronmaster has 10 seconds to reconnect!
|inactive|Barronmaster has 5 seconds to reconnect!
|-message|Barronmaster lost due to inactivity.
|
|win|Brucey_Bruce
|raw|Barronmaster's rating: 1482 &rarr; <strong>1459</strong><br />(-23 for losing)
|raw|Brucey_Bruce's rating: 1429 &rarr; <strong>1452</strong><br />(+23 for winning)
|l|☆Brucey_Bruce
|player|p2|
