|j|☆Supa Dupa Hoopa
|j|☆TheEG3
|t:|1743902318
|gametype|singles
|player|p1|Supa Dupa Hoopa|169|1449
|player|p2|TheEG3|swimmer-masters|1361
|teamsize|p1|6
|teamsize|p2|6
|gen|9
|tier|[Gen 9] OU
|rated|
|rule|HP Percentage Mod: HP is shown in percentages
|rule|Endless Battle Clause: Forcing endless battles is banned
|rule|Species Clause: Limit one of each Pokémon
|rule|OHKO Clause: OHKO moves are banned
|rule|Evasion Items Clause: Evasion items are banned
|rule|Evasion Moves Clause: Evasion moves are banned
|rule|Sleep Moves Clause: Sleep-inducing moves are banned
|clearpoke
|poke|p1|Great Tusk|
|poke|p1|Dragapult, F|
|poke|p1|Corviknight, F|
|poke|p1|Clodsire, F|
|poke|p1|Meowscarada, F|
|poke|p1|Toxtricity-Low-Key, F|
|poke|p2|Iron Crown|
|poke|p2|Iron Hands|
|poke|p2|Grimmsnarl, M|
|poke|p2|Great Tusk|
|poke|p2|Dragonite, M|
|poke|p2|Glimmora, M|
|teampreview
|
|t:|1743902338
|start
|switch|p1a: Toxtricity|Toxtricity-Low-Key, F|100/100
|switch|p2a: Grimmsnarl|Grimmsnarl, M, shiny|100/100
|turn|1
|
|t:|1743902350
|move|p2a: Grimmsnarl|Light Screen|p2a: Grimmsnarl
|-sidestart|p2: TheEG3|move: Light Screen
|move|p1a: Toxtricity|Sludge Bomb|p2a: Grimmsnarl
|-supereffective|p2a: Grimmsnarl
|-damage|p2a: Grimmsnarl|47/100
|
|upkeep
|turn|2
|
|t:|1743902359
|move|p2a: Grimmsnarl|Reflect|p2a: Grimmsnarl
|-sidestart|p2: TheEG3|Reflect
|move|p1a: Toxtricity|Sludge Bomb|p2a: Grimmsnarl
|-supereffective|p2a: Grimmsnarl
|-damage|p2a: Grimmsnarl|0 fnt
|faint|p2a: Grimmsnarl
|
|upkeep
|
|t:|1743902366
|switch|p2a: ZachuVGC|Iron Hands|100/100
|turn|3
|
|t:|1743902383
|switch|p1a: Great Tusk|Great Tusk|100/100
|-enditem|p1a: Great Tusk|Booster Energy
|-activate|p1a: Great Tusk|ability: Protosynthesis|[fromitem]
|-start|p1a: Great Tusk|protosynthesisatk
|move|p2a: ZachuVGC|Swords Dance|p2a: ZachuVGC
|-boost|p2a: ZachuVGC|atk|2
|
|upkeep
|turn|4
|
|t:|1743902407
|move|p1a: Great Tusk|Earthquake|p2a: ZachuVGC
|-supereffective|p2a: ZachuVGC
|-damage|p2a: ZachuVGC|60/100
|move|p2a: ZachuVGC|Drain Punch|p1a: Great Tusk
|-damage|p1a: Great Tusk|45/100
|-heal|p2a: ZachuVGC|80/100|[from] drain|[of] p1a: Great Tusk
|
|-heal|p2a: ZachuVGC|86/100|[from] item: Leftovers
|upkeep
|turn|5
|
|t:|1743902418
|-end|p1a: Great Tusk|Protosynthesis|[silent]
|switch|p1a: Dragapult|Dragapult, F|100/100
|move|p2a: ZachuVGC|Ice Punch|p1a: Dragapult
|-supereffective|p1a: Dragapult
|-damage|p1a: Dragapult|0 fnt
|faint|p1a: Dragapult
|
|-heal|p2a: ZachuVGC|92/100|[from] item: Leftovers
|upkeep
|
|t:|1743902431
|switch|p1a: Meowscarada|Meowscarada, F|100/100
|turn|6
|
|t:|1743902435
|move|p1a: Meowscarada|Trick|p2a: ZachuVGC
|-start|p1a: Meowscarada|typechange|Psychic|[from] ability: Protean
|-activate|p1a: Meowscarada|move: Trick|[of] p2a: ZachuVGC
|-item|p2a: ZachuVGC|Choice Scarf|[from] move: Trick
|-item|p1a: Meowscarada|Leftovers|[from] move: Trick
|move|p2a: ZachuVGC|Drain Punch|p1a: Meowscarada
|-resisted|p1a: Meowscarada
|-damage|p1a: Meowscarada|45/100
|-heal|p2a: ZachuVGC|100/100|[from] drain|[of] p1a: Meowscarada
|
|-heal|p1a: Meowscarada|51/100|[from] item: Leftovers
|upkeep
|turn|7
|
|t:|1743902454
|move|p1a: Meowscarada|Flower Trick|p2a: ZachuVGC
|-crit|p2a: ZachuVGC
|-damage|p2a: ZachuVGC|82/100
|move|p2a: ZachuVGC|Drain Punch|p1a: Meowscarada
|-resisted|p1a: Meowscarada
|-damage|p1a: Meowscarada|0 fnt
|-heal|p2a: ZachuVGC|97/100|[from] drain|[of] p1a: Meowscarada
|faint|p1a: Meowscarada
|
|upkeep
|
|t:|1743902472
|switch|p1a: Toxtricity|Toxtricity-Low-Key, F|100/100
|turn|8
|
|t:|1743902482
|move|p1a: Toxtricity|Boomburst|p2a: ZachuVGC
|-crit|p2a: ZachuVGC
|-damage|p2a: ZachuVGC|0 fnt
|faint|p2a: ZachuVGC
|-end|p2a: ZachuVGC|Quark Drive|[silent]
|
|-sideend|p2: TheEG3|move: Light Screen
|upkeep
|
|t:|1743902495
|switch|p2a: Iron Crown|Iron Crown|100/100
|-enditem|p2a: Iron Crown|Booster Energy
|-activate|p2a: Iron Crown|ability: Quark Drive|[fromitem]
|-start|p2a: Iron Crown|quarkdrivespe
|turn|9
|
|t:|1743902504
|-terastallize|p1a: Toxtricity|Normal
|move|p2a: Iron Crown|Calm Mind|p2a: Iron Crown
|-boost|p2a: Iron Crown|spa|1
|-boost|p2a: Iron Crown|spd|1
|move|p1a: Toxtricity|Boomburst|p2a: Iron Crown
|-resisted|p2a: Iron Crown
|-damage|p2a: Iron Crown|62/100
|
|-sideend|p2: TheEG3|Reflect
|upkeep
|turn|10
|
|t:|1743902514
|move|p2a: Iron Crown|Iron Defense|p2a: Iron Crown
|-boost|p2a: Iron Crown|def|2
|move|p1a: Toxtricity|Boomburst|p2a: Iron Crown
|-resisted|p2a: Iron Crown
|-crit|p2a: Iron Crown
|-damage|p2a: Iron Crown|0 fnt
|faint|p2a: Iron Crown
|-end|p2a: Iron Crown|Quark Drive|[silent]
|
|upkeep
|
|t:|1743902520
|switch|p2a: Dragonite|Dragonite, M|100/100
|turn|11
|
|t:|1743902524
|move|p1a: Toxtricity|Boomburst|p2a: Dragonite
|-damage|p2a: Dragonite|36/100
|move|p2a: Dragonite|Dragon Dance|p2a: Dragonite
|-boost|p2a: Dragonite|atk|1
|-boost|p2a: Dragonite|spe|1
|
|upkeep
|turn|12
|
|t:|1743902533
|move|p2a: Dragonite|Scale Shot|p1a: Toxtricity
|-damage|p1a: Toxtricity|66/100
|-damage|p1a: Toxtricity|30/100
|-damage|p1a: Toxtricity|0 fnt
|faint|p1a: Toxtricity
|-hitcount|p1: Toxtricity|3
|-unboost|p2a: Dragonite|def|1
|-boost|p2a: Dragonite|spe|1
|
|upkeep
|
|t:|1743902542
|switch|p1a: Corviknight|Corviknight, F|100/100
|-ability|p1a: Corviknight|Pressure
|turn|13
|
|t:|1743902546
|move|p2a: Dragonite|Fire Punch|p1a: Corviknight
|-supereffective|p1a: Corviknight
|-damage|p1a: Corviknight|44/100
|move|p1a: Corviknight|Bulk Up|p1a: Corviknight
|-boost|p1a: Corviknight|atk|1
|-boost|p1a: Corviknight|def|1
|
|-heal|p1a: Corviknight|51/100|[from] item: Leftovers
|upkeep
|turn|14
|
|t:|1743902555
|-terastallize|p2a: Dragonite|Fire
|move|p2a: Dragonite|Fire Punch|p1a: Corviknight
|-supereffective|p1a: Corviknight
|-crit|p1a: Corviknight
|-damage|p1a: Corviknight|0 fnt
|faint|p1a: Corviknight
|
|upkeep
|
|t:|1743902563
|switch|p1a: Great Tusk|Great Tusk|45/100
|turn|15
|
|t:|1743902567
|move|p2a: Dragonite|Scale Shot|p1a: Great Tusk
|-damage|p1a: Great Tusk|27/100
|-damage|p1a: Great Tusk|12/100
|-damage|p1a: Great Tusk|0 fnt
|faint|p1a: Great Tusk
|-end|p1a: Great Tusk|Protosynthesis|[silent]
|-hitcount|p1: Great Tusk|3
|-unboost|p2a: Dragonite|def|1
|-boost|p2a: Dragonite|spe|1
|
|upkeep
|-message|Supa Dupa Hoopa forfeited.
|
|win|TheEG3
|raw|Supa Dupa Hoopa's rating: 1449 &rarr; <strong>1424</strong><br />(-25 for losing)
|raw|TheEG3's rating: 1361 &rarr; <strong>1386</strong><br />(+25 for winning)
|l|☆Supa Dupa Hoopa
|player|p1|
