|j|☆jxrx
|j|☆quolius
|t:|1743885406
|gametype|singles
|player|p1|jxrx|norman|1285
|player|p2|quolius|101|1338
|teamsize|p1|6
|teamsize|p2|6
|gen|9
|tier|[Gen 9] OU
|rated|
|rule|HP Percentage Mod: HP is shown in percentages
|rule|Endless Battle Clause: Forcing endless battles is banned
|rule|Species Clause: Limit one of each Pokémon
|rule|OHKO Clause: OHKO moves are banned
|rule|Evasion Items Clause: Evasion items are banned
|rule|Evasion Moves Clause: Evasion moves are banned
|rule|Sleep Moves Clause: Sleep-inducing moves are banned
|clearpoke
|poke|p1|Great Tusk|
|poke|p1|Muk-Alola, F|
|poke|p1|Dragapult, M|
|poke|p1|Vileplume, M|
|poke|p1|Magnezone|
|poke|p1|Altaria, F|
|poke|p2|Darkrai|
|poke|p2|Heatran, F|
|poke|p2|Zapdos|
|poke|p2|Corviknight, M|
|poke|p2|Great Tusk|
|poke|p2|Iron Valiant|
|teampreview
|inactive|Battle timer is ON: inactive players will automatically lose when time's up. (requested by quolius)
|inactive|jxrx has 120 seconds left.
|inactive|jxrx has 90 seconds left.
|
|t:|1743885487
|start
|switch|p1a: Altaria|Altaria, F, shiny|100/100
|switch|p2a: Heatran|Heatran, F|100/100
|turn|1
|
|t:|1743885509
|move|p1a: Altaria|Fire Spin|p2a: Heatran
|-start|p2a: Heatran|ability: Flash Fire
|move|p2a: Heatran|Stealth Rock|p1a: Altaria
|-sidestart|p1: jxrx|move: Stealth Rock
|
|upkeep
|turn|2
|
|t:|1743885517
|move|p1a: Altaria|Perish Song|p1a: Altaria
|-start|p1a: Altaria|perish3|[silent]
|-start|p2a: Heatran|perish3|[silent]
|-fieldactivate|move: Perish Song
|move|p2a: Heatran|Lava Plume|p1a: Altaria
|-resisted|p1a: Altaria
|-damage|p1a: Altaria|79/100
|
|-start|p1a: Altaria|perish3
|-start|p2a: Heatran|perish3
|upkeep
|turn|3
|
|t:|1743885522
|move|p1a: Altaria|Roost|p1a: Altaria
|-heal|p1a: Altaria|100/100
|-singleturn|p1a: Altaria|move: Roost
|move|p2a: Heatran|Earth Power|p1a: Altaria
|-damage|p1a: Altaria|78/100
|
|-start|p1a: Altaria|perish2
|-start|p2a: Heatran|perish2
|upkeep
|turn|4
|
|t:|1743885530
|switch|p1a: Muk|Muk-Alola, F|100/100
|-damage|p1a: Muk|88/100|[from] Stealth Rock
|-end|p2a: Heatran|ability: Flash Fire|[silent]
|switch|p2a: Darkrai|Darkrai|100/100
|
|upkeep
|turn|5
|
|t:|1743885539
|switch|p2a: Heatran|Heatran, F|100/100
|move|p1a: Muk|Poison Fang|p2a: Heatran
|-immune|p2a: Heatran
|
|upkeep
|turn|6
|
|t:|1743885548
|switch|p2a: Zapdos|Zapdos|100/100
|move|p1a: Muk|Knock Off|p2a: Zapdos
|-damage|p2a: Zapdos|77/100
|-status|p2a: Zapdos|psn|[from] ability: Poison Touch|[of] p1a: Muk
|-enditem|p2a: Zapdos|Heavy-Duty Boots|[from] move: Knock Off|[of] p1a: Muk
|
|-damage|p2a: Zapdos|65/100 psn|[from] psn
|upkeep
|turn|7
|inactive|jxrx has 120 seconds left.
|
|t:|1743885590
|move|p2a: Zapdos|Discharge|p1a: Muk
|-damage|p1a: Muk|75/100
|move|p1a: Muk|Knock Off|p2a: Zapdos
|-damage|p2a: Zapdos|48/100 psn
|-status|p1a: Muk|par|[from] ability: Static|[of] p2a: Zapdos
|
|-damage|p2a: Zapdos|35/100 psn|[from] psn
|upkeep
|turn|8
|
|t:|1743885596
|switch|p1a: Magnezone|Magnezone|100/100
|-damage|p1a: Magnezone|94/100|[from] Stealth Rock
|move|p2a: Zapdos|Roost|p2a: Zapdos
|-heal|p2a: Zapdos|85/100 psn
|-singleturn|p2a: Zapdos|move: Roost
|
|-damage|p2a: Zapdos|73/100 psn|[from] psn
|upkeep
|turn|9
|inactive|jxrx has 120 seconds left.
|
|t:|1743885603
|move|p2a: Zapdos|U-turn|p1a: Magnezone
|-resisted|p1a: Magnezone
|-damage|p1a: Magnezone|88/100
|
|t:|1743885606
|switch|p2a: Heatran|Heatran, F|100/100|[from] U-turn
|move|p1a: Magnezone|Volt Switch|p2a: Heatran
|-damage|p2a: Heatran|65/100
|
|t:|1743885610
|switch|p1a: Great Tusk|Great Tusk|100/100|[from] Volt Switch
|
|-heal|p2a: Heatran|71/100|[from] item: Leftovers
|upkeep
|turn|10
|
|t:|1743885618
|-end|p1a: Great Tusk|Protosynthesis|[silent]
|switch|p1a: Magnezone|Magnezone|88/100
|-damage|p1a: Magnezone|82/100|[from] Stealth Rock
|switch|p2a: Zapdos|Zapdos|73/100 psn
|
|-damage|p2a: Zapdos|60/100 psn|[from] psn
|upkeep
|turn|11
|
|t:|1743885628
|switch|p1a: Altaria|Altaria, F, shiny|78/100
|-damage|p1a: Altaria|53/100|[from] Stealth Rock
|move|p2a: Zapdos|Roost|p2a: Zapdos
|-heal|p2a: Zapdos|100/100 psn
|-singleturn|p2a: Zapdos|move: Roost
|
|-damage|p2a: Zapdos|88/100 psn|[from] psn
|upkeep
|turn|12
|
|t:|1743885638
|move|p2a: Zapdos|U-turn|p1a: Altaria
|-resisted|p1a: Altaria
|-damage|p1a: Altaria|47/100
|
|t:|1743885641
|switch|p2a: Darkrai|Darkrai|100/100|[from] U-turn
|move|p1a: Altaria|Roost|p1a: Altaria
|-heal|p1a: Altaria|97/100
|-singleturn|p1a: Altaria|move: Roost
|
|upkeep
|turn|13
|inactive|jxrx has 120 seconds left.
|
|t:|1743885679
|move|p2a: Darkrai|Knock Off|p1a: Altaria
|-damage|p1a: Altaria|75/100
|-enditem|p1a: Altaria|Wide Lens|[from] move: Knock Off|[of] p2a: Darkrai
|move|p1a: Altaria|Fire Spin|p2a: Darkrai|[miss]
|-miss|p1a: Altaria|p2a: Darkrai
|
|upkeep
|turn|14
|
|t:|1743885698
|move|p2a: Darkrai|Ice Beam|p1a: Altaria
|-supereffective|p1a: Altaria
|-damage|p1a: Altaria|0 fnt
|faint|p1a: Altaria
|
|upkeep
|inactive|jxrx has 120 seconds left.
|
|t:|1743885712
|switch|p1a: Muk|Muk-Alola, F|75/100 par
|-damage|p1a: Muk|63/100 par|[from] Stealth Rock
|turn|15
|
|t:|1743885722
|switch|p2a: Zapdos|Zapdos|88/100 psn
|move|p1a: Muk|Drain Punch|p2a: Zapdos
|-resisted|p2a: Zapdos
|-damage|p2a: Zapdos|82/100 psn
|-heal|p1a: Muk|66/100 par|[from] drain|[of] p2a: Zapdos
|
|-damage|p2a: Zapdos|69/100 psn|[from] psn
|upkeep
|turn|16
|
|t:|1743885737
|switch|p1a: Great Tusk|Great Tusk|100/100
|move|p2a: Zapdos|Hurricane|p1a: Great Tusk|[miss]
|-miss|p2a: Zapdos|p1a: Great Tusk
|
|-damage|p2a: Zapdos|57/100 psn|[from] psn
|upkeep
|turn|17
|
|t:|1743885744
|move|p1a: Great Tusk|Stealth Rock|p2a: Zapdos
|-sidestart|p2: quolius|move: Stealth Rock
|move|p2a: Zapdos|Roost|p2a: Zapdos
|-heal|p2a: Zapdos|100/100 psn
|-singleturn|p2a: Zapdos|move: Roost
|
|-damage|p2a: Zapdos|88/100 psn|[from] psn
|upkeep
|turn|18
|
|t:|1743885757
|move|p1a: Great Tusk|Ice Spinner|p2a: Zapdos
|-supereffective|p2a: Zapdos
|-damage|p2a: Zapdos|51/100 psn
|move|p2a: Zapdos|Hurricane|p1a: Great Tusk
|-supereffective|p1a: Great Tusk
|-damage|p1a: Great Tusk|0 fnt
|faint|p1a: Great Tusk
|-end|p1a: Great Tusk|Protosynthesis|[silent]
|
|-damage|p2a: Zapdos|39/100 psn|[from] psn
|upkeep
|
|t:|1743885764
|switch|p1a: Dragapult|Dragapult, M|100/100
|-damage|p1a: Dragapult|88/100|[from] Stealth Rock
|turn|19
|
|t:|1743885768
|switch|p2a: Corviknight|Corviknight, M|100/100
|-damage|p2a: Corviknight|88/100|[from] Stealth Rock
|-ability|p2a: Corviknight|Pressure
|move|p1a: Dragapult|Dragon Darts|p2a: Corviknight
|-resisted|p2a: Corviknight
|-damage|p2a: Corviknight|78/100
|-anim|p1a: Dragapult|Dragon Darts|p2a: Corviknight
|-resisted|p2a: Corviknight
|-damage|p2a: Corviknight|68/100
|
|-heal|p1a: Dragapult|94/100|[from] item: Leftovers
|-heal|p2a: Corviknight|74/100|[from] item: Leftovers
|upkeep
|turn|20
|
|t:|1743885773
|switch|p1a: Magnezone|Magnezone|82/100
|-damage|p1a: Magnezone|76/100|[from] Stealth Rock
|move|p2a: Corviknight|U-turn|p1a: Magnezone
|-resisted|p1a: Magnezone
|-damage|p1a: Magnezone|69/100
|
|t:|1743885787
|switch|p2a: Great Tusk|Great Tusk|100/100|[from] U-turn
|-damage|p2a: Great Tusk|98/100|[from] Stealth Rock
|-enditem|p2a: Great Tusk|Booster Energy
|-activate|p2a: Great Tusk|ability: Protosynthesis|[fromitem]
|-start|p2a: Great Tusk|protosynthesisatk
|
|upkeep
|turn|21
|
|t:|1743885814
|switch|p1a: Vileplume|Vileplume, M|100/100
|-damage|p1a: Vileplume|88/100|[from] Stealth Rock
|move|p2a: Great Tusk|Rapid Spin|p1a: Vileplume
|-damage|p1a: Vileplume|70/100
|-boost|p2a: Great Tusk|spe|1
|-damage|p2a: Great Tusk|81/100|[from] item: Rocky Helmet|[of] p1a: Vileplume
|-sideend|p2: quolius|Stealth Rock|[from] move: Rapid Spin|[of] p2a: Great Tusk
|
|upkeep
|turn|22
|
|t:|1743885821
|move|p2a: Great Tusk|Ice Spinner|p1a: Vileplume
|-supereffective|p1a: Vileplume
|-damage|p1a: Vileplume|13/100
|-damage|p2a: Great Tusk|65/100|[from] item: Rocky Helmet|[of] p1a: Vileplume
|-status|p2a: Great Tusk|psn|[from] ability: Effect Spore|[of] p1a: Vileplume
|move|p1a: Vileplume|Giga Drain|p2a: Great Tusk
|-supereffective|p2a: Great Tusk
|-damage|p2a: Great Tusk|0 fnt
|-heal|p1a: Vileplume|47/100|[from] drain|[of] p2a: Great Tusk
|faint|p2a: Great Tusk
|-end|p2a: Great Tusk|Protosynthesis|[silent]
|
|upkeep
|
|t:|1743885829
|switch|p2a: Darkrai|Darkrai|100/100
|turn|23
|
|t:|1743885832
|switch|p1a: Muk|Muk-Alola, F|66/100 par
|-damage|p1a: Muk|53/100 par|[from] Stealth Rock
|move|p2a: Darkrai|Ice Beam|p1a: Muk
|-damage|p1a: Muk|42/100 par
|
|upkeep
|turn|24
|
|t:|1743885840
|switch|p2a: Zapdos|Zapdos|39/100 psn
|move|p1a: Muk|Poison Fang|p2a: Zapdos
|-crit|p2a: Zapdos
|-damage|p2a: Zapdos|17/100 psn
|
|-damage|p2a: Zapdos|5/100 psn|[from] psn
|upkeep
|turn|25
|
|t:|1743885846
|move|p1a: Muk|Shadow Sneak|p2a: Zapdos
|-damage|p2a: Zapdos|0 fnt
|faint|p2a: Zapdos
|
|upkeep
|
|t:|1743885858
|switch|p2a: Iron Valiant|Iron Valiant|100/100
|-enditem|p2a: Iron Valiant|Booster Energy
|-activate|p2a: Iron Valiant|ability: Quark Drive|[fromitem]
|-start|p2a: Iron Valiant|quarkdrivespe
|turn|26
|
|t:|1743885860
|move|p2a: Iron Valiant|Close Combat|p1a: Muk
|-damage|p1a: Muk|0 fnt
|-unboost|p2a: Iron Valiant|def|1
|-unboost|p2a: Iron Valiant|spd|1
|faint|p1a: Muk
|
|upkeep
|
|t:|1743885863
|switch|p1a: Vileplume|Vileplume, M|47/100
|-damage|p1a: Vileplume|34/100|[from] Stealth Rock
|turn|27
|
|t:|1743885867
|move|p2a: Iron Valiant|Knock Off|p1a: Vileplume
|-damage|p1a: Vileplume|8/100
|-damage|p2a: Iron Valiant|84/100|[from] item: Rocky Helmet|[of] p1a: Vileplume
|-enditem|p1a: Vileplume|Rocky Helmet|[from] move: Knock Off|[of] p2a: Iron Valiant
|move|p1a: Vileplume|Strength Sap|p2a: Iron Valiant
|-unboost|p2a: Iron Valiant|atk|1
|-heal|p1a: Vileplume|100/100
|
|upkeep
|turn|28
|
|t:|1743885870
|move|p2a: Iron Valiant|Encore|p1a: Vileplume
|-start|p1a: Vileplume|Encore
|move|p1a: Vileplume|Strength Sap|p2a: Iron Valiant
|-unboost|p2a: Iron Valiant|atk|1
|
|upkeep
|turn|29
|
|t:|1743885880
|-end|p2a: Iron Valiant|Quark Drive|[silent]
|switch|p2a: Heatran|Heatran, F|71/100
|switch|p1a: Magnezone|Magnezone|69/100
|-damage|p1a: Magnezone|63/100|[from] Stealth Rock
|
|-heal|p2a: Heatran|78/100|[from] item: Leftovers
|upkeep
|turn|30
|
|t:|1743885885
|move|p1a: Magnezone|Volt Switch|p2a: Heatran
|-damage|p2a: Heatran|39/100
|
|t:|1743885888
|switch|p1a: Dragapult|Dragapult, M|94/100|[from] Volt Switch
|-damage|p1a: Dragapult|82/100|[from] Stealth Rock
|move|p2a: Heatran|Earth Power|p1a: Dragapult
|-damage|p1a: Dragapult|45/100
|
|-heal|p1a: Dragapult|51/100|[from] item: Leftovers
|-heal|p2a: Heatran|45/100|[from] item: Leftovers
|upkeep
|turn|31
|
|t:|1743885897
|switch|p2a: Corviknight|Corviknight, M|74/100
|-ability|p2a: Corviknight|Pressure
|move|p1a: Dragapult|Substitute|p1a: Dragapult
|-start|p1a: Dragapult|Substitute
|-damage|p1a: Dragapult|26/100
|
|-heal|p1a: Dragapult|32/100|[from] item: Leftovers
|-heal|p2a: Corviknight|80/100|[from] item: Leftovers
|upkeep
|turn|32
|
|t:|1743885900
|move|p1a: Dragapult|Dragon Dance|p1a: Dragapult
|-boost|p1a: Dragapult|atk|1
|-boost|p1a: Dragapult|spe|1
|move|p2a: Corviknight|Brave Bird|p1a: Dragapult
|-crit|p1a: Dragapult
|-end|p1a: Dragapult|Substitute
|-damage|p2a: Corviknight|74/100|[from] Recoil|[of] p1a: Dragapult
|
|-heal|p1a: Dragapult|38/100|[from] item: Leftovers
|-heal|p2a: Corviknight|80/100|[from] item: Leftovers
|upkeep
|turn|33
|
|t:|1743885905
|move|p1a: Dragapult|Substitute|p1a: Dragapult
|-start|p1a: Dragapult|Substitute
|-damage|p1a: Dragapult|13/100
|move|p2a: Corviknight|Brave Bird|p1a: Dragapult
|-end|p1a: Dragapult|Substitute
|-damage|p2a: Corviknight|73/100|[from] Recoil|[of] p1a: Dragapult
|
|-heal|p1a: Dragapult|19/100|[from] item: Leftovers
|-heal|p2a: Corviknight|80/100|[from] item: Leftovers
|upkeep
|turn|34
|
|t:|1743885910
|switch|p1a: Magnezone|Magnezone|63/100
|-damage|p1a: Magnezone|57/100|[from] Stealth Rock
|move|p2a: Corviknight|Brave Bird|p1a: Magnezone
|-resisted|p1a: Magnezone
|-damage|p1a: Magnezone|48/100
|-damage|p2a: Corviknight|77/100|[from] Recoil
|
|-heal|p2a: Corviknight|84/100|[from] item: Leftovers
|upkeep
|turn|35
|
|t:|1743885922
|move|p1a: Magnezone|Volt Switch|p2a: Corviknight
|-supereffective|p2a: Corviknight
|-damage|p2a: Corviknight|0 fnt
|faint|p2a: Corviknight
|
|t:|1743885927
|switch|p1a: Dragapult|Dragapult, M|19/100|[from] Volt Switch
|-damage|p1a: Dragapult|7/100|[from] Stealth Rock
|
|-heal|p1a: Dragapult|13/100|[from] item: Leftovers
|upkeep
|
|t:|1743885943
|switch|p2a: Iron Valiant|Iron Valiant|84/100
|turn|36
|
|t:|1743885946
|switch|p1a: Vileplume|Vileplume, M|100/100
|-damage|p1a: Vileplume|88/100|[from] Stealth Rock
|-terastallize|p2a: Iron Valiant|Dark
|move|p2a: Iron Valiant|Knock Off|p1a: Vileplume
|-damage|p1a: Vileplume|61/100
|
|upkeep
|turn|37
|
|t:|1743885952
|-end|p2a: Iron Valiant|Quark Drive|[silent]
|switch|p2a: Heatran|Heatran, F|45/100
|move|p1a: Vileplume|Leech Seed|p2a: Heatran
|-start|p2a: Heatran|move: Leech Seed
|
|-heal|p2a: Heatran|51/100|[from] item: Leftovers
|-damage|p2a: Heatran|39/100|[from] Leech Seed|[of] p1a: Vileplume
|-heal|p1a: Vileplume|74/100|[silent]
|upkeep
|turn|38
|
|t:|1743885958
|switch|p1a: Magnezone|Magnezone|48/100
|-damage|p1a: Magnezone|42/100|[from] Stealth Rock
|move|p2a: Heatran|Lava Plume|p1a: Magnezone
|-supereffective|p1a: Magnezone
|-damage|p1a: Magnezone|0 fnt
|faint|p1a: Magnezone
|
|-heal|p2a: Heatran|45/100|[from] item: Leftovers
|upkeep
|
|t:|1743885963
|switch|p1a: Dragapult|Dragapult, M|13/100
|-damage|p1a: Dragapult|0 fnt|[from] Stealth Rock
|faint|p1a: Dragapult
|
|t:|1743885966
|switch|p1a: Vileplume|Vileplume, M|74/100
|-damage|p1a: Vileplume|62/100|[from] Stealth Rock
|turn|39
|
|t:|1743885970
|-terastallize|p1a: Vileplume|Water
|move|p2a: Heatran|Lava Plume|p1a: Vileplume
|-resisted|p1a: Vileplume
|-damage|p1a: Vileplume|44/100
|move|p1a: Vileplume|Giga Drain|p2a: Heatran
|-resisted|p2a: Heatran
|-damage|p2a: Heatran|40/100
|-heal|p1a: Vileplume|47/100|[from] drain|[of] p2a: Heatran
|
|-heal|p2a: Heatran|47/100|[from] item: Leftovers
|-damage|p2a: Heatran|34/100|[from] Leech Seed|[of] p1a: Vileplume
|-heal|p1a: Vileplume|60/100|[silent]
|upkeep
|turn|40
|
|t:|1743885978
|move|p2a: Heatran|Lava Plume|p1a: Vileplume
|-resisted|p1a: Vileplume
|-damage|p1a: Vileplume|41/100
|-status|p1a: Vileplume|brn
|move|p1a: Vileplume|Strength Sap|p2a: Heatran
|-unboost|p2a: Heatran|atk|1
|-heal|p1a: Vileplume|88/100 brn
|
|-heal|p2a: Heatran|40/100|[from] item: Leftovers
|-damage|p2a: Heatran|28/100|[from] Leech Seed|[of] p1a: Vileplume
|-heal|p1a: Vileplume|100/100 brn|[silent]
|-damage|p1a: Vileplume|94/100 brn|[from] brn
|upkeep
|turn|41
|
|t:|1743885986
|switch|p2a: Darkrai|Darkrai|100/100
|move|p1a: Vileplume|Giga Drain|p2a: Darkrai
|-damage|p2a: Darkrai|68/100
|-heal|p1a: Vileplume|100/100 brn|[from] drain|[of] p2a: Darkrai
|
|-damage|p1a: Vileplume|94/100 brn|[from] brn
|upkeep
|turn|42
|
|t:|1743885992
|move|p2a: Darkrai|Dark Pulse|p1a: Vileplume
|-damage|p1a: Vileplume|56/100 brn
|move|p1a: Vileplume|Leech Seed|p2a: Darkrai
|-start|p2a: Darkrai|move: Leech Seed
|
|-damage|p2a: Darkrai|56/100|[from] Leech Seed|[of] p1a: Vileplume
|-heal|p1a: Vileplume|68/100 brn|[silent]
|-damage|p1a: Vileplume|62/100 brn|[from] brn
|upkeep
|turn|43
|
|t:|1743885996
|move|p2a: Darkrai|Dark Pulse|p1a: Vileplume
|-damage|p1a: Vileplume|23/100 brn
|move|p1a: Vileplume|Giga Drain|p2a: Darkrai
|-damage|p2a: Darkrai|28/100
|-heal|p1a: Vileplume|36/100 brn|[from] drain|[of] p2a: Darkrai
|
|-damage|p2a: Darkrai|15/100|[from] Leech Seed|[of] p1a: Vileplume
|-heal|p1a: Vileplume|48/100 brn|[silent]
|-damage|p1a: Vileplume|42/100 brn|[from] brn
|upkeep
|turn|44
|
|t:|1743886000
|switch|p2a: Iron Valiant|Iron Valiant, tera:Dark|84/100
|move|p1a: Vileplume|Strength Sap|p2a: Iron Valiant
|-unboost|p2a: Iron Valiant|atk|1
|-heal|p1a: Vileplume|100/100 brn
|
|-damage|p1a: Vileplume|94/100 brn|[from] brn
|upkeep
|turn|45
|
|t:|1743886003
|move|p2a: Iron Valiant|Encore|p1a: Vileplume
|-start|p1a: Vileplume|Encore
|move|p1a: Vileplume|Strength Sap|p2a: Iron Valiant
|-unboost|p2a: Iron Valiant|atk|1
|-heal|p1a: Vileplume|100/100 brn
|
|-damage|p1a: Vileplume|94/100 brn|[from] brn
|upkeep
|turn|46
|
|t:|1743886006
|move|p2a: Iron Valiant|Close Combat|p1a: Vileplume
|-damage|p1a: Vileplume|69/100 brn
|-unboost|p2a: Iron Valiant|def|1
|-unboost|p2a: Iron Valiant|spd|1
|move|p1a: Vileplume|Strength Sap|p2a: Iron Valiant
|-unboost|p2a: Iron Valiant|atk|1
|-heal|p1a: Vileplume|100/100 brn
|
|-damage|p1a: Vileplume|94/100 brn|[from] brn
|upkeep
|turn|47
|
|t:|1743886009
|move|p2a: Iron Valiant|Close Combat|p1a: Vileplume
|-damage|p1a: Vileplume|74/100 brn
|-unboost|p2a: Iron Valiant|def|1
|-unboost|p2a: Iron Valiant|spd|1
|move|p1a: Vileplume|Strength Sap|p2a: Iron Valiant
|-unboost|p2a: Iron Valiant|atk|1
|-heal|p1a: Vileplume|100/100 brn
|
|-damage|p1a: Vileplume|94/100 brn|[from] brn
|-end|p1a: Vileplume|Encore
|upkeep
|turn|48
|
|t:|1743886014
|move|p2a: Iron Valiant|Encore|p1a: Vileplume
|-start|p1a: Vileplume|Encore
|move|p1a: Vileplume|Strength Sap|p2a: Iron Valiant
|-unboost|p2a: Iron Valiant|atk|1
|-heal|p1a: Vileplume|100/100 brn
|
|-damage|p1a: Vileplume|94/100 brn|[from] brn
|upkeep
|turn|49
|
|t:|1743886017
|move|p2a: Iron Valiant|Knock Off|p1a: Vileplume
|-crit|p1a: Vileplume
|-damage|p1a: Vileplume|54/100 brn
|move|p1a: Vileplume|Strength Sap|p2a: Iron Valiant
|-unboost|p2a: Iron Valiant|atk|1
|-heal|p1a: Vileplume|82/100 brn
|
|-damage|p1a: Vileplume|76/100 brn|[from] brn
|upkeep
|turn|50
|
|t:|1743886019
|move|p2a: Iron Valiant|Knock Off|p1a: Vileplume
|-crit|p1a: Vileplume
|-damage|p1a: Vileplume|35/100 brn
|move|p1a: Vileplume|Strength Sap||[still]
|-fail|p1a: Vileplume
|
|-damage|p1a: Vileplume|28/100 brn|[from] brn
|-end|p1a: Vileplume|Encore
|upkeep
|turn|51
|
|t:|1743886023
|move|p2a: Iron Valiant|Encore|p1a: Vileplume
|-start|p1a: Vileplume|Encore
|move|p1a: Vileplume|Strength Sap||[still]
|-fail|p1a: Vileplume
|
|-damage|p1a: Vileplume|22/100 brn|[from] brn
|upkeep
|turn|52
|
|t:|1743886025
|move|p2a: Iron Valiant|Moonblast|p1a: Vileplume
|-damage|p1a: Vileplume|0 fnt
|faint|p1a: Vileplume
|
|win|quolius
|raw|jxrx's rating: 1285 &rarr; <strong>1264</strong><br />(-21 for losing)
|raw|quolius's rating: 1338 &rarr; <strong>1355</strong><br />(+17 for winning)
|l|☆jxrx
|player|p1|
|l|☆quolius
|player|p2|
