|j|☆yutube-ghostlyenvy
|j|‽jsdkaasdads
|t:|1743910684
|gametype|singles
|player|p1|yutube-ghostlyenvy|interviewers|1000
|player|p2|jsdkaasdads|265|1000
|teamsize|p1|6
|teamsize|p2|6
|gen|9
|tier|[Gen 9] OU
|rated|
|rule|HP Percentage Mod: HP is shown in percentages
|rule|Endless Battle Clause: Forcing endless battles is banned
|rule|Species Clause: Limit one of each Pokémon
|rule|OHKO Clause: OHKO moves are banned
|rule|Evasion Items Clause: Evasion items are banned
|rule|Evasion Moves Clause: Evasion moves are banned
|rule|Sleep Moves Clause: Sleep-inducing moves are banned
|clearpoke
|poke|p1|Sandy Shocks|
|poke|p1|Araquanid, M|
|poke|p1|Blastoise, M|
|poke|p1|Zapdos-Galar|
|poke|p1|Tinkaton, F|
|poke|p1|Moltres|
|poke|p2|Pelipper, M|
|poke|p2|Basculegion, M|
|poke|p2|Kilowattrel, M|
|poke|p2|Corviknight, M|
|poke|p2|Kingdra, M|
|poke|p2|Scizor, F|
|teampreview
|inactive|Battle timer is ON: inactive players will automatically lose when time's up. (requested by jsdkaasdads)
|
|t:|1743910705
|start
|switch|p1a: Blastoise|Blastoise, M|100/100
|switch|p2a: Basculegion|Basculegion, M|100/100
|turn|1
|
|t:|1743910713
|-terastallize|p2a: Basculegion|Water
|move|p2a: Basculegion|Wave Crash|p1a: Blastoise
|-resisted|p1a: Blastoise
|-damage|p1a: Blastoise|45/100
|-damage|p2a: Basculegion|83/100|[from] Recoil
|move|p1a: Blastoise|Dark Pulse|p2a: Basculegion
|-damage|p2a: Basculegion|60/100
|
|upkeep
|turn|2
|
|t:|1743910732
|move|p2a: Basculegion|Wave Crash|p1a: Blastoise
|-resisted|p1a: Blastoise
|-damage|p1a: Blastoise|0 fnt
|faint|p1a: Blastoise
|-damage|p2a: Basculegion|46/100|[from] Recoil
|
|upkeep
|
|t:|1743910741
|switch|p1a: Araquanid|Araquanid, M, shiny|100/100
|turn|3
|
|t:|1743910749
|switch|p2a: Pelipper|Pelipper, M, shiny|100/100
|-weather|RainDance|[from] ability: Drizzle|[of] p2a: Pelipper
|move|p1a: Araquanid|Sticky Web|p2a: Pelipper
|-sidestart|p2: jsdkaasdads|move: Sticky Web
|
|-weather|RainDance|[upkeep]
|upkeep
|turn|4
|
|t:|1743910766
|switch|p1a: Tinkaton|Tinkaton, F|100/100
|-ability|p1a: Tinkaton|Mold Breaker
|move|p2a: Pelipper|Hurricane|p1a: Tinkaton
|-resisted|p1a: Tinkaton
|-damage|p1a: Tinkaton|84/100
|-start|p1a: Tinkaton|confusion
|-enditem|p1a: Tinkaton|Red Card|[of] p2a: Pelipper
|drag|p2a: Kingdra|Kingdra, M|100/100
|-activate|p2a: Kingdra|move: Sticky Web
|-unboost|p2a: Kingdra|spe|1
|
|-weather|RainDance|[upkeep]
|upkeep
|turn|5
|
|t:|1743910780
|move|p2a: Kingdra|Flip Turn|p1a: Tinkaton
|-damage|p1a: Tinkaton|55/100
|
|t:|1743910783
|switch|p2a: Corviknight|Corviknight, M|100/100|[from] Flip Turn
|-activate|p1a: Tinkaton|confusion
|move|p1a: Tinkaton|Thunder Wave|p2a: Corviknight|[miss]
|-miss|p1a: Tinkaton|p2a: Corviknight
|
|-weather|RainDance|[upkeep]
|upkeep
|turn|6
|
|t:|1743910790
|-end|p1a: Tinkaton|confusion
|move|p1a: Tinkaton|Thunder Wave|p2a: Corviknight
|-status|p2a: Corviknight|par
|move|p2a: Corviknight|Defog|p1a: Tinkaton
|-unboost|p1a: Tinkaton|evasion|1
|-sideend|p2: jsdkaasdads|Sticky Web|[from] move: Defog|[of] p2a: Corviknight
|
|-weather|RainDance|[upkeep]
|upkeep
|turn|7
|
|t:|1743910799
|move|p1a: Tinkaton|Encore|p2a: Corviknight
|-start|p2a: Corviknight|Encore
|cant|p2a: Corviknight|par
|
|-weather|RainDance|[upkeep]
|upkeep
|turn|8
|
|t:|1743910807
|switch|p1a: Sandy Shocks|Sandy Shocks|100/100
|switch|p2a: Scizor|Scizor, F|100/100
|
|-weather|RainDance|[upkeep]
|upkeep
|turn|9
|
|t:|1743910816
|move|p1a: Sandy Shocks|Sunny Day|p1a: Sandy Shocks
|-weather|SunnyDay
|-activate|p1a: Sandy Shocks|ability: Protosynthesis
|-start|p1a: Sandy Shocks|protosynthesisspe
|move|p2a: Scizor|Swords Dance|p2a: Scizor
|-boost|p2a: Scizor|atk|2
|
|-weather|SunnyDay|[upkeep]
|upkeep
|turn|10
|
|t:|1743910840
|move|p1a: Sandy Shocks|Discharge|p2a: Scizor
|-damage|p2a: Scizor|47/100
|-status|p2a: Scizor|par
|-enditem|p2a: Scizor|Sitrus Berry|[eat]
|-heal|p2a: Scizor|72/100 par|[from] item: Sitrus Berry
|cant|p2a: Scizor|par
|
|-weather|SunnyDay|[upkeep]
|upkeep
|turn|11
|
|t:|1743910849
|move|p1a: Sandy Shocks|Earth Power|p2a: Scizor
|-damage|p2a: Scizor|15/100 par
|cant|p2a: Scizor|par
|
|-weather|SunnyDay|[upkeep]
|upkeep
|turn|12
|
|t:|1743910856
|move|p1a: Sandy Shocks|Discharge|p2a: Scizor
|-damage|p2a: Scizor|0 fnt
|faint|p2a: Scizor
|
|-weather|SunnyDay|[upkeep]
|upkeep
|
|t:|1743910862
|switch|p2a: Pelipper|Pelipper, M, shiny|100/100
|-weather|RainDance|[from] ability: Drizzle|[of] p2a: Pelipper
|-end|p1a: Sandy Shocks|Protosynthesis
|turn|13
|
|t:|1743910868
|switch|p2a: Kilowattrel|Kilowattrel, M|100/100
|move|p1a: Sandy Shocks|Sunny Day|p1a: Sandy Shocks
|-weather|SunnyDay
|-activate|p1a: Sandy Shocks|ability: Protosynthesis
|-start|p1a: Sandy Shocks|protosynthesisspe
|
|-weather|SunnyDay|[upkeep]
|upkeep
|turn|14
|
|t:|1743910876
|-terastallize|p1a: Sandy Shocks|Ice
|move|p1a: Sandy Shocks|Tera Blast|p2a: Kilowattrel|[anim] Tera Blast Ice
|-supereffective|p2a: Kilowattrel
|-damage|p2a: Kilowattrel|0 fnt
|faint|p2a: Kilowattrel
|
|-weather|SunnyDay|[upkeep]
|upkeep
|
|t:|1743910882
|switch|p2a: Pelipper|Pelipper, M, shiny|100/100
|-weather|RainDance|[from] ability: Drizzle|[of] p2a: Pelipper
|-end|p1a: Sandy Shocks|Protosynthesis
|turn|15
|
|t:|1743910898
|move|p1a: Sandy Shocks|Sunny Day|p1a: Sandy Shocks
|-weather|SunnyDay
|-activate|p1a: Sandy Shocks|ability: Protosynthesis
|-start|p1a: Sandy Shocks|protosynthesisspe
|move|p2a: Pelipper|U-turn|p1a: Sandy Shocks
|-damage|p1a: Sandy Shocks|90/100
|
|t:|1743910902
|switch|p2a: Corviknight|Corviknight, M|100/100 par|[from] U-turn
|
|-weather|SunnyDay|[upkeep]
|upkeep
|turn|16
|
|t:|1743910907
|move|p1a: Sandy Shocks|Discharge|p2a: Corviknight
|-supereffective|p2a: Corviknight
|-damage|p2a: Corviknight|28/100 par
|move|p2a: Corviknight|Body Press|p1a: Sandy Shocks
|-supereffective|p1a: Sandy Shocks
|-damage|p1a: Sandy Shocks|36/100
|-enditem|p1a: Sandy Shocks|Weakness Policy
|-boost|p1a: Sandy Shocks|atk|2|[from] item: Weakness Policy
|-boost|p1a: Sandy Shocks|spa|2|[from] item: Weakness Policy
|
|-weather|SunnyDay|[upkeep]
|-heal|p2a: Corviknight|34/100 par|[from] item: Leftovers
|upkeep
|turn|17
|
|t:|1743910921
|move|p1a: Sandy Shocks|Discharge|p2a: Corviknight
|-supereffective|p2a: Corviknight
|-damage|p2a: Corviknight|0 fnt
|faint|p2a: Corviknight
|
|-weather|SunnyDay|[upkeep]
|upkeep
|-message|jsdkaasdads forfeited.
|
|win|yutube-ghostlyenvy
|raw|yutube-ghostlyenvy's rating: 1000 &rarr; <strong>1040</strong><br />(+40 for winning)
|raw|jsdkaasdads's rating: 1000 &rarr; <strong>1000</strong><br />(+0 for losing)
|l|‽jsdkaasdads
|player|p2|
