|j|☆MiamiFrauds
|j|☆sleepdeprevation
|t:|1743888447
|gametype|singles
|player|p1|MiamiFrauds|102|1652
|player|p2|sleepdeprevation|ruinmaniac|1700
|teamsize|p1|6
|teamsize|p2|6
|gen|9
|tier|[Gen 9] OU
|rated|
|rule|HP Percentage Mod: HP is shown in percentages
|rule|Endless Battle Clause: Forcing endless battles is banned
|rule|Species Clause: Limit one of each Pokémon
|rule|OHKO Clause: OHKO moves are banned
|rule|Evasion Items Clause: Evasion items are banned
|rule|Evasion Moves Clause: Evasion moves are banned
|rule|Sleep Moves Clause: Sleep-inducing moves are banned
|clearpoke
|poke|p1|Kingambit, M|
|poke|p1|Enamorus, F|
|poke|p1|Araquanid, M|
|poke|p1|Great Tusk|
|poke|p1|Gholdengo|
|poke|p1|Ogerpon-Wellspring, F|
|poke|p2|Zamazenta-*|
|poke|p2|Landorus-Therian, M|
|poke|p2|Iron Valiant|
|poke|p2|Iron Moth|
|poke|p2|Serperior, M|
|poke|p2|Armarouge, F|
|teampreview
|inactive|Battle timer is ON: inactive players will automatically lose when time's up. (requested by MiamiFrauds)
|j| Just-JayPe
|
|t:|1743888464
|start
|switch|p1a: Enamorus|Enamorus, F|100/100
|switch|p2a: Iron Valiant|Iron Valiant|100/100
|-enditem|p2a: Iron Valiant|Booster Energy
|-activate|p2a: Iron Valiant|ability: Quark Drive|[fromitem]
|-start|p2a: Iron Valiant|quarkdrivespe
|turn|1
|
|t:|1743888469
|move|p2a: Iron Valiant|Thunderbolt|p1a: Enamorus
|-supereffective|p1a: Enamorus
|-damage|p1a: Enamorus|22/100
|move|p1a: Enamorus|Moonblast|p2a: Iron Valiant
|-supereffective|p2a: Iron Valiant
|-damage|p2a: Iron Valiant|0 fnt
|faint|p2a: Iron Valiant
|-end|p2a: Iron Valiant|Quark Drive|[silent]
|
|upkeep
|
|t:|1743888475
|switch|p2a: Iron Moth|Iron Moth|100/100
|-enditem|p2a: Iron Moth|Booster Energy
|-activate|p2a: Iron Moth|ability: Quark Drive|[fromitem]
|-start|p2a: Iron Moth|quarkdrivespe
|turn|2
|
|t:|1743888479
|switch|p1a: Araquanid|Araquanid, M|100/100
|move|p2a: Iron Moth|Toxic Spikes|p1a: Araquanid
|-sidestart|p1: MiamiFrauds|move: Toxic Spikes
|
|upkeep
|turn|3
|
|t:|1743888484
|move|p2a: Iron Moth|Toxic Spikes|p1a: Araquanid
|-sidestart|p1: MiamiFrauds|move: Toxic Spikes
|move|p1a: Araquanid|Surf|p2a: Iron Moth
|-supereffective|p2a: Iron Moth
|-damage|p2a: Iron Moth|0 fnt
|faint|p2a: Iron Moth
|-end|p2a: Iron Moth|Quark Drive|[silent]
|
|upkeep
|
|t:|1743888493
|switch|p2a: Serperior|Serperior, M|100/100
|turn|4
|
|t:|1743888498
|switch|p1a: Gholdengo|Gholdengo|100/100
|move|p2a: Serperior|Leaf Storm|p1a: Gholdengo
|-resisted|p1a: Gholdengo
|-damage|p1a: Gholdengo|72/100
|-boost|p2a: Serperior|spa|2
|
|upkeep
|turn|5
|
|t:|1743888505
|switch|p2a: Armarouge|Armarouge, F|100/100
|move|p1a: Gholdengo|Shadow Ball|p2a: Armarouge
|-supereffective|p2a: Armarouge
|-enditem|p2a: Armarouge|Focus Sash
|-damage|p2a: Armarouge|1/100
|
|upkeep
|turn|6
|
|t:|1743888514
|switch|p2a: Zama-magenta|Zamazenta, shiny|100/100
|-ability|p2a: Zama-magenta|Dauntless Shield|boost
|-boost|p2a: Zama-magenta|def|1
|move|p1a: Gholdengo|Shadow Ball|p2a: Zama-magenta
|-damage|p2a: Zama-magenta|66/100
|-unboost|p2a: Zama-magenta|spd|1
|
|-heal|p2a: Zama-magenta|72/100|[from] item: Leftovers
|upkeep
|turn|7
|
|t:|1743888521
|move|p1a: Gholdengo|Shadow Ball|p2a: Zama-magenta
|-damage|p2a: Zama-magenta|26/100
|move|p2a: Zama-magenta|Crunch|p1a: Gholdengo
|-supereffective|p1a: Gholdengo
|-damage|p1a: Gholdengo|26/100
|
|-heal|p2a: Zama-magenta|32/100|[from] item: Leftovers
|upkeep
|turn|8
|j| turquoiselink
|
|t:|1743888527
|switch|p2a: Armarouge|Armarouge, F|1/100
|move|p1a: Gholdengo|Shadow Ball|p2a: Armarouge
|-supereffective|p2a: Armarouge
|-damage|p2a: Armarouge|0 fnt
|faint|p2a: Armarouge
|
|upkeep
|
|t:|1743888529
|switch|p2a: Landorus|Landorus-Therian, M|100/100
|-ability|p2a: Landorus|Intimidate|boost
|-unboost|p1a: Gholdengo|atk|1
|turn|9
|
|t:|1743888538
|switch|p1a: Araquanid|Araquanid, M|100/100
|-status|p1a: Araquanid|tox
|move|p2a: Landorus|Earthquake|p1a: Araquanid
|-resisted|p1a: Araquanid
|-damage|p1a: Araquanid|77/100 tox
|
|-damage|p1a: Araquanid|70/100 tox|[from] psn
|upkeep
|turn|10
|
|t:|1743888552
|move|p2a: Landorus|Stealth Rock|p1a: Araquanid
|-sidestart|p1: MiamiFrauds|move: Stealth Rock
|move|p1a: Araquanid|Surf|p2a: Landorus
|-supereffective|p2a: Landorus
|-damage|p2a: Landorus|0 fnt
|faint|p2a: Landorus
|
|-damage|p1a: Araquanid|58/100 tox|[from] psn
|upkeep
|
|t:|1743888557
|switch|p2a: Serperior|Serperior, M|100/100
|turn|11
|
|t:|1743888561
|move|p2a: Serperior|Leaf Storm|p1a: Araquanid
|-damage|p1a: Araquanid|24/100 tox
|-boost|p2a: Serperior|spa|2
|move|p1a: Araquanid|Endeavor|p2a: Serperior
|-damage|p2a: Serperior|28/100
|
|-heal|p2a: Serperior|34/100|[from] item: Leftovers
|-damage|p1a: Araquanid|5/100 tox|[from] psn
|upkeep
|turn|12
|-enditem|p1a: Araquanid|Custap Berry|[eat]
|-activate|p1a: Araquanid|item: Custap Berry|[consumed]
|
|t:|1743888570
|move|p1a: Araquanid|Surf|p2a: Serperior
|-resisted|p2a: Serperior
|-damage|p2a: Serperior|0 fnt
|faint|p2a: Serperior
|
|-damage|p1a: Araquanid|0 fnt|[from] psn
|faint|p1a: Araquanid
|upkeep
|
|t:|1743888574
|switch|p2a: Zama-magenta|Zamazenta, shiny|32/100
|switch|p1a: Gholdengo|Gholdengo|26/100
|-damage|p1a: Gholdengo|20/100|[from] Stealth Rock
|turn|13
|
|t:|1743888580
|-terastallize|p2a: Zama-magenta|Fire
|move|p1a: Gholdengo|Shadow Ball|p2a: Zama-magenta
|-damage|p2a: Zama-magenta|0 fnt
|faint|p2a: Zama-magenta
|
|win|MiamiFrauds
|raw|MiamiFrauds's rating: 1652 &rarr; <strong>1675</strong><br />(+23 for winning)
|raw|sleepdeprevation's rating: 1700 &rarr; <strong>1677</strong><br />(-23 for losing)
|c|☆MiamiFrauds|gg
|l|☆sleepdeprevation
|player|p2|
|l| Just-JayPe
|l|☆MiamiFrauds
|player|p1|
|l| turquoiselink
