|j|☆Rakib24
|j|☆sstarss
|t:|1743873365
|gametype|singles
|player|p1|Rakib24|blue-masters|1424
|player|p2|sstarss|2|1429
|teamsize|p1|6
|teamsize|p2|6
|gen|9
|tier|[Gen 9] OU
|rated|
|rule|HP Percentage Mod: HP is shown in percentages
|rule|Endless Battle Clause: Forcing endless battles is banned
|rule|Species Clause: Limit one of each Pokémon
|rule|OHKO Clause: OHKO moves are banned
|rule|Evasion Items Clause: Evasion items are banned
|rule|Evasion Moves Clause: Evasion moves are banned
|rule|Sleep Moves Clause: Sleep-inducing moves are banned
|clearpoke
|poke|p1|Bellibolt, M|
|poke|p1|Basculegion, M|
|poke|p1|Dragonite, M|
|poke|p1|Iron Treads|
|poke|p1|Barraskewda, F|
|poke|p1|Pelipper, M|
|poke|p2|Salamence, F|
|poke|p2|Dragonite, F|
|poke|p2|Great Tusk|
|poke|p2|Ogerpon-Wellspring, F|
|poke|p2|Enamorus, F|
|poke|p2|Gholdengo|
|teampreview
|inactive|Battle timer is ON: inactive players will automatically lose when time's up. (requested by Rakib24)
|
|t:|1743873387
|start
|switch|p1a: NIGEL|Pelipper, M|100/100
|switch|p2a: Enamorus|Enamorus, F|100/100
|-weather|RainDance|[from] ability: Drizzle|[of] p1a: NIGEL
|turn|1
|
|t:|1743873392
|switch|p1a: RICK ROSS|Bellibolt, M|100/100
|move|p2a: Enamorus|Moonblast|p1a: RICK ROSS
|-damage|p1a: RICK ROSS|50/100
|-start|p1a: RICK ROSS|Charge|Moonblast|[from] ability: Electromorphosis
|
|-weather|RainDance|[upkeep]
|upkeep
|turn|2
|
|t:|1743873399
|move|p2a: Enamorus|Moonblast|p1a: RICK ROSS
|-damage|p1a: RICK ROSS|4/100
|-start|p1a: RICK ROSS|Charge|Moonblast|[from] ability: Electromorphosis
|move|p1a: RICK ROSS|Weather Ball|p2a: Enamorus
|-damage|p2a: Enamorus|36/100
|
|-weather|RainDance|[upkeep]
|upkeep
|turn|3
|
|t:|1743873413
|switch|p2a: Ogerpon|Ogerpon-Wellspring, F|100/100
|switch|p1a: ELON TUSK|Iron Treads|100/100
|
|-weather|RainDance|[upkeep]
|upkeep
|turn|4
|
|t:|1743873434
|-end|p1a: ELON TUSK|Quark Drive|[silent]
|switch|p1a: RICK ROSS|Bellibolt, M|4/100
|move|p2a: Ogerpon|Knock Off|p1a: RICK ROSS
|-damage|p1a: RICK ROSS|0 fnt
|-enditem|p1a: RICK ROSS|Assault Vest|[from] move: Knock Off|[of] p2a: Ogerpon
|faint|p1a: RICK ROSS
|
|-weather|RainDance|[upkeep]
|upkeep
|
|t:|1743873440
|switch|p1a: THE MAILMAN|Dragonite, M|100/100
|turn|5
|
|t:|1743873447
|move|p2a: Ogerpon|U-turn|p1a: THE MAILMAN
|-resisted|p1a: THE MAILMAN
|-damage|p1a: THE MAILMAN|93/100
|inactive|sstarss has 120 seconds left.
|
|t:|1743873484
|switch|p2a: ken|Gholdengo|100/100|[from] U-turn
|-item|p2a: ken|Air Balloon
|move|p1a: THE MAILMAN|Hurricane|p2a: ken
|-resisted|p2a: ken
|-damage|p2a: ken|73/100
|-enditem|p2a: ken|Air Balloon
|
|-weather|RainDance|[upkeep]
|upkeep
|turn|6
|inactive|sstarss has 120 seconds left.
|
|t:|1743873511
|switch|p1a: ELON TUSK|Iron Treads|100/100
|move|p2a: ken|Shadow Ball|p1a: ELON TUSK
|-damage|p1a: ELON TUSK|54/100
|-enditem|p1a: ELON TUSK|Eject Button
|inactive|Rakib24 has 120 seconds left.
|
|t:|1743873532
|-end|p1a: ELON TUSK|Quark Drive|[silent]
|switch|p1a: SKULLKRAKEN|Basculegion, M|100/100
|
|-weather|RainDance|[upkeep]
|upkeep
|turn|7
|inactive|sstarss has 120 seconds left.
|inactive|sstarss has 90 seconds left.
|inactive|sstarss has 60 seconds left.
|
|t:|1743873617
|switch|p2a: Ogerpon|Ogerpon-Wellspring, F|100/100
|move|p1a: SKULLKRAKEN|Psychic Fangs|p2a: Ogerpon
|-damage|p2a: Ogerpon|47/100
|
|-weather|RainDance|[upkeep]
|upkeep
|turn|8
|inactive|Rakib24 has 120 seconds left.
|
|t:|1743873631
|move|p2a: Ogerpon|Horn Leech|p1a: SKULLKRAKEN
|-supereffective|p1a: SKULLKRAKEN
|-damage|p1a: SKULLKRAKEN|0 fnt
|-heal|p2a: Ogerpon|100/100|[from] drain|[of] p1a: SKULLKRAKEN
|faint|p1a: SKULLKRAKEN
|
|-weather|none
|upkeep
|
|t:|1743873635
|switch|p1a: NIGEL|Pelipper, M|100/100
|-weather|RainDance|[from] ability: Drizzle|[of] p1a: NIGEL
|turn|9
|inactive|sstarss has 60 seconds left.
|
|t:|1743873646
|move|p2a: Ogerpon|U-turn|p1a: NIGEL
|-resisted|p1a: NIGEL
|-damage|p1a: NIGEL|90/100
|
|t:|1743873651
|switch|p2a: ken|Gholdengo|73/100|[from] U-turn
|move|p1a: NIGEL|Surf|p2a: ken
|-damage|p2a: ken|32/100
|
|-weather|RainDance|[upkeep]
|upkeep
|turn|10
|
|t:|1743873664
|switch|p1a: ELON TUSK|Iron Treads|54/100
|move|p2a: ken|Recover|p2a: ken
|-heal|p2a: ken|82/100
|
|-weather|RainDance|[upkeep]
|upkeep
|turn|11
|
|t:|1743873673
|switch|p2a: #addmorespinners|Great Tusk|100/100
|move|p1a: ELON TUSK|Stealth Rock|p2a: #addmorespinners
|-sidestart|p2: sstarss|move: Stealth Rock
|
|-weather|RainDance|[upkeep]
|upkeep
|turn|12
|
|t:|1743873684
|move|p1a: ELON TUSK|Earth Power|p2a: #addmorespinners
|-damage|p2a: #addmorespinners|63/100
|move|p2a: #addmorespinners|Stealth Rock|p1a: ELON TUSK
|-sidestart|p1: Rakib24|move: Stealth Rock
|
|-weather|RainDance|[upkeep]
|upkeep
|turn|13
|
|t:|1743873690
|move|p1a: ELON TUSK|Rapid Spin|p2a: #addmorespinners
|-damage|p2a: #addmorespinners|55/100
|-boost|p1a: ELON TUSK|spe|1
|-sideend|p1: Rakib24|Stealth Rock|[from] move: Rapid Spin|[of] p1a: ELON TUSK
|move|p2a: #addmorespinners|Rapid Spin|p1a: ELON TUSK
|-resisted|p1a: ELON TUSK
|-damage|p1a: ELON TUSK|47/100
|-boost|p2a: #addmorespinners|spe|1
|-sideend|p2: sstarss|Stealth Rock|[from] move: Rapid Spin|[of] p2a: #addmorespinners
|
|-weather|RainDance|[upkeep]
|upkeep
|turn|14
|
|t:|1743873698
|move|p1a: ELON TUSK|Earth Power|p2a: #addmorespinners
|-damage|p2a: #addmorespinners|17/100
|move|p2a: #addmorespinners|Headlong Rush|p1a: ELON TUSK
|-supereffective|p1a: ELON TUSK
|-damage|p1a: ELON TUSK|0 fnt
|-unboost|p2a: #addmorespinners|def|1
|-unboost|p2a: #addmorespinners|spd|1
|faint|p1a: ELON TUSK
|-end|p1a: ELON TUSK|Quark Drive|[silent]
|
|-weather|RainDance|[upkeep]
|upkeep
|
|t:|1743873709
|switch|p1a: SKEWMA|Barraskewda, F|100/100
|turn|15
|inactive|sstarss has 90 seconds left.
|
|t:|1743873716
|-end|p2a: #addmorespinners|Protosynthesis|[silent]
|switch|p2a: ken|Gholdengo|82/100
|move|p1a: SKEWMA|Close Combat|p2a: ken
|-immune|p2a: ken
|
|-weather|RainDance|[upkeep]
|upkeep
|turn|16
|-message|Rakib24 forfeited.
|
|win|sstarss
|raw|Rakib24's rating: 1424 &rarr; <strong>1404</strong><br />(-20 for losing)
|raw|sstarss's rating: 1429 &rarr; <strong>1449</strong><br />(+20 for winning)
|l|☆Rakib24
|player|p1|
|l|☆sstarss
|player|p2|
