|j|☆jpapaio
|j|☆chip witley
|t:|1743877825
|gametype|singles
|player|p1|jpapaio|flannery|1601
|player|p2|chip witley|lance|1675
|teamsize|p1|6
|teamsize|p2|6
|gen|9
|tier|[Gen 9] OU
|rated|
|rule|HP Percentage Mod: HP is shown in percentages
|rule|Endless Battle Clause: Forcing endless battles is banned
|rule|Species Clause: Limit one of each Pokémon
|rule|OHKO Clause: OHKO moves are banned
|rule|Evasion Items Clause: Evasion items are banned
|rule|Evasion Moves Clause: Evasion moves are banned
|rule|Sleep Moves Clause: Sleep-inducing moves are banned
|clearpoke
|poke|p1|Rillaboom, M|
|poke|p1|Raging Bolt|
|poke|p1|Zamazenta-*|
|poke|p1|Ting-Lu|
|poke|p1|Iron Crown|
|poke|p1|Hatterene, F|
|poke|p2|Veluza, F|
|poke|p2|Grimmsnarl, M|
|poke|p2|Kommo-o, F|
|poke|p2|Toxtricity, M|
|poke|p2|Maushold|
|poke|p2|Scizor, M|
|teampreview
|
|t:|1743877834
|start
|switch|p1a: Iron Crown|Iron Crown|100/100
|switch|p2a: Grimmsnarl|Grimmsnarl, M|100/100
|turn|1
|inactive|Battle timer is ON: inactive players will automatically lose when time's up. (requested by jpapaio)
|
|t:|1743877837
|move|p2a: Grimmsnarl|Light Screen|p2a: Grimmsnarl
|-sidestart|p2: chip witley|move: Light Screen
|move|p1a: Iron Crown|Tachyon Cutter|p2a: Grimmsnarl
|-supereffective|p2a: Grimmsnarl
|-damage|p2a: Grimmsnarl|72/100
|-supereffective|p2a: Grimmsnarl
|-damage|p2a: Grimmsnarl|44/100
|-hitcount|p2a: Grimmsnarl|2
|
|upkeep
|turn|2
|
|t:|1743877845
|move|p2a: Grimmsnarl|Parting Shot|p1a: Iron Crown
|-unboost|p1a: Iron Crown|atk|1
|-unboost|p1a: Iron Crown|spa|1
|
|t:|1743877847
|switch|p2a: Scizor|Scizor, M|100/100|[from] Parting Shot
|move|p1a: Iron Crown|Tachyon Cutter|p2a: Scizor
|-resisted|p2a: Scizor
|-damage|p2a: Scizor|92/100
|-resisted|p2a: Scizor
|-damage|p2a: Scizor|85/100
|-hitcount|p2a: Scizor|2
|
|upkeep
|turn|3
|
|t:|1743877856
|-end|p1a: Iron Crown|Quark Drive|[silent]
|switch|p1a: Zamazenta|Zamazenta|100/100
|-ability|p1a: Zamazenta|Dauntless Shield|boost
|-boost|p1a: Zamazenta|def|1
|move|p2a: Scizor|Close Combat|p1a: Zamazenta
|-damage|p1a: Zamazenta|63/100
|-unboost|p2a: Scizor|def|1
|-unboost|p2a: Scizor|spd|1
|-damage|p2a: Scizor|75/100|[from] item: Life Orb
|
|upkeep
|turn|4
|
|t:|1743877863
|switch|p2a: Toxtricity|Toxtricity, M|100/100
|move|p1a: Zamazenta|Close Combat|p2a: Toxtricity
|-resisted|p2a: Toxtricity
|-damage|p2a: Toxtricity|36/100
|-unboost|p1a: Zamazenta|def|1
|-unboost|p1a: Zamazenta|spd|1
|-damage|p1a: Zamazenta|53/100|[from] item: Life Orb
|
|upkeep
|turn|5
|
|t:|1743877871
|move|p1a: Zamazenta|Crunch|p2a: Toxtricity
|-damage|p2a: Toxtricity|0 fnt
|faint|p2a: Toxtricity
|-damage|p1a: Zamazenta|43/100|[from] item: Life Orb
|
|upkeep
|
|t:|1743877878
|switch|p2a: Grimmsnarl|Grimmsnarl, M|44/100
|turn|6
|
|t:|1743877884
|switch|p1a: Hatterene|Hatterene, F|100/100
|move|p2a: Grimmsnarl|Reflect|p2a: Grimmsnarl
|-sidestart|p2: chip witley|Reflect
|
|upkeep
|turn|7
|
|t:|1743877891
|switch|p2a: Maushold|Maushold|100/100
|move|p1a: Hatterene|Nuzzle|p2a: Maushold
|-damage|p2a: Maushold|97/100
|-status|p2a: Maushold|par
|
|upkeep
|turn|8
|
|t:|1743877896
|move|p2a: Maushold|Population Bomb|p1a: Hatterene
|-damage|p1a: Hatterene|89/100
|-damage|p1a: Hatterene|77/100
|-damage|p1a: Hatterene|65/100
|-damage|p1a: Hatterene|53/100
|-damage|p1a: Hatterene|41/100
|-damage|p1a: Hatterene|29/100
|-damage|p1a: Hatterene|17/100
|-damage|p1a: Hatterene|3/100
|-damage|p1a: Hatterene|0 fnt
|faint|p1a: Hatterene
|-hitcount|p1: Hatterene|9
|
|-sideend|p2: chip witley|move: Light Screen
|upkeep
|
|t:|1743877902
|switch|p1a: Ting-Lu|Ting-Lu|100/100
|-ability|p1a: Ting-Lu|Vessel of Ruin
|turn|9
|
|t:|1743877906
|cant|p2a: Maushold|par
|move|p1a: Ting-Lu|Stealth Rock|p2a: Maushold
|-sidestart|p2: chip witley|move: Stealth Rock
|
|upkeep
|turn|10
|
|t:|1743877910
|move|p2a: Maushold|Encore|p1a: Ting-Lu
|-start|p1a: Ting-Lu|Encore
|move|p1a: Ting-Lu|Stealth Rock||[still]
|-fail|p1a: Ting-Lu
|
|upkeep
|turn|11
|
|t:|1743877914
|cant|p2a: Maushold|par
|move|p1a: Ting-Lu|Stealth Rock||[still]
|-fail|p1a: Ting-Lu
|
|upkeep
|turn|12
|
|t:|1743877918
|move|p2a: Maushold|Tidy Up|p2a: Maushold
|-sideend|p2: chip witley|Stealth Rock
|-activate|p2a: Maushold|move: Tidy Up
|-boost|p2a: Maushold|atk|1
|-boost|p2a: Maushold|spe|1
|move|p1a: Ting-Lu|Stealth Rock|p2a: Maushold
|-sidestart|p2: chip witley|move: Stealth Rock
|
|-end|p1a: Ting-Lu|Encore
|upkeep
|turn|13
|
|t:|1743877922
|move|p2a: Maushold|Tidy Up|p2a: Maushold
|-sideend|p2: chip witley|Stealth Rock
|-activate|p2a: Maushold|move: Tidy Up
|-boost|p2a: Maushold|atk|1
|-boost|p2a: Maushold|spe|1
|move|p1a: Ting-Lu|Stealth Rock|p2a: Maushold
|-sidestart|p2: chip witley|move: Stealth Rock
|
|-sideend|p2: chip witley|Reflect
|upkeep
|turn|14
|
|t:|1743877925
|move|p2a: Maushold|Encore|p1a: Ting-Lu
|-start|p1a: Ting-Lu|Encore
|move|p1a: Ting-Lu|Stealth Rock||[still]
|-fail|p1a: Ting-Lu
|
|upkeep
|turn|15
|
|t:|1743877927
|move|p2a: Maushold|Tidy Up|p2a: Maushold
|-sideend|p2: chip witley|Stealth Rock
|-activate|p2a: Maushold|move: Tidy Up
|-boost|p2a: Maushold|atk|1
|-boost|p2a: Maushold|spe|1
|move|p1a: Ting-Lu|Stealth Rock|p2a: Maushold
|-sidestart|p2: chip witley|move: Stealth Rock
|
|upkeep
|turn|16
|
|t:|1743877938
|move|p2a: Maushold|Tidy Up|p2a: Maushold
|-sideend|p2: chip witley|Stealth Rock
|-activate|p2a: Maushold|move: Tidy Up
|-boost|p2a: Maushold|atk|1
|-boost|p2a: Maushold|spe|1
|move|p1a: Ting-Lu|Stealth Rock|p2a: Maushold
|-sidestart|p2: chip witley|move: Stealth Rock
|
|-end|p1a: Ting-Lu|Encore
|upkeep
|turn|17
|
|t:|1743877942
|move|p2a: Maushold|Tidy Up|p2a: Maushold
|-sideend|p2: chip witley|Stealth Rock
|-activate|p2a: Maushold|move: Tidy Up
|-boost|p2a: Maushold|atk|1
|-boost|p2a: Maushold|spe|1
|move|p1a: Ting-Lu|Whirlwind|p2a: Maushold
|drag|p2a: Scizor|Scizor, M|75/100
|
|upkeep
|turn|18
|
|t:|1743877950
|move|p2a: Scizor|Knock Off|p1a: Ting-Lu
|-resisted|p1a: Ting-Lu
|-damage|p1a: Ting-Lu|87/100
|-damage|p2a: Scizor|58/100|[from] item: Rocky Helmet|[of] p1a: Ting-Lu
|-enditem|p1a: Ting-Lu|Rocky Helmet|[from] move: Knock Off|[of] p2a: Scizor
|-damage|p2a: Scizor|48/100|[from] item: Life Orb
|move|p1a: Ting-Lu|Stealth Rock|p2a: Scizor
|-sidestart|p2: chip witley|move: Stealth Rock
|
|upkeep
|turn|19
|
|t:|1743877957
|move|p2a: Scizor|Close Combat|p1a: Ting-Lu
|-supereffective|p1a: Ting-Lu
|-damage|p1a: Ting-Lu|20/100
|-unboost|p2a: Scizor|def|1
|-unboost|p2a: Scizor|spd|1
|-damage|p2a: Scizor|38/100|[from] item: Life Orb
|move|p1a: Ting-Lu|Whirlwind|p2a: Scizor
|drag|p2a: Veluza|Veluza, F|100/100
|-damage|p2a: Veluza|88/100|[from] Stealth Rock
|
|upkeep
|turn|20
|
|t:|1743877961
|move|p2a: Veluza|Aqua Cutter|p1a: Ting-Lu
|-supereffective|p1a: Ting-Lu
|-crit|p1a: Ting-Lu
|-damage|p1a: Ting-Lu|0 fnt
|faint|p1a: Ting-Lu
|
|upkeep
|
|t:|1743877963
|switch|p1a: Rillaboom|Rillaboom, M|100/100
|-fieldstart|move: Grassy Terrain|[from] ability: Grassy Surge|[of] p1a: Rillaboom
|turn|21
|
|t:|1743877971
|move|p1a: Rillaboom|U-turn|p2a: Veluza
|-supereffective|p2a: Veluza
|-damage|p2a: Veluza|0 fnt
|faint|p2a: Veluza
|
|t:|1743877975
|switch|p1a: Iron Crown|Iron Crown|100/100|[from] U-turn
|
|upkeep
|
|t:|1743877980
|switch|p2a: Grimmsnarl|Grimmsnarl, M|44/100
|-damage|p2a: Grimmsnarl|31/100|[from] Stealth Rock
|turn|22
|
|t:|1743877989
|move|p2a: Grimmsnarl|Light Screen|p2a: Grimmsnarl
|-sidestart|p2: chip witley|move: Light Screen
|move|p1a: Iron Crown|Tachyon Cutter|p2a: Grimmsnarl
|-supereffective|p2a: Grimmsnarl
|-damage|p2a: Grimmsnarl|3/100
|-supereffective|p2a: Grimmsnarl
|-damage|p2a: Grimmsnarl|0 fnt
|faint|p2a: Grimmsnarl
|-hitcount|p2: Grimmsnarl|2
|
|upkeep
|
|t:|1743877992
|switch|p2a: Kommo-o|Kommo-o, F|100/100
|-damage|p2a: Kommo-o|94/100|[from] Stealth Rock
|turn|23
|
|t:|1743877999
|-end|p1a: Iron Crown|Quark Drive|[silent]
|switch|p1a: Zamazenta|Zamazenta|43/100
|-terastallize|p2a: Kommo-o|Steel
|move|p2a: Kommo-o|Clangorous Soul|p2a: Kommo-o
|-boost|p2a: Kommo-o|atk|1
|-boost|p2a: Kommo-o|def|1
|-boost|p2a: Kommo-o|spa|1
|-boost|p2a: Kommo-o|spd|1
|-boost|p2a: Kommo-o|spe|1
|-damage|p2a: Kommo-o|61/100
|-enditem|p2a: Kommo-o|Throat Spray
|-boost|p2a: Kommo-o|spa|1|[from] item: Throat Spray
|
|-heal|p2a: Kommo-o|68/100|[from] Grassy Terrain
|-heal|p1a: Zamazenta|49/100|[from] Grassy Terrain
|upkeep
|turn|24
|
|t:|1743878005
|move|p2a: Kommo-o|Flash Cannon|p1a: Zamazenta
|-damage|p1a: Zamazenta|0 fnt
|faint|p1a: Zamazenta
|
|-heal|p2a: Kommo-o|74/100|[from] Grassy Terrain
|upkeep
|
|t:|1743878015
|switch|p1a: Raging Bolt|Raging Bolt|100/100
|-enditem|p1a: Raging Bolt|Grassy Seed
|-boost|p1a: Raging Bolt|def|1|[from] item: Grassy Seed
|turn|25
|
|t:|1743878021
|move|p2a: Kommo-o|Flash Cannon|p1a: Raging Bolt
|-resisted|p1a: Raging Bolt
|-damage|p1a: Raging Bolt|70/100
|move|p1a: Raging Bolt|Calm Mind|p1a: Raging Bolt
|-boost|p1a: Raging Bolt|spa|1
|-boost|p1a: Raging Bolt|spd|1
|
|-heal|p2a: Kommo-o|80/100|[from] Grassy Terrain
|-heal|p1a: Raging Bolt|76/100|[from] Grassy Terrain
|-fieldend|move: Grassy Terrain
|upkeep
|turn|26
|
|t:|1743878027
|move|p2a: Kommo-o|Clanging Scales|p1a: Raging Bolt
|-supereffective|p1a: Raging Bolt
|-damage|p1a: Raging Bolt|0 fnt
|faint|p1a: Raging Bolt
|-end|p1a: Raging Bolt|Protosynthesis|[silent]
|-unboost|p2a: Kommo-o|def|1
|
|upkeep
|
|t:|1743878033
|switch|p1a: Iron Crown|Iron Crown|100/100
|turn|27
|
|t:|1743878035
|move|p2a: Kommo-o|Flamethrower|p1a: Iron Crown
|-supereffective|p1a: Iron Crown
|-damage|p1a: Iron Crown|0 fnt
|faint|p1a: Iron Crown
|-end|p1a: Iron Crown|Quark Drive|[silent]
|
|upkeep
|-message|jpapaio forfeited.
|
|win|chip witley
|raw|jpapaio's rating: 1601 &rarr; <strong>1585</strong><br />(-16 for losing)
|raw|chip witley's rating: 1675 &rarr; <strong>1691</strong><br />(+16 for winning)
|l|☆jpapaio
|player|p1|
