|j|☆bigredsword
|j|☆Omect
|t:|1743921223
|gametype|singles
|player|p1|bigredsword|blue|1174
|player|p2|Omect|265|1247
|teamsize|p1|6
|teamsize|p2|6
|gen|9
|tier|[Gen 9] OU
|rated|
|rule|HP Percentage Mod: HP is shown in percentages
|rule|Endless Battle Clause: Forcing endless battles is banned
|rule|Species Clause: Limit one of each Pokémon
|rule|OHKO Clause: OHKO moves are banned
|rule|Evasion Items Clause: Evasion items are banned
|rule|Evasion Moves Clause: Evasion moves are banned
|rule|Sleep Moves Clause: Sleep-inducing moves are banned
|clearpoke
|poke|p1|Zamazenta-*|
|poke|p1|Ogerpon-Wellspring, F|
|poke|p1|Kingambit, M|
|poke|p1|Zapdos|
|poke|p1|Slowking-Galar, M|
|poke|p1|Great Tusk|
|poke|p2|Weavile, F|
|poke|p2|Ting-Lu|
|poke|p2|Mimikyu, M|
|poke|p2|Mamoswine, F|
|poke|p2|Slowking-Galar, M|
|poke|p2|Tatsugiri-Stretchy, M|
|teampreview
|inactive|Battle timer is ON: inactive players will automatically lose when time's up. (requested by Omect)
|
|t:|1743921236
|start
|switch|p1a: Zamazenta|Zamazenta|100/100
|switch|p2a: Ting-Lu|Ting-Lu|100/100
|-ability|p1a: Zamazenta|Dauntless Shield|boost
|-boost|p1a: Zamazenta|def|1
|-ability|p2a: Ting-Lu|Vessel of Ruin
|turn|1
|
|t:|1743921259
|move|p1a: Zamazenta|Crunch|p2a: Ting-Lu
|-resisted|p2a: Ting-Lu
|-damage|p2a: Ting-Lu|95/100
|move|p2a: Ting-Lu|Stealth Rock|p1a: Zamazenta
|-sidestart|p1: bigredsword|move: Stealth Rock
|
|-heal|p2a: Ting-Lu|100/100|[from] item: Leftovers
|upkeep
|turn|2
|
|t:|1743921266
|move|p1a: Zamazenta|Close Combat|p2a: Ting-Lu
|-supereffective|p2a: Ting-Lu
|-damage|p2a: Ting-Lu|36/100
|-unboost|p1a: Zamazenta|def|1
|-unboost|p1a: Zamazenta|spd|1
|move|p2a: Ting-Lu|Spikes|p1a: Zamazenta
|-sidestart|p1: bigredsword|Spikes
|
|-heal|p2a: Ting-Lu|42/100|[from] item: Leftovers
|upkeep
|turn|3
|
|t:|1743921280
|switch|p2a: Slowking|Slowking-Galar, M|100/100
|move|p1a: Zamazenta|Close Combat|p2a: Slowking
|-resisted|p2a: Slowking
|-damage|p2a: Slowking|85/100
|-unboost|p1a: Zamazenta|def|1
|-unboost|p1a: Zamazenta|spd|1
|
|upkeep
|turn|4
|
|t:|1743921288
|switch|p1a: Great Tusk|Great Tusk|100/100
|-prepare|p2a: Slowking|Chilly Reception|[premajor]
|move|p2a: Slowking|Chilly Reception|p2a: Slowking
|-weather|Snowscape
|
|t:|1743921293
|switch|p2a: Mimikyu|Mimikyu, M, shiny|100/100|[from] Chilly Reception
|
|-weather|Snowscape|[upkeep]
|upkeep
|turn|5
|
|t:|1743921316
|move|p2a: Mimikyu|Swords Dance|p2a: Mimikyu
|-boost|p2a: Mimikyu|atk|2
|move|p1a: Great Tusk|Headlong Rush|p2a: Mimikyu
|-activate|p2a: Mimikyu|ability: Disguise
|-damage|p2a: Mimikyu|100/100
|-unboost|p1a: Great Tusk|def|1
|-unboost|p1a: Great Tusk|spd|1
|detailschange|p2a: Mimikyu|Mimikyu-Busted, M, shiny
|-damage|p2a: Mimikyu|88/100|[from] pokemon: Mimikyu-Busted
|-enditem|p2a: Mimikyu|Red Card|[of] p1a: Great Tusk
|-end|p1a: Great Tusk|Protosynthesis|[silent]
|drag|p1a: Zapdos|Zapdos|100/100
|
|-weather|Snowscape|[upkeep]
|upkeep
|turn|6
|inactive|bigredsword has 120 seconds left.
|
|t:|1743921341
|move|p2a: Mimikyu|Swords Dance|p2a: Mimikyu
|-boost|p2a: Mimikyu|atk|2
|move|p1a: Zapdos|Hurricane|p2a: Mimikyu|[miss]
|-miss|p1a: Zapdos|p2a: Mimikyu
|
|-weather|Snowscape|[upkeep]
|upkeep
|turn|7
|inactive|bigredsword has 120 seconds left.
|
|t:|1743921353
|move|p2a: Mimikyu|Shadow Claw|p1a: Zapdos
|-damage|p1a: Zapdos|35/100
|move|p1a: Zapdos|Thunder Wave|p2a: Mimikyu
|-status|p2a: Mimikyu|par
|
|-weather|Snowscape|[upkeep]
|upkeep
|turn|8
|inactive|bigredsword has 120 seconds left.
|
|t:|1743921360
|move|p1a: Zapdos|Hurricane|p2a: Mimikyu
|-damage|p2a: Mimikyu|30/100 par
|-start|p2a: Mimikyu|confusion
|-activate|p2a: Mimikyu|confusion
|move|p2a: Mimikyu|Swords Dance|p2a: Mimikyu
|-boost|p2a: Mimikyu|atk|2
|
|-weather|none
|upkeep
|turn|9
|inactive|bigredsword has 120 seconds left.
|
|t:|1743921370
|-end|p2a: Mimikyu|confusion
|move|p2a: Mimikyu|Shadow Sneak|p1a: Zapdos
|-damage|p1a: Zapdos|0 fnt
|faint|p1a: Zapdos
|
|upkeep
|inactive|bigredsword has 120 seconds left.
|
|t:|1743921379
|switch|p1a: Zamazenta|Zamazenta|100/100
|-damage|p1a: Zamazenta|94/100|[from] Stealth Rock
|-damage|p1a: Zamazenta|82/100|[from] Spikes
|turn|10
|
|t:|1743921384
|cant|p2a: Mimikyu|par
|move|p1a: Zamazenta|Crunch|p2a: Mimikyu
|-damage|p2a: Mimikyu|0 fnt
|faint|p2a: Mimikyu
|
|upkeep
|inactive|Omect has 120 seconds left.
|
|t:|1743921423
|switch|p2a: Slowking|Slowking-Galar, M|100/100
|turn|11
|
|t:|1743921428
|-terastallize|p1a: Zamazenta|Dark
|move|p1a: Zamazenta|Crunch|p2a: Slowking
|-supereffective|p2a: Slowking
|-damage|p2a: Slowking|0 fnt
|faint|p2a: Slowking
|
|upkeep
|inactive|Omect has 120 seconds left.
|
|t:|1743921442
|switch|p2a: Mamoswine|Mamoswine, F, shiny|100/100
|turn|12
|inactive|Omect has 120 seconds left.
|
|t:|1743921453
|move|p1a: Zamazenta|Close Combat|p2a: Mamoswine
|-supereffective|p2a: Mamoswine
|-damage|p2a: Mamoswine|0 fnt
|-unboost|p1a: Zamazenta|def|1
|-unboost|p1a: Zamazenta|spd|1
|faint|p2a: Mamoswine
|
|upkeep
|
|t:|1743921456
|switch|p2a: Weavile|Weavile, F, shiny|100/100
|turn|13
|
|t:|1743921463
|move|p1a: Zamazenta|Close Combat|p2a: Weavile
|-supereffective|p2a: Weavile
|-enditem|p2a: Weavile|Focus Sash
|-damage|p2a: Weavile|1/100
|-unboost|p1a: Zamazenta|def|1
|-unboost|p1a: Zamazenta|spd|1
|-enditem|p1a: Zamazenta|Expert Belt|[silent]|[from] ability: Pickpocket|[of] p1a: Zamazenta
|-item|p2a: Weavile|Expert Belt|[from] ability: Pickpocket|[of] p1a: Zamazenta
|move|p2a: Weavile|Triple Axel|p1a: Zamazenta
|-damage|p1a: Zamazenta|64/100
|-damage|p1a: Zamazenta|26/100
|-damage|p1a: Zamazenta|0 fnt
|faint|p1a: Zamazenta
|-hitcount|p1: Zamazenta|3
|
|upkeep
|inactive|bigredsword has 120 seconds left.
|
|t:|1743921494
|switch|p1a: Ogerpon|Ogerpon-Wellspring, F|100/100
|-damage|p1a: Ogerpon|88/100|[from] Stealth Rock
|-damage|p1a: Ogerpon|76/100|[from] Spikes
|turn|14
|
|t:|1743921504
|move|p2a: Weavile|Triple Axel|p1a: Ogerpon
|-damage|p1a: Ogerpon|64/100
|-damage|p1a: Ogerpon|36/100
|-damage|p1a: Ogerpon|0 fnt
|faint|p1a: Ogerpon
|-hitcount|p1: Ogerpon|3
|
|upkeep
|
|t:|1743921511
|switch|p1a: Great Tusk|Great Tusk|100/100
|turn|15
|
|t:|1743921516
|move|p2a: Weavile|Triple Axel|p1a: Great Tusk
|-supereffective|p1a: Great Tusk
|-damage|p1a: Great Tusk|81/100
|-supereffective|p1a: Great Tusk
|-damage|p1a: Great Tusk|44/100
|-supereffective|p1a: Great Tusk
|-damage|p1a: Great Tusk|0 fnt
|faint|p1a: Great Tusk
|-end|p1a: Great Tusk|Protosynthesis|[silent]
|-hitcount|p1: Great Tusk|3
|
|upkeep
|
|t:|1743921525
|switch|p1a: Slowking|Slowking-Galar, M|100/100
|-damage|p1a: Slowking|88/100|[from] Stealth Rock
|-damage|p1a: Slowking|76/100|[from] Spikes
|turn|16
|
|t:|1743921533
|move|p2a: Weavile|Knock Off|p1a: Slowking
|-supereffective|p1a: Slowking
|-damage|p1a: Slowking|0 fnt
|-enditem|p1a: Slowking|Assault Vest|[from] move: Knock Off|[of] p2a: Weavile
|faint|p1a: Slowking
|
|upkeep
|
|t:|1743921538
|switch|p1a: Kingambit|Kingambit, M|100/100
|-damage|p1a: Kingambit|94/100|[from] Stealth Rock
|-damage|p1a: Kingambit|82/100|[from] Spikes
|-activate|p1a: Kingambit|ability: Supreme Overlord
|-start|p1a: Kingambit|fallen5|[silent]
|turn|17
|
|t:|1743921545
|-terastallize|p2a: Weavile|Fighting
|move|p2a: Weavile|Upper Hand||[still]
|-fail|p2a: Weavile
|move|p1a: Kingambit|Low Kick|p2a: Weavile
|-damage|p2a: Weavile|0 fnt
|faint|p2a: Weavile
|
|-heal|p1a: Kingambit|88/100|[from] item: Leftovers
|upkeep
|
|t:|1743921548
|switch|p2a: Ting-Lu|Ting-Lu|42/100
|-ability|p2a: Ting-Lu|Vessel of Ruin
|turn|18
|
|t:|1743921560
|move|p1a: Kingambit|Low Kick|p2a: Ting-Lu
|-supereffective|p2a: Ting-Lu
|-damage|p2a: Ting-Lu|0 fnt
|faint|p2a: Ting-Lu
|
|-heal|p1a: Kingambit|94/100|[from] item: Leftovers
|upkeep
|
|t:|1743921562
|switch|p2a: Tatsugiri|Tatsugiri-Stretchy, M|100/100
|turn|19
|
|t:|1743921579
|move|p2a: Tatsugiri|Surf|p1a: Kingambit
|-damage|p1a: Kingambit|56/100
|move|p1a: Kingambit|Swords Dance|p1a: Kingambit
|-boost|p1a: Kingambit|atk|2
|
|-heal|p1a: Kingambit|62/100|[from] item: Leftovers
|upkeep
|turn|20
|
|t:|1743921586
|move|p2a: Tatsugiri|Surf|p1a: Kingambit
|-damage|p1a: Kingambit|24/100
|move|p1a: Kingambit|Kowtow Cleave|p2a: Tatsugiri
|-damage|p2a: Tatsugiri|0 fnt
|faint|p2a: Tatsugiri
|
|win|bigredsword
|raw|bigredsword's rating: 1174 &rarr; <strong>1204</strong><br />(+30 for winning)
|raw|Omect's rating: 1247 &rarr; <strong>1217</strong><br />(-30 for losing)
|l|☆Omect
|player|p2|
|l|☆bigredsword
|player|p1|
