|j|☆Reelbadman
|j|☆Fent6969
|t:|1743813623
|gametype|singles
|player|p1|Reelbadman|170|1413
|player|p2|Fent6969|boarder|1407
|teamsize|p1|6
|teamsize|p2|6
|gen|9
|tier|[Gen 9] OU
|rated|
|rule|HP Percentage Mod: HP is shown in percentages
|rule|Endless Battle Clause: Forcing endless battles is banned
|rule|Species Clause: Limit one of each Pokémon
|rule|OHKO Clause: OHKO moves are banned
|rule|Evasion Items Clause: Evasion items are banned
|rule|Evasion Moves Clause: Evasion moves are banned
|rule|Sleep Moves Clause: Sleep-inducing moves are banned
|clearpoke
|poke|p1|Torterra, M|
|poke|p1|Ninetales-Alola, F|
|poke|p1|Azelf|
|poke|p1|Haxorus, M|
|poke|p1|Quaquaval, M|
|poke|p1|Ceruledge, M|
|poke|p2|Gholdengo|
|poke|p2|Zamazenta-*|
|poke|p2|Ting-Lu|
|poke|p2|Corviknight, M|
|poke|p2|Walking Wake|
|poke|p2|Meowscarada, M|
|teampreview
|
|t:|1743813630
|start
|switch|p1a: Azelf|Azelf, shiny|100/100
|switch|p2a: Gholdengo|Gholdengo|100/100
|-item|p2a: Gholdengo|Air Balloon
|turn|1
|
|t:|1743813636
|move|p1a: Azelf|Knock Off|p2a: Gholdengo
|-supereffective|p2a: Gholdengo
|-damage|p2a: Gholdengo|35/100
|-enditem|p2a: Gholdengo|Air Balloon
|move|p2a: Gholdengo|Shadow Ball|p1a: Azelf
|-supereffective|p1a: Azelf
|-enditem|p1a: Azelf|Focus Sash
|-damage|p1a: Azelf|1/100
|
|upkeep
|turn|2
|inactive|Battle timer is ON: inactive players will automatically lose when time's up. (requested by Reelbadman)
|
|t:|1743813645
|switch|p2a: Corviknight|Corviknight, M|100/100
|-ability|p2a: Corviknight|Pressure
|move|p1a: Azelf|Knock Off|p2a: Corviknight
|-damage|p2a: Corviknight|82/100
|-damage|p1a: Azelf|0 fnt|[from] item: Rocky Helmet|[of] p2a: Corviknight
|faint|p1a: Azelf
|
|upkeep
|
|t:|1743813649
|switch|p1a: Ninetales|Ninetales-Alola, F, shiny|100/100
|-weather|Snowscape|[from] ability: Snow Warning|[of] p1a: Ninetales
|turn|3
|
|t:|1743813664
|switch|p2a: Gholdengo|Gholdengo|35/100
|move|p1a: Ninetales|Aurora Veil|p1a: Ninetales
|-sidestart|p1: Reelbadman|move: Aurora Veil
|
|-weather|Snowscape|[upkeep]
|upkeep
|turn|4
|
|t:|1743813668
|switch|p1a: Ceruledge|Ceruledge, M|100/100
|move|p2a: Gholdengo|Recover|p2a: Gholdengo
|-heal|p2a: Gholdengo|85/100
|
|-weather|Snowscape|[upkeep]
|upkeep
|turn|5
|
|t:|1743813674
|switch|p2a: Ting-Lu|Ting-Lu|100/100
|-ability|p2a: Ting-Lu|Vessel of Ruin
|move|p1a: Ceruledge|Swords Dance|p1a: Ceruledge
|-boost|p1a: Ceruledge|atk|2
|
|-weather|Snowscape|[upkeep]
|upkeep
|turn|6
|
|t:|1743813678
|move|p1a: Ceruledge|Bitter Blade|p2a: Ting-Lu
|-damage|p2a: Ting-Lu|47/100
|move|p2a: Ting-Lu|Whirlwind|p1a: Ceruledge
|drag|p1a: Torterra|Torterra, M|100/100
|
|-weather|Snowscape|[upkeep]
|-heal|p2a: Ting-Lu|53/100|[from] item: Leftovers
|upkeep
|turn|7
|
|t:|1743813690
|switch|p2a: Corviknight|Corviknight, M|82/100
|-ability|p2a: Corviknight|Pressure
|move|p1a: Torterra|Bullet Seed|p2a: Corviknight
|-resisted|p2a: Corviknight
|-damage|p2a: Corviknight|80/100
|-resisted|p2a: Corviknight
|-damage|p2a: Corviknight|78/100
|-resisted|p2a: Corviknight
|-damage|p2a: Corviknight|76/100
|-resisted|p2a: Corviknight
|-damage|p2a: Corviknight|75/100
|-hitcount|p2a: Corviknight|4
|
|-weather|none
|upkeep
|turn|8
|inactive|Fent6969 has 120 seconds left.
|
|t:|1743813729
|move|p1a: Torterra|Shell Smash|p1a: Torterra
|-unboost|p1a: Torterra|def|1
|-unboost|p1a: Torterra|spd|1
|-boost|p1a: Torterra|atk|2
|-boost|p1a: Torterra|spa|2
|-boost|p1a: Torterra|spe|2
|move|p2a: Corviknight|U-turn|p1a: Torterra
|-supereffective|p1a: Torterra
|-damage|p1a: Torterra|77/100
|
|t:|1743813737
|switch|p2a: Zamazenta|Zamazenta|100/100|[from] U-turn
|-ability|p2a: Zamazenta|Dauntless Shield|boost
|-boost|p2a: Zamazenta|def|1
|
|upkeep
|turn|9
|inactive|Fent6969 has 120 seconds left.
|
|t:|1743813752
|move|p1a: Torterra|Bullet Seed|p2a: Zamazenta
|-damage|p2a: Zamazenta|86/100
|-damage|p2a: Zamazenta|72/100
|-damage|p2a: Zamazenta|57/100
|-crit|p2a: Zamazenta
|-damage|p2a: Zamazenta|27/100
|-damage|p2a: Zamazenta|11/100
|-hitcount|p2a: Zamazenta|5
|move|p2a: Zamazenta|Body Press|p1a: Torterra
|-damage|p1a: Torterra|37/100
|
|-heal|p2a: Zamazenta|17/100|[from] item: Leftovers
|upkeep
|turn|10
|inactive|Fent6969 has 120 seconds left.
|
|t:|1743813782
|move|p1a: Torterra|Bullet Seed|p2a: Zamazenta
|-damage|p2a: Zamazenta|3/100
|-damage|p2a: Zamazenta|0 fnt
|faint|p2a: Zamazenta
|-hitcount|p2: Zamazenta|2
|
|-sideend|p1: Reelbadman|move: Aurora Veil
|upkeep
|inactive|Fent6969 has 90 seconds left.
|
|t:|1743813805
|switch|p2a: Meowscarada|Meowscarada, M|100/100
|turn|11
|
|t:|1743813815
|move|p1a: Torterra|Bullet Seed|p2a: Meowscarada
|-resisted|p2a: Meowscarada
|-damage|p2a: Meowscarada|81/100
|-resisted|p2a: Meowscarada
|-damage|p2a: Meowscarada|61/100
|-resisted|p2a: Meowscarada
|-damage|p2a: Meowscarada|41/100
|-resisted|p2a: Meowscarada
|-damage|p2a: Meowscarada|21/100
|-hitcount|p2a: Meowscarada|4
|move|p2a: Meowscarada|Flower Trick|p1a: Torterra
|-start|p2a: Meowscarada|typechange|Grass|[from] ability: Protean
|-damage|p1a: Torterra|0 fnt
|faint|p1a: Torterra
|
|upkeep
|
|t:|1743813832
|switch|p1a: Ceruledge|Ceruledge, M|100/100
|turn|12
|
|t:|1743813836
|move|p2a: Meowscarada|Knock Off|p1a: Ceruledge
|-supereffective|p1a: Ceruledge
|-damage|p1a: Ceruledge|13/100
|-ability|p1a: Ceruledge|Weak Armor|boost
|-unboost|p1a: Ceruledge|def|1
|-boost|p1a: Ceruledge|spe|2
|-enditem|p1a: Ceruledge|Focus Sash|[from] move: Knock Off|[of] p2a: Meowscarada
|move|p1a: Ceruledge|Swords Dance|p1a: Ceruledge
|-boost|p1a: Ceruledge|atk|2
|
|upkeep
|turn|13
|
|t:|1743813850
|move|p1a: Ceruledge|Bitter Blade|p2a: Meowscarada
|-supereffective|p2a: Meowscarada
|-damage|p2a: Meowscarada|0 fnt
|-heal|p1a: Ceruledge|24/100|[from] drain|[of] p2a: Meowscarada
|faint|p2a: Meowscarada
|
|upkeep
|inactive|Fent6969 has 90 seconds left.
|
|t:|1743813886
|switch|p2a: Corviknight|Corviknight, M|75/100
|-ability|p2a: Corviknight|Pressure
|turn|14
|
|t:|1743813890
|-terastallize|p2a: Corviknight|Dragon
|move|p1a: Ceruledge|Bitter Blade|p2a: Corviknight
|-resisted|p2a: Corviknight
|-damage|p2a: Corviknight|43/100
|-heal|p1a: Ceruledge|45/100|[from] drain|[of] p2a: Corviknight
|-damage|p1a: Ceruledge|29/100|[from] item: Rocky Helmet|[of] p2a: Corviknight
|move|p2a: Corviknight|Brave Bird|p1a: Ceruledge
|-damage|p1a: Ceruledge|0 fnt
|faint|p1a: Ceruledge
|-damage|p2a: Corviknight|36/100|[from] Recoil
|
|upkeep
|
|t:|1743813897
|switch|p1a: Haxorus|Haxorus, M, shiny|100/100
|-ability|p1a: Haxorus|Mold Breaker
|turn|15
|inactive|Fent6969 has 90 seconds left.
|
|t:|1743813909
|move|p1a: Haxorus|Scale Shot|p2a: Corviknight
|-supereffective|p2a: Corviknight
|-crit|p2a: Corviknight
|-damage|p2a: Corviknight|8/100
|-supereffective|p2a: Corviknight
|-damage|p2a: Corviknight|0 fnt
|faint|p2a: Corviknight
|-hitcount|p2: Corviknight|2
|-unboost|p1a: Haxorus|def|1
|-boost|p1a: Haxorus|spe|1
|
|upkeep
|
|t:|1743813929
|switch|p2a: Ting-Lu|Ting-Lu|53/100
|-ability|p2a: Ting-Lu|Vessel of Ruin
|turn|16
|
|t:|1743813933
|move|p1a: Haxorus|Close Combat|p2a: Ting-Lu
|-supereffective|p2a: Ting-Lu
|-damage|p2a: Ting-Lu|0 fnt
|-unboost|p1a: Haxorus|def|1
|-unboost|p1a: Haxorus|spd|1
|faint|p2a: Ting-Lu
|
|upkeep
|
|t:|1743813940
|switch|p2a: Walking Wake|Walking Wake|100/100
|turn|17
|
|t:|1743813942
|move|p1a: Haxorus|Scale Shot|p2a: Walking Wake
|-supereffective|p2a: Walking Wake
|-damage|p2a: Walking Wake|69/100
|-supereffective|p2a: Walking Wake
|-damage|p2a: Walking Wake|33/100
|-supereffective|p2a: Walking Wake
|-damage|p2a: Walking Wake|0 fnt
|faint|p2a: Walking Wake
|-end|p2a: Walking Wake|Protosynthesis|[silent]
|-hitcount|p2: Walking Wake|3
|-unboost|p1a: Haxorus|def|1
|-boost|p1a: Haxorus|spe|1
|
|upkeep
|inactive|Fent6969 has 90 seconds left.
|
|t:|1743813952
|switch|p2a: Gholdengo|Gholdengo|85/100
|turn|18
|
|t:|1743813956
|move|p1a: Haxorus|Earthquake|p2a: Gholdengo
|-supereffective|p2a: Gholdengo
|-damage|p2a: Gholdengo|5/100
|move|p2a: Gholdengo|Make It Rain|p1a: Haxorus
|-damage|p1a: Haxorus|0 fnt
|-unboost|p2a: Gholdengo|spa|1
|faint|p1a: Haxorus
|
|upkeep
|
|t:|1743813960
|switch|p1a: Quaquaval|Quaquaval, M|100/100
|turn|19
|-message|Fent6969 forfeited.
|
|win|Reelbadman
|raw|Reelbadman's rating: 1413 &rarr; <strong>1433</strong><br />(+20 for winning)
|raw|Fent6969's rating: 1407 &rarr; <strong>1387</strong><br />(-20 for losing)
|l|☆Fent6969
|player|p2|
|l|☆Reelbadman
|player|p1|
