|j|☆ghcdh
|j|☆Partynparadise
|t:|1743904849
|gametype|singles
|player|p1|ghcdh|ghetsis|1266
|player|p2|Partynparadise|hilbert|1258
|teamsize|p1|6
|teamsize|p2|6
|gen|9
|tier|[Gen 9] OU
|rated|
|rule|HP Percentage Mod: HP is shown in percentages
|rule|Endless Battle Clause: Forcing endless battles is banned
|rule|Species Clause: Limit one of each Pokémon
|rule|OHKO Clause: OHKO moves are banned
|rule|Evasion Items Clause: Evasion items are banned
|rule|Evasion Moves Clause: Evasion moves are banned
|rule|Sleep Moves Clause: Sleep-inducing moves are banned
|clearpoke
|poke|p1|Blastoise, M|
|poke|p1|Ceruledge, F|
|poke|p1|Oricorio-Pom-Pom, M|
|poke|p1|Shaymin|
|poke|p1|Cinccino, F|
|poke|p1|Mismagius, F|
|poke|p2|Grimmsnarl, M|
|poke|p2|Dragapult, M|
|poke|p2|Moltres|
|poke|p2|Zamazenta-*|
|poke|p2|Veluza, F|
|poke|p2|Slowking-Galar, M|
|teampreview
|inactive|Battle timer is ON: inactive players will automatically lose when time's up. (requested by ghcdh)
|
|t:|1743904874
|start
|switch|p1a: Cinccino|Cinccino, F|100/100
|switch|p2a: Grimmsnarl|Grimmsnarl, M|100/100
|turn|1
|
|t:|1743904881
|move|p2a: Grimmsnarl|Parting Shot|p1a: Cinccino
|-unboost|p1a: Cinccino|atk|1
|-unboost|p1a: Cinccino|spa|1
|
|t:|1743904884
|switch|p2a: Moltres|Moltres|100/100|[from] Parting Shot
|move|p1a: Cinccino|Tail Slap|p2a: Moltres
|-damage|p2a: Moltres|92/100
|-damage|p2a: Moltres|84/100
|-damage|p2a: Moltres|77/100
|-damage|p2a: Moltres|69/100
|-damage|p2a: Moltres|61/100
|-hitcount|p2a: Moltres|5
|
|upkeep
|turn|2
|
|t:|1743904895
|switch|p1a: Oricorio|Oricorio-Pom-Pom, M|100/100
|move|p2a: Moltres|Roost|p2a: Moltres
|-heal|p2a: Moltres|100/100
|-singleturn|p2a: Moltres|move: Roost
|
|upkeep
|turn|3
|
|t:|1743904901
|switch|p2a: Slowking|Slowking-Galar, M|100/100
|move|p1a: Oricorio|Quiver Dance|p1a: Oricorio
|-boost|p1a: Oricorio|spa|1
|-boost|p1a: Oricorio|spd|1
|-boost|p1a: Oricorio|spe|1
|
|upkeep
|turn|4
|
|t:|1743904910
|move|p1a: Oricorio|Quiver Dance|p1a: Oricorio
|-boost|p1a: Oricorio|spa|1
|-boost|p1a: Oricorio|spd|1
|-boost|p1a: Oricorio|spe|1
|move|p2a: Slowking|Sludge Bomb|p1a: Oricorio
|-damage|p1a: Oricorio|80/100
|
|upkeep
|turn|5
|
|t:|1743904915
|move|p1a: Oricorio|Quiver Dance|p1a: Oricorio
|-boost|p1a: Oricorio|spa|1
|-boost|p1a: Oricorio|spd|1
|-boost|p1a: Oricorio|spe|1
|move|p2a: Slowking|Sludge Bomb|p1a: Oricorio
|-damage|p1a: Oricorio|61/100
|
|upkeep
|turn|6
|
|t:|1743904918
|move|p1a: Oricorio|Quiver Dance|p1a: Oricorio
|-boost|p1a: Oricorio|spa|1
|-boost|p1a: Oricorio|spd|1
|-boost|p1a: Oricorio|spe|1
|move|p2a: Slowking|Sludge Bomb|p1a: Oricorio
|-damage|p1a: Oricorio|45/100
|
|upkeep
|turn|7
|
|t:|1743904922
|move|p1a: Oricorio|Roost|p1a: Oricorio
|-heal|p1a: Oricorio|95/100
|-singleturn|p1a: Oricorio|move: Roost
|move|p2a: Slowking|Psychic Noise|p1a: Oricorio
|-damage|p1a: Oricorio|83/100
|-start|p1a: Oricorio|move: Heal Block
|
|upkeep
|turn|8
|
|t:|1743904926
|move|p1a: Oricorio|Quiver Dance|p1a: Oricorio
|-boost|p1a: Oricorio|spa|1
|-boost|p1a: Oricorio|spd|1
|-boost|p1a: Oricorio|spe|1
|move|p2a: Slowking|Sludge Bomb|p1a: Oricorio
|-damage|p1a: Oricorio|71/100
|
|-end|p1a: Oricorio|move: Heal Block
|upkeep
|turn|9
|
|t:|1743904929
|move|p1a: Oricorio|Quiver Dance|p1a: Oricorio
|-boost|p1a: Oricorio|spa|1
|-boost|p1a: Oricorio|spd|1
|-boost|p1a: Oricorio|spe|1
|move|p2a: Slowking|Sludge Bomb|p1a: Oricorio
|-damage|p1a: Oricorio|61/100
|
|upkeep
|turn|10
|
|t:|1743904931
|move|p1a: Oricorio|Roost|p1a: Oricorio
|-heal|p1a: Oricorio|100/100
|-singleturn|p1a: Oricorio|move: Roost
|move|p2a: Slowking|Sludge Bomb|p1a: Oricorio
|-damage|p1a: Oricorio|88/100
|
|upkeep
|turn|11
|
|t:|1743904934
|move|p1a: Oricorio|Hurricane|p2a: Slowking|[miss]
|-miss|p1a: Oricorio|p2a: Slowking
|move|p2a: Slowking|Sludge Bomb|p1a: Oricorio
|-crit|p1a: Oricorio
|-damage|p1a: Oricorio|26/100
|-status|p1a: Oricorio|psn
|
|-damage|p1a: Oricorio|14/100 psn|[from] psn
|upkeep
|turn|12
|
|t:|1743904939
|move|p1a: Oricorio|Roost|p1a: Oricorio
|-heal|p1a: Oricorio|64/100 psn
|-singleturn|p1a: Oricorio|move: Roost
|move|p2a: Slowking|Psychic Noise|p1a: Oricorio
|-damage|p1a: Oricorio|55/100 psn
|-start|p1a: Oricorio|move: Heal Block
|
|-damage|p1a: Oricorio|43/100 psn|[from] psn
|upkeep
|turn|13
|
|t:|1743904945
|move|p1a: Oricorio|Hurricane|p2a: Slowking|[miss]
|-miss|p1a: Oricorio|p2a: Slowking
|move|p2a: Slowking|Psychic Noise|p1a: Oricorio
|-damage|p1a: Oricorio|34/100 psn
|
|-damage|p1a: Oricorio|22/100 psn|[from] psn
|-end|p1a: Oricorio|move: Heal Block
|upkeep
|turn|14
|
|t:|1743904957
|move|p1a: Oricorio|Roost|p1a: Oricorio
|-heal|p1a: Oricorio|72/100 psn
|-singleturn|p1a: Oricorio|move: Roost
|move|p2a: Slowking|Psychic Noise|p1a: Oricorio
|-damage|p1a: Oricorio|62/100 psn
|-start|p1a: Oricorio|move: Heal Block
|
|-damage|p1a: Oricorio|50/100 psn|[from] psn
|upkeep
|turn|15
|
|t:|1743904974
|move|p1a: Oricorio|Hurricane|p2a: Slowking|[miss]
|-miss|p1a: Oricorio|p2a: Slowking
|move|p2a: Slowking|Psychic Noise|p1a: Oricorio
|-damage|p1a: Oricorio|41/100 psn
|
|-damage|p1a: Oricorio|28/100 psn|[from] psn
|-end|p1a: Oricorio|move: Heal Block
|upkeep
|turn|16
|
|t:|1743904983
|move|p1a: Oricorio|Roost|p1a: Oricorio
|-heal|p1a: Oricorio|78/100 psn
|-singleturn|p1a: Oricorio|move: Roost
|move|p2a: Slowking|Psychic Noise|p1a: Oricorio
|-damage|p1a: Oricorio|69/100 psn
|-start|p1a: Oricorio|move: Heal Block
|
|-damage|p1a: Oricorio|56/100 psn|[from] psn
|upkeep
|turn|17
|
|t:|1743904989
|move|p1a: Oricorio|Revelation Dance|p2a: Slowking
|-damage|p2a: Slowking|30/100
|move|p2a: Slowking|Sludge Bomb|p1a: Oricorio
|-damage|p1a: Oricorio|45/100 psn
|
|-damage|p1a: Oricorio|33/100 psn|[from] psn
|-end|p1a: Oricorio|move: Heal Block
|upkeep
|turn|18
|
|t:|1743904997
|move|p1a: Oricorio|Roost|p1a: Oricorio
|-heal|p1a: Oricorio|83/100 psn
|-singleturn|p1a: Oricorio|move: Roost
|move|p2a: Slowking|Psychic Noise|p1a: Oricorio
|-damage|p1a: Oricorio|73/100 psn
|-start|p1a: Oricorio|move: Heal Block
|
|-damage|p1a: Oricorio|61/100 psn|[from] psn
|upkeep
|turn|19
|
|t:|1743905005
|move|p1a: Oricorio|Revelation Dance|p2a: Slowking
|-damage|p2a: Slowking|0 fnt
|faint|p2a: Slowking
|
|-damage|p1a: Oricorio|48/100 psn|[from] psn
|-end|p1a: Oricorio|move: Heal Block
|upkeep
|
|t:|1743905007
|switch|p2a: Grimmsnarl|Grimmsnarl, M|100/100
|turn|20
|
|t:|1743905013
|move|p2a: Grimmsnarl|Light Screen|p2a: Grimmsnarl
|-sidestart|p2: Partynparadise|move: Light Screen
|move|p1a: Oricorio|Roost|p1a: Oricorio
|-heal|p1a: Oricorio|98/100 psn
|-singleturn|p1a: Oricorio|move: Roost
|
|-damage|p1a: Oricorio|86/100 psn|[from] psn
|upkeep
|turn|21
|
|t:|1743905021
|move|p2a: Grimmsnarl|Parting Shot|p1a: Oricorio
|-unboost|p1a: Oricorio|atk|1
|-unboost|p1a: Oricorio|spa|1
|
|t:|1743905024
|switch|p2a: Moltres|Moltres|100/100|[from] Parting Shot
|move|p1a: Oricorio|Revelation Dance|p2a: Moltres
|-supereffective|p2a: Moltres
|-damage|p2a: Moltres|0 fnt
|faint|p2a: Moltres
|
|-damage|p1a: Oricorio|73/100 psn|[from] psn
|upkeep
|
|t:|1743905035
|switch|p2a: Grimmsnarl|Grimmsnarl, M|100/100
|turn|22
|
|t:|1743905037
|move|p1a: Oricorio|Revelation Dance|p2a: Grimmsnarl
|-damage|p2a: Grimmsnarl|56/100
|move|p2a: Grimmsnarl|Spirit Break|p1a: Oricorio
|-damage|p1a: Oricorio|46/100 psn
|-unboost|p1a: Oricorio|spa|1
|
|-damage|p1a: Oricorio|34/100 psn|[from] psn
|upkeep
|turn|23
|
|t:|1743905045
|move|p1a: Oricorio|Hurricane|p2a: Grimmsnarl
|-damage|p2a: Grimmsnarl|5/100
|move|p2a: Grimmsnarl|Spirit Break|p1a: Oricorio
|-damage|p1a: Oricorio|6/100 psn
|-unboost|p1a: Oricorio|spa|1
|
|-damage|p1a: Oricorio|0 fnt|[from] psn
|faint|p1a: Oricorio
|upkeep
|
|t:|1743905054
|switch|p1a: Mismagius|Mismagius, F|100/100
|turn|24
|
|t:|1743905058
|move|p2a: Grimmsnarl|Parting Shot|p1a: Mismagius
|-unboost|p1a: Mismagius|atk|1
|-unboost|p1a: Mismagius|spa|1
|
|t:|1743905062
|switch|p2a: Dragapult|Dragapult, M|100/100|[from] Parting Shot
|move|p1a: Mismagius|Dazzling Gleam|p2a: Dragapult
|-supereffective|p2a: Dragapult
|-damage|p2a: Dragapult|77/100
|
|-heal|p2a: Dragapult|83/100|[from] item: Leftovers
|upkeep
|turn|25
|
|t:|1743905068
|move|p2a: Dragapult|Dragon Dance|p2a: Dragapult
|-boost|p2a: Dragapult|atk|1
|-boost|p2a: Dragapult|spe|1
|move|p1a: Mismagius|Mystical Fire|p2a: Dragapult
|-resisted|p2a: Dragapult
|-damage|p2a: Dragapult|77/100
|-unboost|p2a: Dragapult|spa|1
|
|-heal|p2a: Dragapult|83/100|[from] item: Leftovers
|upkeep
|turn|26
|
|t:|1743905074
|switch|p1a: Shaymin|Shaymin|100/100
|move|p2a: Dragapult|Dragon Darts|p1a: Shaymin
|-damage|p1a: Shaymin|68/100
|-anim|p2a: Dragapult|Dragon Darts|p1a: Shaymin
|-damage|p1a: Shaymin|32/100
|
|-heal|p2a: Dragapult|89/100|[from] item: Leftovers
|-heal|p1a: Shaymin|38/100|[from] item: Leftovers
|upkeep
|turn|27
|
|t:|1743905078
|move|p2a: Dragapult|Dragon Darts|p1a: Shaymin
|-damage|p1a: Shaymin|4/100
|-anim|p2a: Dragapult|Dragon Darts|p1a: Shaymin
|-crit|p1a: Shaymin
|-damage|p1a: Shaymin|0 fnt
|faint|p1a: Shaymin
|
|-heal|p2a: Dragapult|95/100|[from] item: Leftovers
|-sideend|p2: Partynparadise|move: Light Screen
|upkeep
|
|t:|1743905080
|switch|p1a: Ceruledge|Ceruledge, F|100/100
|turn|28
|
|t:|1743905086
|move|p2a: Dragapult|Substitute|p2a: Dragapult
|-start|p2a: Dragapult|Substitute
|-damage|p2a: Dragapult|71/100
|move|p1a: Ceruledge|Poltergeist|p2a: Dragapult
|-activate|p2a: Dragapult|move: Poltergeist|Leftovers
|-supereffective|p2a: Dragapult
|-end|p2a: Dragapult|Substitute
|
|-heal|p2a: Dragapult|77/100|[from] item: Leftovers
|upkeep
|turn|29
|
|t:|1743905089
|move|p2a: Dragapult|Dragon Darts|p1a: Ceruledge
|-damage|p1a: Ceruledge|44/100
|-ability|p1a: Ceruledge|Weak Armor|boost
|-unboost|p1a: Ceruledge|def|1
|-boost|p1a: Ceruledge|spe|2
|-anim|p2a: Dragapult|Dragon Darts|p1a: Ceruledge
|-damage|p1a: Ceruledge|0 fnt
|faint|p1a: Ceruledge
|
|-heal|p2a: Dragapult|83/100|[from] item: Leftovers
|upkeep
|
|t:|1743905095
|switch|p1a: Cinccino|Cinccino, F|100/100
|turn|30
|
|t:|1743905097
|move|p2a: Dragapult|Dragon Darts|p1a: Cinccino
|-damage|p1a: Cinccino|22/100
|-anim|p2a: Dragapult|Dragon Darts|p1a: Cinccino
|-damage|p1a: Cinccino|0 fnt
|faint|p1a: Cinccino
|
|-heal|p2a: Dragapult|89/100|[from] item: Leftovers
|upkeep
|
|t:|1743905099
|switch|p1a: Big Man|Blastoise, M|100/100
|turn|31
|
|t:|1743905102
|move|p2a: Dragapult|Substitute|p2a: Dragapult
|-start|p2a: Dragapult|Substitute
|-damage|p2a: Dragapult|64/100
|move|p1a: Big Man|Ice Beam|p2a: Dragapult
|-supereffective|p2a: Dragapult
|-end|p2a: Dragapult|Substitute
|
|-heal|p2a: Dragapult|70/100|[from] item: Leftovers
|upkeep
|turn|32
|
|t:|1743905104
|move|p2a: Dragapult|Dragon Darts|p1a: Big Man
|-damage|p1a: Big Man|57/100
|-anim|p2a: Dragapult|Dragon Darts|p1a: Big Man
|-damage|p1a: Big Man|14/100
|move|p1a: Big Man|Ice Beam|p2a: Dragapult
|-supereffective|p2a: Dragapult
|-damage|p2a: Dragapult|0 fnt
|faint|p2a: Dragapult
|
|upkeep
|
|t:|1743905108
|switch|p2a: Grimmsnarl|Grimmsnarl, M|5/100
|turn|33
|
|t:|1743905114
|move|p2a: Grimmsnarl|Light Screen|p2a: Grimmsnarl
|-sidestart|p2: Partynparadise|move: Light Screen
|move|p1a: Big Man|Shell Smash|p1a: Big Man
|-unboost|p1a: Big Man|def|1
|-unboost|p1a: Big Man|spd|1
|-boost|p1a: Big Man|atk|2
|-boost|p1a: Big Man|spa|2
|-boost|p1a: Big Man|spe|2
|-enditem|p1a: Big Man|White Herb
|-clearnegativeboost|p1a: Big Man|[silent]
|
|upkeep
|turn|34
|
|t:|1743905118
|move|p1a: Big Man|Surf|p2a: Grimmsnarl
|-damage|p2a: Grimmsnarl|0 fnt
|faint|p2a: Grimmsnarl
|
|upkeep
|
|t:|1743905122
|switch|p2a: Veluza|Veluza, F|100/100
|turn|35
|
|t:|1743905126
|-terastallize|p1a: Big Man|Grass
|move|p1a: Big Man|Tera Blast|p2a: Veluza|[anim] Tera Blast Grass
|-supereffective|p2a: Veluza
|-damage|p2a: Veluza|0 fnt
|faint|p2a: Veluza
|
|upkeep
|
|t:|1743905130
|switch|p2a: Zamazenta|Zamazenta|100/100
|-ability|p2a: Zamazenta|Dauntless Shield|boost
|-boost|p2a: Zamazenta|def|1
|turn|36
|
|t:|1743905140
|-terastallize|p2a: Zamazenta|Fairy
|move|p1a: Big Man|Tera Blast|p2a: Zamazenta|[anim] Tera Blast Grass
|-damage|p2a: Zamazenta|69/100
|move|p2a: Zamazenta|Crunch|p1a: Big Man
|-damage|p1a: Big Man|0 fnt
|faint|p1a: Big Man
|
|-heal|p2a: Zamazenta|75/100|[from] item: Leftovers
|upkeep
|
|t:|1743905144
|switch|p1a: Mismagius|Mismagius, F|100/100
|turn|37
|
|t:|1743905147
|move|p2a: Zamazenta|Crunch|p1a: Mismagius
|-supereffective|p1a: Mismagius
|-damage|p1a: Mismagius|0 fnt
|faint|p1a: Mismagius
|
|win|Partynparadise
|raw|ghcdh's rating: 1266 &rarr; <strong>1240</strong><br />(-26 for losing)
|raw|Partynparadise's rating: 1258 &rarr; <strong>1284</strong><br />(+26 for winning)
|l|☆ghcdh
|player|p1|
