|j|☆jpapaio
|j|☆okfernankk
|t:|1743881029
|gametype|singles
|player|p1|jpapaio|psychic-gen2|1639
|player|p2|okfernankk|2|1635
|teamsize|p1|6
|teamsize|p2|6
|gen|9
|tier|[Gen 9] OU
|rated|
|rule|HP Percentage Mod: HP is shown in percentages
|rule|Endless Battle Clause: Forcing endless battles is banned
|rule|Species Clause: Limit one of each Pokémon
|rule|OHKO Clause: OHKO moves are banned
|rule|Evasion Items Clause: Evasion items are banned
|rule|Evasion Moves Clause: Evasion moves are banned
|rule|Sleep Moves Clause: Sleep-inducing moves are banned
|clearpoke
|poke|p1|Rillaboom, M|
|poke|p1|Raging Bolt|
|poke|p1|Zamazenta-*|
|poke|p1|Ting-Lu|
|poke|p1|Iron Crown|
|poke|p1|Hatterene, F|
|poke|p2|Hydrapple, M|
|poke|p2|Tyranitar, M|
|poke|p2|Alomomola, F|
|poke|p2|Clodsire, F|
|poke|p2|Clefable, M|
|poke|p2|Heracross, M|
|teampreview
|inactive|Battle timer is ON: inactive players will automatically lose when time's up. (requested by jpapaio)
|
|t:|1743881074
|start
|switch|p1a: Rillaboom|Rillaboom, M|100/100
|switch|p2a: Clefable|Clefable, M|100/100
|-fieldstart|move: Grassy Terrain|[from] ability: Grassy Surge|[of] p1a: Rillaboom
|turn|1
|
|t:|1743881082
|switch|p2a: Heracross|Heracross, M|100/100
|move|p1a: Rillaboom|U-turn|p2a: Heracross
|-resisted|p2a: Heracross
|-damage|p2a: Heracross|85/100
|-damage|p1a: Rillaboom|84/100|[from] item: Rocky Helmet|[of] p2a: Heracross
|
|t:|1743881092
|switch|p1a: Iron Crown|Iron Crown|100/100|[from] U-turn
|
|-heal|p2a: Heracross|91/100|[from] Grassy Terrain
|upkeep
|turn|2
|
|t:|1743881097
|switch|p2a: Alomomola|Alomomola, F, shiny|100/100
|move|p1a: Iron Crown|Psyshock|p2a: Alomomola
|-damage|p2a: Alomomola|64/100
|
|-heal|p2a: Alomomola|70/100|[from] Grassy Terrain
|upkeep
|turn|3
|
|t:|1743881108
|-end|p1a: Iron Crown|Quark Drive|[silent]
|switch|p1a: Ting-Lu|Ting-Lu|100/100
|-ability|p1a: Ting-Lu|Vessel of Ruin
|move|p2a: Alomomola|Protect||[still]
|-fail|p2a: Alomomola
|
|-heal|p2a: Alomomola|76/100|[from] Grassy Terrain
|upkeep
|turn|4
|
|t:|1743881114
|move|p2a: Alomomola|Flip Turn|p1a: Ting-Lu
|-supereffective|p1a: Ting-Lu
|-damage|p1a: Ting-Lu|83/100
|-damage|p2a: Alomomola|60/100|[from] item: Rocky Helmet|[of] p1a: Ting-Lu
|
|t:|1743881116
|switch|p2a: Clefable|Clefable, M|100/100|[from] Flip Turn
|move|p1a: Ting-Lu|Stealth Rock|p2a: Clefable
|-sidestart|p2: okfernankk|move: Stealth Rock
|
|-heal|p1a: Ting-Lu|89/100|[from] Grassy Terrain
|upkeep
|turn|5
|
|t:|1743881121
|move|p2a: Clefable|Knock Off|p1a: Ting-Lu
|-resisted|p1a: Ting-Lu
|-damage|p1a: Ting-Lu|85/100
|-enditem|p1a: Ting-Lu|Rocky Helmet|[from] move: Knock Off|[of] p2a: Clefable
|move|p1a: Ting-Lu|Ruination|p2a: Clefable
|-damage|p2a: Clefable|50/100
|
|-heal|p2a: Clefable|57/100|[from] Grassy Terrain
|-heal|p1a: Ting-Lu|91/100|[from] Grassy Terrain
|-fieldend|move: Grassy Terrain
|upkeep
|turn|6
|
|t:|1743881128
|move|p2a: Clefable|Wish|p2a: Clefable
|move|p1a: Ting-Lu|Ruination|p2a: Clefable
|-damage|p2a: Clefable|29/100
|
|upkeep
|turn|7
|
|t:|1743881132
|move|p2a: Clefable|Moonblast|p1a: Ting-Lu
|-supereffective|p1a: Ting-Lu
|-damage|p1a: Ting-Lu|65/100
|-unboost|p1a: Ting-Lu|spa|1
|move|p1a: Ting-Lu|Whirlwind|p2a: Clefable
|drag|p2a: Alomomola|Alomomola, F, shiny|93/100
|
|-heal|p2a: Alomomola|100/100|[from] move: Wish|[wisher] Clefable
|upkeep
|turn|8
|
|t:|1743881138
|switch|p1a: Rillaboom|Rillaboom, M|84/100
|-fieldstart|move: Grassy Terrain|[from] ability: Grassy Surge|[of] p1a: Rillaboom
|move|p2a: Alomomola|Wish|p2a: Alomomola
|
|-heal|p1a: Rillaboom|90/100|[from] Grassy Terrain
|upkeep
|turn|9
|
|t:|1743881147
|switch|p2a: Heracross|Heracross, M|91/100
|-damage|p2a: Heracross|78/100|[from] Stealth Rock
|move|p1a: Rillaboom|Wood Hammer|p2a: Heracross
|-resisted|p2a: Heracross
|-damage|p2a: Heracross|25/100
|-damage|p1a: Rillaboom|74/100|[from] item: Rocky Helmet|[of] p2a: Heracross
|-damage|p1a: Rillaboom|55/100|[from] Recoil
|
|-heal|p2a: Heracross|90/100|[from] move: Wish|[wisher] Alomomola
|-heal|p1a: Rillaboom|61/100|[from] Grassy Terrain
|-heal|p2a: Heracross|96/100|[from] Grassy Terrain
|upkeep
|turn|10
|
|t:|1743881159
|switch|p1a: Ting-Lu|Ting-Lu|65/100
|-ability|p1a: Ting-Lu|Vessel of Ruin
|move|p2a: Heracross|Iron Defense|p2a: Heracross
|-boost|p2a: Heracross|def|2
|
|-heal|p2a: Heracross|100/100|[from] Grassy Terrain
|-heal|p1a: Ting-Lu|71/100|[from] Grassy Terrain
|upkeep
|turn|11
|
|t:|1743881165
|move|p2a: Heracross|Spikes|p1a: Ting-Lu
|-sidestart|p1: jpapaio|Spikes
|move|p1a: Ting-Lu|Whirlwind|p2a: Heracross
|drag|p2a: Tyranitar|Tyranitar, M|100/100
|-weather|Sandstorm|[from] ability: Sand Stream|[of] p2a: Tyranitar
|
|-weather|Sandstorm|[upkeep]
|-heal|p1a: Ting-Lu|78/100|[from] Grassy Terrain
|upkeep
|turn|12
|
|t:|1743881171
|switch|p2a: Hydrapple|Hydrapple, M|100/100
|move|p1a: Ting-Lu|Stomping Tantrum|p2a: Hydrapple
|-resisted|p2a: Hydrapple
|-damage|p2a: Hydrapple|92/100
|
|-weather|Sandstorm|[upkeep]
|-damage|p2a: Hydrapple|86/100|[from] Sandstorm
|-heal|p1a: Ting-Lu|84/100|[from] Grassy Terrain
|-heal|p2a: Hydrapple|92/100|[from] Grassy Terrain
|-fieldend|move: Grassy Terrain
|upkeep
|turn|13
|
|t:|1743881178
|switch|p1a: Hatterene|Hatterene, F|100/100
|-damage|p1a: Hatterene|88/100|[from] Spikes
|move|p2a: Hydrapple|Giga Drain|p1a: Hatterene
|-damage|p1a: Hatterene|68/100
|-heal|p2a: Hydrapple|99/100|[from] drain|[of] p1a: Hatterene
|
|-weather|Sandstorm|[upkeep]
|-damage|p2a: Hydrapple|94/100|[from] Sandstorm
|-damage|p1a: Hatterene|62/100|[from] Sandstorm
|upkeep
|turn|14
|
|t:|1743881185
|move|p2a: Hydrapple|Nasty Plot|p2a: Hydrapple
|-boost|p2a: Hydrapple|spa|2
|move|p1a: Hatterene|Nuzzle|p2a: Hydrapple
|-resisted|p2a: Hydrapple
|-crit|p2a: Hydrapple
|-damage|p2a: Hydrapple|93/100
|-status|p2a: Hydrapple|par
|
|-weather|Sandstorm|[upkeep]
|-damage|p1a: Hatterene|56/100|[from] Sandstorm
|-damage|p2a: Hydrapple|87/100 par|[from] Sandstorm
|upkeep
|turn|15
|
|t:|1743881188
|move|p1a: Hatterene|Draining Kiss|p2a: Hydrapple
|-supereffective|p2a: Hydrapple
|-damage|p2a: Hydrapple|32/100 par
|-heal|p1a: Hatterene|100/100|[from] drain|[of] p2a: Hydrapple
|move|p2a: Hydrapple|Giga Drain|p1a: Hatterene
|-damage|p1a: Hatterene|61/100
|-heal|p2a: Hydrapple|47/100 par|[from] drain|[of] p1a: Hatterene
|
|-weather|none
|upkeep
|turn|16
|
|t:|1743881200
|switch|p2a: Tyranitar|Tyranitar, M|100/100
|-weather|Sandstorm|[from] ability: Sand Stream|[of] p2a: Tyranitar
|move|p1a: Hatterene|Draining Kiss|p2a: Tyranitar
|-supereffective|p2a: Tyranitar
|-damage|p2a: Tyranitar|76/100
|-heal|p1a: Hatterene|84/100|[from] drain|[of] p2a: Tyranitar
|
|-weather|Sandstorm|[upkeep]
|-damage|p1a: Hatterene|78/100|[from] Sandstorm
|upkeep
|turn|17
|
|t:|1743881211
|switch|p2a: Clodsire|Clodsire, F|100/100
|switch|p1a: Ting-Lu|Ting-Lu|84/100
|-damage|p1a: Ting-Lu|71/100|[from] Spikes
|-ability|p1a: Ting-Lu|Vessel of Ruin
|
|-weather|Sandstorm|[upkeep]
|upkeep
|turn|18
|l|☆okfernankk
|inactive|okfernankk disconnected and has a minute to reconnect!
|player|p2|
|inactive|okfernankk has 30 seconds to reconnect!
|inactive|okfernankk has 20 seconds to reconnect!
|inactive|okfernankk has 15 seconds to reconnect!
|inactive|okfernankk has 10 seconds to reconnect!
|inactive|okfernankk has 5 seconds to reconnect!
|-message|okfernankk lost due to inactivity.
|
|win|jpapaio
|raw|jpapaio's rating: 1639 &rarr; <strong>1659</strong><br />(+20 for winning)
|raw|okfernankk's rating: 1635 &rarr; <strong>1615</strong><br />(-20 for losing)
|l|☆jpapaio
|player|p1|
