|j|‽Guest 6062653
|j|☆thegildedarrow
|t:|1743926193
|gametype|singles
|player|p1|Guest 6062653|1|1129
|player|p2|thegildedarrow|steven|1175
|teamsize|p1|6
|teamsize|p2|6
|gen|9
|tier|[Gen 9] OU
|rated|
|rule|HP Percentage Mod: HP is shown in percentages
|rule|Endless Battle Clause: Forcing endless battles is banned
|rule|Species Clause: Limit one of each Pokémon
|rule|OHKO Clause: OHKO moves are banned
|rule|Evasion Items Clause: Evasion items are banned
|rule|Evasion Moves Clause: Evasion moves are banned
|rule|Sleep Moves Clause: Sleep-inducing moves are banned
|clearpoke
|poke|p1|Chansey, F|
|poke|p1|Toxapex, F|
|poke|p1|Blaziken, M|
|poke|p1|Dragapult, F|
|poke|p1|Corviknight, M|
|poke|p1|Typhlosion, M|
|poke|p2|Galvantula, F|
|poke|p2|Flygon, F|
|poke|p2|Necrozma|
|poke|p2|Umbreon, M|
|poke|p2|Lilligant-Hisui, F|
|poke|p2|Walking Wake|
|teampreview
|
|t:|1743926202
|start
|switch|p1a: Typhlosion|Typhlosion, M|100/100
|switch|p2a: Sparky|Galvantula, F, shiny|100/100
|turn|1
|
|t:|1743926211
|-terastallize|p1a: Typhlosion|Fire
|move|p1a: Typhlosion|Eruption|p2a: Sparky
|-supereffective|p2a: Sparky
|-enditem|p2a: Sparky|Focus Sash
|-damage|p2a: Sparky|1/100
|move|p2a: Sparky|Discharge|p1a: Typhlosion
|-damage|p1a: Typhlosion|51/100
|
|upkeep
|turn|2
|
|t:|1743926225
|move|p1a: Typhlosion|Eruption|p2a: Sparky
|-supereffective|p2a: Sparky
|-damage|p2a: Sparky|0 fnt
|faint|p2a: Sparky
|
|upkeep
|
|t:|1743926236
|switch|p2a: Deno Dino|Walking Wake|100/100
|turn|3
|
|t:|1743926245
|switch|p1a: Toxapex|Toxapex, F|100/100
|move|p2a: Deno Dino|Hydro Steam|p1a: Toxapex
|-resisted|p1a: Toxapex
|-damage|p1a: Toxapex|82/100
|-damage|p2a: Deno Dino|91/100|[from] item: Life Orb
|
|-heal|p1a: Toxapex|89/100|[from] item: Black Sludge
|upkeep
|turn|4
|
|t:|1743926257
|move|p2a: Deno Dino|Draco Meteor|p1a: Toxapex
|-damage|p1a: Toxapex|30/100
|-unboost|p2a: Deno Dino|spa|2
|-damage|p2a: Deno Dino|81/100|[from] item: Life Orb
|move|p1a: Toxapex|Toxic|p2a: Deno Dino
|-status|p2a: Deno Dino|tox
|
|-heal|p1a: Toxapex|37/100|[from] item: Black Sludge
|-damage|p2a: Deno Dino|74/100 tox|[from] psn
|upkeep
|turn|5
|
|t:|1743926274
|move|p1a: Toxapex|Protect|p1a: Toxapex
|-singleturn|p1a: Toxapex|Protect
|move|p2a: Deno Dino|Draco Meteor|p1a: Toxapex
|-activate|p1a: Toxapex|move: Protect
|
|-heal|p1a: Toxapex|43/100|[from] item: Black Sludge
|-damage|p2a: Deno Dino|62/100 tox|[from] psn
|upkeep
|turn|6
|
|t:|1743926282
|move|p2a: Deno Dino|Sunny Day|p2a: Deno Dino
|-weather|SunnyDay
|-activate|p2a: Deno Dino|ability: Protosynthesis
|-start|p2a: Deno Dino|protosynthesisspe
|move|p1a: Toxapex|Recover|p1a: Toxapex
|-heal|p1a: Toxapex|93/100
|
|-weather|SunnyDay|[upkeep]
|-heal|p1a: Toxapex|99/100|[from] item: Black Sludge
|-damage|p2a: Deno Dino|43/100 tox|[from] psn
|upkeep
|turn|7
|
|t:|1743926292
|-end|p2a: Deno Dino|Protosynthesis|[silent]
|switch|p2a: Eclipse|Lilligant-Hisui, F, shiny|100/100
|move|p1a: Toxapex|Protect||[still]
|-fail|p1a: Toxapex
|
|-weather|SunnyDay|[upkeep]
|-heal|p1a: Toxapex|100/100|[from] item: Black Sludge
|upkeep
|turn|8
|
|t:|1743926310
|-terastallize|p2a: Eclipse|Stellar
|move|p2a: Eclipse|Petal Blizzard|p1a: Toxapex
|-damage|p1a: Toxapex|57/100
|move|p1a: Toxapex|Toxic|p2a: Eclipse
|-status|p2a: Eclipse|tox
|
|-weather|SunnyDay|[upkeep]
|-heal|p1a: Toxapex|63/100|[from] item: Black Sludge
|-damage|p2a: Eclipse|94/100 tox|[from] psn
|upkeep
|turn|9
|
|t:|1743926320
|move|p1a: Toxapex|Protect|p1a: Toxapex
|-singleturn|p1a: Toxapex|Protect
|move|p2a: Eclipse|Victory Dance|p2a: Eclipse
|-boost|p2a: Eclipse|atk|1
|-boost|p2a: Eclipse|def|1
|-boost|p2a: Eclipse|spe|1
|
|-weather|SunnyDay|[upkeep]
|-heal|p1a: Toxapex|70/100|[from] item: Black Sludge
|-damage|p2a: Eclipse|82/100 tox|[from] psn
|upkeep
|turn|10
|
|t:|1743926329
|move|p2a: Eclipse|Close Combat|p1a: Toxapex
|-resisted|p1a: Toxapex
|-damage|p1a: Toxapex|26/100
|-unboost|p2a: Eclipse|def|1
|-unboost|p2a: Eclipse|spd|1
|move|p1a: Toxapex|Haze|p1a: Toxapex
|-clearallboost
|
|-weather|none
|-heal|p1a: Toxapex|32/100|[from] item: Black Sludge
|-damage|p2a: Eclipse|64/100 tox|[from] psn
|upkeep
|turn|11
|
|t:|1743926343
|move|p1a: Toxapex|Protect|p1a: Toxapex
|-singleturn|p1a: Toxapex|Protect
|move|p2a: Eclipse|Acrobatics|p1a: Toxapex
|-activate|p1a: Toxapex|move: Protect
|
|-heal|p1a: Toxapex|38/100|[from] item: Black Sludge
|-damage|p2a: Eclipse|39/100 tox|[from] psn
|upkeep
|turn|12
|
|t:|1743926353
|move|p2a: Eclipse|Acrobatics|p1a: Toxapex
|-damage|p1a: Toxapex|23/100
|move|p1a: Toxapex|Recover|p1a: Toxapex
|-heal|p1a: Toxapex|73/100
|
|-heal|p1a: Toxapex|79/100|[from] item: Black Sludge
|-damage|p2a: Eclipse|9/100 tox|[from] psn
|upkeep
|turn|13
|
|t:|1743926363
|move|p1a: Toxapex|Protect|p1a: Toxapex
|-singleturn|p1a: Toxapex|Protect
|move|p2a: Eclipse|Petal Blizzard|p1a: Toxapex
|-activate|p1a: Toxapex|move: Protect
|
|-heal|p1a: Toxapex|85/100|[from] item: Black Sludge
|-damage|p2a: Eclipse|0 fnt|[from] psn
|faint|p2a: Eclipse
|upkeep
|
|t:|1743926373
|switch|p2a: Spirit|Flygon, F, shiny|100/100
|turn|14
|
|t:|1743926378
|move|p2a: Spirit|Earthquake|p1a: Toxapex
|-supereffective|p1a: Toxapex
|-damage|p1a: Toxapex|14/100
|move|p1a: Toxapex|Toxic|p2a: Spirit
|-status|p2a: Spirit|tox
|
|-heal|p1a: Toxapex|21/100|[from] item: Black Sludge
|-damage|p2a: Spirit|94/100 tox|[from] psn
|upkeep
|turn|15
|
|t:|1743926388
|move|p1a: Toxapex|Protect|p1a: Toxapex
|-singleturn|p1a: Toxapex|Protect
|move|p2a: Spirit|Earthquake|p1a: Toxapex
|-activate|p1a: Toxapex|move: Protect
|
|-heal|p1a: Toxapex|27/100|[from] item: Black Sludge
|-damage|p2a: Spirit|82/100 tox|[from] psn
|upkeep
|turn|16
|
|t:|1743926408
|switch|p1a: Corviknight|Corviknight, M|100/100
|-ability|p1a: Corviknight|Pressure
|move|p2a: Spirit|Dragon Dance|p2a: Spirit
|-boost|p2a: Spirit|atk|1
|-boost|p2a: Spirit|spe|1
|
|-damage|p2a: Spirit|63/100 tox|[from] psn
|upkeep
|turn|17
|
|t:|1743926420
|move|p2a: Spirit|Dragon Claw|p1a: Corviknight
|-resisted|p1a: Corviknight
|-damage|p1a: Corviknight|81/100
|-heal|p2a: Spirit|65/100 tox|[from] item: Shell Bell|[of] p1a: Corviknight
|move|p1a: Corviknight|Body Press|p2a: Spirit
|-damage|p2a: Spirit|33/100 tox
|
|-damage|p2a: Spirit|8/100 tox|[from] psn
|upkeep
|turn|18
|
|t:|1743926429
|move|p2a: Spirit|Tailwind|p2a: Spirit
|-sidestart|p2: thegildedarrow|move: Tailwind
|move|p1a: Corviknight|Body Press|p2a: Spirit
|-damage|p2a: Spirit|0 fnt
|faint|p2a: Spirit
|
|upkeep
|
|t:|1743926447
|switch|p2a: Castle|Necrozma|100/100
|turn|19
|
|t:|1743926450
|move|p2a: Castle|Calm Mind|p2a: Castle
|-boost|p2a: Castle|spa|1
|-boost|p2a: Castle|spd|1
|move|p1a: Corviknight|Body Press|p2a: Castle
|-resisted|p2a: Castle
|-damage|p2a: Castle|92/100
|
|-heal|p2a: Castle|98/100|[from] item: Leftovers
|upkeep
|turn|20
|
|t:|1743926459
|switch|p1a: Toxapex|Toxapex, F|60/100
|move|p2a: Castle|Calm Mind|p2a: Castle
|-boost|p2a: Castle|spa|1
|-boost|p2a: Castle|spd|1
|
|-heal|p2a: Castle|100/100|[from] item: Leftovers
|-heal|p1a: Toxapex|66/100|[from] item: Black Sludge
|upkeep
|turn|21
|
|t:|1743926467
|move|p2a: Castle|Photon Geyser|p1a: Toxapex
|-supereffective|p1a: Toxapex
|-damage|p1a: Toxapex|0 fnt
|faint|p1a: Toxapex
|
|-sideend|p2: thegildedarrow|move: Tailwind
|upkeep
|
|t:|1743926479
|switch|p1a: Typhlosion|Typhlosion, M, tera:Fire|51/100
|turn|22
|
|t:|1743926484
|move|p1a: Typhlosion|Eruption|p2a: Castle
|-damage|p2a: Castle|78/100
|move|p2a: Castle|Photon Geyser|p1a: Typhlosion
|-damage|p1a: Typhlosion|0 fnt
|faint|p1a: Typhlosion
|
|-heal|p2a: Castle|84/100|[from] item: Leftovers
|upkeep
|
|t:|1743926494
|switch|p1a: Blaziken|Blaziken, M|100/100
|turn|23
|
|t:|1743926497
|move|p1a: Blaziken|Flare Blitz|p2a: Castle
|-damage|p2a: Castle|45/100
|-damage|p1a: Blaziken|84/100|[from] Recoil
|move|p2a: Castle|Photon Geyser|p1a: Blaziken
|-supereffective|p1a: Blaziken
|-damage|p1a: Blaziken|0 fnt
|faint|p1a: Blaziken
|
|-heal|p2a: Castle|51/100|[from] item: Leftovers
|upkeep
|
|t:|1743926509
|switch|p1a: Dragapult|Dragapult, F|100/100
|turn|24
|
|t:|1743926515
|move|p1a: Dragapult|Draco Meteor|p2a: Castle
|-damage|p2a: Castle|20/100
|-unboost|p1a: Dragapult|spa|2
|move|p2a: Castle|Morning Sun|p2a: Castle
|-heal|p2a: Castle|70/100
|
|-heal|p2a: Castle|76/100|[from] item: Leftovers
|upkeep
|turn|25
|
|t:|1743926524
|move|p1a: Dragapult|Draco Meteor|p2a: Castle|[miss]
|-miss|p1a: Dragapult|p2a: Castle
|move|p2a: Castle|Photon Geyser|p1a: Dragapult
|-enditem|p1a: Dragapult|Focus Sash
|-damage|p1a: Dragapult|1/100
|
|-heal|p2a: Castle|82/100|[from] item: Leftovers
|upkeep
|turn|26
|
|t:|1743926535
|move|p1a: Dragapult|Draco Meteor|p2a: Castle
|-damage|p2a: Castle|68/100
|-unboost|p1a: Dragapult|spa|2
|move|p2a: Castle|Photon Geyser|p1a: Dragapult
|-damage|p1a: Dragapult|0 fnt
|faint|p1a: Dragapult
|
|-heal|p2a: Castle|74/100|[from] item: Leftovers
|upkeep
|
|t:|1743926546
|switch|p1a: Chansey|Chansey, F|100/100
|turn|27
|
|t:|1743926552
|move|p2a: Castle|Photon Geyser|p1a: Chansey
|-damage|p1a: Chansey|76/100
|move|p1a: Chansey|Seismic Toss|p2a: Castle
|-damage|p2a: Castle|49/100
|
|-heal|p2a: Castle|55/100|[from] item: Leftovers
|upkeep
|turn|28
|
|t:|1743926562
|move|p2a: Castle|Morning Sun|p2a: Castle
|-heal|p2a: Castle|100/100
|move|p1a: Chansey|Seismic Toss|p2a: Castle
|-damage|p2a: Castle|75/100
|
|-heal|p2a: Castle|81/100|[from] item: Leftovers
|upkeep
|turn|29
|
|t:|1743926571
|switch|p2a: Deno Dino|Walking Wake|43/100 tox
|move|p1a: Chansey|Thunder Wave||[still]
|-fail|p1a: Chansey
|
|-damage|p2a: Deno Dino|37/100 tox|[from] psn
|upkeep
|turn|30
|
|t:|1743926579
|move|p1a: Chansey|Protect|p1a: Chansey
|-singleturn|p1a: Chansey|Protect
|move|p2a: Deno Dino|Draco Meteor|p1a: Chansey
|-activate|p1a: Chansey|move: Protect
|
|-damage|p2a: Deno Dino|25/100 tox|[from] psn
|upkeep
|turn|31
|
|t:|1743926588
|move|p2a: Deno Dino|Draco Meteor|p1a: Chansey
|-damage|p1a: Chansey|54/100
|-unboost|p2a: Deno Dino|spa|2
|-damage|p2a: Deno Dino|15/100 tox|[from] item: Life Orb
|move|p1a: Chansey|Soft-Boiled|p1a: Chansey
|-heal|p1a: Chansey|100/100
|
|-damage|p2a: Deno Dino|0 fnt|[from] psn
|faint|p2a: Deno Dino
|-end|p2a: Deno Dino|Protosynthesis|[silent]
|upkeep
|
|t:|1743926598
|switch|p2a: Theo|Umbreon, M, shiny|100/100
|turn|32
|
|t:|1743926601
|move|p2a: Theo|Curse|p2a: Theo
|-unboost|p2a: Theo|spe|1
|-boost|p2a: Theo|atk|1
|-boost|p2a: Theo|def|1
|move|p1a: Chansey|Seismic Toss|p2a: Theo
|-damage|p2a: Theo|75/100
|
|-heal|p2a: Theo|81/100|[from] item: Leftovers
|upkeep
|turn|33
|l|‽Guest 6062653
|player|p1|
|inactive|Battle timer is ON: inactive players will automatically lose when time's up. (requested by thegildedarrow)
|inactive|Guest 6062653 has 30 seconds to reconnect!
|inactive|Guest 6062653 has 20 seconds to reconnect!
|inactive|Guest 6062653 has 15 seconds to reconnect!
|inactive|Guest 6062653 has 10 seconds to reconnect!
|inactive|Guest 6062653 has 5 seconds to reconnect!
|-message|Guest 6062653 lost due to inactivity.
|
|win|thegildedarrow
|raw|Guest 6062653's rating: 1129 &rarr; <strong>1107</strong><br />(-22 for losing)
|raw|thegildedarrow's rating: 1175 &rarr; <strong>1197</strong><br />(+22 for winning)
|l|☆thegildedarrow
|player|p2|
