|j|☆jakelong556
|j|☆Ean's Gay
|t:|1743829418
|gametype|singles
|player|p1|jakelong556|2|1059
|player|p2|Ean's Gay|volkner|1095
|teamsize|p1|6
|teamsize|p2|6
|gen|9
|tier|[Gen 9] OU
|rated|
|rule|HP Percentage Mod: HP is shown in percentages
|rule|Endless Battle Clause: Forcing endless battles is banned
|rule|Species Clause: Limit one of each Pokémon
|rule|OHKO Clause: OHKO moves are banned
|rule|Evasion Items Clause: Evasion items are banned
|rule|Evasion Moves Clause: Evasion moves are banned
|rule|Sleep Moves Clause: Sleep-inducing moves are banned
|clearpoke
|poke|p1|Garganacl, M|
|poke|p1|Weezing-Galar, F|
|poke|p1|Corviknight, M|
|poke|p1|Dragapult, M|
|poke|p1|Slowking-Galar, M|
|poke|p1|Samurott-Hisui, F|
|poke|p2|Goodra-Hisui, M|
|poke|p2|Dragapult, F|
|poke|p2|Samurott-Hisui, M|
|poke|p2|Ursaluna, F|
|poke|p2|Metagross|
|poke|p2|Porygon-Z|
|teampreview
|
|t:|1743829428
|start
|switch|p1a: Garganacl|Garganacl, M|100/100
|switch|p2a: Goodra|Goodra-Hisui, M|100/100
|turn|1
|
|t:|1743829440
|move|p2a: Goodra|Draco Meteor|p1a: Garganacl
|-damage|p1a: Garganacl|57/100
|-unboost|p2a: Goodra|spa|2
|move|p1a: Garganacl|Salt Cure|p2a: Goodra
|-resisted|p2a: Goodra
|-damage|p2a: Goodra|94/100
|-start|p2a: Goodra|Salt Cure
|
|-heal|p1a: Garganacl|63/100|[from] item: Leftovers
|-damage|p2a: Goodra|69/100|[from] Salt Cure
|upkeep
|turn|2
|
|t:|1743829456
|switch|p2a: Samurott|Samurott-Hisui, M|100/100
|move|p1a: Garganacl|Protect||[still]
|-fail|p1a: Garganacl
|
|-heal|p1a: Garganacl|70/100|[from] item: Leftovers
|upkeep
|turn|3
|
|t:|1743829463
|move|p2a: Samurott|Razor Shell|p1a: Garganacl
|-supereffective|p1a: Garganacl
|-damage|p1a: Garganacl|0 fnt
|faint|p1a: Garganacl
|-damage|p2a: Samurott|91/100|[from] item: Life Orb
|
|upkeep
|
|t:|1743829485
|switch|p1a: Corviknight|Corviknight, M|100/100
|-ability|p1a: Corviknight|Pressure
|turn|4
|
|t:|1743829491
|move|p2a: Samurott|Ceaseless Edge|p1a: Corviknight
|-damage|p1a: Corviknight|68/100
|-damage|p2a: Samurott|74/100|[from] item: Rocky Helmet|[of] p1a: Corviknight
|-sidestart|p1: jakelong556|Spikes
|-damage|p2a: Samurott|64/100|[from] item: Life Orb
|move|p1a: Corviknight|Iron Defense|p1a: Corviknight
|-boost|p1a: Corviknight|def|2
|
|upkeep
|turn|5
|
|t:|1743829500
|move|p2a: Samurott|Ceaseless Edge|p1a: Corviknight|[miss]
|-miss|p2a: Samurott|p1a: Corviknight
|move|p1a: Corviknight|Body Press|p2a: Samurott
|-supereffective|p2a: Samurott
|-damage|p2a: Samurott|0 fnt
|faint|p2a: Samurott
|
|upkeep
|
|t:|1743829508
|switch|p2a: Ursaluna|Ursaluna, F|100/100
|turn|6
|
|t:|1743829513
|move|p1a: Corviknight|Iron Defense|p1a: Corviknight
|-boost|p1a: Corviknight|def|2
|move|p2a: Ursaluna|Ice Punch|p1a: Corviknight
|-damage|p1a: Corviknight|62/100
|-damage|p2a: Ursaluna|84/100|[from] item: Rocky Helmet|[of] p1a: Corviknight
|
|-status|p2a: Ursaluna|brn|[from] item: Flame Orb
|upkeep
|turn|7
|
|t:|1743829521
|move|p1a: Corviknight|Body Press|p2a: Ursaluna
|-supereffective|p2a: Ursaluna
|-damage|p2a: Ursaluna|0 fnt
|faint|p2a: Ursaluna
|
|upkeep
|
|t:|1743829528
|switch|p2a: Porygon-Z|Porygon-Z|100/100
|turn|8
|
|t:|1743829530
|move|p2a: Porygon-Z|Tri Attack|p1a: Corviknight
|-resisted|p1a: Corviknight
|-damage|p1a: Corviknight|33/100
|move|p1a: Corviknight|Iron Defense|p1a: Corviknight
|-boost|p1a: Corviknight|def|2
|
|upkeep
|turn|9
|
|t:|1743829545
|move|p2a: Porygon-Z|Tri Attack|p1a: Corviknight
|-resisted|p1a: Corviknight
|-damage|p1a: Corviknight|4/100
|-status|p1a: Corviknight|par
|move|p1a: Corviknight|Roost|p1a: Corviknight
|-heal|p1a: Corviknight|54/100 par
|-singleturn|p1a: Corviknight|move: Roost
|
|upkeep
|turn|10
|
|t:|1743829555
|move|p2a: Porygon-Z|Tri Attack|p1a: Corviknight
|-resisted|p1a: Corviknight
|-damage|p1a: Corviknight|26/100 par
|move|p1a: Corviknight|Body Press|p2a: Porygon-Z
|-supereffective|p2a: Porygon-Z
|-damage|p2a: Porygon-Z|0 fnt
|faint|p2a: Porygon-Z
|
|upkeep
|
|t:|1743829564
|switch|p2a: Goodra|Goodra-Hisui, M|69/100
|turn|11
|
|t:|1743829577
|move|p2a: Goodra|Flamethrower|p1a: Corviknight
|-supereffective|p1a: Corviknight
|-damage|p1a: Corviknight|0 fnt
|faint|p1a: Corviknight
|
|upkeep
|
|t:|1743829588
|switch|p1a: Slowking|Slowking-Galar, M|100/100
|-damage|p1a: Slowking|88/100|[from] Spikes
|turn|12
|
|t:|1743829600
|switch|p1a: Weezing|Weezing-Galar, F|100/100
|-ability|p1a: Weezing|Neutralizing Gas
|-damage|p1a: Weezing|88/100|[from] Spikes
|move|p2a: Goodra|Flamethrower|p1a: Weezing
|-damage|p1a: Weezing|47/100
|
|-heal|p1a: Weezing|53/100|[from] item: Black Sludge
|upkeep
|turn|13
|
|t:|1743829615
|move|p2a: Goodra|Flash Cannon|p1a: Weezing
|-supereffective|p1a: Weezing
|-damage|p1a: Weezing|0 fnt
|faint|p1a: Weezing
|-end|p1a: Weezing|ability: Neutralizing Gas
|
|upkeep
|
|t:|1743829625
|switch|p1a: Samurott|Samurott-Hisui, F|100/100
|-damage|p1a: Samurott|88/100|[from] Spikes
|turn|14
|
|t:|1743829653
|move|p1a: Samurott|Razor Shell|p2a: Goodra
|-resisted|p2a: Goodra
|-damage|p2a: Goodra|44/100
|-unboost|p2a: Goodra|def|1
|-ability|p2a: Goodra|Gooey
|-unboost|p1a: Samurott|spe|1
|move|p2a: Goodra|Thunderbolt|p1a: Samurott
|-supereffective|p1a: Samurott
|-damage|p1a: Samurott|0 fnt
|faint|p1a: Samurott
|
|upkeep
|
|t:|1743829665
|switch|p1a: Slowking|Slowking-Galar, M|100/100
|-damage|p1a: Slowking|88/100|[from] Spikes
|turn|15
|
|t:|1743829674
|move|p2a: Goodra|Thunderbolt|p1a: Slowking
|-damage|p1a: Slowking|75/100
|move|p1a: Slowking|Future Sight|p2a: Goodra
|-start|p1a: Slowking|move: Future Sight
|
|upkeep
|turn|16
|
|t:|1743829680
|switch|p1a: Dragapult|Dragapult, M|100/100
|move|p2a: Goodra|Flamethrower|p1a: Dragapult
|-resisted|p1a: Dragapult
|-damage|p1a: Dragapult|78/100
|-status|p1a: Dragapult|brn
|
|-damage|p1a: Dragapult|72/100 brn|[from] brn
|upkeep
|turn|17
|
|t:|1743829699
|move|p1a: Dragapult|Dragon Darts|p2a: Goodra
|-damage|p2a: Goodra|25/100
|-anim|p1a: Dragapult|Dragon Darts|p2a: Goodra
|-damage|p2a: Goodra|7/100
|move|p2a: Goodra|Draco Meteor|p1a: Dragapult
|-supereffective|p1a: Dragapult
|-damage|p1a: Dragapult|0 fnt
|-unboost|p2a: Goodra|spa|2
|faint|p1a: Dragapult
|
|-end|p2a: Goodra|move: Future Sight
|-resisted|p2a: Goodra
|-damage|p2a: Goodra|0 fnt
|faint|p2a: Goodra
|upkeep
|
|t:|1743829712
|switch|p1a: Slowking|Slowking-Galar, M|100/100
|switch|p2a: Dragapult|Dragapult, F|100/100
|-damage|p1a: Slowking|88/100|[from] Spikes
|turn|18
|
|t:|1743829723
|move|p2a: Dragapult|Phantom Force||[still]
|-prepare|p2a: Dragapult|Phantom Force
|move|p1a: Slowking|Sludge Bomb|p2a: Dragapult|[miss]
|-miss|p1a: Slowking|p2a: Dragapult
|
|upkeep
|turn|19
|
|t:|1743829731
|move|p2a: Dragapult|Phantom Force|p1a: Slowking|[from] lockedmove
|-supereffective|p1a: Slowking
|-damage|p1a: Slowking|0 fnt
|faint|p1a: Slowking
|
|win|Ean's Gay
|raw|jakelong556's rating: 1059 &rarr; <strong>1042</strong><br />(-17 for losing)
|raw|Ean&apos;s Gay's rating: 1095 &rarr; <strong>1118</strong><br />(+23 for winning)
|l|☆jakelong556
|player|p1|
|l|☆Ean's Gay
|player|p2|
