|j|‽omari p
|j|☆mim sdf
|t:|1743861674
|gametype|singles
|player|p1|omari p|pokemonrangerf|1593
|player|p2|mim sdf|gentleman-gen4dp|1561
|teamsize|p1|6
|teamsize|p2|6
|gen|9
|tier|[Gen 9] OU
|rated|
|rule|HP Percentage Mod: HP is shown in percentages
|rule|Endless Battle Clause: Forcing endless battles is banned
|rule|Species Clause: Limit one of each Pokémon
|rule|OHKO Clause: OHKO moves are banned
|rule|Evasion Items Clause: Evasion items are banned
|rule|Evasion Moves Clause: Evasion moves are banned
|rule|Sleep Moves Clause: Sleep-inducing moves are banned
|clearpoke
|poke|p1|Thundurus-Therian, M|
|poke|p1|Cinderace, M|
|poke|p1|Mandibuzz, F|
|poke|p1|Latios, M|
|poke|p1|Deoxys-Speed|
|poke|p1|Iron Hands|
|poke|p2|Blissey, F|
|poke|p2|Clefable, F|
|poke|p2|Gliscor, F|
|poke|p2|Dondozo, F|
|poke|p2|Toxapex, M|
|poke|p2|Heatran, M|
|teampreview
|
|t:|1743861696
|start
|switch|p1a: Deoxys|Deoxys-Speed|100/100
|switch|p2a: Heatran|Heatran, M|100/100
|-ability|p1a: Deoxys|Pressure
|turn|1
|
|t:|1743861699
|move|p1a: Deoxys|Stealth Rock|p2a: Heatran
|-sidestart|p2: mim sdf|move: Stealth Rock
|move|p2a: Heatran|Magma Storm|p1a: Deoxys
|-damage|p1a: Deoxys|34/100
|-activate|p1a: Deoxys|move: Magma Storm|[of] p2a: Heatran
|
|-damage|p1a: Deoxys|22/100|[from] move: Magma Storm|[partiallytrapped]
|upkeep
|turn|2
|inactive|Battle timer is ON: inactive players will automatically lose when time's up. (requested by omari p)
|
|t:|1743861703
|move|p1a: Deoxys|Psycho Boost|p2a: Heatran
|-resisted|p2a: Heatran
|-damage|p2a: Heatran|82/100
|-unboost|p1a: Deoxys|spa|2
|move|p2a: Heatran|Earth Power|p1a: Deoxys
|-damage|p1a: Deoxys|0 fnt
|faint|p1a: Deoxys
|
|-heal|p2a: Heatran|88/100|[from] item: Leftovers
|upkeep
|
|t:|1743861707
|switch|p1a: Iron Hands|Iron Hands|100/100
|turn|3
|
|t:|1743861713
|switch|p2a: Clefable|Clefable, F|100/100
|move|p1a: Iron Hands|Close Combat|p2a: Clefable
|-resisted|p2a: Clefable
|-damage|p2a: Clefable|72/100
|-unboost|p1a: Iron Hands|def|1
|-unboost|p1a: Iron Hands|spd|1
|
|upkeep
|turn|4
|
|t:|1743861718
|move|p2a: Clefable|Trick|p1a: Iron Hands
|-activate|p2a: Clefable|move: Trick|[of] p1a: Iron Hands
|-item|p1a: Iron Hands|Sticky Barb|[from] move: Trick
|-item|p2a: Clefable|Assault Vest|[from] move: Trick
|move|p1a: Iron Hands|Heavy Slam|p2a: Clefable
|-supereffective|p2a: Clefable
|-crit|p2a: Clefable
|-damage|p2a: Clefable|0 fnt
|faint|p2a: Clefable
|
|-damage|p1a: Iron Hands|88/100|[from] item: Sticky Barb
|upkeep
|
|t:|1743861728
|switch|p2a: Gliscor|Gliscor, F|100/100
|-damage|p2a: Gliscor|88/100|[from] Stealth Rock
|turn|5
|
|t:|1743861731
|move|p2a: Gliscor|Protect|p2a: Gliscor
|-singleturn|p2a: Gliscor|Protect
|move|p1a: Iron Hands|Ice Punch|p2a: Gliscor
|-activate|p2a: Gliscor|move: Protect
|
|-status|p2a: Gliscor|tox|[from] item: Toxic Orb
|-damage|p1a: Iron Hands|76/100|[from] item: Sticky Barb
|upkeep
|turn|6
|
|t:|1743861733
|switch|p2a: Toxapex|Toxapex, M|100/100
|move|p1a: Iron Hands|Ice Punch|p2a: Toxapex
|-resisted|p2a: Toxapex
|-damage|p2a: Toxapex|91/100
|
|-damage|p1a: Iron Hands|63/100|[from] item: Sticky Barb
|upkeep
|turn|7
|
|t:|1743861738
|move|p1a: Iron Hands|Wild Charge|p2a: Toxapex
|-supereffective|p2a: Toxapex
|-crit|p2a: Toxapex
|-damage|p2a: Toxapex|0 fnt
|faint|p2a: Toxapex
|-damage|p1a: Iron Hands|48/100|[from] Recoil
|
|-damage|p1a: Iron Hands|36/100|[from] item: Sticky Barb
|upkeep
|j| AzovSTALL
|
|t:|1743861748
|switch|p2a: Heatran|Heatran, M|88/100
|-damage|p2a: Heatran|76/100|[from] Stealth Rock
|turn|8
|
|t:|1743861751
|move|p2a: Heatran|Protect|p2a: Heatran
|-singleturn|p2a: Heatran|Protect
|move|p1a: Iron Hands|Close Combat|p2a: Heatran
|-activate|p2a: Heatran|move: Protect
|
|-heal|p2a: Heatran|82/100|[from] item: Leftovers
|-damage|p1a: Iron Hands|23/100|[from] item: Sticky Barb
|upkeep
|turn|9
|
|t:|1743861754
|move|p2a: Heatran|Earth Power|p1a: Iron Hands
|-supereffective|p1a: Iron Hands
|-damage|p1a: Iron Hands|0 fnt
|faint|p1a: Iron Hands
|-end|p1a: Iron Hands|Quark Drive|[silent]
|
|-heal|p2a: Heatran|88/100|[from] item: Leftovers
|upkeep
|
|t:|1743861758
|switch|p1a: Cinderace|Cinderace, M|100/100
|turn|10
|
|t:|1743861762
|switch|p2a: Gliscor|Gliscor, F|88/100 tox
|-damage|p2a: Gliscor|75/100 tox|[from] Stealth Rock
|move|p1a: Cinderace|High Jump Kick|p2a: Gliscor
|-start|p1a: Cinderace|typechange|Fighting|[from] ability: Libero
|-resisted|p2a: Gliscor
|-damage|p2a: Gliscor|53/100 tox
|
|-heal|p2a: Gliscor|66/100 tox|[from] ability: Poison Heal
|upkeep
|turn|11
|
|t:|1743861765
|move|p1a: Cinderace|Pyro Ball|p2a: Gliscor
|-crit|p2a: Gliscor
|-damage|p2a: Gliscor|22/100 tox
|move|p2a: Gliscor|Spikes|p1a: Cinderace
|-sidestart|p1: omari p|Spikes
|
|-heal|p2a: Gliscor|35/100 tox|[from] ability: Poison Heal
|upkeep
|turn|12
|
|t:|1743861770
|switch|p1a: Latios|Latios, M|100/100
|move|p2a: Gliscor|Protect||[still]
|-fail|p2a: Gliscor
|
|-heal|p2a: Gliscor|47/100 tox|[from] ability: Poison Heal
|upkeep
|turn|13
|
|t:|1743861776
|switch|p2a: Blissey|Blissey, F|100/100
|move|p1a: Latios|Trick|p2a: Blissey
|-activate|p1a: Latios|move: Trick|[of] p2a: Blissey
|-item|p2a: Blissey|Choice Scarf|[from] move: Trick
|-item|p1a: Latios|Heavy-Duty Boots|[from] move: Trick
|
|upkeep
|turn|14
|
|t:|1743861784
|move|p1a: Latios|Luster Purge|p2a: Blissey
|-crit|p2a: Blissey
|-damage|p2a: Blissey|77/100
|-unboost|p2a: Blissey|spd|1
|move|p2a: Blissey|Seismic Toss|p1a: Latios
|-damage|p1a: Latios|67/100
|
|upkeep
|turn|15
|
|t:|1743861788
|switch|p1a: Mandibuzz|Mandibuzz, F, shiny|100/100
|switch|p2a: Heatran|Heatran, M|88/100
|-damage|p2a: Heatran|76/100|[from] Stealth Rock
|
|-heal|p2a: Heatran|82/100|[from] item: Leftovers
|upkeep
|turn|16
|
|t:|1743861791
|move|p1a: Mandibuzz|Foul Play|p2a: Heatran
|-damage|p2a: Heatran|62/100
|move|p2a: Heatran|Magma Storm|p1a: Mandibuzz
|-damage|p1a: Mandibuzz|65/100
|-activate|p1a: Mandibuzz|move: Magma Storm|[of] p2a: Heatran
|
|-heal|p2a: Heatran|68/100|[from] item: Leftovers
|-damage|p1a: Mandibuzz|53/100|[from] move: Magma Storm|[partiallytrapped]
|upkeep
|turn|17
|
|t:|1743861796
|move|p1a: Mandibuzz|Roost|p1a: Mandibuzz
|-heal|p1a: Mandibuzz|100/100
|-singleturn|p1a: Mandibuzz|move: Roost
|move|p2a: Heatran|Magma Storm|p1a: Mandibuzz|[miss]
|-miss|p2a: Heatran|p1a: Mandibuzz
|
|-heal|p2a: Heatran|74/100|[from] item: Leftovers
|-damage|p1a: Mandibuzz|88/100|[from] move: Magma Storm|[partiallytrapped]
|upkeep
|turn|18
|
|t:|1743861802
|move|p1a: Mandibuzz|Foul Play|p2a: Heatran
|-damage|p2a: Heatran|53/100
|move|p2a: Heatran|Taunt|p1a: Mandibuzz
|-start|p1a: Mandibuzz|move: Taunt
|
|-heal|p2a: Heatran|59/100|[from] item: Leftovers
|-damage|p1a: Mandibuzz|76/100|[from] move: Magma Storm|[partiallytrapped]
|upkeep
|turn|19
|
|t:|1743861805
|move|p1a: Mandibuzz|Foul Play|p2a: Heatran
|-damage|p2a: Heatran|39/100
|move|p2a: Heatran|Magma Storm|p1a: Mandibuzz|[miss]
|-miss|p2a: Heatran|p1a: Mandibuzz
|
|-heal|p2a: Heatran|45/100|[from] item: Leftovers
|-damage|p1a: Mandibuzz|64/100|[from] move: Magma Storm|[partiallytrapped]
|upkeep
|turn|20
|
|t:|1743861811
|move|p2a: Heatran|Protect|p2a: Heatran
|-singleturn|p2a: Heatran|Protect
|move|p1a: Mandibuzz|Foul Play|p2a: Heatran
|-activate|p2a: Heatran|move: Protect
|
|-heal|p2a: Heatran|51/100|[from] item: Leftovers
|-damage|p1a: Mandibuzz|51/100|[from] move: Magma Storm|[partiallytrapped]
|upkeep
|turn|21
|inactive|omari p has 120 seconds left.
|inactive|omari p has 90 seconds left.
|
|t:|1743861876
|move|p1a: Mandibuzz|Foul Play|p2a: Heatran
|-damage|p2a: Heatran|32/100
|move|p2a: Heatran|Magma Storm|p1a: Mandibuzz
|-damage|p1a: Mandibuzz|13/100
|
|-heal|p2a: Heatran|38/100|[from] item: Leftovers
|-end|p1a: Mandibuzz|Magma Storm|[partiallytrapped]
|-end|p1a: Mandibuzz|move: Taunt
|upkeep
|turn|22
|
|t:|1743861885
|move|p1a: Mandibuzz|Roost|p1a: Mandibuzz
|-heal|p1a: Mandibuzz|63/100
|-singleturn|p1a: Mandibuzz|move: Roost
|move|p2a: Heatran|Earth Power|p1a: Mandibuzz
|-damage|p1a: Mandibuzz|40/100
|
|-heal|p2a: Heatran|44/100|[from] item: Leftovers
|upkeep
|turn|23
|
|t:|1743861890
|move|p1a: Mandibuzz|Roost|p1a: Mandibuzz
|-heal|p1a: Mandibuzz|90/100
|-singleturn|p1a: Mandibuzz|move: Roost
|move|p2a: Heatran|Taunt|p1a: Mandibuzz
|-start|p1a: Mandibuzz|move: Taunt
|
|-heal|p2a: Heatran|50/100|[from] item: Leftovers
|upkeep
|turn|24
|
|t:|1743861896
|switch|p2a: Gliscor|Gliscor, F|47/100 tox
|-damage|p2a: Gliscor|35/100 tox|[from] Stealth Rock
|move|p1a: Mandibuzz|Foul Play|p2a: Gliscor
|-damage|p2a: Gliscor|16/100 tox
|
|-heal|p2a: Gliscor|28/100 tox|[from] ability: Poison Heal
|upkeep
|turn|25
|
|t:|1743861902
|switch|p1a: Latios|Latios, M|67/100
|move|p2a: Gliscor|Toxic|p1a: Latios
|-status|p1a: Latios|tox
|
|-damage|p1a: Latios|61/100 tox|[from] psn
|-heal|p2a: Gliscor|41/100 tox|[from] ability: Poison Heal
|upkeep
|turn|26
|
|t:|1743861907
|move|p2a: Gliscor|Protect|p2a: Gliscor
|-singleturn|p2a: Gliscor|Protect
|move|p1a: Latios|Luster Purge|p2a: Gliscor
|-activate|p2a: Gliscor|move: Protect
|
|-damage|p1a: Latios|49/100 tox|[from] psn
|-heal|p2a: Gliscor|53/100 tox|[from] ability: Poison Heal
|upkeep
|turn|27
|
|t:|1743861911
|switch|p2a: Blissey|Blissey, F|77/100
|-damage|p2a: Blissey|64/100|[from] Stealth Rock
|move|p1a: Latios|Luster Purge|p2a: Blissey
|-damage|p2a: Blissey|49/100
|
|-damage|p1a: Latios|31/100 tox|[from] psn
|upkeep
|turn|28
|
|t:|1743861914
|switch|p1a: Thundurus|Thundurus-Therian, M|100/100
|move|p2a: Blissey|Soft-Boiled|p2a: Blissey
|-heal|p2a: Blissey|99/100
|
|upkeep
|turn|29
|
|t:|1743861920
|switch|p2a: Heatran|Heatran, M|50/100
|-damage|p2a: Heatran|38/100|[from] Stealth Rock
|move|p1a: Thundurus|Nasty Plot|p1a: Thundurus
|-boost|p1a: Thundurus|spa|2
|
|-heal|p2a: Heatran|44/100|[from] item: Leftovers
|upkeep
|turn|30
|
|t:|1743861924
|move|p1a: Thundurus|Thunderbolt|p2a: Heatran
|-damage|p2a: Heatran|0 fnt
|faint|p2a: Heatran
|
|upkeep
|
|t:|1743861928
|switch|p2a: Blissey|Blissey, F|99/100
|-damage|p2a: Blissey|86/100|[from] Stealth Rock
|turn|31
|
|t:|1743861931
|move|p1a: Thundurus|Thunderbolt|p2a: Blissey
|-damage|p2a: Blissey|52/100
|move|p2a: Blissey|Seismic Toss|p1a: Thundurus
|-damage|p1a: Thundurus|69/100
|
|-heal|p1a: Thundurus|76/100|[from] item: Leftovers
|upkeep
|turn|32
|
|t:|1743861934
|move|p1a: Thundurus|Thunderbolt|p2a: Blissey
|-damage|p2a: Blissey|22/100
|move|p2a: Blissey|Seismic Toss|p1a: Thundurus
|-damage|p1a: Thundurus|44/100
|
|-heal|p1a: Thundurus|51/100|[from] item: Leftovers
|upkeep
|turn|33
|-message|mim sdf forfeited.
|
|win|omari p
|raw|omari p's rating: 1593 &rarr; <strong>1611</strong><br />(+18 for winning)
|raw|mim sdf's rating: 1561 &rarr; <strong>1543</strong><br />(-18 for losing)
|l|☆mim sdf
|player|p2|
