|j|☆lupiit
|j|☆BIG Ghettie
|t:|1743837023
|gametype|singles
|player|p1|lupiit|dragontamer|1263
|player|p2|BIG Ghettie|ghetsis|1263
|teamsize|p1|6
|teamsize|p2|6
|gen|9
|tier|[Gen 9] OU
|rated|
|rule|HP Percentage Mod: HP is shown in percentages
|rule|Endless Battle Clause: Forcing endless battles is banned
|rule|Species Clause: Limit one of each Pokémon
|rule|OHKO Clause: OHKO moves are banned
|rule|Evasion Items Clause: Evasion items are banned
|rule|Evasion Moves Clause: Evasion moves are banned
|rule|Sleep Moves Clause: Sleep-inducing moves are banned
|clearpoke
|poke|p1|Hoopa-Unbound|
|poke|p1|Glimmora, F|
|poke|p1|Ninetales-Alola, M|
|poke|p1|Incineroar, M|
|poke|p1|Kingambit, M|
|poke|p1|Rillaboom, M|
|poke|p2|Gengar, F|
|poke|p2|Arcanine-Hisui, F|
|poke|p2|Blastoise, F|
|poke|p2|Skarmory, F|
|poke|p2|Metagross|
|poke|p2|Gliscor, M|
|teampreview
|inactive|Battle timer is ON: inactive players will automatically lose when time's up. (requested by lupiit)
|
|t:|1743837043
|start
|switch|p1a: Glimmora|Glimmora, F|100/100
|switch|p2a: Sky|Skarmory, F, shiny|100/100
|turn|1
|
|t:|1743837065
|move|p1a: Glimmora|Stealth Rock|p2a: Sky
|-sidestart|p2: BIG Ghettie|move: Stealth Rock
|move|p2a: Sky|Stealth Rock|p1a: Glimmora
|-sidestart|p1: lupiit|move: Stealth Rock
|
|upkeep
|turn|2
|
|t:|1743837078
|switch|p1a: Ninetales|Ninetales-Alola, M|100/100
|-damage|p1a: Ninetales|76/100|[from] Stealth Rock
|-weather|Snowscape|[from] ability: Snow Warning|[of] p1a: Ninetales
|move|p2a: Sky|Iron Defense|p2a: Sky
|-boost|p2a: Sky|def|2
|
|-weather|Snowscape|[upkeep]
|upkeep
|turn|3
|
|t:|1743837100
|switch|p2a: Big Ghettie|Metagross, shiny|100/100
|-damage|p2a: Big Ghettie|94/100|[from] Stealth Rock
|move|p1a: Ninetales|Aurora Veil|p1a: Ninetales
|-sidestart|p1: lupiit|move: Aurora Veil
|
|-weather|Snowscape|[upkeep]
|upkeep
|turn|4
|
|t:|1743837108
|switch|p1a: Incineroar|Incineroar, M|100/100
|-ability|p1a: Incineroar|Intimidate|boost
|-fail|p2a: Big Ghettie|unboost|[from] ability: Clear Body|[of] p2a: Big Ghettie
|move|p2a: Big Ghettie|Psychic Fangs|p1a: Incineroar
|-immune|p1a: Incineroar
|
|-weather|Snowscape|[upkeep]
|upkeep
|turn|5
|
|t:|1743837130
|switch|p2a: Gliscor|Gliscor, M, shiny|100/100
|-damage|p2a: Gliscor|88/100|[from] Stealth Rock
|move|p1a: Incineroar|Parting Shot|p2a: Gliscor
|-unboost|p2a: Gliscor|atk|1
|-unboost|p2a: Gliscor|spa|1
|
|t:|1743837133
|switch|p1a: Hoopa|Hoopa-Unbound|100/100|[from] Parting Shot
|-damage|p1a: Hoopa|88/100|[from] Stealth Rock
|
|-weather|Snowscape|[upkeep]
|-heal|p1a: Hoopa|94/100|[from] item: Leftovers
|-status|p2a: Gliscor|tox|[from] item: Toxic Orb
|upkeep
|turn|6
|
|t:|1743837153
|move|p2a: Gliscor|Protect|p2a: Gliscor
|-singleturn|p2a: Gliscor|Protect
|move|p1a: Hoopa|Substitute|p1a: Hoopa
|-start|p1a: Hoopa|Substitute
|-damage|p1a: Hoopa|69/100
|
|-weather|none
|-heal|p1a: Hoopa|75/100|[from] item: Leftovers
|-heal|p2a: Gliscor|100/100 tox|[from] ability: Poison Heal
|upkeep
|turn|7
|c|☆lupiit|gg
|inactive|BIG Ghettie has 120 seconds left.
|
|t:|1743837179
|move|p1a: Hoopa|Calm Mind|p1a: Hoopa
|-boost|p1a: Hoopa|spa|1
|-boost|p1a: Hoopa|spd|1
|move|p2a: Gliscor|Earthquake|p1a: Hoopa
|-activate|p1a: Hoopa|move: Substitute|[damage]
|
|-heal|p1a: Hoopa|81/100|[from] item: Leftovers
|upkeep
|turn|8
|
|t:|1743837204
|switch|p2a: Big Ghettie|Metagross, shiny|94/100
|-damage|p2a: Big Ghettie|88/100|[from] Stealth Rock
|move|p1a: Hoopa|Calm Mind|p1a: Hoopa
|-boost|p1a: Hoopa|spa|1
|-boost|p1a: Hoopa|spd|1
|
|-heal|p1a: Hoopa|87/100|[from] item: Leftovers
|upkeep
|turn|9
|inactive|BIG Ghettie has 90 seconds left.
|
|t:|1743837226
|-terastallize|p2a: Big Ghettie|Water
|move|p1a: Hoopa|Dark Pulse|p2a: Big Ghettie
|-damage|p2a: Big Ghettie|8/100
|move|p2a: Big Ghettie|Knock Off|p1a: Hoopa
|-end|p1a: Hoopa|Substitute
|
|-heal|p1a: Hoopa|93/100|[from] item: Leftovers
|upkeep
|turn|10
|inactive|BIG Ghettie has 90 seconds left.
|
|t:|1743837245
|-terastallize|p1a: Hoopa|Fairy
|move|p1a: Hoopa|Substitute|p1a: Hoopa
|-start|p1a: Hoopa|Substitute
|-damage|p1a: Hoopa|68/100
|move|p2a: Big Ghettie|Knock Off|p1a: Hoopa
|-resisted|p1a: Hoopa
|-activate|p1a: Hoopa|move: Substitute|[damage]
|
|-heal|p1a: Hoopa|74/100|[from] item: Leftovers
|-sideend|p1: lupiit|move: Aurora Veil
|upkeep
|turn|11
|inactive|BIG Ghettie has 90 seconds left.
|
|t:|1743837254
|move|p2a: Big Ghettie|Bullet Punch|p1a: Hoopa
|-supereffective|p1a: Hoopa
|-end|p1a: Hoopa|Substitute
|move|p1a: Hoopa|Dark Pulse|p2a: Big Ghettie
|-damage|p2a: Big Ghettie|0 fnt
|faint|p2a: Big Ghettie
|
|-heal|p1a: Hoopa|80/100|[from] item: Leftovers
|upkeep
|inactive|BIG Ghettie has 90 seconds left.
|
|t:|1743837274
|switch|p2a: Rocky|Arcanine-Hisui, F, shiny|100/100
|-damage|p2a: Rocky|76/100|[from] Stealth Rock
|turn|12
|
|t:|1743837286
|switch|p1a: Glimmora|Glimmora, F|100/100
|-damage|p1a: Glimmora|88/100|[from] Stealth Rock
|move|p2a: Rocky|Head Smash|p1a: Glimmora|[miss]
|-miss|p2a: Rocky|p1a: Glimmora
|
|upkeep
|turn|13
|
|t:|1743837292
|move|p2a: Rocky|Head Smash|p1a: Glimmora
|-damage|p1a: Glimmora|0 fnt
|-activate|p1a: Glimmora|ability: Toxic Debris
|-sidestart|p2: BIG Ghettie|move: Toxic Spikes
|faint|p1a: Glimmora
|
|upkeep
|
|t:|1743837299
|switch|p1a: Ninetales|Ninetales-Alola, M|76/100
|-damage|p1a: Ninetales|51/100|[from] Stealth Rock
|-weather|Snowscape|[from] ability: Snow Warning|[of] p1a: Ninetales
|turn|14
|
|t:|1743837305
|move|p2a: Rocky|Head Smash|p1a: Ninetales
|-supereffective|p1a: Ninetales
|-damage|p1a: Ninetales|0 fnt
|faint|p1a: Ninetales
|
|-weather|Snowscape|[upkeep]
|upkeep
|
|t:|1743837313
|switch|p1a: Incineroar|Incineroar, M|100/100
|-ability|p1a: Incineroar|Intimidate|boost
|-unboost|p2a: Rocky|atk|1
|turn|15
|
|t:|1743837320
|switch|p1a: Kingambit|Kingambit, M|100/100
|-damage|p1a: Kingambit|94/100|[from] Stealth Rock
|-activate|p1a: Kingambit|ability: Supreme Overlord
|-start|p1a: Kingambit|fallen2|[silent]
|move|p2a: Rocky|Head Smash|p1a: Kingambit|[miss]
|-miss|p2a: Rocky|p1a: Kingambit
|
|-weather|Snowscape|[upkeep]
|-heal|p1a: Kingambit|100/100|[from] item: Leftovers
|upkeep
|turn|16
|
|t:|1743837330
|switch|p2a: Sky|Skarmory, F, shiny|100/100
|-damage|p2a: Sky|88/100|[from] Stealth Rock
|-end|p1a: Kingambit|fallen2|[silent]
|switch|p1a: Hoopa|Hoopa-Unbound, tera:Fairy|80/100
|-damage|p1a: Hoopa|68/100|[from] Stealth Rock
|
|-weather|Snowscape|[upkeep]
|-heal|p1a: Hoopa|74/100|[from] item: Leftovers
|upkeep
|turn|17
|inactive|BIG Ghettie has 90 seconds left.
|
|t:|1743837374
|switch|p2a: Gliscor|Gliscor, M, shiny|100/100 tox
|-damage|p2a: Gliscor|88/100 tox|[from] Stealth Rock
|move|p1a: Hoopa|Dark Pulse|p2a: Gliscor
|-damage|p2a: Gliscor|44/100 tox
|
|-weather|Snowscape|[upkeep]
|-heal|p1a: Hoopa|80/100|[from] item: Leftovers
|-heal|p2a: Gliscor|56/100 tox|[from] ability: Poison Heal
|upkeep
|turn|18
|
|t:|1743837386
|move|p1a: Hoopa|Dark Pulse|p2a: Gliscor
|-damage|p2a: Gliscor|6/100 tox
|move|p2a: Gliscor|Earthquake|p1a: Hoopa
|-damage|p1a: Hoopa|28/100
|
|-weather|none
|-heal|p1a: Hoopa|34/100|[from] item: Leftovers
|-heal|p2a: Gliscor|18/100 tox|[from] ability: Poison Heal
|upkeep
|turn|19
|
|t:|1743837399
|move|p1a: Hoopa|Dark Pulse|p2a: Gliscor
|-crit|p2a: Gliscor
|-damage|p2a: Gliscor|0 fnt
|faint|p2a: Gliscor
|
|-heal|p1a: Hoopa|40/100|[from] item: Leftovers
|upkeep
|inactive|BIG Ghettie has 60 seconds left.
|inactive|BIG Ghettie has 30 seconds left.
|
|t:|1743837460
|switch|p2a: Joker|Gengar, F, shiny|100/100
|-damage|p2a: Joker|88/100|[from] Stealth Rock
|-sideend|p2: BIG Ghettie|move: Toxic Spikes|[of] p2a: Joker
|turn|20
|inactive|BIG Ghettie has 30 seconds left.
|
|t:|1743837470
|switch|p1a: Kingambit|Kingambit, M|100/100
|-damage|p1a: Kingambit|94/100|[from] Stealth Rock
|-activate|p1a: Kingambit|ability: Supreme Overlord
|-start|p1a: Kingambit|fallen2|[silent]
|move|p2a: Joker|Shadow Ball|p1a: Kingambit
|-resisted|p1a: Kingambit
|-damage|p1a: Kingambit|72/100
|-unboost|p1a: Kingambit|spd|1
|
|-heal|p1a: Kingambit|79/100|[from] item: Leftovers
|upkeep
|turn|21
|inactive|BIG Ghettie has 30 seconds left.
|
|t:|1743837486
|switch|p2a: Sky|Skarmory, F, shiny|88/100
|-damage|p2a: Sky|76/100|[from] Stealth Rock
|move|p1a: Kingambit|Kowtow Cleave|p2a: Sky
|-damage|p2a: Sky|36/100
|-damage|p1a: Kingambit|62/100|[from] item: Rocky Helmet|[of] p2a: Sky
|
|-heal|p1a: Kingambit|68/100|[from] item: Leftovers
|upkeep
|turn|22
|inactive|BIG Ghettie has 30 seconds left.
|
|t:|1743837498
|move|p1a: Kingambit|Kowtow Cleave|p2a: Sky
|-damage|p2a: Sky|0 fnt
|-damage|p1a: Kingambit|52/100|[from] item: Rocky Helmet|[of] p2a: Sky
|faint|p2a: Sky
|
|-heal|p1a: Kingambit|58/100|[from] item: Leftovers
|upkeep
|inactive|BIG Ghettie has 30 seconds left this turn.
|inactive|BIG Ghettie has 20 seconds left.
|inactive|BIG Ghettie has 15 seconds left.
|
|t:|1743837516
|switch|p2a: Rocky|Arcanine-Hisui, F, shiny|76/100
|-damage|p2a: Rocky|51/100|[from] Stealth Rock
|turn|23
|inactive|BIG Ghettie has 25 seconds left this turn.
|inactive|BIG Ghettie has 20 seconds left.
|
|t:|1743837523
|move|p1a: Kingambit|Sucker Punch|p2a: Rocky
|-damage|p2a: Rocky|0 fnt
|faint|p2a: Rocky
|
|-heal|p1a: Kingambit|64/100|[from] item: Leftovers
|upkeep
|inactive|BIG Ghettie has 25 seconds left this turn.
|
|t:|1743837527
|switch|p2a: Flow|Blastoise, F, shiny|100/100
|-damage|p2a: Flow|88/100|[from] Stealth Rock
|turn|24
|inactive|BIG Ghettie has 30 seconds left.
|
|t:|1743837535
|move|p2a: Flow|Surf|p1a: Kingambit
|-damage|p1a: Kingambit|0 fnt
|faint|p1a: Kingambit
|-end|p1a: Kingambit|fallen2|[silent]
|
|upkeep
|
|t:|1743837539
|switch|p1a: Peace|Rillaboom, M|100/100
|-damage|p1a: Peace|88/100|[from] Stealth Rock
|-fieldstart|move: Grassy Terrain|[from] ability: Grassy Surge|[of] p1a: Peace
|turn|25
|
|t:|1743837553
|move|p1a: Peace|Grassy Glide|p2a: Flow
|-supereffective|p2a: Flow
|-damage|p2a: Flow|0 fnt
|faint|p2a: Flow
|
|-heal|p1a: Peace|94/100|[from] Grassy Terrain
|upkeep
|
|t:|1743837556
|switch|p2a: Joker|Gengar, F, shiny|88/100
|-damage|p2a: Joker|76/100|[from] Stealth Rock
|turn|26
|
|t:|1743837560
|move|p2a: Joker|Sludge Bomb|p1a: Peace
|-supereffective|p1a: Peace
|-damage|p1a: Peace|13/100
|-status|p1a: Peace|psn
|move|p1a: Peace|High Horsepower|p2a: Joker|[miss]
|-miss|p1a: Peace|p2a: Joker
|
|-heal|p2a: Joker|82/100|[from] Grassy Terrain
|-heal|p1a: Peace|20/100 psn|[from] Grassy Terrain
|-damage|p1a: Peace|7/100 psn|[from] psn
|upkeep
|turn|27
|
|t:|1743837567
|move|p1a: Peace|Grassy Glide|p2a: Joker
|-resisted|p2a: Joker
|-damage|p2a: Joker|47/100
|move|p2a: Joker|Sludge Bomb|p1a: Peace
|-supereffective|p1a: Peace
|-damage|p1a: Peace|0 fnt
|faint|p1a: Peace
|
|-heal|p2a: Joker|53/100|[from] Grassy Terrain
|upkeep
|
|t:|1743837569
|switch|p1a: Incineroar|Incineroar, M|100/100
|-ability|p1a: Incineroar|Intimidate|boost
|-unboost|p2a: Joker|atk|1
|turn|28
|c|☆lupiit|gggg
|inactive|BIG Ghettie has 60 seconds left.
|
|t:|1743837580
|move|p2a: Joker|Sludge Bomb|p1a: Incineroar
|-crit|p1a: Incineroar
|-damage|p1a: Incineroar|31/100
|move|p1a: Incineroar|Knock Off|p2a: Joker
|-supereffective|p2a: Joker
|-damage|p2a: Joker|0 fnt
|-enditem|p2a: Joker|Focus Sash|[from] move: Knock Off|[of] p1a: Incineroar
|faint|p2a: Joker
|
|win|lupiit
|raw|lupiit's rating: 1286 &rarr; <strong>1309</strong><br />(+23 for winning)
|raw|BIG Ghettie's rating: 1263 &rarr; <strong>1240</strong><br />(-23 for losing)
|l|☆BIG Ghettie
|player|p2|
|l|☆lupiit
|player|p1|
