|j|☆asdfjklqwert
|j|☆c2-005
|t:|1743863326
|gametype|singles
|player|p1|asdfjklqwert|winona|1405
|player|p2|c2-005|dragontamer|1395
|teamsize|p1|6
|teamsize|p2|6
|gen|9
|tier|[Gen 9] OU
|rated|
|rule|HP Percentage Mod: HP is shown in percentages
|rule|Endless Battle Clause: Forcing endless battles is banned
|rule|Species Clause: Limit one of each Pokémon
|rule|OHKO Clause: OHKO moves are banned
|rule|Evasion Items Clause: Evasion items are banned
|rule|Evasion Moves Clause: Evasion moves are banned
|rule|Sleep Moves Clause: Sleep-inducing moves are banned
|clearpoke
|poke|p1|Latios, M|
|poke|p1|Hydrapple, F|
|poke|p1|Tornadus-Therian, M|
|poke|p1|Weezing-Galar, F|
|poke|p1|Cinderace, M|
|poke|p1|Swampert, M|
|poke|p2|Moltres-Galar|
|poke|p2|Cinderace, M|
|poke|p2|Great Tusk|
|poke|p2|Garganacl, M|
|poke|p2|Slowking-Galar, M|
|poke|p2|Ogerpon-Wellspring, F|
|teampreview
|inactive|Battle timer is ON: inactive players will automatically lose when time's up. (requested by c2-005)
|
|t:|1743863352
|start
|switch|p1a: Hydrapple|Hydrapple, F|100/100
|switch|p2a: SnickerDoodle|Cinderace, M, shiny|100/100
|turn|1
|
|t:|1743863359
|move|p2a: SnickerDoodle|U-turn|p1a: Hydrapple
|-start|p2a: SnickerDoodle|typechange|Bug|[from] ability: Libero
|-supereffective|p1a: Hydrapple
|-damage|p1a: Hydrapple|50/100
|-damage|p2a: SnickerDoodle|84/100|[from] item: Rocky Helmet|[of] p1a: Hydrapple
|
|t:|1743863364
|switch|p2a: GlowKing|Slowking-Galar, M|100/100|[from] U-turn
|move|p1a: Hydrapple|Fickle Beam|p2a: GlowKing
|-crit|p2a: GlowKing
|-damage|p2a: GlowKing|49/100
|
|upkeep
|turn|2
|
|t:|1743863392
|move|p1a: Hydrapple|Earth Power|p2a: GlowKing
|-supereffective|p2a: GlowKing
|-damage|p2a: GlowKing|0 fnt
|faint|p2a: GlowKing
|
|upkeep
|
|t:|1743863398
|switch|p2a: SnickerDoodle|Cinderace, M, shiny|84/100
|turn|3
|
|t:|1743863402
|switch|p1a: Weezing|Weezing-Galar, F|100/100
|-ability|p1a: Weezing|Neutralizing Gas
|move|p2a: SnickerDoodle|U-turn|p1a: Weezing
|-resisted|p1a: Weezing
|-damage|p1a: Weezing|96/100
|
|t:|1743863411
|switch|p2a: Salting Cures|Garganacl, M|100/100|[from] U-turn
|
|-heal|p1a: Weezing|100/100|[from] item: Leftovers
|upkeep
|turn|4
|
|t:|1743863416
|move|p1a: Weezing|Sludge Bomb|p2a: Salting Cures
|-resisted|p2a: Salting Cures
|-damage|p2a: Salting Cures|87/100
|move|p2a: Salting Cures|Salt Cure|p1a: Weezing
|-damage|p1a: Weezing|90/100
|-start|p1a: Weezing|Salt Cure
|
|-heal|p1a: Weezing|96/100|[from] item: Leftovers
|-heal|p2a: Salting Cures|93/100|[from] item: Leftovers
|-damage|p1a: Weezing|84/100|[from] Salt Cure
|upkeep
|turn|5
|
|t:|1743863421
|-end|p1a: Weezing|ability: Neutralizing Gas
|switch|p1a: Hydrapple|Hydrapple, F|83/100
|move|p2a: Salting Cures|Salt Cure|p1a: Hydrapple
|-damage|p1a: Hydrapple|72/100
|-start|p1a: Hydrapple|Salt Cure
|
|-heal|p2a: Salting Cures|99/100|[from] item: Leftovers
|-damage|p1a: Hydrapple|59/100|[from] Salt Cure
|upkeep
|turn|6
|
|t:|1743863427
|switch|p1a: Tornadus|Tornadus-Therian, M|100/100
|move|p2a: Salting Cures|Protect||[still]
|-fail|p2a: Salting Cures
|
|-heal|p2a: Salting Cures|100/100|[from] item: Leftovers
|upkeep
|turn|7
|
|t:|1743863432
|move|p1a: Tornadus|Grass Knot|p2a: Salting Cures
|-supereffective|p2a: Salting Cures
|-damage|p2a: Salting Cures|32/100
|move|p2a: Salting Cures|Salt Cure|p1a: Tornadus
|-supereffective|p1a: Tornadus
|-damage|p1a: Tornadus|69/100
|-start|p1a: Tornadus|Salt Cure
|
|-heal|p2a: Salting Cures|38/100|[from] item: Leftovers
|-damage|p1a: Tornadus|57/100|[from] Salt Cure
|upkeep
|turn|8
|
|t:|1743863443
|switch|p1a: Hydrapple|Hydrapple, F|92/100
|move|p2a: Salting Cures|Recover|p2a: Salting Cures
|-heal|p2a: Salting Cures|88/100
|
|-heal|p2a: Salting Cures|94/100|[from] item: Leftovers
|upkeep
|turn|9
|
|t:|1743863451
|switch|p2a: SnickerDoodle|Cinderace, M, shiny|84/100
|move|p1a: Hydrapple|Substitute|p1a: Hydrapple
|-start|p1a: Hydrapple|Substitute
|-damage|p1a: Hydrapple|67/100
|
|upkeep
|turn|10
|
|t:|1743863456
|move|p2a: SnickerDoodle|U-turn|p1a: Hydrapple
|-start|p2a: SnickerDoodle|typechange|Bug|[from] ability: Libero
|-supereffective|p1a: Hydrapple
|-end|p1a: Hydrapple|Substitute
|
|t:|1743863462
|switch|p2a: Retribution|Moltres-Galar|100/100|[from] U-turn
|move|p1a: Hydrapple|Fickle Beam|p2a: Retribution|[anim] Fickle Beam All Out
|-activate|p1a: Hydrapple|move: Fickle Beam
|-damage|p2a: Retribution|34/100
|-ability|p2a: Retribution|Berserk|boost
|-boost|p2a: Retribution|spa|1
|-enditem|p2a: Retribution|Sitrus Berry|[eat]
|-heal|p2a: Retribution|59/100|[from] item: Sitrus Berry
|
|upkeep
|turn|11
|inactive|asdfjklqwert has 120 seconds left.
|
|t:|1743863504
|switch|p1a: Tornadus|Tornadus-Therian, M|90/100
|move|p2a: Retribution|Agility|p2a: Retribution
|-boost|p2a: Retribution|spe|2
|
|upkeep
|turn|12
|
|t:|1743863509
|move|p2a: Retribution|Fiery Wrath|p1a: Tornadus
|-damage|p1a: Tornadus|47/100
|cant|p1a: Tornadus|flinch
|
|upkeep
|turn|13
|
|t:|1743863515
|move|p2a: Retribution|Fiery Wrath|p1a: Tornadus
|-damage|p1a: Tornadus|8/100
|cant|p1a: Tornadus|flinch
|
|upkeep
|turn|14
|
|t:|1743863524
|move|p2a: Retribution|Fiery Wrath|p1a: Tornadus
|-damage|p1a: Tornadus|0 fnt
|faint|p1a: Tornadus
|
|upkeep
|inactive|asdfjklqwert has 120 seconds left.
|
|t:|1743863542
|switch|p1a: Hydrapple|Hydrapple, F|100/100
|turn|15
|
|t:|1743863548
|-terastallize|p1a: Hydrapple|Steel
|move|p2a: Retribution|Hurricane|p1a: Hydrapple|[miss]
|-miss|p2a: Retribution|p1a: Hydrapple
|move|p1a: Hydrapple|Fickle Beam|p2a: Retribution
|-damage|p2a: Retribution|28/100
|-ability|p2a: Retribution|Berserk|boost
|-boost|p2a: Retribution|spa|1
|
|upkeep
|turn|16
|
|t:|1743863555
|move|p2a: Retribution|Fiery Wrath|p1a: Hydrapple
|-damage|p1a: Hydrapple|12/100
|move|p1a: Hydrapple|Fickle Beam|p2a: Retribution
|-crit|p2a: Retribution
|-damage|p2a: Retribution|0 fnt
|faint|p2a: Retribution
|
|upkeep
|
|t:|1743863562
|switch|p2a: SnickerDoodle|Cinderace, M, shiny|84/100
|turn|17
|
|t:|1743863570
|switch|p1a: Swampert|Swampert, M|100/100
|move|p2a: SnickerDoodle|Pyro Ball|p1a: Swampert
|-resisted|p1a: Swampert
|-damage|p1a: Swampert|76/100
|
|-heal|p1a: Swampert|82/100|[from] item: Leftovers
|upkeep
|turn|18
|
|t:|1743863578
|switch|p1a: Hydrapple|Hydrapple, F, tera:Steel|45/100
|move|p2a: SnickerDoodle|U-turn|p1a: Hydrapple
|-start|p2a: SnickerDoodle|typechange|Bug|[from] ability: Libero
|-resisted|p1a: Hydrapple
|-damage|p1a: Hydrapple|34/100
|-damage|p2a: SnickerDoodle|67/100|[from] item: Rocky Helmet|[of] p1a: Hydrapple
|
|t:|1743863581
|switch|p2a: Cheap Mon|Ogerpon-Wellspring, F|100/100|[from] U-turn
|
|upkeep
|turn|19
|
|t:|1743863597
|switch|p1a: Weezing|Weezing-Galar, F|84/100
|-ability|p1a: Weezing|Neutralizing Gas
|move|p2a: Cheap Mon|Ivy Cudgel|p1a: Weezing|[anim] Ivy Cudgel Water
|-damage|p1a: Weezing|43/100
|
|-heal|p1a: Weezing|49/100|[from] item: Leftovers
|upkeep
|turn|20
|
|t:|1743863606
|move|p2a: Cheap Mon|U-turn|p1a: Weezing
|-resisted|p1a: Weezing
|-damage|p1a: Weezing|44/100
|
|t:|1743863608
|switch|p2a: Cooler Donphan|Great Tusk|100/100|[from] U-turn
|move|p1a: Weezing|Pain Split|p2a: Cooler Donphan
|-sethp|p2a: Cooler Donphan|70/100|[from] move: Pain Split|[silent]
|-sethp|p1a: Weezing|78/100|[from] move: Pain Split
|
|-heal|p1a: Weezing|84/100|[from] item: Leftovers
|upkeep
|turn|21
|
|t:|1743863617
|move|p2a: Cooler Donphan|Knock Off|p1a: Weezing
|-resisted|p1a: Weezing
|-damage|p1a: Weezing|72/100
|-enditem|p1a: Weezing|Leftovers|[from] move: Knock Off|[of] p2a: Cooler Donphan
|move|p1a: Weezing|Strange Steam|p2a: Cooler Donphan
|-supereffective|p2a: Cooler Donphan
|-damage|p2a: Cooler Donphan|0 fnt
|faint|p2a: Cooler Donphan
|-end|p2a: Cooler Donphan|Protosynthesis|[silent]
|
|upkeep
|
|t:|1743863623
|switch|p2a: Salting Cures|Garganacl, M|94/100
|turn|22
|
|t:|1743863628
|move|p1a: Weezing|Sludge Bomb|p2a: Salting Cures
|-resisted|p2a: Salting Cures
|-damage|p2a: Salting Cures|79/100
|move|p2a: Salting Cures|Salt Cure|p1a: Weezing
|-crit|p1a: Weezing
|-damage|p1a: Weezing|57/100
|-start|p1a: Weezing|Salt Cure
|
|-heal|p2a: Salting Cures|86/100|[from] item: Leftovers
|-damage|p1a: Weezing|45/100|[from] Salt Cure
|upkeep
|turn|23
|
|t:|1743863633
|move|p1a: Weezing|Sludge Bomb|p2a: Salting Cures
|-resisted|p2a: Salting Cures
|-damage|p2a: Salting Cures|71/100
|-status|p2a: Salting Cures|psn
|move|p2a: Salting Cures|Salt Cure|p1a: Weezing
|-damage|p1a: Weezing|35/100
|
|-heal|p2a: Salting Cures|77/100 psn|[from] item: Leftovers
|-damage|p2a: Salting Cures|65/100 psn|[from] psn
|-damage|p1a: Weezing|22/100|[from] Salt Cure
|upkeep
|turn|24
|
|t:|1743863639
|move|p1a: Weezing|Pain Split|p2a: Salting Cures
|-sethp|p2a: Salting Cures|42/100 psn|[from] move: Pain Split|[silent]
|-sethp|p1a: Weezing|50/100|[from] move: Pain Split
|move|p2a: Salting Cures|Recover|p2a: Salting Cures
|-heal|p2a: Salting Cures|92/100 psn
|
|-heal|p2a: Salting Cures|98/100 psn|[from] item: Leftovers
|-damage|p2a: Salting Cures|85/100 psn|[from] psn
|-damage|p1a: Weezing|38/100|[from] Salt Cure
|upkeep
|turn|25
|
|t:|1743863647
|move|p1a: Weezing|Strange Steam|p2a: Salting Cures
|-damage|p2a: Salting Cures|56/100 psn
|move|p2a: Salting Cures|Stealth Rock|p1a: Weezing
|-sidestart|p1: asdfjklqwert|move: Stealth Rock
|
|-heal|p2a: Salting Cures|63/100 psn|[from] item: Leftovers
|-damage|p2a: Salting Cures|50/100 psn|[from] psn
|-damage|p1a: Weezing|26/100|[from] Salt Cure
|upkeep
|turn|26
|
|t:|1743863655
|move|p1a: Weezing|Defog|p2a: Salting Cures
|-unboost|p2a: Salting Cures|evasion|1
|-sideend|p1: asdfjklqwert|Stealth Rock|[from] move: Defog|[of] p1a: Weezing
|move|p2a: Salting Cures|Recover|p2a: Salting Cures
|-heal|p2a: Salting Cures|99/100 psn
|
|-heal|p2a: Salting Cures|100/100 psn|[from] item: Leftovers
|-damage|p2a: Salting Cures|88/100 psn|[from] psn
|-damage|p1a: Weezing|13/100|[from] Salt Cure
|upkeep
|turn|27
|
|t:|1743863660
|move|p2a: Salting Cures|Protect|p2a: Salting Cures
|-singleturn|p2a: Salting Cures|Protect
|move|p1a: Weezing|Pain Split|p2a: Salting Cures
|-activate|p2a: Salting Cures|move: Protect
|
|-heal|p2a: Salting Cures|94/100 psn|[from] item: Leftovers
|-damage|p2a: Salting Cures|82/100 psn|[from] psn
|-damage|p1a: Weezing|1/100|[from] Salt Cure
|upkeep
|turn|28
|
|t:|1743863666
|move|p1a: Weezing|Pain Split|p2a: Salting Cures
|-sethp|p2a: Salting Cures|41/100 psn|[from] move: Pain Split|[silent]
|-sethp|p1a: Weezing|50/100|[from] move: Pain Split
|move|p2a: Salting Cures|Stealth Rock|p1a: Weezing
|-sidestart|p1: asdfjklqwert|move: Stealth Rock
|
|-heal|p2a: Salting Cures|48/100 psn|[from] item: Leftovers
|-damage|p2a: Salting Cures|35/100 psn|[from] psn
|-damage|p1a: Weezing|38/100|[from] Salt Cure
|upkeep
|turn|29
|
|t:|1743863672
|-end|p1a: Weezing|ability: Neutralizing Gas
|switch|p1a: Hydrapple|Hydrapple, F, tera:Steel|67/100
|-damage|p1a: Hydrapple|61/100|[from] Stealth Rock
|move|p2a: Salting Cures|Recover|p2a: Salting Cures
|-heal|p2a: Salting Cures|85/100 psn
|
|-heal|p2a: Salting Cures|91/100 psn|[from] item: Leftovers
|-damage|p2a: Salting Cures|79/100 psn|[from] psn
|upkeep
|turn|30
|
|t:|1743863676
|move|p1a: Hydrapple|Substitute|p1a: Hydrapple
|-start|p1a: Hydrapple|Substitute
|-damage|p1a: Hydrapple|36/100
|move|p2a: Salting Cures|Salt Cure|p1a: Hydrapple
|-resisted|p1a: Hydrapple
|-activate|p1a: Hydrapple|move: Substitute|[damage]
|
|-heal|p2a: Salting Cures|85/100 psn|[from] item: Leftovers
|-damage|p2a: Salting Cures|73/100 psn|[from] psn
|upkeep
|turn|31
|
|t:|1743863681
|move|p1a: Hydrapple|Energy Ball|p2a: Salting Cures
|-supereffective|p2a: Salting Cures
|-damage|p2a: Salting Cures|0 fnt
|faint|p2a: Salting Cures
|
|upkeep
|
|t:|1743863684
|switch|p2a: SnickerDoodle|Cinderace, M, shiny|67/100
|turn|32
|
|t:|1743863690
|move|p2a: SnickerDoodle|Pyro Ball|p1a: Hydrapple
|-supereffective|p1a: Hydrapple
|-end|p1a: Hydrapple|Substitute
|move|p1a: Hydrapple|Energy Ball|p2a: SnickerDoodle
|-resisted|p2a: SnickerDoodle
|-damage|p2a: SnickerDoodle|30/100
|
|upkeep
|turn|33
|
|t:|1743863698
|switch|p1a: Weezing|Weezing-Galar, F|38/100
|-ability|p1a: Weezing|Neutralizing Gas
|-damage|p1a: Weezing|25/100|[from] Stealth Rock
|move|p2a: SnickerDoodle|U-turn|p1a: Weezing
|-resisted|p1a: Weezing
|-damage|p1a: Weezing|21/100
|
|t:|1743863700
|switch|p2a: Cheap Mon|Ogerpon-Wellspring, F|100/100|[from] U-turn
|
|upkeep
|turn|34
|
|t:|1743863706
|-terastallize|p2a: Cheap Mon|Water
|detailschange|p2a: Cheap Mon|Ogerpon-Wellspring-Tera, F, tera:Water
|move|p2a: Cheap Mon|Swords Dance|p2a: Cheap Mon
|-boost|p2a: Cheap Mon|atk|2
|move|p1a: Weezing|Sludge Bomb|p2a: Cheap Mon
|-damage|p2a: Cheap Mon|60/100
|
|upkeep
|turn|35
|
|t:|1743863717
|move|p2a: Cheap Mon|Ivy Cudgel|p1a: Weezing|[anim] Ivy Cudgel Water
|-damage|p1a: Weezing|0 fnt
|faint|p1a: Weezing
|-end|p1a: Weezing|ability: Neutralizing Gas
|-ability|p2a: Cheap Mon|Embody Aspect (Wellspring)|boost
|-boost|p2a: Cheap Mon|spd|1
|
|upkeep
|
|t:|1743863720
|switch|p1a: Latios|Latios, M|100/100
|-damage|p1a: Latios|88/100|[from] Stealth Rock
|turn|36
|
|t:|1743863724
|move|p2a: Cheap Mon|U-turn|p1a: Latios
|-supereffective|p1a: Latios
|-damage|p1a: Latios|0 fnt
|faint|p1a: Latios
|
|t:|1743863726
|switch|p2a: SnickerDoodle|Cinderace, M, shiny|30/100|[from] U-turn
|
|upkeep
|
|t:|1743863729
|switch|p1a: Swampert|Swampert, M|82/100
|-damage|p1a: Swampert|76/100|[from] Stealth Rock
|turn|37
|
|t:|1743863733
|move|p2a: SnickerDoodle|U-turn|p1a: Swampert
|-start|p2a: SnickerDoodle|typechange|Bug|[from] ability: Libero
|-damage|p1a: Swampert|45/100
|
|t:|1743863735
|switch|p2a: Cheap Mon|Ogerpon-Wellspring-Tera, F, tera:Water|60/100|[from] U-turn
|-ability|p2a: Cheap Mon|Embody Aspect (Wellspring)|boost
|-boost|p2a: Cheap Mon|spd|1
|move|p1a: Swampert|Flip Turn|p2a: Cheap Mon
|-resisted|p2a: Cheap Mon
|-damage|p2a: Cheap Mon|39/100
|
|t:|1743863740
|switch|p1a: Cinderace|Cinderace, M|100/100|[from] Flip Turn
|
|upkeep
|turn|38
|
|t:|1743863744
|switch|p2a: SnickerDoodle|Cinderace, M, shiny|30/100
|move|p1a: Cinderace|U-turn|p2a: SnickerDoodle
|-start|p1a: Cinderace|typechange|Bug|[from] ability: Libero
|-resisted|p2a: SnickerDoodle
|-damage|p2a: SnickerDoodle|5/100
|
|t:|1743863748
|switch|p1a: Hydrapple|Hydrapple, F, tera:Steel|69/100|[from] U-turn
|-damage|p1a: Hydrapple|63/100|[from] Stealth Rock
|
|upkeep
|turn|39
|
|t:|1743863756
|move|p2a: SnickerDoodle|High Jump Kick|p1a: Hydrapple|[miss]
|-start|p2a: SnickerDoodle|typechange|Fighting|[from] ability: Libero
|-miss|p2a: SnickerDoodle|p1a: Hydrapple
|-damage|p2a: SnickerDoodle|0 fnt|[from] highjumpkick
|faint|p2a: SnickerDoodle
|move|p1a: Hydrapple|Earth Power|p2: SnickerDoodle|[notarget]
|-fail|p1a: Hydrapple
|
|upkeep
|
|t:|1743863758
|switch|p2a: Cheap Mon|Ogerpon-Wellspring-Tera, F, tera:Water|39/100
|-ability|p2a: Cheap Mon|Embody Aspect (Wellspring)|boost
|-boost|p2a: Cheap Mon|spd|1
|turn|40
|
|t:|1743863766
|move|p2a: Cheap Mon|Ivy Cudgel|p1a: Hydrapple|[anim] Ivy Cudgel Water
|-damage|p1a: Hydrapple|9/100
|move|p1a: Hydrapple|Energy Ball|p2a: Cheap Mon
|-supereffective|p2a: Cheap Mon
|-damage|p2a: Cheap Mon|0 fnt
|faint|p2a: Cheap Mon
|
|win|asdfjklqwert
|raw|asdfjklqwert's rating: 1405 &rarr; <strong>1424</strong><br />(+19 for winning)
|raw|c2-005's rating: 1395 &rarr; <strong>1376</strong><br />(-19 for losing)
|l|☆c2-005
|player|p2|
|l|☆asdfjklqwert
|player|p1|
