|j|☆jimmysx17
|j|☆Clefable1001
|t:|1743786417
|gametype|singles
|player|p1|jimmysx17|2|1353
|player|p2|Clefable1001|psychic-gen4|1323
|teamsize|p1|6
|teamsize|p2|6
|gen|9
|tier|[Gen 9] OU
|rated|
|rule|HP Percentage Mod: HP is shown in percentages
|rule|Endless Battle Clause: Forcing endless battles is banned
|rule|Species Clause: Limit one of each Pokémon
|rule|OHKO Clause: OHKO moves are banned
|rule|Evasion Items Clause: Evasion items are banned
|rule|Evasion Moves Clause: Evasion moves are banned
|rule|Sleep Moves Clause: Sleep-inducing moves are banned
|clearpoke
|poke|p1|Torkoal, F|
|poke|p1|Venusaur, F|
|poke|p1|Kingambit, M|
|poke|p1|Walking Wake|
|poke|p1|Sandy Shocks|
|poke|p1|Raging Bolt|
|poke|p2|Clawitzer, M|
|poke|p2|Dragalge, F|
|poke|p2|Kingambit, M|
|poke|p2|Ribombee, F|
|poke|p2|Great Tusk|
|poke|p2|Landorus-Therian, M|
|teampreview
|inactive|Battle timer is ON: inactive players will automatically lose when time's up. (requested by jimmysx17)
|inactive|Clefable1001 has 120 seconds left.
|
|t:|1743786452
|start
|switch|p1a: Torkoal|Torkoal, F|100/100
|switch|p2a: Landon|Landorus-Therian, M|100/100
|-ability|p2a: Landon|Intimidate|boost
|-unboost|p1a: Torkoal|atk|1
|-weather|SunnyDay|[from] ability: Drought|[of] p1a: Torkoal
|turn|1
|
|t:|1743786463
|-terastallize|p1a: Torkoal|Flying
|move|p2a: Landon|Earthquake|p1a: Torkoal
|-immune|p1a: Torkoal
|move|p1a: Torkoal|Will-O-Wisp|p2a: Landon
|-status|p2a: Landon|brn
|
|-weather|SunnyDay|[upkeep]
|-damage|p2a: Landon|95/100 brn|[from] brn
|upkeep
|turn|2
|
|t:|1743786471
|move|p2a: Landon|Stealth Rock|p1a: Torkoal
|-sidestart|p1: jimmysx17|move: Stealth Rock
|move|p1a: Torkoal|Stealth Rock|p2a: Landon
|-sidestart|p2: Clefable1001|move: Stealth Rock
|
|-weather|SunnyDay|[upkeep]
|-damage|p2a: Landon|89/100 brn|[from] brn
|upkeep
|turn|3
|
|t:|1743786479
|move|p2a: Landon|U-turn|p1a: Torkoal
|-resisted|p1a: Torkoal
|-damage|p1a: Torkoal|96/100
|
|t:|1743786486
|switch|p2a: Giraffe?|Great Tusk|100/100|[from] U-turn
|-activate|p2a: Giraffe?|ability: Protosynthesis
|-start|p2a: Giraffe?|protosynthesisatk
|move|p1a: Torkoal|Rapid Spin|p2a: Giraffe?
|-damage|p2a: Giraffe?|96/100
|-boost|p1a: Torkoal|spe|1
|-sideend|p1: jimmysx17|Stealth Rock|[from] move: Rapid Spin|[of] p1a: Torkoal
|
|-weather|SunnyDay|[upkeep]
|upkeep
|turn|4
|
|t:|1743786493
|move|p2a: Giraffe?|Rapid Spin|p1a: Torkoal
|-damage|p1a: Torkoal|77/100
|-boost|p2a: Giraffe?|spe|1
|-sideend|p2: Clefable1001|Stealth Rock|[from] move: Rapid Spin|[of] p2a: Giraffe?
|move|p1a: Torkoal|Will-O-Wisp|p2a: Giraffe?
|-status|p2a: Giraffe?|brn
|
|-weather|SunnyDay|[upkeep]
|-damage|p2a: Giraffe?|90/100 brn|[from] brn
|upkeep
|turn|5
|
|t:|1743786503
|switch|p1a: Venusaur|Venusaur, F|100/100
|move|p2a: Giraffe?|Knock Off|p1a: Venusaur
|-damage|p1a: Venusaur|69/100
|-enditem|p1a: Venusaur|Focus Sash|[from] move: Knock Off|[of] p2a: Giraffe?
|
|-weather|SunnyDay|[upkeep]
|-damage|p2a: Giraffe?|84/100 brn|[from] brn
|upkeep
|turn|6
|
|t:|1743786529
|move|p1a: Venusaur|Solar Beam||[still]
|-prepare|p1a: Venusaur|Solar Beam
|-anim|p1a: Venusaur|Solar Beam|p2a: Giraffe?
|-supereffective|p2a: Giraffe?
|-damage|p2a: Giraffe?|0 fnt
|faint|p2a: Giraffe?
|-end|p2a: Giraffe?|Protosynthesis|[silent]
|
|-weather|SunnyDay|[upkeep]
|upkeep
|
|t:|1743786534
|switch|p2a: Honse|Dragalge, F|100/100
|turn|7
|
|t:|1743786546
|move|p1a: Venusaur|Growth|p1a: Venusaur
|-boost|p1a: Venusaur|atk|2
|-boost|p1a: Venusaur|spa|2
|move|p2a: Honse|Sludge Bomb|p1a: Venusaur
|-damage|p1a: Venusaur|9/100
|
|-weather|SunnyDay|[upkeep]
|upkeep
|turn|8
|
|t:|1743786553
|move|p1a: Venusaur|Earth Power|p2a: Honse
|-supereffective|p2a: Honse
|-damage|p2a: Honse|36/100
|move|p2a: Honse|Sludge Bomb|p1a: Venusaur
|-damage|p1a: Venusaur|0 fnt
|faint|p1a: Venusaur
|
|-weather|none
|upkeep
|
|t:|1743786556
|switch|p1a: Torkoal|Torkoal, F, tera:Flying|77/100
|-weather|SunnyDay|[from] ability: Drought|[of] p1a: Torkoal
|turn|9
|
|t:|1743786562
|move|p2a: Honse|Sludge Bomb|p1a: Torkoal
|-damage|p1a: Torkoal|28/100
|move|p1a: Torkoal|Stealth Rock|p2a: Honse
|-sidestart|p2: Clefable1001|move: Stealth Rock
|
|-weather|SunnyDay|[upkeep]
|upkeep
|turn|10
|
|t:|1743786570
|switch|p1a: Sandy Shocks|Sandy Shocks|100/100
|-activate|p1a: Sandy Shocks|ability: Protosynthesis
|-start|p1a: Sandy Shocks|protosynthesisspa
|move|p2a: Honse|Dragon Pulse|p1a: Sandy Shocks
|-damage|p1a: Sandy Shocks|36/100
|
|-weather|SunnyDay|[upkeep]
|upkeep
|turn|11
|
|t:|1743786579
|move|p1a: Sandy Shocks|Scorching Sands|p2a: Honse
|-supereffective|p2a: Honse
|-damage|p2a: Honse|0 fnt
|faint|p2a: Honse
|
|-weather|SunnyDay|[upkeep]
|upkeep
|
|t:|1743786584
|switch|p2a: CLOBBAH DAT KIRBY|Kingambit, M|100/100
|-damage|p2a: CLOBBAH DAT KIRBY|94/100|[from] Stealth Rock
|-activate|p2a: CLOBBAH DAT KIRBY|ability: Supreme Overlord
|-start|p2a: CLOBBAH DAT KIRBY|fallen2|[silent]
|turn|12
|
|t:|1743786593
|-end|p1a: Sandy Shocks|Protosynthesis|[silent]
|switch|p1a: Walking Wake|Walking Wake|100/100
|-activate|p1a: Walking Wake|ability: Protosynthesis
|-start|p1a: Walking Wake|protosynthesisspe
|move|p2a: CLOBBAH DAT KIRBY|Sucker Punch||[still]
|-fail|p2a: CLOBBAH DAT KIRBY
|
|-weather|SunnyDay|[upkeep]
|-heal|p2a: CLOBBAH DAT KIRBY|100/100|[from] item: Leftovers
|upkeep
|turn|13
|
|t:|1743786598
|-end|p2a: CLOBBAH DAT KIRBY|fallen2|[silent]
|switch|p2a: Cocktail|Clawitzer, M|100/100
|-damage|p2a: Cocktail|88/100|[from] Stealth Rock
|move|p1a: Walking Wake|Weather Ball|p2a: Cocktail
|-resisted|p2a: Cocktail
|-damage|p2a: Cocktail|61/100
|
|-weather|SunnyDay|[upkeep]
|upkeep
|turn|14
|
|t:|1743786606
|move|p1a: Walking Wake|Flip Turn|p2a: Cocktail
|-resisted|p2a: Cocktail
|-damage|p2a: Cocktail|57/100
|
|t:|1743786611
|-end|p1a: Walking Wake|Protosynthesis|[silent]
|switch|p1a: Raging Bolt|Raging Bolt|100/100|[from] Flip Turn
|-activate|p1a: Raging Bolt|ability: Protosynthesis
|-start|p1a: Raging Bolt|protosynthesisspa
|move|p2a: Cocktail|Ice Beam|p1a: Raging Bolt
|-supereffective|p1a: Raging Bolt
|-damage|p1a: Raging Bolt|56/100
|
|-weather|SunnyDay|[upkeep]
|upkeep
|turn|15
|
|t:|1743786621
|move|p1a: Raging Bolt|Volt Switch|p2a: Cocktail
|-supereffective|p2a: Cocktail
|-damage|p2a: Cocktail|0 fnt
|faint|p2a: Cocktail
|inactive|jimmysx17 has 120 seconds left.
|l|☆jimmysx17
|inactive|jimmysx17 disconnected and has a minute to reconnect!
|player|p1|
|j|☆jimmysx17
|inactive|jimmysx17 reconnected and has 115 seconds left.
|player|p1|jimmysx17|2|
|
|t:|1743786663
|-end|p1a: Raging Bolt|Protosynthesis|[silent]
|switch|p1a: Walking Wake|Walking Wake|100/100|[from] Volt Switch
|-activate|p1a: Walking Wake|ability: Protosynthesis
|-start|p1a: Walking Wake|protosynthesisspe
|
|-weather|SunnyDay|[upkeep]
|upkeep
|
|t:|1743786670
|switch|p2a: Ribombee|Ribombee, F|100/100
|-damage|p2a: Ribombee|76/100|[from] Stealth Rock
|turn|16
|
|t:|1743786673
|move|p1a: Walking Wake|Weather Ball|p2a: Ribombee
|-supereffective|p2a: Ribombee
|-damage|p2a: Ribombee|0 fnt
|faint|p2a: Ribombee
|
|-weather|none
|-end|p1a: Walking Wake|Protosynthesis
|upkeep
|-enditem|p1a: Walking Wake|Booster Energy
|-activate|p1a: Walking Wake|ability: Protosynthesis|[fromitem]
|-start|p1a: Walking Wake|protosynthesisspe
|-message|Clefable1001 forfeited.
|
|win|jimmysx17
|raw|jimmysx17's rating: 1353 &rarr; <strong>1371</strong><br />(+18 for winning)
|raw|Clefable1001's rating: 1323 &rarr; <strong>1305</strong><br />(-18 for losing)
|l|☆Clefable1001
|player|p2|
|l|☆jimmysx17
|player|p1|
