|j|☆The Pokemon Place
|j|☆OSAKA 2026
|t:|1743783179
|gametype|singles
|player|p1|The Pokemon Place|1|1711
|player|p2|OSAKA 2026|backpackerf|1724
|teamsize|p1|6
|teamsize|p2|6
|gen|9
|tier|[Gen 9] OU
|rated|
|rule|HP Percentage Mod: HP is shown in percentages
|rule|Endless Battle Clause: Forcing endless battles is banned
|rule|Species Clause: Limit one of each Pokémon
|rule|OHKO Clause: OHKO moves are banned
|rule|Evasion Items Clause: Evasion items are banned
|rule|Evasion Moves Clause: Evasion moves are banned
|rule|Sleep Moves Clause: Sleep-inducing moves are banned
|clearpoke
|poke|p1|Iron Moth|
|poke|p1|Ogerpon, F|
|poke|p1|Latios, M|
|poke|p1|Primarina, M|
|poke|p1|Great Tusk|
|poke|p1|Kingambit, M|
|poke|p2|Yanmega, M|
|poke|p2|Great Tusk|
|poke|p2|Kyurem|
|poke|p2|Ogerpon-Wellspring, F|
|poke|p2|Ting-Lu|
|poke|p2|Hatterene, F|
|teampreview
|inactive|Battle timer is ON: inactive players will automatically lose when time's up. (requested by The Pokemon Place)
|inactive|OSAKA 2026 has 120 seconds left.
|
|t:|1743783231
|start
|switch|p1a: Ogerpon|Ogerpon, F|100/100
|switch|p2a: Ogerpon|Ogerpon-Wellspring, F|100/100
|turn|1
|inactive|The Pokemon Place has 120 seconds left.
|inactive|The Pokemon Place has 90 seconds left.
|
|t:|1743783297
|switch|p2a: Great Tusk|Great Tusk|100/100
|-terastallize|p1a: Ogerpon|Grass
|detailschange|p1a: Ogerpon|Ogerpon-Teal-Tera, F, tera:Grass
|-ability|p1a: Ogerpon|Embody Aspect (Teal)|boost
|-boost|p1a: Ogerpon|spe|1
|move|p1a: Ogerpon|U-turn|p2a: Great Tusk
|-resisted|p2a: Great Tusk
|-damage|p2a: Great Tusk|89/100
|-damage|p1a: Ogerpon|84/100|[from] item: Rocky Helmet|[of] p2a: Great Tusk
|
|t:|1743783300
|switch|p1a: Latios|Latios, M|100/100|[from] U-turn
|
|upkeep
|turn|2
|j| Sicoloco
|
|t:|1743783306
|-end|p2a: Great Tusk|Protosynthesis|[silent]
|switch|p2a: Ting-Lu|Ting-Lu|100/100
|-ability|p2a: Ting-Lu|Vessel of Ruin
|move|p1a: Latios|Flip Turn|p2a: Ting-Lu
|-supereffective|p2a: Ting-Lu
|-damage|p2a: Ting-Lu|88/100
|-damage|p1a: Latios|84/100|[from] item: Rocky Helmet|[of] p2a: Ting-Lu
|inactive|The Pokemon Place has 90 seconds left.
|
|t:|1743783346
|switch|p1a: Ogerpon|Ogerpon-Teal-Tera, F, tera:Grass|84/100|[from] Flip Turn
|-ability|p1a: Ogerpon|Embody Aspect (Teal)|boost
|-boost|p1a: Ogerpon|spe|1
|
|upkeep
|turn|3
|
|t:|1743783354
|switch|p2a: Kyurem|Kyurem|100/100
|-ability|p2a: Kyurem|Pressure
|move|p1a: Ogerpon|Ivy Cudgel|p2a: Kyurem
|-resisted|p2a: Kyurem
|-damage|p2a: Kyurem|45/100
|
|upkeep
|turn|4
|
|t:|1743783363
|move|p1a: Ogerpon|Ivy Cudgel|p2a: Kyurem
|-resisted|p2a: Kyurem
|-damage|p2a: Kyurem|0 fnt
|faint|p2a: Kyurem
|
|upkeep
|
|t:|1743783365
|switch|p2a: Yanmega|Yanmega, M|100/100
|turn|5
|
|t:|1743783377
|switch|p1a: Iron Moth|Iron Moth|100/100
|-enditem|p1a: Iron Moth|Booster Energy
|-activate|p1a: Iron Moth|ability: Quark Drive|[fromitem]
|-start|p1a: Iron Moth|quarkdrivespe
|switch|p2a: Ogerpon|Ogerpon-Wellspring, F|100/100
|
|upkeep
|turn|6
|
|t:|1743783381
|switch|p2a: Ting-Lu|Ting-Lu|88/100
|-ability|p2a: Ting-Lu|Vessel of Ruin
|move|p1a: Iron Moth|Sludge Wave|p2a: Ting-Lu
|-resisted|p2a: Ting-Lu
|-damage|p2a: Ting-Lu|79/100
|-status|p2a: Ting-Lu|psn
|
|-damage|p2a: Ting-Lu|66/100 psn|[from] psn
|upkeep
|turn|7
|
|t:|1743783388
|move|p1a: Iron Moth|Toxic Spikes|p2a: Ting-Lu
|-sidestart|p2: OSAKA 2026|move: Toxic Spikes
|move|p2a: Ting-Lu|Spikes|p1a: Iron Moth
|-sidestart|p1: The Pokemon Place|Spikes
|
|-damage|p2a: Ting-Lu|54/100 psn|[from] psn
|upkeep
|turn|8
|
|t:|1743783390
|-end|p1a: Iron Moth|Quark Drive|[silent]
|switch|p1a: Latios|Latios, M|84/100
|move|p2a: Ting-Lu|Earthquake|p1a: Latios
|-immune|p1a: Latios|[from] ability: Levitate
|
|-damage|p2a: Ting-Lu|41/100 psn|[from] psn
|upkeep
|turn|9
|
|t:|1743783396
|switch|p1a: Great Tusk|Great Tusk|100/100
|-damage|p1a: Great Tusk|88/100|[from] Spikes
|move|p2a: Ting-Lu|Spikes|p1a: Great Tusk
|-sidestart|p1: The Pokemon Place|Spikes
|
|-damage|p2a: Ting-Lu|29/100 psn|[from] psn
|upkeep
|turn|10
|
|t:|1743783403
|-terastallize|p2a: Ting-Lu|Ghost
|move|p1a: Great Tusk|Rapid Spin|p2a: Ting-Lu
|-immune|p2a: Ting-Lu
|move|p2a: Ting-Lu|Spikes|p1a: Great Tusk
|-sidestart|p1: The Pokemon Place|Spikes
|
|-damage|p2a: Ting-Lu|16/100 psn|[from] psn
|upkeep
|turn|11
|
|t:|1743783405
|move|p1a: Great Tusk|Stealth Rock|p2a: Ting-Lu
|-sidestart|p2: OSAKA 2026|move: Stealth Rock
|move|p2a: Ting-Lu|Earthquake|p1a: Great Tusk
|-damage|p1a: Great Tusk|61/100
|
|-damage|p2a: Ting-Lu|4/100 psn|[from] psn
|upkeep
|turn|12
|
|t:|1743783413
|move|p1a: Great Tusk|Ice Spinner|p2a: Ting-Lu
|-damage|p2a: Ting-Lu|0 fnt
|-damage|p1a: Great Tusk|45/100|[from] item: Rocky Helmet|[of] p2a: Ting-Lu
|faint|p2a: Ting-Lu
|
|upkeep
|
|t:|1743783416
|switch|p2a: Ogerpon|Ogerpon-Wellspring, F|100/100
|-status|p2a: Ogerpon|psn
|-damage|p2a: Ogerpon|88/100 psn|[from] Stealth Rock
|turn|13
|
|t:|1743783423
|move|p2a: Ogerpon|Ivy Cudgel|p1a: Great Tusk|[anim] Ivy Cudgel Water
|-supereffective|p1a: Great Tusk
|-damage|p1a: Great Tusk|0 fnt
|faint|p1a: Great Tusk
|-end|p1a: Great Tusk|Protosynthesis|[silent]
|
|-damage|p2a: Ogerpon|76/100 psn|[from] psn
|upkeep
|
|t:|1743783426
|switch|p1a: Ogerpon|Ogerpon-Teal-Tera, F, tera:Grass|84/100
|-damage|p1a: Ogerpon|59/100|[from] Spikes
|-ability|p1a: Ogerpon|Embody Aspect (Teal)|boost
|-boost|p1a: Ogerpon|spe|1
|turn|14
|
|t:|1743783428
|move|p1a: Ogerpon|Ivy Cudgel|p2a: Ogerpon
|-damage|p2a: Ogerpon|0 fnt
|faint|p2a: Ogerpon
|
|upkeep
|
|t:|1743783433
|switch|p2a: Hatterene|Hatterene, F|100/100
|-status|p2a: Hatterene|psn
|-damage|p2a: Hatterene|88/100 psn|[from] Stealth Rock
|turn|15
|
|t:|1743783436
|move|p1a: Ogerpon|Ivy Cudgel|p2a: Hatterene
|-damage|p2a: Hatterene|9/100 psn
|move|p2a: Hatterene|Nuzzle|p1a: Ogerpon
|-resisted|p1a: Ogerpon
|-damage|p1a: Ogerpon|57/100
|-status|p1a: Ogerpon|par
|
|-damage|p2a: Hatterene|0 fnt|[from] psn
|faint|p2a: Hatterene
|upkeep
|l| Sicoloco
|
|t:|1743783439
|switch|p2a: Great Tusk|Great Tusk|89/100
|-status|p2a: Great Tusk|psn
|-damage|p2a: Great Tusk|86/100 psn|[from] Stealth Rock
|turn|16
|
|t:|1743783448
|move|p2a: Great Tusk|Rapid Spin|p1a: Ogerpon
|-damage|p1a: Ogerpon|34/100 par
|-boost|p2a: Great Tusk|spe|1
|-sideend|p2: OSAKA 2026|Toxic Spikes|[from] move: Rapid Spin|[of] p2a: Great Tusk
|-sideend|p2: OSAKA 2026|Stealth Rock|[from] move: Rapid Spin|[of] p2a: Great Tusk
|move|p1a: Ogerpon|Ivy Cudgel|p2a: Great Tusk
|-supereffective|p2a: Great Tusk
|-damage|p2a: Great Tusk|0 fnt
|faint|p2a: Great Tusk
|-end|p2a: Great Tusk|Protosynthesis|[silent]
|
|upkeep
|
|t:|1743783449
|switch|p2a: Yanmega|Yanmega, M|100/100
|turn|17
|
|t:|1743783458
|move|p2a: Yanmega|Bug Buzz|p1a: Ogerpon
|-supereffective|p1a: Ogerpon
|-crit|p1a: Ogerpon
|-damage|p1a: Ogerpon|0 fnt
|faint|p1a: Ogerpon
|-enditem|p2a: Yanmega|Throat Spray
|-boost|p2a: Yanmega|spa|1|[from] item: Throat Spray
|
|-ability|p2a: Yanmega|Speed Boost|boost
|-boost|p2a: Yanmega|spe|1
|upkeep
|
|t:|1743783460
|switch|p1a: Iron Moth|Iron Moth|100/100
|-damage|p1a: Iron Moth|76/100|[from] Spikes
|turn|18
|
|t:|1743783462
|move|p2a: Yanmega|Air Slash|p1a: Iron Moth
|-crit|p1a: Iron Moth
|-damage|p1a: Iron Moth|0 fnt
|faint|p1a: Iron Moth
|-end|p1a: Iron Moth|Quark Drive|[silent]
|
|-ability|p2a: Yanmega|Speed Boost|boost
|-boost|p2a: Yanmega|spe|1
|upkeep
|
|t:|1743783464
|switch|p1a: Primarina|Primarina, M|100/100
|-damage|p1a: Primarina|75/100|[from] Spikes
|turn|19
|
|t:|1743783466
|move|p2a: Yanmega|Air Slash|p1a: Primarina
|-crit|p1a: Primarina
|-damage|p1a: Primarina|31/100
|move|p1a: Primarina|Moonblast|p2a: Yanmega
|-damage|p2a: Yanmega|5/100
|-unboost|p2a: Yanmega|spa|1
|
|-ability|p2a: Yanmega|Speed Boost|boost
|-boost|p2a: Yanmega|spe|1
|upkeep
|turn|20
|
|t:|1743783471
|move|p2a: Yanmega|Air Slash|p1a: Primarina
|-damage|p1a: Primarina|11/100
|cant|p1a: Primarina|flinch
|
|-ability|p2a: Yanmega|Speed Boost|boost
|-boost|p2a: Yanmega|spe|1
|upkeep
|turn|21
|
|t:|1743783474
|move|p2a: Yanmega|Bug Buzz|p1a: Primarina
|-resisted|p1a: Primarina
|-damage|p1a: Primarina|0 fnt
|faint|p1a: Primarina
|
|-ability|p2a: Yanmega|Speed Boost|boost
|-boost|p2a: Yanmega|spe|1
|upkeep
|
|t:|1743783475
|switch|p1a: Kingambit|Kingambit, M|100/100
|-damage|p1a: Kingambit|76/100|[from] Spikes
|-activate|p1a: Kingambit|ability: Supreme Overlord
|-start|p1a: Kingambit|fallen4|[silent]
|turn|22
|
|t:|1743783477
|move|p1a: Kingambit|Sucker Punch|p2a: Yanmega
|-damage|p2a: Yanmega|0 fnt
|faint|p2a: Yanmega
|
|win|The Pokemon Place
|raw|The Pokemon Place's rating: 1730 &rarr; <strong>1750</strong><br />(+20 for winning)
|raw|OSAKA 2026's rating: 1724 &rarr; <strong>1704</strong><br />(-20 for losing)
|l|☆OSAKA 2026
|player|p2|
|l|☆The Pokemon Place
|player|p1|
