|j|☆watttt
|j|☆Cthuluhoop1738
|t:|1743834780
|gametype|singles
|player|p1|watttt|red|1242
|player|p2|Cthuluhoop1738|ethan|1241
|teamsize|p1|6
|teamsize|p2|6
|gen|9
|tier|[Gen 9] OU
|rated|
|rule|HP Percentage Mod: HP is shown in percentages
|rule|Endless Battle Clause: Forcing endless battles is banned
|rule|Species Clause: Limit one of each Pokémon
|rule|OHKO Clause: OHKO moves are banned
|rule|Evasion Items Clause: Evasion items are banned
|rule|Evasion Moves Clause: Evasion moves are banned
|rule|Sleep Moves Clause: Sleep-inducing moves are banned
|clearpoke
|poke|p1|Great Tusk|
|poke|p1|Dondozo, M|
|poke|p1|Zapdos|
|poke|p1|Kyurem|
|poke|p1|Moltres|
|poke|p1|Iron Valiant|
|poke|p2|Darkrai|
|poke|p2|Maushold|
|poke|p2|Pecharunt|
|poke|p2|Dragapult, M|
|poke|p2|Ceruledge, M|
|poke|p2|Tinkaton, F|
|teampreview
|inactive|Battle timer is ON: inactive players will automatically lose when time's up. (requested by Cthuluhoop1738)
|
|t:|1743834799
|start
|switch|p1a: Kyurem|Kyurem|100/100
|switch|p2a: Tinkaton|Tinkaton, F|100/100
|-ability|p1a: Kyurem|Pressure
|-item|p2a: Tinkaton|Air Balloon
|turn|1
|
|t:|1743834804
|move|p1a: Kyurem|Ice Beam|p2a: Tinkaton
|-resisted|p2a: Tinkaton
|-damage|p2a: Tinkaton|71/100
|-enditem|p2a: Tinkaton|Air Balloon
|-damage|p1a: Kyurem|91/100|[from] item: Life Orb
|move|p2a: Tinkaton|Thunder Wave|p1a: Kyurem
|-status|p1a: Kyurem|par
|
|upkeep
|turn|2
|
|t:|1743834818
|move|p2a: Tinkaton|Gigaton Hammer|p1a: Kyurem
|-supereffective|p1a: Kyurem
|-damage|p1a: Kyurem|0 fnt
|faint|p1a: Kyurem
|
|upkeep
|
|t:|1743834837
|switch|p1a: Moltres|Moltres|100/100
|turn|3
|
|t:|1743834841
|move|p2a: Tinkaton|Thunder Wave|p1a: Moltres
|-status|p1a: Moltres|par
|move|p1a: Moltres|Scorching Sands|p2a: Tinkaton
|-supereffective|p2a: Tinkaton
|-damage|p2a: Tinkaton|18/100
|-status|p2a: Tinkaton|brn
|
|-damage|p2a: Tinkaton|12/100 brn|[from] brn
|upkeep
|turn|4
|
|t:|1743834852
|move|p2a: Tinkaton|Stealth Rock|p1a: Moltres
|-sidestart|p1: watttt|move: Stealth Rock
|move|p1a: Moltres|U-turn|p2a: Tinkaton
|-resisted|p2a: Tinkaton
|-damage|p2a: Tinkaton|7/100 brn
|-enditem|p1a: Moltres|Heavy-Duty Boots|[silent]|[from] ability: Pickpocket|[of] p1a: Moltres
|-item|p2a: Tinkaton|Heavy-Duty Boots|[from] ability: Pickpocket|[of] p1a: Moltres
|
|t:|1743834856
|switch|p1a: Great Tusk|Great Tusk|100/100|[from] U-turn
|-damage|p1a: Great Tusk|98/100|[from] Stealth Rock
|
|-heal|p1a: Great Tusk|100/100|[from] item: Leftovers
|-damage|p2a: Tinkaton|1/100 brn|[from] brn
|upkeep
|turn|5
|
|t:|1743834868
|switch|p2a: Pecharunt|Pecharunt|100/100
|move|p1a: Great Tusk|Rapid Spin|p2a: Pecharunt
|-immune|p2a: Pecharunt
|
|upkeep
|turn|6
|
|t:|1743834875
|move|p2a: Pecharunt|Parting Shot|p1a: Great Tusk
|-unboost|p1a: Great Tusk|atk|1
|-unboost|p1a: Great Tusk|spa|1
|
|t:|1743834892
|switch|p2a: Tinkaton|Tinkaton, F|1/100 brn|[from] Parting Shot
|move|p1a: Great Tusk|Knock Off|p2a: Tinkaton
|-resisted|p2a: Tinkaton
|-damage|p2a: Tinkaton|0 fnt
|-enditem|p2a: Tinkaton|Heavy-Duty Boots|[from] move: Knock Off|[of] p1a: Great Tusk
|faint|p2a: Tinkaton
|
|upkeep
|
|t:|1743834894
|switch|p2a: Ceruledge|Ceruledge, M|100/100
|turn|7
|
|t:|1743834898
|move|p2a: Ceruledge|Endure|p2a: Ceruledge
|-singleturn|p2a: Ceruledge|move: Endure
|move|p1a: Great Tusk|Headlong Rush|p2a: Ceruledge
|-supereffective|p2a: Ceruledge
|-activate|p2a: Ceruledge|move: Endure
|-damage|p2a: Ceruledge|1/100
|-unboost|p1a: Great Tusk|def|1
|-unboost|p1a: Great Tusk|spd|1
|-ability|p2a: Ceruledge|Weak Armor|boost
|-unboost|p2a: Ceruledge|def|1
|-boost|p2a: Ceruledge|spe|2
|-enditem|p2a: Ceruledge|Weakness Policy
|-boost|p2a: Ceruledge|atk|2|[from] item: Weakness Policy
|-boost|p2a: Ceruledge|spa|2|[from] item: Weakness Policy
|
|upkeep
|turn|8
|
|t:|1743834903
|-end|p1a: Great Tusk|Protosynthesis|[silent]
|switch|p1a: Zapdos|Zapdos|100/100
|-damage|p1a: Zapdos|76/100|[from] Stealth Rock
|-terastallize|p2a: Ceruledge|Fire
|move|p2a: Ceruledge|Bitter Blade|p1a: Zapdos
|-damage|p1a: Zapdos|0 fnt
|-heal|p2a: Ceruledge|50/100|[from] drain|[of] p1a: Zapdos
|-damage|p2a: Ceruledge|34/100|[from] item: Rocky Helmet|[of] p1a: Zapdos
|faint|p1a: Zapdos
|
|upkeep
|
|t:|1743834919
|switch|p1a: Moltres|Moltres|100/100 par
|-damage|p1a: Moltres|51/100 par|[from] Stealth Rock
|turn|9
|
|t:|1743834923
|move|p2a: Ceruledge|Bitter Blade|p1a: Moltres
|-resisted|p1a: Moltres
|-damage|p1a: Moltres|0 fnt
|-heal|p2a: Ceruledge|67/100|[from] drain|[of] p1a: Moltres
|faint|p1a: Moltres
|
|upkeep
|
|t:|1743834931
|switch|p1a: Dondozo|Dondozo, M|100/100
|-damage|p1a: Dondozo|88/100|[from] Stealth Rock
|turn|10
|
|t:|1743834937
|move|p2a: Ceruledge|Poltergeist|p1a: Dondozo
|-activate|p1a: Dondozo|move: Poltergeist|Leftovers
|-damage|p1a: Dondozo|60/100
|move|p1a: Dondozo|Substitute|p1a: Dondozo
|-start|p1a: Dondozo|Substitute
|-damage|p1a: Dondozo|35/100
|
|-heal|p1a: Dondozo|41/100|[from] item: Leftovers
|upkeep
|turn|11
|
|t:|1743834942
|move|p2a: Ceruledge|Poltergeist|p1a: Dondozo
|-activate|p1a: Dondozo|move: Poltergeist|Leftovers
|-end|p1a: Dondozo|Substitute
|move|p1a: Dondozo|Curse|p1a: Dondozo
|-unboost|p1a: Dondozo|spe|1
|-boost|p1a: Dondozo|atk|1
|-boost|p1a: Dondozo|def|1
|
|-heal|p1a: Dondozo|47/100|[from] item: Leftovers
|upkeep
|turn|12
|
|t:|1743834947
|move|p2a: Ceruledge|Poltergeist|p1a: Dondozo
|-activate|p1a: Dondozo|move: Poltergeist|Leftovers
|-damage|p1a: Dondozo|29/100
|move|p1a: Dondozo|Liquidation|p2a: Ceruledge
|-supereffective|p2a: Ceruledge
|-damage|p2a: Ceruledge|0 fnt
|faint|p2a: Ceruledge
|
|-heal|p1a: Dondozo|35/100|[from] item: Leftovers
|upkeep
|
|t:|1743834951
|switch|p2a: Pecharunt|Pecharunt|100/100
|turn|13
|
|t:|1743834955
|move|p2a: Pecharunt|Malignant Chain|p1a: Dondozo
|-damage|p1a: Dondozo|0 fnt
|faint|p1a: Dondozo
|
|upkeep
|
|t:|1743834961
|switch|p1a: Great Tusk|Great Tusk|100/100
|-damage|p1a: Great Tusk|98/100|[from] Stealth Rock
|turn|14
|
|t:|1743834964
|move|p2a: Pecharunt|Parting Shot|p1a: Great Tusk
|-unboost|p1a: Great Tusk|atk|1
|-unboost|p1a: Great Tusk|spa|1
|
|t:|1743834977
|switch|p2a: Maushold|Maushold|100/100|[from] Parting Shot
|move|p1a: Great Tusk|Knock Off|p2a: Maushold
|-damage|p2a: Maushold|59/100
|-enditem|p2a: Maushold|Wide Lens|[from] move: Knock Off|[of] p1a: Great Tusk
|
|-heal|p1a: Great Tusk|100/100|[from] item: Leftovers
|upkeep
|turn|15
|
|t:|1743834982
|move|p2a: Maushold|Population Bomb|p1a: Great Tusk
|-damage|p1a: Great Tusk|93/100
|-hitcount|p1a: Great Tusk|1
|move|p1a: Great Tusk|Close Combat|p2a: Maushold
|-supereffective|p2a: Maushold
|-damage|p2a: Maushold|0 fnt
|-unboost|p1a: Great Tusk|def|1
|-unboost|p1a: Great Tusk|spd|1
|faint|p2a: Maushold
|
|-heal|p1a: Great Tusk|99/100|[from] item: Leftovers
|upkeep
|
|t:|1743834988
|switch|p2a: Dragapult|Dragapult, M|100/100
|turn|16
|
|t:|1743834991
|move|p2a: Dragapult|Dragon Dance|p2a: Dragapult
|-boost|p2a: Dragapult|atk|1
|-boost|p2a: Dragapult|spe|1
|move|p1a: Great Tusk|Knock Off|p2a: Dragapult
|-supereffective|p2a: Dragapult
|-damage|p2a: Dragapult|28/100
|-enditem|p2a: Dragapult|Muscle Band|[from] move: Knock Off|[of] p1a: Great Tusk
|
|-heal|p1a: Great Tusk|100/100|[from] item: Leftovers
|upkeep
|turn|17
|
|t:|1743834998
|move|p2a: Dragapult|Dragon Darts|p1a: Great Tusk
|-damage|p1a: Great Tusk|64/100
|-anim|p2a: Dragapult|Dragon Darts|p1a: Great Tusk
|-damage|p1a: Great Tusk|26/100
|move|p1a: Great Tusk|Knock Off|p2a: Dragapult
|-supereffective|p2a: Dragapult
|-damage|p2a: Dragapult|0 fnt
|faint|p2a: Dragapult
|
|-heal|p1a: Great Tusk|33/100|[from] item: Leftovers
|upkeep
|
|t:|1743835003
|switch|p2a: Darkrai|Darkrai|100/100
|turn|18
|
|t:|1743835009
|move|p2a: Darkrai|Dark Pulse|p1a: Great Tusk
|-resisted|p1a: Great Tusk
|-damage|p1a: Great Tusk|0 fnt
|faint|p1a: Great Tusk
|-end|p1a: Great Tusk|Protosynthesis|[silent]
|
|upkeep
|
|t:|1743835013
|switch|p1a: Iron Valiant|Iron Valiant|100/100
|-damage|p1a: Iron Valiant|94/100|[from] Stealth Rock
|-enditem|p1a: Iron Valiant|Booster Energy
|-activate|p1a: Iron Valiant|ability: Quark Drive|[fromitem]
|-start|p1a: Iron Valiant|quarkdrivespe
|turn|19
|
|t:|1743835022
|-terastallize|p1a: Iron Valiant|Fighting
|move|p1a: Iron Valiant|Swords Dance|p1a: Iron Valiant
|-boost|p1a: Iron Valiant|atk|2
|move|p2a: Darkrai|Sludge Bomb|p1a: Iron Valiant
|-damage|p1a: Iron Valiant|41/100
|
|upkeep
|turn|20
|
|t:|1743835031
|move|p1a: Iron Valiant|Drain Punch|p2a: Darkrai
|-supereffective|p2a: Darkrai
|-damage|p2a: Darkrai|0 fnt
|-heal|p1a: Iron Valiant|81/100|[from] drain|[of] p2a: Darkrai
|faint|p2a: Darkrai
|
|upkeep
|
|t:|1743835034
|switch|p2a: Pecharunt|Pecharunt|100/100
|turn|21
|
|t:|1743835036
|move|p1a: Iron Valiant|Knock Off|p2a: Pecharunt
|-supereffective|p2a: Pecharunt
|-damage|p2a: Pecharunt|39/100
|-enditem|p2a: Pecharunt|Leftovers|[from] move: Knock Off|[of] p1a: Iron Valiant
|move|p2a: Pecharunt|Malignant Chain|p1a: Iron Valiant
|-damage|p1a: Iron Valiant|22/100
|
|upkeep
|turn|22
|
|t:|1743835046
|move|p1a: Iron Valiant|Knock Off|p2a: Pecharunt
|-supereffective|p2a: Pecharunt
|-damage|p2a: Pecharunt|0 fnt
|faint|p2a: Pecharunt
|
|win|watttt
|raw|watttt's rating: 1242 &rarr; <strong>1267</strong><br />(+25 for winning)
|raw|Cthuluhoop1738's rating: 1241 &rarr; <strong>1216</strong><br />(-25 for losing)
|l|☆Cthuluhoop1738
|player|p2|
|l|☆watttt
|player|p1|
