|j|☆dvega24
|j|☆Pump a Hydro
|t:|1743857102
|gametype|singles
|player|p1|dvega24|169|1169
|player|p2|Pump a Hydro|102|1216
|teamsize|p1|6
|teamsize|p2|6
|gen|9
|tier|[Gen 9] OU
|rated|
|rule|HP Percentage Mod: HP is shown in percentages
|rule|Endless Battle Clause: Forcing endless battles is banned
|rule|Species Clause: Limit one of each Pokémon
|rule|OHKO Clause: OHKO moves are banned
|rule|Evasion Items Clause: Evasion items are banned
|rule|Evasion Moves Clause: Evasion moves are banned
|rule|Sleep Moves Clause: Sleep-inducing moves are banned
|clearpoke
|poke|p1|Weezing-Galar, F|
|poke|p1|Hawlucha, F|
|poke|p1|Blissey, F|
|poke|p1|Dondozo, F|
|poke|p1|Toxapex, F|
|poke|p1|Ting-Lu|
|poke|p2|Breloom, F|
|poke|p2|Ninetales, M|
|poke|p2|Sunflora, F|
|poke|p2|Iron Crown|
|poke|p2|Skeledirge, F|
|poke|p2|Great Tusk|
|teampreview
|
|t:|1743857114
|start
|switch|p1a: Toxapex|Toxapex, F|100/100
|switch|p2a: Hot|Ninetales, M|100/100
|-weather|SunnyDay|[from] ability: Drought|[of] p2a: Hot
|turn|1
|
|t:|1743857122
|move|p2a: Hot|Will-O-Wisp|p1a: Toxapex
|-status|p1a: Toxapex|brn
|move|p1a: Toxapex|Toxic|p2a: Hot
|-status|p2a: Hot|tox
|
|-weather|SunnyDay|[upkeep]
|-damage|p2a: Hot|95/100 tox|[from] psn
|-damage|p1a: Toxapex|94/100 brn|[from] brn
|upkeep
|turn|2
|l|☆dvega24
|player|p1|
|j|☆dvega24
|player|p1|dvega24|169|
|
|t:|1743857139
|switch|p2a: Shine bright|Sunflora, F|100/100
|switch|p1a: vessel of darkness|Ting-Lu|100/100
|-ability|p1a: vessel of darkness|Vessel of Ruin
|
|-weather|SunnyDay|[upkeep]
|-damage|p2a: Shine bright|88/100|[from] ability: Solar Power|[of] p2a: Shine bright
|upkeep
|turn|3
|
|t:|1743857152
|switch|p1a: Blissey|Blissey, F|100/100
|move|p2a: Shine bright|Leaf Storm|p1a: Blissey
|-damage|p1a: Blissey|55/100
|-unboost|p2a: Shine bright|spa|2
|
|-weather|SunnyDay|[upkeep]
|-damage|p2a: Shine bright|76/100|[from] ability: Solar Power|[of] p2a: Shine bright
|-heal|p1a: Blissey|62/100|[from] item: Leftovers
|upkeep
|turn|4
|
|t:|1743857162
|switch|p2a: High asf|Iron Crown|100/100
|-enditem|p2a: High asf|Booster Energy
|-activate|p2a: High asf|ability: Quark Drive|[fromitem]
|-start|p2a: High asf|quarkdrivespa
|move|p1a: Blissey|Flamethrower|p2a: High asf
|-supereffective|p2a: High asf
|-damage|p2a: High asf|54/100
|
|-weather|SunnyDay|[upkeep]
|-heal|p1a: Blissey|68/100|[from] item: Leftovers
|upkeep
|turn|5
|
|t:|1743857177
|switch|p1a: vessel of darkness|Ting-Lu|100/100
|-ability|p1a: vessel of darkness|Vessel of Ruin
|move|p2a: High asf|Tachyon Cutter|p1a: vessel of darkness
|-crit|p1a: vessel of darkness
|-damage|p1a: vessel of darkness|81/100
|-damage|p1a: vessel of darkness|67/100
|-hitcount|p1a: vessel of darkness|2
|
|-weather|SunnyDay|[upkeep]
|-heal|p1a: vessel of darkness|73/100|[from] item: Leftovers
|upkeep
|turn|6
|
|t:|1743857189
|move|p2a: High asf|Tachyon Cutter|p1a: vessel of darkness
|-damage|p1a: vessel of darkness|59/100
|-damage|p1a: vessel of darkness|46/100
|-hitcount|p1a: vessel of darkness|2
|move|p1a: vessel of darkness|Sand Tomb|p2a: High asf
|-supereffective|p2a: High asf
|-damage|p2a: High asf|24/100
|-activate|p2a: High asf|move: Sand Tomb|[of] p1a: vessel of darkness
|
|-weather|SunnyDay|[upkeep]
|-heal|p1a: vessel of darkness|52/100|[from] item: Leftovers
|-damage|p2a: High asf|12/100|[from] move: Sand Tomb|[partiallytrapped]
|upkeep
|turn|7
|
|t:|1743857201
|move|p2a: High asf|Future Sight|p1a: vessel of darkness
|-start|p2a: High asf|move: Future Sight
|move|p1a: vessel of darkness|Stealth Rock|p2a: High asf
|-sidestart|p2: Pump a Hydro|move: Stealth Rock
|
|-weather|SunnyDay|[upkeep]
|-heal|p1a: vessel of darkness|58/100|[from] item: Leftovers
|-damage|p2a: High asf|0 fnt|[from] move: Sand Tomb|[partiallytrapped]
|faint|p2a: High asf
|-end|p2a: High asf|Quark Drive|[silent]
|upkeep
|
|t:|1743857211
|switch|p2a: SHROOMMSS|Breloom, F, shiny|100/100
|-damage|p2a: SHROOMMSS|94/100|[from] Stealth Rock
|turn|8
|
|t:|1743857220
|switch|p1a: Weezing|Weezing-Galar, F|100/100
|-ability|p1a: Weezing|Neutralizing Gas
|-item|p1a: Weezing|Air Balloon
|move|p2a: SHROOMMSS|Bullet Seed|p1a: Weezing
|-resisted|p1a: Weezing
|-damage|p1a: Weezing|93/100
|-enditem|p1a: Weezing|Air Balloon
|-resisted|p1a: Weezing
|-damage|p1a: Weezing|86/100
|-hitcount|p1a: Weezing|2
|
|-weather|none
|upkeep
|turn|9
|
|t:|1743857237
|switch|p2a: Hot|Ninetales, M|95/100 tox
|-damage|p2a: Hot|70/100 tox|[from] Stealth Rock
|move|p1a: Weezing|Will-O-Wisp||[still]
|-fail|p1a: Weezing
|
|-end|p1a: Weezing|move: Future Sight
|-supereffective|p1a: Weezing
|-damage|p1a: Weezing|0 fnt
|faint|p1a: Weezing
|-end|p1a: Weezing|ability: Neutralizing Gas
|-weather|SunnyDay|[from] ability: Drought|[of] p2a: Hot
|-damage|p2a: Hot|64/100 tox|[from] psn
|upkeep
|
|t:|1743857252
|switch|p1a: vessel of darkness|Ting-Lu|58/100
|-ability|p1a: vessel of darkness|Vessel of Ruin
|turn|10
|
|t:|1743857258
|move|p2a: Hot|Fire Blast|p1a: vessel of darkness
|-damage|p1a: vessel of darkness|32/100
|move|p1a: vessel of darkness|Spikes|p2a: Hot
|-sidestart|p2: Pump a Hydro|Spikes
|
|-weather|SunnyDay|[upkeep]
|-heal|p1a: vessel of darkness|38/100|[from] item: Leftovers
|-damage|p2a: Hot|52/100 tox|[from] psn
|upkeep
|turn|11
|
|t:|1743857277
|move|p2a: Hot|Encore|p1a: vessel of darkness
|-start|p1a: vessel of darkness|Encore
|move|p1a: vessel of darkness|Spikes|p2a: Hot
|-sidestart|p2: Pump a Hydro|Spikes
|
|-weather|SunnyDay|[upkeep]
|-heal|p1a: vessel of darkness|44/100|[from] item: Leftovers
|-damage|p2a: Hot|34/100 tox|[from] psn
|upkeep
|turn|12
|
|t:|1743857284
|switch|p2a: Shine bright|Sunflora, F|76/100
|-damage|p2a: Shine bright|63/100|[from] Stealth Rock
|-damage|p2a: Shine bright|47/100|[from] Spikes
|move|p1a: vessel of darkness|Spikes|p2a: Shine bright
|-sidestart|p2: Pump a Hydro|Spikes
|
|-weather|SunnyDay|[upkeep]
|-damage|p2a: Shine bright|34/100|[from] ability: Solar Power|[of] p2a: Shine bright
|-heal|p1a: vessel of darkness|50/100|[from] item: Leftovers
|upkeep
|turn|13
|
|t:|1743857297
|switch|p1a: Blissey|Blissey, F|68/100
|move|p2a: Shine bright|Leaf Storm|p1a: Blissey
|-damage|p1a: Blissey|23/100
|-unboost|p2a: Shine bright|spa|2
|
|-weather|SunnyDay|[upkeep]
|-damage|p2a: Shine bright|22/100|[from] ability: Solar Power|[of] p2a: Shine bright
|-heal|p1a: Blissey|29/100|[from] item: Leftovers
|upkeep
|turn|14
|
|t:|1743857303
|switch|p1a: vessel of darkness|Ting-Lu|50/100
|-ability|p1a: vessel of darkness|Vessel of Ruin
|move|p2a: Shine bright|Leaf Storm|p1a: vessel of darkness
|-supereffective|p1a: vessel of darkness
|-damage|p1a: vessel of darkness|0 fnt
|-unboost|p2a: Shine bright|spa|2
|faint|p1a: vessel of darkness
|
|-weather|SunnyDay|[upkeep]
|-damage|p2a: Shine bright|9/100|[from] ability: Solar Power|[of] p2a: Shine bright
|upkeep
|
|t:|1743857307
|switch|p1a: Toxapex|Toxapex, F|100/100 brn
|turn|15
|-message|dvega24 forfeited.
|
|win|Pump a Hydro
|raw|dvega24's rating: 1169 &rarr; <strong>1147</strong><br />(-22 for losing)
|raw|Pump a Hydro's rating: 1216 &rarr; <strong>1238</strong><br />(+22 for winning)
|l|☆dvega24
|player|p1|
|l|☆Pump a Hydro
|player|p2|
