|j|☆ascended tusk 69
|j|☆Kikiam n fishball
|t:|1743822438
|gametype|singles
|player|p1|ascended tusk 69|biker|1696
|player|p2|Kikiam n fishball|169|1691
|teamsize|p1|6
|teamsize|p2|6
|gen|9
|tier|[Gen 9] OU
|rated|
|rule|HP Percentage Mod: HP is shown in percentages
|rule|Endless Battle Clause: Forcing endless battles is banned
|rule|Species Clause: Limit one of each Pokémon
|rule|OHKO Clause: OHKO moves are banned
|rule|Evasion Items Clause: Evasion items are banned
|rule|Evasion Moves Clause: Evasion moves are banned
|rule|Sleep Moves Clause: Sleep-inducing moves are banned
|clearpoke
|poke|p1|Ninetales-Alola, M|
|poke|p1|Serperior, M|
|poke|p1|Iron Valiant|
|poke|p1|Kingambit, M|
|poke|p1|Latias, F|
|poke|p1|Gliscor, F|
|poke|p2|Samurott-Hisui, M|
|poke|p2|Hydreigon, F|
|poke|p2|Great Tusk|
|poke|p2|Gholdengo|
|poke|p2|Walking Wake|
|poke|p2|Kingambit, M|
|teampreview
|inactive|Battle timer is ON: inactive players will automatically lose when time's up. (requested by Kikiam n fishball)
|
|t:|1743822446
|start
|switch|p1a: 69tales|Ninetales-Alola, M|100/100
|switch|p2a: Hydreigon|Hydreigon, F|100/100
|-weather|Snowscape|[from] ability: Snow Warning|[of] p1a: 69tales
|turn|1
|
|t:|1743822449
|-terastallize|p2a: Hydreigon|Steel
|move|p1a: 69tales|Aurora Veil|p1a: 69tales
|-sidestart|p1: ascended tusk 69|move: Aurora Veil
|move|p2a: Hydreigon|Flash Cannon|p1a: 69tales
|-supereffective|p1a: 69tales
|-damage|p1a: 69tales|18/100
|
|-weather|Snowscape|[upkeep]
|upkeep
|turn|2
|
|t:|1743822456
|move|p1a: 69tales|Encore|p2a: Hydreigon
|-start|p2a: Hydreigon|Encore
|move|p2a: Hydreigon|Flash Cannon|p1a: 69tales
|-supereffective|p1a: 69tales
|-damage|p1a: 69tales|0 fnt
|faint|p1a: 69tales
|
|-weather|Snowscape|[upkeep]
|upkeep
|j| poli sci
|
|t:|1743822461
|switch|p1a: Serp Gaming|Serperior, M|100/100
|turn|3
|j| nastynastygirl7
|
|t:|1743822470
|switch|p2a: Van|Gholdengo|100/100
|move|p1a: Serp Gaming|Leaf Storm|p2a: Van
|-resisted|p2a: Van
|-damage|p2a: Van|78/100
|-boost|p1a: Serp Gaming|spa|2
|
|-weather|Snowscape|[upkeep]
|upkeep
|turn|4
|l| poli sci
|
|t:|1743822478
|move|p2a: Van|Shadow Ball|p1a: Serp Gaming
|-damage|p1a: Serp Gaming|73/100
|move|p1a: Serp Gaming|Substitute|p1a: Serp Gaming
|-start|p1a: Serp Gaming|Substitute
|-damage|p1a: Serp Gaming|48/100
|
|-weather|Snowscape|[upkeep]
|-heal|p1a: Serp Gaming|54/100|[from] item: Leftovers
|upkeep
|turn|5
|
|t:|1743822483
|move|p2a: Van|Shadow Ball|p1a: Serp Gaming
|-end|p1a: Serp Gaming|Substitute
|move|p1a: Serp Gaming|Leaf Storm|p2a: Van
|-resisted|p2a: Van
|-damage|p2a: Van|32/100
|-boost|p1a: Serp Gaming|spa|2
|
|-weather|none
|-heal|p1a: Serp Gaming|60/100|[from] item: Leftovers
|upkeep
|turn|6
|c|☆ascended tusk 69|opuse
|j| poli sci
|c|☆ascended tusk 69|im dume
|
|t:|1743822489
|move|p2a: Van|Shadow Ball|p1a: Serp Gaming
|-damage|p1a: Serp Gaming|34/100
|move|p1a: Serp Gaming|Leaf Storm|p2a: Van
|-resisted|p2a: Van
|-damage|p2a: Van|0 fnt
|-boost|p1a: Serp Gaming|spa|2
|faint|p2a: Van
|
|-heal|p1a: Serp Gaming|39/100|[from] item: Leftovers
|upkeep
|c|☆ascended tusk 69|i shoulda predicted skarfe
|
|t:|1743822501
|switch|p2a: Edward|Samurott-Hisui, M, shiny|100/100
|turn|7
|l| poli sci
|
|t:|1743822505
|move|p1a: Serp Gaming|Leaf Storm|p2a: Edward
|-supereffective|p2a: Edward
|-damage|p2a: Edward|0 fnt
|faint|p2a: Edward
|
|-heal|p1a: Serp Gaming|45/100|[from] item: Leftovers
|upkeep
|
|t:|1743822510
|switch|p2a: Hydreigon|Hydreigon, F, tera:Steel|100/100
|turn|8
|
|t:|1743822514
|move|p1a: Serp Gaming|Leaf Storm|p2a: Hydreigon
|-resisted|p2a: Hydreigon
|-damage|p2a: Hydreigon|0 fnt
|faint|p2a: Hydreigon
|
|-heal|p1a: Serp Gaming|51/100|[from] item: Leftovers
|-sideend|p1: ascended tusk 69|move: Aurora Veil
|upkeep
|
|t:|1743822516
|switch|p2a: Nah I'd 50/50|Kingambit, M, shiny|100/100
|-activate|p2a: Nah I'd 50/50|ability: Supreme Overlord
|-start|p2a: Nah I'd 50/50|fallen3|[silent]
|turn|9
|
|t:|1743822519
|move|p1a: Serp Gaming|Glare|p2a: Nah I'd 50/50
|-status|p2a: Nah I'd 50/50|par
|move|p2a: Nah I'd 50/50|Kowtow Cleave|p1a: Serp Gaming
|-damage|p1a: Serp Gaming|0 fnt
|faint|p1a: Serp Gaming
|
|upkeep
|
|t:|1743822528
|switch|p1a: Himiko|Gliscor, F|100/100
|turn|10
|
|t:|1743822537
|-end|p2a: Nah I'd 50/50|fallen3|[silent]
|switch|p2a: Walking Wake|Walking Wake|100/100
|move|p1a: Himiko|Earthquake|p2a: Walking Wake
|-damage|p2a: Walking Wake|54/100
|
|-status|p1a: Himiko|tox|[from] item: Toxic Orb
|upkeep
|turn|11
|
|t:|1743822545
|move|p2a: Walking Wake|Knock Off|p1a: Himiko
|-damage|p1a: Himiko|83/100 tox
|-enditem|p1a: Himiko|Toxic Orb|[from] move: Knock Off|[of] p2a: Walking Wake
|move|p1a: Himiko|Agility|p1a: Himiko
|-boost|p1a: Himiko|spe|2
|
|-heal|p1a: Himiko|96/100 tox|[from] ability: Poison Heal
|upkeep
|turn|12
|c|☆ascended tusk 69|KNOCK
|c|☆ascended tusk 69|BRO
|
|t:|1743822558
|move|p1a: Himiko|Earthquake|p2a: Walking Wake
|-damage|p2a: Walking Wake|6/100
|move|p2a: Walking Wake|Hydro Pump|p1a: Himiko
|-supereffective|p1a: Himiko
|-damage|p1a: Himiko|0 fnt
|faint|p1a: Himiko
|
|upkeep
|c|☆ascended tusk 69|lmao wake is such garbage
|j| nd9gfzgougingfuck
|
|t:|1743822576
|switch|p1a: WINGED SHELL|Iron Valiant|100/100
|-enditem|p1a: WINGED SHELL|Booster Energy
|-activate|p1a: WINGED SHELL|ability: Quark Drive|[fromitem]
|-start|p1a: WINGED SHELL|quarkdrivespe
|turn|13
|l| nd9gfzgougingfuck
|
|t:|1743822580
|move|p1a: WINGED SHELL|Knock Off|p2a: Walking Wake
|-damage|p2a: Walking Wake|0 fnt
|-enditem|p2a: Walking Wake|Heavy-Duty Boots|[from] move: Knock Off|[of] p1a: WINGED SHELL
|faint|p2a: Walking Wake
|-end|p2a: Walking Wake|Protosynthesis|[silent]
|
|upkeep
|
|t:|1743822590
|switch|p2a: Jack|Great Tusk|100/100
|turn|14
|
|t:|1743822600
|-end|p1a: WINGED SHELL|Quark Drive|[silent]
|switch|p1a: Goatias|Latias, F|100/100
|move|p2a: Jack|Headlong Rush|p1a: Goatias
|-immune|p1a: Goatias|[from] ability: Levitate
|
|upkeep
|turn|15
|
|t:|1743822607
|-end|p2a: Jack|Protosynthesis|[silent]
|switch|p2a: Nah I'd 50/50|Kingambit, M, shiny|100/100 par
|-activate|p2a: Nah I'd 50/50|ability: Supreme Overlord
|-start|p2a: Nah I'd 50/50|fallen4|[silent]
|move|p1a: Goatias|Aura Sphere|p2a: Nah I'd 50/50
|-supereffective|p2a: Nah I'd 50/50
|-damage|p2a: Nah I'd 50/50|22/100 par
|
|-heal|p2a: Nah I'd 50/50|28/100 par|[from] item: Leftovers
|upkeep
|turn|16
|j| 8dgvhuo
|
|t:|1743822616
|move|p1a: Goatias|Aura Sphere|p2a: Nah I'd 50/50
|-supereffective|p2a: Nah I'd 50/50
|-damage|p2a: Nah I'd 50/50|0 fnt
|faint|p2a: Nah I'd 50/50
|-end|p2a: Nah I'd 50/50|fallen4|[silent]
|
|upkeep
|-message|Kikiam n fishball forfeited.
|
|win|ascended tusk 69
|raw|ascended tusk 69's rating: 1696 &rarr; <strong>1716</strong><br />(+20 for winning)
|raw|Kikiam n fishball's rating: 1691 &rarr; <strong>1671</strong><br />(-20 for losing)
|l|☆Kikiam n fishball
|player|p2|
|l| nastynastygirl7
