|j|☆Mr.diversity
|j|☆vacheron
|t:|1743789477
|gametype|singles
|player|p1|Mr.diversity|2|1805
|player|p2|vacheron|170|1834
|teamsize|p1|6
|teamsize|p2|6
|gen|9
|tier|[Gen 9] OU
|rated|
|rule|HP Percentage Mod: HP is shown in percentages
|rule|Endless Battle Clause: Forcing endless battles is banned
|rule|Species Clause: Limit one of each Pokémon
|rule|OHKO Clause: OHKO moves are banned
|rule|Evasion Items Clause: Evasion items are banned
|rule|Evasion Moves Clause: Evasion moves are banned
|rule|Sleep Moves Clause: Sleep-inducing moves are banned
|clearpoke
|poke|p1|Landorus-Therian, M|
|poke|p1|Cinderace, M|
|poke|p1|Great Tusk|
|poke|p1|Heatran, F|
|poke|p1|Clodsire, M|
|poke|p1|Armarouge, F|
|poke|p2|Samurott-Hisui, F|
|poke|p2|Iron Valiant|
|poke|p2|Pecharunt|
|poke|p2|Reuniclus, F|
|poke|p2|Darkrai|
|poke|p2|Kingambit, F|
|teampreview
|inactive|Battle timer is ON: inactive players will automatically lose when time's up. (requested by Mr.diversity)
|j| diaodeyibi12345
|
|t:|1743789488
|start
|switch|p1a: Cinderace|Cinderace, M|100/100
|switch|p2a: Scarlet Devil|Darkrai|100/100
|turn|1
|
|t:|1743789498
|move|p2a: Scarlet Devil|Knock Off|p1a: Cinderace
|-damage|p1a: Cinderace|40/100
|-enditem|p1a: Cinderace|Choice Band|[from] move: Knock Off|[of] p2a: Scarlet Devil
|move|p1a: Cinderace|U-turn|p2a: Scarlet Devil
|-start|p1a: Cinderace|typechange|Bug|[from] ability: Libero
|-supereffective|p2a: Scarlet Devil
|-damage|p2a: Scarlet Devil|15/100
|
|t:|1743789506
|switch|p1a: Clodsire|Clodsire, M|100/100|[from] U-turn
|
|upkeep
|turn|2
|
|t:|1743789513
|switch|p2a: Metastasis|Reuniclus, F|100/100
|move|p1a: Clodsire|Stealth Rock|p2a: Metastasis
|-sidestart|p2: vacheron|move: Stealth Rock
|
|upkeep
|turn|3
|
|t:|1743789519
|switch|p1a: Heatran|Heatran, F|100/100
|move|p2a: Metastasis|Trick Room|p2a: Metastasis
|-fieldstart|move: Trick Room|[of] p2a: Metastasis
|
|upkeep
|turn|4
|
|t:|1743789522
|-terastallize|p2a: Metastasis|Fighting
|move|p2a: Metastasis|Focus Blast|p1a: Heatran|[miss]
|-miss|p2a: Metastasis|p1a: Heatran
|move|p1a: Heatran|Magma Storm|p2a: Metastasis
|-damage|p2a: Metastasis|25/100
|-activate|p2a: Metastasis|move: Magma Storm|[of] p1a: Heatran
|
|upkeep
|turn|5
|
|t:|1743789527
|switch|p1a: Clodsire|Clodsire, M|100/100
|move|p2a: Metastasis|Psychic Noise|p1a: Clodsire
|-supereffective|p1a: Clodsire
|-damage|p1a: Clodsire|47/100
|-start|p1a: Clodsire|move: Heal Block
|
|-end|p2a: Metastasis|Magma Storm|[partiallytrapped]|[silent]
|upkeep
|turn|6
|
|t:|1743789533
|switch|p1a: Heatran|Heatran, F|100/100
|move|p2a: Metastasis|Shadow Ball|p1a: Heatran
|-damage|p1a: Heatran|70/100
|
|upkeep
|turn|7
|
|t:|1743789538
|move|p2a: Metastasis|Focus Blast|p1a: Heatran
|-supereffective|p1a: Heatran
|-damage|p1a: Heatran|0 fnt
|faint|p1a: Heatran
|
|-fieldend|move: Trick Room
|upkeep
|
|t:|1743789541
|switch|p1a: Landorus|Landorus-Therian, M|100/100
|-ability|p1a: Landorus|Intimidate|boost
|-unboost|p2a: Metastasis|atk|1
|turn|8
|
|t:|1743789545
|move|p1a: Landorus|Earthquake|p2a: Metastasis
|-damage|p2a: Metastasis|0 fnt
|faint|p2a: Metastasis
|
|upkeep
|
|t:|1743789549
|switch|p2a: Scarlet Devil|Darkrai|15/100
|-damage|p2a: Scarlet Devil|3/100|[from] Stealth Rock
|turn|9
|
|t:|1743789552
|switch|p1a: Clodsire|Clodsire, M|47/100
|move|p2a: Scarlet Devil|Ice Beam|p1a: Clodsire
|-supereffective|p1a: Clodsire
|-damage|p1a: Clodsire|12/100
|
|-heal|p1a: Clodsire|18/100|[from] item: Leftovers
|upkeep
|turn|10
|
|t:|1743789555
|move|p2a: Scarlet Devil|Ice Beam|p1a: Clodsire
|-supereffective|p1a: Clodsire
|-damage|p1a: Clodsire|0 fnt
|faint|p1a: Clodsire
|
|upkeep
|
|t:|1743789561
|switch|p1a: Cinderace|Cinderace, M|40/100
|turn|11
|
|t:|1743789563
|move|p2a: Scarlet Devil|Sucker Punch|p1a: Cinderace
|-damage|p1a: Cinderace|0 fnt
|faint|p1a: Cinderace
|
|upkeep
|j| rehgRH
|
|t:|1743789571
|switch|p1a: Armarouge|Armarouge, F|100/100
|turn|12
|
|t:|1743789574
|move|p2a: Scarlet Devil|Dark Pulse|p1a: Armarouge
|-supereffective|p1a: Armarouge
|-damage|p1a: Armarouge|0 fnt
|faint|p1a: Armarouge
|
|upkeep
|
|t:|1743789577
|switch|p1a: Great Tusk|Great Tusk|100/100
|-enditem|p1a: Great Tusk|Booster Energy
|-activate|p1a: Great Tusk|ability: Protosynthesis|[fromitem]
|-start|p1a: Great Tusk|protosynthesisatk
|turn|13
|
|t:|1743789581
|-terastallize|p1a: Great Tusk|Ice
|move|p2a: Scarlet Devil|Ice Beam|p1a: Great Tusk
|-resisted|p1a: Great Tusk
|-damage|p1a: Great Tusk|78/100
|move|p1a: Great Tusk|Rapid Spin|p2a: Scarlet Devil
|-damage|p2a: Scarlet Devil|0 fnt
|-boost|p1a: Great Tusk|spe|1
|faint|p2a: Scarlet Devil
|
|upkeep
|j| Undenuen
|
|t:|1743789590
|switch|p2a: Azathoth|Pecharunt|100/100
|-damage|p2a: Azathoth|88/100|[from] Stealth Rock
|turn|14
|j| randomreallyrandom
|
|t:|1743789593
|move|p1a: Great Tusk|Headlong Rush|p2a: Azathoth
|-supereffective|p2a: Azathoth
|-enditem|p2a: Azathoth|Shuca Berry|[eat]
|-enditem|p2a: Azathoth|Shuca Berry|[weaken]
|-damage|p2a: Azathoth|25/100
|-unboost|p1a: Great Tusk|def|1
|-unboost|p1a: Great Tusk|spd|1
|move|p2a: Azathoth|Malignant Chain|p1a: Great Tusk
|-damage|p1a: Great Tusk|0 fnt
|faint|p1a: Great Tusk
|-end|p1a: Great Tusk|Protosynthesis|[silent]
|
|upkeep
|
|t:|1743789597
|switch|p1a: Landorus|Landorus-Therian, M|100/100
|-ability|p1a: Landorus|Intimidate|boost
|-unboost|p2a: Azathoth|atk|1
|turn|15
|
|t:|1743789600
|move|p2a: Azathoth|Malignant Chain|p1a: Landorus
|-resisted|p1a: Landorus
|-damage|p1a: Landorus|76/100
|-status|p1a: Landorus|tox
|-start|p1a: Landorus|confusion|[from] ability: Poison Puppeteer|[of] p2a: Azathoth
|-activate|p1a: Landorus|confusion
|-damage|p1a: Landorus|57/100 tox|[from] confusion
|
|-damage|p1a: Landorus|51/100 tox|[from] psn
|upkeep
|turn|16
|
|t:|1743789602
|move|p2a: Azathoth|Shadow Ball|p1a: Landorus
|-damage|p1a: Landorus|11/100 tox
|-activate|p1a: Landorus|confusion
|move|p1a: Landorus|Earthquake|p2a: Azathoth
|-supereffective|p2a: Azathoth
|-damage|p2a: Azathoth|0 fnt
|faint|p2a: Azathoth
|
|-damage|p1a: Landorus|0 fnt|[from] psn
|faint|p1a: Landorus
|
|win|vacheron
|raw|Mr.diversity's rating: 1805 &rarr; <strong>1787</strong><br />(-18 for losing)
|raw|vacheron's rating: 1834 &rarr; <strong>1852</strong><br />(+18 for winning)
|l|☆vacheron
|player|p2|
|l|☆Mr.diversity
|player|p1|
|l| randomreallyrandom
|l| Undenuen
|l| diaodeyibi12345
