|j|☆justliam
|j|☆TheTired
|t:|1743788701
|gametype|singles
|player|p1|justliam|170|1487
|player|p2|TheTired|colress|1439
|teamsize|p1|6
|teamsize|p2|6
|gen|9
|tier|[Gen 9] OU
|rated|
|rule|HP Percentage Mod: HP is shown in percentages
|rule|Endless Battle Clause: Forcing endless battles is banned
|rule|Species Clause: Limit one of each Pokémon
|rule|OHKO Clause: OHKO moves are banned
|rule|Evasion Items Clause: Evasion items are banned
|rule|Evasion Moves Clause: Evasion moves are banned
|rule|Sleep Moves Clause: Sleep-inducing moves are banned
|clearpoke
|poke|p1|Ogerpon-Wellspring, F|
|poke|p1|Gliscor, F|
|poke|p1|Gholdengo|
|poke|p1|Great Tusk|
|poke|p1|Darkrai|
|poke|p1|Clefable, F|
|poke|p2|Blaziken, F|
|poke|p2|Ninetales-Alola, F|
|poke|p2|Iron Treads|
|poke|p2|Iron Boulder|
|poke|p2|Ogerpon-Wellspring, F|
|poke|p2|Raging Bolt|
|teampreview
|inactive|Battle timer is ON: inactive players will automatically lose when time's up. (requested by TheTired)
|inactive|justliam has 120 seconds left.
|
|t:|1743788759
|start
|switch|p1a: Gholdengo|Gholdengo|100/100
|switch|p2a: Blaziken|Blaziken, F|100/100
|turn|1
|
|t:|1743788767
|move|p2a: Blaziken|Focus Energy|p2a: Blaziken
|-start|p2a: Blaziken|move: Focus Energy
|move|p1a: Gholdengo|Thunder Wave|p2a: Blaziken
|-status|p2a: Blaziken|par
|
|-ability|p2a: Blaziken|Speed Boost|boost
|-boost|p2a: Blaziken|spe|1
|upkeep
|turn|2
|
|t:|1743788773
|switch|p1a: Great Tusk|Great Tusk|100/100
|move|p2a: Blaziken|Overheat|p1a: Great Tusk
|-crit|p1a: Great Tusk
|-damage|p1a: Great Tusk|0 fnt
|-unboost|p2a: Blaziken|spa|2
|faint|p1a: Great Tusk
|-end|p1a: Great Tusk|Protosynthesis|[silent]
|
|-ability|p2a: Blaziken|Speed Boost|boost
|-boost|p2a: Blaziken|spe|1
|upkeep
|
|t:|1743788781
|switch|p1a: Gliscor|Gliscor, F|100/100
|turn|3
|
|t:|1743788785
|move|p2a: Blaziken|Overheat|p1a: Gliscor
|-crit|p1a: Gliscor
|-damage|p1a: Gliscor|18/100
|-unboost|p2a: Blaziken|spa|2
|move|p1a: Gliscor|Swords Dance|p1a: Gliscor
|-boost|p1a: Gliscor|atk|2
|
|-ability|p2a: Blaziken|Speed Boost|boost
|-boost|p2a: Blaziken|spe|1
|-status|p1a: Gliscor|tox|[from] item: Toxic Orb
|upkeep
|turn|4
|
|t:|1743788796
|move|p1a: Gliscor|Protect|p1a: Gliscor
|-singleturn|p1a: Gliscor|Protect
|cant|p2a: Blaziken|par
|
|-heal|p1a: Gliscor|31/100 tox|[from] ability: Poison Heal
|-ability|p2a: Blaziken|Speed Boost|boost
|-boost|p2a: Blaziken|spe|1
|upkeep
|turn|5
|
|t:|1743788804
|move|p1a: Gliscor|Protect||[still]
|-fail|p1a: Gliscor
|move|p2a: Blaziken|Overheat|p1a: Gliscor
|-crit|p1a: Gliscor
|-damage|p1a: Gliscor|0 fnt
|-unboost|p2a: Blaziken|spa|2
|faint|p1a: Gliscor
|
|-ability|p2a: Blaziken|Speed Boost|boost
|-boost|p2a: Blaziken|spe|1
|upkeep
|
|t:|1743788811
|switch|p1a: Ogerpon|Ogerpon-Wellspring, F|100/100
|turn|6
|
|t:|1743788821
|-terastallize|p2a: Blaziken|Fighting
|move|p2a: Blaziken|Overheat|p1a: Ogerpon|[miss]
|-miss|p2a: Blaziken|p1a: Ogerpon
|move|p1a: Ogerpon|Ivy Cudgel|p2a: Blaziken|[anim] Ivy Cudgel Water
|-damage|p2a: Blaziken|17/100 par
|
|-ability|p2a: Blaziken|Speed Boost|boost
|-boost|p2a: Blaziken|spe|1
|upkeep
|turn|7
|
|t:|1743788830
|move|p2a: Blaziken|Overheat|p1a: Ogerpon
|-crit|p1a: Ogerpon
|-damage|p1a: Ogerpon|0 fnt
|faint|p1a: Ogerpon
|
|upkeep
|
|t:|1743788838
|switch|p1a: Clefable|Clefable, F|100/100
|turn|8
|
|t:|1743788842
|move|p2a: Blaziken|Overheat|p1a: Clefable
|-crit|p1a: Clefable
|-damage|p1a: Clefable|20/100
|move|p1a: Clefable|Moonblast|p2a: Blaziken
|-supereffective|p2a: Blaziken
|-damage|p2a: Blaziken|0 fnt
|faint|p2a: Blaziken
|
|-heal|p1a: Clefable|26/100|[from] item: Leftovers
|upkeep
|
|t:|1743788851
|switch|p2a: Iron Treads|Iron Treads|100/100
|-enditem|p2a: Iron Treads|Booster Energy
|-activate|p2a: Iron Treads|ability: Quark Drive|[fromitem]
|-start|p2a: Iron Treads|quarkdrivespe
|turn|9
|
|t:|1743788856
|move|p2a: Iron Treads|Earth Power|p1a: Clefable
|-damage|p1a: Clefable|0 fnt
|faint|p1a: Clefable
|
|upkeep
|
|t:|1743788859
|switch|p1a: Darkrai|Darkrai|100/100
|turn|10
|
|t:|1743788871
|move|p1a: Darkrai|Will-O-Wisp|p2a: Iron Treads
|-status|p2a: Iron Treads|brn
|move|p2a: Iron Treads|Steel Beam|p1a: Darkrai
|-damage|p1a: Darkrai|24/100
|-damage|p2a: Iron Treads|50/100 brn|[from] steelbeam
|
|-damage|p2a: Iron Treads|44/100 brn|[from] brn
|upkeep
|turn|11
|
|t:|1743788878
|switch|p1a: Gholdengo|Gholdengo|100/100
|move|p2a: Iron Treads|Earth Power|p1a: Gholdengo
|-supereffective|p1a: Gholdengo
|-damage|p1a: Gholdengo|32/100
|
|-damage|p2a: Iron Treads|38/100 brn|[from] brn
|upkeep
|turn|12
|l|☆justliam
|inactive|justliam disconnected and has a minute to reconnect!
|player|p1|
|inactive|justliam has 30 seconds to reconnect!
|inactive|justliam has 20 seconds to reconnect!
|inactive|justliam has 15 seconds to reconnect!
|inactive|justliam has 10 seconds to reconnect!
|inactive|justliam has 5 seconds to reconnect!
|-message|justliam lost due to inactivity.
|
|win|TheTired
|raw|justliam's rating: 1487 &rarr; <strong>1464</strong><br />(-23 for losing)
|raw|TheTired's rating: 1439 &rarr; <strong>1462</strong><br />(+23 for winning)
|l|☆TheTired
|player|p2|
