|j|☆VANYR
|j|‽esteostrali
|t:|1743859798
|gametype|singles
|player|p1|VANYR|grimsley|1562
|player|p2|esteostrali|dragontamer|1557
|teamsize|p1|6
|teamsize|p2|6
|gen|9
|tier|[Gen 9] OU
|rated|
|rule|HP Percentage Mod: HP is shown in percentages
|rule|Endless Battle Clause: Forcing endless battles is banned
|rule|Species Clause: Limit one of each Pokémon
|rule|OHKO Clause: OHKO moves are banned
|rule|Evasion Items Clause: Evasion items are banned
|rule|Evasion Moves Clause: Evasion moves are banned
|rule|Sleep Moves Clause: Sleep-inducing moves are banned
|clearpoke
|poke|p1|Glimmora, F|
|poke|p1|Samurott-Hisui, F|
|poke|p1|Kleavor, F|
|poke|p1|Sinistcha-Masterpiece|
|poke|p1|Heatran, F|
|poke|p1|Conkeldurr, F|
|poke|p2|Cobalion|
|poke|p2|Skeledirge, M|
|poke|p2|Rillaboom, M|
|poke|p2|Great Tusk|
|poke|p2|Pecharunt|
|poke|p2|Zapdos|
|teampreview
|inactive|Battle timer is ON: inactive players will automatically lose when time's up. (requested by VANYR)
|
|t:|1743859845
|start
|switch|p1a: Kleavor|Kleavor, F|100/100
|switch|p2a: Great Tusk|Great Tusk|100/100
|-enditem|p2a: Great Tusk|Booster Energy
|-activate|p2a: Great Tusk|ability: Protosynthesis|[fromitem]
|-start|p2a: Great Tusk|protosynthesisatk
|turn|1
|
|t:|1743859855
|move|p2a: Great Tusk|Bulk Up|p2a: Great Tusk
|-boost|p2a: Great Tusk|atk|1
|-boost|p2a: Great Tusk|def|1
|move|p1a: Kleavor|Aerial Ace|p2a: Great Tusk
|-supereffective|p2a: Great Tusk
|-damage|p2a: Great Tusk|49/100
|
|upkeep
|turn|2
|
|t:|1743859867
|move|p2a: Great Tusk|Rapid Spin|p1a: Kleavor
|-resisted|p1a: Kleavor
|-damage|p1a: Kleavor|83/100
|-boost|p2a: Great Tusk|spe|1
|move|p1a: Kleavor|Aerial Ace|p2a: Great Tusk
|-supereffective|p2a: Great Tusk
|-damage|p2a: Great Tusk|0 fnt
|faint|p2a: Great Tusk
|-end|p2a: Great Tusk|Protosynthesis|[silent]
|
|upkeep
|
|t:|1743859877
|switch|p2a: Cobalion|Cobalion|100/100
|turn|3
|
|t:|1743859884
|switch|p1a: Heatran|Heatran, F|100/100
|move|p2a: Cobalion|Stealth Rock|p1a: Heatran
|-sidestart|p1: VANYR|move: Stealth Rock
|
|upkeep
|turn|4
|
|t:|1743859900
|switch|p2a: Skeledirge|Skeledirge, M|100/100
|move|p1a: Heatran|Magma Storm|p2a: Skeledirge
|-resisted|p2a: Skeledirge
|-damage|p2a: Skeledirge|81/100
|-activate|p2a: Skeledirge|move: Magma Storm|[of] p1a: Heatran
|
|-damage|p2a: Skeledirge|69/100|[from] move: Magma Storm|[partiallytrapped]
|upkeep
|turn|5
|
|t:|1743859905
|move|p1a: Heatran|Earth Power|p2a: Skeledirge
|-supereffective|p2a: Skeledirge
|-damage|p2a: Skeledirge|16/100
|move|p2a: Skeledirge|Slack Off|p2a: Skeledirge
|-heal|p2a: Skeledirge|66/100
|
|-damage|p2a: Skeledirge|54/100|[from] move: Magma Storm|[partiallytrapped]
|upkeep
|turn|6
|
|t:|1743859908
|move|p1a: Heatran|Earth Power|p2a: Skeledirge
|-supereffective|p2a: Skeledirge
|-damage|p2a: Skeledirge|6/100
|move|p2a: Skeledirge|Earth Power|p1a: Heatran
|-supereffective|p1a: Heatran
|-damage|p1a: Heatran|46/100
|
|-damage|p2a: Skeledirge|0 fnt|[from] move: Magma Storm|[partiallytrapped]
|faint|p2a: Skeledirge
|upkeep
|
|t:|1743859919
|switch|p2a: Zapdos|Zapdos|100/100
|turn|7
|
|t:|1743859924
|move|p2a: Zapdos|Thunderbolt|p1a: Heatran
|-damage|p1a: Heatran|20/100
|move|p1a: Heatran|Magma Storm|p2a: Zapdos|[miss]
|-miss|p1a: Heatran|p2a: Zapdos
|
|upkeep
|turn|8
|
|t:|1743859928
|move|p2a: Zapdos|Thunderbolt|p1a: Heatran
|-damage|p1a: Heatran|0 fnt
|faint|p1a: Heatran
|
|upkeep
|
|t:|1743859936
|switch|p1a: Glimmora|Glimmora, F|100/100
|-damage|p1a: Glimmora|88/100|[from] Stealth Rock
|turn|9
|
|t:|1743859943
|switch|p2a: Cobalion|Cobalion|100/100
|move|p1a: Glimmora|Earth Power|p2a: Cobalion
|-supereffective|p2a: Cobalion
|-damage|p2a: Cobalion|27/100
|
|-heal|p1a: Glimmora|94/100|[from] item: Black Sludge
|upkeep
|turn|10
|
|t:|1743859950
|move|p2a: Cobalion|Iron Head|p1a: Glimmora
|-supereffective|p1a: Glimmora
|-damage|p1a: Glimmora|16/100
|-activate|p1a: Glimmora|ability: Toxic Debris
|-sidestart|p2: esteostrali|move: Toxic Spikes
|-damage|p2a: Cobalion|18/100|[from] item: Life Orb
|move|p1a: Glimmora|Earth Power|p2a: Cobalion
|-supereffective|p2a: Cobalion
|-damage|p2a: Cobalion|0 fnt
|faint|p2a: Cobalion
|
|-heal|p1a: Glimmora|22/100|[from] item: Black Sludge
|upkeep
|
|t:|1743859956
|switch|p2a: Pecharunt|Pecharunt|100/100
|-sideend|p2: esteostrali|move: Toxic Spikes|[of] p2a: Pecharunt
|turn|11
|
|t:|1743859962
|move|p2a: Pecharunt|Shadow Ball|p1a: Glimmora
|-damage|p1a: Glimmora|0 fnt
|faint|p1a: Glimmora
|
|upkeep
|
|t:|1743859967
|switch|p1a: Samurott|Samurott-Hisui, F|100/100
|-damage|p1a: Samurott|88/100|[from] Stealth Rock
|turn|12
|
|t:|1743859971
|switch|p2a: Zapdos|Zapdos|100/100
|move|p1a: Samurott|Ceaseless Edge|p2a: Zapdos
|-damage|p2a: Zapdos|40/100
|-sidestart|p2: esteostrali|Spikes
|
|upkeep
|turn|13
|
|t:|1743859977
|move|p1a: Samurott|Sucker Punch||[still]
|-fail|p1a: Samurott
|move|p2a: Zapdos|Roost|p2a: Zapdos
|-heal|p2a: Zapdos|90/100
|-singleturn|p2a: Zapdos|move: Roost
|
|upkeep
|turn|14
|
|t:|1743859982
|switch|p1a: Sinistcha|Sinistcha-Masterpiece|100/100
|-damage|p1a: Sinistcha|88/100|[from] Stealth Rock
|move|p2a: Zapdos|Thunder Wave|p1a: Sinistcha
|-status|p1a: Sinistcha|par
|
|-heal|p1a: Sinistcha|94/100 par|[from] item: Leftovers
|upkeep
|turn|15
|
|t:|1743859986
|move|p2a: Zapdos|Hurricane|p1a: Sinistcha|[miss]
|-miss|p2a: Zapdos|p1a: Sinistcha
|cant|p1a: Sinistcha|par
|
|-heal|p1a: Sinistcha|99/100 par|[from] item: Leftovers
|upkeep
|turn|16
|
|t:|1743860005
|move|p2a: Zapdos|Hurricane|p1a: Sinistcha
|-supereffective|p1a: Sinistcha
|-damage|p1a: Sinistcha|0 fnt
|faint|p1a: Sinistcha
|
|upkeep
|
|t:|1743860008
|switch|p1a: Kleavor|Kleavor, F|83/100
|-damage|p1a: Kleavor|58/100|[from] Stealth Rock
|turn|17
|
|t:|1743860030
|switch|p2a: Pecharunt|Pecharunt|100/100
|move|p1a: Kleavor|Stone Axe|p2a: Pecharunt
|-damage|p2a: Pecharunt|52/100
|-sidestart|p2: esteostrali|move: Stealth Rock
|
|upkeep
|turn|18
|
|t:|1743860038
|switch|p1a: Samurott|Samurott-Hisui, F|88/100
|-damage|p1a: Samurott|75/100|[from] Stealth Rock
|move|p2a: Pecharunt|Malignant Chain|p1a: Samurott
|-damage|p1a: Samurott|21/100
|
|upkeep
|turn|19
|
|t:|1743860047
|move|p2a: Pecharunt|Malignant Chain|p1a: Samurott
|-damage|p1a: Samurott|0 fnt
|faint|p1a: Samurott
|
|upkeep
|-message|VANYR forfeited.
|
|win|esteostrali
|raw|VANYR's rating: 1562 &rarr; <strong>1542</strong><br />(-20 for losing)
|raw|esteostrali's rating: 1557 &rarr; <strong>1577</strong><br />(+20 for winning)
|l|☆VANYR
|player|p1|
|l|‽esteostrali
|player|p2|
