|j|☆Migstaper
|j|☆VANYR
|t:|1743858120
|gametype|singles
|player|p1|Migstaper|ltsurge|1533
|player|p2|VANYR|grimsley|1525
|teamsize|p1|6
|teamsize|p2|6
|gen|9
|tier|[Gen 9] OU
|rated|
|rule|HP Percentage Mod: HP is shown in percentages
|rule|Endless Battle Clause: Forcing endless battles is banned
|rule|Species Clause: Limit one of each Pokémon
|rule|OHKO Clause: OHKO moves are banned
|rule|Evasion Items Clause: Evasion items are banned
|rule|Evasion Moves Clause: Evasion moves are banned
|rule|Sleep Moves Clause: Sleep-inducing moves are banned
|clearpoke
|poke|p1|Dragonite, M|
|poke|p1|Iron Valiant|
|poke|p1|Kingambit, M|
|poke|p1|Dragapult, M|
|poke|p1|Heatran, M|
|poke|p1|Great Tusk|
|poke|p2|Glimmora, M|
|poke|p2|Samurott-Hisui, M|
|poke|p2|Kleavor, F|
|poke|p2|Sinistcha-Masterpiece|
|poke|p2|Heatran, F|
|poke|p2|Conkeldurr, M|
|teampreview
|inactive|Battle timer is ON: inactive players will automatically lose when time's up. (requested by VANYR)
|
|t:|1743858129
|start
|switch|p1a: fAegon|Dragonite, M|100/100
|switch|p2a: Kleavor|Kleavor, F|100/100
|turn|1
|
|t:|1743858145
|move|p1a: fAegon|Earthquake|p2a: Kleavor
|-damage|p2a: Kleavor|57/100
|move|p2a: Kleavor|Stone Axe|p1a: fAegon
|-supereffective|p1a: fAegon
|-damage|p1a: fAegon|13/100
|-sidestart|p1: Migstaper|move: Stealth Rock
|
|upkeep
|turn|2
|
|t:|1743858158
|move|p1a: fAegon|Earthquake|p2a: Kleavor
|-damage|p2a: Kleavor|13/100
|move|p2a: Kleavor|Stone Axe|p1a: fAegon
|-supereffective|p1a: fAegon
|-crit|p1a: fAegon
|-damage|p1a: fAegon|0 fnt
|faint|p1a: fAegon
|
|upkeep
|
|t:|1743858166
|switch|p1a: ROMANS 10:9|Great Tusk, shiny|100/100
|-damage|p1a: ROMANS 10:9|98/100|[from] Stealth Rock
|-enditem|p1a: ROMANS 10:9|Booster Energy
|-activate|p1a: ROMANS 10:9|ability: Protosynthesis|[fromitem]
|-start|p1a: ROMANS 10:9|protosynthesisatk
|turn|3
|
|t:|1743858173
|switch|p2a: Sinistcha|Sinistcha-Masterpiece|100/100
|move|p1a: ROMANS 10:9|Ice Spinner|p2a: Sinistcha
|-supereffective|p2a: Sinistcha
|-crit|p2a: Sinistcha
|-damage|p2a: Sinistcha|24/100
|
|-heal|p2a: Sinistcha|30/100|[from] item: Leftovers
|upkeep
|turn|4
|
|t:|1743858182
|switch|p2a: Samurott|Samurott-Hisui, M|100/100
|move|p1a: ROMANS 10:9|Ice Spinner|p2a: Samurott
|-resisted|p2a: Samurott
|-damage|p2a: Samurott|80/100
|
|upkeep
|turn|5
|
|t:|1743858189
|-terastallize|p2a: Samurott|Water
|move|p1a: ROMANS 10:9|Body Press|p2a: Samurott
|-damage|p2a: Samurott|34/100
|move|p2a: Samurott|Razor Shell|p1a: ROMANS 10:9
|-supereffective|p1a: ROMANS 10:9
|-damage|p1a: ROMANS 10:9|0 fnt
|faint|p1a: ROMANS 10:9
|-end|p1a: ROMANS 10:9|Protosynthesis|[silent]
|
|upkeep
|
|t:|1743858205
|switch|p1a: Noah Job Daniel|Iron Valiant, shiny|100/100
|-damage|p1a: Noah Job Daniel|94/100|[from] Stealth Rock
|-enditem|p1a: Noah Job Daniel|Booster Energy
|-activate|p1a: Noah Job Daniel|ability: Quark Drive|[fromitem]
|-start|p1a: Noah Job Daniel|quarkdrivespe
|turn|6
|
|t:|1743858217
|switch|p2a: Glimmora|Glimmora, M|100/100
|move|p1a: Noah Job Daniel|Moonblast|p2a: Glimmora
|-resisted|p2a: Glimmora
|-crit|p2a: Glimmora
|-damage|p2a: Glimmora|75/100
|
|-heal|p2a: Glimmora|81/100|[from] item: Black Sludge
|upkeep
|turn|7
|
|t:|1743858228
|-terastallize|p1a: Noah Job Daniel|Electric
|move|p1a: Noah Job Daniel|Thunderbolt|p2a: Glimmora
|-damage|p2a: Glimmora|45/100
|move|p2a: Glimmora|Earth Power|p1a: Noah Job Daniel
|-supereffective|p1a: Noah Job Daniel
|-damage|p1a: Noah Job Daniel|0 fnt
|faint|p1a: Noah Job Daniel
|-end|p1a: Noah Job Daniel|Quark Drive|[silent]
|
|-heal|p2a: Glimmora|51/100|[from] item: Black Sludge
|upkeep
|
|t:|1743858241
|switch|p1a: Mind Games|Kingambit, M, shiny|100/100
|-damage|p1a: Mind Games|94/100|[from] Stealth Rock
|-activate|p1a: Mind Games|ability: Supreme Overlord
|-start|p1a: Mind Games|fallen3|[silent]
|turn|8
|
|t:|1743858247
|switch|p2a: Conkeldurr|Conkeldurr, M|100/100
|move|p1a: Mind Games|Kowtow Cleave|p2a: Conkeldurr
|-resisted|p2a: Conkeldurr
|-damage|p2a: Conkeldurr|74/100
|
|upkeep
|turn|9
|
|t:|1743858255
|move|p1a: Mind Games|Zen Headbutt|p2a: Conkeldurr
|-supereffective|p2a: Conkeldurr
|-damage|p2a: Conkeldurr|5/100
|cant|p2a: Conkeldurr|flinch
|
|upkeep
|turn|10
|
|t:|1743858261
|move|p1a: Mind Games|Kowtow Cleave|p2a: Conkeldurr
|-resisted|p2a: Conkeldurr
|-damage|p2a: Conkeldurr|0 fnt
|faint|p2a: Conkeldurr
|
|upkeep
|
|t:|1743858265
|switch|p2a: Heatran|Heatran, F|100/100
|turn|11
|
|t:|1743858272
|-end|p1a: Mind Games|fallen3|[silent]
|switch|p1a: Benjamin Tribe|Heatran, M, shiny|100/100
|-damage|p1a: Benjamin Tribe|88/100|[from] Stealth Rock
|move|p2a: Heatran|Earth Power|p1a: Benjamin Tribe
|-supereffective|p1a: Benjamin Tribe
|-damage|p1a: Benjamin Tribe|0 fnt
|faint|p1a: Benjamin Tribe
|
|upkeep
|
|t:|1743858281
|switch|p1a: Mind Games|Kingambit, M, shiny|94/100
|-damage|p1a: Mind Games|88/100|[from] Stealth Rock
|-activate|p1a: Mind Games|ability: Supreme Overlord
|-start|p1a: Mind Games|fallen4|[silent]
|turn|12
|
|t:|1743858286
|move|p2a: Heatran|Magma Storm|p1a: Mind Games
|-supereffective|p1a: Mind Games
|-damage|p1a: Mind Games|21/100
|-activate|p1a: Mind Games|move: Magma Storm|[of] p2a: Heatran
|move|p1a: Mind Games|Brick Break|p2a: Heatran
|-supereffective|p2a: Heatran
|-damage|p2a: Heatran|35/100
|-status|p1a: Mind Games|brn|[from] ability: Flame Body|[of] p2a: Heatran
|
|-damage|p1a: Mind Games|15/100 brn|[from] brn
|-damage|p1a: Mind Games|2/100 brn|[from] move: Magma Storm|[partiallytrapped]
|upkeep
|turn|13
|
|t:|1743858299
|switch|p2a: Samurott|Samurott-Hisui, M, tera:Water|34/100
|move|p1a: Mind Games|Sucker Punch||[still]
|-fail|p1a: Mind Games
|
|-damage|p1a: Mind Games|0 fnt|[from] brn
|faint|p1a: Mind Games
|-end|p1a: Mind Games|fallen4|[silent]
|upkeep
|
|t:|1743858308
|switch|p1a: Apologia|Dragapult, M, shiny|100/100
|-damage|p1a: Apologia|88/100|[from] Stealth Rock
|turn|14
|
|t:|1743858313
|move|p2a: Samurott|Sucker Punch|p1a: Apologia
|-supereffective|p1a: Apologia
|-damage|p1a: Apologia|0 fnt
|faint|p1a: Apologia
|
|win|VANYR
|raw|Migstaper's rating: 1533 &rarr; <strong>1513</strong><br />(-20 for losing)
|raw|VANYR's rating: 1525 &rarr; <strong>1545</strong><br />(+20 for winning)
