|j|☆Obeerus
|j|☆Markknight05
|t:|1743922631
|gametype|singles
|player|p1|Obeerus|palmer|1117
|player|p2|Markknight05|169|1112
|teamsize|p1|6
|teamsize|p2|6
|gen|9
|tier|[Gen 9] OU
|rated|
|rule|HP Percentage Mod: HP is shown in percentages
|rule|Endless Battle Clause: Forcing endless battles is banned
|rule|Species Clause: Limit one of each Pokémon
|rule|OHKO Clause: OHKO moves are banned
|rule|Evasion Items Clause: Evasion items are banned
|rule|Evasion Moves Clause: Evasion moves are banned
|rule|Sleep Moves Clause: Sleep-inducing moves are banned
|clearpoke
|poke|p1|Garchomp, M|
|poke|p1|Iron Treads|
|poke|p1|Greninja-*, M|
|poke|p1|Zapdos|
|poke|p1|Rillaboom, M|
|poke|p1|Iron Hands|
|poke|p2|Lapras, F|
|poke|p2|Pelipper, F|
|poke|p2|Bellibolt, M|
|poke|p2|Flygon, F|
|poke|p2|Grimmsnarl, M|
|poke|p2|Scizor, F|
|teampreview
|
|t:|1743922642
|start
|switch|p1a: ObIron Hands|Iron Hands, shiny|100/100
|switch|p2a: Pelipper|Pelipper, F|100/100
|-weather|RainDance|[from] ability: Drizzle|[of] p2a: Pelipper
|turn|1
|
|t:|1743922660
|switch|p2a: Flygon|Flygon, F|100/100
|move|p1a: ObIron Hands|Thunder Punch|p2a: Flygon
|-immune|p2a: Flygon
|
|-weather|RainDance|[upkeep]
|upkeep
|turn|2
|inactive|Battle timer is ON: inactive players will automatically lose when time's up. (requested by Obeerus)
|
|t:|1743922677
|switch|p2a: Bellibolt|Bellibolt, M|100/100
|move|p1a: ObIron Hands|Protect||[still]
|-fail|p1a: ObIron Hands
|
|-weather|RainDance|[upkeep]
|upkeep
|turn|3
|
|t:|1743922688
|move|p1a: ObIron Hands|Belly Drum|p1a: ObIron Hands
|-damage|p1a: ObIron Hands|50/100
|-setboost|p1a: ObIron Hands|atk|6|[from] move: Belly Drum
|move|p2a: Bellibolt|Weather Ball|p1a: ObIron Hands
|-damage|p1a: ObIron Hands|9/100
|
|-weather|RainDance|[upkeep]
|-heal|p1a: ObIron Hands|15/100|[from] item: Leftovers
|upkeep
|turn|4
|
|t:|1743922703
|-terastallize|p2a: Bellibolt|Fairy
|move|p1a: ObIron Hands|Protect|p1a: ObIron Hands
|-singleturn|p1a: ObIron Hands|Protect
|move|p2a: Bellibolt|Tera Blast|p1a: ObIron Hands|[anim] Tera Blast Fairy
|-activate|p1a: ObIron Hands|move: Protect
|
|-weather|RainDance|[upkeep]
|-heal|p1a: ObIron Hands|21/100|[from] item: Leftovers
|upkeep
|turn|5
|
|t:|1743922714
|move|p1a: ObIron Hands|Drain Punch|p2a: Bellibolt
|-resisted|p2a: Bellibolt
|-crit|p2a: Bellibolt
|-damage|p2a: Bellibolt|0 fnt
|-heal|p1a: ObIron Hands|65/100|[from] drain|[of] p2a: Bellibolt
|faint|p2a: Bellibolt
|
|-weather|RainDance|[upkeep]
|-heal|p1a: ObIron Hands|71/100|[from] item: Leftovers
|upkeep
|
|t:|1743922731
|switch|p2a: Flygon|Flygon, F|100/100
|turn|6
|
|t:|1743922735
|move|p2a: Flygon|Earthquake|p1a: ObIron Hands
|-supereffective|p1a: ObIron Hands
|-damage|p1a: ObIron Hands|15/100
|-damage|p2a: Flygon|91/100|[from] item: Life Orb
|move|p1a: ObIron Hands|Drain Punch|p2a: Flygon
|-damage|p2a: Flygon|0 fnt
|-heal|p1a: ObIron Hands|43/100|[from] drain|[of] p2a: Flygon
|faint|p2a: Flygon
|
|-weather|RainDance|[upkeep]
|-heal|p1a: ObIron Hands|49/100|[from] item: Leftovers
|upkeep
|-message|Markknight05 forfeited.
|
|win|Obeerus
|raw|Obeerus's rating: 1117 &rarr; <strong>1142</strong><br />(+25 for winning)
|raw|Markknight05's rating: 1112 &rarr; <strong>1087</strong><br />(-25 for losing)
|l|☆Markknight05
|player|p2|
|l|☆Obeerus
|player|p1|
