|j|☆Lemickey is mid
|j|☆trailerblazer3916
|t:|1743869440
|gametype|singles
|player|p1|Lemickey is mid|juggler|1178
|player|p2|trailerblazer3916|2|1228
|teamsize|p1|6
|teamsize|p2|6
|gen|9
|tier|[Gen 9] OU
|rated|
|rule|HP Percentage Mod: HP is shown in percentages
|rule|Endless Battle Clause: Forcing endless battles is banned
|rule|Species Clause: Limit one of each Pokémon
|rule|OHKO Clause: OHKO moves are banned
|rule|Evasion Items Clause: Evasion items are banned
|rule|Evasion Moves Clause: Evasion moves are banned
|rule|Sleep Moves Clause: Sleep-inducing moves are banned
|clearpoke
|poke|p1|Toxtricity-Low-Key, M|
|poke|p1|Glimmora, M|
|poke|p1|Meowscarada, M|
|poke|p1|Cinderace, F|
|poke|p1|Enamorus, F|
|poke|p1|Greninja-*, M|
|poke|p2|Gholdengo|
|poke|p2|Garganacl, F|
|poke|p2|Alomomola, M|
|poke|p2|Corviknight, M|
|poke|p2|Mandibuzz, F|
|poke|p2|Gliscor, F|
|teampreview
|inactive|Battle timer is ON: inactive players will automatically lose when time's up. (requested by Lemickey is mid)
|
|t:|1743869457
|start
|switch|p1a: Meowscarada|Meowscarada, M, shiny|100/100
|switch|p2a: Garganacl|Garganacl, F|100/100
|turn|1
|
|t:|1743869464
|move|p1a: Meowscarada|Flower Trick|p2a: Garganacl
|-start|p1a: Meowscarada|typechange|Grass|[from] ability: Protean
|-supereffective|p2a: Garganacl
|-crit|p2a: Garganacl
|-damage|p2a: Garganacl|20/100
|move|p2a: Garganacl|Block|p1a: Meowscarada
|-activate|p1a: Meowscarada|trapped
|
|-heal|p2a: Garganacl|26/100|[from] item: Leftovers
|upkeep
|turn|2
|
|t:|1743869485
|switch|p2a: Gholdengo|Gholdengo|100/100
|move|p1a: Meowscarada|Flower Trick|p2a: Gholdengo
|-resisted|p2a: Gholdengo
|-crit|p2a: Gholdengo
|-damage|p2a: Gholdengo|60/100
|
|upkeep
|turn|3
|
|t:|1743869497
|switch|p1a: Greninja|Greninja, M|100/100
|switch|p2a: Alomomola|Alomomola, M|100/100
|
|upkeep
|turn|4
|
|t:|1743869507
|move|p2a: Alomomola|Protect|p2a: Alomomola
|-singleturn|p2a: Alomomola|Protect
|move|p1a: Greninja|Dark Pulse|p2a: Alomomola
|-activate|p2a: Alomomola|move: Protect
|
|upkeep
|turn|5
|
|t:|1743869513
|switch|p2a: Mandibuzz|Mandibuzz, F|100/100
|move|p1a: Greninja|Dark Pulse|p2a: Mandibuzz
|-resisted|p2a: Mandibuzz
|-damage|p2a: Mandibuzz|82/100
|-damage|p1a: Greninja|91/100|[from] item: Life Orb
|
|upkeep
|turn|6
|
|t:|1743869521
|move|p1a: Greninja|Ice Beam|p2a: Mandibuzz
|-supereffective|p2a: Mandibuzz
|-damage|p2a: Mandibuzz|24/100
|-damage|p1a: Greninja|81/100|[from] item: Life Orb
|move|p2a: Mandibuzz|Toxic|p1a: Greninja
|-status|p1a: Greninja|tox
|
|-damage|p1a: Greninja|75/100 tox|[from] psn
|upkeep
|turn|7
|
|t:|1743869533
|switch|p2a: Garganacl|Garganacl, F|26/100
|move|p1a: Greninja|Surf|p2a: Garganacl
|-supereffective|p2a: Garganacl
|-damage|p2a: Garganacl|0 fnt
|faint|p2a: Garganacl
|-ability|p1a: Greninja|Battle Bond|boost
|-boost|p1a: Greninja|atk|1
|-boost|p1a: Greninja|spa|1
|-boost|p1a: Greninja|spe|1
|-activate|p1a: Greninja|ability: Battle Bond
|-damage|p1a: Greninja|65/100 tox|[from] item: Life Orb
|
|-damage|p1a: Greninja|53/100 tox|[from] psn
|upkeep
|
|t:|1743869544
|switch|p2a: Gliscor|Gliscor, F|100/100
|turn|8
|
|t:|1743869548
|move|p2a: Gliscor|Protect|p2a: Gliscor
|-singleturn|p2a: Gliscor|Protect
|move|p1a: Greninja|Dark Pulse|p2a: Gliscor
|-activate|p2a: Gliscor|move: Protect
|
|-damage|p1a: Greninja|35/100 tox|[from] psn
|-status|p2a: Gliscor|tox|[from] item: Toxic Orb
|upkeep
|turn|9
|
|t:|1743869563
|move|p2a: Gliscor|Protect||[still]
|-fail|p2a: Gliscor
|move|p1a: Greninja|Surf|p2a: Gliscor
|-supereffective|p2a: Gliscor
|-damage|p2a: Gliscor|0 fnt
|faint|p2a: Gliscor
|-damage|p1a: Greninja|25/100 tox|[from] item: Life Orb
|
|-damage|p1a: Greninja|2/100 tox|[from] psn
|upkeep
|
|t:|1743869574
|switch|p2a: Mandibuzz|Mandibuzz, F|24/100
|turn|10
|
|t:|1743869578
|move|p1a: Greninja|Water Shuriken|p2a: Mandibuzz
|-damage|p2a: Mandibuzz|14/100
|-damage|p2a: Mandibuzz|1/100
|-damage|p2a: Mandibuzz|0 fnt
|faint|p2a: Mandibuzz
|-hitcount|p2: Mandibuzz|3
|-damage|p1a: Greninja|0 fnt|[from] item: Life Orb
|faint|p1a: Greninja
|
|upkeep
|
|t:|1743869589
|switch|p1a: Toxtricity|Toxtricity-Low-Key, M, shiny|100/100
|switch|p2a: Gholdengo|Gholdengo|60/100
|turn|11
|
|t:|1743869594
|move|p1a: Toxtricity|Overdrive|p2a: Gholdengo
|-damage|p2a: Gholdengo|0 fnt
|faint|p2a: Gholdengo
|
|upkeep
|
|t:|1743869600
|switch|p2a: Corviknight|Corviknight, M|100/100
|-ability|p2a: Corviknight|Pressure
|turn|12
|
|t:|1743869610
|move|p1a: Toxtricity|Overdrive|p2a: Corviknight
|-supereffective|p2a: Corviknight
|-damage|p2a: Corviknight|8/100
|move|p2a: Corviknight|Body Press|p1a: Toxtricity
|-resisted|p1a: Toxtricity
|-crit|p1a: Toxtricity
|-damage|p1a: Toxtricity|69/100
|
|upkeep
|turn|13
|-message|trailerblazer3916 forfeited.
|
|win|Lemickey is mid
|raw|Lemickey is mid's rating: 1178 &rarr; <strong>1207</strong><br />(+29 for winning)
|raw|trailerblazer3916's rating: 1228 &rarr; <strong>1199</strong><br />(-29 for losing)
|l|☆Lemickey is mid
|player|p1|
