|j|☆zhiyongyici
|j|☆Cabrollins27
|t:|1743895557
|gametype|singles
|player|p1|zhiyongyici|pokekid|1366
|player|p2|Cabrollins27|101|1325
|teamsize|p1|6
|teamsize|p2|6
|gen|9
|tier|[Gen 9] OU
|rated|
|rule|HP Percentage Mod: HP is shown in percentages
|rule|Endless Battle Clause: Forcing endless battles is banned
|rule|Species Clause: Limit one of each Pokémon
|rule|OHKO Clause: OHKO moves are banned
|rule|Evasion Items Clause: Evasion items are banned
|rule|Evasion Moves Clause: Evasion moves are banned
|rule|Sleep Moves Clause: Sleep-inducing moves are banned
|clearpoke
|poke|p1|Ogerpon-Wellspring, F|
|poke|p1|Scizor, F|
|poke|p1|Slowking-Galar, F|
|poke|p1|Mandibuzz, F|
|poke|p1|Mamoswine, F|
|poke|p1|Iron Hands|
|poke|p2|Kingambit, F|
|poke|p2|Gholdengo|
|poke|p2|Gliscor, F|
|poke|p2|Clefable, M|
|poke|p2|Kyurem|
|poke|p2|Iron Moth|
|teampreview
|inactive|Battle timer is ON: inactive players will automatically lose when time's up. (requested by Cabrollins27)
|
|t:|1743895580
|start
|switch|p1a: Slowking|Slowking-Galar, F|100/100
|switch|p2a: Clefable|Clefable, M|100/100
|turn|1
|
|t:|1743895593
|switch|p2a: Gliscor|Gliscor, F|100/100
|move|p1a: Slowking|Future Sight|p2a: Gliscor
|-start|p1a: Slowking|move: Future Sight
|
|-status|p2a: Gliscor|tox|[from] item: Toxic Orb
|upkeep
|turn|2
|
|t:|1743895602
|move|p2a: Gliscor|Knock Off|p1a: Slowking
|-supereffective|p1a: Slowking
|-damage|p1a: Slowking|61/100
|-enditem|p1a: Slowking|Leftovers|[from] move: Knock Off|[of] p2a: Gliscor
|-prepare|p1a: Slowking|Chilly Reception|[premajor]
|move|p1a: Slowking|Chilly Reception|p1a: Slowking
|-weather|Snowscape
|
|t:|1743895611
|switch|p1a: Mamoswine|Mamoswine, F|100/100|[from] Chilly Reception
|
|-weather|Snowscape|[upkeep]
|upkeep
|turn|3
|
|t:|1743895630
|move|p2a: Gliscor|Earthquake|p1a: Mamoswine
|-damage|p1a: Mamoswine|79/100
|move|p1a: Mamoswine|Icicle Crash|p2a: Gliscor
|-supereffective|p2a: Gliscor
|-damage|p2a: Gliscor|0 fnt
|faint|p2a: Gliscor
|
|-weather|Snowscape|[upkeep]
|-hint|Future Sight did not hit because the target is fainted.
|upkeep
|inactive|Cabrollins27 has 120 seconds left.
|
|t:|1743895669
|switch|p2a: Iron Moth|Iron Moth|100/100
|-enditem|p2a: Iron Moth|Booster Energy
|-activate|p2a: Iron Moth|ability: Quark Drive|[fromitem]
|-start|p2a: Iron Moth|quarkdrivespa
|turn|4
|
|t:|1743895677
|move|p2a: Iron Moth|Fiery Dance|p1a: Mamoswine
|-supereffective|p1a: Mamoswine
|-damage|p1a: Mamoswine|0 fnt
|-boost|p2a: Iron Moth|spa|1
|faint|p1a: Mamoswine
|
|-weather|Snowscape|[upkeep]
|upkeep
|
|t:|1743895684
|switch|p1a: Slowking|Slowking-Galar, F|95/100
|turn|5
|inactive|Cabrollins27 has 120 seconds left.
|
|t:|1743895691
|move|p2a: Iron Moth|Fiery Dance|p1a: Slowking
|-damage|p1a: Slowking|46/100
|-boost|p2a: Iron Moth|spa|1
|move|p1a: Slowking|Thunder Wave|p2a: Iron Moth
|-status|p2a: Iron Moth|par
|
|-weather|Snowscape|[upkeep]
|upkeep
|turn|6
|
|t:|1743895698
|move|p2a: Iron Moth|Fiery Dance|p1a: Slowking
|-damage|p1a: Slowking|0 fnt
|faint|p1a: Slowking
|
|-weather|none
|upkeep
|
|t:|1743895702
|switch|p1a: Ogerpon|Ogerpon-Wellspring, F|100/100
|turn|7
|
|t:|1743895719
|-terastallize|p1a: Ogerpon|Water
|detailschange|p1a: Ogerpon|Ogerpon-Wellspring-Tera, F, tera:Water
|-ability|p1a: Ogerpon|Embody Aspect (Wellspring)|boost
|-boost|p1a: Ogerpon|spd|1
|-terastallize|p2a: Iron Moth|Grass
|move|p1a: Ogerpon|Swords Dance|p1a: Ogerpon
|-boost|p1a: Ogerpon|atk|2
|move|p2a: Iron Moth|Sludge Wave|p1a: Ogerpon
|-damage|p1a: Ogerpon|0 fnt
|faint|p1a: Ogerpon
|
|upkeep
|
|t:|1743895735
|switch|p1a: Iron Hands|Iron Hands|100/100
|turn|8
|
|t:|1743895738
|cant|p2a: Iron Moth|par
|move|p1a: Iron Hands|Ice Punch|p2a: Iron Moth
|-supereffective|p2a: Iron Moth
|-damage|p2a: Iron Moth|0 fnt
|faint|p2a: Iron Moth
|-end|p2a: Iron Moth|Quark Drive|[silent]
|
|upkeep
|
|t:|1743895746
|switch|p2a: Clefable|Clefable, M|100/100
|turn|9
|
|t:|1743895749
|move|p2a: Clefable|Moonblast|p1a: Iron Hands
|-supereffective|p1a: Iron Hands
|-damage|p1a: Iron Hands|47/100
|move|p1a: Iron Hands|Swords Dance|p1a: Iron Hands
|-boost|p1a: Iron Hands|atk|2
|
|upkeep
|turn|10
|
|t:|1743895754
|move|p2a: Clefable|Moonblast|p1a: Iron Hands
|-supereffective|p1a: Iron Hands
|-damage|p1a: Iron Hands|0 fnt
|faint|p1a: Iron Hands
|-end|p1a: Iron Hands|Quark Drive|[silent]
|
|upkeep
|
|t:|1743895758
|switch|p1a: Scizor|Scizor, F|100/100
|turn|11
|
|t:|1743895767
|switch|p2a: Gholdengo|Gholdengo|100/100
|-item|p2a: Gholdengo|Air Balloon
|move|p1a: Scizor|Bullet Punch|p2a: Gholdengo
|-resisted|p2a: Gholdengo
|-damage|p2a: Gholdengo|84/100
|-enditem|p2a: Gholdengo|Air Balloon
|
|upkeep
|turn|12
|
|t:|1743895773
|move|p2a: Gholdengo|Nasty Plot|p2a: Gholdengo
|-boost|p2a: Gholdengo|spa|2
|move|p1a: Scizor|Thief|p2a: Gholdengo
|-supereffective|p2a: Gholdengo
|-damage|p2a: Gholdengo|0 fnt
|faint|p2a: Gholdengo
|
|upkeep
|
|t:|1743895787
|switch|p2a: Kingambit|Kingambit, F, shiny|100/100
|-activate|p2a: Kingambit|ability: Supreme Overlord
|-start|p2a: Kingambit|fallen3|[silent]
|turn|13
|
|t:|1743895790
|move|p1a: Scizor|Close Combat|p2a: Kingambit
|-supereffective|p2a: Kingambit
|-damage|p2a: Kingambit|0 fnt
|-unboost|p1a: Scizor|def|1
|-unboost|p1a: Scizor|spd|1
|faint|p2a: Kingambit
|-end|p2a: Kingambit|fallen3|[silent]
|
|upkeep
|
|t:|1743895794
|switch|p2a: Kyurem|Kyurem|100/100
|-ability|p2a: Kyurem|Pressure
|turn|14
|
|t:|1743895805
|move|p2a: Kyurem|Icicle Spear|p1a: Scizor
|-resisted|p1a: Scizor
|-damage|p1a: Scizor|90/100
|-resisted|p1a: Scizor
|-damage|p1a: Scizor|80/100
|-resisted|p1a: Scizor
|-damage|p1a: Scizor|70/100
|-resisted|p1a: Scizor
|-damage|p1a: Scizor|60/100
|-hitcount|p1a: Scizor|4
|move|p1a: Scizor|Close Combat|p2a: Kyurem
|-supereffective|p2a: Kyurem
|-damage|p2a: Kyurem|2/100
|-unboost|p1a: Scizor|def|1
|-unboost|p1a: Scizor|spd|1
|
|upkeep
|turn|15
|
|t:|1743895816
|move|p1a: Scizor|Bullet Punch|p2a: Kyurem
|-supereffective|p2a: Kyurem
|-damage|p2a: Kyurem|0 fnt
|faint|p2a: Kyurem
|
|upkeep
|
|t:|1743895819
|switch|p2a: Clefable|Clefable, M|100/100
|turn|16
|
|t:|1743895824
|move|p1a: Scizor|Bullet Punch|p2a: Clefable
|-supereffective|p2a: Clefable
|-damage|p2a: Clefable|4/100
|move|p2a: Clefable|Wish|p2a: Clefable
|
|-heal|p2a: Clefable|10/100|[from] item: Leftovers
|upkeep
|turn|17
|
|t:|1743895828
|switch|p1a: Mandibuzz|Mandibuzz, F|100/100
|move|p2a: Clefable|Moonblast|p1a: Mandibuzz
|-supereffective|p1a: Mandibuzz
|-damage|p1a: Mandibuzz|46/100
|-unboost|p1a: Mandibuzz|spa|1
|
|-heal|p2a: Clefable|60/100|[from] move: Wish|[wisher] Clefable
|-heal|p2a: Clefable|66/100|[from] item: Leftovers
|upkeep
|turn|18
|
|t:|1743895835
|move|p1a: Mandibuzz|U-turn|p2a: Clefable
|-resisted|p2a: Clefable
|-damage|p2a: Clefable|60/100
|
|t:|1743895838
|switch|p1a: Scizor|Scizor, F|60/100|[from] U-turn
|move|p2a: Clefable|Wish|p2a: Clefable
|
|-heal|p2a: Clefable|66/100|[from] item: Leftovers
|upkeep
|turn|19
|
|t:|1743895844
|move|p1a: Scizor|Bullet Punch|p2a: Clefable
|-supereffective|p2a: Clefable
|-damage|p2a: Clefable|0 fnt
|faint|p2a: Clefable
|
|win|zhiyongyici
|raw|zhiyongyici's rating: 1366 &rarr; <strong>1384</strong><br />(+18 for winning)
|raw|Cabrollins27's rating: 1325 &rarr; <strong>1307</strong><br />(-18 for losing)
|l|☆Cabrollins27
|player|p2|
