|j|☆Siscoi
|j|☆WDF123
|t:|1743830867
|gametype|singles
|player|p1|Siscoi|depotagent|1064
|player|p2|WDF123|steven|1062
|teamsize|p1|6
|teamsize|p2|6
|gen|9
|tier|[Gen 9] OU
|rated|
|rule|HP Percentage Mod: HP is shown in percentages
|rule|Endless Battle Clause: Forcing endless battles is banned
|rule|Species Clause: Limit one of each Pokémon
|rule|OHKO Clause: OHKO moves are banned
|rule|Evasion Items Clause: Evasion items are banned
|rule|Evasion Moves Clause: Evasion moves are banned
|rule|Sleep Moves Clause: Sleep-inducing moves are banned
|clearpoke
|poke|p1|Glimmora, M|
|poke|p1|Great Tusk|
|poke|p1|Mismagius, F|
|poke|p1|Hitmonlee, M|
|poke|p1|Clodsire, F|
|poke|p1|Galvantula, F|
|poke|p2|Corviknight, F|
|poke|p2|Excadrill, M|
|poke|p2|Metagross|
|poke|p2|Tyranitar, M|
|poke|p2|Chansey, F|
|poke|p2|Inteleon, F|
|teampreview
|inactive|Battle timer is ON: inactive players will automatically lose when time's up. (requested by Siscoi)
|
|t:|1743830887
|start
|switch|p1a: Glimmora|Glimmora, M|100/100
|switch|p2a: Tyranitar|Tyranitar, M|100/100
|-weather|Sandstorm|[from] ability: Sand Stream|[of] p2a: Tyranitar
|turn|1
|
|t:|1743830894
|move|p1a: Glimmora|Stealth Rock|p2a: Tyranitar
|-sidestart|p2: WDF123|move: Stealth Rock
|move|p2a: Tyranitar|Earthquake|p1a: Glimmora
|-supereffective|p1a: Glimmora
|-enditem|p1a: Glimmora|Focus Sash
|-damage|p1a: Glimmora|1/100
|-activate|p1a: Glimmora|ability: Toxic Debris
|-sidestart|p2: WDF123|move: Toxic Spikes
|
|-weather|Sandstorm|[upkeep]
|upkeep
|turn|2
|
|t:|1743830905
|move|p1a: Glimmora|Spiky Shield|p1a: Glimmora
|-singleturn|p1a: Glimmora|move: Protect
|move|p2a: Tyranitar|Knock Off|p1a: Glimmora
|-activate|p1a: Glimmora|move: Protect
|-damage|p2a: Tyranitar|88/100|[from] Spiky Shield|[of] p1a: Glimmora
|
|-weather|Sandstorm|[upkeep]
|upkeep
|turn|3
|
|t:|1743830912
|move|p1a: Glimmora|Mortal Spin|p2a: Tyranitar
|-resisted|p2a: Tyranitar
|-damage|p2a: Tyranitar|86/100
|-status|p2a: Tyranitar|psn
|move|p2a: Tyranitar|Knock Off|p1a: Glimmora
|-damage|p1a: Glimmora|0 fnt
|-activate|p1a: Glimmora|ability: Toxic Debris
|-sidestart|p2: WDF123|move: Toxic Spikes
|faint|p1a: Glimmora
|
|-weather|Sandstorm|[upkeep]
|-damage|p2a: Tyranitar|73/100 psn|[from] psn
|upkeep
|inactive|Siscoi has 120 seconds left.
|
|t:|1743830952
|switch|p1a: Great Tusk|Great Tusk|100/100
|-enditem|p1a: Great Tusk|Booster Energy
|-activate|p1a: Great Tusk|ability: Protosynthesis|[fromitem]
|-start|p1a: Great Tusk|protosynthesisatk
|turn|4
|
|t:|1743830969
|switch|p2a: Corviknight|Corviknight, F|100/100
|-damage|p2a: Corviknight|88/100|[from] Stealth Rock
|move|p1a: Great Tusk|Close Combat|p2a: Corviknight
|-damage|p2a: Corviknight|41/100
|-unboost|p1a: Great Tusk|def|1
|-unboost|p1a: Great Tusk|spd|1
|-damage|p1a: Great Tusk|84/100|[from] item: Rocky Helmet|[of] p2a: Corviknight
|
|-weather|Sandstorm|[upkeep]
|upkeep
|turn|5
|inactive|Siscoi has 120 seconds left.
|
|t:|1743830981
|move|p1a: Great Tusk|Close Combat|p2a: Corviknight
|-damage|p2a: Corviknight|0 fnt
|-unboost|p1a: Great Tusk|def|1
|-unboost|p1a: Great Tusk|spd|1
|-damage|p1a: Great Tusk|68/100|[from] item: Rocky Helmet|[of] p2a: Corviknight
|faint|p2a: Corviknight
|
|-weather|none
|upkeep
|
|t:|1743830993
|switch|p2a: Metagross|Metagross|100/100
|-damage|p2a: Metagross|95/100|[from] Stealth Rock
|turn|6
|
|t:|1743830999
|move|p2a: Metagross|Meteor Mash|p1a: Great Tusk
|-damage|p1a: Great Tusk|0 fnt
|faint|p1a: Great Tusk
|-end|p1a: Great Tusk|Protosynthesis|[silent]
|
|upkeep
|
|t:|1743831006
|switch|p1a: Galvantula|Galvantula, F|100/100
|turn|7
|
|t:|1743831017
|move|p2a: Metagross|Meteor Mash|p1a: Galvantula
|-resisted|p1a: Galvantula
|-damage|p1a: Galvantula|56/100
|move|p1a: Galvantula|Sticky Web|p2a: Metagross
|-sidestart|p2: WDF123|move: Sticky Web
|
|upkeep
|turn|8
|
|t:|1743831023
|move|p2a: Metagross|Meteor Mash|p1a: Galvantula
|-resisted|p1a: Galvantula
|-damage|p1a: Galvantula|13/100
|move|p1a: Galvantula|Bug Buzz|p2a: Metagross
|-damage|p2a: Metagross|49/100
|
|upkeep
|turn|9
|
|t:|1743831031
|move|p2a: Metagross|Meteor Mash|p1a: Galvantula
|-resisted|p1a: Galvantula
|-damage|p1a: Galvantula|0 fnt
|faint|p1a: Galvantula
|
|upkeep
|
|t:|1743831048
|switch|p1a: Hitmonlee|Hitmonlee, M|100/100
|turn|10
|
|t:|1743831053
|move|p1a: Hitmonlee|Fake Out|p2a: Metagross
|-enditem|p1a: Hitmonlee|Normal Gem|[from] gem
|-resisted|p2a: Metagross
|-damage|p2a: Metagross|40/100
|cant|p2a: Metagross|flinch
|
|upkeep
|turn|11
|
|t:|1743831059
|move|p1a: Hitmonlee|Blaze Kick|p2a: Metagross
|-supereffective|p2a: Metagross
|-damage|p2a: Metagross|0 fnt
|faint|p2a: Metagross
|
|upkeep
|
|t:|1743831066
|switch|p2a: Tyranitar|Tyranitar, M|73/100 psn
|-damage|p2a: Tyranitar|61/100 psn|[from] Stealth Rock
|-activate|p2a: Tyranitar|move: Sticky Web
|-unboost|p2a: Tyranitar|spe|1
|-weather|Sandstorm|[from] ability: Sand Stream|[of] p2a: Tyranitar
|turn|12
|
|t:|1743831077
|move|p1a: Hitmonlee|High Jump Kick|p2a: Tyranitar
|-supereffective|p2a: Tyranitar
|-damage|p2a: Tyranitar|0 fnt
|faint|p2a: Tyranitar
|
|-weather|Sandstorm|[upkeep]
|-damage|p1a: Hitmonlee|94/100|[from] Sandstorm
|upkeep
|
|t:|1743831084
|switch|p2a: Excadrill|Excadrill, M|100/100
|-damage|p2a: Excadrill|97/100|[from] Stealth Rock
|-activate|p2a: Excadrill|move: Sticky Web
|-unboost|p2a: Excadrill|spe|1
|turn|13
|
|t:|1743831095
|move|p1a: Hitmonlee|Mach Punch|p2a: Excadrill
|-supereffective|p2a: Excadrill
|-damage|p2a: Excadrill|41/100
|move|p2a: Excadrill|Rapid Spin|p1a: Hitmonlee
|-damage|p1a: Hitmonlee|31/100
|-boost|p2a: Excadrill|spe|1
|-sideend|p2: WDF123|Toxic Spikes|[from] move: Rapid Spin|[of] p2a: Excadrill
|-sideend|p2: WDF123|Stealth Rock|[from] move: Rapid Spin|[of] p2a: Excadrill
|-sideend|p2: WDF123|Sticky Web|[from] move: Rapid Spin|[of] p2a: Excadrill
|-damage|p2a: Excadrill|31/100|[from] item: Life Orb
|
|-weather|Sandstorm|[upkeep]
|-damage|p1a: Hitmonlee|25/100|[from] Sandstorm
|upkeep
|turn|14
|
|t:|1743831105
|move|p1a: Hitmonlee|Mach Punch|p2a: Excadrill
|-supereffective|p2a: Excadrill
|-damage|p2a: Excadrill|0 fnt
|faint|p2a: Excadrill
|
|-weather|Sandstorm|[upkeep]
|-damage|p1a: Hitmonlee|19/100|[from] Sandstorm
|upkeep
|
|t:|1743831117
|switch|p2a: Inteleon|Inteleon, F|100/100
|turn|15
|
|t:|1743831135
|move|p1a: Hitmonlee|High Jump Kick|p2a: Inteleon
|-damage|p2a: Inteleon|0 fnt
|faint|p2a: Inteleon
|
|-weather|Sandstorm|[upkeep]
|-damage|p1a: Hitmonlee|13/100|[from] Sandstorm
|upkeep
|-message|WDF123 forfeited.
|
|win|Siscoi
|raw|Siscoi's rating: 1064 &rarr; <strong>1094</strong><br />(+30 for winning)
|raw|WDF123's rating: 1062 &rarr; <strong>1043</strong><br />(-19 for losing)
|l|☆WDF123
|player|p2|
|l|☆Siscoi
|player|p1|
