|j|☆The great gazoo
|j|☆TipDik
|t:|1743798318
|gametype|singles
|player|p1|The great gazoo|101|1437
|player|p2|TipDik|emmet|1468
|teamsize|p1|6
|teamsize|p2|6
|gen|9
|tier|[Gen 9] OU
|rated|
|rule|HP Percentage Mod: HP is shown in percentages
|rule|Endless Battle Clause: Forcing endless battles is banned
|rule|Species Clause: Limit one of each Pokémon
|rule|OHKO Clause: OHKO moves are banned
|rule|Evasion Items Clause: Evasion items are banned
|rule|Evasion Moves Clause: Evasion moves are banned
|rule|Sleep Moves Clause: Sleep-inducing moves are banned
|clearpoke
|poke|p1|Mamoswine, M|
|poke|p1|Metagross|
|poke|p1|Breloom, F|
|poke|p1|Quaquaval, F|
|poke|p1|Scizor, F|
|poke|p1|Comfey, M|
|poke|p2|Armarouge, F|
|poke|p2|Torkoal, F|
|poke|p2|Iron Moth|
|poke|p2|Zarude|
|poke|p2|Great Tusk|
|poke|p2|Zapdos|
|teampreview
|
|t:|1743798344
|start
|switch|p1a: Mamoswine|Mamoswine, M|100/100
|switch|p2a: Zarude|Zarude|100/100
|turn|1
|inactive|Battle timer is ON: inactive players will automatically lose when time's up. (requested by TipDik)
|
|t:|1743798379
|move|p2a: Zarude|U-turn|p1a: Mamoswine
|-damage|p1a: Mamoswine|73/100
|
|t:|1743798381
|switch|p2a: Iron Moth|Iron Moth|100/100|[from] U-turn
|move|p1a: Mamoswine|Stealth Rock|p2a: Iron Moth
|-sidestart|p2: TipDik|move: Stealth Rock
|
|upkeep
|turn|2
|inactive|The great gazoo has 120 seconds left.
|
|t:|1743798414
|move|p2a: Iron Moth|Fiery Dance|p1a: Mamoswine
|-supereffective|p1a: Mamoswine
|-damage|p1a: Mamoswine|0 fnt
|faint|p1a: Mamoswine
|
|upkeep
|inactive|The great gazoo has 120 seconds left.
|
|t:|1743798425
|switch|p1a: Quaquaval|Quaquaval, F|100/100
|turn|3
|inactive|The great gazoo has 120 seconds left.
|
|t:|1743798432
|-end|p2a: Iron Moth|Quark Drive|[silent]
|switch|p2a: Zapdos|Zapdos|100/100
|move|p1a: Quaquaval|Aqua Step|p2a: Zapdos
|-damage|p2a: Zapdos|63/100
|-boost|p1a: Quaquaval|spe|1
|-status|p1a: Quaquaval|par|[from] ability: Static|[of] p2a: Zapdos
|
|upkeep
|turn|4
|inactive|The great gazoo has 120 seconds left.
|
|t:|1743798452
|move|p2a: Zapdos|Volt Switch|p1a: Quaquaval
|-supereffective|p1a: Quaquaval
|-damage|p1a: Quaquaval|19/100 par
|
|t:|1743798456
|switch|p2a: Zarude|Zarude|100/100|[from] Volt Switch
|-damage|p2a: Zarude|88/100|[from] Stealth Rock
|move|p1a: Quaquaval|Aqua Step|p2a: Zarude
|-resisted|p2a: Zarude
|-damage|p2a: Zarude|65/100
|-boost|p1a: Quaquaval|spe|1
|
|upkeep
|turn|5
|
|t:|1743798469
|move|p2a: Zarude|Solar Blade||[still]
|-prepare|p2a: Zarude|Solar Blade
|-enditem|p2a: Zarude|Power Herb
|-anim|p2a: Zarude|Solar Blade|p1a: Quaquaval
|-supereffective|p1a: Quaquaval
|-damage|p1a: Quaquaval|0 fnt
|faint|p1a: Quaquaval
|
|upkeep
|inactive|The great gazoo has 120 seconds left.
|
|t:|1743798491
|switch|p1a: Metagross|Metagross|100/100
|turn|6
|
|t:|1743798507
|move|p2a: Zarude|Knock Off|p1a: Metagross
|-supereffective|p1a: Metagross
|-damage|p1a: Metagross|10/100
|-enditem|p1a: Metagross|Weakness Policy
|-boost|p1a: Metagross|atk|2|[from] item: Weakness Policy
|-boost|p1a: Metagross|spa|2|[from] item: Weakness Policy
|move|p1a: Metagross|Agility|p1a: Metagross
|-boost|p1a: Metagross|spe|2
|
|upkeep
|turn|7
|
|t:|1743798525
|switch|p2a: Zapdos|Zapdos|63/100
|move|p1a: Metagross|Heavy Slam|p2a: Zapdos
|-resisted|p2a: Zapdos
|-damage|p2a: Zapdos|0 fnt
|-status|p1a: Metagross|par|[from] ability: Static|[of] p2a: Zapdos
|faint|p2a: Zapdos
|
|upkeep
|
|t:|1743798532
|switch|p2a: Iron Moth|Iron Moth|100/100
|-damage|p2a: Iron Moth|76/100|[from] Stealth Rock
|turn|8
|inactive|The great gazoo has 120 seconds left.
|
|t:|1743798547
|move|p2a: Iron Moth|Fiery Dance|p1a: Metagross
|-supereffective|p1a: Metagross
|-damage|p1a: Metagross|0 fnt
|faint|p1a: Metagross
|
|upkeep
|inactive|The great gazoo has 120 seconds left.
|
|t:|1743798553
|switch|p1a: Breloom|Breloom, F|100/100
|turn|9
|
|t:|1743798557
|move|p1a: Breloom|Mach Punch|p2a: Iron Moth
|-resisted|p2a: Iron Moth
|-damage|p2a: Iron Moth|49/100
|move|p2a: Iron Moth|Fiery Dance|p1a: Breloom
|-supereffective|p1a: Breloom
|-damage|p1a: Breloom|0 fnt
|faint|p1a: Breloom
|
|upkeep
|
|t:|1743798565
|switch|p1a: Scizor|Scizor, F|100/100
|turn|10
|
|t:|1743798569
|-terastallize|p1a: Scizor|Steel
|move|p1a: Scizor|Bullet Punch|p2a: Iron Moth
|-resisted|p2a: Iron Moth
|-damage|p2a: Iron Moth|0 fnt
|faint|p2a: Iron Moth
|-end|p2a: Iron Moth|Quark Drive|[silent]
|
|upkeep
|
|t:|1743798577
|switch|p2a: Great Tusk|Great Tusk|100/100
|-damage|p2a: Great Tusk|98/100|[from] Stealth Rock
|turn|11
|
|t:|1743798591
|move|p2a: Great Tusk|Rapid Spin|p1a: Scizor
|-resisted|p1a: Scizor
|-damage|p1a: Scizor|92/100
|-boost|p2a: Great Tusk|spe|1
|-sideend|p2: TipDik|Stealth Rock|[from] move: Rapid Spin|[of] p2a: Great Tusk
|move|p1a: Scizor|Swords Dance|p1a: Scizor
|-boost|p1a: Scizor|atk|2
|
|-heal|p2a: Great Tusk|100/100|[from] item: Leftovers
|upkeep
|turn|12
|
|t:|1743798601
|move|p1a: Scizor|Bullet Punch|p2a: Great Tusk
|-damage|p2a: Great Tusk|25/100
|move|p2a: Great Tusk|Headlong Rush|p1a: Scizor
|-supereffective|p1a: Scizor
|-damage|p1a: Scizor|0 fnt
|-unboost|p2a: Great Tusk|def|1
|-unboost|p2a: Great Tusk|spd|1
|faint|p1a: Scizor
|
|-heal|p2a: Great Tusk|31/100|[from] item: Leftovers
|upkeep
|
|t:|1743798606
|switch|p1a: Comfey|Comfey, M|100/100
|turn|13
|
|t:|1743798611
|move|p2a: Great Tusk|Headlong Rush|p1a: Comfey
|-damage|p1a: Comfey|28/100
|-unboost|p2a: Great Tusk|def|1
|-unboost|p2a: Great Tusk|spd|1
|move|p1a: Comfey|Calm Mind|p1a: Comfey
|-boost|p1a: Comfey|spa|1
|-boost|p1a: Comfey|spd|1
|
|-heal|p2a: Great Tusk|37/100|[from] item: Leftovers
|-heal|p1a: Comfey|34/100|[from] item: Leftovers
|upkeep
|turn|14
|
|t:|1743798619
|move|p1a: Comfey|Draining Kiss|p2a: Great Tusk
|-supereffective|p2a: Great Tusk
|-damage|p2a: Great Tusk|0 fnt
|-heal|p1a: Comfey|76/100|[from] drain|[of] p2a: Great Tusk
|faint|p2a: Great Tusk
|-end|p2a: Great Tusk|Protosynthesis|[silent]
|
|-heal|p1a: Comfey|82/100|[from] item: Leftovers
|upkeep
|
|t:|1743798621
|switch|p2a: Armarouge|Armarouge, F|100/100
|turn|15
|
|t:|1743798631
|move|p1a: Comfey|Calm Mind|p1a: Comfey
|-boost|p1a: Comfey|spa|1
|-boost|p1a: Comfey|spd|1
|move|p2a: Armarouge|Armor Cannon|p1a: Comfey
|-damage|p1a: Comfey|17/100
|-unboost|p2a: Armarouge|def|1
|-unboost|p2a: Armarouge|spd|1
|
|-heal|p1a: Comfey|23/100|[from] item: Leftovers
|upkeep
|turn|16
|
|t:|1743798641
|move|p1a: Comfey|Draining Kiss|p2a: Armarouge
|-resisted|p2a: Armarouge
|-damage|p2a: Armarouge|65/100
|-heal|p1a: Comfey|60/100|[from] drain|[of] p2a: Armarouge
|move|p2a: Armarouge|Armor Cannon|p1a: Comfey
|-damage|p1a: Comfey|0 fnt
|-unboost|p2a: Armarouge|def|1
|-unboost|p2a: Armarouge|spd|1
|faint|p1a: Comfey
|
|win|TipDik
|raw|The great gazoo's rating: 1437 &rarr; <strong>1419</strong><br />(-18 for losing)
|raw|TipDik's rating: 1468 &rarr; <strong>1486</strong><br />(+18 for winning)
