|j|☆Slushers
|j|☆BrunHasTeeth
|t:|1743818997
|gametype|singles
|player|p1|Slushers|bruno|1113
|player|p2|BrunHasTeeth|cilan|1162
|teamsize|p1|6
|teamsize|p2|6
|gen|9
|tier|[Gen 9] OU
|rated|
|rule|HP Percentage Mod: HP is shown in percentages
|rule|Endless Battle Clause: Forcing endless battles is banned
|rule|Species Clause: Limit one of each Pokémon
|rule|OHKO Clause: OHKO moves are banned
|rule|Evasion Items Clause: Evasion items are banned
|rule|Evasion Moves Clause: Evasion moves are banned
|rule|Sleep Moves Clause: Sleep-inducing moves are banned
|clearpoke
|poke|p1|Breloom, M|
|poke|p1|Gliscor, M|
|poke|p1|Raging Bolt|
|poke|p1|Dragapult, M|
|poke|p1|Corviknight, F|
|poke|p1|Primarina, F|
|poke|p2|Latias, F|
|poke|p2|Moltres|
|poke|p2|Clefable, F|
|poke|p2|Alomomola, M|
|poke|p2|Corviknight, M|
|poke|p2|Amoonguss, M|
|teampreview
|
|t:|1743819007
|start
|switch|p1a: Gliscor|Gliscor, M|100/100
|switch|p2a: Clefable|Clefable, F|100/100
|turn|1
|
|t:|1743819014
|move|p1a: Gliscor|Toxic Spikes|p2a: Clefable
|-sidestart|p2: BrunHasTeeth|move: Toxic Spikes
|move|p2a: Clefable|Knock Off|p1a: Gliscor
|-damage|p1a: Gliscor|89/100
|-enditem|p1a: Gliscor|Toxic Orb|[from] move: Knock Off|[of] p2a: Clefable
|
|upkeep
|turn|2
|
|t:|1743819019
|move|p1a: Gliscor|Earthquake|p2a: Clefable
|-damage|p2a: Clefable|67/100
|move|p2a: Clefable|Stealth Rock|p1a: Gliscor
|-sidestart|p1: Slushers|move: Stealth Rock
|
|-heal|p2a: Clefable|73/100|[from] item: Leftovers
|upkeep
|turn|3
|
|t:|1743819025
|move|p1a: Gliscor|Earthquake|p2a: Clefable
|-damage|p2a: Clefable|40/100
|move|p2a: Clefable|Moonlight|p2a: Clefable
|-heal|p2a: Clefable|90/100
|
|-heal|p2a: Clefable|96/100|[from] item: Leftovers
|upkeep
|turn|4
|
|t:|1743819038
|switch|p2a: Moltres|Moltres|100/100
|move|p1a: Gliscor|Earthquake|p2a: Moltres
|-immune|p2a: Moltres
|
|upkeep
|turn|5
|
|t:|1743819047
|switch|p1a: Primarina|Primarina, F|100/100
|-damage|p1a: Primarina|88/100|[from] Stealth Rock
|move|p2a: Moltres|Will-O-Wisp|p1a: Primarina|[miss]
|-miss|p2a: Moltres|p1a: Primarina
|
|upkeep
|turn|6
|
|t:|1743819056
|switch|p2a: Amoonguss|Amoonguss, M|100/100
|-sideend|p2: BrunHasTeeth|move: Toxic Spikes|[of] p2a: Amoonguss
|move|p1a: Primarina|Hyper Voice|p2a: Amoonguss
|-resisted|p2a: Amoonguss
|-damage|p2a: Amoonguss|91/100
|-enditem|p1a: Primarina|Throat Spray
|-boost|p1a: Primarina|spa|1|[from] item: Throat Spray
|
|upkeep
|turn|7
|
|t:|1743819073
|switch|p1a: Gliscor|Gliscor, M|89/100
|-damage|p1a: Gliscor|77/100|[from] Stealth Rock
|move|p2a: Amoonguss|Clear Smog|p1a: Gliscor
|-resisted|p1a: Gliscor
|-damage|p1a: Gliscor|67/100
|-clearboost|p1a: Gliscor
|
|upkeep
|turn|8
|
|t:|1743819086
|switch|p2a: Corviknight|Corviknight, M|100/100
|-ability|p2a: Corviknight|Pressure
|move|p1a: Gliscor|Ice Fang|p2a: Corviknight|[miss]
|-miss|p1a: Gliscor|p2a: Corviknight
|
|upkeep
|turn|9
|
|t:|1743819093
|move|p1a: Gliscor|Toxic Spikes|p2a: Corviknight
|-sidestart|p2: BrunHasTeeth|move: Toxic Spikes
|move|p2a: Corviknight|Iron Defense|p2a: Corviknight
|-boost|p2a: Corviknight|def|2
|
|upkeep
|turn|10
|
|t:|1743819099
|move|p1a: Gliscor|Ice Fang|p2a: Corviknight
|-damage|p2a: Corviknight|95/100
|cant|p2a: Corviknight|flinch
|
|-heal|p2a: Corviknight|100/100|[from] item: Leftovers
|upkeep
|turn|11
|
|t:|1743819106
|move|p1a: Gliscor|Toxic Spikes|p2a: Corviknight
|-sidestart|p2: BrunHasTeeth|move: Toxic Spikes
|move|p2a: Corviknight|Body Press|p1a: Gliscor
|-resisted|p1a: Gliscor
|-damage|p1a: Gliscor|46/100
|
|upkeep
|turn|12
|
|t:|1743819120
|switch|p1a: Breloom|Breloom, M|100/100
|-damage|p1a: Breloom|94/100|[from] Stealth Rock
|move|p2a: Corviknight|Body Press|p1a: Breloom
|-damage|p1a: Breloom|34/100
|
|-status|p1a: Breloom|tox|[from] item: Toxic Orb
|upkeep
|turn|13
|
|t:|1743819131
|move|p1a: Breloom|Drain Punch|p2a: Corviknight
|-damage|p2a: Corviknight|88/100
|-heal|p1a: Breloom|42/100 tox|[from] drain|[of] p2a: Corviknight
|move|p2a: Corviknight|Body Press|p1a: Breloom
|-damage|p1a: Breloom|0 fnt
|faint|p1a: Breloom
|
|-heal|p2a: Corviknight|95/100|[from] item: Leftovers
|upkeep
|
|t:|1743819140
|switch|p1a: Raging Bolt|Raging Bolt|100/100
|-damage|p1a: Raging Bolt|88/100|[from] Stealth Rock
|-enditem|p1a: Raging Bolt|Booster Energy
|-activate|p1a: Raging Bolt|ability: Protosynthesis|[fromitem]
|-start|p1a: Raging Bolt|protosynthesisspa
|turn|14
|
|t:|1743819149
|switch|p2a: Amoonguss|Amoonguss, M|100/100
|-sideend|p2: BrunHasTeeth|move: Toxic Spikes|[of] p2a: Amoonguss
|move|p1a: Raging Bolt|Thunderclap||[still]
|-fail|p1a: Raging Bolt
|
|upkeep
|turn|15
|
|t:|1743819164
|move|p1a: Raging Bolt|Volt Switch|p2a: Amoonguss
|-resisted|p2a: Amoonguss
|-damage|p2a: Amoonguss|90/100
|
|t:|1743819168
|-end|p1a: Raging Bolt|Protosynthesis|[silent]
|switch|p1a: Corviknight|Corviknight, F|100/100|[from] Volt Switch
|-damage|p1a: Corviknight|88/100|[from] Stealth Rock
|move|p2a: Amoonguss|Clear Smog|p1a: Corviknight
|-immune|p1a: Corviknight
|
|-heal|p1a: Corviknight|94/100|[from] item: Leftovers
|upkeep
|turn|16
|
|t:|1743819177
|switch|p2a: Moltres|Moltres|100/100
|move|p1a: Corviknight|Iron Defense|p1a: Corviknight
|-boost|p1a: Corviknight|def|2
|
|-heal|p1a: Corviknight|100/100|[from] item: Leftovers
|upkeep
|turn|17
|
|t:|1743819187
|switch|p1a: Primarina|Primarina, F|88/100
|-damage|p1a: Primarina|76/100|[from] Stealth Rock
|move|p2a: Moltres|Will-O-Wisp|p1a: Primarina
|-status|p1a: Primarina|brn
|
|-damage|p1a: Primarina|70/100 brn|[from] brn
|upkeep
|turn|18
|
|t:|1743819203
|switch|p2a: Amoonguss|Amoonguss, M|100/100
|move|p1a: Primarina|Rest|p1a: Primarina
|-status|p1a: Primarina|slp|[from] move: Rest
|-heal|p1a: Primarina|100/100 slp|[silent]
|
|upkeep
|turn|19
|
|t:|1743819214
|cant|p1a: Primarina|slp
|move|p1a: Primarina|Sleep Talk|p1a: Primarina
|move|p1a: Primarina|Hyper Voice|p2a: Amoonguss|[from] move: Sleep Talk
|-resisted|p2a: Amoonguss
|-damage|p2a: Amoonguss|91/100
|move|p2a: Amoonguss|Sludge Bomb|p1a: Primarina
|-supereffective|p1a: Primarina
|-damage|p1a: Primarina|52/100 slp
|
|upkeep
|turn|20
|
|t:|1743819229
|-terastallize|p1a: Primarina|Water
|cant|p1a: Primarina|slp
|move|p2a: Amoonguss|Sludge Bomb|p1a: Primarina
|-damage|p1a: Primarina|30/100 slp
|
|upkeep
|turn|21
|
|t:|1743819236
|-curestatus|p1a: Primarina|slp|[msg]
|move|p1a: Primarina|Rest|p1a: Primarina
|-status|p1a: Primarina|slp|[from] move: Rest
|-heal|p1a: Primarina|100/100 slp|[silent]
|move|p2a: Amoonguss|Giga Drain|p1a: Primarina
|-supereffective|p1a: Primarina
|-damage|p1a: Primarina|61/100 slp
|-heal|p2a: Amoonguss|100/100|[from] drain|[of] p1a: Primarina
|
|upkeep
|turn|22
|
|t:|1743819245
|switch|p1a: Corviknight|Corviknight, F|100/100
|-damage|p1a: Corviknight|88/100|[from] Stealth Rock
|move|p2a: Amoonguss|Giga Drain|p1a: Corviknight
|-resisted|p1a: Corviknight
|-damage|p1a: Corviknight|82/100
|
|-heal|p1a: Corviknight|89/100|[from] item: Leftovers
|upkeep
|turn|23
|
|t:|1743819255
|switch|p2a: Moltres|Moltres|100/100
|move|p1a: Corviknight|Body Press|p2a: Moltres
|-resisted|p2a: Moltres
|-damage|p2a: Moltres|91/100
|-status|p1a: Corviknight|brn|[from] ability: Flame Body|[of] p2a: Moltres
|
|-heal|p1a: Corviknight|95/100 brn|[from] item: Leftovers
|-damage|p1a: Corviknight|89/100 brn|[from] brn
|upkeep
|turn|24
|
|t:|1743819265
|switch|p1a: Dragapult|Dragapult, M|100/100
|-damage|p1a: Dragapult|88/100|[from] Stealth Rock
|move|p2a: Moltres|U-turn|p1a: Dragapult
|-resisted|p1a: Dragapult
|-damage|p1a: Dragapult|79/100
|
|t:|1743819276
|switch|p2a: Clefable|Clefable, F|96/100|[from] U-turn
|
|-heal|p2a: Clefable|100/100|[from] item: Leftovers
|upkeep
|turn|25
|
|t:|1743819293
|move|p1a: Dragapult|Sucker Punch|p2a: Clefable
|-resisted|p2a: Clefable
|-damage|p2a: Clefable|90/100
|-damage|p1a: Dragapult|69/100|[from] item: Life Orb
|move|p2a: Clefable|Moonblast|p1a: Dragapult
|-supereffective|p1a: Dragapult
|-damage|p1a: Dragapult|0 fnt
|faint|p1a: Dragapult
|
|-heal|p2a: Clefable|96/100|[from] item: Leftovers
|upkeep
|
|t:|1743819302
|switch|p1a: Gliscor|Gliscor, M|46/100
|-damage|p1a: Gliscor|33/100|[from] Stealth Rock
|turn|26
|
|t:|1743819309
|move|p1a: Gliscor|Earthquake|p2a: Clefable
|-crit|p2a: Clefable
|-damage|p2a: Clefable|45/100
|move|p2a: Clefable|Moonblast|p1a: Gliscor
|-crit|p1a: Gliscor
|-damage|p1a: Gliscor|0 fnt
|faint|p1a: Gliscor
|
|-heal|p2a: Clefable|51/100|[from] item: Leftovers
|upkeep
|
|t:|1743819318
|switch|p1a: Raging Bolt|Raging Bolt|88/100
|-damage|p1a: Raging Bolt|76/100|[from] Stealth Rock
|turn|27
|
|t:|1743819323
|switch|p2a: Amoonguss|Amoonguss, M|100/100
|move|p1a: Raging Bolt|Draco Meteor|p2a: Amoonguss
|-damage|p2a: Amoonguss|66/100
|-unboost|p1a: Raging Bolt|spa|2
|
|upkeep
|turn|28
|
|t:|1743819331
|move|p1a: Raging Bolt|Volt Switch|p2a: Amoonguss
|-resisted|p2a: Amoonguss
|-damage|p2a: Amoonguss|61/100
|
|t:|1743819338
|-end|p1a: Raging Bolt|Protosynthesis|[silent]
|switch|p1a: Corviknight|Corviknight, F|89/100 brn|[from] Volt Switch
|-damage|p1a: Corviknight|76/100 brn|[from] Stealth Rock
|move|p2a: Amoonguss|Sludge Bomb|p1a: Corviknight
|-immune|p1a: Corviknight
|
|-heal|p1a: Corviknight|82/100 brn|[from] item: Leftovers
|-damage|p1a: Corviknight|76/100 brn|[from] brn
|upkeep
|turn|29
|
|t:|1743819349
|switch|p2a: Moltres|Moltres|91/100
|move|p1a: Corviknight|Iron Defense|p1a: Corviknight
|-boost|p1a: Corviknight|def|2
|
|-heal|p1a: Corviknight|82/100 brn|[from] item: Leftovers
|-damage|p1a: Corviknight|76/100 brn|[from] brn
|upkeep
|turn|30
|
|t:|1743819358
|move|p2a: Moltres|Flamethrower|p1a: Corviknight
|-supereffective|p1a: Corviknight
|-damage|p1a: Corviknight|4/100 brn
|move|p1a: Corviknight|Body Press|p2a: Moltres
|-resisted|p2a: Moltres
|-damage|p2a: Moltres|81/100
|
|-heal|p1a: Corviknight|10/100 brn|[from] item: Leftovers
|-damage|p1a: Corviknight|4/100 brn|[from] brn
|upkeep
|turn|31
|-message|Slushers forfeited.
|
|win|BrunHasTeeth
|raw|Slushers's rating: 1113 &rarr; <strong>1092</strong><br />(-21 for losing)
|raw|BrunHasTeeth's rating: 1162 &rarr; <strong>1183</strong><br />(+21 for winning)
|l|☆Slushers
|player|p1|
