|j|☆Pr0geny
|j|☆player8724
|t:|1743885308
|gametype|singles
|player|p1|Pr0geny|cogita|1352
|player|p2|player8724|lucas|1406
|teamsize|p1|6
|teamsize|p2|6
|gen|9
|tier|[Gen 9] OU
|rated|
|rule|HP Percentage Mod: HP is shown in percentages
|rule|Endless Battle Clause: Forcing endless battles is banned
|rule|Species Clause: Limit one of each Pokémon
|rule|OHKO Clause: OHKO moves are banned
|rule|Evasion Items Clause: Evasion items are banned
|rule|Evasion Moves Clause: Evasion moves are banned
|rule|Sleep Moves Clause: Sleep-inducing moves are banned
|clearpoke
|poke|p1|Great Tusk|
|poke|p1|Iron Valiant|
|poke|p1|Zapdos|
|poke|p1|Samurott-Hisui, M|
|poke|p1|Dragapult, M|
|poke|p1|Slowking-Galar, M|
|poke|p2|Serperior, F|
|poke|p2|Kingambit, M|
|poke|p2|Samurott-Hisui, F|
|poke|p2|Iron Treads|
|poke|p2|Gholdengo|
|poke|p2|Moltres|
|teampreview
|j| Thenix12
|l| Thenix12
|
|t:|1743885330
|start
|switch|p1a: Cope|Iron Valiant|100/100
|switch|p2a: Samurott|Samurott-Hisui, F|100/100
|-enditem|p1a: Cope|Booster Energy
|-activate|p1a: Cope|ability: Quark Drive|[fromitem]
|-start|p1a: Cope|quarkdrivespe
|turn|1
|
|t:|1743885334
|switch|p2a: Moltres|Moltres|100/100
|move|p1a: Cope|Moonblast|p2a: Moltres
|-resisted|p2a: Moltres
|-damage|p2a: Moltres|76/100
|
|upkeep
|turn|2
|
|t:|1743885338
|-end|p1a: Cope|Quark Drive|[silent]
|switch|p1a: Head?|Slowking-Galar, M|100/100
|move|p2a: Moltres|Hurricane|p1a: Head?
|-damage|p1a: Head?|73/100
|
|upkeep
|turn|3
|
|t:|1743885344
|switch|p2a: Samurott|Samurott-Hisui, F|100/100
|move|p1a: Head?|Fire Blast|p2a: Samurott
|-resisted|p2a: Samurott
|-damage|p2a: Samurott|71/100
|
|upkeep
|turn|4
|inactive|Battle timer is ON: inactive players will automatically lose when time's up. (requested by Pr0geny)
|
|t:|1743885349
|switch|p1a: The OG Don|Great Tusk|100/100
|move|p2a: Samurott|Ceaseless Edge|p1a: The OG Don
|-resisted|p1a: The OG Don
|-damage|p1a: The OG Don|90/100
|-damage|p2a: Samurott|55/100|[from] item: Rocky Helmet|[of] p1a: The OG Don
|-sidestart|p1: Pr0geny|Spikes
|
|upkeep
|turn|5
|
|t:|1743885355
|move|p2a: Samurott|Ceaseless Edge|p1a: The OG Don
|-resisted|p1a: The OG Don
|-damage|p1a: The OG Don|78/100
|-damage|p2a: Samurott|38/100|[from] item: Rocky Helmet|[of] p1a: The OG Don
|-sidestart|p1: Pr0geny|Spikes
|move|p1a: The OG Don|Stealth Rock|p2a: Samurott
|-sidestart|p2: player8724|move: Stealth Rock
|
|upkeep
|turn|6
|
|t:|1743885361
|switch|p2a: Gholdengo|Gholdengo|100/100
|-damage|p2a: Gholdengo|94/100|[from] Stealth Rock
|-item|p2a: Gholdengo|Air Balloon
|move|p1a: The OG Don|Rapid Spin|p2a: Gholdengo
|-immune|p2a: Gholdengo
|
|upkeep
|turn|7
|
|t:|1743885366
|-end|p1a: The OG Don|Protosynthesis|[silent]
|switch|p1a: Edging Ceaselessly|Samurott-Hisui, M|100/100
|-damage|p1a: Edging Ceaselessly|84/100|[from] Spikes
|move|p2a: Gholdengo|Make It Rain|p1a: Edging Ceaselessly
|-resisted|p1a: Edging Ceaselessly
|-damage|p1a: Edging Ceaselessly|47/100
|-unboost|p2a: Gholdengo|spa|1
|
|upkeep
|turn|8
|
|t:|1743885373
|switch|p2a: Samurott|Samurott-Hisui, F|38/100
|-damage|p2a: Samurott|26/100|[from] Stealth Rock
|move|p1a: Edging Ceaselessly|Ceaseless Edge|p2a: Samurott
|-resisted|p2a: Samurott
|-damage|p2a: Samurott|0 fnt
|-sidestart|p2: player8724|Spikes
|faint|p2a: Samurott
|
|upkeep
|
|t:|1743885377
|switch|p2a: Iron Treads|Iron Treads|100/100
|-damage|p2a: Iron Treads|97/100|[from] Stealth Rock
|-item|p2a: Iron Treads|Air Balloon
|turn|9
|
|t:|1743885383
|-terastallize|p1a: Edging Ceaselessly|Ghost
|move|p1a: Edging Ceaselessly|Ceaseless Edge|p2a: Iron Treads
|-damage|p2a: Iron Treads|60/100
|-enditem|p2a: Iron Treads|Air Balloon
|-sidestart|p2: player8724|Spikes
|move|p2a: Iron Treads|Earthquake|p1a: Edging Ceaselessly
|-damage|p1a: Edging Ceaselessly|0 fnt
|faint|p1a: Edging Ceaselessly
|
|upkeep
|
|t:|1743885385
|switch|p1a: Drag HER|Dragapult, M|100/100
|-damage|p1a: Drag HER|84/100|[from] Spikes
|turn|10
|
|t:|1743885395
|move|p1a: Drag HER|Phantom Force||[still]
|-prepare|p1a: Drag HER|Phantom Force
|move|p2a: Iron Treads|Ice Spinner|p1a: Drag HER|[miss]
|-miss|p2a: Iron Treads|p1a: Drag HER
|
|upkeep
|turn|11
|
|t:|1743885399
|move|p1a: Drag HER|Phantom Force|p2a: Iron Treads|[from] lockedmove
|-damage|p2a: Iron Treads|19/100
|move|p2a: Iron Treads|Ice Spinner|p1a: Drag HER
|-supereffective|p1a: Drag HER
|-damage|p1a: Drag HER|20/100
|
|upkeep
|turn|12
|
|t:|1743885403
|move|p1a: Drag HER|Sucker Punch|p2a: Iron Treads
|-damage|p2a: Iron Treads|0 fnt
|faint|p2a: Iron Treads
|-end|p2a: Iron Treads|Quark Drive|[silent]
|
|upkeep
|
|t:|1743885416
|switch|p2a: Moltres|Moltres|76/100
|turn|13
|
|t:|1743885424
|switch|p1a: Head?|Slowking-Galar, M|100/100
|-damage|p1a: Head?|84/100|[from] Spikes
|move|p2a: Moltres|Flamethrower|p1a: Head?
|-crit|p1a: Head?
|-damage|p1a: Head?|54/100
|
|upkeep
|turn|14
|
|t:|1743885429
|switch|p2a: Gholdengo|Gholdengo|94/100
|-damage|p2a: Gholdengo|88/100|[from] Stealth Rock
|-item|p2a: Gholdengo|Air Balloon
|move|p1a: Head?|Psychic Noise|p2a: Gholdengo
|-resisted|p2a: Gholdengo
|-damage|p2a: Gholdengo|71/100
|-start|p2a: Gholdengo|move: Heal Block
|-enditem|p2a: Gholdengo|Air Balloon
|
|upkeep
|turn|15
|
|t:|1743885432
|move|p2a: Gholdengo|Thunder Wave|p1a: Head?
|-status|p1a: Head?|par
|move|p1a: Head?|Fire Blast|p2a: Gholdengo|[miss]
|-miss|p1a: Head?|p2a: Gholdengo
|
|-end|p2a: Gholdengo|move: Heal Block
|upkeep
|turn|16
|
|t:|1743885435
|move|p2a: Gholdengo|Hex|p1a: Head?
|-supereffective|p1a: Head?
|-damage|p1a: Head?|0 fnt
|faint|p1a: Head?
|
|upkeep
|
|t:|1743885439
|switch|p1a: Don’t PMO|Zapdos, shiny|100/100
|-ability|p1a: Don’t PMO|Pressure
|turn|17
|
|t:|1743885442
|move|p1a: Don’t PMO|Thunderbolt|p2a: Gholdengo
|-damage|p2a: Gholdengo|28/100
|move|p2a: Gholdengo|Hex|p1a: Don’t PMO
|-damage|p1a: Don’t PMO|67/100
|
|upkeep
|turn|18
|
|t:|1743885445
|move|p1a: Don’t PMO|Thunderbolt|p2a: Gholdengo
|-damage|p2a: Gholdengo|0 fnt
|faint|p2a: Gholdengo
|
|upkeep
|
|t:|1743885448
|switch|p2a: Serperior|Serperior, F|100/100
|-damage|p2a: Serperior|88/100|[from] Stealth Rock
|-damage|p2a: Serperior|72/100|[from] Spikes
|turn|19
|
|t:|1743885450
|move|p2a: Serperior|Substitute|p2a: Serperior
|-start|p2a: Serperior|Substitute
|-damage|p2a: Serperior|47/100
|move|p1a: Don’t PMO|Hurricane|p2a: Serperior
|-supereffective|p2a: Serperior
|-end|p2a: Serperior|Substitute
|
|-heal|p2a: Serperior|53/100|[from] item: Leftovers
|upkeep
|turn|20
|
|t:|1743885452
|move|p2a: Serperior|Substitute|p2a: Serperior
|-start|p2a: Serperior|Substitute
|-damage|p2a: Serperior|28/100
|move|p1a: Don’t PMO|Hurricane|p2a: Serperior|[miss]
|-miss|p1a: Don’t PMO|p2a: Serperior
|
|-heal|p2a: Serperior|34/100|[from] item: Leftovers
|upkeep
|turn|21
|
|t:|1743885456
|move|p2a: Serperior|Leech Seed|p1a: Don’t PMO|[miss]
|-miss|p2a: Serperior|p1a: Don’t PMO
|move|p1a: Don’t PMO|Hurricane|p2a: Serperior
|-supereffective|p2a: Serperior
|-end|p2a: Serperior|Substitute
|
|-heal|p2a: Serperior|40/100|[from] item: Leftovers
|upkeep
|turn|22
|
|t:|1743885459
|move|p2a: Serperior|Substitute|p2a: Serperior
|-start|p2a: Serperior|Substitute
|-damage|p2a: Serperior|15/100
|move|p1a: Don’t PMO|Hurricane|p2a: Serperior
|-supereffective|p2a: Serperior
|-end|p2a: Serperior|Substitute
|
|-heal|p2a: Serperior|22/100|[from] item: Leftovers
|upkeep
|turn|23
|
|t:|1743885463
|move|p2a: Serperior|Leech Seed|p1a: Don’t PMO
|-start|p1a: Don’t PMO|move: Leech Seed
|move|p1a: Don’t PMO|Hurricane|p2a: Serperior
|-supereffective|p2a: Serperior
|-damage|p2a: Serperior|0 fnt
|faint|p2a: Serperior
|
|upkeep
|c|☆Pr0geny|Dumb
|
|t:|1743885467
|switch|p2a: Moltres|Moltres|76/100
|turn|24
|c|☆Pr0geny|dumb as fuck
|
|t:|1743885470
|move|p1a: Don’t PMO|Thunderbolt|p2a: Moltres
|-supereffective|p2a: Moltres
|-damage|p2a: Moltres|0 fnt
|faint|p2a: Moltres
|
|upkeep
|
|t:|1743885474
|switch|p2a: Kingambit|Kingambit, M|100/100
|-damage|p2a: Kingambit|94/100|[from] Stealth Rock
|-damage|p2a: Kingambit|78/100|[from] Spikes
|-activate|p2a: Kingambit|ability: Supreme Overlord
|-start|p2a: Kingambit|fallen5|[silent]
|turn|25
|
|t:|1743885477
|move|p1a: Don’t PMO|Volt Switch|p2a: Kingambit
|-damage|p2a: Kingambit|41/100
|
|t:|1743885479
|switch|p1a: The OG Don|Great Tusk|78/100|[from] Volt Switch
|-damage|p1a: The OG Don|62/100|[from] Spikes
|move|p2a: Kingambit|Swords Dance|p2a: Kingambit
|-boost|p2a: Kingambit|atk|2
|
|upkeep
|turn|26
|
|t:|1743885485
|move|p2a: Kingambit|Sucker Punch|p1a: The OG Don
|-resisted|p1a: The OG Don
|-damage|p1a: The OG Don|25/100
|-damage|p2a: Kingambit|25/100|[from] item: Rocky Helmet|[of] p1a: The OG Don
|move|p1a: The OG Don|Headlong Rush|p2a: Kingambit
|-supereffective|p2a: Kingambit
|-damage|p2a: Kingambit|0 fnt
|-unboost|p1a: The OG Don|def|1
|-unboost|p1a: The OG Don|spd|1
|faint|p2a: Kingambit
|-end|p2a: Kingambit|fallen5|[silent]
|
|win|Pr0geny
