|j|☆Smile65
|j|☆naotokuro
|t:|1743843605
|gametype|singles
|player|p1|Smile65|caitlin|1094
|player|p2|naotokuro|266|1096
|teamsize|p1|6
|teamsize|p2|6
|gen|9
|tier|[Gen 9] OU
|rated|
|rule|HP Percentage Mod: HP is shown in percentages
|rule|Endless Battle Clause: Forcing endless battles is banned
|rule|Species Clause: Limit one of each Pokémon
|rule|OHKO Clause: OHKO moves are banned
|rule|Evasion Items Clause: Evasion items are banned
|rule|Evasion Moves Clause: Evasion moves are banned
|rule|Sleep Moves Clause: Sleep-inducing moves are banned
|clearpoke
|poke|p1|Froslass, F|
|poke|p1|Gardevoir, F|
|poke|p1|Zoroark, M|
|poke|p1|Diancie|
|poke|p1|Mienshao, F|
|poke|p1|Lurantis, M|
|poke|p2|Sandslash-Alola, M|
|poke|p2|Ninetales-Alola, M|
|poke|p2|Charizard, M|
|poke|p2|Blastoise, F|
|poke|p2|Pikachu-Hoenn, M|
|poke|p2|Espeon, M|
|teampreview
|
|t:|1743843610
|start
|switch|p1a: Froslass|Froslass, F|100/100
|switch|p2a: Ninetales|Ninetales-Alola, M|100/100
|-weather|Snowscape|[from] ability: Snow Warning|[of] p2a: Ninetales
|turn|1
|
|t:|1743843617
|move|p1a: Froslass|Spikes|p2a: Ninetales
|-sidestart|p2: naotokuro|Spikes
|move|p2a: Ninetales|Aurora Veil|p2a: Ninetales
|-sidestart|p2: naotokuro|move: Aurora Veil
|
|-weather|Snowscape|[upkeep]
|upkeep
|turn|2
|
|t:|1743843622
|switch|p2a: Sandslash|Sandslash-Alola, M, shiny|100/100
|-damage|p2a: Sandslash|88/100|[from] Spikes
|move|p1a: Froslass|Spikes|p2a: Sandslash
|-sidestart|p2: naotokuro|Spikes
|
|-weather|Snowscape|[upkeep]
|upkeep
|turn|3
|
|t:|1743843629
|move|p2a: Sandslash|Rapid Spin|p1a: Froslass
|-immune|p1a: Froslass
|move|p1a: Froslass|Spikes|p2a: Sandslash
|-sidestart|p2: naotokuro|Spikes
|
|-weather|Snowscape|[upkeep]
|upkeep
|turn|4
|
|t:|1743843648
|switch|p1a: Diancie|Diancie|100/100
|move|p2a: Sandslash|Iron Head|p1a: Diancie
|-supereffective|p1a: Diancie
|-damage|p1a: Diancie|0 fnt
|faint|p1a: Diancie
|
|-weather|Snowscape|[upkeep]
|upkeep
|
|t:|1743843657
|switch|p1a: Froslass|Froslass, F|100/100
|turn|5
|
|t:|1743843660
|move|p2a: Sandslash|Iron Head|p1a: Froslass
|-damage|p1a: Froslass|31/100
|replace|p1a: Zoroark|Zoroark, M
|-end|p1a: Zoroark|Illusion
|cant|p1a: Zoroark|flinch
|
|-weather|none
|upkeep
|turn|6
|-message|Smile65 forfeited.
|
|win|naotokuro
|raw|Smile65's rating: 1094 &rarr; <strong>1070</strong><br />(-24 for losing)
|raw|naotokuro's rating: 1096 &rarr; <strong>1121</strong><br />(+25 for winning)
|l|☆Smile65
|player|p1|
|l|☆naotokuro
|player|p2|
