|j|☆Marioshi64
|j|☆AkieAkie
|t:|1743813798
|gametype|singles
|player|p1|Marioshi64|pokemaniac|1424
|player|p2|AkieAkie|dawn|1469
|teamsize|p1|6
|teamsize|p2|6
|gen|9
|tier|[Gen 9] OU
|rated|
|rule|HP Percentage Mod: HP is shown in percentages
|rule|Endless Battle Clause: Forcing endless battles is banned
|rule|Species Clause: Limit one of each Pokémon
|rule|OHKO Clause: OHKO moves are banned
|rule|Evasion Items Clause: Evasion items are banned
|rule|Evasion Moves Clause: Evasion moves are banned
|rule|Sleep Moves Clause: Sleep-inducing moves are banned
|clearpoke
|poke|p1|Golurk|
|poke|p1|Ogerpon-Wellspring, F|
|poke|p1|Cyclizar, M|
|poke|p1|Garganacl, M|
|poke|p1|Hatterene, F|
|poke|p1|Heatran, M|
|poke|p2|Dragonite, M|
|poke|p2|Ting-Lu|
|poke|p2|Gholdengo|
|poke|p2|Iron Valiant|
|poke|p2|Zamazenta-*|
|poke|p2|Kingambit, F|
|teampreview
|inactive|Battle timer is ON: inactive players will automatically lose when time's up. (requested by AkieAkie)
|
|t:|1743813809
|start
|switch|p1a: Nitro Wheel|Cyclizar, M|100/100
|switch|p2a: Ting-Lu|Ting-Lu|100/100
|-ability|p2a: Ting-Lu|Vessel of Ruin
|turn|1
|
|t:|1743813818
|move|p1a: Nitro Wheel|U-turn|p2a: Ting-Lu
|-supereffective|p2a: Ting-Lu
|-damage|p2a: Ting-Lu|83/100
|-enditem|p2a: Ting-Lu|Red Card|[of] p1a: Nitro Wheel
|drag|p1a: Morton|Garganacl, M|100/100
|move|p2a: Ting-Lu|Earthquake|p1a: Morton
|-supereffective|p1a: Morton
|-damage|p1a: Morton|49/100
|-enditem|p1a: Morton|Sitrus Berry|[eat]
|-heal|p1a: Morton|74/100|[from] item: Sitrus Berry
|
|upkeep
|turn|2
|
|t:|1743813828
|switch|p1a: Vivian|Hatterene, F|100/100
|move|p2a: Ting-Lu|Earthquake|p1a: Vivian
|-damage|p1a: Vivian|73/100
|
|-heal|p1a: Vivian|79/100|[from] item: Leftovers
|upkeep
|turn|3
|
|t:|1743813831
|move|p2a: Ting-Lu|Ruination|p1a: Vivian
|-damage|p1a: Vivian|40/100
|move|p1a: Vivian|Draining Kiss|p2a: Ting-Lu
|-supereffective|p2a: Ting-Lu
|-damage|p2a: Ting-Lu|62/100
|-heal|p1a: Vivian|65/100|[from] drain|[of] p2a: Ting-Lu
|
|-heal|p1a: Vivian|71/100|[from] item: Leftovers
|upkeep
|turn|4
|
|t:|1743813840
|move|p2a: Ting-Lu|Ruination|p1a: Vivian
|-damage|p1a: Vivian|36/100
|move|p1a: Vivian|Mystical Fire|p2a: Ting-Lu
|-crit|p2a: Ting-Lu
|-damage|p2a: Ting-Lu|47/100
|-unboost|p2a: Ting-Lu|spa|1
|
|-heal|p1a: Vivian|42/100|[from] item: Leftovers
|upkeep
|turn|5
|
|t:|1743813844
|move|p2a: Ting-Lu|Earthquake|p1a: Vivian
|-damage|p1a: Vivian|12/100
|move|p1a: Vivian|Draining Kiss|p2a: Ting-Lu
|-supereffective|p2a: Ting-Lu
|-damage|p2a: Ting-Lu|27/100
|-heal|p1a: Vivian|37/100|[from] drain|[of] p2a: Ting-Lu
|
|-heal|p1a: Vivian|43/100|[from] item: Leftovers
|upkeep
|turn|6
|
|t:|1743813849
|move|p2a: Ting-Lu|Earthquake|p1a: Vivian
|-damage|p1a: Vivian|12/100
|move|p1a: Vivian|Draining Kiss|p2a: Ting-Lu
|-supereffective|p2a: Ting-Lu
|-damage|p2a: Ting-Lu|7/100
|-heal|p1a: Vivian|36/100|[from] drain|[of] p2a: Ting-Lu
|
|-heal|p1a: Vivian|42/100|[from] item: Leftovers
|upkeep
|turn|7
|
|t:|1743813856
|move|p2a: Ting-Lu|Earthquake|p1a: Vivian
|-damage|p1a: Vivian|14/100
|move|p1a: Vivian|Draining Kiss|p2a: Ting-Lu
|-supereffective|p2a: Ting-Lu
|-damage|p2a: Ting-Lu|0 fnt
|-heal|p1a: Vivian|22/100|[from] drain|[of] p2a: Ting-Lu
|faint|p2a: Ting-Lu
|
|-heal|p1a: Vivian|28/100|[from] item: Leftovers
|upkeep
|
|t:|1743813867
|switch|p2a: Gholdengo|Gholdengo|100/100
|-item|p2a: Gholdengo|Air Balloon
|turn|8
|
|t:|1743813871
|move|p2a: Gholdengo|Shadow Ball|p1a: Vivian
|-supereffective|p1a: Vivian
|-damage|p1a: Vivian|0 fnt
|faint|p1a: Vivian
|
|upkeep
|
|t:|1743813875
|switch|p1a: Spaceship|Heatran, M|100/100
|-item|p1a: Spaceship|Air Balloon
|turn|9
|
|t:|1743813879
|move|p2a: Gholdengo|Shadow Ball|p1a: Spaceship
|-damage|p1a: Spaceship|60/100
|-enditem|p1a: Spaceship|Air Balloon
|move|p1a: Spaceship|Lava Plume|p2a: Gholdengo
|-supereffective|p2a: Gholdengo
|-damage|p2a: Gholdengo|0 fnt
|-enditem|p2a: Gholdengo|Air Balloon
|faint|p2a: Gholdengo
|
|upkeep
|
|t:|1743813887
|switch|p2a: Zamazenta|Zamazenta|100/100
|-ability|p2a: Zamazenta|Dauntless Shield|boost
|-boost|p2a: Zamazenta|def|1
|turn|10
|
|t:|1743813893
|move|p2a: Zamazenta|Howl|p2a: Zamazenta
|-boost|p2a: Zamazenta|atk|1
|move|p1a: Spaceship|Will-O-Wisp|p2a: Zamazenta
|-status|p2a: Zamazenta|brn
|
|-damage|p2a: Zamazenta|94/100 brn|[from] brn
|upkeep
|turn|11
|
|t:|1743813898
|switch|p1a: Ogerpon|Ogerpon-Wellspring, F|100/100
|move|p2a: Zamazenta|Close Combat|p1a: Ogerpon
|-damage|p1a: Ogerpon|50/100
|-unboost|p2a: Zamazenta|def|1
|-unboost|p2a: Zamazenta|spd|1
|
|-damage|p2a: Zamazenta|88/100 brn|[from] brn
|upkeep
|turn|12
|
|t:|1743813903
|switch|p1a: Iron Giant|Golurk|100/100
|move|p2a: Zamazenta|Close Combat|p1a: Iron Giant
|-immune|p1a: Iron Giant
|
|-damage|p2a: Zamazenta|82/100 brn|[from] brn
|upkeep
|turn|13
|
|t:|1743813911
|move|p2a: Zamazenta|Crunch|p1a: Iron Giant
|-supereffective|p1a: Iron Giant
|-damage|p1a: Iron Giant|54/100
|move|p1a: Iron Giant|Earthquake|p2a: Zamazenta
|-damage|p2a: Zamazenta|10/100 brn
|
|-damage|p2a: Zamazenta|4/100 brn|[from] brn
|upkeep
|turn|14
|
|t:|1743813919
|switch|p1a: Ogerpon|Ogerpon-Wellspring, F|50/100
|move|p2a: Zamazenta|Crunch|p1a: Ogerpon
|-damage|p1a: Ogerpon|27/100
|
|-damage|p2a: Zamazenta|0 fnt|[from] brn
|faint|p2a: Zamazenta
|upkeep
|
|t:|1743813926
|switch|p2a: Iron Valiant|Iron Valiant|100/100
|-enditem|p2a: Iron Valiant|Booster Energy
|-activate|p2a: Iron Valiant|ability: Quark Drive|[fromitem]
|-start|p2a: Iron Valiant|quarkdrivespe
|turn|15
|
|t:|1743813932
|move|p2a: Iron Valiant|Moonblast|p1a: Ogerpon
|-damage|p1a: Ogerpon|0 fnt
|faint|p1a: Ogerpon
|
|upkeep
|
|t:|1743813937
|switch|p1a: Spaceship|Heatran, M|60/100
|turn|16
|
|t:|1743813942
|-terastallize|p1a: Spaceship|Flying
|move|p2a: Iron Valiant|Calm Mind|p2a: Iron Valiant
|-boost|p2a: Iron Valiant|spa|1
|-boost|p2a: Iron Valiant|spd|1
|move|p1a: Spaceship|Flash Cannon|p2a: Iron Valiant
|-supereffective|p2a: Iron Valiant
|-damage|p2a: Iron Valiant|0 fnt
|faint|p2a: Iron Valiant
|-end|p2a: Iron Valiant|Quark Drive|[silent]
|
|upkeep
|
|t:|1743813949
|switch|p2a: Kingambit|Kingambit, F|100/100
|-activate|p2a: Kingambit|ability: Supreme Overlord
|-start|p2a: Kingambit|fallen4|[silent]
|turn|17
|
|t:|1743813952
|move|p1a: Spaceship|Will-O-Wisp|p2a: Kingambit
|-status|p2a: Kingambit|brn
|-enditem|p2a: Kingambit|Lum Berry|[eat]
|-curestatus|p2a: Kingambit|brn|[msg]
|move|p2a: Kingambit|Iron Head|p1a: Spaceship
|-damage|p1a: Spaceship|0 fnt
|faint|p1a: Spaceship
|
|upkeep
|
|t:|1743813959
|switch|p1a: Morton|Garganacl, M|74/100
|turn|18
|
|t:|1743813964
|move|p2a: Kingambit|Iron Head|p1a: Morton
|-supereffective|p1a: Morton
|-damage|p1a: Morton|0 fnt
|faint|p1a: Morton
|
|upkeep
|
|t:|1743813967
|switch|p1a: Iron Giant|Golurk|54/100
|turn|19
|
|t:|1743813972
|move|p2a: Kingambit|Kowtow Cleave|p1a: Iron Giant
|-supereffective|p1a: Iron Giant
|-damage|p1a: Iron Giant|0 fnt
|faint|p1a: Iron Giant
|
|upkeep
|-message|Marioshi64 forfeited.
|
|win|AkieAkie
|raw|Marioshi64's rating: 1424 &rarr; <strong>1407</strong><br />(-17 for losing)
|raw|AkieAkie's rating: 1469 &rarr; <strong>1486</strong><br />(+17 for winning)
|l|☆Marioshi64
|player|p1|
|l|☆AkieAkie
|player|p2|
