|j|☆Pompey Magnus
|j|☆Xstyr
|t:|1743849048
|gametype|singles
|player|p1|Pompey Magnus|gentleman-gen4|1088
|player|p2|Xstyr|102|1143
|teamsize|p1|6
|teamsize|p2|6
|gen|9
|tier|[Gen 9] OU
|rated|
|rule|HP Percentage Mod: HP is shown in percentages
|rule|Endless Battle Clause: Forcing endless battles is banned
|rule|Species Clause: Limit one of each Pokémon
|rule|OHKO Clause: OHKO moves are banned
|rule|Evasion Items Clause: Evasion items are banned
|rule|Evasion Moves Clause: Evasion moves are banned
|rule|Sleep Moves Clause: Sleep-inducing moves are banned
|clearpoke
|poke|p1|Torkoal, M|
|poke|p1|Walking Wake|
|poke|p1|Cinderace, F|
|poke|p1|Lilligant-Hisui, F|
|poke|p1|Arcanine-Hisui, M|
|poke|p1|Raging Bolt|
|poke|p2|Ninetales-Alola, M|
|poke|p2|Mamoswine, F|
|poke|p2|Lapras, F|
|poke|p2|Crabominable, F|
|poke|p2|Froslass, F|
|poke|p2|Cetitan, M|
|teampreview
|
|t:|1743849052
|start
|switch|p1a: Torkoal|Torkoal, M|100/100
|switch|p2a: Ninetales|Ninetales-Alola, M|100/100
|-weather|Snowscape|[from] ability: Snow Warning|[of] p2a: Ninetales
|-weather|SunnyDay|[from] ability: Drought|[of] p1a: Torkoal
|turn|1
|inactive|Battle timer is ON: inactive players will automatically lose when time's up. (requested by Pompey Magnus)
|inactive|Xstyr has 120 seconds left.
|
|t:|1743849084
|switch|p2a: Lapras|Lapras, F|100/100
|move|p1a: Torkoal|Stealth Rock|p2a: Lapras
|-sidestart|p2: Xstyr|move: Stealth Rock
|
|-weather|SunnyDay|[upkeep]
|upkeep
|turn|2
|
|t:|1743849097
|switch|p1a: Lilligant|Lilligant-Hisui, F|100/100
|move|p2a: Lapras|Snowscape|p2a: Lapras
|-weather|Snowscape
|
|-weather|Snowscape|[upkeep]
|upkeep
|turn|3
|
|t:|1743849115
|switch|p1a: Torkoal|Torkoal, M|100/100
|-weather|SunnyDay|[from] ability: Drought|[of] p1a: Torkoal
|move|p2a: Lapras|Freeze-Dry|p1a: Torkoal
|-resisted|p1a: Torkoal
|-damage|p1a: Torkoal|89/100
|
|-weather|SunnyDay|[upkeep]
|upkeep
|turn|4
|
|t:|1743849139
|move|p2a: Lapras|Snowscape|p2a: Lapras
|-weather|Snowscape
|move|p1a: Torkoal|Will-O-Wisp|p2a: Lapras|[miss]
|-miss|p1a: Torkoal|p2a: Lapras
|
|-weather|Snowscape|[upkeep]
|upkeep
|turn|5
|
|t:|1743849146
|move|p2a: Lapras|Freeze-Dry|p1a: Torkoal
|-resisted|p1a: Torkoal
|-damage|p1a: Torkoal|78/100
|move|p1a: Torkoal|Will-O-Wisp|p2a: Lapras|[miss]
|-miss|p1a: Torkoal|p2a: Lapras
|
|-weather|Snowscape|[upkeep]
|upkeep
|turn|6
|
|t:|1743849153
|move|p2a: Lapras|Surf|p1a: Torkoal
|-supereffective|p1a: Torkoal
|-damage|p1a: Torkoal|28/100
|move|p1a: Torkoal|Will-O-Wisp|p2a: Lapras
|-status|p2a: Lapras|brn
|
|-weather|Snowscape|[upkeep]
|-damage|p2a: Lapras|94/100 brn|[from] brn
|upkeep
|turn|7
|
|t:|1743849166
|switch|p1a: Lilligant|Lilligant-Hisui, F|100/100
|move|p2a: Lapras|Surf|p1a: Lilligant
|-resisted|p1a: Lilligant
|-damage|p1a: Lilligant|79/100
|
|-weather|Snowscape|[upkeep]
|-heal|p2a: Lapras|100/100 brn|[from] item: Leftovers
|-damage|p2a: Lapras|94/100 brn|[from] brn
|upkeep
|turn|8
|
|t:|1743849176
|move|p1a: Lilligant|Solar Blade||[still]
|-prepare|p1a: Lilligant|Solar Blade
|move|p2a: Lapras|Freeze-Dry|p1a: Lilligant
|-supereffective|p1a: Lilligant
|-damage|p1a: Lilligant|7/100
|
|-weather|none
|-heal|p2a: Lapras|100/100 brn|[from] item: Leftovers
|-damage|p2a: Lapras|94/100 brn|[from] brn
|upkeep
|turn|9
|
|t:|1743849195
|move|p1a: Lilligant|Solar Blade|p2a: Lapras|[from] lockedmove
|-supereffective|p2a: Lapras
|-damage|p2a: Lapras|0 fnt
|faint|p2a: Lapras
|
|upkeep
|
|t:|1743849205
|switch|p2a: Ninetales|Ninetales-Alola, M|100/100
|-damage|p2a: Ninetales|75/100|[from] Stealth Rock
|-weather|Snowscape|[from] ability: Snow Warning|[of] p2a: Ninetales
|turn|10
|
|t:|1743849216
|switch|p1a: Walking Wake|Walking Wake|100/100
|move|p2a: Ninetales|Aurora Veil|p2a: Ninetales
|-sidestart|p2: Xstyr|move: Aurora Veil
|
|-weather|Snowscape|[upkeep]
|upkeep
|turn|11
|
|t:|1743849226
|move|p1a: Walking Wake|Weather Ball|p2a: Ninetales
|-resisted|p2a: Ninetales
|-damage|p2a: Ninetales|63/100
|-damage|p1a: Walking Wake|90/100|[from] item: Life Orb
|move|p2a: Ninetales|Moonblast|p1a: Walking Wake
|-supereffective|p1a: Walking Wake
|-damage|p1a: Walking Wake|8/100
|
|-weather|Snowscape|[upkeep]
|upkeep
|turn|12
|
|t:|1743849238
|move|p1a: Walking Wake|Hydro Steam|p2a: Ninetales
|-damage|p2a: Ninetales|31/100
|-damage|p1a: Walking Wake|0 fnt|[from] item: Life Orb
|faint|p1a: Walking Wake
|-end|p1a: Walking Wake|Protosynthesis|[silent]
|move|p2a: Ninetales|Blizzard|p1: Walking Wake|[notarget]
|-fail|p2a: Ninetales
|
|-weather|Snowscape|[upkeep]
|upkeep
|
|t:|1743849247
|switch|p1a: Arcanine|Arcanine-Hisui, M|100/100
|turn|13
|
|t:|1743849255
|move|p2a: Ninetales|Moonblast|p1a: Arcanine
|-resisted|p1a: Arcanine
|-damage|p1a: Arcanine|78/100
|move|p1a: Arcanine|Flare Blitz|p2a: Ninetales
|-supereffective|p2a: Ninetales
|-damage|p2a: Ninetales|0 fnt
|faint|p2a: Ninetales
|
|-weather|Snowscape|[upkeep]
|upkeep
|
|t:|1743849263
|switch|p2a: Mamoswine|Mamoswine, F|100/100
|-damage|p2a: Mamoswine|88/100|[from] Stealth Rock
|turn|14
|
|t:|1743849274
|move|p1a: Arcanine|Flare Blitz|p2a: Mamoswine
|-supereffective|p2a: Mamoswine
|-damage|p2a: Mamoswine|68/100
|-status|p2a: Mamoswine|brn
|-enditem|p2a: Mamoswine|Weakness Policy
|-boost|p2a: Mamoswine|atk|2|[from] item: Weakness Policy
|-boost|p2a: Mamoswine|spa|2|[from] item: Weakness Policy
|move|p2a: Mamoswine|Earthquake|p1a: Arcanine
|-supereffective|p1a: Arcanine
|-damage|p1a: Arcanine|0 fnt
|faint|p1a: Arcanine
|
|-weather|none
|-damage|p2a: Mamoswine|62/100 brn|[from] brn
|upkeep
|
|t:|1743849285
|switch|p1a: Torkoal|Torkoal, M|28/100
|-weather|SunnyDay|[from] ability: Drought|[of] p1a: Torkoal
|turn|15
|
|t:|1743849291
|move|p2a: Mamoswine|Earthquake|p1a: Torkoal
|-supereffective|p1a: Torkoal
|-damage|p1a: Torkoal|0 fnt
|faint|p1a: Torkoal
|
|-weather|SunnyDay|[upkeep]
|-damage|p2a: Mamoswine|56/100 brn|[from] brn
|upkeep
|
|t:|1743849299
|switch|p1a: Lilligant|Lilligant-Hisui, F|7/100
|turn|16
|
|t:|1743849302
|move|p1a: Lilligant|Solar Blade||[still]
|-prepare|p1a: Lilligant|Solar Blade
|-anim|p1a: Lilligant|Solar Blade|p2a: Mamoswine
|-supereffective|p2a: Mamoswine
|-damage|p2a: Mamoswine|0 fnt
|faint|p2a: Mamoswine
|
|-weather|SunnyDay|[upkeep]
|upkeep
|
|t:|1743849314
|switch|p2a: Froslass|Froslass, F|100/100
|-damage|p2a: Froslass|76/100|[from] Stealth Rock
|turn|17
|
|t:|1743849318
|move|p1a: Lilligant|Solar Blade||[still]
|-prepare|p1a: Lilligant|Solar Blade
|-anim|p1a: Lilligant|Solar Blade|p2a: Froslass
|-damage|p2a: Froslass|6/100
|move|p2a: Froslass|Snowscape|p2a: Froslass
|-weather|Snowscape
|
|-weather|Snowscape|[upkeep]
|-sideend|p2: Xstyr|move: Aurora Veil
|upkeep
|turn|18
|
|t:|1743849327
|switch|p1a: Raging Bolt|Raging Bolt|100/100
|-enditem|p1a: Raging Bolt|Booster Energy
|-activate|p1a: Raging Bolt|ability: Protosynthesis|[fromitem]
|-start|p1a: Raging Bolt|protosynthesisspa
|move|p2a: Froslass|Hex|p1a: Raging Bolt
|-damage|p1a: Raging Bolt|77/100
|
|-weather|Snowscape|[upkeep]
|upkeep
|turn|19
|
|t:|1743849338
|move|p1a: Raging Bolt|Thunderclap|p2a: Froslass
|-damage|p2a: Froslass|0 fnt
|faint|p2a: Froslass
|
|-weather|Snowscape|[upkeep]
|upkeep
|
|t:|1743849342
|switch|p2a: Cetitan|Cetitan, M|100/100
|-damage|p2a: Cetitan|76/100|[from] Stealth Rock
|turn|20
|
|t:|1743849360
|-terastallize|p1a: Raging Bolt|Steel
|move|p2a: Cetitan|Belly Drum|p2a: Cetitan
|-damage|p2a: Cetitan|26/100
|-setboost|p2a: Cetitan|atk|6|[from] move: Belly Drum
|-enditem|p2a: Cetitan|Sitrus Berry|[eat]
|-heal|p2a: Cetitan|50/100|[from] item: Sitrus Berry
|move|p1a: Raging Bolt|Draco Meteor|p2a: Cetitan|[miss]
|-miss|p1a: Raging Bolt|p2a: Cetitan
|
|-weather|Snowscape|[upkeep]
|upkeep
|turn|21
|
|t:|1743849376
|move|p1a: Raging Bolt|Thunderclap|p2a: Cetitan
|-damage|p2a: Cetitan|0 fnt
|faint|p2a: Cetitan
|
|-weather|Snowscape|[upkeep]
|upkeep
|
|t:|1743849381
|switch|p2a: Crabominable|Crabominable, F|100/100
|-damage|p2a: Crabominable|88/100|[from] Stealth Rock
|turn|22
|
|t:|1743849385
|move|p1a: Raging Bolt|Thunderclap|p2a: Crabominable
|-damage|p2a: Crabominable|53/100
|move|p2a: Crabominable|Drain Punch|p1a: Raging Bolt
|-supereffective|p1a: Raging Bolt
|-damage|p1a: Raging Bolt|0 fnt
|-heal|p2a: Crabominable|93/100|[from] drain|[of] p1a: Raging Bolt
|faint|p1a: Raging Bolt
|-end|p1a: Raging Bolt|Protosynthesis|[silent]
|
|-weather|Snowscape|[upkeep]
|upkeep
|
|t:|1743849393
|switch|p1a: Cinderace|Cinderace, F|100/100
|turn|23
|
|t:|1743849397
|move|p1a: Cinderace|Pyro Ball|p2a: Crabominable
|-supereffective|p2a: Crabominable
|-damage|p2a: Crabominable|5/100
|move|p2a: Crabominable|Earthquake|p1a: Cinderace
|-supereffective|p1a: Cinderace
|-damage|p1a: Cinderace|0 fnt
|faint|p1a: Cinderace
|
|-weather|Snowscape|[upkeep]
|upkeep
|
|t:|1743849402
|switch|p1a: Lilligant|Lilligant-Hisui, F|7/100
|turn|24
|
|t:|1743849409
|move|p1a: Lilligant|Tera Blast|p2a: Crabominable
|-crit|p2a: Crabominable
|-damage|p2a: Crabominable|0 fnt
|faint|p2a: Crabominable
|
|win|Pompey Magnus
|raw|Pompey Magnus's rating: 1088 &rarr; <strong>1119</strong><br />(+31 for winning)
|raw|Xstyr's rating: 1143 &rarr; <strong>1114</strong><br />(-29 for losing)
|c|☆Xstyr|gg
|l|☆Pompey Magnus
|player|p1|
|l|☆Xstyr
|player|p2|
