|j|☆Slappedsilly28
|j|☆Nmm6
|t:|1743828355
|gametype|singles
|player|p1|Slappedsilly28|unknown|1129
|player|p2|Nmm6|1|1078
|teamsize|p1|6
|teamsize|p2|6
|gen|9
|tier|[Gen 9] OU
|rated|
|rule|HP Percentage Mod: HP is shown in percentages
|rule|Endless Battle Clause: Forcing endless battles is banned
|rule|Species Clause: Limit one of each Pokémon
|rule|OHKO Clause: OHKO moves are banned
|rule|Evasion Items Clause: Evasion items are banned
|rule|Evasion Moves Clause: Evasion moves are banned
|rule|Sleep Moves Clause: Sleep-inducing moves are banned
|clearpoke
|poke|p1|Great Tusk|
|poke|p1|Venusaur, F|
|poke|p1|Volcanion|
|poke|p1|Dragapult, M|
|poke|p1|Iron Valiant|
|poke|p1|Garganacl, M|
|poke|p2|Umbreon, M|
|poke|p2|Garchomp, M|
|poke|p2|Metagross|
|poke|p2|Gyarados, F|
|poke|p2|Espeon, M|
|poke|p2|Yanmega, M|
|teampreview
|inactive|Battle timer is ON: inactive players will automatically lose when time's up. (requested by Slappedsilly28)
|
|t:|1743828360
|start
|switch|p1a: Garganacl|Garganacl, M|100/100
|switch|p2a: Metagross|Metagross|100/100
|turn|1
|-activate|p2a: Metagross|item: Quick Claw
|
|t:|1743828371
|move|p2a: Metagross|Heavy Slam|p1a: Garganacl
|-supereffective|p1a: Garganacl
|-damage|p1a: Garganacl|74/100
|move|p1a: Garganacl|Salt Cure|p2a: Metagross
|-resisted|p2a: Metagross
|-damage|p2a: Metagross|96/100
|-start|p2a: Metagross|Salt Cure
|
|-damage|p2a: Metagross|71/100|[from] Salt Cure
|upkeep
|turn|2
|
|t:|1743828384
|switch|p2a: Espeon|Espeon, M|100/100
|move|p1a: Garganacl|Stealth Rock|p2a: Espeon
|move|p2a: Espeon|Stealth Rock|p1a: Garganacl|[from] ability: Magic Bounce
|-sidestart|p1: Slappedsilly28|move: Stealth Rock
|
|upkeep
|turn|3
|
|t:|1743828391
|move|p2a: Espeon|Calm Mind|p2a: Espeon
|-boost|p2a: Espeon|spa|1
|-boost|p2a: Espeon|spd|1
|move|p1a: Garganacl|Salt Cure|p2a: Espeon
|-damage|p2a: Espeon|82/100
|-start|p2a: Espeon|Salt Cure
|
|-damage|p2a: Espeon|70/100|[from] Salt Cure
|upkeep
|turn|4
|
|t:|1743828401
|move|p2a: Espeon|Calm Mind|p2a: Espeon
|-boost|p2a: Espeon|spa|1
|-boost|p2a: Espeon|spd|1
|move|p1a: Garganacl|Salt Cure|p2a: Espeon
|-damage|p2a: Espeon|51/100
|
|-damage|p2a: Espeon|39/100|[from] Salt Cure
|upkeep
|turn|5
|
|t:|1743828408
|move|p2a: Espeon|Draining Kiss|p1a: Garganacl
|-damage|p1a: Garganacl|44/100
|-heal|p2a: Espeon|72/100|[from] drain|[of] p1a: Garganacl
|move|p1a: Garganacl|Salt Cure|p2a: Espeon
|-damage|p2a: Espeon|53/100
|
|-damage|p2a: Espeon|41/100|[from] Salt Cure
|upkeep
|turn|6
|
|t:|1743828416
|move|p2a: Espeon|Draining Kiss|p1a: Garganacl
|-damage|p1a: Garganacl|16/100
|-heal|p2a: Espeon|73/100|[from] drain|[of] p1a: Garganacl
|-enditem|p1a: Garganacl|Aguav Berry|[eat]
|-heal|p1a: Garganacl|49/100|[from] item: Aguav Berry
|move|p1a: Garganacl|Salt Cure|p2a: Espeon
|-damage|p2a: Espeon|53/100
|
|-damage|p2a: Espeon|41/100|[from] Salt Cure
|upkeep
|turn|7
|
|t:|1743828426
|move|p2a: Espeon|Draining Kiss|p1a: Garganacl
|-crit|p1a: Garganacl
|-damage|p1a: Garganacl|2/100
|-heal|p2a: Espeon|93/100|[from] drain|[of] p1a: Garganacl
|move|p1a: Garganacl|Salt Cure|p2a: Espeon
|-crit|p2a: Espeon
|-damage|p2a: Espeon|65/100
|
|-damage|p2a: Espeon|53/100|[from] Salt Cure
|upkeep
|turn|8
|
|t:|1743828439
|move|p2a: Espeon|Stored Power|p1a: Garganacl
|-damage|p1a: Garganacl|0 fnt
|faint|p1a: Garganacl
|
|-damage|p2a: Espeon|41/100|[from] Salt Cure
|upkeep
|
|t:|1743828467
|switch|p1a: Dragapult|Dragapult, M|100/100
|-damage|p1a: Dragapult|88/100|[from] Stealth Rock
|turn|9
|
|t:|1743828473
|move|p1a: Dragapult|Phantom Force||[still]
|-prepare|p1a: Dragapult|Phantom Force
|move|p2a: Espeon|Draining Kiss|p1a: Dragapult|[miss]
|-miss|p2a: Espeon|p1a: Dragapult
|
|-damage|p2a: Espeon|29/100|[from] Salt Cure
|upkeep
|turn|10
|
|t:|1743828480
|move|p1a: Dragapult|Phantom Force|p2a: Espeon|[from] lockedmove
|-supereffective|p2a: Espeon
|-damage|p2a: Espeon|0 fnt
|faint|p2a: Espeon
|
|upkeep
|
|t:|1743828487
|switch|p2a: Umbreon|Umbreon, M, shiny|100/100
|turn|11
|
|t:|1743828492
|switch|p1a: Venusaur|Venusaur, F|100/100
|-damage|p1a: Venusaur|88/100|[from] Stealth Rock
|move|p2a: Umbreon|Toxic|p1a: Venusaur
|-immune|p1a: Venusaur
|
|-heal|p1a: Venusaur|94/100|[from] item: Leftovers
|upkeep
|turn|12
|
|t:|1743828508
|switch|p2a: Yanmega|Yanmega, M, shiny|100/100
|move|p1a: Venusaur|Toxic|p2a: Yanmega
|-status|p2a: Yanmega|tox
|
|-heal|p1a: Venusaur|100/100|[from] item: Leftovers
|-damage|p2a: Yanmega|94/100 tox|[from] psn
|upkeep
|turn|13
|
|t:|1743828526
|switch|p1a: Volcanion|Volcanion|100/100
|-damage|p1a: Volcanion|75/100|[from] Stealth Rock
|move|p2a: Yanmega|Air Slash|p1a: Volcanion
|-damage|p1a: Volcanion|38/100
|
|-damage|p2a: Yanmega|82/100 tox|[from] psn
|upkeep
|turn|14
|
|t:|1743828534
|move|p2a: Yanmega|U-turn|p1a: Volcanion
|-resisted|p1a: Volcanion
|-damage|p1a: Volcanion|23/100
|
|t:|1743828542
|switch|p2a: Gyarados|Gyarados, F, shiny|100/100|[from] U-turn
|move|p1a: Volcanion|Flamethrower|p2a: Gyarados
|-resisted|p2a: Gyarados
|-damage|p2a: Gyarados|71/100
|
|upkeep
|turn|15
|
|t:|1743828550
|move|p2a: Gyarados|Earthquake|p1a: Volcanion
|-supereffective|p1a: Volcanion
|-damage|p1a: Volcanion|0 fnt
|faint|p1a: Volcanion
|-ability|p2a: Gyarados|Moxie|boost
|-boost|p2a: Gyarados|atk|1
|
|upkeep
|
|t:|1743828564
|switch|p1a: Iron Valiant|Iron Valiant|100/100
|-damage|p1a: Iron Valiant|94/100|[from] Stealth Rock
|-enditem|p1a: Iron Valiant|Booster Energy
|-activate|p1a: Iron Valiant|ability: Quark Drive|[fromitem]
|-start|p1a: Iron Valiant|quarkdriveatk
|turn|16
|
|t:|1743828572
|move|p1a: Iron Valiant|Spirit Break|p2a: Gyarados
|-damage|p2a: Gyarados|2/100
|-unboost|p2a: Gyarados|spa|1
|move|p2a: Gyarados|Earthquake|p1a: Iron Valiant
|-damage|p1a: Iron Valiant|32/100
|
|upkeep
|turn|17
|
|t:|1743828590
|switch|p2a: Metagross|Metagross|71/100
|move|p1a: Iron Valiant|Spirit Break|p2a: Metagross
|-resisted|p2a: Metagross
|-damage|p2a: Metagross|53/100
|
|upkeep
|turn|18
|
|t:|1743828600
|move|p1a: Iron Valiant|Shadow Sneak|p2a: Metagross
|-supereffective|p2a: Metagross
|-damage|p2a: Metagross|26/100
|move|p2a: Metagross|Psychic Fangs|p1a: Iron Valiant
|-supereffective|p1a: Iron Valiant
|-crit|p1a: Iron Valiant
|-damage|p1a: Iron Valiant|0 fnt
|faint|p1a: Iron Valiant
|-end|p1a: Iron Valiant|Quark Drive|[silent]
|
|upkeep
|
|t:|1743828603
|switch|p1a: Dragapult|Dragapult, M|88/100
|-damage|p1a: Dragapult|76/100|[from] Stealth Rock
|turn|19
|
|t:|1743828613
|move|p1a: Dragapult|Phantom Force||[still]
|-prepare|p1a: Dragapult|Phantom Force
|move|p2a: Metagross|Knock Off|p1a: Dragapult|[miss]
|-miss|p2a: Metagross|p1a: Dragapult
|
|upkeep
|turn|20
|
|t:|1743828620
|switch|p2a: Umbreon|Umbreon, M, shiny|100/100
|move|p1a: Dragapult|Phantom Force|p2a: Umbreon|[from] lockedmove
|-resisted|p2a: Umbreon
|-damage|p2a: Umbreon|84/100
|
|-heal|p2a: Umbreon|91/100|[from] item: Leftovers
|upkeep
|turn|21
|
|t:|1743828629
|switch|p1a: Venusaur|Venusaur, F|100/100
|-damage|p1a: Venusaur|88/100|[from] Stealth Rock
|move|p2a: Umbreon|Mean Look|p1a: Venusaur
|-activate|p1a: Venusaur|trapped
|
|-heal|p1a: Venusaur|94/100|[from] item: Leftovers
|-heal|p2a: Umbreon|97/100|[from] item: Leftovers
|upkeep
|turn|22
|
|t:|1743828639
|switch|p2a: Gyarados|Gyarados, F, shiny|2/100
|move|p1a: Venusaur|Leech Seed|p2a: Gyarados
|-start|p2a: Gyarados|move: Leech Seed
|
|-heal|p1a: Venusaur|100/100|[from] item: Leftovers
|-damage|p2a: Gyarados|0 fnt|[from] Leech Seed|[of] p1a: Venusaur
|faint|p2a: Gyarados
|upkeep
|
|t:|1743828647
|switch|p2a: Yanmega|Yanmega, M, shiny|82/100 tox
|turn|23
|
|t:|1743828662
|-terastallize|p1a: Venusaur|Poison
|move|p2a: Yanmega|Tailwind|p2a: Yanmega
|-sidestart|p2: Nmm6|move: Tailwind
|move|p1a: Venusaur|Leech Seed|p2a: Yanmega
|-start|p2a: Yanmega|move: Leech Seed
|
|-damage|p2a: Yanmega|70/100 tox|[from] Leech Seed|[of] p1a: Venusaur
|-damage|p2a: Yanmega|64/100 tox|[from] psn
|upkeep
|turn|24
|
|t:|1743828672
|move|p2a: Yanmega|Air Slash|p1a: Venusaur
|-damage|p1a: Venusaur|70/100
|cant|p1a: Venusaur|flinch
|
|-heal|p1a: Venusaur|76/100|[from] item: Leftovers
|-damage|p2a: Yanmega|51/100 tox|[from] Leech Seed|[of] p1a: Venusaur
|-heal|p1a: Venusaur|87/100|[silent]
|-damage|p2a: Yanmega|39/100 tox|[from] psn
|upkeep
|turn|25
|
|t:|1743828681
|move|p2a: Yanmega|U-turn|p1a: Venusaur
|-resisted|p1a: Venusaur
|-damage|p1a: Venusaur|70/100
|
|t:|1743828684
|switch|p2a: Garchomp|Garchomp, M, shiny|100/100|[from] U-turn
|move|p1a: Venusaur|Sludge Bomb|p2a: Garchomp
|-resisted|p2a: Garchomp
|-damage|p2a: Garchomp|78/100
|-status|p2a: Garchomp|psn
|
|-heal|p1a: Venusaur|76/100|[from] item: Leftovers
|-damage|p2a: Garchomp|66/100 psn|[from] psn
|upkeep
|turn|26
|
|t:|1743828697
|move|p2a: Garchomp|Fire Fang|p1a: Venusaur
|-damage|p1a: Venusaur|52/100
|move|p1a: Venusaur|Leech Seed|p2a: Garchomp
|-start|p2a: Garchomp|move: Leech Seed
|
|-heal|p1a: Venusaur|58/100|[from] item: Leftovers
|-damage|p2a: Garchomp|54/100 psn|[from] Leech Seed|[of] p1a: Venusaur
|-heal|p1a: Venusaur|71/100|[silent]
|-damage|p2a: Garchomp|41/100 psn|[from] psn
|-sideend|p2: Nmm6|move: Tailwind
|upkeep
|turn|27
|
|t:|1743828707
|move|p2a: Garchomp|Dragon Rush|p1a: Venusaur
|-damage|p1a: Venusaur|20/100
|move|p1a: Venusaur|Giga Drain|p2a: Garchomp
|-damage|p2a: Garchomp|0 fnt
|-heal|p1a: Venusaur|41/100|[from] drain|[of] p2a: Garchomp
|faint|p2a: Garchomp
|
|-heal|p1a: Venusaur|47/100|[from] item: Leftovers
|upkeep
|
|t:|1743828717
|switch|p2a: Metagross|Metagross|26/100
|turn|28
|
|t:|1743828722
|move|p1a: Venusaur|Leech Seed|p2a: Metagross
|-start|p2a: Metagross|move: Leech Seed
|move|p2a: Metagross|Psychic Fangs|p1a: Venusaur
|-supereffective|p1a: Venusaur
|-damage|p1a: Venusaur|0 fnt
|faint|p1a: Venusaur
|
|upkeep
|
|t:|1743828729
|switch|p1a: Great Tusk|Great Tusk|100/100
|-damage|p1a: Great Tusk|98/100|[from] Stealth Rock
|-enditem|p1a: Great Tusk|Booster Energy
|-activate|p1a: Great Tusk|ability: Protosynthesis|[fromitem]
|-start|p1a: Great Tusk|protosynthesisspe
|turn|29
|
|t:|1743828736
|switch|p2a: Yanmega|Yanmega, M, shiny|39/100 tox
|move|p1a: Great Tusk|Earthquake|p2a: Yanmega
|-immune|p2a: Yanmega
|
|-damage|p2a: Yanmega|33/100 tox|[from] psn
|upkeep
|turn|30
|
|t:|1743828743
|move|p1a: Great Tusk|Ice Spinner|p2a: Yanmega
|-supereffective|p2a: Yanmega
|-damage|p2a: Yanmega|0 fnt
|faint|p2a: Yanmega
|
|upkeep
|
|t:|1743828749
|switch|p2a: Umbreon|Umbreon, M, shiny|97/100
|turn|31
|
|t:|1743828774
|move|p1a: Great Tusk|Bulk Up|p1a: Great Tusk
|-boost|p1a: Great Tusk|atk|1
|-boost|p1a: Great Tusk|def|1
|move|p2a: Umbreon|Toxic|p1a: Great Tusk
|-status|p1a: Great Tusk|tox
|
|-heal|p2a: Umbreon|100/100|[from] item: Leftovers
|-damage|p1a: Great Tusk|91/100 tox|[from] psn
|upkeep
|turn|32
|
|t:|1743828784
|move|p1a: Great Tusk|Earthquake|p2a: Umbreon
|-damage|p2a: Umbreon|57/100
|move|p2a: Umbreon|Foul Play|p1a: Great Tusk
|-resisted|p1a: Great Tusk
|-damage|p1a: Great Tusk|80/100 tox
|
|-heal|p2a: Umbreon|63/100|[from] item: Leftovers
|-damage|p1a: Great Tusk|67/100 tox|[from] psn
|upkeep
|turn|33
|
|t:|1743828802
|move|p1a: Great Tusk|Earthquake|p2a: Umbreon
|-damage|p2a: Umbreon|21/100
|move|p2a: Umbreon|Foul Play|p1a: Great Tusk
|-resisted|p1a: Great Tusk
|-damage|p1a: Great Tusk|55/100 tox
|
|-heal|p2a: Umbreon|27/100|[from] item: Leftovers
|-damage|p1a: Great Tusk|37/100 tox|[from] psn
|upkeep
|turn|34
|
|t:|1743828818
|move|p1a: Great Tusk|Earthquake|p2a: Umbreon
|-damage|p2a: Umbreon|0 fnt
|faint|p2a: Umbreon
|
|-damage|p1a: Great Tusk|12/100 tox|[from] psn
|upkeep
|
|t:|1743828824
|switch|p2a: Metagross|Metagross|26/100
|turn|35
|
|t:|1743828827
|move|p1a: Great Tusk|Earthquake|p2a: Metagross
|-supereffective|p2a: Metagross
|-damage|p2a: Metagross|0 fnt
|faint|p2a: Metagross
|
|win|Slappedsilly28
|raw|Slappedsilly28's rating: 1129 &rarr; <strong>1150</strong><br />(+21 for winning)
|raw|Nmm6's rating: 1078 &rarr; <strong>1059</strong><br />(-19 for losing)
|l|☆Slappedsilly28
|player|p1|
|l|☆Nmm6
|player|p2|
