|j|☆Andrewtre
|j|☆metaknight69
|t:|1743788385
|gametype|singles
|player|p1|Andrewtre|psychic-gen4|1235
|player|p2|metaknight69|nate|1222
|teamsize|p1|6
|teamsize|p2|6
|gen|9
|tier|[Gen 9] OU
|rated|
|rule|HP Percentage Mod: HP is shown in percentages
|rule|Endless Battle Clause: Forcing endless battles is banned
|rule|Species Clause: Limit one of each Pokémon
|rule|OHKO Clause: OHKO moves are banned
|rule|Evasion Items Clause: Evasion items are banned
|rule|Evasion Moves Clause: Evasion moves are banned
|rule|Sleep Moves Clause: Sleep-inducing moves are banned
|clearpoke
|poke|p1|Farigiraf, M|
|poke|p1|Golurk|
|poke|p1|Slowking, F|
|poke|p1|Gengar, M|
|poke|p1|Golduck, M|
|poke|p1|Hatterene, F|
|poke|p2|Raging Bolt|
|poke|p2|Primarina, M|
|poke|p2|Araquanid, F|
|poke|p2|Talonflame, F|
|poke|p2|Great Tusk|
|poke|p2|Kingambit, F|
|teampreview
|inactive|Battle timer is ON: inactive players will automatically lose when time's up. (requested by Andrewtre)
|
|t:|1743788398
|start
|switch|p1a: Hatty|Hatterene, F|100/100
|switch|p2a: Great Tusk|Great Tusk|100/100
|turn|1
|
|t:|1743788409
|-end|p2a: Great Tusk|Protosynthesis|[silent]
|switch|p2a: Scalpereur|Kingambit, F|100/100
|-item|p2a: Scalpereur|Air Balloon
|move|p1a: Hatty|Draining Kiss|p2a: Scalpereur
|-damage|p2a: Scalpereur|70/100
|-enditem|p2a: Scalpereur|Air Balloon
|
|upkeep
|turn|2
|
|t:|1743788420
|move|p2a: Scalpereur|Iron Head|p1a: Hatty
|-supereffective|p1a: Hatty
|-enditem|p1a: Hatty|Focus Sash
|-damage|p1a: Hatty|1/100
|cant|p1a: Hatty|flinch
|
|upkeep
|turn|3
|
|t:|1743788431
|move|p2a: Scalpereur|Iron Head|p1a: Hatty
|-supereffective|p1a: Hatty
|-damage|p1a: Hatty|0 fnt
|faint|p1a: Hatty
|
|upkeep
|
|t:|1743788434
|switch|p1a: Farigiraf|Farigiraf, M|100/100
|turn|4
|
|t:|1743788439
|-terastallize|p1a: Farigiraf|Fighting
|move|p1a: Farigiraf|Tera Blast|p2a: Scalpereur|[anim] Tera Blast Fighting
|-supereffective|p2a: Scalpereur
|-damage|p2a: Scalpereur|0 fnt
|faint|p2a: Scalpereur
|-end|p2a: Scalpereur|fallenundefined|[silent]
|-damage|p1a: Farigiraf|91/100|[from] item: Life Orb
|
|upkeep
|
|t:|1743788462
|switch|p2a: Ire-Foudre|Raging Bolt|100/100
|-enditem|p2a: Ire-Foudre|Booster Energy
|-activate|p2a: Ire-Foudre|ability: Protosynthesis|[fromitem]
|-start|p2a: Ire-Foudre|protosynthesisspa
|turn|5
|
|t:|1743788467
|move|p2a: Ire-Foudre|Calm Mind|p2a: Ire-Foudre
|-boost|p2a: Ire-Foudre|spa|1
|-boost|p2a: Ire-Foudre|spd|1
|move|p1a: Farigiraf|Tera Blast|p2a: Ire-Foudre|[anim] Tera Blast Fighting
|-damage|p2a: Ire-Foudre|61/100
|-damage|p1a: Farigiraf|81/100|[from] item: Life Orb
|
|upkeep
|turn|6
|
|t:|1743788479
|move|p2a: Ire-Foudre|Dragon Pulse|p1a: Farigiraf
|-damage|p1a: Farigiraf|0 fnt
|faint|p1a: Farigiraf
|
|upkeep
|
|t:|1743788483
|switch|p1a: Goldie|Golduck, M|100/100
|turn|7
|
|t:|1743788486
|move|p2a: Ire-Foudre|Thunderclap|p1a: Goldie
|-supereffective|p1a: Goldie
|-enditem|p1a: Goldie|Focus Sash
|-damage|p1a: Goldie|1/100
|move|p1a: Goldie|Ice Beam|p2a: Ire-Foudre
|-supereffective|p2a: Ire-Foudre
|-damage|p2a: Ire-Foudre|29/100
|
|upkeep
|turn|8
|
|t:|1743788495
|move|p2a: Ire-Foudre|Thunderclap|p1a: Goldie
|-supereffective|p1a: Goldie
|-damage|p1a: Goldie|0 fnt
|faint|p1a: Goldie
|
|upkeep
|
|t:|1743788499
|switch|p1a: Golurk|Golurk|100/100
|turn|9
|
|t:|1743788503
|move|p2a: Ire-Foudre|Dragon Pulse|p1a: Golurk
|-damage|p1a: Golurk|0 fnt
|faint|p1a: Golurk
|
|upkeep
|
|t:|1743788506
|switch|p1a: Gengar|Gengar, M|100/100
|turn|10
|
|t:|1743788508
|move|p2a: Ire-Foudre|Thunderclap|p1a: Gengar
|-damage|p1a: Gengar|0 fnt
|-start|p2a: Ire-Foudre|Disable|Thunderclap|[from] ability: Cursed Body|[of] p1a: Gengar
|faint|p1a: Gengar
|
|upkeep
|
|t:|1743788511
|switch|p1a: Queen|Slowking, F|100/100
|turn|11
|
|t:|1743788522
|-terastallize|p2a: Ire-Foudre|Fairy
|move|p2a: Ire-Foudre|Dragon Pulse|p1a: Queen
|-damage|p1a: Queen|15/100
|move|p1a: Queen|Trick Room|p1a: Queen
|-fieldstart|move: Trick Room|[of] p1a: Queen
|
|upkeep
|turn|12
|
|t:|1743788529
|move|p1a: Queen|Psychic|p2a: Ire-Foudre
|-crit|p2a: Ire-Foudre
|-damage|p2a: Ire-Foudre|0 fnt
|faint|p2a: Ire-Foudre
|-end|p2a: Ire-Foudre|Protosynthesis|[silent]
|-damage|p1a: Queen|5/100|[from] item: Life Orb
|
|upkeep
|
|t:|1743788534
|switch|p2a: Flambusard|Talonflame, F|100/100
|turn|13
|c|☆metaknight69|gg
|
|t:|1743788553
|move|p1a: Queen|Surf|p2a: Flambusard
|-supereffective|p2a: Flambusard
|-damage|p2a: Flambusard|0 fnt
|faint|p2a: Flambusard
|-damage|p1a: Queen|0 fnt|[from] item: Life Orb
|faint|p1a: Queen
|
|win|metaknight69
|raw|Andrewtre's rating: 1235 &rarr; <strong>1209</strong><br />(-26 for losing)
|raw|metaknight69's rating: 1222 &rarr; <strong>1248</strong><br />(+26 for winning)
|l|☆Andrewtre
|player|p1|
|l|☆metaknight69
|player|p2|
