|j|☆RacoonMunchingDog
|j|☆Jmoneyzzzzz
|t:|1743910671
|gametype|singles
|player|p1|RacoonMunchingDog|169|1212
|player|p2|Jmoneyzzzzz|swimmer|1195
|teamsize|p1|6
|teamsize|p2|6
|gen|9
|tier|[Gen 9] OU
|rated|
|rule|HP Percentage Mod: HP is shown in percentages
|rule|Endless Battle Clause: Forcing endless battles is banned
|rule|Species Clause: Limit one of each Pokémon
|rule|OHKO Clause: OHKO moves are banned
|rule|Evasion Items Clause: Evasion items are banned
|rule|Evasion Moves Clause: Evasion moves are banned
|rule|Sleep Moves Clause: Sleep-inducing moves are banned
|clearpoke
|poke|p1|Pelipper, M|
|poke|p1|Walking Wake|
|poke|p1|Iron Valiant|
|poke|p1|Ogerpon-Wellspring, F|
|poke|p1|Great Tusk|
|poke|p1|Samurott-Hisui, M|
|poke|p2|Garganacl, F|
|poke|p2|Zamazenta-*|
|poke|p2|Corviknight, M|
|poke|p2|Kyurem|
|poke|p2|Landorus-Therian, M|
|poke|p2|Hippowdon, F|
|teampreview
|
|t:|1743910699
|start
|switch|p1a: Suicune's Dad|Walking Wake|100/100
|switch|p2a: Hippowdon|Hippowdon, F|100/100
|-weather|Sandstorm|[from] ability: Sand Stream|[of] p2a: Hippowdon
|turn|1
|
|t:|1743910718
|move|p1a: Suicune's Dad|Hydro Steam|p2a: Hippowdon
|-supereffective|p2a: Hippowdon
|-damage|p2a: Hippowdon|11/100
|move|p2a: Hippowdon|Stealth Rock|p1a: Suicune's Dad
|-sidestart|p1: RacoonMunchingDog|move: Stealth Rock
|
|-weather|Sandstorm|[upkeep]
|-damage|p1a: Suicune's Dad|94/100|[from] Sandstorm
|upkeep
|turn|2
|
|t:|1743910724
|switch|p2a: KYRIE-UM|Kyurem|100/100
|-ability|p2a: KYRIE-UM|Pressure
|move|p1a: Suicune's Dad|Flip Turn|p2a: KYRIE-UM
|-resisted|p2a: KYRIE-UM
|-damage|p2a: KYRIE-UM|93/100
|
|t:|1743910740
|-end|p1a: Suicune's Dad|Protosynthesis|[silent]
|switch|p1a: Mega Gallade?|Iron Valiant|100/100|[from] Flip Turn
|-damage|p1a: Mega Gallade?|94/100|[from] Stealth Rock
|-enditem|p1a: Mega Gallade?|Booster Energy
|-activate|p1a: Mega Gallade?|ability: Quark Drive|[fromitem]
|-start|p1a: Mega Gallade?|quarkdrivespe
|
|-weather|Sandstorm|[upkeep]
|-damage|p1a: Mega Gallade?|88/100|[from] Sandstorm
|-damage|p2a: KYRIE-UM|87/100|[from] Sandstorm
|-heal|p2a: KYRIE-UM|93/100|[from] item: Leftovers
|upkeep
|turn|3
|
|t:|1743910747
|switch|p2a: DS3|Corviknight, M|100/100
|-ability|p2a: DS3|Pressure
|move|p1a: Mega Gallade?|Moonblast|p2a: DS3
|-resisted|p2a: DS3
|-damage|p2a: DS3|76/100
|
|-weather|Sandstorm|[upkeep]
|-damage|p1a: Mega Gallade?|82/100|[from] Sandstorm
|-heal|p2a: DS3|82/100|[from] item: Leftovers
|upkeep
|turn|4
|
|t:|1743910760
|-end|p1a: Mega Gallade?|Quark Drive|[silent]
|switch|p1a: Big Bird|Pelipper, M|100/100
|-damage|p1a: Big Bird|76/100|[from] Stealth Rock
|-weather|RainDance|[from] ability: Drizzle|[of] p1a: Big Bird
|move|p2a: DS3|U-turn|p1a: Big Bird
|-resisted|p1a: Big Bird
|-damage|p1a: Big Bird|68/100
|
|t:|1743910767
|switch|p2a: Hippowdon|Hippowdon, F|11/100|[from] U-turn
|-weather|Sandstorm|[from] ability: Sand Stream|[of] p2a: Hippowdon
|
|-weather|Sandstorm|[upkeep]
|-damage|p1a: Big Bird|62/100|[from] Sandstorm
|upkeep
|turn|5
|
|t:|1743910791
|switch|p2a: Salt Gargler|Garganacl, F|100/100
|move|p1a: Big Bird|Surf|p2a: Salt Gargler
|-supereffective|p2a: Salt Gargler
|-damage|p2a: Salt Gargler|61/100
|
|-weather|Sandstorm|[upkeep]
|-damage|p1a: Big Bird|56/100|[from] Sandstorm
|-heal|p2a: Salt Gargler|68/100|[from] item: Leftovers
|upkeep
|turn|6
|
|t:|1743910805
|move|p1a: Big Bird|U-turn|p2a: Salt Gargler
|-damage|p2a: Salt Gargler|62/100
|
|t:|1743910808
|switch|p1a: Old Donophan|Great Tusk|100/100|[from] U-turn
|-damage|p1a: Old Donophan|98/100|[from] Stealth Rock
|move|p2a: Salt Gargler|Salt Cure|p1a: Old Donophan
|-resisted|p1a: Old Donophan
|-damage|p1a: Old Donophan|95/100
|-start|p1a: Old Donophan|Salt Cure
|
|-weather|Sandstorm|[upkeep]
|-heal|p2a: Salt Gargler|68/100|[from] item: Leftovers
|-damage|p1a: Old Donophan|83/100|[from] Salt Cure
|upkeep
|turn|7
|
|t:|1743910825
|switch|p2a: DS3|Corviknight, M|82/100
|-ability|p2a: DS3|Pressure
|move|p1a: Old Donophan|Rapid Spin|p2a: DS3
|-resisted|p2a: DS3
|-damage|p2a: DS3|77/100
|-boost|p1a: Old Donophan|spe|1
|-sideend|p1: RacoonMunchingDog|Stealth Rock|[from] move: Rapid Spin|[of] p1a: Old Donophan
|
|-weather|Sandstorm|[upkeep]
|-heal|p2a: DS3|83/100|[from] item: Leftovers
|-damage|p1a: Old Donophan|70/100|[from] Salt Cure
|upkeep
|turn|8
|
|t:|1743910837
|-end|p1a: Old Donophan|Protosynthesis|[silent]
|switch|p1a: Big Bird|Pelipper, M|56/100
|-weather|RainDance|[from] ability: Drizzle|[of] p1a: Big Bird
|move|p2a: DS3|Brave Bird|p1a: Big Bird
|-damage|p1a: Big Bird|15/100
|-damage|p2a: DS3|72/100|[from] Recoil
|
|-weather|RainDance|[upkeep]
|-heal|p2a: DS3|78/100|[from] item: Leftovers
|upkeep
|turn|9
|
|t:|1743910845
|move|p2a: DS3|U-turn|p1a: Big Bird
|-resisted|p1a: Big Bird
|-damage|p1a: Big Bird|7/100
|
|t:|1743910850
|switch|p2a: KYRIE-UM|Kyurem|93/100|[from] U-turn
|-ability|p2a: KYRIE-UM|Pressure
|move|p1a: Big Bird|U-turn|p2a: KYRIE-UM
|-damage|p2a: KYRIE-UM|85/100
|
|t:|1743910855
|switch|p1a: Suicune's Dad|Walking Wake|94/100|[from] U-turn
|
|-weather|RainDance|[upkeep]
|-heal|p2a: KYRIE-UM|91/100|[from] item: Leftovers
|upkeep
|turn|10
|
|t:|1743910885
|switch|p2a: Hippowdon|Hippowdon, F|11/100
|-weather|Sandstorm|[from] ability: Sand Stream|[of] p2a: Hippowdon
|move|p1a: Suicune's Dad|Hydro Steam|p2a: Hippowdon
|-supereffective|p2a: Hippowdon
|-damage|p2a: Hippowdon|0 fnt
|faint|p2a: Hippowdon
|
|-weather|Sandstorm|[upkeep]
|-damage|p1a: Suicune's Dad|88/100|[from] Sandstorm
|upkeep
|c|☆RacoonMunchingDog|hes finally gone
|c|☆RacoonMunchingDog|hitler dead
|
|t:|1743910919
|switch|p2a: Salt Gargler|Garganacl, F|68/100
|turn|11
|
|t:|1743910946
|move|p1a: Suicune's Dad|Flip Turn|p2a: Salt Gargler
|-supereffective|p2a: Salt Gargler
|-damage|p2a: Salt Gargler|50/100
|
|t:|1743910952
|-end|p1a: Suicune's Dad|Protosynthesis|[silent]
|switch|p1a: Big Bird|Pelipper, M|7/100|[from] Flip Turn
|-weather|RainDance|[from] ability: Drizzle|[of] p1a: Big Bird
|move|p2a: Salt Gargler|Recover|p2a: Salt Gargler
|-heal|p2a: Salt Gargler|99/100
|
|-weather|RainDance|[upkeep]
|-heal|p2a: Salt Gargler|100/100|[from] item: Leftovers
|upkeep
|turn|12
|
|t:|1743910964
|move|p1a: Big Bird|Roost|p1a: Big Bird
|-heal|p1a: Big Bird|57/100
|-singleturn|p1a: Big Bird|move: Roost
|move|p2a: Salt Gargler|Salt Cure|p1a: Big Bird
|-damage|p1a: Big Bird|42/100
|-start|p1a: Big Bird|Salt Cure
|
|-weather|RainDance|[upkeep]
|-damage|p1a: Big Bird|17/100|[from] Salt Cure
|upkeep
|turn|13
|
|t:|1743910999
|move|p1a: Big Bird|U-turn|p2a: Salt Gargler
|-damage|p2a: Salt Gargler|95/100
|
|t:|1743911002
|switch|p1a: Why I Otter|Samurott-Hisui, M|100/100|[from] U-turn
|move|p2a: Salt Gargler|Salt Cure|p1a: Why I Otter
|-crit|p1a: Why I Otter
|-damage|p1a: Why I Otter|76/100
|-start|p1a: Why I Otter|Salt Cure
|
|-weather|RainDance|[upkeep]
|-heal|p2a: Salt Gargler|100/100|[from] item: Leftovers
|-damage|p1a: Why I Otter|51/100|[from] Salt Cure
|upkeep
|turn|14
|
|t:|1743911054
|-terastallize|p2a: Salt Gargler|Water
|move|p1a: Why I Otter|Razor Shell|p2a: Salt Gargler
|-resisted|p2a: Salt Gargler
|-damage|p2a: Salt Gargler|76/100
|-unboost|p2a: Salt Gargler|def|1
|move|p2a: Salt Gargler|Recover|p2a: Salt Gargler
|-heal|p2a: Salt Gargler|100/100
|
|-weather|RainDance|[upkeep]
|-damage|p1a: Why I Otter|26/100|[from] Salt Cure
|upkeep
|turn|15
|
|t:|1743911067
|switch|p1a: Sad|Ogerpon-Wellspring, F|100/100
|move|p2a: Salt Gargler|Salt Cure|p1a: Sad
|-damage|p1a: Sad|83/100
|-start|p1a: Sad|Salt Cure
|
|-weather|RainDance|[upkeep]
|-damage|p1a: Sad|58/100|[from] Salt Cure
|upkeep
|turn|16
|
|t:|1743911082
|switch|p2a: KEVIN-LOVE|Landorus-Therian, M|100/100
|-ability|p2a: KEVIN-LOVE|Intimidate|boost
|-unboost|p1a: Sad|atk|1
|move|p1a: Sad|Knock Off|p2a: KEVIN-LOVE
|-damage|p2a: KEVIN-LOVE|70/100
|-enditem|p2a: KEVIN-LOVE|Choice Scarf|[from] move: Knock Off|[of] p1a: Sad
|
|-weather|RainDance|[upkeep]
|-damage|p1a: Sad|33/100|[from] Salt Cure
|upkeep
|turn|17
|
|t:|1743911113
|switch|p1a: Why I Otter|Samurott-Hisui, M|26/100
|move|p2a: KEVIN-LOVE|U-turn|p1a: Why I Otter
|-supereffective|p1a: Why I Otter
|-damage|p1a: Why I Otter|0 fnt
|faint|p1a: Why I Otter
|inactive|Battle timer is ON: inactive players will automatically lose when time's up. (requested by RacoonMunchingDog)
|
|t:|1743911143
|switch|p2a: DS3|Corviknight, M|78/100|[from] U-turn
|-ability|p2a: DS3|Pressure
|
|-weather|RainDance|[upkeep]
|-heal|p2a: DS3|84/100|[from] item: Leftovers
|upkeep
|
|t:|1743911152
|switch|p1a: Suicune's Dad|Walking Wake|88/100
|turn|18
|
|t:|1743911166
|move|p1a: Suicune's Dad|Hydro Steam|p2a: DS3
|-damage|p2a: DS3|22/100
|move|p2a: DS3|Brave Bird|p1a: Suicune's Dad
|-crit|p1a: Suicune's Dad
|-damage|p1a: Suicune's Dad|26/100
|-damage|p2a: DS3|4/100|[from] Recoil
|
|-weather|none
|-heal|p2a: DS3|10/100|[from] item: Leftovers
|upkeep
|turn|19
|
|t:|1743911178
|move|p1a: Suicune's Dad|Flip Turn|p2a: DS3
|-damage|p2a: DS3|1/100
|
|t:|1743911181
|-end|p1a: Suicune's Dad|Protosynthesis|[silent]
|switch|p1a: Big Bird|Pelipper, M|17/100|[from] Flip Turn
|-weather|RainDance|[from] ability: Drizzle|[of] p1a: Big Bird
|move|p2a: DS3|Roost|p2a: DS3
|-heal|p2a: DS3|51/100
|-singleturn|p2a: DS3|move: Roost
|
|-weather|RainDance|[upkeep]
|-heal|p2a: DS3|57/100|[from] item: Leftovers
|upkeep
|turn|20
|
|t:|1743911206
|move|p2a: DS3|Brave Bird|p1a: Big Bird
|-damage|p1a: Big Bird|0 fnt
|faint|p1a: Big Bird
|-damage|p2a: DS3|53/100|[from] Recoil
|
|-weather|RainDance|[upkeep]
|-heal|p2a: DS3|59/100|[from] item: Leftovers
|upkeep
|
|t:|1743911213
|switch|p1a: Sad|Ogerpon-Wellspring, F|33/100
|turn|21
|
|t:|1743911225
|switch|p2a: KEVIN-LOVE|Landorus-Therian, M|70/100
|-ability|p2a: KEVIN-LOVE|Intimidate|boost
|-unboost|p1a: Sad|atk|1
|move|p1a: Sad|Ivy Cudgel|p2a: KEVIN-LOVE|[anim] Ivy Cudgel Water
|-supereffective|p2a: KEVIN-LOVE
|-damage|p2a: KEVIN-LOVE|0 fnt
|faint|p2a: KEVIN-LOVE
|
|-weather|RainDance|[upkeep]
|upkeep
|
|t:|1743911244
|switch|p2a: KYRIE-UM|Kyurem|91/100
|-ability|p2a: KYRIE-UM|Pressure
|turn|22
|
|t:|1743911255
|move|p1a: Sad|Knock Off|p2a: KYRIE-UM
|-damage|p2a: KYRIE-UM|66/100
|-enditem|p2a: KYRIE-UM|Leftovers|[from] move: Knock Off|[of] p1a: Sad
|move|p2a: KYRIE-UM|Substitute|p2a: KYRIE-UM
|-start|p2a: KYRIE-UM|Substitute
|-damage|p2a: KYRIE-UM|42/100
|
|-weather|RainDance|[upkeep]
|upkeep
|turn|23
|inactive|Jmoneyzzzzz has 120 seconds left.
|
|t:|1743911271
|move|p2a: KYRIE-UM|Protect|p2a: KYRIE-UM
|-singleturn|p2a: KYRIE-UM|Protect
|move|p1a: Sad|Ivy Cudgel|p2a: KYRIE-UM|[anim] Ivy Cudgel Water
|-activate|p2a: KYRIE-UM|move: Protect
|
|-weather|RainDance|[upkeep]
|upkeep
|turn|24
|
|t:|1743911280
|move|p1a: Sad|Ivy Cudgel|p2a: KYRIE-UM|[anim] Ivy Cudgel Water
|-resisted|p2a: KYRIE-UM
|-end|p2a: KYRIE-UM|Substitute
|move|p2a: KYRIE-UM|Freeze-Dry|p1a: Sad
|-supereffective|p1a: Sad
|-damage|p1a: Sad|0 fnt
|faint|p1a: Sad
|
|-weather|RainDance|[upkeep]
|upkeep
|
|t:|1743911293
|switch|p1a: Suicune's Dad|Walking Wake|26/100
|turn|25
|
|t:|1743911298
|move|p2a: KYRIE-UM|Protect|p2a: KYRIE-UM
|-singleturn|p2a: KYRIE-UM|Protect
|move|p1a: Suicune's Dad|Draco Meteor|p2a: KYRIE-UM
|-activate|p2a: KYRIE-UM|move: Protect
|
|-weather|RainDance|[upkeep]
|upkeep
|turn|26
|
|t:|1743911317
|move|p1a: Suicune's Dad|Hydro Steam|p2a: KYRIE-UM
|-resisted|p2a: KYRIE-UM
|-damage|p2a: KYRIE-UM|14/100
|move|p2a: KYRIE-UM|Freeze-Dry|p1a: Suicune's Dad
|-supereffective|p1a: Suicune's Dad
|-damage|p1a: Suicune's Dad|0 fnt
|faint|p1a: Suicune's Dad
|-end|p1a: Suicune's Dad|Protosynthesis|[silent]
|
|-weather|none
|upkeep
|
|t:|1743911323
|switch|p1a: Mega Gallade?|Iron Valiant|82/100
|turn|27
|
|t:|1743911332
|move|p1a: Mega Gallade?|Shadow Ball|p2a: KYRIE-UM
|-damage|p2a: KYRIE-UM|0 fnt
|faint|p2a: KYRIE-UM
|
|upkeep
|
|t:|1743911342
|switch|p2a: Salt Gargler|Garganacl, F, tera:Water|100/100
|turn|28
|
|t:|1743911356
|move|p1a: Mega Gallade?|Moonblast|p2a: Salt Gargler
|-damage|p2a: Salt Gargler|69/100
|move|p2a: Salt Gargler|Salt Cure|p1a: Mega Gallade?
|-resisted|p1a: Mega Gallade?
|-damage|p1a: Mega Gallade?|74/100
|-start|p1a: Mega Gallade?|Salt Cure
|
|-heal|p2a: Salt Gargler|75/100|[from] item: Leftovers
|-damage|p1a: Mega Gallade?|61/100|[from] Salt Cure
|upkeep
|turn|29
|
|t:|1743911368
|-end|p1a: Mega Gallade?|Quark Drive|[silent]
|switch|p1a: Old Donophan|Great Tusk|70/100
|move|p2a: Salt Gargler|Curse|p2a: Salt Gargler
|-unboost|p2a: Salt Gargler|spe|1
|-boost|p2a: Salt Gargler|atk|1
|-boost|p2a: Salt Gargler|def|1
|
|-heal|p2a: Salt Gargler|82/100|[from] item: Leftovers
|upkeep
|turn|30
|
|t:|1743911381
|-terastallize|p1a: Old Donophan|Ground
|move|p1a: Old Donophan|Headlong Rush|p2a: Salt Gargler
|-damage|p2a: Salt Gargler|47/100
|-unboost|p1a: Old Donophan|def|1
|-unboost|p1a: Old Donophan|spd|1
|move|p2a: Salt Gargler|Salt Cure|p1a: Old Donophan
|-resisted|p1a: Old Donophan
|-damage|p1a: Old Donophan|60/100
|-start|p1a: Old Donophan|Salt Cure
|
|-heal|p2a: Salt Gargler|53/100|[from] item: Leftovers
|-damage|p1a: Old Donophan|47/100|[from] Salt Cure
|upkeep
|turn|31
|
|t:|1743911395
|move|p1a: Old Donophan|Headlong Rush|p2a: Salt Gargler
|-damage|p2a: Salt Gargler|20/100
|-unboost|p1a: Old Donophan|def|1
|-unboost|p1a: Old Donophan|spd|1
|move|p2a: Salt Gargler|Recover|p2a: Salt Gargler
|-heal|p2a: Salt Gargler|70/100
|
|-heal|p2a: Salt Gargler|76/100|[from] item: Leftovers
|-damage|p1a: Old Donophan|35/100|[from] Salt Cure
|upkeep
|turn|32
|
|t:|1743911406
|-end|p1a: Old Donophan|Protosynthesis|[silent]
|switch|p1a: Mega Gallade?|Iron Valiant|61/100
|switch|p2a: DS3|Corviknight, M|59/100
|-ability|p2a: DS3|Pressure
|
|-heal|p2a: DS3|65/100|[from] item: Leftovers
|upkeep
|turn|33
|
|t:|1743911414
|move|p1a: Mega Gallade?|Shadow Ball|p2a: DS3
|-damage|p2a: DS3|41/100
|move|p2a: DS3|Brave Bird|p1a: Mega Gallade?
|-supereffective|p1a: Mega Gallade?
|-damage|p1a: Mega Gallade?|0 fnt
|faint|p1a: Mega Gallade?
|-end|p1a: Mega Gallade?|Quark Drive|[silent]
|-damage|p2a: DS3|26/100|[from] Recoil
|
|-heal|p2a: DS3|32/100|[from] item: Leftovers
|upkeep
|
|t:|1743911417
|switch|p1a: Old Donophan|Great Tusk, tera:Ground|35/100
|turn|34
|
|t:|1743911424
|move|p1a: Old Donophan|Ice Spinner|p2a: DS3
|-damage|p2a: DS3|16/100
|move|p2a: DS3|Brave Bird|p1a: Old Donophan
|-damage|p1a: Old Donophan|7/100
|-damage|p2a: DS3|8/100|[from] Recoil
|
|-heal|p2a: DS3|14/100|[from] item: Leftovers
|upkeep
|turn|35
|
|t:|1743911431
|move|p1a: Old Donophan|Ice Spinner|p2a: DS3
|-damage|p2a: DS3|0 fnt
|faint|p2a: DS3
|
|upkeep
|
|t:|1743911436
|switch|p2a: Salt Gargler|Garganacl, F, tera:Water|76/100
|turn|36
|
|t:|1743911442
|move|p1a: Old Donophan|Headlong Rush|p2a: Salt Gargler
|-damage|p2a: Salt Gargler|22/100
|-unboost|p1a: Old Donophan|def|1
|-unboost|p1a: Old Donophan|spd|1
|move|p2a: Salt Gargler|Salt Cure|p1a: Old Donophan
|-resisted|p1a: Old Donophan
|-damage|p1a: Old Donophan|0 fnt
|faint|p1a: Old Donophan
|-end|p1a: Old Donophan|Protosynthesis|[silent]
|
|win|Jmoneyzzzzz
|raw|RacoonMunchingDog's rating: 1212 &rarr; <strong>1186</strong><br />(-26 for losing)
|raw|Jmoneyzzzzz's rating: 1195 &rarr; <strong>1221</strong><br />(+26 for winning)
|l|☆RacoonMunchingDog
|player|p1|
