|j|☆Quintesshou
|j|☆Blicki
|t:|1743876840
|gametype|singles
|player|p1|Quintesshou|clerkf|1087
|player|p2|Blicki|harlequin|1081
|teamsize|p1|6
|teamsize|p2|6
|gen|9
|tier|[Gen 9] OU
|rated|
|rule|HP Percentage Mod: HP is shown in percentages
|rule|Endless Battle Clause: Forcing endless battles is banned
|rule|Species Clause: Limit one of each Pokémon
|rule|OHKO Clause: OHKO moves are banned
|rule|Evasion Items Clause: Evasion items are banned
|rule|Evasion Moves Clause: Evasion moves are banned
|rule|Sleep Moves Clause: Sleep-inducing moves are banned
|clearpoke
|poke|p1|Ninetales-Alola, F|
|poke|p1|Frosmoth, F|
|poke|p1|Cetitan, F|
|poke|p1|Glaceon, F|
|poke|p1|Dewgong, F|
|poke|p1|Abomasnow, F|
|poke|p2|Porygon-Z|
|poke|p2|Spidops, M|
|poke|p2|Grimmsnarl, M|
|poke|p2|Skeledirge, M|
|poke|p2|Hydrapple, M|
|poke|p2|Araquanid, M|
|teampreview
|inactive|Battle timer is ON: inactive players will automatically lose when time's up. (requested by Quintesshou)
|
|t:|1743876851
|start
|switch|p1a: Glaceon|Glaceon, F, shiny|100/100
|switch|p2a: Druggy|Grimmsnarl, M, shiny|100/100
|turn|1
|
|t:|1743876866
|switch|p1a: Ninetales|Ninetales-Alola, F, shiny|100/100
|-weather|Snowscape|[from] ability: Snow Warning|[of] p1a: Ninetales
|move|p2a: Druggy|Light Screen|p2a: Druggy
|-sidestart|p2: Blicki|move: Light Screen
|
|-weather|Snowscape|[upkeep]
|upkeep
|turn|2
|j| Rhrbbehdhsbbs
|
|t:|1743876876
|move|p2a: Druggy|Reflect|p2a: Druggy
|-sidestart|p2: Blicki|Reflect
|move|p1a: Ninetales|Aurora Veil|p1a: Ninetales
|-sidestart|p1: Quintesshou|move: Aurora Veil
|
|-weather|Snowscape|[upkeep]
|upkeep
|turn|3
|
|t:|1743876884
|switch|p1a: Frosmoth|Frosmoth, F, shiny|100/100
|move|p2a: Druggy|Parting Shot|p1a: Frosmoth
|-unboost|p1a: Frosmoth|atk|1
|-unboost|p1a: Frosmoth|spa|1
|
|t:|1743876887
|switch|p2a: 200 pump|Porygon-Z, shiny|100/100|[from] Parting Shot
|
|-weather|Snowscape|[upkeep]
|upkeep
|turn|4
|
|t:|1743876892
|move|p2a: 200 pump|Agility|p2a: 200 pump
|-boost|p2a: 200 pump|spe|2
|move|p1a: Frosmoth|Defog|p2a: 200 pump
|-unboost|p2a: 200 pump|evasion|1
|-sideend|p2: Blicki|Reflect
|-sideend|p2: Blicki|move: Light Screen
|
|-weather|Snowscape|[upkeep]
|upkeep
|turn|5
|
|t:|1743876913
|switch|p1a: Dewgong|Dewgong, F, shiny|100/100
|move|p2a: 200 pump|Nasty Plot|p2a: 200 pump
|-boost|p2a: 200 pump|spa|2
|
|-weather|none
|upkeep
|turn|6
|
|t:|1743876921
|-terastallize|p2a: 200 pump|Normal
|move|p2a: 200 pump|Tri Attack|p1a: Dewgong
|-damage|p1a: Dewgong|45/100
|move|p1a: Dewgong|Perish Song|p1a: Dewgong
|-start|p1a: Dewgong|perish3|[silent]
|-start|p2a: 200 pump|perish3|[silent]
|-fieldactivate|move: Perish Song
|
|-heal|p1a: Dewgong|52/100|[from] item: Leftovers
|-start|p2a: 200 pump|perish3
|-start|p1a: Dewgong|perish3
|upkeep
|turn|7
|
|t:|1743876932
|switch|p2a: Hydrapple|Hydrapple, M, shiny|100/100
|move|p1a: Dewgong|Protect||[still]
|-fail|p1a: Dewgong
|
|-heal|p1a: Dewgong|58/100|[from] item: Leftovers
|-start|p1a: Dewgong|perish2
|upkeep
|turn|8
|
|t:|1743876943
|switch|p1a: Glaceon|Glaceon, F, shiny|100/100
|move|p2a: Hydrapple|Draco Meteor|p1a: Glaceon
|-damage|p1a: Glaceon|66/100
|-unboost|p2a: Hydrapple|spa|2
|
|upkeep
|turn|9
|
|t:|1743876950
|move|p1a: Glaceon|Freeze-Dry|p2a: Hydrapple
|-supereffective|p2a: Hydrapple
|-damage|p2a: Hydrapple|0 fnt
|faint|p2a: Hydrapple
|-damage|p1a: Glaceon|56/100|[from] item: Life Orb
|
|-sideend|p1: Quintesshou|move: Aurora Veil
|upkeep
|
|t:|1743876955
|switch|p2a: Skeledirge|Skeledirge, M, shiny|100/100
|turn|10
|
|t:|1743876968
|switch|p1a: Abomasnow|Abomasnow, F, shiny|100/100
|-weather|Snowscape|[from] ability: Snow Warning|[of] p1a: Abomasnow
|move|p2a: Skeledirge|Fire Fang|p1a: Abomasnow
|-supereffective|p1a: Abomasnow
|-damage|p1a: Abomasnow|46/100
|
|-weather|Snowscape|[upkeep]
|upkeep
|turn|11
|
|t:|1743876977
|move|p2a: Skeledirge|Fire Fang|p1a: Abomasnow
|-supereffective|p1a: Abomasnow
|-crit|p1a: Abomasnow
|-damage|p1a: Abomasnow|0 fnt
|faint|p1a: Abomasnow
|
|-weather|Snowscape|[upkeep]
|upkeep
|
|t:|1743876983
|switch|p1a: Cetitan|Cetitan, F, shiny|100/100
|turn|12
|
|t:|1743876988
|-terastallize|p1a: Cetitan|Fire
|move|p1a: Cetitan|Belly Drum|p1a: Cetitan
|-damage|p1a: Cetitan|50/100
|-setboost|p1a: Cetitan|atk|6|[from] move: Belly Drum
|-enditem|p1a: Cetitan|Sitrus Berry|[eat]
|-heal|p1a: Cetitan|75/100|[from] item: Sitrus Berry
|move|p2a: Skeledirge|Fire Fang|p1a: Cetitan
|-resisted|p1a: Cetitan
|-damage|p1a: Cetitan|67/100
|
|-weather|Snowscape|[upkeep]
|upkeep
|turn|13
|
|t:|1743877008
|move|p1a: Cetitan|Knock Off|p2a: Skeledirge
|-supereffective|p2a: Skeledirge
|-damage|p2a: Skeledirge|43/100
|-enditem|p2a: Skeledirge|Leftovers|[from] move: Knock Off|[of] p1a: Cetitan
|move|p2a: Skeledirge|Earthquake|p1a: Cetitan
|-supereffective|p1a: Cetitan
|-damage|p1a: Cetitan|28/100
|
|-weather|Snowscape|[upkeep]
|upkeep
|turn|14
|
|t:|1743877016
|move|p1a: Cetitan|Earthquake|p2a: Skeledirge
|-supereffective|p2a: Skeledirge
|-damage|p2a: Skeledirge|0 fnt
|faint|p2a: Skeledirge
|
|-weather|Snowscape|[upkeep]
|upkeep
|
|t:|1743877020
|switch|p2a: Araquanid|Araquanid, M, shiny|100/100
|turn|15
|
|t:|1743877039
|move|p1a: Cetitan|Knock Off|p2a: Araquanid
|-damage|p2a: Araquanid|0 fnt
|-enditem|p2a: Araquanid|Leftovers|[from] move: Knock Off|[of] p1a: Cetitan
|faint|p2a: Araquanid
|
|-weather|Snowscape|[upkeep]
|upkeep
|
|t:|1743877042
|switch|p2a: Spidops|Spidops, M, shiny|100/100
|turn|16
|
|t:|1743877060
|move|p1a: Cetitan|Knock Off|p2a: Spidops
|-enditem|p2a: Spidops|Focus Sash
|-damage|p2a: Spidops|1/100
|move|p2a: Spidops|Counter|p1a: Cetitan
|-damage|p1a: Cetitan|0 fnt
|faint|p1a: Cetitan
|
|-weather|Snowscape|[upkeep]
|upkeep
|
|t:|1743877073
|switch|p1a: Dewgong|Dewgong, F, shiny|58/100
|turn|17
|
|t:|1743877076
|move|p1a: Dewgong|Whirlpool|p2a: Spidops
|-damage|p2a: Spidops|0 fnt
|faint|p2a: Spidops
|
|-weather|none
|-heal|p1a: Dewgong|64/100|[from] item: Leftovers
|upkeep
|
|t:|1743877079
|switch|p2a: Druggy|Grimmsnarl, M, shiny|100/100
|turn|18
|
|t:|1743877097
|switch|p1a: Ninetales|Ninetales-Alola, F, shiny|100/100
|-weather|Snowscape|[from] ability: Snow Warning|[of] p1a: Ninetales
|move|p2a: Druggy|Light Screen|p2a: Druggy
|-sidestart|p2: Blicki|move: Light Screen
|
|-weather|Snowscape|[upkeep]
|upkeep
|turn|19
|
|t:|1743877103
|move|p2a: Druggy|Reflect|p2a: Druggy
|-sidestart|p2: Blicki|Reflect
|move|p1a: Ninetales|Aurora Veil|p1a: Ninetales
|-sidestart|p1: Quintesshou|move: Aurora Veil
|
|-weather|Snowscape|[upkeep]
|upkeep
|turn|20
|
|t:|1743877108
|switch|p1a: Frosmoth|Frosmoth, F, shiny|100/100
|move|p2a: Druggy|Parting Shot|p1a: Frosmoth
|-unboost|p1a: Frosmoth|atk|1
|-unboost|p1a: Frosmoth|spa|1
|
|t:|1743877111
|switch|p2a: 200 pump|Porygon-Z, shiny, tera:Normal|100/100|[from] Parting Shot
|
|-weather|Snowscape|[upkeep]
|upkeep
|turn|21
|
|t:|1743877117
|move|p2a: 200 pump|Nasty Plot|p2a: 200 pump
|-boost|p2a: 200 pump|spa|2
|move|p1a: Frosmoth|Defog|p2a: 200 pump
|-unboost|p2a: 200 pump|evasion|1
|-sideend|p2: Blicki|Reflect
|-sideend|p2: Blicki|move: Light Screen
|
|-weather|Snowscape|[upkeep]
|upkeep
|turn|22
|
|t:|1743877125
|move|p2a: 200 pump|Agility|p2a: 200 pump
|-boost|p2a: 200 pump|spe|2
|move|p1a: Frosmoth|Quiver Dance|p1a: Frosmoth
|-boost|p1a: Frosmoth|spa|1
|-boost|p1a: Frosmoth|spd|1
|-boost|p1a: Frosmoth|spe|1
|
|-weather|none
|upkeep
|turn|23
|
|t:|1743877133
|move|p2a: 200 pump|Tri Attack|p1a: Frosmoth
|-damage|p1a: Frosmoth|81/100
|move|p1a: Frosmoth|Quiver Dance|p1a: Frosmoth
|-boost|p1a: Frosmoth|spa|1
|-boost|p1a: Frosmoth|spd|1
|-boost|p1a: Frosmoth|spe|1
|
|upkeep
|turn|24
|
|t:|1743877140
|move|p2a: 200 pump|Dark Pulse|p1a: Frosmoth
|-damage|p1a: Frosmoth|75/100
|move|p1a: Frosmoth|Quiver Dance|p1a: Frosmoth
|-boost|p1a: Frosmoth|spa|1
|-boost|p1a: Frosmoth|spd|1
|-boost|p1a: Frosmoth|spe|1
|
|upkeep
|turn|25
|
|t:|1743877146
|move|p2a: 200 pump|Tri Attack|p1a: Frosmoth
|-damage|p1a: Frosmoth|63/100
|move|p1a: Frosmoth|Quiver Dance|p1a: Frosmoth
|-boost|p1a: Frosmoth|spa|1
|-boost|p1a: Frosmoth|spd|1
|-boost|p1a: Frosmoth|spe|1
|
|upkeep
|turn|26
|
|t:|1743877153
|move|p2a: 200 pump|Tri Attack|p1a: Frosmoth
|-damage|p1a: Frosmoth|54/100
|move|p1a: Frosmoth|Quiver Dance|p1a: Frosmoth
|-boost|p1a: Frosmoth|spa|1
|-boost|p1a: Frosmoth|spd|1
|-boost|p1a: Frosmoth|spe|1
|
|-sideend|p1: Quintesshou|move: Aurora Veil
|upkeep
|turn|27
|
|t:|1743877163
|move|p1a: Frosmoth|Quiver Dance|p1a: Frosmoth
|-boost|p1a: Frosmoth|spa|1
|-boost|p1a: Frosmoth|spd|1
|-boost|p1a: Frosmoth|spe|1
|move|p2a: 200 pump|Nasty Plot|p2a: 200 pump
|-boost|p2a: 200 pump|spa|2
|
|upkeep
|turn|28
|
|t:|1743877172
|move|p1a: Frosmoth|Bug Buzz|p2a: 200 pump
|-damage|p2a: 200 pump|0 fnt
|faint|p2a: 200 pump
|
|upkeep
|-message|Blicki forfeited.
|
|win|Quintesshou
|raw|Quintesshou's rating: 1087 &rarr; <strong>1113</strong><br />(+26 for winning)
|raw|Blicki's rating: 1081 &rarr; <strong>1059</strong><br />(-22 for losing)
|l|☆Blicki
|player|p2|
|l|☆Quintesshou
|player|p1|
|l| Rhrbbehdhsbbs
