|j|☆baleful kix
|j|☆sleepdeprevation
|t:|1743830122
|gametype|singles
|player|p1|baleful kix|punkgirl-masters|1223
|player|p2|sleepdeprevation|ruinmaniac|1256
|teamsize|p1|6
|teamsize|p2|6
|gen|9
|tier|[Gen 9] OU
|rated|
|rule|HP Percentage Mod: HP is shown in percentages
|rule|Endless Battle Clause: Forcing endless battles is banned
|rule|Species Clause: Limit one of each Pokémon
|rule|OHKO Clause: OHKO moves are banned
|rule|Evasion Items Clause: Evasion items are banned
|rule|Evasion Moves Clause: Evasion moves are banned
|rule|Sleep Moves Clause: Sleep-inducing moves are banned
|clearpoke
|poke|p1|Lokix, M|
|poke|p1|Alomomola, F|
|poke|p1|Gliscor, M|
|poke|p1|Pecharunt|
|poke|p1|Darkrai|
|poke|p1|Ting-Lu|
|poke|p2|Hydrapple, M|
|poke|p2|Excadrill, M|
|poke|p2|Hippowdon, F|
|poke|p2|Garganacl, M|
|poke|p2|Samurott-Hisui, F|
|poke|p2|Skeledirge, M|
|teampreview
|inactive|Battle timer is ON: inactive players will automatically lose when time's up. (requested by sleepdeprevation)
|
|t:|1743830142
|start
|switch|p1a: Alomomola|Alomomola, F|100/100
|switch|p2a: Garganacl|Garganacl, M|100/100
|turn|1
|
|t:|1743830157
|move|p1a: Alomomola|Flip Turn|p2a: Garganacl
|-supereffective|p2a: Garganacl
|-damage|p2a: Garganacl|79/100
|
|t:|1743830164
|switch|p1a: Ting-Lu|Ting-Lu|100/100|[from] Flip Turn
|-ability|p1a: Ting-Lu|Vessel of Ruin
|move|p2a: Garganacl|Curse|p2a: Garganacl
|-unboost|p2a: Garganacl|spe|1
|-boost|p2a: Garganacl|atk|1
|-boost|p2a: Garganacl|def|1
|
|-heal|p2a: Garganacl|85/100|[from] item: Leftovers
|upkeep
|turn|2
|
|t:|1743830169
|move|p1a: Ting-Lu|Stealth Rock|p2a: Garganacl
|-sidestart|p2: sleepdeprevation|move: Stealth Rock
|move|p2a: Garganacl|Ice Punch|p1a: Ting-Lu
|-supereffective|p1a: Ting-Lu
|-damage|p1a: Ting-Lu|71/100
|
|-heal|p2a: Garganacl|92/100|[from] item: Leftovers
|upkeep
|turn|3
|
|t:|1743830175
|move|p2a: Garganacl|Salt Cure|p1a: Ting-Lu
|-resisted|p1a: Ting-Lu
|-damage|p1a: Ting-Lu|65/100
|-start|p1a: Ting-Lu|Salt Cure
|move|p1a: Ting-Lu|Whirlwind|p2a: Garganacl
|drag|p2a: Samurott|Samurott-Hisui, F|100/100
|-damage|p2a: Samurott|88/100|[from] Stealth Rock
|
|-damage|p1a: Ting-Lu|53/100|[from] Salt Cure
|upkeep
|turn|4
|
|t:|1743830180
|switch|p1a: Alomomola|Alomomola, F|100/100
|move|p2a: Samurott|Ceaseless Edge|p1a: Alomomola
|-damage|p1a: Alomomola|78/100
|-sidestart|p1: baleful kix|Spikes
|
|upkeep
|turn|5
|
|t:|1743830187
|move|p2a: Samurott|Ceaseless Edge|p1a: Alomomola
|-damage|p1a: Alomomola|55/100
|-sidestart|p1: baleful kix|Spikes
|move|p1a: Alomomola|Flip Turn|p2a: Samurott
|-resisted|p2a: Samurott
|-damage|p2a: Samurott|77/100
|
|t:|1743830191
|switch|p1a: Lokix|Lokix, M|100/100|[from] Flip Turn
|
|upkeep
|turn|6
|
|t:|1743830199
|switch|p2a: Skeledirge|Skeledirge, M|100/100
|move|p1a: Lokix|U-turn|p2a: Skeledirge
|-resisted|p2a: Skeledirge
|-damage|p2a: Skeledirge|91/100
|
|t:|1743830202
|switch|p1a: Darkrai|Darkrai|100/100|[from] U-turn
|
|upkeep
|turn|7
|
|t:|1743830208
|switch|p2a: Hippowdon|Hippowdon, F|100/100
|-damage|p2a: Hippowdon|94/100|[from] Stealth Rock
|-weather|Sandstorm|[from] ability: Sand Stream|[of] p2a: Hippowdon
|move|p1a: Darkrai|Knock Off|p2a: Hippowdon
|-damage|p2a: Hippowdon|71/100
|-enditem|p2a: Hippowdon|Leftovers|[from] move: Knock Off|[of] p1a: Darkrai
|
|-weather|Sandstorm|[upkeep]
|-damage|p1a: Darkrai|94/100|[from] Sandstorm
|upkeep
|turn|8
|
|t:|1743830216
|move|p1a: Darkrai|Ice Beam|p2a: Hippowdon
|-supereffective|p2a: Hippowdon
|-damage|p2a: Hippowdon|25/100
|move|p2a: Hippowdon|Stealth Rock|p1a: Darkrai
|-sidestart|p1: baleful kix|move: Stealth Rock
|
|-weather|Sandstorm|[upkeep]
|-damage|p1a: Darkrai|88/100|[from] Sandstorm
|upkeep
|turn|9
|
|t:|1743830223
|switch|p2a: Garganacl|Garganacl, M|92/100
|-damage|p2a: Garganacl|79/100|[from] Stealth Rock
|move|p1a: Darkrai|Ice Beam|p2a: Garganacl
|-damage|p2a: Garganacl|65/100
|
|-weather|Sandstorm|[upkeep]
|-damage|p1a: Darkrai|82/100|[from] Sandstorm
|-heal|p2a: Garganacl|71/100|[from] item: Leftovers
|upkeep
|turn|10
|
|t:|1743830237
|switch|p1a: Gliscor|Gliscor, M|100/100
|-damage|p1a: Gliscor|88/100|[from] Stealth Rock
|move|p2a: Garganacl|Salt Cure|p1a: Gliscor
|-damage|p1a: Gliscor|78/100
|-start|p1a: Gliscor|Salt Cure
|
|-weather|Sandstorm|[upkeep]
|-heal|p2a: Garganacl|77/100|[from] item: Leftovers
|-damage|p1a: Gliscor|65/100|[from] Salt Cure
|-status|p1a: Gliscor|tox|[from] item: Toxic Orb
|upkeep
|turn|11
|inactive|baleful kix has 120 seconds left.
|
|t:|1743830271
|move|p1a: Gliscor|Earthquake|p2a: Garganacl
|-supereffective|p2a: Garganacl
|-damage|p2a: Garganacl|34/100
|move|p2a: Garganacl|Curse|p2a: Garganacl
|-unboost|p2a: Garganacl|spe|1
|-boost|p2a: Garganacl|atk|1
|-boost|p2a: Garganacl|def|1
|
|-weather|none
|-heal|p2a: Garganacl|40/100|[from] item: Leftovers
|-heal|p1a: Gliscor|78/100 tox|[from] ability: Poison Heal
|-damage|p1a: Gliscor|65/100 tox|[from] Salt Cure
|upkeep
|turn|12
|
|t:|1743830276
|switch|p1a: Ting-Lu|Ting-Lu|53/100
|-ability|p1a: Ting-Lu|Vessel of Ruin
|move|p2a: Garganacl|Recover|p2a: Garganacl
|-heal|p2a: Garganacl|90/100
|
|-heal|p2a: Garganacl|96/100|[from] item: Leftovers
|upkeep
|turn|13
|
|t:|1743830280
|move|p2a: Garganacl|Ice Punch|p1a: Ting-Lu
|-supereffective|p1a: Ting-Lu
|-damage|p1a: Ting-Lu|26/100
|move|p1a: Ting-Lu|Whirlwind|p2a: Garganacl
|drag|p2a: Samurott|Samurott-Hisui, F|77/100
|-damage|p2a: Samurott|65/100|[from] Stealth Rock
|
|upkeep
|turn|14
|
|t:|1743830286
|switch|p1a: Alomomola|Alomomola, F|88/100
|move|p2a: Samurott|Knock Off|p1a: Alomomola
|-damage|p1a: Alomomola|64/100
|-enditem|p1a: Alomomola|Heavy-Duty Boots|[from] move: Knock Off|[of] p2a: Samurott
|
|upkeep
|turn|15
|
|t:|1743830292
|move|p2a: Samurott|Ceaseless Edge|p1a: Alomomola|[miss]
|-miss|p2a: Samurott|p1a: Alomomola
|move|p1a: Alomomola|Wish|p1a: Alomomola
|
|upkeep
|turn|16
|
|t:|1743830296
|move|p2a: Samurott|Ceaseless Edge|p1a: Alomomola
|-crit|p1a: Alomomola
|-damage|p1a: Alomomola|30/100
|-sidestart|p1: baleful kix|Spikes
|move|p1a: Alomomola|Flip Turn|p2a: Samurott
|-resisted|p2a: Samurott
|-damage|p2a: Samurott|55/100
|
|t:|1743830298
|switch|p1a: Ting-Lu|Ting-Lu|26/100|[from] Flip Turn
|-ability|p1a: Ting-Lu|Vessel of Ruin
|
|-heal|p1a: Ting-Lu|78/100|[from] move: Wish|[wisher] Alomomola
|upkeep
|turn|17
|
|t:|1743830304
|move|p2a: Samurott|Razor Shell|p1a: Ting-Lu
|-supereffective|p1a: Ting-Lu
|-damage|p1a: Ting-Lu|11/100
|-unboost|p1a: Ting-Lu|def|1
|move|p1a: Ting-Lu|Earthquake|p2a: Samurott
|-damage|p2a: Samurott|7/100
|
|upkeep
|turn|18
|
|t:|1743830319
|switch|p1a: Alomomola|Alomomola, F|63/100
|-damage|p1a: Alomomola|38/100|[from] Spikes
|-damage|p1a: Alomomola|26/100|[from] Stealth Rock
|move|p2a: Samurott|Knock Off|p1a: Alomomola
|-damage|p1a: Alomomola|11/100
|
|upkeep
|turn|19
|
|t:|1743830327
|move|p1a: Alomomola|Protect|p1a: Alomomola
|-singleturn|p1a: Alomomola|Protect
|move|p2a: Samurott|Knock Off|p1a: Alomomola
|-activate|p1a: Alomomola|move: Protect
|
|upkeep
|turn|20
|
|t:|1743830333
|move|p2a: Samurott|Knock Off|p1a: Alomomola
|-crit|p1a: Alomomola
|-damage|p1a: Alomomola|0 fnt
|faint|p1a: Alomomola
|
|upkeep
|
|t:|1743830335
|switch|p1a: Lokix|Lokix, M|100/100
|turn|21
|
|t:|1743830339
|switch|p2a: Skeledirge|Skeledirge, M|91/100
|move|p1a: Lokix|Knock Off|p2a: Skeledirge
|-supereffective|p2a: Skeledirge
|-damage|p2a: Skeledirge|36/100
|-enditem|p2a: Skeledirge|Heavy-Duty Boots|[from] move: Knock Off|[of] p1a: Lokix
|
|upkeep
|turn|22
|
|t:|1743830343
|move|p1a: Lokix|Knock Off|p2a: Skeledirge
|-supereffective|p2a: Skeledirge
|-damage|p2a: Skeledirge|1/100
|move|p2a: Skeledirge|Slack Off|p2a: Skeledirge
|-heal|p2a: Skeledirge|51/100
|
|upkeep
|turn|23
|
|t:|1743830347
|move|p1a: Lokix|U-turn|p2a: Skeledirge
|-resisted|p2a: Skeledirge
|-damage|p2a: Skeledirge|42/100
|
|t:|1743830351
|switch|p1a: Gliscor|Gliscor, M|65/100 tox|[from] U-turn
|-damage|p1a: Gliscor|53/100 tox|[from] Stealth Rock
|move|p2a: Skeledirge|Slack Off|p2a: Skeledirge
|-heal|p2a: Skeledirge|92/100
|
|-heal|p1a: Gliscor|65/100 tox|[from] ability: Poison Heal
|upkeep
|turn|24
|
|t:|1743830359
|switch|p2a: Excadrill|Excadrill, M|100/100
|-damage|p2a: Excadrill|97/100|[from] Stealth Rock
|-item|p2a: Excadrill|Air Balloon
|move|p1a: Gliscor|Toxic|p2a: Excadrill
|-immune|p2a: Excadrill
|
|-heal|p1a: Gliscor|78/100 tox|[from] ability: Poison Heal
|upkeep
|turn|25
|
|t:|1743830379
|switch|p1a: Pecharunt|Pecharunt|100/100
|move|p2a: Excadrill|Rapid Spin|p1a: Pecharunt
|-immune|p1a: Pecharunt
|
|upkeep
|turn|26
|
|t:|1743830390
|-terastallize|p1a: Pecharunt|Ghost
|move|p2a: Excadrill|Earthquake|p1a: Pecharunt
|-damage|p1a: Pecharunt|64/100
|move|p1a: Pecharunt|Hex|p2a: Excadrill
|-damage|p2a: Excadrill|54/100
|-enditem|p2a: Excadrill|Air Balloon
|
|upkeep
|turn|27
|
|t:|1743830395
|move|p1a: Pecharunt|Hex|p2a: Excadrill
|-damage|p2a: Excadrill|7/100
|move|p2a: Excadrill|Swords Dance|p2a: Excadrill
|-boost|p2a: Excadrill|atk|2
|
|upkeep
|turn|28
|
|t:|1743830402
|move|p1a: Pecharunt|Hex|p2a: Excadrill
|-damage|p2a: Excadrill|0 fnt
|faint|p2a: Excadrill
|
|upkeep
|
|t:|1743830408
|switch|p2a: Garganacl|Garganacl, M|96/100
|-damage|p2a: Garganacl|84/100|[from] Stealth Rock
|turn|29
|
|t:|1743830414
|switch|p1a: Ting-Lu|Ting-Lu|11/100
|-ability|p1a: Ting-Lu|Vessel of Ruin
|move|p2a: Garganacl|Curse|p2a: Garganacl
|-unboost|p2a: Garganacl|spe|1
|-boost|p2a: Garganacl|atk|1
|-boost|p2a: Garganacl|def|1
|
|-heal|p2a: Garganacl|90/100|[from] item: Leftovers
|upkeep
|turn|30
|
|t:|1743830423
|move|p1a: Ting-Lu|Ruination|p2a: Garganacl
|-damage|p2a: Garganacl|45/100
|move|p2a: Garganacl|Recover|p2a: Garganacl
|-heal|p2a: Garganacl|95/100
|
|-heal|p2a: Garganacl|100/100|[from] item: Leftovers
|upkeep
|turn|31
|
|t:|1743830427
|move|p1a: Ting-Lu|Ruination|p2a: Garganacl
|-damage|p2a: Garganacl|50/100
|move|p2a: Garganacl|Ice Punch|p1a: Ting-Lu
|-supereffective|p1a: Ting-Lu
|-damage|p1a: Ting-Lu|0 fnt
|faint|p1a: Ting-Lu
|
|-heal|p2a: Garganacl|57/100|[from] item: Leftovers
|upkeep
|
|t:|1743830435
|switch|p1a: Darkrai|Darkrai|82/100
|turn|32
|
|t:|1743830438
|move|p1a: Darkrai|Dark Pulse|p2a: Garganacl
|-damage|p2a: Garganacl|29/100
|cant|p2a: Garganacl|flinch
|
|-heal|p2a: Garganacl|35/100|[from] item: Leftovers
|upkeep
|turn|33
|
|t:|1743830441
|move|p1a: Darkrai|Dark Pulse|p2a: Garganacl
|-damage|p2a: Garganacl|6/100
|move|p2a: Garganacl|Recover|p2a: Garganacl
|-heal|p2a: Garganacl|56/100
|
|-heal|p2a: Garganacl|62/100|[from] item: Leftovers
|upkeep
|turn|34
|
|t:|1743830451
|move|p1a: Darkrai|Dark Pulse|p2a: Garganacl
|-damage|p2a: Garganacl|30/100
|move|p2a: Garganacl|Recover|p2a: Garganacl
|-heal|p2a: Garganacl|80/100
|
|-heal|p2a: Garganacl|86/100|[from] item: Leftovers
|upkeep
|turn|35
|
|t:|1743830454
|move|p1a: Darkrai|Dark Pulse|p2a: Garganacl
|-damage|p2a: Garganacl|55/100
|move|p2a: Garganacl|Salt Cure|p1a: Darkrai
|-damage|p1a: Darkrai|49/100
|-start|p1a: Darkrai|Salt Cure
|
|-heal|p2a: Garganacl|61/100|[from] item: Leftovers
|-damage|p1a: Darkrai|37/100|[from] Salt Cure
|upkeep
|turn|36
|
|t:|1743830461
|move|p1a: Darkrai|Dark Pulse|p2a: Garganacl
|-damage|p2a: Garganacl|31/100
|move|p2a: Garganacl|Curse|p2a: Garganacl
|-unboost|p2a: Garganacl|spe|1
|-boost|p2a: Garganacl|atk|1
|-boost|p2a: Garganacl|def|1
|
|-heal|p2a: Garganacl|37/100|[from] item: Leftovers
|-damage|p1a: Darkrai|24/100|[from] Salt Cure
|upkeep
|turn|37
|
|t:|1743830465
|move|p1a: Darkrai|Dark Pulse|p2a: Garganacl
|-damage|p2a: Garganacl|9/100
|move|p2a: Garganacl|Recover|p2a: Garganacl
|-heal|p2a: Garganacl|59/100
|
|-heal|p2a: Garganacl|65/100|[from] item: Leftovers
|-damage|p1a: Darkrai|12/100|[from] Salt Cure
|upkeep
|turn|38
|
|t:|1743830471
|move|p1a: Darkrai|Dark Pulse|p2a: Garganacl
|-damage|p2a: Garganacl|35/100
|move|p2a: Garganacl|Recover|p2a: Garganacl
|-heal|p2a: Garganacl|85/100
|
|-heal|p2a: Garganacl|91/100|[from] item: Leftovers
|-damage|p1a: Darkrai|0 fnt|[from] Salt Cure
|faint|p1a: Darkrai
|upkeep
|-message|baleful kix forfeited.
|
|win|sleepdeprevation
|raw|baleful kix's rating: 1223 &rarr; <strong>1200</strong><br />(-23 for losing)
|raw|sleepdeprevation's rating: 1256 &rarr; <strong>1279</strong><br />(+23 for winning)
|l|☆baleful kix
|player|p1|
|l|☆sleepdeprevation
|player|p2|
