|j|☆ikthoizzykil
|j|☆Sock3030
|t:|1743894668
|gametype|singles
|player|p1|ikthoizzykil|101|1341
|player|p2|Sock3030|caitlin|1286
|teamsize|p1|6
|teamsize|p2|6
|gen|9
|tier|[Gen 9] OU
|rated|
|rule|HP Percentage Mod: HP is shown in percentages
|rule|Endless Battle Clause: Forcing endless battles is banned
|rule|Species Clause: Limit one of each Pokémon
|rule|OHKO Clause: OHKO moves are banned
|rule|Evasion Items Clause: Evasion items are banned
|rule|Evasion Moves Clause: Evasion moves are banned
|rule|Sleep Moves Clause: Sleep-inducing moves are banned
|clearpoke
|poke|p1|Ceruledge, F|
|poke|p1|Umbreon, F|
|poke|p1|Alomomola, F|
|poke|p1|Ogerpon-Wellspring, F|
|poke|p1|Iron Treads|
|poke|p1|Thundurus-Therian, M|
|poke|p2|Garganacl, F|
|poke|p2|Raging Bolt|
|poke|p2|Glimmora, M|
|poke|p2|Latios, M|
|poke|p2|Corviknight, M|
|poke|p2|Moltres|
|teampreview
|inactive|Battle timer is ON: inactive players will automatically lose when time's up. (requested by Sock3030)
|inactive|ikthoizzykil also wants the timer to be on.
|inactive|ikthoizzykil has 120 seconds left.
|
|t:|1743894711
|start
|switch|p1a: Thundurus|Thundurus-Therian, M|100/100
|switch|p2a: Glimmora|Glimmora, M|100/100
|turn|1
|
|t:|1743894717
|move|p1a: Thundurus|Volt Switch|p2a: Glimmora
|-damage|p2a: Glimmora|21/100
|
|t:|1743894725
|switch|p1a: Iron Treads|Iron Treads|100/100|[from] Volt Switch
|move|p2a: Glimmora|Stealth Rock|p1a: Iron Treads
|-sidestart|p1: ikthoizzykil|move: Stealth Rock
|
|upkeep
|turn|2
|
|t:|1743894743
|switch|p2a: Moltres|Moltres|100/100
|move|p1a: Iron Treads|Stealth Rock|p2a: Moltres
|-sidestart|p2: Sock3030|move: Stealth Rock
|
|upkeep
|turn|3
|
|t:|1743894753
|-end|p1a: Iron Treads|Quark Drive|[silent]
|switch|p1a: Thundurus|Thundurus-Therian, M|100/100
|-damage|p1a: Thundurus|76/100|[from] Stealth Rock
|move|p2a: Moltres|Flamethrower|p1a: Thundurus
|-damage|p1a: Thundurus|20/100
|
|upkeep
|turn|4
|
|t:|1743894769
|switch|p2a: Garganacl|Garganacl, F|100/100
|-damage|p2a: Garganacl|88/100|[from] Stealth Rock
|move|p1a: Thundurus|Volt Switch|p2a: Garganacl
|-damage|p2a: Garganacl|52/100
|
|t:|1743894778
|switch|p1a: Ogerpon|Ogerpon-Wellspring, F|100/100|[from] Volt Switch
|-damage|p1a: Ogerpon|88/100|[from] Stealth Rock
|
|upkeep
|turn|5
|
|t:|1743894788
|move|p1a: Ogerpon|Ivy Cudgel|p2a: Garganacl|[anim] Ivy Cudgel Water
|-supereffective|p2a: Garganacl
|-damage|p2a: Garganacl|0 fnt
|faint|p2a: Garganacl
|
|upkeep
|
|t:|1743894792
|switch|p2a: Latios|Latios, M|100/100
|-damage|p2a: Latios|88/100|[from] Stealth Rock
|turn|6
|
|t:|1743894800
|switch|p1a: Umbreon|Umbreon, F|100/100
|-damage|p1a: Umbreon|88/100|[from] Stealth Rock
|move|p2a: Latios|Draco Meteor|p1a: Umbreon
|-damage|p1a: Umbreon|52/100
|-unboost|p2a: Latios|spa|2
|
|-heal|p1a: Umbreon|58/100|[from] item: Leftovers
|upkeep
|turn|7
|
|t:|1743894815
|switch|p2a: Glimmora|Glimmora, M|21/100
|-damage|p2a: Glimmora|9/100|[from] Stealth Rock
|move|p1a: Umbreon|Crunch|p2a: Glimmora
|-damage|p2a: Glimmora|0 fnt
|-activate|p2a: Glimmora|ability: Toxic Debris
|-sidestart|p1: ikthoizzykil|move: Toxic Spikes
|faint|p2a: Glimmora
|
|-heal|p1a: Umbreon|64/100|[from] item: Leftovers
|upkeep
|
|t:|1743894824
|switch|p2a: Corviknight|Corviknight, M|100/100
|-damage|p2a: Corviknight|88/100|[from] Stealth Rock
|-ability|p2a: Corviknight|Pressure
|turn|8
|inactive|ikthoizzykil has 120 seconds left.
|
|t:|1743894855
|switch|p1a: Iron Treads|Iron Treads|100/100
|move|p2a: Corviknight|U-turn|p1a: Iron Treads
|-resisted|p1a: Iron Treads
|-damage|p1a: Iron Treads|96/100
|
|t:|1743894883
|switch|p2a: Moltres|Moltres|100/100|[from] U-turn
|
|upkeep
|turn|9
|inactive|ikthoizzykil has 120 seconds left.
|
|t:|1743894913
|move|p1a: Iron Treads|Rapid Spin|p2a: Moltres
|-damage|p2a: Moltres|92/100
|-boost|p1a: Iron Treads|spe|1
|-sideend|p1: ikthoizzykil|Toxic Spikes|[from] move: Rapid Spin|[of] p1a: Iron Treads
|-sideend|p1: ikthoizzykil|Stealth Rock|[from] move: Rapid Spin|[of] p1a: Iron Treads
|move|p2a: Moltres|Flamethrower|p1a: Iron Treads
|-supereffective|p1a: Iron Treads
|-damage|p1a: Iron Treads|14/100
|
|upkeep
|turn|10
|
|t:|1743894921
|move|p1a: Iron Treads|Knock Off|p2a: Moltres
|-damage|p2a: Moltres|75/100
|-enditem|p2a: Moltres|Heavy-Duty Boots|[from] move: Knock Off|[of] p1a: Iron Treads
|move|p2a: Moltres|Flamethrower|p1a: Iron Treads
|-supereffective|p1a: Iron Treads
|-damage|p1a: Iron Treads|0 fnt
|faint|p1a: Iron Treads
|-end|p1a: Iron Treads|Quark Drive|[silent]
|
|upkeep
|
|t:|1743894932
|switch|p1a: Alomomola|Alomomola, F|100/100
|turn|11
|
|t:|1743894938
|move|p2a: Moltres|Will-O-Wisp|p1a: Alomomola
|-status|p1a: Alomomola|brn
|move|p1a: Alomomola|Wish|p1a: Alomomola
|
|-damage|p1a: Alomomola|94/100 brn|[from] brn
|upkeep
|turn|12
|inactive|ikthoizzykil has 120 seconds left.
|
|t:|1743894945
|move|p2a: Moltres|Will-O-Wisp|p1a: Alomomola
|-fail|p1a: Alomomola|brn
|move|p1a: Alomomola|Flip Turn|p2a: Moltres
|-supereffective|p2a: Moltres
|-damage|p2a: Moltres|64/100
|inactive|ikthoizzykil has 120 seconds left.
|
|t:|1743894951
|switch|p1a: Thundurus|Thundurus-Therian, M|20/100|[from] Flip Turn
|
|-heal|p1a: Thundurus|100/100|[from] move: Wish|[wisher] Alomomola
|upkeep
|turn|13
|-message|Sock3030 forfeited.
|
|win|ikthoizzykil
|raw|ikthoizzykil's rating: 1341 &rarr; <strong>1358</strong><br />(+17 for winning)
|raw|Sock3030's rating: 1286 &rarr; <strong>1265</strong><br />(-21 for losing)
|l|☆Sock3030
|player|p2|
