|j|☆the flats
|j|☆reduxniceyes
|t:|1743919078
|gametype|singles
|player|p1|the flats|102|1187
|player|p2|reduxniceyes|2|1128
|teamsize|p1|6
|teamsize|p2|6
|gen|9
|tier|[Gen 9] OU
|rated|
|rule|HP Percentage Mod: HP is shown in percentages
|rule|Endless Battle Clause: Forcing endless battles is banned
|rule|Species Clause: Limit one of each Pokémon
|rule|OHKO Clause: OHKO moves are banned
|rule|Evasion Items Clause: Evasion items are banned
|rule|Evasion Moves Clause: Evasion moves are banned
|rule|Sleep Moves Clause: Sleep-inducing moves are banned
|clearpoke
|poke|p1|Lokix, F|
|poke|p1|Iron Crown|
|poke|p1|Alomomola, M|
|poke|p1|Corviknight, F|
|poke|p1|Ursaluna, M|
|poke|p1|Dragapult, F|
|poke|p2|Glimmora, M|
|poke|p2|Zamazenta-*|
|poke|p2|Latias, F|
|poke|p2|Gholdengo|
|poke|p2|Dragonite, F|
|poke|p2|Weavile, F|
|teampreview
|c|☆the flats|glhf
|
|t:|1743919093
|start
|switch|p1a: Iron Crown|Iron Crown|100/100
|switch|p2a: Glimmora|Glimmora, M|100/100
|turn|1
|
|t:|1743919100
|move|p1a: Iron Crown|Tachyon Cutter|p2a: Glimmora
|-supereffective|p2a: Glimmora
|-damage|p2a: Glimmora|58/100
|-supereffective|p2a: Glimmora
|-damage|p2a: Glimmora|16/100
|-hitcount|p2a: Glimmora|2
|-enditem|p2a: Glimmora|Red Card|[of] p1a: Iron Crown
|-end|p1a: Iron Crown|Quark Drive|[silent]
|drag|p1a: Lokix|Lokix, F|100/100
|move|p2a: Glimmora|Earth Power|p1a: Lokix
|-resisted|p1a: Lokix
|-crit|p1a: Lokix
|-damage|p1a: Lokix|63/100
|-unboost|p1a: Lokix|spd|1
|
|upkeep
|turn|2
|
|t:|1743919126
|switch|p1a: Ursaluna|Ursaluna, M|100/100
|move|p2a: Glimmora|Stealth Rock|p1a: Ursaluna
|-sidestart|p1: the flats|move: Stealth Rock
|
|-status|p1a: Ursaluna|brn|[from] item: Flame Orb
|upkeep
|turn|3
|
|t:|1743919142
|move|p2a: Glimmora|Power Gem|p1a: Ursaluna
|-resisted|p1a: Ursaluna
|-damage|p1a: Ursaluna|84/100 brn
|move|p1a: Ursaluna|Fire Punch|p2a: Glimmora
|-resisted|p2a: Glimmora
|-damage|p2a: Glimmora|0 fnt
|-activate|p2a: Glimmora|ability: Toxic Debris
|-sidestart|p1: the flats|move: Toxic Spikes
|faint|p2a: Glimmora
|
|-damage|p1a: Ursaluna|77/100 brn|[from] brn
|upkeep
|
|t:|1743919173
|switch|p2a: Weavile|Weavile, F|100/100
|turn|4
|
|t:|1743919182
|switch|p1a: Corviknight|Corviknight, F|100/100
|-damage|p1a: Corviknight|88/100|[from] Stealth Rock
|-ability|p1a: Corviknight|Pressure
|move|p2a: Weavile|Triple Axel|p1a: Corviknight
|-damage|p1a: Corviknight|80/100
|-damage|p2a: Weavile|84/100|[from] item: Rocky Helmet|[of] p1a: Corviknight
|-damage|p1a: Corviknight|66/100
|-damage|p2a: Weavile|68/100|[from] item: Rocky Helmet|[of] p1a: Corviknight
|-crit|p1a: Corviknight
|-damage|p1a: Corviknight|29/100
|-damage|p2a: Weavile|51/100|[from] item: Rocky Helmet|[of] p1a: Corviknight
|-hitcount|p1a: Corviknight|3
|-damage|p2a: Weavile|41/100|[from] item: Life Orb
|
|upkeep
|turn|5
|c|☆the flats|god
|c|☆the flats|stop critting dude
|
|t:|1743919200
|move|p2a: Weavile|Knock Off|p1a: Corviknight
|-damage|p1a: Corviknight|0 fnt
|-damage|p2a: Weavile|25/100|[from] item: Rocky Helmet|[of] p1a: Corviknight
|-enditem|p1a: Corviknight|Rocky Helmet|[from] move: Knock Off|[of] p2a: Weavile
|faint|p1a: Corviknight
|-damage|p2a: Weavile|15/100|[from] item: Life Orb
|
|upkeep
|c|☆the flats|2 in 5 turns
|
|t:|1743919225
|switch|p1a: Alomomola|Alomomola, M|100/100
|turn|6
|
|t:|1743919241
|switch|p2a: Latias|Latias, F|100/100
|move|p1a: Alomomola|Flip Turn|p2a: Latias
|-resisted|p2a: Latias
|-damage|p2a: Latias|94/100
|
|t:|1743919245
|switch|p1a: Lokix|Lokix, F|63/100|[from] Flip Turn
|-damage|p1a: Lokix|39/100|[from] Stealth Rock
|-status|p1a: Lokix|psn
|
|-heal|p2a: Latias|99/100|[from] item: Leftovers
|-damage|p1a: Lokix|26/100 psn|[from] psn
|upkeep
|turn|7
|
|t:|1743919267
|switch|p2a: Zamazenta|Zamazenta|100/100
|-ability|p2a: Zamazenta|Dauntless Shield|boost
|-boost|p2a: Zamazenta|def|1
|move|p1a: Lokix|First Impression|p2a: Zamazenta
|-resisted|p2a: Zamazenta
|-damage|p2a: Zamazenta|67/100
|
|-heal|p2a: Zamazenta|73/100|[from] item: Leftovers
|-damage|p1a: Lokix|14/100 psn|[from] psn
|upkeep
|turn|8
|
|t:|1743919296
|switch|p1a: Dragapult|Dragapult, F|100/100
|move|p2a: Zamazenta|Substitute|p2a: Zamazenta
|-start|p2a: Zamazenta|Substitute
|-damage|p2a: Zamazenta|48/100
|
|-heal|p2a: Zamazenta|54/100|[from] item: Leftovers
|upkeep
|turn|9
|
|t:|1743919305
|move|p1a: Dragapult|Will-O-Wisp|p2a: Zamazenta
|-status|p2a: Zamazenta|brn
|move|p2a: Zamazenta|Crunch|p1a: Dragapult
|-supereffective|p1a: Dragapult
|-damage|p1a: Dragapult|68/100
|
|-heal|p2a: Zamazenta|60/100 brn|[from] item: Leftovers
|-damage|p2a: Zamazenta|54/100 brn|[from] brn
|upkeep
|turn|10
|
|t:|1743919329
|move|p1a: Dragapult|Hex|p2a: Zamazenta
|-damage|p2a: Zamazenta|8/100 brn
|move|p2a: Zamazenta|Crunch|p1a: Dragapult
|-supereffective|p1a: Dragapult
|-damage|p1a: Dragapult|37/100
|-unboost|p1a: Dragapult|def|1
|
|-heal|p2a: Zamazenta|14/100 brn|[from] item: Leftovers
|-damage|p2a: Zamazenta|8/100 brn|[from] brn
|upkeep
|turn|11
|
|t:|1743919339
|move|p1a: Dragapult|Hex|p2a: Zamazenta
|-damage|p2a: Zamazenta|0 fnt
|faint|p2a: Zamazenta
|
|upkeep
|
|t:|1743919367
|switch|p2a: Dragonite|Dragonite, F|100/100
|turn|12
|
|t:|1743919383
|-terastallize|p2a: Dragonite|Normal
|move|p1a: Dragapult|Will-O-Wisp|p2a: Dragonite|[miss]
|-miss|p1a: Dragapult|p2a: Dragonite
|move|p2a: Dragonite|Ice Spinner|p1a: Dragapult
|-supereffective|p1a: Dragapult
|-damage|p1a: Dragapult|0 fnt
|faint|p1a: Dragapult
|
|upkeep
|c|☆the flats|broooo
|c|☆the flats|boooo
|
|t:|1743919425
|switch|p1a: Alomomola|Alomomola, M|100/100
|turn|13
|
|t:|1743919435
|move|p2a: Dragonite|Dragon Dance|p2a: Dragonite
|-boost|p2a: Dragonite|atk|1
|-boost|p2a: Dragonite|spe|1
|move|p1a: Alomomola|Scald|p2a: Dragonite
|-damage|p2a: Dragonite|93/100
|
|upkeep
|turn|14
|
|t:|1743919464
|move|p2a: Dragonite|Extreme Speed|p1a: Alomomola
|-damage|p1a: Alomomola|63/100
|move|p1a: Alomomola|Scald|p2a: Dragonite
|-damage|p2a: Dragonite|80/100
|
|upkeep
|turn|15
|
|t:|1743919474
|-terastallize|p1a: Alomomola|Ghost
|move|p2a: Dragonite|Extreme Speed|p1a: Alomomola
|-immune|p1a: Alomomola
|move|p1a: Alomomola|Wish|p1a: Alomomola
|
|upkeep
|turn|16
|
|t:|1743919485
|move|p2a: Dragonite|Dragon Dance|p2a: Dragonite
|-boost|p2a: Dragonite|atk|1
|-boost|p2a: Dragonite|spe|1
|move|p1a: Alomomola|Scald|p2a: Dragonite
|-damage|p2a: Dragonite|66/100
|
|-heal|p1a: Alomomola|100/100|[from] move: Wish|[wisher] Alomomola
|upkeep
|turn|17
|
|t:|1743919497
|move|p2a: Dragonite|Earthquake|p1a: Alomomola
|-damage|p1a: Alomomola|56/100
|move|p1a: Alomomola|Scald|p2a: Dragonite
|-damage|p2a: Dragonite|53/100
|
|upkeep
|turn|18
|
|t:|1743919504
|move|p2a: Dragonite|Earthquake|p1a: Alomomola
|-damage|p1a: Alomomola|12/100
|move|p1a: Alomomola|Scald|p2a: Dragonite
|-damage|p2a: Dragonite|40/100
|
|upkeep
|turn|19
|c|☆the flats|5 scalds no burn
|
|t:|1743919510
|move|p2a: Dragonite|Earthquake|p1a: Alomomola
|-damage|p1a: Alomomola|0 fnt
|faint|p1a: Alomomola
|
|upkeep
|
|t:|1743919514
|switch|p1a: Ursaluna|Ursaluna, M|77/100 brn
|-damage|p1a: Ursaluna|71/100 brn|[from] Stealth Rock
|turn|20
|
|t:|1743919522
|move|p2a: Dragonite|Ice Spinner|p1a: Ursaluna
|-supereffective|p1a: Ursaluna
|-damage|p1a: Ursaluna|0 fnt
|faint|p1a: Ursaluna
|
|upkeep
|-message|the flats forfeited.
|
|win|reduxniceyes
|raw|the flats's rating: 1187 &rarr; <strong>1158</strong><br />(-29 for losing)
|raw|reduxniceyes's rating: 1128 &rarr; <strong>1157</strong><br />(+29 for winning)
|c|☆the flats|so trash
|c|☆the flats|honeestly
|l|☆reduxniceyes
|player|p2|
