|j|☆SeigneurFou
|j|☆notus126
|t:|1743852787
|gametype|singles
|player|p1|SeigneurFou|2|1668
|player|p2|notus126|dawn|1626
|teamsize|p1|6
|teamsize|p2|6
|gen|9
|tier|[Gen 9] OU
|rated|
|rule|HP Percentage Mod: HP is shown in percentages
|rule|Endless Battle Clause: Forcing endless battles is banned
|rule|Species Clause: Limit one of each Pokémon
|rule|OHKO Clause: OHKO moves are banned
|rule|Evasion Items Clause: Evasion items are banned
|rule|Evasion Moves Clause: Evasion moves are banned
|rule|Sleep Moves Clause: Sleep-inducing moves are banned
|clearpoke
|poke|p1|Pecharunt|
|poke|p1|Ting-Lu|
|poke|p1|Darkrai|
|poke|p1|Gholdengo|
|poke|p1|Dragonite, M|
|poke|p1|Zapdos|
|poke|p2|Ninetales-Alola, M|
|poke|p2|Kyurem|
|poke|p2|Iron Crown|
|poke|p2|Moltres|
|poke|p2|Iron Treads|
|poke|p2|Samurott-Hisui, M|
|teampreview
|inactive|Battle timer is ON: inactive players will automatically lose when time's up. (requested by SeigneurFou)
|
|t:|1743852815
|start
|switch|p1a: Ting-Lu|Ting-Lu|100/100
|switch|p2a: Iron Treads|Iron Treads|100/100
|-ability|p1a: Ting-Lu|Vessel of Ruin
|-enditem|p2a: Iron Treads|Booster Energy
|-activate|p2a: Iron Treads|ability: Quark Drive|[fromitem]
|-start|p2a: Iron Treads|quarkdrivespe
|turn|1
|
|t:|1743852825
|move|p2a: Iron Treads|Stealth Rock|p1a: Ting-Lu
|-sidestart|p1: SeigneurFou|move: Stealth Rock
|move|p1a: Ting-Lu|Earthquake|p2a: Iron Treads
|-supereffective|p2a: Iron Treads
|-damage|p2a: Iron Treads|38/100
|
|upkeep
|turn|2
|
|t:|1743852834
|-end|p2a: Iron Treads|Quark Drive|[silent]
|switch|p2a: Samurott|Samurott-Hisui, M|100/100
|move|p1a: Ting-Lu|Earthquake|p2a: Samurott
|-damage|p2a: Samurott|54/100
|
|upkeep
|turn|3
|
|t:|1743852842
|move|p2a: Samurott|Ceaseless Edge|p1a: Ting-Lu
|-resisted|p1a: Ting-Lu
|-damage|p1a: Ting-Lu|89/100
|-sidestart|p1: SeigneurFou|Spikes
|move|p1a: Ting-Lu|Stealth Rock|p2a: Samurott
|-sidestart|p2: notus126|move: Stealth Rock
|
|-heal|p1a: Ting-Lu|96/100|[from] item: Leftovers
|upkeep
|turn|4
|
|t:|1743852855
|move|p2a: Samurott|Ceaseless Edge|p1a: Ting-Lu
|-resisted|p1a: Ting-Lu
|-damage|p1a: Ting-Lu|83/100
|-sidestart|p1: SeigneurFou|Spikes
|move|p1a: Ting-Lu|Spikes|p2a: Samurott
|-sidestart|p2: notus126|Spikes
|
|-heal|p1a: Ting-Lu|89/100|[from] item: Leftovers
|upkeep
|turn|5
|
|t:|1743852863
|move|p2a: Samurott|Razor Shell|p1a: Ting-Lu
|-supereffective|p1a: Ting-Lu
|-damage|p1a: Ting-Lu|37/100
|move|p1a: Ting-Lu|Spikes|p2a: Samurott
|-sidestart|p2: notus126|Spikes
|
|-heal|p1a: Ting-Lu|44/100|[from] item: Leftovers
|upkeep
|turn|6
|
|t:|1743852883
|move|p2a: Samurott|Razor Shell|p1a: Ting-Lu
|-supereffective|p1a: Ting-Lu
|-damage|p1a: Ting-Lu|0 fnt
|faint|p1a: Ting-Lu
|
|upkeep
|
|t:|1743852888
|switch|p1a: Zapdos|Zapdos|100/100
|turn|7
|
|t:|1743852894
|switch|p2a: Iron Treads|Iron Treads|38/100
|-damage|p2a: Iron Treads|35/100|[from] Stealth Rock
|-damage|p2a: Iron Treads|19/100|[from] Spikes
|move|p1a: Zapdos|Discharge|p2a: Iron Treads
|-immune|p2a: Iron Treads
|
|upkeep
|turn|8
|
|t:|1743852915
|-end|p2a: Iron Treads|Quark Drive|[silent]
|switch|p2a: Moltres|Moltres|100/100
|switch|p1a: Pecharunt|Pecharunt|100/100
|
|upkeep
|turn|9
|
|t:|1743852925
|move|p1a: Pecharunt|Malignant Chain|p2a: Moltres
|-damage|p2a: Moltres|66/100
|-status|p2a: Moltres|tox
|-start|p2a: Moltres|confusion|[from] ability: Poison Puppeteer|[of] p1a: Pecharunt
|-activate|p2a: Moltres|confusion
|move|p2a: Moltres|Roar|p1a: Pecharunt
|drag|p1a: Zapdos|Zapdos|100/100
|
|-damage|p2a: Moltres|60/100 tox|[from] psn
|upkeep
|turn|10
|
|t:|1743852943
|move|p1a: Zapdos|Discharge|p2a: Moltres
|-supereffective|p2a: Moltres
|-damage|p2a: Moltres|0 fnt
|faint|p2a: Moltres
|
|upkeep
|
|t:|1743852951
|switch|p2a: Ninetales|Ninetales-Alola, M|100/100
|-damage|p2a: Ninetales|76/100|[from] Stealth Rock
|-damage|p2a: Ninetales|59/100|[from] Spikes
|-weather|Snowscape|[from] ability: Snow Warning|[of] p2a: Ninetales
|turn|11
|
|t:|1743852959
|move|p2a: Ninetales|Aurora Veil|p2a: Ninetales
|-sidestart|p2: notus126|move: Aurora Veil
|move|p1a: Zapdos|Thunder Wave|p2a: Ninetales
|-status|p2a: Ninetales|par
|
|-weather|Snowscape|[upkeep]
|upkeep
|turn|12
|
|t:|1743852975
|switch|p1a: Pecharunt|Pecharunt|100/100
|move|p2a: Ninetales|Freeze-Dry|p1a: Pecharunt
|-damage|p1a: Pecharunt|79/100
|
|-weather|Snowscape|[upkeep]
|upkeep
|turn|13
|
|t:|1743852983
|switch|p1a: Zapdos|Zapdos|100/100
|switch|p2a: Iron Crown|Iron Crown|100/100
|-damage|p2a: Iron Crown|94/100|[from] Stealth Rock
|-damage|p2a: Iron Crown|78/100|[from] Spikes
|-enditem|p2a: Iron Crown|Booster Energy
|-activate|p2a: Iron Crown|ability: Quark Drive|[fromitem]
|-start|p2a: Iron Crown|quarkdrivespe
|
|-weather|Snowscape|[upkeep]
|upkeep
|turn|14
|
|t:|1743852994
|move|p2a: Iron Crown|Calm Mind|p2a: Iron Crown
|-boost|p2a: Iron Crown|spa|1
|-boost|p2a: Iron Crown|spd|1
|move|p1a: Zapdos|Thunder Wave|p2a: Iron Crown
|-status|p2a: Iron Crown|par
|
|-weather|Snowscape|[upkeep]
|upkeep
|turn|15
|
|t:|1743853002
|move|p2a: Iron Crown|Calm Mind|p2a: Iron Crown
|-boost|p2a: Iron Crown|spa|1
|-boost|p2a: Iron Crown|spd|1
|move|p1a: Zapdos|Discharge|p2a: Iron Crown
|-damage|p2a: Iron Crown|67/100 par
|
|-weather|none
|upkeep
|turn|16
|
|t:|1743853014
|cant|p2a: Iron Crown|par
|move|p1a: Zapdos|Hurricane|p2a: Iron Crown
|-resisted|p2a: Iron Crown
|-damage|p2a: Iron Crown|60/100 par
|
|upkeep
|turn|17
|
|t:|1743853021
|move|p2a: Iron Crown|Calm Mind|p2a: Iron Crown
|-boost|p2a: Iron Crown|spa|1
|-boost|p2a: Iron Crown|spd|1
|move|p1a: Zapdos|Hurricane|p2a: Iron Crown|[miss]
|-miss|p1a: Zapdos|p2a: Iron Crown
|
|upkeep
|turn|18
|
|t:|1743853028
|cant|p2a: Iron Crown|par
|move|p1a: Zapdos|Hurricane|p2a: Iron Crown
|-resisted|p2a: Iron Crown
|-damage|p2a: Iron Crown|55/100 par
|
|-sideend|p2: notus126|move: Aurora Veil
|upkeep
|turn|19
|
|t:|1743853035
|move|p2a: Iron Crown|Psyshock|p1a: Zapdos
|-damage|p1a: Zapdos|2/100
|move|p1a: Zapdos|Hurricane|p2a: Iron Crown|[miss]
|-miss|p1a: Zapdos|p2a: Iron Crown
|
|upkeep
|turn|20
|
|t:|1743853041
|cant|p2a: Iron Crown|par
|move|p1a: Zapdos|Hurricane|p2a: Iron Crown|[miss]
|-miss|p1a: Zapdos|p2a: Iron Crown
|
|upkeep
|turn|21
|
|t:|1743853047
|cant|p2a: Iron Crown|par
|move|p1a: Zapdos|Hurricane|p2a: Iron Crown
|-resisted|p2a: Iron Crown
|-damage|p2a: Iron Crown|43/100 par
|
|upkeep
|turn|22
|
|t:|1743853053
|move|p2a: Iron Crown|Tachyon Cutter|p1a: Zapdos
|-resisted|p1a: Zapdos
|-damage|p1a: Zapdos|0 fnt
|faint|p1a: Zapdos
|-hitcount|p1: Zapdos|1
|
|upkeep
|
|t:|1743853058
|switch|p1a: Darkrai|Darkrai|100/100
|turn|23
|
|t:|1743853069
|-terastallize|p2a: Iron Crown|Fighting
|move|p1a: Darkrai|Dark Pulse|p2a: Iron Crown
|-resisted|p2a: Iron Crown
|-damage|p2a: Iron Crown|35/100 par
|move|p2a: Iron Crown|Tachyon Cutter|p1a: Darkrai
|-damage|p1a: Darkrai|20/100
|-damage|p1a: Darkrai|0 fnt
|faint|p1a: Darkrai
|-hitcount|p1: Darkrai|2
|
|upkeep
|
|t:|1743853089
|switch|p1a: Dragonite|Dragonite, M|100/100
|turn|24
|
|t:|1743853092
|-terastallize|p1a: Dragonite|Fire
|move|p2a: Iron Crown|Tachyon Cutter|p1a: Dragonite
|-resisted|p1a: Dragonite
|-damage|p1a: Dragonite|87/100
|-resisted|p1a: Dragonite
|-damage|p1a: Dragonite|62/100
|-hitcount|p1a: Dragonite|2
|move|p1a: Dragonite|Flamethrower|p2a: Iron Crown
|-damage|p2a: Iron Crown|17/100 par
|
|upkeep
|turn|25
|
|t:|1743853103
|move|p2a: Iron Crown|Psyshock|p1a: Dragonite
|-damage|p1a: Dragonite|0 fnt
|faint|p1a: Dragonite
|
|upkeep
|
|t:|1743853107
|switch|p1a: Gholdengo|Gholdengo|100/100
|-damage|p1a: Gholdengo|94/100|[from] Stealth Rock
|-damage|p1a: Gholdengo|78/100|[from] Spikes
|turn|26
|
|t:|1743853117
|move|p2a: Iron Crown|Tachyon Cutter|p1a: Gholdengo
|-resisted|p1a: Gholdengo
|-damage|p1a: Gholdengo|49/100
|-resisted|p1a: Gholdengo
|-damage|p1a: Gholdengo|19/100
|-hitcount|p1a: Gholdengo|2
|move|p1a: Gholdengo|Shadow Ball|p2a: Iron Crown
|-damage|p2a: Iron Crown|4/100 par
|
|upkeep
|turn|27
|
|t:|1743853124
|move|p2a: Iron Crown|Tachyon Cutter|p1a: Gholdengo
|-resisted|p1a: Gholdengo
|-damage|p1a: Gholdengo|0 fnt
|faint|p1a: Gholdengo
|-hitcount|p1: Gholdengo|1
|
|upkeep
|-message|SeigneurFou forfeited.
|
|win|notus126
|raw|SeigneurFou's rating: 1668 &rarr; <strong>1646</strong><br />(-22 for losing)
|raw|notus126's rating: 1626 &rarr; <strong>1648</strong><br />(+22 for winning)
|l|☆SeigneurFou
|player|p1|
|l|☆notus126
|player|p2|
