|j|☆WAAHAAHEE
|j|☆Exuaswag
|t:|1743913839
|gametype|singles
|player|p1|WAAHAAHEE|2|1113
|player|p2|Exuaswag|102|1154
|teamsize|p1|6
|teamsize|p2|6
|gen|9
|tier|[Gen 9] OU
|rated|
|rule|HP Percentage Mod: HP is shown in percentages
|rule|Endless Battle Clause: Forcing endless battles is banned
|rule|Species Clause: Limit one of each Pokémon
|rule|OHKO Clause: OHKO moves are banned
|rule|Evasion Items Clause: Evasion items are banned
|rule|Evasion Moves Clause: Evasion moves are banned
|rule|Sleep Moves Clause: Sleep-inducing moves are banned
|clearpoke
|poke|p1|Tyranitar, M|
|poke|p1|Gholdengo|
|poke|p1|Excadrill, M|
|poke|p1|Clodsire, F|
|poke|p1|Ogerpon-Cornerstone, F|
|poke|p1|Gliscor, F|
|poke|p2|Gliscor, F|
|poke|p2|Ribombee, M|
|poke|p2|Gholdengo|
|poke|p2|Kyurem|
|poke|p2|Ogerpon-Wellspring, F|
|poke|p2|Cinderace, M|
|teampreview
|inactive|Battle timer is ON: inactive players will automatically lose when time's up. (requested by WAAHAAHEE)
|
|t:|1743913866
|start
|switch|p1a: Tyranitar|Tyranitar, M|100/100
|switch|p2a: Shorty|Ribombee, M|100/100
|-weather|Sandstorm|[from] ability: Sand Stream|[of] p1a: Tyranitar
|turn|1
|
|t:|1743913875
|move|p2a: Shorty|Stun Spore|p1a: Tyranitar
|-status|p1a: Tyranitar|par
|move|p1a: Tyranitar|Stealth Rock|p2a: Shorty
|-sidestart|p2: Exuaswag|move: Stealth Rock
|
|-weather|Sandstorm|[upkeep]
|-damage|p2a: Shorty|94/100|[from] Sandstorm
|upkeep
|turn|2
|
|t:|1743913883
|switch|p1a: Excadrill|Excadrill, M|100/100
|move|p2a: Shorty|Sticky Web|p1a: Excadrill
|-sidestart|p1: WAAHAAHEE|move: Sticky Web
|
|-weather|Sandstorm|[upkeep]
|-damage|p2a: Shorty|88/100|[from] Sandstorm
|upkeep
|turn|3
|
|t:|1743913894
|move|p1a: Excadrill|Rapid Spin|p2a: Shorty
|-damage|p2a: Shorty|48/100
|-boost|p1a: Excadrill|spe|1
|-sideend|p1: WAAHAAHEE|Sticky Web|[from] move: Rapid Spin|[of] p1a: Excadrill
|move|p2a: Shorty|Skill Swap|p1a: Excadrill
|-activate|p2a: Shorty|move: Skill Swap|Sand Rush|Shield Dust|[of] p1a: Excadrill
|
|-weather|Sandstorm|[upkeep]
|upkeep
|turn|4
|
|t:|1743913911
|move|p2a: Shorty|Moonblast|p1a: Excadrill
|-resisted|p1a: Excadrill
|-damage|p1a: Excadrill|74/100
|move|p1a: Excadrill|Rapid Spin|p2a: Shorty
|-damage|p2a: Shorty|7/100
|-boost|p1a: Excadrill|spe|1
|
|-weather|Sandstorm|[upkeep]
|upkeep
|turn|5
|
|t:|1743913928
|move|p2a: Shorty|Stun Spore|p1a: Excadrill
|-status|p1a: Excadrill|par
|move|p1a: Excadrill|Swords Dance|p1a: Excadrill
|-boost|p1a: Excadrill|atk|2
|
|-weather|Sandstorm|[upkeep]
|upkeep
|turn|6
|inactive|WAAHAAHEE has 120 seconds left.
|
|t:|1743913958
|move|p2a: Shorty|Moonblast|p1a: Excadrill
|-resisted|p1a: Excadrill
|-damage|p1a: Excadrill|45/100 par
|move|p1a: Excadrill|Rapid Spin|p2a: Shorty
|-damage|p2a: Shorty|0 fnt
|-boost|p1a: Excadrill|spe|1
|faint|p2a: Shorty
|
|-weather|Sandstorm|[upkeep]
|upkeep
|
|t:|1743913973
|switch|p2a: Slim Shady|Ogerpon-Wellspring, F|100/100
|-damage|p2a: Slim Shady|88/100|[from] Stealth Rock
|turn|7
|
|t:|1743913980
|switch|p1a: Clodsire|Clodsire, F|100/100
|move|p2a: Slim Shady|Ivy Cudgel|p1a: Clodsire|[anim] Ivy Cudgel Water
|-immune|p1a: Clodsire|[from] ability: Water Absorb
|
|-weather|Sandstorm|[upkeep]
|-damage|p2a: Slim Shady|82/100|[from] Sandstorm
|upkeep
|turn|8
|
|t:|1743913997
|switch|p2a: Shimo|Kyurem|100/100
|-damage|p2a: Shimo|76/100|[from] Stealth Rock
|-ability|p2a: Shimo|Pressure
|move|p1a: Clodsire|Toxic|p2a: Shimo
|-status|p2a: Shimo|tox
|
|-weather|none
|-damage|p2a: Shimo|70/100 tox|[from] psn
|upkeep
|turn|9
|
|t:|1743914009
|switch|p1a: Tyranitar|Tyranitar, M|100/100 par
|-weather|Sandstorm|[from] ability: Sand Stream|[of] p1a: Tyranitar
|move|p2a: Shimo|Icicle Spear|p1a: Tyranitar
|-damage|p1a: Tyranitar|90/100 par
|-damage|p1a: Tyranitar|80/100 par
|-damage|p1a: Tyranitar|71/100 par
|-damage|p1a: Tyranitar|61/100 par
|-damage|p1a: Tyranitar|51/100 par
|-hitcount|p1a: Tyranitar|5
|
|-weather|Sandstorm|[upkeep]
|-damage|p2a: Shimo|63/100 tox|[from] Sandstorm
|-damage|p2a: Shimo|51/100 tox|[from] psn
|upkeep
|turn|10
|
|t:|1743914028
|move|p2a: Shimo|Earth Power|p1a: Tyranitar
|-supereffective|p1a: Tyranitar
|-damage|p1a: Tyranitar|21/100 par
|move|p1a: Tyranitar|Knock Off|p2a: Shimo
|-damage|p2a: Shimo|0 fnt
|-enditem|p2a: Shimo|Loaded Dice|[from] move: Knock Off|[of] p1a: Tyranitar
|faint|p2a: Shimo
|
|-weather|Sandstorm|[upkeep]
|upkeep
|
|t:|1743914038
|switch|p2a: Scorpion|Gliscor, F, shiny|100/100
|-damage|p2a: Scorpion|88/100|[from] Stealth Rock
|turn|11
|
|t:|1743914045
|move|p2a: Scorpion|Swords Dance|p2a: Scorpion
|-boost|p2a: Scorpion|atk|2
|move|p1a: Tyranitar|Knock Off|p2a: Scorpion
|-damage|p2a: Scorpion|43/100
|-enditem|p2a: Scorpion|Toxic Orb|[from] move: Knock Off|[of] p1a: Tyranitar
|
|-weather|Sandstorm|[upkeep]
|upkeep
|turn|12
|
|t:|1743914056
|switch|p1a: Excadrill|Excadrill, M|45/100 par
|move|p2a: Scorpion|Earthquake|p1a: Excadrill
|-supereffective|p1a: Excadrill
|-damage|p1a: Excadrill|0 fnt
|faint|p1a: Excadrill
|
|-weather|Sandstorm|[upkeep]
|upkeep
|
|t:|1743914065
|switch|p1a: Gliscor|Gliscor, F|100/100
|turn|13
|
|t:|1743914069
|move|p2a: Scorpion|Dual Wingbeat|p1a: Gliscor
|-damage|p1a: Gliscor|81/100
|-damage|p1a: Gliscor|60/100
|-hitcount|p1a: Gliscor|2
|move|p1a: Gliscor|Swords Dance|p1a: Gliscor
|-boost|p1a: Gliscor|atk|2
|
|-weather|Sandstorm|[upkeep]
|-status|p1a: Gliscor|tox|[from] item: Toxic Orb
|upkeep
|turn|14
|
|t:|1743914080
|move|p1a: Gliscor|Protect|p1a: Gliscor
|-singleturn|p1a: Gliscor|Protect
|move|p2a: Scorpion|Dual Wingbeat|p1a: Gliscor
|-activate|p1a: Gliscor|move: Protect
|
|-weather|Sandstorm|[upkeep]
|-heal|p1a: Gliscor|72/100 tox|[from] ability: Poison Heal
|upkeep
|turn|15
|
|t:|1743914089
|move|p2a: Scorpion|Dual Wingbeat|p1a: Gliscor
|-damage|p1a: Gliscor|51/100 tox
|-damage|p1a: Gliscor|30/100 tox
|-hitcount|p1a: Gliscor|2
|move|p1a: Gliscor|Knock Off|p2a: Scorpion
|-damage|p2a: Scorpion|9/100
|
|-weather|Sandstorm|[upkeep]
|-heal|p1a: Gliscor|43/100 tox|[from] ability: Poison Heal
|upkeep
|turn|16
|
|t:|1743914100
|move|p1a: Gliscor|Protect|p1a: Gliscor
|-singleturn|p1a: Gliscor|Protect
|move|p2a: Scorpion|Swords Dance|p2a: Scorpion
|-boost|p2a: Scorpion|atk|2
|
|-weather|none
|-heal|p1a: Gliscor|55/100 tox|[from] ability: Poison Heal
|upkeep
|turn|17
|
|t:|1743914111
|move|p2a: Scorpion|Dual Wingbeat|p1a: Gliscor
|-damage|p1a: Gliscor|22/100 tox
|-damage|p1a: Gliscor|0 fnt
|faint|p1a: Gliscor
|-hitcount|p1: Gliscor|2
|
|upkeep
|
|t:|1743914118
|switch|p1a: Gholdengo|Gholdengo|100/100
|turn|18
|
|t:|1743914125
|move|p1a: Gholdengo|Shadow Ball|p2a: Scorpion
|-damage|p2a: Scorpion|0 fnt
|faint|p2a: Scorpion
|
|upkeep
|
|t:|1743914134
|switch|p2a: Cinderace|Cinderace, M|100/100
|-damage|p2a: Cinderace|76/100|[from] Stealth Rock
|turn|19
|
|t:|1743914141
|switch|p1a: Tyranitar|Tyranitar, M|21/100 par
|-weather|Sandstorm|[from] ability: Sand Stream|[of] p1a: Tyranitar
|move|p2a: Cinderace|Pyro Ball|p1a: Tyranitar
|-resisted|p1a: Tyranitar
|-damage|p1a: Tyranitar|0 fnt
|faint|p1a: Tyranitar
|-damage|p2a: Cinderace|66/100|[from] item: Life Orb
|
|-weather|Sandstorm|[upkeep]
|-damage|p2a: Cinderace|60/100|[from] Sandstorm
|upkeep
|
|t:|1743914156
|switch|p1a: Ogerpon|Ogerpon-Cornerstone, F|100/100
|turn|20
|
|t:|1743914180
|-terastallize|p1a: Ogerpon|Rock
|detailschange|p1a: Ogerpon|Ogerpon-Cornerstone-Tera, F, tera:Rock
|-ability|p1a: Ogerpon|Embody Aspect (Cornerstone)|boost
|-boost|p1a: Ogerpon|def|1
|move|p1a: Ogerpon|Trailblaze|p2a: Cinderace
|-resisted|p2a: Cinderace
|-damage|p2a: Cinderace|38/100
|-boost|p1a: Ogerpon|spe|1
|move|p2a: Cinderace|High Jump Kick|p1a: Ogerpon
|-start|p2a: Cinderace|typechange|Fighting|[from] ability: Libero
|-supereffective|p1a: Ogerpon
|-damage|p1a: Ogerpon|0 fnt
|faint|p1a: Ogerpon
|-damage|p2a: Cinderace|28/100|[from] item: Life Orb
|
|-weather|Sandstorm|[upkeep]
|-damage|p2a: Cinderace|22/100|[from] Sandstorm
|upkeep
|
|t:|1743914192
|switch|p1a: Gholdengo|Gholdengo|100/100
|turn|21
|
|t:|1743914203
|move|p1a: Gholdengo|Shadow Ball|p2a: Cinderace
|-damage|p2a: Cinderace|0 fnt
|faint|p2a: Cinderace
|
|-weather|Sandstorm|[upkeep]
|upkeep
|
|t:|1743914217
|switch|p2a: Slim Shady|Ogerpon-Wellspring, F|82/100
|-damage|p2a: Slim Shady|70/100|[from] Stealth Rock
|turn|22
|
|t:|1743914224
|move|p1a: Gholdengo|Shadow Ball|p2a: Slim Shady
|-damage|p2a: Slim Shady|19/100
|move|p2a: Slim Shady|Swords Dance|p2a: Slim Shady
|-boost|p2a: Slim Shady|atk|2
|
|-weather|Sandstorm|[upkeep]
|-damage|p2a: Slim Shady|13/100|[from] Sandstorm
|upkeep
|turn|23
|
|t:|1743914234
|move|p1a: Gholdengo|Shadow Ball|p2a: Slim Shady
|-damage|p2a: Slim Shady|0 fnt
|faint|p2a: Slim Shady
|
|-weather|Sandstorm|[upkeep]
|upkeep
|
|t:|1743914241
|switch|p2a: Goldylocks|Gholdengo|100/100
|-damage|p2a: Goldylocks|94/100|[from] Stealth Rock
|-item|p2a: Goldylocks|Air Balloon
|turn|24
|c|☆WAAHAAHEE|I WIN
|
|t:|1743914258
|move|p1a: Gholdengo|Shadow Ball|p2a: Goldylocks
|-supereffective|p2a: Goldylocks
|-damage|p2a: Goldylocks|0 fnt
|-enditem|p2a: Goldylocks|Air Balloon
|faint|p2a: Goldylocks
|
|win|WAAHAAHEE
|raw|WAAHAAHEE's rating: 1113 &rarr; <strong>1141</strong><br />(+28 for winning)
|raw|Exuaswag's rating: 1154 &rarr; <strong>1126</strong><br />(-28 for losing)
|l|☆WAAHAAHEE
|player|p1|
|l|☆Exuaswag
|player|p2|
