|j|☆murrrh
|j|☆Excadrillings
|t:|1743858164
|gametype|singles
|player|p1|murrrh|worker|1336
|player|p2|Excadrillings|burglar|1406
|teamsize|p1|6
|teamsize|p2|6
|gen|9
|tier|[Gen 9] OU
|rated|
|rule|HP Percentage Mod: HP is shown in percentages
|rule|Endless Battle Clause: Forcing endless battles is banned
|rule|Species Clause: Limit one of each Pokémon
|rule|OHKO Clause: OHKO moves are banned
|rule|Evasion Items Clause: Evasion items are banned
|rule|Evasion Moves Clause: Evasion moves are banned
|rule|Sleep Moves Clause: Sleep-inducing moves are banned
|clearpoke
|poke|p1|Pelipper, M|
|poke|p1|Crawdaunt, F|
|poke|p1|Clodsire, F|
|poke|p1|Kingdra, M|
|poke|p1|Corviknight, M|
|poke|p1|Tornadus-Therian, M|
|poke|p2|Scizor, M|
|poke|p2|Iron Valiant|
|poke|p2|Kyurem|
|poke|p2|Ting-Lu|
|poke|p2|Gholdengo|
|poke|p2|Deoxys-Speed|
|teampreview
|
|t:|1743858172
|start
|switch|p1a: Crawdaunt|Crawdaunt, F|100/100
|switch|p2a: Kyurem|Kyurem|100/100
|-ability|p2a: Kyurem|Pressure
|turn|1
|
|t:|1743858180
|switch|p1a: Corviknight|Corviknight, M|100/100
|move|p2a: Kyurem|Substitute|p2a: Kyurem
|-start|p2a: Kyurem|Substitute
|-damage|p2a: Kyurem|76/100
|
|upkeep
|turn|2
|
|t:|1743858188
|move|p2a: Kyurem|Dragon Dance|p2a: Kyurem
|-boost|p2a: Kyurem|atk|1
|-boost|p2a: Kyurem|spe|1
|move|p1a: Corviknight|Body Press|p2a: Kyurem
|-supereffective|p2a: Kyurem
|-end|p2a: Kyurem|Substitute
|
|upkeep
|turn|3
|
|t:|1743858197
|switch|p2a: Gholdengo|Gholdengo|100/100
|-item|p2a: Gholdengo|Air Balloon
|move|p1a: Corviknight|Body Press|p2a: Gholdengo
|-immune|p2a: Gholdengo
|
|upkeep
|turn|4
|
|t:|1743858204
|switch|p1a: Clodsire|Clodsire, F|100/100
|move|p2a: Gholdengo|Shadow Ball|p1a: Clodsire
|-damage|p1a: Clodsire|78/100
|-unboost|p1a: Clodsire|spd|1
|
|-heal|p1a: Clodsire|85/100|[from] item: Leftovers
|upkeep
|turn|5
|
|t:|1743858213
|move|p2a: Gholdengo|Nasty Plot|p2a: Gholdengo
|-boost|p2a: Gholdengo|spa|2
|move|p1a: Clodsire|Stealth Rock|p2a: Gholdengo
|-sidestart|p2: Excadrillings|move: Stealth Rock
|
|-heal|p1a: Clodsire|91/100|[from] item: Leftovers
|upkeep
|turn|6
|
|t:|1743858229
|switch|p1a: Tornadus|Tornadus-Therian, M|100/100
|move|p2a: Gholdengo|Shadow Ball|p1a: Tornadus
|-damage|p1a: Tornadus|0 fnt
|faint|p1a: Tornadus
|
|upkeep
|
|t:|1743858236
|switch|p1a: Pelipper|Pelipper, M|100/100
|-weather|RainDance|[from] ability: Drizzle|[of] p1a: Pelipper
|turn|7
|
|t:|1743858293
|switch|p1a: Clodsire|Clodsire, F|91/100
|move|p2a: Gholdengo|Shadow Ball|p1a: Clodsire
|-damage|p1a: Clodsire|40/100
|
|-weather|RainDance|[upkeep]
|-heal|p1a: Clodsire|46/100|[from] item: Leftovers
|upkeep
|turn|8
|
|t:|1743858312
|move|p2a: Gholdengo|Shadow Ball|p1a: Clodsire
|-damage|p1a: Clodsire|3/100
|move|p1a: Clodsire|Earthquake|p2a: Gholdengo
|-immune|p2a: Gholdengo
|
|-weather|RainDance|[upkeep]
|-heal|p1a: Clodsire|9/100|[from] item: Leftovers
|upkeep
|turn|9
|
|t:|1743858350
|move|p2a: Gholdengo|Nasty Plot|p2a: Gholdengo
|-boost|p2a: Gholdengo|spa|2
|move|p1a: Clodsire|Earthquake|p2a: Gholdengo
|-immune|p2a: Gholdengo
|
|-weather|RainDance|[upkeep]
|-heal|p1a: Clodsire|15/100|[from] item: Leftovers
|upkeep
|turn|10
|
|t:|1743858360
|move|p2a: Gholdengo|Shadow Ball|p1a: Clodsire
|-damage|p1a: Clodsire|0 fnt
|faint|p1a: Clodsire
|
|-weather|RainDance|[upkeep]
|upkeep
|
|t:|1743858363
|switch|p1a: Kingdra|Kingdra, M|100/100
|turn|11
|
|t:|1743858369
|switch|p2a: Ting-Lu|Ting-Lu|100/100
|-damage|p2a: Ting-Lu|94/100|[from] Stealth Rock
|-ability|p2a: Ting-Lu|Vessel of Ruin
|move|p1a: Kingdra|Weather Ball|p2a: Ting-Lu
|-supereffective|p2a: Ting-Lu
|-damage|p2a: Ting-Lu|0 fnt
|faint|p2a: Ting-Lu
|
|-weather|RainDance|[upkeep]
|upkeep
|
|t:|1743858375
|switch|p2a: Kyurem|Kyurem|76/100
|-damage|p2a: Kyurem|51/100|[from] Stealth Rock
|-ability|p2a: Kyurem|Pressure
|turn|12
|
|t:|1743858383
|-terastallize|p1a: Kingdra|Steel
|move|p1a: Kingdra|Weather Ball|p2a: Kyurem
|-resisted|p2a: Kyurem
|-damage|p2a: Kyurem|2/100
|move|p2a: Kyurem|Icicle Spear|p1a: Kingdra
|-resisted|p1a: Kingdra
|-damage|p1a: Kingdra|91/100
|-resisted|p1a: Kingdra
|-damage|p1a: Kingdra|82/100
|-resisted|p1a: Kingdra
|-damage|p1a: Kingdra|74/100
|-resisted|p1a: Kingdra
|-damage|p1a: Kingdra|65/100
|-resisted|p1a: Kingdra
|-damage|p1a: Kingdra|57/100
|-hitcount|p1a: Kingdra|5
|
|-weather|RainDance|[upkeep]
|upkeep
|turn|13
|
|t:|1743858389
|move|p1a: Kingdra|Weather Ball|p2a: Kyurem
|-resisted|p2a: Kyurem
|-damage|p2a: Kyurem|0 fnt
|faint|p2a: Kyurem
|
|-weather|RainDance|[upkeep]
|upkeep
|
|t:|1743858407
|switch|p2a: Scizor|Scizor, M|100/100
|-damage|p2a: Scizor|88/100|[from] Stealth Rock
|turn|14
|
|t:|1743858411
|move|p2a: Scizor|Bullet Punch|p1a: Kingdra
|-resisted|p1a: Kingdra
|-damage|p1a: Kingdra|35/100
|move|p1a: Kingdra|Weather Ball|p2a: Scizor
|-damage|p2a: Scizor|0 fnt
|faint|p2a: Scizor
|
|-weather|none
|upkeep
|
|t:|1743858417
|switch|p2a: Iron Valiant|Iron Valiant|100/100
|-damage|p2a: Iron Valiant|94/100|[from] Stealth Rock
|-enditem|p2a: Iron Valiant|Booster Energy
|-activate|p2a: Iron Valiant|ability: Quark Drive|[fromitem]
|-start|p2a: Iron Valiant|quarkdrivespe
|turn|15
|
|t:|1743858425
|switch|p1a: Corviknight|Corviknight, M|100/100
|move|p2a: Iron Valiant|Close Combat|p1a: Corviknight
|-damage|p1a: Corviknight|67/100
|-unboost|p2a: Iron Valiant|def|1
|-unboost|p2a: Iron Valiant|spd|1
|-damage|p2a: Iron Valiant|78/100|[from] item: Rocky Helmet|[of] p1a: Corviknight
|
|upkeep
|turn|16
|
|t:|1743858433
|move|p2a: Iron Valiant|Knock Off|p1a: Corviknight
|-damage|p1a: Corviknight|49/100
|-damage|p2a: Iron Valiant|61/100|[from] item: Rocky Helmet|[of] p1a: Corviknight
|-enditem|p1a: Corviknight|Rocky Helmet|[from] move: Knock Off|[of] p2a: Iron Valiant
|move|p1a: Corviknight|U-turn|p2a: Iron Valiant
|-resisted|p2a: Iron Valiant
|-damage|p2a: Iron Valiant|54/100
|
|t:|1743858440
|switch|p1a: Crawdaunt|Crawdaunt, F|100/100|[from] U-turn
|
|upkeep
|turn|17
|
|t:|1743858444
|move|p1a: Crawdaunt|Aqua Jet|p2a: Iron Valiant
|-damage|p2a: Iron Valiant|0 fnt
|faint|p2a: Iron Valiant
|-end|p2a: Iron Valiant|Quark Drive|[silent]
|
|upkeep
|
|t:|1743858460
|switch|p2a: Gholdengo|Gholdengo|100/100
|-damage|p2a: Gholdengo|94/100|[from] Stealth Rock
|-item|p2a: Gholdengo|Air Balloon
|turn|18
|
|t:|1743858466
|move|p1a: Crawdaunt|Aqua Jet|p2a: Gholdengo
|-damage|p2a: Gholdengo|47/100
|-enditem|p2a: Gholdengo|Air Balloon
|move|p2a: Gholdengo|Make It Rain|p1a: Crawdaunt
|-resisted|p1a: Crawdaunt
|-damage|p1a: Crawdaunt|37/100
|-unboost|p2a: Gholdengo|spa|1
|
|upkeep
|turn|19
|
|t:|1743858476
|move|p1a: Crawdaunt|Aqua Jet|p2a: Gholdengo
|-damage|p2a: Gholdengo|5/100
|move|p2a: Gholdengo|Make It Rain|p1a: Crawdaunt
|-resisted|p1a: Crawdaunt
|-damage|p1a: Crawdaunt|0 fnt
|-unboost|p2a: Gholdengo|spa|1
|faint|p1a: Crawdaunt
|
|upkeep
|
|t:|1743858483
|switch|p1a: Pelipper|Pelipper, M|100/100
|-weather|RainDance|[from] ability: Drizzle|[of] p1a: Pelipper
|turn|20
|
|t:|1743858487
|move|p2a: Gholdengo|Shadow Ball|p1a: Pelipper
|-damage|p1a: Pelipper|70/100
|move|p1a: Pelipper|U-turn|p2a: Gholdengo
|-resisted|p2a: Gholdengo
|-damage|p2a: Gholdengo|3/100
|
|t:|1743858493
|switch|p1a: Kingdra|Kingdra, M, tera:Steel|35/100|[from] U-turn
|
|-weather|RainDance|[upkeep]
|upkeep
|turn|21
|
|t:|1743858500
|move|p1a: Kingdra|Flip Turn|p2a: Gholdengo
|-damage|p2a: Gholdengo|0 fnt
|faint|p2a: Gholdengo
|
|t:|1743858504
|switch|p1a: Corviknight|Corviknight, M|49/100|[from] Flip Turn
|
|-weather|RainDance|[upkeep]
|upkeep
|
|t:|1743858505
|switch|p2a: Deoxys|Deoxys-Speed|100/100
|-damage|p2a: Deoxys|88/100|[from] Stealth Rock
|-ability|p2a: Deoxys|Pressure
|turn|22
|
|t:|1743858511
|move|p2a: Deoxys|Ice Beam|p1a: Corviknight
|-damage|p1a: Corviknight|25/100
|move|p1a: Corviknight|U-turn|p2a: Deoxys
|-supereffective|p2a: Deoxys
|-damage|p2a: Deoxys|51/100
|-enditem|p2a: Deoxys|Red Card|[of] p1a: Corviknight
|drag|p1a: Pelipper|Pelipper, M|70/100
|
|-weather|RainDance|[upkeep]
|upkeep
|turn|23
|
|t:|1743858519
|move|p2a: Deoxys|Psycho Boost|p1a: Pelipper
|-crit|p1a: Pelipper
|-damage|p1a: Pelipper|0 fnt
|-unboost|p2a: Deoxys|spa|2
|faint|p1a: Pelipper
|
|-weather|RainDance|[upkeep]
|upkeep
|
|t:|1743858525
|switch|p1a: Kingdra|Kingdra, M, tera:Steel|35/100
|turn|24
|
|t:|1743858529
|move|p1a: Kingdra|Weather Ball|p2a: Deoxys
|-damage|p2a: Deoxys|0 fnt
|faint|p2a: Deoxys
|
|win|murrrh
|raw|murrrh's rating: 1336 &rarr; <strong>1360</strong><br />(+24 for winning)
|raw|Excadrillings's rating: 1406 &rarr; <strong>1382</strong><br />(-24 for losing)
|l|☆Excadrillings
|player|p2|
