|j|☆slk n compensa
|j|☆ranshuang
|t:|1743837182
|gametype|singles
|player|p1|slk n compensa|lady|1046
|player|p2|ranshuang|caitlin|1113
|teamsize|p1|6
|teamsize|p2|6
|gen|9
|tier|[Gen 9] OU
|rated|
|rule|HP Percentage Mod: HP is shown in percentages
|rule|Endless Battle Clause: Forcing endless battles is banned
|rule|Species Clause: Limit one of each Pokémon
|rule|OHKO Clause: OHKO moves are banned
|rule|Evasion Items Clause: Evasion items are banned
|rule|Evasion Moves Clause: Evasion moves are banned
|rule|Sleep Moves Clause: Sleep-inducing moves are banned
|clearpoke
|poke|p1|Tauros-Paldea-Blaze, M|
|poke|p1|Kingambit, M|
|poke|p1|Ting-Lu|
|poke|p1|Pecharunt|
|poke|p1|Ogerpon-Wellspring, F|
|poke|p1|Great Tusk|
|poke|p2|Gholdengo|
|poke|p2|Iron Treads|
|poke|p2|Samurott-Hisui, F|
|poke|p2|Iron Valiant|
|poke|p2|Moltres|
|poke|p2|Serperior, F|
|teampreview
|inactive|Battle timer is ON: inactive players will automatically lose when time's up. (requested by ranshuang)
|inactive|slk n compensa also wants the timer to be on.
|
|t:|1743837193
|start
|switch|p1a: Ting-Lu|Ting-Lu|100/100
|switch|p2a: Samurott|Samurott-Hisui, F, shiny|100/100
|-ability|p1a: Ting-Lu|Vessel of Ruin
|turn|1
|
|t:|1743837207
|move|p2a: Samurott|Razor Shell|p1a: Ting-Lu
|-supereffective|p1a: Ting-Lu
|-damage|p1a: Ting-Lu|58/100
|move|p1a: Ting-Lu|Ruination|p2a: Samurott
|-damage|p2a: Samurott|51/100
|
|-heal|p1a: Ting-Lu|64/100|[from] item: Leftovers
|upkeep
|turn|2
|
|t:|1743837217
|move|p2a: Samurott|Razor Shell|p1a: Ting-Lu
|-supereffective|p1a: Ting-Lu
|-damage|p1a: Ting-Lu|22/100
|move|p1a: Ting-Lu|Stealth Rock|p2a: Samurott
|-sidestart|p2: ranshuang|move: Stealth Rock
|
|-heal|p1a: Ting-Lu|28/100|[from] item: Leftovers
|upkeep
|turn|3
|
|t:|1743837234
|switch|p1a: Ogerpon|Ogerpon-Wellspring, F|100/100
|move|p2a: Samurott|Ceaseless Edge|p1a: Ogerpon
|-damage|p1a: Ogerpon|57/100
|-sidestart|p1: slk n compensa|Spikes
|
|upkeep
|turn|4
|
|t:|1743837252
|move|p1a: Ogerpon|Horn Leech|p2a: Samurott
|-supereffective|p2a: Samurott
|-damage|p2a: Samurott|0 fnt
|-heal|p1a: Ogerpon|88/100|[from] drain|[of] p2a: Samurott
|faint|p2a: Samurott
|
|upkeep
|inactive|ranshuang has 120 seconds left.
|
|t:|1743837268
|switch|p2a: Serperior|Serperior, F|100/100
|-damage|p2a: Serperior|88/100|[from] Stealth Rock
|turn|5
|
|t:|1743837273
|move|p2a: Serperior|Glare|p1a: Ogerpon
|-status|p1a: Ogerpon|par
|move|p1a: Ogerpon|Ivy Cudgel|p2a: Serperior|[anim] Ivy Cudgel Water
|-resisted|p2a: Serperior
|-damage|p2a: Serperior|58/100
|
|-heal|p2a: Serperior|64/100|[from] item: Leftovers
|upkeep
|turn|6
|
|t:|1743837280
|switch|p1a: Kingambit|Kingambit, M|100/100
|-item|p1a: Kingambit|Air Balloon
|move|p2a: Serperior|Substitute|p2a: Serperior
|-start|p2a: Serperior|Substitute
|-damage|p2a: Serperior|39/100
|
|-heal|p2a: Serperior|45/100|[from] item: Leftovers
|upkeep
|turn|7
|
|t:|1743837294
|move|p2a: Serperior|Glare|p1a: Kingambit
|-status|p1a: Kingambit|par
|move|p1a: Kingambit|Kowtow Cleave|p2a: Serperior
|-end|p2a: Serperior|Substitute
|
|-heal|p2a: Serperior|52/100|[from] item: Leftovers
|upkeep
|turn|8
|
|t:|1743837300
|move|p2a: Serperior|Substitute|p2a: Serperior
|-start|p2a: Serperior|Substitute
|-damage|p2a: Serperior|27/100
|cant|p1a: Kingambit|par
|
|-heal|p2a: Serperior|33/100|[from] item: Leftovers
|upkeep
|turn|9
|
|t:|1743837305
|move|p2a: Serperior|Leech Seed|p1a: Kingambit
|-start|p1a: Kingambit|move: Leech Seed
|move|p1a: Kingambit|Kowtow Cleave|p2a: Serperior
|-end|p2a: Serperior|Substitute
|
|-heal|p2a: Serperior|39/100|[from] item: Leftovers
|-damage|p1a: Kingambit|88/100 par|[from] Leech Seed|[of] p2a: Serperior
|-heal|p2a: Serperior|52/100|[silent]
|upkeep
|turn|10
|
|t:|1743837314
|move|p2a: Serperior|Substitute|p2a: Serperior
|-start|p2a: Serperior|Substitute
|-damage|p2a: Serperior|27/100
|cant|p1a: Kingambit|par
|
|-heal|p2a: Serperior|34/100|[from] item: Leftovers
|-damage|p1a: Kingambit|76/100 par|[from] Leech Seed|[of] p2a: Serperior
|-heal|p2a: Serperior|47/100|[silent]
|upkeep
|turn|11
|
|t:|1743837323
|-end|p1a: Kingambit|fallenundefined|[silent]
|switch|p1a: Pecharunt|Pecharunt|100/100
|move|p2a: Serperior|Leaf Storm|p1a: Pecharunt
|-resisted|p1a: Pecharunt
|-damage|p1a: Pecharunt|79/100
|-boost|p2a: Serperior|spa|2
|
|-heal|p2a: Serperior|53/100|[from] item: Leftovers
|upkeep
|turn|12
|
|t:|1743837336
|move|p2a: Serperior|Glare|p1a: Pecharunt
|-status|p1a: Pecharunt|par
|move|p1a: Pecharunt|Recover|p1a: Pecharunt
|-heal|p1a: Pecharunt|100/100 par
|
|-heal|p2a: Serperior|59/100|[from] item: Leftovers
|upkeep
|turn|13
|
|t:|1743837342
|move|p2a: Serperior|Leech Seed|p1a: Pecharunt
|-start|p1a: Pecharunt|move: Leech Seed
|move|p1a: Pecharunt|Malignant Chain|p2a: Serperior
|-supereffective|p2a: Serperior
|-end|p2a: Serperior|Substitute
|
|-heal|p2a: Serperior|65/100|[from] item: Leftovers
|-damage|p1a: Pecharunt|88/100 par|[from] Leech Seed|[of] p2a: Serperior
|-heal|p2a: Serperior|80/100|[silent]
|upkeep
|turn|14
|
|t:|1743837352
|move|p2a: Serperior|Substitute|p2a: Serperior
|-start|p2a: Serperior|Substitute
|-damage|p2a: Serperior|55/100
|cant|p1a: Pecharunt|par
|
|-heal|p2a: Serperior|61/100|[from] item: Leftovers
|-damage|p1a: Pecharunt|76/100 par|[from] Leech Seed|[of] p2a: Serperior
|-heal|p2a: Serperior|76/100|[silent]
|upkeep
|turn|15
|
|t:|1743837361
|move|p2a: Serperior|Leaf Storm|p1a: Pecharunt
|-resisted|p1a: Pecharunt
|-damage|p1a: Pecharunt|32/100 par
|-boost|p2a: Serperior|spa|2
|cant|p1a: Pecharunt|par
|
|-heal|p2a: Serperior|82/100|[from] item: Leftovers
|-damage|p1a: Pecharunt|19/100 par|[from] Leech Seed|[of] p2a: Serperior
|-heal|p2a: Serperior|97/100|[silent]
|upkeep
|turn|16
|
|t:|1743837369
|move|p2a: Serperior|Leaf Storm|p1a: Pecharunt
|-resisted|p1a: Pecharunt
|-damage|p1a: Pecharunt|0 fnt
|-boost|p2a: Serperior|spa|2
|faint|p1a: Pecharunt
|
|-heal|p2a: Serperior|100/100|[from] item: Leftovers
|upkeep
|
|t:|1743837372
|switch|p1a: Ting-Lu|Ting-Lu|28/100
|-damage|p1a: Ting-Lu|15/100|[from] Spikes
|-ability|p1a: Ting-Lu|Vessel of Ruin
|turn|17
|
|t:|1743837375
|move|p2a: Serperior|Leaf Storm|p1a: Ting-Lu
|-supereffective|p1a: Ting-Lu
|-damage|p1a: Ting-Lu|0 fnt
|faint|p1a: Ting-Lu
|
|upkeep
|
|t:|1743837377
|switch|p1a: Kingambit|Kingambit, M|76/100 par
|-activate|p1a: Kingambit|ability: Supreme Overlord
|-start|p1a: Kingambit|fallen2|[silent]
|-item|p1a: Kingambit|Air Balloon
|turn|18
|
|t:|1743837380
|move|p1a: Kingambit|Sucker Punch||[still]
|-fail|p1a: Kingambit
|move|p2a: Serperior|Leech Seed|p1a: Kingambit
|-start|p1a: Kingambit|move: Leech Seed
|
|-damage|p1a: Kingambit|64/100 par|[from] Leech Seed|[of] p2a: Serperior
|upkeep
|turn|19
|
|t:|1743837388
|cant|p1a: Kingambit|par
|move|p2a: Serperior|Glare|p1a: Kingambit
|-fail|p1a: Kingambit|par
|
|-damage|p1a: Kingambit|51/100 par|[from] Leech Seed|[of] p2a: Serperior
|upkeep
|turn|20
|
|t:|1743837390
|move|p1a: Kingambit|Sucker Punch||[still]
|-fail|p1a: Kingambit
|move|p2a: Serperior|Glare|p1a: Kingambit
|-fail|p1a: Kingambit|par
|
|-damage|p1a: Kingambit|39/100 par|[from] Leech Seed|[of] p2a: Serperior
|upkeep
|turn|21
|
|t:|1743837393
|move|p1a: Kingambit|Sucker Punch||[still]
|-fail|p1a: Kingambit
|move|p2a: Serperior|Glare|p1a: Kingambit
|-fail|p1a: Kingambit|par
|
|-damage|p1a: Kingambit|27/100 par|[from] Leech Seed|[of] p2a: Serperior
|upkeep
|turn|22
|
|t:|1743837396
|move|p1a: Kingambit|Sucker Punch||[still]
|-fail|p1a: Kingambit
|move|p2a: Serperior|Glare|p1a: Kingambit
|-fail|p1a: Kingambit|par
|
|-damage|p1a: Kingambit|14/100 par|[from] Leech Seed|[of] p2a: Serperior
|upkeep
|turn|23
|
|t:|1743837400
|cant|p1a: Kingambit|par
|move|p2a: Serperior|Leaf Storm|p1a: Kingambit
|-resisted|p1a: Kingambit
|-damage|p1a: Kingambit|0 fnt
|-enditem|p1a: Kingambit|Air Balloon
|faint|p1a: Kingambit
|-end|p1a: Kingambit|fallen2|[silent]
|
|upkeep
|
|t:|1743837402
|switch|p1a: Ogerpon|Ogerpon-Wellspring, F|88/100 par
|-damage|p1a: Ogerpon|76/100 par|[from] Spikes
|turn|24
|
|t:|1743837409
|move|p2a: Serperior|Leaf Storm|p1a: Ogerpon
|-damage|p1a: Ogerpon|0 fnt
|faint|p1a: Ogerpon
|
|upkeep
|
|t:|1743837411
|switch|p1a: Great Tusk|Great Tusk|100/100
|turn|25
|
|t:|1743837413
|move|p2a: Serperior|Leaf Storm|p1a: Great Tusk
|-supereffective|p1a: Great Tusk
|-damage|p1a: Great Tusk|0 fnt
|faint|p1a: Great Tusk
|-end|p1a: Great Tusk|Protosynthesis|[silent]
|
|upkeep
|
|t:|1743837415
|switch|p1a: Tauros|Tauros-Paldea-Blaze, M|100/100
|-damage|p1a: Tauros|88/100|[from] Spikes
|-ability|p1a: Tauros|Intimidate|boost
|-immune|p2a: Serperior
|turn|26
|
|t:|1743837418
|move|p2a: Serperior|Leech Seed|p1a: Tauros
|-start|p1a: Tauros|move: Leech Seed
|move|p1a: Tauros|Stone Edge|p2a: Serperior
|-end|p2a: Serperior|Substitute
|
|-damage|p1a: Tauros|76/100|[from] Leech Seed|[of] p2a: Serperior
|upkeep
|turn|27
|
|t:|1743837423
|move|p2a: Serperior|Substitute|p2a: Serperior
|-start|p2a: Serperior|Substitute
|-damage|p2a: Serperior|76/100
|move|p1a: Tauros|Stone Edge|p2a: Serperior|[miss]
|-miss|p1a: Tauros|p2a: Serperior
|
|-heal|p2a: Serperior|82/100|[from] item: Leftovers
|-damage|p1a: Tauros|63/100|[from] Leech Seed|[of] p2a: Serperior
|-heal|p2a: Serperior|93/100|[silent]
|upkeep
|turn|28
|
|t:|1743837428
|move|p2a: Serperior|Glare|p1a: Tauros
|-status|p1a: Tauros|par
|cant|p1a: Tauros|par
|
|-heal|p2a: Serperior|99/100|[from] item: Leftovers
|-damage|p1a: Tauros|51/100 par|[from] Leech Seed|[of] p2a: Serperior
|-heal|p2a: Serperior|100/100|[silent]
|upkeep
|turn|29
|
|t:|1743837433
|move|p2a: Serperior|Leaf Storm|p1a: Tauros
|-resisted|p1a: Tauros
|-damage|p1a: Tauros|0 fnt
|faint|p1a: Tauros
|
|win|ranshuang
|raw|slk n compensa's rating: 1046 &rarr; <strong>1032</strong><br />(-14 for losing)
|raw|ranshuang's rating: 1113 &rarr; <strong>1133</strong><br />(+20 for winning)
