|j|☆OP Earthquakes
|j|☆josele
|inactive|Battle timer is ON: inactive players will automatically lose when time's up.
|t:|1743815920
|gametype|singles
|player|p1|OP Earthquakes|giovanni-masters|
|player|p2|josele|gamer-gen3|
|teamsize|p1|6
|teamsize|p2|6
|gen|9
|tier|[Gen 9] OU
|rated|Tournament battle
|rule|HP Percentage Mod: HP is shown in percentages
|rule|Endless Battle Clause: Forcing endless battles is banned
|rule|Species Clause: Limit one of each Pokémon
|rule|OHKO Clause: OHKO moves are banned
|rule|Evasion Items Clause: Evasion items are banned
|rule|Evasion Moves Clause: Evasion moves are banned
|rule|Sleep Moves Clause: Sleep-inducing moves are banned
|clearpoke
|poke|p1|Alomomola, M|
|poke|p1|Dragapult, F|
|poke|p1|Grimmsnarl, M|
|poke|p1|Hatterene, F|
|poke|p1|Great Tusk|
|poke|p1|Scizor, F|
|poke|p2|Zamazenta-*|
|poke|p2|Kingambit, F|
|poke|p2|Raging Bolt|
|poke|p2|Corviknight, M|
|poke|p2|Dondozo, F|
|poke|p2|Slowking-Galar, M|
|teampreview
|inactive|OP Earthquakes also wants the timer to be on.
|c|☆josele|gl hf
|c|☆OP Earthquakes|Hf! Test
|inactive|OP Earthquakes has 120 seconds left.
|inactive|josele has 120 seconds left.
|j| storm cone
|
|t:|1743815959
|start
|switch|p1a: Scizor|Scizor, F|100/100
|switch|p2a: Slowking|Slowking-Galar, M|100/100
|turn|1
|inactive|josele has 120 seconds left.
|
|t:|1743815991
|switch|p2a: Corviknight|Corviknight, M|100/100
|-ability|p2a: Corviknight|Pressure
|move|p1a: Scizor|Knock Off|p2a: Corviknight
|-damage|p2a: Corviknight|80/100
|-damage|p1a: Scizor|84/100|[from] item: Rocky Helmet|[of] p2a: Corviknight
|-enditem|p2a: Corviknight|Rocky Helmet|[from] move: Knock Off|[of] p1a: Scizor
|
|upkeep
|turn|2
|inactive|josele has 120 seconds left.
|
|t:|1743816006
|move|p2a: Corviknight|Brave Bird|p1a: Scizor
|-damage|p1a: Scizor|51/100
|-damage|p2a: Corviknight|72/100|[from] Recoil
|move|p1a: Scizor|U-turn|p2a: Corviknight
|-resisted|p2a: Corviknight
|-damage|p2a: Corviknight|66/100
|
|t:|1743816017
|switch|p1a: Grimmsnarl|Grimmsnarl, M, shiny|100/100|[from] U-turn
|
|upkeep
|turn|3
|
|t:|1743816025
|switch|p2a: Kingambit|Kingambit, F, shiny|100/100
|move|p1a: Grimmsnarl|Light Screen|p1a: Grimmsnarl
|-sidestart|p1: OP Earthquakes|move: Light Screen
|
|upkeep
|turn|4
|
|t:|1743816030
|move|p1a: Grimmsnarl|Low Kick|p2a: Kingambit
|-supereffective|p2a: Kingambit
|-damage|p2a: Kingambit|7/100
|move|p2a: Kingambit|Swords Dance|p2a: Kingambit
|-boost|p2a: Kingambit|atk|2
|
|upkeep
|turn|5
|
|t:|1743816039
|switch|p2a: Slowking|Slowking-Galar, M|100/100
|move|p1a: Grimmsnarl|Low Kick|p2a: Slowking
|-resisted|p2a: Slowking
|-damage|p2a: Slowking|96/100
|
|upkeep
|turn|6
|c|☆OP Earthquakes|I guess 330 isnt enough
|c|☆OP Earthquakes|hmm
|inactive|OP Earthquakes has 120 seconds left.
|
|t:|1743816077
|switch|p1a: Alomomola|Alomomola, M, shiny|100/100
|move|p2a: Slowking|Sludge Bomb|p1a: Alomomola
|-damage|p1a: Alomomola|86/100
|
|upkeep
|turn|7
|inactive|OP Earthquakes has 120 seconds left.
|
|t:|1743816088
|move|p1a: Alomomola|Wish|p1a: Alomomola
|move|p2a: Slowking|Future Sight|p1a: Alomomola
|-start|p2a: Slowking|move: Future Sight
|
|upkeep
|turn|8
|
|t:|1743816092
|move|p1a: Alomomola|Flip Turn|p2a: Slowking
|-damage|p2a: Slowking|82/100
|
|t:|1743816095
|switch|p1a: Scizor|Scizor, F|51/100|[from] Flip Turn
|move|p2a: Slowking|Sludge Bomb|p1a: Scizor
|-immune|p1a: Scizor
|
|-heal|p1a: Scizor|100/100|[from] move: Wish|[wisher] Alomomola
|upkeep
|turn|9
|
|t:|1743816103
|move|p1a: Scizor|Knock Off|p2a: Slowking
|-supereffective|p2a: Slowking
|-damage|p2a: Slowking|34/100
|-enditem|p2a: Slowking|Assault Vest|[from] move: Knock Off|[of] p1a: Scizor
|move|p2a: Slowking|Future Sight||[still]
|-fail|p2a: Slowking
|
|-end|p1a: Scizor|move: Future Sight
|-resisted|p1a: Scizor
|-damage|p1a: Scizor|90/100
|upkeep
|turn|10
|-message|josele forfeited.
|
|win|OP Earthquakes
|n|☆OP Earthquakes|opearthquakes
|n|☆josele|josele
|n| storm cone|stormcone
|l|☆josele
|player|p2|
|l| storm cone
|j| pdonmakesmehigh
|n| Real Earthquakes|opearthquakes
