|j|☆kshuaib734
|j|☆dwagone
|t:|1743805960
|gametype|singles
|player|p1|kshuaib734|steven|1596
|player|p2|dwagone|102|1783
|teamsize|p1|6
|teamsize|p2|6
|gen|9
|tier|[Gen 9] OU
|rated|
|rule|HP Percentage Mod: HP is shown in percentages
|rule|Endless Battle Clause: Forcing endless battles is banned
|rule|Species Clause: Limit one of each Pokémon
|rule|OHKO Clause: OHKO moves are banned
|rule|Evasion Items Clause: Evasion items are banned
|rule|Evasion Moves Clause: Evasion moves are banned
|rule|Sleep Moves Clause: Sleep-inducing moves are banned
|clearpoke
|poke|p1|Tyranitar, F|
|poke|p1|Jolteon, M|
|poke|p1|Pelipper, F|
|poke|p1|Quaquaval, F|
|poke|p1|Overqwil, M|
|poke|p1|Excadrill, M|
|poke|p2|Araquanid, F|
|poke|p2|Gholdengo|
|poke|p2|Iron Treads|
|poke|p2|Raging Bolt|
|poke|p2|Iron Valiant|
|poke|p2|Dragonite, F|
|teampreview
|inactive|Battle timer is ON: inactive players will automatically lose when time's up. (requested by dwagone)
|inactive|kshuaib734 also wants the timer to be on.
|
|t:|1743805973
|start
|switch|p1a: Tyrant's Downpour|Pelipper, F|100/100
|switch|p2a: Araquanid|Araquanid, F|100/100
|-weather|RainDance|[from] ability: Drizzle|[of] p1a: Tyrant's Downpour
|turn|1
|
|t:|1743805995
|move|p1a: Tyrant's Downpour|Hurricane|p2a: Araquanid
|-supereffective|p2a: Araquanid
|-damage|p2a: Araquanid|42/100
|move|p2a: Araquanid|Sticky Web|p1a: Tyrant's Downpour
|-sidestart|p1: kshuaib734|move: Sticky Web
|
|-weather|RainDance|[upkeep]
|upkeep
|turn|2
|
|t:|1743806001
|switch|p2a: Raging Bolt|Raging Bolt|100/100
|-enditem|p2a: Raging Bolt|Booster Energy
|-activate|p2a: Raging Bolt|ability: Protosynthesis|[fromitem]
|-start|p2a: Raging Bolt|protosynthesisspa
|move|p1a: Tyrant's Downpour|Hurricane|p2a: Raging Bolt
|-resisted|p2a: Raging Bolt
|-damage|p2a: Raging Bolt|84/100
|
|-weather|RainDance|[upkeep]
|upkeep
|turn|3
|
|t:|1743806013
|switch|p1a: King Tyrant|Tyranitar, F|100/100
|-activate|p1a: King Tyrant|move: Sticky Web
|-unboost|p1a: King Tyrant|spe|1
|-weather|Sandstorm|[from] ability: Sand Stream|[of] p1a: King Tyrant
|move|p2a: Raging Bolt|Thunderbolt|p1a: King Tyrant
|-damage|p1a: King Tyrant|68/100
|
|-weather|Sandstorm|[upkeep]
|-damage|p2a: Raging Bolt|78/100|[from] Sandstorm
|upkeep
|turn|4
|
|t:|1743806025
|move|p2a: Raging Bolt|Dragon Pulse|p1a: King Tyrant
|-damage|p1a: King Tyrant|38/100
|move|p1a: King Tyrant|Stealth Rock|p2a: Raging Bolt
|-sidestart|p2: dwagone|move: Stealth Rock
|
|-weather|Sandstorm|[upkeep]
|-damage|p2a: Raging Bolt|72/100|[from] Sandstorm
|upkeep
|turn|5
|
|t:|1743806038
|-end|p2a: Raging Bolt|Protosynthesis|[silent]
|switch|p2a: Araquanid|Araquanid, F|42/100
|-damage|p2a: Araquanid|17/100|[from] Stealth Rock
|switch|p1a: Tyrant's Legacy|Excadrill, M|100/100
|-activate|p1a: Tyrant's Legacy|move: Sticky Web
|-unboost|p1a: Tyrant's Legacy|spe|1
|
|-weather|Sandstorm|[upkeep]
|-damage|p2a: Araquanid|11/100|[from] Sandstorm
|upkeep
|turn|6
|-enditem|p2a: Araquanid|Custap Berry|[eat]
|-activate|p2a: Araquanid|item: Custap Berry|[consumed]
|
|t:|1743806054
|switch|p1a: Tyrant's Endgame|Quaquaval, F|100/100
|-activate|p1a: Tyrant's Endgame|move: Sticky Web
|-unboost|p1a: Tyrant's Endgame|spe|1
|move|p2a: Araquanid|Surf|p1a: Tyrant's Endgame
|-resisted|p1a: Tyrant's Endgame
|-damage|p1a: Tyrant's Endgame|61/100
|
|-weather|Sandstorm|[upkeep]
|-damage|p1a: Tyrant's Endgame|55/100|[from] Sandstorm
|-damage|p2a: Araquanid|5/100|[from] Sandstorm
|upkeep
|turn|7
|
|t:|1743806067
|move|p1a: Tyrant's Endgame|Aqua Step|p2a: Araquanid
|-resisted|p2a: Araquanid
|-damage|p2a: Araquanid|0 fnt
|-boost|p1a: Tyrant's Endgame|spe|1
|faint|p2a: Araquanid
|-ability|p1a: Tyrant's Endgame|Moxie|boost
|-boost|p1a: Tyrant's Endgame|atk|1
|
|-weather|none
|upkeep
|
|t:|1743806081
|switch|p2a: Iron Valiant|Iron Valiant|100/100
|-damage|p2a: Iron Valiant|94/100|[from] Stealth Rock
|-enditem|p2a: Iron Valiant|Booster Energy
|-activate|p2a: Iron Valiant|ability: Quark Drive|[fromitem]
|-start|p2a: Iron Valiant|quarkdrivespa
|turn|8
|
|t:|1743806089
|switch|p1a: King Tyrant|Tyranitar, F|38/100
|-activate|p1a: King Tyrant|move: Sticky Web
|-unboost|p1a: King Tyrant|spe|1
|-weather|Sandstorm|[from] ability: Sand Stream|[of] p1a: King Tyrant
|move|p2a: Iron Valiant|Moonblast|p1a: King Tyrant
|-supereffective|p1a: King Tyrant
|-crit|p1a: King Tyrant
|-damage|p1a: King Tyrant|0 fnt
|faint|p1a: King Tyrant
|
|-weather|Sandstorm|[upkeep]
|-damage|p2a: Iron Valiant|88/100|[from] Sandstorm
|upkeep
|
|t:|1743806101
|switch|p1a: Tyrant's Legacy|Excadrill, M|100/100
|-activate|p1a: Tyrant's Legacy|move: Sticky Web
|-unboost|p1a: Tyrant's Legacy|spe|1
|turn|9
|
|t:|1743806123
|-terastallize|p2a: Iron Valiant|Ghost
|move|p1a: Tyrant's Legacy|Iron Head|p2a: Iron Valiant
|-damage|p2a: Iron Valiant|12/100
|-damage|p1a: Tyrant's Legacy|91/100|[from] item: Life Orb
|move|p2a: Iron Valiant|Calm Mind|p2a: Iron Valiant
|-boost|p2a: Iron Valiant|spa|1
|-boost|p2a: Iron Valiant|spd|1
|
|-weather|Sandstorm|[upkeep]
|-damage|p2a: Iron Valiant|6/100|[from] Sandstorm
|upkeep
|turn|10
|
|t:|1743806133
|move|p2a: Iron Valiant|Vacuum Wave|p1a: Tyrant's Legacy
|-supereffective|p1a: Tyrant's Legacy
|-damage|p1a: Tyrant's Legacy|0 fnt
|faint|p1a: Tyrant's Legacy
|
|-weather|Sandstorm|[upkeep]
|-damage|p2a: Iron Valiant|0 fnt|[from] Sandstorm
|faint|p2a: Iron Valiant
|-end|p2a: Iron Valiant|Quark Drive|[silent]
|upkeep
|
|t:|1743806155
|switch|p2a: Gholdengo|Gholdengo|100/100
|switch|p1a: Tyrant's Downpour|Pelipper, F|100/100
|-damage|p2a: Gholdengo|94/100|[from] Stealth Rock
|-item|p2a: Gholdengo|Air Balloon
|-weather|RainDance|[from] ability: Drizzle|[of] p1a: Tyrant's Downpour
|turn|11
|
|t:|1743806175
|switch|p1a: Tyrant's Enforcer|Overqwil, M|100/100
|-activate|p1a: Tyrant's Enforcer|move: Sticky Web
|-unboost|p1a: Tyrant's Enforcer|spe|1
|move|p2a: Gholdengo|Nasty Plot|p2a: Gholdengo
|-boost|p2a: Gholdengo|spa|2
|
|-weather|RainDance|[upkeep]
|upkeep
|turn|12
|
|t:|1743806182
|move|p1a: Tyrant's Enforcer|Crunch|p2a: Gholdengo
|-supereffective|p2a: Gholdengo
|-damage|p2a: Gholdengo|0 fnt
|-enditem|p2a: Gholdengo|Air Balloon
|faint|p2a: Gholdengo
|
|-weather|RainDance|[upkeep]
|upkeep
|inactive|dwagone has 120 seconds left.
|
|t:|1743806214
|switch|p2a: Raging Bolt|Raging Bolt|72/100
|-damage|p2a: Raging Bolt|59/100|[from] Stealth Rock
|turn|13
|
|t:|1743806224
|move|p1a: Tyrant's Enforcer|Crunch|p2a: Raging Bolt
|-crit|p2a: Raging Bolt
|-damage|p2a: Raging Bolt|1/100
|move|p2a: Raging Bolt|Dragon Pulse|p1a: Tyrant's Enforcer
|-damage|p1a: Tyrant's Enforcer|36/100
|
|-weather|RainDance|[upkeep]
|-heal|p1a: Tyrant's Enforcer|42/100|[from] item: Leftovers
|upkeep
|turn|14
|inactive|dwagone has 120 seconds left.
|
|t:|1743806255
|move|p2a: Raging Bolt|Thunderclap||[still]
|-fail|p2a: Raging Bolt
|move|p1a: Tyrant's Enforcer|Spikes|p2a: Raging Bolt
|-sidestart|p2: dwagone|Spikes
|
|-weather|RainDance|[upkeep]
|-heal|p1a: Tyrant's Enforcer|48/100|[from] item: Leftovers
|upkeep
|turn|15
|
|t:|1743806283
|move|p1a: Tyrant's Enforcer|Spikes|p2a: Raging Bolt
|-sidestart|p2: dwagone|Spikes
|move|p2a: Raging Bolt|Dragon Pulse|p1a: Tyrant's Enforcer
|-damage|p1a: Tyrant's Enforcer|0 fnt
|faint|p1a: Tyrant's Enforcer
|
|-weather|RainDance|[upkeep]
|upkeep
|
|t:|1743806290
|switch|p1a: Tyrant's Endgame|Quaquaval, F|55/100
|-activate|p1a: Tyrant's Endgame|move: Sticky Web
|-unboost|p1a: Tyrant's Endgame|spe|1
|turn|16
|
|t:|1743806294
|move|p1a: Tyrant's Endgame|Aqua Jet|p2a: Raging Bolt
|-resisted|p2a: Raging Bolt
|-damage|p2a: Raging Bolt|0 fnt
|faint|p2a: Raging Bolt
|-end|p2a: Raging Bolt|Protosynthesis|[silent]
|-ability|p1a: Tyrant's Endgame|Moxie|boost
|-boost|p1a: Tyrant's Endgame|atk|1
|
|-weather|RainDance|[upkeep]
|upkeep
|inactive|dwagone has 120 seconds left.
|
|t:|1743806305
|switch|p2a: Iron Treads|Iron Treads|100/100
|-damage|p2a: Iron Treads|97/100|[from] Stealth Rock
|-damage|p2a: Iron Treads|81/100|[from] Spikes
|-enditem|p2a: Iron Treads|Booster Energy
|-activate|p2a: Iron Treads|ability: Quark Drive|[fromitem]
|-start|p2a: Iron Treads|quarkdriveatk
|turn|17
|
|t:|1743806316
|-terastallize|p1a: Tyrant's Endgame|Water
|move|p1a: Tyrant's Endgame|Aqua Jet|p2a: Iron Treads
|-supereffective|p2a: Iron Treads
|-damage|p2a: Iron Treads|0 fnt
|faint|p2a: Iron Treads
|-end|p2a: Iron Treads|Quark Drive|[silent]
|-ability|p1a: Tyrant's Endgame|Moxie|boost
|-boost|p1a: Tyrant's Endgame|atk|1
|
|-weather|RainDance|[upkeep]
|upkeep
|
|t:|1743806320
|switch|p2a: Dragonite|Dragonite, F|100/100
|-damage|p2a: Dragonite|76/100|[from] Stealth Rock
|turn|18
|
|t:|1743806328
|move|p2a: Dragonite|Scale Shot|p1a: Tyrant's Endgame
|-damage|p1a: Tyrant's Endgame|36/100
|-damage|p1a: Tyrant's Endgame|16/100
|-damage|p1a: Tyrant's Endgame|0 fnt
|faint|p1a: Tyrant's Endgame
|-hitcount|p1: Tyrant's Endgame|3
|-unboost|p2a: Dragonite|def|1
|-boost|p2a: Dragonite|spe|1
|
|-weather|none
|upkeep
|
|t:|1743806343
|switch|p1a: Tyrant's Downpour|Pelipper, F|100/100
|-weather|RainDance|[from] ability: Drizzle|[of] p1a: Tyrant's Downpour
|turn|19
|
|t:|1743806360
|move|p2a: Dragonite|Scale Shot|p1a: Tyrant's Downpour
|-damage|p1a: Tyrant's Downpour|89/100
|-damage|p1a: Tyrant's Downpour|79/100
|-crit|p1a: Tyrant's Downpour
|-damage|p1a: Tyrant's Downpour|62/100
|-damage|p1a: Tyrant's Downpour|50/100
|-damage|p1a: Tyrant's Downpour|39/100
|-hitcount|p1a: Tyrant's Downpour|5
|-unboost|p2a: Dragonite|def|1
|-boost|p2a: Dragonite|spe|1
|move|p1a: Tyrant's Downpour|Knock Off|p2a: Dragonite
|-damage|p2a: Dragonite|48/100
|-enditem|p2a: Dragonite|Loaded Dice|[from] move: Knock Off|[of] p1a: Tyrant's Downpour
|
|-weather|RainDance|[upkeep]
|upkeep
|turn|20
|
|t:|1743806373
|move|p2a: Dragonite|Dragon Dance|p2a: Dragonite
|-boost|p2a: Dragonite|atk|1
|-boost|p2a: Dragonite|spe|1
|move|p1a: Tyrant's Downpour|Hurricane|p2a: Dragonite
|-damage|p2a: Dragonite|11/100
|
|-weather|RainDance|[upkeep]
|upkeep
|turn|21
|
|t:|1743806380
|move|p2a: Dragonite|Scale Shot|p1a: Tyrant's Downpour
|-damage|p1a: Tyrant's Downpour|22/100
|-damage|p1a: Tyrant's Downpour|6/100
|-hitcount|p1a: Tyrant's Downpour|2
|-unboost|p2a: Dragonite|def|1
|-boost|p2a: Dragonite|spe|1
|move|p1a: Tyrant's Downpour|Hurricane|p2a: Dragonite
|-damage|p2a: Dragonite|0 fnt
|faint|p2a: Dragonite
|
|win|kshuaib734
|raw|kshuaib734's rating: 1596 &rarr; <strong>1626</strong><br />(+30 for winning)
|raw|dwagone's rating: 1783 &rarr; <strong>1753</strong><br />(-30 for losing)
|l|☆kshuaib734
|player|p1|
|l|☆dwagone
|player|p2|
