|j|☆G1 Forever
|j|☆jero putero
|t:|1743875323
|gametype|singles
|player|p1|G1 Forever|unknown|1366
|player|p2|jero putero|169|1362
|teamsize|p1|6
|teamsize|p2|6
|gen|9
|tier|[Gen 9] OU
|rated|
|rule|HP Percentage Mod: HP is shown in percentages
|rule|Endless Battle Clause: Forcing endless battles is banned
|rule|Species Clause: Limit one of each Pokémon
|rule|OHKO Clause: OHKO moves are banned
|rule|Evasion Items Clause: Evasion items are banned
|rule|Evasion Moves Clause: Evasion moves are banned
|rule|Sleep Moves Clause: Sleep-inducing moves are banned
|clearpoke
|poke|p1|Darkrai|
|poke|p1|Ogerpon-Wellspring, F|
|poke|p1|Garchomp, F|
|poke|p1|Clefable, M|
|poke|p1|Pecharunt|
|poke|p1|Iron Crown|
|poke|p2|Torkoal, M|
|poke|p2|Corviknight, M|
|poke|p2|Venusaur, M|
|poke|p2|Great Tusk|
|poke|p2|Typhlosion-Hisui, F|
|poke|p2|Walking Wake|
|teampreview
|inactive|Battle timer is ON: inactive players will automatically lose when time's up. (requested by jero putero)
|
|t:|1743875338
|start
|switch|p1a: Garchomp|Garchomp, F|100/100
|switch|p2a: T= r*Fsin(theta)|Torkoal, M|100/100
|-weather|SunnyDay|[from] ability: Drought|[of] p2a: T= r*Fsin(theta)
|turn|1
|
|t:|1743875345
|move|p1a: Garchomp|Stealth Rock|p2a: T= r*Fsin(theta)
|-sidestart|p2: jero putero|move: Stealth Rock
|move|p2a: T= r*Fsin(theta)|Stealth Rock|p1a: Garchomp
|-sidestart|p1: G1 Forever|move: Stealth Rock
|
|-weather|SunnyDay|[upkeep]
|upkeep
|turn|2
|
|t:|1743875352
|switch|p2a: Corvfefe|Corviknight, M|100/100
|-damage|p2a: Corvfefe|88/100|[from] Stealth Rock
|-ability|p2a: Corvfefe|Pressure
|move|p1a: Garchomp|Earthquake|p2a: Corvfefe
|-immune|p2a: Corvfefe
|
|-weather|SunnyDay|[upkeep]
|upkeep
|turn|3
|
|t:|1743875360
|move|p1a: Garchomp|Spikes|p2a: Corvfefe
|-sidestart|p2: jero putero|Spikes
|move|p2a: Corvfefe|U-turn|p1a: Garchomp
|-damage|p1a: Garchomp|90/100
|-damage|p2a: Corvfefe|76/100|[from] ability: Rough Skin|[of] p1a: Garchomp
|-damage|p2a: Corvfefe|59/100|[from] item: Rocky Helmet|[of] p1a: Garchomp
|
|t:|1743875371
|switch|p2a: I Serve The Face|Great Tusk|100/100|[from] U-turn
|-damage|p2a: I Serve The Face|98/100|[from] Stealth Rock
|-damage|p2a: I Serve The Face|85/100|[from] Spikes
|-activate|p2a: I Serve The Face|ability: Protosynthesis
|-start|p2a: I Serve The Face|protosynthesisatk
|
|-weather|SunnyDay|[upkeep]
|upkeep
|turn|4
|
|t:|1743875381
|switch|p1a: Pecharunt|Pecharunt|100/100
|-damage|p1a: Pecharunt|88/100|[from] Stealth Rock
|-item|p1a: Pecharunt|Air Balloon
|move|p2a: I Serve The Face|Rapid Spin|p1a: Pecharunt
|-immune|p1a: Pecharunt
|
|-weather|SunnyDay|[upkeep]
|upkeep
|turn|5
|
|t:|1743875390
|move|p2a: I Serve The Face|Ice Spinner|p1a: Pecharunt
|-damage|p1a: Pecharunt|71/100
|-enditem|p1a: Pecharunt|Air Balloon
|move|p1a: Pecharunt|Malignant Chain|p2a: I Serve The Face
|-resisted|p2a: I Serve The Face
|-damage|p2a: I Serve The Face|63/100
|-status|p2a: I Serve The Face|tox
|-start|p2a: I Serve The Face|confusion|[from] ability: Poison Puppeteer|[of] p1a: Pecharunt
|
|-weather|SunnyDay|[upkeep]
|-damage|p2a: I Serve The Face|57/100 tox|[from] psn
|upkeep
|turn|6
|
|t:|1743875401
|-end|p2a: I Serve The Face|Protosynthesis|[silent]
|switch|p2a: Corvfefe|Corviknight, M|59/100
|-damage|p2a: Corvfefe|47/100|[from] Stealth Rock
|-ability|p2a: Corvfefe|Pressure
|move|p1a: Pecharunt|Hex|p2a: Corvfefe
|-damage|p2a: Corvfefe|27/100
|
|-weather|SunnyDay|[upkeep]
|upkeep
|turn|7
|
|t:|1743875415
|move|p1a: Pecharunt|Parting Shot|p2a: Corvfefe
|-unboost|p2a: Corvfefe|atk|1
|-unboost|p2a: Corvfefe|spa|1
|
|t:|1743875418
|switch|p1a: Garchomp|Garchomp, F|90/100|[from] Parting Shot
|-damage|p1a: Garchomp|84/100|[from] Stealth Rock
|move|p2a: Corvfefe|Roost|p2a: Corvfefe
|-heal|p2a: Corvfefe|77/100
|-singleturn|p2a: Corvfefe|move: Roost
|
|-weather|SunnyDay|[upkeep]
|upkeep
|turn|8
|
|t:|1743875427
|move|p1a: Garchomp|Spikes|p2a: Corvfefe
|-sidestart|p2: jero putero|Spikes
|move|p2a: Corvfefe|Defog|p1a: Garchomp
|-unboost|p1a: Garchomp|evasion|1
|-sideend|p1: G1 Forever|Stealth Rock|[from] move: Defog|[of] p2a: Corvfefe
|-sideend|p2: jero putero|Spikes|[from] move: Defog|[of] p2a: Corvfefe
|-sideend|p2: jero putero|Stealth Rock|[from] move: Defog|[of] p2a: Corvfefe
|
|-weather|none
|upkeep
|turn|9
|
|t:|1743875434
|move|p1a: Garchomp|Stealth Rock|p2a: Corvfefe
|-sidestart|p2: jero putero|move: Stealth Rock
|move|p2a: Corvfefe|Roost|p2a: Corvfefe
|-heal|p2a: Corvfefe|100/100
|-singleturn|p2a: Corvfefe|move: Roost
|
|upkeep
|turn|10
|
|t:|1743875440
|switch|p1a: Darkrai|Darkrai|100/100
|move|p2a: Corvfefe|Defog|p1a: Darkrai
|-unboost|p1a: Darkrai|evasion|1
|-sideend|p2: jero putero|Stealth Rock|[from] move: Defog|[of] p2a: Corvfefe
|
|upkeep
|turn|11
|
|t:|1743875446
|switch|p2a: T= r*Fsin(theta)|Torkoal, M|100/100
|-weather|SunnyDay|[from] ability: Drought|[of] p2a: T= r*Fsin(theta)
|move|p1a: Darkrai|Will-O-Wisp|p2a: T= r*Fsin(theta)
|-immune|p2a: T= r*Fsin(theta)
|
|-weather|SunnyDay|[upkeep]
|upkeep
|turn|12
|
|t:|1743875454
|move|p1a: Darkrai|Taunt|p2a: T= r*Fsin(theta)
|-start|p2a: T= r*Fsin(theta)|move: Taunt
|cant|p2a: T= r*Fsin(theta)|move: Taunt|Stealth Rock
|
|-weather|SunnyDay|[upkeep]
|upkeep
|turn|13
|
|t:|1743875459
|switch|p2a: Dubya|Walking Wake|100/100
|-activate|p2a: Dubya|ability: Protosynthesis
|-start|p2a: Dubya|protosynthesisspe
|move|p1a: Darkrai|Substitute|p1a: Darkrai
|-start|p1a: Darkrai|Substitute
|-damage|p1a: Darkrai|76/100
|
|-weather|SunnyDay|[upkeep]
|-heal|p1a: Darkrai|82/100|[from] item: Leftovers
|upkeep
|turn|14
|
|t:|1743875469
|move|p2a: Dubya|Hydro Steam|p1a: Darkrai
|-end|p1a: Darkrai|Substitute
|move|p1a: Darkrai|Dark Pulse|p2a: Dubya
|-damage|p2a: Dubya|59/100
|
|-weather|SunnyDay|[upkeep]
|-heal|p1a: Darkrai|88/100|[from] item: Leftovers
|upkeep
|turn|15
|
|t:|1743875477
|-end|p2a: Dubya|Protosynthesis|[silent]
|switch|p2a: VVS Diamonds|Venusaur, M|100/100
|switch|p1a: Ogerpon|Ogerpon-Wellspring, F|100/100
|
|-weather|SunnyDay|[upkeep]
|upkeep
|turn|16
|
|t:|1743875483
|move|p2a: VVS Diamonds|Growth|p2a: VVS Diamonds
|-boost|p2a: VVS Diamonds|atk|2
|-boost|p2a: VVS Diamonds|spa|2
|move|p1a: Ogerpon|U-turn|p2a: VVS Diamonds
|-damage|p2a: VVS Diamonds|66/100
|
|t:|1743875496
|switch|p1a: Garchomp|Garchomp, F|84/100|[from] U-turn
|
|-weather|SunnyDay|[upkeep]
|upkeep
|turn|17
|
|t:|1743875501
|move|p2a: VVS Diamonds|Giga Drain|p1a: Garchomp
|-damage|p1a: Garchomp|0 fnt
|-heal|p2a: VVS Diamonds|100/100|[from] drain|[of] p1a: Garchomp
|faint|p1a: Garchomp
|-damage|p2a: VVS Diamonds|91/100|[from] item: Life Orb
|
|-weather|SunnyDay|[upkeep]
|upkeep
|
|t:|1743875511
|switch|p1a: Clefable|Clefable, M|100/100
|turn|18
|
|t:|1743875515
|switch|p2a: I Serve The Face|Great Tusk|57/100 tox
|-activate|p2a: I Serve The Face|ability: Protosynthesis
|-start|p2a: I Serve The Face|protosynthesisatk
|-terastallize|p1a: Clefable|Fire
|move|p1a: Clefable|Calm Mind|p1a: Clefable
|-boost|p1a: Clefable|spa|1
|-boost|p1a: Clefable|spd|1
|
|-weather|none
|-end|p2a: I Serve The Face|Protosynthesis
|-damage|p2a: I Serve The Face|51/100 tox|[from] psn
|upkeep
|turn|19
|
|t:|1743875528
|switch|p1a: Ogerpon|Ogerpon-Wellspring, F|100/100
|move|p2a: I Serve The Face|Headlong Rush|p1a: Ogerpon
|-resisted|p1a: Ogerpon
|-damage|p1a: Ogerpon|60/100
|-unboost|p2a: I Serve The Face|def|1
|-unboost|p2a: I Serve The Face|spd|1
|-enditem|p2a: I Serve The Face|Eject Pack
|
|t:|1743875555
|-end|p2a: I Serve The Face|Protosynthesis|[silent]
|switch|p2a: T= r*Fsin(theta)|Torkoal, M|100/100
|-weather|SunnyDay|[from] ability: Drought|[of] p2a: T= r*Fsin(theta)
|
|-weather|SunnyDay|[upkeep]
|upkeep
|turn|20
|
|t:|1743875561
|move|p1a: Ogerpon|Knock Off|p2a: T= r*Fsin(theta)
|-damage|p2a: T= r*Fsin(theta)|77/100
|-enditem|p2a: T= r*Fsin(theta)|Heat Rock|[from] move: Knock Off|[of] p1a: Ogerpon
|move|p2a: T= r*Fsin(theta)|Stealth Rock|p1a: Ogerpon
|-sidestart|p1: G1 Forever|move: Stealth Rock
|
|-weather|SunnyDay|[upkeep]
|upkeep
|turn|21
|
|t:|1743875567
|move|p1a: Ogerpon|Ivy Cudgel|p2a: T= r*Fsin(theta)|[anim] Ivy Cudgel Water
|-supereffective|p2a: T= r*Fsin(theta)
|-damage|p2a: T= r*Fsin(theta)|36/100
|move|p2a: T= r*Fsin(theta)|Lava Plume|p1a: Ogerpon
|-damage|p1a: Ogerpon|17/100
|
|-weather|SunnyDay|[upkeep]
|upkeep
|turn|22
|
|t:|1743875574
|move|p1a: Ogerpon|Ivy Cudgel|p2a: T= r*Fsin(theta)|[anim] Ivy Cudgel Water
|-supereffective|p2a: T= r*Fsin(theta)
|-crit|p2a: T= r*Fsin(theta)
|-damage|p2a: T= r*Fsin(theta)|0 fnt
|faint|p2a: T= r*Fsin(theta)
|
|-weather|SunnyDay|[upkeep]
|upkeep
|
|t:|1743875579
|switch|p2a: VVS Diamonds|Venusaur, M|91/100
|turn|23
|
|t:|1743875582
|move|p2a: VVS Diamonds|Growth|p2a: VVS Diamonds
|-boost|p2a: VVS Diamonds|atk|2
|-boost|p2a: VVS Diamonds|spa|2
|move|p1a: Ogerpon|U-turn|p2a: VVS Diamonds
|-damage|p2a: VVS Diamonds|51/100
|
|t:|1743875588
|switch|p1a: Clefable|Clefable, M, tera:Fire|100/100|[from] U-turn
|-damage|p1a: Clefable|76/100|[from] Stealth Rock
|
|-weather|SunnyDay|[upkeep]
|-heal|p1a: Clefable|82/100|[from] item: Leftovers
|upkeep
|turn|24
|
|t:|1743875600
|move|p2a: VVS Diamonds|Earth Power|p1a: Clefable
|-supereffective|p1a: Clefable
|-damage|p1a: Clefable|8/100
|-damage|p2a: VVS Diamonds|41/100|[from] item: Life Orb
|move|p1a: Clefable|Flamethrower|p2a: VVS Diamonds
|-supereffective|p2a: VVS Diamonds
|-damage|p2a: VVS Diamonds|0 fnt
|faint|p2a: VVS Diamonds
|
|-weather|SunnyDay|[upkeep]
|-heal|p1a: Clefable|14/100|[from] item: Leftovers
|upkeep
|
|t:|1743875609
|switch|p2a: Ty Collar Sign|Typhlosion-Hisui, F|100/100
|turn|25
|
|t:|1743875613
|move|p2a: Ty Collar Sign|Eruption|p1a: Clefable
|-resisted|p1a: Clefable
|-damage|p1a: Clefable|0 fnt
|faint|p1a: Clefable
|
|-weather|SunnyDay|[upkeep]
|upkeep
|
|t:|1743875625
|switch|p1a: Pecharunt|Pecharunt|71/100
|-damage|p1a: Pecharunt|59/100|[from] Stealth Rock
|turn|26
|
|t:|1743875638
|move|p2a: Ty Collar Sign|Eruption|p1a: Pecharunt
|-damage|p1a: Pecharunt|0 fnt
|faint|p1a: Pecharunt
|
|-weather|none
|upkeep
|
|t:|1743875651
|switch|p1a: Darkrai|Darkrai|88/100
|-damage|p1a: Darkrai|76/100|[from] Stealth Rock
|turn|27
|inactive|jero putero has 120 seconds left.
|
|t:|1743875684
|move|p2a: Ty Collar Sign|Eruption|p1a: Darkrai
|-crit|p1a: Darkrai
|-damage|p1a: Darkrai|0 fnt
|faint|p1a: Darkrai
|
|upkeep
|
|t:|1743875691
|switch|p1a: Iron Crown|Iron Crown|100/100
|-damage|p1a: Iron Crown|94/100|[from] Stealth Rock
|turn|28
|
|t:|1743875699
|-terastallize|p2a: Ty Collar Sign|Fire
|move|p1a: Iron Crown|Psyshock|p2a: Ty Collar Sign
|-damage|p2a: Ty Collar Sign|46/100
|move|p2a: Ty Collar Sign|Eruption|p1a: Iron Crown
|-supereffective|p1a: Iron Crown
|-damage|p1a: Iron Crown|6/100
|
|upkeep
|turn|29
|
|t:|1743875707
|switch|p2a: Corvfefe|Corviknight, M|100/100
|-ability|p2a: Corvfefe|Pressure
|move|p1a: Iron Crown|Psyshock|p2a: Corvfefe
|-resisted|p2a: Corvfefe
|-damage|p2a: Corvfefe|88/100
|
|upkeep
|turn|30
|
|t:|1743875713
|move|p1a: Iron Crown|Psyshock|p2a: Corvfefe
|-resisted|p2a: Corvfefe
|-damage|p2a: Corvfefe|77/100
|move|p2a: Corvfefe|U-turn|p1a: Iron Crown
|-damage|p1a: Iron Crown|0 fnt
|faint|p1a: Iron Crown
|-end|p1a: Iron Crown|Quark Drive|[silent]
|
|t:|1743875716
|switch|p2a: I Serve The Face|Great Tusk|51/100 tox|[from] U-turn
|
|-damage|p2a: I Serve The Face|45/100 tox|[from] psn
|upkeep
|
|t:|1743875722
|switch|p1a: Ogerpon|Ogerpon-Wellspring, F|17/100
|-damage|p1a: Ogerpon|5/100|[from] Stealth Rock
|turn|31
|
|t:|1743875727
|move|p1a: Ogerpon|Horn Leech|p2a: I Serve The Face
|-supereffective|p2a: I Serve The Face
|-damage|p2a: I Serve The Face|0 fnt
|-heal|p1a: Ogerpon|32/100|[from] drain|[of] p2a: I Serve The Face
|faint|p2a: I Serve The Face
|-end|p2a: I Serve The Face|Protosynthesis|[silent]
|
|upkeep
|
|t:|1743875729
|switch|p2a: Corvfefe|Corviknight, M|77/100
|-ability|p2a: Corvfefe|Pressure
|turn|32
|
|t:|1743875735
|move|p1a: Ogerpon|Ivy Cudgel|p2a: Corvfefe|[anim] Ivy Cudgel Water
|-damage|p2a: Corvfefe|40/100
|move|p2a: Corvfefe|Brave Bird|p1a: Ogerpon
|-supereffective|p1a: Ogerpon
|-damage|p1a: Ogerpon|0 fnt
|faint|p1a: Ogerpon
|-damage|p2a: Corvfefe|32/100|[from] Recoil
|
|win|jero putero
|raw|G1 Forever's rating: 1366 &rarr; <strong>1346</strong><br />(-20 for losing)
|raw|jero putero's rating: 1362 &rarr; <strong>1382</strong><br />(+20 for winning)
|l|☆G1 Forever
|player|p1|
|l|☆jero putero
|player|p2|
