|j|☆nesnot
|j|☆Emmacomedora
|t:|1743834153
|gametype|singles
|player|p1|nesnot|266|1412
|player|p2|Emmacomedora|roughneck-gen4|1318
|teamsize|p1|6
|teamsize|p2|6
|gen|9
|tier|[Gen 9] OU
|rated|
|rule|HP Percentage Mod: HP is shown in percentages
|rule|Endless Battle Clause: Forcing endless battles is banned
|rule|Species Clause: Limit one of each Pokémon
|rule|OHKO Clause: OHKO moves are banned
|rule|Evasion Items Clause: Evasion items are banned
|rule|Evasion Moves Clause: Evasion moves are banned
|rule|Sleep Moves Clause: Sleep-inducing moves are banned
|clearpoke
|poke|p1|Salamence, M|
|poke|p1|Gyarados, F|
|poke|p1|Great Tusk|
|poke|p1|Iron Treads|
|poke|p1|Amoonguss, F|
|poke|p1|Darkrai|
|poke|p2|Swampert, F|
|poke|p2|Samurott-Hisui, M|
|poke|p2|Dondozo, F|
|poke|p2|Primarina, M|
|poke|p2|Volcanion|
|poke|p2|Rotom-Wash|
|teampreview
|inactive|Battle timer is ON: inactive players will automatically lose when time's up. (requested by nesnot)
|c|☆nesnot|Hf
|
|t:|1743834176
|start
|switch|p1a: Darkrai|Darkrai|100/100
|switch|p2a: Samurott|Samurott-Hisui, M, shiny|100/100
|turn|1
|c|☆Emmacomedora|u too
|
|t:|1743834181
|move|p1a: Darkrai|Will-O-Wisp|p2a: Samurott|[miss]
|-miss|p1a: Darkrai|p2a: Samurott
|move|p2a: Samurott|Aqua Cutter|p1a: Darkrai
|-damage|p1a: Darkrai|14/100
|-damage|p2a: Samurott|91/100|[from] item: Life Orb
|
|-heal|p1a: Darkrai|20/100|[from] item: Leftovers
|upkeep
|turn|2
|
|t:|1743834195
|move|p1a: Darkrai|Sludge Bomb|p2a: Samurott
|-damage|p2a: Samurott|41/100
|-status|p2a: Samurott|psn
|move|p2a: Samurott|Ceaseless Edge|p1a: Darkrai
|-resisted|p1a: Darkrai
|-damage|p1a: Darkrai|0 fnt
|-sidestart|p1: nesnot|Spikes
|faint|p1a: Darkrai
|-damage|p2a: Samurott|31/100 psn|[from] item: Life Orb
|
|-damage|p2a: Samurott|18/100 psn|[from] psn
|upkeep
|
|t:|1743834201
|switch|p1a: Iron Treads|Iron Treads|100/100
|-damage|p1a: Iron Treads|88/100|[from] Spikes
|turn|3
|
|t:|1743834216
|move|p1a: Iron Treads|Rapid Spin|p2a: Samurott
|-damage|p2a: Samurott|1/100 psn
|-boost|p1a: Iron Treads|spe|1
|-sideend|p1: nesnot|Spikes|[from] move: Rapid Spin|[of] p1a: Iron Treads
|move|p2a: Samurott|Aqua Cutter|p1a: Iron Treads
|-supereffective|p1a: Iron Treads
|-damage|p1a: Iron Treads|0 fnt
|faint|p1a: Iron Treads
|-end|p1a: Iron Treads|Quark Drive|[silent]
|-damage|p2a: Samurott|0 fnt|[from] item: Life Orb
|faint|p2a: Samurott
|
|upkeep
|
|t:|1743834231
|switch|p1a: Amoonguss|Amoonguss, F|100/100
|switch|p2a: Volcanion|Volcanion|100/100
|turn|4
|
|t:|1743834247
|move|p2a: Volcanion|Sludge Bomb|p1a: Amoonguss
|-damage|p1a: Amoonguss|69/100
|move|p1a: Amoonguss|Stun Spore|p2a: Volcanion|[miss]
|-miss|p1a: Amoonguss|p2a: Volcanion
|
|upkeep
|turn|5
|
|t:|1743834257
|move|p2a: Volcanion|Sludge Bomb|p1a: Amoonguss
|-damage|p1a: Amoonguss|35/100
|move|p1a: Amoonguss|Stun Spore|p2a: Volcanion|[miss]
|-miss|p1a: Amoonguss|p2a: Volcanion
|
|upkeep
|turn|6
|
|t:|1743834270
|move|p2a: Volcanion|Overheat|p1a: Amoonguss
|-supereffective|p1a: Amoonguss
|-damage|p1a: Amoonguss|0 fnt
|-unboost|p2a: Volcanion|spa|2
|faint|p1a: Amoonguss
|
|upkeep
|
|t:|1743834273
|switch|p1a: Gyarados|Gyarados, F|100/100
|turn|7
|
|t:|1743834280
|switch|p2a: Dondozo|Dondozo, F|100/100
|move|p1a: Gyarados|Substitute|p1a: Gyarados
|-start|p1a: Gyarados|Substitute
|-damage|p1a: Gyarados|76/100
|
|-heal|p1a: Gyarados|82/100|[from] item: Leftovers
|upkeep
|turn|8
|
|t:|1743834295
|-terastallize|p1a: Gyarados|Electric
|move|p1a: Gyarados|Tera Blast|p2a: Dondozo|[anim] Tera Blast Electric
|-supereffective|p2a: Dondozo
|-damage|p2a: Dondozo|48/100
|move|p2a: Dondozo|Body Slam|p1a: Gyarados
|-end|p1a: Gyarados|Substitute
|
|-heal|p1a: Gyarados|88/100|[from] item: Leftovers
|upkeep
|turn|9
|
|t:|1743834307
|switch|p2a: McSapão|Swampert, F|100/100
|move|p1a: Gyarados|Dragon Dance|p1a: Gyarados
|-boost|p1a: Gyarados|atk|1
|-boost|p1a: Gyarados|spe|1
|
|-heal|p1a: Gyarados|94/100|[from] item: Leftovers
|upkeep
|turn|10
|
|t:|1743834314
|move|p1a: Gyarados|Waterfall|p2a: McSapão
|-damage|p2a: McSapão|40/100
|move|p2a: McSapão|Earthquake|p1a: Gyarados
|-supereffective|p1a: Gyarados
|-damage|p1a: Gyarados|0 fnt
|faint|p1a: Gyarados
|
|upkeep
|
|t:|1743834320
|switch|p1a: Salamence|Salamence, M|100/100
|turn|11
|
|t:|1743834323
|move|p1a: Salamence|Dual Wingbeat|p2a: McSapão
|-damage|p2a: McSapão|14/100
|-damage|p2a: McSapão|0 fnt
|faint|p2a: McSapão
|-ability|p1a: Salamence|Moxie|boost
|-boost|p1a: Salamence|atk|1
|-hitcount|p2: McSapão|2
|-damage|p1a: Salamence|91/100|[from] item: Life Orb
|
|upkeep
|
|t:|1743834335
|switch|p2a: Rotom|Rotom-Wash, shiny|100/100
|turn|12
|
|t:|1743834353
|move|p1a: Salamence|Dual Wingbeat|p2a: Rotom
|-resisted|p2a: Rotom
|-damage|p2a: Rotom|72/100
|-resisted|p2a: Rotom
|-damage|p2a: Rotom|43/100
|-hitcount|p2a: Rotom|2
|-damage|p1a: Salamence|81/100|[from] item: Life Orb
|move|p2a: Rotom|Will-O-Wisp|p1a: Salamence
|-status|p1a: Salamence|brn
|
|-damage|p1a: Salamence|75/100 brn|[from] brn
|upkeep
|turn|13
|c|☆Emmacomedora|gg
|inactive|nesnot has 120 seconds left.
|inactive|nesnot has 90 seconds left.
|
|t:|1743834419
|move|p1a: Salamence|Dual Wingbeat|p2a: Rotom
|-resisted|p2a: Rotom
|-damage|p2a: Rotom|29/100
|-resisted|p2a: Rotom
|-damage|p2a: Rotom|12/100
|-hitcount|p2a: Rotom|2
|-damage|p1a: Salamence|65/100 brn|[from] item: Life Orb
|move|p2a: Rotom|Thunderbolt|p1a: Salamence
|-damage|p1a: Salamence|1/100 brn
|-damage|p2a: Rotom|2/100|[from] item: Life Orb
|
|-damage|p1a: Salamence|0 fnt|[from] brn
|faint|p1a: Salamence
|upkeep
|inactive|nesnot has 60 seconds left.
|inactive|nesnot has 30 seconds left.
|inactive|nesnot has 20 seconds left.
|inactive|nesnot has 15 seconds left.
|inactive|nesnot has 10 seconds left.
|inactive|nesnot has 5 seconds left.
|-message|nesnot lost due to inactivity.
|
|win|Emmacomedora
|raw|nesnot's rating: 1373 &rarr; <strong>1350</strong><br />(-23 for losing)
|raw|Emmacomedora's rating: 1318 &rarr; <strong>1341</strong><br />(+23 for winning)
|l|☆Emmacomedora
|player|p2|
