|j|☆slvd_patito
|j|☆Quintesshou
|t:|1743877192
|gametype|singles
|player|p1|slvd_patito|policeman-gen4|1085
|player|p2|Quintesshou|clerkf|1113
|teamsize|p1|6
|teamsize|p2|6
|gen|9
|tier|[Gen 9] OU
|rated|
|rule|HP Percentage Mod: HP is shown in percentages
|rule|Endless Battle Clause: Forcing endless battles is banned
|rule|Species Clause: Limit one of each Pokémon
|rule|OHKO Clause: OHKO moves are banned
|rule|Evasion Items Clause: Evasion items are banned
|rule|Evasion Moves Clause: Evasion moves are banned
|rule|Sleep Moves Clause: Sleep-inducing moves are banned
|clearpoke
|poke|p1|Pelipper, M|
|poke|p1|Swampert, F|
|poke|p1|Ludicolo, F|
|poke|p1|Zapdos|
|poke|p1|Dondozo, M|
|poke|p1|Blastoise, F|
|poke|p2|Ninetales-Alola, F|
|poke|p2|Frosmoth, F|
|poke|p2|Cetitan, F|
|poke|p2|Glaceon, F|
|poke|p2|Dewgong, F|
|poke|p2|Abomasnow, F|
|teampreview
|inactive|Battle timer is ON: inactive players will automatically lose when time's up. (requested by Quintesshou)
|j| Rhrbbehdhsbbs
|
|t:|1743877202
|start
|switch|p1a: Pelipper|Pelipper, M|100/100
|switch|p2a: Glaceon|Glaceon, F, shiny|100/100
|-weather|RainDance|[from] ability: Drizzle|[of] p1a: Pelipper
|turn|1
|
|t:|1743877215
|switch|p1a: Bamo a dormir|Blastoise, F|100/100
|move|p2a: Glaceon|Freeze-Dry|p1a: Bamo a dormir
|-supereffective|p1a: Bamo a dormir
|-damage|p1a: Bamo a dormir|10/100
|-damage|p2a: Glaceon|91/100|[from] item: Life Orb
|
|-weather|RainDance|[upkeep]
|-heal|p1a: Bamo a dormir|16/100|[from] ability: Rain Dish
|-heal|p1a: Bamo a dormir|22/100|[from] item: Leftovers
|upkeep
|turn|2
|
|t:|1743877225
|move|p1a: Bamo a dormir|Protect|p1a: Bamo a dormir
|-singleturn|p1a: Bamo a dormir|Protect
|move|p2a: Glaceon|Freeze-Dry|p1a: Bamo a dormir
|-activate|p1a: Bamo a dormir|move: Protect
|
|-weather|RainDance|[upkeep]
|-heal|p1a: Bamo a dormir|28/100|[from] ability: Rain Dish
|-heal|p1a: Bamo a dormir|34/100|[from] item: Leftovers
|upkeep
|turn|3
|
|t:|1743877241
|-terastallize|p1a: Bamo a dormir|Steel
|move|p2a: Glaceon|Freeze-Dry|p1a: Bamo a dormir
|-resisted|p1a: Bamo a dormir
|-damage|p1a: Bamo a dormir|10/100
|-status|p1a: Bamo a dormir|frz
|-damage|p2a: Glaceon|81/100|[from] item: Life Orb
|-curestatus|p1a: Bamo a dormir|frz|[msg]
|move|p1a: Bamo a dormir|Rapid Spin|p2a: Glaceon
|-crit|p2a: Glaceon
|-damage|p2a: Glaceon|64/100
|-boost|p1a: Bamo a dormir|spe|1
|
|-weather|RainDance|[upkeep]
|-heal|p1a: Bamo a dormir|16/100|[from] ability: Rain Dish
|-heal|p1a: Bamo a dormir|22/100|[from] item: Leftovers
|upkeep
|turn|4
|
|t:|1743877259
|-terastallize|p2a: Glaceon|Ground
|move|p1a: Bamo a dormir|Protect|p1a: Bamo a dormir
|-singleturn|p1a: Bamo a dormir|Protect
|move|p2a: Glaceon|Tera Blast|p1a: Bamo a dormir|[anim] Tera Blast Ground
|-activate|p1a: Bamo a dormir|move: Protect
|
|-weather|RainDance|[upkeep]
|-heal|p1a: Bamo a dormir|28/100|[from] ability: Rain Dish
|-heal|p1a: Bamo a dormir|34/100|[from] item: Leftovers
|upkeep
|turn|5
|
|t:|1743877273
|move|p1a: Bamo a dormir|Water Spout|p2a: Glaceon
|-supereffective|p2a: Glaceon
|-damage|p2a: Glaceon|0 fnt
|faint|p2a: Glaceon
|
|-weather|none
|-heal|p1a: Bamo a dormir|40/100|[from] item: Leftovers
|upkeep
|
|t:|1743877286
|switch|p2a: Abomasnow|Abomasnow, F, shiny|100/100
|-weather|Snowscape|[from] ability: Snow Warning|[of] p2a: Abomasnow
|turn|6
|
|t:|1743877291
|move|p1a: Bamo a dormir|Aqua Ring|p1a: Bamo a dormir
|-start|p1a: Bamo a dormir|Aqua Ring
|move|p2a: Abomasnow|Earthquake|p1a: Bamo a dormir
|-supereffective|p1a: Bamo a dormir
|-damage|p1a: Bamo a dormir|0 fnt
|faint|p1a: Bamo a dormir
|
|-weather|Snowscape|[upkeep]
|upkeep
|
|t:|1743877299
|switch|p1a: Zap zap|Zapdos, shiny|100/100
|turn|7
|
|t:|1743877305
|move|p1a: Zap zap|Hurricane|p2a: Abomasnow
|-supereffective|p2a: Abomasnow
|-damage|p2a: Abomasnow|4/100
|-start|p2a: Abomasnow|confusion
|-activate|p2a: Abomasnow|confusion
|-damage|p2a: Abomasnow|0 fnt|[from] confusion
|faint|p2a: Abomasnow
|
|-weather|Snowscape|[upkeep]
|upkeep
|
|t:|1743877317
|switch|p2a: Cetitan|Cetitan, F, shiny|100/100
|turn|8
|
|t:|1743877328
|move|p2a: Cetitan|Belly Drum|p2a: Cetitan
|-damage|p2a: Cetitan|50/100
|-setboost|p2a: Cetitan|atk|6|[from] move: Belly Drum
|-enditem|p2a: Cetitan|Sitrus Berry|[eat]
|-heal|p2a: Cetitan|75/100|[from] item: Sitrus Berry
|move|p1a: Zap zap|Weather Ball|p2a: Cetitan
|-resisted|p2a: Cetitan
|-damage|p2a: Cetitan|63/100
|
|-weather|Snowscape|[upkeep]
|upkeep
|turn|9
|
|t:|1743877341
|move|p2a: Cetitan|Knock Off|p1a: Zap zap
|-damage|p1a: Zap zap|0 fnt
|-status|p2a: Cetitan|par|[from] ability: Static|[of] p1a: Zap zap
|-enditem|p1a: Zap zap|Heavy-Duty Boots|[from] move: Knock Off|[of] p2a: Cetitan
|faint|p1a: Zap zap
|
|-weather|Snowscape|[upkeep]
|upkeep
|
|t:|1743877347
|switch|p1a: Ludicolo|Ludicolo, F|100/100
|turn|10
|
|t:|1743877354
|move|p1a: Ludicolo|Rain Dance|p1a: Ludicolo
|-weather|RainDance
|move|p2a: Cetitan|Knock Off|p1a: Ludicolo
|-damage|p1a: Ludicolo|0 fnt
|-enditem|p1a: Ludicolo|Leftovers|[from] move: Knock Off|[of] p2a: Cetitan
|faint|p1a: Ludicolo
|
|-weather|RainDance|[upkeep]
|upkeep
|
|t:|1743877359
|switch|p1a: Pelipper|Pelipper, M|100/100
|turn|11
|
|t:|1743877365
|move|p1a: Pelipper|Weather Ball|p2a: Cetitan
|-damage|p2a: Cetitan|0 fnt
|faint|p2a: Cetitan
|
|-weather|RainDance|[upkeep]
|upkeep
|
|t:|1743877376
|switch|p2a: Ninetales|Ninetales-Alola, F, shiny|100/100
|-weather|Snowscape|[from] ability: Snow Warning|[of] p2a: Ninetales
|turn|12
|
|t:|1743877386
|switch|p1a: Para rayos|Swampert, F|100/100
|move|p2a: Ninetales|Aurora Veil|p2a: Ninetales
|-sidestart|p2: Quintesshou|move: Aurora Veil
|
|-weather|Snowscape|[upkeep]
|upkeep
|turn|13
|
|t:|1743877393
|move|p2a: Ninetales|Nasty Plot|p2a: Ninetales
|-boost|p2a: Ninetales|spa|2
|move|p1a: Para rayos|Roar|p2a: Ninetales
|drag|p2a: Frosmoth|Frosmoth, F, shiny|100/100
|
|-weather|Snowscape|[upkeep]
|upkeep
|turn|14
|
|t:|1743877416
|move|p1a: Para rayos|Rain Dance|p1a: Para rayos
|-weather|RainDance
|move|p2a: Frosmoth|Blizzard|p1a: Para rayos
|-damage|p1a: Para rayos|48/100
|
|-weather|RainDance|[upkeep]
|upkeep
|turn|15
|
|t:|1743877429
|move|p1a: Para rayos|Earthquake|p2a: Frosmoth
|-resisted|p2a: Frosmoth
|-damage|p2a: Frosmoth|82/100
|move|p2a: Frosmoth|Blizzard|p1a: Para rayos
|-damage|p1a: Para rayos|0 fnt
|faint|p1a: Para rayos
|
|-weather|RainDance|[upkeep]
|upkeep
|
|t:|1743877436
|switch|p1a: Dondozo|Dondozo, M|100/100
|turn|16
|
|t:|1743877441
|switch|p2a: Ninetales|Ninetales-Alola, F, shiny|100/100
|-weather|Snowscape|[from] ability: Snow Warning|[of] p2a: Ninetales
|move|p1a: Dondozo|Curse|p1a: Dondozo
|-unboost|p1a: Dondozo|spe|1
|-boost|p1a: Dondozo|atk|1
|-boost|p1a: Dondozo|def|1
|
|-weather|Snowscape|[upkeep]
|upkeep
|turn|17
|
|t:|1743877452
|switch|p2a: Dewgong|Dewgong, F, shiny|100/100
|move|p1a: Dondozo|Curse|p1a: Dondozo
|-unboost|p1a: Dondozo|spe|1
|-boost|p1a: Dondozo|atk|1
|-boost|p1a: Dondozo|def|1
|
|-weather|Snowscape|[upkeep]
|upkeep
|turn|18
|
|t:|1743877462
|move|p2a: Dewgong|Perish Song|p2a: Dewgong
|-start|p1a: Dondozo|perish3|[silent]
|-start|p2a: Dewgong|perish3|[silent]
|-fieldactivate|move: Perish Song
|move|p1a: Dondozo|Curse|p1a: Dondozo
|-unboost|p1a: Dondozo|spe|1
|-boost|p1a: Dondozo|atk|1
|-boost|p1a: Dondozo|def|1
|
|-weather|Snowscape|[upkeep]
|-start|p2a: Dewgong|perish3
|-start|p1a: Dondozo|perish3
|upkeep
|turn|19
|
|t:|1743877474
|move|p2a: Dewgong|Protect|p2a: Dewgong
|-singleturn|p2a: Dewgong|Protect
|move|p1a: Dondozo|Curse|p1a: Dondozo
|-unboost|p1a: Dondozo|spe|1
|-boost|p1a: Dondozo|atk|1
|-boost|p1a: Dondozo|def|1
|
|-weather|Snowscape|[upkeep]
|-start|p2a: Dewgong|perish2
|-start|p1a: Dondozo|perish2
|-sideend|p2: Quintesshou|move: Aurora Veil
|upkeep
|turn|20
|
|t:|1743877485
|move|p2a: Dewgong|Protect||[still]
|-fail|p2a: Dewgong
|move|p1a: Dondozo|Curse|p1a: Dondozo
|-unboost|p1a: Dondozo|spe|1
|-boost|p1a: Dondozo|atk|1
|-boost|p1a: Dondozo|def|1
|
|-weather|none
|-start|p2a: Dewgong|perish1
|-start|p1a: Dondozo|perish1
|upkeep
|turn|21
|
|t:|1743877501
|switch|p2a: Ninetales|Ninetales-Alola, F, shiny|100/100
|-weather|Snowscape|[from] ability: Snow Warning|[of] p2a: Ninetales
|move|p1a: Dondozo|Curse|p1a: Dondozo
|-unboost|p1a: Dondozo|spe|1
|-boost|p1a: Dondozo|atk|1
|-boost|p1a: Dondozo|def|1
|
|-weather|Snowscape|[upkeep]
|-start|p1a: Dondozo|perish0
|upkeep
|faint|p1a: Dondozo
|
|t:|1743877512
|switch|p1a: Pelipper|Pelipper, M|100/100
|-weather|RainDance|[from] ability: Drizzle|[of] p1a: Pelipper
|turn|22
|
|t:|1743877518
|switch|p2a: Dewgong|Dewgong, F, shiny|100/100
|move|p1a: Pelipper|Hurricane|p2a: Dewgong
|-damage|p2a: Dewgong|61/100
|
|-weather|RainDance|[upkeep]
|-heal|p2a: Dewgong|67/100|[from] item: Leftovers
|upkeep
|turn|23
|
|t:|1743877526
|move|p1a: Pelipper|Protect|p1a: Pelipper
|-singleturn|p1a: Pelipper|Protect
|move|p2a: Dewgong|Perish Song|p2a: Dewgong
|-start|p1a: Pelipper|perish3|[silent]
|-start|p2a: Dewgong|perish3|[silent]
|-fieldactivate|move: Perish Song
|
|-weather|RainDance|[upkeep]
|-heal|p2a: Dewgong|73/100|[from] item: Leftovers
|-start|p1a: Pelipper|perish3
|-start|p2a: Dewgong|perish3
|upkeep
|turn|24
|
|t:|1743877537
|move|p2a: Dewgong|Protect|p2a: Dewgong
|-singleturn|p2a: Dewgong|Protect
|move|p1a: Pelipper|Weather Ball|p2a: Dewgong
|-activate|p2a: Dewgong|move: Protect
|
|-weather|RainDance|[upkeep]
|-heal|p2a: Dewgong|80/100|[from] item: Leftovers
|-start|p1a: Pelipper|perish2
|-start|p2a: Dewgong|perish2
|upkeep
|turn|25
|
|t:|1743877547
|switch|p2a: Ninetales|Ninetales-Alola, F, shiny|100/100
|-weather|Snowscape|[from] ability: Snow Warning|[of] p2a: Ninetales
|move|p1a: Pelipper|Weather Ball|p2a: Ninetales
|-resisted|p2a: Ninetales
|-damage|p2a: Ninetales|82/100
|
|-weather|Snowscape|[upkeep]
|-start|p1a: Pelipper|perish1
|upkeep
|turn|26
|
|t:|1743877569
|move|p2a: Ninetales|Nasty Plot|p2a: Ninetales
|-boost|p2a: Ninetales|spa|2
|move|p1a: Pelipper|Hurricane|p2a: Ninetales
|-damage|p2a: Ninetales|29/100
|
|-weather|Snowscape|[upkeep]
|-start|p1a: Pelipper|perish0
|upkeep
|faint|p1a: Pelipper
|
|win|Quintesshou
|raw|slvd_patito's rating: 1085 &rarr; <strong>1064</strong><br />(-21 for losing)
|raw|Quintesshou's rating: 1113 &rarr; <strong>1136</strong><br />(+23 for winning)
|l|☆Quintesshou
|player|p2|
|l| Rhrbbehdhsbbs
|l|☆slvd_patito
|player|p1|
