|j|☆gigagarhomp
|j|☆smashbros87878
|t:|1743865727
|gametype|singles
|player|p1|gigagarhomp|101|1069
|player|p2|smashbros87878|101|1053
|teamsize|p1|6
|teamsize|p2|6
|gen|9
|tier|[Gen 9] OU
|rated|
|rule|HP Percentage Mod: HP is shown in percentages
|rule|Endless Battle Clause: Forcing endless battles is banned
|rule|Species Clause: Limit one of each Pokémon
|rule|OHKO Clause: OHKO moves are banned
|rule|Evasion Items Clause: Evasion items are banned
|rule|Evasion Moves Clause: Evasion moves are banned
|rule|Sleep Moves Clause: Sleep-inducing moves are banned
|clearpoke
|poke|p1|Garchomp, M|
|poke|p1|Rillaboom, M|
|poke|p1|Corviknight, M|
|poke|p1|Kommo-o, M|
|poke|p1|Incineroar, M|
|poke|p1|Darkrai|
|poke|p2|Dondozo, F|
|poke|p2|Dragonite, F|
|poke|p2|Gholdengo|
|poke|p2|Kingambit, F|
|poke|p2|Porygon2|
|poke|p2|Kommo-o, F|
|teampreview
|inactive|Battle timer is ON: inactive players will automatically lose when time's up. (requested by smashbros87878)
|c|☆smashbros87878|Can you sub to my channel
|
|t:|1743865755
|start
|switch|p1a: Kommo-o|Kommo-o, M|100/100
|switch|p2a: Dragonite|Dragonite, F, shiny|100/100
|turn|1
|
|t:|1743865763
|move|p1a: Kommo-o|Clanging Scales|p2a: Dragonite
|-supereffective|p2a: Dragonite
|-damage|p2a: Dragonite|47/100
|-unboost|p1a: Kommo-o|def|1
|-enditem|p1a: Kommo-o|Throat Spray
|-boost|p1a: Kommo-o|spa|1|[from] item: Throat Spray
|move|p2a: Dragonite|Earthquake|p1a: Kommo-o
|-damage|p1a: Kommo-o|29/100
|-damage|p2a: Dragonite|37/100|[from] item: Life Orb
|
|upkeep
|turn|2
|
|t:|1743865773
|-terastallize|p2a: Dragonite|Normal
|move|p2a: Dragonite|Extreme Speed|p1a: Kommo-o
|-damage|p1a: Kommo-o|0 fnt
|faint|p1a: Kommo-o
|-damage|p2a: Dragonite|27/100|[from] item: Life Orb
|
|upkeep
|
|t:|1743865781
|switch|p1a: Garchomp|Garchomp, M|100/100
|turn|3
|
|t:|1743865785
|move|p2a: Dragonite|Extreme Speed|p1a: Garchomp
|-damage|p1a: Garchomp|46/100
|-damage|p2a: Dragonite|14/100|[from] ability: Rough Skin|[of] p1a: Garchomp
|-damage|p2a: Dragonite|5/100|[from] item: Life Orb
|move|p1a: Garchomp|Scale Shot|p2a: Dragonite
|-damage|p2a: Dragonite|0 fnt
|faint|p2a: Dragonite
|-hitcount|p2: Dragonite|1
|-unboost|p1a: Garchomp|def|1
|-boost|p1a: Garchomp|spe|1
|
|upkeep
|
|t:|1743865799
|switch|p2a: Dondozo|Dondozo, F|100/100
|turn|4
|
|t:|1743865805
|switch|p1a: Corviknight|Corviknight, M|100/100
|move|p2a: Dondozo|Curse|p2a: Dondozo
|-unboost|p2a: Dondozo|spe|1
|-boost|p2a: Dondozo|atk|1
|-boost|p2a: Dondozo|def|1
|
|upkeep
|turn|5
|
|t:|1743865813
|move|p1a: Corviknight|Body Press|p2a: Dondozo
|-damage|p2a: Dondozo|94/100
|-damage|p1a: Corviknight|84/100|[from] item: Rocky Helmet|[of] p2a: Dondozo
|move|p2a: Dondozo|Curse|p2a: Dondozo
|-unboost|p2a: Dondozo|spe|1
|-boost|p2a: Dondozo|atk|1
|-boost|p2a: Dondozo|def|1
|
|upkeep
|turn|6
|
|t:|1743865835
|switch|p1a: Darkrai|Darkrai|100/100
|move|p2a: Dondozo|Curse|p2a: Dondozo
|-unboost|p2a: Dondozo|spe|1
|-boost|p2a: Dondozo|atk|1
|-boost|p2a: Dondozo|def|1
|
|upkeep
|turn|7
|
|t:|1743865850
|move|p1a: Darkrai|Dark Pulse|p2a: Dondozo
|-damage|p2a: Dondozo|34/100
|move|p2a: Dondozo|Wave Crash|p1a: Darkrai
|-damage|p1a: Darkrai|0 fnt
|faint|p1a: Darkrai
|-damage|p2a: Dondozo|16/100|[from] Recoil
|
|upkeep
|
|t:|1743865858
|switch|p1a: Rillaboom|Rillaboom, M|100/100
|-fieldstart|move: Grassy Terrain|[from] ability: Grassy Surge|[of] p1a: Rillaboom
|turn|8
|
|t:|1743865862
|move|p1a: Rillaboom|Grassy Glide|p2a: Dondozo
|-supereffective|p2a: Dondozo
|-damage|p2a: Dondozo|0 fnt
|-damage|p1a: Rillaboom|84/100|[from] item: Rocky Helmet|[of] p2a: Dondozo
|faint|p2a: Dondozo
|
|-heal|p1a: Rillaboom|90/100|[from] Grassy Terrain
|upkeep
|
|t:|1743865873
|switch|p2a: Kommo-o|Kommo-o, F|100/100
|turn|9
|
|t:|1743865881
|move|p1a: Rillaboom|Grassy Glide|p2a: Kommo-o
|-resisted|p2a: Kommo-o
|-damage|p2a: Kommo-o|74/100
|move|p2a: Kommo-o|Clangorous Soul|p2a: Kommo-o
|-boost|p2a: Kommo-o|atk|1
|-boost|p2a: Kommo-o|def|1
|-boost|p2a: Kommo-o|spa|1
|-boost|p2a: Kommo-o|spd|1
|-boost|p2a: Kommo-o|spe|1
|-damage|p2a: Kommo-o|41/100
|-enditem|p2a: Kommo-o|Throat Spray
|-boost|p2a: Kommo-o|spa|1|[from] item: Throat Spray
|
|-heal|p2a: Kommo-o|47/100|[from] Grassy Terrain
|-heal|p1a: Rillaboom|96/100|[from] Grassy Terrain
|upkeep
|turn|10
|
|t:|1743865894
|move|p1a: Rillaboom|Grassy Glide|p2a: Kommo-o
|-resisted|p2a: Kommo-o
|-damage|p2a: Kommo-o|30/100
|move|p2a: Kommo-o|Flamethrower|p1a: Rillaboom
|-supereffective|p1a: Rillaboom
|-damage|p1a: Rillaboom|0 fnt
|faint|p1a: Rillaboom
|
|-heal|p2a: Kommo-o|36/100|[from] Grassy Terrain
|upkeep
|
|t:|1743865903
|switch|p1a: Garchomp|Garchomp, M|46/100
|turn|11
|
|t:|1743865910
|move|p2a: Kommo-o|Boomburst|p1a: Garchomp
|-damage|p1a: Garchomp|0 fnt
|faint|p1a: Garchomp
|
|-heal|p2a: Kommo-o|42/100|[from] Grassy Terrain
|upkeep
|
|t:|1743865915
|switch|p1a: Incineroar|Incineroar, M|100/100
|-ability|p1a: Incineroar|Intimidate|boost
|-unboost|p2a: Kommo-o|atk|1
|turn|12
|
|t:|1743865923
|move|p2a: Kommo-o|Boomburst|p1a: Incineroar
|-damage|p1a: Incineroar|51/100
|move|p1a: Incineroar|Knock Off|p2a: Kommo-o
|-resisted|p2a: Kommo-o
|-damage|p2a: Kommo-o|34/100
|
|-heal|p2a: Kommo-o|40/100|[from] Grassy Terrain
|-heal|p1a: Incineroar|57/100|[from] Grassy Terrain
|-fieldend|move: Grassy Terrain
|upkeep
|turn|13
|
|t:|1743865934
|move|p2a: Kommo-o|Boomburst|p1a: Incineroar
|-damage|p1a: Incineroar|11/100
|move|p1a: Incineroar|U-turn|p2a: Kommo-o
|-resisted|p2a: Kommo-o
|-damage|p2a: Kommo-o|33/100
|
|t:|1743865939
|switch|p1a: Corviknight|Corviknight, M|84/100|[from] U-turn
|
|upkeep
|turn|14
|
|t:|1743865944
|move|p2a: Kommo-o|Flamethrower|p1a: Corviknight
|-supereffective|p1a: Corviknight
|-damage|p1a: Corviknight|0 fnt
|faint|p1a: Corviknight
|
|upkeep
|
|t:|1743865950
|switch|p1a: Incineroar|Incineroar, M|11/100
|-ability|p1a: Incineroar|Intimidate|boost
|-unboost|p2a: Kommo-o|atk|1
|turn|15
|
|t:|1743865954
|move|p2a: Kommo-o|Boomburst|p1a: Incineroar
|-damage|p1a: Incineroar|0 fnt
|faint|p1a: Incineroar
|
|win|smashbros87878
|raw|gigagarhomp's rating: 1069 &rarr; <strong>1048</strong><br />(-21 for losing)
|raw|smashbros87878's rating: 1053 &rarr; <strong>1087</strong><br />(+34 for winning)
