|j|‽Posty26291
|j|☆Ash's First Girl
|t:|1743886156
|gametype|singles
|player|p1|Posty26291|1|1239
|player|p2|Ash's First Girl|bruno-gen2|1293
|teamsize|p1|6
|teamsize|p2|6
|gen|9
|tier|[Gen 9] OU
|rated|
|rule|HP Percentage Mod: HP is shown in percentages
|rule|Endless Battle Clause: Forcing endless battles is banned
|rule|Species Clause: Limit one of each Pokémon
|rule|OHKO Clause: OHKO moves are banned
|rule|Evasion Items Clause: Evasion items are banned
|rule|Evasion Moves Clause: Evasion moves are banned
|rule|Sleep Moves Clause: Sleep-inducing moves are banned
|clearpoke
|poke|p1|Araquanid, M|
|poke|p1|Garganacl, M|
|poke|p1|Glimmora, F|
|poke|p1|Comfey, F|
|poke|p1|Latias, F|
|poke|p1|Cinderace, F|
|poke|p2|Scizor, M|
|poke|p2|Tinkaton, F|
|poke|p2|Arcanine-Hisui, F|
|poke|p2|Zapdos|
|poke|p2|Primarina, F|
|poke|p2|Ursaluna, F|
|teampreview
|inactive|Battle timer is ON: inactive players will automatically lose when time's up. (requested by Posty26291)
|
|t:|1743886192
|start
|switch|p1a: Glimmora|Glimmora, F, shiny|100/100
|switch|p2a: Dynamite|Arcanine-Hisui, F|100/100
|turn|1
|
|t:|1743886202
|move|p2a: Dynamite|Head Smash|p1a: Glimmora
|-damage|p1a: Glimmora|9/100
|-activate|p1a: Glimmora|ability: Toxic Debris
|-sidestart|p2: Ash's First Girl|move: Toxic Spikes
|move|p1a: Glimmora|Toxic|p2a: Dynamite
|-status|p2a: Dynamite|tox
|
|-damage|p2a: Dynamite|94/100 tox|[from] psn
|upkeep
|turn|2
|
|t:|1743886212
|move|p2a: Dynamite|Head Smash|p1a: Glimmora
|-damage|p1a: Glimmora|0 fnt
|-activate|p1a: Glimmora|ability: Toxic Debris
|-sidestart|p2: Ash's First Girl|move: Toxic Spikes
|faint|p1a: Glimmora
|
|-damage|p2a: Dynamite|82/100 tox|[from] psn
|upkeep
|
|t:|1743886224
|switch|p1a: Araquanid|Araquanid, M, shiny|100/100
|turn|3
|
|t:|1743886235
|move|p2a: Dynamite|Head Smash|p1a: Araquanid|[miss]
|-miss|p2a: Dynamite|p1a: Araquanid
|move|p1a: Araquanid|Liquidation|p2a: Dynamite
|-supereffective|p2a: Dynamite
|-damage|p2a: Dynamite|0 fnt
|faint|p2a: Dynamite
|
|upkeep
|
|t:|1743886244
|switch|p2a: Sylvester|Scizor, M|100/100
|turn|4
|
|t:|1743886248
|-terastallize|p2a: Sylvester|Water
|move|p2a: Sylvester|Swords Dance|p2a: Sylvester
|-boost|p2a: Sylvester|atk|2
|move|p1a: Araquanid|Sticky Web|p2a: Sylvester
|-sidestart|p2: Ash's First Girl|move: Sticky Web
|
|upkeep
|turn|5
|
|t:|1743886256
|move|p2a: Sylvester|Swords Dance|p2a: Sylvester
|-boost|p2a: Sylvester|atk|2
|move|p1a: Araquanid|Trailblaze|p2a: Sylvester
|-supereffective|p2a: Sylvester
|-damage|p2a: Sylvester|84/100
|-boost|p1a: Araquanid|spe|1
|
|-heal|p2a: Sylvester|90/100|[from] item: Leftovers
|upkeep
|turn|6
|
|t:|1743886270
|move|p1a: Araquanid|Leech Life|p2a: Sylvester
|-damage|p2a: Sylvester|71/100
|move|p2a: Sylvester|Swords Dance|p2a: Sylvester
|-boost|p2a: Sylvester|atk|2
|
|-heal|p2a: Sylvester|77/100|[from] item: Leftovers
|upkeep
|turn|7
|
|t:|1743886279
|move|p2a: Sylvester|Bullet Punch|p1a: Araquanid
|-resisted|p1a: Araquanid
|-damage|p1a: Araquanid|38/100
|-damage|p2a: Sylvester|61/100|[from] item: Rocky Helmet|[of] p1a: Araquanid
|move|p1a: Araquanid|Trailblaze|p2a: Sylvester
|-supereffective|p2a: Sylvester
|-damage|p2a: Sylvester|43/100
|-boost|p1a: Araquanid|spe|1
|
|-heal|p2a: Sylvester|49/100|[from] item: Leftovers
|upkeep
|turn|8
|inactive|Ash's First Girl has 120 seconds left.
|
|t:|1743886309
|move|p2a: Sylvester|Bullet Punch|p1a: Araquanid
|-resisted|p1a: Araquanid
|-damage|p1a: Araquanid|0 fnt
|-damage|p2a: Sylvester|33/100|[from] item: Rocky Helmet|[of] p1a: Araquanid
|faint|p1a: Araquanid
|
|-heal|p2a: Sylvester|39/100|[from] item: Leftovers
|upkeep
|inactive|Posty26291 has 120 seconds left.
|inactive|Posty26291 has 90 seconds left.
|
|t:|1743886367
|switch|p1a: Comfey|Comfey, F, shiny|100/100
|turn|9
|
|t:|1743886374
|move|p1a: Comfey|Giga Drain|p2a: Sylvester
|-supereffective|p2a: Sylvester
|-damage|p2a: Sylvester|5/100
|move|p2a: Sylvester|Bullet Punch|p1a: Comfey
|-supereffective|p1a: Comfey
|-damage|p1a: Comfey|0 fnt
|faint|p1a: Comfey
|
|-heal|p2a: Sylvester|11/100|[from] item: Leftovers
|upkeep
|
|t:|1743886385
|switch|p1a: Cinderace|Cinderace, F, shiny|100/100
|turn|10
|
|t:|1743886393
|move|p2a: Sylvester|Bullet Punch|p1a: Cinderace
|-resisted|p1a: Cinderace
|-damage|p1a: Cinderace|0 fnt
|faint|p1a: Cinderace
|
|-heal|p2a: Sylvester|17/100|[from] item: Leftovers
|upkeep
|
|t:|1743886403
|switch|p1a: Latias|Latias, F, shiny|100/100
|turn|11
|
|t:|1743886411
|-terastallize|p1a: Latias|Electric
|move|p2a: Sylvester|Bullet Punch|p1a: Latias
|-resisted|p1a: Latias
|-damage|p1a: Latias|43/100
|move|p1a: Latias|Draining Kiss|p2a: Sylvester
|-damage|p2a: Sylvester|1/100
|-heal|p1a: Latias|56/100|[from] drain|[of] p2a: Sylvester
|
|-heal|p1a: Latias|62/100|[from] item: Leftovers
|-heal|p2a: Sylvester|7/100|[from] item: Leftovers
|upkeep
|turn|12
|
|t:|1743886424
|move|p2a: Sylvester|Bullet Punch|p1a: Latias
|-resisted|p1a: Latias
|-damage|p1a: Latias|6/100
|move|p1a: Latias|Agility|p1a: Latias
|-boost|p1a: Latias|spe|2
|
|-heal|p1a: Latias|12/100|[from] item: Leftovers
|-heal|p2a: Sylvester|13/100|[from] item: Leftovers
|upkeep
|turn|13
|
|t:|1743886434
|move|p2a: Sylvester|Bullet Punch|p1a: Latias
|-resisted|p1a: Latias
|-damage|p1a: Latias|0 fnt
|faint|p1a: Latias
|
|-heal|p2a: Sylvester|19/100|[from] item: Leftovers
|upkeep
|
|t:|1743886443
|switch|p1a: Garganacl|Garganacl, M, shiny|100/100
|turn|14
|inactive|Posty26291 has 90 seconds left.
|
|t:|1743886473
|move|p2a: Sylvester|Bullet Punch|p1a: Garganacl
|-supereffective|p1a: Garganacl
|-damage|p1a: Garganacl|0 fnt
|-damage|p2a: Sylvester|3/100|[from] item: Rocky Helmet|[of] p1a: Garganacl
|faint|p1a: Garganacl
|
|win|Ash's First Girl
|raw|Posty26291's rating: 1239 &rarr; <strong>1218</strong><br />(-21 for losing)
|raw|Ash&apos;s First Girl's rating: 1293 &rarr; <strong>1314</strong><br />(+21 for winning)
