|j|☆FutureRelic
|j|☆dwilson790
|t:|1743820666
|gametype|singles
|player|p1|FutureRelic|ruinmaniac|
|player|p2|dwilson790|170|
|teamsize|p1|6
|teamsize|p2|6
|gen|9
|tier|[Gen 9] OU
|rule|HP Percentage Mod: HP is shown in percentages
|rule|Endless Battle Clause: Forcing endless battles is banned
|rule|Species Clause: Limit one of each Pokémon
|rule|OHKO Clause: OHKO moves are banned
|rule|Evasion Items Clause: Evasion items are banned
|rule|Evasion Moves Clause: Evasion moves are banned
|rule|Sleep Moves Clause: Sleep-inducing moves are banned
|clearpoke
|poke|p1|Ogerpon-Cornerstone, F|
|poke|p1|Gholdengo|
|poke|p1|Iron Moth|
|poke|p1|Ursaluna, M|
|poke|p1|Gyarados, M|
|poke|p1|Enamorus-Therian, F|
|poke|p2|Kyurem|
|poke|p2|Slowking, M|
|poke|p2|Excadrill, F|
|poke|p2|Ting-Lu|
|poke|p2|Infernape, M|
|poke|p2|Magnezone|
|teampreview
|j| Wolfbane696
|j| AlphaGoose6969
|
|t:|1743820693
|start
|switch|p1a: Cheese String Guy|Gholdengo|100/100
|switch|p2a: Infernape|Infernape, M|100/100
|turn|1
|
|t:|1743820709
|switch|p1a: Pink Snek|Enamorus-Therian, F|100/100
|move|p2a: Infernape|Fire Blast|p1a: Pink Snek|[miss]
|-miss|p2a: Infernape|p1a: Pink Snek
|
|upkeep
|turn|2
|j| New Bark Old Dogs
|
|t:|1743820763
|switch|p2a: Molestar|Excadrill, F|100/100
|-ability|p2a: Molestar|Mold Breaker
|-item|p2a: Molestar|Air Balloon
|move|p1a: Pink Snek|Earth Power|p2a: Molestar
|-immune|p2a: Molestar
|
|upkeep
|turn|3
|
|t:|1743820776
|switch|p1a: Snek|Gyarados, M|100/100
|-ability|p1a: Snek|Intimidate|boost
|-unboost|p2a: Molestar|atk|1
|move|p2a: Molestar|Rapid Spin|p1a: Snek
|-damage|p1a: Snek|81/100
|-boost|p2a: Molestar|spe|1
|
|upkeep
|turn|4
|
|t:|1743820796
|switch|p2a: Roger|Kyurem|100/100
|-ability|p2a: Roger|Pressure
|move|p1a: Snek|Waterfall|p2a: Roger
|-resisted|p2a: Roger
|-damage|p2a: Roger|84/100
|
|-heal|p2a: Roger|90/100|[from] item: Leftovers
|upkeep
|turn|5
|
|t:|1743820812
|switch|p1a: Cheese String Guy|Gholdengo|100/100
|move|p2a: Roger|Freeze-Dry|p1a: Cheese String Guy
|-resisted|p1a: Cheese String Guy
|-damage|p1a: Cheese String Guy|77/100
|
|-heal|p2a: Roger|96/100|[from] item: Leftovers
|upkeep
|turn|6
|
|t:|1743820832
|switch|p2a: Cold Palmer|Slowking, M, shiny|100/100
|move|p1a: Cheese String Guy|Trick|p2a: Cold Palmer
|-activate|p1a: Cheese String Guy|move: Trick|[of] p2a: Cold Palmer
|-item|p2a: Cold Palmer|Choice Scarf|[from] move: Trick
|-item|p1a: Cheese String Guy|Heavy-Duty Boots|[from] move: Trick
|
|upkeep
|turn|7
|
|t:|1743820844
|move|p1a: Cheese String Guy|Shadow Ball|p2a: Cold Palmer
|-supereffective|p2a: Cold Palmer
|-damage|p2a: Cold Palmer|49/100
|move|p2a: Cold Palmer|Flamethrower|p1a: Cheese String Guy
|-supereffective|p1a: Cheese String Guy
|-damage|p1a: Cheese String Guy|31/100
|
|upkeep
|turn|8
|
|t:|1743820855
|switch|p2a: Cuphead|Ting-Lu|100/100
|-ability|p2a: Cuphead|Vessel of Ruin
|move|p1a: Cheese String Guy|Shadow Ball|p2a: Cuphead
|-resisted|p2a: Cuphead
|-damage|p2a: Cuphead|91/100
|
|-heal|p2a: Cuphead|97/100|[from] item: Leftovers
|upkeep
|turn|9
|
|t:|1743820868
|switch|p1a: Snek|Gyarados, M|81/100
|-ability|p1a: Snek|Intimidate|boost
|-unboost|p2a: Cuphead|atk|1
|move|p2a: Cuphead|Stealth Rock|p1a: Snek
|-sidestart|p1: FutureRelic|move: Stealth Rock
|
|-heal|p2a: Cuphead|100/100|[from] item: Leftovers
|upkeep
|turn|10
|
|t:|1743820879
|move|p1a: Snek|Waterfall|p2a: Cuphead
|-supereffective|p2a: Cuphead
|-damage|p2a: Cuphead|52/100
|move|p2a: Cuphead|Whirlwind|p1a: Snek
|drag|p1a: Shiny Volcarona|Iron Moth|100/100
|-damage|p1a: Shiny Volcarona|76/100|[from] Stealth Rock
|-enditem|p1a: Shiny Volcarona|Booster Energy
|-activate|p1a: Shiny Volcarona|ability: Quark Drive|[fromitem]
|-start|p1a: Shiny Volcarona|quarkdrivespe
|
|-heal|p2a: Cuphead|58/100|[from] item: Leftovers
|upkeep
|turn|11
|
|t:|1743820895
|move|p1a: Shiny Volcarona|Dazzling Gleam|p2a: Cuphead
|-supereffective|p2a: Cuphead
|-crit|p2a: Cuphead
|-damage|p2a: Cuphead|28/100
|move|p2a: Cuphead|Earthquake|p1a: Shiny Volcarona
|-supereffective|p1a: Shiny Volcarona
|-damage|p1a: Shiny Volcarona|0 fnt
|faint|p1a: Shiny Volcarona
|-end|p1a: Shiny Volcarona|Quark Drive|[silent]
|
|-heal|p2a: Cuphead|34/100|[from] item: Leftovers
|upkeep
|
|t:|1743820911
|switch|p1a: Beeg Bear|Ursaluna, M|100/100
|-damage|p1a: Beeg Bear|94/100|[from] Stealth Rock
|turn|12
|
|t:|1743820919
|move|p1a: Beeg Bear|Trailblaze|p2a: Cuphead
|-supereffective|p2a: Cuphead
|-damage|p2a: Cuphead|11/100
|-boost|p1a: Beeg Bear|spe|1
|move|p2a: Cuphead|Ruination|p1a: Beeg Bear
|-damage|p1a: Beeg Bear|48/100
|
|-heal|p2a: Cuphead|17/100|[from] item: Leftovers
|upkeep
|turn|13
|
|t:|1743820928
|move|p1a: Beeg Bear|Trailblaze|p2a: Cuphead
|-supereffective|p2a: Cuphead
|-damage|p2a: Cuphead|0 fnt
|-boost|p1a: Beeg Bear|spe|1
|faint|p2a: Cuphead
|
|upkeep
|
|t:|1743820953
|switch|p2a: Roger|Kyurem|96/100
|-ability|p2a: Roger|Pressure
|turn|14
|
|t:|1743820969
|move|p1a: Beeg Bear|Drain Punch|p2a: Roger
|-supereffective|p2a: Roger
|-damage|p2a: Roger|43/100
|-heal|p1a: Beeg Bear|71/100|[from] drain|[of] p2a: Roger
|move|p2a: Roger|Freeze-Dry|p1a: Beeg Bear
|-supereffective|p1a: Beeg Bear
|-damage|p1a: Beeg Bear|25/100
|
|-heal|p2a: Roger|49/100|[from] item: Leftovers
|upkeep
|turn|15
|
|t:|1743820994
|switch|p2a: Cold Palmer|Slowking, M, shiny|82/100
|move|p1a: Beeg Bear|Drain Punch|p2a: Cold Palmer
|-resisted|p2a: Cold Palmer
|-damage|p2a: Cold Palmer|65/100
|-heal|p1a: Beeg Bear|32/100|[from] drain|[of] p2a: Cold Palmer
|
|upkeep
|turn|16
|
|t:|1743821017
|move|p1a: Beeg Bear|Trailblaze|p2a: Cold Palmer
|-supereffective|p2a: Cold Palmer
|-damage|p2a: Cold Palmer|20/100
|-boost|p1a: Beeg Bear|spe|1
|move|p2a: Cold Palmer|Scald|p1a: Beeg Bear
|-supereffective|p1a: Beeg Bear
|-damage|p1a: Beeg Bear|1/100
|
|upkeep
|turn|17
|
|t:|1743821035
|switch|p2a: Infernape|Infernape, M|100/100
|move|p1a: Beeg Bear|Facade|p2a: Infernape
|-damage|p2a: Infernape|42/100
|
|upkeep
|turn|18
|
|t:|1743821045
|move|p2a: Infernape|Vacuum Wave|p1a: Beeg Bear
|-supereffective|p1a: Beeg Bear
|-damage|p1a: Beeg Bear|0 fnt
|faint|p1a: Beeg Bear
|
|upkeep
|
|t:|1743821054
|switch|p1a: Pink Snek|Enamorus-Therian, F|100/100
|turn|19
|
|t:|1743821065
|move|p2a: Infernape|Fire Blast|p1a: Pink Snek
|-damage|p1a: Pink Snek|59/100
|move|p1a: Pink Snek|Taunt|p2a: Infernape
|-start|p2a: Infernape|move: Taunt
|
|upkeep
|turn|20
|
|t:|1743821073
|move|p2a: Infernape|Fire Blast|p1a: Pink Snek|[miss]
|-miss|p2a: Infernape|p1a: Pink Snek
|move|p1a: Pink Snek|Earth Power|p2a: Infernape
|-supereffective|p2a: Infernape
|-damage|p2a: Infernape|0 fnt
|faint|p2a: Infernape
|
|upkeep
|
|t:|1743821081
|switch|p2a: Molestar|Excadrill, F|100/100
|-ability|p2a: Molestar|Mold Breaker
|-item|p2a: Molestar|Air Balloon
|turn|21
|
|t:|1743821103
|move|p2a: Molestar|Swords Dance|p2a: Molestar
|-boost|p2a: Molestar|atk|2
|move|p1a: Pink Snek|Healing Wish|p1a: Pink Snek
|faint|p1a: Pink Snek
|
|upkeep
|
|t:|1743821106
|switch|p1a: Green Shy Guy|Ogerpon-Cornerstone, F|100/100
|-damage|p1a: Green Shy Guy|88/100|[from] Stealth Rock
|turn|22
|
|t:|1743821119
|move|p1a: Green Shy Guy|Superpower|p2a: Molestar
|-supereffective|p2a: Molestar
|-damage|p2a: Molestar|0 fnt
|-unboost|p1a: Green Shy Guy|atk|1
|-unboost|p1a: Green Shy Guy|def|1
|-enditem|p2a: Molestar|Air Balloon
|faint|p2a: Molestar
|
|upkeep
|
|t:|1743821135
|switch|p2a: Magnezone|Magnezone|100/100
|-item|p2a: Magnezone|Air Balloon
|turn|23
|
|t:|1743821150
|move|p1a: Green Shy Guy|Superpower|p2a: Magnezone
|-supereffective|p2a: Magnezone
|-damage|p2a: Magnezone|44/100
|-unboost|p1a: Green Shy Guy|atk|1
|-unboost|p1a: Green Shy Guy|def|1
|-enditem|p2a: Magnezone|Air Balloon
|move|p2a: Magnezone|Flash Cannon|p1a: Green Shy Guy
|-supereffective|p1a: Green Shy Guy
|-damage|p1a: Green Shy Guy|0 fnt
|faint|p1a: Green Shy Guy
|
|upkeep
|
|t:|1743821163
|switch|p1a: Cheese String Guy|Gholdengo|31/100
|-heal|p1a: Cheese String Guy|100/100|[from] move: Healing Wish
|turn|24
|
|t:|1743821189
|move|p1a: Cheese String Guy|Focus Blast|p2a: Magnezone|[miss]
|-miss|p1a: Cheese String Guy|p2a: Magnezone
|move|p2a: Magnezone|Thunderbolt|p1a: Cheese String Guy
|-damage|p1a: Cheese String Guy|20/100
|
|upkeep
|turn|25
|
|t:|1743821196
|move|p1a: Cheese String Guy|Focus Blast|p2a: Magnezone
|-supereffective|p2a: Magnezone
|-damage|p2a: Magnezone|0 fnt
|faint|p2a: Magnezone
|
|upkeep
|
|t:|1743821211
|switch|p2a: Cold Palmer|Slowking, M, shiny|53/100
|turn|26
|
|t:|1743821218
|move|p1a: Cheese String Guy|Shadow Ball|p2a: Cold Palmer
|-supereffective|p2a: Cold Palmer
|-damage|p2a: Cold Palmer|4/100
|move|p2a: Cold Palmer|Flamethrower|p1a: Cheese String Guy
|-supereffective|p1a: Cheese String Guy
|-damage|p1a: Cheese String Guy|0 fnt
|faint|p1a: Cheese String Guy
|
|upkeep
|
|t:|1743821222
|switch|p1a: Snek|Gyarados, M|81/100
|-ability|p1a: Snek|Intimidate|boost
|-unboost|p2a: Cold Palmer|atk|1
|turn|27
|
|t:|1743821232
|move|p1a: Snek|Dragon Dance|p1a: Snek
|-boost|p1a: Snek|atk|1
|-boost|p1a: Snek|spe|1
|move|p2a: Cold Palmer|Flamethrower|p1a: Snek
|-resisted|p1a: Snek
|-damage|p1a: Snek|70/100
|
|upkeep
|turn|28
|
|t:|1743821240
|switch|p2a: Roger|Kyurem|49/100
|-ability|p2a: Roger|Pressure
|move|p1a: Snek|Dragon Dance|p1a: Snek
|-boost|p1a: Snek|atk|1
|-boost|p1a: Snek|spe|1
|
|-heal|p2a: Roger|55/100|[from] item: Leftovers
|upkeep
|turn|29
|
|t:|1743821251
|-terastallize|p1a: Snek|Flying
|move|p1a: Snek|Tera Blast|p2a: Roger|[anim] Tera Blast Flying
|-damage|p2a: Roger|0 fnt
|faint|p2a: Roger
|
|upkeep
|
|t:|1743821257
|switch|p2a: Cold Palmer|Slowking, M, shiny|37/100
|turn|30
|
|t:|1743821264
|move|p1a: Snek|Tera Blast|p2a: Cold Palmer|[anim] Tera Blast Flying
|-damage|p2a: Cold Palmer|0 fnt
|faint|p2a: Cold Palmer
|
|win|FutureRelic
|l|☆FutureRelic
|player|p1|
|l|☆dwilson790
|player|p2|
|l| AlphaGoose6969
|l| New Bark Old Dogs
|l| Wolfbane696
|j|☆FutureRelic
|player|p1|FutureRelic|ruinmaniac|
