|j|☆frozenknife
|j|☆CookieEaterrrr
|t:|1743814112
|gametype|singles
|player|p1|frozenknife|lady-gen4|1178
|player|p2|CookieEaterrrr|101|1230
|teamsize|p1|6
|teamsize|p2|6
|gen|9
|tier|[Gen 9] OU
|rated|
|rule|HP Percentage Mod: HP is shown in percentages
|rule|Endless Battle Clause: Forcing endless battles is banned
|rule|Species Clause: Limit one of each Pokémon
|rule|OHKO Clause: OHKO moves are banned
|rule|Evasion Items Clause: Evasion items are banned
|rule|Evasion Moves Clause: Evasion moves are banned
|rule|Sleep Moves Clause: Sleep-inducing moves are banned
|clearpoke
|poke|p1|Hatterene, F|
|poke|p1|Mew|
|poke|p1|Azumarill, M|
|poke|p1|Hariyama, F|
|poke|p1|Blaziken, M|
|poke|p1|Conkeldurr, M|
|poke|p2|Gholdengo|
|poke|p2|Raging Bolt|
|poke|p2|Sudowoodo, F|
|poke|p2|Ogerpon-Wellspring, F|
|poke|p2|Darkrai|
|poke|p2|Iron Boulder|
|teampreview
|inactive|Battle timer is ON: inactive players will automatically lose when time's up. (requested by frozenknife)
|inactive|CookieEaterrrr also wants the timer to be on.
|
|t:|1743814118
|start
|switch|p1a: Hatterene|Hatterene, F|100/100
|switch|p2a: Sudowoodo|Sudowoodo, F|100/100
|turn|1
|
|t:|1743814129
|move|p2a: Sudowoodo|Stealth Rock|p1a: Hatterene
|move|p1a: Hatterene|Stealth Rock|p2a: Sudowoodo|[from] ability: Magic Bounce
|-sidestart|p2: CookieEaterrrr|move: Stealth Rock
|move|p1a: Hatterene|Calm Mind|p1a: Hatterene
|-boost|p1a: Hatterene|spa|1
|-boost|p1a: Hatterene|spd|1
|
|upkeep
|turn|2
|
|t:|1743814139
|move|p2a: Sudowoodo|Head Smash|p1a: Hatterene
|-damage|p1a: Hatterene|33/100
|-damage|p2a: Sudowoodo|62/100|[from] Recoil
|move|p1a: Hatterene|Giga Drain|p2a: Sudowoodo
|-supereffective|p2a: Sudowoodo
|-damage|p2a: Sudowoodo|0 fnt
|-heal|p1a: Hatterene|61/100|[from] drain|[of] p2a: Sudowoodo
|faint|p2a: Sudowoodo
|
|-heal|p1a: Hatterene|67/100|[from] item: Leftovers
|upkeep
|
|t:|1743814152
|switch|p2a: Iron Boulder|Iron Boulder|100/100
|-damage|p2a: Iron Boulder|88/100|[from] Stealth Rock
|turn|3
|
|t:|1743814159
|move|p2a: Iron Boulder|Swords Dance|p2a: Iron Boulder
|-boost|p2a: Iron Boulder|atk|2
|move|p1a: Hatterene|Draining Kiss|p2a: Iron Boulder
|-damage|p2a: Iron Boulder|54/100
|-heal|p1a: Hatterene|92/100|[from] drain|[of] p2a: Iron Boulder
|
|-heal|p1a: Hatterene|98/100|[from] item: Leftovers
|upkeep
|turn|4
|
|t:|1743814169
|move|p2a: Iron Boulder|Mighty Cleave|p1a: Hatterene
|-damage|p1a: Hatterene|20/100
|move|p1a: Hatterene|Giga Drain|p2a: Iron Boulder
|-supereffective|p2a: Iron Boulder
|-damage|p2a: Iron Boulder|0 fnt
|-heal|p1a: Hatterene|47/100|[from] drain|[of] p2a: Iron Boulder
|faint|p2a: Iron Boulder
|-end|p2a: Iron Boulder|Quark Drive|[silent]
|
|-heal|p1a: Hatterene|53/100|[from] item: Leftovers
|upkeep
|
|t:|1743814176
|switch|p2a: Gholdengo|Gholdengo|100/100
|-damage|p2a: Gholdengo|94/100|[from] Stealth Rock
|turn|5
|
|t:|1743814184
|move|p2a: Gholdengo|Nasty Plot|p2a: Gholdengo
|-boost|p2a: Gholdengo|spa|2
|move|p1a: Hatterene|Draining Kiss|p2a: Gholdengo
|-resisted|p2a: Gholdengo
|-damage|p2a: Gholdengo|77/100
|-heal|p1a: Hatterene|69/100|[from] drain|[of] p2a: Gholdengo
|
|-heal|p2a: Gholdengo|83/100|[from] item: Leftovers
|-heal|p1a: Hatterene|75/100|[from] item: Leftovers
|upkeep
|turn|6
|
|t:|1743814196
|move|p2a: Gholdengo|Shadow Ball|p1a: Hatterene
|-supereffective|p1a: Hatterene
|-damage|p1a: Hatterene|0 fnt
|faint|p1a: Hatterene
|
|-heal|p2a: Gholdengo|89/100|[from] item: Leftovers
|upkeep
|
|t:|1743814207
|switch|p1a: Blaziken|Blaziken, M|100/100
|turn|7
|
|t:|1743814213
|-terastallize|p2a: Gholdengo|Fairy
|move|p1a: Blaziken|Swords Dance|p1a: Blaziken
|-boost|p1a: Blaziken|atk|2
|move|p2a: Gholdengo|Shadow Ball|p1a: Blaziken
|-enditem|p1a: Blaziken|Focus Sash
|-damage|p1a: Blaziken|1/100
|
|-heal|p2a: Gholdengo|95/100|[from] item: Leftovers
|-ability|p1a: Blaziken|Speed Boost|boost
|-boost|p1a: Blaziken|spe|1
|upkeep
|turn|8
|
|t:|1743814237
|switch|p2a: Raging Bolt|Raging Bolt|100/100
|-damage|p2a: Raging Bolt|88/100|[from] Stealth Rock
|-enditem|p2a: Raging Bolt|Booster Energy
|-activate|p2a: Raging Bolt|ability: Protosynthesis|[fromitem]
|-start|p2a: Raging Bolt|protosynthesisspa
|-terastallize|p1a: Blaziken|Fire
|move|p1a: Blaziken|Fire Punch|p2a: Raging Bolt
|-resisted|p2a: Raging Bolt
|-damage|p2a: Raging Bolt|41/100
|
|-ability|p1a: Blaziken|Speed Boost|boost
|-boost|p1a: Blaziken|spe|1
|upkeep
|turn|9
|
|t:|1743814250
|move|p2a: Raging Bolt|Thunderclap|p1a: Blaziken
|-damage|p1a: Blaziken|0 fnt
|faint|p1a: Blaziken
|
|upkeep
|
|t:|1743814258
|switch|p1a: Mew|Mew|100/100
|turn|10
|
|t:|1743814268
|move|p2a: Raging Bolt|Thunderbolt|p1a: Mew
|-damage|p1a: Mew|39/100
|move|p1a: Mew|Calm Mind|p1a: Mew
|-boost|p1a: Mew|spa|1
|-boost|p1a: Mew|spd|1
|
|-heal|p1a: Mew|46/100|[from] item: Leftovers
|upkeep
|turn|11
|
|t:|1743814277
|move|p2a: Raging Bolt|Thunderbolt|p1a: Mew
|-damage|p1a: Mew|5/100
|move|p1a: Mew|Draining Kiss|p2a: Raging Bolt
|-supereffective|p2a: Raging Bolt
|-damage|p2a: Raging Bolt|9/100
|-heal|p1a: Mew|29/100|[from] drain|[of] p2a: Raging Bolt
|
|-heal|p1a: Mew|35/100|[from] item: Leftovers
|upkeep
|turn|12
|
|t:|1743814287
|move|p2a: Raging Bolt|Thunderclap|p1a: Mew
|-damage|p1a: Mew|5/100
|move|p1a: Mew|Draining Kiss|p2a: Raging Bolt
|-supereffective|p2a: Raging Bolt
|-damage|p2a: Raging Bolt|0 fnt
|-heal|p1a: Mew|11/100|[from] drain|[of] p2a: Raging Bolt
|faint|p2a: Raging Bolt
|-end|p2a: Raging Bolt|Protosynthesis|[silent]
|
|-heal|p1a: Mew|17/100|[from] item: Leftovers
|upkeep
|
|t:|1743814294
|switch|p2a: Ogerpon|Ogerpon-Wellspring, F|100/100
|-damage|p2a: Ogerpon|88/100|[from] Stealth Rock
|turn|13
|
|t:|1743814301
|move|p2a: Ogerpon|Horn Leech|p1a: Mew
|-damage|p1a: Mew|0 fnt
|-heal|p2a: Ogerpon|99/100|[from] drain|[of] p1a: Mew
|faint|p1a: Mew
|
|upkeep
|
|t:|1743814314
|switch|p1a: Conkeldurr|Conkeldurr, M|100/100
|turn|14
|
|t:|1743814327
|move|p2a: Ogerpon|Ivy Cudgel|p1a: Conkeldurr|[anim] Ivy Cudgel Water
|-damage|p1a: Conkeldurr|62/100
|move|p1a: Conkeldurr|Close Combat|p2a: Ogerpon
|-damage|p2a: Ogerpon|33/100
|-unboost|p1a: Conkeldurr|def|1
|-unboost|p1a: Conkeldurr|spd|1
|
|-status|p1a: Conkeldurr|brn|[from] item: Flame Orb
|upkeep
|turn|15
|
|t:|1743814338
|move|p1a: Conkeldurr|Mach Punch|p2a: Ogerpon
|-crit|p2a: Ogerpon
|-damage|p2a: Ogerpon|0 fnt
|faint|p2a: Ogerpon
|
|-damage|p1a: Conkeldurr|56/100 brn|[from] brn
|upkeep
|
|t:|1743814342
|switch|p2a: Gholdengo|Gholdengo, tera:Fairy|95/100
|-damage|p2a: Gholdengo|83/100|[from] Stealth Rock
|turn|16
|
|t:|1743814353
|move|p2a: Gholdengo|Shadow Ball|p1a: Conkeldurr
|-damage|p1a: Conkeldurr|0 fnt
|faint|p1a: Conkeldurr
|
|-heal|p2a: Gholdengo|89/100|[from] item: Leftovers
|upkeep
|
|t:|1743814360
|switch|p1a: Azumarill|Azumarill, M|100/100
|turn|17
|
|t:|1743814365
|move|p2a: Gholdengo|Nasty Plot|p2a: Gholdengo
|-boost|p2a: Gholdengo|spa|2
|move|p1a: Azumarill|Liquidation|p2a: Gholdengo
|-damage|p2a: Gholdengo|53/100
|
|-heal|p2a: Gholdengo|59/100|[from] item: Leftovers
|upkeep
|turn|18
|
|t:|1743814377
|move|p2a: Gholdengo|Recover|p2a: Gholdengo
|-heal|p2a: Gholdengo|100/100
|move|p1a: Azumarill|Play Rough|p2a: Gholdengo
|-damage|p2a: Gholdengo|59/100
|-unboost|p2a: Gholdengo|atk|1
|
|-heal|p2a: Gholdengo|65/100|[from] item: Leftovers
|upkeep
|turn|19
|
|t:|1743814389
|move|p2a: Gholdengo|Recover|p2a: Gholdengo
|-heal|p2a: Gholdengo|100/100
|move|p1a: Azumarill|Liquidation|p2a: Gholdengo
|-crit|p2a: Gholdengo
|-damage|p2a: Gholdengo|45/100
|-unboost|p2a: Gholdengo|def|1
|
|-heal|p2a: Gholdengo|51/100|[from] item: Leftovers
|upkeep
|turn|20
|
|t:|1743814399
|switch|p1a: Hariyama|Hariyama, F|100/100
|move|p2a: Gholdengo|Make It Rain|p1a: Hariyama
|-damage|p1a: Hariyama|0 fnt
|-unboost|p2a: Gholdengo|spa|1
|faint|p1a: Hariyama
|
|-heal|p2a: Gholdengo|57/100|[from] item: Leftovers
|upkeep
|-message|frozenknife forfeited.
|
|win|CookieEaterrrr
|raw|frozenknife's rating: 1178 &rarr; <strong>1157</strong><br />(-21 for losing)
|raw|CookieEaterrrr's rating: 1230 &rarr; <strong>1251</strong><br />(+21 for winning)
|l|☆frozenknife
|player|p1|
|l|☆CookieEaterrrr
|player|p2|
