|j|☆The_Matouflamme
|j|☆KazutoLink13
|t:|1743880438
|gametype|singles
|player|p1|The_Matouflamme|christoph|
|player|p2|KazutoLink13|hilbert-wonderlauncher|
|teamsize|p1|6
|teamsize|p2|6
|gen|9
|tier|[Gen 9] OU
|rule|HP Percentage Mod: HP is shown in percentages
|rule|Endless Battle Clause: Forcing endless battles is banned
|rule|Species Clause: Limit one of each Pokémon
|rule|OHKO Clause: OHKO moves are banned
|rule|Evasion Items Clause: Evasion items are banned
|rule|Evasion Moves Clause: Evasion moves are banned
|rule|Sleep Moves Clause: Sleep-inducing moves are banned
|clearpoke
|poke|p1|Ogerpon-Wellspring, F|
|poke|p1|Dragapult, F|
|poke|p1|Landorus-Therian, M|
|poke|p1|Primarina, F|
|poke|p1|Cinderace, F|
|poke|p1|Gholdengo|
|poke|p2|Landorus-Therian, M|
|poke|p2|Pecharunt|
|poke|p2|Rillaboom, M|
|poke|p2|Iron Valiant|
|poke|p2|Primarina, F|
|poke|p2|Iron Moth|
|teampreview
|inactive|Battle timer is ON: inactive players will automatically lose when time's up. (requested by The_Matouflamme)
|
|t:|1743880449
|start
|switch|p1a: LowerTusk|Landorus-Therian, M|100/100
|switch|p2a: Landorus|Landorus-Therian, M|100/100
|-ability|p2a: Landorus|Intimidate|boost
|-unboost|p1a: LowerTusk|atk|1
|-ability|p1a: LowerTusk|Intimidate|boost
|-unboost|p2a: Landorus|atk|1
|turn|1
|
|t:|1743880452
|move|p2a: Landorus|Taunt|p1a: LowerTusk
|-start|p1a: LowerTusk|move: Taunt
|cant|p1a: LowerTusk|move: Taunt|Taunt
|
|upkeep
|turn|2
|
|t:|1743880456
|move|p2a: Landorus|Stealth Rock|p1a: LowerTusk
|-sidestart|p1: The_Matouflamme|move: Stealth Rock
|move|p1a: LowerTusk|U-turn|p2a: Landorus
|-resisted|p2a: Landorus
|-damage|p2a: Landorus|94/100
|-damage|p1a: LowerTusk|84/100|[from] item: Rocky Helmet|[of] p2a: Landorus
|
|t:|1743880464
|switch|p1a: I Hate GEN9|Ogerpon-Wellspring, F|100/100|[from] U-turn
|-damage|p1a: I Hate GEN9|88/100|[from] Stealth Rock
|
|upkeep
|turn|3
|
|t:|1743880469
|move|p1a: I Hate GEN9|Ivy Cudgel|p2a: Landorus|[anim] Ivy Cudgel Water
|-supereffective|p2a: Landorus
|-damage|p2a: Landorus|0 fnt
|faint|p2a: Landorus
|
|upkeep
|
|t:|1743880476
|switch|p2a: Rillaboom|Rillaboom, M, shiny|100/100
|-fieldstart|move: Grassy Terrain|[from] ability: Grassy Surge|[of] p2a: Rillaboom
|turn|4
|
|t:|1743880493
|switch|p1a: LowerTusk|Landorus-Therian, M|84/100
|-damage|p1a: LowerTusk|72/100|[from] Stealth Rock
|-ability|p1a: LowerTusk|Intimidate|boost
|-unboost|p2a: Rillaboom|atk|1
|move|p2a: Rillaboom|U-turn|p1a: LowerTusk
|-resisted|p1a: LowerTusk
|-damage|p1a: LowerTusk|65/100
|-damage|p2a: Rillaboom|84/100|[from] item: Rocky Helmet|[of] p1a: LowerTusk
|
|t:|1743880509
|switch|p2a: Primarina|Primarina, F, shiny|100/100|[from] U-turn
|
|upkeep
|turn|5
|
|t:|1743880515
|move|p1a: LowerTusk|U-turn|p2a: Primarina
|-resisted|p2a: Primarina
|-damage|p2a: Primarina|92/100
|
|t:|1743880522
|switch|p1a: Glou Glou BORING|Primarina, F|100/100|[from] U-turn
|-damage|p1a: Glou Glou BORING|88/100|[from] Stealth Rock
|move|p2a: Primarina|Substitute|p2a: Primarina
|-start|p2a: Primarina|Substitute
|-damage|p2a: Primarina|67/100
|
|-heal|p1a: Glou Glou BORING|94/100|[from] Grassy Terrain
|-heal|p2a: Primarina|73/100|[from] Grassy Terrain
|-heal|p2a: Primarina|79/100|[from] item: Leftovers
|upkeep
|turn|6
|
|t:|1743880529
|move|p1a: Glou Glou BORING|Moonblast|p2a: Primarina
|-end|p2a: Primarina|Substitute
|move|p2a: Primarina|Calm Mind|p2a: Primarina
|-boost|p2a: Primarina|spa|1
|-boost|p2a: Primarina|spd|1
|
|-heal|p1a: Glou Glou BORING|100/100|[from] Grassy Terrain
|-heal|p2a: Primarina|85/100|[from] Grassy Terrain
|-heal|p2a: Primarina|91/100|[from] item: Leftovers
|upkeep
|turn|7
|
|t:|1743880540
|move|p1a: Glou Glou BORING|Moonblast|p2a: Primarina
|-damage|p2a: Primarina|64/100
|move|p2a: Primarina|Substitute|p2a: Primarina
|-start|p2a: Primarina|Substitute
|-damage|p2a: Primarina|39/100
|
|-heal|p2a: Primarina|45/100|[from] Grassy Terrain
|-heal|p2a: Primarina|51/100|[from] item: Leftovers
|upkeep
|turn|8
|
|t:|1743880545
|move|p1a: Glou Glou BORING|Moonblast|p2a: Primarina
|-end|p2a: Primarina|Substitute
|move|p2a: Primarina|Calm Mind|p2a: Primarina
|-boost|p2a: Primarina|spa|1
|-boost|p2a: Primarina|spd|1
|
|-heal|p2a: Primarina|57/100|[from] Grassy Terrain
|-heal|p2a: Primarina|63/100|[from] item: Leftovers
|-fieldend|move: Grassy Terrain
|upkeep
|turn|9
|
|t:|1743880549
|move|p1a: Glou Glou BORING|Flip Turn|p2a: Primarina
|-resisted|p2a: Primarina
|-damage|p2a: Primarina|57/100
|
|t:|1743880551
|switch|p1a: I Hate GEN9|Ogerpon-Wellspring, F|88/100|[from] Flip Turn
|-damage|p1a: I Hate GEN9|76/100|[from] Stealth Rock
|move|p2a: Primarina|Psychic Noise|p1a: I Hate GEN9
|-heal|p1a: I Hate GEN9|100/100|[from] ability: Water Absorb|[of] p2a: Primarina
|
|-heal|p2a: Primarina|63/100|[from] item: Leftovers
|upkeep
|turn|10
|
|t:|1743880559
|move|p1a: I Hate GEN9|Horn Leech|p2a: Primarina
|-supereffective|p2a: Primarina
|-damage|p2a: Primarina|0 fnt
|faint|p2a: Primarina
|
|upkeep
|
|t:|1743880573
|switch|p2a: Iron Moth|Iron Moth, shiny|100/100
|-enditem|p2a: Iron Moth|Booster Energy
|-activate|p2a: Iron Moth|ability: Quark Drive|[fromitem]
|-start|p2a: Iron Moth|quarkdrivespa
|turn|11
|
|t:|1743880583
|-terastallize|p1a: I Hate GEN9|Water
|detailschange|p1a: I Hate GEN9|Ogerpon-Wellspring-Tera, F, tera:Water
|-ability|p1a: I Hate GEN9|Embody Aspect (Wellspring)|boost
|-boost|p1a: I Hate GEN9|spd|1
|-terastallize|p2a: Iron Moth|Fairy
|move|p2a: Iron Moth|Agility|p2a: Iron Moth
|-boost|p2a: Iron Moth|spe|2
|move|p1a: I Hate GEN9|Ivy Cudgel|p2a: Iron Moth|[anim] Ivy Cudgel Water
|-damage|p2a: Iron Moth|0 fnt
|faint|p2a: Iron Moth
|-end|p2a: Iron Moth|Quark Drive|[silent]
|
|upkeep
|
|t:|1743880595
|switch|p2a: Pecharunt|Pecharunt|100/100
|turn|12
|
|t:|1743880599
|move|p1a: I Hate GEN9|U-turn|p2a: Pecharunt
|-resisted|p2a: Pecharunt
|-damage|p2a: Pecharunt|96/100
|
|t:|1743880603
|switch|p1a: GiveMeHazards|Cinderace, F, shiny|100/100|[from] U-turn
|move|p2a: Pecharunt|Toxic|p1a: GiveMeHazards
|-status|p1a: GiveMeHazards|tox
|-start|p1a: GiveMeHazards|confusion|[from] ability: Poison Puppeteer|[of] p2a: Pecharunt
|
|-heal|p2a: Pecharunt|100/100|[from] item: Leftovers
|-damage|p1a: GiveMeHazards|95/100 tox|[from] psn
|upkeep
|turn|13
|
|t:|1743880609
|-activate|p1a: GiveMeHazards|confusion
|move|p1a: GiveMeHazards|Court Change|p1a: GiveMeHazards
|-start|p1a: GiveMeHazards|typechange|Normal|[from] ability: Libero
|-swapsideconditions
|-activate|p1a: GiveMeHazards|move: Court Change
|move|p2a: Pecharunt|Nasty Plot|p2a: Pecharunt
|-boost|p2a: Pecharunt|spa|2
|
|-damage|p1a: GiveMeHazards|83/100 tox|[from] psn
|upkeep
|turn|14
|
|t:|1743880615
|-activate|p1a: GiveMeHazards|confusion
|-damage|p1a: GiveMeHazards|63/100 tox|[from] confusion
|move|p2a: Pecharunt|Toxic|p1a: GiveMeHazards
|-fail|p1a: GiveMeHazards|tox
|
|-damage|p1a: GiveMeHazards|45/100 tox|[from] psn
|upkeep
|turn|15
|
|t:|1743880621
|-activate|p1a: GiveMeHazards|confusion
|move|p1a: GiveMeHazards|U-turn|p2a: Pecharunt
|-resisted|p2a: Pecharunt
|-damage|p2a: Pecharunt|97/100
|
|t:|1743880624
|switch|p1a: LowerTusk|Landorus-Therian, M|65/100|[from] U-turn
|-ability|p1a: LowerTusk|Intimidate|boost
|-unboost|p2a: Pecharunt|atk|1
|move|p2a: Pecharunt|Toxic|p1a: LowerTusk
|-status|p1a: LowerTusk|tox
|-start|p1a: LowerTusk|confusion|[from] ability: Poison Puppeteer|[of] p2a: Pecharunt
|
|-heal|p2a: Pecharunt|100/100|[from] item: Leftovers
|-damage|p1a: LowerTusk|59/100 tox|[from] psn
|upkeep
|turn|16
|
|t:|1743880631
|move|p2a: Pecharunt|Shadow Ball|p1a: LowerTusk
|-damage|p1a: LowerTusk|7/100 tox
|-activate|p1a: LowerTusk|confusion
|-damage|p1a: LowerTusk|0 fnt|[from] confusion
|faint|p1a: LowerTusk
|
|upkeep
|
|t:|1743880645
|switch|p1a: Glou Glou BORING|Primarina, F|100/100
|turn|17
|
|t:|1743880661
|move|p2a: Pecharunt|Toxic|p1a: Glou Glou BORING
|-status|p1a: Glou Glou BORING|tox
|-start|p1a: Glou Glou BORING|confusion|[from] ability: Poison Puppeteer|[of] p2a: Pecharunt
|-activate|p1a: Glou Glou BORING|confusion
|-damage|p1a: Glou Glou BORING|91/100 tox|[from] confusion
|
|-damage|p1a: Glou Glou BORING|85/100 tox|[from] psn
|upkeep
|turn|18
|
|t:|1743880676
|move|p2a: Pecharunt|Shadow Ball|p1a: Glou Glou BORING
|-damage|p1a: Glou Glou BORING|56/100 tox
|-activate|p1a: Glou Glou BORING|confusion
|move|p1a: Glou Glou BORING|Psychic Noise|p2a: Pecharunt
|-supereffective|p2a: Pecharunt
|-damage|p2a: Pecharunt|46/100
|-start|p2a: Pecharunt|move: Heal Block
|
|-damage|p1a: Glou Glou BORING|43/100 tox|[from] psn
|upkeep
|turn|19
|
|t:|1743880683
|move|p2a: Pecharunt|Shadow Ball|p1a: Glou Glou BORING
|-damage|p1a: Glou Glou BORING|10/100 tox
|-end|p1a: Glou Glou BORING|confusion
|move|p1a: Glou Glou BORING|Psychic Noise|p2a: Pecharunt
|-supereffective|p2a: Pecharunt
|-damage|p2a: Pecharunt|0 fnt
|faint|p2a: Pecharunt
|
|-damage|p1a: Glou Glou BORING|0 fnt|[from] psn
|faint|p1a: Glou Glou BORING
|upkeep
|
|t:|1743880691
|switch|p2a: Rillaboom|Rillaboom, M, shiny|84/100
|switch|p1a: GiveMeHazards|Cinderace, F, shiny|45/100 tox
|-damage|p2a: Rillaboom|71/100|[from] Stealth Rock
|-fieldstart|move: Grassy Terrain|[from] ability: Grassy Surge|[of] p2a: Rillaboom
|turn|20
|inactive|KazutoLink13 has 270 seconds left.
|
|t:|1743880724
|move|p2a: Rillaboom|Grassy Glide|p1a: GiveMeHazards
|-resisted|p1a: GiveMeHazards
|-damage|p1a: GiveMeHazards|16/100 tox
|move|p1a: GiveMeHazards|Pyro Ball|p2a: Rillaboom
|-supereffective|p2a: Rillaboom
|-damage|p2a: Rillaboom|0 fnt
|faint|p2a: Rillaboom
|
|-heal|p1a: GiveMeHazards|22/100 tox|[from] Grassy Terrain
|-damage|p1a: GiveMeHazards|16/100 tox|[from] psn
|upkeep
|
|t:|1743880729
|switch|p2a: Iron Valiant|Iron Valiant, shiny|100/100
|-damage|p2a: Iron Valiant|94/100|[from] Stealth Rock
|-enditem|p2a: Iron Valiant|Booster Energy
|-activate|p2a: Iron Valiant|ability: Quark Drive|[fromitem]
|-start|p2a: Iron Valiant|quarkdrivespe
|turn|21
|
|t:|1743880736
|move|p2a: Iron Valiant|Psyshock|p1a: GiveMeHazards
|-damage|p1a: GiveMeHazards|0 fnt
|faint|p1a: GiveMeHazards
|
|-heal|p2a: Iron Valiant|100/100|[from] Grassy Terrain
|upkeep
|
|t:|1743880741
|switch|p1a: I Hate GEN9|Ogerpon-Wellspring-Tera, F, tera:Water|100/100
|-ability|p1a: I Hate GEN9|Embody Aspect (Wellspring)|boost
|-boost|p1a: I Hate GEN9|spd|1
|turn|22
|
|t:|1743880743
|move|p2a: Iron Valiant|Calm Mind|p2a: Iron Valiant
|-boost|p2a: Iron Valiant|spa|1
|-boost|p2a: Iron Valiant|spd|1
|move|p1a: I Hate GEN9|Ivy Cudgel|p2a: Iron Valiant|[anim] Ivy Cudgel Water
|-damage|p2a: Iron Valiant|0 fnt
|faint|p2a: Iron Valiant
|-end|p2a: Iron Valiant|Quark Drive|[silent]
|
|win|The_Matouflamme
