|j|☆nesnot
|j|☆akhantz
|t:|1743832655
|gametype|singles
|player|p1|nesnot|266|1497
|player|p2|akhantz|2|1540
|teamsize|p1|6
|teamsize|p2|6
|gen|9
|tier|[Gen 9] OU
|rated|
|rule|HP Percentage Mod: HP is shown in percentages
|rule|Endless Battle Clause: Forcing endless battles is banned
|rule|Species Clause: Limit one of each Pokémon
|rule|OHKO Clause: OHKO moves are banned
|rule|Evasion Items Clause: Evasion items are banned
|rule|Evasion Moves Clause: Evasion moves are banned
|rule|Sleep Moves Clause: Sleep-inducing moves are banned
|clearpoke
|poke|p1|Salamence, M|
|poke|p1|Gyarados, M|
|poke|p1|Great Tusk|
|poke|p1|Iron Treads|
|poke|p1|Amoonguss, M|
|poke|p1|Darkrai|
|poke|p2|Heatran, M|
|poke|p2|Zapdos|
|poke|p2|Rillaboom, M|
|poke|p2|Ogerpon-Wellspring, F|
|poke|p2|Great Tusk|
|poke|p2|Clefable, F|
|teampreview
|inactive|Battle timer is ON: inactive players will automatically lose when time's up. (requested by nesnot)
|
|t:|1743832678
|start
|switch|p1a: Iron Treads|Iron Treads|100/100
|switch|p2a: Heatran|Heatran, M, shiny|100/100
|turn|1
|
|t:|1743832691
|switch|p2a: Great Tusk|Great Tusk|100/100
|move|p1a: Iron Treads|Knock Off|p2a: Great Tusk
|-resisted|p2a: Great Tusk
|-damage|p2a: Great Tusk|94/100
|-damage|p1a: Iron Treads|84/100|[from] item: Rocky Helmet|[of] p2a: Great Tusk
|-enditem|p2a: Great Tusk|Rocky Helmet|[from] move: Knock Off|[of] p1a: Iron Treads
|
|-heal|p1a: Iron Treads|90/100|[from] item: Leftovers
|upkeep
|turn|2
|
|t:|1743832695
|move|p1a: Iron Treads|Stealth Rock|p2a: Great Tusk
|-sidestart|p2: akhantz|move: Stealth Rock
|move|p2a: Great Tusk|Stealth Rock|p1a: Iron Treads
|-sidestart|p1: nesnot|move: Stealth Rock
|
|-heal|p1a: Iron Treads|96/100|[from] item: Leftovers
|upkeep
|turn|3
|
|t:|1743832701
|-end|p1a: Iron Treads|Quark Drive|[silent]
|switch|p1a: Amoonguss|Amoonguss, M|100/100
|-damage|p1a: Amoonguss|88/100|[from] Stealth Rock
|move|p2a: Great Tusk|Headlong Rush|p1a: Amoonguss
|-damage|p1a: Amoonguss|49/100
|-unboost|p2a: Great Tusk|def|1
|-unboost|p2a: Great Tusk|spd|1
|-damage|p2a: Great Tusk|77/100|[from] item: Rocky Helmet|[of] p1a: Amoonguss
|
|upkeep
|turn|4
|
|t:|1743832711
|-end|p2a: Great Tusk|Protosynthesis|[silent]
|switch|p2a: Zapdos|Zapdos, shiny|100/100
|move|p1a: Amoonguss|Stun Spore|p2a: Zapdos|[miss]
|-miss|p1a: Amoonguss|p2a: Zapdos
|
|upkeep
|turn|5
|
|t:|1743832722
|switch|p1a: Iron Treads|Iron Treads|96/100
|-damage|p1a: Iron Treads|93/100|[from] Stealth Rock
|move|p2a: Zapdos|Hurricane|p1a: Iron Treads|[miss]
|-miss|p2a: Zapdos|p1a: Iron Treads
|
|-heal|p1a: Iron Treads|99/100|[from] item: Leftovers
|upkeep
|turn|6
|
|t:|1743832727
|move|p1a: Iron Treads|Knock Off|p2a: Zapdos
|-damage|p2a: Zapdos|75/100
|-status|p1a: Iron Treads|par|[from] ability: Static|[of] p2a: Zapdos
|-enditem|p2a: Zapdos|Heavy-Duty Boots|[from] move: Knock Off|[of] p1a: Iron Treads
|move|p2a: Zapdos|Heat Wave|p1a: Iron Treads
|-supereffective|p1a: Iron Treads
|-damage|p1a: Iron Treads|42/100 par
|
|-heal|p1a: Iron Treads|48/100 par|[from] item: Leftovers
|upkeep
|turn|7
|
|t:|1743832737
|move|p2a: Zapdos|Hurricane|p1a: Iron Treads
|-resisted|p1a: Iron Treads
|-damage|p1a: Iron Treads|21/100 par
|-start|p1a: Iron Treads|confusion
|-activate|p1a: Iron Treads|confusion
|-damage|p1a: Iron Treads|13/100 par|[from] confusion
|
|-heal|p1a: Iron Treads|19/100 par|[from] item: Leftovers
|upkeep
|turn|8
|
|t:|1743832744
|move|p2a: Zapdos|Hurricane|p1a: Iron Treads
|-resisted|p1a: Iron Treads
|-damage|p1a: Iron Treads|0 fnt
|faint|p1a: Iron Treads
|-end|p1a: Iron Treads|Quark Drive|[silent]
|
|upkeep
|
|t:|1743832745
|switch|p1a: Darkrai|Darkrai|100/100
|-damage|p1a: Darkrai|88/100|[from] Stealth Rock
|turn|9
|
|t:|1743832751
|switch|p2a: Heatran|Heatran, M, shiny|100/100
|-damage|p2a: Heatran|88/100|[from] Stealth Rock
|move|p1a: Darkrai|Dark Pulse|p2a: Heatran
|-crit|p2a: Heatran
|-damage|p2a: Heatran|49/100
|
|-heal|p1a: Darkrai|94/100|[from] item: Leftovers
|-heal|p2a: Heatran|55/100|[from] item: Leftovers
|upkeep
|turn|10
|
|t:|1743832776
|move|p1a: Darkrai|Dark Pulse|p2a: Heatran
|-damage|p2a: Heatran|26/100
|move|p2a: Heatran|Magma Storm|p1a: Darkrai
|-damage|p1a: Darkrai|38/100
|-activate|p1a: Darkrai|move: Magma Storm|[of] p2a: Heatran
|
|-heal|p1a: Darkrai|44/100|[from] item: Leftovers
|-heal|p2a: Heatran|33/100|[from] item: Leftovers
|-damage|p1a: Darkrai|32/100|[from] move: Magma Storm|[partiallytrapped]
|upkeep
|turn|11
|
|t:|1743832786
|move|p2a: Heatran|Protect|p2a: Heatran
|-singleturn|p2a: Heatran|Protect
|move|p1a: Darkrai|Dark Pulse|p2a: Heatran
|-activate|p2a: Heatran|move: Protect
|
|-heal|p1a: Darkrai|38/100|[from] item: Leftovers
|-heal|p2a: Heatran|39/100|[from] item: Leftovers
|-damage|p1a: Darkrai|25/100|[from] move: Magma Storm|[partiallytrapped]
|upkeep
|turn|12
|
|t:|1743832795
|move|p1a: Darkrai|Dark Pulse|p2a: Heatran
|-crit|p2a: Heatran
|-damage|p2a: Heatran|0 fnt
|faint|p2a: Heatran
|
|-heal|p1a: Darkrai|31/100|[from] item: Leftovers
|-end|p1a: Darkrai|Magma Storm|[partiallytrapped]|[silent]
|upkeep
|
|t:|1743832797
|switch|p2a: Rillaboom|Rillaboom, M|100/100
|-damage|p2a: Rillaboom|88/100|[from] Stealth Rock
|-fieldstart|move: Grassy Terrain|[from] ability: Grassy Surge|[of] p2a: Rillaboom
|turn|13
|
|t:|1743832810
|switch|p1a: Amoonguss|Amoonguss, M|82/100
|-damage|p1a: Amoonguss|70/100|[from] Stealth Rock
|move|p2a: Rillaboom|U-turn|p1a: Amoonguss
|-damage|p1a: Amoonguss|42/100
|-damage|p2a: Rillaboom|72/100|[from] item: Rocky Helmet|[of] p1a: Amoonguss
|
|t:|1743832815
|switch|p2a: Zapdos|Zapdos, shiny|75/100|[from] U-turn
|-damage|p2a: Zapdos|50/100|[from] Stealth Rock
|
|-heal|p1a: Amoonguss|48/100|[from] Grassy Terrain
|upkeep
|turn|14
|
|t:|1743832830
|switch|p1a: Darkrai|Darkrai|31/100
|-damage|p1a: Darkrai|19/100|[from] Stealth Rock
|move|p2a: Zapdos|Hurricane|p1a: Darkrai
|-damage|p1a: Darkrai|0 fnt
|faint|p1a: Darkrai
|
|upkeep
|
|t:|1743832837
|switch|p1a: Great Tusk|Great Tusk|100/100
|turn|15
|
|t:|1743832840
|move|p2a: Zapdos|Hurricane|p1a: Great Tusk
|-supereffective|p1a: Great Tusk
|-damage|p1a: Great Tusk|0 fnt
|faint|p1a: Great Tusk
|-end|p1a: Great Tusk|Protosynthesis|[silent]
|
|upkeep
|
|t:|1743832847
|switch|p1a: Amoonguss|Amoonguss, M|81/100
|-damage|p1a: Amoonguss|69/100|[from] Stealth Rock
|turn|16
|
|t:|1743832849
|move|p2a: Zapdos|Hurricane|p1a: Amoonguss
|-supereffective|p1a: Amoonguss
|-damage|p1a: Amoonguss|0 fnt
|faint|p1a: Amoonguss
|
|upkeep
|
|t:|1743832863
|switch|p1a: Gyarados|Gyarados, M|100/100
|-damage|p1a: Gyarados|76/100|[from] Stealth Rock
|turn|17
|
|t:|1743832868
|-terastallize|p1a: Gyarados|Electric
|move|p2a: Zapdos|Volt Switch|p1a: Gyarados
|-resisted|p1a: Gyarados
|-damage|p1a: Gyarados|61/100
|
|t:|1743832876
|switch|p2a: Clefable|Clefable, F|100/100|[from] Volt Switch
|move|p1a: Gyarados|Dragon Dance|p1a: Gyarados
|-boost|p1a: Gyarados|atk|1
|-boost|p1a: Gyarados|spe|1
|
|-heal|p1a: Gyarados|67/100|[from] Grassy Terrain
|-heal|p1a: Gyarados|73/100|[from] item: Leftovers
|-fieldend|move: Grassy Terrain
|upkeep
|turn|18
|
|t:|1743832887
|move|p1a: Gyarados|Waterfall|p2a: Clefable
|-damage|p2a: Clefable|45/100
|move|p2a: Clefable|Moonblast|p1a: Gyarados
|-damage|p1a: Gyarados|40/100
|-unboost|p1a: Gyarados|spa|1
|
|-heal|p1a: Gyarados|46/100|[from] item: Leftovers
|-heal|p2a: Clefable|52/100|[from] item: Leftovers
|upkeep
|turn|19
|inactive|akhantz has 120 seconds left.
|
|t:|1743832945
|move|p1a: Gyarados|Tera Blast|p2a: Clefable|[anim] Tera Blast Electric
|-damage|p2a: Clefable|0 fnt
|faint|p2a: Clefable
|-ability|p1a: Gyarados|Moxie|boost
|-boost|p1a: Gyarados|atk|1
|
|-heal|p1a: Gyarados|52/100|[from] item: Leftovers
|upkeep
|
|t:|1743832952
|switch|p2a: Rillaboom|Rillaboom, M|72/100
|-damage|p2a: Rillaboom|59/100|[from] Stealth Rock
|-fieldstart|move: Grassy Terrain|[from] ability: Grassy Surge|[of] p2a: Rillaboom
|turn|20
|
|t:|1743832961
|move|p2a: Rillaboom|Grassy Glide|p1a: Gyarados
|-damage|p1a: Gyarados|0 fnt
|faint|p1a: Gyarados
|
|-heal|p2a: Rillaboom|65/100|[from] Grassy Terrain
|upkeep
|
|t:|1743832962
|switch|p1a: Salamence|Salamence, M|100/100
|-damage|p1a: Salamence|76/100|[from] Stealth Rock
|turn|21
|
|t:|1743832971
|switch|p2a: Zapdos|Zapdos, shiny|50/100
|-damage|p2a: Zapdos|25/100|[from] Stealth Rock
|move|p1a: Salamence|Dragon Dance|p1a: Salamence
|-boost|p1a: Salamence|atk|1
|-boost|p1a: Salamence|spe|1
|
|upkeep
|turn|22
|inactive|akhantz has 120 seconds left.
|
|t:|1743832976
|move|p1a: Salamence|Temper Flare|p2a: Zapdos
|-damage|p2a: Zapdos|0 fnt
|faint|p2a: Zapdos
|-ability|p1a: Salamence|Moxie|boost
|-boost|p1a: Salamence|atk|1
|-damage|p1a: Salamence|66/100|[from] item: Life Orb
|
|upkeep
|inactive|akhantz has 120 seconds left.
|
|t:|1743832984
|switch|p2a: Great Tusk|Great Tusk|77/100
|-damage|p2a: Great Tusk|74/100|[from] Stealth Rock
|turn|23
|
|t:|1743832994
|-terastallize|p2a: Great Tusk|Normal
|move|p1a: Salamence|Dual Wingbeat|p2a: Great Tusk
|-damage|p2a: Great Tusk|43/100
|-damage|p2a: Great Tusk|9/100
|-hitcount|p2a: Great Tusk|2
|-damage|p1a: Salamence|56/100|[from] item: Life Orb
|move|p2a: Great Tusk|Ice Spinner|p1a: Salamence
|-supereffective|p1a: Salamence
|-damage|p1a: Salamence|0 fnt
|-fieldend|move: Grassy Terrain
|faint|p1a: Salamence
|
|win|akhantz
|raw|nesnot's rating: 1497 &rarr; <strong>1479</strong><br />(-18 for losing)
|raw|akhantz's rating: 1540 &rarr; <strong>1558</strong><br />(+18 for winning)
