|j|☆PekPicPek
|j|☆mikeim520
|t:|1743803440
|gametype|singles
|player|p1|PekPicPek|chuck|1736
|player|p2|mikeim520|red|1815
|teamsize|p1|6
|teamsize|p2|6
|gen|9
|tier|[Gen 9] OU
|rated|
|rule|HP Percentage Mod: HP is shown in percentages
|rule|Endless Battle Clause: Forcing endless battles is banned
|rule|Species Clause: Limit one of each Pokémon
|rule|OHKO Clause: OHKO moves are banned
|rule|Evasion Items Clause: Evasion items are banned
|rule|Evasion Moves Clause: Evasion moves are banned
|rule|Sleep Moves Clause: Sleep-inducing moves are banned
|clearpoke
|poke|p1|Dragapult, M|
|poke|p1|Great Tusk|
|poke|p1|Moltres|
|poke|p1|Azumarill, M|
|poke|p1|Kingambit, M|
|poke|p1|Klawf, M|
|poke|p2|Latios, M|
|poke|p2|Toxapex, F|
|poke|p2|Darkrai|
|poke|p2|Corviknight, F|
|poke|p2|Iron Treads|
|poke|p2|Gliscor, F|
|teampreview
|j| AzovSTALL
|inactive|Battle timer is ON: inactive players will automatically lose when time's up. (requested by mikeim520)
|
|t:|1743803465
|start
|switch|p1a: Wyatt|Klawf, M|100/100
|switch|p2a: Gliscor|Gliscor, F|100/100
|turn|1
|
|t:|1743803471
|move|p2a: Gliscor|Protect|p2a: Gliscor
|-singleturn|p2a: Gliscor|Protect
|move|p1a: Wyatt|Stealth Rock|p2a: Gliscor
|-sidestart|p2: mikeim520|move: Stealth Rock
|
|-status|p2a: Gliscor|tox|[from] item: Toxic Orb
|upkeep
|turn|2
|
|t:|1743803479
|move|p1a: Wyatt|Knock Off|p2a: Gliscor
|-damage|p2a: Gliscor|83/100 tox
|-enditem|p2a: Gliscor|Toxic Orb|[from] move: Knock Off|[of] p1a: Wyatt
|move|p2a: Gliscor|Spikes|p1a: Wyatt
|-sidestart|p1: PekPicPek|Spikes
|
|-heal|p2a: Gliscor|96/100 tox|[from] ability: Poison Heal
|upkeep
|turn|3
|
|t:|1743803482
|switch|p1a: Its U-turn|Dragapult, M, shiny|100/100
|-damage|p1a: Its U-turn|88/100|[from] Spikes
|move|p2a: Gliscor|Knock Off|p1a: Its U-turn
|-supereffective|p1a: Its U-turn
|-damage|p1a: Its U-turn|24/100
|-enditem|p1a: Its U-turn|Choice Specs|[from] move: Knock Off|[of] p2a: Gliscor
|
|-heal|p2a: Gliscor|100/100 tox|[from] ability: Poison Heal
|upkeep
|turn|4
|
|t:|1743803486
|move|p1a: Its U-turn|Draco Meteor|p2a: Gliscor
|-damage|p2a: Gliscor|31/100 tox
|-unboost|p1a: Its U-turn|spa|2
|move|p2a: Gliscor|Knock Off|p1a: Its U-turn
|-supereffective|p1a: Its U-turn
|-damage|p1a: Its U-turn|0 fnt
|faint|p1a: Its U-turn
|
|-heal|p2a: Gliscor|44/100 tox|[from] ability: Poison Heal
|upkeep
|
|t:|1743803489
|switch|p1a: Mr T|Great Tusk|100/100
|-damage|p1a: Mr T|88/100|[from] Spikes
|-enditem|p1a: Mr T|Booster Energy
|-activate|p1a: Mr T|ability: Protosynthesis|[fromitem]
|-start|p1a: Mr T|protosynthesisatk
|turn|5
|
|t:|1743803494
|switch|p2a: Latios|Latios, M|100/100
|-damage|p2a: Latios|88/100|[from] Stealth Rock
|move|p1a: Mr T|Rapid Spin|p2a: Latios
|-damage|p2a: Latios|58/100
|-boost|p1a: Mr T|spe|1
|-sideend|p1: PekPicPek|Spikes|[from] move: Rapid Spin|[of] p1a: Mr T
|
|-heal|p2a: Latios|64/100|[from] item: Leftovers
|upkeep
|turn|6
|
|t:|1743803498
|-terastallize|p2a: Latios|Steel
|move|p1a: Mr T|Ice Spinner|p2a: Latios
|-resisted|p2a: Latios
|-damage|p2a: Latios|41/100
|move|p2a: Latios|Luster Purge|p1a: Mr T
|-supereffective|p1a: Mr T
|-damage|p1a: Mr T|0 fnt
|faint|p1a: Mr T
|-end|p1a: Mr T|Protosynthesis|[silent]
|
|-heal|p2a: Latios|47/100|[from] item: Leftovers
|upkeep
|
|t:|1743803504
|switch|p1a: Wyatt|Klawf, M|100/100
|turn|7
|
|t:|1743803508
|move|p2a: Latios|Substitute|p2a: Latios
|-start|p2a: Latios|Substitute
|-damage|p2a: Latios|22/100
|move|p1a: Wyatt|Knock Off|p2a: Latios
|-end|p2a: Latios|Substitute
|
|-heal|p2a: Latios|28/100|[from] item: Leftovers
|upkeep
|turn|8
|
|t:|1743803514
|switch|p2a: Gliscor|Gliscor, F|44/100 tox
|-damage|p2a: Gliscor|31/100 tox|[from] Stealth Rock
|move|p1a: Wyatt|Knock Off|p2a: Gliscor
|-damage|p2a: Gliscor|21/100 tox
|
|-heal|p2a: Gliscor|33/100 tox|[from] ability: Poison Heal
|upkeep
|turn|9
|
|t:|1743803517
|move|p1a: Wyatt|Rock Blast|p2a: Gliscor
|-damage|p2a: Gliscor|26/100 tox
|-damage|p2a: Gliscor|20/100 tox
|-damage|p2a: Gliscor|13/100 tox
|-damage|p2a: Gliscor|6/100 tox
|-hitcount|p2a: Gliscor|4
|move|p2a: Gliscor|Knock Off|p1a: Wyatt
|-damage|p1a: Wyatt|79/100
|-enditem|p1a: Wyatt|Focus Sash|[from] move: Knock Off|[of] p2a: Gliscor
|
|-heal|p2a: Gliscor|19/100 tox|[from] ability: Poison Heal
|upkeep
|turn|10
|
|t:|1743803521
|move|p2a: Gliscor|Protect|p2a: Gliscor
|-singleturn|p2a: Gliscor|Protect
|move|p1a: Wyatt|Rock Blast|p2a: Gliscor
|-activate|p2a: Gliscor|move: Protect
|
|-heal|p2a: Gliscor|31/100 tox|[from] ability: Poison Heal
|upkeep
|turn|11
|
|t:|1743803525
|move|p1a: Wyatt|Rock Blast|p2a: Gliscor
|-damage|p2a: Gliscor|24/100 tox
|-damage|p2a: Gliscor|17/100 tox
|-hitcount|p2a: Gliscor|2
|move|p2a: Gliscor|Earthquake|p1a: Wyatt
|-supereffective|p1a: Wyatt
|-damage|p1a: Wyatt|1/100
|-ability|p1a: Wyatt|Anger Shell|boost
|-boost|p1a: Wyatt|atk|1
|-boost|p1a: Wyatt|spa|1
|-boost|p1a: Wyatt|spe|1
|-unboost|p1a: Wyatt|def|1
|-unboost|p1a: Wyatt|spd|1
|
|-heal|p2a: Gliscor|29/100 tox|[from] ability: Poison Heal
|upkeep
|turn|12
|inactive|mikeim520 has 120 seconds left.
|c|☆mikeim520|Are you at 1 HP?
|j| ShaqFromBasketball
|c|☆PekPicPek|0.7%
|inactive|mikeim520 has 90 seconds left.
|c|☆mikeim520|I mean the actual number
|c|☆mikeim520|Like is it 1 HP
|c|☆PekPicPek|2
|c| AzovSTALL|ugh
|c|☆mikeim520|Ah, slightly less annoying
|c| AzovSTALL|the luck
|
|t:|1743803614
|move|p2a: Gliscor|Protect|p2a: Gliscor
|-singleturn|p2a: Gliscor|Protect
|move|p1a: Wyatt|Rock Blast|p2a: Gliscor
|-activate|p2a: Gliscor|move: Protect
|
|-heal|p2a: Gliscor|42/100 tox|[from] ability: Poison Heal
|upkeep
|turn|13
|
|t:|1743803618
|move|p1a: Wyatt|Endeavor|p2a: Gliscor
|-damage|p2a: Gliscor|1/100 tox
|move|p2a: Gliscor|Earthquake|p1a: Wyatt
|-supereffective|p1a: Wyatt
|-damage|p1a: Wyatt|0 fnt
|faint|p1a: Wyatt
|
|-heal|p2a: Gliscor|14/100 tox|[from] ability: Poison Heal
|upkeep
|
|t:|1743803636
|switch|p1a: Lucia|Azumarill, M|100/100
|turn|14
|
|t:|1743803638
|move|p2a: Gliscor|Earthquake|p1a: Lucia
|-damage|p1a: Lucia|66/100
|move|p1a: Lucia|Liquidation|p2a: Gliscor
|-supereffective|p2a: Gliscor
|-damage|p2a: Gliscor|0 fnt
|faint|p2a: Gliscor
|
|upkeep
|inactive|mikeim520 has 90 seconds left.
|
|t:|1743803644
|switch|p2a: Toxapex|Toxapex, F|100/100
|-damage|p2a: Toxapex|88/100|[from] Stealth Rock
|turn|15
|
|t:|1743803646
|switch|p1a: Mr Bushido|Kingambit, M|100/100
|-activate|p1a: Mr Bushido|ability: Supreme Overlord
|-start|p1a: Mr Bushido|fallen3|[silent]
|move|p2a: Toxapex|Toxic|p1a: Mr Bushido
|-immune|p1a: Mr Bushido
|
|-heal|p2a: Toxapex|94/100|[from] item: Leftovers
|upkeep
|turn|16
|l| ShaqFromBasketball
|
|t:|1743803651
|switch|p2a: Darkrai|Darkrai|100/100
|-damage|p2a: Darkrai|88/100|[from] Stealth Rock
|move|p1a: Mr Bushido|Swords Dance|p1a: Mr Bushido
|-boost|p1a: Mr Bushido|atk|2
|
|upkeep
|turn|17
|
|t:|1743803654
|-end|p1a: Mr Bushido|fallen3|[silent]
|switch|p1a: Lucia|Azumarill, M|66/100
|move|p2a: Darkrai|Focus Blast|p1a: Lucia|[miss]
|-miss|p2a: Darkrai|p1a: Lucia
|
|upkeep
|turn|18
|
|t:|1743803658
|switch|p2a: Toxapex|Toxapex, F|100/100
|-damage|p2a: Toxapex|88/100|[from] Stealth Rock
|move|p1a: Lucia|Liquidation|p2a: Toxapex
|-resisted|p2a: Toxapex
|-damage|p2a: Toxapex|65/100
|
|-heal|p2a: Toxapex|72/100|[from] item: Leftovers
|upkeep
|turn|19
|
|t:|1743803660
|switch|p1a: Mr Bushido|Kingambit, M|100/100
|-activate|p1a: Mr Bushido|ability: Supreme Overlord
|-start|p1a: Mr Bushido|fallen3|[silent]
|move|p2a: Toxapex|Toxic|p1a: Mr Bushido
|-immune|p1a: Mr Bushido
|
|-heal|p2a: Toxapex|78/100|[from] item: Leftovers
|upkeep
|turn|20
|
|t:|1743803663
|move|p1a: Mr Bushido|Kowtow Cleave|p2a: Toxapex
|-damage|p2a: Toxapex|13/100
|move|p2a: Toxapex|Haze|p2a: Toxapex
|-clearallboost
|
|-heal|p2a: Toxapex|19/100|[from] item: Leftovers
|upkeep
|turn|21
|
|t:|1743803668
|switch|p2a: Iron Treads|Iron Treads|100/100
|-damage|p2a: Iron Treads|98/100|[from] Stealth Rock
|move|p1a: Mr Bushido|Swords Dance|p1a: Mr Bushido
|-boost|p1a: Mr Bushido|atk|2
|
|-heal|p2a: Iron Treads|100/100|[from] item: Leftovers
|upkeep
|turn|22
|
|t:|1743803671
|-terastallize|p1a: Mr Bushido|Dark
|move|p1a: Mr Bushido|Sucker Punch|p2a: Iron Treads
|-damage|p2a: Iron Treads|0 fnt
|faint|p2a: Iron Treads
|-end|p2a: Iron Treads|Quark Drive|[silent]
|
|upkeep
|
|t:|1743803675
|switch|p2a: Corviknight|Corviknight, F|100/100
|-damage|p2a: Corviknight|88/100|[from] Stealth Rock
|-ability|p2a: Corviknight|Pressure
|turn|23
|
|t:|1743803677
|move|p2a: Corviknight|Iron Defense|p2a: Corviknight
|-boost|p2a: Corviknight|def|2
|move|p1a: Mr Bushido|Kowtow Cleave|p2a: Corviknight
|-damage|p2a: Corviknight|20/100
|
|-heal|p2a: Corviknight|27/100|[from] item: Leftovers
|upkeep
|turn|24
|
|t:|1743803680
|-end|p1a: Mr Bushido|fallen3|[silent]
|switch|p1a: Emily|Moltres|100/100
|move|p2a: Corviknight|Roost|p2a: Corviknight
|-heal|p2a: Corviknight|77/100
|-singleturn|p2a: Corviknight|move: Roost
|
|-heal|p2a: Corviknight|83/100|[from] item: Leftovers
|upkeep
|turn|25
|
|t:|1743803683
|switch|p2a: Toxapex|Toxapex, F|52/100
|-damage|p2a: Toxapex|40/100|[from] Stealth Rock
|move|p1a: Emily|Will-O-Wisp|p2a: Toxapex
|-status|p2a: Toxapex|brn
|
|-heal|p2a: Toxapex|46/100 brn|[from] item: Leftovers
|-damage|p2a: Toxapex|40/100 brn|[from] brn
|upkeep
|turn|26
|
|t:|1743803687
|switch|p2a: Darkrai|Darkrai|88/100
|-damage|p2a: Darkrai|76/100|[from] Stealth Rock
|move|p1a: Emily|Hurricane|p2a: Darkrai|[miss]
|-miss|p1a: Emily|p2a: Darkrai
|
|upkeep
|turn|27
|
|t:|1743803689
|move|p2a: Darkrai|Dark Pulse|p1a: Emily
|-damage|p1a: Emily|38/100
|move|p1a: Emily|Flamethrower|p2a: Darkrai
|-damage|p2a: Darkrai|28/100
|
|upkeep
|turn|28
|
|t:|1743803695
|move|p2a: Darkrai|Dark Pulse|p1a: Emily
|-damage|p1a: Emily|0 fnt
|faint|p1a: Emily
|
|upkeep
|
|t:|1743803700
|switch|p1a: Mr Bushido|Kingambit, M, tera:Dark|100/100
|-activate|p1a: Mr Bushido|ability: Supreme Overlord
|-start|p1a: Mr Bushido|fallen4|[silent]
|turn|29
|
|t:|1743803701
|move|p2a: Darkrai|Dark Pulse|p1a: Mr Bushido
|-resisted|p1a: Mr Bushido
|-crit|p1a: Mr Bushido
|-damage|p1a: Mr Bushido|50/100
|move|p1a: Mr Bushido|Kowtow Cleave|p2a: Darkrai
|-resisted|p2a: Darkrai
|-damage|p2a: Darkrai|0 fnt
|faint|p2a: Darkrai
|
|upkeep
|
|t:|1743803705
|switch|p2a: Corviknight|Corviknight, F|83/100
|-damage|p2a: Corviknight|70/100|[from] Stealth Rock
|-ability|p2a: Corviknight|Pressure
|turn|30
|
|t:|1743803707
|move|p2a: Corviknight|Iron Defense|p2a: Corviknight
|-boost|p2a: Corviknight|def|2
|move|p1a: Mr Bushido|Kowtow Cleave|p2a: Corviknight
|-damage|p2a: Corviknight|39/100
|
|-heal|p2a: Corviknight|46/100|[from] item: Leftovers
|upkeep
|turn|31
|
|t:|1743803709
|move|p2a: Corviknight|Body Press|p1a: Mr Bushido
|-supereffective|p1a: Mr Bushido
|-crit|p1a: Mr Bushido
|-damage|p1a: Mr Bushido|0 fnt
|faint|p1a: Mr Bushido
|-end|p1a: Mr Bushido|fallen4|[silent]
|
|-heal|p2a: Corviknight|52/100|[from] item: Leftovers
|upkeep
|
|t:|1743803711
|switch|p1a: Lucia|Azumarill, M|66/100
|turn|32
|
|t:|1743803713
|move|p2a: Corviknight|Roost|p2a: Corviknight
|-heal|p2a: Corviknight|100/100
|-singleturn|p2a: Corviknight|move: Roost
|move|p1a: Lucia|Liquidation|p2a: Corviknight
|-damage|p2a: Corviknight|83/100
|
|-heal|p2a: Corviknight|89/100|[from] item: Leftovers
|upkeep
|turn|33
|
|t:|1743803715
|move|p2a: Corviknight|Iron Defense|p2a: Corviknight
|-boost|p2a: Corviknight|def|2
|move|p1a: Lucia|Liquidation|p2a: Corviknight
|-damage|p2a: Corviknight|79/100
|
|-heal|p2a: Corviknight|85/100|[from] item: Leftovers
|upkeep
|turn|34
|
|t:|1743803717
|move|p2a: Corviknight|Iron Defense|p2a: Corviknight
|-boost|p2a: Corviknight|def|2
|move|p1a: Lucia|Liquidation|p2a: Corviknight
|-damage|p2a: Corviknight|77/100
|-unboost|p2a: Corviknight|def|1
|
|-heal|p2a: Corviknight|84/100|[from] item: Leftovers
|upkeep
|turn|35
|
|t:|1743803719
|move|p2a: Corviknight|Body Press|p1a: Lucia
|-resisted|p1a: Lucia
|-damage|p1a: Lucia|17/100
|move|p1a: Lucia|Liquidation|p2a: Corviknight
|-crit|p2a: Corviknight
|-damage|p2a: Corviknight|39/100
|
|-heal|p2a: Corviknight|46/100|[from] item: Leftovers
|upkeep
|turn|36
|
|t:|1743803720
|move|p2a: Corviknight|Body Press|p1a: Lucia
|-resisted|p1a: Lucia
|-crit|p1a: Lucia
|-damage|p1a: Lucia|0 fnt
|faint|p1a: Lucia
|
|win|mikeim520
|raw|PekPicPek's rating: 1736 &rarr; <strong>1720</strong><br />(-16 for losing)
|raw|mikeim520's rating: 1815 &rarr; <strong>1831</strong><br />(+16 for winning)
|c|☆mikeim520|gg wp
|c|☆PekPicPek|gg
|l|☆mikeim520
|player|p2|
|l|☆PekPicPek
|player|p1|
|l| AzovSTALL
