|badge|p2|silver|gen9ou|30-5
|uhtml|medal-msg|<div class="broadcast-blue">Curious what those medals under the avatar are? PS now has Ladder Seasons! For more information, check out the <a href="https://www.smogon.com/forums/threads/3740067/">thread on Smogon.</a></div>
|j|☆2(H2O)-Alt
|j|☆Sanesa8724
|t:|1743936337
|gametype|singles
|player|p1|2(H2O)-Alt|chase|1819
|player|p2|Sanesa8724|buck|1927
|teamsize|p1|6
|teamsize|p2|6
|gen|9
|tier|[Gen 9] OU
|rated|
|rule|HP Percentage Mod: HP is shown in percentages
|rule|Endless Battle Clause: Forcing endless battles is banned
|rule|Species Clause: Limit one of each Pokémon
|rule|OHKO Clause: OHKO moves are banned
|rule|Evasion Items Clause: Evasion items are banned
|rule|Evasion Moves Clause: Evasion moves are banned
|rule|Sleep Moves Clause: Sleep-inducing moves are banned
|clearpoke
|poke|p1|Kingambit, M|
|poke|p1|Garchomp, M|
|poke|p1|Pecharunt|
|poke|p1|Darkrai|
|poke|p1|Kyurem|
|poke|p1|Zapdos-Galar|
|poke|p2|Orthworm, F|
|poke|p2|Clodsire, F|
|poke|p2|Pecharunt|
|poke|p2|Great Tusk|
|poke|p2|Slowking, F|
|poke|p2|Weavile, F|
|teampreview
|c|☆2(H2O)-Alt|Hf big bro
|c|☆Sanesa8724|u2
|inactive|Battle timer is ON: inactive players will automatically lose when time's up. (requested by 2(H2O)-Alt)
|inactive|Sanesa8724 has 120 seconds left.
|inactive|Sanesa8724 has 90 seconds left.
|inactive|Sanesa8724 has 60 seconds left.
|
|t:|1743936451
|start
|switch|p1a: Pestilent Phantom|Pecharunt|100/100
|switch|p2a: Headache = Genius?|Slowking, F, shiny|100/100
|-item|p1a: Pestilent Phantom|Air Balloon
|turn|1
|inactive|Sanesa8724 has 120 seconds left.
|
|t:|1743936460
|move|p1a: Pestilent Phantom|Parting Shot|p2a: Headache = Genius?
|-unboost|p2a: Headache = Genius?|atk|1
|-unboost|p2a: Headache = Genius?|spa|1
|
|t:|1743936463
|switch|p1a: Gorge Grinder|Garchomp, M|100/100|[from] Parting Shot
|move|p2a: Headache = Genius?|Thunder Wave|p1a: Gorge Grinder
|-immune|p1a: Gorge Grinder
|
|upkeep
|turn|2
|
|t:|1743936467
|move|p1a: Gorge Grinder|Stealth Rock|p2a: Headache = Genius?
|-sidestart|p2: Sanesa8724|move: Stealth Rock
|move|p2a: Headache = Genius?|Scald|p1a: Gorge Grinder
|-damage|p1a: Gorge Grinder|77/100
|
|upkeep
|turn|3
|
|t:|1743936471
|move|p1a: Gorge Grinder|Earthquake|p2a: Headache = Genius?
|-damage|p2a: Headache = Genius?|44/100
|-damage|p1a: Gorge Grinder|67/100|[from] item: Life Orb
|move|p2a: Headache = Genius?|Scald|p1a: Gorge Grinder
|-damage|p1a: Gorge Grinder|44/100
|-status|p1a: Gorge Grinder|brn
|
|-damage|p1a: Gorge Grinder|37/100 brn|[from] brn
|upkeep
|turn|4
|inactive|2(H2O)-Alt has 120 seconds left.
|
|t:|1743936502
|switch|p1a: Pestilent Phantom|Pecharunt|100/100
|-item|p1a: Pestilent Phantom|Air Balloon
|-prepare|p2a: Headache = Genius?|Chilly Reception|[premajor]
|move|p2a: Headache = Genius?|Chilly Reception|p2a: Headache = Genius?
|-weather|Snowscape
|
|t:|1743936514
|switch|p2a: Metaking|Clodsire, F, shiny|100/100|[from] Chilly Reception
|-damage|p2a: Metaking|94/100|[from] Stealth Rock
|
|-weather|Snowscape|[upkeep]
|-heal|p2a: Metaking|100/100|[from] item: Leftovers
|upkeep
|turn|5
|
|t:|1743936517
|move|p1a: Pestilent Phantom|Parting Shot|p2a: Metaking
|-unboost|p2a: Metaking|atk|1
|-unboost|p2a: Metaking|spa|1
|
|t:|1743936521
|switch|p1a: Gorge Grinder|Garchomp, M|37/100 brn|[from] Parting Shot
|move|p2a: Metaking|Stealth Rock|p1a: Gorge Grinder
|-sidestart|p1: 2(H2O)-Alt|move: Stealth Rock
|
|-weather|Snowscape|[upkeep]
|-damage|p1a: Gorge Grinder|31/100 brn|[from] brn
|upkeep
|turn|6
|
|t:|1743936531
|switch|p2a: Headache = Genius?|Slowking, F, shiny|77/100
|move|p1a: Gorge Grinder|Earthquake|p2a: Headache = Genius?
|-damage|p2a: Headache = Genius?|46/100
|-damage|p1a: Gorge Grinder|22/100 brn|[from] item: Life Orb
|
|-weather|Snowscape|[upkeep]
|-damage|p1a: Gorge Grinder|15/100 brn|[from] brn
|upkeep
|turn|7
|
|t:|1743936535
|move|p1a: Gorge Grinder|Draco Meteor|p2a: Headache = Genius?
|-damage|p2a: Headache = Genius?|8/100
|-unboost|p1a: Gorge Grinder|spa|2
|-damage|p1a: Gorge Grinder|6/100 brn|[from] item: Life Orb
|-prepare|p2a: Headache = Genius?|Chilly Reception|[premajor]
|move|p2a: Headache = Genius?|Chilly Reception|p2a: Headache = Genius?
|inactive|Sanesa8724 has 120 seconds left.
|
|t:|1743936566
|switch|p2a: Fantastic Tusk|Great Tusk, shiny|100/100|[from] Chilly Reception
|
|-weather|Snowscape|[upkeep]
|-damage|p1a: Gorge Grinder|0 fnt|[from] brn
|faint|p1a: Gorge Grinder
|upkeep
|
|t:|1743936578
|switch|p1a: Dusk Dreader|Darkrai, shiny|100/100
|turn|8
|
|t:|1743936583
|-end|p2a: Fantastic Tusk|Protosynthesis|[silent]
|switch|p2a: Metaking|Clodsire, F, shiny|100/100
|-damage|p2a: Metaking|94/100|[from] Stealth Rock
|move|p1a: Dusk Dreader|Ice Beam|p2a: Metaking
|-supereffective|p2a: Metaking
|-damage|p2a: Metaking|58/100
|
|-weather|none
|-heal|p2a: Metaking|64/100|[from] item: Leftovers
|upkeep
|turn|9
|
|t:|1743936590
|move|p1a: Dusk Dreader|Ice Beam|p2a: Metaking
|-supereffective|p2a: Metaking
|-damage|p2a: Metaking|30/100
|-status|p2a: Metaking|frz
|cant|p2a: Metaking|frz
|
|-heal|p2a: Metaking|36/100 frz|[from] item: Leftovers
|upkeep
|turn|10
|c|☆Sanesa8724|NOnoNOno
|
|t:|1743936598
|move|p1a: Dusk Dreader|Ice Beam|p2a: Metaking
|-supereffective|p2a: Metaking
|-damage|p2a: Metaking|5/100 frz
|cant|p2a: Metaking|frz
|
|-heal|p2a: Metaking|11/100 frz|[from] item: Leftovers
|upkeep
|turn|11
|
|t:|1743936604
|move|p1a: Dusk Dreader|Dark Pulse|p2a: Metaking
|-damage|p2a: Metaking|0 fnt
|faint|p2a: Metaking
|
|upkeep
|j| meeweem
|inactive|Sanesa8724 has 120 seconds left.
|c|☆2(H2O)-Alt|sry
|c|☆Sanesa8724|the freeze won you the game
|inactive|Sanesa8724 has 90 seconds left.
|c|☆Sanesa8724|without the freeze I think Im in the better position
|c|☆2(H2O)-Alt|yh that was huge
|c|☆Sanesa8724|now Im p sure its unwinnable
|inactive|Sanesa8724 has 60 seconds left.
|c|☆Sanesa8724|yeah its over
|inactive|Sanesa8724 has 30 seconds left.
|
|t:|1743936725
|switch|p2a: 72 9% my ass|Weavile, F, shiny|100/100
|-ability|p2a: 72 9% my ass|Pressure
|turn|12
|
|t:|1743936729
|move|p2a: 72 9% my ass|Swords Dance|p2a: 72 9% my ass
|-boost|p2a: 72 9% my ass|atk|2
|move|p1a: Dusk Dreader|Dark Pulse|p2a: 72 9% my ass
|-resisted|p2a: 72 9% my ass
|-damage|p2a: 72 9% my ass|72/100
|
|upkeep
|turn|13
|c|☆Sanesa8724|I need to dodge and win a speed tie and some other stuff
|
|t:|1743936739
|move|p2a: 72 9% my ass|Triple Axel|p1a: Dusk Dreader
|-damage|p1a: Dusk Dreader|75/100
|-hitcount|p1a: Dusk Dreader|1
|move|p1a: Dusk Dreader|Focus Blast|p2a: 72 9% my ass
|-supereffective|p2a: 72 9% my ass
|-damage|p2a: 72 9% my ass|0 fnt
|faint|p2a: 72 9% my ass
|
|upkeep
|c|☆Sanesa8724|and a singlr hit
|-message|Sanesa8724 forfeited.
|
|win|2(H2O)-Alt
|raw|2(H2O)-Alt's rating: 1819 &rarr; <strong>1845</strong><br />(+26 for winning)
|raw|Sanesa8724's rating: 1927 &rarr; <strong>1901</strong><br />(-26 for losing)
|l| meeweem
|c|☆2(H2O)-Alt|bruh
|c|☆Sanesa8724|everything that coulve went wrong
|c|☆Sanesa8724|almost
|c|☆Sanesa8724|everytihng
|c|☆Sanesa8724|went wrong
|l|☆2(H2O)-Alt
|player|p1|
|l|☆Sanesa8724
|player|p2|
