|j|☆stevenash12332
|j|☆GSSushi
|t:|1743829535
|gametype|singles
|player|p1|stevenash12332|blue|1138
|player|p2|GSSushi|harlequin|1093
|teamsize|p1|6
|teamsize|p2|6
|gen|9
|tier|[Gen 9] OU
|rated|
|rule|HP Percentage Mod: HP is shown in percentages
|rule|Endless Battle Clause: Forcing endless battles is banned
|rule|Species Clause: Limit one of each Pokémon
|rule|OHKO Clause: OHKO moves are banned
|rule|Evasion Items Clause: Evasion items are banned
|rule|Evasion Moves Clause: Evasion moves are banned
|rule|Sleep Moves Clause: Sleep-inducing moves are banned
|clearpoke
|poke|p1|Raging Bolt|
|poke|p1|Greninja-*, M|
|poke|p1|Corviknight, M|
|poke|p1|Ogerpon-Wellspring, F|
|poke|p1|Dragonite, M|
|poke|p1|Rillaboom, F|
|poke|p2|Sableye, M|
|poke|p2|Breloom, M|
|poke|p2|Bisharp, F|
|poke|p2|Yanmega, F|
|poke|p2|Ribombee, F|
|poke|p2|Weezing, M|
|teampreview
|inactive|Battle timer is ON: inactive players will automatically lose when time's up. (requested by GSSushi)
|
|t:|1743829552
|start
|switch|p1a: Goku|Dragonite, M|100/100
|switch|p2a: Ribombee|Ribombee, F, shiny|100/100
|turn|1
|
|t:|1743829560
|-terastallize|p1a: Goku|Normal
|move|p2a: Ribombee|Reflect|p2a: Ribombee
|-sidestart|p2: GSSushi|Reflect
|move|p1a: Goku|Dragon Dance|p1a: Goku
|-boost|p1a: Goku|atk|1
|-boost|p1a: Goku|spe|1
|
|upkeep
|turn|2
|
|t:|1743829566
|move|p1a: Goku|Dragon Dance|p1a: Goku
|-boost|p1a: Goku|atk|1
|-boost|p1a: Goku|spe|1
|move|p2a: Ribombee|Light Screen|p2a: Ribombee
|-sidestart|p2: GSSushi|move: Light Screen
|
|upkeep
|turn|3
|c|☆stevenash12332|oof bad matchup
|
|t:|1743829575
|switch|p2a: Weezing|Weezing, M, shiny|100/100
|move|p1a: Goku|Dragon Dance|p1a: Goku
|-boost|p1a: Goku|atk|1
|-boost|p1a: Goku|spe|1
|
|upkeep
|turn|4
|
|t:|1743829581
|move|p1a: Goku|Earthquake|p2a: Weezing
|-supereffective|p2a: Weezing
|-damage|p2a: Weezing|13/100
|move|p2a: Weezing|Haze|p2a: Weezing
|-clearallboost
|
|upkeep
|turn|5
|c|☆stevenash12332|NOOOOOOOOO
|
|t:|1743829587
|move|p1a: Goku|Earthquake|p2a: Weezing
|-supereffective|p2a: Weezing
|-damage|p2a: Weezing|0 fnt
|faint|p2a: Weezing
|
|-sideend|p2: GSSushi|Reflect
|upkeep
|
|t:|1743829594
|switch|p2a: Sableye|Sableye, M, shiny|100/100
|turn|6
|c|☆GSSushi|thats honestly wild
|
|t:|1743829604
|move|p2a: Sableye|Fake Out|p1a: Goku
|-damage|p1a: Goku|95/100
|cant|p1a: Goku|flinch
|
|-heal|p1a: Goku|100/100|[from] item: Leftovers
|-sideend|p2: GSSushi|move: Light Screen
|upkeep
|turn|7
|
|t:|1743829610
|move|p2a: Sableye|Will-O-Wisp|p1a: Goku
|-status|p1a: Goku|brn
|move|p1a: Goku|Dragon Dance|p1a: Goku
|-boost|p1a: Goku|atk|1
|-boost|p1a: Goku|spe|1
|
|-damage|p1a: Goku|94/100 brn|[from] brn
|upkeep
|turn|8
|
|t:|1743829618
|move|p1a: Goku|Dragon Dance|p1a: Goku
|-boost|p1a: Goku|atk|1
|-boost|p1a: Goku|spe|1
|move|p2a: Sableye|Knock Off|p1a: Goku
|-damage|p1a: Goku|50/100 brn
|-enditem|p1a: Goku|Leftovers|[from] move: Knock Off|[of] p2a: Sableye
|
|-damage|p1a: Goku|44/100 brn|[from] brn
|upkeep
|turn|9
|c|☆stevenash12332|send in ribombee next redo
|c|☆stevenash12332|I do my dancy dance u do the screens
|
|t:|1743829630
|move|p1a: Goku|Dragon Dance|p1a: Goku
|-boost|p1a: Goku|atk|1
|-boost|p1a: Goku|spe|1
|move|p2a: Sableye|Drain Punch|p1a: Goku
|-supereffective|p1a: Goku
|-crit|p1a: Goku
|-damage|p1a: Goku|0 fnt
|faint|p1a: Goku
|
|upkeep
|c|☆GSSushi|LMAO
|c|☆stevenash12332|HOWS THIS MF SO DEEBO
|c|☆GSSushi|i didnt see that opr i woudlve
|c|☆stevenash12332|ITS A GODDAMN ALIEN WITH GEM EYES
|
|t:|1743829649
|switch|p1a: Tobirama|Greninja, M|100/100
|turn|10
|c|☆GSSushi|\THIS MY FAVOPRITE POKEMON
|c|☆GSSushi|HES MY BOPY
|
|t:|1743829661
|move|p1a: Tobirama|Dark Pulse|p2a: Sableye
|-start|p1a: Tobirama|typechange|Dark|[from] ability: Protean
|-damage|p2a: Sableye|31/100
|move|p2a: Sableye|Drain Punch|p1a: Tobirama
|-supereffective|p1a: Tobirama
|-damage|p1a: Tobirama|32/100
|-heal|p2a: Sableye|71/100|[from] drain|[of] p1a: Tobirama
|
|-heal|p2a: Sableye|77/100|[from] item: Leftovers
|upkeep
|turn|11
|c|☆stevenash12332|I thought the knock off was just rng
|c|☆stevenash12332|nah son he just built different
|c|☆stevenash12332|AYO
|
|t:|1743829674
|move|p1a: Tobirama|Dark Pulse|p2a: Sableye
|-damage|p2a: Sableye|9/100
|cant|p2a: Sableye|flinch
|
|-heal|p2a: Sableye|15/100|[from] item: Leftovers
|upkeep
|turn|12
|c|☆GSSushi|NAH THIS BOY BUILT
|
|t:|1743829683
|switch|p2a: Ribombee|Ribombee, F, shiny|100/100
|move|p1a: Tobirama|Dark Pulse|p2a: Ribombee
|-resisted|p2a: Ribombee
|-damage|p2a: Ribombee|72/100
|
|upkeep
|turn|13
|c|☆stevenash12332|fml
|
|t:|1743829691
|move|p1a: Tobirama|Sludge Wave|p2a: Ribombee
|-supereffective|p2a: Ribombee
|-damage|p2a: Ribombee|0 fnt
|faint|p2a: Ribombee
|
|upkeep
|
|t:|1743829696
|switch|p2a: Breloom|Breloom, M|100/100
|turn|14
|
|t:|1743829700
|move|p2a: Breloom|Mach Punch|p1a: Tobirama
|-supereffective|p1a: Tobirama
|-damage|p1a: Tobirama|0 fnt
|faint|p1a: Tobirama
|
|upkeep
|
|t:|1743829708
|switch|p1a: Piccolo|Rillaboom, F|100/100
|-fieldstart|move: Grassy Terrain|[from] ability: Grassy Surge|[of] p1a: Piccolo
|turn|15
|
|t:|1743829712
|move|p1a: Piccolo|U-turn|p2a: Breloom
|-damage|p2a: Breloom|59/100
|c|☆stevenash12332|oh my days
|c|☆stevenash12332|I'm not even from the uk
|c|☆GSSushi|LMAO
|c|☆stevenash12332|this games just so wild I had to switch regions irl
|c|☆GSSushi|my team isnt very good jsut some goofy things youre in a good spot tbh
|inactive|stevenash12332 has 120 seconds left.
|
|t:|1743829743
|switch|p1a: Trunks|Raging Bolt|100/100|[from] U-turn
|-enditem|p1a: Trunks|Booster Energy
|-activate|p1a: Trunks|ability: Protosynthesis|[fromitem]
|-start|p1a: Trunks|protosynthesisspa
|move|p2a: Breloom|Poison Jab|p1a: Trunks
|-damage|p1a: Trunks|69/100
|
|-heal|p1a: Trunks|75/100|[from] Grassy Terrain
|-heal|p2a: Breloom|65/100|[from] Grassy Terrain
|upkeep
|turn|16
|
|t:|1743829753
|move|p1a: Trunks|Dragon Pulse|p2a: Breloom
|-damage|p2a: Breloom|0 fnt
|faint|p2a: Breloom
|
|-heal|p1a: Trunks|82/100|[from] Grassy Terrain
|upkeep
|
|t:|1743829759
|switch|p2a: Yanmega|Yanmega, F, shiny|100/100
|turn|17
|c|☆stevenash12332|you got some studs I cant lie
|
|t:|1743829765
|move|p1a: Trunks|Thunderclap|p2a: Yanmega
|-supereffective|p2a: Yanmega
|-damage|p2a: Yanmega|0 fnt
|faint|p2a: Yanmega
|
|-heal|p1a: Trunks|88/100|[from] Grassy Terrain
|upkeep
|c|☆GSSushi|I WENT THE WRONG ITEM FUCK
|c|☆GSSushi|LMAO
|
|t:|1743829776
|switch|p2a: Sableye|Sableye, M, shiny|15/100
|turn|18
|c|☆stevenash12332|ooh trunks coming in clutch for his dead bros from the future
|
|t:|1743829784
|move|p2a: Sableye|Fake Out|p1a: Trunks
|-damage|p1a: Trunks|77/100
|cant|p1a: Trunks|flinch
|
|-heal|p1a: Trunks|83/100|[from] Grassy Terrain
|-heal|p2a: Sableye|21/100|[from] Grassy Terrain
|-heal|p2a: Sableye|27/100|[from] item: Leftovers
|upkeep
|turn|19
|c|☆GSSushi|nah fr fr
|c|☆GSSushi|thuinder clap wipes me
|
|t:|1743829798
|move|p2a: Sableye|Will-O-Wisp|p1a: Trunks|[miss]
|-miss|p2a: Sableye|p1a: Trunks
|move|p1a: Trunks|Thunderbolt|p2a: Sableye
|-damage|p2a: Sableye|0 fnt
|faint|p2a: Sableye
|
|-heal|p1a: Trunks|89/100|[from] Grassy Terrain
|-fieldend|move: Grassy Terrain
|upkeep
|c|☆GSSushi|my boy let me down
|
|t:|1743829808
|switch|p2a: Bisharp|Bisharp, F, shiny|100/100
|turn|20
|c|☆stevenash12332|he went in hard
|
|t:|1743829818
|move|p1a: Trunks|Thunderclap|p2a: Bisharp
|-damage|p2a: Bisharp|42/100
|move|p2a: Bisharp|Iron Head|p1a: Trunks
|-resisted|p1a: Trunks
|-damage|p1a: Trunks|68/100
|
|upkeep
|turn|21
|
|t:|1743829823
|move|p2a: Bisharp|Sucker Punch|p1a: Trunks
|-damage|p1a: Trunks|33/100
|move|p1a: Trunks|Thunderbolt|p2a: Bisharp
|-damage|p2a: Bisharp|0 fnt
|faint|p2a: Bisharp
|
|win|stevenash12332
|raw|stevenash12332's rating: 1138 &rarr; <strong>1160</strong><br />(+22 for winning)
|raw|GSSushi's rating: 1093 &rarr; <strong>1072</strong><br />(-21 for losing)
|c|☆GSSushi|gg wp!
|c|☆stevenash12332|ggs
|l|☆stevenash12332
|player|p1|
|c|☆GSSushi|happy sabeleye cooked lmao
|l|☆GSSushi
|player|p2|
