|j|☆pokemon showdwon
|j|☆Johnnytravs1
|t:|1743786979
|gametype|singles
|player|p1|pokemon showdwon|170|1207
|player|p2|Johnnytravs1|2|1187
|teamsize|p1|6
|teamsize|p2|6
|gen|9
|tier|[Gen 9] OU
|rated|
|rule|HP Percentage Mod: HP is shown in percentages
|rule|Endless Battle Clause: Forcing endless battles is banned
|rule|Species Clause: Limit one of each Pokémon
|rule|OHKO Clause: OHKO moves are banned
|rule|Evasion Items Clause: Evasion items are banned
|rule|Evasion Moves Clause: Evasion moves are banned
|rule|Sleep Moves Clause: Sleep-inducing moves are banned
|clearpoke
|poke|p1|Hitmonlee, M|
|poke|p1|Ting-Lu|
|poke|p1|Wo-Chien|
|poke|p1|Chandelure, M|
|poke|p1|Articuno-Galar|
|poke|p1|Cryogonal|
|poke|p2|Misdreavus, M|
|poke|p2|Maushold|
|poke|p2|Primarina, F|
|poke|p2|Metagross|
|poke|p2|Weavile, M|
|poke|p2|Cinderace, F|
|teampreview
|inactive|Battle timer is ON: inactive players will automatically lose when time's up. (requested by pokemon showdwon)
|
|t:|1743786992
|start
|switch|p1a: Hitmonlee|Hitmonlee, M|100/100
|switch|p2a: Metagross|Metagross|100/100
|turn|1
|
|t:|1743786997
|-terastallize|p1a: Hitmonlee|Dark
|move|p1a: Hitmonlee|Knock Off|p2a: Metagross
|-supereffective|p2a: Metagross
|-damage|p2a: Metagross|0 fnt
|-enditem|p2a: Metagross|Weakness Policy|[from] move: Knock Off|[of] p1a: Hitmonlee
|faint|p2a: Metagross
|
|upkeep
|
|t:|1743787017
|switch|p2a: Misdreavus|Misdreavus, M|100/100
|turn|2
|
|t:|1743787021
|-terastallize|p2a: Misdreavus|Fairy
|move|p1a: Hitmonlee|Knock Off|p2a: Misdreavus
|-resisted|p2a: Misdreavus
|-damage|p2a: Misdreavus|51/100
|-enditem|p2a: Misdreavus|Eviolite|[from] move: Knock Off|[of] p1a: Hitmonlee
|move|p2a: Misdreavus|Will-O-Wisp|p1a: Hitmonlee
|-status|p1a: Hitmonlee|brn
|
|-damage|p1a: Hitmonlee|94/100 brn|[from] brn
|upkeep
|turn|3
|
|t:|1743787040
|switch|p1a: Ting-Lu|Ting-Lu|100/100
|-ability|p1a: Ting-Lu|Vessel of Ruin
|move|p2a: Misdreavus|Calm Mind|p2a: Misdreavus
|-boost|p2a: Misdreavus|spa|1
|-boost|p2a: Misdreavus|spd|1
|
|upkeep
|turn|4
|
|t:|1743787048
|move|p2a: Misdreavus|Will-O-Wisp|p1a: Ting-Lu|[miss]
|-miss|p2a: Misdreavus|p1a: Ting-Lu
|move|p1a: Ting-Lu|Whirlwind|p2a: Misdreavus
|drag|p2a: Cinderace|Cinderace, F|100/100
|
|upkeep
|turn|5
|
|t:|1743787053
|move|p2a: Cinderace|U-turn|p1a: Ting-Lu
|-start|p2a: Cinderace|typechange|Bug|[from] ability: Libero
|-supereffective|p1a: Ting-Lu
|-damage|p1a: Ting-Lu|68/100
|
|t:|1743787057
|switch|p2a: Misdreavus|Misdreavus, M, tera:Fairy|51/100|[from] U-turn
|move|p1a: Ting-Lu|Stealth Rock|p2a: Misdreavus
|-sidestart|p2: Johnnytravs1|move: Stealth Rock
|
|-heal|p1a: Ting-Lu|74/100|[from] item: Leftovers
|upkeep
|turn|6
|
|t:|1743787065
|move|p2a: Misdreavus|Calm Mind|p2a: Misdreavus
|-boost|p2a: Misdreavus|spa|1
|-boost|p2a: Misdreavus|spd|1
|move|p1a: Ting-Lu|Spikes|p2a: Misdreavus
|-sidestart|p2: Johnnytravs1|Spikes
|
|-heal|p1a: Ting-Lu|80/100|[from] item: Leftovers
|upkeep
|turn|7
|
|t:|1743787073
|move|p2a: Misdreavus|Draining Kiss|p1a: Ting-Lu
|-supereffective|p1a: Ting-Lu
|-damage|p1a: Ting-Lu|51/100
|-heal|p2a: Misdreavus|94/100|[from] drain|[of] p1a: Ting-Lu
|move|p1a: Ting-Lu|Whirlwind|p2a: Misdreavus
|drag|p2a: Maushold|Maushold|100/100
|-damage|p2a: Maushold|88/100|[from] Stealth Rock
|-damage|p2a: Maushold|76/100|[from] Spikes
|
|-heal|p1a: Ting-Lu|57/100|[from] item: Leftovers
|upkeep
|turn|8
|
|t:|1743787083
|move|p2a: Maushold|Tidy Up|p2a: Maushold
|-sideend|p2: Johnnytravs1|Spikes
|-sideend|p2: Johnnytravs1|Stealth Rock
|-activate|p2a: Maushold|move: Tidy Up
|-boost|p2a: Maushold|atk|1
|-boost|p2a: Maushold|spe|1
|move|p1a: Ting-Lu|Whirlwind|p2a: Maushold
|drag|p2a: Weavile|Weavile, M|100/100
|-ability|p2a: Weavile|Pressure
|
|-heal|p1a: Ting-Lu|63/100|[from] item: Leftovers
|upkeep
|turn|9
|
|t:|1743787087
|move|p2a: Weavile|Triple Axel|p1a: Ting-Lu
|-supereffective|p1a: Ting-Lu
|-damage|p1a: Ting-Lu|50/100
|-supereffective|p1a: Ting-Lu
|-damage|p1a: Ting-Lu|22/100
|-supereffective|p1a: Ting-Lu
|-damage|p1a: Ting-Lu|0 fnt
|faint|p1a: Ting-Lu
|-hitcount|p1: Ting-Lu|3
|-damage|p2a: Weavile|91/100|[from] item: Life Orb
|
|upkeep
|
|t:|1743787093
|switch|p1a: Hitmonlee|Hitmonlee, M, tera:Dark|94/100 brn
|turn|10
|
|t:|1743787104
|switch|p2a: Misdreavus|Misdreavus, M, tera:Fairy|94/100
|move|p1a: Hitmonlee|High Jump Kick|p2a: Misdreavus
|-resisted|p2a: Misdreavus
|-damage|p2a: Misdreavus|39/100
|
|-damage|p1a: Hitmonlee|88/100 brn|[from] brn
|upkeep
|turn|11
|
|t:|1743787113
|move|p2a: Misdreavus|Draining Kiss|p1a: Hitmonlee
|-supereffective|p1a: Hitmonlee
|-damage|p1a: Hitmonlee|27/100 brn
|-heal|p2a: Misdreavus|82/100|[from] drain|[of] p1a: Hitmonlee
|move|p1a: Hitmonlee|High Jump Kick|p2a: Misdreavus
|-resisted|p2a: Misdreavus
|-damage|p2a: Misdreavus|29/100
|
|-damage|p1a: Hitmonlee|21/100 brn|[from] brn
|upkeep
|turn|12
|
|t:|1743787124
|switch|p1a: Chandelure|Chandelure, M, shiny|100/100
|move|p2a: Misdreavus|Draining Kiss|p1a: Chandelure
|-resisted|p1a: Chandelure
|-damage|p1a: Chandelure|83/100
|-heal|p2a: Misdreavus|43/100|[from] drain|[of] p1a: Chandelure
|
|upkeep
|turn|13
|
|t:|1743787134
|move|p1a: Chandelure|Psychic|p2a: Misdreavus
|-damage|p2a: Misdreavus|0 fnt
|faint|p2a: Misdreavus
|
|upkeep
|
|t:|1743787143
|switch|p2a: Weavile|Weavile, M|91/100
|-ability|p2a: Weavile|Pressure
|turn|14
|
|t:|1743787156
|switch|p1a: Hitmonlee|Hitmonlee, M, tera:Dark|21/100 brn
|move|p2a: Weavile|Knock Off|p1a: Hitmonlee
|-resisted|p1a: Hitmonlee
|-damage|p1a: Hitmonlee|0 fnt
|-enditem|p1a: Hitmonlee|Choice Band|[from] move: Knock Off|[of] p2a: Weavile
|faint|p1a: Hitmonlee
|-damage|p2a: Weavile|81/100|[from] item: Life Orb
|
|upkeep
|inactive|pokemon showdwon has 120 seconds left.
|
|t:|1743787211
|switch|p1a: Chandelure|Chandelure, M, shiny|83/100
|turn|15
|
|t:|1743787219
|switch|p2a: Cinderace|Cinderace, F|100/100
|move|p1a: Chandelure|Flamethrower|p2a: Cinderace
|-resisted|p2a: Cinderace
|-damage|p2a: Cinderace|62/100
|
|upkeep
|turn|16
|inactive|pokemon showdwon has 90 seconds left.
|inactive|pokemon showdwon has 60 seconds left.
|
|t:|1743787291
|switch|p1a: Articuno|Articuno-Galar, shiny|100/100
|move|p2a: Cinderace|Sucker Punch||[still]
|-fail|p2a: Cinderace
|
|upkeep
|turn|17
|
|t:|1743787306
|move|p2a: Cinderace|Pyro Ball|p1a: Articuno
|-damage|p1a: Articuno|36/100
|move|p1a: Articuno|Future Sight|p2a: Cinderace
|-start|p1a: Articuno|move: Future Sight
|
|-heal|p1a: Articuno|42/100|[from] item: Leftovers
|upkeep
|turn|18
|inactive|pokemon showdwon has 30 seconds left.
|inactive|pokemon showdwon has 20 seconds left.
|inactive|pokemon showdwon has 15 seconds left.
|
|t:|1743787354
|switch|p1a: Chandelure|Chandelure, M, shiny|83/100
|move|p2a: Cinderace|U-turn|p1a: Chandelure
|-start|p2a: Cinderace|typechange|Bug|[from] ability: Libero
|-resisted|p1a: Chandelure
|-damage|p1a: Chandelure|72/100
|inactive|pokemon showdwon has 20 seconds left this turn.
|
|t:|1743787361
|switch|p2a: Primarina|Primarina, F|100/100|[from] U-turn
|
|upkeep
|turn|19
|inactive|pokemon showdwon has 30 seconds left this turn.
|inactive|pokemon showdwon has 20 seconds left.
|inactive|pokemon showdwon has 15 seconds left.
|inactive|pokemon showdwon has 10 seconds left.
|inactive|pokemon showdwon has 5 seconds left.
|
|t:|1743787388
|move|p1a: Chandelure|Energy Ball|p2a: Primarina
|-supereffective|p2a: Primarina
|-damage|p2a: Primarina|43/100
|move|p2a: Primarina|Calm Mind|p2a: Primarina
|-boost|p2a: Primarina|spa|1
|-boost|p2a: Primarina|spd|1
|
|-end|p2a: Primarina|move: Future Sight
|-damage|p2a: Primarina|12/100
|-heal|p2a: Primarina|18/100|[from] item: Leftovers
|upkeep
|turn|20
|inactive|pokemon showdwon has 15 seconds left this turn.
|inactive|pokemon showdwon has 10 seconds left.
|
|t:|1743787398
|move|p1a: Chandelure|Energy Ball|p2a: Primarina
|-supereffective|p2a: Primarina
|-damage|p2a: Primarina|0 fnt
|faint|p2a: Primarina
|
|upkeep
|inactive|pokemon showdwon has 15 seconds left this turn.
|
|t:|1743787401
|switch|p2a: Weavile|Weavile, M|81/100
|-ability|p2a: Weavile|Pressure
|turn|21
|inactive|pokemon showdwon has 25 seconds left this turn.
|inactive|pokemon showdwon has 20 seconds left.
|
|t:|1743787408
|switch|p1a: Cryogonal|Cryogonal, shiny|100/100
|move|p2a: Weavile|Knock Off|p1a: Cryogonal
|-damage|p1a: Cryogonal|0 fnt
|-enditem|p1a: Cryogonal|Heavy-Duty Boots|[from] move: Knock Off|[of] p2a: Weavile
|faint|p1a: Cryogonal
|-damage|p2a: Weavile|71/100|[from] item: Life Orb
|
|upkeep
|inactive|pokemon showdwon has 25 seconds left this turn.
|
|t:|1743787412
|switch|p1a: Chandelure|Chandelure, M, shiny|72/100
|turn|22
|
|t:|1743787422
|move|p1a: Chandelure|Flamethrower|p2a: Weavile
|-supereffective|p2a: Weavile
|-damage|p2a: Weavile|0 fnt
|faint|p2a: Weavile
|
|upkeep
|
|t:|1743787424
|switch|p2a: Cinderace|Cinderace, F|62/100
|turn|23
|inactive|pokemon showdwon has 30 seconds left.
|
|t:|1743787451
|switch|p1a: Articuno|Articuno-Galar, shiny|42/100
|move|p2a: Cinderace|U-turn|p1a: Articuno
|-start|p2a: Cinderace|typechange|Bug|[from] ability: Libero
|-damage|p1a: Articuno|3/100
|inactive|pokemon showdwon has 30 seconds left this turn.
|
|t:|1743787457
|switch|p2a: Maushold|Maushold|76/100|[from] U-turn
|
|-heal|p1a: Articuno|9/100|[from] item: Leftovers
|upkeep
|turn|24
|inactive|pokemon showdwon has 30 seconds left.
|inactive|pokemon showdwon has 20 seconds left.
|inactive|pokemon showdwon has 15 seconds left.
|inactive|pokemon showdwon has 10 seconds left.
|inactive|pokemon showdwon has 5 seconds left.
|-message|pokemon showdwon lost due to inactivity.
|
|win|Johnnytravs1
|raw|pokemon showdwon's rating: 1207 &rarr; <strong>1181</strong><br />(-26 for losing)
|raw|Johnnytravs1's rating: 1187 &rarr; <strong>1213</strong><br />(+26 for winning)
|l|☆Johnnytravs1
|player|p2|
