|j|☆yetaseena
|j|☆Vieilbisail
|t:|1743827222
|gametype|singles
|player|p1|yetaseena|170|1120
|player|p2|Vieilbisail|rood|1120
|teamsize|p1|6
|teamsize|p2|6
|gen|9
|tier|[Gen 9] OU
|rated|
|rule|HP Percentage Mod: HP is shown in percentages
|rule|Endless Battle Clause: Forcing endless battles is banned
|rule|Species Clause: Limit one of each Pokémon
|rule|OHKO Clause: OHKO moves are banned
|rule|Evasion Items Clause: Evasion items are banned
|rule|Evasion Moves Clause: Evasion moves are banned
|rule|Sleep Moves Clause: Sleep-inducing moves are banned
|clearpoke
|poke|p1|Sinistcha-Masterpiece|
|poke|p1|Meowscarada, F|
|poke|p1|Brambleghast, M|
|poke|p1|Decidueye-Hisui, F|
|poke|p1|Ogerpon-Cornerstone, F|
|poke|p1|Serperior, F|
|poke|p2|Iron Valiant|
|poke|p2|Glimmora, M|
|poke|p2|Dragonite, M|
|poke|p2|Pecharunt|
|poke|p2|Great Tusk|
|poke|p2|Kingambit, F|
|teampreview
|inactive|Battle timer is ON: inactive players will automatically lose when time's up. (requested by Vieilbisail)
|
|t:|1743827234
|start
|switch|p1a: Decidueye|Decidueye-Hisui, F|100/100
|switch|p2a: Samwell|Dragonite, M|100/100
|turn|1
|
|t:|1743827247
|-terastallize|p2a: Samwell|Normal
|move|p2a: Samwell|Ice Spinner|p1a: Decidueye
|-supereffective|p1a: Decidueye
|-damage|p1a: Decidueye|42/100
|move|p1a: Decidueye|Triple Arrows|p2a: Samwell
|-supereffective|p2a: Samwell
|-damage|p2a: Samwell|55/100
|-unboost|p2a: Samwell|def|1
|
|-heal|p1a: Decidueye|48/100|[from] item: Leftovers
|upkeep
|turn|2
|inactive|yetaseena has 120 seconds left.
|
|t:|1743827279
|move|p2a: Samwell|Extreme Speed|p1a: Decidueye
|-damage|p1a: Decidueye|0 fnt
|faint|p1a: Decidueye
|
|upkeep
|inactive|yetaseena has 120 seconds left.
|
|t:|1743827296
|switch|p1a: Meowscarada|Meowscarada, F|100/100
|turn|3
|
|t:|1743827306
|move|p1a: Meowscarada|Sucker Punch|p2a: Samwell
|-start|p1a: Meowscarada|typechange|Dark|[from] ability: Protean
|-damage|p2a: Samwell|0 fnt
|faint|p2a: Samwell
|
|upkeep
|
|t:|1743827316
|switch|p2a: Fyulapp|Iron Valiant|100/100
|turn|4
|
|t:|1743827324
|switch|p1a: Brambleghast|Brambleghast, M|100/100
|move|p2a: Fyulapp|Aura Sphere|p1a: Brambleghast
|-immune|p1a: Brambleghast
|
|upkeep
|turn|5
|
|t:|1743827333
|-end|p2a: Fyulapp|Quark Drive|[silent]
|switch|p2a: Zaxesic|Glimmora, M, shiny|100/100
|move|p1a: Brambleghast|Poltergeist|p2a: Zaxesic
|-activate|p2a: Zaxesic|move: Poltergeist|Rocky Helmet
|-damage|p2a: Zaxesic|59/100
|-activate|p2a: Zaxesic|ability: Toxic Debris
|-sidestart|p1: yetaseena|move: Toxic Spikes
|
|upkeep
|turn|6
|
|t:|1743827351
|move|p1a: Brambleghast|Poltergeist|p2a: Zaxesic
|-activate|p2a: Zaxesic|move: Poltergeist|Rocky Helmet
|-damage|p2a: Zaxesic|12/100
|-activate|p2a: Zaxesic|ability: Toxic Debris
|-sidestart|p1: yetaseena|move: Toxic Spikes
|move|p2a: Zaxesic|Spikes|p1a: Brambleghast
|-sidestart|p1: yetaseena|Spikes
|
|upkeep
|turn|7
|
|t:|1743827366
|move|p1a: Brambleghast|Rapid Spin|p2a: Zaxesic
|-resisted|p2a: Zaxesic
|-damage|p2a: Zaxesic|4/100
|-boost|p1a: Brambleghast|spe|1
|-damage|p1a: Brambleghast|84/100|[from] item: Rocky Helmet|[of] p2a: Zaxesic
|-sideend|p1: yetaseena|Spikes|[from] move: Rapid Spin|[of] p1a: Brambleghast
|-sideend|p1: yetaseena|Toxic Spikes|[from] move: Rapid Spin|[of] p1a: Brambleghast
|move|p2a: Zaxesic|Mortal Spin|p1a: Brambleghast
|-crit|p1a: Brambleghast
|-damage|p1a: Brambleghast|67/100
|-status|p1a: Brambleghast|psn
|
|-damage|p1a: Brambleghast|55/100 psn|[from] psn
|upkeep
|turn|8
|
|t:|1743827386
|move|p1a: Brambleghast|Poltergeist|p2a: Zaxesic|[miss]
|-miss|p1a: Brambleghast|p2a: Zaxesic
|move|p2a: Zaxesic|Mortal Spin|p1a: Brambleghast
|-damage|p1a: Brambleghast|45/100 psn
|
|-damage|p1a: Brambleghast|33/100 psn|[from] psn
|upkeep
|turn|9
|
|t:|1743827396
|move|p1a: Brambleghast|Rapid Spin|p2a: Zaxesic
|-resisted|p2a: Zaxesic
|-damage|p2a: Zaxesic|0 fnt
|-boost|p1a: Brambleghast|spe|1
|-damage|p1a: Brambleghast|16/100 psn|[from] item: Rocky Helmet|[of] p2a: Zaxesic
|-activate|p2a: Zaxesic|ability: Toxic Debris
|-sidestart|p1: yetaseena|move: Toxic Spikes
|-sideend|p1: yetaseena|Toxic Spikes|[from] move: Rapid Spin|[of] p1a: Brambleghast
|faint|p2a: Zaxesic
|
|-damage|p1a: Brambleghast|4/100 psn|[from] psn
|upkeep
|
|t:|1743827409
|switch|p2a: Fyulapp|Iron Valiant|100/100
|turn|10
|
|t:|1743827434
|-end|p2a: Fyulapp|Quark Drive|[silent]
|switch|p2a: Arkh|Great Tusk, shiny|100/100
|move|p1a: Brambleghast|Poltergeist|p2a: Arkh|[miss]
|-miss|p1a: Brambleghast|p2a: Arkh
|
|-damage|p1a: Brambleghast|0 fnt|[from] psn
|faint|p1a: Brambleghast
|upkeep
|
|t:|1743827449
|switch|p1a: Serperior|Serperior, F|100/100
|turn|11
|
|t:|1743827458
|move|p1a: Serperior|Leaf Storm|p2a: Arkh
|-supereffective|p2a: Arkh
|-damage|p2a: Arkh|0 fnt
|-boost|p1a: Serperior|spa|2
|faint|p2a: Arkh
|-end|p2a: Arkh|Protosynthesis|[silent]
|
|upkeep
|
|t:|1743827464
|switch|p2a: Delivulg|Pecharunt|100/100
|turn|12
|
|t:|1743827473
|move|p1a: Serperior|Leaf Storm|p2a: Delivulg
|-resisted|p2a: Delivulg
|-damage|p2a: Delivulg|41/100
|-boost|p1a: Serperior|spa|2
|move|p2a: Delivulg|Malignant Chain|p1a: Serperior
|-supereffective|p1a: Serperior
|-damage|p1a: Serperior|30/100
|-status|p1a: Serperior|tox
|-start|p1a: Serperior|confusion|[from] ability: Poison Puppeteer|[of] p2a: Delivulg
|
|-damage|p1a: Serperior|24/100 tox|[from] psn
|upkeep
|turn|13
|
|t:|1743827485
|-activate|p1a: Serperior|confusion
|-damage|p1a: Serperior|16/100 tox|[from] confusion
|move|p2a: Delivulg|Recover|p2a: Delivulg
|-heal|p2a: Delivulg|91/100
|
|-damage|p1a: Serperior|4/100 tox|[from] psn
|upkeep
|turn|14
|
|t:|1743827494
|-end|p1a: Serperior|confusion
|move|p1a: Serperior|Leaf Storm|p2a: Delivulg
|-resisted|p2a: Delivulg
|-damage|p2a: Delivulg|0 fnt
|-boost|p1a: Serperior|spa|2
|faint|p2a: Delivulg
|
|-damage|p1a: Serperior|0 fnt|[from] psn
|faint|p1a: Serperior
|upkeep
|
|t:|1743827514
|switch|p1a: Sinistcha|Sinistcha-Masterpiece|100/100
|switch|p2a: Fyulapp|Iron Valiant|100/100
|turn|15
|
|t:|1743827526
|move|p2a: Fyulapp|Shadow Ball|p1a: Sinistcha
|-supereffective|p1a: Sinistcha
|-damage|p1a: Sinistcha|7/100
|move|p1a: Sinistcha|Matcha Gotcha|p2a: Fyulapp
|-damage|p2a: Fyulapp|16/100
|-heal|p1a: Sinistcha|50/100|[from] drain|[of] p2a: Fyulapp
|-status|p2a: Fyulapp|brn
|
|-heal|p1a: Sinistcha|56/100|[from] item: Leftovers
|-damage|p2a: Fyulapp|10/100 brn|[from] brn
|upkeep
|turn|16
|
|t:|1743827549
|move|p2a: Fyulapp|Shadow Ball|p1a: Sinistcha
|-supereffective|p1a: Sinistcha
|-crit|p1a: Sinistcha
|-damage|p1a: Sinistcha|0 fnt
|faint|p1a: Sinistcha
|
|-damage|p2a: Fyulapp|4/100 brn|[from] brn
|upkeep
|
|t:|1743827557
|switch|p1a: Meowscarada|Meowscarada, F|100/100
|turn|17
|
|t:|1743827576
|-end|p2a: Fyulapp|Quark Drive|[silent]
|switch|p2a: Cymbal|Kingambit, F, shiny|100/100
|-activate|p2a: Cymbal|ability: Supreme Overlord
|-start|p2a: Cymbal|fallen4|[silent]
|move|p1a: Meowscarada|Sucker Punch||[still]
|-fail|p1a: Meowscarada
|
|upkeep
|turn|18
|
|t:|1743827583
|switch|p1a: Ogerpon|Ogerpon-Cornerstone, F|100/100
|move|p2a: Cymbal|Thunder Wave|p1a: Ogerpon
|-status|p1a: Ogerpon|par
|
|upkeep
|turn|19
|
|t:|1743827596
|cant|p1a: Ogerpon|par
|move|p2a: Cymbal|Iron Head|p1a: Ogerpon
|-supereffective|p1a: Ogerpon
|-ability|p1a: Ogerpon|Sturdy
|-damage|p1a: Ogerpon|1/100 par
|
|upkeep
|turn|20
|
|t:|1743827605
|move|p2a: Cymbal|Sucker Punch|p1a: Ogerpon
|-damage|p1a: Ogerpon|0 fnt
|faint|p1a: Ogerpon
|
|upkeep
|
|t:|1743827610
|switch|p1a: Meowscarada|Meowscarada, F|100/100
|turn|21
|
|t:|1743827617
|move|p1a: Meowscarada|Brick Break|p2a: Cymbal
|-start|p1a: Meowscarada|typechange|Fighting|[from] ability: Protean
|-supereffective|p2a: Cymbal
|-damage|p2a: Cymbal|0 fnt
|faint|p2a: Cymbal
|-end|p2a: Cymbal|fallen4|[silent]
|
|upkeep
|
|t:|1743827626
|switch|p2a: Fyulapp|Iron Valiant|4/100 brn
|turn|22
|
|t:|1743827630
|-terastallize|p1a: Meowscarada|Ice
|move|p1a: Meowscarada|Brick Break|p2a: Fyulapp
|-resisted|p2a: Fyulapp
|-damage|p2a: Fyulapp|0 fnt
|faint|p2a: Fyulapp
|-end|p2a: Fyulapp|Quark Drive|[silent]
|
|win|yetaseena
|raw|yetaseena's rating: 1120 &rarr; <strong>1145</strong><br />(+25 for winning)
|raw|Vieilbisail's rating: 1120 &rarr; <strong>1095</strong><br />(-25 for losing)
|c|☆Vieilbisail|gg
|l|☆yetaseena
|player|p1|
|l|☆Vieilbisail
|player|p2|
