|j|☆jjconesa
|j|☆mind123
|t:|1743889357
|gametype|singles
|player|p1|jjconesa|lucas|1271
|player|p2|mind123|bellelba|1306
|teamsize|p1|6
|teamsize|p2|6
|gen|9
|tier|[Gen 9] OU
|rated|
|rule|HP Percentage Mod: HP is shown in percentages
|rule|Endless Battle Clause: Forcing endless battles is banned
|rule|Species Clause: Limit one of each Pokémon
|rule|OHKO Clause: OHKO moves are banned
|rule|Evasion Items Clause: Evasion items are banned
|rule|Evasion Moves Clause: Evasion moves are banned
|rule|Sleep Moves Clause: Sleep-inducing moves are banned
|clearpoke
|poke|p1|Ogerpon-Wellspring, F|
|poke|p1|Toedscruel, M|
|poke|p1|Lilligant-Hisui, F|
|poke|p1|Hydrapple, M|
|poke|p1|Rotom-Mow|
|poke|p1|Zarude|
|poke|p2|Garganacl, M|
|poke|p2|Weezing-Galar, F|
|poke|p2|Corviknight, M|
|poke|p2|Dragapult, M|
|poke|p2|Slowking-Galar, F|
|poke|p2|Samurott-Hisui, F|
|teampreview
|inactive|Battle timer is ON: inactive players will automatically lose when time's up. (requested by mind123)
|
|t:|1743889383
|start
|switch|p1a: Rotom|Rotom-Mow|100/100
|switch|p2a: Samurott|Samurott-Hisui, F|100/100
|turn|1
|inactive|mind123 has 120 seconds left.
|
|t:|1743889418
|switch|p2a: Slowking|Slowking-Galar, F|100/100
|move|p1a: Rotom|Volt Switch|p2a: Slowking
|-damage|p2a: Slowking|86/100
|
|t:|1743889426
|switch|p1a: Toedscruel|Toedscruel, M|100/100|[from] Volt Switch
|
|upkeep
|turn|2
|inactive|mind123 has 120 seconds left.
|
|t:|1743889444
|move|p2a: Slowking|Future Sight|p1a: Toedscruel
|-start|p2a: Slowking|move: Future Sight
|move|p1a: Toedscruel|Stun Spore|p2a: Slowking|[miss]
|-miss|p1a: Toedscruel|p2a: Slowking
|
|upkeep
|turn|3
|
|t:|1743889451
|switch|p2a: Garganacl|Garganacl, M|100/100
|move|p1a: Toedscruel|Stun Spore|p2a: Garganacl
|-status|p2a: Garganacl|par
|
|upkeep
|turn|4
|inactive|mind123 has 120 seconds left.
|c|☆mind123|how does that work
|
|t:|1743889482
|cant|p2a: Garganacl|par
|move|p1a: Toedscruel|Leech Seed|p2a: Garganacl
|-start|p2a: Garganacl|move: Leech Seed
|
|-end|p1a: Toedscruel|move: Future Sight
|-damage|p1a: Toedscruel|71/100
|-heal|p1a: Toedscruel|77/100|[from] item: Leftovers
|-damage|p2a: Garganacl|88/100 par|[from] Leech Seed|[of] p1a: Toedscruel
|-heal|p1a: Toedscruel|90/100|[silent]
|upkeep
|turn|5
|
|t:|1743889497
|move|p1a: Toedscruel|Earth Power|p2a: Garganacl
|-supereffective|p2a: Garganacl
|-damage|p2a: Garganacl|55/100 par
|-unboost|p2a: Garganacl|spd|1
|move|p2a: Garganacl|Stealth Rock|p1a: Toedscruel
|-sidestart|p1: jjconesa|move: Stealth Rock
|
|-heal|p1a: Toedscruel|96/100|[from] item: Leftovers
|-heal|p2a: Garganacl|62/100 par|[from] item: Leftovers
|-damage|p2a: Garganacl|49/100 par|[from] Leech Seed|[of] p1a: Toedscruel
|-heal|p1a: Toedscruel|100/100|[silent]
|upkeep
|turn|6
|inactive|mind123 has 120 seconds left.
|
|t:|1743889516
|switch|p2a: Corviknight|Corviknight, M|100/100
|-ability|p2a: Corviknight|Pressure
|move|p1a: Toedscruel|Rapid Spin|p2a: Corviknight
|-resisted|p2a: Corviknight
|-damage|p2a: Corviknight|98/100
|-boost|p1a: Toedscruel|spe|1
|-damage|p1a: Toedscruel|84/100|[from] item: Rocky Helmet|[of] p2a: Corviknight
|-sideend|p1: jjconesa|Stealth Rock|[from] move: Rapid Spin|[of] p1a: Toedscruel
|
|-heal|p1a: Toedscruel|90/100|[from] item: Leftovers
|upkeep
|turn|7
|
|t:|1743889532
|switch|p1a: Rotom|Rotom-Mow|100/100
|move|p2a: Corviknight|Brave Bird|p1a: Rotom
|-damage|p1a: Rotom|54/100
|-damage|p2a: Corviknight|89/100|[from] Recoil
|
|upkeep
|turn|8
|inactive|jjconesa has 120 seconds left.
|
|t:|1743889567
|switch|p2a: Slowking|Slowking-Galar, F|100/100
|move|p1a: Rotom|Pain Split|p2a: Slowking
|-sethp|p2a: Slowking|67/100|[from] move: Pain Split|[silent]
|-sethp|p1a: Rotom|100/100|[from] move: Pain Split
|
|upkeep
|turn|9
|inactive|mind123 has 120 seconds left.
|
|t:|1743889579
|switch|p1a: Toedscruel|Toedscruel, M|90/100
|move|p2a: Slowking|Sludge Bomb|p1a: Toedscruel
|-damage|p1a: Toedscruel|65/100
|-status|p1a: Toedscruel|psn
|
|-heal|p1a: Toedscruel|71/100 psn|[from] item: Leftovers
|-damage|p1a: Toedscruel|59/100 psn|[from] psn
|upkeep
|turn|10
|inactive|mind123 has 120 seconds left.
|
|t:|1743889595
|move|p2a: Slowking|Psychic Noise|p1a: Toedscruel
|-damage|p1a: Toedscruel|38/100 psn
|-start|p1a: Toedscruel|move: Heal Block
|move|p1a: Toedscruel|Leech Seed|p2a: Slowking
|-start|p2a: Slowking|move: Leech Seed
|
|-damage|p2a: Slowking|54/100|[from] Leech Seed|[of] p1a: Toedscruel
|-damage|p1a: Toedscruel|26/100 psn|[from] psn
|upkeep
|turn|11
|inactive|mind123 has 120 seconds left.
|
|t:|1743889615
|switch|p1a: Hydrapple|Hydrapple, M|100/100
|switch|p2a: Corviknight|Corviknight, M|89/100
|-ability|p2a: Corviknight|Pressure
|
|upkeep
|turn|12
|inactive|mind123 has 120 seconds left.
|inactive|jjconesa has 90 seconds left.
|
|t:|1743889636
|switch|p2a: Slowking|Slowking-Galar, F|88/100
|move|p1a: Hydrapple|Draco Meteor|p2a: Slowking
|-damage|p2a: Slowking|61/100
|-unboost|p1a: Hydrapple|spa|2
|
|upkeep
|turn|13
|inactive|jjconesa has 90 seconds left.
|inactive|mind123 has 120 seconds left.
|
|t:|1743889647
|switch|p1a: Toedscruel|Toedscruel, M|26/100 psn
|move|p2a: Slowking|Sludge Bomb|p1a: Toedscruel
|-damage|p1a: Toedscruel|1/100 psn
|
|-heal|p1a: Toedscruel|7/100 psn|[from] item: Leftovers
|-damage|p1a: Toedscruel|0 fnt|[from] psn
|faint|p1a: Toedscruel
|upkeep
|
|t:|1743889658
|switch|p1a: Zarude|Zarude|100/100
|turn|14
|
|t:|1743889670
|switch|p2a: Weezing|Weezing-Galar, F|100/100
|-ability|p2a: Weezing|Neutralizing Gas
|move|p1a: Zarude|U-turn|p2a: Weezing
|-resisted|p2a: Weezing
|-damage|p2a: Weezing|97/100
|
|t:|1743889691
|switch|p1a: Hydrapple|Hydrapple, M|100/100|[from] U-turn
|
|upkeep
|turn|15
|
|t:|1743889708
|-end|p2a: Weezing|ability: Neutralizing Gas
|switch|p2a: Slowking|Slowking-Galar, F|94/100
|move|p1a: Hydrapple|Earth Power|p2a: Slowking
|-supereffective|p2a: Slowking
|-damage|p2a: Slowking|68/100
|
|upkeep
|turn|16
|
|t:|1743889721
|-terastallize|p1a: Hydrapple|Steel
|move|p1a: Hydrapple|Fickle Beam|p2a: Slowking
|-damage|p2a: Slowking|51/100
|move|p2a: Slowking|Sludge Bomb|p1a: Hydrapple
|-immune|p1a: Hydrapple
|
|upkeep
|turn|17
|
|t:|1743889741
|move|p1a: Hydrapple|Fickle Beam|p2a: Slowking
|-damage|p2a: Slowking|34/100
|move|p2a: Slowking|Flamethrower|p1a: Hydrapple
|-supereffective|p1a: Hydrapple
|-damage|p1a: Hydrapple|70/100
|
|upkeep
|turn|18
|
|t:|1743889758
|switch|p2a: Corviknight|Corviknight, M|89/100
|-ability|p2a: Corviknight|Pressure
|move|p1a: Hydrapple|Fickle Beam|p2a: Corviknight
|-resisted|p2a: Corviknight
|-damage|p2a: Corviknight|69/100
|
|upkeep
|turn|19
|
|t:|1743889772
|switch|p1a: Rotom|Rotom-Mow|100/100
|move|p2a: Corviknight|Body Press|p1a: Rotom
|-damage|p1a: Rotom|68/100
|
|upkeep
|turn|20
|
|t:|1743889787
|switch|p2a: Slowking|Slowking-Galar, F|67/100
|move|p1a: Rotom|Will-O-Wisp|p2a: Slowking
|-status|p2a: Slowking|brn
|
|-damage|p2a: Slowking|61/100 brn|[from] brn
|upkeep
|turn|21
|inactive|jjconesa has 60 seconds left.
|inactive|mind123 has 120 seconds left.
|
|t:|1743889825
|switch|p1a: Hydrapple|Hydrapple, M, tera:Steel|100/100
|move|p2a: Slowking|Future Sight|p1a: Hydrapple
|-start|p2a: Slowking|move: Future Sight
|
|-damage|p2a: Slowking|55/100 brn|[from] brn
|upkeep
|turn|22
|
|t:|1743889834
|switch|p2a: Corviknight|Corviknight, M|69/100
|-ability|p2a: Corviknight|Pressure
|move|p1a: Hydrapple|Fickle Beam|p2a: Corviknight|[anim] Fickle Beam All Out
|-activate|p1a: Hydrapple|move: Fickle Beam
|-resisted|p2a: Corviknight
|-damage|p2a: Corviknight|29/100
|
|upkeep
|turn|23
|
|t:|1743889845
|move|p2a: Corviknight|Roost|p2a: Corviknight
|-heal|p2a: Corviknight|79/100
|-singleturn|p2a: Corviknight|move: Roost
|move|p1a: Hydrapple|Earth Power|p2a: Corviknight
|-supereffective|p2a: Corviknight
|-damage|p2a: Corviknight|24/100
|
|-end|p1a: Hydrapple|move: Future Sight
|-resisted|p1a: Hydrapple
|-damage|p1a: Hydrapple|85/100
|upkeep
|turn|24
|inactive|jjconesa has 60 seconds left.
|
|t:|1743889861
|move|p2a: Corviknight|Roost|p2a: Corviknight
|-heal|p2a: Corviknight|74/100
|-singleturn|p2a: Corviknight|move: Roost
|move|p1a: Hydrapple|Earth Power|p2a: Corviknight
|-supereffective|p2a: Corviknight
|-crit|p2a: Corviknight
|-damage|p2a: Corviknight|0 fnt
|faint|p2a: Corviknight
|
|upkeep
|inactive|mind123 has 120 seconds left.
|
|t:|1743889900
|switch|p2a: Garganacl|Garganacl, M|49/100 par
|turn|25
|inactive|jjconesa has 60 seconds left.
|
|t:|1743889923
|-terastallize|p2a: Garganacl|Fairy
|move|p1a: Hydrapple|Earth Power|p2a: Garganacl
|-damage|p2a: Garganacl|28/100 par
|move|p2a: Garganacl|Recover|p2a: Garganacl
|-heal|p2a: Garganacl|78/100 par
|
|-heal|p2a: Garganacl|84/100 par|[from] item: Leftovers
|upkeep
|turn|26
|inactive|jjconesa has 60 seconds left.
|inactive|mind123 has 120 seconds left.
|
|t:|1743889938
|move|p1a: Hydrapple|Leaf Storm|p2a: Garganacl
|-damage|p2a: Garganacl|42/100 par
|-unboost|p1a: Hydrapple|spa|2
|move|p2a: Garganacl|Salt Cure|p1a: Hydrapple
|-resisted|p1a: Hydrapple
|-damage|p1a: Hydrapple|81/100
|-start|p1a: Hydrapple|Salt Cure
|
|-heal|p2a: Garganacl|48/100 par|[from] item: Leftovers
|-damage|p1a: Hydrapple|56/100|[from] Salt Cure
|upkeep
|turn|27
|inactive|jjconesa has 60 seconds left.
|inactive|mind123 has 120 seconds left.
|
|t:|1743889949
|switch|p1a: Rotom|Rotom-Mow|68/100
|move|p2a: Garganacl|Recover|p2a: Garganacl
|-heal|p2a: Garganacl|98/100 par
|
|-heal|p2a: Garganacl|100/100 par|[from] item: Leftovers
|upkeep
|turn|28
|inactive|jjconesa has 60 seconds left.
|
|t:|1743889958
|move|p1a: Rotom|Trick|p2a: Garganacl
|-activate|p1a: Rotom|move: Trick|[of] p2a: Garganacl
|-item|p2a: Garganacl|Choice Scarf|[from] move: Trick
|-item|p1a: Rotom|Leftovers|[from] move: Trick
|move|p2a: Garganacl|Stealth Rock|p1a: Rotom
|-sidestart|p1: jjconesa|move: Stealth Rock
|
|-heal|p1a: Rotom|74/100|[from] item: Leftovers
|upkeep
|turn|29
|inactive|jjconesa has 60 seconds left.
|inactive|mind123 has 120 seconds left.
|
|t:|1743889977
|switch|p2a: Slowking|Slowking-Galar, F|89/100 brn
|move|p1a: Rotom|Pain Split|p2a: Slowking
|-sethp|p2a: Slowking|67/100 brn|[from] move: Pain Split|[silent]
|-sethp|p1a: Rotom|100/100|[from] move: Pain Split
|
|-damage|p2a: Slowking|61/100 brn|[from] brn
|upkeep
|turn|30
|inactive|jjconesa has 60 seconds left.
|
|t:|1743889988
|move|p1a: Rotom|Volt Switch|p2a: Slowking
|-damage|p2a: Slowking|47/100 brn
|
|t:|1743889992
|switch|p1a: Hydrapple|Hydrapple, M, tera:Steel|89/100|[from] Volt Switch
|-damage|p1a: Hydrapple|82/100|[from] Stealth Rock
|move|p2a: Slowking|Flamethrower|p1a: Hydrapple
|-supereffective|p1a: Hydrapple
|-damage|p1a: Hydrapple|51/100
|
|-damage|p2a: Slowking|40/100 brn|[from] brn
|upkeep
|turn|31
|
|t:|1743890007
|switch|p2a: Garganacl|Garganacl, M, tera:Fairy|100/100 par
|move|p1a: Hydrapple|Earth Power|p2a: Garganacl
|-damage|p2a: Garganacl|81/100 par
|
|upkeep
|turn|32
|inactive|jjconesa has 60 seconds left.
|
|t:|1743890029
|move|p1a: Hydrapple|Leaf Storm|p2a: Garganacl
|-damage|p2a: Garganacl|38/100 par
|-unboost|p1a: Hydrapple|spa|2
|cant|p2a: Garganacl|par
|
|upkeep
|turn|33
|inactive|jjconesa has 60 seconds left.
|inactive|mind123 has 120 seconds left.
|
|t:|1743890064
|switch|p1a: Zarude|Zarude|100/100
|-damage|p1a: Zarude|88/100|[from] Stealth Rock
|move|p2a: Garganacl|Recover|p2a: Garganacl
|-heal|p2a: Garganacl|88/100 par
|
|upkeep
|turn|34
|inactive|mind123 has 120 seconds left.
|
|t:|1743890077
|switch|p2a: Weezing|Weezing-Galar, F|97/100
|-ability|p2a: Weezing|Neutralizing Gas
|move|p1a: Zarude|Knock Off|p2a: Weezing
|-resisted|p2a: Weezing
|-damage|p2a: Weezing|80/100
|-enditem|p2a: Weezing|Heavy-Duty Boots|[from] move: Knock Off|[of] p1a: Zarude
|
|upkeep
|turn|35
|inactive|mind123 has 120 seconds left.
|
|t:|1743890093
|switch|p1a: Hydrapple|Hydrapple, M, tera:Steel|84/100
|-damage|p1a: Hydrapple|78/100|[from] Stealth Rock
|move|p2a: Weezing|Will-O-Wisp|p1a: Hydrapple
|-status|p1a: Hydrapple|brn
|
|-damage|p1a: Hydrapple|72/100 brn|[from] brn
|upkeep
|turn|36
|inactive|mind123 has 120 seconds left.
|
|t:|1743890104
|-end|p2a: Weezing|ability: Neutralizing Gas
|switch|p2a: Garganacl|Garganacl, M, tera:Fairy|88/100 par
|move|p1a: Hydrapple|Earth Power|p2a: Garganacl
|-damage|p2a: Garganacl|67/100 par
|
|-damage|p1a: Hydrapple|66/100 brn|[from] brn
|upkeep
|turn|37
|
|t:|1743890113
|move|p1a: Hydrapple|Earth Power|p2a: Garganacl
|-crit|p2a: Garganacl
|-damage|p2a: Garganacl|35/100 par
|-unboost|p2a: Garganacl|spd|1
|move|p2a: Garganacl|Salt Cure|p1a: Hydrapple
|-resisted|p1a: Hydrapple
|-damage|p1a: Hydrapple|61/100 brn
|-start|p1a: Hydrapple|Salt Cure
|
|-damage|p1a: Hydrapple|54/100 brn|[from] brn
|-damage|p1a: Hydrapple|29/100 brn|[from] Salt Cure
|upkeep
|turn|38
|
|t:|1743890134
|switch|p1a: Rotom|Rotom-Mow|100/100
|-damage|p1a: Rotom|88/100|[from] Stealth Rock
|switch|p2a: Slowking|Slowking-Galar, F|74/100 brn
|
|-heal|p1a: Rotom|94/100|[from] item: Leftovers
|-damage|p2a: Slowking|68/100 brn|[from] brn
|upkeep
|turn|39
|inactive|jjconesa has 30 seconds left.
|
|t:|1743890163
|move|p1a: Rotom|Volt Switch|p2a: Slowking
|-damage|p2a: Slowking|52/100 brn
|inactive|jjconesa has 30 seconds left this turn.
|
|t:|1743890169
|switch|p1a: Ogerpon|Ogerpon-Wellspring, F|100/100|[from] Volt Switch
|-damage|p1a: Ogerpon|88/100|[from] Stealth Rock
|move|p2a: Slowking|Flamethrower|p1a: Ogerpon
|-damage|p1a: Ogerpon|64/100
|
|-damage|p2a: Slowking|46/100 brn|[from] brn
|upkeep
|turn|40
|inactive|jjconesa has 30 seconds left.
|inactive|jjconesa has 20 seconds left.
|inactive|mind123 has 120 seconds left.
|
|t:|1743890199
|switch|p2a: Weezing|Weezing-Galar, F|80/100
|-ability|p2a: Weezing|Neutralizing Gas
|move|p1a: Ogerpon|Ivy Cudgel|p2a: Weezing|[anim] Ivy Cudgel Water
|-damage|p2a: Weezing|41/100
|
|upkeep
|turn|41
|inactive|jjconesa has 30 seconds left this turn.
|inactive|mind123 has 120 seconds left.
|inactive|jjconesa has 20 seconds left.
|
|t:|1743890215
|move|p1a: Ogerpon|U-turn|p2a: Weezing
|-resisted|p2a: Weezing
|-damage|p2a: Weezing|36/100
|inactive|jjconesa has 25 seconds left this turn.
|inactive|jjconesa has 20 seconds left.
|
|t:|1743890223
|switch|p1a: Hydrapple|Hydrapple, M, tera:Steel|63/100 brn|[from] U-turn
|-damage|p1a: Hydrapple|56/100 brn|[from] Stealth Rock
|move|p2a: Weezing|Strange Steam|p1a: Hydrapple
|-resisted|p1a: Hydrapple
|-damage|p1a: Hydrapple|47/100 brn
|-start|p1a: Hydrapple|confusion
|
|-damage|p1a: Hydrapple|41/100 brn|[from] brn
|upkeep
|turn|42
|inactive|jjconesa has 30 seconds left this turn.
|inactive|jjconesa has 20 seconds left.
|inactive|mind123 has 120 seconds left.
|inactive|jjconesa has 15 seconds left.
|inactive|mind123 has 90 seconds left.
|
|t:|1743890290
|move|p2a: Weezing|Strange Steam|p1a: Hydrapple
|-resisted|p1a: Hydrapple
|-damage|p1a: Hydrapple|32/100 brn
|-activate|p1a: Hydrapple|confusion
|move|p1a: Hydrapple|Leaf Storm|p2a: Weezing
|-resisted|p2a: Weezing
|-damage|p2a: Weezing|0 fnt
|-unboost|p1a: Hydrapple|spa|2
|faint|p2a: Weezing
|-end|p2a: Weezing|ability: Neutralizing Gas
|
|-damage|p1a: Hydrapple|26/100 brn|[from] brn
|upkeep
|inactive|jjconesa has 20 seconds left this turn.
|inactive|mind123 has 60 seconds left.
|
|t:|1743890301
|switch|p2a: Dragapult|Dragapult, M|100/100
|turn|43
|inactive|jjconesa has 30 seconds left this turn.
|inactive|jjconesa has 20 seconds left.
|
|t:|1743890311
|switch|p1a: Zarude|Zarude|88/100
|-damage|p1a: Zarude|76/100|[from] Stealth Rock
|move|p2a: Dragapult|Hex|p1a: Zarude
|-resisted|p1a: Zarude
|-damage|p1a: Zarude|65/100
|
|upkeep
|turn|44
|inactive|jjconesa has 30 seconds left this turn.
|inactive|jjconesa has 20 seconds left.
|inactive|jjconesa has 15 seconds left.
|inactive|jjconesa has 10 seconds left.
|
|t:|1743890331
|switch|p2a: Garganacl|Garganacl, M, tera:Fairy|35/100 par
|move|p1a: Zarude|Power Whip|p2a: Garganacl
|-damage|p2a: Garganacl|0 fnt
|faint|p2a: Garganacl
|
|upkeep
|inactive|jjconesa has 15 seconds left this turn.
|
|t:|1743890339
|switch|p2a: Dragapult|Dragapult, M|100/100
|turn|45
|inactive|jjconesa has 25 seconds left this turn.
|inactive|jjconesa has 20 seconds left.
|inactive|jjconesa has 15 seconds left.
|inactive|jjconesa has 10 seconds left.
|inactive|jjconesa has 5 seconds left.
|
|t:|1743890359
|switch|p1a: Rotom|Rotom-Mow|94/100
|-damage|p1a: Rotom|82/100|[from] Stealth Rock
|move|p2a: Dragapult|Will-O-Wisp|p1a: Rotom
|-status|p1a: Rotom|brn
|
|-heal|p1a: Rotom|88/100 brn|[from] item: Leftovers
|-damage|p1a: Rotom|82/100 brn|[from] brn
|upkeep
|turn|46
|inactive|jjconesa has 15 seconds left this turn.
|inactive|jjconesa has 10 seconds left.
|inactive|jjconesa has 5 seconds left.
|
|t:|1743890372
|switch|p2a: Slowking|Slowking-Galar, F|80/100 brn
|move|p1a: Rotom|Volt Switch|p2a: Slowking
|-damage|p2a: Slowking|66/100 brn
|inactive|jjconesa has 10 seconds left this turn.
|inactive|jjconesa has 5 seconds left.
|
|t:|1743890378
|switch|p1a: Hydrapple|Hydrapple, M, tera:Steel|59/100 brn|[from] Volt Switch
|-damage|p1a: Hydrapple|53/100 brn|[from] Stealth Rock
|
|-damage|p1a: Hydrapple|46/100 brn|[from] brn
|-damage|p2a: Slowking|60/100 brn|[from] brn
|upkeep
|turn|47
|inactive|jjconesa has 15 seconds left this turn.
|inactive|jjconesa has 10 seconds left.
|inactive|jjconesa has 5 seconds left.
|inactive|mind123 has 60 seconds left.
|
|t:|1743890419
|switch|p1a: Ogerpon|Ogerpon-Wellspring, F|64/100
|-damage|p1a: Ogerpon|52/100|[from] Stealth Rock
|move|p2a: Slowking|Flamethrower|p1a: Ogerpon
|-damage|p1a: Ogerpon|28/100
|
|-damage|p2a: Slowking|54/100 brn|[from] brn
|upkeep
|turn|48
|inactive|jjconesa has 15 seconds left this turn.
|inactive|jjconesa has 10 seconds left.
|inactive|jjconesa has 5 seconds left.
|
|t:|1743890437
|move|p1a: Ogerpon|Horn Leech|p2a: Slowking
|-resisted|p2a: Slowking
|-damage|p2a: Slowking|29/100 brn
|-heal|p1a: Ogerpon|42/100|[from] drain|[of] p2a: Slowking
|move|p2a: Slowking|Flamethrower|p1a: Ogerpon
|-damage|p1a: Ogerpon|16/100
|
|-damage|p2a: Slowking|23/100 brn|[from] brn
|upkeep
|turn|49
|inactive|jjconesa has 15 seconds left this turn.
|inactive|jjconesa has 10 seconds left.
|inactive|jjconesa has 5 seconds left.
|
|t:|1743890450
|switch|p2a: Dragapult|Dragapult, M|100/100
|move|p1a: Ogerpon|Horn Leech|p2a: Dragapult
|-resisted|p2a: Dragapult
|-damage|p2a: Dragapult|71/100
|-heal|p1a: Ogerpon|30/100|[from] drain|[of] p2a: Dragapult
|
|upkeep
|turn|50
|inactive|jjconesa has 15 seconds left this turn.
|inactive|jjconesa has 10 seconds left.
|
|t:|1743890460
|switch|p1a: Rotom|Rotom-Mow|82/100 brn
|-damage|p1a: Rotom|70/100 brn|[from] Stealth Rock
|move|p2a: Dragapult|Dragon Darts|p1a: Rotom
|-damage|p1a: Rotom|34/100 brn
|-anim|p2a: Dragapult|Dragon Darts|p1a: Rotom
|-damage|p1a: Rotom|0 fnt
|faint|p1a: Rotom
|
|upkeep
|inactive|jjconesa has 15 seconds left this turn.
|inactive|jjconesa has 10 seconds left.
|inactive|jjconesa has 5 seconds left.
|
|t:|1743890470
|switch|p1a: Zarude|Zarude|65/100
|-damage|p1a: Zarude|53/100|[from] Stealth Rock
|turn|51
|inactive|jjconesa has 15 seconds left this turn.
|inactive|jjconesa has 10 seconds left.
|inactive|mind123 has 60 seconds left.
|
|t:|1743890478
|switch|p2a: Slowking|Slowking-Galar, F|56/100 brn
|move|p1a: Zarude|Knock Off|p2a: Slowking
|-supereffective|p2a: Slowking
|-damage|p2a: Slowking|0 fnt
|-enditem|p2a: Slowking|Assault Vest|[from] move: Knock Off|[of] p1a: Zarude
|faint|p2a: Slowking
|
|upkeep
|inactive|jjconesa has 15 seconds left this turn.
|inactive|mind123 has 60 seconds left.
|
|t:|1743890484
|switch|p2a: Samurott|Samurott-Hisui, F|100/100
|turn|52
|inactive|jjconesa has 25 seconds left this turn.
|inactive|jjconesa has 20 seconds left.
|inactive|mind123 has 60 seconds left.
|
|t:|1743890498
|switch|p1a: Lilligant|Lilligant-Hisui, F|100/100
|-damage|p1a: Lilligant|94/100|[from] Stealth Rock
|move|p2a: Samurott|Ceaseless Edge|p1a: Lilligant
|-resisted|p1a: Lilligant
|-damage|p1a: Lilligant|63/100
|-sidestart|p1: jjconesa|Spikes
|
|upkeep
|turn|53
|inactive|jjconesa has 30 seconds left this turn.
|
|t:|1743890507
|move|p2a: Samurott|Ceaseless Edge|p1a: Lilligant
|-resisted|p1a: Lilligant
|-damage|p1a: Lilligant|31/100
|-sidestart|p1: jjconesa|Spikes
|move|p1a: Lilligant|Victory Dance|p1a: Lilligant
|-boost|p1a: Lilligant|atk|1
|-boost|p1a: Lilligant|def|1
|-boost|p1a: Lilligant|spe|1
|
|upkeep
|turn|54
|inactive|jjconesa has 30 seconds left.
|
|t:|1743890519
|move|p1a: Lilligant|Leaf Blade|p2a: Samurott
|-supereffective|p2a: Samurott
|-damage|p2a: Samurott|0 fnt
|faint|p2a: Samurott
|
|upkeep
|inactive|jjconesa has 30 seconds left this turn.
|
|t:|1743890522
|switch|p2a: Dragapult|Dragapult, M|71/100
|turn|55
|
|t:|1743890528
|move|p1a: Lilligant|Ice Spinner|p2a: Dragapult
|-supereffective|p2a: Dragapult
|-damage|p2a: Dragapult|0 fnt
|faint|p2a: Dragapult
|
|win|jjconesa
|raw|jjconesa's rating: 1271 &rarr; <strong>1299</strong><br />(+28 for winning)
|raw|mind123's rating: 1306 &rarr; <strong>1284</strong><br />(-22 for losing)
|l|☆mind123
|player|p2|
|l|☆jjconesa
|player|p1|
