|j|☆ak47 ratata
|j|☆Lamelunaire
|t:|1743855268
|gametype|singles
|player|p1|ak47 ratata|n-masters2|1121
|player|p2|Lamelunaire|steven|1156
|teamsize|p1|6
|teamsize|p2|6
|gen|9
|tier|[Gen 9] OU
|rated|
|rule|HP Percentage Mod: HP is shown in percentages
|rule|Endless Battle Clause: Forcing endless battles is banned
|rule|Species Clause: Limit one of each Pokémon
|rule|OHKO Clause: OHKO moves are banned
|rule|Evasion Items Clause: Evasion items are banned
|rule|Evasion Moves Clause: Evasion moves are banned
|rule|Sleep Moves Clause: Sleep-inducing moves are banned
|clearpoke
|poke|p1|Kyurem|
|poke|p1|Kingambit, F|
|poke|p1|Ogerpon-Wellspring, F|
|poke|p1|Dragonite, F|
|poke|p1|Iron Valiant|
|poke|p1|Iron Moth|
|poke|p2|Tauros-Paldea-Combat, M|
|poke|p2|Iron Treads|
|poke|p2|Raging Bolt|
|poke|p2|Samurott-Hisui, M|
|poke|p2|Moltres|
|poke|p2|Hatterene, F|
|teampreview
|inactive|Battle timer is ON: inactive players will automatically lose when time's up. (requested by Lamelunaire)
|
|t:|1743855288
|start
|switch|p1a: literally me|Ogerpon-Wellspring, F|100/100
|switch|p2a: Samurott|Samurott-Hisui, M|100/100
|turn|1
|
|t:|1743855296
|move|p1a: literally me|Swords Dance|p1a: literally me
|-boost|p1a: literally me|atk|2
|move|p2a: Samurott|Ceaseless Edge|p1a: literally me
|-damage|p1a: literally me|41/100
|-sidestart|p1: ak47 ratata|Spikes
|
|upkeep
|turn|2
|
|t:|1743855302
|move|p1a: literally me|Power Whip|p2a: Samurott
|-supereffective|p2a: Samurott
|-enditem|p2a: Samurott|Focus Sash
|-damage|p2a: Samurott|1/100
|move|p2a: Samurott|Ceaseless Edge|p1a: literally me
|-damage|p1a: literally me|0 fnt
|-sidestart|p1: ak47 ratata|Spikes
|faint|p1a: literally me
|
|upkeep
|
|t:|1743855311
|switch|p1a: bug catcher joey|Iron Moth|100/100
|-damage|p1a: bug catcher joey|84/100|[from] Spikes
|-enditem|p1a: bug catcher joey|Booster Energy
|-activate|p1a: bug catcher joey|ability: Quark Drive|[fromitem]
|-start|p1a: bug catcher joey|quarkdrivespe
|turn|3
|
|t:|1743855317
|move|p2a: Samurott|Aqua Jet|p1a: bug catcher joey
|-supereffective|p1a: bug catcher joey
|-damage|p1a: bug catcher joey|33/100
|move|p1a: bug catcher joey|Fiery Dance|p2a: Samurott
|-resisted|p2a: Samurott
|-damage|p2a: Samurott|0 fnt
|faint|p2a: Samurott
|
|upkeep
|
|t:|1743855325
|switch|p2a: Tauros|Tauros-Paldea-Combat, M|100/100
|-ability|p2a: Tauros|Intimidate|boost
|-unboost|p1a: bug catcher joey|atk|1
|turn|4
|
|t:|1743855345
|move|p1a: bug catcher joey|Sludge Wave|p2a: Tauros
|-crit|p2a: Tauros
|-damage|p2a: Tauros|0 fnt
|faint|p2a: Tauros
|
|upkeep
|
|t:|1743855357
|switch|p2a: Raging Bolt|Raging Bolt|100/100
|-enditem|p2a: Raging Bolt|Booster Energy
|-activate|p2a: Raging Bolt|ability: Protosynthesis|[fromitem]
|-start|p2a: Raging Bolt|protosynthesisspa
|turn|5
|
|t:|1743855377
|-terastallize|p1a: bug catcher joey|Ground
|move|p1a: bug catcher joey|Tera Blast|p2a: Raging Bolt|[anim] Tera Blast Ground
|-supereffective|p2a: Raging Bolt
|-damage|p2a: Raging Bolt|28/100
|move|p2a: Raging Bolt|Calm Mind|p2a: Raging Bolt
|-boost|p2a: Raging Bolt|spa|1
|-boost|p2a: Raging Bolt|spd|1
|
|upkeep
|turn|6
|
|t:|1743855388
|-terastallize|p2a: Raging Bolt|Fairy
|move|p1a: bug catcher joey|Tera Blast|p2a: Raging Bolt|[anim] Tera Blast Ground
|-damage|p2a: Raging Bolt|4/100
|move|p2a: Raging Bolt|Draco Meteor|p1a: bug catcher joey
|-damage|p1a: bug catcher joey|0 fnt
|-unboost|p2a: Raging Bolt|spa|2
|faint|p1a: bug catcher joey
|-end|p1a: bug catcher joey|Quark Drive|[silent]
|
|upkeep
|
|t:|1743855397
|switch|p1a: Dragonite|Dragonite, F|100/100
|turn|7
|
|t:|1743855402
|move|p2a: Raging Bolt|Thunderclap|p1a: Dragonite
|-damage|p1a: Dragonite|82/100
|move|p1a: Dragonite|Earthquake|p2a: Raging Bolt
|-damage|p2a: Raging Bolt|0 fnt
|faint|p2a: Raging Bolt
|-end|p2a: Raging Bolt|Protosynthesis|[silent]
|
|upkeep
|
|t:|1743855408
|switch|p2a: Moltres|Moltres|100/100
|turn|8
|
|t:|1743855412
|move|p1a: Dragonite|Dragon Dance|p1a: Dragonite
|-boost|p1a: Dragonite|atk|1
|-boost|p1a: Dragonite|spe|1
|move|p2a: Moltres|Will-O-Wisp|p1a: Dragonite|[miss]
|-miss|p2a: Moltres|p1a: Dragonite
|
|upkeep
|turn|9
|
|t:|1743855418
|move|p1a: Dragonite|Dragon Dance|p1a: Dragonite
|-boost|p1a: Dragonite|atk|1
|-boost|p1a: Dragonite|spe|1
|move|p2a: Moltres|Will-O-Wisp|p1a: Dragonite
|-status|p1a: Dragonite|brn
|
|-damage|p1a: Dragonite|76/100 brn|[from] brn
|upkeep
|turn|10
|
|t:|1743855427
|move|p1a: Dragonite|Ice Spinner|p2a: Moltres
|-damage|p2a: Moltres|79/100
|move|p2a: Moltres|U-turn|p1a: Dragonite
|-resisted|p1a: Dragonite
|-damage|p1a: Dragonite|67/100 brn
|
|t:|1743855432
|switch|p2a: Hatterene|Hatterene, F|100/100|[from] U-turn
|
|-damage|p1a: Dragonite|61/100 brn|[from] brn
|upkeep
|turn|11
|
|t:|1743855440
|move|p1a: Dragonite|Earthquake|p2a: Hatterene
|-damage|p2a: Hatterene|53/100
|move|p2a: Hatterene|Draining Kiss|p1a: Dragonite
|-supereffective|p1a: Dragonite
|-damage|p1a: Dragonite|0 fnt
|-heal|p2a: Hatterene|99/100|[from] drain|[of] p1a: Dragonite
|faint|p1a: Dragonite
|
|upkeep
|
|t:|1743855449
|switch|p1a: zelda|Iron Valiant|100/100
|-damage|p1a: zelda|84/100|[from] Spikes
|-enditem|p1a: zelda|Booster Energy
|-activate|p1a: zelda|ability: Quark Drive|[fromitem]
|-start|p1a: zelda|quarkdrivespe
|turn|12
|
|t:|1743855456
|move|p1a: zelda|Calm Mind|p1a: zelda
|-boost|p1a: zelda|spa|1
|-boost|p1a: zelda|spd|1
|move|p2a: Hatterene|Psychic Noise|p1a: zelda
|-supereffective|p1a: zelda
|-damage|p1a: zelda|0 fnt
|faint|p1a: zelda
|-end|p1a: zelda|Quark Drive|[silent]
|
|upkeep
|
|t:|1743855462
|switch|p1a: pls sweep|Kingambit, F|100/100
|-damage|p1a: pls sweep|84/100|[from] Spikes
|-activate|p1a: pls sweep|ability: Supreme Overlord
|-start|p1a: pls sweep|fallen4|[silent]
|turn|13
|
|t:|1743855468
|switch|p2a: Moltres|Moltres|79/100
|move|p1a: pls sweep|Kowtow Cleave|p2a: Moltres
|-damage|p2a: Moltres|29/100
|-status|p1a: pls sweep|brn|[from] ability: Flame Body|[of] p2a: Moltres
|
|-heal|p1a: pls sweep|90/100 brn|[from] item: Leftovers
|-damage|p1a: pls sweep|84/100 brn|[from] brn
|upkeep
|turn|14
|
|t:|1743855478
|move|p2a: Moltres|Roost|p2a: Moltres
|-heal|p2a: Moltres|79/100
|-singleturn|p2a: Moltres|move: Roost
|move|p1a: pls sweep|Kowtow Cleave|p2a: Moltres
|-damage|p2a: Moltres|53/100
|
|-heal|p1a: pls sweep|90/100 brn|[from] item: Leftovers
|-damage|p1a: pls sweep|84/100 brn|[from] brn
|upkeep
|turn|15
|
|t:|1743855488
|move|p2a: Moltres|Flamethrower|p1a: pls sweep
|-supereffective|p1a: pls sweep
|-damage|p1a: pls sweep|8/100 brn
|move|p1a: pls sweep|Kowtow Cleave|p2a: Moltres
|-damage|p2a: Moltres|28/100
|
|-heal|p1a: pls sweep|14/100 brn|[from] item: Leftovers
|-damage|p1a: pls sweep|8/100 brn|[from] brn
|upkeep
|turn|16
|
|t:|1743855496
|move|p1a: pls sweep|Sucker Punch||[still]
|-fail|p1a: pls sweep
|move|p2a: Moltres|Roost|p2a: Moltres
|-heal|p2a: Moltres|78/100
|-singleturn|p2a: Moltres|move: Roost
|
|-heal|p1a: pls sweep|14/100 brn|[from] item: Leftovers
|-damage|p1a: pls sweep|8/100 brn|[from] brn
|upkeep
|turn|17
|
|t:|1743855504
|move|p1a: pls sweep|Sucker Punch||[still]
|-fail|p1a: pls sweep
|move|p2a: Moltres|Roost|p2a: Moltres
|-heal|p2a: Moltres|100/100
|-singleturn|p2a: Moltres|move: Roost
|
|-heal|p1a: pls sweep|14/100 brn|[from] item: Leftovers
|-damage|p1a: pls sweep|8/100 brn|[from] brn
|upkeep
|turn|18
|
|t:|1743855513
|move|p2a: Moltres|U-turn|p1a: pls sweep
|-damage|p1a: pls sweep|0 fnt
|faint|p1a: pls sweep
|-end|p1a: pls sweep|fallen4|[silent]
|
|t:|1743855517
|switch|p2a: Hatterene|Hatterene, F|99/100|[from] U-turn
|
|upkeep
|
|t:|1743855524
|switch|p1a: indominus rex|Kyurem|100/100
|-damage|p1a: indominus rex|84/100|[from] Spikes
|-ability|p1a: indominus rex|Pressure
|turn|19
|
|t:|1743855530
|move|p1a: indominus rex|Icicle Spear|p2a: Hatterene
|-damage|p2a: Hatterene|82/100
|-damage|p2a: Hatterene|66/100
|-damage|p2a: Hatterene|49/100
|-damage|p2a: Hatterene|34/100
|-damage|p2a: Hatterene|17/100
|-hitcount|p2a: Hatterene|5
|move|p2a: Hatterene|Nuzzle|p1a: indominus rex
|-resisted|p1a: indominus rex
|-damage|p1a: indominus rex|82/100
|-status|p1a: indominus rex|par
|
|upkeep
|turn|20
|
|t:|1743855542
|move|p1a: indominus rex|Icicle Spear|p2a: Hatterene
|-damage|p2a: Hatterene|1/100
|-damage|p2a: Hatterene|0 fnt
|faint|p2a: Hatterene
|-hitcount|p2: Hatterene|2
|
|upkeep
|
|t:|1743855547
|switch|p2a: Moltres|Moltres|100/100
|turn|21
|
|t:|1743855552
|move|p2a: Moltres|Flamethrower|p1a: indominus rex
|-damage|p1a: indominus rex|47/100 par
|move|p1a: indominus rex|Scale Shot|p2a: Moltres
|-damage|p2a: Moltres|90/100
|-damage|p2a: Moltres|81/100
|-damage|p2a: Moltres|71/100
|-damage|p2a: Moltres|61/100
|-hitcount|p2a: Moltres|4
|-unboost|p1a: indominus rex|def|1
|-boost|p1a: indominus rex|spe|1
|
|upkeep
|turn|22
|
|t:|1743855568
|move|p2a: Moltres|Flamethrower|p1a: indominus rex
|-damage|p1a: indominus rex|13/100 par
|cant|p1a: indominus rex|par
|
|upkeep
|turn|23
|
|t:|1743855573
|move|p2a: Moltres|Flamethrower|p1a: indominus rex
|-damage|p1a: indominus rex|0 fnt
|faint|p1a: indominus rex
|
|win|Lamelunaire
|raw|ak47 ratata's rating: 1121 &rarr; <strong>1099</strong><br />(-22 for losing)
|raw|Lamelunaire's rating: 1156 &rarr; <strong>1178</strong><br />(+22 for winning)
|l|☆ak47 ratata
|player|p1|
|l|☆Lamelunaire
|player|p2|
