|j|☆Slimypits
|j|☆mingkuo
|t:|1743912305
|gametype|singles
|player|p1|Slimypits|1|1151
|player|p2|mingkuo|cheryl|1215
|teamsize|p1|6
|teamsize|p2|6
|gen|9
|tier|[Gen 9] OU
|rated|
|rule|HP Percentage Mod: HP is shown in percentages
|rule|Endless Battle Clause: Forcing endless battles is banned
|rule|Species Clause: Limit one of each Pokémon
|rule|OHKO Clause: OHKO moves are banned
|rule|Evasion Items Clause: Evasion items are banned
|rule|Evasion Moves Clause: Evasion moves are banned
|rule|Sleep Moves Clause: Sleep-inducing moves are banned
|clearpoke
|poke|p1|Ninetales-Alola, F|
|poke|p1|Great Tusk|
|poke|p1|Ogerpon-Wellspring, F|
|poke|p1|Blaziken, F|
|poke|p1|Gholdengo|
|poke|p1|Samurott-Hisui, M|
|poke|p2|Landorus-Therian, M|
|poke|p2|Hoopa-Unbound|
|poke|p2|Alomomola, M|
|poke|p2|Iron Moth|
|poke|p2|Ogerpon-Wellspring, F|
|poke|p2|Zamazenta-*|
|teampreview
|inactive|Battle timer is ON: inactive players will automatically lose when time's up. (requested by mingkuo)
|
|t:|1743912312
|start
|switch|p1a: Ninetales|Ninetales-Alola, F|100/100
|switch|p2a: Landorus|Landorus-Therian, M|100/100
|-weather|Snowscape|[from] ability: Snow Warning|[of] p1a: Ninetales
|-ability|p2a: Landorus|Intimidate|boost
|-unboost|p1a: Ninetales|atk|1
|turn|1
|
|t:|1743912321
|move|p1a: Ninetales|Freeze-Dry|p2a: Landorus
|-supereffective|p2a: Landorus
|-damage|p2a: Landorus|15/100
|move|p2a: Landorus|Stealth Rock|p1a: Ninetales
|-sidestart|p1: Slimypits|move: Stealth Rock
|
|-weather|Snowscape|[upkeep]
|upkeep
|turn|2
|
|t:|1743912332
|switch|p2a: Hoopa|Hoopa-Unbound|100/100
|move|p1a: Ninetales|Aurora Veil|p1a: Ninetales
|-sidestart|p1: Slimypits|move: Aurora Veil
|
|-weather|Snowscape|[upkeep]
|upkeep
|turn|3
|inactive|Slimypits has 120 seconds left.
|
|t:|1743912391
|move|p2a: Hoopa|Hyperspace Fury|p1a: Ninetales
|-resisted|p1a: Ninetales
|-damage|p1a: Ninetales|87/100
|-unboost|p2a: Hoopa|def|1
|move|p1a: Ninetales|Moonblast|p2a: Hoopa
|-supereffective|p2a: Hoopa
|-damage|p2a: Hoopa|54/100
|
|-weather|Snowscape|[upkeep]
|upkeep
|turn|4
|inactive|mingkuo has 120 seconds left.
|
|t:|1743912427
|switch|p2a: Zamazenta|Zamazenta|100/100
|-ability|p2a: Zamazenta|Dauntless Shield|boost
|-boost|p2a: Zamazenta|def|1
|move|p1a: Ninetales|Moonblast|p2a: Zamazenta
|-supereffective|p2a: Zamazenta
|-damage|p2a: Zamazenta|48/100
|-unboost|p2a: Zamazenta|spa|1
|
|-weather|Snowscape|[upkeep]
|-heal|p2a: Zamazenta|54/100|[from] item: Leftovers
|upkeep
|turn|5
|
|t:|1743912437
|switch|p1a: Gholdengo|Gholdengo|100/100
|-damage|p1a: Gholdengo|94/100|[from] Stealth Rock
|-item|p1a: Gholdengo|Air Balloon
|-terastallize|p2a: Zamazenta|Steel
|move|p2a: Zamazenta|Heavy Slam|p1a: Gholdengo
|-resisted|p1a: Gholdengo
|-damage|p1a: Gholdengo|78/100
|-enditem|p1a: Gholdengo|Air Balloon
|
|-weather|none
|-heal|p2a: Zamazenta|60/100|[from] item: Leftovers
|upkeep
|turn|6
|
|t:|1743912447
|move|p2a: Zamazenta|Stone Edge|p1a: Gholdengo
|-resisted|p1a: Gholdengo
|-damage|p1a: Gholdengo|69/100
|move|p1a: Gholdengo|Shadow Ball|p2a: Zamazenta
|-damage|p2a: Zamazenta|23/100
|
|-heal|p2a: Zamazenta|29/100|[from] item: Leftovers
|upkeep
|turn|7
|
|t:|1743912456
|move|p2a: Zamazenta|Heavy Slam|p1a: Gholdengo
|-resisted|p1a: Gholdengo
|-damage|p1a: Gholdengo|51/100
|move|p1a: Gholdengo|Shadow Ball|p2a: Zamazenta
|-damage|p2a: Zamazenta|0 fnt
|faint|p2a: Zamazenta
|
|upkeep
|
|t:|1743912461
|switch|p2a: Alomomola|Alomomola, M|100/100
|turn|8
|
|t:|1743912463
|move|p1a: Gholdengo|Nasty Plot|p1a: Gholdengo
|-boost|p1a: Gholdengo|spa|2
|move|p2a: Alomomola|Wish|p2a: Alomomola
|
|upkeep
|turn|9
|
|t:|1743912467
|move|p1a: Gholdengo|Shadow Ball|p2a: Alomomola
|-damage|p2a: Alomomola|5/100
|move|p2a: Alomomola|Flip Turn|p1a: Gholdengo
|-damage|p1a: Gholdengo|43/100
|
|t:|1743912474
|switch|p2a: Landorus|Landorus-Therian, M|15/100|[from] Flip Turn
|-ability|p2a: Landorus|Intimidate|boost
|-unboost|p1a: Gholdengo|atk|1
|
|-heal|p2a: Landorus|86/100|[from] move: Wish|[wisher] Alomomola
|-sideend|p1: Slimypits|move: Aurora Veil
|upkeep
|turn|10
|
|t:|1743912483
|switch|p1a: Great Tusk|Great Tusk|100/100
|-damage|p1a: Great Tusk|98/100|[from] Stealth Rock
|-enditem|p1a: Great Tusk|Booster Energy
|-activate|p1a: Great Tusk|ability: Protosynthesis|[fromitem]
|-start|p1a: Great Tusk|protosynthesisspe
|move|p2a: Landorus|Earthquake|p1a: Great Tusk
|-damage|p1a: Great Tusk|68/100
|
|upkeep
|turn|11
|
|t:|1743912492
|move|p1a: Great Tusk|Rapid Spin|p2a: Landorus
|-damage|p2a: Landorus|76/100
|-boost|p1a: Great Tusk|spe|1
|-damage|p1a: Great Tusk|52/100|[from] item: Rocky Helmet|[of] p2a: Landorus
|-sideend|p1: Slimypits|Stealth Rock|[from] move: Rapid Spin|[of] p1a: Great Tusk
|move|p2a: Landorus|U-turn|p1a: Great Tusk
|-resisted|p1a: Great Tusk
|-damage|p1a: Great Tusk|45/100
|
|t:|1743912505
|switch|p2a: Alomomola|Alomomola, M|38/100|[from] U-turn
|
|upkeep
|turn|12
|
|t:|1743912512
|-end|p1a: Great Tusk|Protosynthesis|[silent]
|switch|p1a: Ninetales|Ninetales-Alola, F|87/100
|-weather|Snowscape|[from] ability: Snow Warning|[of] p1a: Ninetales
|switch|p2a: Landorus|Landorus-Therian, M|76/100
|-ability|p2a: Landorus|Intimidate|boost
|-unboost|p1a: Ninetales|atk|1
|
|-weather|Snowscape|[upkeep]
|upkeep
|turn|13
|
|t:|1743912515
|move|p1a: Ninetales|Aurora Veil|p1a: Ninetales
|-sidestart|p1: Slimypits|move: Aurora Veil
|move|p2a: Landorus|Stealth Rock|p1a: Ninetales
|-sidestart|p1: Slimypits|move: Stealth Rock
|
|-weather|Snowscape|[upkeep]
|upkeep
|turn|14
|
|t:|1743912522
|move|p1a: Ninetales|Moonblast|p2a: Landorus
|-damage|p2a: Landorus|46/100
|move|p2a: Landorus|U-turn|p1a: Ninetales
|-resisted|p1a: Ninetales
|-damage|p1a: Ninetales|83/100
|
|t:|1743912526
|switch|p2a: Alomomola|Alomomola, M|71/100|[from] U-turn
|
|-weather|Snowscape|[upkeep]
|upkeep
|turn|15
|
|t:|1743912530
|move|p1a: Ninetales|Freeze-Dry|p2a: Alomomola
|-supereffective|p2a: Alomomola
|-damage|p2a: Alomomola|27/100
|move|p2a: Alomomola|Wish|p2a: Alomomola
|
|-weather|Snowscape|[upkeep]
|upkeep
|turn|16
|
|t:|1743912538
|switch|p1a: Great Tusk|Great Tusk|45/100
|-damage|p1a: Great Tusk|42/100|[from] Stealth Rock
|switch|p2a: Hoopa|Hoopa-Unbound|54/100
|
|-weather|none
|-heal|p2a: Hoopa|100/100|[from] move: Wish|[wisher] Alomomola
|upkeep
|turn|17
|
|t:|1743912551
|move|p2a: Hoopa|Psychic|p1a: Great Tusk
|-supereffective|p1a: Great Tusk
|-damage|p1a: Great Tusk|0 fnt
|faint|p1a: Great Tusk
|-end|p1a: Great Tusk|Protosynthesis|[silent]
|
|upkeep
|
|t:|1743912556
|switch|p1a: Samurott|Samurott-Hisui, M|100/100
|-damage|p1a: Samurott|88/100|[from] Stealth Rock
|turn|18
|
|t:|1743912562
|move|p1a: Samurott|Ceaseless Edge|p2a: Hoopa
|-damage|p2a: Hoopa|25/100
|-sidestart|p2: mingkuo|Spikes
|move|p2a: Hoopa|Psychic|p1a: Samurott
|-immune|p1a: Samurott
|
|upkeep
|turn|19
|
|t:|1743912569
|switch|p2a: Alomomola|Alomomola, M|61/100
|move|p1a: Samurott|Ceaseless Edge|p2a: Alomomola
|-damage|p2a: Alomomola|35/100
|-sidestart|p2: mingkuo|Spikes
|
|upkeep
|turn|20
|
|t:|1743912574
|move|p1a: Samurott|Ceaseless Edge|p2a: Alomomola
|-damage|p2a: Alomomola|10/100
|-sidestart|p2: mingkuo|Spikes
|move|p2a: Alomomola|Wish|p2a: Alomomola
|
|-sideend|p1: Slimypits|move: Aurora Veil
|upkeep
|turn|21
|
|t:|1743912579
|switch|p2a: Landorus|Landorus-Therian, M|46/100
|-ability|p2a: Landorus|Intimidate|boost
|-unboost|p1a: Samurott|atk|1
|move|p1a: Samurott|Ceaseless Edge|p2a: Landorus
|-damage|p2a: Landorus|26/100
|-damage|p1a: Samurott|72/100|[from] item: Rocky Helmet|[of] p2a: Landorus
|
|-heal|p2a: Landorus|96/100|[from] move: Wish|[wisher] Alomomola
|upkeep
|turn|22
|
|t:|1743912593
|switch|p1a: Ninetales|Ninetales-Alola, F|83/100
|-damage|p1a: Ninetales|58/100|[from] Stealth Rock
|-weather|Snowscape|[from] ability: Snow Warning|[of] p1a: Ninetales
|move|p2a: Landorus|Earthquake|p1a: Ninetales
|-damage|p1a: Ninetales|20/100
|
|-weather|Snowscape|[upkeep]
|upkeep
|turn|23
|
|t:|1743912599
|move|p1a: Ninetales|Freeze-Dry|p2a: Landorus
|-supereffective|p2a: Landorus
|-damage|p2a: Landorus|8/100
|move|p2a: Landorus|Earthquake|p1a: Ninetales
|-damage|p1a: Ninetales|0 fnt
|faint|p1a: Ninetales
|
|-weather|Snowscape|[upkeep]
|upkeep
|
|t:|1743912621
|switch|p1a: Ogerpon|Ogerpon-Wellspring, F|100/100
|-damage|p1a: Ogerpon|88/100|[from] Stealth Rock
|turn|24
|
|t:|1743912649
|switch|p2a: Hoopa|Hoopa-Unbound|25/100
|-damage|p2a: Hoopa|0 fnt|[from] Spikes
|faint|p2a: Hoopa
|move|p1a: Ogerpon|Power Whip|p2: Hoopa|[notarget]
|-fail|p1a: Ogerpon
|
|-weather|Snowscape|[upkeep]
|upkeep
|
|t:|1743912657
|switch|p2a: Landorus|Landorus-Therian, M|8/100
|-ability|p2a: Landorus|Intimidate|boost
|-unboost|p1a: Ogerpon|atk|1
|turn|25
|
|t:|1743912661
|switch|p2a: Alomomola|Alomomola, M|44/100
|move|p1a: Ogerpon|Knock Off|p2a: Alomomola
|-damage|p2a: Alomomola|28/100
|-enditem|p2a: Alomomola|Heavy-Duty Boots|[from] move: Knock Off|[of] p1a: Ogerpon
|
|-weather|Snowscape|[upkeep]
|upkeep
|turn|26
|
|t:|1743912678
|switch|p2a: Landorus|Landorus-Therian, M|8/100
|-ability|p2a: Landorus|Intimidate|boost
|-unboost|p1a: Ogerpon|atk|1
|move|p1a: Ogerpon|Power Whip|p2a: Landorus
|-damage|p2a: Landorus|0 fnt
|-damage|p1a: Ogerpon|72/100|[from] item: Rocky Helmet|[of] p2a: Landorus
|faint|p2a: Landorus
|
|-weather|none
|upkeep
|
|t:|1743912680
|switch|p2a: Alomomola|Alomomola, M|61/100
|-damage|p2a: Alomomola|36/100|[from] Spikes
|turn|27
|
|t:|1743912686
|move|p1a: Ogerpon|Power Whip|p2a: Alomomola
|-supereffective|p2a: Alomomola
|-damage|p2a: Alomomola|0 fnt
|faint|p2a: Alomomola
|
|upkeep
|
|t:|1743912694
|switch|p2a: Ogerpon|Ogerpon-Wellspring, F|100/100
|-damage|p2a: Ogerpon|76/100|[from] Spikes
|turn|28
|
|t:|1743912709
|switch|p1a: Gholdengo|Gholdengo|43/100
|-damage|p1a: Gholdengo|37/100|[from] Stealth Rock
|move|p2a: Ogerpon|Knock Off|p1a: Gholdengo
|-supereffective|p1a: Gholdengo
|-damage|p1a: Gholdengo|0 fnt
|faint|p1a: Gholdengo
|
|upkeep
|
|t:|1743912727
|switch|p1a: Blaziken|Blaziken, F|100/100
|-damage|p1a: Blaziken|88/100|[from] Stealth Rock
|turn|29
|
|t:|1743912733
|move|p1a: Blaziken|Protect|p1a: Blaziken
|-singleturn|p1a: Blaziken|Protect
|move|p2a: Ogerpon|Encore|p1a: Blaziken
|-activate|p1a: Blaziken|move: Protect
|
|-heal|p1a: Blaziken|94/100|[from] item: Leftovers
|-ability|p1a: Blaziken|Speed Boost|boost
|-boost|p1a: Blaziken|spe|1
|upkeep
|turn|30
|
|t:|1743912745
|-terastallize|p1a: Blaziken|Fighting
|move|p1a: Blaziken|Swords Dance|p1a: Blaziken
|-boost|p1a: Blaziken|atk|2
|move|p2a: Ogerpon|Ivy Cudgel|p1a: Blaziken|[anim] Ivy Cudgel Water
|-damage|p1a: Blaziken|5/100
|
|-heal|p1a: Blaziken|11/100|[from] item: Leftovers
|-ability|p1a: Blaziken|Speed Boost|boost
|-boost|p1a: Blaziken|spe|1
|upkeep
|turn|31
|
|t:|1743912755
|move|p1a: Blaziken|Close Combat|p2a: Ogerpon
|-damage|p2a: Ogerpon|0 fnt
|-unboost|p1a: Blaziken|def|1
|-unboost|p1a: Blaziken|spd|1
|faint|p2a: Ogerpon
|
|-heal|p1a: Blaziken|17/100|[from] item: Leftovers
|-ability|p1a: Blaziken|Speed Boost|boost
|-boost|p1a: Blaziken|spe|1
|upkeep
|
|t:|1743912758
|switch|p2a: Iron Moth|Iron Moth|100/100
|-damage|p2a: Iron Moth|76/100|[from] Spikes
|-enditem|p2a: Iron Moth|Booster Energy
|-activate|p2a: Iron Moth|ability: Quark Drive|[fromitem]
|-start|p2a: Iron Moth|quarkdrivespe
|turn|32
|
|t:|1743912773
|move|p1a: Blaziken|Close Combat|p2a: Iron Moth
|-resisted|p2a: Iron Moth
|-damage|p2a: Iron Moth|0 fnt
|-unboost|p1a: Blaziken|def|1
|-unboost|p1a: Blaziken|spd|1
|faint|p2a: Iron Moth
|-end|p2a: Iron Moth|Quark Drive|[silent]
|
|win|Slimypits
|raw|Slimypits's rating: 1151 &rarr; <strong>1181</strong><br />(+30 for winning)
|raw|mingkuo's rating: 1215 &rarr; <strong>1185</strong><br />(-30 for losing)
|l|☆mingkuo
|player|p2|
|l|☆Slimypits
|player|p1|
