|j|☆barrman1313
|j|☆Syaklin
|t:|1743866527
|gametype|singles
|player|p1|barrman1313|crasherwake|1389
|player|p2|Syaklin|1|1366
|teamsize|p1|6
|teamsize|p2|6
|gen|9
|tier|[Gen 9] OU
|rated|
|rule|HP Percentage Mod: HP is shown in percentages
|rule|Endless Battle Clause: Forcing endless battles is banned
|rule|Species Clause: Limit one of each Pokémon
|rule|OHKO Clause: OHKO moves are banned
|rule|Evasion Items Clause: Evasion items are banned
|rule|Evasion Moves Clause: Evasion moves are banned
|rule|Sleep Moves Clause: Sleep-inducing moves are banned
|clearpoke
|poke|p1|Enamorus, F|
|poke|p1|Great Tusk|
|poke|p1|Iron Crown|
|poke|p1|Lokix, M|
|poke|p1|Alomomola, M|
|poke|p1|Pecharunt|
|poke|p2|Zapdos|
|poke|p2|Pelipper, F|
|poke|p2|Barraskewda, M|
|poke|p2|Great Tusk|
|poke|p2|Iron Valiant|
|poke|p2|Basculegion-F, F|
|teampreview
|inactive|Battle timer is ON: inactive players will automatically lose when time's up. (requested by Syaklin)
|
|t:|1743866543
|start
|switch|p1a: Braveheart|Iron Crown|100/100
|switch|p2a: Pelipper|Pelipper, F|100/100
|-weather|RainDance|[from] ability: Drizzle|[of] p2a: Pelipper
|turn|1
|
|t:|1743866558
|switch|p2a: Great Tusk|Great Tusk|100/100
|move|p1a: Braveheart|Psychic Noise|p2a: Great Tusk
|-supereffective|p2a: Great Tusk
|-damage|p2a: Great Tusk|0 fnt
|faint|p2a: Great Tusk
|-end|p2a: Great Tusk|Protosynthesis|[silent]
|
|-weather|RainDance|[upkeep]
|upkeep
|
|t:|1743866562
|switch|p2a: Barraskewda|Barraskewda, M|100/100
|turn|2
|
|t:|1743866571
|-end|p1a: Braveheart|Quark Drive|[silent]
|switch|p1a: Overseer|Pecharunt|100/100
|-item|p1a: Overseer|Air Balloon
|move|p2a: Barraskewda|Flip Turn|p1a: Overseer
|-damage|p1a: Overseer|68/100
|-enditem|p1a: Overseer|Air Balloon
|
|t:|1743866591
|switch|p2a: Basculegion|Basculegion-F, F|100/100|[from] Flip Turn
|
|-weather|RainDance|[upkeep]
|upkeep
|turn|3
|
|t:|1743866606
|switch|p1a: Pisces|Alomomola, M, shiny|100/100
|move|p2a: Basculegion|Flip Turn|p1a: Pisces
|-resisted|p1a: Pisces
|-damage|p1a: Pisces|92/100
|
|t:|1743866610
|switch|p2a: Zapdos|Zapdos|100/100|[from] Flip Turn
|
|-weather|RainDance|[upkeep]
|upkeep
|turn|4
|
|t:|1743866620
|move|p2a: Zapdos|Hurricane|p1a: Pisces
|-damage|p1a: Pisces|63/100
|-start|p1a: Pisces|confusion
|-activate|p1a: Pisces|confusion
|move|p1a: Pisces|Mirror Coat|p2a: Zapdos
|-damage|p2a: Zapdos|16/100
|
|-weather|RainDance|[upkeep]
|upkeep
|turn|5
|
|t:|1743866644
|switch|p1a: Braveheart|Iron Crown|100/100
|move|p2a: Zapdos|Thunder|p1a: Braveheart
|-damage|p1a: Braveheart|46/100
|
|-weather|RainDance|[upkeep]
|upkeep
|turn|6
|
|t:|1743866655
|move|p2a: Zapdos|Thunder|p1a: Braveheart
|-damage|p1a: Braveheart|0 fnt
|faint|p1a: Braveheart
|-end|p1a: Braveheart|Quark Drive|[silent]
|
|-weather|RainDance|[upkeep]
|upkeep
|
|t:|1743866659
|switch|p1a: Gin|Enamorus, F|100/100
|turn|7
|
|t:|1743866666
|move|p1a: Gin|Moonblast|p2a: Zapdos
|-crit|p2a: Zapdos
|-damage|p2a: Zapdos|0 fnt
|faint|p2a: Zapdos
|
|-weather|RainDance|[upkeep]
|upkeep
|
|t:|1743866675
|switch|p2a: Barraskewda|Barraskewda, M|100/100
|turn|8
|l|☆Syaklin
|inactive|Syaklin disconnected and has a minute to reconnect!
|player|p2|
|j|☆Syaklin
|inactive|Syaklin reconnected and has 140 seconds left.
|player|p2|Syaklin|1|
|
|t:|1743866692
|switch|p1a: Overseer|Pecharunt|68/100
|-terastallize|p2a: Barraskewda|Water
|move|p2a: Barraskewda|Liquidation|p1a: Overseer
|-damage|p1a: Overseer|0 fnt
|faint|p1a: Overseer
|
|-weather|none
|upkeep
|
|t:|1743866710
|switch|p1a: Edgar|Lokix, M, shiny|100/100
|turn|9
|
|t:|1743866717
|switch|p2a: Pelipper|Pelipper, F|100/100
|-weather|RainDance|[from] ability: Drizzle|[of] p2a: Pelipper
|-terastallize|p1a: Edgar|Bug
|move|p1a: Edgar|First Impression|p2a: Pelipper
|-resisted|p2a: Pelipper
|-damage|p2a: Pelipper|34/100
|
|-weather|RainDance|[upkeep]
|upkeep
|turn|10
|
|t:|1743866726
|switch|p1a: Pisces|Alomomola, M, shiny|97/100
|move|p2a: Pelipper|Roost|p2a: Pelipper
|-heal|p2a: Pelipper|84/100
|-singleturn|p2a: Pelipper|move: Roost
|
|-weather|RainDance|[upkeep]
|upkeep
|turn|11
|
|t:|1743866732
|move|p2a: Pelipper|Hurricane|p1a: Pisces
|-damage|p1a: Pisces|78/100
|move|p1a: Pisces|Flip Turn|p2a: Pelipper
|-resisted|p2a: Pelipper
|-damage|p2a: Pelipper|74/100
|
|t:|1743866740
|switch|p1a: Edgar|Lokix, M, shiny, tera:Bug|100/100|[from] Flip Turn
|
|-weather|RainDance|[upkeep]
|upkeep
|turn|12
|
|t:|1743866744
|move|p1a: Edgar|Knock Off|p2a: Pelipper
|-damage|p2a: Pelipper|24/100
|-enditem|p2a: Pelipper|Damp Rock|[from] move: Knock Off|[of] p1a: Edgar
|move|p2a: Pelipper|Hurricane|p1a: Edgar
|-supereffective|p1a: Edgar
|-damage|p1a: Edgar|0 fnt
|faint|p1a: Edgar
|
|-weather|RainDance|[upkeep]
|upkeep
|
|t:|1743866749
|switch|p1a: Gin|Enamorus, F|100/100
|turn|13
|
|t:|1743866753
|move|p1a: Gin|Moonblast|p2a: Pelipper
|-damage|p2a: Pelipper|0 fnt
|faint|p2a: Pelipper
|
|-weather|RainDance|[upkeep]
|upkeep
|
|t:|1743866754
|switch|p2a: Barraskewda|Barraskewda, M, tera:Water|100/100
|turn|14
|
|t:|1743866759
|switch|p1a: Pisces|Alomomola, M, shiny|100/100
|move|p2a: Barraskewda|Flip Turn|p1a: Pisces
|-resisted|p1a: Pisces
|-damage|p1a: Pisces|70/100
|
|t:|1743866771
|switch|p2a: Basculegion|Basculegion-F, F|100/100|[from] Flip Turn
|
|-weather|RainDance|[upkeep]
|upkeep
|turn|15
|
|t:|1743866781
|move|p2a: Basculegion|Shadow Ball|p1a: Pisces
|-damage|p1a: Pisces|40/100
|-unboost|p1a: Pisces|spd|1
|move|p1a: Pisces|Flip Turn|p2a: Basculegion
|-resisted|p2a: Basculegion
|-damage|p2a: Basculegion|85/100
|
|t:|1743866805
|switch|p1a: Behemoth|Great Tusk, shiny|100/100|[from] Flip Turn
|
|-weather|RainDance|[upkeep]
|upkeep
|turn|16
|
|t:|1743866809
|move|p2a: Basculegion|Shadow Ball|p1a: Behemoth
|-damage|p1a: Behemoth|19/100
|move|p1a: Behemoth|Headlong Rush|p2a: Basculegion
|-damage|p2a: Basculegion|5/100
|-unboost|p1a: Behemoth|def|1
|-unboost|p1a: Behemoth|spd|1
|
|-weather|none
|upkeep
|turn|17
|
|t:|1743866816
|move|p1a: Behemoth|Ice Spinner|p2a: Basculegion
|-resisted|p2a: Basculegion
|-damage|p2a: Basculegion|0 fnt
|faint|p2a: Basculegion
|
|upkeep
|
|t:|1743866828
|switch|p2a: Barraskewda|Barraskewda, M, tera:Water|100/100
|turn|18
|
|t:|1743866841
|move|p2a: Barraskewda|Flip Turn|p1a: Behemoth
|-supereffective|p1a: Behemoth
|-damage|p1a: Behemoth|0 fnt
|-damage|p2a: Barraskewda|84/100|[from] item: Rocky Helmet|[of] p1a: Behemoth
|faint|p1a: Behemoth
|-end|p1a: Behemoth|Protosynthesis|[silent]
|
|t:|1743866843
|switch|p2a: Iron Valiant|Iron Valiant|100/100|[from] Flip Turn
|-enditem|p2a: Iron Valiant|Booster Energy
|-activate|p2a: Iron Valiant|ability: Quark Drive|[fromitem]
|-start|p2a: Iron Valiant|quarkdrivespe
|
|upkeep
|
|t:|1743866853
|switch|p1a: Pisces|Alomomola, M, shiny|74/100
|turn|19
|
|t:|1743866856
|move|p2a: Iron Valiant|Calm Mind|p2a: Iron Valiant
|-boost|p2a: Iron Valiant|spa|1
|-boost|p2a: Iron Valiant|spd|1
|move|p1a: Pisces|Flip Turn|p2a: Iron Valiant
|-damage|p2a: Iron Valiant|79/100
|
|t:|1743866862
|switch|p1a: Gin|Enamorus, F|100/100|[from] Flip Turn
|
|upkeep
|turn|20
|
|t:|1743866865
|switch|p1a: Pisces|Alomomola, M, shiny|100/100
|move|p2a: Iron Valiant|Moonblast|p1a: Pisces
|-crit|p1a: Pisces
|-damage|p1a: Pisces|39/100
|-unboost|p1a: Pisces|spa|1
|
|upkeep
|turn|21
|
|t:|1743866876
|move|p2a: Iron Valiant|Calm Mind|p2a: Iron Valiant
|-boost|p2a: Iron Valiant|spa|1
|-boost|p2a: Iron Valiant|spd|1
|move|p1a: Pisces|Flip Turn|p2a: Iron Valiant
|-damage|p2a: Iron Valiant|57/100
|
|t:|1743866881
|switch|p1a: Gin|Enamorus, F|100/100|[from] Flip Turn
|
|upkeep
|turn|22
|
|t:|1743866887
|switch|p1a: Pisces|Alomomola, M, shiny|73/100
|move|p2a: Iron Valiant|Moonblast|p1a: Pisces
|-damage|p1a: Pisces|17/100
|
|upkeep
|turn|23
|
|t:|1743866895
|move|p2a: Iron Valiant|Moonblast|p1a: Pisces
|-damage|p1a: Pisces|0 fnt
|faint|p1a: Pisces
|
|upkeep
|
|t:|1743866896
|switch|p1a: Gin|Enamorus, F|100/100
|turn|24
|
|t:|1743866898
|move|p2a: Iron Valiant|Moonblast|p1a: Gin
|-damage|p1a: Gin|0 fnt
|faint|p1a: Gin
|
|win|Syaklin
|raw|barrman1313's rating: 1389 &rarr; <strong>1368</strong><br />(-21 for losing)
|raw|Syaklin's rating: 1366 &rarr; <strong>1387</strong><br />(+21 for winning)
|l|☆barrman1313
|player|p1|
|l|☆Syaklin
|player|p2|
