|j|☆alanfournumbers
|j|☆KushFrmAfghanistan
|t:|1743794414
|gametype|singles
|player|p1|alanfournumbers|102|1594
|player|p2|KushFrmAfghanistan|galacticgrunt|1656
|teamsize|p1|6
|teamsize|p2|6
|gen|9
|tier|[Gen 9] OU
|rated|
|rule|HP Percentage Mod: HP is shown in percentages
|rule|Endless Battle Clause: Forcing endless battles is banned
|rule|Species Clause: Limit one of each Pokémon
|rule|OHKO Clause: OHKO moves are banned
|rule|Evasion Items Clause: Evasion items are banned
|rule|Evasion Moves Clause: Evasion moves are banned
|rule|Sleep Moves Clause: Sleep-inducing moves are banned
|clearpoke
|poke|p1|Latios, M|
|poke|p1|Magnezone|
|poke|p1|Samurott-Hisui, M|
|poke|p1|Slowking-Galar, F|
|poke|p1|Maushold-Four|
|poke|p1|Lokix, M|
|poke|p2|Hatterene, F|
|poke|p2|Hoopa-Unbound|
|poke|p2|Great Tusk|
|poke|p2|Slowking-Galar, M|
|poke|p2|Iron Hands|
|poke|p2|Cinderace, F|
|teampreview
|
|t:|1743794431
|start
|switch|p1a: Lokix|Lokix, M|100/100
|switch|p2a: aceRomani|Cinderace, F|100/100
|turn|1
|
|t:|1743794437
|-terastallize|p1a: Lokix|Bug
|move|p1a: Lokix|First Impression|p2a: aceRomani
|-resisted|p2a: aceRomani
|-enditem|p2a: aceRomani|Focus Sash
|-damage|p2a: aceRomani|1/100
|move|p2a: aceRomani|Pyro Ball|p1a: Lokix
|-supereffective|p1a: Lokix
|-damage|p1a: Lokix|0 fnt
|faint|p1a: Lokix
|
|upkeep
|
|t:|1743794445
|switch|p1a: Samurott|Samurott-Hisui, M|100/100
|turn|2
|
|t:|1743794450
|move|p1a: Samurott|Ceaseless Edge|p2a: aceRomani
|-damage|p2a: aceRomani|0 fnt
|-sidestart|p2: KushFrmAfghanistan|Spikes
|faint|p2a: aceRomani
|
|upkeep
|
|t:|1743794454
|switch|p2a: Tusk Heem|Great Tusk, shiny|100/100
|-damage|p2a: Tusk Heem|88/100|[from] Spikes
|-enditem|p2a: Tusk Heem|Booster Energy
|-activate|p2a: Tusk Heem|ability: Protosynthesis|[fromitem]
|-start|p2a: Tusk Heem|protosynthesisatk
|turn|3
|
|t:|1743794464
|switch|p1a: Magnezone|Magnezone|100/100
|move|p2a: Tusk Heem|Ice Spinner|p1a: Magnezone
|-resisted|p1a: Magnezone
|-damage|p1a: Magnezone|80/100
|
|upkeep
|turn|4
|
|t:|1743794473
|switch|p1a: Latios|Latios, M|100/100
|move|p2a: Tusk Heem|Headlong Rush|p1a: Latios
|-immune|p1a: Latios|[from] ability: Levitate
|
|upkeep
|turn|5
|
|t:|1743794478
|-end|p2a: Tusk Heem|Protosynthesis|[silent]
|switch|p2a: Hoopa-Tiji|Hoopa-Unbound|100/100
|-damage|p2a: Hoopa-Tiji|88/100|[from] Spikes
|move|p1a: Latios|Luster Purge|p2a: Hoopa-Tiji
|-immune|p2a: Hoopa-Tiji
|
|upkeep
|turn|6
|
|t:|1743794490
|switch|p1a: Samurott|Samurott-Hisui, M|100/100
|move|p2a: Hoopa-Tiji|Trick Room|p2a: Hoopa-Tiji
|-fieldstart|move: Trick Room|[of] p2a: Hoopa-Tiji
|
|upkeep
|turn|7
|
|t:|1743794503
|switch|p1a: Slowking|Slowking-Galar, F|100/100
|move|p2a: Hoopa-Tiji|Drain Punch|p1a: Slowking
|-resisted|p1a: Slowking
|-damage|p1a: Slowking|92/100
|-heal|p2a: Hoopa-Tiji|93/100|[from] drain|[of] p1a: Slowking
|
|upkeep
|turn|8
|
|t:|1743794515
|switch|p1a: Samurott|Samurott-Hisui, M|100/100
|move|p2a: Hoopa-Tiji|Knock Off|p1a: Samurott
|-resisted|p1a: Samurott
|-damage|p1a: Samurott|58/100
|-enditem|p1a: Samurott|Choice Scarf|[from] move: Knock Off|[of] p2a: Hoopa-Tiji
|
|upkeep
|turn|9
|
|t:|1743794538
|move|p2a: Hoopa-Tiji|Drain Punch|p1a: Samurott
|-supereffective|p1a: Samurott
|-damage|p1a: Samurott|0 fnt
|-heal|p2a: Hoopa-Tiji|100/100|[from] drain|[of] p1a: Samurott
|faint|p1a: Samurott
|
|upkeep
|
|t:|1743794574
|switch|p1a: Latios|Latios, M|100/100
|turn|10
|
|t:|1743794590
|move|p2a: Hoopa-Tiji|Knock Off|p1a: Latios
|-supereffective|p1a: Latios
|-damage|p1a: Latios|0 fnt
|-enditem|p1a: Latios|Choice Specs|[from] move: Knock Off|[of] p2a: Hoopa-Tiji
|faint|p1a: Latios
|
|-fieldend|move: Trick Room
|upkeep
|
|t:|1743794600
|switch|p1a: Maushold|Maushold-Four|100/100
|turn|11
|
|t:|1743794607
|move|p1a: Maushold|Population Bomb|p2a: Hoopa-Tiji
|-damage|p2a: Hoopa-Tiji|87/100
|-damage|p2a: Hoopa-Tiji|72/100
|-damage|p2a: Hoopa-Tiji|59/100
|-damage|p2a: Hoopa-Tiji|46/100
|-damage|p2a: Hoopa-Tiji|32/100
|-damage|p2a: Hoopa-Tiji|17/100
|-damage|p2a: Hoopa-Tiji|3/100
|-damage|p2a: Hoopa-Tiji|0 fnt
|faint|p2a: Hoopa-Tiji
|-hitcount|p2: Hoopa-Tiji|8
|
|upkeep
|
|t:|1743794614
|switch|p2a: RXKHands|Iron Hands|100/100
|-damage|p2a: RXKHands|88/100|[from] Spikes
|-enditem|p2a: RXKHands|Booster Energy
|-activate|p2a: RXKHands|ability: Quark Drive|[fromitem]
|-start|p2a: RXKHands|quarkdriveatk
|turn|12
|
|t:|1743794633
|switch|p1a: Slowking|Slowking-Galar, F|100/100
|move|p2a: RXKHands|Close Combat|p1a: Slowking
|-resisted|p1a: Slowking
|-damage|p1a: Slowking|76/100
|-unboost|p2a: RXKHands|def|1
|-unboost|p2a: RXKHands|spd|1
|
|upkeep
|turn|13
|
|t:|1743794650
|-prepare|p1a: Slowking|Chilly Reception|[premajor]
|move|p1a: Slowking|Chilly Reception|p1a: Slowking
|-weather|Snowscape
|
|t:|1743794659
|switch|p1a: Magnezone|Magnezone|80/100|[from] Chilly Reception
|move|p2a: RXKHands|Earthquake|p1a: Magnezone
|-supereffective|p1a: Magnezone
|-damage|p1a: Magnezone|0 fnt
|faint|p1a: Magnezone
|
|-weather|Snowscape|[upkeep]
|upkeep
|
|t:|1743794680
|switch|p1a: Slowking|Slowking-Galar, F|100/100
|turn|14
|
|t:|1743794684
|move|p1a: Slowking|Sludge Bomb|p2a: RXKHands
|-damage|p2a: RXKHands|43/100
|-status|p2a: RXKHands|psn
|move|p2a: RXKHands|Earthquake|p1a: Slowking
|-supereffective|p1a: Slowking
|-damage|p1a: Slowking|0 fnt
|faint|p1a: Slowking
|
|-weather|Snowscape|[upkeep]
|-damage|p2a: RXKHands|31/100 psn|[from] psn
|upkeep
|
|t:|1743794688
|switch|p1a: Maushold|Maushold-Four|100/100
|turn|15
|
|t:|1743794695
|move|p1a: Maushold|Population Bomb|p2a: RXKHands
|-damage|p2a: RXKHands|21/100 psn
|-damage|p2a: RXKHands|9/100 psn
|-damage|p2a: RXKHands|0 fnt
|faint|p2a: RXKHands
|-end|p2a: RXKHands|Quark Drive|[silent]
|-hitcount|p2: RXKHands|3
|
|-weather|Snowscape|[upkeep]
|upkeep
|
|t:|1743794700
|switch|p2a: 30RoundClipGlwking|Slowking-Galar, M|100/100
|-damage|p2a: 30RoundClipGlwking|88/100|[from] Spikes
|turn|16
|
|t:|1743794709
|move|p1a: Maushold|Population Bomb|p2a: 30RoundClipGlwking
|-damage|p2a: 30RoundClipGlwking|79/100
|-damage|p2a: 30RoundClipGlwking|72/100
|-damage|p2a: 30RoundClipGlwking|63/100
|-damage|p2a: 30RoundClipGlwking|55/100
|-damage|p2a: 30RoundClipGlwking|45/100
|-damage|p2a: 30RoundClipGlwking|36/100
|-damage|p2a: 30RoundClipGlwking|28/100
|-damage|p2a: 30RoundClipGlwking|20/100
|-damage|p2a: 30RoundClipGlwking|11/100
|-damage|p2a: 30RoundClipGlwking|3/100
|-hitcount|p2a: 30RoundClipGlwking|10
|move|p2a: 30RoundClipGlwking|Trick Room|p2a: 30RoundClipGlwking
|-fieldstart|move: Trick Room|[of] p2a: 30RoundClipGlwking
|
|-weather|Snowscape|[upkeep]
|upkeep
|turn|17
|
|t:|1743794728
|switch|p2a: Imogen Hatt|Hatterene, F|100/100
|-item|p2a: Imogen Hatt|Air Balloon
|move|p1a: Maushold|Encore|p2a: Imogen Hatt
|move|p2a: Imogen Hatt|Encore||[from] ability: Magic Bounce|[still]
|-fail|p2a: Imogen Hatt
|
|-weather|none
|upkeep
|turn|18
|inactive|Battle timer is ON: inactive players will automatically lose when time's up. (requested by KushFrmAfghanistan)
|
|t:|1743794743
|move|p2a: Imogen Hatt|Healing Wish|p2a: Imogen Hatt
|faint|p2a: Imogen Hatt
|move|p1a: Maushold|Population Bomb|p2: Imogen Hatt|[notarget]
|-fail|p1a: Maushold
|
|upkeep
|
|t:|1743794749
|switch|p2a: Tusk Heem|Great Tusk, shiny|88/100
|-heal|p2a: Tusk Heem|100/100|[from] move: Healing Wish
|-damage|p2a: Tusk Heem|88/100|[from] Spikes
|turn|19
|
|t:|1743794758
|move|p2a: Tusk Heem|Close Combat|p1a: Maushold
|-supereffective|p1a: Maushold
|-damage|p1a: Maushold|0 fnt
|-unboost|p2a: Tusk Heem|def|1
|-unboost|p2a: Tusk Heem|spd|1
|faint|p1a: Maushold
|
|win|KushFrmAfghanistan
|raw|alanfournumbers's rating: 1594 &rarr; <strong>1578</strong><br />(-16 for losing)
|raw|KushFrmAfghanistan's rating: 1656 &rarr; <strong>1672</strong><br />(+16 for winning)
|l|☆alanfournumbers
|player|p1|
