|j|☆AbyssaIHunter
|j|☆jushudawu
|t:|1743829765
|gametype|singles
|player|p1|AbyssaIHunter|cynthia|1197
|player|p2|jushudawu|steven-masters2|1252
|teamsize|p1|6
|teamsize|p2|6
|gen|9
|tier|[Gen 9] OU
|rated|
|rule|HP Percentage Mod: HP is shown in percentages
|rule|Endless Battle Clause: Forcing endless battles is banned
|rule|Species Clause: Limit one of each Pokémon
|rule|OHKO Clause: OHKO moves are banned
|rule|Evasion Items Clause: Evasion items are banned
|rule|Evasion Moves Clause: Evasion moves are banned
|rule|Sleep Moves Clause: Sleep-inducing moves are banned
|clearpoke
|poke|p1|Rabsca, F|
|poke|p1|Slowking-Galar, M|
|poke|p1|Ursaluna, F|
|poke|p1|Azumarill, M|
|poke|p1|Mimikyu, M|
|poke|p1|Kingambit, F|
|poke|p2|Iron Valiant|
|poke|p2|Great Tusk|
|poke|p2|Gholdengo|
|poke|p2|Rotom-Wash|
|poke|p2|Kingambit, F|
|poke|p2|Sandy Shocks|
|teampreview
|inactive|Battle timer is ON: inactive players will automatically lose when time's up. (requested by AbyssaIHunter)
|
|t:|1743829791
|start
|switch|p1a: Burr|Slowking-Galar, M|100/100
|switch|p2a: Rotom|Rotom-Wash|100/100
|turn|1
|
|t:|1743829800
|move|p2a: Rotom|Trick|p1a: Burr
|-activate|p2a: Rotom|move: Trick|[of] p1a: Burr
|-item|p1a: Burr|Choice Scarf|[from] move: Trick
|-item|p2a: Rotom|Life Orb|[from] move: Trick
|move|p1a: Burr|Trick Room|p1a: Burr
|-fieldstart|move: Trick Room|[of] p1a: Burr
|
|upkeep
|turn|2
|
|t:|1743829816
|switch|p1a: Village Crusher|Ursaluna, F|100/100
|move|p2a: Rotom|Hydro Pump|p1a: Village Crusher
|-supereffective|p1a: Village Crusher
|-damage|p1a: Village Crusher|0 fnt
|faint|p1a: Village Crusher
|-damage|p2a: Rotom|91/100|[from] item: Life Orb
|
|upkeep
|
|t:|1743829829
|switch|p1a: Chad|Azumarill, M|100/100
|turn|3
|
|t:|1743829834
|move|p1a: Chad|Play Rough|p2a: Rotom
|-damage|p2a: Rotom|14/100
|move|p2a: Rotom|Will-O-Wisp|p1a: Chad
|-status|p1a: Chad|brn
|
|-damage|p1a: Chad|94/100 brn|[from] brn
|upkeep
|turn|4
|
|t:|1743829842
|move|p1a: Chad|Play Rough|p2a: Rotom
|-damage|p2a: Rotom|0 fnt
|faint|p2a: Rotom
|
|-damage|p1a: Chad|88/100 brn|[from] brn
|upkeep
|
|t:|1743829848
|switch|p2a: Kingambit|Kingambit, F|100/100
|-activate|p2a: Kingambit|ability: Supreme Overlord
|-start|p2a: Kingambit|fallen1|[silent]
|turn|5
|
|t:|1743829873
|move|p1a: Chad|Play Rough|p2a: Kingambit
|-damage|p2a: Kingambit|78/100
|move|p2a: Kingambit|Swords Dance|p2a: Kingambit
|-boost|p2a: Kingambit|atk|2
|
|-damage|p1a: Chad|82/100 brn|[from] brn
|-fieldend|move: Trick Room
|upkeep
|turn|6
|inactive|AbyssaIHunter has 120 seconds left.
|
|t:|1743829909
|move|p2a: Kingambit|Iron Head|p1a: Chad
|-damage|p1a: Chad|0 fnt
|faint|p1a: Chad
|
|upkeep
|
|t:|1743829925
|switch|p1a: Decoy|Mimikyu, M|100/100
|turn|7
|
|t:|1743829934
|move|p1a: Decoy|Curse|p2a: Kingambit
|-start|p2a: Kingambit|Curse|[of] p1a: Decoy
|-damage|p1a: Decoy|51/100
|move|p2a: Kingambit|Iron Head|p1a: Decoy
|-activate|p1a: Decoy|ability: Disguise
|-damage|p1a: Decoy|51/100
|detailschange|p1a: Decoy|Mimikyu-Busted, M
|-damage|p1a: Decoy|38/100|[from] pokemon: Mimikyu-Busted
|
|-damage|p2a: Kingambit|53/100|[from] Curse
|upkeep
|turn|8
|
|t:|1743829943
|move|p1a: Decoy|Destiny Bond|p1a: Decoy
|-singlemove|p1a: Decoy|Destiny Bond
|move|p2a: Kingambit|Kowtow Cleave|p1a: Decoy
|-damage|p1a: Decoy|0 fnt
|faint|p1a: Decoy
|-activate|p1a: Decoy|move: Destiny Bond
|faint|p2a: Kingambit
|-end|p2a: Kingambit|fallen1|[silent]
|
|upkeep
|
|t:|1743829954
|switch|p1a: Atonement|Rabsca, F|100/100
|switch|p2a: Gholdengo|Gholdengo|100/100
|-item|p2a: Gholdengo|Air Balloon
|turn|9
|
|t:|1743829960
|move|p2a: Gholdengo|Shadow Ball|p1a: Atonement
|-supereffective|p1a: Atonement
|-damage|p1a: Atonement|19/100
|move|p1a: Atonement|Revival Blessing|p1a: Atonement
|
|t:|1743829968
|-heal|p1: Village Crusher|50/100|[from] move: Revival Blessing
|
|upkeep
|turn|10
|
|t:|1743829973
|move|p2a: Gholdengo|Shadow Ball|p1a: Atonement
|-supereffective|p1a: Atonement
|-damage|p1a: Atonement|0 fnt
|faint|p1a: Atonement
|
|upkeep
|
|t:|1743829976
|switch|p1a: Burr|Slowking-Galar, M|100/100
|turn|11
|
|t:|1743829982
|-terastallize|p1a: Burr|Water
|move|p2a: Gholdengo|Nasty Plot|p2a: Gholdengo
|-boost|p2a: Gholdengo|spa|2
|move|p1a: Burr|Trick Room|p1a: Burr
|-fieldstart|move: Trick Room|[of] p1a: Burr
|
|upkeep
|turn|12
|
|t:|1743829990
|switch|p1a: Shogun|Kingambit, F|100/100
|-activate|p1a: Shogun|ability: Supreme Overlord
|-start|p1a: Shogun|fallen4|[silent]
|move|p2a: Gholdengo|Make It Rain|p1a: Shogun
|-resisted|p1a: Shogun
|-damage|p1a: Shogun|38/100
|-unboost|p2a: Gholdengo|spa|1
|
|upkeep
|turn|13
|
|t:|1743829999
|switch|p2a: Great Tusk|Great Tusk|100/100
|move|p1a: Shogun|Kowtow Cleave|p2a: Great Tusk
|-resisted|p2a: Great Tusk
|-damage|p2a: Great Tusk|80/100
|
|-heal|p2a: Great Tusk|86/100|[from] item: Leftovers
|upkeep
|turn|14
|
|t:|1743830006
|move|p1a: Shogun|Swords Dance|p1a: Shogun
|-boost|p1a: Shogun|atk|2
|move|p2a: Great Tusk|Earthquake|p1a: Shogun
|-supereffective|p1a: Shogun
|-damage|p1a: Shogun|0 fnt
|faint|p1a: Shogun
|-end|p1a: Shogun|fallen4|[silent]
|
|-heal|p2a: Great Tusk|92/100|[from] item: Leftovers
|upkeep
|
|t:|1743830011
|switch|p1a: Village Crusher|Ursaluna, F|50/100
|turn|15
|
|t:|1743830018
|move|p1a: Village Crusher|Crunch|p2a: Great Tusk
|-resisted|p2a: Great Tusk
|-damage|p2a: Great Tusk|85/100
|move|p2a: Great Tusk|Knock Off|p1a: Village Crusher
|-damage|p1a: Village Crusher|31/100
|-enditem|p1a: Village Crusher|Flame Orb|[from] move: Knock Off|[of] p2a: Great Tusk
|
|-heal|p2a: Great Tusk|91/100|[from] item: Leftovers
|-fieldend|move: Trick Room
|upkeep
|turn|16
|-message|AbyssaIHunter forfeited.
|
|win|jushudawu
|raw|AbyssaIHunter's rating: 1197 &rarr; <strong>1176</strong><br />(-21 for losing)
|raw|jushudawu's rating: 1252 &rarr; <strong>1273</strong><br />(+21 for winning)
|l|☆AbyssaIHunter
|player|p1|
|l|☆jushudawu
|player|p2|
