|badge|p2|bronze|gen9ou|100-5
|uhtml|medal-msg|<div class="broadcast-blue">Curious what those medals under the avatar are? PS now has Ladder Seasons! For more information, check out the <a href="https://www.smogon.com/forums/threads/3740067/">thread on Smogon.</a></div>
|j|☆Trainer #39
|j|☆MiaTaylor612
|t:|1743874894
|gametype|singles
|player|p1|Trainer #39|pokemonbreeder|1862
|player|p2|MiaTaylor612|idol|1937
|teamsize|p1|6
|teamsize|p2|6
|gen|9
|tier|[Gen 9] OU
|rated|
|rule|HP Percentage Mod: HP is shown in percentages
|rule|Endless Battle Clause: Forcing endless battles is banned
|rule|Species Clause: Limit one of each Pokémon
|rule|OHKO Clause: OHKO moves are banned
|rule|Evasion Items Clause: Evasion items are banned
|rule|Evasion Moves Clause: Evasion moves are banned
|rule|Sleep Moves Clause: Sleep-inducing moves are banned
|clearpoke
|poke|p1|Blissey, F|
|poke|p1|Corviknight, M|
|poke|p1|Dondozo, M|
|poke|p1|Gliscor, M|
|poke|p1|Clefable, M|
|poke|p1|Slowking-Galar, M|
|poke|p2|Garchomp, M|
|poke|p2|Slowking-Galar, M|
|poke|p2|Gholdengo|
|poke|p2|Moltres|
|poke|p2|Iron Valiant|
|poke|p2|Kingambit, M|
|teampreview
|inactive|Battle timer is ON: inactive players will automatically lose when time's up. (requested by MiaTaylor612)
|j| lowladderubersnoob
|
|t:|1743874901
|start
|switch|p1a: 🇮🇱=ter*orists|Gliscor, M|100/100
|switch|p2a: Garchomp|Garchomp, M|100/100
|turn|1
|
|t:|1743874904
|move|p2a: Garchomp|Stealth Rock|p1a: 🇮🇱=ter*orists
|-sidestart|p1: Trainer #39|move: Stealth Rock
|move|p1a: 🇮🇱=ter*orists|Toxic|p2a: Garchomp
|-status|p2a: Garchomp|tox
|
|-damage|p2a: Garchomp|94/100 tox|[from] psn
|-status|p1a: 🇮🇱=ter*orists|tox|[from] item: Toxic Orb
|upkeep
|turn|2
|
|t:|1743874906
|move|p1a: 🇮🇱=ter*orists|Earthquake|p2a: Garchomp
|-damage|p2a: Garchomp|75/100 tox
|move|p2a: Garchomp|Dragon Tail|p1a: 🇮🇱=ter*orists
|-damage|p1a: 🇮🇱=ter*orists|85/100 tox
|drag|p1a: 808 and curses|Dondozo, M|100/100
|-damage|p1a: 808 and curses|88/100|[from] Stealth Rock
|
|-heal|p1a: 808 and curses|94/100|[from] item: Leftovers
|-damage|p2a: Garchomp|63/100 tox|[from] psn
|upkeep
|turn|3
|
|t:|1743874912
|switch|p1a: 🇮🇱=ter*orists|Gliscor, M|85/100 tox
|-damage|p1a: 🇮🇱=ter*orists|73/100 tox|[from] Stealth Rock
|move|p2a: Garchomp|Spikes|p1a: 🇮🇱=ter*orists
|-sidestart|p1: Trainer #39|Spikes
|
|-damage|p2a: Garchomp|45/100 tox|[from] psn
|-heal|p1a: 🇮🇱=ter*orists|85/100 tox|[from] ability: Poison Heal
|upkeep
|turn|4
|
|t:|1743874915
|move|p2a: Garchomp|Spikes|p1a: 🇮🇱=ter*orists
|-sidestart|p1: Trainer #39|Spikes
|move|p1a: 🇮🇱=ter*orists|Earthquake|p2a: Garchomp
|-damage|p2a: Garchomp|25/100 tox
|
|-damage|p2a: Garchomp|0 fnt|[from] psn
|faint|p2a: Garchomp
|-heal|p1a: 🇮🇱=ter*orists|98/100 tox|[from] ability: Poison Heal
|upkeep
|
|t:|1743874918
|switch|p2a: Slowking|Slowking-Galar, M|100/100
|turn|5
|
|t:|1743874921
|move|p1a: 🇮🇱=ter*orists|Substitute|p1a: 🇮🇱=ter*orists
|-start|p1a: 🇮🇱=ter*orists|Substitute
|-damage|p1a: 🇮🇱=ter*orists|73/100 tox
|move|p2a: Slowking|Ice Beam|p1a: 🇮🇱=ter*orists
|-supereffective|p1a: 🇮🇱=ter*orists
|-end|p1a: 🇮🇱=ter*orists|Substitute
|
|-heal|p1a: 🇮🇱=ter*orists|85/100 tox|[from] ability: Poison Heal
|upkeep
|turn|6
|
|t:|1743874925
|switch|p1a: brat|Blissey, F|100/100
|move|p2a: Slowking|Ice Beam|p1a: brat
|-damage|p1a: brat|92/100
|
|upkeep
|turn|7
|
|t:|1743874927
|move|p1a: brat|Stealth Rock|p2a: Slowking
|-sidestart|p2: MiaTaylor612|move: Stealth Rock
|-prepare|p2a: Slowking|Chilly Reception|[premajor]
|move|p2a: Slowking|Chilly Reception|p2a: Slowking
|-weather|Snowscape
|
|t:|1743874929
|switch|p2a: Iron Valiant|Iron Valiant|100/100|[from] Chilly Reception
|
|-weather|Snowscape|[upkeep]
|upkeep
|turn|8
|
|t:|1743874931
|switch|p1a: Charli xcx|Clefable, M|100/100
|move|p2a: Iron Valiant|Knock Off|p1a: Charli xcx
|-resisted|p1a: Charli xcx
|-damage|p1a: Charli xcx|81/100
|-enditem|p1a: Charli xcx|Heavy-Duty Boots|[from] move: Knock Off|[of] p2a: Iron Valiant
|
|-weather|Snowscape|[upkeep]
|upkeep
|turn|9
|
|t:|1743874938
|-end|p2a: Iron Valiant|Quark Drive|[silent]
|switch|p2a: Slowking|Slowking-Galar, M|100/100
|move|p1a: Charli xcx|Moonblast|p2a: Slowking
|-resisted|p2a: Slowking
|-damage|p2a: Slowking|92/100
|
|-weather|Snowscape|[upkeep]
|upkeep
|turn|10
|
|t:|1743874942
|move|p1a: Charli xcx|Protect|p1a: Charli xcx
|-singleturn|p1a: Charli xcx|Protect
|move|p2a: Slowking|Psychic Noise|p1a: Charli xcx
|-activate|p1a: Charli xcx|move: Protect
|
|-weather|Snowscape|[upkeep]
|upkeep
|turn|11
|
|t:|1743874946
|move|p1a: Charli xcx|Knock Off|p2a: Slowking
|-supereffective|p2a: Slowking
|-damage|p2a: Slowking|60/100
|-enditem|p2a: Slowking|Heavy-Duty Boots|[from] move: Knock Off|[of] p1a: Charli xcx
|-prepare|p2a: Slowking|Chilly Reception|[premajor]
|move|p2a: Slowking|Chilly Reception|p2a: Slowking
|
|t:|1743874948
|switch|p2a: Gholdengo|Gholdengo|100/100|[from] Chilly Reception
|
|-weather|none
|upkeep
|turn|12
|
|t:|1743874951
|move|p1a: Charli xcx|Protect|p1a: Charli xcx
|-singleturn|p1a: Charli xcx|Protect
|move|p2a: Gholdengo|Make It Rain|p1a: Charli xcx
|-activate|p1a: Charli xcx|move: Protect
|
|upkeep
|turn|13
|
|t:|1743874954
|switch|p2a: Iron Valiant|Iron Valiant|100/100
|switch|p1a: brat|Blissey, F|92/100
|
|upkeep
|turn|14
|
|t:|1743874961
|switch|p1a: BIRDS OF A FEATHER|Corviknight, M|100/100
|-damage|p1a: BIRDS OF A FEATHER|88/100|[from] Stealth Rock
|-ability|p1a: BIRDS OF A FEATHER|Pressure
|move|p2a: Iron Valiant|Close Combat|p1a: BIRDS OF A FEATHER
|-damage|p1a: BIRDS OF A FEATHER|54/100
|-unboost|p2a: Iron Valiant|def|1
|-unboost|p2a: Iron Valiant|spd|1
|-damage|p2a: Iron Valiant|84/100|[from] item: Rocky Helmet|[of] p1a: BIRDS OF A FEATHER
|
|upkeep
|turn|15
|
|t:|1743874964
|move|p2a: Iron Valiant|Knock Off|p1a: BIRDS OF A FEATHER
|-damage|p1a: BIRDS OF A FEATHER|35/100
|-damage|p2a: Iron Valiant|67/100|[from] item: Rocky Helmet|[of] p1a: BIRDS OF A FEATHER
|-enditem|p1a: BIRDS OF A FEATHER|Rocky Helmet|[from] move: Knock Off|[of] p2a: Iron Valiant
|move|p1a: BIRDS OF A FEATHER|Roost|p1a: BIRDS OF A FEATHER
|-heal|p1a: BIRDS OF A FEATHER|85/100
|-singleturn|p1a: BIRDS OF A FEATHER|move: Roost
|
|upkeep
|turn|16
|
|t:|1743874967
|move|p2a: Iron Valiant|Encore|p1a: BIRDS OF A FEATHER
|-start|p1a: BIRDS OF A FEATHER|Encore
|move|p1a: BIRDS OF A FEATHER|Roost|p1a: BIRDS OF A FEATHER
|-heal|p1a: BIRDS OF A FEATHER|100/100
|-singleturn|p1a: BIRDS OF A FEATHER|move: Roost
|
|upkeep
|turn|17
|
|t:|1743874970
|switch|p1a: Charli xcx|Clefable, M|81/100
|-damage|p1a: Charli xcx|68/100|[from] Stealth Rock
|-damage|p1a: Charli xcx|52/100|[from] Spikes
|move|p2a: Iron Valiant|Moonblast|p1a: Charli xcx
|-damage|p1a: Charli xcx|27/100
|
|upkeep
|turn|18
|
|t:|1743874977
|-end|p2a: Iron Valiant|Quark Drive|[silent]
|switch|p2a: Slowking|Slowking-Galar, M|93/100
|-damage|p2a: Slowking|81/100|[from] Stealth Rock
|move|p1a: Charli xcx|Wish|p1a: Charli xcx
|
|upkeep
|turn|19
|
|t:|1743874980
|move|p1a: Charli xcx|Protect|p1a: Charli xcx
|-singleturn|p1a: Charli xcx|Protect
|move|p2a: Slowking|Sludge Bomb|p1a: Charli xcx
|-activate|p1a: Charli xcx|move: Protect
|
|-heal|p1a: Charli xcx|77/100|[from] move: Wish|[wisher] Charli xcx
|upkeep
|turn|20
|
|t:|1743874983
|switch|p1a: Kanye|Slowking-Galar, M|100/100
|-damage|p1a: Kanye|88/100|[from] Stealth Rock
|-damage|p1a: Kanye|72/100|[from] Spikes
|move|p2a: Slowking|Psychic Noise|p1a: Kanye
|-damage|p1a: Kanye|50/100
|-start|p1a: Kanye|move: Heal Block
|
|upkeep
|turn|21
|
|t:|1743874986
|move|p1a: Kanye|Thunder Wave|p2a: Slowking
|-status|p2a: Slowking|par
|-prepare|p2a: Slowking|Chilly Reception|[premajor]
|cant|p2a: Slowking|par
|
|-end|p1a: Kanye|move: Heal Block
|upkeep
|turn|22
|j| alyras
|
|t:|1743874990
|switch|p1a: brat|Blissey, F|92/100
|move|p2a: Slowking|Psychic Noise|p1a: brat
|-damage|p1a: brat|83/100
|-start|p1a: brat|move: Heal Block
|
|upkeep
|turn|23
|
|t:|1743874995
|move|p1a: brat|Calm Mind|p1a: brat
|-boost|p1a: brat|spa|1
|-boost|p1a: brat|spd|1
|-prepare|p2a: Slowking|Chilly Reception|[premajor]
|move|p2a: Slowking|Chilly Reception|p2a: Slowking
|-weather|Snowscape
|
|t:|1743874998
|switch|p2a: Kingambit|Kingambit, M|100/100|[from] Chilly Reception
|-damage|p2a: Kingambit|94/100|[from] Stealth Rock
|-activate|p2a: Kingambit|ability: Supreme Overlord
|-start|p2a: Kingambit|fallen1|[silent]
|
|-weather|Snowscape|[upkeep]
|-heal|p2a: Kingambit|100/100|[from] item: Leftovers
|-end|p1a: brat|move: Heal Block
|upkeep
|turn|24
|
|t:|1743875005
|switch|p1a: 🇮🇱=ter*orists|Gliscor, M|85/100 tox
|-damage|p1a: 🇮🇱=ter*orists|73/100 tox|[from] Stealth Rock
|move|p2a: Kingambit|Kowtow Cleave|p1a: 🇮🇱=ter*orists
|-damage|p1a: 🇮🇱=ter*orists|38/100 tox
|
|-weather|Snowscape|[upkeep]
|-heal|p1a: 🇮🇱=ter*orists|50/100 tox|[from] ability: Poison Heal
|upkeep
|turn|25
|
|t:|1743875010
|move|p1a: 🇮🇱=ter*orists|Earthquake|p2a: Kingambit
|-supereffective|p2a: Kingambit
|-damage|p2a: Kingambit|49/100
|move|p2a: Kingambit|Kowtow Cleave|p1a: 🇮🇱=ter*orists
|-damage|p1a: 🇮🇱=ter*orists|17/100 tox
|
|-weather|Snowscape|[upkeep]
|-heal|p2a: Kingambit|55/100|[from] item: Leftovers
|-heal|p1a: 🇮🇱=ter*orists|30/100 tox|[from] ability: Poison Heal
|upkeep
|turn|26
|
|t:|1743875015
|move|p1a: 🇮🇱=ter*orists|Protect|p1a: 🇮🇱=ter*orists
|-singleturn|p1a: 🇮🇱=ter*orists|Protect
|move|p2a: Kingambit|Swords Dance|p2a: Kingambit
|-boost|p2a: Kingambit|atk|2
|
|-weather|Snowscape|[upkeep]
|-heal|p2a: Kingambit|61/100|[from] item: Leftovers
|-heal|p1a: 🇮🇱=ter*orists|42/100 tox|[from] ability: Poison Heal
|upkeep
|turn|27
|
|t:|1743875017
|move|p1a: 🇮🇱=ter*orists|Substitute|p1a: 🇮🇱=ter*orists
|-start|p1a: 🇮🇱=ter*orists|Substitute
|-damage|p1a: 🇮🇱=ter*orists|17/100 tox
|move|p2a: Kingambit|Kowtow Cleave|p1a: 🇮🇱=ter*orists
|-end|p1a: 🇮🇱=ter*orists|Substitute
|
|-weather|none
|-heal|p2a: Kingambit|67/100|[from] item: Leftovers
|-heal|p1a: 🇮🇱=ter*orists|30/100 tox|[from] ability: Poison Heal
|upkeep
|turn|28
|
|t:|1743875021
|move|p1a: 🇮🇱=ter*orists|Protect|p1a: 🇮🇱=ter*orists
|-singleturn|p1a: 🇮🇱=ter*orists|Protect
|move|p2a: Kingambit|Kowtow Cleave|p1a: 🇮🇱=ter*orists
|-activate|p1a: 🇮🇱=ter*orists|move: Protect
|
|-heal|p2a: Kingambit|74/100|[from] item: Leftovers
|-heal|p1a: 🇮🇱=ter*orists|42/100 tox|[from] ability: Poison Heal
|upkeep
|turn|29
|
|t:|1743875023
|move|p1a: 🇮🇱=ter*orists|Substitute|p1a: 🇮🇱=ter*orists
|-start|p1a: 🇮🇱=ter*orists|Substitute
|-damage|p1a: 🇮🇱=ter*orists|17/100 tox
|move|p2a: Kingambit|Kowtow Cleave|p1a: 🇮🇱=ter*orists
|-end|p1a: 🇮🇱=ter*orists|Substitute
|
|-heal|p2a: Kingambit|80/100|[from] item: Leftovers
|-heal|p1a: 🇮🇱=ter*orists|30/100 tox|[from] ability: Poison Heal
|upkeep
|turn|30
|
|t:|1743875025
|move|p1a: 🇮🇱=ter*orists|Protect|p1a: 🇮🇱=ter*orists
|-singleturn|p1a: 🇮🇱=ter*orists|Protect
|move|p2a: Kingambit|Swords Dance|p2a: Kingambit
|-boost|p2a: Kingambit|atk|2
|
|-heal|p2a: Kingambit|86/100|[from] item: Leftovers
|-heal|p1a: 🇮🇱=ter*orists|42/100 tox|[from] ability: Poison Heal
|upkeep
|turn|31
|
|t:|1743875028
|move|p1a: 🇮🇱=ter*orists|Substitute|p1a: 🇮🇱=ter*orists
|-start|p1a: 🇮🇱=ter*orists|Substitute
|-damage|p1a: 🇮🇱=ter*orists|17/100 tox
|move|p2a: Kingambit|Iron Head|p1a: 🇮🇱=ter*orists
|-end|p1a: 🇮🇱=ter*orists|Substitute
|
|-heal|p2a: Kingambit|92/100|[from] item: Leftovers
|-heal|p1a: 🇮🇱=ter*orists|30/100 tox|[from] ability: Poison Heal
|upkeep
|turn|32
|
|t:|1743875031
|move|p1a: 🇮🇱=ter*orists|Protect|p1a: 🇮🇱=ter*orists
|-singleturn|p1a: 🇮🇱=ter*orists|Protect
|move|p2a: Kingambit|Iron Head|p1a: 🇮🇱=ter*orists
|-activate|p1a: 🇮🇱=ter*orists|move: Protect
|
|-heal|p2a: Kingambit|98/100|[from] item: Leftovers
|-heal|p1a: 🇮🇱=ter*orists|42/100 tox|[from] ability: Poison Heal
|upkeep
|turn|33
|
|t:|1743875033
|move|p1a: 🇮🇱=ter*orists|Substitute|p1a: 🇮🇱=ter*orists
|-start|p1a: 🇮🇱=ter*orists|Substitute
|-damage|p1a: 🇮🇱=ter*orists|17/100 tox
|move|p2a: Kingambit|Iron Head|p1a: 🇮🇱=ter*orists
|-end|p1a: 🇮🇱=ter*orists|Substitute
|
|-heal|p2a: Kingambit|100/100|[from] item: Leftovers
|-heal|p1a: 🇮🇱=ter*orists|30/100 tox|[from] ability: Poison Heal
|upkeep
|turn|34
|
|t:|1743875038
|move|p1a: 🇮🇱=ter*orists|Protect|p1a: 🇮🇱=ter*orists
|-singleturn|p1a: 🇮🇱=ter*orists|Protect
|move|p2a: Kingambit|Iron Head|p1a: 🇮🇱=ter*orists
|-activate|p1a: 🇮🇱=ter*orists|move: Protect
|
|-heal|p1a: 🇮🇱=ter*orists|42/100 tox|[from] ability: Poison Heal
|upkeep
|turn|35
|
|t:|1743875040
|switch|p1a: 808 and curses|Dondozo, M|94/100
|-damage|p1a: 808 and curses|82/100|[from] Stealth Rock
|-damage|p1a: 808 and curses|65/100|[from] Spikes
|move|p2a: Kingambit|Iron Head|p1a: 808 and curses
|-resisted|p1a: 808 and curses
|-damage|p1a: 808 and curses|53/100
|
|-heal|p1a: 808 and curses|59/100|[from] item: Leftovers
|upkeep
|turn|36
|
|t:|1743875049
|-end|p2a: Kingambit|fallen1|[silent]
|switch|p2a: Moltres|Moltres|100/100
|move|p1a: 808 and curses|Waterfall|p2a: Moltres
|-supereffective|p2a: Moltres
|-damage|p2a: Moltres|49/100
|
|-heal|p1a: 808 and curses|65/100|[from] item: Leftovers
|upkeep
|turn|37
|
|t:|1743875053
|move|p2a: Moltres|Roost|p2a: Moltres
|-heal|p2a: Moltres|99/100
|-singleturn|p2a: Moltres|move: Roost
|move|p1a: 808 and curses|Waterfall|p2a: Moltres
|-supereffective|p2a: Moltres
|-damage|p2a: Moltres|43/100
|-status|p1a: 808 and curses|brn|[from] ability: Flame Body|[of] p2a: Moltres
|
|-heal|p1a: 808 and curses|72/100 brn|[from] item: Leftovers
|-damage|p1a: 808 and curses|65/100 brn|[from] brn
|upkeep
|turn|38
|
|t:|1743875056
|move|p1a: 808 and curses|Rest|p1a: 808 and curses
|-status|p1a: 808 and curses|slp|[from] move: Rest
|-heal|p1a: 808 and curses|100/100 slp|[silent]
|move|p2a: Moltres|Roar|p1a: 808 and curses
|drag|p1a: BIRDS OF A FEATHER|Corviknight, M|100/100
|-damage|p1a: BIRDS OF A FEATHER|88/100|[from] Stealth Rock
|-ability|p1a: BIRDS OF A FEATHER|Pressure
|
|upkeep
|turn|39
|
|t:|1743875059
|move|p2a: Moltres|Flamethrower|p1a: BIRDS OF A FEATHER
|-supereffective|p1a: BIRDS OF A FEATHER
|-damage|p1a: BIRDS OF A FEATHER|11/100
|move|p1a: BIRDS OF A FEATHER|Defog|p2a: Moltres
|-unboost|p2a: Moltres|evasion|1
|-sideend|p2: MiaTaylor612|Stealth Rock|[from] move: Defog|[of] p1a: BIRDS OF A FEATHER
|-sideend|p1: Trainer #39|Spikes|[from] move: Defog|[of] p1a: BIRDS OF A FEATHER
|-sideend|p1: Trainer #39|Stealth Rock|[from] move: Defog|[of] p1a: BIRDS OF A FEATHER
|
|upkeep
|turn|40
|
|t:|1743875063
|switch|p1a: Kanye|Slowking-Galar, M|83/100
|move|p2a: Moltres|U-turn|p1a: Kanye
|-damage|p1a: Kanye|66/100
|
|t:|1743875065
|switch|p2a: Kingambit|Kingambit, M|100/100|[from] U-turn
|-activate|p2a: Kingambit|ability: Supreme Overlord
|-start|p2a: Kingambit|fallen1|[silent]
|
|upkeep
|turn|41
|j| usernametestset
|
|t:|1743875068
|switch|p1a: 808 and curses|Dondozo, M|100/100 slp
|move|p2a: Kingambit|Kowtow Cleave|p1a: 808 and curses
|-damage|p1a: 808 and curses|77/100 slp
|
|-heal|p1a: 808 and curses|83/100 slp|[from] item: Leftovers
|upkeep
|turn|42
|
|t:|1743875070
|-end|p2a: Kingambit|fallen1|[silent]
|switch|p2a: Iron Valiant|Iron Valiant|67/100
|cant|p1a: 808 and curses|slp
|move|p1a: 808 and curses|Sleep Talk|p1a: 808 and curses
|move|p1a: 808 and curses|Waterfall|p2a: Iron Valiant|[from] move: Sleep Talk
|-damage|p2a: Iron Valiant|33/100
|
|-heal|p1a: 808 and curses|89/100 slp|[from] item: Leftovers
|upkeep
|turn|43
|
|t:|1743875073
|switch|p1a: Charli xcx|Clefable, M|77/100
|move|p2a: Iron Valiant|Moonblast|p1a: Charli xcx
|-damage|p1a: Charli xcx|50/100
|-unboost|p1a: Charli xcx|spa|1
|
|upkeep
|turn|44
|
|t:|1743875076
|move|p2a: Iron Valiant|Moonblast|p1a: Charli xcx
|-damage|p1a: Charli xcx|23/100
|move|p1a: Charli xcx|Wish|p1a: Charli xcx
|
|upkeep
|turn|45
|
|t:|1743875078
|move|p1a: Charli xcx|Protect|p1a: Charli xcx
|-singleturn|p1a: Charli xcx|Protect
|move|p2a: Iron Valiant|Encore|p1a: Charli xcx
|-activate|p1a: Charli xcx|move: Protect
|
|-heal|p1a: Charli xcx|73/100|[from] move: Wish|[wisher] Charli xcx
|upkeep
|turn|46
|
|t:|1743875080
|switch|p1a: BIRDS OF A FEATHER|Corviknight, M|11/100
|-ability|p1a: BIRDS OF A FEATHER|Pressure
|move|p2a: Iron Valiant|Encore||[still]
|-fail|p2a: Iron Valiant
|
|upkeep
|turn|47
|
|t:|1743875083
|switch|p1a: Charli xcx|Clefable, M|73/100
|move|p2a: Iron Valiant|Moonblast|p1a: Charli xcx
|-damage|p1a: Charli xcx|45/100
|
|upkeep
|turn|48
|
|t:|1743875086
|-end|p2a: Iron Valiant|Quark Drive|[silent]
|switch|p2a: Slowking|Slowking-Galar, M|100/100 par
|move|p1a: Charli xcx|Wish|p1a: Charli xcx
|
|upkeep
|turn|49
|
|t:|1743875089
|move|p1a: Charli xcx|Protect|p1a: Charli xcx
|-singleturn|p1a: Charli xcx|Protect
|move|p2a: Slowking|Psychic Noise|p1a: Charli xcx
|-activate|p1a: Charli xcx|move: Protect
|
|-heal|p1a: Charli xcx|95/100|[from] move: Wish|[wisher] Charli xcx
|upkeep
|turn|50
|
|t:|1743875091
|switch|p1a: brat|Blissey, F|83/100
|-prepare|p2a: Slowking|Chilly Reception|[premajor]
|move|p2a: Slowking|Chilly Reception|p2a: Slowking
|-weather|Snowscape
|
|t:|1743875093
|switch|p2a: Iron Valiant|Iron Valiant|33/100|[from] Chilly Reception
|
|-weather|Snowscape|[upkeep]
|upkeep
|turn|51
|
|t:|1743875097
|switch|p1a: Charli xcx|Clefable, M|95/100
|move|p2a: Iron Valiant|Close Combat|p1a: Charli xcx
|-resisted|p1a: Charli xcx
|-damage|p1a: Charli xcx|61/100
|-unboost|p2a: Iron Valiant|def|1
|-unboost|p2a: Iron Valiant|spd|1
|
|-weather|Snowscape|[upkeep]
|upkeep
|turn|52
|
|t:|1743875103
|move|p2a: Iron Valiant|Moonblast|p1a: Charli xcx
|-damage|p1a: Charli xcx|33/100
|-unboost|p1a: Charli xcx|spa|1
|move|p1a: Charli xcx|Wish|p1a: Charli xcx
|
|-weather|Snowscape|[upkeep]
|upkeep
|turn|53
|
|t:|1743875108
|move|p1a: Charli xcx|Protect|p1a: Charli xcx
|-singleturn|p1a: Charli xcx|Protect
|move|p2a: Iron Valiant|Close Combat|p1a: Charli xcx
|-activate|p1a: Charli xcx|move: Protect
|
|-weather|Snowscape|[upkeep]
|-heal|p1a: Charli xcx|83/100|[from] move: Wish|[wisher] Charli xcx
|upkeep
|turn|54
|
|t:|1743875110
|move|p2a: Iron Valiant|Encore|p1a: Charli xcx
|-start|p1a: Charli xcx|Encore
|move|p1a: Charli xcx|Protect||[still]
|-fail|p1a: Charli xcx
|
|-weather|none
|upkeep
|turn|55
|j| Takeaseatkod
|
|t:|1743875114
|move|p1a: Charli xcx|Protect|p1a: Charli xcx
|-singleturn|p1a: Charli xcx|Protect
|move|p2a: Iron Valiant|Close Combat|p1a: Charli xcx
|-activate|p1a: Charli xcx|move: Protect
|
|upkeep
|turn|56
|
|t:|1743875118
|switch|p1a: BIRDS OF A FEATHER|Corviknight, M|11/100
|-ability|p1a: BIRDS OF A FEATHER|Pressure
|move|p2a: Iron Valiant|Moonblast|p1a: BIRDS OF A FEATHER
|-resisted|p1a: BIRDS OF A FEATHER
|-damage|p1a: BIRDS OF A FEATHER|0 fnt
|faint|p1a: BIRDS OF A FEATHER
|
|upkeep
|
|t:|1743875119
|switch|p1a: Charli xcx|Clefable, M|83/100
|turn|57
|
|t:|1743875123
|-end|p2a: Iron Valiant|Quark Drive|[silent]
|switch|p2a: Kingambit|Kingambit, M|100/100
|-activate|p2a: Kingambit|ability: Supreme Overlord
|-start|p2a: Kingambit|fallen1|[silent]
|move|p1a: Charli xcx|Wish|p1a: Charli xcx
|
|upkeep
|turn|58
|
|t:|1743875128
|switch|p1a: 808 and curses|Dondozo, M|89/100 slp
|move|p2a: Kingambit|Iron Head|p1a: 808 and curses
|-resisted|p1a: 808 and curses
|-damage|p1a: 808 and curses|78/100 slp
|
|-heal|p1a: 808 and curses|100/100 slp|[from] move: Wish|[wisher] Charli xcx
|upkeep
|turn|59
|
|t:|1743875131
|-end|p2a: Kingambit|fallen1|[silent]
|switch|p2a: Moltres|Moltres|43/100
|cant|p1a: 808 and curses|slp
|move|p1a: 808 and curses|Sleep Talk|p1a: 808 and curses
|move|p1a: 808 and curses|Rest||[from] move: Sleep Talk|[still]
|-fail|p1a: 808 and curses
|
|upkeep
|turn|60
|
|t:|1743875134
|move|p2a: Moltres|Roost|p2a: Moltres
|-heal|p2a: Moltres|93/100
|-singleturn|p2a: Moltres|move: Roost
|-curestatus|p1a: 808 and curses|slp|[msg]
|move|p1a: 808 and curses|Waterfall|p2a: Moltres
|-supereffective|p2a: Moltres
|-damage|p2a: Moltres|38/100
|
|upkeep
|turn|61
|
|t:|1743875137
|move|p2a: Moltres|Roost|p2a: Moltres
|-heal|p2a: Moltres|88/100
|-singleturn|p2a: Moltres|move: Roost
|move|p1a: 808 and curses|Waterfall|p2a: Moltres
|-supereffective|p2a: Moltres
|-damage|p2a: Moltres|31/100
|
|upkeep
|turn|62
|-message|MiaTaylor612 forfeited.
|
|win|Trainer #39
|raw|Trainer #39's rating: 1862 &rarr; <strong>1886</strong><br />(+24 for winning)
|raw|MiaTaylor612's rating: 1937 &rarr; <strong>1913</strong><br />(-24 for losing)
|l|☆MiaTaylor612
|player|p2|
|l|☆Trainer #39
|player|p1|
|l| lowladderubersnoob
