|j|☆jushudawu
|j|☆ishowlarp
|t:|1743831205
|gametype|singles
|player|p1|jushudawu|steven-masters2|1327
|player|p2|ishowlarp|ghetsis|1367
|teamsize|p1|6
|teamsize|p2|6
|gen|9
|tier|[Gen 9] OU
|rated|
|rule|HP Percentage Mod: HP is shown in percentages
|rule|Endless Battle Clause: Forcing endless battles is banned
|rule|Species Clause: Limit one of each Pokémon
|rule|OHKO Clause: OHKO moves are banned
|rule|Evasion Items Clause: Evasion items are banned
|rule|Evasion Moves Clause: Evasion moves are banned
|rule|Sleep Moves Clause: Sleep-inducing moves are banned
|clearpoke
|poke|p1|Iron Valiant|
|poke|p1|Great Tusk|
|poke|p1|Gholdengo|
|poke|p1|Rotom-Wash|
|poke|p1|Kingambit, F|
|poke|p1|Enamorus-Therian, F|
|poke|p2|Pelipper, F|
|poke|p2|Iron Treads|
|poke|p2|Overqwil, F|
|poke|p2|Ogerpon-Wellspring, F|
|poke|p2|Barraskewda, F|
|poke|p2|Lokix, F|
|teampreview
|inactive|Battle timer is ON: inactive players will automatically lose when time's up. (requested by ishowlarp)
|
|t:|1743831219
|start
|switch|p1a: Rotom|Rotom-Wash|100/100
|switch|p2a: Pelipper|Pelipper, F, shiny|100/100
|-weather|RainDance|[from] ability: Drizzle|[of] p2a: Pelipper
|turn|1
|
|t:|1743831225
|switch|p2a: Iron Treads|Iron Treads, shiny|100/100
|move|p1a: Rotom|Will-O-Wisp|p2a: Iron Treads
|-status|p2a: Iron Treads|brn
|
|-weather|RainDance|[upkeep]
|-damage|p2a: Iron Treads|94/100 brn|[from] brn
|upkeep
|turn|2
|
|t:|1743831234
|switch|p1a: Great Tusk|Great Tusk|100/100
|move|p2a: Iron Treads|Stealth Rock|p1a: Great Tusk
|-sidestart|p1: jushudawu|move: Stealth Rock
|
|-weather|RainDance|[upkeep]
|-damage|p2a: Iron Treads|88/100 brn|[from] brn
|upkeep
|turn|3
|
|t:|1743831242
|-end|p2a: Iron Treads|Quark Drive|[silent]
|switch|p2a: Ogerpon|Ogerpon-Wellspring, F|100/100
|move|p1a: Great Tusk|Rapid Spin|p2a: Ogerpon
|-damage|p2a: Ogerpon|81/100
|-boost|p1a: Great Tusk|spe|1
|-sideend|p1: jushudawu|Stealth Rock|[from] move: Rapid Spin|[of] p1a: Great Tusk
|
|-weather|RainDance|[upkeep]
|upkeep
|turn|4
|
|t:|1743831256
|-end|p1a: Great Tusk|Protosynthesis|[silent]
|switch|p1a: Enamorus|Enamorus-Therian, F|100/100
|move|p2a: Ogerpon|Ivy Cudgel|p1a: Enamorus|[anim] Ivy Cudgel Water
|-damage|p1a: Enamorus|36/100
|
|-weather|RainDance|[upkeep]
|upkeep
|turn|5
|
|t:|1743831262
|move|p2a: Ogerpon|Ivy Cudgel|p1a: Enamorus|[anim] Ivy Cudgel Water
|-crit|p1a: Enamorus
|-damage|p1a: Enamorus|0 fnt
|faint|p1a: Enamorus
|
|-weather|RainDance|[upkeep]
|upkeep
|
|t:|1743831264
|switch|p1a: Rotom|Rotom-Wash|100/100
|turn|6
|
|t:|1743831273
|move|p1a: Rotom|Hydro Pump|p2a: Ogerpon
|-heal|p2a: Ogerpon|100/100|[from] ability: Water Absorb|[of] p1a: Rotom
|move|p2a: Ogerpon|Power Whip|p1a: Rotom
|-supereffective|p1a: Rotom
|-damage|p1a: Rotom|0 fnt
|faint|p1a: Rotom
|
|-weather|RainDance|[upkeep]
|upkeep
|
|t:|1743831280
|switch|p1a: Iron Valiant|Iron Valiant|100/100
|-enditem|p1a: Iron Valiant|Booster Energy
|-activate|p1a: Iron Valiant|ability: Quark Drive|[fromitem]
|-start|p1a: Iron Valiant|quarkdrivespe
|turn|7
|
|t:|1743831290
|-terastallize|p2a: Ogerpon|Water
|detailschange|p2a: Ogerpon|Ogerpon-Wellspring-Tera, F, tera:Water
|-ability|p2a: Ogerpon|Embody Aspect (Wellspring)|boost
|-boost|p2a: Ogerpon|spd|1
|move|p1a: Iron Valiant|Thunderbolt|p2a: Ogerpon
|-supereffective|p2a: Ogerpon
|-damage|p2a: Ogerpon|52/100
|move|p2a: Ogerpon|Ivy Cudgel|p1a: Iron Valiant|[anim] Ivy Cudgel Water
|-damage|p1a: Iron Valiant|0 fnt
|faint|p1a: Iron Valiant
|-end|p1a: Iron Valiant|Quark Drive|[silent]
|
|-weather|RainDance|[upkeep]
|upkeep
|
|t:|1743831293
|switch|p1a: Kingambit|Kingambit, F|100/100
|-activate|p1a: Kingambit|ability: Supreme Overlord
|-start|p1a: Kingambit|fallen3|[silent]
|turn|8
|
|t:|1743831304
|move|p1a: Kingambit|Sucker Punch|p2a: Ogerpon
|-damage|p2a: Ogerpon|0 fnt
|faint|p2a: Ogerpon
|
|-weather|none
|upkeep
|
|t:|1743831308
|switch|p2a: Lokix|Lokix, F, shiny|100/100
|turn|9
|
|t:|1743831312
|move|p2a: Lokix|U-turn|p1a: Kingambit
|-damage|p1a: Kingambit|63/100
|
|t:|1743831315
|switch|p2a: Pelipper|Pelipper, F, shiny|100/100|[from] U-turn
|-weather|RainDance|[from] ability: Drizzle|[of] p2a: Pelipper
|move|p1a: Kingambit|Swords Dance|p1a: Kingambit
|-boost|p1a: Kingambit|atk|2
|
|-weather|RainDance|[upkeep]
|upkeep
|turn|10
|
|t:|1743831319
|move|p1a: Kingambit|Kowtow Cleave|p2a: Pelipper
|-damage|p2a: Pelipper|0 fnt
|faint|p2a: Pelipper
|
|-weather|RainDance|[upkeep]
|upkeep
|
|t:|1743831323
|switch|p2a: Lokix|Lokix, F, shiny|100/100
|turn|11
|
|t:|1743831326
|move|p2a: Lokix|First Impression|p1a: Kingambit
|-damage|p1a: Kingambit|10/100
|move|p1a: Kingambit|Sucker Punch||[still]
|-fail|p1a: Kingambit
|
|-weather|RainDance|[upkeep]
|upkeep
|turn|12
|
|t:|1743831334
|switch|p2a: Iron Treads|Iron Treads, shiny|88/100 brn
|move|p1a: Kingambit|Kowtow Cleave|p2a: Iron Treads
|-damage|p2a: Iron Treads|0 fnt
|faint|p2a: Iron Treads
|-end|p2a: Iron Treads|Quark Drive|[silent]
|
|-weather|RainDance|[upkeep]
|upkeep
|
|t:|1743831340
|switch|p2a: Lokix|Lokix, F, shiny|100/100
|turn|13
|
|t:|1743831345
|-end|p1a: Kingambit|fallen3|[silent]
|switch|p1a: Great Tusk|Great Tusk|100/100
|move|p2a: Lokix|Leech Life|p1a: Great Tusk
|-resisted|p1a: Great Tusk
|-damage|p1a: Great Tusk|74/100
|
|-weather|RainDance|[upkeep]
|-heal|p1a: Great Tusk|80/100|[from] item: Leftovers
|upkeep
|turn|14
|
|t:|1743831353
|switch|p2a: Barraskewda|Barraskewda, F|100/100
|move|p1a: Great Tusk|Earthquake|p2a: Barraskewda
|-damage|p2a: Barraskewda|10/100
|
|-weather|RainDance|[upkeep]
|-heal|p1a: Great Tusk|87/100|[from] item: Leftovers
|upkeep
|turn|15
|
|t:|1743831360
|move|p2a: Barraskewda|Liquidation|p1a: Great Tusk
|-supereffective|p1a: Great Tusk
|-damage|p1a: Great Tusk|2/100
|-damage|p2a: Barraskewda|0 fnt|[from] item: Life Orb
|faint|p2a: Barraskewda
|move|p1a: Great Tusk|Earthquake|p2: Barraskewda|[notarget]
|-fail|p1a: Great Tusk
|
|-weather|RainDance|[upkeep]
|-heal|p1a: Great Tusk|8/100|[from] item: Leftovers
|upkeep
|
|t:|1743831364
|switch|p2a: Overqwil|Overqwil, F, shiny|100/100
|turn|16
|
|t:|1743831368
|move|p2a: Overqwil|Crunch|p1a: Great Tusk
|-resisted|p1a: Great Tusk
|-damage|p1a: Great Tusk|0 fnt
|faint|p1a: Great Tusk
|-end|p1a: Great Tusk|Protosynthesis|[silent]
|-damage|p2a: Overqwil|91/100|[from] item: Life Orb
|
|-weather|none
|upkeep
|
|t:|1743831370
|switch|p1a: Gholdengo|Gholdengo|100/100
|-item|p1a: Gholdengo|Air Balloon
|turn|17
|
|t:|1743831375
|-terastallize|p1a: Gholdengo|Flying
|move|p1a: Gholdengo|Nasty Plot|p1a: Gholdengo
|-boost|p1a: Gholdengo|spa|2
|move|p2a: Overqwil|Crunch|p1a: Gholdengo
|-damage|p1a: Gholdengo|40/100
|-enditem|p1a: Gholdengo|Air Balloon
|-damage|p2a: Overqwil|81/100|[from] item: Life Orb
|
|upkeep
|turn|18
|
|t:|1743831384
|move|p1a: Gholdengo|Recover|p1a: Gholdengo
|-heal|p1a: Gholdengo|90/100
|move|p2a: Overqwil|Crunch|p1a: Gholdengo
|-damage|p1a: Gholdengo|30/100
|-damage|p2a: Overqwil|71/100|[from] item: Life Orb
|
|upkeep
|turn|19
|
|t:|1743831387
|move|p1a: Gholdengo|Shadow Ball|p2a: Overqwil
|-resisted|p2a: Overqwil
|-damage|p2a: Overqwil|5/100
|-unboost|p2a: Overqwil|spd|1
|move|p2a: Overqwil|Crunch|p1a: Gholdengo
|-damage|p1a: Gholdengo|0 fnt
|faint|p1a: Gholdengo
|-damage|p2a: Overqwil|0 fnt|[from] item: Life Orb
|faint|p2a: Overqwil
|
|upkeep
|
|t:|1743831390
|switch|p1a: Kingambit|Kingambit, F|10/100
|switch|p2a: Lokix|Lokix, F, shiny|100/100
|-activate|p1a: Kingambit|ability: Supreme Overlord
|-start|p1a: Kingambit|fallen5|[silent]
|turn|20
|
|t:|1743831393
|move|p2a: Lokix|First Impression|p1a: Kingambit
|-damage|p1a: Kingambit|0 fnt
|faint|p1a: Kingambit
|-end|p1a: Kingambit|fallen5|[silent]
|
|win|ishowlarp
|raw|jushudawu's rating: 1327 &rarr; <strong>1309</strong><br />(-18 for losing)
|raw|ishowlarp's rating: 1367 &rarr; <strong>1385</strong><br />(+18 for winning)
|l|☆jushudawu
|player|p1|
|l|☆ishowlarp
|player|p2|
|j|☆jushudawu
|player|p1|jushudawu|steven-masters2|
