|j|☆deathprofessor21
|j|☆SSATFAW
|t:|1743785933
|gametype|singles
|player|p1|deathprofessor21|170|1354
|player|p2|SSATFAW|ghetsis|1343
|teamsize|p1|6
|teamsize|p2|6
|gen|9
|tier|[Gen 9] OU
|rated|
|rule|HP Percentage Mod: HP is shown in percentages
|rule|Endless Battle Clause: Forcing endless battles is banned
|rule|Species Clause: Limit one of each Pokémon
|rule|OHKO Clause: OHKO moves are banned
|rule|Evasion Items Clause: Evasion items are banned
|rule|Evasion Moves Clause: Evasion moves are banned
|rule|Sleep Moves Clause: Sleep-inducing moves are banned
|clearpoke
|poke|p1|Salazzle, F|
|poke|p1|Garganacl, M|
|poke|p1|Hippowdon, F|
|poke|p1|Corviknight, M|
|poke|p1|Hatterene, F|
|poke|p1|Clefable, F|
|poke|p2|Inteleon, F|
|poke|p2|Dragapult, M|
|poke|p2|Cinderace, M|
|poke|p2|Corviknight, F|
|poke|p2|Alomomola, F|
|poke|p2|Ting-Lu|
|teampreview
|inactive|Battle timer is ON: inactive players will automatically lose when time's up. (requested by deathprofessor21)
|
|t:|1743785955
|start
|switch|p1a: Hatterene|Hatterene, F|100/100
|switch|p2a: Inteleon|Inteleon, F|100/100
|turn|1
|
|t:|1743785962
|move|p2a: Inteleon|U-turn|p1a: Hatterene
|-damage|p1a: Hatterene|84/100
|
|t:|1743785965
|switch|p2a: Ting-Lu|Ting-Lu|100/100|[from] U-turn
|-ability|p2a: Ting-Lu|Vessel of Ruin
|move|p1a: Hatterene|Calm Mind|p1a: Hatterene
|-boost|p1a: Hatterene|spa|1
|-boost|p1a: Hatterene|spd|1
|
|upkeep
|turn|2
|
|t:|1743785976
|move|p1a: Hatterene|Draining Kiss|p2a: Ting-Lu
|-supereffective|p2a: Ting-Lu
|-damage|p2a: Ting-Lu|63/100
|-heal|p1a: Hatterene|100/100|[from] drain|[of] p2a: Ting-Lu
|move|p2a: Ting-Lu|Whirlwind|p1a: Hatterene
|move|p1a: Hatterene|Whirlwind|p2a: Ting-Lu|[from] ability: Magic Bounce
|drag|p2a: Corviknight|Corviknight, F|100/100
|-ability|p2a: Corviknight|Pressure
|
|upkeep
|turn|3
|
|t:|1743785991
|switch|p2a: Dragapult|Dragapult, M|100/100
|move|p1a: Hatterene|Mystical Fire|p2a: Dragapult
|-resisted|p2a: Dragapult
|-damage|p2a: Dragapult|68/100
|
|upkeep
|turn|4
|
|t:|1743786012
|-terastallize|p2a: Dragapult|Ghost
|move|p2a: Dragapult|Tera Blast|p1a: Hatterene|[anim] Tera Blast Ghost
|-supereffective|p1a: Hatterene
|-damage|p1a: Hatterene|0 fnt
|faint|p1a: Hatterene
|
|upkeep
|
|t:|1743786027
|switch|p1a: Garganacl|Garganacl, M|100/100
|turn|5
|inactive|SSATFAW has 120 seconds left.
|
|t:|1743786057
|switch|p2a: Ting-Lu|Ting-Lu|63/100
|-ability|p2a: Ting-Lu|Vessel of Ruin
|move|p1a: Garganacl|Salt Cure|p2a: Ting-Lu
|-resisted|p2a: Ting-Lu
|-damage|p2a: Ting-Lu|59/100
|-start|p2a: Ting-Lu|Salt Cure
|
|-heal|p2a: Ting-Lu|66/100|[from] item: Leftovers
|-damage|p2a: Ting-Lu|53/100|[from] Salt Cure
|upkeep
|turn|6
|inactive|SSATFAW has 120 seconds left.
|inactive|deathprofessor21 has 120 seconds left.
|inactive|SSATFAW has 90 seconds left.
|inactive|SSATFAW has 60 seconds left.
|inactive|SSATFAW has 30 seconds left.
|
|t:|1743786157
|switch|p1a: Hippowdon|Hippowdon, F|100/100
|-weather|Sandstorm|[from] ability: Sand Stream|[of] p1a: Hippowdon
|move|p2a: Ting-Lu|Stealth Rock|p1a: Hippowdon
|-sidestart|p1: deathprofessor21|move: Stealth Rock
|
|-weather|Sandstorm|[upkeep]
|-heal|p2a: Ting-Lu|59/100|[from] item: Leftovers
|-damage|p2a: Ting-Lu|47/100|[from] Salt Cure
|upkeep
|turn|7
|inactive|deathprofessor21 has 120 seconds left.
|inactive|SSATFAW has 30 seconds left.
|
|t:|1743786167
|switch|p2a: Alomomola|Alomomola, F|100/100
|move|p1a: Hippowdon|Stealth Rock|p2a: Alomomola
|-sidestart|p2: SSATFAW|move: Stealth Rock
|
|-weather|Sandstorm|[upkeep]
|-damage|p2a: Alomomola|94/100|[from] Sandstorm
|upkeep
|turn|8
|
|t:|1743786176
|move|p2a: Alomomola|Wish|p2a: Alomomola
|move|p1a: Hippowdon|Roar|p2a: Alomomola
|drag|p2a: Corviknight|Corviknight, F|100/100
|-damage|p2a: Corviknight|88/100|[from] Stealth Rock
|-ability|p2a: Corviknight|Pressure
|
|-weather|Sandstorm|[upkeep]
|upkeep
|turn|9
|
|t:|1743786186
|move|p2a: Corviknight|Defog|p1a: Hippowdon
|-unboost|p1a: Hippowdon|evasion|1
|-sideend|p1: deathprofessor21|Stealth Rock|[from] move: Defog|[of] p2a: Corviknight
|-sideend|p2: SSATFAW|Stealth Rock|[from] move: Defog|[of] p2a: Corviknight
|move|p1a: Hippowdon|Roar|p2a: Corviknight
|drag|p2a: Ting-Lu|Ting-Lu|47/100
|-ability|p2a: Ting-Lu|Vessel of Ruin
|
|-weather|Sandstorm|[upkeep]
|-heal|p2a: Ting-Lu|99/100|[from] move: Wish|[wisher] Alomomola
|-heal|p2a: Ting-Lu|100/100|[from] item: Leftovers
|upkeep
|turn|10
|
|t:|1743786205
|move|p1a: Hippowdon|Stealth Rock|p2a: Ting-Lu
|-sidestart|p2: SSATFAW|move: Stealth Rock
|move|p2a: Ting-Lu|Ruination|p1a: Hippowdon
|-damage|p1a: Hippowdon|50/100
|
|-weather|none
|upkeep
|turn|11
|
|t:|1743786213
|switch|p1a: Garganacl|Garganacl, M|100/100
|switch|p2a: Corviknight|Corviknight, F|88/100
|-damage|p2a: Corviknight|76/100|[from] Stealth Rock
|-ability|p2a: Corviknight|Pressure
|
|upkeep
|turn|12
|
|t:|1743786222
|move|p2a: Corviknight|Defog|p1a: Garganacl
|-unboost|p1a: Garganacl|evasion|1
|-sideend|p2: SSATFAW|Stealth Rock|[from] move: Defog|[of] p2a: Corviknight
|move|p1a: Garganacl|Salt Cure|p2a: Corviknight
|-damage|p2a: Corviknight|67/100
|-start|p2a: Corviknight|Salt Cure
|
|-damage|p2a: Corviknight|42/100|[from] Salt Cure
|upkeep
|turn|13
|
|t:|1743786232
|switch|p1a: Salazzle|Salazzle, F|100/100
|move|p2a: Corviknight|Roost|p2a: Corviknight
|-heal|p2a: Corviknight|92/100
|-singleturn|p2a: Corviknight|move: Roost
|
|-damage|p2a: Corviknight|67/100|[from] Salt Cure
|upkeep
|turn|14
|
|t:|1743786243
|switch|p2a: Alomomola|Alomomola, F|100/100
|move|p1a: Salazzle|Toxic|p2a: Alomomola
|-status|p2a: Alomomola|tox
|
|-damage|p2a: Alomomola|94/100 tox|[from] psn
|upkeep
|turn|15
|
|t:|1743786254
|switch|p1a: Hippowdon|Hippowdon, F|50/100
|-weather|Sandstorm|[from] ability: Sand Stream|[of] p1a: Hippowdon
|move|p2a: Alomomola|Flip Turn|p1a: Hippowdon
|-supereffective|p1a: Hippowdon
|-damage|p1a: Hippowdon|30/100
|-damage|p2a: Alomomola|78/100 tox|[from] item: Rocky Helmet|[of] p1a: Hippowdon
|
|t:|1743786262
|switch|p2a: Inteleon|Inteleon, F|100/100|[from] Flip Turn
|
|-weather|Sandstorm|[upkeep]
|-damage|p2a: Inteleon|94/100|[from] Sandstorm
|upkeep
|turn|16
|inactive|SSATFAW has 60 seconds left.
|inactive|SSATFAW has 30 seconds left.
|
|t:|1743786297
|switch|p1a: Clefable|Clefable, F|100/100
|move|p2a: Inteleon|Surf|p1a: Clefable
|-damage|p1a: Clefable|46/100
|
|-weather|Sandstorm|[upkeep]
|-damage|p2a: Inteleon|88/100|[from] Sandstorm
|-damage|p1a: Clefable|40/100|[from] Sandstorm
|-heal|p1a: Clefable|46/100|[from] item: Leftovers
|upkeep
|turn|17
|
|t:|1743786307
|move|p2a: Inteleon|Surf|p1a: Clefable
|-damage|p1a: Clefable|0 fnt
|faint|p1a: Clefable
|
|-weather|Sandstorm|[upkeep]
|-damage|p2a: Inteleon|82/100|[from] Sandstorm
|upkeep
|
|t:|1743786310
|switch|p1a: Garganacl|Garganacl, M|100/100
|turn|18
|
|t:|1743786316
|move|p2a: Inteleon|Surf|p1a: Garganacl
|-supereffective|p1a: Garganacl
|-damage|p1a: Garganacl|35/100
|move|p1a: Garganacl|Salt Cure|p2a: Inteleon
|-damage|p2a: Inteleon|54/100
|-start|p2a: Inteleon|Salt Cure
|
|-weather|Sandstorm|[upkeep]
|-damage|p2a: Inteleon|48/100|[from] Sandstorm
|-heal|p1a: Garganacl|41/100|[from] item: Leftovers
|-damage|p2a: Inteleon|23/100|[from] Salt Cure
|upkeep
|turn|19
|
|t:|1743786328
|switch|p2a: Alomomola|Alomomola, F|100/100 tox
|move|p1a: Garganacl|Protect||[still]
|-fail|p1a: Garganacl
|
|-weather|none
|-heal|p1a: Garganacl|48/100|[from] item: Leftovers
|-damage|p2a: Alomomola|94/100 tox|[from] psn
|upkeep
|turn|20
|
|t:|1743786340
|move|p2a: Alomomola|Flip Turn|p1a: Garganacl
|-supereffective|p1a: Garganacl
|-damage|p1a: Garganacl|24/100
|
|t:|1743786346
|switch|p2a: Ting-Lu|Ting-Lu|100/100|[from] Flip Turn
|-ability|p2a: Ting-Lu|Vessel of Ruin
|move|p1a: Garganacl|Recover|p1a: Garganacl
|-heal|p1a: Garganacl|74/100
|
|-heal|p1a: Garganacl|80/100|[from] item: Leftovers
|upkeep
|turn|21
|
|t:|1743786368
|move|p2a: Ting-Lu|Earthquake|p1a: Garganacl
|-supereffective|p1a: Garganacl
|-damage|p1a: Garganacl|29/100
|move|p1a: Garganacl|Salt Cure|p2a: Ting-Lu
|-resisted|p2a: Ting-Lu
|-damage|p2a: Ting-Lu|97/100
|-start|p2a: Ting-Lu|Salt Cure
|
|-heal|p2a: Ting-Lu|100/100|[from] item: Leftovers
|-heal|p1a: Garganacl|36/100|[from] item: Leftovers
|-damage|p2a: Ting-Lu|88/100|[from] Salt Cure
|upkeep
|turn|22
|
|t:|1743786380
|move|p1a: Garganacl|Protect|p1a: Garganacl
|-singleturn|p1a: Garganacl|Protect
|move|p2a: Ting-Lu|Stealth Rock|p1a: Garganacl
|-sidestart|p1: deathprofessor21|move: Stealth Rock
|
|-heal|p2a: Ting-Lu|94/100|[from] item: Leftovers
|-heal|p1a: Garganacl|42/100|[from] item: Leftovers
|-damage|p2a: Ting-Lu|82/100|[from] Salt Cure
|upkeep
|turn|23
|
|t:|1743786390
|switch|p2a: Alomomola|Alomomola, F|100/100 tox
|move|p1a: Garganacl|Recover|p1a: Garganacl
|-heal|p1a: Garganacl|92/100
|
|-heal|p1a: Garganacl|98/100|[from] item: Leftovers
|-damage|p2a: Alomomola|94/100 tox|[from] psn
|upkeep
|turn|24
|
|t:|1743786400
|move|p2a: Alomomola|Flip Turn|p1a: Garganacl
|-supereffective|p1a: Garganacl
|-damage|p1a: Garganacl|75/100
|
|t:|1743786403
|switch|p2a: Ting-Lu|Ting-Lu|82/100|[from] Flip Turn
|-ability|p2a: Ting-Lu|Vessel of Ruin
|move|p1a: Garganacl|Salt Cure|p2a: Ting-Lu
|-resisted|p2a: Ting-Lu
|-damage|p2a: Ting-Lu|78/100
|-start|p2a: Ting-Lu|Salt Cure
|
|-heal|p2a: Ting-Lu|84/100|[from] item: Leftovers
|-heal|p1a: Garganacl|81/100|[from] item: Leftovers
|-damage|p2a: Ting-Lu|72/100|[from] Salt Cure
|upkeep
|turn|25
|
|t:|1743786420
|move|p2a: Ting-Lu|Earthquake|p1a: Garganacl
|-supereffective|p1a: Garganacl
|-damage|p1a: Garganacl|29/100
|move|p1a: Garganacl|Curse|p1a: Garganacl
|-unboost|p1a: Garganacl|spe|1
|-boost|p1a: Garganacl|atk|1
|-boost|p1a: Garganacl|def|1
|
|-heal|p2a: Ting-Lu|78/100|[from] item: Leftovers
|-heal|p1a: Garganacl|36/100|[from] item: Leftovers
|-damage|p2a: Ting-Lu|66/100|[from] Salt Cure
|upkeep
|turn|26
|
|t:|1743786432
|move|p1a: Garganacl|Recover|p1a: Garganacl
|-heal|p1a: Garganacl|86/100
|move|p2a: Ting-Lu|Whirlwind|p1a: Garganacl
|drag|p1a: Salazzle|Salazzle, F|100/100
|
|-heal|p2a: Ting-Lu|72/100|[from] item: Leftovers
|-damage|p2a: Ting-Lu|59/100|[from] Salt Cure
|upkeep
|turn|27
|
|t:|1743786444
|switch|p2a: Alomomola|Alomomola, F|100/100 tox
|move|p1a: Salazzle|Substitute|p1a: Salazzle
|-start|p1a: Salazzle|Substitute
|-damage|p1a: Salazzle|76/100
|
|-damage|p2a: Alomomola|94/100 tox|[from] psn
|upkeep
|turn|28
|
|t:|1743786452
|move|p1a: Salazzle|Nasty Plot|p1a: Salazzle
|-boost|p1a: Salazzle|spa|2
|move|p2a: Alomomola|Wish|p2a: Alomomola
|
|-damage|p2a: Alomomola|82/100 tox|[from] psn
|upkeep
|turn|29
|inactive|SSATFAW has 60 seconds left.
|
|t:|1743786462
|move|p1a: Salazzle|Flamethrower|p2a: Alomomola
|-resisted|p2a: Alomomola
|-damage|p2a: Alomomola|42/100 tox
|move|p2a: Alomomola|Flip Turn|p1a: Salazzle
|-supereffective|p1a: Salazzle
|-end|p1a: Salazzle|Substitute
|inactive|SSATFAW has 60 seconds left.
|
|t:|1743786469
|switch|p2a: Inteleon|Inteleon, F|23/100|[from] Flip Turn
|
|-heal|p2a: Inteleon|100/100|[from] move: Wish|[wisher] Alomomola
|upkeep
|turn|30
|
|t:|1743786478
|switch|p1a: Hippowdon|Hippowdon, F|30/100
|-damage|p1a: Hippowdon|24/100|[from] Stealth Rock
|-weather|Sandstorm|[from] ability: Sand Stream|[of] p1a: Hippowdon
|move|p2a: Inteleon|Surf|p1a: Hippowdon
|-supereffective|p1a: Hippowdon
|-damage|p1a: Hippowdon|0 fnt
|faint|p1a: Hippowdon
|
|-weather|Sandstorm|[upkeep]
|-damage|p2a: Inteleon|94/100|[from] Sandstorm
|upkeep
|
|t:|1743786485
|switch|p1a: Garganacl|Garganacl, M|86/100
|-damage|p1a: Garganacl|73/100|[from] Stealth Rock
|turn|31
|
|t:|1743786493
|-terastallize|p1a: Garganacl|Ghost
|move|p2a: Inteleon|Surf|p1a: Garganacl
|-damage|p1a: Garganacl|27/100
|move|p1a: Garganacl|Salt Cure|p2a: Inteleon
|-damage|p2a: Inteleon|69/100
|-start|p2a: Inteleon|Salt Cure
|
|-weather|Sandstorm|[upkeep]
|-damage|p2a: Inteleon|63/100|[from] Sandstorm
|-damage|p1a: Garganacl|21/100|[from] Sandstorm
|-heal|p1a: Garganacl|27/100|[from] item: Leftovers
|-damage|p2a: Inteleon|38/100|[from] Salt Cure
|upkeep
|turn|32
|
|t:|1743786507
|move|p1a: Garganacl|Protect|p1a: Garganacl
|-singleturn|p1a: Garganacl|Protect
|move|p2a: Inteleon|Surf|p1a: Garganacl
|-activate|p1a: Garganacl|move: Protect
|
|-weather|Sandstorm|[upkeep]
|-damage|p2a: Inteleon|32/100|[from] Sandstorm
|-damage|p1a: Garganacl|21/100|[from] Sandstorm
|-heal|p1a: Garganacl|27/100|[from] item: Leftovers
|-damage|p2a: Inteleon|7/100|[from] Salt Cure
|upkeep
|turn|33
|
|t:|1743786519
|switch|p2a: Alomomola|Alomomola, F|75/100 tox
|move|p1a: Garganacl|Recover|p1a: Garganacl
|-heal|p1a: Garganacl|77/100
|
|-weather|Sandstorm|[upkeep]
|-damage|p2a: Alomomola|69/100 tox|[from] Sandstorm
|-damage|p1a: Garganacl|71/100|[from] Sandstorm
|-heal|p1a: Garganacl|77/100|[from] item: Leftovers
|-damage|p2a: Alomomola|62/100 tox|[from] psn
|upkeep
|turn|34
|
|t:|1743786532
|move|p2a: Alomomola|Flip Turn|p1a: Garganacl
|-damage|p1a: Garganacl|66/100
|
|t:|1743786535
|switch|p2a: Ting-Lu|Ting-Lu|59/100|[from] Flip Turn
|-ability|p2a: Ting-Lu|Vessel of Ruin
|move|p1a: Garganacl|Salt Cure|p2a: Ting-Lu
|-resisted|p2a: Ting-Lu
|-damage|p2a: Ting-Lu|56/100
|-start|p2a: Ting-Lu|Salt Cure
|
|-weather|none
|-heal|p2a: Ting-Lu|62/100|[from] item: Leftovers
|-heal|p1a: Garganacl|72/100|[from] item: Leftovers
|-damage|p2a: Ting-Lu|49/100|[from] Salt Cure
|upkeep
|turn|35
|
|t:|1743786549
|move|p1a: Garganacl|Curse|p2a: Ting-Lu
|-start|p2a: Ting-Lu|Curse|[of] p1a: Garganacl
|-damage|p1a: Garganacl|22/100
|move|p2a: Ting-Lu|Whirlwind|p1a: Garganacl
|drag|p1a: Salazzle|Salazzle, F|76/100
|
|-heal|p2a: Ting-Lu|56/100|[from] item: Leftovers
|-damage|p2a: Ting-Lu|31/100|[from] Curse
|-damage|p2a: Ting-Lu|18/100|[from] Salt Cure
|upkeep
|turn|36
|
|t:|1743786561
|switch|p1a: Garganacl|Garganacl, M, tera:Ghost|22/100
|-damage|p1a: Garganacl|9/100|[from] Stealth Rock
|switch|p2a: Alomomola|Alomomola, F|96/100 tox
|
|-heal|p1a: Garganacl|16/100|[from] item: Leftovers
|-damage|p2a: Alomomola|90/100 tox|[from] psn
|upkeep
|turn|37
|
|t:|1743786572
|move|p2a: Alomomola|Wish|p2a: Alomomola
|move|p1a: Garganacl|Recover|p1a: Garganacl
|-heal|p1a: Garganacl|66/100
|
|-heal|p1a: Garganacl|72/100|[from] item: Leftovers
|-damage|p2a: Alomomola|77/100 tox|[from] psn
|upkeep
|turn|38
|
|t:|1743786581
|switch|p2a: Ting-Lu|Ting-Lu|18/100
|-ability|p2a: Ting-Lu|Vessel of Ruin
|move|p1a: Garganacl|Salt Cure|p2a: Ting-Lu
|-resisted|p2a: Ting-Lu
|-damage|p2a: Ting-Lu|15/100
|-start|p2a: Ting-Lu|Salt Cure
|
|-heal|p2a: Ting-Lu|67/100|[from] move: Wish|[wisher] Alomomola
|-heal|p2a: Ting-Lu|73/100|[from] item: Leftovers
|-heal|p1a: Garganacl|78/100|[from] item: Leftovers
|-damage|p2a: Ting-Lu|60/100|[from] Salt Cure
|upkeep
|turn|39
|inactive|SSATFAW has 90 seconds left.
|
|t:|1743786595
|switch|p2a: Alomomola|Alomomola, F|100/100 tox
|switch|p1a: Salazzle|Salazzle, F|76/100
|
|-damage|p2a: Alomomola|94/100 tox|[from] psn
|upkeep
|turn|40
|inactive|SSATFAW has 90 seconds left.
|
|t:|1743786604
|move|p1a: Salazzle|Substitute|p1a: Salazzle
|-start|p1a: Salazzle|Substitute
|-damage|p1a: Salazzle|51/100
|move|p2a: Alomomola|Wish|p2a: Alomomola
|
|-damage|p2a: Alomomola|82/100 tox|[from] psn
|upkeep
|turn|41
|
|t:|1743786611
|move|p1a: Salazzle|Nasty Plot|p1a: Salazzle
|-boost|p1a: Salazzle|spa|2
|move|p2a: Alomomola|Flip Turn|p1a: Salazzle
|-supereffective|p1a: Salazzle
|-end|p1a: Salazzle|Substitute
|
|t:|1743786617
|switch|p2a: Inteleon|Inteleon, F|7/100|[from] Flip Turn
|
|-heal|p2a: Inteleon|100/100|[from] move: Wish|[wisher] Alomomola
|upkeep
|turn|42
|
|t:|1743786624
|move|p2a: Inteleon|Surf|p1a: Salazzle
|-supereffective|p1a: Salazzle
|-damage|p1a: Salazzle|0 fnt
|faint|p1a: Salazzle
|
|upkeep
|
|t:|1743786627
|switch|p1a: Garganacl|Garganacl, M, tera:Ghost|78/100
|-damage|p1a: Garganacl|66/100|[from] Stealth Rock
|turn|43
|
|t:|1743786633
|move|p2a: Inteleon|Surf|p1a: Garganacl
|-crit|p1a: Garganacl
|-damage|p1a: Garganacl|4/100
|move|p1a: Garganacl|Salt Cure|p2a: Inteleon
|-damage|p2a: Inteleon|75/100
|-start|p2a: Inteleon|Salt Cure
|
|-heal|p1a: Garganacl|10/100|[from] item: Leftovers
|-damage|p2a: Inteleon|50/100|[from] Salt Cure
|upkeep
|turn|44
|
|t:|1743786644
|switch|p2a: Dragapult|Dragapult, M, tera:Ghost|68/100
|move|p1a: Garganacl|Protect||[still]
|-fail|p1a: Garganacl
|
|-heal|p1a: Garganacl|16/100|[from] item: Leftovers
|upkeep
|turn|45
|
|t:|1743786652
|move|p2a: Dragapult|Tera Blast|p1a: Garganacl|[anim] Tera Blast Ghost
|-supereffective|p1a: Garganacl
|-damage|p1a: Garganacl|0 fnt
|faint|p1a: Garganacl
|
|upkeep
|
|t:|1743786655
|switch|p1a: Corviknight|Corviknight, M|100/100
|-damage|p1a: Corviknight|88/100|[from] Stealth Rock
|turn|46
|
|t:|1743786661
|move|p2a: Dragapult|Tera Blast|p1a: Corviknight|[anim] Tera Blast Ghost
|-damage|p1a: Corviknight|20/100
|move|p1a: Corviknight|Bulk Up|p1a: Corviknight
|-boost|p1a: Corviknight|atk|1
|-boost|p1a: Corviknight|def|1
|
|-heal|p1a: Corviknight|26/100|[from] item: Leftovers
|upkeep
|turn|47
|
|t:|1743786670
|move|p2a: Dragapult|Tera Blast|p1a: Corviknight|[anim] Tera Blast Ghost
|-damage|p1a: Corviknight|0 fnt
|faint|p1a: Corviknight
|
|win|SSATFAW
|raw|deathprofessor21's rating: 1354 &rarr; <strong>1333</strong><br />(-21 for losing)
|raw|SSATFAW's rating: 1343 &rarr; <strong>1364</strong><br />(+21 for winning)
|c|☆SSATFAW|Gg
