|j|☆air555
|j|☆LT02
|t:|1743833026
|gametype|singles
|player|p1|air555|red|1161
|player|p2|LT02|265|1194
|teamsize|p1|6
|teamsize|p2|6
|gen|9
|tier|[Gen 9] OU
|rated|
|rule|HP Percentage Mod: HP is shown in percentages
|rule|Endless Battle Clause: Forcing endless battles is banned
|rule|Species Clause: Limit one of each Pokémon
|rule|OHKO Clause: OHKO moves are banned
|rule|Evasion Items Clause: Evasion items are banned
|rule|Evasion Moves Clause: Evasion moves are banned
|rule|Sleep Moves Clause: Sleep-inducing moves are banned
|clearpoke
|poke|p1|Araquanid, F|
|poke|p1|Ogerpon-Cornerstone, F|
|poke|p1|Sceptile, M|
|poke|p1|Great Tusk|
|poke|p1|Gholdengo|
|poke|p1|Rotom-Heat|
|poke|p2|Samurott-Hisui, F|
|poke|p2|Walking Wake|
|poke|p2|Meowscarada, M|
|poke|p2|Slowking-Galar, M|
|poke|p2|Great Tusk|
|poke|p2|Landorus-Therian, M|
|teampreview
|inactive|Battle timer is ON: inactive players will automatically lose when time's up. (requested by LT02)
|
|t:|1743833039
|start
|switch|p1a: Araquanid|Araquanid, F|100/100
|switch|p2a: Samurott|Samurott-Hisui, F|100/100
|turn|1
|
|t:|1743833051
|move|p2a: Samurott|Ceaseless Edge|p1a: Araquanid|[miss]
|-miss|p2a: Samurott|p1a: Araquanid
|move|p1a: Araquanid|Sticky Web|p2a: Samurott
|-sidestart|p2: LT02|move: Sticky Web
|
|upkeep
|turn|2
|
|t:|1743833069
|switch|p2a: Great Tusk|Great Tusk|100/100
|-activate|p2a: Great Tusk|move: Sticky Web
|-unboost|p2a: Great Tusk|spe|1
|switch|p1a: Rotom|Rotom-Heat|100/100
|
|upkeep
|turn|3
|
|t:|1743833080
|switch|p1a: Gholdengo|Gholdengo|100/100
|-item|p1a: Gholdengo|Air Balloon
|move|p2a: Great Tusk|Rapid Spin|p1a: Gholdengo
|-immune|p1a: Gholdengo
|
|upkeep
|turn|4
|
|t:|1743833099
|-end|p2a: Great Tusk|Protosynthesis|[silent]
|switch|p2a: Walking Wake|Walking Wake|100/100
|-activate|p2a: Walking Wake|move: Sticky Web
|-unboost|p2a: Walking Wake|spe|1
|move|p1a: Gholdengo|Make It Rain|p2a: Walking Wake
|-resisted|p2a: Walking Wake
|-damage|p2a: Walking Wake|79/100
|-unboost|p1a: Gholdengo|spa|1
|
|upkeep
|turn|5
|inactive|air555 has 120 seconds left.
|
|t:|1743833128
|move|p1a: Gholdengo|Thunder Wave|p2a: Walking Wake
|-status|p2a: Walking Wake|par
|move|p2a: Walking Wake|Flip Turn|p1a: Gholdengo
|-damage|p1a: Gholdengo|85/100
|-enditem|p1a: Gholdengo|Air Balloon
|
|t:|1743833138
|-end|p2a: Walking Wake|Protosynthesis|[silent]
|switch|p2a: Great Tusk|Great Tusk|100/100|[from] Flip Turn
|-activate|p2a: Great Tusk|move: Sticky Web
|-unboost|p2a: Great Tusk|spe|1
|
|upkeep
|turn|6
|inactive|air555 has 120 seconds left.
|
|t:|1743833159
|switch|p1a: Rotom|Rotom-Heat|100/100
|move|p2a: Great Tusk|Headlong Rush|p1a: Rotom
|-immune|p1a: Rotom|[from] ability: Levitate
|
|upkeep
|turn|7
|
|t:|1743833188
|move|p1a: Rotom|Will-O-Wisp|p2a: Great Tusk
|-status|p2a: Great Tusk|brn
|move|p2a: Great Tusk|Knock Off|p1a: Rotom
|-damage|p1a: Rotom|80/100
|-enditem|p1a: Rotom|Leftovers|[from] move: Knock Off|[of] p2a: Great Tusk
|
|-damage|p2a: Great Tusk|94/100 brn|[from] brn
|upkeep
|turn|8
|-message|LT02 forfeited.
|
|win|air555
|raw|air555's rating: 1161 &rarr; <strong>1188</strong><br />(+27 for winning)
|raw|LT02's rating: 1194 &rarr; <strong>1167</strong><br />(-27 for losing)
|l|☆LT02
|player|p2|
|l|☆air555
|player|p1|
