|j|☆Dr. Drake6782
|j|☆RenegadeArtUtube
|t:|1743797304
|gametype|singles
|player|p1|Dr. Drake6782|lance-lgpe|1537
|player|p2|RenegadeArtUtube|gambler|1554
|teamsize|p1|6
|teamsize|p2|6
|gen|9
|tier|[Gen 9] OU
|rated|
|rule|HP Percentage Mod: HP is shown in percentages
|rule|Endless Battle Clause: Forcing endless battles is banned
|rule|Species Clause: Limit one of each Pokémon
|rule|OHKO Clause: OHKO moves are banned
|rule|Evasion Items Clause: Evasion items are banned
|rule|Evasion Moves Clause: Evasion moves are banned
|rule|Sleep Moves Clause: Sleep-inducing moves are banned
|clearpoke
|poke|p1|Dragonite, M|
|poke|p1|Ting-Lu|
|poke|p1|Gholdengo|
|poke|p1|Iron Valiant|
|poke|p1|Zamazenta-*|
|poke|p1|Kingambit, M|
|poke|p2|Blaziken, M|
|poke|p2|Ninetales-Alola, F|
|poke|p2|Polteageist-Antique|
|poke|p2|Hatterene, F|
|poke|p2|Raging Bolt|
|poke|p2|Landorus-Therian, M|
|teampreview
|inactive|Battle timer is ON: inactive players will automatically lose when time's up. (requested by Dr. Drake6782)
|j| jere.jeaa
|
|t:|1743797320
|start
|switch|p1a: Kingambit|Kingambit, M|100/100
|switch|p2a: Landorus|Landorus-Therian, M|100/100
|-ability|p2a: Landorus|Intimidate|boost
|-unboost|p1a: Kingambit|atk|1
|turn|1
|
|t:|1743797328
|-end|p1a: Kingambit|fallenundefined|[silent]
|switch|p1a: Gholdengo|Gholdengo|100/100
|-item|p1a: Gholdengo|Air Balloon
|move|p2a: Landorus|U-turn|p1a: Gholdengo
|-resisted|p1a: Gholdengo
|-damage|p1a: Gholdengo|94/100
|-enditem|p1a: Gholdengo|Air Balloon
|inactive|RenegadeArtUtube has 120 seconds left.
|
|t:|1743797369
|switch|p2a: Ninetales|Ninetales-Alola, F|100/100|[from] U-turn
|-weather|Snowscape|[from] ability: Snow Warning|[of] p2a: Ninetales
|
|-weather|Snowscape|[upkeep]
|upkeep
|turn|2
|l| jere.jeaa
|inactive|Dr. Drake6782 has 120 seconds left.
|
|t:|1743797409
|move|p2a: Ninetales|Aurora Veil|p2a: Ninetales
|-sidestart|p2: RenegadeArtUtube|move: Aurora Veil
|move|p1a: Gholdengo|Make It Rain|p2a: Ninetales
|-supereffective|p2a: Ninetales
|-damage|p2a: Ninetales|0 fnt
|-unboost|p1a: Gholdengo|spa|1
|faint|p2a: Ninetales
|
|-weather|Snowscape|[upkeep]
|upkeep
|
|t:|1743797431
|switch|p2a: Blaziken|Blaziken, M, shiny|100/100
|turn|3
|inactive|Dr. Drake6782 has 120 seconds left.
|inactive|Dr. Drake6782 has 90 seconds left.
|
|t:|1743797495
|switch|p1a: Dragonite|Dragonite, M|100/100
|move|p2a: Blaziken|Swords Dance|p2a: Blaziken
|-boost|p2a: Blaziken|atk|2
|
|-weather|Snowscape|[upkeep]
|-ability|p2a: Blaziken|Speed Boost|boost
|-boost|p2a: Blaziken|spe|1
|upkeep
|turn|4
|
|t:|1743797512
|move|p2a: Blaziken|Knock Off|p1a: Dragonite
|-crit|p1a: Dragonite
|-damage|p1a: Dragonite|47/100
|-enditem|p1a: Dragonite|Heavy-Duty Boots|[from] move: Knock Off|[of] p2a: Blaziken
|move|p1a: Dragonite|Encore|p2a: Blaziken
|-start|p2a: Blaziken|Encore
|
|-weather|Snowscape|[upkeep]
|-ability|p2a: Blaziken|Speed Boost|boost
|-boost|p2a: Blaziken|spe|1
|upkeep
|turn|5
|
|t:|1743797523
|move|p2a: Blaziken|Knock Off|p1a: Dragonite
|-damage|p1a: Dragonite|0 fnt
|faint|p1a: Dragonite
|
|-weather|none
|-ability|p2a: Blaziken|Speed Boost|boost
|-boost|p2a: Blaziken|spe|1
|upkeep
|
|t:|1743797530
|switch|p1a: Iron Valiant|Iron Valiant|100/100
|-enditem|p1a: Iron Valiant|Booster Energy
|-activate|p1a: Iron Valiant|ability: Quark Drive|[fromitem]
|-start|p1a: Iron Valiant|quarkdrivespe
|turn|6
|
|t:|1743797536
|move|p2a: Blaziken|Knock Off|p1a: Iron Valiant
|-resisted|p1a: Iron Valiant
|-damage|p1a: Iron Valiant|87/100
|move|p1a: Iron Valiant|Moonblast|p2a: Blaziken
|-damage|p2a: Blaziken|65/100
|-unboost|p2a: Blaziken|spa|1
|
|-ability|p2a: Blaziken|Speed Boost|boost
|-boost|p2a: Blaziken|spe|1
|upkeep
|turn|7
|inactive|RenegadeArtUtube has 120 seconds left.
|
|t:|1743797546
|move|p2a: Blaziken|Knock Off|p1a: Iron Valiant
|-resisted|p1a: Iron Valiant
|-damage|p1a: Iron Valiant|74/100
|move|p1a: Iron Valiant|Moonblast|p2a: Blaziken
|-damage|p2a: Blaziken|29/100
|
|-end|p2a: Blaziken|Encore
|-ability|p2a: Blaziken|Speed Boost|boost
|-boost|p2a: Blaziken|spe|1
|upkeep
|turn|8
|inactive|RenegadeArtUtube has 120 seconds left.
|inactive|Dr. Drake6782 has 90 seconds left.
|
|t:|1743797559
|-end|p1a: Iron Valiant|Quark Drive|[silent]
|switch|p1a: Gholdengo|Gholdengo|94/100
|move|p2a: Blaziken|Blaze Kick|p1a: Gholdengo
|-supereffective|p1a: Gholdengo
|-crit|p1a: Gholdengo
|-damage|p1a: Gholdengo|0 fnt
|faint|p1a: Gholdengo
|
|-ability|p2a: Blaziken|Speed Boost|boost
|-boost|p2a: Blaziken|spe|1
|upkeep
|inactive|Dr. Drake6782 has 90 seconds left.
|
|t:|1743797565
|switch|p1a: Ting-Lu|Ting-Lu|100/100
|-ability|p1a: Ting-Lu|Vessel of Ruin
|turn|9
|
|t:|1743797575
|-terastallize|p1a: Ting-Lu|Poison
|move|p2a: Blaziken|Knock Off|p1a: Ting-Lu
|-damage|p1a: Ting-Lu|63/100
|-enditem|p1a: Ting-Lu|Red Card|[from] move: Knock Off|[of] p2a: Blaziken
|move|p1a: Ting-Lu|Earthquake|p2a: Blaziken
|-supereffective|p2a: Blaziken
|-damage|p2a: Blaziken|0 fnt
|faint|p2a: Blaziken
|
|-sideend|p2: RenegadeArtUtube|move: Aurora Veil
|upkeep
|inactive|RenegadeArtUtube has 120 seconds left.
|
|t:|1743797594
|switch|p2a: Landorus|Landorus-Therian, M|100/100
|-ability|p2a: Landorus|Intimidate|boost
|-unboost|p1a: Ting-Lu|atk|1
|turn|10
|inactive|RenegadeArtUtube has 120 seconds left.
|
|t:|1743797620
|switch|p1a: Iron Valiant|Iron Valiant|74/100
|move|p2a: Landorus|Earthquake|p1a: Iron Valiant
|-damage|p1a: Iron Valiant|0 fnt
|faint|p1a: Iron Valiant
|-end|p1a: Iron Valiant|Quark Drive|[silent]
|
|upkeep
|inactive|Dr. Drake6782 has 90 seconds left.
|
|t:|1743797649
|switch|p1a: Zamazenta|Zamazenta|100/100
|-ability|p1a: Zamazenta|Dauntless Shield|boost
|-boost|p1a: Zamazenta|def|1
|turn|11
|
|t:|1743797655
|switch|p2a: Hatterene|Hatterene, F, shiny|100/100
|move|p1a: Zamazenta|Howl|p1a: Zamazenta
|-boost|p1a: Zamazenta|atk|1
|
|upkeep
|turn|12
|inactive|Dr. Drake6782 has 90 seconds left.
|
|t:|1743797674
|switch|p1a: Ting-Lu|Ting-Lu, tera:Poison|63/100
|-ability|p1a: Ting-Lu|Vessel of Ruin
|move|p2a: Hatterene|Future Sight|p1a: Ting-Lu
|-start|p2a: Hatterene|move: Future Sight
|
|upkeep
|turn|13
|inactive|RenegadeArtUtube has 120 seconds left.
|
|t:|1743797686
|switch|p2a: Landorus|Landorus-Therian, M|100/100
|-ability|p2a: Landorus|Intimidate|boost
|-unboost|p1a: Ting-Lu|atk|1
|move|p1a: Ting-Lu|Earthquake|p2a: Landorus
|-immune|p2a: Landorus
|
|upkeep
|turn|14
|inactive|RenegadeArtUtube has 120 seconds left.
|inactive|Dr. Drake6782 has 90 seconds left.
|
|t:|1743797719
|switch|p1a: Zamazenta|Zamazenta|100/100
|move|p2a: Landorus|Stealth Rock|p1a: Zamazenta
|-sidestart|p1: Dr. Drake6782|move: Stealth Rock
|
|-end|p1a: Zamazenta|move: Future Sight
|-supereffective|p1a: Zamazenta
|-damage|p1a: Zamazenta|0 fnt
|faint|p1a: Zamazenta
|upkeep
|
|t:|1743797723
|switch|p1a: Kingambit|Kingambit, M|100/100
|-damage|p1a: Kingambit|94/100|[from] Stealth Rock
|-activate|p1a: Kingambit|ability: Supreme Overlord
|-start|p1a: Kingambit|fallen4|[silent]
|turn|15
|inactive|RenegadeArtUtube has 120 seconds left.
|
|t:|1743797746
|-terastallize|p2a: Landorus|Ground
|move|p2a: Landorus|Earthquake|p1a: Kingambit
|-supereffective|p1a: Kingambit
|-damage|p1a: Kingambit|0 fnt
|faint|p1a: Kingambit
|-end|p1a: Kingambit|fallen4|[silent]
|
|upkeep
|inactive|Dr. Drake6782 has 90 seconds left.
|c|☆RenegadeArtUtube|GG
|inactive|Dr. Drake6782 has 60 seconds left.
|inactive|Dr. Drake6782 has 30 seconds left.
|
|t:|1743797812
|switch|p1a: Ting-Lu|Ting-Lu, tera:Poison|63/100
|-damage|p1a: Ting-Lu|51/100|[from] Stealth Rock
|-ability|p1a: Ting-Lu|Vessel of Ruin
|turn|16
|-message|Dr. Drake6782 forfeited.
|
|win|RenegadeArtUtube
|raw|Dr. Drake6782's rating: 1537 &rarr; <strong>1518</strong><br />(-19 for losing)
|raw|RenegadeArtUtube's rating: 1554 &rarr; <strong>1573</strong><br />(+19 for winning)
|l|☆Dr. Drake6782
|player|p1|
|j| Vast.White.Snow
