|j|☆grannykisser666
|j|☆ric2000
|t:|1743913084
|gametype|singles
|player|p1|grannykisser666|brycen|1119
|player|p2|ric2000|265|1083
|teamsize|p1|6
|teamsize|p2|6
|gen|9
|tier|[Gen 9] OU
|rated|
|rule|HP Percentage Mod: HP is shown in percentages
|rule|Endless Battle Clause: Forcing endless battles is banned
|rule|Species Clause: Limit one of each Pokémon
|rule|OHKO Clause: OHKO moves are banned
|rule|Evasion Items Clause: Evasion items are banned
|rule|Evasion Moves Clause: Evasion moves are banned
|rule|Sleep Moves Clause: Sleep-inducing moves are banned
|clearpoke
|poke|p1|Avalugg, F|
|poke|p1|Ambipom, M|
|poke|p1|Heracross, M|
|poke|p1|Raichu, F|
|poke|p1|Exeggutor-Alola, M|
|poke|p1|Espeon, M|
|poke|p2|Primarina, F|
|poke|p2|Typhlosion, F|
|poke|p2|Dragonite, F|
|poke|p2|Magnezone|
|poke|p2|Torkoal, M|
|poke|p2|Mudsdale, F|
|teampreview
|
|t:|1743913103
|start
|switch|p1a: Ambipom|Ambipom, M|100/100
|switch|p2a: Torkoal|Torkoal, M|100/100
|-weather|SunnyDay|[from] ability: Drought|[of] p2a: Torkoal
|turn|1
|
|t:|1743913114
|move|p1a: Ambipom|Switcheroo|p2a: Torkoal
|-activate|p1a: Ambipom|move: Trick|[of] p2a: Torkoal
|-item|p2a: Torkoal|Choice Scarf|[from] move: Switcheroo
|-item|p1a: Ambipom|Heat Rock|[from] move: Switcheroo
|move|p2a: Torkoal|Stealth Rock|p1a: Ambipom
|-sidestart|p1: grannykisser666|move: Stealth Rock
|
|-weather|SunnyDay|[upkeep]
|upkeep
|turn|2
|
|t:|1743913132
|switch|p2a: Typhlosion|Typhlosion, F|100/100
|-singleturn|p1a: Ambipom|move: Focus Punch
|move|p1a: Ambipom|Focus Punch|p2a: Typhlosion
|-damage|p2a: Typhlosion|35/100
|
|-weather|SunnyDay|[upkeep]
|upkeep
|turn|3
|
|t:|1743913153
|move|p1a: Ambipom|Double-Edge|p2a: Typhlosion
|-damage|p2a: Typhlosion|0 fnt
|faint|p2a: Typhlosion
|-damage|p1a: Ambipom|89/100|[from] Recoil
|
|-weather|SunnyDay|[upkeep]
|upkeep
|
|t:|1743913160
|switch|p2a: Mudsdale|Mudsdale, F|100/100
|turn|4
|
|t:|1743913165
|move|p1a: Ambipom|Triple Axel|p2a: Mudsdale
|-supereffective|p2a: Mudsdale
|-damage|p2a: Mudsdale|87/100
|-supereffective|p2a: Mudsdale
|-damage|p2a: Mudsdale|56/100
|-supereffective|p2a: Mudsdale
|-damage|p2a: Mudsdale|12/100
|-hitcount|p2a: Mudsdale|3
|move|p2a: Mudsdale|Earthquake|p1a: Ambipom
|-damage|p1a: Ambipom|0 fnt
|faint|p1a: Ambipom
|-damage|p2a: Mudsdale|2/100|[from] item: Life Orb
|
|-weather|SunnyDay|[upkeep]
|upkeep
|
|t:|1743913173
|switch|p1a: Avalugg|Avalugg, F|100/100
|-damage|p1a: Avalugg|76/100|[from] Stealth Rock
|turn|5
|
|t:|1743913177
|move|p2a: Mudsdale|Curse|p2a: Mudsdale
|-unboost|p2a: Mudsdale|spe|1
|-boost|p2a: Mudsdale|atk|1
|-boost|p2a: Mudsdale|def|1
|move|p1a: Avalugg|Iron Defense|p1a: Avalugg
|-boost|p1a: Avalugg|def|2
|
|-weather|SunnyDay|[upkeep]
|upkeep
|turn|6
|
|t:|1743913190
|move|p1a: Avalugg|Crunch|p2a: Mudsdale
|-damage|p2a: Mudsdale|0 fnt
|faint|p2a: Mudsdale
|
|-weather|SunnyDay|[upkeep]
|upkeep
|
|t:|1743913200
|switch|p2a: Torkoal|Torkoal, M|100/100
|turn|7
|
|t:|1743913218
|move|p2a: Torkoal|Fire Blast|p1a: Avalugg
|-supereffective|p1a: Avalugg
|-damage|p1a: Avalugg|0 fnt
|faint|p1a: Avalugg
|
|-weather|SunnyDay|[upkeep]
|upkeep
|
|t:|1743913227
|switch|p1a: Espeon|Espeon, M|100/100
|-damage|p1a: Espeon|88/100|[from] Stealth Rock
|turn|8
|
|t:|1743913232
|move|p1a: Espeon|Calm Mind|p1a: Espeon
|-boost|p1a: Espeon|spa|1
|-boost|p1a: Espeon|spd|1
|move|p2a: Torkoal|Fire Blast|p1a: Espeon
|-damage|p1a: Espeon|46/100
|
|-weather|none
|-heal|p1a: Espeon|52/100|[from] item: Leftovers
|upkeep
|turn|9
|
|t:|1743913241
|move|p1a: Espeon|Psychic|p2a: Torkoal
|-damage|p2a: Torkoal|0 fnt
|faint|p2a: Torkoal
|
|-heal|p1a: Espeon|58/100|[from] item: Leftovers
|upkeep
|
|t:|1743913252
|switch|p2a: Magnezone|Magnezone|100/100
|-item|p2a: Magnezone|Air Balloon
|turn|10
|
|t:|1743913264
|move|p2a: Magnezone|Thunderbolt|p1a: Espeon
|-damage|p1a: Espeon|13/100
|move|p1a: Espeon|Roar|p2a: Magnezone
|drag|p2a: Dragonite|Dragonite, F|100/100
|
|-heal|p1a: Espeon|19/100|[from] item: Leftovers
|upkeep
|turn|11
|
|t:|1743913271
|move|p2a: Dragonite|Extreme Speed|p1a: Espeon
|-damage|p1a: Espeon|0 fnt
|faint|p1a: Espeon
|
|upkeep
|
|t:|1743913280
|switch|p1a: Exeggutor|Exeggutor-Alola, M|100/100
|-damage|p1a: Exeggutor|88/100|[from] Stealth Rock
|turn|12
|
|t:|1743913285
|move|p2a: Dragonite|Fly||[still]
|-prepare|p2a: Dragonite|Fly
|move|p1a: Exeggutor|Leech Seed|p2a: Dragonite|[miss]
|-miss|p1a: Exeggutor|p2a: Dragonite
|
|upkeep
|turn|13
|
|t:|1743913294
|move|p1a: Exeggutor|Protect|p1a: Exeggutor
|-singleturn|p1a: Exeggutor|Protect
|move|p2a: Dragonite|Fly|p1a: Exeggutor|[from] lockedmove
|-activate|p1a: Exeggutor|move: Protect
|
|upkeep
|turn|14
|
|t:|1743913297
|move|p2a: Dragonite|Fly||[still]
|-prepare|p2a: Dragonite|Fly
|move|p1a: Exeggutor|Substitute|p1a: Exeggutor
|-start|p1a: Exeggutor|Substitute
|-damage|p1a: Exeggutor|63/100
|
|upkeep
|turn|15
|
|t:|1743913301
|move|p2a: Dragonite|Fly|p1a: Exeggutor|[from] lockedmove
|-supereffective|p1a: Exeggutor
|-end|p1a: Exeggutor|Substitute
|move|p1a: Exeggutor|Leech Seed|p2a: Dragonite|[miss]
|-miss|p1a: Exeggutor|p2a: Dragonite
|
|upkeep
|turn|16
|
|t:|1743913312
|move|p2a: Dragonite|Extreme Speed|p1a: Exeggutor
|-damage|p1a: Exeggutor|42/100
|-enditem|p1a: Exeggutor|Sitrus Berry|[eat]
|-heal|p1a: Exeggutor|67/100|[from] item: Sitrus Berry
|move|p1a: Exeggutor|Leech Seed|p2a: Dragonite
|-start|p2a: Dragonite|move: Leech Seed
|
|-damage|p2a: Dragonite|88/100|[from] Leech Seed|[of] p1a: Exeggutor
|-heal|p1a: Exeggutor|77/100|[silent]
|-item|p1a: Exeggutor|Sitrus Berry|[from] ability: Harvest
|upkeep
|turn|17
|
|t:|1743913323
|move|p2a: Dragonite|Fly||[still]
|-prepare|p2a: Dragonite|Fly
|move|p1a: Exeggutor|Substitute|p1a: Exeggutor
|-start|p1a: Exeggutor|Substitute
|-damage|p1a: Exeggutor|52/100
|
|-damage|p2a: Dragonite|76/100|[from] Leech Seed|[of] p1a: Exeggutor
|-heal|p1a: Exeggutor|62/100|[silent]
|upkeep
|turn|18
|
|t:|1743913330
|move|p1a: Exeggutor|Protect|p1a: Exeggutor
|-singleturn|p1a: Exeggutor|Protect
|move|p2a: Dragonite|Fly|p1a: Exeggutor|[from] lockedmove
|-activate|p1a: Exeggutor|move: Protect
|
|-damage|p2a: Dragonite|63/100|[from] Leech Seed|[of] p1a: Exeggutor
|-heal|p1a: Exeggutor|73/100|[silent]
|upkeep
|turn|19
|
|t:|1743913338
|switch|p2a: Primarina|Primarina, F|100/100
|-item|p2a: Primarina|Air Balloon
|move|p1a: Exeggutor|Flamethrower|p2a: Primarina
|-resisted|p2a: Primarina
|-damage|p2a: Primarina|91/100
|-enditem|p2a: Primarina|Air Balloon
|
|upkeep
|turn|20
|
|t:|1743913348
|move|p2a: Primarina|Protect|p2a: Primarina
|-singleturn|p2a: Primarina|Protect
|move|p1a: Exeggutor|Leech Seed|p2a: Primarina
|-activate|p2a: Primarina|move: Protect
|
|upkeep
|turn|21
|
|t:|1743913354
|move|p2a: Primarina|Perish Song|p2a: Primarina
|-start|p1a: Exeggutor|perish3|[silent]
|-start|p2a: Primarina|perish3|[silent]
|-fieldactivate|move: Perish Song
|move|p1a: Exeggutor|Leech Seed|p2a: Primarina
|-start|p2a: Primarina|move: Leech Seed
|
|-damage|p2a: Primarina|79/100|[from] Leech Seed|[of] p1a: Exeggutor
|-heal|p1a: Exeggutor|84/100|[silent]
|-start|p2a: Primarina|perish3
|-start|p1a: Exeggutor|perish3
|upkeep
|turn|22
|
|t:|1743913363
|switch|p1a: Heracross|Heracross, M|100/100
|-damage|p1a: Heracross|88/100|[from] Stealth Rock
|move|p2a: Primarina|Protect||[still]
|-fail|p2a: Primarina
|
|-damage|p2a: Primarina|66/100|[from] Leech Seed|[of] p1a: Heracross
|-heal|p1a: Heracross|100/100|[silent]
|-start|p2a: Primarina|perish2
|upkeep
|turn|23
|
|t:|1743913371
|switch|p2a: Dragonite|Dragonite, F|63/100
|move|p1a: Heracross|Trailblaze|p2a: Dragonite
|-resisted|p2a: Dragonite
|-damage|p2a: Dragonite|59/100
|-boost|p1a: Heracross|spe|1
|
|upkeep
|turn|24
|
|t:|1743913374
|move|p1a: Heracross|Rock Blast|p2a: Dragonite
|-supereffective|p2a: Dragonite
|-damage|p2a: Dragonite|40/100
|-supereffective|p2a: Dragonite
|-damage|p2a: Dragonite|21/100
|-supereffective|p2a: Dragonite
|-damage|p2a: Dragonite|3/100
|-supereffective|p2a: Dragonite
|-damage|p2a: Dragonite|0 fnt
|faint|p2a: Dragonite
|-ability|p1a: Heracross|Moxie|boost
|-boost|p1a: Heracross|atk|1
|-hitcount|p2: Dragonite|4
|
|upkeep
|
|t:|1743913387
|switch|p2a: Magnezone|Magnezone|100/100
|-item|p2a: Magnezone|Air Balloon
|turn|25
|
|t:|1743913392
|move|p1a: Heracross|Close Combat|p2a: Magnezone
|-supereffective|p2a: Magnezone
|-damage|p2a: Magnezone|0 fnt
|-unboost|p1a: Heracross|def|1
|-unboost|p1a: Heracross|spd|1
|-enditem|p2a: Magnezone|Air Balloon
|faint|p2a: Magnezone
|-ability|p1a: Heracross|Moxie|boost
|-boost|p1a: Heracross|atk|1
|
|upkeep
|
|t:|1743913395
|switch|p2a: Primarina|Primarina, F|66/100
|turn|26
|
|t:|1743913398
|move|p1a: Heracross|Trailblaze|p2a: Primarina
|-supereffective|p2a: Primarina
|-damage|p2a: Primarina|0 fnt
|-boost|p1a: Heracross|spe|1
|faint|p2a: Primarina
|
|win|grannykisser666
|raw|grannykisser666's rating: 1119 &rarr; <strong>1141</strong><br />(+22 for winning)
|raw|ric2000's rating: 1083 &rarr; <strong>1063</strong><br />(-20 for losing)
|l|☆ric2000
|player|p2|
|l|☆grannykisser666
|player|p1|
