|j|☆flyindog
|j|☆ChrisSweeps
|t:|1743802246
|gametype|singles
|player|p1|flyindog|hilbert|1325
|player|p2|ChrisSweeps|veteran|1372
|teamsize|p1|6
|teamsize|p2|6
|gen|9
|tier|[Gen 9] OU
|rated|
|rule|HP Percentage Mod: HP is shown in percentages
|rule|Endless Battle Clause: Forcing endless battles is banned
|rule|Species Clause: Limit one of each Pokémon
|rule|OHKO Clause: OHKO moves are banned
|rule|Evasion Items Clause: Evasion items are banned
|rule|Evasion Moves Clause: Evasion moves are banned
|rule|Sleep Moves Clause: Sleep-inducing moves are banned
|clearpoke
|poke|p1|Torkoal, M|
|poke|p1|Great Tusk|
|poke|p1|Slither Wing|
|poke|p1|Venusaur, F|
|poke|p1|Walking Wake|
|poke|p1|Heatran, F|
|poke|p2|Blaziken, M|
|poke|p2|Raging Bolt|
|poke|p2|Great Tusk|
|poke|p2|Dragapult, M|
|poke|p2|Dragonite, M|
|poke|p2|Glimmora, M|
|teampreview
|inactive|Battle timer is ON: inactive players will automatically lose when time's up. (requested by ChrisSweeps)
|
|t:|1743802264
|start
|switch|p1a: Spicy Oogway|Torkoal, M|100/100
|switch|p2a: Blaziken|Blaziken, M, shiny|100/100
|-weather|SunnyDay|[from] ability: Drought|[of] p1a: Spicy Oogway
|turn|1
|
|t:|1743802272
|move|p2a: Blaziken|Swords Dance|p2a: Blaziken
|-boost|p2a: Blaziken|atk|2
|move|p1a: Spicy Oogway|Earthquake|p2a: Blaziken
|-supereffective|p2a: Blaziken
|-damage|p2a: Blaziken|35/100
|
|-weather|SunnyDay|[upkeep]
|-heal|p2a: Blaziken|41/100|[from] item: Leftovers
|-ability|p2a: Blaziken|Speed Boost|boost
|-boost|p2a: Blaziken|spe|1
|upkeep
|turn|2
|
|t:|1743802298
|switch|p1a: tailed beast|Walking Wake|100/100
|-activate|p1a: tailed beast|ability: Protosynthesis
|-start|p1a: tailed beast|protosynthesisspe
|move|p2a: Blaziken|Protect||[still]
|-fail|p2a: Blaziken
|
|-weather|SunnyDay|[upkeep]
|-heal|p2a: Blaziken|47/100|[from] item: Leftovers
|-ability|p2a: Blaziken|Speed Boost|boost
|-boost|p2a: Blaziken|spe|1
|upkeep
|turn|3
|c|☆ChrisSweeps|u couldve stayed in cuz torkoal lives
|
|t:|1743802319
|move|p2a: Blaziken|Protect|p2a: Blaziken
|-singleturn|p2a: Blaziken|Protect
|move|p1a: tailed beast|Hydro Steam|p2a: Blaziken
|-activate|p2a: Blaziken|move: Protect
|
|-weather|SunnyDay|[upkeep]
|-heal|p2a: Blaziken|53/100|[from] item: Leftovers
|-ability|p2a: Blaziken|Speed Boost|boost
|-boost|p2a: Blaziken|spe|1
|upkeep
|turn|4
|
|t:|1743802329
|move|p2a: Blaziken|Close Combat|p1a: tailed beast
|-damage|p1a: tailed beast|0 fnt
|-unboost|p2a: Blaziken|def|1
|-unboost|p2a: Blaziken|spd|1
|faint|p1a: tailed beast
|-end|p1a: tailed beast|Protosynthesis|[silent]
|
|-weather|SunnyDay|[upkeep]
|-heal|p2a: Blaziken|59/100|[from] item: Leftovers
|-ability|p2a: Blaziken|Speed Boost|boost
|-boost|p2a: Blaziken|spe|1
|upkeep
|
|t:|1743802336
|switch|p1a: Dentist|Great Tusk|100/100
|-activate|p1a: Dentist|ability: Protosynthesis
|-start|p1a: Dentist|protosynthesisspe
|turn|5
|
|t:|1743802344
|move|p2a: Blaziken|Flare Blitz|p1a: Dentist
|-damage|p1a: Dentist|0 fnt
|faint|p1a: Dentist
|-end|p1a: Dentist|Protosynthesis|[silent]
|-damage|p2a: Blaziken|11/100|[from] Recoil
|
|-weather|SunnyDay|[upkeep]
|-heal|p2a: Blaziken|17/100|[from] item: Leftovers
|-ability|p2a: Blaziken|Speed Boost|boost
|-boost|p2a: Blaziken|spe|1
|upkeep
|
|t:|1743802347
|switch|p1a: fasta toad|Venusaur, F|100/100
|turn|6
|c|☆ChrisSweeps|ggs fr blaziken wins this
|
|t:|1743802358
|-terastallize|p1a: fasta toad|Fire
|move|p2a: Blaziken|Protect|p2a: Blaziken
|-singleturn|p2a: Blaziken|Protect
|move|p1a: fasta toad|Sludge Bomb|p2a: Blaziken
|-activate|p2a: Blaziken|move: Protect
|
|-weather|SunnyDay|[upkeep]
|-heal|p2a: Blaziken|23/100|[from] item: Leftovers
|-ability|p2a: Blaziken|Speed Boost|boost
|-boost|p2a: Blaziken|spe|1
|upkeep
|turn|7
|c|☆ChrisSweeps|i knew u was tera fire
|
|t:|1743802371
|switch|p1a: Bug MMA|Slither Wing|100/100
|-activate|p1a: Bug MMA|ability: Protosynthesis
|-start|p1a: Bug MMA|protosynthesisatk
|move|p2a: Blaziken|Close Combat|p1a: Bug MMA
|-resisted|p1a: Bug MMA
|-damage|p1a: Bug MMA|27/100
|-unboost|p2a: Blaziken|def|1
|-unboost|p2a: Blaziken|spd|1
|
|-weather|SunnyDay|[upkeep]
|-heal|p2a: Blaziken|29/100|[from] item: Leftovers
|upkeep
|turn|8
|
|t:|1743802383
|move|p1a: Bug MMA|First Impression|p2a: Blaziken
|-resisted|p2a: Blaziken
|-damage|p2a: Blaziken|0 fnt
|faint|p2a: Blaziken
|
|-weather|none
|-end|p1a: Bug MMA|Protosynthesis
|upkeep
|c|☆ChrisSweeps|forgot abt that ngl
|
|t:|1743802394
|switch|p2a: Raging Bolt|Raging Bolt|100/100
|turn|9
|
|t:|1743802398
|-end|p1a: Bug MMA|Protosynthesis|[silent]
|switch|p1a: Spicy Oogway|Torkoal, M|100/100
|-weather|SunnyDay|[from] ability: Drought|[of] p1a: Spicy Oogway
|-activate|p2a: Raging Bolt|ability: Protosynthesis
|-start|p2a: Raging Bolt|protosynthesisspa
|move|p2a: Raging Bolt|Calm Mind|p2a: Raging Bolt
|-boost|p2a: Raging Bolt|spa|1
|-boost|p2a: Raging Bolt|spd|1
|
|-weather|SunnyDay|[upkeep]
|upkeep
|turn|10
|
|t:|1743802408
|move|p2a: Raging Bolt|Thunderbolt|p1a: Spicy Oogway
|-damage|p1a: Spicy Oogway|0 fnt
|faint|p1a: Spicy Oogway
|
|-weather|SunnyDay|[upkeep]
|upkeep
|
|t:|1743802412
|switch|p1a: fasta toad|Venusaur, F, tera:Fire|100/100
|turn|11
|
|t:|1743802419
|move|p1a: fasta toad|Growth|p1a: fasta toad
|-boost|p1a: fasta toad|atk|2
|-boost|p1a: fasta toad|spa|2
|move|p2a: Raging Bolt|Thunderbolt|p1a: fasta toad
|-damage|p1a: fasta toad|0 fnt
|faint|p1a: fasta toad
|
|-weather|SunnyDay|[upkeep]
|upkeep
|-message|flyindog forfeited.
|
|win|ChrisSweeps
|raw|flyindog's rating: 1325 &rarr; <strong>1308</strong><br />(-17 for losing)
|raw|ChrisSweeps's rating: 1372 &rarr; <strong>1389</strong><br />(+17 for winning)
|l|☆flyindog
|player|p1|
|c|☆ChrisSweeps|i one shot all lol
