|j|☆kate10956
|j|☆manutrattt
|t:|1743797844
|gametype|singles
|player|p1|kate10956|birdkeeper-gen4dp|1300
|player|p2|manutrattt|li|1275
|teamsize|p1|6
|teamsize|p2|6
|gen|9
|tier|[Gen 9] OU
|rated|
|rule|HP Percentage Mod: HP is shown in percentages
|rule|Endless Battle Clause: Forcing endless battles is banned
|rule|Species Clause: Limit one of each Pokémon
|rule|OHKO Clause: OHKO moves are banned
|rule|Evasion Items Clause: Evasion items are banned
|rule|Evasion Moves Clause: Evasion moves are banned
|rule|Sleep Moves Clause: Sleep-inducing moves are banned
|clearpoke
|poke|p1|Arcanine-Hisui, F|
|poke|p1|Blastoise, F|
|poke|p1|Mamoswine, F|
|poke|p1|Zarude|
|poke|p1|Infernape, F|
|poke|p1|Toedscruel, M|
|poke|p2|Ninetales-Alola, M|
|poke|p2|Chandelure, M|
|poke|p2|Metagross|
|poke|p2|Lurantis, F|
|poke|p2|Gastrodon-East, M|
|poke|p2|Salamence, F|
|teampreview
|
|t:|1743797861
|start
|switch|p1a: Arcanine|Arcanine-Hisui, F|100/100
|switch|p2a: Ninetales|Ninetales-Alola, M|100/100
|-weather|Snowscape|[from] ability: Snow Warning|[of] p2a: Ninetales
|turn|1
|
|t:|1743797871
|move|p2a: Ninetales|Aurora Veil|p2a: Ninetales
|-sidestart|p2: manutrattt|move: Aurora Veil
|move|p1a: Arcanine|Stealth Rock|p2a: Ninetales
|-sidestart|p2: manutrattt|move: Stealth Rock
|
|-weather|Snowscape|[upkeep]
|upkeep
|turn|2
|
|t:|1743797878
|switch|p2a: Gastrodon|Gastrodon-East, M|100/100
|-damage|p2a: Gastrodon|94/100|[from] Stealth Rock
|move|p1a: Arcanine|Head Smash|p2a: Gastrodon
|-resisted|p2a: Gastrodon
|-damage|p2a: Gastrodon|81/100
|-damage|p1a: Arcanine|84/100|[from] item: Rocky Helmet|[of] p2a: Gastrodon
|
|-weather|Snowscape|[upkeep]
|upkeep
|turn|3
|
|t:|1743797891
|switch|p1a: Toedscruel|Toedscruel, M|100/100
|move|p2a: Gastrodon|Stealth Rock|p1a: Toedscruel
|-sidestart|p1: kate10956|move: Stealth Rock
|
|-weather|Snowscape|[upkeep]
|upkeep
|turn|4
|
|t:|1743797896
|switch|p2a: Lurantis|Lurantis, F, shiny|100/100
|move|p1a: Toedscruel|Stun Spore|p2a: Lurantis
|-immune|p2a: Lurantis
|
|-weather|Snowscape|[upkeep]
|upkeep
|turn|5
|
|t:|1743797901
|move|p1a: Toedscruel|Rapid Spin|p2a: Lurantis
|-damage|p2a: Lurantis|96/100
|-boost|p1a: Toedscruel|spe|1
|-sideend|p1: kate10956|Stealth Rock|[from] move: Rapid Spin|[of] p1a: Toedscruel
|move|p2a: Lurantis|Defog|p1a: Toedscruel
|-unboost|p1a: Toedscruel|evasion|1
|-sideend|p2: manutrattt|Stealth Rock|[from] move: Defog|[of] p2a: Lurantis
|
|-weather|none
|upkeep
|turn|6
|
|t:|1743797908
|switch|p1a: Arcanine|Arcanine-Hisui, F|84/100
|move|p2a: Lurantis|Leaf Storm|p1a: Arcanine
|-damage|p1a: Arcanine|41/100
|-boost|p2a: Lurantis|spa|2
|
|upkeep
|turn|7
|
|t:|1743797926
|switch|p2a: Chandelure|Chandelure, M, shiny|100/100
|move|p1a: Arcanine|Head Smash|p2a: Chandelure
|-supereffective|p2a: Chandelure
|-damage|p2a: Chandelure|0 fnt
|faint|p2a: Chandelure
|
|upkeep
|
|t:|1743797941
|switch|p2a: Gastrodon|Gastrodon-East, M|81/100
|turn|8
|
|t:|1743797946
|move|p1a: Arcanine|Stealth Rock|p2a: Gastrodon
|-sidestart|p2: manutrattt|move: Stealth Rock
|move|p2a: Gastrodon|Surf|p1a: Arcanine
|-supereffective|p1a: Arcanine
|-damage|p1a: Arcanine|0 fnt
|faint|p1a: Arcanine
|
|-sideend|p2: manutrattt|move: Aurora Veil
|upkeep
|
|t:|1743797956
|switch|p1a: Zarude|Zarude|100/100
|turn|9
|
|t:|1743797977
|switch|p2a: Lurantis|Lurantis, F, shiny|96/100
|move|p1a: Zarude|Knock Off|p2a: Lurantis
|-damage|p2a: Lurantis|24/100
|-enditem|p2a: Lurantis|Heavy-Duty Boots|[from] move: Knock Off|[of] p1a: Zarude
|
|upkeep
|turn|10
|
|t:|1743797987
|move|p1a: Zarude|Knock Off|p2a: Lurantis
|-damage|p2a: Lurantis|0 fnt
|faint|p2a: Lurantis
|
|upkeep
|
|t:|1743797993
|switch|p2a: Ninetales|Ninetales-Alola, M|100/100
|-damage|p2a: Ninetales|76/100|[from] Stealth Rock
|-weather|Snowscape|[from] ability: Snow Warning|[of] p2a: Ninetales
|turn|11
|
|t:|1743797998
|move|p2a: Ninetales|Aurora Veil|p2a: Ninetales
|-sidestart|p2: manutrattt|move: Aurora Veil
|move|p1a: Zarude|Knock Off|p2a: Ninetales
|-resisted|p2a: Ninetales
|-damage|p2a: Ninetales|61/100
|-enditem|p2a: Ninetales|Light Clay|[from] move: Knock Off|[of] p1a: Zarude
|
|-weather|Snowscape|[upkeep]
|upkeep
|turn|12
|
|t:|1743798005
|switch|p1a: Mamoswine|Mamoswine, F|100/100
|move|p2a: Ninetales|Draining Kiss|p1a: Mamoswine
|-damage|p1a: Mamoswine|91/100
|-heal|p2a: Ninetales|69/100|[from] drain|[of] p1a: Mamoswine
|
|-weather|Snowscape|[upkeep]
|upkeep
|turn|13
|
|t:|1743798018
|move|p2a: Ninetales|Freeze-Dry|p1a: Mamoswine
|-damage|p1a: Mamoswine|84/100
|move|p1a: Mamoswine|Trailblaze|p2a: Ninetales
|-damage|p2a: Ninetales|61/100
|-boost|p1a: Mamoswine|spe|1
|
|-weather|Snowscape|[upkeep]
|upkeep
|turn|14
|
|t:|1743798036
|switch|p2a: Metagross|Metagross|100/100
|-damage|p2a: Metagross|94/100|[from] Stealth Rock
|move|p1a: Mamoswine|Earthquake|p2a: Metagross
|-supereffective|p2a: Metagross
|-damage|p2a: Metagross|54/100
|
|-weather|Snowscape|[upkeep]
|upkeep
|turn|15
|
|t:|1743798048
|-terastallize|p2a: Metagross|Dark
|move|p1a: Mamoswine|Earthquake|p2a: Metagross
|-damage|p2a: Metagross|33/100
|move|p2a: Metagross|Knock Off|p1a: Mamoswine
|-damage|p1a: Mamoswine|31/100
|-enditem|p1a: Mamoswine|Assault Vest|[from] move: Knock Off|[of] p2a: Metagross
|-damage|p2a: Metagross|23/100|[from] item: Life Orb
|
|-weather|none
|upkeep
|turn|16
|
|t:|1743798058
|move|p2a: Metagross|Bullet Punch|p1a: Mamoswine
|-supereffective|p1a: Mamoswine
|-damage|p1a: Mamoswine|0 fnt
|faint|p1a: Mamoswine
|-damage|p2a: Metagross|13/100|[from] item: Life Orb
|
|upkeep
|
|t:|1743798062
|switch|p1a: Infernape|Infernape, F|100/100
|turn|17
|
|t:|1743798068
|move|p1a: Infernape|Vacuum Wave|p2a: Metagross
|-supereffective|p2a: Metagross
|-damage|p2a: Metagross|0 fnt
|faint|p2a: Metagross
|
|upkeep
|
|t:|1743798080
|switch|p2a: Gastrodon|Gastrodon-East, M|81/100
|-damage|p2a: Gastrodon|75/100|[from] Stealth Rock
|turn|18
|
|t:|1743798085
|switch|p1a: Toedscruel|Toedscruel, M|100/100
|move|p2a: Gastrodon|Surf|p1a: Toedscruel
|-crit|p1a: Toedscruel
|-damage|p1a: Toedscruel|67/100
|
|-sideend|p2: manutrattt|move: Aurora Veil
|upkeep
|turn|19
|
|t:|1743798091
|move|p2a: Gastrodon|Recover|p2a: Gastrodon
|-heal|p2a: Gastrodon|100/100
|move|p1a: Toedscruel|Stun Spore|p2a: Gastrodon
|-status|p2a: Gastrodon|par
|
|upkeep
|turn|20
|
|t:|1743798099
|switch|p2a: Salamence|Salamence, F|100/100
|-damage|p2a: Salamence|75/100|[from] Stealth Rock
|move|p1a: Toedscruel|Stun Spore|p2a: Salamence
|-status|p2a: Salamence|par
|-enditem|p2a: Salamence|Lum Berry|[eat]
|-curestatus|p2a: Salamence|par|[msg]
|
|upkeep
|turn|21
|
|t:|1743798112
|move|p2a: Salamence|Dual Wingbeat|p1a: Toedscruel
|-supereffective|p1a: Toedscruel
|-damage|p1a: Toedscruel|13/100
|-supereffective|p1a: Toedscruel
|-crit|p1a: Toedscruel
|-damage|p1a: Toedscruel|0 fnt
|faint|p1a: Toedscruel
|-ability|p2a: Salamence|Moxie|boost
|-boost|p2a: Salamence|atk|1
|-hitcount|p1: Toedscruel|2
|
|upkeep
|
|t:|1743798126
|switch|p1a: Zarude|Zarude|100/100
|turn|22
|
|t:|1743798153
|-terastallize|p1a: Zarude|Dark
|move|p1a: Zarude|Knock Off|p2a: Salamence
|-damage|p2a: Salamence|0 fnt
|faint|p2a: Salamence
|
|upkeep
|
|t:|1743798159
|switch|p2a: Ninetales|Ninetales-Alola, M|61/100
|-damage|p2a: Ninetales|36/100|[from] Stealth Rock
|-weather|Snowscape|[from] ability: Snow Warning|[of] p2a: Ninetales
|turn|23
|
|t:|1743798163
|move|p2a: Ninetales|Aurora Veil|p2a: Ninetales
|-sidestart|p2: manutrattt|move: Aurora Veil
|move|p1a: Zarude|Knock Off|p2a: Ninetales
|-resisted|p2a: Ninetales
|-damage|p2a: Ninetales|22/100
|
|-weather|Snowscape|[upkeep]
|upkeep
|turn|24
|
|t:|1743798170
|move|p2a: Ninetales|Draining Kiss|p1a: Zarude
|-supereffective|p1a: Zarude
|-damage|p1a: Zarude|70/100
|-heal|p2a: Ninetales|45/100|[from] drain|[of] p1a: Zarude
|move|p1a: Zarude|Knock Off|p2a: Ninetales
|-resisted|p2a: Ninetales
|-damage|p2a: Ninetales|33/100
|
|-weather|Snowscape|[upkeep]
|upkeep
|turn|25
|
|t:|1743798174
|switch|p1a: Infernape|Infernape, F|100/100
|move|p2a: Ninetales|Nasty Plot|p2a: Ninetales
|-boost|p2a: Ninetales|spa|2
|
|-weather|Snowscape|[upkeep]
|upkeep
|turn|26
|
|t:|1743798178
|move|p2a: Ninetales|Draining Kiss|p1a: Infernape
|-damage|p1a: Infernape|57/100
|-heal|p2a: Ninetales|60/100|[from] drain|[of] p1a: Infernape
|move|p1a: Infernape|Flamethrower|p2a: Ninetales
|-supereffective|p2a: Ninetales
|-damage|p2a: Ninetales|17/100
|
|-weather|Snowscape|[upkeep]
|upkeep
|turn|27
|
|t:|1743798183
|move|p2a: Ninetales|Draining Kiss|p1a: Infernape
|-damage|p1a: Infernape|15/100
|-heal|p2a: Ninetales|43/100|[from] drain|[of] p1a: Infernape
|move|p1a: Infernape|Flamethrower|p2a: Ninetales
|-supereffective|p2a: Ninetales
|-damage|p2a: Ninetales|0 fnt
|faint|p2a: Ninetales
|
|-weather|none
|-sideend|p2: manutrattt|move: Aurora Veil
|upkeep
|
|t:|1743798186
|switch|p2a: Gastrodon|Gastrodon-East, M|100/100 par
|-damage|p2a: Gastrodon|94/100 par|[from] Stealth Rock
|turn|28
|
|t:|1743798191
|move|p1a: Infernape|Endeavor|p2a: Gastrodon
|-damage|p2a: Gastrodon|11/100 par
|-damage|p1a: Infernape|0 fnt|[from] item: Rocky Helmet|[of] p2a: Gastrodon
|faint|p1a: Infernape
|move|p2a: Gastrodon|Surf|p1: Infernape|[notarget]
|-fail|p2a: Gastrodon
|
|upkeep
|
|t:|1743798194
|switch|p1a: Zarude|Zarude, tera:Dark|70/100
|turn|29
|
|t:|1743798206
|move|p1a: Zarude|Knock Off|p2a: Gastrodon
|-damage|p2a: Gastrodon|0 fnt
|-damage|p1a: Zarude|53/100|[from] item: Rocky Helmet|[of] p2a: Gastrodon
|-enditem|p2a: Gastrodon|Rocky Helmet|[from] move: Knock Off|[of] p1a: Zarude
|faint|p2a: Gastrodon
|
|win|kate10956
|raw|kate10956's rating: 1300 &rarr; <strong>1323</strong><br />(+23 for winning)
|raw|manutrattt's rating: 1275 &rarr; <strong>1252</strong><br />(-23 for losing)
|l|☆kate10956
|player|p1|
|l|☆manutrattt
|player|p2|
