|j|☆Nayotake
|j|☆Baby Monster MAGA
|t:|1743815869
|gametype|singles
|player|p1|Nayotake|leon|1378
|player|p2|Baby Monster MAGA|102|1379
|teamsize|p1|6
|teamsize|p2|6
|gen|9
|tier|[Gen 9] OU
|rated|
|rule|HP Percentage Mod: HP is shown in percentages
|rule|Endless Battle Clause: Forcing endless battles is banned
|rule|Species Clause: Limit one of each Pokémon
|rule|OHKO Clause: OHKO moves are banned
|rule|Evasion Items Clause: Evasion items are banned
|rule|Evasion Moves Clause: Evasion moves are banned
|rule|Sleep Moves Clause: Sleep-inducing moves are banned
|clearpoke
|poke|p1|Eelektross, F|
|poke|p1|Tinkaton, F|
|poke|p1|Quaquaval, F|
|poke|p1|Darkrai|
|poke|p1|Moltres|
|poke|p1|Garchomp, M|
|poke|p2|Torkoal, M|
|poke|p2|Rillaboom, M|
|poke|p2|Sandy Shocks|
|poke|p2|Great Tusk|
|poke|p2|Venusaur, M|
|poke|p2|Tinkaton, F|
|teampreview
|inactive|Battle timer is ON: inactive players will automatically lose when time's up. (requested by Baby Monster MAGA)
|
|t:|1743815887
|start
|switch|p1a: Moltres|Moltres|100/100
|switch|p2a: Torkoal|Torkoal, M|100/100
|-weather|SunnyDay|[from] ability: Drought|[of] p2a: Torkoal
|turn|1
|
|t:|1743815899
|move|p1a: Moltres|Flamethrower|p2a: Torkoal
|-resisted|p2a: Torkoal
|-damage|p2a: Torkoal|53/100
|move|p2a: Torkoal|Stealth Rock|p1a: Moltres
|-sidestart|p1: Nayotake|move: Stealth Rock
|
|-weather|SunnyDay|[upkeep]
|upkeep
|turn|2
|
|t:|1743815917
|switch|p2a: Rillaboom|Rillaboom, M|100/100
|-fieldstart|move: Grassy Terrain|[from] ability: Grassy Surge|[of] p2a: Rillaboom
|move|p1a: Moltres|Flamethrower|p2a: Rillaboom
|-supereffective|p2a: Rillaboom
|-damage|p2a: Rillaboom|0 fnt
|faint|p2a: Rillaboom
|
|-weather|SunnyDay|[upkeep]
|upkeep
|
|t:|1743815923
|switch|p2a: Sandy Shocks|Sandy Shocks|100/100
|-activate|p2a: Sandy Shocks|ability: Protosynthesis
|-start|p2a: Sandy Shocks|protosynthesisspe
|turn|3
|
|t:|1743815931
|switch|p1a: Eelektross|Eelektross, F|100/100
|-damage|p1a: Eelektross|88/100|[from] Stealth Rock
|move|p2a: Sandy Shocks|Spikes|p1a: Eelektross
|-sidestart|p1: Nayotake|Spikes
|
|-weather|SunnyDay|[upkeep]
|-heal|p1a: Eelektross|94/100|[from] item: Leftovers
|upkeep
|turn|4
|
|t:|1743815939
|-end|p2a: Sandy Shocks|Protosynthesis|[silent]
|switch|p2a: Tinkaton|Tinkaton, F|100/100
|-item|p2a: Tinkaton|Air Balloon
|move|p1a: Eelektross|Knock Off|p2a: Tinkaton
|-resisted|p2a: Tinkaton
|-damage|p2a: Tinkaton|87/100
|-enditem|p2a: Tinkaton|Air Balloon
|-enditem|p1a: Eelektross|Leftovers|[silent]|[from] ability: Pickpocket|[of] p1a: Eelektross
|-item|p2a: Tinkaton|Leftovers|[from] ability: Pickpocket|[of] p1a: Eelektross
|
|-weather|SunnyDay|[upkeep]
|-heal|p2a: Tinkaton|93/100|[from] Grassy Terrain
|-heal|p2a: Tinkaton|99/100|[from] item: Leftovers
|upkeep
|turn|5
|
|t:|1743815958
|switch|p1a: Quaquaval|Quaquaval, F|100/100
|-damage|p1a: Quaquaval|94/100|[from] Stealth Rock
|-damage|p1a: Quaquaval|82/100|[from] Spikes
|move|p2a: Tinkaton|Gigaton Hammer|p1a: Quaquaval
|-resisted|p1a: Quaquaval
|-damage|p1a: Quaquaval|55/100
|
|-weather|SunnyDay|[upkeep]
|-heal|p2a: Tinkaton|100/100|[from] Grassy Terrain
|-heal|p1a: Quaquaval|61/100|[from] Grassy Terrain
|upkeep
|turn|6
|
|t:|1743815966
|switch|p2a: Venusaur|Venusaur, M|100/100
|move|p1a: Quaquaval|Rapid Spin|p2a: Venusaur
|-damage|p2a: Venusaur|77/100
|-boost|p1a: Quaquaval|spe|1
|-sideend|p1: Nayotake|Spikes|[from] move: Rapid Spin|[of] p1a: Quaquaval
|-sideend|p1: Nayotake|Stealth Rock|[from] move: Rapid Spin|[of] p1a: Quaquaval
|
|-weather|SunnyDay|[upkeep]
|-heal|p2a: Venusaur|83/100|[from] Grassy Terrain
|-heal|p1a: Quaquaval|67/100|[from] Grassy Terrain
|-fieldend|move: Grassy Terrain
|upkeep
|turn|7
|
|t:|1743815978
|switch|p2a: Sandy Shocks|Sandy Shocks|100/100
|-activate|p2a: Sandy Shocks|ability: Protosynthesis
|-start|p2a: Sandy Shocks|protosynthesisspe
|switch|p1a: Tinkaton|Tinkaton, F|100/100
|-item|p1a: Tinkaton|Air Balloon
|
|-weather|SunnyDay|[upkeep]
|upkeep
|turn|8
|
|t:|1743815984
|switch|p1a: Eelektross|Eelektross, F|94/100
|move|p2a: Sandy Shocks|Stealth Rock|p1a: Eelektross
|-sidestart|p1: Nayotake|move: Stealth Rock
|
|-weather|none
|-end|p2a: Sandy Shocks|Protosynthesis
|upkeep
|-enditem|p2a: Sandy Shocks|Booster Energy
|-activate|p2a: Sandy Shocks|ability: Protosynthesis|[fromitem]
|-start|p2a: Sandy Shocks|protosynthesisspe
|turn|9
|
|t:|1743815995
|-end|p2a: Sandy Shocks|Protosynthesis|[silent]
|switch|p2a: Torkoal|Torkoal, M|53/100
|-weather|SunnyDay|[from] ability: Drought|[of] p2a: Torkoal
|move|p1a: Eelektross|Coil|p1a: Eelektross
|-boost|p1a: Eelektross|atk|1
|-boost|p1a: Eelektross|def|1
|-boost|p1a: Eelektross|accuracy|1
|
|-weather|SunnyDay|[upkeep]
|upkeep
|turn|10
|
|t:|1743815999
|move|p1a: Eelektross|Supercell Slam|p2a: Torkoal
|-damage|p2a: Torkoal|18/100
|move|p2a: Torkoal|Lava Plume|p1a: Eelektross
|-damage|p1a: Eelektross|68/100
|-status|p1a: Eelektross|brn
|
|-weather|SunnyDay|[upkeep]
|-damage|p1a: Eelektross|62/100 brn|[from] brn
|upkeep
|turn|11
|
|t:|1743816009
|switch|p2a: Great Tusk|Great Tusk|100/100
|-activate|p2a: Great Tusk|ability: Protosynthesis
|-start|p2a: Great Tusk|protosynthesisatk
|move|p1a: Eelektross|Supercell Slam|p2a: Great Tusk
|-immune|p2a: Great Tusk
|-damage|p1a: Eelektross|12/100 brn|[from] supercellslam
|
|-weather|SunnyDay|[upkeep]
|-damage|p1a: Eelektross|6/100 brn|[from] brn
|upkeep
|turn|12
|
|t:|1743816012
|move|p2a: Great Tusk|Ice Spinner|p1a: Eelektross
|-damage|p1a: Eelektross|0 fnt
|faint|p1a: Eelektross
|
|-weather|SunnyDay|[upkeep]
|upkeep
|
|t:|1743816025
|switch|p1a: Tinkaton|Tinkaton, F|100/100
|-damage|p1a: Tinkaton|94/100|[from] Stealth Rock
|-item|p1a: Tinkaton|Air Balloon
|turn|13
|
|t:|1743816031
|move|p1a: Tinkaton|Encore|p2a: Great Tusk
|-start|p2a: Great Tusk|Encore
|move|p2a: Great Tusk|Ice Spinner|p1a: Tinkaton
|-resisted|p1a: Tinkaton
|-damage|p1a: Tinkaton|76/100
|-enditem|p1a: Tinkaton|Air Balloon
|-enditem|p2a: Great Tusk|Assault Vest|[silent]|[from] ability: Pickpocket|[of] p2a: Great Tusk
|-item|p1a: Tinkaton|Assault Vest|[from] ability: Pickpocket|[of] p2a: Great Tusk
|
|-weather|SunnyDay|[upkeep]
|upkeep
|turn|14
|
|t:|1743816040
|-end|p2a: Great Tusk|Protosynthesis|[silent]
|switch|p2a: Sandy Shocks|Sandy Shocks|100/100
|-activate|p2a: Sandy Shocks|ability: Protosynthesis
|-start|p2a: Sandy Shocks|protosynthesisspe
|move|p1a: Tinkaton|Gigaton Hammer|p2a: Sandy Shocks
|-resisted|p2a: Sandy Shocks
|-damage|p2a: Sandy Shocks|75/100
|
|-weather|SunnyDay|[upkeep]
|upkeep
|turn|15
|
|t:|1743816054
|switch|p1a: Garchomp|Garchomp, M|100/100
|-damage|p1a: Garchomp|94/100|[from] Stealth Rock
|move|p2a: Sandy Shocks|Earth Power|p1a: Garchomp
|-damage|p1a: Garchomp|51/100
|
|-weather|SunnyDay|[upkeep]
|upkeep
|turn|16
|
|t:|1743816068
|-end|p2a: Sandy Shocks|Protosynthesis|[silent]
|switch|p2a: Tinkaton|Tinkaton, F|100/100
|move|p1a: Garchomp|Swords Dance|p1a: Garchomp
|-boost|p1a: Garchomp|atk|2
|
|-weather|none
|upkeep
|turn|17
|
|t:|1743816072
|switch|p2a: Torkoal|Torkoal, M|18/100
|-weather|SunnyDay|[from] ability: Drought|[of] p2a: Torkoal
|move|p1a: Garchomp|Earthquake|p2a: Torkoal
|-supereffective|p2a: Torkoal
|-damage|p2a: Torkoal|0 fnt
|faint|p2a: Torkoal
|
|-weather|SunnyDay|[upkeep]
|upkeep
|
|t:|1743816075
|switch|p2a: Venusaur|Venusaur, M|83/100
|turn|18
|
|t:|1743816083
|-terastallize|p1a: Garchomp|Fire
|move|p2a: Venusaur|Solar Beam||[still]
|-prepare|p2a: Venusaur|Solar Beam
|-anim|p2a: Venusaur|Solar Beam|p1a: Garchomp
|-resisted|p1a: Garchomp
|-damage|p1a: Garchomp|16/100
|-damage|p2a: Venusaur|73/100|[from] item: Life Orb
|move|p1a: Garchomp|Scale Shot|p2a: Venusaur
|-damage|p2a: Venusaur|38/100
|-damage|p2a: Venusaur|5/100
|-damage|p2a: Venusaur|0 fnt
|faint|p2a: Venusaur
|-hitcount|p2: Venusaur|3
|-unboost|p1a: Garchomp|def|1
|-boost|p1a: Garchomp|spe|1
|
|-weather|SunnyDay|[upkeep]
|upkeep
|
|t:|1743816087
|switch|p2a: Sandy Shocks|Sandy Shocks|75/100
|-activate|p2a: Sandy Shocks|ability: Protosynthesis
|-start|p2a: Sandy Shocks|protosynthesisspe
|turn|19
|
|t:|1743816099
|move|p1a: Garchomp|Earthquake|p2a: Sandy Shocks
|-supereffective|p2a: Sandy Shocks
|-damage|p2a: Sandy Shocks|0 fnt
|faint|p2a: Sandy Shocks
|-end|p2a: Sandy Shocks|Protosynthesis|[silent]
|
|-weather|SunnyDay|[upkeep]
|upkeep
|-message|Baby Monster MAGA forfeited.
|
|win|Nayotake
|raw|Nayotake's rating: 1378 &rarr; <strong>1398</strong><br />(+20 for winning)
|raw|Baby Monster MAGA's rating: 1379 &rarr; <strong>1359</strong><br />(-20 for losing)
|l|☆Baby Monster MAGA
|player|p2|
|l|☆Nayotake
|player|p1|
