|j|☆Dhoom Again
|j|☆dxiong
|t:|1743827793
|gametype|singles
|player|p1|Dhoom Again|argenta|1298
|player|p2|dxiong|cynthia-gen4|1265
|teamsize|p1|6
|teamsize|p2|6
|gen|9
|tier|[Gen 9] OU
|rated|
|rule|HP Percentage Mod: HP is shown in percentages
|rule|Endless Battle Clause: Forcing endless battles is banned
|rule|Species Clause: Limit one of each Pokémon
|rule|OHKO Clause: OHKO moves are banned
|rule|Evasion Items Clause: Evasion items are banned
|rule|Evasion Moves Clause: Evasion moves are banned
|rule|Sleep Moves Clause: Sleep-inducing moves are banned
|clearpoke
|poke|p1|Corviknight, M|
|poke|p1|Garchomp, F|
|poke|p1|Iron Crown|
|poke|p1|Blaziken, M|
|poke|p1|Ogerpon, F|
|poke|p1|Clefable, M|
|poke|p2|Cinderace, M|
|poke|p2|Galvantula, F|
|poke|p2|Pecharunt|
|poke|p2|Great Tusk|
|poke|p2|Weavile, M|
|poke|p2|Zamazenta-*|
|teampreview
|inactive|Battle timer is ON: inactive players will automatically lose when time's up. (requested by Dhoom Again)
|
|t:|1743827878
|start
|switch|p1a: Blaziken|Blaziken, M|100/100
|switch|p2a: Weavile|Weavile, M|100/100
|-ability|p2a: Weavile|Pressure
|turn|1
|
|t:|1743827904
|switch|p2a: Zamazenta|Zamazenta|100/100
|-ability|p2a: Zamazenta|Dauntless Shield|boost
|-boost|p2a: Zamazenta|def|1
|move|p1a: Blaziken|Swords Dance|p1a: Blaziken
|-boost|p1a: Blaziken|atk|2
|
|-ability|p1a: Blaziken|Speed Boost|boost
|-boost|p1a: Blaziken|spe|1
|upkeep
|turn|2
|inactive|Dhoom Again has 120 seconds left.
|
|t:|1743827943
|switch|p1a: Clefable|Clefable, M|100/100
|move|p2a: Zamazenta|Iron Defense|p2a: Zamazenta
|-boost|p2a: Zamazenta|def|2
|
|upkeep
|turn|3
|
|t:|1743827946
|move|p2a: Zamazenta|Iron Head|p1a: Clefable
|-supereffective|p1a: Clefable
|-damage|p1a: Clefable|71/100
|cant|p1a: Clefable|flinch
|
|-heal|p1a: Clefable|77/100|[from] item: Leftovers
|upkeep
|turn|4
|
|t:|1743827950
|move|p2a: Zamazenta|Body Press|p1a: Clefable
|-resisted|p1a: Clefable
|-damage|p1a: Clefable|35/100
|move|p1a: Clefable|Thunder Wave|p2a: Zamazenta
|-status|p2a: Zamazenta|par
|
|-heal|p1a: Clefable|41/100|[from] item: Leftovers
|upkeep
|turn|5
|
|t:|1743827955
|move|p1a: Clefable|Moonlight|p1a: Clefable
|-heal|p1a: Clefable|91/100
|move|p2a: Zamazenta|Body Press|p1a: Clefable
|-resisted|p1a: Clefable
|-damage|p1a: Clefable|53/100
|
|-heal|p1a: Clefable|59/100|[from] item: Leftovers
|upkeep
|turn|6
|
|t:|1743827963
|switch|p2a: Pecharunt|Pecharunt|100/100
|move|p1a: Clefable|Moonlight|p1a: Clefable
|-heal|p1a: Clefable|100/100
|
|upkeep
|turn|7
|
|t:|1743827968
|move|p2a: Pecharunt|Parting Shot|p1a: Clefable
|-unboost|p1a: Clefable|atk|1
|-unboost|p1a: Clefable|spa|1
|
|t:|1743827974
|switch|p2a: Galvantula|Galvantula, F|100/100|[from] Parting Shot
|move|p1a: Clefable|Stealth Rock|p2a: Galvantula
|-sidestart|p2: dxiong|move: Stealth Rock
|
|upkeep
|turn|8
|
|t:|1743827980
|switch|p1a: Blaziken|Blaziken, M|100/100
|move|p2a: Galvantula|Thunder Wave|p1a: Blaziken
|-status|p1a: Blaziken|par
|
|upkeep
|turn|9
|
|t:|1743827991
|move|p2a: Galvantula|Thunder|p1a: Blaziken
|-damage|p1a: Blaziken|33/100 par
|move|p1a: Blaziken|Swords Dance|p1a: Blaziken
|-boost|p1a: Blaziken|atk|2
|
|-ability|p1a: Blaziken|Speed Boost|boost
|-boost|p1a: Blaziken|spe|1
|upkeep
|turn|10
|
|t:|1743827995
|cant|p1a: Blaziken|par
|move|p2a: Galvantula|Thunder|p1a: Blaziken
|-damage|p1a: Blaziken|0 fnt
|faint|p1a: Blaziken
|
|upkeep
|
|t:|1743827998
|switch|p1a: Garchomp|Garchomp, F|100/100
|turn|11
|
|t:|1743828010
|move|p2a: Galvantula|Sticky Web|p1a: Garchomp
|-sidestart|p1: Dhoom Again|move: Sticky Web
|move|p1a: Garchomp|Earthquake|p2a: Galvantula
|-damage|p2a: Galvantula|23/100
|
|upkeep
|turn|12
|
|t:|1743828017
|move|p2a: Galvantula|Bug Buzz|p1a: Garchomp
|-damage|p1a: Garchomp|65/100
|move|p1a: Garchomp|Spikes|p2a: Galvantula
|-sidestart|p2: dxiong|Spikes
|
|upkeep
|turn|13
|
|t:|1743828021
|move|p2a: Galvantula|Bug Buzz|p1a: Garchomp
|-damage|p1a: Garchomp|30/100
|move|p1a: Garchomp|Dragon Tail|p2a: Galvantula
|-damage|p2a: Galvantula|0 fnt
|faint|p2a: Galvantula
|
|upkeep
|
|t:|1743828041
|switch|p2a: Cinderace|Cinderace, M|100/100
|turn|14
|
|t:|1743828044
|move|p2a: Cinderace|Sucker Punch|p1a: Garchomp
|-start|p2a: Cinderace|typechange|Dark|[from] ability: Libero
|-damage|p1a: Garchomp|8/100
|-damage|p2a: Cinderace|88/100|[from] ability: Rough Skin|[of] p1a: Garchomp
|-damage|p2a: Cinderace|72/100|[from] item: Rocky Helmet|[of] p1a: Garchomp
|move|p1a: Garchomp|Earthquake|p2a: Cinderace
|-damage|p2a: Cinderace|11/100
|
|upkeep
|turn|15
|
|t:|1743828049
|move|p2a: Cinderace|Pyro Ball|p1a: Garchomp|[miss]
|-miss|p2a: Cinderace|p1a: Garchomp
|move|p1a: Garchomp|Earthquake|p2a: Cinderace
|-damage|p2a: Cinderace|0 fnt
|faint|p2a: Cinderace
|
|upkeep
|
|t:|1743828064
|switch|p2a: Pecharunt|Pecharunt|100/100
|-damage|p2a: Pecharunt|88/100|[from] Stealth Rock
|-damage|p2a: Pecharunt|76/100|[from] Spikes
|turn|16
|
|t:|1743828070
|-terastallize|p2a: Pecharunt|Ghost
|move|p2a: Pecharunt|Hex|p1a: Garchomp
|-damage|p1a: Garchomp|0 fnt
|faint|p1a: Garchomp
|
|-damage|p2a: Pecharunt|64/100|[from] item: Black Sludge
|upkeep
|
|t:|1743828086
|switch|p1a: Ogerpon|Ogerpon, F|100/100
|-activate|p1a: Ogerpon|move: Sticky Web
|-unboost|p1a: Ogerpon|spe|1
|-ability|p1a: Ogerpon|Defiant|boost
|-boost|p1a: Ogerpon|atk|2
|turn|17
|
|t:|1743828094
|-terastallize|p1a: Ogerpon|Grass
|detailschange|p1a: Ogerpon|Ogerpon-Teal-Tera, F, tera:Grass
|-ability|p1a: Ogerpon|Embody Aspect (Teal)|boost
|-boost|p1a: Ogerpon|spe|1
|move|p1a: Ogerpon|Knock Off|p2a: Pecharunt
|-supereffective|p2a: Pecharunt
|-damage|p2a: Pecharunt|0 fnt
|-enditem|p2a: Pecharunt|Black Sludge|[from] move: Knock Off|[of] p1a: Ogerpon
|faint|p2a: Pecharunt
|
|upkeep
|
|t:|1743828109
|switch|p2a: Zamazenta|Zamazenta|100/100 par
|-damage|p2a: Zamazenta|94/100 par|[from] Stealth Rock
|-damage|p2a: Zamazenta|82/100 par|[from] Spikes
|turn|18
|
|t:|1743828115
|switch|p1a: Corviknight|Corviknight, M|100/100
|-ability|p1a: Corviknight|Pressure
|move|p2a: Zamazenta|Iron Defense|p2a: Zamazenta
|-boost|p2a: Zamazenta|def|2
|
|-heal|p2a: Zamazenta|88/100 par|[from] item: Leftovers
|upkeep
|turn|19
|
|t:|1743828122
|move|p1a: Corviknight|Brave Bird|p2a: Zamazenta
|-supereffective|p2a: Zamazenta
|-damage|p2a: Zamazenta|71/100 par
|-damage|p1a: Corviknight|95/100|[from] Recoil
|cant|p2a: Zamazenta|par
|
|-heal|p2a: Zamazenta|77/100 par|[from] item: Leftovers
|upkeep
|turn|20
|
|t:|1743828128
|move|p1a: Corviknight|Brave Bird|p2a: Zamazenta
|-supereffective|p2a: Zamazenta
|-damage|p2a: Zamazenta|57/100 par
|-damage|p1a: Corviknight|88/100|[from] Recoil
|move|p2a: Zamazenta|Iron Defense|p2a: Zamazenta
|-boost|p2a: Zamazenta|def|2
|
|-heal|p2a: Zamazenta|63/100 par|[from] item: Leftovers
|upkeep
|turn|21
|
|t:|1743828132
|move|p1a: Corviknight|Brave Bird|p2a: Zamazenta
|-supereffective|p2a: Zamazenta
|-damage|p2a: Zamazenta|50/100 par
|-damage|p1a: Corviknight|84/100|[from] Recoil
|move|p2a: Zamazenta|Body Press|p1a: Corviknight
|-damage|p1a: Corviknight|12/100
|-damage|p2a: Zamazenta|33/100 par|[from] item: Rocky Helmet|[of] p1a: Corviknight
|
|-heal|p2a: Zamazenta|40/100 par|[from] item: Leftovers
|upkeep
|turn|22
|
|t:|1743828138
|move|p1a: Corviknight|Roost|p1a: Corviknight
|-heal|p1a: Corviknight|62/100
|-singleturn|p1a: Corviknight|move: Roost
|move|p2a: Zamazenta|Body Press|p1a: Corviknight
|-supereffective|p1a: Corviknight
|-damage|p1a: Corviknight|0 fnt
|-damage|p2a: Zamazenta|23/100 par|[from] item: Rocky Helmet|[of] p1a: Corviknight
|faint|p1a: Corviknight
|
|-heal|p2a: Zamazenta|29/100 par|[from] item: Leftovers
|upkeep
|
|t:|1743828142
|switch|p1a: Clefable|Clefable, M|100/100
|-activate|p1a: Clefable|move: Sticky Web
|-unboost|p1a: Clefable|spe|1
|turn|23
|
|t:|1743828152
|move|p2a: Zamazenta|Body Press|p1a: Clefable
|-resisted|p1a: Clefable
|-damage|p1a: Clefable|50/100
|move|p1a: Clefable|Moonblast|p2a: Zamazenta
|-supereffective|p2a: Zamazenta
|-damage|p2a: Zamazenta|0 fnt
|faint|p2a: Zamazenta
|
|-heal|p1a: Clefable|56/100|[from] item: Leftovers
|upkeep
|
|t:|1743828158
|switch|p2a: Weavile|Weavile, M|100/100
|-damage|p2a: Weavile|76/100|[from] Stealth Rock
|-damage|p2a: Weavile|63/100|[from] Spikes
|-ability|p2a: Weavile|Pressure
|turn|24
|
|t:|1743828162
|move|p2a: Weavile|Triple Axel|p1a: Clefable
|-damage|p1a: Clefable|45/100
|-damage|p1a: Clefable|22/100
|-damage|p1a: Clefable|0 fnt
|faint|p1a: Clefable
|-hitcount|p1: Clefable|3
|-damage|p2a: Weavile|53/100|[from] item: Life Orb
|
|upkeep
|
|t:|1743828166
|switch|p1a: Iron Crown|Iron Crown|100/100
|-activate|p1a: Iron Crown|move: Sticky Web
|-unboost|p1a: Iron Crown|spe|1
|turn|25
|
|t:|1743828174
|switch|p2a: Great Tusk|Great Tusk|100/100
|-damage|p2a: Great Tusk|98/100|[from] Stealth Rock
|-damage|p2a: Great Tusk|85/100|[from] Spikes
|-enditem|p2a: Great Tusk|Booster Energy
|-activate|p2a: Great Tusk|ability: Protosynthesis|[fromitem]
|-start|p2a: Great Tusk|protosynthesisatk
|move|p1a: Iron Crown|Tachyon Cutter|p2a: Great Tusk
|-damage|p2a: Great Tusk|50/100
|-damage|p2a: Great Tusk|15/100
|-hitcount|p2a: Great Tusk|2
|
|upkeep
|turn|26
|
|t:|1743828192
|-end|p1a: Iron Crown|Quark Drive|[silent]
|switch|p1a: Ogerpon|Ogerpon-Teal-Tera, F, tera:Grass|100/100
|-activate|p1a: Ogerpon|move: Sticky Web
|-unboost|p1a: Ogerpon|spe|1
|-ability|p1a: Ogerpon|Embody Aspect (Teal)|boost
|-boost|p1a: Ogerpon|spe|1
|move|p2a: Great Tusk|Headlong Rush|p1a: Ogerpon
|-resisted|p1a: Ogerpon
|-damage|p1a: Ogerpon|37/100
|-unboost|p2a: Great Tusk|def|1
|-unboost|p2a: Great Tusk|spd|1
|
|upkeep
|turn|27
|
|t:|1743828208
|move|p1a: Ogerpon|Play Rough|p2a: Great Tusk
|-supereffective|p2a: Great Tusk
|-damage|p2a: Great Tusk|0 fnt
|faint|p2a: Great Tusk
|-end|p2a: Great Tusk|Protosynthesis|[silent]
|
|upkeep
|
|t:|1743828210
|switch|p2a: Weavile|Weavile, M|53/100
|-damage|p2a: Weavile|28/100|[from] Stealth Rock
|-damage|p2a: Weavile|16/100|[from] Spikes
|-ability|p2a: Weavile|Pressure
|turn|28
|
|t:|1743828216
|move|p1a: Ogerpon|Play Rough|p2a: Weavile|[miss]
|-miss|p1a: Ogerpon|p2a: Weavile
|move|p2a: Weavile|Knock Off|p1a: Ogerpon
|-damage|p1a: Ogerpon|0 fnt
|-enditem|p1a: Ogerpon|Choice Band|[from] move: Knock Off|[of] p2a: Weavile
|faint|p1a: Ogerpon
|-damage|p2a: Weavile|6/100|[from] item: Life Orb
|
|upkeep
|
|t:|1743828218
|switch|p1a: Iron Crown|Iron Crown|100/100
|-activate|p1a: Iron Crown|move: Sticky Web
|-unboost|p1a: Iron Crown|spe|1
|turn|29
|
|t:|1743828220
|move|p2a: Weavile|Knock Off|p1a: Iron Crown
|-supereffective|p1a: Iron Crown
|-damage|p1a: Iron Crown|0 fnt
|-enditem|p1a: Iron Crown|Assault Vest|[from] move: Knock Off|[of] p2a: Weavile
|faint|p1a: Iron Crown
|-end|p1a: Iron Crown|Quark Drive|[silent]
|-damage|p2a: Weavile|0 fnt|[from] item: Life Orb
|faint|p2a: Weavile
|
|win|dxiong
|raw|Dhoom Again's rating: 1298 &rarr; <strong>1271</strong><br />(-27 for losing)
|raw|dxiong's rating: 1265 &rarr; <strong>1292</strong><br />(+27 for winning)
|l|☆dxiong
|player|p2|
|l|☆Dhoom Again
|player|p1|
