|j|☆TipDik
|j|‽latino
|t:|1743794242
|gametype|singles
|player|p1|TipDik|emmet|1557
|player|p2|latino|101|1539
|teamsize|p1|6
|teamsize|p2|6
|gen|9
|tier|[Gen 9] OU
|rated|
|rule|HP Percentage Mod: HP is shown in percentages
|rule|Endless Battle Clause: Forcing endless battles is banned
|rule|Species Clause: Limit one of each Pokémon
|rule|OHKO Clause: OHKO moves are banned
|rule|Evasion Items Clause: Evasion items are banned
|rule|Evasion Moves Clause: Evasion moves are banned
|rule|Sleep Moves Clause: Sleep-inducing moves are banned
|clearpoke
|poke|p1|Armarouge, M|
|poke|p1|Torkoal, F|
|poke|p1|Iron Moth|
|poke|p1|Zarude|
|poke|p1|Great Tusk|
|poke|p1|Zapdos|
|poke|p2|Incineroar, F|
|poke|p2|Dragonite, M|
|poke|p2|Okidogi, M|
|poke|p2|Weezing-Galar, F|
|poke|p2|Kyurem|
|poke|p2|Gliscor, F|
|teampreview
|
|t:|1743794270
|start
|switch|p1a: Torkoal|Torkoal, F|100/100
|switch|p2a: Incineroar|Incineroar, F|100/100
|-ability|p2a: Incineroar|Intimidate|boost
|-unboost|p1a: Torkoal|atk|1
|-weather|SunnyDay|[from] ability: Drought|[of] p1a: Torkoal
|turn|1
|inactive|Battle timer is ON: inactive players will automatically lose when time's up. (requested by TipDik)
|
|t:|1743794277
|move|p2a: Incineroar|Parting Shot|p1a: Torkoal
|-unboost|p1a: Torkoal|atk|1
|-unboost|p1a: Torkoal|spa|1
|
|t:|1743794283
|switch|p2a: Gliscor|Gliscor, F|100/100|[from] Parting Shot
|move|p1a: Torkoal|Stealth Rock|p2a: Gliscor
|-sidestart|p2: latino|move: Stealth Rock
|
|-weather|SunnyDay|[upkeep]
|-status|p2a: Gliscor|tox|[from] item: Toxic Orb
|upkeep
|turn|2
|
|t:|1743794294
|switch|p1a: Zapdos|Zapdos|100/100
|move|p2a: Gliscor|Toxic|p1a: Zapdos
|-status|p1a: Zapdos|tox
|
|-weather|SunnyDay|[upkeep]
|-damage|p1a: Zapdos|94/100 tox|[from] psn
|upkeep
|turn|3
|
|t:|1743794302
|switch|p1a: Zarude|Zarude|100/100
|move|p2a: Gliscor|Earthquake|p1a: Zarude
|-resisted|p1a: Zarude
|-damage|p1a: Zarude|87/100
|
|-weather|SunnyDay|[upkeep]
|upkeep
|turn|4
|
|t:|1743794313
|switch|p2a: Weezing|Weezing-Galar, F|100/100
|-ability|p2a: Weezing|Neutralizing Gas
|move|p1a: Zarude|Solar Blade||[still]
|-prepare|p1a: Zarude|Solar Blade
|-anim|p1a: Zarude|Solar Blade|p2a: Weezing
|-resisted|p2a: Weezing
|-crit|p2a: Weezing
|-damage|p2a: Weezing|70/100
|
|-weather|SunnyDay|[upkeep]
|upkeep
|turn|5
|
|t:|1743794323
|move|p1a: Zarude|U-turn|p2a: Weezing
|-resisted|p2a: Weezing
|-damage|p2a: Weezing|67/100
|
|t:|1743794327
|switch|p1a: Armarouge|Armarouge, M|100/100|[from] U-turn
|move|p2a: Weezing|Defog|p1a: Armarouge
|-unboost|p1a: Armarouge|evasion|1
|-sideend|p2: latino|Stealth Rock|[from] move: Defog|[of] p2a: Weezing
|
|-weather|SunnyDay|[upkeep]
|upkeep
|turn|6
|
|t:|1743794334
|-end|p2a: Weezing|ability: Neutralizing Gas
|switch|p2a: Incineroar|Incineroar, F|100/100
|-ability|p2a: Incineroar|Intimidate|boost
|-unboost|p1a: Armarouge|atk|1
|move|p1a: Armarouge|Armor Cannon|p2a: Incineroar
|-resisted|p2a: Incineroar
|-damage|p2a: Incineroar|47/100
|-unboost|p1a: Armarouge|def|1
|-unboost|p1a: Armarouge|spd|1
|
|-weather|SunnyDay|[upkeep]
|-heal|p2a: Incineroar|53/100|[from] item: Leftovers
|upkeep
|turn|7
|
|t:|1743794361
|move|p1a: Armarouge|Armor Cannon|p2a: Incineroar
|-resisted|p2a: Incineroar
|-damage|p2a: Incineroar|0 fnt
|-unboost|p1a: Armarouge|def|1
|-unboost|p1a: Armarouge|spd|1
|faint|p2a: Incineroar
|
|-weather|SunnyDay|[upkeep]
|upkeep
|
|t:|1743794369
|switch|p2a: Kyurem|Kyurem|100/100
|-ability|p2a: Kyurem|Pressure
|turn|8
|inactive|TipDik has 120 seconds left.
|
|t:|1743794399
|switch|p1a: Zapdos|Zapdos|94/100 tox
|move|p2a: Kyurem|Substitute|p2a: Kyurem
|-start|p2a: Kyurem|Substitute
|-damage|p2a: Kyurem|76/100
|
|-weather|none
|-heal|p2a: Kyurem|82/100|[from] item: Leftovers
|-damage|p1a: Zapdos|88/100 tox|[from] psn
|upkeep
|turn|9
|inactive|TipDik has 120 seconds left.
|
|t:|1743794411
|move|p2a: Kyurem|Protect|p2a: Kyurem
|-singleturn|p2a: Kyurem|Protect
|move|p1a: Zapdos|Heat Wave|p2a: Kyurem
|-activate|p2a: Kyurem|move: Protect
|
|-heal|p2a: Kyurem|88/100|[from] item: Leftovers
|-damage|p1a: Zapdos|76/100 tox|[from] psn
|upkeep
|turn|10
|inactive|TipDik has 120 seconds left.
|
|t:|1743794440
|move|p1a: Zapdos|Heat Wave|p2a: Kyurem
|-activate|p2a: Kyurem|move: Substitute|[damage]
|move|p2a: Kyurem|Freeze-Dry|p1a: Zapdos
|-supereffective|p1a: Zapdos
|-damage|p1a: Zapdos|15/100 tox
|
|-heal|p2a: Kyurem|94/100|[from] item: Leftovers
|-damage|p1a: Zapdos|0 fnt|[from] psn
|faint|p1a: Zapdos
|upkeep
|inactive|TipDik has 90 seconds left.
|
|t:|1743794473
|switch|p1a: Armarouge|Armarouge, M|100/100
|turn|11
|
|t:|1743794479
|move|p2a: Kyurem|Earth Power|p1a: Armarouge
|-supereffective|p1a: Armarouge
|-damage|p1a: Armarouge|34/100
|move|p1a: Armarouge|Psyshock|p2a: Kyurem
|-end|p2a: Kyurem|Substitute
|
|-heal|p2a: Kyurem|100/100|[from] item: Leftovers
|upkeep
|turn|12
|
|t:|1743794496
|-terastallize|p1a: Armarouge|Grass
|move|p2a: Kyurem|Earth Power|p1a: Armarouge
|-resisted|p1a: Armarouge
|-damage|p1a: Armarouge|18/100
|move|p1a: Armarouge|Psyshock|p2a: Kyurem
|-damage|p2a: Kyurem|47/100
|
|-heal|p2a: Kyurem|53/100|[from] item: Leftovers
|upkeep
|turn|13
|
|t:|1743794515
|switch|p1a: Iron Moth|Iron Moth|100/100
|move|p2a: Kyurem|Freeze-Dry|p1a: Iron Moth
|-resisted|p1a: Iron Moth
|-damage|p1a: Iron Moth|82/100
|
|-heal|p2a: Kyurem|60/100|[from] item: Leftovers
|upkeep
|turn|14
|
|t:|1743794524
|switch|p2a: Dragonite|Dragonite, M|100/100
|move|p1a: Iron Moth|Fire Blast|p2a: Dragonite|[miss]
|-miss|p1a: Iron Moth|p2a: Dragonite
|
|upkeep
|turn|15
|-message|TipDik forfeited.
|
|win|latino
|raw|TipDik's rating: 1557 &rarr; <strong>1536</strong><br />(-21 for losing)
|raw|latino's rating: 1539 &rarr; <strong>1560</strong><br />(+21 for winning)
|l|☆TipDik
|player|p1|
|l|‽latino
|player|p2|
