|j|☆fgodd
|j|☆kenpinyan
|t:|1743851898
|gametype|singles
|player|p1|fgodd|cynthia|1600
|player|p2|kenpinyan|palmer|1446
|teamsize|p1|6
|teamsize|p2|6
|gen|9
|tier|[Gen 9] OU
|rated|
|rule|HP Percentage Mod: HP is shown in percentages
|rule|Endless Battle Clause: Forcing endless battles is banned
|rule|Species Clause: Limit one of each Pokémon
|rule|OHKO Clause: OHKO moves are banned
|rule|Evasion Items Clause: Evasion items are banned
|rule|Evasion Moves Clause: Evasion moves are banned
|rule|Sleep Moves Clause: Sleep-inducing moves are banned
|clearpoke
|poke|p1|Zamazenta-*|
|poke|p1|Gholdengo|
|poke|p1|Ting-Lu|
|poke|p1|Primarina, F|
|poke|p1|Great Tusk|
|poke|p1|Ogerpon-Wellspring, F|
|poke|p2|Ogerpon-Wellspring, F|
|poke|p2|Okidogi, M|
|poke|p2|Lokix, M|
|poke|p2|Dragapult, M|
|poke|p2|Great Tusk|
|poke|p2|Dragonite, F|
|teampreview
|inactive|Battle timer is ON: inactive players will automatically lose when time's up. (requested by fgodd)
|
|t:|1743851905
|start
|switch|p1a: Primarina|Primarina, F|100/100
|switch|p2a: Lokix|Lokix, M|100/100
|turn|1
|
|t:|1743851910
|move|p2a: Lokix|U-turn|p1a: Primarina
|-resisted|p1a: Primarina
|-damage|p1a: Primarina|64/100
|
|t:|1743851915
|switch|p2a: Ogerpon|Ogerpon-Wellspring, F|100/100|[from] U-turn
|move|p1a: Primarina|Moonblast|p2a: Ogerpon
|-damage|p2a: Ogerpon|44/100
|
|upkeep
|turn|2
|
|t:|1743851929
|switch|p1a: Zamazenta|Zamazenta|100/100
|-ability|p1a: Zamazenta|Dauntless Shield|boost
|-boost|p1a: Zamazenta|def|1
|move|p2a: Ogerpon|Horn Leech|p1a: Zamazenta
|-damage|p1a: Zamazenta|70/100
|-heal|p2a: Ogerpon|60/100|[from] drain|[of] p1a: Zamazenta
|
|upkeep
|turn|3
|
|t:|1743851938
|switch|p2a: Dragapult|Dragapult, M|100/100
|move|p1a: Zamazenta|Crunch|p2a: Dragapult
|-supereffective|p2a: Dragapult
|-damage|p2a: Dragapult|0 fnt
|faint|p2a: Dragapult
|
|upkeep
|
|t:|1743851942
|switch|p2a: Okidogi|Okidogi, M|100/100
|turn|4
|
|t:|1743851947
|switch|p1a: Gholdengo|Gholdengo|100/100
|-item|p1a: Gholdengo|Air Balloon
|move|p2a: Okidogi|Knock Off|p1a: Gholdengo
|-supereffective|p1a: Gholdengo
|-damage|p1a: Gholdengo|20/100
|-enditem|p1a: Gholdengo|Air Balloon
|
|upkeep
|turn|5
|
|t:|1743851967
|move|p1a: Gholdengo|Make It Rain|p2a: Okidogi
|-damage|p2a: Okidogi|33/100
|-unboost|p1a: Gholdengo|spa|1
|move|p2a: Okidogi|Knock Off|p1a: Gholdengo
|-supereffective|p1a: Gholdengo
|-damage|p1a: Gholdengo|0 fnt
|faint|p1a: Gholdengo
|
|-heal|p2a: Okidogi|39/100|[from] item: Leftovers
|upkeep
|
|t:|1743851984
|switch|p1a: Ogerpon|Ogerpon-Wellspring, F|100/100
|turn|6
|
|t:|1743851988
|switch|p2a: Ogerpon|Ogerpon-Wellspring, F|60/100
|move|p1a: Ogerpon|Ivy Cudgel|p2a: Ogerpon|[anim] Ivy Cudgel Water
|-heal|p2a: Ogerpon|85/100|[from] ability: Water Absorb|[of] p1a: Ogerpon
|
|upkeep
|turn|7
|
|t:|1743851994
|move|p1a: Ogerpon|Power Whip|p2a: Ogerpon
|-damage|p2a: Ogerpon|0 fnt
|faint|p2a: Ogerpon
|
|upkeep
|
|t:|1743851997
|switch|p2a: Lokix|Lokix, M|100/100
|turn|8
|
|t:|1743852003
|switch|p1a: Great Tusk|Great Tusk|100/100
|-enditem|p1a: Great Tusk|Booster Energy
|-activate|p1a: Great Tusk|ability: Protosynthesis|[fromitem]
|-start|p1a: Great Tusk|protosynthesisatk
|move|p2a: Lokix|First Impression|p1a: Great Tusk
|-resisted|p1a: Great Tusk
|-damage|p1a: Great Tusk|74/100
|
|upkeep
|turn|9
|
|t:|1743852009
|move|p2a: Lokix|U-turn|p1a: Great Tusk
|-resisted|p1a: Great Tusk
|-damage|p1a: Great Tusk|53/100
|
|t:|1743852012
|switch|p2a: Great Tusk|Great Tusk|100/100|[from] U-turn
|move|p1a: Great Tusk|Rapid Spin|p2a: Great Tusk
|-damage|p2a: Great Tusk|84/100
|-boost|p1a: Great Tusk|spe|1
|-damage|p1a: Great Tusk|36/100|[from] item: Rocky Helmet|[of] p2a: Great Tusk
|
|upkeep
|turn|10
|
|t:|1743852017
|move|p1a: Great Tusk|Headlong Rush|p2a: Great Tusk
|-damage|p2a: Great Tusk|20/100
|-unboost|p1a: Great Tusk|def|1
|-unboost|p1a: Great Tusk|spd|1
|-damage|p1a: Great Tusk|20/100|[from] item: Rocky Helmet|[of] p2a: Great Tusk
|move|p2a: Great Tusk|Ice Spinner|p1a: Great Tusk
|-supereffective|p1a: Great Tusk
|-damage|p1a: Great Tusk|0 fnt
|faint|p1a: Great Tusk
|-end|p1a: Great Tusk|Protosynthesis|[silent]
|
|upkeep
|
|t:|1743852023
|switch|p1a: Ogerpon|Ogerpon-Wellspring, F|100/100
|turn|11
|
|t:|1743852028
|move|p1a: Ogerpon|Ivy Cudgel|p2a: Great Tusk|[anim] Ivy Cudgel Water
|-supereffective|p2a: Great Tusk
|-damage|p2a: Great Tusk|0 fnt
|faint|p2a: Great Tusk
|-end|p2a: Great Tusk|Protosynthesis|[silent]
|
|upkeep
|
|t:|1743852032
|switch|p2a: Lokix|Lokix, M|100/100
|turn|12
|
|t:|1743852040
|switch|p1a: Primarina|Primarina, F|64/100
|move|p2a: Lokix|First Impression|p1a: Primarina
|-resisted|p1a: Primarina
|-damage|p1a: Primarina|17/100
|
|upkeep
|turn|13
|
|t:|1743852055
|move|p2a: Lokix|U-turn|p1a: Primarina
|-resisted|p1a: Primarina
|-damage|p1a: Primarina|0 fnt
|faint|p1a: Primarina
|
|t:|1743852060
|switch|p2a: Okidogi|Okidogi, M|39/100|[from] U-turn
|
|-heal|p2a: Okidogi|45/100|[from] item: Leftovers
|upkeep
|
|t:|1743852069
|switch|p1a: Ogerpon|Ogerpon-Wellspring, F|100/100
|turn|14
|
|t:|1743852075
|move|p1a: Ogerpon|Ivy Cudgel|p2a: Okidogi|[anim] Ivy Cudgel Water
|-damage|p2a: Okidogi|0 fnt
|faint|p2a: Okidogi
|
|upkeep
|
|t:|1743852078
|switch|p2a: Lokix|Lokix, M|100/100
|turn|15
|
|t:|1743852089
|switch|p1a: Zamazenta|Zamazenta|70/100
|move|p2a: Lokix|First Impression|p1a: Zamazenta
|-resisted|p1a: Zamazenta
|-crit|p1a: Zamazenta
|-damage|p1a: Zamazenta|15/100
|
|upkeep
|turn|16
|
|t:|1743852099
|move|p2a: Lokix|Sucker Punch|p1a: Zamazenta
|-resisted|p1a: Zamazenta
|-crit|p1a: Zamazenta
|-damage|p1a: Zamazenta|0 fnt
|faint|p1a: Zamazenta
|
|upkeep
|
|t:|1743852103
|switch|p1a: Ting-Lu|Ting-Lu|100/100
|-ability|p1a: Ting-Lu|Vessel of Ruin
|turn|17
|
|t:|1743852109
|-terastallize|p1a: Ting-Lu|Poison
|move|p2a: Lokix|U-turn|p1a: Ting-Lu
|-resisted|p1a: Ting-Lu
|-crit|p1a: Ting-Lu
|-damage|p1a: Ting-Lu|79/100
|
|t:|1743852112
|switch|p2a: Dragonite|Dragonite, F|100/100|[from] U-turn
|move|p1a: Ting-Lu|Ruination|p2a: Dragonite
|-damage|p2a: Dragonite|50/100
|
|-heal|p1a: Ting-Lu|86/100|[from] item: Leftovers
|upkeep
|turn|18
|
|t:|1743852122
|move|p2a: Dragonite|Dragon Claw|p1a: Ting-Lu
|-damage|p1a: Ting-Lu|57/100
|move|p1a: Ting-Lu|Whirlwind|p2a: Dragonite
|drag|p2a: Lokix|Lokix, M|100/100
|
|-heal|p1a: Ting-Lu|63/100|[from] item: Leftovers
|upkeep
|turn|19
|
|t:|1743852133
|-terastallize|p2a: Lokix|Bug
|move|p2a: Lokix|U-turn|p1a: Ting-Lu
|-resisted|p1a: Ting-Lu
|-crit|p1a: Ting-Lu
|-damage|p1a: Ting-Lu|36/100
|
|t:|1743852136
|switch|p2a: Dragonite|Dragonite, F|50/100|[from] U-turn
|move|p1a: Ting-Lu|Ruination|p2a: Dragonite
|-damage|p2a: Dragonite|26/100
|
|-heal|p1a: Ting-Lu|42/100|[from] item: Leftovers
|upkeep
|turn|20
|
|t:|1743852140
|move|p2a: Dragonite|Earthquake|p1a: Ting-Lu
|-supereffective|p1a: Ting-Lu
|-damage|p1a: Ting-Lu|0 fnt
|faint|p1a: Ting-Lu
|
|upkeep
|
|t:|1743852142
|switch|p1a: Ogerpon|Ogerpon-Wellspring, F|100/100
|turn|21
|
|t:|1743852147
|move|p1a: Ogerpon|Ivy Cudgel|p2a: Dragonite|[anim] Ivy Cudgel Water
|-resisted|p2a: Dragonite
|-damage|p2a: Dragonite|0 fnt
|faint|p2a: Dragonite
|
|upkeep
|
|t:|1743852149
|switch|p2a: Lokix|Lokix, M, tera:Bug|100/100
|turn|22
|
|t:|1743852153
|move|p2a: Lokix|First Impression|p1a: Ogerpon
|-supereffective|p1a: Ogerpon
|-damage|p1a: Ogerpon|0 fnt
|faint|p1a: Ogerpon
|
|win|kenpinyan
|raw|fgodd's rating: 1600 &rarr; <strong>1572</strong><br />(-28 for losing)
|raw|kenpinyan's rating: 1446 &rarr; <strong>1474</strong><br />(+28 for winning)
|l|☆kenpinyan
|player|p2|
