|j|☆MREUhjrwuje
|j|☆T-Garchomp
|t:|1743897047
|gametype|singles
|player|p1|MREUhjrwuje|1|
|player|p2|T-Garchomp|ghetsis-gen5bw|
|teamsize|p1|6
|teamsize|p2|6
|gen|9
|tier|[Gen 9] OU
|rule|HP Percentage Mod: HP is shown in percentages
|rule|Endless Battle Clause: Forcing endless battles is banned
|rule|Species Clause: Limit one of each Pokémon
|rule|OHKO Clause: OHKO moves are banned
|rule|Evasion Items Clause: Evasion items are banned
|rule|Evasion Moves Clause: Evasion moves are banned
|rule|Sleep Moves Clause: Sleep-inducing moves are banned
|clearpoke
|poke|p1|Great Tusk|
|poke|p1|Ogerpon-Wellspring, F|
|poke|p1|Cetitan, F|
|poke|p1|Slowking-Galar, F|
|poke|p1|Iron Crown|
|poke|p1|Hydreigon, M|
|poke|p2|Iron Valiant|
|poke|p2|Samurott-Hisui, F|
|poke|p2|Dragonite, M|
|poke|p2|Pecharunt|
|poke|p2|Great Tusk|
|poke|p2|Kingambit, F|
|teampreview
|inactive|Battle timer is ON: inactive players will automatically lose when time's up. (requested by MREUhjrwuje)
|j| paternozzo
|inactive|T-Garchomp has 270 seconds left.
|
|t:|1743897078
|start
|switch|p1a: Ogerpon|Ogerpon-Wellspring, F|100/100
|switch|p2a: Attack|Kingambit, F, shiny|100/100
|turn|1
|l| paternozzo
|
|t:|1743897086
|move|p1a: Ogerpon|U-turn|p2a: Attack
|-damage|p2a: Attack|81/100
|
|t:|1743897088
|switch|p1a: Hydreigon|Hydreigon, M|100/100|[from] U-turn
|move|p2a: Attack|Swords Dance|p2a: Attack
|-boost|p2a: Attack|atk|2
|
|-heal|p2a: Attack|87/100|[from] item: Leftovers
|upkeep
|turn|2
|j| stargazerfrey
|
|t:|1743897096
|-terastallize|p2a: Attack|Ghost
|move|p1a: Hydreigon|Nasty Plot|p1a: Hydreigon
|-boost|p1a: Hydreigon|spa|2
|move|p2a: Attack|Iron Head|p1a: Hydreigon
|-damage|p1a: Hydreigon|0 fnt
|faint|p1a: Hydreigon
|
|-heal|p2a: Attack|93/100|[from] item: Leftovers
|upkeep
|j| Fusien
|
|t:|1743897104
|switch|p1a: Great Tusk|Great Tusk|100/100
|-enditem|p1a: Great Tusk|Booster Energy
|-activate|p1a: Great Tusk|ability: Protosynthesis|[fromitem]
|-start|p1a: Great Tusk|protosynthesisspe
|turn|3
|l| Fusien
|j| Fusien
|
|t:|1743897115
|move|p1a: Great Tusk|Headlong Rush|p2a: Attack
|-damage|p2a: Attack|54/100
|-unboost|p1a: Great Tusk|def|1
|-unboost|p1a: Great Tusk|spd|1
|move|p2a: Attack|Kowtow Cleave|p1a: Great Tusk
|-resisted|p1a: Great Tusk
|-damage|p1a: Great Tusk|50/100
|
|-heal|p2a: Attack|60/100|[from] item: Leftovers
|upkeep
|turn|4
|
|t:|1743897124
|move|p1a: Great Tusk|Headlong Rush|p2a: Attack
|-damage|p2a: Attack|25/100
|-unboost|p1a: Great Tusk|def|1
|-unboost|p1a: Great Tusk|spd|1
|move|p2a: Attack|Kowtow Cleave|p1a: Great Tusk
|-resisted|p1a: Great Tusk
|-damage|p1a: Great Tusk|0 fnt
|faint|p1a: Great Tusk
|-end|p1a: Great Tusk|Protosynthesis|[silent]
|
|-heal|p2a: Attack|31/100|[from] item: Leftovers
|upkeep
|j| Nosferatwo
|
|t:|1743897149
|switch|p1a: Cetitan|Cetitan, F|100/100
|turn|5
|j| ghostyy fellow
|
|t:|1743897174
|-terastallize|p1a: Cetitan|Electric
|move|p1a: Cetitan|Tera Blast|p2a: Attack|[anim] Tera Blast Electric
|-damage|p2a: Attack|7/100
|move|p2a: Attack|Iron Head|p1a: Cetitan
|-resisted|p1a: Cetitan
|-damage|p1a: Cetitan|71/100
|
|-heal|p2a: Attack|13/100|[from] item: Leftovers
|upkeep
|turn|6
|
|t:|1743897181
|move|p1a: Cetitan|Ice Shard|p2a: Attack
|-damage|p2a: Attack|2/100
|move|p2a: Attack|Sucker Punch||[still]
|-fail|p2a: Attack
|
|-heal|p2a: Attack|8/100|[from] item: Leftovers
|upkeep
|turn|7
|
|t:|1743897187
|move|p1a: Cetitan|Ice Shard|p2a: Attack
|-damage|p2a: Attack|0 fnt
|faint|p2a: Attack
|-end|p2a: Attack|fallenundefined|[silent]
|
|upkeep
|
|t:|1743897192
|switch|p2a: Elephant|Great Tusk|100/100
|turn|8
|
|t:|1743897196
|switch|p1a: Ogerpon|Ogerpon-Wellspring, F|100/100
|move|p2a: Elephant|Stealth Rock|p1a: Ogerpon
|-sidestart|p1: MREUhjrwuje|move: Stealth Rock
|
|upkeep
|turn|9
|j| poli sci
|
|t:|1743897204
|-end|p2a: Elephant|Protosynthesis|[silent]
|switch|p2a: Pecharunt|Pecharunt|100/100
|move|p1a: Ogerpon|Swords Dance|p1a: Ogerpon
|-boost|p1a: Ogerpon|atk|2
|
|upkeep
|turn|10
|
|t:|1743897209
|move|p1a: Ogerpon|Ivy Cudgel|p2a: Pecharunt|[anim] Ivy Cudgel Water
|-damage|p2a: Pecharunt|32/100
|move|p2a: Pecharunt|Malignant Chain|p1a: Ogerpon
|-supereffective|p1a: Ogerpon
|-damage|p1a: Ogerpon|0 fnt
|faint|p1a: Ogerpon
|
|-heal|p2a: Pecharunt|38/100|[from] item: Leftovers
|upkeep
|
|t:|1743897215
|switch|p1a: Iron Crown|Iron Crown|100/100
|-damage|p1a: Iron Crown|94/100|[from] Stealth Rock
|turn|11
|
|t:|1743897221
|switch|p2a: Elephant|Great Tusk|100/100
|move|p1a: Iron Crown|Volt Switch|p2a: Elephant
|-immune|p2a: Elephant
|
|upkeep
|turn|12
|
|t:|1743897231
|-end|p1a: Iron Crown|Quark Drive|[silent]
|switch|p1a: Slowking|Slowking-Galar, F|100/100
|move|p2a: Elephant|Headlong Rush|p1a: Slowking
|-supereffective|p1a: Slowking
|-damage|p1a: Slowking|2/100
|-unboost|p2a: Elephant|def|1
|-unboost|p2a: Elephant|spd|1
|
|upkeep
|turn|13
|
|t:|1743897239
|move|p2a: Elephant|Headlong Rush|p1a: Slowking
|-supereffective|p1a: Slowking
|-damage|p1a: Slowking|0 fnt
|-unboost|p2a: Elephant|def|1
|-unboost|p2a: Elephant|spd|1
|faint|p1a: Slowking
|
|upkeep
|
|t:|1743897242
|switch|p1a: Iron Crown|Iron Crown|94/100
|-damage|p1a: Iron Crown|88/100|[from] Stealth Rock
|turn|14
|
|t:|1743897246
|-end|p2a: Elephant|Protosynthesis|[silent]
|switch|p2a: Dragonite|Dragonite, M, shiny|100/100
|move|p1a: Iron Crown|Tachyon Cutter|p2a: Dragonite
|-damage|p2a: Dragonite|80/100
|-damage|p2a: Dragonite|42/100
|-hitcount|p2a: Dragonite|2
|
|upkeep
|turn|15
|
|t:|1743897254
|switch|p2a: Elephant|Great Tusk|100/100
|move|p1a: Iron Crown|Tachyon Cutter|p2a: Elephant
|-damage|p2a: Elephant|49/100
|-damage|p2a: Elephant|3/100
|-hitcount|p2a: Elephant|2
|
|upkeep
|turn|16
|
|t:|1743897257
|move|p1a: Iron Crown|Tachyon Cutter|p2a: Elephant
|-damage|p2a: Elephant|0 fnt
|faint|p2a: Elephant
|-end|p2a: Elephant|Protosynthesis|[silent]
|-hitcount|p2: Elephant|1
|
|upkeep
|
|t:|1743897263
|switch|p2a: Brah|Samurott-Hisui, F, shiny|100/100
|turn|17
|
|t:|1743897266
|-end|p1a: Iron Crown|Quark Drive|[silent]
|switch|p1a: Cetitan|Cetitan, F, tera:Electric|71/100
|-damage|p1a: Cetitan|59/100|[from] Stealth Rock
|move|p2a: Brah|Sucker Punch||[still]
|-fail|p2a: Brah
|
|upkeep
|turn|18
|j| iwontdanceagain
|
|t:|1743897273
|move|p2a: Brah|Ceaseless Edge|p1a: Cetitan
|-damage|p1a: Cetitan|32/100
|-sidestart|p1: MREUhjrwuje|Spikes
|-enditem|p1a: Cetitan|Sitrus Berry|[eat]
|-heal|p1a: Cetitan|57/100|[from] item: Sitrus Berry
|move|p1a: Cetitan|Tera Blast|p2a: Brah|[anim] Tera Blast Electric
|-supereffective|p2a: Brah
|-damage|p2a: Brah|26/100
|
|upkeep
|turn|19
|
|t:|1743897281
|move|p2a: Brah|Ceaseless Edge|p1a: Cetitan
|-damage|p1a: Cetitan|31/100
|-sidestart|p1: MREUhjrwuje|Spikes
|move|p1a: Cetitan|Tera Blast|p2a: Brah|[anim] Tera Blast Electric
|-supereffective|p2a: Brah
|-damage|p2a: Brah|0 fnt
|faint|p2a: Brah
|
|upkeep
|
|t:|1743897290
|switch|p2a: Lean Man|Iron Valiant, shiny|100/100
|turn|20
|
|t:|1743897295
|move|p2a: Lean Man|Moonblast|p1a: Cetitan
|-damage|p1a: Cetitan|0 fnt
|faint|p1a: Cetitan
|
|upkeep
|
|t:|1743897297
|switch|p1a: Iron Crown|Iron Crown|88/100
|-damage|p1a: Iron Crown|82/100|[from] Stealth Rock
|-damage|p1a: Iron Crown|65/100|[from] Spikes
|turn|21
|
|t:|1743897298
|move|p2a: Lean Man|Moonblast|p1a: Iron Crown
|-resisted|p1a: Iron Crown
|-damage|p1a: Iron Crown|32/100
|move|p1a: Iron Crown|Tachyon Cutter|p2a: Lean Man
|-supereffective|p2a: Lean Man
|-damage|p2a: Lean Man|0 fnt
|faint|p2a: Lean Man
|-end|p2a: Lean Man|Quark Drive|[silent]
|-hitcount|p2: Lean Man|1
|
|upkeep
|
|t:|1743897306
|switch|p2a: Pecharunt|Pecharunt|38/100
|turn|22
|
|t:|1743897309
|move|p1a: Iron Crown|Tachyon Cutter|p2a: Pecharunt
|-damage|p2a: Pecharunt|0 fnt
|faint|p2a: Pecharunt
|-hitcount|p2: Pecharunt|1
|
|upkeep
|
|t:|1743897312
|switch|p2a: Dragonite|Dragonite, M, shiny|42/100
|turn|23
|
|t:|1743897313
|move|p2a: Dragonite|Extreme Speed|p1a: Iron Crown
|-resisted|p1a: Iron Crown
|-damage|p1a: Iron Crown|16/100
|move|p1a: Iron Crown|Tachyon Cutter|p2a: Dragonite
|-damage|p2a: Dragonite|2/100
|-damage|p2a: Dragonite|0 fnt
|faint|p2a: Dragonite
|-hitcount|p2: Dragonite|2
|
|win|MREUhjrwuje
|c|☆T-Garchomp|GG
|c|☆MREUhjrwuje|gg
