|j|☆rising skies
|j|☆jyvon12811
|t:|1743874989
|gametype|singles
|player|p1|rising skies|2|1437
|player|p2|jyvon12811|2|1443
|teamsize|p1|6
|teamsize|p2|6
|gen|9
|tier|[Gen 9] OU
|rated|
|rule|HP Percentage Mod: HP is shown in percentages
|rule|Endless Battle Clause: Forcing endless battles is banned
|rule|Species Clause: Limit one of each Pokémon
|rule|OHKO Clause: OHKO moves are banned
|rule|Evasion Items Clause: Evasion items are banned
|rule|Evasion Moves Clause: Evasion moves are banned
|rule|Sleep Moves Clause: Sleep-inducing moves are banned
|clearpoke
|poke|p1|Iron Crown|
|poke|p1|Electivire, F|
|poke|p1|Great Tusk|
|poke|p1|Lokix, M|
|poke|p1|Ninetales-Alola, F|
|poke|p1|Thundurus, M|
|poke|p2|Ninetales, M|
|poke|p2|Hatterene, F|
|poke|p2|Walking Wake|
|poke|p2|Great Tusk|
|poke|p2|Raging Bolt|
|poke|p2|Venusaur, F|
|teampreview
|inactive|Battle timer is ON: inactive players will automatically lose when time's up. (requested by jyvon12811)
|inactive|rising skies also wants the timer to be on.
|
|t:|1743875005
|start
|switch|p1a: Thundurus|Thundurus, M, shiny|100/100
|switch|p2a: Walking Wake|Walking Wake|100/100
|turn|1
|
|t:|1743875020
|move|p1a: Thundurus|Thunder Wave|p2a: Walking Wake
|-status|p2a: Walking Wake|par
|move|p2a: Walking Wake|Hydro Steam|p1a: Thundurus
|-damage|p1a: Thundurus|12/100
|
|upkeep
|turn|2
|
|t:|1743875028
|-end|p2a: Walking Wake|Protosynthesis|[silent]
|switch|p2a: Hatterene|Hatterene, F|100/100
|move|p1a: Thundurus|Thunderbolt|p2a: Hatterene
|-damage|p2a: Hatterene|54/100
|-enditem|p2a: Hatterene|Eject Button
|
|t:|1743875041
|switch|p2a: Ninetales|Ninetales, M|100/100
|-weather|SunnyDay|[from] ability: Drought|[of] p2a: Ninetales
|
|-weather|SunnyDay|[upkeep]
|upkeep
|turn|3
|
|t:|1743875053
|switch|p1a: Ninetales|Ninetales-Alola, F|100/100
|-weather|Snowscape|[from] ability: Snow Warning|[of] p1a: Ninetales
|move|p2a: Ninetales|Flamethrower|p1a: Ninetales
|-supereffective|p1a: Ninetales
|-damage|p1a: Ninetales|47/100
|
|-weather|Snowscape|[upkeep]
|upkeep
|turn|4
|
|t:|1743875063
|move|p1a: Ninetales|Aurora Veil|p1a: Ninetales
|-sidestart|p1: rising skies|move: Aurora Veil
|move|p2a: Ninetales|Encore|p1a: Ninetales
|-start|p1a: Ninetales|Encore
|
|-weather|Snowscape|[upkeep]
|upkeep
|turn|5
|
|t:|1743875072
|switch|p1a: Electivire|Electivire, F|100/100
|move|p2a: Ninetales|Will-O-Wisp|p1a: Electivire
|-status|p1a: Electivire|brn
|
|-weather|Snowscape|[upkeep]
|-damage|p1a: Electivire|94/100 brn|[from] brn
|upkeep
|turn|6
|
|t:|1743875082
|switch|p2a: Hatterene|Hatterene, F|54/100
|move|p1a: Electivire|Bulk Up|p1a: Electivire
|-boost|p1a: Electivire|atk|1
|-boost|p1a: Electivire|def|1
|
|-weather|Snowscape|[upkeep]
|-damage|p1a: Electivire|88/100 brn|[from] brn
|upkeep
|turn|7
|
|t:|1743875093
|move|p1a: Electivire|Bulk Up|p1a: Electivire
|-boost|p1a: Electivire|atk|1
|-boost|p1a: Electivire|def|1
|move|p2a: Hatterene|Healing Wish|p2a: Hatterene
|faint|p2a: Hatterene
|
|-weather|none
|-damage|p1a: Electivire|82/100 brn|[from] brn
|upkeep
|
|t:|1743875112
|switch|p2a: Ninetales|Ninetales, M|100/100
|-weather|SunnyDay|[from] ability: Drought|[of] p2a: Ninetales
|turn|8
|
|t:|1743875117
|move|p2a: Ninetales|Encore|p1a: Electivire
|-start|p1a: Electivire|Encore
|move|p1a: Electivire|Bulk Up|p1a: Electivire
|-boost|p1a: Electivire|atk|1
|-boost|p1a: Electivire|def|1
|
|-weather|SunnyDay|[upkeep]
|-damage|p1a: Electivire|76/100 brn|[from] brn
|upkeep
|turn|9
|
|t:|1743875129
|switch|p1a: Great Tusk|Great Tusk|100/100
|-activate|p1a: Great Tusk|ability: Protosynthesis
|-start|p1a: Great Tusk|protosynthesisatk
|move|p2a: Ninetales|Flamethrower|p1a: Great Tusk
|-damage|p1a: Great Tusk|73/100
|
|-weather|SunnyDay|[upkeep]
|upkeep
|turn|10
|
|t:|1743875151
|switch|p2a: Raging Bolt|Raging Bolt|100/100
|-item|p2a: Raging Bolt|Air Balloon
|-activate|p2a: Raging Bolt|ability: Protosynthesis
|-start|p2a: Raging Bolt|protosynthesisspa
|move|p1a: Great Tusk|Headlong Rush|p2a: Raging Bolt
|-immune|p2a: Raging Bolt
|
|-weather|SunnyDay|[upkeep]
|upkeep
|turn|11
|
|t:|1743875162
|move|p1a: Great Tusk|Rapid Spin|p2a: Raging Bolt
|-damage|p2a: Raging Bolt|79/100
|-boost|p1a: Great Tusk|spe|1
|-enditem|p2a: Raging Bolt|Air Balloon
|move|p2a: Raging Bolt|Dragon Pulse|p1a: Great Tusk
|-crit|p1a: Great Tusk
|-damage|p1a: Great Tusk|0 fnt
|faint|p1a: Great Tusk
|-end|p1a: Great Tusk|Protosynthesis|[silent]
|
|-weather|SunnyDay|[upkeep]
|-sideend|p1: rising skies|move: Aurora Veil
|upkeep
|
|t:|1743875174
|switch|p1a: Ninetales|Ninetales-Alola, F|47/100
|-weather|Snowscape|[from] ability: Snow Warning|[of] p1a: Ninetales
|-end|p2a: Raging Bolt|Protosynthesis
|turn|12
|
|t:|1743875179
|switch|p1a: Thundurus|Thundurus, M, shiny|12/100
|-end|p2a: Raging Bolt|Protosynthesis|[silent]
|switch|p2a: Ninetales|Ninetales, M|100/100
|-weather|SunnyDay|[from] ability: Drought|[of] p2a: Ninetales
|
|-weather|SunnyDay|[upkeep]
|upkeep
|turn|13
|
|t:|1743875191
|switch|p2a: Walking Wake|Walking Wake|100/100 par
|-heal|p2a: Walking Wake|100/100|[from] move: Healing Wish
|-activate|p2a: Walking Wake|ability: Protosynthesis
|-start|p2a: Walking Wake|protosynthesisspe
|move|p1a: Thundurus|Thunderbolt|p2a: Walking Wake
|-damage|p2a: Walking Wake|47/100
|
|-weather|SunnyDay|[upkeep]
|upkeep
|turn|14
|
|t:|1743875211
|move|p1a: Thundurus|Thunder Wave|p2a: Walking Wake|[miss]
|-miss|p1a: Thundurus|p2a: Walking Wake
|move|p2a: Walking Wake|Flamethrower|p1a: Thundurus
|-damage|p1a: Thundurus|0 fnt
|faint|p1a: Thundurus
|
|-weather|SunnyDay|[upkeep]
|upkeep
|
|t:|1743875222
|switch|p1a: Lokix|Lokix, M|100/100
|turn|15
|
|t:|1743875233
|move|p2a: Walking Wake|Flamethrower|p1a: Lokix
|-supereffective|p1a: Lokix
|-enditem|p1a: Lokix|Focus Sash
|-damage|p1a: Lokix|1/100
|-status|p1a: Lokix|brn
|move|p1a: Lokix|Leech Life|p2a: Walking Wake
|-damage|p2a: Walking Wake|28/100
|-heal|p1a: Lokix|13/100 brn|[from] drain|[of] p2a: Walking Wake
|
|-weather|SunnyDay|[upkeep]
|-damage|p1a: Lokix|7/100 brn|[from] brn
|upkeep
|turn|16
|
|t:|1743875246
|move|p1a: Lokix|Sucker Punch|p2a: Walking Wake
|-damage|p2a: Walking Wake|11/100
|move|p2a: Walking Wake|Flamethrower|p1a: Lokix
|-supereffective|p1a: Lokix
|-damage|p1a: Lokix|0 fnt
|faint|p1a: Lokix
|
|-weather|SunnyDay|[upkeep]
|upkeep
|c|☆rising skies|insane luck this game lmao
|inactive|rising skies has 120 seconds left.
|
|t:|1743875276
|switch|p1a: Electivire|Electivire, F|76/100 brn
|turn|17
|
|t:|1743875280
|move|p2a: Walking Wake|Flamethrower|p1a: Electivire
|-damage|p1a: Electivire|0 fnt
|faint|p1a: Electivire
|
|-weather|SunnyDay|[upkeep]
|upkeep
|
|t:|1743875284
|switch|p1a: Ninetales|Ninetales-Alola, F|47/100
|-weather|Snowscape|[from] ability: Snow Warning|[of] p1a: Ninetales
|-end|p2a: Walking Wake|Protosynthesis
|turn|18
|
|t:|1743875292
|-end|p2a: Walking Wake|Protosynthesis|[silent]
|switch|p2a: Ninetales|Ninetales, M|100/100
|-weather|SunnyDay|[from] ability: Drought|[of] p2a: Ninetales
|switch|p1a: Iron Crown|Iron Crown|100/100
|-enditem|p1a: Iron Crown|Booster Energy
|-activate|p1a: Iron Crown|ability: Quark Drive|[fromitem]
|-start|p1a: Iron Crown|quarkdrivespe
|
|-weather|SunnyDay|[upkeep]
|upkeep
|turn|19
|
|t:|1743875313
|-end|p1a: Iron Crown|Quark Drive|[silent]
|switch|p1a: Ninetales|Ninetales-Alola, F|47/100
|-weather|Snowscape|[from] ability: Snow Warning|[of] p1a: Ninetales
|move|p2a: Ninetales|Flamethrower|p1a: Ninetales
|-supereffective|p1a: Ninetales
|-damage|p1a: Ninetales|0 fnt
|faint|p1a: Ninetales
|
|-weather|Snowscape|[upkeep]
|upkeep
|
|t:|1743875320
|switch|p1a: Iron Crown|Iron Crown|100/100
|turn|20
|
|t:|1743875327
|-terastallize|p1a: Iron Crown|Fighting
|move|p2a: Ninetales|Flamethrower|p1a: Iron Crown
|-damage|p1a: Iron Crown|75/100
|move|p1a: Iron Crown|Calm Mind|p1a: Iron Crown
|-boost|p1a: Iron Crown|spa|1
|-boost|p1a: Iron Crown|spd|1
|
|-weather|Snowscape|[upkeep]
|upkeep
|turn|21
|
|t:|1743875337
|move|p2a: Ninetales|Encore|p1a: Iron Crown
|-start|p1a: Iron Crown|Encore
|move|p1a: Iron Crown|Calm Mind|p1a: Iron Crown
|-boost|p1a: Iron Crown|spa|1
|-boost|p1a: Iron Crown|spd|1
|
|-weather|Snowscape|[upkeep]
|upkeep
|turn|22
|-message|rising skies forfeited.
|
|win|jyvon12811
|raw|rising skies's rating: 1437 &rarr; <strong>1417</strong><br />(-20 for losing)
|raw|jyvon12811's rating: 1443 &rarr; <strong>1463</strong><br />(+20 for winning)
|l|☆rising skies
|player|p1|
|l|☆jyvon12811
|player|p2|
