|j|☆RealMorgado
|j|☆AERLZ_
|t:|1743913285
|gametype|singles
|player|p1|RealMorgado|cilan|1275
|player|p2|AERLZ_|170|1331
|teamsize|p1|6
|teamsize|p2|6
|gen|9
|tier|[Gen 9] OU
|rated|
|rule|HP Percentage Mod: HP is shown in percentages
|rule|Endless Battle Clause: Forcing endless battles is banned
|rule|Species Clause: Limit one of each Pokémon
|rule|OHKO Clause: OHKO moves are banned
|rule|Evasion Items Clause: Evasion items are banned
|rule|Evasion Moves Clause: Evasion moves are banned
|rule|Sleep Moves Clause: Sleep-inducing moves are banned
|clearpoke
|poke|p1|Pelipper, F|
|poke|p1|Azumarill, M|
|poke|p1|Landorus-Therian, M|
|poke|p1|Glimmora, F|
|poke|p1|Ribombee, M|
|poke|p1|Gholdengo|
|poke|p2|Kyurem|
|poke|p2|Ting-Lu|
|poke|p2|Corviknight, M|
|poke|p2|Weezing-Galar, M|
|poke|p2|Zamazenta-*|
|poke|p2|Toxapex, M|
|teampreview
|
|t:|1743913332
|start
|switch|p1a: Landorus|Landorus-Therian, M|100/100
|switch|p2a: Serpentine|Toxapex, M, shiny|100/100
|-ability|p1a: Landorus|Intimidate|boost
|-unboost|p2a: Serpentine|atk|1
|turn|1
|inactive|Battle timer is ON: inactive players will automatically lose when time's up. (requested by AERLZ_)
|j| LillieZ7
|
|t:|1743913342
|switch|p2a: Yami|Corviknight, M, shiny|100/100
|-ability|p2a: Yami|Pressure
|move|p1a: Landorus|Taunt|p2a: Yami
|-start|p2a: Yami|move: Taunt
|
|upkeep
|turn|2
|
|t:|1743913350
|move|p1a: Landorus|Stealth Rock|p2a: Yami
|-sidestart|p2: AERLZ_|move: Stealth Rock
|move|p2a: Yami|U-turn|p1a: Landorus
|-resisted|p1a: Landorus
|-damage|p1a: Landorus|93/100
|
|t:|1743913360
|switch|p2a: Kyotaro|Kyurem, shiny|100/100|[from] U-turn
|-damage|p2a: Kyotaro|76/100|[from] Stealth Rock
|-ability|p2a: Kyotaro|Pressure
|
|-heal|p2a: Kyotaro|82/100|[from] item: Leftovers
|-heal|p1a: Landorus|99/100|[from] item: Leftovers
|upkeep
|turn|3
|
|t:|1743913370
|move|p2a: Kyotaro|Substitute|p2a: Kyotaro
|-start|p2a: Kyotaro|Substitute
|-damage|p2a: Kyotaro|57/100
|move|p1a: Landorus|U-turn|p2a: Kyotaro
|-end|p2a: Kyotaro|Substitute
|
|t:|1743913378
|switch|p1a: Ribombee|Ribombee, M|100/100|[from] U-turn
|
|-heal|p2a: Kyotaro|63/100|[from] item: Leftovers
|upkeep
|turn|4
|
|t:|1743913388
|move|p1a: Ribombee|Moonblast|p2a: Kyotaro
|-supereffective|p2a: Kyotaro
|-damage|p2a: Kyotaro|0 fnt
|faint|p2a: Kyotaro
|
|upkeep
|
|t:|1743913396
|switch|p2a: Serpentine|Toxapex, M, shiny|100/100
|-damage|p2a: Serpentine|88/100|[from] Stealth Rock
|turn|5
|
|t:|1743913401
|move|p1a: Ribombee|Sticky Web|p2a: Serpentine
|-sidestart|p2: AERLZ_|move: Sticky Web
|move|p2a: Serpentine|Sludge Bomb|p1a: Ribombee
|-supereffective|p1a: Ribombee
|-enditem|p1a: Ribombee|Focus Sash
|-damage|p1a: Ribombee|1/100
|-status|p1a: Ribombee|psn
|
|-damage|p1a: Ribombee|0 fnt|[from] psn
|faint|p1a: Ribombee
|upkeep
|
|t:|1743913412
|switch|p1a: Pelipper|Pelipper, F|100/100
|-weather|RainDance|[from] ability: Drizzle|[of] p1a: Pelipper
|turn|6
|
|t:|1743913440
|move|p1a: Pelipper|U-turn|p2a: Serpentine
|-resisted|p2a: Serpentine
|-damage|p2a: Serpentine|85/100
|
|t:|1743913451
|switch|p1a: Azumarill|Azumarill, M|100/100|[from] U-turn
|move|p2a: Serpentine|Surf|p1a: Azumarill
|-resisted|p1a: Azumarill
|-damage|p1a: Azumarill|80/100
|
|-weather|RainDance|[upkeep]
|upkeep
|turn|7
|
|t:|1743913463
|switch|p1a: Gholdengo|Gholdengo|100/100
|-item|p1a: Gholdengo|Air Balloon
|move|p2a: Serpentine|Sludge Bomb|p1a: Gholdengo
|-immune|p1a: Gholdengo
|
|-weather|RainDance|[upkeep]
|upkeep
|turn|8
|
|t:|1743913473
|move|p1a: Gholdengo|Nasty Plot|p1a: Gholdengo
|-boost|p1a: Gholdengo|spa|2
|move|p2a: Serpentine|Surf|p1a: Gholdengo
|-damage|p1a: Gholdengo|51/100
|-enditem|p1a: Gholdengo|Air Balloon
|
|-weather|RainDance|[upkeep]
|upkeep
|turn|9
|
|t:|1743913488
|-terastallize|p2a: Serpentine|Water
|move|p1a: Gholdengo|Psyshock|p2a: Serpentine
|-damage|p2a: Serpentine|41/100
|move|p2a: Serpentine|Surf|p1a: Gholdengo
|-damage|p1a: Gholdengo|0 fnt
|faint|p1a: Gholdengo
|
|-weather|RainDance|[upkeep]
|upkeep
|
|t:|1743913500
|switch|p1a: Pelipper|Pelipper, F|100/100
|turn|10
|
|t:|1743913512
|switch|p2a: Sentinel|Weezing-Galar, M, shiny|100/100
|-ability|p2a: Sentinel|Neutralizing Gas
|move|p1a: Pelipper|Hurricane|p2a: Sentinel
|-damage|p2a: Sentinel|34/100
|-start|p2a: Sentinel|confusion
|
|-weather|none
|upkeep
|turn|11
|
|t:|1743913540
|move|p1a: Pelipper|Hurricane|p2a: Sentinel
|-damage|p2a: Sentinel|0 fnt
|faint|p2a: Sentinel
|-end|p2a: Sentinel|ability: Neutralizing Gas
|-weather|RainDance|[from] ability: Drizzle|[of] p1a: Pelipper
|
|-weather|RainDance|[upkeep]
|upkeep
|
|t:|1743913550
|switch|p2a: Goliath|Ting-Lu|100/100
|-damage|p2a: Goliath|94/100|[from] Stealth Rock
|-activate|p2a: Goliath|move: Sticky Web
|-unboost|p2a: Goliath|spe|1
|-ability|p2a: Goliath|Vessel of Ruin
|turn|12
|
|t:|1743913558
|switch|p1a: Landorus|Landorus-Therian, M|99/100
|-ability|p1a: Landorus|Intimidate|boost
|-unboost|p2a: Goliath|atk|1
|move|p2a: Goliath|Stealth Rock|p1a: Landorus
|-sidestart|p1: RealMorgado|move: Stealth Rock
|
|-weather|RainDance|[upkeep]
|-heal|p1a: Landorus|100/100|[from] item: Leftovers
|-heal|p2a: Goliath|100/100|[from] item: Leftovers
|upkeep
|turn|13
|
|t:|1743913568
|move|p1a: Landorus|U-turn|p2a: Goliath
|-supereffective|p2a: Goliath
|-damage|p2a: Goliath|73/100
|
|t:|1743913572
|switch|p1a: Glimmora|Glimmora, F|100/100|[from] U-turn
|-damage|p1a: Glimmora|88/100|[from] Stealth Rock
|move|p2a: Goliath|Ruination|p1a: Glimmora|[miss]
|-miss|p2a: Goliath|p1a: Glimmora
|
|-weather|RainDance|[upkeep]
|-heal|p2a: Goliath|79/100|[from] item: Leftovers
|upkeep
|turn|14
|
|t:|1743913595
|move|p1a: Glimmora|Mortal Spin|p2a: Goliath
|-resisted|p2a: Goliath
|-damage|p2a: Goliath|77/100
|-status|p2a: Goliath|psn
|-sideend|p1: RealMorgado|Stealth Rock|[from] move: Mortal Spin|[of] p1a: Glimmora
|move|p2a: Goliath|Earthquake|p1a: Glimmora
|-supereffective|p1a: Glimmora
|-damage|p1a: Glimmora|0 fnt
|-activate|p1a: Glimmora|ability: Toxic Debris
|-sidestart|p2: AERLZ_|move: Toxic Spikes
|faint|p1a: Glimmora
|
|-weather|RainDance|[upkeep]
|-heal|p2a: Goliath|84/100 psn|[from] item: Leftovers
|-damage|p2a: Goliath|71/100 psn|[from] psn
|upkeep
|
|t:|1743913612
|switch|p1a: Pelipper|Pelipper, F|100/100
|turn|15
|
|t:|1743913621
|move|p1a: Pelipper|Surf|p2a: Goliath
|-supereffective|p2a: Goliath
|-damage|p2a: Goliath|20/100 psn
|move|p2a: Goliath|Ruination|p1a: Pelipper
|-damage|p1a: Pelipper|50/100
|
|-weather|none
|-heal|p2a: Goliath|26/100 psn|[from] item: Leftovers
|-damage|p2a: Goliath|14/100 psn|[from] psn
|upkeep
|turn|16
|
|t:|1743913632
|switch|p2a: Serpentine|Toxapex, M, shiny, tera:Water|74/100
|-damage|p2a: Serpentine|62/100|[from] Stealth Rock
|-activate|p2a: Serpentine|move: Sticky Web
|-unboost|p2a: Serpentine|spe|1
|-status|p2a: Serpentine|psn
|move|p1a: Pelipper|Surf|p2a: Serpentine
|-resisted|p2a: Serpentine
|-damage|p2a: Serpentine|50/100 psn
|
|-damage|p2a: Serpentine|37/100 psn|[from] psn
|upkeep
|turn|17
|
|t:|1743913645
|switch|p1a: Azumarill|Azumarill, M|80/100
|move|p2a: Serpentine|Sludge Bomb|p1a: Azumarill
|-supereffective|p1a: Azumarill
|-damage|p1a: Azumarill|18/100
|-enditem|p1a: Azumarill|Sitrus Berry|[eat]
|-heal|p1a: Azumarill|43/100|[from] item: Sitrus Berry
|
|-damage|p2a: Serpentine|25/100 psn|[from] psn
|upkeep
|turn|18
|
|t:|1743913656
|move|p1a: Azumarill|Waterfall|p2a: Serpentine
|-resisted|p2a: Serpentine
|-damage|p2a: Serpentine|7/100 psn
|move|p2a: Serpentine|Sludge Bomb|p1a: Azumarill
|-supereffective|p1a: Azumarill
|-damage|p1a: Azumarill|0 fnt
|faint|p1a: Azumarill
|
|-damage|p2a: Serpentine|0 fnt|[from] psn
|faint|p2a: Serpentine
|upkeep
|
|t:|1743913670
|switch|p1a: Pelipper|Pelipper, F|50/100
|switch|p2a: Trojan|Zamazenta, shiny|100/100
|-damage|p2a: Trojan|94/100|[from] Stealth Rock
|-activate|p2a: Trojan|move: Sticky Web
|-unboost|p2a: Trojan|spe|1
|-status|p2a: Trojan|psn
|-ability|p2a: Trojan|Dauntless Shield|boost
|-boost|p2a: Trojan|def|1
|-weather|RainDance|[from] ability: Drizzle|[of] p1a: Pelipper
|turn|19
|
|t:|1743913682
|move|p1a: Pelipper|Hurricane|p2a: Trojan
|-supereffective|p2a: Trojan
|-damage|p2a: Trojan|0 fnt
|faint|p2a: Trojan
|
|-weather|RainDance|[upkeep]
|upkeep
|
|t:|1743913689
|switch|p2a: Yami|Corviknight, M, shiny|100/100
|-damage|p2a: Yami|88/100|[from] Stealth Rock
|-ability|p2a: Yami|Pressure
|turn|20
|
|t:|1743913703
|switch|p1a: Landorus|Landorus-Therian, M|100/100
|-ability|p1a: Landorus|Intimidate|boost
|-unboost|p2a: Yami|atk|1
|move|p2a: Yami|Roost|p2a: Yami
|-heal|p2a: Yami|100/100
|-singleturn|p2a: Yami|move: Roost
|
|-weather|RainDance|[upkeep]
|upkeep
|turn|21
|
|t:|1743913714
|move|p1a: Landorus|Taunt|p2a: Yami
|-start|p2a: Yami|move: Taunt
|cant|p2a: Yami|move: Taunt|Iron Defense
|
|-weather|RainDance|[upkeep]
|upkeep
|turn|22
|
|t:|1743913725
|move|p1a: Landorus|U-turn|p2a: Yami
|-resisted|p2a: Yami
|-damage|p2a: Yami|96/100
|-damage|p1a: Landorus|84/100|[from] item: Rocky Helmet|[of] p2a: Yami
|
|t:|1743913732
|switch|p1a: Pelipper|Pelipper, F|50/100|[from] U-turn
|move|p2a: Yami|Brave Bird|p1a: Pelipper
|-damage|p1a: Pelipper|21/100
|-damage|p2a: Yami|90/100|[from] Recoil
|
|-weather|RainDance|[upkeep]
|upkeep
|turn|23
|
|t:|1743913743
|switch|p2a: Goliath|Ting-Lu|14/100 psn
|-damage|p2a: Goliath|7/100 psn|[from] Stealth Rock
|-activate|p2a: Goliath|move: Sticky Web
|-unboost|p2a: Goliath|spe|1
|-ability|p2a: Goliath|Vessel of Ruin
|move|p1a: Pelipper|Surf|p2a: Goliath
|-supereffective|p2a: Goliath
|-damage|p2a: Goliath|0 fnt
|faint|p2a: Goliath
|
|-weather|none
|upkeep
|
|t:|1743913751
|switch|p2a: Yami|Corviknight, M, shiny|90/100
|-damage|p2a: Yami|78/100|[from] Stealth Rock
|-ability|p2a: Yami|Pressure
|turn|24
|
|t:|1743913772
|move|p1a: Pelipper|Surf|p2a: Yami
|-damage|p2a: Yami|40/100
|move|p2a: Yami|Roost|p2a: Yami
|-heal|p2a: Yami|90/100
|-singleturn|p2a: Yami|move: Roost
|
|upkeep
|turn|25
|
|t:|1743913781
|move|p1a: Pelipper|Surf|p2a: Yami
|-damage|p2a: Yami|47/100
|move|p2a: Yami|Roost|p2a: Yami
|-heal|p2a: Yami|97/100
|-singleturn|p2a: Yami|move: Roost
|
|upkeep
|turn|26
|
|t:|1743913788
|-terastallize|p1a: Pelipper|Water
|move|p1a: Pelipper|Surf|p2a: Yami
|-damage|p2a: Yami|40/100
|move|p2a: Yami|Roost|p2a: Yami
|-heal|p2a: Yami|90/100
|-singleturn|p2a: Yami|move: Roost
|
|upkeep
|turn|27
|
|t:|1743913798
|move|p1a: Pelipper|Surf|p2a: Yami
|-damage|p2a: Yami|35/100
|move|p2a: Yami|Brave Bird|p1a: Pelipper
|-damage|p1a: Pelipper|0 fnt
|faint|p1a: Pelipper
|-damage|p2a: Yami|31/100|[from] Recoil
|
|upkeep
|
|t:|1743913806
|switch|p1a: Landorus|Landorus-Therian, M|84/100
|-ability|p1a: Landorus|Intimidate|boost
|-unboost|p2a: Yami|atk|1
|turn|28
|
|t:|1743913813
|move|p1a: Landorus|U-turn|p2a: Yami
|-resisted|p2a: Yami
|-damage|p2a: Yami|27/100
|-damage|p1a: Landorus|67/100|[from] item: Rocky Helmet|[of] p2a: Yami
|move|p2a: Yami|Roost|p2a: Yami
|-heal|p2a: Yami|77/100
|-singleturn|p2a: Yami|move: Roost
|
|-heal|p1a: Landorus|73/100|[from] item: Leftovers
|upkeep
|turn|29
|
|t:|1743913823
|move|p1a: Landorus|Taunt|p2a: Yami
|-start|p2a: Yami|move: Taunt
|cant|p2a: Yami|move: Taunt|Iron Defense
|
|-heal|p1a: Landorus|79/100|[from] item: Leftovers
|upkeep
|turn|30
|
|t:|1743913833
|move|p1a: Landorus|Stealth Rock||[still]
|-fail|p1a: Landorus
|move|p2a: Yami|U-turn|p1a: Landorus
|-resisted|p1a: Landorus
|-damage|p1a: Landorus|74/100
|
|-heal|p1a: Landorus|79/100|[from] item: Leftovers
|upkeep
|turn|31
|
|t:|1743913841
|move|p1a: Landorus|Taunt||[still]
|-fail|p1a: Landorus
|move|p2a: Yami|U-turn|p1a: Landorus
|-resisted|p1a: Landorus
|-damage|p1a: Landorus|74/100
|
|-heal|p1a: Landorus|80/100|[from] item: Leftovers
|-end|p2a: Yami|move: Taunt
|upkeep
|turn|32
|inactive|RealMorgado has 120 seconds left.
|
|t:|1743913879
|move|p1a: Landorus|Taunt|p2a: Yami
|-start|p2a: Yami|move: Taunt
|move|p2a: Yami|U-turn|p1a: Landorus
|-resisted|p1a: Landorus
|-damage|p1a: Landorus|74/100
|
|-heal|p1a: Landorus|80/100|[from] item: Leftovers
|upkeep
|turn|33
|inactive|RealMorgado has 120 seconds left.
|
|t:|1743913904
|move|p1a: Landorus|Stealth Rock||[still]
|-fail|p1a: Landorus
|move|p2a: Yami|U-turn|p1a: Landorus
|-resisted|p1a: Landorus
|-damage|p1a: Landorus|74/100
|
|-heal|p1a: Landorus|80/100|[from] item: Leftovers
|upkeep
|turn|34
|
|t:|1743913912
|move|p1a: Landorus|Stealth Rock||[still]
|-fail|p1a: Landorus
|move|p2a: Yami|U-turn|p1a: Landorus
|-resisted|p1a: Landorus
|-damage|p1a: Landorus|74/100
|
|-heal|p1a: Landorus|79/100|[from] item: Leftovers
|-end|p2a: Yami|move: Taunt
|upkeep
|turn|35
|
|t:|1743913921
|move|p1a: Landorus|Taunt|p2a: Yami
|-start|p2a: Yami|move: Taunt
|move|p2a: Yami|U-turn|p1a: Landorus
|-resisted|p1a: Landorus
|-damage|p1a: Landorus|74/100
|
|-heal|p1a: Landorus|79/100|[from] item: Leftovers
|upkeep
|turn|36
|inactive|RealMorgado has 120 seconds left.
|
|t:|1743913929
|move|p1a: Landorus|Stealth Rock||[still]
|-fail|p1a: Landorus
|move|p2a: Yami|U-turn|p1a: Landorus
|-resisted|p1a: Landorus
|-damage|p1a: Landorus|74/100
|
|-heal|p1a: Landorus|79/100|[from] item: Leftovers
|upkeep
|turn|37
|
|t:|1743913938
|move|p1a: Landorus|Stealth Rock||[still]
|-fail|p1a: Landorus
|move|p2a: Yami|U-turn|p1a: Landorus
|-resisted|p1a: Landorus
|-damage|p1a: Landorus|74/100
|
|-heal|p1a: Landorus|79/100|[from] item: Leftovers
|-end|p2a: Yami|move: Taunt
|upkeep
|turn|38
|
|t:|1743913947
|move|p1a: Landorus|Taunt|p2a: Yami
|-start|p2a: Yami|move: Taunt
|move|p2a: Yami|Brave Bird|p1a: Landorus
|-damage|p1a: Landorus|52/100
|-damage|p2a: Yami|70/100|[from] Recoil
|
|-heal|p1a: Landorus|58/100|[from] item: Leftovers
|upkeep
|turn|39
|
|t:|1743913957
|move|p1a: Landorus|Stealth Rock||[still]
|-fail|p1a: Landorus
|move|p2a: Yami|Brave Bird|p1a: Landorus
|-damage|p1a: Landorus|28/100
|-damage|p2a: Yami|62/100|[from] Recoil
|
|-heal|p1a: Landorus|34/100|[from] item: Leftovers
|upkeep
|turn|40
|
|t:|1743913966
|move|p1a: Landorus|Earthquake|p2a: Yami
|-immune|p2a: Yami
|move|p2a: Yami|Brave Bird|p1a: Landorus
|-damage|p1a: Landorus|6/100
|-damage|p2a: Yami|54/100|[from] Recoil
|
|-heal|p1a: Landorus|12/100|[from] item: Leftovers
|-end|p2a: Yami|move: Taunt
|upkeep
|turn|41
|
|t:|1743913977
|move|p1a: Landorus|Earthquake|p2a: Yami
|-immune|p2a: Yami
|move|p2a: Yami|Brave Bird|p1a: Landorus
|-damage|p1a: Landorus|0 fnt
|faint|p1a: Landorus
|-damage|p2a: Yami|51/100|[from] Recoil
|
|win|AERLZ_
|raw|RealMorgado's rating: 1275 &rarr; <strong>1254</strong><br />(-21 for losing)
|raw|AERLZ_'s rating: 1331 &rarr; <strong>1348</strong><br />(+17 for winning)
|l|☆AERLZ_
|player|p2|
|l|☆RealMorgado
|player|p1|
