|j|‽Fuglekongen
|j|☆NOOB_2010
|t:|1743845158
|gametype|singles
|player|p1|Fuglekongen|tate|1313
|player|p2|NOOB_2010|swimmerf|1244
|teamsize|p1|6
|teamsize|p2|6
|gen|9
|tier|[Gen 9] OU
|rated|
|rule|HP Percentage Mod: HP is shown in percentages
|rule|Endless Battle Clause: Forcing endless battles is banned
|rule|Species Clause: Limit one of each Pokémon
|rule|OHKO Clause: OHKO moves are banned
|rule|Evasion Items Clause: Evasion items are banned
|rule|Evasion Moves Clause: Evasion moves are banned
|rule|Sleep Moves Clause: Sleep-inducing moves are banned
|clearpoke
|poke|p1|Meowscarada, M|
|poke|p1|Great Tusk|
|poke|p1|Slowking-Galar, F|
|poke|p1|Dragapult, M|
|poke|p1|Alomomola, F|
|poke|p1|Garchomp, F|
|poke|p2|Ogerpon-Wellspring, F|
|poke|p2|Landorus-Therian, M|
|poke|p2|Alomomola, F|
|poke|p2|Talonflame, F|
|poke|p2|Iron Valiant|
|poke|p2|Coalossal, M|
|teampreview
|
|t:|1743845173
|start
|switch|p1a: Alomomola|Alomomola, F|100/100
|switch|p2a: Landingus|Landorus-Therian, M|100/100
|-ability|p2a: Landingus|Intimidate|boost
|-unboost|p1a: Alomomola|atk|1
|turn|1
|
|t:|1743845180
|move|p2a: Landingus|Stealth Rock|p1a: Alomomola
|-sidestart|p1: Fuglekongen|move: Stealth Rock
|move|p1a: Alomomola|Ice Beam|p2a: Landingus
|-supereffective|p2a: Landingus
|-damage|p2a: Landingus|60/100
|
|upkeep
|turn|2
|
|t:|1743845186
|move|p2a: Landingus|U-turn|p1a: Alomomola
|-damage|p1a: Alomomola|88/100
|
|t:|1743845188
|switch|p2a: Shrek|Ogerpon-Wellspring, F|100/100|[from] U-turn
|move|p1a: Alomomola|Flip Turn|p2a: Shrek
|-immune|p2a: Shrek|[from] ability: Water Absorb
|
|upkeep
|turn|3
|
|t:|1743845208
|switch|p1a: Meowscarada|Meowscarada, M|100/100
|-damage|p1a: Meowscarada|88/100|[from] Stealth Rock
|move|p2a: Shrek|Power Whip|p1a: Meowscarada|[miss]
|-miss|p2a: Shrek|p1a: Meowscarada
|
|upkeep
|turn|4
|
|t:|1743845219
|move|p1a: Meowscarada|U-turn|p2a: Shrek
|-start|p1a: Meowscarada|typechange|Bug|[from] ability: Protean
|-supereffective|p2a: Shrek
|-damage|p2a: Shrek|9/100
|
|t:|1743845226
|switch|p1a: Garchomp|Garchomp, F|100/100|[from] U-turn
|-damage|p1a: Garchomp|94/100|[from] Stealth Rock
|move|p2a: Shrek|U-turn|p1a: Garchomp
|-damage|p1a: Garchomp|76/100
|-damage|p2a: Shrek|0 fnt|[from] ability: Rough Skin|[of] p1a: Garchomp
|faint|p2a: Shrek
|
|upkeep
|
|t:|1743845240
|switch|p2a: Landingus|Landorus-Therian, M|60/100
|-ability|p2a: Landingus|Intimidate|boost
|-unboost|p1a: Garchomp|atk|1
|turn|5
|
|t:|1743845276
|move|p2a: Landingus|Scorching Sands|p1a: Garchomp
|-damage|p1a: Garchomp|51/100
|move|p1a: Garchomp|Stealth Rock|p2a: Landingus
|-sidestart|p2: NOOB_2010|move: Stealth Rock
|
|upkeep
|turn|6
|
|t:|1743845284
|move|p2a: Landingus|Scorching Sands|p1a: Garchomp
|-damage|p1a: Garchomp|29/100
|move|p1a: Garchomp|Dragon Tail|p2a: Landingus
|-damage|p2a: Landingus|44/100
|-damage|p1a: Garchomp|12/100|[from] item: Rocky Helmet|[of] p2a: Landingus
|drag|p2a: Alolomololomomola|Alomomola, F|100/100
|-damage|p2a: Alolomololomomola|88/100|[from] Stealth Rock
|
|upkeep
|turn|7
|
|t:|1743845293
|switch|p2a: Landingus|Landorus-Therian, M|44/100
|-damage|p2a: Landingus|31/100|[from] Stealth Rock
|-ability|p2a: Landingus|Intimidate|boost
|-unboost|p1a: Garchomp|atk|1
|move|p1a: Garchomp|Spikes|p2a: Landingus
|-sidestart|p2: NOOB_2010|Spikes
|
|upkeep
|turn|8
|
|t:|1743845300
|move|p2a: Landingus|Scorching Sands|p1a: Garchomp
|-damage|p1a: Garchomp|0 fnt
|faint|p1a: Garchomp
|
|upkeep
|
|t:|1743845308
|switch|p1a: Great Tusk|Great Tusk|100/100
|turn|9
|
|t:|1743845313
|move|p2a: Landingus|Scorching Sands|p1a: Great Tusk
|-damage|p1a: Great Tusk|63/100
|-status|p1a: Great Tusk|brn
|move|p1a: Great Tusk|Rapid Spin|p2a: Landingus
|-damage|p2a: Landingus|24/100
|-boost|p1a: Great Tusk|spe|1
|-damage|p1a: Great Tusk|47/100 brn|[from] item: Rocky Helmet|[of] p2a: Landingus
|-sideend|p1: Fuglekongen|Stealth Rock|[from] move: Rapid Spin|[of] p1a: Great Tusk
|
|-damage|p1a: Great Tusk|41/100 brn|[from] brn
|upkeep
|turn|10
|
|t:|1743845323
|move|p1a: Great Tusk|Ice Spinner|p2a: Landingus
|-supereffective|p2a: Landingus
|-damage|p2a: Landingus|0 fnt
|-damage|p1a: Great Tusk|24/100 brn|[from] item: Rocky Helmet|[of] p2a: Landingus
|faint|p2a: Landingus
|
|-damage|p1a: Great Tusk|18/100 brn|[from] brn
|upkeep
|
|t:|1743845335
|switch|p2a: Wasgud?|Coalossal, M|100/100
|turn|11
|
|t:|1743845343
|switch|p2a: Alolomololomomola|Alomomola, F|100/100
|-damage|p2a: Alolomololomomola|88/100|[from] Stealth Rock
|-damage|p2a: Alolomololomomola|76/100|[from] Spikes
|move|p1a: Great Tusk|Headlong Rush|p2a: Alolomololomomola
|-damage|p2a: Alolomololomomola|56/100
|-unboost|p1a: Great Tusk|def|1
|-unboost|p1a: Great Tusk|spd|1
|-enditem|p2a: Alolomololomomola|Eject Button
|
|t:|1743845403
|switch|p2a: Wasgud?|Coalossal, M|100/100
|
|-damage|p1a: Great Tusk|12/100 brn|[from] brn
|upkeep
|turn|12
|
|t:|1743845416
|move|p1a: Great Tusk|Knock Off|p2a: Wasgud?
|-damage|p2a: Wasgud?|90/100
|-enditem|p2a: Wasgud?|Heavy-Duty Boots|[from] move: Knock Off|[of] p1a: Great Tusk
|move|p2a: Wasgud?|Rapid Spin|p1a: Great Tusk
|-damage|p1a: Great Tusk|2/100 brn
|-boost|p2a: Wasgud?|spe|1
|-sideend|p2: NOOB_2010|Spikes|[from] move: Rapid Spin|[of] p2a: Wasgud?
|-sideend|p2: NOOB_2010|Stealth Rock|[from] move: Rapid Spin|[of] p2a: Wasgud?
|
|-damage|p1a: Great Tusk|0 fnt|[from] brn
|faint|p1a: Great Tusk
|-end|p1a: Great Tusk|Protosynthesis|[silent]
|upkeep
|
|t:|1743845428
|switch|p1a: Alomomola|Alomomola, F|100/100
|turn|13
|
|t:|1743845444
|switch|p2a: Alolomololomomola|Alomomola, F|89/100
|move|p1a: Alomomola|Flip Turn|p2a: Alolomololomomola
|-resisted|p2a: Alolomololomomola
|-damage|p2a: Alolomololomomola|84/100
|
|t:|1743845453
|switch|p1a: Meowscarada|Meowscarada, M|88/100|[from] Flip Turn
|
|upkeep
|turn|14
|
|t:|1743845464
|move|p1a: Meowscarada|Flower Trick|p2a: Alolomololomomola
|-start|p1a: Meowscarada|typechange|Grass|[from] ability: Protean
|-supereffective|p2a: Alolomololomomola
|-crit|p2a: Alolomololomomola
|-damage|p2a: Alolomololomomola|21/100
|move|p2a: Alolomololomomola|Flip Turn|p1a: Meowscarada
|-resisted|p1a: Meowscarada
|-damage|p1a: Meowscarada|76/100
|
|t:|1743845469
|switch|p2a: Swellow on FIREE|Talonflame, F|100/100|[from] Flip Turn
|
|upkeep
|turn|15
|
|t:|1743845478
|switch|p1a: Alomomola|Alomomola, F|100/100
|move|p2a: Swellow on FIREE|U-turn|p1a: Alomomola
|-damage|p1a: Alomomola|84/100
|
|t:|1743845482
|switch|p2a: Alolomololomomola|Alomomola, F|54/100|[from] U-turn
|
|upkeep
|turn|16
|
|t:|1743845491
|move|p2a: Alolomololomomola|Wish|p2a: Alolomololomomola
|move|p1a: Alomomola|Flip Turn|p2a: Alolomololomomola
|-resisted|p2a: Alolomololomomola
|-damage|p2a: Alolomololomomola|49/100
|
|t:|1743845496
|switch|p1a: Meowscarada|Meowscarada, M|76/100|[from] Flip Turn
|
|upkeep
|turn|17
|
|t:|1743845509
|move|p1a: Meowscarada|Flower Trick|p2a: Alolomololomomola
|-start|p1a: Meowscarada|typechange|Grass|[from] ability: Protean
|-supereffective|p2a: Alolomololomomola
|-crit|p2a: Alolomololomomola
|-damage|p2a: Alolomololomomola|0 fnt
|faint|p2a: Alolomololomomola
|
|upkeep
|
|t:|1743845537
|switch|p2a: Wasgud?|Coalossal, M|90/100
|turn|18
|
|t:|1743845548
|switch|p1a: Alomomola|Alomomola, F|100/100
|move|p2a: Wasgud?|Will-O-Wisp|p1a: Alomomola
|-status|p1a: Alomomola|brn
|
|-damage|p1a: Alomomola|94/100 brn|[from] brn
|upkeep
|turn|19
|
|t:|1743845561
|move|p1a: Alomomola|Flip Turn|p2a: Wasgud?
|-supereffective|p2a: Wasgud?
|-damage|p2a: Wasgud?|68/100
|
|t:|1743845615
|switch|p1a: Dragapult|Dragapult, M|100/100|[from] Flip Turn
|move|p2a: Wasgud?|Power Gem|p1a: Dragapult
|-damage|p1a: Dragapult|58/100
|
|upkeep
|turn|20
|
|t:|1743845625
|-terastallize|p1a: Dragapult|Ghost
|move|p1a: Dragapult|Shadow Ball|p2a: Wasgud?
|-damage|p2a: Wasgud?|6/100
|move|p2a: Wasgud?|Will-O-Wisp|p1a: Dragapult
|-status|p1a: Dragapult|brn
|
|-damage|p1a: Dragapult|52/100 brn|[from] brn
|upkeep
|turn|21
|
|t:|1743845639
|move|p1a: Dragapult|Shadow Ball|p2a: Wasgud?
|-damage|p2a: Wasgud?|0 fnt
|faint|p2a: Wasgud?
|
|-damage|p1a: Dragapult|46/100 brn|[from] brn
|upkeep
|
|t:|1743845641
|switch|p2a: Paldean Gardevoir|Iron Valiant|100/100
|-enditem|p2a: Paldean Gardevoir|Booster Energy
|-activate|p2a: Paldean Gardevoir|ability: Quark Drive|[fromitem]
|-start|p2a: Paldean Gardevoir|quarkdrivespe
|turn|22
|
|t:|1743845660
|switch|p1a: Slowking|Slowking-Galar, F|100/100
|move|p2a: Paldean Gardevoir|Shadow Ball|p1a: Slowking
|-supereffective|p1a: Slowking
|-damage|p1a: Slowking|66/100
|
|upkeep
|turn|23
|
|t:|1743845671
|-terastallize|p2a: Paldean Gardevoir|Steel
|move|p2a: Paldean Gardevoir|Calm Mind|p2a: Paldean Gardevoir
|-boost|p2a: Paldean Gardevoir|spa|1
|-boost|p2a: Paldean Gardevoir|spd|1
|move|p1a: Slowking|Future Sight|p2a: Paldean Gardevoir
|-start|p1a: Slowking|move: Future Sight
|
|upkeep
|turn|24
|
|t:|1743845679
|move|p2a: Paldean Gardevoir|Calm Mind|p2a: Paldean Gardevoir
|-boost|p2a: Paldean Gardevoir|spa|1
|-boost|p2a: Paldean Gardevoir|spd|1
|-prepare|p1a: Slowking|Chilly Reception|[premajor]
|move|p1a: Slowking|Chilly Reception|p1a: Slowking
|-weather|Snowscape
|
|t:|1743845687
|switch|p1a: Alomomola|Alomomola, F|100/100 brn|[from] Chilly Reception
|
|-weather|Snowscape|[upkeep]
|-damage|p1a: Alomomola|94/100 brn|[from] brn
|upkeep
|turn|25
|
|t:|1743845693
|move|p2a: Paldean Gardevoir|Calm Mind|p2a: Paldean Gardevoir
|-boost|p2a: Paldean Gardevoir|spa|1
|-boost|p2a: Paldean Gardevoir|spd|1
|move|p1a: Alomomola|Mirror Coat||[still]
|-fail|p1a: Alomomola
|
|-weather|Snowscape|[upkeep]
|-end|p2a: Paldean Gardevoir|move: Future Sight
|-resisted|p2a: Paldean Gardevoir
|-damage|p2a: Paldean Gardevoir|84/100
|-damage|p1a: Alomomola|88/100 brn|[from] brn
|upkeep
|turn|26
|
|t:|1743845706
|move|p2a: Paldean Gardevoir|Calm Mind|p2a: Paldean Gardevoir
|-boost|p2a: Paldean Gardevoir|spa|1
|-boost|p2a: Paldean Gardevoir|spd|1
|move|p1a: Alomomola|Mirror Coat||[still]
|-fail|p1a: Alomomola
|
|-weather|Snowscape|[upkeep]
|-damage|p1a: Alomomola|82/100 brn|[from] brn
|upkeep
|turn|27
|
|t:|1743845713
|move|p2a: Paldean Gardevoir|Calm Mind|p2a: Paldean Gardevoir
|-boost|p2a: Paldean Gardevoir|spa|1
|-boost|p2a: Paldean Gardevoir|spd|1
|move|p1a: Alomomola|Mirror Coat||[still]
|-fail|p1a: Alomomola
|
|-weather|Snowscape|[upkeep]
|-damage|p1a: Alomomola|76/100 brn|[from] brn
|upkeep
|turn|28
|
|t:|1743845724
|move|p2a: Paldean Gardevoir|Calm Mind|p2a: Paldean Gardevoir
|-boost|p2a: Paldean Gardevoir|spa|1
|-boost|p2a: Paldean Gardevoir|spd|1
|move|p1a: Alomomola|Flip Turn|p2a: Paldean Gardevoir
|-damage|p2a: Paldean Gardevoir|73/100
|
|t:|1743845730
|switch|p1a: Meowscarada|Meowscarada, M|76/100|[from] Flip Turn
|
|-weather|none
|upkeep
|turn|29
|
|t:|1743845736
|move|p1a: Meowscarada|Low Kick|p2a: Paldean Gardevoir
|-start|p1a: Meowscarada|typechange|Fighting|[from] ability: Protean
|-supereffective|p2a: Paldean Gardevoir
|-crit|p2a: Paldean Gardevoir
|-damage|p2a: Paldean Gardevoir|0 fnt
|faint|p2a: Paldean Gardevoir
|-end|p2a: Paldean Gardevoir|Quark Drive|[silent]
|
|upkeep
|-message|NOOB_2010 forfeited.
|
|win|Fuglekongen
|raw|Fuglekongen's rating: 1313 &rarr; <strong>1329</strong><br />(+16 for winning)
|raw|NOOB_2010's rating: 1244 &rarr; <strong>1224</strong><br />(-20 for losing)
|l|☆NOOB_2010
|player|p2|
|l|‽Fuglekongen
|player|p1|
