|j|☆rexrabidus
|j|☆WashedAxel
|t:|1743917742
|gametype|singles
|player|p1|rexrabidus|ingo|1088
|player|p2|WashedAxel|misty|1130
|teamsize|p1|6
|teamsize|p2|6
|gen|9
|tier|[Gen 9] OU
|rated|
|rule|HP Percentage Mod: HP is shown in percentages
|rule|Endless Battle Clause: Forcing endless battles is banned
|rule|Species Clause: Limit one of each Pokémon
|rule|OHKO Clause: OHKO moves are banned
|rule|Evasion Items Clause: Evasion items are banned
|rule|Evasion Moves Clause: Evasion moves are banned
|rule|Sleep Moves Clause: Sleep-inducing moves are banned
|clearpoke
|poke|p1|Electrode-Hisui|
|poke|p1|Meowscarada, M|
|poke|p1|Weavile, F|
|poke|p1|Araquanid, M|
|poke|p1|Slowking-Galar, F|
|poke|p1|Goodra-Hisui, M|
|poke|p2|Beartic, F|
|poke|p2|Slowking-Galar, F|
|poke|p2|Alomomola, M|
|poke|p2|Ting-Lu|
|poke|p2|Gliscor, M|
|poke|p2|Corviknight, M|
|teampreview
|
|t:|1743917761
|start
|switch|p1a: Meowscarada|Meowscarada, M|100/100
|switch|p2a: Slowking|Slowking-Galar, F|100/100
|turn|1
|
|t:|1743917765
|switch|p2a: Corviknight|Corviknight, M|100/100
|-ability|p2a: Corviknight|Pressure
|move|p1a: Meowscarada|Knock Off|p2a: Corviknight
|-start|p1a: Meowscarada|typechange|Dark|[from] ability: Protean
|-damage|p2a: Corviknight|58/100
|-damage|p1a: Meowscarada|84/100|[from] item: Rocky Helmet|[of] p2a: Corviknight
|-enditem|p2a: Corviknight|Rocky Helmet|[from] move: Knock Off|[of] p1a: Meowscarada
|
|upkeep
|turn|2
|
|t:|1743917783
|switch|p1a: Goodra|Goodra-Hisui, M|100/100
|move|p2a: Corviknight|Roost|p2a: Corviknight
|-heal|p2a: Corviknight|100/100
|-singleturn|p2a: Corviknight|move: Roost
|
|upkeep
|turn|3
|
|t:|1743917788
|switch|p2a: Slowking|Slowking-Galar, F|100/100
|move|p1a: Goodra|Flamethrower|p2a: Slowking
|-damage|p2a: Slowking|84/100
|
|upkeep
|turn|4
|
|t:|1743917807
|move|p1a: Goodra|Earthquake|p2a: Slowking
|-supereffective|p2a: Slowking
|-damage|p2a: Slowking|37/100
|-prepare|p2a: Slowking|Chilly Reception|[premajor]
|move|p2a: Slowking|Chilly Reception|p2a: Slowking
|-weather|Snowscape
|
|t:|1743917813
|switch|p2a: Gliscor|Gliscor, M|100/100|[from] Chilly Reception
|
|-weather|Snowscape|[upkeep]
|-status|p2a: Gliscor|tox|[from] item: Toxic Orb
|upkeep
|turn|5
|
|t:|1743917822
|switch|p2a: Alomomola|Alomomola, M|100/100
|switch|p1a: Araquanid|Araquanid, M|100/100
|
|-weather|Snowscape|[upkeep]
|upkeep
|turn|6
|
|t:|1743917827
|move|p2a: Alomomola|Flip Turn|p1a: Araquanid
|-resisted|p1a: Araquanid
|-damage|p1a: Araquanid|91/100
|
|t:|1743917834
|switch|p2a: Beartic|Beartic, F|100/100|[from] Flip Turn
|move|p1a: Araquanid|Sticky Web|p2a: Beartic
|-sidestart|p2: WashedAxel|move: Sticky Web
|
|-weather|Snowscape|[upkeep]
|upkeep
|turn|7
|
|t:|1743917841
|move|p2a: Beartic|Swords Dance|p2a: Beartic
|-boost|p2a: Beartic|atk|2
|move|p1a: Araquanid|Liquidation|p2a: Beartic
|-crit|p2a: Beartic
|-damage|p2a: Beartic|26/100
|-unboost|p2a: Beartic|def|1
|
|-weather|Snowscape|[upkeep]
|upkeep
|turn|8
|
|t:|1743917851
|-terastallize|p2a: Beartic|Electric
|move|p2a: Beartic|Tera Blast|p1a: Araquanid|[anim] Tera Blast Electric
|-supereffective|p1a: Araquanid
|-damage|p1a: Araquanid|0 fnt
|faint|p1a: Araquanid
|
|-weather|Snowscape|[upkeep]
|upkeep
|
|t:|1743917859
|switch|p1a: Electrode|Electrode-Hisui|100/100
|turn|9
|
|t:|1743917866
|switch|p2a: Slowking|Slowking-Galar, F|70/100
|-activate|p2a: Slowking|move: Sticky Web
|-unboost|p2a: Slowking|spe|1
|move|p1a: Electrode|Energy Ball|p2a: Slowking
|-resisted|p2a: Slowking
|-damage|p2a: Slowking|61/100
|-unboost|p2a: Slowking|spd|1
|
|-weather|Snowscape|[upkeep]
|upkeep
|turn|10
|
|t:|1743917871
|move|p1a: Electrode|Volt Switch|p2a: Slowking
|-damage|p2a: Slowking|37/100
|
|t:|1743917879
|switch|p1a: Goodra|Goodra-Hisui, M|100/100|[from] Volt Switch
|move|p2a: Slowking|Toxic Spikes|p1a: Goodra
|-sidestart|p1: rexrabidus|move: Toxic Spikes
|
|-weather|Snowscape|[upkeep]
|upkeep
|turn|11
|
|t:|1743917885
|switch|p2a: Gliscor|Gliscor, M|100/100 tox
|move|p1a: Goodra|Earthquake|p2a: Gliscor
|-immune|p2a: Gliscor
|
|-weather|none
|upkeep
|turn|12
|
|t:|1743917893
|switch|p1a: Slowking|Slowking-Galar, F|100/100
|-sideend|p1: rexrabidus|move: Toxic Spikes|[of] p1a: Slowking
|move|p2a: Gliscor|Swords Dance|p2a: Gliscor
|-boost|p2a: Gliscor|atk|2
|
|upkeep
|turn|13
|
|t:|1743917926
|switch|p1a: Meowscarada|Meowscarada, M|84/100
|move|p2a: Gliscor|Knock Off|p1a: Meowscarada
|-resisted|p1a: Meowscarada
|-damage|p1a: Meowscarada|48/100
|-enditem|p1a: Meowscarada|Choice Band|[from] move: Knock Off|[of] p2a: Gliscor
|
|upkeep
|turn|14
|
|t:|1743917934
|switch|p2a: Corviknight|Corviknight, M|100/100
|-ability|p2a: Corviknight|Pressure
|move|p1a: Meowscarada|Triple Axel|p2a: Corviknight
|-start|p1a: Meowscarada|typechange|Ice|[from] ability: Protean
|-damage|p2a: Corviknight|94/100
|-damage|p2a: Corviknight|83/100
|-hitcount|p2a: Corviknight|2
|
|upkeep
|turn|15
|
|t:|1743917948
|move|p1a: Meowscarada|U-turn|p2a: Corviknight
|-resisted|p2a: Corviknight
|-damage|p2a: Corviknight|80/100
|
|t:|1743917955
|switch|p1a: Goodra|Goodra-Hisui, M|100/100|[from] U-turn
|move|p2a: Corviknight|Body Press|p1a: Goodra
|-supereffective|p1a: Goodra
|-damage|p1a: Goodra|51/100
|-ability|p1a: Goodra|Gooey
|-unboost|p2a: Corviknight|spe|1
|
|upkeep
|turn|16
|
|t:|1743917963
|switch|p2a: Gliscor|Gliscor, M|100/100 tox
|move|p1a: Goodra|Flamethrower|p2a: Gliscor
|-damage|p2a: Gliscor|61/100 tox
|
|-heal|p2a: Gliscor|74/100 tox|[from] ability: Poison Heal
|upkeep
|turn|17
|
|t:|1743917976
|move|p2a: Gliscor|Earthquake|p1a: Goodra
|-supereffective|p1a: Goodra
|-crit|p1a: Goodra
|-damage|p1a: Goodra|0 fnt
|faint|p1a: Goodra
|
|-heal|p2a: Gliscor|86/100 tox|[from] ability: Poison Heal
|upkeep
|
|t:|1743917981
|switch|p1a: Weavile|Weavile, F|100/100
|-ability|p1a: Weavile|Pressure
|turn|18
|
|t:|1743917985
|switch|p2a: Alomomola|Alomomola, M|100/100
|move|p1a: Weavile|Fake Out|p2a: Alomomola
|-damage|p2a: Alomomola|92/100
|
|upkeep
|turn|19
|
|t:|1743917989
|move|p1a: Weavile|Knock Off|p2a: Alomomola
|-damage|p2a: Alomomola|64/100
|-enditem|p2a: Alomomola|Heavy-Duty Boots|[from] move: Knock Off|[of] p1a: Weavile
|move|p2a: Alomomola|Flip Turn|p1a: Weavile
|-damage|p1a: Weavile|73/100
|
|t:|1743917992
|switch|p2a: Corviknight|Corviknight, M|80/100|[from] Flip Turn
|-ability|p2a: Corviknight|Pressure
|
|upkeep
|turn|20
|
|t:|1743918003
|switch|p1a: Slowking|Slowking-Galar, F|100/100
|switch|p2a: Beartic|Beartic, F, tera:Electric|26/100
|
|upkeep
|turn|21
|
|t:|1743918008
|move|p2a: Beartic|Earthquake|p1a: Slowking
|-supereffective|p1a: Slowking
|-damage|p1a: Slowking|27/100
|move|p1a: Slowking|Sludge Bomb|p2a: Beartic
|-damage|p2a: Beartic|0 fnt
|faint|p2a: Beartic
|
|-heal|p1a: Slowking|33/100|[from] item: Leftovers
|upkeep
|
|t:|1743918020
|switch|p2a: Gliscor|Gliscor, M|86/100 tox
|turn|22
|
|t:|1743918027
|move|p2a: Gliscor|Knock Off|p1a: Slowking
|-supereffective|p1a: Slowking
|-damage|p1a: Slowking|0 fnt
|-enditem|p1a: Slowking|Leftovers|[from] move: Knock Off|[of] p2a: Gliscor
|faint|p1a: Slowking
|
|-heal|p2a: Gliscor|99/100 tox|[from] ability: Poison Heal
|upkeep
|
|t:|1743918029
|switch|p1a: Weavile|Weavile, F|73/100
|-ability|p1a: Weavile|Pressure
|turn|23
|
|t:|1743918034
|switch|p2a: Alomomola|Alomomola, M|98/100
|-activate|p2a: Alomomola|move: Sticky Web
|-unboost|p2a: Alomomola|spe|1
|move|p1a: Weavile|Icicle Spear|p2a: Alomomola
|-resisted|p2a: Alomomola
|-damage|p2a: Alomomola|94/100
|-resisted|p2a: Alomomola
|-damage|p2a: Alomomola|90/100
|-resisted|p2a: Alomomola
|-damage|p2a: Alomomola|86/100
|-resisted|p2a: Alomomola
|-damage|p2a: Alomomola|82/100
|-hitcount|p2a: Alomomola|4
|
|upkeep
|turn|24
|
|t:|1743918039
|move|p1a: Weavile|Icicle Spear|p2a: Alomomola
|-resisted|p2a: Alomomola
|-damage|p2a: Alomomola|78/100
|-resisted|p2a: Alomomola
|-damage|p2a: Alomomola|75/100
|-resisted|p2a: Alomomola
|-damage|p2a: Alomomola|71/100
|-resisted|p2a: Alomomola
|-damage|p2a: Alomomola|67/100
|-resisted|p2a: Alomomola
|-damage|p2a: Alomomola|64/100
|-hitcount|p2a: Alomomola|5
|move|p2a: Alomomola|Scald|p1a: Weavile
|-damage|p1a: Weavile|55/100
|
|upkeep
|turn|25
|
|t:|1743918043
|move|p1a: Weavile|Knock Off|p2a: Alomomola
|-damage|p2a: Alomomola|46/100
|move|p2a: Alomomola|Wish|p2a: Alomomola
|
|upkeep
|turn|26
|
|t:|1743918045
|move|p1a: Weavile|Knock Off|p2a: Alomomola
|-damage|p2a: Alomomola|28/100
|move|p2a: Alomomola|Scald|p1a: Weavile
|-damage|p1a: Weavile|34/100
|
|-heal|p2a: Alomomola|78/100|[from] move: Wish|[wisher] Alomomola
|upkeep
|turn|27
|
|t:|1743918049
|switch|p1a: Meowscarada|Meowscarada, M|48/100
|move|p2a: Alomomola|Flip Turn|p1a: Meowscarada
|-resisted|p1a: Meowscarada
|-damage|p1a: Meowscarada|35/100
|
|t:|1743918051
|switch|p2a: Corviknight|Corviknight, M|80/100|[from] Flip Turn
|-ability|p2a: Corviknight|Pressure
|
|upkeep
|turn|28
|
|t:|1743918099
|move|p1a: Meowscarada|U-turn|p2a: Corviknight
|-start|p1a: Meowscarada|typechange|Bug|[from] ability: Protean
|-resisted|p2a: Corviknight
|-damage|p2a: Corviknight|75/100
|
|t:|1743918103
|switch|p1a: Electrode|Electrode-Hisui|100/100|[from] U-turn
|move|p2a: Corviknight|Body Press|p1a: Electrode
|-damage|p1a: Electrode|53/100
|
|upkeep
|turn|29
|
|t:|1743918113
|switch|p2a: Ting-Lu|Ting-Lu|100/100
|-activate|p2a: Ting-Lu|move: Sticky Web
|-unboost|p2a: Ting-Lu|spe|1
|-ability|p2a: Ting-Lu|Vessel of Ruin
|move|p1a: Electrode|Foul Play|p2a: Ting-Lu
|-resisted|p2a: Ting-Lu
|-damage|p2a: Ting-Lu|94/100
|
|upkeep
|turn|30
|
|t:|1743918117
|switch|p2a: Slowking|Slowking-Galar, F|70/100
|-activate|p2a: Slowking|move: Sticky Web
|-unboost|p2a: Slowking|spe|1
|move|p1a: Electrode|Energy Ball|p2a: Slowking
|-resisted|p2a: Slowking
|-damage|p2a: Slowking|60/100
|
|upkeep
|turn|31
|
|t:|1743918123
|switch|p2a: Gliscor|Gliscor, M|99/100 tox
|move|p1a: Electrode|Volt Switch|p2a: Gliscor
|-immune|p2a: Gliscor
|
|-heal|p2a: Gliscor|100/100 tox|[from] ability: Poison Heal
|upkeep
|turn|32
|
|t:|1743918130
|move|p1a: Electrode|Foul Play|p2a: Gliscor
|-damage|p2a: Gliscor|84/100 tox
|move|p2a: Gliscor|Earthquake|p1a: Electrode
|-damage|p1a: Electrode|0 fnt
|faint|p1a: Electrode
|
|-heal|p2a: Gliscor|97/100 tox|[from] ability: Poison Heal
|upkeep
|inactive|Battle timer is ON: inactive players will automatically lose when time's up. (requested by WashedAxel)
|-message|rexrabidus forfeited.
|
|win|WashedAxel
|raw|rexrabidus's rating: 1088 &rarr; <strong>1068</strong><br />(-20 for losing)
|raw|WashedAxel's rating: 1130 &rarr; <strong>1152</strong><br />(+22 for winning)
|l|☆rexrabidus
|player|p1|
|l|☆WashedAxel
|player|p2|
