|j|☆H85le4
|j|☆rulos risados
|t:|1743876434
|gametype|singles
|player|p1|H85le4|swimmer-gen4dp|1050
|player|p2|rulos risados|2|1058
|teamsize|p1|6
|teamsize|p2|6
|gen|9
|tier|[Gen 9] OU
|rated|
|rule|HP Percentage Mod: HP is shown in percentages
|rule|Endless Battle Clause: Forcing endless battles is banned
|rule|Species Clause: Limit one of each Pokémon
|rule|OHKO Clause: OHKO moves are banned
|rule|Evasion Items Clause: Evasion items are banned
|rule|Evasion Moves Clause: Evasion moves are banned
|rule|Sleep Moves Clause: Sleep-inducing moves are banned
|clearpoke
|poke|p1|Infernape, M|
|poke|p1|Morgrem, M|
|poke|p1|Dondozo, F|
|poke|p1|Iron Treads|
|poke|p1|Sinistcha|
|poke|p1|Clefable, F|
|poke|p2|Ninetales, F|
|poke|p2|Charizard, M|
|poke|p2|Arboliva, M|
|poke|p2|Mandibuzz, F|
|poke|p2|Lilligant-Hisui, F|
|poke|p2|Typhlosion-Hisui, F|
|teampreview
|inactive|Battle timer is ON: inactive players will automatically lose when time's up. (requested by H85le4)
|
|t:|1743876441
|start
|switch|p1a: Morgrem|Morgrem, M|100/100
|switch|p2a: Ninetales|Ninetales, F|100/100
|-weather|SunnyDay|[from] ability: Drought|[of] p2a: Ninetales
|turn|1
|inactive|rulos risados has 120 seconds left.
|
|t:|1743876477
|move|p1a: Morgrem|Light Screen|p1a: Morgrem
|-sidestart|p1: H85le4|move: Light Screen
|move|p2a: Ninetales|Encore|p1a: Morgrem
|-start|p1a: Morgrem|Encore
|
|-weather|SunnyDay|[upkeep]
|upkeep
|turn|2
|inactive|rulos risados has 120 seconds left.
|inactive|rulos risados has 90 seconds left.
|
|t:|1743876519
|switch|p1a: Dondozo|Dondozo, F, shiny|100/100
|move|p2a: Ninetales|Flamethrower|p1a: Dondozo
|-resisted|p1a: Dondozo
|-damage|p1a: Dondozo|92/100
|
|-weather|SunnyDay|[upkeep]
|upkeep
|turn|3
|inactive|rulos risados has 90 seconds left.
|
|t:|1743876539
|switch|p2a: Arboliva|Arboliva, M|100/100
|switch|p1a: Morgrem|Morgrem, M|100/100
|
|-weather|SunnyDay|[upkeep]
|upkeep
|turn|4
|
|t:|1743876549
|move|p1a: Morgrem|Thunder Wave|p2a: Arboliva
|-status|p2a: Arboliva|par
|move|p2a: Arboliva|Growth|p2a: Arboliva
|-boost|p2a: Arboliva|atk|2
|-boost|p2a: Arboliva|spa|2
|
|-weather|SunnyDay|[upkeep]
|upkeep
|turn|5
|
|t:|1743876567
|switch|p1a: Sinistcha|Sinistcha|100/100
|move|p2a: Arboliva|Growth|p2a: Arboliva
|-boost|p2a: Arboliva|atk|2
|-boost|p2a: Arboliva|spa|2
|
|-weather|SunnyDay|[upkeep]
|-sideend|p1: H85le4|move: Light Screen
|upkeep
|turn|6
|
|t:|1743876578
|move|p1a: Sinistcha|Calm Mind|p1a: Sinistcha
|-boost|p1a: Sinistcha|spa|1
|-boost|p1a: Sinistcha|spd|1
|move|p2a: Arboliva|Weather Ball|p1a: Sinistcha
|-supereffective|p1a: Sinistcha
|-damage|p1a: Sinistcha|0 fnt
|faint|p1a: Sinistcha
|
|-weather|SunnyDay|[upkeep]
|upkeep
|
|t:|1743876598
|switch|p1a: Dondozo|Dondozo, F, shiny|92/100
|turn|7
|
|t:|1743876610
|move|p1a: Dondozo|Body Press|p2a: Arboliva
|-supereffective|p2a: Arboliva
|-damage|p2a: Arboliva|49/100 par
|move|p2a: Arboliva|Energy Ball|p1a: Dondozo
|-supereffective|p1a: Dondozo
|-damage|p1a: Dondozo|35/100
|
|-weather|SunnyDay|[upkeep]
|upkeep
|turn|8
|
|t:|1743876626
|cant|p2a: Arboliva|par
|move|p1a: Dondozo|Body Press|p2a: Arboliva
|-supereffective|p2a: Arboliva
|-damage|p2a: Arboliva|0 fnt
|faint|p2a: Arboliva
|
|-weather|none
|upkeep
|
|t:|1743876635
|switch|p2a: Lilligant|Lilligant-Hisui, F|100/100
|turn|9
|
|t:|1743876648
|move|p2a: Lilligant|Leaf Storm|p1a: Dondozo
|-supereffective|p1a: Dondozo
|-damage|p1a: Dondozo|0 fnt
|-unboost|p2a: Lilligant|spa|2
|faint|p1a: Dondozo
|-damage|p2a: Lilligant|91/100|[from] item: Life Orb
|
|upkeep
|
|t:|1743876656
|switch|p1a: Morgrem|Morgrem, M|100/100
|turn|10
|
|t:|1743876684
|switch|p2a: Mandibuzz|Mandibuzz, F|100/100
|move|p1a: Morgrem|Light Screen|p1a: Morgrem
|-sidestart|p1: H85le4|move: Light Screen
|
|upkeep
|turn|11
|
|t:|1743876707
|switch|p1a: Iron Treads|Iron Treads, shiny|100/100
|move|p2a: Mandibuzz|Defog|p1a: Iron Treads
|-unboost|p1a: Iron Treads|evasion|1
|-sideend|p1: H85le4|move: Light Screen
|
|upkeep
|turn|12
|
|t:|1743876721
|move|p1a: Iron Treads|Rapid Spin|p2a: Mandibuzz
|-damage|p2a: Mandibuzz|90/100
|-boost|p1a: Iron Treads|spe|1
|move|p2a: Mandibuzz|Foul Play|p1a: Iron Treads
|-damage|p1a: Iron Treads|66/100
|
|-heal|p2a: Mandibuzz|96/100|[from] item: Leftovers
|upkeep
|turn|13
|inactive|rulos risados has 60 seconds left.
|
|t:|1743876744
|switch|p2a: Charizard|Charizard, M|100/100
|move|p1a: Iron Treads|Stone Edge|p2a: Charizard
|-supereffective|p2a: Charizard
|-damage|p2a: Charizard|0 fnt
|faint|p2a: Charizard
|
|upkeep
|inactive|rulos risados has 60 seconds left.
|
|t:|1743876754
|switch|p2a: Typhlosion|Typhlosion-Hisui, F|100/100
|turn|14
|
|t:|1743876762
|-terastallize|p2a: Typhlosion|Fire
|move|p1a: Iron Treads|Earthquake|p2a: Typhlosion
|-supereffective|p2a: Typhlosion
|-damage|p2a: Typhlosion|0 fnt
|faint|p2a: Typhlosion
|
|upkeep
|inactive|rulos risados has 60 seconds left.
|-message|rulos risados forfeited.
|
|win|H85le4
|raw|H85le4's rating: 1050 &rarr; <strong>1083</strong><br />(+33 for winning)
|raw|rulos risados's rating: 1058 &rarr; <strong>1039</strong><br />(-19 for losing)
|l|☆rulos risados
|player|p2|
|l|☆H85le4
|player|p1|
