|j|‽1 uwu 1
|j|☆berlious
|t:|1743808227
|gametype|singles
|player|p1|1 uwu 1|lucas|1220
|player|p2|berlious|266|1252
|teamsize|p1|6
|teamsize|p2|6
|gen|9
|tier|[Gen 9] OU
|rated|
|rule|HP Percentage Mod: HP is shown in percentages
|rule|Endless Battle Clause: Forcing endless battles is banned
|rule|Species Clause: Limit one of each Pokémon
|rule|OHKO Clause: OHKO moves are banned
|rule|Evasion Items Clause: Evasion items are banned
|rule|Evasion Moves Clause: Evasion moves are banned
|rule|Sleep Moves Clause: Sleep-inducing moves are banned
|clearpoke
|poke|p1|Hatenna, F|
|poke|p1|Hattrem, F|
|poke|p1|Hatterene, F|
|poke|p1|Torkoal, F|
|poke|p1|Iron Hands|
|poke|p1|Kingambit, M|
|poke|p2|Great Tusk|
|poke|p2|Ogerpon-Wellspring, F|
|poke|p2|Kingambit, F|
|poke|p2|Kyurem|
|poke|p2|Landorus-Therian, M|
|poke|p2|Raging Bolt|
|teampreview
|inactive|Battle timer is ON: inactive players will automatically lose when time's up. (requested by 1 uwu 1)
|
|t:|1743808252
|start
|switch|p1a: Hatenna|Hatenna, F|100/100
|switch|p2a: Landorus|Landorus-Therian, M|100/100
|-ability|p2a: Landorus|Intimidate|boost
|-unboost|p1a: Hatenna|atk|1
|turn|1
|
|t:|1743808264
|move|p2a: Landorus|Stealth Rock|p1a: Hatenna
|move|p1a: Hatenna|Stealth Rock|p2a: Landorus|[from] ability: Magic Bounce
|-sidestart|p2: berlious|move: Stealth Rock
|move|p1a: Hatenna|Trick Room|p1a: Hatenna
|-fieldstart|move: Trick Room|[of] p1a: Hatenna
|
|upkeep
|turn|2
|
|t:|1743808273
|move|p1a: Hatenna|Reflect|p1a: Hatenna
|-sidestart|p1: 1 uwu 1|Reflect
|move|p2a: Landorus|U-turn|p1a: Hatenna
|-supereffective|p1a: Hatenna
|-damage|p1a: Hatenna|41/100
|
|t:|1743808280
|switch|p2a: Great Tusk|Great Tusk|100/100|[from] U-turn
|
|upkeep
|turn|3
|
|t:|1743808285
|move|p1a: Hatenna|Light Screen|p1a: Hatenna
|-sidestart|p1: 1 uwu 1|move: Light Screen
|move|p2a: Great Tusk|Brick Break|p1a: Hatenna
|-sideend|p1: 1 uwu 1|Reflect
|-sideend|p1: 1 uwu 1|move: Light Screen
|-resisted|p1a: Hatenna
|-damage|p1a: Hatenna|0 fnt
|faint|p1a: Hatenna
|
|upkeep
|
|t:|1743808296
|switch|p1a: Torkoal|Torkoal, F|100/100
|-weather|SunnyDay|[from] ability: Drought|[of] p1a: Torkoal
|-activate|p2a: Great Tusk|ability: Protosynthesis
|-start|p2a: Great Tusk|protosynthesisatk
|turn|4
|
|t:|1743808304
|move|p1a: Torkoal|Solar Beam||[still]
|-prepare|p1a: Torkoal|Solar Beam
|-anim|p1a: Torkoal|Solar Beam|p2a: Great Tusk
|-supereffective|p2a: Great Tusk
|-damage|p2a: Great Tusk|0 fnt
|faint|p2a: Great Tusk
|-end|p2a: Great Tusk|Protosynthesis|[silent]
|
|-weather|SunnyDay|[upkeep]
|upkeep
|
|t:|1743808315
|switch|p2a: Landorus|Landorus-Therian, M|100/100
|-damage|p2a: Landorus|88/100|[from] Stealth Rock
|-ability|p2a: Landorus|Intimidate|boost
|-unboost|p1a: Torkoal|atk|1
|turn|5
|
|t:|1743808322
|move|p1a: Torkoal|Solar Beam||[still]
|-prepare|p1a: Torkoal|Solar Beam
|-anim|p1a: Torkoal|Solar Beam|p2a: Landorus
|-damage|p2a: Landorus|35/100
|move|p2a: Landorus|Stealth Rock|p1a: Torkoal
|-sidestart|p1: 1 uwu 1|move: Stealth Rock
|
|-weather|SunnyDay|[upkeep]
|-heal|p2a: Landorus|41/100|[from] item: Leftovers
|-fieldend|move: Trick Room
|upkeep
|turn|6
|
|t:|1743808336
|switch|p1a: Hattrem|Hattrem, F|100/100
|-damage|p1a: Hattrem|88/100|[from] Stealth Rock
|move|p2a: Landorus|Earthquake|p1a: Hattrem
|-damage|p1a: Hattrem|0 fnt
|faint|p1a: Hattrem
|
|-weather|SunnyDay|[upkeep]
|-heal|p2a: Landorus|47/100|[from] item: Leftovers
|upkeep
|
|t:|1743808351
|switch|p1a: Hatterene|Hatterene, F|100/100
|-damage|p1a: Hatterene|88/100|[from] Stealth Rock
|turn|7
|
|t:|1743808368
|move|p2a: Landorus|Earthquake|p1a: Hatterene
|-damage|p1a: Hatterene|35/100
|move|p1a: Hatterene|Trick Room|p1a: Hatterene
|-fieldstart|move: Trick Room|[of] p1a: Hatterene
|
|-weather|SunnyDay|[upkeep]
|-heal|p2a: Landorus|53/100|[from] item: Leftovers
|upkeep
|turn|8
|inactive|1 uwu 1 has 120 seconds left.
|
|t:|1743808401
|move|p1a: Hatterene|Healing Wish|p1a: Hatterene
|faint|p1a: Hatterene
|move|p2a: Landorus|Earthquake|p1: Hatterene|[notarget]
|-fail|p2a: Landorus
|
|-weather|none
|-heal|p2a: Landorus|59/100|[from] item: Leftovers
|upkeep
|
|t:|1743808412
|switch|p1a: Torkoal|Torkoal, F|100/100
|-damage|p1a: Torkoal|76/100|[from] Stealth Rock
|-weather|SunnyDay|[from] ability: Drought|[of] p1a: Torkoal
|turn|9
|
|t:|1743808428
|-terastallize|p1a: Torkoal|Fire
|move|p1a: Torkoal|Eruption|p2a: Landorus
|-damage|p2a: Landorus|0 fnt
|faint|p2a: Landorus
|
|-weather|SunnyDay|[upkeep]
|upkeep
|
|t:|1743808439
|switch|p2a: Ogerpon|Ogerpon-Wellspring, F|100/100
|-damage|p2a: Ogerpon|88/100|[from] Stealth Rock
|turn|10
|
|t:|1743808448
|move|p1a: Torkoal|Eruption|p2a: Ogerpon
|-damage|p2a: Ogerpon|0 fnt
|faint|p2a: Ogerpon
|
|-weather|SunnyDay|[upkeep]
|upkeep
|
|t:|1743808464
|switch|p2a: Raging Bolt|Raging Bolt|100/100
|-damage|p2a: Raging Bolt|88/100|[from] Stealth Rock
|-activate|p2a: Raging Bolt|ability: Protosynthesis
|-start|p2a: Raging Bolt|protosynthesisspa
|turn|11
|
|t:|1743808473
|move|p1a: Torkoal|Eruption|p2a: Raging Bolt
|-resisted|p2a: Raging Bolt
|-damage|p2a: Raging Bolt|29/100
|move|p2a: Raging Bolt|Thunderbolt|p1a: Torkoal
|-damage|p1a: Torkoal|0 fnt
|faint|p1a: Torkoal
|
|-weather|SunnyDay|[upkeep]
|-fieldend|move: Trick Room
|upkeep
|
|t:|1743808479
|switch|p1a: Iron Hands|Iron Hands|100/100
|-damage|p1a: Iron Hands|94/100|[from] Stealth Rock
|-enditem|p1a: Iron Hands|Booster Energy
|-activate|p1a: Iron Hands|ability: Quark Drive|[fromitem]
|-start|p1a: Iron Hands|quarkdriveatk
|turn|12
|
|t:|1743808492
|move|p2a: Raging Bolt|Draco Meteor|p1a: Iron Hands
|-damage|p1a: Iron Hands|17/100
|-unboost|p2a: Raging Bolt|spa|2
|move|p1a: Iron Hands|Ice Punch|p2a: Raging Bolt
|-supereffective|p2a: Raging Bolt
|-damage|p2a: Raging Bolt|0 fnt
|faint|p2a: Raging Bolt
|-end|p2a: Raging Bolt|Protosynthesis|[silent]
|
|-weather|SunnyDay|[upkeep]
|upkeep
|inactive|berlious has 120 seconds left.
|
|t:|1743808513
|switch|p2a: Kyurem|Kyurem|100/100
|-damage|p2a: Kyurem|75/100|[from] Stealth Rock
|-ability|p2a: Kyurem|Pressure
|turn|13
|inactive|berlious has 120 seconds left.
|
|t:|1743808527
|move|p2a: Kyurem|Ice Beam|p1a: Iron Hands
|-damage|p1a: Iron Hands|0 fnt
|faint|p1a: Iron Hands
|-end|p1a: Iron Hands|Quark Drive|[silent]
|-damage|p2a: Kyurem|66/100|[from] item: Life Orb
|
|-weather|none
|upkeep
|
|t:|1743808532
|switch|p1a: Kingambit|Kingambit, M|100/100
|-damage|p1a: Kingambit|94/100|[from] Stealth Rock
|-activate|p1a: Kingambit|ability: Supreme Overlord
|-start|p1a: Kingambit|fallen5|[silent]
|turn|14
|
|t:|1743808541
|move|p2a: Kyurem|Draco Meteor|p1a: Kingambit
|-resisted|p1a: Kingambit
|-damage|p1a: Kingambit|49/100
|-unboost|p2a: Kyurem|spa|2
|-damage|p2a: Kyurem|56/100|[from] item: Life Orb
|move|p1a: Kingambit|Swords Dance|p1a: Kingambit
|-boost|p1a: Kingambit|atk|2
|
|upkeep
|turn|15
|
|t:|1743808555
|move|p2a: Kyurem|Draco Meteor|p1a: Kingambit
|-resisted|p1a: Kingambit
|-damage|p1a: Kingambit|29/100
|-unboost|p2a: Kyurem|spa|2
|-damage|p2a: Kyurem|46/100|[from] item: Life Orb
|move|p1a: Kingambit|Iron Head|p2a: Kyurem
|-supereffective|p2a: Kyurem
|-damage|p2a: Kyurem|0 fnt
|faint|p2a: Kyurem
|
|upkeep
|
|t:|1743808565
|switch|p2a: Kingambit|Kingambit, F|100/100
|-damage|p2a: Kingambit|94/100|[from] Stealth Rock
|-activate|p2a: Kingambit|ability: Supreme Overlord
|-start|p2a: Kingambit|fallen5|[silent]
|turn|16
|
|t:|1743808571
|move|p2a: Kingambit|Sucker Punch|p1a: Kingambit
|-resisted|p1a: Kingambit
|-damage|p1a: Kingambit|6/100
|move|p1a: Kingambit|Kowtow Cleave|p2a: Kingambit
|-resisted|p2a: Kingambit
|-damage|p2a: Kingambit|28/100
|
|upkeep
|turn|17
|
|t:|1743808582
|move|p2a: Kingambit|Sucker Punch|p1a: Kingambit
|-resisted|p1a: Kingambit
|-damage|p1a: Kingambit|0 fnt
|faint|p1a: Kingambit
|-end|p1a: Kingambit|fallen5|[silent]
|
|win|berlious
|raw|1 uwu 1's rating: 1220 &rarr; <strong>1197</strong><br />(-23 for losing)
|raw|berlious's rating: 1252 &rarr; <strong>1275</strong><br />(+23 for winning)
|l|‽1 uwu 1
|player|p1|
|c|☆berlious|gg
|l|☆berlious
|player|p2|
