|j|☆yochie777
|j|☆kitsune rush
|t:|1743916832
|gametype|singles
|player|p1|yochie777|169|1127
|player|p2|kitsune rush|lady-gen4|1165
|teamsize|p1|6
|teamsize|p2|6
|gen|9
|tier|[Gen 9] OU
|rated|
|rule|HP Percentage Mod: HP is shown in percentages
|rule|Endless Battle Clause: Forcing endless battles is banned
|rule|Species Clause: Limit one of each Pokémon
|rule|OHKO Clause: OHKO moves are banned
|rule|Evasion Items Clause: Evasion items are banned
|rule|Evasion Moves Clause: Evasion moves are banned
|rule|Sleep Moves Clause: Sleep-inducing moves are banned
|clearpoke
|poke|p1|Blissey, F|
|poke|p1|Clefable, F|
|poke|p1|Gliscor, F|
|poke|p1|Ting-Lu|
|poke|p1|Dondozo, F|
|poke|p1|Amoonguss, F|
|poke|p2|Phanpy, L1, M|
|poke|p2|Donphan, F|
|poke|p2|Great Tusk|
|poke|p2|Iron Treads|
|poke|p2|Cloyster, M|
|poke|p2|Alomomola, F|
|teampreview
|
|t:|1743916841
|start
|switch|p1a: Ting-Lu|Ting-Lu|100/100
|switch|p2a: baby tusk|Phanpy, L1, M|100/100
|-ability|p1a: Ting-Lu|Vessel of Ruin
|turn|1
|
|t:|1743916849
|move|p1a: Ting-Lu|Stealth Rock|p2a: baby tusk
|-sidestart|p2: kitsune rush|move: Stealth Rock
|move|p2a: baby tusk|Endeavor|p1a: Ting-Lu
|-damage|p1a: Ting-Lu|3/100
|
|upkeep
|turn|2
|
|t:|1743916868
|switch|p1a: Amoonguss|Amoonguss, F|100/100
|move|p2a: baby tusk|Stealth Rock|p1a: Amoonguss
|-sidestart|p1: yochie777|move: Stealth Rock
|
|upkeep
|turn|3
|
|t:|1743916875
|move|p1a: Amoonguss|Toxic|p2a: baby tusk
|-status|p2a: baby tusk|tox
|move|p2a: baby tusk|Endeavor|p1a: Amoonguss
|-damage|p1a: Amoonguss|4/100
|
|-damage|p2a: baby tusk|93/100 tox|[from] psn
|upkeep
|turn|4
|
|t:|1743916891
|move|p2a: baby tusk|Ice Shard|p1a: Amoonguss
|-supereffective|p1a: Amoonguss
|-damage|p1a: Amoonguss|3/100
|move|p1a: Amoonguss|Seed Bomb|p2a: baby tusk
|-supereffective|p2a: baby tusk
|-damage|p2a: baby tusk|0 fnt
|faint|p2a: baby tusk
|
|upkeep
|
|t:|1743916903
|switch|p2a: Great Tusk|Great Tusk|100/100
|-damage|p2a: Great Tusk|98/100|[from] Stealth Rock
|turn|5
|
|t:|1743916919
|switch|p1a: Dondozo|Dondozo, F|100/100
|move|p2a: Great Tusk|Rapid Spin|p1a: Dondozo
|-damage|p1a: Dondozo|93/100
|-boost|p2a: Great Tusk|spe|1
|-sideend|p2: kitsune rush|Stealth Rock|[from] move: Rapid Spin|[of] p2a: Great Tusk
|
|-heal|p2a: Great Tusk|100/100|[from] item: Leftovers
|upkeep
|turn|6
|
|t:|1743916941
|-end|p2a: Great Tusk|Protosynthesis|[silent]
|switch|p2a: Alomomola|Alomomola, F|100/100
|move|p1a: Dondozo|Curse|p1a: Dondozo
|-unboost|p1a: Dondozo|spe|1
|-boost|p1a: Dondozo|atk|1
|-boost|p1a: Dondozo|def|1
|
|upkeep
|turn|7
|
|t:|1743916963
|switch|p1a: Clefable|Clefable, F|100/100
|move|p2a: Alomomola|Scald|p1a: Clefable
|-damage|p1a: Clefable|87/100
|-status|p1a: Clefable|brn
|
|upkeep
|turn|8
|
|t:|1743916975
|move|p1a: Clefable|Moonlight|p1a: Clefable
|-heal|p1a: Clefable|100/100 brn
|move|p2a: Alomomola|Flip Turn|p1a: Clefable
|-damage|p1a: Clefable|89/100 brn
|
|t:|1743916983
|switch|p2a: Iron Treads|Iron Treads|100/100|[from] Flip Turn
|
|upkeep
|turn|9
|
|t:|1743916991
|switch|p1a: Gliscor|Gliscor, F|100/100
|-damage|p1a: Gliscor|88/100|[from] Stealth Rock
|move|p2a: Iron Treads|Heavy Slam|p1a: Gliscor
|-damage|p1a: Gliscor|57/100
|
|-status|p1a: Gliscor|tox|[from] item: Toxic Orb
|upkeep
|turn|10
|
|t:|1743917008
|-end|p2a: Iron Treads|Quark Drive|[silent]
|switch|p2a: Alomomola|Alomomola, F|100/100
|move|p1a: Gliscor|Knock Off|p2a: Alomomola
|-damage|p2a: Alomomola|83/100
|-enditem|p2a: Alomomola|Assault Vest|[from] move: Knock Off|[of] p1a: Gliscor
|
|-heal|p1a: Gliscor|70/100 tox|[from] ability: Poison Heal
|upkeep
|turn|11
|
|t:|1743917025
|switch|p1a: Amoonguss|Amoonguss, F|36/100
|move|p2a: Alomomola|Scald|p1a: Amoonguss
|-resisted|p1a: Amoonguss
|-damage|p1a: Amoonguss|31/100
|
|upkeep
|turn|12
|
|t:|1743917039
|move|p2a: Alomomola|Flip Turn|p1a: Amoonguss
|-resisted|p1a: Amoonguss
|-damage|p1a: Amoonguss|24/100
|
|t:|1743917043
|switch|p2a: Iron Treads|Iron Treads|100/100|[from] Flip Turn
|move|p1a: Amoonguss|Synthesis|p1a: Amoonguss
|-heal|p1a: Amoonguss|74/100
|
|upkeep
|turn|13
|
|t:|1743917056
|move|p2a: Iron Treads|Knock Off|p1a: Amoonguss
|-damage|p1a: Amoonguss|57/100
|-enditem|p1a: Amoonguss|Heavy-Duty Boots|[from] move: Knock Off|[of] p2a: Iron Treads
|move|p1a: Amoonguss|Seed Bomb|p2a: Iron Treads
|-damage|p2a: Iron Treads|81/100
|
|upkeep
|turn|14
|
|t:|1743917063
|move|p2a: Iron Treads|Heavy Slam|p1a: Amoonguss
|-damage|p1a: Amoonguss|22/100
|move|p1a: Amoonguss|Foul Play|p2a: Iron Treads
|-damage|p2a: Iron Treads|59/100
|
|upkeep
|turn|15
|
|t:|1743917072
|move|p2a: Iron Treads|Heavy Slam|p1a: Amoonguss
|-damage|p1a: Amoonguss|0 fnt
|faint|p1a: Amoonguss
|
|upkeep
|
|t:|1743917089
|switch|p1a: Dondozo|Dondozo, F|93/100
|turn|16
|
|t:|1743917097
|move|p2a: Iron Treads|Knock Off|p1a: Dondozo
|-damage|p1a: Dondozo|82/100
|-enditem|p1a: Dondozo|Heavy-Duty Boots|[from] move: Knock Off|[of] p2a: Iron Treads
|move|p1a: Dondozo|Waterfall|p2a: Iron Treads
|-supereffective|p2a: Iron Treads
|-damage|p2a: Iron Treads|14/100
|
|upkeep
|turn|17
|
|t:|1743917104
|move|p2a: Iron Treads|Volt Switch|p1a: Dondozo
|-supereffective|p1a: Dondozo
|-damage|p1a: Dondozo|62/100
|
|t:|1743917122
|-end|p2a: Iron Treads|Quark Drive|[silent]
|switch|p2a: Alomomola|Alomomola, F|100/100|[from] Volt Switch
|move|p1a: Dondozo|Waterfall|p2a: Alomomola
|-resisted|p2a: Alomomola
|-damage|p2a: Alomomola|91/100
|
|upkeep
|turn|18
|
|t:|1743917132
|switch|p1a: Clefable|Clefable, F|89/100 brn
|move|p2a: Alomomola|Scald|p1a: Clefable
|-damage|p1a: Clefable|76/100 brn
|
|upkeep
|turn|19
|
|t:|1743917144
|move|p1a: Clefable|Moonblast|p2a: Alomomola
|-damage|p2a: Alomomola|70/100
|-unboost|p2a: Alomomola|spa|1
|move|p2a: Alomomola|Flip Turn|p1a: Clefable
|-damage|p1a: Clefable|63/100 brn
|
|t:|1743917156
|switch|p2a: Iron Treads|Iron Treads|14/100|[from] Flip Turn
|
|upkeep
|turn|20
|
|t:|1743917172
|switch|p1a: Gliscor|Gliscor, F|70/100 tox
|-damage|p1a: Gliscor|57/100 tox|[from] Stealth Rock
|move|p2a: Iron Treads|Heavy Slam|p1a: Gliscor
|-damage|p1a: Gliscor|26/100 tox
|
|-heal|p1a: Gliscor|39/100 tox|[from] ability: Poison Heal
|upkeep
|turn|21
|
|t:|1743917187
|-end|p2a: Iron Treads|Quark Drive|[silent]
|switch|p2a: Alomomola|Alomomola, F|100/100
|move|p1a: Gliscor|Protect||[still]
|-fail|p1a: Gliscor
|
|-heal|p1a: Gliscor|51/100 tox|[from] ability: Poison Heal
|-damage|p2a: Alomomola|88/100|[from] item: Sticky Barb
|upkeep
|turn|22
|
|t:|1743917203
|switch|p1a: Blissey|Blissey, F|100/100
|move|p2a: Alomomola|Flip Turn|p1a: Blissey
|-damage|p1a: Blissey|84/100
|
|t:|1743917211
|switch|p2a: average tusk|Donphan, F|100/100|[from] Flip Turn
|
|upkeep
|turn|23
|
|t:|1743917234
|switch|p1a: Dondozo|Dondozo, F|62/100
|-damage|p1a: Dondozo|50/100|[from] Stealth Rock
|move|p2a: average tusk|Earthquake|p1a: Dondozo
|-damage|p1a: Dondozo|25/100
|
|upkeep
|turn|24
|
|t:|1743917258
|move|p2a: average tusk|Earthquake|p1a: Dondozo
|-damage|p1a: Dondozo|2/100
|move|p1a: Dondozo|Rest|p1a: Dondozo
|-status|p1a: Dondozo|slp|[from] move: Rest
|-heal|p1a: Dondozo|100/100 slp|[silent]
|
|upkeep
|turn|25
|
|t:|1743917264
|move|p2a: average tusk|Earthquake|p1a: Dondozo
|-damage|p1a: Dondozo|75/100 slp
|cant|p1a: Dondozo|slp
|move|p1a: Dondozo|Sleep Talk|p1a: Dondozo
|move|p1a: Dondozo|Rest||[from] move: Sleep Talk|[still]
|-fail|p1a: Dondozo
|
|upkeep
|turn|26
|
|t:|1743917271
|move|p2a: average tusk|Earthquake|p1a: Dondozo
|-damage|p1a: Dondozo|53/100 slp
|cant|p1a: Dondozo|slp
|move|p1a: Dondozo|Sleep Talk|p1a: Dondozo
|move|p1a: Dondozo|Rest||[from] move: Sleep Talk|[still]
|-fail|p1a: Dondozo
|
|upkeep
|turn|27
|
|t:|1743917279
|move|p2a: average tusk|Earthquake|p1a: Dondozo
|-damage|p1a: Dondozo|29/100 slp
|-curestatus|p1a: Dondozo|slp|[msg]
|move|p1a: Dondozo|Rest|p1a: Dondozo
|-status|p1a: Dondozo|slp|[from] move: Rest
|-heal|p1a: Dondozo|100/100 slp|[silent]
|
|upkeep
|turn|28
|
|t:|1743917286
|cant|p1a: Dondozo|slp
|move|p1a: Dondozo|Sleep Talk|p1a: Dondozo
|move|p1a: Dondozo|Waterfall|p2a: average tusk|[from] move: Sleep Talk
|-supereffective|p2a: average tusk
|-damage|p2a: average tusk|61/100
|move|p2a: average tusk|Counter|p1a: Dondozo
|-damage|p1a: Dondozo|40/100 slp
|
|upkeep
|turn|29
|
|t:|1743917297
|move|p2a: average tusk|Earthquake|p1a: Dondozo
|-damage|p1a: Dondozo|15/100 slp
|cant|p1a: Dondozo|slp
|move|p1a: Dondozo|Sleep Talk|p1a: Dondozo
|move|p1a: Dondozo|Waterfall|p2a: average tusk|[from] move: Sleep Talk
|-supereffective|p2a: average tusk
|-damage|p2a: average tusk|19/100
|
|upkeep
|turn|30
|-enditem|p2a: average tusk|Custap Berry|[eat]
|-activate|p2a: average tusk|item: Custap Berry|[consumed]
|
|t:|1743917311
|switch|p1a: Gliscor|Gliscor, F|51/100 tox
|-damage|p1a: Gliscor|39/100 tox|[from] Stealth Rock
|move|p2a: average tusk|Earthquake|p1a: Gliscor
|-immune|p1a: Gliscor
|
|-heal|p1a: Gliscor|51/100 tox|[from] ability: Poison Heal
|upkeep
|turn|31
|
|t:|1743917321
|switch|p2a: Alomomola|Alomomola, F|100/100
|move|p1a: Gliscor|Spikes|p2a: Alomomola
|-sidestart|p2: kitsune rush|Spikes
|
|-heal|p1a: Gliscor|64/100 tox|[from] ability: Poison Heal
|-damage|p2a: Alomomola|88/100|[from] item: Sticky Barb
|upkeep
|turn|32
|
|t:|1743917332
|move|p1a: Gliscor|Protect|p1a: Gliscor
|-singleturn|p1a: Gliscor|Protect
|move|p2a: Alomomola|Flip Turn|p1a: Gliscor
|-activate|p1a: Gliscor|move: Protect
|
|-heal|p1a: Gliscor|76/100 tox|[from] ability: Poison Heal
|-damage|p2a: Alomomola|76/100|[from] item: Sticky Barb
|upkeep
|turn|33
|
|t:|1743917344
|move|p1a: Gliscor|Toxic|p2a: Alomomola
|-status|p2a: Alomomola|tox
|move|p2a: Alomomola|Flip Turn|p1a: Gliscor
|-supereffective|p1a: Gliscor
|-damage|p1a: Gliscor|57/100 tox
|
|t:|1743917365
|switch|p2a: Great Tusk|Great Tusk|100/100|[from] Flip Turn
|-damage|p2a: Great Tusk|88/100|[from] Spikes
|
|-heal|p2a: Great Tusk|94/100|[from] item: Leftovers
|-heal|p1a: Gliscor|70/100 tox|[from] ability: Poison Heal
|upkeep
|turn|34
|
|t:|1743917381
|move|p2a: Great Tusk|Ice Spinner|p1a: Gliscor
|-supereffective|p1a: Gliscor
|-damage|p1a: Gliscor|7/100 tox
|move|p1a: Gliscor|Toxic|p2a: Great Tusk|[miss]
|-miss|p1a: Gliscor|p2a: Great Tusk
|
|-heal|p2a: Great Tusk|100/100|[from] item: Leftovers
|-heal|p1a: Gliscor|20/100 tox|[from] ability: Poison Heal
|upkeep
|turn|35
|
|t:|1743917389
|move|p1a: Gliscor|Protect|p1a: Gliscor
|-singleturn|p1a: Gliscor|Protect
|move|p2a: Great Tusk|Ice Spinner|p1a: Gliscor
|-activate|p1a: Gliscor|move: Protect
|
|-heal|p1a: Gliscor|32/100 tox|[from] ability: Poison Heal
|upkeep
|turn|36
|
|t:|1743917401
|switch|p1a: Dondozo|Dondozo, F|15/100 slp
|-damage|p1a: Dondozo|3/100 slp|[from] Stealth Rock
|move|p2a: Great Tusk|Ice Spinner|p1a: Dondozo
|-resisted|p1a: Dondozo
|-damage|p1a: Dondozo|0 fnt
|faint|p1a: Dondozo
|
|upkeep
|
|t:|1743917424
|switch|p1a: Clefable|Clefable, F|63/100 brn
|turn|37
|
|t:|1743917432
|move|p2a: Great Tusk|Rapid Spin|p1a: Clefable
|-damage|p1a: Clefable|51/100 brn
|-boost|p2a: Great Tusk|spe|1
|-sideend|p2: kitsune rush|Spikes|[from] move: Rapid Spin|[of] p2a: Great Tusk
|move|p1a: Clefable|Wish|p1a: Clefable
|
|upkeep
|turn|38
|
|t:|1743917447
|move|p2a: Great Tusk|Ice Spinner|p1a: Clefable
|-damage|p1a: Clefable|30/100 brn
|move|p1a: Clefable|Moonlight|p1a: Clefable
|-heal|p1a: Clefable|80/100 brn
|
|-heal|p1a: Clefable|100/100 brn|[from] move: Wish|[wisher] Clefable
|upkeep
|turn|39
|
|t:|1743917457
|move|p2a: Great Tusk|Earthquake|p1a: Clefable
|-damage|p1a: Clefable|66/100 brn
|move|p1a: Clefable|Wish|p1a: Clefable
|
|upkeep
|turn|40
|
|t:|1743917506
|-end|p2a: Great Tusk|Protosynthesis|[silent]
|switch|p2a: Alomomola|Alomomola, F|100/100 tox
|move|p1a: Clefable|Moonblast|p2a: Alomomola
|-damage|p2a: Alomomola|78/100 tox
|
|-heal|p1a: Clefable|100/100 brn|[from] move: Wish|[wisher] Clefable
|-damage|p2a: Alomomola|72/100 tox|[from] psn
|-damage|p2a: Alomomola|59/100 tox|[from] item: Sticky Barb
|upkeep
|turn|41
|
|t:|1743917528
|move|p1a: Clefable|Moonblast|p2a: Alomomola
|-damage|p2a: Alomomola|37/100 tox
|-unboost|p2a: Alomomola|spa|1
|move|p2a: Alomomola|Flip Turn|p1a: Clefable
|-damage|p1a: Clefable|89/100 brn
|
|t:|1743917531
|switch|p2a: Iron Treads|Iron Treads|14/100|[from] Flip Turn
|
|upkeep
|turn|42
|
|t:|1743917540
|move|p2a: Iron Treads|Heavy Slam|p1a: Clefable
|-supereffective|p1a: Clefable
|-damage|p1a: Clefable|16/100 brn
|move|p1a: Clefable|Knock Off|p2a: Iron Treads
|-damage|p2a: Iron Treads|7/100
|-enditem|p2a: Iron Treads|Assault Vest|[from] move: Knock Off|[of] p1a: Clefable
|
|upkeep
|turn|43
|
|t:|1743917561
|switch|p1a: Gliscor|Gliscor, F|32/100 tox
|-damage|p1a: Gliscor|20/100 tox|[from] Stealth Rock
|move|p2a: Iron Treads|Heavy Slam|p1a: Gliscor
|-damage|p1a: Gliscor|0 fnt
|faint|p1a: Gliscor
|
|upkeep
|
|t:|1743917574
|switch|p1a: Blissey|Blissey, F|84/100
|turn|44
|
|t:|1743917600
|move|p2a: Iron Treads|Heavy Slam|p1a: Blissey
|-damage|p1a: Blissey|37/100
|move|p1a: Blissey|Seismic Toss|p2a: Iron Treads
|-damage|p2a: Iron Treads|0 fnt
|faint|p2a: Iron Treads
|-end|p2a: Iron Treads|Quark Drive|[silent]
|
|upkeep
|
|t:|1743917605
|switch|p2a: Great Tusk|Great Tusk|100/100
|turn|45
|
|t:|1743917615
|move|p2a: Great Tusk|Earthquake|p1a: Blissey
|-damage|p1a: Blissey|0 fnt
|faint|p1a: Blissey
|
|upkeep
|
|t:|1743917620
|switch|p1a: Clefable|Clefable, F|16/100 brn
|turn|46
|
|t:|1743917627
|move|p2a: Great Tusk|Earthquake|p1a: Clefable
|-damage|p1a: Clefable|0 fnt
|faint|p1a: Clefable
|
|upkeep
|
|t:|1743917633
|switch|p1a: Ting-Lu|Ting-Lu|3/100
|-ability|p1a: Ting-Lu|Vessel of Ruin
|turn|47
|
|t:|1743917640
|move|p2a: Great Tusk|Rapid Spin|p1a: Ting-Lu
|-damage|p1a: Ting-Lu|0 fnt
|-boost|p2a: Great Tusk|spe|1
|faint|p1a: Ting-Lu
|
|win|kitsune rush
|raw|yochie777's rating: 1127 &rarr; <strong>1103</strong><br />(-24 for losing)
|raw|kitsune rush's rating: 1141 &rarr; <strong>1165</strong><br />(+24 for winning)
|l|☆kitsune rush
|player|p2|
|l|☆yochie777
|player|p1|
