|j|☆Androxus13_05
|j|☆4567Gamer
|t:|1743847804
|gametype|singles
|player|p1|Androxus13_05|265|1077
|player|p2|4567Gamer|102|1093
|teamsize|p1|6
|teamsize|p2|6
|gen|9
|tier|[Gen 9] OU
|rated|
|rule|HP Percentage Mod: HP is shown in percentages
|rule|Endless Battle Clause: Forcing endless battles is banned
|rule|Species Clause: Limit one of each Pokémon
|rule|OHKO Clause: OHKO moves are banned
|rule|Evasion Items Clause: Evasion items are banned
|rule|Evasion Moves Clause: Evasion moves are banned
|rule|Sleep Moves Clause: Sleep-inducing moves are banned
|clearpoke
|poke|p1|Dragapult, M|
|poke|p1|Lucario, F|
|poke|p1|Chandelure, F|
|poke|p1|Corviknight, M|
|poke|p1|Snorlax, F|
|poke|p1|Primarina, M|
|poke|p2|Lucario, F|
|poke|p2|Dragonite, M|
|poke|p2|Slaking, M|
|poke|p2|Garchomp, F|
|poke|p2|Greninja-*, M|
|poke|p2|Ditto|
|teampreview
|
|t:|1743847819
|start
|switch|p1a: Corviknight|Corviknight, M|100/100
|switch|p2a: Ditto|Ditto|100/100
|-ability|p1a: Corviknight|Unnerve
|-transform|p2a: Ditto|p1a: Corviknight|[from] ability: Imposter
|-ability|p2a: Ditto|Unnerve
|turn|1
|
|t:|1743847839
|move|p2a: Ditto|Iron Head|p1a: Corviknight
|-resisted|p1a: Corviknight
|-damage|p1a: Corviknight|86/100
|move|p1a: Corviknight|U-turn|p2a: Ditto
|-resisted|p2a: Ditto
|-damage|p2a: Ditto|95/100
|-damage|p1a: Corviknight|69/100|[from] item: Rocky Helmet|[of] p2a: Ditto
|
|t:|1743847854
|switch|p1a: Chandelure|Chandelure, F|100/100|[from] U-turn
|
|upkeep
|turn|2
|
|t:|1743847861
|move|p1a: Chandelure|Flamethrower|p2a: Ditto
|-supereffective|p2a: Ditto
|-damage|p2a: Ditto|0 fnt
|faint|p2a: Ditto
|
|upkeep
|
|t:|1743847867
|switch|p2a: Slaking|Slaking, M|100/100
|turn|3
|
|t:|1743847877
|move|p1a: Chandelure|Flamethrower|p2a: Slaking
|-damage|p2a: Slaking|55/100
|move|p2a: Slaking|Earthquake|p1a: Chandelure
|-supereffective|p1a: Chandelure
|-damage|p1a: Chandelure|0 fnt
|faint|p1a: Chandelure
|
|upkeep
|
|t:|1743847883
|switch|p1a: Lucario|Lucario, F|100/100
|-item|p1a: Lucario|Air Balloon
|turn|4
|
|t:|1743847889
|-terastallize|p2a: Slaking|Normal
|move|p1a: Lucario|Close Combat|p2a: Slaking
|-supereffective|p2a: Slaking
|-damage|p2a: Slaking|0 fnt
|-unboost|p1a: Lucario|def|1
|-unboost|p1a: Lucario|spd|1
|-damage|p1a: Lucario|84/100|[from] item: Rocky Helmet|[of] p2a: Slaking
|faint|p2a: Slaking
|
|upkeep
|
|t:|1743847898
|switch|p2a: Lucario|Lucario, F|100/100
|turn|5
|
|t:|1743847911
|switch|p1a: Corviknight|Corviknight, M|69/100
|-ability|p1a: Corviknight|Unnerve
|move|p2a: Lucario|Aura Sphere|p1a: Corviknight
|-damage|p1a: Corviknight|26/100
|
|upkeep
|turn|6
|
|t:|1743847919
|move|p2a: Lucario|Aura Sphere|p1a: Corviknight
|-damage|p1a: Corviknight|0 fnt
|faint|p1a: Corviknight
|
|upkeep
|
|t:|1743847937
|switch|p1a: Snorlax|Snorlax, F|100/100
|turn|7
|
|t:|1743847944
|switch|p1a: Dragapult|Dragapult, M|100/100
|move|p2a: Lucario|Aura Sphere|p1a: Dragapult
|-immune|p1a: Dragapult
|
|upkeep
|turn|8
|
|t:|1743847950
|move|p1a: Dragapult|Dragon Dance|p1a: Dragapult
|-boost|p1a: Dragapult|atk|1
|-boost|p1a: Dragapult|spe|1
|move|p2a: Lucario|Shadow Ball|p1a: Dragapult
|-supereffective|p1a: Dragapult
|-damage|p1a: Dragapult|39/100
|
|upkeep
|turn|9
|
|t:|1743847961
|move|p2a: Lucario|Shadow Ball|p1a: Dragapult
|-supereffective|p1a: Dragapult
|-damage|p1a: Dragapult|0 fnt
|faint|p1a: Dragapult
|
|upkeep
|
|t:|1743847970
|switch|p1a: Primarina|Primarina, M|100/100
|turn|10
|
|t:|1743847980
|move|p2a: Lucario|Steel Beam|p1a: Primarina
|-damage|p1a: Primarina|46/100
|-damage|p2a: Lucario|50/100|[from] steelbeam
|move|p1a: Primarina|Moonblast|p2a: Lucario
|-damage|p2a: Lucario|0 fnt
|faint|p2a: Lucario
|
|upkeep
|
|t:|1743847989
|switch|p2a: Dragonite|Dragonite, M|100/100
|turn|11
|
|t:|1743847994
|move|p2a: Dragonite|Fly||[still]
|-prepare|p2a: Dragonite|Fly
|move|p1a: Primarina|Moonblast|p2a: Dragonite|[miss]
|-miss|p1a: Primarina|p2a: Dragonite
|
|upkeep
|turn|12
|
|t:|1743848001
|switch|p1a: Snorlax|Snorlax, F|100/100
|move|p2a: Dragonite|Fly|p1a: Snorlax|[from] lockedmove
|-damage|p1a: Snorlax|65/100
|
|-heal|p1a: Snorlax|71/100|[from] item: Leftovers
|upkeep
|turn|13
|
|t:|1743848009
|-terastallize|p1a: Snorlax|Normal
|move|p2a: Dragonite|Dragon Dance|p2a: Dragonite
|-boost|p2a: Dragonite|atk|1
|-boost|p2a: Dragonite|spe|1
|move|p1a: Snorlax|Body Slam|p2a: Dragonite
|-damage|p2a: Dragonite|79/100
|-status|p2a: Dragonite|par
|-damage|p1a: Snorlax|55/100|[from] item: Rocky Helmet|[of] p2a: Dragonite
|
|-heal|p1a: Snorlax|61/100|[from] item: Leftovers
|upkeep
|turn|14
|
|t:|1743848024
|move|p2a: Dragonite|Dragon Claw|p1a: Snorlax
|-damage|p1a: Snorlax|14/100
|move|p1a: Snorlax|Body Slam|p2a: Dragonite
|-damage|p2a: Dragonite|30/100 par
|-damage|p1a: Snorlax|0 fnt|[from] item: Rocky Helmet|[of] p2a: Dragonite
|faint|p1a: Snorlax
|
|upkeep
|
|t:|1743848036
|switch|p1a: Lucario|Lucario, F|84/100
|-item|p1a: Lucario|Air Balloon
|turn|15
|
|t:|1743848048
|move|p1a: Lucario|Close Combat|p2a: Dragonite
|-resisted|p2a: Dragonite
|-damage|p2a: Dragonite|0 fnt
|-unboost|p1a: Lucario|def|1
|-unboost|p1a: Lucario|spd|1
|-damage|p1a: Lucario|67/100|[from] item: Rocky Helmet|[of] p2a: Dragonite
|faint|p2a: Dragonite
|
|upkeep
|
|t:|1743848055
|switch|p2a: Greninja|Greninja, M|100/100
|turn|16
|
|t:|1743848063
|move|p1a: Lucario|Detect|p1a: Lucario
|-singleturn|p1a: Lucario|Protect
|move|p2a: Greninja|Hydro Pump|p1a: Lucario
|-start|p2a: Greninja|typechange|Water|[from] ability: Protean
|-activate|p1a: Lucario|move: Protect
|
|upkeep
|turn|17
|
|t:|1743848074
|move|p2a: Greninja|Hydro Pump|p1a: Lucario|[miss]
|-miss|p2a: Greninja|p1a: Lucario
|move|p1a: Lucario|Close Combat|p2a: Greninja
|-damage|p2a: Greninja|4/100
|-unboost|p1a: Lucario|def|1
|-unboost|p1a: Lucario|spd|1
|-damage|p1a: Lucario|51/100|[from] item: Rocky Helmet|[of] p2a: Greninja
|
|upkeep
|turn|18
|
|t:|1743848083
|switch|p1a: Primarina|Primarina, M|46/100
|move|p2a: Greninja|Extrasensory|p1a: Primarina
|-damage|p1a: Primarina|31/100
|
|upkeep
|turn|19
|
|t:|1743848090
|move|p2a: Greninja|Grass Knot|p1a: Primarina
|-supereffective|p1a: Primarina
|-damage|p1a: Primarina|5/100
|-damage|p2a: Greninja|0 fnt|[from] item: Rocky Helmet|[of] p1a: Primarina
|faint|p2a: Greninja
|move|p1a: Primarina|Rest|p1a: Primarina
|-status|p1a: Primarina|slp|[from] move: Rest
|-heal|p1a: Primarina|100/100 slp|[silent]
|
|upkeep
|
|t:|1743848099
|switch|p2a: Garchomp|Garchomp, F|100/100
|turn|20
|
|t:|1743848102
|move|p2a: Garchomp|Swords Dance|p2a: Garchomp
|-boost|p2a: Garchomp|atk|2
|cant|p1a: Primarina|slp
|
|upkeep
|turn|21
|
|t:|1743848108
|move|p2a: Garchomp|Double-Edge|p1a: Primarina
|-damage|p1a: Primarina|0 fnt
|-damage|p2a: Garchomp|84/100|[from] item: Rocky Helmet|[of] p1a: Primarina
|faint|p1a: Primarina
|-damage|p2a: Garchomp|54/100|[from] Recoil
|
|upkeep
|
|t:|1743848113
|switch|p1a: Lucario|Lucario, F|51/100
|-item|p1a: Lucario|Air Balloon
|turn|22
|
|t:|1743848120
|move|p2a: Garchomp|Dragon Claw|p1a: Lucario
|-resisted|p1a: Lucario
|-damage|p1a: Lucario|0 fnt
|-enditem|p1a: Lucario|Air Balloon
|faint|p1a: Lucario
|
|win|4567Gamer
|raw|Androxus13_05's rating: 1077 &rarr; <strong>1056</strong><br />(-21 for losing)
|raw|4567Gamer's rating: 1093 &rarr; <strong>1118</strong><br />(+25 for winning)
|l|☆Androxus13_05
|player|p1|
