|j|☆you win/lose some
|j|☆suv9682
|t:|1743812738
|gametype|singles
|player|p1|you win/lose some|liko|1211
|player|p2|suv9682|101|1224
|teamsize|p1|6
|teamsize|p2|6
|gen|9
|tier|[Gen 9] OU
|rated|
|rule|HP Percentage Mod: HP is shown in percentages
|rule|Endless Battle Clause: Forcing endless battles is banned
|rule|Species Clause: Limit one of each Pokémon
|rule|OHKO Clause: OHKO moves are banned
|rule|Evasion Items Clause: Evasion items are banned
|rule|Evasion Moves Clause: Evasion moves are banned
|rule|Sleep Moves Clause: Sleep-inducing moves are banned
|clearpoke
|poke|p1|Maushold-Four|
|poke|p1|Grimmsnarl, M|
|poke|p1|Skeledirge, F|
|poke|p1|Pecharunt|
|poke|p1|Tyranitar, M|
|poke|p1|Tornadus, M|
|poke|p2|Hydreigon, F|
|poke|p2|Gholdengo|
|poke|p2|Slowking, M|
|poke|p2|Cinderace, M|
|poke|p2|Garganacl, F|
|poke|p2|Scizor, M|
|teampreview
|inactive|Battle timer is ON: inactive players will automatically lose when time's up. (requested by you win/lose some)
|
|t:|1743812750
|start
|switch|p1a: Skeledirge|Skeledirge, F|100/100
|switch|p2a: Scizor|Scizor, M|100/100
|turn|1
|
|t:|1743812765
|switch|p1a: Maushold|Maushold-Four|100/100
|switch|p2a: Hydreigon|Hydreigon, F|100/100
|
|upkeep
|turn|2
|
|t:|1743812775
|move|p2a: Hydreigon|Draco Meteor|p1a: Maushold
|-damage|p1a: Maushold|0 fnt
|-unboost|p2a: Hydreigon|spa|2
|faint|p1a: Maushold
|
|upkeep
|
|t:|1743812779
|switch|p1a: Grimmsnarl|Grimmsnarl, M|100/100
|turn|3
|
|t:|1743812784
|switch|p2a: Cinderace|Cinderace, M|100/100
|move|p1a: Grimmsnarl|Spirit Break|p2a: Cinderace
|-resisted|p2a: Cinderace
|-damage|p2a: Cinderace|81/100
|-unboost|p2a: Cinderace|spa|1
|
|upkeep
|turn|4
|
|t:|1743812795
|move|p1a: Grimmsnarl|Reflect|p1a: Grimmsnarl
|-sidestart|p1: you win/lose some|Reflect
|move|p2a: Cinderace|Pyro Ball|p1a: Grimmsnarl
|-damage|p1a: Grimmsnarl|63/100
|
|upkeep
|turn|5
|
|t:|1743812801
|move|p1a: Grimmsnarl|Parting Shot|p2a: Cinderace
|-unboost|p2a: Cinderace|atk|1
|-unboost|p2a: Cinderace|spa|1
|
|t:|1743812811
|switch|p1a: Tornadus|Tornadus, M|100/100|[from] Parting Shot
|move|p2a: Cinderace|Court Change|p2a: Cinderace
|-start|p2a: Cinderace|typechange|Normal|[from] ability: Libero
|-swapsideconditions
|-activate|p2a: Cinderace|move: Court Change
|
|upkeep
|turn|6
|
|t:|1743812820
|move|p2a: Cinderace|U-turn|p1a: Tornadus
|-resisted|p1a: Tornadus
|-damage|p1a: Tornadus|90/100
|
|t:|1743812824
|switch|p2a: Scizor|Scizor, M|100/100|[from] U-turn
|move|p1a: Tornadus|Swagger|p2a: Scizor
|-boost|p2a: Scizor|atk|2
|-start|p2a: Scizor|confusion
|-enditem|p2a: Scizor|Lum Berry|[eat]
|-end|p2a: Scizor|confusion
|-enditem|p1a: Tornadus|Mirror Herb
|-boost|p1a: Tornadus|atk|2|[from] item: Mirror Herb
|
|upkeep
|turn|7
|
|t:|1743812837
|move|p2a: Scizor|Bullet Punch|p1a: Tornadus
|-damage|p1a: Tornadus|0 fnt
|faint|p1a: Tornadus
|
|upkeep
|
|t:|1743812839
|switch|p1a: Grimmsnarl|Grimmsnarl, M|63/100
|turn|8
|
|t:|1743812847
|switch|p1a: Skeledirge|Skeledirge, F|100/100
|move|p2a: Scizor|Bullet Punch|p1a: Skeledirge
|-resisted|p1a: Skeledirge
|-damage|p1a: Skeledirge|86/100
|
|upkeep
|turn|9
|
|t:|1743812855
|-terastallize|p2a: Scizor|Water
|move|p1a: Skeledirge|Torch Song|p2a: Scizor
|-resisted|p2a: Scizor
|-damage|p2a: Scizor|76/100
|-boost|p1a: Skeledirge|spa|1
|move|p2a: Scizor|Knock Off|p1a: Skeledirge
|-supereffective|p1a: Skeledirge
|-damage|p1a: Skeledirge|21/100
|-enditem|p1a: Skeledirge|Quick Claw|[from] move: Knock Off|[of] p2a: Scizor
|
|upkeep
|turn|10
|
|t:|1743812867
|move|p1a: Skeledirge|Slack Off|p1a: Skeledirge
|-heal|p1a: Skeledirge|71/100
|move|p2a: Scizor|Knock Off|p1a: Skeledirge
|-supereffective|p1a: Skeledirge
|-damage|p1a: Skeledirge|29/100
|
|upkeep
|turn|11
|
|t:|1743812874
|move|p1a: Skeledirge|Slack Off|p1a: Skeledirge
|-heal|p1a: Skeledirge|79/100
|move|p2a: Scizor|Knock Off|p1a: Skeledirge
|-supereffective|p1a: Skeledirge
|-damage|p1a: Skeledirge|39/100
|
|-sideend|p2: suv9682|Reflect
|upkeep
|turn|12
|
|t:|1743812886
|move|p1a: Skeledirge|Hex|p2a: Scizor
|-damage|p2a: Scizor|22/100
|move|p2a: Scizor|Knock Off|p1a: Skeledirge
|-supereffective|p1a: Skeledirge
|-damage|p1a: Skeledirge|0 fnt
|faint|p1a: Skeledirge
|
|upkeep
|
|t:|1743812888
|switch|p1a: Pecharunt|Pecharunt|100/100
|turn|13
|
|t:|1743812897
|move|p2a: Scizor|Bullet Punch|p1a: Pecharunt
|-damage|p1a: Pecharunt|47/100
|move|p1a: Pecharunt|Toxic|p2a: Scizor
|-status|p2a: Scizor|tox
|-start|p2a: Scizor|confusion|[from] ability: Poison Puppeteer|[of] p1a: Pecharunt
|
|-damage|p2a: Scizor|16/100 tox|[from] psn
|upkeep
|turn|14
|
|t:|1743812907
|-activate|p2a: Scizor|confusion
|move|p2a: Scizor|Bullet Punch|p1a: Pecharunt
|-damage|p1a: Pecharunt|1/100
|move|p1a: Pecharunt|Shadow Ball|p2a: Scizor
|-damage|p2a: Scizor|0 fnt
|faint|p2a: Scizor
|
|upkeep
|
|t:|1743812917
|switch|p2a: Cinderace|Cinderace, M|81/100
|turn|15
|
|t:|1743812921
|move|p2a: Cinderace|U-turn|p1a: Pecharunt
|-start|p2a: Cinderace|typechange|Bug|[from] ability: Libero
|-resisted|p1a: Pecharunt
|-damage|p1a: Pecharunt|0 fnt
|faint|p1a: Pecharunt
|
|t:|1743812927
|switch|p2a: Garganacl|Garganacl, F|100/100|[from] U-turn
|
|upkeep
|
|t:|1743812933
|switch|p1a: Tyranitar|Tyranitar, M|100/100
|-weather|Sandstorm|[from] ability: Sand Stream|[of] p1a: Tyranitar
|turn|16
|
|t:|1743812940
|move|p1a: Tyranitar|Dragon Dance|p1a: Tyranitar
|-boost|p1a: Tyranitar|atk|1
|-boost|p1a: Tyranitar|spe|1
|move|p2a: Garganacl|Salt Cure|p1a: Tyranitar
|-damage|p1a: Tyranitar|88/100
|-start|p1a: Tyranitar|Salt Cure
|
|-weather|Sandstorm|[upkeep]
|-damage|p1a: Tyranitar|76/100|[from] Salt Cure
|upkeep
|turn|17
|
|t:|1743812950
|move|p1a: Tyranitar|Iron Head|p2a: Garganacl
|-supereffective|p2a: Garganacl
|-damage|p2a: Garganacl|53/100
|-damage|p1a: Tyranitar|59/100|[from] item: Rocky Helmet|[of] p2a: Garganacl
|move|p2a: Garganacl|Curse|p2a: Garganacl
|-unboost|p2a: Garganacl|spe|1
|-boost|p2a: Garganacl|atk|1
|-boost|p2a: Garganacl|def|1
|
|-weather|Sandstorm|[upkeep]
|-damage|p1a: Tyranitar|47/100|[from] Salt Cure
|upkeep
|turn|18
|-message|you win/lose some forfeited.
|
|win|suv9682
|raw|you win&#x2f;lose some's rating: 1211 &rarr; <strong>1187</strong><br />(-24 for losing)
|raw|suv9682's rating: 1224 &rarr; <strong>1248</strong><br />(+24 for winning)
|l|☆you win/lose some
|player|p1|
|l|☆suv9682
|player|p2|
