|j|☆Daybrick
|j|☆metakill4r
|t:|1743837002
|gametype|singles
|player|p1|Daybrick|265|1597
|player|p2|metakill4r|boarder|1580
|teamsize|p1|6
|teamsize|p2|6
|gen|9
|tier|[Gen 9] OU
|rated|
|rule|HP Percentage Mod: HP is shown in percentages
|rule|Endless Battle Clause: Forcing endless battles is banned
|rule|Species Clause: Limit one of each Pokémon
|rule|OHKO Clause: OHKO moves are banned
|rule|Evasion Items Clause: Evasion items are banned
|rule|Evasion Moves Clause: Evasion moves are banned
|rule|Sleep Moves Clause: Sleep-inducing moves are banned
|clearpoke
|poke|p1|Iron Moth|
|poke|p1|Mamoswine, M|
|poke|p1|Iron Crown|
|poke|p1|Iron Hands|
|poke|p1|Meowscarada, M|
|poke|p1|Primarina, M|
|poke|p2|Ninetales-Alola, M|
|poke|p2|Great Tusk|
|poke|p2|Slowking-Galar, F|
|poke|p2|Ogerpon-Wellspring, F|
|poke|p2|Gholdengo|
|poke|p2|Kyurem|
|teampreview
|inactive|Battle timer is ON: inactive players will automatically lose when time's up. (requested by Daybrick)
|
|t:|1743837015
|start
|switch|p1a: Behemoth|Mamoswine, M, shiny|100/100
|switch|p2a: Gholdengo|Gholdengo|100/100
|turn|1
|
|t:|1743837019
|move|p2a: Gholdengo|Make It Rain|p1a: Behemoth
|-supereffective|p1a: Behemoth
|-enditem|p1a: Behemoth|Focus Sash
|-damage|p1a: Behemoth|1/100
|-unboost|p2a: Gholdengo|spa|1
|move|p1a: Behemoth|Earthquake|p2a: Gholdengo
|-supereffective|p2a: Gholdengo
|-damage|p2a: Gholdengo|0 fnt
|faint|p2a: Gholdengo
|
|upkeep
|
|t:|1743837030
|switch|p2a: Ninetales|Ninetales-Alola, M|100/100
|-weather|Snowscape|[from] ability: Snow Warning|[of] p2a: Ninetales
|turn|2
|
|t:|1743837036
|move|p2a: Ninetales|Aurora Veil|p2a: Ninetales
|-sidestart|p2: metakill4r|move: Aurora Veil
|move|p1a: Behemoth|Endeavor|p2a: Ninetales
|-damage|p2a: Ninetales|1/100
|
|-weather|Snowscape|[upkeep]
|upkeep
|turn|3
|
|t:|1743837042
|switch|p2a: Ogerpon|Ogerpon-Wellspring, F|100/100
|move|p1a: Behemoth|Ice Shard|p2a: Ogerpon
|-damage|p2a: Ogerpon|88/100
|
|-weather|Snowscape|[upkeep]
|upkeep
|turn|4
|
|t:|1743837047
|move|p2a: Ogerpon|Horn Leech|p1a: Behemoth
|-supereffective|p1a: Behemoth
|-damage|p1a: Behemoth|0 fnt
|-heal|p2a: Ogerpon|88/100|[from] drain|[of] p1a: Behemoth
|faint|p1a: Behemoth
|
|-weather|Snowscape|[upkeep]
|upkeep
|j| frindlebabbin
|
|t:|1743837067
|switch|p1a: Liberacy|Meowscarada, M, shiny|100/100
|turn|5
|
|t:|1743837083
|-terastallize|p2a: Ogerpon|Water
|detailschange|p2a: Ogerpon|Ogerpon-Wellspring-Tera, F, tera:Water
|-ability|p2a: Ogerpon|Embody Aspect (Wellspring)|boost
|-boost|p2a: Ogerpon|spd|1
|move|p1a: Liberacy|U-turn|p2a: Ogerpon
|-start|p1a: Liberacy|typechange|Bug|[from] ability: Protean
|-damage|p2a: Ogerpon|68/100
|
|t:|1743837091
|switch|p1a: Braveheart|Iron Crown|100/100|[from] U-turn
|move|p2a: Ogerpon|Swords Dance|p2a: Ogerpon
|-boost|p2a: Ogerpon|atk|2
|
|-weather|Snowscape|[upkeep]
|upkeep
|turn|6
|
|t:|1743837098
|move|p2a: Ogerpon|Ivy Cudgel|p1a: Braveheart|[anim] Ivy Cudgel Water
|-damage|p1a: Braveheart|0 fnt
|faint|p1a: Braveheart
|-end|p1a: Braveheart|Quark Drive|[silent]
|
|-weather|none
|upkeep
|
|t:|1743837105
|switch|p1a: Terminator|Iron Hands, shiny|100/100
|-enditem|p1a: Terminator|Booster Energy
|-activate|p1a: Terminator|ability: Quark Drive|[fromitem]
|-start|p1a: Terminator|quarkdriveatk
|turn|7
|
|t:|1743837110
|move|p2a: Ogerpon|Ivy Cudgel|p1a: Terminator|[anim] Ivy Cudgel Water
|-damage|p1a: Terminator|6/100
|move|p1a: Terminator|Wild Charge|p2a: Ogerpon
|-supereffective|p2a: Ogerpon
|-damage|p2a: Ogerpon|0 fnt
|faint|p2a: Ogerpon
|-damage|p1a: Terminator|0 fnt|[from] Recoil
|faint|p1a: Terminator
|-end|p1a: Terminator|Quark Drive|[silent]
|
|upkeep
|
|t:|1743837126
|switch|p2a: Temu Mamo|Great Tusk|100/100
|switch|p1a: Liberacy|Meowscarada, M, shiny|100/100
|-enditem|p2a: Temu Mamo|Booster Energy
|-activate|p2a: Temu Mamo|ability: Protosynthesis|[fromitem]
|-start|p2a: Temu Mamo|protosynthesisatk
|turn|8
|
|t:|1743837134
|move|p1a: Liberacy|Trick|p2a: Temu Mamo
|-start|p1a: Liberacy|typechange|Psychic|[from] ability: Protean
|-activate|p1a: Liberacy|move: Trick|[of] p2a: Temu Mamo
|-item|p2a: Temu Mamo|Choice Scarf|[from] move: Trick
|-enditem|p1a: Liberacy|Choice Scarf|[silent]|[from] move: Trick
|move|p2a: Temu Mamo|Rapid Spin|p1a: Liberacy
|-damage|p1a: Liberacy|66/100
|-boost|p2a: Temu Mamo|spe|1
|
|upkeep
|turn|9
|
|t:|1743837143
|-end|p2a: Temu Mamo|Protosynthesis|[silent]
|switch|p2a: Ninetales|Ninetales-Alola, M|1/100
|-weather|Snowscape|[from] ability: Snow Warning|[of] p2a: Ninetales
|move|p1a: Liberacy|U-turn|p2a: Ninetales
|-resisted|p2a: Ninetales
|-damage|p2a: Ninetales|0 fnt
|faint|p2a: Ninetales
|
|t:|1743837148
|switch|p1a: Celestine|Primarina, M, shiny|100/100|[from] U-turn
|
|-weather|Snowscape|[upkeep]
|-sideend|p2: metakill4r|move: Aurora Veil
|upkeep
|
|t:|1743837153
|switch|p2a: Slowking|Slowking-Galar, F|100/100
|turn|10
|
|t:|1743837157
|move|p1a: Celestine|Substitute|p1a: Celestine
|-start|p1a: Celestine|Substitute
|-damage|p1a: Celestine|76/100
|move|p2a: Slowking|Sludge Bomb|p1a: Celestine
|-supereffective|p1a: Celestine
|-end|p1a: Celestine|Substitute
|
|-weather|Snowscape|[upkeep]
|-heal|p1a: Celestine|82/100|[from] item: Leftovers
|upkeep
|turn|11
|
|t:|1743837165
|switch|p1a: Symbolism|Iron Moth, shiny|100/100
|-enditem|p1a: Symbolism|Booster Energy
|-activate|p1a: Symbolism|ability: Quark Drive|[fromitem]
|-start|p1a: Symbolism|quarkdrivespe
|move|p2a: Slowking|Sludge Bomb|p1a: Symbolism
|-resisted|p1a: Symbolism
|-crit|p1a: Symbolism
|-damage|p1a: Symbolism|67/100
|
|-weather|Snowscape|[upkeep]
|upkeep
|turn|12
|
|t:|1743837170
|move|p1a: Symbolism|Fiery Dance|p2a: Slowking
|-damage|p2a: Slowking|80/100
|-boost|p1a: Symbolism|spa|1
|move|p2a: Slowking|Psyshock|p1a: Symbolism
|-supereffective|p1a: Symbolism
|-damage|p1a: Symbolism|0 fnt
|faint|p1a: Symbolism
|-end|p1a: Symbolism|Quark Drive|[silent]
|
|-weather|Snowscape|[upkeep]
|upkeep
|
|t:|1743837176
|switch|p1a: Liberacy|Meowscarada, M, shiny|66/100
|turn|13
|
|t:|1743837184
|switch|p2a: Temu Mamo|Great Tusk|100/100
|move|p1a: Liberacy|U-turn|p2a: Temu Mamo
|-start|p1a: Liberacy|typechange|Bug|[from] ability: Protean
|-resisted|p2a: Temu Mamo
|-damage|p2a: Temu Mamo|89/100
|
|t:|1743837185
|switch|p1a: Celestine|Primarina, M, shiny|82/100|[from] U-turn
|
|-weather|none
|-heal|p1a: Celestine|88/100|[from] item: Leftovers
|upkeep
|turn|14
|
|t:|1743837191
|-end|p2a: Temu Mamo|Protosynthesis|[silent]
|switch|p2a: Slowking|Slowking-Galar, F|100/100
|move|p1a: Celestine|Draining Kiss|p2a: Slowking
|-resisted|p2a: Slowking
|-damage|p2a: Slowking|95/100
|-heal|p1a: Celestine|92/100|[from] drain|[of] p2a: Slowking
|
|-heal|p1a: Celestine|98/100|[from] item: Leftovers
|upkeep
|turn|15
|
|t:|1743837196
|-terastallize|p1a: Celestine|Ghost
|move|p1a: Celestine|Substitute|p1a: Celestine
|-start|p1a: Celestine|Substitute
|-damage|p1a: Celestine|73/100
|move|p2a: Slowking|Sludge Bomb|p1a: Celestine
|-resisted|p1a: Celestine
|-crit|p1a: Celestine
|-end|p1a: Celestine|Substitute
|
|-heal|p1a: Celestine|79/100|[from] item: Leftovers
|upkeep
|turn|16
|
|t:|1743837202
|move|p1a: Celestine|Substitute|p1a: Celestine
|-start|p1a: Celestine|Substitute
|-damage|p1a: Celestine|55/100
|move|p2a: Slowking|Psyshock|p1a: Celestine
|-end|p1a: Celestine|Substitute
|
|-heal|p1a: Celestine|61/100|[from] item: Leftovers
|upkeep
|turn|17
|
|t:|1743837206
|move|p1a: Celestine|Calm Mind|p1a: Celestine
|-boost|p1a: Celestine|spa|1
|-boost|p1a: Celestine|spd|1
|move|p2a: Slowking|Psyshock|p1a: Celestine
|-damage|p1a: Celestine|32/100
|
|-heal|p1a: Celestine|38/100|[from] item: Leftovers
|upkeep
|turn|18
|
|t:|1743837209
|move|p1a: Celestine|Psychic Noise|p2a: Slowking
|-damage|p2a: Slowking|73/100
|-start|p2a: Slowking|move: Heal Block
|move|p2a: Slowking|Psyshock|p1a: Celestine
|-damage|p1a: Celestine|8/100
|
|-heal|p1a: Celestine|14/100|[from] item: Leftovers
|upkeep
|turn|19
|
|t:|1743837213
|move|p1a: Celestine|Psychic Noise|p2a: Slowking
|-damage|p2a: Slowking|52/100
|move|p2a: Slowking|Psyshock|p1a: Celestine
|-damage|p1a: Celestine|0 fnt
|faint|p1a: Celestine
|
|-end|p2a: Slowking|move: Heal Block
|upkeep
|-message|Daybrick forfeited.
|
|win|metakill4r
|raw|Daybrick's rating: 1574 &rarr; <strong>1554</strong><br />(-20 for losing)
|raw|metakill4r's rating: 1580 &rarr; <strong>1600</strong><br />(+20 for winning)
|l|☆Daybrick
|player|p1|
|c| frindlebabbin|did the crit matter?
|c| frindlebabbin|to break the sub
|c|☆metakill4r|nop
|l|☆metakill4r
|player|p2|
|l| frindlebabbin
