|j|☆fatherluis
|j|☆theholyapple94
|t:|1743916852
|gametype|singles
|player|p1|fatherluis|medium|1123
|player|p2|theholyapple94|2|1116
|teamsize|p1|6
|teamsize|p2|6
|gen|9
|tier|[Gen 9] OU
|rated|
|rule|HP Percentage Mod: HP is shown in percentages
|rule|Endless Battle Clause: Forcing endless battles is banned
|rule|Species Clause: Limit one of each Pokémon
|rule|OHKO Clause: OHKO moves are banned
|rule|Evasion Items Clause: Evasion items are banned
|rule|Evasion Moves Clause: Evasion moves are banned
|rule|Sleep Moves Clause: Sleep-inducing moves are banned
|clearpoke
|poke|p1|Raging Bolt|
|poke|p1|Kingambit, M|
|poke|p1|Ogerpon-Wellspring, F|
|poke|p1|Ting-Lu|
|poke|p1|Great Tusk|
|poke|p1|Moltres|
|poke|p2|Serperior, M|
|poke|p2|Chesnaught, F|
|poke|p2|Tauros-Paldea-Aqua, M|
|poke|p2|Hawlucha, F|
|poke|p2|Volcanion|
|poke|p2|Kilowattrel, F|
|teampreview
|c|☆fatherluis|nice team
|inactive|Battle timer is ON: inactive players will automatically lose when time's up. (requested by theholyapple94)
|inactive|fatherluis has 120 seconds left.
|
|t:|1743916906
|start
|switch|p1a: Moltres|Moltres|100/100
|switch|p2a: Snivÿ|Serperior, M, shiny|100/100
|turn|1
|
|t:|1743916920
|-terastallize|p2a: Snivÿ|Dragon
|move|p2a: Snivÿ|Glare|p1a: Moltres
|-status|p1a: Moltres|par
|cant|p1a: Moltres|par
|
|upkeep
|turn|2
|
|t:|1743916926
|move|p2a: Snivÿ|Substitute|p2a: Snivÿ
|-start|p2a: Snivÿ|Substitute
|-damage|p2a: Snivÿ|76/100
|move|p1a: Moltres|U-turn|p2a: Snivÿ
|-activate|p2a: Snivÿ|move: Substitute|[damage]
|
|t:|1743916939
|switch|p1a: Ting-Lu|Ting-Lu|100/100|[from] U-turn
|-ability|p1a: Ting-Lu|Vessel of Ruin
|
|-heal|p2a: Snivÿ|82/100|[from] item: Leftovers
|upkeep
|turn|3
|
|t:|1743916942
|move|p2a: Snivÿ|Glare|p1a: Ting-Lu
|-status|p1a: Ting-Lu|par
|cant|p1a: Ting-Lu|par
|
|-heal|p2a: Snivÿ|88/100|[from] item: Leftovers
|upkeep
|turn|4
|
|t:|1743916948
|move|p2a: Snivÿ|Leech Seed|p1a: Ting-Lu
|-start|p1a: Ting-Lu|move: Leech Seed
|move|p1a: Ting-Lu|Whirlwind|p2a: Snivÿ
|drag|p2a: Chester|Chesnaught, F, shiny|100/100
|
|-damage|p1a: Ting-Lu|88/100 par|[from] Leech Seed|[of] p2a: Chester
|upkeep
|turn|5
|
|t:|1743916956
|switch|p1a: Moltres|Moltres|100/100 par
|move|p2a: Chester|Bullet Seed|p1a: Moltres
|-resisted|p1a: Moltres
|-damage|p1a: Moltres|98/100 par
|-resisted|p1a: Moltres
|-damage|p1a: Moltres|95/100 par
|-resisted|p1a: Moltres
|-damage|p1a: Moltres|92/100 par
|-resisted|p1a: Moltres
|-damage|p1a: Moltres|90/100 par
|-hitcount|p1a: Moltres|4
|
|upkeep
|turn|6
|
|t:|1743916965
|switch|p2a: Walking Stunt Hoop|Volcanion|100/100
|move|p1a: Moltres|U-turn|p2a: Walking Stunt Hoop
|-resisted|p2a: Walking Stunt Hoop
|-damage|p2a: Walking Stunt Hoop|95/100
|
|t:|1743916974
|switch|p1a: Raging Bolt|Raging Bolt|100/100|[from] U-turn
|-enditem|p1a: Raging Bolt|Booster Energy
|-activate|p1a: Raging Bolt|ability: Protosynthesis|[fromitem]
|-start|p1a: Raging Bolt|protosynthesisspa
|
|-heal|p2a: Walking Stunt Hoop|100/100|[from] item: Leftovers
|upkeep
|turn|7
|
|t:|1743916998
|move|p1a: Raging Bolt|Dragon Pulse|p2a: Walking Stunt Hoop
|-damage|p2a: Walking Stunt Hoop|6/100
|move|p2a: Walking Stunt Hoop|Earth Power|p1a: Raging Bolt
|-supereffective|p1a: Raging Bolt
|-damage|p1a: Raging Bolt|43/100
|
|-heal|p2a: Walking Stunt Hoop|12/100|[from] item: Leftovers
|upkeep
|turn|8
|
|t:|1743917005
|move|p1a: Raging Bolt|Dragon Pulse|p2a: Walking Stunt Hoop
|-damage|p2a: Walking Stunt Hoop|0 fnt
|faint|p2a: Walking Stunt Hoop
|
|upkeep
|
|t:|1743917008
|switch|p2a: Snivÿ|Serperior, M, shiny, tera:Dragon|88/100
|turn|9
|
|t:|1743917012
|-terastallize|p1a: Raging Bolt|Steel
|move|p2a: Snivÿ|Substitute|p2a: Snivÿ
|-start|p2a: Snivÿ|Substitute
|-damage|p2a: Snivÿ|63/100
|move|p1a: Raging Bolt|Dragon Pulse|p2a: Snivÿ
|-supereffective|p2a: Snivÿ
|-end|p2a: Snivÿ|Substitute
|
|-heal|p2a: Snivÿ|70/100|[from] item: Leftovers
|upkeep
|turn|10
|
|t:|1743917019
|move|p2a: Snivÿ|Glare|p1a: Raging Bolt
|-status|p1a: Raging Bolt|par
|move|p1a: Raging Bolt|Dragon Pulse|p2a: Snivÿ
|-supereffective|p2a: Snivÿ
|-damage|p2a: Snivÿ|0 fnt
|faint|p2a: Snivÿ
|
|upkeep
|
|t:|1743917027
|switch|p2a: Chester|Chesnaught, F, shiny|100/100
|turn|11
|
|t:|1743917039
|-end|p1a: Raging Bolt|Protosynthesis|[silent]
|switch|p1a: Moltres|Moltres|90/100 par
|move|p2a: Chester|Knock Off|p1a: Moltres
|-damage|p1a: Moltres|58/100 par
|-status|p2a: Chester|brn|[from] ability: Flame Body|[of] p1a: Moltres
|-enditem|p1a: Moltres|Heavy-Duty Boots|[from] move: Knock Off|[of] p2a: Chester
|
|-damage|p2a: Chester|95/100 brn|[from] brn
|upkeep
|turn|12
|
|t:|1743917055
|switch|p2a: Charles|Tauros-Paldea-Aqua, M|100/100
|-ability|p2a: Charles|Intimidate|boost
|-unboost|p1a: Moltres|atk|1
|move|p1a: Moltres|Flamethrower|p2a: Charles
|-resisted|p2a: Charles
|-damage|p2a: Charles|71/100
|
|-heal|p2a: Charles|77/100|[from] item: Leftovers
|upkeep
|turn|13
|
|t:|1743917077
|switch|p1a: Ogerpon|Ogerpon-Wellspring, F|100/100
|move|p2a: Charles|Bulk Up|p2a: Charles
|-boost|p2a: Charles|atk|1
|-boost|p2a: Charles|def|1
|
|-heal|p2a: Charles|83/100|[from] item: Leftovers
|upkeep
|turn|14
|
|t:|1743917092
|move|p1a: Ogerpon|Horn Leech|p2a: Charles
|-supereffective|p2a: Charles
|-damage|p2a: Charles|31/100
|move|p2a: Charles|Outrage|p1a: Ogerpon
|-damage|p1a: Ogerpon|18/100
|
|-heal|p2a: Charles|37/100|[from] item: Leftovers
|upkeep
|turn|15
|
|t:|1743917100
|move|p1a: Ogerpon|Horn Leech|p2a: Charles
|-supereffective|p2a: Charles
|-damage|p2a: Charles|0 fnt
|-heal|p1a: Ogerpon|36/100|[from] drain|[of] p2a: Charles
|faint|p2a: Charles
|
|upkeep
|
|t:|1743917103
|switch|p2a: Jerry|Kilowattrel, F|100/100
|turn|16
|
|t:|1743917110
|switch|p1a: Great Tusk|Great Tusk|100/100
|move|p2a: Jerry|Volt Switch|p1a: Great Tusk
|-immune|p1a: Great Tusk
|
|upkeep
|turn|17
|
|t:|1743917133
|switch|p2a: Terry|Hawlucha, F, shiny|100/100
|-ability|p2a: Terry|Mold Breaker
|move|p1a: Great Tusk|Ice Spinner|p2a: Terry
|-supereffective|p2a: Terry
|-damage|p2a: Terry|14/100
|
|upkeep
|turn|18
|
|t:|1743917155
|-end|p1a: Great Tusk|Protosynthesis|[silent]
|switch|p1a: Kingambit|Kingambit, M|100/100
|move|p2a: Terry|Flying Press|p1a: Kingambit
|-supereffective|p1a: Kingambit
|-damage|p1a: Kingambit|41/100
|-enditem|p1a: Kingambit|Weakness Policy
|-boost|p1a: Kingambit|atk|2|[from] item: Weakness Policy
|-boost|p1a: Kingambit|spa|2|[from] item: Weakness Policy
|
|upkeep
|turn|19
|
|t:|1743917163
|move|p1a: Kingambit|Sucker Punch|p2a: Terry
|-resisted|p2a: Terry
|-damage|p2a: Terry|0 fnt
|faint|p2a: Terry
|
|upkeep
|
|t:|1743917165
|switch|p2a: Jerry|Kilowattrel, F|100/100
|turn|20
|
|t:|1743917168
|move|p1a: Kingambit|Sucker Punch|p2a: Jerry
|-enditem|p2a: Jerry|Focus Sash
|-damage|p2a: Jerry|1/100
|move|p2a: Jerry|Volt Switch|p1a: Kingambit
|-damage|p1a: Kingambit|12/100
|
|t:|1743917172
|switch|p2a: Chester|Chesnaught, F, shiny|95/100 brn|[from] Volt Switch
|
|-damage|p2a: Chester|89/100 brn|[from] brn
|upkeep
|turn|21
|
|t:|1743917184
|-end|p1a: Kingambit|fallenundefined|[silent]
|switch|p1a: Moltres|Moltres|58/100 par
|move|p2a: Chester|Knock Off|p1a: Moltres
|-damage|p1a: Moltres|49/100 par
|
|-damage|p2a: Chester|83/100 brn|[from] brn
|upkeep
|turn|22
|
|t:|1743917192
|move|p2a: Chester|Body Press|p1a: Moltres
|-resisted|p1a: Moltres
|-crit|p1a: Moltres
|-damage|p1a: Moltres|34/100 par
|cant|p1a: Moltres|par
|
|-damage|p2a: Chester|77/100 brn|[from] brn
|upkeep
|turn|23
|
|t:|1743917197
|move|p2a: Chester|Shadow Claw|p1a: Moltres
|-crit|p1a: Moltres
|-damage|p1a: Moltres|19/100 par
|cant|p1a: Moltres|par
|
|-damage|p2a: Chester|71/100 brn|[from] brn
|upkeep
|turn|24
|
|t:|1743917203
|move|p2a: Chester|Bullet Seed|p1a: Moltres
|-resisted|p1a: Moltres
|-damage|p1a: Moltres|17/100 par
|-resisted|p1a: Moltres
|-damage|p1a: Moltres|16/100 par
|-resisted|p1a: Moltres
|-damage|p1a: Moltres|15/100 par
|-resisted|p1a: Moltres
|-damage|p1a: Moltres|13/100 par
|-resisted|p1a: Moltres
|-damage|p1a: Moltres|12/100 par
|-hitcount|p1a: Moltres|5
|move|p1a: Moltres|Roost|p1a: Moltres
|-heal|p1a: Moltres|62/100 par
|-singleturn|p1a: Moltres|move: Roost
|
|-damage|p2a: Chester|65/100 brn|[from] brn
|upkeep
|turn|25
|
|t:|1743917207
|move|p2a: Chester|Body Press|p1a: Moltres
|-resisted|p1a: Moltres
|-damage|p1a: Moltres|51/100 par
|move|p1a: Moltres|Roost|p1a: Moltres
|-heal|p1a: Moltres|100/100 par
|-singleturn|p1a: Moltres|move: Roost
|
|-damage|p2a: Chester|59/100 brn|[from] brn
|upkeep
|turn|26
|
|t:|1743917211
|move|p2a: Chester|Shadow Claw|p1a: Moltres
|-damage|p1a: Moltres|89/100 par
|move|p1a: Moltres|Flamethrower|p2a: Chester
|-supereffective|p2a: Chester
|-damage|p2a: Chester|0 fnt
|faint|p2a: Chester
|
|upkeep
|
|t:|1743917214
|switch|p2a: Jerry|Kilowattrel, F|1/100
|turn|27
|
|t:|1743917217
|move|p2a: Jerry|Air Slash|p1a: Moltres
|-damage|p1a: Moltres|64/100 par
|move|p1a: Moltres|U-turn|p2a: Jerry
|-resisted|p2a: Jerry
|-damage|p2a: Jerry|0 fnt
|faint|p2a: Jerry
|
|win|fatherluis
|raw|fatherluis's rating: 1123 &rarr; <strong>1147</strong><br />(+24 for winning)
|raw|theholyapple94's rating: 1116 &rarr; <strong>1092</strong><br />(-24 for losing)
|l|☆theholyapple94
|player|p2|
|l|☆fatherluis
|player|p1|
