|j|☆False Security
|j|☆GladdtheMadlad
|t:|1743787515
|gametype|singles
|player|p1|False Security|preschooler|1300
|player|p2|GladdtheMadlad|janine|1314
|teamsize|p1|6
|teamsize|p2|6
|gen|9
|tier|[Gen 9] OU
|rated|
|rule|HP Percentage Mod: HP is shown in percentages
|rule|Endless Battle Clause: Forcing endless battles is banned
|rule|Species Clause: Limit one of each Pokémon
|rule|OHKO Clause: OHKO moves are banned
|rule|Evasion Items Clause: Evasion items are banned
|rule|Evasion Moves Clause: Evasion moves are banned
|rule|Sleep Moves Clause: Sleep-inducing moves are banned
|clearpoke
|poke|p1|Garchomp, M|
|poke|p1|Slowbro, F|
|poke|p1|Kingambit, M|
|poke|p1|Gholdengo|
|poke|p1|Ogerpon-Wellspring, F|
|poke|p1|Cyclizar, M|
|poke|p2|Dragonite, M|
|poke|p2|Scizor, F|
|poke|p2|Kingambit, M|
|poke|p2|Sinistcha|
|poke|p2|Heatran, F|
|poke|p2|Rotom-Wash|
|teampreview
|inactive|Battle timer is ON: inactive players will automatically lose when time's up. (requested by False Security)
|c|☆GladdtheMadlad|w cyclizar
|c|☆False Security|Bicycle
|
|t:|1743787543
|start
|switch|p1a: Garchomp|Garchomp, M|100/100
|switch|p2a: Sinistcha|Sinistcha|100/100
|turn|1
|
|t:|1743787549
|move|p1a: Garchomp|Stealth Rock|p2a: Sinistcha
|-sidestart|p2: GladdtheMadlad|move: Stealth Rock
|move|p2a: Sinistcha|Matcha Gotcha|p1a: Garchomp|[miss]
|-miss|p2a: Sinistcha|p1a: Garchomp
|
|upkeep
|turn|2
|
|t:|1743787558
|move|p2a: Sinistcha|Matcha Gotcha|p1a: Garchomp
|-damage|p1a: Garchomp|66/100
|move|p1a: Garchomp|Dragon Tail|p2a: Sinistcha
|-damage|p2a: Sinistcha|82/100
|drag|p2a: Heatran|Heatran, F|100/100
|-damage|p2a: Heatran|88/100|[from] Stealth Rock
|-item|p2a: Heatran|Air Balloon
|
|upkeep
|turn|3
|
|t:|1743787574
|move|p2a: Heatran|Magma Storm|p1a: Garchomp
|-resisted|p1a: Garchomp
|-damage|p1a: Garchomp|43/100
|-activate|p1a: Garchomp|move: Magma Storm|[of] p2a: Heatran
|move|p1a: Garchomp|Dragon Tail|p2a: Heatran
|-resisted|p2a: Heatran
|-damage|p2a: Heatran|78/100
|-enditem|p2a: Heatran|Air Balloon
|drag|p2a: Dragonite|Dragonite, M|100/100
|
|-end|p1a: Garchomp|Magma Storm|[partiallytrapped]|[silent]
|upkeep
|turn|4
|
|t:|1743787583
|move|p1a: Garchomp|Dragon Tail|p2a: Dragonite
|-supereffective|p2a: Dragonite
|-damage|p2a: Dragonite|77/100
|drag|p2a: Heatran|Heatran, F|78/100
|-damage|p2a: Heatran|66/100|[from] Stealth Rock
|
|upkeep
|turn|5
|
|t:|1743787591
|switch|p2a: Rotom|Rotom-Wash|100/100
|-damage|p2a: Rotom|88/100|[from] Stealth Rock
|move|p1a: Garchomp|Mud Shot|p2a: Rotom
|-immune|p2a: Rotom|[from] ability: Levitate
|
|-heal|p2a: Rotom|94/100|[from] item: Leftovers
|upkeep
|turn|6
|
|t:|1743787598
|move|p2a: Rotom|Hydro Pump|p1a: Garchomp
|-damage|p1a: Garchomp|5/100
|move|p1a: Garchomp|Dragon Tail|p2a: Rotom
|-damage|p2a: Rotom|72/100
|drag|p2a: Sinistcha|Sinistcha|82/100
|
|upkeep
|turn|7
|
|t:|1743787603
|move|p1a: Garchomp|Mud Shot|p2a: Sinistcha
|-resisted|p2a: Sinistcha
|-damage|p2a: Sinistcha|73/100
|-unboost|p2a: Sinistcha|spe|1
|move|p2a: Sinistcha|Hex|p1a: Garchomp
|-damage|p1a: Garchomp|0 fnt
|faint|p1a: Garchomp
|
|upkeep
|
|t:|1743787631
|switch|p1a: Kingambit|Kingambit, M|100/100
|-activate|p1a: Kingambit|ability: Supreme Overlord
|-start|p1a: Kingambit|fallen1|[silent]
|turn|8
|inactive|False Security has 120 seconds left.
|
|t:|1743787675
|-end|p1a: Kingambit|fallen1|[silent]
|switch|p1a: Cyclizar|Cyclizar, M|100/100
|switch|p2a: Scizor|Scizor, F|100/100
|-damage|p2a: Scizor|88/100|[from] Stealth Rock
|
|upkeep
|turn|9
|
|t:|1743787683
|move|p2a: Scizor|U-turn|p1a: Cyclizar
|-damage|p1a: Cyclizar|12/100
|c|☆False Security|Ow.
|
|t:|1743787693
|switch|p2a: Rotom|Rotom-Wash|72/100|[from] U-turn
|-damage|p2a: Rotom|59/100|[from] Stealth Rock
|move|p1a: Cyclizar|Dragon Tail|p2a: Rotom
|-damage|p2a: Rotom|44/100
|drag|p2a: Dragonite|Dragonite, M|77/100
|
|upkeep
|turn|10
|c|☆GladdtheMadlad|im sd scizor i swear
|
|t:|1743787702
|switch|p1a: Gholdengo|Gholdengo|100/100
|-item|p1a: Gholdengo|Air Balloon
|move|p2a: Dragonite|Extreme Speed|p1a: Gholdengo
|-immune|p1a: Gholdengo
|
|upkeep
|turn|11
|c|☆False Security|Sure..
|
|t:|1743787711
|move|p1a: Gholdengo|Dazzling Gleam|p2a: Dragonite
|-supereffective|p2a: Dragonite
|-damage|p2a: Dragonite|26/100
|move|p2a: Dragonite|Dragon Tail|p1a: Gholdengo
|-resisted|p1a: Gholdengo
|-damage|p1a: Gholdengo|83/100
|-enditem|p1a: Gholdengo|Air Balloon
|drag|p1a: Kingambit|Kingambit, M|100/100
|-activate|p1a: Kingambit|ability: Supreme Overlord
|-start|p1a: Kingambit|fallen1|[silent]
|
|upkeep
|turn|12
|
|t:|1743787720
|move|p2a: Dragonite|Roost|p2a: Dragonite
|-heal|p2a: Dragonite|76/100
|-singleturn|p2a: Dragonite|move: Roost
|move|p1a: Kingambit|Swords Dance|p1a: Kingambit
|-boost|p1a: Kingambit|atk|2
|
|upkeep
|turn|13
|
|t:|1743787729
|-terastallize|p1a: Kingambit|Flying
|move|p1a: Kingambit|Kowtow Cleave|p2a: Dragonite
|-damage|p2a: Dragonite|0 fnt
|faint|p2a: Dragonite
|
|upkeep
|
|t:|1743787737
|switch|p2a: Heatran|Heatran, F|66/100
|-damage|p2a: Heatran|53/100|[from] Stealth Rock
|turn|14
|
|t:|1743787741
|move|p1a: Kingambit|Sucker Punch|p2a: Heatran
|-damage|p2a: Heatran|0 fnt
|faint|p2a: Heatran
|
|upkeep
|
|t:|1743787745
|switch|p2a: Rotom|Rotom-Wash|44/100
|-damage|p2a: Rotom|31/100|[from] Stealth Rock
|turn|15
|
|t:|1743787756
|-end|p1a: Kingambit|fallen1|[silent]
|switch|p1a: Gholdengo|Gholdengo|83/100
|move|p2a: Rotom|Will-O-Wisp|p1a: Gholdengo
|-immune|p1a: Gholdengo|[from] ability: Good as Gold
|
|-heal|p2a: Rotom|38/100|[from] item: Leftovers
|upkeep
|turn|16
|
|t:|1743787760
|move|p2a: Rotom|Volt Switch|p1a: Gholdengo
|-damage|p1a: Gholdengo|57/100
|
|t:|1743787763
|switch|p2a: Sinistcha|Sinistcha|73/100|[from] Volt Switch
|move|p1a: Gholdengo|Shadow Ball|p2a: Sinistcha
|-supereffective|p2a: Sinistcha
|-damage|p2a: Sinistcha|0 fnt
|faint|p2a: Sinistcha
|
|upkeep
|
|t:|1743787766
|switch|p2a: Kingambit|Kingambit, M|100/100
|-damage|p2a: Kingambit|94/100|[from] Stealth Rock
|-activate|p2a: Kingambit|ability: Supreme Overlord
|-start|p2a: Kingambit|fallen3|[silent]
|turn|17
|
|t:|1743787778
|move|p1a: Gholdengo|Dazzling Gleam|p2a: Kingambit
|-crit|p2a: Kingambit
|-damage|p2a: Kingambit|44/100
|move|p2a: Kingambit|Kowtow Cleave|p1a: Gholdengo
|-supereffective|p1a: Gholdengo
|-damage|p1a: Gholdengo|0 fnt
|faint|p1a: Gholdengo
|
|-heal|p2a: Kingambit|51/100|[from] item: Leftovers
|upkeep
|
|t:|1743787784
|switch|p1a: Ogerpon|Ogerpon-Wellspring, F|100/100
|turn|18
|
|t:|1743787787
|move|p1a: Ogerpon|Ivy Cudgel|p2a: Kingambit|[anim] Ivy Cudgel Water
|-damage|p2a: Kingambit|2/100
|move|p2a: Kingambit|Kowtow Cleave|p1a: Ogerpon
|-damage|p1a: Ogerpon|19/100
|
|-heal|p2a: Kingambit|8/100|[from] item: Leftovers
|upkeep
|turn|19
|
|t:|1743787791
|move|p2a: Kingambit|Sucker Punch|p1a: Ogerpon
|-damage|p1a: Ogerpon|0 fnt
|faint|p1a: Ogerpon
|
|-heal|p2a: Kingambit|14/100|[from] item: Leftovers
|upkeep
|
|t:|1743787795
|switch|p1a: Kingambit|Kingambit, M, tera:Flying|100/100
|-activate|p1a: Kingambit|ability: Supreme Overlord
|-start|p1a: Kingambit|fallen3|[silent]
|turn|20
|
|t:|1743787800
|move|p2a: Kingambit|Kowtow Cleave|p1a: Kingambit
|-damage|p1a: Kingambit|40/100
|-damage|p2a: Kingambit|0 fnt|[from] item: Rocky Helmet|[of] p1a: Kingambit
|faint|p2a: Kingambit
|-end|p2a: Kingambit|fallen3|[silent]
|move|p1a: Kingambit|Swords Dance|p1a: Kingambit
|-boost|p1a: Kingambit|atk|2
|
|upkeep
|
|t:|1743787803
|switch|p2a: Rotom|Rotom-Wash|38/100
|-damage|p2a: Rotom|25/100|[from] Stealth Rock
|turn|21
|
|t:|1743787814
|-end|p1a: Kingambit|fallen3|[silent]
|switch|p1a: Cyclizar|Cyclizar, M|12/100
|move|p2a: Rotom|Volt Switch|p1a: Cyclizar
|-resisted|p1a: Cyclizar
|-crit|p1a: Cyclizar
|-damage|p1a: Cyclizar|0 fnt
|faint|p1a: Cyclizar
|
|t:|1743787820
|switch|p2a: Scizor|Scizor, F|88/100|[from] Volt Switch
|-damage|p2a: Scizor|76/100|[from] Stealth Rock
|
|upkeep
|
|t:|1743787825
|switch|p1a: I love Slowbro|Slowbro, F|100/100
|turn|22
|
|t:|1743787829
|move|p2a: Scizor|U-turn|p1a: I love Slowbro
|-supereffective|p1a: I love Slowbro
|-damage|p1a: I love Slowbro|0 fnt
|faint|p1a: I love Slowbro
|
|t:|1743787832
|switch|p2a: Rotom|Rotom-Wash|25/100|[from] U-turn
|-damage|p2a: Rotom|13/100|[from] Stealth Rock
|
|-heal|p2a: Rotom|19/100|[from] item: Leftovers
|upkeep
|c|☆False Security|Ow.
|
|t:|1743787836
|switch|p1a: Kingambit|Kingambit, M, tera:Flying|40/100
|-activate|p1a: Kingambit|ability: Supreme Overlord
|-start|p1a: Kingambit|fallen5|[silent]
|turn|23
|
|t:|1743787843
|move|p2a: Rotom|Volt Switch|p1a: Kingambit
|-supereffective|p1a: Kingambit
|-damage|p1a: Kingambit|0 fnt
|faint|p1a: Kingambit
|-end|p1a: Kingambit|fallen5|[silent]
|
|win|GladdtheMadlad
|raw|False Security's rating: 1300 &rarr; <strong>1276</strong><br />(-24 for losing)
|raw|GladdtheMadlad's rating: 1314 &rarr; <strong>1333</strong><br />(+19 for winning)
|c|☆GladdtheMadlad|gg
|l|☆False Security
|player|p1|
|l|☆GladdtheMadlad
|player|p2|
