|j|☆mezq1996
|j|☆Bassded
|t:|1743894993
|gametype|singles
|player|p1|mezq1996|pokemonranger-gen4|1060
|player|p2|Bassded|170|1069
|teamsize|p1|4
|teamsize|p2|6
|gen|9
|tier|[Gen 9] OU
|rated|
|rule|HP Percentage Mod: HP is shown in percentages
|rule|Endless Battle Clause: Forcing endless battles is banned
|rule|Species Clause: Limit one of each Pokémon
|rule|OHKO Clause: OHKO moves are banned
|rule|Evasion Items Clause: Evasion items are banned
|rule|Evasion Moves Clause: Evasion moves are banned
|rule|Sleep Moves Clause: Sleep-inducing moves are banned
|clearpoke
|poke|p1|Dragonite, M|
|poke|p1|Arcanine, F|
|poke|p1|Magneton|
|poke|p1|Vaporeon, M|
|poke|p2|Ninetales-Alola, F|
|poke|p2|Cloyster, F|
|poke|p2|Crabominable, M|
|poke|p2|Froslass, F|
|poke|p2|Mamoswine, M|
|poke|p2|Lapras, M|
|teampreview
|
|t:|1743895007
|start
|switch|p1a: Arcanine|Arcanine, F|100/100
|switch|p2a: Ninetales|Ninetales-Alola, F|100/100
|-weather|Snowscape|[from] ability: Snow Warning|[of] p2a: Ninetales
|-ability|p1a: Arcanine|Intimidate|boost
|-unboost|p2a: Ninetales|atk|1
|turn|1
|
|t:|1743895023
|move|p2a: Ninetales|Aurora Veil|p2a: Ninetales
|-sidestart|p2: Bassded|move: Aurora Veil
|move|p1a: Arcanine|Fire Fang|p2a: Ninetales
|-supereffective|p2a: Ninetales
|-damage|p2a: Ninetales|68/100
|
|-weather|Snowscape|[upkeep]
|upkeep
|turn|2
|
|t:|1743895029
|switch|p2a: Lapras|Lapras, M|100/100
|move|p1a: Arcanine|Psychic Fangs|p2a: Lapras
|-sideend|p2: Bassded|move: Aurora Veil
|-damage|p2a: Lapras|84/100
|
|-weather|Snowscape|[upkeep]
|-heal|p2a: Lapras|90/100|[from] item: Leftovers
|upkeep
|turn|3
|
|t:|1743895038
|switch|p1a: Magneton|Magneton|100/100
|move|p2a: Lapras|Freeze-Dry|p1a: Magneton
|-resisted|p1a: Magneton
|-damage|p1a: Magneton|85/100
|
|-weather|Snowscape|[upkeep]
|-heal|p2a: Lapras|96/100|[from] item: Leftovers
|upkeep
|turn|4
|
|t:|1743895046
|switch|p2a: Mamoswine|Mamoswine, M|100/100
|move|p1a: Magneton|Discharge|p2a: Mamoswine
|-immune|p2a: Mamoswine
|
|-weather|Snowscape|[upkeep]
|upkeep
|turn|5
|
|t:|1743895053
|switch|p1a: Dragonite|Dragonite, M|100/100
|move|p2a: Mamoswine|Trailblaze|p1a: Dragonite
|-resisted|p1a: Dragonite
|-damage|p1a: Dragonite|99/100
|-boost|p2a: Mamoswine|spe|1
|
|-weather|none
|upkeep
|turn|6
|
|t:|1743895063
|move|p2a: Mamoswine|Icicle Crash|p1a: Dragonite
|-supereffective|p1a: Dragonite
|-damage|p1a: Dragonite|0 fnt
|faint|p1a: Dragonite
|
|upkeep
|
|t:|1743895070
|switch|p1a: Vaporeon|Vaporeon, M|100/100
|turn|7
|
|t:|1743895074
|move|p2a: Mamoswine|Trailblaze|p1a: Vaporeon
|-supereffective|p1a: Vaporeon
|-damage|p1a: Vaporeon|64/100
|-boost|p2a: Mamoswine|spe|1
|move|p1a: Vaporeon|Scald|p2a: Mamoswine
|-supereffective|p2a: Mamoswine
|-damage|p2a: Mamoswine|21/100
|-status|p2a: Mamoswine|brn
|-enditem|p2a: Mamoswine|Weakness Policy
|-boost|p2a: Mamoswine|atk|2|[from] item: Weakness Policy
|-boost|p2a: Mamoswine|spa|2|[from] item: Weakness Policy
|
|-heal|p1a: Vaporeon|71/100|[from] item: Leftovers
|-damage|p2a: Mamoswine|15/100 brn|[from] brn
|upkeep
|turn|8
|
|t:|1743895089
|move|p2a: Mamoswine|Trailblaze|p1a: Vaporeon
|-supereffective|p1a: Vaporeon
|-damage|p1a: Vaporeon|32/100
|-boost|p2a: Mamoswine|spe|1
|move|p1a: Vaporeon|Wish|p1a: Vaporeon
|
|-heal|p1a: Vaporeon|38/100|[from] item: Leftovers
|-damage|p2a: Mamoswine|9/100 brn|[from] brn
|upkeep
|turn|9
|
|t:|1743895100
|move|p2a: Mamoswine|Earthquake|p1a: Vaporeon
|-damage|p1a: Vaporeon|0 fnt
|faint|p1a: Vaporeon
|
|-damage|p2a: Mamoswine|2/100 brn|[from] brn
|upkeep
|
|t:|1743895107
|switch|p1a: Arcanine|Arcanine, F|100/100
|-ability|p1a: Arcanine|Intimidate|boost
|-unboost|p2a: Mamoswine|atk|1
|turn|10
|
|t:|1743895116
|move|p2a: Mamoswine|Earthquake|p1a: Arcanine
|-supereffective|p1a: Arcanine
|-damage|p1a: Arcanine|0 fnt
|faint|p1a: Arcanine
|
|-damage|p2a: Mamoswine|0 fnt|[from] brn
|faint|p2a: Mamoswine
|upkeep
|
|t:|1743895122
|switch|p2a: Crabominable|Crabominable, M, shiny|100/100
|switch|p1a: Magneton|Magneton|85/100
|turn|11
|
|t:|1743895131
|move|p1a: Magneton|Flash Cannon|p2a: Crabominable
|-supereffective|p2a: Crabominable
|-damage|p2a: Crabominable|0 fnt
|faint|p2a: Crabominable
|
|upkeep
|
|t:|1743895140
|switch|p2a: Cloyster|Cloyster, F|100/100
|turn|12
|
|t:|1743895148
|switch|p2a: Ninetales|Ninetales-Alola, F|68/100
|-weather|Snowscape|[from] ability: Snow Warning|[of] p2a: Ninetales
|move|p1a: Magneton|Flash Cannon|p2a: Ninetales
|-supereffective|p2a: Ninetales
|-damage|p2a: Ninetales|0 fnt
|faint|p2a: Ninetales
|
|-weather|Snowscape|[upkeep]
|upkeep
|
|t:|1743895158
|switch|p2a: Lapras|Lapras, M|96/100
|turn|13
|
|t:|1743895168
|-terastallize|p2a: Lapras|Water
|move|p1a: Magneton|Discharge|p2a: Lapras
|-supereffective|p2a: Lapras
|-damage|p2a: Lapras|29/100
|move|p2a: Lapras|Freeze-Dry|p1a: Magneton
|-resisted|p1a: Magneton
|-damage|p1a: Magneton|70/100
|
|-weather|Snowscape|[upkeep]
|-heal|p2a: Lapras|35/100|[from] item: Leftovers
|upkeep
|turn|14
|
|t:|1743895179
|move|p1a: Magneton|Discharge|p2a: Lapras
|-supereffective|p2a: Lapras
|-damage|p2a: Lapras|0 fnt
|faint|p2a: Lapras
|
|-weather|Snowscape|[upkeep]
|upkeep
|
|t:|1743895185
|switch|p2a: Cloyster|Cloyster, F|100/100
|turn|15
|
|t:|1743895190
|move|p2a: Cloyster|Razor Shell|p1a: Magneton
|-damage|p1a: Magneton|35/100
|-damage|p2a: Cloyster|91/100|[from] item: Life Orb
|move|p1a: Magneton|Flash Cannon|p2a: Cloyster
|-damage|p2a: Cloyster|0 fnt
|faint|p2a: Cloyster
|
|-weather|Snowscape|[upkeep]
|upkeep
|
|t:|1743895197
|switch|p2a: Froslass|Froslass, F|100/100
|turn|16
|
|t:|1743895212
|move|p2a: Froslass|Ice Beam|p1a: Magneton
|-resisted|p1a: Magneton
|-damage|p1a: Magneton|19/100
|move|p1a: Magneton|Flash Cannon|p2a: Froslass
|-supereffective|p2a: Froslass
|-damage|p2a: Froslass|0 fnt
|faint|p2a: Froslass
|
|win|mezq1996
|raw|mezq1996's rating: 1060 &rarr; <strong>1092</strong><br />(+32 for winning)
|raw|Bassded's rating: 1069 &rarr; <strong>1048</strong><br />(-21 for losing)
|l|☆Bassded
|player|p2|
|c|☆mezq1996|wtf
|l|☆mezq1996
|player|p1|
