|j|☆Bum_Muncha
|j|☆dawadinho
|t:|1743889753
|gametype|singles
|player|p1|Bum_Muncha|102|1633
|player|p2|dawadinho|266|1643
|teamsize|p1|6
|teamsize|p2|6
|gen|9
|tier|[Gen 9] OU
|rated|
|rule|HP Percentage Mod: HP is shown in percentages
|rule|Endless Battle Clause: Forcing endless battles is banned
|rule|Species Clause: Limit one of each Pokémon
|rule|OHKO Clause: OHKO moves are banned
|rule|Evasion Items Clause: Evasion items are banned
|rule|Evasion Moves Clause: Evasion moves are banned
|rule|Sleep Moves Clause: Sleep-inducing moves are banned
|clearpoke
|poke|p1|Ting-Lu|
|poke|p1|Gliscor, M|
|poke|p1|Sinistcha|
|poke|p1|Keldeo-Resolute|
|poke|p1|Tinkaton, F|
|poke|p1|Dragonite, F|
|poke|p2|Iron Treads|
|poke|p2|Kyurem|
|poke|p2|Ninetales-Alola, F|
|poke|p2|Pecharunt|
|poke|p2|Great Tusk|
|poke|p2|Iron Thorns|
|teampreview
|inactive|Battle timer is ON: inactive players will automatically lose when time's up. (requested by dawadinho)
|
|t:|1743889779
|start
|switch|p1a: Tinkaton|Tinkaton, F|100/100
|switch|p2a: Iron Treads|Iron Treads|100/100
|-ability|p1a: Tinkaton|Mold Breaker
|-item|p1a: Tinkaton|Air Balloon
|-enditem|p2a: Iron Treads|Booster Energy
|-activate|p2a: Iron Treads|ability: Quark Drive|[fromitem]
|-start|p2a: Iron Treads|quarkdrivespe
|turn|1
|
|t:|1743889790
|move|p2a: Iron Treads|Knock Off|p1a: Tinkaton
|-resisted|p1a: Tinkaton
|-damage|p1a: Tinkaton|86/100
|-enditem|p1a: Tinkaton|Air Balloon
|move|p1a: Tinkaton|Stealth Rock|p2a: Iron Treads
|-sidestart|p2: dawadinho|move: Stealth Rock
|
|upkeep
|turn|2
|
|t:|1743889809
|switch|p1a: Sinistcha|Sinistcha|100/100
|move|p2a: Iron Treads|Stealth Rock|p1a: Sinistcha
|-sidestart|p1: Bum_Muncha|move: Stealth Rock
|
|upkeep
|turn|3
|
|t:|1743889818
|move|p2a: Iron Treads|Knock Off|p1a: Sinistcha
|-supereffective|p1a: Sinistcha
|-damage|p1a: Sinistcha|64/100
|-enditem|p1a: Sinistcha|Heavy-Duty Boots|[from] move: Knock Off|[of] p2a: Iron Treads
|move|p1a: Sinistcha|Shadow Ball|p2a: Iron Treads
|-damage|p2a: Iron Treads|63/100
|
|upkeep
|turn|4
|
|t:|1743889842
|-end|p2a: Iron Treads|Quark Drive|[silent]
|switch|p2a: Ninetales|Ninetales-Alola, F|100/100
|-damage|p2a: Ninetales|76/100|[from] Stealth Rock
|-weather|Snowscape|[from] ability: Snow Warning|[of] p2a: Ninetales
|move|p1a: Sinistcha|Strength Sap|p2a: Ninetales
|-unboost|p2a: Ninetales|atk|1
|-heal|p1a: Sinistcha|99/100
|
|-weather|Snowscape|[upkeep]
|upkeep
|turn|5
|
|t:|1743889861
|switch|p1a: Tinkaton|Tinkaton, F|86/100
|-damage|p1a: Tinkaton|80/100|[from] Stealth Rock
|-ability|p1a: Tinkaton|Mold Breaker
|move|p2a: Ninetales|Aurora Veil|p2a: Ninetales
|-sidestart|p2: dawadinho|move: Aurora Veil
|
|-weather|Snowscape|[upkeep]
|upkeep
|turn|6
|
|t:|1743889866
|switch|p2a: Iron Treads|Iron Treads|63/100
|-damage|p2a: Iron Treads|60/100|[from] Stealth Rock
|move|p1a: Tinkaton|Thunder Wave|p2a: Iron Treads
|-immune|p2a: Iron Treads
|
|-weather|Snowscape|[upkeep]
|upkeep
|turn|7
|
|t:|1743889874
|switch|p1a: Sinistcha|Sinistcha|99/100
|-damage|p1a: Sinistcha|88/100|[from] Stealth Rock
|move|p2a: Iron Treads|Knock Off|p1a: Sinistcha
|-supereffective|p1a: Sinistcha
|-damage|p1a: Sinistcha|63/100
|
|-weather|Snowscape|[upkeep]
|upkeep
|turn|8
|
|t:|1743889879
|-end|p2a: Iron Treads|Quark Drive|[silent]
|switch|p2a: Pecharunt|Pecharunt|100/100
|-damage|p2a: Pecharunt|88/100|[from] Stealth Rock
|move|p1a: Sinistcha|Strength Sap|p2a: Pecharunt
|-unboost|p2a: Pecharunt|atk|1
|-heal|p1a: Sinistcha|100/100
|
|-weather|none
|-heal|p2a: Pecharunt|94/100|[from] item: Leftovers
|upkeep
|turn|9
|
|t:|1743889887
|switch|p1a: Gliscor|Gliscor, M|100/100
|-damage|p1a: Gliscor|88/100|[from] Stealth Rock
|move|p2a: Pecharunt|Malignant Chain|p1a: Gliscor
|-resisted|p1a: Gliscor
|-damage|p1a: Gliscor|64/100
|-status|p1a: Gliscor|tox
|-start|p1a: Gliscor|confusion|[from] ability: Poison Puppeteer|[of] p2a: Pecharunt
|
|-heal|p2a: Pecharunt|99/100|[from] item: Leftovers
|-heal|p1a: Gliscor|77/100 tox|[from] ability: Poison Heal
|upkeep
|turn|10
|
|t:|1743889901
|-activate|p1a: Gliscor|confusion
|-damage|p1a: Gliscor|69/100 tox|[from] confusion
|move|p2a: Pecharunt|Nasty Plot|p2a: Pecharunt
|-boost|p2a: Pecharunt|spa|2
|
|-heal|p2a: Pecharunt|100/100|[from] item: Leftovers
|-heal|p1a: Gliscor|81/100 tox|[from] ability: Poison Heal
|upkeep
|turn|11
|
|t:|1743889907
|-end|p1a: Gliscor|confusion
|move|p1a: Gliscor|Knock Off|p2a: Pecharunt
|-supereffective|p2a: Pecharunt
|-damage|p2a: Pecharunt|85/100
|-enditem|p2a: Pecharunt|Leftovers|[from] move: Knock Off|[of] p1a: Gliscor
|move|p2a: Pecharunt|Shadow Ball|p1a: Gliscor
|-damage|p1a: Gliscor|0 fnt
|faint|p1a: Gliscor
|
|upkeep
|
|t:|1743889912
|switch|p1a: Ting-Lu|Ting-Lu|100/100
|-damage|p1a: Ting-Lu|94/100|[from] Stealth Rock
|-ability|p1a: Ting-Lu|Vessel of Ruin
|turn|12
|
|t:|1743889919
|move|p2a: Pecharunt|Malignant Chain|p1a: Ting-Lu
|-resisted|p1a: Ting-Lu
|-damage|p1a: Ting-Lu|77/100
|move|p1a: Ting-Lu|Whirlwind|p2a: Pecharunt
|drag|p2a: Iron Thorns|Iron Thorns|100/100
|-damage|p2a: Iron Thorns|88/100|[from] Stealth Rock
|-enditem|p2a: Iron Thorns|Booster Energy
|-activate|p2a: Iron Thorns|ability: Quark Drive|[fromitem]
|-start|p2a: Iron Thorns|quarkdriveatk
|
|-heal|p1a: Ting-Lu|84/100|[from] item: Leftovers
|-sideend|p2: dawadinho|move: Aurora Veil
|upkeep
|turn|13
|
|t:|1743889935
|-end|p2a: Iron Thorns|Quark Drive|[silent]
|switch|p2a: Ninetales|Ninetales-Alola, F|76/100
|-damage|p2a: Ninetales|51/100|[from] Stealth Rock
|-weather|Snowscape|[from] ability: Snow Warning|[of] p2a: Ninetales
|move|p1a: Ting-Lu|Earthquake|p2a: Ninetales
|-damage|p2a: Ninetales|18/100
|
|-weather|Snowscape|[upkeep]
|-heal|p1a: Ting-Lu|90/100|[from] item: Leftovers
|upkeep
|turn|14
|
|t:|1743889942
|move|p2a: Ninetales|Aurora Veil|p2a: Ninetales
|-sidestart|p2: dawadinho|move: Aurora Veil
|move|p1a: Ting-Lu|Spikes|p2a: Ninetales
|-sidestart|p2: dawadinho|Spikes
|
|-weather|Snowscape|[upkeep]
|-heal|p1a: Ting-Lu|96/100|[from] item: Leftovers
|upkeep
|turn|15
|
|t:|1743889947
|switch|p2a: Iron Treads|Iron Treads|60/100
|-damage|p2a: Iron Treads|56/100|[from] Stealth Rock
|-damage|p2a: Iron Treads|44/100|[from] Spikes
|move|p1a: Ting-Lu|Spikes|p2a: Iron Treads
|-sidestart|p2: dawadinho|Spikes
|
|-weather|Snowscape|[upkeep]
|-heal|p1a: Ting-Lu|100/100|[from] item: Leftovers
|upkeep
|turn|16
|inactive|dawadinho has 120 seconds left.
|
|t:|1743889999
|-end|p2a: Iron Treads|Quark Drive|[silent]
|switch|p2a: Pecharunt|Pecharunt|85/100
|-damage|p2a: Pecharunt|73/100|[from] Stealth Rock
|-damage|p2a: Pecharunt|57/100|[from] Spikes
|switch|p1a: Sinistcha|Sinistcha|100/100
|-damage|p1a: Sinistcha|88/100|[from] Stealth Rock
|
|-weather|Snowscape|[upkeep]
|upkeep
|turn|17
|
|t:|1743890008
|switch|p1a: Tinkaton|Tinkaton, F|80/100
|-damage|p1a: Tinkaton|74/100|[from] Stealth Rock
|-ability|p1a: Tinkaton|Mold Breaker
|move|p2a: Pecharunt|Malignant Chain|p1a: Tinkaton
|-immune|p1a: Tinkaton
|
|-weather|none
|upkeep
|turn|18
|
|t:|1743890014
|switch|p1a: Ting-Lu|Ting-Lu|100/100
|-damage|p1a: Ting-Lu|94/100|[from] Stealth Rock
|-ability|p1a: Ting-Lu|Vessel of Ruin
|switch|p2a: Ninetales|Ninetales-Alola, F|18/100
|-damage|p2a: Ninetales|0 fnt|[from] Stealth Rock
|faint|p2a: Ninetales
|
|-heal|p1a: Ting-Lu|100/100|[from] item: Leftovers
|upkeep
|
|t:|1743890016
|switch|p2a: Kyurem|Kyurem|100/100
|-damage|p2a: Kyurem|76/100|[from] Stealth Rock
|-damage|p2a: Kyurem|59/100|[from] Spikes
|-ability|p2a: Kyurem|Pressure
|turn|19
|
|t:|1743890019
|move|p2a: Kyurem|Icicle Spear|p1a: Ting-Lu
|-supereffective|p1a: Ting-Lu
|-damage|p1a: Ting-Lu|86/100
|-supereffective|p1a: Ting-Lu
|-damage|p1a: Ting-Lu|71/100
|-supereffective|p1a: Ting-Lu
|-crit|p1a: Ting-Lu
|-damage|p1a: Ting-Lu|50/100
|-supereffective|p1a: Ting-Lu
|-damage|p1a: Ting-Lu|35/100
|-supereffective|p1a: Ting-Lu
|-damage|p1a: Ting-Lu|21/100
|-hitcount|p1a: Ting-Lu|5
|move|p1a: Ting-Lu|Whirlwind|p2a: Kyurem
|drag|p2a: Iron Thorns|Iron Thorns|88/100
|-damage|p2a: Iron Thorns|76/100|[from] Stealth Rock
|-damage|p2a: Iron Thorns|59/100|[from] Spikes
|
|-heal|p1a: Ting-Lu|27/100|[from] item: Leftovers
|upkeep
|turn|20
|
|t:|1743890034
|-terastallize|p2a: Iron Thorns|Flying
|move|p2a: Iron Thorns|Dragon Dance|p2a: Iron Thorns
|-boost|p2a: Iron Thorns|atk|1
|-boost|p2a: Iron Thorns|spe|1
|move|p1a: Ting-Lu|Earthquake|p2a: Iron Thorns
|-immune|p2a: Iron Thorns
|
|-heal|p1a: Ting-Lu|33/100|[from] item: Leftovers
|upkeep
|turn|21
|
|t:|1743890057
|move|p2a: Iron Thorns|Tera Blast|p1a: Ting-Lu|[anim] Tera Blast Flying
|-damage|p1a: Ting-Lu|0 fnt
|faint|p1a: Ting-Lu
|
|-sideend|p2: dawadinho|move: Aurora Veil
|upkeep
|
|t:|1743890062
|switch|p1a: Dragonite|Dragonite, F|100/100
|turn|22
|
|t:|1743890066
|-terastallize|p1a: Dragonite|Normal
|move|p1a: Dragonite|Extreme Speed|p2a: Iron Thorns
|-damage|p2a: Iron Thorns|14/100
|move|p2a: Iron Thorns|Stone Edge|p1a: Dragonite
|-damage|p1a: Dragonite|64/100
|
|upkeep
|turn|23
|
|t:|1743890078
|-end|p2a: Iron Thorns|Quark Drive|[silent]
|switch|p2a: Pecharunt|Pecharunt|57/100
|-damage|p2a: Pecharunt|44/100|[from] Stealth Rock
|-damage|p2a: Pecharunt|28/100|[from] Spikes
|move|p1a: Dragonite|Extreme Speed|p2a: Pecharunt
|-immune|p2a: Pecharunt
|
|upkeep
|turn|24
|
|t:|1743890099
|move|p2a: Pecharunt|Shadow Ball|p1a: Dragonite
|-immune|p1a: Dragonite
|move|p1a: Dragonite|Earthquake|p2a: Pecharunt
|-supereffective|p2a: Pecharunt
|-damage|p2a: Pecharunt|0 fnt
|faint|p2a: Pecharunt
|
|upkeep
|
|t:|1743890108
|switch|p2a: Great Tusk|Great Tusk|100/100
|-damage|p2a: Great Tusk|98/100|[from] Stealth Rock
|-damage|p2a: Great Tusk|81/100|[from] Spikes
|-enditem|p2a: Great Tusk|Booster Energy
|-activate|p2a: Great Tusk|ability: Protosynthesis|[fromitem]
|-start|p2a: Great Tusk|protosynthesisspe
|turn|25
|
|t:|1743890120
|switch|p1a: Sinistcha|Sinistcha|88/100
|-damage|p1a: Sinistcha|76/100|[from] Stealth Rock
|move|p2a: Great Tusk|Bulk Up|p2a: Great Tusk
|-boost|p2a: Great Tusk|atk|1
|-boost|p2a: Great Tusk|def|1
|
|upkeep
|turn|26
|
|t:|1743890127
|move|p2a: Great Tusk|Ice Spinner|p1a: Sinistcha
|-supereffective|p1a: Sinistcha
|-damage|p1a: Sinistcha|29/100
|move|p1a: Sinistcha|Strength Sap|p2a: Great Tusk
|-unboost|p2a: Great Tusk|atk|1
|-heal|p1a: Sinistcha|100/100
|
|upkeep
|turn|27
|
|t:|1743890134
|-end|p2a: Great Tusk|Protosynthesis|[silent]
|switch|p2a: Iron Thorns|Iron Thorns, tera:Flying|14/100
|-damage|p2a: Iron Thorns|0 fnt|[from] Stealth Rock
|faint|p2a: Iron Thorns
|-end|p2a: Iron Thorns|Quark Drive|[silent]
|move|p1a: Sinistcha|Matcha Gotcha|p2: Iron Thorns|[notarget]
|-fail|p1a: Sinistcha
|
|upkeep
|
|t:|1743890135
|switch|p2a: Kyurem|Kyurem|59/100
|-damage|p2a: Kyurem|34/100|[from] Stealth Rock
|-damage|p2a: Kyurem|18/100|[from] Spikes
|-ability|p2a: Kyurem|Pressure
|turn|28
|
|t:|1743890142
|switch|p1a: Tinkaton|Tinkaton, F|74/100
|-damage|p1a: Tinkaton|68/100|[from] Stealth Rock
|-ability|p1a: Tinkaton|Mold Breaker
|move|p2a: Kyurem|Icicle Spear|p1a: Tinkaton
|-resisted|p1a: Tinkaton
|-damage|p1a: Tinkaton|61/100
|-resisted|p1a: Tinkaton
|-damage|p1a: Tinkaton|53/100
|-resisted|p1a: Tinkaton
|-damage|p1a: Tinkaton|46/100
|-resisted|p1a: Tinkaton
|-damage|p1a: Tinkaton|39/100
|-resisted|p1a: Tinkaton
|-damage|p1a: Tinkaton|31/100
|-hitcount|p1a: Tinkaton|5
|
|upkeep
|turn|29
|
|t:|1743890144
|move|p2a: Kyurem|Icicle Spear|p1a: Tinkaton
|-resisted|p1a: Tinkaton
|-damage|p1a: Tinkaton|24/100
|-resisted|p1a: Tinkaton
|-damage|p1a: Tinkaton|17/100
|-resisted|p1a: Tinkaton
|-damage|p1a: Tinkaton|10/100
|-resisted|p1a: Tinkaton
|-damage|p1a: Tinkaton|2/100
|-resisted|p1a: Tinkaton
|-damage|p1a: Tinkaton|0 fnt
|faint|p1a: Tinkaton
|-hitcount|p1: Tinkaton|5
|
|upkeep
|
|t:|1743890146
|switch|p1a: Keldeo|Keldeo-Resolute|100/100
|turn|30
|
|t:|1743890149
|move|p1a: Keldeo|Vacuum Wave|p2a: Kyurem
|-supereffective|p2a: Kyurem
|-damage|p2a: Kyurem|0 fnt
|faint|p2a: Kyurem
|
|upkeep
|-message|dawadinho forfeited.
|
|win|Bum_Muncha
|raw|Bum_Muncha's rating: 1633 &rarr; <strong>1654</strong><br />(+21 for winning)
|raw|dawadinho's rating: 1643 &rarr; <strong>1622</strong><br />(-21 for losing)
|l|☆dawadinho
|player|p2|
|l|☆Bum_Muncha
|player|p1|
