|j|☆vipquangtri
|j|☆reduxniceyes
|t:|1743919837
|gametype|singles
|player|p1|vipquangtri|plasmagrunt|1221
|player|p2|reduxniceyes|2|1182
|teamsize|p1|6
|teamsize|p2|6
|gen|9
|tier|[Gen 9] OU
|rated|
|rule|HP Percentage Mod: HP is shown in percentages
|rule|Endless Battle Clause: Forcing endless battles is banned
|rule|Species Clause: Limit one of each Pokémon
|rule|OHKO Clause: OHKO moves are banned
|rule|Evasion Items Clause: Evasion items are banned
|rule|Evasion Moves Clause: Evasion moves are banned
|rule|Sleep Moves Clause: Sleep-inducing moves are banned
|clearpoke
|poke|p1|Iron Leaves|
|poke|p1|Glimmora, M|
|poke|p1|Iron Valiant|
|poke|p1|Garganacl, M|
|poke|p1|Great Tusk|
|poke|p1|Hatterene, F|
|poke|p2|Glimmora, M|
|poke|p2|Zamazenta-*|
|poke|p2|Latias, F|
|poke|p2|Gholdengo|
|poke|p2|Dragonite, F|
|poke|p2|Weavile, F|
|teampreview
|inactive|Battle timer is ON: inactive players will automatically lose when time's up. (requested by vipquangtri)
|
|t:|1743919852
|start
|switch|p1a: Glimmora|Glimmora, M|100/100
|switch|p2a: Glimmora|Glimmora, M|100/100
|turn|1
|
|t:|1743919861
|move|p1a: Glimmora|Power Gem|p2a: Glimmora
|-damage|p2a: Glimmora|64/100
|-enditem|p2a: Glimmora|Red Card|[of] p1a: Glimmora
|drag|p1a: Garganacl|Garganacl, M|100/100
|move|p2a: Glimmora|Earth Power|p1a: Garganacl
|-supereffective|p1a: Garganacl
|-damage|p1a: Garganacl|70/100
|
|upkeep
|turn|2
|
|t:|1743919889
|move|p2a: Glimmora|Stealth Rock|p1a: Garganacl
|-sidestart|p1: vipquangtri|move: Stealth Rock
|move|p1a: Garganacl|Earthquake|p2a: Glimmora
|-supereffective|p2a: Glimmora
|-damage|p2a: Glimmora|0 fnt
|-activate|p2a: Glimmora|ability: Toxic Debris
|-sidestart|p1: vipquangtri|move: Toxic Spikes
|faint|p2a: Glimmora
|
|upkeep
|
|t:|1743919899
|switch|p2a: Weavile|Weavile, F|100/100
|turn|3
|
|t:|1743919906
|move|p2a: Weavile|Triple Axel|p1a: Garganacl
|-damage|p1a: Garganacl|62/100
|-damage|p1a: Garganacl|43/100
|-damage|p1a: Garganacl|16/100
|-hitcount|p1a: Garganacl|3
|-damage|p2a: Weavile|91/100|[from] item: Life Orb
|move|p1a: Garganacl|Body Press|p2a: Weavile
|-supereffective|p2a: Weavile
|-damage|p2a: Weavile|0 fnt
|faint|p2a: Weavile
|
|upkeep
|
|t:|1743919920
|switch|p2a: Zamazenta|Zamazenta|100/100
|-ability|p2a: Zamazenta|Dauntless Shield|boost
|-boost|p2a: Zamazenta|def|1
|turn|4
|
|t:|1743919929
|move|p2a: Zamazenta|Substitute|p2a: Zamazenta
|-start|p2a: Zamazenta|Substitute
|-damage|p2a: Zamazenta|76/100
|move|p1a: Garganacl|Salt Cure|p2a: Zamazenta
|-resisted|p2a: Zamazenta
|-crit|p2a: Zamazenta
|-activate|p2a: Zamazenta|move: Substitute|[damage]
|
|-heal|p2a: Zamazenta|82/100|[from] item: Leftovers
|upkeep
|turn|5
|
|t:|1743919953
|switch|p1a: Glimmora|Glimmora, M|100/100
|-damage|p1a: Glimmora|88/100|[from] Stealth Rock
|-sideend|p1: vipquangtri|move: Toxic Spikes|[of] p1a: Glimmora
|move|p2a: Zamazenta|Body Press|p1a: Glimmora
|-damage|p1a: Glimmora|27/100
|-activate|p1a: Glimmora|ability: Toxic Debris
|-sidestart|p2: reduxniceyes|move: Toxic Spikes
|
|-heal|p2a: Zamazenta|88/100|[from] item: Leftovers
|upkeep
|turn|6
|
|t:|1743919968
|move|p2a: Zamazenta|Body Press|p1a: Glimmora
|-damage|p1a: Glimmora|0 fnt
|-activate|p1a: Glimmora|ability: Toxic Debris
|-sidestart|p2: reduxniceyes|move: Toxic Spikes
|faint|p1a: Glimmora
|
|-heal|p2a: Zamazenta|94/100|[from] item: Leftovers
|upkeep
|
|t:|1743919978
|switch|p1a: Hatterene|Hatterene, F|100/100
|-damage|p1a: Hatterene|88/100|[from] Stealth Rock
|turn|7
|
|t:|1743919986
|move|p2a: Zamazenta|Crunch|p1a: Hatterene
|-damage|p1a: Hatterene|65/100
|move|p1a: Hatterene|Psychic Noise|p2a: Zamazenta
|-supereffective|p2a: Zamazenta
|-damage|p2a: Zamazenta|29/100
|-start|p2a: Zamazenta|move: Heal Block
|
|upkeep
|turn|8
|
|t:|1743920003
|switch|p2a: Gholdengo|Gholdengo|100/100
|move|p1a: Hatterene|Nuzzle|p2a: Gholdengo
|-damage|p2a: Gholdengo|96/100
|-status|p2a: Gholdengo|par
|
|upkeep
|turn|9
|
|t:|1743920014
|move|p2a: Gholdengo|Shadow Ball|p1a: Hatterene
|-supereffective|p1a: Hatterene
|-damage|p1a: Hatterene|10/100
|move|p1a: Hatterene|Mystical Fire|p2a: Gholdengo
|-supereffective|p2a: Gholdengo
|-damage|p2a: Gholdengo|48/100 par
|-unboost|p2a: Gholdengo|spa|1
|
|upkeep
|turn|10
|
|t:|1743920035
|move|p2a: Gholdengo|Shadow Ball|p1a: Hatterene
|-supereffective|p1a: Hatterene
|-damage|p1a: Hatterene|0 fnt
|faint|p1a: Hatterene
|
|upkeep
|
|t:|1743920042
|switch|p1a: Iron Leaves|Iron Leaves|100/100
|-damage|p1a: Iron Leaves|88/100|[from] Stealth Rock
|-enditem|p1a: Iron Leaves|Booster Energy
|-activate|p1a: Iron Leaves|ability: Quark Drive|[fromitem]
|-start|p1a: Iron Leaves|quarkdrivespe
|turn|11
|
|t:|1743920050
|-terastallize|p1a: Iron Leaves|Fighting
|move|p1a: Iron Leaves|Swords Dance|p1a: Iron Leaves
|-boost|p1a: Iron Leaves|atk|2
|move|p2a: Gholdengo|Shadow Ball|p1a: Iron Leaves
|-damage|p1a: Iron Leaves|63/100
|
|upkeep
|turn|12
|
|t:|1743920064
|move|p1a: Iron Leaves|Psyblade|p2a: Gholdengo
|-resisted|p2a: Gholdengo
|-damage|p2a: Gholdengo|9/100 par
|move|p2a: Gholdengo|Dazzling Gleam|p1a: Iron Leaves
|-supereffective|p1a: Iron Leaves
|-damage|p1a: Iron Leaves|25/100
|
|upkeep
|turn|13
|-enditem|p2a: Gholdengo|Custap Berry|[eat]
|-activate|p2a: Gholdengo|item: Custap Berry|[consumed]
|
|t:|1743920076
|move|p2a: Gholdengo|Dazzling Gleam|p1a: Iron Leaves
|-supereffective|p1a: Iron Leaves
|-damage|p1a: Iron Leaves|0 fnt
|faint|p1a: Iron Leaves
|-end|p1a: Iron Leaves|Quark Drive|[silent]
|
|upkeep
|
|t:|1743920086
|switch|p1a: Iron Valiant|Iron Valiant|100/100
|-damage|p1a: Iron Valiant|94/100|[from] Stealth Rock
|-enditem|p1a: Iron Valiant|Booster Energy
|-activate|p1a: Iron Valiant|ability: Quark Drive|[fromitem]
|-start|p1a: Iron Valiant|quarkdrivespe
|turn|14
|
|t:|1743920098
|move|p1a: Iron Valiant|Moonblast|p2a: Gholdengo
|-resisted|p2a: Gholdengo
|-damage|p2a: Gholdengo|0 fnt
|faint|p2a: Gholdengo
|
|upkeep
|
|t:|1743920118
|switch|p2a: Latias|Latias, F|100/100
|turn|15
|
|t:|1743920129
|-end|p1a: Iron Valiant|Quark Drive|[silent]
|switch|p1a: Garganacl|Garganacl, M|16/100
|-damage|p1a: Garganacl|4/100|[from] Stealth Rock
|-terastallize|p2a: Latias|Fairy
|move|p2a: Latias|Calm Mind|p2a: Latias
|-boost|p2a: Latias|spa|1
|-boost|p2a: Latias|spd|1
|
|upkeep
|turn|16
|inactive|reduxniceyes has 120 seconds left.
|
|t:|1743920151
|move|p2a: Latias|Draining Kiss|p1a: Garganacl
|-damage|p1a: Garganacl|0 fnt
|faint|p1a: Garganacl
|
|upkeep
|
|t:|1743920161
|switch|p1a: Great Tusk|Great Tusk|100/100
|-damage|p1a: Great Tusk|98/100|[from] Stealth Rock
|-enditem|p1a: Great Tusk|Booster Energy
|-activate|p1a: Great Tusk|ability: Protosynthesis|[fromitem]
|-start|p1a: Great Tusk|protosynthesisatk
|turn|17
|inactive|reduxniceyes has 120 seconds left.
|
|t:|1743920179
|move|p2a: Latias|Calm Mind|p2a: Latias
|-boost|p2a: Latias|spa|1
|-boost|p2a: Latias|spd|1
|move|p1a: Great Tusk|Headlong Rush|p2a: Latias
|-immune|p2a: Latias|[from] ability: Levitate
|
|upkeep
|turn|18
|inactive|reduxniceyes has 120 seconds left.
|c|☆vipquangtri|:)
|c|☆vipquangtri|i forgot
|-message|vipquangtri forfeited.
|
|win|reduxniceyes
|raw|vipquangtri's rating: 1221 &rarr; <strong>1193</strong><br />(-28 for losing)
|raw|reduxniceyes's rating: 1182 &rarr; <strong>1210</strong><br />(+28 for winning)
|l|☆vipquangtri
|player|p1|
|l|☆reduxniceyes
|player|p2|
