|j|☆Lxcxs67
|j|☆yamanclash
|t:|1743857187
|gametype|singles
|player|p1|Lxcxs67|101|1316
|player|p2|yamanclash|102|1304
|teamsize|p1|6
|teamsize|p2|6
|gen|9
|tier|[Gen 9] OU
|rated|
|rule|HP Percentage Mod: HP is shown in percentages
|rule|Endless Battle Clause: Forcing endless battles is banned
|rule|Species Clause: Limit one of each Pokémon
|rule|OHKO Clause: OHKO moves are banned
|rule|Evasion Items Clause: Evasion items are banned
|rule|Evasion Moves Clause: Evasion moves are banned
|rule|Sleep Moves Clause: Sleep-inducing moves are banned
|clearpoke
|poke|p1|Cinderace, F|
|poke|p1|Kingambit, M|
|poke|p1|Great Tusk|
|poke|p1|Hatterene, F|
|poke|p1|Pecharunt|
|poke|p1|Garchomp, F|
|poke|p2|Skeledirge, M|
|poke|p2|Araquanid, F|
|poke|p2|Garchomp, M|
|poke|p2|Kingambit, M|
|poke|p2|Ogerpon-Wellspring, F|
|poke|p2|Slowking-Galar, F|
|teampreview
|inactive|Battle timer is ON: inactive players will automatically lose when time's up. (requested by yamanclash)
|inactive|Lxcxs67 has 120 seconds left.
|
|t:|1743857219
|start
|switch|p1a: Garchomp|Garchomp, F|100/100
|switch|p2a: Slowking|Slowking-Galar, F|100/100
|turn|1
|
|t:|1743857226
|move|p1a: Garchomp|Stealth Rock|p2a: Slowking
|-sidestart|p2: yamanclash|move: Stealth Rock
|move|p2a: Slowking|Future Sight|p1a: Garchomp
|-start|p2a: Slowking|move: Future Sight
|
|upkeep
|turn|2
|
|t:|1743857242
|move|p1a: Garchomp|Earthquake|p2a: Slowking
|-supereffective|p2a: Slowking
|-damage|p2a: Slowking|0 fnt
|faint|p2a: Slowking
|
|upkeep
|
|t:|1743857248
|switch|p2a: Araquanid|Araquanid, F|100/100
|-damage|p2a: Araquanid|75/100|[from] Stealth Rock
|turn|3
|
|t:|1743857266
|move|p1a: Garchomp|Stone Edge|p2a: Araquanid
|-supereffective|p2a: Araquanid
|-damage|p2a: Araquanid|1/100
|move|p2a: Araquanid|Surf|p1a: Garchomp
|-damage|p1a: Garchomp|36/100
|
|-end|p1a: Garchomp|move: Future Sight
|-damage|p1a: Garchomp|0 fnt
|faint|p1a: Garchomp
|upkeep
|
|t:|1743857285
|switch|p1a: Great Tusk|Great Tusk|100/100
|turn|4
|-enditem|p2a: Araquanid|Custap Berry|[eat]
|-activate|p2a: Araquanid|item: Custap Berry|[consumed]
|
|t:|1743857291
|move|p2a: Araquanid|Surf|p1a: Great Tusk
|-supereffective|p1a: Great Tusk
|-damage|p1a: Great Tusk|0 fnt
|faint|p1a: Great Tusk
|-end|p1a: Great Tusk|Protosynthesis|[silent]
|
|upkeep
|
|t:|1743857301
|switch|p1a: Pecharunt|Pecharunt|100/100
|turn|5
|
|t:|1743857308
|move|p1a: Pecharunt|Malignant Chain|p2a: Araquanid
|-damage|p2a: Araquanid|0 fnt
|faint|p2a: Araquanid
|
|upkeep
|
|t:|1743857321
|switch|p2a: Kingambit|Kingambit, M|100/100
|-damage|p2a: Kingambit|94/100|[from] Stealth Rock
|-activate|p2a: Kingambit|ability: Supreme Overlord
|-start|p2a: Kingambit|fallen2|[silent]
|turn|6
|
|t:|1743857335
|move|p1a: Pecharunt|Parting Shot|p2a: Kingambit
|-unboost|p2a: Kingambit|atk|1
|-unboost|p2a: Kingambit|spa|1
|
|t:|1743857347
|switch|p1a: Kingambit|Kingambit, M|100/100|[from] Parting Shot
|-activate|p1a: Kingambit|ability: Supreme Overlord
|-start|p1a: Kingambit|fallen2|[silent]
|move|p2a: Kingambit|Swords Dance|p2a: Kingambit
|-boost|p2a: Kingambit|atk|2
|
|upkeep
|turn|7
|
|t:|1743857358
|-terastallize|p2a: Kingambit|Ghost
|move|p1a: Kingambit|Swords Dance|p1a: Kingambit
|-boost|p1a: Kingambit|atk|2
|move|p2a: Kingambit|Low Kick|p1a: Kingambit
|-supereffective|p1a: Kingambit
|-damage|p1a: Kingambit|0 fnt
|faint|p1a: Kingambit
|-end|p1a: Kingambit|fallen2|[silent]
|
|upkeep
|
|t:|1743857378
|switch|p1a: Cinderace|Cinderace, F|100/100
|turn|8
|
|t:|1743857385
|move|p2a: Kingambit|Sucker Punch||[still]
|-fail|p2a: Kingambit
|move|p1a: Cinderace|Swords Dance|p1a: Cinderace
|-start|p1a: Cinderace|typechange|Normal|[from] ability: Libero
|-boost|p1a: Cinderace|atk|2
|
|upkeep
|turn|9
|
|t:|1743857395
|move|p2a: Kingambit|Sucker Punch||[still]
|-fail|p2a: Kingambit
|move|p1a: Cinderace|Swords Dance|p1a: Cinderace
|-boost|p1a: Cinderace|atk|2
|
|upkeep
|turn|10
|
|t:|1743857400
|move|p2a: Kingambit|Sucker Punch||[still]
|-fail|p2a: Kingambit
|move|p1a: Cinderace|Swords Dance|p1a: Cinderace
|-boost|p1a: Cinderace|atk|2
|
|upkeep
|turn|11
|
|t:|1743857407
|move|p1a: Cinderace|Sucker Punch|p2a: Kingambit
|-supereffective|p2a: Kingambit
|-damage|p2a: Kingambit|0 fnt
|faint|p2a: Kingambit
|-end|p2a: Kingambit|fallen2|[silent]
|-damage|p1a: Cinderace|91/100|[from] item: Life Orb
|
|upkeep
|inactive|yamanclash has 120 seconds left.
|
|t:|1743857451
|switch|p2a: Skeledirge|Skeledirge, M|100/100
|turn|12
|
|t:|1743857473
|move|p1a: Cinderace|Pyro Ball|p2a: Skeledirge
|-resisted|p2a: Skeledirge
|-damage|p2a: Skeledirge|80/100
|-damage|p1a: Cinderace|81/100|[from] item: Life Orb
|move|p2a: Skeledirge|Will-O-Wisp|p1a: Cinderace
|-status|p1a: Cinderace|brn
|
|-damage|p1a: Cinderace|75/100 brn|[from] brn
|upkeep
|turn|13
|
|t:|1743857481
|move|p1a: Cinderace|Sucker Punch|p2a: Skeledirge
|-supereffective|p2a: Skeledirge
|-damage|p2a: Skeledirge|56/100
|-damage|p1a: Cinderace|65/100 brn|[from] item: Life Orb
|move|p2a: Skeledirge|Torch Song|p1a: Cinderace
|-damage|p1a: Cinderace|24/100 brn
|-boost|p2a: Skeledirge|spa|1
|
|-damage|p1a: Cinderace|18/100 brn|[from] brn
|upkeep
|turn|14
|
|t:|1743857489
|move|p1a: Cinderace|Sucker Punch||[still]
|-fail|p1a: Cinderace
|move|p2a: Skeledirge|Slack Off|p2a: Skeledirge
|-heal|p2a: Skeledirge|100/100
|
|-damage|p1a: Cinderace|12/100 brn|[from] brn
|upkeep
|turn|15
|inactive|yamanclash has 120 seconds left.
|l|☆yamanclash
|inactive|yamanclash disconnected and has a minute to reconnect!
|player|p2|
|j|☆yamanclash
|inactive|yamanclash reconnected and has 100 seconds left.
|player|p2|yamanclash|102|
|inactive|yamanclash has 90 seconds left.
|
|t:|1743857540
|move|p1a: Cinderace|Sucker Punch|p2a: Skeledirge
|-supereffective|p2a: Skeledirge
|-crit|p2a: Skeledirge
|-damage|p2a: Skeledirge|63/100
|-damage|p1a: Cinderace|2/100 brn|[from] item: Life Orb
|move|p2a: Skeledirge|Torch Song|p1a: Cinderace
|-damage|p1a: Cinderace|0 fnt
|-boost|p2a: Skeledirge|spa|1
|faint|p1a: Cinderace
|
|upkeep
|
|t:|1743857548
|switch|p1a: Pecharunt|Pecharunt|100/100
|turn|16
|
|t:|1743857553
|move|p1a: Pecharunt|Malignant Chain|p2a: Skeledirge
|-resisted|p2a: Skeledirge
|-damage|p2a: Skeledirge|51/100
|move|p2a: Skeledirge|Hex|p1a: Pecharunt
|-supereffective|p1a: Pecharunt
|-damage|p1a: Pecharunt|10/100
|
|upkeep
|turn|17
|
|t:|1743857559
|move|p1a: Pecharunt|Malignant Chain|p2a: Skeledirge
|-resisted|p2a: Skeledirge
|-damage|p2a: Skeledirge|39/100
|move|p2a: Skeledirge|Hex|p1a: Pecharunt
|-supereffective|p1a: Pecharunt
|-damage|p1a: Pecharunt|0 fnt
|faint|p1a: Pecharunt
|
|upkeep
|-message|Lxcxs67 forfeited.
|
|win|yamanclash
|raw|Lxcxs67's rating: 1316 &rarr; <strong>1295</strong><br />(-21 for losing)
|raw|yamanclash's rating: 1304 &rarr; <strong>1325</strong><br />(+21 for winning)
|l|☆Lxcxs67
|player|p1|
