|j|☆burritoland
|j|☆DorianInAHat
|t:|1743878463
|gametype|singles
|player|p1|burritoland|170|
|player|p2|DorianInAHat|shadowtriad|
|teamsize|p1|6
|teamsize|p2|6
|gen|9
|tier|[Gen 9] OU
|rule|HP Percentage Mod: HP is shown in percentages
|rule|Endless Battle Clause: Forcing endless battles is banned
|rule|Species Clause: Limit one of each Pokémon
|rule|OHKO Clause: OHKO moves are banned
|rule|Evasion Items Clause: Evasion items are banned
|rule|Evasion Moves Clause: Evasion moves are banned
|rule|Sleep Moves Clause: Sleep-inducing moves are banned
|clearpoke
|poke|p1|Mew|
|poke|p1|Gliscor, F|
|poke|p1|Duraludon, F|
|poke|p1|Zapdos|
|poke|p1|Tornadus, M|
|poke|p1|Barraskewda, F|
|poke|p2|Gholdengo|
|poke|p2|Ting-Lu|
|poke|p2|Skarmory, M|
|poke|p2|Lokix, M|
|poke|p2|Iron Moth|
|poke|p2|Quaquaval, F|
|teampreview
|j| JustBlissful
|j| Scr2ez
|inactive|Battle timer is ON: inactive players will automatically lose when time's up. (requested by burritoland)
|
|t:|1743878521
|start
|switch|p1a: a CHILD|Mew|100/100
|switch|p2a: Cindy Ting-Lu|Ting-Lu|100/100
|-ability|p2a: Cindy Ting-Lu|Vessel of Ruin
|turn|1
|
|t:|1743878544
|switch|p2a: Jake Statefarm|Lokix, M|100/100
|move|p1a: a CHILD|Rain Dance|p1a: a CHILD
|-weather|RainDance
|
|-weather|RainDance|[upkeep]
|upkeep
|turn|2
|
|t:|1743878553
|switch|p1a: Zap bird|Zapdos|100/100
|move|p2a: Jake Statefarm|Knock Off|p1a: Zap bird
|-damage|p1a: Zap bird|19/100
|-status|p2a: Jake Statefarm|par|[from] ability: Static|[of] p1a: Zap bird
|-enditem|p1a: Zap bird|Choice Specs|[from] move: Knock Off|[of] p2a: Jake Statefarm
|
|-weather|RainDance|[upkeep]
|upkeep
|turn|3
|inactive|DorianInAHat has 270 seconds left.
|
|t:|1743878591
|move|p1a: Zap bird|Hurricane|p2a: Jake Statefarm
|-supereffective|p2a: Jake Statefarm
|-crit|p2a: Jake Statefarm
|-damage|p2a: Jake Statefarm|0 fnt
|faint|p2a: Jake Statefarm
|
|-weather|RainDance|[upkeep]
|upkeep
|inactive|DorianInAHat has 240 seconds left.
|
|t:|1743878624
|switch|p2a: Cindy Ting-Lu|Ting-Lu|100/100
|-ability|p2a: Cindy Ting-Lu|Vessel of Ruin
|turn|4
|inactive|DorianInAHat has 240 seconds left.
|
|t:|1743878637
|switch|p1a: Fishy|Barraskewda, F|100/100
|move|p2a: Cindy Ting-Lu|Earthquake|p1a: Fishy
|-damage|p1a: Fishy|32/100
|
|-weather|RainDance|[upkeep]
|upkeep
|turn|5
|inactive|DorianInAHat has 240 seconds left.
|inactive|DorianInAHat has 210 seconds left.
|
|t:|1743878692
|move|p1a: Fishy|Close Combat|p2a: Cindy Ting-Lu
|-supereffective|p2a: Cindy Ting-Lu
|-damage|p2a: Cindy Ting-Lu|47/100
|-unboost|p1a: Fishy|def|1
|-unboost|p1a: Fishy|spd|1
|move|p2a: Cindy Ting-Lu|Spikes|p1a: Fishy
|-sidestart|p1: burritoland|Spikes
|
|-weather|RainDance|[upkeep]
|-heal|p2a: Cindy Ting-Lu|53/100|[from] item: Leftovers
|upkeep
|turn|6
|inactive|DorianInAHat has 180 seconds left.
|
|t:|1743878717
|move|p1a: Fishy|Close Combat|p2a: Cindy Ting-Lu
|-supereffective|p2a: Cindy Ting-Lu
|-damage|p2a: Cindy Ting-Lu|0 fnt
|-unboost|p1a: Fishy|def|1
|-unboost|p1a: Fishy|spd|1
|faint|p2a: Cindy Ting-Lu
|
|-weather|RainDance|[upkeep]
|upkeep
|inactive|DorianInAHat has 180 seconds left.
|inactive|DorianInAHat has 150 seconds left.
|
|t:|1743878774
|switch|p2a: Metal Sonic|Skarmory, M|100/100
|turn|7
|
|t:|1743878779
|switch|p1a: Zap bird|Zapdos|19/100
|move|p2a: Metal Sonic|Body Press|p1a: Zap bird
|-resisted|p1a: Zap bird
|-damage|p1a: Zap bird|5/100
|
|-weather|RainDance|[upkeep]
|upkeep
|turn|8
|
|t:|1743878795
|move|p1a: Zap bird|Thunderbolt|p2a: Metal Sonic
|-supereffective|p2a: Metal Sonic
|-damage|p2a: Metal Sonic|9/100
|move|p2a: Metal Sonic|Body Press|p1a: Zap bird
|-resisted|p1a: Zap bird
|-crit|p1a: Zap bird
|-damage|p1a: Zap bird|0 fnt
|faint|p1a: Zap bird
|
|-weather|none
|upkeep
|c|☆burritoland|NOOOOOOO ZAP BIRDDDD!!!!!!!!
|
|t:|1743878816
|switch|p1a: a CHILD|Mew|100/100
|-damage|p1a: a CHILD|88/100|[from] Spikes
|turn|9
|
|t:|1743878826
|move|p1a: a CHILD|Rain Dance|p1a: a CHILD
|-weather|RainDance
|move|p2a: Metal Sonic|Roost|p2a: Metal Sonic
|-heal|p2a: Metal Sonic|59/100
|-singleturn|p2a: Metal Sonic|move: Roost
|
|-weather|RainDance|[upkeep]
|upkeep
|turn|10
|
|t:|1743878840
|move|p1a: a CHILD|Hydro Pump|p2a: Metal Sonic
|-damage|p2a: Metal Sonic|21/100
|move|p2a: Metal Sonic|Roost|p2a: Metal Sonic
|-heal|p2a: Metal Sonic|71/100
|-singleturn|p2a: Metal Sonic|move: Roost
|
|-weather|RainDance|[upkeep]
|upkeep
|turn|11
|inactive|DorianInAHat has 120 seconds left.
|
|t:|1743878897
|move|p2a: Metal Sonic|Iron Defense|p2a: Metal Sonic
|-boost|p2a: Metal Sonic|def|2
|move|p1a: a CHILD|Avalanche|p2a: Metal Sonic
|-damage|p2a: Metal Sonic|66/100
|-damage|p1a: a CHILD|72/100|[from] item: Rocky Helmet|[of] p2a: Metal Sonic
|
|-weather|RainDance|[upkeep]
|upkeep
|turn|12
|inactive|DorianInAHat has 90 seconds left.
|inactive|burritoland has 270 seconds left.
|
|t:|1743878941
|switch|p1a: THE SECOND TOWER|Duraludon, F|100/100
|-damage|p1a: THE SECOND TOWER|88/100|[from] Spikes
|move|p2a: Metal Sonic|Body Press|p1a: THE SECOND TOWER
|-supereffective|p1a: THE SECOND TOWER
|-damage|p1a: THE SECOND TOWER|0 fnt
|faint|p1a: THE SECOND TOWER
|
|-weather|RainDance|[upkeep]
|upkeep
|
|t:|1743878945
|switch|p1a: Fishy|Barraskewda, F|32/100
|-damage|p1a: Fishy|20/100|[from] Spikes
|turn|13
|c| Scr2ez|Mixed Mew?
|
|t:|1743878956
|move|p1a: Fishy|Crunch|p2a: Metal Sonic
|-damage|p2a: Metal Sonic|50/100
|-damage|p1a: Fishy|3/100|[from] item: Rocky Helmet|[of] p2a: Metal Sonic
|move|p2a: Metal Sonic|Roost|p2a: Metal Sonic
|-heal|p2a: Metal Sonic|99/100
|-singleturn|p2a: Metal Sonic|move: Roost
|
|-weather|RainDance|[upkeep]
|upkeep
|turn|14
|
|t:|1743878969
|move|p1a: Fishy|Crunch|p2a: Metal Sonic
|-damage|p2a: Metal Sonic|83/100
|-damage|p1a: Fishy|0 fnt|[from] item: Rocky Helmet|[of] p2a: Metal Sonic
|faint|p1a: Fishy
|move|p2a: Metal Sonic|Stealth Rock|p1: Fishy
|-sidestart|p1: burritoland|move: Stealth Rock
|
|-weather|RainDance|[upkeep]
|upkeep
|
|t:|1743878971
|switch|p1a: A MAN|Tornadus, M|100/100
|turn|15
|inactive|DorianInAHat has 90 seconds left.
|inactive|DorianInAHat has 60 seconds left.
|inactiveoff|Battle timer is now OFF.
|
|t:|1743879053
|switch|p2a: I hate you 3000|Iron Moth|100/100
|-enditem|p2a: I hate you 3000|Booster Energy
|-activate|p2a: I hate you 3000|ability: Quark Drive|[fromitem]
|-start|p2a: I hate you 3000|quarkdrivespa
|move|p1a: A MAN|Nasty Plot|p1a: A MAN
|-boost|p1a: A MAN|spa|2
|
|-weather|RainDance|[upkeep]
|upkeep
|turn|16
|
|t:|1743879080
|-terastallize|p2a: I hate you 3000|Ice
|move|p1a: A MAN|Hurricane|p2a: I hate you 3000
|-damage|p2a: I hate you 3000|0 fnt
|faint|p2a: I hate you 3000
|-end|p2a: I hate you 3000|Quark Drive|[silent]
|
|-weather|none
|upkeep
|
|t:|1743879128
|switch|p2a: Stringchose|Gholdengo|100/100
|-item|p2a: Stringchose|Air Balloon
|turn|17
|
|t:|1743879163
|move|p1a: A MAN|Heat Wave|p2a: Stringchose
|-supereffective|p2a: Stringchose
|-damage|p2a: Stringchose|0 fnt
|-enditem|p2a: Stringchose|Air Balloon
|faint|p2a: Stringchose
|
|upkeep
|
|t:|1743879170
|switch|p2a: Metal Sonic|Skarmory, M|83/100
|turn|18
|
|t:|1743879179
|move|p1a: A MAN|Heat Wave|p2a: Metal Sonic
|-supereffective|p2a: Metal Sonic
|-damage|p2a: Metal Sonic|0 fnt
|faint|p2a: Metal Sonic
|
|upkeep
|
|t:|1743879184
|switch|p2a: Aiden|Quaquaval, F|100/100
|turn|19
|
|t:|1743879194
|move|p1a: A MAN|Hurricane|p2a: Aiden
|-supereffective|p2a: Aiden
|-damage|p2a: Aiden|0 fnt
|faint|p2a: Aiden
|
|win|burritoland
|l| Scr2ez
