|j|☆rolendice
|j|☆Pazou<3
|t:|1743792653
|gametype|singles
|player|p1|rolendice|cynthia-gen4|1409
|player|p2|Pazou<3|102|1413
|teamsize|p1|6
|teamsize|p2|6
|gen|9
|tier|[Gen 9] OU
|rated|
|rule|HP Percentage Mod: HP is shown in percentages
|rule|Endless Battle Clause: Forcing endless battles is banned
|rule|Species Clause: Limit one of each Pokémon
|rule|OHKO Clause: OHKO moves are banned
|rule|Evasion Items Clause: Evasion items are banned
|rule|Evasion Moves Clause: Evasion moves are banned
|rule|Sleep Moves Clause: Sleep-inducing moves are banned
|clearpoke
|poke|p1|Ninetales, F|
|poke|p1|Leafeon, F|
|poke|p1|Manaphy|
|poke|p1|Mienshao, F|
|poke|p1|Umbreon, F|
|poke|p1|Espeon, F|
|poke|p2|Samurott-Hisui, M|
|poke|p2|Iron Valiant|
|poke|p2|Gholdengo|
|poke|p2|Great Tusk|
|poke|p2|Enamorus, F|
|poke|p2|Iron Treads|
|teampreview
|inactive|Battle timer is ON: inactive players will automatically lose when time's up. (requested by rolendice)
|c|☆Pazou<3|gl
|
|t:|1743792664
|start
|switch|p1a: Mienshao|Mienshao, F, shiny|100/100
|switch|p2a: mimoune|Iron Treads|100/100
|turn|1
|
|t:|1743792685
|move|p1a: Mienshao|U-turn|p2a: mimoune
|-resisted|p2a: mimoune
|-damage|p2a: mimoune|91/100
|
|t:|1743792686
|switch|p1a: Espeon|Espeon, F, shiny|100/100|[from] U-turn
|move|p2a: mimoune|Stealth Rock|p1a: Espeon
|move|p1a: Espeon|Stealth Rock|p2a: mimoune|[from] ability: Magic Bounce
|-sidestart|p2: Pazou<3|move: Stealth Rock
|
|upkeep
|turn|2
|
|t:|1743792692
|move|p1a: Espeon|Shadow Ball|p2a: mimoune
|-damage|p2a: mimoune|50/100
|move|p2a: mimoune|Rapid Spin|p1a: Espeon
|-damage|p1a: Espeon|78/100
|-boost|p2a: mimoune|spe|1
|-sideend|p2: Pazou<3|Stealth Rock|[from] move: Rapid Spin|[of] p2a: mimoune
|-enditem|p1a: Espeon|Mirror Herb
|-boost|p1a: Espeon|spe|1|[from] item: Mirror Herb
|
|upkeep
|turn|3
|
|t:|1743792700
|move|p1a: Espeon|Shadow Ball|p2a: mimoune
|-damage|p2a: mimoune|9/100
|-unboost|p2a: mimoune|spd|1
|move|p2a: mimoune|Steel Beam|p1a: Espeon
|-damage|p1a: Espeon|9/100
|-damage|p2a: mimoune|0 fnt|[from] steelbeam
|faint|p2a: mimoune
|-end|p2a: mimoune|Quark Drive|[silent]
|
|upkeep
|
|t:|1743792712
|switch|p2a: Mohammed Amra|Samurott-Hisui, M|100/100
|turn|4
|
|t:|1743792716
|move|p2a: Mohammed Amra|Aqua Jet|p1a: Espeon
|-damage|p1a: Espeon|0 fnt
|faint|p1a: Espeon
|
|upkeep
|
|t:|1743792720
|switch|p1a: Mienshao|Mienshao, F, shiny|100/100
|turn|5
|
|t:|1743792723
|switch|p2a: Gabriel Martinelli|Gholdengo|100/100
|-item|p2a: Gabriel Martinelli|Air Balloon
|move|p1a: Mienshao|U-turn|p2a: Gabriel Martinelli
|-resisted|p2a: Gabriel Martinelli
|-damage|p2a: Gabriel Martinelli|94/100
|-enditem|p2a: Gabriel Martinelli|Air Balloon
|
|t:|1743792729
|switch|p1a: Ninetales|Ninetales, F, shiny|100/100|[from] U-turn
|-weather|SunnyDay|[from] ability: Drought|[of] p1a: Ninetales
|
|-weather|SunnyDay|[upkeep]
|upkeep
|turn|6
|
|t:|1743792739
|switch|p2a: Mohammed Amra|Samurott-Hisui, M|100/100
|move|p1a: Ninetales|Flamethrower|p2a: Mohammed Amra
|-resisted|p2a: Mohammed Amra
|-crit|p2a: Mohammed Amra
|-damage|p2a: Mohammed Amra|41/100
|
|-weather|SunnyDay|[upkeep]
|upkeep
|turn|7
|
|t:|1743792745
|move|p2a: Mohammed Amra|Ceaseless Edge|p1a: Ninetales
|-damage|p1a: Ninetales|32/100
|-sidestart|p1: rolendice|Spikes
|move|p1a: Ninetales|Solar Beam||[still]
|-prepare|p1a: Ninetales|Solar Beam
|-anim|p1a: Ninetales|Solar Beam|p2a: Mohammed Amra
|-supereffective|p2a: Mohammed Amra
|-damage|p2a: Mohammed Amra|0 fnt
|faint|p2a: Mohammed Amra
|
|-weather|SunnyDay|[upkeep]
|upkeep
|
|t:|1743792760
|switch|p2a: PedroPaskal|Enamorus, F|100/100
|turn|8
|
|t:|1743792767
|switch|p1a: Manaphy|Manaphy, shiny|100/100
|-damage|p1a: Manaphy|88/100|[from] Spikes
|-terastallize|p2a: PedroPaskal|Stellar
|move|p2a: PedroPaskal|Tera Blast|p1a: Manaphy|[anim] Tera Blast Stellar
|-damage|p1a: Manaphy|57/100
|-boost|p2a: PedroPaskal|atk|1
|-boost|p2a: PedroPaskal|spa|1
|
|-weather|SunnyDay|[upkeep]
|-heal|p1a: Manaphy|63/100|[from] item: Leftovers
|upkeep
|turn|9
|
|t:|1743792775
|move|p2a: PedroPaskal|Tera Blast|p1a: Manaphy|[anim] Tera Blast Stellar
|-damage|p1a: Manaphy|23/100
|-boost|p2a: PedroPaskal|atk|1
|-boost|p2a: PedroPaskal|spa|1
|move|p1a: Manaphy|Ice Beam|p2a: PedroPaskal
|-supereffective|p2a: PedroPaskal
|-damage|p2a: PedroPaskal|38/100
|
|-weather|SunnyDay|[upkeep]
|-heal|p1a: Manaphy|29/100|[from] item: Leftovers
|upkeep
|turn|10
|
|t:|1743792782
|move|p2a: PedroPaskal|Tera Blast|p1a: Manaphy|[anim] Tera Blast Stellar
|-damage|p1a: Manaphy|0 fnt
|-boost|p2a: PedroPaskal|atk|1
|-boost|p2a: PedroPaskal|spa|1
|faint|p1a: Manaphy
|
|-weather|SunnyDay|[upkeep]
|upkeep
|
|t:|1743792787
|switch|p1a: Leafeon|Leafeon, F, shiny|100/100
|-damage|p1a: Leafeon|88/100|[from] Spikes
|turn|11
|
|t:|1743792790
|-terastallize|p1a: Leafeon|Fire
|move|p2a: PedroPaskal|Tera Blast|p1a: Leafeon|[anim] Tera Blast Stellar
|-supereffective|p1a: Leafeon
|-damage|p1a: Leafeon|0 fnt
|-boost|p2a: PedroPaskal|atk|1
|-boost|p2a: PedroPaskal|spa|1
|faint|p1a: Leafeon
|
|-weather|SunnyDay|[upkeep]
|upkeep
|c|☆Pazou<3|gg
|
|t:|1743792803
|switch|p1a: Umbreon|Umbreon, F, shiny|100/100
|-damage|p1a: Umbreon|88/100|[from] Spikes
|turn|12
|
|t:|1743792810
|move|p2a: PedroPaskal|Tera Blast|p1a: Umbreon|[anim] Tera Blast Stellar
|-damage|p1a: Umbreon|17/100
|-boost|p2a: PedroPaskal|atk|1
|-boost|p2a: PedroPaskal|spa|1
|move|p1a: Umbreon|Foul Play|p2a: PedroPaskal
|-resisted|p2a: PedroPaskal
|-damage|p2a: PedroPaskal|0 fnt
|faint|p2a: PedroPaskal
|
|-weather|none
|-heal|p1a: Umbreon|23/100|[from] item: Leftovers
|upkeep
|
|t:|1743792820
|switch|p2a: Mogging Valiant|Iron Valiant|100/100
|-enditem|p2a: Mogging Valiant|Booster Energy
|-activate|p2a: Mogging Valiant|ability: Quark Drive|[fromitem]
|-start|p2a: Mogging Valiant|quarkdrivespe
|turn|13
|
|t:|1743792824
|move|p2a: Mogging Valiant|Moonblast|p1a: Umbreon
|-supereffective|p1a: Umbreon
|-damage|p1a: Umbreon|0 fnt
|faint|p1a: Umbreon
|
|upkeep
|
|t:|1743792826
|switch|p1a: Ninetales|Ninetales, F, shiny|32/100
|-damage|p1a: Ninetales|19/100|[from] Spikes
|-weather|SunnyDay|[from] ability: Drought|[of] p1a: Ninetales
|turn|14
|
|t:|1743792835
|move|p2a: Mogging Valiant|Close Combat|p1a: Ninetales
|-damage|p1a: Ninetales|0 fnt
|-unboost|p2a: Mogging Valiant|def|1
|-unboost|p2a: Mogging Valiant|spd|1
|faint|p1a: Ninetales
|
|-weather|SunnyDay|[upkeep]
|upkeep
|
|t:|1743792837
|switch|p1a: Mienshao|Mienshao, F, shiny|100/100
|-damage|p1a: Mienshao|88/100|[from] Spikes
|turn|15
|
|t:|1743792842
|move|p2a: Mogging Valiant|Moonblast|p1a: Mienshao
|-supereffective|p1a: Mienshao
|-damage|p1a: Mienshao|0 fnt
|faint|p1a: Mienshao
|
|win|Pazou<3
|raw|rolendice's rating: 1409 &rarr; <strong>1389</strong><br />(-20 for losing)
|raw|Pazou&lt;3's rating: 1413 &rarr; <strong>1433</strong><br />(+20 for winning)
|l|☆rolendice
|player|p1|
|l|☆Pazou<3
|player|p2|
