|j|☆Estradiol5mg
|j|☆Iori255
|t:|1743917603
|gametype|singles
|player|p1|Estradiol5mg|plasmagruntf|1111
|player|p2|Iori255|hugh|1085
|teamsize|p1|6
|teamsize|p2|6
|gen|9
|tier|[Gen 9] OU
|rated|
|rule|HP Percentage Mod: HP is shown in percentages
|rule|Endless Battle Clause: Forcing endless battles is banned
|rule|Species Clause: Limit one of each Pokémon
|rule|OHKO Clause: OHKO moves are banned
|rule|Evasion Items Clause: Evasion items are banned
|rule|Evasion Moves Clause: Evasion moves are banned
|rule|Sleep Moves Clause: Sleep-inducing moves are banned
|clearpoke
|poke|p1|Garganacl, M|
|poke|p1|Weezing-Galar, F|
|poke|p1|Corviknight, M|
|poke|p1|Dragapult, M|
|poke|p1|Slowking-Galar, F|
|poke|p1|Samurott-Hisui, F|
|poke|p2|Blastoise, M|
|poke|p2|Charizard, M|
|poke|p2|Greninja-*, M|
|poke|p2|Lucario, M|
|poke|p2|Pikachu, M|
|poke|p2|Venusaur, M|
|teampreview
|inactive|Battle timer is ON: inactive players will automatically lose when time's up. (requested by Estradiol5mg)
|
|t:|1743917616
|start
|switch|p1a: Acupuncturist|Samurott-Hisui, F|100/100
|switch|p2a: Greninja|Greninja, M|100/100
|turn|1
|
|t:|1743917620
|move|p1a: Acupuncturist|Ceaseless Edge|p2a: Greninja|[miss]
|-miss|p1a: Acupuncturist|p2a: Greninja
|move|p2a: Greninja|U-turn|p1a: Acupuncturist
|-supereffective|p1a: Acupuncturist
|-damage|p1a: Acupuncturist|40/100
|-damage|p2a: Greninja|91/100|[from] item: Life Orb
|
|t:|1743917631
|switch|p2a: Pikachu|Pikachu, M|100/100|[from] U-turn
|
|upkeep
|turn|2
|
|t:|1743917638
|move|p1a: Acupuncturist|Ceaseless Edge|p2a: Pikachu
|-enditem|p2a: Pikachu|Focus Sash
|-damage|p2a: Pikachu|1/100
|-sidestart|p2: Iori255|Spikes
|move|p2a: Pikachu|Endeavor|p1a: Acupuncturist
|-damage|p1a: Acupuncturist|1/100
|
|upkeep
|turn|3
|
|t:|1743917649
|move|p1a: Acupuncturist|Ceaseless Edge|p2a: Pikachu
|-crit|p2a: Pikachu
|-damage|p2a: Pikachu|0 fnt
|-sidestart|p2: Iori255|Spikes
|faint|p2a: Pikachu
|
|upkeep
|
|t:|1743917674
|switch|p2a: Lucario|Lucario, M|100/100
|-damage|p2a: Lucario|84/100|[from] Spikes
|turn|4
|
|t:|1743917680
|move|p1a: Acupuncturist|Ceaseless Edge|p2a: Lucario
|-resisted|p2a: Lucario
|-damage|p2a: Lucario|47/100
|-sidestart|p2: Iori255|Spikes
|move|p2a: Lucario|Swords Dance|p2a: Lucario
|-boost|p2a: Lucario|atk|2
|
|upkeep
|turn|5
|
|t:|1743917688
|move|p2a: Lucario|Extreme Speed|p1a: Acupuncturist
|-damage|p1a: Acupuncturist|0 fnt
|faint|p1a: Acupuncturist
|-damage|p2a: Lucario|37/100|[from] item: Life Orb
|
|upkeep
|
|t:|1743917691
|switch|p1a: Specialist|Dragapult, M|100/100
|turn|6
|
|t:|1743917698
|move|p2a: Lucario|Bullet Punch|p1a: Specialist
|-damage|p1a: Specialist|34/100
|-damage|p2a: Lucario|27/100|[from] item: Life Orb
|move|p1a: Specialist|Will-O-Wisp|p2a: Lucario
|-status|p2a: Lucario|brn
|
|-damage|p2a: Lucario|21/100 brn|[from] brn
|upkeep
|turn|7
|
|t:|1743917709
|move|p2a: Lucario|Bullet Punch|p1a: Specialist
|-damage|p1a: Specialist|0 fnt
|faint|p1a: Specialist
|-damage|p2a: Lucario|11/100 brn|[from] item: Life Orb
|
|-damage|p2a: Lucario|5/100 brn|[from] brn
|upkeep
|
|t:|1743917714
|switch|p1a: Dr. Garg|Garganacl, M|100/100
|turn|8
|
|t:|1743917718
|move|p1a: Dr. Garg|Protect|p1a: Dr. Garg
|-singleturn|p1a: Dr. Garg|Protect
|move|p2a: Lucario|Close Combat|p1a: Dr. Garg
|-activate|p1a: Dr. Garg|move: Protect
|
|-damage|p2a: Lucario|0 fnt|[from] brn
|faint|p2a: Lucario
|upkeep
|
|t:|1743917727
|switch|p2a: Venusaur|Venusaur, M|100/100
|-damage|p2a: Venusaur|76/100|[from] Spikes
|turn|9
|
|t:|1743917732
|move|p2a: Venusaur|Sunny Day|p2a: Venusaur
|-weather|SunnyDay
|move|p1a: Dr. Garg|Stealth Rock|p2a: Venusaur
|-sidestart|p2: Iori255|move: Stealth Rock
|
|-weather|SunnyDay|[upkeep]
|upkeep
|turn|10
|
|t:|1743917742
|move|p2a: Venusaur|Growth|p2a: Venusaur
|-boost|p2a: Venusaur|atk|2
|-boost|p2a: Venusaur|spa|2
|move|p1a: Dr. Garg|Salt Cure|p2a: Venusaur
|-damage|p2a: Venusaur|58/100
|-start|p2a: Venusaur|Salt Cure
|
|-weather|SunnyDay|[upkeep]
|-damage|p2a: Venusaur|45/100|[from] Salt Cure
|upkeep
|turn|11
|
|t:|1743917749
|switch|p1a: Trudeau-king|Slowking-Galar, F|100/100
|move|p2a: Venusaur|Growth|p2a: Venusaur
|-boost|p2a: Venusaur|atk|2
|-boost|p2a: Venusaur|spa|2
|
|-weather|SunnyDay|[upkeep]
|-damage|p2a: Venusaur|33/100|[from] Salt Cure
|upkeep
|turn|12
|
|t:|1743917754
|move|p2a: Venusaur|Giga Drain|p1a: Trudeau-king
|-resisted|p1a: Trudeau-king
|-damage|p1a: Trudeau-king|77/100
|-heal|p2a: Venusaur|48/100|[from] drain|[of] p1a: Trudeau-king
|move|p1a: Trudeau-king|Psychic Noise|p2a: Venusaur
|-supereffective|p2a: Venusaur
|-damage|p2a: Venusaur|0 fnt
|faint|p2a: Venusaur
|
|-weather|SunnyDay|[upkeep]
|upkeep
|
|t:|1743917766
|switch|p2a: Charizard|Charizard, M|100/100
|-damage|p2a: Charizard|50/100|[from] Stealth Rock
|-enditem|p2a: Charizard|Sitrus Berry|[eat]
|-heal|p2a: Charizard|75/100|[from] item: Sitrus Berry
|turn|13
|
|t:|1743917774
|move|p2a: Charizard|Belly Drum|p2a: Charizard
|-damage|p2a: Charizard|25/100
|-setboost|p2a: Charizard|atk|6|[from] move: Belly Drum
|move|p1a: Trudeau-king|Future Sight|p2a: Charizard
|-start|p1a: Trudeau-king|move: Future Sight
|
|-weather|SunnyDay|[upkeep]
|upkeep
|turn|14
|
|t:|1743917782
|switch|p1a: Nurse|Weezing-Galar, F|100/100
|-ability|p1a: Nurse|Neutralizing Gas
|move|p2a: Charizard|Earthquake|p1a: Nurse
|-supereffective|p1a: Nurse
|-damage|p1a: Nurse|0 fnt
|faint|p1a: Nurse
|-end|p1a: Nurse|ability: Neutralizing Gas
|
|-weather|SunnyDay|[upkeep]
|upkeep
|
|t:|1743917788
|switch|p1a: Plague Doctor|Corviknight, M|100/100
|-ability|p1a: Plague Doctor|Pressure
|turn|15
|
|t:|1743917792
|switch|p1a: Trudeau-king|Slowking-Galar, F|100/100
|move|p2a: Charizard|Flame Charge|p1a: Trudeau-king
|-damage|p1a: Trudeau-king|0 fnt
|-boost|p2a: Charizard|spe|1
|faint|p1a: Trudeau-king
|
|-weather|SunnyDay|[upkeep]
|-end|p2a: Charizard|move: Future Sight
|-damage|p2a: Charizard|0 fnt
|faint|p2a: Charizard
|upkeep
|
|t:|1743917804
|switch|p2a: Blastoise|Blastoise, M|100/100
|switch|p1a: Dr. Garg|Garganacl, M|100/100
|-damage|p2a: Blastoise|76/100|[from] Spikes
|-damage|p2a: Blastoise|63/100|[from] Stealth Rock
|turn|16
|
|t:|1743917814
|-terastallize|p2a: Blastoise|Electric
|-terastallize|p1a: Dr. Garg|Fairy
|move|p2a: Blastoise|Shell Smash|p2a: Blastoise
|-unboost|p2a: Blastoise|def|1
|-unboost|p2a: Blastoise|spd|1
|-boost|p2a: Blastoise|atk|2
|-boost|p2a: Blastoise|spa|2
|-boost|p2a: Blastoise|spe|2
|-enditem|p2a: Blastoise|White Herb
|-clearnegativeboost|p2a: Blastoise|[silent]
|move|p1a: Dr. Garg|Salt Cure|p2a: Blastoise
|-damage|p2a: Blastoise|47/100
|-start|p2a: Blastoise|Salt Cure
|
|-weather|none
|-damage|p2a: Blastoise|35/100|[from] Salt Cure
|upkeep
|turn|17
|
|t:|1743917824
|move|p1a: Dr. Garg|Protect|p1a: Dr. Garg
|-singleturn|p1a: Dr. Garg|Protect
|move|p2a: Blastoise|Surf|p1a: Dr. Garg
|-activate|p1a: Dr. Garg|move: Protect
|
|-damage|p2a: Blastoise|22/100|[from] Salt Cure
|upkeep
|turn|18
|
|t:|1743917832
|move|p2a: Blastoise|Surf|p1a: Dr. Garg
|-damage|p1a: Dr. Garg|18/100
|move|p1a: Dr. Garg|Recover|p1a: Dr. Garg
|-heal|p1a: Dr. Garg|68/100
|
|-heal|p1a: Dr. Garg|74/100|[from] item: Leftovers
|-damage|p2a: Blastoise|10/100|[from] Salt Cure
|upkeep
|turn|19
|
|t:|1743917843
|move|p1a: Dr. Garg|Protect|p1a: Dr. Garg
|-singleturn|p1a: Dr. Garg|Protect
|move|p2a: Blastoise|Tera Blast|p1a: Dr. Garg|[anim] Tera Blast Electric
|-activate|p1a: Dr. Garg|move: Protect
|
|-heal|p1a: Dr. Garg|80/100|[from] item: Leftovers
|-damage|p2a: Blastoise|0 fnt|[from] Salt Cure
|faint|p2a: Blastoise
|upkeep
|
|t:|1743917847
|switch|p2a: Greninja|Greninja, M|91/100
|-damage|p2a: Greninja|66/100|[from] Spikes
|-damage|p2a: Greninja|53/100|[from] Stealth Rock
|turn|20
|
|t:|1743917855
|move|p2a: Greninja|Gunk Shot|p1a: Dr. Garg|[miss]
|-miss|p2a: Greninja|p1a: Dr. Garg
|move|p1a: Dr. Garg|Salt Cure|p2a: Greninja
|-crit|p2a: Greninja
|-damage|p2a: Greninja|13/100
|-start|p2a: Greninja|Salt Cure
|
|-heal|p1a: Dr. Garg|86/100|[from] item: Leftovers
|-damage|p2a: Greninja|0 fnt|[from] Salt Cure
|faint|p2a: Greninja
|
|win|Estradiol5mg
|raw|Estradiol5mg's rating: 1111 &rarr; <strong>1134</strong><br />(+23 for winning)
|raw|Iori255's rating: 1085 &rarr; <strong>1064</strong><br />(-21 for losing)
|l|☆Iori255
|player|p2|
|l|☆Estradiol5mg
|player|p1|
