|j|☆ykykp
|j|☆Azummareal
|t:|1743936009
|gametype|singles
|player|p1|ykykp|101|1521
|player|p2|Azummareal|zinnia|1595
|teamsize|p1|6
|teamsize|p2|6
|gen|9
|tier|[Gen 9] OU
|rated|
|rule|HP Percentage Mod: HP is shown in percentages
|rule|Endless Battle Clause: Forcing endless battles is banned
|rule|Species Clause: Limit one of each Pokémon
|rule|OHKO Clause: OHKO moves are banned
|rule|Evasion Items Clause: Evasion items are banned
|rule|Evasion Moves Clause: Evasion moves are banned
|rule|Sleep Moves Clause: Sleep-inducing moves are banned
|clearpoke
|poke|p1|Porygon-Z|
|poke|p1|Ribombee, M|
|poke|p1|Ceruledge, M|
|poke|p1|Gallade, M|
|poke|p1|Dragapult, M|
|poke|p1|Iron Treads|
|poke|p2|Cinderace, F|
|poke|p2|Hydrapple, M|
|poke|p2|Hatterene, F|
|poke|p2|Iron Crown|
|poke|p2|Dragapult, F|
|poke|p2|Weavile, F|
|teampreview
|inactive|Battle timer is ON: inactive players will automatically lose when time's up. (requested by ykykp)
|
|t:|1743936026
|start
|switch|p1a: Ribombee|Ribombee, M|100/100
|switch|p2a: Hatterene|Hatterene, F|100/100
|turn|1
|
|t:|1743936049
|move|p1a: Ribombee|Skill Swap|p2a: Hatterene
|-activate|p1a: Ribombee|move: Skill Swap|Magic Bounce|Shield Dust|[of] p2a: Hatterene
|move|p2a: Hatterene|Nuzzle|p1a: Ribombee
|-damage|p1a: Ribombee|92/100
|-status|p1a: Ribombee|par
|
|upkeep
|turn|2
|j| benladil
|
|t:|1743936076
|switch|p2a: Iron Crown|Iron Crown|100/100
|move|p1a: Ribombee|Sticky Web|p2a: Iron Crown
|-sidestart|p2: Azummareal|move: Sticky Web
|
|upkeep
|turn|3
|
|t:|1743936082
|move|p2a: Iron Crown|Tachyon Cutter|p1a: Ribombee
|-supereffective|p1a: Ribombee
|-damage|p1a: Ribombee|0 fnt
|faint|p1a: Ribombee
|-hitcount|p1: Ribombee|1
|
|upkeep
|
|t:|1743936096
|switch|p1a: Ceruledge|Ceruledge, M|100/100
|turn|4
|
|t:|1743936106
|-end|p2a: Iron Crown|Quark Drive|[silent]
|switch|p2a: Hydrapple|Hydrapple, M|100/100
|-activate|p2a: Hydrapple|move: Sticky Web
|-unboost|p2a: Hydrapple|spe|1
|move|p1a: Ceruledge|Swords Dance|p1a: Ceruledge
|-boost|p1a: Ceruledge|atk|2
|
|upkeep
|turn|5
|
|t:|1743936112
|move|p1a: Ceruledge|Swords Dance|p1a: Ceruledge
|-boost|p1a: Ceruledge|atk|2
|move|p2a: Hydrapple|Fickle Beam|p1a: Ceruledge
|-crit|p1a: Ceruledge
|-damage|p1a: Ceruledge|11/100
|-damage|p2a: Hydrapple|91/100|[from] item: Life Orb
|
|upkeep
|turn|6
|
|t:|1743936120
|move|p1a: Ceruledge|Bitter Blade|p2a: Hydrapple
|-damage|p2a: Hydrapple|0 fnt
|-heal|p1a: Ceruledge|74/100|[from] drain|[of] p2a: Hydrapple
|faint|p2a: Hydrapple
|
|upkeep
|
|t:|1743936137
|switch|p2a: Weavile|Weavile, F|100/100
|-ability|p2a: Weavile|Pressure
|turn|7
|
|t:|1743936143
|-terastallize|p1a: Ceruledge|Fairy
|move|p2a: Weavile|Knock Off|p1a: Ceruledge
|-resisted|p1a: Ceruledge
|-damage|p1a: Ceruledge|43/100
|-ability|p1a: Ceruledge|Weak Armor|boost
|-unboost|p1a: Ceruledge|def|1
|-boost|p1a: Ceruledge|spe|2
|-enditem|p1a: Ceruledge|Focus Sash|[from] move: Knock Off|[of] p2a: Weavile
|move|p1a: Ceruledge|Bitter Blade|p2a: Weavile
|-supereffective|p2a: Weavile
|-damage|p2a: Weavile|0 fnt
|-heal|p1a: Ceruledge|90/100|[from] drain|[of] p2a: Weavile
|faint|p2a: Weavile
|
|upkeep
|l| benladil
|
|t:|1743936150
|switch|p2a: Hatterene|Hatterene, F|100/100
|-activate|p2a: Hatterene|move: Sticky Web
|-unboost|p2a: Hatterene|spe|1
|turn|8
|
|t:|1743936157
|move|p1a: Ceruledge|Bitter Blade|p2a: Hatterene
|-damage|p2a: Hatterene|0 fnt
|-heal|p1a: Ceruledge|100/100|[from] drain|[of] p2a: Hatterene
|faint|p2a: Hatterene
|
|upkeep
|
|t:|1743936160
|switch|p2a: Dragapult|Dragapult, F|100/100
|turn|9
|
|t:|1743936166
|move|p1a: Ceruledge|Shadow Sneak|p2a: Dragapult
|-supereffective|p2a: Dragapult
|-damage|p2a: Dragapult|0 fnt
|faint|p2a: Dragapult
|
|upkeep
|-message|Azummareal forfeited.
|
|win|ykykp
|raw|ykykp's rating: 1521 &rarr; <strong>1545</strong><br />(+24 for winning)
|raw|Azummareal's rating: 1595 &rarr; <strong>1571</strong><br />(-24 for losing)
|l|☆Azummareal
|player|p2|
|l|☆ykykp
|player|p1|
