|j|☆yzl123
|j|☆roaringmoonvicitm
|t:|1743828690
|gametype|singles
|player|p1|yzl123|alder|1539
|player|p2|roaringmoonvicitm|miku-ground|1535
|teamsize|p1|6
|teamsize|p2|6
|gen|9
|tier|[Gen 9] OU
|rated|
|rule|HP Percentage Mod: HP is shown in percentages
|rule|Endless Battle Clause: Forcing endless battles is banned
|rule|Species Clause: Limit one of each Pokémon
|rule|OHKO Clause: OHKO moves are banned
|rule|Evasion Items Clause: Evasion items are banned
|rule|Evasion Moves Clause: Evasion moves are banned
|rule|Sleep Moves Clause: Sleep-inducing moves are banned
|clearpoke
|poke|p1|Sinistcha|
|poke|p1|Tornadus-Therian, M|
|poke|p1|Heatran, F|
|poke|p1|Volcanion|
|poke|p1|Iron Treads|
|poke|p1|Garganacl, F|
|poke|p2|Samurott-Hisui, F|
|poke|p2|Iron Treads|
|poke|p2|Iron Valiant|
|poke|p2|Zapdos|
|poke|p2|Iron Moth|
|poke|p2|Skeledirge, F|
|teampreview
|inactive|Battle timer is ON: inactive players will automatically lose when time's up. (requested by roaringmoonvicitm)
|
|t:|1743828708
|start
|switch|p1a: 可靠的背影|Tornadus-Therian, M, shiny|100/100
|switch|p2a: Iron Moth|Iron Moth|100/100
|turn|1
|
|t:|1743828720
|-end|p2a: Iron Moth|Quark Drive|[silent]
|switch|p2a: Iron Valiant|Iron Valiant|100/100
|move|p1a: 可靠的背影|Knock Off|p2a: Iron Valiant
|-resisted|p2a: Iron Valiant
|-crit|p2a: Iron Valiant
|-damage|p2a: Iron Valiant|92/100
|-enditem|p2a: Iron Valiant|Life Orb|[from] move: Knock Off|[of] p1a: 可靠的背影
|
|upkeep
|turn|2
|
|t:|1743828729
|-end|p2a: Iron Valiant|Quark Drive|[silent]
|switch|p2a: Zapdos|Zapdos|100/100
|move|p1a: 可靠的背影|Hurricane|p2a: Zapdos
|-resisted|p2a: Zapdos
|-damage|p2a: Zapdos|80/100
|
|upkeep
|turn|3
|
|t:|1743828732
|move|p1a: 可靠的背影|Knock Off|p2a: Zapdos
|-damage|p2a: Zapdos|65/100
|-status|p1a: 可靠的背影|par|[from] ability: Static|[of] p2a: Zapdos
|-enditem|p2a: Zapdos|Terrain Extender|[from] move: Knock Off|[of] p1a: 可靠的背影
|move|p2a: Zapdos|Volt Switch|p1a: 可靠的背影
|-supereffective|p1a: 可靠的背影
|-damage|p1a: 可靠的背影|61/100 par
|
|t:|1743828744
|switch|p2a: Samurott|Samurott-Hisui, F|100/100|[from] Volt Switch
|
|upkeep
|turn|4
|
|t:|1743828749
|move|p2a: Samurott|Ceaseless Edge|p1a: 可靠的背影
|-damage|p1a: 可靠的背影|0 fnt
|-sidestart|p1: yzl123|Spikes
|faint|p1a: 可靠的背影
|
|upkeep
|
|t:|1743828756
|switch|p1a: 对攻的好手|Volcanion|100/100
|turn|5
|
|t:|1743828777
|switch|p2a: Iron Moth|Iron Moth|100/100
|move|p1a: 对攻的好手|Body Press|p2a: Iron Moth
|-resisted|p2a: Iron Moth
|-damage|p2a: Iron Moth|79/100
|
|upkeep
|turn|6
|
|t:|1743828786
|switch|p1a: 粉色恶魔的好朋友|Heatran, F|100/100
|-damage|p1a: 粉色恶魔的好朋友|88/100|[from] Spikes
|move|p2a: Iron Moth|Sludge Wave|p1a: 粉色恶魔的好朋友
|-immune|p1a: 粉色恶魔的好朋友
|
|-heal|p1a: 粉色恶魔的好朋友|94/100|[from] item: Leftovers
|upkeep
|turn|7
|
|t:|1743828793
|-end|p2a: Iron Moth|Quark Drive|[silent]
|switch|p2a: Skeledirge|Skeledirge, F|100/100
|move|p1a: 粉色恶魔的好朋友|Magma Storm|p2a: Skeledirge
|-resisted|p2a: Skeledirge
|-crit|p2a: Skeledirge
|-damage|p2a: Skeledirge|68/100
|-activate|p2a: Skeledirge|move: Magma Storm|[of] p1a: 粉色恶魔的好朋友
|
|-heal|p1a: 粉色恶魔的好朋友|100/100|[from] item: Leftovers
|-heal|p2a: Skeledirge|74/100|[from] item: Leftovers
|-damage|p2a: Skeledirge|62/100|[from] move: Magma Storm|[partiallytrapped]
|upkeep
|turn|8
|
|t:|1743828795
|move|p1a: 粉色恶魔的好朋友|Earth Power|p2a: Skeledirge
|-supereffective|p2a: Skeledirge
|-damage|p2a: Skeledirge|12/100
|move|p2a: Skeledirge|Roar|p1a: 粉色恶魔的好朋友
|drag|p1a: Garganacl|Garganacl, F, shiny|100/100
|-damage|p1a: Garganacl|88/100|[from] Spikes
|
|-heal|p2a: Skeledirge|19/100|[from] item: Leftovers
|-heal|p1a: Garganacl|94/100|[from] item: Leftovers
|-end|p2a: Skeledirge|Magma Storm|[partiallytrapped]|[silent]
|upkeep
|turn|9
|
|t:|1743828811
|switch|p2a: Iron Valiant|Iron Valiant|92/100
|move|p1a: Garganacl|Salt Cure|p2a: Iron Valiant
|-resisted|p2a: Iron Valiant
|-damage|p2a: Iron Valiant|83/100
|-start|p2a: Iron Valiant|Salt Cure
|
|-heal|p1a: Garganacl|100/100|[from] item: Leftovers
|-damage|p2a: Iron Valiant|70/100|[from] Salt Cure
|upkeep
|turn|10
|
|t:|1743828817
|switch|p1a: 对攻的好手|Volcanion|100/100
|move|p2a: Iron Valiant|Knock Off|p1a: 对攻的好手
|-crit|p1a: 对攻的好手
|-damage|p1a: 对攻的好手|69/100
|-enditem|p1a: 对攻的好手|Heavy-Duty Boots|[from] move: Knock Off|[of] p2a: Iron Valiant
|
|-damage|p2a: Iron Valiant|58/100|[from] Salt Cure
|upkeep
|turn|11
|
|t:|1743828825
|-end|p2a: Iron Valiant|Quark Drive|[silent]
|switch|p2a: Zapdos|Zapdos|65/100
|move|p1a: 对攻的好手|Steam Eruption|p2a: Zapdos
|-damage|p2a: Zapdos|22/100
|-status|p2a: Zapdos|brn
|
|-damage|p2a: Zapdos|16/100 brn|[from] brn
|upkeep
|turn|12
|
|t:|1743828835
|switch|p1a: Iron Treads|Iron Treads|100/100
|move|p2a: Zapdos|Roost|p2a: Zapdos
|-heal|p2a: Zapdos|66/100 brn
|-singleturn|p2a: Zapdos|move: Roost
|
|-damage|p2a: Zapdos|60/100 brn|[from] brn
|upkeep
|turn|13
|
|t:|1743828840
|move|p1a: Iron Treads|Stealth Rock|p2a: Zapdos
|-sidestart|p2: roaringmoonvicitm|move: Stealth Rock
|move|p2a: Zapdos|Hurricane|p1a: Iron Treads
|-resisted|p1a: Iron Treads
|-damage|p1a: Iron Treads|69/100
|
|-damage|p2a: Zapdos|54/100 brn|[from] brn
|upkeep
|turn|14
|
|t:|1743828845
|move|p1a: Iron Treads|Rapid Spin|p2a: Zapdos
|-damage|p2a: Zapdos|41/100 brn
|-boost|p1a: Iron Treads|spe|1
|-status|p1a: Iron Treads|par|[from] ability: Static|[of] p2a: Zapdos
|-sideend|p1: yzl123|Spikes|[from] move: Rapid Spin|[of] p1a: Iron Treads
|move|p2a: Zapdos|Roost|p2a: Zapdos
|-heal|p2a: Zapdos|91/100 brn
|-singleturn|p2a: Zapdos|move: Roost
|
|-damage|p2a: Zapdos|85/100 brn|[from] brn
|upkeep
|turn|15
|
|t:|1743828857
|-end|p1a: Iron Treads|Quark Drive|[silent]
|switch|p1a: 粉色恶魔的好朋友|Heatran, F|100/100
|move|p2a: Zapdos|Volt Switch|p1a: 粉色恶魔的好朋友
|-damage|p1a: 粉色恶魔的好朋友|84/100
|
|t:|1743828864
|switch|p2a: Iron Valiant|Iron Valiant|58/100|[from] Volt Switch
|-damage|p2a: Iron Valiant|51/100|[from] Stealth Rock
|
|-heal|p1a: 粉色恶魔的好朋友|90/100|[from] item: Leftovers
|upkeep
|turn|16
|
|t:|1743828868
|move|p1a: 粉色恶魔的好朋友|Protect|p1a: 粉色恶魔的好朋友
|-singleturn|p1a: 粉色恶魔的好朋友|Protect
|move|p2a: Iron Valiant|Close Combat|p1a: 粉色恶魔的好朋友
|-activate|p1a: 粉色恶魔的好朋友|move: Protect
|
|-heal|p1a: 粉色恶魔的好朋友|96/100|[from] item: Leftovers
|upkeep
|turn|17
|
|t:|1743828886
|-end|p2a: Iron Valiant|Quark Drive|[silent]
|switch|p2a: Skeledirge|Skeledirge, F|19/100
|-damage|p2a: Skeledirge|0 fnt|[from] Stealth Rock
|faint|p2a: Skeledirge
|switch|p1a: 对攻的好手|Volcanion|69/100
|
|upkeep
|
|t:|1743828904
|switch|p2a: Iron Moth|Iron Moth|79/100
|-damage|p2a: Iron Moth|54/100|[from] Stealth Rock
|turn|18
|
|t:|1743828912
|-end|p2a: Iron Moth|Quark Drive|[silent]
|switch|p2a: Iron Valiant|Iron Valiant|51/100
|-damage|p2a: Iron Valiant|45/100|[from] Stealth Rock
|move|p1a: 对攻的好手|Steam Eruption|p2a: Iron Valiant
|-damage|p2a: Iron Valiant|0 fnt
|faint|p2a: Iron Valiant
|-end|p2a: Iron Valiant|Quark Drive|[silent]
|
|upkeep
|
|t:|1743828915
|switch|p2a: Iron Moth|Iron Moth|54/100
|-damage|p2a: Iron Moth|29/100|[from] Stealth Rock
|turn|19
|
|t:|1743828918
|-end|p2a: Iron Moth|Quark Drive|[silent]
|switch|p2a: Iron Treads|Iron Treads|100/100
|move|p1a: 对攻的好手|Steam Eruption|p2a: Iron Treads|[miss]
|-miss|p1a: 对攻的好手|p2a: Iron Treads
|
|upkeep
|turn|20
|
|t:|1743828920
|move|p2a: Iron Treads|Earthquake|p1a: 对攻的好手
|-supereffective|p1a: 对攻的好手
|-damage|p1a: 对攻的好手|24/100
|move|p1a: 对攻的好手|Steam Eruption|p2a: Iron Treads
|-supereffective|p2a: Iron Treads
|-damage|p2a: Iron Treads|0 fnt
|faint|p2a: Iron Treads
|-end|p2a: Iron Treads|Quark Drive|[silent]
|
|upkeep
|
|t:|1743828923
|switch|p2a: Samurott|Samurott-Hisui, F|100/100
|-damage|p2a: Samurott|88/100|[from] Stealth Rock
|turn|21
|
|t:|1743828925
|move|p2a: Samurott|Ceaseless Edge|p1a: 对攻的好手
|-damage|p1a: 对攻的好手|0 fnt
|-sidestart|p1: yzl123|Spikes
|faint|p1a: 对攻的好手
|
|upkeep
|
|t:|1743828937
|switch|p1a: Garganacl|Garganacl, F, shiny|100/100
|-damage|p1a: Garganacl|88/100|[from] Spikes
|turn|22
|
|t:|1743828945
|switch|p2a: Iron Moth|Iron Moth|29/100
|-damage|p2a: Iron Moth|4/100|[from] Stealth Rock
|-terastallize|p1a: Garganacl|Water
|move|p1a: Garganacl|Curse|p1a: Garganacl
|-unboost|p1a: Garganacl|spe|1
|-boost|p1a: Garganacl|atk|1
|-boost|p1a: Garganacl|def|1
|
|-heal|p1a: Garganacl|94/100|[from] item: Leftovers
|upkeep
|turn|23
|
|t:|1743828955
|move|p2a: Iron Moth|Sludge Wave|p1a: Garganacl
|-damage|p1a: Garganacl|45/100
|move|p1a: Garganacl|Salt Cure|p2a: Iron Moth
|-supereffective|p2a: Iron Moth
|-damage|p2a: Iron Moth|0 fnt
|faint|p2a: Iron Moth
|-end|p2a: Iron Moth|Quark Drive|[silent]
|
|-heal|p1a: Garganacl|51/100|[from] item: Leftovers
|upkeep
|
|t:|1743828963
|switch|p2a: Zapdos|Zapdos|85/100 brn
|-damage|p2a: Zapdos|60/100 brn|[from] Stealth Rock
|turn|24
|
|t:|1743828969
|move|p2a: Zapdos|Volt Switch|p1a: Garganacl
|-supereffective|p1a: Garganacl
|-damage|p1a: Garganacl|10/100
|
|t:|1743828972
|switch|p2a: Samurott|Samurott-Hisui, F|88/100|[from] Volt Switch
|-damage|p2a: Samurott|76/100|[from] Stealth Rock
|move|p1a: Garganacl|Recover|p1a: Garganacl
|-heal|p1a: Garganacl|60/100
|
|-heal|p1a: Garganacl|66/100|[from] item: Leftovers
|upkeep
|turn|25
|
|t:|1743828988
|switch|p2a: Zapdos|Zapdos|60/100 brn
|-damage|p2a: Zapdos|35/100 brn|[from] Stealth Rock
|move|p1a: Garganacl|Salt Cure|p2a: Zapdos
|-supereffective|p2a: Zapdos
|-damage|p2a: Zapdos|5/100 brn
|-start|p2a: Zapdos|Salt Cure
|
|-heal|p1a: Garganacl|72/100|[from] item: Leftovers
|-damage|p2a: Zapdos|0 fnt|[from] brn
|faint|p2a: Zapdos
|upkeep
|
|t:|1743828991
|switch|p2a: Samurott|Samurott-Hisui, F|76/100
|-damage|p2a: Samurott|63/100|[from] Stealth Rock
|turn|26
|
|t:|1743828993
|-terastallize|p2a: Samurott|Dark
|move|p2a: Samurott|Ceaseless Edge|p1a: Garganacl
|-damage|p1a: Garganacl|32/100
|-sidestart|p1: yzl123|Spikes
|move|p1a: Garganacl|Body Press|p2a: Samurott
|-supereffective|p2a: Samurott
|-damage|p2a: Samurott|0 fnt
|faint|p2a: Samurott
|
|win|yzl123
|raw|yzl123's rating: 1539 &rarr; <strong>1559</strong><br />(+20 for winning)
|raw|roaringmoonvicitm's rating: 1535 &rarr; <strong>1515</strong><br />(-20 for losing)
|l|☆roaringmoonvicitm
|player|p2|
|l|☆yzl123
|player|p1|
