|j|☆Kin+ak
|j|☆just watch jojo
|t:|1743823672
|gametype|singles
|player|p1|Kin+ak|leon-masters|1469
|player|p2|just watch jojo|1|1435
|teamsize|p1|6
|teamsize|p2|6
|gen|9
|tier|[Gen 9] OU
|rated|
|rule|HP Percentage Mod: HP is shown in percentages
|rule|Endless Battle Clause: Forcing endless battles is banned
|rule|Species Clause: Limit one of each Pokémon
|rule|OHKO Clause: OHKO moves are banned
|rule|Evasion Items Clause: Evasion items are banned
|rule|Evasion Moves Clause: Evasion moves are banned
|rule|Sleep Moves Clause: Sleep-inducing moves are banned
|clearpoke
|poke|p1|Squawkabilly-Blue, M|
|poke|p1|Ting-Lu|
|poke|p1|Dragapult, F|
|poke|p1|Zamazenta-*|
|poke|p1|Pecharunt|
|poke|p1|Lokix, M|
|poke|p2|Darkrai|
|poke|p2|Pecharunt|
|poke|p2|Zamazenta-*|
|poke|p2|Iron Treads|
|poke|p2|Primarina, M|
|poke|p2|Moltres|
|teampreview
|inactive|Battle timer is ON: inactive players will automatically lose when time's up. (requested by just watch jojo)
|
|t:|1743823707
|start
|switch|p1a: Dragapult|Dragapult, F, shiny|100/100
|switch|p2a: Moltres|Moltres|100/100
|turn|1
|
|t:|1743823714
|move|p1a: Dragapult|Dragon Darts|p2a: Moltres
|-damage|p2a: Moltres|84/100
|-anim|p1a: Dragapult|Dragon Darts|p2a: Moltres
|-damage|p2a: Moltres|68/100
|move|p2a: Moltres|Hurricane|p1a: Dragapult|[miss]
|-miss|p2a: Moltres|p1a: Dragapult
|
|upkeep
|turn|2
|
|t:|1743823732
|move|p1a: Dragapult|U-turn|p2a: Moltres
|-resisted|p2a: Moltres
|-damage|p2a: Moltres|65/100
|-status|p1a: Dragapult|brn|[from] ability: Flame Body|[of] p2a: Moltres
|
|t:|1743823734
|switch|p1a: Ting-Lu|Ting-Lu|100/100|[from] U-turn
|-ability|p1a: Ting-Lu|Vessel of Ruin
|move|p2a: Moltres|Roost|p2a: Moltres
|-heal|p2a: Moltres|100/100
|-singleturn|p2a: Moltres|move: Roost
|
|upkeep
|turn|3
|
|t:|1743823739
|move|p2a: Moltres|U-turn|p1a: Ting-Lu
|-supereffective|p1a: Ting-Lu
|-damage|p1a: Ting-Lu|83/100
|
|t:|1743823742
|switch|p2a: Primarina|Primarina, M|100/100|[from] U-turn
|move|p1a: Ting-Lu|Stealth Rock|p2a: Primarina
|-sidestart|p2: just watch jojo|move: Stealth Rock
|
|-heal|p1a: Ting-Lu|90/100|[from] item: Leftovers
|upkeep
|turn|4
|
|t:|1743823752
|switch|p1a: Pecharunt|Pecharunt|100/100
|move|p2a: Primarina|Surf|p1a: Pecharunt
|-damage|p1a: Pecharunt|47/100
|
|upkeep
|turn|5
|
|t:|1743823765
|move|p1a: Pecharunt|Parting Shot|p2a: Primarina
|-unboost|p2a: Primarina|atk|1
|-unboost|p2a: Primarina|spa|1
|
|t:|1743823770
|switch|p1a: Dragapult|Dragapult, F, shiny|100/100 brn|[from] Parting Shot
|move|p2a: Primarina|Surf|p1a: Dragapult
|-resisted|p1a: Dragapult
|-damage|p1a: Dragapult|75/100 brn
|
|-damage|p1a: Dragapult|69/100 brn|[from] brn
|upkeep
|turn|6
|
|t:|1743823776
|move|p1a: Dragapult|U-turn|p2a: Primarina
|-resisted|p2a: Primarina
|-damage|p2a: Primarina|94/100
|
|t:|1743823778
|switch|p1a: Pecharunt|Pecharunt|47/100|[from] U-turn
|move|p2a: Primarina|Flip Turn|p1a: Pecharunt
|-damage|p1a: Pecharunt|41/100
|
|t:|1743823781
|switch|p2a: Darkrai|Darkrai|100/100|[from] Flip Turn
|-damage|p2a: Darkrai|88/100|[from] Stealth Rock
|
|-heal|p2a: Darkrai|94/100|[from] item: Leftovers
|upkeep
|turn|7
|
|t:|1743823787
|switch|p1a: Ting-Lu|Ting-Lu|90/100
|-ability|p1a: Ting-Lu|Vessel of Ruin
|move|p2a: Darkrai|Calm Mind|p2a: Darkrai
|-boost|p2a: Darkrai|spa|1
|-boost|p2a: Darkrai|spd|1
|
|-heal|p2a: Darkrai|100/100|[from] item: Leftovers
|-heal|p1a: Ting-Lu|96/100|[from] item: Leftovers
|upkeep
|turn|8
|
|t:|1743823795
|move|p2a: Darkrai|Will-O-Wisp|p1a: Ting-Lu
|-status|p1a: Ting-Lu|brn
|move|p1a: Ting-Lu|Ruination|p2a: Darkrai
|-damage|p2a: Darkrai|51/100
|
|-heal|p2a: Darkrai|57/100|[from] item: Leftovers
|-heal|p1a: Ting-Lu|100/100 brn|[from] item: Leftovers
|-damage|p1a: Ting-Lu|94/100 brn|[from] brn
|upkeep
|turn|9
|
|t:|1743823812
|move|p2a: Darkrai|Ice Beam|p1a: Ting-Lu
|-supereffective|p1a: Ting-Lu
|-damage|p1a: Ting-Lu|58/100 brn
|move|p1a: Ting-Lu|Whirlwind|p2a: Darkrai
|drag|p2a: Primarina|Primarina, M|94/100
|-damage|p2a: Primarina|82/100|[from] Stealth Rock
|
|-heal|p1a: Ting-Lu|64/100 brn|[from] item: Leftovers
|-damage|p1a: Ting-Lu|58/100 brn|[from] brn
|upkeep
|turn|10
|
|t:|1743823823
|move|p2a: Primarina|Surf|p1a: Ting-Lu
|-supereffective|p1a: Ting-Lu
|-damage|p1a: Ting-Lu|17/100 brn
|move|p1a: Ting-Lu|Ruination|p2a: Primarina
|-damage|p2a: Primarina|41/100
|
|-heal|p1a: Ting-Lu|23/100 brn|[from] item: Leftovers
|-damage|p1a: Ting-Lu|17/100 brn|[from] brn
|upkeep
|turn|11
|
|t:|1743823840
|switch|p1a: Dragapult|Dragapult, F, shiny|69/100 brn
|move|p2a: Primarina|Moonblast|p1a: Dragapult
|-supereffective|p1a: Dragapult
|-damage|p1a: Dragapult|0 fnt
|faint|p1a: Dragapult
|
|upkeep
|
|t:|1743823843
|switch|p1a: Lokix|Lokix, M|100/100
|turn|12
|
|t:|1743823872
|move|p1a: Lokix|U-turn|p2a: Primarina
|-resisted|p2a: Primarina
|-damage|p2a: Primarina|0 fnt
|faint|p2a: Primarina
|
|t:|1743823878
|switch|p1a: Ting-Lu|Ting-Lu|17/100 brn|[from] U-turn
|-ability|p1a: Ting-Lu|Vessel of Ruin
|
|-heal|p1a: Ting-Lu|23/100 brn|[from] item: Leftovers
|-damage|p1a: Ting-Lu|17/100 brn|[from] brn
|upkeep
|
|t:|1743823885
|switch|p2a: Iron Treads|Iron Treads|100/100
|turn|13
|
|t:|1743823895
|switch|p1a: Pecharunt|Pecharunt|41/100
|move|p2a: Iron Treads|Rapid Spin|p1a: Pecharunt
|-immune|p1a: Pecharunt
|
|upkeep
|turn|14
|
|t:|1743823901
|switch|p1a: Squawkabilly|Squawkabilly-Blue, M|100/100
|move|p2a: Iron Treads|Stealth Rock|p1a: Squawkabilly
|-sidestart|p1: Kin+ak|move: Stealth Rock
|
|upkeep
|turn|15
|
|t:|1743823909
|-terastallize|p1a: Squawkabilly|Flying
|move|p2a: Iron Treads|Knock Off|p1a: Squawkabilly
|-damage|p1a: Squawkabilly|38/100
|-enditem|p1a: Squawkabilly|Choice Band|[from] move: Knock Off|[of] p2a: Iron Treads
|move|p1a: Squawkabilly|Brave Bird|p2a: Iron Treads
|-resisted|p2a: Iron Treads
|-damage|p2a: Iron Treads|50/100
|-damage|p1a: Squawkabilly|20/100|[from] Recoil
|
|upkeep
|turn|16
|-message|Kin+ak forfeited.
|
|win|just watch jojo
|raw|Kin+ak's rating: 1469 &rarr; <strong>1447</strong><br />(-22 for losing)
|raw|just watch jojo's rating: 1435 &rarr; <strong>1457</strong><br />(+22 for winning)
|l|☆Kin+ak
|player|p1|
|l|☆just watch jojo
|player|p2|
