|j|☆Maviooo
|j|☆Adromas
|t:|1743799412
|gametype|singles
|player|p1|Maviooo|cynthia-gen4|1118
|player|p2|Adromas|clerk|1073
|teamsize|p1|6
|teamsize|p2|6
|gen|9
|tier|[Gen 9] OU
|rated|
|rule|HP Percentage Mod: HP is shown in percentages
|rule|Endless Battle Clause: Forcing endless battles is banned
|rule|Species Clause: Limit one of each Pokémon
|rule|OHKO Clause: OHKO moves are banned
|rule|Evasion Items Clause: Evasion items are banned
|rule|Evasion Moves Clause: Evasion moves are banned
|rule|Sleep Moves Clause: Sleep-inducing moves are banned
|clearpoke
|poke|p1|Mimikyu, M|
|poke|p1|Haxorus, M|
|poke|p1|Lycanroc-Dusk, M|
|poke|p1|Greninja-*, M|
|poke|p1|Ninetales-Alola, F|
|poke|p1|Espeon, M|
|poke|p2|Pecharunt|
|poke|p2|Abomasnow, M|
|poke|p2|Dewgong, M|
|poke|p2|Cetitan, F|
|poke|p2|Mamoswine, M|
|poke|p2|Mandibuzz, F|
|teampreview
|
|t:|1743799446
|start
|switch|p1a: Lycanroc|Lycanroc-Dusk, M, shiny|100/100
|switch|p2a: Abomasnow|Abomasnow, M|100/100
|-weather|Snowscape|[from] ability: Snow Warning|[of] p2a: Abomasnow
|turn|1
|inactive|Battle timer is ON: inactive players will automatically lose when time's up. (requested by Adromas)
|
|t:|1743799461
|switch|p2a: Pecharunt|Pecharunt|100/100
|move|p1a: Lycanroc|Stealth Rock|p2a: Pecharunt
|-sidestart|p2: Adromas|move: Stealth Rock
|
|-weather|Snowscape|[upkeep]
|upkeep
|turn|2
|
|t:|1743799470
|switch|p1a: Espeon|Espeon, M|100/100
|move|p2a: Pecharunt|Malignant Chain|p1a: Espeon
|-damage|p1a: Espeon|68/100
|
|-weather|Snowscape|[upkeep]
|upkeep
|turn|3
|
|t:|1743799485
|switch|p2a: Mandibuzz|Mandibuzz, F|100/100
|-damage|p2a: Mandibuzz|75/100|[from] Stealth Rock
|move|p1a: Espeon|Calm Mind|p1a: Espeon
|-boost|p1a: Espeon|spa|1
|-boost|p1a: Espeon|spd|1
|
|-weather|Snowscape|[upkeep]
|-heal|p2a: Mandibuzz|82/100|[from] item: Leftovers
|upkeep
|turn|4
|
|t:|1743799499
|move|p1a: Espeon|Protect|p1a: Espeon
|-singleturn|p1a: Espeon|Protect
|move|p2a: Mandibuzz|Defog|p1a: Espeon
|-activate|p1a: Espeon|move: Protect
|
|-weather|Snowscape|[upkeep]
|-heal|p2a: Mandibuzz|88/100|[from] item: Leftovers
|upkeep
|turn|5
|
|t:|1743799520
|switch|p1a: Lycanroc|Lycanroc-Dusk, M, shiny|100/100
|move|p2a: Mandibuzz|Defog|p1a: Lycanroc
|-unboost|p1a: Lycanroc|evasion|1
|-sideend|p2: Adromas|Stealth Rock|[from] move: Defog|[of] p2a: Mandibuzz
|
|-weather|Snowscape|[upkeep]
|-heal|p2a: Mandibuzz|94/100|[from] item: Leftovers
|upkeep
|turn|6
|
|t:|1743799533
|move|p1a: Lycanroc|Stealth Rock|p2a: Mandibuzz
|-sidestart|p2: Adromas|move: Stealth Rock
|move|p2a: Mandibuzz|Foul Play|p1a: Lycanroc
|-damage|p1a: Lycanroc|30/100
|-damage|p2a: Mandibuzz|77/100|[from] item: Rocky Helmet|[of] p1a: Lycanroc
|
|-weather|Snowscape|[upkeep]
|-heal|p2a: Mandibuzz|84/100|[from] item: Leftovers
|upkeep
|turn|7
|
|t:|1743799544
|move|p1a: Lycanroc|Accelerock|p2a: Mandibuzz
|-supereffective|p2a: Mandibuzz
|-damage|p2a: Mandibuzz|58/100
|move|p2a: Mandibuzz|Defog|p1a: Lycanroc
|-unboost|p1a: Lycanroc|evasion|1
|-sideend|p2: Adromas|Stealth Rock|[from] move: Defog|[of] p2a: Mandibuzz
|
|-weather|Snowscape|[upkeep]
|-heal|p2a: Mandibuzz|64/100|[from] item: Leftovers
|upkeep
|turn|8
|
|t:|1743799555
|move|p1a: Lycanroc|Stealth Rock|p2a: Mandibuzz
|-sidestart|p2: Adromas|move: Stealth Rock
|move|p2a: Mandibuzz|Roost|p2a: Mandibuzz
|-heal|p2a: Mandibuzz|100/100
|-singleturn|p2a: Mandibuzz|move: Roost
|
|-weather|none
|upkeep
|turn|9
|
|t:|1743799573
|move|p1a: Lycanroc|Accelerock|p2a: Mandibuzz
|-supereffective|p2a: Mandibuzz
|-damage|p2a: Mandibuzz|70/100
|move|p2a: Mandibuzz|Defog|p1a: Lycanroc
|-unboost|p1a: Lycanroc|evasion|1
|-sideend|p2: Adromas|Stealth Rock|[from] move: Defog|[of] p2a: Mandibuzz
|
|-heal|p2a: Mandibuzz|76/100|[from] item: Leftovers
|upkeep
|turn|10
|
|t:|1743799589
|move|p1a: Lycanroc|Stealth Rock|p2a: Mandibuzz
|-sidestart|p2: Adromas|move: Stealth Rock
|move|p2a: Mandibuzz|Defog|p1a: Lycanroc
|-unboost|p1a: Lycanroc|evasion|1
|-sideend|p2: Adromas|Stealth Rock|[from] move: Defog|[of] p2a: Mandibuzz
|
|-heal|p2a: Mandibuzz|83/100|[from] item: Leftovers
|upkeep
|turn|11
|
|t:|1743799603
|move|p1a: Lycanroc|Stealth Rock|p2a: Mandibuzz
|-sidestart|p2: Adromas|move: Stealth Rock
|move|p2a: Mandibuzz|Defog|p1a: Lycanroc
|-unboost|p1a: Lycanroc|evasion|1
|-sideend|p2: Adromas|Stealth Rock|[from] move: Defog|[of] p2a: Mandibuzz
|
|-heal|p2a: Mandibuzz|89/100|[from] item: Leftovers
|upkeep
|turn|12
|
|t:|1743799621
|switch|p2a: Pecharunt|Pecharunt|100/100
|move|p1a: Lycanroc|Stealth Rock|p2a: Pecharunt
|-sidestart|p2: Adromas|move: Stealth Rock
|
|upkeep
|turn|13
|
|t:|1743799632
|move|p1a: Lycanroc|Crunch|p2a: Pecharunt
|-supereffective|p2a: Pecharunt
|-damage|p2a: Pecharunt|68/100
|move|p2a: Pecharunt|Malignant Chain|p1a: Lycanroc
|-resisted|p1a: Lycanroc
|-damage|p1a: Lycanroc|2/100
|-status|p1a: Lycanroc|tox
|-start|p1a: Lycanroc|confusion|[from] ability: Poison Puppeteer|[of] p2a: Pecharunt
|
|-heal|p2a: Pecharunt|74/100|[from] item: Black Sludge
|-damage|p1a: Lycanroc|0 fnt|[from] psn
|faint|p1a: Lycanroc
|upkeep
|inactive|Maviooo has 120 seconds left.
|
|t:|1743799664
|switch|p1a: Espeon|Espeon, M|68/100
|turn|14
|
|t:|1743799686
|move|p1a: Espeon|Wish|p1a: Espeon
|move|p2a: Pecharunt|Malignant Chain|p1a: Espeon
|-damage|p1a: Espeon|36/100
|-status|p1a: Espeon|tox
|-start|p1a: Espeon|confusion|[from] ability: Poison Puppeteer|[of] p2a: Pecharunt
|
|-heal|p2a: Pecharunt|80/100|[from] item: Black Sludge
|-damage|p1a: Espeon|30/100 tox|[from] psn
|upkeep
|turn|15
|
|t:|1743799699
|-activate|p1a: Espeon|confusion
|-damage|p1a: Espeon|25/100 tox|[from] confusion
|move|p2a: Pecharunt|Hex|p1a: Espeon
|-supereffective|p1a: Espeon
|-damage|p1a: Espeon|0 fnt
|faint|p1a: Espeon
|
|-heal|p2a: Pecharunt|87/100|[from] item: Black Sludge
|upkeep
|inactive|Maviooo has 120 seconds left.
|
|t:|1743799716
|switch|p1a: Haxorus|Haxorus, M, shiny|100/100
|-ability|p1a: Haxorus|Mold Breaker
|turn|16
|inactive|Maviooo has 120 seconds left.
|
|t:|1743799723
|move|p1a: Haxorus|Dragon Dance|p1a: Haxorus
|-boost|p1a: Haxorus|atk|1
|-boost|p1a: Haxorus|spe|1
|move|p2a: Pecharunt|Malignant Chain|p1a: Haxorus
|-damage|p1a: Haxorus|51/100
|-status|p1a: Haxorus|tox
|-start|p1a: Haxorus|confusion|[from] ability: Poison Puppeteer|[of] p2a: Pecharunt
|-enditem|p1a: Haxorus|Lum Berry|[eat]
|-curestatus|p1a: Haxorus|tox|[msg]
|-end|p1a: Haxorus|confusion
|
|-heal|p2a: Pecharunt|93/100|[from] item: Black Sludge
|upkeep
|turn|17
|inactive|Maviooo has 120 seconds left.
|
|t:|1743799736
|move|p1a: Haxorus|Earthquake|p2a: Pecharunt
|-supereffective|p2a: Pecharunt
|-damage|p2a: Pecharunt|37/100
|move|p2a: Pecharunt|Malignant Chain|p1a: Haxorus
|-damage|p1a: Haxorus|4/100
|-status|p1a: Haxorus|tox
|-start|p1a: Haxorus|confusion|[from] ability: Poison Puppeteer|[of] p2a: Pecharunt
|
|-heal|p2a: Pecharunt|43/100|[from] item: Black Sludge
|-damage|p1a: Haxorus|0 fnt|[from] psn
|faint|p1a: Haxorus
|upkeep
|inactive|Maviooo has 120 seconds left.
|
|t:|1743799749
|switch|p1a: Mimikyu|Mimikyu, M, shiny|100/100
|turn|18
|
|t:|1743799758
|move|p1a: Mimikyu|Swords Dance|p1a: Mimikyu
|-boost|p1a: Mimikyu|atk|2
|move|p2a: Pecharunt|Malignant Chain|p1a: Mimikyu
|-activate|p1a: Mimikyu|ability: Disguise
|-damage|p1a: Mimikyu|100/100
|-status|p1a: Mimikyu|tox
|-start|p1a: Mimikyu|confusion|[from] ability: Poison Puppeteer|[of] p2a: Pecharunt
|detailschange|p1a: Mimikyu|Mimikyu-Busted, M, shiny
|-damage|p1a: Mimikyu|88/100 tox|[from] pokemon: Mimikyu-Busted
|-enditem|p1a: Mimikyu|Red Card|[of] p2a: Pecharunt
|drag|p2a: Abomasnow|Abomasnow, M|100/100
|-damage|p2a: Abomasnow|76/100|[from] Stealth Rock
|-weather|Snowscape|[from] ability: Snow Warning|[of] p2a: Abomasnow
|
|-weather|Snowscape|[upkeep]
|-damage|p1a: Mimikyu|82/100 tox|[from] psn
|upkeep
|turn|19
|inactive|Maviooo has 120 seconds left.
|
|t:|1743799782
|-activate|p1a: Mimikyu|confusion
|move|p1a: Mimikyu|Play Rough|p2a: Abomasnow
|-damage|p2a: Abomasnow|21/100
|move|p2a: Abomasnow|Aurora Veil|p2a: Abomasnow
|-sidestart|p2: Adromas|move: Aurora Veil
|
|-weather|Snowscape|[upkeep]
|-damage|p1a: Mimikyu|70/100 tox|[from] psn
|upkeep
|turn|20
|inactive|Maviooo has 120 seconds left.
|
|t:|1743799795
|-activate|p1a: Mimikyu|confusion
|move|p1a: Mimikyu|Shadow Sneak|p2a: Abomasnow
|-damage|p2a: Abomasnow|8/100
|move|p2a: Abomasnow|Blizzard|p1a: Mimikyu
|-damage|p1a: Mimikyu|24/100 tox
|
|-weather|Snowscape|[upkeep]
|-damage|p1a: Mimikyu|6/100 tox|[from] psn
|upkeep
|turn|21
|
|t:|1743799804
|-activate|p1a: Mimikyu|confusion
|move|p1a: Mimikyu|Play Rough|p2a: Abomasnow
|-damage|p2a: Abomasnow|0 fnt
|faint|p2a: Abomasnow
|
|-weather|Snowscape|[upkeep]
|-damage|p1a: Mimikyu|0 fnt|[from] psn
|faint|p1a: Mimikyu
|upkeep
|inactive|Maviooo has 120 seconds left.
|
|t:|1743799820
|switch|p1a: Greninja|Greninja, M|100/100
|switch|p2a: Mandibuzz|Mandibuzz, F|89/100
|-damage|p2a: Mandibuzz|64/100|[from] Stealth Rock
|turn|22
|inactive|Maviooo has 120 seconds left.
|
|t:|1743799835
|move|p1a: Greninja|Ice Beam|p2a: Mandibuzz
|-supereffective|p2a: Mandibuzz
|-damage|p2a: Mandibuzz|33/100
|move|p2a: Mandibuzz|Defog|p1a: Greninja
|-unboost|p1a: Greninja|evasion|1
|-sideend|p2: Adromas|Stealth Rock|[from] move: Defog|[of] p2a: Mandibuzz
|
|-weather|Snowscape|[upkeep]
|-heal|p2a: Mandibuzz|39/100|[from] item: Leftovers
|upkeep
|turn|23
|inactive|Maviooo has 120 seconds left.
|
|t:|1743799848
|switch|p1a: Ninetales|Ninetales-Alola, F, shiny|100/100
|move|p2a: Mandibuzz|Foul Play|p1a: Ninetales
|-resisted|p1a: Ninetales
|-damage|p1a: Ninetales|91/100
|
|-weather|Snowscape|[upkeep]
|-heal|p2a: Mandibuzz|45/100|[from] item: Leftovers
|-sideend|p2: Adromas|move: Aurora Veil
|upkeep
|turn|24
|inactive|Maviooo has 120 seconds left.
|
|t:|1743799859
|switch|p2a: Dewgong|Dewgong, M|100/100
|move|p1a: Ninetales|Aurora Veil|p1a: Ninetales
|-sidestart|p1: Maviooo|move: Aurora Veil
|
|-weather|Snowscape|[upkeep]
|upkeep
|turn|25
|
|t:|1743799868
|move|p1a: Ninetales|Freeze-Dry|p2a: Dewgong
|-damage|p2a: Dewgong|83/100
|move|p2a: Dewgong|Whirlpool|p1a: Ninetales
|-damage|p1a: Ninetales|86/100
|-activate|p1a: Ninetales|move: Whirlpool|[of] p2a: Dewgong
|
|-weather|none
|-damage|p1a: Ninetales|74/100|[from] move: Whirlpool|[partiallytrapped]
|upkeep
|turn|26
|
|t:|1743799879
|move|p1a: Ninetales|Draining Kiss|p2a: Dewgong
|-damage|p2a: Dewgong|70/100
|-heal|p1a: Ninetales|87/100|[from] drain|[of] p2a: Dewgong
|move|p2a: Dewgong|Perish Song|p2a: Dewgong
|-start|p1a: Ninetales|perish3|[silent]
|-start|p2a: Dewgong|perish3|[silent]
|-fieldactivate|move: Perish Song
|
|-damage|p1a: Ninetales|75/100|[from] move: Whirlpool|[partiallytrapped]
|-start|p1a: Ninetales|perish3
|-start|p2a: Dewgong|perish3
|upkeep
|turn|27
|
|t:|1743799890
|move|p1a: Ninetales|Draining Kiss|p2a: Dewgong
|-damage|p2a: Dewgong|56/100
|-heal|p1a: Ninetales|88/100|[from] drain|[of] p2a: Dewgong
|move|p2a: Dewgong|Snowscape|p2a: Dewgong
|-weather|Snowscape
|
|-weather|Snowscape|[upkeep]
|-heal|p2a: Dewgong|63/100|[from] ability: Ice Body
|-damage|p1a: Ninetales|76/100|[from] move: Whirlpool|[partiallytrapped]
|-start|p1a: Ninetales|perish2
|-start|p2a: Dewgong|perish2
|upkeep
|turn|28
|
|t:|1743799904
|move|p1a: Ninetales|Draining Kiss|p2a: Dewgong
|-damage|p2a: Dewgong|50/100
|-heal|p1a: Ninetales|89/100|[from] drain|[of] p2a: Dewgong
|move|p2a: Dewgong|Disable|p1a: Ninetales
|-start|p1a: Ninetales|Disable|Draining Kiss
|
|-weather|Snowscape|[upkeep]
|-heal|p2a: Dewgong|56/100|[from] ability: Ice Body
|-damage|p1a: Ninetales|76/100|[from] move: Whirlpool|[partiallytrapped]
|-start|p1a: Ninetales|perish1
|-start|p2a: Dewgong|perish1
|upkeep
|turn|29
|
|t:|1743799922
|switch|p2a: Cetitan|Cetitan, F|100/100
|move|p1a: Ninetales|Freeze-Dry|p2a: Cetitan
|-resisted|p2a: Cetitan
|-damage|p2a: Cetitan|86/100
|
|-weather|Snowscape|[upkeep]
|-end|p1a: Ninetales|Whirlpool|[partiallytrapped]|[silent]
|-start|p1a: Ninetales|perish0
|faint|p1a: Ninetales
|upkeep
|
|t:|1743799928
|switch|p1a: Greninja|Greninja, M|100/100
|turn|30
|inactive|Maviooo has 120 seconds left.
|
|t:|1743799957
|-terastallize|p1a: Greninja|Water
|move|p2a: Cetitan|Belly Drum|p2a: Cetitan
|-damage|p2a: Cetitan|36/100
|-setboost|p2a: Cetitan|atk|6|[from] move: Belly Drum
|-enditem|p2a: Cetitan|Sitrus Berry|[eat]
|-heal|p2a: Cetitan|61/100|[from] item: Sitrus Berry
|move|p1a: Greninja|Dark Pulse|p2a: Cetitan
|-damage|p2a: Cetitan|3/100
|
|-weather|Snowscape|[upkeep]
|upkeep
|turn|31
|inactive|Maviooo has 120 seconds left.
|
|t:|1743799975
|move|p2a: Cetitan|Earthquake|p1a: Greninja
|-damage|p1a: Greninja|0 fnt
|faint|p1a: Greninja
|
|win|Adromas
|raw|Maviooo's rating: 1118 &rarr; <strong>1090</strong><br />(-28 for losing)
|raw|Adromas's rating: 1073 &rarr; <strong>1106</strong><br />(+33 for winning)
|l|☆Maviooo
|player|p1|
|l|☆Adromas
|player|p2|
