|j|☆Floopywoop
|j|☆vanish ct
|t:|1743909710
|gametype|singles
|player|p1|Floopywoop|1|1214
|player|p2|vanish ct|n|1239
|teamsize|p1|6
|teamsize|p2|6
|gen|9
|tier|[Gen 9] OU
|rated|
|rule|HP Percentage Mod: HP is shown in percentages
|rule|Endless Battle Clause: Forcing endless battles is banned
|rule|Species Clause: Limit one of each Pokémon
|rule|OHKO Clause: OHKO moves are banned
|rule|Evasion Items Clause: Evasion items are banned
|rule|Evasion Moves Clause: Evasion moves are banned
|rule|Sleep Moves Clause: Sleep-inducing moves are banned
|clearpoke
|poke|p1|Hatterene, F|
|poke|p1|Rillaboom, M|
|poke|p1|Hawlucha, M|
|poke|p1|Zamazenta-*|
|poke|p1|Raging Bolt|
|poke|p1|Talonflame, M|
|poke|p2|Zamazenta-*|
|poke|p2|Ting-Lu|
|poke|p2|Iron Valiant|
|poke|p2|Duraludon, M|
|poke|p2|Alomomola, F|
|poke|p2|Hatterene, F|
|teampreview
|
|t:|1743909719
|start
|switch|p1a: Rillaboom|Rillaboom, M|100/100
|switch|p2a: Duraludon|Duraludon, M|100/100
|-fieldstart|move: Grassy Terrain|[from] ability: Grassy Surge|[of] p1a: Rillaboom
|turn|1
|
|t:|1743909729
|move|p2a: Duraludon|Thunder Wave|p1a: Rillaboom
|-status|p1a: Rillaboom|par
|cant|p1a: Rillaboom|par
|
|upkeep
|turn|2
|inactive|Battle timer is ON: inactive players will automatically lose when time's up. (requested by vanish ct)
|
|t:|1743909739
|move|p2a: Duraludon|Body Press|p1a: Rillaboom
|-damage|p1a: Rillaboom|79/100 par
|move|p1a: Rillaboom|Low Kick|p2a: Duraludon
|-supereffective|p2a: Duraludon
|-damage|p2a: Duraludon|82/100
|
|-heal|p2a: Duraludon|89/100|[from] Grassy Terrain
|-heal|p1a: Rillaboom|85/100 par|[from] Grassy Terrain
|upkeep
|turn|3
|
|t:|1743909759
|switch|p1a: Talonflame|Talonflame, M|100/100
|move|p2a: Duraludon|Flash Cannon|p1a: Talonflame
|-resisted|p1a: Talonflame
|-damage|p1a: Talonflame|74/100
|
|-heal|p2a: Duraludon|95/100|[from] Grassy Terrain
|upkeep
|turn|4
|
|t:|1743909771
|move|p1a: Talonflame|Will-O-Wisp|p2a: Duraludon
|-status|p2a: Duraludon|brn
|move|p2a: Duraludon|Thunder Wave|p1a: Talonflame
|-status|p1a: Talonflame|par
|
|-heal|p2a: Duraludon|100/100 brn|[from] Grassy Terrain
|-damage|p2a: Duraludon|94/100 brn|[from] brn
|upkeep
|turn|5
|inactive|Floopywoop has 120 seconds left.
|
|t:|1743909803
|switch|p1a: Raging Bolt|Raging Bolt|100/100
|-enditem|p1a: Raging Bolt|Booster Energy
|-activate|p1a: Raging Bolt|ability: Protosynthesis|[fromitem]
|-start|p1a: Raging Bolt|protosynthesisspa
|move|p2a: Duraludon|Dragon Pulse|p1a: Raging Bolt
|-supereffective|p1a: Raging Bolt
|-damage|p1a: Raging Bolt|24/100
|
|-heal|p1a: Raging Bolt|30/100|[from] Grassy Terrain
|-heal|p2a: Duraludon|100/100 brn|[from] Grassy Terrain
|-damage|p2a: Duraludon|94/100 brn|[from] brn
|upkeep
|turn|6
|inactive|Floopywoop has 120 seconds left.
|
|t:|1743909824
|-end|p1a: Raging Bolt|Protosynthesis|[silent]
|switch|p1a: Hatterene|Hatterene, F|100/100
|move|p2a: Duraludon|Dragon Pulse|p1a: Hatterene
|-immune|p1a: Hatterene
|
|-heal|p2a: Duraludon|100/100 brn|[from] Grassy Terrain
|-damage|p2a: Duraludon|94/100 brn|[from] brn
|upkeep
|turn|7
|
|t:|1743909843
|move|p2a: Duraludon|Flash Cannon|p1a: Hatterene
|-supereffective|p1a: Hatterene
|-damage|p1a: Hatterene|60/100
|move|p1a: Hatterene|Mystical Fire|p2a: Duraludon
|-damage|p2a: Duraludon|69/100 brn
|-unboost|p2a: Duraludon|spa|1
|
|-heal|p2a: Duraludon|75/100 brn|[from] Grassy Terrain
|-heal|p1a: Hatterene|66/100|[from] Grassy Terrain
|-damage|p2a: Duraludon|69/100 brn|[from] brn
|upkeep
|turn|8
|
|t:|1743909862
|move|p2a: Duraludon|Thunder Wave|p1a: Hatterene
|move|p1a: Hatterene|Thunder Wave||[from] ability: Magic Bounce|[still]
|-fail|p1a: Hatterene
|move|p1a: Hatterene|Mystical Fire|p2a: Duraludon
|-damage|p2a: Duraludon|45/100 brn
|-unboost|p2a: Duraludon|spa|1
|
|-heal|p2a: Duraludon|51/100 brn|[from] Grassy Terrain
|-heal|p1a: Hatterene|72/100|[from] Grassy Terrain
|-damage|p2a: Duraludon|45/100 brn|[from] brn
|-fieldend|move: Grassy Terrain
|upkeep
|turn|9
|
|t:|1743909877
|switch|p2a: Zamazenta|Zamazenta|100/100
|-ability|p2a: Zamazenta|Dauntless Shield|boost
|-boost|p2a: Zamazenta|def|1
|move|p1a: Hatterene|Mystical Fire|p2a: Zamazenta
|-damage|p2a: Zamazenta|78/100
|-unboost|p2a: Zamazenta|spa|1
|
|upkeep
|turn|10
|
|t:|1743909892
|move|p2a: Zamazenta|Heavy Slam|p1a: Hatterene
|-supereffective|p1a: Hatterene
|-damage|p1a: Hatterene|0 fnt
|faint|p1a: Hatterene
|
|upkeep
|
|t:|1743909900
|switch|p1a: Rillaboom|Rillaboom, M|85/100 par
|-fieldstart|move: Grassy Terrain|[from] ability: Grassy Surge|[of] p1a: Rillaboom
|turn|11
|
|t:|1743909912
|switch|p2a: Ting-Lu|Ting-Lu|100/100
|-ability|p2a: Ting-Lu|Vessel of Ruin
|move|p1a: Rillaboom|U-turn|p2a: Ting-Lu
|-supereffective|p2a: Ting-Lu
|-damage|p2a: Ting-Lu|73/100
|
|t:|1743909921
|switch|p1a: Hawlucha|Hawlucha, M|100/100|[from] U-turn
|-enditem|p1a: Hawlucha|Grassy Seed
|-boost|p1a: Hawlucha|def|1|[from] item: Grassy Seed
|
|-heal|p2a: Ting-Lu|79/100|[from] Grassy Terrain
|-heal|p2a: Ting-Lu|85/100|[from] item: Leftovers
|upkeep
|turn|12
|
|t:|1743909931
|move|p1a: Hawlucha|Swords Dance|p1a: Hawlucha
|-boost|p1a: Hawlucha|atk|2
|move|p2a: Ting-Lu|Whirlwind|p1a: Hawlucha
|drag|p1a: Rillaboom|Rillaboom, M|85/100 par
|
|-heal|p2a: Ting-Lu|92/100|[from] Grassy Terrain
|-heal|p2a: Ting-Lu|98/100|[from] item: Leftovers
|-heal|p1a: Rillaboom|91/100 par|[from] Grassy Terrain
|upkeep
|turn|13
|inactive|Floopywoop has 90 seconds left.
|
|t:|1743909951
|move|p2a: Ting-Lu|Stealth Rock|p1a: Rillaboom
|-sidestart|p1: Floopywoop|move: Stealth Rock
|move|p1a: Rillaboom|Low Kick|p2a: Ting-Lu
|-supereffective|p2a: Ting-Lu
|-damage|p2a: Ting-Lu|55/100
|
|-heal|p2a: Ting-Lu|61/100|[from] Grassy Terrain
|-heal|p2a: Ting-Lu|67/100|[from] item: Leftovers
|-heal|p1a: Rillaboom|97/100 par|[from] Grassy Terrain
|upkeep
|turn|14
|inactive|Floopywoop has 90 seconds left.
|
|t:|1743909962
|move|p1a: Rillaboom|Grassy Glide|p2a: Ting-Lu
|-supereffective|p2a: Ting-Lu
|-damage|p2a: Ting-Lu|25/100
|move|p2a: Ting-Lu|Spikes|p1a: Rillaboom
|-sidestart|p1: Floopywoop|Spikes
|
|-heal|p2a: Ting-Lu|31/100|[from] Grassy Terrain
|-heal|p2a: Ting-Lu|37/100|[from] item: Leftovers
|-heal|p1a: Rillaboom|100/100 par|[from] Grassy Terrain
|upkeep
|turn|15
|inactive|Floopywoop has 90 seconds left.
|
|t:|1743909974
|move|p1a: Rillaboom|Grassy Glide|p2a: Ting-Lu
|-supereffective|p2a: Ting-Lu
|-damage|p2a: Ting-Lu|1/100
|move|p2a: Ting-Lu|Spikes|p1a: Rillaboom
|-sidestart|p1: Floopywoop|Spikes
|
|-heal|p2a: Ting-Lu|7/100|[from] Grassy Terrain
|-heal|p2a: Ting-Lu|13/100|[from] item: Leftovers
|upkeep
|turn|16
|
|t:|1743909980
|cant|p1a: Rillaboom|par
|move|p2a: Ting-Lu|Spikes|p1a: Rillaboom
|-sidestart|p1: Floopywoop|Spikes
|
|-heal|p2a: Ting-Lu|20/100|[from] Grassy Terrain
|-heal|p2a: Ting-Lu|26/100|[from] item: Leftovers
|upkeep
|turn|17
|
|t:|1743909984
|move|p1a: Rillaboom|Grassy Glide|p2a: Ting-Lu
|-supereffective|p2a: Ting-Lu
|-damage|p2a: Ting-Lu|0 fnt
|faint|p2a: Ting-Lu
|
|upkeep
|
|t:|1743909988
|switch|p2a: Alomomola|Alomomola, F|100/100
|turn|18
|
|t:|1743909994
|move|p2a: Alomomola|Wish|p2a: Alomomola
|move|p1a: Rillaboom|Knock Off|p2a: Alomomola
|-damage|p2a: Alomomola|80/100
|-enditem|p2a: Alomomola|Heavy-Duty Boots|[from] move: Knock Off|[of] p1a: Rillaboom
|
|-heal|p2a: Alomomola|86/100|[from] Grassy Terrain
|-fieldend|move: Grassy Terrain
|upkeep
|turn|19
|inactive|Floopywoop has 120 seconds left.
|
|t:|1743910006
|move|p2a: Alomomola|Flip Turn|p1a: Rillaboom
|-resisted|p1a: Rillaboom
|-damage|p1a: Rillaboom|93/100 par
|
|t:|1743910009
|switch|p2a: Duraludon|Duraludon, M|45/100 brn|[from] Flip Turn
|move|p1a: Rillaboom|Grassy Glide|p2a: Duraludon
|-resisted|p2a: Duraludon
|-damage|p2a: Duraludon|40/100 brn
|
|-heal|p2a: Duraludon|100/100 brn|[from] move: Wish|[wisher] Alomomola
|-damage|p2a: Duraludon|94/100 brn|[from] brn
|upkeep
|turn|20
|inactive|Floopywoop has 120 seconds left.
|
|t:|1743910024
|move|p2a: Duraludon|Dragon Pulse|p1a: Rillaboom
|-damage|p1a: Rillaboom|46/100 par
|move|p1a: Rillaboom|U-turn|p2a: Duraludon
|-resisted|p2a: Duraludon
|-damage|p2a: Duraludon|87/100 brn
|inactive|Floopywoop has 120 seconds left.
|
|t:|1743910030
|switch|p1a: Talonflame|Talonflame, M|74/100 par|[from] U-turn
|
|-damage|p2a: Duraludon|80/100 brn|[from] brn
|upkeep
|turn|21
|
|t:|1743910037
|move|p2a: Duraludon|Dragon Pulse|p1a: Talonflame
|-damage|p1a: Talonflame|22/100 par
|cant|p1a: Talonflame|par
|
|-damage|p2a: Duraludon|74/100 brn|[from] brn
|upkeep
|turn|22
|
|t:|1743910052
|switch|p1a: Zamazenta|Zamazenta|100/100
|-damage|p1a: Zamazenta|94/100|[from] Stealth Rock
|-damage|p1a: Zamazenta|69/100|[from] Spikes
|-ability|p1a: Zamazenta|Dauntless Shield|boost
|-boost|p1a: Zamazenta|def|1
|move|p2a: Duraludon|Dragon Pulse|p1a: Zamazenta
|-damage|p1a: Zamazenta|35/100
|
|-heal|p1a: Zamazenta|41/100|[from] item: Leftovers
|-damage|p2a: Duraludon|68/100 brn|[from] brn
|upkeep
|turn|23
|
|t:|1743910067
|move|p1a: Zamazenta|Iron Defense|p1a: Zamazenta
|-boost|p1a: Zamazenta|def|2
|move|p2a: Duraludon|Dragon Pulse|p1a: Zamazenta
|-damage|p1a: Zamazenta|11/100
|
|-heal|p1a: Zamazenta|18/100|[from] item: Leftovers
|-damage|p2a: Duraludon|62/100 brn|[from] brn
|upkeep
|turn|24
|
|t:|1743910080
|move|p1a: Zamazenta|Body Press|p2a: Duraludon
|-supereffective|p2a: Duraludon
|-damage|p2a: Duraludon|0 fnt
|faint|p2a: Duraludon
|
|-heal|p1a: Zamazenta|24/100|[from] item: Leftovers
|upkeep
|
|t:|1743910082
|switch|p2a: Hatterene|Hatterene, F|100/100
|turn|25
|
|t:|1743910097
|move|p1a: Zamazenta|Crunch|p2a: Hatterene
|-damage|p2a: Hatterene|82/100
|move|p2a: Hatterene|Draining Kiss|p1a: Zamazenta
|-supereffective|p1a: Zamazenta
|-damage|p1a: Zamazenta|0 fnt
|-heal|p2a: Hatterene|100/100|[from] drain|[of] p1a: Zamazenta
|faint|p1a: Zamazenta
|
|upkeep
|inactive|Floopywoop has 120 seconds left.
|
|t:|1743910115
|switch|p1a: Talonflame|Talonflame, M|22/100 par
|turn|26
|
|t:|1743910120
|move|p1a: Talonflame|Roost|p1a: Talonflame
|-heal|p1a: Talonflame|72/100 par
|-singleturn|p1a: Talonflame|move: Roost
|move|p2a: Hatterene|Psyshock|p1a: Talonflame
|-damage|p1a: Talonflame|39/100 par
|
|upkeep
|turn|27
|
|t:|1743910131
|cant|p1a: Talonflame|par
|move|p2a: Hatterene|Psyshock|p1a: Talonflame
|-damage|p1a: Talonflame|3/100 par
|
|upkeep
|turn|28
|
|t:|1743910137
|move|p1a: Talonflame|Roost|p1a: Talonflame
|-heal|p1a: Talonflame|53/100 par
|-singleturn|p1a: Talonflame|move: Roost
|move|p2a: Hatterene|Psyshock|p1a: Talonflame
|-damage|p1a: Talonflame|19/100 par
|
|upkeep
|turn|29
|
|t:|1743910146
|move|p1a: Talonflame|Defog|p2a: Hatterene
|move|p2a: Hatterene|Defog|p1a: Talonflame|[from] ability: Magic Bounce
|-unboost|p1a: Talonflame|evasion|1
|-sideend|p1: Floopywoop|Spikes|[from] move: Defog|[of] p2a: Hatterene
|-sideend|p1: Floopywoop|Stealth Rock|[from] move: Defog|[of] p2a: Hatterene
|move|p2a: Hatterene|Psyshock|p1a: Talonflame
|-damage|p1a: Talonflame|0 fnt
|faint|p1a: Talonflame
|
|upkeep
|
|t:|1743910161
|switch|p1a: Rillaboom|Rillaboom, M|46/100 par
|-fieldstart|move: Grassy Terrain|[from] ability: Grassy Surge|[of] p1a: Rillaboom
|turn|30
|l|☆vanish ct
|inactive|vanish ct disconnected and has a minute to reconnect!
|player|p2|
|j|☆vanish ct
|inactive|vanish ct reconnected and has 125 seconds left.
|player|p2|vanish ct|n|
|
|t:|1743910190
|-terastallize|p1a: Rillaboom|Grass
|cant|p1a: Rillaboom|par
|move|p2a: Hatterene|Mystical Fire|p1a: Rillaboom
|-supereffective|p1a: Rillaboom
|-damage|p1a: Rillaboom|0 fnt
|faint|p1a: Rillaboom
|
|upkeep
|-message|Floopywoop forfeited.
|
|win|vanish ct
|raw|Floopywoop's rating: 1214 &rarr; <strong>1191</strong><br />(-23 for losing)
|raw|vanish ct's rating: 1239 &rarr; <strong>1262</strong><br />(+23 for winning)
|l|☆Floopywoop
|player|p1|
|l|☆vanish ct
|player|p2|
