|j|☆rippedpantsbob
|j|☆neco arc fan
|t:|1743859684
|gametype|singles
|player|p1|rippedpantsbob|dawn|1195
|player|p2|neco arc fan|miku-grass|1219
|teamsize|p1|6
|teamsize|p2|6
|gen|9
|tier|[Gen 9] OU
|rated|
|rule|HP Percentage Mod: HP is shown in percentages
|rule|Endless Battle Clause: Forcing endless battles is banned
|rule|Species Clause: Limit one of each Pokémon
|rule|OHKO Clause: OHKO moves are banned
|rule|Evasion Items Clause: Evasion items are banned
|rule|Evasion Moves Clause: Evasion moves are banned
|rule|Sleep Moves Clause: Sleep-inducing moves are banned
|clearpoke
|poke|p1|Glimmora, F|
|poke|p1|Slowking-Galar, M|
|poke|p1|Corviknight, F|
|poke|p1|Kyurem|
|poke|p1|Raikou|
|poke|p1|Sinistcha|
|poke|p2|Great Tusk|
|poke|p2|Garganacl, F|
|poke|p2|Blaziken, M|
|poke|p2|Dragapult, F|
|poke|p2|Darkrai|
|poke|p2|Ogerpon-Wellspring, F|
|teampreview
|inactive|Battle timer is ON: inactive players will automatically lose when time's up. (requested by neco arc fan)
|
|t:|1743859690
|start
|switch|p1a: Slowking|Slowking-Galar, M|100/100
|switch|p2a: Ivory|Great Tusk, shiny|100/100
|turn|1
|
|t:|1743859700
|switch|p1a: Glimmora|Glimmora, F|100/100
|move|p2a: Ivory|Stealth Rock|p1a: Glimmora
|-sidestart|p1: rippedpantsbob|move: Stealth Rock
|
|upkeep
|turn|2
|
|t:|1743859704
|move|p2a: Ivory|Headlong Rush|p1a: Glimmora
|-supereffective|p1a: Glimmora
|-damage|p1a: Glimmora|0 fnt
|-unboost|p2a: Ivory|def|1
|-unboost|p2a: Ivory|spd|1
|-activate|p1a: Glimmora|ability: Toxic Debris
|-sidestart|p2: neco arc fan|move: Toxic Spikes
|faint|p1a: Glimmora
|
|upkeep
|
|t:|1743859709
|switch|p1a: Sinistcha|Sinistcha|100/100
|turn|3
|c|☆neco arc fan|no sash?
|
|t:|1743859715
|-end|p2a: Ivory|Protosynthesis|[silent]
|switch|p2a: Pinball Purgatory|Darkrai, shiny|100/100
|-status|p2a: Pinball Purgatory|psn
|move|p1a: Sinistcha|Matcha Gotcha|p2a: Pinball Purgatory
|-damage|p2a: Pinball Purgatory|54/100 psn
|
|-damage|p2a: Pinball Purgatory|41/100 psn|[from] psn
|upkeep
|turn|4
|
|t:|1743859731
|switch|p1a: Corviknight|Corviknight, F|100/100
|-damage|p1a: Corviknight|88/100|[from] Stealth Rock
|-ability|p1a: Corviknight|Pressure
|move|p2a: Pinball Purgatory|Dark Pulse|p1a: Corviknight
|-damage|p1a: Corviknight|23/100
|
|-damage|p2a: Pinball Purgatory|29/100 psn|[from] psn
|upkeep
|turn|5
|
|t:|1743859744
|move|p2a: Pinball Purgatory|Dark Pulse|p1a: Corviknight
|-damage|p1a: Corviknight|0 fnt
|faint|p1a: Corviknight
|
|-damage|p2a: Pinball Purgatory|16/100 psn|[from] psn
|upkeep
|
|t:|1743859747
|switch|p1a: Raikou|Raikou|100/100
|-ability|p1a: Raikou|Pressure
|turn|6
|
|t:|1743859750
|switch|p2a: Flipside Cliffside|Garganacl, F, shiny|100/100
|move|p1a: Raikou|Scald|p2a: Flipside Cliffside
|-supereffective|p2a: Flipside Cliffside
|-damage|p2a: Flipside Cliffside|66/100
|
|-heal|p2a: Flipside Cliffside|72/100|[from] item: Leftovers
|upkeep
|turn|7
|
|t:|1743859758
|move|p1a: Raikou|Volt Switch|p2a: Flipside Cliffside
|-damage|p2a: Flipside Cliffside|50/100
|
|t:|1743859766
|switch|p1a: Slowking|Slowking-Galar, M|100/100|[from] Volt Switch
|move|p2a: Flipside Cliffside|Earthquake|p1a: Slowking
|-supereffective|p1a: Slowking
|-damage|p1a: Slowking|57/100
|
|-heal|p2a: Flipside Cliffside|57/100|[from] item: Leftovers
|upkeep
|turn|8
|
|t:|1743859773
|move|p2a: Flipside Cliffside|Earthquake|p1a: Slowking
|-supereffective|p1a: Slowking
|-damage|p1a: Slowking|13/100
|-prepare|p1a: Slowking|Chilly Reception|[premajor]
|move|p1a: Slowking|Chilly Reception|p1a: Slowking
|-weather|Snowscape
|
|t:|1743859778
|switch|p1a: Sinistcha|Sinistcha|100/100|[from] Chilly Reception
|
|-weather|Snowscape|[upkeep]
|-heal|p2a: Flipside Cliffside|63/100|[from] item: Leftovers
|upkeep
|turn|9
|
|t:|1743859787
|move|p1a: Sinistcha|Matcha Gotcha|p2a: Flipside Cliffside
|-supereffective|p2a: Flipside Cliffside
|-damage|p2a: Flipside Cliffside|18/100
|move|p2a: Flipside Cliffside|Salt Cure|p1a: Sinistcha
|-damage|p1a: Sinistcha|90/100
|-start|p1a: Sinistcha|Salt Cure
|
|-weather|Snowscape|[upkeep]
|-heal|p2a: Flipside Cliffside|25/100|[from] item: Leftovers
|-damage|p1a: Sinistcha|78/100|[from] Salt Cure
|upkeep
|turn|10
|
|t:|1743859804
|switch|p2a: Stellar Odyssey|Dragapult, F|100/100
|-status|p2a: Stellar Odyssey|psn
|move|p1a: Sinistcha|Matcha Gotcha|p2a: Stellar Odyssey
|-resisted|p2a: Stellar Odyssey
|-damage|p2a: Stellar Odyssey|77/100 psn
|-heal|p1a: Sinistcha|89/100|[from] drain|[of] p2a: Stellar Odyssey
|
|-weather|Snowscape|[upkeep]
|-damage|p2a: Stellar Odyssey|65/100 psn|[from] psn
|-damage|p1a: Sinistcha|76/100|[from] Salt Cure
|upkeep
|turn|11
|
|t:|1743859815
|move|p2a: Stellar Odyssey|Phantom Force||[still]
|-prepare|p2a: Stellar Odyssey|Phantom Force
|move|p1a: Sinistcha|Strength Sap|p2a: Stellar Odyssey|[miss]
|-miss|p1a: Sinistcha|p2a: Stellar Odyssey
|
|-weather|Snowscape|[upkeep]
|-damage|p2a: Stellar Odyssey|52/100 psn|[from] psn
|-damage|p1a: Sinistcha|64/100|[from] Salt Cure
|upkeep
|turn|12
|
|t:|1743859822
|move|p2a: Stellar Odyssey|Phantom Force|p1a: Sinistcha|[from] lockedmove
|-supereffective|p1a: Sinistcha
|-damage|p1a: Sinistcha|0 fnt
|faint|p1a: Sinistcha
|
|-weather|none
|-damage|p2a: Stellar Odyssey|40/100 psn|[from] psn
|upkeep
|
|t:|1743859830
|switch|p1a: Kyurem|Kyurem|100/100
|-damage|p1a: Kyurem|76/100|[from] Stealth Rock
|-ability|p1a: Kyurem|Pressure
|turn|13
|
|t:|1743859835
|switch|p2a: Flipside Cliffside|Garganacl, F, shiny|25/100
|move|p1a: Kyurem|Substitute|p1a: Kyurem
|-start|p1a: Kyurem|Substitute
|-damage|p1a: Kyurem|51/100
|
|-heal|p1a: Kyurem|57/100|[from] item: Leftovers
|-heal|p2a: Flipside Cliffside|31/100|[from] item: Leftovers
|upkeep
|turn|14
|
|t:|1743859843
|move|p1a: Kyurem|Earth Power|p2a: Flipside Cliffside
|-supereffective|p2a: Flipside Cliffside
|-damage|p2a: Flipside Cliffside|0 fnt
|faint|p2a: Flipside Cliffside
|
|-heal|p1a: Kyurem|63/100|[from] item: Leftovers
|upkeep
|
|t:|1743859847
|switch|p2a: Ivory|Great Tusk, shiny|100/100
|-status|p2a: Ivory|psn
|turn|15
|
|t:|1743859859
|-terastallize|p2a: Ivory|Water
|move|p1a: Kyurem|Protect|p1a: Kyurem
|-singleturn|p1a: Kyurem|Protect
|move|p2a: Ivory|Headlong Rush|p1a: Kyurem
|-activate|p1a: Kyurem|move: Protect
|
|-heal|p1a: Kyurem|69/100|[from] item: Leftovers
|-damage|p2a: Ivory|88/100 psn|[from] psn
|upkeep
|turn|16
|
|t:|1743859870
|move|p1a: Kyurem|Freeze-Dry|p2a: Ivory
|-supereffective|p2a: Ivory
|-damage|p2a: Ivory|16/100 psn
|move|p2a: Ivory|Headlong Rush|p1a: Kyurem
|-end|p1a: Kyurem|Substitute
|-unboost|p2a: Ivory|def|1
|-unboost|p2a: Ivory|spd|1
|
|-heal|p1a: Kyurem|75/100|[from] item: Leftovers
|-damage|p2a: Ivory|3/100 psn|[from] psn
|upkeep
|turn|17
|
|t:|1743859876
|move|p1a: Kyurem|Protect|p1a: Kyurem
|-singleturn|p1a: Kyurem|Protect
|move|p2a: Ivory|Headlong Rush|p1a: Kyurem
|-activate|p1a: Kyurem|move: Protect
|
|-heal|p1a: Kyurem|82/100|[from] item: Leftovers
|-damage|p2a: Ivory|0 fnt|[from] psn
|faint|p2a: Ivory
|-end|p2a: Ivory|Protosynthesis|[silent]
|upkeep
|
|t:|1743859880
|switch|p2a: Stellar Odyssey|Dragapult, F|40/100 psn
|turn|18
|
|t:|1743859883
|-terastallize|p1a: Kyurem|Steel
|move|p2a: Stellar Odyssey|Dragon Darts|p1a: Kyurem
|-resisted|p1a: Kyurem
|-damage|p1a: Kyurem|67/100
|-anim|p2a: Stellar Odyssey|Dragon Darts|p1a: Kyurem
|-resisted|p1a: Kyurem
|-damage|p1a: Kyurem|52/100
|move|p1a: Kyurem|Freeze-Dry|p2a: Stellar Odyssey
|-supereffective|p2a: Stellar Odyssey
|-damage|p2a: Stellar Odyssey|0 fnt
|faint|p2a: Stellar Odyssey
|
|-heal|p1a: Kyurem|58/100|[from] item: Leftovers
|upkeep
|
|t:|1743859889
|switch|p2a: The Sollar Express|Blaziken, M|100/100
|-status|p2a: The Sollar Express|psn
|turn|19
|
|t:|1743859898
|move|p1a: Kyurem|Earth Power|p2a: The Sollar Express
|-supereffective|p2a: The Sollar Express
|-damage|p2a: The Sollar Express|24/100 psn
|move|p2a: The Sollar Express|Flare Blitz|p1a: Kyurem
|-supereffective|p1a: Kyurem
|-damage|p1a: Kyurem|0 fnt
|faint|p1a: Kyurem
|-damage|p2a: The Sollar Express|0 fnt|[from] Recoil
|faint|p2a: The Sollar Express
|
|upkeep
|
|t:|1743859907
|switch|p1a: Raikou|Raikou|100/100
|switch|p2a: Pinball Purgatory|Darkrai, shiny|16/100 psn
|-ability|p1a: Raikou|Pressure
|turn|20
|
|t:|1743859914
|move|p2a: Pinball Purgatory|Dark Pulse|p1a: Raikou
|-damage|p1a: Raikou|33/100
|cant|p1a: Raikou|flinch
|
|-damage|p2a: Pinball Purgatory|4/100 psn|[from] psn
|upkeep
|turn|21
|
|t:|1743859921
|switch|p1a: Slowking|Slowking-Galar, M|46/100
|move|p2a: Pinball Purgatory|Dark Pulse|p1a: Slowking
|-supereffective|p1a: Slowking
|-damage|p1a: Slowking|0 fnt
|faint|p1a: Slowking
|
|-damage|p2a: Pinball Purgatory|0 fnt|[from] psn
|faint|p2a: Pinball Purgatory
|upkeep
|
|t:|1743859925
|switch|p2a: 74|Ogerpon-Wellspring, F|100/100
|switch|p1a: Raikou|Raikou|33/100
|-ability|p1a: Raikou|Pressure
|-status|p2a: 74|psn
|turn|22
|c|☆neco arc fan|gg
|
|t:|1743859932
|move|p1a: Raikou|Discharge|p2a: 74
|-damage|p2a: 74|57/100 psn
|move|p2a: 74|Ivy Cudgel|p1a: Raikou|[anim] Ivy Cudgel Water
|-damage|p1a: Raikou|0 fnt
|faint|p1a: Raikou
|
|win|neco arc fan
|raw|rippedpantsbob's rating: 1195 &rarr; <strong>1172</strong><br />(-23 for losing)
|raw|neco arc fan's rating: 1219 &rarr; <strong>1242</strong><br />(+23 for winning)
|l|☆neco arc fan
|player|p2|
|l|☆rippedpantsbob
|player|p1|
