|j|☆Tkats
|j|☆H85le4
|t:|1743827376
|gametype|singles
|player|p1|Tkats|266|1097
|player|p2|H85le4|swimmer-gen4dp|1067
|teamsize|p1|6
|teamsize|p2|6
|gen|9
|tier|[Gen 9] OU
|rated|
|rule|HP Percentage Mod: HP is shown in percentages
|rule|Endless Battle Clause: Forcing endless battles is banned
|rule|Species Clause: Limit one of each Pokémon
|rule|OHKO Clause: OHKO moves are banned
|rule|Evasion Items Clause: Evasion items are banned
|rule|Evasion Moves Clause: Evasion moves are banned
|rule|Sleep Moves Clause: Sleep-inducing moves are banned
|clearpoke
|poke|p1|Shiftry, M|
|poke|p1|Gallade, M|
|poke|p1|Oricorio-Sensu, F|
|poke|p1|Ninetales-Alola, F|
|poke|p1|Cinderace, F|
|poke|p1|Tatsugiri-Droopy, F|
|poke|p2|Infernape, M|
|poke|p2|Morgrem, M|
|poke|p2|Dondozo, F|
|poke|p2|Iron Treads|
|poke|p2|Sinistcha|
|poke|p2|Clefable, F|
|teampreview
|inactive|Battle timer is ON: inactive players will automatically lose when time's up. (requested by H85le4)
|
|t:|1743827393
|start
|switch|p1a: Tatsugiri|Tatsugiri-Droopy, F|100/100
|switch|p2a: Morgrem|Morgrem, M|100/100
|turn|1
|
|t:|1743827409
|switch|p1a: Shiftry|Shiftry, M|100/100
|move|p2a: Morgrem|Light Screen|p2a: Morgrem
|-sidestart|p2: H85le4|move: Light Screen
|
|upkeep
|turn|2
|
|t:|1743827419
|move|p2a: Morgrem|Reflect|p2a: Morgrem
|-sidestart|p2: H85le4|Reflect
|move|p1a: Shiftry|Knock Off|p2a: Morgrem
|-resisted|p2a: Morgrem
|-damage|p2a: Morgrem|96/100
|-enditem|p2a: Morgrem|Eviolite|[from] move: Knock Off|[of] p1a: Shiftry
|
|upkeep
|turn|3
|inactive|Tkats has 120 seconds left.
|
|t:|1743827451
|move|p2a: Morgrem|Thunder Wave|p1a: Shiftry
|-hint|Since gen 7, Dark is immune to Prankster moves.
|-immune|p1a: Shiftry
|move|p1a: Shiftry|Tailwind|p1a: Shiftry
|-sidestart|p1: Tkats|move: Tailwind
|-ability|p1a: Shiftry|Wind Rider|boost
|-boost|p1a: Shiftry|atk|1
|
|upkeep
|turn|4
|inactive|H85le4 has 120 seconds left.
|
|t:|1743827488
|switch|p2a: Iron Treads|Iron Treads, shiny|100/100
|move|p1a: Shiftry|Leaf Blade|p2a: Iron Treads
|-damage|p2a: Iron Treads|78/100
|
|upkeep
|turn|5
|inactive|H85le4 has 120 seconds left.
|
|t:|1743827500
|switch|p1a: Tatsugiri|Tatsugiri-Droopy, F|100/100
|move|p2a: Iron Treads|Heavy Slam|p1a: Tatsugiri
|-resisted|p1a: Tatsugiri
|-damage|p1a: Tatsugiri|50/100
|
|-sideend|p2: H85le4|move: Light Screen
|upkeep
|turn|6
|inactive|H85le4 has 120 seconds left.
|inactive|H85le4 has 90 seconds left.
|
|t:|1743827558
|move|p1a: Tatsugiri|Draco Meteor|p2a: Iron Treads
|-resisted|p2a: Iron Treads
|-damage|p2a: Iron Treads|54/100
|-unboost|p1a: Tatsugiri|spa|2
|move|p2a: Iron Treads|Earthquake|p1a: Tatsugiri
|-damage|p1a: Tatsugiri|0 fnt
|faint|p1a: Tatsugiri
|
|-sideend|p2: H85le4|Reflect
|-sideend|p1: Tkats|move: Tailwind
|upkeep
|inactive|Tkats has 120 seconds left.
|
|t:|1743827586
|switch|p1a: Cinderace|Cinderace, F|100/100
|turn|7
|
|t:|1743827598
|move|p1a: Cinderace|Pyro Ball|p2a: Iron Treads
|-supereffective|p2a: Iron Treads
|-damage|p2a: Iron Treads|0 fnt
|faint|p2a: Iron Treads
|-end|p2a: Iron Treads|Quark Drive|[silent]
|
|upkeep
|
|t:|1743827603
|switch|p2a: Morgrem|Morgrem, M|96/100
|turn|8
|
|t:|1743827609
|move|p2a: Morgrem|Reflect|p2a: Morgrem
|-sidestart|p2: H85le4|Reflect
|move|p1a: Cinderace|Pyro Ball|p2a: Morgrem|[miss]
|-miss|p1a: Cinderace|p2a: Morgrem
|
|upkeep
|turn|9
|
|t:|1743827614
|switch|p1a: Shiftry|Shiftry, M|100/100
|move|p2a: Morgrem|Thunder Wave|p1a: Shiftry
|-hint|Since gen 7, Dark is immune to Prankster moves.
|-immune|p1a: Shiftry
|
|upkeep
|turn|10
|
|t:|1743827621
|move|p1a: Shiftry|Tailwind|p1a: Shiftry
|-sidestart|p1: Tkats|move: Tailwind
|-ability|p1a: Shiftry|Wind Rider|boost
|-boost|p1a: Shiftry|atk|1
|move|p2a: Morgrem|Chilling Water|p1a: Shiftry
|-resisted|p1a: Shiftry
|-damage|p1a: Shiftry|93/100
|-unboost|p1a: Shiftry|atk|1
|
|upkeep
|turn|11
|inactive|Tkats has 120 seconds left.
|
|t:|1743827649
|switch|p1a: Gallade|Gallade, M|100/100
|move|p2a: Morgrem|Chilling Water|p1a: Gallade
|-damage|p1a: Gallade|89/100
|-unboost|p1a: Gallade|atk|1
|
|upkeep
|turn|12
|inactive|Tkats has 120 seconds left.
|
|t:|1743827660
|switch|p1a: Shiftry|Shiftry, M|93/100
|-ability|p1a: Shiftry|Wind Rider|boost
|-boost|p1a: Shiftry|atk|1
|move|p2a: Morgrem|Thunder Wave|p1a: Shiftry
|-hint|Since gen 7, Dark is immune to Prankster moves.
|-immune|p1a: Shiftry
|
|-sideend|p2: H85le4|Reflect
|upkeep
|turn|13
|inactive|Tkats has 120 seconds left.
|inactive|H85le4 has 120 seconds left.
|
|t:|1743827670
|move|p2a: Morgrem|Reflect|p2a: Morgrem
|-sidestart|p2: H85le4|Reflect
|move|p1a: Shiftry|Leaf Blade|p2a: Morgrem
|-damage|p2a: Morgrem|50/100
|
|-sideend|p1: Tkats|move: Tailwind
|upkeep
|turn|14
|inactive|Tkats has 120 seconds left.
|
|t:|1743827682
|move|p1a: Shiftry|Leaf Blade|p2a: Morgrem
|-damage|p2a: Morgrem|10/100
|move|p2a: Morgrem|Chilling Water|p1a: Shiftry
|-resisted|p1a: Shiftry
|-damage|p1a: Shiftry|85/100
|-unboost|p1a: Shiftry|atk|1
|
|upkeep
|turn|15
|inactive|Tkats has 120 seconds left.
|inactive|H85le4 has 120 seconds left.
|
|t:|1743827705
|switch|p2a: Infernape|Infernape, M|100/100
|move|p1a: Shiftry|Tailwind|p1a: Shiftry
|-sidestart|p1: Tkats|move: Tailwind
|-ability|p1a: Shiftry|Wind Rider|boost
|-boost|p1a: Shiftry|atk|1
|
|upkeep
|turn|16
|inactive|H85le4 has 120 seconds left.
|
|t:|1743827716
|move|p1a: Shiftry|Explosion|p2a: Infernape
|-damage|p2a: Infernape|11/100
|faint|p1a: Shiftry
|move|p2a: Infernape|Bulk Up|p2a: Infernape
|-boost|p2a: Infernape|atk|1
|-boost|p2a: Infernape|def|1
|
|upkeep
|inactive|Tkats has 120 seconds left.
|
|t:|1743827729
|switch|p1a: Gallade|Gallade, M|89/100
|turn|17
|
|t:|1743827734
|move|p1a: Gallade|Psycho Cut|p2a: Infernape
|-supereffective|p2a: Infernape
|-damage|p2a: Infernape|0 fnt
|faint|p2a: Infernape
|
|-sideend|p2: H85le4|Reflect
|upkeep
|
|t:|1743827744
|switch|p2a: Morgrem|Morgrem, M|10/100
|turn|18
|
|t:|1743827748
|move|p2a: Morgrem|Thunder Wave|p1a: Gallade
|-status|p1a: Gallade|par
|cant|p1a: Gallade|par
|
|-sideend|p1: Tkats|move: Tailwind
|upkeep
|turn|19
|
|t:|1743827755
|move|p2a: Morgrem|Reflect|p2a: Morgrem
|-sidestart|p2: H85le4|Reflect
|move|p1a: Gallade|Sacred Sword|p2a: Morgrem
|-damage|p2a: Morgrem|0 fnt
|faint|p2a: Morgrem
|
|upkeep
|
|t:|1743827770
|switch|p2a: Clefable|Clefable, F|100/100
|turn|20
|
|t:|1743827777
|switch|p1a: Ninetales|Ninetales-Alola, F|100/100
|-weather|Snowscape|[from] ability: Snow Warning|[of] p1a: Ninetales
|move|p2a: Clefable|Cosmic Power|p2a: Clefable
|-boost|p2a: Clefable|def|1
|-boost|p2a: Clefable|spd|1
|
|-weather|Snowscape|[upkeep]
|upkeep
|turn|21
|inactive|Tkats has 120 seconds left.
|
|t:|1743827820
|switch|p1a: Cinderace|Cinderace, F|100/100
|move|p2a: Clefable|Cosmic Power|p2a: Clefable
|-boost|p2a: Clefable|def|1
|-boost|p2a: Clefable|spd|1
|
|-weather|Snowscape|[upkeep]
|upkeep
|turn|22
|
|t:|1743827846
|move|p1a: Cinderace|Iron Head|p2a: Clefable
|-start|p1a: Cinderace|typechange|Steel|[from] ability: Libero
|-supereffective|p2a: Clefable
|-damage|p2a: Clefable|66/100
|cant|p2a: Clefable|flinch
|
|-weather|Snowscape|[upkeep]
|upkeep
|turn|23
|inactive|Tkats has 120 seconds left.
|
|t:|1743827854
|move|p1a: Cinderace|Iron Head|p2a: Clefable
|-supereffective|p2a: Clefable
|-damage|p2a: Clefable|36/100
|cant|p2a: Clefable|flinch
|
|-weather|Snowscape|[upkeep]
|-sideend|p2: H85le4|Reflect
|upkeep
|turn|24
|
|t:|1743827862
|switch|p2a: Dondozo|Dondozo, F, shiny|100/100
|move|p1a: Cinderace|Iron Head|p2a: Dondozo
|-resisted|p2a: Dondozo
|-damage|p2a: Dondozo|82/100
|
|-weather|none
|upkeep
|turn|25
|
|t:|1743827875
|switch|p1a: Ninetales|Ninetales-Alola, F|100/100
|-weather|Snowscape|[from] ability: Snow Warning|[of] p1a: Ninetales
|move|p2a: Dondozo|Liquidation|p1a: Ninetales
|-damage|p1a: Ninetales|65/100
|
|-weather|Snowscape|[upkeep]
|upkeep
|turn|26
|
|t:|1743827884
|move|p1a: Ninetales|Aurora Veil|p1a: Ninetales
|-sidestart|p1: Tkats|move: Aurora Veil
|move|p2a: Dondozo|Liquidation|p1a: Ninetales
|-damage|p1a: Ninetales|48/100
|-unboost|p1a: Ninetales|def|1
|
|-weather|Snowscape|[upkeep]
|upkeep
|turn|27
|
|t:|1743827891
|move|p1a: Ninetales|Freeze-Dry|p2a: Dondozo
|-supereffective|p2a: Dondozo
|-damage|p2a: Dondozo|59/100
|move|p2a: Dondozo|Liquidation|p1a: Ninetales
|-damage|p1a: Ninetales|33/100
|-unboost|p1a: Ninetales|def|1
|
|-weather|Snowscape|[upkeep]
|upkeep
|turn|28
|
|t:|1743827908
|move|p1a: Ninetales|Freeze-Dry|p2a: Dondozo
|-supereffective|p2a: Dondozo
|-damage|p2a: Dondozo|35/100
|move|p2a: Dondozo|Liquidation|p1a: Ninetales
|-damage|p1a: Ninetales|16/100
|-unboost|p1a: Ninetales|def|1
|
|-weather|Snowscape|[upkeep]
|upkeep
|turn|29
|
|t:|1743827917
|move|p1a: Ninetales|Freeze-Dry|p2a: Dondozo
|-supereffective|p2a: Dondozo
|-damage|p2a: Dondozo|9/100
|move|p2a: Dondozo|Liquidation|p1a: Ninetales
|-damage|p1a: Ninetales|0 fnt
|faint|p1a: Ninetales
|
|-weather|none
|upkeep
|
|t:|1743827930
|switch|p1a: Oricorio|Oricorio-Sensu, F|100/100
|turn|30
|
|t:|1743827938
|move|p1a: Oricorio|Revelation Dance|p2a: Dondozo
|-damage|p2a: Dondozo|0 fnt
|faint|p2a: Dondozo
|
|upkeep
|
|t:|1743827944
|switch|p2a: Clefable|Clefable, F|36/100
|turn|31
|
|t:|1743827951
|move|p1a: Oricorio|Quiver Dance|p1a: Oricorio
|-boost|p1a: Oricorio|spa|1
|-boost|p1a: Oricorio|spd|1
|-boost|p1a: Oricorio|spe|1
|move|p2a: Clefable|Charge Beam|p1a: Oricorio
|-supereffective|p1a: Oricorio
|-damage|p1a: Oricorio|81/100
|-boost|p2a: Clefable|spa|1
|-enditem|p1a: Oricorio|Mirror Herb
|-boost|p1a: Oricorio|spa|1|[from] item: Mirror Herb
|
|upkeep
|turn|32
|-message|H85le4 forfeited.
|
|win|Tkats
|raw|Tkats's rating: 1097 &rarr; <strong>1120</strong><br />(+23 for winning)
|raw|H85le4's rating: 1067 &rarr; <strong>1049</strong><br />(-18 for losing)
|l|☆H85le4
|player|p2|
|l|☆Tkats
|player|p1|
