|j|☆YeatLover267
|j|☆evemeria
|t:|1743858813
|gametype|singles
|player|p1|YeatLover267|266|1180
|player|p2|evemeria|iris-gen5bw2|1199
|teamsize|p1|6
|teamsize|p2|6
|gen|9
|tier|[Gen 9] OU
|rated|
|rule|HP Percentage Mod: HP is shown in percentages
|rule|Endless Battle Clause: Forcing endless battles is banned
|rule|Species Clause: Limit one of each Pokémon
|rule|OHKO Clause: OHKO moves are banned
|rule|Evasion Items Clause: Evasion items are banned
|rule|Evasion Moves Clause: Evasion moves are banned
|rule|Sleep Moves Clause: Sleep-inducing moves are banned
|clearpoke
|poke|p1|Excadrill, M|
|poke|p1|Sandaconda, F|
|poke|p1|Tyranitar, F|
|poke|p1|Lycanroc, M|
|poke|p1|Volcanion|
|poke|p1|Thundurus-Therian, M|
|poke|p2|Iron Treads|
|poke|p2|Pelipper, F|
|poke|p2|Kingdra, F|
|poke|p2|Rillaboom, F|
|poke|p2|Basculegion, M|
|poke|p2|Raging Bolt|
|teampreview
|inactive|Battle timer is ON: inactive players will automatically lose when time's up. (requested by evemeria)
|
|t:|1743858820
|start
|switch|p1a: Tyranitar|Tyranitar, F|100/100
|switch|p2a: Pelipper|Pelipper, F|100/100
|-weather|RainDance|[from] ability: Drizzle|[of] p2a: Pelipper
|-weather|Sandstorm|[from] ability: Sand Stream|[of] p1a: Tyranitar
|turn|1
|
|t:|1743858831
|switch|p2a: Rillaboom|Rillaboom, F|100/100
|-fieldstart|move: Grassy Terrain|[from] ability: Grassy Surge|[of] p2a: Rillaboom
|move|p1a: Tyranitar|Stealth Rock|p2a: Rillaboom
|-sidestart|p2: evemeria|move: Stealth Rock
|
|-weather|Sandstorm|[upkeep]
|-damage|p2a: Rillaboom|94/100|[from] Sandstorm
|-heal|p2a: Rillaboom|100/100|[from] Grassy Terrain
|upkeep
|turn|2
|
|t:|1743858837
|-terastallize|p1a: Tyranitar|Flying
|move|p2a: Rillaboom|Low Kick|p1a: Tyranitar
|-resisted|p1a: Tyranitar
|-damage|p1a: Tyranitar|84/100
|move|p1a: Tyranitar|Ice Beam|p2a: Rillaboom
|-supereffective|p2a: Rillaboom
|-damage|p2a: Rillaboom|60/100
|
|-weather|Sandstorm|[upkeep]
|-damage|p2a: Rillaboom|54/100|[from] Sandstorm
|-damage|p1a: Tyranitar|77/100|[from] Sandstorm
|-heal|p2a: Rillaboom|60/100|[from] Grassy Terrain
|upkeep
|turn|3
|
|t:|1743858844
|move|p2a: Rillaboom|U-turn|p1a: Tyranitar
|-resisted|p1a: Tyranitar
|-damage|p1a: Tyranitar|67/100
|
|t:|1743858847
|switch|p2a: Pelipper|Pelipper, F|100/100|[from] U-turn
|-damage|p2a: Pelipper|76/100|[from] Stealth Rock
|-weather|RainDance|[from] ability: Drizzle|[of] p2a: Pelipper
|move|p1a: Tyranitar|Power Gem|p2a: Pelipper
|-supereffective|p2a: Pelipper
|-damage|p2a: Pelipper|0 fnt
|faint|p2a: Pelipper
|
|-weather|RainDance|[upkeep]
|upkeep
|
|t:|1743858853
|switch|p2a: Basculegion|Basculegion, M|100/100
|-damage|p2a: Basculegion|88/100|[from] Stealth Rock
|turn|4
|
|t:|1743858856
|switch|p1a: Volcanion|Volcanion|100/100
|move|p2a: Basculegion|Ice Fang|p1a: Volcanion
|-resisted|p1a: Volcanion
|-damage|p1a: Volcanion|94/100
|
|-weather|RainDance|[upkeep]
|-heal|p2a: Basculegion|94/100|[from] Grassy Terrain
|-heal|p1a: Volcanion|100/100|[from] Grassy Terrain
|upkeep
|turn|5
|
|t:|1743858864
|switch|p2a: Iron Treads|Iron Treads|100/100
|-damage|p2a: Iron Treads|97/100|[from] Stealth Rock
|-enditem|p2a: Iron Treads|Booster Energy
|-activate|p2a: Iron Treads|ability: Quark Drive|[fromitem]
|-start|p2a: Iron Treads|quarkdrivespe
|move|p1a: Volcanion|Protect||[still]
|-fail|p1a: Volcanion
|
|-weather|RainDance|[upkeep]
|-heal|p2a: Iron Treads|100/100|[from] Grassy Terrain
|-fieldend|move: Grassy Terrain
|upkeep
|turn|6
|
|t:|1743858866
|switch|p1a: Tyranitar|Tyranitar, F, tera:Flying|67/100
|-weather|Sandstorm|[from] ability: Sand Stream|[of] p1a: Tyranitar
|move|p2a: Iron Treads|Rapid Spin|p1a: Tyranitar
|-damage|p1a: Tyranitar|59/100
|-boost|p2a: Iron Treads|spe|1
|-sideend|p2: evemeria|Stealth Rock|[from] move: Rapid Spin|[of] p2a: Iron Treads
|
|-weather|Sandstorm|[upkeep]
|-damage|p1a: Tyranitar|53/100|[from] Sandstorm
|upkeep
|turn|7
|
|t:|1743858872
|switch|p1a: Sandaconda|Sandaconda, F|100/100
|move|p2a: Iron Treads|Stealth Rock|p1a: Sandaconda
|-sidestart|p1: YeatLover267|move: Stealth Rock
|
|-weather|Sandstorm|[upkeep]
|upkeep
|turn|8
|
|t:|1743858879
|-end|p2a: Iron Treads|Quark Drive|[silent]
|switch|p2a: Rillaboom|Rillaboom, F|60/100
|-fieldstart|move: Grassy Terrain|[from] ability: Grassy Surge|[of] p2a: Rillaboom
|move|p1a: Sandaconda|Glare|p2a: Rillaboom
|-status|p2a: Rillaboom|par
|
|-weather|Sandstorm|[upkeep]
|-damage|p2a: Rillaboom|54/100 par|[from] Sandstorm
|-heal|p2a: Rillaboom|60/100 par|[from] Grassy Terrain
|upkeep
|turn|9
|
|t:|1743858888
|move|p1a: Sandaconda|Stealth Rock|p2a: Rillaboom
|-sidestart|p2: evemeria|move: Stealth Rock
|cant|p2a: Rillaboom|par
|
|-weather|Sandstorm|[upkeep]
|-damage|p2a: Rillaboom|54/100 par|[from] Sandstorm
|-heal|p2a: Rillaboom|60/100 par|[from] Grassy Terrain
|upkeep
|turn|10
|
|t:|1743858891
|move|p1a: Sandaconda|Stone Edge|p2a: Rillaboom|[miss]
|-miss|p1a: Sandaconda|p2a: Rillaboom
|move|p2a: Rillaboom|Wood Hammer|p1a: Sandaconda
|-supereffective|p1a: Sandaconda
|-damage|p1a: Sandaconda|3/100
|-damage|p2a: Rillaboom|32/100 par|[from] Recoil
|-enditem|p1a: Sandaconda|Eject Button
|
|t:|1743858896
|switch|p1a: Lycanroc|Lycanroc, M|100/100
|-damage|p1a: Lycanroc|88/100|[from] Stealth Rock
|
|-weather|Sandstorm|[upkeep]
|-damage|p2a: Rillaboom|26/100 par|[from] Sandstorm
|-heal|p1a: Lycanroc|94/100|[from] Grassy Terrain
|-heal|p2a: Rillaboom|32/100 par|[from] Grassy Terrain
|upkeep
|turn|11
|
|t:|1743858902
|move|p1a: Lycanroc|Close Combat|p2a: Rillaboom
|-damage|p2a: Rillaboom|0 fnt
|-unboost|p1a: Lycanroc|def|1
|-unboost|p1a: Lycanroc|spd|1
|faint|p2a: Rillaboom
|
|-weather|Sandstorm|[upkeep]
|-heal|p1a: Lycanroc|100/100|[from] Grassy Terrain
|upkeep
|
|t:|1743858917
|switch|p2a: Basculegion|Basculegion, M|94/100
|-damage|p2a: Basculegion|82/100|[from] Stealth Rock
|turn|12
|
|t:|1743858940
|switch|p1a: Volcanion|Volcanion|100/100
|move|p2a: Basculegion|Wave Crash|p1a: Volcanion
|-immune|p1a: Volcanion|[from] ability: Water Absorb
|
|-weather|Sandstorm|[upkeep]
|-damage|p2a: Basculegion|76/100|[from] Sandstorm
|-damage|p1a: Volcanion|94/100|[from] Sandstorm
|-heal|p2a: Basculegion|82/100|[from] Grassy Terrain
|-heal|p1a: Volcanion|100/100|[from] Grassy Terrain
|-fieldend|move: Grassy Terrain
|upkeep
|turn|13
|
|t:|1743858948
|switch|p2a: Kingdra|Kingdra, F, shiny|100/100
|-damage|p2a: Kingdra|88/100|[from] Stealth Rock
|move|p1a: Volcanion|Earth Power|p2a: Kingdra
|-damage|p2a: Kingdra|52/100
|
|-weather|none
|upkeep
|turn|14
|
|t:|1743858956
|move|p2a: Kingdra|Hurricane|p1a: Volcanion
|-damage|p1a: Volcanion|70/100
|-damage|p2a: Kingdra|42/100|[from] item: Life Orb
|move|p1a: Volcanion|Earth Power|p2a: Kingdra
|-damage|p2a: Kingdra|3/100
|
|upkeep
|turn|15
|
|t:|1743858960
|move|p2a: Kingdra|Draco Meteor|p1a: Volcanion
|-damage|p1a: Volcanion|17/100
|-unboost|p2a: Kingdra|spa|2
|-damage|p2a: Kingdra|0 fnt|[from] item: Life Orb
|faint|p2a: Kingdra
|move|p1a: Volcanion|Earth Power|p2: Kingdra|[notarget]
|-fail|p1a: Volcanion
|
|upkeep
|
|t:|1743858966
|switch|p2a: Raging Bolt|Raging Bolt|100/100
|-damage|p2a: Raging Bolt|88/100|[from] Stealth Rock
|turn|16
|
|t:|1743858970
|switch|p1a: Tyranitar|Tyranitar, F, tera:Flying|53/100
|-damage|p1a: Tyranitar|28/100|[from] Stealth Rock
|-weather|Sandstorm|[from] ability: Sand Stream|[of] p1a: Tyranitar
|move|p2a: Raging Bolt|Thunderclap||[still]
|-fail|p2a: Raging Bolt
|
|-weather|Sandstorm|[upkeep]
|-damage|p2a: Raging Bolt|82/100|[from] Sandstorm
|-damage|p1a: Tyranitar|22/100|[from] Sandstorm
|upkeep
|turn|17
|
|t:|1743858975
|switch|p1a: Thundurus|Thundurus-Therian, M|100/100
|-damage|p1a: Thundurus|76/100|[from] Stealth Rock
|move|p2a: Raging Bolt|Thunderclap||[still]
|-fail|p2a: Raging Bolt
|
|-weather|Sandstorm|[upkeep]
|-damage|p1a: Thundurus|70/100|[from] Sandstorm
|-damage|p2a: Raging Bolt|76/100|[from] Sandstorm
|-heal|p1a: Thundurus|76/100|[from] item: Leftovers
|upkeep
|turn|18
|
|t:|1743858977
|move|p2a: Raging Bolt|Thunderclap||[still]
|-fail|p2a: Raging Bolt
|move|p1a: Thundurus|Substitute|p1a: Thundurus
|-start|p1a: Thundurus|Substitute
|-damage|p1a: Thundurus|51/100
|
|-weather|Sandstorm|[upkeep]
|-damage|p1a: Thundurus|45/100|[from] Sandstorm
|-damage|p2a: Raging Bolt|70/100|[from] Sandstorm
|-heal|p1a: Thundurus|51/100|[from] item: Leftovers
|upkeep
|turn|19
|
|t:|1743858982
|move|p1a: Thundurus|Nasty Plot|p1a: Thundurus
|-boost|p1a: Thundurus|spa|2
|move|p2a: Raging Bolt|Weather Ball|p1a: Thundurus
|-supereffective|p1a: Thundurus
|-end|p1a: Thundurus|Substitute
|
|-weather|Sandstorm|[upkeep]
|-damage|p1a: Thundurus|45/100|[from] Sandstorm
|-damage|p2a: Raging Bolt|64/100|[from] Sandstorm
|-heal|p1a: Thundurus|51/100|[from] item: Leftovers
|upkeep
|turn|20
|
|t:|1743858985
|move|p2a: Raging Bolt|Thunderclap||[still]
|-fail|p2a: Raging Bolt
|move|p1a: Thundurus|Substitute|p1a: Thundurus
|-start|p1a: Thundurus|Substitute
|-damage|p1a: Thundurus|26/100
|
|-weather|Sandstorm|[upkeep]
|-damage|p1a: Thundurus|20/100|[from] Sandstorm
|-damage|p2a: Raging Bolt|58/100|[from] Sandstorm
|-heal|p1a: Thundurus|26/100|[from] item: Leftovers
|upkeep
|turn|21
|
|t:|1743858987
|move|p1a: Thundurus|Grass Knot|p2a: Raging Bolt
|-resisted|p2a: Raging Bolt
|-damage|p2a: Raging Bolt|12/100
|move|p2a: Raging Bolt|Weather Ball|p1a: Thundurus
|-supereffective|p1a: Thundurus
|-end|p1a: Thundurus|Substitute
|
|-weather|Sandstorm|[upkeep]
|-damage|p1a: Thundurus|20/100|[from] Sandstorm
|-damage|p2a: Raging Bolt|6/100|[from] Sandstorm
|-heal|p1a: Thundurus|26/100|[from] item: Leftovers
|upkeep
|turn|22
|
|t:|1743858991
|move|p1a: Thundurus|Thunderbolt|p2a: Raging Bolt
|-resisted|p2a: Raging Bolt
|-damage|p2a: Raging Bolt|0 fnt
|faint|p2a: Raging Bolt
|-end|p2a: Raging Bolt|Protosynthesis|[silent]
|
|-weather|Sandstorm|[upkeep]
|-damage|p1a: Thundurus|20/100|[from] Sandstorm
|-heal|p1a: Thundurus|26/100|[from] item: Leftovers
|upkeep
|-message|evemeria forfeited.
|
|win|YeatLover267
|raw|YeatLover267's rating: 1180 &rarr; <strong>1206</strong><br />(+26 for winning)
|raw|evemeria's rating: 1199 &rarr; <strong>1173</strong><br />(-26 for losing)
|l|☆evemeria
|player|p2|
|l|☆YeatLover267
|player|p1|
