|j|☆Xwipe Serious
|j|☆Mr.diversity
|t:|1743788474
|gametype|singles
|player|p1|Xwipe Serious|plasmagrunt|1703
|player|p2|Mr.diversity|2|1795
|teamsize|p1|6
|teamsize|p2|6
|gen|9
|tier|[Gen 9] OU
|rated|
|rule|HP Percentage Mod: HP is shown in percentages
|rule|Endless Battle Clause: Forcing endless battles is banned
|rule|Species Clause: Limit one of each Pokémon
|rule|OHKO Clause: OHKO moves are banned
|rule|Evasion Items Clause: Evasion items are banned
|rule|Evasion Moves Clause: Evasion moves are banned
|rule|Sleep Moves Clause: Sleep-inducing moves are banned
|clearpoke
|poke|p1|Kingambit, M|
|poke|p1|Garchomp, F|
|poke|p1|Dragonite, F|
|poke|p1|Iron Moth|
|poke|p1|Iron Crown|
|poke|p1|Samurott-Hisui, M|
|poke|p2|Landorus-Therian, M|
|poke|p2|Cinderace, F|
|poke|p2|Great Tusk|
|poke|p2|Heatran, M|
|poke|p2|Clodsire, F|
|poke|p2|Armarouge, M|
|teampreview
|inactive|Battle timer is ON: inactive players will automatically lose when time's up. (requested by Mr.diversity)
|
|t:|1743788478
|start
|switch|p1a: Iron Crown|Iron Crown|100/100
|switch|p2a: Cinderace|Cinderace, F|100/100
|turn|1
|
|t:|1743788482
|move|p1a: Iron Crown|Volt Switch|p2a: Cinderace
|-crit|p2a: Cinderace
|-damage|p2a: Cinderace|50/100
|
|t:|1743788484
|-end|p1a: Iron Crown|Quark Drive|[silent]
|switch|p1a: do not spin|Garchomp, F|100/100|[from] Volt Switch
|move|p2a: Cinderace|High Jump Kick|p1a: do not spin|[miss]
|-start|p2a: Cinderace|typechange|Fighting|[from] ability: Libero
|-miss|p2a: Cinderace|p1a: do not spin
|-damage|p2a: Cinderace|0 fnt|[from] highjumpkick
|faint|p2a: Cinderace
|
|upkeep
|c|☆Xwipe Serious|lol
|
|t:|1743788493
|switch|p2a: Great Tusk|Great Tusk|100/100
|-enditem|p2a: Great Tusk|Booster Energy
|-activate|p2a: Great Tusk|ability: Protosynthesis|[fromitem]
|-start|p2a: Great Tusk|protosynthesisatk
|turn|2
|
|t:|1743788497
|-terastallize|p1a: do not spin|Fairy
|move|p1a: do not spin|Draco Meteor|p2a: Great Tusk
|-damage|p2a: Great Tusk|20/100
|-unboost|p1a: do not spin|spa|2
|move|p2a: Great Tusk|Headlong Rush|p1a: do not spin
|-damage|p1a: do not spin|25/100
|-unboost|p2a: Great Tusk|def|1
|-unboost|p2a: Great Tusk|spd|1
|-damage|p2a: Great Tusk|8/100|[from] ability: Rough Skin|[of] p1a: do not spin
|-damage|p2a: Great Tusk|0 fnt|[from] item: Rocky Helmet|[of] p1a: do not spin
|faint|p2a: Great Tusk
|-end|p2a: Great Tusk|Protosynthesis|[silent]
|
|upkeep
|
|t:|1743788504
|switch|p2a: Landorus|Landorus-Therian, M|100/100
|-ability|p2a: Landorus|Intimidate|boost
|-unboost|p1a: do not spin|atk|1
|turn|3
|
|t:|1743788506
|move|p1a: do not spin|Stealth Rock|p2a: Landorus
|-sidestart|p2: Mr.diversity|move: Stealth Rock
|move|p2a: Landorus|Earthquake|p1a: do not spin
|-damage|p1a: do not spin|0 fnt
|faint|p1a: do not spin
|
|upkeep
|
|t:|1743788512
|switch|p1a: Samurott|Samurott-Hisui, M|100/100
|turn|4
|
|t:|1743788515
|move|p2a: Landorus|Earthquake|p1a: Samurott
|-damage|p1a: Samurott|0 fnt
|faint|p1a: Samurott
|
|upkeep
|
|t:|1743788518
|switch|p1a: Kababoum|Dragonite, F|100/100
|turn|5
|
|t:|1743788520
|switch|p2a: Heatran|Heatran, M|100/100
|-damage|p2a: Heatran|88/100|[from] Stealth Rock
|move|p1a: Kababoum|Outrage|p2a: Heatran
|-resisted|p2a: Heatran
|-damage|p2a: Heatran|42/100
|
|upkeep
|turn|6
|
|t:|1743788526
|move|p1a: Kababoum|Outrage|p2a: Heatran|[from] lockedmove
|-resisted|p2a: Heatran
|-damage|p2a: Heatran|0 fnt
|faint|p2a: Heatran
|
|upkeep
|
|t:|1743788527
|switch|p2a: Landorus|Landorus-Therian, M|100/100
|-damage|p2a: Landorus|88/100|[from] Stealth Rock
|-ability|p2a: Landorus|Intimidate|boost
|-unboost|p1a: Kababoum|atk|1
|turn|7
|
|t:|1743788529
|move|p2a: Landorus|Stone Edge|p1a: Kababoum|[miss]
|-miss|p2a: Landorus|p1a: Kababoum
|move|p1a: Kababoum|Outrage|p2a: Landorus|[from] lockedmove
|-damage|p2a: Landorus|16/100
|-start|p1a: Kababoum|confusion|[fatigue]
|
|upkeep
|turn|8
|
|t:|1743788533
|switch|p1a: Iron Crown|Iron Crown|100/100
|move|p2a: Landorus|Stone Edge|p1a: Iron Crown
|-resisted|p1a: Iron Crown
|-damage|p1a: Iron Crown|67/100
|
|upkeep
|turn|9
|
|t:|1743788540
|switch|p2a: Armarouge|Armarouge, M|100/100
|-damage|p2a: Armarouge|76/100|[from] Stealth Rock
|move|p1a: Iron Crown|Psychic Noise|p2a: Armarouge
|-resisted|p2a: Armarouge
|-damage|p2a: Armarouge|52/100
|-start|p2a: Armarouge|move: Heal Block
|
|upkeep
|turn|10
|
|t:|1743788542
|move|p1a: Iron Crown|Psychic Noise|p2a: Armarouge
|-resisted|p2a: Armarouge
|-damage|p2a: Armarouge|27/100
|move|p2a: Armarouge|Armor Cannon|p1a: Iron Crown
|-supereffective|p1a: Iron Crown
|-damage|p1a: Iron Crown|0 fnt
|-unboost|p2a: Armarouge|def|1
|-unboost|p2a: Armarouge|spd|1
|faint|p1a: Iron Crown
|-end|p1a: Iron Crown|Quark Drive|[silent]
|
|-end|p2a: Armarouge|move: Heal Block
|upkeep
|
|t:|1743788547
|switch|p1a: Iron Moth|Iron Moth|100/100
|turn|11
|
|t:|1743788551
|switch|p2a: Clodsire|Clodsire, F|100/100
|-damage|p2a: Clodsire|94/100|[from] Stealth Rock
|move|p1a: Iron Moth|Sludge Wave|p2a: Clodsire
|-resisted|p2a: Clodsire
|-damage|p2a: Clodsire|89/100
|
|-heal|p2a: Clodsire|95/100|[from] item: Leftovers
|upkeep
|turn|12
|
|t:|1743788554
|-end|p1a: Iron Moth|Quark Drive|[silent]
|switch|p1a: Armani style|Kingambit, M|100/100
|-activate|p1a: Armani style|ability: Supreme Overlord
|-start|p1a: Armani style|fallen3|[silent]
|move|p2a: Clodsire|Toxic|p1a: Armani style
|-immune|p1a: Armani style
|
|-heal|p2a: Clodsire|100/100|[from] item: Leftovers
|upkeep
|turn|13
|
|t:|1743788557
|-end|p1a: Armani style|fallen3|[silent]
|switch|p1a: Kababoum|Dragonite, F|100/100
|move|p2a: Clodsire|Earthquake|p1a: Kababoum
|-immune|p1a: Kababoum
|
|upkeep
|turn|14
|
|t:|1743788559
|move|p1a: Kababoum|Outrage|p2a: Clodsire
|-damage|p2a: Clodsire|0 fnt
|faint|p2a: Clodsire
|
|upkeep
|
|t:|1743788562
|switch|p2a: Landorus|Landorus-Therian, M|16/100
|-damage|p2a: Landorus|4/100|[from] Stealth Rock
|-ability|p2a: Landorus|Intimidate|boost
|-unboost|p1a: Kababoum|atk|1
|turn|15
|
|t:|1743788564
|move|p2a: Landorus|Stone Edge|p1a: Kababoum
|-supereffective|p1a: Kababoum
|-damage|p1a: Kababoum|37/100
|move|p1a: Kababoum|Outrage|p2a: Landorus|[from] lockedmove
|-damage|p2a: Landorus|0 fnt
|faint|p2a: Landorus
|
|upkeep
|
|t:|1743788566
|switch|p2a: Armarouge|Armarouge, M|27/100
|-damage|p2a: Armarouge|2/100|[from] Stealth Rock
|turn|16
|
|t:|1743788572
|move|p2a: Armarouge|Endure|p2a: Armarouge
|-singleturn|p2a: Armarouge|move: Endure
|move|p1a: Kababoum|Outrage|p2a: Armarouge|[from] lockedmove
|-activate|p2a: Armarouge|move: Endure
|-damage|p2a: Armarouge|1/100
|-ability|p2a: Armarouge|Weak Armor|boost
|-unboost|p2a: Armarouge|def|1
|-boost|p2a: Armarouge|spe|2
|-start|p1a: Kababoum|confusion|[fatigue]
|
|upkeep
|turn|17
|
|t:|1743788576
|-terastallize|p2a: Armarouge|Ghost
|move|p2a: Armarouge|Armor Cannon|p1a: Kababoum
|-resisted|p1a: Kababoum
|-damage|p1a: Kababoum|9/100
|-unboost|p2a: Armarouge|def|1
|-unboost|p2a: Armarouge|spd|1
|-activate|p1a: Kababoum|confusion
|move|p1a: Kababoum|Outrage|p2a: Armarouge
|-damage|p2a: Armarouge|0 fnt
|faint|p2a: Armarouge
|
|win|Xwipe Serious
|raw|Xwipe Serious's rating: 1703 &rarr; <strong>1728</strong><br />(+25 for winning)
|raw|Mr.diversity's rating: 1795 &rarr; <strong>1770</strong><br />(-25 for losing)
|l|☆Mr.diversity
|player|p2|
|c|☆Xwipe Serious|gg
|l|☆Xwipe Serious
|player|p1|
|j| NotLookinForAName
