|j|☆sad girl sax
|j|☆kinsword
|t:|1743864445
|gametype|singles
|player|p1|sad girl sax|miku-psychic|1329
|player|p2|kinsword|2|1312
|teamsize|p1|6
|teamsize|p2|6
|gen|9
|tier|[Gen 9] OU
|rated|
|rule|HP Percentage Mod: HP is shown in percentages
|rule|Endless Battle Clause: Forcing endless battles is banned
|rule|Species Clause: Limit one of each Pokémon
|rule|OHKO Clause: OHKO moves are banned
|rule|Evasion Items Clause: Evasion items are banned
|rule|Evasion Moves Clause: Evasion moves are banned
|rule|Sleep Moves Clause: Sleep-inducing moves are banned
|clearpoke
|poke|p1|Mienshao, F|
|poke|p1|Rillaboom, M|
|poke|p1|Dragapult, F|
|poke|p1|Iron Valiant|
|poke|p1|Slowking-Galar, M|
|poke|p1|Scizor, F|
|poke|p2|Eelektross, M|
|poke|p2|Zapdos-Galar|
|poke|p2|Brambleghast, F|
|poke|p2|Goodra-Hisui, F|
|poke|p2|Entei|
|poke|p2|Suicune|
|teampreview
|inactive|Battle timer is ON: inactive players will automatically lose when time's up. (requested by kinsword)
|
|t:|1743864455
|start
|switch|p1a: Mienshao|Mienshao, F|100/100
|switch|p2a: Zapdos|Zapdos-Galar|100/100
|turn|1
|
|t:|1743864469
|switch|p1a: Scizor|Scizor, F|100/100
|move|p2a: Zapdos|Brave Bird|p1a: Scizor
|-damage|p1a: Scizor|39/100
|-damage|p2a: Zapdos|79/100|[from] Recoil
|
|upkeep
|turn|2
|
|t:|1743864479
|move|p1a: Scizor|Bullet Punch|p2a: Zapdos
|-damage|p2a: Zapdos|42/100
|move|p2a: Zapdos|Brave Bird|p1a: Scizor
|-damage|p1a: Scizor|0 fnt
|faint|p1a: Scizor
|-damage|p2a: Zapdos|29/100|[from] Recoil
|
|upkeep
|
|t:|1743864488
|switch|p1a: Rillaboom|Rillaboom, M|100/100
|-fieldstart|move: Grassy Terrain|[from] ability: Grassy Surge|[of] p1a: Rillaboom
|turn|3
|
|t:|1743864493
|switch|p2a: Goodra|Goodra-Hisui, F|100/100
|move|p1a: Rillaboom|Grassy Glide|p2a: Goodra
|-ability|p2a: Goodra|Sap Sipper|boost
|-boost|p2a: Goodra|atk|1
|
|upkeep
|turn|4
|
|t:|1743864520
|switch|p1a: Mienshao|Mienshao, F|100/100
|move|p2a: Goodra|Flash Cannon|p1a: Mienshao
|-damage|p1a: Mienshao|38/100
|
|-heal|p1a: Mienshao|44/100|[from] Grassy Terrain
|upkeep
|turn|5
|
|t:|1743864529
|switch|p2a: Brambleghast|Brambleghast, F|100/100
|move|p1a: Mienshao|U-turn|p2a: Brambleghast
|-damage|p2a: Brambleghast|55/100
|
|t:|1743864537
|switch|p1a: Dragapult|Dragapult, F|100/100|[from] U-turn
|
|-heal|p2a: Brambleghast|61/100|[from] Grassy Terrain
|upkeep
|turn|6
|
|t:|1743864545
|switch|p2a: Goodra|Goodra-Hisui, F|100/100
|move|p1a: Dragapult|Shadow Ball|p2a: Goodra
|-damage|p2a: Goodra|70/100
|
|-heal|p2a: Goodra|76/100|[from] Grassy Terrain
|-heal|p2a: Goodra|82/100|[from] item: Leftovers
|upkeep
|turn|7
|
|t:|1743864556
|switch|p1a: Slowking|Slowking-Galar, M|100/100
|move|p2a: Goodra|Earthquake|p1a: Slowking
|-supereffective|p1a: Slowking
|-damage|p1a: Slowking|77/100
|
|-heal|p2a: Goodra|88/100|[from] Grassy Terrain
|-heal|p2a: Goodra|94/100|[from] item: Leftovers
|-heal|p1a: Slowking|83/100|[from] Grassy Terrain
|-fieldend|move: Grassy Terrain
|upkeep
|turn|8
|
|t:|1743864568
|move|p2a: Goodra|Flash Cannon|p1a: Slowking
|-damage|p1a: Slowking|63/100
|-prepare|p1a: Slowking|Chilly Reception|[premajor]
|move|p1a: Slowking|Chilly Reception|p1a: Slowking
|-weather|Snowscape
|
|t:|1743864575
|switch|p1a: Mienshao|Mienshao, F|44/100|[from] Chilly Reception
|
|-weather|Snowscape|[upkeep]
|-heal|p2a: Goodra|99/100|[from] item: Leftovers
|upkeep
|turn|9
|
|t:|1743864585
|move|p1a: Mienshao|High Jump Kick|p2a: Goodra
|-supereffective|p2a: Goodra
|-damage|p2a: Goodra|0 fnt
|faint|p2a: Goodra
|
|-weather|Snowscape|[upkeep]
|upkeep
|
|t:|1743864593
|switch|p2a: Zapdos|Zapdos-Galar|29/100
|turn|10
|
|t:|1743864597
|move|p2a: Zapdos|Brave Bird|p1a: Mienshao
|-supereffective|p1a: Mienshao
|-damage|p1a: Mienshao|0 fnt
|faint|p1a: Mienshao
|-damage|p2a: Zapdos|16/100|[from] Recoil
|
|-weather|Snowscape|[upkeep]
|upkeep
|
|t:|1743864606
|switch|p1a: Rillaboom|Rillaboom, M|100/100
|-fieldstart|move: Grassy Terrain|[from] ability: Grassy Surge|[of] p1a: Rillaboom
|turn|11
|
|t:|1743864613
|switch|p2a: Brambleghast|Brambleghast, F|61/100
|move|p1a: Rillaboom|Grassy Glide|p2a: Brambleghast
|-resisted|p2a: Brambleghast
|-damage|p2a: Brambleghast|32/100
|-damage|p1a: Rillaboom|91/100|[from] item: Life Orb
|
|-weather|Snowscape|[upkeep]
|-heal|p1a: Rillaboom|97/100|[from] Grassy Terrain
|-heal|p2a: Brambleghast|38/100|[from] Grassy Terrain
|upkeep
|turn|12
|
|t:|1743864628
|switch|p1a: Slowking|Slowking-Galar, M|96/100
|move|p2a: Brambleghast|Strength Sap|p1a: Slowking
|-unboost|p1a: Slowking|atk|1
|-heal|p2a: Brambleghast|81/100
|
|-weather|none
|-heal|p2a: Brambleghast|87/100|[from] Grassy Terrain
|-heal|p1a: Slowking|100/100|[from] Grassy Terrain
|upkeep
|turn|13
|
|t:|1743864644
|move|p2a: Brambleghast|Poltergeist|p1a: Slowking
|-activate|p1a: Slowking|move: Poltergeist|Heavy-Duty Boots
|-supereffective|p1a: Slowking
|-damage|p1a: Slowking|0 fnt
|faint|p1a: Slowking
|
|-heal|p2a: Brambleghast|93/100|[from] Grassy Terrain
|upkeep
|
|t:|1743864653
|switch|p1a: Dragapult|Dragapult, F|100/100
|turn|14
|
|t:|1743864659
|-terastallize|p2a: Brambleghast|Fire
|move|p1a: Dragapult|Shadow Ball|p2a: Brambleghast
|-damage|p2a: Brambleghast|29/100
|move|p2a: Brambleghast|Poltergeist|p1a: Dragapult
|-activate|p1a: Dragapult|move: Poltergeist|Choice Specs
|-supereffective|p1a: Dragapult
|-damage|p1a: Dragapult|0 fnt
|faint|p1a: Dragapult
|
|-heal|p2a: Brambleghast|35/100|[from] Grassy Terrain
|upkeep
|
|t:|1743864673
|switch|p1a: Iron Valiant|Iron Valiant|100/100
|-enditem|p1a: Iron Valiant|Booster Energy
|-activate|p1a: Iron Valiant|ability: Quark Drive|[fromitem]
|-start|p1a: Iron Valiant|quarkdrivespe
|turn|15
|
|t:|1743864679
|move|p1a: Iron Valiant|Calm Mind|p1a: Iron Valiant
|-boost|p1a: Iron Valiant|spa|1
|-boost|p1a: Iron Valiant|spd|1
|move|p2a: Brambleghast|Strength Sap|p1a: Iron Valiant
|-unboost|p1a: Iron Valiant|atk|1
|-heal|p2a: Brambleghast|100/100
|
|-fieldend|move: Grassy Terrain
|upkeep
|turn|16
|
|t:|1743864689
|move|p1a: Iron Valiant|Calm Mind|p1a: Iron Valiant
|-boost|p1a: Iron Valiant|spa|1
|-boost|p1a: Iron Valiant|spd|1
|move|p2a: Brambleghast|Rapid Spin|p1a: Iron Valiant
|-damage|p1a: Iron Valiant|81/100
|-boost|p2a: Brambleghast|spe|1
|
|upkeep
|turn|17
|
|t:|1743864699
|-terastallize|p1a: Iron Valiant|Ground
|move|p1a: Iron Valiant|Tera Blast|p2a: Brambleghast|[anim] Tera Blast Ground
|-supereffective|p2a: Brambleghast
|-damage|p2a: Brambleghast|0 fnt
|faint|p2a: Brambleghast
|
|upkeep
|
|t:|1743864711
|switch|p2a: Eelektross|Eelektross, M|100/100
|turn|18
|
|t:|1743864718
|move|p1a: Iron Valiant|Moonblast|p2a: Eelektross
|-damage|p2a: Eelektross|0 fnt
|faint|p2a: Eelektross
|
|upkeep
|
|t:|1743864723
|switch|p2a: Suicune|Suicune|100/100
|-ability|p2a: Suicune|Pressure
|turn|19
|
|t:|1743864729
|move|p1a: Iron Valiant|Thunderbolt|p2a: Suicune
|-supereffective|p2a: Suicune
|-damage|p2a: Suicune|6/100
|-status|p2a: Suicune|par
|move|p2a: Suicune|Scald|p1a: Iron Valiant
|-supereffective|p1a: Iron Valiant
|-damage|p1a: Iron Valiant|35/100
|-status|p1a: Iron Valiant|brn
|
|-heal|p2a: Suicune|13/100 par|[from] item: Leftovers
|-damage|p1a: Iron Valiant|29/100 brn|[from] brn
|upkeep
|turn|20
|
|t:|1743864742
|move|p1a: Iron Valiant|Thunderbolt|p2a: Suicune
|-supereffective|p2a: Suicune
|-damage|p2a: Suicune|0 fnt
|faint|p2a: Suicune
|
|-damage|p1a: Iron Valiant|23/100 brn|[from] brn
|upkeep
|
|t:|1743864750
|switch|p2a: Entei|Entei, shiny|100/100
|-ability|p2a: Entei|Pressure
|turn|21
|
|t:|1743864764
|move|p2a: Entei|Extreme Speed|p1a: Iron Valiant
|-damage|p1a: Iron Valiant|0 fnt
|faint|p1a: Iron Valiant
|-end|p1a: Iron Valiant|Quark Drive|[silent]
|
|upkeep
|
|t:|1743864769
|switch|p1a: Rillaboom|Rillaboom, M|97/100
|-fieldstart|move: Grassy Terrain|[from] ability: Grassy Surge|[of] p1a: Rillaboom
|turn|22
|
|t:|1743864777
|move|p2a: Entei|Sacred Fire|p1a: Rillaboom
|-supereffective|p1a: Rillaboom
|-damage|p1a: Rillaboom|0 fnt
|faint|p1a: Rillaboom
|
|win|kinsword
|raw|sad girl sax's rating: 1329 &rarr; <strong>1308</strong><br />(-21 for losing)
|raw|kinsword's rating: 1312 &rarr; <strong>1333</strong><br />(+21 for winning)
|l|☆sad girl sax
|player|p1|
|l|☆kinsword
|player|p2|
