|j|☆Gravy'n Toast
|j|☆hurryupsnufkin
|t:|1743837122
|gametype|singles
|player|p1|Gravy'n Toast|giovanni|1270
|player|p2|hurryupsnufkin|caitlin|1247
|teamsize|p1|6
|teamsize|p2|6
|gen|9
|tier|[Gen 9] OU
|rated|
|rule|HP Percentage Mod: HP is shown in percentages
|rule|Endless Battle Clause: Forcing endless battles is banned
|rule|Species Clause: Limit one of each Pokémon
|rule|OHKO Clause: OHKO moves are banned
|rule|Evasion Items Clause: Evasion items are banned
|rule|Evasion Moves Clause: Evasion moves are banned
|rule|Sleep Moves Clause: Sleep-inducing moves are banned
|clearpoke
|poke|p1|Kyurem|
|poke|p1|Slowking-Galar, M|
|poke|p1|Moltres|
|poke|p1|Porygon-Z|
|poke|p1|Araquanid, M|
|poke|p1|Iron Treads|
|poke|p2|Ting-Lu|
|poke|p2|Gholdengo|
|poke|p2|Tinkaton, F|
|poke|p2|Moltres|
|poke|p2|Dragapult, F|
|poke|p2|Gliscor, F|
|teampreview
|inactive|Battle timer is ON: inactive players will automatically lose when time's up. (requested by hurryupsnufkin)
|
|t:|1743837138
|start
|switch|p1a: -> sticky web <-|Araquanid, M, shiny|100/100
|switch|p2a: Tinkaton|Tinkaton, F, shiny|100/100
|-item|p2a: Tinkaton|Air Balloon
|turn|1
|
|t:|1743837149
|switch|p1a: zoomer|Iron Treads|100/100
|move|p2a: Tinkaton|Stealth Rock|p1a: zoomer
|-sidestart|p1: Gravy'n Toast|move: Stealth Rock
|
|upkeep
|turn|2
|
|t:|1743837158
|switch|p2a: Moltres|Moltres, shiny|100/100
|move|p1a: zoomer|Knock Off|p2a: Moltres
|-damage|p2a: Moltres|81/100
|-status|p1a: zoomer|brn|[from] ability: Flame Body|[of] p2a: Moltres
|-enditem|p2a: Moltres|Heavy-Duty Boots|[from] move: Knock Off|[of] p1a: zoomer
|
|-damage|p1a: zoomer|94/100 brn|[from] brn
|upkeep
|turn|3
|
|t:|1743837167
|move|p1a: zoomer|Rapid Spin|p2a: Moltres
|-damage|p2a: Moltres|76/100
|-boost|p1a: zoomer|spe|1
|-sideend|p1: Gravy'n Toast|Stealth Rock|[from] move: Rapid Spin|[of] p1a: zoomer
|move|p2a: Moltres|Flamethrower|p1a: zoomer
|-supereffective|p1a: zoomer
|-damage|p1a: zoomer|0 fnt
|faint|p1a: zoomer
|-end|p1a: zoomer|Quark Drive|[silent]
|
|upkeep
|
|t:|1743837175
|switch|p1a: zoop|Slowking-Galar, M|100/100
|turn|4
|
|t:|1743837179
|move|p2a: Moltres|Will-O-Wisp|p1a: zoop
|-status|p1a: zoop|brn
|move|p1a: zoop|Thunder Wave|p2a: Moltres
|-status|p2a: Moltres|par
|
|-damage|p1a: zoop|94/100 brn|[from] brn
|upkeep
|turn|5
|
|t:|1743837187
|-prepare|p1a: zoop|Chilly Reception|[premajor]
|move|p1a: zoop|Chilly Reception|p1a: zoop
|-weather|Snowscape
|
|t:|1743837196
|switch|p1a: -> sticky web <-|Araquanid, M, shiny|100/100|[from] Chilly Reception
|move|p2a: Moltres|Roar|p1a: -> sticky web <-
|drag|p1a: gambling denier|Moltres|100/100
|
|-weather|Snowscape|[upkeep]
|upkeep
|turn|6
|
|t:|1743837207
|switch|p2a: Ting-Lu|Ting-Lu|100/100
|-ability|p2a: Ting-Lu|Vessel of Ruin
|move|p1a: gambling denier|U-turn|p2a: Ting-Lu
|-supereffective|p2a: Ting-Lu
|-damage|p2a: Ting-Lu|85/100
|
|t:|1743837212
|switch|p1a: guess my set|Kyurem|100/100|[from] U-turn
|-ability|p1a: guess my set|Pressure
|
|-weather|Snowscape|[upkeep]
|-heal|p2a: Ting-Lu|91/100|[from] item: Leftovers
|upkeep
|turn|7
|
|t:|1743837223
|switch|p2a: Tinkaton|Tinkaton, F, shiny|100/100
|-item|p2a: Tinkaton|Air Balloon
|move|p1a: guess my set|Blizzard|p2a: Tinkaton
|-resisted|p2a: Tinkaton
|-damage|p2a: Tinkaton|75/100
|-enditem|p2a: Tinkaton|Air Balloon
|
|-weather|Snowscape|[upkeep]
|upkeep
|turn|8
|
|t:|1743837242
|switch|p1a: zoop|Slowking-Galar, M|100/100 brn
|move|p2a: Tinkaton|Stealth Rock|p1a: zoop
|-sidestart|p1: Gravy'n Toast|move: Stealth Rock
|
|-weather|Snowscape|[upkeep]
|-damage|p1a: zoop|94/100 brn|[from] brn
|upkeep
|turn|9
|
|t:|1743837249
|move|p2a: Tinkaton|Knock Off|p1a: zoop
|-supereffective|p1a: zoop
|-damage|p1a: zoop|62/100 brn
|-enditem|p1a: zoop|Black Sludge|[from] move: Knock Off|[of] p2a: Tinkaton
|move|p1a: zoop|Psyshock|p2a: Tinkaton
|-resisted|p2a: Tinkaton
|-damage|p2a: Tinkaton|57/100
|
|-weather|none
|-damage|p1a: zoop|56/100 brn|[from] brn
|upkeep
|turn|10
|
|t:|1743837259
|move|p2a: Tinkaton|Gigaton Hammer|p1a: zoop
|-damage|p1a: zoop|14/100 brn
|-prepare|p1a: zoop|Chilly Reception|[premajor]
|move|p1a: zoop|Chilly Reception|p1a: zoop
|-weather|Snowscape
|
|t:|1743837266
|switch|p1a: -> sticky web <-|Araquanid, M, shiny|100/100|[from] Chilly Reception
|-damage|p1a: -> sticky web <-|75/100|[from] Stealth Rock
|
|-weather|Snowscape|[upkeep]
|upkeep
|turn|11
|
|t:|1743837280
|move|p2a: Tinkaton|Knock Off|p1a: -> sticky web <-
|-damage|p1a: -> sticky web <-|56/100
|-enditem|p1a: -> sticky web <-|Custap Berry|[from] move: Knock Off|[of] p2a: Tinkaton
|move|p1a: -> sticky web <-|Sticky Web|p2a: Tinkaton
|-sidestart|p2: hurryupsnufkin|move: Sticky Web
|
|-weather|Snowscape|[upkeep]
|upkeep
|turn|12
|
|t:|1743837287
|move|p2a: Tinkaton|Gigaton Hammer|p1a: -> sticky web <-
|-resisted|p1a: -> sticky web <-
|-damage|p1a: -> sticky web <-|29/100
|move|p1a: -> sticky web <-|Liquidation|p2a: Tinkaton
|-damage|p2a: Tinkaton|0 fnt
|faint|p2a: Tinkaton
|
|-weather|Snowscape|[upkeep]
|upkeep
|
|t:|1743837305
|switch|p2a: Gholdengo|Gholdengo, shiny|100/100
|-item|p2a: Gholdengo|Air Balloon
|turn|13
|
|t:|1743837314
|move|p2a: Gholdengo|Shadow Ball|p1a: -> sticky web <-
|-damage|p1a: -> sticky web <-|3/100
|move|p1a: -> sticky web <-|Liquidation|p2a: Gholdengo
|-damage|p2a: Gholdengo|59/100
|-enditem|p2a: Gholdengo|Air Balloon
|
|-weather|Snowscape|[upkeep]
|upkeep
|turn|14
|
|t:|1743837324
|move|p2a: Gholdengo|Recover|p2a: Gholdengo
|-heal|p2a: Gholdengo|100/100
|move|p1a: -> sticky web <-|Liquidation|p2a: Gholdengo
|-damage|p2a: Gholdengo|64/100
|
|-weather|none
|upkeep
|turn|15
|
|t:|1743837332
|move|p2a: Gholdengo|Shadow Ball|p1a: -> sticky web <-
|-damage|p1a: -> sticky web <-|0 fnt
|faint|p1a: -> sticky web <-
|
|upkeep
|
|t:|1743837343
|switch|p1a: steel chair|Porygon-Z, shiny|100/100
|-damage|p1a: steel chair|88/100|[from] Stealth Rock
|-ability|p1a: steel chair|Download|boost
|-boost|p1a: steel chair|spa|1
|turn|16
|
|t:|1743837354
|switch|p2a: Ting-Lu|Ting-Lu|91/100
|-activate|p2a: Ting-Lu|move: Sticky Web
|-unboost|p2a: Ting-Lu|spe|1
|-ability|p2a: Ting-Lu|Vessel of Ruin
|-terastallize|p1a: steel chair|Ground
|move|p1a: steel chair|Tera Blast|p2a: Ting-Lu|[anim] Tera Blast Ground
|-damage|p2a: Ting-Lu|64/100
|
|-heal|p2a: Ting-Lu|70/100|[from] item: Leftovers
|upkeep
|turn|17
|
|t:|1743837367
|move|p1a: steel chair|Nasty Plot|p1a: steel chair
|-boost|p1a: steel chair|spa|2
|move|p2a: Ting-Lu|Whirlwind|p1a: steel chair
|drag|p1a: zoop|Slowking-Galar, M|48/100 brn
|-damage|p1a: zoop|35/100 brn|[from] Stealth Rock
|
|-heal|p2a: Ting-Lu|77/100|[from] item: Leftovers
|-damage|p1a: zoop|29/100 brn|[from] brn
|upkeep
|turn|18
|
|t:|1743837377
|switch|p1a: gambling denier|Moltres|100/100
|move|p2a: Ting-Lu|Spikes|p1a: gambling denier
|-sidestart|p1: Gravy'n Toast|Spikes
|
|-heal|p2a: Ting-Lu|83/100|[from] item: Leftovers
|upkeep
|turn|19
|
|t:|1743837386
|switch|p2a: Moltres|Moltres, shiny|76/100 par
|move|p1a: gambling denier|Will-O-Wisp||[still]
|-fail|p1a: gambling denier
|
|upkeep
|turn|20
|
|t:|1743837396
|move|p1a: gambling denier|Flamethrower|p2a: Moltres
|-resisted|p2a: Moltres
|-damage|p2a: Moltres|55/100 par
|move|p2a: Moltres|Roar|p1a: gambling denier
|drag|p1a: zoop|Slowking-Galar, M|62/100 brn
|-damage|p1a: zoop|50/100 brn|[from] Stealth Rock
|-damage|p1a: zoop|38/100 brn|[from] Spikes
|
|-damage|p1a: zoop|31/100 brn|[from] brn
|upkeep
|turn|21
|
|t:|1743837413
|switch|p2a: Gliscor|Gliscor, F|100/100
|-prepare|p1a: zoop|Chilly Reception|[premajor]
|move|p1a: zoop|Chilly Reception|p1a: zoop
|-weather|Snowscape
|
|t:|1743837418
|switch|p1a: guess my set|Kyurem|100/100|[from] Chilly Reception
|-damage|p1a: guess my set|76/100|[from] Stealth Rock
|-damage|p1a: guess my set|63/100|[from] Spikes
|-ability|p1a: guess my set|Pressure
|
|-weather|Snowscape|[upkeep]
|-status|p2a: Gliscor|tox|[from] item: Toxic Orb
|upkeep
|turn|22
|
|t:|1743837428
|move|p2a: Gliscor|Protect|p2a: Gliscor
|-singleturn|p2a: Gliscor|Protect
|move|p1a: guess my set|Blizzard|p2a: Gliscor
|-activate|p2a: Gliscor|move: Protect
|
|-weather|Snowscape|[upkeep]
|upkeep
|turn|23
|
|t:|1743837439
|-terastallize|p2a: Gliscor|Normal
|move|p1a: guess my set|Blizzard|p2a: Gliscor
|-damage|p2a: Gliscor|49/100 tox
|move|p2a: Gliscor|Facade|p1a: guess my set
|-damage|p1a: guess my set|34/100
|
|-weather|Snowscape|[upkeep]
|-heal|p2a: Gliscor|62/100 tox|[from] ability: Poison Heal
|upkeep
|turn|24
|
|t:|1743837450
|move|p2a: Gliscor|Protect|p2a: Gliscor
|-singleturn|p2a: Gliscor|Protect
|move|p1a: guess my set|Blizzard|p2a: Gliscor
|-activate|p2a: Gliscor|move: Protect
|
|-weather|Snowscape|[upkeep]
|-heal|p2a: Gliscor|74/100 tox|[from] ability: Poison Heal
|upkeep
|turn|25
|
|t:|1743837459
|move|p1a: guess my set|Blizzard|p2a: Gliscor
|-damage|p2a: Gliscor|15/100 tox
|move|p2a: Gliscor|Knock Off|p1a: guess my set
|-damage|p1a: guess my set|20/100
|-enditem|p1a: guess my set|Choice Scarf|[from] move: Knock Off|[of] p2a: Gliscor
|
|-weather|none
|-heal|p2a: Gliscor|28/100 tox|[from] ability: Poison Heal
|upkeep
|turn|26
|
|t:|1743837471
|move|p2a: Gliscor|Protect|p2a: Gliscor
|-singleturn|p2a: Gliscor|Protect
|move|p1a: guess my set|Freeze-Dry|p2a: Gliscor
|-activate|p2a: Gliscor|move: Protect
|
|-heal|p2a: Gliscor|40/100 tox|[from] ability: Poison Heal
|upkeep
|turn|27
|
|t:|1743837489
|switch|p2a: Gholdengo|Gholdengo, shiny|64/100
|-activate|p2a: Gholdengo|move: Sticky Web
|-unboost|p2a: Gholdengo|spe|1
|move|p1a: guess my set|Blizzard|p2a: Gholdengo
|-resisted|p2a: Gholdengo
|-damage|p2a: Gholdengo|33/100
|
|upkeep
|turn|28
|
|t:|1743837499
|move|p1a: guess my set|Earth Power|p2a: Gholdengo
|-supereffective|p2a: Gholdengo
|-damage|p2a: Gholdengo|0 fnt
|faint|p2a: Gholdengo
|
|upkeep
|
|t:|1743837505
|switch|p2a: Dragapult|Dragapult, F|100/100
|turn|29
|
|t:|1743837511
|move|p2a: Dragapult|Dragon Darts|p1a: guess my set
|-supereffective|p1a: guess my set
|-damage|p1a: guess my set|0 fnt
|faint|p1a: guess my set
|
|upkeep
|
|t:|1743837518
|switch|p1a: gambling denier|Moltres|100/100
|turn|30
|
|t:|1743837529
|switch|p2a: Gliscor|Gliscor, F, tera:Normal|40/100 tox
|-activate|p2a: Gliscor|move: Sticky Web
|-unboost|p2a: Gliscor|spe|1
|move|p1a: gambling denier|Will-O-Wisp||[still]
|-fail|p1a: gambling denier
|
|-heal|p2a: Gliscor|53/100 tox|[from] ability: Poison Heal
|upkeep
|turn|31
|
|t:|1743837538
|move|p1a: gambling denier|Flamethrower|p2a: Gliscor
|-damage|p2a: Gliscor|20/100 tox
|move|p2a: Gliscor|Knock Off|p1a: gambling denier
|-damage|p1a: gambling denier|84/100
|-enditem|p1a: gambling denier|Heavy-Duty Boots|[from] move: Knock Off|[of] p2a: Gliscor
|
|-heal|p2a: Gliscor|32/100 tox|[from] ability: Poison Heal
|upkeep
|turn|32
|
|t:|1743837548
|move|p2a: Gliscor|Protect|p2a: Gliscor
|-singleturn|p2a: Gliscor|Protect
|move|p1a: gambling denier|Flamethrower|p2a: Gliscor
|-activate|p2a: Gliscor|move: Protect
|
|-heal|p2a: Gliscor|45/100 tox|[from] ability: Poison Heal
|upkeep
|turn|33
|inactive|Gravy'n Toast has 120 seconds left.
|
|t:|1743837580
|move|p1a: gambling denier|Flamethrower|p2a: Gliscor
|-damage|p2a: Gliscor|10/100 tox
|move|p2a: Gliscor|Swords Dance|p2a: Gliscor
|-boost|p2a: Gliscor|atk|2
|
|-heal|p2a: Gliscor|23/100 tox|[from] ability: Poison Heal
|upkeep
|turn|34
|
|t:|1743837590
|move|p2a: Gliscor|Protect|p2a: Gliscor
|-singleturn|p2a: Gliscor|Protect
|move|p1a: gambling denier|Flamethrower|p2a: Gliscor
|-activate|p2a: Gliscor|move: Protect
|
|-heal|p2a: Gliscor|35/100 tox|[from] ability: Poison Heal
|upkeep
|turn|35
|
|t:|1743837598
|move|p1a: gambling denier|Flamethrower|p2a: Gliscor
|-damage|p2a: Gliscor|1/100 tox
|move|p2a: Gliscor|Facade|p1a: gambling denier
|-damage|p1a: gambling denier|12/100
|
|-heal|p2a: Gliscor|13/100 tox|[from] ability: Poison Heal
|upkeep
|turn|36
|
|t:|1743837605
|move|p2a: Gliscor|Protect|p2a: Gliscor
|-singleturn|p2a: Gliscor|Protect
|move|p1a: gambling denier|Roost|p1a: gambling denier
|-heal|p1a: gambling denier|62/100
|-singleturn|p1a: gambling denier|move: Roost
|
|-heal|p2a: Gliscor|26/100 tox|[from] ability: Poison Heal
|upkeep
|turn|37
|
|t:|1743837614
|switch|p2a: Ting-Lu|Ting-Lu|83/100
|-activate|p2a: Ting-Lu|move: Sticky Web
|-unboost|p2a: Ting-Lu|spe|1
|-ability|p2a: Ting-Lu|Vessel of Ruin
|move|p1a: gambling denier|Flamethrower|p2a: Ting-Lu
|-damage|p2a: Ting-Lu|65/100
|
|-heal|p2a: Ting-Lu|71/100|[from] item: Leftovers
|upkeep
|turn|38
|
|t:|1743837624
|move|p1a: gambling denier|U-turn|p2a: Ting-Lu
|-supereffective|p2a: Ting-Lu
|-damage|p2a: Ting-Lu|53/100
|
|t:|1743837633
|switch|p1a: zoop|Slowking-Galar, M|65/100 brn|[from] U-turn
|-damage|p1a: zoop|52/100 brn|[from] Stealth Rock
|-damage|p1a: zoop|40/100 brn|[from] Spikes
|move|p2a: Ting-Lu|Whirlwind|p1a: zoop
|drag|p1a: gambling denier|Moltres|62/100
|-damage|p1a: gambling denier|12/100|[from] Stealth Rock
|
|-heal|p2a: Ting-Lu|60/100|[from] item: Leftovers
|upkeep
|turn|39
|
|t:|1743837645
|move|p1a: gambling denier|Roost|p1a: gambling denier
|-heal|p1a: gambling denier|62/100
|-singleturn|p1a: gambling denier|move: Roost
|move|p2a: Ting-Lu|Whirlwind|p1a: gambling denier
|drag|p1a: steel chair|Porygon-Z, shiny, tera:Ground|88/100
|-damage|p1a: steel chair|82/100|[from] Stealth Rock
|-damage|p1a: steel chair|69/100|[from] Spikes
|-ability|p1a: steel chair|Download|boost
|-boost|p1a: steel chair|spa|1
|
|-heal|p2a: Ting-Lu|66/100|[from] item: Leftovers
|upkeep
|turn|40
|
|t:|1743837656
|move|p1a: steel chair|Ice Beam|p2a: Ting-Lu
|-supereffective|p2a: Ting-Lu
|-damage|p2a: Ting-Lu|15/100
|-status|p2a: Ting-Lu|frz
|cant|p2a: Ting-Lu|frz
|
|-heal|p2a: Ting-Lu|21/100 frz|[from] item: Leftovers
|upkeep
|turn|41
|
|t:|1743837666
|move|p1a: steel chair|Nasty Plot|p1a: steel chair
|-boost|p1a: steel chair|spa|2
|cant|p2a: Ting-Lu|frz
|
|-heal|p2a: Ting-Lu|27/100 frz|[from] item: Leftovers
|upkeep
|turn|42
|
|t:|1743837674
|move|p1a: steel chair|Ice Beam|p2a: Ting-Lu
|-supereffective|p2a: Ting-Lu
|-damage|p2a: Ting-Lu|0 fnt
|faint|p2a: Ting-Lu
|
|upkeep
|
|t:|1743837679
|switch|p2a: Dragapult|Dragapult, F|100/100
|turn|43
|
|t:|1743837684
|move|p2a: Dragapult|Dragon Darts|p1a: steel chair
|-damage|p1a: steel chair|37/100
|-anim|p2a: Dragapult|Dragon Darts|p1a: steel chair
|-damage|p1a: steel chair|8/100
|move|p1a: steel chair|Ice Beam|p2a: Dragapult
|-supereffective|p2a: Dragapult
|-damage|p2a: Dragapult|0 fnt
|faint|p2a: Dragapult
|
|upkeep
|
|t:|1743837693
|switch|p2a: Moltres|Moltres, shiny|55/100 par
|turn|44
|
|t:|1743837696
|move|p1a: steel chair|Thunderbolt|p2a: Moltres
|-supereffective|p2a: Moltres
|-damage|p2a: Moltres|0 fnt
|faint|p2a: Moltres
|
|upkeep
|-message|hurryupsnufkin forfeited.
|
|win|Gravy'n Toast
|raw|Gravy&apos;n Toast's rating: 1270 &rarr; <strong>1293</strong><br />(+23 for winning)
|raw|hurryupsnufkin's rating: 1247 &rarr; <strong>1224</strong><br />(-23 for losing)
|l|☆hurryupsnufkin
|player|p2|
|l|☆Gravy'n Toast
|player|p1|
