|j|☆ruby_yao
|j|☆arj.uno
|t:|1743864591
|gametype|singles
|player|p1|ruby_yao|iono|1179
|player|p2|arj.uno|doctor|1232
|teamsize|p1|6
|teamsize|p2|6
|gen|9
|tier|[Gen 9] OU
|rated|
|rule|HP Percentage Mod: HP is shown in percentages
|rule|Endless Battle Clause: Forcing endless battles is banned
|rule|Species Clause: Limit one of each Pokémon
|rule|OHKO Clause: OHKO moves are banned
|rule|Evasion Items Clause: Evasion items are banned
|rule|Evasion Moves Clause: Evasion moves are banned
|rule|Sleep Moves Clause: Sleep-inducing moves are banned
|clearpoke
|poke|p1|Zamazenta-*|
|poke|p1|Darkrai|
|poke|p1|Ting-Lu|
|poke|p1|Goodra-Hisui, M|
|poke|p1|Skeledirge, F|
|poke|p1|Corviknight, F|
|poke|p2|Leavanny, M|
|poke|p2|Ninetales, M|
|poke|p2|Victreebel, M|
|poke|p2|Quaquaval, M|
|poke|p2|Kilowattrel, M|
|poke|p2|Mimikyu, F|
|teampreview
|inactive|Battle timer is ON: inactive players will automatically lose when time's up. (requested by arj.uno)
|
|t:|1743864612
|start
|switch|p1a: 前面忘了|Ting-Lu|100/100
|switch|p2a: Leavanny|Leavanny, M|100/100
|-ability|p1a: 前面忘了|Vessel of Ruin
|turn|1
|inactive|arj.uno has 120 seconds left.
|inactive|arj.uno has 90 seconds left.
|
|t:|1743864674
|move|p2a: Leavanny|Sticky Web|p1a: 前面忘了
|-sidestart|p1: ruby_yao|move: Sticky Web
|move|p1a: 前面忘了|Ruination|p2a: Leavanny
|-damage|p2a: Leavanny|51/100
|
|upkeep
|turn|2
|inactive|ruby_yao has 120 seconds left.
|
|t:|1743864709
|move|p2a: Leavanny|Leaf Blade|p1a: 前面忘了
|-supereffective|p1a: 前面忘了
|-damage|p1a: 前面忘了|55/100
|move|p1a: 前面忘了|Stone Edge|p2a: Leavanny
|-supereffective|p2a: Leavanny
|-damage|p2a: Leavanny|0 fnt
|faint|p2a: Leavanny
|
|upkeep
|inactive|arj.uno has 90 seconds left.
|
|t:|1743864728
|switch|p2a: Ninetales|Ninetales, M|100/100
|-weather|SunnyDay|[from] ability: Drought|[of] p2a: Ninetales
|turn|3
|
|t:|1743864739
|switch|p2a: Victreebel|Victreebel, M|100/100
|move|p1a: 前面忘了|Earthquake|p2a: Victreebel
|-damage|p2a: Victreebel|24/100
|
|-weather|SunnyDay|[upkeep]
|upkeep
|turn|4
|
|t:|1743864751
|move|p2a: Victreebel|Solar Beam||[still]
|-prepare|p2a: Victreebel|Solar Beam
|-anim|p2a: Victreebel|Solar Beam|p1a: 前面忘了
|-supereffective|p1a: 前面忘了
|-damage|p1a: 前面忘了|25/100
|move|p1a: 前面忘了|Earthquake|p2a: Victreebel
|-damage|p2a: Victreebel|0 fnt
|faint|p2a: Victreebel
|
|-weather|SunnyDay|[upkeep]
|upkeep
|
|t:|1743864758
|switch|p2a: Mimikyu|Mimikyu, F|100/100
|turn|5
|inactive|ruby_yao has 120 seconds left.
|
|t:|1743864775
|move|p2a: Mimikyu|Wood Hammer|p1a: 前面忘了
|-supereffective|p1a: 前面忘了
|-damage|p1a: 前面忘了|0 fnt
|faint|p1a: 前面忘了
|-damage|p2a: Mimikyu|84/100|[from] Recoil
|
|-weather|SunnyDay|[upkeep]
|upkeep
|inactive|ruby_yao has 120 seconds left.
|
|t:|1743864782
|switch|p1a: 后面忘了|Corviknight, F|100/100
|-ability|p1a: 后面忘了|Pressure
|turn|6
|
|t:|1743864789
|switch|p2a: Kilowattrel|Kilowattrel, M|100/100
|move|p1a: 后面忘了|Defog|p2a: Kilowattrel
|-unboost|p2a: Kilowattrel|evasion|1
|-ability|p2a: Kilowattrel|Competitive|boost
|-boost|p2a: Kilowattrel|spa|2
|-sideend|p1: ruby_yao|Sticky Web|[from] move: Defog|[of] p1a: 后面忘了
|
|-weather|SunnyDay|[upkeep]
|upkeep
|turn|7
|
|t:|1743864809
|switch|p1a: 中间忘了|Skeledirge, F|100/100
|move|p2a: Kilowattrel|Discharge|p1a: 中间忘了
|-damage|p1a: 中间忘了|61/100
|
|-weather|SunnyDay|[upkeep]
|upkeep
|turn|8
|
|t:|1743864816
|move|p2a: Kilowattrel|Thunder Wave|p1a: 中间忘了
|-status|p1a: 中间忘了|par
|move|p1a: 中间忘了|Will-O-Wisp|p2a: Kilowattrel
|-status|p2a: Kilowattrel|brn
|
|-weather|SunnyDay|[upkeep]
|-damage|p2a: Kilowattrel|94/100 brn|[from] brn
|upkeep
|turn|9
|
|t:|1743864821
|move|p2a: Kilowattrel|Discharge|p1a: 中间忘了
|-damage|p1a: 中间忘了|25/100 par
|move|p1a: 中间忘了|Slack Off|p1a: 中间忘了
|-heal|p1a: 中间忘了|75/100 par
|
|-weather|SunnyDay|[upkeep]
|-damage|p2a: Kilowattrel|88/100 brn|[from] brn
|upkeep
|turn|10
|
|t:|1743864825
|move|p2a: Kilowattrel|Discharge|p1a: 中间忘了
|-crit|p1a: 中间忘了
|-damage|p1a: 中间忘了|19/100 par
|cant|p1a: 中间忘了|par
|
|-weather|none
|-damage|p2a: Kilowattrel|82/100 brn|[from] brn
|upkeep
|turn|11
|
|t:|1743864830
|move|p2a: Kilowattrel|Air Slash|p1a: 中间忘了
|-damage|p1a: 中间忘了|0 fnt
|faint|p1a: 中间忘了
|
|-damage|p2a: Kilowattrel|76/100 brn|[from] brn
|upkeep
|
|t:|1743864837
|switch|p1a: 我需要再生力|Goodra-Hisui, M|100/100
|turn|12
|
|t:|1743864840
|move|p2a: Kilowattrel|Thunder Wave|p1a: 我需要再生力
|-status|p1a: 我需要再生力|par
|cant|p1a: 我需要再生力|par
|
|-damage|p2a: Kilowattrel|70/100 brn|[from] brn
|upkeep
|turn|13
|
|t:|1743864847
|switch|p2a: Ninetales|Ninetales, M|100/100
|-weather|SunnyDay|[from] ability: Drought|[of] p2a: Ninetales
|move|p1a: 我需要再生力|Ice Beam|p2a: Ninetales
|-resisted|p2a: Ninetales
|-damage|p2a: Ninetales|73/100
|
|-weather|SunnyDay|[upkeep]
|upkeep
|turn|14
|
|t:|1743864852
|switch|p1a: 我需要格子|Zamazenta|100/100
|-ability|p1a: 我需要格子|Dauntless Shield|boost
|-boost|p1a: 我需要格子|def|1
|move|p2a: Ninetales|Nasty Plot|p2a: Ninetales
|-boost|p2a: Ninetales|spa|2
|
|-weather|SunnyDay|[upkeep]
|upkeep
|turn|15
|
|t:|1743864857
|move|p1a: 我需要格子|Crunch|p2a: Ninetales
|-damage|p2a: Ninetales|3/100
|move|p2a: Ninetales|Flamethrower|p1a: 我需要格子
|-damage|p1a: 我需要格子|11/100
|
|-weather|SunnyDay|[upkeep]
|upkeep
|turn|16
|
|t:|1743864863
|move|p1a: 我需要格子|Crunch|p2a: Ninetales
|-damage|p2a: Ninetales|0 fnt
|faint|p2a: Ninetales
|
|-weather|SunnyDay|[upkeep]
|upkeep
|
|t:|1743864866
|switch|p2a: Kilowattrel|Kilowattrel, M|70/100 brn
|turn|17
|
|t:|1743864869
|move|p2a: Kilowattrel|Discharge|p1a: 我需要格子
|-damage|p1a: 我需要格子|0 fnt
|faint|p1a: 我需要格子
|
|-weather|SunnyDay|[upkeep]
|-damage|p2a: Kilowattrel|64/100 brn|[from] brn
|upkeep
|
|t:|1743864872
|switch|p1a: 我需要再生力|Goodra-Hisui, M|100/100 par
|turn|18
|
|t:|1743864875
|move|p2a: Kilowattrel|Weather Ball|p1a: 我需要再生力
|-damage|p1a: 我需要再生力|70/100 par
|cant|p1a: 我需要再生力|par
|
|-weather|SunnyDay|[upkeep]
|-damage|p2a: Kilowattrel|58/100 brn|[from] brn
|upkeep
|turn|19
|
|t:|1743864880
|move|p2a: Kilowattrel|Weather Ball|p1a: 我需要再生力
|-damage|p1a: 我需要再生力|41/100 par
|cant|p1a: 我需要再生力|par
|
|-weather|SunnyDay|[upkeep]
|-damage|p2a: Kilowattrel|52/100 brn|[from] brn
|upkeep
|turn|20
|
|t:|1743864885
|move|p2a: Kilowattrel|Weather Ball|p1a: 我需要再生力
|-damage|p1a: 我需要再生力|9/100 par
|move|p1a: 我需要再生力|Ice Beam|p2a: Kilowattrel
|-supereffective|p2a: Kilowattrel
|-damage|p2a: Kilowattrel|0 fnt
|faint|p2a: Kilowattrel
|
|-weather|none
|upkeep
|
|t:|1743864888
|switch|p2a: Quaquaval|Quaquaval, M|100/100
|turn|21
|
|t:|1743864890
|move|p2a: Quaquaval|Aqua Step|p1a: 我需要再生力
|-resisted|p1a: 我需要再生力
|-damage|p1a: 我需要再生力|0 fnt
|-boost|p2a: Quaquaval|spe|1
|faint|p1a: 我需要再生力
|-ability|p2a: Quaquaval|Moxie|boost
|-boost|p2a: Quaquaval|atk|1
|
|upkeep
|
|t:|1743864893
|switch|p1a: 后面忘了|Corviknight, F|100/100
|-ability|p1a: 后面忘了|Pressure
|turn|22
|
|t:|1743864899
|move|p2a: Quaquaval|Triple Axel|p1a: 后面忘了
|-damage|p1a: 后面忘了|95/100
|-damage|p2a: Quaquaval|84/100|[from] item: Rocky Helmet|[of] p1a: 后面忘了
|-damage|p1a: 后面忘了|82/100
|-damage|p2a: Quaquaval|68/100|[from] item: Rocky Helmet|[of] p1a: 后面忘了
|-damage|p1a: 后面忘了|65/100
|-damage|p2a: Quaquaval|51/100|[from] item: Rocky Helmet|[of] p1a: 后面忘了
|-hitcount|p1a: 后面忘了|3
|move|p1a: 后面忘了|Iron Defense|p1a: 后面忘了
|-boost|p1a: 后面忘了|def|2
|
|upkeep
|turn|23
|
|t:|1743864917
|move|p2a: Quaquaval|Aqua Step|p1a: 后面忘了
|-damage|p1a: 后面忘了|46/100
|-boost|p2a: Quaquaval|spe|1
|-damage|p2a: Quaquaval|35/100|[from] item: Rocky Helmet|[of] p1a: 后面忘了
|move|p1a: 后面忘了|Iron Defense|p1a: 后面忘了
|-boost|p1a: 后面忘了|def|2
|
|upkeep
|turn|24
|inactive|arj.uno has 120 seconds left.
|
|t:|1743864952
|move|p2a: Quaquaval|Aqua Step|p1a: 后面忘了
|-damage|p1a: 后面忘了|33/100
|-boost|p2a: Quaquaval|spe|1
|-damage|p2a: Quaquaval|19/100|[from] item: Rocky Helmet|[of] p1a: 后面忘了
|move|p1a: 后面忘了|Roost|p1a: 后面忘了
|-heal|p1a: 后面忘了|83/100
|-singleturn|p1a: 后面忘了|move: Roost
|
|upkeep
|turn|25
|inactive|arj.uno has 120 seconds left.
|
|t:|1743864968
|move|p2a: Quaquaval|Aqua Step|p1a: 后面忘了
|-damage|p1a: 后面忘了|72/100
|-boost|p2a: Quaquaval|spe|1
|-damage|p2a: Quaquaval|2/100|[from] item: Rocky Helmet|[of] p1a: 后面忘了
|move|p1a: 后面忘了|Body Press|p2a: Quaquaval
|-crit|p2a: Quaquaval
|-damage|p2a: Quaquaval|0 fnt
|faint|p2a: Quaquaval
|
|upkeep
|
|t:|1743864971
|switch|p2a: Mimikyu|Mimikyu, F|84/100
|turn|26
|
|t:|1743864977
|move|p2a: Mimikyu|Swords Dance|p2a: Mimikyu
|-boost|p2a: Mimikyu|atk|2
|move|p1a: 后面忘了|Roost|p1a: 后面忘了
|-heal|p1a: 后面忘了|100/100
|-singleturn|p1a: 后面忘了|move: Roost
|
|upkeep
|turn|27
|
|t:|1743864979
|switch|p1a: 我也需要格子|Darkrai|100/100
|move|p2a: Mimikyu|Swords Dance|p2a: Mimikyu
|-boost|p2a: Mimikyu|atk|2
|
|upkeep
|turn|28
|
|t:|1743864982
|move|p1a: 我也需要格子|Sucker Punch|p2a: Mimikyu
|-activate|p2a: Mimikyu|ability: Disguise
|-damage|p2a: Mimikyu|84/100
|detailschange|p2a: Mimikyu|Mimikyu-Busted, F
|-damage|p2a: Mimikyu|71/100|[from] pokemon: Mimikyu-Busted
|move|p2a: Mimikyu|Leech Life|p1a: 我也需要格子
|-supereffective|p1a: 我也需要格子
|-damage|p1a: 我也需要格子|0 fnt
|-heal|p2a: Mimikyu|100/100|[from] drain|[of] p1a: 我也需要格子
|faint|p1a: 我也需要格子
|
|upkeep
|
|t:|1743864986
|switch|p1a: 后面忘了|Corviknight, F|100/100
|-ability|p1a: 后面忘了|Pressure
|turn|29
|
|t:|1743864992
|move|p2a: Mimikyu|Leech Life|p1a: 后面忘了
|-resisted|p1a: 后面忘了
|-damage|p1a: 后面忘了|91/100
|-damage|p2a: Mimikyu|84/100|[from] item: Rocky Helmet|[of] p1a: 后面忘了
|move|p1a: 后面忘了|Iron Defense|p1a: 后面忘了
|-boost|p1a: 后面忘了|def|2
|
|upkeep
|turn|30
|
|t:|1743864996
|move|p2a: Mimikyu|Swords Dance|p2a: Mimikyu
|-boost|p2a: Mimikyu|atk|2
|move|p1a: 后面忘了|Iron Defense|p1a: 后面忘了
|-boost|p1a: 后面忘了|def|2
|
|upkeep
|turn|31
|
|t:|1743865004
|move|p2a: Mimikyu|Play Rough|p1a: 后面忘了
|-resisted|p1a: 后面忘了
|-damage|p1a: 后面忘了|76/100
|-damage|p2a: Mimikyu|68/100|[from] item: Rocky Helmet|[of] p1a: 后面忘了
|move|p1a: 后面忘了|Iron Defense|p1a: 后面忘了
|-boost|p1a: 后面忘了|def|2
|
|upkeep
|turn|32
|
|t:|1743865008
|move|p2a: Mimikyu|Leech Life|p1a: 后面忘了
|-resisted|p1a: 后面忘了
|-damage|p1a: 后面忘了|73/100
|-heal|p2a: Mimikyu|70/100|[from] drain|[of] p1a: 后面忘了
|-damage|p2a: Mimikyu|54/100|[from] item: Rocky Helmet|[of] p1a: 后面忘了
|move|p1a: 后面忘了|Defog||[still]
|-fail|p2a: Mimikyu|unboost|[from] item: Clear Amulet|[of] p2a: Mimikyu
|-fail|p1a: 后面忘了
|
|upkeep
|turn|33
|
|t:|1743865011
|move|p2a: Mimikyu|Leech Life|p1a: 后面忘了
|-resisted|p1a: 后面忘了
|-damage|p1a: 后面忘了|70/100
|-heal|p2a: Mimikyu|56/100|[from] drain|[of] p1a: 后面忘了
|-damage|p2a: Mimikyu|40/100|[from] item: Rocky Helmet|[of] p1a: 后面忘了
|move|p1a: 后面忘了|Roost|p1a: 后面忘了
|-heal|p1a: 后面忘了|100/100
|-singleturn|p1a: 后面忘了|move: Roost
|
|upkeep
|turn|34
|
|t:|1743865015
|move|p2a: Mimikyu|Leech Life|p1a: 后面忘了
|-resisted|p1a: 后面忘了
|-damage|p1a: 后面忘了|97/100
|-heal|p2a: Mimikyu|42/100|[from] drain|[of] p1a: 后面忘了
|-damage|p2a: Mimikyu|26/100|[from] item: Rocky Helmet|[of] p1a: 后面忘了
|move|p1a: 后面忘了|Defog||[still]
|-fail|p2a: Mimikyu|unboost|[from] item: Clear Amulet|[of] p2a: Mimikyu
|-fail|p1a: 后面忘了
|
|upkeep
|turn|35
|
|t:|1743865018
|move|p2a: Mimikyu|Leech Life|p1a: 后面忘了
|-resisted|p1a: 后面忘了
|-damage|p1a: 后面忘了|94/100
|-heal|p2a: Mimikyu|29/100|[from] drain|[of] p1a: 后面忘了
|-damage|p2a: Mimikyu|12/100|[from] item: Rocky Helmet|[of] p1a: 后面忘了
|move|p1a: 后面忘了|Roost|p1a: 后面忘了
|-heal|p1a: 后面忘了|100/100
|-singleturn|p1a: 后面忘了|move: Roost
|
|upkeep
|turn|36
|
|t:|1743865021
|move|p2a: Mimikyu|Leech Life|p1a: 后面忘了
|-resisted|p1a: 后面忘了
|-damage|p1a: 后面忘了|97/100
|-heal|p2a: Mimikyu|15/100|[from] drain|[of] p1a: 后面忘了
|-damage|p2a: Mimikyu|0 fnt|[from] item: Rocky Helmet|[of] p1a: 后面忘了
|faint|p2a: Mimikyu
|
|win|ruby_yao
|raw|ruby_yao's rating: 1179 &rarr; <strong>1208</strong><br />(+29 for winning)
|raw|arj.uno's rating: 1232 &rarr; <strong>1203</strong><br />(-29 for losing)
|l|☆arj.uno
|player|p2|
|l|☆ruby_yao
|player|p1|
|j| sakichan345
|l| sakichan345
|j| xinshouSM
|j| lichenxin
|j| sakichan345
|l| sakichan345
|j| sakichan345
