|j|☆Power5121
|j|☆BendoIncorporated
|t:|1743841771
|gametype|singles
|player|p1|Power5121|zinnia|1200
|player|p2|BendoIncorporated|pokemaniac|1215
|teamsize|p1|6
|teamsize|p2|6
|gen|9
|tier|[Gen 9] OU
|rated|
|rule|HP Percentage Mod: HP is shown in percentages
|rule|Endless Battle Clause: Forcing endless battles is banned
|rule|Species Clause: Limit one of each Pokémon
|rule|OHKO Clause: OHKO moves are banned
|rule|Evasion Items Clause: Evasion items are banned
|rule|Evasion Moves Clause: Evasion moves are banned
|rule|Sleep Moves Clause: Sleep-inducing moves are banned
|clearpoke
|poke|p1|Toxapex, F|
|poke|p1|Sinistcha-Masterpiece|
|poke|p1|Mandibuzz, F|
|poke|p1|Grimmsnarl, M|
|poke|p1|Dragonite, F|
|poke|p1|Articuno-Galar|
|poke|p2|Great Tusk|
|poke|p2|Galvantula, M|
|poke|p2|Blaziken, F|
|poke|p2|Iron Valiant|
|poke|p2|Slowking-Galar, F|
|poke|p2|Serperior, F|
|teampreview
|inactive|Battle timer is ON: inactive players will automatically lose when time's up. (requested by Power5121)
|
|t:|1743841788
|start
|switch|p1a: Grimmsnarl|Grimmsnarl, M|100/100
|switch|p2a: Galvantula|Galvantula, M|100/100
|turn|1
|
|t:|1743841795
|move|p1a: Grimmsnarl|Play Rough|p2a: Galvantula
|-damage|p2a: Galvantula|12/100
|move|p2a: Galvantula|Bug Buzz|p1a: Grimmsnarl
|-damage|p1a: Grimmsnarl|47/100
|
|upkeep
|turn|2
|
|t:|1743841806
|switch|p2a: Great Tusk|Great Tusk|100/100
|move|p1a: Grimmsnarl|Play Rough|p2a: Great Tusk
|-supereffective|p2a: Great Tusk
|-damage|p2a: Great Tusk|52/100
|-damage|p1a: Grimmsnarl|30/100|[from] item: Rocky Helmet|[of] p2a: Great Tusk
|
|upkeep
|turn|3
|
|t:|1743841814
|switch|p1a: Articuno|Articuno-Galar|100/100
|move|p2a: Great Tusk|Stealth Rock|p1a: Articuno
|-sidestart|p1: Power5121|move: Stealth Rock
|
|upkeep
|turn|4
|
|t:|1743841819
|-end|p2a: Great Tusk|Protosynthesis|[silent]
|switch|p2a: Slowking|Slowking-Galar, F|100/100
|move|p1a: Articuno|Future Sight|p2a: Slowking
|-start|p1a: Articuno|move: Future Sight
|
|upkeep
|turn|5
|
|t:|1743841827
|move|p1a: Articuno|Freezing Glare|p2a: Slowking
|-damage|p2a: Slowking|71/100
|move|p2a: Slowking|Psychic|p1a: Articuno
|-resisted|p1a: Articuno
|-damage|p1a: Articuno|86/100
|
|-heal|p2a: Slowking|77/100|[from] item: Leftovers
|upkeep
|turn|6
|
|t:|1743841838
|move|p1a: Articuno|Freezing Glare|p2a: Slowking
|-damage|p2a: Slowking|45/100
|move|p2a: Slowking|Toxic|p1a: Articuno
|-status|p1a: Articuno|tox
|
|-end|p2a: Slowking|move: Future Sight
|-damage|p2a: Slowking|9/100
|-heal|p2a: Slowking|15/100|[from] item: Leftovers
|-damage|p1a: Articuno|79/100 tox|[from] psn
|upkeep
|turn|7
|
|t:|1743841847
|move|p2a: Slowking|Protect|p2a: Slowking
|-singleturn|p2a: Slowking|Protect
|move|p1a: Articuno|U-turn|p2a: Slowking
|-activate|p2a: Slowking|move: Protect
|
|-heal|p2a: Slowking|21/100|[from] item: Leftovers
|-damage|p1a: Articuno|67/100 tox|[from] psn
|upkeep
|turn|8
|
|t:|1743841859
|move|p1a: Articuno|Freezing Glare|p2a: Slowking
|-damage|p2a: Slowking|0 fnt
|faint|p2a: Slowking
|
|-damage|p1a: Articuno|48/100 tox|[from] psn
|upkeep
|
|t:|1743841867
|switch|p2a: Iron Valiant|Iron Valiant|100/100
|-enditem|p2a: Iron Valiant|Booster Energy
|-activate|p2a: Iron Valiant|ability: Quark Drive|[fromitem]
|-start|p2a: Iron Valiant|quarkdrivespe
|turn|9
|
|t:|1743841873
|switch|p1a: Toxapex|Toxapex, F|100/100
|-damage|p1a: Toxapex|88/100|[from] Stealth Rock
|move|p2a: Iron Valiant|Shadow Ball|p1a: Toxapex
|-damage|p1a: Toxapex|67/100
|
|-heal|p1a: Toxapex|73/100|[from] item: Leftovers
|upkeep
|turn|10
|
|t:|1743841888
|move|p2a: Iron Valiant|Moonblast|p1a: Toxapex
|-resisted|p1a: Toxapex
|-damage|p1a: Toxapex|55/100
|move|p1a: Toxapex|Toxic Spikes|p2a: Iron Valiant
|-sidestart|p2: BendoIncorporated|move: Toxic Spikes
|
|-heal|p1a: Toxapex|61/100|[from] item: Leftovers
|upkeep
|turn|11
|
|t:|1743841894
|move|p2a: Iron Valiant|Encore|p1a: Toxapex
|-start|p1a: Toxapex|Encore
|move|p1a: Toxapex|Toxic Spikes|p2a: Iron Valiant
|-sidestart|p2: BendoIncorporated|move: Toxic Spikes
|
|-heal|p1a: Toxapex|67/100|[from] item: Leftovers
|upkeep
|turn|12
|
|t:|1743841900
|switch|p1a: Grimmsnarl|Grimmsnarl, M|30/100
|-damage|p1a: Grimmsnarl|18/100|[from] Stealth Rock
|move|p2a: Iron Valiant|Calm Mind|p2a: Iron Valiant
|-boost|p2a: Iron Valiant|spa|1
|-boost|p2a: Iron Valiant|spd|1
|
|upkeep
|turn|13
|
|t:|1743841909
|move|p2a: Iron Valiant|Moonblast|p1a: Grimmsnarl
|-supereffective|p1a: Grimmsnarl
|-crit|p1a: Grimmsnarl
|-damage|p1a: Grimmsnarl|0 fnt
|faint|p1a: Grimmsnarl
|
|upkeep
|
|t:|1743841917
|switch|p1a: Toxapex|Toxapex, F|100/100
|-damage|p1a: Toxapex|88/100|[from] Stealth Rock
|turn|14
|
|t:|1743841921
|move|p2a: Iron Valiant|Moonblast|p1a: Toxapex
|-resisted|p1a: Toxapex
|-damage|p1a: Toxapex|59/100
|-unboost|p1a: Toxapex|spa|1
|move|p1a: Toxapex|Poison Jab|p2a: Iron Valiant
|-supereffective|p2a: Iron Valiant
|-damage|p2a: Iron Valiant|48/100
|
|-heal|p1a: Toxapex|65/100|[from] item: Leftovers
|upkeep
|turn|15
|
|t:|1743841930
|move|p2a: Iron Valiant|Moonblast|p1a: Toxapex
|-resisted|p1a: Toxapex
|-damage|p1a: Toxapex|33/100
|move|p1a: Toxapex|Poison Jab|p2a: Iron Valiant
|-supereffective|p2a: Iron Valiant
|-damage|p2a: Iron Valiant|0 fnt
|faint|p2a: Iron Valiant
|-end|p2a: Iron Valiant|Quark Drive|[silent]
|
|-heal|p1a: Toxapex|40/100|[from] item: Leftovers
|upkeep
|
|t:|1743841938
|switch|p2a: Serperior|Serperior, F|100/100
|-status|p2a: Serperior|tox
|turn|16
|
|t:|1743841945
|switch|p1a: Sinistcha|Sinistcha-Masterpiece|100/100
|-damage|p1a: Sinistcha|88/100|[from] Stealth Rock
|move|p2a: Serperior|Leaf Storm|p1a: Sinistcha
|-resisted|p1a: Sinistcha
|-damage|p1a: Sinistcha|61/100
|-boost|p2a: Serperior|spa|2
|
|-heal|p1a: Sinistcha|67/100|[from] item: Leftovers
|-damage|p2a: Serperior|94/100 tox|[from] psn
|upkeep
|turn|17
|
|t:|1743841955
|move|p2a: Serperior|Leaf Storm|p1a: Sinistcha
|-resisted|p1a: Sinistcha
|-damage|p1a: Sinistcha|6/100
|-boost|p2a: Serperior|spa|2
|move|p1a: Sinistcha|Calm Mind|p1a: Sinistcha
|-boost|p1a: Sinistcha|spa|1
|-boost|p1a: Sinistcha|spd|1
|
|-heal|p1a: Sinistcha|12/100|[from] item: Leftovers
|-damage|p2a: Serperior|82/100 tox|[from] psn
|upkeep
|turn|18
|
|t:|1743841964
|move|p2a: Serperior|Giga Drain|p1a: Sinistcha
|-resisted|p1a: Sinistcha
|-damage|p1a: Sinistcha|0 fnt
|-heal|p2a: Serperior|89/100 tox|[from] drain|[of] p1a: Sinistcha
|faint|p1a: Sinistcha
|
|-damage|p2a: Serperior|71/100 tox|[from] psn
|upkeep
|
|t:|1743841968
|switch|p1a: Dragonite|Dragonite, F|100/100
|turn|19
|
|t:|1743841988
|move|p2a: Serperior|Dragon Pulse|p1a: Dragonite
|-supereffective|p1a: Dragonite
|-damage|p1a: Dragonite|40/100
|move|p1a: Dragonite|Dragon Dance|p1a: Dragonite
|-boost|p1a: Dragonite|atk|1
|-boost|p1a: Dragonite|spe|1
|
|-damage|p2a: Serperior|46/100 tox|[from] psn
|upkeep
|turn|20
|
|t:|1743841998
|-terastallize|p1a: Dragonite|Normal
|move|p1a: Dragonite|Extreme Speed|p2a: Serperior
|-damage|p2a: Serperior|0 fnt
|faint|p2a: Serperior
|
|upkeep
|
|t:|1743842008
|switch|p2a: Blaziken|Blaziken, F|100/100
|-status|p2a: Blaziken|tox
|turn|21
|
|t:|1743842011
|move|p1a: Dragonite|Earthquake|p2a: Blaziken
|-supereffective|p2a: Blaziken
|-enditem|p2a: Blaziken|Focus Sash
|-damage|p2a: Blaziken|1/100 tox
|move|p2a: Blaziken|Close Combat|p1a: Dragonite
|-supereffective|p1a: Dragonite
|-damage|p1a: Dragonite|0 fnt
|-unboost|p2a: Blaziken|def|1
|-unboost|p2a: Blaziken|spd|1
|faint|p1a: Dragonite
|
|-damage|p2a: Blaziken|0 fnt|[from] psn
|faint|p2a: Blaziken
|upkeep
|
|t:|1743842029
|switch|p2a: Galvantula|Galvantula, M|12/100
|switch|p1a: Articuno|Articuno-Galar|48/100 tox
|-status|p2a: Galvantula|tox
|turn|22
|
|t:|1743842044
|move|p2a: Galvantula|Volt Switch|p1a: Articuno
|-supereffective|p1a: Articuno
|-damage|p1a: Articuno|0 fnt
|faint|p1a: Articuno
|
|t:|1743842049
|switch|p2a: Great Tusk|Great Tusk|52/100|[from] Volt Switch
|-status|p2a: Great Tusk|tox
|
|-damage|p2a: Great Tusk|46/100 tox|[from] psn
|upkeep
|
|t:|1743842053
|switch|p1a: Mandibuzz|Mandibuzz, F|100/100
|turn|23
|
|t:|1743842061
|move|p2a: Great Tusk|Ice Spinner|p1a: Mandibuzz
|-supereffective|p1a: Mandibuzz
|-damage|p1a: Mandibuzz|66/100
|move|p1a: Mandibuzz|Defog|p2a: Great Tusk
|-unboost|p2a: Great Tusk|evasion|1
|-sideend|p2: BendoIncorporated|Toxic Spikes|[from] move: Defog|[of] p1a: Mandibuzz
|-sideend|p1: Power5121|Stealth Rock|[from] move: Defog|[of] p1a: Mandibuzz
|
|-damage|p2a: Great Tusk|34/100 tox|[from] psn
|upkeep
|turn|24
|
|t:|1743842068
|move|p2a: Great Tusk|Ice Spinner|p1a: Mandibuzz
|-supereffective|p1a: Mandibuzz
|-damage|p1a: Mandibuzz|32/100
|move|p1a: Mandibuzz|Roost|p1a: Mandibuzz
|-heal|p1a: Mandibuzz|82/100
|-singleturn|p1a: Mandibuzz|move: Roost
|
|-damage|p2a: Great Tusk|15/100 tox|[from] psn
|upkeep
|turn|25
|-message|BendoIncorporated forfeited.
|
|win|Power5121
|raw|Power5121's rating: 1200 &rarr; <strong>1226</strong><br />(+26 for winning)
|raw|BendoIncorporated's rating: 1215 &rarr; <strong>1189</strong><br />(-26 for losing)
|l|☆BendoIncorporated
|player|p2|
|l|☆Power5121
|player|p1|
