|j|☆lesbiantoaster69
|j|☆RSDPM
|t:|1743937906
|gametype|singles
|player|p1|lesbiantoaster69|265|1373
|player|p2|RSDPM|riley|1383
|teamsize|p1|6
|teamsize|p2|6
|gen|9
|tier|[Gen 9] OU
|rated|
|rule|HP Percentage Mod: HP is shown in percentages
|rule|Endless Battle Clause: Forcing endless battles is banned
|rule|Species Clause: Limit one of each Pokémon
|rule|OHKO Clause: OHKO moves are banned
|rule|Evasion Items Clause: Evasion items are banned
|rule|Evasion Moves Clause: Evasion moves are banned
|rule|Sleep Moves Clause: Sleep-inducing moves are banned
|clearpoke
|poke|p1|Zapdos|
|poke|p1|Gholdengo|
|poke|p1|Great Tusk|
|poke|p1|Slowking-Galar, M|
|poke|p1|Ting-Lu|
|poke|p1|Kingambit, F|
|poke|p2|Meowscarada, M|
|poke|p2|Skeledirge, M|
|poke|p2|Quaquaval, F|
|poke|p2|Pawmot, M|
|poke|p2|Arboliva, F|
|poke|p2|Tinkaton, F|
|teampreview
|inactive|Battle timer is ON: inactive players will automatically lose when time's up. (requested by lesbiantoaster69)
|
|t:|1743937923
|start
|switch|p1a: Slowking|Slowking-Galar, M|100/100
|switch|p2a: Arboliva|Arboliva, F|100/100
|turn|1
|
|t:|1743937937
|switch|p2a: Tinkaton|Tinkaton, F|100/100
|-ability|p2a: Tinkaton|Mold Breaker
|-prepare|p1a: Slowking|Chilly Reception|[premajor]
|move|p1a: Slowking|Chilly Reception|p1a: Slowking
|-weather|Snowscape
|
|t:|1743937958
|switch|p1a: Ting-Lu|Ting-Lu|100/100|[from] Chilly Reception
|-ability|p1a: Ting-Lu|Vessel of Ruin
|
|-weather|Snowscape|[upkeep]
|upkeep
|turn|2
|
|t:|1743937968
|move|p2a: Tinkaton|Knock Off|p1a: Ting-Lu
|-resisted|p1a: Ting-Lu
|-damage|p1a: Ting-Lu|96/100
|-enditem|p1a: Ting-Lu|Leftovers|[from] move: Knock Off|[of] p2a: Tinkaton
|move|p1a: Ting-Lu|Whirlwind|p2a: Tinkaton
|drag|p2a: Meowscarada|Meowscarada, M|100/100
|
|-weather|Snowscape|[upkeep]
|upkeep
|turn|3
|
|t:|1743937978
|switch|p1a: Slowking|Slowking-Galar, M|100/100
|move|p2a: Meowscarada|U-turn|p1a: Slowking
|-start|p2a: Meowscarada|typechange|Bug|[from] ability: Protean
|-damage|p1a: Slowking|65/100
|
|t:|1743937989
|switch|p2a: Skeledirge|Skeledirge, M|100/100|[from] U-turn
|
|-weather|Snowscape|[upkeep]
|upkeep
|turn|4
|
|t:|1743938004
|switch|p1a: Ting-Lu|Ting-Lu|96/100
|-ability|p1a: Ting-Lu|Vessel of Ruin
|move|p2a: Skeledirge|Torch Song|p1a: Ting-Lu
|-damage|p1a: Ting-Lu|82/100
|-boost|p2a: Skeledirge|spa|1
|
|-weather|Snowscape|[upkeep]
|upkeep
|turn|5
|
|t:|1743938012
|move|p2a: Skeledirge|Will-O-Wisp|p1a: Ting-Lu
|-status|p1a: Ting-Lu|brn
|move|p1a: Ting-Lu|Earthquake|p2a: Skeledirge
|-supereffective|p2a: Skeledirge
|-damage|p2a: Skeledirge|71/100
|
|-weather|none
|-heal|p2a: Skeledirge|77/100|[from] item: Leftovers
|-damage|p1a: Ting-Lu|76/100 brn|[from] brn
|upkeep
|turn|6
|
|t:|1743938017
|move|p2a: Skeledirge|Torch Song|p1a: Ting-Lu
|-damage|p1a: Ting-Lu|57/100 brn
|-boost|p2a: Skeledirge|spa|1
|move|p1a: Ting-Lu|Whirlwind|p2a: Skeledirge
|drag|p2a: Pawmot|Pawmot, M|100/100
|
|-damage|p1a: Ting-Lu|51/100 brn|[from] brn
|upkeep
|turn|7
|
|t:|1743938028
|switch|p2a: Arboliva|Arboliva, F|100/100
|move|p1a: Ting-Lu|Earthquake|p2a: Arboliva
|-resisted|p2a: Arboliva
|-damage|p2a: Arboliva|90/100
|-fieldstart|move: Grassy Terrain|[from] ability: Seed Sower|[of] p2a: Arboliva
|
|-heal|p1a: Ting-Lu|57/100 brn|[from] Grassy Terrain
|-heal|p2a: Arboliva|97/100|[from] Grassy Terrain
|-damage|p1a: Ting-Lu|51/100 brn|[from] brn
|upkeep
|turn|8
|
|t:|1743938034
|move|p1a: Ting-Lu|Ruination|p2a: Arboliva
|-damage|p2a: Arboliva|49/100
|move|p2a: Arboliva|Giga Drain|p1a: Ting-Lu
|-supereffective|p1a: Ting-Lu
|-damage|p1a: Ting-Lu|8/100 brn
|-heal|p2a: Arboliva|79/100|[from] drain|[of] p1a: Ting-Lu
|
|-heal|p1a: Ting-Lu|15/100 brn|[from] Grassy Terrain
|-heal|p2a: Arboliva|85/100|[from] Grassy Terrain
|-damage|p1a: Ting-Lu|8/100 brn|[from] brn
|upkeep
|turn|9
|
|t:|1743938044
|move|p1a: Ting-Lu|Ruination|p2a: Arboliva
|-damage|p2a: Arboliva|43/100
|move|p2a: Arboliva|Giga Drain|p1a: Ting-Lu
|-supereffective|p1a: Ting-Lu
|-damage|p1a: Ting-Lu|0 fnt
|-heal|p2a: Arboliva|48/100|[from] drain|[of] p1a: Ting-Lu
|faint|p1a: Ting-Lu
|
|-heal|p2a: Arboliva|55/100|[from] Grassy Terrain
|upkeep
|
|t:|1743938055
|switch|p1a: Zapdos|Zapdos|100/100
|turn|10
|
|t:|1743938060
|switch|p2a: Skeledirge|Skeledirge, M|77/100
|move|p1a: Zapdos|Hurricane|p2a: Skeledirge
|-damage|p2a: Skeledirge|46/100
|-start|p2a: Skeledirge|confusion
|
|-heal|p2a: Skeledirge|52/100|[from] Grassy Terrain
|-heal|p2a: Skeledirge|58/100|[from] item: Leftovers
|upkeep
|turn|11
|
|t:|1743938069
|move|p1a: Zapdos|Discharge|p2a: Skeledirge
|-damage|p2a: Skeledirge|33/100
|-activate|p2a: Skeledirge|confusion
|move|p2a: Skeledirge|Slack Off|p2a: Skeledirge
|-heal|p2a: Skeledirge|83/100
|
|-heal|p2a: Skeledirge|89/100|[from] Grassy Terrain
|-heal|p2a: Skeledirge|95/100|[from] item: Leftovers
|-fieldend|move: Grassy Terrain
|upkeep
|turn|12
|
|t:|1743938077
|move|p1a: Zapdos|Discharge|p2a: Skeledirge
|-damage|p2a: Skeledirge|70/100
|-activate|p2a: Skeledirge|confusion
|move|p2a: Skeledirge|Torch Song|p1a: Zapdos
|-damage|p1a: Zapdos|71/100
|-boost|p2a: Skeledirge|spa|1
|
|-heal|p2a: Skeledirge|76/100|[from] item: Leftovers
|upkeep
|turn|13
|
|t:|1743938094
|move|p1a: Zapdos|Hurricane|p2a: Skeledirge
|-damage|p2a: Skeledirge|42/100
|-activate|p2a: Skeledirge|confusion
|move|p2a: Skeledirge|Torch Song|p1a: Zapdos
|-damage|p1a: Zapdos|25/100
|-boost|p2a: Skeledirge|spa|1
|
|-heal|p2a: Skeledirge|49/100|[from] item: Leftovers
|upkeep
|turn|14
|
|t:|1743938108
|move|p1a: Zapdos|U-turn|p2a: Skeledirge
|-resisted|p2a: Skeledirge
|-damage|p2a: Skeledirge|46/100
|
|t:|1743938113
|switch|p1a: Slowking|Slowking-Galar, M|99/100|[from] U-turn
|-activate|p2a: Skeledirge|confusion
|-damage|p2a: Skeledirge|42/100|[from] confusion
|
|-heal|p2a: Skeledirge|48/100|[from] item: Leftovers
|upkeep
|turn|15
|
|t:|1743938119
|-end|p2a: Skeledirge|confusion
|move|p2a: Skeledirge|Will-O-Wisp|p1a: Slowking
|-status|p1a: Slowking|brn
|move|p1a: Slowking|Toxic|p2a: Skeledirge
|-status|p2a: Skeledirge|tox
|
|-heal|p2a: Skeledirge|54/100 tox|[from] item: Leftovers
|-damage|p2a: Skeledirge|48/100 tox|[from] psn
|-damage|p1a: Slowking|93/100 brn|[from] brn
|upkeep
|turn|16
|
|t:|1743938134
|move|p2a: Skeledirge|Hex|p1a: Slowking
|-supereffective|p1a: Slowking
|-damage|p1a: Slowking|0 fnt
|faint|p1a: Slowking
|
|-heal|p2a: Skeledirge|54/100 tox|[from] item: Leftovers
|-damage|p2a: Skeledirge|42/100 tox|[from] psn
|upkeep
|
|t:|1743938140
|switch|p1a: Zapdos|Zapdos|25/100
|turn|17
|
|t:|1743938144
|move|p1a: Zapdos|Hurricane|p2a: Skeledirge
|-damage|p2a: Skeledirge|8/100 tox
|move|p2a: Skeledirge|Torch Song|p1a: Zapdos
|-damage|p1a: Zapdos|0 fnt
|-boost|p2a: Skeledirge|spa|1
|faint|p1a: Zapdos
|
|-heal|p2a: Skeledirge|14/100 tox|[from] item: Leftovers
|-damage|p2a: Skeledirge|0 fnt|[from] psn
|faint|p2a: Skeledirge
|upkeep
|
|t:|1743938162
|switch|p1a: Great Tusk|Great Tusk|100/100
|switch|p2a: Arboliva|Arboliva, F|55/100
|turn|18
|
|t:|1743938167
|-terastallize|p2a: Arboliva|Fairy
|move|p1a: Great Tusk|Ice Spinner|p2a: Arboliva
|-damage|p2a: Arboliva|27/100
|-fieldstart|move: Grassy Terrain|[from] ability: Seed Sower|[of] p2a: Arboliva
|-fieldend|move: Grassy Terrain
|move|p2a: Arboliva|Giga Drain|p1a: Great Tusk
|-supereffective|p1a: Great Tusk
|-damage|p1a: Great Tusk|0 fnt
|-heal|p2a: Arboliva|78/100|[from] drain|[of] p1a: Great Tusk
|faint|p1a: Great Tusk
|-end|p1a: Great Tusk|Protosynthesis|[silent]
|
|upkeep
|
|t:|1743938178
|switch|p1a: Gholdengo|Gholdengo|100/100
|-item|p1a: Gholdengo|Air Balloon
|turn|19
|
|t:|1743938185
|switch|p2a: Tinkaton|Tinkaton, F|100/100
|-ability|p2a: Tinkaton|Mold Breaker
|move|p1a: Gholdengo|Nasty Plot|p1a: Gholdengo
|-boost|p1a: Gholdengo|spa|2
|
|upkeep
|turn|20
|
|t:|1743938190
|move|p2a: Tinkaton|Thunder Wave|p1a: Gholdengo
|-status|p1a: Gholdengo|par
|move|p1a: Gholdengo|Make It Rain|p2a: Tinkaton
|-damage|p2a: Tinkaton|12/100
|-unboost|p1a: Gholdengo|spa|1
|
|upkeep
|turn|21
|
|t:|1743938202
|move|p2a: Tinkaton|Knock Off|p1a: Gholdengo
|-supereffective|p1a: Gholdengo
|-damage|p1a: Gholdengo|75/100 par
|-enditem|p1a: Gholdengo|Air Balloon
|cant|p1a: Gholdengo|par
|
|upkeep
|turn|22
|
|t:|1743938208
|move|p2a: Tinkaton|Knock Off|p1a: Gholdengo
|-supereffective|p1a: Gholdengo
|-damage|p1a: Gholdengo|58/100 par
|cant|p1a: Gholdengo|par
|
|upkeep
|turn|23
|
|t:|1743938213
|switch|p2a: Arboliva|Arboliva, F, tera:Fairy|78/100
|move|p1a: Gholdengo|Recover|p1a: Gholdengo
|-heal|p1a: Gholdengo|100/100 par
|
|upkeep
|turn|24
|
|t:|1743938223
|move|p2a: Arboliva|Earth Power|p1a: Gholdengo
|-supereffective|p1a: Gholdengo
|-damage|p1a: Gholdengo|31/100 par
|cant|p1a: Gholdengo|par
|
|upkeep
|turn|25
|
|t:|1743938229
|move|p2a: Arboliva|Earth Power|p1a: Gholdengo
|-supereffective|p1a: Gholdengo
|-damage|p1a: Gholdengo|0 fnt
|faint|p1a: Gholdengo
|
|upkeep
|
|t:|1743938232
|switch|p1a: Kingambit|Kingambit, F|100/100
|-activate|p1a: Kingambit|ability: Supreme Overlord
|-start|p1a: Kingambit|fallen5|[silent]
|turn|26
|
|t:|1743938240
|-terastallize|p1a: Kingambit|Flying
|move|p1a: Kingambit|Swords Dance|p1a: Kingambit
|-boost|p1a: Kingambit|atk|2
|move|p2a: Arboliva|Earth Power|p1a: Kingambit
|-immune|p1a: Kingambit
|
|upkeep
|turn|27
|
|t:|1743938250
|switch|p2a: Tinkaton|Tinkaton, F|12/100
|-ability|p2a: Tinkaton|Mold Breaker
|move|p1a: Kingambit|Iron Head|p2a: Tinkaton
|-damage|p2a: Tinkaton|0 fnt
|-damage|p1a: Kingambit|84/100|[from] item: Rocky Helmet|[of] p2a: Tinkaton
|faint|p2a: Tinkaton
|
|upkeep
|
|t:|1743938253
|switch|p2a: Pawmot|Pawmot, M|100/100
|turn|28
|
|t:|1743938262
|move|p2a: Pawmot|Double Shock|p1a: Kingambit
|-supereffective|p1a: Kingambit
|-damage|p1a: Kingambit|0 fnt
|-start|p2a: Pawmot|typechange|???/Fighting|[from] move: Double Shock
|faint|p1a: Kingambit
|-end|p1a: Kingambit|fallen5|[silent]
|
|win|RSDPM
|raw|lesbiantoaster69's rating: 1373 &rarr; <strong>1354</strong><br />(-19 for losing)
|raw|RSDPM's rating: 1383 &rarr; <strong>1402</strong><br />(+19 for winning)
|l|☆lesbiantoaster69
|player|p1|
|c|☆RSDPM|gg
|l|☆RSDPM
|player|p2|
