|j|☆piplupg
|j|☆RatherConfusedGuy
|t:|1743842449
|gametype|singles
|player|p1|piplupg|169|1064
|player|p2|RatherConfusedGuy|266|1097
|teamsize|p1|6
|teamsize|p2|6
|gen|9
|tier|[Gen 9] OU
|rated|
|rule|HP Percentage Mod: HP is shown in percentages
|rule|Endless Battle Clause: Forcing endless battles is banned
|rule|Species Clause: Limit one of each Pokémon
|rule|OHKO Clause: OHKO moves are banned
|rule|Evasion Items Clause: Evasion items are banned
|rule|Evasion Moves Clause: Evasion moves are banned
|rule|Sleep Moves Clause: Sleep-inducing moves are banned
|clearpoke
|poke|p1|Piplup, M|
|poke|p1|Gengar, F|
|poke|p1|Monferno, M|
|poke|p1|Kilowattrel, M|
|poke|p1|Croconaw, L1, M|
|poke|p1|Meganium, M|
|poke|p2|Ninetales-Alola, F|
|poke|p2|Zoroark-Hisui, M|
|poke|p2|Gliscor, F|
|poke|p2|Emboar, F|
|poke|p2|Dragapult, M|
|poke|p2|Kingambit, M|
|teampreview
|c|☆piplupg|gl
|
|t:|1743842467
|start
|switch|p1a: Monferno|Monferno, M|100/100
|switch|p2a: Ninetales|Ninetales-Alola, F, shiny|100/100
|-weather|Snowscape|[from] ability: Snow Warning|[of] p2a: Ninetales
|turn|1
|
|t:|1743842481
|switch|p2a: Gliscor|Gliscor, F, shiny|100/100
|move|p1a: Monferno|Agility|p1a: Monferno
|-boost|p1a: Monferno|spe|2
|
|-weather|Snowscape|[upkeep]
|-status|p2a: Gliscor|tox|[from] item: Toxic Orb
|upkeep
|turn|2
|
|t:|1743842493
|move|p1a: Monferno|Fire Punch|p2a: Gliscor
|-damage|p2a: Gliscor|72/100 tox
|move|p2a: Gliscor|Earthquake|p1a: Monferno
|-supereffective|p1a: Monferno
|-damage|p1a: Monferno|4/100
|
|-weather|Snowscape|[upkeep]
|-heal|p2a: Gliscor|85/100 tox|[from] ability: Poison Heal
|upkeep
|turn|3
|
|t:|1743842506
|switch|p1a: Kilowattrel|Kilowattrel, M|100/100
|move|p2a: Gliscor|Earthquake|p1a: Kilowattrel
|-immune|p1a: Kilowattrel
|
|-weather|Snowscape|[upkeep]
|-heal|p2a: Gliscor|97/100 tox|[from] ability: Poison Heal
|upkeep
|turn|4
|
|t:|1743842518
|move|p1a: Kilowattrel|Air Slash|p2a: Gliscor
|-damage|p2a: Gliscor|68/100 tox
|move|p2a: Gliscor|Swords Dance|p2a: Gliscor
|-boost|p2a: Gliscor|atk|2
|
|-weather|Snowscape|[upkeep]
|-heal|p2a: Gliscor|81/100 tox|[from] ability: Poison Heal
|upkeep
|turn|5
|c|☆piplupg|HELL NO
|
|t:|1743842528
|-terastallize|p1a: Kilowattrel|Water
|move|p1a: Kilowattrel|Tera Blast|p2a: Gliscor|[anim] Tera Blast Water
|-supereffective|p2a: Gliscor
|-damage|p2a: Gliscor|9/100 tox
|move|p2a: Gliscor|Swords Dance|p2a: Gliscor
|-boost|p2a: Gliscor|atk|2
|
|-weather|none
|-heal|p2a: Gliscor|22/100 tox|[from] ability: Poison Heal
|upkeep
|turn|6
|
|t:|1743842538
|move|p1a: Kilowattrel|Tera Blast|p2a: Gliscor|[anim] Tera Blast Water
|-supereffective|p2a: Gliscor
|-damage|p2a: Gliscor|0 fnt
|faint|p2a: Gliscor
|
|upkeep
|c|☆piplupg|cant let that happen
|
|t:|1743842550
|switch|p2a: Kingambit|Kingambit, M, shiny|100/100
|turn|7
|
|t:|1743842554
|move|p2a: Kingambit|Shadow Ball|p1a: Kilowattrel
|-damage|p1a: Kilowattrel|0 fnt
|faint|p1a: Kilowattrel
|
|upkeep
|
|t:|1743842560
|switch|p1a: Monferno|Monferno, M|4/100
|turn|8
|
|t:|1743842567
|move|p2a: Kingambit|Shadow Ball|p1a: Monferno
|-crit|p1a: Monferno
|-damage|p1a: Monferno|0 fnt
|faint|p1a: Monferno
|
|upkeep
|
|t:|1743842573
|switch|p1a: Anti Sweeper|Gengar, F|100/100
|turn|9
|
|t:|1743842577
|move|p1a: Anti Sweeper|Destiny Bond|p1a: Anti Sweeper
|-singlemove|p1a: Anti Sweeper|Destiny Bond
|move|p2a: Kingambit|Shadow Ball|p1a: Anti Sweeper
|-supereffective|p1a: Anti Sweeper
|-enditem|p1a: Anti Sweeper|Focus Sash
|-damage|p1a: Anti Sweeper|1/100
|
|upkeep
|turn|10
|
|t:|1743842587
|move|p2a: Kingambit|Shadow Ball|p1a: Anti Sweeper
|-supereffective|p1a: Anti Sweeper
|-damage|p1a: Anti Sweeper|0 fnt
|-start|p2a: Kingambit|Disable|Shadow Ball|[from] ability: Cursed Body|[of] p1a: Anti Sweeper
|faint|p1a: Anti Sweeper
|-activate|p1a: Anti Sweeper|move: Destiny Bond
|faint|p2a: Kingambit
|
|upkeep
|
|t:|1743842606
|switch|p2a: Dragapult|Dragapult, M, shiny|100/100
|switch|p1a: Piplup|Piplup, M|100/100
|turn|11
|
|t:|1743842616
|move|p2a: Dragapult|Shadow Ball|p1a: Piplup
|-damage|p1a: Piplup|56/100
|move|p1a: Piplup|Aqua Ring|p1a: Piplup
|-start|p1a: Piplup|Aqua Ring
|
|-heal|p1a: Piplup|62/100|[from] Aqua Ring
|upkeep
|turn|12
|
|t:|1743842626
|move|p1a: Piplup|Protect|p1a: Piplup
|-singleturn|p1a: Piplup|Protect
|move|p2a: Dragapult|Shadow Ball|p1a: Piplup
|-activate|p1a: Piplup|move: Protect
|
|-heal|p1a: Piplup|68/100|[from] Aqua Ring
|upkeep
|turn|13
|c|☆piplupg|piplup my goat you got this
|
|t:|1743842634
|move|p2a: Dragapult|Shadow Ball|p1a: Piplup
|-damage|p1a: Piplup|29/100
|move|p1a: Piplup|Ice Beam|p2a: Dragapult
|-supereffective|p2a: Dragapult
|-damage|p2a: Dragapult|44/100
|
|-heal|p1a: Piplup|35/100|[from] Aqua Ring
|upkeep
|turn|14
|
|t:|1743842642
|move|p1a: Piplup|Protect|p1a: Piplup
|-singleturn|p1a: Piplup|Protect
|move|p2a: Dragapult|Shadow Ball|p1a: Piplup
|-activate|p1a: Piplup|move: Protect
|
|-heal|p1a: Piplup|41/100|[from] Aqua Ring
|upkeep
|turn|15
|
|t:|1743842653
|-terastallize|p2a: Dragapult|Fairy
|move|p2a: Dragapult|Shadow Ball|p1a: Piplup
|-crit|p1a: Piplup
|-damage|p1a: Piplup|0 fnt
|faint|p1a: Piplup
|
|upkeep
|c|☆piplupg|pls piplup 💔
|
|t:|1743842661
|switch|p1a: Not ZA hype|Croconaw, L1, M|100/100
|turn|16
|
|t:|1743842670
|move|p2a: Dragapult|Shadow Ball|p1a: Not ZA hype
|-damage|p1a: Not ZA hype|0 fnt
|faint|p1a: Not ZA hype
|
|upkeep
|
|t:|1743842676
|switch|p1a: ZA hype|Meganium, M|100/100
|turn|17
|
|t:|1743842679
|move|p2a: Dragapult|U-turn|p1a: ZA hype
|-supereffective|p1a: ZA hype
|-damage|p1a: ZA hype|67/100
|
|t:|1743842682
|switch|p2a: Emboar|Emboar, F, shiny|100/100|[from] U-turn
|move|p1a: ZA hype|Petal Blizzard|p2a: Emboar
|-resisted|p2a: Emboar
|-damage|p2a: Emboar|77/100
|
|-heal|p1a: ZA hype|73/100|[from] item: Leftovers
|upkeep
|turn|18
|c|☆piplupg|ggs i already lost
|
|t:|1743842691
|move|p2a: Emboar|Flare Blitz|p1a: ZA hype
|-supereffective|p1a: ZA hype
|-damage|p1a: ZA hype|0 fnt
|faint|p1a: ZA hype
|-damage|p2a: Emboar|53/100|[from] Recoil
|
|win|RatherConfusedGuy
|raw|piplupg's rating: 1064 &rarr; <strong>1046</strong><br />(-18 for losing)
|raw|RatherConfusedGuy's rating: 1097 &rarr; <strong>1120</strong><br />(+23 for winning)
|l|☆RatherConfusedGuy
|player|p2|
|l|☆piplupg
|player|p1|
