|j|☆bidoooferNEW
|j|☆simple333
|t:|1743823522
|gametype|singles
|player|p1|bidoooferNEW|265|1621
|player|p2|simple333|265|1579
|teamsize|p1|6
|teamsize|p2|6
|gen|9
|tier|[Gen 9] OU
|rated|
|rule|HP Percentage Mod: HP is shown in percentages
|rule|Endless Battle Clause: Forcing endless battles is banned
|rule|Species Clause: Limit one of each Pokémon
|rule|OHKO Clause: OHKO moves are banned
|rule|Evasion Items Clause: Evasion items are banned
|rule|Evasion Moves Clause: Evasion moves are banned
|rule|Sleep Moves Clause: Sleep-inducing moves are banned
|clearpoke
|poke|p1|Torkoal, M|
|poke|p1|Walking Wake|
|poke|p1|Raging Bolt|
|poke|p1|Great Tusk|
|poke|p1|Iron Valiant|
|poke|p1|Hatterene, F|
|poke|p2|Gliscor, F|
|poke|p2|Moltres|
|poke|p2|Primarina, F|
|poke|p2|Zamazenta-*|
|poke|p2|Iron Treads|
|poke|p2|Dragapult, F|
|teampreview
|inactive|Battle timer is ON: inactive players will automatically lose when time's up. (requested by simple333)
|inactive|bidoooferNEW has 120 seconds left.
|inactive|bidoooferNEW has 90 seconds left.
|
|t:|1743823588
|start
|switch|p1a: Iron Valiant|Iron Valiant, shiny|100/100
|switch|p2a: Dragapult|Dragapult, F|100/100
|-enditem|p1a: Iron Valiant|Booster Energy
|-activate|p1a: Iron Valiant|ability: Quark Drive|[fromitem]
|-start|p1a: Iron Valiant|quarkdrivespe
|turn|1
|
|t:|1743823603
|switch|p2a: Moltres|Moltres|100/100
|move|p1a: Iron Valiant|Swords Dance|p1a: Iron Valiant
|-boost|p1a: Iron Valiant|atk|2
|
|upkeep
|turn|2
|
|t:|1743823621
|move|p1a: Iron Valiant|Knock Off|p2a: Moltres
|-damage|p2a: Moltres|50/100
|-status|p1a: Iron Valiant|brn|[from] ability: Flame Body|[of] p2a: Moltres
|-enditem|p2a: Moltres|Heavy-Duty Boots|[from] move: Knock Off|[of] p1a: Iron Valiant
|move|p2a: Moltres|Will-O-Wisp|p1a: Iron Valiant
|-fail|p1a: Iron Valiant|brn
|
|-damage|p1a: Iron Valiant|94/100 brn|[from] brn
|upkeep
|turn|3
|
|t:|1743823630
|-end|p1a: Iron Valiant|Quark Drive|[silent]
|switch|p1a: Torkoal|Torkoal, M|100/100
|-weather|SunnyDay|[from] ability: Drought|[of] p1a: Torkoal
|move|p2a: Moltres|Roost|p2a: Moltres
|-heal|p2a: Moltres|99/100
|-singleturn|p2a: Moltres|move: Roost
|
|-weather|SunnyDay|[upkeep]
|upkeep
|turn|4
|
|t:|1743823632
|move|p2a: Moltres|Flamethrower|p1a: Torkoal
|-resisted|p1a: Torkoal
|-damage|p1a: Torkoal|73/100
|move|p1a: Torkoal|Stealth Rock|p2a: Moltres
|-sidestart|p2: simple333|move: Stealth Rock
|
|-weather|SunnyDay|[upkeep]
|upkeep
|turn|5
|
|t:|1743823636
|switch|p1a: Iron Valiant|Iron Valiant, shiny|94/100 brn
|move|p2a: Moltres|Flamethrower|p1a: Iron Valiant
|-damage|p1a: Iron Valiant|0 fnt
|faint|p1a: Iron Valiant
|-end|p1a: Iron Valiant|Quark Drive|[silent]
|
|-weather|SunnyDay|[upkeep]
|upkeep
|
|t:|1743823640
|switch|p1a: Walking Wake|Walking Wake|100/100
|-activate|p1a: Walking Wake|ability: Protosynthesis
|-start|p1a: Walking Wake|protosynthesisspe
|turn|6
|
|t:|1743823647
|-end|p1a: Walking Wake|Protosynthesis|[silent]
|switch|p1a: Raging Bolt|Raging Bolt|100/100
|-activate|p1a: Raging Bolt|ability: Protosynthesis
|-start|p1a: Raging Bolt|protosynthesisspa
|move|p2a: Moltres|U-turn|p1a: Raging Bolt
|-damage|p1a: Raging Bolt|89/100
|j| m0chaman_829
|
|t:|1743823650
|switch|p2a: Iron Treads|Iron Treads|100/100|[from] U-turn
|-damage|p2a: Iron Treads|97/100|[from] Stealth Rock
|
|-weather|SunnyDay|[upkeep]
|-heal|p1a: Raging Bolt|95/100|[from] item: Leftovers
|upkeep
|turn|7
|l| m0chaman_829
|
|t:|1743823656
|-terastallize|p1a: Raging Bolt|Flying
|move|p2a: Iron Treads|Earthquake|p1a: Raging Bolt
|-immune|p1a: Raging Bolt
|move|p1a: Raging Bolt|Calm Mind|p1a: Raging Bolt
|-boost|p1a: Raging Bolt|spa|1
|-boost|p1a: Raging Bolt|spd|1
|
|-weather|SunnyDay|[upkeep]
|-heal|p1a: Raging Bolt|100/100|[from] item: Leftovers
|upkeep
|turn|8
|
|t:|1743823659
|move|p2a: Iron Treads|Rapid Spin|p1a: Raging Bolt
|-damage|p1a: Raging Bolt|89/100
|-boost|p2a: Iron Treads|spe|1
|-sideend|p2: simple333|Stealth Rock|[from] move: Rapid Spin|[of] p2a: Iron Treads
|move|p1a: Raging Bolt|Dragon Pulse|p2a: Iron Treads
|-resisted|p2a: Iron Treads
|-damage|p2a: Iron Treads|67/100
|
|-weather|SunnyDay|[upkeep]
|-heal|p1a: Raging Bolt|95/100|[from] item: Leftovers
|upkeep
|turn|9
|
|t:|1743823662
|move|p2a: Iron Treads|Knock Off|p1a: Raging Bolt
|-damage|p1a: Raging Bolt|75/100
|-enditem|p1a: Raging Bolt|Leftovers|[from] move: Knock Off|[of] p2a: Iron Treads
|move|p1a: Raging Bolt|Dragon Pulse|p2a: Iron Treads
|-resisted|p2a: Iron Treads
|-damage|p2a: Iron Treads|34/100
|
|-weather|SunnyDay|[upkeep]
|upkeep
|turn|10
|
|t:|1743823667
|move|p2a: Iron Treads|Knock Off|p1a: Raging Bolt
|-damage|p1a: Raging Bolt|63/100
|move|p1a: Raging Bolt|Dragon Pulse|p2a: Iron Treads
|-resisted|p2a: Iron Treads
|-damage|p2a: Iron Treads|4/100
|
|-weather|none
|-end|p1a: Raging Bolt|Protosynthesis
|upkeep
|turn|11
|
|t:|1743823671
|move|p2a: Iron Treads|Volt Switch|p1a: Raging Bolt
|-supereffective|p1a: Raging Bolt
|-damage|p1a: Raging Bolt|51/100
|
|t:|1743823682
|-end|p2a: Iron Treads|Quark Drive|[silent]
|switch|p2a: Primarina|Primarina, F|100/100|[from] Volt Switch
|move|p1a: Raging Bolt|Dragon Pulse|p2a: Primarina
|-immune|p2a: Primarina
|
|upkeep
|turn|12
|
|t:|1743823685
|switch|p2a: Iron Treads|Iron Treads|4/100
|move|p1a: Raging Bolt|Dragon Pulse|p2a: Iron Treads
|-resisted|p2a: Iron Treads
|-damage|p2a: Iron Treads|0 fnt
|faint|p2a: Iron Treads
|-end|p2a: Iron Treads|Quark Drive|[silent]
|
|upkeep
|
|t:|1743823691
|switch|p2a: Dragapult|Dragapult, F|100/100
|turn|13
|
|t:|1743823696
|move|p2a: Dragapult|Draco Meteor|p1a: Raging Bolt
|-damage|p1a: Raging Bolt|4/100
|-unboost|p2a: Dragapult|spa|2
|move|p1a: Raging Bolt|Dragon Pulse|p2a: Dragapult
|-supereffective|p2a: Dragapult
|-damage|p2a: Dragapult|0 fnt
|faint|p2a: Dragapult
|
|upkeep
|
|t:|1743823715
|switch|p2a: Moltres|Moltres|99/100
|turn|14
|inactive|bidoooferNEW has 120 seconds left.
|
|t:|1743823748
|move|p1a: Raging Bolt|Thunderclap|p2a: Moltres
|-supereffective|p2a: Moltres
|-damage|p2a: Moltres|0 fnt
|faint|p2a: Moltres
|
|upkeep
|j| xhawiwihawawax
|c|☆bidoooferNEW|wild
|
|t:|1743823757
|switch|p2a: Zamazenta|Zamazenta|100/100
|-ability|p2a: Zamazenta|Dauntless Shield|boost
|-boost|p2a: Zamazenta|def|1
|turn|15
|
|t:|1743823763
|-end|p1a: Raging Bolt|Protosynthesis|[silent]
|switch|p1a: Torkoal|Torkoal, M|73/100
|-weather|SunnyDay|[from] ability: Drought|[of] p1a: Torkoal
|move|p2a: Zamazenta|Substitute|p2a: Zamazenta
|-start|p2a: Zamazenta|Substitute
|-damage|p2a: Zamazenta|75/100
|
|-weather|SunnyDay|[upkeep]
|-heal|p2a: Zamazenta|82/100|[from] item: Leftovers
|upkeep
|turn|16
|
|t:|1743823765
|move|p2a: Zamazenta|Iron Defense|p2a: Zamazenta
|-boost|p2a: Zamazenta|def|2
|move|p1a: Torkoal|Lava Plume|p2a: Zamazenta
|-end|p2a: Zamazenta|Substitute
|
|-weather|SunnyDay|[upkeep]
|-heal|p2a: Zamazenta|88/100|[from] item: Leftovers
|upkeep
|turn|17
|
|t:|1743823768
|move|p2a: Zamazenta|Substitute|p2a: Zamazenta
|-start|p2a: Zamazenta|Substitute
|-damage|p2a: Zamazenta|63/100
|move|p1a: Torkoal|Lava Plume|p2a: Zamazenta
|-end|p2a: Zamazenta|Substitute
|
|-weather|SunnyDay|[upkeep]
|-heal|p2a: Zamazenta|69/100|[from] item: Leftovers
|upkeep
|turn|18
|
|t:|1743823772
|move|p2a: Zamazenta|Body Press|p1a: Torkoal
|-damage|p1a: Torkoal|14/100
|move|p1a: Torkoal|Lava Plume|p2a: Zamazenta
|-damage|p2a: Zamazenta|38/100
|
|-weather|SunnyDay|[upkeep]
|-heal|p2a: Zamazenta|44/100|[from] item: Leftovers
|upkeep
|turn|19
|
|t:|1743823777
|move|p2a: Zamazenta|Substitute|p2a: Zamazenta
|-start|p2a: Zamazenta|Substitute
|-damage|p2a: Zamazenta|19/100
|move|p1a: Torkoal|Lava Plume|p2a: Zamazenta
|-end|p2a: Zamazenta|Substitute
|
|-weather|SunnyDay|[upkeep]
|-heal|p2a: Zamazenta|25/100|[from] item: Leftovers
|upkeep
|turn|20
|
|t:|1743823784
|switch|p1a: Hatterene|Hatterene, F|100/100
|move|p2a: Zamazenta|Body Press|p1a: Hatterene
|-resisted|p1a: Hatterene
|-damage|p1a: Hatterene|85/100
|
|-weather|SunnyDay|[upkeep]
|-heal|p2a: Zamazenta|31/100|[from] item: Leftovers
|upkeep
|turn|21
|
|t:|1743823789
|-terastallize|p2a: Zamazenta|Steel
|move|p2a: Zamazenta|Substitute|p2a: Zamazenta
|-start|p2a: Zamazenta|Substitute
|-damage|p2a: Zamazenta|6/100
|move|p1a: Hatterene|Dazzling Gleam|p2a: Zamazenta
|-resisted|p2a: Zamazenta
|-activate|p2a: Zamazenta|move: Substitute|[damage]
|
|-weather|SunnyDay|[upkeep]
|-heal|p2a: Zamazenta|13/100|[from] item: Leftovers
|upkeep
|turn|22
|
|t:|1743823794
|move|p2a: Zamazenta|Iron Defense|p2a: Zamazenta
|-boost|p2a: Zamazenta|def|2
|move|p1a: Hatterene|Mystical Fire|p2a: Zamazenta
|-supereffective|p2a: Zamazenta
|-crit|p2a: Zamazenta
|-end|p2a: Zamazenta|Substitute
|
|-weather|none
|-heal|p2a: Zamazenta|19/100|[from] item: Leftovers
|upkeep
|turn|23
|
|t:|1743823807
|move|p2a: Zamazenta|Crunch|p1a: Hatterene
|-crit|p1a: Hatterene
|-damage|p1a: Hatterene|58/100
|-unboost|p1a: Hatterene|def|1
|move|p1a: Hatterene|Mystical Fire|p2a: Zamazenta
|-supereffective|p2a: Zamazenta
|-damage|p2a: Zamazenta|0 fnt
|faint|p2a: Zamazenta
|
|upkeep
|c|☆bidoooferNEW|hmm
|j| nd9gfzgougingfuck
|l| nd9gfzgougingfuck
|
|t:|1743823823
|switch|p2a: Gliscor|Gliscor, F|100/100
|turn|24
|
|t:|1743823830
|move|p2a: Gliscor|Earthquake|p1a: Hatterene
|-damage|p1a: Hatterene|22/100
|move|p1a: Hatterene|Future Sight|p2a: Gliscor
|-start|p1a: Hatterene|move: Future Sight
|
|-status|p2a: Gliscor|tox|[from] item: Toxic Orb
|upkeep
|turn|25
|
|t:|1743823832
|switch|p1a: Torkoal|Torkoal, M|14/100
|-weather|SunnyDay|[from] ability: Drought|[of] p1a: Torkoal
|move|p2a: Gliscor|Earthquake|p1a: Torkoal
|-supereffective|p1a: Torkoal
|-damage|p1a: Torkoal|0 fnt
|faint|p1a: Torkoal
|
|-weather|SunnyDay|[upkeep]
|upkeep
|
|t:|1743823836
|switch|p1a: Great Tusk|Great Tusk|100/100
|-activate|p1a: Great Tusk|ability: Protosynthesis
|-start|p1a: Great Tusk|protosynthesisspe
|turn|26
|
|t:|1743823838
|move|p1a: Great Tusk|Bulk Up|p1a: Great Tusk
|-boost|p1a: Great Tusk|atk|1
|-boost|p1a: Great Tusk|def|1
|move|p2a: Gliscor|Toxic|p1a: Great Tusk
|-status|p1a: Great Tusk|tox
|
|-weather|SunnyDay|[upkeep]
|-end|p2a: Gliscor|move: Future Sight
|-damage|p2a: Gliscor|50/100 tox
|-damage|p1a: Great Tusk|94/100 tox|[from] psn
|-heal|p2a: Gliscor|63/100 tox|[from] ability: Poison Heal
|upkeep
|turn|27
|
|t:|1743823842
|move|p1a: Great Tusk|Bulk Up|p1a: Great Tusk
|-boost|p1a: Great Tusk|atk|1
|-boost|p1a: Great Tusk|def|1
|move|p2a: Gliscor|Spikes|p1a: Great Tusk
|-sidestart|p1: bidoooferNEW|Spikes
|
|-weather|SunnyDay|[upkeep]
|-damage|p1a: Great Tusk|82/100 tox|[from] psn
|-heal|p2a: Gliscor|75/100 tox|[from] ability: Poison Heal
|upkeep
|turn|28
|
|t:|1743823851
|move|p2a: Gliscor|Protect|p2a: Gliscor
|-singleturn|p2a: Gliscor|Protect
|move|p1a: Great Tusk|Ice Spinner|p2a: Gliscor
|-activate|p2a: Gliscor|move: Protect
|
|-weather|SunnyDay|[upkeep]
|-damage|p1a: Great Tusk|63/100 tox|[from] psn
|-heal|p2a: Gliscor|88/100 tox|[from] ability: Poison Heal
|upkeep
|turn|29
|
|t:|1743823859
|move|p1a: Great Tusk|Ice Spinner|p2a: Gliscor
|-supereffective|p2a: Gliscor
|-damage|p2a: Gliscor|0 fnt
|faint|p2a: Gliscor
|
|-weather|SunnyDay|[upkeep]
|-damage|p1a: Great Tusk|38/100 tox|[from] psn
|upkeep
|
|t:|1743823861
|switch|p2a: Primarina|Primarina, F|100/100
|turn|30
|
|t:|1743823863
|move|p1a: Great Tusk|Headlong Rush|p2a: Primarina
|-damage|p2a: Primarina|0 fnt
|-unboost|p1a: Great Tusk|def|1
|-unboost|p1a: Great Tusk|spd|1
|faint|p2a: Primarina
|
|win|bidoooferNEW
|raw|bidoooferNEW's rating: 1621 &rarr; <strong>1639</strong><br />(+18 for winning)
|raw|simple333's rating: 1579 &rarr; <strong>1561</strong><br />(-18 for losing)
|l|☆simple333
|player|p2|
|l| xhawiwihawawax
