|j|☆maractus' no1 fan
|j|‽ihymyly
|t:|1743801362
|gametype|singles
|player|p1|maractus' no1 fan|pokemonbreeder-gen4|1538
|player|p2|ihymyly|cheryl|1596
|teamsize|p1|6
|teamsize|p2|6
|gen|9
|tier|[Gen 9] OU
|rated|
|rule|HP Percentage Mod: HP is shown in percentages
|rule|Endless Battle Clause: Forcing endless battles is banned
|rule|Species Clause: Limit one of each Pokémon
|rule|OHKO Clause: OHKO moves are banned
|rule|Evasion Items Clause: Evasion items are banned
|rule|Evasion Moves Clause: Evasion moves are banned
|rule|Sleep Moves Clause: Sleep-inducing moves are banned
|clearpoke
|poke|p1|Blastoise, F|
|poke|p1|Pelipper, F|
|poke|p1|Dragapult, M|
|poke|p1|Latias, F|
|poke|p1|Azumarill, M|
|poke|p1|Iron Treads|
|poke|p2|Darkrai|
|poke|p2|Iron Valiant|
|poke|p2|Samurott-Hisui, M|
|poke|p2|Dragapult, F|
|poke|p2|Gliscor, M|
|poke|p2|Corviknight, F|
|teampreview
|
|t:|1743801380
|start
|switch|p1a: Pelipper|Pelipper, F|100/100
|switch|p2a: Samurott|Samurott-Hisui, M|100/100
|-weather|RainDance|[from] ability: Drizzle|[of] p1a: Pelipper
|turn|1
|
|t:|1743801390
|move|p2a: Samurott|Ceaseless Edge|p1a: Pelipper
|-damage|p1a: Pelipper|64/100
|-sidestart|p1: maractus' no1 fan|Spikes
|move|p1a: Pelipper|U-turn|p2a: Samurott
|-supereffective|p2a: Samurott
|-damage|p2a: Samurott|81/100
|
|t:|1743801410
|switch|p1a: Dragapult|Dragapult, M|100/100|[from] U-turn
|-damage|p1a: Dragapult|88/100|[from] Spikes
|
|-weather|RainDance|[upkeep]
|upkeep
|turn|2
|
|t:|1743801416
|move|p1a: Dragapult|Draco Meteor|p2a: Samurott
|-damage|p2a: Samurott|15/100
|-unboost|p1a: Dragapult|spa|2
|move|p2a: Samurott|Ceaseless Edge|p1a: Dragapult
|-supereffective|p1a: Dragapult
|-damage|p1a: Dragapult|0 fnt
|-sidestart|p1: maractus' no1 fan|Spikes
|faint|p1a: Dragapult
|
|-weather|RainDance|[upkeep]
|upkeep
|
|t:|1743801427
|switch|p1a: Iron Treads|Iron Treads|100/100
|-damage|p1a: Iron Treads|84/100|[from] Spikes
|turn|3
|
|t:|1743801431
|switch|p2a: Dragapult|Dragapult, F|100/100
|move|p1a: Iron Treads|Knock Off|p2a: Dragapult
|-supereffective|p2a: Dragapult
|-damage|p2a: Dragapult|8/100
|-enditem|p2a: Dragapult|Heavy-Duty Boots|[from] move: Knock Off|[of] p1a: Iron Treads
|
|-weather|RainDance|[upkeep]
|-heal|p1a: Iron Treads|90/100|[from] item: Leftovers
|upkeep
|turn|4
|
|t:|1743801438
|move|p2a: Dragapult|Will-O-Wisp|p1a: Iron Treads
|-status|p1a: Iron Treads|brn
|move|p1a: Iron Treads|Knock Off|p2a: Dragapult
|-supereffective|p2a: Dragapult
|-damage|p2a: Dragapult|0 fnt
|faint|p2a: Dragapult
|
|-weather|RainDance|[upkeep]
|-heal|p1a: Iron Treads|96/100 brn|[from] item: Leftovers
|-damage|p1a: Iron Treads|90/100 brn|[from] brn
|upkeep
|
|t:|1743801446
|switch|p2a: Iron Valiant|Iron Valiant|100/100
|-enditem|p2a: Iron Valiant|Booster Energy
|-activate|p2a: Iron Valiant|ability: Quark Drive|[fromitem]
|-start|p2a: Iron Valiant|quarkdrivespe
|turn|5
|
|t:|1743801452
|move|p2a: Iron Valiant|Encore|p1a: Iron Treads
|-start|p1a: Iron Treads|Encore
|move|p1a: Iron Treads|Knock Off|p2a: Iron Valiant
|-resisted|p2a: Iron Valiant
|-damage|p2a: Iron Valiant|97/100
|
|-weather|RainDance|[upkeep]
|-heal|p1a: Iron Treads|96/100 brn|[from] item: Leftovers
|-damage|p1a: Iron Treads|90/100 brn|[from] brn
|upkeep
|turn|6
|
|t:|1743801466
|-end|p1a: Iron Treads|Quark Drive|[silent]
|switch|p1a: Latias|Latias, F|100/100
|move|p2a: Iron Valiant|Moonblast|p1a: Latias
|-supereffective|p1a: Latias
|-damage|p1a: Latias|35/100
|
|-weather|RainDance|[upkeep]
|upkeep
|turn|7
|
|t:|1743801474
|move|p2a: Iron Valiant|Moonblast|p1a: Latias
|-supereffective|p1a: Latias
|-damage|p1a: Latias|0 fnt
|faint|p1a: Latias
|
|-weather|RainDance|[upkeep]
|upkeep
|
|t:|1743801480
|switch|p1a: Azumarill|Azumarill, M|100/100
|-damage|p1a: Azumarill|84/100|[from] Spikes
|turn|8
|
|t:|1743801484
|move|p2a: Iron Valiant|Moonblast|p1a: Azumarill
|-damage|p1a: Azumarill|35/100
|-enditem|p1a: Azumarill|Sitrus Berry|[eat]
|-heal|p1a: Azumarill|60/100|[from] item: Sitrus Berry
|move|p1a: Azumarill|Belly Drum|p1a: Azumarill
|-damage|p1a: Azumarill|10/100
|-setboost|p1a: Azumarill|atk|6|[from] move: Belly Drum
|
|-weather|none
|upkeep
|turn|9
|
|t:|1743801494
|-end|p2a: Iron Valiant|Quark Drive|[silent]
|switch|p2a: Corviknight|Corviknight, F|100/100
|-ability|p2a: Corviknight|Pressure
|move|p1a: Azumarill|Aqua Jet|p2a: Corviknight
|-damage|p2a: Corviknight|37/100
|-damage|p1a: Azumarill|0 fnt|[from] item: Rocky Helmet|[of] p2a: Corviknight
|faint|p1a: Azumarill
|
|upkeep
|
|t:|1743801499
|switch|p1a: Pelipper|Pelipper, F|64/100
|-weather|RainDance|[from] ability: Drizzle|[of] p1a: Pelipper
|turn|10
|
|t:|1743801518
|move|p2a: Corviknight|U-turn|p1a: Pelipper
|-resisted|p1a: Pelipper
|-damage|p1a: Pelipper|59/100
|
|t:|1743801520
|switch|p2a: Samurott|Samurott-Hisui, M|15/100|[from] U-turn
|move|p1a: Pelipper|U-turn|p2a: Samurott
|-supereffective|p2a: Samurott
|-damage|p2a: Samurott|0 fnt
|faint|p2a: Samurott
|
|t:|1743801525
|switch|p1a: Iron Treads|Iron Treads|90/100 brn|[from] U-turn
|-damage|p1a: Iron Treads|74/100 brn|[from] Spikes
|
|-weather|RainDance|[upkeep]
|-heal|p1a: Iron Treads|80/100 brn|[from] item: Leftovers
|-damage|p1a: Iron Treads|74/100 brn|[from] brn
|upkeep
|
|t:|1743801547
|switch|p2a: Iron Valiant|Iron Valiant|97/100
|turn|11
|
|t:|1743801554
|-terastallize|p1a: Iron Treads|Ghost
|move|p2a: Iron Valiant|Close Combat|p1a: Iron Treads
|-immune|p1a: Iron Treads
|move|p1a: Iron Treads|Rapid Spin|p2a: Iron Valiant
|-damage|p2a: Iron Valiant|87/100
|-boost|p1a: Iron Treads|spe|1
|-sideend|p1: maractus' no1 fan|Spikes|[from] move: Rapid Spin|[of] p1a: Iron Treads
|
|-weather|RainDance|[upkeep]
|-heal|p1a: Iron Treads|80/100 brn|[from] item: Leftovers
|-damage|p1a: Iron Treads|74/100 brn|[from] brn
|upkeep
|turn|12
|
|t:|1743801569
|move|p1a: Iron Treads|Stealth Rock|p2a: Iron Valiant
|-sidestart|p2: ihymyly|move: Stealth Rock
|move|p2a: Iron Valiant|Moonblast|p1a: Iron Treads
|-damage|p1a: Iron Treads|12/100 brn
|
|-weather|RainDance|[upkeep]
|-heal|p1a: Iron Treads|18/100 brn|[from] item: Leftovers
|-damage|p1a: Iron Treads|12/100 brn|[from] brn
|upkeep
|turn|13
|
|t:|1743801573
|move|p1a: Iron Treads|Earthquake|p2a: Iron Valiant
|-damage|p2a: Iron Valiant|57/100
|move|p2a: Iron Valiant|Moonblast|p1a: Iron Treads
|-damage|p1a: Iron Treads|0 fnt
|faint|p1a: Iron Treads
|-end|p1a: Iron Treads|Quark Drive|[silent]
|
|-weather|RainDance|[upkeep]
|upkeep
|
|t:|1743801579
|switch|p1a: Blastoise|Blastoise, F|100/100
|turn|14
|
|t:|1743801582
|move|p2a: Iron Valiant|Moonblast|p1a: Blastoise
|-damage|p1a: Blastoise|52/100
|move|p1a: Blastoise|Shell Smash|p1a: Blastoise
|-unboost|p1a: Blastoise|def|1
|-unboost|p1a: Blastoise|spd|1
|-boost|p1a: Blastoise|atk|2
|-boost|p1a: Blastoise|spa|2
|-boost|p1a: Blastoise|spe|2
|
|-weather|RainDance|[upkeep]
|-heal|p1a: Blastoise|58/100|[from] ability: Rain Dish
|-heal|p1a: Blastoise|64/100|[from] item: Leftovers
|upkeep
|turn|15
|
|t:|1743801590
|move|p1a: Blastoise|Aqua Jet|p2a: Iron Valiant
|-damage|p2a: Iron Valiant|0 fnt
|faint|p2a: Iron Valiant
|-end|p2a: Iron Valiant|Quark Drive|[silent]
|
|-weather|RainDance|[upkeep]
|-heal|p1a: Blastoise|70/100|[from] ability: Rain Dish
|-heal|p1a: Blastoise|76/100|[from] item: Leftovers
|upkeep
|
|t:|1743801595
|switch|p2a: Darkrai|Darkrai, shiny|100/100
|turn|16
|
|t:|1743801598
|move|p1a: Blastoise|Wave Crash|p2a: Darkrai
|-damage|p2a: Darkrai|0 fnt
|faint|p2a: Darkrai
|-damage|p1a: Blastoise|43/100|[from] Recoil
|
|-weather|RainDance|[upkeep]
|-heal|p1a: Blastoise|49/100|[from] ability: Rain Dish
|-heal|p1a: Blastoise|55/100|[from] item: Leftovers
|upkeep
|
|t:|1743801602
|switch|p2a: Corviknight|Corviknight, F|37/100
|-damage|p2a: Corviknight|24/100|[from] Stealth Rock
|-ability|p2a: Corviknight|Pressure
|turn|17
|
|t:|1743801607
|move|p1a: Blastoise|Aqua Jet|p2a: Corviknight
|-damage|p2a: Corviknight|0 fnt
|-damage|p1a: Blastoise|38/100|[from] item: Rocky Helmet|[of] p2a: Corviknight
|faint|p2a: Corviknight
|
|-weather|none
|-heal|p1a: Blastoise|44/100|[from] item: Leftovers
|upkeep
|
|t:|1743801609
|switch|p2a: Gliscor|Gliscor, M|100/100
|-damage|p2a: Gliscor|88/100|[from] Stealth Rock
|turn|18
|
|t:|1743801615
|-terastallize|p2a: Gliscor|Normal
|move|p1a: Blastoise|Ice Spinner|p2a: Gliscor
|-damage|p2a: Gliscor|56/100
|move|p2a: Gliscor|Facade|p1a: Blastoise
|-damage|p1a: Blastoise|5/100
|
|-heal|p1a: Blastoise|11/100|[from] item: Leftovers
|-status|p2a: Gliscor|tox|[from] item: Toxic Orb
|upkeep
|turn|19
|
|t:|1743801622
|move|p2a: Gliscor|Protect|p2a: Gliscor
|-singleturn|p2a: Gliscor|Protect
|move|p1a: Blastoise|Wave Crash|p2a: Gliscor
|-activate|p2a: Gliscor|move: Protect
|
|-heal|p1a: Blastoise|17/100|[from] item: Leftovers
|-heal|p2a: Gliscor|69/100 tox|[from] ability: Poison Heal
|upkeep
|turn|20
|
|t:|1743801626
|move|p1a: Blastoise|Wave Crash|p2a: Gliscor
|-damage|p2a: Gliscor|0 fnt
|faint|p2a: Gliscor
|-damage|p1a: Blastoise|0 fnt|[from] Recoil
|faint|p1a: Blastoise
|
|win|maractus' no1 fan
|raw|maractus&apos; no1 fan's rating: 1538 &rarr; <strong>1560</strong><br />(+22 for winning)
|raw|ihymyly's rating: 1579 &rarr; <strong>1557</strong><br />(-22 for losing)
|l|‽ihymyly
|player|p2|
|l|☆maractus' no1 fan
|player|p1|
