|j|☆rock$tar made
|j|☆YoTeH
|t:|1743829318
|gametype|singles
|player|p1|rock$tar made|red|1825
|player|p2|YoTeH|marnie|1742
|teamsize|p1|6
|teamsize|p2|6
|gen|9
|tier|[Gen 9] OU
|rated|
|rule|HP Percentage Mod: HP is shown in percentages
|rule|Endless Battle Clause: Forcing endless battles is banned
|rule|Species Clause: Limit one of each Pokémon
|rule|OHKO Clause: OHKO moves are banned
|rule|Evasion Items Clause: Evasion items are banned
|rule|Evasion Moves Clause: Evasion moves are banned
|rule|Sleep Moves Clause: Sleep-inducing moves are banned
|clearpoke
|poke|p1|Weezing-Galar, F|
|poke|p1|Alomomola, F|
|poke|p1|Enamorus, F|
|poke|p1|Iron Treads|
|poke|p1|Yanmega, F|
|poke|p1|Zamazenta-*|
|poke|p2|Raging Bolt|
|poke|p2|Kyurem|
|poke|p2|Gholdengo|
|poke|p2|Iron Valiant|
|poke|p2|Tinkaton, F|
|poke|p2|Great Tusk|
|teampreview
|inactive|Battle timer is ON: inactive players will automatically lose when time's up. (requested by rock$tar made)
|
|t:|1743829342
|start
|switch|p1a: Yanmega|Yanmega, F, shiny|100/100
|switch|p2a: Tinkaton|Tinkaton, F, shiny|100/100
|-ability|p2a: Tinkaton|Mold Breaker
|-item|p2a: Tinkaton|Air Balloon
|turn|1
|
|t:|1743829347
|move|p1a: Yanmega|Air Slash|p2a: Tinkaton
|-resisted|p2a: Tinkaton
|-damage|p2a: Tinkaton|56/100
|-enditem|p2a: Tinkaton|Air Balloon
|cant|p2a: Tinkaton|flinch
|
|upkeep
|turn|2
|
|t:|1743829351
|move|p1a: Yanmega|Air Slash|p2a: Tinkaton
|-resisted|p2a: Tinkaton
|-damage|p2a: Tinkaton|6/100
|move|p2a: Tinkaton|Thunder Wave|p1a: Yanmega
|-status|p1a: Yanmega|par
|
|upkeep
|turn|3
|
|t:|1743829357
|move|p2a: Tinkaton|Stealth Rock|p1a: Yanmega
|-sidestart|p1: rock$tar made|move: Stealth Rock
|cant|p1a: Yanmega|par
|
|upkeep
|turn|4
|
|t:|1743829361
|move|p2a: Tinkaton|Gigaton Hammer|p1a: Yanmega
|-crit|p1a: Yanmega
|-damage|p1a: Yanmega|24/100 par
|move|p1a: Yanmega|Air Slash|p2a: Tinkaton
|-resisted|p2a: Tinkaton
|-damage|p2a: Tinkaton|0 fnt
|faint|p2a: Tinkaton
|
|upkeep
|
|t:|1743829369
|switch|p2a: Kyurem|Kyurem, shiny|100/100
|-ability|p2a: Kyurem|Pressure
|turn|5
|
|t:|1743829371
|move|p2a: Kyurem|Dragon Dance|p2a: Kyurem
|-boost|p2a: Kyurem|atk|1
|-boost|p2a: Kyurem|spe|1
|move|p1a: Yanmega|Air Slash|p2a: Kyurem
|-damage|p2a: Kyurem|51/100
|
|upkeep
|turn|6
|
|t:|1743829374
|move|p2a: Kyurem|Icicle Spear|p1a: Yanmega
|-supereffective|p1a: Yanmega
|-damage|p1a: Yanmega|0 fnt
|faint|p1a: Yanmega
|-hitcount|p1: Yanmega|1
|
|upkeep
|
|t:|1743829379
|switch|p1a: Zamazenta|Zamazenta|100/100
|-damage|p1a: Zamazenta|94/100|[from] Stealth Rock
|-ability|p1a: Zamazenta|Dauntless Shield|boost
|-boost|p1a: Zamazenta|def|1
|turn|7
|
|t:|1743829383
|move|p2a: Kyurem|Icicle Spear|p1a: Zamazenta
|-damage|p1a: Zamazenta|82/100
|-damage|p1a: Zamazenta|70/100
|-damage|p1a: Zamazenta|57/100
|-damage|p1a: Zamazenta|44/100
|-damage|p1a: Zamazenta|32/100
|-hitcount|p1a: Zamazenta|5
|move|p1a: Zamazenta|Close Combat|p2a: Kyurem
|-supereffective|p2a: Kyurem
|-damage|p2a: Kyurem|0 fnt
|-unboost|p1a: Zamazenta|def|1
|-unboost|p1a: Zamazenta|spd|1
|faint|p2a: Kyurem
|-damage|p1a: Zamazenta|22/100|[from] item: Life Orb
|
|upkeep
|
|t:|1743829387
|switch|p2a: Iron Valiant|Iron Valiant, shiny|100/100
|-enditem|p2a: Iron Valiant|Booster Energy
|-activate|p2a: Iron Valiant|ability: Quark Drive|[fromitem]
|-start|p2a: Iron Valiant|quarkdrivespe
|turn|8
|
|t:|1743829392
|switch|p1a: Alomomola|Alomomola, F|100/100
|-damage|p1a: Alomomola|88/100|[from] Stealth Rock
|move|p2a: Iron Valiant|Shadow Ball|p1a: Alomomola
|-damage|p1a: Alomomola|74/100
|
|upkeep
|turn|9
|
|t:|1743829395
|move|p2a: Iron Valiant|Moonblast|p1a: Alomomola
|-damage|p1a: Alomomola|48/100
|move|p1a: Alomomola|Play Rough|p2a: Iron Valiant
|-supereffective|p2a: Iron Valiant
|-damage|p2a: Iron Valiant|60/100
|
|upkeep
|turn|10
|
|t:|1743829401
|move|p2a: Iron Valiant|Moonblast|p1a: Alomomola
|-damage|p1a: Alomomola|23/100
|move|p1a: Alomomola|Flip Turn|p2a: Iron Valiant
|-damage|p2a: Iron Valiant|41/100
|
|t:|1743829411
|switch|p1a: Iron Treads|Iron Treads|100/100|[from] Flip Turn
|-damage|p1a: Iron Treads|97/100|[from] Stealth Rock
|
|-heal|p1a: Iron Treads|100/100|[from] item: Leftovers
|upkeep
|turn|11
|
|t:|1743829414
|move|p2a: Iron Valiant|Close Combat|p1a: Iron Treads
|-supereffective|p1a: Iron Treads
|-damage|p1a: Iron Treads|15/100
|-unboost|p2a: Iron Valiant|def|1
|-unboost|p2a: Iron Valiant|spd|1
|move|p1a: Iron Treads|Earthquake|p2a: Iron Valiant
|-damage|p2a: Iron Valiant|0 fnt
|faint|p2a: Iron Valiant
|-end|p2a: Iron Valiant|Quark Drive|[silent]
|
|-heal|p1a: Iron Treads|21/100|[from] item: Leftovers
|upkeep
|
|t:|1743829416
|switch|p2a: Great Tusk|Great Tusk, shiny|100/100
|-enditem|p2a: Great Tusk|Booster Energy
|-activate|p2a: Great Tusk|ability: Protosynthesis|[fromitem]
|-start|p2a: Great Tusk|protosynthesisatk
|turn|12
|
|t:|1743829419
|-end|p1a: Iron Treads|Quark Drive|[silent]
|switch|p1a: Enamorus|Enamorus, F|100/100
|-damage|p1a: Enamorus|76/100|[from] Stealth Rock
|move|p2a: Great Tusk|Rapid Spin|p1a: Enamorus
|-damage|p1a: Enamorus|38/100
|-boost|p2a: Great Tusk|spe|1
|
|upkeep
|turn|13
|
|t:|1743829423
|-terastallize|p2a: Great Tusk|Fire
|move|p1a: Enamorus|Moonblast|p2a: Great Tusk
|-resisted|p2a: Great Tusk
|-damage|p2a: Great Tusk|62/100
|-unboost|p2a: Great Tusk|spa|1
|move|p2a: Great Tusk|Rapid Spin|p1a: Enamorus
|-damage|p1a: Enamorus|1/100
|-boost|p2a: Great Tusk|spe|1
|
|upkeep
|turn|14
|
|t:|1743829429
|move|p2a: Great Tusk|Ice Spinner|p1a: Enamorus
|-supereffective|p1a: Enamorus
|-damage|p1a: Enamorus|0 fnt
|faint|p1a: Enamorus
|
|upkeep
|
|t:|1743829430
|switch|p1a: Alomomola|Alomomola, F|56/100
|-damage|p1a: Alomomola|44/100|[from] Stealth Rock
|turn|15
|
|t:|1743829435
|switch|p1a: Weezing|Weezing-Galar, F|100/100
|-ability|p1a: Weezing|Neutralizing Gas
|-damage|p1a: Weezing|88/100|[from] Stealth Rock
|move|p2a: Great Tusk|Headlong Rush|p1a: Weezing
|-supereffective|p1a: Weezing
|-damage|p1a: Weezing|1/100
|-unboost|p2a: Great Tusk|def|1
|-unboost|p2a: Great Tusk|spd|1
|
|-heal|p1a: Weezing|7/100|[from] item: Leftovers
|upkeep
|turn|16
|
|t:|1743829440
|move|p2a: Great Tusk|Ice Spinner|p1a: Weezing
|-damage|p1a: Weezing|0 fnt
|faint|p1a: Weezing
|-end|p1a: Weezing|ability: Neutralizing Gas
|
|upkeep
|
|t:|1743829442
|switch|p1a: Alomomola|Alomomola, F|77/100
|-damage|p1a: Alomomola|65/100|[from] Stealth Rock
|turn|17
|
|t:|1743829444
|move|p2a: Great Tusk|Headlong Rush|p1a: Alomomola
|-damage|p1a: Alomomola|8/100
|-unboost|p2a: Great Tusk|def|1
|-unboost|p2a: Great Tusk|spd|1
|move|p1a: Alomomola|Scald|p2a: Great Tusk
|-supereffective|p2a: Great Tusk
|-damage|p2a: Great Tusk|0 fnt
|faint|p2a: Great Tusk
|-end|p2a: Great Tusk|Protosynthesis|[silent]
|
|upkeep
|
|t:|1743829447
|switch|p2a: Raging Bolt|Raging Bolt|100/100
|-enditem|p2a: Raging Bolt|Booster Energy
|-activate|p2a: Raging Bolt|ability: Protosynthesis|[fromitem]
|-start|p2a: Raging Bolt|protosynthesisspa
|turn|18
|
|t:|1743829453
|move|p2a: Raging Bolt|Dragon Pulse|p1a: Alomomola
|-damage|p1a: Alomomola|0 fnt
|faint|p1a: Alomomola
|
|upkeep
|
|t:|1743829455
|switch|p1a: Iron Treads|Iron Treads|21/100
|-damage|p1a: Iron Treads|18/100|[from] Stealth Rock
|turn|19
|
|t:|1743829457
|move|p1a: Iron Treads|Earthquake|p2a: Raging Bolt
|-supereffective|p2a: Raging Bolt
|-damage|p2a: Raging Bolt|33/100
|move|p2a: Raging Bolt|Dragon Pulse|p1a: Iron Treads
|-resisted|p1a: Iron Treads
|-damage|p1a: Iron Treads|0 fnt
|faint|p1a: Iron Treads
|-end|p1a: Iron Treads|Quark Drive|[silent]
|
|upkeep
|
|t:|1743829458
|switch|p1a: Zamazenta|Zamazenta|22/100
|-damage|p1a: Zamazenta|16/100|[from] Stealth Rock
|turn|20
|
|t:|1743829460
|move|p2a: Raging Bolt|Thunderclap|p1a: Zamazenta
|-damage|p1a: Zamazenta|0 fnt
|faint|p1a: Zamazenta
|
|win|YoTeH
|raw|rock$tar made's rating: 1825 &rarr; <strong>1800</strong><br />(-25 for losing)
|raw|YoTeH's rating: 1742 &rarr; <strong>1767</strong><br />(+25 for winning)
|l|☆YoTeH
|player|p2|
