|j|☆dmac99
|j|☆jero putero
|t:|1743936804
|gametype|singles
|player|p1|dmac99|veteran|1525
|player|p2|jero putero|2|1472
|teamsize|p1|6
|teamsize|p2|6
|gen|9
|tier|[Gen 9] OU
|rated|
|rule|HP Percentage Mod: HP is shown in percentages
|rule|Endless Battle Clause: Forcing endless battles is banned
|rule|Species Clause: Limit one of each Pokémon
|rule|OHKO Clause: OHKO moves are banned
|rule|Evasion Items Clause: Evasion items are banned
|rule|Evasion Moves Clause: Evasion moves are banned
|rule|Sleep Moves Clause: Sleep-inducing moves are banned
|clearpoke
|poke|p1|Slowking-Galar, F|
|poke|p1|Cinderace, F|
|poke|p1|Kyurem|
|poke|p1|Corviknight, M|
|poke|p1|Ting-Lu|
|poke|p1|Dondozo, F|
|poke|p2|Torkoal, M|
|poke|p2|Corviknight, F|
|poke|p2|Venusaur, F|
|poke|p2|Great Tusk|
|poke|p2|Typhlosion-Hisui, M|
|poke|p2|Walking Wake|
|teampreview
|inactive|Battle timer is ON: inactive players will automatically lose when time's up. (requested by jero putero)
|
|t:|1743936816
|start
|switch|p1a: Slowking|Slowking-Galar, F|100/100
|switch|p2a: I Serve The Face|Great Tusk|100/100
|turn|1
|
|t:|1743936821
|switch|p1a: Corviknight|Corviknight, M, shiny|100/100
|-ability|p1a: Corviknight|Pressure
|move|p2a: I Serve The Face|Close Combat|p1a: Corviknight
|-damage|p1a: Corviknight|60/100
|-unboost|p2a: I Serve The Face|def|1
|-unboost|p2a: I Serve The Face|spd|1
|-enditem|p2a: I Serve The Face|Eject Pack
|-damage|p2a: I Serve The Face|84/100|[from] item: Rocky Helmet|[of] p1a: Corviknight
|
|t:|1743936825
|-end|p2a: I Serve The Face|Protosynthesis|[silent]
|switch|p2a: T= r*Fsin(theta)|Torkoal, M|100/100
|-weather|SunnyDay|[from] ability: Drought|[of] p2a: T= r*Fsin(theta)
|
|-weather|SunnyDay|[upkeep]
|upkeep
|turn|2
|
|t:|1743936829
|switch|p1a: Slowking|Slowking-Galar, F|100/100
|move|p2a: T= r*Fsin(theta)|Stealth Rock|p1a: Slowking
|-sidestart|p1: dmac99|move: Stealth Rock
|
|-weather|SunnyDay|[upkeep]
|upkeep
|turn|3
|
|t:|1743936831
|move|p2a: T= r*Fsin(theta)|Earthquake|p1a: Slowking
|-supereffective|p1a: Slowking
|-enditem|p1a: Slowking|Shuca Berry|[eat]
|-enditem|p1a: Slowking|Shuca Berry|[weaken]
|-damage|p1a: Slowking|85/100
|-prepare|p1a: Slowking|Chilly Reception|[premajor]
|move|p1a: Slowking|Chilly Reception|p1a: Slowking
|-weather|Snowscape
|
|t:|1743936840
|switch|p1a: Cinderace|Cinderace, F|100/100|[from] Chilly Reception
|
|-weather|Snowscape|[upkeep]
|upkeep
|turn|4
|
|t:|1743936846
|switch|p2a: Ty Collar Sign|Typhlosion-Hisui, M|100/100
|move|p1a: Cinderace|Court Change|p1a: Cinderace
|-swapsideconditions
|-activate|p1a: Cinderace|move: Court Change
|
|-weather|Snowscape|[upkeep]
|upkeep
|turn|5
|
|t:|1743936851
|switch|p2a: T= r*Fsin(theta)|Torkoal, M|100/100
|-damage|p2a: T= r*Fsin(theta)|76/100|[from] Stealth Rock
|-weather|SunnyDay|[from] ability: Drought|[of] p2a: T= r*Fsin(theta)
|switch|p1a: Ting-Lu|Ting-Lu|100/100
|-ability|p1a: Ting-Lu|Vessel of Ruin
|
|-weather|SunnyDay|[upkeep]
|upkeep
|turn|6
|
|t:|1743936855
|move|p1a: Ting-Lu|Earthquake|p2a: T= r*Fsin(theta)
|-supereffective|p2a: T= r*Fsin(theta)
|-damage|p2a: T= r*Fsin(theta)|24/100
|move|p2a: T= r*Fsin(theta)|Rapid Spin|p1a: Ting-Lu
|-damage|p1a: Ting-Lu|95/100
|-boost|p2a: T= r*Fsin(theta)|spe|1
|-sideend|p2: jero putero|Stealth Rock|[from] move: Rapid Spin|[of] p2a: T= r*Fsin(theta)
|
|-weather|SunnyDay|[upkeep]
|-heal|p1a: Ting-Lu|100/100|[from] item: Leftovers
|upkeep
|turn|7
|
|t:|1743936861
|switch|p1a: Slowking|Slowking-Galar, F|100/100
|switch|p2a: Dubya|Walking Wake|100/100
|-activate|p2a: Dubya|ability: Protosynthesis
|-start|p2a: Dubya|protosynthesisspe
|
|-weather|SunnyDay|[upkeep]
|upkeep
|turn|8
|
|t:|1743936865
|move|p2a: Dubya|Draco Meteor|p1a: Slowking|[miss]
|-miss|p2a: Dubya|p1a: Slowking
|-prepare|p1a: Slowking|Chilly Reception|[premajor]
|move|p1a: Slowking|Chilly Reception|p1a: Slowking
|-weather|Snowscape
|-end|p2a: Dubya|Protosynthesis
|
|t:|1743936868
|switch|p1a: Kyurem|Kyurem|100/100|[from] Chilly Reception
|-ability|p1a: Kyurem|Pressure
|
|-weather|Snowscape|[upkeep]
|upkeep
|turn|9
|
|t:|1743936870
|switch|p1a: Slowking|Slowking-Galar, F|100/100
|move|p2a: Dubya|Draco Meteor|p1a: Slowking
|-damage|p1a: Slowking|21/100
|-unboost|p2a: Dubya|spa|2
|
|-weather|Snowscape|[upkeep]
|upkeep
|turn|10
|
|t:|1743936875
|switch|p1a: Corviknight|Corviknight, M, shiny|60/100
|-ability|p1a: Corviknight|Pressure
|move|p2a: Dubya|Draco Meteor|p1a: Corviknight
|-resisted|p1a: Corviknight
|-damage|p1a: Corviknight|40/100
|-unboost|p2a: Dubya|spa|2
|
|-weather|Snowscape|[upkeep]
|upkeep
|turn|11
|
|t:|1743936878
|-end|p2a: Dubya|Protosynthesis|[silent]
|switch|p2a: T= r*Fsin(theta)|Torkoal, M|24/100
|-weather|SunnyDay|[from] ability: Drought|[of] p2a: T= r*Fsin(theta)
|switch|p1a: Slowking|Slowking-Galar, F|54/100
|
|-weather|SunnyDay|[upkeep]
|upkeep
|turn|12
|
|t:|1743936882
|move|p2a: T= r*Fsin(theta)|Stealth Rock|p1a: Slowking
|-sidestart|p1: dmac99|move: Stealth Rock
|-prepare|p1a: Slowking|Chilly Reception|[premajor]
|move|p1a: Slowking|Chilly Reception|p1a: Slowking
|-weather|Snowscape
|
|t:|1743936885
|switch|p1a: Cinderace|Cinderace, F|100/100|[from] Chilly Reception
|
|-weather|Snowscape|[upkeep]
|upkeep
|turn|13
|
|t:|1743936888
|switch|p2a: Dubya|Walking Wake|100/100
|move|p1a: Cinderace|Court Change|p1a: Cinderace
|-swapsideconditions
|-activate|p1a: Cinderace|move: Court Change
|
|-weather|Snowscape|[upkeep]
|upkeep
|turn|14
|
|t:|1743936891
|move|p1a: Cinderace|U-turn|p2a: Dubya
|-damage|p2a: Dubya|79/100
|
|t:|1743936894
|switch|p1a: Slowking|Slowking-Galar, F|88/100|[from] U-turn
|move|p2a: Dubya|Draco Meteor|p1a: Slowking
|-damage|p1a: Slowking|11/100
|-unboost|p2a: Dubya|spa|2
|
|-weather|Snowscape|[upkeep]
|upkeep
|turn|15
|
|t:|1743936901
|-end|p2a: Dubya|Protosynthesis|[silent]
|switch|p2a: I Serve The Face|Great Tusk|84/100
|-damage|p2a: I Serve The Face|81/100|[from] Stealth Rock
|switch|p1a: Corviknight|Corviknight, M, shiny|40/100
|-ability|p1a: Corviknight|Pressure
|
|-weather|Snowscape|[upkeep]
|upkeep
|turn|16
|
|t:|1743936905
|move|p2a: I Serve The Face|Close Combat|p1a: Corviknight
|-damage|p1a: Corviknight|2/100
|-unboost|p2a: I Serve The Face|def|1
|-unboost|p2a: I Serve The Face|spd|1
|-damage|p2a: I Serve The Face|65/100|[from] item: Rocky Helmet|[of] p1a: Corviknight
|move|p1a: Corviknight|Roost|p1a: Corviknight
|-heal|p1a: Corviknight|52/100
|-singleturn|p1a: Corviknight|move: Roost
|
|-weather|none
|upkeep
|turn|17
|
|t:|1743936916
|move|p2a: I Serve The Face|Rapid Spin|p1a: Corviknight
|-resisted|p1a: Corviknight
|-damage|p1a: Corviknight|47/100
|-boost|p2a: I Serve The Face|spe|1
|-damage|p2a: I Serve The Face|48/100|[from] item: Rocky Helmet|[of] p1a: Corviknight
|-sideend|p2: jero putero|Stealth Rock|[from] move: Rapid Spin|[of] p2a: I Serve The Face
|move|p1a: Corviknight|Roost|p1a: Corviknight
|-heal|p1a: Corviknight|97/100
|-singleturn|p1a: Corviknight|move: Roost
|
|upkeep
|turn|18
|
|t:|1743936925
|-end|p2a: I Serve The Face|Protosynthesis|[silent]
|switch|p2a: Corvfefe|Corviknight, F|100/100
|-ability|p2a: Corvfefe|Pressure
|move|p1a: Corviknight|Body Press|p2a: Corvfefe
|-damage|p2a: Corvfefe|84/100
|-damage|p1a: Corviknight|80/100|[from] item: Rocky Helmet|[of] p2a: Corvfefe
|
|upkeep
|turn|19
|
|t:|1743936935
|switch|p1a: Slowking|Slowking-Galar, F|44/100
|move|p2a: Corvfefe|U-turn|p1a: Slowking
|-damage|p1a: Slowking|33/100
|
|t:|1743936944
|switch|p2a: Dubya|Walking Wake|79/100|[from] U-turn
|
|upkeep
|turn|20
|
|t:|1743936950
|switch|p1a: Corviknight|Corviknight, M, shiny|80/100
|-ability|p1a: Corviknight|Pressure
|move|p2a: Dubya|Draco Meteor|p1a: Corviknight|[miss]
|-miss|p2a: Dubya|p1a: Corviknight
|
|upkeep
|turn|21
|c|☆jero putero|wow
|
|t:|1743936958
|-end|p2a: Dubya|Protosynthesis|[silent]
|switch|p2a: T= r*Fsin(theta)|Torkoal, M|24/100
|-weather|SunnyDay|[from] ability: Drought|[of] p2a: T= r*Fsin(theta)
|move|p1a: Corviknight|Roost|p1a: Corviknight
|-heal|p1a: Corviknight|100/100
|-singleturn|p1a: Corviknight|move: Roost
|
|-weather|SunnyDay|[upkeep]
|upkeep
|turn|22
|
|t:|1743936962
|switch|p1a: Slowking|Slowking-Galar, F|66/100
|switch|p2a: Ty Collar Sign|Typhlosion-Hisui, M|100/100
|
|-weather|SunnyDay|[upkeep]
|upkeep
|turn|23
|
|t:|1743936966
|switch|p1a: Ting-Lu|Ting-Lu|100/100
|-ability|p1a: Ting-Lu|Vessel of Ruin
|-terastallize|p2a: Ty Collar Sign|Fire
|move|p2a: Ty Collar Sign|Eruption|p1a: Ting-Lu
|-damage|p1a: Ting-Lu|35/100
|
|-weather|SunnyDay|[upkeep]
|-heal|p1a: Ting-Lu|41/100|[from] item: Leftovers
|upkeep
|turn|24
|
|t:|1743936982
|move|p2a: Ty Collar Sign|Eruption|p1a: Ting-Lu
|-damage|p1a: Ting-Lu|0 fnt
|faint|p1a: Ting-Lu
|
|-weather|SunnyDay|[upkeep]
|upkeep
|
|t:|1743936996
|switch|p1a: Dondozo|Dondozo, F|100/100
|turn|25
|
|t:|1743937013
|switch|p2a: VVS Diamonds|Venusaur, F|100/100
|move|p1a: Dondozo|Liquidation|p2a: VVS Diamonds
|-resisted|p2a: VVS Diamonds
|-damage|p2a: VVS Diamonds|91/100
|
|-weather|SunnyDay|[upkeep]
|upkeep
|turn|26
|
|t:|1743937020
|switch|p1a: Slowking|Slowking-Galar, F|99/100
|move|p2a: VVS Diamonds|Growth|p2a: VVS Diamonds
|-boost|p2a: VVS Diamonds|atk|2
|-boost|p2a: VVS Diamonds|spa|2
|
|-weather|SunnyDay|[upkeep]
|upkeep
|turn|27
|
|t:|1743937025
|move|p2a: VVS Diamonds|Earth Power|p1a: Slowking
|-supereffective|p1a: Slowking
|-damage|p1a: Slowking|0 fnt
|faint|p1a: Slowking
|-damage|p2a: VVS Diamonds|81/100|[from] item: Life Orb
|
|-weather|SunnyDay|[upkeep]
|upkeep
|
|t:|1743937031
|switch|p1a: Cinderace|Cinderace, F|100/100
|turn|28
|
|t:|1743937042
|switch|p1a: Corviknight|Corviknight, M, shiny|100/100
|-ability|p1a: Corviknight|Pressure
|move|p2a: VVS Diamonds|Earth Power|p1a: Corviknight
|-immune|p1a: Corviknight
|
|-weather|none
|upkeep
|turn|29
|
|t:|1743937048
|switch|p2a: T= r*Fsin(theta)|Torkoal, M|24/100
|-weather|SunnyDay|[from] ability: Drought|[of] p2a: T= r*Fsin(theta)
|move|p1a: Corviknight|Body Press|p2a: T= r*Fsin(theta)
|-damage|p2a: T= r*Fsin(theta)|7/100
|
|-weather|SunnyDay|[upkeep]
|upkeep
|turn|30
|
|t:|1743937052
|switch|p2a: Corvfefe|Corviknight, F|84/100
|-ability|p2a: Corvfefe|Pressure
|move|p1a: Corviknight|Body Press|p2a: Corvfefe
|-damage|p2a: Corvfefe|70/100
|-damage|p1a: Corviknight|84/100|[from] item: Rocky Helmet|[of] p2a: Corvfefe
|
|-weather|SunnyDay|[upkeep]
|upkeep
|turn|31
|
|t:|1743937058
|move|p2a: Corvfefe|U-turn|p1a: Corviknight
|-resisted|p1a: Corviknight
|-damage|p1a: Corviknight|82/100
|-damage|p2a: Corvfefe|53/100|[from] item: Rocky Helmet|[of] p1a: Corviknight
|
|t:|1743937060
|switch|p2a: I Serve The Face|Great Tusk|48/100|[from] U-turn
|-activate|p2a: I Serve The Face|ability: Protosynthesis
|-start|p2a: I Serve The Face|protosynthesisatk
|move|p1a: Corviknight|Body Press|p2a: I Serve The Face
|-damage|p2a: I Serve The Face|30/100
|
|-weather|SunnyDay|[upkeep]
|upkeep
|turn|32
|
|t:|1743937067
|-end|p2a: I Serve The Face|Protosynthesis|[silent]
|switch|p2a: Corvfefe|Corviknight, F|53/100
|-ability|p2a: Corvfefe|Pressure
|move|p1a: Corviknight|Roost|p1a: Corviknight
|-heal|p1a: Corviknight|100/100
|-singleturn|p1a: Corviknight|move: Roost
|
|-weather|SunnyDay|[upkeep]
|upkeep
|turn|33
|
|t:|1743937070
|move|p1a: Corviknight|Body Press|p2a: Corvfefe
|-damage|p2a: Corvfefe|38/100
|-damage|p1a: Corviknight|84/100|[from] item: Rocky Helmet|[of] p2a: Corvfefe
|move|p2a: Corvfefe|Roost|p2a: Corvfefe
|-heal|p2a: Corvfefe|88/100
|-singleturn|p2a: Corvfefe|move: Roost
|
|-weather|SunnyDay|[upkeep]
|upkeep
|turn|34
|
|t:|1743937073
|move|p2a: Corvfefe|U-turn|p1a: Corviknight
|-resisted|p1a: Corviknight
|-damage|p1a: Corviknight|82/100
|-damage|p2a: Corvfefe|71/100|[from] item: Rocky Helmet|[of] p1a: Corviknight
|
|t:|1743937074
|switch|p2a: I Serve The Face|Great Tusk|30/100|[from] U-turn
|-activate|p2a: I Serve The Face|ability: Protosynthesis
|-start|p2a: I Serve The Face|protosynthesisatk
|move|p1a: Corviknight|Body Press|p2a: I Serve The Face
|-damage|p2a: I Serve The Face|11/100
|
|-weather|SunnyDay|[upkeep]
|upkeep
|turn|35
|
|t:|1743937082
|-end|p2a: I Serve The Face|Protosynthesis|[silent]
|switch|p2a: Corvfefe|Corviknight, F|71/100
|-ability|p2a: Corvfefe|Pressure
|move|p1a: Corviknight|Roost|p1a: Corviknight
|-heal|p1a: Corviknight|100/100
|-singleturn|p1a: Corviknight|move: Roost
|
|-weather|SunnyDay|[upkeep]
|upkeep
|turn|36
|
|t:|1743937084
|move|p1a: Corviknight|Iron Defense|p1a: Corviknight
|-boost|p1a: Corviknight|def|2
|move|p2a: Corvfefe|Roost|p2a: Corvfefe
|-heal|p2a: Corvfefe|100/100
|-singleturn|p2a: Corvfefe|move: Roost
|
|-weather|none
|upkeep
|turn|37
|
|t:|1743937086
|move|p1a: Corviknight|Body Press|p2a: Corvfefe
|-damage|p2a: Corvfefe|69/100
|-damage|p1a: Corviknight|84/100|[from] item: Rocky Helmet|[of] p2a: Corvfefe
|move|p2a: Corvfefe|U-turn|p1a: Corviknight
|-resisted|p1a: Corviknight
|-damage|p1a: Corviknight|83/100
|-damage|p2a: Corvfefe|52/100|[from] item: Rocky Helmet|[of] p1a: Corviknight
|
|t:|1743937090
|switch|p2a: Ty Collar Sign|Typhlosion-Hisui, M, tera:Fire|100/100|[from] U-turn
|
|upkeep
|turn|38
|
|t:|1743937101
|switch|p2a: T= r*Fsin(theta)|Torkoal, M|7/100
|-weather|SunnyDay|[from] ability: Drought|[of] p2a: T= r*Fsin(theta)
|-terastallize|p1a: Corviknight|Water
|move|p1a: Corviknight|Body Press|p2a: T= r*Fsin(theta)
|-crit|p2a: T= r*Fsin(theta)
|-damage|p2a: T= r*Fsin(theta)|0 fnt
|faint|p2a: T= r*Fsin(theta)
|
|-weather|SunnyDay|[upkeep]
|upkeep
|
|t:|1743937105
|switch|p2a: VVS Diamonds|Venusaur, F|81/100
|turn|39
|
|t:|1743937109
|move|p2a: VVS Diamonds|Giga Drain|p1a: Corviknight
|-supereffective|p1a: Corviknight
|-damage|p1a: Corviknight|2/100
|-heal|p2a: VVS Diamonds|100/100|[from] drain|[of] p1a: Corviknight
|-damage|p2a: VVS Diamonds|91/100|[from] item: Life Orb
|move|p1a: Corviknight|Body Press|p2a: VVS Diamonds
|-resisted|p2a: VVS Diamonds
|-damage|p2a: VVS Diamonds|58/100
|
|-weather|SunnyDay|[upkeep]
|upkeep
|turn|40
|
|t:|1743937111
|move|p2a: VVS Diamonds|Giga Drain|p1a: Corviknight
|-supereffective|p1a: Corviknight
|-damage|p1a: Corviknight|0 fnt
|-heal|p2a: VVS Diamonds|60/100|[from] drain|[of] p1a: Corviknight
|faint|p1a: Corviknight
|-damage|p2a: VVS Diamonds|50/100|[from] item: Life Orb
|
|-weather|SunnyDay|[upkeep]
|upkeep
|
|t:|1743937116
|switch|p1a: Cinderace|Cinderace, F|100/100
|turn|41
|
|t:|1743937121
|switch|p2a: Corvfefe|Corviknight, F|52/100
|-ability|p2a: Corvfefe|Pressure
|move|p1a: Cinderace|Pyro Ball|p2a: Corvfefe
|-supereffective|p2a: Corvfefe
|-damage|p2a: Corvfefe|0 fnt
|faint|p2a: Corvfefe
|
|-weather|SunnyDay|[upkeep]
|upkeep
|
|t:|1743937123
|switch|p2a: I Serve The Face|Great Tusk|11/100
|-activate|p2a: I Serve The Face|ability: Protosynthesis
|-start|p2a: I Serve The Face|protosynthesisatk
|turn|42
|
|t:|1743937127
|move|p1a: Cinderace|Pyro Ball|p2a: I Serve The Face
|-damage|p2a: I Serve The Face|0 fnt
|faint|p2a: I Serve The Face
|-end|p2a: I Serve The Face|Protosynthesis|[silent]
|
|-weather|SunnyDay|[upkeep]
|upkeep
|
|t:|1743937130
|switch|p2a: Dubya|Walking Wake|79/100
|-activate|p2a: Dubya|ability: Protosynthesis
|-start|p2a: Dubya|protosynthesisspe
|turn|43
|
|t:|1743937139
|switch|p1a: Kyurem|Kyurem|100/100
|-ability|p1a: Kyurem|Pressure
|move|p2a: Dubya|Draco Meteor|p1a: Kyurem
|-supereffective|p1a: Kyurem
|-crit|p1a: Kyurem
|-damage|p1a: Kyurem|0 fnt
|-unboost|p2a: Dubya|spa|2
|faint|p1a: Kyurem
|
|-weather|SunnyDay|[upkeep]
|upkeep
|
|t:|1743937144
|switch|p1a: Cinderace|Cinderace, F|100/100
|turn|44
|
|t:|1743937171
|-end|p2a: Dubya|Protosynthesis|[silent]
|switch|p2a: Ty Collar Sign|Typhlosion-Hisui, M, tera:Fire|100/100
|move|p1a: Cinderace|Pyro Ball|p2a: Ty Collar Sign
|-resisted|p2a: Ty Collar Sign
|-damage|p2a: Ty Collar Sign|51/100
|
|-weather|SunnyDay|[upkeep]
|upkeep
|turn|45
|
|t:|1743937186
|move|p2a: Ty Collar Sign|Flamethrower|p1a: Cinderace
|-resisted|p1a: Cinderace
|-damage|p1a: Cinderace|48/100
|move|p1a: Cinderace|Pyro Ball|p2a: Ty Collar Sign
|-resisted|p2a: Ty Collar Sign
|-damage|p2a: Ty Collar Sign|0 fnt
|faint|p2a: Ty Collar Sign
|
|-weather|none
|upkeep
|
|t:|1743937190
|switch|p2a: Dubya|Walking Wake|79/100
|turn|46
|
|t:|1743937200
|move|p1a: Cinderace|U-turn|p2a: Dubya
|-damage|p2a: Dubya|59/100
|
|t:|1743937202
|switch|p1a: Dondozo|Dondozo, F|100/100|[from] U-turn
|move|p2a: Dubya|Hydro Steam|p1a: Dondozo
|-resisted|p1a: Dondozo
|-damage|p1a: Dondozo|80/100
|
|-heal|p1a: Dondozo|87/100|[from] item: Leftovers
|upkeep
|turn|47
|
|t:|1743937213
|-end|p2a: Dubya|Protosynthesis|[silent]
|switch|p2a: VVS Diamonds|Venusaur, F|50/100
|move|p1a: Dondozo|Liquidation|p2a: VVS Diamonds
|-resisted|p2a: VVS Diamonds
|-damage|p2a: VVS Diamonds|31/100
|
|-heal|p1a: Dondozo|93/100|[from] item: Leftovers
|upkeep
|turn|48
|
|t:|1743937220
|switch|p1a: Cinderace|Cinderace, F|48/100
|move|p2a: VVS Diamonds|Earth Power|p1a: Cinderace
|-supereffective|p1a: Cinderace
|-damage|p1a: Cinderace|0 fnt
|faint|p1a: Cinderace
|-damage|p2a: VVS Diamonds|21/100|[from] item: Life Orb
|
|upkeep
|
|t:|1743937221
|switch|p1a: Dondozo|Dondozo, F|93/100
|turn|49
|
|t:|1743937230
|move|p2a: VVS Diamonds|Giga Drain|p1a: Dondozo
|-supereffective|p1a: Dondozo
|-damage|p1a: Dondozo|38/100
|-heal|p2a: VVS Diamonds|67/100|[from] drain|[of] p1a: Dondozo
|-damage|p2a: VVS Diamonds|57/100|[from] item: Life Orb
|move|p1a: Dondozo|Curse|p1a: Dondozo
|-unboost|p1a: Dondozo|spe|1
|-boost|p1a: Dondozo|atk|1
|-boost|p1a: Dondozo|def|1
|
|-heal|p1a: Dondozo|44/100|[from] item: Leftovers
|upkeep
|turn|50
|
|t:|1743937233
|move|p2a: VVS Diamonds|Giga Drain|p1a: Dondozo
|-supereffective|p1a: Dondozo
|-damage|p1a: Dondozo|0 fnt
|-heal|p2a: VVS Diamonds|93/100|[from] drain|[of] p1a: Dondozo
|faint|p1a: Dondozo
|-damage|p2a: VVS Diamonds|83/100|[from] item: Life Orb
|
|win|jero putero
|raw|dmac99's rating: 1525 &rarr; <strong>1502</strong><br />(-23 for losing)
|raw|jero putero's rating: 1472 &rarr; <strong>1495</strong><br />(+23 for winning)
|l|☆dmac99
|player|p1|
|l|☆jero putero
|player|p2|
