|j|☆nallyeonnnn
|j|☆u r nottwhh
|t:|1743916744
|gametype|singles
|player|p1|nallyeonnnn|nate|1058
|player|p2|u r nottwhh|lucas|1146
|teamsize|p1|6
|teamsize|p2|6
|gen|9
|tier|[Gen 9] OU
|rated|
|rule|HP Percentage Mod: HP is shown in percentages
|rule|Endless Battle Clause: Forcing endless battles is banned
|rule|Species Clause: Limit one of each Pokémon
|rule|OHKO Clause: OHKO moves are banned
|rule|Evasion Items Clause: Evasion items are banned
|rule|Evasion Moves Clause: Evasion moves are banned
|rule|Sleep Moves Clause: Sleep-inducing moves are banned
|clearpoke
|poke|p1|Serperior, F|
|poke|p1|Emboar, M|
|poke|p1|Samurott-Hisui, M|
|poke|p1|Hydreigon, F|
|poke|p1|Galvantula, F|
|poke|p1|Conkeldurr, M|
|poke|p2|Dragapult, M|
|poke|p2|Great Tusk|
|poke|p2|Cinderace, M|
|poke|p2|Landorus-Therian, M|
|poke|p2|Heatran, F|
|poke|p2|Dondozo, M|
|teampreview
|inactive|Battle timer is ON: inactive players will automatically lose when time's up. (requested by nallyeonnnn)
|
|t:|1743916764
|start
|switch|p1a: Vantulaa|Galvantula, F, shiny|100/100
|switch|p2a: Heatran|Heatran, F|100/100
|-ability|p1a: Vantulaa|Unnerve
|-item|p2a: Heatran|Air Balloon
|turn|1
|
|t:|1743916783
|move|p1a: Vantulaa|Sticky Web|p2a: Heatran
|-sidestart|p2: u r nottwhh|move: Sticky Web
|move|p2a: Heatran|Flamethrower|p1a: Vantulaa
|-supereffective|p1a: Vantulaa
|-enditem|p1a: Vantulaa|Focus Sash
|-damage|p1a: Vantulaa|1/100
|
|upkeep
|turn|2
|
|t:|1743916792
|move|p1a: Vantulaa|Volt Switch|p2a: Heatran
|-damage|p2a: Heatran|75/100
|-enditem|p2a: Heatran|Air Balloon
|
|t:|1743916795
|switch|p1a: Samuu|Samurott-Hisui, M, shiny|100/100|[from] Volt Switch
|move|p2a: Heatran|Flamethrower|p1a: Samuu
|-resisted|p1a: Samuu
|-damage|p1a: Samuu|61/100
|
|upkeep
|turn|3
|
|t:|1743916809
|switch|p2a: Dondozo|Dondozo, M|100/100
|-activate|p2a: Dondozo|move: Sticky Web
|-unboost|p2a: Dondozo|spe|1
|move|p1a: Samuu|Aqua Cutter|p2a: Dondozo
|-resisted|p2a: Dondozo
|-damage|p2a: Dondozo|88/100
|
|-heal|p2a: Dondozo|95/100|[from] item: Leftovers
|upkeep
|turn|4
|
|t:|1743916815
|move|p1a: Samuu|Ceaseless Edge|p2a: Dondozo
|-damage|p2a: Dondozo|71/100
|-sidestart|p2: u r nottwhh|Spikes
|move|p2a: Dondozo|Curse|p2a: Dondozo
|-unboost|p2a: Dondozo|spe|1
|-boost|p2a: Dondozo|atk|1
|-boost|p2a: Dondozo|def|1
|
|-heal|p2a: Dondozo|77/100|[from] item: Leftovers
|upkeep
|turn|5
|
|t:|1743916825
|move|p1a: Samuu|Ceaseless Edge|p2a: Dondozo
|-damage|p2a: Dondozo|59/100
|-sidestart|p2: u r nottwhh|Spikes
|move|p2a: Dondozo|Curse|p2a: Dondozo
|-unboost|p2a: Dondozo|spe|1
|-boost|p2a: Dondozo|atk|1
|-boost|p2a: Dondozo|def|1
|
|-heal|p2a: Dondozo|65/100|[from] item: Leftovers
|upkeep
|turn|6
|
|t:|1743916832
|move|p1a: Samuu|Ceaseless Edge|p2a: Dondozo
|-damage|p2a: Dondozo|54/100
|-sidestart|p2: u r nottwhh|Spikes
|move|p2a: Dondozo|Body Press|p1a: Samuu
|-supereffective|p1a: Samuu
|-damage|p1a: Samuu|0 fnt
|faint|p1a: Samuu
|
|-heal|p2a: Dondozo|60/100|[from] item: Leftovers
|upkeep
|
|t:|1743916841
|switch|p1a: Vantulaa|Galvantula, F, shiny|1/100
|-ability|p1a: Vantulaa|Unnerve
|turn|7
|
|t:|1743916870
|switch|p2a: Landorus|Landorus-Therian, M|100/100
|-ability|p2a: Landorus|Intimidate|boost
|-unboost|p1a: Vantulaa|atk|1
|move|p1a: Vantulaa|Volt Switch|p2a: Landorus
|-immune|p2a: Landorus
|
|upkeep
|turn|8
|
|t:|1743916875
|move|p1a: Vantulaa|Protect|p1a: Vantulaa
|-singleturn|p1a: Vantulaa|Protect
|move|p2a: Landorus|U-turn|p1a: Vantulaa
|-activate|p1a: Vantulaa|move: Protect
|
|upkeep
|turn|9
|
|t:|1743916881
|move|p1a: Vantulaa|Bug Buzz|p2a: Landorus
|-resisted|p2a: Landorus
|-damage|p2a: Landorus|75/100
|-unboost|p2a: Landorus|spd|1
|move|p2a: Landorus|U-turn|p1a: Vantulaa
|-damage|p1a: Vantulaa|0 fnt
|faint|p1a: Vantulaa
|
|t:|1743916892
|switch|p2a: Cinderace|Cinderace, M|100/100|[from] U-turn
|-activate|p2a: Cinderace|move: Sticky Web
|-unboost|p2a: Cinderace|spe|1
|-damage|p2a: Cinderace|76/100|[from] Spikes
|
|upkeep
|
|t:|1743916897
|switch|p1a: Boarr|Emboar, M, shiny|100/100
|turn|10
|
|t:|1743916912
|move|p1a: Boarr|Head Smash|p2a: Cinderace
|-supereffective|p2a: Cinderace
|-damage|p2a: Cinderace|0 fnt
|faint|p2a: Cinderace
|-damage|p1a: Boarr|69/100|[from] Recoil
|
|upkeep
|
|t:|1743916918
|switch|p2a: Landorus|Landorus-Therian, M|75/100
|-ability|p2a: Landorus|Intimidate|boost
|-unboost|p1a: Boarr|atk|1
|turn|11
|
|t:|1743916926
|switch|p1a: Conkell|Conkeldurr, M, shiny|100/100
|move|p2a: Landorus|U-turn|p1a: Conkell
|-resisted|p1a: Conkell
|-damage|p1a: Conkell|84/100
|
|t:|1743916934
|switch|p2a: Great Tusk|Great Tusk|100/100|[from] U-turn
|-activate|p2a: Great Tusk|move: Sticky Web
|-unboost|p2a: Great Tusk|spe|1
|-damage|p2a: Great Tusk|76/100|[from] Spikes
|
|-heal|p2a: Great Tusk|82/100|[from] item: Leftovers
|-status|p1a: Conkell|brn|[from] item: Flame Orb
|upkeep
|turn|12
|
|t:|1743916940
|move|p2a: Great Tusk|Rapid Spin|p1a: Conkell
|-damage|p1a: Conkell|71/100 brn
|-boost|p2a: Great Tusk|spe|1
|-sideend|p2: u r nottwhh|Spikes|[from] move: Rapid Spin|[of] p2a: Great Tusk
|-sideend|p2: u r nottwhh|Sticky Web|[from] move: Rapid Spin|[of] p2a: Great Tusk
|move|p1a: Conkell|Facade|p2a: Great Tusk
|-damage|p2a: Great Tusk|31/100
|
|-heal|p2a: Great Tusk|37/100|[from] item: Leftovers
|-damage|p1a: Conkell|64/100 brn|[from] brn
|upkeep
|turn|13
|
|t:|1743916962
|move|p1a: Conkell|Mach Punch|p2a: Great Tusk
|-damage|p2a: Great Tusk|17/100
|move|p2a: Great Tusk|Headlong Rush|p1a: Conkell
|-damage|p1a: Conkell|11/100 brn
|-unboost|p2a: Great Tusk|def|1
|-unboost|p2a: Great Tusk|spd|1
|
|-heal|p2a: Great Tusk|23/100|[from] item: Leftovers
|-damage|p1a: Conkell|5/100 brn|[from] brn
|upkeep
|turn|14
|
|t:|1743916970
|-end|p2a: Great Tusk|Protosynthesis|[silent]
|switch|p2a: Dragapult|Dragapult, M|100/100
|move|p1a: Conkell|Mach Punch|p2a: Dragapult
|-immune|p2a: Dragapult
|
|-damage|p1a: Conkell|0 fnt|[from] brn
|faint|p1a: Conkell
|upkeep
|inactive|nallyeonnnn has 120 seconds left.
|
|t:|1743917001
|switch|p1a: Hydreii|Hydreigon, F, shiny|100/100
|turn|15
|inactive|u r nottwhh has 120 seconds left.
|
|t:|1743917041
|-terastallize|p1a: Hydreii|Fire
|move|p2a: Dragapult|U-turn|p1a: Hydreii
|-resisted|p1a: Hydreii
|-damage|p1a: Hydreii|83/100
|-damage|p2a: Dragapult|91/100|[from] item: Life Orb
|
|t:|1743917049
|switch|p2a: Heatran|Heatran, F|75/100|[from] U-turn
|move|p1a: Hydreii|Draco Meteor|p2a: Heatran
|-resisted|p2a: Heatran
|-damage|p2a: Heatran|37/100
|-unboost|p1a: Hydreii|spa|2
|-damage|p1a: Hydreii|73/100|[from] item: Life Orb
|
|upkeep
|turn|16
|inactive|u r nottwhh has 120 seconds left.
|
|t:|1743917059
|switch|p1a: Boarr|Emboar, M, shiny|69/100
|move|p2a: Heatran|Stealth Rock|p1a: Boarr
|-sidestart|p1: nallyeonnnn|move: Stealth Rock
|
|upkeep
|turn|17
|
|t:|1743917071
|move|p1a: Boarr|Wild Charge|p2a: Heatran
|-damage|p2a: Heatran|4/100
|-damage|p1a: Boarr|60/100|[from] Recoil
|move|p2a: Heatran|Earth Power|p1a: Boarr
|-supereffective|p1a: Boarr
|-damage|p1a: Boarr|0 fnt
|faint|p1a: Boarr
|
|upkeep
|
|t:|1743917077
|switch|p1a: Periorr|Serperior, F, shiny|100/100
|-damage|p1a: Periorr|88/100|[from] Stealth Rock
|turn|18
|
|t:|1743917088
|move|p1a: Periorr|Leaf Storm|p2a: Heatran|[miss]
|-miss|p1a: Periorr|p2a: Heatran
|move|p2a: Heatran|Flamethrower|p1a: Periorr
|-supereffective|p1a: Periorr
|-damage|p1a: Periorr|0 fnt
|faint|p1a: Periorr
|
|upkeep
|
|t:|1743917093
|switch|p1a: Hydreii|Hydreigon, F, shiny, tera:Fire|73/100
|-damage|p1a: Hydreii|48/100|[from] Stealth Rock
|turn|19
|-message|nallyeonnnn forfeited.
|
|win|u r nottwhh
|raw|nallyeonnnn's rating: 1058 &rarr; <strong>1044</strong><br />(-14 for losing)
|raw|u r nottwhh's rating: 1146 &rarr; <strong>1165</strong><br />(+19 for winning)
|l|☆nallyeonnnn
|player|p1|
|l|☆u r nottwhh
|player|p2|
