|j|☆velocink
|j|☆mrstowerjy
|t:|1743831916
|gametype|singles
|player|p1|velocink|ethan|1085
|player|p2|mrstowerjy|bruno|1169
|teamsize|p1|6
|teamsize|p2|6
|gen|9
|tier|[Gen 9] OU
|rated|
|rule|HP Percentage Mod: HP is shown in percentages
|rule|Endless Battle Clause: Forcing endless battles is banned
|rule|Species Clause: Limit one of each Pokémon
|rule|OHKO Clause: OHKO moves are banned
|rule|Evasion Items Clause: Evasion items are banned
|rule|Evasion Moves Clause: Evasion moves are banned
|rule|Sleep Moves Clause: Sleep-inducing moves are banned
|clearpoke
|poke|p1|Swampert, M|
|poke|p1|Gengar, M|
|poke|p1|Tyranitar, F|
|poke|p1|Hydrapple, F|
|poke|p1|Jirachi|
|poke|p1|Torterra, M|
|poke|p2|Arbok, M|
|poke|p2|Rillaboom, F|
|poke|p2|Serperior, F|
|poke|p2|Goodra, F|
|poke|p2|Heatran, F|
|poke|p2|Great Tusk|
|teampreview
|
|t:|1743831925
|start
|switch|p1a: Rocko|Torterra, M, shiny|100/100
|switch|p2a: Heatran|Heatran, F|100/100
|-item|p2a: Heatran|Air Balloon
|turn|1
|inactive|Battle timer is ON: inactive players will automatically lose when time's up. (requested by mrstowerjy)
|
|t:|1743831939
|-terastallize|p1a: Rocko|Fighting
|move|p2a: Heatran|Stealth Rock|p1a: Rocko
|-sidestart|p1: velocink|move: Stealth Rock
|move|p1a: Rocko|Body Press|p2a: Heatran
|-supereffective|p2a: Heatran
|-damage|p2a: Heatran|43/100
|-status|p1a: Rocko|brn|[from] ability: Flame Body|[of] p2a: Heatran
|-enditem|p2a: Heatran|Air Balloon
|
|-damage|p1a: Rocko|94/100 brn|[from] brn
|upkeep
|turn|2
|
|t:|1743831951
|switch|p2a: Butch|Arbok, M|100/100
|-ability|p2a: Butch|Intimidate|boost
|-unboost|p1a: Rocko|atk|1
|move|p1a: Rocko|Leech Seed|p2a: Butch
|-start|p2a: Butch|move: Leech Seed
|
|-heal|p1a: Rocko|100/100 brn|[from] item: Leftovers
|-damage|p2a: Butch|88/100|[from] Leech Seed|[of] p1a: Rocko
|-damage|p1a: Rocko|94/100 brn|[from] brn
|upkeep
|turn|3
|
|t:|1743831975
|switch|p1a: Jojo|Swampert, M, shiny|100/100
|-damage|p1a: Jojo|94/100|[from] Stealth Rock
|move|p2a: Butch|Glare|p1a: Jojo
|-status|p1a: Jojo|par
|
|-heal|p1a: Jojo|100/100 par|[from] item: Leftovers
|-damage|p2a: Butch|76/100|[from] Leech Seed|[of] p1a: Jojo
|upkeep
|turn|4
|
|t:|1743831983
|switch|p2a: Rillaboom|Rillaboom, F|100/100
|-fieldstart|move: Grassy Terrain|[from] ability: Grassy Surge|[of] p2a: Rillaboom
|move|p1a: Jojo|Earthquake|p2a: Rillaboom
|-resisted|p2a: Rillaboom
|-damage|p2a: Rillaboom|89/100
|
|-heal|p2a: Rillaboom|95/100|[from] Grassy Terrain
|upkeep
|turn|5
|
|t:|1743831991
|switch|p1a: Louise|Hydrapple, F, shiny|100/100
|-damage|p1a: Louise|88/100|[from] Stealth Rock
|move|p2a: Rillaboom|U-turn|p1a: Louise
|-supereffective|p1a: Louise
|-damage|p1a: Louise|47/100
|
|t:|1743832004
|switch|p2a: Goodra|Goodra, F|100/100|[from] U-turn
|
|-heal|p1a: Louise|53/100|[from] Grassy Terrain
|-heal|p1a: Louise|59/100|[from] item: Leftovers
|upkeep
|turn|6
|
|t:|1743832029
|switch|p1a: Jirachi|Jirachi|100/100
|-damage|p1a: Jirachi|94/100|[from] Stealth Rock
|move|p2a: Goodra|Blizzard|p1a: Jirachi|[miss]
|-miss|p2a: Goodra|p1a: Jirachi
|
|-heal|p1a: Jirachi|100/100|[from] Grassy Terrain
|upkeep
|turn|7
|
|t:|1743832036
|move|p1a: Jirachi|Dazzling Gleam|p2a: Goodra
|-supereffective|p2a: Goodra
|-damage|p2a: Goodra|78/100
|move|p2a: Goodra|Fire Blast|p1a: Jirachi
|-supereffective|p1a: Jirachi
|-damage|p1a: Jirachi|32/100
|-status|p1a: Jirachi|brn
|
|-heal|p1a: Jirachi|38/100 brn|[from] Grassy Terrain
|-heal|p1a: Jirachi|44/100 brn|[from] item: Leftovers
|-heal|p2a: Goodra|84/100|[from] Grassy Terrain
|-damage|p1a: Jirachi|38/100 brn|[from] brn
|upkeep
|turn|8
|
|t:|1743832042
|switch|p1a: Linda|Tyranitar, F, shiny|100/100
|-damage|p1a: Linda|88/100|[from] Stealth Rock
|-weather|Sandstorm|[from] ability: Sand Stream|[of] p1a: Linda
|move|p2a: Goodra|Fire Blast|p1a: Linda|[miss]
|-miss|p2a: Goodra|p1a: Linda
|
|-weather|Sandstorm|[upkeep]
|-damage|p2a: Goodra|78/100|[from] Sandstorm
|-heal|p2a: Goodra|84/100|[from] Grassy Terrain
|-heal|p1a: Linda|94/100|[from] Grassy Terrain
|upkeep
|turn|9
|
|t:|1743832051
|switch|p2a: Butch|Arbok, M|76/100
|-ability|p2a: Butch|Intimidate|boost
|-unboost|p1a: Linda|atk|1
|move|p1a: Linda|Knock Off|p2a: Butch
|-damage|p2a: Butch|38/100
|-enditem|p2a: Butch|Heavy-Duty Boots|[from] move: Knock Off|[of] p1a: Linda
|
|-weather|Sandstorm|[upkeep]
|-damage|p2a: Butch|31/100|[from] Sandstorm
|-heal|p2a: Butch|38/100|[from] Grassy Terrain
|-heal|p1a: Linda|100/100|[from] Grassy Terrain
|upkeep
|turn|10
|
|t:|1743832065
|move|p2a: Butch|Glare|p1a: Linda
|-status|p1a: Linda|par
|move|p1a: Linda|Payback|p2a: Butch
|-damage|p2a: Butch|0 fnt
|faint|p2a: Butch
|
|-weather|Sandstorm|[upkeep]
|upkeep
|
|t:|1743832074
|switch|p2a: Rillaboom|Rillaboom, F|95/100
|turn|11
|
|t:|1743832083
|move|p2a: Rillaboom|U-turn|p1a: Linda
|-supereffective|p1a: Linda
|-damage|p1a: Linda|60/100 par
|
|t:|1743832087
|switch|p2a: Great Tusk|Great Tusk|100/100|[from] U-turn
|-enditem|p2a: Great Tusk|Booster Energy
|-activate|p2a: Great Tusk|ability: Protosynthesis|[fromitem]
|-start|p2a: Great Tusk|protosynthesisspe
|move|p1a: Linda|Knock Off|p2a: Great Tusk
|-resisted|p2a: Great Tusk
|-crit|p2a: Great Tusk
|-damage|p2a: Great Tusk|82/100
|
|-weather|Sandstorm|[upkeep]
|-heal|p2a: Great Tusk|88/100|[from] Grassy Terrain
|-heal|p1a: Linda|66/100 par|[from] Grassy Terrain
|-fieldend|move: Grassy Terrain
|upkeep
|turn|12
|
|t:|1743832110
|switch|p1a: Jojo|Swampert, M, shiny|100/100 par
|-damage|p1a: Jojo|94/100 par|[from] Stealth Rock
|move|p2a: Great Tusk|Headlong Rush|p1a: Jojo
|-damage|p1a: Jojo|44/100 par
|-unboost|p2a: Great Tusk|def|1
|-unboost|p2a: Great Tusk|spd|1
|
|-weather|none
|-heal|p1a: Jojo|50/100 par|[from] item: Leftovers
|upkeep
|turn|13
|
|t:|1743832117
|move|p2a: Great Tusk|Headlong Rush|p1a: Jojo
|-damage|p1a: Jojo|0 fnt
|-unboost|p2a: Great Tusk|def|1
|-unboost|p2a: Great Tusk|spd|1
|faint|p1a: Jojo
|
|upkeep
|
|t:|1743832124
|switch|p1a: Rocko|Torterra, M, shiny, tera:Fighting|94/100 brn
|-damage|p1a: Rocko|88/100 brn|[from] Stealth Rock
|turn|14
|
|t:|1743832134
|-end|p2a: Great Tusk|Protosynthesis|[silent]
|switch|p2a: Rillaboom|Rillaboom, F|95/100
|-fieldstart|move: Grassy Terrain|[from] ability: Grassy Surge|[of] p2a: Rillaboom
|move|p1a: Rocko|Leech Seed|p2a: Rillaboom
|-immune|p2a: Rillaboom
|
|-heal|p2a: Rillaboom|100/100|[from] Grassy Terrain
|-heal|p1a: Rocko|94/100 brn|[from] Grassy Terrain
|-heal|p1a: Rocko|100/100 brn|[from] item: Leftovers
|-damage|p1a: Rocko|94/100 brn|[from] brn
|upkeep
|turn|15
|
|t:|1743832139
|move|p2a: Rillaboom|Knock Off|p1a: Rocko
|-resisted|p1a: Rocko
|-damage|p1a: Rocko|84/100 brn
|-enditem|p1a: Rocko|Leftovers|[from] move: Knock Off|[of] p2a: Rillaboom
|move|p1a: Rocko|Iron Defense|p1a: Rocko
|-boost|p1a: Rocko|def|2
|
|-heal|p1a: Rocko|90/100 brn|[from] Grassy Terrain
|-damage|p1a: Rocko|84/100 brn|[from] brn
|upkeep
|turn|16
|
|t:|1743832150
|move|p2a: Rillaboom|Taunt|p1a: Rocko
|-start|p1a: Rocko|move: Taunt
|cant|p1a: Rocko|move: Taunt|Iron Defense
|
|-heal|p1a: Rocko|90/100 brn|[from] Grassy Terrain
|-damage|p1a: Rocko|84/100 brn|[from] brn
|upkeep
|turn|17
|
|t:|1743832157
|move|p2a: Rillaboom|U-turn|p1a: Rocko
|-resisted|p1a: Rocko
|-damage|p1a: Rocko|80/100 brn
|
|t:|1743832160
|switch|p2a: Great Tusk|Great Tusk|88/100|[from] U-turn
|move|p1a: Rocko|Body Press|p2a: Great Tusk
|-damage|p2a: Great Tusk|65/100
|
|-heal|p2a: Great Tusk|71/100|[from] Grassy Terrain
|-heal|p1a: Rocko|86/100 brn|[from] Grassy Terrain
|-damage|p1a: Rocko|80/100 brn|[from] brn
|upkeep
|turn|18
|
|t:|1743832170
|move|p2a: Great Tusk|Bulk Up|p2a: Great Tusk
|-boost|p2a: Great Tusk|atk|1
|-boost|p2a: Great Tusk|def|1
|move|p1a: Rocko|Body Press|p2a: Great Tusk
|-damage|p2a: Great Tusk|54/100
|
|-heal|p2a: Great Tusk|60/100|[from] Grassy Terrain
|-heal|p1a: Rocko|86/100 brn|[from] Grassy Terrain
|-damage|p1a: Rocko|80/100 brn|[from] brn
|-end|p1a: Rocko|move: Taunt
|upkeep
|turn|19
|
|t:|1743832174
|move|p2a: Great Tusk|Bulk Up|p2a: Great Tusk
|-boost|p2a: Great Tusk|atk|1
|-boost|p2a: Great Tusk|def|1
|move|p1a: Rocko|Leech Seed|p2a: Great Tusk
|-start|p2a: Great Tusk|move: Leech Seed
|
|-heal|p2a: Great Tusk|66/100|[from] Grassy Terrain
|-heal|p1a: Rocko|86/100 brn|[from] Grassy Terrain
|-damage|p2a: Great Tusk|54/100|[from] Leech Seed|[of] p1a: Rocko
|-heal|p1a: Rocko|99/100 brn|[silent]
|-damage|p1a: Rocko|93/100 brn|[from] brn
|upkeep
|turn|20
|
|t:|1743832178
|move|p2a: Great Tusk|Bulk Up|p2a: Great Tusk
|-boost|p2a: Great Tusk|atk|1
|-boost|p2a: Great Tusk|def|1
|move|p1a: Rocko|Iron Defense|p1a: Rocko
|-boost|p1a: Rocko|def|2
|
|-heal|p2a: Great Tusk|60/100|[from] Grassy Terrain
|-heal|p1a: Rocko|99/100 brn|[from] Grassy Terrain
|-damage|p2a: Great Tusk|48/100|[from] Leech Seed|[of] p1a: Rocko
|-heal|p1a: Rocko|100/100 brn|[silent]
|-damage|p1a: Rocko|94/100 brn|[from] brn
|upkeep
|turn|21
|
|t:|1743832182
|move|p2a: Great Tusk|Headlong Rush|p1a: Rocko
|-damage|p1a: Rocko|69/100 brn
|-unboost|p2a: Great Tusk|def|1
|-unboost|p2a: Great Tusk|spd|1
|move|p1a: Rocko|Iron Defense|p1a: Rocko
|-boost|p1a: Rocko|def|2
|
|-heal|p2a: Great Tusk|54/100|[from] Grassy Terrain
|-heal|p1a: Rocko|75/100 brn|[from] Grassy Terrain
|-damage|p2a: Great Tusk|42/100|[from] Leech Seed|[of] p1a: Rocko
|-heal|p1a: Rocko|89/100 brn|[silent]
|-damage|p1a: Rocko|83/100 brn|[from] brn
|-fieldend|move: Grassy Terrain
|upkeep
|turn|22
|
|t:|1743832197
|-end|p2a: Great Tusk|Protosynthesis|[silent]
|switch|p2a: Rillaboom|Rillaboom, F|100/100
|-fieldstart|move: Grassy Terrain|[from] ability: Grassy Surge|[of] p2a: Rillaboom
|move|p1a: Rocko|Body Press|p2a: Rillaboom
|-crit|p2a: Rillaboom
|-damage|p2a: Rillaboom|0 fnt
|faint|p2a: Rillaboom
|
|-heal|p1a: Rocko|89/100 brn|[from] Grassy Terrain
|-damage|p1a: Rocko|83/100 brn|[from] brn
|upkeep
|
|t:|1743832204
|switch|p2a: Serperior|Serperior, F|100/100
|turn|23
|
|t:|1743832211
|move|p2a: Serperior|Leaf Storm|p1a: Rocko
|-damage|p1a: Rocko|17/100 brn
|-boost|p2a: Serperior|spa|2
|move|p1a: Rocko|Body Press|p2a: Serperior
|-damage|p2a: Serperior|0 fnt
|faint|p2a: Serperior
|
|-heal|p1a: Rocko|23/100 brn|[from] Grassy Terrain
|-damage|p1a: Rocko|17/100 brn|[from] brn
|upkeep
|
|t:|1743832214
|switch|p2a: Goodra|Goodra, F|84/100
|turn|24
|
|t:|1743832222
|move|p2a: Goodra|Draco Meteor|p1a: Rocko
|-damage|p1a: Rocko|0 fnt
|-unboost|p2a: Goodra|spa|2
|faint|p1a: Rocko
|
|-heal|p2a: Goodra|90/100|[from] Grassy Terrain
|upkeep
|
|t:|1743832228
|switch|p1a: Jirachi|Jirachi|38/100 brn
|-damage|p1a: Jirachi|32/100 brn|[from] Stealth Rock
|turn|25
|
|t:|1743832231
|move|p1a: Jirachi|Wish|p1a: Jirachi
|move|p2a: Goodra|Fire Blast|p1a: Jirachi
|-supereffective|p1a: Jirachi
|-damage|p1a: Jirachi|0 fnt
|faint|p1a: Jirachi
|
|-heal|p2a: Goodra|96/100|[from] Grassy Terrain
|upkeep
|
|t:|1743832242
|switch|p1a: Louise|Hydrapple, F, shiny|92/100
|-damage|p1a: Louise|80/100|[from] Stealth Rock
|turn|26
|
|t:|1743832251
|move|p2a: Goodra|Blizzard|p1a: Louise|[miss]
|-miss|p2a: Goodra|p1a: Louise
|move|p1a: Louise|Fickle Beam|p2a: Goodra
|-supereffective|p2a: Goodra
|-damage|p2a: Goodra|61/100
|
|-heal|p1a: Louise|100/100|[from] move: Wish|[wisher] Jirachi
|-heal|p2a: Goodra|67/100|[from] Grassy Terrain
|upkeep
|turn|27
|
|t:|1743832255
|switch|p2a: Heatran|Heatran, F|43/100
|switch|p1a: Linda|Tyranitar, F, shiny|66/100 par
|-damage|p1a: Linda|54/100 par|[from] Stealth Rock
|-weather|Sandstorm|[from] ability: Sand Stream|[of] p1a: Linda
|
|-weather|Sandstorm|[upkeep]
|-heal|p2a: Heatran|49/100|[from] Grassy Terrain
|-heal|p1a: Linda|60/100 par|[from] Grassy Terrain
|upkeep
|turn|28
|
|t:|1743832262
|move|p2a: Heatran|Earth Power|p1a: Linda
|-supereffective|p1a: Linda
|-damage|p1a: Linda|39/100 par
|cant|p1a: Linda|par
|
|-weather|Sandstorm|[upkeep]
|-heal|p2a: Heatran|55/100|[from] Grassy Terrain
|-heal|p1a: Linda|45/100 par|[from] Grassy Terrain
|upkeep
|turn|29
|
|t:|1743832268
|move|p2a: Heatran|Earth Power|p1a: Linda
|-supereffective|p1a: Linda
|-damage|p1a: Linda|25/100 par
|move|p1a: Linda|Low Kick|p2a: Heatran
|-supereffective|p2a: Heatran
|-damage|p2a: Heatran|0 fnt
|faint|p2a: Heatran
|
|-weather|Sandstorm|[upkeep]
|-heal|p1a: Linda|31/100 par|[from] Grassy Terrain
|-fieldend|move: Grassy Terrain
|upkeep
|
|t:|1743832272
|switch|p2a: Goodra|Goodra, F|67/100
|turn|30
|
|t:|1743832280
|move|p2a: Goodra|Blizzard|p1a: Linda|[miss]
|-miss|p2a: Goodra|p1a: Linda
|cant|p1a: Linda|par
|
|-weather|Sandstorm|[upkeep]
|-damage|p2a: Goodra|61/100|[from] Sandstorm
|upkeep
|turn|31
|
|t:|1743832283
|move|p2a: Goodra|Blizzard|p1a: Linda
|-damage|p1a: Linda|18/100 par
|move|p1a: Linda|Payback|p2a: Goodra
|-damage|p2a: Goodra|0 fnt
|-ability|p2a: Goodra|Gooey
|-unboost|p1a: Linda|spe|1
|faint|p2a: Goodra
|
|-weather|none
|upkeep
|
|t:|1743832287
|switch|p2a: Great Tusk|Great Tusk|42/100
|turn|32
|
|t:|1743832298
|move|p2a: Great Tusk|Ice Spinner|p1a: Linda
|-crit|p1a: Linda
|-damage|p1a: Linda|0 fnt
|faint|p1a: Linda
|
|upkeep
|
|t:|1743832300
|switch|p1a: Tony|Gengar, M, shiny|100/100
|turn|33
|
|t:|1743832309
|-terastallize|p2a: Great Tusk|Poison
|move|p1a: Tony|Shadow Ball|p2a: Great Tusk
|-crit|p2a: Great Tusk
|-damage|p2a: Great Tusk|0 fnt
|faint|p2a: Great Tusk
|-end|p2a: Great Tusk|Protosynthesis|[silent]
|
|win|velocink
|raw|velocink's rating: 1085 &rarr; <strong>1119</strong><br />(+34 for winning)
|raw|mrstowerjy's rating: 1169 &rarr; <strong>1138</strong><br />(-31 for losing)
|l|☆mrstowerjy
|player|p2|
|l|☆velocink
|player|p1|
