|j|☆Clair117
|j|☆Tscher
|t:|1743836906
|gametype|singles
|player|p1|Clair117|courtney|1338
|player|p2|Tscher|266|1293
|teamsize|p1|6
|teamsize|p2|6
|gen|9
|tier|[Gen 9] OU
|rated|
|rule|HP Percentage Mod: HP is shown in percentages
|rule|Endless Battle Clause: Forcing endless battles is banned
|rule|Species Clause: Limit one of each Pokémon
|rule|OHKO Clause: OHKO moves are banned
|rule|Evasion Items Clause: Evasion items are banned
|rule|Evasion Moves Clause: Evasion moves are banned
|rule|Sleep Moves Clause: Sleep-inducing moves are banned
|clearpoke
|poke|p1|Polteageist|
|poke|p1|Indeedee, M|
|poke|p1|Ting-Lu|
|poke|p1|Corviknight, M|
|poke|p1|Ogerpon-Wellspring, F|
|poke|p1|Iron Valiant|
|poke|p2|Cinccino, M|
|poke|p2|Dragapult, F|
|poke|p2|Great Tusk|
|poke|p2|Ceruledge, F|
|poke|p2|Kyurem|
|poke|p2|Kingambit, F|
|teampreview
|
|t:|1743836914
|start
|switch|p1a: Ogerpon|Ogerpon-Wellspring, F|100/100
|switch|p2a: Don|Cinccino, M|100/100
|turn|1
|
|t:|1743836925
|move|p2a: Don|Bullet Seed|p1a: Ogerpon
|-damage|p1a: Ogerpon|93/100
|-damage|p1a: Ogerpon|85/100
|-damage|p1a: Ogerpon|77/100
|-crit|p1a: Ogerpon
|-damage|p1a: Ogerpon|65/100
|-damage|p1a: Ogerpon|58/100
|-hitcount|p1a: Ogerpon|5
|move|p1a: Ogerpon|Power Whip|p2a: Don
|-damage|p2a: Don|1/100
|
|upkeep
|turn|2
|
|t:|1743836940
|switch|p1a: Corviknight|Corviknight, M|100/100
|-ability|p1a: Corviknight|Pressure
|move|p2a: Don|Bullet Seed|p1a: Corviknight
|-resisted|p1a: Corviknight
|-damage|p1a: Corviknight|99/100
|-resisted|p1a: Corviknight
|-damage|p1a: Corviknight|99/100
|-resisted|p1a: Corviknight
|-damage|p1a: Corviknight|98/100
|-resisted|p1a: Corviknight
|-damage|p1a: Corviknight|97/100
|-resisted|p1a: Corviknight
|-damage|p1a: Corviknight|97/100
|-hitcount|p1a: Corviknight|5
|
|upkeep
|turn|3
|
|t:|1743836953
|switch|p2a: Draggerpult|Dragapult, F|100/100
|move|p1a: Corviknight|U-turn|p2a: Draggerpult
|-resisted|p2a: Draggerpult
|-damage|p2a: Draggerpult|91/100
|
|t:|1743836961
|switch|p1a: Iron Valiant|Iron Valiant|100/100|[from] U-turn
|-enditem|p1a: Iron Valiant|Booster Energy
|-activate|p1a: Iron Valiant|ability: Quark Drive|[fromitem]
|-start|p1a: Iron Valiant|quarkdrivespe
|
|upkeep
|turn|4
|
|t:|1743836974
|switch|p2a: Kingambit|Kingambit, F|100/100
|move|p1a: Iron Valiant|Moonblast|p2a: Kingambit
|-damage|p2a: Kingambit|53/100
|
|-heal|p2a: Kingambit|60/100|[from] item: Leftovers
|upkeep
|turn|5
|
|t:|1743836981
|-terastallize|p2a: Kingambit|Ghost
|move|p1a: Iron Valiant|Aura Sphere|p2a: Kingambit
|-immune|p2a: Kingambit
|move|p2a: Kingambit|Iron Head|p1a: Iron Valiant
|-supereffective|p1a: Iron Valiant
|-damage|p1a: Iron Valiant|0 fnt
|faint|p1a: Iron Valiant
|-end|p1a: Iron Valiant|Quark Drive|[silent]
|
|-heal|p2a: Kingambit|66/100|[from] item: Leftovers
|upkeep
|
|t:|1743836990
|switch|p1a: Ting-Lu|Ting-Lu|100/100
|-ability|p1a: Ting-Lu|Vessel of Ruin
|turn|6
|
|t:|1743836993
|-end|p2a: Kingambit|fallenundefined|[silent]
|switch|p2a: Don|Cinccino, M|1/100
|move|p1a: Ting-Lu|Earthquake|p2a: Don
|-damage|p2a: Don|0 fnt
|faint|p2a: Don
|
|upkeep
|
|t:|1743837007
|switch|p2a: Obesity|Great Tusk|100/100
|-enditem|p2a: Obesity|Booster Energy
|-activate|p2a: Obesity|ability: Protosynthesis|[fromitem]
|-start|p2a: Obesity|protosynthesisatk
|turn|7
|
|t:|1743837017
|move|p2a: Obesity|Knock Off|p1a: Ting-Lu
|-resisted|p1a: Ting-Lu
|-damage|p1a: Ting-Lu|89/100
|-enditem|p1a: Ting-Lu|Leftovers|[from] move: Knock Off|[of] p2a: Obesity
|move|p1a: Ting-Lu|Spikes|p2a: Obesity
|-sidestart|p2: Tscher|Spikes
|
|upkeep
|turn|8
|
|t:|1743837024
|move|p2a: Obesity|Rapid Spin|p1a: Ting-Lu
|-crit|p1a: Ting-Lu
|-damage|p1a: Ting-Lu|70/100
|-boost|p2a: Obesity|spe|1
|-sideend|p2: Tscher|Spikes|[from] move: Rapid Spin|[of] p2a: Obesity
|move|p1a: Ting-Lu|Whirlwind|p2a: Obesity
|-end|p2a: Obesity|Protosynthesis|[silent]
|drag|p2a: Kingambit|Kingambit, F, tera:Ghost|66/100
|-activate|p2a: Kingambit|ability: Supreme Overlord
|-start|p2a: Kingambit|fallen1|[silent]
|
|-heal|p2a: Kingambit|72/100|[from] item: Leftovers
|upkeep
|turn|9
|
|t:|1743837038
|move|p2a: Kingambit|Swords Dance|p2a: Kingambit
|-boost|p2a: Kingambit|atk|2
|move|p1a: Ting-Lu|Spikes|p2a: Kingambit
|-sidestart|p2: Tscher|Spikes
|
|-heal|p2a: Kingambit|78/100|[from] item: Leftovers
|upkeep
|turn|10
|
|t:|1743837045
|move|p2a: Kingambit|Iron Head|p1a: Ting-Lu
|-damage|p1a: Ting-Lu|16/100
|move|p1a: Ting-Lu|Whirlwind|p2a: Kingambit
|-end|p2a: Kingambit|fallen1|[silent]
|drag|p2a: Draggerpult|Dragapult, F|91/100
|
|upkeep
|turn|11
|
|t:|1743837052
|move|p2a: Draggerpult|U-turn|p1a: Ting-Lu
|-supereffective|p1a: Ting-Lu
|-damage|p1a: Ting-Lu|0 fnt
|faint|p1a: Ting-Lu
|
|t:|1743837061
|switch|p2a: Obesity|Great Tusk|100/100|[from] U-turn
|-damage|p2a: Obesity|88/100|[from] Spikes
|
|upkeep
|
|t:|1743837063
|switch|p1a: Indeedee|Indeedee, M|100/100
|-fieldstart|move: Psychic Terrain|[from] ability: Psychic Surge|[of] p1a: Indeedee
|turn|12
|
|t:|1743837075
|-end|p2a: Obesity|Protosynthesis|[silent]
|switch|p2a: Ceruledge|Ceruledge, F|100/100
|-damage|p2a: Ceruledge|88/100|[from] Spikes
|move|p1a: Indeedee|Expanding Force|p2a: Ceruledge
|-damage|p2a: Ceruledge|3/100
|
|upkeep
|turn|13
|
|t:|1743837082
|move|p1a: Indeedee|Expanding Force|p2a: Ceruledge
|-damage|p2a: Ceruledge|0 fnt
|faint|p2a: Ceruledge
|
|upkeep
|
|t:|1743837084
|switch|p2a: Draggerpult|Dragapult, F|91/100
|turn|14
|
|t:|1743837088
|move|p2a: Draggerpult|U-turn|p1a: Indeedee
|-supereffective|p1a: Indeedee
|-damage|p1a: Indeedee|34/100
|
|t:|1743837099
|switch|p2a: Obesity|Great Tusk|88/100|[from] U-turn
|-damage|p2a: Obesity|76/100|[from] Spikes
|move|p1a: Indeedee|Expanding Force|p2a: Obesity
|-supereffective|p2a: Obesity
|-damage|p2a: Obesity|0 fnt
|faint|p2a: Obesity
|-end|p2a: Obesity|Protosynthesis|[silent]
|
|upkeep
|
|t:|1743837102
|switch|p2a: Draggerpult|Dragapult, F|91/100
|turn|15
|
|t:|1743837116
|switch|p1a: Corviknight|Corviknight, M|97/100
|-ability|p1a: Corviknight|Pressure
|move|p2a: Draggerpult|U-turn|p1a: Corviknight
|-resisted|p1a: Corviknight
|-damage|p1a: Corviknight|94/100
|-damage|p2a: Draggerpult|75/100|[from] item: Rocky Helmet|[of] p1a: Corviknight
|
|t:|1743837131
|switch|p2a: Kyurem|Kyurem|100/100|[from] U-turn
|-damage|p2a: Kyurem|88/100|[from] Spikes
|-ability|p2a: Kyurem|Pressure
|
|-heal|p2a: Kyurem|94/100|[from] item: Leftovers
|upkeep
|turn|16
|
|t:|1743837133
|move|p2a: Kyurem|Substitute|p2a: Kyurem
|-start|p2a: Kyurem|Substitute
|-damage|p2a: Kyurem|69/100
|move|p1a: Corviknight|Brave Bird|p2a: Kyurem
|-end|p2a: Kyurem|Substitute
|-damage|p1a: Corviknight|86/100|[from] Recoil|[of] p2a: Kyurem
|
|-heal|p2a: Kyurem|75/100|[from] item: Leftovers
|upkeep
|turn|17
|
|t:|1743837139
|move|p2a: Kyurem|Freeze-Dry|p1a: Corviknight
|-damage|p1a: Corviknight|51/100
|move|p1a: Corviknight|Brave Bird|p2a: Kyurem
|-damage|p2a: Kyurem|43/100
|-damage|p1a: Corviknight|40/100|[from] Recoil
|
|-heal|p2a: Kyurem|50/100|[from] item: Leftovers
|upkeep
|turn|18
|
|t:|1743837145
|move|p2a: Kyurem|Freeze-Dry|p1a: Corviknight
|-damage|p1a: Corviknight|7/100
|move|p1a: Corviknight|Roost|p1a: Corviknight
|-heal|p1a: Corviknight|57/100
|-singleturn|p1a: Corviknight|move: Roost
|
|-heal|p2a: Kyurem|56/100|[from] item: Leftovers
|upkeep
|turn|19
|
|t:|1743837150
|move|p2a: Kyurem|Freeze-Dry|p1a: Corviknight
|-damage|p1a: Corviknight|25/100
|move|p1a: Corviknight|Roost|p1a: Corviknight
|-heal|p1a: Corviknight|75/100
|-singleturn|p1a: Corviknight|move: Roost
|
|-heal|p2a: Kyurem|62/100|[from] item: Leftovers
|-fieldend|move: Psychic Terrain
|upkeep
|turn|20
|
|t:|1743837155
|move|p2a: Kyurem|Freeze-Dry|p1a: Corviknight
|-damage|p1a: Corviknight|38/100
|move|p1a: Corviknight|Brave Bird|p2a: Kyurem
|-crit|p2a: Kyurem
|-damage|p2a: Kyurem|12/100
|-damage|p1a: Corviknight|22/100|[from] Recoil
|
|-heal|p2a: Kyurem|18/100|[from] item: Leftovers
|upkeep
|turn|21
|
|t:|1743837160
|move|p2a: Kyurem|Freeze-Dry|p1a: Corviknight
|-damage|p1a: Corviknight|0 fnt
|faint|p1a: Corviknight
|
|-heal|p2a: Kyurem|24/100|[from] item: Leftovers
|upkeep
|
|t:|1743837164
|switch|p1a: Indeedee|Indeedee, M|34/100
|-fieldstart|move: Psychic Terrain|[from] ability: Psychic Surge|[of] p1a: Indeedee
|turn|22
|
|t:|1743837168
|move|p2a: Kyurem|Protect|p2a: Kyurem
|-singleturn|p2a: Kyurem|Protect
|move|p1a: Indeedee|Expanding Force|p2a: Kyurem
|-activate|p2a: Kyurem|move: Protect
|
|-heal|p2a: Kyurem|30/100|[from] item: Leftovers
|upkeep
|turn|23
|
|t:|1743837174
|move|p1a: Indeedee|Expanding Force|p2a: Kyurem
|-damage|p2a: Kyurem|0 fnt
|faint|p2a: Kyurem
|
|upkeep
|
|t:|1743837176
|switch|p2a: Draggerpult|Dragapult, F|75/100
|turn|24
|
|t:|1743837178
|move|p2a: Draggerpult|U-turn|p1a: Indeedee
|-supereffective|p1a: Indeedee
|-damage|p1a: Indeedee|0 fnt
|faint|p1a: Indeedee
|
|t:|1743837180
|switch|p2a: Kingambit|Kingambit, F, tera:Ghost|78/100|[from] U-turn
|-damage|p2a: Kingambit|66/100|[from] Spikes
|-activate|p2a: Kingambit|ability: Supreme Overlord
|-start|p2a: Kingambit|fallen4|[silent]
|
|-heal|p2a: Kingambit|72/100|[from] item: Leftovers
|upkeep
|
|t:|1743837182
|switch|p1a: Polteageist|Polteageist|100/100
|turn|25
|
|t:|1743837186
|move|p1a: Polteageist|Shell Smash|p1a: Polteageist
|-unboost|p1a: Polteageist|def|1
|-unboost|p1a: Polteageist|spd|1
|-boost|p1a: Polteageist|atk|2
|-boost|p1a: Polteageist|spa|2
|-boost|p1a: Polteageist|spe|2
|move|p2a: Kingambit|Kowtow Cleave|p1a: Polteageist
|-supereffective|p1a: Polteageist
|-enditem|p1a: Polteageist|Focus Sash
|-damage|p1a: Polteageist|1/100
|-ability|p1a: Polteageist|Weak Armor|boost
|-unboost|p1a: Polteageist|def|1
|-boost|p1a: Polteageist|spe|2
|
|-heal|p2a: Kingambit|78/100|[from] item: Leftovers
|upkeep
|turn|26
|
|t:|1743837191
|-end|p2a: Kingambit|fallen4|[silent]
|switch|p2a: Draggerpult|Dragapult, F|75/100
|move|p1a: Polteageist|Stored Power|p2a: Draggerpult
|-damage|p2a: Draggerpult|0 fnt
|faint|p2a: Draggerpult
|
|upkeep
|
|t:|1743837196
|switch|p2a: Kingambit|Kingambit, F, tera:Ghost|78/100
|-damage|p2a: Kingambit|66/100|[from] Spikes
|-activate|p2a: Kingambit|ability: Supreme Overlord
|-start|p2a: Kingambit|fallen5|[silent]
|turn|27
|
|t:|1743837204
|move|p1a: Polteageist|Stored Power|p2a: Kingambit
|-damage|p2a: Kingambit|0 fnt
|faint|p2a: Kingambit
|-end|p2a: Kingambit|fallen5|[silent]
|
|win|Clair117
|raw|Clair117's rating: 1338 &rarr; <strong>1355</strong><br />(+17 for winning)
|raw|Tscher's rating: 1293 &rarr; <strong>1271</strong><br />(-22 for losing)
|l|☆Tscher
|player|p2|
|l|☆Clair117
|player|p1|
