|j|☆NGamerOP
|j|☆Genarf
|t:|1743878994
|gametype|singles
|player|p1|NGamerOP|barry|1544
|player|p2|Genarf|clive-v|1544
|teamsize|p1|6
|teamsize|p2|6
|gen|9
|tier|[Gen 9] OU
|rated|
|rule|HP Percentage Mod: HP is shown in percentages
|rule|Endless Battle Clause: Forcing endless battles is banned
|rule|Species Clause: Limit one of each Pokémon
|rule|OHKO Clause: OHKO moves are banned
|rule|Evasion Items Clause: Evasion items are banned
|rule|Evasion Moves Clause: Evasion moves are banned
|rule|Sleep Moves Clause: Sleep-inducing moves are banned
|clearpoke
|poke|p1|Comfey, M|
|poke|p1|Whimsicott, M|
|poke|p1|Iron Moth|
|poke|p1|Walking Wake|
|poke|p1|Great Tusk|
|poke|p1|Ninetales, M|
|poke|p2|Dragonite, F|
|poke|p2|Ting-Lu|
|poke|p2|Iron Moth|
|poke|p2|Iron Valiant|
|poke|p2|Kyurem|
|poke|p2|Gholdengo|
|teampreview
|
|t:|1743879001
|start
|switch|p1a: Ninetales|Ninetales, M|100/100
|switch|p2a: Ting-Lu|Ting-Lu|100/100
|-weather|SunnyDay|[from] ability: Drought|[of] p1a: Ninetales
|-ability|p2a: Ting-Lu|Vessel of Ruin
|turn|1
|
|t:|1743879011
|switch|p1a: Whimsicott|Whimsicott, M|100/100
|move|p2a: Ting-Lu|Stealth Rock|p1a: Whimsicott
|-sidestart|p1: NGamerOP|move: Stealth Rock
|
|-weather|SunnyDay|[upkeep]
|upkeep
|turn|2
|
|t:|1743879017
|move|p1a: Whimsicott|Growth|p1a: Whimsicott
|-boost|p1a: Whimsicott|atk|2
|-boost|p1a: Whimsicott|spa|2
|move|p2a: Ting-Lu|Ruination|p1a: Whimsicott
|-damage|p1a: Whimsicott|51/100
|
|-weather|SunnyDay|[upkeep]
|upkeep
|turn|3
|
|t:|1743879023
|move|p1a: Whimsicott|Giga Drain|p2a: Ting-Lu
|-supereffective|p2a: Ting-Lu
|-damage|p2a: Ting-Lu|3/100
|-heal|p1a: Whimsicott|100/100|[from] drain|[of] p2a: Ting-Lu
|-damage|p1a: Whimsicott|91/100|[from] item: Life Orb
|move|p2a: Ting-Lu|Ruination|p1a: Whimsicott
|-damage|p1a: Whimsicott|46/100
|
|-weather|SunnyDay|[upkeep]
|upkeep
|turn|4
|
|t:|1743879033
|move|p1a: Whimsicott|Giga Drain|p2a: Ting-Lu
|-supereffective|p2a: Ting-Lu
|-damage|p2a: Ting-Lu|0 fnt
|-heal|p1a: Whimsicott|48/100|[from] drain|[of] p2a: Ting-Lu
|faint|p2a: Ting-Lu
|-damage|p1a: Whimsicott|38/100|[from] item: Life Orb
|
|-weather|SunnyDay|[upkeep]
|upkeep
|
|t:|1743879042
|switch|p2a: Dragonite|Dragonite, F, shiny|100/100
|turn|5
|
|t:|1743879049
|-terastallize|p1a: Whimsicott|Ghost
|move|p2a: Dragonite|Extreme Speed|p1a: Whimsicott
|-immune|p1a: Whimsicott
|move|p1a: Whimsicott|Moonblast|p2a: Dragonite
|-supereffective|p2a: Dragonite
|-damage|p2a: Dragonite|0 fnt
|faint|p2a: Dragonite
|-damage|p1a: Whimsicott|28/100|[from] item: Life Orb
|
|-weather|SunnyDay|[upkeep]
|upkeep
|inactive|Battle timer is ON: inactive players will automatically lose when time's up. (requested by NGamerOP)
|
|t:|1743879061
|switch|p2a: Ferropolilla|Iron Moth|100/100
|-enditem|p2a: Ferropolilla|Booster Energy
|-activate|p2a: Ferropolilla|ability: Quark Drive|[fromitem]
|-start|p2a: Ferropolilla|quarkdrivespe
|turn|6
|
|t:|1743879073
|switch|p1a: Walking Wake|Walking Wake|100/100
|-damage|p1a: Walking Wake|88/100|[from] Stealth Rock
|-activate|p1a: Walking Wake|ability: Protosynthesis
|-start|p1a: Walking Wake|protosynthesisspe
|move|p2a: Ferropolilla|Fiery Dance|p1a: Walking Wake
|-resisted|p1a: Walking Wake
|-damage|p1a: Walking Wake|79/100
|-boost|p2a: Ferropolilla|spa|1
|
|-weather|SunnyDay|[upkeep]
|upkeep
|turn|7
|
|t:|1743879085
|move|p2a: Ferropolilla|Dazzling Gleam|p1a: Walking Wake
|-supereffective|p1a: Walking Wake
|-damage|p1a: Walking Wake|24/100
|move|p1a: Walking Wake|Hydro Steam|p2a: Ferropolilla
|-supereffective|p2a: Ferropolilla
|-damage|p2a: Ferropolilla|0 fnt
|faint|p2a: Ferropolilla
|-end|p2a: Ferropolilla|Quark Drive|[silent]
|
|-weather|SunnyDay|[upkeep]
|upkeep
|
|t:|1743879096
|switch|p2a: Kyurem|Kyurem|100/100
|-ability|p2a: Kyurem|Pressure
|turn|8
|
|t:|1743879108
|switch|p2a: Ferropaladín|Iron Valiant, shiny|100/100
|-enditem|p2a: Ferropaladín|Booster Energy
|-activate|p2a: Ferropaladín|ability: Quark Drive|[fromitem]
|-start|p2a: Ferropaladín|quarkdrivespe
|move|p1a: Walking Wake|Draco Meteor|p2a: Ferropaladín
|-immune|p2a: Ferropaladín
|
|-weather|none
|-end|p1a: Walking Wake|Protosynthesis
|upkeep
|turn|9
|
|t:|1743879118
|-end|p1a: Walking Wake|Protosynthesis|[silent]
|switch|p1a: Ninetales|Ninetales, M|100/100
|-damage|p1a: Ninetales|76/100|[from] Stealth Rock
|-weather|SunnyDay|[from] ability: Drought|[of] p1a: Ninetales
|move|p2a: Ferropaladín|Moonblast|p1a: Ninetales
|-resisted|p1a: Ninetales
|-damage|p1a: Ninetales|54/100
|
|-weather|SunnyDay|[upkeep]
|upkeep
|turn|10
|
|t:|1743879122
|move|p2a: Ferropaladín|Knock Off|p1a: Ninetales
|-crit|p1a: Ninetales
|-damage|p1a: Ninetales|0 fnt
|-enditem|p1a: Ninetales|Heat Rock|[from] move: Knock Off|[of] p2a: Ferropaladín
|faint|p1a: Ninetales
|
|-weather|SunnyDay|[upkeep]
|upkeep
|
|t:|1743879126
|switch|p1a: Whimsicott|Whimsicott, M, tera:Ghost|28/100
|-damage|p1a: Whimsicott|16/100|[from] Stealth Rock
|turn|11
|
|t:|1743879134
|move|p1a: Whimsicott|Moonblast|p2a: Ferropaladín
|-supereffective|p2a: Ferropaladín
|-damage|p2a: Ferropaladín|0 fnt
|faint|p2a: Ferropaladín
|-end|p2a: Ferropaladín|Quark Drive|[silent]
|-damage|p1a: Whimsicott|6/100|[from] item: Life Orb
|
|-weather|SunnyDay|[upkeep]
|upkeep
|
|t:|1743879137
|switch|p2a: Kyurem|Kyurem|100/100
|-ability|p2a: Kyurem|Pressure
|turn|12
|
|t:|1743879145
|switch|p2a: Gholdengo|Gholdengo|100/100
|move|p1a: Whimsicott|Growth|p1a: Whimsicott
|-boost|p1a: Whimsicott|atk|2
|-boost|p1a: Whimsicott|spa|2
|
|-weather|SunnyDay|[upkeep]
|upkeep
|turn|13
|
|t:|1743879152
|move|p1a: Whimsicott|Shadow Ball|p2a: Gholdengo
|-supereffective|p2a: Gholdengo
|-damage|p2a: Gholdengo|0 fnt
|faint|p2a: Gholdengo
|-damage|p1a: Whimsicott|0 fnt|[from] item: Life Orb
|faint|p1a: Whimsicott
|
|-weather|SunnyDay|[upkeep]
|upkeep
|-message|Genarf forfeited.
|
|win|NGamerOP
|raw|NGamerOP's rating: 1544 &rarr; <strong>1564</strong><br />(+20 for winning)
|raw|Genarf's rating: 1544 &rarr; <strong>1524</strong><br />(-20 for losing)
|c|☆NGamerOP|gg
|l|☆NGamerOP
|player|p1|
