|j|☆ztxqwert
|j|☆SnarfyCow26
|t:|1743828120
|gametype|singles
|player|p1|ztxqwert|unknown|1254
|player|p2|SnarfyCow26|miku-ground|1204
|teamsize|p1|6
|teamsize|p2|6
|gen|9
|tier|[Gen 9] OU
|rated|
|rule|HP Percentage Mod: HP is shown in percentages
|rule|Endless Battle Clause: Forcing endless battles is banned
|rule|Species Clause: Limit one of each Pokémon
|rule|OHKO Clause: OHKO moves are banned
|rule|Evasion Items Clause: Evasion items are banned
|rule|Evasion Moves Clause: Evasion moves are banned
|rule|Sleep Moves Clause: Sleep-inducing moves are banned
|clearpoke
|poke|p1|Meowscarada, M|
|poke|p1|Tinkaton, F|
|poke|p1|Tyranitar, F|
|poke|p1|Gholdengo|
|poke|p1|Great Tusk|
|poke|p1|Zapdos|
|poke|p2|Moltres-Galar|
|poke|p2|Garganacl, F|
|poke|p2|Kingambit, M|
|poke|p2|Iron Boulder|
|poke|p2|Keldeo-Resolute|
|poke|p2|Kyurem|
|teampreview
|inactive|Battle timer is ON: inactive players will automatically lose when time's up. (requested by SnarfyCow26)
|c|☆SnarfyCow26|hi glhf
|
|t:|1743828142
|start
|switch|p1a: Gholdengo|Gholdengo|100/100
|switch|p2a: Moltres|Moltres-Galar|100/100
|-item|p1a: Gholdengo|Air Balloon
|turn|1
|
|t:|1743828164
|switch|p1a: Tyranitar|Tyranitar, F|100/100
|-weather|Sandstorm|[from] ability: Sand Stream|[of] p1a: Tyranitar
|move|p2a: Moltres|Fiery Wrath|p1a: Tyranitar
|-resisted|p1a: Tyranitar
|-crit|p1a: Tyranitar
|-damage|p1a: Tyranitar|89/100
|
|-weather|Sandstorm|[upkeep]
|-damage|p2a: Moltres|94/100|[from] Sandstorm
|upkeep
|turn|2
|inactive|SnarfyCow26 has 120 seconds left.
|
|t:|1743828204
|move|p2a: Moltres|Hurricane|p1a: Tyranitar|[miss]
|-miss|p2a: Moltres|p1a: Tyranitar
|move|p1a: Tyranitar|Knock Off|p2a: Moltres
|-resisted|p2a: Moltres
|-damage|p2a: Moltres|59/100
|-enditem|p2a: Moltres|Weakness Policy|[from] move: Knock Off|[of] p1a: Tyranitar
|
|-weather|Sandstorm|[upkeep]
|-damage|p2a: Moltres|53/100|[from] Sandstorm
|upkeep
|turn|3
|inactive|SnarfyCow26 has 120 seconds left.
|inactive|ztxqwert has 120 seconds left.
|
|t:|1743828226
|move|p2a: Moltres|Hurricane|p1a: Tyranitar
|-resisted|p1a: Tyranitar
|-damage|p1a: Tyranitar|80/100
|-start|p1a: Tyranitar|confusion
|-activate|p1a: Tyranitar|confusion
|-damage|p1a: Tyranitar|67/100|[from] confusion
|
|-weather|Sandstorm|[upkeep]
|-damage|p2a: Moltres|46/100|[from] Sandstorm
|upkeep
|turn|4
|inactive|SnarfyCow26 has 120 seconds left.
|
|t:|1743828238
|move|p2a: Moltres|Nasty Plot|p2a: Moltres
|-boost|p2a: Moltres|spa|2
|-end|p1a: Tyranitar|confusion
|move|p1a: Tyranitar|Stone Edge|p2a: Moltres
|-supereffective|p2a: Moltres
|-damage|p2a: Moltres|0 fnt
|faint|p2a: Moltres
|
|-weather|Sandstorm|[upkeep]
|upkeep
|inactive|SnarfyCow26 has 120 seconds left.
|
|t:|1743828247
|switch|p2a: Kelden|Keldeo-Resolute|100/100
|turn|5
|inactive|SnarfyCow26 has 120 seconds left.
|inactive|ztxqwert has 120 seconds left.
|
|t:|1743828291
|switch|p1a: Zapdos|Zapdos|100/100
|move|p2a: Kelden|Surf|p1a: Zapdos
|-damage|p1a: Zapdos|52/100
|
|-weather|none
|upkeep
|turn|6
|
|t:|1743828301
|move|p2a: Kelden|Surf|p1a: Zapdos
|-damage|p1a: Zapdos|2/100
|move|p1a: Zapdos|Volt Switch|p2a: Kelden
|-supereffective|p2a: Kelden
|-damage|p2a: Kelden|56/100
|
|t:|1743828313
|switch|p1a: Meowscarada|Meowscarada, M|100/100|[from] Volt Switch
|
|upkeep
|turn|7
|
|t:|1743828319
|move|p2a: Kelden|Vacuum Wave|p1a: Meowscarada
|-supereffective|p1a: Meowscarada
|-damage|p1a: Meowscarada|33/100
|move|p1a: Meowscarada|U-turn|p2a: Kelden
|-start|p1a: Meowscarada|typechange|Bug|[from] ability: Protean
|-resisted|p2a: Kelden
|-damage|p2a: Kelden|37/100
|inactive|ztxqwert has 90 seconds left.
|
|t:|1743828350
|switch|p1a: Tyranitar|Tyranitar, F|67/100|[from] U-turn
|-weather|Sandstorm|[from] ability: Sand Stream|[of] p1a: Tyranitar
|
|-weather|Sandstorm|[upkeep]
|-damage|p2a: Kelden|31/100|[from] Sandstorm
|upkeep
|turn|8
|
|t:|1743828357
|move|p2a: Kelden|Secret Sword|p1a: Tyranitar
|-supereffective|p1a: Tyranitar
|-damage|p1a: Tyranitar|0 fnt
|faint|p1a: Tyranitar
|
|-weather|Sandstorm|[upkeep]
|-damage|p2a: Kelden|25/100|[from] Sandstorm
|upkeep
|inactive|ztxqwert has 60 seconds left.
|
|t:|1743828395
|switch|p1a: Tinkaton|Tinkaton, F, shiny|100/100
|-item|p1a: Tinkaton|Air Balloon
|turn|9
|inactive|ztxqwert has 60 seconds left.
|
|t:|1743828404
|move|p1a: Tinkaton|Gigaton Hammer|p2a: Kelden
|-resisted|p2a: Kelden
|-damage|p2a: Kelden|2/100
|move|p2a: Kelden|Surf|p1a: Tinkaton
|-damage|p1a: Tinkaton|52/100
|-enditem|p1a: Tinkaton|Air Balloon
|
|-weather|Sandstorm|[upkeep]
|-damage|p2a: Kelden|0 fnt|[from] Sandstorm
|faint|p2a: Kelden
|upkeep
|
|t:|1743828415
|switch|p2a: Iron Boulder|Iron Boulder|100/100
|-enditem|p2a: Iron Boulder|Booster Energy
|-activate|p2a: Iron Boulder|ability: Quark Drive|[fromitem]
|-start|p2a: Iron Boulder|quarkdrivespe
|turn|10
|inactive|ztxqwert has 60 seconds left.
|
|t:|1743828431
|-terastallize|p2a: Iron Boulder|Fighting
|move|p2a: Iron Boulder|Swords Dance|p2a: Iron Boulder
|-boost|p2a: Iron Boulder|atk|2
|move|p1a: Tinkaton|Stealth Rock|p2a: Iron Boulder
|-sidestart|p2: SnarfyCow26|move: Stealth Rock
|
|-weather|Sandstorm|[upkeep]
|-damage|p2a: Iron Boulder|94/100|[from] Sandstorm
|upkeep
|turn|11
|
|t:|1743828440
|move|p2a: Iron Boulder|Sacred Sword|p1a: Tinkaton
|-damage|p1a: Tinkaton|0 fnt
|faint|p1a: Tinkaton
|
|-weather|none
|upkeep
|inactive|ztxqwert has 60 seconds left.
|
|t:|1743828461
|switch|p1a: Great Tusk|Great Tusk|100/100
|turn|12
|
|t:|1743828474
|-terastallize|p1a: Great Tusk|Steel
|move|p2a: Iron Boulder|Psycho Cut|p1a: Great Tusk
|-resisted|p1a: Great Tusk
|-damage|p1a: Great Tusk|77/100
|move|p1a: Great Tusk|Rapid Spin|p2a: Iron Boulder
|-damage|p2a: Iron Boulder|71/100
|-boost|p1a: Great Tusk|spe|1
|
|upkeep
|turn|13
|
|t:|1743828487
|move|p2a: Iron Boulder|Sacred Sword|p1a: Great Tusk
|-supereffective|p1a: Great Tusk
|-damage|p1a: Great Tusk|0 fnt
|faint|p1a: Great Tusk
|-end|p1a: Great Tusk|Protosynthesis|[silent]
|
|upkeep
|
|t:|1743828495
|switch|p1a: Gholdengo|Gholdengo|100/100
|-item|p1a: Gholdengo|Air Balloon
|turn|14
|
|t:|1743828501
|move|p2a: Iron Boulder|Mighty Cleave|p1a: Gholdengo
|-resisted|p1a: Gholdengo
|-damage|p1a: Gholdengo|68/100
|-enditem|p1a: Gholdengo|Air Balloon
|move|p1a: Gholdengo|Thunder Wave|p2a: Iron Boulder
|-status|p2a: Iron Boulder|par
|
|upkeep
|turn|15
|inactive|ztxqwert has 60 seconds left.
|
|t:|1743828515
|move|p2a: Iron Boulder|Mighty Cleave|p1a: Gholdengo
|-resisted|p1a: Gholdengo
|-damage|p1a: Gholdengo|38/100
|move|p1a: Gholdengo|Thunder Wave|p2a: Iron Boulder
|-fail|p2a: Iron Boulder|par
|
|upkeep
|turn|16
|
|t:|1743828530
|move|p2a: Iron Boulder|Mighty Cleave|p1a: Gholdengo
|-resisted|p1a: Gholdengo
|-crit|p1a: Gholdengo
|-damage|p1a: Gholdengo|0 fnt
|faint|p1a: Gholdengo
|
|upkeep
|
|t:|1743828537
|switch|p1a: Meowscarada|Meowscarada, M|33/100
|turn|17
|-message|ztxqwert forfeited.
|
|win|SnarfyCow26
|raw|ztxqwert's rating: 1254 &rarr; <strong>1225</strong><br />(-29 for losing)
|raw|SnarfyCow26's rating: 1204 &rarr; <strong>1233</strong><br />(+29 for winning)
|l|☆ztxqwert
|player|p1|
|c|☆SnarfyCow26|why did you tw
|l|☆SnarfyCow26
|player|p2|
