|j|☆Old Sam - RPlayer
|j|☆ztxqwert
|t:|1743899533
|gametype|singles
|player|p1|Old Sam - RPlayer|wattson|1355
|player|p2|ztxqwert|unknown|1329
|teamsize|p1|6
|teamsize|p2|6
|gen|9
|tier|[Gen 9] OU
|rated|
|rule|HP Percentage Mod: HP is shown in percentages
|rule|Endless Battle Clause: Forcing endless battles is banned
|rule|Species Clause: Limit one of each Pokémon
|rule|OHKO Clause: OHKO moves are banned
|rule|Evasion Items Clause: Evasion items are banned
|rule|Evasion Moves Clause: Evasion moves are banned
|rule|Sleep Moves Clause: Sleep-inducing moves are banned
|clearpoke
|poke|p1|Great Tusk|
|poke|p1|Meloetta|
|poke|p1|Skarmory, F|
|poke|p1|Ceruledge, M|
|poke|p1|Dragapult, F|
|poke|p1|Iron Valiant|
|poke|p2|Meowscarada, M|
|poke|p2|Tinkaton, F|
|poke|p2|Tyranitar, M|
|poke|p2|Gholdengo|
|poke|p2|Great Tusk|
|poke|p2|Zapdos|
|teampreview
|
|t:|1743899549
|start
|switch|p1a: Dragapult|Dragapult, F|100/100
|switch|p2a: Tinkaton|Tinkaton, F, shiny|100/100
|-item|p2a: Tinkaton|Air Balloon
|turn|1
|inactive|Battle timer is ON: inactive players will automatically lose when time's up. (requested by Old Sam - RPlayer)
|
|t:|1743899560
|switch|p2a: Zapdos|Zapdos|100/100
|move|p1a: Dragapult|U-turn|p2a: Zapdos
|-resisted|p2a: Zapdos
|-damage|p2a: Zapdos|93/100
|
|t:|1743899566
|switch|p1a: Meloetta|Meloetta|100/100|[from] U-turn
|
|upkeep
|turn|2
|
|t:|1743899577
|move|p1a: Meloetta|Hyper Voice|p2a: Zapdos
|-damage|p2a: Zapdos|26/100
|move|p2a: Zapdos|Thunder Wave|p1a: Meloetta
|-status|p1a: Meloetta|par
|
|upkeep
|turn|3
|
|t:|1743899585
|move|p2a: Zapdos|Volt Switch|p1a: Meloetta
|-damage|p1a: Meloetta|78/100 par
|
|t:|1743899589
|switch|p2a: Tyranitar|Tyranitar, M|100/100|[from] Volt Switch
|-weather|Sandstorm|[from] ability: Sand Stream|[of] p2a: Tyranitar
|cant|p1a: Meloetta|par
|
|-weather|Sandstorm|[upkeep]
|-damage|p1a: Meloetta|72/100 par|[from] Sandstorm
|upkeep
|turn|4
|
|t:|1743899611
|switch|p1a: Skarmory|Skarmory, F|100/100
|-terastallize|p2a: Tyranitar|Flying
|move|p2a: Tyranitar|Stone Edge|p1a: Skarmory
|-damage|p1a: Skarmory|66/100
|
|-weather|Sandstorm|[upkeep]
|-damage|p2a: Tyranitar|94/100|[from] Sandstorm
|upkeep
|turn|5
|
|t:|1743899628
|switch|p2a: Tinkaton|Tinkaton, F, shiny|100/100
|-item|p2a: Tinkaton|Air Balloon
|switch|p1a: Great Tusk|Great Tusk|100/100
|
|-weather|Sandstorm|[upkeep]
|upkeep
|turn|6
|inactive|ztxqwert has 120 seconds left.
|
|t:|1743899651
|move|p2a: Tinkaton|Stealth Rock|p1a: Great Tusk
|-sidestart|p1: Old Sam - RPlayer|move: Stealth Rock
|move|p1a: Great Tusk|Body Press|p2a: Tinkaton
|-damage|p2a: Tinkaton|52/100
|-enditem|p2a: Tinkaton|Air Balloon
|-enditem|p1a: Great Tusk|Leftovers|[silent]|[from] ability: Pickpocket|[of] p1a: Great Tusk
|-item|p2a: Tinkaton|Leftovers|[from] ability: Pickpocket|[of] p1a: Great Tusk
|
|-weather|Sandstorm|[upkeep]
|-heal|p2a: Tinkaton|58/100|[from] item: Leftovers
|upkeep
|turn|7
|inactive|ztxqwert has 120 seconds left.
|
|t:|1743899659
|switch|p2a: Gholdengo|Gholdengo|100/100
|-item|p2a: Gholdengo|Air Balloon
|move|p1a: Great Tusk|Rapid Spin|p2a: Gholdengo
|-immune|p2a: Gholdengo
|
|-weather|none
|upkeep
|turn|8
|inactive|ztxqwert has 120 seconds left.
|
|t:|1743899697
|switch|p2a: Zapdos|Zapdos|26/100
|move|p1a: Great Tusk|Ice Spinner|p2a: Zapdos
|-supereffective|p2a: Zapdos
|-damage|p2a: Zapdos|0 fnt
|faint|p2a: Zapdos
|
|upkeep
|
|t:|1743899705
|switch|p2a: Meowscarada|Meowscarada, M|100/100
|turn|9
|inactive|ztxqwert has 90 seconds left.
|
|t:|1743899722
|-end|p1a: Great Tusk|Protosynthesis|[silent]
|switch|p1a: Skarmory|Skarmory, F|66/100
|-damage|p1a: Skarmory|54/100|[from] Stealth Rock
|move|p2a: Meowscarada|U-turn|p1a: Skarmory
|-start|p2a: Meowscarada|typechange|Bug|[from] ability: Protean
|-resisted|p1a: Skarmory
|-damage|p1a: Skarmory|49/100
|inactive|ztxqwert has 90 seconds left.
|
|t:|1743899743
|switch|p2a: Gholdengo|Gholdengo|100/100|[from] U-turn
|-item|p2a: Gholdengo|Air Balloon
|
|upkeep
|turn|10
|
|t:|1743899751
|move|p2a: Gholdengo|Thunder Wave|p1a: Skarmory
|-status|p1a: Skarmory|par
|move|p1a: Skarmory|Roost|p1a: Skarmory
|-heal|p1a: Skarmory|99/100 par
|-singleturn|p1a: Skarmory|move: Roost
|
|upkeep
|turn|11
|
|t:|1743899773
|move|p2a: Gholdengo|Thunder Wave|p1a: Skarmory
|-fail|p1a: Skarmory|par
|move|p1a: Skarmory|Spikes|p2a: Gholdengo
|-sidestart|p2: ztxqwert|Spikes
|
|upkeep
|turn|12
|
|t:|1743899781
|move|p2a: Gholdengo|Hex|p1a: Skarmory
|-damage|p1a: Skarmory|20/100 par
|move|p1a: Skarmory|Spikes|p2a: Gholdengo
|-sidestart|p2: ztxqwert|Spikes
|
|upkeep
|turn|13
|
|t:|1743899787
|move|p2a: Gholdengo|Hex|p1a: Skarmory
|-damage|p1a: Skarmory|0 fnt
|faint|p1a: Skarmory
|
|upkeep
|
|t:|1743899795
|switch|p1a: Dragapult|Dragapult, F|100/100
|-damage|p1a: Dragapult|88/100|[from] Stealth Rock
|turn|14
|inactive|ztxqwert has 90 seconds left.
|
|t:|1743899815
|switch|p2a: Tyranitar|Tyranitar, M, tera:Flying|94/100
|-weather|Sandstorm|[from] ability: Sand Stream|[of] p2a: Tyranitar
|move|p1a: Dragapult|Flamethrower|p2a: Tyranitar
|-damage|p2a: Tyranitar|78/100
|
|-weather|Sandstorm|[upkeep]
|-damage|p1a: Dragapult|82/100|[from] Sandstorm
|-damage|p2a: Tyranitar|72/100|[from] Sandstorm
|upkeep
|turn|15
|
|t:|1743899826
|switch|p1a: Great Tusk|Great Tusk|100/100
|-damage|p1a: Great Tusk|98/100|[from] Stealth Rock
|move|p2a: Tyranitar|Knock Off|p1a: Great Tusk
|-resisted|p1a: Great Tusk
|-damage|p1a: Great Tusk|87/100
|
|-weather|Sandstorm|[upkeep]
|-damage|p2a: Tyranitar|66/100|[from] Sandstorm
|upkeep
|turn|16
|
|t:|1743899838
|move|p1a: Great Tusk|Ice Spinner|p2a: Tyranitar
|-supereffective|p2a: Tyranitar
|-damage|p2a: Tyranitar|19/100
|move|p2a: Tyranitar|Ice Beam|p1a: Great Tusk
|-supereffective|p1a: Great Tusk
|-damage|p1a: Great Tusk|36/100
|
|-weather|Sandstorm|[upkeep]
|-damage|p2a: Tyranitar|13/100|[from] Sandstorm
|upkeep
|turn|17
|
|t:|1743899851
|move|p1a: Great Tusk|Rapid Spin|p2a: Tyranitar
|-damage|p2a: Tyranitar|0 fnt
|-boost|p1a: Great Tusk|spe|1
|-sideend|p1: Old Sam - RPlayer|Stealth Rock|[from] move: Rapid Spin|[of] p1a: Great Tusk
|faint|p2a: Tyranitar
|
|-weather|Sandstorm|[upkeep]
|upkeep
|
|t:|1743899864
|switch|p2a: Great Tusk|Great Tusk|100/100
|turn|18
|
|t:|1743899870
|move|p1a: Great Tusk|Body Press|p2a: Great Tusk
|-damage|p2a: Great Tusk|71/100
|move|p2a: Great Tusk|Rapid Spin|p1a: Great Tusk
|-damage|p1a: Great Tusk|25/100
|-boost|p2a: Great Tusk|spe|1
|-sideend|p2: ztxqwert|Spikes|[from] move: Rapid Spin|[of] p2a: Great Tusk
|
|-weather|none
|upkeep
|turn|19
|
|t:|1743899880
|move|p2a: Great Tusk|Ice Spinner|p1a: Great Tusk
|-supereffective|p1a: Great Tusk
|-damage|p1a: Great Tusk|0 fnt
|faint|p1a: Great Tusk
|-end|p1a: Great Tusk|Protosynthesis|[silent]
|
|upkeep
|
|t:|1743899896
|switch|p1a: Dragapult|Dragapult, F|82/100
|turn|20
|
|t:|1743899906
|move|p2a: Great Tusk|Headlong Rush|p1a: Dragapult
|-damage|p1a: Dragapult|0 fnt
|-unboost|p2a: Great Tusk|def|1
|-unboost|p2a: Great Tusk|spd|1
|faint|p1a: Dragapult
|
|upkeep
|
|t:|1743899911
|switch|p1a: Iron Valiant|Iron Valiant|100/100
|-enditem|p1a: Iron Valiant|Booster Energy
|-activate|p1a: Iron Valiant|ability: Quark Drive|[fromitem]
|-start|p1a: Iron Valiant|quarkdrivespe
|turn|21
|
|t:|1743899925
|-end|p2a: Great Tusk|Protosynthesis|[silent]
|switch|p2a: Tinkaton|Tinkaton, F, shiny|58/100
|-terastallize|p1a: Iron Valiant|Steel
|move|p1a: Iron Valiant|Swords Dance|p1a: Iron Valiant
|-boost|p1a: Iron Valiant|atk|2
|
|-heal|p2a: Tinkaton|64/100|[from] item: Leftovers
|upkeep
|turn|22
|
|t:|1743899932
|move|p1a: Iron Valiant|Close Combat|p2a: Tinkaton
|-damage|p2a: Tinkaton|0 fnt
|-unboost|p1a: Iron Valiant|def|1
|-unboost|p1a: Iron Valiant|spd|1
|faint|p2a: Tinkaton
|
|upkeep
|
|t:|1743899939
|switch|p2a: Meowscarada|Meowscarada, M|100/100
|turn|23
|
|t:|1743899943
|move|p2a: Meowscarada|Sucker Punch|p1a: Iron Valiant
|-start|p2a: Meowscarada|typechange|Dark|[from] ability: Protean
|-damage|p1a: Iron Valiant|38/100
|move|p1a: Iron Valiant|Close Combat|p2a: Meowscarada
|-supereffective|p2a: Meowscarada
|-damage|p2a: Meowscarada|0 fnt
|-unboost|p1a: Iron Valiant|def|1
|-unboost|p1a: Iron Valiant|spd|1
|faint|p2a: Meowscarada
|
|upkeep
|
|t:|1743899965
|switch|p2a: Gholdengo|Gholdengo|100/100
|-item|p2a: Gholdengo|Air Balloon
|turn|24
|
|t:|1743899970
|move|p1a: Iron Valiant|Knock Off|p2a: Gholdengo
|-supereffective|p2a: Gholdengo
|-damage|p2a: Gholdengo|8/100
|-enditem|p2a: Gholdengo|Air Balloon
|move|p2a: Gholdengo|Hex|p1a: Iron Valiant
|-damage|p1a: Iron Valiant|0 fnt
|faint|p1a: Iron Valiant
|-end|p1a: Iron Valiant|Quark Drive|[silent]
|
|upkeep
|
|t:|1743899975
|switch|p1a: Ceruledge|Ceruledge, M|100/100
|turn|25
|
|t:|1743899985
|move|p1a: Ceruledge|Shadow Claw|p2a: Gholdengo
|-supereffective|p2a: Gholdengo
|-damage|p2a: Gholdengo|0 fnt
|faint|p2a: Gholdengo
|
|upkeep
|
|t:|1743899991
|switch|p2a: Great Tusk|Great Tusk|71/100
|turn|26
|
|t:|1743900006
|move|p2a: Great Tusk|Rapid Spin|p1a: Ceruledge
|-immune|p1a: Ceruledge
|move|p1a: Ceruledge|Bitter Blade|p2a: Great Tusk
|-damage|p2a: Great Tusk|36/100
|
|upkeep
|turn|27
|-message|ztxqwert forfeited.
|
|win|Old Sam - RPlayer
|raw|Old Sam - RPlayer's rating: 1355 &rarr; <strong>1374</strong><br />(+19 for winning)
|raw|ztxqwert's rating: 1329 &rarr; <strong>1310</strong><br />(-19 for losing)
|l|☆ztxqwert
|player|p2|
|l|☆Old Sam - RPlayer
|player|p1|
