|j|☆TheLump
|j|☆alkaposta
|t:|1743911368
|gametype|singles
|player|p1|TheLump|1|1082
|player|p2|alkaposta|1|1094
|teamsize|p1|6
|teamsize|p2|6
|gen|9
|tier|[Gen 9] OU
|rated|
|rule|HP Percentage Mod: HP is shown in percentages
|rule|Endless Battle Clause: Forcing endless battles is banned
|rule|Species Clause: Limit one of each Pokémon
|rule|OHKO Clause: OHKO moves are banned
|rule|Evasion Items Clause: Evasion items are banned
|rule|Evasion Moves Clause: Evasion moves are banned
|rule|Sleep Moves Clause: Sleep-inducing moves are banned
|clearpoke
|poke|p1|Venomoth, F|
|poke|p1|Victreebel, M|
|poke|p1|Torkoal, M|
|poke|p1|Iron Moth|
|poke|p1|Revavroom, M|
|poke|p1|Swalot, F|
|poke|p2|Camerupt, F|
|poke|p2|Scyther, F|
|poke|p2|Raikou|
|poke|p2|Kingdra, M|
|poke|p2|Bronzong|
|poke|p2|Hitmonchan, M|
|teampreview
|inactive|Battle timer is ON: inactive players will automatically lose when time's up. (requested by alkaposta)
|
|t:|1743911434
|start
|switch|p1a: Swalot|Swalot, F|100/100
|switch|p2a: Hitmonchan|Hitmonchan, M|100/100
|turn|1
|
|t:|1743911440
|move|p2a: Hitmonchan|Rapid Spin|p1a: Swalot
|-damage|p1a: Swalot|85/100
|-boost|p2a: Hitmonchan|spe|1
|move|p1a: Swalot|Toxic|p2a: Hitmonchan
|-status|p2a: Hitmonchan|tox
|
|-heal|p1a: Swalot|91/100|[from] item: Black Sludge
|-damage|p2a: Hitmonchan|94/100 tox|[from] psn
|upkeep
|turn|2
|inactive|TheLump has 120 seconds left.
|
|t:|1743911486
|switch|p2a: Bronzong|Bronzong|100/100
|move|p1a: Swalot|Gastro Acid|p2a: Bronzong
|-endability|p2a: Bronzong
|
|-heal|p1a: Swalot|98/100|[from] item: Black Sludge
|upkeep
|turn|3
|
|t:|1743911496
|move|p1a: Swalot|Thunder Wave|p2a: Bronzong
|-status|p2a: Bronzong|par
|move|p2a: Bronzong|Zen Headbutt|p1a: Swalot
|-supereffective|p1a: Swalot
|-damage|p1a: Swalot|48/100
|
|-heal|p1a: Swalot|54/100|[from] item: Black Sludge
|upkeep
|turn|4
|
|t:|1743911504
|switch|p1a: Revavroom|Revavroom, M|100/100
|move|p2a: Bronzong|Zen Headbutt|p1a: Revavroom
|-damage|p1a: Revavroom|72/100
|
|-heal|p1a: Revavroom|78/100|[from] item: Leftovers
|upkeep
|turn|5
|
|t:|1743911517
|move|p1a: Revavroom|Shift Gear|p1a: Revavroom
|-boost|p1a: Revavroom|spe|2
|-boost|p1a: Revavroom|atk|1
|move|p2a: Bronzong|Zen Headbutt|p1a: Revavroom|[miss]
|-miss|p2a: Bronzong|p1a: Revavroom
|
|-heal|p1a: Revavroom|84/100|[from] item: Leftovers
|upkeep
|turn|6
|
|t:|1743911532
|move|p1a: Revavroom|Shift Gear|p1a: Revavroom
|-boost|p1a: Revavroom|spe|2
|-boost|p1a: Revavroom|atk|1
|move|p2a: Bronzong|Zen Headbutt|p1a: Revavroom
|-damage|p1a: Revavroom|51/100
|
|-heal|p1a: Revavroom|57/100|[from] item: Leftovers
|upkeep
|turn|7
|
|t:|1743911540
|move|p1a: Revavroom|High Horsepower|p2a: Bronzong
|-supereffective|p2a: Bronzong
|-damage|p2a: Bronzong|0 fnt
|faint|p2a: Bronzong
|
|-heal|p1a: Revavroom|63/100|[from] item: Leftovers
|upkeep
|
|t:|1743911568
|switch|p2a: Camerupt|Camerupt, F|100/100
|turn|8
|inactive|TheLump has 120 seconds left.
|
|t:|1743911599
|move|p1a: Revavroom|High Horsepower|p2a: Camerupt
|-supereffective|p2a: Camerupt
|-damage|p2a: Camerupt|0 fnt
|faint|p2a: Camerupt
|
|-heal|p1a: Revavroom|69/100|[from] item: Leftovers
|upkeep
|inactive|alkaposta has 120 seconds left.
|
|t:|1743911630
|switch|p2a: Hitmonchan|Hitmonchan, M|94/100 tox
|turn|9
|
|t:|1743911635
|move|p1a: Revavroom|Poison Jab|p2a: Hitmonchan
|-damage|p2a: Hitmonchan|0 fnt
|faint|p2a: Hitmonchan
|
|-heal|p1a: Revavroom|75/100|[from] item: Leftovers
|upkeep
|
|t:|1743911656
|switch|p2a: Kingdra|Kingdra, M|100/100
|turn|10
|
|t:|1743911663
|move|p1a: Revavroom|Poison Jab|p2a: Kingdra
|-damage|p2a: Kingdra|0 fnt
|faint|p2a: Kingdra
|
|-heal|p1a: Revavroom|81/100|[from] item: Leftovers
|upkeep
|
|t:|1743911671
|switch|p2a: Raikou|Raikou|100/100
|-ability|p2a: Raikou|Pressure
|-item|p2a: Raikou|Air Balloon
|turn|11
|
|t:|1743911682
|move|p1a: Revavroom|Poison Jab|p2a: Raikou
|-damage|p2a: Raikou|0 fnt
|-enditem|p2a: Raikou|Air Balloon
|faint|p2a: Raikou
|
|-heal|p1a: Revavroom|87/100|[from] item: Leftovers
|upkeep
|
|t:|1743911689
|switch|p2a: Scyther|Scyther, F|100/100
|turn|12
|
|t:|1743911708
|move|p1a: Revavroom|Poison Jab|p2a: Scyther
|-damage|p2a: Scyther|42/100
|move|p2a: Scyther|Swords Dance|p2a: Scyther
|-boost|p2a: Scyther|atk|2
|
|-heal|p1a: Revavroom|93/100|[from] item: Leftovers
|upkeep
|turn|13
|inactive|alkaposta has 120 seconds left.
|
|t:|1743911718
|move|p1a: Revavroom|Iron Head|p2a: Scyther
|-damage|p2a: Scyther|0 fnt
|faint|p2a: Scyther
|
|win|TheLump
|raw|TheLump's rating: 1082 &rarr; <strong>1111</strong><br />(+29 for winning)
|raw|alkaposta's rating: 1094 &rarr; <strong>1069</strong><br />(-25 for losing)
|l|☆TheLump
|player|p1|
