|j|☆WEBBERRYAN98
|j|☆1890SBR尤里乌斯·凯撒·齐贝林
|t:|1743828057
|gametype|singles
|player|p1|WEBBERRYAN98|102|1183
|player|p2|1890SBR尤里乌斯·凯撒·齐贝林|2|1293
|teamsize|p1|6
|teamsize|p2|6
|gen|9
|tier|[Gen 9] OU
|rated|
|rule|HP Percentage Mod: HP is shown in percentages
|rule|Endless Battle Clause: Forcing endless battles is banned
|rule|Species Clause: Limit one of each Pokémon
|rule|OHKO Clause: OHKO moves are banned
|rule|Evasion Items Clause: Evasion items are banned
|rule|Evasion Moves Clause: Evasion moves are banned
|rule|Sleep Moves Clause: Sleep-inducing moves are banned
|clearpoke
|poke|p1|Magnezone|
|poke|p1|Skeledirge, M|
|poke|p1|Hoopa-Unbound|
|poke|p1|Toxapex, F|
|poke|p1|Landorus-Therian, M|
|poke|p1|Ogerpon, F|
|poke|p2|Glimmora, F|
|poke|p2|Zamazenta-*|
|poke|p2|Latias, F|
|poke|p2|Gholdengo|
|poke|p2|Dragonite, F|
|poke|p2|Weavile, F|
|teampreview
|inactive|Battle timer is ON: inactive players will automatically lose when time's up. (requested by WEBBERRYAN98)
|
|t:|1743828081
|start
|switch|p1a: Landorus|Landorus-Therian, M|100/100
|switch|p2a: Glimmora|Glimmora, F|100/100
|-ability|p1a: Landorus|Intimidate|boost
|-unboost|p2a: Glimmora|atk|1
|turn|1
|
|t:|1743828093
|switch|p2a: Dragonite|Dragonite, F|100/100
|move|p1a: Landorus|Earthquake|p2a: Dragonite
|-immune|p2a: Dragonite
|
|upkeep
|turn|2
|inactive|WEBBERRYAN98 has 120 seconds left.
|
|t:|1743828126
|switch|p1a: Toxapex|Toxapex, F|100/100
|move|p2a: Dragonite|Ice Spinner|p1a: Toxapex
|-resisted|p1a: Toxapex
|-damage|p1a: Toxapex|89/100
|
|-heal|p1a: Toxapex|95/100|[from] item: Black Sludge
|upkeep
|turn|3
|
|t:|1743828134
|switch|p2a: Glimmora|Glimmora, F|100/100
|move|p1a: Toxapex|Toxic|p2a: Glimmora
|-immune|p2a: Glimmora
|
|-heal|p1a: Toxapex|100/100|[from] item: Black Sludge
|upkeep
|turn|4
|
|t:|1743828139
|move|p2a: Glimmora|Stealth Rock|p1a: Toxapex
|-sidestart|p1: WEBBERRYAN98|move: Stealth Rock
|move|p1a: Toxapex|Chilling Water|p2a: Glimmora
|-supereffective|p2a: Glimmora
|-damage|p2a: Glimmora|82/100
|-unboost|p2a: Glimmora|atk|1
|-enditem|p2a: Glimmora|Red Card|[of] p1a: Toxapex
|drag|p1a: Skeledirge|Skeledirge, M|100/100
|-damage|p1a: Skeledirge|76/100|[from] Stealth Rock
|
|-heal|p1a: Skeledirge|82/100|[from] item: Leftovers
|upkeep
|turn|5
|inactive|WEBBERRYAN98 has 120 seconds left.
|
|t:|1743828166
|switch|p1a: Magnezone|Magnezone|100/100
|-damage|p1a: Magnezone|94/100|[from] Stealth Rock
|move|p2a: Glimmora|Earth Power|p1a: Magnezone
|-supereffective|p1a: Magnezone
|-damage|p1a: Magnezone|0 fnt
|faint|p1a: Magnezone
|
|upkeep
|inactive|WEBBERRYAN98 has 120 seconds left.
|
|t:|1743828173
|switch|p1a: Landorus|Landorus-Therian, M|100/100
|-damage|p1a: Landorus|88/100|[from] Stealth Rock
|-ability|p1a: Landorus|Intimidate|boost
|-unboost|p2a: Glimmora|atk|1
|turn|6
|inactive|WEBBERRYAN98 has 120 seconds left.
|
|t:|1743828188
|move|p1a: Landorus|U-turn|p2a: Glimmora
|-resisted|p2a: Glimmora
|-damage|p2a: Glimmora|64/100
|-activate|p2a: Glimmora|ability: Toxic Debris
|-sidestart|p1: WEBBERRYAN98|move: Toxic Spikes
|
|t:|1743828201
|switch|p1a: Toxapex|Toxapex, F|100/100|[from] U-turn
|-damage|p1a: Toxapex|88/100|[from] Stealth Rock
|-sideend|p1: WEBBERRYAN98|move: Toxic Spikes|[of] p1a: Toxapex
|move|p2a: Glimmora|Spikes|p1a: Toxapex
|-sidestart|p1: WEBBERRYAN98|Spikes
|
|-heal|p1a: Toxapex|94/100|[from] item: Black Sludge
|upkeep
|turn|7
|
|t:|1743828209
|move|p2a: Glimmora|Power Gem|p1a: Toxapex
|-damage|p1a: Toxapex|70/100
|move|p1a: Toxapex|Chilling Water|p2a: Glimmora
|-supereffective|p2a: Glimmora
|-damage|p2a: Glimmora|46/100
|-unboost|p2a: Glimmora|atk|1
|
|-heal|p1a: Toxapex|76/100|[from] item: Black Sludge
|upkeep
|turn|8
|
|t:|1743828215
|move|p2a: Glimmora|Earth Power|p1a: Toxapex
|-supereffective|p1a: Toxapex
|-damage|p1a: Toxapex|40/100
|move|p1a: Toxapex|Chilling Water|p2a: Glimmora
|-supereffective|p2a: Glimmora
|-damage|p2a: Glimmora|26/100
|-unboost|p2a: Glimmora|atk|1
|
|-heal|p1a: Toxapex|46/100|[from] item: Black Sludge
|upkeep
|turn|9
|
|t:|1743828223
|move|p2a: Glimmora|Earth Power|p1a: Toxapex
|-supereffective|p1a: Toxapex
|-damage|p1a: Toxapex|12/100
|move|p1a: Toxapex|Recover|p1a: Toxapex
|-heal|p1a: Toxapex|62/100
|
|-heal|p1a: Toxapex|68/100|[from] item: Black Sludge
|upkeep
|turn|10
|
|t:|1743828229
|switch|p1a: Landorus|Landorus-Therian, M|88/100
|-damage|p1a: Landorus|76/100|[from] Stealth Rock
|-ability|p1a: Landorus|Intimidate|boost
|-unboost|p2a: Glimmora|atk|1
|move|p2a: Glimmora|Spikes|p1a: Landorus
|-sidestart|p1: WEBBERRYAN98|Spikes
|
|upkeep
|turn|11
|
|t:|1743828237
|move|p1a: Landorus|Stone Edge|p2a: Glimmora|[miss]
|-miss|p1a: Landorus|p2a: Glimmora
|move|p2a: Glimmora|Power Gem|p1a: Landorus
|-damage|p1a: Landorus|32/100
|
|upkeep
|turn|12
|-message|WEBBERRYAN98 forfeited.
|
|win|1890SBR尤里乌斯·凯撒·齐贝林
|raw|WEBBERRYAN98's rating: 1183 &rarr; <strong>1166</strong><br />(-17 for losing)
|raw|1890SBR尤里乌斯·凯撒·齐贝林's rating: 1293 &rarr; <strong>1310</strong><br />(+17 for winning)
|l|☆WEBBERRYAN98
|player|p1|
|l|☆1890SBR尤里乌斯·凯撒·齐贝林
|player|p2|
