|j|☆Liam Doria Vinck
|j|☆fgyh876eg
|t:|1743790577
|gametype|singles
|player|p1|Liam Doria Vinck|1|1116
|player|p2|fgyh876eg|102|1105
|teamsize|p1|6
|teamsize|p2|6
|gen|9
|tier|[Gen 9] OU
|rated|
|rule|HP Percentage Mod: HP is shown in percentages
|rule|Endless Battle Clause: Forcing endless battles is banned
|rule|Species Clause: Limit one of each Pokémon
|rule|OHKO Clause: OHKO moves are banned
|rule|Evasion Items Clause: Evasion items are banned
|rule|Evasion Moves Clause: Evasion moves are banned
|rule|Sleep Moves Clause: Sleep-inducing moves are banned
|clearpoke
|poke|p1|Pikachu-Partner, M|
|poke|p1|Ninetales-Alola, M|
|poke|p1|Pincurchin, F|
|poke|p1|Iron Valiant|
|poke|p1|Hatterene, F|
|poke|p1|Tornadus, M|
|poke|p2|Blissey, F|
|poke|p2|Cyclizar, M|
|poke|p2|Alomomola, F|
|poke|p2|Dondozo, F|
|poke|p2|Talonflame, M|
|poke|p2|Weezing-Galar, F|
|teampreview
|
|t:|1743790592
|start
|switch|p1a: Ninetales|Ninetales-Alola, M|100/100
|switch|p2a: Weezing|Weezing-Galar, F|100/100
|-ability|p2a: Weezing|Neutralizing Gas
|turn|1
|inactive|Battle timer is ON: inactive players will automatically lose when time's up. (requested by fgyh876eg)
|
|t:|1743790607
|switch|p1a: Pincurchin|Pincurchin, F|100/100
|move|p2a: Weezing|Sludge Bomb|p1a: Pincurchin
|-damage|p1a: Pincurchin|67/100
|-enditem|p1a: Pincurchin|Eject Button
|
|t:|1743790622
|switch|p1a: Hatterene|Hatterene, F|100/100
|
|upkeep
|turn|2
|
|t:|1743790626
|-terastallize|p1a: Hatterene|Fire
|move|p2a: Weezing|Sludge Bomb|p1a: Hatterene
|-damage|p1a: Hatterene|71/100
|move|p1a: Hatterene|Calm Mind|p1a: Hatterene
|-boost|p1a: Hatterene|spa|1
|-boost|p1a: Hatterene|spd|1
|
|upkeep
|turn|3
|
|t:|1743790633
|-end|p2a: Weezing|ability: Neutralizing Gas
|switch|p2a: Blissey|Blissey, F|100/100
|move|p1a: Hatterene|Draining Kiss|p2a: Blissey
|-damage|p2a: Blissey|83/100
|-heal|p1a: Hatterene|98/100|[from] drain|[of] p2a: Blissey
|-damage|p1a: Hatterene|88/100|[from] item: Life Orb
|
|-heal|p2a: Blissey|89/100|[from] item: Leftovers
|upkeep
|turn|4
|
|t:|1743790641
|move|p2a: Blissey|Seismic Toss|p1a: Hatterene
|-damage|p1a: Hatterene|57/100
|move|p1a: Hatterene|Calm Mind|p1a: Hatterene
|-boost|p1a: Hatterene|spa|1
|-boost|p1a: Hatterene|spd|1
|
|-heal|p2a: Blissey|95/100|[from] item: Leftovers
|upkeep
|turn|5
|
|t:|1743790645
|move|p2a: Blissey|Seismic Toss|p1a: Hatterene
|-damage|p1a: Hatterene|25/100
|move|p1a: Hatterene|Draining Kiss|p2a: Blissey
|-damage|p2a: Blissey|73/100
|-heal|p1a: Hatterene|60/100|[from] drain|[of] p2a: Blissey
|-damage|p1a: Hatterene|50/100|[from] item: Life Orb
|
|-heal|p2a: Blissey|79/100|[from] item: Leftovers
|upkeep
|turn|6
|
|t:|1743790651
|move|p2a: Blissey|Calm Mind|p2a: Blissey
|-boost|p2a: Blissey|spa|1
|-boost|p2a: Blissey|spd|1
|move|p1a: Hatterene|Draining Kiss|p2a: Blissey
|-damage|p2a: Blissey|62/100
|-heal|p1a: Hatterene|76/100|[from] drain|[of] p2a: Blissey
|-damage|p1a: Hatterene|67/100|[from] item: Life Orb
|
|-heal|p2a: Blissey|68/100|[from] item: Leftovers
|upkeep
|turn|7
|
|t:|1743790657
|move|p2a: Blissey|Calm Mind|p2a: Blissey
|-boost|p2a: Blissey|spa|1
|-boost|p2a: Blissey|spd|1
|move|p1a: Hatterene|Calm Mind|p1a: Hatterene
|-boost|p1a: Hatterene|spa|1
|-boost|p1a: Hatterene|spd|1
|
|-heal|p2a: Blissey|74/100|[from] item: Leftovers
|upkeep
|turn|8
|
|t:|1743790661
|move|p2a: Blissey|Calm Mind|p2a: Blissey
|-boost|p2a: Blissey|spa|1
|-boost|p2a: Blissey|spd|1
|move|p1a: Hatterene|Calm Mind|p1a: Hatterene
|-boost|p1a: Hatterene|spa|1
|-boost|p1a: Hatterene|spd|1
|
|-heal|p2a: Blissey|80/100|[from] item: Leftovers
|upkeep
|turn|9
|
|t:|1743790667
|move|p2a: Blissey|Calm Mind|p2a: Blissey
|-boost|p2a: Blissey|spa|1
|-boost|p2a: Blissey|spd|1
|move|p1a: Hatterene|Calm Mind|p1a: Hatterene
|-boost|p1a: Hatterene|spa|1
|-boost|p1a: Hatterene|spd|1
|
|-heal|p2a: Blissey|87/100|[from] item: Leftovers
|upkeep
|turn|10
|
|t:|1743790673
|move|p2a: Blissey|Calm Mind|p2a: Blissey
|-boost|p2a: Blissey|spa|1
|-boost|p2a: Blissey|spd|1
|move|p1a: Hatterene|Calm Mind|p1a: Hatterene
|-boost|p1a: Hatterene|spa|1
|-boost|p1a: Hatterene|spd|1
|
|-heal|p2a: Blissey|93/100|[from] item: Leftovers
|upkeep
|turn|11
|
|t:|1743790678
|move|p2a: Blissey|Calm Mind|p2a: Blissey
|-boost|p2a: Blissey|spa|1
|-boost|p2a: Blissey|spd|1
|move|p1a: Hatterene|Draining Kiss|p2a: Blissey
|-damage|p2a: Blissey|81/100
|-heal|p1a: Hatterene|84/100|[from] drain|[of] p2a: Blissey
|-damage|p1a: Hatterene|74/100|[from] item: Life Orb
|
|-heal|p2a: Blissey|87/100|[from] item: Leftovers
|upkeep
|turn|12
|
|t:|1743790693
|move|p2a: Blissey|Seismic Toss|p1a: Hatterene
|-damage|p1a: Hatterene|43/100
|move|p1a: Hatterene|Mystical Fire|p2a: Blissey
|-damage|p2a: Blissey|69/100
|-unboost|p2a: Blissey|spa|1
|-damage|p1a: Hatterene|33/100|[from] item: Life Orb
|
|-heal|p2a: Blissey|75/100|[from] item: Leftovers
|upkeep
|turn|13
|
|t:|1743790705
|move|p2a: Blissey|Seismic Toss|p1a: Hatterene
|-damage|p1a: Hatterene|2/100
|move|p1a: Hatterene|Draining Kiss|p2a: Blissey
|-damage|p2a: Blissey|63/100
|-heal|p1a: Hatterene|20/100|[from] drain|[of] p2a: Blissey
|-damage|p1a: Hatterene|11/100|[from] item: Life Orb
|
|-heal|p2a: Blissey|69/100|[from] item: Leftovers
|upkeep
|turn|14
|
|t:|1743790712
|move|p2a: Blissey|Seismic Toss|p1a: Hatterene
|-damage|p1a: Hatterene|0 fnt
|faint|p1a: Hatterene
|
|-heal|p2a: Blissey|75/100|[from] item: Leftovers
|upkeep
|
|t:|1743790721
|switch|p1a: Pincurchin|Pincurchin, F|67/100
|-fieldstart|move: Electric Terrain|[from] ability: Electric Surge|[of] p1a: Pincurchin
|turn|15
|
|t:|1743790724
|move|p2a: Blissey|Stealth Rock|p1a: Pincurchin
|-sidestart|p1: Liam Doria Vinck|move: Stealth Rock
|move|p1a: Pincurchin|Thunder Wave|p2a: Blissey
|-status|p2a: Blissey|par
|
|-heal|p2a: Blissey|81/100 par|[from] item: Leftovers
|upkeep
|turn|16
|
|t:|1743790744
|cant|p2a: Blissey|par
|move|p1a: Pincurchin|Memento|p2a: Blissey
|-unboost|p2a: Blissey|atk|2
|-unboost|p2a: Blissey|spa|2
|faint|p1a: Pincurchin
|
|-heal|p2a: Blissey|87/100 par|[from] item: Leftovers
|upkeep
|
|t:|1743790752
|switch|p1a: Pikachu|Pikachu-Partner, M|100/100
|-damage|p1a: Pikachu|88/100|[from] Stealth Rock
|turn|17
|
|t:|1743790758
|-curestatus|p2a: Blissey|par|[from] ability: Natural Cure
|switch|p2a: Cyclizar|Cyclizar, M|100/100
|move|p1a: Pikachu|Agility|p1a: Pikachu
|-boost|p1a: Pikachu|spe|2
|
|upkeep
|turn|18
|
|t:|1743790766
|move|p1a: Pikachu|Thunderbolt|p2a: Cyclizar
|-resisted|p2a: Cyclizar
|-damage|p2a: Cyclizar|70/100
|-status|p2a: Cyclizar|par
|move|p2a: Cyclizar|Rapid Spin|p1a: Pikachu
|-damage|p1a: Pikachu|44/100
|-boost|p2a: Cyclizar|spe|1
|
|upkeep
|turn|19
|
|t:|1743790779
|move|p1a: Pikachu|Thunderbolt|p2a: Cyclizar
|-resisted|p2a: Cyclizar
|-damage|p2a: Cyclizar|39/100 par
|move|p2a: Cyclizar|Rapid Spin|p1a: Pikachu
|-damage|p1a: Pikachu|4/100
|-boost|p2a: Cyclizar|spe|1
|
|-fieldend|move: Electric Terrain
|upkeep
|turn|20
|
|t:|1743790785
|move|p1a: Pikachu|Thunderbolt|p2a: Cyclizar
|-resisted|p2a: Cyclizar
|-damage|p2a: Cyclizar|14/100 par
|move|p2a: Cyclizar|U-turn|p1a: Pikachu
|-damage|p1a: Pikachu|0 fnt
|faint|p1a: Pikachu
|
|t:|1743790791
|switch|p2a: Weezing|Weezing-Galar, F|100/100|[from] U-turn
|-ability|p2a: Weezing|Neutralizing Gas
|
|upkeep
|
|t:|1743790808
|switch|p1a: Iron Valiant|Iron Valiant|100/100
|-damage|p1a: Iron Valiant|94/100|[from] Stealth Rock
|turn|21
|
|t:|1743790811
|move|p1a: Iron Valiant|Psychic|p2a: Weezing
|-supereffective|p2a: Weezing
|-damage|p2a: Weezing|0 fnt
|faint|p2a: Weezing
|-end|p2a: Weezing|ability: Neutralizing Gas
|-damage|p1a: Iron Valiant|84/100|[from] item: Life Orb
|
|upkeep
|
|t:|1743790820
|switch|p2a: Blissey|Blissey, F|87/100
|turn|22
|
|t:|1743790824
|move|p1a: Iron Valiant|Aura Sphere|p2a: Blissey
|-supereffective|p2a: Blissey
|-damage|p2a: Blissey|57/100
|-damage|p1a: Iron Valiant|74/100|[from] item: Life Orb
|move|p2a: Blissey|Seismic Toss|p1a: Iron Valiant
|-damage|p1a: Iron Valiant|40/100
|
|-heal|p2a: Blissey|63/100|[from] item: Leftovers
|upkeep
|turn|23
|
|t:|1743790847
|move|p1a: Iron Valiant|Aura Sphere|p2a: Blissey
|-supereffective|p2a: Blissey
|-damage|p2a: Blissey|29/100
|-damage|p1a: Iron Valiant|30/100|[from] item: Life Orb
|move|p2a: Blissey|Soft-Boiled|p2a: Blissey
|-heal|p2a: Blissey|79/100
|
|-heal|p2a: Blissey|85/100|[from] item: Leftovers
|upkeep
|turn|24
|
|t:|1743790860
|move|p1a: Iron Valiant|Aura Sphere|p2a: Blissey
|-supereffective|p2a: Blissey
|-damage|p2a: Blissey|54/100
|-damage|p1a: Iron Valiant|20/100|[from] item: Life Orb
|move|p2a: Blissey|Calm Mind|p2a: Blissey
|-boost|p2a: Blissey|spa|1
|-boost|p2a: Blissey|spd|1
|
|-heal|p2a: Blissey|60/100|[from] item: Leftovers
|upkeep
|turn|25
|
|t:|1743790866
|move|p1a: Iron Valiant|Aura Sphere|p2a: Blissey
|-supereffective|p2a: Blissey
|-damage|p2a: Blissey|40/100
|-damage|p1a: Iron Valiant|10/100|[from] item: Life Orb
|move|p2a: Blissey|Soft-Boiled|p2a: Blissey
|-heal|p2a: Blissey|90/100
|
|-heal|p2a: Blissey|96/100|[from] item: Leftovers
|upkeep
|turn|26
|
|t:|1743790870
|move|p1a: Iron Valiant|Aura Sphere|p2a: Blissey
|-supereffective|p2a: Blissey
|-damage|p2a: Blissey|75/100
|-damage|p1a: Iron Valiant|0 fnt|[from] item: Life Orb
|faint|p1a: Iron Valiant
|-end|p1a: Iron Valiant|Quark Drive|[silent]
|move|p2a: Blissey|Calm Mind|p2a: Blissey
|-boost|p2a: Blissey|spa|1
|-boost|p2a: Blissey|spd|1
|
|-heal|p2a: Blissey|82/100|[from] item: Leftovers
|upkeep
|
|t:|1743790876
|switch|p1a: Ninetales|Ninetales-Alola, M|100/100
|-damage|p1a: Ninetales|75/100|[from] Stealth Rock
|-weather|Snowscape|[from] ability: Snow Warning|[of] p1a: Ninetales
|turn|27
|
|t:|1743790882
|move|p1a: Ninetales|Calm Mind|p1a: Ninetales
|-boost|p1a: Ninetales|spa|1
|-boost|p1a: Ninetales|spd|1
|move|p2a: Blissey|Calm Mind|p2a: Blissey
|-boost|p2a: Blissey|spa|1
|-boost|p2a: Blissey|spd|1
|
|-weather|Snowscape|[upkeep]
|-heal|p2a: Blissey|88/100|[from] item: Leftovers
|upkeep
|turn|28
|
|t:|1743790886
|move|p1a: Ninetales|Calm Mind|p1a: Ninetales
|-boost|p1a: Ninetales|spa|1
|-boost|p1a: Ninetales|spd|1
|move|p2a: Blissey|Seismic Toss|p1a: Ninetales
|-damage|p1a: Ninetales|41/100
|
|-weather|Snowscape|[upkeep]
|-heal|p2a: Blissey|94/100|[from] item: Leftovers
|upkeep
|turn|29
|
|t:|1743790893
|move|p1a: Ninetales|Freeze-Dry|p2a: Blissey
|-damage|p2a: Blissey|87/100
|move|p2a: Blissey|Seismic Toss|p1a: Ninetales
|-damage|p1a: Ninetales|6/100
|
|-weather|Snowscape|[upkeep]
|-heal|p2a: Blissey|93/100|[from] item: Leftovers
|upkeep
|turn|30
|
|t:|1743790897
|move|p1a: Ninetales|Freeze-Dry|p2a: Blissey
|-damage|p2a: Blissey|87/100
|move|p2a: Blissey|Seismic Toss|p1a: Ninetales
|-damage|p1a: Ninetales|0 fnt
|faint|p1a: Ninetales
|
|-weather|Snowscape|[upkeep]
|-heal|p2a: Blissey|93/100|[from] item: Leftovers
|upkeep
|
|t:|1743790901
|switch|p1a: Tornadus|Tornadus, M|100/100
|-damage|p1a: Tornadus|76/100|[from] Stealth Rock
|turn|31
|
|t:|1743790911
|move|p1a: Tornadus|Rain Dance|p1a: Tornadus
|-weather|RainDance
|move|p2a: Blissey|Seismic Toss|p1a: Tornadus
|-damage|p1a: Tornadus|42/100
|
|-weather|RainDance|[upkeep]
|-heal|p2a: Blissey|99/100|[from] item: Leftovers
|upkeep
|turn|32
|
|t:|1743790914
|move|p1a: Tornadus|Bleakwind Storm|p2a: Blissey
|-damage|p2a: Blissey|93/100
|move|p2a: Blissey|Seismic Toss|p1a: Tornadus
|-damage|p1a: Tornadus|9/100
|
|-weather|RainDance|[upkeep]
|-heal|p2a: Blissey|99/100|[from] item: Leftovers
|upkeep
|turn|33
|
|t:|1743790918
|move|p1a: Tornadus|Bleakwind Storm|p2a: Blissey
|-damage|p2a: Blissey|93/100
|move|p2a: Blissey|Seismic Toss|p1a: Tornadus
|-damage|p1a: Tornadus|0 fnt
|faint|p1a: Tornadus
|
|win|fgyh876eg
|raw|Liam Doria Vinck's rating: 1116 &rarr; <strong>1090</strong><br />(-26 for losing)
|raw|fgyh876eg's rating: 1105 &rarr; <strong>1131</strong><br />(+26 for winning)
|l|☆fgyh876eg
|player|p2|
|l|☆Liam Doria Vinck
|player|p1|
