|j|☆kumquatkum
|j|☆castillo919
|t:|1743916048
|gametype|singles
|player|p1|kumquatkum|blue|1301
|player|p2|castillo919|265|1326
|teamsize|p1|6
|teamsize|p2|6
|gen|9
|tier|[Gen 9] OU
|rated|
|rule|HP Percentage Mod: HP is shown in percentages
|rule|Endless Battle Clause: Forcing endless battles is banned
|rule|Species Clause: Limit one of each Pokémon
|rule|OHKO Clause: OHKO moves are banned
|rule|Evasion Items Clause: Evasion items are banned
|rule|Evasion Moves Clause: Evasion moves are banned
|rule|Sleep Moves Clause: Sleep-inducing moves are banned
|clearpoke
|poke|p1|Ninetales, F|
|poke|p1|Leafeon, M|
|poke|p1|Dragapult, M|
|poke|p1|Corviknight, M|
|poke|p1|Walking Wake|
|poke|p1|Torkoal, M|
|poke|p2|Samurott-Hisui, F|
|poke|p2|Sinistcha-Masterpiece|
|poke|p2|Clodsire, F|
|poke|p2|Raging Bolt|
|poke|p2|Torkoal, F|
|poke|p2|Latios, M|
|teampreview
|inactive|Battle timer is ON: inactive players will automatically lose when time's up. (requested by kumquatkum)
|
|t:|1743916078
|start
|switch|p1a: Dragapult|Dragapult, M|100/100
|switch|p2a: Latios|Latios, M|100/100
|turn|1
|
|t:|1743916096
|-terastallize|p2a: Latios|Steel
|move|p1a: Dragapult|Dragon Darts|p2a: Latios
|-resisted|p2a: Latios
|-damage|p2a: Latios|76/100
|-anim|p1a: Dragapult|Dragon Darts|p2a: Latios
|-resisted|p2a: Latios
|-damage|p2a: Latios|53/100
|move|p2a: Latios|Draco Meteor|p1a: Dragapult
|-supereffective|p1a: Dragapult
|-damage|p1a: Dragapult|0 fnt
|-unboost|p2a: Latios|spa|2
|faint|p1a: Dragapult
|
|upkeep
|
|t:|1743916110
|switch|p1a: Ninetales|Ninetales, F, shiny|100/100
|-weather|SunnyDay|[from] ability: Drought|[of] p1a: Ninetales
|turn|2
|
|t:|1743916125
|switch|p2a: Samurott|Samurott-Hisui, F|100/100
|move|p1a: Ninetales|Flamethrower|p2a: Samurott
|-resisted|p2a: Samurott
|-damage|p2a: Samurott|65/100
|
|-weather|SunnyDay|[upkeep]
|upkeep
|turn|3
|
|t:|1743916133
|switch|p1a: Walking Wake|Walking Wake|100/100
|-activate|p1a: Walking Wake|ability: Protosynthesis
|-start|p1a: Walking Wake|protosynthesisspe
|move|p2a: Samurott|Ceaseless Edge|p1a: Walking Wake
|-damage|p1a: Walking Wake|52/100
|-sidestart|p1: kumquatkum|Spikes
|
|-weather|SunnyDay|[upkeep]
|upkeep
|turn|4
|
|t:|1743916145
|move|p1a: Walking Wake|Hydro Steam|p2a: Samurott
|-resisted|p2a: Samurott
|-damage|p2a: Samurott|3/100
|-damage|p1a: Walking Wake|42/100|[from] item: Life Orb
|move|p2a: Samurott|Ceaseless Edge|p1a: Walking Wake
|-damage|p1a: Walking Wake|0 fnt
|-sidestart|p1: kumquatkum|Spikes
|faint|p1a: Walking Wake
|-end|p1a: Walking Wake|Protosynthesis|[silent]
|
|-weather|SunnyDay|[upkeep]
|upkeep
|
|t:|1743916150
|switch|p1a: Corviknight|Corviknight, M, shiny|100/100
|-ability|p1a: Corviknight|Pressure
|turn|5
|
|t:|1743916169
|switch|p2a: Raging Bolt|Raging Bolt|100/100
|-activate|p2a: Raging Bolt|ability: Protosynthesis
|-start|p2a: Raging Bolt|protosynthesisspa
|move|p1a: Corviknight|Defog|p2a: Raging Bolt
|-unboost|p2a: Raging Bolt|evasion|1
|-sideend|p1: kumquatkum|Spikes|[from] move: Defog|[of] p1a: Corviknight
|
|-weather|SunnyDay|[upkeep]
|upkeep
|turn|6
|
|t:|1743916184
|move|p1a: Corviknight|U-turn|p2a: Raging Bolt
|-crit|p2a: Raging Bolt
|-damage|p2a: Raging Bolt|83/100
|
|t:|1743916191
|switch|p1a: Torkoal|Torkoal, M|100/100|[from] U-turn
|move|p2a: Raging Bolt|Dragon Pulse|p1a: Torkoal
|-damage|p1a: Torkoal|14/100
|
|-weather|SunnyDay|[upkeep]
|upkeep
|turn|7
|
|t:|1743916205
|move|p2a: Raging Bolt|Dragon Pulse|p1a: Torkoal
|-damage|p1a: Torkoal|0 fnt
|faint|p1a: Torkoal
|
|-weather|SunnyDay|[upkeep]
|upkeep
|
|t:|1743916215
|switch|p1a: Corviknight|Corviknight, M, shiny|100/100
|-ability|p1a: Corviknight|Pressure
|turn|8
|
|t:|1743916225
|move|p1a: Corviknight|U-turn|p2a: Raging Bolt
|-damage|p2a: Raging Bolt|71/100
|
|t:|1743916227
|switch|p1a: Ninetales|Ninetales, F, shiny|100/100|[from] U-turn
|move|p2a: Raging Bolt|Thunderbolt|p1a: Ninetales
|-damage|p1a: Ninetales|19/100
|
|-weather|SunnyDay|[upkeep]
|upkeep
|turn|9
|
|t:|1743916237
|switch|p1a: Corviknight|Corviknight, M, shiny|100/100
|-ability|p1a: Corviknight|Pressure
|move|p2a: Raging Bolt|Thunderclap||[still]
|-fail|p2a: Raging Bolt
|
|-weather|none
|-end|p2a: Raging Bolt|Protosynthesis
|upkeep
|turn|10
|
|t:|1743916262
|-end|p2a: Raging Bolt|Protosynthesis|[silent]
|switch|p2a: Torkoal|Torkoal, F|100/100
|-weather|SunnyDay|[from] ability: Drought|[of] p2a: Torkoal
|move|p1a: Corviknight|U-turn|p2a: Torkoal
|-resisted|p2a: Torkoal
|-crit|p2a: Torkoal
|-damage|p2a: Torkoal|91/100
|
|t:|1743916271
|switch|p1a: Leafeon|Leafeon, M|100/100|[from] U-turn
|
|-weather|SunnyDay|[upkeep]
|upkeep
|turn|11
|
|t:|1743916278
|-terastallize|p1a: Leafeon|Fire
|move|p1a: Leafeon|Swords Dance|p1a: Leafeon
|-boost|p1a: Leafeon|atk|2
|move|p2a: Torkoal|Weather Ball|p1a: Leafeon
|-resisted|p1a: Leafeon
|-damage|p1a: Leafeon|42/100
|
|-weather|SunnyDay|[upkeep]
|upkeep
|turn|12
|
|t:|1743916290
|move|p1a: Leafeon|Knock Off|p2a: Torkoal
|-damage|p2a: Torkoal|15/100
|-enditem|p2a: Torkoal|Heavy-Duty Boots|[from] move: Knock Off|[of] p1a: Leafeon
|-damage|p1a: Leafeon|32/100|[from] item: Life Orb
|move|p2a: Torkoal|Weather Ball|p1a: Leafeon
|-resisted|p1a: Leafeon
|-damage|p1a: Leafeon|0 fnt
|faint|p1a: Leafeon
|
|-weather|SunnyDay|[upkeep]
|upkeep
|-message|kumquatkum forfeited.
|
|win|castillo919
|raw|kumquatkum's rating: 1301 &rarr; <strong>1282</strong><br />(-19 for losing)
|raw|castillo919's rating: 1326 &rarr; <strong>1345</strong><br />(+19 for winning)
|l|☆kumquatkum
|player|p1|
