|j|☆BangItOut
|j|☆ue mom
|t:|1743828010
|gametype|singles
|player|p1|BangItOut|265|1144
|player|p2|ue mom|pokemonrangerf|1126
|teamsize|p1|6
|teamsize|p2|6
|gen|9
|tier|[Gen 9] OU
|rated|
|rule|HP Percentage Mod: HP is shown in percentages
|rule|Endless Battle Clause: Forcing endless battles is banned
|rule|Species Clause: Limit one of each Pokémon
|rule|OHKO Clause: OHKO moves are banned
|rule|Evasion Items Clause: Evasion items are banned
|rule|Evasion Moves Clause: Evasion moves are banned
|rule|Sleep Moves Clause: Sleep-inducing moves are banned
|clearpoke
|poke|p1|Goodra, M|
|poke|p1|Gyarados, M|
|poke|p1|Cinderace, M|
|poke|p1|Heracross, M|
|poke|p1|Klefki, F|
|poke|p1|Ambipom, M|
|poke|p2|Samurott-Hisui, F|
|poke|p2|Great Tusk|
|poke|p2|Garganacl, M|
|poke|p2|Zamazenta-*|
|poke|p2|Kingambit, M|
|poke|p2|Dragapult, F|
|teampreview
|inactive|Battle timer is ON: inactive players will automatically lose when time's up. (requested by ue mom)
|
|t:|1743828014
|start
|switch|p1a: Heracross|Heracross, M|100/100
|switch|p2a: Great Tusk|Great Tusk|100/100
|turn|1
|
|t:|1743828019
|move|p2a: Great Tusk|Stealth Rock|p1a: Heracross
|-sidestart|p1: BangItOut|move: Stealth Rock
|move|p1a: Heracross|Trailblaze|p2a: Great Tusk
|-supereffective|p2a: Great Tusk
|-damage|p2a: Great Tusk|75/100
|-boost|p1a: Heracross|spe|1
|
|upkeep
|turn|2
|
|t:|1743828035
|move|p1a: Heracross|Trailblaze|p2a: Great Tusk
|-supereffective|p2a: Great Tusk
|-damage|p2a: Great Tusk|49/100
|-boost|p1a: Heracross|spe|1
|move|p2a: Great Tusk|Close Combat|p1a: Heracross
|-resisted|p1a: Heracross
|-damage|p1a: Heracross|58/100
|-unboost|p2a: Great Tusk|def|1
|-unboost|p2a: Great Tusk|spd|1
|
|upkeep
|turn|3
|
|t:|1743828050
|-end|p2a: Great Tusk|Protosynthesis|[silent]
|switch|p2a: Dragapult|Dragapult, F|100/100
|move|p1a: Heracross|Bullet Seed|p2a: Dragapult
|-resisted|p2a: Dragapult
|-crit|p2a: Dragapult
|-damage|p2a: Dragapult|89/100
|-resisted|p2a: Dragapult
|-damage|p2a: Dragapult|81/100
|-start|p1a: Heracross|Disable|Bullet Seed|[from] ability: Cursed Body|[of] p2a: Dragapult
|-resisted|p2a: Dragapult
|-damage|p2a: Dragapult|74/100
|-resisted|p2a: Dragapult
|-damage|p2a: Dragapult|66/100
|-hitcount|p2a: Dragapult|4
|
|upkeep
|turn|4
|
|t:|1743828061
|switch|p1a: Cinderace|Cinderace, M|100/100
|-terastallize|p2a: Dragapult|Bug
|move|p2a: Dragapult|U-turn|p1a: Cinderace
|-resisted|p1a: Cinderace
|-damage|p1a: Cinderace|74/100
|
|t:|1743828068
|switch|p2a: Samurott|Samurott-Hisui, F|100/100|[from] U-turn
|
|upkeep
|turn|5
|
|t:|1743828070
|move|p1a: Cinderace|U-turn|p2a: Samurott
|-start|p1a: Cinderace|typechange|Bug|[from] ability: Libero
|-supereffective|p2a: Samurott
|-damage|p2a: Samurott|1/100
|
|t:|1743828073
|switch|p1a: Heracross|Heracross, M|58/100|[from] U-turn
|-damage|p1a: Heracross|46/100|[from] Stealth Rock
|move|p2a: Samurott|Flip Turn|p1a: Heracross
|-crit|p1a: Heracross
|-damage|p1a: Heracross|0 fnt
|faint|p1a: Heracross
|
|t:|1743828093
|switch|p2a: Great Tusk|Great Tusk|49/100|[from] Flip Turn
|
|upkeep
|
|t:|1743828107
|switch|p1a: Cinderace|Cinderace, M|74/100
|turn|6
|
|t:|1743828113
|move|p1a: Cinderace|Court Change|p1a: Cinderace
|-start|p1a: Cinderace|typechange|Normal|[from] ability: Libero
|-swapsideconditions
|-activate|p1a: Cinderace|move: Court Change
|move|p2a: Great Tusk|Earthquake|p1a: Cinderace
|-damage|p1a: Cinderace|0 fnt
|faint|p1a: Cinderace
|
|upkeep
|
|t:|1743828120
|switch|p1a: Gyarados|Gyarados, M|100/100
|-ability|p1a: Gyarados|Intimidate|boost
|-unboost|p2a: Great Tusk|atk|1
|turn|7
|
|t:|1743828124
|move|p1a: Gyarados|Aqua Tail|p2a: Great Tusk
|-supereffective|p2a: Great Tusk
|-damage|p2a: Great Tusk|0 fnt
|faint|p2a: Great Tusk
|-end|p2a: Great Tusk|Protosynthesis|[silent]
|
|upkeep
|
|t:|1743828130
|switch|p2a: Dragapult|Dragapult, F, tera:Bug|66/100
|turn|8
|
|t:|1743828138
|move|p1a: Gyarados|Aqua Tail|p2a: Dragapult
|-damage|p2a: Dragapult|1/100
|move|p2a: Dragapult|Draco Meteor|p1a: Gyarados
|-damage|p1a: Gyarados|54/100
|-unboost|p2a: Dragapult|spa|2
|
|upkeep
|turn|9
|
|t:|1743828145
|switch|p2a: Samurott|Samurott-Hisui, F|1/100
|-damage|p2a: Samurott|0 fnt|[from] Stealth Rock
|faint|p2a: Samurott
|move|p1a: Gyarados|Aqua Tail|p2: Samurott|[notarget]
|-fail|p1a: Gyarados
|
|upkeep
|
|t:|1743828154
|switch|p2a: Zamazenta|Zamazenta|100/100
|-damage|p2a: Zamazenta|94/100|[from] Stealth Rock
|-ability|p2a: Zamazenta|Dauntless Shield|boost
|-boost|p2a: Zamazenta|def|1
|turn|10
|
|t:|1743828161
|switch|p1a: Klefki|Klefki, F|100/100
|move|p2a: Zamazenta|Iron Defense|p2a: Zamazenta
|-boost|p2a: Zamazenta|def|2
|
|-heal|p2a: Zamazenta|100/100|[from] item: Leftovers
|upkeep
|turn|11
|
|t:|1743828187
|move|p2a: Zamazenta|Heavy Slam|p1a: Klefki
|-damage|p1a: Klefki|53/100
|move|p1a: Klefki|Draining Kiss|p2a: Zamazenta
|-supereffective|p2a: Zamazenta
|-damage|p2a: Zamazenta|77/100
|-heal|p1a: Klefki|80/100|[from] drain|[of] p2a: Zamazenta
|
|-heal|p2a: Zamazenta|83/100|[from] item: Leftovers
|upkeep
|turn|12
|
|t:|1743828193
|move|p1a: Klefki|Reflect|p1a: Klefki
|-sidestart|p1: BangItOut|Reflect
|move|p2a: Zamazenta|Heavy Slam|p1a: Klefki
|-damage|p1a: Klefki|54/100
|
|-heal|p2a: Zamazenta|90/100|[from] item: Leftovers
|upkeep
|turn|13
|
|t:|1743828199
|move|p2a: Zamazenta|Heavy Slam|p1a: Klefki
|-damage|p1a: Klefki|29/100
|move|p1a: Klefki|Draining Kiss|p2a: Zamazenta
|-supereffective|p2a: Zamazenta
|-damage|p2a: Zamazenta|66/100
|-heal|p1a: Klefki|56/100|[from] drain|[of] p2a: Zamazenta
|
|-heal|p2a: Zamazenta|73/100|[from] item: Leftovers
|upkeep
|turn|14
|
|t:|1743828209
|move|p2a: Zamazenta|Body Press|p1a: Klefki
|-damage|p1a: Klefki|11/100
|move|p1a: Klefki|Draining Kiss|p2a: Zamazenta
|-supereffective|p2a: Zamazenta
|-damage|p2a: Zamazenta|47/100
|-heal|p1a: Klefki|40/100|[from] drain|[of] p2a: Zamazenta
|
|-heal|p2a: Zamazenta|54/100|[from] item: Leftovers
|upkeep
|turn|15
|
|t:|1743828217
|move|p1a: Klefki|Thunder Wave|p2a: Zamazenta|[miss]
|-miss|p1a: Klefki|p2a: Zamazenta
|move|p2a: Zamazenta|Body Press|p1a: Klefki
|-damage|p1a: Klefki|0 fnt
|faint|p1a: Klefki
|
|-heal|p2a: Zamazenta|60/100|[from] item: Leftovers
|upkeep
|
|t:|1743828226
|switch|p1a: Goodra|Goodra, M, shiny|100/100
|turn|16
|
|t:|1743828231
|move|p2a: Zamazenta|Body Press|p1a: Goodra
|-damage|p1a: Goodra|57/100
|move|p1a: Goodra|Flamethrower|p2a: Zamazenta
|-damage|p2a: Zamazenta|32/100
|-damage|p1a: Goodra|48/100|[from] item: Life Orb
|
|-heal|p2a: Zamazenta|38/100|[from] item: Leftovers
|upkeep
|turn|17
|
|t:|1743828238
|move|p2a: Zamazenta|Iron Defense|p2a: Zamazenta
|-boost|p2a: Zamazenta|def|2
|move|p1a: Goodra|Flamethrower|p2a: Zamazenta
|-damage|p2a: Zamazenta|12/100
|-damage|p1a: Goodra|38/100|[from] item: Life Orb
|
|-heal|p2a: Zamazenta|18/100|[from] item: Leftovers
|upkeep
|turn|18
|
|t:|1743828241
|move|p2a: Zamazenta|Body Press|p1a: Goodra
|-damage|p1a: Goodra|0 fnt
|faint|p1a: Goodra
|
|-heal|p2a: Zamazenta|24/100|[from] item: Leftovers
|upkeep
|
|t:|1743828245
|switch|p1a: Gyarados|Gyarados, M|54/100
|-ability|p1a: Gyarados|Intimidate|boost
|-unboost|p2a: Zamazenta|atk|1
|turn|19
|
|t:|1743828249
|move|p1a: Gyarados|Aqua Tail|p2a: Zamazenta
|-damage|p2a: Zamazenta|13/100
|move|p2a: Zamazenta|Body Press|p1a: Gyarados
|-resisted|p1a: Gyarados
|-damage|p1a: Gyarados|22/100
|
|-heal|p2a: Zamazenta|19/100|[from] item: Leftovers
|-sideend|p1: BangItOut|Reflect
|upkeep
|turn|20
|
|t:|1743828257
|move|p1a: Gyarados|Aqua Tail|p2a: Zamazenta
|-damage|p2a: Zamazenta|10/100
|move|p2a: Zamazenta|Body Press|p1a: Gyarados
|-resisted|p1a: Gyarados
|-damage|p1a: Gyarados|0 fnt
|faint|p1a: Gyarados
|
|-heal|p2a: Zamazenta|16/100|[from] item: Leftovers
|upkeep
|
|t:|1743828260
|switch|p1a: Ambipom|Ambipom, M|100/100
|turn|21
|
|t:|1743828266
|move|p1a: Ambipom|Fake Out|p2a: Zamazenta
|-damage|p2a: Zamazenta|7/100
|-damage|p1a: Ambipom|91/100|[from] item: Life Orb
|cant|p2a: Zamazenta|flinch
|
|-heal|p2a: Zamazenta|13/100|[from] item: Leftovers
|upkeep
|turn|22
|
|t:|1743828269
|move|p1a: Ambipom|Knock Off|p2a: Zamazenta
|-resisted|p2a: Zamazenta
|-damage|p2a: Zamazenta|9/100
|-enditem|p2a: Zamazenta|Leftovers|[from] move: Knock Off|[of] p1a: Ambipom
|-damage|p1a: Ambipom|81/100|[from] item: Life Orb
|move|p2a: Zamazenta|Body Press|p1a: Ambipom
|-supereffective|p1a: Ambipom
|-damage|p1a: Ambipom|0 fnt
|faint|p1a: Ambipom
|
|win|ue mom
|raw|BangItOut's rating: 1144 &rarr; <strong>1118</strong><br />(-26 for losing)
|raw|ue mom's rating: 1126 &rarr; <strong>1152</strong><br />(+26 for winning)
|c|☆ue mom|gg
|l|☆ue mom
|player|p2|
|l|☆BangItOut
|player|p1|
