|j|☆Darke2187
|j|☆CutestEduck1
|t:|1743808196
|gametype|singles
|player|p1|Darke2187|emmet|1301
|player|p2|CutestEduck1|dawn-gen4pt|1350
|teamsize|p1|6
|teamsize|p2|6
|gen|9
|tier|[Gen 9] OU
|rated|
|rule|HP Percentage Mod: HP is shown in percentages
|rule|Endless Battle Clause: Forcing endless battles is banned
|rule|Species Clause: Limit one of each Pokémon
|rule|OHKO Clause: OHKO moves are banned
|rule|Evasion Items Clause: Evasion items are banned
|rule|Evasion Moves Clause: Evasion moves are banned
|rule|Sleep Moves Clause: Sleep-inducing moves are banned
|clearpoke
|poke|p1|Sinistcha|
|poke|p1|Ting-Lu|
|poke|p1|Zamazenta-*|
|poke|p1|Slowking-Galar, M|
|poke|p1|Darkrai|
|poke|p1|Moltres|
|poke|p2|Meowscarada, M|
|poke|p2|Latios, M|
|poke|p2|Pecharunt|
|poke|p2|Tinkaton, F|
|poke|p2|Samurott-Hisui, M|
|poke|p2|Great Tusk|
|teampreview
|inactive|Battle timer is ON: inactive players will automatically lose when time's up. (requested by CutestEduck1)
|c|☆Darke2187|glhf
|inactive|CutestEduck1 has 120 seconds left.
|
|t:|1743808228
|start
|switch|p1a: Zamazenta|Zamazenta|100/100
|switch|p2a: Meowscarada|Meowscarada, M|100/100
|-ability|p1a: Zamazenta|Dauntless Shield|boost
|-boost|p1a: Zamazenta|def|1
|turn|1
|
|t:|1743808257
|move|p2a: Meowscarada|Play Rough|p1a: Zamazenta
|-start|p2a: Meowscarada|typechange|Fairy|[from] ability: Protean
|-supereffective|p1a: Zamazenta
|-damage|p1a: Zamazenta|45/100
|move|p1a: Zamazenta|Crunch|p2a: Meowscarada
|-resisted|p2a: Meowscarada
|-damage|p2a: Meowscarada|81/100
|
|upkeep
|turn|2
|
|t:|1743808263
|switch|p1a: Moltres|Moltres|100/100
|move|p2a: Meowscarada|Play Rough|p1a: Moltres
|-resisted|p1a: Moltres
|-damage|p1a: Moltres|87/100
|
|upkeep
|turn|3
|
|t:|1743808272
|switch|p2a: Pecharunt|Pecharunt|100/100
|move|p1a: Moltres|U-turn|p2a: Pecharunt
|-resisted|p2a: Pecharunt
|-damage|p2a: Pecharunt|98/100
|
|t:|1743808276
|switch|p1a: Slowking|Slowking-Galar, M|100/100|[from] U-turn
|
|upkeep
|turn|4
|
|t:|1743808298
|move|p2a: Pecharunt|Parting Shot|p1a: Slowking
|-unboost|p1a: Slowking|atk|1
|-unboost|p1a: Slowking|spa|1
|
|t:|1743808303
|switch|p2a: Tinkaton|Tinkaton, F|100/100|[from] Parting Shot
|-ability|p2a: Tinkaton|Mold Breaker
|-item|p2a: Tinkaton|Air Balloon
|move|p1a: Slowking|Future Sight|p2a: Tinkaton
|-start|p1a: Slowking|move: Future Sight
|
|upkeep
|turn|5
|
|t:|1743808322
|move|p2a: Tinkaton|Stealth Rock|p1a: Slowking
|-sidestart|p1: Darke2187|move: Stealth Rock
|move|p1a: Slowking|Fire Blast|p2a: Tinkaton
|-supereffective|p2a: Tinkaton
|-damage|p2a: Tinkaton|71/100
|-status|p2a: Tinkaton|brn
|-enditem|p2a: Tinkaton|Air Balloon
|
|-damage|p2a: Tinkaton|65/100 brn|[from] brn
|upkeep
|turn|6
|
|t:|1743808334
|move|p2a: Tinkaton|Thunder Wave|p1a: Slowking|[miss]
|-miss|p2a: Tinkaton|p1a: Slowking
|-prepare|p1a: Slowking|Chilly Reception|[premajor]
|move|p1a: Slowking|Chilly Reception|p1a: Slowking
|-weather|Snowscape
|
|t:|1743808348
|switch|p1a: Moltres|Moltres|87/100|[from] Chilly Reception
|
|-weather|Snowscape|[upkeep]
|-end|p2a: Tinkaton|move: Future Sight
|-resisted|p2a: Tinkaton
|-damage|p2a: Tinkaton|45/100 brn
|-damage|p2a: Tinkaton|39/100 brn|[from] brn
|upkeep
|turn|7
|inactive|Darke2187 has 120 seconds left.
|
|t:|1743808381
|switch|p1a: Zamazenta|Zamazenta|45/100
|move|p2a: Tinkaton|Thunder Wave|p1a: Zamazenta
|-status|p1a: Zamazenta|par
|
|-weather|Snowscape|[upkeep]
|-damage|p2a: Tinkaton|33/100 brn|[from] brn
|upkeep
|turn|8
|
|t:|1743808387
|switch|p2a: Pecharunt|Pecharunt|98/100
|move|p1a: Zamazenta|Close Combat|p2a: Pecharunt
|-immune|p2a: Pecharunt
|
|-weather|Snowscape|[upkeep]
|upkeep
|turn|9
|
|t:|1743808411
|switch|p1a: Slowking|Slowking-Galar, M|100/100
|move|p2a: Pecharunt|Malignant Chain|p1a: Slowking
|-resisted|p1a: Slowking
|-crit|p1a: Slowking
|-damage|p1a: Slowking|87/100
|
|-weather|Snowscape|[upkeep]
|upkeep
|turn|10
|inactive|Darke2187 has 120 seconds left.
|
|t:|1743808430
|move|p2a: Pecharunt|Parting Shot|p1a: Slowking
|-unboost|p1a: Slowking|atk|1
|-unboost|p1a: Slowking|spa|1
|inactive|CutestEduck1 has 120 seconds left.
|
|t:|1743808471
|switch|p2a: Tinkaton|Tinkaton, F|33/100 brn|[from] Parting Shot
|-ability|p2a: Tinkaton|Mold Breaker
|move|p1a: Slowking|Future Sight|p2a: Tinkaton
|-start|p1a: Slowking|move: Future Sight
|
|-weather|none
|-damage|p2a: Tinkaton|27/100 brn|[from] brn
|upkeep
|turn|11
|
|t:|1743808483
|move|p2a: Tinkaton|Thunder Wave|p1a: Slowking
|-status|p1a: Slowking|par
|-prepare|p1a: Slowking|Chilly Reception|[premajor]
|move|p1a: Slowking|Chilly Reception|p1a: Slowking
|-weather|Snowscape
|
|t:|1743808491
|switch|p1a: Darkrai|Darkrai|100/100|[from] Chilly Reception
|
|-weather|Snowscape|[upkeep]
|-damage|p2a: Tinkaton|21/100 brn|[from] brn
|upkeep
|turn|12
|
|t:|1743808499
|move|p1a: Darkrai|Thunder|p2a: Tinkaton
|-damage|p2a: Tinkaton|0 fnt
|faint|p2a: Tinkaton
|
|-weather|Snowscape|[upkeep]
|-hint|Future Sight did not hit because the target is fainted.
|upkeep
|
|t:|1743808504
|switch|p2a: Pecharunt|Pecharunt|98/100
|turn|13
|
|t:|1743808508
|switch|p1a: Slowking|Slowking-Galar, M|100/100 par
|move|p2a: Pecharunt|Malignant Chain|p1a: Slowking
|-resisted|p1a: Slowking
|-damage|p1a: Slowking|91/100 par
|
|-weather|Snowscape|[upkeep]
|upkeep
|turn|14
|
|t:|1743808516
|switch|p2a: Meowscarada|Meowscarada, M|81/100
|switch|p1a: Ting-Lu|Ting-Lu|100/100
|-damage|p1a: Ting-Lu|94/100|[from] Stealth Rock
|-ability|p1a: Ting-Lu|Vessel of Ruin
|
|-weather|Snowscape|[upkeep]
|-heal|p1a: Ting-Lu|100/100|[from] item: Leftovers
|upkeep
|turn|15
|
|t:|1743808521
|switch|p1a: Moltres|Moltres|87/100
|move|p2a: Meowscarada|U-turn|p1a: Moltres
|-start|p2a: Meowscarada|typechange|Bug|[from] ability: Protean
|-resisted|p1a: Moltres
|-damage|p1a: Moltres|82/100
|
|t:|1743808524
|switch|p2a: Latios|Latios, M|100/100|[from] U-turn
|
|-weather|none
|upkeep
|turn|16
|
|t:|1743808531
|switch|p1a: Ting-Lu|Ting-Lu|100/100
|-damage|p1a: Ting-Lu|94/100|[from] Stealth Rock
|-ability|p1a: Ting-Lu|Vessel of Ruin
|move|p2a: Latios|Draco Meteor|p1a: Ting-Lu
|-damage|p1a: Ting-Lu|42/100
|-unboost|p2a: Latios|spa|2
|
|-heal|p1a: Ting-Lu|48/100|[from] item: Leftovers
|upkeep
|turn|17
|
|t:|1743808555
|switch|p2a: Samurott|Samurott-Hisui, M|100/100
|switch|p1a: Darkrai|Darkrai|100/100
|
|upkeep
|turn|18
|inactive|CutestEduck1 has 120 seconds left.
|
|t:|1743808590
|switch|p2a: Meowscarada|Meowscarada, M|81/100
|move|p1a: Darkrai|Focus Blast|p2a: Meowscarada
|-supereffective|p2a: Meowscarada
|-damage|p2a: Meowscarada|0 fnt
|faint|p2a: Meowscarada
|
|upkeep
|
|t:|1743808600
|switch|p2a: Pecharunt|Pecharunt|98/100
|turn|19
|
|t:|1743808603
|switch|p1a: Slowking|Slowking-Galar, M|100/100 par
|move|p2a: Pecharunt|Malignant Chain|p1a: Slowking
|-resisted|p1a: Slowking
|-damage|p1a: Slowking|90/100 par
|
|upkeep
|turn|20
|inactive|Darke2187 has 120 seconds left.
|
|t:|1743808640
|move|p2a: Pecharunt|Hex|p1a: Slowking
|-supereffective|p1a: Slowking
|-damage|p1a: Slowking|41/100 par
|-prepare|p1a: Slowking|Chilly Reception|[premajor]
|move|p1a: Slowking|Chilly Reception|p1a: Slowking
|-weather|Snowscape
|
|t:|1743808656
|switch|p1a: Darkrai|Darkrai|100/100|[from] Chilly Reception
|
|-weather|Snowscape|[upkeep]
|upkeep
|turn|21
|inactive|CutestEduck1 has 120 seconds left.
|
|t:|1743808677
|move|p1a: Darkrai|Dark Pulse|p2a: Pecharunt
|-supereffective|p2a: Pecharunt
|-damage|p2a: Pecharunt|19/100
|cant|p2a: Pecharunt|flinch
|
|-weather|Snowscape|[upkeep]
|upkeep
|turn|22
|inactive|Darke2187 has 120 seconds left.
|
|t:|1743808686
|switch|p2a: Great Tusk|Great Tusk|100/100
|move|p1a: Darkrai|Dark Pulse|p2a: Great Tusk
|-resisted|p2a: Great Tusk
|-damage|p2a: Great Tusk|68/100
|
|-weather|Snowscape|[upkeep]
|upkeep
|turn|23
|
|t:|1743808697
|-end|p2a: Great Tusk|Protosynthesis|[silent]
|switch|p2a: Latios|Latios, M|100/100
|move|p1a: Darkrai|Ice Beam|p2a: Latios
|-supereffective|p2a: Latios
|-damage|p2a: Latios|32/100
|
|-weather|Snowscape|[upkeep]
|upkeep
|turn|24
|-message|CutestEduck1 forfeited.
|
|win|Darke2187
|raw|Darke2187's rating: 1301 &rarr; <strong>1325</strong><br />(+24 for winning)
|raw|CutestEduck1's rating: 1375 &rarr; <strong>1351</strong><br />(-24 for losing)
|l|☆CutestEduck1
|player|p2|
