|j|☆Nnamzilla
|j|☆Vertin.P
|t:|1743830062
|gametype|singles
|player|p1|Nnamzilla|hilbert|1299
|player|p2|Vertin.P|veteranf|1335
|teamsize|p1|6
|teamsize|p2|6
|gen|9
|tier|[Gen 9] OU
|rated|
|rule|HP Percentage Mod: HP is shown in percentages
|rule|Endless Battle Clause: Forcing endless battles is banned
|rule|Species Clause: Limit one of each Pokémon
|rule|OHKO Clause: OHKO moves are banned
|rule|Evasion Items Clause: Evasion items are banned
|rule|Evasion Moves Clause: Evasion moves are banned
|rule|Sleep Moves Clause: Sleep-inducing moves are banned
|clearpoke
|poke|p1|Iron Crown|
|poke|p1|Iron Hands|
|poke|p1|Grimmsnarl, M|
|poke|p1|Great Tusk|
|poke|p1|Dragonite, M|
|poke|p1|Glimmora, M|
|poke|p2|Zapdos|
|poke|p2|Iron Crown|
|poke|p2|Garganacl, M|
|poke|p2|Great Tusk|
|poke|p2|Samurott-Hisui, F|
|poke|p2|Dragapult, M|
|teampreview
|
|t:|1743830098
|start
|switch|p1a: Grimmsnarl|Grimmsnarl, M, shiny|100/100
|switch|p2a: Iron Crown|Iron Crown|100/100
|turn|1
|inactive|Battle timer is ON: inactive players will automatically lose when time's up. (requested by Nnamzilla)
|
|t:|1743830110
|move|p1a: Grimmsnarl|Light Screen|p1a: Grimmsnarl
|-sidestart|p1: Nnamzilla|move: Light Screen
|move|p2a: Iron Crown|Tachyon Cutter|p1a: Grimmsnarl
|-supereffective|p1a: Grimmsnarl
|-damage|p1a: Grimmsnarl|64/100
|-supereffective|p1a: Grimmsnarl
|-damage|p1a: Grimmsnarl|27/100
|-hitcount|p1a: Grimmsnarl|2
|
|upkeep
|turn|2
|
|t:|1743830115
|move|p1a: Grimmsnarl|Parting Shot|p2a: Iron Crown
|-unboost|p2a: Iron Crown|atk|1
|-unboost|p2a: Iron Crown|spa|1
|
|t:|1743830138
|switch|p1a: Iron Crown|Iron Crown|100/100|[from] Parting Shot
|-enditem|p1a: Iron Crown|Booster Energy
|-activate|p1a: Iron Crown|ability: Quark Drive|[fromitem]
|-start|p1a: Iron Crown|quarkdrivespe
|move|p2a: Iron Crown|Tachyon Cutter|p1a: Iron Crown
|-resisted|p1a: Iron Crown
|-damage|p1a: Iron Crown|95/100
|-resisted|p1a: Iron Crown
|-damage|p1a: Iron Crown|89/100
|-hitcount|p1a: Iron Crown|2
|
|upkeep
|turn|3
|
|t:|1743830161
|-end|p2a: Iron Crown|Quark Drive|[silent]
|switch|p2a: Samurott|Samurott-Hisui, F|100/100
|move|p1a: Iron Crown|Calm Mind|p1a: Iron Crown
|-boost|p1a: Iron Crown|spa|1
|-boost|p1a: Iron Crown|spd|1
|
|upkeep
|turn|4
|inactive|Nnamzilla has 120 seconds left.
|
|t:|1743830217
|move|p1a: Iron Crown|Focus Blast|p2a: Samurott
|-supereffective|p2a: Samurott
|-damage|p2a: Samurott|3/100
|move|p2a: Samurott|Ceaseless Edge|p1a: Iron Crown
|-supereffective|p1a: Iron Crown
|-damage|p1a: Iron Crown|10/100
|-sidestart|p1: Nnamzilla|Spikes
|
|upkeep
|turn|5
|inactive|Nnamzilla has 90 seconds left.
|
|t:|1743830233
|move|p2a: Samurott|Sucker Punch||[still]
|-fail|p2a: Samurott
|move|p1a: Iron Crown|Iron Defense|p1a: Iron Crown
|-boost|p1a: Iron Crown|def|2
|
|upkeep
|turn|6
|inactive|Nnamzilla has 90 seconds left.
|
|t:|1743830243
|move|p2a: Samurott|Sucker Punch||[still]
|-fail|p2a: Samurott
|move|p1a: Iron Crown|Iron Defense|p1a: Iron Crown
|-boost|p1a: Iron Crown|def|2
|
|upkeep
|turn|7
|
|t:|1743830257
|move|p2a: Samurott|Sucker Punch||[still]
|-fail|p2a: Samurott
|move|p1a: Iron Crown|Iron Defense|p1a: Iron Crown
|-boost|p1a: Iron Crown|def|2
|
|upkeep
|turn|8
|inactive|Nnamzilla has 90 seconds left.
|
|t:|1743830281
|move|p2a: Samurott|Sucker Punch||[still]
|-fail|p2a: Samurott
|move|p1a: Iron Crown|Iron Defense|p1a: Iron Crown
|-boost|p1a: Iron Crown|def|0
|
|-sideend|p1: Nnamzilla|move: Light Screen
|upkeep
|turn|9
|inactive|Nnamzilla has 90 seconds left.
|
|t:|1743830289
|move|p2a: Samurott|Sucker Punch|p1a: Iron Crown
|-supereffective|p1a: Iron Crown
|-damage|p1a: Iron Crown|0 fnt
|faint|p1a: Iron Crown
|-end|p1a: Iron Crown|Quark Drive|[silent]
|
|upkeep
|inactive|Nnamzilla has 90 seconds left.
|inactive|Nnamzilla has 60 seconds left.
|
|t:|1743830340
|switch|p1a: Great Tusk|Great Tusk|100/100
|-damage|p1a: Great Tusk|88/100|[from] Spikes
|-enditem|p1a: Great Tusk|Booster Energy
|-activate|p1a: Great Tusk|ability: Protosynthesis|[fromitem]
|-start|p1a: Great Tusk|protosynthesisspe
|turn|10
|
|t:|1743830359
|switch|p2a: Club Paratwice|Zapdos|100/100
|move|p1a: Great Tusk|Ice Spinner|p2a: Club Paratwice
|-supereffective|p2a: Club Paratwice
|-damage|p2a: Club Paratwice|69/100
|-status|p1a: Great Tusk|par|[from] ability: Static|[of] p2a: Club Paratwice
|
|upkeep
|turn|11
|
|t:|1743830377
|move|p2a: Club Paratwice|Hurricane|p1a: Great Tusk
|-supereffective|p1a: Great Tusk
|-damage|p1a: Great Tusk|0 fnt
|faint|p1a: Great Tusk
|-end|p1a: Great Tusk|Protosynthesis|[silent]
|
|upkeep
|
|t:|1743830385
|switch|p1a: Glimmora|Glimmora, M|100/100
|-damage|p1a: Glimmora|88/100|[from] Spikes
|turn|12
|
|t:|1743830395
|move|p1a: Glimmora|Rock Polish|p1a: Glimmora
|-boost|p1a: Glimmora|spe|2
|move|p2a: Club Paratwice|Volt Switch|p1a: Glimmora
|-damage|p1a: Glimmora|48/100
|
|t:|1743830403
|switch|p2a: Great Tusk|Great Tusk|100/100|[from] Volt Switch
|
|upkeep
|turn|13
|
|t:|1743830429
|-terastallize|p1a: Glimmora|Fairy
|move|p1a: Glimmora|Dazzling Gleam|p2a: Great Tusk
|-supereffective|p2a: Great Tusk
|-crit|p2a: Great Tusk
|-damage|p2a: Great Tusk|0 fnt
|faint|p2a: Great Tusk
|-end|p2a: Great Tusk|Protosynthesis|[silent]
|
|upkeep
|
|t:|1743830453
|switch|p2a: Iron Crown|Iron Crown|100/100
|turn|14
|inactive|Nnamzilla has 30 seconds left.
|inactive|Nnamzilla has 20 seconds left.
|inactive|Nnamzilla has 15 seconds left.
|inactive|Nnamzilla has 10 seconds left.
|
|t:|1743830494
|move|p1a: Glimmora|Earth Power|p2a: Iron Crown
|-supereffective|p2a: Iron Crown
|-damage|p2a: Iron Crown|28/100
|move|p2a: Iron Crown|Tachyon Cutter|p1a: Glimmora
|-supereffective|p1a: Glimmora
|-damage|p1a: Glimmora|0 fnt
|faint|p1a: Glimmora
|-hitcount|p1: Glimmora|1
|
|upkeep
|inactive|Nnamzilla has 15 seconds left this turn.
|inactive|Nnamzilla has 10 seconds left.
|
|t:|1743830502
|switch|p1a: Grimmsnarl|Grimmsnarl, M, shiny|27/100
|-damage|p1a: Grimmsnarl|14/100|[from] Spikes
|turn|15
|inactive|Nnamzilla has 20 seconds left this turn.
|inactive|Nnamzilla has 15 seconds left.
|
|t:|1743830510
|move|p1a: Grimmsnarl|Light Screen|p1a: Grimmsnarl
|-sidestart|p1: Nnamzilla|move: Light Screen
|move|p2a: Iron Crown|Tachyon Cutter|p1a: Grimmsnarl
|-supereffective|p1a: Grimmsnarl
|-damage|p1a: Grimmsnarl|0 fnt
|faint|p1a: Grimmsnarl
|-hitcount|p1: Grimmsnarl|1
|
|upkeep
|inactive|Nnamzilla has 20 seconds left this turn.
|
|t:|1743830512
|switch|p1a: Dragonite|Dragonite, M|100/100
|turn|16
|inactive|Nnamzilla has 30 seconds left this turn.
|
|t:|1743830520
|-end|p2a: Iron Crown|Quark Drive|[silent]
|switch|p2a: Dragapult|Dragapult, M|100/100
|move|p1a: Dragonite|Dragon Dance|p1a: Dragonite
|-boost|p1a: Dragonite|atk|1
|-boost|p1a: Dragonite|spe|1
|
|upkeep
|turn|17
|inactive|Nnamzilla has 30 seconds left.
|
|t:|1743830533
|move|p2a: Dragapult|Dragon Darts|p1a: Dragonite
|-supereffective|p1a: Dragonite
|-damage|p1a: Dragonite|79/100
|-anim|p2a: Dragapult|Dragon Darts|p1a: Dragonite
|-supereffective|p1a: Dragonite
|-damage|p1a: Dragonite|32/100
|move|p1a: Dragonite|Scale Shot|p2a: Dragapult|[miss]
|-miss|p1a: Dragonite|p2a: Dragapult
|
|upkeep
|turn|18
|inactive|Nnamzilla has 30 seconds left.
|
|t:|1743830551
|-terastallize|p2a: Dragapult|Steel
|move|p2a: Dragapult|Dragon Darts|p1a: Dragonite
|-supereffective|p1a: Dragonite
|-damage|p1a: Dragonite|0 fnt
|faint|p1a: Dragonite
|
|upkeep
|inactive|Nnamzilla has 30 seconds left this turn.
|
|t:|1743830555
|switch|p1a: ZachuVGC|Iron Hands|100/100
|-damage|p1a: ZachuVGC|88/100|[from] Spikes
|turn|19
|
|t:|1743830559
|move|p2a: Dragapult|Will-O-Wisp|p1a: ZachuVGC|[miss]
|-miss|p2a: Dragapult|p1a: ZachuVGC
|move|p1a: ZachuVGC|Swords Dance|p1a: ZachuVGC
|-boost|p1a: ZachuVGC|atk|2
|
|-heal|p1a: ZachuVGC|94/100|[from] item: Leftovers
|upkeep
|turn|20
|
|t:|1743830567
|move|p2a: Dragapult|Will-O-Wisp|p1a: ZachuVGC
|-status|p1a: ZachuVGC|brn
|move|p1a: ZachuVGC|Drain Punch|p2a: Dragapult
|-supereffective|p2a: Dragapult
|-damage|p2a: Dragapult|0 fnt
|-heal|p1a: ZachuVGC|100/100 brn|[from] drain|[of] p2a: Dragapult
|faint|p2a: Dragapult
|
|-damage|p1a: ZachuVGC|94/100 brn|[from] brn
|upkeep
|
|t:|1743830583
|switch|p2a: Club Paratwice|Zapdos|69/100
|turn|21
|
|t:|1743830599
|move|p2a: Club Paratwice|Roost|p2a: Club Paratwice
|-heal|p2a: Club Paratwice|100/100
|-singleturn|p2a: Club Paratwice|move: Roost
|move|p1a: ZachuVGC|Ice Punch|p2a: Club Paratwice
|-damage|p2a: Club Paratwice|83/100
|
|-heal|p1a: ZachuVGC|100/100 brn|[from] item: Leftovers
|-damage|p1a: ZachuVGC|94/100 brn|[from] brn
|upkeep
|turn|22
|
|t:|1743830609
|move|p2a: Club Paratwice|Volt Switch|p1a: ZachuVGC
|-resisted|p1a: ZachuVGC
|-damage|p1a: ZachuVGC|89/100 brn
|
|t:|1743830613
|switch|p2a: Samurott|Samurott-Hisui, F|3/100|[from] Volt Switch
|move|p1a: ZachuVGC|Swords Dance|p1a: ZachuVGC
|-boost|p1a: ZachuVGC|atk|2
|
|-heal|p1a: ZachuVGC|95/100 brn|[from] item: Leftovers
|-damage|p1a: ZachuVGC|89/100 brn|[from] brn
|-sideend|p1: Nnamzilla|move: Light Screen
|upkeep
|turn|23
|
|t:|1743830620
|move|p2a: Samurott|Razor Shell|p1a: ZachuVGC
|-damage|p1a: ZachuVGC|61/100 brn
|-unboost|p1a: ZachuVGC|def|1
|move|p1a: ZachuVGC|Drain Punch|p2a: Samurott
|-supereffective|p2a: Samurott
|-damage|p2a: Samurott|0 fnt
|-heal|p1a: ZachuVGC|62/100 brn|[from] drain|[of] p2a: Samurott
|faint|p2a: Samurott
|
|-heal|p1a: ZachuVGC|68/100 brn|[from] item: Leftovers
|-damage|p1a: ZachuVGC|62/100 brn|[from] brn
|upkeep
|
|t:|1743830629
|switch|p2a: Club Paratwice|Zapdos|83/100
|turn|24
|
|t:|1743830635
|move|p2a: Club Paratwice|Hurricane|p1a: ZachuVGC
|-damage|p1a: ZachuVGC|27/100 brn
|-start|p1a: ZachuVGC|confusion
|-activate|p1a: ZachuVGC|confusion
|move|p1a: ZachuVGC|Ice Punch|p2a: Club Paratwice
|-supereffective|p2a: Club Paratwice
|-damage|p2a: Club Paratwice|27/100
|
|-heal|p1a: ZachuVGC|33/100 brn|[from] item: Leftovers
|-damage|p1a: ZachuVGC|27/100 brn|[from] brn
|upkeep
|turn|25
|
|t:|1743830642
|move|p2a: Club Paratwice|Hurricane|p1a: ZachuVGC
|-damage|p1a: ZachuVGC|0 fnt
|faint|p1a: ZachuVGC
|-end|p1a: ZachuVGC|Quark Drive|[silent]
|
|win|Vertin.P
|raw|Nnamzilla's rating: 1299 &rarr; <strong>1277</strong><br />(-22 for losing)
|raw|Vertin.P's rating: 1335 &rarr; <strong>1353</strong><br />(+18 for winning)
|l|☆Nnamzilla
|player|p1|
|l|☆Vertin.P
|player|p2|
