|j|☆9878998 Guest
|j|‽dekaa7
|t:|1743864049
|gametype|singles
|player|p1|9878998 Guest|policeman-gen4|1204
|player|p2|dekaa7|265|1151
|teamsize|p1|6
|teamsize|p2|6
|gen|9
|tier|[Gen 9] OU
|rated|
|rule|HP Percentage Mod: HP is shown in percentages
|rule|Endless Battle Clause: Forcing endless battles is banned
|rule|Species Clause: Limit one of each Pokémon
|rule|OHKO Clause: OHKO moves are banned
|rule|Evasion Items Clause: Evasion items are banned
|rule|Evasion Moves Clause: Evasion moves are banned
|rule|Sleep Moves Clause: Sleep-inducing moves are banned
|clearpoke
|poke|p1|Dragapult, F|
|poke|p1|Kingambit, F|
|poke|p1|Enamorus, F|
|poke|p1|Ting-Lu|
|poke|p1|Iron Crown|
|poke|p1|Ogerpon-Cornerstone, F|
|poke|p2|Lokix, M|
|poke|p2|Cinderace, F|
|poke|p2|Gholdengo|
|poke|p2|Slowking-Galar, F|
|poke|p2|Primarina, F|
|poke|p2|Dragonite, F|
|teampreview
|inactive|Battle timer is ON: inactive players will automatically lose when time's up. (requested by 9878998 Guest)
|
|t:|1743864062
|start
|switch|p1a: Ogerpon|Ogerpon-Cornerstone, F|100/100
|switch|p2a: Primarina|Primarina, F|100/100
|turn|1
|inactive|dekaa7 has 120 seconds left.
|
|t:|1743864097
|switch|p2a: Slowking|Slowking-Galar, F|100/100
|move|p1a: Ogerpon|Trailblaze|p2a: Slowking
|-resisted|p2a: Slowking
|-damage|p2a: Slowking|85/100
|-boost|p1a: Ogerpon|spe|1
|
|upkeep
|turn|2
|inactive|dekaa7 has 120 seconds left.
|
|t:|1743864107
|switch|p1a: Iron Crown|Iron Crown|100/100
|-enditem|p1a: Iron Crown|Booster Energy
|-activate|p1a: Iron Crown|ability: Quark Drive|[fromitem]
|-start|p1a: Iron Crown|quarkdrivespa
|move|p2a: Slowking|Sludge Bomb|p1a: Iron Crown
|-immune|p1a: Iron Crown
|
|upkeep
|turn|3
|inactive|dekaa7 has 120 seconds left.
|
|t:|1743864122
|switch|p2a: Gholdengo|Gholdengo|100/100
|-item|p2a: Gholdengo|Air Balloon
|move|p1a: Iron Crown|Tachyon Cutter|p2a: Gholdengo
|-resisted|p2a: Gholdengo
|-damage|p2a: Gholdengo|83/100
|-enditem|p2a: Gholdengo|Air Balloon
|-resisted|p2a: Gholdengo
|-damage|p2a: Gholdengo|65/100
|-hitcount|p2a: Gholdengo|2
|
|upkeep
|turn|4
|inactive|dekaa7 has 120 seconds left.
|
|t:|1743864138
|-end|p1a: Iron Crown|Quark Drive|[silent]
|switch|p1a: Ting-Lu|Ting-Lu|100/100
|-ability|p1a: Ting-Lu|Vessel of Ruin
|move|p2a: Gholdengo|Recover|p2a: Gholdengo
|-heal|p2a: Gholdengo|100/100
|
|upkeep
|turn|5
|inactive|dekaa7 has 120 seconds left.
|
|t:|1743864152
|switch|p2a: Primarina|Primarina, F|100/100
|move|p1a: Ting-Lu|Earthquake|p2a: Primarina
|-damage|p2a: Primarina|53/100
|
|upkeep
|turn|6
|
|t:|1743864162
|switch|p1a: Iron Crown|Iron Crown|100/100
|move|p2a: Primarina|Moonblast|p1a: Iron Crown
|-resisted|p1a: Iron Crown
|-damage|p1a: Iron Crown|73/100
|-unboost|p1a: Iron Crown|spa|1
|
|upkeep
|turn|7
|
|t:|1743864169
|-end|p1a: Iron Crown|Quark Drive|[silent]
|switch|p1a: Ting-Lu|Ting-Lu|100/100
|-ability|p1a: Ting-Lu|Vessel of Ruin
|switch|p2a: Gholdengo|Gholdengo|100/100
|
|upkeep
|turn|8
|
|t:|1743864190
|switch|p2a: Dragonite|Dragonite, F|100/100
|move|p1a: Ting-Lu|Earthquake|p2a: Dragonite
|-immune|p2a: Dragonite
|
|upkeep
|turn|9
|inactive|dekaa7 has 120 seconds left.
|inactive|9878998 Guest has 120 seconds left.
|
|t:|1743864227
|move|p2a: Dragonite|Ice Spinner|p1a: Ting-Lu
|-supereffective|p1a: Ting-Lu
|-damage|p1a: Ting-Lu|66/100
|move|p1a: Ting-Lu|Payback|p2a: Dragonite
|-damage|p2a: Dragonite|82/100
|
|-heal|p1a: Ting-Lu|72/100|[from] item: Leftovers
|upkeep
|turn|10
|inactive|9878998 Guest has 120 seconds left.
|inactive|dekaa7 has 120 seconds left.
|
|t:|1743864241
|switch|p1a: Kingambit|Kingambit, F, shiny|100/100
|move|p2a: Dragonite|Dragon Dance|p2a: Dragonite
|-boost|p2a: Dragonite|atk|1
|-boost|p2a: Dragonite|spe|1
|
|upkeep
|turn|11
|inactive|9878998 Guest has 120 seconds left.
|inactive|dekaa7 has 120 seconds left.
|
|t:|1743864271
|-terastallize|p1a: Kingambit|Flying
|move|p2a: Dragonite|Thunder Punch|p1a: Kingambit
|-supereffective|p1a: Kingambit
|-damage|p1a: Kingambit|33/100
|move|p1a: Kingambit|Iron Head|p2a: Dragonite
|-damage|p2a: Dragonite|40/100
|
|upkeep
|turn|12
|inactive|dekaa7 has 120 seconds left.
|
|t:|1743864278
|move|p1a: Kingambit|Sucker Punch|p2a: Dragonite
|-damage|p2a: Dragonite|0 fnt
|faint|p2a: Dragonite
|
|upkeep
|inactive|dekaa7 has 120 seconds left.
|
|t:|1743864297
|switch|p2a: Cinderace|Cinderace, F|100/100
|turn|13
|
|t:|1743864301
|move|p1a: Kingambit|Sucker Punch|p2a: Cinderace
|-damage|p2a: Cinderace|46/100
|move|p2a: Cinderace|Pyro Ball|p1a: Kingambit
|-damage|p1a: Kingambit|0 fnt
|faint|p1a: Kingambit
|-end|p1a: Kingambit|fallenundefined|[silent]
|
|upkeep
|
|t:|1743864316
|switch|p1a: Dragapult|Dragapult, F, shiny|100/100
|turn|14
|inactive|dekaa7 has 120 seconds left.
|
|t:|1743864331
|switch|p2a: Lokix|Lokix, M|100/100
|move|p1a: Dragapult|Phantom Force||[still]
|-prepare|p1a: Dragapult|Phantom Force
|
|upkeep
|turn|15
|
|t:|1743864336
|-terastallize|p2a: Lokix|Bug
|move|p2a: Lokix|First Impression|p1a: Dragapult|[miss]
|-miss|p2a: Lokix|p1a: Dragapult
|move|p1a: Dragapult|Phantom Force|p2a: Lokix|[from] lockedmove
|-damage|p2a: Lokix|33/100
|
|upkeep
|turn|16
|inactive|9878998 Guest has 120 seconds left.
|-message|dekaa7 forfeited.
|
|win|9878998 Guest
|raw|9878998 Guest's rating: 1204 &rarr; <strong>1225</strong><br />(+21 for winning)
|raw|dekaa7's rating: 1151 &rarr; <strong>1130</strong><br />(-21 for losing)
|l|‽dekaa7
|player|p2|
