|j|☆tdd20070517兹伏奇三吾
|j|☆Mister_ttar
|t:|1743856532
|gametype|singles
|player|p1|tdd20070517兹伏奇三吾|steven|1637
|player|p2|Mister_ttar|doctor-gen8|1636
|teamsize|p1|6
|teamsize|p2|6
|gen|9
|tier|[Gen 9] OU
|rated|
|rule|HP Percentage Mod: HP is shown in percentages
|rule|Endless Battle Clause: Forcing endless battles is banned
|rule|Species Clause: Limit one of each Pokémon
|rule|OHKO Clause: OHKO moves are banned
|rule|Evasion Items Clause: Evasion items are banned
|rule|Evasion Moves Clause: Evasion moves are banned
|rule|Sleep Moves Clause: Sleep-inducing moves are banned
|clearpoke
|poke|p1|Zamazenta-*|
|poke|p1|Walking Wake|
|poke|p1|Ting-Lu|
|poke|p1|Goodra-Hisui, F|
|poke|p1|Skeledirge, F|
|poke|p1|Corviknight, M|
|poke|p2|Iron Crown|
|poke|p2|Iron Hands|
|poke|p2|Grimmsnarl, M|
|poke|p2|Great Tusk|
|poke|p2|Dragonite, F|
|poke|p2|Glimmora, M|
|teampreview
|inactive|Battle timer is ON: inactive players will automatically lose when time's up. (requested by Mister_ttar)
|
|t:|1743856555
|start
|switch|p1a: Walking Wake|Walking Wake|100/100
|switch|p2a: Grimmsnarl|Grimmsnarl, M|100/100
|turn|1
|
|t:|1743856566
|move|p2a: Grimmsnarl|Light Screen|p2a: Grimmsnarl
|-sidestart|p2: Mister_ttar|move: Light Screen
|move|p1a: Walking Wake|Surf|p2a: Grimmsnarl
|-damage|p2a: Grimmsnarl|72/100
|
|upkeep
|turn|2
|
|t:|1743856572
|move|p1a: Walking Wake|Surf|p2a: Grimmsnarl
|-crit|p2a: Grimmsnarl
|-damage|p2a: Grimmsnarl|0 fnt
|faint|p2a: Grimmsnarl
|
|upkeep
|
|t:|1743856588
|switch|p2a: Iron Hands|Iron Hands|100/100
|turn|3
|
|t:|1743856591
|-end|p1a: Walking Wake|Protosynthesis|[silent]
|switch|p1a: 中间忘了|Skeledirge, F|100/100
|move|p2a: Iron Hands|Swords Dance|p2a: Iron Hands
|-boost|p2a: Iron Hands|atk|2
|
|upkeep
|turn|4
|
|t:|1743856597
|move|p1a: 中间忘了|Will-O-Wisp|p2a: Iron Hands
|-status|p2a: Iron Hands|brn
|move|p2a: Iron Hands|Thunder Punch|p1a: 中间忘了
|-damage|p1a: 中间忘了|89/100
|
|-damage|p2a: Iron Hands|94/100 brn|[from] brn
|upkeep
|turn|5
|
|t:|1743856602
|move|p1a: 中间忘了|Torch Song|p2a: Iron Hands
|-damage|p2a: Iron Hands|82/100 brn
|-boost|p1a: 中间忘了|spa|1
|move|p2a: Iron Hands|Thunder Punch|p1a: 中间忘了
|-damage|p1a: 中间忘了|77/100
|
|-heal|p2a: Iron Hands|88/100 brn|[from] item: Leftovers
|-damage|p2a: Iron Hands|82/100 brn|[from] brn
|upkeep
|turn|6
|
|t:|1743856606
|move|p1a: 中间忘了|Torch Song|p2a: Iron Hands
|-damage|p2a: Iron Hands|64/100 brn
|-boost|p1a: 中间忘了|spa|1
|move|p2a: Iron Hands|Thunder Punch|p1a: 中间忘了
|-damage|p1a: 中间忘了|67/100
|
|-heal|p2a: Iron Hands|70/100 brn|[from] item: Leftovers
|-damage|p2a: Iron Hands|64/100 brn|[from] brn
|upkeep
|turn|7
|
|t:|1743856616
|move|p1a: 中间忘了|Slack Off|p1a: 中间忘了
|-heal|p1a: 中间忘了|100/100
|move|p2a: Iron Hands|Thunder Punch|p1a: 中间忘了
|-damage|p1a: 中间忘了|90/100
|
|-heal|p2a: Iron Hands|70/100 brn|[from] item: Leftovers
|-damage|p2a: Iron Hands|64/100 brn|[from] brn
|upkeep
|turn|8
|
|t:|1743856620
|move|p1a: 中间忘了|Torch Song|p2a: Iron Hands
|-damage|p2a: Iron Hands|40/100 brn
|-boost|p1a: 中间忘了|spa|1
|move|p2a: Iron Hands|Thunder Punch|p1a: 中间忘了
|-damage|p1a: 中间忘了|79/100
|-status|p1a: 中间忘了|par
|
|-heal|p2a: Iron Hands|46/100 brn|[from] item: Leftovers
|-damage|p2a: Iron Hands|40/100 brn|[from] brn
|-sideend|p2: Mister_ttar|move: Light Screen
|upkeep
|turn|9
|
|t:|1743856624
|move|p2a: Iron Hands|Thunder Punch|p1a: 中间忘了
|-damage|p1a: 中间忘了|68/100 par
|cant|p1a: 中间忘了|par
|
|-heal|p2a: Iron Hands|46/100 brn|[from] item: Leftovers
|-damage|p2a: Iron Hands|40/100 brn|[from] brn
|upkeep
|turn|10
|
|t:|1743856640
|move|p2a: Iron Hands|Thunder Punch|p1a: 中间忘了
|-damage|p1a: 中间忘了|56/100 par
|cant|p1a: 中间忘了|par
|
|-heal|p2a: Iron Hands|46/100 brn|[from] item: Leftovers
|-damage|p2a: Iron Hands|40/100 brn|[from] brn
|upkeep
|turn|11
|
|t:|1743856645
|-end|p2a: Iron Hands|Quark Drive|[silent]
|switch|p2a: Glimmora|Glimmora, M|100/100
|move|p1a: 中间忘了|Slack Off|p1a: 中间忘了
|-heal|p1a: 中间忘了|100/100 par
|
|upkeep
|turn|12
|
|t:|1743856652
|switch|p1a: 前面忘了|Ting-Lu|100/100
|-ability|p1a: 前面忘了|Vessel of Ruin
|move|p2a: Glimmora|Dazzling Gleam|p1a: 前面忘了
|-supereffective|p1a: 前面忘了
|-damage|p1a: 前面忘了|79/100
|
|upkeep
|turn|13
|
|t:|1743856660
|switch|p2a: Great Tusk|Great Tusk|100/100
|-enditem|p2a: Great Tusk|Booster Energy
|-activate|p2a: Great Tusk|ability: Protosynthesis|[fromitem]
|-start|p2a: Great Tusk|protosynthesisspe
|move|p1a: 前面忘了|Earthquake|p2a: Great Tusk
|-damage|p2a: Great Tusk|71/100
|
|upkeep
|turn|14
|
|t:|1743856677
|move|p2a: Great Tusk|Ice Spinner|p1a: 前面忘了
|-supereffective|p1a: 前面忘了
|-damage|p1a: 前面忘了|55/100
|move|p1a: 前面忘了|Ruination|p2a: Great Tusk
|-damage|p2a: Great Tusk|36/100
|
|upkeep
|turn|15
|
|t:|1743856682
|switch|p1a: 后面忘了|Corviknight, M|100/100
|move|p2a: Great Tusk|Ice Spinner|p1a: 后面忘了
|-damage|p1a: 后面忘了|86/100
|-damage|p2a: Great Tusk|19/100|[from] item: Rocky Helmet|[of] p1a: 后面忘了
|
|upkeep
|turn|16
|
|t:|1743856689
|move|p2a: Great Tusk|Ice Spinner|p1a: 后面忘了
|-damage|p1a: 后面忘了|73/100
|-damage|p2a: Great Tusk|2/100|[from] item: Rocky Helmet|[of] p1a: 后面忘了
|move|p1a: 后面忘了|Defog|p2a: Great Tusk
|-unboost|p2a: Great Tusk|evasion|1
|
|upkeep
|turn|17
|
|t:|1743856692
|move|p2a: Great Tusk|Ice Spinner|p1a: 后面忘了
|-crit|p1a: 后面忘了
|-damage|p1a: 后面忘了|54/100
|-damage|p2a: Great Tusk|0 fnt|[from] item: Rocky Helmet|[of] p1a: 后面忘了
|faint|p2a: Great Tusk
|-end|p2a: Great Tusk|Protosynthesis|[silent]
|move|p1a: 后面忘了|Roost|p1a: 后面忘了
|-heal|p1a: 后面忘了|100/100
|-singleturn|p1a: 后面忘了|move: Roost
|
|upkeep
|
|t:|1743856705
|switch|p2a: Glimmora|Glimmora, M|100/100
|turn|18
|
|t:|1743856714
|switch|p1a: 前面忘了|Ting-Lu|55/100
|-ability|p1a: 前面忘了|Vessel of Ruin
|move|p2a: Glimmora|Meteor Beam||[still]
|-prepare|p2a: Glimmora|Meteor Beam
|-boost|p2a: Glimmora|spa|1
|-enditem|p2a: Glimmora|Power Herb
|-anim|p2a: Glimmora|Meteor Beam|p1a: 前面忘了
|-resisted|p1a: 前面忘了
|-damage|p1a: 前面忘了|38/100
|
|upkeep
|turn|19
|
|t:|1743856726
|move|p2a: Glimmora|Dazzling Gleam|p1a: 前面忘了
|-supereffective|p1a: 前面忘了
|-damage|p1a: 前面忘了|10/100
|move|p1a: 前面忘了|Ruination|p2a: Glimmora
|-damage|p2a: Glimmora|51/100
|
|upkeep
|turn|20
|
|t:|1743856732
|move|p2a: Glimmora|Dazzling Gleam|p1a: 前面忘了
|-supereffective|p1a: 前面忘了
|-damage|p1a: 前面忘了|0 fnt
|faint|p1a: 前面忘了
|
|upkeep
|
|t:|1743856734
|switch|p1a: Walking Wake|Walking Wake|100/100
|turn|21
|
|t:|1743856740
|move|p1a: Walking Wake|Surf|p2a: Glimmora
|-supereffective|p2a: Glimmora
|-damage|p2a: Glimmora|0 fnt
|faint|p2a: Glimmora
|
|upkeep
|
|t:|1743856742
|switch|p2a: Dragonite|Dragonite, F|100/100
|turn|22
|
|t:|1743856748
|-end|p1a: Walking Wake|Protosynthesis|[silent]
|switch|p1a: 后面忘了|Corviknight, M|100/100
|move|p2a: Dragonite|Dragon Dance|p2a: Dragonite
|-boost|p2a: Dragonite|atk|1
|-boost|p2a: Dragonite|spe|1
|
|upkeep
|turn|23
|
|t:|1743856753
|move|p2a: Dragonite|Dragon Dance|p2a: Dragonite
|-boost|p2a: Dragonite|atk|1
|-boost|p2a: Dragonite|spe|1
|move|p1a: 后面忘了|Iron Defense|p1a: 后面忘了
|-boost|p1a: 后面忘了|def|2
|
|upkeep
|turn|24
|
|t:|1743856759
|move|p2a: Dragonite|Encore|p1a: 后面忘了
|-start|p1a: 后面忘了|Encore
|move|p1a: 后面忘了|Iron Defense|p1a: 后面忘了
|-boost|p1a: 后面忘了|def|2
|
|upkeep
|turn|25
|j| jyrfcv
|
|t:|1743856764
|switch|p1a: 中间忘了|Skeledirge, F|100/100 par
|move|p2a: Dragonite|Dragon Dance|p2a: Dragonite
|-boost|p2a: Dragonite|atk|1
|-boost|p2a: Dragonite|spe|1
|
|upkeep
|turn|26
|
|t:|1743856768
|-terastallize|p2a: Dragonite|Fire
|move|p2a: Dragonite|Scale Shot|p1a: 中间忘了
|-crit|p1a: 中间忘了
|-damage|p1a: 中间忘了|88/100 par
|-damage|p1a: 中间忘了|79/100 par
|-damage|p1a: 中间忘了|71/100 par
|-damage|p1a: 中间忘了|62/100 par
|-hitcount|p1a: 中间忘了|4
|-unboost|p2a: Dragonite|def|1
|-boost|p2a: Dragonite|spe|1
|move|p1a: 中间忘了|Will-O-Wisp|p2a: Dragonite
|-immune|p2a: Dragonite
|
|upkeep
|turn|27
|
|t:|1743856780
|-terastallize|p1a: 中间忘了|Fairy
|move|p2a: Dragonite|Encore|p1a: 中间忘了
|-start|p1a: 中间忘了|Encore
|cant|p1a: 中间忘了|par
|
|upkeep
|turn|28
|
|t:|1743856787
|move|p2a: Dragonite|Fire Punch|p1a: 中间忘了
|-damage|p1a: 中间忘了|36/100 par
|cant|p1a: 中间忘了|par
|
|upkeep
|turn|29
|
|t:|1743856792
|switch|p1a: 后面忘了|Corviknight, M|100/100
|move|p2a: Dragonite|Scale Shot|p1a: 后面忘了
|-resisted|p1a: 后面忘了
|-damage|p1a: 后面忘了|90/100
|-resisted|p1a: 后面忘了
|-crit|p1a: 后面忘了
|-damage|p1a: 后面忘了|75/100
|-resisted|p1a: 后面忘了
|-damage|p1a: 后面忘了|65/100
|-resisted|p1a: 后面忘了
|-damage|p1a: 后面忘了|53/100
|-resisted|p1a: 后面忘了
|-damage|p1a: 后面忘了|43/100
|-hitcount|p1a: 后面忘了|5
|-unboost|p2a: Dragonite|def|1
|-boost|p2a: Dragonite|spe|1
|
|upkeep
|turn|30
|
|t:|1743856797
|move|p2a: Dragonite|Fire Punch|p1a: 后面忘了
|-supereffective|p1a: 后面忘了
|-damage|p1a: 后面忘了|0 fnt
|-damage|p2a: Dragonite|84/100|[from] item: Rocky Helmet|[of] p1a: 后面忘了
|faint|p1a: 后面忘了
|
|upkeep
|
|t:|1743856806
|switch|p1a: 我需要格子|Zamazenta|100/100
|-ability|p1a: 我需要格子|Dauntless Shield|boost
|-boost|p1a: 我需要格子|def|1
|turn|31
|
|t:|1743856815
|move|p2a: Dragonite|Fire Punch|p1a: 我需要格子
|-damage|p1a: 我需要格子|36/100
|move|p1a: 我需要格子|Close Combat|p2a: Dragonite
|-damage|p2a: Dragonite|0 fnt
|-unboost|p1a: 我需要格子|def|1
|-unboost|p1a: 我需要格子|spd|1
|faint|p2a: Dragonite
|
|upkeep
|
|t:|1743856821
|switch|p2a: Iron Crown|Iron Crown|100/100
|-enditem|p2a: Iron Crown|Booster Energy
|-activate|p2a: Iron Crown|ability: Quark Drive|[fromitem]
|-start|p2a: Iron Crown|quarkdrivespe
|turn|32
|
|t:|1743856824
|move|p2a: Iron Crown|Iron Defense|p2a: Iron Crown
|-boost|p2a: Iron Crown|def|2
|move|p1a: 我需要格子|Close Combat|p2a: Iron Crown
|-damage|p2a: Iron Crown|50/100
|-unboost|p1a: 我需要格子|def|1
|-unboost|p1a: 我需要格子|spd|1
|
|upkeep
|turn|33
|j| Brucie92
|
|t:|1743856832
|move|p2a: Iron Crown|Iron Defense|p2a: Iron Crown
|-boost|p2a: Iron Crown|def|2
|move|p1a: 我需要格子|Close Combat|p2a: Iron Crown
|-damage|p2a: Iron Crown|16/100
|-unboost|p1a: 我需要格子|def|1
|-unboost|p1a: 我需要格子|spd|1
|
|upkeep
|turn|34
|
|t:|1743856836
|move|p2a: Iron Crown|Stored Power|p1a: 我需要格子
|-supereffective|p1a: 我需要格子
|-damage|p1a: 我需要格子|0 fnt
|faint|p1a: 我需要格子
|
|upkeep
|
|t:|1743856838
|switch|p1a: 我需要再生力|Goodra-Hisui, F|100/100
|turn|35
|
|t:|1743856842
|move|p2a: Iron Crown|Focus Blast|p1a: 我需要再生力
|-supereffective|p1a: 我需要再生力
|-damage|p1a: 我需要再生力|50/100
|move|p1a: 我需要再生力|Flash Cannon|p2a: Iron Crown
|-resisted|p2a: Iron Crown
|-damage|p2a: Iron Crown|0 fnt
|faint|p2a: Iron Crown
|-end|p2a: Iron Crown|Quark Drive|[silent]
|
|upkeep
|
|t:|1743856846
|switch|p2a: Iron Hands|Iron Hands|40/100 brn
|turn|36
|
|t:|1743856849
|move|p2a: Iron Hands|Swords Dance|p2a: Iron Hands
|-boost|p2a: Iron Hands|atk|2
|move|p1a: 我需要再生力|Flash Cannon|p2a: Iron Hands
|-resisted|p2a: Iron Hands
|-damage|p2a: Iron Hands|15/100 brn
|-unboost|p2a: Iron Hands|spd|1
|
|-heal|p2a: Iron Hands|21/100 brn|[from] item: Leftovers
|-damage|p2a: Iron Hands|15/100 brn|[from] brn
|upkeep
|turn|37
|
|t:|1743856852
|move|p2a: Iron Hands|Drain Punch|p1a: 我需要再生力
|-supereffective|p1a: 我需要再生力
|-damage|p1a: 我需要再生力|0 fnt
|-heal|p2a: Iron Hands|32/100 brn|[from] drain|[of] p1a: 我需要再生力
|faint|p1a: 我需要再生力
|
|-heal|p2a: Iron Hands|38/100 brn|[from] item: Leftovers
|-damage|p2a: Iron Hands|32/100 brn|[from] brn
|upkeep
|
|t:|1743856854
|switch|p1a: Walking Wake|Walking Wake|100/100
|turn|38
|-message|Mister_ttar forfeited.
|
|win|tdd20070517兹伏奇三吾
|raw|tdd20070517兹伏奇三吾's rating: 1637 &rarr; <strong>1657</strong><br />(+20 for winning)
|raw|Mister_ttar's rating: 1636 &rarr; <strong>1616</strong><br />(-20 for losing)
|l|☆Mister_ttar
|player|p2|
|l|☆tdd20070517兹伏奇三吾
|player|p1|
|l| jyrfcv
|l| Brucie92
