|j|☆nic546
|j|☆koraidrone
|t:|1743913473
|gametype|singles
|player|p1|nic546|ghetsis|1355
|player|p2|koraidrone|cyclist|1325
|teamsize|p1|6
|teamsize|p2|6
|gen|9
|tier|[Gen 9] OU
|rated|
|rule|HP Percentage Mod: HP is shown in percentages
|rule|Endless Battle Clause: Forcing endless battles is banned
|rule|Species Clause: Limit one of each Pokémon
|rule|OHKO Clause: OHKO moves are banned
|rule|Evasion Items Clause: Evasion items are banned
|rule|Evasion Moves Clause: Evasion moves are banned
|rule|Sleep Moves Clause: Sleep-inducing moves are banned
|clearpoke
|poke|p1|Dragapult, M|
|poke|p1|Samurott-Hisui, M|
|poke|p1|Dragonite, M|
|poke|p1|Hatterene, F|
|poke|p1|Great Tusk|
|poke|p1|Gholdengo|
|poke|p2|Ninetales-Alola, F|
|poke|p2|Rillaboom, F|
|poke|p2|Iron Hands|
|poke|p2|Moltres-Galar|
|poke|p2|Maushold-Four|
|poke|p2|Iron Moth|
|teampreview
|inactive|Battle timer is ON: inactive players will automatically lose when time's up. (requested by koraidrone)
|
|t:|1743913480
|start
|switch|p1a: Samurott|Samurott-Hisui, M|100/100
|switch|p2a: Ninetales|Ninetales-Alola, F|100/100
|-weather|Snowscape|[from] ability: Snow Warning|[of] p2a: Ninetales
|turn|1
|
|t:|1743913488
|move|p2a: Ninetales|Aurora Veil|p2a: Ninetales
|-sidestart|p2: koraidrone|move: Aurora Veil
|move|p1a: Samurott|Ceaseless Edge|p2a: Ninetales
|-resisted|p2a: Ninetales
|-damage|p2a: Ninetales|90/100
|-sidestart|p2: koraidrone|Spikes
|
|-weather|Snowscape|[upkeep]
|upkeep
|turn|2
|
|t:|1743913493
|switch|p1a: Gholdengo|Gholdengo|100/100
|move|p2a: Ninetales|Freeze-Dry|p1a: Gholdengo
|-resisted|p1a: Gholdengo
|-damage|p1a: Gholdengo|89/100
|
|-weather|Snowscape|[upkeep]
|upkeep
|turn|3
|
|t:|1743913523
|switch|p2a: Maushold|Maushold-Four|100/100
|-damage|p2a: Maushold|88/100|[from] Spikes
|move|p1a: Gholdengo|Trick|p2a: Maushold
|-activate|p1a: Gholdengo|move: Trick|[of] p2a: Maushold
|-item|p2a: Maushold|Choice Scarf|[from] move: Trick
|-item|p1a: Gholdengo|Wide Lens|[from] move: Trick
|
|-weather|Snowscape|[upkeep]
|upkeep
|turn|4
|
|t:|1743913534
|switch|p1a: Great Tusk|Great Tusk|100/100
|move|p2a: Maushold|Crunch|p1a: Great Tusk
|-resisted|p1a: Great Tusk
|-damage|p1a: Great Tusk|94/100
|-damage|p2a: Maushold|71/100|[from] item: Rocky Helmet|[of] p1a: Great Tusk
|
|-weather|Snowscape|[upkeep]
|upkeep
|turn|5
|
|t:|1743913541
|switch|p2a: Rillaboom|Rillaboom, F|100/100
|-damage|p2a: Rillaboom|88/100|[from] Spikes
|-fieldstart|move: Grassy Terrain|[from] ability: Grassy Surge|[of] p2a: Rillaboom
|move|p1a: Great Tusk|Stealth Rock|p2a: Rillaboom
|-sidestart|p2: koraidrone|move: Stealth Rock
|
|-weather|none
|-heal|p1a: Great Tusk|99/100|[from] Grassy Terrain
|-heal|p2a: Rillaboom|94/100|[from] Grassy Terrain
|upkeep
|turn|6
|
|t:|1743913551
|-end|p1a: Great Tusk|Protosynthesis|[silent]
|switch|p1a: Hatterene|Hatterene, F|100/100
|move|p2a: Rillaboom|Swords Dance|p2a: Rillaboom
|-boost|p2a: Rillaboom|atk|2
|
|-heal|p2a: Rillaboom|100/100|[from] Grassy Terrain
|upkeep
|turn|7
|
|t:|1743913563
|move|p2a: Rillaboom|Knock Off|p1a: Hatterene
|-damage|p1a: Hatterene|22/100
|-enditem|p1a: Hatterene|Eject Button|[from] move: Knock Off|[of] p2a: Rillaboom
|-damage|p2a: Rillaboom|91/100|[from] item: Life Orb
|move|p1a: Hatterene|Psychic Noise|p2a: Rillaboom
|-damage|p2a: Rillaboom|67/100
|-start|p2a: Rillaboom|move: Heal Block
|
|-heal|p1a: Hatterene|28/100|[from] Grassy Terrain
|upkeep
|turn|8
|
|t:|1743913576
|move|p2a: Rillaboom|Grassy Glide|p1a: Hatterene
|-damage|p1a: Hatterene|0 fnt
|faint|p1a: Hatterene
|-damage|p2a: Rillaboom|57/100|[from] item: Life Orb
|
|-end|p2a: Rillaboom|move: Heal Block
|-sideend|p2: koraidrone|move: Aurora Veil
|upkeep
|
|t:|1743913581
|switch|p1a: Dragapult|Dragapult, M|100/100
|turn|9
|
|t:|1743913603
|move|p2a: Rillaboom|Grassy Glide|p1a: Dragapult
|-resisted|p1a: Dragapult
|-damage|p1a: Dragapult|39/100
|-damage|p2a: Rillaboom|47/100|[from] item: Life Orb
|move|p1a: Dragapult|Shadow Ball|p2a: Rillaboom
|-damage|p2a: Rillaboom|0 fnt
|faint|p2a: Rillaboom
|
|-heal|p1a: Dragapult|45/100|[from] Grassy Terrain
|-fieldend|move: Grassy Terrain
|upkeep
|
|t:|1743913612
|switch|p2a: Maushold|Maushold-Four|71/100
|-damage|p2a: Maushold|59/100|[from] Spikes
|-damage|p2a: Maushold|47/100|[from] Stealth Rock
|turn|10
|
|t:|1743913623
|switch|p1a: Gholdengo|Gholdengo|89/100
|move|p2a: Maushold|Tidy Up|p2a: Maushold
|-sideend|p2: koraidrone|Spikes
|-sideend|p2: koraidrone|Stealth Rock
|-activate|p2a: Maushold|move: Tidy Up
|-boost|p2a: Maushold|atk|1
|-boost|p2a: Maushold|spe|1
|
|upkeep
|turn|11
|
|t:|1743913644
|switch|p2a: Iron Moth|Iron Moth|100/100
|-enditem|p2a: Iron Moth|Booster Energy
|-activate|p2a: Iron Moth|ability: Quark Drive|[fromitem]
|-start|p2a: Iron Moth|quarkdrivespa
|switch|p1a: Dragapult|Dragapult, M|45/100
|
|upkeep
|turn|12
|
|t:|1743913650
|move|p1a: Dragapult|Draco Meteor|p2a: Iron Moth
|-damage|p2a: Iron Moth|9/100
|-unboost|p1a: Dragapult|spa|2
|move|p2a: Iron Moth|Agility|p2a: Iron Moth
|-boost|p2a: Iron Moth|spe|2
|
|upkeep
|turn|13
|
|t:|1743913657
|switch|p1a: Samurott|Samurott-Hisui, M|100/100
|move|p2a: Iron Moth|Fiery Dance|p1a: Samurott
|-resisted|p1a: Samurott
|-damage|p1a: Samurott|72/100
|-boost|p2a: Iron Moth|spa|1
|
|upkeep
|turn|14
|
|t:|1743913661
|move|p1a: Samurott|Aqua Jet|p2a: Iron Moth
|-supereffective|p2a: Iron Moth
|-damage|p2a: Iron Moth|0 fnt
|faint|p2a: Iron Moth
|-end|p2a: Iron Moth|Quark Drive|[silent]
|
|upkeep
|
|t:|1743913666
|switch|p2a: Maushold|Maushold-Four|47/100
|turn|15
|
|t:|1743913673
|switch|p1a: Great Tusk|Great Tusk|99/100
|move|p2a: Maushold|Population Bomb|p1a: Great Tusk
|-damage|p1a: Great Tusk|92/100
|-damage|p2a: Maushold|30/100|[from] item: Rocky Helmet|[of] p1a: Great Tusk
|-damage|p1a: Great Tusk|83/100
|-damage|p2a: Maushold|13/100|[from] item: Rocky Helmet|[of] p1a: Great Tusk
|-damage|p1a: Great Tusk|75/100
|-damage|p2a: Maushold|0 fnt|[from] item: Rocky Helmet|[of] p1a: Great Tusk
|faint|p2a: Maushold
|-hitcount|p1a: Great Tusk|3
|
|upkeep
|
|t:|1743913681
|switch|p2a: Ninetales|Ninetales-Alola, F|90/100
|-weather|Snowscape|[from] ability: Snow Warning|[of] p2a: Ninetales
|turn|16
|
|t:|1743913701
|move|p2a: Ninetales|Aurora Veil|p2a: Ninetales
|-sidestart|p2: koraidrone|move: Aurora Veil
|move|p1a: Great Tusk|Stealth Rock|p2a: Ninetales
|-sidestart|p2: koraidrone|move: Stealth Rock
|
|-weather|Snowscape|[upkeep]
|upkeep
|turn|17
|
|t:|1743913713
|switch|p2a: Moltres|Moltres-Galar|100/100
|-damage|p2a: Moltres|76/100|[from] Stealth Rock
|-end|p1a: Great Tusk|Protosynthesis|[silent]
|switch|p1a: Gholdengo|Gholdengo|89/100
|
|-weather|Snowscape|[upkeep]
|upkeep
|turn|18
|
|t:|1743913729
|switch|p1a: Dragapult|Dragapult, M|45/100
|move|p2a: Moltres|Agility|p2a: Moltres
|-boost|p2a: Moltres|spe|2
|
|-weather|Snowscape|[upkeep]
|upkeep
|turn|19
|
|t:|1743913737
|switch|p1a: Samurott|Samurott-Hisui, M|72/100
|move|p2a: Moltres|Fiery Wrath|p1a: Samurott
|-resisted|p1a: Samurott
|-damage|p1a: Samurott|53/100
|
|-weather|Snowscape|[upkeep]
|upkeep
|turn|20
|
|t:|1743913746
|-terastallize|p2a: Moltres|Fairy
|move|p2a: Moltres|Tera Blast|p1a: Samurott|[anim] Tera Blast Fairy
|-supereffective|p1a: Samurott
|-damage|p1a: Samurott|0 fnt
|faint|p1a: Samurott
|
|-weather|none
|upkeep
|
|t:|1743913760
|switch|p1a: Dragonite|Dragonite, M|100/100
|turn|21
|
|t:|1743913766
|-terastallize|p1a: Dragonite|Fire
|move|p2a: Moltres|Tera Blast|p1a: Dragonite|[anim] Tera Blast Fairy
|-resisted|p1a: Dragonite
|-damage|p1a: Dragonite|91/100
|move|p1a: Dragonite|Encore|p2a: Moltres
|-start|p2a: Moltres|Encore
|
|upkeep
|turn|22
|
|t:|1743913774
|switch|p2a: Ninetales|Ninetales-Alola, F|90/100
|-damage|p2a: Ninetales|66/100|[from] Stealth Rock
|-weather|Snowscape|[from] ability: Snow Warning|[of] p2a: Ninetales
|move|p1a: Dragonite|Dragon Dance|p1a: Dragonite
|-boost|p1a: Dragonite|atk|1
|-boost|p1a: Dragonite|spe|1
|
|-weather|Snowscape|[upkeep]
|upkeep
|turn|23
|
|t:|1743913778
|move|p1a: Dragonite|Dragon Dance|p1a: Dragonite
|-boost|p1a: Dragonite|atk|1
|-boost|p1a: Dragonite|spe|1
|move|p2a: Ninetales|Encore|p1a: Dragonite
|-start|p1a: Dragonite|Encore
|
|-weather|Snowscape|[upkeep]
|-sideend|p2: koraidrone|move: Aurora Veil
|upkeep
|turn|24
|
|t:|1743913784
|switch|p1a: Dragapult|Dragapult, M|45/100
|switch|p2a: Iron Hands|Iron Hands|100/100
|-damage|p2a: Iron Hands|94/100|[from] Stealth Rock
|
|-weather|Snowscape|[upkeep]
|upkeep
|turn|25
|
|t:|1743913794
|move|p1a: Dragapult|Shadow Ball|p2a: Iron Hands
|-damage|p2a: Iron Hands|45/100
|-enditem|p2a: Iron Hands|Sitrus Berry|[eat]
|-heal|p2a: Iron Hands|70/100|[from] item: Sitrus Berry
|move|p2a: Iron Hands|Ice Punch|p1a: Dragapult
|-supereffective|p1a: Dragapult
|-damage|p1a: Dragapult|0 fnt
|faint|p1a: Dragapult
|
|-weather|Snowscape|[upkeep]
|upkeep
|
|t:|1743913801
|switch|p1a: Great Tusk|Great Tusk|75/100
|turn|26
|inactive|koraidrone has 120 seconds left.
|
|t:|1743913831
|move|p1a: Great Tusk|Headlong Rush|p2a: Iron Hands
|-supereffective|p2a: Iron Hands
|-damage|p2a: Iron Hands|0 fnt
|-unboost|p1a: Great Tusk|def|1
|-unboost|p1a: Great Tusk|spd|1
|faint|p2a: Iron Hands
|-end|p2a: Iron Hands|Quark Drive|[silent]
|
|-weather|none
|upkeep
|
|t:|1743913836
|switch|p2a: Ninetales|Ninetales-Alola, F|66/100
|-damage|p2a: Ninetales|41/100|[from] Stealth Rock
|-weather|Snowscape|[from] ability: Snow Warning|[of] p2a: Ninetales
|turn|27
|
|t:|1743913841
|-end|p1a: Great Tusk|Protosynthesis|[silent]
|switch|p1a: Dragonite|Dragonite, M, tera:Fire|91/100
|move|p2a: Ninetales|Aurora Veil|p2a: Ninetales
|-sidestart|p2: koraidrone|move: Aurora Veil
|
|-weather|Snowscape|[upkeep]
|upkeep
|turn|28
|
|t:|1743913847
|move|p2a: Ninetales|Encore||[still]
|-fail|p2a: Ninetales
|move|p1a: Dragonite|Dragon Dance|p1a: Dragonite
|-boost|p1a: Dragonite|atk|1
|-boost|p1a: Dragonite|spe|1
|
|-weather|Snowscape|[upkeep]
|upkeep
|turn|29
|
|t:|1743913853
|move|p1a: Dragonite|Fire Punch|p2a: Ninetales
|-supereffective|p2a: Ninetales
|-damage|p2a: Ninetales|0 fnt
|faint|p2a: Ninetales
|
|-weather|Snowscape|[upkeep]
|upkeep
|
|t:|1743913856
|switch|p2a: Moltres|Moltres-Galar, tera:Fairy|76/100
|-damage|p2a: Moltres|63/100|[from] Stealth Rock
|turn|30
|
|t:|1743913861
|move|p1a: Dragonite|Fire Punch|p2a: Moltres
|-damage|p2a: Moltres|24/100
|-ability|p2a: Moltres|Berserk|boost
|-boost|p2a: Moltres|spa|1
|-enditem|p2a: Moltres|Sitrus Berry|[eat]
|-heal|p2a: Moltres|49/100|[from] item: Sitrus Berry
|move|p2a: Moltres|Agility|p2a: Moltres
|-boost|p2a: Moltres|spe|2
|
|-weather|Snowscape|[upkeep]
|upkeep
|turn|31
|
|t:|1743913886
|move|p2a: Moltres|Fiery Wrath|p1a: Dragonite
|-damage|p1a: Dragonite|22/100
|move|p1a: Dragonite|Encore|p2a: Moltres
|-start|p2a: Moltres|Encore
|
|-weather|none
|upkeep
|turn|32
|
|t:|1743913891
|move|p2a: Moltres|Fiery Wrath|p1a: Dragonite
|-damage|p1a: Dragonite|0 fnt
|faint|p1a: Dragonite
|
|upkeep
|
|t:|1743913893
|switch|p1a: Great Tusk|Great Tusk|75/100
|turn|33
|
|t:|1743913898
|move|p2a: Moltres|Fiery Wrath|p1a: Great Tusk
|-resisted|p1a: Great Tusk
|-damage|p1a: Great Tusk|26/100
|move|p1a: Great Tusk|Headlong Rush|p2a: Moltres
|-damage|p2a: Moltres|12/100
|-unboost|p1a: Great Tusk|def|1
|-unboost|p1a: Great Tusk|spd|1
|
|upkeep
|turn|34
|c|☆koraidrone|gg wp
|
|t:|1743913914
|move|p2a: Moltres|Fiery Wrath|p1a: Great Tusk
|-resisted|p1a: Great Tusk
|-damage|p1a: Great Tusk|0 fnt
|faint|p1a: Great Tusk
|-end|p1a: Great Tusk|Protosynthesis|[silent]
|
|-end|p2a: Moltres|Encore
|-sideend|p2: koraidrone|move: Aurora Veil
|upkeep
|
|t:|1743913916
|switch|p1a: Gholdengo|Gholdengo|89/100
|turn|35
|
|t:|1743913924
|move|p2a: Moltres|Fiery Wrath|p1a: Gholdengo
|-supereffective|p1a: Gholdengo
|-damage|p1a: Gholdengo|0 fnt
|faint|p1a: Gholdengo
|
|win|koraidrone
|raw|nic546's rating: 1375 &rarr; <strong>1352</strong><br />(-23 for losing)
|raw|koraidrone's rating: 1325 &rarr; <strong>1348</strong><br />(+23 for winning)
|c|☆nic546|Gg
|l|☆nic546
|player|p1|
|l|☆koraidrone
|player|p2|
