|j|☆Jotarochikito
|j|☆texdexrex
|t:|1743913715
|gametype|singles
|player|p1|Jotarochikito|bugcatcher-gen4dp|1078
|player|p2|texdexrex|ltsurge|1085
|teamsize|p1|6
|teamsize|p2|6
|gen|9
|tier|[Gen 9] OU
|rated|
|rule|HP Percentage Mod: HP is shown in percentages
|rule|Endless Battle Clause: Forcing endless battles is banned
|rule|Species Clause: Limit one of each Pokémon
|rule|OHKO Clause: OHKO moves are banned
|rule|Evasion Items Clause: Evasion items are banned
|rule|Evasion Moves Clause: Evasion moves are banned
|rule|Sleep Moves Clause: Sleep-inducing moves are banned
|clearpoke
|poke|p1|Ribombee, F|
|poke|p1|Heracross, M|
|poke|p1|Scizor, M|
|poke|p1|Kleavor, F|
|poke|p1|Lokix, F|
|poke|p1|Galvantula, F|
|poke|p2|Garganacl, F|
|poke|p2|Samurott-Hisui, F|
|poke|p2|Pecharunt|
|poke|p2|Great Tusk|
|poke|p2|Dondozo, F|
|poke|p2|Dragapult, M|
|teampreview
|inactive|Battle timer is ON: inactive players will automatically lose when time's up. (requested by texdexrex)
|
|t:|1743913731
|start
|switch|p1a: Edgelord|Galvantula, F, shiny|100/100
|switch|p2a: Garganacl|Garganacl, F|100/100
|turn|1
|
|t:|1743913740
|move|p1a: Edgelord|Sticky Web|p2a: Garganacl
|-sidestart|p2: texdexrex|move: Sticky Web
|move|p2a: Garganacl|Stealth Rock|p1a: Edgelord
|-sidestart|p1: Jotarochikito|move: Stealth Rock
|
|upkeep
|turn|2
|
|t:|1743913754
|move|p1a: Edgelord|Volt Switch|p2a: Garganacl
|-damage|p2a: Garganacl|73/100
|-damage|p1a: Edgelord|91/100|[from] item: Life Orb
|
|t:|1743913759
|switch|p1a: JOHN CENA|Lokix, F|100/100|[from] Volt Switch
|move|p2a: Garganacl|Salt Cure|p1a: JOHN CENA
|-supereffective|p1a: JOHN CENA
|-damage|p1a: JOHN CENA|56/100
|-start|p1a: JOHN CENA|Salt Cure
|
|-heal|p2a: Garganacl|80/100|[from] item: Leftovers
|-damage|p1a: JOHN CENA|44/100|[from] Salt Cure
|upkeep
|turn|3
|
|t:|1743913771
|move|p2a: Garganacl|Protect|p2a: Garganacl
|-singleturn|p2a: Garganacl|Protect
|move|p1a: JOHN CENA|Brick Break|p2a: Garganacl
|-activate|p2a: Garganacl|move: Protect
|
|-heal|p2a: Garganacl|86/100|[from] item: Leftovers
|-damage|p1a: JOHN CENA|31/100|[from] Salt Cure
|upkeep
|turn|4
|inactive|texdexrex has 120 seconds left.
|
|t:|1743913807
|switch|p2a: Pecharunt|Pecharunt|100/100
|-activate|p2a: Pecharunt|move: Sticky Web
|-unboost|p2a: Pecharunt|spe|1
|move|p1a: JOHN CENA|Brick Break|p2a: Pecharunt
|-immune|p2a: Pecharunt
|
|-damage|p1a: JOHN CENA|19/100|[from] Salt Cure
|upkeep
|turn|5
|
|t:|1743913823
|switch|p1a: Entry bitch|Kleavor, F|100/100
|-damage|p1a: Entry bitch|76/100|[from] Stealth Rock
|move|p2a: Pecharunt|Protect||[still]
|-fail|p2a: Pecharunt
|
|upkeep
|turn|6
|
|t:|1743913833
|move|p1a: Entry bitch|Stone Axe|p2a: Pecharunt
|-damage|p2a: Pecharunt|78/100
|-sidestart|p2: texdexrex|move: Stealth Rock
|move|p2a: Pecharunt|Toxic|p1a: Entry bitch
|-status|p1a: Entry bitch|tox
|-start|p1a: Entry bitch|confusion|[from] ability: Poison Puppeteer|[of] p2a: Pecharunt
|
|-damage|p1a: Entry bitch|70/100 tox|[from] psn
|upkeep
|turn|7
|
|t:|1743913846
|-activate|p1a: Entry bitch|confusion
|move|p1a: Entry bitch|Swords Dance|p1a: Entry bitch
|-boost|p1a: Entry bitch|atk|2
|move|p2a: Pecharunt|Toxic|p1a: Entry bitch
|-fail|p1a: Entry bitch|tox
|
|-damage|p1a: Entry bitch|57/100 tox|[from] psn
|upkeep
|turn|8
|
|t:|1743913857
|move|p2a: Pecharunt|Protect|p2a: Pecharunt
|-singleturn|p2a: Pecharunt|Protect
|-activate|p1a: Entry bitch|confusion
|move|p1a: Entry bitch|Stone Axe|p2a: Pecharunt
|-activate|p2a: Pecharunt|move: Protect
|
|-damage|p1a: Entry bitch|39/100 tox|[from] psn
|upkeep
|turn|9
|
|t:|1743913870
|-activate|p1a: Entry bitch|confusion
|move|p1a: Entry bitch|Stone Axe|p2a: Pecharunt
|-damage|p2a: Pecharunt|26/100
|move|p2a: Pecharunt|Recover|p2a: Pecharunt
|-heal|p2a: Pecharunt|76/100
|
|-damage|p1a: Entry bitch|15/100 tox|[from] psn
|upkeep
|turn|10
|
|t:|1743913900
|switch|p1a: Ursaluna 2.0|Heracross, M|100/100
|-damage|p1a: Ursaluna 2.0|88/100|[from] Stealth Rock
|move|p2a: Pecharunt|Protect||[still]
|-fail|p2a: Pecharunt
|
|-status|p1a: Ursaluna 2.0|brn|[from] item: Flame Orb
|upkeep
|turn|11
|
|t:|1743913916
|move|p1a: Ursaluna 2.0|Earthquake|p2a: Pecharunt
|-supereffective|p2a: Pecharunt
|-damage|p2a: Pecharunt|27/100
|move|p2a: Pecharunt|Parting Shot|p1a: Ursaluna 2.0
|-unboost|p1a: Ursaluna 2.0|atk|1
|-unboost|p1a: Ursaluna 2.0|spa|1
|
|t:|1743913923
|switch|p2a: Great Tusk|Great Tusk|100/100|[from] Parting Shot
|-activate|p2a: Great Tusk|move: Sticky Web
|-unboost|p2a: Great Tusk|spe|1
|-damage|p2a: Great Tusk|98/100|[from] Stealth Rock
|
|-damage|p1a: Ursaluna 2.0|82/100 brn|[from] brn
|upkeep
|turn|12
|inactive|Jotarochikito has 120 seconds left.
|
|t:|1743913951
|switch|p1a: Hey! Listen!|Ribombee, F|100/100
|-damage|p1a: Hey! Listen!|76/100|[from] Stealth Rock
|move|p2a: Great Tusk|Rapid Spin|p1a: Hey! Listen!
|-damage|p1a: Hey! Listen!|46/100
|-boost|p2a: Great Tusk|spe|1
|-sideend|p2: texdexrex|Stealth Rock|[from] move: Rapid Spin|[of] p2a: Great Tusk
|-sideend|p2: texdexrex|Sticky Web|[from] move: Rapid Spin|[of] p2a: Great Tusk
|
|upkeep
|turn|13
|inactive|Jotarochikito has 120 seconds left.
|
|t:|1743913962
|-end|p2a: Great Tusk|Protosynthesis|[silent]
|switch|p2a: Dragapult|Dragapult, M|100/100
|move|p1a: Hey! Listen!|Moonblast|p2a: Dragapult
|-supereffective|p2a: Dragapult
|-damage|p2a: Dragapult|0 fnt
|faint|p2a: Dragapult
|
|upkeep
|
|t:|1743913977
|switch|p2a: Garganacl|Garganacl, F|86/100
|turn|14
|
|t:|1743913987
|move|p1a: Hey! Listen!|Stun Spore|p2a: Garganacl|[miss]
|-miss|p1a: Hey! Listen!|p2a: Garganacl
|move|p2a: Garganacl|Salt Cure|p1a: Hey! Listen!
|-supereffective|p1a: Hey! Listen!
|-damage|p1a: Hey! Listen!|0 fnt
|faint|p1a: Hey! Listen!
|
|-heal|p2a: Garganacl|92/100|[from] item: Leftovers
|upkeep
|inactive|Jotarochikito has 120 seconds left.
|
|t:|1743914006
|switch|p1a: Autistic beast|Scizor, M|100/100
|-damage|p1a: Autistic beast|88/100|[from] Stealth Rock
|turn|15
|
|t:|1743914013
|move|p1a: Autistic beast|Bullet Punch|p2a: Garganacl
|-supereffective|p2a: Garganacl
|-damage|p2a: Garganacl|38/100
|move|p2a: Garganacl|Salt Cure|p1a: Autistic beast
|-damage|p1a: Autistic beast|72/100
|-start|p1a: Autistic beast|Salt Cure
|
|-heal|p2a: Garganacl|44/100|[from] item: Leftovers
|-damage|p1a: Autistic beast|47/100|[from] Salt Cure
|upkeep
|turn|16
|
|t:|1743914024
|switch|p1a: Edgelord|Galvantula, F, shiny|91/100
|-damage|p1a: Edgelord|66/100|[from] Stealth Rock
|move|p2a: Garganacl|Protect||[still]
|-fail|p2a: Garganacl
|
|-heal|p2a: Garganacl|50/100|[from] item: Leftovers
|upkeep
|turn|17
|
|t:|1743914037
|move|p1a: Edgelord|Sticky Web|p2a: Garganacl
|-sidestart|p2: texdexrex|move: Sticky Web
|move|p2a: Garganacl|Salt Cure|p1a: Edgelord
|-supereffective|p1a: Edgelord
|-damage|p1a: Edgelord|10/100
|-start|p1a: Edgelord|Salt Cure
|
|-heal|p2a: Garganacl|56/100|[from] item: Leftovers
|-damage|p1a: Edgelord|0 fnt|[from] Salt Cure
|faint|p1a: Edgelord
|upkeep
|
|t:|1743914045
|switch|p1a: Autistic beast|Scizor, M|47/100
|-damage|p1a: Autistic beast|34/100|[from] Stealth Rock
|turn|18
|
|t:|1743914052
|move|p2a: Garganacl|Protect|p2a: Garganacl
|-singleturn|p2a: Garganacl|Protect
|move|p1a: Autistic beast|Close Combat|p2a: Garganacl
|-activate|p2a: Garganacl|move: Protect
|
|-heal|p2a: Garganacl|62/100|[from] item: Leftovers
|upkeep
|turn|19
|
|t:|1743914062
|-terastallize|p2a: Garganacl|Flying
|move|p1a: Autistic beast|Close Combat|p2a: Garganacl
|-resisted|p2a: Garganacl
|-damage|p2a: Garganacl|49/100
|-unboost|p1a: Autistic beast|def|1
|-unboost|p1a: Autistic beast|spd|1
|move|p2a: Garganacl|Salt Cure|p1a: Autistic beast
|-damage|p1a: Autistic beast|13/100
|-start|p1a: Autistic beast|Salt Cure
|
|-heal|p2a: Garganacl|55/100|[from] item: Leftovers
|-damage|p1a: Autistic beast|0 fnt|[from] Salt Cure
|faint|p1a: Autistic beast
|upkeep
|
|t:|1743914074
|switch|p1a: JOHN CENA|Lokix, F|19/100
|turn|20
|
|t:|1743914089
|move|p1a: JOHN CENA|First Impression|p2a: Garganacl
|-resisted|p2a: Garganacl
|-damage|p2a: Garganacl|26/100
|move|p2a: Garganacl|Salt Cure|p1a: JOHN CENA
|-supereffective|p1a: JOHN CENA
|-damage|p1a: JOHN CENA|0 fnt
|faint|p1a: JOHN CENA
|
|-heal|p2a: Garganacl|32/100|[from] item: Leftovers
|upkeep
|
|t:|1743914097
|switch|p1a: Ursaluna 2.0|Heracross, M|82/100 brn
|-damage|p1a: Ursaluna 2.0|70/100 brn|[from] Stealth Rock
|turn|21
|
|t:|1743914104
|-terastallize|p1a: Ursaluna 2.0|Normal
|move|p1a: Ursaluna 2.0|Facade|p2a: Garganacl
|-damage|p2a: Garganacl|0 fnt
|faint|p2a: Garganacl
|
|-damage|p1a: Ursaluna 2.0|64/100 brn|[from] brn
|upkeep
|
|t:|1743914131
|switch|p2a: Great Tusk|Great Tusk|98/100
|-activate|p2a: Great Tusk|move: Sticky Web
|-unboost|p2a: Great Tusk|spe|1
|turn|22
|
|t:|1743914147
|move|p1a: Ursaluna 2.0|Facade|p2a: Great Tusk
|-damage|p2a: Great Tusk|30/100
|move|p2a: Great Tusk|Body Press|p1a: Ursaluna 2.0
|-supereffective|p1a: Ursaluna 2.0
|-damage|p1a: Ursaluna 2.0|0 fnt
|faint|p1a: Ursaluna 2.0
|
|upkeep
|
|t:|1743914153
|switch|p1a: Entry bitch|Kleavor, F|15/100 tox
|-damage|p1a: Entry bitch|0 fnt|[from] Stealth Rock
|faint|p1a: Entry bitch
|
|win|texdexrex
|raw|Jotarochikito's rating: 1078 &rarr; <strong>1057</strong><br />(-21 for losing)
|raw|texdexrex's rating: 1085 &rarr; <strong>1112</strong><br />(+27 for winning)
|c|☆Jotarochikito|gg
|c|☆texdexrex|gg
|l|☆texdexrex
|player|p2|
|l|☆Jotarochikito
|player|p1|
