|j|☆Eee01
|j|☆theredbacon
|t:|1743825824
|gametype|singles
|player|p1|Eee01|170|1510
|player|p2|theredbacon|crasherwake|1507
|teamsize|p1|6
|teamsize|p2|6
|gen|9
|tier|[Gen 9] OU
|rated|
|rule|HP Percentage Mod: HP is shown in percentages
|rule|Endless Battle Clause: Forcing endless battles is banned
|rule|Species Clause: Limit one of each Pokémon
|rule|OHKO Clause: OHKO moves are banned
|rule|Evasion Items Clause: Evasion items are banned
|rule|Evasion Moves Clause: Evasion moves are banned
|rule|Sleep Moves Clause: Sleep-inducing moves are banned
|clearpoke
|poke|p1|Lokix, F|
|poke|p1|Pelipper, M|
|poke|p1|Overqwil, F|
|poke|p1|Iron Treads|
|poke|p1|Barraskewda, M|
|poke|p1|Volcanion|
|poke|p2|Garganacl, M|
|poke|p2|Weezing-Galar, F|
|poke|p2|Corviknight, M|
|poke|p2|Dragapult, M|
|poke|p2|Slowking-Galar, M|
|poke|p2|Samurott-Hisui, F|
|teampreview
|
|t:|1743825856
|start
|switch|p1a: Iron Treads|Iron Treads|100/100
|switch|p2a: Nurse|Weezing-Galar, F|100/100
|-ability|p2a: Nurse|Neutralizing Gas
|turn|1
|
|t:|1743825868
|move|p1a: Iron Treads|Stealth Rock|p2a: Nurse
|-sidestart|p2: theredbacon|move: Stealth Rock
|move|p2a: Nurse|Will-O-Wisp|p1a: Iron Treads
|-status|p1a: Iron Treads|brn
|
|-damage|p1a: Iron Treads|94/100 brn|[from] brn
|upkeep
|turn|2
|
|t:|1743825879
|-end|p1a: Iron Treads|Quark Drive|[silent]
|switch|p1a: Pelipper|Pelipper, M|100/100
|move|p2a: Nurse|Defog|p1a: Pelipper
|-unboost|p1a: Pelipper|evasion|1
|-sideend|p2: theredbacon|Stealth Rock|[from] move: Defog|[of] p2a: Nurse
|
|upkeep
|turn|3
|
|t:|1743825887
|-end|p2a: Nurse|ability: Neutralizing Gas
|-weather|RainDance|[from] ability: Drizzle|[of] p1a: Pelipper
|switch|p2a: Trudeau-king|Slowking-Galar, M|100/100
|move|p1a: Pelipper|Knock Off|p2a: Trudeau-king
|-supereffective|p2a: Trudeau-king
|-damage|p2a: Trudeau-king|75/100
|-enditem|p2a: Trudeau-king|Assault Vest|[from] move: Knock Off|[of] p1a: Pelipper
|
|-weather|RainDance|[upkeep]
|upkeep
|turn|4
|
|t:|1743825903
|move|p1a: Pelipper|U-turn|p2a: Trudeau-king
|-damage|p2a: Trudeau-king|64/100
|
|t:|1743825907
|switch|p1a: Iron Treads|Iron Treads|94/100 brn|[from] U-turn
|-enditem|p1a: Iron Treads|Booster Energy
|-activate|p1a: Iron Treads|ability: Quark Drive|[fromitem]
|-start|p1a: Iron Treads|quarkdrivespe
|move|p2a: Trudeau-king|Sludge Bomb|p1a: Iron Treads
|-immune|p1a: Iron Treads
|
|-weather|RainDance|[upkeep]
|-damage|p1a: Iron Treads|88/100 brn|[from] brn
|upkeep
|turn|5
|
|t:|1743825918
|switch|p2a: Acupuncturist|Samurott-Hisui, F|100/100
|move|p1a: Iron Treads|Stealth Rock|p2a: Acupuncturist
|-sidestart|p2: theredbacon|move: Stealth Rock
|
|-weather|RainDance|[upkeep]
|-damage|p1a: Iron Treads|82/100 brn|[from] brn
|upkeep
|turn|6
|
|t:|1743825942
|-end|p1a: Iron Treads|Quark Drive|[silent]
|switch|p1a: Pelipper|Pelipper, M|100/100
|move|p2a: Acupuncturist|Ceaseless Edge|p1a: Pelipper
|-damage|p1a: Pelipper|57/100
|-sidestart|p1: Eee01|Spikes
|
|-weather|RainDance|[upkeep]
|upkeep
|turn|7
|
|t:|1743825950
|switch|p2a: Trudeau-king|Slowking-Galar, M|97/100
|-damage|p2a: Trudeau-king|85/100|[from] Stealth Rock
|move|p1a: Pelipper|U-turn|p2a: Trudeau-king
|-damage|p2a: Trudeau-king|75/100
|
|t:|1743825963
|switch|p1a: Lokix|Lokix, F|100/100|[from] U-turn
|-damage|p1a: Lokix|88/100|[from] Spikes
|
|-weather|RainDance|[upkeep]
|upkeep
|turn|8
|
|t:|1743825971
|switch|p2a: Plague Doctor|Corviknight, M|100/100
|-damage|p2a: Plague Doctor|88/100|[from] Stealth Rock
|-ability|p2a: Plague Doctor|Pressure
|move|p1a: Lokix|Knock Off|p2a: Plague Doctor
|-damage|p2a: Plague Doctor|45/100
|-damage|p1a: Lokix|72/100|[from] item: Rocky Helmet|[of] p2a: Plague Doctor
|-enditem|p2a: Plague Doctor|Rocky Helmet|[from] move: Knock Off|[of] p1a: Lokix
|
|-weather|RainDance|[upkeep]
|upkeep
|turn|9
|
|t:|1743825984
|switch|p1a: Volcanion|Volcanion|100/100
|-damage|p1a: Volcanion|88/100|[from] Spikes
|move|p2a: Plague Doctor|Roost|p2a: Plague Doctor
|-heal|p2a: Plague Doctor|95/100
|-singleturn|p2a: Plague Doctor|move: Roost
|
|-weather|RainDance|[upkeep]
|upkeep
|turn|10
|
|t:|1743825993
|switch|p2a: Trudeau-king|Slowking-Galar, M|100/100
|-damage|p2a: Trudeau-king|88/100|[from] Stealth Rock
|move|p1a: Volcanion|Steam Eruption|p2a: Trudeau-king
|-damage|p2a: Trudeau-king|0 fnt
|faint|p2a: Trudeau-king
|
|-weather|none
|upkeep
|
|t:|1743826004
|switch|p2a: Acupuncturist|Samurott-Hisui, F|100/100
|-damage|p2a: Acupuncturist|88/100|[from] Stealth Rock
|turn|11
|
|t:|1743826018
|switch|p1a: Lokix|Lokix, F|72/100
|-damage|p1a: Lokix|59/100|[from] Spikes
|move|p2a: Acupuncturist|Ceaseless Edge|p1a: Lokix
|-resisted|p1a: Lokix
|-damage|p1a: Lokix|26/100
|-sidestart|p1: Eee01|Spikes
|
|upkeep
|turn|12
|
|t:|1743826031
|switch|p2a: Plague Doctor|Corviknight, M|95/100
|-damage|p2a: Plague Doctor|83/100|[from] Stealth Rock
|-ability|p2a: Plague Doctor|Pressure
|move|p1a: Lokix|U-turn|p2a: Plague Doctor
|-resisted|p2a: Plague Doctor
|-damage|p2a: Plague Doctor|67/100
|
|t:|1743826039
|switch|p1a: Pelipper|Pelipper, M|57/100|[from] U-turn
|-weather|RainDance|[from] ability: Drizzle|[of] p1a: Pelipper
|
|-weather|RainDance|[upkeep]
|upkeep
|turn|13
|
|t:|1743826050
|move|p2a: Plague Doctor|Body Press|p1a: Pelipper
|-resisted|p1a: Pelipper
|-damage|p1a: Pelipper|45/100
|move|p1a: Pelipper|U-turn|p2a: Plague Doctor
|-resisted|p2a: Plague Doctor
|-damage|p2a: Plague Doctor|66/100
|
|t:|1743826058
|switch|p1a: Volcanion|Volcanion|88/100|[from] U-turn
|-damage|p1a: Volcanion|72/100|[from] Spikes
|
|-weather|RainDance|[upkeep]
|upkeep
|turn|14
|
|t:|1743826087
|move|p1a: Volcanion|Steam Eruption|p2a: Plague Doctor
|-damage|p2a: Plague Doctor|0 fnt
|faint|p2a: Plague Doctor
|
|-weather|RainDance|[upkeep]
|upkeep
|
|t:|1743826096
|switch|p2a: Acupuncturist|Samurott-Hisui, F|88/100
|-damage|p2a: Acupuncturist|76/100|[from] Stealth Rock
|turn|15
|
|t:|1743826108
|switch|p1a: Iron Treads|Iron Treads|82/100 brn
|-damage|p1a: Iron Treads|65/100 brn|[from] Spikes
|move|p2a: Acupuncturist|Ceaseless Edge|p1a: Iron Treads
|-damage|p1a: Iron Treads|26/100 brn
|-sidestart|p1: Eee01|Spikes
|
|-weather|RainDance|[upkeep]
|-damage|p1a: Iron Treads|20/100 brn|[from] brn
|upkeep
|turn|16
|
|t:|1743826125
|-end|p1a: Iron Treads|Quark Drive|[silent]
|switch|p1a: Lokix|Lokix, F|26/100
|-damage|p1a: Lokix|1/100|[from] Spikes
|move|p2a: Acupuncturist|Ceaseless Edge|p1a: Lokix|[miss]
|-miss|p2a: Acupuncturist|p1a: Lokix
|
|-weather|RainDance|[upkeep]
|upkeep
|turn|17
|
|t:|1743826136
|move|p1a: Lokix|First Impression|p2a: Acupuncturist
|-supereffective|p2a: Acupuncturist
|-damage|p2a: Acupuncturist|0 fnt
|faint|p2a: Acupuncturist
|
|-weather|RainDance|[upkeep]
|upkeep
|
|t:|1743826142
|switch|p2a: Specialist|Dragapult, M|100/100
|turn|18
|
|t:|1743826172
|switch|p1a: Iron Treads|Iron Treads|20/100 brn
|-damage|p1a: Iron Treads|0 fnt|[from] Spikes
|faint|p1a: Iron Treads
|-end|p1a: Iron Treads|Quark Drive|[silent]
|move|p2a: Specialist|U-turn|p1: Iron Treads|[notarget]
|-fail|p2a: Specialist
|
|-weather|RainDance|[upkeep]
|upkeep
|
|t:|1743826185
|switch|p1a: Overqwil|Overqwil, F|100/100
|-damage|p1a: Overqwil|76/100|[from] Spikes
|turn|19
|
|t:|1743826218
|switch|p2a: Nurse|Weezing-Galar, F|100/100
|-ability|p2a: Nurse|Neutralizing Gas
|-damage|p2a: Nurse|88/100|[from] Stealth Rock
|move|p1a: Overqwil|Crunch|p2a: Nurse
|-resisted|p2a: Nurse
|-damage|p2a: Nurse|72/100
|-unboost|p2a: Nurse|def|1
|-damage|p1a: Overqwil|66/100|[from] item: Life Orb
|
|-weather|none
|-heal|p2a: Nurse|78/100|[from] item: Black Sludge
|upkeep
|turn|20
|
|t:|1743826232
|move|p1a: Overqwil|Taunt|p2a: Nurse
|-start|p2a: Nurse|move: Taunt
|cant|p2a: Nurse|move: Taunt|Will-O-Wisp
|
|-heal|p2a: Nurse|84/100|[from] item: Black Sludge
|upkeep
|turn|21
|
|t:|1743826253
|switch|p1a: Pelipper|Pelipper, M|45/100
|move|p2a: Nurse|Strange Steam|p1a: Pelipper
|-damage|p1a: Pelipper|18/100
|
|-heal|p2a: Nurse|90/100|[from] item: Black Sludge
|upkeep
|turn|22
|
|t:|1743826274
|switch|p1a: Lokix|Lokix, F|1/100
|-damage|p1a: Lokix|0 fnt|[from] Spikes
|faint|p1a: Lokix
|move|p2a: Nurse|Strange Steam|p1: Lokix|[notarget]
|-fail|p2a: Nurse
|
|-heal|p2a: Nurse|96/100|[from] item: Black Sludge
|-end|p2a: Nurse|move: Taunt
|upkeep
|
|t:|1743826280
|switch|p1a: Volcanion|Volcanion|72/100
|-damage|p1a: Volcanion|47/100|[from] Spikes
|turn|23
|
|t:|1743826292
|move|p1a: Volcanion|Earth Power|p2a: Nurse
|-supereffective|p2a: Nurse
|-damage|p2a: Nurse|0 fnt
|faint|p2a: Nurse
|-end|p2a: Nurse|ability: Neutralizing Gas
|
|upkeep
|
|t:|1743826295
|switch|p2a: Specialist|Dragapult, M|100/100
|turn|24
|
|t:|1743826314
|switch|p1a: Pelipper|Pelipper, M|18/100
|-weather|RainDance|[from] ability: Drizzle|[of] p1a: Pelipper
|move|p2a: Specialist|Dragon Darts|p1a: Pelipper
|-damage|p1a: Pelipper|0 fnt
|faint|p1a: Pelipper
|
|-weather|RainDance|[upkeep]
|upkeep
|
|t:|1743826321
|switch|p1a: Overqwil|Overqwil, F|66/100
|-damage|p1a: Overqwil|41/100|[from] Spikes
|turn|25
|
|t:|1743826336
|move|p1a: Overqwil|Crunch|p2a: Specialist
|-supereffective|p2a: Specialist
|-damage|p2a: Specialist|0 fnt
|faint|p2a: Specialist
|-damage|p1a: Overqwil|31/100|[from] item: Life Orb
|
|-weather|RainDance|[upkeep]
|upkeep
|
|t:|1743826338
|switch|p2a: Dr. Garg|Garganacl, M|100/100
|-damage|p2a: Dr. Garg|88/100|[from] Stealth Rock
|turn|26
|
|t:|1743826343
|move|p2a: Dr. Garg|Protect|p2a: Dr. Garg
|-singleturn|p2a: Dr. Garg|Protect
|move|p1a: Overqwil|Taunt|p2a: Dr. Garg
|-activate|p2a: Dr. Garg|move: Protect
|
|-weather|RainDance|[upkeep]
|-heal|p2a: Dr. Garg|94/100|[from] item: Leftovers
|upkeep
|turn|27
|
|t:|1743826348
|-terastallize|p2a: Dr. Garg|Fairy
|move|p1a: Overqwil|Taunt|p2a: Dr. Garg
|-start|p2a: Dr. Garg|move: Taunt
|move|p2a: Dr. Garg|Salt Cure|p1a: Overqwil
|-damage|p1a: Overqwil|15/100
|-start|p1a: Overqwil|Salt Cure
|
|-weather|RainDance|[upkeep]
|-heal|p2a: Dr. Garg|100/100|[from] item: Leftovers
|-damage|p1a: Overqwil|3/100|[from] Salt Cure
|upkeep
|turn|28
|
|t:|1743826359
|move|p1a: Overqwil|Destiny Bond|p1a: Overqwil
|-singlemove|p1a: Overqwil|Destiny Bond
|move|p2a: Dr. Garg|Salt Cure|p1a: Overqwil
|-damage|p1a: Overqwil|0 fnt
|faint|p1a: Overqwil
|-activate|p1a: Overqwil|move: Destiny Bond
|faint|p2a: Dr. Garg
|
|win|Eee01
|raw|Eee01's rating: 1510 &rarr; <strong>1530</strong><br />(+20 for winning)
|raw|theredbacon's rating: 1507 &rarr; <strong>1487</strong><br />(-20 for losing)
|l|☆theredbacon
|player|p2|
|l|☆Eee01
|player|p1|
