|j|☆Brucey_Bruce
|j|☆Ashina Splints
|t:|1743880824
|gametype|singles
|player|p1|Brucey_Bruce|rosa|1452
|player|p2|Ashina Splints|gentleman-gen4|1490
|teamsize|p1|6
|teamsize|p2|6
|gen|9
|tier|[Gen 9] OU
|rated|
|rule|HP Percentage Mod: HP is shown in percentages
|rule|Endless Battle Clause: Forcing endless battles is banned
|rule|Species Clause: Limit one of each Pokémon
|rule|OHKO Clause: OHKO moves are banned
|rule|Evasion Items Clause: Evasion items are banned
|rule|Evasion Moves Clause: Evasion moves are banned
|rule|Sleep Moves Clause: Sleep-inducing moves are banned
|clearpoke
|poke|p1|Ogerpon-Wellspring, F|
|poke|p1|Zamazenta-*|
|poke|p1|Iron Treads|
|poke|p1|Iron Jugulis|
|poke|p1|Dragonite, M|
|poke|p1|Iron Valiant|
|poke|p2|Great Tusk|
|poke|p2|Landorus-Therian, M|
|poke|p2|Slowking-Galar, M|
|poke|p2|Ogerpon-Wellspring, F|
|poke|p2|Raging Bolt|
|poke|p2|Kingambit, F|
|teampreview
|inactive|Battle timer is ON: inactive players will automatically lose when time's up. (requested by Ashina Splints)
|inactive|Brucey_Bruce has 120 seconds left.
|
|t:|1743880857
|start
|switch|p1a: Ogerpon|Ogerpon-Wellspring, F|100/100
|switch|p2a: Landorus|Landorus-Therian, M|100/100
|-ability|p2a: Landorus|Intimidate|boost
|-unboost|p1a: Ogerpon|atk|1
|turn|1
|
|t:|1743880865
|move|p2a: Landorus|U-turn|p1a: Ogerpon
|-supereffective|p1a: Ogerpon
|-damage|p1a: Ogerpon|26/100
|
|t:|1743880869
|switch|p2a: Ogerpon|Ogerpon-Wellspring, F|100/100|[from] U-turn
|move|p1a: Ogerpon|Ivy Cudgel|p2a: Ogerpon|[anim] Ivy Cudgel Water
|-immune|p2a: Ogerpon|[from] ability: Water Absorb
|
|upkeep
|turn|2
|
|t:|1743880878
|switch|p1a: Zamazenta|Zamazenta|100/100
|-ability|p1a: Zamazenta|Dauntless Shield|boost
|-boost|p1a: Zamazenta|def|1
|move|p2a: Ogerpon|U-turn|p1a: Zamazenta
|-resisted|p1a: Zamazenta
|-damage|p1a: Zamazenta|92/100
|
|t:|1743880884
|switch|p2a: Slowking|Slowking-Galar, M|100/100|[from] U-turn
|
|upkeep
|turn|3
|
|t:|1743880890
|move|p1a: Zamazenta|Crunch|p2a: Slowking
|-supereffective|p2a: Slowking
|-damage|p2a: Slowking|45/100
|move|p2a: Slowking|Sludge Bomb|p1a: Zamazenta
|-damage|p1a: Zamazenta|63/100
|
|upkeep
|turn|4
|
|t:|1743880896
|switch|p2a: Landorus|Landorus-Therian, M|100/100
|-ability|p2a: Landorus|Intimidate|boost
|-unboost|p1a: Zamazenta|atk|1
|move|p1a: Zamazenta|Crunch|p2a: Landorus
|-damage|p2a: Landorus|71/100
|
|upkeep
|turn|5
|
|t:|1743880909
|switch|p1a: Iron Treads|Iron Treads|100/100
|-enditem|p1a: Iron Treads|Booster Energy
|-activate|p1a: Iron Treads|ability: Quark Drive|[fromitem]
|-start|p1a: Iron Treads|quarkdrivespe
|move|p2a: Landorus|U-turn|p1a: Iron Treads
|-resisted|p1a: Iron Treads
|-damage|p1a: Iron Treads|88/100
|
|t:|1743880913
|switch|p2a: Great Tusk|Great Tusk|100/100|[from] U-turn
|
|upkeep
|turn|6
|inactive|Brucey_Bruce has 120 seconds left.
|
|t:|1743880958
|move|p1a: Iron Treads|Earth Power|p2a: Great Tusk
|-damage|p2a: Great Tusk|57/100
|move|p2a: Great Tusk|Headlong Rush|p1a: Iron Treads
|-supereffective|p1a: Iron Treads
|-crit|p1a: Iron Treads
|-damage|p1a: Iron Treads|0 fnt
|-unboost|p2a: Great Tusk|def|1
|-unboost|p2a: Great Tusk|spd|1
|faint|p1a: Iron Treads
|-end|p1a: Iron Treads|Quark Drive|[silent]
|
|upkeep
|
|t:|1743880966
|switch|p1a: Dragonite|Dragonite, M|100/100
|turn|7
|
|t:|1743880979
|move|p2a: Great Tusk|Ice Spinner|p1a: Dragonite
|-supereffective|p1a: Dragonite
|-damage|p1a: Dragonite|48/100
|move|p1a: Dragonite|Dragon Dance|p1a: Dragonite
|-boost|p1a: Dragonite|atk|1
|-boost|p1a: Dragonite|spe|1
|
|upkeep
|turn|8
|inactive|Brucey_Bruce has 90 seconds left.
|inactive|Brucey_Bruce has 60 seconds left.
|
|t:|1743881046
|-end|p2a: Great Tusk|Protosynthesis|[silent]
|switch|p2a: Landorus|Landorus-Therian, M|71/100
|-ability|p2a: Landorus|Intimidate|boost
|-unboost|p1a: Dragonite|atk|1
|move|p1a: Dragonite|Fire Punch|p2a: Landorus
|-damage|p2a: Landorus|40/100
|-status|p2a: Landorus|brn
|
|-damage|p2a: Landorus|33/100 brn|[from] brn
|upkeep
|turn|9
|inactive|Brucey_Bruce has 30 seconds left.
|
|t:|1743881081
|move|p1a: Dragonite|Extreme Speed|p2a: Landorus
|-damage|p2a: Landorus|0 fnt
|faint|p2a: Landorus
|
|upkeep
|
|t:|1743881084
|switch|p2a: Great Tusk|Great Tusk|57/100
|turn|10
|inactive|Brucey_Bruce has 30 seconds left.
|inactive|Brucey_Bruce has 20 seconds left.
|inactive|Brucey_Bruce has 15 seconds left.
|inactive|Brucey_Bruce has 10 seconds left.
|
|t:|1743881121
|move|p1a: Dragonite|Extreme Speed|p2a: Great Tusk
|-damage|p2a: Great Tusk|39/100
|-damage|p1a: Dragonite|31/100|[from] item: Rocky Helmet|[of] p2a: Great Tusk
|move|p2a: Great Tusk|Ice Spinner|p1a: Dragonite
|-supereffective|p1a: Dragonite
|-damage|p1a: Dragonite|0 fnt
|faint|p1a: Dragonite
|
|upkeep
|inactive|Brucey_Bruce has 15 seconds left this turn.
|inactive|Brucey_Bruce has 10 seconds left.
|
|t:|1743881127
|switch|p1a: Iron Valiant|Iron Valiant|100/100
|-enditem|p1a: Iron Valiant|Booster Energy
|-activate|p1a: Iron Valiant|ability: Quark Drive|[fromitem]
|-start|p1a: Iron Valiant|quarkdrivespe
|turn|11
|inactive|Brucey_Bruce has 20 seconds left this turn.
|inactive|Brucey_Bruce has 15 seconds left.
|
|t:|1743881136
|move|p1a: Iron Valiant|Calm Mind|p1a: Iron Valiant
|-boost|p1a: Iron Valiant|spa|1
|-boost|p1a: Iron Valiant|spd|1
|move|p2a: Great Tusk|Headlong Rush|p1a: Iron Valiant
|-damage|p1a: Iron Valiant|31/100
|-unboost|p2a: Great Tusk|def|1
|-unboost|p2a: Great Tusk|spd|1
|
|upkeep
|turn|12
|inactive|Brucey_Bruce has 25 seconds left this turn.
|inactive|Brucey_Bruce has 20 seconds left.
|
|t:|1743881143
|move|p1a: Iron Valiant|Shadow Ball|p2a: Great Tusk
|-damage|p2a: Great Tusk|0 fnt
|faint|p2a: Great Tusk
|-end|p2a: Great Tusk|Protosynthesis|[silent]
|
|upkeep
|inactive|Brucey_Bruce has 25 seconds left this turn.
|
|t:|1743881148
|switch|p2a: Raging Bolt|Raging Bolt|100/100
|-enditem|p2a: Raging Bolt|Booster Energy
|-activate|p2a: Raging Bolt|ability: Protosynthesis|[fromitem]
|-start|p2a: Raging Bolt|protosynthesisspa
|turn|13
|inactive|Brucey_Bruce has 30 seconds left.
|
|t:|1743881154
|move|p2a: Raging Bolt|Thunderclap||[still]
|-fail|p2a: Raging Bolt
|move|p1a: Iron Valiant|Calm Mind|p1a: Iron Valiant
|-boost|p1a: Iron Valiant|spa|1
|-boost|p1a: Iron Valiant|spd|1
|
|upkeep
|turn|14
|
|t:|1743881161
|-end|p2a: Raging Bolt|Protosynthesis|[silent]
|switch|p2a: Slowking|Slowking-Galar, M|78/100
|move|p1a: Iron Valiant|Encore||[still]
|-fail|p1a: Iron Valiant
|
|upkeep
|turn|15
|
|t:|1743881166
|-terastallize|p2a: Slowking|Water
|move|p1a: Iron Valiant|Shadow Ball|p2a: Slowking
|-damage|p2a: Slowking|50/100
|-unboost|p2a: Slowking|spd|1
|move|p2a: Slowking|Sludge Bomb|p1a: Iron Valiant
|-supereffective|p1a: Iron Valiant
|-damage|p1a: Iron Valiant|0 fnt
|faint|p1a: Iron Valiant
|-end|p1a: Iron Valiant|Quark Drive|[silent]
|
|upkeep
|
|t:|1743881175
|switch|p1a: Zamazenta|Zamazenta|63/100
|turn|16
|inactive|Ashina Splints has 120 seconds left.
|
|t:|1743881213
|switch|p2a: Ogerpon|Ogerpon-Wellspring, F|100/100
|move|p1a: Zamazenta|Close Combat|p2a: Ogerpon
|-damage|p2a: Ogerpon|0 fnt
|-unboost|p1a: Zamazenta|def|1
|-unboost|p1a: Zamazenta|spd|1
|faint|p2a: Ogerpon
|
|upkeep
|
|t:|1743881219
|switch|p2a: Raging Bolt|Raging Bolt|100/100
|turn|17
|inactive|Brucey_Bruce has 60 seconds left.
|
|t:|1743881232
|move|p1a: Zamazenta|Close Combat|p2a: Raging Bolt
|-damage|p2a: Raging Bolt|25/100
|-unboost|p1a: Zamazenta|def|1
|-unboost|p1a: Zamazenta|spd|1
|move|p2a: Raging Bolt|Thunderbolt|p1a: Zamazenta
|-damage|p1a: Zamazenta|0 fnt
|faint|p1a: Zamazenta
|
|upkeep
|
|t:|1743881242
|switch|p1a: Iron Jugulis|Iron Jugulis|100/100
|turn|18
|
|t:|1743881268
|-end|p2a: Raging Bolt|Protosynthesis|[silent]
|switch|p2a: Slowking|Slowking-Galar, M, tera:Water|83/100
|-terastallize|p1a: Iron Jugulis|Ground
|move|p1a: Iron Jugulis|Earth Power|p2a: Slowking
|-damage|p2a: Slowking|60/100
|
|upkeep
|turn|19
|inactive|Ashina Splints has 120 seconds left.
|
|t:|1743881299
|-end|p1a: Iron Jugulis|Quark Drive|[silent]
|switch|p1a: Ogerpon|Ogerpon-Wellspring, F|26/100
|move|p2a: Slowking|Psyshock|p1a: Ogerpon
|-damage|p1a: Ogerpon|0 fnt
|faint|p1a: Ogerpon
|
|upkeep
|
|t:|1743881301
|switch|p1a: Iron Jugulis|Iron Jugulis, tera:Ground|100/100
|turn|20
|
|t:|1743881306
|switch|p2a: Raging Bolt|Raging Bolt|25/100
|move|p1a: Iron Jugulis|Meteor Beam||[still]
|-prepare|p1a: Iron Jugulis|Meteor Beam
|-boost|p1a: Iron Jugulis|spa|1
|-enditem|p1a: Iron Jugulis|Power Herb
|-anim|p1a: Iron Jugulis|Meteor Beam|p2a: Raging Bolt
|-damage|p2a: Raging Bolt|0 fnt
|faint|p2a: Raging Bolt
|-end|p2a: Raging Bolt|Protosynthesis|[silent]
|
|upkeep
|
|t:|1743881309
|switch|p2a: Slowking|Slowking-Galar, M, tera:Water|93/100
|turn|21
|inactive|Brucey_Bruce has 60 seconds left.
|
|t:|1743881315
|move|p1a: Iron Jugulis|Dark Pulse|p2a: Slowking
|-damage|p2a: Slowking|63/100
|move|p2a: Slowking|Psyshock|p1a: Iron Jugulis
|-damage|p1a: Iron Jugulis|67/100
|
|upkeep
|turn|22
|
|t:|1743881333
|move|p1a: Iron Jugulis|Dark Pulse|p2a: Slowking
|-damage|p2a: Slowking|34/100
|move|p2a: Slowking|Psyshock|p1a: Iron Jugulis
|-damage|p1a: Iron Jugulis|35/100
|
|upkeep
|turn|23
|c|☆Brucey_Bruce|gg I lost
|
|t:|1743881344
|move|p1a: Iron Jugulis|Dark Pulse|p2a: Slowking
|-damage|p2a: Slowking|6/100
|move|p2a: Slowking|Future Sight|p1a: Iron Jugulis
|-start|p2a: Slowking|move: Future Sight
|
|upkeep
|turn|24
|c|☆Ashina Splints|ggs
|
|t:|1743881349
|switch|p2a: Kingambit|Kingambit, F|100/100
|-activate|p2a: Kingambit|ability: Supreme Overlord
|-start|p2a: Kingambit|fallen4|[silent]
|move|p1a: Iron Jugulis|Dark Pulse|p2a: Kingambit
|-resisted|p2a: Kingambit
|-damage|p2a: Kingambit|71/100
|
|-heal|p2a: Kingambit|77/100|[from] item: Leftovers
|upkeep
|turn|25
|inactive|Brucey_Bruce has 90 seconds left.
|
|t:|1743881355
|move|p2a: Kingambit|Sucker Punch|p1a: Iron Jugulis
|-damage|p1a: Iron Jugulis|0 fnt
|faint|p1a: Iron Jugulis
|-end|p1a: Iron Jugulis|Quark Drive|[silent]
|
|win|Ashina Splints
|raw|Brucey_Bruce's rating: 1452 &rarr; <strong>1434</strong><br />(-18 for losing)
|raw|Ashina Splints's rating: 1490 &rarr; <strong>1508</strong><br />(+18 for winning)
|l|☆Ashina Splints
|player|p2|
|l|☆Brucey_Bruce
|player|p1|
