|j|☆qwqwqqw
|j|☆Goobler34
|t:|1743833232
|gametype|singles
|player|p1|qwqwqqw|101|1282
|player|p2|Goobler34|petrel|1316
|teamsize|p1|6
|teamsize|p2|6
|gen|9
|tier|[Gen 9] OU
|rated|
|rule|HP Percentage Mod: HP is shown in percentages
|rule|Endless Battle Clause: Forcing endless battles is banned
|rule|Species Clause: Limit one of each Pokémon
|rule|OHKO Clause: OHKO moves are banned
|rule|Evasion Items Clause: Evasion items are banned
|rule|Evasion Moves Clause: Evasion moves are banned
|rule|Sleep Moves Clause: Sleep-inducing moves are banned
|clearpoke
|poke|p1|Darkrai|
|poke|p1|Zamazenta-*|
|poke|p1|Zapdos|
|poke|p1|Gliscor, M|
|poke|p1|Slowking-Galar, F|
|poke|p1|Cinderace, F|
|poke|p2|Greninja-*, M|
|poke|p2|Kleavor, M|
|poke|p2|Glimmora, F|
|poke|p2|Quagsire, F|
|poke|p2|Conkeldurr, F|
|poke|p2|Mismagius, F|
|teampreview
|
|t:|1743833274
|start
|switch|p1a: Darkrai|Darkrai|100/100
|switch|p2a: Kleavor|Kleavor, M|100/100
|turn|1
|
|t:|1743833295
|move|p2a: Kleavor|U-turn|p1a: Darkrai
|-supereffective|p1a: Darkrai
|-damage|p1a: Darkrai|7/100
|
|t:|1743833301
|switch|p2a: Conkeldurr|Conkeldurr, F|100/100|[from] U-turn
|move|p1a: Darkrai|Dark Pulse|p2a: Conkeldurr
|-resisted|p2a: Conkeldurr
|-damage|p2a: Conkeldurr|85/100
|
|upkeep
|turn|2
|
|t:|1743833309
|switch|p1a: Zapdos|Zapdos|100/100
|move|p2a: Conkeldurr|Mach Punch|p1a: Zapdos
|-resisted|p1a: Zapdos
|-damage|p1a: Zapdos|87/100
|
|upkeep
|turn|3
|
|t:|1743833317
|move|p1a: Zapdos|Hurricane|p2a: Conkeldurr|[miss]
|-miss|p1a: Zapdos|p2a: Conkeldurr
|move|p2a: Conkeldurr|Knock Off|p1a: Zapdos
|-damage|p1a: Zapdos|41/100
|-enditem|p1a: Zapdos|Heavy-Duty Boots|[from] move: Knock Off|[of] p2a: Conkeldurr
|
|upkeep
|turn|4
|
|t:|1743833323
|move|p1a: Zapdos|Hurricane|p2a: Conkeldurr
|-supereffective|p2a: Conkeldurr
|-damage|p2a: Conkeldurr|0 fnt
|faint|p2a: Conkeldurr
|
|upkeep
|
|t:|1743833331
|switch|p2a: Kleavor|Kleavor, M|100/100
|turn|5
|
|t:|1743833346
|switch|p1a: Gliscor|Gliscor, M|100/100
|move|p2a: Kleavor|Stone Axe|p1a: Gliscor
|-damage|p1a: Gliscor|62/100
|-sidestart|p1: qwqwqqw|move: Stealth Rock
|
|-status|p1a: Gliscor|tox|[from] item: Toxic Orb
|upkeep
|turn|6
|
|t:|1743833351
|move|p2a: Kleavor|Stone Axe|p1a: Gliscor
|-damage|p1a: Gliscor|21/100 tox
|move|p1a: Gliscor|Stealth Rock|p2a: Kleavor
|-sidestart|p2: Goobler34|move: Stealth Rock
|
|-heal|p1a: Gliscor|34/100 tox|[from] ability: Poison Heal
|upkeep
|turn|7
|
|t:|1743833380
|move|p1a: Gliscor|Protect|p1a: Gliscor
|-singleturn|p1a: Gliscor|Protect
|move|p2a: Kleavor|Stone Axe|p1a: Gliscor
|-activate|p1a: Gliscor|move: Protect
|
|-heal|p1a: Gliscor|46/100 tox|[from] ability: Poison Heal
|upkeep
|turn|8
|
|t:|1743833384
|switch|p1a: Zamazenta|Zamazenta|100/100
|-damage|p1a: Zamazenta|94/100|[from] Stealth Rock
|-ability|p1a: Zamazenta|Dauntless Shield|boost
|-boost|p1a: Zamazenta|def|1
|move|p2a: Kleavor|Stone Axe|p1a: Zamazenta
|-resisted|p1a: Zamazenta
|-damage|p1a: Zamazenta|78/100
|
|upkeep
|turn|9
|
|t:|1743833410
|switch|p2a: Quagsire|Quagsire, F|100/100
|move|p1a: Zamazenta|Iron Head|p2a: Quagsire
|-resisted|p2a: Quagsire
|-damage|p2a: Quagsire|86/100
|
|upkeep
|turn|10
|
|t:|1743833424
|switch|p1a: Zapdos|Zapdos|41/100
|-damage|p1a: Zapdos|16/100|[from] Stealth Rock
|move|p2a: Quagsire|Spikes|p1a: Zapdos
|-sidestart|p1: qwqwqqw|Spikes
|
|upkeep
|turn|11
|
|t:|1743833431
|move|p1a: Zapdos|Hurricane|p2a: Quagsire|[miss]
|-miss|p1a: Zapdos|p2a: Quagsire
|move|p2a: Quagsire|Spikes|p1a: Zapdos
|-sidestart|p1: qwqwqqw|Spikes
|
|upkeep
|turn|12
|
|t:|1743833444
|switch|p2a: Mismagius|Mismagius, F|100/100
|-damage|p2a: Mismagius|88/100|[from] Stealth Rock
|move|p1a: Zapdos|Hurricane|p2a: Mismagius|[miss]
|-miss|p1a: Zapdos|p2a: Mismagius
|
|upkeep
|turn|13
|
|t:|1743833448
|move|p2a: Mismagius|Shadow Ball|p1a: Zapdos
|-damage|p1a: Zapdos|0 fnt
|faint|p1a: Zapdos
|
|upkeep
|
|t:|1743833452
|switch|p1a: Cinderace|Cinderace, F|100/100
|turn|14
|
|t:|1743833477
|move|p1a: Cinderace|Court Change|p1a: Cinderace
|-swapsideconditions
|-activate|p1a: Cinderace|move: Court Change
|move|p2a: Mismagius|Shadow Ball|p1a: Cinderace
|-damage|p1a: Cinderace|50/100
|
|upkeep
|turn|15
|
|t:|1743833486
|move|p1a: Cinderace|Pyro Ball|p2a: Mismagius
|-damage|p2a: Mismagius|0 fnt
|faint|p2a: Mismagius
|
|upkeep
|inactive|Battle timer is ON: inactive players will automatically lose when time's up. (requested by qwqwqqw)
|
|t:|1743833502
|switch|p2a: Quagsire|Quagsire, F|86/100
|turn|16
|
|t:|1743833527
|move|p1a: Cinderace|Super Fang|p2a: Quagsire
|-damage|p2a: Quagsire|43/100
|move|p2a: Quagsire|Spikes|p1a: Cinderace
|-sidestart|p1: qwqwqqw|Spikes
|
|upkeep
|turn|17
|
|t:|1743833532
|move|p1a: Cinderace|U-turn|p2a: Quagsire
|-damage|p2a: Quagsire|28/100
|inactive|qwqwqqw has 120 seconds left.
|
|t:|1743833565
|switch|p1a: Zamazenta|Zamazenta|78/100|[from] U-turn
|-damage|p1a: Zamazenta|72/100|[from] Stealth Rock
|-damage|p1a: Zamazenta|60/100|[from] Spikes
|move|p2a: Quagsire|Recover|p2a: Quagsire
|-heal|p2a: Quagsire|78/100
|
|upkeep
|turn|18
|
|t:|1743833572
|move|p1a: Zamazenta|Close Combat|p2a: Quagsire
|-damage|p2a: Quagsire|20/100
|-unboost|p1a: Zamazenta|def|1
|-unboost|p1a: Zamazenta|spd|1
|move|p2a: Quagsire|Spikes|p1a: Zamazenta
|-sidestart|p1: qwqwqqw|Spikes
|
|upkeep
|turn|19
|
|t:|1743833578
|move|p1a: Zamazenta|Close Combat|p2a: Quagsire
|-damage|p2a: Quagsire|0 fnt
|-unboost|p1a: Zamazenta|def|1
|-unboost|p1a: Zamazenta|spd|1
|faint|p2a: Quagsire
|
|upkeep
|
|t:|1743833595
|switch|p2a: Greninja|Greninja, M|100/100
|-damage|p2a: Greninja|88/100|[from] Stealth Rock
|-damage|p2a: Greninja|72/100|[from] Spikes
|turn|20
|
|t:|1743833601
|-terastallize|p2a: Greninja|Water
|move|p2a: Greninja|Water Shuriken|p1a: Zamazenta
|-damage|p1a: Zamazenta|36/100
|-damage|p1a: Zamazenta|13/100
|-damage|p1a: Zamazenta|0 fnt
|faint|p1a: Zamazenta
|-ability|p2a: Greninja|Battle Bond|boost
|-boost|p2a: Greninja|atk|1
|-boost|p2a: Greninja|spa|1
|-boost|p2a: Greninja|spe|1
|-activate|p2a: Greninja|ability: Battle Bond
|-hitcount|p1: Zamazenta|3
|-damage|p2a: Greninja|62/100|[from] item: Life Orb
|
|upkeep
|
|t:|1743833606
|switch|p1a: Slowking|Slowking-Galar, F|100/100
|turn|21
|
|t:|1743833609
|move|p2a: Greninja|Dark Pulse|p1a: Slowking
|-supereffective|p1a: Slowking
|-damage|p1a: Slowking|4/100
|-damage|p2a: Greninja|52/100|[from] item: Life Orb
|move|p1a: Slowking|Psychic Noise|p2a: Greninja
|-damage|p2a: Greninja|4/100
|-start|p2a: Greninja|move: Heal Block
|
|upkeep
|turn|22
|
|t:|1743833617
|switch|p1a: Cinderace|Cinderace, F|50/100
|move|p2a: Greninja|Surf|p1a: Cinderace
|-supereffective|p1a: Cinderace
|-damage|p1a: Cinderace|0 fnt
|faint|p1a: Cinderace
|-damage|p2a: Greninja|0 fnt|[from] item: Life Orb
|faint|p2a: Greninja
|
|upkeep
|
|t:|1743833624
|switch|p2a: Kleavor|Kleavor, M|100/100
|switch|p1a: Gliscor|Gliscor, M|46/100 tox
|-damage|p2a: Kleavor|76/100|[from] Stealth Rock
|-damage|p2a: Kleavor|59/100|[from] Spikes
|-damage|p1a: Gliscor|34/100 tox|[from] Stealth Rock
|turn|23
|
|t:|1743833631
|move|p1a: Gliscor|Protect|p1a: Gliscor
|-singleturn|p1a: Gliscor|Protect
|move|p2a: Kleavor|Stone Axe|p1a: Gliscor
|-activate|p1a: Gliscor|move: Protect
|
|-heal|p1a: Gliscor|46/100 tox|[from] ability: Poison Heal
|upkeep
|turn|24
|
|t:|1743833637
|move|p2a: Kleavor|Stone Axe|p1a: Gliscor
|-damage|p1a: Gliscor|5/100 tox
|move|p1a: Gliscor|Knock Off|p2a: Kleavor
|-crit|p2a: Kleavor
|-damage|p2a: Kleavor|18/100
|-enditem|p2a: Kleavor|Choice Scarf|[from] move: Knock Off|[of] p1a: Gliscor
|
|-heal|p1a: Gliscor|17/100 tox|[from] ability: Poison Heal
|upkeep
|turn|25
|
|t:|1743833643
|move|p1a: Gliscor|Protect|p1a: Gliscor
|-singleturn|p1a: Gliscor|Protect
|move|p2a: Kleavor|Stone Axe|p1a: Gliscor
|-activate|p1a: Gliscor|move: Protect
|
|-heal|p1a: Gliscor|30/100 tox|[from] ability: Poison Heal
|upkeep
|turn|26
|
|t:|1743833645
|switch|p1a: Darkrai|Darkrai|7/100
|-damage|p1a: Darkrai|0 fnt|[from] Stealth Rock
|faint|p1a: Darkrai
|move|p2a: Kleavor|Stone Axe|p1: Darkrai|[notarget]
|-fail|p2a: Kleavor
|
|upkeep
|
|t:|1743833648
|switch|p1a: Gliscor|Gliscor, M|30/100 tox
|-damage|p1a: Gliscor|17/100 tox|[from] Stealth Rock
|turn|27
|
|t:|1743833650
|move|p1a: Gliscor|Protect|p1a: Gliscor
|-singleturn|p1a: Gliscor|Protect
|move|p2a: Kleavor|Stone Axe|p1a: Gliscor
|-activate|p1a: Gliscor|move: Protect
|
|-heal|p1a: Gliscor|30/100 tox|[from] ability: Poison Heal
|upkeep
|turn|28
|
|t:|1743833655
|move|p2a: Kleavor|Stone Axe|p1a: Gliscor|[miss]
|-miss|p2a: Kleavor|p1a: Gliscor
|move|p1a: Gliscor|Knock Off|p2a: Kleavor
|-damage|p2a: Kleavor|0 fnt
|faint|p2a: Kleavor
|
|-heal|p1a: Gliscor|42/100 tox|[from] ability: Poison Heal
|upkeep
|
|t:|1743833657
|switch|p2a: Glimmora|Glimmora, F|100/100
|-damage|p2a: Glimmora|88/100|[from] Stealth Rock
|-damage|p2a: Glimmora|72/100|[from] Spikes
|turn|29
|
|t:|1743833672
|move|p1a: Gliscor|Protect|p1a: Gliscor
|-singleturn|p1a: Gliscor|Protect
|move|p2a: Glimmora|Power Gem|p1a: Gliscor
|-activate|p1a: Gliscor|move: Protect
|
|-heal|p1a: Gliscor|54/100 tox|[from] ability: Poison Heal
|upkeep
|turn|30
|
|t:|1743833675
|move|p2a: Glimmora|Power Gem|p1a: Gliscor
|-damage|p1a: Gliscor|13/100 tox
|move|p1a: Gliscor|U-turn|p2a: Glimmora
|-resisted|p2a: Glimmora
|-damage|p2a: Glimmora|63/100
|-activate|p2a: Glimmora|ability: Toxic Debris
|-sidestart|p1: qwqwqqw|move: Toxic Spikes
|
|t:|1743833677
|switch|p1a: Slowking|Slowking-Galar, F|37/100|[from] U-turn
|-sideend|p1: qwqwqqw|move: Toxic Spikes|[of] p1a: Slowking
|
|upkeep
|turn|31
|
|t:|1743833682
|switch|p1a: Gliscor|Gliscor, M|13/100 tox
|-damage|p1a: Gliscor|0 fnt|[from] Stealth Rock
|faint|p1a: Gliscor
|move|p2a: Glimmora|Power Gem|p1: Gliscor|[notarget]
|-fail|p2a: Glimmora
|
|upkeep
|
|t:|1743833691
|switch|p1a: Slowking|Slowking-Galar, F|70/100
|turn|32
|
|t:|1743833694
|move|p2a: Glimmora|Power Gem|p1a: Slowking
|-damage|p1a: Slowking|43/100
|move|p1a: Slowking|Psychic Noise|p2a: Glimmora
|-supereffective|p2a: Glimmora
|-damage|p2a: Glimmora|0 fnt
|faint|p2a: Glimmora
|
|win|qwqwqqw
|raw|qwqwqqw's rating: 1329 &rarr; <strong>1348</strong><br />(+19 for winning)
|raw|Goobler34's rating: 1316 &rarr; <strong>1297</strong><br />(-19 for losing)
|l|☆Goobler34
|player|p2|
|l|☆qwqwqqw
|player|p1|
