|j|☆El Cucuy 2025
|j|☆ProteinMan11
|t:|1743894500
|gametype|singles
|player|p1|El Cucuy 2025|blackbelt|1561
|player|p2|ProteinMan11|hiker-gen4|1635
|teamsize|p1|6
|teamsize|p2|6
|gen|9
|tier|[Gen 9] OU
|rated|
|rule|HP Percentage Mod: HP is shown in percentages
|rule|Endless Battle Clause: Forcing endless battles is banned
|rule|Species Clause: Limit one of each Pokémon
|rule|OHKO Clause: OHKO moves are banned
|rule|Evasion Items Clause: Evasion items are banned
|rule|Evasion Moves Clause: Evasion moves are banned
|rule|Sleep Moves Clause: Sleep-inducing moves are banned
|clearpoke
|poke|p1|Grimmsnarl, M|
|poke|p1|Zamazenta-*|
|poke|p1|Kyurem|
|poke|p1|Cinderace, F|
|poke|p1|Sinistcha|
|poke|p1|Tentacruel, F|
|poke|p2|Ninetales-Alola, M|
|poke|p2|Dragonite, M|
|poke|p2|Deoxys-Speed|
|poke|p2|Iron Valiant|
|poke|p2|Great Tusk|
|poke|p2|Hatterene, F|
|teampreview
|inactive|Battle timer is ON: inactive players will automatically lose when time's up. (requested by ProteinMan11)
|
|t:|1743894529
|start
|switch|p1a: Spreadie Gibbs|Cinderace, F|100/100
|switch|p2a: Michael|Dragonite, M|100/100
|turn|1
|
|t:|1743894534
|move|p1a: Spreadie Gibbs|U-turn|p2a: Michael
|-resisted|p2a: Michael
|-damage|p2a: Michael|96/100
|
|t:|1743894542
|switch|p1a: Cup of Joever|Sinistcha|100/100|[from] U-turn
|move|p2a: Michael|Dragon Dance|p2a: Michael
|-boost|p2a: Michael|atk|1
|-boost|p2a: Michael|spe|1
|
|upkeep
|turn|2
|
|t:|1743894552
|move|p2a: Michael|Dragon Dance|p2a: Michael
|-boost|p2a: Michael|atk|1
|-boost|p2a: Michael|spe|1
|move|p1a: Cup of Joever|Strength Sap|p2a: Michael
|-unboost|p2a: Michael|atk|1
|
|upkeep
|turn|3
|
|t:|1743894557
|move|p2a: Michael|Outrage|p1a: Cup of Joever
|-damage|p1a: Cup of Joever|21/100
|move|p1a: Cup of Joever|Strength Sap|p2a: Michael
|-unboost|p2a: Michael|atk|1
|-heal|p1a: Cup of Joever|100/100
|
|upkeep
|turn|4
|c|☆ProteinMan11|:(
|
|t:|1743894564
|switch|p1a: Press X|Grimmsnarl, M|100/100
|move|p2a: Michael|Outrage|p1a: Press X|[from] lockedmove
|-immune|p1a: Press X
|-start|p2a: Michael|confusion|[fatigue]
|
|upkeep
|turn|5
|
|t:|1743894570
|move|p1a: Press X|Bulk Up|p1a: Press X
|-boost|p1a: Press X|atk|1
|-boost|p1a: Press X|def|1
|-activate|p2a: Michael|confusion
|move|p2a: Michael|Dragon Dance|p2a: Michael
|-boost|p2a: Michael|atk|1
|-boost|p2a: Michael|spe|1
|
|upkeep
|turn|6
|
|t:|1743894573
|move|p1a: Press X|Bulk Up|p1a: Press X
|-boost|p1a: Press X|atk|1
|-boost|p1a: Press X|def|1
|-end|p2a: Michael|confusion
|move|p2a: Michael|Dragon Dance|p2a: Michael
|-boost|p2a: Michael|atk|1
|-boost|p2a: Michael|spe|1
|
|upkeep
|turn|7
|
|t:|1743894578
|move|p1a: Press X|Bulk Up|p1a: Press X
|-boost|p1a: Press X|atk|1
|-boost|p1a: Press X|def|1
|move|p2a: Michael|Dragon Dance|p2a: Michael
|-boost|p2a: Michael|atk|1
|-boost|p2a: Michael|spe|1
|
|upkeep
|turn|8
|
|t:|1743894582
|move|p1a: Press X|Bulk Up|p1a: Press X
|-boost|p1a: Press X|atk|1
|-boost|p1a: Press X|def|1
|move|p2a: Michael|Earthquake|p1a: Press X
|-damage|p1a: Press X|64/100
|
|-heal|p1a: Press X|70/100|[from] item: Leftovers
|upkeep
|turn|9
|
|t:|1743894587
|move|p2a: Michael|Earthquake|p1a: Press X
|-damage|p1a: Press X|27/100
|move|p1a: Press X|Spirit Break|p2a: Michael
|-supereffective|p2a: Michael
|-damage|p2a: Michael|0 fnt
|faint|p2a: Michael
|
|-heal|p1a: Press X|33/100|[from] item: Leftovers
|upkeep
|
|t:|1743894596
|switch|p2a: Darius|Iron Valiant|100/100
|-enditem|p2a: Darius|Booster Energy
|-activate|p2a: Darius|ability: Quark Drive|[fromitem]
|-start|p2a: Darius|quarkdrivespe
|turn|10
|
|t:|1743894603
|-terastallize|p1a: Press X|Steel
|move|p1a: Press X|Rest|p1a: Press X
|-status|p1a: Press X|slp|[from] move: Rest
|-heal|p1a: Press X|100/100 slp|[silent]
|move|p2a: Darius|Spirit Break|p1a: Press X
|-resisted|p1a: Press X
|-damage|p1a: Press X|92/100 slp
|-unboost|p1a: Press X|spa|1
|
|-heal|p1a: Press X|98/100 slp|[from] item: Leftovers
|upkeep
|turn|11
|
|t:|1743894609
|cant|p1a: Press X|slp
|move|p1a: Press X|Sleep Talk|p1a: Press X
|move|p1a: Press X|Bulk Up|p1a: Press X|[from] move: Sleep Talk
|-boost|p1a: Press X|atk|1
|-boost|p1a: Press X|def|1
|move|p2a: Darius|Swords Dance|p2a: Darius
|-boost|p2a: Darius|atk|2
|
|-heal|p1a: Press X|100/100 slp|[from] item: Leftovers
|upkeep
|turn|12
|
|t:|1743894612
|cant|p1a: Press X|slp
|move|p1a: Press X|Sleep Talk|p1a: Press X
|move|p1a: Press X|Rest||[from] move: Sleep Talk|[still]
|-fail|p1a: Press X
|move|p2a: Darius|Swords Dance|p2a: Darius
|-boost|p2a: Darius|atk|2
|
|upkeep
|turn|13
|
|t:|1743894619
|move|p2a: Darius|Close Combat|p1a: Press X
|-supereffective|p1a: Press X
|-damage|p1a: Press X|0 fnt
|-unboost|p2a: Darius|def|1
|-unboost|p2a: Darius|spd|1
|faint|p1a: Press X
|
|upkeep
|inactive|El Cucuy 2025 has 120 seconds left.
|
|t:|1743894649
|switch|p1a: Evil Dick|Tentacruel, F|100/100
|turn|14
|
|t:|1743894657
|move|p2a: Darius|Close Combat|p1a: Evil Dick
|-resisted|p1a: Evil Dick
|-damage|p1a: Evil Dick|0 fnt
|-unboost|p2a: Darius|def|1
|-unboost|p2a: Darius|spd|1
|faint|p1a: Evil Dick
|
|upkeep
|inactive|El Cucuy 2025 has 120 seconds left.
|
|t:|1743894668
|switch|p1a: Spreadie Gibbs|Cinderace, F|100/100
|turn|15
|inactive|El Cucuy 2025 has 120 seconds left.
|
|t:|1743894684
|switch|p1a: Cup of Joever|Sinistcha|100/100
|move|p2a: Darius|Close Combat|p1a: Cup of Joever
|-immune|p1a: Cup of Joever
|
|upkeep
|turn|16
|inactive|El Cucuy 2025 has 120 seconds left.
|
|t:|1743894699
|move|p2a: Darius|Knock Off|p1a: Cup of Joever
|-supereffective|p1a: Cup of Joever
|-damage|p1a: Cup of Joever|0 fnt
|-enditem|p1a: Cup of Joever|Heavy-Duty Boots|[from] move: Knock Off|[of] p2a: Darius
|faint|p1a: Cup of Joever
|
|upkeep
|
|t:|1743894708
|switch|p1a: Spreadie Gibbs|Cinderace, F|100/100
|turn|17
|
|t:|1743894710
|move|p1a: Spreadie Gibbs|Sucker Punch|p2a: Darius
|-resisted|p2a: Darius
|-damage|p2a: Darius|89/100
|move|p2a: Darius|Close Combat|p1a: Spreadie Gibbs
|-damage|p1a: Spreadie Gibbs|0 fnt
|-unboost|p2a: Darius|def|1
|-unboost|p2a: Darius|spd|1
|faint|p1a: Spreadie Gibbs
|
|upkeep
|-message|El Cucuy 2025 forfeited.
|
|win|ProteinMan11
|raw|El Cucuy 2025's rating: 1561 &rarr; <strong>1545</strong><br />(-16 for losing)
|raw|ProteinMan11's rating: 1635 &rarr; <strong>1651</strong><br />(+16 for winning)
|l|☆El Cucuy 2025
|player|p1|
|c|☆ProteinMan11|Owie
|l|☆ProteinMan11
|player|p2|
