|j|☆yanmeega
|j|☆SkyChainedKeys
|t:|1743794981
|gametype|singles
|player|p1|yanmeega|1|1273
|player|p2|SkyChainedKeys|lady|1325
|teamsize|p1|6
|teamsize|p2|6
|gen|9
|tier|[Gen 9] OU
|rated|
|rule|HP Percentage Mod: HP is shown in percentages
|rule|Endless Battle Clause: Forcing endless battles is banned
|rule|Species Clause: Limit one of each Pokémon
|rule|OHKO Clause: OHKO moves are banned
|rule|Evasion Items Clause: Evasion items are banned
|rule|Evasion Moves Clause: Evasion moves are banned
|rule|Sleep Moves Clause: Sleep-inducing moves are banned
|clearpoke
|poke|p1|Porygon-Z|
|poke|p1|Iron Moth|
|poke|p1|Kingambit, M|
|poke|p1|Dragapult, F|
|poke|p1|Serperior, F|
|poke|p1|Poliwrath, M|
|poke|p2|Indeedee-F, F|
|poke|p2|Politoed, M|
|poke|p2|Iron Treads|
|poke|p2|Dragonite, F|
|poke|p2|Ogerpon-Wellspring, F|
|poke|p2|Overqwil, F|
|teampreview
|c|☆SkyChainedKeys|hf, gimmick team
|
|t:|1743795009
|start
|switch|p1a: Digi|Porygon-Z, shiny|100/100
|switch|p2a: Indeedee|Indeedee-F, F|100/100
|-ability|p1a: Digi|Download|boost
|-boost|p1a: Digi|atk|1
|-fieldstart|move: Psychic Terrain|[from] ability: Psychic Surge|[of] p2a: Indeedee
|turn|1
|c|☆yanmeega|Im gonna chew you up and spit you out
|c|☆yanmeega|Or maybe I will consume you
|c|☆SkyChainedKeys|Daring, are we?
|c|☆SkyChainedKeys|Very original
|c|☆yanmeega|You will be devoured
|
|t:|1743795070
|switch|p2a: Politoed|Politoed, M|100/100
|-weather|RainDance|[from] ability: Drizzle|[of] p2a: Politoed
|move|p1a: Digi|Tri Attack|p2a: Politoed
|-damage|p2a: Politoed|65/100
|
|-weather|RainDance|[upkeep]
|upkeep
|turn|2
|
|t:|1743795082
|move|p1a: Digi|Thunderbolt|p2a: Politoed
|-supereffective|p2a: Politoed
|-damage|p2a: Politoed|0 fnt
|faint|p2a: Politoed
|
|-weather|RainDance|[upkeep]
|upkeep
|
|t:|1743795097
|switch|p2a: Iron Treads|Iron Treads|100/100
|-enditem|p2a: Iron Treads|Booster Energy
|-activate|p2a: Iron Treads|ability: Quark Drive|[fromitem]
|-start|p2a: Iron Treads|quarkdrivespe
|turn|3
|
|t:|1743795107
|switch|p1a: Diggy|Poliwrath, M, shiny|100/100
|move|p2a: Iron Treads|Iron Head|p1a: Diggy
|-resisted|p1a: Diggy
|-damage|p1a: Diggy|81/100
|
|-weather|RainDance|[upkeep]
|upkeep
|turn|4
|
|t:|1743795128
|-end|p2a: Iron Treads|Quark Drive|[silent]
|switch|p2a: Ogerpon|Ogerpon-Wellspring, F|100/100
|move|p1a: Diggy|Drain Punch|p2a: Ogerpon
|-damage|p2a: Ogerpon|62/100
|-heal|p1a: Diggy|99/100|[from] drain|[of] p2a: Ogerpon
|
|-weather|RainDance|[upkeep]
|upkeep
|turn|5
|
|t:|1743795138
|move|p1a: Diggy|Drain Punch|p2a: Ogerpon
|-damage|p2a: Ogerpon|20/100
|-heal|p1a: Diggy|100/100|[from] drain|[of] p2a: Ogerpon
|move|p2a: Ogerpon|Horn Leech|p1a: Diggy
|-supereffective|p1a: Diggy
|-damage|p1a: Diggy|1/100
|-heal|p2a: Ogerpon|73/100|[from] drain|[of] p1a: Diggy
|
|-weather|RainDance|[upkeep]
|upkeep
|turn|6
|
|t:|1743795178
|switch|p1a: Noodle|Serperior, F, shiny|100/100
|switch|p2a: Dragonite|Dragonite, F|100/100
|
|-weather|RainDance|[upkeep]
|upkeep
|turn|7
|
|t:|1743795190
|move|p1a: Noodle|Leaf Storm|p2a: Dragonite
|-resisted|p2a: Dragonite
|-damage|p2a: Dragonite|95/100
|-boost|p1a: Noodle|spa|2
|move|p2a: Dragonite|Dragon Dance|p2a: Dragonite
|-boost|p2a: Dragonite|atk|1
|-boost|p2a: Dragonite|spe|1
|
|-weather|RainDance|[upkeep]
|upkeep
|turn|8
|
|t:|1743795199
|-terastallize|p1a: Noodle|Rock
|move|p1a: Noodle|Tera Blast|p2a: Dragonite|[anim] Tera Blast Rock
|-supereffective|p2a: Dragonite
|-damage|p2a: Dragonite|0 fnt
|faint|p2a: Dragonite
|
|-weather|none
|-fieldend|move: Psychic Terrain
|upkeep
|c|☆yanmeega|You are being devoured
|c|☆yanmeega|Melt in my body
|
|t:|1743795224
|switch|p2a: Overqwil|Overqwil, F|100/100
|turn|9
|c|☆SkyChainedKeys|You're funny
|
|t:|1743795250
|move|p1a: Noodle|Tera Blast|p2a: Overqwil|[anim] Tera Blast Rock
|-damage|p2a: Overqwil|24/100
|move|p2a: Overqwil|Liquidation|p1a: Noodle
|-supereffective|p1a: Noodle
|-damage|p1a: Noodle|0 fnt
|faint|p1a: Noodle
|-damage|p2a: Overqwil|14/100|[from] item: Life Orb
|
|upkeep
|
|t:|1743795261
|switch|p1a: Zester|Dragapult, F, shiny|100/100
|turn|10
|c|☆yanmeega|You shouldn't be laughing
|c|☆yanmeega|Fear me
|c|☆yanmeega|Goooo Zester!
|
|t:|1743795316
|move|p1a: Zester|Dragon Dance|p1a: Zester
|-boost|p1a: Zester|atk|1
|-boost|p1a: Zester|spe|1
|move|p2a: Overqwil|Throat Chop|p1a: Zester
|-supereffective|p1a: Zester
|-damage|p1a: Zester|0 fnt
|faint|p1a: Zester
|-damage|p2a: Overqwil|4/100|[from] item: Life Orb
|
|upkeep
|
|t:|1743795329
|switch|p1a: Vesta|Iron Moth, shiny|100/100
|-enditem|p1a: Vesta|Booster Energy
|-activate|p1a: Vesta|ability: Quark Drive|[fromitem]
|-start|p1a: Vesta|quarkdrivespa
|turn|11
|c|☆SkyChainedKeys|I was going to sac it, lol
|c|☆yanmeega|How Dare You
|
|t:|1743795340
|move|p1a: Vesta|Fiery Dance|p2a: Overqwil
|-damage|p2a: Overqwil|0 fnt
|-boost|p1a: Vesta|spa|1
|faint|p2a: Overqwil
|
|upkeep
|
|t:|1743795350
|switch|p2a: Indeedee|Indeedee-F, F|100/100
|-fieldstart|move: Psychic Terrain|[from] ability: Psychic Surge|[of] p2a: Indeedee
|turn|12
|
|t:|1743795362
|move|p1a: Vesta|Bug Buzz|p2a: Indeedee
|-supereffective|p2a: Indeedee
|-damage|p2a: Indeedee|0 fnt
|faint|p2a: Indeedee
|
|upkeep
|
|t:|1743795369
|switch|p2a: Iron Treads|Iron Treads|100/100
|turn|13
|c|☆yanmeega|You're getting so dragged
|c|☆yanmeega|So cooked McGee
|c|☆yanmeega|Like a Fly in a Fly Trap
|c|☆yanmeega|HAHAHAH
|
|t:|1743795395
|move|p1a: Vesta|Fiery Dance|p2a: Iron Treads
|-supereffective|p2a: Iron Treads
|-damage|p2a: Iron Treads|0 fnt
|-boost|p1a: Vesta|spa|1
|faint|p2a: Iron Treads
|-end|p2a: Iron Treads|Quark Drive|[silent]
|
|upkeep
|c|☆SkyChainedKeys|It's ok, bad matchups happen
|
|t:|1743795410
|switch|p2a: Ogerpon|Ogerpon-Wellspring, F|73/100
|turn|14
|
|t:|1743795416
|-terastallize|p2a: Ogerpon|Water
|detailschange|p2a: Ogerpon|Ogerpon-Wellspring-Tera, F, tera:Water
|-ability|p2a: Ogerpon|Embody Aspect (Wellspring)|boost
|-boost|p2a: Ogerpon|spd|1
|move|p2a: Ogerpon|Ivy Cudgel|p1a: Vesta|[anim] Ivy Cudgel Water
|-supereffective|p1a: Vesta
|-damage|p1a: Vesta|0 fnt
|faint|p1a: Vesta
|-end|p1a: Vesta|Quark Drive|[silent]
|
|upkeep
|
|t:|1743795437
|switch|p1a: Digi|Porygon-Z, shiny|100/100
|-ability|p1a: Digi|Download|boost
|-boost|p1a: Digi|atk|1
|turn|15
|
|t:|1743795453
|move|p2a: Ogerpon|Horn Leech|p1a: Digi
|-damage|p1a: Digi|32/100
|-heal|p2a: Ogerpon|100/100|[from] drain|[of] p1a: Digi
|move|p1a: Digi|Thunderbolt|p2a: Ogerpon
|-supereffective|p2a: Ogerpon
|-damage|p2a: Ogerpon|34/100
|
|upkeep
|turn|16
|
|t:|1743795461
|move|p2a: Ogerpon|Horn Leech|p1a: Digi
|-damage|p1a: Digi|0 fnt
|-heal|p2a: Ogerpon|51/100|[from] drain|[of] p1a: Digi
|faint|p1a: Digi
|
|upkeep
|
|t:|1743795468
|switch|p1a: Diggy|Poliwrath, M, shiny|1/100
|turn|17
|
|t:|1743795475
|move|p1a: Diggy|Close Combat|p2a: Ogerpon
|-damage|p2a: Ogerpon|0 fnt
|-unboost|p1a: Diggy|def|1
|-unboost|p1a: Diggy|spd|1
|faint|p2a: Ogerpon
|
|win|yanmeega
|raw|yanmeega's rating: 1273 &rarr; <strong>1302</strong><br />(+29 for winning)
|raw|SkyChainedKeys's rating: 1325 &rarr; <strong>1302</strong><br />(-23 for losing)
|c|☆SkyChainedKeys|gg wp
|c|☆yanmeega|AHAHAH
|c|☆yanmeega|AHAHAHAHHA
|c|☆yanmeega|You're All Mine
|l|☆SkyChainedKeys
|player|p2|
|l|☆yanmeega
|player|p1|
