|j|☆Erikkarou007
|j|☆hjc灿hjc
|t:|1743821391
|gametype|singles
|player|p1|Erikkarou007|170|1077
|player|p2|hjc灿hjc|2|1065
|teamsize|p1|6
|teamsize|p2|6
|gen|9
|tier|[Gen 9] OU
|rated|
|rule|HP Percentage Mod: HP is shown in percentages
|rule|Endless Battle Clause: Forcing endless battles is banned
|rule|Species Clause: Limit one of each Pokémon
|rule|OHKO Clause: OHKO moves are banned
|rule|Evasion Items Clause: Evasion items are banned
|rule|Evasion Moves Clause: Evasion moves are banned
|rule|Sleep Moves Clause: Sleep-inducing moves are banned
|clearpoke
|poke|p1|Ogerpon-Wellspring, F|
|poke|p1|Torkoal, F|
|poke|p1|Walking Wake|
|poke|p1|Florges, F|
|poke|p1|Iron Crown|
|poke|p1|Arcanine-Hisui, F|
|poke|p2|Glimmora, F|
|poke|p2|Toxapex, M|
|poke|p2|Amoonguss, M|
|poke|p2|Gliscor, M|
|poke|p2|Avalugg, M|
|poke|p2|Brute Bonnet|
|teampreview
|
|t:|1743821401
|start
|switch|p1a: Arcanine|Arcanine-Hisui, F|100/100
|switch|p2a: Glimmora|Glimmora, F|100/100
|turn|1
|
|t:|1743821412
|switch|p1a: Florges|Florges, F|100/100
|move|p2a: Glimmora|Toxic|p1a: Florges
|-status|p1a: Florges|tox
|
|-damage|p1a: Florges|94/100 tox|[from] psn
|upkeep
|turn|2
|
|t:|1743821433
|switch|p2a: Gliscor|Gliscor, M|100/100
|move|p1a: Florges|Chilling Water|p2a: Gliscor
|-supereffective|p2a: Gliscor
|-damage|p2a: Gliscor|62/100
|-unboost|p2a: Gliscor|atk|1
|
|-heal|p1a: Florges|100/100 tox|[from] item: Leftovers
|-damage|p1a: Florges|88/100 tox|[from] psn
|-status|p2a: Gliscor|tox|[from] item: Toxic Orb
|upkeep
|turn|3
|
|t:|1743821455
|switch|p1a: Ogerpon|Ogerpon-Wellspring, F|100/100
|move|p2a: Gliscor|U-turn|p1a: Ogerpon
|-supereffective|p1a: Ogerpon
|-damage|p1a: Ogerpon|73/100
|
|t:|1743821468
|switch|p2a: Amoonguss|Amoonguss, M|100/100|[from] U-turn
|
|upkeep
|turn|4
|l|☆Erikkarou007
|player|p1|
|j|☆Erikkarou007
|player|p1|Erikkarou007|170|
|
|t:|1743821479
|move|p1a: Ogerpon|U-turn|p2a: Amoonguss
|-damage|p2a: Amoonguss|74/100
|
|t:|1743821482
|switch|p1a: Torkoal|Torkoal, F|100/100|[from] U-turn
|-weather|SunnyDay|[from] ability: Drought|[of] p1a: Torkoal
|move|p2a: Amoonguss|Toxic|p1a: Torkoal
|-status|p1a: Torkoal|tox
|
|-weather|SunnyDay|[upkeep]
|-damage|p1a: Torkoal|94/100 tox|[from] psn
|upkeep
|turn|5
|
|t:|1743821504
|move|p2a: Amoonguss|Hex|p1a: Torkoal
|-damage|p1a: Torkoal|62/100 tox
|move|p1a: Torkoal|Stealth Rock|p2a: Amoonguss
|-sidestart|p2: hjc灿hjc|move: Stealth Rock
|
|-weather|SunnyDay|[upkeep]
|-heal|p1a: Torkoal|68/100 tox|[from] item: Leftovers
|-damage|p1a: Torkoal|55/100 tox|[from] psn
|upkeep
|turn|6
|
|t:|1743821528
|switch|p1a: Walking Wake|Walking Wake|100/100
|-activate|p1a: Walking Wake|ability: Protosynthesis
|-start|p1a: Walking Wake|protosynthesisspe
|move|p2a: Amoonguss|Hex|p1a: Walking Wake
|-damage|p1a: Walking Wake|86/100
|
|-weather|SunnyDay|[upkeep]
|upkeep
|turn|7
|
|t:|1743821544
|move|p1a: Walking Wake|Weather Ball|p2a: Amoonguss
|-supereffective|p2a: Amoonguss
|-damage|p2a: Amoonguss|0 fnt
|faint|p2a: Amoonguss
|
|-weather|SunnyDay|[upkeep]
|upkeep
|
|t:|1743821564
|switch|p2a: Glimmora|Glimmora, F|100/100
|-damage|p2a: Glimmora|88/100|[from] Stealth Rock
|turn|8
|
|t:|1743821574
|-end|p1a: Walking Wake|Protosynthesis|[silent]
|switch|p1a: Iron Crown|Iron Crown|100/100
|-enditem|p1a: Iron Crown|Booster Energy
|-activate|p1a: Iron Crown|ability: Quark Drive|[fromitem]
|-start|p1a: Iron Crown|quarkdrivespa
|-terastallize|p2a: Glimmora|Grass
|move|p2a: Glimmora|Toxic|p1a: Iron Crown
|-status|p1a: Iron Crown|tox
|
|-weather|none
|-damage|p1a: Iron Crown|94/100 tox|[from] psn
|upkeep
|turn|9
|
|t:|1743821598
|switch|p2a: Brute Bonnet|Brute Bonnet|100/100
|move|p1a: Iron Crown|Tachyon Cutter|p2a: Brute Bonnet
|-damage|p2a: Brute Bonnet|76/100
|-damage|p2a: Brute Bonnet|49/100
|-hitcount|p2a: Brute Bonnet|2
|
|-damage|p1a: Iron Crown|82/100 tox|[from] psn
|upkeep
|turn|10
|
|t:|1743821622
|-end|p2a: Brute Bonnet|Protosynthesis|[silent]
|switch|p2a: Toxapex|Toxapex, M|100/100
|move|p1a: Iron Crown|Tachyon Cutter|p2a: Toxapex
|-resisted|p2a: Toxapex
|-damage|p2a: Toxapex|89/100
|-resisted|p2a: Toxapex
|-damage|p2a: Toxapex|77/100
|-hitcount|p2a: Toxapex|2
|
|-damage|p1a: Iron Crown|63/100 tox|[from] psn
|upkeep
|turn|11
|
|t:|1743821639
|move|p1a: Iron Crown|Psychic|p2a: Toxapex
|-supereffective|p2a: Toxapex
|-damage|p2a: Toxapex|0 fnt
|faint|p2a: Toxapex
|
|-damage|p1a: Iron Crown|38/100 tox|[from] psn
|upkeep
|
|t:|1743821652
|switch|p2a: Gliscor|Gliscor, M|62/100 tox
|-damage|p2a: Gliscor|50/100 tox|[from] Stealth Rock
|turn|12
|
|t:|1743821664
|-end|p1a: Iron Crown|Quark Drive|[silent]
|switch|p1a: Ogerpon|Ogerpon-Wellspring, F|73/100
|move|p2a: Gliscor|Facade|p1a: Ogerpon
|-damage|p1a: Ogerpon|30/100
|
|-heal|p2a: Gliscor|62/100 tox|[from] ability: Poison Heal
|upkeep
|turn|13
|
|t:|1743821684
|move|p1a: Ogerpon|Ivy Cudgel|p2a: Gliscor|[anim] Ivy Cudgel Water
|-supereffective|p2a: Gliscor
|-damage|p2a: Gliscor|0 fnt
|faint|p2a: Gliscor
|
|upkeep
|
|t:|1743821693
|switch|p2a: Avalugg|Avalugg, M|100/100
|turn|14
|
|t:|1743821698
|move|p1a: Ogerpon|U-turn|p2a: Avalugg
|-damage|p2a: Avalugg|88/100
|
|t:|1743821702
|switch|p1a: Torkoal|Torkoal, F|55/100 tox|[from] U-turn
|-weather|SunnyDay|[from] ability: Drought|[of] p1a: Torkoal
|move|p2a: Avalugg|Rapid Spin|p1a: Torkoal
|-damage|p1a: Torkoal|46/100 tox
|-boost|p2a: Avalugg|spe|1
|-sideend|p2: hjc灿hjc|Stealth Rock|[from] move: Rapid Spin|[of] p2a: Avalugg
|
|-weather|SunnyDay|[upkeep]
|-heal|p1a: Torkoal|52/100 tox|[from] item: Leftovers
|-damage|p1a: Torkoal|46/100 tox|[from] psn
|upkeep
|turn|15
|
|t:|1743821731
|move|p2a: Avalugg|Body Press|p1a: Torkoal
|-damage|p1a: Torkoal|15/100 tox
|move|p1a: Torkoal|Eruption|p2a: Avalugg
|-supereffective|p2a: Avalugg
|-damage|p2a: Avalugg|53/100
|
|-weather|SunnyDay|[upkeep]
|-heal|p1a: Torkoal|21/100 tox|[from] item: Leftovers
|-damage|p1a: Torkoal|9/100 tox|[from] psn
|upkeep
|turn|16
|
|t:|1743821745
|switch|p1a: Walking Wake|Walking Wake|86/100
|-activate|p1a: Walking Wake|ability: Protosynthesis
|-start|p1a: Walking Wake|protosynthesisspe
|move|p2a: Avalugg|Recover|p2a: Avalugg
|-heal|p2a: Avalugg|100/100
|
|-weather|SunnyDay|[upkeep]
|upkeep
|turn|17
|
|t:|1743821759
|move|p1a: Walking Wake|Weather Ball|p2a: Avalugg
|-supereffective|p2a: Avalugg
|-ability|p2a: Avalugg|Sturdy
|-damage|p2a: Avalugg|1/100
|move|p2a: Avalugg|Avalanche|p1a: Walking Wake
|-damage|p1a: Walking Wake|37/100
|
|-weather|SunnyDay|[upkeep]
|upkeep
|turn|18
|
|t:|1743821782
|move|p1a: Walking Wake|Weather Ball|p2a: Avalugg
|-supereffective|p2a: Avalugg
|-damage|p2a: Avalugg|0 fnt
|faint|p2a: Avalugg
|
|-weather|none
|-end|p1a: Walking Wake|Protosynthesis
|upkeep
|
|t:|1743821791
|switch|p2a: Glimmora|Glimmora, F, tera:Grass|88/100
|turn|19
|
|t:|1743821806
|-end|p1a: Walking Wake|Protosynthesis|[silent]
|switch|p1a: Arcanine|Arcanine-Hisui, F|100/100
|move|p2a: Glimmora|Energy Ball|p1a: Arcanine
|-damage|p1a: Arcanine|31/100
|
|upkeep
|turn|20
|
|t:|1743821816
|move|p1a: Arcanine|Head Smash|p2a: Glimmora
|-damage|p2a: Glimmora|9/100
|move|p2a: Glimmora|Energy Ball|p1a: Arcanine
|-damage|p1a: Arcanine|0 fnt
|faint|p1a: Arcanine
|
|upkeep
|
|t:|1743821831
|switch|p1a: Florges|Florges, F|88/100 tox
|turn|21
|
|t:|1743821843
|move|p2a: Glimmora|Energy Ball|p1a: Florges
|-damage|p1a: Florges|62/100 tox
|move|p1a: Florges|Wish|p1a: Florges
|
|-heal|p1a: Florges|68/100 tox|[from] item: Leftovers
|-damage|p1a: Florges|62/100 tox|[from] psn
|upkeep
|turn|22
|
|t:|1743821853
|move|p2a: Glimmora|Energy Ball|p1a: Florges
|-damage|p1a: Florges|38/100 tox
|move|p1a: Florges|Moonblast|p2a: Glimmora
|-damage|p2a: Glimmora|0 fnt
|faint|p2a: Glimmora
|
|-heal|p1a: Florges|88/100 tox|[from] move: Wish|[wisher] Florges
|-heal|p1a: Florges|94/100 tox|[from] item: Leftovers
|-damage|p1a: Florges|82/100 tox|[from] psn
|upkeep
|-message|hjc灿hjc forfeited.
|
|win|Erikkarou007
|raw|Erikkarou007's rating: 1077 &rarr; <strong>1104</strong><br />(+27 for winning)
|raw|hjc灿hjc's rating: 1065 &rarr; <strong>1046</strong><br />(-19 for losing)
|l|☆hjc灿hjc
|player|p2|
