|j|☆RenegadeArtUtube
|j|☆Kingkaz101
|t:|1743798874
|gametype|singles
|player|p1|RenegadeArtUtube|gambler|1606
|player|p2|Kingkaz101|170|1570
|teamsize|p1|6
|teamsize|p2|6
|gen|9
|tier|[Gen 9] OU
|rated|
|rule|HP Percentage Mod: HP is shown in percentages
|rule|Endless Battle Clause: Forcing endless battles is banned
|rule|Species Clause: Limit one of each Pokémon
|rule|OHKO Clause: OHKO moves are banned
|rule|Evasion Items Clause: Evasion items are banned
|rule|Evasion Moves Clause: Evasion moves are banned
|rule|Sleep Moves Clause: Sleep-inducing moves are banned
|clearpoke
|poke|p1|Blaziken, M|
|poke|p1|Ninetales-Alola, F|
|poke|p1|Polteageist-Antique|
|poke|p1|Hatterene, F|
|poke|p1|Raging Bolt|
|poke|p1|Landorus-Therian, M|
|poke|p2|Dragapult, F|
|poke|p2|Slowking-Galar, F|
|poke|p2|Primarina, F|
|poke|p2|Ting-Lu|
|poke|p2|Meowscarada, F|
|poke|p2|Corviknight, M|
|teampreview
|inactive|Battle timer is ON: inactive players will automatically lose when time's up. (requested by RenegadeArtUtube)
|
|t:|1743798886
|start
|switch|p1a: Hatterene|Hatterene, F, shiny|100/100
|switch|p2a: Dragapult|Dragapult, F|100/100
|turn|1
|l|☆Kingkaz101
|inactive|Kingkaz101 disconnected and has a minute to reconnect!
|player|p2|
|j|☆Kingkaz101
|inactive|Kingkaz101 reconnected and has 125 seconds left.
|player|p2|Kingkaz101|170|
|inactive|Kingkaz101 has 120 seconds left.
|
|t:|1743798922
|move|p2a: Dragapult|U-turn|p1a: Hatterene
|-damage|p1a: Hatterene|73/100
|-damage|p2a: Dragapult|91/100|[from] item: Life Orb
|
|t:|1743798926
|switch|p2a: Ting-Lu|Ting-Lu|100/100|[from] U-turn
|-ability|p2a: Ting-Lu|Vessel of Ruin
|move|p1a: Hatterene|Draining Kiss|p2a: Ting-Lu
|-supereffective|p2a: Ting-Lu
|-damage|p2a: Ting-Lu|73/100
|-heal|p1a: Hatterene|100/100|[from] drain|[of] p2a: Ting-Lu
|
|-heal|p2a: Ting-Lu|79/100|[from] item: Leftovers
|upkeep
|turn|2
|
|t:|1743798941
|switch|p2a: Slowking|Slowking-Galar, F|100/100
|move|p1a: Hatterene|Calm Mind|p1a: Hatterene
|-boost|p1a: Hatterene|spa|1
|-boost|p1a: Hatterene|spd|1
|
|upkeep
|turn|3
|
|t:|1743798954
|move|p2a: Slowking|Sludge Bomb|p1a: Hatterene
|-supereffective|p1a: Hatterene
|-damage|p1a: Hatterene|53/100
|move|p1a: Hatterene|Nuzzle|p2a: Slowking
|-damage|p2a: Slowking|96/100
|-status|p2a: Slowking|par
|
|-heal|p2a: Slowking|100/100 par|[from] item: Leftovers
|upkeep
|turn|4
|
|t:|1743798967
|move|p1a: Hatterene|Future Sight|p2a: Slowking
|-start|p1a: Hatterene|move: Future Sight
|move|p2a: Slowking|Future Sight|p1a: Hatterene
|-start|p2a: Slowking|move: Future Sight
|
|upkeep
|turn|5
|
|t:|1743798978
|move|p1a: Hatterene|Draining Kiss|p2a: Slowking
|-resisted|p2a: Slowking
|-damage|p2a: Slowking|89/100 par
|-heal|p1a: Hatterene|64/100|[from] drain|[of] p2a: Slowking
|move|p2a: Slowking|Sludge Bomb|p1a: Hatterene
|-supereffective|p1a: Hatterene
|-crit|p1a: Hatterene
|-damage|p1a: Hatterene|0 fnt
|faint|p1a: Hatterene
|
|-heal|p2a: Slowking|95/100 par|[from] item: Leftovers
|upkeep
|
|t:|1743799003
|switch|p1a: Ninetales|Ninetales-Alola, F|100/100
|-weather|Snowscape|[from] ability: Snow Warning|[of] p1a: Ninetales
|turn|6
|
|t:|1743799030
|move|p1a: Ninetales|Aurora Veil|p1a: Ninetales
|-sidestart|p1: RenegadeArtUtube|move: Aurora Veil
|move|p2a: Slowking|Sludge Bomb|p1a: Ninetales
|-supereffective|p1a: Ninetales
|-damage|p1a: Ninetales|65/100
|-status|p1a: Ninetales|psn
|
|-weather|Snowscape|[upkeep]
|-end|p1a: Ninetales|move: Future Sight
|-damage|p1a: Ninetales|43/100 psn
|-end|p2a: Slowking|move: Future Sight
|-damage|p2a: Slowking|62/100 par
|-heal|p2a: Slowking|68/100 par|[from] item: Leftovers
|-damage|p1a: Ninetales|31/100 psn|[from] psn
|upkeep
|turn|7
|
|t:|1743799044
|switch|p1a: Landorus|Landorus-Therian, M|100/100
|-ability|p1a: Landorus|Intimidate|boost
|-unboost|p2a: Slowking|atk|1
|-prepare|p2a: Slowking|Chilly Reception|[premajor]
|cant|p2a: Slowking|par
|
|-weather|Snowscape|[upkeep]
|-heal|p2a: Slowking|74/100 par|[from] item: Leftovers
|upkeep
|turn|8
|
|t:|1743799054
|switch|p2a: Corviknight|Corviknight, M|100/100
|-ability|p2a: Corviknight|Pressure
|move|p1a: Landorus|Stealth Rock|p2a: Corviknight
|-sidestart|p2: Kingkaz101|move: Stealth Rock
|
|-weather|Snowscape|[upkeep]
|upkeep
|turn|9
|
|t:|1743799069
|switch|p1a: Raging Bolt|Raging Bolt|100/100
|-enditem|p1a: Raging Bolt|Booster Energy
|-activate|p1a: Raging Bolt|ability: Protosynthesis|[fromitem]
|-start|p1a: Raging Bolt|protosynthesisspa
|move|p2a: Corviknight|Defog|p1a: Raging Bolt
|-unboost|p1a: Raging Bolt|evasion|1
|-sideend|p1: RenegadeArtUtube|move: Aurora Veil
|-sideend|p2: Kingkaz101|Stealth Rock|[from] move: Defog|[of] p2a: Corviknight
|
|-weather|Snowscape|[upkeep]
|upkeep
|turn|10
|
|t:|1743799082
|move|p1a: Raging Bolt|Weather Ball|p2a: Corviknight
|-damage|p2a: Corviknight|51/100
|move|p2a: Corviknight|U-turn|p1a: Raging Bolt
|-damage|p1a: Raging Bolt|88/100
|
|t:|1743799089
|switch|p2a: Meowscarada|Meowscarada, F|100/100|[from] U-turn
|
|-weather|none
|upkeep
|turn|11
|
|t:|1743799097
|-terastallize|p1a: Raging Bolt|Fairy
|move|p2a: Meowscarada|Triple Axel|p1a: Raging Bolt
|-damage|p1a: Raging Bolt|82/100
|-damage|p1a: Raging Bolt|67/100
|-damage|p1a: Raging Bolt|46/100
|-hitcount|p1a: Raging Bolt|3
|-damage|p2a: Meowscarada|91/100|[from] item: Life Orb
|move|p1a: Raging Bolt|Discharge|p2a: Meowscarada
|-resisted|p2a: Meowscarada
|-damage|p2a: Meowscarada|46/100
|-status|p2a: Meowscarada|par
|
|upkeep
|turn|12
|
|t:|1743799119
|move|p1a: Raging Bolt|Dragon Breath|p2a: Meowscarada
|-damage|p2a: Meowscarada|0 fnt
|faint|p2a: Meowscarada
|
|upkeep
|
|t:|1743799129
|switch|p2a: Ting-Lu|Ting-Lu|79/100
|-ability|p2a: Ting-Lu|Vessel of Ruin
|turn|13
|inactive|RenegadeArtUtube has 120 seconds left.
|
|t:|1743799178
|-end|p1a: Raging Bolt|Protosynthesis|[silent]
|switch|p1a: Ninetales|Ninetales-Alola, F|31/100 psn
|-weather|Snowscape|[from] ability: Snow Warning|[of] p1a: Ninetales
|move|p2a: Ting-Lu|Stealth Rock|p1a: Ninetales
|-sidestart|p1: RenegadeArtUtube|move: Stealth Rock
|
|-weather|Snowscape|[upkeep]
|-heal|p2a: Ting-Lu|86/100|[from] item: Leftovers
|-damage|p1a: Ninetales|19/100 psn|[from] psn
|upkeep
|turn|14
|
|t:|1743799191
|move|p1a: Ninetales|Aurora Veil|p1a: Ninetales
|-sidestart|p1: RenegadeArtUtube|move: Aurora Veil
|move|p2a: Ting-Lu|Whirlwind|p1a: Ninetales
|drag|p1a: Raging Bolt|Raging Bolt, tera:Fairy|46/100
|-damage|p1a: Raging Bolt|34/100|[from] Stealth Rock
|
|-weather|Snowscape|[upkeep]
|-heal|p2a: Ting-Lu|92/100|[from] item: Leftovers
|upkeep
|turn|15
|
|t:|1743799201
|switch|p2a: Slowking|Slowking-Galar, F|100/100 par
|move|p1a: Raging Bolt|Weather Ball|p2a: Slowking
|-damage|p2a: Slowking|78/100 par
|
|-weather|Snowscape|[upkeep]
|-heal|p2a: Slowking|84/100 par|[from] item: Leftovers
|upkeep
|turn|16
|j| cityfolk
|
|t:|1743799215
|-end|p1a: Raging Bolt|Protosynthesis|[silent]
|switch|p1a: Ninetales|Ninetales-Alola, F|19/100 psn
|-damage|p1a: Ninetales|0 fnt|[from] Stealth Rock
|faint|p1a: Ninetales
|move|p2a: Slowking|Future Sight|p1: Ninetales
|-start|p2a: Slowking|move: Future Sight
|
|-weather|Snowscape|[upkeep]
|-heal|p2a: Slowking|90/100 par|[from] item: Leftovers
|upkeep
|
|t:|1743799225
|switch|p1a: Polteageist|Polteageist-Antique|100/100
|-damage|p1a: Polteageist|88/100|[from] Stealth Rock
|turn|17
|
|t:|1743799230
|move|p1a: Polteageist|Shell Smash|p1a: Polteageist
|-unboost|p1a: Polteageist|def|1
|-unboost|p1a: Polteageist|spd|1
|-boost|p1a: Polteageist|atk|2
|-boost|p1a: Polteageist|spa|2
|-boost|p1a: Polteageist|spe|2
|-enditem|p1a: Polteageist|White Herb
|-clearnegativeboost|p1a: Polteageist|[silent]
|cant|p2a: Slowking|par
|
|-weather|none
|-heal|p2a: Slowking|96/100 par|[from] item: Leftovers
|upkeep
|turn|18
|inactive|RenegadeArtUtube has 120 seconds left.
|
|t:|1743799242
|move|p1a: Polteageist|Shadow Ball|p2a: Slowking
|-supereffective|p2a: Slowking
|-damage|p2a: Slowking|0 fnt
|faint|p2a: Slowking
|
|-end|p1a: Polteageist|move: Future Sight
|-damage|p1a: Polteageist|66/100
|upkeep
|
|t:|1743799251
|switch|p2a: Ting-Lu|Ting-Lu|92/100
|-ability|p2a: Ting-Lu|Vessel of Ruin
|turn|19
|
|t:|1743799262
|move|p1a: Polteageist|Giga Drain|p2a: Ting-Lu
|-supereffective|p2a: Ting-Lu
|-damage|p2a: Ting-Lu|16/100
|-heal|p1a: Polteageist|100/100|[from] drain|[of] p2a: Ting-Lu
|move|p2a: Ting-Lu|Whirlwind|p1a: Polteageist
|drag|p1a: Landorus|Landorus-Therian, M|100/100
|-damage|p1a: Landorus|88/100|[from] Stealth Rock
|-ability|p1a: Landorus|Intimidate|boost
|-unboost|p2a: Ting-Lu|atk|1
|
|-heal|p2a: Ting-Lu|22/100|[from] item: Leftovers
|upkeep
|turn|20
|
|t:|1743799281
|move|p1a: Landorus|U-turn|p2a: Ting-Lu
|-supereffective|p2a: Ting-Lu
|-damage|p2a: Ting-Lu|0 fnt
|faint|p2a: Ting-Lu
|inactive|RenegadeArtUtube has 120 seconds left.
|
|t:|1743799296
|switch|p1a: Polteageist|Polteageist-Antique|100/100|[from] U-turn
|-damage|p1a: Polteageist|88/100|[from] Stealth Rock
|
|upkeep
|
|t:|1743799306
|switch|p2a: Dragapult|Dragapult, F|91/100
|turn|21
|
|t:|1743799313
|move|p2a: Dragapult|Dragon Darts|p1a: Polteageist
|-damage|p1a: Polteageist|30/100
|-ability|p1a: Polteageist|Weak Armor|boost
|-unboost|p1a: Polteageist|def|1
|-boost|p1a: Polteageist|spe|2
|-anim|p2a: Dragapult|Dragon Darts|p1a: Polteageist
|-damage|p1a: Polteageist|0 fnt
|faint|p1a: Polteageist
|-damage|p2a: Dragapult|81/100|[from] item: Life Orb
|
|-sideend|p1: RenegadeArtUtube|move: Aurora Veil
|upkeep
|
|t:|1743799326
|switch|p1a: Landorus|Landorus-Therian, M|88/100
|-damage|p1a: Landorus|76/100|[from] Stealth Rock
|-ability|p1a: Landorus|Intimidate|boost
|-unboost|p2a: Dragapult|atk|1
|turn|22
|
|t:|1743799333
|move|p2a: Dragapult|U-turn|p1a: Landorus
|-resisted|p1a: Landorus
|-damage|p1a: Landorus|65/100
|-damage|p2a: Dragapult|65/100|[from] item: Rocky Helmet|[of] p1a: Landorus
|-damage|p2a: Dragapult|55/100|[from] item: Life Orb
|
|t:|1743799336
|switch|p2a: Corviknight|Corviknight, M|51/100|[from] U-turn
|-ability|p2a: Corviknight|Pressure
|move|p1a: Landorus|Stealth Rock|p2a: Corviknight
|-sidestart|p2: Kingkaz101|move: Stealth Rock
|
|upkeep
|turn|23
|inactive|RenegadeArtUtube has 120 seconds left.
|
|t:|1743799371
|switch|p1a: Raging Bolt|Raging Bolt, tera:Fairy|34/100
|-damage|p1a: Raging Bolt|21/100|[from] Stealth Rock
|move|p2a: Corviknight|Brave Bird|p1a: Raging Bolt
|-damage|p1a: Raging Bolt|0 fnt
|faint|p1a: Raging Bolt
|-end|p1a: Raging Bolt|Protosynthesis|[silent]
|-damage|p2a: Corviknight|43/100|[from] Recoil
|
|upkeep
|
|t:|1743799380
|switch|p1a: Landorus|Landorus-Therian, M|65/100
|-damage|p1a: Landorus|53/100|[from] Stealth Rock
|-ability|p1a: Landorus|Intimidate|boost
|-unboost|p2a: Corviknight|atk|1
|turn|24
|inactive|RenegadeArtUtube has 120 seconds left.
|
|t:|1743799400
|move|p1a: Landorus|U-turn|p2a: Corviknight
|-resisted|p2a: Corviknight
|-damage|p2a: Corviknight|40/100
|-damage|p1a: Landorus|36/100|[from] item: Rocky Helmet|[of] p2a: Corviknight
|
|t:|1743799403
|switch|p1a: Blaziken|Blaziken, M, shiny|100/100|[from] U-turn
|-damage|p1a: Blaziken|88/100|[from] Stealth Rock
|move|p2a: Corviknight|Brave Bird|p1a: Blaziken
|-supereffective|p1a: Blaziken
|-damage|p1a: Blaziken|12/100
|-damage|p2a: Corviknight|21/100|[from] Recoil
|
|upkeep
|turn|25
|inactive|RenegadeArtUtube has 120 seconds left.
|
|t:|1743799419
|move|p1a: Blaziken|Knock Off|p2a: Corviknight
|-damage|p2a: Corviknight|3/100
|-damage|p1a: Blaziken|0 fnt|[from] item: Rocky Helmet|[of] p2a: Corviknight
|faint|p1a: Blaziken
|move|p2a: Corviknight|Brave Bird|p1: Blaziken|[notarget]
|-fail|p2a: Corviknight
|
|upkeep
|c|☆RenegadeArtUtube|Oh my fking God dude
|
|t:|1743799434
|switch|p1a: Landorus|Landorus-Therian, M|36/100
|-damage|p1a: Landorus|24/100|[from] Stealth Rock
|-ability|p1a: Landorus|Intimidate|boost
|-unboost|p2a: Corviknight|atk|1
|turn|26
|l|☆Kingkaz101
|inactive|Kingkaz101 disconnected and has a minute to reconnect!
|player|p2|
|-message|RenegadeArtUtube forfeited.
|
|win|Kingkaz101
|raw|RenegadeArtUtube's rating: 1606 &rarr; <strong>1584</strong><br />(-22 for losing)
|raw|Kingkaz101's rating: 1570 &rarr; <strong>1592</strong><br />(+22 for winning)
|l|☆RenegadeArtUtube
|player|p1|
|j|☆Kingkaz101
|player|p2|Kingkaz101|170|
|l|☆Kingkaz101
|player|p2|
