|j|☆Dimitry5000
|j|☆minogod94
|t:|1743849797
|gametype|singles
|player|p1|Dimitry5000|cyclistf-gen4|1282
|player|p2|minogod94|n|1243
|teamsize|p1|6
|teamsize|p2|6
|gen|9
|tier|[Gen 9] OU
|rated|
|rule|HP Percentage Mod: HP is shown in percentages
|rule|Endless Battle Clause: Forcing endless battles is banned
|rule|Species Clause: Limit one of each Pokémon
|rule|OHKO Clause: OHKO moves are banned
|rule|Evasion Items Clause: Evasion items are banned
|rule|Evasion Moves Clause: Evasion moves are banned
|rule|Sleep Moves Clause: Sleep-inducing moves are banned
|clearpoke
|poke|p1|Toxapex, M|
|poke|p1|Gliscor, M|
|poke|p1|Dondozo, F|
|poke|p1|Blissey, F|
|poke|p1|Corviknight, F|
|poke|p1|Clefable, F|
|poke|p2|Pawmot, F|
|poke|p2|Kingambit, F|
|poke|p2|Araquanid, F|
|poke|p2|Dragapult, M|
|poke|p2|Enamorus, F|
|poke|p2|Iron Moth|
|teampreview
|inactive|Battle timer is ON: inactive players will automatically lose when time's up. (requested by minogod94)
|
|t:|1743849809
|start
|switch|p1a: Toxapex|Toxapex, M|100/100
|switch|p2a: Tarenbulle|Araquanid, F|100/100
|turn|1
|
|t:|1743849814
|move|p2a: Tarenbulle|Infestation|p1a: Toxapex
|-resisted|p1a: Toxapex
|-damage|p1a: Toxapex|98/100
|-activate|p1a: Toxapex|move: Infestation|[of] p2a: Tarenbulle
|-damage|p2a: Tarenbulle|84/100|[from] item: Rocky Helmet|[of] p1a: Toxapex
|move|p1a: Toxapex|Toxic|p2a: Tarenbulle
|-status|p2a: Tarenbulle|tox
|
|-damage|p2a: Tarenbulle|78/100 tox|[from] psn
|-damage|p1a: Toxapex|86/100|[from] move: Infestation|[partiallytrapped]
|upkeep
|turn|2
|
|t:|1743849828
|move|p2a: Tarenbulle|Surf|p1a: Toxapex
|-resisted|p1a: Toxapex
|-damage|p1a: Toxapex|62/100
|move|p1a: Toxapex|Surf|p2a: Tarenbulle
|-resisted|p2a: Tarenbulle
|-damage|p2a: Tarenbulle|70/100 tox
|
|-damage|p2a: Tarenbulle|58/100 tox|[from] psn
|-damage|p1a: Toxapex|50/100|[from] move: Infestation|[partiallytrapped]
|upkeep
|turn|3
|
|t:|1743849836
|move|p2a: Tarenbulle|Surf|p1a: Toxapex
|-resisted|p1a: Toxapex
|-damage|p1a: Toxapex|26/100
|move|p1a: Toxapex|Recover|p1a: Toxapex
|-heal|p1a: Toxapex|76/100
|
|-damage|p2a: Tarenbulle|40/100 tox|[from] psn
|-damage|p1a: Toxapex|64/100|[from] move: Infestation|[partiallytrapped]
|upkeep
|turn|4
|
|t:|1743849844
|move|p2a: Tarenbulle|Surf|p1a: Toxapex
|-resisted|p1a: Toxapex
|-damage|p1a: Toxapex|39/100
|move|p1a: Toxapex|Recover|p1a: Toxapex
|-heal|p1a: Toxapex|89/100
|
|-damage|p2a: Tarenbulle|15/100 tox|[from] psn
|-damage|p1a: Toxapex|77/100|[from] move: Infestation|[partiallytrapped]
|upkeep
|turn|5
|l|☆Dimitry5000
|inactive|Dimitry5000 disconnected and has a minute to reconnect!
|player|p1|
|j|☆Dimitry5000
|inactive|Dimitry5000 reconnected and has 145 seconds left.
|player|p1|Dimitry5000|cyclistf-gen4|
|-enditem|p2a: Tarenbulle|Custap Berry|[eat]
|-activate|p2a: Tarenbulle|item: Custap Berry|[consumed]
|
|t:|1743849859
|move|p2a: Tarenbulle|Endeavor|p1a: Toxapex
|-damage|p1a: Toxapex|17/100
|-damage|p2a: Tarenbulle|0 fnt|[from] item: Rocky Helmet|[of] p1a: Toxapex
|faint|p2a: Tarenbulle
|move|p1a: Toxapex|Recover|p1a: Toxapex
|-heal|p1a: Toxapex|67/100
|
|-end|p1a: Toxapex|Infestation|[partiallytrapped]|[silent]
|upkeep
|
|t:|1743849870
|switch|p2a: Scalpereur|Kingambit, F|100/100
|-activate|p2a: Scalpereur|ability: Supreme Overlord
|-start|p2a: Scalpereur|fallen1|[silent]
|turn|6
|
|t:|1743849879
|move|p2a: Scalpereur|Swords Dance|p2a: Scalpereur
|-boost|p2a: Scalpereur|atk|2
|move|p1a: Toxapex|Recover|p1a: Toxapex
|-heal|p1a: Toxapex|100/100
|
|upkeep
|turn|7
|
|t:|1743849890
|switch|p1a: Dondozo|Dondozo, F|100/100
|move|p2a: Scalpereur|Kowtow Cleave|p1a: Dondozo
|-damage|p1a: Dondozo|70/100
|
|-heal|p1a: Dondozo|76/100|[from] item: Leftovers
|upkeep
|turn|8
|
|t:|1743849897
|-end|p2a: Scalpereur|fallen1|[silent]
|switch|p2a: Lanssorien|Dragapult, M|100/100
|move|p1a: Dondozo|Curse|p1a: Dondozo
|-unboost|p1a: Dondozo|spe|1
|-boost|p1a: Dondozo|atk|1
|-boost|p1a: Dondozo|def|1
|
|-heal|p1a: Dondozo|82/100|[from] item: Leftovers
|upkeep
|turn|9
|
|t:|1743849905
|move|p2a: Lanssorien|Will-O-Wisp|p1a: Dondozo
|-status|p1a: Dondozo|brn
|move|p1a: Dondozo|Waterfall|p2a: Lanssorien
|-resisted|p2a: Lanssorien
|-crit|p2a: Lanssorien
|-damage|p2a: Lanssorien|78/100
|
|-heal|p1a: Dondozo|88/100 brn|[from] item: Leftovers
|-damage|p1a: Dondozo|82/100 brn|[from] brn
|upkeep
|turn|10
|
|t:|1743849915
|move|p2a: Lanssorien|Will-O-Wisp|p1a: Dondozo|[miss]
|-miss|p2a: Lanssorien|p1a: Dondozo
|move|p1a: Dondozo|Curse|p1a: Dondozo
|-unboost|p1a: Dondozo|spe|1
|-boost|p1a: Dondozo|atk|1
|-boost|p1a: Dondozo|def|1
|
|-heal|p1a: Dondozo|88/100 brn|[from] item: Leftovers
|-damage|p1a: Dondozo|82/100 brn|[from] brn
|upkeep
|turn|11
|
|t:|1743849925
|move|p2a: Lanssorien|Hex|p1a: Dondozo
|-crit|p1a: Dondozo
|-damage|p1a: Dondozo|2/100 brn
|-damage|p2a: Lanssorien|68/100|[from] item: Life Orb
|move|p1a: Dondozo|Curse|p1a: Dondozo
|-unboost|p1a: Dondozo|spe|1
|-boost|p1a: Dondozo|atk|1
|-boost|p1a: Dondozo|def|1
|
|-heal|p1a: Dondozo|8/100 brn|[from] item: Leftovers
|-damage|p1a: Dondozo|2/100 brn|[from] brn
|upkeep
|turn|12
|
|t:|1743849943
|switch|p1a: Blissey|Blissey, F|100/100
|move|p2a: Lanssorien|Dragon Darts|p1a: Blissey
|-damage|p1a: Blissey|65/100
|-anim|p2a: Lanssorien|Dragon Darts|p1a: Blissey
|-damage|p1a: Blissey|30/100
|-damage|p2a: Lanssorien|58/100|[from] item: Life Orb
|
|upkeep
|turn|13
|
|t:|1743849953
|switch|p1a: Corviknight|Corviknight, F|100/100
|move|p2a: Lanssorien|Dragon Darts|p1a: Corviknight
|-resisted|p1a: Corviknight
|-damage|p1a: Corviknight|88/100
|-anim|p2a: Lanssorien|Dragon Darts|p1a: Corviknight
|-resisted|p1a: Corviknight
|-damage|p1a: Corviknight|76/100
|-damage|p2a: Lanssorien|48/100|[from] item: Life Orb
|
|upkeep
|turn|14
|
|t:|1743849964
|move|p2a: Lanssorien|Will-O-Wisp|p1a: Corviknight
|-status|p1a: Corviknight|brn
|move|p1a: Corviknight|Brave Bird|p2a: Lanssorien
|-damage|p2a: Lanssorien|22/100
|-damage|p1a: Corviknight|69/100 brn|[from] Recoil
|
|-damage|p1a: Corviknight|62/100 brn|[from] brn
|upkeep
|turn|15
|
|t:|1743849972
|move|p2a: Lanssorien|Hex|p1a: Corviknight
|-damage|p1a: Corviknight|11/100 brn
|-damage|p2a: Lanssorien|12/100|[from] item: Life Orb
|move|p1a: Corviknight|Roost|p1a: Corviknight
|-heal|p1a: Corviknight|61/100 brn
|-singleturn|p1a: Corviknight|move: Roost
|
|-damage|p1a: Corviknight|55/100 brn|[from] brn
|upkeep
|turn|16
|
|t:|1743849989
|move|p2a: Lanssorien|Hex|p1a: Corviknight
|-damage|p1a: Corviknight|4/100 brn
|-damage|p2a: Lanssorien|2/100|[from] item: Life Orb
|move|p1a: Corviknight|Brave Bird|p2a: Lanssorien
|-damage|p2a: Lanssorien|0 fnt
|faint|p2a: Lanssorien
|-damage|p1a: Corviknight|4/100 brn|[from] Recoil
|
|-damage|p1a: Corviknight|0 fnt|[from] brn
|faint|p1a: Corviknight
|upkeep
|
|t:|1743850000
|switch|p2a: Pohmarmotte|Pawmot, F|100/100
|switch|p1a: Blissey|Blissey, F|30/100
|turn|17
|
|t:|1743850007
|switch|p1a: Toxapex|Toxapex, M|100/100
|move|p2a: Pohmarmotte|Ice Punch|p1a: Toxapex
|-resisted|p1a: Toxapex
|-damage|p1a: Toxapex|90/100
|-damage|p2a: Pohmarmotte|84/100|[from] item: Rocky Helmet|[of] p1a: Toxapex
|-damage|p2a: Pohmarmotte|74/100|[from] item: Life Orb
|
|upkeep
|turn|18
|
|t:|1743850015
|-terastallize|p2a: Pohmarmotte|Electric
|move|p2a: Pohmarmotte|Double Shock|p1a: Toxapex
|-supereffective|p1a: Toxapex
|-damage|p1a: Toxapex|0 fnt
|-start|p2a: Pohmarmotte|typechange|Electric|[from] move: Double Shock
|-damage|p2a: Pohmarmotte|58/100|[from] item: Rocky Helmet|[of] p1a: Toxapex
|faint|p1a: Toxapex
|-damage|p2a: Pohmarmotte|48/100|[from] item: Life Orb
|
|upkeep
|
|t:|1743850027
|switch|p1a: Gliscor|Gliscor, M|100/100
|turn|19
|
|t:|1743850030
|move|p2a: Pohmarmotte|Ice Punch|p1a: Gliscor
|-supereffective|p1a: Gliscor
|-damage|p1a: Gliscor|0 fnt
|faint|p1a: Gliscor
|-damage|p2a: Pohmarmotte|38/100|[from] item: Life Orb
|
|upkeep
|-message|Dimitry5000 forfeited.
|
|win|minogod94
|raw|Dimitry5000's rating: 1282 &rarr; <strong>1254</strong><br />(-28 for losing)
|raw|minogod94's rating: 1243 &rarr; <strong>1271</strong><br />(+28 for winning)
|l|☆Dimitry5000
|player|p1|
|l|☆minogod94
|player|p2|
