|j|☆Ceron75
|j|☆arceuxnik
|t:|1743873603
|gametype|singles
|player|p1|Ceron75|colress|1230
|player|p2|arceuxnik|nurseryaide|1281
|teamsize|p1|6
|teamsize|p2|6
|gen|9
|tier|[Gen 9] OU
|rated|
|rule|HP Percentage Mod: HP is shown in percentages
|rule|Endless Battle Clause: Forcing endless battles is banned
|rule|Species Clause: Limit one of each Pokémon
|rule|OHKO Clause: OHKO moves are banned
|rule|Evasion Items Clause: Evasion items are banned
|rule|Evasion Moves Clause: Evasion moves are banned
|rule|Sleep Moves Clause: Sleep-inducing moves are banned
|clearpoke
|poke|p1|Samurott-Hisui, M|
|poke|p1|Murkrow, F|
|poke|p1|Ribombee, F|
|poke|p1|Clodsire, F|
|poke|p1|Corviknight, M|
|poke|p1|Kingambit, M|
|poke|p2|Kingambit, F|
|poke|p2|Great Tusk|
|poke|p2|Moltres|
|poke|p2|Araquanid, M|
|poke|p2|Latias, F|
|poke|p2|Slowking-Galar, F|
|teampreview
|inactive|Battle timer is ON: inactive players will automatically lose when time's up. (requested by Ceron75)
|
|t:|1743873621
|start
|switch|p1a: Ribombee|Ribombee, F|100/100
|switch|p2a: Araquanid|Araquanid, M|100/100
|turn|1
|
|t:|1743873626
|move|p1a: Ribombee|Sticky Web|p2a: Araquanid
|-sidestart|p2: arceuxnik|move: Sticky Web
|move|p2a: Araquanid|Liquidation|p1a: Ribombee
|-damage|p1a: Ribombee|14/100
|
|upkeep
|turn|2
|
|t:|1743873636
|move|p1a: Ribombee|Moonblast|p2a: Araquanid
|-damage|p2a: Araquanid|76/100
|-unboost|p2a: Araquanid|spa|1
|move|p2a: Araquanid|Sticky Web|p1a: Ribombee
|-sidestart|p1: Ceron75|move: Sticky Web
|
|upkeep
|turn|3
|
|t:|1743873646
|move|p1a: Ribombee|Tailwind|p1a: Ribombee
|-sidestart|p1: Ceron75|move: Tailwind
|move|p2a: Araquanid|Liquidation|p1a: Ribombee
|-damage|p1a: Ribombee|0 fnt
|faint|p1a: Ribombee
|
|upkeep
|
|t:|1743873654
|switch|p1a: Samurott|Samurott-Hisui, M|100/100
|-activate|p1a: Samurott|move: Sticky Web
|-unboost|p1a: Samurott|spe|1
|turn|4
|
|t:|1743873661
|move|p1a: Samurott|Ceaseless Edge|p2a: Araquanid
|-damage|p2a: Araquanid|27/100
|-sidestart|p2: arceuxnik|Spikes
|move|p2a: Araquanid|Lunge|p1a: Samurott
|-supereffective|p1a: Samurott
|-damage|p1a: Samurott|33/100
|-unboost|p1a: Samurott|atk|1
|
|upkeep
|turn|5
|
|t:|1743873671
|switch|p2a: Moltres|Moltres|100/100
|move|p1a: Samurott|Ceaseless Edge|p2a: Moltres
|-damage|p2a: Moltres|76/100
|-sidestart|p2: arceuxnik|Spikes
|
|upkeep
|turn|6
|
|t:|1743873680
|move|p1a: Samurott|Ceaseless Edge|p2a: Moltres
|-damage|p2a: Moltres|54/100
|-sidestart|p2: arceuxnik|Spikes
|move|p2a: Moltres|U-turn|p1a: Samurott
|-supereffective|p1a: Samurott
|-damage|p1a: Samurott|0 fnt
|faint|p1a: Samurott
|
|t:|1743873690
|switch|p2a: Araquanid|Araquanid, M|27/100|[from] U-turn
|-activate|p2a: Araquanid|move: Sticky Web
|-unboost|p2a: Araquanid|spe|1
|-damage|p2a: Araquanid|2/100|[from] Spikes
|
|-sideend|p1: Ceron75|move: Tailwind
|upkeep
|
|t:|1743873702
|switch|p1a: Corviknight|Corviknight, M|100/100
|-ability|p1a: Corviknight|Pressure
|turn|7
|-enditem|p2a: Araquanid|Custap Berry|[eat]
|-activate|p2a: Araquanid|item: Custap Berry|[consumed]
|
|t:|1743873712
|move|p2a: Araquanid|Endeavor|p1a: Corviknight
|-damage|p1a: Corviknight|2/100
|move|p1a: Corviknight|U-turn|p2a: Araquanid
|-damage|p2a: Araquanid|0 fnt
|faint|p2a: Araquanid
|
|t:|1743873738
|switch|p1a: Kingambit|Kingambit, M|100/100|[from] U-turn
|-activate|p1a: Kingambit|move: Sticky Web
|-unboost|p1a: Kingambit|spe|1
|-activate|p1a: Kingambit|ability: Supreme Overlord
|-start|p1a: Kingambit|fallen2|[silent]
|
|upkeep
|
|t:|1743873750
|switch|p2a: Moltres|Moltres|54/100
|turn|8
|
|t:|1743873755
|-end|p1a: Kingambit|fallen2|[silent]
|switch|p1a: Clodsire|Clodsire, F|100/100
|-activate|p1a: Clodsire|move: Sticky Web
|-unboost|p1a: Clodsire|spe|1
|move|p2a: Moltres|Will-O-Wisp|p1a: Clodsire
|-status|p1a: Clodsire|brn
|
|-damage|p1a: Clodsire|94/100 brn|[from] brn
|upkeep
|turn|9
|
|t:|1743873763
|move|p2a: Moltres|U-turn|p1a: Clodsire
|-resisted|p1a: Clodsire
|-damage|p1a: Clodsire|89/100 brn
|
|t:|1743873766
|switch|p2a: Great Tusk|Great Tusk, shiny|100/100|[from] U-turn
|-activate|p2a: Great Tusk|move: Sticky Web
|-unboost|p2a: Great Tusk|spe|1
|-damage|p2a: Great Tusk|76/100|[from] Spikes
|move|p1a: Clodsire|Toxic|p2a: Great Tusk
|-status|p2a: Great Tusk|tox
|
|-heal|p2a: Great Tusk|82/100 tox|[from] item: Leftovers
|-heal|p1a: Clodsire|95/100 brn|[from] item: Leftovers
|-damage|p2a: Great Tusk|76/100 tox|[from] psn
|-damage|p1a: Clodsire|89/100 brn|[from] brn
|upkeep
|turn|10
|
|t:|1743873774
|move|p1a: Clodsire|Protect|p1a: Clodsire
|-singleturn|p1a: Clodsire|Protect
|move|p2a: Great Tusk|Rapid Spin|p1a: Clodsire
|-activate|p1a: Clodsire|move: Protect
|
|-heal|p2a: Great Tusk|82/100 tox|[from] item: Leftovers
|-heal|p1a: Clodsire|95/100 brn|[from] item: Leftovers
|-damage|p2a: Great Tusk|69/100 tox|[from] psn
|-damage|p1a: Clodsire|89/100 brn|[from] brn
|upkeep
|turn|11
|
|t:|1743873787
|move|p2a: Great Tusk|Rapid Spin|p1a: Clodsire
|-damage|p1a: Clodsire|76/100 brn
|-boost|p2a: Great Tusk|spe|1
|-sideend|p2: arceuxnik|Spikes|[from] move: Rapid Spin|[of] p2a: Great Tusk
|-sideend|p2: arceuxnik|Sticky Web|[from] move: Rapid Spin|[of] p2a: Great Tusk
|move|p1a: Clodsire|Earthquake|p2a: Great Tusk
|-damage|p2a: Great Tusk|61/100 tox
|
|-heal|p2a: Great Tusk|67/100 tox|[from] item: Leftovers
|-heal|p1a: Clodsire|82/100 brn|[from] item: Leftovers
|-damage|p2a: Great Tusk|48/100 tox|[from] psn
|-damage|p1a: Clodsire|76/100 brn|[from] brn
|upkeep
|turn|12
|
|t:|1743873799
|move|p1a: Clodsire|Protect|p1a: Clodsire
|-singleturn|p1a: Clodsire|Protect
|move|p2a: Great Tusk|Stealth Rock|p1a: Clodsire
|-sidestart|p1: Ceron75|move: Stealth Rock
|
|-heal|p2a: Great Tusk|54/100 tox|[from] item: Leftovers
|-heal|p1a: Clodsire|82/100 brn|[from] item: Leftovers
|-damage|p2a: Great Tusk|30/100 tox|[from] psn
|-damage|p1a: Clodsire|76/100 brn|[from] brn
|upkeep
|turn|13
|
|t:|1743873828
|-end|p2a: Great Tusk|Protosynthesis|[silent]
|switch|p2a: Moltres|Moltres|54/100
|move|p1a: Clodsire|Recover|p1a: Clodsire
|-heal|p1a: Clodsire|100/100 brn
|
|-damage|p1a: Clodsire|94/100 brn|[from] brn
|upkeep
|turn|14
|
|t:|1743873842
|move|p2a: Moltres|U-turn|p1a: Clodsire
|-resisted|p1a: Clodsire
|-damage|p1a: Clodsire|89/100 brn
|
|t:|1743873845
|switch|p2a: Great Tusk|Great Tusk, shiny|30/100 tox|[from] U-turn
|move|p1a: Clodsire|Toxic|p2a: Great Tusk
|-fail|p2a: Great Tusk|tox
|
|-heal|p2a: Great Tusk|36/100 tox|[from] item: Leftovers
|-heal|p1a: Clodsire|95/100 brn|[from] item: Leftovers
|-damage|p2a: Great Tusk|30/100 tox|[from] psn
|-damage|p1a: Clodsire|89/100 brn|[from] brn
|upkeep
|turn|15
|
|t:|1743873853
|move|p1a: Clodsire|Protect|p1a: Clodsire
|-singleturn|p1a: Clodsire|Protect
|move|p2a: Great Tusk|Headlong Rush|p1a: Clodsire
|-activate|p1a: Clodsire|move: Protect
|
|-heal|p2a: Great Tusk|36/100 tox|[from] item: Leftovers
|-heal|p1a: Clodsire|95/100 brn|[from] item: Leftovers
|-damage|p2a: Great Tusk|23/100 tox|[from] psn
|-damage|p1a: Clodsire|89/100 brn|[from] brn
|upkeep
|turn|16
|
|t:|1743873865
|switch|p1a: Corviknight|Corviknight, M|2/100
|-ability|p1a: Corviknight|Pressure
|move|p2a: Great Tusk|Headlong Rush|p1a: Corviknight
|-immune|p1a: Corviknight
|
|-heal|p2a: Great Tusk|30/100 tox|[from] item: Leftovers
|-damage|p2a: Great Tusk|11/100 tox|[from] psn
|upkeep
|turn|17
|
|t:|1743873878
|move|p2a: Great Tusk|Rapid Spin|p1a: Corviknight
|-resisted|p1a: Corviknight
|-damage|p1a: Corviknight|0 fnt
|-boost|p2a: Great Tusk|spe|1
|faint|p1a: Corviknight
|
|-heal|p2a: Great Tusk|17/100 tox|[from] item: Leftovers
|-damage|p2a: Great Tusk|0 fnt|[from] psn
|faint|p2a: Great Tusk
|-end|p2a: Great Tusk|Protosynthesis|[silent]
|upkeep
|
|t:|1743873891
|switch|p2a: Kingambit|Kingambit, F, shiny|100/100
|switch|p1a: Clodsire|Clodsire, F|89/100 brn
|-activate|p2a: Kingambit|ability: Supreme Overlord
|-start|p2a: Kingambit|fallen2|[silent]
|-activate|p1a: Clodsire|move: Sticky Web
|-unboost|p1a: Clodsire|spe|1
|-damage|p1a: Clodsire|82/100 brn|[from] Stealth Rock
|turn|18
|
|t:|1743873900
|move|p1a: Clodsire|Protect|p1a: Clodsire
|-singleturn|p1a: Clodsire|Protect
|move|p2a: Kingambit|Iron Head|p1a: Clodsire
|-activate|p1a: Clodsire|move: Protect
|
|-heal|p1a: Clodsire|89/100 brn|[from] item: Leftovers
|-damage|p1a: Clodsire|82/100 brn|[from] brn
|upkeep
|turn|19
|
|t:|1743873910
|move|p2a: Kingambit|Iron Head|p1a: Clodsire
|-damage|p1a: Clodsire|33/100 brn
|move|p1a: Clodsire|Earthquake|p2a: Kingambit
|-supereffective|p2a: Kingambit
|-damage|p2a: Kingambit|79/100
|
|-heal|p2a: Kingambit|85/100|[from] item: Leftovers
|-heal|p1a: Clodsire|40/100 brn|[from] item: Leftovers
|-damage|p1a: Clodsire|33/100 brn|[from] brn
|upkeep
|turn|20
|
|t:|1743873931
|switch|p1a: Murkrow|Murkrow, F|100/100
|-damage|p1a: Murkrow|76/100|[from] Stealth Rock
|move|p2a: Kingambit|Iron Head|p1a: Murkrow
|-damage|p1a: Murkrow|0 fnt
|faint|p1a: Murkrow
|
|-heal|p2a: Kingambit|91/100|[from] item: Leftovers
|upkeep
|
|t:|1743873934
|switch|p1a: Clodsire|Clodsire, F|33/100 brn
|-activate|p1a: Clodsire|move: Sticky Web
|-unboost|p1a: Clodsire|spe|1
|-damage|p1a: Clodsire|27/100 brn|[from] Stealth Rock
|turn|21
|
|t:|1743873942
|move|p2a: Kingambit|Iron Head|p1a: Clodsire
|-damage|p1a: Clodsire|0 fnt
|faint|p1a: Clodsire
|
|-heal|p2a: Kingambit|97/100|[from] item: Leftovers
|upkeep
|
|t:|1743873944
|switch|p1a: Kingambit|Kingambit, M|100/100
|-activate|p1a: Kingambit|move: Sticky Web
|-unboost|p1a: Kingambit|spe|1
|-damage|p1a: Kingambit|94/100|[from] Stealth Rock
|-activate|p1a: Kingambit|ability: Supreme Overlord
|-start|p1a: Kingambit|fallen5|[silent]
|turn|22
|
|t:|1743873957
|move|p2a: Kingambit|Swords Dance|p2a: Kingambit
|-boost|p2a: Kingambit|atk|2
|move|p1a: Kingambit|Swords Dance|p1a: Kingambit
|-boost|p1a: Kingambit|atk|2
|
|-heal|p2a: Kingambit|100/100|[from] item: Leftovers
|upkeep
|turn|23
|
|t:|1743873967
|move|p1a: Kingambit|Sucker Punch|p2a: Kingambit
|-resisted|p2a: Kingambit
|-damage|p2a: Kingambit|52/100
|move|p2a: Kingambit|Kowtow Cleave|p1a: Kingambit
|-resisted|p1a: Kingambit
|-damage|p1a: Kingambit|52/100
|
|-heal|p2a: Kingambit|58/100|[from] item: Leftovers
|upkeep
|turn|24
|
|t:|1743873980
|move|p2a: Kingambit|Kowtow Cleave|p1a: Kingambit
|-resisted|p1a: Kingambit
|-damage|p1a: Kingambit|8/100
|move|p1a: Kingambit|Swords Dance|p1a: Kingambit
|-boost|p1a: Kingambit|atk|2
|
|-heal|p2a: Kingambit|64/100|[from] item: Leftovers
|upkeep
|turn|25
|
|t:|1743874003
|move|p1a: Kingambit|Sucker Punch||[still]
|-fail|p1a: Kingambit
|move|p2a: Kingambit|Swords Dance|p2a: Kingambit
|-boost|p2a: Kingambit|atk|2
|
|-heal|p2a: Kingambit|70/100|[from] item: Leftovers
|upkeep
|turn|26
|
|t:|1743874013
|move|p2a: Kingambit|Sucker Punch|p1a: Kingambit
|-resisted|p1a: Kingambit
|-damage|p1a: Kingambit|0 fnt
|faint|p1a: Kingambit
|-end|p1a: Kingambit|fallen5|[silent]
|
|win|arceuxnik
|raw|Ceron75's rating: 1230 &rarr; <strong>1209</strong><br />(-21 for losing)
|raw|arceuxnik's rating: 1281 &rarr; <strong>1302</strong><br />(+21 for winning)
|l|☆arceuxnik
|player|p2|
