|j|☆Burgundi
|j|☆420Pimmelberger
|t:|1743841224
|gametype|singles
|player|p1|Burgundi|hilbert|1191
|player|p2|420Pimmelberger|1|1265
|teamsize|p1|6
|teamsize|p2|6
|gen|9
|tier|[Gen 9] OU
|rated|
|rule|HP Percentage Mod: HP is shown in percentages
|rule|Endless Battle Clause: Forcing endless battles is banned
|rule|Species Clause: Limit one of each Pokémon
|rule|OHKO Clause: OHKO moves are banned
|rule|Evasion Items Clause: Evasion items are banned
|rule|Evasion Moves Clause: Evasion moves are banned
|rule|Sleep Moves Clause: Sleep-inducing moves are banned
|clearpoke
|poke|p1|Ribombee, M|
|poke|p1|Cinderace, F|
|poke|p1|Serperior, F|
|poke|p1|Kingambit, F|
|poke|p1|Garganacl, M|
|poke|p1|Latias, F|
|poke|p2|Gumshoos, M|
|poke|p2|Mandibuzz, F|
|poke|p2|Clodsire, F|
|poke|p2|Tauros-Paldea-Aqua, M|
|poke|p2|Espeon, M|
|poke|p2|Scizor, M|
|teampreview
|inactive|Battle timer is ON: inactive players will automatically lose when time's up. (requested by Burgundi)
|
|t:|1743841233
|start
|switch|p1a: Ribombee|Ribombee, M|100/100
|switch|p2a: tons of earwax|Espeon, M|100/100
|turn|1
|
|t:|1743841244
|move|p1a: Ribombee|Sticky Web|p2a: tons of earwax
|move|p2a: tons of earwax|Sticky Web|p1a: Ribombee|[from] ability: Magic Bounce
|-sidestart|p1: Burgundi|move: Sticky Web
|move|p2a: tons of earwax|Calm Mind|p2a: tons of earwax
|-boost|p2a: tons of earwax|spa|1
|-boost|p2a: tons of earwax|spd|1
|
|upkeep
|turn|2
|
|t:|1743841260
|move|p1a: Ribombee|Bug Buzz|p2a: tons of earwax
|-supereffective|p2a: tons of earwax
|-damage|p2a: tons of earwax|34/100
|-unboost|p2a: tons of earwax|spd|1
|move|p2a: tons of earwax|Draining Kiss|p1a: Ribombee
|-damage|p1a: Ribombee|39/100
|-heal|p2a: tons of earwax|78/100|[from] drain|[of] p1a: Ribombee
|-damage|p2a: tons of earwax|68/100|[from] item: Life Orb
|
|upkeep
|turn|3
|
|t:|1743841277
|switch|p2a: The Sire|Clodsire, F|100/100
|move|p1a: Ribombee|Bug Buzz|p2a: The Sire
|-resisted|p2a: The Sire
|-damage|p2a: The Sire|91/100
|
|-heal|p2a: The Sire|97/100|[from] item: Leftovers
|upkeep
|turn|4
|
|t:|1743841289
|switch|p2a: tons of earwax|Espeon, M|68/100
|move|p1a: Ribombee|Bug Buzz|p2a: tons of earwax
|-supereffective|p2a: tons of earwax
|-damage|p2a: tons of earwax|0 fnt
|faint|p2a: tons of earwax
|
|upkeep
|
|t:|1743841296
|switch|p2a: Cool Guy|Scizor, M|100/100
|turn|5
|
|t:|1743841300
|move|p2a: Cool Guy|Bullet Punch|p1a: Ribombee
|-supereffective|p1a: Ribombee
|-damage|p1a: Ribombee|0 fnt
|faint|p1a: Ribombee
|
|upkeep
|
|t:|1743841308
|switch|p1a: Kingambit|Kingambit, F, shiny|100/100
|-activate|p1a: Kingambit|move: Sticky Web
|-unboost|p1a: Kingambit|spe|1
|-ability|p1a: Kingambit|Defiant|boost
|-boost|p1a: Kingambit|atk|2
|turn|6
|
|t:|1743841319
|-terastallize|p1a: Kingambit|Fairy
|move|p2a: Cool Guy|Close Combat|p1a: Kingambit
|-resisted|p1a: Kingambit
|-damage|p1a: Kingambit|87/100
|-unboost|p2a: Cool Guy|def|1
|-unboost|p2a: Cool Guy|spd|1
|move|p1a: Kingambit|Kowtow Cleave|p2a: Cool Guy
|-crit|p2a: Cool Guy
|-damage|p2a: Cool Guy|0 fnt
|faint|p2a: Cool Guy
|
|upkeep
|
|t:|1743841340
|switch|p2a: Mayor Thicccums|Mandibuzz, F|100/100
|turn|7
|
|t:|1743841344
|move|p2a: Mayor Thicccums|Toxic|p1a: Kingambit|[miss]
|-miss|p2a: Mayor Thicccums|p1a: Kingambit
|move|p1a: Kingambit|Swords Dance|p1a: Kingambit
|-boost|p1a: Kingambit|atk|2
|
|upkeep
|turn|8
|
|t:|1743841351
|move|p2a: Mayor Thicccums|Iron Defense|p2a: Mayor Thicccums
|-boost|p2a: Mayor Thicccums|def|2
|move|p1a: Kingambit|Iron Head|p2a: Mayor Thicccums
|-damage|p2a: Mayor Thicccums|60/100
|
|upkeep
|turn|9
|
|t:|1743841358
|move|p2a: Mayor Thicccums|Toxic|p1a: Kingambit
|-status|p1a: Kingambit|tox
|move|p1a: Kingambit|Iron Head|p2a: Mayor Thicccums
|-damage|p2a: Mayor Thicccums|18/100
|
|-damage|p1a: Kingambit|81/100 tox|[from] psn
|upkeep
|turn|10
|
|t:|1743841365
|move|p2a: Mayor Thicccums|Roost|p2a: Mayor Thicccums
|-heal|p2a: Mayor Thicccums|68/100
|-singleturn|p2a: Mayor Thicccums|move: Roost
|move|p1a: Kingambit|Iron Head|p2a: Mayor Thicccums
|-crit|p2a: Mayor Thicccums
|-damage|p2a: Mayor Thicccums|0 fnt
|faint|p2a: Mayor Thicccums
|
|-damage|p1a: Kingambit|68/100 tox|[from] psn
|upkeep
|
|t:|1743841377
|switch|p2a: Tonald Drump|Gumshoos, M, shiny|100/100
|turn|11
|
|t:|1743841383
|move|p1a: Kingambit|Sucker Punch|p2a: Tonald Drump
|-damage|p2a: Tonald Drump|0 fnt
|faint|p2a: Tonald Drump
|
|-damage|p1a: Kingambit|50/100 tox|[from] psn
|upkeep
|-message|420Pimmelberger forfeited.
|
|win|Burgundi
|raw|Burgundi's rating: 1191 &rarr; <strong>1221</strong><br />(+30 for winning)
|raw|420Pimmelberger's rating: 1265 &rarr; <strong>1235</strong><br />(-30 for losing)
|l|☆420Pimmelberger
|player|p2|
|l|☆Burgundi
|player|p1|
