|j|☆aaosu
|j|☆Feral AI
|t:|1743864502
|gametype|singles
|player|p1|aaosu|cynthia-gen4|1178
|player|p2|Feral AI|acerola|1187
|teamsize|p1|6
|teamsize|p2|6
|gen|9
|tier|[Gen 9] OU
|rated|
|rule|HP Percentage Mod: HP is shown in percentages
|rule|Endless Battle Clause: Forcing endless battles is banned
|rule|Species Clause: Limit one of each Pokémon
|rule|OHKO Clause: OHKO moves are banned
|rule|Evasion Items Clause: Evasion items are banned
|rule|Evasion Moves Clause: Evasion moves are banned
|rule|Sleep Moves Clause: Sleep-inducing moves are banned
|clearpoke
|poke|p1|Manaphy|
|poke|p1|Pelipper, F|
|poke|p1|Kingdra, F|
|poke|p1|Scizor, M|
|poke|p1|Ludicolo, F|
|poke|p1|Zapdos|
|poke|p2|Ninetales-Alola, M|
|poke|p2|Hydrapple, F|
|poke|p2|Iron Treads|
|poke|p2|Primarina, F|
|poke|p2|Iron Crown|
|poke|p2|Ceruledge, F|
|teampreview
|
|t:|1743864516
|start
|switch|p1a: Pelipper|Pelipper, F|100/100
|switch|p2a: Iron Crown|Iron Crown|100/100
|-weather|RainDance|[from] ability: Drizzle|[of] p1a: Pelipper
|turn|1
|
|t:|1743864539
|switch|p1a: Zapdos|Zapdos|100/100
|move|p2a: Iron Crown|Volt Switch|p1a: Zapdos
|-damage|p1a: Zapdos|68/100
|-damage|p2a: Iron Crown|91/100|[from] item: Life Orb
|
|t:|1743864548
|-end|p2a: Iron Crown|Quark Drive|[silent]
|switch|p2a: Ninetales|Ninetales-Alola, M|100/100|[from] Volt Switch
|-weather|Snowscape|[from] ability: Snow Warning|[of] p2a: Ninetales
|
|-weather|Snowscape|[upkeep]
|upkeep
|turn|2
|
|t:|1743864564
|move|p2a: Ninetales|Freeze-Dry|p1a: Zapdos
|-supereffective|p1a: Zapdos
|-damage|p1a: Zapdos|6/100
|move|p1a: Zapdos|Heat Wave|p2a: Ninetales|[miss]
|-miss|p1a: Zapdos|p2a: Ninetales
|
|-weather|Snowscape|[upkeep]
|upkeep
|turn|3
|inactive|Battle timer is ON: inactive players will automatically lose when time's up. (requested by Feral AI)
|
|t:|1743864612
|switch|p1a: Scizor|Scizor, M|100/100
|move|p2a: Ninetales|Freeze-Dry|p1a: Scizor
|-resisted|p1a: Scizor
|-damage|p1a: Scizor|84/100
|
|-weather|Snowscape|[upkeep]
|upkeep
|turn|4
|
|t:|1743864621
|switch|p2a: Ceruledge|Ceruledge, F|100/100
|move|p1a: Scizor|Swords Dance|p1a: Scizor
|-boost|p1a: Scizor|atk|2
|
|-weather|Snowscape|[upkeep]
|upkeep
|turn|5
|inactive|aaosu has 120 seconds left.
|
|t:|1743864655
|switch|p1a: Pelipper|Pelipper, F|100/100
|-weather|RainDance|[from] ability: Drizzle|[of] p1a: Pelipper
|move|p2a: Ceruledge|Bitter Blade|p1a: Pelipper
|-resisted|p1a: Pelipper
|-damage|p1a: Pelipper|89/100
|
|-weather|RainDance|[upkeep]
|upkeep
|turn|6
|inactive|aaosu has 120 seconds left.
|
|t:|1743864668
|switch|p2a: Iron Crown|Iron Crown|91/100
|move|p1a: Pelipper|Surf|p2a: Iron Crown
|-damage|p2a: Iron Crown|48/100
|
|-weather|RainDance|[upkeep]
|upkeep
|turn|7
|inactive|aaosu has 120 seconds left.
|
|t:|1743864681
|switch|p1a: Ludicolo|Ludicolo, F|100/100
|move|p2a: Iron Crown|Volt Switch|p1a: Ludicolo
|-damage|p1a: Ludicolo|66/100
|-damage|p2a: Iron Crown|38/100|[from] item: Life Orb
|
|t:|1743864697
|-end|p2a: Iron Crown|Quark Drive|[silent]
|switch|p2a: Ceruledge|Ceruledge, F|100/100|[from] Volt Switch
|
|-weather|RainDance|[upkeep]
|upkeep
|turn|8
|
|t:|1743864705
|move|p2a: Ceruledge|X-Scissor|p1a: Ludicolo
|-supereffective|p1a: Ludicolo
|-damage|p1a: Ludicolo|0 fnt
|faint|p1a: Ludicolo
|
|-weather|RainDance|[upkeep]
|upkeep
|inactive|aaosu has 120 seconds left.
|
|t:|1743864725
|switch|p1a: Kingdra|Kingdra, F|100/100
|turn|9
|
|t:|1743864732
|switch|p2a: Hydrapple|Hydrapple, F|100/100
|move|p1a: Kingdra|Surf|p2a: Hydrapple
|-resisted|p2a: Hydrapple
|-damage|p2a: Hydrapple|85/100
|
|-weather|RainDance|[upkeep]
|upkeep
|turn|10
|inactive|aaosu has 120 seconds left.
|
|t:|1743864761
|-terastallize|p2a: Hydrapple|Grass
|move|p1a: Kingdra|Draco Meteor|p2a: Hydrapple
|-damage|p2a: Hydrapple|27/100
|-unboost|p1a: Kingdra|spa|2
|move|p2a: Hydrapple|Fickle Beam|p1a: Kingdra|[anim] Fickle Beam All Out
|-activate|p2a: Hydrapple|move: Fickle Beam
|-supereffective|p1a: Kingdra
|-damage|p1a: Kingdra|0 fnt
|faint|p1a: Kingdra
|
|-weather|RainDance|[upkeep]
|upkeep
|
|t:|1743864776
|switch|p1a: Scizor|Scizor, M|84/100
|turn|11
|
|t:|1743864783
|move|p1a: Scizor|Dual Wingbeat|p2a: Hydrapple
|-supereffective|p2a: Hydrapple
|-damage|p2a: Hydrapple|0 fnt
|faint|p2a: Hydrapple
|-hitcount|p2: Hydrapple|1
|
|-weather|RainDance|[upkeep]
|upkeep
|
|t:|1743864789
|switch|p2a: Ceruledge|Ceruledge, F|100/100
|turn|12
|inactive|aaosu has 120 seconds left.
|
|t:|1743864800
|switch|p1a: Manaphy|Manaphy|100/100
|move|p2a: Ceruledge|Bitter Blade|p1a: Manaphy
|-resisted|p1a: Manaphy
|-crit|p1a: Manaphy
|-damage|p1a: Manaphy|85/100
|
|-weather|none
|upkeep
|turn|13
|inactive|aaosu has 120 seconds left.
|
|t:|1743864811
|switch|p2a: Ninetales|Ninetales-Alola, M|100/100
|-weather|Snowscape|[from] ability: Snow Warning|[of] p2a: Ninetales
|move|p1a: Manaphy|Tail Glow|p1a: Manaphy
|-boost|p1a: Manaphy|spa|3
|
|-weather|Snowscape|[upkeep]
|upkeep
|turn|14
|inactive|aaosu has 120 seconds left.
|
|t:|1743864843
|move|p2a: Ninetales|Freeze-Dry|p1a: Manaphy
|-supereffective|p1a: Manaphy
|-damage|p1a: Manaphy|27/100
|move|p1a: Manaphy|Surf|p2a: Ninetales
|-damage|p2a: Ninetales|0 fnt
|faint|p2a: Ninetales
|
|-weather|Snowscape|[upkeep]
|upkeep
|
|t:|1743864857
|switch|p2a: Iron Treads|Iron Treads|100/100
|-enditem|p2a: Iron Treads|Booster Energy
|-activate|p2a: Iron Treads|ability: Quark Drive|[fromitem]
|-start|p2a: Iron Treads|quarkdrivespe
|turn|15
|inactive|aaosu has 90 seconds left.
|
|t:|1743864890
|move|p2a: Iron Treads|Earthquake|p1a: Manaphy
|-damage|p1a: Manaphy|0 fnt
|faint|p1a: Manaphy
|
|-weather|Snowscape|[upkeep]
|upkeep
|
|t:|1743864897
|switch|p1a: Pelipper|Pelipper, F|89/100
|-weather|RainDance|[from] ability: Drizzle|[of] p1a: Pelipper
|turn|16
|inactive|aaosu has 90 seconds left.
|
|t:|1743864910
|-end|p2a: Iron Treads|Quark Drive|[silent]
|switch|p2a: Primarina|Primarina, F|100/100
|move|p1a: Pelipper|Surf|p2a: Primarina
|-resisted|p2a: Primarina
|-damage|p2a: Primarina|83/100
|
|-weather|RainDance|[upkeep]
|upkeep
|turn|17
|inactive|aaosu has 90 seconds left.
|inactive|aaosu has 60 seconds left.
|
|t:|1743864969
|switch|p1a: Scizor|Scizor, M|84/100
|move|p2a: Primarina|Moonblast|p1a: Scizor
|-resisted|p1a: Scizor
|-damage|p1a: Scizor|51/100
|
|-weather|RainDance|[upkeep]
|upkeep
|turn|18
|
|t:|1743864983
|move|p1a: Scizor|Dual Wingbeat|p2a: Primarina
|-damage|p2a: Primarina|54/100
|-damage|p2a: Primarina|26/100
|-hitcount|p2a: Primarina|2
|move|p2a: Primarina|Hyper Voice|p1a: Scizor
|-damage|p1a: Scizor|0 fnt
|faint|p1a: Scizor
|-enditem|p2a: Primarina|Throat Spray
|-boost|p2a: Primarina|spa|1|[from] item: Throat Spray
|
|-weather|RainDance|[upkeep]
|upkeep
|
|t:|1743864997
|switch|p1a: Zapdos|Zapdos|6/100
|turn|19
|inactive|aaosu has 30 seconds left.
|inactive|aaosu has 20 seconds left.
|inactive|aaosu has 15 seconds left.
|inactive|aaosu has 10 seconds left.
|
|t:|1743865041
|move|p1a: Zapdos|Heat Wave|p2a: Primarina
|-resisted|p2a: Primarina
|-damage|p2a: Primarina|19/100
|move|p2a: Primarina|Moonblast|p1a: Zapdos
|-damage|p1a: Zapdos|0 fnt
|faint|p1a: Zapdos
|
|-weather|RainDance|[upkeep]
|upkeep
|inactive|aaosu has 15 seconds left this turn.
|inactive|aaosu has 10 seconds left.
|
|t:|1743865050
|switch|p1a: Pelipper|Pelipper, F|89/100
|turn|20
|inactive|aaosu has 20 seconds left this turn.
|inactiveoff|Battle timer is now OFF.
|
|t:|1743865059
|move|p1a: Pelipper|Hurricane|p2a: Primarina
|-damage|p2a: Primarina|0 fnt
|faint|p2a: Primarina
|
|-weather|RainDance|[upkeep]
|upkeep
|
|t:|1743865065
|switch|p2a: Iron Crown|Iron Crown|38/100
|turn|21
|
|t:|1743865076
|move|p2a: Iron Crown|Volt Switch|p1a: Pelipper
|-supereffective|p1a: Pelipper
|-crit|p1a: Pelipper
|-damage|p1a: Pelipper|0 fnt
|faint|p1a: Pelipper
|-damage|p2a: Iron Crown|28/100|[from] item: Life Orb
|
|win|Feral AI
|raw|aaosu's rating: 1178 &rarr; <strong>1154</strong><br />(-24 for losing)
|raw|Feral AI's rating: 1187 &rarr; <strong>1211</strong><br />(+24 for winning)
|l|☆Feral AI
|player|p2|
|l|☆aaosu
|player|p1|
