|j|‽Rdghjjj
|j|☆Masterofallformats
|t:|1743880441
|gametype|singles
|player|p1|Rdghjjj|youngster-gen4dp|1051
|player|p2|Masterofallformats|backersf|1043
|teamsize|p1|6
|teamsize|p2|6
|gen|9
|tier|[Gen 9] OU
|rated|
|rule|HP Percentage Mod: HP is shown in percentages
|rule|Endless Battle Clause: Forcing endless battles is banned
|rule|Species Clause: Limit one of each Pokémon
|rule|OHKO Clause: OHKO moves are banned
|rule|Evasion Items Clause: Evasion items are banned
|rule|Evasion Moves Clause: Evasion moves are banned
|rule|Sleep Moves Clause: Sleep-inducing moves are banned
|clearpoke
|poke|p1|Vileplume, M|
|poke|p1|Ninetales-Alola, F|
|poke|p1|Slowking-Galar, F|
|poke|p1|Frosmoth, M|
|poke|p1|Sandslash-Alola, M|
|poke|p1|Kyurem|
|poke|p2|Garganacl, F|
|poke|p2|Great Tusk|
|poke|p2|Ting-Lu|
|poke|p2|Ceruledge, F|
|poke|p2|Iron Hands|
|poke|p2|Florges, F|
|teampreview
|inactive|Battle timer is ON: inactive players will automatically lose when time's up. (requested by Rdghjjj)
|
|t:|1743880450
|start
|switch|p1a: Slowking|Slowking-Galar, F|100/100
|switch|p2a: Ting-Lu|Ting-Lu|100/100
|-ability|p2a: Ting-Lu|Vessel of Ruin
|turn|1
|
|t:|1743880460
|move|p2a: Ting-Lu|Stealth Rock|p1a: Slowking
|-sidestart|p1: Rdghjjj|move: Stealth Rock
|-prepare|p1a: Slowking|Chilly Reception|[premajor]
|move|p1a: Slowking|Chilly Reception|p1a: Slowking
|-weather|Snowscape
|
|t:|1743880463
|switch|p1a: Sandslash|Sandslash-Alola, M|100/100|[from] Chilly Reception
|
|-weather|Snowscape|[upkeep]
|upkeep
|turn|2
|
|t:|1743880469
|move|p1a: Sandslash|Stealth Rock|p2a: Ting-Lu
|-sidestart|p2: Masterofallformats|move: Stealth Rock
|move|p2a: Ting-Lu|Spikes|p1a: Sandslash
|-sidestart|p1: Rdghjjj|Spikes
|
|-weather|Snowscape|[upkeep]
|upkeep
|turn|3
|
|t:|1743880473
|move|p1a: Sandslash|Rapid Spin|p2a: Ting-Lu
|-damage|p2a: Ting-Lu|94/100
|-boost|p1a: Sandslash|spe|1
|-sideend|p1: Rdghjjj|Spikes|[from] move: Rapid Spin|[of] p1a: Sandslash
|-sideend|p1: Rdghjjj|Stealth Rock|[from] move: Rapid Spin|[of] p1a: Sandslash
|move|p2a: Ting-Lu|Spikes|p1a: Sandslash
|-sidestart|p1: Rdghjjj|Spikes
|
|-weather|Snowscape|[upkeep]
|-heal|p2a: Ting-Lu|100/100|[from] item: Leftovers
|upkeep
|turn|4
|
|t:|1743880478
|switch|p1a: Frosmoth|Frosmoth, M, shiny|100/100
|move|p2a: Ting-Lu|Ruination|p1a: Frosmoth
|-damage|p1a: Frosmoth|50/100
|
|-weather|Snowscape|[upkeep]
|upkeep
|turn|5
|
|t:|1743880485
|move|p1a: Frosmoth|Quiver Dance|p1a: Frosmoth
|-boost|p1a: Frosmoth|spa|1
|-boost|p1a: Frosmoth|spd|1
|-boost|p1a: Frosmoth|spe|1
|move|p2a: Ting-Lu|Whirlwind|p1a: Frosmoth
|drag|p1a: Vileplume|Vileplume, M|100/100
|-damage|p1a: Vileplume|88/100|[from] Spikes
|
|-weather|none
|upkeep
|turn|6
|
|t:|1743880488
|move|p1a: Vileplume|Leech Seed|p2a: Ting-Lu
|-start|p2a: Ting-Lu|move: Leech Seed
|move|p2a: Ting-Lu|Stealth Rock|p1a: Vileplume
|-sidestart|p1: Rdghjjj|move: Stealth Rock
|
|-damage|p2a: Ting-Lu|88/100|[from] Leech Seed|[of] p1a: Vileplume
|-heal|p1a: Vileplume|100/100|[silent]
|upkeep
|turn|7
|
|t:|1743880491
|move|p1a: Vileplume|Strength Sap|p2a: Ting-Lu
|-unboost|p2a: Ting-Lu|atk|1
|move|p2a: Ting-Lu|Whirlwind|p1a: Vileplume
|drag|p1a: Ninetales|Ninetales-Alola, F, shiny|100/100
|-damage|p1a: Ninetales|88/100|[from] Spikes
|-damage|p1a: Ninetales|63/100|[from] Stealth Rock
|-weather|Snowscape|[from] ability: Snow Warning|[of] p1a: Ninetales
|
|-weather|Snowscape|[upkeep]
|-heal|p2a: Ting-Lu|94/100|[from] item: Leftovers
|-damage|p2a: Ting-Lu|82/100|[from] Leech Seed|[of] p1a: Ninetales
|-heal|p1a: Ninetales|85/100|[silent]
|upkeep
|turn|8
|
|t:|1743880494
|move|p1a: Ninetales|Aurora Veil|p1a: Ninetales
|-sidestart|p1: Rdghjjj|move: Aurora Veil
|move|p2a: Ting-Lu|Whirlwind|p1a: Ninetales
|drag|p1a: Slowking|Slowking-Galar, F|100/100
|
|-weather|Snowscape|[upkeep]
|-heal|p2a: Ting-Lu|88/100|[from] item: Leftovers
|-damage|p2a: Ting-Lu|76/100|[from] Leech Seed|[of] p1a: Slowking
|upkeep
|turn|9
|
|t:|1743880497
|move|p1a: Slowking|Ice Beam|p2a: Ting-Lu
|-supereffective|p2a: Ting-Lu
|-damage|p2a: Ting-Lu|53/100
|move|p2a: Ting-Lu|Whirlwind|p1a: Slowking
|drag|p1a: Sandslash|Sandslash-Alola, M|100/100
|
|-weather|Snowscape|[upkeep]
|-heal|p2a: Ting-Lu|59/100|[from] item: Leftovers
|-damage|p2a: Ting-Lu|46/100|[from] Leech Seed|[of] p1a: Sandslash
|upkeep
|turn|10
|
|t:|1743880500
|move|p1a: Sandslash|Rapid Spin|p2a: Ting-Lu
|-damage|p2a: Ting-Lu|40/100
|-boost|p1a: Sandslash|spe|1
|-sideend|p1: Rdghjjj|Spikes|[from] move: Rapid Spin|[of] p1a: Sandslash
|-sideend|p1: Rdghjjj|Stealth Rock|[from] move: Rapid Spin|[of] p1a: Sandslash
|move|p2a: Ting-Lu|Whirlwind|p1a: Sandslash
|drag|p1a: Ninetales|Ninetales-Alola, F, shiny|85/100
|
|-weather|Snowscape|[upkeep]
|-heal|p2a: Ting-Lu|46/100|[from] item: Leftovers
|-damage|p2a: Ting-Lu|34/100|[from] Leech Seed|[of] p1a: Ninetales
|-heal|p1a: Ninetales|100/100|[silent]
|upkeep
|turn|11
|
|t:|1743880503
|move|p1a: Ninetales|Moonblast|p2a: Ting-Lu
|-supereffective|p2a: Ting-Lu
|-damage|p2a: Ting-Lu|0 fnt
|faint|p2a: Ting-Lu
|
|-weather|none
|upkeep
|
|t:|1743880508
|switch|p2a: Garganacl|Garganacl, F|100/100
|-damage|p2a: Garganacl|88/100|[from] Stealth Rock
|turn|12
|
|t:|1743880512
|switch|p1a: Vileplume|Vileplume, M|100/100
|move|p2a: Garganacl|Salt Cure|p1a: Vileplume
|-damage|p1a: Vileplume|95/100
|-start|p1a: Vileplume|Salt Cure
|
|-heal|p2a: Garganacl|94/100|[from] item: Leftovers
|-damage|p1a: Vileplume|82/100|[from] Salt Cure
|upkeep
|turn|13
|
|t:|1743880517
|switch|p2a: Florges|Florges, F|100/100
|-damage|p2a: Florges|88/100|[from] Stealth Rock
|move|p1a: Vileplume|Leech Seed|p2a: Florges|[miss]
|-miss|p1a: Vileplume|p2a: Florges
|
|-damage|p1a: Vileplume|70/100|[from] Salt Cure
|upkeep
|turn|14
|
|t:|1743880525
|switch|p1a: Slowking|Slowking-Galar, F|100/100
|move|p2a: Florges|Psychic|p1a: Slowking
|-damage|p1a: Slowking|89/100
|
|upkeep
|turn|15
|
|t:|1743880527
|move|p2a: Florges|Metronome|p2a: Florges
|move|p2a: Florges|Magic Powder|p1a: Slowking|[from] move: Metronome
|-start|p1a: Slowking|typechange|Psychic
|move|p1a: Slowking|Thunder Wave|p2a: Florges
|-status|p2a: Florges|par
|
|-sideend|p1: Rdghjjj|move: Aurora Veil
|upkeep
|turn|16
|
|t:|1743880533
|-prepare|p1a: Slowking|Chilly Reception|[premajor]
|move|p1a: Slowking|Chilly Reception|p1a: Slowking
|-weather|Snowscape
|
|t:|1743880550
|switch|p1a: Kyurem|Kyurem, shiny|100/100|[from] Chilly Reception
|-ability|p1a: Kyurem|Pressure
|move|p2a: Florges|Moonblast|p1a: Kyurem
|-supereffective|p1a: Kyurem
|-crit|p1a: Kyurem
|-damage|p1a: Kyurem|0 fnt
|faint|p1a: Kyurem
|
|-weather|Snowscape|[upkeep]
|upkeep
|
|t:|1743880556
|switch|p1a: Sandslash|Sandslash-Alola, M|100/100
|turn|17
|
|t:|1743880558
|move|p1a: Sandslash|Iron Head|p2a: Florges
|-supereffective|p2a: Florges
|-damage|p2a: Florges|10/100 par
|cant|p2a: Florges|flinch
|
|-weather|Snowscape|[upkeep]
|upkeep
|turn|18
|
|t:|1743880563
|move|p1a: Sandslash|Iron Head|p2a: Florges
|-supereffective|p2a: Florges
|-damage|p2a: Florges|0 fnt
|faint|p2a: Florges
|
|-weather|Snowscape|[upkeep]
|upkeep
|
|t:|1743880567
|switch|p2a: Great Tusk|Great Tusk|100/100
|turn|19
|l|☆Masterofallformats
|inactive|Masterofallformats disconnected and has a minute to reconnect!
|player|p2|
|inactive|Rdghjjj has 120 seconds left.
|j|☆Masterofallformats
|inactive|Masterofallformats reconnected.
|player|p2|Masterofallformats|backersf|
|l|☆Masterofallformats
|inactive|Masterofallformats disconnected and has a minute to reconnect!
|player|p2|
|inactive|Rdghjjj has 90 seconds left.
|j|☆Masterofallformats
|inactive|Masterofallformats reconnected.
|player|p2|Masterofallformats|backersf|
|inactive|Rdghjjj has 60 seconds left.
|inactive|Rdghjjj has 30 seconds left.
|inactive|Rdghjjj has 20 seconds left.
|inactive|Rdghjjj has 15 seconds left.
|l|‽Rdghjjj
|inactive|Rdghjjj disconnected and has a minute to reconnect!
|player|p1|
|inactive|Rdghjjj has 10 seconds left.
|inactive|Rdghjjj has 5 seconds left.
|-message|Rdghjjj lost due to inactivity.
|
|win|Masterofallformats
|raw|Rdghjjj's rating: 1051 &rarr; <strong>1033</strong><br />(-18 for losing)
|raw|Masterofallformats's rating: 1043 &rarr; <strong>1077</strong><br />(+34 for winning)
