|j|☆D3NiR
|j|☆yxh123
|t:|1743840780
|gametype|singles
|player|p1|D3NiR|marlon|1100
|player|p2|yxh123|benga|1070
|teamsize|p1|6
|teamsize|p2|6
|gen|9
|tier|[Gen 9] OU
|rated|
|rule|HP Percentage Mod: HP is shown in percentages
|rule|Endless Battle Clause: Forcing endless battles is banned
|rule|Species Clause: Limit one of each Pokémon
|rule|OHKO Clause: OHKO moves are banned
|rule|Evasion Items Clause: Evasion items are banned
|rule|Evasion Moves Clause: Evasion moves are banned
|rule|Sleep Moves Clause: Sleep-inducing moves are banned
|clearpoke
|poke|p1|Alomomola, F|
|poke|p1|Slowking-Galar, M|
|poke|p1|Tornadus-Therian, M|
|poke|p1|Gliscor, F|
|poke|p1|Jumpluff, F|
|poke|p1|Iron Treads|
|poke|p2|Landorus-Therian, M|
|poke|p2|Hydrapple, F|
|poke|p2|Garganacl, F|
|poke|p2|Gliscor, F|
|poke|p2|Ting-Lu|
|poke|p2|Dondozo, M|
|teampreview
|inactive|Battle timer is ON: inactive players will automatically lose when time's up. (requested by D3NiR)
|
|t:|1743840790
|start
|switch|p1a: Gliscor|Gliscor, F|100/100
|switch|p2a: Garganacl|Garganacl, F|100/100
|turn|1
|inactive|D3NiR has 120 seconds left.
|
|t:|1743840821
|move|p1a: Gliscor|Spikes|p2a: Garganacl
|-sidestart|p2: yxh123|Spikes
|move|p2a: Garganacl|Salt Cure|p1a: Gliscor
|-damage|p1a: Gliscor|92/100
|-start|p1a: Gliscor|Salt Cure
|
|-damage|p1a: Gliscor|79/100|[from] Salt Cure
|-status|p1a: Gliscor|tox|[from] item: Toxic Orb
|upkeep
|turn|2
|
|t:|1743840831
|move|p1a: Gliscor|Spikes|p2a: Garganacl
|-sidestart|p2: yxh123|Spikes
|move|p2a: Garganacl|Curse|p2a: Garganacl
|-unboost|p2a: Garganacl|spe|1
|-boost|p2a: Garganacl|atk|1
|-boost|p2a: Garganacl|def|1
|
|-heal|p1a: Gliscor|92/100 tox|[from] ability: Poison Heal
|-damage|p1a: Gliscor|79/100 tox|[from] Salt Cure
|upkeep
|turn|3
|
|t:|1743840841
|move|p1a: Gliscor|Ice Fang|p2a: Garganacl
|-damage|p2a: Garganacl|95/100
|move|p2a: Garganacl|Curse|p2a: Garganacl
|-unboost|p2a: Garganacl|spe|1
|-boost|p2a: Garganacl|atk|1
|-boost|p2a: Garganacl|def|1
|
|-heal|p2a: Garganacl|100/100|[from] item: Leftovers
|-heal|p1a: Gliscor|92/100 tox|[from] ability: Poison Heal
|-damage|p1a: Gliscor|79/100 tox|[from] Salt Cure
|upkeep
|turn|4
|inactive|D3NiR has 120 seconds left.
|
|t:|1743840866
|switch|p1a: Jumpluff|Jumpluff, F|100/100
|move|p2a: Garganacl|Salt Cure|p1a: Jumpluff
|-supereffective|p1a: Jumpluff
|-damage|p1a: Jumpluff|29/100
|-start|p1a: Jumpluff|Salt Cure
|
|-damage|p1a: Jumpluff|17/100|[from] Salt Cure
|upkeep
|turn|5
|
|t:|1743840880
|move|p1a: Jumpluff|Leech Seed|p2a: Garganacl
|-start|p2a: Garganacl|move: Leech Seed
|move|p2a: Garganacl|Recover||[still]
|-fail|p2a: Garganacl|heal
|
|-damage|p2a: Garganacl|88/100|[from] Leech Seed|[of] p1a: Jumpluff
|-heal|p1a: Jumpluff|31/100|[silent]
|-damage|p1a: Jumpluff|19/100|[from] Salt Cure
|upkeep
|turn|6
|inactive|D3NiR has 90 seconds left.
|
|t:|1743840938
|switch|p1a: Slowking|Slowking-Galar, M|100/100
|move|p2a: Garganacl|Salt Cure|p1a: Slowking
|-damage|p1a: Slowking|72/100
|-start|p1a: Slowking|Salt Cure
|
|-heal|p2a: Garganacl|94/100|[from] item: Leftovers
|-damage|p2a: Garganacl|82/100|[from] Leech Seed|[of] p1a: Slowking
|-heal|p1a: Slowking|85/100|[silent]
|-damage|p1a: Slowking|72/100|[from] Salt Cure
|upkeep
|turn|7
|
|t:|1743840948
|switch|p2a: Gliscor|Gliscor, F, shiny|100/100
|move|p1a: Slowking|Future Sight|p2a: Gliscor
|-start|p1a: Slowking|move: Future Sight
|
|-damage|p1a: Slowking|60/100|[from] Salt Cure
|-status|p2a: Gliscor|tox|[from] item: Toxic Orb
|upkeep
|turn|8
|inactive|D3NiR has 60 seconds left.
|
|t:|1743840985
|switch|p1a: Alomomola|Alomomola, F|100/100
|move|p2a: Gliscor|Facade|p1a: Alomomola
|-damage|p1a: Alomomola|85/100
|
|upkeep
|turn|9
|
|t:|1743840993
|move|p2a: Gliscor|Substitute|p2a: Gliscor
|-start|p2a: Gliscor|Substitute
|-damage|p2a: Gliscor|76/100 tox
|move|p1a: Alomomola|Wish|p1a: Alomomola
|
|-end|p2a: Gliscor|move: Future Sight
|-end|p2a: Gliscor|Substitute
|-heal|p2a: Gliscor|88/100 tox|[from] ability: Poison Heal
|upkeep
|turn|10
|
|t:|1743840996
|move|p2a: Gliscor|Toxic|p1a: Alomomola
|-status|p1a: Alomomola|tox
|move|p1a: Alomomola|Scald|p2a: Gliscor
|-supereffective|p2a: Gliscor
|-damage|p2a: Gliscor|54/100 tox
|
|-heal|p1a: Alomomola|100/100 tox|[from] move: Wish|[wisher] Alomomola
|-heal|p2a: Gliscor|66/100 tox|[from] ability: Poison Heal
|-damage|p1a: Alomomola|94/100 tox|[from] psn
|upkeep
|turn|11
|
|t:|1743841001
|move|p2a: Gliscor|Protect|p2a: Gliscor
|-singleturn|p2a: Gliscor|Protect
|move|p1a: Alomomola|Scald|p2a: Gliscor
|-activate|p2a: Gliscor|move: Protect
|
|-heal|p2a: Gliscor|78/100 tox|[from] ability: Poison Heal
|-damage|p1a: Alomomola|82/100 tox|[from] psn
|upkeep
|turn|12
|
|t:|1743841010
|move|p2a: Gliscor|Substitute|p2a: Gliscor
|-start|p2a: Gliscor|Substitute
|-damage|p2a: Gliscor|54/100 tox
|move|p1a: Alomomola|Scald|p2a: Gliscor
|-supereffective|p2a: Gliscor
|-end|p2a: Gliscor|Substitute
|
|-heal|p2a: Gliscor|66/100 tox|[from] ability: Poison Heal
|-damage|p1a: Alomomola|63/100 tox|[from] psn
|upkeep
|turn|13
|
|t:|1743841022
|switch|p1a: Jumpluff|Jumpluff, F|19/100
|move|p2a: Gliscor|Protect||[still]
|-fail|p2a: Gliscor
|
|-heal|p2a: Gliscor|78/100 tox|[from] ability: Poison Heal
|upkeep
|turn|14
|
|t:|1743841026
|move|p1a: Jumpluff|Encore|p2a: Gliscor
|-start|p2a: Gliscor|Encore
|move|p2a: Gliscor|Protect||[still]
|-fail|p2a: Gliscor
|
|-heal|p2a: Gliscor|91/100 tox|[from] ability: Poison Heal
|upkeep
|turn|15
|inactive|D3NiR has 90 seconds left.
|
|t:|1743841042
|switch|p1a: Tornadus|Tornadus-Therian, M|100/100
|switch|p2a: Hydrapple|Hydrapple, F|100/100
|-damage|p2a: Hydrapple|84/100|[from] Spikes
|
|-heal|p2a: Hydrapple|90/100|[from] item: Leftovers
|upkeep
|turn|16
|
|t:|1743841067
|switch|p2a: Garganacl|Garganacl, F|82/100
|-damage|p2a: Garganacl|65/100|[from] Spikes
|move|p1a: Tornadus|U-turn|p2a: Garganacl
|-damage|p2a: Garganacl|56/100
|
|t:|1743841071
|switch|p1a: Jumpluff|Jumpluff, F|19/100|[from] U-turn
|
|-heal|p2a: Garganacl|63/100|[from] item: Leftovers
|upkeep
|turn|17
|
|t:|1743841079
|move|p1a: Jumpluff|Switcheroo|p2a: Garganacl
|-activate|p1a: Jumpluff|move: Trick|[of] p2a: Garganacl
|-item|p2a: Garganacl|Choice Scarf|[from] move: Switcheroo
|-item|p1a: Jumpluff|Leftovers|[from] move: Switcheroo
|move|p2a: Garganacl|Salt Cure|p1a: Jumpluff
|-supereffective|p1a: Jumpluff
|-damage|p1a: Jumpluff|0 fnt
|faint|p1a: Jumpluff
|
|upkeep
|
|t:|1743841093
|switch|p1a: Iron Treads|Iron Treads|100/100
|turn|18
|
|t:|1743841099
|move|p1a: Iron Treads|Stealth Rock|p2a: Garganacl
|-sidestart|p2: yxh123|move: Stealth Rock
|move|p2a: Garganacl|Salt Cure|p1a: Iron Treads
|-resisted|p1a: Iron Treads
|-damage|p1a: Iron Treads|97/100
|-start|p1a: Iron Treads|Salt Cure
|
|-heal|p1a: Iron Treads|100/100|[from] item: Leftovers
|-damage|p1a: Iron Treads|76/100|[from] Salt Cure
|upkeep
|turn|19
|
|t:|1743841108
|switch|p2a: Gliscor|Gliscor, F, shiny|91/100 tox
|-damage|p2a: Gliscor|78/100 tox|[from] Stealth Rock
|move|p1a: Iron Treads|Earthquake|p2a: Gliscor
|-immune|p2a: Gliscor
|
|-heal|p1a: Iron Treads|82/100|[from] item: Leftovers
|-heal|p2a: Gliscor|91/100 tox|[from] ability: Poison Heal
|-damage|p1a: Iron Treads|57/100|[from] Salt Cure
|upkeep
|turn|20
|
|t:|1743841119
|-end|p1a: Iron Treads|Quark Drive|[silent]
|switch|p1a: Gliscor|Gliscor, F|79/100 tox
|move|p2a: Gliscor|Substitute|p2a: Gliscor
|-start|p2a: Gliscor|Substitute
|-damage|p2a: Gliscor|66/100 tox
|
|-heal|p2a: Gliscor|78/100 tox|[from] ability: Poison Heal
|-heal|p1a: Gliscor|92/100 tox|[from] ability: Poison Heal
|upkeep
|turn|21
|
|t:|1743841128
|move|p2a: Gliscor|Facade|p1a: Gliscor
|-damage|p1a: Gliscor|72/100 tox
|move|p1a: Gliscor|Ice Fang|p2a: Gliscor
|-supereffective|p2a: Gliscor
|-end|p2a: Gliscor|Substitute
|
|-heal|p1a: Gliscor|84/100 tox|[from] ability: Poison Heal
|-heal|p2a: Gliscor|91/100 tox|[from] ability: Poison Heal
|upkeep
|turn|22
|
|t:|1743841139
|switch|p2a: Dondozo|Dondozo, M, shiny|100/100
|-damage|p2a: Dondozo|84/100|[from] Spikes
|-damage|p2a: Dondozo|72/100|[from] Stealth Rock
|move|p1a: Gliscor|Ice Fang|p2a: Dondozo
|-resisted|p2a: Dondozo
|-damage|p2a: Dondozo|68/100
|-status|p2a: Dondozo|frz
|
|-heal|p2a: Dondozo|74/100 frz|[from] item: Leftovers
|-heal|p1a: Gliscor|97/100 tox|[from] ability: Poison Heal
|upkeep
|turn|23
|
|t:|1743841147
|switch|p1a: Tornadus|Tornadus-Therian, M|100/100
|switch|p2a: Garganacl|Garganacl, F|63/100
|-damage|p2a: Garganacl|46/100|[from] Spikes
|-damage|p2a: Garganacl|34/100|[from] Stealth Rock
|
|upkeep
|turn|24
|
|t:|1743841155
|move|p1a: Tornadus|Bleakwind Storm|p2a: Garganacl|[miss]
|-miss|p1a: Tornadus|p2a: Garganacl
|move|p2a: Garganacl|Salt Cure|p1a: Tornadus
|-supereffective|p1a: Tornadus
|-damage|p1a: Tornadus|70/100
|-start|p1a: Tornadus|Salt Cure
|
|-damage|p1a: Tornadus|58/100|[from] Salt Cure
|upkeep
|turn|25
|
|t:|1743841164
|move|p1a: Tornadus|U-turn|p2a: Garganacl
|-damage|p2a: Garganacl|24/100
|
|t:|1743841172
|switch|p1a: Slowking|Slowking-Galar, M|93/100|[from] U-turn
|move|p2a: Garganacl|Salt Cure|p1a: Slowking
|-damage|p1a: Slowking|80/100
|-start|p1a: Slowking|Salt Cure
|
|-damage|p1a: Slowking|68/100|[from] Salt Cure
|upkeep
|turn|26
|
|t:|1743841179
|move|p2a: Garganacl|Salt Cure|p1a: Slowking
|-damage|p1a: Slowking|54/100
|move|p1a: Slowking|Sludge Bomb|p2a: Garganacl
|-resisted|p2a: Garganacl
|-damage|p2a: Garganacl|12/100
|
|-damage|p1a: Slowking|41/100|[from] Salt Cure
|upkeep
|turn|27
|
|t:|1743841187
|move|p2a: Garganacl|Salt Cure|p1a: Slowking
|-damage|p1a: Slowking|27/100
|-prepare|p1a: Slowking|Chilly Reception|[premajor]
|move|p1a: Slowking|Chilly Reception|p1a: Slowking
|-weather|Snowscape
|
|t:|1743841195
|switch|p1a: Alomomola|Alomomola, F|97/100 tox|[from] Chilly Reception
|
|-weather|Snowscape|[upkeep]
|-damage|p1a: Alomomola|91/100 tox|[from] psn
|upkeep
|turn|28
|
|t:|1743841203
|move|p2a: Garganacl|Salt Cure|p1a: Alomomola
|-damage|p1a: Alomomola|83/100 tox
|-start|p1a: Alomomola|Salt Cure
|move|p1a: Alomomola|Flip Turn|p2a: Garganacl
|-supereffective|p2a: Garganacl
|-damage|p2a: Garganacl|0 fnt
|faint|p2a: Garganacl
|
|t:|1743841211
|switch|p1a: Tornadus|Tornadus-Therian, M|91/100|[from] Flip Turn
|
|-weather|Snowscape|[upkeep]
|upkeep
|
|t:|1743841224
|switch|p2a: Ting-Lu|Ting-Lu|100/100
|-damage|p2a: Ting-Lu|84/100|[from] Spikes
|-damage|p2a: Ting-Lu|78/100|[from] Stealth Rock
|-ability|p2a: Ting-Lu|Vessel of Ruin
|turn|29
|
|t:|1743841230
|move|p2a: Ting-Lu|Protect|p2a: Ting-Lu
|-singleturn|p2a: Ting-Lu|Protect
|move|p1a: Tornadus|U-turn|p2a: Ting-Lu
|-activate|p2a: Ting-Lu|move: Protect
|
|-weather|Snowscape|[upkeep]
|-heal|p2a: Ting-Lu|84/100|[from] item: Leftovers
|upkeep
|turn|30
|
|t:|1743841233
|move|p1a: Tornadus|U-turn|p2a: Ting-Lu
|-supereffective|p2a: Ting-Lu
|-damage|p2a: Ting-Lu|67/100
|
|t:|1743841241
|switch|p1a: Alomomola|Alomomola, F|100/100 tox|[from] U-turn
|move|p2a: Ting-Lu|Ruination|p1a: Alomomola
|-damage|p1a: Alomomola|50/100 tox
|
|-weather|Snowscape|[upkeep]
|-heal|p2a: Ting-Lu|73/100|[from] item: Leftovers
|-damage|p1a: Alomomola|44/100 tox|[from] psn
|upkeep
|turn|31
|
|t:|1743841250
|move|p2a: Ting-Lu|Protect|p2a: Ting-Lu
|-singleturn|p2a: Ting-Lu|Protect
|move|p1a: Alomomola|Flip Turn|p2a: Ting-Lu
|-activate|p2a: Ting-Lu|move: Protect
|
|-weather|none
|-heal|p2a: Ting-Lu|80/100|[from] item: Leftovers
|-damage|p1a: Alomomola|32/100 tox|[from] psn
|upkeep
|turn|32
|
|t:|1743841260
|move|p1a: Alomomola|Flip Turn|p2a: Ting-Lu
|-supereffective|p2a: Ting-Lu
|-damage|p2a: Ting-Lu|62/100
|
|t:|1743841269
|switch|p1a: Tornadus|Tornadus-Therian, M|100/100|[from] Flip Turn
|move|p2a: Ting-Lu|Ruination|p1a: Tornadus
|-damage|p1a: Tornadus|50/100
|
|-heal|p2a: Ting-Lu|68/100|[from] item: Leftovers
|upkeep
|turn|33
|
|t:|1743841276
|move|p2a: Ting-Lu|Protect|p2a: Ting-Lu
|-singleturn|p2a: Ting-Lu|Protect
|move|p1a: Tornadus|Knock Off|p2a: Ting-Lu
|-activate|p2a: Ting-Lu|move: Protect
|
|-heal|p2a: Ting-Lu|75/100|[from] item: Leftovers
|upkeep
|turn|34
|
|t:|1743841285
|switch|p2a: Landorus|Landorus-Therian, M, shiny|100/100
|-damage|p2a: Landorus|88/100|[from] Stealth Rock
|-ability|p2a: Landorus|Intimidate|boost
|-unboost|p1a: Tornadus|atk|1
|move|p1a: Tornadus|Knock Off|p2a: Landorus
|-damage|p2a: Landorus|79/100
|-damage|p1a: Tornadus|34/100|[from] item: Rocky Helmet|[of] p2a: Landorus
|-enditem|p2a: Landorus|Rocky Helmet|[from] move: Knock Off|[of] p1a: Tornadus
|
|upkeep
|turn|35
|
|t:|1743841295
|move|p1a: Tornadus|U-turn|p2a: Landorus
|-resisted|p2a: Landorus
|-damage|p2a: Landorus|75/100
|
|t:|1743841309
|switch|p1a: Gliscor|Gliscor, F|97/100 tox|[from] U-turn
|move|p2a: Landorus|Stealth Rock|p1a: Gliscor
|-sidestart|p1: D3NiR|move: Stealth Rock
|
|-heal|p1a: Gliscor|100/100 tox|[from] ability: Poison Heal
|upkeep
|turn|36
|
|t:|1743841325
|move|p2a: Landorus|Protect|p2a: Landorus
|-singleturn|p2a: Landorus|Protect
|move|p1a: Gliscor|Spikes|p2a: Landorus
|-sidestart|p2: yxh123|Spikes
|
|upkeep
|turn|37
|
|t:|1743841330
|move|p1a: Gliscor|Ice Fang|p2a: Landorus
|-supereffective|p2a: Landorus
|-crit|p2a: Landorus
|-damage|p2a: Landorus|16/100
|move|p2a: Landorus|U-turn|p1a: Gliscor
|-resisted|p1a: Gliscor
|-damage|p1a: Gliscor|94/100 tox
|
|t:|1743841340
|switch|p2a: Dondozo|Dondozo, M, shiny|74/100 frz|[from] U-turn
|-damage|p2a: Dondozo|50/100 frz|[from] Spikes
|-damage|p2a: Dondozo|37/100 frz|[from] Stealth Rock
|
|-heal|p2a: Dondozo|43/100 frz|[from] item: Leftovers
|-heal|p1a: Gliscor|100/100 tox|[from] ability: Poison Heal
|upkeep
|turn|38
|
|t:|1743841352
|switch|p1a: Slowking|Slowking-Galar, M|60/100
|cant|p2a: Dondozo|frz
|
|-heal|p2a: Dondozo|50/100 frz|[from] item: Leftovers
|upkeep
|turn|39
|
|t:|1743841357
|cant|p2a: Dondozo|frz
|move|p1a: Slowking|Future Sight|p2a: Dondozo
|-start|p1a: Slowking|move: Future Sight
|
|-heal|p2a: Dondozo|56/100 frz|[from] item: Leftovers
|upkeep
|turn|40
|
|t:|1743841361
|cant|p2a: Dondozo|frz
|-prepare|p1a: Slowking|Chilly Reception|[premajor]
|move|p1a: Slowking|Chilly Reception|p1a: Slowking
|-weather|Snowscape
|
|t:|1743841366
|switch|p1a: Tornadus|Tornadus-Therian, M|67/100|[from] Chilly Reception
|
|-weather|Snowscape|[upkeep]
|-heal|p2a: Dondozo|62/100 frz|[from] item: Leftovers
|upkeep
|turn|41
|
|t:|1743841375
|move|p1a: Tornadus|Bleakwind Storm|p2a: Dondozo
|-damage|p2a: Dondozo|27/100 frz
|-unboost|p2a: Dondozo|spe|1
|cant|p2a: Dondozo|frz
|
|-weather|Snowscape|[upkeep]
|-end|p2a: Dondozo|move: Future Sight
|-damage|p2a: Dondozo|0 fnt
|faint|p2a: Dondozo
|upkeep
|
|t:|1743841385
|switch|p2a: Gliscor|Gliscor, F, shiny|91/100 tox
|-damage|p2a: Gliscor|78/100 tox|[from] Stealth Rock
|turn|42
|
|t:|1743841390
|move|p1a: Tornadus|Taunt|p2a: Gliscor
|-start|p2a: Gliscor|move: Taunt
|cant|p2a: Gliscor|move: Taunt|Toxic
|
|-weather|Snowscape|[upkeep]
|-heal|p2a: Gliscor|91/100 tox|[from] ability: Poison Heal
|upkeep
|turn|43
|
|t:|1743841413
|-terastallize|p2a: Gliscor|Normal
|move|p1a: Tornadus|U-turn|p2a: Gliscor
|-damage|p2a: Gliscor|82/100 tox
|
|t:|1743841418
|switch|p1a: Alomomola|Alomomola, F|65/100 tox|[from] U-turn
|move|p2a: Gliscor|Facade|p1a: Alomomola
|-damage|p1a: Alomomola|41/100 tox
|
|-weather|Snowscape|[upkeep]
|-heal|p2a: Gliscor|94/100 tox|[from] ability: Poison Heal
|-damage|p1a: Alomomola|35/100 tox|[from] psn
|upkeep
|turn|44
|
|t:|1743841429
|move|p2a: Gliscor|Facade|p1a: Alomomola
|-damage|p1a: Alomomola|11/100 tox
|move|p1a: Alomomola|Flip Turn|p2a: Gliscor
|-damage|p2a: Gliscor|84/100 tox
|
|t:|1743841433
|switch|p1a: Iron Treads|Iron Treads|57/100|[from] Flip Turn
|-damage|p1a: Iron Treads|54/100|[from] Stealth Rock
|
|-weather|none
|-heal|p1a: Iron Treads|60/100|[from] item: Leftovers
|-heal|p2a: Gliscor|96/100 tox|[from] ability: Poison Heal
|-end|p2a: Gliscor|move: Taunt
|upkeep
|turn|45
|
|t:|1743841444
|move|p1a: Iron Treads|Earthquake|p2a: Gliscor
|-damage|p2a: Gliscor|66/100 tox
|move|p2a: Gliscor|Substitute|p2a: Gliscor
|-start|p2a: Gliscor|Substitute
|-damage|p2a: Gliscor|41/100 tox
|
|-heal|p1a: Iron Treads|66/100|[from] item: Leftovers
|-heal|p2a: Gliscor|54/100 tox|[from] ability: Poison Heal
|upkeep
|turn|46
|
|t:|1743841448
|move|p2a: Gliscor|Protect|p2a: Gliscor
|-singleturn|p2a: Gliscor|Protect
|move|p1a: Iron Treads|Earthquake|p2a: Gliscor
|-activate|p2a: Gliscor|move: Protect
|
|-heal|p1a: Iron Treads|72/100|[from] item: Leftovers
|-heal|p2a: Gliscor|66/100 tox|[from] ability: Poison Heal
|upkeep
|turn|47
|
|t:|1743841454
|move|p1a: Iron Treads|Earthquake|p2a: Gliscor
|-end|p2a: Gliscor|Substitute
|move|p2a: Gliscor|Facade|p1a: Iron Treads
|-resisted|p1a: Iron Treads
|-damage|p1a: Iron Treads|53/100
|
|-heal|p1a: Iron Treads|59/100|[from] item: Leftovers
|-heal|p2a: Gliscor|79/100 tox|[from] ability: Poison Heal
|upkeep
|turn|48
|inactive|D3NiR has 120 seconds left.
|
|t:|1743841490
|-end|p1a: Iron Treads|Quark Drive|[silent]
|switch|p1a: Tornadus|Tornadus-Therian, M|99/100
|switch|p2a: Landorus|Landorus-Therian, M, shiny|16/100
|-damage|p2a: Landorus|4/100|[from] Stealth Rock
|-ability|p2a: Landorus|Intimidate|boost
|-unboost|p1a: Tornadus|atk|1
|
|upkeep
|turn|49
|inactive|D3NiR has 120 seconds left.
|-message|yxh123 forfeited.
|
|win|D3NiR
|raw|D3NiR's rating: 1100 &rarr; <strong>1123</strong><br />(+23 for winning)
|raw|yxh123's rating: 1070 &rarr; <strong>1051</strong><br />(-19 for losing)
|l|☆yxh123
|player|p2|
|l|☆D3NiR
|player|p1|
|j|☆D3NiR
|player|p1|D3NiR|marlon|
|l|☆D3NiR
|player|p1|
