|j|☆01zx
|j|☆123lyf
|t:|1743843300
|gametype|singles
|player|p1|01zx|cyrus|1271
|player|p2|123lyf|265|1280
|teamsize|p1|6
|teamsize|p2|6
|gen|9
|tier|[Gen 9] OU
|rated|
|rule|HP Percentage Mod: HP is shown in percentages
|rule|Endless Battle Clause: Forcing endless battles is banned
|rule|Species Clause: Limit one of each Pokémon
|rule|OHKO Clause: OHKO moves are banned
|rule|Evasion Items Clause: Evasion items are banned
|rule|Evasion Moves Clause: Evasion moves are banned
|rule|Sleep Moves Clause: Sleep-inducing moves are banned
|clearpoke
|poke|p1|Ogerpon-Wellspring, F|
|poke|p1|Pelipper, M|
|poke|p1|Samurott-Hisui, F|
|poke|p1|Thundurus-Therian, M|
|poke|p1|Corviknight, M|
|poke|p1|Barraskewda, F|
|poke|p2|Araquanid, M|
|poke|p2|Dragapult, M|
|poke|p2|Great Tusk|
|poke|p2|Kingambit, F|
|poke|p2|Primarina, F|
|poke|p2|Gholdengo|
|teampreview
|inactive|Battle timer is ON: inactive players will automatically lose when time's up. (requested by 123lyf)
|
|t:|1743843307
|start
|switch|p1a: Thundurus|Thundurus-Therian, M|100/100
|switch|p2a: Araquanid|Araquanid, M|100/100
|turn|1
|
|t:|1743843316
|move|p2a: Araquanid|Endure|p2a: Araquanid
|-singleturn|p2a: Araquanid|move: Endure
|move|p1a: Thundurus|Volt Switch|p2a: Araquanid
|-supereffective|p2a: Araquanid
|-damage|p2a: Araquanid|22/100
|-enditem|p2a: Araquanid|Red Card|[of] p1a: Thundurus
|drag|p1a: Ogerpon|Ogerpon-Wellspring, F|100/100
|
|upkeep
|turn|2
|
|t:|1743843333
|move|p1a: Ogerpon|Ivy Cudgel|p2a: Araquanid|[anim] Ivy Cudgel Water
|-resisted|p2a: Araquanid
|-crit|p2a: Araquanid
|-damage|p2a: Araquanid|0 fnt
|faint|p2a: Araquanid
|
|upkeep
|
|t:|1743843348
|switch|p2a: Dragapult|Dragapult, M|100/100
|turn|3
|
|t:|1743843369
|switch|p1a: Pelipper|Pelipper, M, shiny|100/100
|-weather|RainDance|[from] ability: Drizzle|[of] p1a: Pelipper
|move|p2a: Dragapult|U-turn|p1a: Pelipper
|-resisted|p1a: Pelipper
|-damage|p1a: Pelipper|74/100
|inactive|123lyf has 120 seconds left.
|
|t:|1743843395
|switch|p2a: Primarina|Primarina, F|100/100|[from] U-turn
|
|-weather|RainDance|[upkeep]
|upkeep
|turn|4
|
|t:|1743843400
|move|p1a: Pelipper|U-turn|p2a: Primarina
|-resisted|p2a: Primarina
|-damage|p2a: Primarina|95/100
|
|t:|1743843406
|switch|p1a: Thundurus|Thundurus-Therian, M|100/100|[from] U-turn
|move|p2a: Primarina|Calm Mind|p2a: Primarina
|-boost|p2a: Primarina|spa|1
|-boost|p2a: Primarina|spd|1
|
|-weather|RainDance|[upkeep]
|-heal|p2a: Primarina|100/100|[from] item: Leftovers
|upkeep
|turn|5
|inactive|123lyf has 120 seconds left.
|
|t:|1743843427
|move|p1a: Thundurus|Thunder|p2a: Primarina
|-supereffective|p2a: Primarina
|-damage|p2a: Primarina|0 fnt
|faint|p2a: Primarina
|-damage|p1a: Thundurus|91/100|[from] item: Life Orb
|
|-weather|RainDance|[upkeep]
|upkeep
|
|t:|1743843434
|switch|p2a: Dragapult|Dragapult, M|100/100
|turn|6
|inactive|123lyf has 120 seconds left.
|
|t:|1743843442
|switch|p1a: Corviknight|Corviknight, M|100/100
|move|p2a: Dragapult|Dragon Darts|p1a: Corviknight
|-resisted|p1a: Corviknight
|-damage|p1a: Corviknight|88/100
|-anim|p2a: Dragapult|Dragon Darts|p1a: Corviknight
|-resisted|p1a: Corviknight
|-damage|p1a: Corviknight|77/100
|
|-weather|RainDance|[upkeep]
|upkeep
|turn|7
|inactive|123lyf has 120 seconds left.
|
|t:|1743843453
|switch|p2a: Gholdengo|Gholdengo|100/100
|-item|p2a: Gholdengo|Air Balloon
|move|p1a: Corviknight|Roost|p1a: Corviknight
|-heal|p1a: Corviknight|100/100
|-singleturn|p1a: Corviknight|move: Roost
|
|-weather|none
|upkeep
|turn|8
|
|t:|1743843465
|switch|p1a: Pelipper|Pelipper, M, shiny|74/100
|-weather|RainDance|[from] ability: Drizzle|[of] p1a: Pelipper
|move|p2a: Gholdengo|Thunder Wave|p1a: Pelipper
|-status|p1a: Pelipper|par
|
|-weather|RainDance|[upkeep]
|upkeep
|turn|9
|inactive|123lyf has 120 seconds left.
|
|t:|1743843487
|move|p2a: Gholdengo|Thunder Wave|p1a: Pelipper
|-fail|p1a: Pelipper|par
|move|p1a: Pelipper|U-turn|p2a: Gholdengo
|-resisted|p2a: Gholdengo
|-damage|p2a: Gholdengo|98/100
|-enditem|p2a: Gholdengo|Air Balloon
|
|t:|1743843493
|switch|p1a: Barraskewda|Barraskewda, F|100/100|[from] U-turn
|
|-weather|RainDance|[upkeep]
|upkeep
|turn|10
|
|t:|1743843501
|move|p1a: Barraskewda|Liquidation|p2a: Gholdengo
|-damage|p2a: Gholdengo|0 fnt
|faint|p2a: Gholdengo
|
|-weather|RainDance|[upkeep]
|upkeep
|
|t:|1743843506
|switch|p2a: Dragapult|Dragapult, M|100/100
|turn|11
|-message|123lyf forfeited.
|
|win|01zx
|raw|01zx's rating: 1271 &rarr; <strong>1297</strong><br />(+26 for winning)
|raw|123lyf's rating: 1280 &rarr; <strong>1254</strong><br />(-26 for losing)
|l|☆123lyf
|player|p2|
|l|☆01zx
|player|p1|
