|j|☆Hkming
|j|☆JP ShinySeeker
|t:|1743833304
|gametype|singles
|player|p1|Hkming|170|1393
|player|p2|JP ShinySeeker|grimsley|1394
|teamsize|p1|6
|teamsize|p2|6
|gen|9
|tier|[Gen 9] OU
|rated|
|rule|HP Percentage Mod: HP is shown in percentages
|rule|Endless Battle Clause: Forcing endless battles is banned
|rule|Species Clause: Limit one of each Pokémon
|rule|OHKO Clause: OHKO moves are banned
|rule|Evasion Items Clause: Evasion items are banned
|rule|Evasion Moves Clause: Evasion moves are banned
|rule|Sleep Moves Clause: Sleep-inducing moves are banned
|clearpoke
|poke|p1|Quagsire, F|
|poke|p1|Blissey, F|
|poke|p1|Toxapex, M|
|poke|p1|Sinistcha|
|poke|p1|Gliscor, F|
|poke|p1|Corviknight, F|
|poke|p2|Manaphy|
|poke|p2|Raging Bolt|
|poke|p2|Entei|
|poke|p2|Hoopa-Unbound|
|poke|p2|Avalugg, M|
|poke|p2|Garchomp, M|
|teampreview
|inactive|Battle timer is ON: inactive players will automatically lose when time's up. (requested by Hkming)
|
|t:|1743833310
|start
|switch|p1a: Sinistcha|Sinistcha|100/100
|switch|p2a: Manaphy|Manaphy|100/100
|turn|1
|
|t:|1743833314
|switch|p2a: Hoopa|Hoopa-Unbound|100/100
|move|p1a: Sinistcha|Matcha Gotcha|p2a: Hoopa
|-damage|p2a: Hoopa|85/100
|-status|p2a: Hoopa|brn
|
|-damage|p2a: Hoopa|79/100 brn|[from] brn
|upkeep
|turn|2
|
|t:|1743833328
|switch|p1a: Toxapex|Toxapex, M|100/100
|move|p2a: Hoopa|Psychic|p1a: Toxapex
|-supereffective|p1a: Toxapex
|-damage|p1a: Toxapex|21/100
|
|-damage|p2a: Hoopa|72/100 brn|[from] brn
|upkeep
|turn|3
|
|t:|1743833335
|switch|p1a: Blissey|Blissey, F|100/100
|move|p2a: Hoopa|Psychic|p1a: Blissey
|-damage|p1a: Blissey|83/100
|
|-damage|p2a: Hoopa|66/100 brn|[from] brn
|upkeep
|turn|4
|
|t:|1743833341
|switch|p1a: Gliscor|Gliscor, F|100/100
|move|p2a: Hoopa|Psyshock|p1a: Gliscor
|-damage|p1a: Gliscor|57/100
|
|-damage|p2a: Hoopa|60/100 brn|[from] brn
|-status|p1a: Gliscor|tox|[from] item: Toxic Orb
|upkeep
|turn|5
|
|t:|1743833349
|switch|p2a: Manaphy|Manaphy|100/100
|move|p1a: Gliscor|Protect||[still]
|-fail|p1a: Gliscor
|
|-heal|p1a: Gliscor|70/100 tox|[from] ability: Poison Heal
|upkeep
|turn|6
|
|t:|1743833356
|switch|p1a: Toxapex|Toxapex, M|55/100
|move|p2a: Manaphy|Substitute|p2a: Manaphy
|-start|p2a: Manaphy|Substitute
|-damage|p2a: Manaphy|76/100
|
|-heal|p2a: Manaphy|82/100|[from] item: Leftovers
|upkeep
|turn|7
|
|t:|1743833361
|move|p2a: Manaphy|Tail Glow|p2a: Manaphy
|-boost|p2a: Manaphy|spa|3
|move|p1a: Toxapex|Haze|p1a: Toxapex
|-clearallboost
|
|-heal|p2a: Manaphy|88/100|[from] item: Leftovers
|upkeep
|turn|8
|
|t:|1743833369
|move|p2a: Manaphy|Tail Glow|p2a: Manaphy
|-boost|p2a: Manaphy|spa|3
|move|p1a: Toxapex|Recover|p1a: Toxapex
|-heal|p1a: Toxapex|100/100
|
|-heal|p2a: Manaphy|94/100|[from] item: Leftovers
|upkeep
|turn|9
|
|t:|1743833372
|move|p2a: Manaphy|Surf|p1a: Toxapex
|-resisted|p1a: Toxapex
|-damage|p1a: Toxapex|67/100
|move|p1a: Toxapex|Haze|p1a: Toxapex
|-clearallboost
|
|-heal|p2a: Manaphy|99/100|[from] item: Leftovers
|upkeep
|turn|10
|
|t:|1743833380
|switch|p2a: Hoopa|Hoopa-Unbound|60/100 brn
|move|p1a: Toxapex|Toxic Spikes|p2a: Hoopa
|-sidestart|p2: JP ShinySeeker|move: Toxic Spikes
|
|-damage|p2a: Hoopa|54/100 brn|[from] brn
|upkeep
|turn|11
|
|t:|1743833388
|switch|p1a: Corviknight|Corviknight, F|100/100
|-ability|p1a: Corviknight|Pressure
|move|p2a: Hoopa|Psychic|p1a: Corviknight
|-resisted|p1a: Corviknight
|-damage|p1a: Corviknight|63/100
|
|-damage|p2a: Hoopa|48/100 brn|[from] brn
|upkeep
|turn|12
|
|t:|1743833395
|switch|p1a: Blissey|Blissey, F|83/100
|switch|p2a: Avalugg|Avalugg, M|100/100
|
|upkeep
|turn|13
|
|t:|1743833404
|switch|p1a: Corviknight|Corviknight, F|63/100
|-ability|p1a: Corviknight|Pressure
|move|p2a: Avalugg|Avalanche|p1a: Corviknight
|-damage|p1a: Corviknight|46/100
|
|upkeep
|turn|14
|
|t:|1743833407
|move|p1a: Corviknight|Roost|p1a: Corviknight
|-heal|p1a: Corviknight|96/100
|-singleturn|p1a: Corviknight|move: Roost
|move|p2a: Avalugg|Rapid Spin|p1a: Corviknight
|-resisted|p1a: Corviknight
|-damage|p1a: Corviknight|91/100
|-boost|p2a: Avalugg|spe|1
|-sideend|p2: JP ShinySeeker|Toxic Spikes|[from] move: Rapid Spin|[of] p2a: Avalugg
|
|upkeep
|turn|15
|
|t:|1743833411
|move|p1a: Corviknight|Body Press|p2a: Avalugg
|-supereffective|p2a: Avalugg
|-damage|p2a: Avalugg|80/100
|move|p2a: Avalugg|Avalanche|p1a: Corviknight
|-damage|p1a: Corviknight|58/100
|
|upkeep
|turn|16
|
|t:|1743833418
|switch|p1a: Quagsire|Quagsire, F|100/100
|move|p2a: Avalugg|Avalanche|p1a: Quagsire
|-damage|p1a: Quagsire|83/100
|
|upkeep
|turn|17
|
|t:|1743833422
|switch|p2a: Hoopa|Hoopa-Unbound|48/100 brn
|move|p1a: Quagsire|Stealth Rock|p2a: Hoopa
|-sidestart|p2: JP ShinySeeker|move: Stealth Rock
|
|-damage|p2a: Hoopa|42/100 brn|[from] brn
|upkeep
|turn|18
|
|t:|1743833435
|switch|p1a: Blissey|Blissey, F|83/100
|move|p2a: Hoopa|Psychic|p1a: Blissey
|-damage|p1a: Blissey|63/100
|
|-damage|p2a: Hoopa|36/100 brn|[from] brn
|upkeep
|turn|19
|
|t:|1743833443
|move|p2a: Hoopa|Psyshock|p1a: Blissey
|-damage|p1a: Blissey|2/100
|move|p1a: Blissey|Soft-Boiled|p1a: Blissey
|-heal|p1a: Blissey|52/100
|
|-damage|p2a: Hoopa|30/100 brn|[from] brn
|upkeep
|turn|20
|
|t:|1743833472
|move|p2a: Hoopa|Psyshock|p1a: Blissey
|-damage|p1a: Blissey|0 fnt
|faint|p1a: Blissey
|
|-damage|p2a: Hoopa|24/100 brn|[from] brn
|upkeep
|
|t:|1743833474
|switch|p1a: Gliscor|Gliscor, F|70/100 tox
|turn|21
|
|t:|1743833478
|move|p1a: Gliscor|Knock Off|p2a: Hoopa
|-damage|p2a: Hoopa|0 fnt
|-enditem|p2a: Hoopa|Assault Vest|[from] move: Knock Off|[of] p1a: Gliscor
|faint|p2a: Hoopa
|
|-heal|p1a: Gliscor|82/100 tox|[from] ability: Poison Heal
|upkeep
|
|t:|1743833483
|switch|p2a: Manaphy|Manaphy|99/100
|-damage|p2a: Manaphy|88/100|[from] Stealth Rock
|turn|22
|
|t:|1743833489
|switch|p2a: Raging Bolt|Raging Bolt|100/100
|-damage|p2a: Raging Bolt|88/100|[from] Stealth Rock
|-enditem|p2a: Raging Bolt|Booster Energy
|-activate|p2a: Raging Bolt|ability: Protosynthesis|[fromitem]
|-start|p2a: Raging Bolt|protosynthesisspa
|move|p1a: Gliscor|Knock Off|p2a: Raging Bolt
|-damage|p2a: Raging Bolt|74/100
|
|-heal|p1a: Gliscor|95/100 tox|[from] ability: Poison Heal
|upkeep
|turn|23
|
|t:|1743833499
|move|p1a: Gliscor|Earthquake|p2a: Raging Bolt
|-supereffective|p2a: Raging Bolt
|-damage|p2a: Raging Bolt|14/100
|move|p2a: Raging Bolt|Dragon Pulse|p1a: Gliscor
|-damage|p1a: Gliscor|37/100 tox
|
|-heal|p1a: Gliscor|50/100 tox|[from] ability: Poison Heal
|upkeep
|turn|24
|
|t:|1743833507
|move|p1a: Gliscor|Earthquake|p2a: Raging Bolt
|-supereffective|p2a: Raging Bolt
|-damage|p2a: Raging Bolt|0 fnt
|faint|p2a: Raging Bolt
|-end|p2a: Raging Bolt|Protosynthesis|[silent]
|
|-heal|p1a: Gliscor|62/100 tox|[from] ability: Poison Heal
|upkeep
|
|t:|1743833511
|switch|p2a: Manaphy|Manaphy|88/100
|-damage|p2a: Manaphy|76/100|[from] Stealth Rock
|turn|25
|
|t:|1743833521
|switch|p1a: Sinistcha|Sinistcha|100/100
|move|p2a: Manaphy|Tail Glow|p2a: Manaphy
|-boost|p2a: Manaphy|spa|3
|
|-heal|p2a: Manaphy|82/100|[from] item: Leftovers
|upkeep
|turn|26
|
|t:|1743833526
|-terastallize|p2a: Manaphy|Fairy
|move|p2a: Manaphy|Substitute|p2a: Manaphy
|-start|p2a: Manaphy|Substitute
|-damage|p2a: Manaphy|57/100
|move|p1a: Sinistcha|Matcha Gotcha|p2a: Manaphy
|-end|p2a: Manaphy|Substitute
|
|-heal|p2a: Manaphy|63/100|[from] item: Leftovers
|upkeep
|turn|27
|
|t:|1743833530
|move|p2a: Manaphy|Alluring Voice|p1a: Sinistcha
|-damage|p1a: Sinistcha|0 fnt
|faint|p1a: Sinistcha
|
|-heal|p2a: Manaphy|69/100|[from] item: Leftovers
|upkeep
|
|t:|1743833534
|switch|p1a: Toxapex|Toxapex, M|99/100
|turn|28
|
|t:|1743833541
|move|p2a: Manaphy|Surf|p1a: Toxapex
|-resisted|p1a: Toxapex
|-damage|p1a: Toxapex|68/100
|move|p1a: Toxapex|Haze|p1a: Toxapex
|-clearallboost
|
|-heal|p2a: Manaphy|75/100|[from] item: Leftovers
|upkeep
|turn|29
|
|t:|1743833544
|switch|p2a: Garchomp|Garchomp, M|100/100
|-damage|p2a: Garchomp|94/100|[from] Stealth Rock
|move|p1a: Toxapex|Toxic|p2a: Garchomp
|-status|p2a: Garchomp|tox
|
|-damage|p2a: Garchomp|88/100 tox|[from] psn
|upkeep
|turn|30
|
|t:|1743833552
|switch|p1a: Gliscor|Gliscor, F|62/100 tox
|move|p2a: Garchomp|Swords Dance|p2a: Garchomp
|-boost|p2a: Garchomp|atk|2
|
|-damage|p2a: Garchomp|76/100 tox|[from] psn
|-heal|p1a: Gliscor|75/100 tox|[from] ability: Poison Heal
|upkeep
|turn|31
|
|t:|1743833556
|switch|p1a: Quagsire|Quagsire, F|83/100
|move|p2a: Garchomp|Scale Shot|p1a: Quagsire
|-damage|p1a: Quagsire|74/100
|-damage|p1a: Quagsire|64/100
|-damage|p1a: Quagsire|55/100
|-damage|p1a: Quagsire|45/100
|-damage|p1a: Quagsire|36/100
|-hitcount|p1a: Quagsire|5
|-unboost|p2a: Garchomp|def|1
|-boost|p2a: Garchomp|spe|1
|
|-damage|p2a: Garchomp|57/100 tox|[from] psn
|upkeep
|turn|32
|
|t:|1743833561
|move|p2a: Garchomp|Earthquake|p1a: Quagsire
|-damage|p1a: Quagsire|0 fnt
|faint|p1a: Quagsire
|
|-damage|p2a: Garchomp|33/100 tox|[from] psn
|upkeep
|
|t:|1743833564
|switch|p1a: Gliscor|Gliscor, F|75/100 tox
|turn|33
|
|t:|1743833568
|move|p1a: Gliscor|Protect|p1a: Gliscor
|-singleturn|p1a: Gliscor|Protect
|move|p2a: Garchomp|Swords Dance|p2a: Garchomp
|-boost|p2a: Garchomp|atk|2
|
|-damage|p2a: Garchomp|2/100 tox|[from] psn
|-heal|p1a: Gliscor|87/100 tox|[from] ability: Poison Heal
|upkeep
|turn|34
|
|t:|1743833576
|move|p1a: Gliscor|Protect||[still]
|-fail|p1a: Gliscor
|move|p2a: Garchomp|Scale Shot|p1a: Gliscor
|-damage|p1a: Gliscor|54/100 tox
|-damage|p1a: Gliscor|22/100 tox
|-damage|p1a: Gliscor|0 fnt
|faint|p1a: Gliscor
|-hitcount|p1: Gliscor|3
|-unboost|p2a: Garchomp|def|1
|-boost|p2a: Garchomp|spe|1
|
|-damage|p2a: Garchomp|0 fnt|[from] psn
|faint|p2a: Garchomp
|upkeep
|
|t:|1743833582
|switch|p2a: Entei|Entei, shiny|100/100
|switch|p1a: Toxapex|Toxapex, M|100/100
|-damage|p2a: Entei|76/100|[from] Stealth Rock
|turn|35
|
|t:|1743833587
|move|p2a: Entei|Swagger|p1a: Toxapex
|-boost|p1a: Toxapex|atk|2
|-start|p1a: Toxapex|confusion
|-enditem|p2a: Entei|Mirror Herb
|-boost|p2a: Entei|atk|2|[from] item: Mirror Herb
|-activate|p1a: Toxapex|confusion
|move|p1a: Toxapex|Toxic|p2a: Entei
|-status|p2a: Entei|tox
|
|-damage|p2a: Entei|70/100 tox|[from] psn
|upkeep
|turn|36
|
|t:|1743833589
|move|p2a: Entei|Stomping Tantrum|p1a: Toxapex
|-supereffective|p1a: Toxapex
|-damage|p1a: Toxapex|29/100
|-activate|p1a: Toxapex|confusion
|move|p1a: Toxapex|Toxic Spikes|p2a: Entei
|-sidestart|p2: JP ShinySeeker|move: Toxic Spikes
|
|-damage|p2a: Entei|57/100 tox|[from] psn
|upkeep
|turn|37
|
|t:|1743833595
|switch|p1a: Corviknight|Corviknight, F|58/100
|-ability|p1a: Corviknight|Pressure
|move|p2a: Entei|Stomping Tantrum|p1a: Corviknight
|-immune|p1a: Corviknight
|
|-damage|p2a: Entei|39/100 tox|[from] psn
|upkeep
|turn|38
|
|t:|1743833606
|-terastallize|p1a: Corviknight|Fighting
|move|p2a: Entei|Sacred Fire|p1a: Corviknight
|-damage|p1a: Corviknight|0 fnt
|faint|p1a: Corviknight
|
|-damage|p2a: Entei|14/100 tox|[from] psn
|upkeep
|
|t:|1743833610
|switch|p1a: Toxapex|Toxapex, M|62/100
|turn|39
|
|t:|1743833612
|move|p2a: Entei|Stomping Tantrum|p1a: Toxapex
|-supereffective|p1a: Toxapex
|-damage|p1a: Toxapex|0 fnt
|faint|p1a: Toxapex
|
|win|JP ShinySeeker
|raw|Hkming's rating: 1393 &rarr; <strong>1373</strong><br />(-20 for losing)
|raw|JP ShinySeeker's rating: 1394 &rarr; <strong>1414</strong><br />(+20 for winning)
|l|☆Hkming
|player|p1|
|l|☆JP ShinySeeker
|player|p2|
