|j|☆alinare12
|j|☆mustinj
|t:|1743840625
|gametype|singles
|player|p1|alinare12|pokemonrangerf-gen4|1177
|player|p2|mustinj|cynthia-gen4|1189
|teamsize|p1|6
|teamsize|p2|6
|gen|9
|tier|[Gen 9] OU
|rated|
|rule|HP Percentage Mod: HP is shown in percentages
|rule|Endless Battle Clause: Forcing endless battles is banned
|rule|Species Clause: Limit one of each Pokémon
|rule|OHKO Clause: OHKO moves are banned
|rule|Evasion Items Clause: Evasion items are banned
|rule|Evasion Moves Clause: Evasion moves are banned
|rule|Sleep Moves Clause: Sleep-inducing moves are banned
|clearpoke
|poke|p1|Garganacl, F|
|poke|p1|Glimmora, F|
|poke|p1|Iron Boulder|
|poke|p1|Tyranitar, M|
|poke|p1|Diancie|
|poke|p1|Ogerpon-Cornerstone, F|
|poke|p2|Dragonite, F|
|poke|p2|Ting-Lu|
|poke|p2|Gholdengo|
|poke|p2|Iron Valiant|
|poke|p2|Zamazenta-*|
|poke|p2|Kingambit, F|
|teampreview
|
|t:|1743840647
|start
|switch|p1a: Tyranitar|Tyranitar, M|100/100
|switch|p2a: Ting-Lu|Ting-Lu|100/100
|-weather|Sandstorm|[from] ability: Sand Stream|[of] p1a: Tyranitar
|-ability|p2a: Ting-Lu|Vessel of Ruin
|turn|1
|
|t:|1743840677
|move|p1a: Tyranitar|Knock Off|p2a: Ting-Lu
|-resisted|p2a: Ting-Lu
|-damage|p2a: Ting-Lu|86/100
|-enditem|p2a: Ting-Lu|Red Card|[from] move: Knock Off|[of] p1a: Tyranitar
|-damage|p1a: Tyranitar|91/100|[from] item: Life Orb
|move|p2a: Ting-Lu|Earthquake|p1a: Tyranitar
|-supereffective|p1a: Tyranitar
|-damage|p1a: Tyranitar|34/100
|
|-weather|Sandstorm|[upkeep]
|upkeep
|turn|2
|
|t:|1743840694
|switch|p1a: Ogerpon|Ogerpon-Cornerstone, F|100/100
|move|p2a: Ting-Lu|Stealth Rock|p1a: Ogerpon
|-sidestart|p1: alinare12|move: Stealth Rock
|
|-weather|Sandstorm|[upkeep]
|upkeep
|turn|3
|
|t:|1743840704
|move|p1a: Ogerpon|Horn Leech|p2a: Ting-Lu
|-supereffective|p2a: Ting-Lu
|-damage|p2a: Ting-Lu|39/100
|move|p2a: Ting-Lu|Earthquake|p1a: Ogerpon
|-damage|p1a: Ogerpon|54/100
|
|-weather|Sandstorm|[upkeep]
|upkeep
|turn|4
|
|t:|1743840725
|switch|p2a: Zamazenta|Zamazenta|100/100
|-ability|p2a: Zamazenta|Dauntless Shield|boost
|-boost|p2a: Zamazenta|def|1
|move|p1a: Ogerpon|Horn Leech|p2a: Zamazenta
|-crit|p2a: Zamazenta
|-damage|p2a: Zamazenta|36/100
|-heal|p1a: Ogerpon|89/100|[from] drain|[of] p2a: Zamazenta
|
|-weather|Sandstorm|[upkeep]
|-damage|p2a: Zamazenta|30/100|[from] Sandstorm
|upkeep
|turn|5
|
|t:|1743840746
|switch|p1a: Tyranitar|Tyranitar, M|34/100
|-damage|p1a: Tyranitar|22/100|[from] Stealth Rock
|move|p2a: Zamazenta|Close Combat|p1a: Tyranitar
|-supereffective|p1a: Tyranitar
|-damage|p1a: Tyranitar|0 fnt
|-unboost|p2a: Zamazenta|def|1
|-unboost|p2a: Zamazenta|spd|1
|faint|p1a: Tyranitar
|
|-weather|none
|upkeep
|
|t:|1743840753
|switch|p1a: Glimmora|Glimmora, F|100/100
|-damage|p1a: Glimmora|88/100|[from] Stealth Rock
|turn|6
|
|t:|1743840778
|switch|p2a: Gholdengo|Gholdengo|100/100
|-item|p2a: Gholdengo|Air Balloon
|move|p1a: Glimmora|Spiky Shield||[still]
|-fail|p1a: Glimmora
|
|upkeep
|turn|7
|
|t:|1743840796
|move|p2a: Gholdengo|Nasty Plot|p2a: Gholdengo
|-boost|p2a: Gholdengo|spa|2
|move|p1a: Glimmora|Stealth Rock|p2a: Gholdengo
|-sidestart|p2: mustinj|move: Stealth Rock
|
|upkeep
|turn|8
|
|t:|1743840816
|switch|p1a: Ogerpon|Ogerpon-Cornerstone, F|89/100
|-damage|p1a: Ogerpon|77/100|[from] Stealth Rock
|move|p2a: Gholdengo|Make It Rain|p1a: Ogerpon
|-supereffective|p1a: Ogerpon
|-damage|p1a: Ogerpon|0 fnt
|-unboost|p2a: Gholdengo|spa|1
|faint|p1a: Ogerpon
|
|upkeep
|
|t:|1743840827
|switch|p1a: Garganacl|Garganacl, F|100/100
|-damage|p1a: Garganacl|88/100|[from] Stealth Rock
|turn|9
|
|t:|1743840872
|-terastallize|p1a: Garganacl|Ghost
|move|p2a: Gholdengo|Nasty Plot|p2a: Gholdengo
|-boost|p2a: Gholdengo|spa|2
|move|p1a: Garganacl|Salt Cure|p2a: Gholdengo
|-resisted|p2a: Gholdengo
|-damage|p2a: Gholdengo|93/100
|-start|p2a: Gholdengo|Salt Cure
|-enditem|p2a: Gholdengo|Air Balloon
|
|-heal|p1a: Garganacl|94/100|[from] item: Leftovers
|-damage|p2a: Gholdengo|68/100|[from] Salt Cure
|upkeep
|turn|10
|
|t:|1743840894
|switch|p1a: Diancie|Diancie|100/100
|-damage|p1a: Diancie|88/100|[from] Stealth Rock
|move|p2a: Gholdengo|Make It Rain|p1a: Diancie
|-supereffective|p1a: Diancie
|-damage|p1a: Diancie|0 fnt
|-unboost|p2a: Gholdengo|spa|1
|faint|p1a: Diancie
|
|-damage|p2a: Gholdengo|43/100|[from] Salt Cure
|upkeep
|
|t:|1743840902
|switch|p1a: Iron Boulder|Iron Boulder|100/100
|-damage|p1a: Iron Boulder|88/100|[from] Stealth Rock
|-enditem|p1a: Iron Boulder|Booster Energy
|-activate|p1a: Iron Boulder|ability: Quark Drive|[fromitem]
|-start|p1a: Iron Boulder|quarkdrivespe
|turn|11
|
|t:|1743840936
|switch|p2a: Ting-Lu|Ting-Lu|39/100
|-damage|p2a: Ting-Lu|33/100|[from] Stealth Rock
|-ability|p2a: Ting-Lu|Vessel of Ruin
|move|p1a: Iron Boulder|Earthquake|p2a: Ting-Lu
|-damage|p2a: Ting-Lu|15/100
|
|upkeep
|turn|12
|
|t:|1743840947
|move|p1a: Iron Boulder|Mighty Cleave|p2a: Ting-Lu
|-resisted|p2a: Ting-Lu
|-damage|p2a: Ting-Lu|2/100
|move|p2a: Ting-Lu|Earthquake|p1a: Iron Boulder
|-supereffective|p1a: Iron Boulder
|-damage|p1a: Iron Boulder|0 fnt
|faint|p1a: Iron Boulder
|-end|p1a: Iron Boulder|Quark Drive|[silent]
|
|upkeep
|
|t:|1743840953
|switch|p1a: Glimmora|Glimmora, F|88/100
|-damage|p1a: Glimmora|76/100|[from] Stealth Rock
|turn|13
|c|☆mustinj|damn 2%
|c|☆mustinj|that's rough my bad
|
|t:|1743840969
|move|p1a: Glimmora|Mortal Spin|p2a: Ting-Lu
|-resisted|p2a: Ting-Lu
|-damage|p2a: Ting-Lu|0 fnt
|-sideend|p1: alinare12|Stealth Rock|[from] move: Mortal Spin|[of] p1a: Glimmora
|faint|p2a: Ting-Lu
|
|upkeep
|
|t:|1743840978
|switch|p2a: Gholdengo|Gholdengo|43/100
|-damage|p2a: Gholdengo|37/100|[from] Stealth Rock
|turn|14
|
|t:|1743841000
|switch|p1a: Garganacl|Garganacl, F, tera:Ghost|94/100
|move|p2a: Gholdengo|Make It Rain|p1a: Garganacl
|-damage|p1a: Garganacl|47/100
|-unboost|p2a: Gholdengo|spa|1
|
|-heal|p1a: Garganacl|53/100|[from] item: Leftovers
|upkeep
|turn|15
|
|t:|1743841014
|move|p2a: Gholdengo|Recover|p2a: Gholdengo
|-heal|p2a: Gholdengo|87/100
|move|p1a: Garganacl|Salt Cure|p2a: Gholdengo
|-resisted|p2a: Gholdengo
|-damage|p2a: Gholdengo|79/100
|-start|p2a: Gholdengo|Salt Cure
|
|-heal|p1a: Garganacl|59/100|[from] item: Leftovers
|-damage|p2a: Gholdengo|54/100|[from] Salt Cure
|upkeep
|turn|16
|
|t:|1743841036
|switch|p2a: Iron Valiant|Iron Valiant|100/100
|-damage|p2a: Iron Valiant|94/100|[from] Stealth Rock
|-enditem|p2a: Iron Valiant|Booster Energy
|-activate|p2a: Iron Valiant|ability: Quark Drive|[fromitem]
|-start|p2a: Iron Valiant|quarkdrivespe
|move|p1a: Garganacl|Recover|p1a: Garganacl
|-heal|p1a: Garganacl|100/100
|
|upkeep
|turn|17
|
|t:|1743841045
|move|p2a: Iron Valiant|Calm Mind|p2a: Iron Valiant
|-boost|p2a: Iron Valiant|spa|1
|-boost|p2a: Iron Valiant|spd|1
|move|p1a: Garganacl|Salt Cure|p2a: Iron Valiant
|-resisted|p2a: Iron Valiant
|-damage|p2a: Iron Valiant|85/100
|-start|p2a: Iron Valiant|Salt Cure
|
|-damage|p2a: Iron Valiant|72/100|[from] Salt Cure
|upkeep
|turn|18
|
|t:|1743841070
|move|p2a: Iron Valiant|Calm Mind|p2a: Iron Valiant
|-boost|p2a: Iron Valiant|spa|1
|-boost|p2a: Iron Valiant|spd|1
|move|p1a: Garganacl|Salt Cure|p2a: Iron Valiant
|-resisted|p2a: Iron Valiant
|-damage|p2a: Iron Valiant|64/100
|
|-damage|p2a: Iron Valiant|51/100|[from] Salt Cure
|upkeep
|turn|19
|
|t:|1743841094
|move|p2a: Iron Valiant|Calm Mind|p2a: Iron Valiant
|-boost|p2a: Iron Valiant|spa|1
|-boost|p2a: Iron Valiant|spd|1
|move|p1a: Garganacl|Salt Cure|p2a: Iron Valiant
|-resisted|p2a: Iron Valiant
|-damage|p2a: Iron Valiant|43/100
|
|-damage|p2a: Iron Valiant|31/100|[from] Salt Cure
|upkeep
|turn|20
|
|t:|1743841112
|move|p1a: Garganacl|Protect|p1a: Garganacl
|-singleturn|p1a: Garganacl|Protect
|move|p2a: Iron Valiant|Calm Mind|p2a: Iron Valiant
|-boost|p2a: Iron Valiant|spa|1
|-boost|p2a: Iron Valiant|spd|1
|
|-damage|p2a: Iron Valiant|18/100|[from] Salt Cure
|upkeep
|turn|21
|
|t:|1743841121
|move|p1a: Garganacl|Protect||[still]
|-fail|p1a: Garganacl
|move|p2a: Iron Valiant|Moonblast|p1a: Garganacl
|-damage|p1a: Garganacl|0 fnt
|faint|p1a: Garganacl
|
|-damage|p2a: Iron Valiant|6/100|[from] Salt Cure
|upkeep
|
|t:|1743841125
|switch|p1a: Glimmora|Glimmora, F|76/100
|turn|22
|
|t:|1743841132
|move|p1a: Glimmora|Spiky Shield|p1a: Glimmora
|-singleturn|p1a: Glimmora|move: Protect
|move|p2a: Iron Valiant|Moonblast|p1a: Glimmora
|-activate|p1a: Glimmora|move: Protect
|
|-damage|p2a: Iron Valiant|0 fnt|[from] Salt Cure
|faint|p2a: Iron Valiant
|-end|p2a: Iron Valiant|Quark Drive|[silent]
|upkeep
|
|t:|1743841136
|switch|p2a: Gholdengo|Gholdengo|54/100
|-damage|p2a: Gholdengo|48/100|[from] Stealth Rock
|turn|23
|
|t:|1743841142
|move|p2a: Gholdengo|Make It Rain|p1a: Glimmora
|-supereffective|p1a: Glimmora
|-damage|p1a: Glimmora|0 fnt
|-unboost|p2a: Gholdengo|spa|1
|faint|p1a: Glimmora
|
|win|mustinj
|raw|alinare12's rating: 1177 &rarr; <strong>1153</strong><br />(-24 for losing)
|raw|mustinj's rating: 1189 &rarr; <strong>1213</strong><br />(+24 for winning)
|c|☆mustinj|ggs man
|l|☆alinare12
|player|p1|
|c|☆mustinj|cool mono type team
|l|☆mustinj
|player|p2|
