|j|☆Dimpchampa
|j|☆GoombaJuiced
|t:|1743922763
|gametype|singles
|player|p1|Dimpchampa|2|1105
|player|p2|GoombaJuiced|170|1117
|teamsize|p1|6
|teamsize|p2|6
|gen|9
|tier|[Gen 9] OU
|rated|
|rule|HP Percentage Mod: HP is shown in percentages
|rule|Endless Battle Clause: Forcing endless battles is banned
|rule|Species Clause: Limit one of each Pokémon
|rule|OHKO Clause: OHKO moves are banned
|rule|Evasion Items Clause: Evasion items are banned
|rule|Evasion Moves Clause: Evasion moves are banned
|rule|Sleep Moves Clause: Sleep-inducing moves are banned
|clearpoke
|poke|p1|Kingdra, M|
|poke|p1|Dudunsparce-*, M|
|poke|p1|Kingambit, M|
|poke|p1|Mudsdale, M|
|poke|p1|Gastrodon, F|
|poke|p1|Eelektross, M|
|poke|p2|Cresselia, F|
|poke|p2|Rotom-Heat|
|poke|p2|Scizor, F|
|poke|p2|Falinks|
|poke|p2|Dondozo, F|
|poke|p2|Tsareena, F|
|teampreview
|
|t:|1743922767
|start
|switch|p1a: Dudunsparce|Dudunsparce, M|100/100
|switch|p2a: Scizor|Scizor, F|100/100
|turn|1
|inactive|Battle timer is ON: inactive players will automatically lose when time's up. (requested by GoombaJuiced)
|
|t:|1743922777
|move|p2a: Scizor|Brick Break|p1a: Dudunsparce
|-supereffective|p1a: Dudunsparce
|-damage|p1a: Dudunsparce|32/100
|-damage|p2a: Scizor|84/100|[from] item: Rocky Helmet|[of] p1a: Dudunsparce
|move|p1a: Dudunsparce|Poison Jab|p2a: Scizor
|-immune|p2a: Scizor
|
|upkeep
|turn|2
|
|t:|1743922800
|switch|p2a: Tsareena|Tsareena, F|100/100
|switch|p1a: Gastrodon|Gastrodon, F|100/100
|
|upkeep
|turn|3
|
|t:|1743922809
|move|p2a: Tsareena|Rapid Spin|p1a: Gastrodon
|-damage|p1a: Gastrodon|85/100
|-boost|p2a: Tsareena|spe|1
|move|p1a: Gastrodon|Spikes|p2a: Tsareena
|-sidestart|p2: GoombaJuiced|Spikes
|
|upkeep
|turn|4
|
|t:|1743922822
|move|p2a: Tsareena|Power Whip|p1a: Gastrodon
|-supereffective|p1a: Gastrodon
|-damage|p1a: Gastrodon|0 fnt
|faint|p1a: Gastrodon
|
|upkeep
|
|t:|1743922830
|switch|p1a: Kingdra|Kingdra, M|100/100
|turn|5
|
|t:|1743922838
|move|p2a: Tsareena|Power Whip|p1a: Kingdra
|-damage|p1a: Kingdra|34/100
|move|p1a: Kingdra|Focus Energy|p1a: Kingdra
|-start|p1a: Kingdra|move: Focus Energy
|
|upkeep
|turn|6
|
|t:|1743922847
|move|p2a: Tsareena|Power Whip|p1a: Kingdra
|-damage|p1a: Kingdra|0 fnt
|faint|p1a: Kingdra
|
|upkeep
|
|t:|1743922853
|switch|p1a: Dudunsparce|Dudunsparce, M|32/100
|turn|7
|
|t:|1743922859
|move|p2a: Tsareena|High Jump Kick|p1a: Dudunsparce
|-supereffective|p1a: Dudunsparce
|-damage|p1a: Dudunsparce|0 fnt
|-damage|p2a: Tsareena|84/100|[from] item: Rocky Helmet|[of] p1a: Dudunsparce
|faint|p1a: Dudunsparce
|
|upkeep
|
|t:|1743922867
|switch|p1a: Eelektross|Eelektross, M|100/100
|turn|8
|
|t:|1743922872
|move|p2a: Tsareena|Power Whip|p1a: Eelektross
|-damage|p1a: Eelektross|42/100
|move|p1a: Eelektross|Knock Off|p2a: Tsareena
|-damage|p2a: Tsareena|51/100
|-enditem|p2a: Tsareena|Wide Lens|[from] move: Knock Off|[of] p1a: Eelektross
|
|upkeep
|turn|9
|
|t:|1743922881
|move|p2a: Tsareena|Power Whip|p1a: Eelektross
|-damage|p1a: Eelektross|0 fnt
|faint|p1a: Eelektross
|
|upkeep
|
|t:|1743922892
|switch|p1a: Mudsdale|Mudsdale, M|100/100
|turn|10
|
|t:|1743922898
|move|p2a: Tsareena|Power Whip|p1a: Mudsdale
|-supereffective|p1a: Mudsdale
|-damage|p1a: Mudsdale|7/100
|-ability|p1a: Mudsdale|Stamina|boost
|-boost|p1a: Mudsdale|def|1
|move|p1a: Mudsdale|Heavy Slam|p2a: Tsareena
|-damage|p2a: Tsareena|11/100
|
|-heal|p1a: Mudsdale|13/100|[from] item: Leftovers
|upkeep
|turn|11
|
|t:|1743922909
|move|p2a: Tsareena|Triple Axel|p1a: Mudsdale
|-supereffective|p1a: Mudsdale
|-damage|p1a: Mudsdale|5/100
|-ability|p1a: Mudsdale|Stamina|boost
|-boost|p1a: Mudsdale|def|1
|-supereffective|p1a: Mudsdale
|-damage|p1a: Mudsdale|0 fnt
|faint|p1a: Mudsdale
|-hitcount|p1: Mudsdale|2
|
|upkeep
|
|t:|1743922918
|switch|p1a: Kingambit|Kingambit, M|100/100
|-activate|p1a: Kingambit|ability: Supreme Overlord
|-start|p1a: Kingambit|fallen5|[silent]
|turn|12
|
|t:|1743922923
|move|p1a: Kingambit|Sucker Punch||[still]
|cant|p2a: Tsareena|ability: Queenly Majesty|Sucker Punch|[of] p1a: Kingambit
|move|p2a: Tsareena|High Jump Kick|p1a: Kingambit
|-supereffective|p1a: Kingambit
|-damage|p1a: Kingambit|0 fnt
|faint|p1a: Kingambit
|-end|p1a: Kingambit|fallen5|[silent]
|
|win|GoombaJuiced
|raw|Dimpchampa's rating: 1105 &rarr; <strong>1081</strong><br />(-24 for losing)
|raw|GoombaJuiced's rating: 1117 &rarr; <strong>1141</strong><br />(+24 for winning)
|l|☆GoombaJuiced
|player|p2|
|l|☆Dimpchampa
|player|p1|
