|j|☆Im_totally_human
|j|‽smogonules
|t:|1743787079
|gametype|singles
|player|p1|Im_totally_human|az|1453
|player|p2|smogonules|2|1392
|teamsize|p1|6
|teamsize|p2|6
|gen|9
|tier|[Gen 9] OU
|rated|
|rule|HP Percentage Mod: HP is shown in percentages
|rule|Endless Battle Clause: Forcing endless battles is banned
|rule|Species Clause: Limit one of each Pokémon
|rule|OHKO Clause: OHKO moves are banned
|rule|Evasion Items Clause: Evasion items are banned
|rule|Evasion Moves Clause: Evasion moves are banned
|rule|Sleep Moves Clause: Sleep-inducing moves are banned
|clearpoke
|poke|p1|Walking Wake|
|poke|p1|Meowscarada, M|
|poke|p1|Landorus-Therian, M|
|poke|p1|Hitmonlee, M|
|poke|p1|Slowking-Galar, M|
|poke|p1|Cinderace, M|
|poke|p2|Jirachi|
|poke|p2|Great Tusk|
|poke|p2|Latios, M|
|poke|p2|Gardevoir, M|
|poke|p2|Polteageist|
|poke|p2|Crawdaunt, M|
|teampreview
|
|t:|1743787109
|start
|switch|p1a: Meowscarada|Meowscarada, M, shiny|100/100
|switch|p2a: Jirachi|Jirachi|100/100
|turn|1
|
|t:|1743787134
|move|p1a: Meowscarada|Knock Off|p2a: Jirachi
|-start|p1a: Meowscarada|typechange|Dark|[from] ability: Protean
|-supereffective|p2a: Jirachi
|-damage|p2a: Jirachi|5/100
|-enditem|p2a: Jirachi|Focus Sash|[from] move: Knock Off|[of] p1a: Meowscarada
|move|p2a: Jirachi|Thunder Wave|p1a: Meowscarada
|-status|p1a: Meowscarada|par
|
|upkeep
|turn|2
|
|t:|1743787143
|move|p2a: Jirachi|Stealth Rock|p1a: Meowscarada
|-sidestart|p1: Im_totally_human|move: Stealth Rock
|move|p1a: Meowscarada|Knock Off|p2a: Jirachi
|-supereffective|p2a: Jirachi
|-damage|p2a: Jirachi|0 fnt
|faint|p2a: Jirachi
|
|upkeep
|
|t:|1743787159
|switch|p2a: Crawdaunt|Crawdaunt, M|100/100
|turn|3
|
|t:|1743787164
|move|p1a: Meowscarada|Knock Off|p2a: Crawdaunt
|-resisted|p2a: Crawdaunt
|-damage|p2a: Crawdaunt|68/100
|-enditem|p2a: Crawdaunt|Life Orb|[from] move: Knock Off|[of] p1a: Meowscarada
|move|p2a: Crawdaunt|Swords Dance|p2a: Crawdaunt
|-boost|p2a: Crawdaunt|atk|2
|
|upkeep
|turn|4
|
|t:|1743787171
|switch|p1a: Landorus|Landorus-Therian, M|100/100
|-damage|p1a: Landorus|88/100|[from] Stealth Rock
|-ability|p1a: Landorus|Intimidate|boost
|-unboost|p2a: Crawdaunt|atk|1
|move|p2a: Crawdaunt|Swords Dance|p2a: Crawdaunt
|-boost|p2a: Crawdaunt|atk|2
|
|upkeep
|turn|5
|
|t:|1743787179
|move|p2a: Crawdaunt|Aqua Jet|p1a: Landorus
|-supereffective|p1a: Landorus
|-damage|p1a: Landorus|0 fnt
|-damage|p2a: Crawdaunt|51/100|[from] item: Rocky Helmet|[of] p1a: Landorus
|faint|p1a: Landorus
|
|upkeep
|
|t:|1743787183
|switch|p1a: Leeman|Hitmonlee, M|100/100
|-damage|p1a: Leeman|94/100|[from] Stealth Rock
|turn|6
|
|t:|1743787185
|move|p1a: Leeman|Mach Punch|p2a: Crawdaunt
|-supereffective|p2a: Crawdaunt
|-damage|p2a: Crawdaunt|0 fnt
|faint|p2a: Crawdaunt
|
|upkeep
|
|t:|1743787188
|switch|p2a: Polteageist|Polteageist|100/100
|turn|7
|
|t:|1743787192
|switch|p1a: Meowscarada|Meowscarada, M, shiny|100/100 par
|-damage|p1a: Meowscarada|88/100 par|[from] Stealth Rock
|move|p2a: Polteageist|Shell Smash|p2a: Polteageist
|-unboost|p2a: Polteageist|def|1
|-unboost|p2a: Polteageist|spd|1
|-boost|p2a: Polteageist|atk|2
|-boost|p2a: Polteageist|spa|2
|-boost|p2a: Polteageist|spe|2
|
|upkeep
|turn|8
|
|t:|1743787230
|move|p2a: Polteageist|Shadow Ball|p1a: Meowscarada
|-resisted|p1a: Meowscarada
|-damage|p1a: Meowscarada|19/100 par
|-unboost|p1a: Meowscarada|spd|1
|cant|p1a: Meowscarada|par
|
|upkeep
|turn|9
|
|t:|1743787266
|move|p2a: Polteageist|Shadow Ball|p1a: Meowscarada
|-resisted|p1a: Meowscarada
|-damage|p1a: Meowscarada|0 fnt
|faint|p1a: Meowscarada
|
|upkeep
|
|t:|1743787271
|switch|p1a: Slowking|Slowking-Galar, M|100/100
|turn|10
|inactive|Battle timer is ON: inactive players will automatically lose when time's up. (requested by Im_totally_human)
|inactive|smogonules has 120 seconds left.
|inactive|smogonules has 90 seconds left.
|
|t:|1743787389
|move|p2a: Polteageist|Shadow Ball|p1a: Slowking
|-supereffective|p1a: Slowking
|-crit|p1a: Slowking
|-damage|p1a: Slowking|0 fnt
|faint|p1a: Slowking
|
|upkeep
|inactive|Im_totally_human has 120 seconds left.
|
|t:|1743787421
|switch|p1a: Leeman|Hitmonlee, M|94/100
|-damage|p1a: Leeman|88/100|[from] Stealth Rock
|turn|11
|-message|Im_totally_human forfeited.
|
|win|smogonules
|raw|Im_totally_human's rating: 1453 &rarr; <strong>1430</strong><br />(-23 for losing)
|raw|smogonules's rating: 1392 &rarr; <strong>1415</strong><br />(+23 for winning)
|l|☆Im_totally_human
|player|p1|
|l|‽smogonules
|player|p2|
