|j|‽bosstyrenm
|j|☆alan456
|t:|1743786077
|gametype|singles
|player|p1|bosstyrenm|102|1340
|player|p2|alan456|169|1345
|teamsize|p1|6
|teamsize|p2|6
|gen|9
|tier|[Gen 9] OU
|rated|
|rule|HP Percentage Mod: HP is shown in percentages
|rule|Endless Battle Clause: Forcing endless battles is banned
|rule|Species Clause: Limit one of each Pokémon
|rule|OHKO Clause: OHKO moves are banned
|rule|Evasion Items Clause: Evasion items are banned
|rule|Evasion Moves Clause: Evasion moves are banned
|rule|Sleep Moves Clause: Sleep-inducing moves are banned
|clearpoke
|poke|p1|Ribombee, M|
|poke|p1|Samurott-Hisui, M|
|poke|p1|Gholdengo|
|poke|p1|Great Tusk|
|poke|p1|Enamorus, F|
|poke|p1|Kyurem|
|poke|p2|Staraptor, M|
|poke|p2|Serperior, F|
|poke|p2|Torterra, M|
|poke|p2|Mew|
|poke|p2|Corviknight, F|
|poke|p2|Ting-Lu|
|teampreview
|
|t:|1743786095
|start
|switch|p1a: Ribombee|Ribombee, M|100/100
|switch|p2a: Torterra|Torterra, M|100/100
|turn|1
|
|t:|1743786107
|move|p1a: Ribombee|Sticky Web|p2a: Torterra
|-sidestart|p2: alan456|move: Sticky Web
|move|p2a: Torterra|Rock Blast|p1a: Ribombee
|-supereffective|p1a: Ribombee
|-damage|p1a: Ribombee|68/100
|-supereffective|p1a: Ribombee
|-damage|p1a: Ribombee|37/100
|-supereffective|p1a: Ribombee
|-damage|p1a: Ribombee|3/100
|-supereffective|p1a: Ribombee
|-damage|p1a: Ribombee|0 fnt
|faint|p1a: Ribombee
|-hitcount|p1: Ribombee|4
|
|upkeep
|
|t:|1743786121
|switch|p1a: Kyurem|Kyurem|100/100
|-ability|p1a: Kyurem|Pressure
|turn|2
|
|t:|1743786128
|switch|p2a: Corviknight|Corviknight, F|100/100
|-ability|p2a: Corviknight|Pressure
|move|p1a: Kyurem|Dragon Dance|p1a: Kyurem
|-boost|p1a: Kyurem|atk|1
|-boost|p1a: Kyurem|spe|1
|
|upkeep
|turn|3
|
|t:|1743786137
|move|p1a: Kyurem|Dragon Dance|p1a: Kyurem
|-boost|p1a: Kyurem|atk|1
|-boost|p1a: Kyurem|spe|1
|move|p2a: Corviknight|U-turn|p1a: Kyurem
|-damage|p1a: Kyurem|85/100
|
|t:|1743786155
|switch|p2a: Ting-Lu|Ting-Lu|100/100|[from] U-turn
|-activate|p2a: Ting-Lu|move: Sticky Web
|-unboost|p2a: Ting-Lu|spe|1
|-ability|p2a: Ting-Lu|Vessel of Ruin
|
|upkeep
|turn|4
|
|t:|1743786165
|-terastallize|p2a: Ting-Lu|Poison
|move|p1a: Kyurem|Icicle Spear|p2a: Ting-Lu
|-damage|p2a: Ting-Lu|86/100
|-crit|p2a: Ting-Lu
|-damage|p2a: Ting-Lu|60/100
|-damage|p2a: Ting-Lu|45/100
|-damage|p2a: Ting-Lu|29/100
|-hitcount|p2a: Ting-Lu|4
|move|p2a: Ting-Lu|Whirlwind|p1a: Kyurem
|drag|p1a: Gholdengo|Gholdengo|100/100
|-item|p1a: Gholdengo|Air Balloon
|
|-heal|p2a: Ting-Lu|35/100|[from] item: Leftovers
|upkeep
|turn|5
|
|t:|1743786179
|move|p1a: Gholdengo|Nasty Plot|p1a: Gholdengo
|-boost|p1a: Gholdengo|spa|2
|move|p2a: Ting-Lu|Ruination|p1a: Gholdengo
|-damage|p1a: Gholdengo|51/100
|-enditem|p1a: Gholdengo|Air Balloon
|
|-heal|p2a: Ting-Lu|41/100|[from] item: Leftovers
|upkeep
|turn|6
|
|t:|1743786184
|move|p1a: Gholdengo|Psyshock|p2a: Ting-Lu
|-supereffective|p2a: Ting-Lu
|-damage|p2a: Ting-Lu|0 fnt
|faint|p2a: Ting-Lu
|
|upkeep
|
|t:|1743786197
|switch|p2a: Staraptor|Staraptor, M|100/100
|turn|7
|
|t:|1743786204
|move|p2a: Staraptor|Thief|p1a: Gholdengo
|-supereffective|p1a: Gholdengo
|-damage|p1a: Gholdengo|6/100
|move|p1a: Gholdengo|Dazzling Gleam|p2a: Staraptor
|-damage|p2a: Staraptor|4/100
|
|upkeep
|turn|8
|
|t:|1743786211
|switch|p1a: Enamorus|Enamorus, F|100/100
|move|p2a: Staraptor|Thief|p1a: Enamorus
|-resisted|p1a: Enamorus
|-damage|p1a: Enamorus|84/100
|
|-heal|p1a: Enamorus|90/100|[from] item: Leftovers
|upkeep
|turn|9
|
|t:|1743786219
|switch|p2a: Corviknight|Corviknight, F|100/100
|-ability|p2a: Corviknight|Pressure
|move|p1a: Enamorus|Moonblast|p2a: Corviknight
|-resisted|p2a: Corviknight
|-damage|p2a: Corviknight|78/100
|
|-heal|p1a: Enamorus|97/100|[from] item: Leftovers
|upkeep
|turn|10
|
|t:|1743786225
|switch|p1a: Gholdengo|Gholdengo|6/100
|move|p2a: Corviknight|U-turn|p1a: Gholdengo
|-resisted|p1a: Gholdengo
|-damage|p1a: Gholdengo|1/100
|
|t:|1743786230
|switch|p2a: Serperior|Serperior, F|100/100|[from] U-turn
|-activate|p2a: Serperior|move: Sticky Web
|-boost|p2a: Serperior|spe|1
|
|upkeep
|turn|11
|
|t:|1743786233
|move|p2a: Serperior|Leaf Storm|p1a: Gholdengo
|-resisted|p1a: Gholdengo
|-damage|p1a: Gholdengo|0 fnt
|-boost|p2a: Serperior|spa|2
|faint|p1a: Gholdengo
|
|upkeep
|
|t:|1743786247
|switch|p1a: Kyurem|Kyurem|85/100
|-ability|p1a: Kyurem|Pressure
|turn|12
|
|t:|1743786252
|move|p2a: Serperior|Glare|p1a: Kyurem
|-status|p1a: Kyurem|par
|move|p1a: Kyurem|Icicle Spear|p2a: Serperior
|-supereffective|p2a: Serperior
|-damage|p2a: Serperior|73/100
|-supereffective|p2a: Serperior
|-damage|p2a: Serperior|46/100
|-supereffective|p2a: Serperior
|-damage|p2a: Serperior|17/100
|-supereffective|p2a: Serperior
|-damage|p2a: Serperior|0 fnt
|faint|p2a: Serperior
|-hitcount|p2: Serperior|4
|
|upkeep
|
|t:|1743786256
|switch|p2a: Mew|Mew|100/100
|-activate|p2a: Mew|move: Sticky Web
|-unboost|p2a: Mew|spe|1
|turn|13
|
|t:|1743786262
|move|p2a: Mew|Fire Spin|p1a: Kyurem
|-damage|p1a: Kyurem|79/100 par
|-activate|p1a: Kyurem|move: Fire Spin|[of] p2a: Mew
|cant|p1a: Kyurem|par
|
|-damage|p1a: Kyurem|66/100 par|[from] move: Fire Spin|[partiallytrapped]
|upkeep
|turn|14
|
|t:|1743786266
|move|p2a: Mew|Imprison|p2a: Mew
|-start|p2a: Mew|move: Imprison
|move|p1a: Kyurem|Dragon Dance|p1a: Kyurem
|-boost|p1a: Kyurem|atk|1
|-boost|p1a: Kyurem|spe|1
|
|-damage|p1a: Kyurem|54/100 par|[from] move: Fire Spin|[partiallytrapped]
|upkeep
|turn|15
|
|t:|1743786269
|move|p2a: Mew|Transform|p1a: Kyurem
|-transform|p2a: Mew|p1a: Kyurem
|-ability|p2a: Mew|Pressure
|cant|p1a: Kyurem|move: Imprison|Icicle Spear
|
|-damage|p1a: Kyurem|42/100 par|[from] move: Fire Spin|[partiallytrapped]
|upkeep
|turn|16
|
|t:|1743786278
|move|p2a: Mew|Dragon Dance|p2a: Mew
|-boost|p2a: Mew|atk|1
|-boost|p2a: Mew|spe|1
|-activate|p1a: Kyurem|move: Struggle
|move|p1a: Kyurem|Struggle|p2a: Mew
|-damage|p2a: Mew|72/100
|-damage|p1a: Kyurem|17/100 par|[from] recoil
|
|-heal|p2a: Mew|78/100|[from] item: Leftovers
|-damage|p1a: Kyurem|5/100 par|[from] move: Fire Spin|[partiallytrapped]
|upkeep
|turn|17
|
|t:|1743786286
|move|p2a: Mew|Icicle Spear|p1a: Kyurem
|-crit|p1a: Kyurem
|-damage|p1a: Kyurem|0 fnt
|faint|p1a: Kyurem
|-hitcount|p1: Kyurem|1
|
|-heal|p2a: Mew|85/100|[from] item: Leftovers
|upkeep
|
|t:|1743786324
|switch|p1a: Samurott|Samurott-Hisui, M|100/100
|turn|18
|
|t:|1743786328
|move|p1a: Samurott|Aqua Jet|p2a: Mew
|-resisted|p2a: Mew
|-damage|p2a: Mew|76/100
|move|p2a: Mew|Scale Shot|p1a: Samurott|[miss]
|-miss|p2a: Mew|p1a: Samurott
|
|-heal|p2a: Mew|82/100|[from] item: Leftovers
|upkeep
|turn|19
|
|t:|1743786336
|move|p1a: Samurott|Aqua Jet|p2a: Mew
|-resisted|p2a: Mew
|-crit|p2a: Mew
|-damage|p2a: Mew|70/100
|move|p2a: Mew|Scale Shot|p1a: Samurott
|-damage|p1a: Samurott|67/100
|-damage|p1a: Samurott|32/100
|-damage|p1a: Samurott|0 fnt
|faint|p1a: Samurott
|-hitcount|p1: Samurott|3
|-unboost|p2a: Mew|def|1
|-boost|p2a: Mew|spe|1
|
|-heal|p2a: Mew|76/100|[from] item: Leftovers
|upkeep
|
|t:|1743786338
|switch|p1a: Great Tusk|Great Tusk|100/100
|-enditem|p1a: Great Tusk|Booster Energy
|-activate|p1a: Great Tusk|ability: Protosynthesis|[fromitem]
|-start|p1a: Great Tusk|protosynthesisatk
|turn|20
|
|t:|1743786345
|-terastallize|p1a: Great Tusk|Fire
|move|p2a: Mew|Icicle Spear|p1a: Great Tusk
|-resisted|p1a: Great Tusk
|-damage|p1a: Great Tusk|90/100
|-resisted|p1a: Great Tusk
|-damage|p1a: Great Tusk|80/100
|-hitcount|p1a: Great Tusk|2
|move|p1a: Great Tusk|Headlong Rush|p2a: Mew
|-damage|p2a: Mew|0 fnt
|-unboost|p1a: Great Tusk|def|1
|-unboost|p1a: Great Tusk|spd|1
|faint|p2a: Mew
|
|upkeep
|
|t:|1743786352
|switch|p2a: Staraptor|Staraptor, M|4/100
|turn|21
|
|t:|1743786364
|move|p2a: Staraptor|Brave Bird|p1a: Great Tusk
|-damage|p1a: Great Tusk|0 fnt
|faint|p1a: Great Tusk
|-end|p1a: Great Tusk|Protosynthesis|[silent]
|-damage|p2a: Staraptor|0 fnt|[from] Recoil
|faint|p2a: Staraptor
|
|upkeep
|
|t:|1743786373
|switch|p1a: Enamorus|Enamorus, F|97/100
|switch|p2a: Torterra|Torterra, M|100/100
|-activate|p2a: Torterra|move: Sticky Web
|-unboost|p2a: Torterra|spe|1
|turn|22
|
|t:|1743786379
|move|p1a: Enamorus|Moonblast|p2a: Torterra
|-damage|p2a: Torterra|39/100
|-unboost|p2a: Torterra|spa|1
|move|p2a: Torterra|Rock Blast|p1a: Enamorus
|-supereffective|p1a: Enamorus
|-damage|p1a: Enamorus|70/100
|-supereffective|p1a: Enamorus
|-damage|p1a: Enamorus|45/100
|-supereffective|p1a: Enamorus
|-damage|p1a: Enamorus|20/100
|-supereffective|p1a: Enamorus
|-damage|p1a: Enamorus|0 fnt
|faint|p1a: Enamorus
|-hitcount|p1: Enamorus|4
|
|win|alan456
|raw|bosstyrenm's rating: 1340 &rarr; <strong>1320</strong><br />(-20 for losing)
|raw|alan456's rating: 1345 &rarr; <strong>1365</strong><br />(+20 for winning)
|l|‽bosstyrenm
|player|p1|
|l|☆alan456
|player|p2|
