|j|☆Scizzor97
|j|☆whatismyidentity
|t:|1743898635
|gametype|singles
|player|p1|Scizzor97|1|1395
|player|p2|whatismyidentity|266|1313
|teamsize|p1|6
|teamsize|p2|6
|gen|9
|tier|[Gen 9] OU
|rated|
|rule|HP Percentage Mod: HP is shown in percentages
|rule|Endless Battle Clause: Forcing endless battles is banned
|rule|Species Clause: Limit one of each Pokémon
|rule|OHKO Clause: OHKO moves are banned
|rule|Evasion Items Clause: Evasion items are banned
|rule|Evasion Moves Clause: Evasion moves are banned
|rule|Sleep Moves Clause: Sleep-inducing moves are banned
|clearpoke
|poke|p1|Iron Hands|
|poke|p1|Sandslash-Alola, F|
|poke|p1|Corviknight, F|
|poke|p1|Coalossal, F|
|poke|p1|Dragapult, M|
|poke|p1|Toxicroak, M|
|poke|p2|Great Tusk|
|poke|p2|Dragapult, M|
|poke|p2|Glimmora, F|
|poke|p2|Enamorus, F|
|poke|p2|Iron Moth|
|poke|p2|Primarina, F|
|teampreview
|inactive|Battle timer is ON: inactive players will automatically lose when time's up. (requested by whatismyidentity)
|
|t:|1743898659
|start
|switch|p1a: Sandslash|Sandslash-Alola, F|100/100
|switch|p2a: Glimmora|Glimmora, F|100/100
|turn|1
|
|t:|1743898667
|move|p2a: Glimmora|Stealth Rock|p1a: Sandslash
|-sidestart|p1: Scizzor97|move: Stealth Rock
|move|p1a: Sandslash|Rapid Spin|p2a: Glimmora
|-resisted|p2a: Glimmora
|-damage|p2a: Glimmora|93/100
|-boost|p1a: Sandslash|spe|1
|-activate|p2a: Glimmora|ability: Toxic Debris
|-sidestart|p1: Scizzor97|move: Toxic Spikes
|-sideend|p1: Scizzor97|Toxic Spikes|[from] move: Rapid Spin|[of] p1a: Sandslash
|-sideend|p1: Scizzor97|Stealth Rock|[from] move: Rapid Spin|[of] p1a: Sandslash
|
|upkeep
|turn|2
|
|t:|1743898677
|move|p1a: Sandslash|Earthquake|p2a: Glimmora
|-supereffective|p2a: Glimmora
|-damage|p2a: Glimmora|0 fnt
|-activate|p2a: Glimmora|ability: Toxic Debris
|-sidestart|p1: Scizzor97|move: Toxic Spikes
|faint|p2a: Glimmora
|
|upkeep
|
|t:|1743898689
|switch|p2a: Great Tusk|Great Tusk|100/100
|-enditem|p2a: Great Tusk|Booster Energy
|-activate|p2a: Great Tusk|ability: Protosynthesis|[fromitem]
|-start|p2a: Great Tusk|protosynthesisatk
|turn|3
|
|t:|1743898699
|switch|p1a: Corviknight|Corviknight, F, shiny|100/100
|-ability|p1a: Corviknight|Pressure
|move|p2a: Great Tusk|Headlong Rush|p1a: Corviknight
|-immune|p1a: Corviknight
|
|upkeep
|turn|4
|
|t:|1743898707
|-end|p2a: Great Tusk|Protosynthesis|[silent]
|switch|p2a: Iron Moth|Iron Moth|100/100
|-enditem|p2a: Iron Moth|Booster Energy
|-activate|p2a: Iron Moth|ability: Quark Drive|[fromitem]
|-start|p2a: Iron Moth|quarkdrivespa
|move|p1a: Corviknight|Defog|p2a: Iron Moth
|-unboost|p2a: Iron Moth|evasion|1
|-sideend|p1: Scizzor97|Toxic Spikes|[from] move: Defog|[of] p1a: Corviknight
|
|upkeep
|turn|5
|
|t:|1743898715
|switch|p1a: Coalossal|Coalossal, F, shiny|100/100
|move|p2a: Iron Moth|Fiery Dance|p1a: Coalossal
|-resisted|p1a: Coalossal
|-damage|p1a: Coalossal|85/100
|-boost|p2a: Iron Moth|spa|1
|-ability|p1a: Coalossal|Steam Engine|boost
|-boost|p1a: Coalossal|spe|6
|
|upkeep
|turn|6
|
|t:|1743898728
|move|p1a: Coalossal|Meteor Beam||[still]
|-prepare|p1a: Coalossal|Meteor Beam
|-boost|p1a: Coalossal|spa|1
|-enditem|p1a: Coalossal|Power Herb
|-anim|p1a: Coalossal|Meteor Beam|p2a: Iron Moth
|-supereffective|p2a: Iron Moth
|-damage|p2a: Iron Moth|0 fnt
|faint|p2a: Iron Moth
|-end|p2a: Iron Moth|Quark Drive|[silent]
|
|upkeep
|
|t:|1743898736
|switch|p2a: Primarina|Primarina, F|100/100
|turn|7
|
|t:|1743898745
|switch|p1a: Toxicroak|Toxicroak, M, shiny|100/100
|move|p2a: Primarina|Sparkling Aria|p1a: Toxicroak
|-immune|p1a: Toxicroak|[from] ability: Dry Skin
|
|upkeep
|turn|8
|
|t:|1743898757
|switch|p2a: Great Tusk|Great Tusk|100/100
|move|p1a: Toxicroak|Swords Dance|p1a: Toxicroak
|-boost|p1a: Toxicroak|atk|2
|
|upkeep
|turn|9
|
|t:|1743898763
|switch|p1a: Corviknight|Corviknight, F, shiny|100/100
|-ability|p1a: Corviknight|Pressure
|move|p2a: Great Tusk|Close Combat|p1a: Corviknight
|-damage|p1a: Corviknight|62/100
|-unboost|p2a: Great Tusk|def|1
|-unboost|p2a: Great Tusk|spd|1
|-damage|p2a: Great Tusk|84/100|[from] item: Rocky Helmet|[of] p1a: Corviknight
|
|upkeep
|turn|10
|
|t:|1743898775
|-end|p2a: Great Tusk|Protosynthesis|[silent]
|switch|p2a: Enamorus|Enamorus, F|100/100
|move|p1a: Corviknight|Brave Bird|p2a: Enamorus
|-damage|p2a: Enamorus|45/100
|-damage|p1a: Corviknight|49/100|[from] Recoil
|
|upkeep
|turn|11
|
|t:|1743898785
|move|p2a: Enamorus|Superpower|p1a: Corviknight
|-damage|p1a: Corviknight|33/100
|-boost|p2a: Enamorus|atk|1
|-boost|p2a: Enamorus|def|1
|-damage|p2a: Enamorus|29/100|[from] item: Rocky Helmet|[of] p1a: Corviknight
|move|p1a: Corviknight|Brave Bird|p2a: Enamorus
|-damage|p2a: Enamorus|0 fnt
|faint|p2a: Enamorus
|-damage|p1a: Corviknight|26/100|[from] Recoil
|
|upkeep
|-message|whatismyidentity forfeited.
|
|win|Scizzor97
|raw|Scizzor97's rating: 1395 &rarr; <strong>1410</strong><br />(+15 for winning)
|raw|whatismyidentity's rating: 1313 &rarr; <strong>1298</strong><br />(-15 for losing)
|l|☆whatismyidentity
|player|p2|
|l|☆Scizzor97
|player|p1|
