|j|☆Partynparadise
|j|☆mollysantanafan
|t:|1743903250
|gametype|singles
|player|p1|Partynparadise|hilbert|1306
|player|p2|mollysantanafan|cyclistf|1289
|teamsize|p1|6
|teamsize|p2|6
|gen|9
|tier|[Gen 9] OU
|rated|
|rule|HP Percentage Mod: HP is shown in percentages
|rule|Endless Battle Clause: Forcing endless battles is banned
|rule|Species Clause: Limit one of each Pokémon
|rule|OHKO Clause: OHKO moves are banned
|rule|Evasion Items Clause: Evasion items are banned
|rule|Evasion Moves Clause: Evasion moves are banned
|rule|Sleep Moves Clause: Sleep-inducing moves are banned
|clearpoke
|poke|p1|Clefable, F|
|poke|p1|Dragapult, F|
|poke|p1|Moltres|
|poke|p1|Zamazenta-*|
|poke|p1|Veluza, F|
|poke|p1|Slowking-Galar, F|
|poke|p2|Slowking-Galar, F|
|poke|p2|Corviknight, F|
|poke|p2|Skeledirge, F|
|poke|p2|Ting-Lu|
|poke|p2|Hydrapple, M|
|poke|p2|Zamazenta-*|
|teampreview
|inactive|Battle timer is ON: inactive players will automatically lose when time's up. (requested by mollysantanafan)
|
|t:|1743903276
|start
|switch|p1a: Veluza|Veluza, F|100/100
|switch|p2a: Slowking|Slowking-Galar, F|100/100
|turn|1
|
|t:|1743903281
|switch|p2a: Hydrapple|Hydrapple, M|100/100
|move|p1a: Veluza|Fillet Away|p1a: Veluza
|-boost|p1a: Veluza|atk|2
|-boost|p1a: Veluza|spa|2
|-boost|p1a: Veluza|spe|2
|-damage|p1a: Veluza|51/100
|
|upkeep
|turn|2
|
|t:|1743903290
|move|p1a: Veluza|Psycho Cut|p2a: Hydrapple
|-damage|p2a: Hydrapple|41/100
|move|p2a: Hydrapple|Giga Drain|p1a: Veluza
|-supereffective|p1a: Veluza
|-damage|p1a: Veluza|0 fnt
|-heal|p2a: Hydrapple|61/100|[from] drain|[of] p1a: Veluza
|faint|p1a: Veluza
|
|upkeep
|
|t:|1743903297
|switch|p1a: Slowking|Slowking-Galar, F|100/100
|turn|3
|
|t:|1743903302
|switch|p2a: Slowking|Slowking-Galar, F|100/100
|move|p1a: Slowking|Future Sight|p2a: Slowking
|-start|p1a: Slowking|move: Future Sight
|
|upkeep
|turn|4
|
|t:|1743903306
|-prepare|p1a: Slowking|Chilly Reception|[premajor]
|move|p1a: Slowking|Chilly Reception|p1a: Slowking
|-weather|Snowscape
|
|t:|1743903311
|switch|p1a: Dragapult|Dragapult, F|100/100|[from] Chilly Reception
|move|p2a: Slowking|Future Sight|p1a: Dragapult
|-start|p2a: Slowking|move: Future Sight
|
|-weather|Snowscape|[upkeep]
|upkeep
|turn|5
|
|t:|1743903318
|switch|p2a: Ting-Lu|Ting-Lu|100/100
|-ability|p2a: Ting-Lu|Vessel of Ruin
|move|p1a: Dragapult|Substitute|p1a: Dragapult
|-start|p1a: Dragapult|Substitute
|-damage|p1a: Dragapult|76/100
|
|-weather|Snowscape|[upkeep]
|-end|p2a: Ting-Lu|move: Future Sight
|-immune|p2a: Ting-Lu
|-heal|p1a: Dragapult|82/100|[from] item: Leftovers
|upkeep
|turn|6
|
|t:|1743903321
|move|p1a: Dragapult|Phantom Force||[still]
|-prepare|p1a: Dragapult|Phantom Force
|move|p2a: Ting-Lu|Payback|p1a: Dragapult|[miss]|[miss]
|-miss|p2a: Ting-Lu|p1a: Dragapult
|
|-weather|Snowscape|[upkeep]
|-end|p1a: Dragapult|move: Future Sight
|-miss|p2: Slowking|p1a: Dragapult
|-heal|p1a: Dragapult|88/100|[from] item: Leftovers
|upkeep
|turn|7
|
|t:|1743903327
|move|p1a: Dragapult|Phantom Force|p2a: Ting-Lu|[from] lockedmove
|-resisted|p2a: Ting-Lu
|-damage|p2a: Ting-Lu|86/100
|move|p2a: Ting-Lu|Payback|p1a: Dragapult
|-supereffective|p1a: Dragapult
|-end|p1a: Dragapult|Substitute
|
|-weather|Snowscape|[upkeep]
|-heal|p1a: Dragapult|94/100|[from] item: Leftovers
|-heal|p2a: Ting-Lu|93/100|[from] item: Leftovers
|upkeep
|turn|8
|
|t:|1743903340
|switch|p1a: Clefable|Clefable, F|100/100
|move|p2a: Ting-Lu|Payback|p1a: Clefable
|-resisted|p1a: Clefable
|-damage|p1a: Clefable|91/100
|
|-weather|none
|-heal|p1a: Clefable|97/100|[from] item: Leftovers
|-heal|p2a: Ting-Lu|99/100|[from] item: Leftovers
|upkeep
|turn|9
|
|t:|1743903345
|switch|p2a: Slowking|Slowking-Galar, F|100/100
|move|p1a: Clefable|Stealth Rock|p2a: Slowking
|-sidestart|p2: mollysantanafan|move: Stealth Rock
|
|-heal|p1a: Clefable|100/100|[from] item: Leftovers
|upkeep
|turn|10
|
|t:|1743903352
|move|p1a: Clefable|Knock Off|p2a: Slowking
|-supereffective|p2a: Slowking
|-damage|p2a: Slowking|76/100
|-enditem|p2a: Slowking|Shuca Berry|[from] move: Knock Off|[of] p1a: Clefable
|move|p2a: Slowking|Future Sight|p1a: Clefable
|-start|p2a: Slowking|move: Future Sight
|
|upkeep
|turn|11
|
|t:|1743903358
|switch|p1a: Slowking|Slowking-Galar, F|100/100
|move|p2a: Slowking|Sludge Bomb|p1a: Slowking
|-resisted|p1a: Slowking
|-crit|p1a: Slowking
|-damage|p1a: Slowking|86/100
|
|upkeep
|turn|12
|
|t:|1743903366
|move|p1a: Slowking|Future Sight|p2a: Slowking
|-start|p1a: Slowking|move: Future Sight
|-prepare|p2a: Slowking|Chilly Reception|[premajor]
|move|p2a: Slowking|Chilly Reception|p2a: Slowking
|-weather|Snowscape
|
|t:|1743903372
|switch|p2a: Corviknight|Corviknight, F|100/100|[from] Chilly Reception
|-damage|p2a: Corviknight|88/100|[from] Stealth Rock
|-ability|p2a: Corviknight|Pressure
|
|-weather|Snowscape|[upkeep]
|-end|p1a: Slowking|move: Future Sight
|-damage|p1a: Slowking|59/100
|upkeep
|turn|13
|
|t:|1743903376
|move|p2a: Corviknight|Defog|p1a: Slowking
|-unboost|p1a: Slowking|evasion|1
|-sideend|p2: mollysantanafan|Stealth Rock|[from] move: Defog|[of] p2a: Corviknight
|-prepare|p1a: Slowking|Chilly Reception|[premajor]
|move|p1a: Slowking|Chilly Reception|p1a: Slowking
|
|t:|1743903382
|switch|p1a: Moltres|Moltres|100/100|[from] Chilly Reception
|
|-weather|Snowscape|[upkeep]
|upkeep
|turn|14
|
|t:|1743903387
|switch|p2a: Slowking|Slowking-Galar, F|100/100
|move|p1a: Moltres|U-turn|p2a: Slowking
|-damage|p2a: Slowking|89/100
|
|t:|1743903391
|switch|p1a: Dragapult|Dragapult, F|94/100|[from] U-turn
|
|-weather|Snowscape|[upkeep]
|-end|p2a: Slowking|move: Future Sight
|-damage|p2a: Slowking|53/100
|-heal|p1a: Dragapult|99/100|[from] item: Leftovers
|upkeep
|turn|15
|
|t:|1743903394
|switch|p2a: Ting-Lu|Ting-Lu|99/100
|-ability|p2a: Ting-Lu|Vessel of Ruin
|move|p1a: Dragapult|Substitute|p1a: Dragapult
|-start|p1a: Dragapult|Substitute
|-damage|p1a: Dragapult|75/100
|
|-weather|Snowscape|[upkeep]
|-heal|p1a: Dragapult|81/100|[from] item: Leftovers
|-heal|p2a: Ting-Lu|100/100|[from] item: Leftovers
|upkeep
|turn|16
|
|t:|1743903397
|move|p1a: Dragapult|Dragon Darts|p2a: Ting-Lu
|-damage|p2a: Ting-Lu|85/100
|-anim|p1a: Dragapult|Dragon Darts|p2a: Ting-Lu
|-damage|p2a: Ting-Lu|71/100
|move|p2a: Ting-Lu|Earthquake|p1a: Dragapult
|-end|p1a: Dragapult|Substitute
|
|-weather|none
|-heal|p1a: Dragapult|87/100|[from] item: Leftovers
|-heal|p2a: Ting-Lu|77/100|[from] item: Leftovers
|upkeep
|turn|17
|
|t:|1743903402
|switch|p1a: Clefable|Clefable, F|100/100
|move|p2a: Ting-Lu|Earthquake|p1a: Clefable
|-crit|p1a: Clefable
|-damage|p1a: Clefable|36/100
|
|-heal|p1a: Clefable|42/100|[from] item: Leftovers
|-heal|p2a: Ting-Lu|83/100|[from] item: Leftovers
|upkeep
|turn|18
|
|t:|1743903408
|move|p1a: Clefable|Stealth Rock|p2a: Ting-Lu
|-sidestart|p2: mollysantanafan|move: Stealth Rock
|move|p2a: Ting-Lu|Earthquake|p1a: Clefable
|-damage|p1a: Clefable|3/100
|
|-heal|p1a: Clefable|9/100|[from] item: Leftovers
|-heal|p2a: Ting-Lu|89/100|[from] item: Leftovers
|upkeep
|turn|19
|
|t:|1743903413
|switch|p2a: Skeledirge|Skeledirge, F, shiny|100/100
|move|p1a: Clefable|Knock Off|p2a: Skeledirge
|-supereffective|p2a: Skeledirge
|-damage|p2a: Skeledirge|72/100
|-enditem|p2a: Skeledirge|Heavy-Duty Boots|[from] move: Knock Off|[of] p1a: Clefable
|
|-heal|p1a: Clefable|15/100|[from] item: Leftovers
|upkeep
|turn|20
|
|t:|1743903418
|move|p2a: Skeledirge|Torch Song|p1a: Clefable
|-damage|p1a: Clefable|0 fnt
|-boost|p2a: Skeledirge|spa|1
|faint|p1a: Clefable
|
|upkeep
|
|t:|1743903426
|switch|p1a: Slowking|Slowking-Galar, F|93/100
|turn|21
|
|t:|1743903430
|move|p2a: Skeledirge|Will-O-Wisp|p1a: Slowking
|-status|p1a: Slowking|brn
|move|p1a: Slowking|Psychic Noise|p2a: Skeledirge
|-damage|p2a: Skeledirge|51/100
|-start|p2a: Skeledirge|move: Heal Block
|
|-damage|p1a: Slowking|87/100 brn|[from] brn
|upkeep
|turn|22
|
|t:|1743903437
|move|p2a: Skeledirge|Hex|p1a: Slowking
|-supereffective|p1a: Slowking
|-damage|p1a: Slowking|0 fnt
|faint|p1a: Slowking
|
|-end|p2a: Skeledirge|move: Heal Block
|upkeep
|
|t:|1743903441
|switch|p1a: Dragapult|Dragapult, F|87/100
|turn|23
|
|t:|1743903447
|switch|p2a: Ting-Lu|Ting-Lu|89/100
|-damage|p2a: Ting-Lu|83/100|[from] Stealth Rock
|-ability|p2a: Ting-Lu|Vessel of Ruin
|move|p1a: Dragapult|Dragon Darts|p2a: Ting-Lu
|-damage|p2a: Ting-Lu|69/100
|-anim|p1a: Dragapult|Dragon Darts|p2a: Ting-Lu
|-damage|p2a: Ting-Lu|54/100
|
|-heal|p1a: Dragapult|93/100|[from] item: Leftovers
|-heal|p2a: Ting-Lu|61/100|[from] item: Leftovers
|upkeep
|turn|24
|
|t:|1743903454
|switch|p1a: Moltres|Moltres|100/100
|move|p2a: Ting-Lu|Earthquake|p1a: Moltres
|-immune|p1a: Moltres
|
|-heal|p2a: Ting-Lu|67/100|[from] item: Leftovers
|upkeep
|turn|25
|
|t:|1743903461
|move|p1a: Moltres|U-turn|p2a: Ting-Lu
|-supereffective|p2a: Ting-Lu
|-damage|p2a: Ting-Lu|50/100
|
|t:|1743903464
|switch|p1a: Zamazenta|Zamazenta|100/100|[from] U-turn
|-ability|p1a: Zamazenta|Dauntless Shield|boost
|-boost|p1a: Zamazenta|def|1
|move|p2a: Ting-Lu|Payback|p1a: Zamazenta
|-resisted|p1a: Zamazenta
|-damage|p1a: Zamazenta|95/100
|
|-heal|p1a: Zamazenta|100/100|[from] item: Leftovers
|-heal|p2a: Ting-Lu|56/100|[from] item: Leftovers
|upkeep
|turn|26
|
|t:|1743903469
|switch|p2a: Corviknight|Corviknight, F|88/100
|-damage|p2a: Corviknight|76/100|[from] Stealth Rock
|-ability|p2a: Corviknight|Pressure
|move|p1a: Zamazenta|Substitute|p1a: Zamazenta
|-start|p1a: Zamazenta|Substitute
|-damage|p1a: Zamazenta|76/100
|
|-heal|p1a: Zamazenta|82/100|[from] item: Leftovers
|upkeep
|turn|27
|
|t:|1743903475
|move|p1a: Zamazenta|Crunch|p2a: Corviknight
|-damage|p2a: Corviknight|61/100
|-damage|p1a: Zamazenta|65/100|[from] item: Rocky Helmet|[of] p2a: Corviknight
|move|p2a: Corviknight|Iron Defense|p2a: Corviknight
|-boost|p2a: Corviknight|def|2
|
|-heal|p1a: Zamazenta|71/100|[from] item: Leftovers
|upkeep
|turn|28
|
|t:|1743903480
|switch|p1a: Moltres|Moltres|100/100
|move|p2a: Corviknight|Defog|p1a: Moltres
|-unboost|p1a: Moltres|evasion|1
|-sideend|p2: mollysantanafan|Stealth Rock|[from] move: Defog|[of] p2a: Corviknight
|
|upkeep
|turn|29
|
|t:|1743903484
|switch|p2a: Slowking|Slowking-Galar, F|87/100
|move|p1a: Moltres|U-turn|p2a: Slowking
|-damage|p2a: Slowking|77/100
|
|t:|1743903486
|switch|p1a: Dragapult|Dragapult, F|93/100|[from] U-turn
|
|-heal|p1a: Dragapult|99/100|[from] item: Leftovers
|upkeep
|turn|30
|
|t:|1743903493
|switch|p2a: Ting-Lu|Ting-Lu|56/100
|-ability|p2a: Ting-Lu|Vessel of Ruin
|move|p1a: Dragapult|Substitute|p1a: Dragapult
|-start|p1a: Dragapult|Substitute
|-damage|p1a: Dragapult|74/100
|
|-heal|p1a: Dragapult|80/100|[from] item: Leftovers
|-heal|p2a: Ting-Lu|63/100|[from] item: Leftovers
|upkeep
|turn|31
|
|t:|1743903497
|move|p1a: Dragapult|Dragon Darts|p2a: Ting-Lu
|-damage|p2a: Ting-Lu|47/100
|-anim|p1a: Dragapult|Dragon Darts|p2a: Ting-Lu
|-damage|p2a: Ting-Lu|32/100
|move|p2a: Ting-Lu|Payback|p1a: Dragapult
|-supereffective|p1a: Dragapult
|-end|p1a: Dragapult|Substitute
|
|-heal|p1a: Dragapult|86/100|[from] item: Leftovers
|-heal|p2a: Ting-Lu|38/100|[from] item: Leftovers
|upkeep
|turn|32
|
|t:|1743903507
|switch|p1a: Moltres|Moltres|100/100
|move|p2a: Ting-Lu|Payback|p1a: Moltres
|-damage|p1a: Moltres|86/100
|
|-heal|p2a: Ting-Lu|44/100|[from] item: Leftovers
|upkeep
|turn|33
|
|t:|1743903509
|move|p1a: Moltres|U-turn|p2a: Ting-Lu
|-supereffective|p2a: Ting-Lu
|-damage|p2a: Ting-Lu|29/100
|
|t:|1743903513
|switch|p1a: Zamazenta|Zamazenta|71/100|[from] U-turn
|move|p2a: Ting-Lu|Payback|p1a: Zamazenta
|-resisted|p1a: Zamazenta
|-damage|p1a: Zamazenta|63/100
|
|-heal|p1a: Zamazenta|69/100|[from] item: Leftovers
|-heal|p2a: Ting-Lu|35/100|[from] item: Leftovers
|upkeep
|turn|34
|
|t:|1743903518
|switch|p1a: Dragapult|Dragapult, F|86/100
|switch|p2a: Hydrapple|Hydrapple, M|94/100
|
|-heal|p1a: Dragapult|92/100|[from] item: Leftovers
|upkeep
|turn|35
|
|t:|1743903538
|switch|p2a: Corviknight|Corviknight, F|61/100
|-ability|p2a: Corviknight|Pressure
|move|p1a: Dragapult|Dragon Darts|p2a: Corviknight
|-resisted|p2a: Corviknight
|-crit|p2a: Corviknight
|-damage|p2a: Corviknight|49/100
|-anim|p1a: Dragapult|Dragon Darts|p2a: Corviknight
|-resisted|p2a: Corviknight
|-damage|p2a: Corviknight|41/100
|
|-heal|p1a: Dragapult|98/100|[from] item: Leftovers
|upkeep
|turn|36
|
|t:|1743903542
|move|p1a: Dragapult|Substitute|p1a: Dragapult
|-start|p1a: Dragapult|Substitute
|-damage|p1a: Dragapult|73/100
|move|p2a: Corviknight|Roost|p2a: Corviknight
|-heal|p2a: Corviknight|91/100
|-singleturn|p2a: Corviknight|move: Roost
|
|-heal|p1a: Dragapult|79/100|[from] item: Leftovers
|upkeep
|turn|37
|
|t:|1743903546
|move|p1a: Dragapult|Dragon Dance|p1a: Dragapult
|-boost|p1a: Dragapult|atk|1
|-boost|p1a: Dragapult|spe|1
|move|p2a: Corviknight|Iron Defense|p2a: Corviknight
|-boost|p2a: Corviknight|def|2
|
|-heal|p1a: Dragapult|85/100|[from] item: Leftovers
|upkeep
|turn|38
|
|t:|1743903549
|move|p1a: Dragapult|Dragon Dance|p1a: Dragapult
|-boost|p1a: Dragapult|atk|1
|-boost|p1a: Dragapult|spe|1
|move|p2a: Corviknight|Iron Defense|p2a: Corviknight
|-boost|p2a: Corviknight|def|2
|
|-heal|p1a: Dragapult|91/100|[from] item: Leftovers
|upkeep
|turn|39
|
|t:|1743903551
|move|p1a: Dragapult|Dragon Dance|p1a: Dragapult
|-boost|p1a: Dragapult|atk|1
|-boost|p1a: Dragapult|spe|1
|move|p2a: Corviknight|Iron Defense|p2a: Corviknight
|-boost|p2a: Corviknight|def|2
|
|-heal|p1a: Dragapult|97/100|[from] item: Leftovers
|upkeep
|turn|40
|
|t:|1743903555
|move|p1a: Dragapult|Dragon Dance|p1a: Dragapult
|-boost|p1a: Dragapult|atk|1
|-boost|p1a: Dragapult|spe|1
|move|p2a: Corviknight|Defog||[still]
|-fail|p2a: Corviknight
|
|-heal|p1a: Dragapult|100/100|[from] item: Leftovers
|upkeep
|turn|41
|
|t:|1743903558
|move|p1a: Dragapult|Dragon Dance|p1a: Dragapult
|-boost|p1a: Dragapult|atk|1
|-boost|p1a: Dragapult|spe|1
|move|p2a: Corviknight|Defog||[still]
|-fail|p2a: Corviknight
|
|upkeep
|turn|42
|
|t:|1743903561
|move|p1a: Dragapult|Dragon Dance|p1a: Dragapult
|-boost|p1a: Dragapult|atk|1
|-boost|p1a: Dragapult|spe|1
|move|p2a: Corviknight|Defog||[still]
|-fail|p2a: Corviknight
|
|upkeep
|turn|43
|
|t:|1743903573
|move|p1a: Dragapult|Phantom Force||[still]
|-prepare|p1a: Dragapult|Phantom Force
|move|p2a: Corviknight|Roost|p2a: Corviknight
|-heal|p2a: Corviknight|100/100
|-singleturn|p2a: Corviknight|move: Roost
|
|upkeep
|turn|44
|
|t:|1743903577
|move|p1a: Dragapult|Phantom Force|p2a: Corviknight|[from] lockedmove
|-damage|p2a: Corviknight|74/100
|-damage|p1a: Dragapult|84/100|[from] item: Rocky Helmet|[of] p2a: Corviknight
|move|p2a: Corviknight|Body Press|p1a: Dragapult
|-immune|p1a: Dragapult
|
|-heal|p1a: Dragapult|90/100|[from] item: Leftovers
|upkeep
|turn|45
|
|t:|1743903584
|move|p1a: Dragapult|Phantom Force||[still]
|-prepare|p1a: Dragapult|Phantom Force
|move|p2a: Corviknight|Defog|p1a: Dragapult|[miss]
|-miss|p2a: Corviknight|p1a: Dragapult
|
|-heal|p1a: Dragapult|96/100|[from] item: Leftovers
|upkeep
|turn|46
|
|t:|1743903590
|move|p1a: Dragapult|Phantom Force|p2a: Corviknight|[from] lockedmove
|-damage|p2a: Corviknight|47/100
|-damage|p1a: Dragapult|80/100|[from] item: Rocky Helmet|[of] p2a: Corviknight
|move|p2a: Corviknight|Iron Defense|p2a: Corviknight
|-boost|p2a: Corviknight|def|0
|
|-heal|p1a: Dragapult|86/100|[from] item: Leftovers
|upkeep
|turn|47
|
|t:|1743903595
|move|p1a: Dragapult|Dragon Darts|p2a: Corviknight
|-resisted|p2a: Corviknight
|-damage|p2a: Corviknight|38/100
|-anim|p1a: Dragapult|Dragon Darts|p2a: Corviknight
|-resisted|p2a: Corviknight
|-damage|p2a: Corviknight|29/100
|move|p2a: Corviknight|Roost|p2a: Corviknight
|-heal|p2a: Corviknight|79/100
|-singleturn|p2a: Corviknight|move: Roost
|
|-heal|p1a: Dragapult|92/100|[from] item: Leftovers
|upkeep
|turn|48
|
|t:|1743903604
|move|p1a: Dragapult|Dragon Darts|p2a: Corviknight
|-resisted|p2a: Corviknight
|-damage|p2a: Corviknight|72/100
|-anim|p1a: Dragapult|Dragon Darts|p2a: Corviknight
|-resisted|p2a: Corviknight
|-damage|p2a: Corviknight|63/100
|move|p2a: Corviknight|Body Press|p1a: Dragapult
|-immune|p1a: Dragapult
|
|-heal|p1a: Dragapult|98/100|[from] item: Leftovers
|upkeep
|turn|49
|
|t:|1743903615
|move|p1a: Dragapult|Phantom Force||[still]
|-prepare|p1a: Dragapult|Phantom Force
|move|p2a: Corviknight|Roost|p2a: Corviknight
|-heal|p2a: Corviknight|100/100
|-singleturn|p2a: Corviknight|move: Roost
|
|-heal|p1a: Dragapult|100/100|[from] item: Leftovers
|upkeep
|turn|50
|
|t:|1743903620
|move|p1a: Dragapult|Phantom Force|p2a: Corviknight|[from] lockedmove
|-damage|p2a: Corviknight|69/100
|-damage|p1a: Dragapult|84/100|[from] item: Rocky Helmet|[of] p2a: Corviknight
|move|p2a: Corviknight|Iron Defense|p2a: Corviknight
|-boost|p2a: Corviknight|def|0
|
|-heal|p1a: Dragapult|90/100|[from] item: Leftovers
|upkeep
|turn|51
|
|t:|1743903627
|move|p1a: Dragapult|Phantom Force||[still]
|-prepare|p1a: Dragapult|Phantom Force
|move|p2a: Corviknight|Defog|p1a: Dragapult|[miss]
|-miss|p2a: Corviknight|p1a: Dragapult
|
|-heal|p1a: Dragapult|96/100|[from] item: Leftovers
|upkeep
|turn|52
|
|t:|1743903632
|move|p1a: Dragapult|Phantom Force|p2a: Corviknight|[from] lockedmove
|-damage|p2a: Corviknight|42/100
|-damage|p1a: Dragapult|80/100|[from] item: Rocky Helmet|[of] p2a: Corviknight
|move|p2a: Corviknight|Iron Defense|p2a: Corviknight
|-boost|p2a: Corviknight|def|0
|
|-heal|p1a: Dragapult|86/100|[from] item: Leftovers
|upkeep
|turn|53
|
|t:|1743903642
|move|p1a: Dragapult|Dragon Dance|p1a: Dragapult
|-boost|p1a: Dragapult|atk|0
|-boost|p1a: Dragapult|spe|0
|move|p2a: Corviknight|Roost|p2a: Corviknight
|-heal|p2a: Corviknight|92/100
|-singleturn|p2a: Corviknight|move: Roost
|
|-heal|p1a: Dragapult|92/100|[from] item: Leftovers
|upkeep
|turn|54
|
|t:|1743903651
|move|p1a: Dragapult|Dragon Dance|p1a: Dragapult
|-boost|p1a: Dragapult|atk|0
|-boost|p1a: Dragapult|spe|0
|move|p2a: Corviknight|Defog||[still]
|-fail|p2a: Corviknight
|
|-heal|p1a: Dragapult|98/100|[from] item: Leftovers
|upkeep
|turn|55
|
|t:|1743903659
|move|p1a: Dragapult|Phantom Force||[still]
|-prepare|p1a: Dragapult|Phantom Force
|move|p2a: Corviknight|Defog|p1a: Dragapult|[miss]
|-miss|p2a: Corviknight|p1a: Dragapult
|
|-heal|p1a: Dragapult|100/100|[from] item: Leftovers
|upkeep
|turn|56
|
|t:|1743903664
|move|p1a: Dragapult|Phantom Force|p2a: Corviknight|[from] lockedmove
|-damage|p2a: Corviknight|63/100
|-damage|p1a: Dragapult|84/100|[from] item: Rocky Helmet|[of] p2a: Corviknight
|move|p2a: Corviknight|Defog||[still]
|-fail|p2a: Corviknight
|
|-heal|p1a: Dragapult|90/100|[from] item: Leftovers
|upkeep
|turn|57
|
|t:|1743903674
|move|p1a: Dragapult|Phantom Force||[still]
|-prepare|p1a: Dragapult|Phantom Force
|move|p2a: Corviknight|Iron Defense|p2a: Corviknight
|-boost|p2a: Corviknight|def|0
|
|-heal|p1a: Dragapult|96/100|[from] item: Leftovers
|upkeep
|turn|58
|
|t:|1743903678
|move|p1a: Dragapult|Phantom Force|p2a: Corviknight|[from] lockedmove
|-damage|p2a: Corviknight|36/100
|-damage|p1a: Dragapult|80/100|[from] item: Rocky Helmet|[of] p2a: Corviknight
|move|p2a: Corviknight|Roost|p2a: Corviknight
|-heal|p2a: Corviknight|86/100
|-singleturn|p2a: Corviknight|move: Roost
|
|-heal|p1a: Dragapult|86/100|[from] item: Leftovers
|upkeep
|turn|59
|
|t:|1743903685
|move|p1a: Dragapult|Phantom Force||[still]
|-prepare|p1a: Dragapult|Phantom Force
|move|p2a: Corviknight|Iron Defense|p2a: Corviknight
|-boost|p2a: Corviknight|def|0
|
|-heal|p1a: Dragapult|92/100|[from] item: Leftovers
|upkeep
|turn|60
|
|t:|1743903689
|move|p1a: Dragapult|Phantom Force|p2a: Corviknight|[from] lockedmove
|-damage|p2a: Corviknight|56/100
|-damage|p1a: Dragapult|75/100|[from] item: Rocky Helmet|[of] p2a: Corviknight
|move|p2a: Corviknight|Defog||[still]
|-fail|p2a: Corviknight
|
|-heal|p1a: Dragapult|81/100|[from] item: Leftovers
|upkeep
|turn|61
|
|t:|1743903696
|move|p1a: Dragapult|Dragon Dance|p1a: Dragapult
|-boost|p1a: Dragapult|atk|0
|-boost|p1a: Dragapult|spe|0
|move|p2a: Corviknight|Iron Defense|p2a: Corviknight
|-boost|p2a: Corviknight|def|0
|
|-heal|p1a: Dragapult|87/100|[from] item: Leftovers
|upkeep
|turn|62
|
|t:|1743903704
|move|p1a: Dragapult|Dragon Dance|p1a: Dragapult
|-boost|p1a: Dragapult|atk|0
|-boost|p1a: Dragapult|spe|0
|move|p2a: Corviknight|Defog||[still]
|-fail|p2a: Corviknight
|
|-heal|p1a: Dragapult|93/100|[from] item: Leftovers
|upkeep
|turn|63
|
|t:|1743903714
|move|p1a: Dragapult|Dragon Dance|p1a: Dragapult
|-boost|p1a: Dragapult|atk|0
|-boost|p1a: Dragapult|spe|0
|move|p2a: Corviknight|Defog||[still]
|-fail|p2a: Corviknight
|
|-heal|p1a: Dragapult|99/100|[from] item: Leftovers
|upkeep
|turn|64
|
|t:|1743903726
|move|p1a: Dragapult|Phantom Force||[still]
|-prepare|p1a: Dragapult|Phantom Force
|move|p2a: Corviknight|Body Press|p1a: Dragapult|[miss]
|-miss|p2a: Corviknight|p1a: Dragapult
|
|-heal|p1a: Dragapult|100/100|[from] item: Leftovers
|upkeep
|turn|65
|
|t:|1743903729
|move|p1a: Dragapult|Phantom Force|p2a: Corviknight|[from] lockedmove
|-damage|p2a: Corviknight|28/100
|-damage|p1a: Dragapult|84/100|[from] item: Rocky Helmet|[of] p2a: Corviknight
|move|p2a: Corviknight|Roost|p2a: Corviknight
|-heal|p2a: Corviknight|78/100
|-singleturn|p2a: Corviknight|move: Roost
|
|-heal|p1a: Dragapult|90/100|[from] item: Leftovers
|upkeep
|turn|66
|
|t:|1743903738
|move|p1a: Dragapult|Dragon Darts|p2a: Corviknight
|-resisted|p2a: Corviknight
|-damage|p2a: Corviknight|71/100
|-anim|p1a: Dragapult|Dragon Darts|p2a: Corviknight
|-resisted|p2a: Corviknight
|-damage|p2a: Corviknight|62/100
|move|p2a: Corviknight|Defog||[still]
|-fail|p2a: Corviknight
|
|-heal|p1a: Dragapult|96/100|[from] item: Leftovers
|upkeep
|turn|67
|
|t:|1743903748
|move|p1a: Dragapult|Dragon Dance|p1a: Dragapult
|-boost|p1a: Dragapult|atk|0
|-boost|p1a: Dragapult|spe|0
|move|p2a: Corviknight|Iron Defense|p2a: Corviknight
|-boost|p2a: Corviknight|def|0
|
|-heal|p1a: Dragapult|100/100|[from] item: Leftovers
|upkeep
|turn|68
|
|t:|1743903756
|move|p1a: Dragapult|Dragon Dance|p1a: Dragapult
|-boost|p1a: Dragapult|atk|0
|-boost|p1a: Dragapult|spe|0
|move|p2a: Corviknight|Defog||[still]
|-fail|p2a: Corviknight
|
|upkeep
|turn|69
|
|t:|1743903764
|move|p1a: Dragapult|Dragon Dance|p1a: Dragapult
|-boost|p1a: Dragapult|atk|0
|-boost|p1a: Dragapult|spe|0
|move|p2a: Corviknight|Defog||[still]
|-fail|p2a: Corviknight
|
|upkeep
|turn|70
|
|t:|1743903770
|move|p1a: Dragapult|Dragon Dance|p1a: Dragapult
|-boost|p1a: Dragapult|atk|0
|-boost|p1a: Dragapult|spe|0
|move|p2a: Corviknight|Defog||[still]
|-fail|p2a: Corviknight
|
|upkeep
|turn|71
|
|t:|1743903777
|move|p1a: Dragapult|Dragon Dance|p1a: Dragapult
|-boost|p1a: Dragapult|atk|0
|-boost|p1a: Dragapult|spe|0
|move|p2a: Corviknight|Iron Defense|p2a: Corviknight
|-boost|p2a: Corviknight|def|0
|
|upkeep
|turn|72
|
|t:|1743903786
|move|p1a: Dragapult|Dragon Dance|p1a: Dragapult
|-boost|p1a: Dragapult|atk|0
|-boost|p1a: Dragapult|spe|0
|move|p2a: Corviknight|Defog||[still]
|-fail|p2a: Corviknight
|
|upkeep
|turn|73
|
|t:|1743903795
|switch|p1a: Moltres|Moltres|86/100
|move|p2a: Corviknight|Defog|p1a: Moltres
|-unboost|p1a: Moltres|evasion|1
|
|upkeep
|turn|74
|c|☆mollysantanafan|u stalling for no reason
|
|t:|1743903801
|switch|p2a: Slowking|Slowking-Galar, F|100/100
|move|p1a: Moltres|U-turn|p2a: Slowking
|-damage|p2a: Slowking|90/100
|
|t:|1743903804
|switch|p1a: Dragapult|Dragapult, F|100/100|[from] U-turn
|
|upkeep
|turn|75
|c|☆mollysantanafan|lame asl
|
|t:|1743903812
|move|p1a: Dragapult|Substitute|p1a: Dragapult
|-start|p1a: Dragapult|Substitute
|-damage|p1a: Dragapult|76/100
|move|p2a: Slowking|Ice Beam|p1a: Dragapult
|-supereffective|p1a: Dragapult
|-end|p1a: Dragapult|Substitute
|
|-heal|p1a: Dragapult|82/100|[from] item: Leftovers
|upkeep
|turn|76
|
|t:|1743903816
|move|p1a: Dragapult|Dragon Darts|p2a: Slowking
|-damage|p2a: Slowking|72/100
|-anim|p1a: Dragapult|Dragon Darts|p2a: Slowking
|-damage|p2a: Slowking|53/100
|move|p2a: Slowking|Ice Beam|p1a: Dragapult
|-supereffective|p1a: Dragapult
|-damage|p1a: Dragapult|20/100
|
|-heal|p1a: Dragapult|26/100|[from] item: Leftovers
|upkeep
|turn|77
|
|t:|1743903822
|move|p1a: Dragapult|Dragon Darts|p2a: Slowking
|-crit|p2a: Slowking
|-damage|p2a: Slowking|21/100
|-anim|p1a: Dragapult|Dragon Darts|p2a: Slowking
|-damage|p2a: Slowking|0 fnt
|faint|p2a: Slowking
|
|-heal|p1a: Dragapult|32/100|[from] item: Leftovers
|upkeep
|
|t:|1743903829
|switch|p2a: Ting-Lu|Ting-Lu|35/100
|-ability|p2a: Ting-Lu|Vessel of Ruin
|turn|78
|
|t:|1743903832
|switch|p1a: Moltres|Moltres|86/100
|move|p2a: Ting-Lu|Rest|p2a: Ting-Lu
|-status|p2a: Ting-Lu|slp|[from] move: Rest
|-heal|p2a: Ting-Lu|100/100 slp|[silent]
|
|upkeep
|turn|79
|
|t:|1743903837
|move|p1a: Moltres|U-turn|p2a: Ting-Lu
|-supereffective|p2a: Ting-Lu
|-damage|p2a: Ting-Lu|85/100 slp
|
|t:|1743903839
|switch|p1a: Zamazenta|Zamazenta|69/100|[from] U-turn
|cant|p2a: Ting-Lu|slp
|move|p2a: Ting-Lu|Sleep Talk|p2a: Ting-Lu
|move|p2a: Ting-Lu|Rest||[from] move: Sleep Talk|[still]
|-fail|p2a: Ting-Lu
|
|-heal|p1a: Zamazenta|75/100|[from] item: Leftovers
|-heal|p2a: Ting-Lu|92/100 slp|[from] item: Leftovers
|upkeep
|turn|80
|
|t:|1743903842
|switch|p2a: Skeledirge|Skeledirge, F, shiny|51/100
|move|p1a: Zamazenta|Substitute|p1a: Zamazenta
|-start|p1a: Zamazenta|Substitute
|-damage|p1a: Zamazenta|50/100
|
|-heal|p1a: Zamazenta|57/100|[from] item: Leftovers
|upkeep
|turn|81
|
|t:|1743903847
|-terastallize|p1a: Zamazenta|Fairy
|move|p1a: Zamazenta|Crunch|p2a: Skeledirge
|-supereffective|p2a: Skeledirge
|-damage|p2a: Skeledirge|10/100
|move|p2a: Skeledirge|Slack Off|p2a: Skeledirge
|-heal|p2a: Skeledirge|60/100
|
|-heal|p1a: Zamazenta|63/100|[from] item: Leftovers
|upkeep
|turn|82
|
|t:|1743903855
|move|p1a: Zamazenta|Crunch|p2a: Skeledirge
|-supereffective|p2a: Skeledirge
|-damage|p2a: Skeledirge|20/100
|move|p2a: Skeledirge|Slack Off|p2a: Skeledirge
|-heal|p2a: Skeledirge|70/100
|
|-heal|p1a: Zamazenta|69/100|[from] item: Leftovers
|upkeep
|turn|83
|
|t:|1743903859
|-terastallize|p2a: Skeledirge|Dark
|move|p1a: Zamazenta|Crunch|p2a: Skeledirge
|-resisted|p2a: Skeledirge
|-damage|p2a: Skeledirge|59/100
|move|p2a: Skeledirge|Slack Off|p2a: Skeledirge
|-heal|p2a: Skeledirge|100/100
|
|-heal|p1a: Zamazenta|75/100|[from] item: Leftovers
|upkeep
|turn|84
|
|t:|1743903863
|move|p1a: Zamazenta|Body Press|p2a: Skeledirge
|-supereffective|p2a: Skeledirge
|-damage|p2a: Skeledirge|52/100
|move|p2a: Skeledirge|Torch Song|p1a: Zamazenta
|-damage|p1a: Zamazenta|44/100
|-boost|p2a: Skeledirge|spa|1
|
|-heal|p1a: Zamazenta|51/100|[from] item: Leftovers
|upkeep
|turn|85
|
|t:|1743903869
|move|p1a: Zamazenta|Body Press|p2a: Skeledirge
|-supereffective|p2a: Skeledirge
|-damage|p2a: Skeledirge|0 fnt
|faint|p2a: Skeledirge
|
|-heal|p1a: Zamazenta|57/100|[from] item: Leftovers
|upkeep
|
|t:|1743903874
|switch|p2a: Zamazenta|Zamazenta|100/100
|-ability|p2a: Zamazenta|Dauntless Shield|boost
|-boost|p2a: Zamazenta|def|1
|turn|86
|
|t:|1743903881
|switch|p1a: Moltres|Moltres|86/100
|move|p2a: Zamazenta|Iron Defense|p2a: Zamazenta
|-boost|p2a: Zamazenta|def|2
|
|upkeep
|turn|87
|
|t:|1743903888
|switch|p2a: Ting-Lu|Ting-Lu|92/100 slp
|-ability|p2a: Ting-Lu|Vessel of Ruin
|move|p1a: Moltres|Flamethrower|p2a: Ting-Lu
|-damage|p2a: Ting-Lu|76/100 slp
|
|-heal|p2a: Ting-Lu|82/100 slp|[from] item: Leftovers
|upkeep
|turn|88
|
|t:|1743903892
|move|p1a: Moltres|U-turn|p2a: Ting-Lu
|-supereffective|p2a: Ting-Lu
|-damage|p2a: Ting-Lu|66/100 slp
|
|t:|1743903894
|switch|p1a: Zamazenta|Zamazenta, tera:Fairy|57/100|[from] U-turn
|cant|p2a: Ting-Lu|slp
|move|p2a: Ting-Lu|Sleep Talk|p2a: Ting-Lu
|move|p2a: Ting-Lu|Earthquake|p1a: Zamazenta|[from] move: Sleep Talk
|-damage|p1a: Zamazenta|24/100
|
|-heal|p1a: Zamazenta|30/100|[from] item: Leftovers
|-heal|p2a: Ting-Lu|72/100 slp|[from] item: Leftovers
|upkeep
|turn|89
|
|t:|1743903899
|move|p1a: Zamazenta|Body Press|p2a: Ting-Lu
|-supereffective|p2a: Ting-Lu
|-damage|p2a: Ting-Lu|40/100 slp
|-curestatus|p2a: Ting-Lu|slp|[msg]
|move|p2a: Ting-Lu|Earthquake|p1a: Zamazenta
|-damage|p1a: Zamazenta|0 fnt
|faint|p1a: Zamazenta
|
|-heal|p2a: Ting-Lu|46/100|[from] item: Leftovers
|upkeep
|
|t:|1743903904
|switch|p1a: Moltres|Moltres|86/100
|turn|90
|
|t:|1743903911
|move|p1a: Moltres|Flamethrower|p2a: Ting-Lu
|-damage|p2a: Ting-Lu|32/100
|move|p2a: Ting-Lu|Rest|p2a: Ting-Lu
|-status|p2a: Ting-Lu|slp|[from] move: Rest
|-heal|p2a: Ting-Lu|100/100 slp|[silent]
|
|upkeep
|turn|91
|
|t:|1743903919
|switch|p1a: Dragapult|Dragapult, F|32/100
|cant|p2a: Ting-Lu|slp
|move|p2a: Ting-Lu|Sleep Talk|p2a: Ting-Lu
|move|p2a: Ting-Lu|Rest||[from] move: Sleep Talk|[still]
|-fail|p2a: Ting-Lu
|
|-heal|p1a: Dragapult|38/100|[from] item: Leftovers
|upkeep
|turn|92
|
|t:|1743903923
|move|p1a: Dragapult|Substitute|p1a: Dragapult
|-start|p1a: Dragapult|Substitute
|-damage|p1a: Dragapult|13/100
|cant|p2a: Ting-Lu|slp
|move|p2a: Ting-Lu|Sleep Talk|p2a: Ting-Lu
|move|p2a: Ting-Lu|Earthquake|p1a: Dragapult|[from] move: Sleep Talk
|-end|p1a: Dragapult|Substitute
|
|-heal|p1a: Dragapult|19/100|[from] item: Leftovers
|upkeep
|turn|93
|
|t:|1743903925
|switch|p1a: Moltres|Moltres|86/100
|-curestatus|p2a: Ting-Lu|slp|[msg]
|move|p2a: Ting-Lu|Payback|p1a: Moltres
|-damage|p1a: Moltres|73/100
|-status|p2a: Ting-Lu|brn|[from] ability: Flame Body|[of] p1a: Moltres
|
|-damage|p2a: Ting-Lu|94/100 brn|[from] brn
|upkeep
|turn|94
|
|t:|1743903935
|move|p1a: Moltres|Air Slash|p2a: Ting-Lu
|-damage|p2a: Ting-Lu|81/100 brn
|move|p2a: Ting-Lu|Payback|p1a: Moltres
|-damage|p1a: Moltres|59/100
|
|-heal|p2a: Ting-Lu|87/100 brn|[from] item: Leftovers
|-damage|p2a: Ting-Lu|81/100 brn|[from] brn
|upkeep
|turn|95
|
|t:|1743903944
|move|p1a: Moltres|Air Slash|p2a: Ting-Lu|[miss]
|-miss|p1a: Moltres|p2a: Ting-Lu
|move|p2a: Ting-Lu|Payback|p1a: Moltres
|-damage|p1a: Moltres|44/100
|
|-heal|p2a: Ting-Lu|87/100 brn|[from] item: Leftovers
|-damage|p2a: Ting-Lu|81/100 brn|[from] brn
|upkeep
|turn|96
|
|t:|1743903949
|move|p1a: Moltres|Roost|p1a: Moltres
|-heal|p1a: Moltres|94/100
|-singleturn|p1a: Moltres|move: Roost
|move|p2a: Ting-Lu|Rest|p2a: Ting-Lu
|-status|p2a: Ting-Lu|slp|[from] move: Rest
|-heal|p2a: Ting-Lu|100/100 slp|[silent]
|
|upkeep
|turn|97
|
|t:|1743903953
|move|p1a: Moltres|U-turn|p2a: Ting-Lu
|-supereffective|p2a: Ting-Lu
|-damage|p2a: Ting-Lu|86/100 slp
|
|t:|1743903957
|switch|p1a: Dragapult|Dragapult, F|19/100|[from] U-turn
|cant|p2a: Ting-Lu|slp
|move|p2a: Ting-Lu|Sleep Talk|p2a: Ting-Lu
|move|p2a: Ting-Lu|Rest||[from] move: Sleep Talk|[still]
|-fail|p2a: Ting-Lu
|
|-heal|p1a: Dragapult|25/100|[from] item: Leftovers
|-heal|p2a: Ting-Lu|92/100 slp|[from] item: Leftovers
|upkeep
|turn|98
|
|t:|1743903959
|switch|p1a: Moltres|Moltres|94/100
|cant|p2a: Ting-Lu|slp
|move|p2a: Ting-Lu|Sleep Talk|p2a: Ting-Lu
|move|p2a: Ting-Lu|Rest||[from] move: Sleep Talk|[still]
|-fail|p2a: Ting-Lu
|
|-heal|p2a: Ting-Lu|98/100 slp|[from] item: Leftovers
|upkeep
|turn|99
|
|t:|1743903966
|switch|p2a: Hydrapple|Hydrapple, M|100/100
|move|p1a: Moltres|Air Slash|p2a: Hydrapple
|-supereffective|p2a: Hydrapple
|-damage|p2a: Hydrapple|41/100
|
|upkeep
|turn|100
|
|t:|1743903969
|switch|p2a: Ting-Lu|Ting-Lu|98/100 slp
|-ability|p2a: Ting-Lu|Vessel of Ruin
|move|p1a: Moltres|Air Slash|p2a: Ting-Lu|[miss]
|-miss|p1a: Moltres|p2a: Ting-Lu
|
|-heal|p2a: Ting-Lu|100/100 slp|[from] item: Leftovers
|upkeep
|turn|101
|
|t:|1743903977
|move|p1a: Moltres|Air Slash|p2a: Ting-Lu|[miss]
|-miss|p1a: Moltres|p2a: Ting-Lu
|-curestatus|p2a: Ting-Lu|slp|[msg]
|move|p2a: Ting-Lu|Sleep Talk||[still]
|-fail|p2a: Ting-Lu
|
|upkeep
|turn|102
|
|t:|1743903990
|switch|p2a: Hydrapple|Hydrapple, M|74/100
|move|p1a: Moltres|Air Slash|p2a: Hydrapple
|-supereffective|p2a: Hydrapple
|-damage|p2a: Hydrapple|8/100
|
|upkeep
|turn|103
|
|t:|1743903995
|switch|p2a: Ting-Lu|Ting-Lu|100/100
|-ability|p2a: Ting-Lu|Vessel of Ruin
|move|p1a: Moltres|U-turn|p2a: Ting-Lu
|-supereffective|p2a: Ting-Lu
|-damage|p2a: Ting-Lu|84/100
|
|t:|1743903997
|switch|p1a: Dragapult|Dragapult, F|25/100|[from] U-turn
|
|-heal|p1a: Dragapult|31/100|[from] item: Leftovers
|-heal|p2a: Ting-Lu|90/100|[from] item: Leftovers
|upkeep
|turn|104
|
|t:|1743904000
|switch|p1a: Moltres|Moltres|94/100
|move|p2a: Ting-Lu|Payback|p1a: Moltres
|-damage|p1a: Moltres|79/100
|
|-heal|p2a: Ting-Lu|97/100|[from] item: Leftovers
|upkeep
|turn|105
|
|t:|1743904009
|move|p1a: Moltres|Air Slash|p2a: Ting-Lu
|-damage|p2a: Ting-Lu|83/100
|move|p2a: Ting-Lu|Sleep Talk||[still]
|-fail|p2a: Ting-Lu
|
|-heal|p2a: Ting-Lu|89/100|[from] item: Leftovers
|upkeep
|turn|106
|
|t:|1743904020
|switch|p2a: Corviknight|Corviknight, F|62/100
|-ability|p2a: Corviknight|Pressure
|move|p1a: Moltres|Air Slash|p2a: Corviknight
|-resisted|p2a: Corviknight
|-damage|p2a: Corviknight|46/100
|
|upkeep
|turn|107
|
|t:|1743904026
|switch|p2a: Ting-Lu|Ting-Lu|89/100
|-ability|p2a: Ting-Lu|Vessel of Ruin
|move|p1a: Moltres|Flamethrower|p2a: Ting-Lu
|-damage|p2a: Ting-Lu|73/100
|
|-heal|p2a: Ting-Lu|79/100|[from] item: Leftovers
|upkeep
|turn|108
|
|t:|1743904030
|move|p1a: Moltres|Air Slash|p2a: Ting-Lu
|-damage|p2a: Ting-Lu|66/100
|move|p2a: Ting-Lu|Earthquake|p1a: Moltres
|-immune|p1a: Moltres
|
|-heal|p2a: Ting-Lu|72/100|[from] item: Leftovers
|upkeep
|turn|109
|
|t:|1743904035
|move|p1a: Moltres|U-turn|p2a: Ting-Lu
|-supereffective|p2a: Ting-Lu
|-damage|p2a: Ting-Lu|56/100
|
|t:|1743904037
|switch|p1a: Dragapult|Dragapult, F|31/100|[from] U-turn
|move|p2a: Ting-Lu|Payback|p1a: Dragapult
|-supereffective|p1a: Dragapult
|-damage|p1a: Dragapult|0 fnt
|faint|p1a: Dragapult
|
|-heal|p2a: Ting-Lu|63/100|[from] item: Leftovers
|upkeep
|
|t:|1743904039
|switch|p1a: Moltres|Moltres|79/100
|turn|110
|
|t:|1743904044
|move|p1a: Moltres|Flamethrower|p2a: Ting-Lu
|-damage|p2a: Ting-Lu|47/100
|move|p2a: Ting-Lu|Earthquake|p1a: Moltres
|-immune|p1a: Moltres
|
|-heal|p2a: Ting-Lu|54/100|[from] item: Leftovers
|upkeep
|turn|111
|
|t:|1743904047
|move|p1a: Moltres|Flamethrower|p2a: Ting-Lu
|-damage|p2a: Ting-Lu|39/100
|move|p2a: Ting-Lu|Payback|p1a: Moltres
|-damage|p1a: Moltres|49/100
|-status|p2a: Ting-Lu|brn|[from] ability: Flame Body|[of] p1a: Moltres
|
|-heal|p2a: Ting-Lu|45/100 brn|[from] item: Leftovers
|-damage|p2a: Ting-Lu|39/100 brn|[from] brn
|upkeep
|turn|112
|
|t:|1743904051
|move|p1a: Moltres|Roost|p1a: Moltres
|-heal|p1a: Moltres|99/100
|-singleturn|p1a: Moltres|move: Roost
|move|p2a: Ting-Lu|Rest|p2a: Ting-Lu
|-status|p2a: Ting-Lu|slp|[from] move: Rest
|-heal|p2a: Ting-Lu|100/100 slp|[silent]
|
|upkeep
|turn|113
|
|t:|1743904054
|move|p1a: Moltres|U-turn|p2a: Ting-Lu
|-supereffective|p2a: Ting-Lu
|-damage|p2a: Ting-Lu|85/100 slp
|cant|p2a: Ting-Lu|slp
|move|p2a: Ting-Lu|Sleep Talk|p2a: Ting-Lu
|move|p2a: Ting-Lu|Earthquake|p1a: Moltres|[from] move: Sleep Talk
|-immune|p1a: Moltres
|
|-heal|p2a: Ting-Lu|92/100 slp|[from] item: Leftovers
|upkeep
|turn|114
|
|t:|1743904059
|switch|p2a: Hydrapple|Hydrapple, M|42/100
|move|p1a: Moltres|U-turn|p2a: Hydrapple
|-supereffective|p2a: Hydrapple
|-damage|p2a: Hydrapple|25/100
|
|upkeep
|turn|115
|
|t:|1743904061
|switch|p2a: Ting-Lu|Ting-Lu|92/100 slp
|-ability|p2a: Ting-Lu|Vessel of Ruin
|move|p1a: Moltres|Air Slash|p2a: Ting-Lu
|-damage|p2a: Ting-Lu|78/100 slp
|
|-heal|p2a: Ting-Lu|84/100 slp|[from] item: Leftovers
|upkeep
|turn|116
|
|t:|1743904068
|move|p1a: Moltres|U-turn|p2a: Ting-Lu
|-supereffective|p2a: Ting-Lu
|-damage|p2a: Ting-Lu|67/100 slp
|cant|p2a: Ting-Lu|slp
|move|p2a: Ting-Lu|Sleep Talk|p2a: Ting-Lu
|move|p2a: Ting-Lu|Rest||[from] move: Sleep Talk|[still]
|-fail|p2a: Ting-Lu
|
|-heal|p2a: Ting-Lu|73/100 slp|[from] item: Leftovers
|upkeep
|turn|117
|-message|Partynparadise forfeited.
|
|win|mollysantanafan
|raw|Partynparadise's rating: 1306 &rarr; <strong>1285</strong><br />(-21 for losing)
|raw|mollysantanafan's rating: 1289 &rarr; <strong>1315</strong><br />(+26 for winning)
|l|☆Partynparadise
|player|p1|
|c|☆mollysantanafan|dork
