|j|☆Mig_04
|j|☆creatinencalendula
|t:|1743915104
|gametype|singles
|player|p1|Mig_04|266|1156
|player|p2|creatinencalendula|102|1155
|teamsize|p1|6
|teamsize|p2|6
|gen|9
|tier|[Gen 9] OU
|rated|
|rule|HP Percentage Mod: HP is shown in percentages
|rule|Endless Battle Clause: Forcing endless battles is banned
|rule|Species Clause: Limit one of each Pokémon
|rule|OHKO Clause: OHKO moves are banned
|rule|Evasion Items Clause: Evasion items are banned
|rule|Evasion Moves Clause: Evasion moves are banned
|rule|Sleep Moves Clause: Sleep-inducing moves are banned
|clearpoke
|poke|p1|Kyurem|
|poke|p1|Sinistcha|
|poke|p1|Galvantula, F|
|poke|p1|Talonflame, F|
|poke|p1|Glimmora, M|
|poke|p1|Walking Wake|
|poke|p2|Alomomola, M|
|poke|p2|Clodsire, F|
|poke|p2|Corviknight, F|
|poke|p2|Garganacl, F|
|poke|p2|Goodra-Hisui, F|
|poke|p2|Hippowdon, M|
|teampreview
|
|t:|1743915126
|start
|switch|p1a: Glimmora|Glimmora, M|100/100
|switch|p2a: Goodra|Goodra-Hisui, F|100/100
|-item|p1a: Glimmora|Air Balloon
|turn|1
|
|t:|1743915133
|move|p1a: Glimmora|Toxic|p2a: Goodra
|-status|p2a: Goodra|tox
|move|p2a: Goodra|Flash Cannon|p1a: Glimmora
|-supereffective|p1a: Glimmora
|-damage|p1a: Glimmora|27/100
|-enditem|p1a: Glimmora|Air Balloon
|
|-damage|p2a: Goodra|94/100 tox|[from] psn
|upkeep
|turn|2
|
|t:|1743915154
|switch|p1a: Talonflame|Talonflame, F|100/100
|move|p2a: Goodra|Thunderbolt|p1a: Talonflame
|-supereffective|p1a: Talonflame
|-damage|p1a: Talonflame|45/100
|
|-damage|p2a: Goodra|82/100 tox|[from] psn
|upkeep
|turn|3
|c|☆creatinencalendula|first time i've seen corrosion glimmora HAHAHAHA
|
|t:|1743915168
|switch|p2a: Hippowdon|Hippowdon, M|100/100
|-weather|Sandstorm|[from] ability: Sand Stream|[of] p2a: Hippowdon
|move|p1a: Talonflame|U-turn|p2a: Hippowdon
|-damage|p2a: Hippowdon|90/100
|
|t:|1743915175
|switch|p1a: Sinistcha|Sinistcha|100/100|[from] U-turn
|
|-weather|Sandstorm|[upkeep]
|-damage|p1a: Sinistcha|94/100|[from] Sandstorm
|-heal|p1a: Sinistcha|100/100|[from] item: Leftovers
|upkeep
|turn|4
|
|t:|1743915185
|switch|p2a: Goodra|Goodra-Hisui, F|82/100 tox
|move|p1a: Sinistcha|Calm Mind|p1a: Sinistcha
|-boost|p1a: Sinistcha|spa|1
|-boost|p1a: Sinistcha|spd|1
|
|-weather|Sandstorm|[upkeep]
|-damage|p1a: Sinistcha|94/100|[from] Sandstorm
|-heal|p1a: Sinistcha|100/100|[from] item: Leftovers
|-damage|p2a: Goodra|76/100 tox|[from] psn
|upkeep
|turn|5
|
|t:|1743915202
|switch|p2a: Clodsire|Clodsire, F|100/100
|move|p1a: Sinistcha|Strength Sap|p2a: Clodsire
|-unboost|p2a: Clodsire|atk|1
|
|-weather|Sandstorm|[upkeep]
|-damage|p1a: Sinistcha|94/100|[from] Sandstorm
|-heal|p1a: Sinistcha|100/100|[from] item: Leftovers
|upkeep
|turn|6
|
|t:|1743915216
|move|p1a: Sinistcha|Matcha Gotcha|p2a: Clodsire
|-damage|p2a: Clodsire|80/100
|move|p2a: Clodsire|Toxic|p1a: Sinistcha
|-status|p1a: Sinistcha|tox
|
|-weather|Sandstorm|[upkeep]
|-damage|p1a: Sinistcha|94/100 tox|[from] Sandstorm
|-heal|p1a: Sinistcha|100/100 tox|[from] item: Leftovers
|-damage|p1a: Sinistcha|94/100 tox|[from] psn
|upkeep
|turn|7
|
|t:|1743915231
|move|p1a: Sinistcha|Scald|p2a: Clodsire
|-supereffective|p2a: Clodsire
|-damage|p2a: Clodsire|54/100
|move|p2a: Clodsire|Earthquake|p1a: Sinistcha
|-resisted|p1a: Sinistcha
|-damage|p1a: Sinistcha|86/100 tox
|
|-weather|Sandstorm|[upkeep]
|-damage|p1a: Sinistcha|80/100 tox|[from] Sandstorm
|-heal|p1a: Sinistcha|86/100 tox|[from] item: Leftovers
|-damage|p1a: Sinistcha|74/100 tox|[from] psn
|upkeep
|turn|8
|
|t:|1743915243
|move|p1a: Sinistcha|Scald|p2a: Clodsire
|-supereffective|p2a: Clodsire
|-damage|p2a: Clodsire|24/100
|-status|p2a: Clodsire|brn
|move|p2a: Clodsire|Recover|p2a: Clodsire
|-heal|p2a: Clodsire|74/100 brn
|
|-weather|Sandstorm|[upkeep]
|-damage|p1a: Sinistcha|68/100 tox|[from] Sandstorm
|-heal|p1a: Sinistcha|74/100 tox|[from] item: Leftovers
|-damage|p1a: Sinistcha|56/100 tox|[from] psn
|-damage|p2a: Clodsire|68/100 brn|[from] brn
|upkeep
|turn|9
|inactive|Battle timer is ON: inactive players will automatically lose when time's up. (requested by creatinencalendula)
|
|t:|1743915271
|switch|p1a: Talonflame|Talonflame, F|45/100
|move|p2a: Clodsire|Toxic Spikes|p1a: Talonflame
|-sidestart|p1: Mig_04|move: Toxic Spikes
|
|-weather|Sandstorm|[upkeep]
|-damage|p1a: Talonflame|39/100|[from] Sandstorm
|-damage|p2a: Clodsire|62/100 brn|[from] brn
|upkeep
|turn|10
|
|t:|1743915280
|switch|p2a: Garganacl|Garganacl, F|100/100
|move|p1a: Talonflame|Sunny Day|p1a: Talonflame
|-weather|SunnyDay
|
|-weather|SunnyDay|[upkeep]
|upkeep
|turn|11
|
|t:|1743915292
|move|p1a: Talonflame|U-turn|p2a: Garganacl
|-damage|p2a: Garganacl|91/100
|
|t:|1743915297
|switch|p1a: Glimmora|Glimmora, M|27/100|[from] U-turn
|-sideend|p1: Mig_04|move: Toxic Spikes|[of] p1a: Glimmora
|move|p2a: Garganacl|Salt Cure|p1a: Glimmora
|-damage|p1a: Glimmora|13/100
|-start|p1a: Glimmora|Salt Cure
|
|-weather|SunnyDay|[upkeep]
|-damage|p1a: Glimmora|0 fnt|[from] Salt Cure
|faint|p1a: Glimmora
|upkeep
|
|t:|1743915310
|switch|p1a: Walking Wake|Walking Wake|100/100
|-activate|p1a: Walking Wake|ability: Protosynthesis
|-start|p1a: Walking Wake|protosynthesisspa
|turn|12
|
|t:|1743915336
|-terastallize|p2a: Garganacl|Ghost
|move|p1a: Walking Wake|Hydro Steam|p2a: Garganacl
|-damage|p2a: Garganacl|23/100
|-damage|p1a: Walking Wake|91/100|[from] item: Life Orb
|move|p2a: Garganacl|Salt Cure|p1a: Walking Wake
|-crit|p1a: Walking Wake
|-damage|p1a: Walking Wake|66/100
|-start|p1a: Walking Wake|Salt Cure
|
|-weather|SunnyDay|[upkeep]
|-damage|p1a: Walking Wake|41/100|[from] Salt Cure
|upkeep
|turn|13
|
|t:|1743915359
|-end|p1a: Walking Wake|Protosynthesis|[silent]
|switch|p1a: Sinistcha|Sinistcha|56/100 tox
|switch|p2a: Goodra|Goodra-Hisui, F|76/100 tox
|
|-weather|SunnyDay|[upkeep]
|-heal|p1a: Sinistcha|62/100 tox|[from] item: Leftovers
|-damage|p1a: Sinistcha|56/100 tox|[from] psn
|-damage|p2a: Goodra|70/100 tox|[from] psn
|upkeep
|turn|14
|
|t:|1743915369
|switch|p2a: Clodsire|Clodsire, F|62/100 brn
|move|p1a: Sinistcha|Strength Sap|p2a: Clodsire
|-unboost|p2a: Clodsire|atk|1
|-heal|p1a: Sinistcha|100/100 tox
|
|-weather|none
|-damage|p1a: Sinistcha|88/100 tox|[from] psn
|-damage|p2a: Clodsire|56/100 brn|[from] brn
|upkeep
|turn|15
|
|t:|1743915383
|switch|p1a: Walking Wake|Walking Wake|41/100
|move|p2a: Clodsire|Toxic Spikes|p1a: Walking Wake
|-sidestart|p1: Mig_04|move: Toxic Spikes
|
|-damage|p2a: Clodsire|49/100 brn|[from] brn
|upkeep
|turn|16
|
|t:|1743915394
|switch|p2a: Goodra|Goodra-Hisui, F|70/100 tox
|move|p1a: Walking Wake|Hydro Steam|p2a: Goodra
|-resisted|p2a: Goodra
|-damage|p2a: Goodra|58/100 tox
|-damage|p1a: Walking Wake|31/100|[from] item: Life Orb
|
|-damage|p2a: Goodra|52/100 tox|[from] psn
|upkeep
|turn|17
|
|t:|1743915414
|move|p1a: Walking Wake|Flamethrower|p2a: Goodra
|-damage|p2a: Goodra|35/100 tox
|-damage|p1a: Walking Wake|21/100|[from] item: Life Orb
|move|p2a: Goodra|Draco Meteor|p1a: Walking Wake
|-supereffective|p1a: Walking Wake
|-damage|p1a: Walking Wake|0 fnt
|-unboost|p2a: Goodra|spa|2
|faint|p1a: Walking Wake
|-end|p1a: Walking Wake|Protosynthesis|[silent]
|
|-damage|p2a: Goodra|22/100 tox|[from] psn
|upkeep
|inactive|Mig_04 has 120 seconds left.
|
|t:|1743915429
|switch|p1a: Talonflame|Talonflame, F|39/100
|turn|18
|
|t:|1743915444
|move|p1a: Talonflame|Defog|p2a: Goodra
|-unboost|p2a: Goodra|evasion|1
|-sideend|p1: Mig_04|Toxic Spikes|[from] move: Defog|[of] p1a: Talonflame
|move|p2a: Goodra|Thunderbolt|p1a: Talonflame
|-supereffective|p1a: Talonflame
|-damage|p1a: Talonflame|7/100
|
|-damage|p2a: Goodra|4/100 tox|[from] psn
|upkeep
|turn|19
|
|t:|1743915455
|move|p1a: Talonflame|U-turn|p2a: Goodra
|-resisted|p2a: Goodra
|-damage|p2a: Goodra|0 fnt
|faint|p2a: Goodra
|inactive|Mig_04 has 120 seconds left.
|
|t:|1743915468
|switch|p1a: Kyurem|Kyurem|100/100|[from] U-turn
|-ability|p1a: Kyurem|Pressure
|
|upkeep
|
|t:|1743915475
|switch|p2a: Corviknight|Corviknight, F|100/100
|-ability|p2a: Corviknight|Pressure
|turn|20
|
|t:|1743915482
|move|p2a: Corviknight|Body Press|p1a: Kyurem
|-supereffective|p1a: Kyurem
|-damage|p1a: Kyurem|53/100
|move|p1a: Kyurem|Dragon Tail|p2a: Corviknight
|-resisted|p2a: Corviknight
|-damage|p2a: Corviknight|93/100
|drag|p2a: Garganacl|Garganacl, F, tera:Ghost|23/100
|
|upkeep
|turn|21
|
|t:|1743915496
|switch|p2a: Alomomola|Alomomola, M|100/100
|move|p1a: Kyurem|Dragon Tail|p2a: Alomomola
|-damage|p2a: Alomomola|86/100
|drag|p2a: Hippowdon|Hippowdon, M|90/100
|-weather|Sandstorm|[from] ability: Sand Stream|[of] p2a: Hippowdon
|
|-weather|Sandstorm|[upkeep]
|-damage|p1a: Kyurem|47/100|[from] Sandstorm
|upkeep
|turn|22
|
|t:|1743915507
|switch|p2a: Corviknight|Corviknight, F|93/100
|-ability|p2a: Corviknight|Pressure
|move|p1a: Kyurem|Dragon Dance|p1a: Kyurem
|-boost|p1a: Kyurem|atk|1
|-boost|p1a: Kyurem|spe|1
|
|-weather|Sandstorm|[upkeep]
|-damage|p1a: Kyurem|41/100|[from] Sandstorm
|upkeep
|turn|23
|
|t:|1743915517
|move|p2a: Corviknight|Body Press|p1a: Kyurem
|-supereffective|p1a: Kyurem
|-damage|p1a: Kyurem|0 fnt
|faint|p1a: Kyurem
|
|-weather|Sandstorm|[upkeep]
|upkeep
|
|t:|1743915528
|switch|p1a: Galvantula|Galvantula, F|100/100
|turn|24
|
|t:|1743915542
|move|p1a: Galvantula|Energy Ball|p2a: Corviknight
|-resisted|p2a: Corviknight
|-damage|p2a: Corviknight|87/100
|move|p2a: Corviknight|Body Press|p1a: Galvantula
|-resisted|p1a: Galvantula
|-damage|p1a: Galvantula|76/100
|
|-weather|Sandstorm|[upkeep]
|-damage|p1a: Galvantula|70/100|[from] Sandstorm
|upkeep
|turn|25
|
|t:|1743915552
|move|p1a: Galvantula|Energy Ball|p2a: Corviknight
|-resisted|p2a: Corviknight
|-damage|p2a: Corviknight|81/100
|move|p2a: Corviknight|Body Press|p1a: Galvantula
|-resisted|p1a: Galvantula
|-damage|p1a: Galvantula|47/100
|
|-weather|Sandstorm|[upkeep]
|-damage|p1a: Galvantula|41/100|[from] Sandstorm
|upkeep
|turn|26
|
|t:|1743915562
|move|p1a: Galvantula|Discharge|p2a: Corviknight
|-supereffective|p2a: Corviknight
|-damage|p2a: Corviknight|15/100
|-status|p2a: Corviknight|par
|cant|p2a: Corviknight|par
|
|-weather|Sandstorm|[upkeep]
|-damage|p1a: Galvantula|35/100|[from] Sandstorm
|upkeep
|turn|27
|
|t:|1743915579
|move|p1a: Galvantula|Sticky Web|p2a: Corviknight
|-sidestart|p2: creatinencalendula|move: Sticky Web
|move|p2a: Corviknight|Body Press|p1a: Galvantula
|-resisted|p1a: Galvantula
|-damage|p1a: Galvantula|9/100
|
|-weather|Sandstorm|[upkeep]
|-damage|p1a: Galvantula|3/100|[from] Sandstorm
|upkeep
|turn|28
|
|t:|1743915589
|move|p1a: Galvantula|Discharge|p2a: Corviknight
|-supereffective|p2a: Corviknight
|-damage|p2a: Corviknight|0 fnt
|faint|p2a: Corviknight
|
|-weather|none
|upkeep
|
|t:|1743915601
|switch|p2a: Clodsire|Clodsire, F|49/100 brn
|turn|29
|
|t:|1743915611
|move|p1a: Galvantula|Energy Ball|p2a: Clodsire
|-damage|p2a: Clodsire|35/100 brn
|move|p2a: Clodsire|Recover|p2a: Clodsire
|-heal|p2a: Clodsire|85/100 brn
|
|-damage|p2a: Clodsire|79/100 brn|[from] brn
|upkeep
|turn|30
|
|t:|1743915631
|switch|p1a: Sinistcha|Sinistcha|88/100 tox
|switch|p2a: Hippowdon|Hippowdon, M|90/100
|-activate|p2a: Hippowdon|move: Sticky Web
|-unboost|p2a: Hippowdon|spe|1
|-weather|Sandstorm|[from] ability: Sand Stream|[of] p2a: Hippowdon
|
|-weather|Sandstorm|[upkeep]
|-damage|p1a: Sinistcha|82/100 tox|[from] Sandstorm
|-heal|p1a: Sinistcha|88/100 tox|[from] item: Leftovers
|-damage|p1a: Sinistcha|82/100 tox|[from] psn
|upkeep
|turn|31
|
|t:|1743915646
|move|p1a: Sinistcha|Calm Mind|p1a: Sinistcha
|-boost|p1a: Sinistcha|spa|1
|-boost|p1a: Sinistcha|spd|1
|move|p2a: Hippowdon|Sand Tomb|p1a: Sinistcha
|-resisted|p1a: Sinistcha
|-damage|p1a: Sinistcha|76/100 tox
|-activate|p1a: Sinistcha|move: Sand Tomb|[of] p2a: Hippowdon
|
|-weather|Sandstorm|[upkeep]
|-damage|p1a: Sinistcha|70/100 tox|[from] Sandstorm
|-heal|p1a: Sinistcha|76/100 tox|[from] item: Leftovers
|-damage|p1a: Sinistcha|64/100 tox|[from] psn
|-damage|p1a: Sinistcha|52/100 tox|[from] move: Sand Tomb|[partiallytrapped]
|upkeep
|turn|32
|
|t:|1743915660
|switch|p2a: Clodsire|Clodsire, F|79/100 brn
|move|p1a: Sinistcha|Calm Mind|p1a: Sinistcha
|-boost|p1a: Sinistcha|spa|1
|-boost|p1a: Sinistcha|spd|1
|
|-weather|Sandstorm|[upkeep]
|-damage|p1a: Sinistcha|46/100 tox|[from] Sandstorm
|-heal|p1a: Sinistcha|52/100 tox|[from] item: Leftovers
|-damage|p1a: Sinistcha|33/100 tox|[from] psn
|-damage|p2a: Clodsire|73/100 brn|[from] brn
|-end|p1a: Sinistcha|Sand Tomb|[partiallytrapped]|[silent]
|upkeep
|turn|33
|
|t:|1743915673
|move|p1a: Sinistcha|Scald|p2a: Clodsire
|-supereffective|p2a: Clodsire
|-damage|p2a: Clodsire|46/100 brn
|move|p2a: Clodsire|Recover|p2a: Clodsire
|-heal|p2a: Clodsire|96/100 brn
|
|-weather|Sandstorm|[upkeep]
|-damage|p1a: Sinistcha|27/100 tox|[from] Sandstorm
|-heal|p1a: Sinistcha|33/100 tox|[from] item: Leftovers
|-damage|p1a: Sinistcha|9/100 tox|[from] psn
|-damage|p2a: Clodsire|89/100 brn|[from] brn
|upkeep
|turn|34
|
|t:|1743915686
|move|p1a: Sinistcha|Strength Sap|p2a: Clodsire
|-unboost|p2a: Clodsire|atk|1
|-heal|p1a: Sinistcha|63/100 tox
|move|p2a: Clodsire|Recover|p2a: Clodsire
|-heal|p2a: Clodsire|100/100 brn
|
|-weather|Sandstorm|[upkeep]
|-damage|p1a: Sinistcha|57/100 tox|[from] Sandstorm
|-heal|p1a: Sinistcha|63/100 tox|[from] item: Leftovers
|-damage|p1a: Sinistcha|33/100 tox|[from] psn
|-damage|p2a: Clodsire|94/100 brn|[from] brn
|upkeep
|turn|35
|
|t:|1743915707
|switch|p1a: Talonflame|Talonflame, F|7/100
|move|p2a: Clodsire|Earthquake|p1a: Talonflame
|-immune|p1a: Talonflame
|
|-weather|Sandstorm|[upkeep]
|-damage|p1a: Talonflame|1/100|[from] Sandstorm
|-damage|p2a: Clodsire|88/100 brn|[from] brn
|upkeep
|turn|36
|
|t:|1743915721
|switch|p2a: Alomomola|Alomomola, M|100/100
|move|p1a: Talonflame|U-turn|p2a: Alomomola
|-damage|p2a: Alomomola|93/100
|inactive|Mig_04 has 120 seconds left.
|
|t:|1743915733
|switch|p1a: Sinistcha|Sinistcha|33/100 tox|[from] U-turn
|
|-weather|Sandstorm|[upkeep]
|-damage|p1a: Sinistcha|27/100 tox|[from] Sandstorm
|-damage|p2a: Alomomola|87/100|[from] Sandstorm
|-heal|p1a: Sinistcha|33/100 tox|[from] item: Leftovers
|-damage|p1a: Sinistcha|27/100 tox|[from] psn
|upkeep
|turn|37
|
|t:|1743915742
|move|p2a: Alomomola|Protect|p2a: Alomomola
|-singleturn|p2a: Alomomola|Protect
|move|p1a: Sinistcha|Matcha Gotcha|p2a: Alomomola
|-activate|p2a: Alomomola|move: Protect
|
|-weather|none
|-heal|p1a: Sinistcha|33/100 tox|[from] item: Leftovers
|-damage|p1a: Sinistcha|20/100 tox|[from] psn
|upkeep
|turn|38
|
|t:|1743915755
|switch|p2a: Clodsire|Clodsire, F|88/100 brn
|move|p1a: Sinistcha|Strength Sap|p2a: Clodsire
|-unboost|p2a: Clodsire|atk|1
|-heal|p1a: Sinistcha|74/100 tox
|
|-heal|p1a: Sinistcha|80/100 tox|[from] item: Leftovers
|-damage|p1a: Sinistcha|62/100 tox|[from] psn
|-damage|p2a: Clodsire|82/100 brn|[from] brn
|upkeep
|turn|39
|
|t:|1743915769
|switch|p1a: Talonflame|Talonflame, F|1/100
|move|p2a: Clodsire|Toxic Spikes|p1a: Talonflame
|-sidestart|p1: Mig_04|move: Toxic Spikes
|
|-damage|p2a: Clodsire|75/100 brn|[from] brn
|upkeep
|turn|40
|
|t:|1743915778
|switch|p2a: Hippowdon|Hippowdon, M|90/100
|-activate|p2a: Hippowdon|move: Sticky Web
|-unboost|p2a: Hippowdon|spe|1
|-weather|Sandstorm|[from] ability: Sand Stream|[of] p2a: Hippowdon
|move|p1a: Talonflame|Flare Blitz|p2a: Hippowdon
|-damage|p2a: Hippowdon|65/100
|-damage|p1a: Talonflame|0 fnt|[from] Recoil
|faint|p1a: Talonflame
|
|-weather|Sandstorm|[upkeep]
|upkeep
|
|t:|1743915792
|switch|p1a: Sinistcha|Sinistcha|62/100 tox
|turn|41
|
|t:|1743915820
|move|p1a: Sinistcha|Matcha Gotcha|p2a: Hippowdon
|-supereffective|p2a: Hippowdon
|-damage|p2a: Hippowdon|7/100
|-heal|p1a: Sinistcha|98/100 tox|[from] drain|[of] p2a: Hippowdon
|move|p2a: Hippowdon|Sand Tomb|p1a: Sinistcha
|-resisted|p1a: Sinistcha
|-damage|p1a: Sinistcha|92/100 tox
|-activate|p1a: Sinistcha|move: Sand Tomb|[of] p2a: Hippowdon
|
|-weather|Sandstorm|[upkeep]
|-damage|p1a: Sinistcha|85/100 tox|[from] Sandstorm
|-heal|p1a: Sinistcha|92/100 tox|[from] item: Leftovers
|-damage|p1a: Sinistcha|85/100 tox|[from] psn
|-damage|p1a: Sinistcha|73/100 tox|[from] move: Sand Tomb|[partiallytrapped]
|upkeep
|turn|42
|
|t:|1743915836
|move|p1a: Sinistcha|Scald|p2a: Hippowdon
|-supereffective|p2a: Hippowdon
|-damage|p2a: Hippowdon|0 fnt
|faint|p2a: Hippowdon
|
|-weather|Sandstorm|[upkeep]
|-damage|p1a: Sinistcha|67/100 tox|[from] Sandstorm
|-heal|p1a: Sinistcha|73/100 tox|[from] item: Leftovers
|-damage|p1a: Sinistcha|61/100 tox|[from] psn
|-end|p1a: Sinistcha|Sand Tomb|[partiallytrapped]|[silent]
|upkeep
|
|t:|1743915841
|switch|p2a: Alomomola|Alomomola, M|100/100
|turn|43
|
|t:|1743915848
|move|p1a: Sinistcha|Matcha Gotcha|p2a: Alomomola
|-supereffective|p2a: Alomomola
|-damage|p2a: Alomomola|2/100
|-heal|p1a: Sinistcha|100/100 tox|[from] drain|[of] p2a: Alomomola
|move|p2a: Alomomola|Wish|p2a: Alomomola
|
|-weather|Sandstorm|[upkeep]
|-damage|p1a: Sinistcha|94/100 tox|[from] Sandstorm
|-damage|p2a: Alomomola|0 fnt|[from] Sandstorm
|faint|p2a: Alomomola
|-heal|p1a: Sinistcha|100/100 tox|[from] item: Leftovers
|-damage|p1a: Sinistcha|82/100 tox|[from] psn
|upkeep
|
|t:|1743915860
|switch|p2a: Clodsire|Clodsire, F|75/100 brn
|turn|44
|
|t:|1743915865
|switch|p2a: Garganacl|Garganacl, F, tera:Ghost|23/100
|move|p1a: Sinistcha|Scald|p2a: Garganacl
|-damage|p2a: Garganacl|3/100
|
|-weather|Sandstorm|[upkeep]
|-damage|p1a: Sinistcha|76/100 tox|[from] Sandstorm
|-damage|p2a: Garganacl|0 fnt|[from] Sandstorm
|faint|p2a: Garganacl
|-heal|p1a: Sinistcha|82/100 tox|[from] item: Leftovers
|-damage|p1a: Sinistcha|58/100 tox|[from] psn
|upkeep
|
|t:|1743915868
|switch|p2a: Clodsire|Clodsire, F|75/100 brn
|turn|45
|
|t:|1743915881
|switch|p1a: Galvantula|Galvantula, F|3/100
|-status|p1a: Galvantula|psn
|move|p2a: Clodsire|Recover|p2a: Clodsire
|-heal|p2a: Clodsire|100/100 brn
|
|-weather|Sandstorm|[upkeep]
|-damage|p1a: Galvantula|0 fnt|[from] Sandstorm
|faint|p1a: Galvantula
|-damage|p2a: Clodsire|94/100 brn|[from] brn
|upkeep
|
|t:|1743915897
|switch|p1a: Sinistcha|Sinistcha|58/100 tox
|turn|46
|
|t:|1743915905
|move|p1a: Sinistcha|Strength Sap|p2a: Clodsire
|-unboost|p2a: Clodsire|atk|1
|-heal|p1a: Sinistcha|100/100 tox
|move|p2a: Clodsire|Earthquake|p1a: Sinistcha
|-resisted|p1a: Sinistcha
|-damage|p1a: Sinistcha|96/100 tox
|
|-weather|Sandstorm|[upkeep]
|-damage|p1a: Sinistcha|90/100 tox|[from] Sandstorm
|-heal|p1a: Sinistcha|96/100 tox|[from] item: Leftovers
|-damage|p1a: Sinistcha|90/100 tox|[from] psn
|-damage|p2a: Clodsire|88/100 brn|[from] brn
|upkeep
|turn|47
|
|t:|1743915921
|move|p1a: Sinistcha|Scald|p2a: Clodsire
|-supereffective|p2a: Clodsire
|-damage|p2a: Clodsire|59/100 brn
|move|p2a: Clodsire|Earthquake|p1a: Sinistcha
|-resisted|p1a: Sinistcha
|-damage|p1a: Sinistcha|87/100 tox
|
|-weather|none
|-heal|p1a: Sinistcha|93/100 tox|[from] item: Leftovers
|-damage|p1a: Sinistcha|81/100 tox|[from] psn
|-damage|p2a: Clodsire|52/100 brn|[from] brn
|upkeep
|turn|48
|
|t:|1743915932
|move|p1a: Sinistcha|Scald|p2a: Clodsire
|-supereffective|p2a: Clodsire
|-damage|p2a: Clodsire|25/100 brn
|move|p2a: Clodsire|Recover|p2a: Clodsire
|-heal|p2a: Clodsire|75/100 brn
|
|-heal|p1a: Sinistcha|87/100 tox|[from] item: Leftovers
|-damage|p1a: Sinistcha|68/100 tox|[from] psn
|-damage|p2a: Clodsire|69/100 brn|[from] brn
|upkeep
|turn|49
|
|t:|1743915943
|move|p1a: Sinistcha|Scald|p2a: Clodsire
|-supereffective|p2a: Clodsire
|-crit|p2a: Clodsire
|-damage|p2a: Clodsire|25/100 brn
|move|p2a: Clodsire|Recover|p2a: Clodsire
|-heal|p2a: Clodsire|75/100 brn
|
|-heal|p1a: Sinistcha|74/100 tox|[from] item: Leftovers
|-damage|p1a: Sinistcha|50/100 tox|[from] psn
|-damage|p2a: Clodsire|68/100 brn|[from] brn
|upkeep
|turn|50
|
|t:|1743915954
|move|p1a: Sinistcha|Strength Sap|p2a: Clodsire
|-unboost|p2a: Clodsire|atk|1
|-heal|p1a: Sinistcha|86/100 tox
|move|p2a: Clodsire|Earthquake|p1a: Sinistcha
|-resisted|p1a: Sinistcha
|-crit|p1a: Sinistcha
|-damage|p1a: Sinistcha|77/100 tox
|
|-heal|p1a: Sinistcha|83/100 tox|[from] item: Leftovers
|-damage|p1a: Sinistcha|53/100 tox|[from] psn
|-damage|p2a: Clodsire|62/100 brn|[from] brn
|upkeep
|turn|51
|
|t:|1743915970
|move|p1a: Sinistcha|Scald|p2a: Clodsire
|-supereffective|p2a: Clodsire
|-damage|p2a: Clodsire|36/100 brn
|move|p2a: Clodsire|Earthquake|p1a: Sinistcha
|-resisted|p1a: Sinistcha
|-damage|p1a: Sinistcha|50/100 tox
|
|-heal|p1a: Sinistcha|56/100 tox|[from] item: Leftovers
|-damage|p1a: Sinistcha|20/100 tox|[from] psn
|-damage|p2a: Clodsire|30/100 brn|[from] brn
|upkeep
|turn|52
|c|☆creatinencalendula|that earthquake is so sad
|
|t:|1743915983
|move|p1a: Sinistcha|Strength Sap|p2a: Clodsire
|-unboost|p2a: Clodsire|atk|1
|-heal|p1a: Sinistcha|47/100 tox
|move|p2a: Clodsire|Recover|p2a: Clodsire
|-heal|p2a: Clodsire|80/100 brn
|
|-heal|p1a: Sinistcha|53/100 tox|[from] item: Leftovers
|-damage|p1a: Sinistcha|10/100 tox|[from] psn
|-damage|p2a: Clodsire|73/100 brn|[from] brn
|upkeep
|turn|53
|inactive|Mig_04 has 120 seconds left.
|
|t:|1743915998
|move|p1a: Sinistcha|Scald|p2a: Clodsire
|-supereffective|p2a: Clodsire
|-damage|p2a: Clodsire|44/100 brn
|move|p2a: Clodsire|Earthquake|p1a: Sinistcha
|-resisted|p1a: Sinistcha
|-damage|p1a: Sinistcha|8/100 tox
|
|-heal|p1a: Sinistcha|14/100 tox|[from] item: Leftovers
|-damage|p1a: Sinistcha|0 fnt|[from] psn
|faint|p1a: Sinistcha
|
|win|creatinencalendula
|raw|Mig_04's rating: 1156 &rarr; <strong>1131</strong><br />(-25 for losing)
|raw|creatinencalendula's rating: 1155 &rarr; <strong>1180</strong><br />(+25 for winning)
|l|☆creatinencalendula
|player|p2|
|l|☆Mig_04
|player|p1|
