|j|☆meowls
|j|☆Thelastdudemanpp
|t:|1743872574
|gametype|singles
|player|p1|meowls|cheren-gen5bw2|1000
|player|p2|Thelastdudemanpp|wattson|1050
|teamsize|p1|6
|teamsize|p2|6
|gen|9
|tier|[Gen 9] OU
|rated|
|rule|HP Percentage Mod: HP is shown in percentages
|rule|Endless Battle Clause: Forcing endless battles is banned
|rule|Species Clause: Limit one of each Pokémon
|rule|OHKO Clause: OHKO moves are banned
|rule|Evasion Items Clause: Evasion items are banned
|rule|Evasion Moves Clause: Evasion moves are banned
|rule|Sleep Moves Clause: Sleep-inducing moves are banned
|clearpoke
|poke|p1|Lapras, M|
|poke|p1|Ursaluna, M|
|poke|p1|Dragapult, F|
|poke|p1|Glimmora, M|
|poke|p1|Corviknight, F|
|poke|p1|Dragonite, M|
|poke|p2|Komala, M|
|poke|p2|Great Tusk|
|poke|p2|Scizor, F|
|poke|p2|Comfey, M|
|poke|p2|Salazzle, F|
|poke|p2|Mew|
|teampreview
|inactive|Battle timer is ON: inactive players will automatically lose when time's up. (requested by Thelastdudemanpp)
|
|t:|1743872590
|start
|switch|p1a: Glimmora|Glimmora, M|100/100
|switch|p2a: Cat man|Mew|100/100
|turn|1
|
|t:|1743872606
|-terastallize|p1a: Glimmora|Ghost
|move|p2a: Cat man|Psychic|p1a: Glimmora
|-damage|p1a: Glimmora|56/100
|-unboost|p1a: Glimmora|spd|1
|move|p1a: Glimmora|Stealth Rock|p2a: Cat man
|-sidestart|p2: Thelastdudemanpp|move: Stealth Rock
|
|upkeep
|turn|2
|
|t:|1743872613
|move|p2a: Cat man|Psychic|p1a: Glimmora
|-damage|p1a: Glimmora|0 fnt
|faint|p1a: Glimmora
|
|upkeep
|
|t:|1743872628
|switch|p1a: Dragonite|Dragonite, M, shiny|100/100
|turn|3
|
|t:|1743872643
|switch|p2a: Iron Scissors|Scizor, F|100/100
|-damage|p2a: Iron Scissors|88/100|[from] Stealth Rock
|move|p1a: Dragonite|Stomping Tantrum|p2a: Iron Scissors
|-damage|p2a: Iron Scissors|46/100
|
|upkeep
|turn|4
|
|t:|1743872656
|switch|p1a: Corviknight|Corviknight, F, shiny|100/100
|-ability|p1a: Corviknight|Pressure
|move|p2a: Iron Scissors|Bullet Punch|p1a: Corviknight
|-resisted|p1a: Corviknight
|-damage|p1a: Corviknight|90/100
|
|-heal|p1a: Corviknight|96/100|[from] item: Leftovers
|upkeep
|turn|5
|
|t:|1743872666
|move|p1a: Corviknight|Iron Defense|p1a: Corviknight
|-boost|p1a: Corviknight|def|2
|move|p2a: Iron Scissors|U-turn|p1a: Corviknight
|-resisted|p1a: Corviknight
|-damage|p1a: Corviknight|93/100
|
|t:|1743872680
|switch|p2a: Dave|Komala, M|100/100|[from] U-turn
|-damage|p2a: Dave|88/100|[from] Stealth Rock
|-ability|p2a: Dave|Comatose
|
|-heal|p1a: Corviknight|99/100|[from] item: Leftovers
|upkeep
|turn|6
|
|t:|1743872690
|move|p1a: Corviknight|Body Press|p2a: Dave
|-supereffective|p2a: Dave
|-damage|p2a: Dave|0 fnt
|faint|p2a: Dave
|
|-heal|p1a: Corviknight|100/100|[from] item: Leftovers
|upkeep
|
|t:|1743872694
|switch|p2a: Lizard Economy|Salazzle, F|100/100
|-damage|p2a: Lizard Economy|76/100|[from] Stealth Rock
|turn|7
|
|t:|1743872699
|move|p2a: Lizard Economy|Overheat|p1a: Corviknight
|-supereffective|p1a: Corviknight
|-damage|p1a: Corviknight|0 fnt
|-unboost|p2a: Lizard Economy|spa|2
|-enditem|p2a: Lizard Economy|Eject Pack
|faint|p1a: Corviknight
|
|t:|1743872712
|switch|p2a: Iron Scissors|Scizor, F|46/100
|-damage|p2a: Iron Scissors|33/100|[from] Stealth Rock
|
|upkeep
|
|t:|1743872717
|switch|p1a: Dragonite|Dragonite, M, shiny|100/100
|turn|8
|
|t:|1743872724
|move|p1a: Dragonite|Aerial Ace|p2a: Iron Scissors
|-damage|p2a: Iron Scissors|0 fnt
|faint|p2a: Iron Scissors
|
|upkeep
|
|t:|1743872730
|switch|p2a: Cat man|Mew|100/100
|-damage|p2a: Cat man|88/100|[from] Stealth Rock
|turn|9
|
|t:|1743872737
|switch|p1a: Ursaluna|Ursaluna, M|100/100
|move|p2a: Cat man|Triple Axel|p1a: Ursaluna
|-supereffective|p1a: Ursaluna
|-damage|p1a: Ursaluna|92/100
|-supereffective|p1a: Ursaluna
|-damage|p1a: Ursaluna|75/100
|-supereffective|p1a: Ursaluna
|-damage|p1a: Ursaluna|50/100
|-hitcount|p1a: Ursaluna|3
|
|-status|p1a: Ursaluna|brn|[from] item: Flame Orb
|upkeep
|turn|10
|
|t:|1743872751
|move|p2a: Cat man|Triple Axel|p1a: Ursaluna
|-supereffective|p1a: Ursaluna
|-damage|p1a: Ursaluna|40/100 brn
|-supereffective|p1a: Ursaluna
|-damage|p1a: Ursaluna|24/100 brn
|-supereffective|p1a: Ursaluna
|-damage|p1a: Ursaluna|0 fnt
|faint|p1a: Ursaluna
|-hitcount|p1: Ursaluna|3
|
|upkeep
|
|t:|1743872760
|switch|p1a: Dragapult|Dragapult, F, shiny|100/100
|turn|11
|
|t:|1743872769
|move|p2a: Cat man|Triple Axel|p1a: Dragapult|[miss]
|-miss|p2a: Cat man|p1a: Dragapult
|move|p1a: Dragapult|Dragon Darts|p2a: Cat man
|-damage|p2a: Cat man|68/100
|-anim|p1a: Dragapult|Dragon Darts|p2a: Cat man
|-damage|p2a: Cat man|45/100
|
|upkeep
|turn|12
|
|t:|1743872781
|move|p2a: Cat man|Triple Axel|p1a: Dragapult|[miss]
|-miss|p2a: Cat man|p1a: Dragapult
|move|p1a: Dragapult|Hex|p2a: Cat man
|-supereffective|p2a: Cat man
|-damage|p2a: Cat man|0 fnt
|faint|p2a: Cat man
|
|upkeep
|c|☆Thelastdudemanpp|Fuck this game
|c|☆Thelastdudemanpp|thats insane
|-message|Thelastdudemanpp forfeited.
|
|win|meowls
|raw|meowls's rating: 1000 &rarr; <strong>1046</strong><br />(+46 for winning)
|raw|Thelastdudemanpp's rating: 1050 &rarr; <strong>1030</strong><br />(-20 for losing)
|l|☆Thelastdudemanpp
|player|p2|
