|j|☆onetruebun
|j|☆Acetsune
|t:|1743804041
|gametype|singles
|player|p1|onetruebun|shauntal|1191
|player|p2|Acetsune|170|1149
|teamsize|p1|6
|teamsize|p2|6
|gen|9
|tier|[Gen 9] OU
|rated|
|rule|HP Percentage Mod: HP is shown in percentages
|rule|Endless Battle Clause: Forcing endless battles is banned
|rule|Species Clause: Limit one of each Pokémon
|rule|OHKO Clause: OHKO moves are banned
|rule|Evasion Items Clause: Evasion items are banned
|rule|Evasion Moves Clause: Evasion moves are banned
|rule|Sleep Moves Clause: Sleep-inducing moves are banned
|clearpoke
|poke|p1|Walking Wake|
|poke|p1|Landorus-Therian, M|
|poke|p1|Clefable, M|
|poke|p1|Ninetales, F|
|poke|p1|Great Tusk|
|poke|p1|Araquanid, F|
|poke|p2|Kingambit, F|
|poke|p2|Gliscor, F|
|poke|p2|Hatterene, F|
|poke|p2|Iron Moth|
|poke|p2|Great Tusk|
|poke|p2|Ogerpon-Wellspring, F|
|teampreview
|inactive|Battle timer is ON: inactive players will automatically lose when time's up. (requested by onetruebun)
|
|t:|1743804062
|start
|switch|p1a: Araquanid|Araquanid, F, shiny|100/100
|switch|p2a: Gliscor|Gliscor, F|100/100
|turn|1
|
|t:|1743804075
|-terastallize|p2a: Gliscor|Water
|move|p2a: Gliscor|Toxic|p1a: Araquanid
|-status|p1a: Araquanid|tox
|move|p1a: Araquanid|Chilling Water|p2a: Gliscor
|-resisted|p2a: Gliscor
|-crit|p2a: Gliscor
|-damage|p2a: Gliscor|69/100
|-unboost|p2a: Gliscor|atk|1
|
|-damage|p1a: Araquanid|94/100 tox|[from] psn
|-status|p2a: Gliscor|tox|[from] item: Toxic Orb
|upkeep
|turn|2
|
|t:|1743804085
|move|p2a: Gliscor|Agility|p2a: Gliscor
|-boost|p2a: Gliscor|spe|2
|move|p1a: Araquanid|Sticky Web|p2a: Gliscor
|-sidestart|p2: Acetsune|move: Sticky Web
|
|-heal|p1a: Araquanid|100/100 tox|[from] item: Leftovers
|-heal|p2a: Gliscor|82/100 tox|[from] ability: Poison Heal
|-damage|p1a: Araquanid|88/100 tox|[from] psn
|upkeep
|turn|3
|
|t:|1743804096
|move|p2a: Gliscor|Protect|p2a: Gliscor
|-singleturn|p2a: Gliscor|Protect
|move|p1a: Araquanid|Chilling Water|p2a: Gliscor
|-activate|p2a: Gliscor|move: Protect
|
|-heal|p1a: Araquanid|94/100 tox|[from] item: Leftovers
|-heal|p2a: Gliscor|94/100 tox|[from] ability: Poison Heal
|-damage|p1a: Araquanid|76/100 tox|[from] psn
|upkeep
|turn|4
|
|t:|1743804104
|move|p2a: Gliscor|Substitute|p2a: Gliscor
|-start|p2a: Gliscor|Substitute
|-damage|p2a: Gliscor|69/100 tox
|move|p1a: Araquanid|Chilling Water|p2a: Gliscor
|-resisted|p2a: Gliscor
|-activate|p2a: Gliscor|move: Substitute|[damage]
|
|-heal|p1a: Araquanid|82/100 tox|[from] item: Leftovers
|-heal|p2a: Gliscor|82/100 tox|[from] ability: Poison Heal
|-damage|p1a: Araquanid|57/100 tox|[from] psn
|upkeep
|turn|5
|
|t:|1743804122
|move|p2a: Gliscor|Agility|p2a: Gliscor
|-boost|p2a: Gliscor|spe|2
|move|p1a: Araquanid|Aqua Ring|p1a: Araquanid
|-start|p1a: Araquanid|Aqua Ring
|
|-heal|p1a: Araquanid|63/100 tox|[from] item: Leftovers
|-heal|p1a: Araquanid|70/100 tox|[from] Aqua Ring
|-heal|p2a: Gliscor|94/100 tox|[from] ability: Poison Heal
|-damage|p1a: Araquanid|39/100 tox|[from] psn
|upkeep
|turn|6
|inactive|onetruebun has 120 seconds left.
|
|t:|1743804147
|switch|p1a: Great Tusk|Great Tusk|100/100
|move|p2a: Gliscor|Protect||[still]
|-fail|p2a: Gliscor
|
|-heal|p2a: Gliscor|100/100 tox|[from] ability: Poison Heal
|upkeep
|turn|7
|inactive|onetruebun has 120 seconds left.
|
|t:|1743804165
|-terastallize|p1a: Great Tusk|Poison
|move|p2a: Gliscor|Toxic|p1a: Great Tusk
|-immune|p1a: Great Tusk
|move|p1a: Great Tusk|Headlong Rush|p2a: Gliscor
|-end|p2a: Gliscor|Substitute
|-unboost|p1a: Great Tusk|def|1
|-unboost|p1a: Great Tusk|spd|1
|
|upkeep
|turn|8
|inactive|onetruebun has 120 seconds left.
|inactive|Acetsune has 120 seconds left.
|
|t:|1743804198
|switch|p2a: Hatterene|Hatterene, F|100/100
|-activate|p2a: Hatterene|move: Sticky Web
|-unboost|p2a: Hatterene|spe|1
|move|p1a: Great Tusk|Headlong Rush|p2a: Hatterene
|-damage|p2a: Hatterene|47/100
|-unboost|p1a: Great Tusk|def|1
|-unboost|p1a: Great Tusk|spd|1
|
|-heal|p2a: Hatterene|53/100|[from] item: Leftovers
|upkeep
|turn|9
|inactive|onetruebun has 120 seconds left.
|inactive|Acetsune has 120 seconds left.
|
|t:|1743804211
|move|p1a: Great Tusk|Headlong Rush|p2a: Hatterene
|-damage|p2a: Hatterene|5/100
|-unboost|p1a: Great Tusk|def|1
|-unboost|p1a: Great Tusk|spd|1
|move|p2a: Hatterene|Psychic Noise|p1a: Great Tusk
|-supereffective|p1a: Great Tusk
|-damage|p1a: Great Tusk|0 fnt
|faint|p1a: Great Tusk
|-end|p1a: Great Tusk|Protosynthesis|[silent]
|
|-heal|p2a: Hatterene|11/100|[from] item: Leftovers
|upkeep
|inactive|onetruebun has 120 seconds left.
|
|t:|1743804223
|switch|p1a: Ninetales|Ninetales, F|100/100
|-weather|SunnyDay|[from] ability: Drought|[of] p1a: Ninetales
|turn|10
|
|t:|1743804231
|move|p1a: Ninetales|Flamethrower|p2a: Hatterene
|-damage|p2a: Hatterene|0 fnt
|faint|p2a: Hatterene
|
|-weather|SunnyDay|[upkeep]
|upkeep
|
|t:|1743804237
|switch|p2a: Gliscor|Gliscor, F, tera:Water|100/100 tox
|-activate|p2a: Gliscor|move: Sticky Web
|-unboost|p2a: Gliscor|spe|1
|turn|11
|inactive|onetruebun has 120 seconds left.
|
|t:|1743804263
|switch|p1a: Clefable|Clefable, M|100/100
|move|p2a: Gliscor|Toxic|p1a: Clefable
|-status|p1a: Clefable|tox
|
|-weather|SunnyDay|[upkeep]
|upkeep
|turn|12
|inactive|onetruebun has 120 seconds left.
|
|t:|1743804279
|switch|p2a: Ogerpon|Ogerpon-Wellspring, F|100/100
|-activate|p2a: Ogerpon|move: Sticky Web
|-unboost|p2a: Ogerpon|spe|1
|move|p1a: Clefable|Wish|p1a: Clefable
|
|-weather|SunnyDay|[upkeep]
|upkeep
|turn|13
|inactive|onetruebun has 120 seconds left.
|
|t:|1743804287
|move|p2a: Ogerpon|Superpower|p1a: Clefable
|-resisted|p1a: Clefable
|-damage|p1a: Clefable|73/100 tox
|-unboost|p2a: Ogerpon|atk|1
|-unboost|p2a: Ogerpon|def|1
|move|p1a: Clefable|Thunder Wave|p2a: Ogerpon
|-status|p2a: Ogerpon|par
|
|-weather|SunnyDay|[upkeep]
|-heal|p1a: Clefable|100/100 tox|[from] move: Wish|[wisher] Clefable
|upkeep
|turn|14
|inactive|onetruebun has 120 seconds left.
|
|t:|1743804302
|switch|p2a: Iron Moth|Iron Moth|100/100
|-activate|p2a: Iron Moth|move: Sticky Web
|-unboost|p2a: Iron Moth|spe|1
|-enditem|p2a: Iron Moth|Booster Energy
|-activate|p2a: Iron Moth|ability: Quark Drive|[fromitem]
|-start|p2a: Iron Moth|quarkdrivespa
|move|p1a: Clefable|Wish|p1a: Clefable
|
|-weather|SunnyDay|[upkeep]
|upkeep
|turn|15
|inactive|onetruebun has 120 seconds left.
|
|t:|1743804315
|switch|p1a: Landorus|Landorus-Therian, M|100/100
|-ability|p1a: Landorus|Intimidate|boost
|-unboost|p2a: Iron Moth|atk|1
|move|p2a: Iron Moth|Sludge Wave|p1a: Landorus
|-resisted|p1a: Landorus
|-damage|p1a: Landorus|74/100
|
|-weather|SunnyDay|[upkeep]
|-heal|p1a: Landorus|100/100|[from] move: Wish|[wisher] Clefable
|upkeep
|turn|16
|inactive|onetruebun has 120 seconds left.
|inactive|Acetsune has 120 seconds left.
|
|t:|1743804343
|-end|p2a: Iron Moth|Quark Drive|[silent]
|switch|p2a: Gliscor|Gliscor, F, tera:Water|100/100 tox
|-activate|p2a: Gliscor|move: Sticky Web
|-unboost|p2a: Gliscor|spe|1
|move|p1a: Landorus|Stealth Rock|p2a: Gliscor
|-sidestart|p2: Acetsune|move: Stealth Rock
|
|-weather|SunnyDay|[upkeep]
|upkeep
|turn|17
|inactive|Acetsune has 120 seconds left.
|inactive|onetruebun has 120 seconds left.
|
|t:|1743804357
|move|p1a: Landorus|U-turn|p2a: Gliscor
|-damage|p2a: Gliscor|88/100 tox
|
|t:|1743804358
|switch|p1a: Clefable|Clefable, M|100/100 tox|[from] U-turn
|move|p2a: Gliscor|Toxic|p1a: Clefable
|-fail|p1a: Clefable|tox
|
|-weather|none
|-heal|p2a: Gliscor|99/100 tox|[from] ability: Poison Heal
|upkeep
|turn|18
|
|t:|1743804368
|switch|p2a: Iron Moth|Iron Moth|100/100
|-activate|p2a: Iron Moth|move: Sticky Web
|-unboost|p2a: Iron Moth|spe|1
|-damage|p2a: Iron Moth|76/100|[from] Stealth Rock
|move|p1a: Clefable|Chilling Water|p2a: Iron Moth
|-supereffective|p2a: Iron Moth
|-damage|p2a: Iron Moth|54/100
|-unboost|p2a: Iron Moth|atk|1
|
|upkeep
|turn|19
|
|t:|1743804381
|move|p1a: Clefable|Protect|p1a: Clefable
|-singleturn|p1a: Clefable|Protect
|move|p2a: Iron Moth|Dazzling Gleam|p1a: Clefable
|-activate|p1a: Clefable|move: Protect
|
|upkeep
|turn|20
|
|t:|1743804393
|-end|p2a: Iron Moth|Quark Drive|[silent]
|switch|p2a: Great Tusk|Great Tusk|100/100
|-activate|p2a: Great Tusk|move: Sticky Web
|-unboost|p2a: Great Tusk|spe|1
|-damage|p2a: Great Tusk|98/100|[from] Stealth Rock
|-enditem|p2a: Great Tusk|Booster Energy
|-activate|p2a: Great Tusk|ability: Protosynthesis|[fromitem]
|-start|p2a: Great Tusk|protosynthesisatk
|move|p1a: Clefable|Wish|p1a: Clefable
|
|upkeep
|turn|21
|
|t:|1743804405
|switch|p1a: Ninetales|Ninetales, F|100/100
|-weather|SunnyDay|[from] ability: Drought|[of] p1a: Ninetales
|move|p2a: Great Tusk|Rapid Spin|p1a: Ninetales
|-damage|p1a: Ninetales|76/100
|-boost|p2a: Great Tusk|spe|1
|-sideend|p2: Acetsune|Stealth Rock|[from] move: Rapid Spin|[of] p2a: Great Tusk
|-sideend|p2: Acetsune|Sticky Web|[from] move: Rapid Spin|[of] p2a: Great Tusk
|
|-weather|SunnyDay|[upkeep]
|-heal|p1a: Ninetales|100/100|[from] move: Wish|[wisher] Clefable
|upkeep
|turn|22
|
|t:|1743804419
|switch|p1a: Clefable|Clefable, M|100/100 tox
|move|p2a: Great Tusk|Bulk Up|p2a: Great Tusk
|-boost|p2a: Great Tusk|atk|1
|-boost|p2a: Great Tusk|def|1
|
|-weather|SunnyDay|[upkeep]
|upkeep
|turn|23
|
|t:|1743804427
|move|p2a: Great Tusk|Headlong Rush|p1a: Clefable
|-damage|p1a: Clefable|0 fnt
|-unboost|p2a: Great Tusk|def|1
|-unboost|p2a: Great Tusk|spd|1
|faint|p1a: Clefable
|
|-weather|SunnyDay|[upkeep]
|upkeep
|
|t:|1743804432
|switch|p1a: Walking Wake|Walking Wake|100/100
|-activate|p1a: Walking Wake|ability: Protosynthesis
|-start|p1a: Walking Wake|protosynthesisspa
|turn|24
|
|t:|1743804441
|move|p1a: Walking Wake|Draco Meteor|p2a: Great Tusk
|-damage|p2a: Great Tusk|0 fnt
|-unboost|p1a: Walking Wake|spa|2
|faint|p2a: Great Tusk
|-end|p2a: Great Tusk|Protosynthesis|[silent]
|-damage|p1a: Walking Wake|91/100|[from] item: Life Orb
|
|-weather|SunnyDay|[upkeep]
|upkeep
|
|t:|1743804454
|switch|p2a: Gliscor|Gliscor, F, tera:Water|99/100 tox
|turn|25
|
|t:|1743804459
|-end|p1a: Walking Wake|Protosynthesis|[silent]
|switch|p1a: Araquanid|Araquanid, F, shiny|39/100 tox
|move|p2a: Gliscor|Toxic|p1a: Araquanid
|-fail|p1a: Araquanid|tox
|
|-weather|SunnyDay|[upkeep]
|-heal|p1a: Araquanid|45/100 tox|[from] item: Leftovers
|-heal|p2a: Gliscor|100/100 tox|[from] ability: Poison Heal
|-damage|p1a: Araquanid|39/100 tox|[from] psn
|upkeep
|turn|26
|
|t:|1743804469
|move|p2a: Gliscor|Agility|p2a: Gliscor
|-boost|p2a: Gliscor|spe|2
|move|p1a: Araquanid|Sticky Web|p2a: Gliscor
|-sidestart|p2: Acetsune|move: Sticky Web
|
|-weather|SunnyDay|[upkeep]
|-heal|p1a: Araquanid|45/100 tox|[from] item: Leftovers
|-damage|p1a: Araquanid|33/100 tox|[from] psn
|upkeep
|turn|27
|
|t:|1743804494
|move|p2a: Gliscor|Substitute|p2a: Gliscor
|-start|p2a: Gliscor|Substitute
|-damage|p2a: Gliscor|76/100 tox
|move|p1a: Araquanid|Chilling Water|p2a: Gliscor
|-resisted|p2a: Gliscor
|-activate|p2a: Gliscor|move: Substitute|[damage]
|
|-weather|SunnyDay|[upkeep]
|-heal|p1a: Araquanid|39/100 tox|[from] item: Leftovers
|-heal|p2a: Gliscor|88/100 tox|[from] ability: Poison Heal
|-damage|p1a: Araquanid|20/100 tox|[from] psn
|upkeep
|turn|28
|
|t:|1743804506
|move|p2a: Gliscor|Agility|p2a: Gliscor
|-boost|p2a: Gliscor|spe|2
|move|p1a: Araquanid|Bug Buzz|p2a: Gliscor
|-damage|p2a: Gliscor|51/100 tox
|
|-weather|none
|-heal|p1a: Araquanid|26/100 tox|[from] item: Leftovers
|-heal|p2a: Gliscor|64/100 tox|[from] ability: Poison Heal
|-damage|p1a: Araquanid|2/100 tox|[from] psn
|upkeep
|turn|29
|inactive|onetruebun has 120 seconds left.
|
|t:|1743804537
|move|p2a: Gliscor|Protect|p2a: Gliscor
|-singleturn|p2a: Gliscor|Protect
|move|p1a: Araquanid|Bug Buzz|p2a: Gliscor
|-activate|p2a: Gliscor|move: Protect
|
|-heal|p1a: Araquanid|8/100 tox|[from] item: Leftovers
|-heal|p2a: Gliscor|76/100 tox|[from] ability: Poison Heal
|-damage|p1a: Araquanid|0 fnt|[from] psn
|faint|p1a: Araquanid
|upkeep
|
|t:|1743804547
|switch|p1a: Landorus|Landorus-Therian, M|100/100
|-ability|p1a: Landorus|Intimidate|boost
|-immune|p2a: Gliscor
|turn|30
|
|t:|1743804551
|move|p2a: Gliscor|Toxic|p1a: Landorus
|-status|p1a: Landorus|tox
|move|p1a: Landorus|Stealth Rock|p2a: Gliscor
|-sidestart|p2: Acetsune|move: Stealth Rock
|
|-heal|p2a: Gliscor|89/100 tox|[from] ability: Poison Heal
|-damage|p1a: Landorus|94/100 tox|[from] psn
|upkeep
|turn|31
|
|t:|1743804560
|move|p2a: Gliscor|Protect|p2a: Gliscor
|-singleturn|p2a: Gliscor|Protect
|move|p1a: Landorus|Scorching Sands|p2a: Gliscor
|-activate|p2a: Gliscor|move: Protect
|
|-heal|p2a: Gliscor|100/100 tox|[from] ability: Poison Heal
|-damage|p1a: Landorus|82/100 tox|[from] psn
|upkeep
|turn|32
|
|t:|1743804570
|move|p2a: Gliscor|Agility|p2a: Gliscor
|-boost|p2a: Gliscor|spe|2
|move|p1a: Landorus|Scorching Sands|p2a: Gliscor
|-end|p2a: Gliscor|Substitute
|
|-damage|p1a: Landorus|64/100 tox|[from] psn
|upkeep
|turn|33
|
|t:|1743804578
|switch|p1a: Ninetales|Ninetales, F|100/100
|-weather|SunnyDay|[from] ability: Drought|[of] p1a: Ninetales
|move|p2a: Gliscor|Substitute|p2a: Gliscor
|-start|p2a: Gliscor|Substitute
|-damage|p2a: Gliscor|76/100 tox
|
|-weather|SunnyDay|[upkeep]
|-heal|p2a: Gliscor|88/100 tox|[from] ability: Poison Heal
|upkeep
|turn|34
|inactive|onetruebun has 120 seconds left.
|
|t:|1743804611
|move|p2a: Gliscor|Toxic|p1a: Ninetales
|-status|p1a: Ninetales|tox
|move|p1a: Ninetales|Flamethrower|p2a: Gliscor
|-resisted|p2a: Gliscor
|-activate|p2a: Gliscor|move: Substitute|[damage]
|
|-weather|SunnyDay|[upkeep]
|-heal|p2a: Gliscor|100/100 tox|[from] ability: Poison Heal
|-damage|p1a: Ninetales|94/100 tox|[from] psn
|upkeep
|turn|35
|
|t:|1743804626
|switch|p1a: Walking Wake|Walking Wake|91/100
|-activate|p1a: Walking Wake|ability: Protosynthesis
|-start|p1a: Walking Wake|protosynthesisspa
|move|p2a: Gliscor|Protect||[still]
|-fail|p2a: Gliscor
|
|-weather|SunnyDay|[upkeep]
|upkeep
|turn|36
|
|t:|1743804638
|move|p2a: Gliscor|Toxic|p1a: Walking Wake
|-status|p1a: Walking Wake|tox
|move|p1a: Walking Wake|Hydro Steam|p2a: Gliscor
|-resisted|p2a: Gliscor
|-end|p2a: Gliscor|Substitute
|-damage|p1a: Walking Wake|81/100 tox|[from] item: Life Orb
|
|-weather|SunnyDay|[upkeep]
|-damage|p1a: Walking Wake|75/100 tox|[from] psn
|upkeep
|turn|37
|
|t:|1743804647
|move|p2a: Gliscor|Substitute|p2a: Gliscor
|-start|p2a: Gliscor|Substitute
|-damage|p2a: Gliscor|76/100 tox
|move|p1a: Walking Wake|Hydro Steam|p2a: Gliscor
|-resisted|p2a: Gliscor
|-end|p2a: Gliscor|Substitute
|-damage|p1a: Walking Wake|65/100 tox|[from] item: Life Orb
|
|-weather|SunnyDay|[upkeep]
|-heal|p2a: Gliscor|88/100 tox|[from] ability: Poison Heal
|-damage|p1a: Walking Wake|53/100 tox|[from] psn
|upkeep
|turn|38
|
|t:|1743804657
|move|p2a: Gliscor|Protect|p2a: Gliscor
|-singleturn|p2a: Gliscor|Protect
|move|p1a: Walking Wake|Hydro Steam|p2a: Gliscor
|-activate|p2a: Gliscor|move: Protect
|
|-weather|SunnyDay|[upkeep]
|-heal|p2a: Gliscor|100/100 tox|[from] ability: Poison Heal
|-damage|p1a: Walking Wake|34/100 tox|[from] psn
|upkeep
|turn|39
|
|t:|1743804666
|-end|p1a: Walking Wake|Protosynthesis|[silent]
|switch|p1a: Ninetales|Ninetales, F|94/100 tox
|move|p2a: Gliscor|Substitute|p2a: Gliscor
|-start|p2a: Gliscor|Substitute
|-damage|p2a: Gliscor|76/100 tox
|
|-weather|SunnyDay|[upkeep]
|-heal|p2a: Gliscor|88/100 tox|[from] ability: Poison Heal
|-damage|p1a: Ninetales|88/100 tox|[from] psn
|upkeep
|turn|40
|
|t:|1743804675
|move|p2a: Gliscor|Protect|p2a: Gliscor
|-singleturn|p2a: Gliscor|Protect
|move|p1a: Ninetales|Flamethrower|p2a: Gliscor
|-activate|p2a: Gliscor|move: Protect
|
|-weather|none
|-heal|p2a: Gliscor|100/100 tox|[from] ability: Poison Heal
|-damage|p1a: Ninetales|76/100 tox|[from] psn
|upkeep
|turn|41
|
|t:|1743804686
|move|p2a: Gliscor|Agility|p2a: Gliscor
|-boost|p2a: Gliscor|spe|0
|move|p1a: Ninetales|Flamethrower|p2a: Gliscor
|-resisted|p2a: Gliscor
|-activate|p2a: Gliscor|move: Substitute|[damage]
|
|-damage|p1a: Ninetales|58/100 tox|[from] psn
|upkeep
|turn|42
|
|t:|1743804701
|move|p2a: Gliscor|Agility|p2a: Gliscor
|-boost|p2a: Gliscor|spe|0
|move|p1a: Ninetales|Flamethrower|p2a: Gliscor
|-resisted|p2a: Gliscor
|-end|p2a: Gliscor|Substitute
|
|-damage|p1a: Ninetales|34/100 tox|[from] psn
|upkeep
|turn|43
|
|t:|1743804709
|move|p2a: Gliscor|Substitute|p2a: Gliscor
|-start|p2a: Gliscor|Substitute
|-damage|p2a: Gliscor|76/100 tox
|move|p1a: Ninetales|Pain Split||[still]
|-fail|p1a: Ninetales
|
|-heal|p2a: Gliscor|88/100 tox|[from] ability: Poison Heal
|-damage|p1a: Ninetales|4/100 tox|[from] psn
|upkeep
|turn|44
|
|t:|1743804718
|move|p2a: Gliscor|Protect|p2a: Gliscor
|-singleturn|p2a: Gliscor|Protect
|move|p1a: Ninetales|Flamethrower|p2a: Gliscor
|-activate|p2a: Gliscor|move: Protect
|
|-heal|p2a: Gliscor|100/100 tox|[from] ability: Poison Heal
|-damage|p1a: Ninetales|0 fnt|[from] psn
|faint|p1a: Ninetales
|upkeep
|
|t:|1743804744
|switch|p1a: Landorus|Landorus-Therian, M|64/100 tox
|-ability|p1a: Landorus|Intimidate|boost
|-immune|p2a: Gliscor
|turn|45
|
|t:|1743804753
|move|p2a: Gliscor|Agility|p2a: Gliscor
|-boost|p2a: Gliscor|spe|0
|move|p1a: Landorus|Scorching Sands|p2a: Gliscor
|-end|p2a: Gliscor|Substitute
|
|-damage|p1a: Landorus|58/100 tox|[from] psn
|upkeep
|turn|46
|
|t:|1743804761
|move|p2a: Gliscor|Substitute|p2a: Gliscor
|-start|p2a: Gliscor|Substitute
|-damage|p2a: Gliscor|76/100 tox
|move|p1a: Landorus|Scorching Sands|p2a: Gliscor
|-end|p2a: Gliscor|Substitute
|
|-heal|p2a: Gliscor|88/100 tox|[from] ability: Poison Heal
|-damage|p1a: Landorus|46/100 tox|[from] psn
|upkeep
|turn|47
|inactive|onetruebun has 120 seconds left.
|
|t:|1743804793
|move|p2a: Gliscor|Protect|p2a: Gliscor
|-singleturn|p2a: Gliscor|Protect
|move|p1a: Landorus|Scorching Sands|p2a: Gliscor
|-activate|p2a: Gliscor|move: Protect
|
|-heal|p2a: Gliscor|100/100 tox|[from] ability: Poison Heal
|-damage|p1a: Landorus|28/100 tox|[from] psn
|upkeep
|turn|48
|
|t:|1743804802
|move|p2a: Gliscor|Substitute|p2a: Gliscor
|-start|p2a: Gliscor|Substitute
|-damage|p2a: Gliscor|76/100 tox
|move|p1a: Landorus|Scorching Sands|p2a: Gliscor
|-end|p2a: Gliscor|Substitute
|
|-heal|p2a: Gliscor|88/100 tox|[from] ability: Poison Heal
|-damage|p1a: Landorus|4/100 tox|[from] psn
|upkeep
|turn|49
|inactive|onetruebun has 120 seconds left.
|
|t:|1743804841
|move|p2a: Gliscor|Protect|p2a: Gliscor
|-singleturn|p2a: Gliscor|Protect
|move|p1a: Landorus|Scorching Sands|p2a: Gliscor
|-activate|p2a: Gliscor|move: Protect
|
|-heal|p2a: Gliscor|100/100 tox|[from] ability: Poison Heal
|-damage|p1a: Landorus|0 fnt|[from] psn
|faint|p1a: Landorus
|upkeep
|
|t:|1743804843
|switch|p1a: Walking Wake|Walking Wake|34/100 tox
|turn|50
|
|t:|1743804854
|move|p2a: Gliscor|Substitute|p2a: Gliscor
|-start|p2a: Gliscor|Substitute
|-damage|p2a: Gliscor|76/100 tox
|move|p1a: Walking Wake|Hydro Steam|p2a: Gliscor
|-resisted|p2a: Gliscor
|-end|p2a: Gliscor|Substitute
|-damage|p1a: Walking Wake|24/100 tox|[from] item: Life Orb
|
|-heal|p2a: Gliscor|88/100 tox|[from] ability: Poison Heal
|-damage|p1a: Walking Wake|18/100 tox|[from] psn
|upkeep
|turn|51
|
|t:|1743804864
|move|p2a: Gliscor|Protect|p2a: Gliscor
|-singleturn|p2a: Gliscor|Protect
|move|p1a: Walking Wake|Hydro Steam|p2a: Gliscor
|-activate|p2a: Gliscor|move: Protect
|
|-heal|p2a: Gliscor|100/100 tox|[from] ability: Poison Heal
|-damage|p1a: Walking Wake|6/100 tox|[from] psn
|upkeep
|turn|52
|inactive|onetruebun has 120 seconds left.
|
|t:|1743804906
|move|p2a: Gliscor|Agility|p2a: Gliscor
|-boost|p2a: Gliscor|spe|0
|move|p1a: Walking Wake|Hydro Steam|p2a: Gliscor
|-resisted|p2a: Gliscor
|-damage|p2a: Gliscor|70/100 tox
|-damage|p1a: Walking Wake|0 fnt|[from] item: Life Orb
|faint|p1a: Walking Wake
|-end|p1a: Walking Wake|Protosynthesis|[silent]
|
|win|Acetsune
|raw|onetruebun's rating: 1191 &rarr; <strong>1163</strong><br />(-28 for losing)
|raw|Acetsune's rating: 1149 &rarr; <strong>1177</strong><br />(+28 for winning)
|l|☆onetruebun
|player|p1|
