|j|☆Tity_Master26
|j|☆Violet1994
|t:|1743905578
|gametype|singles
|player|p1|Tity_Master26|265|1193
|player|p2|Violet1994|cheryl|1199
|teamsize|p1|6
|teamsize|p2|6
|gen|9
|tier|[Gen 9] OU
|rated|
|rule|HP Percentage Mod: HP is shown in percentages
|rule|Endless Battle Clause: Forcing endless battles is banned
|rule|Species Clause: Limit one of each Pokémon
|rule|OHKO Clause: OHKO moves are banned
|rule|Evasion Items Clause: Evasion items are banned
|rule|Evasion Moves Clause: Evasion moves are banned
|rule|Sleep Moves Clause: Sleep-inducing moves are banned
|clearpoke
|poke|p1|Azumarill, M|
|poke|p1|Heatran, M|
|poke|p1|Hydrapple, M|
|poke|p1|Slowking-Galar, M|
|poke|p1|Great Tusk|
|poke|p1|Porygon2|
|poke|p2|Meganium, F|
|poke|p2|Clefable, M|
|poke|p2|Gardevoir, F|
|poke|p2|Milotic, F|
|poke|p2|Chandelure, M|
|poke|p2|Dragonite, M|
|teampreview
|inactive|Battle timer is ON: inactive players will automatically lose when time's up. (requested by Violet1994)
|inactive|Violet1994 has 120 seconds left.
|
|t:|1743905612
|start
|switch|p1a: Slowking|Slowking-Galar, M|100/100
|switch|p2a: Chandelure|Chandelure, M, shiny|100/100
|turn|1
|
|t:|1743905623
|-terastallize|p1a: Slowking|Water
|move|p2a: Chandelure|Shadow Ball|p1a: Slowking
|-damage|p1a: Slowking|71/100
|-unboost|p1a: Slowking|spd|1
|move|p1a: Slowking|Hydro Pump|p2a: Chandelure
|-supereffective|p2a: Chandelure
|-damage|p2a: Chandelure|6/100
|
|upkeep
|turn|2
|
|t:|1743905632
|move|p2a: Chandelure|Energy Ball|p1a: Slowking
|-supereffective|p1a: Slowking
|-damage|p1a: Slowking|3/100
|move|p1a: Slowking|Sludge Bomb|p2a: Chandelure
|-resisted|p2a: Chandelure
|-crit|p2a: Chandelure
|-damage|p2a: Chandelure|0 fnt
|faint|p2a: Chandelure
|
|upkeep
|
|t:|1743905640
|switch|p2a: Meganium|Meganium, F, shiny|100/100
|turn|3
|
|t:|1743905647
|switch|p1a: Heatran|Heatran, M|100/100
|move|p2a: Meganium|Swords Dance|p2a: Meganium
|-boost|p2a: Meganium|atk|2
|
|upkeep
|turn|4
|
|t:|1743905661
|switch|p2a: Dragonite|Dragonite, M, shiny|100/100
|move|p1a: Heatran|Magma Storm|p2a: Dragonite
|-resisted|p2a: Dragonite
|-damage|p2a: Dragonite|80/100
|-activate|p2a: Dragonite|move: Magma Storm|[of] p1a: Heatran
|
|-damage|p2a: Dragonite|67/100|[from] move: Magma Storm|[partiallytrapped]
|upkeep
|turn|5
|
|t:|1743905673
|move|p1a: Heatran|Will-O-Wisp|p2a: Dragonite
|-status|p2a: Dragonite|brn
|move|p2a: Dragonite|Stomping Tantrum|p1a: Heatran
|-supereffective|p1a: Heatran
|-damage|p1a: Heatran|24/100
|
|-heal|p1a: Heatran|31/100|[from] item: Leftovers
|-damage|p2a: Dragonite|61/100 brn|[from] brn
|-damage|p2a: Dragonite|49/100 brn|[from] move: Magma Storm|[partiallytrapped]
|upkeep
|turn|6
|inactive|Tity_Master26 has 120 seconds left.
|
|t:|1743905711
|switch|p1a: Azumarill|Azumarill, M|100/100
|move|p2a: Dragonite|Stomping Tantrum|p1a: Azumarill
|-damage|p1a: Azumarill|77/100
|
|-damage|p2a: Dragonite|43/100 brn|[from] brn
|-end|p2a: Dragonite|Magma Storm|[partiallytrapped]|[silent]
|upkeep
|turn|7
|inactive|Tity_Master26 has 120 seconds left.
|
|t:|1743905730
|switch|p2a: Clefable|Clefable, M, shiny|100/100
|move|p1a: Azumarill|Belly Drum|p1a: Azumarill
|-damage|p1a: Azumarill|27/100
|-setboost|p1a: Azumarill|atk|6|[from] move: Belly Drum
|-enditem|p1a: Azumarill|Sitrus Berry|[eat]
|-heal|p1a: Azumarill|52/100|[from] item: Sitrus Berry
|
|upkeep
|turn|8
|
|t:|1743905740
|move|p2a: Clefable|Thunder Wave|p1a: Azumarill
|-status|p1a: Azumarill|par
|move|p1a: Azumarill|Liquidation|p2a: Clefable
|-damage|p2a: Clefable|0 fnt
|faint|p2a: Clefable
|
|upkeep
|
|t:|1743905749
|switch|p2a: Milotic|Milotic, F, shiny|100/100
|turn|9
|
|t:|1743905755
|move|p2a: Milotic|Haze|p2a: Milotic
|-clearallboost
|move|p1a: Azumarill|Play Rough|p2a: Milotic
|-damage|p2a: Milotic|62/100
|
|-heal|p2a: Milotic|68/100|[from] item: Leftovers
|upkeep
|turn|10
|
|t:|1743905764
|move|p2a: Milotic|Scald|p1a: Azumarill
|-resisted|p1a: Azumarill
|-damage|p1a: Azumarill|39/100 par
|move|p1a: Azumarill|Belly Drum||[still]
|-fail|p1a: Azumarill
|
|-heal|p2a: Milotic|74/100|[from] item: Leftovers
|upkeep
|turn|11
|
|t:|1743905779
|move|p2a: Milotic|Scald|p1a: Azumarill
|-resisted|p1a: Azumarill
|-damage|p1a: Azumarill|24/100 par
|move|p1a: Azumarill|Play Rough|p2a: Milotic
|-damage|p2a: Milotic|34/100
|
|-heal|p2a: Milotic|40/100|[from] item: Leftovers
|upkeep
|turn|12
|
|t:|1743905791
|move|p2a: Milotic|Recover|p2a: Milotic
|-heal|p2a: Milotic|90/100
|move|p1a: Azumarill|Play Rough|p2a: Milotic
|-damage|p2a: Milotic|51/100
|-unboost|p2a: Milotic|atk|1
|-ability|p2a: Milotic|Competitive|boost
|-boost|p2a: Milotic|spa|2
|
|-heal|p2a: Milotic|57/100|[from] item: Leftovers
|upkeep
|turn|13
|
|t:|1743905812
|switch|p1a: Hydrapple|Hydrapple, M|100/100
|move|p2a: Milotic|Scald|p1a: Hydrapple
|-resisted|p1a: Hydrapple
|-damage|p1a: Hydrapple|94/100
|
|-heal|p2a: Milotic|63/100|[from] item: Leftovers
|upkeep
|turn|14
|
|t:|1743905822
|move|p2a: Milotic|Ice Beam|p1a: Hydrapple
|-supereffective|p1a: Hydrapple
|-damage|p1a: Hydrapple|0 fnt
|faint|p1a: Hydrapple
|
|-heal|p2a: Milotic|69/100|[from] item: Leftovers
|upkeep
|
|t:|1743905828
|switch|p1a: Slowking|Slowking-Galar, M, tera:Water|37/100
|turn|15
|
|t:|1743905840
|move|p2a: Milotic|Scald|p1a: Slowking
|-resisted|p1a: Slowking
|-crit|p1a: Slowking
|-damage|p1a: Slowking|10/100
|-status|p1a: Slowking|brn
|move|p1a: Slowking|Thunder Wave|p2a: Milotic
|-status|p2a: Milotic|par
|
|-heal|p2a: Milotic|75/100 par|[from] item: Leftovers
|-damage|p1a: Slowking|4/100 brn|[from] brn
|upkeep
|turn|16
|
|t:|1743905851
|move|p2a: Milotic|Scald|p1a: Slowking
|-resisted|p1a: Slowking
|-damage|p1a: Slowking|0 fnt
|faint|p1a: Slowking
|
|-heal|p2a: Milotic|81/100 par|[from] item: Leftovers
|upkeep
|inactive|Tity_Master26 has 120 seconds left.
|
|t:|1743905875
|switch|p1a: Azumarill|Azumarill, M|24/100 par
|turn|17
|
|t:|1743905878
|move|p2a: Milotic|Scald|p1a: Azumarill
|-resisted|p1a: Azumarill
|-damage|p1a: Azumarill|0 fnt
|faint|p1a: Azumarill
|
|-heal|p2a: Milotic|87/100 par|[from] item: Leftovers
|upkeep
|
|t:|1743905884
|switch|p1a: Porygon2|Porygon2, shiny|100/100
|-ability|p1a: Porygon2|Download|boost
|-boost|p1a: Porygon2|atk|1
|turn|18
|
|t:|1743905888
|move|p1a: Porygon2|Discharge|p2a: Milotic
|-supereffective|p2a: Milotic
|-damage|p2a: Milotic|47/100 par
|move|p2a: Milotic|Scald|p1a: Porygon2
|-damage|p1a: Porygon2|67/100
|-status|p1a: Porygon2|brn
|
|-heal|p2a: Milotic|53/100 par|[from] item: Leftovers
|-damage|p1a: Porygon2|61/100 brn|[from] brn
|upkeep
|turn|19
|
|t:|1743905898
|move|p1a: Porygon2|Discharge|p2a: Milotic
|-supereffective|p2a: Milotic
|-damage|p2a: Milotic|12/100 par
|move|p2a: Milotic|Recover|p2a: Milotic
|-heal|p2a: Milotic|62/100 par
|
|-heal|p2a: Milotic|68/100 par|[from] item: Leftovers
|-damage|p1a: Porygon2|55/100 brn|[from] brn
|upkeep
|turn|20
|
|t:|1743905916
|move|p1a: Porygon2|Recover|p1a: Porygon2
|-heal|p1a: Porygon2|100/100 brn
|cant|p2a: Milotic|par
|
|-heal|p2a: Milotic|74/100 par|[from] item: Leftovers
|-damage|p1a: Porygon2|94/100 brn|[from] brn
|upkeep
|turn|21
|
|t:|1743905923
|move|p1a: Porygon2|Discharge|p2a: Milotic
|-supereffective|p2a: Milotic
|-damage|p2a: Milotic|34/100 par
|move|p2a: Milotic|Scald|p1a: Porygon2
|-crit|p1a: Porygon2
|-damage|p1a: Porygon2|44/100 brn
|
|-heal|p2a: Milotic|40/100 par|[from] item: Leftovers
|-damage|p1a: Porygon2|38/100 brn|[from] brn
|upkeep
|turn|22
|
|t:|1743905933
|move|p1a: Porygon2|Recover|p1a: Porygon2
|-heal|p1a: Porygon2|88/100 brn
|move|p2a: Milotic|Recover|p2a: Milotic
|-heal|p2a: Milotic|90/100 par
|
|-heal|p2a: Milotic|96/100 par|[from] item: Leftovers
|-damage|p1a: Porygon2|82/100 brn|[from] brn
|upkeep
|turn|23
|
|t:|1743905940
|-terastallize|p2a: Milotic|Fairy
|move|p1a: Porygon2|Discharge|p2a: Milotic
|-damage|p2a: Milotic|77/100 par
|move|p2a: Milotic|Scald|p1a: Porygon2
|-damage|p1a: Porygon2|44/100 brn
|
|-heal|p2a: Milotic|83/100 par|[from] item: Leftovers
|-damage|p1a: Porygon2|38/100 brn|[from] brn
|upkeep
|turn|24
|
|t:|1743905952
|move|p1a: Porygon2|Recover|p1a: Porygon2
|-heal|p1a: Porygon2|88/100 brn
|move|p2a: Milotic|Ice Beam|p1a: Porygon2
|-damage|p1a: Porygon2|62/100 brn
|
|-heal|p2a: Milotic|89/100 par|[from] item: Leftovers
|-damage|p1a: Porygon2|56/100 brn|[from] brn
|upkeep
|turn|25
|
|t:|1743905962
|move|p1a: Porygon2|Recover|p1a: Porygon2
|-heal|p1a: Porygon2|100/100 brn
|cant|p2a: Milotic|par
|
|-heal|p2a: Milotic|95/100 par|[from] item: Leftovers
|-damage|p1a: Porygon2|94/100 brn|[from] brn
|upkeep
|turn|26
|-message|Tity_Master26 forfeited.
|
|win|Violet1994
|raw|Tity_Master26's rating: 1193 &rarr; <strong>1168</strong><br />(-25 for losing)
|raw|Violet1994's rating: 1199 &rarr; <strong>1224</strong><br />(+25 for winning)
|l|☆Tity_Master26
|player|p1|
|l|☆Violet1994
|player|p2|
