|j|☆nickols0n
|j|☆YT-Spirit8ghostly
|t:|1743909595
|gametype|singles
|player|p1|nickols0n|266|1025
|player|p2|YT-Spirit8ghostly|interviewers|1070
|teamsize|p1|6
|teamsize|p2|6
|gen|9
|tier|[Gen 9] OU
|rated|
|rule|HP Percentage Mod: HP is shown in percentages
|rule|Endless Battle Clause: Forcing endless battles is banned
|rule|Species Clause: Limit one of each Pokémon
|rule|OHKO Clause: OHKO moves are banned
|rule|Evasion Items Clause: Evasion items are banned
|rule|Evasion Moves Clause: Evasion moves are banned
|rule|Sleep Moves Clause: Sleep-inducing moves are banned
|clearpoke
|poke|p1|Veluza, F|
|poke|p1|Trevenant, F|
|poke|p1|Dedenne, M|
|poke|p1|Frosmoth, M|
|poke|p1|Maushold|
|poke|p1|Grafaiai, F|
|poke|p2|Sandy Shocks|
|poke|p2|Araquanid, M|
|poke|p2|Blastoise, M|
|poke|p2|Zapdos-Galar|
|poke|p2|Tinkaton, F|
|poke|p2|Moltres|
|teampreview
|
|t:|1743909629
|start
|switch|p1a: Grafaiai|Grafaiai, F|100/100
|switch|p2a: Tinkaton|Tinkaton, F|100/100
|-ability|p2a: Tinkaton|Mold Breaker
|turn|1
|
|t:|1743909641
|move|p1a: Grafaiai|Switcheroo|p2a: Tinkaton
|-activate|p1a: Grafaiai|move: Trick|[of] p2a: Tinkaton
|-item|p2a: Tinkaton|Black Sludge|[from] move: Switcheroo
|-item|p1a: Grafaiai|Red Card|[from] move: Switcheroo
|move|p2a: Tinkaton|Thunder Wave|p1a: Grafaiai
|-status|p1a: Grafaiai|par
|
|-damage|p2a: Tinkaton|88/100|[from] item: Black Sludge
|upkeep
|turn|2
|
|t:|1743909653
|move|p1a: Grafaiai|Encore|p2a: Tinkaton
|-start|p2a: Tinkaton|Encore
|move|p2a: Tinkaton|Thunder Wave|p1a: Grafaiai
|-fail|p1a: Grafaiai|par
|
|-damage|p2a: Tinkaton|76/100|[from] item: Black Sludge
|upkeep
|turn|3
|
|t:|1743909680
|switch|p2a: Araquanid|Araquanid, M, shiny|100/100
|cant|p1a: Grafaiai|par
|
|upkeep
|turn|4
|
|t:|1743909700
|move|p1a: Grafaiai|Metronome|p1a: Grafaiai
|move|p1a: Grafaiai|Dive||[from] move: Metronome|[still]
|-prepare|p1a: Grafaiai|Dive
|move|p2a: Araquanid|Sticky Web|p1a: Grafaiai
|-sidestart|p1: nickols0n|move: Sticky Web
|
|upkeep
|turn|5
|
|t:|1743909719
|move|p1a: Grafaiai|Dive|p2a: Araquanid|[from] lockedmove
|-resisted|p2a: Araquanid
|-damage|p2a: Araquanid|92/100
|move|p2a: Araquanid|Soak|p1a: Grafaiai
|-start|p1a: Grafaiai|typechange|Water
|
|upkeep
|turn|6
|
|t:|1743909729
|switch|p2a: Sandy Shocks|Sandy Shocks|100/100
|move|p1a: Grafaiai|Encore||[still]
|-fail|p1a: Grafaiai
|
|upkeep
|turn|7
|
|t:|1743909738
|switch|p1a: Trevenant|Trevenant, F|100/100
|-activate|p1a: Trevenant|move: Sticky Web
|-unboost|p1a: Trevenant|spe|1
|move|p2a: Sandy Shocks|Discharge|p1a: Trevenant
|-resisted|p1a: Trevenant
|-damage|p1a: Trevenant|79/100
|
|upkeep
|turn|8
|
|t:|1743909743
|move|p2a: Sandy Shocks|Sunny Day|p2a: Sandy Shocks
|-weather|SunnyDay
|-activate|p2a: Sandy Shocks|ability: Protosynthesis
|-start|p2a: Sandy Shocks|protosynthesisspe
|move|p1a: Trevenant|Horn Leech|p2a: Sandy Shocks
|-supereffective|p2a: Sandy Shocks
|-damage|p2a: Sandy Shocks|19/100
|-heal|p1a: Trevenant|100/100|[from] drain|[of] p2a: Sandy Shocks
|-enditem|p2a: Sandy Shocks|Weakness Policy
|-boost|p2a: Sandy Shocks|atk|2|[from] item: Weakness Policy
|-boost|p2a: Sandy Shocks|spa|2|[from] item: Weakness Policy
|
|-weather|SunnyDay|[upkeep]
|upkeep
|turn|9
|
|t:|1743909749
|-terastallize|p2a: Sandy Shocks|Ice
|move|p2a: Sandy Shocks|Tera Blast|p1a: Trevenant|[anim] Tera Blast Ice
|-supereffective|p1a: Trevenant
|-damage|p1a: Trevenant|0 fnt
|faint|p1a: Trevenant
|
|-weather|SunnyDay|[upkeep]
|upkeep
|
|t:|1743909788
|switch|p1a: Maushold|Maushold|100/100
|-activate|p1a: Maushold|move: Sticky Web
|-unboost|p1a: Maushold|spe|1
|turn|10
|
|t:|1743909794
|move|p2a: Sandy Shocks|Earth Power|p1a: Maushold
|-enditem|p1a: Maushold|Focus Sash
|-damage|p1a: Maushold|1/100
|-unboost|p1a: Maushold|spd|1
|move|p1a: Maushold|Tidy Up|p1a: Maushold
|-sideend|p1: nickols0n|Sticky Web
|-activate|p1a: Maushold|move: Tidy Up
|-boost|p1a: Maushold|atk|1
|-boost|p1a: Maushold|spe|1
|
|-weather|SunnyDay|[upkeep]
|upkeep
|turn|11
|
|t:|1743909806
|move|p2a: Sandy Shocks|Discharge|p1a: Maushold
|-damage|p1a: Maushold|0 fnt
|faint|p1a: Maushold
|
|-weather|SunnyDay|[upkeep]
|upkeep
|
|t:|1743909810
|switch|p1a: Veluza|Veluza, F|100/100
|turn|12
|
|t:|1743909815
|move|p1a: Veluza|Aqua Jet|p2a: Sandy Shocks
|-crit|p2a: Sandy Shocks
|-damage|p2a: Sandy Shocks|4/100
|move|p2a: Sandy Shocks|Discharge|p1a: Veluza
|-supereffective|p1a: Veluza
|-damage|p1a: Veluza|0 fnt
|faint|p1a: Veluza
|
|-weather|none
|-end|p2a: Sandy Shocks|Protosynthesis
|upkeep
|-message|nickols0n forfeited.
|
|win|YT-Spirit8ghostly
|raw|nickols0n's rating: 1025 &rarr; <strong>1013</strong><br />(-12 for losing)
|raw|YT-Spirit8ghostly's rating: 1070 &rarr; <strong>1096</strong><br />(+26 for winning)
|l|☆nickols0n
|player|p1|
