|j|☆HWH8SB
|j|☆jjconesa
|t:|1743890677
|gametype|singles
|player|p1|HWH8SB|101|1353
|player|p2|jjconesa|lucas|1299
|teamsize|p1|6
|teamsize|p2|6
|gen|9
|tier|[Gen 9] OU
|rated|
|rule|HP Percentage Mod: HP is shown in percentages
|rule|Endless Battle Clause: Forcing endless battles is banned
|rule|Species Clause: Limit one of each Pokémon
|rule|OHKO Clause: OHKO moves are banned
|rule|Evasion Items Clause: Evasion items are banned
|rule|Evasion Moves Clause: Evasion moves are banned
|rule|Sleep Moves Clause: Sleep-inducing moves are banned
|clearpoke
|poke|p1|Gengar, F|
|poke|p1|Kingambit, M|
|poke|p1|Great Tusk|
|poke|p1|Zapdos|
|poke|p1|Ogerpon-Wellspring, F|
|poke|p1|Kyurem|
|poke|p2|Ogerpon-Wellspring, F|
|poke|p2|Toedscruel, M|
|poke|p2|Lilligant-Hisui, F|
|poke|p2|Hydrapple, M|
|poke|p2|Rotom-Mow|
|poke|p2|Zarude|
|teampreview
|inactive|Battle timer is ON: inactive players will automatically lose when time's up. (requested by jjconesa)
|
|t:|1743890736
|start
|switch|p1a: Kyurem|Kyurem|100/100
|switch|p2a: Hydrapple|Hydrapple, M|100/100
|-ability|p1a: Kyurem|Pressure
|turn|1
|
|t:|1743890745
|-terastallize|p2a: Hydrapple|Steel
|move|p1a: Kyurem|Ice Beam|p2a: Hydrapple
|-resisted|p2a: Hydrapple
|-damage|p2a: Hydrapple|79/100
|move|p2a: Hydrapple|Draco Meteor|p1a: Kyurem
|-supereffective|p1a: Kyurem
|-damage|p1a: Kyurem|0 fnt
|-unboost|p2a: Hydrapple|spa|2
|faint|p1a: Kyurem
|
|upkeep
|
|t:|1743890752
|switch|p1a: Great Tusk|Great Tusk|100/100
|turn|2
|
|t:|1743890761
|switch|p2a: Rotom|Rotom-Mow|100/100
|move|p1a: Great Tusk|Earthquake|p2a: Rotom
|-immune|p2a: Rotom|[from] ability: Levitate
|
|upkeep
|turn|3
|
|t:|1743890770
|-end|p1a: Great Tusk|Protosynthesis|[silent]
|switch|p1a: Zapdos|Zapdos|100/100
|move|p2a: Rotom|Will-O-Wisp|p1a: Zapdos|[miss]
|-miss|p2a: Rotom|p1a: Zapdos
|
|upkeep
|turn|4
|
|t:|1743890778
|move|p2a: Rotom|Will-O-Wisp|p1a: Zapdos|[miss]
|-miss|p2a: Rotom|p1a: Zapdos
|move|p1a: Zapdos|Hurricane|p2a: Rotom|[miss]
|-miss|p1a: Zapdos|p2a: Rotom
|
|upkeep
|turn|5
|
|t:|1743890786
|move|p2a: Rotom|Will-O-Wisp|p1a: Zapdos|[miss]
|-miss|p2a: Rotom|p1a: Zapdos
|move|p1a: Zapdos|Hurricane|p2a: Rotom
|-damage|p2a: Rotom|36/100
|
|upkeep
|turn|6
|
|t:|1743890793
|switch|p2a: Hydrapple|Hydrapple, M, tera:Steel|100/100
|move|p1a: Zapdos|Hurricane|p2a: Hydrapple|[miss]
|-miss|p1a: Zapdos|p2a: Hydrapple
|
|upkeep
|turn|7
|
|t:|1743890806
|move|p1a: Zapdos|Volt Switch|p2a: Hydrapple
|-damage|p2a: Hydrapple|80/100
|
|t:|1743890809
|switch|p1a: Great Tusk|Great Tusk|100/100|[from] Volt Switch
|move|p2a: Hydrapple|Fickle Beam|p1a: Great Tusk|[anim] Fickle Beam All Out
|-activate|p2a: Hydrapple|move: Fickle Beam
|-damage|p1a: Great Tusk|0 fnt
|faint|p1a: Great Tusk
|-end|p1a: Great Tusk|Protosynthesis|[silent]
|
|upkeep
|
|t:|1743890813
|switch|p1a: Ogerpon|Ogerpon-Wellspring, F|100/100
|turn|8
|
|t:|1743890841
|switch|p2a: Zarude|Zarude|100/100
|move|p1a: Ogerpon|Swords Dance|p1a: Ogerpon
|-boost|p1a: Ogerpon|atk|2
|
|upkeep
|turn|9
|
|t:|1743890851
|move|p2a: Zarude|Power Whip|p1a: Ogerpon
|-damage|p1a: Ogerpon|13/100
|move|p1a: Ogerpon|U-turn|p2a: Zarude
|-supereffective|p2a: Zarude
|-damage|p2a: Zarude|0 fnt
|faint|p2a: Zarude
|
|t:|1743890869
|switch|p1a: Gengar|Gengar, F|100/100|[from] U-turn
|
|upkeep
|inactive|jjconesa has 120 seconds left.
|
|t:|1743890898
|switch|p2a: Hydrapple|Hydrapple, M, tera:Steel|100/100
|turn|10
|
|t:|1743890912
|switch|p1a: Zapdos|Zapdos|100/100
|move|p2a: Hydrapple|Fickle Beam|p1a: Zapdos
|-damage|p1a: Zapdos|71/100
|
|upkeep
|turn|11
|inactive|jjconesa has 120 seconds left.
|
|t:|1743890925
|move|p1a: Zapdos|Hurricane|p2a: Hydrapple
|-resisted|p2a: Hydrapple
|-damage|p2a: Hydrapple|85/100
|-start|p2a: Hydrapple|confusion
|-activate|p2a: Hydrapple|confusion
|move|p2a: Hydrapple|Fickle Beam|p1a: Zapdos|[anim] Fickle Beam All Out
|-activate|p2a: Hydrapple|move: Fickle Beam
|-damage|p1a: Zapdos|17/100
|
|upkeep
|turn|12
|inactive|jjconesa has 120 seconds left.
|
|t:|1743890951
|move|p1a: Zapdos|Roost|p1a: Zapdos
|-heal|p1a: Zapdos|67/100
|-singleturn|p1a: Zapdos|move: Roost
|-activate|p2a: Hydrapple|confusion
|-damage|p2a: Hydrapple|81/100|[from] confusion
|
|upkeep
|turn|13
|
|t:|1743890969
|move|p1a: Zapdos|Thunder Wave|p2a: Hydrapple
|-status|p2a: Hydrapple|par
|-end|p2a: Hydrapple|confusion
|move|p2a: Hydrapple|Fickle Beam|p1a: Zapdos|[anim] Fickle Beam All Out
|-activate|p2a: Hydrapple|move: Fickle Beam
|-damage|p1a: Zapdos|9/100
|
|upkeep
|turn|14
|
|t:|1743890977
|move|p1a: Zapdos|Roost|p1a: Zapdos
|-heal|p1a: Zapdos|59/100
|-singleturn|p1a: Zapdos|move: Roost
|cant|p2a: Hydrapple|par
|
|upkeep
|turn|15
|
|t:|1743890983
|move|p1a: Zapdos|Hurricane|p2a: Hydrapple
|-resisted|p2a: Hydrapple
|-crit|p2a: Hydrapple
|-damage|p2a: Hydrapple|58/100 par
|move|p2a: Hydrapple|Fickle Beam|p1a: Zapdos|[anim] Fickle Beam All Out
|-activate|p2a: Hydrapple|move: Fickle Beam
|-damage|p1a: Zapdos|8/100
|
|upkeep
|turn|16
|inactive|jjconesa has 120 seconds left.
|
|t:|1743890992
|move|p1a: Zapdos|Roost|p1a: Zapdos
|-heal|p1a: Zapdos|58/100
|-singleturn|p1a: Zapdos|move: Roost
|cant|p2a: Hydrapple|par
|
|upkeep
|turn|17
|
|t:|1743891002
|switch|p2a: Rotom|Rotom-Mow|36/100
|move|p1a: Zapdos|Hurricane|p2a: Rotom|[miss]
|-miss|p1a: Zapdos|p2a: Rotom
|
|upkeep
|turn|18
|
|t:|1743891016
|move|p2a: Rotom|Volt Switch|p1a: Zapdos
|-damage|p1a: Zapdos|34/100
|
|t:|1743891019
|switch|p2a: Hydrapple|Hydrapple, M, tera:Steel|91/100 par|[from] Volt Switch
|move|p1a: Zapdos|Hurricane|p2a: Hydrapple|[miss]
|-miss|p1a: Zapdos|p2a: Hydrapple
|
|upkeep
|turn|19
|
|t:|1743891029
|move|p1a: Zapdos|Roost|p1a: Zapdos
|-heal|p1a: Zapdos|84/100
|-singleturn|p1a: Zapdos|move: Roost
|move|p2a: Hydrapple|Fickle Beam|p1a: Zapdos
|-damage|p1a: Zapdos|57/100
|
|upkeep
|turn|20
|
|t:|1743891043
|move|p1a: Zapdos|Hurricane|p2a: Hydrapple|[miss]
|-miss|p1a: Zapdos|p2a: Hydrapple
|move|p2a: Hydrapple|Draco Meteor|p1a: Zapdos
|-damage|p1a: Zapdos|14/100
|-unboost|p2a: Hydrapple|spa|2
|
|upkeep
|turn|21
|
|t:|1743891064
|switch|p2a: Lilligant|Lilligant-Hisui, F|100/100
|move|p1a: Zapdos|Roost|p1a: Zapdos
|-heal|p1a: Zapdos|64/100
|-singleturn|p1a: Zapdos|move: Roost
|
|upkeep
|turn|22
|
|t:|1743891077
|switch|p2a: Rotom|Rotom-Mow|36/100
|move|p1a: Zapdos|Hurricane|p2a: Rotom
|-damage|p2a: Rotom|0 fnt
|faint|p2a: Rotom
|
|upkeep
|
|t:|1743891093
|switch|p2a: Hydrapple|Hydrapple, M, tera:Steel|100/100 par
|turn|23
|
|t:|1743891099
|move|p1a: Zapdos|Volt Switch|p2a: Hydrapple
|-damage|p2a: Hydrapple|81/100 par
|
|t:|1743891102
|switch|p1a: Ogerpon|Ogerpon-Wellspring, F|13/100|[from] Volt Switch
|move|p2a: Hydrapple|Fickle Beam|p1a: Ogerpon
|-damage|p1a: Ogerpon|0 fnt
|faint|p1a: Ogerpon
|
|upkeep
|
|t:|1743891105
|switch|p1a: Kingambit|Kingambit, M|100/100
|-activate|p1a: Kingambit|ability: Supreme Overlord
|-start|p1a: Kingambit|fallen3|[silent]
|turn|24
|
|t:|1743891115
|-terastallize|p1a: Kingambit|Dark
|move|p1a: Kingambit|Kowtow Cleave|p2a: Hydrapple
|-damage|p2a: Hydrapple|4/100 par
|cant|p2a: Hydrapple|par
|
|upkeep
|turn|25
|
|t:|1743891136
|switch|p2a: Ogerpon|Ogerpon-Wellspring, F|100/100
|move|p1a: Kingambit|Kowtow Cleave|p2a: Ogerpon
|-damage|p2a: Ogerpon|0 fnt
|faint|p2a: Ogerpon
|
|upkeep
|
|t:|1743891144
|switch|p2a: Lilligant|Lilligant-Hisui, F|100/100
|turn|26
|
|t:|1743891149
|-end|p1a: Kingambit|fallen3|[silent]
|switch|p1a: Gengar|Gengar, F|100/100
|move|p2a: Lilligant|Close Combat|p1a: Gengar
|-immune|p1a: Gengar
|
|upkeep
|turn|27
|
|t:|1743891157
|switch|p2a: Toedscruel|Toedscruel, M|100/100
|move|p1a: Gengar|Sludge Wave|p2a: Toedscruel
|-damage|p2a: Toedscruel|49/100
|
|-heal|p2a: Toedscruel|55/100|[from] item: Leftovers
|upkeep
|turn|28
|
|t:|1743891171
|switch|p1a: Kingambit|Kingambit, M, tera:Dark|100/100
|-activate|p1a: Kingambit|ability: Supreme Overlord
|-start|p1a: Kingambit|fallen3|[silent]
|move|p2a: Toedscruel|Earth Power|p1a: Kingambit
|-damage|p1a: Kingambit|73/100
|
|-heal|p2a: Toedscruel|61/100|[from] item: Leftovers
|upkeep
|turn|29
|inactive|jjconesa has 120 seconds left.
|
|t:|1743891204
|move|p1a: Kingambit|Kowtow Cleave|p2a: Toedscruel
|-damage|p2a: Toedscruel|0 fnt
|faint|p2a: Toedscruel
|
|upkeep
|inactive|jjconesa has 120 seconds left.
|
|t:|1743891217
|switch|p2a: Hydrapple|Hydrapple, M, tera:Steel|38/100 par
|turn|30
|inactive|jjconesa has 120 seconds left.
|
|t:|1743891223
|switch|p2a: Lilligant|Lilligant-Hisui, F|100/100
|move|p1a: Kingambit|Kowtow Cleave|p2a: Lilligant
|-resisted|p2a: Lilligant
|-damage|p2a: Lilligant|22/100
|
|upkeep
|turn|31
|
|t:|1743891232
|move|p1a: Kingambit|Sucker Punch||[still]
|-fail|p1a: Kingambit
|move|p2a: Lilligant|Victory Dance|p2a: Lilligant
|-boost|p2a: Lilligant|atk|1
|-boost|p2a: Lilligant|def|1
|-boost|p2a: Lilligant|spe|1
|
|upkeep
|turn|32
|
|t:|1743891241
|move|p1a: Kingambit|Sucker Punch||[still]
|-fail|p1a: Kingambit
|move|p2a: Lilligant|Victory Dance|p2a: Lilligant
|-boost|p2a: Lilligant|atk|1
|-boost|p2a: Lilligant|def|1
|-boost|p2a: Lilligant|spe|1
|
|upkeep
|turn|33
|
|t:|1743891247
|move|p1a: Kingambit|Sucker Punch||[still]
|-fail|p1a: Kingambit
|move|p2a: Lilligant|Victory Dance|p2a: Lilligant
|-boost|p2a: Lilligant|atk|1
|-boost|p2a: Lilligant|def|1
|-boost|p2a: Lilligant|spe|1
|
|upkeep
|turn|34
|
|t:|1743891272
|move|p1a: Kingambit|Sucker Punch|p2a: Lilligant
|-resisted|p2a: Lilligant
|-damage|p2a: Lilligant|0 fnt
|faint|p2a: Lilligant
|
|upkeep
|
|t:|1743891277
|switch|p2a: Hydrapple|Hydrapple, M, tera:Steel|71/100 par
|turn|35
|-message|jjconesa forfeited.
|
|win|HWH8SB
|raw|HWH8SB's rating: 1353 &rarr; <strong>1370</strong><br />(+17 for winning)
|raw|jjconesa's rating: 1299 &rarr; <strong>1278</strong><br />(-21 for losing)
|l|☆jjconesa
|player|p2|
|l|☆HWH8SB
|player|p1|
