|j|☆Dadhurtme
|j|☆jgtyfkyk
|t:|1743861777
|gametype|singles
|player|p1|Dadhurtme|265|1140
|player|p2|jgtyfkyk|101|1127
|teamsize|p1|6
|teamsize|p2|6
|gen|9
|tier|[Gen 9] OU
|rated|
|rule|HP Percentage Mod: HP is shown in percentages
|rule|Endless Battle Clause: Forcing endless battles is banned
|rule|Species Clause: Limit one of each Pokémon
|rule|OHKO Clause: OHKO moves are banned
|rule|Evasion Items Clause: Evasion items are banned
|rule|Evasion Moves Clause: Evasion moves are banned
|rule|Sleep Moves Clause: Sleep-inducing moves are banned
|clearpoke
|poke|p1|Maushold|
|poke|p1|Oricorio, M|
|poke|p1|Garchomp, F|
|poke|p1|Iron Crown|
|poke|p1|Comfey, M|
|poke|p1|Volcanion|
|poke|p2|Breloom, M|
|poke|p2|Delphox, F|
|poke|p2|Tentacruel, M|
|poke|p2|Registeel|
|poke|p2|Sylveon, F|
|poke|p2|Conkeldurr, F|
|teampreview
|inactive|Battle timer is ON: inactive players will automatically lose when time's up. (requested by Dadhurtme)
|
|t:|1743861795
|start
|switch|p1a: Oricorio|Oricorio, M, shiny|100/100
|switch|p2a: Conkeldurr|Conkeldurr, F|100/100
|turn|1
|
|t:|1743861807
|move|p1a: Oricorio|Quiver Dance|p1a: Oricorio
|-boost|p1a: Oricorio|spa|1
|-boost|p1a: Oricorio|spd|1
|-boost|p1a: Oricorio|spe|1
|move|p2a: Conkeldurr|Stone Edge|p1a: Oricorio|[miss]
|-miss|p2a: Conkeldurr|p1a: Oricorio
|
|upkeep
|turn|2
|
|t:|1743861815
|switch|p2a: Registeel|Registeel|100/100
|move|p1a: Oricorio|Air Slash|p2a: Registeel
|-resisted|p2a: Registeel
|-damage|p2a: Registeel|85/100
|
|upkeep
|turn|3
|
|t:|1743861821
|switch|p2a: Sylveon|Sylveon, F|100/100
|move|p1a: Oricorio|Revelation Dance|p2a: Sylveon
|-damage|p2a: Sylveon|70/100
|
|upkeep
|turn|4
|
|t:|1743861828
|move|p1a: Oricorio|Quiver Dance|p1a: Oricorio
|-boost|p1a: Oricorio|spa|1
|-boost|p1a: Oricorio|spd|1
|-boost|p1a: Oricorio|spe|1
|move|p2a: Sylveon|Draining Kiss|p1a: Oricorio
|-resisted|p1a: Oricorio
|-damage|p1a: Oricorio|91/100
|-heal|p2a: Sylveon|76/100|[from] drain|[of] p1a: Oricorio
|
|upkeep
|turn|5
|
|t:|1743861840
|move|p1a: Oricorio|Air Slash|p2a: Sylveon
|-damage|p2a: Sylveon|46/100
|cant|p2a: Sylveon|flinch
|
|upkeep
|turn|6
|
|t:|1743861848
|move|p1a: Oricorio|Air Slash|p2a: Sylveon|[miss]
|-miss|p1a: Oricorio|p2a: Sylveon
|move|p2a: Sylveon|Misty Explosion|p1a: Oricorio
|-resisted|p1a: Oricorio
|-damage|p1a: Oricorio|72/100
|faint|p2a: Sylveon
|
|upkeep
|
|t:|1743861853
|switch|p2a: Tentacruel|Tentacruel, M|100/100
|turn|7
|
|t:|1743861859
|move|p1a: Oricorio|Air Slash|p2a: Tentacruel
|-damage|p2a: Tentacruel|29/100
|cant|p2a: Tentacruel|flinch
|
|-heal|p2a: Tentacruel|35/100|[from] item: Leftovers
|upkeep
|turn|8
|-message|jgtyfkyk forfeited.
|
|win|Dadhurtme
|raw|Dadhurtme's rating: 1140 &rarr; <strong>1164</strong><br />(+24 for winning)
|raw|jgtyfkyk's rating: 1127 &rarr; <strong>1103</strong><br />(-24 for losing)
|l|☆jgtyfkyk
|player|p2|
|l|☆Dadhurtme
|player|p1|
