|badge|p1|bronze|gen9ou|100-5
|uhtml|medal-msg|<div class="broadcast-blue">Curious what those medals under the avatar are? PS now has Ladder Seasons! For more information, check out the <a href="https://www.smogon.com/forums/threads/3740067/">thread on Smogon.</a></div>
|j|☆MiaTaylor612
|j|☆mr.diversity
|t:|1743875146
|gametype|singles
|player|p1|MiaTaylor612|idol|1913
|player|p2|mr.diversity|bruno|1872
|teamsize|p1|6
|teamsize|p2|6
|gen|9
|tier|[Gen 9] OU
|rated|
|rule|HP Percentage Mod: HP is shown in percentages
|rule|Endless Battle Clause: Forcing endless battles is banned
|rule|Species Clause: Limit one of each Pokémon
|rule|OHKO Clause: OHKO moves are banned
|rule|Evasion Items Clause: Evasion items are banned
|rule|Evasion Moves Clause: Evasion moves are banned
|rule|Sleep Moves Clause: Sleep-inducing moves are banned
|clearpoke
|poke|p1|Garchomp, M|
|poke|p1|Slowking-Galar, F|
|poke|p1|Gholdengo|
|poke|p1|Moltres|
|poke|p1|Iron Valiant|
|poke|p1|Kingambit, F|
|poke|p2|Landorus-Therian, M|
|poke|p2|Cinderace, F|
|poke|p2|Great Tusk|
|poke|p2|Heatran, M|
|poke|p2|Clodsire, M|
|poke|p2|Armarouge, F|
|teampreview
|inactive|Battle timer is ON: inactive players will automatically lose when time's up. (requested by mr.diversity)
|inactive|MiaTaylor612 also wants the timer to be on.
|j| floating all day
|j| lowladderubersnoob
|inactive|MiaTaylor612 has 120 seconds left.
|j| m0chaman_829
|
|t:|1743875188
|start
|switch|p1a: Garchomp|Garchomp, M|100/100
|switch|p2a: Cinderace|Cinderace, F|100/100
|turn|1
|j| alyras
|
|t:|1743875194
|move|p2a: Cinderace|High Jump Kick|p1a: Garchomp
|-start|p2a: Cinderace|typechange|Fighting|[from] ability: Libero
|-damage|p1a: Garchomp|44/100
|-damage|p2a: Cinderace|88/100|[from] ability: Rough Skin|[of] p1a: Garchomp
|-damage|p2a: Cinderace|72/100|[from] item: Rocky Helmet|[of] p1a: Garchomp
|move|p1a: Garchomp|Stealth Rock|p2a: Cinderace
|-sidestart|p2: mr.diversity|move: Stealth Rock
|
|upkeep
|turn|2
|
|t:|1743875202
|switch|p2a: Clodsire|Clodsire, M|100/100
|-damage|p2a: Clodsire|94/100|[from] Stealth Rock
|switch|p1a: Slowking|Slowking-Galar, F|100/100
|
|-heal|p2a: Clodsire|100/100|[from] item: Leftovers
|upkeep
|turn|3
|
|t:|1743875205
|move|p1a: Slowking|Psychic Noise|p2a: Clodsire
|-supereffective|p2a: Clodsire
|-damage|p2a: Clodsire|71/100
|-start|p2a: Clodsire|move: Heal Block
|move|p2a: Clodsire|Stealth Rock|p1a: Slowking
|-sidestart|p1: MiaTaylor612|move: Stealth Rock
|
|upkeep
|turn|4
|
|t:|1743875211
|-prepare|p1a: Slowking|Chilly Reception|[premajor]
|move|p1a: Slowking|Chilly Reception|p1a: Slowking
|-weather|Snowscape
|
|t:|1743875212
|switch|p1a: Garchomp|Garchomp, M|44/100|[from] Chilly Reception
|-damage|p1a: Garchomp|38/100|[from] Stealth Rock
|move|p2a: Clodsire|Earthquake|p1a: Garchomp
|-damage|p1a: Garchomp|20/100
|
|-weather|Snowscape|[upkeep]
|-end|p2a: Clodsire|move: Heal Block
|upkeep
|turn|5
|
|t:|1743875215
|move|p2a: Clodsire|Earthquake|p1a: Garchomp
|-damage|p1a: Garchomp|3/100
|move|p1a: Garchomp|Dragon Tail|p2a: Clodsire
|-damage|p2a: Clodsire|40/100
|drag|p2a: Great Tusk|Great Tusk|100/100
|-damage|p2a: Great Tusk|98/100|[from] Stealth Rock
|-enditem|p2a: Great Tusk|Booster Energy
|-activate|p2a: Great Tusk|ability: Protosynthesis|[fromitem]
|-start|p2a: Great Tusk|protosynthesisatk
|
|-weather|Snowscape|[upkeep]
|upkeep
|turn|6
|
|t:|1743875220
|switch|p1a: Gholdengo|Gholdengo|100/100
|move|p2a: Great Tusk|Ice Spinner|p1a: Gholdengo
|-resisted|p1a: Gholdengo
|-damage|p1a: Gholdengo|87/100
|
|-weather|Snowscape|[upkeep]
|upkeep
|turn|7
|
|t:|1743875224
|-end|p2a: Great Tusk|Protosynthesis|[silent]
|switch|p2a: Heatran|Heatran, M|100/100
|-damage|p2a: Heatran|88/100|[from] Stealth Rock
|switch|p1a: Garchomp|Garchomp, M|3/100
|-damage|p1a: Garchomp|0 fnt|[from] Stealth Rock
|faint|p1a: Garchomp
|
|-weather|Snowscape|[upkeep]
|upkeep
|
|t:|1743875226
|switch|p1a: Iron Valiant|Iron Valiant|100/100
|turn|8
|
|t:|1743875230
|move|p1a: Iron Valiant|Close Combat|p2a: Heatran
|-supereffective|p2a: Heatran
|-crit|p2a: Heatran
|-damage|p2a: Heatran|0 fnt
|-unboost|p1a: Iron Valiant|def|1
|-unboost|p1a: Iron Valiant|spd|1
|faint|p2a: Heatran
|
|-weather|none
|upkeep
|
|t:|1743875232
|switch|p2a: Landorus|Landorus-Therian, M|100/100
|-damage|p2a: Landorus|88/100|[from] Stealth Rock
|-ability|p2a: Landorus|Intimidate|boost
|-unboost|p1a: Iron Valiant|atk|1
|turn|9
|
|t:|1743875237
|-end|p1a: Iron Valiant|Quark Drive|[silent]
|switch|p1a: Slowking|Slowking-Galar, F|100/100
|move|p2a: Landorus|Stone Edge|p1a: Slowking|[miss]
|-miss|p2a: Landorus|p1a: Slowking
|
|upkeep
|turn|10
|
|t:|1743875259
|switch|p2a: Cinderace|Cinderace, F|72/100
|-damage|p2a: Cinderace|47/100|[from] Stealth Rock
|-terastallize|p1a: Slowking|Water
|-prepare|p1a: Slowking|Chilly Reception|[premajor]
|move|p1a: Slowking|Chilly Reception|p1a: Slowking
|-weather|Snowscape
|
|t:|1743875264
|switch|p1a: Moltres|Moltres|100/100|[from] Chilly Reception
|
|-weather|Snowscape|[upkeep]
|upkeep
|turn|11
|
|t:|1743875272
|switch|p2a: Clodsire|Clodsire, M|40/100
|-damage|p2a: Clodsire|34/100|[from] Stealth Rock
|move|p1a: Moltres|Roost||[still]
|-fail|p1a: Moltres|heal
|
|-weather|Snowscape|[upkeep]
|-heal|p2a: Clodsire|40/100|[from] item: Leftovers
|upkeep
|turn|12
|
|t:|1743875274
|move|p1a: Moltres|U-turn|p2a: Clodsire
|-resisted|p2a: Clodsire
|-damage|p2a: Clodsire|32/100
|j| Just-JayPe
|
|t:|1743875276
|switch|p1a: Iron Valiant|Iron Valiant|100/100|[from] U-turn
|move|p2a: Clodsire|Recover|p2a: Clodsire
|-heal|p2a: Clodsire|82/100
|
|-weather|Snowscape|[upkeep]
|-heal|p2a: Clodsire|89/100|[from] item: Leftovers
|upkeep
|turn|13
|l| lowladderubersnoob
|
|t:|1743875280
|move|p1a: Iron Valiant|Encore|p2a: Clodsire
|-start|p2a: Clodsire|Encore
|move|p2a: Clodsire|Recover|p2a: Clodsire
|-heal|p2a: Clodsire|100/100
|
|-weather|Snowscape|[upkeep]
|upkeep
|turn|14
|
|t:|1743875283
|switch|p2a: Armarouge|Armarouge, F|100/100
|-damage|p2a: Armarouge|76/100|[from] Stealth Rock
|move|p1a: Iron Valiant|Moonblast|p2a: Armarouge
|-resisted|p2a: Armarouge
|-damage|p2a: Armarouge|50/100
|-unboost|p2a: Armarouge|spa|1
|
|-weather|none
|upkeep
|turn|15
|
|t:|1743875290
|move|p2a: Armarouge|Endure|p2a: Armarouge
|-singleturn|p2a: Armarouge|move: Endure
|move|p1a: Iron Valiant|Moonblast|p2a: Armarouge
|-resisted|p2a: Armarouge
|-damage|p2a: Armarouge|23/100
|
|upkeep
|turn|16
|
|t:|1743875294
|move|p1a: Iron Valiant|Moonblast|p2a: Armarouge
|-resisted|p2a: Armarouge
|-damage|p2a: Armarouge|0 fnt
|faint|p2a: Armarouge
|
|upkeep
|
|t:|1743875297
|switch|p2a: Clodsire|Clodsire, M|100/100
|-damage|p2a: Clodsire|94/100|[from] Stealth Rock
|turn|17
|
|t:|1743875303
|-end|p1a: Iron Valiant|Quark Drive|[silent]
|switch|p1a: Kingambit|Kingambit, F|100/100
|-damage|p1a: Kingambit|94/100|[from] Stealth Rock
|-activate|p1a: Kingambit|ability: Supreme Overlord
|-start|p1a: Kingambit|fallen1|[silent]
|move|p2a: Clodsire|Toxic|p1a: Kingambit
|-immune|p1a: Kingambit
|
|-heal|p1a: Kingambit|100/100|[from] item: Leftovers
|-heal|p2a: Clodsire|100/100|[from] item: Leftovers
|upkeep
|turn|18
|l| Just-JayPe
|
|t:|1743875307
|switch|p2a: Great Tusk|Great Tusk|98/100
|-damage|p2a: Great Tusk|95/100|[from] Stealth Rock
|move|p1a: Kingambit|Iron Head|p2a: Great Tusk
|-damage|p2a: Great Tusk|55/100
|
|upkeep
|turn|19
|j| union boss
|
|t:|1743875316
|-end|p2a: Great Tusk|Protosynthesis|[silent]
|switch|p2a: Landorus|Landorus-Therian, M|88/100
|-damage|p2a: Landorus|76/100|[from] Stealth Rock
|-ability|p2a: Landorus|Intimidate|boost
|-unboost|p1a: Kingambit|atk|1
|-end|p1a: Kingambit|fallen1|[silent]
|switch|p1a: Moltres|Moltres|100/100
|
|upkeep
|turn|20
|
|t:|1743875322
|switch|p1a: Gholdengo|Gholdengo|87/100
|move|p2a: Landorus|Earthquake|p1a: Gholdengo
|-supereffective|p1a: Gholdengo
|-damage|p1a: Gholdengo|0 fnt
|faint|p1a: Gholdengo
|
|upkeep
|
|t:|1743875326
|switch|p1a: Slowking|Slowking-Galar, F, tera:Water|100/100
|turn|21
|
|t:|1743875331
|move|p2a: Landorus|Earthquake|p1a: Slowking
|-damage|p1a: Slowking|10/100
|move|p1a: Slowking|Psychic Noise|p2a: Landorus
|-damage|p2a: Landorus|45/100
|-start|p2a: Landorus|move: Heal Block
|
|upkeep
|turn|22
|
|t:|1743875337
|switch|p2a: Clodsire|Clodsire, M|100/100
|-damage|p2a: Clodsire|94/100|[from] Stealth Rock
|move|p1a: Slowking|Ice Beam|p2a: Clodsire
|-supereffective|p2a: Clodsire
|-damage|p2a: Clodsire|70/100
|-status|p2a: Clodsire|frz
|
|-heal|p2a: Clodsire|76/100 frz|[from] item: Leftovers
|upkeep
|turn|23
|
|t:|1743875347
|switch|p1a: Kingambit|Kingambit, F|100/100
|-damage|p1a: Kingambit|94/100|[from] Stealth Rock
|-activate|p1a: Kingambit|ability: Supreme Overlord
|-start|p1a: Kingambit|fallen2|[silent]
|cant|p2a: Clodsire|frz
|
|-heal|p1a: Kingambit|100/100|[from] item: Leftovers
|-heal|p2a: Clodsire|83/100 frz|[from] item: Leftovers
|upkeep
|turn|24
|
|t:|1743875350
|move|p1a: Kingambit|Iron Head|p2a: Clodsire
|-damage|p2a: Clodsire|22/100 frz
|cant|p2a: Clodsire|frz
|
|-heal|p2a: Clodsire|28/100 frz|[from] item: Leftovers
|upkeep
|turn|25
|
|t:|1743875353
|switch|p2a: Great Tusk|Great Tusk|55/100
|-damage|p2a: Great Tusk|52/100|[from] Stealth Rock
|move|p1a: Kingambit|Iron Head|p2a: Great Tusk
|-damage|p2a: Great Tusk|13/100
|
|upkeep
|turn|26
|
|t:|1743875356
|move|p1a: Kingambit|Sucker Punch|p2a: Great Tusk
|-resisted|p2a: Great Tusk
|-damage|p2a: Great Tusk|0 fnt
|faint|p2a: Great Tusk
|-end|p2a: Great Tusk|Protosynthesis|[silent]
|
|upkeep
|-message|mr.diversity forfeited.
|
|win|MiaTaylor612
|raw|MiaTaylor612's rating: 1913 &rarr; <strong>1931</strong><br />(+18 for winning)
|raw|mr.diversity's rating: 1872 &rarr; <strong>1854</strong><br />(-18 for losing)
|l|☆mr.diversity
|player|p2|
|l|☆MiaTaylor612
|player|p1|
|l| m0chaman_829
