|j|☆VivaLaDavis
|j|☆xD4xrKx
|t:|1743832045
|gametype|singles
|player|p1|VivaLaDavis|170|1052
|player|p2|xD4xrKx|silver|1070
|teamsize|p1|6
|teamsize|p2|6
|gen|9
|tier|[Gen 9] OU
|rated|
|rule|HP Percentage Mod: HP is shown in percentages
|rule|Endless Battle Clause: Forcing endless battles is banned
|rule|Species Clause: Limit one of each Pokémon
|rule|OHKO Clause: OHKO moves are banned
|rule|Evasion Items Clause: Evasion items are banned
|rule|Evasion Moves Clause: Evasion moves are banned
|rule|Sleep Moves Clause: Sleep-inducing moves are banned
|clearpoke
|poke|p1|Morpeko, M|
|poke|p1|Golem-Alola, M|
|poke|p1|Toxtricity, F|
|poke|p1|Rotom-Wash|
|poke|p1|Luxray, M|
|poke|p1|Bellibolt, F|
|poke|p2|Dragapult, M|
|poke|p2|Corviknight, F|
|poke|p2|Weavile, F|
|poke|p2|Blaziken, M|
|poke|p2|Primarina, F|
|poke|p2|Hatterene, F|
|teampreview
|inactive|Battle timer is ON: inactive players will automatically lose when time's up. (requested by xD4xrKx)
|
|t:|1743832057
|start
|switch|p1a: Rotom|Rotom-Wash|100/100
|switch|p2a: Primarina|Primarina, F, shiny|100/100
|turn|1
|
|t:|1743832064
|move|p1a: Rotom|Volt Switch|p2a: Primarina
|-supereffective|p2a: Primarina
|-damage|p2a: Primarina|53/100
|
|t:|1743832067
|switch|p1a: Luxray|Luxray, M|100/100|[from] Volt Switch
|-ability|p1a: Luxray|Intimidate|boost
|-unboost|p2a: Primarina|atk|1
|move|p2a: Primarina|Light Screen|p2a: Primarina
|-sidestart|p2: xD4xrKx|move: Light Screen
|
|upkeep
|turn|2
|
|t:|1743832075
|move|p1a: Luxray|Supercell Slam|p2a: Primarina
|-supereffective|p2a: Primarina
|-damage|p2a: Primarina|0 fnt
|faint|p2a: Primarina
|
|upkeep
|
|t:|1743832085
|switch|p2a: Blaziken|Blaziken, M, shiny|100/100
|turn|3
|
|t:|1743832090
|move|p2a: Blaziken|Protect|p2a: Blaziken
|-singleturn|p2a: Blaziken|Protect
|move|p1a: Luxray|Roar|p2a: Blaziken
|drag|p2a: Hatterene|Hatterene, F, shiny|100/100
|
|upkeep
|turn|4
|
|t:|1743832099
|move|p2a: Hatterene|Psychic|p1a: Luxray
|-damage|p1a: Luxray|23/100
|-enditem|p1a: Luxray|Eject Button
|
|t:|1743832108
|switch|p1a: Morpeko|Morpeko, M|100/100
|
|-formechange|p1a: Morpeko|Morpeko-Hangry||[from] ability: Hunger Switch
|upkeep
|turn|5
|
|t:|1743832125
|move|p1a: Morpeko|Parting Shot|p2a: Hatterene
|move|p2a: Hatterene|Parting Shot|p1a: Morpeko|[from] ability: Magic Bounce
|-unboost|p1a: Morpeko|atk|1
|-unboost|p1a: Morpeko|spa|1
|
|t:|1743832141
|switch|p2a: Weavile|Weavile, F, shiny|100/100|[from] Parting Shot
|-ability|p2a: Weavile|Pressure
|
|-formechange|p1a: Morpeko|Morpeko||[from] ability: Hunger Switch
|upkeep
|turn|6
|
|t:|1743832149
|move|p2a: Weavile|Fake Out|p1a: Morpeko
|-damage|p1a: Morpeko|68/100
|-damage|p2a: Weavile|91/100|[from] item: Life Orb
|cant|p1a: Morpeko|flinch
|
|-formechange|p1a: Morpeko|Morpeko-Hangry||[from] ability: Hunger Switch
|upkeep
|turn|7
|
|t:|1743832159
|move|p2a: Weavile|Ice Shard|p1a: Morpeko
|-damage|p1a: Morpeko|18/100
|-damage|p2a: Weavile|81/100|[from] item: Life Orb
|move|p1a: Morpeko|Parting Shot|p2a: Weavile
|-unboost|p2a: Weavile|atk|1
|-unboost|p2a: Weavile|spa|1
|
|t:|1743832168
|switch|p1a: Luxray|Luxray, M|23/100|[from] Parting Shot
|-ability|p1a: Luxray|Intimidate|boost
|-unboost|p2a: Weavile|atk|1
|
|upkeep
|turn|8
|
|t:|1743832182
|switch|p2a: Dragapult|Dragapult, M, shiny|100/100
|move|p1a: Luxray|Baby-Doll Eyes|p2a: Dragapult
|-unboost|p2a: Dragapult|atk|1
|
|-sideend|p2: xD4xrKx|move: Light Screen
|upkeep
|turn|9
|
|t:|1743832190
|move|p1a: Luxray|Baby-Doll Eyes|p2a: Dragapult
|-unboost|p2a: Dragapult|atk|1
|move|p2a: Dragapult|Dragon Darts|p1a: Luxray
|-damage|p1a: Luxray|11/100
|-anim|p2a: Dragapult|Dragon Darts|p1a: Luxray
|-damage|p1a: Luxray|0 fnt
|faint|p1a: Luxray
|
|upkeep
|
|t:|1743832196
|switch|p1a: Toxtricity|Toxtricity, F|100/100
|turn|10
|
|t:|1743832205
|switch|p2a: Hatterene|Hatterene, F, shiny|100/100
|move|p1a: Toxtricity|Shift Gear|p1a: Toxtricity
|-boost|p1a: Toxtricity|spe|2
|-boost|p1a: Toxtricity|atk|1
|
|upkeep
|turn|11
|
|t:|1743832217
|-terastallize|p1a: Toxtricity|Normal
|move|p1a: Toxtricity|Boomburst|p2a: Hatterene
|-damage|p2a: Hatterene|0 fnt
|faint|p2a: Hatterene
|-enditem|p1a: Toxtricity|Throat Spray
|-boost|p1a: Toxtricity|spa|1|[from] item: Throat Spray
|
|upkeep
|
|t:|1743832225
|switch|p2a: Corviknight|Corviknight, F, shiny|100/100
|turn|12
|
|t:|1743832239
|-terastallize|p2a: Corviknight|Fighting
|move|p1a: Toxtricity|Overdrive|p2a: Corviknight
|-damage|p2a: Corviknight|17/100
|move|p2a: Corviknight|Body Press|p1a: Toxtricity
|-supereffective|p1a: Toxtricity
|-damage|p1a: Toxtricity|0 fnt
|faint|p1a: Toxtricity
|
|upkeep
|
|t:|1743832249
|switch|p1a: Rotom|Rotom-Wash|100/100
|turn|13
|
|t:|1743832255
|move|p1a: Rotom|Volt Switch|p2a: Corviknight
|-damage|p2a: Corviknight|0 fnt
|faint|p2a: Corviknight
|
|t:|1743832263
|switch|p1a: Golem|Golem-Alola, M|100/100|[from] Volt Switch
|
|upkeep
|
|t:|1743832269
|switch|p2a: Blaziken|Blaziken, M, shiny|100/100
|turn|14
|
|t:|1743832273
|move|p2a: Blaziken|Protect|p2a: Blaziken
|-singleturn|p2a: Blaziken|Protect
|move|p1a: Golem|Earthquake|p2a: Blaziken
|-activate|p2a: Blaziken|move: Protect
|
|-ability|p2a: Blaziken|Speed Boost|boost
|-boost|p2a: Blaziken|spe|1
|upkeep
|turn|15
|
|t:|1743832280
|move|p2a: Blaziken|Swords Dance|p2a: Blaziken
|-boost|p2a: Blaziken|atk|2
|move|p1a: Golem|Earthquake|p2a: Blaziken
|-supereffective|p2a: Blaziken
|-enditem|p2a: Blaziken|Focus Sash
|-damage|p2a: Blaziken|1/100
|
|-ability|p2a: Blaziken|Speed Boost|boost
|-boost|p2a: Blaziken|spe|1
|upkeep
|turn|16
|
|t:|1743832296
|move|p2a: Blaziken|Earthquake|p1a: Golem
|-supereffective|p1a: Golem
|-ability|p1a: Golem|Sturdy
|-damage|p1a: Golem|1/100
|move|p1a: Golem|Earthquake|p2a: Blaziken
|-supereffective|p2a: Blaziken
|-damage|p2a: Blaziken|0 fnt
|faint|p2a: Blaziken
|
|upkeep
|
|t:|1743832304
|switch|p2a: Dragapult|Dragapult, M, shiny|100/100
|turn|17
|-enditem|p1a: Golem|Custap Berry|[eat]
|-activate|p1a: Golem|item: Custap Berry|[consumed]
|
|t:|1743832311
|move|p1a: Golem|Supercell Slam|p2a: Dragapult
|-resisted|p2a: Dragapult
|-damage|p2a: Dragapult|65/100
|move|p2a: Dragapult|Dragon Darts|p1a: Golem
|-damage|p1a: Golem|0 fnt
|faint|p1a: Golem
|
|upkeep
|
|t:|1743832322
|switch|p1a: Bellibolt|Bellibolt, F|100/100
|turn|18
|
|t:|1743832327
|move|p2a: Dragapult|Dragon Dance|p2a: Dragapult
|-boost|p2a: Dragapult|atk|1
|-boost|p2a: Dragapult|spe|1
|move|p1a: Bellibolt|Soak|p2a: Dragapult
|-start|p2a: Dragapult|typechange|Water
|
|upkeep
|turn|19
|
|t:|1743832336
|move|p2a: Dragapult|Phantom Force||[still]
|-prepare|p2a: Dragapult|Phantom Force
|move|p1a: Bellibolt|Parabolic Charge|p2a: Dragapult|[miss]
|-miss|p1a: Bellibolt|p2a: Dragapult
|
|upkeep
|turn|20
|
|t:|1743832341
|switch|p1a: Morpeko|Morpeko, M|18/100
|move|p2a: Dragapult|Phantom Force|p1a: Morpeko|[from] lockedmove
|-resisted|p1a: Morpeko
|-damage|p1a: Morpeko|0 fnt
|faint|p1a: Morpeko
|
|upkeep
|
|t:|1743832367
|switch|p1a: Bellibolt|Bellibolt, F|100/100
|turn|21
|
|t:|1743832373
|move|p2a: Dragapult|Phantom Force||[still]
|-prepare|p2a: Dragapult|Phantom Force
|move|p1a: Bellibolt|Parabolic Charge|p2a: Dragapult|[miss]
|-miss|p1a: Bellibolt|p2a: Dragapult
|
|upkeep
|turn|22
|
|t:|1743832378
|move|p2a: Dragapult|Phantom Force|p1a: Bellibolt|[from] lockedmove
|-damage|p1a: Bellibolt|65/100
|-start|p1a: Bellibolt|Charge|Phantom Force|[from] ability: Electromorphosis
|move|p1a: Bellibolt|Slack Off|p1a: Bellibolt
|-heal|p1a: Bellibolt|100/100
|
|upkeep
|turn|23
|
|t:|1743832393
|move|p2a: Dragapult|Dragon Dance|p2a: Dragapult
|-boost|p2a: Dragapult|atk|1
|-boost|p2a: Dragapult|spe|1
|move|p1a: Bellibolt|Parabolic Charge|p2a: Dragapult
|-supereffective|p2a: Dragapult
|-damage|p2a: Dragapult|0 fnt
|faint|p2a: Dragapult
|-end|p1a: Bellibolt|Charge|[silent]
|
|upkeep
|
|t:|1743832395
|switch|p2a: Weavile|Weavile, F, shiny|81/100
|-ability|p2a: Weavile|Pressure
|turn|24
|
|t:|1743832404
|move|p2a: Weavile|Fake Out|p1a: Bellibolt
|-damage|p1a: Bellibolt|87/100
|-start|p1a: Bellibolt|Charge|Fake Out|[from] ability: Electromorphosis
|-damage|p2a: Weavile|71/100|[from] item: Life Orb
|cant|p1a: Bellibolt|flinch
|
|-heal|p1a: Bellibolt|93/100|[from] item: Leftovers
|upkeep
|turn|25
|
|t:|1743832415
|move|p2a: Weavile|Swords Dance|p2a: Weavile
|-boost|p2a: Weavile|atk|2
|move|p1a: Bellibolt|Soak|p2a: Weavile
|-start|p2a: Weavile|typechange|Water
|
|-heal|p1a: Bellibolt|99/100|[from] item: Leftovers
|upkeep
|turn|26
|
|t:|1743832422
|move|p2a: Weavile|Knock Off|p1a: Bellibolt
|-damage|p1a: Bellibolt|25/100
|-start|p1a: Bellibolt|Charge|Knock Off|[from] ability: Electromorphosis
|-enditem|p1a: Bellibolt|Leftovers|[from] move: Knock Off|[of] p2a: Weavile
|-damage|p2a: Weavile|61/100|[from] item: Life Orb
|move|p1a: Bellibolt|Parabolic Charge|p2a: Weavile
|-supereffective|p2a: Weavile
|-damage|p2a: Weavile|0 fnt
|-heal|p1a: Bellibolt|46/100|[from] drain|[of] p2a: Weavile
|faint|p2a: Weavile
|-end|p1a: Bellibolt|Charge|[silent]
|
|win|VivaLaDavis
|raw|VivaLaDavis's rating: 1052 &rarr; <strong>1086</strong><br />(+34 for winning)
|raw|xD4xrKx's rating: 1070 &rarr; <strong>1048</strong><br />(-22 for losing)
|l|☆xD4xrKx
|player|p2|
|l|☆VivaLaDavis
|player|p1|
