|j|☆Franki Monstruo
|j|☆jcgolden
|t:|1743805165
|gametype|singles
|player|p1|Franki Monstruo|giovanni|1239
|player|p2|jcgolden|1|1231
|teamsize|p1|6
|teamsize|p2|6
|gen|9
|tier|[Gen 9] OU
|rated|
|rule|HP Percentage Mod: HP is shown in percentages
|rule|Endless Battle Clause: Forcing endless battles is banned
|rule|Species Clause: Limit one of each Pokémon
|rule|OHKO Clause: OHKO moves are banned
|rule|Evasion Items Clause: Evasion items are banned
|rule|Evasion Moves Clause: Evasion moves are banned
|rule|Sleep Moves Clause: Sleep-inducing moves are banned
|clearpoke
|poke|p1|Conkeldurr, M|
|poke|p1|Incineroar, M|
|poke|p1|Gastrodon, F|
|poke|p1|Excadrill, M|
|poke|p1|Mandibuzz, F|
|poke|p1|Venusaur, F|
|poke|p2|Corviknight, F|
|poke|p2|Darkrai|
|poke|p2|Quaquaval, F|
|poke|p2|Iron Treads|
|poke|p2|Dragapult, F|
|poke|p2|Froslass, F|
|teampreview
|inactive|Battle timer is ON: inactive players will automatically lose when time's up. (requested by jcgolden)
|
|t:|1743805169
|start
|switch|p1a: El Maistro|Conkeldurr, M, shiny|100/100
|switch|p2a: Oh no u didnt?!|Froslass, F|100/100
|turn|1
|
|t:|1743805176
|move|p2a: Oh no u didnt?!|Trailblaze|p1a: El Maistro
|-damage|p1a: El Maistro|93/100
|-boost|p2a: Oh no u didnt?!|spe|1
|move|p1a: El Maistro|Knock Off|p2a: Oh no u didnt?!
|-supereffective|p2a: Oh no u didnt?!
|-enditem|p2a: Oh no u didnt?!|Focus Sash
|-damage|p2a: Oh no u didnt?!|1/100
|
|upkeep
|turn|2
|
|t:|1743805185
|move|p2a: Oh no u didnt?!|Destiny Bond|p2a: Oh no u didnt?!
|-singlemove|p2a: Oh no u didnt?!|Destiny Bond
|move|p1a: El Maistro|Knock Off|p2a: Oh no u didnt?!
|-supereffective|p2a: Oh no u didnt?!
|-damage|p2a: Oh no u didnt?!|0 fnt
|-start|p1a: El Maistro|Disable|Knock Off|[from] ability: Cursed Body|[of] p2a: Oh no u didnt?!
|faint|p2a: Oh no u didnt?!
|-activate|p2a: Oh no u didnt?!|move: Destiny Bond
|faint|p1a: El Maistro
|
|upkeep
|
|t:|1743805196
|switch|p2a: Iron Treads|Iron Treads|100/100
|switch|p1a: Topollillo|Excadrill, M, shiny|100/100
|-ability|p1a: Topollillo|Mold Breaker
|turn|3
|
|t:|1743805206
|-terastallize|p1a: Topollillo|Ghost
|move|p2a: Iron Treads|Earthquake|p1a: Topollillo
|-damage|p1a: Topollillo|39/100
|move|p1a: Topollillo|Stealth Rock|p2a: Iron Treads
|-sidestart|p2: jcgolden|move: Stealth Rock
|
|upkeep
|turn|4
|
|t:|1743805215
|move|p2a: Iron Treads|Earthquake|p1a: Topollillo
|-damage|p1a: Topollillo|0 fnt
|faint|p1a: Topollillo
|
|upkeep
|
|t:|1743805220
|switch|p1a: Doña Pelos|Mandibuzz, F, shiny|100/100
|turn|5
|c|☆jcgolden|not smart
|
|t:|1743805229
|move|p2a: Iron Treads|Rapid Spin|p1a: Doña Pelos
|-damage|p1a: Doña Pelos|89/100
|-boost|p2a: Iron Treads|spe|1
|-ability|p1a: Doña Pelos|Weak Armor|boost
|-unboost|p1a: Doña Pelos|def|1
|-boost|p1a: Doña Pelos|spe|2
|-sideend|p2: jcgolden|Stealth Rock|[from] move: Rapid Spin|[of] p2a: Iron Treads
|move|p1a: Doña Pelos|Knock Off|p2a: Iron Treads
|-damage|p2a: Iron Treads|80/100
|-enditem|p2a: Iron Treads|Red Card|[from] move: Knock Off|[of] p1a: Doña Pelos
|
|-heal|p1a: Doña Pelos|95/100|[from] item: Leftovers
|upkeep
|turn|6
|
|t:|1743805242
|move|p2a: Iron Treads|Stealth Rock|p1a: Doña Pelos
|-sidestart|p1: Franki Monstruo|move: Stealth Rock
|move|p1a: Doña Pelos|Foul Play|p2a: Iron Treads
|-damage|p2a: Iron Treads|41/100
|
|-heal|p1a: Doña Pelos|100/100|[from] item: Leftovers
|upkeep
|turn|7
|
|t:|1743805250
|move|p2a: Iron Treads|Supercell Slam|p1a: Doña Pelos
|-supereffective|p1a: Doña Pelos
|-crit|p1a: Doña Pelos
|-damage|p1a: Doña Pelos|0 fnt
|faint|p1a: Doña Pelos
|
|upkeep
|
|t:|1743805256
|switch|p1a: Babosa|Gastrodon, F|100/100
|-damage|p1a: Babosa|94/100|[from] Stealth Rock
|turn|8
|
|t:|1743805262
|move|p2a: Iron Treads|Earthquake|p1a: Babosa
|-damage|p1a: Babosa|39/100
|move|p1a: Babosa|Earth Power|p2a: Iron Treads
|-supereffective|p2a: Iron Treads
|-damage|p2a: Iron Treads|0 fnt
|faint|p2a: Iron Treads
|-end|p2a: Iron Treads|Quark Drive|[silent]
|
|upkeep
|
|t:|1743805276
|switch|p2a: Quaquaval|Quaquaval, F|100/100
|turn|9
|
|t:|1743805287
|move|p2a: Quaquaval|Swords Dance|p2a: Quaquaval
|-boost|p2a: Quaquaval|atk|2
|move|p1a: Babosa|Recover|p1a: Babosa
|-heal|p1a: Babosa|89/100
|
|upkeep
|turn|10
|
|t:|1743805294
|move|p2a: Quaquaval|Ice Spinner|p1a: Babosa
|-damage|p1a: Babosa|13/100
|-damage|p2a: Quaquaval|91/100|[from] item: Life Orb
|move|p1a: Babosa|Earth Power|p2a: Quaquaval
|-damage|p2a: Quaquaval|33/100
|-unboost|p2a: Quaquaval|spd|1
|
|upkeep
|turn|11
|
|t:|1743805305
|move|p2a: Quaquaval|Aqua Step|p1a: Babosa
|-ability|p1a: Babosa|Storm Drain|boost
|-boost|p1a: Babosa|spa|1
|move|p1a: Babosa|Earth Power|p2a: Quaquaval
|-damage|p2a: Quaquaval|0 fnt
|faint|p2a: Quaquaval
|
|upkeep
|
|t:|1743805312
|switch|p2a: Darkrai|Darkrai|100/100
|turn|12
|
|t:|1743805316
|move|p2a: Darkrai|Dark Pulse|p1a: Babosa
|-damage|p1a: Babosa|0 fnt
|faint|p1a: Babosa
|
|upkeep
|
|t:|1743805321
|switch|p1a: El Zapato|Venusaur, F|100/100
|-damage|p1a: El Zapato|88/100|[from] Stealth Rock
|turn|13
|
|t:|1743805331
|move|p2a: Darkrai|Calm Mind|p2a: Darkrai
|-boost|p2a: Darkrai|spa|1
|-boost|p2a: Darkrai|spd|1
|move|p1a: El Zapato|Leech Seed|p2a: Darkrai
|-start|p2a: Darkrai|move: Leech Seed
|
|-heal|p1a: El Zapato|94/100|[from] item: Black Sludge
|-damage|p2a: Darkrai|88/100|[from] Leech Seed|[of] p1a: El Zapato
|-heal|p1a: El Zapato|100/100|[silent]
|upkeep
|turn|14
|
|t:|1743805340
|move|p2a: Darkrai|Ice Beam|p1a: El Zapato
|-supereffective|p1a: El Zapato
|-damage|p1a: El Zapato|16/100
|move|p1a: El Zapato|Toxic|p2a: Darkrai
|-status|p2a: Darkrai|tox
|
|-heal|p1a: El Zapato|22/100|[from] item: Black Sludge
|-damage|p2a: Darkrai|76/100 tox|[from] Leech Seed|[of] p1a: El Zapato
|-heal|p1a: El Zapato|32/100|[silent]
|-damage|p2a: Darkrai|70/100 tox|[from] psn
|upkeep
|turn|15
|
|t:|1743805351
|switch|p1a: Tigre Toño|Incineroar, M|100/100
|-damage|p1a: Tigre Toño|76/100|[from] Stealth Rock
|-ability|p1a: Tigre Toño|Intimidate|boost
|-unboost|p2a: Darkrai|atk|1
|move|p2a: Darkrai|Ice Beam|p1a: Tigre Toño
|-resisted|p1a: Tigre Toño
|-damage|p1a: Tigre Toño|51/100
|-status|p1a: Tigre Toño|frz
|
|-damage|p2a: Darkrai|57/100 tox|[from] Leech Seed|[of] p1a: Tigre Toño
|-heal|p1a: Tigre Toño|60/100 frz|[silent]
|-damage|p2a: Darkrai|45/100 tox|[from] psn
|upkeep
|turn|16
|
|t:|1743805367
|move|p2a: Darkrai|Dark Pulse|p1a: Tigre Toño
|-resisted|p1a: Tigre Toño
|-damage|p1a: Tigre Toño|21/100 frz
|-curestatus|p1a: Tigre Toño|frz|[from] move: Flare Blitz
|move|p1a: Tigre Toño|Flare Blitz|p2a: Darkrai
|-damage|p2a: Darkrai|0 fnt
|faint|p2a: Darkrai
|-damage|p1a: Tigre Toño|10/100|[from] Recoil
|
|upkeep
|
|t:|1743805375
|switch|p2a: Dragapult|Dragapult, F|100/100
|turn|17
|
|t:|1743805381
|move|p2a: Dragapult|Dragon Pulse|p1a: Tigre Toño
|-damage|p1a: Tigre Toño|0 fnt
|faint|p1a: Tigre Toño
|-damage|p2a: Dragapult|91/100|[from] item: Life Orb
|
|upkeep
|
|t:|1743805387
|switch|p1a: El Zapato|Venusaur, F|32/100
|-damage|p1a: El Zapato|20/100|[from] Stealth Rock
|turn|18
|c|☆jcgolden|gg
|
|t:|1743805391
|move|p2a: Dragapult|Flamethrower|p1a: El Zapato
|-supereffective|p1a: El Zapato
|-damage|p1a: El Zapato|0 fnt
|faint|p1a: El Zapato
|-damage|p2a: Dragapult|81/100|[from] item: Life Orb
|
|win|jcgolden
|raw|Franki Monstruo's rating: 1239 &rarr; <strong>1213</strong><br />(-26 for losing)
|raw|jcgolden's rating: 1231 &rarr; <strong>1257</strong><br />(+26 for winning)
|c|☆Franki Monstruo|gg
|l|☆jcgolden
|player|p2|
|l|☆Franki Monstruo
|player|p1|
