|j|☆Gravy'n Toast
|j|☆Lukeisgod
|t:|1743913673
|gametype|singles
|player|p1|Gravy'n Toast|giovanni|1306
|player|p2|Lukeisgod|266|1369
|teamsize|p1|6
|teamsize|p2|6
|gen|9
|tier|[Gen 9] OU
|rated|
|rule|HP Percentage Mod: HP is shown in percentages
|rule|Endless Battle Clause: Forcing endless battles is banned
|rule|Species Clause: Limit one of each Pokémon
|rule|OHKO Clause: OHKO moves are banned
|rule|Evasion Items Clause: Evasion items are banned
|rule|Evasion Moves Clause: Evasion moves are banned
|rule|Sleep Moves Clause: Sleep-inducing moves are banned
|clearpoke
|poke|p1|Great Tusk|
|poke|p1|Dragapult, F|
|poke|p1|Dragonite, F|
|poke|p1|Kleavor, M|
|poke|p1|Ribombee, F|
|poke|p1|Gholdengo|
|poke|p2|Pecharunt|
|poke|p2|Blissey, F|
|poke|p2|Gliscor, M|
|poke|p2|Zamazenta-*|
|poke|p2|Hoopa-Unbound|
|poke|p2|Corviknight, F|
|teampreview
|
|t:|1743913698
|start
|switch|p1a: Ribombee|Ribombee, F|100/100
|switch|p2a: Pecharunt|Pecharunt|100/100
|turn|1
|
|t:|1743913718
|move|p1a: Ribombee|Stun Spore|p2a: Pecharunt
|-status|p2a: Pecharunt|par
|cant|p2a: Pecharunt|par
|
|upkeep
|turn|2
|
|t:|1743913725
|move|p1a: Ribombee|Sticky Web|p2a: Pecharunt
|-sidestart|p2: Lukeisgod|move: Sticky Web
|cant|p2a: Pecharunt|par
|
|upkeep
|turn|3
|
|t:|1743913734
|switch|p1a: Gholdengo|Gholdengo|100/100
|-item|p1a: Gholdengo|Air Balloon
|move|p2a: Pecharunt|Malignant Chain|p1a: Gholdengo
|-immune|p1a: Gholdengo
|
|upkeep
|turn|4
|
|t:|1743913775
|move|p1a: Gholdengo|Nasty Plot|p1a: Gholdengo
|-boost|p1a: Gholdengo|spa|2
|move|p2a: Pecharunt|Hex|p1a: Gholdengo
|-supereffective|p1a: Gholdengo
|-damage|p1a: Gholdengo|59/100
|-enditem|p1a: Gholdengo|Air Balloon
|
|upkeep
|turn|5
|
|t:|1743913813
|switch|p2a: Blissey|Blissey, F|100/100
|-activate|p2a: Blissey|move: Sticky Web
|-unboost|p2a: Blissey|spe|1
|move|p1a: Gholdengo|Recover|p1a: Gholdengo
|-heal|p1a: Gholdengo|100/100
|
|upkeep
|turn|6
|
|t:|1743913820
|move|p1a: Gholdengo|Dazzling Gleam|p2a: Blissey
|-damage|p2a: Blissey|82/100
|move|p2a: Blissey|Thunder Wave|p1a: Gholdengo
|-immune|p1a: Gholdengo|[from] ability: Good as Gold
|
|-heal|p2a: Blissey|88/100|[from] item: Leftovers
|upkeep
|turn|7
|
|t:|1743913834
|switch|p2a: Hoopa|Hoopa-Unbound|100/100
|-activate|p2a: Hoopa|move: Sticky Web
|-unboost|p2a: Hoopa|spe|1
|move|p1a: Gholdengo|Nasty Plot|p1a: Gholdengo
|-boost|p1a: Gholdengo|spa|2
|
|upkeep
|turn|8
|
|t:|1743913843
|-terastallize|p1a: Gholdengo|Fairy
|move|p2a: Hoopa|Knock Off|p1a: Gholdengo
|-resisted|p1a: Gholdengo
|-damage|p1a: Gholdengo|85/100
|move|p1a: Gholdengo|Dazzling Gleam|p2a: Hoopa
|-supereffective|p2a: Hoopa
|-damage|p2a: Hoopa|0 fnt
|faint|p2a: Hoopa
|
|upkeep
|
|t:|1743913864
|switch|p2a: Pecharunt|Pecharunt|100/100 par
|-activate|p2a: Pecharunt|move: Sticky Web
|-unboost|p2a: Pecharunt|spe|1
|turn|9
|
|t:|1743913869
|move|p1a: Gholdengo|Shadow Ball|p2a: Pecharunt
|-supereffective|p2a: Pecharunt
|-damage|p2a: Pecharunt|0 fnt
|faint|p2a: Pecharunt
|
|upkeep
|-message|Lukeisgod forfeited.
|
|win|Gravy'n Toast
|raw|Gravy&apos;n Toast's rating: 1306 &rarr; <strong>1330</strong><br />(+24 for winning)
|raw|Lukeisgod's rating: 1369 &rarr; <strong>1345</strong><br />(-24 for losing)
|l|☆Lukeisgod
|player|p2|
|l|☆Gravy'n Toast
|player|p1|
