|j|☆sushi_hater2007
|j|☆yzl123
|t:|1743829012
|gametype|singles
|player|p1|sushi_hater2007|ethan|1605
|player|p2|yzl123|alder|1559
|teamsize|p1|6
|teamsize|p2|6
|gen|9
|tier|[Gen 9] OU
|rated|
|rule|HP Percentage Mod: HP is shown in percentages
|rule|Endless Battle Clause: Forcing endless battles is banned
|rule|Species Clause: Limit one of each Pokémon
|rule|OHKO Clause: OHKO moves are banned
|rule|Evasion Items Clause: Evasion items are banned
|rule|Evasion Moves Clause: Evasion moves are banned
|rule|Sleep Moves Clause: Sleep-inducing moves are banned
|clearpoke
|poke|p1|Dragapult, M|
|poke|p1|Samurott-Hisui, M|
|poke|p1|Gholdengo|
|poke|p1|Gliscor, M|
|poke|p1|Tinkaton, F|
|poke|p1|Great Tusk|
|poke|p2|Sinistcha|
|poke|p2|Tornadus-Therian, M|
|poke|p2|Heatran, F|
|poke|p2|Volcanion|
|poke|p2|Iron Treads|
|poke|p2|Garganacl, F|
|teampreview
|inactive|Battle timer is ON: inactive players will automatically lose when time's up. (requested by sushi_hater2007)
|
|t:|1743829017
|start
|switch|p1a: Samurott|Samurott-Hisui, M|100/100
|switch|p2a: 对攻的好手|Volcanion|100/100
|turn|1
|
|t:|1743829020
|move|p1a: Samurott|Ceaseless Edge|p2a: 对攻的好手
|-damage|p2a: 对攻的好手|72/100
|-sidestart|p2: yzl123|Spikes
|move|p2a: 对攻的好手|Body Press|p1a: Samurott
|-supereffective|p1a: Samurott
|-damage|p1a: Samurott|29/100
|
|upkeep
|turn|2
|
|t:|1743829026
|move|p1a: Samurott|Ceaseless Edge|p2a: 对攻的好手
|-damage|p2a: 对攻的好手|47/100
|-sidestart|p2: yzl123|Spikes
|move|p2a: 对攻的好手|Sludge Bomb|p1a: Samurott
|-damage|p1a: Samurott|0 fnt
|faint|p1a: Samurott
|
|upkeep
|
|t:|1743829042
|switch|p1a: Dragapult|Dragapult, M|100/100
|turn|3
|
|t:|1743829046
|switch|p2a: Iron Treads|Iron Treads|100/100
|move|p1a: Dragapult|Dragon Darts|p2a: Iron Treads
|-resisted|p2a: Iron Treads
|-damage|p2a: Iron Treads|82/100
|-anim|p1a: Dragapult|Dragon Darts|p2a: Iron Treads
|-resisted|p2a: Iron Treads
|-damage|p2a: Iron Treads|66/100
|
|upkeep
|turn|4
|
|t:|1743829059
|move|p1a: Dragapult|Dragon Darts|p2a: Iron Treads
|-resisted|p2a: Iron Treads
|-damage|p2a: Iron Treads|49/100
|-anim|p1a: Dragapult|Dragon Darts|p2a: Iron Treads
|-resisted|p2a: Iron Treads
|-damage|p2a: Iron Treads|31/100
|move|p2a: Iron Treads|Stealth Rock|p1a: Dragapult
|-sidestart|p1: sushi_hater2007|move: Stealth Rock
|
|upkeep
|turn|5
|
|t:|1743829067
|-end|p2a: Iron Treads|Quark Drive|[silent]
|switch|p2a: 粉色恶魔的好朋友|Heatran, F|100/100
|-damage|p2a: 粉色恶魔的好朋友|84/100|[from] Spikes
|move|p1a: Dragapult|Dragon Darts|p2a: 粉色恶魔的好朋友
|-resisted|p2a: 粉色恶魔的好朋友
|-damage|p2a: 粉色恶魔的好朋友|68/100
|-anim|p1a: Dragapult|Dragon Darts|p2a: 粉色恶魔的好朋友
|-resisted|p2a: 粉色恶魔的好朋友
|-damage|p2a: 粉色恶魔的好朋友|52/100
|
|-heal|p2a: 粉色恶魔的好朋友|58/100|[from] item: Leftovers
|upkeep
|turn|6
|
|t:|1743829083
|move|p1a: Dragapult|Dragon Darts|p2a: 粉色恶魔的好朋友
|-resisted|p2a: 粉色恶魔的好朋友
|-damage|p2a: 粉色恶魔的好朋友|41/100
|-anim|p1a: Dragapult|Dragon Darts|p2a: 粉色恶魔的好朋友
|-resisted|p2a: 粉色恶魔的好朋友
|-damage|p2a: 粉色恶魔的好朋友|26/100
|move|p2a: 粉色恶魔的好朋友|Magma Storm|p1a: Dragapult
|-resisted|p1a: Dragapult
|-damage|p1a: Dragapult|69/100
|-activate|p1a: Dragapult|move: Magma Storm|[of] p2a: 粉色恶魔的好朋友
|
|-heal|p2a: 粉色恶魔的好朋友|32/100|[from] item: Leftovers
|-damage|p1a: Dragapult|57/100|[from] move: Magma Storm|[partiallytrapped]
|upkeep
|turn|7
|
|t:|1743829086
|move|p2a: 粉色恶魔的好朋友|Protect|p2a: 粉色恶魔的好朋友
|-singleturn|p2a: 粉色恶魔的好朋友|Protect
|move|p1a: Dragapult|Dragon Darts|p2a: 粉色恶魔的好朋友
|-activate|p2a: 粉色恶魔的好朋友|move: Protect
|
|-heal|p2a: 粉色恶魔的好朋友|38/100|[from] item: Leftovers
|-damage|p1a: Dragapult|45/100|[from] move: Magma Storm|[partiallytrapped]
|upkeep
|turn|8
|
|t:|1743829093
|move|p1a: Dragapult|Dragon Darts|p2a: 粉色恶魔的好朋友
|-resisted|p2a: 粉色恶魔的好朋友
|-damage|p2a: 粉色恶魔的好朋友|24/100
|-anim|p1a: Dragapult|Dragon Darts|p2a: 粉色恶魔的好朋友
|-resisted|p2a: 粉色恶魔的好朋友
|-damage|p2a: 粉色恶魔的好朋友|9/100
|move|p2a: 粉色恶魔的好朋友|Flash Cannon|p1a: Dragapult
|-damage|p1a: Dragapult|0 fnt
|faint|p1a: Dragapult
|
|-heal|p2a: 粉色恶魔的好朋友|15/100|[from] item: Leftovers
|upkeep
|inactive|sushi_hater2007 has 120 seconds left.
|
|t:|1743829125
|switch|p1a: Great Tusk|Great Tusk|100/100
|-damage|p1a: Great Tusk|97/100|[from] Stealth Rock
|turn|9
|inactive|sushi_hater2007 has 120 seconds left.
|
|t:|1743829138
|move|p1a: Great Tusk|Close Combat|p2a: 粉色恶魔的好朋友
|-supereffective|p2a: 粉色恶魔的好朋友
|-damage|p2a: 粉色恶魔的好朋友|0 fnt
|-unboost|p1a: Great Tusk|def|1
|-unboost|p1a: Great Tusk|spd|1
|faint|p2a: 粉色恶魔的好朋友
|
|upkeep
|
|t:|1743829145
|switch|p2a: Iron Treads|Iron Treads|31/100
|turn|10
|inactive|sushi_hater2007 has 120 seconds left.
|
|t:|1743829162
|-end|p1a: Great Tusk|Protosynthesis|[silent]
|switch|p1a: Gholdengo|Gholdengo|100/100
|-damage|p1a: Gholdengo|94/100|[from] Stealth Rock
|move|p2a: Iron Treads|Ice Spinner|p1a: Gholdengo
|-resisted|p1a: Gholdengo
|-damage|p1a: Gholdengo|81/100
|
|upkeep
|turn|11
|
|t:|1743829171
|move|p1a: Gholdengo|Make It Rain|p2a: Iron Treads
|-resisted|p2a: Iron Treads
|-damage|p2a: Iron Treads|0 fnt
|-unboost|p1a: Gholdengo|spa|1
|faint|p2a: Iron Treads
|-end|p2a: Iron Treads|Quark Drive|[silent]
|
|upkeep
|
|t:|1743829180
|switch|p2a: 对攻的好手|Volcanion|47/100
|turn|12
|
|t:|1743829191
|switch|p1a: Tinkaton|Tinkaton, F|100/100
|-damage|p1a: Tinkaton|94/100|[from] Stealth Rock
|-item|p1a: Tinkaton|Air Balloon
|move|p2a: 对攻的好手|Steam Eruption|p1a: Tinkaton
|-damage|p1a: Tinkaton|52/100
|-enditem|p1a: Tinkaton|Air Balloon
|
|upkeep
|turn|13
|
|t:|1743829197
|move|p1a: Tinkaton|Stealth Rock|p2a: 对攻的好手
|-sidestart|p2: yzl123|move: Stealth Rock
|move|p2a: 对攻的好手|Flamethrower|p1a: Tinkaton
|-supereffective|p1a: Tinkaton
|-damage|p1a: Tinkaton|0 fnt
|faint|p1a: Tinkaton
|
|upkeep
|
|t:|1743829209
|switch|p1a: Great Tusk|Great Tusk|97/100
|-damage|p1a: Great Tusk|94/100|[from] Stealth Rock
|turn|14
|
|t:|1743829219
|-terastallize|p2a: 对攻的好手|Flying
|move|p1a: Great Tusk|Headlong Rush|p2a: 对攻的好手
|-immune|p2a: 对攻的好手
|move|p2a: 对攻的好手|Steam Eruption|p1a: Great Tusk
|-supereffective|p1a: Great Tusk
|-damage|p1a: Great Tusk|0 fnt
|faint|p1a: Great Tusk
|-end|p1a: Great Tusk|Protosynthesis|[silent]
|
|upkeep
|
|t:|1743829222
|switch|p1a: Gholdengo|Gholdengo|81/100
|-damage|p1a: Gholdengo|75/100|[from] Stealth Rock
|turn|15
|
|t:|1743829229
|-terastallize|p1a: Gholdengo|Flying
|move|p1a: Gholdengo|Shadow Ball|p2a: 对攻的好手
|-damage|p2a: 对攻的好手|5/100
|move|p2a: 对攻的好手|Flamethrower|p1a: Gholdengo
|-crit|p1a: Gholdengo
|-damage|p1a: Gholdengo|9/100
|
|upkeep
|turn|16
|
|t:|1743829236
|switch|p2a: Garganacl|Garganacl, F, shiny|100/100
|-damage|p2a: Garganacl|84/100|[from] Spikes
|-damage|p2a: Garganacl|72/100|[from] Stealth Rock
|move|p1a: Gholdengo|Shadow Ball|p2a: Garganacl
|-damage|p2a: Garganacl|57/100
|-unboost|p2a: Garganacl|spd|1
|
|-heal|p2a: Garganacl|63/100|[from] item: Leftovers
|upkeep
|turn|17
|
|t:|1743829243
|move|p1a: Gholdengo|Shadow Ball|p2a: Garganacl
|-damage|p2a: Garganacl|42/100
|-unboost|p2a: Garganacl|spd|1
|move|p2a: Garganacl|Recover|p2a: Garganacl
|-heal|p2a: Garganacl|92/100
|
|-heal|p2a: Garganacl|98/100|[from] item: Leftovers
|upkeep
|turn|18
|
|t:|1743829248
|switch|p2a: 可靠的背影|Tornadus-Therian, M, shiny|100/100
|-damage|p2a: 可靠的背影|76/100|[from] Stealth Rock
|move|p1a: Gholdengo|Shadow Ball|p2a: 可靠的背影
|-damage|p2a: 可靠的背影|50/100
|
|upkeep
|turn|19
|
|t:|1743829250
|move|p1a: Gholdengo|Shadow Ball|p2a: 可靠的背影
|-damage|p2a: 可靠的背影|23/100
|-unboost|p2a: 可靠的背影|spd|1
|move|p2a: 可靠的背影|Heat Wave|p1a: Gholdengo
|-damage|p1a: Gholdengo|0 fnt
|faint|p1a: Gholdengo
|
|upkeep
|
|t:|1743829252
|switch|p1a: Gliscor|Gliscor, M|100/100
|-damage|p1a: Gliscor|88/100|[from] Stealth Rock
|turn|20
|
|t:|1743829254
|move|p2a: 可靠的背影|Knock Off|p1a: Gliscor
|-damage|p1a: Gliscor|72/100
|-enditem|p1a: Gliscor|Toxic Orb|[from] move: Knock Off|[of] p2a: 可靠的背影
|move|p1a: Gliscor|Toxic|p2a: 可靠的背影|[miss]
|-miss|p1a: Gliscor|p2a: 可靠的背影
|
|upkeep
|turn|21
|-message|sushi_hater2007 forfeited.
|
|win|yzl123
|raw|sushi_hater2007's rating: 1605 &rarr; <strong>1582</strong><br />(-23 for losing)
|raw|yzl123's rating: 1559 &rarr; <strong>1582</strong><br />(+23 for winning)
|l|☆sushi_hater2007
|player|p1|
|l|☆yzl123
|player|p2|
