|j|☆kingCR0C
|j|☆Lusty Lickitung2
|t:|1743789371
|gametype|singles
|player|p1|kingCR0C|265|1375
|player|p2|Lusty Lickitung2|skierf|1433
|teamsize|p1|6
|teamsize|p2|6
|gen|9
|tier|[Gen 9] OU
|rated|
|rule|HP Percentage Mod: HP is shown in percentages
|rule|Endless Battle Clause: Forcing endless battles is banned
|rule|Species Clause: Limit one of each Pokémon
|rule|OHKO Clause: OHKO moves are banned
|rule|Evasion Items Clause: Evasion items are banned
|rule|Evasion Moves Clause: Evasion moves are banned
|rule|Sleep Moves Clause: Sleep-inducing moves are banned
|clearpoke
|poke|p1|Minior-Yellow|
|poke|p1|Quaquaval, M|
|poke|p1|Lokix, F|
|poke|p1|Iron Moth|
|poke|p1|Blaziken, M|
|poke|p1|Toxtricity, M|
|poke|p2|Araquanid, M|
|poke|p2|Raging Bolt|
|poke|p2|Iron Moth|
|poke|p2|Great Tusk|
|poke|p2|Gholdengo|
|poke|p2|Kingambit, F|
|teampreview
|inactive|Battle timer is ON: inactive players will automatically lose when time's up. (requested by kingCR0C)
|
|t:|1743789388
|start
|switch|p1a: Madness|Toxtricity, M|100/100
|switch|p2a: Araquanid|Araquanid, M|100/100
|turn|1
|
|t:|1743789392
|move|p1a: Madness|Shift Gear|p1a: Madness
|-boost|p1a: Madness|spe|2
|-boost|p1a: Madness|atk|1
|move|p2a: Araquanid|Sticky Web|p1a: Madness
|-sidestart|p1: kingCR0C|move: Sticky Web
|
|upkeep
|turn|2
|
|t:|1743789401
|switch|p2a: Great Tusk|Great Tusk|100/100
|-enditem|p2a: Great Tusk|Booster Energy
|-activate|p2a: Great Tusk|ability: Protosynthesis|[fromitem]
|-start|p2a: Great Tusk|protosynthesisatk
|move|p1a: Madness|Overdrive|p2a: Great Tusk
|-immune|p2a: Great Tusk
|
|upkeep
|turn|3
|
|t:|1743789408
|move|p1a: Madness|Boomburst|p2a: Great Tusk
|-damage|p2a: Great Tusk|7/100
|-enditem|p1a: Madness|Throat Spray
|-boost|p1a: Madness|spa|1|[from] item: Throat Spray
|move|p2a: Great Tusk|Headlong Rush|p1a: Madness
|-supereffective|p1a: Madness
|-damage|p1a: Madness|0 fnt
|-unboost|p2a: Great Tusk|def|1
|-unboost|p2a: Great Tusk|spd|1
|faint|p1a: Madness
|
|upkeep
|
|t:|1743789411
|switch|p1a: Blueprint|Quaquaval, M|100/100
|-activate|p1a: Blueprint|move: Sticky Web
|-unboost|p1a: Blueprint|spe|1
|turn|4
|
|t:|1743789424
|-end|p2a: Great Tusk|Protosynthesis|[silent]
|switch|p2a: Raging Bolt|Raging Bolt|100/100
|-enditem|p2a: Raging Bolt|Booster Energy
|-activate|p2a: Raging Bolt|ability: Protosynthesis|[fromitem]
|-start|p2a: Raging Bolt|protosynthesisspa
|move|p1a: Blueprint|Aqua Step|p2a: Raging Bolt
|-resisted|p2a: Raging Bolt
|-damage|p2a: Raging Bolt|82/100
|-boost|p1a: Blueprint|spe|1
|
|upkeep
|turn|5
|
|t:|1743789433
|move|p1a: Blueprint|Triple Axel|p2a: Raging Bolt
|-supereffective|p2a: Raging Bolt
|-damage|p2a: Raging Bolt|68/100
|-supereffective|p2a: Raging Bolt
|-damage|p2a: Raging Bolt|39/100
|-supereffective|p2a: Raging Bolt
|-damage|p2a: Raging Bolt|0 fnt
|faint|p2a: Raging Bolt
|-end|p2a: Raging Bolt|Protosynthesis|[silent]
|-ability|p1a: Blueprint|Moxie|boost
|-boost|p1a: Blueprint|atk|1
|-hitcount|p2: Raging Bolt|3
|
|upkeep
|
|t:|1743789459
|switch|p2a: Gholdengo|Gholdengo|100/100
|-item|p2a: Gholdengo|Air Balloon
|turn|6
|
|t:|1743789464
|-terastallize|p2a: Gholdengo|Fairy
|move|p2a: Gholdengo|Dazzling Gleam|p1a: Blueprint
|-supereffective|p1a: Blueprint
|-damage|p1a: Blueprint|25/100
|move|p1a: Blueprint|Aqua Step|p2a: Gholdengo
|-damage|p2a: Gholdengo|28/100
|-boost|p1a: Blueprint|spe|1
|-enditem|p2a: Gholdengo|Air Balloon
|
|upkeep
|turn|7
|
|t:|1743789473
|move|p1a: Blueprint|Aqua Step|p2a: Gholdengo
|-damage|p2a: Gholdengo|0 fnt
|-boost|p1a: Blueprint|spe|1
|faint|p2a: Gholdengo
|-ability|p1a: Blueprint|Moxie|boost
|-boost|p1a: Blueprint|atk|1
|
|upkeep
|
|t:|1743789483
|switch|p2a: Kingambit|Kingambit, F|100/100
|-activate|p2a: Kingambit|ability: Supreme Overlord
|-start|p2a: Kingambit|fallen2|[silent]
|turn|8
|
|t:|1743789487
|move|p1a: Blueprint|Upper Hand|p2a: Kingambit
|-supereffective|p2a: Kingambit
|-damage|p2a: Kingambit|0 fnt
|faint|p2a: Kingambit
|-end|p2a: Kingambit|fallen2|[silent]
|-ability|p1a: Blueprint|Moxie|boost
|-boost|p1a: Blueprint|atk|1
|
|upkeep
|-message|Lusty Lickitung2 forfeited.
|
|win|kingCR0C
|raw|kingCR0C's rating: 1375 &rarr; <strong>1398</strong><br />(+23 for winning)
|raw|Lusty Lickitung2's rating: 1433 &rarr; <strong>1410</strong><br />(-23 for losing)
|l|☆kingCR0C
|player|p1|
|l|☆Lusty Lickitung2
|player|p2|
