|j|☆Phoenix470
|j|☆Damuraj
|t:|1743844529
|gametype|singles
|player|p1|Phoenix470|1|1119
|player|p2|Damuraj|cynthia-gen4|1163
|teamsize|p1|6
|teamsize|p2|6
|gen|9
|tier|[Gen 9] OU
|rated|
|rule|HP Percentage Mod: HP is shown in percentages
|rule|Endless Battle Clause: Forcing endless battles is banned
|rule|Species Clause: Limit one of each Pokémon
|rule|OHKO Clause: OHKO moves are banned
|rule|Evasion Items Clause: Evasion items are banned
|rule|Evasion Moves Clause: Evasion moves are banned
|rule|Sleep Moves Clause: Sleep-inducing moves are banned
|clearpoke
|poke|p1|Landorus-Therian, M|
|poke|p1|Corviknight, M|
|poke|p1|Gholdengo|
|poke|p1|Dragapult, F|
|poke|p1|Ogerpon-Wellspring, F|
|poke|p1|Greninja-*, M|
|poke|p2|Glimmora, M|
|poke|p2|Avalugg, F|
|poke|p2|Gogoat, F|
|poke|p2|Veluza, F|
|poke|p2|Dragapult, F|
|poke|p2|Kingambit, M|
|teampreview
|inactive|Battle timer is ON: inactive players will automatically lose when time's up. (requested by Phoenix470)
|
|t:|1743844541
|start
|switch|p1a: Landorus|Landorus-Therian, M|100/100
|switch|p2a: Dragapult|Dragapult, F|100/100
|-ability|p1a: Landorus|Intimidate|boost
|-unboost|p2a: Dragapult|atk|1
|turn|1
|
|t:|1743844548
|switch|p2a: Avalugg|Avalugg, F|100/100
|move|p1a: Landorus|Stealth Rock|p2a: Avalugg
|-sidestart|p2: Damuraj|move: Stealth Rock
|
|upkeep
|turn|2
|
|t:|1743844558
|move|p1a: Landorus|Earth Power|p2a: Avalugg
|-damage|p2a: Avalugg|77/100
|-unboost|p2a: Avalugg|spd|1
|move|p2a: Avalugg|Avalanche|p1a: Landorus
|-supereffective|p1a: Landorus
|-damage|p1a: Landorus|0 fnt
|-damage|p2a: Avalugg|60/100|[from] item: Rocky Helmet|[of] p1a: Landorus
|faint|p1a: Landorus
|
|upkeep
|
|t:|1743844579
|switch|p1a: Greninja|Greninja, M, shiny|100/100
|turn|3
|
|t:|1743844583
|move|p1a: Greninja|Dark Pulse|p2a: Avalugg
|-start|p1a: Greninja|typechange|Dark|[from] ability: Protean
|-damage|p2a: Avalugg|12/100
|move|p2a: Avalugg|Body Press|p1a: Greninja
|-supereffective|p1a: Greninja
|-damage|p1a: Greninja|0 fnt
|faint|p1a: Greninja
|
|upkeep
|
|t:|1743844594
|switch|p1a: Ogerpon|Ogerpon-Wellspring, F|100/100
|turn|4
|
|t:|1743844599
|-terastallize|p1a: Ogerpon|Water
|detailschange|p1a: Ogerpon|Ogerpon-Wellspring-Tera, F, tera:Water
|-ability|p1a: Ogerpon|Embody Aspect (Wellspring)|boost
|-boost|p1a: Ogerpon|spd|1
|move|p1a: Ogerpon|Trailblaze|p2a: Avalugg
|-crit|p2a: Avalugg
|-damage|p2a: Avalugg|0 fnt
|-boost|p1a: Ogerpon|spe|1
|faint|p2a: Avalugg
|
|upkeep
|
|t:|1743844615
|switch|p2a: Gogoat|Gogoat, F|100/100
|-damage|p2a: Gogoat|88/100|[from] Stealth Rock
|turn|5
|
|t:|1743844626
|switch|p1a: Corviknight|Corviknight, M, shiny|100/100
|-ability|p1a: Corviknight|Pressure
|-terastallize|p2a: Gogoat|Water
|move|p2a: Gogoat|Leech Seed|p1a: Corviknight
|-start|p1a: Corviknight|move: Leech Seed
|
|-heal|p2a: Gogoat|94/100|[from] item: Leftovers
|-damage|p1a: Corviknight|88/100|[from] Leech Seed|[of] p2a: Gogoat
|-heal|p2a: Gogoat|100/100|[silent]
|upkeep
|turn|6
|
|t:|1743844638
|move|p1a: Corviknight|Body Press|p2a: Gogoat
|-damage|p2a: Gogoat|78/100
|move|p2a: Gogoat|Bulk Up|p2a: Gogoat
|-boost|p2a: Gogoat|atk|1
|-boost|p2a: Gogoat|def|1
|
|-heal|p1a: Corviknight|94/100|[from] item: Leftovers
|-heal|p2a: Gogoat|85/100|[from] item: Leftovers
|-damage|p1a: Corviknight|82/100|[from] Leech Seed|[of] p2a: Gogoat
|-heal|p2a: Gogoat|94/100|[silent]
|upkeep
|turn|7
|
|t:|1743844648
|move|p1a: Corviknight|Defog|p2a: Gogoat
|-unboost|p2a: Gogoat|evasion|1
|-sideend|p2: Damuraj|Stealth Rock|[from] move: Defog|[of] p1a: Corviknight
|move|p2a: Gogoat|Bulk Up|p2a: Gogoat
|-boost|p2a: Gogoat|atk|1
|-boost|p2a: Gogoat|def|1
|
|-heal|p1a: Corviknight|88/100|[from] item: Leftovers
|-heal|p2a: Gogoat|99/100|[from] item: Leftovers
|-damage|p1a: Corviknight|76/100|[from] Leech Seed|[of] p2a: Gogoat
|-heal|p2a: Gogoat|100/100|[silent]
|upkeep
|turn|8
|
|t:|1743844661
|switch|p1a: Gholdengo|Gholdengo, shiny|100/100
|move|p2a: Gogoat|Bulk Up|p2a: Gogoat
|-boost|p2a: Gogoat|atk|1
|-boost|p2a: Gogoat|def|1
|
|upkeep
|turn|9
|
|t:|1743844668
|move|p1a: Gholdengo|Nasty Plot|p1a: Gholdengo
|-boost|p1a: Gholdengo|spa|2
|move|p2a: Gogoat|Horn Leech|p1a: Gholdengo
|-resisted|p1a: Gholdengo
|-damage|p1a: Gholdengo|69/100
|
|upkeep
|turn|10
|
|t:|1743844680
|move|p1a: Gholdengo|Shadow Ball|p2a: Gogoat
|-damage|p2a: Gogoat|40/100
|-unboost|p2a: Gogoat|spd|1
|move|p2a: Gogoat|Horn Leech|p1a: Gholdengo
|-resisted|p1a: Gholdengo
|-damage|p1a: Gholdengo|35/100
|-heal|p2a: Gogoat|55/100|[from] drain|[of] p1a: Gholdengo
|
|-heal|p2a: Gogoat|61/100|[from] item: Leftovers
|upkeep
|turn|11
|
|t:|1743844693
|switch|p2a: Veluza|Veluza, F|100/100
|move|p1a: Gholdengo|Shadow Ball|p2a: Veluza
|-supereffective|p2a: Veluza
|-damage|p2a: Veluza|0 fnt
|faint|p2a: Veluza
|
|upkeep
|
|t:|1743844705
|switch|p2a: Glimmora|Glimmora, M|100/100
|turn|12
|
|t:|1743844710
|move|p2a: Glimmora|Power Gem|p1a: Gholdengo
|-resisted|p1a: Gholdengo
|-damage|p1a: Gholdengo|15/100
|move|p1a: Gholdengo|Shadow Ball|p2a: Glimmora
|-damage|p2a: Glimmora|1/100
|
|upkeep
|turn|13
|
|t:|1743844718
|move|p2a: Glimmora|Stealth Rock|p1a: Gholdengo
|-sidestart|p1: Phoenix470|move: Stealth Rock
|move|p1a: Gholdengo|Recover|p1a: Gholdengo
|-heal|p1a: Gholdengo|65/100
|
|upkeep
|turn|14
|
|t:|1743844723
|move|p2a: Glimmora|Light Screen|p2a: Glimmora
|-sidestart|p2: Damuraj|move: Light Screen
|move|p1a: Gholdengo|Recover|p1a: Gholdengo
|-heal|p1a: Gholdengo|100/100
|
|upkeep
|turn|15
|
|t:|1743844730
|move|p2a: Glimmora|Power Gem|p1a: Gholdengo
|-resisted|p1a: Gholdengo
|-damage|p1a: Gholdengo|80/100
|move|p1a: Gholdengo|Nasty Plot|p1a: Gholdengo
|-boost|p1a: Gholdengo|spa|2
|
|upkeep
|turn|16
|
|t:|1743844736
|move|p2a: Glimmora|Power Gem|p1a: Gholdengo
|-resisted|p1a: Gholdengo
|-damage|p1a: Gholdengo|59/100
|move|p1a: Gholdengo|Nasty Plot|p1a: Gholdengo
|-boost|p1a: Gholdengo|spa|2
|
|upkeep
|turn|17
|
|t:|1743844745
|switch|p2a: Dragapult|Dragapult, F|100/100
|move|p1a: Gholdengo|Recover|p1a: Gholdengo
|-heal|p1a: Gholdengo|100/100
|
|upkeep
|turn|18
|
|t:|1743844754
|move|p2a: Dragapult|Shadow Ball|p1a: Gholdengo
|-supereffective|p1a: Gholdengo
|-damage|p1a: Gholdengo|6/100
|-damage|p2a: Dragapult|91/100|[from] item: Life Orb
|move|p1a: Gholdengo|Shadow Ball|p2a: Dragapult
|-supereffective|p2a: Dragapult
|-damage|p2a: Dragapult|0 fnt
|faint|p2a: Dragapult
|
|-sideend|p2: Damuraj|move: Light Screen
|upkeep
|
|t:|1743844764
|switch|p2a: Glimmora|Glimmora, M|1/100
|turn|19
|
|t:|1743844768
|move|p2a: Glimmora|Power Gem|p1a: Gholdengo
|-resisted|p1a: Gholdengo
|-damage|p1a: Gholdengo|0 fnt
|faint|p1a: Gholdengo
|
|upkeep
|
|t:|1743844777
|switch|p1a: Dragapult|Dragapult, F, shiny|100/100
|turn|20
|
|t:|1743844786
|move|p1a: Dragapult|Dragon Darts|p2a: Glimmora
|-damage|p2a: Glimmora|0 fnt
|-activate|p2a: Glimmora|ability: Toxic Debris
|-sidestart|p1: Phoenix470|move: Toxic Spikes
|faint|p2a: Glimmora
|
|upkeep
|
|t:|1743844795
|switch|p2a: Kingambit|Kingambit, M|100/100
|-activate|p2a: Kingambit|ability: Supreme Overlord
|-start|p2a: Kingambit|fallen4|[silent]
|turn|21
|
|t:|1743844805
|switch|p1a: Corviknight|Corviknight, M, shiny|76/100
|-damage|p1a: Corviknight|63/100|[from] Stealth Rock
|-ability|p1a: Corviknight|Pressure
|move|p2a: Kingambit|Swords Dance|p2a: Kingambit
|-boost|p2a: Kingambit|atk|2
|
|-heal|p1a: Corviknight|69/100|[from] item: Leftovers
|upkeep
|turn|22
|
|t:|1743844815
|move|p2a: Kingambit|Sucker Punch|p1a: Corviknight
|-damage|p1a: Corviknight|0 fnt
|faint|p1a: Corviknight
|
|upkeep
|
|t:|1743844819
|switch|p1a: Ogerpon|Ogerpon-Wellspring-Tera, F, tera:Water|100/100
|-damage|p1a: Ogerpon|88/100|[from] Stealth Rock
|-status|p1a: Ogerpon|psn
|-ability|p1a: Ogerpon|Embody Aspect (Wellspring)|boost
|-boost|p1a: Ogerpon|spd|1
|turn|23
|
|t:|1743844825
|move|p2a: Kingambit|Sucker Punch|p1a: Ogerpon
|-damage|p1a: Ogerpon|0 fnt
|faint|p1a: Ogerpon
|
|upkeep
|
|t:|1743844830
|switch|p1a: Dragapult|Dragapult, F, shiny|100/100
|turn|24
|
|t:|1743844836
|move|p2a: Kingambit|Sucker Punch||[still]
|-fail|p2a: Kingambit
|move|p1a: Dragapult|Dragon Dance|p1a: Dragapult
|-boost|p1a: Dragapult|atk|1
|-boost|p1a: Dragapult|spe|1
|
|upkeep
|turn|25
|
|t:|1743844843
|move|p2a: Kingambit|Sucker Punch||[still]
|-fail|p2a: Kingambit
|move|p1a: Dragapult|Dragon Dance|p1a: Dragapult
|-boost|p1a: Dragapult|atk|1
|-boost|p1a: Dragapult|spe|1
|
|upkeep
|turn|26
|
|t:|1743844849
|move|p2a: Kingambit|Sucker Punch||[still]
|-fail|p2a: Kingambit
|move|p1a: Dragapult|Dragon Dance|p1a: Dragapult
|-boost|p1a: Dragapult|atk|1
|-boost|p1a: Dragapult|spe|1
|
|upkeep
|turn|27
|
|t:|1743844855
|move|p2a: Kingambit|Sucker Punch||[still]
|-fail|p2a: Kingambit
|move|p1a: Dragapult|Dragon Dance|p1a: Dragapult
|-boost|p1a: Dragapult|atk|1
|-boost|p1a: Dragapult|spe|1
|
|upkeep
|turn|28
|
|t:|1743844860
|move|p1a: Dragapult|Dragon Dance|p1a: Dragapult
|-boost|p1a: Dragapult|atk|1
|-boost|p1a: Dragapult|spe|1
|move|p2a: Kingambit|Kowtow Cleave|p1a: Dragapult
|-supereffective|p1a: Dragapult
|-damage|p1a: Dragapult|0 fnt
|faint|p1a: Dragapult
|
|win|Damuraj
|raw|Phoenix470's rating: 1119 &rarr; <strong>1097</strong><br />(-22 for losing)
|raw|Damuraj's rating: 1163 &rarr; <strong>1185</strong><br />(+22 for winning)
|l|☆Phoenix470
|player|p1|
|l|☆Damuraj
|player|p2|
