|j|☆BadSinBad
|j|☆dewottsoldier370
|t:|1743793763
|gametype|singles
|player|p1|BadSinBad|roughneck-gen4|1495
|player|p2|dewottsoldier370|2|1450
|teamsize|p1|6
|teamsize|p2|6
|gen|9
|tier|[Gen 9] OU
|rated|
|rule|HP Percentage Mod: HP is shown in percentages
|rule|Endless Battle Clause: Forcing endless battles is banned
|rule|Species Clause: Limit one of each Pokémon
|rule|OHKO Clause: OHKO moves are banned
|rule|Evasion Items Clause: Evasion items are banned
|rule|Evasion Moves Clause: Evasion moves are banned
|rule|Sleep Moves Clause: Sleep-inducing moves are banned
|clearpoke
|poke|p1|Meowscarada, F|
|poke|p1|Gliscor, M|
|poke|p1|Ursaluna, F|
|poke|p1|Skarmory, M|
|poke|p1|Dragapult, F|
|poke|p1|Slowking-Galar, F|
|poke|p2|Garganacl, M|
|poke|p2|Hippowdon, M|
|poke|p2|Excadrill, M|
|poke|p2|Slowking-Galar, F|
|poke|p2|Ogerpon-Wellspring, F|
|poke|p2|Zamazenta-*|
|teampreview
|inactive|Battle timer is ON: inactive players will automatically lose when time's up. (requested by BadSinBad)
|inactive|dewottsoldier370 also wants the timer to be on.
|
|t:|1743793793
|start
|switch|p1a: Meowscarada|Meowscarada, F|100/100
|switch|p2a: Slowking|Slowking-Galar, F|100/100
|turn|1
|
|t:|1743793800
|switch|p2a: Zamazenta|Zamazenta|100/100
|-ability|p2a: Zamazenta|Dauntless Shield|boost
|-boost|p2a: Zamazenta|def|1
|move|p1a: Meowscarada|Knock Off|p2a: Zamazenta
|-start|p1a: Meowscarada|typechange|Dark|[from] ability: Protean
|-resisted|p2a: Zamazenta
|-damage|p2a: Zamazenta|88/100
|-enditem|p2a: Zamazenta|Heavy-Duty Boots|[from] move: Knock Off|[of] p1a: Meowscarada
|
|upkeep
|turn|2
|
|t:|1743793807
|switch|p1a: Skarmory|Skarmory, M|100/100
|move|p2a: Zamazenta|Close Combat|p1a: Skarmory
|-damage|p1a: Skarmory|63/100
|-unboost|p2a: Zamazenta|def|1
|-unboost|p2a: Zamazenta|spd|1
|-damage|p2a: Zamazenta|71/100|[from] item: Rocky Helmet|[of] p1a: Skarmory
|
|upkeep
|turn|3
|
|t:|1743793813
|switch|p2a: Slowking|Slowking-Galar, F|100/100
|move|p1a: Skarmory|Stealth Rock|p2a: Slowking
|-sidestart|p2: dewottsoldier370|move: Stealth Rock
|
|upkeep
|turn|4
|
|t:|1743793821
|switch|p1a: Ursaluna|Ursaluna, F|100/100
|move|p2a: Slowking|Flamethrower|p1a: Ursaluna
|-damage|p1a: Ursaluna|80/100
|
|upkeep
|turn|5
|
|t:|1743793827
|switch|p1a: Skarmory|Skarmory, M|63/100
|switch|p2a: Zamazenta|Zamazenta|71/100
|-damage|p2a: Zamazenta|65/100|[from] Stealth Rock
|
|upkeep
|turn|6
|
|t:|1743793833
|switch|p2a: Garganacl|Garganacl, M|100/100
|-damage|p2a: Garganacl|88/100|[from] Stealth Rock
|move|p1a: Skarmory|Roost|p1a: Skarmory
|-heal|p1a: Skarmory|100/100
|-singleturn|p1a: Skarmory|move: Roost
|
|-heal|p2a: Garganacl|94/100|[from] item: Leftovers
|upkeep
|turn|7
|
|t:|1743793838
|switch|p1a: Slowking|Slowking-Galar, F|100/100
|move|p2a: Garganacl|Salt Cure|p1a: Slowking
|-damage|p1a: Slowking|87/100
|-start|p1a: Slowking|Salt Cure
|
|-heal|p2a: Garganacl|100/100|[from] item: Leftovers
|-damage|p1a: Slowking|74/100|[from] Salt Cure
|upkeep
|turn|8
|
|t:|1743793843
|move|p2a: Garganacl|Earthquake|p1a: Slowking
|-supereffective|p1a: Slowking
|-damage|p1a: Slowking|29/100
|move|p1a: Slowking|Psychic Noise|p2a: Garganacl
|-damage|p2a: Garganacl|81/100
|-start|p2a: Garganacl|move: Heal Block
|
|-damage|p1a: Slowking|17/100|[from] Salt Cure
|upkeep
|turn|9
|
|t:|1743793851
|switch|p1a: Ursaluna|Ursaluna, F|80/100
|move|p2a: Garganacl|Salt Cure|p1a: Ursaluna
|-resisted|p1a: Ursaluna
|-damage|p1a: Ursaluna|75/100
|-start|p1a: Ursaluna|Salt Cure
|
|-damage|p1a: Ursaluna|63/100|[from] Salt Cure
|-end|p2a: Garganacl|move: Heal Block
|upkeep
|turn|10
|
|t:|1743793857
|switch|p1a: Slowking|Slowking-Galar, F|50/100
|switch|p2a: Hippowdon|Hippowdon, M|100/100
|-damage|p2a: Hippowdon|94/100|[from] Stealth Rock
|-weather|Sandstorm|[from] ability: Sand Stream|[of] p2a: Hippowdon
|
|-weather|Sandstorm|[upkeep]
|-damage|p1a: Slowking|44/100|[from] Sandstorm
|upkeep
|turn|11
|
|t:|1743793862
|switch|p1a: Dragapult|Dragapult, F|100/100
|move|p2a: Hippowdon|Earthquake|p1a: Dragapult
|-damage|p1a: Dragapult|44/100
|
|-weather|Sandstorm|[upkeep]
|-damage|p1a: Dragapult|38/100|[from] Sandstorm
|upkeep
|turn|12
|
|t:|1743793867
|switch|p2a: Slowking|Slowking-Galar, F|100/100
|-damage|p2a: Slowking|88/100|[from] Stealth Rock
|move|p1a: Dragapult|Will-O-Wisp|p2a: Slowking
|-status|p2a: Slowking|brn
|
|-weather|Sandstorm|[upkeep]
|-damage|p1a: Dragapult|32/100|[from] Sandstorm
|-damage|p2a: Slowking|82/100 brn|[from] Sandstorm
|-damage|p2a: Slowking|76/100 brn|[from] brn
|upkeep
|turn|13
|
|t:|1743793881
|move|p1a: Dragapult|U-turn|p2a: Slowking
|-damage|p2a: Slowking|58/100 brn
|
|t:|1743793886
|switch|p1a: Gliscor|Gliscor, M|100/100|[from] U-turn
|move|p2a: Slowking|Sludge Bomb|p1a: Gliscor
|-resisted|p1a: Gliscor
|-damage|p1a: Gliscor|75/100
|
|-weather|Sandstorm|[upkeep]
|-damage|p2a: Slowking|52/100 brn|[from] Sandstorm
|-damage|p2a: Slowking|46/100 brn|[from] brn
|-status|p1a: Gliscor|tox|[from] item: Toxic Orb
|upkeep
|turn|14
|
|t:|1743793901
|switch|p2a: Excadrill|Excadrill, M|100/100
|-damage|p2a: Excadrill|97/100|[from] Stealth Rock
|-item|p2a: Excadrill|Air Balloon
|move|p1a: Gliscor|Knock Off|p2a: Excadrill
|-damage|p2a: Excadrill|68/100
|-enditem|p2a: Excadrill|Air Balloon
|
|-weather|Sandstorm|[upkeep]
|-heal|p1a: Gliscor|87/100 tox|[from] ability: Poison Heal
|upkeep
|turn|15
|
|t:|1743793908
|move|p1a: Gliscor|Protect|p1a: Gliscor
|-singleturn|p1a: Gliscor|Protect
|move|p2a: Excadrill|Rapid Spin|p1a: Gliscor
|-activate|p1a: Gliscor|move: Protect
|
|-weather|Sandstorm|[upkeep]
|-heal|p1a: Gliscor|99/100 tox|[from] ability: Poison Heal
|upkeep
|turn|16
|
|t:|1743793915
|switch|p2a: Ogerpon|Ogerpon-Wellspring, F|100/100
|-damage|p2a: Ogerpon|88/100|[from] Stealth Rock
|switch|p1a: Skarmory|Skarmory, M|100/100
|
|-weather|Sandstorm|[upkeep]
|-damage|p2a: Ogerpon|82/100|[from] Sandstorm
|upkeep
|turn|17
|
|t:|1743793922
|move|p2a: Ogerpon|Swords Dance|p2a: Ogerpon
|-boost|p2a: Ogerpon|atk|2
|move|p1a: Skarmory|Brave Bird|p2a: Ogerpon
|-supereffective|p2a: Ogerpon
|-damage|p2a: Ogerpon|0 fnt
|faint|p2a: Ogerpon
|-damage|p1a: Skarmory|76/100|[from] Recoil
|
|-weather|none
|upkeep
|
|t:|1743793929
|switch|p2a: Garganacl|Garganacl, M|81/100
|-damage|p2a: Garganacl|69/100|[from] Stealth Rock
|turn|18
|
|t:|1743793936
|switch|p1a: Slowking|Slowking-Galar, F|77/100
|move|p2a: Garganacl|Salt Cure|p1a: Slowking
|-damage|p1a: Slowking|63/100
|-start|p1a: Slowking|Salt Cure
|
|-heal|p2a: Garganacl|75/100|[from] item: Leftovers
|-damage|p1a: Slowking|51/100|[from] Salt Cure
|upkeep
|turn|19
|
|t:|1743793943
|switch|p1a: Meowscarada|Meowscarada, F|100/100
|move|p2a: Garganacl|Earthquake|p1a: Meowscarada
|-resisted|p1a: Meowscarada
|-damage|p1a: Meowscarada|81/100
|
|-heal|p2a: Garganacl|81/100|[from] item: Leftovers
|upkeep
|turn|20
|
|t:|1743793951
|switch|p2a: Zamazenta|Zamazenta|65/100
|-damage|p2a: Zamazenta|59/100|[from] Stealth Rock
|move|p1a: Meowscarada|Spikes|p2a: Zamazenta
|-start|p1a: Meowscarada|typechange|Ground|[from] ability: Protean
|-sidestart|p2: dewottsoldier370|Spikes
|
|upkeep
|turn|21
|
|t:|1743793958
|switch|p2a: Excadrill|Excadrill, M|68/100
|-damage|p2a: Excadrill|65/100|[from] Stealth Rock
|-damage|p2a: Excadrill|52/100|[from] Spikes
|switch|p1a: Skarmory|Skarmory, M|76/100
|
|upkeep
|turn|22
|
|t:|1743793966
|move|p2a: Excadrill|Rapid Spin|p1a: Skarmory
|-resisted|p1a: Skarmory
|-damage|p1a: Skarmory|71/100
|-boost|p2a: Excadrill|spe|1
|-damage|p2a: Excadrill|36/100|[from] item: Rocky Helmet|[of] p1a: Skarmory
|-sideend|p2: dewottsoldier370|Spikes|[from] move: Rapid Spin|[of] p2a: Excadrill
|-sideend|p2: dewottsoldier370|Stealth Rock|[from] move: Rapid Spin|[of] p2a: Excadrill
|move|p1a: Skarmory|Brave Bird|p2a: Excadrill
|-resisted|p2a: Excadrill
|-damage|p2a: Excadrill|9/100
|-damage|p1a: Skarmory|61/100|[from] Recoil
|
|upkeep
|turn|23
|
|t:|1743793973
|switch|p2a: Slowking|Slowking-Galar, F|79/100 brn
|move|p1a: Skarmory|Stealth Rock|p2a: Slowking
|-sidestart|p2: dewottsoldier370|move: Stealth Rock
|
|-damage|p2a: Slowking|73/100 brn|[from] brn
|upkeep
|turn|24
|
|t:|1743793984
|move|p1a: Skarmory|Roost|p1a: Skarmory
|-heal|p1a: Skarmory|100/100
|-singleturn|p1a: Skarmory|move: Roost
|move|p2a: Slowking|Flamethrower|p1a: Skarmory
|-supereffective|p1a: Skarmory
|-damage|p1a: Skarmory|21/100
|
|-damage|p2a: Slowking|67/100 brn|[from] brn
|upkeep
|turn|25
|
|t:|1743794003
|switch|p1a: Gliscor|Gliscor, M|99/100 tox
|move|p2a: Slowking|Flamethrower|p1a: Gliscor
|-damage|p1a: Gliscor|62/100 tox
|
|-heal|p1a: Gliscor|74/100 tox|[from] ability: Poison Heal
|-damage|p2a: Slowking|61/100 brn|[from] brn
|upkeep
|turn|26
|
|t:|1743794011
|switch|p2a: Hippowdon|Hippowdon, M|94/100
|-damage|p2a: Hippowdon|88/100|[from] Stealth Rock
|-weather|Sandstorm|[from] ability: Sand Stream|[of] p2a: Hippowdon
|move|p1a: Gliscor|Knock Off|p2a: Hippowdon
|-damage|p2a: Hippowdon|76/100
|-enditem|p2a: Hippowdon|Smooth Rock|[from] move: Knock Off|[of] p1a: Gliscor
|
|-weather|Sandstorm|[upkeep]
|-heal|p1a: Gliscor|86/100 tox|[from] ability: Poison Heal
|upkeep
|turn|27
|
|t:|1743794030
|move|p1a: Gliscor|Protect|p1a: Gliscor
|-singleturn|p1a: Gliscor|Protect
|move|p2a: Hippowdon|Stealth Rock|p1a: Gliscor
|-sidestart|p1: BadSinBad|move: Stealth Rock
|
|-weather|Sandstorm|[upkeep]
|-heal|p1a: Gliscor|98/100 tox|[from] ability: Poison Heal
|upkeep
|turn|28
|
|t:|1743794038
|move|p1a: Gliscor|Swords Dance|p1a: Gliscor
|-boost|p1a: Gliscor|atk|2
|move|p2a: Hippowdon|Stone Edge|p1a: Gliscor
|-damage|p1a: Gliscor|80/100 tox
|
|-weather|Sandstorm|[upkeep]
|-heal|p1a: Gliscor|93/100 tox|[from] ability: Poison Heal
|upkeep
|turn|29
|
|t:|1743794046
|switch|p2a: Zamazenta|Zamazenta|59/100
|-damage|p2a: Zamazenta|52/100|[from] Stealth Rock
|move|p1a: Gliscor|Facade|p2a: Zamazenta
|-damage|p2a: Zamazenta|0 fnt
|faint|p2a: Zamazenta
|
|-weather|Sandstorm|[upkeep]
|-heal|p1a: Gliscor|100/100 tox|[from] ability: Poison Heal
|upkeep
|
|t:|1743794051
|switch|p2a: Excadrill|Excadrill, M|9/100
|-damage|p2a: Excadrill|6/100|[from] Stealth Rock
|turn|30
|
|t:|1743794062
|-terastallize|p1a: Gliscor|Normal
|move|p2a: Excadrill|Iron Head|p1a: Gliscor
|-damage|p1a: Gliscor|69/100 tox
|move|p1a: Gliscor|Facade|p2a: Excadrill
|-resisted|p2a: Excadrill
|-crit|p2a: Excadrill
|-damage|p2a: Excadrill|0 fnt
|faint|p2a: Excadrill
|
|-weather|Sandstorm|[upkeep]
|-damage|p1a: Gliscor|63/100 tox|[from] Sandstorm
|-heal|p1a: Gliscor|76/100 tox|[from] ability: Poison Heal
|upkeep
|
|t:|1743794069
|switch|p2a: Garganacl|Garganacl, M|81/100
|-damage|p2a: Garganacl|69/100|[from] Stealth Rock
|turn|31
|
|t:|1743794074
|move|p1a: Gliscor|Knock Off|p2a: Garganacl
|-damage|p2a: Garganacl|41/100
|-enditem|p2a: Garganacl|Leftovers|[from] move: Knock Off|[of] p1a: Gliscor
|move|p2a: Garganacl|Curse|p2a: Garganacl
|-unboost|p2a: Garganacl|spe|1
|-boost|p2a: Garganacl|atk|1
|-boost|p2a: Garganacl|def|1
|
|-weather|Sandstorm|[upkeep]
|-damage|p1a: Gliscor|70/100 tox|[from] Sandstorm
|-heal|p1a: Gliscor|82/100 tox|[from] ability: Poison Heal
|upkeep
|turn|32
|
|t:|1743794080
|switch|p1a: Ursaluna|Ursaluna, F|63/100
|move|p2a: Garganacl|Recover|p2a: Garganacl
|-heal|p2a: Garganacl|91/100
|
|-weather|Sandstorm|[upkeep]
|upkeep
|turn|33
|
|t:|1743794085
|-terastallize|p2a: Garganacl|Water
|move|p1a: Ursaluna|Headlong Rush|p2a: Garganacl
|-damage|p2a: Garganacl|64/100
|-unboost|p1a: Ursaluna|def|1
|-unboost|p1a: Ursaluna|spd|1
|move|p2a: Garganacl|Earthquake|p1a: Ursaluna
|-damage|p1a: Ursaluna|26/100
|
|-weather|none
|upkeep
|turn|34
|
|t:|1743794100
|move|p1a: Ursaluna|Headlong Rush|p2a: Garganacl
|-damage|p2a: Garganacl|38/100
|-unboost|p1a: Ursaluna|def|1
|-unboost|p1a: Ursaluna|spd|1
|move|p2a: Garganacl|Curse|p2a: Garganacl
|-unboost|p2a: Garganacl|spe|1
|-boost|p2a: Garganacl|atk|1
|-boost|p2a: Garganacl|def|1
|
|upkeep
|turn|35
|
|t:|1743794105
|switch|p1a: Meowscarada|Meowscarada, F|81/100
|move|p2a: Garganacl|Recover|p2a: Garganacl
|-heal|p2a: Garganacl|88/100
|
|upkeep
|turn|36
|
|t:|1743794113
|move|p1a: Meowscarada|Spikes|p2a: Garganacl
|-start|p1a: Meowscarada|typechange|Ground|[from] ability: Protean
|-sidestart|p2: dewottsoldier370|Spikes
|move|p2a: Garganacl|Salt Cure|p1a: Meowscarada
|-resisted|p1a: Meowscarada
|-damage|p1a: Meowscarada|60/100
|-start|p1a: Meowscarada|Salt Cure
|
|-damage|p1a: Meowscarada|48/100|[from] Salt Cure
|upkeep
|turn|37
|
|t:|1743794131
|move|p1a: Meowscarada|U-turn|p2a: Garganacl
|-damage|p2a: Garganacl|81/100
|
|t:|1743794139
|switch|p1a: Ursaluna|Ursaluna, F|26/100|[from] U-turn
|move|p2a: Garganacl|Earthquake|p1a: Ursaluna
|-damage|p1a: Ursaluna|0 fnt
|faint|p1a: Ursaluna
|
|upkeep
|
|t:|1743794146
|switch|p1a: Slowking|Slowking-Galar, F|84/100
|turn|38
|
|t:|1743794161
|switch|p1a: Gliscor|Gliscor, M, tera:Normal|82/100 tox
|-damage|p1a: Gliscor|70/100 tox|[from] Stealth Rock
|move|p2a: Garganacl|Earthquake|p1a: Gliscor
|-damage|p1a: Gliscor|37/100 tox
|
|-heal|p1a: Gliscor|49/100 tox|[from] ability: Poison Heal
|upkeep
|turn|39
|
|t:|1743794170
|move|p1a: Gliscor|Facade|p2a: Garganacl
|-damage|p2a: Garganacl|65/100
|move|p2a: Garganacl|Curse|p2a: Garganacl
|-unboost|p2a: Garganacl|spe|1
|-boost|p2a: Garganacl|atk|1
|-boost|p2a: Garganacl|def|1
|
|-heal|p1a: Gliscor|61/100 tox|[from] ability: Poison Heal
|upkeep
|turn|40
|
|t:|1743794176
|switch|p1a: Skarmory|Skarmory, M|21/100
|-damage|p1a: Skarmory|8/100|[from] Stealth Rock
|move|p2a: Garganacl|Recover|p2a: Garganacl
|-heal|p2a: Garganacl|100/100
|
|upkeep
|turn|41
|
|t:|1743794183
|move|p1a: Skarmory|Roost|p1a: Skarmory
|-heal|p1a: Skarmory|59/100
|-singleturn|p1a: Skarmory|move: Roost
|move|p2a: Garganacl|Salt Cure|p1a: Skarmory
|-resisted|p1a: Skarmory
|-damage|p1a: Skarmory|49/100
|-start|p1a: Skarmory|Salt Cure
|
|-damage|p1a: Skarmory|24/100|[from] Salt Cure
|upkeep
|turn|42
|
|t:|1743794187
|move|p2a: Garganacl|Salt Cure|p1a: Skarmory
|-damage|p1a: Skarmory|2/100
|move|p1a: Skarmory|Whirlwind|p2a: Garganacl
|drag|p2a: Slowking|Slowking-Galar, F|94/100 brn
|-damage|p2a: Slowking|82/100 brn|[from] Stealth Rock
|-damage|p2a: Slowking|69/100 brn|[from] Spikes
|
|-damage|p2a: Slowking|63/100 brn|[from] brn
|-damage|p1a: Skarmory|0 fnt|[from] Salt Cure
|faint|p1a: Skarmory
|upkeep
|
|t:|1743794194
|switch|p1a: Meowscarada|Meowscarada, F|48/100
|turn|43
|
|t:|1743794201
|move|p1a: Meowscarada|Knock Off|p2a: Slowking
|-start|p1a: Meowscarada|typechange|Dark|[from] ability: Protean
|-supereffective|p2a: Slowking
|-damage|p2a: Slowking|0 fnt
|-enditem|p2a: Slowking|Assault Vest|[from] move: Knock Off|[of] p1a: Meowscarada
|faint|p2a: Slowking
|
|upkeep
|
|t:|1743794204
|switch|p2a: Garganacl|Garganacl, M, tera:Water|100/100
|-damage|p2a: Garganacl|88/100|[from] Stealth Rock
|-damage|p2a: Garganacl|76/100|[from] Spikes
|turn|44
|
|t:|1743794209
|move|p1a: Meowscarada|U-turn|p2a: Garganacl
|-damage|p2a: Garganacl|62/100
|
|t:|1743794210
|switch|p1a: Slowking|Slowking-Galar, F|100/100|[from] U-turn
|move|p2a: Garganacl|Salt Cure|p1a: Slowking
|-damage|p1a: Slowking|87/100
|-start|p1a: Slowking|Salt Cure
|
|-damage|p1a: Slowking|75/100|[from] Salt Cure
|upkeep
|turn|45
|
|t:|1743794214
|move|p2a: Garganacl|Earthquake|p1a: Slowking
|-supereffective|p1a: Slowking
|-damage|p1a: Slowking|25/100
|move|p1a: Slowking|Psychic Noise|p2a: Garganacl
|-damage|p2a: Garganacl|41/100
|-start|p2a: Garganacl|move: Heal Block
|
|-damage|p1a: Slowking|12/100|[from] Salt Cure
|upkeep
|turn|46
|
|t:|1743794223
|move|p2a: Garganacl|Salt Cure|p1a: Slowking
|-damage|p1a: Slowking|0 fnt
|faint|p1a: Slowking
|
|-end|p2a: Garganacl|move: Heal Block
|upkeep
|
|t:|1743794226
|switch|p1a: Dragapult|Dragapult, F|32/100
|turn|47
|
|t:|1743794233
|move|p1a: Dragapult|Draco Meteor|p2a: Garganacl
|-damage|p2a: Garganacl|2/100
|-unboost|p1a: Dragapult|spa|2
|move|p2a: Garganacl|Recover|p2a: Garganacl
|-heal|p2a: Garganacl|52/100
|
|upkeep
|turn|48
|-message|BadSinBad forfeited.
|
|win|dewottsoldier370
|raw|BadSinBad's rating: 1495 &rarr; <strong>1472</strong><br />(-23 for losing)
|raw|dewottsoldier370's rating: 1450 &rarr; <strong>1473</strong><br />(+23 for winning)
|l|☆BadSinBad
|player|p1|
|l|☆dewottsoldier370
|player|p2|
