|j|☆superawsmlandot
|j|☆Shadow4cTest3r
|t:|1743832842
|gametype|singles
|player|p1|superawsmlandot|leaf-masters|1505
|player|p2|Shadow4cTest3r|101|1559
|teamsize|p1|6
|teamsize|p2|6
|gen|9
|tier|[Gen 9] OU
|rated|
|rule|HP Percentage Mod: HP is shown in percentages
|rule|Endless Battle Clause: Forcing endless battles is banned
|rule|Species Clause: Limit one of each Pokémon
|rule|OHKO Clause: OHKO moves are banned
|rule|Evasion Items Clause: Evasion items are banned
|rule|Evasion Moves Clause: Evasion moves are banned
|rule|Sleep Moves Clause: Sleep-inducing moves are banned
|clearpoke
|poke|p1|Ting-Lu|
|poke|p1|Sinistcha|
|poke|p1|Keldeo|
|poke|p1|Tinkaton, F|
|poke|p1|Dragonite, F|
|poke|p1|Landorus-Therian, M|
|poke|p2|Ting-Lu|
|poke|p2|Gliscor, M|
|poke|p2|Sinistcha|
|poke|p2|Keldeo|
|poke|p2|Tinkaton, F|
|poke|p2|Dragonite, F|
|teampreview
|inactive|Battle timer is ON: inactive players will automatically lose when time's up. (requested by superawsmlandot)
|inactive|Shadow4cTest3r has 120 seconds left.
|
|t:|1743832880
|start
|switch|p1a: Tinkaton|Tinkaton, F|100/100
|switch|p2a: Cuphead|Ting-Lu|100/100
|-item|p1a: Tinkaton|Air Balloon
|-ability|p2a: Cuphead|Vessel of Ruin
|turn|1
|
|t:|1743832898
|move|p1a: Tinkaton|Knock Off|p2a: Cuphead
|-resisted|p2a: Cuphead
|-damage|p2a: Cuphead|96/100
|-enditem|p2a: Cuphead|Leftovers|[from] move: Knock Off|[of] p1a: Tinkaton
|move|p2a: Cuphead|Spikes|p1a: Tinkaton
|-sidestart|p1: superawsmlandot|Spikes
|
|upkeep
|turn|2
|
|t:|1743832903
|switch|p2a: Dance Armstrong|Gliscor, M|100/100
|move|p1a: Tinkaton|Stealth Rock|p2a: Dance Armstrong
|-sidestart|p2: Shadow4cTest3r|move: Stealth Rock
|
|-status|p2a: Dance Armstrong|tox|[from] item: Toxic Orb
|upkeep
|turn|3
|inactive|superawsmlandot has 120 seconds left.
|
|t:|1743832955
|switch|p1a: Keldeo|Keldeo|100/100
|move|p2a: Dance Armstrong|Knock Off|p1a: Keldeo
|-resisted|p1a: Keldeo
|-damage|p1a: Keldeo|88/100
|-ability|p1a: Keldeo|Justified|boost
|-boost|p1a: Keldeo|atk|1
|-enditem|p1a: Keldeo|Heavy-Duty Boots|[from] move: Knock Off|[of] p2a: Dance Armstrong
|
|upkeep
|turn|4
|
|t:|1743832961
|switch|p2a: Tchavis Scott|Sinistcha|100/100
|move|p1a: Keldeo|Flip Turn|p2a: Tchavis Scott
|-resisted|p2a: Tchavis Scott
|-damage|p2a: Tchavis Scott|94/100
|
|t:|1743832974
|switch|p1a: Landorus|Landorus-Therian, M|100/100|[from] Flip Turn
|-ability|p1a: Landorus|Intimidate|boost
|-unboost|p2a: Tchavis Scott|atk|1
|
|upkeep
|turn|5
|
|t:|1743832979
|-terastallize|p1a: Landorus|Flying
|move|p1a: Landorus|Tera Blast|p2a: Tchavis Scott|[anim] Tera Blast Flying
|-supereffective|p2a: Tchavis Scott
|-damage|p2a: Tchavis Scott|5/100
|move|p2a: Tchavis Scott|Calm Mind|p2a: Tchavis Scott
|-boost|p2a: Tchavis Scott|spa|1
|-boost|p2a: Tchavis Scott|spd|1
|
|upkeep
|turn|6
|
|t:|1743832988
|switch|p2a: Secret Service|Dragonite, F|100/100
|move|p1a: Landorus|Tera Blast|p2a: Secret Service|[anim] Tera Blast Flying
|-damage|p2a: Secret Service|70/100
|
|upkeep
|turn|7
|inactive|superawsmlandot has 120 seconds left.
|
|t:|1743833002
|move|p1a: Landorus|Tera Blast|p2a: Secret Service|[anim] Tera Blast Flying
|-damage|p2a: Secret Service|6/100
|move|p2a: Secret Service|Roost|p2a: Secret Service
|-heal|p2a: Secret Service|56/100
|-singleturn|p2a: Secret Service|move: Roost
|
|upkeep
|turn|8
|
|t:|1743833006
|switch|p2a: Tinkki Minaj|Tinkaton, F|100/100
|-damage|p2a: Tinkki Minaj|94/100|[from] Stealth Rock
|-ability|p2a: Tinkki Minaj|Mold Breaker
|-item|p2a: Tinkki Minaj|Air Balloon
|move|p1a: Landorus|Tera Blast|p2a: Tinkki Minaj|[anim] Tera Blast Flying
|-resisted|p2a: Tinkki Minaj
|-damage|p2a: Tinkki Minaj|55/100
|-enditem|p2a: Tinkki Minaj|Air Balloon
|
|upkeep
|turn|9
|
|t:|1743833022
|switch|p1a: Ting-Lu|Ting-Lu|100/100
|-damage|p1a: Ting-Lu|88/100|[from] Spikes
|-ability|p1a: Ting-Lu|Vessel of Ruin
|move|p2a: Tinkki Minaj|Stealth Rock|p1a: Ting-Lu
|-sidestart|p1: superawsmlandot|move: Stealth Rock
|
|-heal|p1a: Ting-Lu|94/100|[from] item: Leftovers
|upkeep
|turn|10
|
|t:|1743833031
|switch|p2a: Tchavis Scott|Sinistcha|5/100
|move|p1a: Ting-Lu|Whirlwind|p2a: Tchavis Scott
|drag|p2a: Tinkki Minaj|Tinkaton, F|55/100
|-damage|p2a: Tinkki Minaj|49/100|[from] Stealth Rock
|-ability|p2a: Tinkki Minaj|Mold Breaker
|
|-heal|p1a: Ting-Lu|100/100|[from] item: Leftovers
|upkeep
|turn|11
|
|t:|1743833039
|switch|p2a: Dance Armstrong|Gliscor, M|100/100 tox
|-damage|p2a: Dance Armstrong|88/100 tox|[from] Stealth Rock
|move|p1a: Ting-Lu|Earthquake|p2a: Dance Armstrong
|-immune|p2a: Dance Armstrong
|
|-heal|p2a: Dance Armstrong|100/100 tox|[from] ability: Poison Heal
|upkeep
|turn|12
|
|t:|1743833043
|move|p2a: Dance Armstrong|Knock Off|p1a: Ting-Lu
|-resisted|p1a: Ting-Lu
|-damage|p1a: Ting-Lu|94/100
|-enditem|p1a: Ting-Lu|Leftovers|[from] move: Knock Off|[of] p2a: Dance Armstrong
|move|p1a: Ting-Lu|Ruination|p2a: Dance Armstrong
|-damage|p2a: Dance Armstrong|50/100 tox
|
|-heal|p2a: Dance Armstrong|63/100 tox|[from] ability: Poison Heal
|upkeep
|turn|13
|
|t:|1743833051
|switch|p1a: Keldeo|Keldeo|88/100
|-damage|p1a: Keldeo|76/100|[from] Spikes
|-damage|p1a: Keldeo|70/100|[from] Stealth Rock
|move|p2a: Dance Armstrong|Facade|p1a: Keldeo
|-damage|p1a: Keldeo|32/100
|
|-heal|p2a: Dance Armstrong|75/100 tox|[from] ability: Poison Heal
|upkeep
|turn|14
|
|t:|1743833057
|move|p2a: Dance Armstrong|Protect|p2a: Dance Armstrong
|-singleturn|p2a: Dance Armstrong|Protect
|move|p1a: Keldeo|Surf|p2a: Dance Armstrong
|-activate|p2a: Dance Armstrong|move: Protect
|
|-heal|p2a: Dance Armstrong|88/100 tox|[from] ability: Poison Heal
|upkeep
|turn|15
|
|t:|1743833060
|switch|p2a: Secret Service|Dragonite, F|56/100
|move|p1a: Keldeo|Surf|p2a: Secret Service
|-resisted|p2a: Secret Service
|-damage|p2a: Secret Service|34/100
|
|upkeep
|turn|16
|
|t:|1743833079
|switch|p1a: Tinkaton|Tinkaton, F|100/100
|-damage|p1a: Tinkaton|94/100|[from] Stealth Rock
|-item|p1a: Tinkaton|Air Balloon
|move|p2a: Secret Service|Roost|p2a: Secret Service
|-heal|p2a: Secret Service|84/100
|-singleturn|p2a: Secret Service|move: Roost
|
|upkeep
|turn|17
|
|t:|1743833084
|switch|p2a: Dance Armstrong|Gliscor, M|88/100 tox
|-damage|p2a: Dance Armstrong|75/100 tox|[from] Stealth Rock
|move|p1a: Tinkaton|Gigaton Hammer|p2a: Dance Armstrong
|-damage|p2a: Dance Armstrong|39/100 tox
|
|-heal|p2a: Dance Armstrong|51/100 tox|[from] ability: Poison Heal
|upkeep
|turn|18
|
|t:|1743833097
|switch|p1a: Landorus|Landorus-Therian, M, tera:Flying|100/100
|-damage|p1a: Landorus|76/100|[from] Stealth Rock
|-ability|p1a: Landorus|Intimidate|boost
|-unboost|p2a: Dance Armstrong|atk|1
|move|p2a: Dance Armstrong|Knock Off|p1a: Landorus
|-damage|p1a: Landorus|58/100
|-enditem|p1a: Landorus|Choice Scarf|[from] move: Knock Off|[of] p2a: Dance Armstrong
|
|-heal|p2a: Dance Armstrong|64/100 tox|[from] ability: Poison Heal
|upkeep
|turn|19
|
|t:|1743833101
|move|p2a: Dance Armstrong|Protect|p2a: Dance Armstrong
|-singleturn|p2a: Dance Armstrong|Protect
|move|p1a: Landorus|Tera Blast|p2a: Dance Armstrong|[anim] Tera Blast Flying
|-activate|p2a: Dance Armstrong|move: Protect
|
|-heal|p2a: Dance Armstrong|76/100 tox|[from] ability: Poison Heal
|upkeep
|turn|20
|
|t:|1743833111
|move|p2a: Dance Armstrong|Facade|p1a: Landorus
|-damage|p1a: Landorus|32/100
|move|p1a: Landorus|Tera Blast|p2a: Dance Armstrong|[anim] Tera Blast Flying
|-damage|p2a: Dance Armstrong|25/100 tox
|
|-heal|p2a: Dance Armstrong|38/100 tox|[from] ability: Poison Heal
|upkeep
|turn|21
|
|t:|1743833121
|move|p2a: Dance Armstrong|Protect|p2a: Dance Armstrong
|-singleturn|p2a: Dance Armstrong|Protect
|move|p1a: Landorus|Tera Blast|p2a: Dance Armstrong|[anim] Tera Blast Flying
|-activate|p2a: Dance Armstrong|move: Protect
|
|-heal|p2a: Dance Armstrong|50/100 tox|[from] ability: Poison Heal
|upkeep
|turn|22
|
|t:|1743833132
|switch|p2a: Tchavis Scott|Sinistcha|5/100
|move|p1a: Landorus|Tera Blast|p2a: Tchavis Scott|[anim] Tera Blast Flying
|-supereffective|p2a: Tchavis Scott
|-damage|p2a: Tchavis Scott|0 fnt
|faint|p2a: Tchavis Scott
|
|upkeep
|
|t:|1743833135
|switch|p2a: Dance Armstrong|Gliscor, M|50/100 tox
|-damage|p2a: Dance Armstrong|38/100 tox|[from] Stealth Rock
|turn|23
|
|t:|1743833138
|move|p2a: Dance Armstrong|Facade|p1a: Landorus
|-damage|p1a: Landorus|0 fnt
|faint|p1a: Landorus
|
|-heal|p2a: Dance Armstrong|50/100 tox|[from] ability: Poison Heal
|upkeep
|
|t:|1743833142
|switch|p1a: Keldeo|Keldeo|32/100
|-damage|p1a: Keldeo|20/100|[from] Spikes
|-damage|p1a: Keldeo|14/100|[from] Stealth Rock
|turn|24
|
|t:|1743833148
|move|p2a: Dance Armstrong|Protect|p2a: Dance Armstrong
|-singleturn|p2a: Dance Armstrong|Protect
|move|p1a: Keldeo|Surf|p2a: Dance Armstrong
|-activate|p2a: Dance Armstrong|move: Protect
|
|-heal|p2a: Dance Armstrong|63/100 tox|[from] ability: Poison Heal
|upkeep
|turn|25
|
|t:|1743833151
|switch|p2a: Secret Service|Dragonite, F|84/100
|move|p1a: Keldeo|Surf|p2a: Secret Service
|-resisted|p2a: Secret Service
|-damage|p2a: Secret Service|63/100
|
|upkeep
|turn|26
|
|t:|1743833155
|move|p1a: Keldeo|Surf|p2a: Secret Service
|-resisted|p2a: Secret Service
|-damage|p2a: Secret Service|42/100
|move|p2a: Secret Service|Dragon Tail|p1a: Keldeo
|-damage|p1a: Keldeo|0 fnt
|faint|p1a: Keldeo
|
|upkeep
|
|t:|1743833175
|switch|p1a: Sinistcha|Sinistcha|100/100
|turn|27
|
|t:|1743833180
|switch|p2a: Tinkki Minaj|Tinkaton, F|49/100
|-damage|p2a: Tinkki Minaj|43/100|[from] Stealth Rock
|-ability|p2a: Tinkki Minaj|Mold Breaker
|move|p1a: Sinistcha|Calm Mind|p1a: Sinistcha
|-boost|p1a: Sinistcha|spa|1
|-boost|p1a: Sinistcha|spd|1
|
|upkeep
|turn|28
|
|t:|1743833189
|switch|p1a: Dragonite|Dragonite, F|100/100
|move|p2a: Tinkki Minaj|Encore||[still]
|-fail|p2a: Tinkki Minaj
|
|upkeep
|turn|29
|
|t:|1743833195
|move|p2a: Tinkki Minaj|Thunder Wave|p1a: Dragonite|[miss]
|-miss|p2a: Tinkki Minaj|p1a: Dragonite
|move|p1a: Dragonite|Earthquake|p2a: Tinkki Minaj
|-supereffective|p2a: Tinkki Minaj
|-damage|p2a: Tinkki Minaj|0 fnt
|faint|p2a: Tinkki Minaj
|
|upkeep
|
|t:|1743833201
|switch|p2a: Dance Armstrong|Gliscor, M|63/100 tox
|-damage|p2a: Dance Armstrong|50/100 tox|[from] Stealth Rock
|turn|30
|
|t:|1743833216
|-terastallize|p2a: Dance Armstrong|Normal
|move|p2a: Dance Armstrong|Knock Off|p1a: Dragonite
|-damage|p1a: Dragonite|91/100
|-enditem|p1a: Dragonite|Heavy-Duty Boots|[from] move: Knock Off|[of] p2a: Dance Armstrong
|move|p1a: Dragonite|Dragon Tail|p2a: Dance Armstrong
|-damage|p2a: Dance Armstrong|25/100 tox
|drag|p2a: Cuphead|Ting-Lu|96/100
|-damage|p2a: Cuphead|90/100|[from] Stealth Rock
|-ability|p2a: Cuphead|Vessel of Ruin
|
|upkeep
|turn|31
|
|t:|1743833221
|move|p1a: Dragonite|Earthquake|p2a: Cuphead
|-damage|p2a: Cuphead|70/100
|move|p2a: Cuphead|Spikes|p1a: Dragonite
|-sidestart|p1: superawsmlandot|Spikes
|
|upkeep
|turn|32
|
|t:|1743833225
|move|p1a: Dragonite|Earthquake|p2a: Cuphead
|-damage|p2a: Cuphead|49/100
|move|p2a: Cuphead|Whirlwind|p1a: Dragonite
|drag|p1a: Ting-Lu|Ting-Lu|94/100
|-damage|p1a: Ting-Lu|78/100|[from] Spikes
|-damage|p1a: Ting-Lu|71/100|[from] Stealth Rock
|-ability|p1a: Ting-Lu|Vessel of Ruin
|
|upkeep
|turn|33
|
|t:|1743833233
|switch|p2a: Dance Armstrong|Gliscor, M, tera:Normal|25/100 tox
|-damage|p2a: Dance Armstrong|12/100 tox|[from] Stealth Rock
|move|p1a: Ting-Lu|Ruination|p2a: Dance Armstrong
|-damage|p2a: Dance Armstrong|6/100 tox
|
|-heal|p2a: Dance Armstrong|19/100 tox|[from] ability: Poison Heal
|upkeep
|turn|34
|
|t:|1743833236
|move|p2a: Dance Armstrong|Protect|p2a: Dance Armstrong
|-singleturn|p2a: Dance Armstrong|Protect
|move|p1a: Ting-Lu|Earthquake|p2a: Dance Armstrong
|-activate|p2a: Dance Armstrong|move: Protect
|
|-heal|p2a: Dance Armstrong|31/100 tox|[from] ability: Poison Heal
|upkeep
|turn|35
|
|t:|1743833239
|move|p2a: Dance Armstrong|Facade|p1a: Ting-Lu
|-crit|p1a: Ting-Lu
|-damage|p1a: Ting-Lu|35/100
|move|p1a: Ting-Lu|Earthquake|p2a: Dance Armstrong
|-damage|p2a: Dance Armstrong|0 fnt
|faint|p2a: Dance Armstrong
|
|upkeep
|
|t:|1743833241
|switch|p2a: My Little Pwny|Keldeo|100/100
|turn|36
|
|t:|1743833246
|move|p2a: My Little Pwny|Surf|p1a: Ting-Lu
|-supereffective|p1a: Ting-Lu
|-damage|p1a: Ting-Lu|0 fnt
|faint|p1a: Ting-Lu
|
|upkeep
|
|t:|1743833249
|switch|p1a: Sinistcha|Sinistcha|100/100
|turn|37
|
|t:|1743833255
|move|p2a: My Little Pwny|Surf|p1a: Sinistcha
|-resisted|p1a: Sinistcha
|-damage|p1a: Sinistcha|75/100
|move|p1a: Sinistcha|Calm Mind|p1a: Sinistcha
|-boost|p1a: Sinistcha|spa|1
|-boost|p1a: Sinistcha|spd|1
|
|upkeep
|turn|38
|-message|Shadow4cTest3r forfeited.
|
|win|superawsmlandot
|raw|superawsmlandot's rating: 1505 &rarr; <strong>1528</strong><br />(+23 for winning)
|raw|Shadow4cTest3r's rating: 1559 &rarr; <strong>1536</strong><br />(-23 for losing)
|l|☆Shadow4cTest3r
|player|p2|
|l|☆superawsmlandot
|player|p1|
