|j|☆izoky
|j|☆rulez90
|t:|1743871477
|gametype|singles
|player|p1|izoky|picnicker|1212
|player|p2|rulez90|169|1213
|teamsize|p1|6
|teamsize|p2|6
|gen|9
|tier|[Gen 9] OU
|rated|
|rule|HP Percentage Mod: HP is shown in percentages
|rule|Endless Battle Clause: Forcing endless battles is banned
|rule|Species Clause: Limit one of each Pokémon
|rule|OHKO Clause: OHKO moves are banned
|rule|Evasion Items Clause: Evasion items are banned
|rule|Evasion Moves Clause: Evasion moves are banned
|rule|Sleep Moves Clause: Sleep-inducing moves are banned
|clearpoke
|poke|p1|Corviknight, M|
|poke|p1|Clodsire, F|
|poke|p1|Rotom-Wash|
|poke|p1|Meowscarada, M|
|poke|p1|Whimsicott, F|
|poke|p1|Blaziken, F|
|poke|p2|Torkoal, F|
|poke|p2|Comfey, M|
|poke|p2|Charizard, F|
|poke|p2|Walking Wake|
|poke|p2|Great Tusk|
|poke|p2|Victreebel, M|
|teampreview
|inactive|Battle timer is ON: inactive players will automatically lose when time's up. (requested by izoky)
|
|t:|1743871492
|start
|switch|p1a: Whimsicott|Whimsicott, F|100/100
|switch|p2a: Torkoal|Torkoal, F|100/100
|-weather|SunnyDay|[from] ability: Drought|[of] p2a: Torkoal
|turn|1
|
|t:|1743871507
|move|p1a: Whimsicott|U-turn|p2a: Torkoal
|-resisted|p2a: Torkoal
|-damage|p2a: Torkoal|96/100
|
|t:|1743871510
|switch|p1a: Clodsire|Clodsire, F|100/100|[from] U-turn
|move|p2a: Torkoal|Lava Plume|p1a: Clodsire
|-damage|p1a: Clodsire|80/100
|-status|p1a: Clodsire|brn
|
|-weather|SunnyDay|[upkeep]
|-heal|p1a: Clodsire|86/100 brn|[from] item: Black Sludge
|-damage|p1a: Clodsire|80/100 brn|[from] brn
|upkeep
|turn|2
|
|t:|1743871523
|switch|p2a: Victreebel|Victreebel, M|100/100
|move|p1a: Clodsire|Stealth Rock|p2a: Victreebel
|-sidestart|p2: rulez90|move: Stealth Rock
|
|-weather|SunnyDay|[upkeep]
|-heal|p1a: Clodsire|86/100 brn|[from] item: Black Sludge
|-damage|p1a: Clodsire|80/100 brn|[from] brn
|upkeep
|turn|3
|
|t:|1743871538
|switch|p1a: Whimsicott|Whimsicott, F|100/100
|move|p2a: Victreebel|Growth|p2a: Victreebel
|-boost|p2a: Victreebel|atk|2
|-boost|p2a: Victreebel|spa|2
|
|-weather|SunnyDay|[upkeep]
|upkeep
|turn|4
|
|t:|1743871552
|move|p1a: Whimsicott|Encore|p2a: Victreebel
|-start|p2a: Victreebel|Encore
|move|p2a: Victreebel|Growth|p2a: Victreebel
|-boost|p2a: Victreebel|atk|2
|-boost|p2a: Victreebel|spa|2
|
|-weather|SunnyDay|[upkeep]
|upkeep
|turn|5
|
|t:|1743871565
|switch|p1a: Meowscarada|Meowscarada, M|100/100
|move|p2a: Victreebel|Growth|p2a: Victreebel
|-boost|p2a: Victreebel|atk|2
|-boost|p2a: Victreebel|spa|2
|
|-weather|SunnyDay|[upkeep]
|upkeep
|turn|6
|
|t:|1743871577
|move|p2a: Victreebel|Growth|p2a: Victreebel
|-boost|p2a: Victreebel|atk|0
|-boost|p2a: Victreebel|spa|0
|move|p1a: Meowscarada|Triple Axel|p2a: Victreebel
|-start|p1a: Meowscarada|typechange|Ice|[from] ability: Protean
|-supereffective|p2a: Victreebel
|-damage|p2a: Victreebel|65/100
|-supereffective|p2a: Victreebel
|-damage|p2a: Victreebel|0 fnt
|faint|p2a: Victreebel
|-hitcount|p2: Victreebel|2
|
|-weather|SunnyDay|[upkeep]
|upkeep
|
|t:|1743871602
|switch|p2a: Great Tusk|Great Tusk|100/100
|-damage|p2a: Great Tusk|97/100|[from] Stealth Rock
|-activate|p2a: Great Tusk|ability: Protosynthesis
|-start|p2a: Great Tusk|protosynthesisdef
|turn|7
|
|t:|1743871614
|switch|p1a: Corviknight|Corviknight, M|100/100
|move|p2a: Great Tusk|Rapid Spin|p1a: Corviknight
|-resisted|p1a: Corviknight
|-damage|p1a: Corviknight|96/100
|-boost|p2a: Great Tusk|spe|1
|-damage|p2a: Great Tusk|81/100|[from] item: Rocky Helmet|[of] p1a: Corviknight
|-sideend|p2: rulez90|Stealth Rock|[from] move: Rapid Spin|[of] p2a: Great Tusk
|
|-weather|SunnyDay|[upkeep]
|upkeep
|turn|8
|
|t:|1743871637
|-end|p2a: Great Tusk|Protosynthesis|[silent]
|switch|p2a: Charizard|Charizard, F|100/100
|switch|p1a: Rotom|Rotom-Wash|100/100
|
|-weather|none
|upkeep
|turn|9
|
|t:|1743871649
|switch|p2a: Torkoal|Torkoal, F|96/100
|-weather|SunnyDay|[from] ability: Drought|[of] p2a: Torkoal
|move|p1a: Rotom|Hydro Pump|p2a: Torkoal
|-supereffective|p2a: Torkoal
|-damage|p2a: Torkoal|50/100
|
|-weather|SunnyDay|[upkeep]
|upkeep
|turn|10
|
|t:|1743871664
|move|p1a: Rotom|Hydro Pump|p2a: Torkoal
|-supereffective|p2a: Torkoal
|-damage|p2a: Torkoal|9/100
|move|p2a: Torkoal|Stealth Rock|p1a: Rotom
|-sidestart|p1: izoky|move: Stealth Rock
|
|-weather|SunnyDay|[upkeep]
|upkeep
|turn|11
|
|t:|1743871673
|switch|p1a: Clodsire|Clodsire, F|80/100 brn
|-damage|p1a: Clodsire|74/100 brn|[from] Stealth Rock
|switch|p2a: Comfey|Comfey, M|100/100
|
|-weather|SunnyDay|[upkeep]
|-heal|p1a: Clodsire|80/100 brn|[from] item: Black Sludge
|-damage|p1a: Clodsire|74/100 brn|[from] brn
|upkeep
|turn|12
|
|t:|1743871684
|move|p2a: Comfey|Growth|p2a: Comfey
|-boost|p2a: Comfey|atk|2
|-boost|p2a: Comfey|spa|2
|move|p1a: Clodsire|Toxic|p2a: Comfey
|-status|p2a: Comfey|tox
|
|-weather|SunnyDay|[upkeep]
|-heal|p1a: Clodsire|80/100 brn|[from] item: Black Sludge
|-damage|p2a: Comfey|94/100 tox|[from] psn
|-damage|p1a: Clodsire|74/100 brn|[from] brn
|upkeep
|turn|13
|
|t:|1743871699
|move|p2a: Comfey|Draining Kiss|p1a: Clodsire
|-resisted|p1a: Clodsire
|-damage|p1a: Clodsire|70/100 brn
|-heal|p2a: Comfey|99/100 tox|[from] drain|[of] p1a: Clodsire
|move|p1a: Clodsire|Stealth Rock|p2a: Comfey
|-sidestart|p2: rulez90|move: Stealth Rock
|
|-weather|SunnyDay|[upkeep]
|-heal|p1a: Clodsire|76/100 brn|[from] item: Black Sludge
|-damage|p2a: Comfey|86/100 tox|[from] psn
|-damage|p1a: Clodsire|70/100 brn|[from] brn
|upkeep
|turn|14
|
|t:|1743871711
|move|p2a: Comfey|Growth|p2a: Comfey
|-boost|p2a: Comfey|atk|2
|-boost|p2a: Comfey|spa|2
|move|p1a: Clodsire|Toxic|p2a: Comfey
|-fail|p2a: Comfey|tox
|
|-weather|SunnyDay|[upkeep]
|-heal|p1a: Clodsire|76/100 brn|[from] item: Black Sludge
|-damage|p2a: Comfey|68/100 tox|[from] psn
|-damage|p1a: Clodsire|70/100 brn|[from] brn
|upkeep
|turn|15
|
|t:|1743871729
|move|p2a: Comfey|Growth|p2a: Comfey
|-boost|p2a: Comfey|atk|2
|-boost|p2a: Comfey|spa|2
|move|p1a: Clodsire|Recover|p1a: Clodsire
|-heal|p1a: Clodsire|100/100 brn
|
|-weather|SunnyDay|[upkeep]
|-damage|p2a: Comfey|43/100 tox|[from] psn
|-damage|p1a: Clodsire|94/100 brn|[from] brn
|upkeep
|turn|16
|
|t:|1743871742
|-terastallize|p2a: Comfey|Grass
|move|p2a: Comfey|Giga Drain|p1a: Clodsire
|-damage|p1a: Clodsire|83/100 brn
|-heal|p2a: Comfey|51/100 tox|[from] drain|[of] p1a: Clodsire
|move|p1a: Clodsire|Recover|p1a: Clodsire
|-heal|p1a: Clodsire|100/100 brn
|
|-weather|none
|-damage|p2a: Comfey|20/100 tox|[from] psn
|-damage|p1a: Clodsire|94/100 brn|[from] brn
|upkeep
|turn|17
|-message|rulez90 forfeited.
|
|win|izoky
|raw|izoky's rating: 1212 &rarr; <strong>1237</strong><br />(+25 for winning)
|raw|rulez90's rating: 1213 &rarr; <strong>1188</strong><br />(-25 for losing)
|l|☆rulez90
|player|p2|
|l|☆izoky
|player|p1|
|j|☆izoky
|player|p1|izoky|picnicker|
|l|☆izoky
|player|p1|
