|j|☆Boneless Yoga
|j|☆Monsieur Craw
|t:|1743896042
|gametype|singles
|player|p1|Boneless Yoga|alec-anime|1709
|player|p2|Monsieur Craw|cynthia-gen4|1709
|teamsize|p1|6
|teamsize|p2|6
|gen|9
|tier|[Gen 9] OU
|rated|
|rule|HP Percentage Mod: HP is shown in percentages
|rule|Endless Battle Clause: Forcing endless battles is banned
|rule|Species Clause: Limit one of each Pokémon
|rule|OHKO Clause: OHKO moves are banned
|rule|Evasion Items Clause: Evasion items are banned
|rule|Evasion Moves Clause: Evasion moves are banned
|rule|Sleep Moves Clause: Sleep-inducing moves are banned
|clearpoke
|poke|p1|Alomomola, F|
|poke|p1|Lokix, M|
|poke|p1|Hatterene, F|
|poke|p1|Landorus-Therian, M|
|poke|p1|Kyurem|
|poke|p1|Cinderace, F|
|poke|p2|Ogerpon-Wellspring, F|
|poke|p2|Rillaboom, F|
|poke|p2|Iron Moth|
|poke|p2|Hawlucha, F|
|poke|p2|Raging Bolt|
|poke|p2|Iron Treads|
|teampreview
|inactive|Battle timer is ON: inactive players will automatically lose when time's up. (requested by Monsieur Craw)
|
|t:|1743896065
|start
|switch|p1a: Lokix|Lokix, M|100/100
|switch|p2a: Ogerpon|Ogerpon-Wellspring, F|100/100
|turn|1
|inactive|Monsieur Craw has 120 seconds left.
|
|t:|1743896108
|-terastallize|p2a: Ogerpon|Water
|detailschange|p2a: Ogerpon|Ogerpon-Wellspring-Tera, F, tera:Water
|-ability|p2a: Ogerpon|Embody Aspect (Wellspring)|boost
|-boost|p2a: Ogerpon|spd|1
|move|p2a: Ogerpon|Ivy Cudgel|p1a: Lokix|[anim] Ivy Cudgel Water
|-damage|p1a: Lokix|0 fnt
|faint|p1a: Lokix
|
|upkeep
|
|t:|1743896113
|switch|p1a: Cinderace|Cinderace, F|100/100
|turn|2
|inactive|Monsieur Craw has 120 seconds left.
|
|t:|1743896125
|switch|p2a: Iron Moth|Iron Moth|100/100
|-enditem|p2a: Iron Moth|Booster Energy
|-activate|p2a: Iron Moth|ability: Quark Drive|[fromitem]
|-start|p2a: Iron Moth|quarkdrivespe
|move|p1a: Cinderace|U-turn|p2a: Iron Moth
|-start|p1a: Cinderace|typechange|Bug|[from] ability: Libero
|-resisted|p2a: Iron Moth
|-crit|p2a: Iron Moth
|-damage|p2a: Iron Moth|83/100
|
|t:|1743896130
|switch|p1a: Kyurem|Kyurem|100/100|[from] U-turn
|-ability|p1a: Kyurem|Pressure
|
|upkeep
|turn|3
|j| I like Glaceon yay
|inactive|Monsieur Craw has 120 seconds left.
|
|t:|1743896142
|move|p2a: Iron Moth|Sludge Wave|p1a: Kyurem
|-damage|p1a: Kyurem|59/100
|-status|p1a: Kyurem|psn
|move|p1a: Kyurem|Earth Power|p2a: Iron Moth
|-supereffective|p2a: Iron Moth
|-damage|p2a: Iron Moth|0 fnt
|faint|p2a: Iron Moth
|-end|p2a: Iron Moth|Quark Drive|[silent]
|
|-heal|p1a: Kyurem|65/100 psn|[from] item: Leftovers
|-damage|p1a: Kyurem|53/100 psn|[from] psn
|upkeep
|inactive|Monsieur Craw has 120 seconds left.
|
|t:|1743896151
|switch|p2a: Iron Treads|Iron Treads|100/100
|-enditem|p2a: Iron Treads|Booster Energy
|-activate|p2a: Iron Treads|ability: Quark Drive|[fromitem]
|-start|p2a: Iron Treads|quarkdrivespe
|turn|4
|c|☆Boneless Yoga|that sucks
|
|t:|1743896158
|switch|p1a: Landorus|Landorus-Therian, M|100/100
|-ability|p1a: Landorus|Intimidate|boost
|-unboost|p2a: Iron Treads|atk|1
|move|p2a: Iron Treads|Steel Beam|p1a: Landorus
|-damage|p1a: Landorus|60/100
|-damage|p2a: Iron Treads|50/100|[from] steelbeam
|
|upkeep
|turn|5
|c|☆Monsieur Craw|i dont care
|
|t:|1743896170
|move|p2a: Iron Treads|Stealth Rock|p1a: Landorus
|-sidestart|p1: Boneless Yoga|move: Stealth Rock
|move|p1a: Landorus|Stealth Rock|p2a: Iron Treads
|-sidestart|p2: Monsieur Craw|move: Stealth Rock
|
|upkeep
|turn|6
|
|t:|1743896175
|move|p2a: Iron Treads|Rapid Spin|p1a: Landorus
|-damage|p1a: Landorus|52/100
|-boost|p2a: Iron Treads|spe|1
|-damage|p2a: Iron Treads|34/100|[from] item: Rocky Helmet|[of] p1a: Landorus
|-sideend|p2: Monsieur Craw|Stealth Rock|[from] move: Rapid Spin|[of] p2a: Iron Treads
|move|p1a: Landorus|Earthquake|p2a: Iron Treads
|-supereffective|p2a: Iron Treads
|-damage|p2a: Iron Treads|0 fnt
|faint|p2a: Iron Treads
|-end|p2a: Iron Treads|Quark Drive|[silent]
|
|upkeep
|
|t:|1743896182
|switch|p2a: Ogerpon|Ogerpon-Wellspring-Tera, F, tera:Water|100/100
|-ability|p2a: Ogerpon|Embody Aspect (Wellspring)|boost
|-boost|p2a: Ogerpon|spd|1
|turn|7
|
|t:|1743896185
|switch|p1a: Alomomola|Alomomola, F|100/100
|-damage|p1a: Alomomola|88/100|[from] Stealth Rock
|move|p2a: Ogerpon|Ivy Cudgel|p1a: Alomomola|[anim] Ivy Cudgel Water
|-resisted|p1a: Alomomola
|-crit|p1a: Alomomola
|-damage|p1a: Alomomola|51/100
|-enditem|p1a: Alomomola|Eject Button
|
|t:|1743896191
|switch|p1a: Cinderace|Cinderace, F|100/100
|
|upkeep
|turn|8
|
|t:|1743896198
|switch|p2a: Rillaboom|Rillaboom, F|100/100
|-fieldstart|move: Grassy Terrain|[from] ability: Grassy Surge|[of] p2a: Rillaboom
|move|p1a: Cinderace|U-turn|p2a: Rillaboom
|-start|p1a: Cinderace|typechange|Bug|[from] ability: Libero
|-supereffective|p2a: Rillaboom
|-damage|p2a: Rillaboom|32/100
|
|t:|1743896203
|switch|p1a: Kyurem|Kyurem|53/100 psn|[from] U-turn
|-damage|p1a: Kyurem|28/100 psn|[from] Stealth Rock
|-ability|p1a: Kyurem|Pressure
|
|-heal|p1a: Kyurem|34/100 psn|[from] Grassy Terrain
|-heal|p1a: Kyurem|40/100 psn|[from] item: Leftovers
|-heal|p2a: Rillaboom|38/100|[from] Grassy Terrain
|-damage|p1a: Kyurem|28/100 psn|[from] psn
|upkeep
|turn|9
|
|t:|1743896216
|switch|p2a: Ogerpon|Ogerpon-Wellspring-Tera, F, tera:Water|100/100
|-ability|p2a: Ogerpon|Embody Aspect (Wellspring)|boost
|-boost|p2a: Ogerpon|spd|1
|move|p1a: Kyurem|Freeze-Dry|p2a: Ogerpon
|-supereffective|p2a: Ogerpon
|-damage|p2a: Ogerpon|36/100
|
|-heal|p2a: Ogerpon|42/100|[from] Grassy Terrain
|-heal|p1a: Kyurem|34/100 psn|[from] Grassy Terrain
|-heal|p1a: Kyurem|40/100 psn|[from] item: Leftovers
|-damage|p1a: Kyurem|28/100 psn|[from] psn
|upkeep
|turn|10
|
|t:|1743896229
|move|p2a: Ogerpon|Knock Off|p1a: Kyurem
|-damage|p1a: Kyurem|0 fnt
|-enditem|p1a: Kyurem|Leftovers|[from] move: Knock Off|[of] p2a: Ogerpon
|faint|p1a: Kyurem
|
|-heal|p2a: Ogerpon|48/100|[from] Grassy Terrain
|upkeep
|
|t:|1743896231
|switch|p1a: Cinderace|Cinderace, F|100/100
|turn|11
|
|t:|1743896240
|switch|p2a: Rillaboom|Rillaboom, F|38/100
|move|p1a: Cinderace|U-turn|p2a: Rillaboom
|-start|p1a: Cinderace|typechange|Bug|[from] ability: Libero
|-supereffective|p2a: Rillaboom
|-damage|p2a: Rillaboom|0 fnt
|faint|p2a: Rillaboom
|
|t:|1743896248
|switch|p1a: Hatterene|Hatterene, F|100/100|[from] U-turn
|-damage|p1a: Hatterene|88/100|[from] Stealth Rock
|
|-heal|p1a: Hatterene|94/100|[from] Grassy Terrain
|upkeep
|
|t:|1743896253
|switch|p2a: Ogerpon|Ogerpon-Wellspring-Tera, F, tera:Water|48/100
|-ability|p2a: Ogerpon|Embody Aspect (Wellspring)|boost
|-boost|p2a: Ogerpon|spd|1
|turn|12
|
|t:|1743896262
|switch|p1a: Alomomola|Alomomola, F|85/100
|-damage|p1a: Alomomola|72/100|[from] Stealth Rock
|move|p2a: Ogerpon|Ivy Cudgel|p1a: Alomomola|[anim] Ivy Cudgel Water
|-resisted|p1a: Alomomola
|-damage|p1a: Alomomola|47/100
|
|-heal|p2a: Ogerpon|54/100|[from] Grassy Terrain
|-heal|p1a: Alomomola|54/100|[from] Grassy Terrain
|upkeep
|turn|13
|
|t:|1743896277
|switch|p1a: Landorus|Landorus-Therian, M|52/100
|-damage|p1a: Landorus|40/100|[from] Stealth Rock
|-ability|p1a: Landorus|Intimidate|boost
|-unboost|p2a: Ogerpon|atk|1
|move|p2a: Ogerpon|Swords Dance|p2a: Ogerpon
|-boost|p2a: Ogerpon|atk|2
|
|-heal|p2a: Ogerpon|60/100|[from] Grassy Terrain
|upkeep
|turn|14
|
|t:|1743896296
|switch|p1a: Alomomola|Alomomola, F|87/100
|-damage|p1a: Alomomola|75/100|[from] Stealth Rock
|move|p2a: Ogerpon|Grassy Glide|p1a: Alomomola
|-supereffective|p1a: Alomomola
|-damage|p1a: Alomomola|0 fnt
|faint|p1a: Alomomola
|
|-heal|p2a: Ogerpon|66/100|[from] Grassy Terrain
|upkeep
|
|t:|1743896301
|switch|p1a: Cinderace|Cinderace, F|100/100
|turn|15
|
|t:|1743896314
|switch|p2a: Hawlucha|Hawlucha, F|100/100
|-enditem|p2a: Hawlucha|Grassy Seed
|-boost|p2a: Hawlucha|def|1|[from] item: Grassy Seed
|move|p1a: Cinderace|U-turn|p2a: Hawlucha
|-start|p1a: Cinderace|typechange|Bug|[from] ability: Libero
|-resisted|p2a: Hawlucha
|-damage|p2a: Hawlucha|93/100
|
|t:|1743896321
|switch|p1a: Hatterene|Hatterene, F|94/100|[from] U-turn
|-damage|p1a: Hatterene|82/100|[from] Stealth Rock
|
|-heal|p1a: Hatterene|88/100|[from] Grassy Terrain
|-fieldend|move: Grassy Terrain
|upkeep
|turn|16
|
|t:|1743896327
|move|p2a: Hawlucha|Acrobatics|p1a: Hatterene
|-damage|p1a: Hatterene|40/100
|-enditem|p1a: Hatterene|Eject Button
|
|t:|1743896334
|switch|p1a: Cinderace|Cinderace, F|100/100
|
|upkeep
|turn|17
|
|t:|1743896340
|move|p2a: Hawlucha|Swords Dance|p2a: Hawlucha
|-boost|p2a: Hawlucha|atk|2
|move|p1a: Cinderace|Pyro Ball|p2a: Hawlucha
|-damage|p2a: Hawlucha|47/100
|
|upkeep
|turn|18
|l|☆Boneless Yoga
|inactive|Boneless Yoga disconnected and has a minute to reconnect!
|player|p1|
|inactive|Boneless Yoga has 30 seconds to reconnect!
|inactive|Boneless Yoga has 20 seconds to reconnect!
|inactive|Boneless Yoga has 15 seconds to reconnect!
|inactive|Boneless Yoga has 10 seconds to reconnect!
|inactive|Boneless Yoga has 5 seconds to reconnect!
|-message|Boneless Yoga lost due to inactivity.
|
|win|Monsieur Craw
|raw|Boneless Yoga's rating: 1709 &rarr; <strong>1689</strong><br />(-20 for losing)
|raw|Monsieur Craw's rating: 1709 &rarr; <strong>1729</strong><br />(+20 for winning)
