|j|☆Segahay
|j|☆4arms67
|t:|1743870112
|gametype|singles
|player|p1|Segahay|265|1451
|player|p2|4arms67|266|1373
|teamsize|p1|6
|teamsize|p2|6
|gen|9
|tier|[Gen 9] OU
|rated|
|rule|HP Percentage Mod: HP is shown in percentages
|rule|Endless Battle Clause: Forcing endless battles is banned
|rule|Species Clause: Limit one of each Pokémon
|rule|OHKO Clause: OHKO moves are banned
|rule|Evasion Items Clause: Evasion items are banned
|rule|Evasion Moves Clause: Evasion moves are banned
|rule|Sleep Moves Clause: Sleep-inducing moves are banned
|clearpoke
|poke|p1|Rillaboom, M|
|poke|p1|Hawlucha, M|
|poke|p1|Garganacl, M|
|poke|p1|Slowbro-Galar, M|
|poke|p1|Excadrill, F|
|poke|p1|Glimmora, M|
|poke|p2|Thundurus-Therian, M|
|poke|p2|Meowscarada, F|
|poke|p2|Hatterene, F|
|poke|p2|Great Tusk|
|poke|p2|Toxapex, M|
|poke|p2|Slither Wing|
|teampreview
|inactive|Battle timer is ON: inactive players will automatically lose when time's up. (requested by Segahay)
|
|t:|1743870119
|start
|switch|p1a: Rillaboom|Rillaboom, M|100/100
|switch|p2a: Meowscarada|Meowscarada, F|100/100
|-fieldstart|move: Grassy Terrain|[from] ability: Grassy Surge|[of] p1a: Rillaboom
|turn|1
|
|t:|1743870123
|move|p1a: Rillaboom|Fake Out|p2a: Meowscarada
|-crit|p2a: Meowscarada
|-damage|p2a: Meowscarada|67/100
|cant|p2a: Meowscarada|flinch
|
|-heal|p2a: Meowscarada|73/100|[from] Grassy Terrain
|upkeep
|turn|2
|
|t:|1743870128
|move|p2a: Meowscarada|U-turn|p1a: Rillaboom
|-start|p2a: Meowscarada|typechange|Bug|[from] ability: Protean
|-supereffective|p1a: Rillaboom
|-damage|p1a: Rillaboom|29/100
|
|t:|1743870146
|switch|p2a: Slither Wing|Slither Wing|100/100|[from] U-turn
|move|p1a: Rillaboom|U-turn|p2a: Slither Wing
|-resisted|p2a: Slither Wing
|-damage|p2a: Slither Wing|83/100
|
|t:|1743870150
|switch|p1a: Hawlucha|Hawlucha, M|100/100|[from] U-turn
|-enditem|p1a: Hawlucha|Grassy Seed
|-boost|p1a: Hawlucha|def|1|[from] item: Grassy Seed
|
|-heal|p2a: Slither Wing|90/100|[from] Grassy Terrain
|upkeep
|turn|3
|
|t:|1743870168
|-end|p2a: Slither Wing|Protosynthesis|[silent]
|switch|p2a: Toxapex|Toxapex, M|100/100
|-terastallize|p1a: Hawlucha|Ground
|move|p1a: Hawlucha|Swords Dance|p1a: Hawlucha
|-boost|p1a: Hawlucha|atk|2
|
|upkeep
|turn|4
|
|t:|1743870174
|move|p1a: Hawlucha|Acrobatics|p2a: Toxapex
|-damage|p2a: Toxapex|21/100
|move|p2a: Toxapex|Surf|p1a: Hawlucha
|-supereffective|p1a: Hawlucha
|-damage|p1a: Hawlucha|0 fnt
|faint|p1a: Hawlucha
|
|-heal|p2a: Toxapex|27/100|[from] Grassy Terrain
|upkeep
|
|t:|1743870181
|switch|p1a: Rillaboom|Rillaboom, M|29/100
|turn|5
|
|t:|1743870184
|switch|p2a: Slither Wing|Slither Wing|90/100
|move|p1a: Rillaboom|Knock Off|p2a: Slither Wing
|-resisted|p2a: Slither Wing
|-damage|p2a: Slither Wing|67/100
|-enditem|p2a: Slither Wing|Assault Vest|[from] move: Knock Off|[of] p1a: Rillaboom
|
|-heal|p2a: Slither Wing|73/100|[from] Grassy Terrain
|-heal|p1a: Rillaboom|35/100|[from] Grassy Terrain
|-fieldend|move: Grassy Terrain
|upkeep
|turn|6
|
|t:|1743870194
|switch|p1a: Garganacl|Garganacl, M|100/100
|move|p2a: Slither Wing|First Impression|p1a: Garganacl
|-damage|p1a: Garganacl|65/100
|-damage|p2a: Slither Wing|57/100|[from] item: Rocky Helmet|[of] p1a: Garganacl
|
|upkeep
|turn|7
|inactive|4arms67 has 120 seconds left.
|l|☆4arms67
|inactive|4arms67 disconnected and has a minute to reconnect!
|player|p2|
|j|☆4arms67
|inactive|4arms67 reconnected and has 105 seconds left.
|player|p2|4arms67|266|
|
|t:|1743870244
|move|p2a: Slither Wing|Earthquake|p1a: Garganacl
|-supereffective|p1a: Garganacl
|-damage|p1a: Garganacl|15/100
|move|p1a: Garganacl|Salt Cure|p2a: Slither Wing
|-damage|p2a: Slither Wing|40/100
|-start|p2a: Slither Wing|Salt Cure
|
|-damage|p2a: Slither Wing|28/100|[from] Salt Cure
|upkeep
|turn|8
|
|t:|1743870249
|switch|p1a: Rillaboom|Rillaboom, M|35/100
|-fieldstart|move: Grassy Terrain|[from] ability: Grassy Surge|[of] p1a: Rillaboom
|move|p2a: Slither Wing|Earthquake|p1a: Rillaboom
|-resisted|p1a: Rillaboom
|-damage|p1a: Rillaboom|24/100
|
|-heal|p2a: Slither Wing|34/100|[from] Grassy Terrain
|-heal|p1a: Rillaboom|30/100|[from] Grassy Terrain
|-damage|p2a: Slither Wing|21/100|[from] Salt Cure
|upkeep
|turn|9
|
|t:|1743870253
|-end|p2a: Slither Wing|Protosynthesis|[silent]
|switch|p2a: Meowscarada|Meowscarada, F|73/100
|move|p1a: Rillaboom|Fake Out|p2a: Meowscarada
|-damage|p2a: Meowscarada|48/100
|
|-heal|p2a: Meowscarada|54/100|[from] Grassy Terrain
|-heal|p1a: Rillaboom|36/100|[from] Grassy Terrain
|upkeep
|turn|10
|
|t:|1743870261
|move|p2a: Meowscarada|U-turn|p1a: Rillaboom
|-start|p2a: Meowscarada|typechange|Bug|[from] ability: Protean
|-supereffective|p1a: Rillaboom
|-damage|p1a: Rillaboom|0 fnt
|faint|p1a: Rillaboom
|inactive|4arms67 has 120 seconds left.
|
|t:|1743870286
|switch|p2a: Thundurus|Thundurus-Therian, M|100/100|[from] U-turn
|
|upkeep
|
|t:|1743870290
|switch|p1a: Excadrill|Excadrill, F|100/100
|-ability|p1a: Excadrill|Mold Breaker
|-item|p1a: Excadrill|Air Balloon
|turn|11
|inactive|4arms67 has 120 seconds left.
|
|t:|1743870310
|switch|p2a: Great Tusk|Great Tusk|100/100
|move|p1a: Excadrill|Rapid Spin|p2a: Great Tusk
|-damage|p2a: Great Tusk|90/100
|-boost|p1a: Excadrill|spe|1
|-damage|p1a: Excadrill|84/100|[from] item: Rocky Helmet|[of] p2a: Great Tusk
|
|-heal|p2a: Great Tusk|96/100|[from] Grassy Terrain
|upkeep
|turn|12
|inactive|4arms67 has 90 seconds left.
|
|t:|1743870350
|move|p1a: Excadrill|Swords Dance|p1a: Excadrill
|-boost|p1a: Excadrill|atk|2
|move|p2a: Great Tusk|Ice Spinner|p1a: Excadrill
|-crit|p1a: Excadrill
|-damage|p1a: Excadrill|32/100
|-enditem|p1a: Excadrill|Air Balloon
|-fieldend|move: Grassy Terrain
|
|upkeep
|turn|13
|
|t:|1743870354
|move|p1a: Excadrill|Earthquake|p2a: Great Tusk
|-damage|p2a: Great Tusk|29/100
|move|p2a: Great Tusk|Headlong Rush|p1a: Excadrill
|-supereffective|p1a: Excadrill
|-damage|p1a: Excadrill|0 fnt
|-unboost|p2a: Great Tusk|def|1
|-unboost|p2a: Great Tusk|spd|1
|faint|p1a: Excadrill
|
|upkeep
|
|t:|1743870358
|switch|p1a: Slowbro|Slowbro-Galar, M, shiny|100/100
|turn|14
|inactive|4arms67 has 90 seconds left.
|-activate|p1a: Slowbro|ability: Quick Draw
|
|t:|1743870376
|move|p1a: Slowbro|Ice Beam|p2a: Great Tusk
|-supereffective|p2a: Great Tusk
|-damage|p2a: Great Tusk|0 fnt
|faint|p2a: Great Tusk
|-end|p2a: Great Tusk|Protosynthesis|[silent]
|
|upkeep
|
|t:|1743870378
|switch|p2a: Meowscarada|Meowscarada, F|54/100
|turn|15
|
|t:|1743870392
|move|p2a: Meowscarada|Knock Off|p1a: Slowbro
|-start|p2a: Meowscarada|typechange|Dark|[from] ability: Protean
|-supereffective|p1a: Slowbro
|-damage|p1a: Slowbro|4/100
|-enditem|p1a: Slowbro|Quick Claw|[from] move: Knock Off|[of] p2a: Meowscarada
|move|p1a: Slowbro|Shell Side Arm|p2a: Meowscarada|[anim] Shell Side Arm Special
|-damage|p2a: Meowscarada|0 fnt
|-hint|Special Shell Side Arm
|faint|p2a: Meowscarada
|
|upkeep
|
|t:|1743870394
|switch|p2a: Slither Wing|Slither Wing|21/100
|turn|16
|
|t:|1743870397
|switch|p1a: Garganacl|Garganacl, M|15/100
|move|p2a: Slither Wing|First Impression|p1a: Garganacl
|-damage|p1a: Garganacl|0 fnt
|-damage|p2a: Slither Wing|5/100|[from] item: Rocky Helmet|[of] p1a: Garganacl
|faint|p1a: Garganacl
|
|upkeep
|
|t:|1743870406
|switch|p1a: Slowbro|Slowbro-Galar, M, shiny|4/100
|turn|17
|inactive|4arms67 has 120 seconds left.
|-activate|p1a: Slowbro|ability: Quick Draw
|
|t:|1743870415
|move|p1a: Slowbro|Flamethrower|p2a: Slither Wing
|-supereffective|p2a: Slither Wing
|-damage|p2a: Slither Wing|0 fnt
|faint|p2a: Slither Wing
|-end|p2a: Slither Wing|Protosynthesis|[silent]
|
|upkeep
|inactive|4arms67 has 120 seconds left.
|
|t:|1743870450
|switch|p2a: Thundurus|Thundurus-Therian, M|100/100
|turn|18
|
|t:|1743870454
|switch|p1a: Glimmora|Glimmora, M|100/100
|move|p2a: Thundurus|Volt Switch|p1a: Glimmora
|-crit|p1a: Glimmora
|-damage|p1a: Glimmora|0 fnt
|faint|p1a: Glimmora
|
|t:|1743870462
|switch|p2a: Hatterene|Hatterene, F|100/100|[from] Volt Switch
|
|upkeep
|
|t:|1743870464
|switch|p1a: Slowbro|Slowbro-Galar, M, shiny|4/100
|turn|19
|
|t:|1743870468
|move|p2a: Hatterene|Psychic Noise|p1a: Slowbro
|-damage|p1a: Slowbro|0 fnt
|faint|p1a: Slowbro
|
|win|4arms67
|raw|Segahay's rating: 1451 &rarr; <strong>1427</strong><br />(-24 for losing)
|raw|4arms67's rating: 1373 &rarr; <strong>1397</strong><br />(+24 for winning)
|l|☆Segahay
|player|p1|
|l|☆4arms67
|player|p2|
