|j|☆Jericho941
|j|☆dtb2good
|t:|1743870104
|gametype|singles
|player|p1|Jericho941|youngster|1089
|player|p2|dtb2good|cynthia-gen4|1115
|teamsize|p1|6
|teamsize|p2|6
|gen|9
|tier|[Gen 9] OU
|rated|
|rule|HP Percentage Mod: HP is shown in percentages
|rule|Endless Battle Clause: Forcing endless battles is banned
|rule|Species Clause: Limit one of each Pokémon
|rule|OHKO Clause: OHKO moves are banned
|rule|Evasion Items Clause: Evasion items are banned
|rule|Evasion Moves Clause: Evasion moves are banned
|rule|Sleep Moves Clause: Sleep-inducing moves are banned
|clearpoke
|poke|p1|Dragonite, M|
|poke|p1|Blastoise, M|
|poke|p1|Electrode-Hisui|
|poke|p1|Gengar, M|
|poke|p1|Conkeldurr, F|
|poke|p1|Krookodile, F|
|poke|p2|Alcremie, F|
|poke|p2|Spidops, M|
|poke|p2|Latias, F|
|poke|p2|Ogerpon-Wellspring, F|
|poke|p2|Iron Moth|
|poke|p2|Zamazenta-*|
|teampreview
|inactive|Battle timer is ON: inactive players will automatically lose when time's up. (requested by Jericho941)
|
|t:|1743870109
|start
|switch|p1a: Dragonite|Dragonite, M|100/100
|switch|p2a: Spidops|Spidops, M, shiny|100/100
|turn|1
|
|t:|1743870114
|move|p1a: Dragonite|Fire Punch|p2a: Spidops
|-supereffective|p2a: Spidops
|-damage|p2a: Spidops|55/100
|move|p2a: Spidops|Sticky Web|p1a: Dragonite
|-sidestart|p1: Jericho941|move: Sticky Web
|
|upkeep
|turn|2
|-activate|p2a: Spidops|item: Quick Claw
|
|t:|1743870119
|move|p1a: Dragonite|Dragon Dance|p1a: Dragonite
|-boost|p1a: Dragonite|atk|1
|-boost|p1a: Dragonite|spe|1
|move|p2a: Spidops|Circle Throw|p1a: Dragonite
|-resisted|p1a: Dragonite
|-damage|p1a: Dragonite|98/100
|drag|p1a: Gengar|Gengar, M|100/100
|-activate|p1a: Gengar|move: Sticky Web
|-unboost|p1a: Gengar|spe|1
|
|upkeep
|turn|3
|
|t:|1743870129
|move|p1a: Gengar|Shadow Ball|p2a: Spidops
|-damage|p2a: Spidops|9/100
|move|p2a: Spidops|Toxic Spikes|p1a: Gengar
|-sidestart|p1: Jericho941|move: Toxic Spikes
|
|upkeep
|turn|4
|-activate|p2a: Spidops|item: Quick Claw
|
|t:|1743870134
|move|p2a: Spidops|Spikes|p1a: Gengar
|-sidestart|p1: Jericho941|Spikes
|move|p1a: Gengar|Shadow Ball|p2a: Spidops
|-damage|p2a: Spidops|0 fnt
|faint|p2a: Spidops
|
|upkeep
|
|t:|1743870151
|switch|p2a: Iron Moth|Iron Moth, shiny|100/100
|-enditem|p2a: Iron Moth|Booster Energy
|-activate|p2a: Iron Moth|ability: Quark Drive|[fromitem]
|-start|p2a: Iron Moth|quarkdrivespe
|turn|5
|
|t:|1743870175
|move|p2a: Iron Moth|Fiery Dance|p1a: Gengar
|-damage|p1a: Gengar|37/100
|move|p1a: Gengar|Shadow Ball|p2a: Iron Moth
|-damage|p2a: Iron Moth|59/100
|-unboost|p2a: Iron Moth|spd|1
|
|upkeep
|turn|6
|
|t:|1743870182
|move|p2a: Iron Moth|Fiery Dance|p1a: Gengar
|-damage|p1a: Gengar|0 fnt
|faint|p1a: Gengar
|
|upkeep
|
|t:|1743870189
|switch|p1a: Krookodile|Krookodile, F|100/100
|-activate|p1a: Krookodile|move: Sticky Web
|-unboost|p1a: Krookodile|spe|1
|-status|p1a: Krookodile|psn
|-damage|p1a: Krookodile|88/100 psn|[from] Spikes
|turn|7
|
|t:|1743870199
|move|p2a: Iron Moth|Energy Ball|p1a: Krookodile
|-supereffective|p1a: Krookodile
|-damage|p1a: Krookodile|1/100 psn
|move|p1a: Krookodile|Earthquake|p2a: Iron Moth
|-supereffective|p2a: Iron Moth
|-damage|p2a: Iron Moth|0 fnt
|faint|p2a: Iron Moth
|-end|p2a: Iron Moth|Quark Drive|[silent]
|-ability|p1a: Krookodile|Moxie|boost
|-boost|p1a: Krookodile|atk|1
|
|-damage|p1a: Krookodile|0 fnt|[from] psn
|faint|p1a: Krookodile
|upkeep
|
|t:|1743870212
|switch|p2a: Zamazenta|Zamazenta, shiny|100/100
|switch|p1a: Electrode|Electrode-Hisui, shiny|100/100
|-item|p1a: Electrode|Air Balloon
|-ability|p2a: Zamazenta|Dauntless Shield|boost
|-boost|p2a: Zamazenta|def|1
|turn|8
|
|t:|1743870215
|move|p1a: Electrode|Thunder Wave|p2a: Zamazenta
|-status|p2a: Zamazenta|par
|move|p2a: Zamazenta|Agility|p2a: Zamazenta
|-boost|p2a: Zamazenta|spe|2
|
|upkeep
|turn|9
|
|t:|1743870225
|move|p1a: Electrode|Volt Switch|p2a: Zamazenta
|-damage|p2a: Zamazenta|75/100 par
|
|t:|1743870234
|switch|p1a: Blastoise|Blastoise, M|100/100|[from] Volt Switch
|-activate|p1a: Blastoise|move: Sticky Web
|-unboost|p1a: Blastoise|spe|1
|-status|p1a: Blastoise|psn
|-damage|p1a: Blastoise|88/100 psn|[from] Spikes
|-enditem|p1a: Blastoise|White Herb
|-clearnegativeboost|p1a: Blastoise|[silent]
|cant|p2a: Zamazenta|par
|
|-heal|p2a: Zamazenta|81/100 par|[from] item: Leftovers
|-damage|p1a: Blastoise|76/100 psn|[from] psn
|upkeep
|turn|10
|
|t:|1743870245
|cant|p2a: Zamazenta|par
|move|p1a: Blastoise|Surf|p2a: Zamazenta
|-damage|p2a: Zamazenta|46/100 par
|
|-heal|p2a: Zamazenta|52/100 par|[from] item: Leftovers
|-damage|p1a: Blastoise|63/100 psn|[from] psn
|upkeep
|turn|11
|
|t:|1743870254
|move|p2a: Zamazenta|Iron Head|p1a: Blastoise
|-resisted|p1a: Blastoise
|-damage|p1a: Blastoise|48/100 psn
|cant|p1a: Blastoise|flinch
|
|-heal|p2a: Zamazenta|58/100 par|[from] item: Leftovers
|-damage|p1a: Blastoise|36/100 psn|[from] psn
|upkeep
|turn|12
|
|t:|1743870260
|cant|p2a: Zamazenta|par
|move|p1a: Blastoise|Surf|p2a: Zamazenta
|-damage|p2a: Zamazenta|25/100 par
|
|-heal|p2a: Zamazenta|31/100 par|[from] item: Leftovers
|-damage|p1a: Blastoise|24/100 psn|[from] psn
|upkeep
|turn|13
|
|t:|1743870263
|move|p2a: Zamazenta|Body Press|p1a: Blastoise
|-damage|p1a: Blastoise|0 fnt
|faint|p1a: Blastoise
|
|-heal|p2a: Zamazenta|37/100 par|[from] item: Leftovers
|upkeep
|
|t:|1743870265
|switch|p1a: Electrode|Electrode-Hisui, shiny|100/100
|-item|p1a: Electrode|Air Balloon
|turn|14
|
|t:|1743870271
|move|p1a: Electrode|Leaf Storm|p2a: Zamazenta
|-damage|p2a: Zamazenta|0 fnt
|-unboost|p1a: Electrode|spa|2
|faint|p2a: Zamazenta
|
|upkeep
|
|t:|1743870280
|switch|p2a: Alcremie|Alcremie, F, shiny|100/100
|turn|15
|
|t:|1743870286
|move|p1a: Electrode|Volt Switch|p2a: Alcremie
|-damage|p2a: Alcremie|89/100
|
|t:|1743870288
|switch|p1a: Conkeldurr|Conkeldurr, F|100/100|[from] Volt Switch
|-activate|p1a: Conkeldurr|move: Sticky Web
|-unboost|p1a: Conkeldurr|spe|1
|-status|p1a: Conkeldurr|psn
|-damage|p1a: Conkeldurr|88/100 psn|[from] Spikes
|move|p2a: Alcremie|Acid Armor|p2a: Alcremie
|-boost|p2a: Alcremie|def|2
|
|-heal|p2a: Alcremie|95/100|[from] item: Leftovers
|-damage|p1a: Conkeldurr|76/100 psn|[from] psn
|upkeep
|turn|16
|
|t:|1743870291
|move|p2a: Alcremie|Acid Armor|p2a: Alcremie
|-boost|p2a: Alcremie|def|2
|move|p1a: Conkeldurr|Facade|p2a: Alcremie
|-damage|p2a: Alcremie|71/100
|
|-heal|p2a: Alcremie|77/100|[from] item: Leftovers
|-damage|p1a: Conkeldurr|64/100 psn|[from] psn
|upkeep
|turn|17
|
|t:|1743870296
|move|p2a: Alcremie|Acid Armor|p2a: Alcremie
|-boost|p2a: Alcremie|def|2
|move|p1a: Conkeldurr|Facade|p2a: Alcremie
|-damage|p2a: Alcremie|57/100
|
|-heal|p2a: Alcremie|63/100|[from] item: Leftovers
|-damage|p1a: Conkeldurr|51/100 psn|[from] psn
|upkeep
|turn|18
|
|t:|1743870304
|move|p2a: Alcremie|Calm Mind|p2a: Alcremie
|-boost|p2a: Alcremie|spa|1
|-boost|p2a: Alcremie|spd|1
|move|p1a: Conkeldurr|Facade|p2a: Alcremie
|-damage|p2a: Alcremie|44/100
|
|-heal|p2a: Alcremie|50/100|[from] item: Leftovers
|-damage|p1a: Conkeldurr|39/100 psn|[from] psn
|upkeep
|turn|19
|
|t:|1743870310
|switch|p1a: Electrode|Electrode-Hisui, shiny|100/100
|-item|p1a: Electrode|Air Balloon
|move|p2a: Alcremie|Calm Mind|p2a: Alcremie
|-boost|p2a: Alcremie|spa|1
|-boost|p2a: Alcremie|spd|1
|
|-heal|p2a: Alcremie|56/100|[from] item: Leftovers
|upkeep
|turn|20
|
|t:|1743870315
|move|p1a: Electrode|Thunder Wave|p2a: Alcremie
|-status|p2a: Alcremie|par
|move|p2a: Alcremie|Draining Kiss|p1a: Electrode
|-crit|p1a: Electrode
|-damage|p1a: Electrode|18/100
|-heal|p2a: Alcremie|100/100 par|[from] drain|[of] p1a: Electrode
|-enditem|p1a: Electrode|Air Balloon
|
|upkeep
|turn|21
|
|t:|1743870323
|move|p1a: Electrode|Leaf Storm|p2a: Alcremie
|-damage|p2a: Alcremie|81/100 par
|-unboost|p1a: Electrode|spa|2
|move|p2a: Alcremie|Calm Mind|p2a: Alcremie
|-boost|p2a: Alcremie|spa|1
|-boost|p2a: Alcremie|spd|1
|
|-heal|p2a: Alcremie|87/100 par|[from] item: Leftovers
|upkeep
|turn|22
|-message|Jericho941 forfeited.
|
|win|dtb2good
|raw|Jericho941's rating: 1089 &rarr; <strong>1067</strong><br />(-22 for losing)
|raw|dtb2good's rating: 1115 &rarr; <strong>1138</strong><br />(+23 for winning)
|l|☆Jericho941
|player|p1|
|l|☆dtb2good
|player|p2|
