|j|☆nobodynobody
|j|☆NEW WAVE META
|t:|1743891365
|gametype|singles
|player|p1|nobodynobody|1|1452
|player|p2|NEW WAVE META|170|1426
|teamsize|p1|6
|teamsize|p2|6
|gen|9
|tier|[Gen 9] OU
|rated|
|rule|HP Percentage Mod: HP is shown in percentages
|rule|Endless Battle Clause: Forcing endless battles is banned
|rule|Species Clause: Limit one of each Pokémon
|rule|OHKO Clause: OHKO moves are banned
|rule|Evasion Items Clause: Evasion items are banned
|rule|Evasion Moves Clause: Evasion moves are banned
|rule|Sleep Moves Clause: Sleep-inducing moves are banned
|clearpoke
|poke|p1|Crawdaunt, M|
|poke|p1|Slowking-Galar, M|
|poke|p1|Kyurem|
|poke|p1|Cinderace, M|
|poke|p1|Iron Treads|
|poke|p1|Zapdos|
|poke|p2|Landorus-Therian, M|
|poke|p2|Zamazenta-*|
|poke|p2|Kingambit, F|
|poke|p2|Samurott-Hisui, M|
|poke|p2|Pecharunt|
|poke|p2|Delphox, F|
|teampreview
|inactive|Battle timer is ON: inactive players will automatically lose when time's up. (requested by nobodynobody)
|
|t:|1743891393
|start
|switch|p1a: Helheim|Kyurem, shiny|100/100
|switch|p2a: Delphox|Delphox, F|100/100
|-ability|p1a: Helheim|Pressure
|turn|1
|
|t:|1743891405
|move|p2a: Delphox|Fire Blast|p1a: Helheim
|-damage|p1a: Helheim|35/100
|-damage|p2a: Delphox|91/100|[from] item: Life Orb
|move|p1a: Helheim|Draco Meteor|p2a: Delphox|[miss]
|-miss|p1a: Helheim|p2a: Delphox
|
|upkeep
|turn|2
|
|t:|1743891412
|switch|p1a: The Oracle|Slowking-Galar, M, shiny|100/100
|move|p2a: Delphox|Psyshock|p1a: The Oracle
|-damage|p1a: The Oracle|48/100
|-damage|p2a: Delphox|81/100|[from] item: Life Orb
|
|upkeep
|turn|3
|
|t:|1743891423
|switch|p1a: Landrover|Iron Treads, shiny|100/100
|move|p2a: Delphox|Fire Blast|p1a: Landrover
|-supereffective|p1a: Landrover
|-damage|p1a: Landrover|0 fnt
|faint|p1a: Landrover
|-end|p1a: Landrover|Quark Drive|[silent]
|-damage|p2a: Delphox|71/100|[from] item: Life Orb
|
|upkeep
|
|t:|1743891427
|switch|p1a: Red Lobster|Crawdaunt, M|100/100
|turn|4
|
|t:|1743891437
|switch|p2a: Samurott|Samurott-Hisui, M|100/100
|move|p1a: Red Lobster|Knock Off|p2a: Samurott
|-resisted|p2a: Samurott
|-damage|p2a: Samurott|43/100
|-enditem|p2a: Samurott|Assault Vest|[from] move: Knock Off|[of] p1a: Red Lobster
|
|upkeep
|turn|5
|
|t:|1743891444
|switch|p1a: Topaz|Zapdos, shiny|100/100
|move|p2a: Samurott|Ceaseless Edge|p1a: Topaz
|-damage|p1a: Topaz|68/100
|-status|p2a: Samurott|par|[from] ability: Static|[of] p1a: Topaz
|-sidestart|p1: nobodynobody|Spikes
|
|upkeep
|turn|6
|
|t:|1743891451
|move|p1a: Topaz|Discharge|p2a: Samurott
|-supereffective|p2a: Samurott
|-damage|p2a: Samurott|0 fnt
|faint|p2a: Samurott
|
|upkeep
|
|t:|1743891453
|switch|p2a: Delphox|Delphox, F|71/100
|turn|7
|
|t:|1743891473
|move|p2a: Delphox|Fire Blast|p1a: Topaz
|-damage|p1a: Topaz|5/100
|-damage|p2a: Delphox|61/100|[from] item: Life Orb
|move|p1a: Topaz|Roost|p1a: Topaz
|-heal|p1a: Topaz|55/100
|-singleturn|p1a: Topaz|move: Roost
|
|upkeep
|turn|8
|
|t:|1743891478
|move|p2a: Delphox|Nasty Plot|p2a: Delphox
|-boost|p2a: Delphox|spa|2
|move|p1a: Topaz|Discharge|p2a: Delphox
|-damage|p2a: Delphox|22/100
|
|upkeep
|turn|9
|
|t:|1743891492
|move|p2a: Delphox|Psyshock|p1a: Topaz
|-damage|p1a: Topaz|0 fnt
|faint|p1a: Topaz
|-damage|p2a: Delphox|12/100|[from] item: Life Orb
|
|upkeep
|
|t:|1743891499
|switch|p1a: Freddie Gibbs|Cinderace, M, shiny|100/100
|turn|10
|inactive|nobodynobody has 120 seconds left.
|
|t:|1743891535
|switch|p2a: Landorus|Landorus-Therian, M|100/100
|-ability|p2a: Landorus|Intimidate|boost
|-unboost|p1a: Freddie Gibbs|atk|1
|move|p1a: Freddie Gibbs|Court Change|p1a: Freddie Gibbs
|-swapsideconditions
|-activate|p1a: Freddie Gibbs|move: Court Change
|
|upkeep
|turn|11
|inactive|nobodynobody has 120 seconds left.
|
|t:|1743891542
|move|p1a: Freddie Gibbs|Will-O-Wisp|p2a: Landorus
|-status|p2a: Landorus|brn
|move|p2a: Landorus|Stone Edge|p1a: Freddie Gibbs|[miss]
|-miss|p2a: Landorus|p1a: Freddie Gibbs
|
|-damage|p2a: Landorus|94/100 brn|[from] brn
|upkeep
|turn|12
|inactive|nobodynobody has 120 seconds left.
|
|t:|1743891552
|move|p1a: Freddie Gibbs|Pyro Ball|p2a: Landorus
|-damage|p2a: Landorus|66/100 brn
|move|p2a: Landorus|Stealth Rock|p1a: Freddie Gibbs
|-sidestart|p1: nobodynobody|move: Stealth Rock
|
|-damage|p2a: Landorus|60/100 brn|[from] brn
|upkeep
|turn|13
|
|t:|1743891559
|move|p1a: Freddie Gibbs|Pyro Ball|p2a: Landorus|[miss]
|-miss|p1a: Freddie Gibbs|p2a: Landorus
|move|p2a: Landorus|Earthquake|p1a: Freddie Gibbs
|-supereffective|p1a: Freddie Gibbs
|-damage|p1a: Freddie Gibbs|46/100
|
|-damage|p2a: Landorus|54/100 brn|[from] brn
|upkeep
|turn|14
|
|t:|1743891566
|move|p1a: Freddie Gibbs|Pyro Ball|p2a: Landorus
|-damage|p2a: Landorus|20/100 brn
|move|p2a: Landorus|Earthquake|p1a: Freddie Gibbs
|-supereffective|p1a: Freddie Gibbs
|-damage|p1a: Freddie Gibbs|0 fnt
|faint|p1a: Freddie Gibbs
|
|-damage|p2a: Landorus|14/100 brn|[from] brn
|upkeep
|-message|nobodynobody forfeited.
|
|win|NEW WAVE META
|raw|nobodynobody's rating: 1452 &rarr; <strong>1431</strong><br />(-21 for losing)
|raw|NEW WAVE META's rating: 1426 &rarr; <strong>1447</strong><br />(+21 for winning)
|l|☆nobodynobody
|player|p1|
|l|☆NEW WAVE META
|player|p2|
