|j|☆g/211955
|j|☆TeaPause
|t:|1743877984
|gametype|singles
|player|p1|g/211955|plasmagruntf|1315
|player|p2|TeaPause|waiter|1288
|teamsize|p1|6
|teamsize|p2|6
|gen|9
|tier|[Gen 9] OU
|rated|
|rule|HP Percentage Mod: HP is shown in percentages
|rule|Endless Battle Clause: Forcing endless battles is banned
|rule|Species Clause: Limit one of each Pokémon
|rule|OHKO Clause: OHKO moves are banned
|rule|Evasion Items Clause: Evasion items are banned
|rule|Evasion Moves Clause: Evasion moves are banned
|rule|Sleep Moves Clause: Sleep-inducing moves are banned
|clearpoke
|poke|p1|Slowking-Galar, M|
|poke|p1|Skarmory, F|
|poke|p1|Garganacl, M|
|poke|p1|Kingambit, F|
|poke|p1|Gliscor, M|
|poke|p1|Dragapult, M|
|poke|p2|Scyther, M|
|poke|p2|Great Tusk|
|poke|p2|Magnezone|
|poke|p2|Weavile, M|
|poke|p2|Slowking, F|
|poke|p2|Iron Valiant|
|teampreview
|inactive|Battle timer is ON: inactive players will automatically lose when time's up. (requested by TeaPause)
|inactive|g/211955 also wants the timer to be on.
|
|t:|1743878005
|start
|switch|p1a: Garganacl|Garganacl, M|100/100
|switch|p2a: Slowking|Slowking, F|100/100
|turn|1
|
|t:|1743878023
|move|p1a: Garganacl|Stealth Rock|p2a: Slowking
|-sidestart|p2: TeaPause|move: Stealth Rock
|move|p2a: Slowking|Scald|p1a: Garganacl
|-supereffective|p1a: Garganacl
|-damage|p1a: Garganacl|63/100
|
|-heal|p1a: Garganacl|69/100|[from] item: Leftovers
|upkeep
|turn|2
|
|t:|1743878031
|move|p1a: Garganacl|Salt Cure|p2a: Slowking
|-damage|p2a: Slowking|87/100
|-start|p2a: Slowking|Salt Cure
|-prepare|p2a: Slowking|Chilly Reception|[premajor]
|move|p2a: Slowking|Chilly Reception|p2a: Slowking
|-weather|Snowscape
|
|t:|1743878038
|switch|p2a: Great Tusk|Great Tusk|100/100|[from] Chilly Reception
|-damage|p2a: Great Tusk|98/100|[from] Stealth Rock
|-enditem|p2a: Great Tusk|Booster Energy
|-activate|p2a: Great Tusk|ability: Protosynthesis|[fromitem]
|-start|p2a: Great Tusk|protosynthesisatk
|
|-weather|Snowscape|[upkeep]
|-heal|p1a: Garganacl|76/100|[from] item: Leftovers
|upkeep
|turn|3
|
|t:|1743878047
|switch|p1a: Skarmory|Skarmory, F|100/100
|move|p2a: Great Tusk|Rapid Spin|p1a: Skarmory
|-resisted|p1a: Skarmory
|-damage|p1a: Skarmory|94/100
|-boost|p2a: Great Tusk|spe|1
|-damage|p2a: Great Tusk|81/100|[from] item: Rocky Helmet|[of] p1a: Skarmory
|-sideend|p2: TeaPause|Stealth Rock|[from] move: Rapid Spin|[of] p2a: Great Tusk
|
|-weather|Snowscape|[upkeep]
|upkeep
|turn|4
|
|t:|1743878056
|move|p2a: Great Tusk|Temper Flare|p1a: Skarmory
|-supereffective|p1a: Skarmory
|-damage|p1a: Skarmory|48/100
|-damage|p2a: Great Tusk|65/100|[from] item: Rocky Helmet|[of] p1a: Skarmory
|move|p1a: Skarmory|Spikes|p2a: Great Tusk
|-sidestart|p2: TeaPause|Spikes
|
|-weather|Snowscape|[upkeep]
|upkeep
|turn|5
|
|t:|1743878076
|move|p2a: Great Tusk|Rapid Spin|p1a: Skarmory
|-resisted|p1a: Skarmory
|-damage|p1a: Skarmory|41/100
|-boost|p2a: Great Tusk|spe|1
|-damage|p2a: Great Tusk|48/100|[from] item: Rocky Helmet|[of] p1a: Skarmory
|-sideend|p2: TeaPause|Spikes|[from] move: Rapid Spin|[of] p2a: Great Tusk
|move|p1a: Skarmory|Roost|p1a: Skarmory
|-heal|p1a: Skarmory|91/100
|-singleturn|p1a: Skarmory|move: Roost
|
|-weather|Snowscape|[upkeep]
|upkeep
|turn|6
|
|t:|1743878088
|move|p2a: Great Tusk|Temper Flare|p1a: Skarmory
|-supereffective|p1a: Skarmory
|-damage|p1a: Skarmory|50/100
|-damage|p2a: Great Tusk|32/100|[from] item: Rocky Helmet|[of] p1a: Skarmory
|move|p1a: Skarmory|Iron Defense|p1a: Skarmory
|-boost|p1a: Skarmory|def|2
|
|-weather|none
|upkeep
|turn|7
|
|t:|1743878103
|-end|p2a: Great Tusk|Protosynthesis|[silent]
|switch|p2a: Magnezone|Magnezone|100/100
|move|p1a: Skarmory|Roost|p1a: Skarmory
|-heal|p1a: Skarmory|99/100
|-singleturn|p1a: Skarmory|move: Roost
|
|upkeep
|turn|8
|
|t:|1743878117
|move|p1a: Skarmory|Body Press|p2a: Magnezone
|-supereffective|p2a: Magnezone
|-damage|p2a: Magnezone|17/100
|move|p2a: Magnezone|Flash Cannon|p1a: Skarmory
|-resisted|p1a: Skarmory
|-damage|p1a: Skarmory|66/100
|
|upkeep
|turn|9
|
|t:|1743878126
|switch|p2a: Scyther|Scyther, M|100/100
|move|p1a: Skarmory|Body Press|p2a: Scyther
|-resisted|p2a: Scyther
|-damage|p2a: Scyther|87/100
|
|upkeep
|turn|10
|
|t:|1743878135
|move|p2a: Scyther|Swords Dance|p2a: Scyther
|-boost|p2a: Scyther|atk|2
|move|p1a: Skarmory|Iron Defense|p1a: Skarmory
|-boost|p1a: Skarmory|def|2
|
|upkeep
|turn|11
|
|t:|1743878141
|move|p2a: Scyther|Swords Dance|p2a: Scyther
|-boost|p2a: Scyther|atk|2
|move|p1a: Skarmory|Iron Defense|p1a: Skarmory
|-boost|p1a: Skarmory|def|2
|
|upkeep
|turn|12
|
|t:|1743878149
|move|p2a: Scyther|Swords Dance|p2a: Scyther
|-boost|p2a: Scyther|atk|2
|move|p1a: Skarmory|Body Press|p2a: Scyther
|-resisted|p2a: Scyther
|-damage|p2a: Scyther|56/100
|
|upkeep
|turn|13
|
|t:|1743878156
|move|p2a: Scyther|Dual Wingbeat|p1a: Skarmory
|-resisted|p1a: Skarmory
|-damage|p1a: Skarmory|58/100
|-damage|p2a: Scyther|39/100|[from] item: Rocky Helmet|[of] p1a: Skarmory
|-resisted|p1a: Skarmory
|-damage|p1a: Skarmory|48/100
|-damage|p2a: Scyther|23/100|[from] item: Rocky Helmet|[of] p1a: Skarmory
|-hitcount|p1a: Skarmory|2
|move|p1a: Skarmory|Roost|p1a: Skarmory
|-heal|p1a: Skarmory|98/100
|-singleturn|p1a: Skarmory|move: Roost
|
|upkeep
|turn|14
|
|t:|1743878171
|switch|p2a: Iron Valiant|Iron Valiant|100/100
|move|p1a: Skarmory|Spikes|p2a: Iron Valiant
|-sidestart|p2: TeaPause|Spikes
|
|upkeep
|turn|15
|inactive|g/211955 has 120 seconds left.
|
|t:|1743878220
|move|p2a: Iron Valiant|Trick|p1a: Skarmory
|-activate|p2a: Iron Valiant|move: Trick|[of] p1a: Skarmory
|-item|p1a: Skarmory|Choice Scarf|[from] move: Trick
|-item|p2a: Iron Valiant|Rocky Helmet|[from] move: Trick
|move|p1a: Skarmory|Body Press|p2a: Iron Valiant
|-resisted|p2a: Iron Valiant
|-damage|p2a: Iron Valiant|27/100
|-damage|p1a: Skarmory|82/100|[from] item: Rocky Helmet|[of] p2a: Iron Valiant
|
|upkeep
|turn|16
|
|t:|1743878237
|-end|p2a: Iron Valiant|Quark Drive|[silent]
|switch|p2a: Slowking|Slowking, F|100/100
|-damage|p2a: Slowking|88/100|[from] Spikes
|move|p1a: Skarmory|Body Press|p2a: Slowking
|-resisted|p2a: Slowking
|-damage|p2a: Slowking|32/100
|-damage|p1a: Skarmory|65/100|[from] item: Rocky Helmet|[of] p2a: Slowking
|
|upkeep
|turn|17
|
|t:|1743878249
|switch|p2a: Scyther|Scyther, M|23/100
|move|p1a: Skarmory|Body Press|p2a: Scyther
|-resisted|p2a: Scyther
|-damage|p2a: Scyther|0 fnt
|faint|p2a: Scyther
|
|upkeep
|
|t:|1743878256
|switch|p2a: Slowking|Slowking, F|66/100
|-damage|p2a: Slowking|53/100|[from] Spikes
|turn|18
|
|t:|1743878264
|move|p1a: Skarmory|Body Press|p2a: Slowking
|-resisted|p2a: Slowking
|-damage|p2a: Slowking|0 fnt
|-damage|p1a: Skarmory|49/100|[from] item: Rocky Helmet|[of] p2a: Slowking
|faint|p2a: Slowking
|
|upkeep
|
|t:|1743878272
|switch|p2a: Great Tusk|Great Tusk|32/100
|-damage|p2a: Great Tusk|19/100|[from] Spikes
|turn|19
|
|t:|1743878276
|move|p2a: Great Tusk|Rapid Spin|p1a: Skarmory
|-resisted|p1a: Skarmory
|-damage|p1a: Skarmory|47/100
|-boost|p2a: Great Tusk|spe|1
|-sideend|p2: TeaPause|Spikes|[from] move: Rapid Spin|[of] p2a: Great Tusk
|move|p1a: Skarmory|Body Press|p2a: Great Tusk
|-crit|p2a: Great Tusk
|-damage|p2a: Great Tusk|0 fnt
|faint|p2a: Great Tusk
|-end|p2a: Great Tusk|Protosynthesis|[silent]
|
|upkeep
|
|t:|1743878287
|switch|p2a: Iron Valiant|Iron Valiant|27/100
|turn|20
|
|t:|1743878293
|move|p2a: Iron Valiant|Moonblast|p1a: Skarmory
|-resisted|p1a: Skarmory
|-damage|p1a: Skarmory|15/100
|move|p1a: Skarmory|Body Press|p2a: Iron Valiant
|-resisted|p2a: Iron Valiant
|-damage|p2a: Iron Valiant|0 fnt
|-damage|p1a: Skarmory|0 fnt|[from] item: Rocky Helmet|[of] p2a: Iron Valiant
|faint|p2a: Iron Valiant
|-end|p2a: Iron Valiant|Quark Drive|[silent]
|faint|p1a: Skarmory
|
|upkeep
|
|t:|1743878308
|switch|p2a: Magnezone|Magnezone|17/100
|switch|p1a: Garganacl|Garganacl, M|76/100
|turn|21
|
|t:|1743878313
|move|p2a: Magnezone|Flash Cannon|p1a: Garganacl
|-supereffective|p1a: Garganacl
|-damage|p1a: Garganacl|27/100
|move|p1a: Garganacl|Salt Cure|p2a: Magnezone
|-resisted|p2a: Magnezone
|-damage|p2a: Magnezone|11/100
|-start|p2a: Magnezone|Salt Cure
|
|-heal|p1a: Garganacl|33/100|[from] item: Leftovers
|-damage|p2a: Magnezone|0 fnt|[from] Salt Cure
|faint|p2a: Magnezone
|upkeep
|
|t:|1743878326
|switch|p2a: Weavile|Weavile, M|100/100
|-ability|p2a: Weavile|Pressure
|turn|22
|
|t:|1743878333
|move|p1a: Garganacl|Protect|p1a: Garganacl
|-singleturn|p1a: Garganacl|Protect
|move|p2a: Weavile|Knock Off|p1a: Garganacl
|-activate|p1a: Garganacl|move: Protect
|
|-heal|p1a: Garganacl|39/100|[from] item: Leftovers
|upkeep
|turn|23
|
|t:|1743878342
|move|p2a: Weavile|Knock Off|p1a: Garganacl
|-damage|p1a: Garganacl|0 fnt
|-enditem|p1a: Garganacl|Leftovers|[from] move: Knock Off|[of] p2a: Weavile
|faint|p1a: Garganacl
|-damage|p2a: Weavile|91/100|[from] item: Life Orb
|
|upkeep
|
|t:|1743878355
|switch|p1a: Kingambit|Kingambit, F|100/100
|-activate|p1a: Kingambit|ability: Supreme Overlord
|-start|p1a: Kingambit|fallen2|[silent]
|turn|24
|
|t:|1743878361
|-terastallize|p2a: Weavile|Dark
|move|p2a: Weavile|Knock Off|p1a: Kingambit
|-resisted|p1a: Kingambit
|-damage|p1a: Kingambit|72/100
|-enditem|p1a: Kingambit|Heavy-Duty Boots|[from] move: Knock Off|[of] p2a: Weavile
|-damage|p2a: Weavile|81/100|[from] item: Life Orb
|move|p1a: Kingambit|Iron Head|p2a: Weavile
|-damage|p2a: Weavile|0 fnt
|faint|p2a: Weavile
|
|win|g/211955
|raw|g&#x2f;211955's rating: 1315 &rarr; <strong>1333</strong><br />(+18 for winning)
|raw|TeaPause's rating: 1288 &rarr; <strong>1265</strong><br />(-23 for losing)
|l|☆TeaPause
|player|p2|
