|j|☆Poly love
|j|☆galajan8989
|t:|1743939153
|gametype|singles
|player|p1|Poly love|may-masters|
|player|p2|galajan8989|cilan|
|teamsize|p1|6
|teamsize|p2|6
|gen|9
|tier|[Gen 9] OU
|rule|HP Percentage Mod: HP is shown in percentages
|rule|Endless Battle Clause: Forcing endless battles is banned
|rule|Species Clause: Limit one of each Pokémon
|rule|OHKO Clause: OHKO moves are banned
|rule|Evasion Items Clause: Evasion items are banned
|rule|Evasion Moves Clause: Evasion moves are banned
|rule|Sleep Moves Clause: Sleep-inducing moves are banned
|clearpoke
|poke|p1|Ribombee, M|
|poke|p1|Raging Bolt|
|poke|p1|Rillaboom, F|
|poke|p1|Arcanine-Hisui, M|
|poke|p1|Great Tusk|
|poke|p1|Kingambit, F|
|poke|p2|Zamazenta-*|
|poke|p2|Kingambit, M|
|poke|p2|Samurott-Hisui, M|
|poke|p2|Landorus-Therian, M|
|poke|p2|Iron Valiant|
|poke|p2|Iron Moth|
|teampreview
|
|t:|1743939158
|start
|switch|p1a: Ribombee|Ribombee, M|100/100
|switch|p2a: Landorus|Landorus-Therian, M|100/100
|-ability|p2a: Landorus|Intimidate|boost
|-unboost|p1a: Ribombee|atk|1
|turn|1
|
|t:|1743939163
|move|p1a: Ribombee|Sticky Web|p2a: Landorus
|-sidestart|p2: galajan8989|move: Sticky Web
|move|p2a: Landorus|Taunt|p1a: Ribombee
|-start|p1a: Ribombee|move: Taunt
|
|upkeep
|turn|2
|
|t:|1743939176
|switch|p1a: Great Tusk|Great Tusk|100/100
|move|p2a: Landorus|Stealth Rock|p1a: Great Tusk
|-sidestart|p1: Poly love|move: Stealth Rock
|
|upkeep
|turn|3
|
|t:|1743939190
|move|p2a: Landorus|Taunt|p1a: Great Tusk
|-start|p1a: Great Tusk|move: Taunt
|move|p1a: Great Tusk|Rapid Spin|p2a: Landorus
|-damage|p2a: Landorus|81/100
|-boost|p1a: Great Tusk|spe|1
|-damage|p1a: Great Tusk|84/100|[from] item: Rocky Helmet|[of] p2a: Landorus
|-sideend|p1: Poly love|Stealth Rock|[from] move: Rapid Spin|[of] p1a: Great Tusk
|
|upkeep
|turn|4
|
|t:|1743939198
|move|p1a: Great Tusk|Ice Spinner|p2a: Landorus
|-supereffective|p2a: Landorus
|-damage|p2a: Landorus|0 fnt
|-damage|p1a: Great Tusk|67/100|[from] item: Rocky Helmet|[of] p2a: Landorus
|faint|p2a: Landorus
|
|upkeep
|
|t:|1743939215
|switch|p2a: Samurott|Samurott-Hisui, M|100/100
|-activate|p2a: Samurott|move: Sticky Web
|-unboost|p2a: Samurott|spe|1
|turn|5
|
|t:|1743939220
|-end|p1a: Great Tusk|Protosynthesis|[silent]
|switch|p1a: Rillaboom|Rillaboom, F|100/100
|-fieldstart|move: Grassy Terrain|[from] ability: Grassy Surge|[of] p1a: Rillaboom
|move|p2a: Samurott|Razor Shell|p1a: Rillaboom|[miss]
|-miss|p2a: Samurott|p1a: Rillaboom
|
|upkeep
|turn|6
|c|☆galajan8989|El sticky web jode mucho
|c|☆Poly love|lo se
|
|t:|1743939238
|switch|p2a: Iron Moth|Iron Moth|100/100
|-activate|p2a: Iron Moth|move: Sticky Web
|-unboost|p2a: Iron Moth|spe|1
|-enditem|p2a: Iron Moth|Booster Energy
|-activate|p2a: Iron Moth|ability: Quark Drive|[fromitem]
|-start|p2a: Iron Moth|quarkdrivespa
|move|p1a: Rillaboom|Swords Dance|p1a: Rillaboom
|-boost|p1a: Rillaboom|atk|2
|
|upkeep
|turn|7
|c|☆Poly love|es la idea del team
|
|t:|1743939249
|-terastallize|p2a: Iron Moth|Ground
|move|p1a: Rillaboom|High Horsepower|p2a: Iron Moth
|-damage|p2a: Iron Moth|7/100
|move|p2a: Iron Moth|Fiery Dance|p1a: Rillaboom
|-supereffective|p1a: Rillaboom
|-damage|p1a: Rillaboom|0 fnt
|-boost|p2a: Iron Moth|spa|1
|faint|p1a: Rillaboom
|
|-heal|p2a: Iron Moth|13/100|[from] Grassy Terrain
|upkeep
|c|☆galajan8989|Entiendo
|
|t:|1743939269
|switch|p1a: Ribombee|Ribombee, M|100/100
|turn|8
|
|t:|1743939280
|move|p1a: Ribombee|Moonblast|p2a: Iron Moth
|-damage|p2a: Iron Moth|0 fnt
|faint|p2a: Iron Moth
|-end|p2a: Iron Moth|Quark Drive|[silent]
|
|upkeep
|
|t:|1743939287
|switch|p2a: Iron Valiant|Iron Valiant|100/100
|-activate|p2a: Iron Valiant|move: Sticky Web
|-unboost|p2a: Iron Valiant|spe|1
|-enditem|p2a: Iron Valiant|Booster Energy
|-activate|p2a: Iron Valiant|ability: Quark Drive|[fromitem]
|-start|p2a: Iron Valiant|quarkdrivespa
|turn|9
|
|t:|1743939300
|move|p1a: Ribombee|Moonblast|p2a: Iron Valiant
|-supereffective|p2a: Iron Valiant
|-damage|p2a: Iron Valiant|0 fnt
|faint|p2a: Iron Valiant
|-end|p2a: Iron Valiant|Quark Drive|[silent]
|
|-fieldend|move: Grassy Terrain
|upkeep
|c|☆Poly love|que mal change
|c|☆Poly love|la vd
|
|t:|1743939319
|switch|p2a: Samurott|Samurott-Hisui, M|100/100
|-activate|p2a: Samurott|move: Sticky Web
|-unboost|p2a: Samurott|spe|1
|turn|10
|c|☆galajan8989|Re papeada
|
|t:|1743939326
|move|p1a: Ribombee|U-turn|p2a: Samurott
|-supereffective|p2a: Samurott
|-damage|p2a: Samurott|64/100
|
|t:|1743939332
|switch|p1a: Raging Bolt|Raging Bolt|100/100|[from] U-turn
|-enditem|p1a: Raging Bolt|Booster Energy
|-activate|p1a: Raging Bolt|ability: Protosynthesis|[fromitem]
|-start|p1a: Raging Bolt|protosynthesisspa
|move|p2a: Samurott|Razor Shell|p1a: Raging Bolt
|-resisted|p1a: Raging Bolt
|-damage|p1a: Raging Bolt|77/100
|
|upkeep
|turn|11
|
|t:|1743939348
|move|p1a: Raging Bolt|Calm Mind|p1a: Raging Bolt
|-boost|p1a: Raging Bolt|spa|1
|-boost|p1a: Raging Bolt|spd|1
|move|p2a: Samurott|Ceaseless Edge|p1a: Raging Bolt
|-crit|p1a: Raging Bolt
|-damage|p1a: Raging Bolt|19/100
|-sidestart|p1: Poly love|Spikes
|
|upkeep
|turn|12
|
|t:|1743939356
|move|p1a: Raging Bolt|Thunderclap|p2a: Samurott
|-supereffective|p2a: Samurott
|-damage|p2a: Samurott|0 fnt
|faint|p2a: Samurott
|
|upkeep
|
|t:|1743939358
|switch|p2a: Kingambit|Kingambit, M|100/100
|-activate|p2a: Kingambit|move: Sticky Web
|-unboost|p2a: Kingambit|spe|1
|-activate|p2a: Kingambit|ability: Supreme Overlord
|-start|p2a: Kingambit|fallen4|[silent]
|turn|13
|c|☆Poly love|waos si es av
|c|☆Poly love|queria confirmalo
|
|t:|1743939373
|move|p1a: Raging Bolt|Thunderbolt|p2a: Kingambit
|-damage|p2a: Kingambit|0 fnt
|faint|p2a: Kingambit
|-end|p2a: Kingambit|fallen4|[silent]
|
|upkeep
|c|☆galajan8989|Av q es
|
|t:|1743939377
|switch|p2a: Zamazenta|Zamazenta|100/100
|-activate|p2a: Zamazenta|move: Sticky Web
|-unboost|p2a: Zamazenta|spe|1
|-ability|p2a: Zamazenta|Dauntless Shield|boost
|-boost|p2a: Zamazenta|def|1
|turn|14
|c|☆Poly love|assault vest
|c|☆galajan8989|Estoy malisimo hoy
|c|☆Poly love|sino es sash
|c|☆Poly love|una de 2
|c|☆galajan8989|No llevo ninguno av
|c|☆galajan8989|El samurot era shash
|c|☆Poly love|waos once sis era sash
|
|t:|1743939424
|move|p1a: Raging Bolt|Thunderclap|p2a: Zamazenta
|-damage|p2a: Zamazenta|37/100
|move|p2a: Zamazenta|Body Press|p1a: Raging Bolt
|-damage|p1a: Raging Bolt|0 fnt
|faint|p1a: Raging Bolt
|-end|p1a: Raging Bolt|Protosynthesis|[silent]
|
|-heal|p2a: Zamazenta|43/100|[from] item: Leftovers
|upkeep
|c|☆Poly love|gg galapajin
|c|☆galajan8989|Otra?
|
|t:|1743939437
|switch|p1a: Ribombee|Ribombee, M|100/100
|-damage|p1a: Ribombee|88/100|[from] Spikes
|turn|15
|c|☆Poly love|dale
|
|t:|1743939443
|move|p1a: Ribombee|Moonblast|p2a: Zamazenta
|-supereffective|p2a: Zamazenta
|-damage|p2a: Zamazenta|0 fnt
|faint|p2a: Zamazenta
|
|win|Poly love
|l|☆galajan8989
|player|p2|
|c|☆Poly love|cambio
