|j|☆turborotom2000
|j|☆Matatex
|t:|1743854980
|gametype|singles
|player|p1|turborotom2000|workerice|1086
|player|p2|Matatex|hiker|1119
|teamsize|p1|6
|teamsize|p2|6
|gen|9
|tier|[Gen 9] OU
|rated|
|rule|HP Percentage Mod: HP is shown in percentages
|rule|Endless Battle Clause: Forcing endless battles is banned
|rule|Species Clause: Limit one of each Pokémon
|rule|OHKO Clause: OHKO moves are banned
|rule|Evasion Items Clause: Evasion items are banned
|rule|Evasion Moves Clause: Evasion moves are banned
|rule|Sleep Moves Clause: Sleep-inducing moves are banned
|clearpoke
|poke|p1|Cresselia, F|
|poke|p1|Ribombee, F|
|poke|p1|Rotom-Wash|
|poke|p1|Gastrodon, F|
|poke|p1|Chandelure, M|
|poke|p1|Glaceon, F|
|poke|p2|Darkrai|
|poke|p2|Blaziken, F|
|poke|p2|Great Tusk|
|poke|p2|Primarina, F|
|poke|p2|Raging Bolt|
|poke|p2|Ogerpon-Cornerstone, F|
|teampreview
|
|t:|1743854985
|start
|switch|p1a: Rotom|Rotom-Wash|100/100
|switch|p2a: Blaziken|Blaziken, F|100/100
|turn|1
|
|t:|1743854999
|move|p2a: Blaziken|Protect|p2a: Blaziken
|-singleturn|p2a: Blaziken|Protect
|move|p1a: Rotom|Hydro Pump|p2a: Blaziken
|-activate|p2a: Blaziken|move: Protect
|
|-ability|p2a: Blaziken|Speed Boost|boost
|-boost|p2a: Blaziken|spe|1
|upkeep
|turn|2
|
|t:|1743855006
|move|p2a: Blaziken|Close Combat|p1a: Rotom
|-damage|p1a: Rotom|15/100
|-unboost|p2a: Blaziken|def|1
|-unboost|p2a: Blaziken|spd|1
|move|p1a: Rotom|Hydro Pump|p2a: Blaziken
|-supereffective|p2a: Blaziken
|-damage|p2a: Blaziken|0 fnt
|faint|p2a: Blaziken
|
|upkeep
|
|t:|1743855010
|switch|p2a: Ogerpon|Ogerpon-Cornerstone, F|100/100
|turn|3
|
|t:|1743855015
|move|p2a: Ogerpon|U-turn|p1a: Rotom
|-damage|p1a: Rotom|0 fnt
|faint|p1a: Rotom
|
|t:|1743855019
|switch|p2a: Darkrai|Darkrai|100/100|[from] U-turn
|
|upkeep
|
|t:|1743855025
|switch|p1a: Ribombee|Ribombee, F|100/100
|turn|4
|
|t:|1743855031
|-terastallize|p2a: Darkrai|Fairy
|move|p2a: Darkrai|Trick|p1a: Ribombee
|-activate|p2a: Darkrai|move: Trick|[of] p1a: Ribombee
|-item|p1a: Ribombee|Choice Scarf|[from] move: Trick
|-item|p2a: Darkrai|Focus Sash|[from] move: Trick
|move|p1a: Ribombee|Alluring Voice|p2a: Darkrai
|-damage|p2a: Darkrai|65/100
|
|upkeep
|turn|5
|
|t:|1743855041
|move|p1a: Ribombee|Alluring Voice|p2a: Darkrai
|-damage|p2a: Darkrai|30/100
|move|p2a: Darkrai|Will-O-Wisp|p1a: Ribombee
|-status|p1a: Ribombee|brn
|
|-damage|p1a: Ribombee|94/100 brn|[from] brn
|upkeep
|turn|6
|
|t:|1743855047
|switch|p2a: Primarina|Primarina, F|100/100
|move|p1a: Ribombee|Alluring Voice|p2a: Primarina
|-damage|p2a: Primarina|84/100
|
|-damage|p1a: Ribombee|88/100 brn|[from] brn
|upkeep
|turn|7
|
|t:|1743855054
|move|p1a: Ribombee|Alluring Voice|p2a: Primarina
|-damage|p2a: Primarina|66/100
|move|p2a: Primarina|Surf|p1a: Ribombee
|-damage|p1a: Ribombee|12/100 brn
|
|-damage|p1a: Ribombee|5/100 brn|[from] brn
|upkeep
|turn|8
|
|t:|1743855060
|move|p1a: Ribombee|Alluring Voice|p2a: Primarina
|-damage|p2a: Primarina|50/100
|move|p2a: Primarina|Flip Turn|p1a: Ribombee
|-damage|p1a: Ribombee|0 fnt
|faint|p1a: Ribombee
|
|t:|1743855063
|switch|p2a: Darkrai|Darkrai, tera:Fairy|30/100|[from] Flip Turn
|
|upkeep
|
|t:|1743855074
|switch|p1a: Glaceon|Glaceon, F|100/100
|turn|9
|
|t:|1743855083
|move|p2a: Darkrai|Dark Pulse|p1a: Glaceon
|-damage|p1a: Glaceon|55/100
|move|p1a: Glaceon|Ice Beam|p2a: Darkrai
|-damage|p2a: Darkrai|0 fnt
|faint|p2a: Darkrai
|
|upkeep
|
|t:|1743855089
|switch|p2a: Raging Bolt|Raging Bolt|100/100
|-enditem|p2a: Raging Bolt|Booster Energy
|-activate|p2a: Raging Bolt|ability: Protosynthesis|[fromitem]
|-start|p2a: Raging Bolt|protosynthesisspa
|turn|10
|
|t:|1743855097
|move|p2a: Raging Bolt|Calm Mind|p2a: Raging Bolt
|-boost|p2a: Raging Bolt|spa|1
|-boost|p2a: Raging Bolt|spd|1
|move|p1a: Glaceon|Ice Beam|p2a: Raging Bolt
|-supereffective|p2a: Raging Bolt
|-damage|p2a: Raging Bolt|27/100
|
|upkeep
|turn|11
|
|t:|1743855099
|move|p2a: Raging Bolt|Thunderclap|p1a: Glaceon
|-damage|p1a: Glaceon|0 fnt
|faint|p1a: Glaceon
|
|upkeep
|
|t:|1743855107
|switch|p1a: Gastrodon|Gastrodon, F|100/100
|-item|p1a: Gastrodon|Air Balloon
|turn|12
|
|t:|1743855111
|move|p2a: Raging Bolt|Draco Meteor|p1a: Gastrodon|[miss]
|-miss|p2a: Raging Bolt|p1a: Gastrodon
|move|p1a: Gastrodon|Hydro Pump|p2a: Raging Bolt|[miss]
|-miss|p1a: Gastrodon|p2a: Raging Bolt
|
|upkeep
|turn|13
|
|t:|1743855115
|move|p2a: Raging Bolt|Draco Meteor|p1a: Gastrodon
|-damage|p1a: Gastrodon|0 fnt
|-unboost|p2a: Raging Bolt|spa|2
|-enditem|p1a: Gastrodon|Air Balloon
|faint|p1a: Gastrodon
|
|upkeep
|
|t:|1743855119
|switch|p1a: Cresselia|Cresselia, F|100/100
|turn|14
|
|t:|1743855123
|-terastallize|p1a: Cresselia|Fairy
|move|p2a: Raging Bolt|Thunderbolt|p1a: Cresselia
|-damage|p1a: Cresselia|76/100
|move|p1a: Cresselia|Moonblast|p2a: Raging Bolt
|-supereffective|p2a: Raging Bolt
|-damage|p2a: Raging Bolt|0 fnt
|faint|p2a: Raging Bolt
|-end|p2a: Raging Bolt|Protosynthesis|[silent]
|
|-heal|p1a: Cresselia|82/100|[from] item: Leftovers
|upkeep
|
|t:|1743855137
|switch|p2a: Ogerpon|Ogerpon-Cornerstone, F|100/100
|turn|15
|
|t:|1743855146
|move|p2a: Ogerpon|Ivy Cudgel|p1a: Cresselia|[anim] Ivy Cudgel Rock
|-damage|p1a: Cresselia|43/100
|move|p1a: Cresselia|Psychic|p2a: Ogerpon
|-damage|p2a: Ogerpon|64/100
|-unboost|p2a: Ogerpon|spd|1
|
|-heal|p1a: Cresselia|49/100|[from] item: Leftovers
|upkeep
|turn|16
|
|t:|1743855151
|move|p2a: Ogerpon|Ivy Cudgel|p1a: Cresselia|[anim] Ivy Cudgel Rock
|-damage|p1a: Cresselia|3/100
|move|p1a: Cresselia|Moonlight|p1a: Cresselia
|-heal|p1a: Cresselia|53/100
|
|-heal|p1a: Cresselia|60/100|[from] item: Leftovers
|upkeep
|turn|17
|
|t:|1743855156
|move|p2a: Ogerpon|Swords Dance|p2a: Ogerpon
|-boost|p2a: Ogerpon|atk|2
|move|p1a: Cresselia|Moonlight|p1a: Cresselia
|-heal|p1a: Cresselia|100/100
|
|upkeep
|turn|18
|
|t:|1743855160
|move|p2a: Ogerpon|Ivy Cudgel|p1a: Cresselia|[anim] Ivy Cudgel Rock
|-damage|p1a: Cresselia|20/100
|move|p1a: Cresselia|Calm Mind|p1a: Cresselia
|-boost|p1a: Cresselia|spa|1
|-boost|p1a: Cresselia|spd|1
|
|-heal|p1a: Cresselia|26/100|[from] item: Leftovers
|upkeep
|turn|19
|
|t:|1743855164
|move|p2a: Ogerpon|Ivy Cudgel|p1a: Cresselia|[anim] Ivy Cudgel Rock
|-damage|p1a: Cresselia|0 fnt
|faint|p1a: Cresselia
|
|upkeep
|
|t:|1743855167
|switch|p1a: Chandelure|Chandelure, M, shiny|100/100
|-item|p1a: Chandelure|Air Balloon
|turn|20
|
|t:|1743855171
|move|p2a: Ogerpon|Ivy Cudgel|p1a: Chandelure|[anim] Ivy Cudgel Rock
|-supereffective|p1a: Chandelure
|-damage|p1a: Chandelure|0 fnt
|-enditem|p1a: Chandelure|Air Balloon
|faint|p1a: Chandelure
|
|win|Matatex
|raw|turborotom2000's rating: 1086 &rarr; <strong>1065</strong><br />(-21 for losing)
|raw|Matatex's rating: 1119 &rarr; <strong>1142</strong><br />(+23 for winning)
|l|☆Matatex
|player|p2|
|l|☆turborotom2000
|player|p1|
