|j|☆Kingdra all day
|j|☆Edge Seven
|t:|1743836221
|gametype|singles
|player|p1|Kingdra all day|clair|1443
|player|p2|Edge Seven|maid|1464
|teamsize|p1|6
|teamsize|p2|6
|gen|9
|tier|[Gen 9] OU
|rated|
|rule|HP Percentage Mod: HP is shown in percentages
|rule|Endless Battle Clause: Forcing endless battles is banned
|rule|Species Clause: Limit one of each Pokémon
|rule|OHKO Clause: OHKO moves are banned
|rule|Evasion Items Clause: Evasion items are banned
|rule|Evasion Moves Clause: Evasion moves are banned
|rule|Sleep Moves Clause: Sleep-inducing moves are banned
|clearpoke
|poke|p1|Ninetales-Alola, F|
|poke|p1|Klefki, F|
|poke|p1|Maushold-Four|
|poke|p1|Latias, F|
|poke|p1|Kyurem|
|poke|p1|Kingdra, F|
|poke|p2|Ogerpon-Wellspring, F|
|poke|p2|Hatterene, F|
|poke|p2|Iron Valiant|
|poke|p2|Kingambit, F|
|poke|p2|Zapdos|
|poke|p2|Ting-Lu|
|teampreview
|inactive|Battle timer is ON: inactive players will automatically lose when time's up. (requested by Edge Seven)
|inactive|Edge Seven has 120 seconds left.
|
|t:|1743836279
|start
|switch|p1a: Ninetales|Ninetales-Alola, F|100/100
|switch|p2a: Kingambit|Kingambit, F|100/100
|-weather|Snowscape|[from] ability: Snow Warning|[of] p1a: Ninetales
|turn|1
|
|t:|1743836284
|move|p1a: Ninetales|Aurora Veil|p1a: Ninetales
|-sidestart|p1: Kingdra all day|move: Aurora Veil
|move|p2a: Kingambit|Iron Head|p1a: Ninetales
|-supereffective|p1a: Ninetales
|-damage|p1a: Ninetales|33/100
|
|-weather|Snowscape|[upkeep]
|upkeep
|turn|2
|
|t:|1743836290
|move|p1a: Ninetales|Misty Terrain|p1a: Ninetales
|-fieldstart|move: Misty Terrain
|move|p2a: Kingambit|Iron Head|p1a: Ninetales
|-supereffective|p1a: Ninetales
|-damage|p1a: Ninetales|0 fnt
|faint|p1a: Ninetales
|
|-weather|Snowscape|[upkeep]
|upkeep
|
|t:|1743836296
|switch|p1a: Kingdra|Kingdra, F, shiny|100/100
|turn|3
|inactive|Edge Seven has 120 seconds left.
|inactive|Edge Seven has 90 seconds left.
|
|t:|1743836371
|-end|p2a: Kingambit|fallenundefined|[silent]
|switch|p2a: Hatterene|Hatterene, F|100/100
|move|p1a: Kingdra|Dragon Dance|p1a: Kingdra
|-boost|p1a: Kingdra|atk|1
|-boost|p1a: Kingdra|spe|1
|
|-weather|Snowscape|[upkeep]
|upkeep
|turn|4
|
|t:|1743836378
|-terastallize|p1a: Kingdra|Fairy
|move|p1a: Kingdra|Dragon Dance|p1a: Kingdra
|-boost|p1a: Kingdra|atk|1
|-boost|p1a: Kingdra|spe|1
|move|p2a: Hatterene|Draining Kiss|p1a: Kingdra
|-damage|p1a: Kingdra|87/100
|
|-weather|Snowscape|[upkeep]
|upkeep
|turn|5
|
|t:|1743836390
|move|p1a: Kingdra|Focus Energy|p1a: Kingdra
|-start|p1a: Kingdra|move: Focus Energy
|move|p2a: Hatterene|Draining Kiss|p1a: Kingdra
|-damage|p1a: Kingdra|73/100
|
|-weather|none
|upkeep
|turn|6
|inactive|Edge Seven has 60 seconds left.
|inactive|Kingdra all day has 120 seconds left.
|inactive|Edge Seven has 30 seconds left.
|inactive|Kingdra all day has 90 seconds left.
|inactive|Edge Seven has 20 seconds left.
|
|t:|1743836479
|switch|p2a: Zapdos|Zapdos|100/100
|move|p1a: Kingdra|Liquidation|p2a: Zapdos
|-crit|p2a: Zapdos
|-damage|p2a: Zapdos|0 fnt
|faint|p2a: Zapdos
|
|-fieldend|Misty Terrain
|upkeep
|inactive|Edge Seven has 25 seconds left this turn.
|inactive|Edge Seven has 20 seconds left.
|inactive|Edge Seven has 15 seconds left.
|inactive|Edge Seven has 10 seconds left.
|
|t:|1743836496
|switch|p2a: Ting-Lu|Ting-Lu|100/100
|-ability|p2a: Ting-Lu|Vessel of Ruin
|turn|7
|inactive|Edge Seven has 20 seconds left this turn.
|
|t:|1743836499
|switch|p2a: Ogerpon|Ogerpon-Wellspring, F|100/100
|move|p1a: Kingdra|Tera Blast|p2a: Ogerpon|[anim] Tera Blast Fairy
|-crit|p2a: Ogerpon
|-damage|p2a: Ogerpon|0 fnt
|faint|p2a: Ogerpon
|
|upkeep
|inactive|Edge Seven has 25 seconds left this turn.
|inactive|Edge Seven has 20 seconds left.
|
|t:|1743836508
|switch|p2a: Hatterene|Hatterene, F|100/100
|turn|8
|inactive|Edge Seven has 30 seconds left this turn.
|
|t:|1743836514
|move|p1a: Kingdra|Liquidation|p2a: Hatterene
|-crit|p2a: Hatterene
|-damage|p2a: Hatterene|0 fnt
|faint|p2a: Hatterene
|
|-sideend|p1: Kingdra all day|move: Aurora Veil
|upkeep
|inactive|Edge Seven has 30 seconds left this turn.
|
|t:|1743836519
|switch|p2a: Kingambit|Kingambit, F|100/100
|-activate|p2a: Kingambit|ability: Supreme Overlord
|-start|p2a: Kingambit|fallen3|[silent]
|turn|9
|
|t:|1743836523
|move|p2a: Kingambit|Sucker Punch|p1a: Kingdra
|-resisted|p1a: Kingdra
|-damage|p1a: Kingdra|40/100
|move|p1a: Kingdra|Liquidation|p2a: Kingambit
|-crit|p2a: Kingambit
|-damage|p2a: Kingambit|0 fnt
|faint|p2a: Kingambit
|-end|p2a: Kingambit|fallen3|[silent]
|
|upkeep
|
|t:|1743836528
|switch|p2a: Iron Valiant|Iron Valiant|100/100
|-enditem|p2a: Iron Valiant|Booster Energy
|-activate|p2a: Iron Valiant|ability: Quark Drive|[fromitem]
|-start|p2a: Iron Valiant|quarkdrivespe
|turn|10
|
|t:|1743836533
|move|p2a: Iron Valiant|Moonblast|p1a: Kingdra
|-damage|p1a: Kingdra|0 fnt
|faint|p1a: Kingdra
|
|upkeep
|
|t:|1743836538
|switch|p1a: Klefki|Klefki, F|100/100
|turn|11
|inactive|Edge Seven has 60 seconds left.
|
|t:|1743836548
|-terastallize|p2a: Iron Valiant|Steel
|move|p1a: Klefki|Thunder Wave|p2a: Iron Valiant|[miss]
|-miss|p1a: Klefki|p2a: Iron Valiant
|move|p2a: Iron Valiant|Moonblast|p1a: Klefki
|-resisted|p1a: Klefki
|-damage|p1a: Klefki|72/100
|
|upkeep
|turn|12
|inactive|Edge Seven has 60 seconds left.
|
|t:|1743836557
|-end|p2a: Iron Valiant|Quark Drive|[silent]
|switch|p2a: Ting-Lu|Ting-Lu|100/100
|-ability|p2a: Ting-Lu|Vessel of Ruin
|move|p1a: Klefki|Thunder Wave|p2a: Ting-Lu
|-immune|p2a: Ting-Lu
|
|upkeep
|turn|13
|
|t:|1743836563
|move|p1a: Klefki|Reflect|p1a: Klefki
|-sidestart|p1: Kingdra all day|Reflect
|move|p2a: Ting-Lu|Spikes|p1a: Klefki
|-sidestart|p1: Kingdra all day|Spikes
|
|upkeep
|turn|14
|
|t:|1743836567
|switch|p1a: Maushold|Maushold-Four|100/100
|-damage|p1a: Maushold|88/100|[from] Spikes
|move|p2a: Ting-Lu|Spikes|p1a: Maushold
|-sidestart|p1: Kingdra all day|Spikes
|
|upkeep
|turn|15
|
|t:|1743836572
|move|p1a: Maushold|Encore|p2a: Ting-Lu
|-start|p2a: Ting-Lu|Encore
|move|p2a: Ting-Lu|Spikes|p1a: Maushold
|-sidestart|p1: Kingdra all day|Spikes
|
|upkeep
|turn|16
|
|t:|1743836576
|move|p1a: Maushold|Tidy Up|p1a: Maushold
|-sideend|p1: Kingdra all day|Spikes
|-activate|p1a: Maushold|move: Tidy Up
|-boost|p1a: Maushold|atk|1
|-boost|p1a: Maushold|spe|1
|move|p2a: Ting-Lu|Spikes|p1a: Maushold
|-sidestart|p1: Kingdra all day|Spikes
|
|upkeep
|turn|17
|
|t:|1743836581
|switch|p2a: Iron Valiant|Iron Valiant, tera:Steel|100/100
|move|p1a: Maushold|Tidy Up|p1a: Maushold
|-sideend|p1: Kingdra all day|Spikes
|-activate|p1a: Maushold|move: Tidy Up
|-boost|p1a: Maushold|atk|1
|-boost|p1a: Maushold|spe|1
|
|upkeep
|turn|18
|
|t:|1743836586
|move|p1a: Maushold|Population Bomb|p2a: Iron Valiant
|-resisted|p2a: Iron Valiant
|-damage|p2a: Iron Valiant|85/100
|-resisted|p2a: Iron Valiant
|-damage|p2a: Iron Valiant|70/100
|-resisted|p2a: Iron Valiant
|-damage|p2a: Iron Valiant|55/100
|-resisted|p2a: Iron Valiant
|-damage|p2a: Iron Valiant|40/100
|-resisted|p2a: Iron Valiant
|-damage|p2a: Iron Valiant|26/100
|-resisted|p2a: Iron Valiant
|-damage|p2a: Iron Valiant|10/100
|-resisted|p2a: Iron Valiant
|-damage|p2a: Iron Valiant|0 fnt
|faint|p2a: Iron Valiant
|-end|p2a: Iron Valiant|Quark Drive|[silent]
|-hitcount|p2: Iron Valiant|7
|
|upkeep
|
|t:|1743836598
|switch|p2a: Ting-Lu|Ting-Lu|100/100
|-ability|p2a: Ting-Lu|Vessel of Ruin
|turn|19
|
|t:|1743836601
|move|p1a: Maushold|Population Bomb|p2a: Ting-Lu
|-damage|p2a: Ting-Lu|87/100
|-damage|p2a: Ting-Lu|75/100
|-damage|p2a: Ting-Lu|62/100
|-damage|p2a: Ting-Lu|50/100
|-damage|p2a: Ting-Lu|37/100
|-damage|p2a: Ting-Lu|24/100
|-damage|p2a: Ting-Lu|11/100
|-damage|p2a: Ting-Lu|0 fnt
|faint|p2a: Ting-Lu
|-hitcount|p2: Ting-Lu|8
|
|win|Kingdra all day
|raw|Kingdra all day's rating: 1443 &rarr; <strong>1464</strong><br />(+21 for winning)
|raw|Edge Seven's rating: 1464 &rarr; <strong>1443</strong><br />(-21 for losing)
|c|☆Edge Seven|gg
|l|☆Kingdra all day
|player|p1|
|l|☆Edge Seven
|player|p2|
