|j|☆Fawar
|j|☆Boneyard00
|t:|1743779990
|gametype|singles
|player|p1|Fawar|palmer|1110
|player|p2|Boneyard00|acetrainer-gen4dp|1170
|teamsize|p1|6
|teamsize|p2|6
|gen|9
|tier|[Gen 9] OU
|rated|
|rule|HP Percentage Mod: HP is shown in percentages
|rule|Endless Battle Clause: Forcing endless battles is banned
|rule|Species Clause: Limit one of each Pokémon
|rule|OHKO Clause: OHKO moves are banned
|rule|Evasion Items Clause: Evasion items are banned
|rule|Evasion Moves Clause: Evasion moves are banned
|rule|Sleep Moves Clause: Sleep-inducing moves are banned
|clearpoke
|poke|p1|Kilowattrel, F|
|poke|p1|Pawmot, M|
|poke|p1|Iron Hands|
|poke|p1|Toxtricity, F|
|poke|p1|Eelektross, M|
|poke|p1|Quaquaval, M|
|poke|p2|Talonflame, F|
|poke|p2|Sawsbuck, M|
|poke|p2|Basculegion, M|
|poke|p2|Electivire, M|
|poke|p2|Avalugg, M|
|poke|p2|Ribombee, F|
|teampreview
|c|☆Boneyard00|Almost monotye
|
|t:|1743780008
|start
|switch|p1a: Kilowattrel|Kilowattrel, F|100/100
|switch|p2a: Robin|Ribombee, F|100/100
|turn|1
|inactive|Battle timer is ON: inactive players will automatically lose when time's up. (requested by Boneyard00)
|c|☆Fawar|hahaha yeah
|
|t:|1743780020
|move|p1a: Kilowattrel|Thunderbolt|p2a: Robin
|-damage|p2a: Robin|27/100
|move|p2a: Robin|Sticky Web|p1a: Kilowattrel
|-sidestart|p1: Fawar|move: Sticky Web
|
|upkeep
|turn|2
|
|t:|1743780027
|switch|p2a: Haywire|Electivire, M|100/100
|move|p1a: Kilowattrel|Thunderbolt|p2a: Haywire
|-ability|p2a: Haywire|Motor Drive|boost
|-boost|p2a: Haywire|spe|1
|
|upkeep
|turn|3
|
|t:|1743780034
|switch|p1a: Heavy Hands|Iron Hands, shiny|100/100
|-activate|p1a: Heavy Hands|move: Sticky Web
|-unboost|p1a: Heavy Hands|spe|1
|move|p2a: Haywire|Knock Off|p1a: Heavy Hands
|-resisted|p1a: Heavy Hands
|-damage|p1a: Heavy Hands|91/100
|-enditem|p1a: Heavy Hands|Leftovers|[from] move: Knock Off|[of] p2a: Haywire
|
|upkeep
|turn|4
|
|t:|1743780042
|-terastallize|p2a: Haywire|Flying
|move|p2a: Haywire|Earthquake|p1a: Heavy Hands
|-supereffective|p1a: Heavy Hands
|-damage|p1a: Heavy Hands|49/100
|move|p1a: Heavy Hands|Swords Dance|p1a: Heavy Hands
|-boost|p1a: Heavy Hands|atk|2
|
|upkeep
|turn|5
|c|☆Fawar|I really like electric
|
|t:|1743780056
|move|p2a: Haywire|Earthquake|p1a: Heavy Hands
|-supereffective|p1a: Heavy Hands
|-damage|p1a: Heavy Hands|11/100
|move|p1a: Heavy Hands|Earthquake|p2a: Haywire
|-immune|p2a: Haywire
|
|upkeep
|turn|6
|
|t:|1743780073
|-end|p1a: Heavy Hands|Quark Drive|[silent]
|switch|p1a: Kilowattrel|Kilowattrel, F|100/100
|move|p2a: Haywire|Earthquake|p1a: Kilowattrel
|-immune|p1a: Kilowattrel
|
|upkeep
|turn|7
|
|t:|1743780086
|move|p1a: Kilowattrel|Thunderbolt|p2a: Haywire
|-ability|p2a: Haywire|Motor Drive|boost
|-boost|p2a: Haywire|spe|1
|move|p2a: Haywire|Knock Off|p1a: Kilowattrel
|-damage|p1a: Kilowattrel|55/100
|-enditem|p1a: Kilowattrel|Magnet|[from] move: Knock Off|[of] p2a: Haywire
|
|upkeep
|turn|8
|c|☆Boneyard00|This is awkward
|c|☆Fawar|oh thats smart
|c|☆Boneyard00|Yee
|inactive|Fawar has 120 seconds left.
|
|t:|1743780114
|switch|p1a: Toxtricity|Toxtricity, F|100/100
|-activate|p1a: Toxtricity|move: Sticky Web
|-unboost|p1a: Toxtricity|spe|1
|move|p2a: Haywire|Thunderbolt|p1a: Toxtricity
|-resisted|p1a: Toxtricity
|-damage|p1a: Toxtricity|67/100
|
|upkeep
|turn|9
|c|☆Boneyard00|Now we speedy
|
|t:|1743780123
|move|p2a: Haywire|Earthquake|p1a: Toxtricity
|-supereffective|p1a: Toxtricity
|-damage|p1a: Toxtricity|0 fnt
|faint|p1a: Toxtricity
|
|upkeep
|inactive|Fawar has 120 seconds left.
|c|☆Boneyard00|Zoom
|
|t:|1743780148
|switch|p1a: I'm Electric ⚡|Quaquaval, M|100/100
|-activate|p1a: I'm Electric ⚡|move: Sticky Web
|-unboost|p1a: I'm Electric ⚡|spe|1
|turn|10
|
|t:|1743780158
|move|p2a: Haywire|Thunderbolt|p1a: I'm Electric ⚡
|-supereffective|p1a: I'm Electric ⚡
|-damage|p1a: I'm Electric ⚡|21/100
|move|p1a: I'm Electric ⚡|Ice Spinner|p2a: Haywire
|-supereffective|p2a: Haywire
|-damage|p2a: Haywire|35/100
|
|upkeep
|turn|11
|inactive|Fawar has 120 seconds left.
|c|☆Boneyard00|Like the song?
|
|t:|1743780171
|move|p1a: I'm Electric ⚡|Aqua Jet|p2a: Haywire
|-damage|p2a: Haywire|10/100
|move|p2a: Haywire|Thunderbolt|p1a: I'm Electric ⚡
|-supereffective|p1a: I'm Electric ⚡
|-damage|p1a: I'm Electric ⚡|0 fnt
|faint|p1a: I'm Electric ⚡
|
|upkeep
|c|☆Boneyard00|Oh jeez
|
|t:|1743780178
|switch|p1a: Pawmot|Pawmot, M|100/100
|-activate|p1a: Pawmot|move: Sticky Web
|-unboost|p1a: Pawmot|spe|1
|turn|12
|
|t:|1743780191
|switch|p2a: Caribbean|Talonflame, F|100/100
|move|p1a: Pawmot|Mach Punch|p2a: Caribbean
|-resisted|p2a: Caribbean
|-damage|p2a: Caribbean|76/100
|-damage|p1a: Pawmot|91/100|[from] item: Life Orb
|
|upkeep
|turn|13
|
|t:|1743780200
|move|p2a: Caribbean|Brave Bird|p1a: Pawmot
|-damage|p1a: Pawmot|5/100
|-damage|p2a: Caribbean|49/100|[from] Recoil
|move|p1a: Pawmot|Double Shock|p2a: Caribbean
|-supereffective|p2a: Caribbean
|-damage|p2a: Caribbean|0 fnt
|-start|p1a: Pawmot|typechange|???/Fighting|[from] move: Double Shock
|-status|p1a: Pawmot|brn|[from] ability: Flame Body|[of] p2a: Caribbean
|faint|p2a: Caribbean
|-damage|p1a: Pawmot|0 fnt|[from] item: Life Orb
|faint|p1a: Pawmot
|
|upkeep
|
|t:|1743780214
|switch|p2a: Laurentor|Avalugg, M|100/100
|switch|p1a: Kilowattrel|Kilowattrel, F|55/100
|turn|14
|inactive|Fawar has 120 seconds left.
|
|t:|1743780234
|-terastallize|p1a: Kilowattrel|Steel
|move|p1a: Kilowattrel|Roost|p1a: Kilowattrel
|-heal|p1a: Kilowattrel|100/100
|move|p2a: Laurentor|Avalanche|p1a: Kilowattrel
|-resisted|p1a: Kilowattrel
|-damage|p1a: Kilowattrel|79/100
|
|upkeep
|turn|15
|
|t:|1743780242
|move|p1a: Kilowattrel|Thunderbolt|p2a: Laurentor
|-damage|p2a: Laurentor|64/100
|move|p2a: Laurentor|Body Press|p1a: Kilowattrel
|-supereffective|p1a: Kilowattrel
|-damage|p1a: Kilowattrel|0 fnt
|faint|p1a: Kilowattrel
|
|upkeep
|c|☆Boneyard00|Clever
|inactive|Fawar has 120 seconds left.
|
|t:|1743780253
|switch|p1a: Eelektross|Eelektross, M, shiny|100/100
|turn|16
|inactive|Fawar has 120 seconds left.
|
|t:|1743780271
|move|p1a: Eelektross|Discharge|p2a: Laurentor
|-damage|p2a: Laurentor|35/100
|-status|p2a: Laurentor|par
|move|p2a: Laurentor|Recover|p2a: Laurentor
|-heal|p2a: Laurentor|85/100 par
|
|upkeep
|turn|17
|inactive|Fawar has 120 seconds left.
|
|t:|1743780285
|move|p1a: Eelektross|Discharge|p2a: Laurentor
|-damage|p2a: Laurentor|57/100 par
|move|p2a: Laurentor|Avalanche|p1a: Eelektross
|-damage|p1a: Eelektross|48/100
|
|upkeep
|turn|18
|inactive|Fawar has 120 seconds left.
|
|t:|1743780291
|move|p1a: Eelektross|Giga Drain|p2a: Laurentor
|-damage|p2a: Laurentor|39/100 par
|-heal|p1a: Eelektross|57/100|[from] drain|[of] p2a: Laurentor
|move|p2a: Laurentor|Avalanche|p1a: Eelektross
|-damage|p1a: Eelektross|5/100
|
|upkeep
|turn|19
|
|t:|1743780298
|switch|p2a: Milwauk|Sawsbuck, M, shiny|100/100
|move|p1a: Eelektross|Discharge|p2a: Milwauk
|-resisted|p2a: Milwauk
|-damage|p2a: Milwauk|78/100
|
|upkeep
|turn|20
|
|t:|1743780305
|switch|p1a: Heavy Hands|Iron Hands, shiny|11/100
|-activate|p1a: Heavy Hands|move: Sticky Web
|-unboost|p1a: Heavy Hands|spe|1
|move|p2a: Milwauk|Horn Leech|p1a: Heavy Hands
|-damage|p1a: Heavy Hands|0 fnt
|-heal|p2a: Milwauk|86/100|[from] drain|[of] p1a: Heavy Hands
|faint|p1a: Heavy Hands
|-end|p1a: Heavy Hands|Quark Drive|[silent]
|-damage|p2a: Milwauk|76/100|[from] item: Life Orb
|
|upkeep
|
|t:|1743780315
|switch|p1a: Eelektross|Eelektross, M, shiny|5/100
|turn|21
|c|☆Fawar|GG
|
|t:|1743780319
|move|p2a: Milwauk|Headbutt|p1a: Eelektross
|-crit|p1a: Eelektross
|-damage|p1a: Eelektross|0 fnt
|faint|p1a: Eelektross
|-damage|p2a: Milwauk|66/100|[from] item: Life Orb
|
|win|Boneyard00
|raw|Fawar's rating: 1110 &rarr; <strong>1089</strong><br />(-21 for losing)
|raw|Boneyard00's rating: 1170 &rarr; <strong>1191</strong><br />(+21 for winning)
|c|☆Boneyard00|Gg
|c|☆Boneyard00|The crit
|c|☆Boneyard00|Lol
|c|☆Boneyard00|Fun team
|l|☆Fawar
|player|p1|
|l|☆Boneyard00
|player|p2|
