|j|☆Youky.on
|j|‽Ibrahizzle
|t:|1743932475
|gametype|singles
|player|p1|Youky.on|1|1169
|player|p2|Ibrahizzle|pokekid|1189
|teamsize|p1|6
|teamsize|p2|6
|gen|9
|tier|[Gen 9] OU
|rated|
|rule|HP Percentage Mod: HP is shown in percentages
|rule|Endless Battle Clause: Forcing endless battles is banned
|rule|Species Clause: Limit one of each Pokémon
|rule|OHKO Clause: OHKO moves are banned
|rule|Evasion Items Clause: Evasion items are banned
|rule|Evasion Moves Clause: Evasion moves are banned
|rule|Sleep Moves Clause: Sleep-inducing moves are banned
|clearpoke
|poke|p1|Gliscor, F|
|poke|p1|Moltres|
|poke|p1|Great Tusk|
|poke|p1|Dragapult, M|
|poke|p1|Toxapex, F|
|poke|p1|Iron Moth|
|poke|p2|Walking Wake|
|poke|p2|Pelipper, M|
|poke|p2|Floatzel, F|
|poke|p2|Kingambit, M|
|poke|p2|Pawmot, M|
|poke|p2|Hatterene, F|
|teampreview
|inactive|Battle timer is ON: inactive players will automatically lose when time's up. (requested by Ibrahizzle)
|inactive|Youky.on also wants the timer to be on.
|
|t:|1743932501
|start
|switch|p1a: Toxapex|Toxapex, F|100/100
|switch|p2a: Floatzel|Floatzel, F|100/100
|turn|1
|
|t:|1743932515
|switch|p2a: Hatterene|Hatterene, F|100/100
|move|p1a: Toxapex|Toxic Spikes|p2a: Hatterene
|move|p2a: Hatterene|Toxic Spikes|p1a: Toxapex|[from] ability: Magic Bounce
|-sidestart|p1: Youky.on|move: Toxic Spikes
|
|upkeep
|turn|2
|
|t:|1743932522
|switch|p1a: Gliscor|Gliscor, F|100/100
|move|p2a: Hatterene|Nuzzle|p1a: Gliscor
|-immune|p1a: Gliscor
|
|-status|p1a: Gliscor|tox|[from] item: Toxic Orb
|upkeep
|turn|3
|
|t:|1743932538
|switch|p1a: Toxapex|Toxapex, F|100/100
|-sideend|p1: Youky.on|move: Toxic Spikes|[of] p1a: Toxapex
|switch|p2a: Pelipper|Pelipper, M|100/100
|-weather|RainDance|[from] ability: Drizzle|[of] p2a: Pelipper
|
|-weather|RainDance|[upkeep]
|upkeep
|turn|4
|
|t:|1743932548
|switch|p2a: Hatterene|Hatterene, F|100/100
|move|p1a: Toxapex|Toxic|p2a: Hatterene
|move|p2a: Hatterene|Toxic|p1a: Toxapex|[from] ability: Magic Bounce
|-immune|p1a: Toxapex
|
|-weather|RainDance|[upkeep]
|upkeep
|turn|5
|
|t:|1743932560
|switch|p1a: Gliscor|Gliscor, F|100/100 tox
|switch|p2a: Floatzel|Floatzel, F|100/100
|
|-weather|RainDance|[upkeep]
|upkeep
|turn|6
|
|t:|1743932570
|switch|p1a: Toxapex|Toxapex, F|100/100
|move|p2a: Floatzel|Wave Crash|p1a: Toxapex
|-resisted|p1a: Toxapex
|-damage|p1a: Toxapex|64/100
|-damage|p2a: Floatzel|84/100|[from] item: Rocky Helmet|[of] p1a: Toxapex
|-damage|p2a: Floatzel|72/100|[from] Recoil
|
|-weather|RainDance|[upkeep]
|upkeep
|turn|7
|
|t:|1743932584
|switch|p2a: Hatterene|Hatterene, F|100/100
|move|p1a: Toxapex|Toxic|p2a: Hatterene
|move|p2a: Hatterene|Toxic|p1a: Toxapex|[from] ability: Magic Bounce
|-immune|p1a: Toxapex
|
|-weather|RainDance|[upkeep]
|upkeep
|turn|8
|
|t:|1743932599
|move|p1a: Toxapex|Toxic Spikes|p2a: Hatterene
|move|p2a: Hatterene|Toxic Spikes|p1a: Toxapex|[from] ability: Magic Bounce
|-sidestart|p1: Youky.on|move: Toxic Spikes
|move|p2a: Hatterene|Psyshock|p1a: Toxapex
|-supereffective|p1a: Toxapex
|-damage|p1a: Toxapex|18/100
|
|-weather|RainDance|[upkeep]
|upkeep
|turn|9
|
|t:|1743932606
|switch|p1a: Gliscor|Gliscor, F|100/100 tox
|move|p2a: Hatterene|Psyshock|p1a: Gliscor
|-damage|p1a: Gliscor|78/100 tox
|
|-weather|RainDance|[upkeep]
|-heal|p1a: Gliscor|91/100 tox|[from] ability: Poison Heal
|upkeep
|turn|10
|
|t:|1743932616
|switch|p2a: Floatzel|Floatzel, F|72/100
|move|p1a: Gliscor|Earthquake|p2a: Floatzel
|-damage|p2a: Floatzel|12/100
|
|-weather|none
|-heal|p1a: Gliscor|100/100 tox|[from] ability: Poison Heal
|upkeep
|turn|11
|
|t:|1743932623
|switch|p1a: Toxapex|Toxapex, F|51/100
|-sideend|p1: Youky.on|move: Toxic Spikes|[of] p1a: Toxapex
|move|p2a: Floatzel|Ice Spinner|p1a: Toxapex
|-resisted|p1a: Toxapex
|-damage|p1a: Toxapex|41/100
|-damage|p2a: Floatzel|0 fnt|[from] item: Rocky Helmet|[of] p1a: Toxapex
|faint|p2a: Floatzel
|
|upkeep
|
|t:|1743932632
|switch|p2a: Pelipper|Pelipper, M|100/100
|-weather|RainDance|[from] ability: Drizzle|[of] p2a: Pelipper
|turn|12
|
|t:|1743932636
|switch|p2a: Hatterene|Hatterene, F|100/100
|switch|p1a: Gliscor|Gliscor, F|100/100 tox
|
|-weather|RainDance|[upkeep]
|upkeep
|turn|13
|
|t:|1743932646
|move|p1a: Gliscor|Earthquake|p2a: Hatterene
|-damage|p2a: Hatterene|73/100
|-enditem|p2a: Hatterene|Eject Button
|
|t:|1743932652
|switch|p2a: Walking Wake|Walking Wake|100/100
|
|-weather|RainDance|[upkeep]
|upkeep
|turn|14
|
|t:|1743932666
|switch|p1a: Toxapex|Toxapex, F|74/100
|move|p2a: Walking Wake|Hydro Pump|p1a: Toxapex
|-resisted|p1a: Toxapex
|-damage|p1a: Toxapex|28/100
|-damage|p2a: Walking Wake|91/100|[from] item: Life Orb
|
|-weather|RainDance|[upkeep]
|upkeep
|turn|15
|
|t:|1743932679
|move|p2a: Walking Wake|Hurricane|p1a: Toxapex
|-damage|p1a: Toxapex|0 fnt
|faint|p1a: Toxapex
|-damage|p2a: Walking Wake|81/100|[from] item: Life Orb
|
|-weather|RainDance|[upkeep]
|upkeep
|
|t:|1743932696
|switch|p1a: Great Tusk|Great Tusk|100/100
|turn|16
|
|t:|1743932709
|move|p2a: Walking Wake|Hydro Pump|p1a: Great Tusk
|-supereffective|p1a: Great Tusk
|-damage|p1a: Great Tusk|0 fnt
|faint|p1a: Great Tusk
|-end|p1a: Great Tusk|Protosynthesis|[silent]
|-damage|p2a: Walking Wake|71/100|[from] item: Life Orb
|
|-weather|RainDance|[upkeep]
|upkeep
|
|t:|1743932718
|switch|p1a: Gliscor|Gliscor, F|100/100 tox
|turn|17
|
|t:|1743932722
|move|p1a: Gliscor|Protect|p1a: Gliscor
|-singleturn|p1a: Gliscor|Protect
|move|p2a: Walking Wake|Hydro Pump|p1a: Gliscor
|-activate|p1a: Gliscor|move: Protect
|
|-weather|RainDance|[upkeep]
|upkeep
|turn|18
|
|t:|1743932726
|move|p2a: Walking Wake|Hydro Pump|p1a: Gliscor
|-supereffective|p1a: Gliscor
|-damage|p1a: Gliscor|0 fnt
|faint|p1a: Gliscor
|-damage|p2a: Walking Wake|62/100|[from] item: Life Orb
|
|-weather|RainDance|[upkeep]
|upkeep
|
|t:|1743932739
|switch|p1a: Moltres|Moltres|100/100
|turn|19
|
|t:|1743932744
|move|p2a: Walking Wake|Hydro Pump|p1a: Moltres
|-supereffective|p1a: Moltres
|-damage|p1a: Moltres|0 fnt
|faint|p1a: Moltres
|-damage|p2a: Walking Wake|52/100|[from] item: Life Orb
|
|-weather|none
|upkeep
|
|t:|1743932748
|switch|p1a: Iron Moth|Iron Moth|100/100
|-enditem|p1a: Iron Moth|Booster Energy
|-activate|p1a: Iron Moth|ability: Quark Drive|[fromitem]
|-start|p1a: Iron Moth|quarkdrivespe
|turn|20
|
|t:|1743932760
|-terastallize|p1a: Iron Moth|Fairy
|move|p1a: Iron Moth|Dazzling Gleam|p2a: Walking Wake
|-supereffective|p2a: Walking Wake
|-damage|p2a: Walking Wake|0 fnt
|faint|p2a: Walking Wake
|-end|p2a: Walking Wake|Protosynthesis|[silent]
|
|upkeep
|
|t:|1743932782
|switch|p2a: Hatterene|Hatterene, F|73/100
|turn|21
|
|t:|1743932791
|move|p1a: Iron Moth|Sludge Wave|p2a: Hatterene
|-supereffective|p2a: Hatterene
|-damage|p2a: Hatterene|0 fnt
|faint|p2a: Hatterene
|
|upkeep
|inactive|Ibrahizzle has 120 seconds left.
|
|t:|1743932813
|switch|p2a: Pelipper|Pelipper, M|100/100
|-weather|RainDance|[from] ability: Drizzle|[of] p2a: Pelipper
|turn|22
|
|t:|1743932818
|move|p1a: Iron Moth|Sludge Wave|p2a: Pelipper
|-damage|p2a: Pelipper|35/100
|move|p2a: Pelipper|Tailwind|p2a: Pelipper
|-sidestart|p2: Ibrahizzle|move: Tailwind
|
|-weather|RainDance|[upkeep]
|upkeep
|turn|23
|
|t:|1743932824
|move|p1a: Iron Moth|Sludge Wave|p2a: Pelipper
|-damage|p2a: Pelipper|0 fnt
|faint|p2a: Pelipper
|
|-weather|RainDance|[upkeep]
|upkeep
|
|t:|1743932831
|switch|p2a: Pawmot|Pawmot, M|100/100
|turn|24
|
|t:|1743932840
|move|p2a: Pawmot|Revival Blessing|p2a: Pawmot
|-enditem|p2a: Pawmot|Leppa Berry|[eat]
|-activate|p2a: Pawmot|item: Leppa Berry|Revival Blessing|[consumed]
|
|t:|1743932846
|-heal|p2: Floatzel|50/100|[from] move: Revival Blessing
|move|p1a: Iron Moth|Dazzling Gleam|p2a: Pawmot
|-supereffective|p2a: Pawmot
|-damage|p2a: Pawmot|0 fnt
|faint|p2a: Pawmot
|
|-weather|RainDance|[upkeep]
|upkeep
|
|t:|1743932848
|switch|p2a: Floatzel|Floatzel, F|50/100
|turn|25
|
|t:|1743932854
|-terastallize|p2a: Floatzel|Water
|move|p2a: Floatzel|Wave Crash|p1a: Iron Moth
|-damage|p1a: Iron Moth|0 fnt
|faint|p1a: Iron Moth
|-end|p1a: Iron Moth|Quark Drive|[silent]
|-damage|p2a: Floatzel|19/100|[from] Recoil
|
|-weather|RainDance|[upkeep]
|-sideend|p2: Ibrahizzle|move: Tailwind
|upkeep
|
|t:|1743932860
|switch|p1a: Dragapult|Dragapult, M|100/100
|turn|26
|
|t:|1743932864
|move|p2a: Floatzel|Wave Crash|p1a: Dragapult
|-resisted|p1a: Dragapult
|-damage|p1a: Dragapult|0 fnt
|faint|p1a: Dragapult
|-damage|p2a: Floatzel|0 fnt|[from] Recoil
|faint|p2a: Floatzel
|
|win|Ibrahizzle
|raw|Youky.on's rating: 1169 &rarr; <strong>1145</strong><br />(-24 for losing)
|raw|Ibrahizzle's rating: 1189 &rarr; <strong>1213</strong><br />(+24 for winning)
|l|‽Ibrahizzle
|player|p2|
|l|☆Youky.on
|player|p1|
