|j|☆hariolos
|j|☆GoobNUTglizz
|t:|1743937711
|gametype|singles
|player|p1|hariolos|hooligans|1494
|player|p2|GoobNUTglizz|psychic-gen2|1482
|teamsize|p1|6
|teamsize|p2|6
|gen|9
|tier|[Gen 9] OU
|rated|
|rule|HP Percentage Mod: HP is shown in percentages
|rule|Endless Battle Clause: Forcing endless battles is banned
|rule|Species Clause: Limit one of each Pokémon
|rule|OHKO Clause: OHKO moves are banned
|rule|Evasion Items Clause: Evasion items are banned
|rule|Evasion Moves Clause: Evasion moves are banned
|rule|Sleep Moves Clause: Sleep-inducing moves are banned
|clearpoke
|poke|p1|Ninetales-Alola, M|
|poke|p1|Cetitan, M|
|poke|p1|Hatterene, F|
|poke|p1|Dragapult, M|
|poke|p1|Iron Moth|
|poke|p1|Weavile, M|
|poke|p2|Hydrapple, M|
|poke|p2|Tinkaton, F|
|poke|p2|Moltres|
|poke|p2|Rotom-Wash|
|poke|p2|Great Tusk|
|poke|p2|Darkrai|
|teampreview
|
|t:|1743937739
|start
|switch|p1a: Dragapult|Dragapult, M|100/100
|switch|p2a: Moltres|Moltres|100/100
|turn|1
|
|t:|1743937756
|move|p1a: Dragapult|Shadow Ball|p2a: Moltres
|-damage|p2a: Moltres|61/100
|move|p2a: Moltres|U-turn|p1a: Dragapult
|-resisted|p1a: Dragapult
|-damage|p1a: Dragapult|90/100
|
|t:|1743937789
|switch|p2a: Darkrai|Darkrai|100/100|[from] U-turn
|
|upkeep
|turn|2
|
|t:|1743937796
|switch|p1a: Hatterene|Hatterene, F|100/100
|move|p2a: Darkrai|Dark Pulse|p1a: Hatterene
|-damage|p1a: Hatterene|55/100
|-enditem|p1a: Hatterene|Eject Button
|
|t:|1743937804
|switch|p1a: Ninetales|Ninetales-Alola, M|100/100
|-weather|Snowscape|[from] ability: Snow Warning|[of] p1a: Ninetales
|
|-weather|Snowscape|[upkeep]
|upkeep
|turn|3
|
|t:|1743937822
|switch|p2a: Moltres|Moltres|61/100
|switch|p1a: Iron Moth|Iron Moth|100/100
|
|-weather|Snowscape|[upkeep]
|upkeep
|turn|4
|
|t:|1743937833
|move|p1a: Iron Moth|Fiery Dance|p2a: Moltres
|-resisted|p2a: Moltres
|-damage|p2a: Moltres|46/100
|-boost|p1a: Iron Moth|spa|1
|move|p2a: Moltres|Roost|p2a: Moltres
|-heal|p2a: Moltres|96/100
|-singleturn|p2a: Moltres|move: Roost
|
|-weather|Snowscape|[upkeep]
|upkeep
|turn|5
|
|t:|1743937841
|move|p1a: Iron Moth|Fiery Dance|p2a: Moltres
|-resisted|p2a: Moltres
|-damage|p2a: Moltres|71/100
|-boost|p1a: Iron Moth|spa|1
|move|p2a: Moltres|Roar|p1a: Iron Moth
|-end|p1a: Iron Moth|Quark Drive|[silent]
|drag|p1a: Ninetales|Ninetales-Alola, M|100/100
|
|-weather|Snowscape|[upkeep]
|upkeep
|turn|6
|
|t:|1743937853
|switch|p1a: Dragapult|Dragapult, M|90/100
|move|p2a: Moltres|Flamethrower|p1a: Dragapult
|-resisted|p1a: Dragapult
|-damage|p1a: Dragapult|63/100
|-status|p1a: Dragapult|brn
|
|-weather|Snowscape|[upkeep]
|-damage|p1a: Dragapult|57/100 brn|[from] brn
|upkeep
|turn|7
|
|t:|1743937858
|move|p1a: Dragapult|Shadow Ball|p2a: Moltres
|-damage|p2a: Moltres|29/100
|move|p2a: Moltres|Flamethrower|p1a: Dragapult
|-resisted|p1a: Dragapult
|-damage|p1a: Dragapult|32/100 brn
|
|-weather|Snowscape|[upkeep]
|-damage|p1a: Dragapult|26/100 brn|[from] brn
|upkeep
|turn|8
|
|t:|1743937868
|switch|p2a: Darkrai|Darkrai|100/100
|move|p1a: Dragapult|Shadow Ball|p2a: Darkrai
|-resisted|p2a: Darkrai
|-damage|p2a: Darkrai|65/100
|
|-weather|Snowscape|[upkeep]
|-heal|p2a: Darkrai|71/100|[from] item: Leftovers
|-damage|p1a: Dragapult|20/100 brn|[from] brn
|upkeep
|turn|9
|
|t:|1743937874
|switch|p1a: Ninetales|Ninetales-Alola, M|100/100
|switch|p2a: Tinkaton|Tinkaton, F|100/100
|-ability|p2a: Tinkaton|Mold Breaker
|
|-weather|none
|upkeep
|turn|10
|
|t:|1743937890
|switch|p1a: Iron Moth|Iron Moth|100/100
|move|p2a: Tinkaton|Stealth Rock|p1a: Iron Moth
|-sidestart|p1: hariolos|move: Stealth Rock
|
|upkeep
|turn|11
|
|t:|1743937918
|switch|p2a: Moltres|Moltres|29/100
|move|p1a: Iron Moth|Fiery Dance|p2a: Moltres
|-resisted|p2a: Moltres
|-damage|p2a: Moltres|15/100
|
|upkeep
|turn|12
|
|t:|1743937923
|move|p1a: Iron Moth|Sludge Wave|p2a: Moltres
|-damage|p2a: Moltres|0 fnt
|faint|p2a: Moltres
|
|upkeep
|
|t:|1743937936
|switch|p2a: Rotom|Rotom-Wash|100/100
|turn|13
|
|t:|1743937964
|-end|p1a: Iron Moth|Quark Drive|[silent]
|switch|p1a: Ninetales|Ninetales-Alola, M|100/100
|-damage|p1a: Ninetales|76/100|[from] Stealth Rock
|-weather|Snowscape|[from] ability: Snow Warning|[of] p1a: Ninetales
|move|p2a: Rotom|Volt Switch|p1a: Ninetales
|-damage|p1a: Ninetales|45/100
|
|t:|1743937976
|switch|p2a: Darkrai|Darkrai|71/100|[from] Volt Switch
|
|-weather|Snowscape|[upkeep]
|-heal|p2a: Darkrai|77/100|[from] item: Leftovers
|upkeep
|turn|14
|
|t:|1743937990
|move|p2a: Darkrai|Ice Beam|p1a: Ninetales
|-resisted|p1a: Ninetales
|-damage|p1a: Ninetales|25/100
|move|p1a: Ninetales|Aurora Veil|p1a: Ninetales
|-sidestart|p1: hariolos|move: Aurora Veil
|
|-weather|Snowscape|[upkeep]
|-heal|p2a: Darkrai|83/100|[from] item: Leftovers
|upkeep
|turn|15
|
|t:|1743937996
|switch|p2a: Tinkaton|Tinkaton, F|100/100
|-ability|p2a: Tinkaton|Mold Breaker
|move|p1a: Ninetales|Moonblast|p2a: Tinkaton
|-resisted|p2a: Tinkaton
|-damage|p2a: Tinkaton|85/100
|
|-weather|Snowscape|[upkeep]
|-heal|p2a: Tinkaton|91/100|[from] item: Leftovers
|upkeep
|turn|16
|
|t:|1743938018
|move|p1a: Ninetales|Moonblast|p2a: Tinkaton
|-resisted|p2a: Tinkaton
|-crit|p2a: Tinkaton
|-damage|p2a: Tinkaton|67/100
|move|p2a: Tinkaton|Knock Off|p1a: Ninetales
|-resisted|p1a: Ninetales
|-damage|p1a: Ninetales|21/100
|-enditem|p1a: Ninetales|Icy Rock|[from] move: Knock Off|[of] p2a: Tinkaton
|
|-weather|Snowscape|[upkeep]
|-heal|p2a: Tinkaton|73/100|[from] item: Leftovers
|upkeep
|turn|17
|
|t:|1743938025
|move|p1a: Ninetales|Encore|p2a: Tinkaton
|-start|p2a: Tinkaton|Encore
|move|p2a: Tinkaton|Knock Off|p1a: Ninetales
|-resisted|p1a: Ninetales
|-damage|p1a: Ninetales|18/100
|
|-weather|Snowscape|[upkeep]
|-heal|p2a: Tinkaton|80/100|[from] item: Leftovers
|upkeep
|turn|18
|
|t:|1743938048
|switch|p1a: Hatterene|Hatterene, F|55/100
|-damage|p1a: Hatterene|43/100|[from] Stealth Rock
|move|p2a: Tinkaton|Knock Off|p1a: Hatterene
|-damage|p1a: Hatterene|38/100
|
|-weather|Snowscape|[upkeep]
|-heal|p2a: Tinkaton|86/100|[from] item: Leftovers
|-sideend|p1: hariolos|move: Aurora Veil
|upkeep
|turn|19
|
|t:|1743938053
|move|p2a: Tinkaton|Knock Off|p1a: Hatterene
|-damage|p1a: Hatterene|28/100
|move|p1a: Hatterene|Healing Wish|p1a: Hatterene
|faint|p1a: Hatterene
|
|-weather|Snowscape|[upkeep]
|-heal|p2a: Tinkaton|92/100|[from] item: Leftovers
|-end|p2a: Tinkaton|Encore
|upkeep
|
|t:|1743938058
|switch|p1a: Dragapult|Dragapult, M|20/100 brn
|-heal|p1a: Dragapult|100/100|[from] move: Healing Wish
|-damage|p1a: Dragapult|88/100|[from] Stealth Rock
|turn|20
|
|t:|1743938064
|move|p1a: Dragapult|Fire Blast|p2a: Tinkaton
|-supereffective|p2a: Tinkaton
|-damage|p2a: Tinkaton|7/100
|move|p2a: Tinkaton|Knock Off|p1a: Dragapult
|-supereffective|p1a: Dragapult
|-damage|p1a: Dragapult|39/100
|-enditem|p1a: Dragapult|Choice Specs|[from] move: Knock Off|[of] p2a: Tinkaton
|
|-weather|none
|-heal|p2a: Tinkaton|13/100|[from] item: Leftovers
|upkeep
|turn|21
|
|t:|1743938078
|move|p1a: Dragapult|Shadow Ball|p2a: Tinkaton
|-damage|p2a: Tinkaton|0 fnt
|faint|p2a: Tinkaton
|
|upkeep
|
|t:|1743938080
|switch|p2a: Darkrai|Darkrai|83/100
|turn|22
|
|t:|1743938084
|move|p1a: Dragapult|U-turn|p2a: Darkrai
|-supereffective|p2a: Darkrai
|-crit|p2a: Darkrai
|-damage|p2a: Darkrai|17/100
|
|t:|1743938087
|switch|p1a: Ninetales|Ninetales-Alola, M|18/100|[from] U-turn
|-damage|p1a: Ninetales|0 fnt|[from] Stealth Rock
|faint|p1a: Ninetales
|move|p2a: Darkrai|Dark Pulse|p1: Ninetales|[notarget]
|-fail|p2a: Darkrai
|
|-heal|p2a: Darkrai|23/100|[from] item: Leftovers
|upkeep
|
|t:|1743938093
|switch|p1a: Dragapult|Dragapult, M|39/100
|-damage|p1a: Dragapult|27/100|[from] Stealth Rock
|turn|23
|
|t:|1743938132
|move|p1a: Dragapult|Fire Blast|p2a: Darkrai
|-damage|p2a: Darkrai|0 fnt
|faint|p2a: Darkrai
|
|upkeep
|
|t:|1743938140
|switch|p2a: Hydrapple|Hydrapple, M|100/100
|turn|24
|
|t:|1743938143
|-terastallize|p2a: Hydrapple|Fairy
|move|p1a: Dragapult|Draco Meteor|p2a: Hydrapple
|-immune|p2a: Hydrapple
|move|p2a: Hydrapple|Fickle Beam|p1a: Dragapult
|-supereffective|p1a: Dragapult
|-damage|p1a: Dragapult|0 fnt
|faint|p1a: Dragapult
|
|upkeep
|
|t:|1743938153
|switch|p1a: Weavile|Weavile, M|100/100
|turn|25
|
|t:|1743938159
|move|p1a: Weavile|Triple Axel|p2a: Hydrapple
|-damage|p2a: Hydrapple|93/100
|-damage|p2a: Hydrapple|79/100
|-damage|p2a: Hydrapple|58/100
|-hitcount|p2a: Hydrapple|3
|move|p2a: Hydrapple|Tera Blast|p1a: Weavile|[anim] Tera Blast Fairy
|-supereffective|p1a: Weavile
|-damage|p1a: Weavile|0 fnt
|faint|p1a: Weavile
|
|upkeep
|
|t:|1743938171
|switch|p1a: Cetitan|Cetitan, M|100/100
|-damage|p1a: Cetitan|76/100|[from] Stealth Rock
|turn|26
|
|t:|1743938178
|switch|p2a: Rotom|Rotom-Wash|100/100
|move|p1a: Cetitan|Belly Drum|p1a: Cetitan
|-damage|p1a: Cetitan|26/100
|-setboost|p1a: Cetitan|atk|6|[from] move: Belly Drum
|-enditem|p1a: Cetitan|Sitrus Berry|[eat]
|-heal|p1a: Cetitan|50/100|[from] item: Sitrus Berry
|
|upkeep
|turn|27
|
|t:|1743938185
|move|p1a: Cetitan|Knock Off|p2a: Rotom
|-damage|p2a: Rotom|7/100
|-damage|p1a: Cetitan|34/100|[from] item: Rocky Helmet|[of] p2a: Rotom
|-enditem|p2a: Rotom|Rocky Helmet|[from] move: Knock Off|[of] p1a: Cetitan
|move|p2a: Rotom|Will-O-Wisp|p1a: Cetitan
|-status|p1a: Cetitan|brn
|
|-damage|p1a: Cetitan|28/100 brn|[from] brn
|upkeep
|turn|28
|
|t:|1743938194
|move|p1a: Cetitan|Ice Shard|p2a: Rotom
|-resisted|p2a: Rotom
|-damage|p2a: Rotom|0 fnt
|faint|p2a: Rotom
|
|-damage|p1a: Cetitan|21/100 brn|[from] brn
|upkeep
|
|t:|1743938201
|switch|p2a: Great Tusk|Great Tusk|100/100
|turn|29
|
|t:|1743938265
|move|p1a: Cetitan|Ice Shard|p2a: Great Tusk
|-supereffective|p2a: Great Tusk
|-damage|p2a: Great Tusk|44/100
|move|p2a: Great Tusk|Rapid Spin|p1a: Cetitan
|-damage|p1a: Cetitan|3/100 brn
|-boost|p2a: Great Tusk|spe|1
|
|-damage|p1a: Cetitan|0 fnt|[from] brn
|faint|p1a: Cetitan
|upkeep
|
|t:|1743938272
|switch|p1a: Iron Moth|Iron Moth|100/100
|-damage|p1a: Iron Moth|76/100|[from] Stealth Rock
|turn|30
|
|t:|1743938277
|-terastallize|p1a: Iron Moth|Flying
|move|p2a: Great Tusk|Headlong Rush|p1a: Iron Moth
|-immune|p1a: Iron Moth
|move|p1a: Iron Moth|Fiery Dance|p2a: Great Tusk
|-crit|p2a: Great Tusk
|-damage|p2a: Great Tusk|0 fnt
|-boost|p1a: Iron Moth|spa|1
|faint|p2a: Great Tusk
|-end|p2a: Great Tusk|Protosynthesis|[silent]
|
|upkeep
|
|t:|1743938281
|switch|p2a: Hydrapple|Hydrapple, M, tera:Fairy|92/100
|turn|31
|
|t:|1743938283
|move|p1a: Iron Moth|Sludge Wave|p2a: Hydrapple
|-supereffective|p2a: Hydrapple
|-damage|p2a: Hydrapple|0 fnt
|faint|p2a: Hydrapple
|
|win|hariolos
|raw|hariolos's rating: 1494 &rarr; <strong>1513</strong><br />(+19 for winning)
|raw|GoobNUTglizz's rating: 1482 &rarr; <strong>1463</strong><br />(-19 for losing)
|l|☆hariolos
|player|p1|
