|j|☆y528
|j|☆DolipraneEnFeu
|t:|1743836872
|gametype|singles
|player|p1|y528|giovanni|1213
|player|p2|DolipraneEnFeu|102|1218
|teamsize|p1|6
|teamsize|p2|6
|gen|9
|tier|[Gen 9] OU
|rated|
|rule|HP Percentage Mod: HP is shown in percentages
|rule|Endless Battle Clause: Forcing endless battles is banned
|rule|Species Clause: Limit one of each Pokémon
|rule|OHKO Clause: OHKO moves are banned
|rule|Evasion Items Clause: Evasion items are banned
|rule|Evasion Moves Clause: Evasion moves are banned
|rule|Sleep Moves Clause: Sleep-inducing moves are banned
|clearpoke
|poke|p1|Gliscor, M|
|poke|p1|Suicune|
|poke|p1|Tyranitar, M|
|poke|p1|Medicham, M|
|poke|p1|Zapdos|
|poke|p1|Jirachi|
|poke|p2|Thundurus, M|
|poke|p2|Kyurem|
|poke|p2|Cinderace, M|
|poke|p2|Ursaluna, M|
|poke|p2|Skarmory, M|
|poke|p2|Primarina, M|
|teampreview
|inactive|Battle timer is ON: inactive players will automatically lose when time's up. (requested by y528)
|
|t:|1743836882
|start
|switch|p1a: Gliscor|Gliscor, M, shiny|100/100
|switch|p2a: Kyurem|Kyurem|100/100
|-ability|p2a: Kyurem|Pressure
|turn|1
|
|t:|1743836887
|move|p1a: Gliscor|Protect|p1a: Gliscor
|-singleturn|p1a: Gliscor|Protect
|move|p2a: Kyurem|Freeze-Dry|p1a: Gliscor
|-activate|p1a: Gliscor|move: Protect
|
|-status|p1a: Gliscor|tox|[from] item: Toxic Orb
|upkeep
|turn|2
|
|t:|1743836896
|switch|p1a: Tyranitar|Tyranitar, M, shiny|100/100
|-weather|Sandstorm|[from] ability: Sand Stream|[of] p1a: Tyranitar
|move|p2a: Kyurem|Freeze-Dry|p1a: Tyranitar
|-damage|p1a: Tyranitar|71/100
|
|-weather|Sandstorm|[upkeep]
|-damage|p2a: Kyurem|94/100|[from] Sandstorm
|upkeep
|turn|3
|
|t:|1743836906
|switch|p2a: Skarmory|Skarmory, M|100/100
|move|p1a: Tyranitar|Rock Blast|p2a: Skarmory
|-damage|p2a: Skarmory|90/100
|-damage|p2a: Skarmory|80/100
|-damage|p2a: Skarmory|69/100
|-damage|p2a: Skarmory|58/100
|-damage|p2a: Skarmory|47/100
|-hitcount|p2a: Skarmory|5
|-damage|p1a: Tyranitar|61/100|[from] item: Life Orb
|
|-weather|Sandstorm|[upkeep]
|upkeep
|turn|4
|
|t:|1743836916
|move|p2a: Skarmory|Roost|p2a: Skarmory
|-heal|p2a: Skarmory|97/100
|-singleturn|p2a: Skarmory|move: Roost
|move|p1a: Tyranitar|Fire Blast|p2a: Skarmory
|-supereffective|p2a: Skarmory
|-damage|p2a: Skarmory|0 fnt
|faint|p2a: Skarmory
|-damage|p1a: Tyranitar|51/100|[from] item: Life Orb
|
|-weather|Sandstorm|[upkeep]
|upkeep
|
|t:|1743836929
|switch|p2a: Thundurus|Thundurus, M|100/100
|turn|5
|
|t:|1743836939
|move|p2a: Thundurus|Hammer Arm|p1a: Tyranitar
|-supereffective|p1a: Tyranitar
|-damage|p1a: Tyranitar|0 fnt
|-unboost|p2a: Thundurus|spe|1
|faint|p1a: Tyranitar
|
|-weather|Sandstorm|[upkeep]
|-damage|p2a: Thundurus|94/100|[from] Sandstorm
|upkeep
|
|t:|1743836966
|switch|p1a: Zapdos|Zapdos|100/100
|turn|6
|
|t:|1743836973
|switch|p2a: Kyurem|Kyurem|94/100
|-ability|p2a: Kyurem|Pressure
|move|p1a: Zapdos|Thunderbolt|p2a: Kyurem
|-resisted|p2a: Kyurem
|-damage|p2a: Kyurem|70/100
|
|-weather|none
|upkeep
|turn|7
|
|t:|1743836991
|move|p2a: Kyurem|Ice Beam|p1a: Zapdos
|-supereffective|p1a: Zapdos
|-damage|p1a: Zapdos|0 fnt
|faint|p1a: Zapdos
|
|upkeep
|
|t:|1743836996
|switch|p1a: Jirachi|Jirachi|100/100
|turn|8
|
|t:|1743837002
|switch|p2a: Thundurus|Thundurus, M|94/100
|move|p1a: Jirachi|Iron Head|p2a: Thundurus
|-resisted|p2a: Thundurus
|-damage|p2a: Thundurus|70/100
|
|upkeep
|turn|9
|
|t:|1743837011
|switch|p1a: Gliscor|Gliscor, M, shiny|100/100 tox
|move|p2a: Thundurus|Thunder Wave|p1a: Gliscor
|-immune|p1a: Gliscor
|
|upkeep
|turn|10
|
|t:|1743837020
|move|p2a: Thundurus|U-turn|p1a: Gliscor
|-resisted|p1a: Gliscor
|-damage|p1a: Gliscor|92/100 tox
|
|t:|1743837023
|switch|p2a: Ursaluna|Ursaluna, M|100/100|[from] U-turn
|move|p1a: Gliscor|Stealth Rock|p2a: Ursaluna
|-sidestart|p2: DolipraneEnFeu|move: Stealth Rock
|
|-heal|p1a: Gliscor|100/100 tox|[from] ability: Poison Heal
|-status|p2a: Ursaluna|brn|[from] item: Flame Orb
|upkeep
|turn|11
|
|t:|1743837031
|move|p1a: Gliscor|U-turn|p2a: Ursaluna
|-crit|p2a: Ursaluna
|-damage|p2a: Ursaluna|80/100 brn
|
|t:|1743837039
|switch|p1a: Suicune|Suicune, shiny|100/100|[from] U-turn
|move|p2a: Ursaluna|Facade|p1a: Suicune
|-damage|p1a: Suicune|1/100
|
|-heal|p1a: Suicune|7/100|[from] item: Leftovers
|-damage|p2a: Ursaluna|74/100 brn|[from] brn
|upkeep
|turn|12
|
|t:|1743837052
|switch|p2a: Primarina|Primarina, M|100/100
|-damage|p2a: Primarina|88/100|[from] Stealth Rock
|move|p1a: Suicune|Scald|p2a: Primarina
|-resisted|p2a: Primarina
|-damage|p2a: Primarina|79/100
|
|-heal|p1a: Suicune|13/100|[from] item: Leftovers
|upkeep
|turn|13
|
|t:|1743837058
|move|p1a: Suicune|Rest|p1a: Suicune
|-status|p1a: Suicune|slp|[from] move: Rest
|-heal|p1a: Suicune|100/100 slp|[silent]
|move|p2a: Primarina|Moonblast|p1a: Suicune
|-damage|p1a: Suicune|68/100 slp
|
|-heal|p1a: Suicune|74/100 slp|[from] item: Leftovers
|upkeep
|turn|14
|
|t:|1743837066
|cant|p1a: Suicune|slp
|move|p2a: Primarina|Flip Turn|p1a: Suicune
|-resisted|p1a: Suicune
|-damage|p1a: Suicune|68/100 slp
|
|t:|1743837071
|switch|p2a: Ursaluna|Ursaluna, M|74/100 brn|[from] Flip Turn
|-damage|p2a: Ursaluna|68/100 brn|[from] Stealth Rock
|
|-heal|p1a: Suicune|75/100 slp|[from] item: Leftovers
|-damage|p2a: Ursaluna|62/100 brn|[from] brn
|upkeep
|turn|15
|
|t:|1743837079
|switch|p1a: Gliscor|Gliscor, M, shiny|100/100 tox
|move|p2a: Ursaluna|Facade|p1a: Gliscor
|-damage|p1a: Gliscor|6/100 tox
|
|-heal|p1a: Gliscor|18/100 tox|[from] ability: Poison Heal
|-damage|p2a: Ursaluna|55/100 brn|[from] brn
|upkeep
|turn|16
|
|t:|1743837086
|move|p1a: Gliscor|Protect|p1a: Gliscor
|-singleturn|p1a: Gliscor|Protect
|move|p2a: Ursaluna|Facade|p1a: Gliscor
|-activate|p1a: Gliscor|move: Protect
|
|-heal|p1a: Gliscor|30/100 tox|[from] ability: Poison Heal
|-damage|p2a: Ursaluna|49/100 brn|[from] brn
|upkeep
|turn|17
|
|t:|1743837112
|switch|p1a: Jirachi|Jirachi|100/100
|move|p2a: Ursaluna|Facade|p1a: Jirachi
|-resisted|p1a: Jirachi
|-damage|p1a: Jirachi|34/100
|
|-damage|p2a: Ursaluna|43/100 brn|[from] brn
|upkeep
|turn|18
|
|t:|1743837119
|switch|p2a: Thundurus|Thundurus, M|70/100
|move|p1a: Jirachi|Iron Head|p2a: Thundurus
|-resisted|p2a: Thundurus
|-damage|p2a: Thundurus|44/100
|
|upkeep
|turn|19
|
|t:|1743837127
|move|p1a: Jirachi|Iron Head|p2a: Thundurus
|-resisted|p2a: Thundurus
|-damage|p2a: Thundurus|15/100
|move|p2a: Thundurus|U-turn|p1a: Jirachi
|-damage|p1a: Jirachi|13/100
|
|t:|1743837131
|switch|p2a: Cinderace|Cinderace, M|100/100|[from] U-turn
|
|upkeep
|turn|20
|
|t:|1743837135
|switch|p1a: Suicune|Suicune, shiny|75/100 slp
|move|p2a: Cinderace|Court Change|p2a: Cinderace
|-start|p2a: Cinderace|typechange|Normal|[from] ability: Libero
|-swapsideconditions
|-activate|p2a: Cinderace|move: Court Change
|
|-heal|p1a: Suicune|81/100 slp|[from] item: Leftovers
|upkeep
|turn|21
|
|t:|1743837149
|move|p2a: Cinderace|U-turn|p1a: Suicune
|-damage|p1a: Suicune|62/100 slp
|
|t:|1743837152
|switch|p2a: Ursaluna|Ursaluna, M|43/100 brn|[from] U-turn
|cant|p1a: Suicune|slp
|
|-heal|p1a: Suicune|69/100 slp|[from] item: Leftovers
|-damage|p2a: Ursaluna|37/100 brn|[from] brn
|upkeep
|turn|22
|
|t:|1743837163
|-curestatus|p1a: Suicune|slp|[msg]
|move|p1a: Suicune|Scald|p2a: Ursaluna
|-supereffective|p2a: Ursaluna
|-damage|p2a: Ursaluna|0 fnt
|faint|p2a: Ursaluna
|
|-heal|p1a: Suicune|75/100|[from] item: Leftovers
|upkeep
|
|t:|1743837169
|switch|p2a: Kyurem|Kyurem|70/100
|-ability|p2a: Kyurem|Pressure
|turn|23
|
|t:|1743837182
|switch|p1a: Gliscor|Gliscor, M, shiny|30/100 tox
|-damage|p1a: Gliscor|18/100 tox|[from] Stealth Rock
|move|p2a: Kyurem|Freeze-Dry|p1a: Gliscor
|-supereffective|p1a: Gliscor
|-damage|p1a: Gliscor|0 fnt
|faint|p1a: Gliscor
|
|upkeep
|
|t:|1743837184
|switch|p1a: Jirachi|Jirachi|13/100
|-damage|p1a: Jirachi|7/100|[from] Stealth Rock
|turn|24
|
|t:|1743837190
|switch|p2a: Thundurus|Thundurus, M|15/100
|move|p1a: Jirachi|Healing Wish|p1a: Jirachi
|faint|p1a: Jirachi
|
|upkeep
|
|t:|1743837195
|switch|p1a: Suicune|Suicune, shiny|75/100
|-heal|p1a: Suicune|100/100|[from] move: Healing Wish
|-damage|p1a: Suicune|88/100|[from] Stealth Rock
|turn|25
|
|t:|1743837199
|move|p2a: Thundurus|Supercell Slam|p1a: Suicune
|-supereffective|p1a: Suicune
|-damage|p1a: Suicune|21/100
|move|p1a: Suicune|Ice Beam|p2a: Thundurus
|-supereffective|p2a: Thundurus
|-damage|p2a: Thundurus|0 fnt
|faint|p2a: Thundurus
|
|-heal|p1a: Suicune|27/100|[from] item: Leftovers
|upkeep
|
|t:|1743837203
|switch|p2a: Kyurem|Kyurem|70/100
|-ability|p2a: Kyurem|Pressure
|turn|26
|
|t:|1743837225
|move|p2a: Kyurem|Freeze-Dry|p1a: Suicune
|-supereffective|p1a: Suicune
|-damage|p1a: Suicune|0 fnt
|faint|p1a: Suicune
|
|upkeep
|
|t:|1743837227
|switch|p1a: Medicham|Medicham, M, shiny|100/100
|-damage|p1a: Medicham|94/100|[from] Stealth Rock
|turn|27
|
|t:|1743837238
|move|p1a: Medicham|High Jump Kick|p2a: Kyurem
|-supereffective|p2a: Kyurem
|-damage|p2a: Kyurem|0 fnt
|faint|p2a: Kyurem
|
|upkeep
|
|t:|1743837240
|switch|p2a: Primarina|Primarina, M|79/100
|turn|28
|
|t:|1743837245
|-terastallize|p1a: Medicham|Fighting
|move|p1a: Medicham|High Jump Kick|p2a: Primarina
|-resisted|p2a: Primarina
|-damage|p2a: Primarina|0 fnt
|faint|p2a: Primarina
|
|upkeep
|
|t:|1743837250
|switch|p2a: Cinderace|Cinderace, M|100/100
|turn|29
|
|t:|1743837257
|-terastallize|p2a: Cinderace|Fire
|move|p1a: Medicham|High Jump Kick|p2a: Cinderace
|-damage|p2a: Cinderace|0 fnt
|faint|p2a: Cinderace
|
|win|y528
|raw|y528's rating: 1213 &rarr; <strong>1238</strong><br />(+25 for winning)
|raw|DolipraneEnFeu's rating: 1218 &rarr; <strong>1193</strong><br />(-25 for losing)
|l|☆DolipraneEnFeu
|player|p2|
|l|☆y528
|player|p1|
