|j|☆zuoxi
|j|☆Sleepy7634
|t:|1743927624
|gametype|singles
|player|p1|zuoxi|policeman-gen4|1167
|player|p2|Sleepy7634|koga|1228
|teamsize|p1|6
|teamsize|p2|6
|gen|9
|tier|[Gen 9] OU
|rated|
|rule|HP Percentage Mod: HP is shown in percentages
|rule|Endless Battle Clause: Forcing endless battles is banned
|rule|Species Clause: Limit one of each Pokémon
|rule|OHKO Clause: OHKO moves are banned
|rule|Evasion Items Clause: Evasion items are banned
|rule|Evasion Moves Clause: Evasion moves are banned
|rule|Sleep Moves Clause: Sleep-inducing moves are banned
|clearpoke
|poke|p1|Torkoal, M|
|poke|p1|Walking Wake|
|poke|p1|Chansey, F|
|poke|p1|Charizard, F|
|poke|p1|Lilligant-Hisui, F|
|poke|p1|Landorus-Therian, M|
|poke|p2|Garchomp, M|
|poke|p2|Rillaboom, F|
|poke|p2|Primarina, M|
|poke|p2|Tinkaton, F|
|poke|p2|Meowscarada, F|
|poke|p2|Dragapult, F|
|teampreview
|
|t:|1743927648
|start
|switch|p1a: Landorus|Landorus-Therian, M|100/100
|switch|p2a: Hannah Montana|Primarina, M, shiny|100/100
|-ability|p1a: Landorus|Intimidate|boost
|-unboost|p2a: Hannah Montana|atk|1
|turn|1
|
|t:|1743927660
|switch|p1a: Chansey|Chansey, F|100/100
|move|p2a: Hannah Montana|Surf|p1a: Chansey
|-damage|p1a: Chansey|84/100
|
|upkeep
|turn|2
|
|t:|1743927677
|move|p2a: Hannah Montana|Flip Turn|p1a: Chansey
|-damage|p1a: Chansey|78/100
|
|t:|1743927680
|switch|p2a: Garchomp|Garchomp, M, shiny|100/100|[from] Flip Turn
|move|p1a: Chansey|Thunder Wave|p2a: Garchomp
|-immune|p2a: Garchomp
|
|upkeep
|turn|3
|
|t:|1743927688
|switch|p1a: Landorus|Landorus-Therian, M|100/100
|-ability|p1a: Landorus|Intimidate|boost
|-unboost|p2a: Garchomp|atk|1
|move|p2a: Garchomp|Stealth Rock|p1a: Landorus
|-sidestart|p1: zuoxi|move: Stealth Rock
|
|upkeep
|turn|4
|
|t:|1743927702
|move|p2a: Garchomp|Spikes|p1a: Landorus
|-sidestart|p1: zuoxi|Spikes
|move|p1a: Landorus|Stealth Rock|p2a: Garchomp
|-sidestart|p2: Sleepy7634|move: Stealth Rock
|
|upkeep
|turn|5
|
|t:|1743927713
|move|p2a: Garchomp|Spikes|p1a: Landorus
|-sidestart|p1: zuoxi|Spikes
|move|p1a: Landorus|U-turn|p2a: Garchomp
|-damage|p2a: Garchomp|86/100
|-damage|p1a: Landorus|88/100|[from] ability: Rough Skin|[of] p2a: Garchomp
|-damage|p1a: Landorus|72/100|[from] item: Rocky Helmet|[of] p2a: Garchomp
|
|t:|1743927718
|switch|p1a: Torkoal|Torkoal, M|100/100|[from] U-turn
|-damage|p1a: Torkoal|75/100|[from] Stealth Rock
|-damage|p1a: Torkoal|59/100|[from] Spikes
|-weather|SunnyDay|[from] ability: Drought|[of] p1a: Torkoal
|
|-weather|SunnyDay|[upkeep]
|upkeep
|turn|6
|
|t:|1743927748
|-terastallize|p2a: Garchomp|Ghost
|move|p2a: Garchomp|Earthquake|p1a: Torkoal
|-supereffective|p1a: Torkoal
|-damage|p1a: Torkoal|29/100
|move|p1a: Torkoal|Rapid Spin|p2a: Garchomp
|-immune|p2a: Garchomp
|
|-weather|SunnyDay|[upkeep]
|upkeep
|turn|7
|
|t:|1743927756
|move|p2a: Garchomp|Earthquake|p1a: Torkoal
|-supereffective|p1a: Torkoal
|-damage|p1a: Torkoal|0 fnt
|faint|p1a: Torkoal
|
|-weather|SunnyDay|[upkeep]
|upkeep
|
|t:|1743927765
|switch|p1a: Landorus|Landorus-Therian, M|72/100
|-damage|p1a: Landorus|59/100|[from] Stealth Rock
|-ability|p1a: Landorus|Intimidate|boost
|-unboost|p2a: Garchomp|atk|1
|turn|8
|
|t:|1743927784
|switch|p2a: Questlove|Rillaboom, F, shiny|100/100
|-damage|p2a: Questlove|88/100|[from] Stealth Rock
|-fieldstart|move: Grassy Terrain|[from] ability: Grassy Surge|[of] p2a: Questlove
|switch|p1a: Walking Wake|Walking Wake|100/100
|-damage|p1a: Walking Wake|88/100|[from] Stealth Rock
|-damage|p1a: Walking Wake|72/100|[from] Spikes
|-activate|p1a: Walking Wake|ability: Protosynthesis
|-start|p1a: Walking Wake|protosynthesisspe
|
|-weather|SunnyDay|[upkeep]
|-heal|p1a: Walking Wake|78/100|[from] Grassy Terrain
|-heal|p2a: Questlove|94/100|[from] Grassy Terrain
|upkeep
|turn|9
|
|t:|1743927797
|switch|p2a: Hannah Montana|Primarina, M, shiny|100/100
|-damage|p2a: Hannah Montana|88/100|[from] Stealth Rock
|move|p1a: Walking Wake|Weather Ball|p2a: Hannah Montana
|-resisted|p2a: Hannah Montana
|-damage|p2a: Hannah Montana|66/100
|
|-weather|SunnyDay|[upkeep]
|-heal|p1a: Walking Wake|84/100|[from] Grassy Terrain
|-heal|p2a: Hannah Montana|72/100|[from] Grassy Terrain
|upkeep
|turn|10
|-message|zuoxi forfeited.
|
|win|Sleepy7634
|raw|zuoxi's rating: 1167 &rarr; <strong>1146</strong><br />(-21 for losing)
|raw|Sleepy7634's rating: 1228 &rarr; <strong>1249</strong><br />(+21 for winning)
|l|☆zuoxi
|player|p1|
