|j|☆projecthorror
|j|☆Nolpac
|t:|1743778256
|gametype|singles
|player|p1|projecthorror|2|1389
|player|p2|Nolpac|169|1411
|teamsize|p1|6
|teamsize|p2|6
|gen|9
|tier|[Gen 9] OU
|rated|
|rule|HP Percentage Mod: HP is shown in percentages
|rule|Endless Battle Clause: Forcing endless battles is banned
|rule|Species Clause: Limit one of each Pokémon
|rule|OHKO Clause: OHKO moves are banned
|rule|Evasion Items Clause: Evasion items are banned
|rule|Evasion Moves Clause: Evasion moves are banned
|rule|Sleep Moves Clause: Sleep-inducing moves are banned
|clearpoke
|poke|p1|Mimikyu, F|
|poke|p1|Glimmora, M|
|poke|p1|Ceruledge, M|
|poke|p1|Iron Valiant|
|poke|p1|Greninja-*, M|
|poke|p1|Moltres|
|poke|p2|Ninetales, M|
|poke|p2|Great Tusk|
|poke|p2|Venusaur, F|
|poke|p2|Walking Wake|
|poke|p2|Sandy Shocks|
|poke|p2|Shiftry, F|
|teampreview
|inactive|Battle timer is ON: inactive players will automatically lose when time's up. (requested by Nolpac)
|inactive|projecthorror has 120 seconds left.
|inactive|projecthorror has 90 seconds left.
|
|t:|1743778318
|start
|switch|p1a: Glimmora|Glimmora, M|100/100
|switch|p2a: Ninetales|Ninetales, M|100/100
|-weather|SunnyDay|[from] ability: Drought|[of] p2a: Ninetales
|turn|1
|
|t:|1743778340
|switch|p2a: Sandy Shocks|Sandy Shocks|100/100
|-activate|p2a: Sandy Shocks|ability: Protosynthesis
|-start|p2a: Sandy Shocks|protosynthesisspe
|move|p1a: Glimmora|Mud Shot|p2a: Sandy Shocks
|-supereffective|p2a: Sandy Shocks
|-damage|p2a: Sandy Shocks|58/100
|-unboost|p2a: Sandy Shocks|spe|1
|
|-weather|SunnyDay|[upkeep]
|upkeep
|turn|2
|inactive|projecthorror has 120 seconds left.
|
|t:|1743778372
|move|p2a: Sandy Shocks|Earth Power|p1a: Glimmora
|-supereffective|p1a: Glimmora
|-enditem|p1a: Glimmora|Focus Sash
|-damage|p1a: Glimmora|1/100
|-unboost|p1a: Glimmora|spd|1
|move|p1a: Glimmora|Stealth Rock|p2a: Sandy Shocks
|-sidestart|p2: Nolpac|move: Stealth Rock
|
|-weather|SunnyDay|[upkeep]
|upkeep
|turn|3
|
|t:|1743778383
|move|p2a: Sandy Shocks|Volt Switch|p1a: Glimmora
|-damage|p1a: Glimmora|0 fnt
|faint|p1a: Glimmora
|
|t:|1743778390
|-end|p2a: Sandy Shocks|Protosynthesis|[silent]
|switch|p2a: Great Tusk|Great Tusk|100/100|[from] Volt Switch
|-damage|p2a: Great Tusk|98/100|[from] Stealth Rock
|-activate|p2a: Great Tusk|ability: Protosynthesis
|-start|p2a: Great Tusk|protosynthesisspe
|
|-weather|SunnyDay|[upkeep]
|upkeep
|
|t:|1743778395
|switch|p1a: Iron Valiant|Iron Valiant|100/100
|-enditem|p1a: Iron Valiant|Booster Energy
|-activate|p1a: Iron Valiant|ability: Quark Drive|[fromitem]
|-start|p1a: Iron Valiant|quarkdrivespe
|turn|4
|
|t:|1743778409
|-end|p2a: Great Tusk|Protosynthesis|[silent]
|switch|p2a: Venusaur|Venusaur, F|100/100
|-damage|p2a: Venusaur|88/100|[from] Stealth Rock
|move|p1a: Iron Valiant|Moonblast|p2a: Venusaur
|-resisted|p2a: Venusaur
|-damage|p2a: Venusaur|63/100
|
|-weather|SunnyDay|[upkeep]
|upkeep
|turn|5
|inactive|projecthorror has 120 seconds left.
|inactive|projecthorror has 90 seconds left.
|
|t:|1743778474
|-terastallize|p1a: Iron Valiant|Ghost
|move|p1a: Iron Valiant|Calm Mind|p1a: Iron Valiant
|-boost|p1a: Iron Valiant|spa|1
|-boost|p1a: Iron Valiant|spd|1
|move|p2a: Venusaur|Sludge Bomb|p1a: Iron Valiant
|-resisted|p1a: Iron Valiant
|-damage|p1a: Iron Valiant|68/100
|-status|p1a: Iron Valiant|psn
|-damage|p2a: Venusaur|53/100|[from] item: Life Orb
|
|-weather|SunnyDay|[upkeep]
|-damage|p1a: Iron Valiant|56/100 psn|[from] psn
|upkeep
|turn|6
|
|t:|1743778489
|move|p1a: Iron Valiant|Shadow Ball|p2a: Venusaur
|-damage|p2a: Venusaur|0 fnt
|faint|p2a: Venusaur
|
|-weather|SunnyDay|[upkeep]
|-damage|p1a: Iron Valiant|43/100 psn|[from] psn
|upkeep
|inactive|Nolpac has 120 seconds left.
|
|t:|1743778514
|switch|p2a: Great Tusk|Great Tusk|98/100
|-damage|p2a: Great Tusk|95/100|[from] Stealth Rock
|-activate|p2a: Great Tusk|ability: Protosynthesis
|-start|p2a: Great Tusk|protosynthesisspe
|turn|7
|
|t:|1743778521
|-terastallize|p2a: Great Tusk|Steel
|move|p1a: Iron Valiant|Moonblast|p2a: Great Tusk
|-resisted|p2a: Great Tusk
|-damage|p2a: Great Tusk|48/100
|-unboost|p2a: Great Tusk|spa|1
|move|p2a: Great Tusk|Headlong Rush|p1a: Iron Valiant
|-crit|p1a: Iron Valiant
|-damage|p1a: Iron Valiant|0 fnt
|-unboost|p2a: Great Tusk|def|1
|-unboost|p2a: Great Tusk|spd|1
|faint|p1a: Iron Valiant
|-end|p1a: Iron Valiant|Quark Drive|[silent]
|
|-weather|SunnyDay|[upkeep]
|upkeep
|
|t:|1743778528
|switch|p1a: Greninja|Greninja, M|100/100
|turn|8
|
|t:|1743778533
|-end|p2a: Great Tusk|Protosynthesis|[silent]
|switch|p2a: Walking Wake|Walking Wake|100/100
|-damage|p2a: Walking Wake|88/100|[from] Stealth Rock
|-activate|p2a: Walking Wake|ability: Protosynthesis
|-start|p2a: Walking Wake|protosynthesisspe
|move|p1a: Greninja|Dark Pulse|p2a: Walking Wake
|-damage|p2a: Walking Wake|46/100
|
|-weather|none
|-end|p2a: Walking Wake|Protosynthesis
|upkeep
|turn|9
|
|t:|1743778547
|-end|p2a: Walking Wake|Protosynthesis|[silent]
|switch|p2a: Ninetales|Ninetales, M|100/100
|-damage|p2a: Ninetales|76/100|[from] Stealth Rock
|-weather|SunnyDay|[from] ability: Drought|[of] p2a: Ninetales
|move|p1a: Greninja|Dark Pulse|p2a: Ninetales
|-damage|p2a: Ninetales|42/100
|
|-weather|SunnyDay|[upkeep]
|upkeep
|turn|10
|inactive|projecthorror has 120 seconds left.
|
|t:|1743778577
|move|p1a: Greninja|Dark Pulse|p2a: Ninetales
|-damage|p2a: Ninetales|5/100
|move|p2a: Ninetales|Healing Wish|p2a: Ninetales
|faint|p2a: Ninetales
|
|-weather|SunnyDay|[upkeep]
|upkeep
|c|☆projecthorror|fuck
|
|t:|1743778584
|switch|p2a: Shiftry|Shiftry, F|100/100
|-damage|p2a: Shiftry|88/100|[from] Stealth Rock
|turn|11
|c|☆projecthorror|wait why
|c|☆Nolpac|wdym why
|c|☆projecthorror|why healing wish
|inactive|Nolpac has 120 seconds left.
|c|☆projecthorror|shiftry 0 dmg
|c|☆projecthorror|i mean
|c|☆Nolpac|oh it uh
|c|☆Nolpac|it can activate later
|
|t:|1743778637
|move|p2a: Shiftry|Growth|p2a: Shiftry
|-boost|p2a: Shiftry|atk|2
|-boost|p2a: Shiftry|spa|2
|move|p1a: Greninja|Sludge Wave|p2a: Shiftry
|-supereffective|p2a: Shiftry
|-damage|p2a: Shiftry|0 fnt
|faint|p2a: Shiftry
|-ability|p1a: Greninja|Battle Bond|boost
|-boost|p1a: Greninja|atk|1
|-boost|p1a: Greninja|spa|1
|-boost|p1a: Greninja|spe|1
|-activate|p1a: Greninja|ability: Battle Bond
|
|-weather|SunnyDay|[upkeep]
|upkeep
|c|☆projecthorror|i aint use it before but i seen others use
|c|☆Nolpac|wow i died
|inactive|Nolpac has 90 seconds left.
|c|☆projecthorror|and ion think it keeps man
|
|t:|1743778648
|switch|p2a: Walking Wake|Walking Wake|46/100
|-heal|p2a: Walking Wake|100/100|[from] move: Healing Wish
|-damage|p2a: Walking Wake|88/100|[from] Stealth Rock
|-activate|p2a: Walking Wake|ability: Protosynthesis
|-start|p2a: Walking Wake|protosynthesisspe
|turn|12
|c|☆projecthorror|YO IT DOES
|c|☆Nolpac|magik
|c|☆projecthorror|OMG
|inactive|Nolpac has 90 seconds left.
|c|☆Nolpac|btw im cooked
|c|☆projecthorror|uh
|c|☆projecthorror|lowkey yeah
|
|t:|1743778667
|move|p1a: Greninja|Dark Pulse|p2a: Walking Wake
|-damage|p2a: Walking Wake|31/100
|move|p2a: Walking Wake|Draco Meteor|p1a: Greninja
|-enditem|p1a: Greninja|Focus Sash
|-damage|p1a: Greninja|1/100
|-unboost|p2a: Walking Wake|spa|2
|
|-weather|SunnyDay|[upkeep]
|upkeep
|turn|13
|c|☆projecthorror|s a s h
|inactive|Nolpac has 90 seconds left.
|c|☆Nolpac|wow
|c|☆Nolpac|ggs
|
|t:|1743778686
|move|p1a: Greninja|Dark Pulse|p2a: Walking Wake
|-damage|p2a: Walking Wake|0 fnt
|faint|p2a: Walking Wake
|-end|p2a: Walking Wake|Protosynthesis|[silent]
|
|-weather|SunnyDay|[upkeep]
|upkeep
|
|t:|1743778689
|switch|p2a: Great Tusk|Great Tusk, tera:Steel|48/100
|-damage|p2a: Great Tusk|42/100|[from] Stealth Rock
|-activate|p2a: Great Tusk|ability: Protosynthesis
|-start|p2a: Great Tusk|protosynthesisspe
|turn|14
|c|☆projecthorror|ggs
|c|☆projecthorror|my team cooking fr
|
|t:|1743778697
|move|p1a: Greninja|Surf|p2a: Great Tusk
|-damage|p2a: Great Tusk|6/100
|move|p2a: Great Tusk|Rapid Spin|p1a: Greninja
|-damage|p1a: Greninja|0 fnt
|-boost|p2a: Great Tusk|spe|1
|-sideend|p2: Nolpac|Stealth Rock|[from] move: Rapid Spin|[of] p2a: Great Tusk
|faint|p1a: Greninja
|
|-weather|SunnyDay|[upkeep]
|upkeep
|c|☆projecthorror|NAH
|c|☆Nolpac|wow it lived
|
|t:|1743778707
|switch|p1a: Mimikyu|Mimikyu, F|100/100
|turn|15
|
|t:|1743778712
|move|p1a: Mimikyu|Shadow Sneak|p2a: Great Tusk
|-damage|p2a: Great Tusk|0 fnt
|-damage|p1a: Mimikyu|84/100|[from] item: Rocky Helmet|[of] p2a: Great Tusk
|faint|p2a: Great Tusk
|-end|p2a: Great Tusk|Protosynthesis|[silent]
|-damage|p1a: Mimikyu|74/100|[from] item: Life Orb
|
|-weather|SunnyDay|[upkeep]
|upkeep
|
|t:|1743778717
|switch|p2a: Sandy Shocks|Sandy Shocks|58/100
|-activate|p2a: Sandy Shocks|ability: Protosynthesis
|-start|p2a: Sandy Shocks|protosynthesisspe
|turn|16
|c|☆Nolpac|watch this insane play
|
|t:|1743778725
|move|p2a: Sandy Shocks|Light Screen|p2a: Sandy Shocks
|-sidestart|p2: Nolpac|move: Light Screen
|move|p1a: Mimikyu|Shadow Claw|p2a: Sandy Shocks
|-damage|p2a: Sandy Shocks|16/100
|-damage|p1a: Mimikyu|64/100|[from] item: Life Orb
|
|-weather|none
|-end|p2a: Sandy Shocks|Protosynthesis
|upkeep
|turn|17
|c|☆projecthorror|yuh
|c|☆projecthorror|:skull
|c|☆projecthorror|light screen goes crazy
|
|t:|1743778739
|move|p2a: Sandy Shocks|Tera Blast|p1a: Mimikyu
|-immune|p1a: Mimikyu
|move|p1a: Mimikyu|Shadow Claw|p2a: Sandy Shocks
|-damage|p2a: Sandy Shocks|0 fnt
|faint|p2a: Sandy Shocks
|-end|p2a: Sandy Shocks|Protosynthesis|[silent]
|-damage|p1a: Mimikyu|54/100|[from] item: Life Orb
|
|win|projecthorror
|raw|projecthorror's rating: 1389 &rarr; <strong>1410</strong><br />(+21 for winning)
|raw|Nolpac's rating: 1411 &rarr; <strong>1390</strong><br />(-21 for losing)
|c|☆projecthorror|ggs
|c|☆Nolpac|ggs
|c|☆projecthorror|wait suggestion
|c|☆projecthorror|get morefire types
|c|☆projecthorror|add moltres
|c|☆projecthorror|moltres good support + offensive mon
|c|☆Nolpac|yeah i was thinking of that
|c|☆projecthorror|hyeah add it
|c|☆projecthorror|use my set
|c|☆Nolpac|probably gonna remove sandy shocks
|c|☆projecthorror|flamethrower/u turn/roar/roost///heavy duty boots///max def 240 hp 12 spatk
|c|☆projecthorror|adjust spatk and hp however u want tho
|c|☆Nolpac|oki
|c|☆Nolpac|thanks <3
|c|☆projecthorror|like that can use u turn to break sash + mimikyu
|c|☆projecthorror|then spam roar until u find gud opponent fr
|c|☆projecthorror|bai bai
|l|☆projecthorror
|player|p1|
|c|☆Nolpac|byee
