|j|☆Ill Leave
|j|☆foobarbazqux
|t:|1743886027
|gametype|singles
|player|p1|Ill Leave|li|1566
|player|p2|foobarbazqux|265|1616
|teamsize|p1|6
|teamsize|p2|6
|gen|9
|tier|[Gen 9] OU
|rated|
|rule|HP Percentage Mod: HP is shown in percentages
|rule|Endless Battle Clause: Forcing endless battles is banned
|rule|Species Clause: Limit one of each Pokémon
|rule|OHKO Clause: OHKO moves are banned
|rule|Evasion Items Clause: Evasion items are banned
|rule|Evasion Moves Clause: Evasion moves are banned
|rule|Sleep Moves Clause: Sleep-inducing moves are banned
|clearpoke
|poke|p1|Ursaluna, F|
|poke|p1|Alomomola, F|
|poke|p1|Skarmory, F|
|poke|p1|Clodsire, F|
|poke|p1|Garganacl, M|
|poke|p1|Weezing-Galar, F|
|poke|p2|Araquanid, F|
|poke|p2|Cinderace, F|
|poke|p2|Kingambit, F|
|poke|p2|Serperior, M|
|poke|p2|Gliscor, M|
|poke|p2|Milotic, F|
|teampreview
|inactive|Battle timer is ON: inactive players will automatically lose when time's up. (requested by foobarbazqux)
|
|t:|1743886038
|start
|switch|p1a: Skarmory|Skarmory, F|100/100
|switch|p2a: Araquanid|Araquanid, F|100/100
|turn|1
|
|t:|1743886041
|move|p1a: Skarmory|Brave Bird|p2a: Araquanid
|-supereffective|p2a: Araquanid
|-damage|p2a: Araquanid|31/100
|-damage|p1a: Skarmory|77/100|[from] Recoil
|move|p2a: Araquanid|Sticky Web|p1a: Skarmory
|-sidestart|p1: Ill Leave|move: Sticky Web
|
|upkeep
|turn|2
|
|t:|1743886045
|move|p2a: Araquanid|Endure|p2a: Araquanid
|-singleturn|p2a: Araquanid|move: Endure
|move|p1a: Skarmory|Brave Bird|p2a: Araquanid
|-supereffective|p2a: Araquanid
|-activate|p2a: Araquanid|move: Endure
|-damage|p2a: Araquanid|1/100
|-damage|p1a: Skarmory|67/100|[from] Recoil
|
|upkeep
|turn|3
|-enditem|p2a: Araquanid|Custap Berry|[eat]
|-activate|p2a: Araquanid|item: Custap Berry|[consumed]
|
|t:|1743886048
|move|p2a: Araquanid|Surf|p1a: Skarmory
|-damage|p1a: Skarmory|0 fnt
|faint|p1a: Skarmory
|
|upkeep
|
|t:|1743886062
|switch|p1a: Weezing|Weezing-Galar, F|100/100
|-ability|p1a: Weezing|Neutralizing Gas
|turn|4
|
|t:|1743886069
|switch|p2a: Serperior|Serperior, M|100/100
|move|p1a: Weezing|Strange Steam|p2a: Serperior
|-damage|p2a: Serperior|63/100
|
|upkeep
|turn|5
|
|t:|1743886073
|-terastallize|p2a: Serperior|Ground
|move|p2a: Serperior|Leaf Storm|p1a: Weezing
|-resisted|p1a: Weezing
|-damage|p1a: Weezing|55/100
|-unboost|p2a: Serperior|spa|2
|-damage|p2a: Serperior|53/100|[from] item: Life Orb
|move|p1a: Weezing|Defog|p2a: Serperior
|-unboost|p2a: Serperior|evasion|1
|-sideend|p1: Ill Leave|Sticky Web|[from] move: Defog|[of] p1a: Weezing
|
|upkeep
|turn|6
|c|☆foobarbazqux|oh fuuuck I forgot the gas
|c|☆foobarbazqux|nicely done
|
|t:|1743886085
|switch|p2a: Araquanid|Araquanid, F|1/100
|move|p1a: Weezing|Strange Steam|p2a: Araquanid
|-damage|p2a: Araquanid|0 fnt
|faint|p2a: Araquanid
|
|upkeep
|
|t:|1743886088
|switch|p2a: Cinderace|Cinderace, F|100/100
|turn|7
|c|☆Ill Leave|thanks
|
|t:|1743886093
|-end|p1a: Weezing|ability: Neutralizing Gas
|switch|p1a: Alomomola|Alomomola, F|100/100
|move|p2a: Cinderace|Pyro Ball|p1a: Alomomola
|-resisted|p1a: Alomomola
|-crit|p1a: Alomomola
|-damage|p1a: Alomomola|80/100
|-status|p1a: Alomomola|brn
|
|-damage|p1a: Alomomola|74/100 brn|[from] brn
|upkeep
|turn|8
|
|t:|1743886100
|switch|p2a: Serperior|Serperior, M, tera:Ground|53/100
|move|p1a: Alomomola|Scald|p2a: Serperior
|-supereffective|p2a: Serperior
|-damage|p2a: Serperior|18/100
|
|-damage|p1a: Alomomola|68/100 brn|[from] brn
|upkeep
|turn|9
|
|t:|1743886107
|switch|p1a: Clodsire|Clodsire, F|100/100
|move|p2a: Serperior|Tera Blast|p1a: Clodsire|[anim] Tera Blast Ground
|-supereffective|p1a: Clodsire
|-damage|p1a: Clodsire|63/100
|-damage|p2a: Serperior|8/100|[from] item: Life Orb
|
|upkeep
|turn|10
|
|t:|1743886115
|move|p2a: Serperior|Leaf Storm|p1a: Clodsire|[miss]
|-miss|p2a: Serperior|p1a: Clodsire
|move|p1a: Clodsire|Recover|p1a: Clodsire
|-heal|p1a: Clodsire|100/100
|
|upkeep
|turn|11
|
|t:|1743886118
|move|p2a: Serperior|Giga Drain|p1a: Clodsire
|-damage|p1a: Clodsire|80/100
|-heal|p2a: Serperior|24/100|[from] drain|[of] p1a: Clodsire
|-damage|p2a: Serperior|14/100|[from] item: Life Orb
|move|p1a: Clodsire|Stealth Rock|p2a: Serperior
|-sidestart|p2: foobarbazqux|move: Stealth Rock
|
|upkeep
|turn|12
|
|t:|1743886121
|move|p2a: Serperior|Leaf Storm|p1a: Clodsire
|-damage|p1a: Clodsire|50/100
|-boost|p2a: Serperior|spa|2
|-damage|p2a: Serperior|4/100|[from] item: Life Orb
|move|p1a: Clodsire|Recover|p1a: Clodsire
|-heal|p1a: Clodsire|100/100
|
|upkeep
|turn|13
|
|t:|1743886126
|move|p2a: Serperior|Giga Drain|p1a: Clodsire
|-damage|p1a: Clodsire|82/100
|-heal|p2a: Serperior|19/100|[from] drain|[of] p1a: Clodsire
|-damage|p2a: Serperior|9/100|[from] item: Life Orb
|move|p1a: Clodsire|Earthquake|p2a: Serperior
|-damage|p2a: Serperior|0 fnt
|faint|p2a: Serperior
|
|upkeep
|
|t:|1743886132
|switch|p2a: Milotic|Milotic, F|100/100
|-damage|p2a: Milotic|88/100|[from] Stealth Rock
|turn|14
|
|t:|1743886135
|move|p2a: Milotic|Scald|p1a: Clodsire
|-supereffective|p1a: Clodsire
|-damage|p1a: Clodsire|52/100
|move|p1a: Clodsire|Toxic|p2a: Milotic
|-status|p2a: Milotic|tox
|
|-heal|p2a: Milotic|94/100 tox|[from] item: Leftovers
|-damage|p2a: Milotic|88/100 tox|[from] psn
|upkeep
|turn|15
|
|t:|1743886151
|switch|p1a: Alomomola|Alomomola, F|100/100 brn
|move|p2a: Milotic|Scald|p1a: Alomomola
|-resisted|p1a: Alomomola
|-damage|p1a: Alomomola|88/100 brn
|
|-heal|p2a: Milotic|94/100 tox|[from] item: Leftovers
|-damage|p2a: Milotic|82/100 tox|[from] psn
|-damage|p1a: Alomomola|82/100 brn|[from] brn
|upkeep
|turn|16
|
|t:|1743886157
|switch|p2a: Gliscor|Gliscor, M|100/100
|-damage|p2a: Gliscor|88/100|[from] Stealth Rock
|move|p1a: Alomomola|Wish|p1a: Alomomola
|
|-damage|p1a: Alomomola|75/100 brn|[from] brn
|-status|p2a: Gliscor|tox|[from] item: Toxic Orb
|upkeep
|turn|17
|
|t:|1743886164
|move|p2a: Gliscor|Knock Off|p1a: Alomomola
|-damage|p1a: Alomomola|62/100 brn
|-enditem|p1a: Alomomola|Heavy-Duty Boots|[from] move: Knock Off|[of] p2a: Gliscor
|move|p1a: Alomomola|Flip Turn|p2a: Gliscor
|-supereffective|p2a: Gliscor
|-damage|p2a: Gliscor|75/100 tox
|
|t:|1743886167
|switch|p1a: Weezing|Weezing-Galar, F|55/100|[from] Flip Turn
|-ability|p1a: Weezing|Neutralizing Gas
|
|-heal|p1a: Weezing|100/100|[from] move: Wish|[wisher] Alomomola
|-damage|p2a: Gliscor|69/100 tox|[from] psn
|upkeep
|turn|18
|
|t:|1743886170
|move|p2a: Gliscor|Knock Off|p1a: Weezing
|-resisted|p1a: Weezing
|-damage|p1a: Weezing|93/100
|-enditem|p1a: Weezing|Heavy-Duty Boots|[from] move: Knock Off|[of] p2a: Gliscor
|move|p1a: Weezing|Strange Steam|p2a: Gliscor
|-damage|p2a: Gliscor|46/100 tox
|-start|p2a: Gliscor|confusion
|
|-damage|p2a: Gliscor|33/100 tox|[from] psn
|upkeep
|turn|19
|
|t:|1743886179
|-activate|p2a: Gliscor|confusion
|move|p2a: Gliscor|Protect|p2a: Gliscor
|-singleturn|p2a: Gliscor|Protect
|move|p1a: Weezing|Strange Steam|p2a: Gliscor
|-activate|p2a: Gliscor|move: Protect
|
|-damage|p2a: Gliscor|14/100 tox|[from] psn
|upkeep
|turn|20
|
|t:|1743886186
|switch|p2a: Kingambit|Kingambit, F|100/100
|-damage|p2a: Kingambit|94/100|[from] Stealth Rock
|move|p1a: Weezing|Strange Steam|p2a: Kingambit
|-damage|p2a: Kingambit|70/100
|
|upkeep
|turn|21
|
|t:|1743886196
|-terastallize|p1a: Weezing|Flying
|move|p1a: Weezing|Will-O-Wisp|p2a: Kingambit
|-status|p2a: Kingambit|brn
|move|p2a: Kingambit|Iron Head|p1a: Weezing
|-crit|p1a: Weezing
|-damage|p1a: Weezing|71/100
|
|-damage|p2a: Kingambit|63/100 brn|[from] brn
|upkeep
|turn|22
|
|t:|1743886203
|switch|p2a: Cinderace|Cinderace, F|100/100
|move|p1a: Weezing|Strange Steam|p2a: Cinderace
|-resisted|p2a: Cinderace
|-crit|p2a: Cinderace
|-damage|p2a: Cinderace|74/100
|
|upkeep
|turn|23
|
|t:|1743886207
|-end|p1a: Weezing|ability: Neutralizing Gas
|switch|p1a: Alomomola|Alomomola, F|96/100 brn
|move|p2a: Cinderace|Court Change|p2a: Cinderace
|-swapsideconditions
|-activate|p2a: Cinderace|move: Court Change
|
|-damage|p1a: Alomomola|89/100 brn|[from] brn
|upkeep
|turn|24
|
|t:|1743886212
|move|p2a: Cinderace|U-turn|p1a: Alomomola
|-damage|p1a: Alomomola|78/100 brn
|
|t:|1743886215
|switch|p2a: Gliscor|Gliscor, M|14/100 tox|[from] U-turn
|move|p1a: Alomomola|Flip Turn|p2a: Gliscor
|-supereffective|p2a: Gliscor
|-damage|p2a: Gliscor|2/100 tox
|
|t:|1743886220
|switch|p1a: Weezing|Weezing-Galar, F, tera:Flying|71/100|[from] Flip Turn
|-ability|p1a: Weezing|Neutralizing Gas
|-damage|p1a: Weezing|46/100|[from] Stealth Rock
|
|-damage|p2a: Gliscor|0 fnt|[from] psn
|faint|p2a: Gliscor
|upkeep
|
|t:|1743886226
|switch|p2a: Cinderace|Cinderace, F|74/100
|turn|25
|
|t:|1743886231
|-end|p1a: Weezing|ability: Neutralizing Gas
|switch|p1a: Alomomola|Alomomola, F|100/100 brn
|-damage|p1a: Alomomola|88/100 brn|[from] Stealth Rock
|move|p2a: Cinderace|Pyro Ball|p1a: Alomomola
|-resisted|p1a: Alomomola
|-damage|p1a: Alomomola|74/100 brn
|
|-damage|p1a: Alomomola|68/100 brn|[from] brn
|upkeep
|turn|26
|
|t:|1743886234
|move|p2a: Cinderace|U-turn|p1a: Alomomola
|-damage|p1a: Alomomola|57/100 brn
|
|t:|1743886236
|switch|p2a: Milotic|Milotic, F|82/100 tox|[from] U-turn
|move|p1a: Alomomola|Wish|p1a: Alomomola
|
|-heal|p2a: Milotic|88/100 tox|[from] item: Leftovers
|-damage|p2a: Milotic|82/100 tox|[from] psn
|-damage|p1a: Alomomola|51/100 brn|[from] brn
|upkeep
|turn|27
|
|t:|1743886243
|move|p2a: Milotic|Scald|p1a: Alomomola
|-resisted|p1a: Alomomola
|-damage|p1a: Alomomola|39/100 brn
|move|p1a: Alomomola|Flip Turn|p2a: Milotic
|-resisted|p2a: Milotic
|-damage|p2a: Milotic|79/100 tox
|
|t:|1743886246
|switch|p1a: Clodsire|Clodsire, F|52/100|[from] Flip Turn
|
|-heal|p1a: Clodsire|100/100|[from] move: Wish|[wisher] Alomomola
|-heal|p2a: Milotic|85/100 tox|[from] item: Leftovers
|-damage|p2a: Milotic|73/100 tox|[from] psn
|upkeep
|turn|28
|
|t:|1743886248
|move|p2a: Milotic|Scald|p1a: Clodsire
|-supereffective|p1a: Clodsire
|-damage|p1a: Clodsire|69/100
|move|p1a: Clodsire|Stealth Rock|p2a: Milotic
|-sidestart|p2: foobarbazqux|move: Stealth Rock
|
|-heal|p2a: Milotic|79/100 tox|[from] item: Leftovers
|-damage|p2a: Milotic|60/100 tox|[from] psn
|upkeep
|turn|29
|-message|foobarbazqux forfeited.
|
|win|Ill Leave
|raw|Ill Leave's rating: 1566 &rarr; <strong>1589</strong><br />(+23 for winning)
|raw|foobarbazqux's rating: 1616 &rarr; <strong>1593</strong><br />(-23 for losing)
|l|☆foobarbazqux
|player|p2|
|l|☆Ill Leave
|player|p1|
