|j|☆Luda20
|j|☆beertusV
|t:|1743871183
|gametype|singles
|player|p1|Luda20|1|1237
|player|p2|beertusV|silver|1181
|teamsize|p1|6
|teamsize|p2|6
|gen|9
|tier|[Gen 9] OU
|rated|
|rule|HP Percentage Mod: HP is shown in percentages
|rule|Endless Battle Clause: Forcing endless battles is banned
|rule|Species Clause: Limit one of each Pokémon
|rule|OHKO Clause: OHKO moves are banned
|rule|Evasion Items Clause: Evasion items are banned
|rule|Evasion Moves Clause: Evasion moves are banned
|rule|Sleep Moves Clause: Sleep-inducing moves are banned
|clearpoke
|poke|p1|Meowscarada, M|
|poke|p1|Dragapult, M|
|poke|p1|Iron Crown|
|poke|p1|Corviknight, F|
|poke|p1|Primarina, F|
|poke|p1|Dragonite, M|
|poke|p2|Samurott-Hisui, F|
|poke|p2|Rhyperior, M|
|poke|p2|Mimikyu, F|
|poke|p2|Corviknight, F|
|poke|p2|Slowbro, M|
|poke|p2|Poliwrath, F|
|teampreview
|
|t:|1743871191
|start
|switch|p1a: Corviknight|Corviknight, F|100/100
|switch|p2a: Samurott|Samurott-Hisui, F|100/100
|turn|1
|inactive|Battle timer is ON: inactive players will automatically lose when time's up. (requested by Luda20)
|
|t:|1743871208
|move|p2a: Samurott|Ceaseless Edge|p1a: Corviknight
|-damage|p1a: Corviknight|69/100
|-damage|p2a: Samurott|84/100|[from] item: Rocky Helmet|[of] p1a: Corviknight
|-sidestart|p1: Luda20|Spikes
|move|p1a: Corviknight|Iron Defense|p1a: Corviknight
|-boost|p1a: Corviknight|def|2
|
|upkeep
|turn|2
|
|t:|1743871215
|move|p2a: Samurott|Ceaseless Edge|p1a: Corviknight
|-damage|p1a: Corviknight|54/100
|-damage|p2a: Samurott|67/100|[from] item: Rocky Helmet|[of] p1a: Corviknight
|-sidestart|p1: Luda20|Spikes
|move|p1a: Corviknight|Body Press|p2a: Samurott
|-supereffective|p2a: Samurott
|-damage|p2a: Samurott|0 fnt
|faint|p2a: Samurott
|
|upkeep
|
|t:|1743871224
|switch|p2a: mimy|Mimikyu, F|100/100
|turn|3
|
|t:|1743871243
|switch|p1a: Iron Crown|Iron Crown|100/100
|-damage|p1a: Iron Crown|84/100|[from] Spikes
|move|p2a: mimy|Will-O-Wisp|p1a: Iron Crown
|-status|p1a: Iron Crown|brn
|
|-heal|p1a: Iron Crown|90/100 brn|[from] item: Leftovers
|-damage|p1a: Iron Crown|84/100 brn|[from] brn
|upkeep
|turn|4
|
|t:|1743871253
|move|p2a: mimy|Curse|p1a: Iron Crown
|-start|p1a: Iron Crown|Curse|[of] p2a: mimy
|-damage|p2a: mimy|51/100
|move|p1a: Iron Crown|Tachyon Cutter|p2a: mimy
|-activate|p2a: mimy|ability: Disguise
|-damage|p2a: mimy|51/100
|detailschange|p2a: mimy|Mimikyu-Busted, F
|-damage|p2a: mimy|38/100|[from] pokemon: Mimikyu-Busted
|-supereffective|p2a: mimy
|-damage|p2a: mimy|0 fnt
|faint|p2a: mimy
|-hitcount|p2: mimy|2
|
|-heal|p1a: Iron Crown|90/100 brn|[from] item: Leftovers
|-damage|p1a: Iron Crown|84/100 brn|[from] brn
|-damage|p1a: Iron Crown|59/100 brn|[from] Curse
|upkeep
|
|t:|1743871277
|switch|p2a: BrandonLee|Corviknight, F, shiny|100/100
|turn|5
|
|t:|1743871286
|-end|p1a: Iron Crown|Quark Drive|[silent]
|switch|p1a: Dragapult|Dragapult, M|100/100
|move|p2a: BrandonLee|Body Press|p1a: Dragapult
|-immune|p1a: Dragapult
|
|upkeep
|turn|6
|
|t:|1743871293
|move|p1a: Dragapult|Thunder Wave|p2a: BrandonLee
|-status|p2a: BrandonLee|par
|move|p2a: BrandonLee|Iron Head|p1a: Dragapult
|-damage|p1a: Dragapult|65/100
|
|upkeep
|turn|7
|
|t:|1743871300
|move|p1a: Dragapult|Hex|p2a: BrandonLee
|-damage|p2a: BrandonLee|63/100 par
|move|p2a: BrandonLee|Iron Head|p1a: Dragapult
|-damage|p1a: Dragapult|30/100
|
|-heal|p2a: BrandonLee|69/100 par|[from] item: Leftovers
|upkeep
|turn|8
|
|t:|1743871308
|move|p1a: Dragapult|U-turn|p2a: BrandonLee
|-resisted|p2a: BrandonLee
|-damage|p2a: BrandonLee|66/100 par
|
|t:|1743871310
|switch|p1a: Primarina|Primarina, F|100/100|[from] U-turn
|-damage|p1a: Primarina|84/100|[from] Spikes
|move|p2a: BrandonLee|Iron Head|p1a: Primarina
|-damage|p1a: Primarina|56/100
|
|-heal|p2a: BrandonLee|72/100 par|[from] item: Leftovers
|upkeep
|turn|9
|
|t:|1743871327
|move|p1a: Primarina|Surf|p2a: BrandonLee
|-damage|p2a: BrandonLee|44/100 par
|cant|p2a: BrandonLee|par
|
|-heal|p2a: BrandonLee|50/100 par|[from] item: Leftovers
|upkeep
|turn|10
|
|t:|1743871332
|move|p1a: Primarina|Surf|p2a: BrandonLee
|-damage|p2a: BrandonLee|25/100 par
|move|p2a: BrandonLee|Iron Head|p1a: Primarina
|-damage|p1a: Primarina|27/100
|
|-heal|p2a: BrandonLee|31/100 par|[from] item: Leftovers
|upkeep
|turn|11
|
|t:|1743871341
|move|p1a: Primarina|Surf|p2a: BrandonLee
|-crit|p2a: BrandonLee
|-damage|p2a: BrandonLee|0 fnt
|faint|p2a: BrandonLee
|
|upkeep
|
|t:|1743871346
|switch|p2a: Slowbro|Slowbro, M|100/100
|turn|12
|
|t:|1743871355
|move|p1a: Primarina|Flip Turn|p2a: Slowbro
|-resisted|p2a: Slowbro
|-damage|p2a: Slowbro|95/100
|
|t:|1743871367
|switch|p1a: Dragapult|Dragapult, M|30/100|[from] Flip Turn
|move|p2a: Slowbro|Thunder Wave|p1a: Dragapult|[miss]
|-miss|p2a: Slowbro|p1a: Dragapult
|
|-heal|p2a: Slowbro|100/100|[from] item: Leftovers
|upkeep
|turn|13
|
|t:|1743871379
|switch|p2a: Goldknight|Rhyperior, M, shiny|100/100
|move|p1a: Dragapult|U-turn|p2a: Goldknight
|-damage|p2a: Goldknight|89/100
|
|t:|1743871393
|switch|p1a: Meowscarada|Meowscarada, M|100/100|[from] U-turn
|
|-heal|p2a: Goldknight|95/100|[from] item: Leftovers
|upkeep
|turn|14
|inactive|beertusV has 120 seconds left.
|
|t:|1743871424
|-terastallize|p2a: Goldknight|Flying
|move|p1a: Meowscarada|U-turn|p2a: Goldknight
|-start|p1a: Meowscarada|typechange|Bug|[from] ability: Protean
|-resisted|p2a: Goldknight
|-damage|p2a: Goldknight|85/100
|
|t:|1743871430
|switch|p1a: Corviknight|Corviknight, F|54/100|[from] U-turn
|move|p2a: Goldknight|Ice Punch|p1a: Corviknight
|-damage|p1a: Corviknight|34/100
|-damage|p2a: Goldknight|68/100|[from] item: Rocky Helmet|[of] p1a: Corviknight
|
|-heal|p2a: Goldknight|75/100|[from] item: Leftovers
|upkeep
|turn|15
|
|t:|1743871438
|move|p1a: Corviknight|Roost|p1a: Corviknight
|-heal|p1a: Corviknight|84/100
|-singleturn|p1a: Corviknight|move: Roost
|move|p2a: Goldknight|Curse|p2a: Goldknight
|-unboost|p2a: Goldknight|spe|1
|-boost|p2a: Goldknight|atk|1
|-boost|p2a: Goldknight|def|1
|
|-heal|p2a: Goldknight|81/100|[from] item: Leftovers
|upkeep
|turn|16
|
|t:|1743871448
|move|p1a: Corviknight|Body Press|p2a: Goldknight
|-resisted|p2a: Goldknight
|-damage|p2a: Goldknight|76/100
|move|p2a: Goldknight|Supercell Slam|p1a: Corviknight
|-supereffective|p1a: Corviknight
|-damage|p1a: Corviknight|6/100
|-damage|p2a: Goldknight|59/100|[from] item: Rocky Helmet|[of] p1a: Corviknight
|
|-heal|p2a: Goldknight|65/100|[from] item: Leftovers
|upkeep
|turn|17
|
|t:|1743871455
|move|p1a: Corviknight|Defog|p2a: Goldknight
|-unboost|p2a: Goldknight|evasion|1
|-sideend|p1: Luda20|Spikes|[from] move: Defog|[of] p1a: Corviknight
|move|p2a: Goldknight|Curse|p2a: Goldknight
|-unboost|p2a: Goldknight|spe|1
|-boost|p2a: Goldknight|atk|1
|-boost|p2a: Goldknight|def|1
|
|-heal|p2a: Goldknight|71/100|[from] item: Leftovers
|upkeep
|turn|18
|
|t:|1743871471
|move|p1a: Corviknight|Roost|p1a: Corviknight
|-heal|p1a: Corviknight|56/100
|-singleturn|p1a: Corviknight|move: Roost
|move|p2a: Goldknight|Supercell Slam|p1a: Corviknight
|-damage|p1a: Corviknight|9/100
|-damage|p2a: Goldknight|55/100|[from] item: Rocky Helmet|[of] p1a: Corviknight
|
|-heal|p2a: Goldknight|61/100|[from] item: Leftovers
|upkeep
|turn|19
|
|t:|1743871480
|move|p1a: Corviknight|Roost|p1a: Corviknight
|-heal|p1a: Corviknight|59/100
|-singleturn|p1a: Corviknight|move: Roost
|move|p2a: Goldknight|Supercell Slam|p1a: Corviknight
|-damage|p1a: Corviknight|15/100
|-damage|p2a: Goldknight|45/100|[from] item: Rocky Helmet|[of] p1a: Corviknight
|
|-heal|p2a: Goldknight|51/100|[from] item: Leftovers
|upkeep
|turn|20
|
|t:|1743871486
|move|p1a: Corviknight|Roost|p1a: Corviknight
|-heal|p1a: Corviknight|65/100
|-singleturn|p1a: Corviknight|move: Roost
|move|p2a: Goldknight|Curse|p2a: Goldknight
|-unboost|p2a: Goldknight|spe|1
|-boost|p2a: Goldknight|atk|1
|-boost|p2a: Goldknight|def|1
|
|-heal|p2a: Goldknight|57/100|[from] item: Leftovers
|upkeep
|turn|21
|
|t:|1743871491
|move|p1a: Corviknight|Roost|p1a: Corviknight
|-heal|p1a: Corviknight|100/100
|-singleturn|p1a: Corviknight|move: Roost
|move|p2a: Goldknight|Curse|p2a: Goldknight
|-unboost|p2a: Goldknight|spe|1
|-boost|p2a: Goldknight|atk|1
|-boost|p2a: Goldknight|def|1
|
|-heal|p2a: Goldknight|63/100|[from] item: Leftovers
|upkeep
|turn|22
|
|t:|1743871498
|move|p1a: Corviknight|Iron Defense|p1a: Corviknight
|-boost|p1a: Corviknight|def|2
|move|p2a: Goldknight|Supercell Slam|p1a: Corviknight
|-supereffective|p1a: Corviknight
|-damage|p1a: Corviknight|33/100
|-damage|p2a: Goldknight|47/100|[from] item: Rocky Helmet|[of] p1a: Corviknight
|
|-heal|p2a: Goldknight|53/100|[from] item: Leftovers
|upkeep
|turn|23
|
|t:|1743871508
|move|p1a: Corviknight|Roost|p1a: Corviknight
|-heal|p1a: Corviknight|83/100
|-singleturn|p1a: Corviknight|move: Roost
|move|p2a: Goldknight|Curse|p2a: Goldknight
|-unboost|p2a: Goldknight|spe|1
|-boost|p2a: Goldknight|atk|1
|-boost|p2a: Goldknight|def|1
|
|-heal|p2a: Goldknight|59/100|[from] item: Leftovers
|upkeep
|turn|24
|
|t:|1743871519
|move|p1a: Corviknight|Iron Defense|p1a: Corviknight
|-boost|p1a: Corviknight|def|2
|move|p2a: Goldknight|Curse|p2a: Goldknight
|-unboost|p2a: Goldknight|spe|1
|-boost|p2a: Goldknight|atk|1
|-boost|p2a: Goldknight|def|1
|
|-heal|p2a: Goldknight|65/100|[from] item: Leftovers
|upkeep
|turn|25
|
|t:|1743871530
|move|p1a: Corviknight|Iron Defense|p1a: Corviknight
|-boost|p1a: Corviknight|def|2
|move|p2a: Goldknight|Supercell Slam|p1a: Corviknight
|-supereffective|p1a: Corviknight
|-damage|p1a: Corviknight|32/100
|-damage|p2a: Goldknight|49/100|[from] item: Rocky Helmet|[of] p1a: Corviknight
|
|-heal|p2a: Goldknight|55/100|[from] item: Leftovers
|upkeep
|turn|26
|
|t:|1743871542
|move|p1a: Corviknight|Roost|p1a: Corviknight
|-heal|p1a: Corviknight|82/100
|-singleturn|p1a: Corviknight|move: Roost
|move|p2a: Goldknight|Supercell Slam|p1a: Corviknight
|-damage|p1a: Corviknight|59/100
|-damage|p2a: Goldknight|38/100|[from] item: Rocky Helmet|[of] p1a: Corviknight
|
|-heal|p2a: Goldknight|45/100|[from] item: Leftovers
|upkeep
|turn|27
|
|t:|1743871550
|move|p1a: Corviknight|Roost|p1a: Corviknight
|-heal|p1a: Corviknight|100/100
|-singleturn|p1a: Corviknight|move: Roost
|move|p2a: Goldknight|Curse|p2a: Goldknight
|
|-heal|p2a: Goldknight|51/100|[from] item: Leftovers
|upkeep
|turn|28
|
|t:|1743871558
|move|p1a: Corviknight|Body Press|p2a: Goldknight
|-resisted|p2a: Goldknight
|-damage|p2a: Goldknight|43/100
|move|p2a: Goldknight|Supercell Slam|p1a: Corviknight
|-supereffective|p1a: Corviknight
|-damage|p1a: Corviknight|50/100
|-damage|p2a: Goldknight|27/100|[from] item: Rocky Helmet|[of] p1a: Corviknight
|
|-heal|p2a: Goldknight|33/100|[from] item: Leftovers
|upkeep
|turn|29
|
|t:|1743871567
|move|p1a: Corviknight|Body Press|p2a: Goldknight
|-resisted|p2a: Goldknight
|-damage|p2a: Goldknight|24/100
|move|p2a: Goldknight|Supercell Slam|p1a: Corviknight
|-supereffective|p1a: Corviknight
|-damage|p1a: Corviknight|1/100
|-damage|p2a: Goldknight|7/100|[from] item: Rocky Helmet|[of] p1a: Corviknight
|
|-heal|p2a: Goldknight|13/100|[from] item: Leftovers
|upkeep
|turn|30
|
|t:|1743871580
|move|p1a: Corviknight|Body Press|p2a: Goldknight
|-resisted|p2a: Goldknight
|-crit|p2a: Goldknight
|-damage|p2a: Goldknight|0 fnt
|faint|p2a: Goldknight
|
|upkeep
|
|t:|1743871588
|switch|p2a: Poliwrath|Poliwrath, F|100/100
|turn|31
|
|t:|1743871592
|move|p2a: Poliwrath|Liquidation|p1a: Corviknight
|-damage|p1a: Corviknight|0 fnt
|-damage|p2a: Poliwrath|84/100|[from] item: Rocky Helmet|[of] p1a: Corviknight
|faint|p1a: Corviknight
|
|upkeep
|
|t:|1743871600
|switch|p1a: Iron Crown|Iron Crown|59/100 brn
|turn|32
|
|t:|1743871604
|move|p1a: Iron Crown|Psychic Noise|p2a: Poliwrath
|-supereffective|p2a: Poliwrath
|-damage|p2a: Poliwrath|13/100
|-start|p2a: Poliwrath|move: Heal Block
|-enditem|p2a: Poliwrath|Salac Berry|[eat]
|-boost|p2a: Poliwrath|spe|1|[from] item: Salac Berry
|cant|p2a: Poliwrath|move: Heal Block|Drain Punch
|
|-heal|p1a: Iron Crown|65/100 brn|[from] item: Leftovers
|-damage|p1a: Iron Crown|59/100 brn|[from] brn
|upkeep
|turn|33
|
|t:|1743871619
|move|p2a: Poliwrath|Liquidation|p1a: Iron Crown
|-damage|p1a: Iron Crown|30/100 brn
|move|p1a: Iron Crown|Psychic Noise|p2a: Poliwrath
|-supereffective|p2a: Poliwrath
|-damage|p2a: Poliwrath|0 fnt
|faint|p2a: Poliwrath
|
|-heal|p1a: Iron Crown|36/100 brn|[from] item: Leftovers
|-damage|p1a: Iron Crown|30/100 brn|[from] brn
|upkeep
|
|t:|1743871626
|switch|p2a: Slowbro|Slowbro, M|100/100
|turn|34
|
|t:|1743871635
|move|p1a: Iron Crown|Psychic Noise|p2a: Slowbro
|-resisted|p2a: Slowbro
|-damage|p2a: Slowbro|84/100
|-start|p2a: Slowbro|move: Heal Block
|move|p2a: Slowbro|Calm Mind|p2a: Slowbro
|-boost|p2a: Slowbro|spa|1
|-boost|p2a: Slowbro|spd|1
|
|-heal|p1a: Iron Crown|36/100 brn|[from] item: Leftovers
|-damage|p1a: Iron Crown|30/100 brn|[from] brn
|upkeep
|turn|35
|
|t:|1743871647
|move|p1a: Iron Crown|Psychic Noise|p2a: Slowbro
|-resisted|p2a: Slowbro
|-damage|p2a: Slowbro|72/100
|move|p2a: Slowbro|Scald|p1a: Iron Crown
|-damage|p1a: Iron Crown|0 fnt
|faint|p1a: Iron Crown
|-end|p1a: Iron Crown|Quark Drive|[silent]
|
|-end|p2a: Slowbro|move: Heal Block
|upkeep
|
|t:|1743871657
|switch|p1a: Meowscarada|Meowscarada, M|100/100
|turn|36
|
|t:|1743871660
|move|p1a: Meowscarada|U-turn|p2a: Slowbro
|-start|p1a: Meowscarada|typechange|Bug|[from] ability: Protean
|-supereffective|p2a: Slowbro
|-damage|p2a: Slowbro|35/100
|
|t:|1743871666
|switch|p1a: Primarina|Primarina, F|27/100|[from] U-turn
|move|p2a: Slowbro|Fire Blast|p1a: Primarina
|-resisted|p1a: Primarina
|-damage|p1a: Primarina|19/100
|
|-heal|p2a: Slowbro|41/100|[from] item: Leftovers
|upkeep
|turn|37
|
|t:|1743871676
|move|p1a: Primarina|Alluring Voice|p2a: Slowbro
|-damage|p2a: Slowbro|19/100
|move|p2a: Slowbro|Scald|p1a: Primarina
|-resisted|p1a: Primarina
|-damage|p1a: Primarina|12/100
|
|-heal|p2a: Slowbro|25/100|[from] item: Leftovers
|upkeep
|turn|38
|
|t:|1743871684
|move|p1a: Primarina|Alluring Voice|p2a: Slowbro
|-damage|p2a: Slowbro|4/100
|move|p2a: Slowbro|Calm Mind|p2a: Slowbro
|-boost|p2a: Slowbro|spa|1
|-boost|p2a: Slowbro|spd|1
|
|-heal|p2a: Slowbro|10/100|[from] item: Leftovers
|upkeep
|turn|39
|
|t:|1743871688
|move|p1a: Primarina|Alluring Voice|p2a: Slowbro
|-damage|p2a: Slowbro|0 fnt
|faint|p2a: Slowbro
|
|win|Luda20
|raw|Luda20's rating: 1237 &rarr; <strong>1258</strong><br />(+21 for winning)
|raw|beertusV's rating: 1181 &rarr; <strong>1160</strong><br />(-21 for losing)
|l|☆beertusV
|player|p2|
|c|☆Luda20|Gg
|l|☆Luda20
|player|p1|
