|j|☆Lucario Cardio
|j|‽papunutriaxd
|t:|1743813639
|gametype|singles
|player|p1|Lucario Cardio|bea|1353
|player|p2|papunutriaxd|hilda-wonderlauncher|1403
|teamsize|p1|6
|teamsize|p2|6
|gen|9
|tier|[Gen 9] OU
|rated|
|rule|HP Percentage Mod: HP is shown in percentages
|rule|Endless Battle Clause: Forcing endless battles is banned
|rule|Species Clause: Limit one of each Pokémon
|rule|OHKO Clause: OHKO moves are banned
|rule|Evasion Items Clause: Evasion items are banned
|rule|Evasion Moves Clause: Evasion moves are banned
|rule|Sleep Moves Clause: Sleep-inducing moves are banned
|clearpoke
|poke|p1|Hoopa-Unbound|
|poke|p1|Zamazenta-*|
|poke|p1|Moltres|
|poke|p1|Samurott-Hisui, F|
|poke|p1|Dragapult, F|
|poke|p1|Iron Treads|
|poke|p2|Samurott-Hisui, F|
|poke|p2|Iron Valiant|
|poke|p2|Pecharunt|
|poke|p2|Reuniclus, F|
|poke|p2|Darkrai|
|poke|p2|Kingambit, F|
|teampreview
|
|t:|1743813653
|start
|switch|p1a: Dragapult|Dragapult, F|100/100
|switch|p2a: Samurott|Samurott-Hisui, F|100/100
|turn|1
|
|t:|1743813657
|move|p1a: Dragapult|U-turn|p2a: Samurott
|-supereffective|p2a: Samurott
|-damage|p2a: Samurott|53/100
|
|t:|1743813661
|switch|p1a: Samurott|Samurott-Hisui, F|100/100|[from] U-turn
|move|p2a: Samurott|Ceaseless Edge|p1a: Samurott
|-resisted|p1a: Samurott
|-damage|p1a: Samurott|72/100
|-sidestart|p1: Lucario Cardio|Spikes
|
|upkeep
|turn|2
|
|t:|1743813667
|move|p1a: Samurott|Ceaseless Edge|p2a: Samurott|[miss]
|-miss|p1a: Samurott|p2a: Samurott
|move|p2a: Samurott|Ceaseless Edge|p1a: Samurott
|-resisted|p1a: Samurott
|-damage|p1a: Samurott|45/100
|-sidestart|p1: Lucario Cardio|Spikes
|
|upkeep
|turn|3
|
|t:|1743813671
|move|p1a: Samurott|Ceaseless Edge|p2a: Samurott
|-resisted|p2a: Samurott
|-damage|p2a: Samurott|26/100
|-sidestart|p2: papunutriaxd|Spikes
|move|p2a: Samurott|Ceaseless Edge|p1a: Samurott
|-resisted|p1a: Samurott
|-damage|p1a: Samurott|17/100
|-sidestart|p1: Lucario Cardio|Spikes
|
|upkeep
|turn|4
|
|t:|1743813679
|move|p2a: Samurott|Aqua Jet|p1a: Samurott
|-resisted|p1a: Samurott
|-damage|p1a: Samurott|5/100
|move|p1a: Samurott|Ceaseless Edge|p2a: Samurott
|-resisted|p2a: Samurott
|-damage|p2a: Samurott|0 fnt
|-sidestart|p2: papunutriaxd|Spikes
|faint|p2a: Samurott
|
|upkeep
|
|t:|1743813686
|switch|p2a: Darkrai|Darkrai|100/100
|-damage|p2a: Darkrai|84/100|[from] Spikes
|turn|5
|
|t:|1743813692
|move|p2a: Darkrai|Sucker Punch|p1a: Samurott
|-resisted|p1a: Samurott
|-damage|p1a: Samurott|0 fnt
|faint|p1a: Samurott
|
|upkeep
|
|t:|1743813709
|switch|p1a: Dragapult|Dragapult, F|100/100
|turn|6
|
|t:|1743813713
|move|p1a: Dragapult|U-turn|p2a: Darkrai
|-supereffective|p2a: Darkrai
|-damage|p2a: Darkrai|29/100
|
|t:|1743813718
|switch|p1a: Zamazenta|Zamazenta|100/100|[from] U-turn
|-damage|p1a: Zamazenta|75/100|[from] Spikes
|-ability|p1a: Zamazenta|Dauntless Shield|boost
|-boost|p1a: Zamazenta|def|1
|move|p2a: Darkrai|Knock Off|p1a: Zamazenta
|-resisted|p1a: Zamazenta
|-damage|p1a: Zamazenta|67/100
|-enditem|p1a: Zamazenta|Leftovers|[from] move: Knock Off|[of] p2a: Darkrai
|
|upkeep
|turn|7
|
|t:|1743813727
|switch|p2a: Pecharunt|Pecharunt|100/100
|-damage|p2a: Pecharunt|84/100|[from] Spikes
|move|p1a: Zamazenta|Heavy Slam|p2a: Pecharunt
|-damage|p2a: Pecharunt|59/100
|
|upkeep
|turn|8
|
|t:|1743813735
|switch|p1a: Hoopa|Hoopa-Unbound|100/100
|-damage|p1a: Hoopa|75/100|[from] Spikes
|move|p2a: Pecharunt|Shadow Ball|p1a: Hoopa
|-damage|p1a: Hoopa|60/100
|
|upkeep
|turn|9
|
|t:|1743813743
|move|p2a: Pecharunt|Shadow Ball|p1a: Hoopa
|-damage|p1a: Hoopa|46/100
|-unboost|p1a: Hoopa|spd|1
|move|p1a: Hoopa|Knock Off|p2a: Pecharunt
|-supereffective|p2a: Pecharunt
|-damage|p2a: Pecharunt|0 fnt
|-enditem|p2a: Pecharunt|Shuca Berry|[from] move: Knock Off|[of] p1a: Hoopa
|faint|p2a: Pecharunt
|
|upkeep
|
|t:|1743813757
|switch|p2a: Iron Valiant|Iron Valiant|100/100
|-damage|p2a: Iron Valiant|84/100|[from] Spikes
|-enditem|p2a: Iron Valiant|Booster Energy
|-activate|p2a: Iron Valiant|ability: Quark Drive|[fromitem]
|-start|p2a: Iron Valiant|quarkdrivespe
|turn|10
|
|t:|1743813762
|switch|p1a: Moltres|Moltres|100/100
|move|p2a: Iron Valiant|Moonblast|p1a: Moltres
|-resisted|p1a: Moltres
|-damage|p1a: Moltres|78/100
|
|upkeep
|turn|11
|
|t:|1743813770
|move|p2a: Iron Valiant|Calm Mind|p2a: Iron Valiant
|-boost|p2a: Iron Valiant|spa|1
|-boost|p2a: Iron Valiant|spd|1
|move|p1a: Moltres|Will-O-Wisp|p2a: Iron Valiant
|-status|p2a: Iron Valiant|brn
|
|-damage|p2a: Iron Valiant|78/100 brn|[from] brn
|upkeep
|turn|12
|
|t:|1743813779
|move|p2a: Iron Valiant|Calm Mind|p2a: Iron Valiant
|-boost|p2a: Iron Valiant|spa|1
|-boost|p2a: Iron Valiant|spd|1
|move|p1a: Moltres|Roar|p2a: Iron Valiant
|-end|p2a: Iron Valiant|Quark Drive|[silent]
|drag|p2a: Darkrai|Darkrai|29/100
|-damage|p2a: Darkrai|13/100|[from] Spikes
|
|upkeep
|turn|13
|
|t:|1743813789
|move|p2a: Darkrai|Dark Pulse|p1a: Moltres
|-damage|p1a: Moltres|31/100
|move|p1a: Moltres|Flamethrower|p2a: Darkrai
|-damage|p2a: Darkrai|0 fnt
|faint|p2a: Darkrai
|
|upkeep
|
|t:|1743813796
|switch|p2a: Reuniclus|Reuniclus, F|100/100
|turn|14
|
|t:|1743813802
|move|p1a: Moltres|Roar|p2a: Reuniclus
|drag|p2a: Iron Valiant|Iron Valiant|78/100 brn
|-damage|p2a: Iron Valiant|61/100 brn|[from] Spikes
|
|-damage|p2a: Iron Valiant|55/100 brn|[from] brn
|upkeep
|turn|15
|
|t:|1743813812
|move|p2a: Iron Valiant|Shadow Ball|p1a: Moltres
|-crit|p1a: Moltres
|-damage|p1a: Moltres|0 fnt
|faint|p1a: Moltres
|
|-damage|p2a: Iron Valiant|49/100 brn|[from] brn
|upkeep
|
|t:|1743813840
|switch|p1a: Iron Treads|Iron Treads|100/100
|-damage|p1a: Iron Treads|76/100|[from] Spikes
|turn|16
|
|t:|1743813845
|-terastallize|p1a: Iron Treads|Ghost
|move|p2a: Iron Valiant|Vacuum Wave|p1a: Iron Treads
|-immune|p1a: Iron Treads
|move|p1a: Iron Treads|Rapid Spin|p2a: Iron Valiant
|-damage|p2a: Iron Valiant|28/100 brn
|-boost|p1a: Iron Treads|spe|1
|-sideend|p1: Lucario Cardio|Spikes|[from] move: Rapid Spin|[of] p1a: Iron Treads
|
|-heal|p1a: Iron Treads|82/100|[from] item: Leftovers
|-damage|p2a: Iron Valiant|22/100 brn|[from] brn
|upkeep
|turn|17
|
|t:|1743813857
|move|p1a: Iron Treads|Earthquake|p2a: Iron Valiant
|-damage|p2a: Iron Valiant|0 fnt
|faint|p2a: Iron Valiant
|-end|p2a: Iron Valiant|Quark Drive|[silent]
|
|-heal|p1a: Iron Treads|88/100|[from] item: Leftovers
|upkeep
|
|t:|1743813859
|switch|p2a: Reuniclus|Reuniclus, F|100/100
|turn|18
|
|t:|1743813864
|-end|p1a: Iron Treads|Quark Drive|[silent]
|switch|p1a: Hoopa|Hoopa-Unbound|46/100
|move|p2a: Reuniclus|Trick Room|p2a: Reuniclus
|-fieldstart|move: Trick Room|[of] p2a: Reuniclus
|
|upkeep
|turn|19
|
|t:|1743813869
|-terastallize|p2a: Reuniclus|Fighting
|move|p2a: Reuniclus|Focus Blast|p1a: Hoopa|[miss]
|-miss|p2a: Reuniclus|p1a: Hoopa
|move|p1a: Hoopa|Knock Off|p2a: Reuniclus
|-resisted|p2a: Reuniclus
|-damage|p2a: Reuniclus|74/100
|-enditem|p2a: Reuniclus|Life Orb|[from] move: Knock Off|[of] p1a: Hoopa
|
|upkeep
|turn|20
|
|t:|1743813873
|move|p2a: Reuniclus|Focus Blast|p1a: Hoopa
|-damage|p1a: Hoopa|12/100
|move|p1a: Hoopa|Psychic Noise|p2a: Reuniclus
|-supereffective|p2a: Reuniclus
|-damage|p2a: Reuniclus|0 fnt
|faint|p2a: Reuniclus
|
|upkeep
|
|t:|1743813876
|switch|p2a: Kingambit|Kingambit, F|100/100
|-damage|p2a: Kingambit|84/100|[from] Spikes
|-activate|p2a: Kingambit|ability: Supreme Overlord
|-start|p2a: Kingambit|fallen5|[silent]
|turn|21
|
|t:|1743813878
|move|p2a: Kingambit|Kowtow Cleave|p1a: Hoopa
|-damage|p1a: Hoopa|0 fnt
|faint|p1a: Hoopa
|
|-heal|p2a: Kingambit|90/100|[from] item: Leftovers
|upkeep
|
|t:|1743813881
|switch|p1a: Zamazenta|Zamazenta|67/100
|turn|22
|
|t:|1743813884
|move|p2a: Kingambit|Swords Dance|p2a: Kingambit
|-boost|p2a: Kingambit|atk|2
|move|p1a: Zamazenta|Body Press|p2a: Kingambit
|-supereffective|p2a: Kingambit
|-damage|p2a: Kingambit|0 fnt
|faint|p2a: Kingambit
|-end|p2a: Kingambit|fallen5|[silent]
|
|win|Lucario Cardio
|raw|Lucario Cardio's rating: 1353 &rarr; <strong>1376</strong><br />(+23 for winning)
|raw|papunutriaxd's rating: 1403 &rarr; <strong>1380</strong><br />(-23 for losing)
|l|‽papunutriaxd
|player|p2|
