|j|☆lolcano46
|j|☆pouring goon
|t:|1743870781
|gametype|singles
|player|p1|lolcano46|fisherman-gen4|1514
|player|p2|pouring goon|marley|1675
|teamsize|p1|6
|teamsize|p2|6
|gen|9
|tier|[Gen 9] OU
|rated|
|rule|HP Percentage Mod: HP is shown in percentages
|rule|Endless Battle Clause: Forcing endless battles is banned
|rule|Species Clause: Limit one of each Pokémon
|rule|OHKO Clause: OHKO moves are banned
|rule|Evasion Items Clause: Evasion items are banned
|rule|Evasion Moves Clause: Evasion moves are banned
|rule|Sleep Moves Clause: Sleep-inducing moves are banned
|clearpoke
|poke|p1|Azelf|
|poke|p1|Ogerpon-Wellspring, F|
|poke|p1|Scizor, F|
|poke|p1|Gengar, M|
|poke|p1|Raging Bolt|
|poke|p1|Cinderace, F|
|poke|p2|Skarmory, F|
|poke|p2|Ting-Lu|
|poke|p2|Clefable, F|
|poke|p2|Gliscor, M|
|poke|p2|Toxapex, F|
|poke|p2|Weavile, F|
|teampreview
|inactive|Battle timer is ON: inactive players will automatically lose when time's up. (requested by lolcano46)
|j| Kurona×pro
|j| Dude201
|
|t:|1743870795
|start
|switch|p1a: Azelf|Azelf|100/100
|switch|p2a: Ting-Lu|Ting-Lu|100/100
|-ability|p2a: Ting-Lu|Vessel of Ruin
|turn|1
|l| Dude201
|l| Kurona×pro
|
|t:|1743870810
|-terastallize|p1a: Azelf|Fairy
|move|p1a: Azelf|Dazzling Gleam|p2a: Ting-Lu
|-supereffective|p2a: Ting-Lu
|-damage|p2a: Ting-Lu|58/100
|move|p2a: Ting-Lu|Ruination|p1a: Azelf
|-damage|p1a: Azelf|50/100
|
|-heal|p2a: Ting-Lu|64/100|[from] item: Leftovers
|upkeep
|turn|2
|
|t:|1743870818
|move|p1a: Azelf|Dazzling Gleam|p2a: Ting-Lu
|-supereffective|p2a: Ting-Lu
|-damage|p2a: Ting-Lu|27/100
|move|p2a: Ting-Lu|Stealth Rock|p1a: Azelf
|-sidestart|p1: lolcano46|move: Stealth Rock
|
|-heal|p2a: Ting-Lu|33/100|[from] item: Leftovers
|upkeep
|turn|3
|
|t:|1743870830
|switch|p2a: Skarmory|Skarmory, F|100/100
|move|p1a: Azelf|Dazzling Gleam|p2a: Skarmory
|-resisted|p2a: Skarmory
|-damage|p2a: Skarmory|72/100
|
|upkeep
|turn|4
|
|t:|1743870839
|switch|p2a: Toxapex|Toxapex, F|100/100
|move|p1a: Azelf|Thunderbolt|p2a: Toxapex
|-supereffective|p2a: Toxapex
|-damage|p2a: Toxapex|53/100
|
|upkeep
|turn|5
|
|t:|1743870846
|switch|p2a: Weavile|Weavile, F|100/100
|-ability|p2a: Weavile|Pressure
|move|p1a: Azelf|Psychic|p2a: Weavile
|-immune|p2a: Weavile
|
|upkeep
|turn|6
|
|t:|1743870849
|move|p2a: Weavile|Triple Axel|p1a: Azelf|[miss]
|-miss|p2a: Weavile|p1a: Azelf
|move|p1a: Azelf|Dazzling Gleam|p2a: Weavile
|-supereffective|p2a: Weavile
|-damage|p2a: Weavile|0 fnt
|faint|p2a: Weavile
|
|upkeep
|
|t:|1743870857
|switch|p2a: Gliscor|Gliscor, M|100/100
|turn|7
|
|t:|1743870863
|switch|p1a: Cinderace|Cinderace, F|100/100
|move|p2a: Gliscor|Protect||[still]
|-fail|p2a: Gliscor
|
|-status|p2a: Gliscor|tox|[from] item: Toxic Orb
|upkeep
|turn|8
|
|t:|1743870869
|move|p1a: Cinderace|Court Change|p1a: Cinderace
|-start|p1a: Cinderace|typechange|Normal|[from] ability: Libero
|-swapsideconditions
|-activate|p1a: Cinderace|move: Court Change
|move|p2a: Gliscor|Swords Dance|p2a: Gliscor
|-boost|p2a: Gliscor|atk|2
|
|upkeep
|turn|9
|
|t:|1743870876
|move|p1a: Cinderace|Pyro Ball|p2a: Gliscor
|-damage|p2a: Gliscor|72/100 tox
|move|p2a: Gliscor|Swords Dance|p2a: Gliscor
|-boost|p2a: Gliscor|atk|2
|
|-heal|p2a: Gliscor|84/100 tox|[from] ability: Poison Heal
|upkeep
|turn|10
|
|t:|1743870881
|move|p1a: Cinderace|Pyro Ball|p2a: Gliscor
|-damage|p2a: Gliscor|54/100 tox
|move|p2a: Gliscor|Swords Dance|p2a: Gliscor
|-boost|p2a: Gliscor|atk|2
|
|-heal|p2a: Gliscor|66/100 tox|[from] ability: Poison Heal
|upkeep
|turn|11
|
|t:|1743870884
|move|p2a: Gliscor|Protect|p2a: Gliscor
|-singleturn|p2a: Gliscor|Protect
|move|p1a: Cinderace|Pyro Ball|p2a: Gliscor
|-activate|p2a: Gliscor|move: Protect
|
|-heal|p2a: Gliscor|79/100 tox|[from] ability: Poison Heal
|upkeep
|turn|12
|
|t:|1743870891
|move|p1a: Cinderace|Pyro Ball|p2a: Gliscor
|-damage|p2a: Gliscor|47/100 tox
|move|p2a: Gliscor|Earthquake|p1a: Cinderace
|-damage|p1a: Cinderace|0 fnt
|faint|p1a: Cinderace
|
|-heal|p2a: Gliscor|59/100 tox|[from] ability: Poison Heal
|upkeep
|
|t:|1743870896
|switch|p1a: Ogerpon|Ogerpon-Wellspring, F|100/100
|turn|13
|
|t:|1743870900
|move|p2a: Gliscor|Protect|p2a: Gliscor
|-singleturn|p2a: Gliscor|Protect
|move|p1a: Ogerpon|Ivy Cudgel|p2a: Gliscor|[anim] Ivy Cudgel Water
|-activate|p2a: Gliscor|move: Protect
|
|-heal|p2a: Gliscor|72/100 tox|[from] ability: Poison Heal
|upkeep
|turn|14
|
|t:|1743870905
|-terastallize|p2a: Gliscor|Normal
|move|p1a: Ogerpon|Ivy Cudgel|p2a: Gliscor|[anim] Ivy Cudgel Water
|-damage|p2a: Gliscor|23/100 tox
|move|p2a: Gliscor|Facade|p1a: Ogerpon
|-damage|p1a: Ogerpon|0 fnt
|faint|p1a: Ogerpon
|
|-heal|p2a: Gliscor|35/100 tox|[from] ability: Poison Heal
|upkeep
|
|t:|1743870916
|switch|p1a: Scizor|Scizor, F|100/100
|turn|15
|
|t:|1743870920
|move|p2a: Gliscor|Protect|p2a: Gliscor
|-singleturn|p2a: Gliscor|Protect
|move|p1a: Scizor|Swords Dance|p1a: Scizor
|-boost|p1a: Scizor|atk|2
|
|-heal|p2a: Gliscor|48/100 tox|[from] ability: Poison Heal
|upkeep
|turn|16
|
|t:|1743870926
|move|p1a: Scizor|Bullet Punch|p2a: Gliscor
|-damage|p2a: Gliscor|0 fnt
|faint|p2a: Gliscor
|
|upkeep
|
|t:|1743870930
|switch|p2a: Skarmory|Skarmory, F|72/100
|-damage|p2a: Skarmory|59/100|[from] Stealth Rock
|turn|17
|
|t:|1743870936
|move|p1a: Scizor|Close Combat|p2a: Skarmory
|-damage|p2a: Skarmory|0 fnt
|-unboost|p1a: Scizor|def|1
|-unboost|p1a: Scizor|spd|1
|-damage|p1a: Scizor|84/100|[from] item: Rocky Helmet|[of] p2a: Skarmory
|faint|p2a: Skarmory
|
|upkeep
|
|t:|1743870946
|switch|p2a: Toxapex|Toxapex, F|86/100
|turn|18
|
|t:|1743870949
|move|p1a: Scizor|Knock Off|p2a: Toxapex
|-damage|p2a: Toxapex|30/100
|-enditem|p2a: Toxapex|Heavy-Duty Boots|[from] move: Knock Off|[of] p1a: Scizor
|move|p2a: Toxapex|Haze|p2a: Toxapex
|-clearallboost
|
|upkeep
|turn|19
|
|t:|1743870956
|switch|p1a: Raging Bolt|Raging Bolt|100/100
|-enditem|p1a: Raging Bolt|Booster Energy
|-activate|p1a: Raging Bolt|ability: Protosynthesis|[fromitem]
|-start|p1a: Raging Bolt|protosynthesisspa
|switch|p2a: Ting-Lu|Ting-Lu|33/100
|-damage|p2a: Ting-Lu|27/100|[from] Stealth Rock
|-ability|p2a: Ting-Lu|Vessel of Ruin
|
|-heal|p2a: Ting-Lu|33/100|[from] item: Leftovers
|upkeep
|turn|20
|
|t:|1743870966
|move|p1a: Raging Bolt|Dragon Pulse|p2a: Ting-Lu
|-damage|p2a: Ting-Lu|7/100
|move|p2a: Ting-Lu|Whirlwind|p1a: Raging Bolt
|-end|p1a: Raging Bolt|Protosynthesis|[silent]
|drag|p1a: Scizor|Scizor, F|84/100
|
|-heal|p2a: Ting-Lu|13/100|[from] item: Leftovers
|upkeep
|turn|21
|
|t:|1743870974
|move|p1a: Scizor|Swords Dance|p1a: Scizor
|-boost|p1a: Scizor|atk|2
|move|p2a: Ting-Lu|Stealth Rock|p1a: Scizor
|-sidestart|p1: lolcano46|move: Stealth Rock
|
|-heal|p2a: Ting-Lu|19/100|[from] item: Leftovers
|upkeep
|turn|22
|
|t:|1743870982
|move|p1a: Scizor|Knock Off|p2a: Ting-Lu
|-resisted|p2a: Ting-Lu
|-damage|p2a: Ting-Lu|0 fnt
|-enditem|p2a: Ting-Lu|Leftovers|[from] move: Knock Off|[of] p1a: Scizor
|faint|p2a: Ting-Lu
|
|upkeep
|
|t:|1743870985
|switch|p2a: Toxapex|Toxapex, F|63/100
|-damage|p2a: Toxapex|50/100|[from] Stealth Rock
|turn|23
|
|t:|1743870989
|move|p1a: Scizor|Knock Off|p2a: Toxapex
|-damage|p2a: Toxapex|14/100
|move|p2a: Toxapex|Haze|p2a: Toxapex
|-clearallboost
|
|upkeep
|turn|24
|
|t:|1743870996
|move|p1a: Scizor|Knock Off|p2a: Toxapex
|-damage|p2a: Toxapex|0 fnt
|faint|p2a: Toxapex
|
|upkeep
|-message|pouring goon forfeited.
|
|win|lolcano46
|raw|lolcano46's rating: 1514 &rarr; <strong>1543</strong><br />(+29 for winning)
|raw|pouring goon's rating: 1675 &rarr; <strong>1646</strong><br />(-29 for losing)
|l|☆pouring goon
|player|p2|
|l|☆lolcano46
|player|p1|
