|j|☆Lancerito
|j|☆sapgotti
|t:|1743870530
|gametype|singles
|player|p1|Lancerito|266|1197
|player|p2|sapgotti|266|1211
|teamsize|p1|6
|teamsize|p2|6
|gen|9
|tier|[Gen 9] OU
|rated|
|rule|HP Percentage Mod: HP is shown in percentages
|rule|Endless Battle Clause: Forcing endless battles is banned
|rule|Species Clause: Limit one of each Pokémon
|rule|OHKO Clause: OHKO moves are banned
|rule|Evasion Items Clause: Evasion items are banned
|rule|Evasion Moves Clause: Evasion moves are banned
|rule|Sleep Moves Clause: Sleep-inducing moves are banned
|clearpoke
|poke|p1|Dondozo, M|
|poke|p1|Garganacl, M|
|poke|p1|Minior|
|poke|p1|Gholdengo|
|poke|p1|Corviknight, M|
|poke|p1|Slowking-Galar, M|
|poke|p2|Magnezone|
|poke|p2|Toucannon, M|
|poke|p2|Infernape, F|
|poke|p2|Ditto|
|poke|p2|Alomomola, M|
|poke|p2|Gogoat, F|
|teampreview
|inactive|Battle timer is ON: inactive players will automatically lose when time's up. (requested by Lancerito)
|
|t:|1743870556
|start
|switch|p1a: Aristobulo|Slowking-Galar, M|100/100
|switch|p2a: Magnezone|Magnezone|100/100
|turn|1
|
|t:|1743870565
|move|p2a: Magnezone|Thunderbolt|p1a: Aristobulo
|-damage|p1a: Aristobulo|68/100
|move|p1a: Aristobulo|Flamethrower|p2a: Magnezone
|-supereffective|p2a: Magnezone
|-damage|p2a: Magnezone|47/100
|
|upkeep
|turn|2
|
|t:|1743870574
|switch|p2a: Ditto|Ditto|100/100
|-transform|p2a: Ditto|p1a: Aristobulo|[from] ability: Imposter
|move|p1a: Aristobulo|Psychic Noise|p2a: Ditto
|-damage|p2a: Ditto|73/100
|-start|p2a: Ditto|move: Heal Block
|
|upkeep
|turn|3
|
|t:|1743870580
|move|p2a: Ditto|Psychic Noise|p1a: Aristobulo
|-damage|p1a: Aristobulo|54/100
|-start|p1a: Aristobulo|move: Heal Block
|move|p1a: Aristobulo|Psychic Noise|p2a: Ditto
|-damage|p2a: Ditto|48/100
|
|-end|p2a: Ditto|move: Heal Block
|upkeep
|turn|4
|
|t:|1743870588
|switch|p2a: Toucannon|Toucannon, M|100/100
|move|p1a: Aristobulo|Psychic Noise|p2a: Toucannon
|-damage|p2a: Toucannon|64/100
|-start|p2a: Toucannon|move: Heal Block
|
|-end|p1a: Aristobulo|move: Heal Block
|upkeep
|turn|5
|
|t:|1743870591
|switch|p1a: Corviknight|Corviknight, M, shiny|100/100
|move|p2a: Toucannon|Throat Chop|p1a: Corviknight
|-damage|p1a: Corviknight|72/100
|-damage|p2a: Toucannon|47/100|[from] item: Rocky Helmet|[of] p1a: Corviknight
|
|-end|p2a: Toucannon|move: Heal Block
|upkeep
|turn|6
|
|t:|1743870599
|move|p1a: Corviknight|U-turn|p2a: Toucannon
|-resisted|p2a: Toucannon
|-damage|p2a: Toucannon|39/100
|
|t:|1743870601
|switch|p1a: Dr Kilo|Dondozo, M, shiny|100/100|[from] U-turn
|move|p2a: Toucannon|Heat Wave|p1a: Dr Kilo
|-resisted|p1a: Dr Kilo
|-damage|p1a: Dr Kilo|88/100
|
|-heal|p1a: Dr Kilo|94/100|[from] item: Leftovers
|upkeep
|turn|7
|
|t:|1743870611
|switch|p2a: Infernape|Infernape, F|100/100
|-item|p2a: Infernape|Air Balloon
|move|p1a: Dr Kilo|Body Press|p2a: Infernape
|-damage|p2a: Infernape|68/100
|-enditem|p2a: Infernape|Air Balloon
|
|-heal|p1a: Dr Kilo|99/100|[from] item: Leftovers
|upkeep
|turn|8
|
|t:|1743870617
|move|p2a: Infernape|Encore|p1a: Dr Kilo
|-start|p1a: Dr Kilo|Encore
|move|p1a: Dr Kilo|Body Press|p2a: Infernape
|-damage|p2a: Infernape|34/100
|
|-heal|p1a: Dr Kilo|100/100|[from] item: Leftovers
|upkeep
|turn|9
|
|t:|1743870622
|switch|p2a: Alomomola|Alomomola, M|100/100
|move|p1a: Dr Kilo|Body Press|p2a: Alomomola
|-damage|p2a: Alomomola|85/100
|
|upkeep
|turn|10
|
|t:|1743870626
|switch|p1a: Maria Corina|Gholdengo, shiny|100/100
|move|p2a: Alomomola|Wish|p2a: Alomomola
|
|upkeep
|turn|11
|
|t:|1743870632
|move|p1a: Maria Corina|Hex|p2a: Alomomola
|-damage|p2a: Alomomola|57/100
|move|p2a: Alomomola|Flip Turn|p1a: Maria Corina
|-damage|p1a: Maria Corina|81/100
|
|t:|1743870638
|switch|p2a: Magnezone|Magnezone|47/100|[from] Flip Turn
|
|-heal|p2a: Magnezone|100/100|[from] move: Wish|[wisher] Alomomola
|-heal|p1a: Maria Corina|87/100|[from] item: Leftovers
|upkeep
|turn|12
|
|t:|1743870646
|switch|p1a: Aristobulo|Slowking-Galar, M|87/100
|move|p2a: Magnezone|Steel Beam|p1a: Aristobulo
|-damage|p1a: Aristobulo|20/100
|-damage|p2a: Magnezone|50/100|[from] steelbeam
|
|upkeep
|turn|13
|
|t:|1743870658
|switch|p2a: Ditto|Ditto|81/100
|-transform|p2a: Ditto|p1a: Aristobulo|[from] ability: Imposter
|switch|p1a: Maria Corina|Gholdengo, shiny|87/100
|
|-heal|p1a: Maria Corina|93/100|[from] item: Leftovers
|upkeep
|turn|14
|
|t:|1743870671
|switch|p2a: Toucannon|Toucannon, M|39/100
|move|p1a: Maria Corina|Thunder Wave|p2a: Toucannon
|-status|p2a: Toucannon|par
|
|-heal|p1a: Maria Corina|99/100|[from] item: Leftovers
|upkeep
|turn|15
|
|t:|1743870677
|move|p1a: Maria Corina|Make It Rain|p2a: Toucannon
|-damage|p2a: Toucannon|0 fnt
|-unboost|p1a: Maria Corina|spa|1
|faint|p2a: Toucannon
|
|-heal|p1a: Maria Corina|100/100|[from] item: Leftovers
|upkeep
|
|t:|1743870681
|switch|p2a: Infernape|Infernape, F|34/100
|turn|16
|
|t:|1743870685
|switch|p1a: Dr Kilo|Dondozo, M, shiny|100/100
|move|p2a: Infernape|Flamethrower|p1a: Dr Kilo
|-resisted|p1a: Dr Kilo
|-damage|p1a: Dr Kilo|75/100
|-status|p1a: Dr Kilo|brn
|
|-heal|p1a: Dr Kilo|81/100 brn|[from] item: Leftovers
|-damage|p1a: Dr Kilo|75/100 brn|[from] brn
|upkeep
|turn|17
|
|t:|1743870703
|switch|p2a: Alomomola|Alomomola, M|90/100
|move|p1a: Dr Kilo|Body Press|p2a: Alomomola
|-damage|p2a: Alomomola|83/100
|
|-heal|p1a: Dr Kilo|81/100 brn|[from] item: Leftovers
|-damage|p1a: Dr Kilo|75/100 brn|[from] brn
|upkeep
|turn|18
|
|t:|1743870710
|switch|p1a: Maria Corina|Gholdengo, shiny|100/100
|move|p2a: Alomomola|Wish|p2a: Alomomola
|
|upkeep
|turn|19
|
|t:|1743870717
|switch|p2a: Magnezone|Magnezone|50/100
|move|p1a: Maria Corina|Thunder Wave|p2a: Magnezone
|-immune|p2a: Magnezone
|
|-heal|p2a: Magnezone|100/100|[from] move: Wish|[wisher] Alomomola
|upkeep
|turn|20
|
|t:|1743870723
|move|p1a: Maria Corina|Hex|p2a: Magnezone
|-damage|p2a: Magnezone|66/100
|move|p2a: Magnezone|Thunderbolt|p1a: Maria Corina
|-damage|p1a: Maria Corina|0 fnt
|faint|p1a: Maria Corina
|
|upkeep
|
|t:|1743870730
|switch|p1a: Aristobulo|Slowking-Galar, M|53/100
|turn|21
|
|t:|1743870742
|switch|p2a: Ditto|Ditto|100/100
|-transform|p2a: Ditto|p1a: Aristobulo|[from] ability: Imposter
|move|p1a: Aristobulo|Flamethrower|p2a: Ditto
|-damage|p2a: Ditto|80/100
|
|upkeep
|turn|22
|
|t:|1743870746
|move|p2a: Ditto|Psychic Noise|p1a: Aristobulo
|-crit|p1a: Aristobulo
|-damage|p1a: Aristobulo|32/100
|-start|p1a: Aristobulo|move: Heal Block
|move|p1a: Aristobulo|Psychic Noise|p2a: Ditto
|-damage|p2a: Ditto|54/100
|-start|p2a: Ditto|move: Heal Block
|
|upkeep
|turn|23
|
|t:|1743870751
|move|p2a: Ditto|Psychic Noise|p1a: Aristobulo
|-damage|p1a: Aristobulo|18/100
|move|p1a: Aristobulo|Psychic Noise|p2a: Ditto
|-damage|p2a: Ditto|27/100
|
|-end|p1a: Aristobulo|move: Heal Block
|-end|p2a: Ditto|move: Heal Block
|upkeep
|turn|24
|
|t:|1743870758
|move|p2a: Ditto|Psychic Noise|p1a: Aristobulo
|-damage|p1a: Aristobulo|3/100
|-start|p1a: Aristobulo|move: Heal Block
|move|p1a: Aristobulo|Psychic Noise|p2a: Ditto
|-damage|p2a: Ditto|2/100
|-start|p2a: Ditto|move: Heal Block
|
|upkeep
|turn|25
|
|t:|1743870769
|switch|p1a: Garganacl|Garganacl, M, shiny|100/100
|move|p2a: Ditto|Psychic Noise|p1a: Garganacl
|-damage|p1a: Garganacl|77/100
|-start|p1a: Garganacl|move: Heal Block
|
|-end|p2a: Ditto|move: Heal Block
|upkeep
|turn|26
|
|t:|1743870776
|switch|p2a: Infernape|Infernape, F|34/100
|move|p1a: Garganacl|Salt Cure|p2a: Infernape
|-damage|p2a: Infernape|13/100
|-start|p2a: Infernape|Salt Cure
|
|-damage|p2a: Infernape|1/100|[from] Salt Cure
|-end|p1a: Garganacl|move: Heal Block
|upkeep
|turn|27
|
|t:|1743870782
|switch|p2a: Magnezone|Magnezone|66/100
|move|p1a: Garganacl|Protect||[still]
|-fail|p1a: Garganacl
|
|-heal|p1a: Garganacl|83/100|[from] item: Leftovers
|upkeep
|turn|28
|
|t:|1743870787
|switch|p1a: Dr Kilo|Dondozo, M, shiny|75/100 brn
|move|p2a: Magnezone|Flash Cannon|p1a: Dr Kilo
|-resisted|p1a: Dr Kilo
|-damage|p1a: Dr Kilo|41/100 brn
|
|-heal|p1a: Dr Kilo|47/100 brn|[from] item: Leftovers
|-damage|p1a: Dr Kilo|41/100 brn|[from] brn
|upkeep
|turn|29
|
|t:|1743870794
|move|p2a: Magnezone|Flash Cannon|p1a: Dr Kilo
|-resisted|p1a: Dr Kilo
|-damage|p1a: Dr Kilo|15/100 brn
|move|p1a: Dr Kilo|Body Press|p2a: Magnezone
|-supereffective|p2a: Magnezone
|-damage|p2a: Magnezone|46/100
|
|-heal|p1a: Dr Kilo|21/100 brn|[from] item: Leftovers
|-damage|p1a: Dr Kilo|15/100 brn|[from] brn
|upkeep
|turn|30
|
|t:|1743870800
|move|p2a: Magnezone|Flash Cannon|p1a: Dr Kilo
|-resisted|p1a: Dr Kilo
|-damage|p1a: Dr Kilo|0 fnt
|faint|p1a: Dr Kilo
|
|upkeep
|
|t:|1743870805
|switch|p1a: Aristobulo|Slowking-Galar, M|37/100
|turn|31
|
|t:|1743870813
|switch|p2a: Ditto|Ditto|35/100
|-transform|p2a: Ditto|p1a: Aristobulo|[from] ability: Imposter
|move|p1a: Aristobulo|Flamethrower|p2a: Ditto
|-damage|p2a: Ditto|16/100
|
|upkeep
|turn|32
|
|t:|1743870819
|switch|p2a: Infernape|Infernape, F|1/100
|move|p1a: Aristobulo|Psychic Noise|p2a: Infernape
|-supereffective|p2a: Infernape
|-damage|p2a: Infernape|0 fnt
|faint|p2a: Infernape
|
|upkeep
|
|t:|1743870825
|switch|p2a: Ditto|Ditto|50/100
|-transform|p2a: Ditto|p1a: Aristobulo|[from] ability: Imposter
|turn|33
|
|t:|1743870835
|switch|p1a: Corviknight|Corviknight, M, shiny|72/100
|move|p2a: Ditto|Psychic Noise|p1a: Corviknight
|-resisted|p1a: Corviknight
|-damage|p1a: Corviknight|58/100
|-start|p1a: Corviknight|move: Heal Block
|
|upkeep
|turn|34
|
|t:|1743870839
|move|p1a: Corviknight|Brave Bird|p2a: Ditto
|-damage|p2a: Ditto|2/100
|-damage|p1a: Corviknight|46/100|[from] Recoil
|move|p2a: Ditto|Flamethrower|p1a: Corviknight
|-supereffective|p1a: Corviknight
|-damage|p1a: Corviknight|0 fnt
|faint|p1a: Corviknight
|
|upkeep
|
|t:|1743870845
|switch|p1a: Minior|Minior, shiny|100/100
|-formechange|p1a: Minior|Minior-Meteor||[from] ability: Shields Down
|turn|35
|
|t:|1743870851
|move|p1a: Minior|Shell Smash|p1a: Minior
|-unboost|p1a: Minior|def|1
|-unboost|p1a: Minior|spd|1
|-boost|p1a: Minior|atk|2
|-boost|p1a: Minior|spa|2
|-boost|p1a: Minior|spe|2
|-enditem|p1a: Minior|White Herb
|-clearnegativeboost|p1a: Minior|[silent]
|move|p2a: Ditto|Surf|p1a: Minior
|-supereffective|p1a: Minior
|-damage|p1a: Minior|32/100
|
|-formechange|p1a: Minior|Minior||[from] ability: Shields Down
|upkeep
|turn|36
|
|t:|1743870864
|move|p1a: Minior|Acrobatics|p2a: Ditto
|-damage|p2a: Ditto|0 fnt
|faint|p2a: Ditto
|
|upkeep
|
|t:|1743870866
|switch|p2a: Alomomola|Alomomola, M|100/100
|turn|37
|
|t:|1743870870
|-terastallize|p1a: Minior|Steel
|move|p1a: Minior|Acrobatics|p2a: Alomomola
|-damage|p2a: Alomomola|36/100
|move|p2a: Alomomola|Flip Turn|p1a: Minior
|-damage|p1a: Minior|4/100
|
|t:|1743870879
|switch|p2a: Gogoat|Gogoat, F|100/100|[from] Flip Turn
|
|upkeep
|turn|38
|
|t:|1743870886
|-terastallize|p2a: Gogoat|Poison
|move|p1a: Minior|Acrobatics|p2a: Gogoat
|-damage|p2a: Gogoat|12/100
|move|p2a: Gogoat|Surf|p1a: Minior
|-damage|p1a: Minior|0 fnt
|faint|p1a: Minior
|
|upkeep
|
|t:|1743870894
|switch|p1a: Aristobulo|Slowking-Galar, M|70/100
|turn|39
|
|t:|1743870899
|move|p2a: Gogoat|Mud Shot|p1a: Aristobulo|[miss]
|-miss|p2a: Gogoat|p1a: Aristobulo
|move|p1a: Aristobulo|Psychic Noise|p2a: Gogoat
|-supereffective|p2a: Gogoat
|-damage|p2a: Gogoat|0 fnt
|faint|p2a: Gogoat
|
|upkeep
|
|t:|1743870902
|switch|p2a: Alomomola|Alomomola, M|69/100
|turn|40
|
|t:|1743870908
|move|p1a: Aristobulo|Sludge Bomb|p2a: Alomomola
|-damage|p2a: Alomomola|41/100
|move|p2a: Alomomola|Mirror Coat|p1a: Aristobulo
|-damage|p1a: Aristobulo|2/100
|
|upkeep
|turn|41
|
|t:|1743870915
|move|p2a: Alomomola|Flip Turn|p1a: Aristobulo
|-damage|p1a: Aristobulo|0 fnt
|faint|p1a: Aristobulo
|
|t:|1743870919
|switch|p2a: Magnezone|Magnezone|46/100|[from] Flip Turn
|
|upkeep
|
|t:|1743870921
|switch|p1a: Garganacl|Garganacl, M, shiny|83/100
|turn|42
|
|t:|1743870924
|move|p1a: Garganacl|Protect|p1a: Garganacl
|-singleturn|p1a: Garganacl|Protect
|move|p2a: Magnezone|Flash Cannon|p1a: Garganacl
|-activate|p1a: Garganacl|move: Protect
|
|-heal|p1a: Garganacl|89/100|[from] item: Leftovers
|upkeep
|turn|43
|
|t:|1743870928
|move|p2a: Magnezone|Flash Cannon|p1a: Garganacl
|-supereffective|p1a: Garganacl
|-damage|p1a: Garganacl|0 fnt
|faint|p1a: Garganacl
|
|win|sapgotti
|raw|Lancerito's rating: 1197 &rarr; <strong>1173</strong><br />(-24 for losing)
|raw|sapgotti's rating: 1211 &rarr; <strong>1235</strong><br />(+24 for winning)
|l|☆Lancerito
|player|p1|
|l|☆sapgotti
|player|p2|
