|j|☆Poopyrash11
|j|☆Asuna12344
|t:|1743911926
|gametype|singles
|player|p1|Poopyrash11|101|1093
|player|p2|Asuna12344|maid|1093
|teamsize|p1|6
|teamsize|p2|6
|gen|9
|tier|[Gen 9] OU
|rated|
|rule|HP Percentage Mod: HP is shown in percentages
|rule|Endless Battle Clause: Forcing endless battles is banned
|rule|Species Clause: Limit one of each Pokémon
|rule|OHKO Clause: OHKO moves are banned
|rule|Evasion Items Clause: Evasion items are banned
|rule|Evasion Moves Clause: Evasion moves are banned
|rule|Sleep Moves Clause: Sleep-inducing moves are banned
|clearpoke
|poke|p1|Beartic, M|
|poke|p1|Pelipper, F|
|poke|p1|Basculegion, M|
|poke|p1|Espeon, F|
|poke|p1|Amoonguss, F|
|poke|p1|Klefki, M|
|poke|p2|Misdreavus, F|
|poke|p2|Pachirisu, F|
|poke|p2|Alomomola, M|
|poke|p2|Garganacl, M|
|poke|p2|Quaquaval, F|
|poke|p2|Gholdengo|
|teampreview
|inactive|Battle timer is ON: inactive players will automatically lose when time's up. (requested by Asuna12344)
|
|t:|1743911933
|start
|switch|p1a: Klefki|Klefki, M|100/100
|switch|p2a: Pachirisu|Pachirisu, F|100/100
|turn|1
|
|t:|1743911940
|move|p1a: Klefki|Spikes|p2a: Pachirisu
|-sidestart|p2: Asuna12344|Spikes
|move|p2a: Pachirisu|Nuzzle|p1a: Klefki
|-damage|p1a: Klefki|96/100
|-status|p1a: Klefki|par
|
|-heal|p1a: Klefki|100/100 par|[from] item: Leftovers
|upkeep
|turn|2
|
|t:|1743911950
|cant|p1a: Klefki|par
|move|p2a: Pachirisu|Encore|p1a: Klefki
|-start|p1a: Klefki|Encore
|
|upkeep
|turn|3
|
|t:|1743911956
|switch|p2a: Quaquaval|Quaquaval, F|100/100
|-damage|p2a: Quaquaval|88/100|[from] Spikes
|move|p1a: Klefki|Spikes|p2a: Quaquaval
|-sidestart|p2: Asuna12344|Spikes
|
|-heal|p2a: Quaquaval|94/100|[from] item: Leftovers
|upkeep
|turn|4
|
|t:|1743911966
|switch|p1a: Amoonguss|Amoonguss, F|100/100
|move|p2a: Quaquaval|Rapid Spin|p1a: Amoonguss
|-damage|p1a: Amoonguss|89/100
|-boost|p2a: Quaquaval|spe|1
|-sideend|p2: Asuna12344|Spikes|[from] move: Rapid Spin|[of] p2a: Quaquaval
|
|-heal|p2a: Quaquaval|100/100|[from] item: Leftovers
|upkeep
|turn|5
|
|t:|1743911976
|switch|p2a: Gholdengo|Gholdengo|100/100
|move|p1a: Amoonguss|Clear Smog|p2a: Gholdengo
|-immune|p2a: Gholdengo
|
|upkeep
|turn|6
|
|t:|1743911986
|switch|p1a: Pelipper|Pelipper, F|100/100
|-weather|RainDance|[from] ability: Drizzle|[of] p1a: Pelipper
|move|p2a: Gholdengo|Shadow Ball|p1a: Pelipper
|-damage|p1a: Pelipper|39/100
|
|-weather|RainDance|[upkeep]
|upkeep
|turn|7
|
|t:|1743912000
|switch|p1a: Klefki|Klefki, M|100/100 par
|move|p2a: Gholdengo|Shadow Ball|p1a: Klefki
|-damage|p1a: Klefki|65/100 par
|
|-weather|RainDance|[upkeep]
|-heal|p1a: Klefki|71/100 par|[from] item: Leftovers
|upkeep
|turn|8
|
|t:|1743912012
|move|p1a: Klefki|Thunder Wave|p2a: Gholdengo
|-immune|p2a: Gholdengo|[from] ability: Good as Gold
|move|p2a: Gholdengo|Shadow Ball|p1a: Klefki
|-damage|p1a: Klefki|36/100 par
|-unboost|p1a: Klefki|spd|1
|
|-weather|RainDance|[upkeep]
|-heal|p1a: Klefki|42/100 par|[from] item: Leftovers
|upkeep
|turn|9
|
|t:|1743912023
|move|p1a: Klefki|Reflect|p1a: Klefki
|-sidestart|p1: Poopyrash11|Reflect
|move|p2a: Gholdengo|Shadow Ball|p1a: Klefki
|-damage|p1a: Klefki|0 fnt
|faint|p1a: Klefki
|
|-weather|RainDance|[upkeep]
|upkeep
|
|t:|1743912036
|switch|p1a: Beartic|Beartic, M|100/100
|turn|10
|
|t:|1743912040
|switch|p2a: Alomomola|Alomomola, M|100/100
|move|p1a: Beartic|Swords Dance|p1a: Beartic
|-boost|p1a: Beartic|atk|2
|
|-weather|RainDance|[upkeep]
|upkeep
|turn|11
|
|t:|1743912048
|move|p1a: Beartic|Icicle Crash|p2a: Alomomola
|-resisted|p2a: Alomomola
|-damage|p2a: Alomomola|78/100
|move|p2a: Alomomola|Flip Turn|p1a: Beartic
|-damage|p1a: Beartic|85/100
|
|t:|1743912060
|switch|p2a: Gholdengo|Gholdengo|100/100|[from] Flip Turn
|
|-weather|RainDance|[upkeep]
|upkeep
|turn|12
|
|t:|1743912068
|move|p2a: Gholdengo|Make It Rain|p1a: Beartic
|-supereffective|p1a: Beartic
|-damage|p1a: Beartic|0 fnt
|-unboost|p2a: Gholdengo|spa|1
|faint|p1a: Beartic
|
|-weather|RainDance|[upkeep]
|upkeep
|
|t:|1743912078
|switch|p1a: Basculegion|Basculegion, M, shiny|100/100
|turn|13
|
|t:|1743912083
|switch|p2a: Alomomola|Alomomola, M|100/100
|move|p1a: Basculegion|Wave Crash|p2a: Alomomola
|-resisted|p2a: Alomomola
|-damage|p2a: Alomomola|63/100
|-damage|p1a: Basculegion|83/100|[from] Recoil
|
|-weather|none
|-sideend|p1: Poopyrash11|Reflect
|upkeep
|turn|14
|
|t:|1743912093
|switch|p1a: Espeon|Espeon, F|100/100
|move|p2a: Alomomola|Flip Turn|p1a: Espeon
|-damage|p1a: Espeon|67/100
|
|t:|1743912100
|switch|p2a: Garganacl|Garganacl, M|100/100|[from] Flip Turn
|
|-heal|p1a: Espeon|73/100|[from] item: Leftovers
|upkeep
|turn|15
|
|t:|1743912107
|move|p1a: Espeon|Psychic|p2a: Garganacl
|-damage|p2a: Garganacl|67/100
|move|p2a: Garganacl|Salt Cure|p1a: Espeon
|-damage|p1a: Espeon|48/100
|-start|p1a: Espeon|Salt Cure
|
|-heal|p1a: Espeon|54/100|[from] item: Leftovers
|-heal|p2a: Garganacl|73/100|[from] item: Leftovers
|-damage|p1a: Espeon|42/100|[from] Salt Cure
|upkeep
|turn|16
|
|t:|1743912119
|switch|p1a: Amoonguss|Amoonguss, F|100/100
|switch|p2a: Pachirisu|Pachirisu, F|100/100
|
|upkeep
|turn|17
|
|t:|1743912129
|switch|p2a: Gholdengo|Gholdengo|100/100
|move|p1a: Amoonguss|Toxic|p2a: Gholdengo
|-immune|p2a: Gholdengo|[from] ability: Good as Gold
|
|upkeep
|turn|18
|
|t:|1743912139
|switch|p1a: Pelipper|Pelipper, F|39/100
|-weather|RainDance|[from] ability: Drizzle|[of] p1a: Pelipper
|move|p2a: Gholdengo|Trick|p1a: Pelipper
|-activate|p2a: Gholdengo|move: Trick|[of] p1a: Pelipper
|-item|p1a: Pelipper|Choice Scarf|[from] move: Trick
|-item|p2a: Gholdengo|Damp Rock|[from] move: Trick
|
|-weather|RainDance|[upkeep]
|upkeep
|turn|19
|
|t:|1743912149
|move|p2a: Gholdengo|Shadow Ball|p1a: Pelipper
|-damage|p1a: Pelipper|0 fnt
|faint|p1a: Pelipper
|
|-weather|RainDance|[upkeep]
|upkeep
|
|t:|1743912156
|switch|p1a: Basculegion|Basculegion, M, shiny|83/100
|turn|20
|
|t:|1743912162
|switch|p2a: Alomomola|Alomomola, M|96/100
|move|p1a: Basculegion|Head Smash|p2a: Alomomola
|-damage|p2a: Alomomola|57/100
|-damage|p1a: Basculegion|55/100|[from] Recoil
|
|-weather|RainDance|[upkeep]
|upkeep
|turn|21
|
|t:|1743912171
|move|p1a: Basculegion|Head Smash|p2a: Alomomola
|-damage|p2a: Alomomola|14/100
|-damage|p1a: Basculegion|25/100|[from] Recoil
|move|p2a: Alomomola|Wish|p2a: Alomomola
|
|-weather|RainDance|[upkeep]
|upkeep
|turn|22
|
|t:|1743912178
|move|p2a: Alomomola|Protect|p2a: Alomomola
|-singleturn|p2a: Alomomola|Protect
|move|p1a: Basculegion|Head Smash|p2a: Alomomola
|-activate|p2a: Alomomola|move: Protect
|
|-weather|RainDance|[upkeep]
|-heal|p2a: Alomomola|64/100|[from] move: Wish|[wisher] Alomomola
|upkeep
|turn|23
|
|t:|1743912187
|move|p1a: Basculegion|Head Smash|p2a: Alomomola|[miss]
|-miss|p1a: Basculegion|p2a: Alomomola
|move|p2a: Alomomola|Flip Turn|p1a: Basculegion
|-resisted|p1a: Basculegion
|-damage|p1a: Basculegion|9/100
|
|t:|1743912193
|switch|p2a: Garganacl|Garganacl, M|73/100|[from] Flip Turn
|
|-weather|RainDance|[upkeep]
|-heal|p2a: Garganacl|79/100|[from] item: Leftovers
|upkeep
|turn|24
|
|t:|1743912200
|move|p1a: Basculegion|Head Smash|p2a: Garganacl
|-damage|p2a: Garganacl|28/100
|-damage|p1a: Basculegion|0 fnt|[from] Recoil
|faint|p1a: Basculegion
|move|p2a: Garganacl|Salt Cure|p1: Basculegion|[notarget]
|-fail|p2a: Garganacl
|
|-weather|RainDance|[upkeep]
|-heal|p2a: Garganacl|34/100|[from] item: Leftovers
|upkeep
|
|t:|1743912210
|switch|p1a: Espeon|Espeon, F|42/100
|turn|25
|
|t:|1743912214
|switch|p2a: Gholdengo|Gholdengo|100/100
|move|p1a: Espeon|Shadow Ball|p2a: Gholdengo
|-supereffective|p2a: Gholdengo
|-damage|p2a: Gholdengo|37/100
|
|-weather|none
|-heal|p1a: Espeon|48/100|[from] item: Leftovers
|upkeep
|turn|26
|
|t:|1743912223
|switch|p2a: Garganacl|Garganacl, M|34/100
|move|p1a: Espeon|Shadow Ball|p2a: Garganacl
|-damage|p2a: Garganacl|25/100
|
|-heal|p1a: Espeon|54/100|[from] item: Leftovers
|-heal|p2a: Garganacl|31/100|[from] item: Leftovers
|upkeep
|turn|27
|
|t:|1743912233
|move|p2a: Garganacl|Protect|p2a: Garganacl
|-singleturn|p2a: Garganacl|Protect
|move|p1a: Espeon|Psychic|p2a: Garganacl
|-activate|p2a: Garganacl|move: Protect
|
|-heal|p1a: Espeon|60/100|[from] item: Leftovers
|-heal|p2a: Garganacl|37/100|[from] item: Leftovers
|upkeep
|turn|28
|
|t:|1743912242
|move|p1a: Espeon|Psychic|p2a: Garganacl
|-damage|p2a: Garganacl|6/100
|move|p2a: Garganacl|Recover|p2a: Garganacl
|-heal|p2a: Garganacl|56/100
|
|-heal|p1a: Espeon|66/100|[from] item: Leftovers
|-heal|p2a: Garganacl|62/100|[from] item: Leftovers
|upkeep
|turn|29
|
|t:|1743912250
|move|p1a: Espeon|Calm Mind|p1a: Espeon
|-boost|p1a: Espeon|spa|1
|-boost|p1a: Espeon|spd|1
|move|p2a: Garganacl|Salt Cure|p1a: Espeon
|-damage|p1a: Espeon|38/100
|-start|p1a: Espeon|Salt Cure
|
|-heal|p1a: Espeon|44/100|[from] item: Leftovers
|-heal|p2a: Garganacl|68/100|[from] item: Leftovers
|-damage|p1a: Espeon|31/100|[from] Salt Cure
|upkeep
|turn|30
|
|t:|1743912262
|move|p1a: Espeon|Psychic|p2a: Garganacl
|-damage|p2a: Garganacl|19/100
|move|p2a: Garganacl|Salt Cure|p1a: Espeon
|-damage|p1a: Espeon|3/100
|
|-heal|p1a: Espeon|9/100|[from] item: Leftovers
|-heal|p2a: Garganacl|25/100|[from] item: Leftovers
|-damage|p1a: Espeon|0 fnt|[from] Salt Cure
|faint|p1a: Espeon
|upkeep
|
|t:|1743912273
|switch|p1a: Amoonguss|Amoonguss, F|100/100
|turn|31
|
|t:|1743912277
|move|p2a: Garganacl|Salt Cure|p1a: Amoonguss
|-damage|p1a: Amoonguss|91/100
|-start|p1a: Amoonguss|Salt Cure
|move|p1a: Amoonguss|Foul Play|p2a: Garganacl
|-damage|p2a: Garganacl|11/100
|
|-heal|p2a: Garganacl|17/100|[from] item: Leftovers
|-damage|p1a: Amoonguss|79/100|[from] Salt Cure
|upkeep
|turn|32
|
|t:|1743912286
|move|p2a: Garganacl|Salt Cure|p1a: Amoonguss
|-damage|p1a: Amoonguss|69/100
|move|p1a: Amoonguss|Toxic|p2a: Garganacl
|-immune|p2a: Garganacl|[from] ability: Purifying Salt
|
|-heal|p2a: Garganacl|23/100|[from] item: Leftovers
|-damage|p1a: Amoonguss|57/100|[from] Salt Cure
|upkeep
|turn|33
|-message|Poopyrash11 forfeited.
|
|win|Asuna12344
|raw|Poopyrash11's rating: 1093 &rarr; <strong>1069</strong><br />(-24 for losing)
|raw|Asuna12344's rating: 1093 &rarr; <strong>1119</strong><br />(+26 for winning)
|l|☆Poopyrash11
|player|p1|
|l|☆Asuna12344
|player|p2|
