|j|☆ANGADIStryinghard
|j|☆flan727
|t:|1743898847
|gametype|singles
|player|p1|ANGADIStryinghard|benga|1428
|player|p2|flan727|unknownf|1485
|teamsize|p1|6
|teamsize|p2|6
|gen|9
|tier|[Gen 9] OU
|rated|
|rule|HP Percentage Mod: HP is shown in percentages
|rule|Endless Battle Clause: Forcing endless battles is banned
|rule|Species Clause: Limit one of each Pokémon
|rule|OHKO Clause: OHKO moves are banned
|rule|Evasion Items Clause: Evasion items are banned
|rule|Evasion Moves Clause: Evasion moves are banned
|rule|Sleep Moves Clause: Sleep-inducing moves are banned
|clearpoke
|poke|p1|Landorus-Therian, M|
|poke|p1|Zamazenta-*|
|poke|p1|Kingambit, F|
|poke|p1|Samurott-Hisui, M|
|poke|p1|Pecharunt|
|poke|p1|Hydreigon, M|
|poke|p2|Indeedee, M|
|poke|p2|Polteageist-Antique|
|poke|p2|Hatterene, F|
|poke|p2|Maushold-Four|
|poke|p2|Blaziken, M|
|poke|p2|Iron Boulder|
|teampreview
|inactive|Battle timer is ON: inactive players will automatically lose when time's up. (requested by flan727)
|
|t:|1743898876
|start
|switch|p1a: Samurott|Samurott-Hisui, M|100/100
|switch|p2a: publ|Indeedee, M|100/100
|-fieldstart|move: Psychic Terrain|[from] ability: Psychic Surge|[of] p2a: publ
|turn|1
|
|t:|1743898895
|switch|p2a: cool hat|Hatterene, F, shiny|100/100
|move|p1a: Samurott|Ceaseless Edge|p2a: cool hat
|-damage|p2a: cool hat|61/100
|-sidestart|p2: flan727|Spikes
|-enditem|p2a: cool hat|Eject Button
|
|t:|1743898900
|switch|p2a: 4v1|Maushold-Four, shiny|100/100
|-damage|p2a: 4v1|88/100|[from] Spikes
|
|upkeep
|turn|2
|inactive|ANGADIStryinghard has 120 seconds left.
|
|t:|1743898930
|switch|p1a: Pecharunt|Pecharunt|100/100
|move|p2a: 4v1|Tidy Up|p2a: 4v1
|-sideend|p2: flan727|Spikes
|-activate|p2a: 4v1|move: Tidy Up
|-boost|p2a: 4v1|atk|1
|-boost|p2a: 4v1|spe|1
|
|upkeep
|turn|3
|inactive|ANGADIStryinghard has 120 seconds left.
|
|t:|1743898957
|switch|p1a: Landorus|Landorus-Therian, M|100/100
|-ability|p1a: Landorus|Intimidate|boost
|-unboost|p2a: 4v1|atk|1
|move|p2a: 4v1|Bite|p1a: Landorus
|-damage|p1a: Landorus|78/100
|-damage|p2a: 4v1|71/100|[from] item: Rocky Helmet|[of] p1a: Landorus
|
|upkeep
|turn|4
|
|t:|1743898971
|switch|p1a: Pecharunt|Pecharunt|100/100
|move|p2a: 4v1|Tidy Up|p2a: 4v1
|-boost|p2a: 4v1|atk|1
|-boost|p2a: 4v1|spe|1
|
|upkeep
|turn|5
|
|t:|1743898978
|move|p2a: 4v1|Bite|p1a: Pecharunt
|-supereffective|p1a: Pecharunt
|-damage|p1a: Pecharunt|63/100
|move|p1a: Pecharunt|Parting Shot|p2a: 4v1
|-unboost|p2a: 4v1|atk|1
|-unboost|p2a: 4v1|spa|1
|
|t:|1743898980
|switch|p1a: Landorus|Landorus-Therian, M|78/100|[from] Parting Shot
|-ability|p1a: Landorus|Intimidate|boost
|-unboost|p2a: 4v1|atk|1
|
|upkeep
|turn|6
|
|t:|1743898989
|switch|p1a: Pecharunt|Pecharunt|63/100
|move|p2a: 4v1|Population Bomb|p1a: Pecharunt
|-immune|p1a: Pecharunt
|
|upkeep
|turn|7
|inactive|ANGADIStryinghard has 120 seconds left.
|
|t:|1743899004
|move|p2a: 4v1|Bite|p1a: Pecharunt
|-supereffective|p1a: Pecharunt
|-damage|p1a: Pecharunt|45/100
|move|p1a: Pecharunt|Malignant Chain|p2a: 4v1
|-damage|p2a: 4v1|23/100
|
|upkeep
|turn|8
|
|t:|1743899009
|move|p2a: 4v1|Encore|p1a: Pecharunt
|-start|p1a: Pecharunt|Encore
|move|p1a: Pecharunt|Malignant Chain|p2a: 4v1
|-damage|p2a: 4v1|0 fnt
|faint|p2a: 4v1
|
|-fieldend|move: Psychic Terrain
|upkeep
|
|t:|1743899012
|switch|p2a: rock guy|Iron Boulder|100/100
|-enditem|p2a: rock guy|Booster Energy
|-activate|p2a: rock guy|ability: Quark Drive|[fromitem]
|-start|p2a: rock guy|quarkdrivespe
|turn|9
|
|t:|1743899016
|switch|p1a: Landorus|Landorus-Therian, M|78/100
|-ability|p1a: Landorus|Intimidate|boost
|-unboost|p2a: rock guy|atk|1
|move|p2a: rock guy|Swords Dance|p2a: rock guy
|-boost|p2a: rock guy|atk|2
|
|upkeep
|turn|10
|
|t:|1743899022
|-terastallize|p2a: rock guy|Grass
|move|p2a: rock guy|Swords Dance|p2a: rock guy
|-boost|p2a: rock guy|atk|2
|move|p1a: Landorus|Earthquake|p2a: rock guy
|-resisted|p2a: rock guy
|-damage|p2a: rock guy|71/100
|
|upkeep
|turn|11
|
|t:|1743899039
|switch|p1a: Pecharunt|Pecharunt|45/100
|move|p2a: rock guy|Mighty Cleave|p1a: Pecharunt
|-damage|p1a: Pecharunt|0 fnt
|faint|p1a: Pecharunt
|
|upkeep
|inactive|ANGADIStryinghard has 120 seconds left.
|
|t:|1743899077
|switch|p1a: Landorus|Landorus-Therian, M|78/100
|-ability|p1a: Landorus|Intimidate|boost
|-unboost|p2a: rock guy|atk|1
|turn|12
|inactive|ANGADIStryinghard has 90 seconds left.
|
|t:|1743899109
|switch|p1a: Samurott|Samurott-Hisui, M|100/100
|move|p2a: rock guy|Mighty Cleave|p1a: Samurott
|-damage|p1a: Samurott|0 fnt
|faint|p1a: Samurott
|
|upkeep
|
|t:|1743899114
|switch|p1a: Zamazenta|Zamazenta|100/100
|-ability|p1a: Zamazenta|Dauntless Shield|boost
|-boost|p1a: Zamazenta|def|1
|turn|13
|inactive|ANGADIStryinghard has 90 seconds left.
|
|t:|1743899129
|-terastallize|p1a: Zamazenta|Fire
|move|p2a: rock guy|Zen Headbutt|p1a: Zamazenta
|-damage|p1a: Zamazenta|54/100
|move|p1a: Zamazenta|Close Combat|p2a: rock guy
|-damage|p2a: rock guy|0 fnt
|-unboost|p1a: Zamazenta|def|1
|-unboost|p1a: Zamazenta|spd|1
|faint|p2a: rock guy
|-end|p2a: rock guy|Quark Drive|[silent]
|
|upkeep
|
|t:|1743899142
|switch|p2a: publ|Indeedee, M|100/100
|-fieldstart|move: Psychic Terrain|[from] ability: Psychic Surge|[of] p2a: publ
|turn|14
|inactive|ANGADIStryinghard has 90 seconds left.
|
|t:|1743899171
|switch|p1a: Kingambit|Kingambit, F|100/100
|-activate|p1a: Kingambit|ability: Supreme Overlord
|-start|p1a: Kingambit|fallen2|[silent]
|move|p2a: publ|Healing Wish|p2a: publ
|faint|p2a: publ
|
|upkeep
|
|t:|1743899180
|switch|p2a: kfc|Blaziken, M|100/100
|turn|15
|inactive|ANGADIStryinghard has 90 seconds left.
|
|t:|1743899186
|-end|p1a: Kingambit|fallen2|[silent]
|switch|p1a: Landorus|Landorus-Therian, M|78/100
|-ability|p1a: Landorus|Intimidate|boost
|-unboost|p2a: kfc|atk|1
|move|p2a: kfc|Swords Dance|p2a: kfc
|-boost|p2a: kfc|atk|2
|
|-ability|p2a: kfc|Speed Boost|boost
|-boost|p2a: kfc|spe|1
|upkeep
|turn|16
|inactive|ANGADIStryinghard has 90 seconds left.
|
|t:|1743899218
|switch|p1a: Zamazenta|Zamazenta, tera:Fire|54/100
|move|p2a: kfc|Flare Blitz|p1a: Zamazenta
|-resisted|p1a: Zamazenta
|-damage|p1a: Zamazenta|12/100
|-damage|p2a: kfc|85/100|[from] Recoil
|
|-heal|p2a: kfc|91/100|[from] item: Leftovers
|-ability|p2a: kfc|Speed Boost|boost
|-boost|p2a: kfc|spe|1
|upkeep
|turn|17
|
|t:|1743899227
|move|p2a: kfc|Protect|p2a: kfc
|-singleturn|p2a: kfc|Protect
|move|p1a: Zamazenta|Close Combat|p2a: kfc
|-activate|p2a: kfc|move: Protect
|
|-heal|p2a: kfc|97/100|[from] item: Leftovers
|-ability|p2a: kfc|Speed Boost|boost
|-boost|p2a: kfc|spe|1
|upkeep
|turn|18
|
|t:|1743899236
|move|p2a: kfc|Swords Dance|p2a: kfc
|-boost|p2a: kfc|atk|2
|move|p1a: Zamazenta|Close Combat|p2a: kfc
|-damage|p2a: kfc|4/100
|-unboost|p1a: Zamazenta|def|1
|-unboost|p1a: Zamazenta|spd|1
|
|-heal|p2a: kfc|10/100|[from] item: Leftovers
|-ability|p2a: kfc|Speed Boost|boost
|-boost|p2a: kfc|spe|1
|upkeep
|turn|19
|inactive|ANGADIStryinghard has 90 seconds left.
|
|t:|1743899245
|switch|p1a: Landorus|Landorus-Therian, M|78/100
|-ability|p1a: Landorus|Intimidate|boost
|-unboost|p2a: kfc|atk|1
|move|p2a: kfc|Protect||[still]
|-fail|p2a: kfc
|
|-heal|p2a: kfc|16/100|[from] item: Leftovers
|-ability|p2a: kfc|Speed Boost|boost
|-boost|p2a: kfc|spe|1
|upkeep
|turn|20
|inactive|ANGADIStryinghard has 90 seconds left.
|
|t:|1743899257
|switch|p2a: cool hat|Hatterene, F, shiny|61/100
|-heal|p2a: cool hat|100/100|[from] move: Healing Wish
|switch|p1a: Zamazenta|Zamazenta, tera:Fire|12/100
|
|upkeep
|turn|21
|inactive|ANGADIStryinghard has 90 seconds left.
|
|t:|1743899274
|switch|p1a: Hydreigon|Hydreigon, M|100/100
|move|p2a: cool hat|Calm Mind|p2a: cool hat
|-boost|p2a: cool hat|spa|1
|-boost|p2a: cool hat|spd|1
|
|-fieldend|move: Psychic Terrain
|upkeep
|turn|22
|inactive|ANGADIStryinghard has 90 seconds left.
|
|t:|1743899283
|move|p1a: Hydreigon|Substitute|p1a: Hydreigon
|-start|p1a: Hydreigon|Substitute
|-damage|p1a: Hydreigon|76/100
|move|p2a: cool hat|Draining Kiss|p1a: Hydreigon
|-supereffective|p1a: Hydreigon
|-crit|p1a: Hydreigon
|-end|p1a: Hydreigon|Substitute
|
|-heal|p1a: Hydreigon|82/100|[from] item: Leftovers
|upkeep
|turn|23
|
|t:|1743899286
|move|p1a: Hydreigon|Substitute|p1a: Hydreigon
|-start|p1a: Hydreigon|Substitute
|-damage|p1a: Hydreigon|57/100
|move|p2a: cool hat|Draining Kiss|p1a: Hydreigon
|-supereffective|p1a: Hydreigon
|-end|p1a: Hydreigon|Substitute
|
|-heal|p1a: Hydreigon|63/100|[from] item: Leftovers
|upkeep
|turn|24
|
|t:|1743899288
|move|p1a: Hydreigon|Substitute|p1a: Hydreigon
|-start|p1a: Hydreigon|Substitute
|-damage|p1a: Hydreigon|38/100
|move|p2a: cool hat|Draining Kiss|p1a: Hydreigon
|-supereffective|p1a: Hydreigon
|-crit|p1a: Hydreigon
|-end|p1a: Hydreigon|Substitute
|
|-heal|p1a: Hydreigon|44/100|[from] item: Leftovers
|upkeep
|turn|25
|
|t:|1743899291
|move|p1a: Hydreigon|Substitute|p1a: Hydreigon
|-start|p1a: Hydreigon|Substitute
|-damage|p1a: Hydreigon|19/100
|move|p2a: cool hat|Draining Kiss|p1a: Hydreigon
|-supereffective|p1a: Hydreigon
|-end|p1a: Hydreigon|Substitute
|
|-heal|p1a: Hydreigon|26/100|[from] item: Leftovers
|upkeep
|turn|26
|
|t:|1743899293
|move|p1a: Hydreigon|Substitute|p1a: Hydreigon
|-start|p1a: Hydreigon|Substitute
|-damage|p1a: Hydreigon|1/100
|move|p2a: cool hat|Draining Kiss|p1a: Hydreigon
|-supereffective|p1a: Hydreigon
|-end|p1a: Hydreigon|Substitute
|
|-heal|p1a: Hydreigon|7/100|[from] item: Leftovers
|upkeep
|turn|27
|
|t:|1743899295
|move|p1a: Hydreigon|Flash Cannon|p2a: cool hat
|-supereffective|p2a: cool hat
|-damage|p2a: cool hat|65/100
|move|p2a: cool hat|Draining Kiss|p1a: Hydreigon
|-supereffective|p1a: Hydreigon
|-damage|p1a: Hydreigon|0 fnt
|-heal|p2a: cool hat|70/100|[from] drain|[of] p1a: Hydreigon
|faint|p1a: Hydreigon
|
|upkeep
|inactive|ANGADIStryinghard has 120 seconds left.
|
|t:|1743899330
|switch|p1a: Kingambit|Kingambit, F|100/100
|-activate|p1a: Kingambit|ability: Supreme Overlord
|-start|p1a: Kingambit|fallen3|[silent]
|turn|28
|
|t:|1743899337
|move|p1a: Kingambit|Swords Dance|p1a: Kingambit
|-boost|p1a: Kingambit|atk|2
|move|p2a: cool hat|Draining Kiss|p1a: Kingambit
|-damage|p1a: Kingambit|62/100
|-heal|p2a: cool hat|100/100|[from] drain|[of] p1a: Kingambit
|
|-heal|p1a: Kingambit|69/100|[from] item: Leftovers
|upkeep
|turn|29
|
|t:|1743899350
|move|p1a: Kingambit|Swords Dance|p1a: Kingambit
|-boost|p1a: Kingambit|atk|2
|move|p2a: cool hat|Draining Kiss|p1a: Kingambit
|-damage|p1a: Kingambit|26/100
|
|-heal|p1a: Kingambit|32/100|[from] item: Leftovers
|upkeep
|turn|30
|
|t:|1743899356
|move|p1a: Kingambit|Iron Head|p2a: cool hat
|-supereffective|p2a: cool hat
|-damage|p2a: cool hat|0 fnt
|faint|p2a: cool hat
|
|-heal|p1a: Kingambit|38/100|[from] item: Leftovers
|upkeep
|
|t:|1743899359
|switch|p2a: oolong tea|Polteageist-Antique, shiny|100/100
|turn|31
|
|t:|1743899369
|move|p2a: oolong tea|Shell Smash|p2a: oolong tea
|-unboost|p2a: oolong tea|def|1
|-unboost|p2a: oolong tea|spd|1
|-boost|p2a: oolong tea|atk|2
|-boost|p2a: oolong tea|spa|2
|-boost|p2a: oolong tea|spe|2
|move|p1a: Kingambit|Iron Head|p2a: oolong tea
|-crit|p2a: oolong tea
|-enditem|p2a: oolong tea|Focus Sash
|-damage|p2a: oolong tea|1/100
|-ability|p2a: oolong tea|Weak Armor|boost
|-unboost|p2a: oolong tea|def|1
|-boost|p2a: oolong tea|spe|2
|
|-heal|p1a: Kingambit|44/100|[from] item: Leftovers
|upkeep
|turn|32
|
|t:|1743899389
|move|p2a: oolong tea|Shadow Ball|p1a: Kingambit
|-resisted|p1a: Kingambit
|-damage|p1a: Kingambit|0 fnt
|faint|p1a: Kingambit
|-end|p1a: Kingambit|fallen3|[silent]
|
|upkeep
|
|t:|1743899393
|switch|p1a: Zamazenta|Zamazenta, tera:Fire|12/100
|turn|33
|
|t:|1743899399
|move|p2a: oolong tea|Stored Power|p1a: Zamazenta
|-damage|p1a: Zamazenta|0 fnt
|faint|p1a: Zamazenta
|
|upkeep
|
|t:|1743899401
|switch|p1a: Landorus|Landorus-Therian, M|78/100
|-ability|p1a: Landorus|Intimidate|boost
|-unboost|p2a: oolong tea|atk|1
|turn|34
|
|t:|1743899403
|move|p2a: oolong tea|Stored Power|p1a: Landorus
|-damage|p1a: Landorus|0 fnt
|faint|p1a: Landorus
|
|win|flan727
|raw|ANGADIStryinghard's rating: 1428 &rarr; <strong>1411</strong><br />(-17 for losing)
|raw|flan727's rating: 1485 &rarr; <strong>1502</strong><br />(+17 for winning)
|l|☆ANGADIStryinghard
|player|p1|
|l|☆flan727
|player|p2|
