|j|☆stone douchebag
|j|☆Coldwiii
|t:|1743891926
|gametype|singles
|player|p1|stone douchebag|101|1487
|player|p2|Coldwiii|wattson|1503
|teamsize|p1|6
|teamsize|p2|6
|gen|9
|tier|[Gen 9] OU
|rated|
|rule|HP Percentage Mod: HP is shown in percentages
|rule|Endless Battle Clause: Forcing endless battles is banned
|rule|Species Clause: Limit one of each Pokémon
|rule|OHKO Clause: OHKO moves are banned
|rule|Evasion Items Clause: Evasion items are banned
|rule|Evasion Moves Clause: Evasion moves are banned
|rule|Sleep Moves Clause: Sleep-inducing moves are banned
|clearpoke
|poke|p1|Arcanine-Hisui, F|
|poke|p1|Slowking-Galar, F|
|poke|p1|Corviknight, M|
|poke|p1|Darkrai|
|poke|p1|Landorus-Therian, M|
|poke|p1|Kingambit, M|
|poke|p2|Latios, M|
|poke|p2|Toxapex, F|
|poke|p2|Mandibuzz, F|
|poke|p2|Iron Treads|
|poke|p2|Arcanine-Hisui, F|
|poke|p2|Sinistcha|
|teampreview
|c|☆Coldwiii|glhf
|c|☆stone douchebag|u2
|
|t:|1743891957
|start
|switch|p1a: Landorus|Landorus-Therian, M|100/100
|switch|p2a: Mandibuzz|Mandibuzz, F|100/100
|-ability|p1a: Landorus|Intimidate|boost
|-unboost|p2a: Mandibuzz|atk|1
|turn|1
|
|t:|1743891969
|move|p1a: Landorus|Stone Edge|p2a: Mandibuzz
|-supereffective|p2a: Mandibuzz
|-crit|p2a: Mandibuzz
|-damage|p2a: Mandibuzz|41/100
|move|p2a: Mandibuzz|Toxic|p1a: Landorus
|-status|p1a: Landorus|tox
|
|-damage|p1a: Landorus|94/100 tox|[from] psn
|upkeep
|turn|2
|c|☆Coldwiii|tragic crit
|
|t:|1743891988
|switch|p2a: Sinistcha|Sinistcha, shiny|100/100
|move|p1a: Landorus|U-turn|p2a: Sinistcha
|-damage|p2a: Sinistcha|83/100
|
|t:|1743891997
|switch|p1a: Darkrai|Darkrai|100/100|[from] U-turn
|
|upkeep
|turn|3
|
|t:|1743892007
|switch|p2a: Toxapex|Toxapex, F, shiny|100/100
|move|p1a: Darkrai|Trick|p2a: Toxapex
|-activate|p1a: Darkrai|move: Trick|[of] p2a: Toxapex
|-item|p2a: Toxapex|Choice Scarf|[from] move: Trick
|-item|p1a: Darkrai|Assault Vest|[from] move: Trick
|
|upkeep
|turn|4
|
|t:|1743892021
|switch|p1a: Slowking|Slowking-Galar, F|100/100
|move|p2a: Toxapex|Infestation|p1a: Slowking
|-damage|p1a: Slowking|99/100
|-activate|p1a: Slowking|move: Infestation|[of] p2a: Toxapex
|
|-damage|p1a: Slowking|87/100|[from] move: Infestation|[partiallytrapped]
|upkeep
|turn|5
|
|t:|1743892027
|switch|p2a: Arcanine|Arcanine-Hisui, F|100/100
|move|p1a: Slowking|Future Sight|p2a: Arcanine
|-start|p1a: Slowking|move: Future Sight
|
|-end|p1a: Slowking|Infestation|[partiallytrapped]|[silent]
|upkeep
|turn|6
|inactive|Battle timer is ON: inactive players will automatically lose when time's up. (requested by Coldwiii)
|
|t:|1743892056
|switch|p1a: Landorus|Landorus-Therian, M|94/100 tox
|-ability|p1a: Landorus|Intimidate|boost
|-unboost|p2a: Arcanine|atk|1
|move|p2a: Arcanine|Flare Blitz|p1a: Landorus
|-damage|p1a: Landorus|22/100 tox
|
|-damage|p1a: Landorus|16/100 tox|[from] psn
|upkeep
|turn|7
|
|t:|1743892072
|switch|p2a: Mandibuzz|Mandibuzz, F|41/100
|move|p1a: Landorus|Stone Edge|p2a: Mandibuzz
|-supereffective|p2a: Mandibuzz
|-crit|p2a: Mandibuzz
|-damage|p2a: Mandibuzz|0 fnt
|faint|p2a: Mandibuzz
|
|-hint|Future Sight did not hit because the target is fainted.
|-damage|p1a: Landorus|3/100 tox|[from] psn
|upkeep
|c|☆stone douchebag|bruh not the double crits
|c|☆stone douchebag|landorus fucking hated mandibuzz i guess
|inactive|Coldwiii has 120 seconds left.
|
|t:|1743892100
|switch|p2a: Latios|Latios, M, shiny|100/100
|turn|8
|
|t:|1743892104
|move|p2a: Latios|Psychic Noise|p1a: Landorus
|-damage|p1a: Landorus|0 fnt
|faint|p1a: Landorus
|
|upkeep
|c|☆Coldwiii|LOL
|
|t:|1743892109
|switch|p1a: Darkrai|Darkrai|100/100
|turn|9
|c|☆Coldwiii|its all good
|
|t:|1743892119
|switch|p1a: Slowking|Slowking-Galar, F|100/100
|switch|p2a: Toxapex|Toxapex, F, shiny|100/100
|
|upkeep
|turn|10
|
|t:|1743892128
|switch|p2a: Arcanine|Arcanine-Hisui, F|100/100
|-prepare|p1a: Slowking|Chilly Reception|[premajor]
|move|p1a: Slowking|Chilly Reception|p1a: Slowking
|-weather|Snowscape
|
|t:|1743892150
|switch|p1a: Corviknight|Corviknight, M|100/100|[from] Chilly Reception
|-ability|p1a: Corviknight|Pressure
|
|-weather|Snowscape|[upkeep]
|upkeep
|turn|11
|inactive|stone douchebag has 120 seconds left.
|
|t:|1743892183
|switch|p1a: Arcanine|Arcanine-Hisui, F|100/100
|move|p2a: Arcanine|Head Smash|p1a: Arcanine
|-supereffective|p1a: Arcanine
|-damage|p1a: Arcanine|0 fnt
|faint|p1a: Arcanine
|
|-weather|Snowscape|[upkeep]
|upkeep
|
|t:|1743892189
|switch|p1a: Kingambit|Kingambit, M|100/100
|-activate|p1a: Kingambit|ability: Supreme Overlord
|-start|p1a: Kingambit|fallen2|[silent]
|turn|12
|
|t:|1743892201
|switch|p2a: Iron Treads|Iron Treads|100/100
|-end|p1a: Kingambit|fallen2|[silent]
|switch|p1a: Corviknight|Corviknight, M|100/100
|-ability|p1a: Corviknight|Pressure
|
|-weather|Snowscape|[upkeep]
|upkeep
|turn|13
|inactive|stone douchebag has 120 seconds left.
|
|t:|1743892216
|-end|p2a: Iron Treads|Quark Drive|[silent]
|switch|p2a: Sinistcha|Sinistcha, shiny|83/100
|move|p1a: Corviknight|Brave Bird|p2a: Sinistcha
|-supereffective|p2a: Sinistcha
|-damage|p2a: Sinistcha|35/100
|-damage|p1a: Corviknight|87/100|[from] Recoil
|
|-weather|Snowscape|[upkeep]
|upkeep
|turn|14
|
|t:|1743892225
|-terastallize|p2a: Sinistcha|Poison
|move|p2a: Sinistcha|Strength Sap|p1a: Corviknight
|-unboost|p1a: Corviknight|atk|1
|-heal|p2a: Sinistcha|96/100
|move|p1a: Corviknight|Brave Bird|p2a: Sinistcha
|-damage|p2a: Sinistcha|79/100
|-damage|p1a: Corviknight|82/100|[from] Recoil
|
|-weather|none
|upkeep
|turn|15
|
|t:|1743892238
|move|p2a: Sinistcha|Calm Mind|p2a: Sinistcha
|-boost|p2a: Sinistcha|spa|1
|-boost|p2a: Sinistcha|spd|1
|move|p1a: Corviknight|U-turn|p2a: Sinistcha
|-resisted|p2a: Sinistcha
|-damage|p2a: Sinistcha|76/100
|
|t:|1743892241
|switch|p1a: Slowking|Slowking-Galar, F|100/100|[from] U-turn
|
|upkeep
|turn|16
|
|t:|1743892248
|move|p2a: Sinistcha|Shadow Ball|p1a: Slowking
|-supereffective|p1a: Slowking
|-damage|p1a: Slowking|41/100
|move|p1a: Slowking|Psychic Noise|p2a: Sinistcha
|-supereffective|p2a: Sinistcha
|-damage|p2a: Sinistcha|29/100
|-start|p2a: Sinistcha|move: Heal Block
|
|upkeep
|turn|17
|
|t:|1743892263
|switch|p1a: Kingambit|Kingambit, M|100/100
|-activate|p1a: Kingambit|ability: Supreme Overlord
|-start|p1a: Kingambit|fallen2|[silent]
|move|p2a: Sinistcha|Shadow Ball|p1a: Kingambit
|-resisted|p1a: Kingambit
|-damage|p1a: Kingambit|75/100
|
|-end|p2a: Sinistcha|move: Heal Block
|upkeep
|turn|18
|
|t:|1743892280
|move|p1a: Kingambit|Kowtow Cleave|p2a: Sinistcha
|-damage|p2a: Sinistcha|0 fnt
|faint|p2a: Sinistcha
|
|upkeep
|
|t:|1743892285
|switch|p2a: Arcanine|Arcanine-Hisui, F|100/100
|turn|19
|
|t:|1743892303
|-end|p1a: Kingambit|fallen2|[silent]
|switch|p1a: Slowking|Slowking-Galar, F|74/100
|move|p2a: Arcanine|Flare Blitz|p1a: Slowking
|-damage|p1a: Slowking|0 fnt
|faint|p1a: Slowking
|
|upkeep
|
|t:|1743892307
|switch|p1a: Darkrai|Darkrai|100/100
|turn|20
|
|t:|1743892320
|switch|p2a: Iron Treads|Iron Treads|100/100
|move|p1a: Darkrai|Dark Pulse|p2a: Iron Treads
|-damage|p2a: Iron Treads|62/100
|
|-heal|p2a: Iron Treads|68/100|[from] item: Leftovers
|upkeep
|turn|21
|
|t:|1743892336
|-end|p2a: Iron Treads|Quark Drive|[silent]
|switch|p2a: Toxapex|Toxapex, F, shiny|100/100
|move|p1a: Darkrai|Dark Pulse|p2a: Toxapex
|-damage|p2a: Toxapex|75/100
|
|upkeep
|turn|22
|
|t:|1743892342
|switch|p1a: Corviknight|Corviknight, M|82/100
|-ability|p1a: Corviknight|Pressure
|move|p2a: Toxapex|Infestation|p1a: Corviknight
|-resisted|p1a: Corviknight
|-damage|p1a: Corviknight|81/100
|-activate|p1a: Corviknight|move: Infestation|[of] p2a: Toxapex
|-damage|p2a: Toxapex|58/100|[from] item: Rocky Helmet|[of] p1a: Corviknight
|
|-damage|p1a: Corviknight|69/100|[from] move: Infestation|[partiallytrapped]
|upkeep
|turn|23
|
|t:|1743892352
|move|p1a: Corviknight|U-turn|p2a: Toxapex
|-resisted|p2a: Toxapex
|-damage|p2a: Toxapex|53/100
|
|t:|1743892359
|switch|p1a: Kingambit|Kingambit, M|75/100|[from] U-turn
|-activate|p1a: Kingambit|ability: Supreme Overlord
|-start|p1a: Kingambit|fallen3|[silent]
|move|p2a: Toxapex|Infestation|p1a: Kingambit
|-damage|p1a: Kingambit|72/100
|-activate|p1a: Kingambit|move: Infestation|[of] p2a: Toxapex
|
|-damage|p1a: Kingambit|59/100|[from] move: Infestation|[partiallytrapped]
|upkeep
|turn|24
|
|t:|1743892387
|move|p1a: Kingambit|Kowtow Cleave|p2a: Toxapex
|-damage|p2a: Toxapex|0 fnt
|faint|p2a: Toxapex
|
|-end|p1a: Kingambit|Infestation|[partiallytrapped]|[silent]
|upkeep
|
|t:|1743892392
|switch|p2a: Arcanine|Arcanine-Hisui, F|100/100
|turn|25
|
|t:|1743892407
|-end|p1a: Kingambit|fallen3|[silent]
|switch|p1a: Corviknight|Corviknight, M|69/100
|-ability|p1a: Corviknight|Pressure
|move|p2a: Arcanine|Flare Blitz|p1a: Corviknight
|-supereffective|p1a: Corviknight
|-damage|p1a: Corviknight|0 fnt
|-damage|p2a: Arcanine|84/100|[from] item: Rocky Helmet|[of] p1a: Corviknight
|faint|p1a: Corviknight
|
|upkeep
|
|t:|1743892430
|switch|p1a: Darkrai|Darkrai|100/100
|turn|26
|
|t:|1743892435
|move|p1a: Darkrai|Dark Pulse|p2a: Arcanine
|-damage|p2a: Arcanine|28/100
|move|p2a: Arcanine|Flare Blitz|p1a: Darkrai
|-damage|p1a: Darkrai|0 fnt
|faint|p1a: Darkrai
|
|upkeep
|
|t:|1743892437
|switch|p1a: Kingambit|Kingambit, M|59/100
|-activate|p1a: Kingambit|ability: Supreme Overlord
|-start|p1a: Kingambit|fallen5|[silent]
|turn|27
|
|t:|1743892445
|move|p1a: Kingambit|Sucker Punch|p2a: Arcanine
|-damage|p2a: Arcanine|0 fnt
|faint|p2a: Arcanine
|
|upkeep
|
|t:|1743892450
|switch|p2a: Iron Treads|Iron Treads|68/100
|turn|28
|
|t:|1743892458
|-terastallize|p1a: Kingambit|Ghost
|move|p2a: Iron Treads|Earthquake|p1a: Kingambit
|-damage|p1a: Kingambit|24/100
|move|p1a: Kingambit|Swords Dance|p1a: Kingambit
|-boost|p1a: Kingambit|atk|2
|
|-heal|p2a: Iron Treads|74/100|[from] item: Leftovers
|upkeep
|turn|29
|
|t:|1743892479
|move|p1a: Kingambit|Sucker Punch||[still]
|-fail|p1a: Kingambit
|move|p2a: Iron Treads|Stealth Rock|p1a: Kingambit
|-sidestart|p1: stone douchebag|move: Stealth Rock
|
|-heal|p2a: Iron Treads|80/100|[from] item: Leftovers
|upkeep
|turn|30
|
|t:|1743892491
|-end|p2a: Iron Treads|Quark Drive|[silent]
|switch|p2a: Latios|Latios, M, shiny|100/100
|move|p1a: Kingambit|Sucker Punch||[still]
|-fail|p1a: Kingambit
|
|upkeep
|turn|31
|
|t:|1743892499
|move|p1a: Kingambit|Sucker Punch||[still]
|-fail|p1a: Kingambit
|move|p2a: Latios|Recover||[still]
|-fail|p2a: Latios|heal
|
|upkeep
|turn|32
|
|t:|1743892507
|move|p1a: Kingambit|Sucker Punch||[still]
|-fail|p1a: Kingambit
|move|p2a: Latios|Recover||[still]
|-fail|p2a: Latios|heal
|
|upkeep
|turn|33
|
|t:|1743892515
|move|p2a: Latios|Psychic Noise|p1a: Kingambit
|-damage|p1a: Kingambit|0 fnt
|faint|p1a: Kingambit
|-end|p1a: Kingambit|fallen5|[silent]
|
|win|Coldwiii
|raw|stone douchebag's rating: 1505 &rarr; <strong>1485</strong><br />(-20 for losing)
|raw|Coldwiii's rating: 1503 &rarr; <strong>1523</strong><br />(+20 for winning)
|c|☆stone douchebag|gg
|c|☆Coldwiii|gg
