|j|☆not your N
|j|☆jibreel69
|t:|1743822035
|gametype|singles
|player|p1|not your N|n|1110
|player|p2|jibreel69|clair|1155
|teamsize|p1|6
|teamsize|p2|6
|gen|9
|tier|[Gen 9] OU
|rated|
|rule|HP Percentage Mod: HP is shown in percentages
|rule|Endless Battle Clause: Forcing endless battles is banned
|rule|Species Clause: Limit one of each Pokémon
|rule|OHKO Clause: OHKO moves are banned
|rule|Evasion Items Clause: Evasion items are banned
|rule|Evasion Moves Clause: Evasion moves are banned
|rule|Sleep Moves Clause: Sleep-inducing moves are banned
|clearpoke
|poke|p1|Tinkaton, F|
|poke|p1|Great Tusk|
|poke|p1|Darkrai|
|poke|p1|Zapdos|
|poke|p1|Samurott-Hisui, F|
|poke|p1|Pecharunt|
|poke|p2|Tinkaton, F|
|poke|p2|Thundurus-Therian, M|
|poke|p2|Cinderace, M|
|poke|p2|Corviknight, M|
|poke|p2|Alomomola, M|
|poke|p2|Latios, M|
|teampreview
|
|t:|1743822058
|start
|switch|p1a: Pecharunt|Pecharunt|100/100
|switch|p2a: Corviknight|Corviknight, M|100/100
|-item|p1a: Pecharunt|Air Balloon
|-ability|p2a: Corviknight|Pressure
|turn|1
|
|t:|1743822067
|switch|p1a: Zapdos|Zapdos|100/100
|move|p2a: Corviknight|Brave Bird|p1a: Zapdos
|-resisted|p1a: Zapdos
|-damage|p1a: Zapdos|87/100
|-damage|p2a: Corviknight|96/100|[from] Recoil
|
|upkeep
|turn|2
|
|t:|1743822074
|switch|p2a: Thundurus|Thundurus-Therian, M, shiny|100/100
|move|p1a: Zapdos|Discharge|p2a: Thundurus
|-immune|p2a: Thundurus|[from] ability: Volt Absorb
|
|upkeep
|turn|3
|
|t:|1743822091
|switch|p1a: Darkrai|Darkrai|100/100
|move|p2a: Thundurus|Psychic|p1a: Darkrai
|-immune|p1a: Darkrai
|
|upkeep
|turn|4
|
|t:|1743822097
|switch|p2a: Tinkaton|Tinkaton, F|100/100
|-ability|p2a: Tinkaton|Mold Breaker
|move|p1a: Darkrai|Ice Beam|p2a: Tinkaton
|-resisted|p2a: Tinkaton
|-damage|p2a: Tinkaton|84/100
|
|upkeep
|turn|5
|
|t:|1743822106
|switch|p1a: Zapdos|Zapdos|87/100
|move|p2a: Tinkaton|Stealth Rock|p1a: Zapdos
|-sidestart|p1: not your N|move: Stealth Rock
|
|upkeep
|turn|6
|
|t:|1743822112
|move|p2a: Tinkaton|Knock Off|p1a: Zapdos
|-damage|p1a: Zapdos|70/100
|-enditem|p1a: Zapdos|Heavy-Duty Boots|[from] move: Knock Off|[of] p2a: Tinkaton
|move|p1a: Zapdos|Hurricane|p2a: Tinkaton
|-resisted|p2a: Tinkaton
|-damage|p2a: Tinkaton|60/100
|
|upkeep
|turn|7
|
|t:|1743822122
|switch|p2a: Thundurus|Thundurus-Therian, M, shiny|100/100
|move|p1a: Zapdos|Volt Switch|p2a: Thundurus
|-immune|p2a: Thundurus|[from] ability: Volt Absorb
|
|upkeep
|turn|8
|
|t:|1743822133
|switch|p1a: Darkrai|Darkrai|100/100
|-damage|p1a: Darkrai|88/100|[from] Stealth Rock
|move|p2a: Thundurus|Volt Switch|p1a: Darkrai
|-damage|p1a: Darkrai|8/100
|
|t:|1743822156
|switch|p2a: Tinkaton|Tinkaton, F|60/100|[from] Volt Switch
|-ability|p2a: Tinkaton|Mold Breaker
|
|-heal|p1a: Darkrai|14/100|[from] item: Leftovers
|upkeep
|turn|9
|
|t:|1743822176
|switch|p1a: Zapdos|Zapdos|70/100
|-damage|p1a: Zapdos|45/100|[from] Stealth Rock
|move|p2a: Tinkaton|Gigaton Hammer|p1a: Zapdos
|-resisted|p1a: Zapdos
|-damage|p1a: Zapdos|22/100
|
|upkeep
|turn|10
|
|t:|1743822185
|switch|p2a: Thundurus|Thundurus-Therian, M, shiny|100/100
|move|p1a: Zapdos|Roost|p1a: Zapdos
|-heal|p1a: Zapdos|72/100
|-singleturn|p1a: Zapdos|move: Roost
|
|upkeep
|turn|11
|
|t:|1743822193
|move|p2a: Thundurus|Volt Switch|p1a: Zapdos
|-crit|p1a: Zapdos
|-damage|p1a: Zapdos|0 fnt
|faint|p1a: Zapdos
|
|t:|1743822200
|switch|p2a: Alomomola|Alomomola, M, shiny|100/100|[from] Volt Switch
|
|upkeep
|-message|not your N forfeited.
|
|win|jibreel69
|raw|not your N's rating: 1110 &rarr; <strong>1088</strong><br />(-22 for losing)
|raw|jibreel69's rating: 1155 &rarr; <strong>1177</strong><br />(+22 for winning)
|l|☆not your N
|player|p1|
