|j|☆GrunkleConn
|j|☆parkiay
|t:|1743853564
|gametype|singles
|player|p1|GrunkleConn|wallace|1482
|player|p2|parkiay|colress|1498
|teamsize|p1|6
|teamsize|p2|6
|gen|9
|tier|[Gen 9] OU
|rated|
|rule|HP Percentage Mod: HP is shown in percentages
|rule|Endless Battle Clause: Forcing endless battles is banned
|rule|Species Clause: Limit one of each Pokémon
|rule|OHKO Clause: OHKO moves are banned
|rule|Evasion Items Clause: Evasion items are banned
|rule|Evasion Moves Clause: Evasion moves are banned
|rule|Sleep Moves Clause: Sleep-inducing moves are banned
|clearpoke
|poke|p1|Ting-Lu|
|poke|p1|Gliscor, M|
|poke|p1|Sinistcha|
|poke|p1|Keldeo|
|poke|p1|Tinkaton, F|
|poke|p1|Dragonite, F|
|poke|p2|Ogerpon-Cornerstone, F|
|poke|p2|Iron Moth|
|poke|p2|Rotom-Wash|
|poke|p2|Iron Valiant|
|poke|p2|Raging Bolt|
|poke|p2|Great Tusk|
|teampreview
|inactive|Battle timer is ON: inactive players will automatically lose when time's up. (requested by parkiay)
|c|☆parkiay|gl
|c|☆parkiay|hfg
|c|☆parkiay|hf*
|
|t:|1743853573
|start
|switch|p1a: Tinkki Minaj|Tinkaton, F|100/100
|switch|p2a: Ogerpon|Ogerpon-Cornerstone, F|100/100
|-ability|p1a: Tinkki Minaj|Mold Breaker
|-item|p1a: Tinkki Minaj|Air Balloon
|turn|1
|
|t:|1743853579
|move|p2a: Ogerpon|Swords Dance|p2a: Ogerpon
|-boost|p2a: Ogerpon|atk|2
|move|p1a: Tinkki Minaj|Thunder Wave|p2a: Ogerpon
|-status|p2a: Ogerpon|par
|
|upkeep
|turn|2
|
|t:|1743853584
|move|p2a: Ogerpon|Spiky Shield|p2a: Ogerpon
|-singleturn|p2a: Ogerpon|move: Protect
|move|p1a: Tinkki Minaj|Encore|p2a: Ogerpon
|-activate|p2a: Ogerpon|move: Protect
|
|upkeep
|turn|3
|c|☆GrunkleConn|Glhf
|
|t:|1743853596
|switch|p2a: Rotom|Rotom-Wash, shiny|100/100
|move|p1a: Tinkki Minaj|Encore||[still]
|-fail|p1a: Tinkki Minaj
|
|upkeep
|turn|4
|
|t:|1743853603
|switch|p1a: Tchavis Scott|Sinistcha|100/100
|move|p2a: Rotom|Discharge|p1a: Tchavis Scott
|-resisted|p1a: Tchavis Scott
|-damage|p1a: Tchavis Scott|82/100
|
|upkeep
|turn|5
|
|t:|1743853610
|move|p2a: Rotom|Discharge|p1a: Tchavis Scott
|-resisted|p1a: Tchavis Scott
|-damage|p1a: Tchavis Scott|62/100
|move|p1a: Tchavis Scott|Calm Mind|p1a: Tchavis Scott
|-boost|p1a: Tchavis Scott|spa|1
|-boost|p1a: Tchavis Scott|spd|1
|
|upkeep
|turn|6
|
|t:|1743853614
|move|p2a: Rotom|Discharge|p1a: Tchavis Scott
|-resisted|p1a: Tchavis Scott
|-damage|p1a: Tchavis Scott|49/100
|-status|p1a: Tchavis Scott|par
|move|p1a: Tchavis Scott|Matcha Gotcha|p2a: Rotom
|-supereffective|p2a: Rotom
|-damage|p2a: Rotom|11/100
|-heal|p1a: Tchavis Scott|86/100 par|[from] drain|[of] p2a: Rotom
|
|-heal|p2a: Rotom|17/100|[from] item: Leftovers
|upkeep
|turn|7
|
|t:|1743853623
|move|p2a: Rotom|Pain Split|p1a: Tchavis Scott
|-sethp|p1a: Tchavis Scott|50/100 par|[from] move: Pain Split|[silent]
|-sethp|p2a: Rotom|60/100|[from] move: Pain Split
|cant|p1a: Tchavis Scott|par
|
|-heal|p2a: Rotom|66/100|[from] item: Leftovers
|upkeep
|turn|8
|
|t:|1743853630
|move|p2a: Rotom|Hydro Pump|p1a: Tchavis Scott
|-resisted|p1a: Tchavis Scott
|-damage|p1a: Tchavis Scott|34/100 par
|cant|p1a: Tchavis Scott|par
|
|-heal|p2a: Rotom|72/100|[from] item: Leftovers
|upkeep
|turn|9
|
|t:|1743853636
|move|p2a: Rotom|Hydro Pump|p1a: Tchavis Scott|[miss]
|-miss|p2a: Rotom|p1a: Tchavis Scott
|move|p1a: Tchavis Scott|Strength Sap|p2a: Rotom
|-unboost|p2a: Rotom|atk|1
|-heal|p1a: Tchavis Scott|69/100 par
|
|-heal|p2a: Rotom|78/100|[from] item: Leftovers
|upkeep
|turn|10
|
|t:|1743853641
|move|p2a: Rotom|Hydro Pump|p1a: Tchavis Scott
|-resisted|p1a: Tchavis Scott
|-damage|p1a: Tchavis Scott|51/100 par
|move|p1a: Tchavis Scott|Matcha Gotcha|p2a: Rotom
|-supereffective|p2a: Rotom
|-damage|p2a: Rotom|0 fnt
|-heal|p1a: Tchavis Scott|84/100 par|[from] drain|[of] p2a: Rotom
|faint|p2a: Rotom
|
|upkeep
|
|t:|1743853652
|switch|p2a: Raging Bolt|Raging Bolt|100/100
|-enditem|p2a: Raging Bolt|Booster Energy
|-activate|p2a: Raging Bolt|ability: Protosynthesis|[fromitem]
|-start|p2a: Raging Bolt|protosynthesisspa
|turn|11
|
|t:|1743853656
|switch|p1a: Cuphead|Ting-Lu|100/100
|-ability|p1a: Cuphead|Vessel of Ruin
|move|p2a: Raging Bolt|Calm Mind|p2a: Raging Bolt
|-boost|p2a: Raging Bolt|spa|1
|-boost|p2a: Raging Bolt|spd|1
|
|upkeep
|turn|12
|
|t:|1743853662
|move|p2a: Raging Bolt|Dragon Pulse|p1a: Cuphead
|-damage|p1a: Cuphead|61/100
|move|p1a: Cuphead|Whirlwind|p2a: Raging Bolt
|-end|p2a: Raging Bolt|Protosynthesis|[silent]
|drag|p2a: Great Tusk|Great Tusk|100/100
|-enditem|p2a: Great Tusk|Booster Energy
|-activate|p2a: Great Tusk|ability: Protosynthesis|[fromitem]
|-start|p2a: Great Tusk|protosynthesisspe
|
|-heal|p1a: Cuphead|67/100|[from] item: Leftovers
|upkeep
|turn|13
|
|t:|1743853669
|switch|p1a: Tchavis Scott|Sinistcha|84/100 par
|move|p2a: Great Tusk|Ice Spinner|p1a: Tchavis Scott
|-supereffective|p1a: Tchavis Scott
|-crit|p1a: Tchavis Scott
|-damage|p1a: Tchavis Scott|36/100 par
|
|upkeep
|turn|14
|
|t:|1743853676
|-terastallize|p2a: Great Tusk|Steel
|move|p2a: Great Tusk|Bulk Up|p2a: Great Tusk
|-boost|p2a: Great Tusk|atk|1
|-boost|p2a: Great Tusk|def|1
|move|p1a: Tchavis Scott|Strength Sap|p2a: Great Tusk
|-unboost|p2a: Great Tusk|atk|1
|-heal|p1a: Tchavis Scott|100/100 par
|
|upkeep
|turn|15
|
|t:|1743853681
|move|p2a: Great Tusk|Bulk Up|p2a: Great Tusk
|-boost|p2a: Great Tusk|atk|1
|-boost|p2a: Great Tusk|def|1
|move|p1a: Tchavis Scott|Strength Sap|p2a: Great Tusk
|-unboost|p2a: Great Tusk|atk|1
|
|upkeep
|turn|16
|
|t:|1743853685
|move|p2a: Great Tusk|Bulk Up|p2a: Great Tusk
|-boost|p2a: Great Tusk|atk|1
|-boost|p2a: Great Tusk|def|1
|move|p1a: Tchavis Scott|Calm Mind|p1a: Tchavis Scott
|-boost|p1a: Tchavis Scott|spa|1
|-boost|p1a: Tchavis Scott|spd|1
|
|upkeep
|turn|17
|
|t:|1743853689
|move|p2a: Great Tusk|Bulk Up|p2a: Great Tusk
|-boost|p2a: Great Tusk|atk|1
|-boost|p2a: Great Tusk|def|1
|move|p1a: Tchavis Scott|Strength Sap|p2a: Great Tusk
|-unboost|p2a: Great Tusk|atk|1
|
|upkeep
|turn|18
|
|t:|1743853693
|move|p2a: Great Tusk|Bulk Up|p2a: Great Tusk
|-boost|p2a: Great Tusk|atk|1
|-boost|p2a: Great Tusk|def|1
|cant|p1a: Tchavis Scott|par
|
|upkeep
|turn|19
|
|t:|1743853698
|move|p2a: Great Tusk|Ice Spinner|p1a: Tchavis Scott
|-supereffective|p1a: Tchavis Scott
|-damage|p1a: Tchavis Scott|38/100 par
|move|p1a: Tchavis Scott|Shadow Ball|p2a: Great Tusk
|-damage|p2a: Great Tusk|32/100
|-unboost|p2a: Great Tusk|spd|1
|
|upkeep
|turn|20
|
|t:|1743853703
|move|p2a: Great Tusk|Ice Spinner|p1a: Tchavis Scott
|-supereffective|p1a: Tchavis Scott
|-damage|p1a: Tchavis Scott|0 fnt
|faint|p1a: Tchavis Scott
|
|upkeep
|
|t:|1743853704
|switch|p1a: My Little Pwny|Keldeo|100/100
|turn|21
|
|t:|1743853710
|move|p1a: My Little Pwny|Vacuum Wave|p2a: Great Tusk
|-supereffective|p2a: Great Tusk
|-damage|p2a: Great Tusk|0 fnt
|faint|p2a: Great Tusk
|-end|p2a: Great Tusk|Protosynthesis|[silent]
|
|upkeep
|
|t:|1743853713
|switch|p2a: Ogerpon|Ogerpon-Cornerstone, F|100/100 par
|turn|22
|
|t:|1743853722
|move|p1a: My Little Pwny|Flip Turn|p2a: Ogerpon
|-damage|p2a: Ogerpon|82/100 par
|
|t:|1743853724
|switch|p1a: Tinkki Minaj|Tinkaton, F|100/100|[from] Flip Turn
|-ability|p1a: Tinkki Minaj|Mold Breaker
|-item|p1a: Tinkki Minaj|Air Balloon
|move|p2a: Ogerpon|Horn Leech|p1a: Tinkki Minaj
|-resisted|p1a: Tinkki Minaj
|-damage|p1a: Tinkki Minaj|78/100
|-heal|p2a: Ogerpon|97/100 par|[from] drain|[of] p1a: Tinkki Minaj
|-enditem|p1a: Tinkki Minaj|Air Balloon
|
|upkeep
|turn|23
|
|t:|1743853735
|switch|p2a: Iron Moth|Iron Moth|100/100
|-enditem|p2a: Iron Moth|Booster Energy
|-activate|p2a: Iron Moth|ability: Quark Drive|[fromitem]
|-start|p2a: Iron Moth|quarkdrivespe
|move|p1a: Tinkki Minaj|Stealth Rock|p2a: Iron Moth
|-sidestart|p2: parkiay|move: Stealth Rock
|
|upkeep
|turn|24
|
|t:|1743853745
|switch|p1a: Cuphead|Ting-Lu|67/100
|-ability|p1a: Cuphead|Vessel of Ruin
|move|p2a: Iron Moth|Fiery Dance|p1a: Cuphead
|-damage|p1a: Cuphead|51/100
|
|-heal|p1a: Cuphead|57/100|[from] item: Leftovers
|upkeep
|turn|25
|
|t:|1743853753
|move|p2a: Iron Moth|Energy Ball|p1a: Cuphead
|-supereffective|p1a: Cuphead
|-damage|p1a: Cuphead|31/100
|move|p1a: Cuphead|Earthquake|p2a: Iron Moth
|-supereffective|p2a: Iron Moth
|-damage|p2a: Iron Moth|0 fnt
|faint|p2a: Iron Moth
|-end|p2a: Iron Moth|Quark Drive|[silent]
|
|-heal|p1a: Cuphead|37/100|[from] item: Leftovers
|upkeep
|
|t:|1743853759
|switch|p2a: Iron Valiant|Iron Valiant|100/100
|-damage|p2a: Iron Valiant|94/100|[from] Stealth Rock
|-enditem|p2a: Iron Valiant|Booster Energy
|-activate|p2a: Iron Valiant|ability: Quark Drive|[fromitem]
|-start|p2a: Iron Valiant|quarkdrivespe
|turn|26
|
|t:|1743853765
|switch|p1a: Tinkki Minaj|Tinkaton, F|78/100
|-ability|p1a: Tinkki Minaj|Mold Breaker
|move|p2a: Iron Valiant|Calm Mind|p2a: Iron Valiant
|-boost|p2a: Iron Valiant|spa|1
|-boost|p2a: Iron Valiant|spd|1
|
|upkeep
|turn|27
|
|t:|1743853771
|move|p2a: Iron Valiant|Thunderbolt|p1a: Tinkki Minaj
|-damage|p1a: Tinkki Minaj|36/100
|move|p1a: Tinkki Minaj|Gigaton Hammer|p2a: Iron Valiant
|-supereffective|p2a: Iron Valiant
|-damage|p2a: Iron Valiant|0 fnt
|faint|p2a: Iron Valiant
|-end|p2a: Iron Valiant|Quark Drive|[silent]
|
|upkeep
|
|t:|1743853775
|switch|p2a: Raging Bolt|Raging Bolt|100/100
|-damage|p2a: Raging Bolt|88/100|[from] Stealth Rock
|turn|28
|
|t:|1743853786
|switch|p1a: Cuphead|Ting-Lu|37/100
|-ability|p1a: Cuphead|Vessel of Ruin
|move|p2a: Raging Bolt|Calm Mind|p2a: Raging Bolt
|-boost|p2a: Raging Bolt|spa|1
|-boost|p2a: Raging Bolt|spd|1
|
|-heal|p1a: Cuphead|43/100|[from] item: Leftovers
|upkeep
|turn|29
|
|t:|1743853788
|move|p2a: Raging Bolt|Dragon Pulse|p1a: Cuphead
|-damage|p1a: Cuphead|9/100
|move|p1a: Cuphead|Whirlwind|p2a: Raging Bolt
|-end|p2a: Raging Bolt|Protosynthesis|[silent]
|drag|p2a: Ogerpon|Ogerpon-Cornerstone, F|97/100 par
|-damage|p2a: Ogerpon|84/100 par|[from] Stealth Rock
|
|-heal|p1a: Cuphead|15/100|[from] item: Leftovers
|upkeep
|turn|30
|-message|parkiay forfeited.
|
|win|GrunkleConn
|raw|GrunkleConn's rating: 1482 &rarr; <strong>1503</strong><br />(+21 for winning)
|raw|parkiay's rating: 1498 &rarr; <strong>1477</strong><br />(-21 for losing)
|l|☆parkiay
|player|p2|
