|j|☆DragonNutz00
|j|☆TunaMinh
|t:|1743825943
|gametype|singles
|player|p1|DragonNutz00|barry|1220
|player|p2|TunaMinh|veteran|1218
|teamsize|p1|6
|teamsize|p2|6
|gen|9
|tier|[Gen 9] OU
|rated|
|rule|HP Percentage Mod: HP is shown in percentages
|rule|Endless Battle Clause: Forcing endless battles is banned
|rule|Species Clause: Limit one of each Pokémon
|rule|OHKO Clause: OHKO moves are banned
|rule|Evasion Items Clause: Evasion items are banned
|rule|Evasion Moves Clause: Evasion moves are banned
|rule|Sleep Moves Clause: Sleep-inducing moves are banned
|clearpoke
|poke|p1|Glimmora, F|
|poke|p1|Toxtricity-Low-Key, F|
|poke|p1|Garchomp, F|
|poke|p1|Rotom-Wash|
|poke|p1|Iron Valiant|
|poke|p1|Tornadus-Therian, M|
|poke|p2|Weavile, F|
|poke|p2|Great Tusk|
|poke|p2|Alomomola, M|
|poke|p2|Zapdos|
|poke|p2|Dragapult, F|
|poke|p2|Ditto|
|teampreview
|
|t:|1743825949
|start
|switch|p1a: Glimmora|Glimmora, F|100/100
|switch|p2a: Dragapult|Dragapult, F|100/100
|-item|p1a: Glimmora|Air Balloon
|turn|1
|inactive|Battle timer is ON: inactive players will automatically lose when time's up. (requested by DragonNutz00)
|
|t:|1743825960
|move|p2a: Dragapult|Draco Meteor|p1a: Glimmora
|-damage|p1a: Glimmora|0 fnt
|-unboost|p2a: Dragapult|spa|2
|-enditem|p1a: Glimmora|Air Balloon
|faint|p1a: Glimmora
|
|upkeep
|
|t:|1743825971
|switch|p1a: Iron Valiant|Iron Valiant|100/100
|-enditem|p1a: Iron Valiant|Booster Energy
|-activate|p1a: Iron Valiant|ability: Quark Drive|[fromitem]
|-start|p1a: Iron Valiant|quarkdrivespe
|turn|2
|
|t:|1743825976
|switch|p2a: Alomomola|Alomomola, M|100/100
|move|p1a: Iron Valiant|Calm Mind|p1a: Iron Valiant
|-boost|p1a: Iron Valiant|spa|1
|-boost|p1a: Iron Valiant|spd|1
|
|upkeep
|turn|3
|
|t:|1743825985
|move|p1a: Iron Valiant|Moonblast|p2a: Alomomola
|-damage|p2a: Alomomola|68/100
|move|p2a: Alomomola|Mirror Coat|p1a: Iron Valiant
|-damage|p1a: Iron Valiant|0 fnt
|faint|p1a: Iron Valiant
|-end|p1a: Iron Valiant|Quark Drive|[silent]
|
|upkeep
|
|t:|1743825995
|switch|p1a: Rotom|Rotom-Wash|100/100
|turn|4
|
|t:|1743826000
|move|p1a: Rotom|Will-O-Wisp|p2a: Alomomola|[miss]
|-miss|p1a: Rotom|p2a: Alomomola
|move|p2a: Alomomola|Flip Turn|p1a: Rotom
|-resisted|p1a: Rotom
|-damage|p1a: Rotom|92/100
|
|t:|1743826006
|switch|p2a: Zapdos|Zapdos|100/100|[from] Flip Turn
|
|-heal|p1a: Rotom|98/100|[from] item: Leftovers
|upkeep
|turn|5
|
|t:|1743826013
|move|p2a: Zapdos|Volt Switch|p1a: Rotom
|-damage|p1a: Rotom|68/100
|
|t:|1743826020
|switch|p2a: Alomomola|Alomomola, M|100/100|[from] Volt Switch
|move|p1a: Rotom|Volt Switch|p2a: Alomomola
|-supereffective|p2a: Alomomola
|-crit|p2a: Alomomola
|-damage|p2a: Alomomola|51/100
|
|t:|1743826027
|switch|p1a: Toxtricity|Toxtricity-Low-Key, F|100/100|[from] Volt Switch
|
|upkeep
|turn|6
|
|t:|1743826049
|-terastallize|p1a: Toxtricity|Normal
|move|p1a: Toxtricity|Boomburst|p2a: Alomomola
|-damage|p2a: Alomomola|8/100
|-enditem|p1a: Toxtricity|Throat Spray
|-boost|p1a: Toxtricity|spa|1|[from] item: Throat Spray
|move|p2a: Alomomola|Mirror Coat|p1a: Toxtricity
|-damage|p1a: Toxtricity|0 fnt
|faint|p1a: Toxtricity
|
|upkeep
|-message|DragonNutz00 forfeited.
|
|win|TunaMinh
|raw|DragonNutz00's rating: 1220 &rarr; <strong>1195</strong><br />(-25 for losing)
|raw|TunaMinh's rating: 1218 &rarr; <strong>1243</strong><br />(+25 for winning)
|l|☆DragonNutz00
|player|p1|
|l|☆TunaMinh
|player|p2|
