|j|☆Devrai
|j|☆bigz42069
|t:|1743819473
|gametype|singles
|player|p1|Devrai|zinnia|1374
|player|p2|bigz42069|blackbelt-gen4dp|1439
|teamsize|p1|6
|teamsize|p2|6
|gen|9
|tier|[Gen 9] OU
|rated|
|rule|HP Percentage Mod: HP is shown in percentages
|rule|Endless Battle Clause: Forcing endless battles is banned
|rule|Species Clause: Limit one of each Pokémon
|rule|OHKO Clause: OHKO moves are banned
|rule|Evasion Items Clause: Evasion items are banned
|rule|Evasion Moves Clause: Evasion moves are banned
|rule|Sleep Moves Clause: Sleep-inducing moves are banned
|clearpoke
|poke|p1|Gardevoir, F|
|poke|p1|Iron Treads|
|poke|p1|Araquanid, M|
|poke|p1|Skeledirge, F|
|poke|p1|Serperior, F|
|poke|p1|Raichu, F|
|poke|p2|Tyranitar, M|
|poke|p2|Excadrill, M|
|poke|p2|Rotom-Wash|
|poke|p2|Garganacl, F|
|poke|p2|Dragapult, F|
|poke|p2|Darkrai|
|teampreview
|inactive|Battle timer is ON: inactive players will automatically lose when time's up. (requested by Devrai)
|
|t:|1743819484
|start
|switch|p1a: Bubble Buddy|Araquanid, M, shiny|100/100
|switch|p2a: Rotom|Rotom-Wash|100/100
|turn|1
|
|t:|1743819486
|move|p2a: Rotom|Volt Switch|p1a: Bubble Buddy
|-supereffective|p1a: Bubble Buddy
|-damage|p1a: Bubble Buddy|61/100
|
|t:|1743819491
|switch|p2a: Dragapult|Dragapult, F|100/100|[from] Volt Switch
|move|p1a: Bubble Buddy|Sticky Web|p2a: Dragapult
|-sidestart|p2: bigz42069|move: Sticky Web
|
|-heal|p1a: Bubble Buddy|67/100|[from] item: Leftovers
|upkeep
|turn|2
|
|t:|1743819501
|move|p2a: Dragapult|Dragon Darts|p1a: Bubble Buddy
|-damage|p1a: Bubble Buddy|52/100
|-anim|p2a: Dragapult|Dragon Darts|p1a: Bubble Buddy
|-damage|p1a: Bubble Buddy|37/100
|move|p1a: Bubble Buddy|Liquidation|p2a: Dragapult
|-resisted|p2a: Dragapult
|-damage|p2a: Dragapult|71/100
|
|-heal|p1a: Bubble Buddy|43/100|[from] item: Leftovers
|upkeep
|turn|3
|
|t:|1743819510
|switch|p1a: Astra|Gardevoir, F, shiny|100/100
|-ability|p1a: Astra|Infiltrator|[from] ability: Trace|[of] p2a: Dragapult
|move|p2a: Dragapult|Will-O-Wisp|p1a: Astra
|-status|p1a: Astra|brn
|
|-damage|p1a: Astra|94/100 brn|[from] brn
|upkeep
|turn|4
|
|t:|1743819518
|move|p2a: Dragapult|Hex|p1a: Astra
|-supereffective|p1a: Astra
|-damage|p1a: Astra|4/100 brn
|move|p1a: Astra|Draining Kiss|p2a: Dragapult
|-supereffective|p2a: Dragapult
|-damage|p2a: Dragapult|0 fnt
|-heal|p1a: Astra|54/100 brn|[from] drain|[of] p2a: Dragapult
|faint|p2a: Dragapult
|
|-heal|p1a: Astra|60/100 brn|[from] item: Leftovers
|-damage|p1a: Astra|54/100 brn|[from] brn
|upkeep
|
|t:|1743819524
|switch|p2a: Tyranitar|Tyranitar, M|100/100
|-activate|p2a: Tyranitar|move: Sticky Web
|-unboost|p2a: Tyranitar|spe|1
|-weather|Sandstorm|[from] ability: Sand Stream|[of] p2a: Tyranitar
|turn|5
|
|t:|1743819526
|move|p1a: Astra|Draining Kiss|p2a: Tyranitar
|-supereffective|p2a: Tyranitar
|-damage|p2a: Tyranitar|83/100
|-heal|p1a: Astra|70/100 brn|[from] drain|[of] p2a: Tyranitar
|move|p2a: Tyranitar|Knock Off|p1a: Astra
|-damage|p1a: Astra|22/100 brn
|-enditem|p1a: Astra|Leftovers|[from] move: Knock Off|[of] p2a: Tyranitar
|
|-weather|Sandstorm|[upkeep]
|-damage|p1a: Astra|16/100 brn|[from] Sandstorm
|-damage|p1a: Astra|10/100 brn|[from] brn
|upkeep
|turn|6
|
|t:|1743819530
|move|p1a: Astra|Draining Kiss|p2a: Tyranitar
|-supereffective|p2a: Tyranitar
|-damage|p2a: Tyranitar|66/100
|-heal|p1a: Astra|24/100 brn|[from] drain|[of] p2a: Tyranitar
|move|p2a: Tyranitar|Knock Off|p1a: Astra
|-damage|p1a: Astra|0 fnt
|faint|p1a: Astra
|
|-weather|Sandstorm|[upkeep]
|upkeep
|
|t:|1743819535
|switch|p1a: Treadmill|Iron Treads, shiny|100/100
|-enditem|p1a: Treadmill|Booster Energy
|-activate|p1a: Treadmill|ability: Quark Drive|[fromitem]
|-start|p1a: Treadmill|quarkdrivespe
|turn|7
|
|t:|1743819537
|switch|p2a: Rotom|Rotom-Wash|100/100
|move|p1a: Treadmill|Stealth Rock|p2a: Rotom
|-sidestart|p2: bigz42069|move: Stealth Rock
|
|-weather|Sandstorm|[upkeep]
|-damage|p2a: Rotom|94/100|[from] Sandstorm
|upkeep
|turn|8
|
|t:|1743819548
|move|p1a: Treadmill|Knock Off|p2a: Rotom
|-damage|p2a: Rotom|70/100
|-damage|p1a: Treadmill|84/100|[from] item: Rocky Helmet|[of] p2a: Rotom
|-enditem|p2a: Rotom|Rocky Helmet|[from] move: Knock Off|[of] p1a: Treadmill
|move|p2a: Rotom|Hydro Pump|p1a: Treadmill
|-supereffective|p1a: Treadmill
|-damage|p1a: Treadmill|0 fnt
|faint|p1a: Treadmill
|-end|p1a: Treadmill|Quark Drive|[silent]
|
|-weather|Sandstorm|[upkeep]
|-damage|p2a: Rotom|63/100|[from] Sandstorm
|upkeep
|
|t:|1743819550
|switch|p1a: Nagini|Serperior, F, shiny|100/100
|turn|9
|
|t:|1743819558
|-terastallize|p2a: Rotom|Steel
|move|p1a: Nagini|Substitute|p1a: Nagini
|-start|p1a: Nagini|Substitute
|-damage|p1a: Nagini|75/100
|move|p2a: Rotom|Pain Split||[still]
|-fail|p2a: Rotom
|
|-weather|none
|-heal|p1a: Nagini|82/100|[from] item: Leftovers
|upkeep
|turn|10
|
|t:|1743819563
|move|p1a: Nagini|Glare|p2a: Rotom
|-status|p2a: Rotom|par
|move|p2a: Rotom|Volt Switch|p1a: Nagini
|-resisted|p1a: Nagini
|-activate|p1a: Nagini|move: Substitute|[damage]
|
|t:|1743819572
|switch|p2a: Tyranitar|Tyranitar, M|66/100|[from] Volt Switch
|-activate|p2a: Tyranitar|move: Sticky Web
|-unboost|p2a: Tyranitar|spe|1
|-damage|p2a: Tyranitar|54/100|[from] Stealth Rock
|-weather|Sandstorm|[from] ability: Sand Stream|[of] p2a: Tyranitar
|
|-weather|Sandstorm|[upkeep]
|-damage|p1a: Nagini|75/100|[from] Sandstorm
|-heal|p1a: Nagini|82/100|[from] item: Leftovers
|upkeep
|turn|11
|
|t:|1743819574
|move|p1a: Nagini|Leaf Storm|p2a: Tyranitar
|-supereffective|p2a: Tyranitar
|-damage|p2a: Tyranitar|18/100
|-boost|p1a: Nagini|spa|2
|move|p2a: Tyranitar|Ice Beam|p1a: Nagini
|-supereffective|p1a: Nagini
|-end|p1a: Nagini|Substitute
|
|-weather|Sandstorm|[upkeep]
|-damage|p1a: Nagini|75/100|[from] Sandstorm
|-heal|p1a: Nagini|82/100|[from] item: Leftovers
|upkeep
|turn|12
|
|t:|1743819580
|move|p1a: Nagini|Leaf Storm|p2a: Tyranitar
|-supereffective|p2a: Tyranitar
|-damage|p2a: Tyranitar|0 fnt
|-boost|p1a: Nagini|spa|2
|faint|p2a: Tyranitar
|
|-weather|Sandstorm|[upkeep]
|-damage|p1a: Nagini|75/100|[from] Sandstorm
|-heal|p1a: Nagini|82/100|[from] item: Leftovers
|upkeep
|
|t:|1743819582
|switch|p2a: Darkrai|Darkrai|100/100
|turn|13
|
|t:|1743819589
|switch|p1a: Bubble Buddy|Araquanid, M, shiny|43/100
|move|p2a: Darkrai|Sludge Bomb|p1a: Bubble Buddy
|-damage|p1a: Bubble Buddy|18/100
|
|-weather|Sandstorm|[upkeep]
|-damage|p2a: Darkrai|94/100|[from] Sandstorm
|-damage|p1a: Bubble Buddy|12/100|[from] Sandstorm
|-heal|p1a: Bubble Buddy|18/100|[from] item: Leftovers
|upkeep
|turn|14
|
|t:|1743819594
|move|p2a: Darkrai|Sludge Bomb|p1a: Bubble Buddy
|-damage|p1a: Bubble Buddy|0 fnt
|faint|p1a: Bubble Buddy
|
|-weather|none
|upkeep
|
|t:|1743819599
|switch|p1a: Ampere|Raichu, F|100/100
|turn|15
|
|t:|1743819601
|move|p2a: Darkrai|Dark Pulse|p1a: Ampere
|-damage|p1a: Ampere|29/100
|move|p1a: Ampere|Alluring Voice|p2a: Darkrai
|-supereffective|p2a: Darkrai
|-damage|p2a: Darkrai|14/100
|-damage|p1a: Ampere|19/100|[from] item: Life Orb
|
|upkeep
|turn|16
|
|t:|1743819607
|move|p2a: Darkrai|Dark Pulse|p1a: Ampere
|-damage|p1a: Ampere|0 fnt
|faint|p1a: Ampere
|
|upkeep
|
|t:|1743819608
|switch|p1a: King Gator|Skeledirge, F, shiny|100/100
|turn|17
|
|t:|1743819615
|switch|p2a: Rotom|Rotom-Wash, tera:Steel|63/100 par
|-damage|p2a: Rotom|57/100 par|[from] Stealth Rock
|move|p1a: King Gator|Torch Song|p2a: Rotom
|-supereffective|p2a: Rotom
|-damage|p2a: Rotom|0 fnt
|-boost|p1a: King Gator|spa|1
|faint|p2a: Rotom
|
|upkeep
|
|t:|1743819625
|switch|p2a: Excadrill|Excadrill, M|100/100
|-damage|p2a: Excadrill|97/100|[from] Stealth Rock
|-item|p2a: Excadrill|Air Balloon
|turn|18
|
|t:|1743819628
|-terastallize|p1a: King Gator|Fairy
|move|p2a: Excadrill|Earthquake|p1a: King Gator
|-damage|p1a: King Gator|58/100
|move|p1a: King Gator|Torch Song|p2a: Excadrill
|-supereffective|p2a: Excadrill
|-damage|p2a: Excadrill|0 fnt
|-boost|p1a: King Gator|spa|1
|-enditem|p2a: Excadrill|Air Balloon
|faint|p2a: Excadrill
|
|-heal|p1a: King Gator|64/100|[from] item: Leftovers
|upkeep
|
|t:|1743819635
|switch|p2a: Garganacl|Garganacl, F|100/100
|-activate|p2a: Garganacl|move: Sticky Web
|-unboost|p2a: Garganacl|spe|1
|-damage|p2a: Garganacl|88/100|[from] Stealth Rock
|turn|19
|
|t:|1743819642
|move|p1a: King Gator|Torch Song|p2a: Garganacl
|-resisted|p2a: Garganacl
|-damage|p2a: Garganacl|66/100
|-boost|p1a: King Gator|spa|1
|move|p2a: Garganacl|Salt Cure|p1a: King Gator
|-crit|p1a: King Gator
|-damage|p1a: King Gator|48/100
|-start|p1a: King Gator|Salt Cure
|
|-heal|p1a: King Gator|54/100|[from] item: Leftovers
|-heal|p2a: Garganacl|72/100|[from] item: Leftovers
|-damage|p1a: King Gator|42/100|[from] Salt Cure
|upkeep
|turn|20
|
|t:|1743819645
|move|p1a: King Gator|Torch Song|p2a: Garganacl
|-resisted|p2a: Garganacl
|-damage|p2a: Garganacl|45/100
|-boost|p1a: King Gator|spa|1
|move|p2a: Garganacl|Recover|p2a: Garganacl
|-heal|p2a: Garganacl|95/100
|
|-heal|p1a: King Gator|48/100|[from] item: Leftovers
|-heal|p2a: Garganacl|100/100|[from] item: Leftovers
|-damage|p1a: King Gator|35/100|[from] Salt Cure
|upkeep
|turn|21
|
|t:|1743819657
|move|p1a: King Gator|Torch Song|p2a: Garganacl
|-resisted|p2a: Garganacl
|-damage|p2a: Garganacl|64/100
|-boost|p1a: King Gator|spa|1
|move|p2a: Garganacl|Earthquake|p1a: King Gator
|-damage|p1a: King Gator|17/100
|
|-heal|p1a: King Gator|23/100|[from] item: Leftovers
|-heal|p2a: Garganacl|70/100|[from] item: Leftovers
|-damage|p1a: King Gator|10/100|[from] Salt Cure
|upkeep
|turn|22
|
|t:|1743819663
|move|p1a: King Gator|Slack Off|p1a: King Gator
|-heal|p1a: King Gator|60/100
|move|p2a: Garganacl|Recover|p2a: Garganacl
|-heal|p2a: Garganacl|100/100
|
|-heal|p1a: King Gator|66/100|[from] item: Leftovers
|-damage|p1a: King Gator|54/100|[from] Salt Cure
|upkeep
|turn|23
|
|t:|1743819667
|move|p1a: King Gator|Torch Song|p2a: Garganacl
|-resisted|p2a: Garganacl
|-damage|p2a: Garganacl|58/100
|-boost|p1a: King Gator|spa|1
|move|p2a: Garganacl|Earthquake|p1a: King Gator
|-damage|p1a: King Gator|33/100
|
|-heal|p1a: King Gator|39/100|[from] item: Leftovers
|-heal|p2a: Garganacl|64/100|[from] item: Leftovers
|-damage|p1a: King Gator|27/100|[from] Salt Cure
|upkeep
|turn|24
|
|t:|1743819674
|move|p1a: King Gator|Torch Song|p2a: Garganacl
|-resisted|p2a: Garganacl
|-damage|p2a: Garganacl|18/100
|move|p2a: Garganacl|Recover|p2a: Garganacl
|-heal|p2a: Garganacl|68/100
|
|-heal|p1a: King Gator|33/100|[from] item: Leftovers
|-heal|p2a: Garganacl|74/100|[from] item: Leftovers
|-damage|p1a: King Gator|20/100|[from] Salt Cure
|upkeep
|turn|25
|
|t:|1743819677
|move|p1a: King Gator|Slack Off|p1a: King Gator
|-heal|p1a: King Gator|70/100
|move|p2a: Garganacl|Recover|p2a: Garganacl
|-heal|p2a: Garganacl|100/100
|
|-heal|p1a: King Gator|76/100|[from] item: Leftovers
|-damage|p1a: King Gator|64/100|[from] Salt Cure
|upkeep
|turn|26
|
|t:|1743819679
|move|p1a: King Gator|Torch Song|p2a: Garganacl
|-resisted|p2a: Garganacl
|-damage|p2a: Garganacl|57/100
|move|p2a: Garganacl|Curse|p2a: Garganacl
|-unboost|p2a: Garganacl|spe|1
|-boost|p2a: Garganacl|atk|1
|-boost|p2a: Garganacl|def|1
|
|-heal|p1a: King Gator|70/100|[from] item: Leftovers
|-heal|p2a: Garganacl|63/100|[from] item: Leftovers
|-damage|p1a: King Gator|58/100|[from] Salt Cure
|upkeep
|turn|27
|
|t:|1743819684
|move|p1a: King Gator|Torch Song|p2a: Garganacl
|-resisted|p2a: Garganacl
|-damage|p2a: Garganacl|16/100
|move|p2a: Garganacl|Recover|p2a: Garganacl
|-heal|p2a: Garganacl|66/100
|
|-heal|p1a: King Gator|64/100|[from] item: Leftovers
|-heal|p2a: Garganacl|72/100|[from] item: Leftovers
|-damage|p1a: King Gator|51/100|[from] Salt Cure
|upkeep
|turn|28
|
|t:|1743819689
|move|p1a: King Gator|Slack Off|p1a: King Gator
|-heal|p1a: King Gator|100/100
|move|p2a: Garganacl|Recover|p2a: Garganacl
|-heal|p2a: Garganacl|100/100
|
|-damage|p1a: King Gator|88/100|[from] Salt Cure
|upkeep
|turn|29
|
|t:|1743819692
|move|p1a: King Gator|Torch Song|p2a: Garganacl
|-resisted|p2a: Garganacl
|-damage|p2a: Garganacl|50/100
|move|p2a: Garganacl|Earthquake|p1a: King Gator
|-damage|p1a: King Gator|69/100
|
|-heal|p1a: King Gator|75/100|[from] item: Leftovers
|-heal|p2a: Garganacl|56/100|[from] item: Leftovers
|-damage|p1a: King Gator|62/100|[from] Salt Cure
|upkeep
|turn|30
|
|t:|1743819709
|move|p1a: King Gator|Torch Song|p2a: Garganacl
|-resisted|p2a: Garganacl
|-damage|p2a: Garganacl|8/100
|move|p2a: Garganacl|Recover|p2a: Garganacl
|-heal|p2a: Garganacl|58/100
|
|-heal|p1a: King Gator|68/100|[from] item: Leftovers
|-heal|p2a: Garganacl|65/100|[from] item: Leftovers
|-damage|p1a: King Gator|56/100|[from] Salt Cure
|upkeep
|turn|31
|
|t:|1743819716
|move|p1a: King Gator|Torch Song|p2a: Garganacl
|-resisted|p2a: Garganacl
|-damage|p2a: Garganacl|15/100
|move|p2a: Garganacl|Earthquake|p1a: King Gator
|-damage|p1a: King Gator|38/100
|
|-heal|p1a: King Gator|44/100|[from] item: Leftovers
|-heal|p2a: Garganacl|22/100|[from] item: Leftovers
|-damage|p1a: King Gator|32/100|[from] Salt Cure
|upkeep
|turn|32
|
|t:|1743819724
|move|p1a: King Gator|Slack Off|p1a: King Gator
|-heal|p1a: King Gator|82/100
|move|p2a: Garganacl|Earthquake|p1a: King Gator
|-damage|p1a: King Gator|64/100
|
|-heal|p1a: King Gator|70/100|[from] item: Leftovers
|-heal|p2a: Garganacl|28/100|[from] item: Leftovers
|-damage|p1a: King Gator|58/100|[from] Salt Cure
|upkeep
|turn|33
|
|t:|1743819735
|move|p1a: King Gator|Slack Off|p1a: King Gator
|-heal|p1a: King Gator|100/100
|move|p2a: Garganacl|Recover|p2a: Garganacl
|-heal|p2a: Garganacl|78/100
|
|-heal|p2a: Garganacl|84/100|[from] item: Leftovers
|-damage|p1a: King Gator|88/100|[from] Salt Cure
|upkeep
|turn|34
|
|t:|1743819738
|move|p1a: King Gator|Torch Song|p2a: Garganacl
|-resisted|p2a: Garganacl
|-damage|p2a: Garganacl|36/100
|move|p2a: Garganacl|Earthquake|p1a: King Gator
|-damage|p1a: King Gator|69/100
|
|-heal|p1a: King Gator|75/100|[from] item: Leftovers
|-heal|p2a: Garganacl|42/100|[from] item: Leftovers
|-damage|p1a: King Gator|63/100|[from] Salt Cure
|upkeep
|turn|35
|
|t:|1743819750
|move|p1a: King Gator|Will-O-Wisp|p2a: Garganacl
|-immune|p2a: Garganacl|[from] ability: Purifying Salt
|move|p2a: Garganacl|Earthquake|p1a: King Gator
|-damage|p1a: King Gator|44/100
|
|-heal|p1a: King Gator|50/100|[from] item: Leftovers
|-heal|p2a: Garganacl|48/100|[from] item: Leftovers
|-damage|p1a: King Gator|38/100|[from] Salt Cure
|upkeep
|turn|36
|
|t:|1743819761
|move|p1a: King Gator|Slack Off|p1a: King Gator
|-heal|p1a: King Gator|88/100
|move|p2a: Garganacl|Earthquake|p1a: King Gator
|-damage|p1a: King Gator|67/100
|
|-heal|p1a: King Gator|73/100|[from] item: Leftovers
|-heal|p2a: Garganacl|54/100|[from] item: Leftovers
|-damage|p1a: King Gator|61/100|[from] Salt Cure
|upkeep
|turn|37
|
|t:|1743819767
|move|p1a: King Gator|Will-O-Wisp|p2a: Garganacl
|-immune|p2a: Garganacl|[from] ability: Purifying Salt
|move|p2a: Garganacl|Earthquake|p1a: King Gator
|-damage|p1a: King Gator|42/100
|
|-heal|p1a: King Gator|48/100|[from] item: Leftovers
|-heal|p2a: Garganacl|60/100|[from] item: Leftovers
|-damage|p1a: King Gator|35/100|[from] Salt Cure
|upkeep
|turn|38
|
|t:|1743819772
|move|p1a: King Gator|Slack Off|p1a: King Gator
|-heal|p1a: King Gator|85/100
|move|p2a: Garganacl|Earthquake|p1a: King Gator
|-damage|p1a: King Gator|67/100
|
|-heal|p1a: King Gator|73/100|[from] item: Leftovers
|-heal|p2a: Garganacl|67/100|[from] item: Leftovers
|-damage|p1a: King Gator|61/100|[from] Salt Cure
|upkeep
|turn|39
|
|t:|1743819777
|move|p1a: King Gator|Will-O-Wisp|p2a: Garganacl
|-immune|p2a: Garganacl|[from] ability: Purifying Salt
|move|p2a: Garganacl|Earthquake|p1a: King Gator
|-damage|p1a: King Gator|42/100
|
|-heal|p1a: King Gator|48/100|[from] item: Leftovers
|-heal|p2a: Garganacl|73/100|[from] item: Leftovers
|-damage|p1a: King Gator|36/100|[from] Salt Cure
|upkeep
|turn|40
|
|t:|1743819787
|move|p1a: King Gator|Will-O-Wisp|p2a: Garganacl
|-immune|p2a: Garganacl|[from] ability: Purifying Salt
|move|p2a: Garganacl|Earthquake|p1a: King Gator
|-damage|p1a: King Gator|17/100
|
|-heal|p1a: King Gator|23/100|[from] item: Leftovers
|-heal|p2a: Garganacl|79/100|[from] item: Leftovers
|-damage|p1a: King Gator|10/100|[from] Salt Cure
|upkeep
|turn|41
|
|t:|1743819795
|move|p1a: King Gator|Slack Off|p1a: King Gator
|-heal|p1a: King Gator|60/100
|move|p2a: Garganacl|Salt Cure|p1a: King Gator
|-damage|p1a: King Gator|49/100
|
|-heal|p1a: King Gator|55/100|[from] item: Leftovers
|-heal|p2a: Garganacl|85/100|[from] item: Leftovers
|-damage|p1a: King Gator|42/100|[from] Salt Cure
|upkeep
|turn|42
|
|t:|1743819804
|move|p1a: King Gator|Will-O-Wisp|p2a: Garganacl
|-immune|p2a: Garganacl|[from] ability: Purifying Salt
|move|p2a: Garganacl|Earthquake|p1a: King Gator
|-damage|p1a: King Gator|23/100
|
|-heal|p1a: King Gator|29/100|[from] item: Leftovers
|-heal|p2a: Garganacl|91/100|[from] item: Leftovers
|-damage|p1a: King Gator|17/100|[from] Salt Cure
|upkeep
|turn|43
|
|t:|1743819806
|move|p1a: King Gator|Will-O-Wisp|p2a: Garganacl
|-immune|p2a: Garganacl|[from] ability: Purifying Salt
|move|p2a: Garganacl|Earthquake|p1a: King Gator
|-damage|p1a: King Gator|0 fnt
|faint|p1a: King Gator
|
|-heal|p2a: Garganacl|98/100|[from] item: Leftovers
|upkeep
|
|t:|1743819808
|switch|p1a: Nagini|Serperior, F, shiny|82/100
|turn|44
|
|t:|1743819818
|move|p1a: Nagini|Substitute|p1a: Nagini
|-start|p1a: Nagini|Substitute
|-damage|p1a: Nagini|57/100
|move|p2a: Garganacl|Earthquake|p1a: Nagini
|-resisted|p1a: Nagini
|-crit|p1a: Nagini
|-end|p1a: Nagini|Substitute
|
|-heal|p1a: Nagini|63/100|[from] item: Leftovers
|-heal|p2a: Garganacl|100/100|[from] item: Leftovers
|upkeep
|turn|45
|
|t:|1743819828
|move|p1a: Nagini|Substitute|p1a: Nagini
|-start|p1a: Nagini|Substitute
|-damage|p1a: Nagini|38/100
|move|p2a: Garganacl|Salt Cure|p1a: Nagini
|-activate|p1a: Nagini|move: Substitute|[damage]
|
|-heal|p1a: Nagini|44/100|[from] item: Leftovers
|upkeep
|turn|46
|
|t:|1743819833
|move|p1a: Nagini|Leaf Storm|p2a: Garganacl
|-supereffective|p2a: Garganacl
|-damage|p2a: Garganacl|32/100
|-boost|p1a: Nagini|spa|2
|move|p2a: Garganacl|Salt Cure|p1a: Nagini
|-end|p1a: Nagini|Substitute
|
|-heal|p1a: Nagini|50/100|[from] item: Leftovers
|-heal|p2a: Garganacl|38/100|[from] item: Leftovers
|upkeep
|turn|47
|
|t:|1743819840
|switch|p2a: Darkrai|Darkrai|14/100
|move|p1a: Nagini|Substitute|p1a: Nagini
|-start|p1a: Nagini|Substitute
|-damage|p1a: Nagini|25/100
|
|-heal|p1a: Nagini|31/100|[from] item: Leftovers
|upkeep
|turn|48
|
|t:|1743819843
|move|p2a: Darkrai|Sludge Bomb|p1a: Nagini
|-supereffective|p1a: Nagini
|-end|p1a: Nagini|Substitute
|move|p1a: Nagini|Tera Blast|p2a: Darkrai
|-damage|p2a: Darkrai|0 fnt
|faint|p2a: Darkrai
|
|-heal|p1a: Nagini|37/100|[from] item: Leftovers
|upkeep
|-message|bigz42069 forfeited.
|
|win|Devrai
|raw|Devrai's rating: 1374 &rarr; <strong>1398</strong><br />(+24 for winning)
|raw|bigz42069's rating: 1439 &rarr; <strong>1415</strong><br />(-24 for losing)
|l|☆Devrai
|player|p1|
