|j|☆chocotaco7
|j|☆armpit fan!
|t:|1743794185
|gametype|singles
|player|p1|chocotaco7|nate|1518
|player|p2|armpit fan!|lady-gen4|1482
|teamsize|p1|6
|teamsize|p2|6
|gen|9
|tier|[Gen 9] OU
|rated|
|rule|HP Percentage Mod: HP is shown in percentages
|rule|Endless Battle Clause: Forcing endless battles is banned
|rule|Species Clause: Limit one of each Pokémon
|rule|OHKO Clause: OHKO moves are banned
|rule|Evasion Items Clause: Evasion items are banned
|rule|Evasion Moves Clause: Evasion moves are banned
|rule|Sleep Moves Clause: Sleep-inducing moves are banned
|clearpoke
|poke|p1|Raging Bolt|
|poke|p1|Ting-Lu|
|poke|p1|Iron Crown|
|poke|p1|Great Tusk|
|poke|p1|Dragapult, M|
|poke|p1|Kingambit, F|
|poke|p2|Hydrapple, M|
|poke|p2|Corviknight, F|
|poke|p2|Jirachi|
|poke|p2|Dragapult, M|
|poke|p2|Cinderace, F|
|poke|p2|Slowking-Galar, M|
|teampreview
|inactive|Battle timer is ON: inactive players will automatically lose when time's up. (requested by armpit fan!)
|
|t:|1743794207
|start
|switch|p1a: Great Tusk|Great Tusk|100/100
|switch|p2a: Jirachi|Jirachi|100/100
|turn|1
|
|t:|1743794224
|switch|p2a: Hydrapple|Hydrapple, M|100/100
|move|p1a: Great Tusk|Knock Off|p2a: Hydrapple
|-damage|p2a: Hydrapple|57/100
|-enditem|p2a: Hydrapple|Heavy-Duty Boots|[from] move: Knock Off|[of] p1a: Great Tusk
|
|upkeep
|turn|2
|
|t:|1743794233
|-end|p1a: Great Tusk|Protosynthesis|[silent]
|switch|p1a: Iron Crown|Iron Crown|100/100
|switch|p2a: Corviknight|Corviknight, F|100/100
|-ability|p2a: Corviknight|Pressure
|
|upkeep
|turn|3
|
|t:|1743794243
|switch|p2a: Slowking|Slowking-Galar, M|100/100
|move|p1a: Iron Crown|Volt Switch|p2a: Slowking
|-damage|p2a: Slowking|88/100
|
|t:|1743794248
|-end|p1a: Iron Crown|Quark Drive|[silent]
|switch|p1a: Great Tusk|Great Tusk|100/100|[from] Volt Switch
|
|upkeep
|turn|4
|
|t:|1743794256
|switch|p2a: Hydrapple|Hydrapple, M|90/100
|move|p1a: Great Tusk|Knock Off|p2a: Hydrapple
|-damage|p2a: Hydrapple|61/100
|
|upkeep
|turn|5
|
|t:|1743794264
|-end|p1a: Great Tusk|Protosynthesis|[silent]
|switch|p1a: Iron Crown|Iron Crown|100/100
|move|p2a: Hydrapple|Giga Drain|p1a: Iron Crown
|-resisted|p1a: Iron Crown
|-damage|p1a: Iron Crown|88/100
|-heal|p2a: Hydrapple|66/100|[from] drain|[of] p1a: Iron Crown
|
|upkeep
|turn|6
|
|t:|1743794271
|move|p1a: Iron Crown|Psychic Noise|p2a: Hydrapple
|-damage|p2a: Hydrapple|27/100
|-start|p2a: Hydrapple|move: Heal Block
|move|p2a: Hydrapple|Earth Power|p1a: Iron Crown
|-supereffective|p1a: Iron Crown
|-damage|p1a: Iron Crown|45/100
|
|upkeep
|turn|7
|
|t:|1743794279
|switch|p2a: Jirachi|Jirachi|100/100
|move|p1a: Iron Crown|Volt Switch|p2a: Jirachi
|-damage|p2a: Jirachi|83/100
|
|t:|1743794289
|-end|p1a: Iron Crown|Quark Drive|[silent]
|switch|p1a: Great Tusk|Great Tusk|100/100|[from] Volt Switch
|
|upkeep
|turn|8
|
|t:|1743794298
|switch|p2a: Corviknight|Corviknight, F|100/100
|-ability|p2a: Corviknight|Pressure
|move|p1a: Great Tusk|Close Combat|p2a: Corviknight
|-damage|p2a: Corviknight|43/100
|-unboost|p1a: Great Tusk|def|1
|-unboost|p1a: Great Tusk|spd|1
|-damage|p1a: Great Tusk|84/100|[from] item: Rocky Helmet|[of] p2a: Corviknight
|
|upkeep
|turn|9
|
|t:|1743794306
|-end|p1a: Great Tusk|Protosynthesis|[silent]
|switch|p1a: Iron Crown|Iron Crown|45/100
|switch|p2a: Dragapult|Dragapult, M|100/100
|
|upkeep
|turn|10
|
|t:|1743794310
|-end|p1a: Iron Crown|Quark Drive|[silent]
|switch|p1a: Ting-Lu|Ting-Lu|100/100
|-ability|p1a: Ting-Lu|Vessel of Ruin
|move|p2a: Dragapult|Shadow Ball|p1a: Ting-Lu
|-resisted|p1a: Ting-Lu
|-damage|p1a: Ting-Lu|88/100
|
|upkeep
|turn|11
|
|t:|1743794314
|switch|p2a: Hydrapple|Hydrapple, M|60/100
|move|p1a: Ting-Lu|Stealth Rock|p2a: Hydrapple
|-sidestart|p2: armpit fan!|move: Stealth Rock
|
|upkeep
|turn|12
|
|t:|1743794325
|switch|p1a: Iron Crown|Iron Crown|45/100
|move|p2a: Hydrapple|Giga Drain|p1a: Iron Crown
|-resisted|p1a: Iron Crown
|-damage|p1a: Iron Crown|33/100
|-heal|p2a: Hydrapple|65/100|[from] drain|[of] p1a: Iron Crown
|
|upkeep
|turn|13
|
|t:|1743794332
|move|p1a: Iron Crown|Psychic Noise|p2a: Hydrapple
|-damage|p2a: Hydrapple|30/100
|-start|p2a: Hydrapple|move: Heal Block
|move|p2a: Hydrapple|Earth Power|p1a: Iron Crown
|-supereffective|p1a: Iron Crown
|-damage|p1a: Iron Crown|0 fnt
|faint|p1a: Iron Crown
|-end|p1a: Iron Crown|Quark Drive|[silent]
|
|upkeep
|
|t:|1743794336
|switch|p1a: Great Tusk|Great Tusk|84/100
|turn|14
|
|t:|1743794345
|switch|p2a: Corviknight|Corviknight, F|43/100
|-damage|p2a: Corviknight|30/100|[from] Stealth Rock
|-ability|p2a: Corviknight|Pressure
|move|p1a: Great Tusk|Ice Spinner|p2a: Corviknight
|-damage|p2a: Corviknight|1/100
|-damage|p1a: Great Tusk|67/100|[from] item: Rocky Helmet|[of] p2a: Corviknight
|
|upkeep
|turn|15
|
|t:|1743794354
|switch|p2a: Cinderace|Cinderace, F|100/100
|move|p1a: Great Tusk|Ice Spinner|p2a: Cinderace
|-resisted|p2a: Cinderace
|-damage|p2a: Cinderace|67/100
|
|upkeep
|turn|16
|
|t:|1743794361
|-end|p1a: Great Tusk|Protosynthesis|[silent]
|switch|p1a: Ting-Lu|Ting-Lu|88/100
|-ability|p1a: Ting-Lu|Vessel of Ruin
|move|p2a: Cinderace|Will-O-Wisp|p1a: Ting-Lu
|-status|p1a: Ting-Lu|brn
|
|-damage|p1a: Ting-Lu|82/100 brn|[from] brn
|upkeep
|turn|17
|
|t:|1743794367
|move|p2a: Cinderace|Pyro Ball|p1a: Ting-Lu
|-damage|p1a: Ting-Lu|56/100 brn
|move|p1a: Ting-Lu|Earthquake|p2a: Cinderace
|-supereffective|p2a: Cinderace
|-damage|p2a: Cinderace|16/100
|
|-damage|p1a: Ting-Lu|50/100 brn|[from] brn
|upkeep
|turn|18
|
|t:|1743794386
|switch|p2a: Hydrapple|Hydrapple, M|63/100
|-damage|p2a: Hydrapple|50/100|[from] Stealth Rock
|move|p1a: Ting-Lu|Earthquake|p2a: Hydrapple
|-resisted|p2a: Hydrapple
|-crit|p2a: Hydrapple
|-damage|p2a: Hydrapple|39/100
|
|-damage|p1a: Ting-Lu|43/100 brn|[from] brn
|upkeep
|turn|19
|
|t:|1743794392
|move|p2a: Hydrapple|Giga Drain|p1a: Ting-Lu
|-supereffective|p1a: Ting-Lu
|-damage|p1a: Ting-Lu|1/100 brn
|-heal|p2a: Hydrapple|65/100|[from] drain|[of] p1a: Ting-Lu
|move|p1a: Ting-Lu|Ruination|p2a: Hydrapple
|-damage|p2a: Hydrapple|33/100
|
|-damage|p1a: Ting-Lu|0 fnt|[from] brn
|faint|p1a: Ting-Lu
|upkeep
|
|t:|1743794403
|switch|p1a: Great Tusk|Great Tusk|67/100
|turn|20
|
|t:|1743794406
|switch|p2a: Corviknight|Corviknight, F|1/100
|-damage|p2a: Corviknight|0 fnt|[from] Stealth Rock
|faint|p2a: Corviknight
|move|p1a: Great Tusk|Ice Spinner|p2: Corviknight|[notarget]
|-fail|p1a: Great Tusk
|
|upkeep
|
|t:|1743794416
|switch|p2a: Jirachi|Jirachi|83/100
|turn|21
|
|t:|1743794419
|-end|p1a: Great Tusk|Protosynthesis|[silent]
|switch|p1a: Kingambit|Kingambit, F|100/100
|-activate|p1a: Kingambit|ability: Supreme Overlord
|-start|p1a: Kingambit|fallen2|[silent]
|move|p2a: Jirachi|Ice Punch|p1a: Kingambit
|-resisted|p1a: Kingambit
|-damage|p1a: Kingambit|94/100
|-status|p1a: Kingambit|frz
|
|upkeep
|turn|22
|
|t:|1743794446
|switch|p2a: Hydrapple|Hydrapple, M|66/100
|-damage|p2a: Hydrapple|54/100|[from] Stealth Rock
|cant|p1a: Kingambit|frz
|
|upkeep
|turn|23
|
|t:|1743794456
|cant|p1a: Kingambit|frz
|move|p2a: Hydrapple|Earth Power|p1a: Kingambit
|-supereffective|p1a: Kingambit
|-damage|p1a: Kingambit|27/100 frz
|
|upkeep
|turn|24
|
|t:|1743794460
|cant|p1a: Kingambit|frz
|move|p2a: Hydrapple|Giga Drain|p1a: Kingambit
|-resisted|p1a: Kingambit
|-damage|p1a: Kingambit|9/100 frz
|-heal|p2a: Hydrapple|63/100|[from] drain|[of] p1a: Kingambit
|
|upkeep
|turn|25
|
|t:|1743794463
|cant|p1a: Kingambit|frz
|move|p2a: Hydrapple|Giga Drain|p1a: Kingambit
|-resisted|p1a: Kingambit
|-damage|p1a: Kingambit|0 fnt
|-heal|p2a: Hydrapple|67/100|[from] drain|[of] p1a: Kingambit
|faint|p1a: Kingambit
|-end|p1a: Kingambit|fallen2|[silent]
|
|upkeep
|
|t:|1743794467
|switch|p1a: Great Tusk|Great Tusk|67/100
|turn|26
|
|t:|1743794484
|switch|p2a: Jirachi|Jirachi|83/100
|move|p1a: Great Tusk|Headlong Rush|p2a: Jirachi
|-supereffective|p2a: Jirachi
|-damage|p2a: Jirachi|0 fnt
|-unboost|p1a: Great Tusk|def|1
|-unboost|p1a: Great Tusk|spd|1
|faint|p2a: Jirachi
|
|upkeep
|
|t:|1743794504
|switch|p2a: Hydrapple|Hydrapple, M|99/100
|-damage|p2a: Hydrapple|88/100|[from] Stealth Rock
|turn|27
|
|t:|1743794514
|-end|p1a: Great Tusk|Protosynthesis|[silent]
|switch|p1a: Dragapult|Dragapult, M|100/100
|move|p2a: Hydrapple|Fickle Beam|p1a: Dragapult
|-supereffective|p1a: Dragapult
|-damage|p1a: Dragapult|0 fnt
|faint|p1a: Dragapult
|
|upkeep
|
|t:|1743794519
|switch|p1a: Great Tusk|Great Tusk|67/100
|turn|28
|
|t:|1743794524
|-terastallize|p2a: Hydrapple|Fairy
|move|p1a: Great Tusk|Close Combat|p2a: Hydrapple
|-resisted|p2a: Hydrapple
|-damage|p2a: Hydrapple|50/100
|-unboost|p1a: Great Tusk|def|1
|-unboost|p1a: Great Tusk|spd|1
|move|p2a: Hydrapple|Giga Drain|p1a: Great Tusk
|-supereffective|p1a: Great Tusk
|-damage|p1a: Great Tusk|0 fnt
|-heal|p2a: Hydrapple|80/100|[from] drain|[of] p1a: Great Tusk
|faint|p1a: Great Tusk
|-end|p1a: Great Tusk|Protosynthesis|[silent]
|
|upkeep
|
|t:|1743794530
|switch|p1a: Raging Bolt|Raging Bolt|100/100
|turn|29
|
|t:|1743794533
|-terastallize|p1a: Raging Bolt|Flying
|move|p1a: Raging Bolt|Calm Mind|p1a: Raging Bolt
|-boost|p1a: Raging Bolt|spa|1
|-boost|p1a: Raging Bolt|spd|1
|move|p2a: Hydrapple|Nasty Plot|p2a: Hydrapple
|-boost|p2a: Hydrapple|spa|2
|
|upkeep
|turn|30
|
|t:|1743794539
|move|p1a: Raging Bolt|Thunderbolt|p2a: Hydrapple
|-damage|p2a: Hydrapple|23/100
|-status|p2a: Hydrapple|par
|move|p2a: Hydrapple|Fickle Beam|p1a: Raging Bolt
|-damage|p1a: Raging Bolt|49/100
|
|-heal|p1a: Raging Bolt|55/100|[from] item: Leftovers
|upkeep
|turn|31
|
|t:|1743794558
|move|p1a: Raging Bolt|Calm Mind|p1a: Raging Bolt
|-boost|p1a: Raging Bolt|spa|1
|-boost|p1a: Raging Bolt|spd|1
|move|p2a: Hydrapple|Fickle Beam|p1a: Raging Bolt
|-damage|p1a: Raging Bolt|19/100
|
|-heal|p1a: Raging Bolt|25/100|[from] item: Leftovers
|upkeep
|turn|32
|
|t:|1743794564
|move|p1a: Raging Bolt|Calm Mind|p1a: Raging Bolt
|-boost|p1a: Raging Bolt|spa|1
|-boost|p1a: Raging Bolt|spd|1
|cant|p2a: Hydrapple|par
|
|-heal|p1a: Raging Bolt|31/100|[from] item: Leftovers
|upkeep
|turn|33
|
|t:|1743794567
|move|p1a: Raging Bolt|Thunderbolt|p2a: Hydrapple
|-damage|p2a: Hydrapple|0 fnt
|faint|p2a: Hydrapple
|
|-heal|p1a: Raging Bolt|38/100|[from] item: Leftovers
|upkeep
|
|t:|1743794571
|switch|p2a: Slowking|Slowking-Galar, M|100/100
|turn|34
|
|t:|1743794574
|move|p1a: Raging Bolt|Thunderbolt|p2a: Slowking
|-damage|p2a: Slowking|38/100
|move|p2a: Slowking|Sludge Bomb|p1a: Raging Bolt
|-damage|p1a: Raging Bolt|26/100
|-status|p1a: Raging Bolt|psn
|
|-heal|p1a: Raging Bolt|32/100 psn|[from] item: Leftovers
|-damage|p1a: Raging Bolt|19/100 psn|[from] psn
|upkeep
|turn|35
|
|t:|1743794579
|switch|p2a: Dragapult|Dragapult, M|100/100
|-damage|p2a: Dragapult|88/100|[from] Stealth Rock
|move|p1a: Raging Bolt|Thunderbolt|p2a: Dragapult
|-resisted|p2a: Dragapult
|-damage|p2a: Dragapult|24/100
|
|-heal|p1a: Raging Bolt|26/100 psn|[from] item: Leftovers
|-damage|p1a: Raging Bolt|13/100 psn|[from] psn
|upkeep
|turn|36
|
|t:|1743794586
|move|p1a: Raging Bolt|Thunderclap|p2a: Dragapult
|-resisted|p2a: Dragapult
|-damage|p2a: Dragapult|0 fnt
|faint|p2a: Dragapult
|
|-heal|p1a: Raging Bolt|19/100 psn|[from] item: Leftovers
|-damage|p1a: Raging Bolt|7/100 psn|[from] psn
|upkeep
|
|t:|1743794589
|switch|p2a: Cinderace|Cinderace, F|16/100
|turn|37
|
|t:|1743794591
|move|p2a: Cinderace|Sucker Punch|p1a: Raging Bolt
|-damage|p1a: Raging Bolt|0 fnt
|faint|p1a: Raging Bolt
|-end|p1a: Raging Bolt|Protosynthesis|[silent]
|
|win|armpit fan!
|raw|chocotaco7's rating: 1518 &rarr; <strong>1496</strong><br />(-22 for losing)
|raw|armpit fan!'s rating: 1482 &rarr; <strong>1504</strong><br />(+22 for winning)
|l|☆chocotaco7
|player|p1|
|c|☆armpit fan!|gg
|l|☆armpit fan!
|player|p2|
