|j|☆ssulmaesarang
|j|☆torterrafella
|t:|1743856099
|gametype|singles
|player|p1|ssulmaesarang|101|1276
|player|p2|torterrafella|steven|1296
|teamsize|p1|6
|teamsize|p2|6
|gen|9
|tier|[Gen 9] OU
|rated|
|rule|HP Percentage Mod: HP is shown in percentages
|rule|Endless Battle Clause: Forcing endless battles is banned
|rule|Species Clause: Limit one of each Pokémon
|rule|OHKO Clause: OHKO moves are banned
|rule|Evasion Items Clause: Evasion items are banned
|rule|Evasion Moves Clause: Evasion moves are banned
|rule|Sleep Moves Clause: Sleep-inducing moves are banned
|clearpoke
|poke|p1|Samurott-Hisui, F|
|poke|p1|Raging Bolt|
|poke|p1|Dragapult, F|
|poke|p1|Corviknight, F|
|poke|p1|Clefable, F|
|poke|p1|Weavile, F|
|poke|p2|Slowking-Galar, F|
|poke|p2|Landorus-Therian, M|
|poke|p2|Kyurem|
|poke|p2|Iron Valiant|
|poke|p2|Cinderace, M|
|poke|p2|Kingambit, M|
|teampreview
|inactive|Battle timer is ON: inactive players will automatically lose when time's up. (requested by torterrafella)
|inactive|torterrafella has 120 seconds left.
|
|t:|1743856146
|start
|switch|p1a: Weavile|Weavile, F|100/100
|switch|p2a: The Trickster|Cinderace, M, shiny|100/100
|turn|1
|
|t:|1743856161
|move|p1a: Weavile|Knock Off|p2a: The Trickster
|-damage|p2a: The Trickster|9/100
|-enditem|p2a: The Trickster|Heavy-Duty Boots|[from] move: Knock Off|[of] p1a: Weavile
|move|p2a: The Trickster|Will-O-Wisp|p1a: Weavile
|-status|p1a: Weavile|brn
|
|-damage|p1a: Weavile|94/100 brn|[from] brn
|upkeep
|turn|2
|inactive|torterrafella has 120 seconds left.
|c|☆torterrafella|that band tho
|c|☆torterrafella|holy shit
|
|t:|1743856199
|switch|p2a: The Veteran|Landorus-Therian, M, shiny|100/100
|-ability|p2a: The Veteran|Intimidate|boost
|-unboost|p1a: Weavile|atk|1
|move|p1a: Weavile|Knock Off|p2a: The Veteran
|-damage|p2a: The Veteran|77/100
|-damage|p1a: Weavile|78/100 brn|[from] item: Rocky Helmet|[of] p2a: The Veteran
|-enditem|p2a: The Veteran|Rocky Helmet|[from] move: Knock Off|[of] p1a: Weavile
|
|-damage|p1a: Weavile|72/100 brn|[from] brn
|upkeep
|turn|3
|inactive|torterrafella has 120 seconds left.
|
|t:|1743856208
|switch|p1a: Corviknight|Corviknight, F|100/100
|move|p2a: The Veteran|Stealth Rock|p1a: Corviknight
|-sidestart|p1: ssulmaesarang|move: Stealth Rock
|
|upkeep
|turn|4
|
|t:|1743856213
|move|p2a: The Veteran|Taunt|p1a: Corviknight
|-start|p1a: Corviknight|move: Taunt
|cant|p1a: Corviknight|move: Taunt|Defog
|
|upkeep
|turn|5
|
|t:|1743856218
|move|p2a: The Veteran|U-turn|p1a: Corviknight
|-resisted|p1a: Corviknight
|-damage|p1a: Corviknight|97/100
|-damage|p2a: The Veteran|61/100|[from] item: Rocky Helmet|[of] p1a: Corviknight
|
|t:|1743856225
|switch|p2a: The Trickster|Cinderace, M, shiny|9/100|[from] U-turn
|move|p1a: Corviknight|Body Press|p2a: The Trickster
|-damage|p2a: The Trickster|0 fnt
|faint|p2a: The Trickster
|
|upkeep
|inactive|torterrafella has 120 seconds left.
|
|t:|1743856246
|switch|p2a: The Magician|Slowking-Galar, F, shiny|100/100
|turn|6
|
|t:|1743856255
|switch|p1a: Clefable|Clefable, F|100/100
|move|p2a: The Magician|Thunder Wave|p1a: Clefable
|-status|p1a: Clefable|par
|
|upkeep
|turn|7
|
|t:|1743856260
|move|p1a: Clefable|Stealth Rock|p2a: The Magician
|-sidestart|p2: torterrafella|move: Stealth Rock
|move|p2a: The Magician|Future Sight|p1a: Clefable
|-start|p2a: The Magician|move: Future Sight
|
|upkeep
|turn|8
|
|t:|1743856273
|move|p1a: Clefable|Thunder Wave|p2a: The Magician
|-status|p2a: The Magician|par
|-prepare|p2a: The Magician|Chilly Reception|[premajor]
|move|p2a: The Magician|Chilly Reception|p2a: The Magician
|-weather|Snowscape
|
|t:|1743856289
|switch|p2a: The Veteran|Landorus-Therian, M, shiny|61/100|[from] Chilly Reception
|-damage|p2a: The Veteran|48/100|[from] Stealth Rock
|-ability|p2a: The Veteran|Intimidate|boost
|-unboost|p1a: Clefable|atk|1
|
|-weather|Snowscape|[upkeep]
|upkeep
|turn|9
|
|t:|1743856298
|switch|p1a: Corviknight|Corviknight, F|97/100
|-damage|p1a: Corviknight|85/100|[from] Stealth Rock
|move|p2a: The Veteran|Taunt|p1a: Corviknight
|-start|p1a: Corviknight|move: Taunt
|
|-weather|Snowscape|[upkeep]
|-end|p1a: Corviknight|move: Future Sight
|-resisted|p1a: Corviknight
|-damage|p1a: Corviknight|64/100
|upkeep
|turn|10
|
|t:|1743856311
|switch|p1a: Clefable|Clefable, F|100/100 par
|move|p2a: The Veteran|U-turn|p1a: Clefable
|-resisted|p1a: Clefable
|-damage|p1a: Clefable|90/100 par
|
|t:|1743856313
|switch|p2a: The Magician|Slowking-Galar, F, shiny|100/100 par|[from] U-turn
|
|-weather|Snowscape|[upkeep]
|upkeep
|turn|11
|
|t:|1743856324
|switch|p1a: Samurott|Samurott-Hisui, F|100/100
|-damage|p1a: Samurott|88/100|[from] Stealth Rock
|move|p2a: The Magician|Sludge Bomb|p1a: Samurott
|-damage|p1a: Samurott|41/100
|-status|p1a: Samurott|psn
|
|-weather|Snowscape|[upkeep]
|-damage|p1a: Samurott|29/100 psn|[from] psn
|upkeep
|turn|12
|
|t:|1743856332
|move|p1a: Samurott|Ceaseless Edge|p2a: The Magician
|-supereffective|p2a: The Magician
|-damage|p2a: The Magician|0 fnt
|-sidestart|p2: torterrafella|Spikes
|faint|p2a: The Magician
|-damage|p1a: Samurott|19/100 psn|[from] item: Life Orb
|
|-weather|none
|-damage|p1a: Samurott|6/100 psn|[from] psn
|upkeep
|
|t:|1743856337
|switch|p2a: The Blacksmith|Iron Valiant, shiny|100/100
|-damage|p2a: The Blacksmith|94/100|[from] Stealth Rock
|-damage|p2a: The Blacksmith|82/100|[from] Spikes
|-enditem|p2a: The Blacksmith|Booster Energy
|-activate|p2a: The Blacksmith|ability: Quark Drive|[fromitem]
|-start|p2a: The Blacksmith|quarkdrivespe
|turn|13
|
|t:|1743856342
|move|p1a: Samurott|Aqua Jet|p2a: The Blacksmith
|-damage|p2a: The Blacksmith|52/100
|-damage|p1a: Samurott|0 fnt|[from] item: Life Orb
|faint|p1a: Samurott
|move|p2a: The Blacksmith|Knock Off|p1: Samurott|[notarget]
|-fail|p2a: The Blacksmith
|
|upkeep
|
|t:|1743856355
|switch|p1a: Clefable|Clefable, F|90/100 par
|turn|14
|
|t:|1743856361
|move|p2a: The Blacksmith|Knock Off|p1a: Clefable
|-resisted|p1a: Clefable
|-damage|p1a: Clefable|73/100 par
|-enditem|p1a: Clefable|Heavy-Duty Boots|[from] move: Knock Off|[of] p2a: The Blacksmith
|move|p1a: Clefable|Moonblast|p2a: The Blacksmith
|-supereffective|p2a: The Blacksmith
|-damage|p2a: The Blacksmith|0 fnt
|faint|p2a: The Blacksmith
|-end|p2a: The Blacksmith|Quark Drive|[silent]
|
|upkeep
|c|☆torterrafella|you got em fake magic guard?
|
|t:|1743856384
|switch|p2a: The Swordsman|Kingambit, M, shiny|100/100
|-damage|p2a: The Swordsman|94/100|[from] Stealth Rock
|-damage|p2a: The Swordsman|82/100|[from] Spikes
|-activate|p2a: The Swordsman|ability: Supreme Overlord
|-start|p2a: The Swordsman|fallen3|[silent]
|turn|15
|
|t:|1743856392
|switch|p1a: Corviknight|Corviknight, F|64/100
|-damage|p1a: Corviknight|51/100|[from] Stealth Rock
|move|p2a: The Swordsman|Swords Dance|p2a: The Swordsman
|-boost|p2a: The Swordsman|atk|2
|
|-heal|p2a: The Swordsman|88/100|[from] item: Leftovers
|upkeep
|turn|16
|
|t:|1743856401
|-terastallize|p2a: The Swordsman|Ghost
|move|p2a: The Swordsman|Kowtow Cleave|p1a: Corviknight
|-damage|p1a: Corviknight|0 fnt
|-damage|p2a: The Swordsman|72/100|[from] item: Rocky Helmet|[of] p1a: Corviknight
|faint|p1a: Corviknight
|
|-heal|p2a: The Swordsman|78/100|[from] item: Leftovers
|upkeep
|
|t:|1743856422
|switch|p1a: Clefable|Clefable, F|73/100 par
|-damage|p1a: Clefable|61/100 par|[from] Stealth Rock
|turn|17
|
|t:|1743856429
|-terastallize|p1a: Clefable|Poison
|move|p2a: The Swordsman|Iron Head|p1a: Clefable
|-damage|p1a: Clefable|0 fnt
|faint|p1a: Clefable
|
|-heal|p2a: The Swordsman|84/100|[from] item: Leftovers
|upkeep
|
|t:|1743856435
|switch|p1a: Raging Bolt|Raging Bolt|100/100
|-damage|p1a: Raging Bolt|88/100|[from] Stealth Rock
|-enditem|p1a: Raging Bolt|Booster Energy
|-activate|p1a: Raging Bolt|ability: Protosynthesis|[fromitem]
|-start|p1a: Raging Bolt|protosynthesisspa
|turn|18
|
|t:|1743856442
|move|p2a: The Swordsman|Kowtow Cleave|p1a: Raging Bolt
|-crit|p1a: Raging Bolt
|-damage|p1a: Raging Bolt|0 fnt
|faint|p1a: Raging Bolt
|-end|p1a: Raging Bolt|Protosynthesis|[silent]
|
|-heal|p2a: The Swordsman|90/100|[from] item: Leftovers
|upkeep
|-message|ssulmaesarang forfeited.
|
|win|torterrafella
|raw|ssulmaesarang's rating: 1276 &rarr; <strong>1252</strong><br />(-24 for losing)
|raw|torterrafella's rating: 1296 &rarr; <strong>1320</strong><br />(+24 for winning)
|l|☆ssulmaesarang
|player|p1|
