|j|☆i_steal_teams_l
|j|☆healmostbangedme
|t:|1743791952
|gametype|singles
|player|p1|i_steal_teams_l|rocketgrunt|1431
|player|p2|healmostbangedme|miku-flying|1396
|teamsize|p1|6
|teamsize|p2|6
|gen|9
|tier|[Gen 9] OU
|rated|
|rule|HP Percentage Mod: HP is shown in percentages
|rule|Endless Battle Clause: Forcing endless battles is banned
|rule|Species Clause: Limit one of each Pokémon
|rule|OHKO Clause: OHKO moves are banned
|rule|Evasion Items Clause: Evasion items are banned
|rule|Evasion Moves Clause: Evasion moves are banned
|rule|Sleep Moves Clause: Sleep-inducing moves are banned
|clearpoke
|poke|p1|Okidogi, M|
|poke|p1|Primarina, F|
|poke|p1|Tinkaton, F|
|poke|p1|Kyurem|
|poke|p1|Sinistcha-Masterpiece|
|poke|p1|Quaquaval, F|
|poke|p2|Mienshao, F|
|poke|p2|Kyurem|
|poke|p2|Dragapult, F|
|poke|p2|Dragonite, F|
|poke|p2|Keldeo-Resolute|
|poke|p2|Zapdos|
|teampreview
|inactive|Battle timer is ON: inactive players will automatically lose when time's up. (requested by healmostbangedme)
|inactive|i_steal_teams_l also wants the timer to be on.
|
|t:|1743791964
|start
|switch|p1a: Tinkaton|Tinkaton, F|100/100
|switch|p2a: zappy|Zapdos|100/100
|-ability|p1a: Tinkaton|Mold Breaker
|-item|p1a: Tinkaton|Air Balloon
|turn|1
|
|t:|1743791974
|move|p1a: Tinkaton|Knock Off|p2a: zappy
|-damage|p2a: zappy|77/100
|-enditem|p2a: zappy|Heavy-Duty Boots|[from] move: Knock Off|[of] p1a: Tinkaton
|move|p2a: zappy|Volt Switch|p1a: Tinkaton
|-damage|p1a: Tinkaton|67/100
|-enditem|p1a: Tinkaton|Air Balloon
|
|t:|1743791983
|switch|p2a: mien fuher|Mienshao, F|100/100|[from] Volt Switch
|
|upkeep
|turn|2
|
|t:|1743791992
|switch|p1a: Sinistcha|Sinistcha-Masterpiece|100/100
|move|p2a: mien fuher|Close Combat|p1a: Sinistcha
|-immune|p1a: Sinistcha
|
|upkeep
|turn|3
|
|t:|1743791998
|switch|p2a: zappy|Zapdos|77/100
|move|p1a: Sinistcha|Strength Sap|p2a: zappy
|-unboost|p2a: zappy|atk|1
|
|upkeep
|turn|4
|
|t:|1743792002
|switch|p1a: Tinkaton|Tinkaton, F|67/100
|-ability|p1a: Tinkaton|Mold Breaker
|move|p2a: zappy|Hurricane|p1a: Tinkaton
|-resisted|p1a: Tinkaton
|-damage|p1a: Tinkaton|44/100
|
|upkeep
|turn|5
|
|t:|1743792006
|move|p1a: Tinkaton|Stealth Rock|p2a: zappy
|-sidestart|p2: healmostbangedme|move: Stealth Rock
|move|p2a: zappy|Hurricane|p1a: Tinkaton
|-resisted|p1a: Tinkaton
|-damage|p1a: Tinkaton|18/100
|
|upkeep
|turn|6
|
|t:|1743792013
|move|p1a: Tinkaton|Gigaton Hammer|p2a: zappy
|-resisted|p2a: zappy
|-damage|p2a: zappy|51/100
|move|p2a: zappy|Volt Switch|p1a: Tinkaton
|-damage|p1a: Tinkaton|0 fnt
|faint|p1a: Tinkaton
|
|t:|1743792018
|switch|p2a: mien fuher|Mienshao, F|100/100|[from] Volt Switch
|-damage|p2a: mien fuher|95/100|[from] Stealth Rock
|
|upkeep
|
|t:|1743792024
|switch|p1a: Primarina|Primarina, F, shiny|100/100
|turn|7
|
|t:|1743792033
|move|p2a: mien fuher|U-turn|p1a: Primarina
|-resisted|p1a: Primarina
|-damage|p1a: Primarina|80/100
|
|t:|1743792035
|switch|p2a: zappy|Zapdos|51/100|[from] U-turn
|-damage|p2a: zappy|27/100|[from] Stealth Rock
|move|p1a: Primarina|Hyper Voice|p2a: zappy
|-damage|p2a: zappy|0 fnt
|faint|p2a: zappy
|
|-heal|p1a: Primarina|86/100|[from] item: Leftovers
|upkeep
|
|t:|1743792042
|switch|p2a: nite nite|Dragonite, F|100/100
|turn|8
|
|t:|1743792047
|move|p2a: nite nite|Hurricane|p1a: Primarina
|-damage|p1a: Primarina|56/100
|-start|p1a: Primarina|confusion
|-activate|p1a: Primarina|confusion
|move|p1a: Primarina|Calm Mind|p1a: Primarina
|-boost|p1a: Primarina|spa|1
|-boost|p1a: Primarina|spd|1
|
|-heal|p1a: Primarina|62/100|[from] item: Leftovers
|upkeep
|turn|9
|
|t:|1743792051
|-terastallize|p2a: nite nite|Normal
|move|p2a: nite nite|Extreme Speed|p1a: Primarina
|-damage|p1a: Primarina|8/100
|-activate|p1a: Primarina|confusion
|move|p1a: Primarina|Moonblast|p2a: nite nite
|-damage|p2a: nite nite|59/100
|-unboost|p2a: nite nite|spa|1
|
|-heal|p1a: Primarina|14/100|[from] item: Leftovers
|upkeep
|turn|10
|
|t:|1743792057
|move|p2a: nite nite|Extreme Speed|p1a: Primarina
|-damage|p1a: Primarina|0 fnt
|faint|p1a: Primarina
|
|upkeep
|
|t:|1743792070
|switch|p1a: Kyurem|Kyurem|100/100
|-ability|p1a: Kyurem|Pressure
|turn|11
|
|t:|1743792086
|switch|p1a: Sinistcha|Sinistcha-Masterpiece|100/100
|switch|p2a: mien fuher|Mienshao, F|100/100
|-damage|p2a: mien fuher|95/100|[from] Stealth Rock
|
|upkeep
|turn|12
|
|t:|1743792095
|move|p2a: mien fuher|Ice Spinner|p1a: Sinistcha
|-supereffective|p1a: Sinistcha
|-damage|p1a: Sinistcha|39/100
|move|p1a: Sinistcha|Shadow Ball|p2a: mien fuher
|-damage|p2a: mien fuher|35/100
|-unboost|p2a: mien fuher|spd|1
|
|-heal|p1a: Sinistcha|45/100|[from] item: Leftovers
|upkeep
|turn|13
|
|t:|1743792107
|switch|p1a: Quaquaval|Quaquaval, F|100/100
|move|p2a: mien fuher|Ice Spinner|p1a: Quaquaval
|-resisted|p1a: Quaquaval
|-damage|p1a: Quaquaval|74/100
|
|upkeep
|turn|14
|
|t:|1743792115
|switch|p2a: nite nite|Dragonite, F, tera:Normal|59/100
|move|p1a: Quaquaval|Aqua Step|p2a: nite nite
|-damage|p2a: nite nite|18/100
|-boost|p1a: Quaquaval|spe|1
|
|upkeep
|turn|15
|
|t:|1743792123
|move|p2a: nite nite|Extreme Speed|p1a: Quaquaval
|-damage|p1a: Quaquaval|11/100
|move|p1a: Quaquaval|Aqua Step|p2a: nite nite
|-damage|p2a: nite nite|0 fnt
|-boost|p1a: Quaquaval|spe|1
|faint|p2a: nite nite
|-ability|p1a: Quaquaval|Moxie|boost
|-boost|p1a: Quaquaval|atk|1
|
|upkeep
|
|t:|1743792128
|switch|p2a: Keldi|Keldeo-Resolute|100/100
|turn|16
|
|t:|1743792131
|move|p2a: Keldi|Vacuum Wave|p1a: Quaquaval
|-damage|p1a: Quaquaval|0 fnt
|faint|p1a: Quaquaval
|
|upkeep
|
|t:|1743792139
|switch|p1a: Sinistcha|Sinistcha-Masterpiece|45/100
|turn|17
|
|t:|1743792142
|move|p2a: Keldi|Flip Turn|p1a: Sinistcha
|-resisted|p1a: Sinistcha
|-damage|p1a: Sinistcha|40/100
|
|t:|1743792145
|switch|p2a: pulter|Dragapult, F|100/100|[from] Flip Turn
|-damage|p2a: pulter|88/100|[from] Stealth Rock
|move|p1a: Sinistcha|Matcha Gotcha|p2a: pulter
|-resisted|p2a: pulter
|-damage|p2a: pulter|65/100
|-heal|p1a: Sinistcha|50/100|[from] drain|[of] p2a: pulter
|
|-heal|p1a: Sinistcha|57/100|[from] item: Leftovers
|upkeep
|turn|18
|
|t:|1743792161
|switch|p1a: Kyurem|Kyurem|100/100
|-ability|p1a: Kyurem|Pressure
|move|p2a: pulter|Thunder Wave|p1a: Kyurem
|-status|p1a: Kyurem|par
|
|upkeep
|turn|19
|
|t:|1743792168
|move|p2a: pulter|Draco Meteor|p1a: Kyurem
|-supereffective|p1a: Kyurem
|-damage|p1a: Kyurem|0 fnt
|-unboost|p2a: pulter|spa|2
|faint|p1a: Kyurem
|
|upkeep
|
|t:|1743792189
|switch|p1a: Okidogi|Okidogi, M|100/100
|turn|20
|
|t:|1743792195
|move|p2a: pulter|Will-O-Wisp|p1a: Okidogi
|-status|p1a: Okidogi|brn
|move|p1a: Okidogi|Ice Punch|p2a: pulter
|-supereffective|p2a: pulter
|-damage|p2a: pulter|36/100
|-status|p2a: pulter|frz
|
|-damage|p1a: Okidogi|94/100 brn|[from] brn
|upkeep
|turn|21
|
|t:|1743792203
|switch|p2a: Keldi|Keldeo-Resolute|100/100
|move|p1a: Okidogi|Bulk Up|p1a: Okidogi
|-boost|p1a: Okidogi|atk|1
|-boost|p1a: Okidogi|def|1
|
|-heal|p1a: Okidogi|100/100 brn|[from] item: Leftovers
|-damage|p1a: Okidogi|94/100 brn|[from] brn
|upkeep
|turn|22
|
|t:|1743792210
|-terastallize|p1a: Okidogi|Water
|move|p2a: Keldi|Hydro Pump|p1a: Okidogi
|-resisted|p1a: Okidogi
|-damage|p1a: Okidogi|75/100 brn
|move|p1a: Okidogi|Bulk Up|p1a: Okidogi
|-boost|p1a: Okidogi|atk|1
|-boost|p1a: Okidogi|def|1
|
|-heal|p1a: Okidogi|81/100 brn|[from] item: Leftovers
|-damage|p1a: Okidogi|75/100 brn|[from] brn
|upkeep
|turn|23
|
|t:|1743792219
|move|p2a: Keldi|Secret Sword|p1a: Okidogi
|-damage|p1a: Okidogi|58/100 brn
|move|p1a: Okidogi|Drain Punch|p2a: Keldi
|-damage|p2a: Keldi|63/100
|-heal|p1a: Okidogi|74/100 brn|[from] drain|[of] p2a: Keldi
|
|-heal|p1a: Okidogi|80/100 brn|[from] item: Leftovers
|-damage|p1a: Okidogi|74/100 brn|[from] brn
|upkeep
|turn|24
|
|t:|1743792226
|switch|p2a: pulter|Dragapult, F|36/100 frz
|-damage|p2a: pulter|24/100 frz|[from] Stealth Rock
|move|p1a: Okidogi|Bulk Up|p1a: Okidogi
|-boost|p1a: Okidogi|atk|1
|-boost|p1a: Okidogi|def|1
|
|-heal|p1a: Okidogi|80/100 brn|[from] item: Leftovers
|-damage|p1a: Okidogi|74/100 brn|[from] brn
|upkeep
|turn|25
|
|t:|1743792229
|cant|p2a: pulter|frz
|move|p1a: Okidogi|Ice Punch|p2a: pulter
|-supereffective|p2a: pulter
|-damage|p2a: pulter|0 fnt
|faint|p2a: pulter
|
|-heal|p1a: Okidogi|80/100 brn|[from] item: Leftovers
|-damage|p1a: Okidogi|74/100 brn|[from] brn
|upkeep
|
|t:|1743792244
|switch|p2a: mien fuher|Mienshao, F|68/100
|-damage|p2a: mien fuher|62/100|[from] Stealth Rock
|turn|26
|
|t:|1743792247
|move|p2a: mien fuher|Close Combat|p1a: Okidogi
|-damage|p1a: Okidogi|44/100 brn
|-unboost|p2a: mien fuher|def|1
|-unboost|p2a: mien fuher|spd|1
|move|p1a: Okidogi|Drain Punch|p2a: mien fuher
|-damage|p2a: mien fuher|0 fnt
|-heal|p1a: Okidogi|66/100 brn|[from] drain|[of] p2a: mien fuher
|faint|p2a: mien fuher
|
|-heal|p1a: Okidogi|72/100 brn|[from] item: Leftovers
|-damage|p1a: Okidogi|66/100 brn|[from] brn
|upkeep
|
|t:|1743792249
|switch|p2a: Keldi|Keldeo-Resolute|63/100
|turn|27
|
|t:|1743792252
|move|p2a: Keldi|Hydro Pump|p1a: Okidogi
|-resisted|p1a: Okidogi
|-damage|p1a: Okidogi|47/100 brn
|move|p1a: Okidogi|Drain Punch|p2a: Keldi
|-damage|p2a: Keldi|21/100
|-heal|p1a: Okidogi|65/100 brn|[from] drain|[of] p2a: Keldi
|
|-heal|p1a: Okidogi|71/100 brn|[from] item: Leftovers
|-damage|p1a: Okidogi|65/100 brn|[from] brn
|upkeep
|turn|28
|
|t:|1743792255
|move|p2a: Keldi|Vacuum Wave|p1a: Okidogi
|-damage|p1a: Okidogi|50/100 brn
|move|p1a: Okidogi|Drain Punch|p2a: Keldi
|-crit|p2a: Keldi
|-damage|p2a: Keldi|0 fnt
|-heal|p1a: Okidogi|58/100 brn|[from] drain|[of] p2a: Keldi
|faint|p2a: Keldi
|
|-heal|p1a: Okidogi|64/100 brn|[from] item: Leftovers
|-damage|p1a: Okidogi|58/100 brn|[from] brn
|upkeep
|
|t:|1743792257
|switch|p2a: kiri|Kyurem|100/100
|-damage|p2a: kiri|76/100|[from] Stealth Rock
|-ability|p2a: kiri|Pressure
|turn|29
|
|t:|1743792259
|move|p2a: kiri|Dragon Dance|p2a: kiri
|-boost|p2a: kiri|atk|1
|-boost|p2a: kiri|spe|1
|move|p1a: Okidogi|Drain Punch|p2a: kiri
|-supereffective|p2a: kiri
|-damage|p2a: kiri|0 fnt
|-heal|p1a: Okidogi|97/100 brn|[from] drain|[of] p2a: kiri
|faint|p2a: kiri
|
|win|i_steal_teams_l
|raw|i_steal_teams_l's rating: 1431 &rarr; <strong>1449</strong><br />(+18 for winning)
|raw|healmostbangedme's rating: 1396 &rarr; <strong>1378</strong><br />(-18 for losing)
|l|☆healmostbangedme
|player|p2|
