|j|☆mamabama
|j|☆SeigneurFou
|t:|1743858665
|gametype|singles
|player|p1|mamabama|brycenman|1569
|player|p2|SeigneurFou|169|1644
|teamsize|p1|6
|teamsize|p2|6
|gen|9
|tier|[Gen 9] OU
|rated|
|rule|HP Percentage Mod: HP is shown in percentages
|rule|Endless Battle Clause: Forcing endless battles is banned
|rule|Species Clause: Limit one of each Pokémon
|rule|OHKO Clause: OHKO moves are banned
|rule|Evasion Items Clause: Evasion items are banned
|rule|Evasion Moves Clause: Evasion moves are banned
|rule|Sleep Moves Clause: Sleep-inducing moves are banned
|clearpoke
|poke|p1|Conkeldurr, M|
|poke|p1|Gholdengo|
|poke|p1|Greninja-*, M|
|poke|p1|Ninetales-Alola, F|
|poke|p1|Garchomp, F|
|poke|p1|Glimmora, F|
|poke|p2|Pecharunt|
|poke|p2|Ting-Lu|
|poke|p2|Darkrai|
|poke|p2|Gholdengo|
|poke|p2|Dragonite, F|
|poke|p2|Zapdos|
|teampreview
|inactive|Battle timer is ON: inactive players will automatically lose when time's up. (requested by SeigneurFou)
|
|t:|1743858679
|start
|switch|p1a: Conkeldurr|Conkeldurr, M|100/100
|switch|p2a: Ting-Lu|Ting-Lu|100/100
|-ability|p2a: Ting-Lu|Vessel of Ruin
|turn|1
|
|t:|1743858692
|switch|p2a: Pecharunt|Pecharunt|100/100
|move|p1a: Conkeldurr|Ice Punch|p2a: Pecharunt
|-damage|p2a: Pecharunt|76/100
|
|upkeep
|turn|2
|
|t:|1743858698
|switch|p1a: Gholdengo|Gholdengo|100/100
|move|p2a: Pecharunt|Malignant Chain|p1a: Gholdengo
|-immune|p1a: Gholdengo
|
|upkeep
|turn|3
|j| jyrfcv
|
|t:|1743858704
|switch|p2a: Ting-Lu|Ting-Lu|100/100
|-ability|p2a: Ting-Lu|Vessel of Ruin
|move|p1a: Gholdengo|Shadow Ball|p2a: Ting-Lu
|-resisted|p2a: Ting-Lu
|-damage|p2a: Ting-Lu|94/100
|
|-heal|p2a: Ting-Lu|99/100|[from] item: Leftovers
|upkeep
|turn|4
|
|t:|1743858712
|move|p1a: Gholdengo|Nasty Plot|p1a: Gholdengo
|-boost|p1a: Gholdengo|spa|2
|move|p2a: Ting-Lu|Spikes|p1a: Gholdengo
|-sidestart|p1: mamabama|Spikes
|
|-heal|p2a: Ting-Lu|100/100|[from] item: Leftovers
|upkeep
|turn|5
|
|t:|1743858718
|move|p1a: Gholdengo|Make It Rain|p2a: Ting-Lu
|-damage|p2a: Ting-Lu|57/100
|-unboost|p1a: Gholdengo|spa|1
|move|p2a: Ting-Lu|Spikes|p1a: Gholdengo
|-sidestart|p1: mamabama|Spikes
|
|-heal|p2a: Ting-Lu|63/100|[from] item: Leftovers
|upkeep
|turn|6
|l| jyrfcv
|
|t:|1743858727
|move|p1a: Gholdengo|Nasty Plot|p1a: Gholdengo
|-boost|p1a: Gholdengo|spa|2
|move|p2a: Ting-Lu|Earthquake|p1a: Gholdengo
|-supereffective|p1a: Gholdengo
|-damage|p1a: Gholdengo|51/100
|
|-heal|p1a: Gholdengo|58/100|[from] item: Leftovers
|-heal|p2a: Ting-Lu|70/100|[from] item: Leftovers
|upkeep
|turn|7
|
|t:|1743858737
|move|p1a: Gholdengo|Make It Rain|p2a: Ting-Lu
|-damage|p2a: Ting-Lu|16/100
|-unboost|p1a: Gholdengo|spa|1
|move|p2a: Ting-Lu|Stealth Rock|p1a: Gholdengo
|-sidestart|p1: mamabama|move: Stealth Rock
|
|-heal|p1a: Gholdengo|64/100|[from] item: Leftovers
|-heal|p2a: Ting-Lu|22/100|[from] item: Leftovers
|upkeep
|turn|8
|
|t:|1743858751
|move|p1a: Gholdengo|Make It Rain|p2a: Ting-Lu
|-damage|p2a: Ting-Lu|0 fnt
|-unboost|p1a: Gholdengo|spa|1
|faint|p2a: Ting-Lu
|
|-heal|p1a: Gholdengo|70/100|[from] item: Leftovers
|upkeep
|
|t:|1743858758
|switch|p2a: Darkrai|Darkrai|100/100
|turn|9
|
|t:|1743858762
|-terastallize|p1a: Gholdengo|Fairy
|move|p2a: Darkrai|Dark Pulse|p1a: Gholdengo
|-resisted|p1a: Gholdengo
|-damage|p1a: Gholdengo|50/100
|cant|p1a: Gholdengo|flinch
|
|-heal|p1a: Gholdengo|56/100|[from] item: Leftovers
|upkeep
|turn|10
|c|☆mamabama|...
|
|t:|1743858770
|switch|p1a: Glimmora|Glimmora, F|100/100
|-damage|p1a: Glimmora|88/100|[from] Stealth Rock
|-item|p1a: Glimmora|Air Balloon
|-terastallize|p2a: Darkrai|Poison
|move|p2a: Darkrai|Sludge Bomb|p1a: Glimmora
|-resisted|p1a: Glimmora
|-damage|p1a: Glimmora|74/100
|-enditem|p1a: Glimmora|Air Balloon
|
|upkeep
|turn|11
|
|t:|1743858780
|switch|p2a: Gholdengo|Gholdengo|100/100
|move|p1a: Glimmora|Mortal Spin|p2a: Gholdengo
|-immune|p2a: Gholdengo
|
|upkeep
|turn|12
|
|t:|1743858785
|move|p1a: Glimmora|Earth Power|p2a: Gholdengo
|-supereffective|p2a: Gholdengo
|-damage|p2a: Gholdengo|49/100
|move|p2a: Gholdengo|Shadow Ball|p1a: Glimmora
|-damage|p1a: Glimmora|29/100
|
|upkeep
|turn|13
|
|t:|1743858791
|move|p1a: Glimmora|Earth Power|p2a: Gholdengo
|-supereffective|p2a: Gholdengo
|-damage|p2a: Gholdengo|0 fnt
|faint|p2a: Gholdengo
|
|upkeep
|
|t:|1743858796
|switch|p2a: Darkrai|Darkrai, tera:Poison|100/100
|turn|14
|
|t:|1743858798
|move|p2a: Darkrai|Dark Pulse|p1a: Glimmora
|-damage|p1a: Glimmora|0 fnt
|faint|p1a: Glimmora
|
|upkeep
|
|t:|1743858800
|switch|p1a: Garchomp|Garchomp, F|100/100
|-damage|p1a: Garchomp|84/100|[from] Spikes
|-damage|p1a: Garchomp|78/100|[from] Stealth Rock
|turn|15
|
|t:|1743858806
|move|p2a: Darkrai|Ice Beam|p1a: Garchomp
|-supereffective|p1a: Garchomp
|-damage|p1a: Garchomp|0 fnt
|faint|p1a: Garchomp
|
|upkeep
|-message|mamabama forfeited.
|
|win|SeigneurFou
|raw|mamabama's rating: 1569 &rarr; <strong>1553</strong><br />(-16 for losing)
|raw|SeigneurFou's rating: 1644 &rarr; <strong>1660</strong><br />(+16 for winning)
|l|☆mamabama
|player|p1|
|l|☆SeigneurFou
|player|p2|
