|j|☆pokemonloverwu
|j|☆paco0o
|t:|1743867141
|gametype|singles
|player|p1|pokemonloverwu|winona|1234
|player|p2|paco0o|ghetsis-gen5bw|1195
|teamsize|p1|6
|teamsize|p2|6
|gen|9
|tier|[Gen 9] OU
|rated|
|rule|HP Percentage Mod: HP is shown in percentages
|rule|Endless Battle Clause: Forcing endless battles is banned
|rule|Species Clause: Limit one of each Pokémon
|rule|OHKO Clause: OHKO moves are banned
|rule|Evasion Items Clause: Evasion items are banned
|rule|Evasion Moves Clause: Evasion moves are banned
|rule|Sleep Moves Clause: Sleep-inducing moves are banned
|clearpoke
|poke|p1|Hydrapple, M|
|poke|p1|Slowking-Galar, M|
|poke|p1|Alomomola, F|
|poke|p1|Scizor, M|
|poke|p1|Rotom-Wash|
|poke|p1|Cinderace, M|
|poke|p2|Hatterene, F|
|poke|p2|Scream Tail|
|poke|p2|Cresselia, F|
|poke|p2|Ursaluna, F|
|poke|p2|Iron Hands|
|poke|p2|Trevenant, F|
|teampreview
|inactive|Battle timer is ON: inactive players will automatically lose when time's up. (requested by pokemonloverwu)
|
|t:|1743867152
|start
|switch|p1a: Scizor|Scizor, M, shiny|100/100
|switch|p2a: Hyperion|Scream Tail|100/100
|-enditem|p2a: Hyperion|Booster Energy
|-activate|p2a: Hyperion|ability: Protosynthesis|[fromitem]
|-start|p2a: Hyperion|protosynthesisspe
|turn|1
|
|t:|1743867158
|move|p1a: Scizor|Bullet Punch|p2a: Hyperion
|-supereffective|p2a: Hyperion
|-crit|p2a: Hyperion
|-damage|p2a: Hyperion|0 fnt
|faint|p2a: Hyperion
|-end|p2a: Hyperion|Protosynthesis|[silent]
|
|upkeep
|
|t:|1743867161
|switch|p2a: Tournefort|Cresselia, F|100/100
|turn|2
|c|☆paco0o|nice
|
|t:|1743867169
|switch|p1a: Slowking|Slowking-Galar, M, shiny|100/100
|move|p2a: Tournefort|Trick Room|p2a: Tournefort
|-fieldstart|move: Trick Room|[of] p2a: Tournefort
|
|upkeep
|turn|3
|
|t:|1743867187
|move|p1a: Slowking|Sludge Bomb|p2a: Tournefort
|-damage|p2a: Tournefort|71/100
|-status|p2a: Tournefort|psn
|move|p2a: Tournefort|Lunar Dance|p2a: Tournefort
|faint|p2a: Tournefort
|
|upkeep
|
|t:|1743867199
|switch|p2a: Trevenant|Trevenant, F|100/100
|turn|4
|
|t:|1743867208
|switch|p1a: Scizor|Scizor, M, shiny|100/100
|move|p2a: Trevenant|Poltergeist|p1a: Scizor
|-activate|p1a: Scizor|move: Poltergeist|Choice Band
|-damage|p1a: Scizor|24/100
|
|upkeep
|turn|5
|
|t:|1743867228
|move|p1a: Scizor|Bullet Punch|p2a: Trevenant
|-damage|p2a: Trevenant|37/100
|move|p2a: Trevenant|Poltergeist|p1a: Scizor
|-activate|p1a: Scizor|move: Poltergeist|Choice Band
|-damage|p1a: Scizor|0 fnt
|faint|p1a: Scizor
|
|upkeep
|
|t:|1743867238
|switch|p1a: Hydrapple|Hydrapple, M, shiny|100/100
|turn|6
|
|t:|1743867247
|switch|p2a: Wollemi|Hatterene, F|100/100
|move|p1a: Hydrapple|Nasty Plot|p1a: Hydrapple
|-boost|p1a: Hydrapple|spa|2
|
|-fieldend|move: Trick Room
|upkeep
|turn|7
|
|t:|1743867251
|move|p1a: Hydrapple|Nasty Plot|p1a: Hydrapple
|-boost|p1a: Hydrapple|spa|2
|move|p2a: Wollemi|Trick Room|p2a: Wollemi
|-fieldstart|move: Trick Room|[of] p2a: Wollemi
|
|upkeep
|turn|8
|
|t:|1743867261
|move|p2a: Wollemi|Misty Explosion|p1a: Hydrapple
|-supereffective|p1a: Hydrapple
|-damage|p1a: Hydrapple|0 fnt
|faint|p2a: Wollemi
|faint|p1a: Hydrapple
|
|upkeep
|
|t:|1743867268
|switch|p2a: Shirotae|Ursaluna, F|100/100
|switch|p1a: Alomomola|Alomomola, F, shiny|100/100
|turn|9
|
|t:|1743867283
|move|p2a: Shirotae|Swords Dance|p2a: Shirotae
|-boost|p2a: Shirotae|atk|2
|move|p1a: Alomomola|Wish|p1a: Alomomola
|
|-status|p2a: Shirotae|brn|[from] item: Flame Orb
|upkeep
|turn|10
|
|t:|1743867289
|move|p1a: Alomomola|Protect|p1a: Alomomola
|-singleturn|p1a: Alomomola|Protect
|move|p2a: Shirotae|Facade|p1a: Alomomola
|-activate|p1a: Alomomola|move: Protect
|
|-damage|p2a: Shirotae|94/100 brn|[from] brn
|upkeep
|turn|11
|
|t:|1743867299
|move|p1a: Alomomola|Protect||[still]
|-fail|p1a: Alomomola
|move|p2a: Shirotae|Facade|p1a: Alomomola
|-damage|p1a: Alomomola|0 fnt
|faint|p1a: Alomomola
|
|-damage|p2a: Shirotae|88/100 brn|[from] brn
|-fieldend|move: Trick Room
|upkeep
|
|t:|1743867308
|switch|p1a: Rotom|Rotom-Wash, shiny|100/100
|turn|12
|
|t:|1743867312
|switch|p2a: Ponthus|Iron Hands|100/100
|-enditem|p2a: Ponthus|Booster Energy
|-activate|p2a: Ponthus|ability: Quark Drive|[fromitem]
|-start|p2a: Ponthus|quarkdriveatk
|move|p1a: Rotom|Hydro Pump|p2a: Ponthus
|-damage|p2a: Ponthus|36/100
|
|upkeep
|turn|13
|
|t:|1743867320
|move|p1a: Rotom|Hydro Pump|p2a: Ponthus
|-crit|p2a: Ponthus
|-damage|p2a: Ponthus|0 fnt
|faint|p2a: Ponthus
|-end|p2a: Ponthus|Quark Drive|[silent]
|
|upkeep
|
|t:|1743867324
|switch|p2a: Trevenant|Trevenant, F|37/100
|-heal|p2a: Trevenant|100/100|[from] move: Lunar Dance
|turn|14
|
|t:|1743867336
|switch|p1a: Slowking|Slowking-Galar, M, shiny|100/100
|move|p2a: Trevenant|Wood Hammer|p1a: Slowking
|-resisted|p1a: Slowking
|-damage|p1a: Slowking|56/100
|-damage|p2a: Trevenant|85/100|[from] Recoil
|
|upkeep
|turn|15
|-message|paco0o forfeited.
|
|win|pokemonloverwu
|raw|pokemonloverwu's rating: 1234 &rarr; <strong>1256</strong><br />(+22 for winning)
|raw|paco0o's rating: 1195 &rarr; <strong>1173</strong><br />(-22 for losing)
|l|☆paco0o
|player|p2|
