|j|☆randomblabla
|j|☆ak47 ratata
|t:|1743928409
|gametype|singles
|player|p1|randomblabla|265|1135
|player|p2|ak47 ratata|n-masters2|1180
|teamsize|p1|6
|teamsize|p2|6
|gen|9
|tier|[Gen 9] OU
|rated|
|rule|HP Percentage Mod: HP is shown in percentages
|rule|Endless Battle Clause: Forcing endless battles is banned
|rule|Species Clause: Limit one of each Pokémon
|rule|OHKO Clause: OHKO moves are banned
|rule|Evasion Items Clause: Evasion items are banned
|rule|Evasion Moves Clause: Evasion moves are banned
|rule|Sleep Moves Clause: Sleep-inducing moves are banned
|clearpoke
|poke|p1|Ribombee, F|
|poke|p1|Great Tusk|
|poke|p1|Blaziken, M|
|poke|p1|Serperior, F|
|poke|p1|Darkrai|
|poke|p1|Dugtrio, M|
|poke|p2|Kingambit, M|
|poke|p2|Ogerpon-Wellspring, F|
|poke|p2|Iron Valiant|
|poke|p2|Iron Moth|
|poke|p2|Gholdengo|
|poke|p2|Glimmora, F|
|teampreview
|inactive|Battle timer is ON: inactive players will automatically lose when time's up. (requested by ak47 ratata)
|
|t:|1743928420
|start
|switch|p1a: Dugtrio|Dugtrio, M|100/100
|switch|p2a: hazard slave|Glimmora, F|100/100
|turn|1
|
|t:|1743928423
|move|p1a: Dugtrio|Stealth Rock|p2a: hazard slave
|-sidestart|p2: ak47 ratata|move: Stealth Rock
|move|p2a: hazard slave|Stealth Rock|p1a: Dugtrio
|-sidestart|p1: randomblabla|move: Stealth Rock
|
|upkeep
|turn|2
|
|t:|1743928429
|move|p1a: Dugtrio|Earthquake|p2a: hazard slave
|-supereffective|p2a: hazard slave
|-enditem|p2a: hazard slave|Focus Sash
|-damage|p2a: hazard slave|1/100
|-activate|p2a: hazard slave|ability: Toxic Debris
|-sidestart|p1: randomblabla|move: Toxic Spikes
|move|p2a: hazard slave|Mortal Spin|p1a: Dugtrio
|-resisted|p1a: Dugtrio
|-damage|p1a: Dugtrio|92/100
|-status|p1a: Dugtrio|psn
|-sideend|p2: ak47 ratata|Stealth Rock|[from] move: Mortal Spin|[of] p2a: hazard slave
|
|-damage|p1a: Dugtrio|79/100 psn|[from] psn
|upkeep
|turn|3
|
|t:|1743928439
|move|p1a: Dugtrio|Stealth Rock|p2a: hazard slave
|-sidestart|p2: ak47 ratata|move: Stealth Rock
|move|p2a: hazard slave|Mortal Spin|p1a: Dugtrio
|-resisted|p1a: Dugtrio
|-damage|p1a: Dugtrio|71/100 psn
|-sideend|p2: ak47 ratata|Stealth Rock|[from] move: Mortal Spin|[of] p2a: hazard slave
|
|-damage|p1a: Dugtrio|59/100 psn|[from] psn
|upkeep
|turn|4
|
|t:|1743928445
|move|p1a: Dugtrio|Stealth Rock|p2a: hazard slave
|-sidestart|p2: ak47 ratata|move: Stealth Rock
|move|p2a: hazard slave|Mortal Spin|p1a: Dugtrio
|-resisted|p1a: Dugtrio
|-damage|p1a: Dugtrio|49/100 psn
|-sideend|p2: ak47 ratata|Stealth Rock|[from] move: Mortal Spin|[of] p2a: hazard slave
|
|-damage|p1a: Dugtrio|36/100 psn|[from] psn
|upkeep
|turn|5
|
|t:|1743928450
|move|p1a: Dugtrio|Memento|p2a: hazard slave
|-unboost|p2a: hazard slave|atk|2
|-unboost|p2a: hazard slave|spa|2
|faint|p1a: Dugtrio
|move|p2a: hazard slave|Mortal Spin|p1: Dugtrio|[notarget]
|-fail|p2a: hazard slave
|
|upkeep
|
|t:|1743928478
|switch|p1a: Serperior|Serperior, F|100/100
|-damage|p1a: Serperior|88/100|[from] Stealth Rock
|-status|p1a: Serperior|psn
|turn|6
|
|t:|1743928485
|move|p1a: Serperior|Leaf Storm|p2a: hazard slave
|-damage|p2a: hazard slave|0 fnt
|-boost|p1a: Serperior|spa|2
|faint|p2a: hazard slave
|
|-damage|p1a: Serperior|76/100 psn|[from] psn
|upkeep
|
|t:|1743928489
|switch|p2a: bug catcher joey|Iron Moth|100/100
|-enditem|p2a: bug catcher joey|Booster Energy
|-activate|p2a: bug catcher joey|ability: Quark Drive|[fromitem]
|-start|p2a: bug catcher joey|quarkdrivespe
|turn|7
|
|t:|1743928495
|-terastallize|p1a: Serperior|Ground
|move|p2a: bug catcher joey|Sludge Wave|p1a: Serperior
|-resisted|p1a: Serperior
|-damage|p1a: Serperior|48/100 psn
|move|p1a: Serperior|Tera Blast|p2a: bug catcher joey|[anim] Tera Blast Ground
|-supereffective|p2a: bug catcher joey
|-damage|p2a: bug catcher joey|0 fnt
|faint|p2a: bug catcher joey
|-end|p2a: bug catcher joey|Quark Drive|[silent]
|
|-damage|p1a: Serperior|35/100 psn|[from] psn
|upkeep
|
|t:|1743928501
|switch|p2a: beneath the mask|Ogerpon-Wellspring, F|100/100
|turn|8
|
|t:|1743928510
|move|p1a: Serperior|Leaf Storm|p2a: beneath the mask
|-damage|p2a: beneath the mask|0 fnt
|-boost|p1a: Serperior|spa|2
|faint|p2a: beneath the mask
|
|-damage|p1a: Serperior|23/100 psn|[from] psn
|upkeep
|
|t:|1743928519
|switch|p2a: travis scott|Gholdengo|100/100
|-item|p2a: travis scott|Air Balloon
|turn|9
|
|t:|1743928526
|move|p1a: Serperior|Leaf Storm|p2a: travis scott
|-resisted|p2a: travis scott
|-damage|p2a: travis scott|24/100
|-boost|p1a: Serperior|spa|2
|-enditem|p2a: travis scott|Air Balloon
|move|p2a: travis scott|Shadow Ball|p1a: Serperior
|-damage|p1a: Serperior|0 fnt
|faint|p1a: Serperior
|
|upkeep
|
|t:|1743928541
|switch|p1a: Blaziken|Blaziken, M|100/100
|-damage|p1a: Blaziken|88/100|[from] Stealth Rock
|-status|p1a: Blaziken|psn
|turn|10
|
|t:|1743928565
|move|p1a: Blaziken|Protect|p1a: Blaziken
|-singleturn|p1a: Blaziken|Protect
|move|p2a: travis scott|Shadow Ball|p1a: Blaziken
|-activate|p1a: Blaziken|move: Protect
|
|-damage|p1a: Blaziken|76/100 psn|[from] psn
|-ability|p1a: Blaziken|Speed Boost|boost
|-boost|p1a: Blaziken|spe|1
|upkeep
|turn|11
|
|t:|1743928572
|switch|p2a: link|Iron Valiant|100/100
|-enditem|p2a: link|Booster Energy
|-activate|p2a: link|ability: Quark Drive|[fromitem]
|-start|p2a: link|quarkdrivespe
|move|p1a: Blaziken|Flare Blitz|p2a: link
|-damage|p2a: link|0 fnt
|faint|p2a: link
|-end|p2a: link|Quark Drive|[silent]
|-damage|p1a: Blaziken|44/100 psn|[from] Recoil
|-damage|p1a: Blaziken|34/100 psn|[from] item: Life Orb
|
|-damage|p1a: Blaziken|22/100 psn|[from] psn
|-ability|p1a: Blaziken|Speed Boost|boost
|-boost|p1a: Blaziken|spe|1
|upkeep
|
|t:|1743928575
|switch|p2a: travis scott|Gholdengo|24/100
|turn|12
|
|t:|1743928587
|move|p1a: Blaziken|Flare Blitz|p2a: travis scott
|-supereffective|p2a: travis scott
|-damage|p2a: travis scott|0 fnt
|faint|p2a: travis scott
|-damage|p1a: Blaziken|14/100 psn|[from] Recoil
|-damage|p1a: Blaziken|4/100 psn|[from] item: Life Orb
|
|-damage|p1a: Blaziken|0 fnt|[from] psn
|faint|p1a: Blaziken
|upkeep
|
|t:|1743928595
|switch|p2a: pls sweep|Kingambit, M|100/100
|switch|p1a: Great Tusk|Great Tusk|100/100
|-damage|p1a: Great Tusk|98/100|[from] Stealth Rock
|-status|p1a: Great Tusk|psn
|-activate|p2a: pls sweep|ability: Supreme Overlord
|-start|p2a: pls sweep|fallen5|[silent]
|-enditem|p1a: Great Tusk|Booster Energy
|-activate|p1a: Great Tusk|ability: Protosynthesis|[fromitem]
|-start|p1a: Great Tusk|protosynthesisspe
|turn|13
|
|t:|1743928600
|-terastallize|p2a: pls sweep|Ghost
|move|p1a: Great Tusk|Close Combat|p2a: pls sweep
|-immune|p2a: pls sweep
|move|p2a: pls sweep|Swords Dance|p2a: pls sweep
|-boost|p2a: pls sweep|atk|2
|
|-damage|p1a: Great Tusk|85/100 psn|[from] psn
|upkeep
|turn|14
|
|t:|1743928615
|move|p1a: Great Tusk|Headlong Rush|p2a: pls sweep
|-damage|p2a: pls sweep|60/100
|-unboost|p1a: Great Tusk|def|1
|-unboost|p1a: Great Tusk|spd|1
|move|p2a: pls sweep|Swords Dance|p2a: pls sweep
|-boost|p2a: pls sweep|atk|2
|
|-heal|p2a: pls sweep|66/100|[from] item: Leftovers
|-damage|p1a: Great Tusk|73/100 psn|[from] psn
|upkeep
|turn|15
|
|t:|1743928624
|-end|p1a: Great Tusk|Protosynthesis|[silent]
|switch|p1a: Ribombee|Ribombee, F|100/100
|-damage|p1a: Ribombee|76/100|[from] Stealth Rock
|-status|p1a: Ribombee|psn
|move|p2a: pls sweep|Sucker Punch||[still]
|-fail|p2a: pls sweep
|
|-heal|p2a: pls sweep|72/100|[from] item: Leftovers
|-damage|p1a: Ribombee|63/100 psn|[from] psn
|upkeep
|turn|16
|
|t:|1743928628
|move|p1a: Ribombee|Moonblast|p2a: pls sweep
|-damage|p2a: pls sweep|13/100
|-unboost|p2a: pls sweep|spa|1
|-damage|p1a: Ribombee|54/100 psn|[from] item: Life Orb
|move|p2a: pls sweep|Iron Head|p1a: Ribombee
|-supereffective|p1a: Ribombee
|-damage|p1a: Ribombee|0 fnt
|faint|p1a: Ribombee
|
|-heal|p2a: pls sweep|19/100|[from] item: Leftovers
|upkeep
|
|t:|1743928637
|switch|p1a: Darkrai|Darkrai|100/100
|-damage|p1a: Darkrai|88/100|[from] Stealth Rock
|-status|p1a: Darkrai|psn
|turn|17
|
|t:|1743928642
|move|p2a: pls sweep|Sucker Punch||[still]
|-fail|p2a: pls sweep
|move|p1a: Darkrai|Trick|p2a: pls sweep
|-activate|p1a: Darkrai|move: Trick|[of] p2a: pls sweep
|-item|p2a: pls sweep|Choice Scarf|[from] move: Trick
|-item|p1a: Darkrai|Leftovers|[from] move: Trick
|
|-heal|p1a: Darkrai|94/100 psn|[from] item: Leftovers
|-damage|p1a: Darkrai|82/100 psn|[from] psn
|upkeep
|turn|18
|
|t:|1743928653
|move|p2a: pls sweep|Sucker Punch|p1a: Darkrai
|-resisted|p1a: Darkrai
|-damage|p1a: Darkrai|0 fnt
|faint|p1a: Darkrai
|
|upkeep
|
|t:|1743928656
|switch|p1a: Great Tusk|Great Tusk|73/100 psn
|-damage|p1a: Great Tusk|70/100 psn|[from] Stealth Rock
|turn|19
|
|t:|1743928663
|move|p2a: pls sweep|Sucker Punch||[still]
|-fail|p2a: pls sweep
|move|p1a: Great Tusk|Bulk Up|p1a: Great Tusk
|-boost|p1a: Great Tusk|atk|1
|-boost|p1a: Great Tusk|def|1
|
|-damage|p1a: Great Tusk|57/100 psn|[from] psn
|upkeep
|turn|20
|
|t:|1743928669
|move|p2a: pls sweep|Sucker Punch|p1a: Great Tusk
|-resisted|p1a: Great Tusk
|-damage|p1a: Great Tusk|18/100 psn
|move|p1a: Great Tusk|Headlong Rush|p2a: pls sweep
|-damage|p2a: pls sweep|0 fnt
|-unboost|p1a: Great Tusk|def|1
|-unboost|p1a: Great Tusk|spd|1
|faint|p2a: pls sweep
|-end|p2a: pls sweep|fallen5|[silent]
|
|win|randomblabla
|raw|randomblabla's rating: 1135 &rarr; <strong>1163</strong><br />(+28 for winning)
|raw|ak47 ratata's rating: 1180 &rarr; <strong>1152</strong><br />(-28 for losing)
|l|☆ak47 ratata
|player|p2|
|l|☆randomblabla
|player|p1|
