|j|☆BigDiggsEnergy
|j|☆nadn2ioand29ian
|t:|1743838095
|gametype|singles
|player|p1|BigDiggsEnergy|ghetsis|1058
|player|p2|nadn2ioand29ian|169|1106
|teamsize|p1|6
|teamsize|p2|6
|gen|9
|tier|[Gen 9] OU
|rated|
|rule|HP Percentage Mod: HP is shown in percentages
|rule|Endless Battle Clause: Forcing endless battles is banned
|rule|Species Clause: Limit one of each Pokémon
|rule|OHKO Clause: OHKO moves are banned
|rule|Evasion Items Clause: Evasion items are banned
|rule|Evasion Moves Clause: Evasion moves are banned
|rule|Sleep Moves Clause: Sleep-inducing moves are banned
|clearpoke
|poke|p1|Mew|
|poke|p1|Wyrdeer, M|
|poke|p1|Garchomp, M|
|poke|p1|Quaquaval, M|
|poke|p1|Greedent, F|
|poke|p1|Rotom-Mow|
|poke|p2|Samurott-Hisui, M|
|poke|p2|Iron Valiant|
|poke|p2|Kingambit, M|
|poke|p2|Shiftry, M|
|poke|p2|Deoxys-Speed|
|poke|p2|Golurk|
|teampreview
|
|t:|1743838102
|start
|switch|p1a: Charles|Garchomp, M|100/100
|switch|p2a: Deoxys|Deoxys-Speed|100/100
|-ability|p2a: Deoxys|Pressure
|turn|1
|
|t:|1743838111
|move|p2a: Deoxys|Taunt|p1a: Charles
|-start|p1a: Charles|move: Taunt
|cant|p1a: Charles|move: Taunt|Stealth Rock
|
|upkeep
|turn|2
|
|t:|1743838120
|move|p2a: Deoxys|Stealth Rock|p1a: Charles
|-sidestart|p1: BigDiggsEnergy|move: Stealth Rock
|move|p1a: Charles|Dragon Claw|p2a: Deoxys
|-damage|p2a: Deoxys|43/100
|
|upkeep
|turn|3
|
|t:|1743838132
|move|p2a: Deoxys|Psycho Boost|p1a: Charles
|-damage|p1a: Charles|60/100
|-unboost|p2a: Deoxys|spa|2
|move|p1a: Charles|Dragon Claw|p2a: Deoxys
|-damage|p2a: Deoxys|0 fnt
|faint|p2a: Deoxys
|
|-end|p1a: Charles|move: Taunt
|upkeep
|
|t:|1743838140
|switch|p2a: Shiftry|Shiftry, M|100/100
|turn|4
|
|t:|1743838148
|move|p2a: Shiftry|Tailwind|p2a: Shiftry
|-sidestart|p2: nadn2ioand29ian|move: Tailwind
|-ability|p2a: Shiftry|Wind Rider|boost
|-boost|p2a: Shiftry|atk|1
|move|p1a: Charles|Stealth Rock|p2a: Shiftry
|-sidestart|p2: nadn2ioand29ian|move: Stealth Rock
|
|upkeep
|turn|5
|
|t:|1743838155
|move|p2a: Shiftry|Leaf Blade|p1a: Charles
|-damage|p1a: Charles|0 fnt
|-damage|p2a: Shiftry|88/100|[from] ability: Rough Skin|[of] p1a: Charles
|-damage|p2a: Shiftry|72/100|[from] item: Rocky Helmet|[of] p1a: Charles
|faint|p1a: Charles
|-damage|p2a: Shiftry|62/100|[from] item: Life Orb
|
|upkeep
|
|t:|1743838165
|switch|p1a: QuackSparrow|Quaquaval, M|100/100
|-damage|p1a: QuackSparrow|94/100|[from] Stealth Rock
|turn|6
|
|t:|1743838171
|move|p2a: Shiftry|Leaf Blade|p1a: QuackSparrow
|-supereffective|p1a: QuackSparrow
|-damage|p1a: QuackSparrow|0 fnt
|faint|p1a: QuackSparrow
|-damage|p2a: Shiftry|52/100|[from] item: Life Orb
|
|upkeep
|
|t:|1743838182
|switch|p1a: BuzzCut|Rotom-Mow|100/100
|-damage|p1a: BuzzCut|88/100|[from] Stealth Rock
|turn|7
|
|t:|1743838188
|move|p2a: Shiftry|Leaf Blade|p1a: BuzzCut
|-resisted|p1a: BuzzCut
|-damage|p1a: BuzzCut|36/100
|-damage|p2a: Shiftry|42/100|[from] item: Life Orb
|move|p1a: BuzzCut|Trick|p2a: Shiftry
|-activate|p1a: BuzzCut|move: Trick|[of] p2a: Shiftry
|-item|p2a: Shiftry|Choice Scarf|[from] move: Trick
|-item|p1a: BuzzCut|Life Orb|[from] move: Trick
|
|-sideend|p2: nadn2ioand29ian|move: Tailwind
|upkeep
|turn|8
|
|t:|1743838210
|move|p2a: Shiftry|Leaf Blade|p1a: BuzzCut
|-resisted|p1a: BuzzCut
|-damage|p1a: BuzzCut|0 fnt
|faint|p1a: BuzzCut
|
|upkeep
|
|t:|1743838221
|switch|p1a: Pancake|Greedent, F, shiny|100/100
|-damage|p1a: Pancake|88/100|[from] Stealth Rock
|turn|9
|
|t:|1743838225
|move|p2a: Shiftry|Leaf Blade|p1a: Pancake
|-crit|p1a: Pancake
|-damage|p1a: Pancake|32/100
|-enditem|p1a: Pancake|Sitrus Berry|[eat]
|-heal|p1a: Pancake|57/100|[from] item: Sitrus Berry
|-heal|p1a: Pancake|90/100|[from] ability: Cheek Pouch
|move|p1a: Pancake|Curse|p1a: Pancake
|-unboost|p1a: Pancake|spe|1
|-boost|p1a: Pancake|atk|1
|-boost|p1a: Pancake|def|1
|
|upkeep
|turn|10
|
|t:|1743838237
|switch|p2a: Golurk|Golurk|100/100
|-damage|p2a: Golurk|95/100|[from] Stealth Rock
|move|p1a: Pancake|Curse|p1a: Pancake
|-unboost|p1a: Pancake|spe|1
|-boost|p1a: Pancake|atk|1
|-boost|p1a: Pancake|def|1
|
|upkeep
|turn|11
|
|t:|1743838247
|move|p2a: Golurk|Trick|p1a: Pancake
|-activate|p2a: Golurk|move: Trick|[of] p1a: Pancake
|-item|p1a: Pancake|Choice Band|[from] move: Trick
|-enditem|p2a: Golurk|Choice Band|[silent]|[from] move: Trick
|move|p1a: Pancake|Knock Off|p2a: Golurk
|-supereffective|p2a: Golurk
|-damage|p2a: Golurk|0 fnt
|faint|p2a: Golurk
|
|upkeep
|
|t:|1743838258
|switch|p2a: Samurott|Samurott-Hisui, M|100/100
|-damage|p2a: Samurott|88/100|[from] Stealth Rock
|turn|12
|
|t:|1743838264
|move|p2a: Samurott|Sacred Sword|p1a: Pancake
|-supereffective|p1a: Pancake
|-damage|p1a: Pancake|36/100
|move|p1a: Pancake|Knock Off|p2a: Samurott
|-resisted|p2a: Samurott
|-damage|p2a: Samurott|45/100
|-enditem|p2a: Samurott|Lum Berry|[from] move: Knock Off|[of] p1a: Pancake
|
|upkeep
|turn|13
|
|t:|1743838274
|move|p2a: Samurott|Sacred Sword|p1a: Pancake
|-supereffective|p1a: Pancake
|-damage|p1a: Pancake|0 fnt
|faint|p1a: Pancake
|
|upkeep
|
|t:|1743838281
|switch|p1a: Blitzen|Wyrdeer, M|100/100
|-damage|p1a: Blitzen|88/100|[from] Stealth Rock
|-ability|p1a: Blitzen|Intimidate|boost
|-unboost|p2a: Samurott|atk|1
|turn|14
|
|t:|1743838290
|move|p2a: Samurott|Ceaseless Edge|p1a: Blitzen
|-supereffective|p1a: Blitzen
|-damage|p1a: Blitzen|10/100
|-sidestart|p1: BigDiggsEnergy|Spikes
|move|p1a: Blitzen|Thunderbolt|p2a: Samurott
|-supereffective|p2a: Samurott
|-damage|p2a: Samurott|0 fnt
|faint|p2a: Samurott
|
|upkeep
|
|t:|1743838300
|switch|p2a: Iron Valiant|Iron Valiant|100/100
|-damage|p2a: Iron Valiant|94/100|[from] Stealth Rock
|-enditem|p2a: Iron Valiant|Booster Energy
|-activate|p2a: Iron Valiant|ability: Quark Drive|[fromitem]
|-start|p2a: Iron Valiant|quarkdrivespe
|turn|15
|
|t:|1743838307
|move|p2a: Iron Valiant|Moonblast|p1a: Blitzen
|-damage|p1a: Blitzen|0 fnt
|faint|p1a: Blitzen
|
|upkeep
|
|t:|1743838312
|switch|p1a: Truck|Mew|100/100
|-damage|p1a: Truck|88/100|[from] Stealth Rock
|-damage|p1a: Truck|76/100|[from] Spikes
|turn|16
|
|t:|1743838334
|move|p2a: Iron Valiant|Moonblast|p1a: Truck
|-damage|p1a: Truck|36/100
|move|p1a: Truck|Imprison|p1a: Truck
|-start|p1a: Truck|move: Imprison
|
|-heal|p1a: Truck|42/100|[from] item: Leftovers
|upkeep
|turn|17
|
|t:|1743838347
|move|p2a: Iron Valiant|Moonblast|p1a: Truck
|-damage|p1a: Truck|4/100
|move|p1a: Truck|Fire Spin|p2a: Iron Valiant
|-damage|p2a: Iron Valiant|80/100
|-activate|p2a: Iron Valiant|move: Fire Spin|[of] p1a: Truck
|
|-heal|p1a: Truck|10/100|[from] item: Leftovers
|-damage|p2a: Iron Valiant|67/100|[from] move: Fire Spin|[partiallytrapped]
|upkeep
|turn|18
|
|t:|1743838372
|-terastallize|p1a: Truck|Fairy
|move|p2a: Iron Valiant|Moonblast|p1a: Truck
|-damage|p1a: Truck|0 fnt
|faint|p1a: Truck
|
|win|nadn2ioand29ian
|raw|BigDiggsEnergy's rating: 1058 &rarr; <strong>1042</strong><br />(-16 for losing)
|raw|nadn2ioand29ian's rating: 1106 &rarr; <strong>1128</strong><br />(+22 for winning)
|l|☆BigDiggsEnergy
|player|p1|
