|j|☆Vredge
|j|☆ciderbuzz
|t:|1743786413
|gametype|singles
|player|p1|Vredge|hilbert|1733
|player|p2|ciderbuzz|101|1651
|teamsize|p1|6
|teamsize|p2|6
|gen|9
|tier|[Gen 9] OU
|rated|
|rule|HP Percentage Mod: HP is shown in percentages
|rule|Endless Battle Clause: Forcing endless battles is banned
|rule|Species Clause: Limit one of each Pokémon
|rule|OHKO Clause: OHKO moves are banned
|rule|Evasion Items Clause: Evasion items are banned
|rule|Evasion Moves Clause: Evasion moves are banned
|rule|Sleep Moves Clause: Sleep-inducing moves are banned
|clearpoke
|poke|p1|Iron Valiant|
|poke|p1|Dragapult, F|
|poke|p1|Great Tusk|
|poke|p1|Kingambit, F|
|poke|p1|Slowking-Galar, M|
|poke|p1|Zapdos|
|poke|p2|Enamorus, F|
|poke|p2|Araquanid, M|
|poke|p2|Gholdengo|
|poke|p2|Pawmot, M|
|poke|p2|Iron Treads|
|poke|p2|Salamence, F|
|teampreview
|inactive|Battle timer is ON: inactive players will automatically lose when time's up. (requested by Vredge)
|inactive|ciderbuzz also wants the timer to be on.
|
|t:|1743786442
|start
|switch|p1a: Flying Battery|Zapdos|100/100
|switch|p2a: Treasurer|Gholdengo, shiny|100/100
|turn|1
|
|t:|1743786452
|move|p1a: Flying Battery|Volt Switch|p2a: Treasurer
|-damage|p2a: Treasurer|66/100
|
|t:|1743786455
|switch|p1a: Supersonic|Slowking-Galar, M, shiny|100/100|[from] Volt Switch
|move|p2a: Treasurer|Shadow Ball|p1a: Supersonic
|-supereffective|p1a: Supersonic
|-damage|p1a: Supersonic|48/100
|
|upkeep
|turn|2
|
|t:|1743786460
|switch|p1a: Final Zone|Kingambit, F|100/100
|move|p2a: Treasurer|Shadow Ball|p1a: Final Zone
|-resisted|p1a: Final Zone
|-damage|p1a: Final Zone|69/100
|
|-heal|p1a: Final Zone|75/100|[from] item: Leftovers
|upkeep
|turn|3
|
|t:|1743786470
|switch|p2a: Salamence|Salamence, F|100/100
|-ability|p2a: Salamence|Intimidate|boost
|-unboost|p1a: Final Zone|atk|1
|move|p1a: Final Zone|Kowtow Cleave|p2a: Salamence
|-damage|p2a: Salamence|60/100
|
|-heal|p1a: Final Zone|81/100|[from] item: Leftovers
|upkeep
|turn|4
|
|t:|1743786474
|-end|p1a: Final Zone|fallenundefined|[silent]
|switch|p1a: Flying Battery|Zapdos|100/100
|move|p2a: Salamence|Dragon Dance|p2a: Salamence
|-boost|p2a: Salamence|atk|1
|-boost|p2a: Salamence|spe|1
|
|upkeep
|turn|5
|
|t:|1743786485
|move|p2a: Salamence|Outrage|p1a: Flying Battery
|-damage|p1a: Flying Battery|11/100
|move|p1a: Flying Battery|Hurricane|p2a: Salamence
|-damage|p2a: Salamence|4/100
|-start|p2a: Salamence|confusion
|
|upkeep
|turn|6
|
|t:|1743786489
|-activate|p2a: Salamence|confusion
|-damage|p2a: Salamence|0 fnt|[from] confusion
|faint|p2a: Salamence
|move|p1a: Flying Battery|Hurricane|p2: Salamence|[notarget]
|-fail|p1a: Flying Battery
|
|upkeep
|
|t:|1743786501
|switch|p2a: Deceiver|Pawmot, M|100/100
|turn|7
|
|t:|1743786504
|move|p2a: Deceiver|Ice Punch|p1a: Flying Battery
|-supereffective|p1a: Flying Battery
|-damage|p1a: Flying Battery|0 fnt
|faint|p1a: Flying Battery
|
|upkeep
|
|t:|1743786507
|switch|p1a: Tankd|Great Tusk|100/100
|turn|8
|
|t:|1743786510
|switch|p2a: Lusty|Enamorus, F, shiny|100/100
|move|p1a: Tankd|Rapid Spin|p2a: Lusty
|-damage|p2a: Lusty|80/100
|-boost|p1a: Tankd|spe|1
|
|upkeep
|turn|9
|inactive|Vredge has 120 seconds left.
|
|t:|1743786542
|-end|p1a: Tankd|Protosynthesis|[silent]
|switch|p1a: Supersonic|Slowking-Galar, M, shiny|81/100
|move|p2a: Lusty|Moonblast|p1a: Supersonic
|-resisted|p1a: Supersonic
|-damage|p1a: Supersonic|71/100
|
|upkeep
|turn|10
|
|t:|1743786549
|switch|p2a: Treasurer|Gholdengo, shiny|66/100
|switch|p1a: Speedway|Dragapult, F|100/100
|
|upkeep
|turn|11
|
|t:|1743786553
|switch|p1a: Supersonic|Slowking-Galar, M, shiny|100/100
|switch|p2a: Araquanid|Araquanid, M, shiny|100/100
|
|upkeep
|turn|12
|
|t:|1743786556
|move|p2a: Araquanid|Liquidation|p1a: Supersonic
|-damage|p1a: Supersonic|46/100
|move|p1a: Supersonic|Future Sight|p2a: Araquanid
|-start|p1a: Supersonic|move: Future Sight
|
|upkeep
|turn|13
|
|t:|1743786567
|switch|p1a: Tankd|Great Tusk|100/100
|move|p2a: Araquanid|Sticky Web|p1a: Tankd
|-sidestart|p1: Vredge|move: Sticky Web
|
|upkeep
|turn|14
|
|t:|1743786571
|move|p1a: Tankd|Stealth Rock|p2a: Araquanid
|-sidestart|p2: ciderbuzz|move: Stealth Rock
|move|p2a: Araquanid|Liquidation|p1a: Tankd
|-supereffective|p1a: Tankd
|-damage|p1a: Tankd|41/100
|
|-end|p2a: Araquanid|move: Future Sight
|-damage|p2a: Araquanid|70/100
|upkeep
|turn|15
|
|t:|1743786578
|move|p1a: Tankd|Rapid Spin|p2a: Araquanid
|-damage|p2a: Araquanid|56/100
|-boost|p1a: Tankd|spe|1
|-sideend|p1: Vredge|Sticky Web|[from] move: Rapid Spin|[of] p1a: Tankd
|move|p2a: Araquanid|Liquidation|p1a: Tankd
|-supereffective|p1a: Tankd
|-damage|p1a: Tankd|0 fnt
|faint|p1a: Tankd
|-end|p1a: Tankd|Protosynthesis|[silent]
|
|upkeep
|
|t:|1743786591
|switch|p1a: Speedway|Dragapult, F|100/100
|turn|16
|
|t:|1743786597
|move|p1a: Speedway|Draco Meteor|p2a: Araquanid
|-damage|p2a: Araquanid|3/100
|-unboost|p1a: Speedway|spa|2
|move|p2a: Araquanid|Sticky Web|p1a: Speedway
|-sidestart|p1: Vredge|move: Sticky Web
|
|upkeep
|turn|17
|
|t:|1743786601
|move|p1a: Speedway|Draco Meteor|p2a: Araquanid
|-damage|p2a: Araquanid|0 fnt
|-unboost|p1a: Speedway|spa|2
|faint|p2a: Araquanid
|
|upkeep
|
|t:|1743786605
|switch|p2a: Iron Treads|Iron Treads|100/100
|-damage|p2a: Iron Treads|97/100|[from] Stealth Rock
|turn|18
|
|t:|1743786611
|move|p1a: Speedway|Draco Meteor|p2a: Iron Treads
|-resisted|p2a: Iron Treads
|-damage|p2a: Iron Treads|85/100
|-unboost|p1a: Speedway|spa|2
|move|p2a: Iron Treads|Rapid Spin|p1a: Speedway
|-immune|p1a: Speedway
|
|upkeep
|turn|19
|
|t:|1743786616
|switch|p1a: Supersonic|Slowking-Galar, M, shiny|79/100
|-activate|p1a: Supersonic|move: Sticky Web
|-unboost|p1a: Supersonic|spe|1
|move|p2a: Iron Treads|Rapid Spin|p1a: Supersonic
|-crit|p1a: Supersonic
|-damage|p1a: Supersonic|56/100
|-boost|p2a: Iron Treads|spe|1
|-sideend|p2: ciderbuzz|Stealth Rock|[from] move: Rapid Spin|[of] p2a: Iron Treads
|
|upkeep
|turn|20
|
|t:|1743786619
|-terastallize|p1a: Supersonic|Water
|move|p2a: Iron Treads|Earthquake|p1a: Supersonic
|-crit|p1a: Supersonic
|-damage|p1a: Supersonic|0 fnt
|faint|p1a: Supersonic
|
|upkeep
|
|t:|1743786621
|switch|p1a: Final Zone|Kingambit, F|81/100
|-activate|p1a: Final Zone|move: Sticky Web
|-unboost|p1a: Final Zone|spe|1
|-activate|p1a: Final Zone|ability: Supreme Overlord
|-start|p1a: Final Zone|fallen3|[silent]
|turn|21
|-message|Vredge forfeited.
|
|win|ciderbuzz
|raw|Vredge's rating: 1712 &rarr; <strong>1689</strong><br />(-23 for losing)
|raw|ciderbuzz's rating: 1651 &rarr; <strong>1674</strong><br />(+23 for winning)
|l|☆Vredge
|player|p1|
|l|☆ciderbuzz
|player|p2|
