|j|☆Garacade
|j|☆MrDrProfFuckface
|t:|1743908689
|gametype|singles
|player|p1|Garacade|102|1222
|player|p2|MrDrProfFuckface|swimmer-gen4dp|1256
|teamsize|p1|6
|teamsize|p2|6
|gen|9
|tier|[Gen 9] OU
|rated|
|rule|HP Percentage Mod: HP is shown in percentages
|rule|Endless Battle Clause: Forcing endless battles is banned
|rule|Species Clause: Limit one of each Pokémon
|rule|OHKO Clause: OHKO moves are banned
|rule|Evasion Items Clause: Evasion items are banned
|rule|Evasion Moves Clause: Evasion moves are banned
|rule|Sleep Moves Clause: Sleep-inducing moves are banned
|clearpoke
|poke|p1|Weavile, F|
|poke|p1|Glimmora, M|
|poke|p1|Zamazenta-*|
|poke|p1|Iron Moth|
|poke|p1|Zapdos|
|poke|p1|Slowking-Galar, F|
|poke|p2|Dondozo, M|
|poke|p2|Great Tusk|
|poke|p2|Muk-Alola, F|
|poke|p2|Goodra-Hisui, F|
|poke|p2|Avalugg, M|
|poke|p2|Bastiodon, M|
|teampreview
|inactive|Battle timer is ON: inactive players will automatically lose when time's up. (requested by MrDrProfFuckface)
|
|t:|1743908696
|start
|switch|p1a: Glimmora|Glimmora, M|100/100
|switch|p2a: Great Tusk|Great Tusk|100/100
|turn|1
|
|t:|1743908699
|move|p1a: Glimmora|Stealth Rock|p2a: Great Tusk
|-sidestart|p2: MrDrProfFuckface|move: Stealth Rock
|move|p2a: Great Tusk|Rapid Spin|p1a: Glimmora
|-resisted|p1a: Glimmora
|-crit|p1a: Glimmora
|-damage|p1a: Glimmora|82/100
|-boost|p2a: Great Tusk|spe|1
|-activate|p1a: Glimmora|ability: Toxic Debris
|-sidestart|p2: MrDrProfFuckface|move: Toxic Spikes
|-sideend|p2: MrDrProfFuckface|Toxic Spikes|[from] move: Rapid Spin|[of] p2a: Great Tusk
|-sideend|p2: MrDrProfFuckface|Stealth Rock|[from] move: Rapid Spin|[of] p2a: Great Tusk
|
|upkeep
|turn|2
|
|t:|1743908707
|switch|p1a: Zapdos|Zapdos|100/100
|move|p2a: Great Tusk|Headlong Rush|p1a: Zapdos
|-immune|p1a: Zapdos
|
|upkeep
|turn|3
|
|t:|1743908711
|move|p2a: Great Tusk|Stone Edge|p1a: Zapdos
|-supereffective|p1a: Zapdos
|-crit|p1a: Zapdos
|-damage|p1a: Zapdos|14/100
|move|p1a: Zapdos|Hurricane|p2a: Great Tusk
|-supereffective|p2a: Great Tusk
|-damage|p2a: Great Tusk|0 fnt
|faint|p2a: Great Tusk
|-end|p2a: Great Tusk|Protosynthesis|[silent]
|
|upkeep
|
|t:|1743908719
|switch|p2a: Sloppy Seconds|Muk-Alola, F, shiny|100/100
|turn|4
|
|t:|1743908723
|switch|p1a: Glimmora|Glimmora, M|82/100
|move|p2a: Sloppy Seconds|Shadow Sneak|p1a: Glimmora
|-damage|p1a: Glimmora|64/100
|-activate|p1a: Glimmora|ability: Toxic Debris
|-sidestart|p2: MrDrProfFuckface|move: Toxic Spikes
|
|upkeep
|turn|5
|
|t:|1743908729
|move|p1a: Glimmora|Stealth Rock|p2a: Sloppy Seconds
|-sidestart|p2: MrDrProfFuckface|move: Stealth Rock
|move|p2a: Sloppy Seconds|Knock Off|p1a: Glimmora
|-damage|p1a: Glimmora|4/100
|-activate|p1a: Glimmora|ability: Toxic Debris
|-sidestart|p2: MrDrProfFuckface|move: Toxic Spikes
|-enditem|p1a: Glimmora|Focus Sash|[from] move: Knock Off|[of] p2a: Sloppy Seconds
|
|upkeep
|turn|6
|
|t:|1743908738
|switch|p1a: Zamazenta|Zamazenta|100/100
|-ability|p1a: Zamazenta|Dauntless Shield|boost
|-boost|p1a: Zamazenta|def|1
|move|p2a: Sloppy Seconds|Knock Off|p1a: Zamazenta
|-resisted|p1a: Zamazenta
|-damage|p1a: Zamazenta|89/100
|-status|p1a: Zamazenta|psn|[from] ability: Poison Touch|[of] p2a: Sloppy Seconds
|-enditem|p1a: Zamazenta|Leftovers|[from] move: Knock Off|[of] p2a: Sloppy Seconds
|
|-damage|p1a: Zamazenta|77/100 psn|[from] psn
|upkeep
|turn|7
|
|t:|1743908747
|switch|p2a: Kiss The Cook|Dondozo, M, shiny|100/100
|-status|p2a: Kiss The Cook|tox
|-damage|p2a: Kiss The Cook|88/100 tox|[from] Stealth Rock
|move|p1a: Zamazenta|Iron Defense|p1a: Zamazenta
|-boost|p1a: Zamazenta|def|2
|
|-damage|p1a: Zamazenta|65/100 psn|[from] psn
|-damage|p2a: Kiss The Cook|82/100 tox|[from] psn
|upkeep
|turn|8
|
|t:|1743908752
|move|p2a: Kiss The Cook|Curse|p2a: Kiss The Cook
|-unboost|p2a: Kiss The Cook|spe|1
|-boost|p2a: Kiss The Cook|atk|1
|-boost|p2a: Kiss The Cook|def|1
|move|p1a: Zamazenta|Roar|p2a: Kiss The Cook
|drag|p2a: Bastard Face|Bastiodon, M, shiny|100/100
|-damage|p2a: Bastard Face|94/100|[from] Stealth Rock
|
|-heal|p2a: Bastard Face|100/100|[from] item: Leftovers
|-damage|p1a: Zamazenta|52/100 psn|[from] psn
|upkeep
|turn|9
|
|t:|1743908763
|-terastallize|p2a: Bastard Face|Fighting
|move|p1a: Zamazenta|Body Press|p2a: Bastard Face
|-damage|p2a: Bastard Face|53/100
|move|p2a: Bastard Face|Stealth Rock|p1a: Zamazenta
|-sidestart|p1: Garacade|move: Stealth Rock
|
|-heal|p2a: Bastard Face|59/100|[from] item: Leftovers
|-damage|p1a: Zamazenta|40/100 psn|[from] psn
|upkeep
|turn|10
|
|t:|1743908772
|move|p1a: Zamazenta|Body Press|p2a: Bastard Face
|-damage|p2a: Bastard Face|13/100
|move|p2a: Bastard Face|Scorching Sands|p1a: Zamazenta
|-damage|p1a: Zamazenta|33/100 psn
|
|-heal|p2a: Bastard Face|19/100|[from] item: Leftovers
|-damage|p1a: Zamazenta|21/100 psn|[from] psn
|upkeep
|turn|11
|
|t:|1743908784
|switch|p2a: Kiss The Cook|Dondozo, M, shiny|82/100 tox
|-damage|p2a: Kiss The Cook|69/100 tox|[from] Stealth Rock
|move|p1a: Zamazenta|Body Press|p2a: Kiss The Cook
|-damage|p2a: Kiss The Cook|48/100 tox
|
|-damage|p1a: Zamazenta|8/100 psn|[from] psn
|-damage|p2a: Kiss The Cook|42/100 tox|[from] psn
|upkeep
|turn|12
|
|t:|1743908793
|move|p1a: Zamazenta|Body Press|p2a: Kiss The Cook
|-damage|p2a: Kiss The Cook|21/100 tox
|move|p2a: Kiss The Cook|Rest|p2a: Kiss The Cook
|-status|p2a: Kiss The Cook|slp|[from] move: Rest
|-heal|p2a: Kiss The Cook|100/100 slp|[silent]
|
|-damage|p1a: Zamazenta|0 fnt|[from] psn
|faint|p1a: Zamazenta
|upkeep
|
|t:|1743908799
|switch|p1a: Iron Moth|Iron Moth|100/100
|-damage|p1a: Iron Moth|76/100|[from] Stealth Rock
|-enditem|p1a: Iron Moth|Booster Energy
|-activate|p1a: Iron Moth|ability: Quark Drive|[fromitem]
|-start|p1a: Iron Moth|quarkdrivespe
|turn|13
|
|t:|1743908805
|switch|p2a: Jerry|Goodra-Hisui, F, shiny|100/100
|-damage|p2a: Jerry|94/100|[from] Stealth Rock
|move|p1a: Iron Moth|Substitute|p1a: Iron Moth
|-start|p1a: Iron Moth|Substitute
|-damage|p1a: Iron Moth|51/100
|
|upkeep
|turn|14
|
|t:|1743908808
|move|p1a: Iron Moth|Fiery Dance|p2a: Jerry
|-damage|p2a: Jerry|75/100
|move|p2a: Jerry|Dragon Pulse|p1a: Iron Moth
|-end|p1a: Iron Moth|Substitute
|
|upkeep
|turn|15
|
|t:|1743908814
|-end|p1a: Iron Moth|Quark Drive|[silent]
|switch|p1a: Glimmora|Glimmora, M|4/100
|-damage|p1a: Glimmora|0 fnt|[from] Stealth Rock
|faint|p1a: Glimmora
|move|p2a: Jerry|Dragon Pulse|p1: Glimmora|[notarget]
|-fail|p2a: Jerry
|
|upkeep
|
|t:|1743908820
|switch|p1a: Zapdos|Zapdos|14/100
|turn|16
|
|t:|1743908824
|move|p1a: Zapdos|Roost|p1a: Zapdos
|-heal|p1a: Zapdos|64/100
|-singleturn|p1a: Zapdos|move: Roost
|move|p2a: Jerry|Earthquake|p1a: Zapdos
|-supereffective|p1a: Zapdos
|-damage|p1a: Zapdos|31/100
|
|upkeep
|turn|17
|
|t:|1743908828
|move|p1a: Zapdos|Roost|p1a: Zapdos
|-heal|p1a: Zapdos|81/100
|-singleturn|p1a: Zapdos|move: Roost
|move|p2a: Jerry|Earthquake|p1a: Zapdos
|-supereffective|p1a: Zapdos
|-damage|p1a: Zapdos|50/100
|
|upkeep
|turn|18
|
|t:|1743908832
|move|p1a: Zapdos|Thunder Wave|p2a: Jerry
|-status|p2a: Jerry|par
|move|p2a: Jerry|Ice Beam|p1a: Zapdos
|-supereffective|p1a: Zapdos
|-damage|p1a: Zapdos|0 fnt
|faint|p1a: Zapdos
|
|upkeep
|
|t:|1743908840
|switch|p1a: Weavile|Weavile, F|100/100
|-ability|p1a: Weavile|Pressure
|turn|19
|
|t:|1743908854
|switch|p2a: Kiss The Cook|Dondozo, M, shiny|100/100 slp
|-damage|p2a: Kiss The Cook|88/100 slp|[from] Stealth Rock
|move|p1a: Weavile|Knock Off|p2a: Kiss The Cook
|-damage|p2a: Kiss The Cook|61/100 slp
|-enditem|p2a: Kiss The Cook|Covert Cloak|[from] move: Knock Off|[of] p1a: Weavile
|
|upkeep
|turn|20
|
|t:|1743908860
|switch|p2a: Sloppy Seconds|Muk-Alola, F, shiny|100/100
|-sideend|p2: MrDrProfFuckface|move: Toxic Spikes|[of] p2a: Sloppy Seconds
|-damage|p2a: Sloppy Seconds|88/100|[from] Stealth Rock
|move|p1a: Weavile|Knock Off|p2a: Sloppy Seconds
|-resisted|p2a: Sloppy Seconds
|-damage|p2a: Sloppy Seconds|64/100
|-enditem|p2a: Sloppy Seconds|Assault Vest|[from] move: Knock Off|[of] p1a: Weavile
|
|upkeep
|turn|21
|
|t:|1743908863
|move|p1a: Weavile|Triple Axel|p2a: Sloppy Seconds
|-damage|p2a: Sloppy Seconds|55/100
|-damage|p2a: Sloppy Seconds|34/100
|-damage|p2a: Sloppy Seconds|6/100
|-hitcount|p2a: Sloppy Seconds|3
|move|p2a: Sloppy Seconds|Drain Punch|p1a: Weavile
|-supereffective|p1a: Weavile
|-damage|p1a: Weavile|0 fnt
|-heal|p2a: Sloppy Seconds|40/100|[from] drain|[of] p1a: Weavile
|faint|p1a: Weavile
|
|upkeep
|
|t:|1743908876
|switch|p1a: Iron Moth|Iron Moth|51/100
|-damage|p1a: Iron Moth|26/100|[from] Stealth Rock
|turn|22
|
|t:|1743908885
|move|p1a: Iron Moth|Fiery Dance|p2a: Sloppy Seconds
|-damage|p2a: Sloppy Seconds|8/100
|move|p2a: Sloppy Seconds|Knock Off|p1a: Iron Moth
|-damage|p1a: Iron Moth|0 fnt
|faint|p1a: Iron Moth
|-end|p1a: Iron Moth|Quark Drive|[silent]
|
|upkeep
|-message|Garacade forfeited.
|
|win|MrDrProfFuckface
|raw|Garacade's rating: 1222 &rarr; <strong>1199</strong><br />(-23 for losing)
|raw|MrDrProfFuckface's rating: 1256 &rarr; <strong>1279</strong><br />(+23 for winning)
|l|☆Garacade
|player|p1|
|l|☆MrDrProfFuckface
|player|p2|
