|j|☆GoodDarkrai
|j|☆LazerSh0t99
|t:|1743794009
|gametype|singles
|player|p1|GoodDarkrai|giovanni|1053
|player|p2|LazerSh0t99|workerice|1118
|teamsize|p1|6
|teamsize|p2|6
|gen|9
|tier|[Gen 9] OU
|rated|
|rule|HP Percentage Mod: HP is shown in percentages
|rule|Endless Battle Clause: Forcing endless battles is banned
|rule|Species Clause: Limit one of each Pokémon
|rule|OHKO Clause: OHKO moves are banned
|rule|Evasion Items Clause: Evasion items are banned
|rule|Evasion Moves Clause: Evasion moves are banned
|rule|Sleep Moves Clause: Sleep-inducing moves are banned
|clearpoke
|poke|p1|Lokix, M|
|poke|p1|Iron Valiant|
|poke|p1|Sandygast, F|
|poke|p1|Walking Wake|
|poke|p1|Kingambit, M|
|poke|p1|Darkrai|
|poke|p2|Raging Bolt|
|poke|p2|Goodra-Hisui, M|
|poke|p2|Pelipper, F|
|poke|p2|Barraskewda, F|
|poke|p2|Overqwil, F|
|poke|p2|Toxicroak, F|
|teampreview
|c|☆GoodDarkrai|XD
|
|t:|1743794030
|start
|switch|p1a: Lokix|Lokix, M|100/100
|switch|p2a: Overqwil|Overqwil, F|100/100
|turn|1
|c|☆LazerSh0t99|let me cook
|
|t:|1743794037
|move|p1a: Lokix|First Impression|p2a: Overqwil
|-crit|p2a: Overqwil
|-damage|p2a: Overqwil|14/100
|move|p2a: Overqwil|Toxic Spikes|p1a: Lokix
|-sidestart|p1: GoodDarkrai|move: Toxic Spikes
|
|upkeep
|turn|2
|c|☆GoodDarkrai|I have sandygast in the back XD
|
|t:|1743794056
|switch|p2a: Pelipper|Pelipper, F|100/100
|-weather|RainDance|[from] ability: Drizzle|[of] p2a: Pelipper
|move|p1a: Lokix|Knock Off|p2a: Pelipper
|-damage|p2a: Pelipper|65/100
|-enditem|p2a: Pelipper|Damp Rock|[from] move: Knock Off|[of] p1a: Lokix
|
|-weather|RainDance|[upkeep]
|upkeep
|turn|3
|
|t:|1743794080
|move|p1a: Lokix|Swords Dance|p1a: Lokix
|-boost|p1a: Lokix|atk|2
|move|p2a: Pelipper|Tailwind|p2a: Pelipper
|-sidestart|p2: LazerSh0t99|move: Tailwind
|
|-weather|RainDance|[upkeep]
|upkeep
|turn|4
|
|t:|1743794086
|move|p1a: Lokix|Sucker Punch||[still]
|-fail|p1a: Lokix
|move|p2a: Pelipper|Roost|p2a: Pelipper
|-heal|p2a: Pelipper|100/100
|-singleturn|p2a: Pelipper|move: Roost
|
|-weather|RainDance|[upkeep]
|upkeep
|turn|5
|
|t:|1743794091
|move|p1a: Lokix|Knock Off|p2a: Pelipper
|-damage|p2a: Pelipper|53/100
|move|p2a: Pelipper|Hurricane|p1a: Lokix
|-supereffective|p1a: Lokix
|-damage|p1a: Lokix|0 fnt
|faint|p1a: Lokix
|
|-weather|RainDance|[upkeep]
|upkeep
|
|t:|1743794095
|switch|p1a: Darkrai|Darkrai|100/100
|turn|6
|
|t:|1743794100
|-terastallize|p1a: Darkrai|Poison
|move|p1a: Darkrai|Sludge Bomb|p2a: Pelipper
|-damage|p2a: Pelipper|0 fnt
|faint|p2a: Pelipper
|
|-weather|RainDance|[upkeep]
|-sideend|p2: LazerSh0t99|move: Tailwind
|upkeep
|
|t:|1743794122
|switch|p2a: Goodra|Goodra-Hisui, M|100/100
|turn|7
|
|t:|1743794126
|move|p1a: Darkrai|Focus Blast|p2a: Goodra
|-supereffective|p2a: Goodra
|-crit|p2a: Goodra
|-damage|p2a: Goodra|49/100
|move|p2a: Goodra|Earthquake|p1a: Darkrai
|-supereffective|p1a: Darkrai
|-damage|p1a: Darkrai|39/100
|
|-weather|RainDance|[upkeep]
|upkeep
|turn|8
|
|t:|1743794136
|move|p1a: Darkrai|Focus Blast|p2a: Goodra
|-supereffective|p2a: Goodra
|-damage|p2a: Goodra|13/100
|move|p2a: Goodra|Earthquake|p1a: Darkrai
|-supereffective|p1a: Darkrai
|-damage|p1a: Darkrai|0 fnt
|faint|p1a: Darkrai
|
|-weather|RainDance|[upkeep]
|upkeep
|
|t:|1743794143
|switch|p1a: Walking Wake|Walking Wake|100/100
|-status|p1a: Walking Wake|psn
|turn|9
|
|t:|1743794168
|move|p1a: Walking Wake|Hurricane|p2a: Goodra
|-resisted|p2a: Goodra
|-damage|p2a: Goodra|2/100
|-start|p2a: Goodra|confusion
|-activate|p2a: Goodra|confusion
|move|p2a: Goodra|Draco Meteor|p1a: Walking Wake
|-supereffective|p1a: Walking Wake
|-damage|p1a: Walking Wake|0 fnt
|-unboost|p2a: Goodra|spa|2
|faint|p1a: Walking Wake
|-end|p1a: Walking Wake|Protosynthesis|[silent]
|
|-weather|none
|upkeep
|
|t:|1743794174
|switch|p1a: Sandygast|Sandygast, F|100/100
|-status|p1a: Sandygast|psn
|turn|10
|
|t:|1743794200
|-activate|p2a: Goodra|confusion
|-damage|p2a: Goodra|0 fnt|[from] confusion
|faint|p2a: Goodra
|move|p1a: Sandygast|Stealth Rock|p2: Goodra
|-sidestart|p2: LazerSh0t99|move: Stealth Rock
|
|-damage|p1a: Sandygast|88/100 psn|[from] psn
|upkeep
|c|☆GoodDarkrai|let him cook
|
|t:|1743794204
|switch|p2a: Overqwil|Overqwil, F|14/100
|-damage|p2a: Overqwil|1/100|[from] Stealth Rock
|turn|11
|
|t:|1743794209
|move|p2a: Overqwil|Throat Chop|p1a: Sandygast
|-supereffective|p1a: Sandygast
|-damage|p1a: Sandygast|0 fnt
|faint|p1a: Sandygast
|-damage|p2a: Overqwil|0 fnt|[from] item: Life Orb
|faint|p2a: Overqwil
|
|upkeep
|c|☆GoodDarkrai|how dare you
|
|t:|1743794216
|switch|p2a: Toxicroak|Toxicroak, F|100/100
|switch|p1a: Iron Valiant|Iron Valiant|100/100
|-status|p1a: Iron Valiant|psn
|-damage|p2a: Toxicroak|94/100|[from] Stealth Rock
|-enditem|p1a: Iron Valiant|Booster Energy
|-activate|p1a: Iron Valiant|ability: Quark Drive|[fromitem]
|-start|p1a: Iron Valiant|quarkdrivespe
|turn|12
|
|t:|1743794226
|move|p2a: Toxicroak|Protect|p2a: Toxicroak
|-singleturn|p2a: Toxicroak|Protect
|move|p1a: Iron Valiant|Substitute|p1a: Iron Valiant
|-start|p1a: Iron Valiant|Substitute
|-damage|p1a: Iron Valiant|76/100 psn
|
|-heal|p2a: Toxicroak|100/100|[from] item: Leftovers
|-damage|p1a: Iron Valiant|63/100 psn|[from] psn
|upkeep
|turn|13
|
|t:|1743794230
|move|p1a: Iron Valiant|Spirit Break|p2a: Toxicroak
|-damage|p2a: Toxicroak|50/100
|-unboost|p2a: Toxicroak|spa|1
|move|p2a: Toxicroak|Swords Dance|p2a: Toxicroak
|-boost|p2a: Toxicroak|atk|2
|
|-heal|p2a: Toxicroak|56/100|[from] item: Leftovers
|-damage|p1a: Iron Valiant|51/100 psn|[from] psn
|upkeep
|turn|14
|
|t:|1743794244
|move|p2a: Toxicroak|Protect|p2a: Toxicroak
|-singleturn|p2a: Toxicroak|Protect
|move|p1a: Iron Valiant|Swords Dance|p1a: Iron Valiant
|-boost|p1a: Iron Valiant|atk|2
|
|-heal|p2a: Toxicroak|62/100|[from] item: Leftovers
|-damage|p1a: Iron Valiant|38/100 psn|[from] psn
|upkeep
|turn|15
|
|t:|1743794253
|move|p2a: Toxicroak|Sucker Punch|p1a: Iron Valiant
|-resisted|p1a: Iron Valiant
|-activate|p1a: Iron Valiant|move: Substitute|[damage]
|move|p1a: Iron Valiant|Spirit Break|p2a: Toxicroak
|-damage|p2a: Toxicroak|0 fnt
|faint|p2a: Toxicroak
|
|-damage|p1a: Iron Valiant|26/100 psn|[from] psn
|upkeep
|
|t:|1743794261
|switch|p2a: Barraskewda|Barraskewda, F|100/100
|-damage|p2a: Barraskewda|88/100|[from] Stealth Rock
|turn|16
|
|t:|1743794270
|move|p1a: Iron Valiant|Drain Punch|p2a: Barraskewda
|-damage|p2a: Barraskewda|0 fnt
|-heal|p1a: Iron Valiant|66/100 psn|[from] drain|[of] p2a: Barraskewda
|faint|p2a: Barraskewda
|
|-damage|p1a: Iron Valiant|53/100 psn|[from] psn
|upkeep
|
|t:|1743794273
|switch|p2a: Raging Bolt|Raging Bolt|100/100
|-damage|p2a: Raging Bolt|88/100|[from] Stealth Rock
|-enditem|p2a: Raging Bolt|Booster Energy
|-activate|p2a: Raging Bolt|ability: Protosynthesis|[fromitem]
|-start|p2a: Raging Bolt|protosynthesisspa
|turn|17
|c|☆GoodDarkrai|gg
|
|t:|1743794280
|-terastallize|p2a: Raging Bolt|Bug
|move|p1a: Iron Valiant|Spirit Break|p2a: Raging Bolt
|-damage|p2a: Raging Bolt|11/100
|-unboost|p2a: Raging Bolt|spa|1
|move|p2a: Raging Bolt|Thunder|p1a: Iron Valiant
|-end|p1a: Iron Valiant|Substitute
|
|-damage|p1a: Iron Valiant|41/100 psn|[from] psn
|upkeep
|turn|18
|
|t:|1743794287
|move|p2a: Raging Bolt|Thunderclap|p1a: Iron Valiant
|-damage|p1a: Iron Valiant|0 fnt
|faint|p1a: Iron Valiant
|-end|p1a: Iron Valiant|Quark Drive|[silent]
|
|upkeep
|
|t:|1743794290
|switch|p1a: Kingambit|Kingambit, M|100/100
|-activate|p1a: Kingambit|ability: Supreme Overlord
|-start|p1a: Kingambit|fallen5|[silent]
|turn|19
|
|t:|1743794301
|move|p2a: Raging Bolt|Thunderclap|p1a: Kingambit
|-damage|p1a: Kingambit|67/100
|move|p1a: Kingambit|Kowtow Cleave|p2a: Raging Bolt
|-damage|p2a: Raging Bolt|0 fnt
|faint|p2a: Raging Bolt
|-end|p2a: Raging Bolt|Protosynthesis|[silent]
|
|win|GoodDarkrai
|raw|GoodDarkrai's rating: 1053 &rarr; <strong>1091</strong><br />(+38 for winning)
|raw|LazerSh0t99's rating: 1118 &rarr; <strong>1088</strong><br />(-30 for losing)
|c|☆LazerSh0t99|gg
|c|☆GoodDarkrai|GG
|l|☆LazerSh0t99
|player|p2|
|l|☆GoodDarkrai
|player|p1|
