|j|☆Girafiger513
|j|☆Chessmaster91
|t:|1743790800
|gametype|singles
|player|p1|Girafiger513|101|1226
|player|p2|Chessmaster91|2|1186
|teamsize|p1|6
|teamsize|p2|6
|gen|9
|tier|[Gen 9] OU
|rated|
|rule|HP Percentage Mod: HP is shown in percentages
|rule|Endless Battle Clause: Forcing endless battles is banned
|rule|Species Clause: Limit one of each Pokémon
|rule|OHKO Clause: OHKO moves are banned
|rule|Evasion Items Clause: Evasion items are banned
|rule|Evasion Moves Clause: Evasion moves are banned
|rule|Sleep Moves Clause: Sleep-inducing moves are banned
|clearpoke
|poke|p1|Cinderace, M|
|poke|p1|Metagross|
|poke|p1|Lucario, F|
|poke|p1|Swampert, F|
|poke|p1|Goodra, M|
|poke|p1|Dragapult, F|
|poke|p2|Ludicolo, F|
|poke|p2|Lombre, M|
|poke|p2|Pelipper, F|
|poke|p2|Zapdos|
|poke|p2|Barraskewda, M|
|poke|p2|Scizor, M|
|teampreview
|inactive|Battle timer is ON: inactive players will automatically lose when time's up. (requested by Girafiger513)
|
|t:|1743790808
|start
|switch|p1a: Metagross|Metagross, shiny|100/100
|switch|p2a: Not Gholdengo|Pelipper, F|100/100
|-weather|RainDance|[from] ability: Drizzle|[of] p2a: Not Gholdengo
|turn|1
|
|t:|1743790816
|move|p1a: Metagross|Agility|p1a: Metagross
|-boost|p1a: Metagross|spe|2
|move|p2a: Not Gholdengo|Knock Off|p1a: Metagross
|-supereffective|p1a: Metagross
|-damage|p1a: Metagross|81/100
|-enditem|p1a: Metagross|Weakness Policy
|-boost|p1a: Metagross|atk|2|[from] item: Weakness Policy
|-boost|p1a: Metagross|spa|2|[from] item: Weakness Policy
|
|-weather|RainDance|[upkeep]
|upkeep
|turn|2
|
|t:|1743790829
|move|p1a: Metagross|Psychic Fangs|p2a: Not Gholdengo
|-damage|p2a: Not Gholdengo|30/100
|move|p2a: Not Gholdengo|Weather Ball|p1a: Metagross
|-damage|p1a: Metagross|17/100
|
|-weather|RainDance|[upkeep]
|upkeep
|turn|3
|
|t:|1743790841
|switch|p2a: La Niña|Ludicolo, F|100/100
|move|p1a: Metagross|Psychic Fangs|p2a: La Niña
|-crit|p2a: La Niña
|-damage|p2a: La Niña|0 fnt
|faint|p2a: La Niña
|
|-weather|RainDance|[upkeep]
|upkeep
|
|t:|1743790850
|switch|p2a: That One GH3 Song|Barraskewda, M|100/100
|turn|4
|
|t:|1743790856
|move|p2a: That One GH3 Song|Liquidation|p1a: Metagross
|-damage|p1a: Metagross|0 fnt
|faint|p1a: Metagross
|-damage|p2a: That One GH3 Song|91/100|[from] item: Life Orb
|
|-weather|RainDance|[upkeep]
|upkeep
|
|t:|1743790866
|switch|p1a: Swampert|Swampert, F|100/100
|turn|5
|
|t:|1743790871
|switch|p2a: Not Gholdengo|Pelipper, F|30/100
|move|p1a: Swampert|Knock Off|p2a: Not Gholdengo
|-damage|p2a: Not Gholdengo|3/100
|-enditem|p2a: Not Gholdengo|Damp Rock|[from] move: Knock Off|[of] p1a: Swampert
|
|-weather|RainDance|[upkeep]
|upkeep
|turn|6
|
|t:|1743790880
|move|p2a: Not Gholdengo|Roost|p2a: Not Gholdengo
|-heal|p2a: Not Gholdengo|53/100
|-singleturn|p2a: Not Gholdengo|move: Roost
|move|p1a: Swampert|Flip Turn|p2a: Not Gholdengo
|-resisted|p2a: Not Gholdengo
|-damage|p2a: Not Gholdengo|36/100
|
|t:|1743790891
|switch|p1a: Dragapult|Dragapult, F|100/100|[from] Flip Turn
|
|-weather|RainDance|[upkeep]
|upkeep
|turn|7
|
|t:|1743790899
|move|p1a: Dragapult|Dragon Darts|p2a: Not Gholdengo
|-damage|p2a: Not Gholdengo|9/100
|-anim|p1a: Dragapult|Dragon Darts|p2a: Not Gholdengo
|-damage|p2a: Not Gholdengo|0 fnt
|faint|p2a: Not Gholdengo
|
|-weather|RainDance|[upkeep]
|upkeep
|
|t:|1743790906
|switch|p2a: El Niño|Lombre, M|100/100
|turn|8
|
|t:|1743790910
|move|p1a: Dragapult|Dragon Darts|p2a: El Niño
|-damage|p2a: El Niño|64/100
|-anim|p1a: Dragapult|Dragon Darts|p2a: El Niño
|-damage|p2a: El Niño|30/100
|move|p2a: El Niño|Leech Seed|p1a: Dragapult
|-start|p1a: Dragapult|move: Leech Seed
|
|-weather|none
|-damage|p1a: Dragapult|88/100|[from] Leech Seed|[of] p2a: El Niño
|-heal|p2a: El Niño|45/100|[silent]
|upkeep
|turn|9
|
|t:|1743790919
|move|p2a: El Niño|Protect|p2a: El Niño
|-singleturn|p2a: El Niño|Protect
|move|p1a: Dragapult|Dragon Darts|p2a: El Niño
|-activate|p2a: El Niño|move: Protect
|
|-damage|p1a: Dragapult|76/100|[from] Leech Seed|[of] p2a: El Niño
|-heal|p2a: El Niño|60/100|[silent]
|upkeep
|turn|10
|
|t:|1743790928
|move|p2a: El Niño|Protect||[still]
|-fail|p2a: El Niño
|move|p1a: Dragapult|Dragon Darts|p2a: El Niño
|-damage|p2a: El Niño|26/100
|-anim|p1a: Dragapult|Dragon Darts|p2a: El Niño
|-damage|p2a: El Niño|0 fnt
|faint|p2a: El Niño
|
|upkeep
|
|t:|1743790937
|switch|p2a: Mega Kingler|Scizor, M|100/100
|turn|11
|
|t:|1743790945
|switch|p1a: Cinderace|Cinderace, M|100/100
|move|p2a: Mega Kingler|Swords Dance|p2a: Mega Kingler
|-boost|p2a: Mega Kingler|atk|2
|
|upkeep
|turn|12
|
|t:|1743790955
|-terastallize|p2a: Mega Kingler|Water
|move|p1a: Cinderace|Pyro Ball|p2a: Mega Kingler
|-resisted|p2a: Mega Kingler
|-damage|p2a: Mega Kingler|73/100
|move|p2a: Mega Kingler|Knock Off|p1a: Cinderace
|-damage|p1a: Cinderace|0 fnt
|-enditem|p1a: Cinderace|Heavy-Duty Boots|[from] move: Knock Off|[of] p2a: Mega Kingler
|faint|p1a: Cinderace
|
|-heal|p2a: Mega Kingler|79/100|[from] item: Leftovers
|upkeep
|
|t:|1743790968
|switch|p1a: Goodra|Goodra, M|100/100
|turn|13
|
|t:|1743790972
|move|p1a: Goodra|Power Whip|p2a: Mega Kingler|[miss]
|-miss|p1a: Goodra|p2a: Mega Kingler
|move|p2a: Mega Kingler|Knock Off|p1a: Goodra
|-damage|p1a: Goodra|0 fnt
|-enditem|p1a: Goodra|Leftovers|[from] move: Knock Off|[of] p2a: Mega Kingler
|faint|p1a: Goodra
|
|-heal|p2a: Mega Kingler|85/100|[from] item: Leftovers
|upkeep
|
|t:|1743790984
|switch|p1a: Dragapult|Dragapult, F|76/100
|turn|14
|
|t:|1743790990
|move|p2a: Mega Kingler|Bullet Punch|p1a: Dragapult
|-damage|p1a: Dragapult|0 fnt
|faint|p1a: Dragapult
|
|-heal|p2a: Mega Kingler|91/100|[from] item: Leftovers
|upkeep
|
|t:|1743790996
|switch|p1a: Swampert|Swampert, F|100/100
|turn|15
|
|t:|1743791000
|move|p2a: Mega Kingler|Knock Off|p1a: Swampert
|-damage|p1a: Swampert|36/100
|-enditem|p1a: Swampert|Assault Vest|[from] move: Knock Off|[of] p2a: Mega Kingler
|move|p1a: Swampert|Earthquake|p2a: Mega Kingler
|-damage|p2a: Mega Kingler|41/100
|
|-heal|p2a: Mega Kingler|48/100|[from] item: Leftovers
|upkeep
|turn|16
|
|t:|1743791009
|move|p2a: Mega Kingler|Knock Off|p1a: Swampert
|-damage|p1a: Swampert|0 fnt
|faint|p1a: Swampert
|
|-heal|p2a: Mega Kingler|54/100|[from] item: Leftovers
|upkeep
|
|t:|1743791015
|switch|p1a: Lucario|Lucario, F, shiny|100/100
|turn|17
|
|t:|1743791019
|move|p2a: Mega Kingler|Bullet Punch|p1a: Lucario
|-resisted|p1a: Lucario
|-damage|p1a: Lucario|40/100
|move|p1a: Lucario|Nasty Plot|p1a: Lucario
|-boost|p1a: Lucario|spa|2
|
|-heal|p2a: Mega Kingler|60/100|[from] item: Leftovers
|upkeep
|turn|18
|
|t:|1743791029
|-terastallize|p1a: Lucario|Fighting
|move|p1a: Lucario|Vacuum Wave|p2a: Mega Kingler
|-damage|p2a: Mega Kingler|0 fnt
|faint|p2a: Mega Kingler
|-damage|p1a: Lucario|30/100|[from] item: Life Orb
|
|upkeep
|
|t:|1743791036
|switch|p2a: Pretty Solid|Zapdos|100/100
|turn|19
|
|t:|1743791044
|move|p1a: Lucario|Vacuum Wave|p2a: Pretty Solid
|-resisted|p2a: Pretty Solid
|-damage|p2a: Pretty Solid|65/100
|-damage|p1a: Lucario|20/100|[from] item: Life Orb
|move|p2a: Pretty Solid|Roost|p2a: Pretty Solid
|-heal|p2a: Pretty Solid|100/100
|-singleturn|p2a: Pretty Solid|move: Roost
|
|upkeep
|turn|20
|
|t:|1743791056
|move|p2a: Pretty Solid|Weather Ball|p1a: Lucario
|-damage|p1a: Lucario|0 fnt
|faint|p1a: Lucario
|
|win|Chessmaster91
|raw|Girafiger513's rating: 1226 &rarr; <strong>1198</strong><br />(-28 for losing)
|raw|Chessmaster91's rating: 1186 &rarr; <strong>1214</strong><br />(+28 for winning)
|c|☆Chessmaster91|Gg
|l|☆Girafiger513
|player|p1|
