|j|☆Ademsam
|j|☆AZZBoi
|t:|1743936084
|gametype|singles
|player|p1|Ademsam|102|1216
|player|p2|AZZBoi|2|1176
|teamsize|p1|6
|teamsize|p2|6
|gen|9
|tier|[Gen 9] OU
|rated|
|rule|HP Percentage Mod: HP is shown in percentages
|rule|Endless Battle Clause: Forcing endless battles is banned
|rule|Species Clause: Limit one of each Pokémon
|rule|OHKO Clause: OHKO moves are banned
|rule|Evasion Items Clause: Evasion items are banned
|rule|Evasion Moves Clause: Evasion moves are banned
|rule|Sleep Moves Clause: Sleep-inducing moves are banned
|clearpoke
|poke|p1|Infernape, M|
|poke|p1|Garchomp, M|
|poke|p1|Lilligant-Hisui, F|
|poke|p1|Piloswine, M|
|poke|p1|Iron Moth|
|poke|p1|Meowstic-F, F|
|poke|p2|Gyarados, F|
|poke|p2|Dragonite, M|
|poke|p2|Incineroar, M|
|poke|p2|Landorus-Therian, M|
|poke|p2|Deoxys-Speed|
|poke|p2|Zapdos|
|teampreview
|
|t:|1743936109
|start
|switch|p1a: Meowstic|Meowstic-F, F|100/100
|switch|p2a: Deoxys|Deoxys-Speed|100/100
|-ability|p2a: Deoxys|Pressure
|turn|1
|inactive|Battle timer is ON: inactive players will automatically lose when time's up. (requested by Ademsam)
|
|t:|1743936150
|move|p2a: Deoxys|Shadow Ball|p1a: Meowstic
|-supereffective|p1a: Meowstic
|-damage|p1a: Meowstic|13/100
|-damage|p2a: Deoxys|91/100|[from] item: Life Orb
|move|p1a: Meowstic|Trailblaze|p2a: Deoxys
|-damage|p2a: Deoxys|82/100
|-boost|p1a: Meowstic|spe|1
|
|upkeep
|turn|2
|
|t:|1743936167
|move|p2a: Deoxys|Shadow Ball|p1a: Meowstic
|-supereffective|p1a: Meowstic
|-damage|p1a: Meowstic|0 fnt
|faint|p1a: Meowstic
|-damage|p2a: Deoxys|72/100|[from] item: Life Orb
|
|upkeep
|
|t:|1743936180
|switch|p1a: Piloswine|Piloswine, M|100/100
|turn|3
|
|t:|1743936195
|switch|p2a: Dragonite|Dragonite, M|100/100
|move|p1a: Piloswine|Earthquake|p2a: Dragonite
|-immune|p2a: Dragonite
|
|upkeep
|turn|4
|
|t:|1743936204
|-terastallize|p2a: Dragonite|Normal
|move|p2a: Dragonite|Dragon Dance|p2a: Dragonite
|-boost|p2a: Dragonite|atk|1
|-boost|p2a: Dragonite|spe|1
|move|p1a: Piloswine|Ice Fang|p2a: Dragonite
|-damage|p2a: Dragonite|87/100
|
|upkeep
|turn|5
|
|t:|1743936213
|move|p2a: Dragonite|Fire Punch|p1a: Piloswine
|-supereffective|p1a: Piloswine
|-damage|p1a: Piloswine|72/100
|move|p1a: Piloswine|Earthquake|p2a: Dragonite
|-damage|p2a: Dragonite|48/100
|
|upkeep
|turn|6
|inactive|AZZBoi has 120 seconds left.
|
|t:|1743936247
|move|p2a: Dragonite|Extreme Speed|p1a: Piloswine
|-damage|p1a: Piloswine|25/100
|move|p1a: Piloswine|Earthquake|p2a: Dragonite
|-damage|p2a: Dragonite|9/100
|
|upkeep
|turn|7
|
|t:|1743936255
|move|p2a: Dragonite|Fire Punch|p1a: Piloswine
|-supereffective|p1a: Piloswine
|-damage|p1a: Piloswine|0 fnt
|faint|p1a: Piloswine
|
|upkeep
|
|t:|1743936268
|switch|p1a: Infernape|Infernape, M|100/100
|turn|8
|
|t:|1743936276
|move|p1a: Infernape|Mach Punch|p2a: Dragonite
|-supereffective|p2a: Dragonite
|-damage|p2a: Dragonite|0 fnt
|faint|p2a: Dragonite
|-damage|p1a: Infernape|91/100|[from] item: Life Orb
|
|upkeep
|
|t:|1743936285
|switch|p2a: Landorus|Landorus-Therian, M|100/100
|-ability|p2a: Landorus|Intimidate|boost
|-unboost|p1a: Infernape|atk|1
|turn|9
|
|t:|1743936296
|move|p1a: Infernape|Mach Punch|p2a: Landorus
|-resisted|p2a: Landorus
|-damage|p2a: Landorus|94/100
|-damage|p1a: Infernape|74/100|[from] item: Rocky Helmet|[of] p2a: Landorus
|-damage|p1a: Infernape|64/100|[from] item: Life Orb
|move|p2a: Landorus|Stealth Rock|p1a: Infernape
|-sidestart|p1: Ademsam|move: Stealth Rock
|
|upkeep
|turn|10
|
|t:|1743936320
|move|p1a: Infernape|Close Combat|p2a: Landorus
|-resisted|p2a: Landorus
|-damage|p2a: Landorus|76/100
|-unboost|p1a: Infernape|def|1
|-unboost|p1a: Infernape|spd|1
|-damage|p1a: Infernape|48/100|[from] item: Rocky Helmet|[of] p2a: Landorus
|-damage|p1a: Infernape|38/100|[from] item: Life Orb
|move|p2a: Landorus|Earthquake|p1a: Infernape
|-supereffective|p1a: Infernape
|-damage|p1a: Infernape|0 fnt
|faint|p1a: Infernape
|
|upkeep
|
|t:|1743936330
|switch|p1a: Lilligant|Lilligant-Hisui, F|100/100
|-damage|p1a: Lilligant|94/100|[from] Stealth Rock
|turn|11
|
|t:|1743936347
|move|p1a: Lilligant|Victory Dance|p1a: Lilligant
|-boost|p1a: Lilligant|atk|1
|-boost|p1a: Lilligant|def|1
|-boost|p1a: Lilligant|spe|1
|move|p2a: Landorus|U-turn|p1a: Lilligant
|-damage|p1a: Lilligant|74/100
|
|t:|1743936355
|switch|p2a: Gyarados|Gyarados, F|100/100|[from] U-turn
|
|upkeep
|turn|12
|
|t:|1743936363
|move|p1a: Lilligant|Victory Dance|p1a: Lilligant
|-boost|p1a: Lilligant|atk|1
|-boost|p1a: Lilligant|def|1
|-boost|p1a: Lilligant|spe|1
|move|p2a: Gyarados|Ice Fang|p1a: Lilligant
|-supereffective|p1a: Lilligant
|-damage|p1a: Lilligant|46/100
|
|upkeep
|turn|13
|
|t:|1743936376
|move|p1a: Lilligant|Victory Dance|p1a: Lilligant
|-boost|p1a: Lilligant|atk|1
|-boost|p1a: Lilligant|def|1
|-boost|p1a: Lilligant|spe|1
|move|p2a: Gyarados|Ice Fang|p1a: Lilligant
|-supereffective|p1a: Lilligant
|-damage|p1a: Lilligant|23/100
|
|upkeep
|turn|14
|
|t:|1743936399
|switch|p2a: Landorus|Landorus-Therian, M|76/100
|-ability|p2a: Landorus|Intimidate|boost
|-unboost|p1a: Lilligant|atk|1
|move|p1a: Lilligant|Leaf Blade|p2a: Landorus
|-crit|p2a: Landorus
|-damage|p2a: Landorus|0 fnt
|-damage|p1a: Lilligant|7/100|[from] item: Rocky Helmet|[of] p2a: Landorus
|faint|p2a: Landorus
|-heal|p1a: Lilligant|20/100|[from] item: Shell Bell|[of] p2: Landorus
|
|upkeep
|
|t:|1743936411
|switch|p2a: Zapdos|Zapdos|100/100
|turn|15
|inactive|Ademsam has 120 seconds left.
|
|t:|1743936445
|-terastallize|p1a: Lilligant|Steel
|move|p1a: Lilligant|Ice Spinner|p2a: Zapdos
|-supereffective|p2a: Zapdos
|-damage|p2a: Zapdos|29/100
|-status|p1a: Lilligant|par|[from] ability: Static|[of] p2a: Zapdos
|-heal|p1a: Lilligant|32/100 par|[from] item: Shell Bell|[of] p2a: Zapdos
|move|p2a: Zapdos|Heat Wave|p1a: Lilligant|[miss]
|-miss|p2a: Zapdos|p1a: Lilligant
|
|upkeep
|turn|16
|
|t:|1743936459
|move|p1a: Lilligant|Victory Dance|p1a: Lilligant
|-boost|p1a: Lilligant|atk|1
|-boost|p1a: Lilligant|def|1
|-boost|p1a: Lilligant|spe|1
|move|p2a: Zapdos|Volt Switch|p1a: Lilligant
|-damage|p1a: Lilligant|0 fnt
|faint|p1a: Lilligant
|
|t:|1743936479
|switch|p2a: Deoxys|Deoxys-Speed|72/100|[from] Volt Switch
|-ability|p2a: Deoxys|Pressure
|
|upkeep
|
|t:|1743936482
|switch|p1a: Garchomp|Garchomp, M|100/100
|-damage|p1a: Garchomp|94/100|[from] Stealth Rock
|turn|17
|
|t:|1743936500
|move|p2a: Deoxys|Ice Beam|p1a: Garchomp
|-supereffective|p1a: Garchomp
|-damage|p1a: Garchomp|0 fnt
|faint|p1a: Garchomp
|-damage|p2a: Deoxys|62/100|[from] item: Life Orb
|
|upkeep
|
|t:|1743936503
|switch|p1a: Iron Moth|Iron Moth|100/100
|-damage|p1a: Iron Moth|76/100|[from] Stealth Rock
|-enditem|p1a: Iron Moth|Booster Energy
|-activate|p1a: Iron Moth|ability: Quark Drive|[fromitem]
|-start|p1a: Iron Moth|quarkdrivespa
|turn|18
|
|t:|1743936518
|move|p2a: Deoxys|Psycho Boost|p1a: Iron Moth
|-supereffective|p1a: Iron Moth
|-damage|p1a: Iron Moth|0 fnt
|-unboost|p2a: Deoxys|spa|2
|faint|p1a: Iron Moth
|-end|p1a: Iron Moth|Quark Drive|[silent]
|-damage|p2a: Deoxys|52/100|[from] item: Life Orb
|
|win|AZZBoi
|raw|Ademsam's rating: 1216 &rarr; <strong>1188</strong><br />(-28 for losing)
|raw|AZZBoi's rating: 1176 &rarr; <strong>1204</strong><br />(+28 for winning)
|l|☆AZZBoi
|player|p2|
