|j|☆el dumpo
|j|☆tractoryeet
|t:|1743797591
|gametype|singles
|player|p1|el dumpo|101|1445
|player|p2|tractoryeet|169|1463
|teamsize|p1|6
|teamsize|p2|6
|gen|9
|tier|[Gen 9] OU
|rated|
|rule|HP Percentage Mod: HP is shown in percentages
|rule|Endless Battle Clause: Forcing endless battles is banned
|rule|Species Clause: Limit one of each Pokémon
|rule|OHKO Clause: OHKO moves are banned
|rule|Evasion Items Clause: Evasion items are banned
|rule|Evasion Moves Clause: Evasion moves are banned
|rule|Sleep Moves Clause: Sleep-inducing moves are banned
|clearpoke
|poke|p1|Samurott-Hisui, M|
|poke|p1|Ogerpon-Cornerstone, F|
|poke|p1|Gliscor, F|
|poke|p1|Gholdengo|
|poke|p1|Primarina, M|
|poke|p1|Corviknight, M|
|poke|p2|Hatterene, F|
|poke|p2|Ursaluna, F|
|poke|p2|Walking Wake|
|poke|p2|Hoopa-Unbound|
|poke|p2|Indeedee, M|
|poke|p2|Torkoal, M|
|teampreview
|inactive|Battle timer is ON: inactive players will automatically lose when time's up. (requested by tractoryeet)
|c|☆tractoryeet|Glhf
|c|☆tractoryeet|Testing this team
|c|☆el dumpo|same
|inactive|el dumpo has 120 seconds left.
|c|☆el dumpo|this is my third game but the first was stall who forfeited turn 8, second forfeited turn 1
|c|☆el dumpo|so
|c|☆el dumpo|not much data
|c|☆tractoryeet|Word lol
|inactive|el dumpo has 90 seconds left.
|c|☆tractoryeet|I literally just now made this
|
|t:|1743797661
|start
|switch|p1a: Gliscor|Gliscor, F|100/100
|switch|p2a: Hatterene|Hatterene, F|100/100
|turn|1
|
|t:|1743797666
|move|p1a: Gliscor|Knock Off|p2a: Hatterene
|-damage|p2a: Hatterene|77/100
|-enditem|p2a: Hatterene|Focus Sash|[from] move: Knock Off|[of] p1a: Gliscor
|move|p2a: Hatterene|Trick Room|p2a: Hatterene
|-fieldstart|move: Trick Room|[of] p2a: Hatterene
|
|-status|p1a: Gliscor|tox|[from] item: Toxic Orb
|upkeep
|turn|2
|
|t:|1743797675
|move|p2a: Hatterene|Psychic|p1a: Gliscor
|-damage|p1a: Gliscor|36/100 tox
|move|p1a: Gliscor|U-turn|p2a: Hatterene
|-damage|p2a: Hatterene|61/100
|
|t:|1743797680
|switch|p1a: Primarina|Primarina, M|100/100|[from] U-turn
|
|upkeep
|turn|3
|
|t:|1743797693
|switch|p2a: Erazor Djinn|Hoopa-Unbound|100/100
|move|p1a: Primarina|Surf|p2a: Erazor Djinn
|-damage|p2a: Erazor Djinn|62/100
|
|upkeep
|turn|4
|
|t:|1743797714
|move|p2a: Erazor Djinn|Thunderbolt|p1a: Primarina
|-supereffective|p1a: Primarina
|-damage|p1a: Primarina|33/100
|-damage|p2a: Erazor Djinn|52/100|[from] item: Life Orb
|move|p1a: Primarina|Moonblast|p2a: Erazor Djinn
|-supereffective|p2a: Erazor Djinn
|-damage|p2a: Erazor Djinn|0 fnt
|faint|p2a: Erazor Djinn
|
|upkeep
|
|t:|1743797723
|switch|p2a: Ursaluna|Ursaluna, F|100/100
|turn|5
|
|t:|1743797734
|switch|p1a: Corviknight|Corviknight, M|100/100
|-ability|p1a: Corviknight|Pressure
|move|p2a: Ursaluna|Headlong Rush|p1a: Corviknight
|-immune|p1a: Corviknight
|
|-fieldend|move: Trick Room
|-status|p2a: Ursaluna|brn|[from] item: Flame Orb
|upkeep
|turn|6
|
|t:|1743797744
|switch|p2a: Torkoal|Torkoal, M|100/100
|-weather|SunnyDay|[from] ability: Drought|[of] p2a: Torkoal
|move|p1a: Corviknight|U-turn|p2a: Torkoal
|-resisted|p2a: Torkoal
|-damage|p2a: Torkoal|95/100
|-enditem|p2a: Torkoal|Eject Button
|
|t:|1743797747
|switch|p2a: Walking Wake|Walking Wake|100/100
|-activate|p2a: Walking Wake|ability: Protosynthesis
|-start|p2a: Walking Wake|protosynthesisspe
|
|-weather|SunnyDay|[upkeep]
|upkeep
|turn|7
|c|☆el dumpo|Cool concept
|c|☆tractoryeet|Thank you!
|inactive|el dumpo has 120 seconds left.
|
|t:|1743797793
|switch|p1a: Samurott|Samurott-Hisui, M|100/100
|-terastallize|p2a: Walking Wake|Water
|move|p2a: Walking Wake|Hydro Steam|p1a: Samurott
|-resisted|p1a: Samurott
|-damage|p1a: Samurott|17/100
|
|-weather|SunnyDay|[upkeep]
|upkeep
|turn|8
|
|t:|1743797800
|switch|p1a: Primarina|Primarina, M|33/100
|move|p2a: Walking Wake|Hydro Steam|p1a: Primarina
|-resisted|p1a: Primarina
|-damage|p1a: Primarina|0 fnt
|faint|p1a: Primarina
|
|-weather|SunnyDay|[upkeep]
|upkeep
|
|t:|1743797810
|switch|p1a: Gholdengo|Gholdengo|100/100
|-item|p1a: Gholdengo|Air Balloon
|turn|9
|
|t:|1743797816
|move|p2a: Walking Wake|Hydro Steam|p1a: Gholdengo
|-crit|p1a: Gholdengo
|-damage|p1a: Gholdengo|0 fnt
|-enditem|p1a: Gholdengo|Air Balloon
|faint|p1a: Gholdengo
|
|-weather|SunnyDay|[upkeep]
|upkeep
|
|t:|1743797820
|switch|p1a: Ogerpon|Ogerpon-Cornerstone, F|100/100
|turn|10
|c|☆el dumpo|bruh
|
|t:|1743797826
|move|p2a: Walking Wake|Hydro Steam|p1a: Ogerpon
|-ability|p1a: Ogerpon|Sturdy
|-damage|p1a: Ogerpon|1/100
|move|p1a: Ogerpon|Power Whip|p2a: Walking Wake
|-supereffective|p2a: Walking Wake
|-damage|p2a: Walking Wake|0 fnt
|faint|p2a: Walking Wake
|-end|p2a: Walking Wake|Protosynthesis|[silent]
|
|-weather|none
|upkeep
|
|t:|1743797830
|switch|p2a: Torkoal|Torkoal, M|95/100
|-weather|SunnyDay|[from] ability: Drought|[of] p2a: Torkoal
|turn|11
|
|t:|1743797841
|switch|p1a: Gliscor|Gliscor, F|36/100 tox
|move|p2a: Torkoal|Rapid Spin|p1a: Gliscor
|-damage|p1a: Gliscor|30/100 tox
|-boost|p2a: Torkoal|spe|1
|
|-weather|SunnyDay|[upkeep]
|-heal|p1a: Gliscor|43/100 tox|[from] ability: Poison Heal
|upkeep
|turn|12
|
|t:|1743797851
|move|p1a: Gliscor|Knock Off|p2a: Torkoal
|-damage|p2a: Torkoal|83/100
|move|p2a: Torkoal|Solar Beam||[still]
|-prepare|p2a: Torkoal|Solar Beam
|-anim|p2a: Torkoal|Solar Beam|p1a: Gliscor
|-damage|p1a: Gliscor|2/100 tox
|
|-weather|SunnyDay|[upkeep]
|-heal|p1a: Gliscor|15/100 tox|[from] ability: Poison Heal
|upkeep
|turn|13
|c|☆tractoryeet|Oof. Lost my tera
|
|t:|1743797858
|move|p1a: Gliscor|Earthquake|p2a: Torkoal
|-supereffective|p2a: Torkoal
|-damage|p2a: Torkoal|31/100
|move|p2a: Torkoal|Eruption|p1a: Gliscor
|-crit|p1a: Gliscor
|-damage|p1a: Gliscor|0 fnt
|faint|p1a: Gliscor
|
|-weather|SunnyDay|[upkeep]
|upkeep
|
|t:|1743797878
|switch|p1a: Samurott|Samurott-Hisui, M|17/100
|turn|14
|c|☆tractoryeet|Maybe i should try physical hoopa instead of special?
|c|☆tractoryeet|I wanted to do expanding force with indeedee
|inactive|el dumpo has 120 seconds left.
|c|☆tractoryeet|Not sure.
|c|☆el dumpo|maybe you need more pivoting then
|
|t:|1743797910
|move|p1a: Samurott|Aqua Cutter|p2a: Torkoal
|-supereffective|p2a: Torkoal
|-damage|p2a: Torkoal|0 fnt
|faint|p2a: Torkoal
|
|-weather|SunnyDay|[upkeep]
|upkeep
|
|t:|1743797915
|switch|p2a: Hatterene|Hatterene, F|61/100
|turn|15
|
|t:|1743797918
|move|p1a: Samurott|Aqua Cutter|p2a: Hatterene
|-damage|p2a: Hatterene|32/100
|move|p2a: Hatterene|Trick Room|p2a: Hatterene
|-fieldstart|move: Trick Room|[of] p2a: Hatterene
|
|-weather|none
|upkeep
|turn|16
|
|t:|1743797925
|move|p2a: Hatterene|Dazzling Gleam|p1a: Samurott
|-supereffective|p1a: Samurott
|-damage|p1a: Samurott|0 fnt
|faint|p1a: Samurott
|
|upkeep
|
|t:|1743797928
|switch|p1a: Corviknight|Corviknight, M|100/100
|-ability|p1a: Corviknight|Pressure
|turn|17
|c|☆tractoryeet|Perhaps
|
|t:|1743797935
|move|p2a: Hatterene|Healing Wish|p2a: Hatterene
|faint|p2a: Hatterene
|move|p1a: Corviknight|Brave Bird|p2: Hatterene|[notarget]
|-fail|p1a: Corviknight
|
|upkeep
|
|t:|1743797937
|switch|p2a: Ursaluna|Ursaluna, F|100/100 brn
|-heal|p2a: Ursaluna|100/100|[from] move: Healing Wish
|turn|18
|
|t:|1743797944
|move|p2a: Ursaluna|Facade|p1a: Corviknight
|-resisted|p1a: Corviknight
|-damage|p1a: Corviknight|88/100
|-damage|p2a: Ursaluna|84/100|[from] item: Rocky Helmet|[of] p1a: Corviknight
|move|p1a: Corviknight|Brave Bird|p2a: Ursaluna
|-damage|p2a: Ursaluna|58/100
|-damage|p1a: Corviknight|79/100|[from] Recoil
|
|-status|p2a: Ursaluna|brn|[from] item: Flame Orb
|upkeep
|turn|19
|
|t:|1743797955
|move|p2a: Ursaluna|Drain Punch|p1a: Corviknight
|-damage|p1a: Corviknight|51/100
|-heal|p2a: Ursaluna|71/100 brn|[from] drain|[of] p1a: Corviknight
|-damage|p2a: Ursaluna|54/100 brn|[from] item: Rocky Helmet|[of] p1a: Corviknight
|move|p1a: Corviknight|Roost|p1a: Corviknight
|-heal|p1a: Corviknight|100/100
|-singleturn|p1a: Corviknight|move: Roost
|
|-damage|p2a: Ursaluna|48/100 brn|[from] brn
|-fieldend|move: Trick Room
|upkeep
|turn|20
|c|☆tractoryeet|Shouldve switched out walking wake ngl
|
|t:|1743797974
|move|p1a: Corviknight|Brave Bird|p2a: Ursaluna
|-damage|p2a: Ursaluna|18/100 brn
|-damage|p1a: Corviknight|89/100|[from] Recoil
|move|p2a: Ursaluna|Drain Punch|p1a: Corviknight
|-damage|p1a: Corviknight|61/100
|-heal|p2a: Ursaluna|31/100 brn|[from] drain|[of] p1a: Corviknight
|-damage|p2a: Ursaluna|14/100 brn|[from] item: Rocky Helmet|[of] p1a: Corviknight
|
|-damage|p2a: Ursaluna|8/100 brn|[from] brn
|upkeep
|turn|21
|c|☆el dumpo|I shoulda gone ogerpon in the first place that was dum
|
|t:|1743797986
|move|p1a: Corviknight|Brave Bird|p2a: Ursaluna
|-damage|p2a: Ursaluna|0 fnt
|faint|p2a: Ursaluna
|-damage|p1a: Corviknight|58/100|[from] Recoil
|
|upkeep
|
|t:|1743797988
|switch|p2a: Indeedee|Indeedee, M|100/100
|-fieldstart|move: Psychic Terrain|[from] ability: Psychic Surge|[of] p2a: Indeedee
|turn|22
|
|t:|1743797992
|move|p2a: Indeedee|Expanding Force|p1a: Corviknight
|-resisted|p1a: Corviknight
|-damage|p1a: Corviknight|31/100
|move|p1a: Corviknight|Brave Bird|p2a: Indeedee
|-damage|p2a: Indeedee|62/100
|-damage|p1a: Corviknight|21/100|[from] Recoil
|
|upkeep
|turn|23
|c|☆el dumpo|bro if you are scarf im fucked
|
|t:|1743798006
|move|p2a: Indeedee|Expanding Force|p1a: Corviknight
|-resisted|p1a: Corviknight
|-damage|p1a: Corviknight|0 fnt
|faint|p1a: Corviknight
|
|upkeep
|
|t:|1743798008
|switch|p1a: Ogerpon|Ogerpon-Cornerstone, F|1/100
|turn|24
|c|☆el dumpo|im so dumb i shoulda roosted
|
|t:|1743798018
|move|p1a: Ogerpon|Knock Off|p2a: Indeedee
|-supereffective|p2a: Indeedee
|-damage|p2a: Indeedee|0 fnt
|-enditem|p2a: Indeedee|Terrain Extender|[from] move: Knock Off|[of] p1a: Ogerpon
|faint|p2a: Indeedee
|
|win|el dumpo
|raw|el dumpo's rating: 1445 &rarr; <strong>1466</strong><br />(+21 for winning)
|raw|tractoryeet's rating: 1463 &rarr; <strong>1442</strong><br />(-21 for losing)
|c|☆tractoryeet|Nope
|c|☆el dumpo|ggs
|c|☆tractoryeet|Gg
|c|☆tractoryeet|Was a good test. I think i need to get a feel of the team before making adjustments
|c|☆tractoryeet|I have terrain extender instead of scarf as a second trick room setter
|c|☆tractoryeet|5 turns of tr for Ursaluna and hoopa isnt enough
|c|☆tractoryeet|All good ill figure my stuff out. Thx for the battles
