|j|☆KillerB1000
|j|☆Noob da 7
|t:|1743937648
|gametype|singles
|player|p1|KillerB1000|scientist-gen4|1365
|player|p2|Noob da 7|169|1344
|teamsize|p1|6
|teamsize|p2|6
|gen|9
|tier|[Gen 9] OU
|rated|
|rule|HP Percentage Mod: HP is shown in percentages
|rule|Endless Battle Clause: Forcing endless battles is banned
|rule|Species Clause: Limit one of each Pokémon
|rule|OHKO Clause: OHKO moves are banned
|rule|Evasion Items Clause: Evasion items are banned
|rule|Evasion Moves Clause: Evasion moves are banned
|rule|Sleep Moves Clause: Sleep-inducing moves are banned
|clearpoke
|poke|p1|Braviary-Hisui, M|
|poke|p1|Pelipper, M|
|poke|p1|Basculegion, M|
|poke|p1|Sinistcha|
|poke|p1|Samurott-Hisui, M|
|poke|p1|Iron Treads|
|poke|p2|Gliscor, M|
|poke|p2|Darkrai|
|poke|p2|Great Tusk|
|poke|p2|Moltres|
|poke|p2|Slowking-Galar, M|
|poke|p2|Ogerpon-Wellspring, F|
|teampreview
|
|t:|1743937663
|start
|switch|p1a: Pelipper|Pelipper, M|100/100
|switch|p2a: Slowking|Slowking-Galar, M|100/100
|-weather|RainDance|[from] ability: Drizzle|[of] p1a: Pelipper
|turn|1
|
|t:|1743937671
|move|p1a: Pelipper|Knock Off|p2a: Slowking
|-supereffective|p2a: Slowking
|-damage|p2a: Slowking|78/100
|-enditem|p2a: Slowking|Heavy-Duty Boots|[from] move: Knock Off|[of] p1a: Pelipper
|-prepare|p2a: Slowking|Chilly Reception|[premajor]
|move|p2a: Slowking|Chilly Reception|p2a: Slowking
|-weather|Snowscape
|
|t:|1743937687
|switch|p2a: Darkrai|Darkrai|100/100|[from] Chilly Reception
|
|-weather|Snowscape|[upkeep]
|upkeep
|turn|2
|
|t:|1743937694
|switch|p1a: Samurott|Samurott-Hisui, M|100/100
|move|p2a: Darkrai|Dark Pulse|p1a: Samurott
|-resisted|p1a: Samurott
|-damage|p1a: Samurott|83/100
|
|-weather|Snowscape|[upkeep]
|upkeep
|turn|3
|
|t:|1743937710
|switch|p2a: Great Tusk|Great Tusk|100/100
|move|p1a: Samurott|Sacred Sword|p2a: Great Tusk
|-damage|p2a: Great Tusk|74/100
|-damage|p1a: Samurott|66/100|[from] item: Rocky Helmet|[of] p2a: Great Tusk
|
|-weather|Snowscape|[upkeep]
|upkeep
|turn|4
|
|t:|1743937719
|-end|p2a: Great Tusk|Protosynthesis|[silent]
|switch|p2a: Ogerpon|Ogerpon-Wellspring, F|100/100
|switch|p1a: Pelipper|Pelipper, M|100/100
|-weather|RainDance|[from] ability: Drizzle|[of] p1a: Pelipper
|
|-weather|RainDance|[upkeep]
|upkeep
|turn|5
|
|t:|1743937730
|switch|p2a: Slowking|Slowking-Galar, M|100/100
|move|p1a: Pelipper|Hurricane|p2a: Slowking
|-damage|p2a: Slowking|80/100
|
|-weather|RainDance|[upkeep]
|upkeep
|turn|6
|
|t:|1743937742
|switch|p1a: Samurott|Samurott-Hisui, M|66/100
|-prepare|p2a: Slowking|Chilly Reception|[premajor]
|move|p2a: Slowking|Chilly Reception|p2a: Slowking
|-weather|Snowscape
|
|t:|1743937754
|switch|p2a: Ogerpon|Ogerpon-Wellspring, F|100/100|[from] Chilly Reception
|
|-weather|Snowscape|[upkeep]
|upkeep
|turn|7
|
|t:|1743937758
|switch|p1a: Sinistcha|Sinistcha|100/100
|move|p2a: Ogerpon|Horn Leech|p1a: Sinistcha
|-resisted|p1a: Sinistcha
|-damage|p1a: Sinistcha|86/100
|
|-weather|Snowscape|[upkeep]
|upkeep
|turn|8
|
|t:|1743937770
|switch|p2a: Moltres|Moltres|100/100
|move|p1a: Sinistcha|Trick Room|p1a: Sinistcha
|-fieldstart|move: Trick Room|[of] p1a: Sinistcha
|
|-weather|Snowscape|[upkeep]
|upkeep
|turn|9
|
|t:|1743937781
|switch|p1a: Basculegion|Basculegion, M|100/100
|-ability|p1a: Basculegion|Mold Breaker
|move|p2a: Moltres|Flamethrower|p1a: Basculegion
|-resisted|p1a: Basculegion
|-damage|p1a: Basculegion|81/100
|
|-weather|Snowscape|[upkeep]
|upkeep
|turn|10
|
|t:|1743937787
|move|p1a: Basculegion|Head Smash|p2a: Moltres
|-supereffective|p2a: Moltres
|-damage|p2a: Moltres|0 fnt
|faint|p2a: Moltres
|-damage|p1a: Basculegion|38/100|[from] Recoil
|
|-weather|none
|upkeep
|
|t:|1743937800
|switch|p2a: Gliscor|Gliscor, M|100/100
|turn|11
|
|t:|1743937817
|switch|p1a: Pelipper|Pelipper, M|100/100
|-weather|RainDance|[from] ability: Drizzle|[of] p1a: Pelipper
|move|p2a: Gliscor|Protect||[still]
|-fail|p2a: Gliscor
|
|-weather|RainDance|[upkeep]
|-status|p2a: Gliscor|tox|[from] item: Toxic Orb
|upkeep
|turn|12
|
|t:|1743937830
|switch|p2a: Slowking|Slowking-Galar, M|100/100
|move|p1a: Pelipper|U-turn|p2a: Slowking
|-damage|p2a: Slowking|93/100
|
|t:|1743937835
|switch|p1a: Samurott|Samurott-Hisui, M|66/100|[from] U-turn
|
|-weather|RainDance|[upkeep]
|-fieldend|move: Trick Room
|upkeep
|turn|13
|
|t:|1743937843
|switch|p2a: Great Tusk|Great Tusk|74/100
|move|p1a: Samurott|Ceaseless Edge|p2a: Great Tusk
|-resisted|p2a: Great Tusk
|-damage|p2a: Great Tusk|59/100
|-damage|p1a: Samurott|49/100|[from] item: Rocky Helmet|[of] p2a: Great Tusk
|-sidestart|p2: Noob da 7|Spikes
|
|-weather|RainDance|[upkeep]
|upkeep
|turn|14
|
|t:|1743937875
|-end|p2a: Great Tusk|Protosynthesis|[silent]
|switch|p2a: Ogerpon|Ogerpon-Wellspring, F|100/100
|-damage|p2a: Ogerpon|88/100|[from] Spikes
|switch|p1a: Sinistcha|Sinistcha|86/100
|
|-weather|RainDance|[upkeep]
|upkeep
|turn|15
|
|t:|1743937892
|switch|p2a: Darkrai|Darkrai|100/100
|-damage|p2a: Darkrai|88/100|[from] Spikes
|move|p1a: Sinistcha|Trick Room|p1a: Sinistcha
|-fieldstart|move: Trick Room|[of] p1a: Sinistcha
|
|-weather|RainDance|[upkeep]
|upkeep
|turn|16
|
|t:|1743937898
|switch|p1a: Samurott|Samurott-Hisui, M|49/100
|move|p2a: Darkrai|Sludge Bomb|p1a: Samurott
|-damage|p1a: Samurott|19/100
|-status|p1a: Samurott|psn
|
|-weather|RainDance|[upkeep]
|-damage|p1a: Samurott|7/100 psn|[from] psn
|upkeep
|turn|17
|
|t:|1743937911
|switch|p2a: Ogerpon|Ogerpon-Wellspring, F|88/100
|-damage|p2a: Ogerpon|76/100|[from] Spikes
|move|p1a: Samurott|Ceaseless Edge|p2a: Ogerpon
|-damage|p2a: Ogerpon|16/100
|-sidestart|p2: Noob da 7|Spikes
|
|-weather|RainDance|[upkeep]
|-damage|p1a: Samurott|0 fnt|[from] psn
|faint|p1a: Samurott
|upkeep
|
|t:|1743937917
|switch|p1a: Braviary|Braviary-Hisui, M|100/100
|turn|18
|
|t:|1743937929
|switch|p2a: Darkrai|Darkrai|88/100
|-damage|p2a: Darkrai|72/100|[from] Spikes
|move|p1a: Braviary|Hurricane|p2a: Darkrai
|-damage|p2a: Darkrai|0 fnt
|faint|p2a: Darkrai
|
|-weather|none
|upkeep
|
|t:|1743937940
|switch|p2a: Gliscor|Gliscor, M|100/100 tox
|turn|19
|
|t:|1743937952
|switch|p1a: Sinistcha|Sinistcha|86/100
|move|p2a: Gliscor|Toxic|p1a: Sinistcha|[miss]
|-miss|p2a: Gliscor|p1a: Sinistcha
|
|-fieldend|move: Trick Room
|upkeep
|turn|20
|
|t:|1743937958
|move|p2a: Gliscor|Toxic|p1a: Sinistcha
|-status|p1a: Sinistcha|tox
|move|p1a: Sinistcha|Trick Room|p1a: Sinistcha
|-fieldstart|move: Trick Room|[of] p1a: Sinistcha
|
|-damage|p1a: Sinistcha|80/100 tox|[from] psn
|upkeep
|turn|21
|
|t:|1743937964
|switch|p1a: Pelipper|Pelipper, M|100/100
|-weather|RainDance|[from] ability: Drizzle|[of] p1a: Pelipper
|move|p2a: Gliscor|Spikes|p1a: Pelipper
|-sidestart|p1: KillerB1000|Spikes
|
|-weather|RainDance|[upkeep]
|upkeep
|turn|22
|
|t:|1743937972
|move|p2a: Gliscor|Protect|p2a: Gliscor
|-singleturn|p2a: Gliscor|Protect
|move|p1a: Pelipper|Knock Off|p2a: Gliscor
|-activate|p2a: Gliscor|move: Protect
|
|-weather|RainDance|[upkeep]
|upkeep
|turn|23
|
|t:|1743937979
|move|p1a: Pelipper|U-turn|p2a: Gliscor
|-resisted|p2a: Gliscor
|-damage|p2a: Gliscor|97/100 tox
|
|t:|1743937985
|switch|p1a: Braviary|Braviary-Hisui, M|100/100|[from] U-turn
|move|p2a: Gliscor|Spikes|p1a: Braviary
|-sidestart|p1: KillerB1000|Spikes
|
|-weather|RainDance|[upkeep]
|-heal|p2a: Gliscor|100/100 tox|[from] ability: Poison Heal
|upkeep
|turn|24
|
|t:|1743937988
|move|p2a: Gliscor|Protect|p2a: Gliscor
|-singleturn|p2a: Gliscor|Protect
|move|p1a: Braviary|Hurricane|p2a: Gliscor
|-activate|p2a: Gliscor|move: Protect
|
|-weather|RainDance|[upkeep]
|-fieldend|move: Trick Room
|upkeep
|turn|25
|
|t:|1743937997
|switch|p2a: Slowking|Slowking-Galar, M|100/100
|-damage|p2a: Slowking|84/100|[from] Spikes
|move|p1a: Braviary|Hurricane|p2a: Slowking
|-damage|p2a: Slowking|31/100
|
|-weather|RainDance|[upkeep]
|upkeep
|turn|26
|
|t:|1743938005
|move|p1a: Braviary|Hurricane|p2a: Slowking
|-damage|p2a: Slowking|0 fnt
|faint|p2a: Slowking
|
|-weather|RainDance|[upkeep]
|upkeep
|
|t:|1743938011
|switch|p2a: Great Tusk|Great Tusk|59/100
|-damage|p2a: Great Tusk|42/100|[from] Spikes
|turn|27
|
|t:|1743938019
|switch|p1a: Sinistcha|Sinistcha|80/100 tox
|move|p2a: Great Tusk|Rapid Spin|p1a: Sinistcha
|-immune|p1a: Sinistcha
|
|-weather|RainDance|[upkeep]
|-damage|p1a: Sinistcha|74/100 tox|[from] psn
|upkeep
|turn|28
|
|t:|1743938025
|move|p2a: Great Tusk|Knock Off|p1a: Sinistcha
|-supereffective|p1a: Sinistcha
|-damage|p1a: Sinistcha|34/100 tox
|-enditem|p1a: Sinistcha|Heavy-Duty Boots|[from] move: Knock Off|[of] p2a: Great Tusk
|move|p1a: Sinistcha|Matcha Gotcha|p2a: Great Tusk
|-supereffective|p2a: Great Tusk
|-damage|p2a: Great Tusk|0 fnt
|-heal|p1a: Sinistcha|60/100 tox|[from] drain|[of] p2a: Great Tusk
|faint|p2a: Great Tusk
|-end|p2a: Great Tusk|Protosynthesis|[silent]
|
|-weather|none
|-damage|p1a: Sinistcha|48/100 tox|[from] psn
|upkeep
|
|t:|1743938031
|switch|p2a: Gliscor|Gliscor, M|100/100 tox
|turn|29
|
|t:|1743938039
|switch|p1a: Iron Treads|Iron Treads|100/100
|-damage|p1a: Iron Treads|84/100|[from] Spikes
|move|p2a: Gliscor|Spikes|p1a: Iron Treads
|-sidestart|p1: KillerB1000|Spikes
|
|upkeep
|turn|30
|
|t:|1743938042
|move|p2a: Gliscor|Protect|p2a: Gliscor
|-singleturn|p2a: Gliscor|Protect
|move|p1a: Iron Treads|Rapid Spin|p2a: Gliscor
|-activate|p2a: Gliscor|move: Protect
|
|upkeep
|turn|31
|
|t:|1743938045
|move|p1a: Iron Treads|Rapid Spin|p2a: Gliscor
|-damage|p2a: Gliscor|90/100 tox
|-boost|p1a: Iron Treads|spe|1
|-sideend|p1: KillerB1000|Spikes|[from] move: Rapid Spin|[of] p1a: Iron Treads
|move|p2a: Gliscor|Earthquake|p1a: Iron Treads
|-supereffective|p1a: Iron Treads
|-damage|p1a: Iron Treads|32/100
|
|-heal|p2a: Gliscor|100/100 tox|[from] ability: Poison Heal
|upkeep
|turn|32
|
|t:|1743938051
|-end|p1a: Iron Treads|Quark Drive|[silent]
|switch|p1a: Pelipper|Pelipper, M|100/100
|-weather|RainDance|[from] ability: Drizzle|[of] p1a: Pelipper
|move|p2a: Gliscor|Spikes|p1a: Pelipper
|-sidestart|p1: KillerB1000|Spikes
|
|-weather|RainDance|[upkeep]
|upkeep
|turn|33
|
|t:|1743938070
|switch|p1a: Braviary|Braviary-Hisui, M|100/100
|move|p2a: Gliscor|Protect||[still]
|-fail|p2a: Gliscor
|
|-weather|RainDance|[upkeep]
|upkeep
|turn|34
|
|t:|1743938074
|move|p2a: Gliscor|Toxic|p1a: Braviary
|-status|p1a: Braviary|tox
|move|p1a: Braviary|Hurricane|p2a: Gliscor
|-damage|p2a: Gliscor|28/100 tox
|
|-weather|RainDance|[upkeep]
|-heal|p2a: Gliscor|40/100 tox|[from] ability: Poison Heal
|-damage|p1a: Braviary|94/100 tox|[from] psn
|upkeep
|turn|35
|
|t:|1743938078
|move|p2a: Gliscor|Protect|p2a: Gliscor
|-singleturn|p2a: Gliscor|Protect
|move|p1a: Braviary|Hurricane|p2a: Gliscor
|-activate|p2a: Gliscor|move: Protect
|
|-weather|RainDance|[upkeep]
|-heal|p2a: Gliscor|53/100 tox|[from] ability: Poison Heal
|-damage|p1a: Braviary|82/100 tox|[from] psn
|upkeep
|turn|36
|
|t:|1743938085
|switch|p2a: Ogerpon|Ogerpon-Wellspring, F|16/100
|-damage|p2a: Ogerpon|0 fnt|[from] Spikes
|faint|p2a: Ogerpon
|move|p1a: Braviary|Hurricane|p2: Ogerpon|[notarget]
|-fail|p1a: Braviary
|
|-weather|RainDance|[upkeep]
|-damage|p1a: Braviary|64/100 tox|[from] psn
|upkeep
|
|t:|1743938091
|switch|p2a: Gliscor|Gliscor, M|53/100 tox
|turn|37
|
|t:|1743938108
|switch|p1a: Pelipper|Pelipper, M|100/100
|move|p2a: Gliscor|Toxic|p1a: Pelipper
|-status|p1a: Pelipper|tox
|
|-weather|RainDance|[upkeep]
|-heal|p2a: Gliscor|65/100 tox|[from] ability: Poison Heal
|-damage|p1a: Pelipper|94/100 tox|[from] psn
|upkeep
|turn|38
|
|t:|1743938117
|move|p2a: Gliscor|Protect|p2a: Gliscor
|-singleturn|p2a: Gliscor|Protect
|move|p1a: Pelipper|U-turn|p2a: Gliscor
|-activate|p2a: Gliscor|move: Protect
|
|-weather|RainDance|[upkeep]
|-heal|p2a: Gliscor|78/100 tox|[from] ability: Poison Heal
|-damage|p1a: Pelipper|82/100 tox|[from] psn
|upkeep
|turn|39
|
|t:|1743938127
|move|p2a: Gliscor|Earthquake|p1a: Pelipper
|-immune|p1a: Pelipper
|move|p1a: Pelipper|U-turn|p2a: Gliscor
|-resisted|p2a: Gliscor
|-damage|p2a: Gliscor|75/100 tox
|
|t:|1743938140
|switch|p1a: Iron Treads|Iron Treads|32/100|[from] U-turn
|-damage|p1a: Iron Treads|20/100|[from] Spikes
|
|-weather|none
|-heal|p2a: Gliscor|87/100 tox|[from] ability: Poison Heal
|upkeep
|turn|40
|
|t:|1743938145
|-end|p1a: Iron Treads|Quark Drive|[silent]
|switch|p1a: Pelipper|Pelipper, M|82/100 tox
|-weather|RainDance|[from] ability: Drizzle|[of] p1a: Pelipper
|move|p2a: Gliscor|Earthquake|p1a: Pelipper
|-immune|p1a: Pelipper
|
|-weather|RainDance|[upkeep]
|-heal|p2a: Gliscor|99/100 tox|[from] ability: Poison Heal
|-damage|p1a: Pelipper|76/100 tox|[from] psn
|upkeep
|turn|41
|
|t:|1743938160
|move|p2a: Gliscor|Protect|p2a: Gliscor
|-singleturn|p2a: Gliscor|Protect
|move|p1a: Pelipper|U-turn|p2a: Gliscor
|-activate|p2a: Gliscor|move: Protect
|
|-weather|RainDance|[upkeep]
|-heal|p2a: Gliscor|100/100 tox|[from] ability: Poison Heal
|-damage|p1a: Pelipper|63/100 tox|[from] psn
|upkeep
|turn|42
|
|t:|1743938163
|move|p2a: Gliscor|Spikes|p1a: Pelipper
|-sidestart|p1: KillerB1000|Spikes
|move|p1a: Pelipper|U-turn|p2a: Gliscor
|-resisted|p2a: Gliscor
|-damage|p2a: Gliscor|97/100 tox
|
|t:|1743938169
|switch|p1a: Braviary|Braviary-Hisui, M|64/100 tox|[from] U-turn
|
|-weather|RainDance|[upkeep]
|-heal|p2a: Gliscor|100/100 tox|[from] ability: Poison Heal
|-damage|p1a: Braviary|58/100 tox|[from] psn
|upkeep
|turn|43
|
|t:|1743938176
|move|p2a: Gliscor|Protect|p2a: Gliscor
|-singleturn|p2a: Gliscor|Protect
|move|p1a: Braviary|Hurricane|p2a: Gliscor
|-activate|p2a: Gliscor|move: Protect
|
|-weather|RainDance|[upkeep]
|-damage|p1a: Braviary|45/100 tox|[from] psn
|upkeep
|turn|44
|
|t:|1743938180
|move|p2a: Gliscor|Spikes|p1a: Braviary
|-sidestart|p1: KillerB1000|Spikes
|move|p1a: Braviary|Hurricane|p2a: Gliscor
|-damage|p2a: Gliscor|33/100 tox
|-start|p2a: Gliscor|confusion
|
|-weather|RainDance|[upkeep]
|-heal|p2a: Gliscor|46/100 tox|[from] ability: Poison Heal
|-damage|p1a: Braviary|27/100 tox|[from] psn
|upkeep
|turn|45
|
|t:|1743938185
|-activate|p2a: Gliscor|confusion
|-damage|p2a: Gliscor|39/100 tox|[from] confusion
|move|p1a: Braviary|Hurricane|p2a: Gliscor
|-damage|p2a: Gliscor|0 fnt
|faint|p2a: Gliscor
|
|win|KillerB1000
|raw|KillerB1000's rating: 1365 &rarr; <strong>1384</strong><br />(+19 for winning)
|raw|Noob da 7's rating: 1344 &rarr; <strong>1325</strong><br />(-19 for losing)
|l|☆Noob da 7
|player|p2|
|l|☆KillerB1000
|player|p1|
