|j|☆Ghost firebird
|j|☆Bronzong72
|t:|1743814156
|gametype|singles
|player|p1|Ghost firebird|102|1320
|player|p2|Bronzong72|falkner|1362
|teamsize|p1|6
|teamsize|p2|6
|gen|9
|tier|[Gen 9] OU
|rated|
|rule|HP Percentage Mod: HP is shown in percentages
|rule|Endless Battle Clause: Forcing endless battles is banned
|rule|Species Clause: Limit one of each Pokémon
|rule|OHKO Clause: OHKO moves are banned
|rule|Evasion Items Clause: Evasion items are banned
|rule|Evasion Moves Clause: Evasion moves are banned
|rule|Sleep Moves Clause: Sleep-inducing moves are banned
|clearpoke
|poke|p1|Zamazenta-*|
|poke|p1|Kingambit, F|
|poke|p1|Samurott-Hisui, F|
|poke|p1|Landorus-Therian, M|
|poke|p1|Iron Valiant|
|poke|p1|Iron Moth|
|poke|p2|Dachsbun, M|
|poke|p2|Meowscarada, F|
|poke|p2|Cinderace, M|
|poke|p2|Glimmora, M|
|poke|p2|Gholdengo|
|poke|p2|Zapdos|
|teampreview
|inactive|Battle timer is ON: inactive players will automatically lose when time's up. (requested by Bronzong72)
|
|t:|1743814176
|start
|switch|p1a: Landorus|Landorus-Therian, M|100/100
|switch|p2a: Laura|Meowscarada, F|100/100
|-ability|p1a: Landorus|Intimidate|boost
|-unboost|p2a: Laura|atk|1
|turn|1
|
|t:|1743814182
|move|p2a: Laura|Triple Axel|p1a: Landorus
|-start|p2a: Laura|typechange|Ice|[from] ability: Protean
|-supereffective|p1a: Landorus
|-damage|p1a: Landorus|66/100
|-damage|p2a: Laura|84/100|[from] item: Rocky Helmet|[of] p1a: Landorus
|-supereffective|p1a: Landorus
|-damage|p1a: Landorus|0 fnt
|-damage|p2a: Laura|68/100|[from] item: Rocky Helmet|[of] p1a: Landorus
|faint|p1a: Landorus
|-hitcount|p1: Landorus|2
|
|upkeep
|
|t:|1743814192
|switch|p1a: Iron Moth|Iron Moth|100/100
|-enditem|p1a: Iron Moth|Booster Energy
|-activate|p1a: Iron Moth|ability: Quark Drive|[fromitem]
|-start|p1a: Iron Moth|quarkdrivespe
|turn|2
|
|t:|1743814211
|switch|p2a: Jalebi|Dachsbun, M|100/100
|move|p1a: Iron Moth|Sludge Wave|p2a: Jalebi
|-supereffective|p2a: Jalebi
|-damage|p2a: Jalebi|0 fnt
|faint|p2a: Jalebi
|
|upkeep
|
|t:|1743814221
|switch|p2a: Florian|Glimmora, M|100/100
|turn|3
|
|t:|1743814228
|move|p1a: Iron Moth|Psychic|p2a: Florian
|-supereffective|p2a: Florian
|-damage|p2a: Florian|25/100
|move|p2a: Florian|Earth Power|p1a: Iron Moth
|-supereffective|p1a: Iron Moth
|-damage|p1a: Iron Moth|0 fnt
|faint|p1a: Iron Moth
|-end|p1a: Iron Moth|Quark Drive|[silent]
|
|upkeep
|
|t:|1743814234
|switch|p1a: Iron Valiant|Iron Valiant|100/100
|-enditem|p1a: Iron Valiant|Booster Energy
|-activate|p1a: Iron Valiant|ability: Quark Drive|[fromitem]
|-start|p1a: Iron Valiant|quarkdrivespe
|turn|4
|
|t:|1743814240
|switch|p2a: Sprinkles|Zapdos|100/100
|move|p1a: Iron Valiant|Psyshock|p2a: Sprinkles
|-damage|p2a: Sprinkles|72/100
|
|-heal|p2a: Sprinkles|78/100|[from] item: Leftovers
|upkeep
|turn|5
|
|t:|1743814245
|move|p1a: Iron Valiant|Calm Mind|p1a: Iron Valiant
|-boost|p1a: Iron Valiant|spa|1
|-boost|p1a: Iron Valiant|spd|1
|move|p2a: Sprinkles|Thunderbolt|p1a: Iron Valiant
|-damage|p1a: Iron Valiant|44/100
|
|-heal|p2a: Sprinkles|84/100|[from] item: Leftovers
|upkeep
|turn|6
|
|t:|1743814248
|move|p1a: Iron Valiant|Moonblast|p2a: Sprinkles
|-damage|p2a: Sprinkles|19/100
|move|p2a: Sprinkles|Thunderbolt|p1a: Iron Valiant
|-damage|p1a: Iron Valiant|0 fnt
|faint|p1a: Iron Valiant
|-end|p1a: Iron Valiant|Quark Drive|[silent]
|
|-heal|p2a: Sprinkles|25/100|[from] item: Leftovers
|upkeep
|
|t:|1743814253
|switch|p1a: Zamazenta|Zamazenta|100/100
|-ability|p1a: Zamazenta|Dauntless Shield|boost
|-boost|p1a: Zamazenta|def|1
|turn|7
|
|t:|1743814260
|move|p1a: Zamazenta|Body Press|p2a: Sprinkles
|-resisted|p2a: Sprinkles
|-damage|p2a: Sprinkles|0 fnt
|-status|p1a: Zamazenta|par|[from] ability: Static|[of] p2a: Sprinkles
|faint|p2a: Sprinkles
|
|upkeep
|
|t:|1743814274
|switch|p2a: Ronaldo|Gholdengo|100/100
|-item|p2a: Ronaldo|Air Balloon
|turn|8
|
|t:|1743814285
|move|p2a: Ronaldo|Nasty Plot|p2a: Ronaldo
|-boost|p2a: Ronaldo|spa|2
|cant|p1a: Zamazenta|par
|
|upkeep
|turn|9
|
|t:|1743814291
|move|p2a: Ronaldo|Shadow Ball|p1a: Zamazenta
|-damage|p1a: Zamazenta|25/100 par
|move|p1a: Zamazenta|Crunch|p2a: Ronaldo
|-supereffective|p2a: Ronaldo
|-damage|p2a: Ronaldo|56/100
|-enditem|p2a: Ronaldo|Air Balloon
|
|-heal|p1a: Zamazenta|31/100 par|[from] item: Leftovers
|upkeep
|turn|10
|
|t:|1743814300
|-terastallize|p2a: Ronaldo|Fairy
|move|p2a: Ronaldo|Shadow Ball|p1a: Zamazenta
|-damage|p1a: Zamazenta|0 fnt
|faint|p1a: Zamazenta
|
|upkeep
|
|t:|1743814307
|switch|p1a: Kingambit|Kingambit, F|100/100
|-activate|p1a: Kingambit|ability: Supreme Overlord
|-start|p1a: Kingambit|fallen4|[silent]
|turn|11
|
|t:|1743814325
|move|p2a: Ronaldo|Make It Rain|p1a: Kingambit
|-resisted|p1a: Kingambit
|-damage|p1a: Kingambit|25/100
|-unboost|p2a: Ronaldo|spa|1
|move|p1a: Kingambit|Iron Head|p2a: Ronaldo
|-supereffective|p2a: Ronaldo
|-crit|p2a: Ronaldo
|-damage|p2a: Ronaldo|0 fnt
|faint|p2a: Ronaldo
|
|-heal|p1a: Kingambit|32/100|[from] item: Leftovers
|upkeep
|
|t:|1743814330
|switch|p2a: Mbappé|Cinderace, M|100/100
|turn|12
|
|t:|1743814339
|-end|p1a: Kingambit|fallen4|[silent]
|switch|p1a: Samurott|Samurott-Hisui, F|100/100
|move|p2a: Mbappé|Will-O-Wisp|p1a: Samurott|[miss]
|-miss|p2a: Mbappé|p1a: Samurott
|
|upkeep
|turn|13
|
|t:|1743814345
|move|p2a: Mbappé|Will-O-Wisp|p1a: Samurott
|-status|p1a: Samurott|brn
|move|p1a: Samurott|Razor Shell|p2a: Mbappé
|-supereffective|p2a: Mbappé
|-damage|p2a: Mbappé|35/100
|-unboost|p2a: Mbappé|def|1
|
|-damage|p1a: Samurott|94/100 brn|[from] brn
|upkeep
|turn|14
|
|t:|1743814351
|switch|p2a: Laura|Meowscarada, F|68/100
|move|p1a: Samurott|Razor Shell|p2a: Laura
|-resisted|p2a: Laura
|-damage|p2a: Laura|47/100
|
|-damage|p1a: Samurott|88/100 brn|[from] brn
|upkeep
|turn|15
|
|t:|1743814360
|move|p2a: Laura|U-turn|p1a: Samurott
|-start|p2a: Laura|typechange|Bug|[from] ability: Protean
|-supereffective|p1a: Samurott
|-damage|p1a: Samurott|0 fnt
|faint|p1a: Samurott
|
|t:|1743814364
|switch|p2a: Mbappé|Cinderace, M|35/100|[from] U-turn
|
|upkeep
|
|t:|1743814368
|switch|p1a: Kingambit|Kingambit, F|32/100
|-activate|p1a: Kingambit|ability: Supreme Overlord
|-start|p1a: Kingambit|fallen5|[silent]
|turn|16
|
|t:|1743814373
|move|p2a: Mbappé|Will-O-Wisp|p1a: Kingambit
|-status|p1a: Kingambit|brn
|move|p1a: Kingambit|Kowtow Cleave|p2a: Mbappé
|-damage|p2a: Mbappé|0 fnt
|faint|p2a: Mbappé
|
|-heal|p1a: Kingambit|38/100 brn|[from] item: Leftovers
|-damage|p1a: Kingambit|32/100 brn|[from] brn
|upkeep
|
|t:|1743814377
|switch|p2a: Laura|Meowscarada, F|47/100
|turn|17
|
|t:|1743814383
|move|p1a: Kingambit|Sucker Punch|p2a: Laura
|-resisted|p2a: Laura
|-damage|p2a: Laura|22/100
|move|p2a: Laura|Knock Off|p1a: Kingambit
|-start|p2a: Laura|typechange|Dark|[from] ability: Protean
|-resisted|p1a: Kingambit
|-damage|p1a: Kingambit|4/100 brn
|-enditem|p1a: Kingambit|Leftovers|[from] move: Knock Off|[of] p2a: Laura
|
|-damage|p1a: Kingambit|0 fnt|[from] brn
|faint|p1a: Kingambit
|-end|p1a: Kingambit|fallen5|[silent]
|
|win|Bronzong72
|raw|Ghost firebird's rating: 1320 &rarr; <strong>1302</strong><br />(-18 for losing)
|raw|Bronzong72's rating: 1362 &rarr; <strong>1380</strong><br />(+18 for winning)
|l|☆Ghost firebird
|player|p1|
|l|☆Bronzong72
|player|p2|
