|j|☆Nhovah
|j|☆somebody8160
|t:|1743826159
|gametype|singles
|player|p1|Nhovah|harlequin|1193
|player|p2|somebody8160|gentleman-gen4|1215
|teamsize|p1|6
|teamsize|p2|6
|gen|9
|tier|[Gen 9] OU
|rated|
|rule|HP Percentage Mod: HP is shown in percentages
|rule|Endless Battle Clause: Forcing endless battles is banned
|rule|Species Clause: Limit one of each Pokémon
|rule|OHKO Clause: OHKO moves are banned
|rule|Evasion Items Clause: Evasion items are banned
|rule|Evasion Moves Clause: Evasion moves are banned
|rule|Sleep Moves Clause: Sleep-inducing moves are banned
|clearpoke
|poke|p1|Hydrapple, M|
|poke|p1|Tinkaton, F|
|poke|p1|Moltres|
|poke|p1|Rotom-Wash|
|poke|p1|Great Tusk|
|poke|p1|Darkrai|
|poke|p2|Gengar, M|
|poke|p2|Salamence, F|
|poke|p2|Meowscarada, M|
|poke|p2|Milotic, M|
|poke|p2|Blaziken, M|
|poke|p2|Galvantula, F|
|teampreview
|c|☆somebody8160|glhf
|
|t:|1743826180
|start
|switch|p1a: Nightmare|Darkrai|100/100
|switch|p2a: Galvantula|Galvantula, F|100/100
|turn|1
|
|t:|1743826207
|switch|p1a: Big Donphan|Great Tusk|100/100
|move|p2a: Galvantula|Sticky Web|p1a: Big Donphan
|-sidestart|p1: Nhovah|move: Sticky Web
|
|upkeep
|turn|2
|
|t:|1743826213
|switch|p2a: Gengar|Gengar, M|100/100
|move|p1a: Big Donphan|Headlong Rush|p2a: Gengar
|-supereffective|p2a: Gengar
|-damage|p2a: Gengar|0 fnt
|-unboost|p1a: Big Donphan|def|1
|-unboost|p1a: Big Donphan|spd|1
|faint|p2a: Gengar
|
|upkeep
|
|t:|1743826220
|switch|p2a: Meowscarada|Meowscarada, M|100/100
|turn|3
|c|☆somebody8160|that was a good predict
|c|☆somebody8160|im ngl
|c|☆Nhovah|ty
|
|t:|1743826238
|-end|p1a: Big Donphan|Protosynthesis|[silent]
|switch|p1a: Washing Machine|Rotom-Wash|100/100
|move|p2a: Meowscarada|Triple Axel|p1a: Washing Machine
|-start|p2a: Meowscarada|typechange|Ice|[from] ability: Protean
|-resisted|p1a: Washing Machine
|-damage|p1a: Washing Machine|94/100
|-damage|p2a: Meowscarada|84/100|[from] item: Rocky Helmet|[of] p1a: Washing Machine
|-resisted|p1a: Washing Machine
|-damage|p1a: Washing Machine|81/100
|-damage|p2a: Meowscarada|67/100|[from] item: Rocky Helmet|[of] p1a: Washing Machine
|-hitcount|p1a: Washing Machine|2
|
|upkeep
|turn|4
|inactive|Battle timer is ON: inactive players will automatically lose when time's up. (requested by somebody8160)
|
|t:|1743826264
|switch|p2a: Milotic|Milotic, M|100/100
|move|p1a: Washing Machine|Volt Switch|p2a: Milotic
|-supereffective|p2a: Milotic
|-damage|p2a: Milotic|64/100
|
|t:|1743826278
|switch|p1a: Noodle|Hydrapple, M|100/100|[from] Volt Switch
|
|-heal|p2a: Milotic|70/100|[from] item: Leftovers
|upkeep
|turn|5
|
|t:|1743826295
|move|p2a: Milotic|Ice Beam|p1a: Noodle
|-supereffective|p1a: Noodle
|-damage|p1a: Noodle|12/100
|move|p1a: Noodle|Nasty Plot|p1a: Noodle
|-boost|p1a: Noodle|spa|2
|
|-heal|p2a: Milotic|76/100|[from] item: Leftovers
|upkeep
|turn|6
|
|t:|1743826309
|switch|p1a: Fireborb|Moltres|100/100
|move|p2a: Milotic|Ice Beam|p1a: Fireborb
|-damage|p1a: Fireborb|84/100
|
|-heal|p2a: Milotic|82/100|[from] item: Leftovers
|upkeep
|turn|7
|
|t:|1743826316
|move|p2a: Milotic|Scald|p1a: Fireborb
|-supereffective|p1a: Fireborb
|-crit|p1a: Fireborb
|-damage|p1a: Fireborb|18/100
|move|p1a: Fireborb|Roar|p2a: Milotic
|drag|p2a: Blaziken|Blaziken, M|100/100
|
|upkeep
|turn|8
|
|t:|1743826335
|move|p2a: Blaziken|Swords Dance|p2a: Blaziken
|-boost|p2a: Blaziken|atk|2
|move|p1a: Fireborb|Roost|p1a: Fireborb
|-heal|p1a: Fireborb|68/100
|-singleturn|p1a: Fireborb|move: Roost
|
|-ability|p2a: Blaziken|Speed Boost|boost
|-boost|p2a: Blaziken|spe|1
|upkeep
|turn|9
|
|t:|1743826348
|move|p2a: Blaziken|Thunder Punch|p1a: Fireborb
|-supereffective|p1a: Fireborb
|-crit|p1a: Fireborb
|-damage|p1a: Fireborb|0 fnt
|faint|p1a: Fireborb
|
|-ability|p2a: Blaziken|Speed Boost|boost
|-boost|p2a: Blaziken|spe|1
|upkeep
|c|☆Nhovah|didnt know blaze learned t-punch
|
|t:|1743826361
|switch|p1a: Washing Machine|Rotom-Wash|81/100
|turn|10
|c|☆somebody8160|mhm
|
|t:|1743826376
|move|p2a: Blaziken|Close Combat|p1a: Washing Machine
|-damage|p1a: Washing Machine|0 fnt
|-unboost|p2a: Blaziken|def|1
|-unboost|p2a: Blaziken|spd|1
|-damage|p2a: Blaziken|84/100|[from] item: Rocky Helmet|[of] p1a: Washing Machine
|faint|p1a: Washing Machine
|
|-ability|p2a: Blaziken|Speed Boost|boost
|-boost|p2a: Blaziken|spe|1
|upkeep
|c|☆Nhovah|oof that was max defensive rotom
|c|☆Nhovah|gg
|inactive|Nhovah has 120 seconds left.
|
|t:|1743826398
|switch|p1a: Big Donphan|Great Tusk|100/100
|turn|11
|c|☆somebody8160|i dont think i have anything for great tusk
|inactive|Nhovah has 120 seconds left.
|c|☆Nhovah|watch me throw lmao
|
|t:|1743826415
|move|p2a: Blaziken|Close Combat|p1a: Big Donphan
|-damage|p1a: Big Donphan|3/100
|-unboost|p2a: Blaziken|def|1
|-unboost|p2a: Blaziken|spd|1
|move|p1a: Big Donphan|Headlong Rush|p2a: Blaziken
|-supereffective|p2a: Blaziken
|-damage|p2a: Blaziken|0 fnt
|-unboost|p1a: Big Donphan|def|1
|-unboost|p1a: Big Donphan|spd|1
|faint|p2a: Blaziken
|
|upkeep
|c|☆somebody8160|EEEEEEE
|c|☆Nhovah|3%
|c|☆Nhovah|OOF
|
|t:|1743826430
|switch|p2a: Meowscarada|Meowscarada, M|67/100
|turn|12
|c|☆somebody8160|wait
|
|t:|1743826438
|-end|p1a: Big Donphan|Protosynthesis|[silent]
|switch|p1a: UwU|Tinkaton, F|100/100
|-activate|p1a: UwU|move: Sticky Web
|-unboost|p1a: UwU|spe|1
|-ability|p1a: UwU|Mold Breaker
|move|p2a: Meowscarada|U-turn|p1a: UwU
|-start|p2a: Meowscarada|typechange|Bug|[from] ability: Protean
|-resisted|p1a: UwU
|-damage|p1a: UwU|86/100
|c|☆somebody8160|oh
|
|t:|1743826451
|switch|p2a: Salamence|Salamence, F|100/100|[from] U-turn
|
|-heal|p1a: UwU|92/100|[from] item: Leftovers
|upkeep
|turn|13
|
|t:|1743826462
|-terastallize|p2a: Salamence|Steel
|move|p2a: Salamence|Dragon Dance|p2a: Salamence
|-boost|p2a: Salamence|atk|1
|-boost|p2a: Salamence|spe|1
|move|p1a: UwU|Encore|p2a: Salamence
|-start|p2a: Salamence|Encore
|
|-heal|p1a: UwU|98/100|[from] item: Leftovers
|upkeep
|turn|14
|c|☆somebody8160|gonna assume that the great tusk is choice band
|c|☆Nhovah|nope
|c|☆somebody8160|guhhh
|c|☆Nhovah|hehe
|inactive|Nhovah has 120 seconds left.
|
|t:|1743826488
|switch|p1a: Big Donphan|Great Tusk|3/100
|move|p2a: Salamence|Dragon Dance|p2a: Salamence
|-boost|p2a: Salamence|atk|1
|-boost|p2a: Salamence|spe|1
|
|upkeep
|turn|15
|inactive|Nhovah has 120 seconds left.
|
|t:|1743826498
|move|p2a: Salamence|Dragon Dance|p2a: Salamence
|-boost|p2a: Salamence|atk|1
|-boost|p2a: Salamence|spe|1
|move|p1a: Big Donphan|Headlong Rush|p2a: Salamence
|-supereffective|p2a: Salamence
|-damage|p2a: Salamence|0 fnt
|-unboost|p1a: Big Donphan|def|1
|-unboost|p1a: Big Donphan|spd|1
|faint|p2a: Salamence
|
|upkeep
|c|☆somebody8160|welp there goes salamence
|
|t:|1743826507
|switch|p2a: Galvantula|Galvantula, F|100/100
|turn|16
|
|t:|1743826516
|-end|p1a: Big Donphan|Protosynthesis|[silent]
|switch|p1a: UwU|Tinkaton, F|98/100
|-activate|p1a: UwU|move: Sticky Web
|-unboost|p1a: UwU|spe|1
|-ability|p1a: UwU|Mold Breaker
|move|p2a: Galvantula|Bug Buzz|p1a: UwU
|-resisted|p1a: UwU
|-damage|p1a: UwU|90/100
|
|-heal|p1a: UwU|96/100|[from] item: Leftovers
|upkeep
|turn|17
|c|☆somebody8160|god damn
|c|☆somebody8160|how tanky is that thing
|
|t:|1743826534
|move|p2a: Galvantula|Thunder Wave|p1a: UwU
|-status|p1a: UwU|par
|move|p1a: UwU|Knock Off|p2a: Galvantula
|-damage|p2a: Galvantula|69/100
|-enditem|p2a: Galvantula|Wide Lens|[from] move: Knock Off|[of] p1a: UwU
|
|-heal|p1a: UwU|100/100 par|[from] item: Leftovers
|upkeep
|turn|18
|c|☆Nhovah|yes
|inactive|Nhovah has 120 seconds left.
|c|☆somebody8160|makes sense
|
|t:|1743826552
|move|p2a: Galvantula|Thunder|p1a: UwU
|-damage|p1a: UwU|58/100 par
|move|p1a: UwU|Stealth Rock|p2a: Galvantula
|-sidestart|p2: somebody8160|move: Stealth Rock
|
|-heal|p1a: UwU|64/100 par|[from] item: Leftovers
|upkeep
|turn|19
|inactive|Nhovah has 120 seconds left.
|
|t:|1743826563
|move|p2a: Galvantula|Thunder|p1a: UwU|[miss]
|-miss|p2a: Galvantula|p1a: UwU
|move|p1a: UwU|Gigaton Hammer|p2a: Galvantula
|-resisted|p2a: Galvantula
|-damage|p2a: Galvantula|33/100
|
|-heal|p1a: UwU|70/100 par|[from] item: Leftovers
|upkeep
|turn|20
|c|☆Nhovah|knock off value
|
|t:|1743826573
|switch|p2a: Milotic|Milotic, M|82/100
|-damage|p2a: Milotic|70/100|[from] Stealth Rock
|move|p1a: UwU|Knock Off|p2a: Milotic
|-damage|p2a: Milotic|56/100
|-enditem|p2a: Milotic|Leftovers|[from] move: Knock Off|[of] p1a: UwU
|
|-heal|p1a: UwU|76/100 par|[from] item: Leftovers
|upkeep
|turn|21
|c|☆somebody8160|guhh
|inactive|Nhovah has 120 seconds left.
|
|t:|1743826590
|move|p2a: Milotic|Scald|p1a: UwU
|-damage|p1a: UwU|48/100 par
|cant|p1a: UwU|par
|
|-heal|p1a: UwU|54/100 par|[from] item: Leftovers
|upkeep
|turn|22
|c|☆Nhovah|para REEE
|
|t:|1743826599
|move|p2a: Milotic|Scald|p1a: UwU
|-damage|p1a: UwU|28/100 par
|move|p1a: UwU|Encore|p2a: Milotic
|-start|p2a: Milotic|Encore
|
|-heal|p1a: UwU|34/100 par|[from] item: Leftovers
|upkeep
|turn|23
|
|t:|1743826609
|switch|p1a: Noodle|Hydrapple, M|46/100
|move|p2a: Milotic|Scald|p1a: Noodle
|-resisted|p1a: Noodle
|-damage|p1a: Noodle|38/100
|
|upkeep
|turn|24
|
|t:|1743826625
|switch|p2a: Galvantula|Galvantula, F|33/100
|-damage|p2a: Galvantula|8/100|[from] Stealth Rock
|move|p1a: Noodle|Fickle Beam|p2a: Galvantula|[anim] Fickle Beam All Out
|-activate|p1a: Noodle|move: Fickle Beam
|-damage|p2a: Galvantula|0 fnt
|faint|p2a: Galvantula
|
|upkeep
|
|t:|1743826633
|switch|p2a: Meowscarada|Meowscarada, M|67/100
|-damage|p2a: Meowscarada|55/100|[from] Stealth Rock
|turn|25
|c|☆Nhovah|bruh this meow
|inactive|Nhovah has 120 seconds left.
|c|☆somebody8160|lowkey it might be the only thing that can clutch up for me
|
|t:|1743826659
|switch|p1a: UwU|Tinkaton, F|34/100 par
|-activate|p1a: UwU|move: Sticky Web
|-unboost|p1a: UwU|spe|1
|-ability|p1a: UwU|Mold Breaker
|move|p2a: Meowscarada|U-turn|p1a: UwU
|-start|p2a: Meowscarada|typechange|Bug|[from] ability: Protean
|-resisted|p1a: UwU
|-damage|p1a: UwU|19/100 par
|
|t:|1743826662
|switch|p2a: Milotic|Milotic, M|56/100|[from] U-turn
|-damage|p2a: Milotic|44/100|[from] Stealth Rock
|
|-heal|p1a: UwU|25/100 par|[from] item: Leftovers
|upkeep
|turn|26
|inactive|Nhovah has 120 seconds left.
|c|☆somebody8160|funny thing happened earlier today
|
|t:|1743826687
|move|p2a: Milotic|Scald|p1a: UwU
|-damage|p1a: UwU|0 fnt
|faint|p1a: UwU
|
|upkeep
|
|t:|1743826695
|switch|p1a: Nightmare|Darkrai|100/100
|-activate|p1a: Nightmare|move: Sticky Web
|-unboost|p1a: Nightmare|spe|1
|turn|27
|c|☆somebody8160|someone magic bounced sticky web to me and milotic wiith competitive almost swept their entire team
|c|☆Nhovah|oof
|
|t:|1743826713
|move|p1a: Nightmare|Nasty Plot|p1a: Nightmare
|-boost|p1a: Nightmare|spa|2
|move|p2a: Milotic|Alluring Voice|p1a: Nightmare
|-supereffective|p1a: Nightmare
|-damage|p1a: Nightmare|49/100
|-start|p1a: Nightmare|confusion
|
|-heal|p1a: Nightmare|55/100|[from] item: Leftovers
|upkeep
|turn|28
|c|☆Nhovah|wow
|c|☆Nhovah|alluring voice value
|c|☆somebody8160|mhm
|
|t:|1743826733
|-terastallize|p1a: Nightmare|Ghost
|-activate|p1a: Nightmare|confusion
|-damage|p1a: Nightmare|46/100|[from] confusion
|move|p2a: Milotic|Recover|p2a: Milotic
|-heal|p2a: Milotic|94/100
|
|-heal|p1a: Nightmare|52/100|[from] item: Leftovers
|upkeep
|turn|29
|
|t:|1743826745
|-end|p1a: Nightmare|confusion
|move|p1a: Nightmare|Thunder Wave|p2a: Milotic|[miss]
|-miss|p1a: Nightmare|p2a: Milotic
|move|p2a: Milotic|Scald|p1a: Nightmare
|-damage|p1a: Nightmare|9/100
|-status|p1a: Nightmare|brn
|
|-heal|p1a: Nightmare|15/100 brn|[from] item: Leftovers
|-damage|p1a: Nightmare|9/100 brn|[from] brn
|upkeep
|turn|30
|c|☆somebody8160|m
|c|☆Nhovah|rng
|c|☆somebody8160|thats just sad
|inactive|Nhovah has 90 seconds left.
|
|t:|1743826780
|switch|p1a: Big Donphan|Great Tusk|3/100
|move|p2a: Milotic|Alluring Voice|p1a: Big Donphan
|-supereffective|p1a: Big Donphan
|-damage|p1a: Big Donphan|0 fnt
|faint|p1a: Big Donphan
|-end|p1a: Big Donphan|Protosynthesis|[silent]
|
|upkeep
|c|☆somebody8160|gg
|inactive|Nhovah has 60 seconds left.
|
|t:|1743826800
|switch|p1a: Noodle|Hydrapple, M|71/100
|turn|31
|c|☆somebody8160|you prob would've won if you didn't get screwed over by rng
|
|t:|1743826808
|move|p2a: Milotic|Alluring Voice|p1a: Noodle
|-supereffective|p1a: Noodle
|-damage|p1a: Noodle|26/100
|move|p1a: Noodle|Leaf Storm|p2a: Milotic
|-supereffective|p2a: Milotic
|-damage|p2a: Milotic|0 fnt
|-unboost|p1a: Noodle|spa|2
|faint|p2a: Milotic
|
|upkeep
|
|t:|1743826812
|switch|p2a: Meowscarada|Meowscarada, M|55/100
|-damage|p2a: Meowscarada|43/100|[from] Stealth Rock
|turn|32
|c|☆somebody8160|oh god
|
|t:|1743826835
|switch|p1a: Nightmare|Darkrai, tera:Ghost|9/100 brn
|-activate|p1a: Nightmare|move: Sticky Web
|-unboost|p1a: Nightmare|spe|1
|move|p2a: Meowscarada|U-turn|p1a: Nightmare
|-start|p2a: Meowscarada|typechange|Bug|[from] ability: Protean
|-resisted|p1a: Nightmare
|-damage|p1a: Nightmare|0 fnt
|faint|p1a: Nightmare
|
|upkeep
|
|t:|1743826844
|switch|p1a: Noodle|Hydrapple, M|59/100
|turn|33
|c|☆Nhovah|welp
|c|☆somebody8160|oh i lsot
|c|☆somebody8160|lost
|c|☆somebody8160|ggs
|c|☆Nhovah|nah
|c|☆somebody8160|?
|c|☆Nhovah|time to see if you ohtk
|inactive|Nhovah has 60 seconds left.
|
|t:|1743826862
|move|p2a: Meowscarada|U-turn|p1a: Noodle
|-supereffective|p1a: Noodle
|-damage|p1a: Noodle|0 fnt
|faint|p1a: Noodle
|
|win|somebody8160
|raw|Nhovah's rating: 1193 &rarr; <strong>1170</strong><br />(-23 for losing)
|raw|somebody8160's rating: 1215 &rarr; <strong>1238</strong><br />(+23 for winning)
|c|☆somebody8160|im pretty sure hydrapple can live a hit
|c|☆somebody8160|or not
|c|☆Nhovah|damn
|c|☆Nhovah|gg
|c|☆somebody8160|gg
|c|☆Nhovah|close
|l|☆somebody8160
|player|p2|
|c|☆Nhovah|it was specially defensive i think?
|l|☆Nhovah
|player|p1|
