|j|☆speeeedwagon
|j|☆High Mighty Weasel
|t:|1743936503
|gametype|singles
|player|p1|speeeedwagon|richboy-gen4|1559
|player|p2|High Mighty Weasel|zinnia|1598
|teamsize|p1|6
|teamsize|p2|6
|gen|9
|tier|[Gen 9] OU
|rated|
|rule|HP Percentage Mod: HP is shown in percentages
|rule|Endless Battle Clause: Forcing endless battles is banned
|rule|Species Clause: Limit one of each Pokémon
|rule|OHKO Clause: OHKO moves are banned
|rule|Evasion Items Clause: Evasion items are banned
|rule|Evasion Moves Clause: Evasion moves are banned
|rule|Sleep Moves Clause: Sleep-inducing moves are banned
|clearpoke
|poke|p1|Hydrapple, M|
|poke|p1|Skarmory, M|
|poke|p1|Tyranitar, F|
|poke|p1|Alomomola, M|
|poke|p1|Clodsire, F|
|poke|p1|Clefable, F|
|poke|p2|Scizor, M|
|poke|p2|Garchomp, M|
|poke|p2|Primarina, M|
|poke|p2|Great Tusk|
|poke|p2|Ogerpon-Wellspring, F|
|poke|p2|Zapdos|
|teampreview
|inactive|Battle timer is ON: inactive players will automatically lose when time's up. (requested by speeeedwagon)
|
|t:|1743936557
|start
|switch|p1a: Skarmory|Skarmory, M|100/100
|switch|p2a: Great Tusk|Great Tusk, shiny|100/100
|turn|1
|
|t:|1743936569
|move|p2a: Great Tusk|Knock Off|p1a: Skarmory
|-damage|p1a: Skarmory|79/100
|-damage|p2a: Great Tusk|84/100|[from] item: Rocky Helmet|[of] p1a: Skarmory
|-enditem|p1a: Skarmory|Rocky Helmet|[from] move: Knock Off|[of] p2a: Great Tusk
|move|p1a: Skarmory|Spikes|p2a: Great Tusk
|-sidestart|p2: High Mighty Weasel|Spikes
|
|upkeep
|turn|2
|
|t:|1743936575
|-end|p2a: Great Tusk|Protosynthesis|[silent]
|switch|p2a: Garchomp|Garchomp, M|100/100
|-damage|p2a: Garchomp|88/100|[from] Spikes
|move|p1a: Skarmory|Body Press|p2a: Garchomp
|-damage|p2a: Garchomp|57/100
|-damage|p1a: Skarmory|67/100|[from] ability: Rough Skin|[of] p2a: Garchomp
|
|upkeep
|turn|3
|
|t:|1743936583
|switch|p1a: Alomomola|Alomomola, M, shiny|100/100
|move|p2a: Garchomp|Stealth Rock|p1a: Alomomola
|-sidestart|p1: speeeedwagon|move: Stealth Rock
|
|upkeep
|turn|4
|
|t:|1743936586
|move|p2a: Garchomp|Draco Meteor|p1a: Alomomola
|-damage|p1a: Alomomola|35/100
|-unboost|p2a: Garchomp|spa|2
|-damage|p2a: Garchomp|47/100|[from] item: Life Orb
|move|p1a: Alomomola|Play Rough|p2a: Garchomp
|-supereffective|p2a: Garchomp
|-damage|p2a: Garchomp|13/100
|-damage|p1a: Alomomola|23/100|[from] ability: Rough Skin|[of] p2a: Garchomp
|
|upkeep
|turn|5
|
|t:|1743936601
|switch|p1a: Clefable|Clefable, F|100/100
|move|p2a: Garchomp|Stone Edge|p1a: Clefable
|-damage|p1a: Clefable|71/100
|-damage|p2a: Garchomp|3/100|[from] item: Life Orb
|
|upkeep
|turn|6
|inactive|High Mighty Weasel has 120 seconds left.
|
|t:|1743936634
|switch|p2a: Scizor|Scizor, M|100/100
|-damage|p2a: Scizor|88/100|[from] Spikes
|switch|p1a: Alomomola|Alomomola, M, shiny|56/100
|
|upkeep
|turn|7
|
|t:|1743936642
|move|p1a: Alomomola|Protect|p1a: Alomomola
|-singleturn|p1a: Alomomola|Protect
|move|p2a: Scizor|U-turn|p1a: Alomomola
|-activate|p1a: Alomomola|move: Protect
|
|upkeep
|turn|8
|
|t:|1743936646
|move|p2a: Scizor|U-turn|p1a: Alomomola
|-damage|p1a: Alomomola|19/100
|
|t:|1743936650
|switch|p2a: Ogerpon|Ogerpon-Wellspring, F|100/100|[from] U-turn
|-damage|p2a: Ogerpon|88/100|[from] Spikes
|move|p1a: Alomomola|Flip Turn|p2a: Ogerpon
|-heal|p2a: Ogerpon|100/100|[from] ability: Water Absorb|[of] p1a: Alomomola
|
|upkeep
|turn|9
|
|t:|1743936659
|switch|p1a: Hydrapple|Hydrapple, M|100/100
|move|p2a: Ogerpon|Knock Off|p1a: Hydrapple
|-damage|p1a: Hydrapple|79/100
|-enditem|p1a: Hydrapple|Heavy-Duty Boots|[from] move: Knock Off|[of] p2a: Ogerpon
|
|upkeep
|turn|10
|
|t:|1743936687
|switch|p2a: Garchomp|Garchomp, M|3/100
|-damage|p2a: Garchomp|0 fnt|[from] Spikes
|faint|p2a: Garchomp
|move|p1a: Hydrapple|Nasty Plot|p1a: Hydrapple
|-boost|p1a: Hydrapple|spa|2
|
|upkeep
|inactive|High Mighty Weasel has 120 seconds left.
|
|t:|1743936703
|switch|p2a: Scizor|Scizor, M|88/100
|-damage|p2a: Scizor|76/100|[from] Spikes
|turn|11
|inactive|High Mighty Weasel has 120 seconds left.
|
|t:|1743936713
|move|p2a: Scizor|U-turn|p1a: Hydrapple
|-supereffective|p1a: Hydrapple
|-damage|p1a: Hydrapple|11/100
|
|t:|1743936718
|switch|p2a: Zapdos|Zapdos|100/100|[from] U-turn
|move|p1a: Hydrapple|Earth Power|p2a: Zapdos
|-immune|p2a: Zapdos
|
|upkeep
|turn|12
|
|t:|1743936723
|switch|p1a: Clodsire|Clodsire, F|100/100
|move|p2a: Zapdos|Hurricane|p1a: Clodsire
|-damage|p1a: Clodsire|69/100
|
|upkeep
|turn|13
|
|t:|1743936730
|switch|p2a: Great Tusk|Great Tusk, shiny|84/100
|move|p1a: Clodsire|Earthquake|p2a: Great Tusk
|-damage|p2a: Great Tusk|64/100
|
|upkeep
|turn|14
|
|t:|1743936738
|switch|p1a: Skarmory|Skarmory, M|67/100
|-damage|p1a: Skarmory|54/100|[from] Stealth Rock
|move|p2a: Great Tusk|Rapid Spin|p1a: Skarmory
|-resisted|p1a: Skarmory
|-damage|p1a: Skarmory|49/100
|-boost|p2a: Great Tusk|spe|1
|-sideend|p2: High Mighty Weasel|Spikes|[from] move: Rapid Spin|[of] p2a: Great Tusk
|
|upkeep
|turn|15
|
|t:|1743936744
|-end|p2a: Great Tusk|Protosynthesis|[silent]
|switch|p2a: Primarina|Primarina, M, shiny|100/100
|move|p1a: Skarmory|Roost|p1a: Skarmory
|-heal|p1a: Skarmory|99/100
|-singleturn|p1a: Skarmory|move: Roost
|
|upkeep
|turn|16
|
|t:|1743936748
|switch|p1a: Tyranitar|Tyranitar, F|100/100
|-weather|Sandstorm|[from] ability: Sand Stream|[of] p1a: Tyranitar
|move|p2a: Primarina|Psychic Noise|p1a: Tyranitar
|-supereffective|p1a: Tyranitar
|-damage|p1a: Tyranitar|64/100
|-start|p1a: Tyranitar|move: Heal Block
|
|-weather|Sandstorm|[upkeep]
|-damage|p2a: Primarina|94/100|[from] Sandstorm
|upkeep
|turn|17
|
|t:|1743936760
|move|p2a: Primarina|Flip Turn|p1a: Tyranitar
|-supereffective|p1a: Tyranitar
|-damage|p1a: Tyranitar|42/100
|
|t:|1743936764
|switch|p2a: Great Tusk|Great Tusk, shiny|64/100|[from] Flip Turn
|move|p1a: Tyranitar|Stealth Rock|p2a: Great Tusk
|-sidestart|p2: High Mighty Weasel|move: Stealth Rock
|
|-weather|Sandstorm|[upkeep]
|-end|p1a: Tyranitar|move: Heal Block
|upkeep
|turn|18
|
|t:|1743936779
|move|p2a: Great Tusk|Headlong Rush|p1a: Tyranitar
|-supereffective|p1a: Tyranitar
|-damage|p1a: Tyranitar|0 fnt
|-unboost|p2a: Great Tusk|def|1
|-unboost|p2a: Great Tusk|spd|1
|faint|p1a: Tyranitar
|
|-weather|Sandstorm|[upkeep]
|upkeep
|
|t:|1743936786
|switch|p1a: Clefable|Clefable, F|71/100
|turn|19
|
|t:|1743936791
|-end|p2a: Great Tusk|Protosynthesis|[silent]
|switch|p2a: Scizor|Scizor, M|76/100
|-damage|p2a: Scizor|64/100|[from] Stealth Rock
|move|p1a: Clefable|Moonblast|p2a: Scizor
|-resisted|p2a: Scizor
|-damage|p2a: Scizor|43/100
|-unboost|p2a: Scizor|spa|1
|
|-weather|Sandstorm|[upkeep]
|upkeep
|turn|20
|
|t:|1743936800
|move|p1a: Clefable|Protect|p1a: Clefable
|-singleturn|p1a: Clefable|Protect
|move|p2a: Scizor|U-turn|p1a: Clefable
|-activate|p1a: Clefable|move: Protect
|
|-weather|none
|upkeep
|turn|21
|
|t:|1743936804
|move|p2a: Scizor|U-turn|p1a: Clefable
|-resisted|p1a: Clefable
|-damage|p1a: Clefable|48/100
|j| Dark in the Wolves
|
|t:|1743936808
|switch|p2a: Primarina|Primarina, M, shiny|94/100|[from] U-turn
|-damage|p2a: Primarina|82/100|[from] Stealth Rock
|move|p1a: Clefable|Wish|p1a: Clefable
|
|upkeep
|turn|22
|
|t:|1743936815
|move|p1a: Clefable|Protect|p1a: Clefable
|-singleturn|p1a: Clefable|Protect
|move|p2a: Primarina|Psychic Noise|p1a: Clefable
|-activate|p1a: Clefable|move: Protect
|
|-heal|p1a: Clefable|98/100|[from] move: Wish|[wisher] Clefable
|upkeep
|turn|23
|
|t:|1743936819
|move|p2a: Primarina|Moonblast|p1a: Clefable
|-damage|p1a: Clefable|51/100
|move|p1a: Clefable|Knock Off|p2a: Primarina
|-resisted|p2a: Primarina
|-damage|p2a: Primarina|74/100
|-enditem|p2a: Primarina|Assault Vest|[from] move: Knock Off|[of] p1a: Clefable
|
|upkeep
|turn|24
|
|t:|1743936825
|move|p1a: Clefable|Protect|p1a: Clefable
|-singleturn|p1a: Clefable|Protect
|move|p2a: Primarina|Psychic Noise|p1a: Clefable
|-activate|p1a: Clefable|move: Protect
|
|upkeep
|turn|25
|l| Dark in the Wolves
|
|t:|1743936829
|switch|p1a: Alomomola|Alomomola, M, shiny|52/100
|move|p2a: Primarina|Psychic Noise|p1a: Alomomola
|-resisted|p1a: Alomomola
|-damage|p1a: Alomomola|32/100
|-start|p1a: Alomomola|move: Heal Block
|
|upkeep
|turn|26
|j| Sanesa8724
|
|t:|1743936840
|move|p2a: Primarina|Moonblast|p1a: Alomomola
|-crit|p1a: Alomomola
|-damage|p1a: Alomomola|0 fnt
|faint|p1a: Alomomola
|
|upkeep
|
|t:|1743936841
|switch|p1a: Clodsire|Clodsire, F|69/100
|turn|27
|
|t:|1743936850
|switch|p2a: Great Tusk|Great Tusk, shiny|64/100
|move|p1a: Clodsire|Recover|p1a: Clodsire
|-heal|p1a: Clodsire|100/100
|
|upkeep
|turn|28
|
|t:|1743936857
|move|p2a: Great Tusk|Rapid Spin|p1a: Clodsire
|-damage|p1a: Clodsire|85/100
|-boost|p2a: Great Tusk|spe|1
|-sideend|p2: High Mighty Weasel|Stealth Rock|[from] move: Rapid Spin|[of] p2a: Great Tusk
|move|p1a: Clodsire|Toxic|p2a: Great Tusk
|-status|p2a: Great Tusk|tox
|
|-damage|p2a: Great Tusk|57/100 tox|[from] psn
|upkeep
|turn|29
|
|t:|1743936863
|-end|p2a: Great Tusk|Protosynthesis|[silent]
|switch|p2a: Primarina|Primarina, M, shiny|74/100
|move|p1a: Clodsire|Earthquake|p2a: Primarina
|-damage|p2a: Primarina|42/100
|
|upkeep
|turn|30
|
|t:|1743936871
|switch|p2a: Ogerpon|Ogerpon-Wellspring, F|100/100
|-terastallize|p1a: Clodsire|Steel
|move|p1a: Clodsire|Toxic|p2a: Ogerpon
|-status|p2a: Ogerpon|tox
|
|-damage|p2a: Ogerpon|95/100 tox|[from] psn
|upkeep
|turn|31
|
|t:|1743936880
|switch|p1a: Hydrapple|Hydrapple, M|44/100
|-damage|p1a: Hydrapple|32/100|[from] Stealth Rock
|-terastallize|p2a: Ogerpon|Water
|detailschange|p2a: Ogerpon|Ogerpon-Wellspring-Tera, F, tera:Water
|-ability|p2a: Ogerpon|Embody Aspect (Wellspring)|boost
|-boost|p2a: Ogerpon|spd|1
|move|p2a: Ogerpon|Ivy Cudgel|p1a: Hydrapple|[anim] Ivy Cudgel Water
|-resisted|p1a: Hydrapple
|-damage|p1a: Hydrapple|20/100
|
|-damage|p2a: Ogerpon|83/100 tox|[from] psn
|upkeep
|turn|32
|
|t:|1743936886
|move|p2a: Ogerpon|Play Rough|p1a: Hydrapple
|-supereffective|p1a: Hydrapple
|-damage|p1a: Hydrapple|0 fnt
|faint|p1a: Hydrapple
|
|-damage|p2a: Ogerpon|65/100 tox|[from] psn
|upkeep
|
|t:|1743936888
|switch|p1a: Skarmory|Skarmory, M|99/100
|-damage|p1a: Skarmory|87/100|[from] Stealth Rock
|turn|33
|l| Sanesa8724
|
|t:|1743936892
|switch|p2a: Zapdos|Zapdos|100/100
|move|p1a: Skarmory|Roost|p1a: Skarmory
|-heal|p1a: Skarmory|100/100
|-singleturn|p1a: Skarmory|move: Roost
|
|upkeep
|turn|34
|
|t:|1743936897
|move|p2a: Zapdos|Volt Switch|p1a: Skarmory
|-supereffective|p1a: Skarmory
|-damage|p1a: Skarmory|16/100
|
|t:|1743936906
|switch|p2a: Primarina|Primarina, M, shiny|42/100|[from] Volt Switch
|move|p1a: Skarmory|Spikes|p2a: Primarina
|-sidestart|p2: High Mighty Weasel|Spikes
|
|upkeep
|turn|35
|
|t:|1743936914
|move|p1a: Skarmory|Spikes|p2a: Primarina
|-sidestart|p2: High Mighty Weasel|Spikes
|move|p2a: Primarina|Psychic Noise|p1a: Skarmory
|-damage|p1a: Skarmory|0 fnt
|faint|p1a: Skarmory
|
|upkeep
|
|t:|1743936916
|switch|p1a: Clefable|Clefable, F|51/100
|turn|36
|
|t:|1743936919
|move|p2a: Primarina|Psychic Noise|p1a: Clefable
|-damage|p1a: Clefable|10/100
|-start|p1a: Clefable|move: Heal Block
|cant|p1a: Clefable|move: Heal Block|Wish
|
|upkeep
|turn|37
|-message|speeeedwagon forfeited.
|
|win|High Mighty Weasel
|raw|speeeedwagon's rating: 1559 &rarr; <strong>1542</strong><br />(-17 for losing)
|raw|High Mighty Weasel's rating: 1615 &rarr; <strong>1632</strong><br />(+17 for winning)
|l|☆speeeedwagon
|player|p1|
|l|☆High Mighty Weasel
|player|p2|
