|j|☆SunnySideDuck
|j|☆ThickNoodles09
|t:|1743826193
|gametype|singles
|player|p1|SunnySideDuck|juan|1197
|player|p2|ThickNoodles09|pokekid|1181
|teamsize|p1|6
|teamsize|p2|6
|gen|9
|tier|[Gen 9] OU
|rated|
|rule|HP Percentage Mod: HP is shown in percentages
|rule|Endless Battle Clause: Forcing endless battles is banned
|rule|Species Clause: Limit one of each Pokémon
|rule|OHKO Clause: OHKO moves are banned
|rule|Evasion Items Clause: Evasion items are banned
|rule|Evasion Moves Clause: Evasion moves are banned
|rule|Sleep Moves Clause: Sleep-inducing moves are banned
|clearpoke
|poke|p1|Gholdengo|
|poke|p1|Slowking-Galar, M|
|poke|p1|Gliscor, M|
|poke|p1|Great Tusk|
|poke|p1|Kyurem|
|poke|p1|Tinkaton, F|
|poke|p2|Keldeo-Resolute|
|poke|p2|Meloetta|
|poke|p2|Landorus-Therian, M|
|poke|p2|Cobalion|
|poke|p2|Thundurus, M|
|poke|p2|Excadrill, M|
|teampreview
|inactive|Battle timer is ON: inactive players will automatically lose when time's up. (requested by ThickNoodles09)
|
|t:|1743826206
|start
|switch|p1a: Kyurem|Kyurem|100/100
|switch|p2a: Keldeo|Keldeo-Resolute|100/100
|-ability|p1a: Kyurem|Pressure
|turn|1
|
|t:|1743826221
|move|p2a: Keldeo|Secret Sword|p1a: Kyurem
|-supereffective|p1a: Kyurem
|-damage|p1a: Kyurem|0 fnt
|faint|p1a: Kyurem
|
|upkeep
|
|t:|1743826228
|switch|p1a: Slowking|Slowking-Galar, M|100/100
|turn|2
|
|t:|1743826231
|switch|p2a: Excadrill|Excadrill, M|100/100
|-ability|p2a: Excadrill|Mold Breaker
|move|p1a: Slowking|Thunder Wave|p2a: Excadrill
|-immune|p2a: Excadrill
|
|upkeep
|turn|3
|
|t:|1743826235
|move|p2a: Excadrill|Swords Dance|p2a: Excadrill
|-boost|p2a: Excadrill|atk|2
|-prepare|p1a: Slowking|Chilly Reception|[premajor]
|move|p1a: Slowking|Chilly Reception|p1a: Slowking
|-weather|Snowscape
|
|t:|1743826242
|switch|p1a: Gliscor|Gliscor, M|100/100|[from] Chilly Reception
|
|-weather|Snowscape|[upkeep]
|-status|p1a: Gliscor|tox|[from] item: Toxic Orb
|upkeep
|turn|4
|
|t:|1743826249
|move|p2a: Excadrill|Iron Head|p1a: Gliscor
|-crit|p1a: Gliscor
|-damage|p1a: Gliscor|29/100 tox
|cant|p1a: Gliscor|flinch
|
|-weather|Snowscape|[upkeep]
|-heal|p1a: Gliscor|41/100 tox|[from] ability: Poison Heal
|upkeep
|turn|5
|
|t:|1743826255
|move|p1a: Gliscor|Protect|p1a: Gliscor
|-singleturn|p1a: Gliscor|Protect
|move|p2a: Excadrill|Iron Head|p1a: Gliscor
|-activate|p1a: Gliscor|move: Protect
|
|-weather|Snowscape|[upkeep]
|-heal|p1a: Gliscor|54/100 tox|[from] ability: Poison Heal
|upkeep
|turn|6
|
|t:|1743826263
|-terastallize|p1a: Gliscor|Water
|move|p2a: Excadrill|Iron Head|p1a: Gliscor
|-resisted|p1a: Gliscor
|-damage|p1a: Gliscor|29/100 tox
|move|p1a: Gliscor|Earthquake|p2a: Excadrill
|-supereffective|p2a: Excadrill
|-damage|p2a: Excadrill|2/100
|
|-weather|Snowscape|[upkeep]
|-heal|p1a: Gliscor|42/100 tox|[from] ability: Poison Heal
|upkeep
|turn|7
|
|t:|1743826276
|move|p1a: Gliscor|Protect|p1a: Gliscor
|-singleturn|p1a: Gliscor|Protect
|move|p2a: Excadrill|Earthquake|p1a: Gliscor
|-activate|p1a: Gliscor|move: Protect
|
|-weather|none
|-heal|p1a: Gliscor|54/100 tox|[from] ability: Poison Heal
|upkeep
|turn|8
|
|t:|1743826287
|move|p2a: Excadrill|Earthquake|p1a: Gliscor
|-damage|p1a: Gliscor|0 fnt
|faint|p1a: Gliscor
|
|upkeep
|
|t:|1743826294
|switch|p1a: Tinkaton|Tinkaton, F|100/100
|-ability|p1a: Tinkaton|Mold Breaker
|-item|p1a: Tinkaton|Air Balloon
|turn|9
|
|t:|1743826297
|move|p1a: Tinkaton|Knock Off|p2a: Excadrill
|-damage|p2a: Excadrill|0 fnt
|-enditem|p2a: Excadrill|Focus Sash|[from] move: Knock Off|[of] p1a: Tinkaton
|faint|p2a: Excadrill
|
|upkeep
|
|t:|1743826308
|switch|p2a: Thundurus|Thundurus, M|100/100
|turn|10
|
|t:|1743826314
|move|p2a: Thundurus|Volt Switch|p1a: Tinkaton
|-damage|p1a: Tinkaton|70/100
|-enditem|p1a: Tinkaton|Air Balloon
|
|t:|1743826317
|switch|p2a: Landorus|Landorus-Therian, M|100/100|[from] Volt Switch
|-ability|p2a: Landorus|Intimidate|boost
|-unboost|p1a: Tinkaton|atk|1
|move|p1a: Tinkaton|Stealth Rock|p2a: Landorus
|-sidestart|p2: ThickNoodles09|move: Stealth Rock
|
|upkeep
|turn|11
|
|t:|1743826322
|move|p2a: Landorus|Earthquake|p1a: Tinkaton
|-supereffective|p1a: Tinkaton
|-damage|p1a: Tinkaton|0 fnt
|faint|p1a: Tinkaton
|
|upkeep
|
|t:|1743826325
|switch|p1a: Great Tusk|Great Tusk|100/100
|-enditem|p1a: Great Tusk|Booster Energy
|-activate|p1a: Great Tusk|ability: Protosynthesis|[fromitem]
|-start|p1a: Great Tusk|protosynthesisatk
|turn|12
|
|t:|1743826329
|switch|p2a: Cobalion|Cobalion|100/100
|-damage|p2a: Cobalion|98/100|[from] Stealth Rock
|move|p1a: Great Tusk|Rapid Spin|p2a: Cobalion
|-resisted|p2a: Cobalion
|-damage|p2a: Cobalion|91/100
|-boost|p1a: Great Tusk|spe|1
|-damage|p1a: Great Tusk|84/100|[from] item: Rocky Helmet|[of] p2a: Cobalion
|
|upkeep
|turn|13
|
|t:|1743826342
|-terastallize|p2a: Cobalion|Flying
|move|p1a: Great Tusk|Headlong Rush|p2a: Cobalion
|-immune|p2a: Cobalion
|move|p2a: Cobalion|Iron Defense|p2a: Cobalion
|-boost|p2a: Cobalion|def|2
|
|upkeep
|turn|14
|
|t:|1743826355
|move|p1a: Great Tusk|Ice Spinner|p2a: Cobalion
|-supereffective|p2a: Cobalion
|-damage|p2a: Cobalion|67/100
|-damage|p1a: Great Tusk|68/100|[from] item: Rocky Helmet|[of] p2a: Cobalion
|move|p2a: Cobalion|Body Press|p1a: Great Tusk
|-damage|p1a: Great Tusk|1/100
|
|upkeep
|turn|15
|
|t:|1743826361
|move|p1a: Great Tusk|Temper Flare|p2a: Cobalion
|-damage|p2a: Cobalion|57/100
|-damage|p1a: Great Tusk|0 fnt|[from] item: Rocky Helmet|[of] p2a: Cobalion
|faint|p1a: Great Tusk
|-end|p1a: Great Tusk|Protosynthesis|[silent]
|move|p2a: Cobalion|Stealth Rock|p1: Great Tusk
|-sidestart|p1: SunnySideDuck|move: Stealth Rock
|
|upkeep
|-message|SunnySideDuck forfeited.
|
|win|ThickNoodles09
|raw|SunnySideDuck's rating: 1197 &rarr; <strong>1171</strong><br />(-26 for losing)
|raw|ThickNoodles09's rating: 1181 &rarr; <strong>1207</strong><br />(+26 for winning)
|l|☆SunnySideDuck
|player|p1|
|l|☆ThickNoodles09
|player|p2|
