|j|☆VANYR
|j|☆Furiousjulian
|t:|1743856222
|gametype|singles
|player|p1|VANYR|grimsley|1481
|player|p2|Furiousjulian|blackbelt|1464
|teamsize|p1|6
|teamsize|p2|6
|gen|9
|tier|[Gen 9] OU
|rated|
|rule|HP Percentage Mod: HP is shown in percentages
|rule|Endless Battle Clause: Forcing endless battles is banned
|rule|Species Clause: Limit one of each Pokémon
|rule|OHKO Clause: OHKO moves are banned
|rule|Evasion Items Clause: Evasion items are banned
|rule|Evasion Moves Clause: Evasion moves are banned
|rule|Sleep Moves Clause: Sleep-inducing moves are banned
|clearpoke
|poke|p1|Glimmora, F|
|poke|p1|Samurott-Hisui, F|
|poke|p1|Kleavor, F|
|poke|p1|Sinistcha-Masterpiece|
|poke|p1|Empoleon, M|
|poke|p1|Conkeldurr, M|
|poke|p2|Arcanine-Hisui, F|
|poke|p2|Enamorus, F|
|poke|p2|Latios, M|
|poke|p2|Dondozo, F|
|poke|p2|Scyther, M|
|poke|p2|Magnezone|
|teampreview
|inactive|Battle timer is ON: inactive players will automatically lose when time's up. (requested by VANYR)
|
|t:|1743856237
|start
|switch|p1a: Kleavor|Kleavor, F|100/100
|switch|p2a: Aguilerus|Enamorus, F|100/100
|turn|1
|inactive|Furiousjulian has 120 seconds left.
|inactive|Furiousjulian has 90 seconds left.
|
|t:|1743856298
|-terastallize|p2a: Aguilerus|Fairy
|move|p2a: Aguilerus|Moonblast|p1a: Kleavor
|-damage|p1a: Kleavor|2/100
|move|p1a: Kleavor|Stone Axe|p2a: Aguilerus
|-damage|p2a: Aguilerus|0 fnt
|-sidestart|p2: Furiousjulian|move: Stealth Rock
|faint|p2a: Aguilerus
|
|upkeep
|inactive|Furiousjulian has 90 seconds left.
|
|t:|1743856313
|switch|p2a: Justiceforwhales|Dondozo, F|100/100
|-damage|p2a: Justiceforwhales|88/100|[from] Stealth Rock
|turn|2
|
|t:|1743856319
|switch|p1a: Sinistcha|Sinistcha-Masterpiece|100/100
|move|p2a: Justiceforwhales|Body Press|p1a: Sinistcha
|-immune|p1a: Sinistcha
|
|upkeep
|turn|3
|
|t:|1743856325
|switch|p1a: Samurott|Samurott-Hisui, F|100/100
|switch|p2a: Tom Scarling|Scyther, M|100/100
|
|upkeep
|turn|4
|
|t:|1743856330
|move|p2a: Tom Scarling|U-turn|p1a: Samurott
|-supereffective|p1a: Samurott
|-damage|p1a: Samurott|28/100
|
|t:|1743856333
|switch|p2a: Justiceforwhales|Dondozo, F|88/100|[from] U-turn
|-damage|p2a: Justiceforwhales|76/100|[from] Stealth Rock
|move|p1a: Samurott|Ceaseless Edge|p2a: Justiceforwhales
|-damage|p2a: Justiceforwhales|51/100
|-damage|p1a: Samurott|11/100|[from] item: Rocky Helmet|[of] p2a: Justiceforwhales
|-sidestart|p2: Furiousjulian|Spikes
|
|upkeep
|turn|5
|
|t:|1743856341
|switch|p1a: Conkeldurr|Conkeldurr, M|100/100
|move|p2a: Justiceforwhales|Rest|p2a: Justiceforwhales
|-status|p2a: Justiceforwhales|slp|[from] move: Rest
|-heal|p2a: Justiceforwhales|100/100 slp|[silent]
|
|upkeep
|turn|6
|
|t:|1743856350
|move|p1a: Conkeldurr|Knock Off|p2a: Justiceforwhales
|-damage|p2a: Justiceforwhales|82/100 slp
|-damage|p1a: Conkeldurr|84/100|[from] item: Rocky Helmet|[of] p2a: Justiceforwhales
|-enditem|p2a: Justiceforwhales|Rocky Helmet|[from] move: Knock Off|[of] p1a: Conkeldurr
|cant|p2a: Justiceforwhales|slp
|move|p2a: Justiceforwhales|Sleep Talk|p2a: Justiceforwhales
|move|p2a: Justiceforwhales|Rest||[from] move: Sleep Talk|[still]
|-fail|p2a: Justiceforwhales
|
|upkeep
|turn|7
|inactive|Furiousjulian has 120 seconds left.
|
|t:|1743856359
|move|p1a: Conkeldurr|Thunder Punch|p2a: Justiceforwhales
|-supereffective|p2a: Justiceforwhales
|-damage|p2a: Justiceforwhales|46/100 slp
|cant|p2a: Justiceforwhales|slp
|move|p2a: Justiceforwhales|Sleep Talk|p2a: Justiceforwhales
|move|p2a: Justiceforwhales|Rest||[from] move: Sleep Talk|[still]
|-fail|p2a: Justiceforwhales
|
|upkeep
|turn|8
|
|t:|1743856366
|move|p1a: Conkeldurr|Drain Punch|p2a: Justiceforwhales
|-damage|p2a: Justiceforwhales|21/100 slp
|-heal|p1a: Conkeldurr|100/100|[from] drain|[of] p2a: Justiceforwhales
|-curestatus|p2a: Justiceforwhales|slp|[msg]
|move|p2a: Justiceforwhales|Rest|p2a: Justiceforwhales
|-status|p2a: Justiceforwhales|slp|[from] move: Rest
|-heal|p2a: Justiceforwhales|100/100 slp|[silent]
|
|upkeep
|turn|9
|
|t:|1743856375
|move|p1a: Conkeldurr|Thunder Punch|p2a: Justiceforwhales
|-supereffective|p2a: Justiceforwhales
|-damage|p2a: Justiceforwhales|67/100 slp
|cant|p2a: Justiceforwhales|slp
|move|p2a: Justiceforwhales|Sleep Talk|p2a: Justiceforwhales
|move|p2a: Justiceforwhales|Avalanche|p1a: Conkeldurr|[from] move: Sleep Talk
|-damage|p1a: Conkeldurr|80/100
|
|upkeep
|turn|10
|
|t:|1743856384
|move|p1a: Conkeldurr|Thunder Punch|p2a: Justiceforwhales
|-supereffective|p2a: Justiceforwhales
|-damage|p2a: Justiceforwhales|30/100 slp
|cant|p2a: Justiceforwhales|slp
|move|p2a: Justiceforwhales|Sleep Talk|p2a: Justiceforwhales
|move|p2a: Justiceforwhales|Avalanche|p1a: Conkeldurr|[from] move: Sleep Talk
|-damage|p1a: Conkeldurr|59/100
|
|upkeep
|turn|11
|
|t:|1743856393
|move|p1a: Conkeldurr|Knock Off|p2a: Justiceforwhales
|-damage|p2a: Justiceforwhales|18/100 slp
|-curestatus|p2a: Justiceforwhales|slp|[msg]
|move|p2a: Justiceforwhales|Rest|p2a: Justiceforwhales
|-status|p2a: Justiceforwhales|slp|[from] move: Rest
|-heal|p2a: Justiceforwhales|100/100 slp|[silent]
|
|upkeep
|turn|12
|
|t:|1743856400
|move|p1a: Conkeldurr|Drain Punch|p2a: Justiceforwhales
|-damage|p2a: Justiceforwhales|74/100 slp
|-heal|p1a: Conkeldurr|78/100|[from] drain|[of] p2a: Justiceforwhales
|cant|p2a: Justiceforwhales|slp
|move|p2a: Justiceforwhales|Sleep Talk|p2a: Justiceforwhales
|move|p2a: Justiceforwhales|Avalanche|p1a: Conkeldurr|[from] move: Sleep Talk
|-damage|p1a: Conkeldurr|56/100
|
|upkeep
|turn|13
|
|t:|1743856409
|move|p1a: Conkeldurr|Drain Punch|p2a: Justiceforwhales
|-damage|p2a: Justiceforwhales|45/100 slp
|-heal|p1a: Conkeldurr|77/100|[from] drain|[of] p2a: Justiceforwhales
|cant|p2a: Justiceforwhales|slp
|move|p2a: Justiceforwhales|Sleep Talk|p2a: Justiceforwhales
|move|p2a: Justiceforwhales|Avalanche|p1a: Conkeldurr|[from] move: Sleep Talk
|-damage|p1a: Conkeldurr|56/100
|
|upkeep
|turn|14
|
|t:|1743856420
|move|p1a: Conkeldurr|Drain Punch|p2a: Justiceforwhales
|-damage|p2a: Justiceforwhales|20/100 slp
|-heal|p1a: Conkeldurr|74/100|[from] drain|[of] p2a: Justiceforwhales
|-curestatus|p2a: Justiceforwhales|slp|[msg]
|move|p2a: Justiceforwhales|Rest|p2a: Justiceforwhales
|-status|p2a: Justiceforwhales|slp|[from] move: Rest
|-heal|p2a: Justiceforwhales|100/100 slp|[silent]
|
|upkeep
|turn|15
|
|t:|1743856430
|move|p1a: Conkeldurr|Thunder Punch|p2a: Justiceforwhales
|-supereffective|p2a: Justiceforwhales
|-damage|p2a: Justiceforwhales|64/100 slp
|cant|p2a: Justiceforwhales|slp
|move|p2a: Justiceforwhales|Sleep Talk|p2a: Justiceforwhales
|move|p2a: Justiceforwhales|Rest||[from] move: Sleep Talk|[still]
|-fail|p2a: Justiceforwhales
|
|upkeep
|turn|16
|
|t:|1743856437
|move|p1a: Conkeldurr|Thunder Punch|p2a: Justiceforwhales
|-supereffective|p2a: Justiceforwhales
|-damage|p2a: Justiceforwhales|27/100 slp
|cant|p2a: Justiceforwhales|slp
|move|p2a: Justiceforwhales|Sleep Talk|p2a: Justiceforwhales
|move|p2a: Justiceforwhales|Avalanche|p1a: Conkeldurr|[from] move: Sleep Talk
|-damage|p1a: Conkeldurr|50/100
|
|upkeep
|turn|17
|
|t:|1743856445
|move|p1a: Conkeldurr|Thunder Punch|p2a: Justiceforwhales
|-supereffective|p2a: Justiceforwhales
|-damage|p2a: Justiceforwhales|0 fnt
|faint|p2a: Justiceforwhales
|
|upkeep
|
|t:|1743856451
|switch|p2a: Tom Scarling|Scyther, M|100/100
|turn|18
|
|t:|1743856455
|switch|p1a: Glimmora|Glimmora, F|100/100
|move|p2a: Tom Scarling|Dual Wingbeat|p1a: Glimmora
|-resisted|p1a: Glimmora
|-damage|p1a: Glimmora|86/100
|-activate|p1a: Glimmora|ability: Toxic Debris
|-sidestart|p2: Furiousjulian|move: Toxic Spikes
|-resisted|p1a: Glimmora
|-damage|p1a: Glimmora|72/100
|-activate|p1a: Glimmora|ability: Toxic Debris
|-sidestart|p2: Furiousjulian|move: Toxic Spikes
|-hitcount|p1a: Glimmora|2
|
|-heal|p1a: Glimmora|78/100|[from] item: Black Sludge
|upkeep
|turn|19
|
|t:|1743856470
|move|p2a: Tom Scarling|U-turn|p1a: Glimmora
|-resisted|p1a: Glimmora
|-damage|p1a: Glimmora|63/100
|
|t:|1743856477
|switch|p2a: Dreamwyvern|Latios, M, shiny|100/100|[from] U-turn
|-damage|p2a: Dreamwyvern|88/100|[from] Stealth Rock
|move|p1a: Glimmora|Earth Power|p2a: Dreamwyvern
|-immune|p2a: Dreamwyvern|[from] ability: Levitate
|
|-heal|p1a: Glimmora|69/100|[from] item: Black Sludge
|upkeep
|turn|20
|
|t:|1743856487
|switch|p1a: Empoleon|Empoleon, M|100/100
|move|p2a: Dreamwyvern|Aura Sphere|p1a: Empoleon
|-supereffective|p1a: Empoleon
|-damage|p1a: Empoleon|62/100
|
|upkeep
|turn|21
|
|t:|1743856497
|switch|p2a: Probotector|Magnezone|100/100
|-damage|p2a: Probotector|94/100|[from] Stealth Rock
|-damage|p2a: Probotector|82/100|[from] Spikes
|move|p1a: Empoleon|Ice Beam|p2a: Probotector
|-resisted|p2a: Probotector
|-damage|p2a: Probotector|70/100
|
|upkeep
|turn|22
|
|t:|1743856506
|move|p1a: Empoleon|Flip Turn|p2a: Probotector
|-damage|p2a: Probotector|60/100
|
|t:|1743856512
|switch|p1a: Kleavor|Kleavor, F|2/100|[from] Flip Turn
|move|p2a: Probotector|Body Press|p1a: Kleavor
|-damage|p1a: Kleavor|0 fnt
|faint|p1a: Kleavor
|
|upkeep
|
|t:|1743856518
|switch|p1a: Conkeldurr|Conkeldurr, M|50/100
|turn|23
|
|t:|1743856533
|switch|p2a: Tom Scarling|Scyther, M|100/100
|move|p1a: Conkeldurr|Knock Off|p2a: Tom Scarling
|-damage|p2a: Tom Scarling|47/100
|-enditem|p2a: Tom Scarling|Heavy-Duty Boots|[from] move: Knock Off|[of] p1a: Conkeldurr
|
|upkeep
|turn|24
|
|t:|1743856550
|switch|p1a: Glimmora|Glimmora, F|69/100
|move|p2a: Tom Scarling|Defog|p1a: Glimmora
|-unboost|p1a: Glimmora|evasion|1
|-sideend|p2: Furiousjulian|Spikes|[from] move: Defog|[of] p2a: Tom Scarling
|-sideend|p2: Furiousjulian|Toxic Spikes|[from] move: Defog|[of] p2a: Tom Scarling
|-sideend|p2: Furiousjulian|Stealth Rock|[from] move: Defog|[of] p2a: Tom Scarling
|
|-heal|p1a: Glimmora|75/100|[from] item: Black Sludge
|upkeep
|turn|25
|
|t:|1743856559
|switch|p2a: Dreamwyvern|Latios, M, shiny|88/100
|move|p1a: Glimmora|Power Gem|p2a: Dreamwyvern
|-damage|p2a: Dreamwyvern|67/100
|
|-heal|p1a: Glimmora|81/100|[from] item: Black Sludge
|upkeep
|turn|26
|
|t:|1743856571
|move|p2a: Dreamwyvern|Psyshock|p1a: Glimmora
|-supereffective|p1a: Glimmora
|-damage|p1a: Glimmora|0 fnt
|faint|p1a: Glimmora
|
|upkeep
|
|t:|1743856576
|switch|p1a: Empoleon|Empoleon, M|62/100
|turn|27
|
|t:|1743856580
|move|p2a: Dreamwyvern|Aura Sphere|p1a: Empoleon
|-supereffective|p1a: Empoleon
|-damage|p1a: Empoleon|26/100
|move|p1a: Empoleon|Flip Turn|p2a: Dreamwyvern
|-resisted|p2a: Dreamwyvern
|-damage|p2a: Dreamwyvern|59/100
|
|t:|1743856582
|switch|p1a: Samurott|Samurott-Hisui, F|11/100|[from] Flip Turn
|
|upkeep
|turn|28
|
|t:|1743856605
|switch|p2a: Probotector|Magnezone|60/100
|move|p1a: Samurott|Sucker Punch||[still]
|-fail|p1a: Samurott
|
|upkeep
|turn|29
|
|t:|1743856613
|switch|p1a: Sinistcha|Sinistcha-Masterpiece|100/100
|move|p2a: Probotector|Volt Switch|p1a: Sinistcha
|-resisted|p1a: Sinistcha
|-damage|p1a: Sinistcha|84/100
|
|t:|1743856623
|switch|p2a: Kanine|Arcanine-Hisui, F|100/100|[from] Volt Switch
|
|-heal|p1a: Sinistcha|90/100|[from] item: Leftovers
|upkeep
|turn|30
|
|t:|1743856629
|move|p2a: Kanine|Flare Blitz|p1a: Sinistcha
|-supereffective|p1a: Sinistcha
|-damage|p1a: Sinistcha|24/100
|move|p1a: Sinistcha|Strength Sap|p2a: Kanine
|-unboost|p2a: Kanine|atk|1
|-heal|p1a: Sinistcha|100/100
|
|upkeep
|turn|31
|
|t:|1743856638
|switch|p2a: Dreamwyvern|Latios, M, shiny|59/100
|move|p1a: Sinistcha|Calm Mind|p1a: Sinistcha
|-boost|p1a: Sinistcha|spa|1
|-boost|p1a: Sinistcha|spd|1
|
|upkeep
|turn|32
|
|t:|1743856650
|move|p2a: Dreamwyvern|Shadow Ball|p1a: Sinistcha
|-supereffective|p1a: Sinistcha
|-damage|p1a: Sinistcha|49/100
|move|p1a: Sinistcha|Calm Mind|p1a: Sinistcha
|-boost|p1a: Sinistcha|spa|1
|-boost|p1a: Sinistcha|spd|1
|
|-heal|p1a: Sinistcha|55/100|[from] item: Leftovers
|upkeep
|turn|33
|
|t:|1743856662
|move|p2a: Dreamwyvern|Shadow Ball|p1a: Sinistcha
|-supereffective|p1a: Sinistcha
|-damage|p1a: Sinistcha|19/100
|move|p1a: Sinistcha|Strength Sap|p2a: Dreamwyvern
|-unboost|p2a: Dreamwyvern|atk|1
|-heal|p1a: Sinistcha|67/100
|
|-heal|p1a: Sinistcha|73/100|[from] item: Leftovers
|upkeep
|turn|34
|
|t:|1743856671
|move|p2a: Dreamwyvern|Shadow Ball|p1a: Sinistcha
|-supereffective|p1a: Sinistcha
|-damage|p1a: Sinistcha|38/100
|-unboost|p1a: Sinistcha|spd|1
|move|p1a: Sinistcha|Shadow Ball|p2a: Dreamwyvern
|-supereffective|p2a: Dreamwyvern
|-damage|p2a: Dreamwyvern|0 fnt
|faint|p2a: Dreamwyvern
|
|-heal|p1a: Sinistcha|44/100|[from] item: Leftovers
|upkeep
|
|t:|1743856684
|switch|p2a: Kanine|Arcanine-Hisui, F|100/100
|turn|35
|
|t:|1743856693
|move|p2a: Kanine|Head Smash|p1a: Sinistcha
|-damage|p1a: Sinistcha|0 fnt
|faint|p1a: Sinistcha
|
|upkeep
|
|t:|1743856696
|switch|p1a: Conkeldurr|Conkeldurr, M|50/100
|turn|36
|
|t:|1743856706
|switch|p2a: Probotector|Magnezone|60/100
|move|p1a: Conkeldurr|Drain Punch|p2a: Probotector
|-supereffective|p2a: Probotector
|-damage|p2a: Probotector|0 fnt
|-heal|p1a: Conkeldurr|79/100|[from] drain|[of] p2a: Probotector
|faint|p2a: Probotector
|
|upkeep
|
|t:|1743856713
|switch|p2a: Tom Scarling|Scyther, M|47/100
|turn|37
|
|t:|1743856716
|switch|p1a: Empoleon|Empoleon, M|26/100
|move|p2a: Tom Scarling|Dual Wingbeat|p1a: Empoleon
|-resisted|p1a: Empoleon
|-damage|p1a: Empoleon|12/100
|-resisted|p1a: Empoleon
|-damage|p1a: Empoleon|0 fnt
|faint|p1a: Empoleon
|-hitcount|p1: Empoleon|2
|
|upkeep
|
|t:|1743856718
|switch|p1a: Samurott|Samurott-Hisui, F|11/100
|turn|38
|
|t:|1743856727
|move|p1a: Samurott|Sucker Punch|p2a: Tom Scarling
|-damage|p2a: Tom Scarling|0 fnt
|faint|p2a: Tom Scarling
|
|upkeep
|
|t:|1743856731
|switch|p2a: Kanine|Arcanine-Hisui, F|100/100
|turn|39
|inactive|Furiousjulian has 120 seconds left.
|
|t:|1743856774
|move|p1a: Samurott|Sucker Punch|p2a: Kanine
|-damage|p2a: Kanine|55/100
|move|p2a: Kanine|Flare Blitz|p1a: Samurott
|-resisted|p1a: Samurott
|-damage|p1a: Samurott|0 fnt
|faint|p1a: Samurott
|
|upkeep
|
|t:|1743856790
|switch|p1a: Conkeldurr|Conkeldurr, M|79/100
|turn|40
|
|t:|1743856792
|-terastallize|p1a: Conkeldurr|Fighting
|move|p2a: Kanine|Flare Blitz|p1a: Conkeldurr
|-damage|p1a: Conkeldurr|6/100
|move|p1a: Conkeldurr|Drain Punch|p2a: Kanine
|-supereffective|p2a: Kanine
|-damage|p2a: Kanine|0 fnt
|-heal|p1a: Conkeldurr|37/100|[from] drain|[of] p2a: Kanine
|faint|p2a: Kanine
|
|win|VANYR
|raw|VANYR's rating: 1481 &rarr; <strong>1500</strong><br />(+19 for winning)
|raw|Furiousjulian's rating: 1464 &rarr; <strong>1445</strong><br />(-19 for losing)
|l|☆VANYR
|player|p1|
|l|☆Furiousjulian
|player|p2|
