|j|☆naotokuro
|j|☆Phoenix470
|t:|1743844042
|gametype|singles
|player|p1|naotokuro|266|1097
|player|p2|Phoenix470|1|1148
|teamsize|p1|6
|teamsize|p2|6
|gen|9
|tier|[Gen 9] OU
|rated|
|rule|HP Percentage Mod: HP is shown in percentages
|rule|Endless Battle Clause: Forcing endless battles is banned
|rule|Species Clause: Limit one of each Pokémon
|rule|OHKO Clause: OHKO moves are banned
|rule|Evasion Items Clause: Evasion items are banned
|rule|Evasion Moves Clause: Evasion moves are banned
|rule|Sleep Moves Clause: Sleep-inducing moves are banned
|clearpoke
|poke|p1|Sandslash-Alola, M|
|poke|p1|Ninetales-Alola, M|
|poke|p1|Charizard, M|
|poke|p1|Blastoise, M|
|poke|p1|Pikachu-Hoenn, M|
|poke|p1|Espeon, F|
|poke|p2|Landorus-Therian, M|
|poke|p2|Corviknight, M|
|poke|p2|Garganacl, M|
|poke|p2|Gholdengo|
|poke|p2|Dragapult, M|
|poke|p2|Ogerpon-Wellspring, F|
|teampreview
|inactive|Battle timer is ON: inactive players will automatically lose when time's up. (requested by Phoenix470)
|
|t:|1743844052
|start
|switch|p1a: Ninetales|Ninetales-Alola, M|100/100
|switch|p2a: Landorus|Landorus-Therian, M|100/100
|-weather|Snowscape|[from] ability: Snow Warning|[of] p1a: Ninetales
|-ability|p2a: Landorus|Intimidate|boost
|-unboost|p1a: Ninetales|atk|1
|turn|1
|
|t:|1743844060
|move|p1a: Ninetales|Aurora Veil|p1a: Ninetales
|-sidestart|p1: naotokuro|move: Aurora Veil
|move|p2a: Landorus|Stealth Rock|p1a: Ninetales
|-sidestart|p1: naotokuro|move: Stealth Rock
|
|-weather|Snowscape|[upkeep]
|upkeep
|turn|2
|
|t:|1743844065
|switch|p1a: Sandslash|Sandslash-Alola, M, shiny|100/100
|-damage|p1a: Sandslash|88/100|[from] Stealth Rock
|move|p2a: Landorus|Taunt|p1a: Sandslash
|-start|p1a: Sandslash|move: Taunt
|
|-weather|Snowscape|[upkeep]
|upkeep
|turn|3
|
|t:|1743844082
|move|p1a: Sandslash|Rapid Spin|p2a: Landorus
|-damage|p2a: Landorus|85/100
|-boost|p1a: Sandslash|spe|1
|-damage|p1a: Sandslash|72/100|[from] item: Rocky Helmet|[of] p2a: Landorus
|-sideend|p1: naotokuro|Stealth Rock|[from] move: Rapid Spin|[of] p1a: Sandslash
|move|p2a: Landorus|Earth Power|p1a: Sandslash
|-supereffective|p1a: Sandslash
|-damage|p1a: Sandslash|27/100
|
|-weather|Snowscape|[upkeep]
|upkeep
|turn|4
|
|t:|1743844094
|-terastallize|p1a: Sandslash|Dragon
|move|p1a: Sandslash|Icicle Spear|p2a: Landorus
|-supereffective|p2a: Landorus
|-damage|p2a: Landorus|37/100
|-supereffective|p2a: Landorus
|-damage|p2a: Landorus|0 fnt
|faint|p2a: Landorus
|-hitcount|p2: Landorus|2
|
|-weather|Snowscape|[upkeep]
|-end|p1a: Sandslash|move: Taunt
|upkeep
|inactive|Phoenix470 has 120 seconds left.
|
|t:|1743844120
|switch|p2a: Ogerpon|Ogerpon-Wellspring, F|100/100
|turn|5
|
|t:|1743844131
|move|p1a: Sandslash|Iron Head|p2a: Ogerpon
|-resisted|p2a: Ogerpon
|-damage|p2a: Ogerpon|77/100
|cant|p2a: Ogerpon|flinch
|
|-weather|none
|upkeep
|turn|6
|
|t:|1743844138
|move|p2a: Ogerpon|Play Rough|p1a: Sandslash
|-supereffective|p1a: Sandslash
|-damage|p1a: Sandslash|0 fnt
|faint|p1a: Sandslash
|
|upkeep
|
|t:|1743844143
|switch|p1a: Ninetales|Ninetales-Alola, M|100/100
|-weather|Snowscape|[from] ability: Snow Warning|[of] p1a: Ninetales
|turn|7
|
|t:|1743844151
|-terastallize|p2a: Ogerpon|Water
|detailschange|p2a: Ogerpon|Ogerpon-Wellspring-Tera, F, tera:Water
|-ability|p2a: Ogerpon|Embody Aspect (Wellspring)|boost
|-boost|p2a: Ogerpon|spd|1
|move|p2a: Ogerpon|Horn Leech|p1a: Ninetales
|-damage|p1a: Ninetales|83/100
|-heal|p2a: Ogerpon|87/100|[from] drain|[of] p1a: Ninetales
|move|p1a: Ninetales|Freeze-Dry|p2a: Ogerpon
|-supereffective|p2a: Ogerpon
|-damage|p2a: Ogerpon|53/100
|
|-weather|Snowscape|[upkeep]
|upkeep
|turn|8
|
|t:|1743844164
|move|p2a: Ogerpon|Ivy Cudgel|p1a: Ninetales|[anim] Ivy Cudgel Water
|-damage|p1a: Ninetales|50/100
|move|p1a: Ninetales|Encore|p2a: Ogerpon
|-start|p2a: Ogerpon|Encore
|
|-weather|Snowscape|[upkeep]
|-sideend|p1: naotokuro|move: Aurora Veil
|upkeep
|turn|9
|
|t:|1743844170
|move|p2a: Ogerpon|Ivy Cudgel|p1a: Ninetales|[anim] Ivy Cudgel Water
|-damage|p1a: Ninetales|0 fnt
|faint|p1a: Ninetales
|
|-weather|Snowscape|[upkeep]
|upkeep
|
|t:|1743844182
|switch|p1a: Espeon|Espeon, F|100/100
|turn|10
|
|t:|1743844192
|move|p1a: Espeon|Psychic|p2a: Ogerpon
|-damage|p2a: Ogerpon|0 fnt
|faint|p2a: Ogerpon
|
|-weather|Snowscape|[upkeep]
|upkeep
|
|t:|1743844201
|switch|p2a: Gholdengo|Gholdengo, shiny|100/100
|turn|11
|
|t:|1743844205
|move|p1a: Espeon|Psychic|p2a: Gholdengo
|-resisted|p2a: Gholdengo
|-damage|p2a: Gholdengo|63/100
|move|p2a: Gholdengo|Nasty Plot|p2a: Gholdengo
|-boost|p2a: Gholdengo|spa|2
|
|-weather|none
|upkeep
|turn|12
|
|t:|1743844212
|move|p1a: Espeon|Psychic|p2a: Gholdengo
|-resisted|p2a: Gholdengo
|-damage|p2a: Gholdengo|30/100
|move|p2a: Gholdengo|Recover|p2a: Gholdengo
|-heal|p2a: Gholdengo|80/100
|
|upkeep
|turn|13
|
|t:|1743844218
|move|p1a: Espeon|Psychic|p2a: Gholdengo
|-resisted|p2a: Gholdengo
|-damage|p2a: Gholdengo|45/100
|move|p2a: Gholdengo|Recover|p2a: Gholdengo
|-heal|p2a: Gholdengo|95/100
|
|upkeep
|turn|14
|
|t:|1743844222
|move|p1a: Espeon|Psychic|p2a: Gholdengo
|-resisted|p2a: Gholdengo
|-damage|p2a: Gholdengo|59/100
|move|p2a: Gholdengo|Recover|p2a: Gholdengo
|-heal|p2a: Gholdengo|100/100
|
|upkeep
|turn|15
|
|t:|1743844226
|move|p1a: Espeon|Psychic|p2a: Gholdengo
|-resisted|p2a: Gholdengo
|-damage|p2a: Gholdengo|67/100
|move|p2a: Gholdengo|Shadow Ball|p1a: Espeon
|-supereffective|p1a: Espeon
|-damage|p1a: Espeon|0 fnt
|faint|p1a: Espeon
|
|upkeep
|
|t:|1743844232
|switch|p1a: Charizard|Charizard, M|100/100
|turn|16
|
|t:|1743844255
|move|p1a: Charizard|Fire Blast|p2a: Gholdengo
|-supereffective|p2a: Gholdengo
|-damage|p2a: Gholdengo|0 fnt
|faint|p2a: Gholdengo
|
|upkeep
|
|t:|1743844259
|switch|p2a: Dragapult|Dragapult, M, shiny|100/100
|turn|17
|
|t:|1743844267
|move|p2a: Dragapult|Dragon Dance|p2a: Dragapult
|-boost|p2a: Dragapult|atk|1
|-boost|p2a: Dragapult|spe|1
|move|p1a: Charizard|Hurricane|p2a: Dragapult
|-damage|p2a: Dragapult|29/100
|-start|p2a: Dragapult|confusion
|
|upkeep
|turn|18
|
|t:|1743844275
|-activate|p2a: Dragapult|confusion
|-damage|p2a: Dragapult|0 fnt|[from] confusion
|faint|p2a: Dragapult
|move|p1a: Charizard|Hurricane|p2: Dragapult|[notarget]
|-fail|p1a: Charizard
|
|upkeep
|
|t:|1743844279
|switch|p2a: Garganacl|Garganacl, M|100/100
|-item|p2a: Garganacl|Air Balloon
|turn|19
|
|t:|1743844283
|move|p1a: Charizard|Hurricane|p2a: Garganacl
|-resisted|p2a: Garganacl
|-damage|p2a: Garganacl|79/100
|-enditem|p2a: Garganacl|Air Balloon
|move|p2a: Garganacl|Salt Cure|p1a: Charizard
|-supereffective|p1a: Charizard
|-damage|p1a: Charizard|24/100
|-start|p1a: Charizard|Salt Cure
|
|-damage|p1a: Charizard|11/100|[from] Salt Cure
|upkeep
|turn|20
|
|t:|1743844293
|move|p2a: Garganacl|Protect|p2a: Garganacl
|-singleturn|p2a: Garganacl|Protect
|move|p1a: Charizard|Fire Blast|p2a: Garganacl
|-activate|p2a: Garganacl|move: Protect
|
|-damage|p1a: Charizard|0 fnt|[from] Salt Cure
|faint|p1a: Charizard
|upkeep
|
|t:|1743844299
|switch|p1a: Pikachu|Pikachu-Hoenn, M|100/100
|turn|21
|
|t:|1743844303
|move|p1a: Pikachu|Fake Out|p2a: Garganacl
|-resisted|p2a: Garganacl
|-damage|p2a: Garganacl|75/100
|cant|p2a: Garganacl|flinch
|
|upkeep
|turn|22
|
|t:|1743844310
|move|p1a: Pikachu|Surf|p2a: Garganacl
|-supereffective|p2a: Garganacl
|-damage|p2a: Garganacl|26/100
|move|p2a: Garganacl|Salt Cure|p1a: Pikachu
|-damage|p1a: Pikachu|46/100
|-start|p1a: Pikachu|Salt Cure
|
|-damage|p1a: Pikachu|34/100|[from] Salt Cure
|upkeep
|turn|23
|
|t:|1743844317
|switch|p1a: Blastoise|Blastoise, M|100/100
|move|p2a: Garganacl|Protect||[still]
|-fail|p2a: Garganacl
|
|upkeep
|turn|24
|
|t:|1743844325
|move|p1a: Blastoise|Flip Turn|p2a: Garganacl
|-supereffective|p2a: Garganacl
|-damage|p2a: Garganacl|0 fnt
|faint|p2a: Garganacl
|
|t:|1743844328
|switch|p1a: Pikachu|Pikachu-Hoenn, M|34/100|[from] Flip Turn
|
|upkeep
|
|t:|1743844331
|switch|p2a: Corviknight|Corviknight, M, shiny|100/100
|-ability|p2a: Corviknight|Pressure
|turn|25
|
|t:|1743844339
|move|p1a: Pikachu|Fake Out|p2a: Corviknight
|-resisted|p2a: Corviknight
|-damage|p2a: Corviknight|95/100
|cant|p2a: Corviknight|flinch
|
|-heal|p2a: Corviknight|100/100|[from] item: Leftovers
|upkeep
|turn|26
|
|t:|1743844345
|move|p1a: Pikachu|Volt Switch|p2a: Corviknight
|-supereffective|p2a: Corviknight
|-damage|p2a: Corviknight|24/100
|
|t:|1743844348
|switch|p1a: Blastoise|Blastoise, M|100/100|[from] Volt Switch
|move|p2a: Corviknight|Body Press|p1a: Blastoise
|-damage|p1a: Blastoise|75/100
|-damage|p2a: Corviknight|7/100|[from] item: Rocky Helmet|[of] p1a: Blastoise
|
|-heal|p2a: Corviknight|13/100|[from] item: Leftovers
|upkeep
|turn|27
|
|t:|1743844356
|move|p2a: Corviknight|Roost|p2a: Corviknight
|-heal|p2a: Corviknight|63/100
|-singleturn|p2a: Corviknight|move: Roost
|move|p1a: Blastoise|Flip Turn|p2a: Corviknight
|-damage|p2a: Corviknight|43/100
|
|t:|1743844362
|switch|p1a: Pikachu|Pikachu-Hoenn, M|34/100|[from] Flip Turn
|
|-heal|p2a: Corviknight|50/100|[from] item: Leftovers
|upkeep
|turn|28
|-message|Phoenix470 forfeited.
|
|win|naotokuro
|raw|naotokuro's rating: 1097 &rarr; <strong>1126</strong><br />(+29 for winning)
|raw|Phoenix470's rating: 1148 &rarr; <strong>1119</strong><br />(-29 for losing)
|l|☆Phoenix470
|player|p2|
|l|☆naotokuro
|player|p1|
