|j|☆akakPUMPKIN
|j|☆Giraphael69
|t:|1743797987
|gametype|singles
|player|p1|akakPUMPKIN|roughneck-gen4|1193
|player|p2|Giraphael69|teamrocket|1176
|teamsize|p1|6
|teamsize|p2|6
|gen|9
|tier|[Gen 9] OU
|rated|
|rule|HP Percentage Mod: HP is shown in percentages
|rule|Endless Battle Clause: Forcing endless battles is banned
|rule|Species Clause: Limit one of each Pokémon
|rule|OHKO Clause: OHKO moves are banned
|rule|Evasion Items Clause: Evasion items are banned
|rule|Evasion Moves Clause: Evasion moves are banned
|rule|Sleep Moves Clause: Sleep-inducing moves are banned
|clearpoke
|poke|p1|Iron Moth|
|poke|p1|Mamoswine, M|
|poke|p1|Iron Crown|
|poke|p1|Iron Hands|
|poke|p1|Meowscarada, M|
|poke|p1|Primarina, M|
|poke|p2|Torterra, M|
|poke|p2|Cloyster, M|
|poke|p2|Polteageist-Antique|
|poke|p2|Blastoise, M|
|poke|p2|Magcargo, M|
|poke|p2|Drednaw, M|
|teampreview
|inactive|Battle timer is ON: inactive players will automatically lose when time's up. (requested by Giraphael69)
|inactive|akakPUMPKIN also wants the timer to be on.
|
|t:|1743797995
|start
|switch|p1a: Behemoth|Mamoswine, M, shiny|100/100
|switch|p2a: Terrence|Torterra, M|100/100
|turn|1
|
|t:|1743798002
|-terastallize|p2a: Terrence|Grass
|move|p1a: Behemoth|Stealth Rock|p2a: Terrence
|-sidestart|p2: Giraphael69|move: Stealth Rock
|move|p2a: Terrence|Bullet Seed|p1a: Behemoth
|-supereffective|p1a: Behemoth
|-crit|p1a: Behemoth
|-damage|p1a: Behemoth|45/100
|-supereffective|p1a: Behemoth
|-damage|p1a: Behemoth|10/100
|-supereffective|p1a: Behemoth
|-damage|p1a: Behemoth|0 fnt
|faint|p1a: Behemoth
|-hitcount|p1: Behemoth|3
|
|upkeep
|
|t:|1743798012
|switch|p1a: Symbolism|Iron Moth, shiny|100/100
|-enditem|p1a: Symbolism|Booster Energy
|-activate|p1a: Symbolism|ability: Quark Drive|[fromitem]
|-start|p1a: Symbolism|quarkdrivespe
|turn|2
|
|t:|1743798030
|move|p1a: Symbolism|Fiery Dance|p2a: Terrence
|-supereffective|p2a: Terrence
|-damage|p2a: Terrence|6/100
|move|p2a: Terrence|Earthquake|p1a: Symbolism
|-supereffective|p1a: Symbolism
|-damage|p1a: Symbolism|0 fnt
|faint|p1a: Symbolism
|-end|p1a: Symbolism|Quark Drive|[silent]
|
|upkeep
|
|t:|1743798039
|switch|p1a: Liberacy|Meowscarada, M, shiny|100/100
|turn|3
|c|☆Giraphael69|Terrence my goat
|
|t:|1743798052
|move|p1a: Liberacy|U-turn|p2a: Terrence
|-start|p1a: Liberacy|typechange|Bug|[from] ability: Protean
|-supereffective|p2a: Terrence
|-damage|p2a: Terrence|0 fnt
|faint|p2a: Terrence
|
|t:|1743798057
|switch|p1a: Braveheart|Iron Crown|100/100|[from] U-turn
|
|upkeep
|
|t:|1743798065
|switch|p2a: Slugma balls|Magcargo, M, shiny|100/100
|-damage|p2a: Slugma balls|76/100|[from] Stealth Rock
|-item|p2a: Slugma balls|Air Balloon
|turn|4
|
|t:|1743798075
|move|p1a: Braveheart|Tachyon Cutter|p2a: Slugma balls
|-damage|p2a: Slugma balls|19/100
|-enditem|p2a: Slugma balls|Air Balloon
|-damage|p2a: Slugma balls|0 fnt
|faint|p2a: Slugma balls
|-hitcount|p2: Slugma balls|2
|
|upkeep
|
|t:|1743798078
|switch|p2a: Tea-Pain|Polteageist-Antique|100/100
|-damage|p2a: Tea-Pain|88/100|[from] Stealth Rock
|turn|5
|
|t:|1743798082
|move|p1a: Braveheart|Tachyon Cutter|p2a: Tea-Pain
|-damage|p2a: Tea-Pain|47/100
|-damage|p2a: Tea-Pain|0 fnt
|faint|p2a: Tea-Pain
|-hitcount|p2: Tea-Pain|2
|
|upkeep
|
|t:|1743798087
|switch|p2a: Giggity|Cloyster, M, shiny|100/100
|-damage|p2a: Giggity|76/100|[from] Stealth Rock
|turn|6
|
|t:|1743798091
|-terastallize|p1a: Braveheart|Steel
|move|p1a: Braveheart|Tachyon Cutter|p2a: Giggity
|-damage|p2a: Giggity|0 fnt
|faint|p2a: Giggity
|-hitcount|p2: Giggity|1
|
|upkeep
|
|t:|1743798094
|switch|p2a: Big Man Blastoise|Blastoise, M|100/100
|-damage|p2a: Big Man Blastoise|88/100|[from] Stealth Rock
|turn|7
|
|t:|1743798097
|move|p1a: Braveheart|Tachyon Cutter|p2a: Big Man Blastoise
|-resisted|p2a: Big Man Blastoise
|-damage|p2a: Big Man Blastoise|61/100
|-resisted|p2a: Big Man Blastoise
|-damage|p2a: Big Man Blastoise|32/100
|-hitcount|p2a: Big Man Blastoise|2
|move|p2a: Big Man Blastoise|Aura Sphere|p1a: Braveheart
|-supereffective|p1a: Braveheart
|-damage|p1a: Braveheart|54/100
|
|upkeep
|turn|8
|
|t:|1743798100
|move|p1a: Braveheart|Tachyon Cutter|p2a: Big Man Blastoise
|-resisted|p2a: Big Man Blastoise
|-crit|p2a: Big Man Blastoise
|-damage|p2a: Big Man Blastoise|0 fnt
|faint|p2a: Big Man Blastoise
|-hitcount|p2: Big Man Blastoise|1
|
|upkeep
|
|t:|1743798102
|switch|p2a: Bowser|Drednaw, M, shiny|100/100
|-damage|p2a: Bowser|88/100|[from] Stealth Rock
|turn|9
|
|t:|1743798104
|move|p1a: Braveheart|Tachyon Cutter|p2a: Bowser
|-damage|p2a: Bowser|18/100
|-damage|p2a: Bowser|0 fnt
|faint|p2a: Bowser
|-hitcount|p2: Bowser|2
|
|win|akakPUMPKIN
|raw|akakPUMPKIN's rating: 1193 &rarr; <strong>1217</strong><br />(+24 for winning)
|raw|Giraphael69's rating: 1176 &rarr; <strong>1152</strong><br />(-24 for losing)
|l|☆Giraphael69
|player|p2|
|l|☆akakPUMPKIN
|player|p1|
