|j|☆jxrx
|j|☆Thenix12
|t:|1743884082
|gametype|singles
|player|p1|jxrx|norman|1236
|player|p2|Thenix12|nurse|1319
|teamsize|p1|6
|teamsize|p2|6
|gen|9
|tier|[Gen 9] OU
|rated|
|rule|HP Percentage Mod: HP is shown in percentages
|rule|Endless Battle Clause: Forcing endless battles is banned
|rule|Species Clause: Limit one of each Pokémon
|rule|OHKO Clause: OHKO moves are banned
|rule|Evasion Items Clause: Evasion items are banned
|rule|Evasion Moves Clause: Evasion moves are banned
|rule|Sleep Moves Clause: Sleep-inducing moves are banned
|clearpoke
|poke|p1|Great Tusk|
|poke|p1|Muk-Alola, F|
|poke|p1|Dragapult, M|
|poke|p1|Vileplume, M|
|poke|p1|Magnezone|
|poke|p1|Altaria, F|
|poke|p2|Emboar, M|
|poke|p2|Cinccino, F|
|poke|p2|Hydrapple, M|
|poke|p2|Iron Crown|
|poke|p2|Basculin-Blue-Striped, F|
|poke|p2|Clodsire, F|
|teampreview
|
|t:|1743884124
|start
|switch|p1a: Altaria|Altaria, F, shiny|100/100
|switch|p2a: Clodsire|Clodsire, F|100/100
|turn|1
|
|t:|1743884130
|move|p1a: Altaria|Fire Spin|p2a: Clodsire|[miss]
|-miss|p1a: Altaria|p2a: Clodsire
|move|p2a: Clodsire|Toxic|p1a: Altaria
|-status|p1a: Altaria|tox
|
|-damage|p1a: Altaria|94/100 tox|[from] psn
|upkeep
|turn|2
|inactive|Battle timer is ON: inactive players will automatically lose when time's up. (requested by jxrx)
|
|t:|1743884134
|move|p1a: Altaria|Fire Spin|p2a: Clodsire
|-damage|p2a: Clodsire|97/100
|-activate|p2a: Clodsire|move: Fire Spin|[of] p1a: Altaria
|move|p2a: Clodsire|Stealth Rock|p1a: Altaria
|-sidestart|p1: jxrx|move: Stealth Rock
|
|-heal|p2a: Clodsire|100/100|[from] item: Leftovers
|-damage|p1a: Altaria|82/100 tox|[from] psn
|-damage|p2a: Clodsire|88/100|[from] move: Fire Spin|[partiallytrapped]
|upkeep
|turn|3
|
|t:|1743884138
|move|p1a: Altaria|Perish Song|p1a: Altaria
|-start|p1a: Altaria|perish3|[silent]
|-start|p2a: Clodsire|perish3|[silent]
|-fieldactivate|move: Perish Song
|move|p2a: Clodsire|Recover|p2a: Clodsire
|-heal|p2a: Clodsire|100/100
|
|-damage|p1a: Altaria|64/100 tox|[from] psn
|-damage|p2a: Clodsire|88/100|[from] move: Fire Spin|[partiallytrapped]
|-start|p1a: Altaria|perish3
|-start|p2a: Clodsire|perish3
|upkeep
|turn|4
|
|t:|1743884141
|move|p1a: Altaria|Will-O-Wisp|p2a: Clodsire
|-status|p2a: Clodsire|brn
|move|p2a: Clodsire|Recover|p2a: Clodsire
|-heal|p2a: Clodsire|100/100 brn
|
|-damage|p1a: Altaria|40/100 tox|[from] psn
|-damage|p2a: Clodsire|94/100 brn|[from] brn
|-damage|p2a: Clodsire|82/100 brn|[from] move: Fire Spin|[partiallytrapped]
|-start|p1a: Altaria|perish2
|-start|p2a: Clodsire|perish2
|upkeep
|turn|5
|
|t:|1743884145
|move|p1a: Altaria|Roost|p1a: Altaria
|-heal|p1a: Altaria|91/100 tox
|-singleturn|p1a: Altaria|move: Roost
|move|p2a: Clodsire|Recover|p2a: Clodsire
|-heal|p2a: Clodsire|100/100 brn
|
|-damage|p1a: Altaria|61/100 tox|[from] psn
|-damage|p2a: Clodsire|94/100 brn|[from] brn
|-damage|p2a: Clodsire|82/100 brn|[from] move: Fire Spin|[partiallytrapped]
|-start|p1a: Altaria|perish1
|-start|p2a: Clodsire|perish1
|upkeep
|turn|6
|
|t:|1743884150
|-curestatus|p1a: Altaria|tox|[from] ability: Natural Cure
|switch|p1a: Muk|Muk-Alola, F|100/100
|-damage|p1a: Muk|88/100|[from] Stealth Rock
|move|p2a: Clodsire|Recover|p2a: Clodsire
|-heal|p2a: Clodsire|100/100 brn
|
|-damage|p2a: Clodsire|94/100 brn|[from] brn
|-end|p2a: Clodsire|Fire Spin|[partiallytrapped]
|-start|p2a: Clodsire|perish0
|upkeep
|faint|p2a: Clodsire
|
|t:|1743884163
|switch|p2a: Iron Crown|Iron Crown|100/100
|-enditem|p2a: Iron Crown|Booster Energy
|-activate|p2a: Iron Crown|ability: Quark Drive|[fromitem]
|-start|p2a: Iron Crown|quarkdrivespa
|turn|7
|
|t:|1743884174
|move|p2a: Iron Crown|Tachyon Cutter|p1a: Muk
|-damage|p1a: Muk|74/100
|-damage|p1a: Muk|62/100
|-hitcount|p1a: Muk|2
|move|p1a: Muk|Knock Off|p2a: Iron Crown
|-supereffective|p2a: Iron Crown
|-damage|p2a: Iron Crown|50/100
|
|upkeep
|turn|8
|
|t:|1743884180
|move|p2a: Iron Crown|Volt Switch|p1a: Muk
|-damage|p1a: Muk|49/100
|
|t:|1743884186
|-end|p2a: Iron Crown|Quark Drive|[silent]
|switch|p2a: Cinccino|Cinccino, F|100/100|[from] Volt Switch
|move|p1a: Muk|Knock Off|p2a: Cinccino
|-damage|p2a: Cinccino|42/100
|-enditem|p2a: Cinccino|Loaded Dice|[from] move: Knock Off|[of] p1a: Muk
|
|upkeep
|turn|9
|inactive|jxrx has 120 seconds left.
|inactive|jxrx has 90 seconds left.
|
|t:|1743884250
|switch|p1a: Vileplume|Vileplume, M|100/100
|-damage|p1a: Vileplume|88/100|[from] Stealth Rock
|move|p2a: Cinccino|Tail Slap|p1a: Vileplume
|-damage|p1a: Vileplume|75/100
|-damage|p2a: Cinccino|25/100|[from] item: Rocky Helmet|[of] p1a: Vileplume
|-damage|p1a: Vileplume|64/100
|-damage|p2a: Cinccino|9/100|[from] item: Rocky Helmet|[of] p1a: Vileplume
|-damage|p1a: Vileplume|52/100
|-damage|p2a: Cinccino|0 fnt|[from] item: Rocky Helmet|[of] p1a: Vileplume
|faint|p2a: Cinccino
|-hitcount|p1a: Vileplume|3
|
|upkeep
|
|t:|1743884260
|switch|p2a: Basculin|Basculin-Blue-Striped, F|100/100
|turn|10
|inactive|jxrx has 90 seconds left.
|
|t:|1743884298
|move|p2a: Basculin|Blizzard|p1a: Vileplume
|-supereffective|p1a: Vileplume
|-damage|p1a: Vileplume|0 fnt
|faint|p1a: Vileplume
|
|upkeep
|
|t:|1743884301
|switch|p1a: Muk|Muk-Alola, F|49/100
|-damage|p1a: Muk|37/100|[from] Stealth Rock
|turn|11
|
|t:|1743884305
|move|p2a: Basculin|Hydro Pump|p1a: Muk
|-damage|p1a: Muk|15/100
|move|p1a: Muk|Knock Off|p2a: Basculin
|-damage|p2a: Basculin|45/100
|-enditem|p2a: Basculin|Focus Sash|[from] move: Knock Off|[of] p1a: Muk
|
|upkeep
|turn|12
|inactive|jxrx has 90 seconds left.
|inactive|jxrx has 60 seconds left.
|inactive|jxrx has 30 seconds left.
|
|t:|1743884372
|move|p1a: Muk|Shadow Sneak|p2a: Basculin
|-crit|p2a: Basculin
|-damage|p2a: Basculin|18/100
|-status|p2a: Basculin|psn|[from] ability: Poison Touch|[of] p1a: Muk
|move|p2a: Basculin|Hydro Pump|p1a: Muk
|-damage|p1a: Muk|0 fnt
|faint|p1a: Muk
|
|-damage|p2a: Basculin|5/100 psn|[from] psn
|upkeep
|inactive|jxrx has 30 seconds left.
|
|t:|1743884380
|switch|p1a: Dragapult|Dragapult, M|100/100
|-damage|p1a: Dragapult|88/100|[from] Stealth Rock
|turn|13
|inactive|Thenix12 has 120 seconds left.
|
|t:|1743884421
|move|p1a: Dragapult|Dragon Darts|p2a: Basculin
|-damage|p2a: Basculin|0 fnt
|faint|p2a: Basculin
|
|-heal|p1a: Dragapult|94/100|[from] item: Leftovers
|upkeep
|
|t:|1743884425
|switch|p2a: Emboar|Emboar, M|100/100
|turn|14
|inactive|jxrx has 30 seconds left.
|inactive|jxrx has 20 seconds left.
|inactive|jxrx has 15 seconds left.
|
|t:|1743884464
|switch|p1a: Altaria|Altaria, F, shiny|61/100
|-damage|p1a: Altaria|36/100|[from] Stealth Rock
|move|p2a: Emboar|Sucker Punch||[still]
|-fail|p2a: Emboar
|
|upkeep
|turn|15
|inactive|jxrx has 25 seconds left this turn.
|
|t:|1743884468
|switch|p2a: Iron Crown|Iron Crown|50/100
|move|p1a: Altaria|Roost|p1a: Altaria
|-heal|p1a: Altaria|86/100
|-singleturn|p1a: Altaria|move: Roost
|
|upkeep
|turn|16
|inactive|jxrx has 30 seconds left.
|
|t:|1743884477
|move|p2a: Iron Crown|Tachyon Cutter|p1a: Altaria
|-damage|p1a: Altaria|65/100
|-damage|p1a: Altaria|46/100
|-hitcount|p1a: Altaria|2
|move|p1a: Altaria|Perish Song|p1a: Altaria
|-start|p1a: Altaria|perish3|[silent]
|-start|p2a: Iron Crown|perish3|[silent]
|-fieldactivate|move: Perish Song
|
|-start|p2a: Iron Crown|perish3
|-start|p1a: Altaria|perish3
|upkeep
|turn|17
|
|t:|1743884483
|move|p2a: Iron Crown|Volt Switch|p1a: Altaria
|-damage|p1a: Altaria|28/100
|
|t:|1743884488
|-end|p2a: Iron Crown|Quark Drive|[silent]
|switch|p2a: Hydrapple|Hydrapple, M|100/100|[from] Volt Switch
|move|p1a: Altaria|Roost|p1a: Altaria
|-heal|p1a: Altaria|78/100
|-singleturn|p1a: Altaria|move: Roost
|
|-start|p1a: Altaria|perish2
|upkeep
|turn|18
|
|t:|1743884499
|switch|p1a: Magnezone|Magnezone|100/100
|-damage|p1a: Magnezone|94/100|[from] Stealth Rock
|move|p2a: Hydrapple|Fickle Beam|p1a: Magnezone
|-resisted|p1a: Magnezone
|-damage|p1a: Magnezone|75/100
|
|upkeep
|turn|19
|
|t:|1743884505
|move|p1a: Magnezone|Tri Attack|p2a: Hydrapple
|-damage|p2a: Hydrapple|54/100
|-status|p2a: Hydrapple|frz
|cant|p2a: Hydrapple|frz
|
|upkeep
|turn|20
|
|t:|1743884511
|move|p1a: Magnezone|Tri Attack|p2a: Hydrapple
|-damage|p2a: Hydrapple|7/100 frz
|cant|p2a: Hydrapple|frz
|
|upkeep
|turn|21
|inactive|jxrx has 60 seconds left.
|
|t:|1743884525
|move|p1a: Magnezone|Tri Attack|p2a: Hydrapple
|-damage|p2a: Hydrapple|0 fnt
|faint|p2a: Hydrapple
|
|upkeep
|
|t:|1743884544
|switch|p2a: Iron Crown|Iron Crown|50/100
|turn|22
|inactive|jxrx has 60 seconds left.
|
|t:|1743884562
|move|p2a: Iron Crown|Focus Blast|p1a: Magnezone
|-supereffective|p1a: Magnezone
|-damage|p1a: Magnezone|0 fnt
|faint|p1a: Magnezone
|
|upkeep
|inactive|jxrx has 60 seconds left.
|
|t:|1743884571
|switch|p1a: Altaria|Altaria, F, shiny|78/100
|-damage|p1a: Altaria|53/100|[from] Stealth Rock
|turn|23
|
|t:|1743884578
|move|p2a: Iron Crown|Tachyon Cutter|p1a: Altaria
|-damage|p1a: Altaria|33/100
|-damage|p1a: Altaria|10/100
|-hitcount|p1a: Altaria|2
|move|p1a: Altaria|Fire Spin|p2a: Iron Crown
|-supereffective|p2a: Iron Crown
|-damage|p2a: Iron Crown|38/100
|-activate|p2a: Iron Crown|move: Fire Spin|[of] p1a: Altaria
|
|-damage|p2a: Iron Crown|25/100|[from] move: Fire Spin|[partiallytrapped]
|upkeep
|turn|24
|
|t:|1743884585
|move|p2a: Iron Crown|Volt Switch|p1a: Altaria
|-damage|p1a: Altaria|0 fnt
|faint|p1a: Altaria
|
|t:|1743884588
|-end|p2a: Iron Crown|Quark Drive|[silent]
|switch|p2a: Emboar|Emboar, M|100/100|[from] Volt Switch
|
|upkeep
|inactive|jxrx has 60 seconds left.
|
|t:|1743884637
|switch|p1a: Great Tusk|Great Tusk|100/100
|turn|25
|
|t:|1743884645
|-terastallize|p2a: Emboar|Dark
|move|p1a: Great Tusk|Headlong Rush|p2a: Emboar
|-damage|p2a: Emboar|16/100
|-unboost|p1a: Great Tusk|def|1
|-unboost|p1a: Great Tusk|spd|1
|move|p2a: Emboar|Flare Blitz|p1a: Great Tusk
|-damage|p1a: Great Tusk|0 fnt
|faint|p1a: Great Tusk
|-end|p1a: Great Tusk|Protosynthesis|[silent]
|-damage|p2a: Emboar|0 fnt|[from] Recoil
|faint|p2a: Emboar
|
|upkeep
|
|t:|1743884656
|switch|p1a: Dragapult|Dragapult, M|94/100
|switch|p2a: Iron Crown|Iron Crown|25/100
|-damage|p1a: Dragapult|82/100|[from] Stealth Rock
|turn|26
|
|t:|1743884658
|move|p1a: Dragapult|Phantom Force||[still]
|-prepare|p1a: Dragapult|Phantom Force
|move|p2a: Iron Crown|Tachyon Cutter|p1a: Dragapult|[miss]
|-miss|p2a: Iron Crown|p1a: Dragapult
|
|-heal|p1a: Dragapult|88/100|[from] item: Leftovers
|upkeep
|turn|27
|inactive|jxrx has 60 seconds left.
|
|t:|1743884687
|move|p1a: Dragapult|Phantom Force|p2a: Iron Crown|[from] lockedmove
|-supereffective|p2a: Iron Crown
|-damage|p2a: Iron Crown|0 fnt
|faint|p2a: Iron Crown
|-end|p2a: Iron Crown|Quark Drive|[silent]
|
|win|jxrx
|raw|jxrx's rating: 1186 &rarr; <strong>1220</strong><br />(+34 for winning)
|raw|Thenix12's rating: 1319 &rarr; <strong>1292</strong><br />(-27 for losing)
|l|☆jxrx
|player|p1|
|l|☆Thenix12
|player|p2|
