|j|☆maractus' no1 fan
|j|☆opgamer21
|t:|1743846347
|gametype|singles
|player|p1|maractus' no1 fan|pokemonbreeder-gen4|1556
|player|p2|opgamer21|1|1642
|teamsize|p1|6
|teamsize|p2|6
|gen|9
|tier|[Gen 9] OU
|rated|
|rule|HP Percentage Mod: HP is shown in percentages
|rule|Endless Battle Clause: Forcing endless battles is banned
|rule|Species Clause: Limit one of each Pokémon
|rule|OHKO Clause: OHKO moves are banned
|rule|Evasion Items Clause: Evasion items are banned
|rule|Evasion Moves Clause: Evasion moves are banned
|rule|Sleep Moves Clause: Sleep-inducing moves are banned
|clearpoke
|poke|p1|Blastoise, M|
|poke|p1|Pelipper, F|
|poke|p1|Dragapult, F|
|poke|p1|Latias, F|
|poke|p1|Azumarill, M|
|poke|p1|Iron Treads|
|poke|p2|Deoxys-Speed|
|poke|p2|Landorus-Therian, M|
|poke|p2|Gholdengo|
|poke|p2|Iron Valiant|
|poke|p2|Iron Moth|
|poke|p2|Ogerpon-Wellspring, F|
|teampreview
|
|t:|1743846359
|start
|switch|p1a: Latias|Latias, F|100/100
|switch|p2a: Deoxys|Deoxys-Speed|100/100
|-ability|p2a: Deoxys|Pressure
|turn|1
|
|t:|1743846366
|move|p2a: Deoxys|Stealth Rock|p1a: Latias
|-sidestart|p1: maractus' no1 fan|move: Stealth Rock
|move|p1a: Latias|Agility|p1a: Latias
|-boost|p1a: Latias|spe|2
|
|upkeep
|turn|2
|
|t:|1743846370
|move|p1a: Latias|Calm Mind|p1a: Latias
|-boost|p1a: Latias|spa|1
|-boost|p1a: Latias|spd|1
|move|p2a: Deoxys|Taunt|p1a: Latias
|-start|p1a: Latias|move: Taunt
|
|upkeep
|turn|3
|
|t:|1743846380
|switch|p2a: Gholdengo|Gholdengo|100/100
|-item|p2a: Gholdengo|Air Balloon
|move|p1a: Latias|Stored Power|p2a: Gholdengo
|-resisted|p2a: Gholdengo
|-damage|p2a: Gholdengo|67/100
|-enditem|p2a: Gholdengo|Air Balloon
|
|upkeep
|turn|4
|
|t:|1743846421
|move|p1a: Latias|Stored Power|p2a: Gholdengo
|-resisted|p2a: Gholdengo
|-damage|p2a: Gholdengo|35/100
|move|p2a: Gholdengo|Shadow Ball|p1a: Latias
|-supereffective|p1a: Latias
|-damage|p1a: Latias|60/100
|-enditem|p1a: Latias|Weakness Policy
|-boost|p1a: Latias|atk|2|[from] item: Weakness Policy
|-boost|p1a: Latias|spa|2|[from] item: Weakness Policy
|
|upkeep
|turn|5
|
|t:|1743846428
|move|p1a: Latias|Stored Power|p2a: Gholdengo
|-resisted|p2a: Gholdengo
|-damage|p2a: Gholdengo|0 fnt
|faint|p2a: Gholdengo
|
|-end|p1a: Latias|move: Taunt
|upkeep
|
|t:|1743846433
|switch|p2a: Iron Moth|Iron Moth|100/100
|-enditem|p2a: Iron Moth|Booster Energy
|-activate|p2a: Iron Moth|ability: Quark Drive|[fromitem]
|-start|p2a: Iron Moth|quarkdrivespe
|turn|6
|
|t:|1743846440
|-terastallize|p2a: Iron Moth|Fairy
|move|p1a: Latias|Stored Power|p2a: Iron Moth
|-damage|p2a: Iron Moth|0 fnt
|faint|p2a: Iron Moth
|-end|p2a: Iron Moth|Quark Drive|[silent]
|
|upkeep
|c|☆opgamer21|gg
|-message|opgamer21 forfeited.
|
|win|maractus' no1 fan
|raw|maractus&apos; no1 fan's rating: 1556 &rarr; <strong>1581</strong><br />(+25 for winning)
|raw|opgamer21's rating: 1642 &rarr; <strong>1617</strong><br />(-25 for losing)
|l|☆opgamer21
|player|p2|
|l|☆maractus' no1 fan
|player|p1|
