|j|☆Fwhii
|j|☆shalazizi
|t:|1743916547
|gametype|singles
|player|p1|Fwhii|swimmerf-gen4|1160
|player|p2|shalazizi|n|1182
|teamsize|p1|6
|teamsize|p2|6
|gen|9
|tier|[Gen 9] OU
|rated|
|rule|HP Percentage Mod: HP is shown in percentages
|rule|Endless Battle Clause: Forcing endless battles is banned
|rule|Species Clause: Limit one of each Pokémon
|rule|OHKO Clause: OHKO moves are banned
|rule|Evasion Items Clause: Evasion items are banned
|rule|Evasion Moves Clause: Evasion moves are banned
|rule|Sleep Moves Clause: Sleep-inducing moves are banned
|clearpoke
|poke|p1|Landorus-Therian, M|
|poke|p1|Meowscarada, M|
|poke|p1|Walking Wake|
|poke|p1|Clefable, M|
|poke|p1|Gholdengo|
|poke|p1|Torkoal, F|
|poke|p2|Pecharunt|
|poke|p2|Latias, F|
|poke|p2|Tyranitar, M|
|poke|p2|Goodra-Hisui, M|
|poke|p2|Ting-Lu|
|poke|p2|Corviknight, F|
|teampreview
|inactive|Battle timer is ON: inactive players will automatically lose when time's up. (requested by shalazizi)
|
|t:|1743916558
|start
|switch|p1a: Torkoal|Torkoal, F|100/100
|switch|p2a: Corviknight|Corviknight, F|100/100
|-weather|SunnyDay|[from] ability: Drought|[of] p1a: Torkoal
|turn|1
|
|t:|1743916565
|move|p2a: Corviknight|U-turn|p1a: Torkoal
|-resisted|p1a: Torkoal
|-damage|p1a: Torkoal|94/100
|
|t:|1743916574
|switch|p2a: Ting-Lu|Ting-Lu|100/100|[from] U-turn
|-ability|p2a: Ting-Lu|Vessel of Ruin
|move|p1a: Torkoal|Heat Wave|p2a: Ting-Lu
|-damage|p2a: Ting-Lu|71/100
|
|-weather|SunnyDay|[upkeep]
|-heal|p2a: Ting-Lu|77/100|[from] item: Leftovers
|upkeep
|turn|2
|
|t:|1743916588
|move|p2a: Ting-Lu|Stealth Rock|p1a: Torkoal
|-sidestart|p1: Fwhii|move: Stealth Rock
|move|p1a: Torkoal|Solar Beam||[still]
|-prepare|p1a: Torkoal|Solar Beam
|-anim|p1a: Torkoal|Solar Beam|p2a: Ting-Lu
|-supereffective|p2a: Ting-Lu
|-damage|p2a: Ting-Lu|49/100
|
|-weather|SunnyDay|[upkeep]
|-heal|p2a: Ting-Lu|55/100|[from] item: Leftovers
|upkeep
|turn|3
|
|t:|1743916606
|switch|p1a: Landorus|Landorus-Therian, M|100/100
|-damage|p1a: Landorus|88/100|[from] Stealth Rock
|-ability|p1a: Landorus|Intimidate|boost
|-unboost|p2a: Ting-Lu|atk|1
|move|p2a: Ting-Lu|Earthquake|p1a: Landorus
|-immune|p1a: Landorus
|
|-weather|SunnyDay|[upkeep]
|-heal|p1a: Landorus|94/100|[from] item: Leftovers
|-heal|p2a: Ting-Lu|61/100|[from] item: Leftovers
|upkeep
|turn|4
|
|t:|1743916619
|move|p1a: Landorus|Swords Dance|p1a: Landorus
|-boost|p1a: Landorus|atk|2
|move|p2a: Ting-Lu|Ruination|p1a: Landorus
|-damage|p1a: Landorus|48/100
|
|-weather|SunnyDay|[upkeep]
|-heal|p1a: Landorus|53/100|[from] item: Leftovers
|-heal|p2a: Ting-Lu|67/100|[from] item: Leftovers
|upkeep
|turn|5
|
|t:|1743916641
|move|p1a: Landorus|U-turn|p2a: Ting-Lu
|-supereffective|p2a: Ting-Lu
|-damage|p2a: Ting-Lu|14/100
|
|t:|1743916649
|switch|p1a: Walking Wake|Walking Wake|100/100|[from] U-turn
|-damage|p1a: Walking Wake|88/100|[from] Stealth Rock
|-activate|p1a: Walking Wake|ability: Protosynthesis
|-start|p1a: Walking Wake|protosynthesisspa
|move|p2a: Ting-Lu|Spikes|p1a: Walking Wake
|-sidestart|p1: Fwhii|Spikes
|
|-weather|SunnyDay|[upkeep]
|-heal|p2a: Ting-Lu|20/100|[from] item: Leftovers
|upkeep
|turn|6
|
|t:|1743916667
|move|p1a: Walking Wake|Hydro Steam|p2a: Ting-Lu
|-supereffective|p2a: Ting-Lu
|-damage|p2a: Ting-Lu|0 fnt
|faint|p2a: Ting-Lu
|
|-weather|SunnyDay|[upkeep]
|upkeep
|inactive|shalazizi has 120 seconds left.
|
|t:|1743916678
|switch|p2a: Tyranitar|Tyranitar, M|100/100
|-weather|Sandstorm|[from] ability: Sand Stream|[of] p2a: Tyranitar
|-end|p1a: Walking Wake|Protosynthesis
|turn|7
|
|t:|1743916685
|switch|p2a: Goodra|Goodra-Hisui, M|100/100
|move|p1a: Walking Wake|Hydro Steam|p2a: Goodra
|-resisted|p2a: Goodra
|-damage|p2a: Goodra|91/100
|
|-weather|Sandstorm|[upkeep]
|-damage|p1a: Walking Wake|82/100|[from] Sandstorm
|upkeep
|turn|8
|
|t:|1743916711
|-end|p1a: Walking Wake|Protosynthesis|[silent]
|switch|p1a: Torkoal|Torkoal, F|94/100
|-damage|p1a: Torkoal|69/100|[from] Stealth Rock
|-damage|p1a: Torkoal|56/100|[from] Spikes
|-weather|SunnyDay|[from] ability: Drought|[of] p1a: Torkoal
|move|p2a: Goodra|Dragon Pulse|p1a: Torkoal
|-damage|p1a: Torkoal|3/100
|
|-weather|SunnyDay|[upkeep]
|upkeep
|turn|9
|
|t:|1743916722
|move|p2a: Goodra|Flash Cannon|p1a: Torkoal
|-resisted|p1a: Torkoal
|-damage|p1a: Torkoal|0 fnt
|faint|p1a: Torkoal
|
|-weather|SunnyDay|[upkeep]
|upkeep
|
|t:|1743916726
|switch|p1a: Walking Wake|Walking Wake|82/100
|-damage|p1a: Walking Wake|70/100|[from] Stealth Rock
|-damage|p1a: Walking Wake|57/100|[from] Spikes
|-activate|p1a: Walking Wake|ability: Protosynthesis
|-start|p1a: Walking Wake|protosynthesisspa
|turn|10
|
|t:|1743916742
|switch|p2a: Tyranitar|Tyranitar, M|100/100
|-weather|Sandstorm|[from] ability: Sand Stream|[of] p2a: Tyranitar
|-end|p1a: Walking Wake|Protosynthesis
|-terastallize|p1a: Walking Wake|Ground
|move|p1a: Walking Wake|Tera Blast|p2a: Tyranitar|[anim] Tera Blast Ground
|-supereffective|p2a: Tyranitar
|-damage|p2a: Tyranitar|62/100
|
|-weather|Sandstorm|[upkeep]
|upkeep
|turn|11
|
|t:|1743916756
|-end|p1a: Walking Wake|Protosynthesis|[silent]
|switch|p1a: Clefable|Clefable, M|100/100
|-damage|p1a: Clefable|88/100|[from] Stealth Rock
|-damage|p1a: Clefable|76/100|[from] Spikes
|switch|p2a: Latias|Latias, F|100/100
|
|-weather|Sandstorm|[upkeep]
|-damage|p2a: Latias|94/100|[from] Sandstorm
|-damage|p1a: Clefable|70/100|[from] Sandstorm
|-heal|p1a: Clefable|76/100|[from] item: Leftovers
|upkeep
|turn|12
|
|t:|1743916767
|switch|p2a: Goodra|Goodra-Hisui, M|91/100
|move|p1a: Clefable|Moonblast|p2a: Goodra
|-damage|p2a: Goodra|70/100
|
|-weather|Sandstorm|[upkeep]
|-damage|p1a: Clefable|70/100|[from] Sandstorm
|-heal|p1a: Clefable|76/100|[from] item: Leftovers
|upkeep
|turn|13
|
|t:|1743916779
|switch|p1a: Landorus|Landorus-Therian, M|53/100
|-damage|p1a: Landorus|41/100|[from] Stealth Rock
|-ability|p1a: Landorus|Intimidate|boost
|-unboost|p2a: Goodra|atk|1
|move|p2a: Goodra|Flash Cannon|p1a: Landorus
|-damage|p1a: Landorus|0 fnt
|faint|p1a: Landorus
|
|-weather|Sandstorm|[upkeep]
|upkeep
|
|t:|1743916789
|switch|p1a: Gholdengo|Gholdengo|100/100
|-damage|p1a: Gholdengo|94/100|[from] Stealth Rock
|-item|p1a: Gholdengo|Air Balloon
|turn|14
|
|t:|1743916794
|move|p1a: Gholdengo|Thunderbolt|p2a: Goodra
|-resisted|p2a: Goodra
|-damage|p2a: Goodra|62/100
|move|p2a: Goodra|Flamethrower|p1a: Gholdengo
|-supereffective|p1a: Gholdengo
|-damage|p1a: Gholdengo|39/100
|-enditem|p1a: Gholdengo|Air Balloon
|
|-weather|none
|upkeep
|turn|15
|-message|Fwhii forfeited.
|
|win|shalazizi
|raw|Fwhii's rating: 1160 &rarr; <strong>1137</strong><br />(-23 for losing)
|raw|shalazizi's rating: 1182 &rarr; <strong>1205</strong><br />(+23 for winning)
|l|☆Fwhii
|player|p1|
