|j|☆mikey28i2
|j|☆sauceybake
|t:|1743805789
|gametype|singles
|player|p1|mikey28i2|clair|1168
|player|p2|sauceybake|riley|1149
|teamsize|p1|6
|teamsize|p2|6
|gen|9
|tier|[Gen 9] OU
|rated|
|rule|HP Percentage Mod: HP is shown in percentages
|rule|Endless Battle Clause: Forcing endless battles is banned
|rule|Species Clause: Limit one of each Pokémon
|rule|OHKO Clause: OHKO moves are banned
|rule|Evasion Items Clause: Evasion items are banned
|rule|Evasion Moves Clause: Evasion moves are banned
|rule|Sleep Moves Clause: Sleep-inducing moves are banned
|clearpoke
|poke|p1|Iron Valiant|
|poke|p1|Galvantula, M|
|poke|p1|Samurott-Hisui, M|
|poke|p1|Gholdengo|
|poke|p1|Iron Moth|
|poke|p1|Ninetales-Alola, F|
|poke|p2|Marill, M|
|poke|p2|Mudkip, M|
|poke|p2|Flygon, F|
|poke|p2|Sandslash, M|
|poke|p2|Blastoise, M|
|poke|p2|Tyranitar, M|
|teampreview
|
|t:|1743805799
|start
|switch|p1a: Tom Holland|Galvantula, M, shiny|100/100
|switch|p2a: Flygon|Flygon, F|100/100
|turn|1
|
|t:|1743805808
|move|p1a: Tom Holland|Sticky Web|p2a: Flygon
|-sidestart|p2: sauceybake|move: Sticky Web
|move|p2a: Flygon|Earthquake|p1a: Tom Holland
|-damage|p1a: Tom Holland|41/100
|
|upkeep
|turn|2
|
|t:|1743805814
|move|p1a: Tom Holland|Bug Buzz|p2a: Flygon
|-damage|p2a: Flygon|56/100
|move|p2a: Flygon|Stealth Rock|p1a: Tom Holland
|-sidestart|p1: mikey28i2|move: Stealth Rock
|
|upkeep
|turn|3
|
|t:|1743805825
|move|p1a: Tom Holland|Bug Buzz|p2a: Flygon
|-damage|p2a: Flygon|7/100
|move|p2a: Flygon|U-turn|p1a: Tom Holland
|-damage|p1a: Tom Holland|13/100
|
|t:|1743805829
|switch|p2a: Sandslash|Sandslash, M|100/100|[from] U-turn
|-activate|p2a: Sandslash|move: Sticky Web
|-unboost|p2a: Sandslash|spe|1
|
|upkeep
|turn|4
|
|t:|1743805837
|move|p1a: Tom Holland|Bug Buzz|p2a: Sandslash
|-damage|p2a: Sandslash|64/100
|move|p2a: Sandslash|Rapid Spin|p1a: Tom Holland
|-damage|p1a: Tom Holland|0 fnt
|-boost|p2a: Sandslash|spe|1
|-sideend|p2: sauceybake|Sticky Web|[from] move: Rapid Spin|[of] p2a: Sandslash
|faint|p1a: Tom Holland
|
|upkeep
|
|t:|1743805847
|switch|p1a: Sam U. Rott|Samurott-Hisui, M, shiny|100/100
|turn|5
|
|t:|1743805857
|move|p1a: Sam U. Rott|Knock Off|p2a: Sandslash
|-damage|p2a: Sandslash|26/100
|-enditem|p2a: Sandslash|Assault Vest|[from] move: Knock Off|[of] p1a: Sam U. Rott
|move|p2a: Sandslash|Rapid Spin|p1a: Sam U. Rott
|-damage|p1a: Sam U. Rott|83/100
|-boost|p2a: Sandslash|spe|1
|
|upkeep
|turn|6
|
|t:|1743805867
|move|p1a: Sam U. Rott|Ceaseless Edge|p2a: Sandslash
|-damage|p2a: Sandslash|0 fnt
|-sidestart|p2: sauceybake|Spikes
|faint|p2a: Sandslash
|
|upkeep
|
|t:|1743805882
|switch|p2a: Flygon|Flygon, F|7/100
|turn|7
|
|t:|1743805894
|move|p2a: Flygon|U-turn|p1a: Sam U. Rott
|-supereffective|p1a: Sam U. Rott
|-damage|p1a: Sam U. Rott|45/100
|
|t:|1743805897
|switch|p2a: Tyranitar|Tyranitar, M|100/100|[from] U-turn
|-damage|p2a: Tyranitar|88/100|[from] Spikes
|-weather|Sandstorm|[from] ability: Sand Stream|[of] p2a: Tyranitar
|move|p1a: Sam U. Rott|Ceaseless Edge|p2a: Tyranitar
|-resisted|p2a: Tyranitar
|-damage|p2a: Tyranitar|70/100
|-sidestart|p2: sauceybake|Spikes
|
|-weather|Sandstorm|[upkeep]
|-damage|p1a: Sam U. Rott|39/100|[from] Sandstorm
|upkeep
|turn|8
|
|t:|1743805912
|move|p1a: Sam U. Rott|Flip Turn|p2a: Tyranitar
|-supereffective|p2a: Tyranitar
|-damage|p2a: Tyranitar|24/100
|-enditem|p2a: Tyranitar|Weakness Policy
|-boost|p2a: Tyranitar|atk|2|[from] item: Weakness Policy
|-boost|p2a: Tyranitar|spa|2|[from] item: Weakness Policy
|
|t:|1743805920
|switch|p1a: Avarice|Gholdengo, shiny|100/100|[from] Flip Turn
|-damage|p1a: Avarice|94/100|[from] Stealth Rock
|-item|p1a: Avarice|Air Balloon
|move|p2a: Tyranitar|Dragon Dance|p2a: Tyranitar
|-boost|p2a: Tyranitar|atk|1
|-boost|p2a: Tyranitar|spe|1
|
|-weather|Sandstorm|[upkeep]
|upkeep
|turn|9
|
|t:|1743805940
|switch|p1a: Heh weather go brr|Ninetales-Alola, F, shiny|100/100
|-damage|p1a: Heh weather go brr|76/100|[from] Stealth Rock
|-weather|Snowscape|[from] ability: Snow Warning|[of] p1a: Heh weather go brr
|-terastallize|p2a: Tyranitar|Dark
|move|p2a: Tyranitar|Knock Off|p1a: Heh weather go brr
|-resisted|p1a: Heh weather go brr
|-damage|p1a: Heh weather go brr|6/100
|-enditem|p1a: Heh weather go brr|Light Clay|[from] move: Knock Off|[of] p2a: Tyranitar
|
|-weather|Snowscape|[upkeep]
|upkeep
|turn|10
|
|t:|1743805959
|switch|p1a: Evi|Iron Valiant, shiny|100/100
|-damage|p1a: Evi|94/100|[from] Stealth Rock
|-enditem|p1a: Evi|Booster Energy
|-activate|p1a: Evi|ability: Quark Drive|[fromitem]
|-start|p1a: Evi|quarkdrivespe
|move|p2a: Tyranitar|Knock Off|p1a: Evi
|-resisted|p1a: Evi
|-damage|p1a: Evi|55/100
|
|-weather|Snowscape|[upkeep]
|upkeep
|turn|11
|
|t:|1743805973
|move|p1a: Evi|Spirit Break|p2a: Tyranitar
|-supereffective|p2a: Tyranitar
|-damage|p2a: Tyranitar|0 fnt
|faint|p2a: Tyranitar
|
|-weather|Snowscape|[upkeep]
|upkeep
|
|t:|1743805987
|switch|p2a: Mudkip|Mudkip, M|100/100
|-damage|p2a: Mudkip|84/100|[from] Spikes
|turn|12
|
|t:|1743805995
|move|p2a: Mudkip|Protect|p2a: Mudkip
|-singleturn|p2a: Mudkip|Protect
|move|p1a: Evi|Spirit Break|p2a: Mudkip
|-activate|p2a: Mudkip|move: Protect
|
|-weather|Snowscape|[upkeep]
|upkeep
|turn|13
|
|t:|1743806005
|move|p1a: Evi|Spirit Break|p2a: Mudkip
|-damage|p2a: Mudkip|24/100
|-unboost|p2a: Mudkip|spa|1
|move|p2a: Mudkip|Counter|p1a: Evi
|-damage|p1a: Evi|0 fnt
|faint|p1a: Evi
|-end|p1a: Evi|Quark Drive|[silent]
|
|-weather|none
|upkeep
|
|t:|1743806013
|switch|p1a: Sam U. Rott|Samurott-Hisui, M, shiny|39/100
|turn|14
|
|t:|1743806019
|move|p1a: Sam U. Rott|Ceaseless Edge|p2a: Mudkip
|-damage|p2a: Mudkip|0 fnt
|-sidestart|p2: sauceybake|Spikes
|faint|p2a: Mudkip
|
|upkeep
|
|t:|1743806023
|switch|p2a: Flygon|Flygon, F|7/100
|turn|15
|
|t:|1743806040
|move|p2a: Flygon|U-turn|p1a: Sam U. Rott
|-supereffective|p1a: Sam U. Rott
|-damage|p1a: Sam U. Rott|0 fnt
|faint|p1a: Sam U. Rott
|
|t:|1743806051
|switch|p2a: Blastoise|Blastoise, M|100/100|[from] U-turn
|-damage|p2a: Blastoise|76/100|[from] Spikes
|
|upkeep
|
|t:|1743806059
|switch|p1a: Avarice|Gholdengo, shiny|94/100
|-damage|p1a: Avarice|88/100|[from] Stealth Rock
|-item|p1a: Avarice|Air Balloon
|turn|16
|
|t:|1743806064
|move|p1a: Avarice|Nasty Plot|p1a: Avarice
|-boost|p1a: Avarice|spa|2
|move|p2a: Blastoise|Shell Smash|p2a: Blastoise
|-unboost|p2a: Blastoise|def|1
|-unboost|p2a: Blastoise|spd|1
|-boost|p2a: Blastoise|atk|2
|-boost|p2a: Blastoise|spa|2
|-boost|p2a: Blastoise|spe|2
|-enditem|p2a: Blastoise|White Herb
|-clearnegativeboost|p2a: Blastoise|[silent]
|
|upkeep
|turn|17
|
|t:|1743806077
|move|p2a: Blastoise|Surf|p1a: Avarice
|-damage|p1a: Avarice|4/100
|-enditem|p1a: Avarice|Air Balloon
|move|p1a: Avarice|Shadow Ball|p2a: Blastoise
|-damage|p2a: Blastoise|0 fnt
|faint|p2a: Blastoise
|
|upkeep
|c|☆mikey28i2|A
|
|t:|1743806120
|switch|p2a: Flygon|Flygon, F|7/100
|turn|18
|
|t:|1743806165
|move|p2a: Flygon|Earthquake|p1a: Avarice
|-supereffective|p1a: Avarice
|-damage|p1a: Avarice|0 fnt
|faint|p1a: Avarice
|
|upkeep
|c|☆mikey28i2|A
|
|t:|1743806171
|switch|p1a: Micah|Iron Moth, shiny|100/100
|-damage|p1a: Micah|76/100|[from] Stealth Rock
|-enditem|p1a: Micah|Booster Energy
|-activate|p1a: Micah|ability: Quark Drive|[fromitem]
|-start|p1a: Micah|quarkdrivespe
|turn|19
|
|t:|1743806178
|-terastallize|p1a: Micah|Ice
|move|p1a: Micah|Tera Blast|p2a: Flygon|[anim] Tera Blast Ice
|-supereffective|p2a: Flygon
|-damage|p2a: Flygon|0 fnt
|faint|p2a: Flygon
|
|upkeep
|
|t:|1743806183
|switch|p2a: Marill|Marill, M|100/100
|-damage|p2a: Marill|76/100|[from] Spikes
|turn|20
|
|t:|1743806192
|move|p1a: Micah|Substitute|p1a: Micah
|-start|p1a: Micah|Substitute
|-damage|p1a: Micah|51/100
|move|p2a: Marill|Belly Drum|p2a: Marill
|-damage|p2a: Marill|26/100
|-setboost|p2a: Marill|atk|6|[from] move: Belly Drum
|
|upkeep
|turn|21
|
|t:|1743806199
|move|p2a: Marill|Aqua Jet|p1a: Micah
|-end|p1a: Micah|Substitute
|move|p1a: Micah|Sludge Wave|p2a: Marill
|-supereffective|p2a: Marill
|-damage|p2a: Marill|0 fnt
|faint|p2a: Marill
|
|win|mikey28i2
|raw|mikey28i2's rating: 1168 &rarr; <strong>1192</strong><br />(+24 for winning)
|raw|sauceybake's rating: 1149 &rarr; <strong>1125</strong><br />(-24 for losing)
|c|☆mikey28i2|ggs
|l|☆mikey28i2
|player|p1|
