|j|☆metalsandy
|j|☆TOXICccccccccccccc
|t:|1743887451
|gametype|singles
|player|p1|metalsandy|bruno|1107
|player|p2|TOXICccccccccccccc|hiker-gen4|1132
|teamsize|p1|6
|teamsize|p2|6
|gen|9
|tier|[Gen 9] OU
|rated|
|rule|HP Percentage Mod: HP is shown in percentages
|rule|Endless Battle Clause: Forcing endless battles is banned
|rule|Species Clause: Limit one of each Pokémon
|rule|OHKO Clause: OHKO moves are banned
|rule|Evasion Items Clause: Evasion items are banned
|rule|Evasion Moves Clause: Evasion moves are banned
|rule|Sleep Moves Clause: Sleep-inducing moves are banned
|clearpoke
|poke|p1|Zapdos|
|poke|p1|Iron Treads|
|poke|p1|Greninja-*, M|
|poke|p1|Dragonite, M|
|poke|p1|Iron Valiant|
|poke|p1|Sinistcha-Masterpiece|
|poke|p2|Glimmora, M|
|poke|p2|Salazzle, F|
|poke|p2|Pecharunt|
|poke|p2|Alomomola, F|
|poke|p2|Samurott-Hisui, M|
|poke|p2|Garchomp, M|
|teampreview
|inactive|Battle timer is ON: inactive players will automatically lose when time's up. (requested by TOXICccccccccccccc)
|
|t:|1743887460
|start
|switch|p1a: Iron Treads|Iron Treads|100/100
|switch|p2a: Glimmora|Glimmora, M|100/100
|turn|1
|
|t:|1743887466
|-terastallize|p2a: Glimmora|Bug
|move|p1a: Iron Treads|Stealth Rock|p2a: Glimmora
|-sidestart|p2: TOXICccccccccccccc|move: Stealth Rock
|move|p2a: Glimmora|Toxic|p1a: Iron Treads
|-status|p1a: Iron Treads|tox
|
|-damage|p1a: Iron Treads|94/100 tox|[from] psn
|upkeep
|turn|2
|
|t:|1743887472
|move|p1a: Iron Treads|Volt Switch|p2a: Glimmora
|-damage|p2a: Glimmora|92/100
|
|t:|1743887483
|-end|p1a: Iron Treads|Quark Drive|[silent]
|switch|p1a: Zapdos|Zapdos|100/100|[from] Volt Switch
|move|p2a: Glimmora|Toxic Spikes|p1a: Zapdos
|-sidestart|p1: metalsandy|move: Toxic Spikes
|
|-heal|p2a: Glimmora|98/100|[from] item: Leftovers
|upkeep
|turn|3
|
|t:|1743887492
|switch|p2a: Garchomp|Garchomp, M|100/100
|-damage|p2a: Garchomp|94/100|[from] Stealth Rock
|move|p1a: Zapdos|Hurricane|p2a: Garchomp|[miss]
|-miss|p1a: Zapdos|p2a: Garchomp
|
|upkeep
|turn|4
|
|t:|1743887501
|move|p2a: Garchomp|Substitute|p2a: Garchomp
|-start|p2a: Garchomp|Substitute
|-damage|p2a: Garchomp|69/100
|move|p1a: Zapdos|Hurricane|p2a: Garchomp
|-end|p2a: Garchomp|Substitute
|
|upkeep
|turn|5
|
|t:|1743887513
|move|p2a: Garchomp|Swords Dance|p2a: Garchomp
|-boost|p2a: Garchomp|atk|2
|move|p1a: Zapdos|Hurricane|p2a: Garchomp|[miss]
|-miss|p1a: Zapdos|p2a: Garchomp
|
|upkeep
|turn|6
|
|t:|1743887520
|switch|p1a: Iron Valiant|Iron Valiant|100/100
|-status|p1a: Iron Valiant|psn
|move|p2a: Garchomp|Substitute|p2a: Garchomp
|-start|p2a: Garchomp|Substitute
|-damage|p2a: Garchomp|44/100
|
|-damage|p1a: Iron Valiant|88/100 psn|[from] psn
|upkeep
|turn|7
|
|t:|1743887529
|move|p1a: Iron Valiant|Moonblast|p2a: Garchomp
|-supereffective|p2a: Garchomp
|-end|p2a: Garchomp|Substitute
|move|p2a: Garchomp|Earthquake|p1a: Iron Valiant
|-damage|p1a: Iron Valiant|0 fnt
|faint|p1a: Iron Valiant
|-end|p1a: Iron Valiant|Quark Drive|[silent]
|
|upkeep
|
|t:|1743887543
|switch|p1a: Dragonite|Dragonite, M|100/100
|turn|8
|
|t:|1743887552
|move|p2a: Garchomp|Scale Shot|p1a: Dragonite
|-supereffective|p1a: Dragonite
|-damage|p1a: Dragonite|71/100
|-supereffective|p1a: Dragonite
|-damage|p1a: Dragonite|14/100
|-supereffective|p1a: Dragonite
|-damage|p1a: Dragonite|0 fnt
|faint|p1a: Dragonite
|-hitcount|p1: Dragonite|3
|-unboost|p2a: Garchomp|def|1
|-boost|p2a: Garchomp|spe|1
|
|upkeep
|
|t:|1743887567
|switch|p1a: Greninja|Greninja, M|100/100
|-status|p1a: Greninja|psn
|turn|9
|
|t:|1743887571
|switch|p2a: Alomomola|Alomomola, F|100/100
|move|p1a: Greninja|Water Shuriken|p2a: Alomomola
|-start|p1a: Greninja|typechange|Water|[from] ability: Protean
|-resisted|p2a: Alomomola
|-damage|p2a: Alomomola|95/100
|-resisted|p2a: Alomomola
|-damage|p2a: Alomomola|90/100
|-hitcount|p2a: Alomomola|2
|-damage|p1a: Greninja|91/100 psn|[from] item: Life Orb
|
|-damage|p1a: Greninja|78/100 psn|[from] psn
|upkeep
|turn|10
|
|t:|1743887579
|move|p1a: Greninja|Grass Knot|p2a: Alomomola
|-supereffective|p2a: Alomomola
|-damage|p2a: Alomomola|39/100
|-damage|p1a: Greninja|69/100 psn|[from] item: Life Orb
|move|p2a: Alomomola|Flip Turn|p1a: Greninja
|-resisted|p1a: Greninja
|-damage|p1a: Greninja|54/100 psn
|
|t:|1743887584
|switch|p2a: Samurott|Samurott-Hisui, M|100/100|[from] Flip Turn
|-damage|p2a: Samurott|88/100|[from] Stealth Rock
|
|-damage|p1a: Greninja|42/100 psn|[from] psn
|upkeep
|turn|11
|
|t:|1743887594
|move|p2a: Samurott|Ceaseless Edge|p1a: Greninja
|-damage|p1a: Greninja|0 fnt
|-sidestart|p1: metalsandy|Spikes
|faint|p1a: Greninja
|
|upkeep
|
|t:|1743887597
|switch|p1a: Iron Treads|Iron Treads|94/100 tox
|-damage|p1a: Iron Treads|82/100 tox|[from] Spikes
|turn|12
|
|t:|1743887601
|switch|p2a: Alomomola|Alomomola, F|73/100
|-terastallize|p1a: Iron Treads|Ground
|move|p1a: Iron Treads|Rapid Spin|p2a: Alomomola
|-damage|p2a: Alomomola|66/100
|-boost|p1a: Iron Treads|spe|1
|-sideend|p1: metalsandy|Spikes|[from] move: Rapid Spin|[of] p1a: Iron Treads
|-sideend|p1: metalsandy|Toxic Spikes|[from] move: Rapid Spin|[of] p1a: Iron Treads
|
|-damage|p1a: Iron Treads|76/100 tox|[from] psn
|upkeep
|turn|13
|
|t:|1743887608
|move|p1a: Iron Treads|Knock Off|p2a: Alomomola
|-damage|p2a: Alomomola|53/100
|-enditem|p2a: Alomomola|Heavy-Duty Boots|[from] move: Knock Off|[of] p1a: Iron Treads
|move|p2a: Alomomola|Wish|p2a: Alomomola
|
|-damage|p1a: Iron Treads|64/100 tox|[from] psn
|upkeep
|turn|14
|
|t:|1743887617
|move|p1a: Iron Treads|Stealth Rock||[still]
|-fail|p1a: Iron Treads
|move|p2a: Alomomola|Flip Turn|p1a: Iron Treads
|-supereffective|p1a: Iron Treads
|-damage|p1a: Iron Treads|38/100 tox
|
|t:|1743887620
|switch|p2a: Garchomp|Garchomp, M|44/100|[from] Flip Turn
|-damage|p2a: Garchomp|38/100|[from] Stealth Rock
|
|-heal|p2a: Garchomp|100/100|[from] move: Wish|[wisher] Alomomola
|-damage|p1a: Iron Treads|20/100 tox|[from] psn
|upkeep
|turn|15
|
|t:|1743887630
|move|p1a: Iron Treads|Knock Off|p2a: Garchomp
|-damage|p2a: Garchomp|76/100
|-damage|p1a: Iron Treads|7/100 tox|[from] ability: Rough Skin|[of] p2a: Garchomp
|-enditem|p2a: Garchomp|Loaded Dice|[from] move: Knock Off|[of] p1a: Iron Treads
|move|p2a: Garchomp|Swords Dance|p2a: Garchomp
|-boost|p2a: Garchomp|atk|2
|
|-damage|p1a: Iron Treads|0 fnt|[from] psn
|faint|p1a: Iron Treads
|-end|p1a: Iron Treads|Quark Drive|[silent]
|upkeep
|
|t:|1743887642
|switch|p1a: Sinistcha|Sinistcha-Masterpiece|100/100
|turn|16
|
|t:|1743887648
|move|p2a: Garchomp|Scale Shot|p1a: Sinistcha
|-damage|p1a: Sinistcha|82/100
|-damage|p1a: Sinistcha|64/100
|-damage|p1a: Sinistcha|44/100
|-hitcount|p1a: Sinistcha|3
|-unboost|p2a: Garchomp|def|1
|-boost|p2a: Garchomp|spe|1
|move|p1a: Sinistcha|Strength Sap|p2a: Garchomp
|-unboost|p2a: Garchomp|atk|1
|-heal|p1a: Sinistcha|100/100
|
|upkeep
|turn|17
|
|t:|1743887665
|switch|p2a: Glimmora|Glimmora, M, tera:Bug|98/100
|-damage|p2a: Glimmora|73/100|[from] Stealth Rock
|move|p1a: Sinistcha|Strength Sap|p2a: Glimmora
|-unboost|p2a: Glimmora|atk|1
|
|-heal|p2a: Glimmora|79/100|[from] item: Leftovers
|upkeep
|turn|18
|
|t:|1743887676
|move|p2a: Glimmora|Toxic|p1a: Sinistcha
|-status|p1a: Sinistcha|tox
|move|p1a: Sinistcha|Shadow Ball|p2a: Glimmora
|-damage|p2a: Glimmora|50/100
|-unboost|p2a: Glimmora|spd|1
|
|-heal|p2a: Glimmora|56/100|[from] item: Leftovers
|-damage|p1a: Sinistcha|94/100 tox|[from] psn
|upkeep
|turn|19
|
|t:|1743887685
|move|p2a: Glimmora|Sludge Wave|p1a: Sinistcha
|-damage|p1a: Sinistcha|43/100 tox
|move|p1a: Sinistcha|Matcha Gotcha|p2a: Glimmora
|-resisted|p2a: Glimmora
|-damage|p2a: Glimmora|36/100
|-heal|p1a: Sinistcha|54/100 tox|[from] drain|[of] p2a: Glimmora
|-status|p2a: Glimmora|brn
|
|-heal|p2a: Glimmora|42/100 brn|[from] item: Leftovers
|-heal|p1a: Sinistcha|60/100 tox|[from] item: Leftovers
|-damage|p1a: Sinistcha|48/100 tox|[from] psn
|-damage|p2a: Glimmora|36/100 brn|[from] brn
|upkeep
|turn|20
|l|☆metalsandy
|inactive|metalsandy disconnected and has a minute to reconnect!
|player|p1|
|inactive|metalsandy has 30 seconds to reconnect!
|inactive|metalsandy has 20 seconds to reconnect!
|inactive|metalsandy has 15 seconds to reconnect!
|inactive|metalsandy has 10 seconds to reconnect!
|inactive|metalsandy has 5 seconds to reconnect!
|-message|metalsandy lost due to inactivity.
|
|win|TOXICccccccccccccc
|raw|metalsandy's rating: 1107 &rarr; <strong>1084</strong><br />(-23 for losing)
|raw|TOXICccccccccccccc's rating: 1132 &rarr; <strong>1155</strong><br />(+23 for winning)
