|j|☆T-Garchomp
|j|☆henry151th
|t:|1743789911
|gametype|singles
|player|p1|T-Garchomp|ghetsis-gen5bw|
|player|p2|henry151th|wallace|
|teamsize|p1|6
|teamsize|p2|6
|gen|9
|tier|[Gen 9] OU
|rule|HP Percentage Mod: HP is shown in percentages
|rule|Endless Battle Clause: Forcing endless battles is banned
|rule|Species Clause: Limit one of each Pokémon
|rule|OHKO Clause: OHKO moves are banned
|rule|Evasion Items Clause: Evasion items are banned
|rule|Evasion Moves Clause: Evasion moves are banned
|rule|Sleep Moves Clause: Sleep-inducing moves are banned
|clearpoke
|poke|p1|Iron Valiant|
|poke|p1|Samurott-Hisui, F|
|poke|p1|Dragonite, M|
|poke|p1|Pecharunt|
|poke|p1|Great Tusk|
|poke|p1|Kingambit, F|
|poke|p2|Latios, M|
|poke|p2|Slowking-Galar, F|
|poke|p2|Samurott-Hisui, M|
|poke|p2|Gliscor, F|
|poke|p2|Zamazenta-*|
|poke|p2|Scizor, M|
|teampreview
|c|☆henry151th|Glhf
|
|t:|1743789921
|start
|switch|p1a: Elephant|Great Tusk|100/100
|switch|p2a: Scizor|Scizor, M|100/100
|turn|1
|
|t:|1743789927
|move|p1a: Elephant|Stealth Rock|p2a: Scizor
|-sidestart|p2: henry151th|move: Stealth Rock
|move|p2a: Scizor|U-turn|p1a: Elephant
|-resisted|p1a: Elephant
|-damage|p1a: Elephant|81/100
|-damage|p2a: Scizor|84/100|[from] item: Rocky Helmet|[of] p1a: Elephant
|
|t:|1743789932
|switch|p2a: Latios|Latios, M|100/100|[from] U-turn
|-damage|p2a: Latios|88/100|[from] Stealth Rock
|
|upkeep
|turn|2
|
|t:|1743789942
|-end|p1a: Elephant|Protosynthesis|[silent]
|switch|p1a: Attack|Kingambit, F, shiny|100/100
|move|p2a: Latios|Draco Meteor|p1a: Attack
|-resisted|p1a: Attack
|-damage|p1a: Attack|58/100
|-unboost|p2a: Latios|spa|2
|
|-heal|p1a: Attack|64/100|[from] item: Leftovers
|upkeep
|turn|3
|
|t:|1743789952
|switch|p2a: Gliscor|Gliscor, F|100/100
|-damage|p2a: Gliscor|88/100|[from] Stealth Rock
|move|p1a: Attack|Swords Dance|p1a: Attack
|-boost|p1a: Attack|atk|2
|
|-heal|p1a: Attack|70/100|[from] item: Leftovers
|-status|p2a: Gliscor|tox|[from] item: Toxic Orb
|upkeep
|turn|4
|
|t:|1743789961
|move|p2a: Gliscor|Earthquake|p1a: Attack
|-supereffective|p1a: Attack
|-damage|p1a: Attack|21/100
|move|p1a: Attack|Kowtow Cleave|p2a: Gliscor
|-damage|p2a: Gliscor|26/100 tox
|
|-heal|p1a: Attack|27/100|[from] item: Leftovers
|-heal|p2a: Gliscor|39/100 tox|[from] ability: Poison Heal
|upkeep
|turn|5
|
|t:|1743789975
|move|p2a: Gliscor|Protect|p2a: Gliscor
|-singleturn|p2a: Gliscor|Protect
|move|p1a: Attack|Sucker Punch||[still]
|-fail|p1a: Attack
|
|-heal|p1a: Attack|33/100|[from] item: Leftovers
|-heal|p2a: Gliscor|51/100 tox|[from] ability: Poison Heal
|upkeep
|turn|6
|
|t:|1743789982
|move|p2a: Gliscor|Stealth Rock|p1a: Attack
|-sidestart|p1: T-Garchomp|move: Stealth Rock
|move|p1a: Attack|Kowtow Cleave|p2a: Gliscor
|-damage|p2a: Gliscor|0 fnt
|faint|p2a: Gliscor
|
|-heal|p1a: Attack|40/100|[from] item: Leftovers
|upkeep
|
|t:|1743789986
|switch|p2a: Zamazenta|Zamazenta|100/100
|-ability|p2a: Zamazenta|Dauntless Shield|boost
|-boost|p2a: Zamazenta|def|1
|turn|7
|
|t:|1743789997
|switch|p2a: Latios|Latios, M|88/100
|-damage|p2a: Latios|76/100|[from] Stealth Rock
|-terastallize|p1a: Attack|Ghost
|move|p1a: Attack|Kowtow Cleave|p2a: Latios
|-supereffective|p2a: Latios
|-damage|p2a: Latios|0 fnt
|faint|p2a: Latios
|
|-heal|p1a: Attack|46/100|[from] item: Leftovers
|upkeep
|c|☆henry151th|Oh
|c|☆henry151th|I was thinking u were gonna go pech..
|
|t:|1743790015
|switch|p2a: Samurott|Samurott-Hisui, M|100/100
|turn|8
|c|☆T-Garchomp|Is this ladder?
|
|t:|1743790027
|move|p1a: Attack|Sucker Punch|p2a: Samurott
|-resisted|p2a: Samurott
|-damage|p2a: Samurott|51/100
|move|p2a: Samurott|Ceaseless Edge|p1a: Attack
|-supereffective|p1a: Attack
|-damage|p1a: Attack|0 fnt
|-sidestart|p1: T-Garchomp|Spikes
|faint|p1a: Attack
|-end|p1a: Attack|fallenundefined|[silent]
|
|upkeep
|
|t:|1743790036
|switch|p1a: Lean Man|Iron Valiant, shiny|100/100
|-damage|p1a: Lean Man|94/100|[from] Stealth Rock
|-damage|p1a: Lean Man|82/100|[from] Spikes
|turn|9
|c|☆henry151th|No
|
|t:|1743790044
|switch|p2a: Slowking|Slowking-Galar, F|100/100
|move|p1a: Lean Man|Psyshock|p2a: Slowking
|-crit|p2a: Slowking
|-damage|p2a: Slowking|38/100
|
|upkeep
|turn|10
|c|☆henry151th|Great
|
|t:|1743790054
|move|p1a: Lean Man|Psyshock|p2a: Slowking
|-damage|p2a: Slowking|0 fnt
|faint|p2a: Slowking
|
|upkeep
|
|t:|1743790058
|switch|p2a: Scizor|Scizor, M|84/100
|-damage|p2a: Scizor|72/100|[from] Stealth Rock
|turn|11
|
|t:|1743790064
|-end|p1a: Lean Man|Quark Drive|[silent]
|switch|p1a: Dragonite|Dragonite, M, shiny|100/100
|move|p2a: Scizor|U-turn|p1a: Dragonite
|-resisted|p1a: Dragonite
|-damage|p1a: Dragonite|84/100
|
|t:|1743790070
|switch|p2a: Zamazenta|Zamazenta|100/100|[from] U-turn
|
|upkeep
|turn|12
|
|t:|1743790073
|move|p2a: Zamazenta|Stone Edge|p1a: Dragonite
|-supereffective|p1a: Dragonite
|-damage|p1a: Dragonite|14/100
|move|p1a: Dragonite|Dragon Dance|p1a: Dragonite
|-boost|p1a: Dragonite|atk|1
|-boost|p1a: Dragonite|spe|1
|
|upkeep
|turn|13
|
|t:|1743790080
|move|p1a: Dragonite|Extreme Speed|p2a: Zamazenta
|-damage|p2a: Zamazenta|60/100
|move|p2a: Zamazenta|Crunch|p1a: Dragonite
|-damage|p1a: Dragonite|0 fnt
|faint|p1a: Dragonite
|
|upkeep
|
|t:|1743790084
|switch|p1a: Pecharunt|Pecharunt|100/100
|-damage|p1a: Pecharunt|88/100|[from] Stealth Rock
|-damage|p1a: Pecharunt|76/100|[from] Spikes
|turn|14
|
|t:|1743790092
|switch|p2a: Scizor|Scizor, M|72/100
|-damage|p2a: Scizor|60/100|[from] Stealth Rock
|move|p1a: Pecharunt|Parting Shot|p2a: Scizor
|-unboost|p2a: Scizor|atk|1
|-unboost|p2a: Scizor|spa|1
|
|t:|1743790101
|switch|p1a: Elephant|Great Tusk|81/100|[from] Parting Shot
|-damage|p1a: Elephant|78/100|[from] Stealth Rock
|-damage|p1a: Elephant|65/100|[from] Spikes
|
|upkeep
|turn|15
|
|t:|1743790109
|switch|p2a: Zamazenta|Zamazenta|60/100
|move|p1a: Elephant|Headlong Rush|p2a: Zamazenta
|-damage|p2a: Zamazenta|16/100
|-unboost|p1a: Elephant|def|1
|-unboost|p1a: Elephant|spd|1
|
|upkeep
|turn|16
|
|t:|1743790117
|move|p2a: Zamazenta|Close Combat|p1a: Elephant
|-damage|p1a: Elephant|9/100
|-unboost|p2a: Zamazenta|def|1
|-unboost|p2a: Zamazenta|spd|1
|-damage|p2a: Zamazenta|0 fnt|[from] item: Rocky Helmet|[of] p1a: Elephant
|faint|p2a: Zamazenta
|move|p1a: Elephant|Headlong Rush|p2: Zamazenta|[notarget]
|-fail|p1a: Elephant
|
|upkeep
|
|t:|1743790125
|switch|p2a: Scizor|Scizor, M|60/100
|-damage|p2a: Scizor|47/100|[from] Stealth Rock
|turn|17
|
|t:|1743790130
|-terastallize|p2a: Scizor|Steel
|move|p2a: Scizor|Bullet Punch|p1a: Elephant
|-damage|p1a: Elephant|0 fnt
|-damage|p2a: Scizor|31/100|[from] item: Rocky Helmet|[of] p1a: Elephant
|faint|p1a: Elephant
|-end|p1a: Elephant|Protosynthesis|[silent]
|
|upkeep
|
|t:|1743790140
|switch|p1a: Brah|Samurott-Hisui, F, shiny|100/100
|turn|18
|
|t:|1743790148
|move|p2a: Scizor|Bullet Punch|p1a: Brah
|-resisted|p1a: Brah
|-damage|p1a: Brah|55/100
|move|p1a: Brah|Razor Shell|p2a: Scizor
|-damage|p2a: Scizor|0 fnt
|faint|p2a: Scizor
|
|upkeep
|
|t:|1743790152
|switch|p2a: Samurott|Samurott-Hisui, M|51/100
|turn|19
|
|t:|1743790158
|move|p1a: Brah|Knock Off|p2a: Samurott
|-resisted|p2a: Samurott
|-damage|p2a: Samurott|21/100
|-enditem|p2a: Samurott|Heavy-Duty Boots|[from] move: Knock Off|[of] p1a: Brah
|move|p2a: Samurott|Ceaseless Edge|p1a: Brah
|-resisted|p1a: Brah
|-damage|p1a: Brah|24/100
|-sidestart|p1: T-Garchomp|Spikes
|
|upkeep
|turn|20
|
|t:|1743790162
|move|p1a: Brah|Sucker Punch|p2a: Samurott
|-resisted|p2a: Samurott
|-damage|p2a: Samurott|0 fnt
|faint|p2a: Samurott
|
|win|T-Garchomp
|c|☆T-Garchomp|ggwp
|c|☆henry151th|Ggs
|c|☆henry151th|wp
