|j|☆nov4n
|j|☆Jamesinator
|t:|1743932510
|gametype|singles
|player|p1|nov4n|101|1346
|player|p2|Jamesinator|1|1384
|teamsize|p1|6
|teamsize|p2|6
|gen|9
|tier|[Gen 9] OU
|rated|
|rule|HP Percentage Mod: HP is shown in percentages
|rule|Endless Battle Clause: Forcing endless battles is banned
|rule|Species Clause: Limit one of each Pokémon
|rule|OHKO Clause: OHKO moves are banned
|rule|Evasion Items Clause: Evasion items are banned
|rule|Evasion Moves Clause: Evasion moves are banned
|rule|Sleep Moves Clause: Sleep-inducing moves are banned
|clearpoke
|poke|p1|Pecharunt|
|poke|p1|Darkrai|
|poke|p1|Iron Valiant|
|poke|p1|Gliscor, F|
|poke|p1|Kyurem|
|poke|p1|Quaquaval, F|
|poke|p2|Kingambit, M|
|poke|p2|Conkeldurr, M|
|poke|p2|Gholdengo|
|poke|p2|Blastoise, F|
|poke|p2|Zapdos|
|poke|p2|Rillaboom, M|
|teampreview
|
|t:|1743932548
|start
|switch|p1a: Gliscor|Gliscor, F|100/100
|switch|p2a: Rainnicane|Zapdos|100/100
|turn|1
|
|t:|1743932553
|move|p1a: Gliscor|Stealth Rock|p2a: Rainnicane
|-sidestart|p2: Jamesinator|move: Stealth Rock
|move|p2a: Rainnicane|Heat Wave|p1a: Gliscor
|-damage|p1a: Gliscor|58/100
|
|-status|p1a: Gliscor|tox|[from] item: Toxic Orb
|upkeep
|turn|2
|
|t:|1743932560
|switch|p2a: Vesto Chesto|Blastoise, F|100/100
|-damage|p2a: Vesto Chesto|88/100|[from] Stealth Rock
|move|p1a: Gliscor|Spikes|p2a: Vesto Chesto
|-sidestart|p2: Jamesinator|Spikes
|
|-heal|p1a: Gliscor|70/100 tox|[from] ability: Poison Heal
|upkeep
|turn|3
|
|t:|1743932581
|switch|p1a: Pecharunt|Pecharunt|100/100
|move|p2a: Vesto Chesto|Water Spout|p1a: Pecharunt
|-damage|p1a: Pecharunt|54/100
|
|upkeep
|turn|4
|
|t:|1743932586
|move|p2a: Vesto Chesto|Water Spout|p1a: Pecharunt
|-damage|p1a: Pecharunt|1/100
|move|p1a: Pecharunt|Malignant Chain|p2a: Vesto Chesto
|-damage|p2a: Vesto Chesto|51/100
|
|upkeep
|turn|5
|
|t:|1743932601
|switch|p1a: Quaquaval|Quaquaval, F|100/100
|move|p2a: Vesto Chesto|Water Spout|p1a: Quaquaval
|-resisted|p1a: Quaquaval
|-damage|p1a: Quaquaval|88/100
|
|upkeep
|turn|6
|
|t:|1743932607
|switch|p2a: I dropped my vest|Rillaboom, M|100/100
|-damage|p2a: I dropped my vest|88/100|[from] Stealth Rock
|-damage|p2a: I dropped my vest|76/100|[from] Spikes
|-fieldstart|move: Grassy Terrain|[from] ability: Grassy Surge|[of] p2a: I dropped my vest
|move|p1a: Quaquaval|Knock Off|p2a: I dropped my vest
|-damage|p2a: I dropped my vest|41/100
|-enditem|p2a: I dropped my vest|Choice Band|[from] move: Knock Off|[of] p1a: Quaquaval
|
|-heal|p2a: I dropped my vest|47/100|[from] Grassy Terrain
|-heal|p1a: Quaquaval|94/100|[from] Grassy Terrain
|upkeep
|turn|7
|
|t:|1743932628
|switch|p1a: Iron Valiant|Iron Valiant|100/100
|-enditem|p1a: Iron Valiant|Booster Energy
|-activate|p1a: Iron Valiant|ability: Quark Drive|[fromitem]
|-start|p1a: Iron Valiant|quarkdrivespe
|move|p2a: I dropped my vest|Drain Punch|p1a: Iron Valiant
|-resisted|p1a: Iron Valiant
|-damage|p1a: Iron Valiant|84/100
|-heal|p2a: I dropped my vest|54/100|[from] drain|[of] p1a: Iron Valiant
|
|-heal|p1a: Iron Valiant|90/100|[from] Grassy Terrain
|-heal|p2a: I dropped my vest|60/100|[from] Grassy Terrain
|upkeep
|turn|8
|
|t:|1743932644
|move|p2a: I dropped my vest|Grassy Glide|p1a: Iron Valiant
|-damage|p1a: Iron Valiant|39/100
|move|p1a: Iron Valiant|Close Combat|p2a: I dropped my vest
|-damage|p2a: I dropped my vest|0 fnt
|-unboost|p1a: Iron Valiant|def|1
|-unboost|p1a: Iron Valiant|spd|1
|faint|p2a: I dropped my vest
|
|-heal|p1a: Iron Valiant|45/100|[from] Grassy Terrain
|upkeep
|
|t:|1743932658
|switch|p2a: A Tough Choice|Gholdengo|100/100
|-damage|p2a: A Tough Choice|94/100|[from] Stealth Rock
|-damage|p2a: A Tough Choice|82/100|[from] Spikes
|turn|9
|
|t:|1743932662
|move|p1a: Iron Valiant|Destiny Bond|p1a: Iron Valiant
|-singlemove|p1a: Iron Valiant|Destiny Bond
|move|p2a: A Tough Choice|Recover|p2a: A Tough Choice
|-heal|p2a: A Tough Choice|100/100
|
|-heal|p1a: Iron Valiant|51/100|[from] Grassy Terrain
|upkeep
|turn|10
|
|t:|1743932670
|move|p1a: Iron Valiant|Knock Off|p2a: A Tough Choice
|-supereffective|p2a: A Tough Choice
|-damage|p2a: A Tough Choice|39/100
|-enditem|p2a: A Tough Choice|Leftovers|[from] move: Knock Off|[of] p1a: Iron Valiant
|move|p2a: A Tough Choice|Nasty Plot|p2a: A Tough Choice
|-boost|p2a: A Tough Choice|spa|2
|
|-heal|p1a: Iron Valiant|58/100|[from] Grassy Terrain
|-heal|p2a: A Tough Choice|45/100|[from] Grassy Terrain
|-fieldend|move: Grassy Terrain
|upkeep
|turn|11
|
|t:|1743932679
|move|p1a: Iron Valiant|Knock Off|p2a: A Tough Choice
|-supereffective|p2a: A Tough Choice
|-damage|p2a: A Tough Choice|3/100
|move|p2a: A Tough Choice|Recover|p2a: A Tough Choice
|-heal|p2a: A Tough Choice|53/100
|
|upkeep
|turn|12
|
|t:|1743932686
|move|p1a: Iron Valiant|Swords Dance|p1a: Iron Valiant
|-boost|p1a: Iron Valiant|atk|2
|move|p2a: A Tough Choice|Recover|p2a: A Tough Choice
|-heal|p2a: A Tough Choice|100/100
|
|upkeep
|turn|13
|
|t:|1743932692
|move|p1a: Iron Valiant|Knock Off|p2a: A Tough Choice
|-supereffective|p2a: A Tough Choice
|-damage|p2a: A Tough Choice|16/100
|move|p2a: A Tough Choice|Shadow Ball|p1a: Iron Valiant
|-damage|p1a: Iron Valiant|0 fnt
|faint|p1a: Iron Valiant
|-end|p1a: Iron Valiant|Quark Drive|[silent]
|
|upkeep
|
|t:|1743932696
|switch|p1a: Quaquaval|Quaquaval, F|94/100
|turn|14
|
|t:|1743932703
|switch|p2a: Rainnicane|Zapdos|100/100
|move|p1a: Quaquaval|Aqua Step|p2a: Rainnicane
|-damage|p2a: Rainnicane|52/100
|-boost|p1a: Quaquaval|spe|1
|
|upkeep
|turn|15
|
|t:|1743932712
|move|p1a: Quaquaval|Knock Off|p2a: Rainnicane
|-damage|p2a: Rainnicane|18/100
|-enditem|p2a: Rainnicane|Heavy-Duty Boots|[from] move: Knock Off|[of] p1a: Quaquaval
|move|p2a: Rainnicane|Volt Switch|p1a: Quaquaval
|-supereffective|p1a: Quaquaval
|-damage|p1a: Quaquaval|24/100
|
|t:|1743932718
|switch|p2a: Jerry|Conkeldurr, M|100/100|[from] Volt Switch
|-damage|p2a: Jerry|94/100|[from] Stealth Rock
|-damage|p2a: Jerry|82/100|[from] Spikes
|
|-status|p2a: Jerry|brn|[from] item: Flame Orb
|upkeep
|turn|16
|
|t:|1743932728
|move|p2a: Jerry|Mach Punch|p1a: Quaquaval
|-damage|p1a: Quaquaval|0 fnt
|faint|p1a: Quaquaval
|
|-damage|p2a: Jerry|76/100 brn|[from] brn
|upkeep
|
|t:|1743932734
|switch|p1a: Pecharunt|Pecharunt|1/100
|turn|17
|
|t:|1743932737
|move|p1a: Pecharunt|Recover|p1a: Pecharunt
|-heal|p1a: Pecharunt|51/100
|move|p2a: Jerry|Knock Off|p1a: Pecharunt
|-supereffective|p1a: Pecharunt
|-damage|p1a: Pecharunt|0 fnt
|-enditem|p1a: Pecharunt|Shuca Berry|[from] move: Knock Off|[of] p2a: Jerry
|faint|p1a: Pecharunt
|
|-damage|p2a: Jerry|70/100 brn|[from] brn
|upkeep
|
|t:|1743932741
|switch|p1a: Darkrai|Darkrai|100/100
|turn|18
|
|t:|1743932747
|move|p2a: Jerry|Mach Punch|p1a: Darkrai
|-supereffective|p1a: Darkrai
|-damage|p1a: Darkrai|9/100
|move|p1a: Darkrai|Psychic|p2a: Jerry
|-supereffective|p2a: Jerry
|-damage|p2a: Jerry|0 fnt
|faint|p2a: Jerry
|
|upkeep
|
|t:|1743932756
|switch|p2a: Vesto Chesto|Blastoise, F|51/100
|-damage|p2a: Vesto Chesto|39/100|[from] Stealth Rock
|-damage|p2a: Vesto Chesto|26/100|[from] Spikes
|turn|19
|
|t:|1743932761
|move|p1a: Darkrai|Psychic|p2a: Vesto Chesto
|-damage|p2a: Vesto Chesto|0 fnt
|faint|p2a: Vesto Chesto
|
|upkeep
|
|t:|1743932772
|switch|p2a: Chople Mcphee|Kingambit, M|100/100
|-damage|p2a: Chople Mcphee|94/100|[from] Stealth Rock
|-damage|p2a: Chople Mcphee|82/100|[from] Spikes
|-activate|p2a: Chople Mcphee|ability: Supreme Overlord
|-start|p2a: Chople Mcphee|fallen3|[silent]
|turn|20
|
|t:|1743932782
|switch|p1a: Gliscor|Gliscor, F|70/100 tox
|move|p2a: Chople Mcphee|Iron Head|p1a: Gliscor
|-damage|p1a: Gliscor|31/100 tox
|
|-heal|p1a: Gliscor|43/100 tox|[from] ability: Poison Heal
|upkeep
|turn|21
|
|t:|1743932791
|move|p1a: Gliscor|Protect|p1a: Gliscor
|-singleturn|p1a: Gliscor|Protect
|move|p2a: Chople Mcphee|Kowtow Cleave|p1a: Gliscor
|-activate|p1a: Gliscor|move: Protect
|
|-heal|p1a: Gliscor|56/100 tox|[from] ability: Poison Heal
|upkeep
|turn|22
|
|t:|1743932798
|move|p1a: Gliscor|Earthquake|p2a: Chople Mcphee
|-supereffective|p2a: Chople Mcphee
|-damage|p2a: Chople Mcphee|32/100
|move|p2a: Chople Mcphee|Kowtow Cleave|p1a: Gliscor
|-damage|p1a: Gliscor|13/100 tox
|
|-heal|p1a: Gliscor|26/100 tox|[from] ability: Poison Heal
|upkeep
|turn|23
|
|t:|1743932808
|move|p2a: Chople Mcphee|Sucker Punch|p1a: Gliscor
|-damage|p1a: Gliscor|0 fnt
|faint|p1a: Gliscor
|
|upkeep
|
|t:|1743932812
|switch|p1a: Kyurem|Kyurem|100/100
|-ability|p1a: Kyurem|Pressure
|turn|24
|
|t:|1743932824
|-terastallize|p1a: Kyurem|Fire
|move|p1a: Kyurem|Dragon Dance|p1a: Kyurem
|-boost|p1a: Kyurem|atk|1
|-boost|p1a: Kyurem|spe|1
|move|p2a: Chople Mcphee|Low Kick|p1a: Kyurem
|-damage|p1a: Kyurem|39/100
|
|upkeep
|turn|25
|
|t:|1743932833
|move|p2a: Chople Mcphee|Sucker Punch|p1a: Kyurem
|-damage|p1a: Kyurem|0 fnt
|faint|p1a: Kyurem
|
|upkeep
|
|t:|1743932836
|switch|p1a: Darkrai|Darkrai|9/100
|turn|26
|
|t:|1743932838
|move|p2a: Chople Mcphee|Sucker Punch|p1a: Darkrai
|-resisted|p1a: Darkrai
|-damage|p1a: Darkrai|0 fnt
|faint|p1a: Darkrai
|
|win|Jamesinator
|raw|nov4n's rating: 1346 &rarr; <strong>1328</strong><br />(-18 for losing)
|raw|Jamesinator's rating: 1384 &rarr; <strong>1402</strong><br />(+18 for winning)
|l|☆nov4n
|player|p1|
|l|☆Jamesinator
|player|p2|
