|j|☆impsilver
|j|☆Afox4567
|inactive|Battle timer is ON: inactive players will automatically lose when time's up.
|t:|1743900758
|gametype|singles
|player|p1|impsilver|265|
|player|p2|Afox4567|steven|
|teamsize|p1|6
|teamsize|p2|6
|gen|9
|tier|[Gen 9] OU
|rated|Tournament battle
|rule|HP Percentage Mod: HP is shown in percentages
|rule|Endless Battle Clause: Forcing endless battles is banned
|rule|Species Clause: Limit one of each Pokémon
|rule|OHKO Clause: OHKO moves are banned
|rule|Evasion Items Clause: Evasion items are banned
|rule|Evasion Moves Clause: Evasion moves are banned
|rule|Sleep Moves Clause: Sleep-inducing moves are banned
|clearpoke
|poke|p1|Zoroark-Hisui, F|
|poke|p1|Metagross|
|poke|p1|Abomasnow, F|
|poke|p1|Oinkologne, M|
|poke|p1|Samurott-Hisui, M|
|poke|p1|Vikavolt, F|
|poke|p2|Zoroark-Hisui, M|
|poke|p2|Metagross|
|poke|p2|Abomasnow, M|
|poke|p2|Oinkologne, M|
|poke|p2|Samurott-Hisui, M|
|poke|p2|Vikavolt, M|
|teampreview
|j|*Lady Monita ❄
|inactive|Afox4567 also wants the timer to be on.
|
|t:|1743900768
|start
|switch|p1a: Vikavolt|Vikavolt, F|100/100
|switch|p2a: Samurott|Samurott-Hisui, M, shiny|100/100
|turn|1
|
|t:|1743900798
|move|p1a: Vikavolt|Focus Blast|p2a: Samurott
|-supereffective|p2a: Samurott
|-crit|p2a: Samurott
|-enditem|p2a: Samurott|Focus Sash
|-damage|p2a: Samurott|1/100
|move|p2a: Samurott|Ceaseless Edge|p1a: Vikavolt
|-supereffective|p1a: Vikavolt
|-damage|p1a: Vikavolt|0 fnt
|replace|p1a: Zoroark|Zoroark-Hisui, F
|-end|p1a: Zoroark|Illusion
|-sidestart|p1: impsilver|Spikes
|faint|p1a: Zoroark
|
|upkeep
|inactive|impsilver has 120 seconds left.
|inactive|impsilver has 90 seconds left.
|
|t:|1743900844
|switch|p1a: Abomasnow|Abomasnow, F|100/100
|-damage|p1a: Abomasnow|88/100|[from] Spikes
|-weather|Snowscape|[from] ability: Snow Warning|[of] p1a: Abomasnow
|turn|2
|
|t:|1743900855
|-terastallize|p1a: Abomasnow|Poison
|move|p2a: Samurott|Ceaseless Edge|p1a: Abomasnow
|-damage|p1a: Abomasnow|41/100
|-sidestart|p1: impsilver|Spikes
|move|p1a: Abomasnow|Aurora Veil|p1a: Abomasnow
|-sidestart|p1: impsilver|move: Aurora Veil
|
|-weather|Snowscape|[upkeep]
|upkeep
|turn|3
|inactive|impsilver has 90 seconds left.
|
|t:|1743900880
|move|p2a: Samurott|Ceaseless Edge|p1a: Abomasnow
|-damage|p1a: Abomasnow|17/100
|-sidestart|p1: impsilver|Spikes
|move|p1a: Abomasnow|Energy Ball|p2a: Samurott
|-supereffective|p2a: Samurott
|-damage|p2a: Samurott|0 fnt
|faint|p2a: Samurott
|
|-weather|Snowscape|[upkeep]
|upkeep
|
|t:|1743900885
|switch|p2a: Vikavolt|Vikavolt, M, shiny|100/100
|turn|4
|
|t:|1743900891
|move|p1a: Abomasnow|Blizzard|p2a: Vikavolt
|-damage|p2a: Vikavolt|45/100
|move|p2a: Vikavolt|Sticky Web|p1a: Abomasnow
|-sidestart|p1: impsilver|move: Sticky Web
|
|-weather|Snowscape|[upkeep]
|upkeep
|turn|5
|
|t:|1743900906
|move|p1a: Abomasnow|Earth Power|p2a: Vikavolt
|-immune|p2a: Vikavolt|[from] ability: Levitate
|move|p2a: Vikavolt|Air Slash|p1a: Abomasnow
|-damage|p1a: Abomasnow|0 fnt
|faint|p1a: Abomasnow
|
|-weather|Snowscape|[upkeep]
|upkeep
|
|t:|1743900916
|switch|p1a: Metagross|Metagross|100/100
|-damage|p1a: Metagross|75/100|[from] Spikes
|-activate|p1a: Metagross|move: Sticky Web
|-fail|p1a: Metagross|unboost|[from] ability: Clear Body|[of] p1a: Metagross
|turn|6
|
|t:|1743900923
|move|p1a: Metagross|Agility|p1a: Metagross
|-boost|p1a: Metagross|spe|2
|move|p2a: Vikavolt|Bug Buzz|p1a: Metagross
|-damage|p1a: Metagross|47/100
|
|-weather|none
|upkeep
|turn|7
|
|t:|1743900931
|move|p1a: Metagross|Knock Off|p2a: Vikavolt
|-damage|p2a: Vikavolt|5/100
|-enditem|p2a: Vikavolt|Focus Sash|[from] move: Knock Off|[of] p1a: Metagross
|move|p2a: Vikavolt|Bug Buzz|p1a: Metagross
|-damage|p1a: Metagross|18/100
|
|upkeep
|turn|8
|
|t:|1743900937
|move|p1a: Metagross|Knock Off|p2a: Vikavolt
|-damage|p2a: Vikavolt|0 fnt
|faint|p2a: Vikavolt
|
|upkeep
|
|t:|1743900939
|switch|p2a: Oinkologne|Oinkologne, M|100/100
|turn|9
|
|t:|1743900942
|move|p1a: Metagross|Brick Break|p2a: Oinkologne
|-supereffective|p2a: Oinkologne
|-damage|p2a: Oinkologne|39/100
|-enditem|p2a: Oinkologne|Aguav Berry|[eat]
|-heal|p2a: Oinkologne|72/100|[from] item: Aguav Berry
|move|p2a: Oinkologne|Curse|p2a: Oinkologne
|-unboost|p2a: Oinkologne|spe|1
|-boost|p2a: Oinkologne|atk|1
|-boost|p2a: Oinkologne|def|1
|
|-sideend|p1: impsilver|move: Aurora Veil
|upkeep
|turn|10
|
|t:|1743900952
|-terastallize|p2a: Oinkologne|Ghost
|move|p1a: Metagross|Brick Break|p2a: Oinkologne
|-immune|p2a: Oinkologne
|move|p2a: Oinkologne|Lash Out|p1a: Metagross
|-supereffective|p1a: Metagross
|-damage|p1a: Metagross|0 fnt
|faint|p1a: Metagross
|
|upkeep
|
|t:|1743900958
|switch|p1a: Samurott|Samurott-Hisui, M|100/100
|-damage|p1a: Samurott|76/100|[from] Spikes
|-activate|p1a: Samurott|move: Sticky Web
|-unboost|p1a: Samurott|spe|1
|turn|11
|
|t:|1743900961
|move|p1a: Samurott|Ceaseless Edge|p2a: Oinkologne
|-supereffective|p2a: Oinkologne
|-damage|p2a: Oinkologne|0 fnt
|-sidestart|p2: Afox4567|Spikes
|faint|p2a: Oinkologne
|-damage|p1a: Samurott|66/100|[from] item: Life Orb
|
|upkeep
|
|t:|1743900968
|switch|p2a: Abomasnow|Abomasnow, M, shiny|100/100
|-damage|p2a: Abomasnow|88/100|[from] Spikes
|turn|12
|
|t:|1743900971
|move|p1a: Samurott|Ceaseless Edge|p2a: Abomasnow
|-damage|p2a: Abomasnow|26/100
|-sidestart|p2: Afox4567|Spikes
|-damage|p1a: Samurott|56/100|[from] item: Life Orb
|move|p2a: Abomasnow|Leaf Storm|p1a: Samurott
|-supereffective|p1a: Samurott
|-damage|p1a: Samurott|0 fnt
|-unboost|p2a: Abomasnow|spa|2
|faint|p1a: Samurott
|
|upkeep
|
|t:|1743900982
|switch|p1a: Vikavolt|Vikavolt, F|100/100
|turn|13
|
|t:|1743900988
|switch|p2a: Abomasnow|Abomasnow, M, shiny|100/100
|-damage|p2a: Abomasnow|84/100|[from] Spikes
|move|p1a: Vikavolt|Bug Buzz|p2a: Abomasnow
|-resisted|p2a: Abomasnow
|-damage|p2a: Abomasnow|28/100
|replace|p2a: Zoroark|Zoroark-Hisui, M, shiny
|-end|p2a: Zoroark|Illusion
|
|upkeep
|turn|14
|
|t:|1743900992
|move|p2a: Zoroark|Flamethrower|p1a: Vikavolt
|-supereffective|p1a: Vikavolt
|-damage|p1a: Vikavolt|30/100
|move|p1a: Vikavolt|Thunderbolt|p2a: Zoroark
|-damage|p2a: Zoroark|0 fnt
|faint|p2a: Zoroark
|
|-heal|p1a: Vikavolt|36/100|[from] item: Leftovers
|upkeep
|
|t:|1743900995
|switch|p2a: Metagross|Metagross, shiny|100/100
|-damage|p2a: Metagross|84/100|[from] Spikes
|turn|15
|
|t:|1743900999
|move|p2a: Metagross|Rock Slide|p1a: Vikavolt
|-supereffective|p1a: Vikavolt
|-damage|p1a: Vikavolt|0 fnt
|faint|p1a: Vikavolt
|
|upkeep
|
|t:|1743901003
|switch|p1a: Oinkologne|Oinkologne, M|100/100
|-damage|p1a: Oinkologne|76/100|[from] Spikes
|-activate|p1a: Oinkologne|move: Sticky Web
|-unboost|p1a: Oinkologne|spe|1
|turn|16
|
|t:|1743901006
|move|p2a: Metagross|Meteor Mash|p1a: Oinkologne
|-damage|p1a: Oinkologne|41/100
|-activate|p1a: Oinkologne|ability: Lingering Aroma|Clear Body|[of] p2a: Metagross
|move|p1a: Oinkologne|Stuff Cheeks|p1a: Oinkologne
|-boost|p1a: Oinkologne|def|2
|-enditem|p1a: Oinkologne|Liechi Berry|[eat]
|-boost|p1a: Oinkologne|atk|1|[from] item: Liechi Berry
|
|upkeep
|turn|17
|
|t:|1743901017
|move|p2a: Metagross|Meteor Mash|p1a: Oinkologne
|-damage|p1a: Oinkologne|23/100
|move|p1a: Oinkologne|Body Press|p2a: Metagross
|-crit|p2a: Metagross
|-damage|p2a: Metagross|38/100
|
|upkeep
|turn|18
|
|t:|1743901024
|move|p2a: Metagross|Meteor Mash|p1a: Oinkologne
|-damage|p1a: Oinkologne|3/100
|move|p1a: Oinkologne|Body Press|p2a: Metagross
|-damage|p2a: Metagross|7/100
|
|upkeep
|turn|19
|
|t:|1743901033
|move|p2a: Metagross|Psychic Fangs|p1a: Oinkologne
|-damage|p1a: Oinkologne|0 fnt
|faint|p1a: Oinkologne
|
|win|Afox4567
|n|☆impsilver|impsilver
|n|☆Afox4567|afox4567
|n|*Lady Monita ❄|ladymonita
