|j|☆wethermon
|j|☆Baxpertsaurclef
|t:|1743823236
|gametype|singles
|player|p1|wethermon|clair-gen2|1225
|player|p2|Baxpertsaurclef|102|1253
|teamsize|p1|6
|teamsize|p2|6
|gen|9
|tier|[Gen 9] OU
|rated|
|rule|HP Percentage Mod: HP is shown in percentages
|rule|Endless Battle Clause: Forcing endless battles is banned
|rule|Species Clause: Limit one of each Pokémon
|rule|OHKO Clause: OHKO moves are banned
|rule|Evasion Items Clause: Evasion items are banned
|rule|Evasion Moves Clause: Evasion moves are banned
|rule|Sleep Moves Clause: Sleep-inducing moves are banned
|clearpoke
|poke|p1|Ninetales, F|
|poke|p1|Walking Wake|
|poke|p1|Hatterene, F|
|poke|p1|Ceruledge, M|
|poke|p1|Iron Treads|
|poke|p1|Sawsbuck-Autumn, F|
|poke|p2|Azumarill, M|
|poke|p2|Kommo-o, M|
|poke|p2|Clefable, M|
|poke|p2|Corviknight, M|
|poke|p2|Ninetales-Alola, M|
|poke|p2|Arcanine-Hisui, M|
|teampreview
|inactive|Battle timer is ON: inactive players will automatically lose when time's up. (requested by wethermon)
|inactive|Baxpertsaurclef also wants the timer to be on.
|
|t:|1743823259
|start
|switch|p1a: kit|Ninetales, F|100/100
|switch|p2a: Arcanine|Arcanine-Hisui, M|100/100
|-weather|SunnyDay|[from] ability: Drought|[of] p1a: kit
|turn|1
|inactive|Baxpertsaurclef has 120 seconds left.
|inactive|wethermon has 120 seconds left.
|
|t:|1743823300
|switch|p1a: steppinwulf|Walking Wake|100/100
|-activate|p1a: steppinwulf|ability: Protosynthesis
|-start|p1a: steppinwulf|protosynthesisspe
|move|p2a: Arcanine|Flare Blitz|p1a: steppinwulf
|-resisted|p1a: steppinwulf
|-damage|p1a: steppinwulf|69/100
|
|-weather|SunnyDay|[upkeep]
|upkeep
|turn|2
|inactive|wethermon has 120 seconds left.
|inactive|Baxpertsaurclef has 120 seconds left.
|
|t:|1743823311
|move|p1a: steppinwulf|Knock Off|p2a: Arcanine
|-damage|p2a: Arcanine|78/100
|-enditem|p2a: Arcanine|Choice Band|[from] move: Knock Off|[of] p1a: steppinwulf
|move|p2a: Arcanine|Flare Blitz|p1a: steppinwulf
|-resisted|p1a: steppinwulf
|-damage|p1a: steppinwulf|46/100
|
|-weather|SunnyDay|[upkeep]
|upkeep
|turn|3
|inactive|wethermon has 120 seconds left.
|
|t:|1743823317
|move|p2a: Arcanine|Extreme Speed|p1a: steppinwulf
|-damage|p1a: steppinwulf|18/100
|move|p1a: steppinwulf|Hydro Steam|p2a: Arcanine
|-supereffective|p2a: Arcanine
|-damage|p2a: Arcanine|0 fnt
|faint|p2a: Arcanine
|
|-weather|SunnyDay|[upkeep]
|upkeep
|
|t:|1743823319
|switch|p2a: Ninetales|Ninetales-Alola, M, shiny|100/100
|-weather|Snowscape|[from] ability: Snow Warning|[of] p2a: Ninetales
|-end|p1a: steppinwulf|Protosynthesis
|turn|4
|
|t:|1743823323
|-end|p1a: steppinwulf|Protosynthesis|[silent]
|switch|p1a: kit|Ninetales, F|100/100
|-weather|SunnyDay|[from] ability: Drought|[of] p1a: kit
|move|p2a: Ninetales|Aurora Veil||[still]
|-fail|p2a: Ninetales
|
|-weather|SunnyDay|[upkeep]
|upkeep
|turn|5
|
|t:|1743823337
|switch|p2a: Corviknight|Corviknight, M, shiny|100/100
|move|p1a: kit|Will-O-Wisp|p2a: Corviknight|[miss]
|-miss|p1a: kit|p2a: Corviknight
|
|-weather|SunnyDay|[upkeep]
|upkeep
|turn|6
|
|t:|1743823341
|switch|p2a: Ninetales|Ninetales-Alola, M, shiny|100/100
|-weather|Snowscape|[from] ability: Snow Warning|[of] p2a: Ninetales
|move|p1a: kit|Will-O-Wisp|p2a: Ninetales
|-status|p2a: Ninetales|brn
|
|-weather|Snowscape|[upkeep]
|-damage|p2a: Ninetales|94/100 brn|[from] brn
|upkeep
|turn|7
|inactive|wethermon has 120 seconds left.
|
|t:|1743823383
|switch|p1a: igris|Ceruledge, M|100/100
|move|p2a: Ninetales|Aurora Veil|p2a: Ninetales
|-sidestart|p2: Baxpertsaurclef|move: Aurora Veil
|
|-weather|Snowscape|[upkeep]
|-damage|p2a: Ninetales|88/100 brn|[from] brn
|upkeep
|turn|8
|
|t:|1743823397
|switch|p2a: Corviknight|Corviknight, M, shiny|100/100
|move|p1a: igris|Bulk Up|p1a: igris
|-boost|p1a: igris|atk|1
|-boost|p1a: igris|def|1
|
|-weather|Snowscape|[upkeep]
|upkeep
|turn|9
|
|t:|1743823404
|move|p1a: igris|Taunt|p2a: Corviknight
|-start|p2a: Corviknight|move: Taunt
|move|p2a: Corviknight|U-turn|p1a: igris
|-resisted|p1a: igris
|-damage|p1a: igris|98/100
|
|t:|1743823412
|switch|p2a: Clefable|Clefable, M, shiny|100/100|[from] U-turn
|
|-weather|Snowscape|[upkeep]
|-heal|p1a: igris|100/100|[from] item: Leftovers
|upkeep
|turn|10
|
|t:|1743823417
|move|p1a: igris|Taunt|p2a: Clefable
|-start|p2a: Clefable|move: Taunt
|cant|p2a: Clefable|move: Taunt|Cosmic Power
|
|-weather|none
|upkeep
|turn|11
|
|t:|1743823423
|move|p1a: igris|Bulk Up|p1a: igris
|-boost|p1a: igris|atk|1
|-boost|p1a: igris|def|1
|move|p2a: Clefable|Charge Beam|p1a: igris
|-damage|p1a: igris|92/100
|-boost|p2a: Clefable|spa|1
|
|-heal|p1a: igris|99/100|[from] item: Leftovers
|upkeep
|turn|12
|
|t:|1743823438
|move|p1a: igris|Poltergeist|p2a: Clefable
|-activate|p2a: Clefable|move: Poltergeist|Leftovers
|-damage|p2a: Clefable|84/100
|move|p2a: Clefable|Charge Beam|p1a: igris
|-damage|p1a: igris|86/100
|
|-heal|p1a: igris|92/100|[from] item: Leftovers
|-heal|p2a: Clefable|90/100|[from] item: Leftovers
|-end|p2a: Clefable|move: Taunt
|upkeep
|turn|13
|
|t:|1743823444
|move|p1a: igris|Taunt|p2a: Clefable
|-start|p2a: Clefable|move: Taunt
|move|p2a: Clefable|Charge Beam|p1a: igris
|-damage|p1a: igris|80/100
|
|-heal|p1a: igris|86/100|[from] item: Leftovers
|-heal|p2a: Clefable|96/100|[from] item: Leftovers
|upkeep
|turn|14
|
|t:|1743823451
|move|p1a: igris|Bitter Blade|p2a: Clefable
|-damage|p2a: Clefable|82/100
|-heal|p1a: igris|94/100|[from] drain|[of] p2a: Clefable
|move|p2a: Clefable|Charge Beam|p1a: igris
|-damage|p1a: igris|82/100
|
|-heal|p1a: igris|88/100|[from] item: Leftovers
|-heal|p2a: Clefable|88/100|[from] item: Leftovers
|-sideend|p2: Baxpertsaurclef|move: Aurora Veil
|upkeep
|turn|15
|
|t:|1743823461
|move|p1a: igris|Bitter Blade|p2a: Clefable
|-damage|p2a: Clefable|58/100
|-heal|p1a: igris|100/100|[from] drain|[of] p2a: Clefable
|move|p2a: Clefable|Charge Beam|p1a: igris
|-damage|p1a: igris|88/100
|-boost|p2a: Clefable|spa|1
|
|-heal|p1a: igris|94/100|[from] item: Leftovers
|-heal|p2a: Clefable|64/100|[from] item: Leftovers
|-end|p2a: Clefable|move: Taunt
|upkeep
|turn|16
|
|t:|1743823465
|move|p1a: igris|Bitter Blade|p2a: Clefable
|-damage|p2a: Clefable|33/100
|-heal|p1a: igris|100/100|[from] drain|[of] p2a: Clefable
|move|p2a: Clefable|Charge Beam|p1a: igris
|-damage|p1a: igris|85/100
|-boost|p2a: Clefable|spa|1
|
|-heal|p1a: igris|91/100|[from] item: Leftovers
|-heal|p2a: Clefable|39/100|[from] item: Leftovers
|upkeep
|turn|17
|
|t:|1743823468
|move|p1a: igris|Poltergeist|p2a: Clefable|[miss]
|-miss|p1a: igris|p2a: Clefable
|move|p2a: Clefable|Moonlight|p2a: Clefable
|-heal|p2a: Clefable|89/100
|
|-heal|p1a: igris|97/100|[from] item: Leftovers
|-heal|p2a: Clefable|95/100|[from] item: Leftovers
|upkeep
|turn|18
|
|t:|1743823473
|move|p1a: igris|Taunt|p2a: Clefable
|-start|p2a: Clefable|move: Taunt
|move|p2a: Clefable|Charge Beam|p1a: igris
|-damage|p1a: igris|78/100
|-boost|p2a: Clefable|spa|1
|
|-heal|p1a: igris|84/100|[from] item: Leftovers
|-heal|p2a: Clefable|100/100|[from] item: Leftovers
|upkeep
|turn|19
|
|t:|1743823491
|move|p1a: igris|Bulk Up|p1a: igris
|-boost|p1a: igris|atk|1
|-boost|p1a: igris|def|1
|move|p2a: Clefable|Charge Beam|p1a: igris
|-damage|p1a: igris|62/100
|
|-heal|p1a: igris|68/100|[from] item: Leftovers
|upkeep
|turn|20
|
|t:|1743823496
|move|p1a: igris|Bulk Up|p1a: igris
|-boost|p1a: igris|atk|1
|-boost|p1a: igris|def|1
|move|p2a: Clefable|Charge Beam|p1a: igris
|-damage|p1a: igris|47/100
|-boost|p2a: Clefable|spa|1
|
|-heal|p1a: igris|53/100|[from] item: Leftovers
|-end|p2a: Clefable|move: Taunt
|upkeep
|turn|21
|
|t:|1743823500
|move|p1a: igris|Taunt|p2a: Clefable
|-start|p2a: Clefable|move: Taunt
|move|p2a: Clefable|Charge Beam|p1a: igris
|-damage|p1a: igris|27/100
|-boost|p2a: Clefable|spa|1
|
|-heal|p1a: igris|33/100|[from] item: Leftovers
|upkeep
|turn|22
|
|t:|1743823513
|move|p1a: igris|Bitter Blade|p2a: Clefable
|-damage|p2a: Clefable|71/100
|-heal|p1a: igris|50/100|[from] drain|[of] p2a: Clefable
|move|p2a: Clefable|Stored Power|p1a: igris
|-damage|p1a: igris|0 fnt
|faint|p1a: igris
|
|-heal|p2a: Clefable|77/100|[from] item: Leftovers
|upkeep
|
|t:|1743823525
|switch|p1a: kenya mk.2|Iron Treads|100/100
|turn|23
|
|t:|1743823537
|-terastallize|p2a: Clefable|Steel
|move|p1a: kenya mk.2|Earthquake|p2a: Clefable
|-supereffective|p2a: Clefable
|-damage|p2a: Clefable|5/100
|move|p2a: Clefable|Stored Power|p1a: kenya mk.2
|-resisted|p1a: kenya mk.2
|-damage|p1a: kenya mk.2|14/100
|
|-heal|p1a: kenya mk.2|20/100|[from] item: Leftovers
|-heal|p2a: Clefable|11/100|[from] item: Leftovers
|-end|p2a: Clefable|move: Taunt
|upkeep
|turn|24
|
|t:|1743823543
|move|p1a: kenya mk.2|Earthquake|p2a: Clefable
|-supereffective|p2a: Clefable
|-damage|p2a: Clefable|0 fnt
|faint|p2a: Clefable
|
|-heal|p1a: kenya mk.2|27/100|[from] item: Leftovers
|upkeep
|
|t:|1743823546
|switch|p2a: Ninetales|Ninetales-Alola, M, shiny|88/100 brn
|-weather|Snowscape|[from] ability: Snow Warning|[of] p2a: Ninetales
|turn|25
|
|t:|1743823552
|move|p2a: Ninetales|Aurora Veil|p2a: Ninetales
|-sidestart|p2: Baxpertsaurclef|move: Aurora Veil
|move|p1a: kenya mk.2|Earthquake|p2a: Ninetales
|-damage|p2a: Ninetales|69/100 brn
|
|-weather|Snowscape|[upkeep]
|-heal|p1a: kenya mk.2|33/100|[from] item: Leftovers
|-damage|p2a: Ninetales|63/100 brn|[from] brn
|upkeep
|turn|26
|
|t:|1743823562
|switch|p2a: Corviknight|Corviknight, M, shiny|100/100
|-end|p1a: kenya mk.2|Quark Drive|[silent]
|switch|p1a: kit|Ninetales, F|100/100
|-weather|SunnyDay|[from] ability: Drought|[of] p1a: kit
|
|-weather|SunnyDay|[upkeep]
|upkeep
|turn|27
|
|t:|1743823581
|move|p1a: kit|Will-O-Wisp|p2a: Corviknight
|-status|p2a: Corviknight|brn
|move|p2a: Corviknight|U-turn|p1a: kit
|-resisted|p1a: kit
|-damage|p1a: kit|96/100
|
|t:|1743823585
|switch|p2a: Kommo-o|Kommo-o, M|100/100|[from] U-turn
|
|-weather|SunnyDay|[upkeep]
|upkeep
|turn|28
|
|t:|1743823589
|move|p1a: kit|Will-O-Wisp|p2a: Kommo-o
|-status|p2a: Kommo-o|brn
|move|p2a: Kommo-o|Clangorous Soul|p2a: Kommo-o
|-boost|p2a: Kommo-o|atk|1
|-boost|p2a: Kommo-o|def|1
|-boost|p2a: Kommo-o|spa|1
|-boost|p2a: Kommo-o|spd|1
|-boost|p2a: Kommo-o|spe|1
|-damage|p2a: Kommo-o|68/100 brn
|-enditem|p2a: Kommo-o|Throat Spray
|-boost|p2a: Kommo-o|spa|1|[from] item: Throat Spray
|
|-weather|SunnyDay|[upkeep]
|-damage|p2a: Kommo-o|61/100 brn|[from] brn
|upkeep
|turn|29
|
|t:|1743823595
|move|p2a: Kommo-o|Boomburst|p1a: kit
|-crit|p1a: kit
|-damage|p1a: kit|0 fnt
|faint|p1a: kit
|
|-weather|SunnyDay|[upkeep]
|-damage|p2a: Kommo-o|55/100 brn|[from] brn
|upkeep
|
|t:|1743823605
|switch|p1a: leave|Sawsbuck-Autumn, F|100/100
|turn|30
|
|t:|1743823618
|move|p1a: leave|Play Rough|p2a: Kommo-o
|-supereffective|p2a: Kommo-o
|-damage|p2a: Kommo-o|7/100 brn
|-damage|p1a: leave|91/100|[from] item: Life Orb
|move|p2a: Kommo-o|Drain Punch|p1a: leave
|-supereffective|p1a: leave
|-damage|p1a: leave|26/100
|-heal|p2a: Kommo-o|41/100 brn|[from] drain|[of] p1a: leave
|
|-weather|SunnyDay|[upkeep]
|-damage|p2a: Kommo-o|35/100 brn|[from] brn
|upkeep
|turn|31
|
|t:|1743823631
|move|p1a: leave|Play Rough|p2a: Kommo-o
|-supereffective|p2a: Kommo-o
|-damage|p2a: Kommo-o|0 fnt
|faint|p2a: Kommo-o
|-damage|p1a: leave|16/100|[from] item: Life Orb
|
|-weather|SunnyDay|[upkeep]
|upkeep
|
|t:|1743823634
|switch|p2a: Corviknight|Corviknight, M, shiny|100/100 brn
|turn|32
|
|t:|1743823649
|move|p1a: leave|Double-Edge|p2a: Corviknight
|-resisted|p2a: Corviknight
|-damage|p2a: Corviknight|89/100 brn
|-damage|p1a: leave|0 fnt|[from] item: Rocky Helmet|[of] p2a: Corviknight
|faint|p1a: leave
|move|p2a: Corviknight|U-turn|p1: leave|[notarget]
|-fail|p2a: Corviknight
|
|-weather|SunnyDay|[upkeep]
|-damage|p2a: Corviknight|83/100 brn|[from] brn
|-sideend|p2: Baxpertsaurclef|move: Aurora Veil
|upkeep
|inactive|wethermon has 120 seconds left.
|
|t:|1743823677
|switch|p1a: celeste|Hatterene, F|100/100
|turn|33
|
|t:|1743823689
|move|p2a: Corviknight|U-turn|p1a: celeste
|-damage|p1a: celeste|95/100
|
|t:|1743823696
|switch|p2a: Ninetales|Ninetales-Alola, M, shiny|63/100 brn|[from] U-turn
|-weather|Snowscape|[from] ability: Snow Warning|[of] p2a: Ninetales
|move|p1a: celeste|Calm Mind|p1a: celeste
|-boost|p1a: celeste|spa|1
|-boost|p1a: celeste|spd|1
|
|-weather|Snowscape|[upkeep]
|-heal|p1a: celeste|100/100|[from] item: Leftovers
|-damage|p2a: Ninetales|57/100 brn|[from] brn
|upkeep
|turn|34
|
|t:|1743823704
|move|p2a: Ninetales|Aurora Veil|p2a: Ninetales
|-sidestart|p2: Baxpertsaurclef|move: Aurora Veil
|move|p1a: celeste|Calm Mind|p1a: celeste
|-boost|p1a: celeste|spa|1
|-boost|p1a: celeste|spd|1
|
|-weather|Snowscape|[upkeep]
|-damage|p2a: Ninetales|51/100 brn|[from] brn
|upkeep
|turn|35
|
|t:|1743823711
|switch|p2a: Corviknight|Corviknight, M, shiny|83/100 brn
|move|p1a: celeste|Calm Mind|p1a: celeste
|-boost|p1a: celeste|spa|1
|-boost|p1a: celeste|spd|1
|
|-weather|Snowscape|[upkeep]
|-damage|p2a: Corviknight|77/100 brn|[from] brn
|upkeep
|turn|36
|
|t:|1743823720
|move|p2a: Corviknight|U-turn|p1a: celeste
|-damage|p1a: celeste|95/100
|
|t:|1743823721
|switch|p2a: Azumarill|Azumarill, M, shiny|100/100|[from] U-turn
|move|p1a: celeste|Calm Mind|p1a: celeste
|-boost|p1a: celeste|spa|1
|-boost|p1a: celeste|spd|1
|
|-weather|Snowscape|[upkeep]
|-heal|p1a: celeste|100/100|[from] item: Leftovers
|upkeep
|turn|37
|
|t:|1743823725
|move|p2a: Azumarill|Belly Drum|p2a: Azumarill
|-damage|p2a: Azumarill|50/100
|-setboost|p2a: Azumarill|atk|6|[from] move: Belly Drum
|-enditem|p2a: Azumarill|Sitrus Berry|[eat]
|-heal|p2a: Azumarill|75/100|[from] item: Sitrus Berry
|move|p1a: celeste|Psychic Noise|p2a: Azumarill
|-damage|p2a: Azumarill|26/100
|-start|p2a: Azumarill|move: Heal Block
|
|-weather|none
|upkeep
|turn|38
|
|t:|1743823740
|move|p2a: Azumarill|Knock Off|p1a: celeste
|-damage|p1a: celeste|0 fnt
|-enditem|p1a: celeste|Leftovers|[from] move: Knock Off|[of] p2a: Azumarill
|faint|p1a: celeste
|
|-end|p2a: Azumarill|move: Heal Block
|upkeep
|
|t:|1743823743
|switch|p1a: steppinwulf|Walking Wake|18/100
|turn|39
|-message|wethermon forfeited.
|
|win|Baxpertsaurclef
|raw|wethermon's rating: 1225 &rarr; <strong>1202</strong><br />(-23 for losing)
|raw|Baxpertsaurclef's rating: 1253 &rarr; <strong>1276</strong><br />(+23 for winning)
|l|☆wethermon
|player|p1|
|l|☆Baxpertsaurclef
|player|p2|
