|j|☆mastoon
|j|☆slk n compensa
|t:|1743921231
|gametype|singles
|player|p1|mastoon|hilda-wonderlauncher|1191
|player|p2|slk n compensa|lady|1176
|teamsize|p1|6
|teamsize|p2|6
|gen|9
|tier|[Gen 9] OU
|rated|
|rule|HP Percentage Mod: HP is shown in percentages
|rule|Endless Battle Clause: Forcing endless battles is banned
|rule|Species Clause: Limit one of each Pokémon
|rule|OHKO Clause: OHKO moves are banned
|rule|Evasion Items Clause: Evasion items are banned
|rule|Evasion Moves Clause: Evasion moves are banned
|rule|Sleep Moves Clause: Sleep-inducing moves are banned
|clearpoke
|poke|p1|Salamence, F|
|poke|p1|Vivillon-Fancy, M|
|poke|p1|Gliscor, M|
|poke|p1|Dondozo, F|
|poke|p1|Gholdengo|
|poke|p1|Clodsire, F|
|poke|p2|Tauros-Paldea-Blaze, M|
|poke|p2|Kingambit, M|
|poke|p2|Ting-Lu|
|poke|p2|Pecharunt|
|poke|p2|Ogerpon-Wellspring, F|
|poke|p2|Great Tusk|
|teampreview
|c|☆mastoon|Gl hf
|
|t:|1743921247
|start
|switch|p1a: Gliscor|Gliscor, M|100/100
|switch|p2a: Ting-Lu|Ting-Lu|100/100
|-ability|p2a: Ting-Lu|Vessel of Ruin
|turn|1
|inactive|Battle timer is ON: inactive players will automatically lose when time's up. (requested by slk n compensa)
|
|t:|1743921251
|move|p1a: Gliscor|Stealth Rock|p2a: Ting-Lu
|-sidestart|p2: slk n compensa|move: Stealth Rock
|move|p2a: Ting-Lu|Stealth Rock|p1a: Gliscor
|-sidestart|p1: mastoon|move: Stealth Rock
|
|-status|p1a: Gliscor|tox|[from] item: Toxic Orb
|upkeep
|turn|2
|
|t:|1743921257
|move|p1a: Gliscor|Swords Dance|p1a: Gliscor
|-boost|p1a: Gliscor|atk|2
|move|p2a: Ting-Lu|Ruination|p1a: Gliscor
|-damage|p1a: Gliscor|51/100 tox
|
|-heal|p1a: Gliscor|63/100 tox|[from] ability: Poison Heal
|upkeep
|turn|3
|
|t:|1743921264
|move|p1a: Gliscor|Earthquake|p2a: Ting-Lu
|-damage|p2a: Ting-Lu|51/100
|move|p2a: Ting-Lu|Whirlwind|p1a: Gliscor
|drag|p1a: Salamence|Salamence, F|100/100
|
|-heal|p2a: Ting-Lu|57/100|[from] item: Leftovers
|upkeep
|turn|4
|
|t:|1743921276
|move|p1a: Salamence|Outrage|p2a: Ting-Lu
|-damage|p2a: Ting-Lu|23/100
|move|p2a: Ting-Lu|Ruination|p1a: Salamence
|-damage|p1a: Salamence|50/100
|
|-heal|p2a: Ting-Lu|30/100|[from] item: Leftovers
|upkeep
|turn|5
|
|t:|1743921288
|switch|p2a: Pecharunt|Pecharunt|100/100
|move|p1a: Salamence|Outrage|p2a: Pecharunt|[from] lockedmove
|-damage|p2a: Pecharunt|71/100
|
|upkeep
|turn|6
|
|t:|1743921296
|move|p1a: Salamence|Outrage|p2a: Pecharunt|[from] lockedmove
|-damage|p2a: Pecharunt|43/100
|-start|p1a: Salamence|confusion|[fatigue]
|move|p2a: Pecharunt|Parting Shot|p1a: Salamence
|-unboost|p1a: Salamence|atk|1
|-unboost|p1a: Salamence|spa|1
|
|t:|1743921306
|switch|p2a: Ogerpon|Ogerpon-Wellspring, F|100/100|[from] Parting Shot
|-damage|p2a: Ogerpon|88/100|[from] Stealth Rock
|
|upkeep
|turn|7
|
|t:|1743921312
|move|p2a: Ogerpon|Swords Dance|p2a: Ogerpon
|-boost|p2a: Ogerpon|atk|2
|-activate|p1a: Salamence|confusion
|-damage|p1a: Salamence|38/100|[from] confusion
|
|upkeep
|turn|8
|
|t:|1743921318
|move|p2a: Ogerpon|Play Rough|p1a: Salamence
|-supereffective|p1a: Salamence
|-damage|p1a: Salamence|0 fnt
|faint|p1a: Salamence
|
|upkeep
|
|t:|1743921335
|switch|p1a: Dondozo|Dondozo, F|100/100
|-damage|p1a: Dondozo|88/100|[from] Stealth Rock
|turn|9
|
|t:|1743921341
|move|p2a: Ogerpon|Horn Leech|p1a: Dondozo
|-supereffective|p1a: Dondozo
|-damage|p1a: Dondozo|30/100
|-heal|p2a: Ogerpon|100/100|[from] drain|[of] p1a: Dondozo
|move|p1a: Dondozo|Curse|p1a: Dondozo
|-unboost|p1a: Dondozo|spe|1
|-boost|p1a: Dondozo|atk|1
|-boost|p1a: Dondozo|def|1
|
|-heal|p1a: Dondozo|36/100|[from] item: Leftovers
|upkeep
|turn|10
|
|t:|1743921349
|move|p2a: Ogerpon|Horn Leech|p1a: Dondozo
|-supereffective|p1a: Dondozo
|-damage|p1a: Dondozo|0 fnt
|faint|p1a: Dondozo
|
|upkeep
|
|t:|1743921353
|switch|p1a: Vivillon|Vivillon-Fancy, M|100/100
|-damage|p1a: Vivillon|51/100|[from] Stealth Rock
|turn|11
|
|t:|1743921360
|move|p2a: Ogerpon|Ivy Cudgel|p1a: Vivillon|[anim] Ivy Cudgel Water
|-crit|p1a: Vivillon
|-damage|p1a: Vivillon|0 fnt
|faint|p1a: Vivillon
|
|upkeep
|
|t:|1743921365
|switch|p1a: Gholdengo|Gholdengo|100/100
|-damage|p1a: Gholdengo|94/100|[from] Stealth Rock
|-item|p1a: Gholdengo|Air Balloon
|turn|12
|
|t:|1743921371
|-terastallize|p2a: Ogerpon|Water
|detailschange|p2a: Ogerpon|Ogerpon-Wellspring-Tera, F, tera:Water
|-ability|p2a: Ogerpon|Embody Aspect (Wellspring)|boost
|-boost|p2a: Ogerpon|spd|1
|move|p2a: Ogerpon|Ivy Cudgel|p1a: Gholdengo|[anim] Ivy Cudgel Water
|-damage|p1a: Gholdengo|0 fnt
|-enditem|p1a: Gholdengo|Air Balloon
|faint|p1a: Gholdengo
|
|upkeep
|
|t:|1743921381
|switch|p1a: Clodsire|Clodsire, F|100/100
|-damage|p1a: Clodsire|94/100|[from] Stealth Rock
|turn|13
|
|t:|1743921384
|move|p2a: Ogerpon|Ivy Cudgel|p1a: Clodsire|[anim] Ivy Cudgel Water
|-heal|p1a: Clodsire|100/100|[from] ability: Water Absorb|[of] p2a: Ogerpon
|move|p1a: Clodsire|Haze|p1a: Clodsire
|-clearallboost
|
|upkeep
|turn|14
|
|t:|1743921392
|move|p2a: Ogerpon|Horn Leech|p1a: Clodsire
|-damage|p1a: Clodsire|55/100
|move|p1a: Clodsire|Earthquake|p2a: Ogerpon
|-damage|p2a: Ogerpon|63/100
|
|-heal|p1a: Clodsire|61/100|[from] item: Black Sludge
|upkeep
|turn|15
|
|t:|1743921399
|move|p2a: Ogerpon|Horn Leech|p1a: Clodsire
|-damage|p1a: Clodsire|14/100
|-heal|p2a: Ogerpon|99/100|[from] drain|[of] p1a: Clodsire
|move|p1a: Clodsire|Earthquake|p2a: Ogerpon
|-damage|p2a: Ogerpon|61/100
|
|-heal|p1a: Clodsire|21/100|[from] item: Black Sludge
|upkeep
|turn|16
|
|t:|1743921409
|move|p2a: Ogerpon|Horn Leech|p1a: Clodsire
|-damage|p1a: Clodsire|0 fnt
|-heal|p2a: Ogerpon|77/100|[from] drain|[of] p1a: Clodsire
|faint|p1a: Clodsire
|
|upkeep
|
|t:|1743921411
|switch|p1a: Gliscor|Gliscor, M|63/100 tox
|-damage|p1a: Gliscor|51/100 tox|[from] Stealth Rock
|turn|17
|
|t:|1743921417
|-terastallize|p1a: Gliscor|Ground
|move|p2a: Ogerpon|Ivy Cudgel|p1a: Gliscor|[anim] Ivy Cudgel Water
|-supereffective|p1a: Gliscor
|-damage|p1a: Gliscor|0 fnt
|faint|p1a: Gliscor
|
|win|slk n compensa
|raw|mastoon's rating: 1191 &rarr; <strong>1165</strong><br />(-26 for losing)
|raw|slk n compensa's rating: 1176 &rarr; <strong>1202</strong><br />(+26 for winning)
|c|☆mastoon|Gg
|l|☆slk n compensa
|player|p2|
|c|☆mastoon|Wp
|l|☆mastoon
|player|p1|
