|j|☆honeyfee
|j|☆Johnathan Parker
|t:|1743936921
|gametype|singles
|player|p1|honeyfee|ltsurge|1177
|player|p2|Johnathan Parker|giovanni|1248
|teamsize|p1|6
|teamsize|p2|6
|gen|9
|tier|[Gen 9] OU
|rated|
|rule|HP Percentage Mod: HP is shown in percentages
|rule|Endless Battle Clause: Forcing endless battles is banned
|rule|Species Clause: Limit one of each Pokémon
|rule|OHKO Clause: OHKO moves are banned
|rule|Evasion Items Clause: Evasion items are banned
|rule|Evasion Moves Clause: Evasion moves are banned
|rule|Sleep Moves Clause: Sleep-inducing moves are banned
|clearpoke
|poke|p1|Samurott-Hisui, F|
|poke|p1|Ninetales-Alola, F|
|poke|p1|Gholdengo|
|poke|p1|Kingambit, F|
|poke|p1|Iron Moth|
|poke|p1|Iron Hands|
|poke|p2|Vivillon-Pokeball, M|
|poke|p2|Blaziken, F|
|poke|p2|Rillaboom, M|
|poke|p2|Dragapult, M|
|poke|p2|Corviknight, F|
|poke|p2|Jolteon, F|
|teampreview
|inactive|Battle timer is ON: inactive players will automatically lose when time's up. (requested by Johnathan Parker)
|
|t:|1743936941
|start
|switch|p1a: Samurott|Samurott-Hisui, F|100/100
|switch|p2a: Jolteon|Jolteon, F|100/100
|turn|1
|
|t:|1743936949
|move|p2a: Jolteon|Volt Switch|p1a: Samurott
|-supereffective|p1a: Samurott
|-enditem|p1a: Samurott|Focus Sash
|-damage|p1a: Samurott|1/100
|
|t:|1743936954
|switch|p2a: Corviknight|Corviknight, F|100/100|[from] Volt Switch
|move|p1a: Samurott|Ceaseless Edge|p2a: Corviknight
|-damage|p2a: Corviknight|67/100
|-damage|p1a: Samurott|0 fnt|[from] item: Rocky Helmet|[of] p2a: Corviknight
|faint|p1a: Samurott
|
|upkeep
|
|t:|1743936960
|switch|p1a: Ninetales|Ninetales-Alola, F|100/100
|-weather|Snowscape|[from] ability: Snow Warning|[of] p1a: Ninetales
|turn|2
|
|t:|1743936972
|move|p1a: Ninetales|Aurora Veil|p1a: Ninetales
|-sidestart|p1: honeyfee|move: Aurora Veil
|move|p2a: Corviknight|Iron Defense|p2a: Corviknight
|-boost|p2a: Corviknight|def|2
|
|-weather|Snowscape|[upkeep]
|upkeep
|turn|3
|
|t:|1743936976
|move|p1a: Ninetales|Encore|p2a: Corviknight
|-start|p2a: Corviknight|Encore
|move|p2a: Corviknight|Iron Defense|p2a: Corviknight
|-boost|p2a: Corviknight|def|2
|
|-weather|Snowscape|[upkeep]
|upkeep
|turn|4
|
|t:|1743936984
|switch|p1a: Iron Moth|Iron Moth|100/100
|-enditem|p1a: Iron Moth|Booster Energy
|-activate|p1a: Iron Moth|ability: Quark Drive|[fromitem]
|-start|p1a: Iron Moth|quarkdrivespe
|move|p2a: Corviknight|Iron Defense|p2a: Corviknight
|-boost|p2a: Corviknight|def|2
|
|-weather|Snowscape|[upkeep]
|upkeep
|turn|5
|
|t:|1743937002
|switch|p2a: Dragapult|Dragapult, M|100/100
|move|p1a: Iron Moth|Substitute|p1a: Iron Moth
|-start|p1a: Iron Moth|Substitute
|-damage|p1a: Iron Moth|76/100
|
|-weather|Snowscape|[upkeep]
|upkeep
|turn|6
|
|t:|1743937013
|move|p1a: Iron Moth|Dazzling Gleam|p2a: Dragapult
|-supereffective|p2a: Dragapult
|-damage|p2a: Dragapult|29/100
|move|p2a: Dragapult|Dragon Darts|p1a: Iron Moth
|-activate|p1a: Iron Moth|move: Substitute|[damage]
|-anim|p2a: Dragapult|Dragon Darts|p1a: Iron Moth
|-end|p1a: Iron Moth|Substitute
|
|-weather|none
|upkeep
|turn|7
|
|t:|1743937024
|move|p1a: Iron Moth|Dazzling Gleam|p2a: Dragapult
|-supereffective|p2a: Dragapult
|-damage|p2a: Dragapult|0 fnt
|faint|p2a: Dragapult
|
|upkeep
|
|t:|1743937034
|switch|p2a: Rillaboom|Rillaboom, M|100/100
|-fieldstart|move: Grassy Terrain|[from] ability: Grassy Surge|[of] p2a: Rillaboom
|turn|8
|
|t:|1743937038
|-terastallize|p2a: Rillaboom|Water
|move|p1a: Iron Moth|Fiery Dance|p2a: Rillaboom
|-resisted|p2a: Rillaboom
|-damage|p2a: Rillaboom|87/100
|-boost|p1a: Iron Moth|spa|1
|move|p2a: Rillaboom|High Horsepower|p1a: Iron Moth
|-supereffective|p1a: Iron Moth
|-damage|p1a: Iron Moth|0 fnt
|faint|p1a: Iron Moth
|-end|p1a: Iron Moth|Quark Drive|[silent]
|
|-heal|p2a: Rillaboom|93/100|[from] Grassy Terrain
|upkeep
|
|t:|1743937049
|switch|p1a: Iron Hands|Iron Hands|100/100
|-enditem|p1a: Iron Hands|Booster Energy
|-activate|p1a: Iron Hands|ability: Quark Drive|[fromitem]
|-start|p1a: Iron Hands|quarkdriveatk
|turn|9
|
|t:|1743937059
|switch|p2a: Jolteon|Jolteon, F|100/100
|move|p1a: Iron Hands|Swords Dance|p1a: Iron Hands
|-boost|p1a: Iron Hands|atk|2
|
|-sideend|p1: honeyfee|move: Aurora Veil
|upkeep
|turn|10
|
|t:|1743937076
|move|p2a: Jolteon|Alluring Voice|p1a: Iron Hands
|-supereffective|p1a: Iron Hands
|-damage|p1a: Iron Hands|31/100
|move|p1a: Iron Hands|Drain Punch|p2a: Jolteon
|-damage|p2a: Jolteon|0 fnt
|-heal|p1a: Iron Hands|57/100|[from] drain|[of] p2a: Jolteon
|faint|p2a: Jolteon
|
|-heal|p1a: Iron Hands|63/100|[from] Grassy Terrain
|upkeep
|
|t:|1743937088
|switch|p2a: Blaziken|Blaziken, F|100/100
|turn|11
|
|t:|1743937103
|move|p2a: Blaziken|Flare Blitz|p1a: Iron Hands
|-crit|p1a: Iron Hands
|-damage|p1a: Iron Hands|0 fnt
|faint|p1a: Iron Hands
|-end|p1a: Iron Hands|Quark Drive|[silent]
|-damage|p2a: Blaziken|70/100|[from] Recoil
|-damage|p2a: Blaziken|60/100|[from] item: Life Orb
|
|-heal|p2a: Blaziken|66/100|[from] Grassy Terrain
|-ability|p2a: Blaziken|Speed Boost|boost
|-boost|p2a: Blaziken|spe|1
|upkeep
|
|t:|1743937109
|switch|p1a: Ninetales|Ninetales-Alola, F|100/100
|-weather|Snowscape|[from] ability: Snow Warning|[of] p1a: Ninetales
|turn|12
|
|t:|1743937120
|move|p2a: Blaziken|Flare Blitz|p1a: Ninetales
|-supereffective|p1a: Ninetales
|-damage|p1a: Ninetales|0 fnt
|faint|p1a: Ninetales
|-damage|p2a: Blaziken|33/100|[from] Recoil
|-damage|p2a: Blaziken|23/100|[from] item: Life Orb
|
|-weather|Snowscape|[upkeep]
|-heal|p2a: Blaziken|29/100|[from] Grassy Terrain
|-fieldend|move: Grassy Terrain
|-ability|p2a: Blaziken|Speed Boost|boost
|-boost|p2a: Blaziken|spe|1
|upkeep
|
|t:|1743937126
|switch|p1a: Kingambit|Kingambit, F|100/100
|-activate|p1a: Kingambit|ability: Supreme Overlord
|-start|p1a: Kingambit|fallen4|[silent]
|turn|13
|
|t:|1743937138
|switch|p2a: Corviknight|Corviknight, F|67/100
|move|p1a: Kingambit|Sucker Punch||[still]
|-fail|p1a: Kingambit
|
|-weather|Snowscape|[upkeep]
|upkeep
|turn|14
|
|t:|1743937145
|move|p1a: Kingambit|Swords Dance|p1a: Kingambit
|-boost|p1a: Kingambit|atk|2
|move|p2a: Corviknight|Body Press|p1a: Kingambit
|-supereffective|p1a: Kingambit
|-crit|p1a: Kingambit
|-damage|p1a: Kingambit|0 fnt
|faint|p1a: Kingambit
|-end|p1a: Kingambit|fallen4|[silent]
|
|-weather|Snowscape|[upkeep]
|upkeep
|l|☆honeyfee
|inactive|honeyfee disconnected and has a minute to reconnect!
|player|p1|
|inactive|honeyfee has 30 seconds to reconnect!
|inactive|honeyfee has 20 seconds to reconnect!
|inactive|honeyfee has 15 seconds to reconnect!
|inactive|honeyfee has 10 seconds to reconnect!
|inactive|honeyfee has 5 seconds to reconnect!
|-message|honeyfee lost due to inactivity.
|
|win|Johnathan Parker
|raw|honeyfee's rating: 1177 &rarr; <strong>1157</strong><br />(-20 for losing)
|raw|Johnathan Parker's rating: 1248 &rarr; <strong>1268</strong><br />(+20 for winning)
