|j|☆Dr. Drake6782
|j|☆AStupidAsian
|t:|1743890611
|gametype|singles
|player|p1|Dr. Drake6782|lance-lgpe|1252
|player|p2|AStupidAsian|sordward|1268
|teamsize|p1|6
|teamsize|p2|6
|gen|9
|tier|[Gen 9] OU
|rated|
|rule|HP Percentage Mod: HP is shown in percentages
|rule|Endless Battle Clause: Forcing endless battles is banned
|rule|Species Clause: Limit one of each Pokémon
|rule|OHKO Clause: OHKO moves are banned
|rule|Evasion Items Clause: Evasion items are banned
|rule|Evasion Moves Clause: Evasion moves are banned
|rule|Sleep Moves Clause: Sleep-inducing moves are banned
|clearpoke
|poke|p1|Alomomola, M|
|poke|p1|Weezing-Galar, M|
|poke|p1|Garganacl, M|
|poke|p1|Kyurem|
|poke|p1|Ting-Lu|
|poke|p1|Ogerpon-Wellspring, F|
|poke|p2|Darkrai|
|poke|p2|Moltres-Galar|
|poke|p2|Keldeo|
|poke|p2|Great Tusk|
|poke|p2|Pecharunt|
|poke|p2|Scizor, M|
|teampreview
|inactive|Battle timer is ON: inactive players will automatically lose when time's up. (requested by Dr. Drake6782)
|
|t:|1743890626
|start
|switch|p1a: Ogerpon|Ogerpon-Wellspring, F|100/100
|switch|p2a: Keldeo|Keldeo|100/100
|turn|1
|
|t:|1743890631
|switch|p2a: Pecharunt|Pecharunt|100/100
|move|p1a: Ogerpon|Knock Off|p2a: Pecharunt
|-supereffective|p2a: Pecharunt
|-damage|p2a: Pecharunt|58/100
|-enditem|p2a: Pecharunt|Heavy-Duty Boots|[from] move: Knock Off|[of] p1a: Ogerpon
|
|upkeep
|turn|2
|
|t:|1743890638
|move|p1a: Ogerpon|U-turn|p2a: Pecharunt
|-resisted|p2a: Pecharunt
|-crit|p2a: Pecharunt
|-damage|p2a: Pecharunt|53/100
|
|t:|1743890642
|switch|p1a: Ting-Lu|Ting-Lu|100/100|[from] U-turn
|-ability|p1a: Ting-Lu|Vessel of Ruin
|move|p2a: Pecharunt|Recover|p2a: Pecharunt
|-heal|p2a: Pecharunt|100/100
|
|upkeep
|turn|3
|
|t:|1743890645
|move|p2a: Pecharunt|Malignant Chain|p1a: Ting-Lu
|-resisted|p1a: Ting-Lu
|-damage|p1a: Ting-Lu|94/100
|move|p1a: Ting-Lu|Stealth Rock|p2a: Pecharunt
|-sidestart|p2: AStupidAsian|move: Stealth Rock
|
|-heal|p1a: Ting-Lu|99/100|[from] item: Leftovers
|upkeep
|turn|4
|
|t:|1743890649
|move|p2a: Pecharunt|Malignant Chain|p1a: Ting-Lu
|-resisted|p1a: Ting-Lu
|-damage|p1a: Ting-Lu|93/100
|-status|p1a: Ting-Lu|tox
|-start|p1a: Ting-Lu|confusion|[from] ability: Poison Puppeteer|[of] p2a: Pecharunt
|-activate|p1a: Ting-Lu|confusion
|move|p1a: Ting-Lu|Earthquake|p2a: Pecharunt
|-supereffective|p2a: Pecharunt
|-damage|p2a: Pecharunt|56/100
|
|-heal|p1a: Ting-Lu|99/100 tox|[from] item: Leftovers
|-damage|p1a: Ting-Lu|93/100 tox|[from] psn
|upkeep
|turn|5
|
|t:|1743890653
|move|p2a: Pecharunt|Parting Shot|p1a: Ting-Lu
|-unboost|p1a: Ting-Lu|atk|1
|-unboost|p1a: Ting-Lu|spa|1
|
|t:|1743890656
|switch|p2a: Great Tusk|Great Tusk|100/100|[from] Parting Shot
|-damage|p2a: Great Tusk|98/100|[from] Stealth Rock
|-activate|p1a: Ting-Lu|confusion
|-damage|p1a: Ting-Lu|90/100 tox|[from] confusion
|
|-heal|p1a: Ting-Lu|96/100 tox|[from] item: Leftovers
|-damage|p1a: Ting-Lu|83/100 tox|[from] psn
|upkeep
|turn|6
|
|t:|1743890664
|switch|p1a: Alomomola|Alomomola, M|100/100
|move|p2a: Great Tusk|Stealth Rock|p1a: Alomomola
|-sidestart|p1: Dr. Drake6782|move: Stealth Rock
|
|upkeep
|turn|7
|
|t:|1743890669
|move|p2a: Great Tusk|Rapid Spin|p1a: Alomomola
|-damage|p1a: Alomomola|91/100
|-boost|p2a: Great Tusk|spe|1
|-sideend|p2: AStupidAsian|Stealth Rock|[from] move: Rapid Spin|[of] p2a: Great Tusk
|move|p1a: Alomomola|Tickle|p2a: Great Tusk
|-unboost|p2a: Great Tusk|atk|1
|-unboost|p2a: Great Tusk|def|1
|
|upkeep
|turn|8
|
|t:|1743890676
|-end|p2a: Great Tusk|Protosynthesis|[silent]
|switch|p2a: Darkrai|Darkrai|100/100
|move|p1a: Alomomola|Flip Turn|p2a: Darkrai
|-damage|p2a: Darkrai|79/100
|
|t:|1743890695
|switch|p1a: Ogerpon|Ogerpon-Wellspring, F|100/100|[from] Flip Turn
|-damage|p1a: Ogerpon|88/100|[from] Stealth Rock
|
|upkeep
|turn|9
|
|t:|1743890701
|-terastallize|p1a: Ogerpon|Water
|detailschange|p1a: Ogerpon|Ogerpon-Wellspring-Tera, F, tera:Water
|-ability|p1a: Ogerpon|Embody Aspect (Wellspring)|boost
|-boost|p1a: Ogerpon|spd|1
|move|p2a: Darkrai|Sludge Bomb|p1a: Ogerpon
|-damage|p1a: Ogerpon|64/100
|move|p1a: Ogerpon|Ivy Cudgel|p2a: Darkrai|[anim] Ivy Cudgel Water
|-damage|p2a: Darkrai|0 fnt
|faint|p2a: Darkrai
|
|upkeep
|
|t:|1743890710
|switch|p2a: Keldeo|Keldeo|100/100
|turn|10
|
|t:|1743890715
|move|p1a: Ogerpon|Knock Off|p2a: Keldeo
|-resisted|p2a: Keldeo
|-damage|p2a: Keldeo|79/100
|-ability|p2a: Keldeo|Justified|boost
|-boost|p2a: Keldeo|atk|1
|-enditem|p2a: Keldeo|Heavy-Duty Boots|[from] move: Knock Off|[of] p1a: Ogerpon
|move|p2a: Keldeo|Aura Sphere|p1a: Ogerpon
|-damage|p1a: Ogerpon|30/100
|
|upkeep
|turn|11
|
|t:|1743890724
|move|p1a: Ogerpon|U-turn|p2a: Keldeo
|-resisted|p2a: Keldeo
|-damage|p2a: Keldeo|64/100
|
|t:|1743890738
|switch|p1a: Weezing|Weezing-Galar, M, shiny|100/100|[from] U-turn
|-ability|p1a: Weezing|Neutralizing Gas
|move|p2a: Keldeo|Aura Sphere|p1a: Weezing
|-resisted|p1a: Weezing
|-crit|p1a: Weezing
|-damage|p1a: Weezing|79/100
|
|upkeep
|turn|12
|
|t:|1743890745
|move|p2a: Keldeo|Flip Turn|p1a: Weezing
|-damage|p1a: Weezing|65/100
|
|t:|1743890747
|switch|p2a: Scizor|Scizor, M|100/100|[from] Flip Turn
|move|p1a: Weezing|Defog|p2a: Scizor
|-unboost|p2a: Scizor|evasion|1
|-sideend|p1: Dr. Drake6782|Stealth Rock|[from] move: Defog|[of] p1a: Weezing
|
|upkeep
|turn|13
|
|t:|1743890756
|-end|p1a: Weezing|ability: Neutralizing Gas
|switch|p1a: Alomomola|Alomomola, M|100/100
|move|p2a: Scizor|U-turn|p1a: Alomomola
|-damage|p1a: Alomomola|66/100
|
|t:|1743890764
|switch|p2a: Keldeo|Keldeo|64/100|[from] U-turn
|
|upkeep
|turn|14
|
|t:|1743890768
|move|p2a: Keldeo|Aura Sphere|p1a: Alomomola
|-damage|p1a: Alomomola|31/100
|move|p1a: Alomomola|Flip Turn|p2a: Keldeo
|-resisted|p2a: Keldeo
|-damage|p2a: Keldeo|55/100
|
|t:|1743890774
|switch|p1a: Kyurem|Kyurem, shiny|100/100|[from] Flip Turn
|-ability|p1a: Kyurem|Pressure
|
|upkeep
|turn|15
|
|t:|1743890783
|move|p1a: Kyurem|Freeze-Dry|p2a: Keldeo
|-supereffective|p2a: Keldeo
|-damage|p2a: Keldeo|0 fnt
|faint|p2a: Keldeo
|
|upkeep
|
|t:|1743890787
|switch|p2a: Moltres|Moltres-Galar|100/100
|turn|16
|inactive|Dr. Drake6782 has 120 seconds left.
|
|t:|1743890823
|-terastallize|p2a: Moltres|Fairy
|move|p1a: Kyurem|Freeze-Dry|p2a: Moltres
|-damage|p2a: Moltres|70/100
|move|p2a: Moltres|Agility|p2a: Moltres
|-boost|p2a: Moltres|spe|2
|
|upkeep
|turn|17
|
|t:|1743890827
|switch|p1a: Ting-Lu|Ting-Lu|83/100 tox
|-ability|p1a: Ting-Lu|Vessel of Ruin
|move|p2a: Moltres|Nasty Plot|p2a: Moltres
|-boost|p2a: Moltres|spa|2
|
|-heal|p1a: Ting-Lu|90/100 tox|[from] item: Leftovers
|-damage|p1a: Ting-Lu|83/100 tox|[from] psn
|upkeep
|turn|18
|
|t:|1743890830
|move|p2a: Moltres|Tera Blast|p1a: Ting-Lu|[anim] Tera Blast Fairy
|-supereffective|p1a: Ting-Lu
|-damage|p1a: Ting-Lu|20/100 tox
|move|p1a: Ting-Lu|Whirlwind|p2a: Moltres
|drag|p2a: Scizor|Scizor, M|100/100
|
|-heal|p1a: Ting-Lu|27/100 tox|[from] item: Leftovers
|-damage|p1a: Ting-Lu|14/100 tox|[from] psn
|upkeep
|turn|19
|
|t:|1743890835
|move|p2a: Scizor|U-turn|p1a: Ting-Lu
|-supereffective|p1a: Ting-Lu
|-damage|p1a: Ting-Lu|0 fnt
|faint|p1a: Ting-Lu
|
|t:|1743890840
|switch|p2a: Pecharunt|Pecharunt|56/100|[from] U-turn
|
|upkeep
|
|t:|1743890847
|switch|p1a: Garganacl|Garganacl, M, shiny|100/100
|turn|20
|
|t:|1743890851
|move|p2a: Pecharunt|Parting Shot|p1a: Garganacl
|-unboost|p1a: Garganacl|atk|1
|-unboost|p1a: Garganacl|spa|1
|
|t:|1743890852
|switch|p2a: Great Tusk|Great Tusk|98/100|[from] Parting Shot
|move|p1a: Garganacl|Salt Cure|p2a: Great Tusk
|-resisted|p2a: Great Tusk
|-damage|p2a: Great Tusk|96/100
|-start|p2a: Great Tusk|Salt Cure
|
|-damage|p2a: Great Tusk|84/100|[from] Salt Cure
|upkeep
|turn|21
|
|t:|1743890860
|switch|p1a: Alomomola|Alomomola, M|64/100
|move|p2a: Great Tusk|Headlong Rush|p1a: Alomomola
|-damage|p1a: Alomomola|32/100
|-unboost|p2a: Great Tusk|def|1
|-unboost|p2a: Great Tusk|spd|1
|
|-damage|p2a: Great Tusk|71/100|[from] Salt Cure
|upkeep
|turn|22
|
|t:|1743890867
|switch|p1a: Weezing|Weezing-Galar, M, shiny|65/100
|-ability|p1a: Weezing|Neutralizing Gas
|move|p2a: Great Tusk|Headlong Rush|p1a: Weezing
|-supereffective|p1a: Weezing
|-damage|p1a: Weezing|0 fnt
|-unboost|p2a: Great Tusk|def|1
|-unboost|p2a: Great Tusk|spd|1
|faint|p1a: Weezing
|-end|p1a: Weezing|ability: Neutralizing Gas
|
|-damage|p2a: Great Tusk|59/100|[from] Salt Cure
|upkeep
|
|t:|1743890869
|switch|p1a: Alomomola|Alomomola, M|65/100
|turn|23
|
|t:|1743890873
|-end|p2a: Great Tusk|Protosynthesis|[silent]
|switch|p2a: Scizor|Scizor, M|100/100
|move|p1a: Alomomola|Wish|p1a: Alomomola
|
|upkeep
|turn|24
|
|t:|1743890877
|move|p2a: Scizor|U-turn|p1a: Alomomola
|-damage|p1a: Alomomola|28/100
|
|t:|1743890880
|switch|p2a: Pecharunt|Pecharunt|56/100|[from] U-turn
|move|p1a: Alomomola|Flip Turn|p2a: Pecharunt
|-damage|p2a: Pecharunt|45/100
|
|t:|1743890882
|switch|p1a: Ogerpon|Ogerpon-Wellspring-Tera, F, tera:Water|30/100|[from] Flip Turn
|-ability|p1a: Ogerpon|Embody Aspect (Wellspring)|boost
|-boost|p1a: Ogerpon|spd|1
|
|-heal|p1a: Ogerpon|100/100|[from] move: Wish|[wisher] Alomomola
|upkeep
|turn|25
|
|t:|1743890886
|move|p1a: Ogerpon|Ivy Cudgel|p2a: Pecharunt|[anim] Ivy Cudgel Water
|-damage|p2a: Pecharunt|0 fnt
|faint|p2a: Pecharunt
|
|upkeep
|
|t:|1743890889
|switch|p2a: Scizor|Scizor, M|100/100
|turn|26
|
|t:|1743890899
|move|p1a: Ogerpon|Knock Off|p2a: Scizor
|-damage|p2a: Scizor|60/100
|-enditem|p2a: Scizor|Choice Band|[from] move: Knock Off|[of] p1a: Ogerpon
|move|p2a: Scizor|Close Combat|p1a: Ogerpon
|-damage|p1a: Ogerpon|43/100
|-unboost|p2a: Scizor|def|1
|-unboost|p2a: Scizor|spd|1
|
|upkeep
|turn|27
|
|t:|1743890909
|switch|p1a: Alomomola|Alomomola, M|61/100
|move|p2a: Scizor|Bullet Punch|p1a: Alomomola
|-resisted|p1a: Alomomola
|-damage|p1a: Alomomola|51/100
|
|upkeep
|turn|28
|
|t:|1743890912
|move|p2a: Scizor|Close Combat|p1a: Alomomola
|-damage|p1a: Alomomola|26/100
|-unboost|p2a: Scizor|def|1
|-unboost|p2a: Scizor|spd|1
|move|p1a: Alomomola|Wish|p1a: Alomomola
|
|upkeep
|turn|29
|
|t:|1743890916
|move|p1a: Alomomola|Protect|p1a: Alomomola
|-singleturn|p1a: Alomomola|Protect
|move|p2a: Scizor|Close Combat|p1a: Alomomola
|-activate|p1a: Alomomola|move: Protect
|
|-heal|p1a: Alomomola|76/100|[from] move: Wish|[wisher] Alomomola
|upkeep
|turn|30
|
|t:|1743890918
|move|p2a: Scizor|U-turn|p1a: Alomomola
|-damage|p1a: Alomomola|53/100
|
|t:|1743890921
|switch|p2a: Moltres|Moltres-Galar, tera:Fairy|70/100|[from] U-turn
|move|p1a: Alomomola|Wish|p1a: Alomomola
|
|upkeep
|turn|31
|
|t:|1743890928
|move|p2a: Moltres|Nasty Plot|p2a: Moltres
|-boost|p2a: Moltres|spa|2
|move|p1a: Alomomola|Flip Turn|p2a: Moltres
|-damage|p2a: Moltres|52/100
|
|t:|1743890931
|switch|p1a: Ogerpon|Ogerpon-Wellspring-Tera, F, tera:Water|43/100|[from] Flip Turn
|-ability|p1a: Ogerpon|Embody Aspect (Wellspring)|boost
|-boost|p1a: Ogerpon|spd|1
|
|-heal|p1a: Ogerpon|100/100|[from] move: Wish|[wisher] Alomomola
|upkeep
|turn|32
|
|t:|1743890936
|move|p1a: Ogerpon|Ivy Cudgel|p2a: Moltres|[anim] Ivy Cudgel Water
|-damage|p2a: Moltres|0 fnt
|faint|p2a: Moltres
|
|upkeep
|-message|AStupidAsian forfeited.
|
|win|Dr. Drake6782
|raw|Dr. Drake6782's rating: 1252 &rarr; <strong>1278</strong><br />(+26 for winning)
|raw|AStupidAsian's rating: 1268 &rarr; <strong>1242</strong><br />(-26 for losing)
|l|☆AStupidAsian
|player|p2|
