|j|☆uniandes5
|j|☆RenegadeArtUtube
|t:|1743792778
|gametype|singles
|player|p1|uniandes5|169|1480
|player|p2|RenegadeArtUtube|gambler|1561
|teamsize|p1|6
|teamsize|p2|6
|gen|9
|tier|[Gen 9] OU
|rated|
|rule|HP Percentage Mod: HP is shown in percentages
|rule|Endless Battle Clause: Forcing endless battles is banned
|rule|Species Clause: Limit one of each Pokémon
|rule|OHKO Clause: OHKO moves are banned
|rule|Evasion Items Clause: Evasion items are banned
|rule|Evasion Moves Clause: Evasion moves are banned
|rule|Sleep Moves Clause: Sleep-inducing moves are banned
|clearpoke
|poke|p1|Torkoal, M|
|poke|p1|Hatterene, F|
|poke|p1|Walking Wake|
|poke|p1|Great Tusk|
|poke|p1|Charizard, M|
|poke|p1|Latias, F|
|poke|p2|Blaziken, M|
|poke|p2|Ninetales-Alola, F|
|poke|p2|Polteageist-Antique|
|poke|p2|Hatterene, F|
|poke|p2|Raging Bolt|
|poke|p2|Landorus-Therian, M|
|teampreview
|inactive|Battle timer is ON: inactive players will automatically lose when time's up. (requested by RenegadeArtUtube)
|inactive|RenegadeArtUtube has 120 seconds left.
|
|t:|1743792817
|start
|switch|p1a: StallMelter9000|Charizard, M|100/100
|switch|p2a: Hatterene|Hatterene, F, shiny|100/100
|turn|1
|
|t:|1743792841
|move|p1a: StallMelter9000|Overheat|p2a: Hatterene
|-damage|p2a: Hatterene|2/100
|-unboost|p1a: StallMelter9000|spa|2
|move|p2a: Hatterene|Future Sight|p1a: StallMelter9000
|-start|p2a: Hatterene|move: Future Sight
|
|upkeep
|turn|2
|j| tiktoko
|
|t:|1743792850
|switch|p2a: Raging Bolt|Raging Bolt|100/100
|-enditem|p2a: Raging Bolt|Booster Energy
|-activate|p2a: Raging Bolt|ability: Protosynthesis|[fromitem]
|-start|p2a: Raging Bolt|protosynthesisspa
|move|p1a: StallMelter9000|Overheat|p2a: Raging Bolt
|-resisted|p2a: Raging Bolt
|-damage|p2a: Raging Bolt|82/100
|-unboost|p1a: StallMelter9000|spa|2
|
|upkeep
|turn|3
|
|t:|1743792864
|switch|p1a: Hatterene|Hatterene, F|100/100
|move|p2a: Raging Bolt|Dragon Breath|p1a: Hatterene
|-immune|p1a: Hatterene
|
|-end|p1a: Hatterene|move: Future Sight
|-resisted|p1a: Hatterene
|-damage|p1a: Hatterene|70/100
|upkeep
|turn|4
|inactive|RenegadeArtUtube has 120 seconds left.
|
|t:|1743792905
|switch|p1a: Great Tusk|Great Tusk|100/100
|-terastallize|p2a: Raging Bolt|Fairy
|move|p2a: Raging Bolt|Discharge|p1a: Great Tusk
|-immune|p1a: Great Tusk
|
|upkeep
|turn|5
|
|t:|1743792914
|move|p1a: Great Tusk|Headlong Rush|p2a: Raging Bolt
|-damage|p2a: Raging Bolt|24/100
|-unboost|p1a: Great Tusk|def|1
|-unboost|p1a: Great Tusk|spd|1
|-enditem|p1a: Great Tusk|Eject Pack
|
|t:|1743792919
|-end|p1a: Great Tusk|Protosynthesis|[silent]
|switch|p1a: Hatterene|Hatterene, F|70/100
|move|p2a: Raging Bolt|Dragon Breath|p1a: Hatterene
|-immune|p1a: Hatterene
|
|upkeep
|turn|6
|inactive|RenegadeArtUtube has 120 seconds left.
|
|t:|1743792931
|move|p2a: Raging Bolt|Weather Ball|p1a: Hatterene
|-damage|p1a: Hatterene|41/100
|-enditem|p1a: Hatterene|Eject Button
|
|t:|1743792947
|switch|p1a: Walking Wake|Walking Wake|100/100
|
|upkeep
|turn|7
|
|t:|1743792953
|move|p2a: Raging Bolt|Thunderclap|p1a: Walking Wake
|-damage|p1a: Walking Wake|41/100
|move|p1a: Walking Wake|Flamethrower|p2a: Raging Bolt
|-damage|p2a: Raging Bolt|0 fnt
|faint|p2a: Raging Bolt
|-end|p2a: Raging Bolt|Protosynthesis|[silent]
|
|upkeep
|inactive|RenegadeArtUtube has 120 seconds left.
|
|t:|1743792988
|switch|p2a: Blaziken|Blaziken, M, shiny|100/100
|turn|8
|
|t:|1743792994
|-end|p1a: Walking Wake|Protosynthesis|[silent]
|switch|p1a: Torkoal|Torkoal, M|100/100
|-weather|SunnyDay|[from] ability: Drought|[of] p1a: Torkoal
|move|p2a: Blaziken|Swords Dance|p2a: Blaziken
|-boost|p2a: Blaziken|atk|2
|
|-weather|SunnyDay|[upkeep]
|-ability|p2a: Blaziken|Speed Boost|boost
|-boost|p2a: Blaziken|spe|1
|upkeep
|turn|9
|
|t:|1743793007
|move|p2a: Blaziken|Knock Off|p1a: Torkoal
|-damage|p1a: Torkoal|66/100
|-enditem|p1a: Torkoal|Heat Rock|[from] move: Knock Off|[of] p2a: Blaziken
|move|p1a: Torkoal|Clear Smog|p2a: Blaziken
|-damage|p2a: Blaziken|84/100
|-clearboost|p2a: Blaziken
|
|-weather|SunnyDay|[upkeep]
|-ability|p2a: Blaziken|Speed Boost|boost
|-boost|p2a: Blaziken|spe|1
|upkeep
|turn|10
|
|t:|1743793021
|move|p2a: Blaziken|Swords Dance|p2a: Blaziken
|-boost|p2a: Blaziken|atk|2
|move|p1a: Torkoal|Clear Smog|p2a: Blaziken
|-damage|p2a: Blaziken|69/100
|-clearboost|p2a: Blaziken
|
|-weather|SunnyDay|[upkeep]
|-ability|p2a: Blaziken|Speed Boost|boost
|-boost|p2a: Blaziken|spe|1
|upkeep
|turn|11
|
|t:|1743793032
|move|p2a: Blaziken|Close Combat|p1a: Torkoal
|-damage|p1a: Torkoal|32/100
|-unboost|p2a: Blaziken|def|1
|-unboost|p2a: Blaziken|spd|1
|move|p1a: Torkoal|Clear Smog|p2a: Blaziken
|-damage|p2a: Blaziken|48/100
|-clearboost|p2a: Blaziken
|
|-weather|SunnyDay|[upkeep]
|-ability|p2a: Blaziken|Speed Boost|boost
|-boost|p2a: Blaziken|spe|1
|upkeep
|turn|12
|
|t:|1743793045
|switch|p2a: Ninetales|Ninetales-Alola, F|100/100
|-weather|Snowscape|[from] ability: Snow Warning|[of] p2a: Ninetales
|move|p1a: Torkoal|Clear Smog|p2a: Ninetales
|-supereffective|p2a: Ninetales
|-damage|p2a: Ninetales|82/100
|-clearboost|p2a: Ninetales
|
|-weather|Snowscape|[upkeep]
|upkeep
|turn|13
|
|t:|1743793056
|switch|p1a: StallMelter9000|Charizard, M|100/100
|move|p2a: Ninetales|Aurora Veil|p2a: Ninetales
|-sidestart|p2: RenegadeArtUtube|move: Aurora Veil
|
|-weather|Snowscape|[upkeep]
|upkeep
|turn|14
|
|t:|1743793069
|switch|p2a: Hatterene|Hatterene, F, shiny|2/100
|move|p1a: StallMelter9000|Overheat|p2a: Hatterene
|-damage|p2a: Hatterene|0 fnt
|-unboost|p1a: StallMelter9000|spa|2
|faint|p2a: Hatterene
|
|-weather|Snowscape|[upkeep]
|upkeep
|
|t:|1743793084
|switch|p2a: Polteageist|Polteageist-Antique|100/100
|turn|15
|
|t:|1743793089
|move|p1a: StallMelter9000|Overheat|p2a: Polteageist
|-damage|p2a: Polteageist|78/100
|-unboost|p1a: StallMelter9000|spa|2
|move|p2a: Polteageist|Shell Smash|p2a: Polteageist
|-unboost|p2a: Polteageist|def|1
|-unboost|p2a: Polteageist|spd|1
|-boost|p2a: Polteageist|atk|2
|-boost|p2a: Polteageist|spa|2
|-boost|p2a: Polteageist|spe|2
|-enditem|p2a: Polteageist|White Herb
|-clearnegativeboost|p2a: Polteageist|[silent]
|
|-weather|Snowscape|[upkeep]
|upkeep
|turn|16
|
|t:|1743793105
|switch|p1a: Torkoal|Torkoal, M|32/100
|-weather|SunnyDay|[from] ability: Drought|[of] p1a: Torkoal
|move|p2a: Polteageist|Shadow Ball|p1a: Torkoal
|-damage|p1a: Torkoal|0 fnt
|faint|p1a: Torkoal
|
|-weather|SunnyDay|[upkeep]
|upkeep
|
|t:|1743793118
|switch|p1a: Hatterene|Hatterene, F|41/100
|turn|17
|
|t:|1743793123
|-terastallize|p1a: Hatterene|Dark
|move|p2a: Polteageist|Shadow Ball|p1a: Hatterene
|-resisted|p1a: Hatterene
|-damage|p1a: Hatterene|0 fnt
|faint|p1a: Hatterene
|
|-weather|SunnyDay|[upkeep]
|upkeep
|-message|uniandes5 forfeited.
|
|win|RenegadeArtUtube
|raw|uniandes5's rating: 1480 &rarr; <strong>1465</strong><br />(-15 for losing)
|raw|RenegadeArtUtube's rating: 1561 &rarr; <strong>1576</strong><br />(+15 for winning)
|l|☆uniandes5
|player|p1|
|l|☆RenegadeArtUtube
|player|p2|
|l| tiktoko
