|j|☆Former Pro
|j|☆AxisPS
|t:|1743816965
|gametype|singles
|player|p1|Former Pro|steven|
|player|p2|AxisPS|102|
|teamsize|p1|6
|teamsize|p2|6
|gen|9
|tier|[Gen 9] OU
|rule|HP Percentage Mod: HP is shown in percentages
|rule|Endless Battle Clause: Forcing endless battles is banned
|rule|Species Clause: Limit one of each Pokémon
|rule|OHKO Clause: OHKO moves are banned
|rule|Evasion Items Clause: Evasion items are banned
|rule|Evasion Moves Clause: Evasion moves are banned
|rule|Sleep Moves Clause: Sleep-inducing moves are banned
|clearpoke
|poke|p1|Comfey, F|
|poke|p1|Whimsicott, F|
|poke|p1|Iron Moth|
|poke|p1|Walking Wake|
|poke|p1|Great Tusk|
|poke|p1|Ninetales, F|
|poke|p2|Garganacl, M|
|poke|p2|Weezing-Galar, F|
|poke|p2|Corviknight, M|
|poke|p2|Dragapult, M|
|poke|p2|Slowking-Galar, M|
|poke|p2|Samurott-Hisui, F|
|teampreview
|c|☆Former Pro|glhf
|c|☆Former Pro|diabolical team
|c|☆AxisPS|glhf
|c|☆AxisPS|we'll see if I remember how to play it
|c|☆Former Pro|just gonna pull up the battle music
|j| evouwow
|
|t:|1743817017
|start
|switch|p1a: Ninetales|Ninetales, F|100/100
|switch|p2a: Dr. Garg|Garganacl, M|100/100
|-weather|SunnyDay|[from] ability: Drought|[of] p1a: Ninetales
|turn|1
|
|t:|1743817041
|switch|p1a: Great Tusk|Great Tusk|100/100
|-activate|p1a: Great Tusk|ability: Protosynthesis
|-start|p1a: Great Tusk|protosynthesisspe
|move|p2a: Dr. Garg|Salt Cure|p1a: Great Tusk
|-resisted|p1a: Great Tusk
|-damage|p1a: Great Tusk|98/100
|-start|p1a: Great Tusk|Salt Cure
|
|-weather|SunnyDay|[upkeep]
|-damage|p1a: Great Tusk|86/100|[from] Salt Cure
|upkeep
|turn|2
|
|t:|1743817056
|-end|p1a: Great Tusk|Protosynthesis|[silent]
|switch|p1a: Iron Moth|Iron Moth|100/100
|-enditem|p1a: Iron Moth|Booster Energy
|-activate|p1a: Iron Moth|ability: Quark Drive|[fromitem]
|-start|p1a: Iron Moth|quarkdrivespa
|move|p2a: Dr. Garg|Protect||[still]
|-fail|p2a: Dr. Garg
|
|-weather|SunnyDay|[upkeep]
|upkeep
|turn|3
|
|t:|1743817083
|-end|p1a: Iron Moth|Quark Drive|[silent]
|switch|p1a: Great Tusk|Great Tusk|86/100
|-activate|p1a: Great Tusk|ability: Protosynthesis
|-start|p1a: Great Tusk|protosynthesisspe
|move|p2a: Dr. Garg|Protect||[still]
|-fail|p2a: Dr. Garg
|
|-weather|SunnyDay|[upkeep]
|upkeep
|turn|4
|
|t:|1743817110
|move|p2a: Dr. Garg|Protect|p2a: Dr. Garg
|-singleturn|p2a: Dr. Garg|Protect
|move|p1a: Great Tusk|Stealth Rock|p2a: Dr. Garg
|-sidestart|p2: AxisPS|move: Stealth Rock
|
|-weather|SunnyDay|[upkeep]
|upkeep
|turn|5
|
|t:|1743817163
|-end|p1a: Great Tusk|Protosynthesis|[silent]
|switch|p1a: popcorn|Whimsicott, F|100/100
|-terastallize|p2a: Dr. Garg|Fairy
|move|p2a: Dr. Garg|Stealth Rock|p1a: popcorn
|-sidestart|p1: Former Pro|move: Stealth Rock
|
|-weather|SunnyDay|[upkeep]
|upkeep
|turn|6
|
|t:|1743817181
|switch|p2a: Trudeau-king|Slowking-Galar, M|100/100
|-damage|p2a: Trudeau-king|88/100|[from] Stealth Rock
|move|p1a: popcorn|Growth|p1a: popcorn
|-boost|p1a: popcorn|atk|2
|-boost|p1a: popcorn|spa|2
|
|-weather|SunnyDay|[upkeep]
|upkeep
|turn|7
|
|t:|1743817193
|-terastallize|p1a: popcorn|Ghost
|move|p1a: popcorn|Shadow Ball|p2a: Trudeau-king
|-supereffective|p2a: Trudeau-king
|-damage|p2a: Trudeau-king|23/100
|-damage|p1a: popcorn|91/100|[from] item: Life Orb
|move|p2a: Trudeau-king|Sludge Bomb|p1a: popcorn
|-resisted|p1a: popcorn
|-damage|p1a: popcorn|64/100
|-status|p1a: popcorn|psn
|
|-weather|SunnyDay|[upkeep]
|-damage|p1a: popcorn|52/100 psn|[from] psn
|upkeep
|turn|8
|
|t:|1743817225
|switch|p2a: Plague Doctor|Corviknight, M|100/100
|-damage|p2a: Plague Doctor|88/100|[from] Stealth Rock
|-ability|p2a: Plague Doctor|Pressure
|move|p1a: popcorn|Shadow Ball|p2a: Plague Doctor
|-damage|p2a: Plague Doctor|10/100
|-unboost|p2a: Plague Doctor|spd|1
|-damage|p1a: popcorn|42/100 psn|[from] item: Life Orb
|
|-weather|none
|-damage|p1a: popcorn|30/100 psn|[from] psn
|upkeep
|turn|9
|
|t:|1743817248
|move|p1a: popcorn|Giga Drain|p2a: Plague Doctor
|-resisted|p2a: Plague Doctor
|-damage|p2a: Plague Doctor|0 fnt
|-heal|p1a: popcorn|36/100 psn|[from] drain|[of] p2a: Plague Doctor
|faint|p2a: Plague Doctor
|-damage|p1a: popcorn|26/100 psn|[from] item: Life Orb
|
|-damage|p1a: popcorn|14/100 psn|[from] psn
|upkeep
|
|t:|1743817268
|switch|p2a: Specialist|Dragapult, M|100/100
|turn|10
|
|t:|1743817275
|switch|p1a: Ninetales|Ninetales, F|100/100
|-damage|p1a: Ninetales|76/100|[from] Stealth Rock
|-weather|SunnyDay|[from] ability: Drought|[of] p1a: Ninetales
|move|p2a: Specialist|U-turn|p1a: Ninetales
|-resisted|p1a: Ninetales
|-damage|p1a: Ninetales|62/100
|
|t:|1743817300
|switch|p2a: Trudeau-king|Slowking-Galar, M|56/100|[from] U-turn
|-damage|p2a: Trudeau-king|44/100|[from] Stealth Rock
|
|-weather|SunnyDay|[upkeep]
|upkeep
|turn|11
|
|t:|1743817340
|switch|p1a: Great Tusk|Great Tusk|86/100
|-damage|p1a: Great Tusk|83/100|[from] Stealth Rock
|-activate|p1a: Great Tusk|ability: Protosynthesis
|-start|p1a: Great Tusk|protosynthesisspe
|move|p2a: Trudeau-king|Future Sight|p1a: Great Tusk
|-start|p2a: Trudeau-king|move: Future Sight
|
|-weather|SunnyDay|[upkeep]
|upkeep
|turn|12
|
|t:|1743817352
|switch|p2a: Specialist|Dragapult, M|100/100
|move|p1a: Great Tusk|Headlong Rush|p2a: Specialist
|-damage|p2a: Specialist|34/100
|-unboost|p1a: Great Tusk|def|1
|-unboost|p1a: Great Tusk|spd|1
|
|-weather|SunnyDay|[upkeep]
|upkeep
|turn|13
|
|t:|1743817403
|-end|p1a: Great Tusk|Protosynthesis|[silent]
|switch|p1a: flowa|Comfey, F|100/100
|-damage|p1a: flowa|88/100|[from] Stealth Rock
|move|p2a: Specialist|U-turn|p1a: flowa
|-resisted|p1a: flowa
|-damage|p1a: flowa|74/100
|
|t:|1743817413
|switch|p2a: Trudeau-king|Slowking-Galar, M|77/100|[from] U-turn
|-damage|p2a: Trudeau-king|64/100|[from] Stealth Rock
|
|-weather|SunnyDay|[upkeep]
|-end|p1a: flowa|move: Future Sight
|-damage|p1a: flowa|24/100
|upkeep
|turn|14
|
|t:|1743817430
|switch|p1a: Walking Wake|Walking Wake|100/100
|-damage|p1a: Walking Wake|88/100|[from] Stealth Rock
|-activate|p1a: Walking Wake|ability: Protosynthesis
|-start|p1a: Walking Wake|protosynthesisspe
|move|p2a: Trudeau-king|Sludge Bomb|p1a: Walking Wake
|-damage|p1a: Walking Wake|64/100
|
|-weather|SunnyDay|[upkeep]
|upkeep
|turn|15
|
|t:|1743817446
|move|p1a: Walking Wake|Knock Off|p2a: Trudeau-king
|-supereffective|p2a: Trudeau-king
|-damage|p2a: Trudeau-king|30/100
|-enditem|p2a: Trudeau-king|Assault Vest|[from] move: Knock Off|[of] p1a: Walking Wake
|move|p2a: Trudeau-king|Future Sight|p1a: Walking Wake
|-start|p2a: Trudeau-king|move: Future Sight
|
|-weather|SunnyDay|[upkeep]
|upkeep
|turn|16
|
|t:|1743817462
|move|p1a: Walking Wake|Hydro Steam|p2a: Trudeau-king
|-damage|p2a: Trudeau-king|0 fnt
|faint|p2a: Trudeau-king
|
|-weather|SunnyDay|[upkeep]
|upkeep
|
|t:|1743817483
|switch|p2a: Acupuncturist|Samurott-Hisui, F|100/100
|-damage|p2a: Acupuncturist|88/100|[from] Stealth Rock
|turn|17
|
|t:|1743817502
|move|p1a: Walking Wake|Draco Meteor|p2a: Acupuncturist
|-damage|p2a: Acupuncturist|2/100
|-unboost|p1a: Walking Wake|spa|2
|move|p2a: Acupuncturist|Ceaseless Edge|p1a: Walking Wake
|-damage|p1a: Walking Wake|23/100
|-sidestart|p1: Former Pro|Spikes
|
|-weather|none
|-end|p1a: Walking Wake|Protosynthesis
|-end|p1a: Walking Wake|move: Future Sight
|-damage|p1a: Walking Wake|0 fnt
|faint|p1a: Walking Wake
|-end|p1a: Walking Wake|Protosynthesis|[silent]
|upkeep
|
|t:|1743817545
|switch|p1a: Great Tusk|Great Tusk|83/100
|-damage|p1a: Great Tusk|80/100|[from] Stealth Rock
|-damage|p1a: Great Tusk|67/100|[from] Spikes
|turn|18
|
|t:|1743817581
|switch|p2a: Dr. Garg|Garganacl, M, tera:Fairy|100/100
|-damage|p2a: Dr. Garg|88/100|[from] Stealth Rock
|move|p1a: Great Tusk|Rapid Spin|p2a: Dr. Garg
|-damage|p2a: Dr. Garg|78/100
|-boost|p1a: Great Tusk|spe|1
|-sideend|p1: Former Pro|Spikes|[from] move: Rapid Spin|[of] p1a: Great Tusk
|-sideend|p1: Former Pro|Stealth Rock|[from] move: Rapid Spin|[of] p1a: Great Tusk
|
|-heal|p2a: Dr. Garg|84/100|[from] item: Leftovers
|upkeep
|turn|19
|
|t:|1743817597
|-end|p1a: Great Tusk|Protosynthesis|[silent]
|switch|p1a: Ninetales|Ninetales, F|62/100
|-weather|SunnyDay|[from] ability: Drought|[of] p1a: Ninetales
|move|p2a: Dr. Garg|Salt Cure|p1a: Ninetales
|-supereffective|p1a: Ninetales
|-damage|p1a: Ninetales|25/100
|-start|p1a: Ninetales|Salt Cure
|
|-weather|SunnyDay|[upkeep]
|-heal|p2a: Dr. Garg|90/100|[from] item: Leftovers
|-damage|p1a: Ninetales|12/100|[from] Salt Cure
|upkeep
|turn|20
|
|t:|1743817634
|move|p1a: Ninetales|Healing Wish|p1a: Ninetales
|faint|p1a: Ninetales
|move|p2a: Dr. Garg|Stealth Rock|p1: Ninetales
|-sidestart|p1: Former Pro|move: Stealth Rock
|
|-weather|SunnyDay|[upkeep]
|-heal|p2a: Dr. Garg|97/100|[from] item: Leftovers
|upkeep
|
|t:|1743817637
|switch|p1a: popcorn|Whimsicott, F, tera:Ghost|14/100 psn
|-heal|p1a: popcorn|100/100|[from] move: Healing Wish
|-damage|p1a: popcorn|88/100|[from] Stealth Rock
|turn|21
|
|t:|1743817646
|move|p1a: popcorn|Growth|p1a: popcorn
|-boost|p1a: popcorn|atk|2
|-boost|p1a: popcorn|spa|2
|move|p2a: Dr. Garg|Salt Cure|p1a: popcorn
|-damage|p1a: popcorn|70/100
|-start|p1a: popcorn|Salt Cure
|
|-weather|SunnyDay|[upkeep]
|-heal|p2a: Dr. Garg|100/100|[from] item: Leftovers
|-damage|p1a: popcorn|58/100|[from] Salt Cure
|upkeep
|turn|22
|
|t:|1743817698
|switch|p2a: Nurse|Weezing-Galar, F|100/100
|-ability|p2a: Nurse|Neutralizing Gas
|-damage|p2a: Nurse|88/100|[from] Stealth Rock
|move|p1a: popcorn|Giga Drain|p2a: Nurse
|-resisted|p2a: Nurse
|-damage|p2a: Nurse|34/100
|-heal|p1a: popcorn|88/100|[from] drain|[of] p2a: Nurse
|-damage|p1a: popcorn|78/100|[from] item: Life Orb
|
|-weather|SunnyDay|[upkeep]
|-heal|p2a: Nurse|40/100|[from] item: Black Sludge
|-damage|p1a: popcorn|65/100|[from] Salt Cure
|upkeep
|turn|23
|
|t:|1743817732
|-end|p2a: Nurse|ability: Neutralizing Gas
|switch|p2a: Acupuncturist|Samurott-Hisui, F|2/100
|-damage|p2a: Acupuncturist|0 fnt|[from] Stealth Rock
|faint|p2a: Acupuncturist
|move|p1a: popcorn|Moonblast|p2: Acupuncturist|[notarget]
|-fail|p1a: popcorn
|
|-weather|SunnyDay|[upkeep]
|-damage|p1a: popcorn|53/100|[from] Salt Cure
|upkeep
|
|t:|1743817751
|switch|p2a: Dr. Garg|Garganacl, M, tera:Fairy|100/100
|-damage|p2a: Dr. Garg|88/100|[from] Stealth Rock
|turn|24
|
|t:|1743817759
|move|p1a: popcorn|Growth|p1a: popcorn
|-boost|p1a: popcorn|atk|2
|-boost|p1a: popcorn|spa|2
|move|p2a: Dr. Garg|Salt Cure|p1a: popcorn
|-damage|p1a: popcorn|35/100
|
|-weather|SunnyDay|[upkeep]
|-heal|p2a: Dr. Garg|94/100|[from] item: Leftovers
|-damage|p1a: popcorn|22/100|[from] Salt Cure
|upkeep
|turn|25
|
|t:|1743817773
|move|p2a: Dr. Garg|Protect|p2a: Dr. Garg
|-singleturn|p2a: Dr. Garg|Protect
|move|p1a: popcorn|Giga Drain|p2a: Dr. Garg
|-activate|p2a: Dr. Garg|move: Protect
|
|-weather|SunnyDay|[upkeep]
|-heal|p2a: Dr. Garg|100/100|[from] item: Leftovers
|-damage|p1a: popcorn|10/100|[from] Salt Cure
|upkeep
|turn|26
|
|t:|1743817794
|switch|p2a: Nurse|Weezing-Galar, F|40/100
|-ability|p2a: Nurse|Neutralizing Gas
|-damage|p2a: Nurse|27/100|[from] Stealth Rock
|move|p1a: popcorn|Giga Drain|p2a: Nurse
|-resisted|p2a: Nurse
|-damage|p2a: Nurse|0 fnt
|-heal|p1a: popcorn|25/100|[from] drain|[of] p2a: Nurse
|faint|p2a: Nurse
|-end|p2a: Nurse|ability: Neutralizing Gas
|-damage|p1a: popcorn|15/100|[from] item: Life Orb
|
|-weather|none
|-damage|p1a: popcorn|2/100|[from] Salt Cure
|upkeep
|
|t:|1743817813
|switch|p2a: Specialist|Dragapult, M|34/100
|turn|27
|
|t:|1743817881
|move|p2a: Specialist|U-turn|p1a: popcorn
|-resisted|p1a: popcorn
|-damage|p1a: popcorn|0 fnt
|faint|p1a: popcorn
|
|t:|1743817885
|switch|p2a: Dr. Garg|Garganacl, M, tera:Fairy|100/100|[from] U-turn
|-damage|p2a: Dr. Garg|88/100|[from] Stealth Rock
|
|-heal|p2a: Dr. Garg|94/100|[from] item: Leftovers
|upkeep
|
|t:|1743817889
|switch|p1a: flowa|Comfey, F|24/100
|-damage|p1a: flowa|12/100|[from] Stealth Rock
|turn|28
|
|t:|1743817894
|move|p1a: flowa|Synthesis|p1a: flowa
|-heal|p1a: flowa|62/100
|move|p2a: Dr. Garg|Salt Cure|p1a: flowa
|-damage|p1a: flowa|45/100
|-start|p1a: flowa|Salt Cure
|
|-heal|p2a: Dr. Garg|100/100|[from] item: Leftovers
|-damage|p1a: flowa|33/100|[from] Salt Cure
|upkeep
|turn|29
|
|t:|1743817904
|switch|p2a: Specialist|Dragapult, M|34/100
|move|p1a: flowa|Synthesis|p1a: flowa
|-heal|p1a: flowa|82/100
|
|-damage|p1a: flowa|70/100|[from] Salt Cure
|upkeep
|turn|30
|
|t:|1743817939
|move|p1a: flowa|Draining Kiss|p2a: Specialist
|-supereffective|p2a: Specialist
|-damage|p2a: Specialist|0 fnt
|-heal|p1a: flowa|96/100|[from] drain|[of] p2a: Specialist
|faint|p2a: Specialist
|-damage|p1a: flowa|86/100|[from] item: Life Orb
|
|-damage|p1a: flowa|74/100|[from] Salt Cure
|upkeep
|c|☆AxisPS|gg
|c|☆Former Pro|gg
|-message|AxisPS forfeited.
|
|win|Former Pro
|l|☆AxisPS
|player|p2|
|l|☆Former Pro
|player|p1|
|j|☆Former Pro
|player|p1|Former Pro|steven|
