|j|☆kiri*spirit
|j|☆zywlj
|t:|1743905832
|gametype|singles
|player|p1|kiri*spirit|266|1100
|player|p2|zywlj|lucas|1127
|teamsize|p1|6
|teamsize|p2|6
|gen|9
|tier|[Gen 9] OU
|rated|
|rule|HP Percentage Mod: HP is shown in percentages
|rule|Endless Battle Clause: Forcing endless battles is banned
|rule|Species Clause: Limit one of each Pokémon
|rule|OHKO Clause: OHKO moves are banned
|rule|Evasion Items Clause: Evasion items are banned
|rule|Evasion Moves Clause: Evasion moves are banned
|rule|Sleep Moves Clause: Sleep-inducing moves are banned
|clearpoke
|poke|p1|Rampardos, F|
|poke|p1|Slaking, M|
|poke|p1|Hoopa-Unbound|
|poke|p1|Bastiodon, M|
|poke|p1|Pecharunt|
|poke|p1|Dragonite, M|
|poke|p2|Incineroar, M|
|poke|p2|Chansey, F|
|poke|p2|Greninja-*, M|
|poke|p2|Dragonite, F|
|poke|p2|Garchomp, F|
|poke|p2|Cinderace, F|
|teampreview
|
|t:|1743905839
|start
|switch|p1a: Rampardos|Rampardos, F|100/100
|switch|p2a: Greninja|Greninja, M|100/100
|turn|1
|
|t:|1743905849
|-terastallize|p2a: Greninja|Water
|move|p2a: Greninja|Water Shuriken|p1a: Rampardos
|-supereffective|p1a: Rampardos
|-damage|p1a: Rampardos|73/100
|-supereffective|p1a: Rampardos
|-damage|p1a: Rampardos|44/100
|-supereffective|p1a: Rampardos
|-damage|p1a: Rampardos|15/100
|-supereffective|p1a: Rampardos
|-damage|p1a: Rampardos|0 fnt
|faint|p1a: Rampardos
|-ability|p2a: Greninja|Battle Bond|boost
|-boost|p2a: Greninja|atk|1
|-boost|p2a: Greninja|spa|1
|-boost|p2a: Greninja|spe|1
|-activate|p2a: Greninja|ability: Battle Bond
|-hitcount|p1: Rampardos|4
|
|upkeep
|
|t:|1743905854
|switch|p1a: Bastiodon|Bastiodon, M|100/100
|turn|2
|
|t:|1743905862
|move|p2a: Greninja|Water Shuriken|p1a: Bastiodon
|-supereffective|p1a: Bastiodon
|-damage|p1a: Bastiodon|75/100
|-supereffective|p1a: Bastiodon
|-damage|p1a: Bastiodon|48/100
|-supereffective|p1a: Bastiodon
|-damage|p1a: Bastiodon|25/100
|-supereffective|p1a: Bastiodon
|-damage|p1a: Bastiodon|1/100
|-supereffective|p1a: Bastiodon
|-damage|p1a: Bastiodon|0 fnt
|faint|p1a: Bastiodon
|-hitcount|p1: Bastiodon|5
|
|upkeep
|
|t:|1743905871
|switch|p1a: Slaking|Slaking, M|100/100
|turn|3
|
|t:|1743905875
|move|p2a: Greninja|Water Shuriken|p1a: Slaking
|-damage|p1a: Slaking|87/100
|-damage|p1a: Slaking|74/100
|-damage|p1a: Slaking|59/100
|-damage|p1a: Slaking|47/100
|-damage|p1a: Slaking|32/100
|-hitcount|p1a: Slaking|5
|move|p1a: Slaking|Giga Impact|p2a: Greninja
|-damage|p2a: Greninja|0 fnt
|-mustrecharge|p1a: Slaking
|faint|p2a: Greninja
|
|upkeep
|
|t:|1743905882
|switch|p2a: Cinderace|Cinderace, F|100/100
|-item|p2a: Cinderace|Air Balloon
|turn|4
|
|t:|1743905887
|move|p2a: Cinderace|Gunk Shot|p1a: Slaking
|-start|p2a: Cinderace|typechange|Poison|[from] ability: Libero
|-damage|p1a: Slaking|0 fnt
|faint|p1a: Slaking
|
|upkeep
|
|t:|1743905894
|switch|p1a: Hoopa|Hoopa-Unbound|100/100
|turn|5
|
|t:|1743905902
|switch|p2a: Dragonite|Dragonite, F|100/100
|move|p1a: Hoopa|Thunderbolt|p2a: Dragonite
|-damage|p2a: Dragonite|69/100
|
|upkeep
|turn|6
|
|t:|1743905908
|move|p2a: Dragonite|Roost|p2a: Dragonite
|-heal|p2a: Dragonite|100/100
|-singleturn|p2a: Dragonite|move: Roost
|move|p1a: Hoopa|Thunderbolt|p2a: Dragonite
|-resisted|p2a: Dragonite
|-damage|p2a: Dragonite|87/100
|-status|p2a: Dragonite|par
|
|upkeep
|turn|7
|
|t:|1743905918
|switch|p1a: Pecharunt|Pecharunt|100/100
|move|p2a: Dragonite|Fire Spin|p1a: Pecharunt
|-damage|p1a: Pecharunt|94/100
|-activate|p1a: Pecharunt|move: Fire Spin|[of] p2a: Dragonite
|
|-damage|p1a: Pecharunt|82/100|[from] move: Fire Spin|[partiallytrapped]
|upkeep
|turn|8
|
|t:|1743905927
|move|p1a: Pecharunt|Hex|p2a: Dragonite
|-damage|p2a: Dragonite|27/100 par
|move|p2a: Dragonite|Encore|p1a: Pecharunt
|-start|p1a: Pecharunt|Encore
|
|-damage|p1a: Pecharunt|69/100|[from] move: Fire Spin|[partiallytrapped]
|upkeep
|turn|9
|
|t:|1743905931
|move|p1a: Pecharunt|Hex|p2a: Dragonite
|-damage|p2a: Dragonite|0 fnt
|faint|p2a: Dragonite
|
|-end|p1a: Pecharunt|Fire Spin|[partiallytrapped]|[silent]
|upkeep
|
|t:|1743905934
|switch|p2a: Cinderace|Cinderace, F|100/100
|-item|p2a: Cinderace|Air Balloon
|turn|10
|
|t:|1743905942
|switch|p1a: Dragonite|Dragonite, M|100/100
|move|p2a: Cinderace|Pyro Ball|p1a: Dragonite
|-resisted|p1a: Dragonite
|-damage|p1a: Dragonite|85/100
|
|upkeep
|turn|11
|
|t:|1743905950
|move|p2a: Cinderace|Acrobatics|p1a: Dragonite
|-start|p2a: Cinderace|typechange|Flying|[from] ability: Libero
|-damage|p1a: Dragonite|60/100
|move|p1a: Dragonite|Dragon Dance|p1a: Dragonite
|-boost|p1a: Dragonite|atk|1
|-boost|p1a: Dragonite|spe|1
|
|upkeep
|turn|12
|
|t:|1743905961
|switch|p2a: Incineroar|Incineroar, M|100/100
|-ability|p2a: Incineroar|Intimidate|boost
|-unboost|p1a: Dragonite|atk|1
|move|p1a: Dragonite|Dragon Dance|p1a: Dragonite
|-boost|p1a: Dragonite|atk|1
|-boost|p1a: Dragonite|spe|1
|
|upkeep
|turn|13
|
|t:|1743905970
|move|p1a: Dragonite|Earthquake|p2a: Incineroar
|-supereffective|p2a: Incineroar
|-damage|p2a: Incineroar|29/100
|-enditem|p2a: Incineroar|Sitrus Berry|[eat]
|-heal|p2a: Incineroar|54/100|[from] item: Sitrus Berry
|move|p2a: Incineroar|Will-O-Wisp|p1a: Dragonite
|-status|p1a: Dragonite|brn
|
|-damage|p1a: Dragonite|54/100 brn|[from] brn
|upkeep
|turn|14
|
|t:|1743905976
|move|p1a: Dragonite|Dragon Dance|p1a: Dragonite
|-boost|p1a: Dragonite|atk|1
|-boost|p1a: Dragonite|spe|1
|move|p2a: Incineroar|Knock Off|p1a: Dragonite
|-damage|p1a: Dragonite|17/100 brn
|-enditem|p1a: Dragonite|Silk Scarf|[from] move: Knock Off|[of] p2a: Incineroar
|
|-damage|p1a: Dragonite|11/100 brn|[from] brn
|upkeep
|turn|15
|
|t:|1743905990
|move|p1a: Dragonite|Extreme Speed|p2a: Incineroar
|-damage|p2a: Incineroar|33/100
|move|p2a: Incineroar|Darkest Lariat|p1a: Dragonite
|-damage|p1a: Dragonite|0 fnt
|faint|p1a: Dragonite
|
|upkeep
|
|t:|1743905994
|switch|p1a: Pecharunt|Pecharunt|69/100
|turn|16
|
|t:|1743905997
|move|p1a: Pecharunt|Malignant Chain|p2a: Incineroar
|-damage|p2a: Incineroar|0 fnt
|faint|p2a: Incineroar
|
|upkeep
|
|t:|1743906000
|switch|p2a: Cinderace|Cinderace, F|100/100
|-item|p2a: Cinderace|Air Balloon
|turn|17
|
|t:|1743906013
|move|p2a: Cinderace|Pyro Ball|p1a: Pecharunt|[miss]
|-miss|p2a: Cinderace|p1a: Pecharunt
|move|p1a: Pecharunt|Malignant Chain|p2a: Cinderace
|-damage|p2a: Cinderace|42/100
|-enditem|p2a: Cinderace|Air Balloon
|
|upkeep
|turn|18
|
|t:|1743906024
|move|p2a: Cinderace|Pyro Ball|p1a: Pecharunt
|-damage|p1a: Pecharunt|32/100
|move|p1a: Pecharunt|Malignant Chain|p2a: Cinderace
|-damage|p2a: Cinderace|0 fnt
|faint|p2a: Cinderace
|
|upkeep
|
|t:|1743906027
|switch|p2a: Garchomp|Garchomp, F|100/100
|turn|19
|
|t:|1743906032
|move|p2a: Garchomp|Earthquake|p1a: Pecharunt
|-supereffective|p1a: Pecharunt
|-damage|p1a: Pecharunt|0 fnt
|faint|p1a: Pecharunt
|
|upkeep
|
|t:|1743906035
|switch|p1a: Hoopa|Hoopa-Unbound|100/100
|turn|20
|
|t:|1743906044
|-terastallize|p1a: Hoopa|Psychic
|move|p2a: Garchomp|Scale Shot|p1a: Hoopa
|-damage|p1a: Hoopa|83/100
|-damage|p1a: Hoopa|66/100
|-damage|p1a: Hoopa|49/100
|-damage|p1a: Hoopa|32/100
|-hitcount|p1a: Hoopa|4
|-unboost|p2a: Garchomp|def|1
|-boost|p2a: Garchomp|spe|1
|move|p1a: Hoopa|Psychic|p2a: Garchomp
|-damage|p2a: Garchomp|0 fnt
|faint|p2a: Garchomp
|
|upkeep
|
|t:|1743906047
|switch|p2a: Chansey|Chansey, F|100/100
|turn|21
|
|t:|1743906050
|move|p1a: Hoopa|Psychic|p2a: Chansey
|-damage|p2a: Chansey|68/100
|move|p2a: Chansey|Seismic Toss|p1a: Hoopa
|-damage|p1a: Hoopa|0 fnt
|faint|p1a: Hoopa
|
|win|zywlj
|raw|kiri*spirit's rating: 1100 &rarr; <strong>1077</strong><br />(-23 for losing)
|raw|zywlj's rating: 1127 &rarr; <strong>1150</strong><br />(+23 for winning)
|l|☆kiri*spirit
|player|p1|
|l|☆zywlj
|player|p2|
