|j|☆Karivaar
|j|☆Sakeithor
|t:|1743927852
|gametype|singles
|player|p1|Karivaar|blackbelt|1231
|player|p2|Sakeithor|koga|1241
|teamsize|p1|6
|teamsize|p2|6
|gen|9
|tier|[Gen 9] OU
|rated|
|rule|HP Percentage Mod: HP is shown in percentages
|rule|Endless Battle Clause: Forcing endless battles is banned
|rule|Species Clause: Limit one of each Pokémon
|rule|OHKO Clause: OHKO moves are banned
|rule|Evasion Items Clause: Evasion items are banned
|rule|Evasion Moves Clause: Evasion moves are banned
|rule|Sleep Moves Clause: Sleep-inducing moves are banned
|clearpoke
|poke|p1|Pelipper, F|
|poke|p1|Basculegion-F, F|
|poke|p1|Zapdos|
|poke|p1|Barraskewda, M|
|poke|p1|Great Tusk|
|poke|p1|Rillaboom, M|
|poke|p2|Excadrill, M|
|poke|p2|Tyranitar, F|
|poke|p2|Serperior, F|
|poke|p2|Mandibuzz, F|
|poke|p2|Clefable, F|
|poke|p2|Garchomp, M|
|teampreview
|inactive|Battle timer is ON: inactive players will automatically lose when time's up. (requested by Karivaar)
|inactive|Sakeithor has 120 seconds left.
|
|t:|1743927904
|start
|switch|p1a: JOHN CENA|Great Tusk|100/100
|switch|p2a: Garchomp|Garchomp, M, shiny|100/100
|turn|1
|
|t:|1743927912
|move|p2a: Garchomp|Swords Dance|p2a: Garchomp
|-boost|p2a: Garchomp|atk|2
|move|p1a: JOHN CENA|Ice Spinner|p2a: Garchomp
|-supereffective|p2a: Garchomp
|-damage|p2a: Garchomp|0 fnt
|-damage|p1a: JOHN CENA|88/100|[from] ability: Rough Skin|[of] p2a: Garchomp
|faint|p2a: Garchomp
|
|upkeep
|
|t:|1743927924
|switch|p2a: Serperior|Serperior, F, shiny|100/100
|turn|2
|
|t:|1743927934
|move|p2a: Serperior|Leaf Storm|p1a: JOHN CENA
|-supereffective|p1a: JOHN CENA
|-damage|p1a: JOHN CENA|0 fnt
|-boost|p2a: Serperior|spa|2
|faint|p1a: JOHN CENA
|-end|p1a: JOHN CENA|Protosynthesis|[silent]
|
|upkeep
|
|t:|1743927942
|switch|p1a: Le LAITIER|Pelipper, F|100/100
|-weather|RainDance|[from] ability: Drizzle|[of] p1a: Le LAITIER
|turn|3
|
|t:|1743927954
|switch|p1a: SINJ|Rillaboom, M|100/100
|move|p2a: Serperior|Glare|p1a: SINJ
|-status|p1a: SINJ|par
|
|-weather|RainDance|[upkeep]
|upkeep
|turn|4
|
|t:|1743927966
|move|p2a: Serperior|Leaf Storm|p1a: SINJ
|-resisted|p1a: SINJ
|-damage|p1a: SINJ|40/100 par
|-boost|p2a: Serperior|spa|2
|move|p1a: SINJ|Knock Off|p2a: Serperior
|-damage|p2a: Serperior|46/100
|-enditem|p2a: Serperior|Heavy-Duty Boots|[from] move: Knock Off|[of] p1a: SINJ
|
|-weather|RainDance|[upkeep]
|upkeep
|turn|5
|
|t:|1743927977
|move|p2a: Serperior|Leaf Storm|p1a: SINJ
|-resisted|p1a: SINJ
|-crit|p1a: SINJ
|-damage|p1a: SINJ|0 fnt
|-boost|p2a: Serperior|spa|2
|faint|p1a: SINJ
|
|-weather|RainDance|[upkeep]
|upkeep
|
|t:|1743927986
|switch|p1a: TRALALELO TRALALA|Zapdos|100/100
|turn|6
|
|t:|1743927997
|move|p2a: Serperior|Dragon Pulse|p1a: TRALALELO TRALALA
|-damage|p1a: TRALALELO TRALALA|4/100
|move|p1a: TRALALELO TRALALA|Hurricane|p2a: Serperior
|-supereffective|p2a: Serperior
|-damage|p2a: Serperior|0 fnt
|faint|p2a: Serperior
|
|-weather|RainDance|[upkeep]
|upkeep
|
|t:|1743928008
|switch|p2a: Tyranitar|Tyranitar, F, shiny|100/100
|-weather|Sandstorm|[from] ability: Sand Stream|[of] p2a: Tyranitar
|turn|7
|
|t:|1743928014
|switch|p2a: Excadrill|Excadrill, M, shiny|100/100
|move|p1a: TRALALELO TRALALA|Roost|p1a: TRALALELO TRALALA
|-heal|p1a: TRALALELO TRALALA|54/100
|-singleturn|p1a: TRALALELO TRALALA|move: Roost
|
|-weather|Sandstorm|[upkeep]
|-damage|p1a: TRALALELO TRALALA|48/100|[from] Sandstorm
|upkeep
|turn|8
|
|t:|1743928026
|move|p2a: Excadrill|Poison Jab|p1a: TRALALELO TRALALA
|-damage|p1a: TRALALELO TRALALA|0 fnt
|-status|p2a: Excadrill|par|[from] ability: Static|[of] p1a: TRALALELO TRALALA
|faint|p1a: TRALALELO TRALALA
|
|-weather|Sandstorm|[upkeep]
|upkeep
|
|t:|1743928030
|switch|p1a: Le LAITIER|Pelipper, F|100/100
|-weather|RainDance|[from] ability: Drizzle|[of] p1a: Le LAITIER
|turn|9
|
|t:|1743928039
|move|p2a: Excadrill|Poison Jab|p1a: Le LAITIER
|-damage|p1a: Le LAITIER|66/100
|-status|p1a: Le LAITIER|psn
|move|p1a: Le LAITIER|Weather Ball|p2a: Excadrill
|-supereffective|p2a: Excadrill
|-damage|p2a: Excadrill|0 fnt
|faint|p2a: Excadrill
|
|-weather|RainDance|[upkeep]
|-damage|p1a: Le LAITIER|54/100 psn|[from] psn
|upkeep
|
|t:|1743928050
|switch|p2a: Tyranitar|Tyranitar, F, shiny|100/100
|-weather|Sandstorm|[from] ability: Sand Stream|[of] p2a: Tyranitar
|turn|10
|inactive|Karivaar has 120 seconds left.
|
|t:|1743928089
|switch|p1a: DEJA-VU|Basculegion-F, F|100/100
|move|p2a: Tyranitar|Knock Off|p1a: DEJA-VU
|-supereffective|p1a: DEJA-VU
|-damage|p1a: DEJA-VU|0 fnt
|-enditem|p1a: DEJA-VU|Choice Specs|[from] move: Knock Off|[of] p2a: Tyranitar
|faint|p1a: DEJA-VU
|
|-weather|Sandstorm|[upkeep]
|upkeep
|
|t:|1743928093
|switch|p1a: Le LAITIER|Pelipper, F|54/100 psn
|-weather|RainDance|[from] ability: Drizzle|[of] p1a: Le LAITIER
|turn|11
|inactive|Karivaar has 120 seconds left.
|
|t:|1743928108
|switch|p2a: Clefable|Clefable, F, shiny|100/100
|move|p1a: Le LAITIER|Roost|p1a: Le LAITIER
|-heal|p1a: Le LAITIER|100/100 psn
|-singleturn|p1a: Le LAITIER|move: Roost
|
|-weather|RainDance|[upkeep]
|-damage|p1a: Le LAITIER|88/100 psn|[from] psn
|upkeep
|turn|12
|
|t:|1743928118
|switch|p2a: Tyranitar|Tyranitar, F, shiny|100/100
|-weather|Sandstorm|[from] ability: Sand Stream|[of] p2a: Tyranitar
|move|p1a: Le LAITIER|Hurricane|p2a: Tyranitar|[miss]
|-miss|p1a: Le LAITIER|p2a: Tyranitar
|
|-weather|Sandstorm|[upkeep]
|-damage|p1a: Le LAITIER|82/100 psn|[from] Sandstorm
|-damage|p1a: Le LAITIER|70/100 psn|[from] psn
|upkeep
|turn|13
|
|t:|1743928132
|-terastallize|p1a: Le LAITIER|Ground
|move|p2a: Tyranitar|Knock Off|p1a: Le LAITIER
|-damage|p1a: Le LAITIER|37/100 psn
|-enditem|p1a: Le LAITIER|Damp Rock|[from] move: Knock Off|[of] p2a: Tyranitar
|move|p1a: Le LAITIER|U-turn|p2a: Tyranitar
|-supereffective|p2a: Tyranitar
|-damage|p2a: Tyranitar|87/100
|
|t:|1743928137
|switch|p1a: Im fast as f Boiii|Barraskewda, M|100/100|[from] U-turn
|
|-weather|Sandstorm|[upkeep]
|-damage|p1a: Im fast as f Boiii|94/100|[from] Sandstorm
|upkeep
|turn|14
|
|t:|1743928151
|switch|p2a: Mandibuzz|Mandibuzz, F, shiny|100/100
|move|p1a: Im fast as f Boiii|Flip Turn|p2a: Mandibuzz
|-damage|p2a: Mandibuzz|70/100
|-damage|p1a: Im fast as f Boiii|78/100|[from] item: Rocky Helmet|[of] p2a: Mandibuzz
|
|t:|1743928156
|switch|p1a: Le LAITIER|Pelipper, F, tera:Ground|37/100 psn|[from] Flip Turn
|-weather|RainDance|[from] ability: Drizzle|[of] p1a: Le LAITIER
|
|-weather|RainDance|[upkeep]
|-damage|p1a: Le LAITIER|25/100 psn|[from] psn
|upkeep
|turn|15
|inactive|Karivaar has 120 seconds left.
|
|t:|1743928172
|move|p2a: Mandibuzz|Foul Play|p1a: Le LAITIER
|-damage|p1a: Le LAITIER|9/100 psn
|move|p1a: Le LAITIER|U-turn|p2a: Mandibuzz
|-damage|p2a: Mandibuzz|65/100
|-damage|p1a: Le LAITIER|0 fnt|[from] item: Rocky Helmet|[of] p2a: Mandibuzz
|faint|p1a: Le LAITIER
|
|-weather|RainDance|[upkeep]
|upkeep
|inactive|Karivaar has 120 seconds left.
|
|t:|1743928177
|switch|p1a: Im fast as f Boiii|Barraskewda, M|78/100
|turn|16
|inactive|Karivaar has 120 seconds left.
|
|t:|1743928188
|-terastallize|p2a: Mandibuzz|Steel
|move|p1a: Im fast as f Boiii|Liquidation|p2a: Mandibuzz
|-damage|p2a: Mandibuzz|8/100
|-damage|p1a: Im fast as f Boiii|62/100|[from] item: Rocky Helmet|[of] p2a: Mandibuzz
|move|p2a: Mandibuzz|Foul Play|p1a: Im fast as f Boiii
|-damage|p1a: Im fast as f Boiii|0 fnt
|faint|p1a: Im fast as f Boiii
|
|win|Sakeithor
|raw|Karivaar's rating: 1231 &rarr; <strong>1207</strong><br />(-24 for losing)
|raw|Sakeithor's rating: 1241 &rarr; <strong>1265</strong><br />(+24 for winning)
|l|☆Karivaar
|player|p1|
