|j|☆GuantuxX
|j|☆Abelsin
|t:|1743799804
|gametype|singles
|player|p1|GuantuxX|2|
|player|p2|Abelsin|serena-masters|
|teamsize|p1|6
|teamsize|p2|6
|gen|9
|tier|[Gen 9] OU
|rule|HP Percentage Mod: HP is shown in percentages
|rule|Endless Battle Clause: Forcing endless battles is banned
|rule|Species Clause: Limit one of each Pokémon
|rule|OHKO Clause: OHKO moves are banned
|rule|Evasion Items Clause: Evasion items are banned
|rule|Evasion Moves Clause: Evasion moves are banned
|rule|Sleep Moves Clause: Sleep-inducing moves are banned
|clearpoke
|poke|p1|Gliscor, M|
|poke|p1|Ribombee, M|
|poke|p1|Gholdengo|
|poke|p1|Kyurem|
|poke|p1|Iron Moth|
|poke|p1|Ogerpon-Wellspring, F|
|poke|p2|Zamazenta-*|
|poke|p2|Weavile, F|
|poke|p2|Pecharunt|
|poke|p2|Iron Crown|
|poke|p2|Dragonite, F|
|poke|p2|Ting-Lu|
|teampreview
|inactive|Battle timer is ON: inactive players will automatically lose when time's up. (requested by Abelsin)
|
|t:|1743799815
|start
|switch|p1a: Iron Moth|Iron Moth|100/100
|switch|p2a: Pecharunt|Pecharunt|100/100
|-enditem|p1a: Iron Moth|Booster Energy
|-activate|p1a: Iron Moth|ability: Quark Drive|[fromitem]
|-start|p1a: Iron Moth|quarkdrivespa
|turn|1
|
|t:|1743799831
|move|p1a: Iron Moth|Substitute|p1a: Iron Moth
|-start|p1a: Iron Moth|Substitute
|-damage|p1a: Iron Moth|76/100
|move|p2a: Pecharunt|Parting Shot|p1a: Iron Moth
|-unboost|p1a: Iron Moth|atk|1
|-unboost|p1a: Iron Moth|spa|1
|
|t:|1743799839
|switch|p2a: Ting-Lu|Ting-Lu|100/100|[from] Parting Shot
|-ability|p2a: Ting-Lu|Vessel of Ruin
|
|upkeep
|turn|2
|
|t:|1743799845
|move|p1a: Iron Moth|Dazzling Gleam|p2a: Ting-Lu
|-supereffective|p2a: Ting-Lu
|-damage|p2a: Ting-Lu|77/100
|-enditem|p2a: Ting-Lu|Red Card|[of] p1a: Iron Moth
|-end|p1a: Iron Moth|Quark Drive|[silent]
|drag|p1a: Ribombee|Ribombee, M|100/100
|move|p2a: Ting-Lu|Stealth Rock|p1a: Ribombee
|-sidestart|p1: GuantuxX|move: Stealth Rock
|
|upkeep
|turn|3
|
|t:|1743799851
|move|p1a: Ribombee|Sticky Web|p2a: Ting-Lu
|-sidestart|p2: Abelsin|move: Sticky Web
|move|p2a: Ting-Lu|Spikes|p1a: Ribombee
|-sidestart|p1: GuantuxX|Spikes
|
|upkeep
|turn|4
|
|t:|1743799857
|move|p1a: Ribombee|Moonblast|p2a: Ting-Lu
|-supereffective|p2a: Ting-Lu
|-damage|p2a: Ting-Lu|37/100
|move|p2a: Ting-Lu|Spikes|p1a: Ribombee
|-sidestart|p1: GuantuxX|Spikes
|
|upkeep
|turn|5
|
|t:|1743799865
|switch|p2a: Pecharunt|Pecharunt|100/100
|move|p1a: Ribombee|Moonblast|p2a: Pecharunt
|-resisted|p2a: Pecharunt
|-damage|p2a: Pecharunt|80/100
|
|upkeep
|turn|6
|
|t:|1743799875
|move|p1a: Ribombee|Stun Spore|p2a: Pecharunt
|-status|p2a: Pecharunt|par
|move|p2a: Pecharunt|Parting Shot|p1a: Ribombee
|-unboost|p1a: Ribombee|atk|1
|-unboost|p1a: Ribombee|spa|1
|
|t:|1743799891
|switch|p2a: Ting-Lu|Ting-Lu|37/100|[from] Parting Shot
|-activate|p2a: Ting-Lu|move: Sticky Web
|-unboost|p2a: Ting-Lu|spe|1
|-ability|p2a: Ting-Lu|Vessel of Ruin
|
|upkeep
|turn|7
|
|t:|1743799898
|move|p1a: Ribombee|Moonblast|p2a: Ting-Lu
|-supereffective|p2a: Ting-Lu
|-damage|p2a: Ting-Lu|12/100
|-unboost|p2a: Ting-Lu|spa|1
|move|p2a: Ting-Lu|Spikes|p1a: Ribombee
|-sidestart|p1: GuantuxX|Spikes
|
|upkeep
|turn|8
|
|t:|1743799907
|switch|p1a: Iron Moth|Iron Moth|76/100
|-damage|p1a: Iron Moth|51/100|[from] Stealth Rock
|-damage|p1a: Iron Moth|26/100|[from] Spikes
|move|p2a: Ting-Lu|Earthquake|p1a: Iron Moth
|-supereffective|p1a: Iron Moth
|-damage|p1a: Iron Moth|0 fnt
|faint|p1a: Iron Moth
|-end|p1a: Iron Moth|Quark Drive|[silent]
|
|upkeep
|
|t:|1743799914
|switch|p1a: Ogerpon|Ogerpon-Wellspring, F|100/100
|-damage|p1a: Ogerpon|88/100|[from] Stealth Rock
|-damage|p1a: Ogerpon|63/100|[from] Spikes
|turn|9
|
|t:|1743799920
|move|p1a: Ogerpon|Horn Leech|p2a: Ting-Lu
|-supereffective|p2a: Ting-Lu
|-damage|p2a: Ting-Lu|0 fnt
|-heal|p1a: Ogerpon|73/100|[from] drain|[of] p2a: Ting-Lu
|faint|p2a: Ting-Lu
|
|upkeep
|
|t:|1743799923
|switch|p2a: Dragonite|Dragonite, F|100/100
|turn|10
|
|t:|1743799941
|switch|p1a: Gholdengo|Gholdengo|100/100
|-damage|p1a: Gholdengo|94/100|[from] Stealth Rock
|-item|p1a: Gholdengo|Air Balloon
|move|p2a: Dragonite|Hurricane|p1a: Gholdengo
|-resisted|p1a: Gholdengo
|-damage|p1a: Gholdengo|74/100
|-enditem|p1a: Gholdengo|Air Balloon
|
|upkeep
|turn|11
|
|t:|1743799951
|move|p1a: Gholdengo|Dazzling Gleam|p2a: Dragonite
|-supereffective|p2a: Dragonite
|-damage|p2a: Dragonite|73/100
|move|p2a: Dragonite|Earthquake|p1a: Gholdengo
|-supereffective|p1a: Gholdengo
|-damage|p1a: Gholdengo|0 fnt
|faint|p1a: Gholdengo
|
|upkeep
|c|☆GuantuxX|Waos
|
|t:|1743799964
|switch|p1a: Kyurem|Kyurem|100/100
|-damage|p1a: Kyurem|76/100|[from] Stealth Rock
|-damage|p1a: Kyurem|51/100|[from] Spikes
|-ability|p1a: Kyurem|Pressure
|turn|12
|
|t:|1743799979
|-terastallize|p2a: Dragonite|Normal
|move|p2a: Dragonite|Extreme Speed|p1a: Kyurem
|-damage|p1a: Kyurem|10/100
|move|p1a: Kyurem|Icicle Spear|p2a: Dragonite
|-crit|p2a: Dragonite
|-damage|p2a: Dragonite|55/100
|-damage|p2a: Dragonite|42/100
|-damage|p2a: Dragonite|28/100
|-damage|p2a: Dragonite|15/100
|-hitcount|p2a: Dragonite|4
|
|upkeep
|turn|13
|
|t:|1743799993
|move|p2a: Dragonite|Extreme Speed|p1a: Kyurem
|-damage|p1a: Kyurem|0 fnt
|faint|p1a: Kyurem
|
|upkeep
|
|t:|1743799997
|switch|p1a: Gliscor|Gliscor, M, shiny|100/100
|-damage|p1a: Gliscor|88/100|[from] Stealth Rock
|turn|14
|inactive|Abelsin has 270 seconds left.
|inactive|Abelsin has 240 seconds left.
|
|t:|1743800066
|move|p2a: Dragonite|Extreme Speed|p1a: Gliscor
|-damage|p1a: Gliscor|53/100
|move|p1a: Gliscor|Earthquake|p2a: Dragonite
|-damage|p2a: Dragonite|0 fnt
|faint|p2a: Dragonite
|
|-status|p1a: Gliscor|tox|[from] item: Toxic Orb
|upkeep
|
|t:|1743800067
|switch|p2a: Weavile|Weavile, F|100/100
|turn|15
|
|t:|1743800070
|move|p1a: Gliscor|Protect|p1a: Gliscor
|-singleturn|p1a: Gliscor|Protect
|move|p2a: Weavile|Triple Axel|p1a: Gliscor
|-activate|p1a: Gliscor|move: Protect
|
|-heal|p1a: Gliscor|65/100 tox|[from] ability: Poison Heal
|upkeep
|turn|16
|
|t:|1743800091
|-terastallize|p1a: Gliscor|Water
|move|p2a: Weavile|Triple Axel|p1a: Gliscor
|-resisted|p1a: Gliscor
|-damage|p1a: Gliscor|62/100 tox
|-resisted|p1a: Gliscor
|-damage|p1a: Gliscor|53/100 tox
|-resisted|p1a: Gliscor
|-damage|p1a: Gliscor|42/100 tox
|-hitcount|p1a: Gliscor|3
|move|p1a: Gliscor|Swords Dance|p1a: Gliscor
|-boost|p1a: Gliscor|atk|2
|
|-heal|p1a: Gliscor|54/100 tox|[from] ability: Poison Heal
|upkeep
|turn|17
|inactive|Abelsin has 240 seconds left.
|
|t:|1743800126
|move|p2a: Weavile|Swords Dance|p2a: Weavile
|-boost|p2a: Weavile|atk|2
|move|p1a: Gliscor|Earthquake|p2a: Weavile
|-damage|p2a: Weavile|0 fnt
|faint|p2a: Weavile
|
|-heal|p1a: Gliscor|67/100 tox|[from] ability: Poison Heal
|upkeep
|
|t:|1743800140
|switch|p2a: Zamazenta|Zamazenta|100/100
|-ability|p2a: Zamazenta|Dauntless Shield|boost
|-boost|p2a: Zamazenta|def|1
|turn|18
|
|t:|1743800145
|move|p2a: Zamazenta|Close Combat|p1a: Gliscor
|-damage|p1a: Gliscor|22/100 tox
|-unboost|p2a: Zamazenta|def|1
|-unboost|p2a: Zamazenta|spd|1
|move|p1a: Gliscor|Dual Wingbeat|p2a: Zamazenta
|-supereffective|p2a: Zamazenta
|-damage|p2a: Zamazenta|52/100
|-supereffective|p2a: Zamazenta
|-damage|p2a: Zamazenta|3/100
|-hitcount|p2a: Zamazenta|2
|
|-heal|p1a: Gliscor|34/100 tox|[from] ability: Poison Heal
|upkeep
|turn|19
|
|t:|1743800176
|move|p2a: Zamazenta|Close Combat|p1a: Gliscor
|-damage|p1a: Gliscor|0 fnt
|-unboost|p2a: Zamazenta|def|1
|-unboost|p2a: Zamazenta|spd|1
|faint|p1a: Gliscor
|
|upkeep
|
|t:|1743800179
|switch|p1a: Ribombee|Ribombee, M|100/100
|-damage|p1a: Ribombee|76/100|[from] Stealth Rock
|-damage|p1a: Ribombee|51/100|[from] Spikes
|turn|20
|
|t:|1743800185
|move|p2a: Zamazenta|Heavy Slam|p1a: Ribombee
|-supereffective|p1a: Ribombee
|-damage|p1a: Ribombee|0 fnt
|faint|p1a: Ribombee
|
|upkeep
|
|t:|1743800187
|switch|p1a: Ogerpon|Ogerpon-Wellspring, F|73/100
|-damage|p1a: Ogerpon|61/100|[from] Stealth Rock
|-damage|p1a: Ogerpon|36/100|[from] Spikes
|turn|21
|
|t:|1743800191
|move|p2a: Zamazenta|Close Combat|p1a: Ogerpon
|-damage|p1a: Ogerpon|0 fnt
|-unboost|p2a: Zamazenta|def|1
|-unboost|p2a: Zamazenta|spd|1
|faint|p1a: Ogerpon
|
|win|Abelsin
|c|☆GuantuxX|GGS!
|l|☆GuantuxX
|player|p1|
