|j|☆Waterpon400
|j|☆shupple
|t:|1743830399
|gametype|singles
|player|p1|Waterpon400|linebacker|1217
|player|p2|shupple|lusamine-nihilego|1223
|teamsize|p1|6
|teamsize|p2|6
|gen|9
|tier|[Gen 9] OU
|rated|
|rule|HP Percentage Mod: HP is shown in percentages
|rule|Endless Battle Clause: Forcing endless battles is banned
|rule|Species Clause: Limit one of each Pokémon
|rule|OHKO Clause: OHKO moves are banned
|rule|Evasion Items Clause: Evasion items are banned
|rule|Evasion Moves Clause: Evasion moves are banned
|rule|Sleep Moves Clause: Sleep-inducing moves are banned
|clearpoke
|poke|p1|Araquanid, M|
|poke|p1|Ogerpon-Wellspring, F|
|poke|p1|Great Tusk|
|poke|p1|Gholdengo|
|poke|p1|Iron Moth|
|poke|p1|Kyurem|
|poke|p2|Bellibolt, M|
|poke|p2|Rillaboom, M|
|poke|p2|Great Tusk|
|poke|p2|Dragapult, M|
|poke|p2|Kingambit, F|
|poke|p2|Cloyster, M|
|teampreview
|inactive|Battle timer is ON: inactive players will automatically lose when time's up. (requested by Waterpon400)
|
|t:|1743830405
|start
|switch|p1a: Araquanid|Araquanid, M|100/100
|switch|p2a: Cloyster|Cloyster, M|100/100
|turn|1
|j| imcualo
|
|t:|1743830415
|move|p2a: Cloyster|Shell Smash|p2a: Cloyster
|-unboost|p2a: Cloyster|def|1
|-unboost|p2a: Cloyster|spd|1
|-boost|p2a: Cloyster|atk|2
|-boost|p2a: Cloyster|spa|2
|-boost|p2a: Cloyster|spe|2
|move|p1a: Araquanid|Sticky Web|p2a: Cloyster
|-sidestart|p2: shupple|move: Sticky Web
|
|upkeep
|turn|2
|c| imcualo|ok shupple i choose you to win
|c|☆shupple|ok :)
|
|t:|1743830430
|move|p1a: Araquanid|Endure|p1a: Araquanid
|-singleturn|p1a: Araquanid|move: Endure
|move|p2a: Cloyster|Shell Smash|p2a: Cloyster
|-unboost|p2a: Cloyster|def|1
|-unboost|p2a: Cloyster|spd|1
|-boost|p2a: Cloyster|atk|2
|-boost|p2a: Cloyster|spa|2
|-boost|p2a: Cloyster|spe|2
|
|upkeep
|turn|3
|
|t:|1743830442
|move|p2a: Cloyster|Icicle Spear|p1a: Araquanid
|-resisted|p1a: Araquanid
|-damage|p1a: Araquanid|82/100
|-resisted|p1a: Araquanid
|-damage|p1a: Araquanid|63/100
|-resisted|p1a: Araquanid
|-damage|p1a: Araquanid|45/100
|-resisted|p1a: Araquanid
|-damage|p1a: Araquanid|28/100
|-resisted|p1a: Araquanid
|-damage|p1a: Araquanid|11/100
|-hitcount|p1a: Araquanid|5
|move|p1a: Araquanid|Liquidation|p2a: Cloyster
|-resisted|p2a: Cloyster
|-damage|p2a: Cloyster|43/100
|
|upkeep
|turn|4
|-enditem|p1a: Araquanid|Custap Berry|[eat]
|-activate|p1a: Araquanid|item: Custap Berry|[consumed]
|
|t:|1743830454
|move|p1a: Araquanid|Liquidation|p2a: Cloyster
|-resisted|p2a: Cloyster
|-damage|p2a: Cloyster|0 fnt
|faint|p2a: Cloyster
|
|upkeep
|c|☆shupple|nice
|
|t:|1743830468
|switch|p2a: Rillaboom|Rillaboom, M|100/100
|-activate|p2a: Rillaboom|move: Sticky Web
|-unboost|p2a: Rillaboom|spe|1
|-fieldstart|move: Grassy Terrain|[from] ability: Grassy Surge|[of] p2a: Rillaboom
|turn|5
|
|t:|1743830478
|move|p2a: Rillaboom|Grassy Glide|p1a: Araquanid
|-damage|p1a: Araquanid|0 fnt
|faint|p1a: Araquanid
|-damage|p2a: Rillaboom|91/100|[from] item: Life Orb
|
|-heal|p2a: Rillaboom|97/100|[from] Grassy Terrain
|upkeep
|
|t:|1743830486
|switch|p1a: Gholdengo|Gholdengo|100/100
|-item|p1a: Gholdengo|Air Balloon
|turn|6
|
|t:|1743830491
|move|p1a: Gholdengo|Nasty Plot|p1a: Gholdengo
|-boost|p1a: Gholdengo|spa|2
|move|p2a: Rillaboom|Knock Off|p1a: Gholdengo
|-supereffective|p1a: Gholdengo
|-damage|p1a: Gholdengo|0 fnt
|-enditem|p1a: Gholdengo|Air Balloon
|faint|p1a: Gholdengo
|-damage|p2a: Rillaboom|87/100|[from] item: Life Orb
|
|-heal|p2a: Rillaboom|93/100|[from] Grassy Terrain
|upkeep
|c| imcualo|this is gonna be intresting youre both pretty stacked
|
|t:|1743830508
|switch|p1a: Kyurem|Kyurem|100/100
|-ability|p1a: Kyurem|Pressure
|turn|7
|
|t:|1743830523
|switch|p2a: Bellibolt|Bellibolt, M, shiny|100/100
|move|p1a: Kyurem|Dragon Dance|p1a: Kyurem
|-boost|p1a: Kyurem|atk|1
|-boost|p1a: Kyurem|spe|1
|
|upkeep
|turn|8
|
|t:|1743830528
|move|p1a: Kyurem|Dragon Dance|p1a: Kyurem
|-boost|p1a: Kyurem|atk|1
|-boost|p1a: Kyurem|spe|1
|move|p2a: Bellibolt|Toxic|p1a: Kyurem
|-status|p1a: Kyurem|tox
|
|-damage|p1a: Kyurem|94/100 tox|[from] psn
|upkeep
|turn|9
|
|t:|1743830536
|move|p1a: Kyurem|Icicle Spear|p2a: Bellibolt
|-damage|p2a: Bellibolt|73/100
|-start|p2a: Bellibolt|Charge|Icicle Spear|[from] ability: Electromorphosis
|-damage|p2a: Bellibolt|48/100
|-start|p2a: Bellibolt|Charge|Icicle Spear|[from] ability: Electromorphosis
|-damage|p2a: Bellibolt|25/100
|-start|p2a: Bellibolt|Charge|Icicle Spear|[from] ability: Electromorphosis
|-damage|p2a: Bellibolt|1/100
|-start|p2a: Bellibolt|Charge|Icicle Spear|[from] ability: Electromorphosis
|-damage|p2a: Bellibolt|0 fnt
|faint|p2a: Bellibolt
|-hitcount|p2: Bellibolt|5
|
|-heal|p1a: Kyurem|100/100 tox|[from] Grassy Terrain
|-damage|p1a: Kyurem|88/100 tox|[from] psn
|-fieldend|move: Grassy Terrain
|upkeep
|
|t:|1743830557
|switch|p2a: Great Tusk|Great Tusk|100/100
|turn|10
|
|t:|1743830564
|-terastallize|p2a: Great Tusk|Steel
|move|p1a: Kyurem|Icicle Spear|p2a: Great Tusk
|-resisted|p2a: Great Tusk
|-damage|p2a: Great Tusk|89/100
|-resisted|p2a: Great Tusk
|-damage|p2a: Great Tusk|78/100
|-resisted|p2a: Great Tusk
|-damage|p2a: Great Tusk|68/100
|-resisted|p2a: Great Tusk
|-damage|p2a: Great Tusk|57/100
|-hitcount|p2a: Great Tusk|4
|move|p2a: Great Tusk|Close Combat|p1a: Kyurem
|-supereffective|p1a: Kyurem
|-damage|p1a: Kyurem|0 fnt
|-unboost|p2a: Great Tusk|def|1
|-unboost|p2a: Great Tusk|spd|1
|faint|p1a: Kyurem
|
|upkeep
|
|t:|1743830573
|switch|p1a: Iron Moth|Iron Moth|100/100
|-enditem|p1a: Iron Moth|Booster Energy
|-activate|p1a: Iron Moth|ability: Quark Drive|[fromitem]
|-start|p1a: Iron Moth|quarkdrivespa
|turn|11
|
|t:|1743830586
|move|p1a: Iron Moth|Fiery Dance|p2a: Great Tusk
|-supereffective|p2a: Great Tusk
|-damage|p2a: Great Tusk|0 fnt
|faint|p2a: Great Tusk
|-end|p2a: Great Tusk|Protosynthesis|[silent]
|
|upkeep
|
|t:|1743830593
|switch|p2a: Dragapult|Dragapult, M|100/100
|-activate|p2a: Dragapult|move: Sticky Web
|-unboost|p2a: Dragapult|spe|1
|turn|12
|
|t:|1743830600
|-terastallize|p1a: Iron Moth|Fire
|move|p1a: Iron Moth|Overheat|p2a: Dragapult
|-resisted|p2a: Dragapult
|-damage|p2a: Dragapult|3/100
|-unboost|p1a: Iron Moth|spa|2
|move|p2a: Dragapult|Draco Meteor|p1a: Iron Moth
|-damage|p1a: Iron Moth|27/100
|-unboost|p2a: Dragapult|spa|2
|-damage|p2a: Dragapult|0 fnt|[from] item: Life Orb
|faint|p2a: Dragapult
|
|upkeep
|
|t:|1743830610
|switch|p2a: Kingambit|Kingambit, F|100/100
|-activate|p2a: Kingambit|move: Sticky Web
|-unboost|p2a: Kingambit|spe|1
|-activate|p2a: Kingambit|ability: Supreme Overlord
|-start|p2a: Kingambit|fallen4|[silent]
|turn|13
|
|t:|1743830618
|move|p2a: Kingambit|Sucker Punch||[still]
|-fail|p2a: Kingambit
|move|p1a: Iron Moth|Substitute|p1a: Iron Moth
|-start|p1a: Iron Moth|Substitute
|-damage|p1a: Iron Moth|2/100
|
|upkeep
|turn|14
|c| imcualo|oof that was close nice
|-message|shupple forfeited.
|
|win|Waterpon400
|raw|Waterpon400's rating: 1217 &rarr; <strong>1242</strong><br />(+25 for winning)
|raw|shupple's rating: 1223 &rarr; <strong>1198</strong><br />(-25 for losing)
|l|☆shupple
|player|p2|
|l|☆Waterpon400
|player|p1|
|l| imcualo
