|j|☆Lati
|j|☆Scrubby009
|t:|1743791476
|gametype|singles
|player|p1|Lati|clown|1589
|player|p2|Scrubby009|ethan|1566
|teamsize|p1|6
|teamsize|p2|6
|gen|9
|tier|[Gen 9] OU
|rated|
|rule|HP Percentage Mod: HP is shown in percentages
|rule|Endless Battle Clause: Forcing endless battles is banned
|rule|Species Clause: Limit one of each Pokémon
|rule|OHKO Clause: OHKO moves are banned
|rule|Evasion Items Clause: Evasion items are banned
|rule|Evasion Moves Clause: Evasion moves are banned
|rule|Sleep Moves Clause: Sleep-inducing moves are banned
|clearpoke
|poke|p1|Primarina, F|
|poke|p1|Kyurem|
|poke|p1|Ting-Lu|
|poke|p1|Zapdos|
|poke|p1|Great Tusk|
|poke|p1|Zamazenta-*|
|poke|p2|Crawdaunt, F|
|poke|p2|Slowking-Galar, M|
|poke|p2|Tinkaton, F|
|poke|p2|Moltres|
|poke|p2|Great Tusk|
|poke|p2|Kyurem|
|teampreview
|
|t:|1743791494
|start
|switch|p1a: Ting-Lu|Ting-Lu|100/100
|switch|p2a: Sneaky Slippers|Kyurem|100/100
|-ability|p2a: Sneaky Slippers|Pressure
|-ability|p1a: Ting-Lu|Vessel of Ruin
|turn|1
|
|t:|1743791541
|move|p2a: Sneaky Slippers|Blizzard|p1a: Ting-Lu
|-supereffective|p1a: Ting-Lu
|-damage|p1a: Ting-Lu|25/100
|-status|p1a: Ting-Lu|frz
|cant|p1a: Ting-Lu|frz
|
|-heal|p1a: Ting-Lu|31/100 frz|[from] item: Leftovers
|upkeep
|turn|2
|
|t:|1743791558
|move|p2a: Sneaky Slippers|Blizzard|p1a: Ting-Lu
|-supereffective|p1a: Ting-Lu
|-damage|p1a: Ting-Lu|0 fnt
|faint|p1a: Ting-Lu
|
|upkeep
|
|t:|1743791586
|switch|p1a: Primarina|Primarina, F|100/100
|turn|3
|
|t:|1743791589
|switch|p2a: Glowking|Slowking-Galar, M|100/100
|-terastallize|p1a: Primarina|Steel
|move|p1a: Primarina|Substitute|p1a: Primarina
|-start|p1a: Primarina|Substitute
|-damage|p1a: Primarina|76/100
|
|-heal|p1a: Primarina|82/100|[from] item: Leftovers
|upkeep
|turn|4
|
|t:|1743791595
|move|p1a: Primarina|Calm Mind|p1a: Primarina
|-boost|p1a: Primarina|spa|1
|-boost|p1a: Primarina|spd|1
|-prepare|p2a: Glowking|Chilly Reception|[premajor]
|move|p2a: Glowking|Chilly Reception|p2a: Glowking
|-weather|Snowscape
|
|t:|1743791597
|switch|p2a: Pez|Tinkaton, F|100/100|[from] Chilly Reception
|-item|p2a: Pez|Air Balloon
|
|-weather|Snowscape|[upkeep]
|-heal|p1a: Primarina|88/100|[from] item: Leftovers
|upkeep
|turn|5
|
|t:|1743791599
|move|p2a: Pez|Encore|p1a: Primarina
|-start|p1a: Primarina|Encore
|move|p1a: Primarina|Calm Mind|p1a: Primarina
|-boost|p1a: Primarina|spa|1
|-boost|p1a: Primarina|spd|1
|
|-weather|Snowscape|[upkeep]
|-heal|p1a: Primarina|94/100|[from] item: Leftovers
|upkeep
|turn|6
|
|t:|1743791604
|switch|p1a: Zapdos|Zapdos|100/100
|move|p2a: Pez|Stealth Rock|p1a: Zapdos
|-sidestart|p1: Lati|move: Stealth Rock
|
|-weather|Snowscape|[upkeep]
|upkeep
|turn|7
|
|t:|1743791608
|switch|p2a: Glowking|Slowking-Galar, M|100/100
|move|p1a: Zapdos|Hurricane|p2a: Glowking
|-damage|p2a: Glowking|72/100
|
|-weather|Snowscape|[upkeep]
|upkeep
|turn|8
|
|t:|1743791614
|move|p1a: Zapdos|Volt Switch|p2a: Glowking
|-damage|p2a: Glowking|55/100
|
|t:|1743791618
|switch|p1a: Primarina|Primarina, F, tera:Steel|94/100|[from] Volt Switch
|-damage|p1a: Primarina|88/100|[from] Stealth Rock
|-prepare|p2a: Glowking|Chilly Reception|[premajor]
|move|p2a: Glowking|Chilly Reception|p2a: Glowking
|
|t:|1743791638
|switch|p2a: Mr. Craw|Crawdaunt, F, shiny|100/100|[from] Chilly Reception
|
|-weather|none
|-heal|p1a: Primarina|94/100|[from] item: Leftovers
|upkeep
|turn|9
|
|t:|1743791646
|switch|p1a: Zapdos|Zapdos|100/100
|move|p2a: Mr. Craw|Knock Off|p1a: Zapdos
|-damage|p1a: Zapdos|31/100
|-enditem|p1a: Zapdos|Heavy-Duty Boots|[from] move: Knock Off|[of] p2a: Mr. Craw
|
|upkeep
|turn|10
|
|t:|1743791651
|switch|p2a: Glowking|Slowking-Galar, M|88/100
|move|p1a: Zapdos|Roost|p1a: Zapdos
|-heal|p1a: Zapdos|81/100
|-singleturn|p1a: Zapdos|move: Roost
|
|upkeep
|turn|11
|
|t:|1743791656
|move|p1a: Zapdos|Discharge|p2a: Glowking
|-damage|p2a: Glowking|69/100
|-prepare|p2a: Glowking|Chilly Reception|[premajor]
|move|p2a: Glowking|Chilly Reception|p2a: Glowking
|-weather|Snowscape
|
|t:|1743791699
|switch|p2a: Sneaky Slippers|Kyurem|100/100|[from] Chilly Reception
|-ability|p2a: Sneaky Slippers|Pressure
|
|-weather|Snowscape|[upkeep]
|upkeep
|turn|12
|
|t:|1743791724
|move|p2a: Sneaky Slippers|Blizzard|p1a: Zapdos
|-supereffective|p1a: Zapdos
|-crit|p1a: Zapdos
|-damage|p1a: Zapdos|0 fnt
|faint|p1a: Zapdos
|
|-weather|Snowscape|[upkeep]
|upkeep
|
|t:|1743791726
|switch|p1a: Kyurem|Kyurem|100/100
|-damage|p1a: Kyurem|76/100|[from] Stealth Rock
|-ability|p1a: Kyurem|Pressure
|turn|13
|
|t:|1743791734
|move|p1a: Kyurem|Scale Shot|p2a: Sneaky Slippers
|-supereffective|p2a: Sneaky Slippers
|-damage|p2a: Sneaky Slippers|83/100
|-supereffective|p2a: Sneaky Slippers
|-damage|p2a: Sneaky Slippers|66/100
|-supereffective|p2a: Sneaky Slippers
|-damage|p2a: Sneaky Slippers|49/100
|-supereffective|p2a: Sneaky Slippers
|-damage|p2a: Sneaky Slippers|30/100
|-hitcount|p2a: Sneaky Slippers|4
|-unboost|p1a: Kyurem|def|1
|-boost|p1a: Kyurem|spe|1
|move|p2a: Sneaky Slippers|Blizzard|p1a: Kyurem
|-damage|p1a: Kyurem|0 fnt
|faint|p1a: Kyurem
|
|-weather|Snowscape|[upkeep]
|upkeep
|
|t:|1743791739
|switch|p1a: Zamazenta|Zamazenta|100/100
|-ability|p1a: Zamazenta|Dauntless Shield|boost
|-boost|p1a: Zamazenta|def|1
|turn|14
|
|t:|1743791744
|move|p1a: Zamazenta|Heavy Slam|p2a: Sneaky Slippers
|-supereffective|p2a: Sneaky Slippers
|-damage|p2a: Sneaky Slippers|12/100
|move|p2a: Sneaky Slippers|Blizzard|p1a: Zamazenta
|-damage|p1a: Zamazenta|22/100
|
|-weather|Snowscape|[upkeep]
|upkeep
|turn|15
|
|t:|1743791748
|switch|p2a: Chick Pea Soup|Moltres|100/100
|move|p1a: Zamazenta|Crunch|p2a: Chick Pea Soup
|-damage|p2a: Chick Pea Soup|81/100
|-status|p1a: Zamazenta|brn|[from] ability: Flame Body|[of] p2a: Chick Pea Soup
|
|-weather|none
|-damage|p1a: Zamazenta|16/100 brn|[from] brn
|upkeep
|turn|16
|
|t:|1743791753
|move|p1a: Zamazenta|Stone Edge|p2a: Chick Pea Soup
|-supereffective|p2a: Chick Pea Soup
|-damage|p2a: Chick Pea Soup|29/100
|move|p2a: Chick Pea Soup|U-turn|p1a: Zamazenta
|-resisted|p1a: Zamazenta
|-damage|p1a: Zamazenta|11/100 brn
|
|t:|1743791758
|switch|p2a: Glowking|Slowking-Galar, M|100/100|[from] U-turn
|
|-damage|p1a: Zamazenta|5/100 brn|[from] brn
|upkeep
|turn|17
|
|t:|1743791760
|move|p1a: Zamazenta|Crunch|p2a: Glowking
|-supereffective|p2a: Glowking
|-damage|p2a: Glowking|75/100
|-prepare|p2a: Glowking|Chilly Reception|[premajor]
|move|p2a: Glowking|Chilly Reception|p2a: Glowking
|-weather|Snowscape
|
|t:|1743791771
|switch|p2a: Chick Pea Soup|Moltres|29/100|[from] Chilly Reception
|
|-weather|Snowscape|[upkeep]
|-damage|p1a: Zamazenta|0 fnt|[from] brn
|faint|p1a: Zamazenta
|upkeep
|
|t:|1743791773
|switch|p1a: Great Tusk|Great Tusk|100/100
|-damage|p1a: Great Tusk|98/100|[from] Stealth Rock
|-enditem|p1a: Great Tusk|Booster Energy
|-activate|p1a: Great Tusk|ability: Protosynthesis|[fromitem]
|-start|p1a: Great Tusk|protosynthesisspe
|turn|18
|
|t:|1743791777
|move|p1a: Great Tusk|Ice Spinner|p2a: Chick Pea Soup
|-damage|p2a: Chick Pea Soup|10/100
|move|p2a: Chick Pea Soup|Roar|p1a: Great Tusk
|-end|p1a: Great Tusk|Protosynthesis|[silent]
|drag|p1a: Primarina|Primarina, F, tera:Steel|94/100
|-damage|p1a: Primarina|88/100|[from] Stealth Rock
|
|-weather|Snowscape|[upkeep]
|-heal|p1a: Primarina|94/100|[from] item: Leftovers
|upkeep
|turn|19
|
|t:|1743791786
|switch|p1a: Great Tusk|Great Tusk|98/100
|-damage|p1a: Great Tusk|95/100|[from] Stealth Rock
|move|p2a: Chick Pea Soup|Flamethrower|p1a: Great Tusk
|-damage|p1a: Great Tusk|50/100
|
|-weather|Snowscape|[upkeep]
|upkeep
|turn|20
|
|t:|1743791792
|move|p1a: Great Tusk|Rapid Spin|p2a: Chick Pea Soup
|-crit|p2a: Chick Pea Soup
|-damage|p2a: Chick Pea Soup|0 fnt
|-boost|p1a: Great Tusk|spe|1
|-sideend|p1: Lati|Stealth Rock|[from] move: Rapid Spin|[of] p1a: Great Tusk
|faint|p2a: Chick Pea Soup
|
|-weather|Snowscape|[upkeep]
|upkeep
|
|t:|1743791808
|switch|p2a: Mr. Craw|Crawdaunt, F, shiny|100/100
|turn|21
|
|t:|1743791811
|move|p2a: Mr. Craw|Aqua Jet|p1a: Great Tusk
|-supereffective|p1a: Great Tusk
|-damage|p1a: Great Tusk|0 fnt
|faint|p1a: Great Tusk
|-end|p1a: Great Tusk|Protosynthesis|[silent]
|
|-weather|none
|upkeep
|
|t:|1743791812
|switch|p1a: Primarina|Primarina, F, tera:Steel|94/100
|turn|22
|
|t:|1743791815
|move|p2a: Mr. Craw|Aqua Jet|p1a: Primarina
|-damage|p1a: Primarina|33/100
|move|p1a: Primarina|Moonblast|p2a: Mr. Craw
|-supereffective|p2a: Mr. Craw
|-damage|p2a: Mr. Craw|0 fnt
|faint|p2a: Mr. Craw
|
|-heal|p1a: Primarina|39/100|[from] item: Leftovers
|upkeep
|
|t:|1743791819
|switch|p2a: Sneaky Slippers|Kyurem|12/100
|-ability|p2a: Sneaky Slippers|Pressure
|turn|23
|
|t:|1743791822
|move|p2a: Sneaky Slippers|Earth Power|p1a: Primarina
|-supereffective|p1a: Primarina
|-damage|p1a: Primarina|0 fnt
|faint|p1a: Primarina
|
|win|Scrubby009
|raw|Lati's rating: 1589 &rarr; <strong>1568</strong><br />(-21 for losing)
|raw|Scrubby009's rating: 1566 &rarr; <strong>1587</strong><br />(+21 for winning)
|c|☆Lati|bg
|l|☆Lati
|player|p1|
|l|☆Scrubby009
|player|p2|
