|j|☆suparsayajin
|j|☆SpaceTemmie
|t:|1743785141
|gametype|singles
|player|p1|suparsayajin|1|1529
|player|p2|SpaceTemmie|n|1602
|teamsize|p1|6
|teamsize|p2|6
|gen|9
|tier|[Gen 9] OU
|rated|
|rule|HP Percentage Mod: HP is shown in percentages
|rule|Endless Battle Clause: Forcing endless battles is banned
|rule|Species Clause: Limit one of each Pokémon
|rule|OHKO Clause: OHKO moves are banned
|rule|Evasion Items Clause: Evasion items are banned
|rule|Evasion Moves Clause: Evasion moves are banned
|rule|Sleep Moves Clause: Sleep-inducing moves are banned
|clearpoke
|poke|p1|Zapdos|
|poke|p1|Greninja-*, M|
|poke|p1|Weavile, M|
|poke|p1|Garchomp, F|
|poke|p1|Snorlax, F|
|poke|p1|Excadrill, F|
|poke|p2|Quagsire, M|
|poke|p2|Blissey, F|
|poke|p2|Toxapex, M|
|poke|p2|Sinistcha|
|poke|p2|Gliscor, M|
|poke|p2|Corviknight, F|
|teampreview
|inactive|Battle timer is ON: inactive players will automatically lose when time's up. (requested by SpaceTemmie)
|inactive|suparsayajin also wants the timer to be on.
|
|t:|1743785155
|start
|switch|p1a: Weavile|Weavile, M|100/100
|switch|p2a: The Problem|Gliscor, M|100/100
|-ability|p1a: Weavile|Pressure
|turn|1
|c|☆suparsayajin|Third stall team in a row...
|
|t:|1743785168
|switch|p2a: The Stress|Corviknight, F|100/100
|-ability|p2a: The Stress|Pressure
|move|p1a: Weavile|Swords Dance|p1a: Weavile
|-boost|p1a: Weavile|atk|2
|
|upkeep
|turn|2
|
|t:|1743785173
|move|p1a: Weavile|Knock Off|p2a: The Stress
|-damage|p2a: The Stress|32/100
|-enditem|p2a: The Stress|Heavy-Duty Boots|[from] move: Knock Off|[of] p1a: Weavile
|move|p2a: The Stress|Roost|p2a: The Stress
|-heal|p2a: The Stress|82/100
|-singleturn|p2a: The Stress|move: Roost
|
|upkeep
|turn|3
|
|t:|1743785179
|move|p1a: Weavile|Triple Axel|p2a: The Stress
|-damage|p2a: The Stress|68/100
|-damage|p2a: The Stress|41/100
|-damage|p2a: The Stress|0 fnt
|faint|p2a: The Stress
|-hitcount|p2: The Stress|3
|
|upkeep
|c|☆SpaceTemmie|My bad
|
|t:|1743785190
|switch|p2a: The Trickster|Quagsire, M|100/100
|turn|4
|
|t:|1743785193
|move|p1a: Weavile|Knock Off|p2a: The Trickster
|-damage|p2a: The Trickster|65/100
|-enditem|p2a: The Trickster|Heavy-Duty Boots|[from] move: Knock Off|[of] p1a: Weavile
|move|p2a: The Trickster|Toxic|p1a: Weavile
|-status|p1a: Weavile|tox
|
|-damage|p1a: Weavile|94/100 tox|[from] psn
|upkeep
|turn|5
|
|t:|1743785201
|switch|p1a: Garchomp|Garchomp, F|100/100
|move|p2a: The Trickster|Recover|p2a: The Trickster
|-heal|p2a: The Trickster|100/100
|
|upkeep
|turn|6
|
|t:|1743785207
|switch|p2a: The Problem|Gliscor, M|100/100
|move|p1a: Garchomp|Stealth Rock|p2a: The Problem
|-sidestart|p2: SpaceTemmie|move: Stealth Rock
|
|-status|p2a: The Problem|tox|[from] item: Toxic Orb
|upkeep
|turn|7
|
|t:|1743785209
|move|p1a: Garchomp|Spikes|p2a: The Problem
|-sidestart|p2: SpaceTemmie|Spikes
|move|p2a: The Problem|Knock Off|p1a: Garchomp
|-damage|p1a: Garchomp|81/100
|-damage|p2a: The Problem|88/100 tox|[from] ability: Rough Skin|[of] p1a: Garchomp
|-damage|p2a: The Problem|72/100 tox|[from] item: Rocky Helmet|[of] p1a: Garchomp
|-enditem|p1a: Garchomp|Rocky Helmet|[from] move: Knock Off|[of] p2a: The Problem
|
|-heal|p2a: The Problem|84/100 tox|[from] ability: Poison Heal
|upkeep
|turn|8
|
|t:|1743785211
|move|p1a: Garchomp|Spikes|p2a: The Problem
|-sidestart|p2: SpaceTemmie|Spikes
|move|p2a: The Problem|Spikes|p1a: Garchomp
|-sidestart|p1: suparsayajin|Spikes
|
|-heal|p2a: The Problem|97/100 tox|[from] ability: Poison Heal
|upkeep
|turn|9
|
|t:|1743785213
|move|p1a: Garchomp|Spikes|p2a: The Problem
|-sidestart|p2: SpaceTemmie|Spikes
|move|p2a: The Problem|Spikes|p1a: Garchomp
|-sidestart|p1: suparsayajin|Spikes
|
|-heal|p2a: The Problem|100/100 tox|[from] ability: Poison Heal
|upkeep
|turn|10
|
|t:|1743785217
|switch|p1a: Excadrill|Excadrill, F|100/100
|-ability|p1a: Excadrill|Mold Breaker
|-item|p1a: Excadrill|Air Balloon
|move|p2a: The Problem|Spikes|p1a: Excadrill
|-sidestart|p1: suparsayajin|Spikes
|
|upkeep
|turn|11
|
|t:|1743785222
|switch|p2a: The Denial|Sinistcha|100/100
|move|p1a: Excadrill|Rapid Spin|p2a: The Denial
|-immune|p2a: The Denial
|
|upkeep
|turn|12
|
|t:|1743785226
|switch|p1a: Zapdos|Zapdos|100/100
|move|p2a: The Denial|Strength Sap|p1a: Zapdos
|-unboost|p1a: Zapdos|atk|1
|
|upkeep
|turn|13
|
|t:|1743785231
|switch|p2a: The Problem|Gliscor, M|100/100 tox
|-damage|p2a: The Problem|88/100 tox|[from] Stealth Rock
|move|p1a: Zapdos|Hurricane|p2a: The Problem
|-damage|p2a: The Problem|28/100 tox
|
|-heal|p2a: The Problem|41/100 tox|[from] ability: Poison Heal
|upkeep
|turn|14
|
|t:|1743785235
|switch|p1a: Excadrill|Excadrill, F|100/100
|-ability|p1a: Excadrill|Mold Breaker
|-item|p1a: Excadrill|Air Balloon
|move|p2a: The Problem|Protect||[still]
|-fail|p2a: The Problem
|
|-heal|p2a: The Problem|53/100 tox|[from] ability: Poison Heal
|upkeep
|turn|15
|
|t:|1743785238
|move|p2a: The Problem|Protect|p2a: The Problem
|-singleturn|p2a: The Problem|Protect
|move|p1a: Excadrill|Iron Head|p2a: The Problem
|-activate|p2a: The Problem|move: Protect
|
|-heal|p2a: The Problem|66/100 tox|[from] ability: Poison Heal
|upkeep
|turn|16
|
|t:|1743785244
|move|p1a: Excadrill|Rapid Spin|p2a: The Problem
|-damage|p2a: The Problem|51/100 tox
|-boost|p1a: Excadrill|spe|1
|-sideend|p1: suparsayajin|Spikes|[from] move: Rapid Spin|[of] p1a: Excadrill
|move|p2a: The Problem|Knock Off|p1a: Excadrill
|-damage|p1a: Excadrill|72/100
|-enditem|p1a: Excadrill|Air Balloon
|
|-heal|p2a: The Problem|64/100 tox|[from] ability: Poison Heal
|upkeep
|turn|17
|
|t:|1743785250
|switch|p1a: Greninja|Greninja, M|100/100
|move|p2a: The Problem|Spikes|p1a: Greninja
|-sidestart|p1: suparsayajin|Spikes
|
|-heal|p2a: The Problem|76/100 tox|[from] ability: Poison Heal
|upkeep
|turn|18
|
|t:|1743785252
|switch|p2a: The Constant|Blissey, F|100/100
|move|p1a: Greninja|Ice Beam|p2a: The Constant
|-damage|p2a: The Constant|92/100
|
|upkeep
|turn|19
|
|t:|1743785255
|switch|p1a: Garchomp|Garchomp, F|81/100
|-damage|p1a: Garchomp|68/100|[from] Spikes
|move|p2a: The Constant|Seismic Toss|p1a: Garchomp
|-damage|p1a: Garchomp|45/100
|-damage|p2a: The Constant|80/100|[from] ability: Rough Skin|[of] p1a: Garchomp
|
|upkeep
|turn|20
|
|t:|1743785257
|switch|p2a: The Problem|Gliscor, M|76/100 tox
|-damage|p2a: The Problem|64/100 tox|[from] Stealth Rock
|move|p1a: Garchomp|Dragon Tail|p2a: The Problem
|-damage|p2a: The Problem|42/100 tox
|drag|p2a: The Trickster|Quagsire, M|100/100
|-damage|p2a: The Trickster|94/100|[from] Stealth Rock
|-damage|p2a: The Trickster|70/100|[from] Spikes
|
|upkeep
|turn|21
|
|t:|1743785266
|move|p2a: The Trickster|Toxic|p1a: Garchomp
|-status|p1a: Garchomp|tox
|move|p1a: Garchomp|Dragon Tail|p2a: The Trickster
|-damage|p2a: The Trickster|51/100
|drag|p2a: The Problem|Gliscor, M|42/100 tox
|-damage|p2a: The Problem|29/100 tox|[from] Stealth Rock
|
|-damage|p1a: Garchomp|38/100 tox|[from] psn
|-heal|p2a: The Problem|42/100 tox|[from] ability: Poison Heal
|upkeep
|turn|22
|
|t:|1743785270
|switch|p1a: Zapdos|Zapdos|100/100
|move|p2a: The Problem|Spikes|p1a: Zapdos
|-sidestart|p1: suparsayajin|Spikes
|
|-heal|p2a: The Problem|54/100 tox|[from] ability: Poison Heal
|upkeep
|turn|23
|
|t:|1743785271
|move|p2a: The Problem|Protect|p2a: The Problem
|-singleturn|p2a: The Problem|Protect
|move|p1a: Zapdos|Hurricane|p2a: The Problem
|-activate|p2a: The Problem|move: Protect
|
|-heal|p2a: The Problem|67/100 tox|[from] ability: Poison Heal
|upkeep
|turn|24
|
|t:|1743785274
|move|p1a: Zapdos|Hurricane|p2a: The Problem|[miss]
|-miss|p1a: Zapdos|p2a: The Problem
|move|p2a: The Problem|Knock Off|p1a: Zapdos
|-damage|p1a: Zapdos|76/100
|-enditem|p1a: Zapdos|Choice Scarf|[from] move: Knock Off|[of] p2a: The Problem
|
|-heal|p2a: The Problem|79/100 tox|[from] ability: Poison Heal
|upkeep
|turn|25
|
|t:|1743785276
|move|p1a: Zapdos|Hurricane|p2a: The Problem
|-damage|p2a: The Problem|24/100 tox
|move|p2a: The Problem|Spikes|p1a: Zapdos
|-sidestart|p1: suparsayajin|Spikes
|
|-heal|p2a: The Problem|37/100 tox|[from] ability: Poison Heal
|upkeep
|turn|26
|
|t:|1743785279
|move|p2a: The Problem|Protect|p2a: The Problem
|-singleturn|p2a: The Problem|Protect
|move|p1a: Zapdos|Hurricane|p2a: The Problem
|-activate|p2a: The Problem|move: Protect
|
|-heal|p2a: The Problem|49/100 tox|[from] ability: Poison Heal
|upkeep
|turn|27
|
|t:|1743785282
|switch|p2a: The Constant|Blissey, F|80/100
|move|p1a: Zapdos|Hurricane|p2a: The Constant
|-damage|p2a: The Constant|61/100
|
|upkeep
|turn|28
|
|t:|1743785285
|move|p1a: Zapdos|Volt Switch|p2a: The Constant
|-damage|p2a: The Constant|49/100
|
|t:|1743785288
|switch|p1a: Garchomp|Garchomp, F|38/100 tox|[from] Volt Switch
|-damage|p1a: Garchomp|13/100 tox|[from] Spikes
|move|p2a: The Constant|Soft-Boiled|p2a: The Constant
|-heal|p2a: The Constant|99/100
|
|-damage|p1a: Garchomp|7/100 tox|[from] psn
|upkeep
|turn|29
|
|t:|1743785295
|switch|p2a: The Inevitable|Toxapex, M|100/100
|move|p1a: Garchomp|Dragon Tail|p2a: The Inevitable
|-damage|p2a: The Inevitable|82/100
|drag|p2a: The Constant|Blissey, F|99/100
|
|-damage|p1a: Garchomp|0 fnt|[from] psn
|faint|p1a: Garchomp
|upkeep
|
|t:|1743785302
|switch|p1a: Weavile|Weavile, M|94/100 tox
|-damage|p1a: Weavile|70/100 tox|[from] Spikes
|-ability|p1a: Weavile|Pressure
|turn|30
|
|t:|1743785306
|switch|p2a: The Trickster|Quagsire, M|51/100
|-damage|p2a: The Trickster|45/100|[from] Stealth Rock
|-damage|p2a: The Trickster|20/100|[from] Spikes
|move|p1a: Weavile|Knock Off|p2a: The Trickster
|-damage|p2a: The Trickster|0 fnt
|faint|p2a: The Trickster
|
|-damage|p1a: Weavile|64/100 tox|[from] psn
|upkeep
|
|t:|1743785309
|switch|p2a: The Inevitable|Toxapex, M|100/100
|turn|31
|
|t:|1743785311
|move|p1a: Weavile|Knock Off|p2a: The Inevitable
|-damage|p2a: The Inevitable|62/100
|-enditem|p2a: The Inevitable|Heavy-Duty Boots|[from] move: Knock Off|[of] p1a: Weavile
|move|p2a: The Inevitable|Toxic Spikes|p1a: Weavile
|-sidestart|p1: suparsayajin|move: Toxic Spikes
|
|-damage|p1a: Weavile|52/100 tox|[from] psn
|upkeep
|turn|32
|
|t:|1743785315
|switch|p1a: Excadrill|Excadrill, F|72/100
|-damage|p1a: Excadrill|47/100|[from] Spikes
|-ability|p1a: Excadrill|Mold Breaker
|move|p2a: The Inevitable|Recover|p2a: The Inevitable
|-heal|p2a: The Inevitable|100/100
|
|upkeep
|turn|33
|
|t:|1743785317
|switch|p2a: The Denial|Sinistcha|100/100
|move|p1a: Excadrill|Rapid Spin|p2a: The Denial
|-immune|p2a: The Denial
|
|upkeep
|turn|34
|
|t:|1743785319
|switch|p1a: Zapdos|Zapdos|76/100
|move|p2a: The Denial|Matcha Gotcha|p1a: Zapdos
|-resisted|p1a: Zapdos
|-damage|p1a: Zapdos|58/100
|-status|p1a: Zapdos|brn
|
|-damage|p1a: Zapdos|52/100 brn|[from] brn
|upkeep
|turn|35
|
|t:|1743785325
|switch|p2a: The Constant|Blissey, F|99/100
|move|p1a: Zapdos|Hurricane|p2a: The Constant
|-damage|p2a: The Constant|81/100
|
|-damage|p1a: Zapdos|46/100 brn|[from] brn
|upkeep
|turn|36
|
|t:|1743785331
|move|p1a: Zapdos|Volt Switch|p2a: The Constant
|-damage|p2a: The Constant|70/100
|
|t:|1743785332
|switch|p1a: Weavile|Weavile, M|52/100 tox|[from] Volt Switch
|-damage|p1a: Weavile|27/100 tox|[from] Spikes
|-ability|p1a: Weavile|Pressure
|move|p2a: The Constant|Seismic Toss|p1a: Weavile
|-damage|p1a: Weavile|0 fnt
|faint|p1a: Weavile
|
|upkeep
|
|t:|1743785333
|switch|p1a: Excadrill|Excadrill, F|47/100
|-damage|p1a: Excadrill|22/100|[from] Spikes
|-ability|p1a: Excadrill|Mold Breaker
|turn|37
|
|t:|1743785338
|switch|p2a: The Denial|Sinistcha|100/100
|move|p1a: Excadrill|Iron Head|p2a: The Denial
|-damage|p2a: The Denial|70/100
|
|upkeep
|turn|38
|
|t:|1743785342
|switch|p1a: Zapdos|Zapdos|46/100 brn
|move|p2a: The Denial|Strength Sap|p1a: Zapdos
|-unboost|p1a: Zapdos|atk|1
|-heal|p2a: The Denial|100/100
|
|-damage|p1a: Zapdos|39/100 brn|[from] brn
|upkeep
|turn|39
|
|t:|1743785345
|switch|p2a: The Constant|Blissey, F|70/100
|move|p1a: Zapdos|Hurricane|p2a: The Constant|[miss]
|-miss|p1a: Zapdos|p2a: The Constant
|
|-damage|p1a: Zapdos|33/100 brn|[from] brn
|upkeep
|turn|40
|
|t:|1743785348
|move|p1a: Zapdos|Hurricane|p2a: The Constant|[miss]
|-miss|p1a: Zapdos|p2a: The Constant
|move|p2a: The Constant|Soft-Boiled|p2a: The Constant
|-heal|p2a: The Constant|100/100
|
|-damage|p1a: Zapdos|27/100 brn|[from] brn
|upkeep
|turn|41
|
|t:|1743785349
|move|p1a: Zapdos|Thunderbolt|p2a: The Constant
|-damage|p2a: The Constant|84/100
|move|p2a: The Constant|Seismic Toss|p1a: Zapdos
|-damage|p1a: Zapdos|0 fnt
|faint|p1a: Zapdos
|
|upkeep
|
|t:|1743785351
|switch|p1a: Excadrill|Excadrill, F|22/100
|-damage|p1a: Excadrill|0 fnt|[from] Spikes
|faint|p1a: Excadrill
|
|t:|1743785353
|switch|p1a: Greninja|Greninja, M|100/100
|-damage|p1a: Greninja|76/100|[from] Spikes
|-status|p1a: Greninja|psn
|turn|42
|
|t:|1743785355
|move|p1a: Greninja|Dark Pulse|p2a: The Constant
|-damage|p2a: The Constant|72/100
|move|p2a: The Constant|Seismic Toss|p1a: Greninja
|-damage|p1a: Greninja|41/100 psn
|
|-damage|p1a: Greninja|28/100 psn|[from] psn
|upkeep
|turn|43
|
|t:|1743785357
|move|p1a: Greninja|Dark Pulse|p2a: The Constant
|-damage|p2a: The Constant|62/100
|move|p2a: The Constant|Soft-Boiled|p2a: The Constant
|-heal|p2a: The Constant|100/100
|
|-damage|p1a: Greninja|16/100 psn|[from] psn
|upkeep
|turn|44
|
|t:|1743785358
|move|p1a: Greninja|Dark Pulse|p2a: The Constant
|-damage|p2a: The Constant|89/100
|move|p2a: The Constant|Seismic Toss|p1a: Greninja
|-damage|p1a: Greninja|0 fnt
|faint|p1a: Greninja
|
|upkeep
|
|t:|1743785360
|switch|p1a: Snorlax|Snorlax, F|100/100
|-damage|p1a: Snorlax|75/100|[from] Spikes
|-status|p1a: Snorlax|psn
|turn|45
|c|☆SpaceTemmie|Ggwp
|
|t:|1743785365
|switch|p2a: The Problem|Gliscor, M|49/100 tox
|-damage|p2a: The Problem|37/100 tox|[from] Stealth Rock
|move|p1a: Snorlax|Curse|p1a: Snorlax
|-unboost|p1a: Snorlax|spe|1
|-boost|p1a: Snorlax|atk|1
|-boost|p1a: Snorlax|def|1
|
|-heal|p1a: Snorlax|82/100 psn|[from] item: Leftovers
|-heal|p2a: The Problem|49/100 tox|[from] ability: Poison Heal
|-damage|p1a: Snorlax|69/100 psn|[from] psn
|upkeep
|turn|46
|
|t:|1743785387
|move|p2a: The Problem|Knock Off|p1a: Snorlax
|-damage|p1a: Snorlax|57/100 psn
|-enditem|p1a: Snorlax|Leftovers|[from] move: Knock Off|[of] p2a: The Problem
|move|p1a: Snorlax|Body Slam|p2a: The Problem
|-damage|p2a: The Problem|12/100 tox
|
|-heal|p2a: The Problem|25/100 tox|[from] ability: Poison Heal
|-damage|p1a: Snorlax|45/100 psn|[from] psn
|upkeep
|turn|47
|
|t:|1743785394
|move|p2a: The Problem|Protect|p2a: The Problem
|-singleturn|p2a: The Problem|Protect
|move|p1a: Snorlax|Curse|p1a: Snorlax
|-unboost|p1a: Snorlax|spe|1
|-boost|p1a: Snorlax|atk|1
|-boost|p1a: Snorlax|def|1
|
|-heal|p2a: The Problem|37/100 tox|[from] ability: Poison Heal
|-damage|p1a: Snorlax|32/100 psn|[from] psn
|upkeep
|turn|48
|
|t:|1743785397
|switch|p2a: The Denial|Sinistcha|100/100
|move|p1a: Snorlax|Heat Crash|p2a: The Denial
|-supereffective|p2a: The Denial
|-damage|p2a: The Denial|60/100
|
|-damage|p1a: Snorlax|20/100 psn|[from] psn
|upkeep
|turn|49
|
|t:|1743785400
|move|p2a: The Denial|Strength Sap|p1a: Snorlax
|-unboost|p1a: Snorlax|atk|1
|-heal|p2a: The Denial|100/100
|move|p1a: Snorlax|Rest|p1a: Snorlax
|-status|p1a: Snorlax|slp|[from] move: Rest
|-heal|p1a: Snorlax|100/100 slp|[silent]
|
|upkeep
|turn|50
|
|t:|1743785413
|switch|p2a: The Inevitable|Toxapex, M|100/100
|-damage|p2a: The Inevitable|88/100|[from] Stealth Rock
|-damage|p2a: The Inevitable|64/100|[from] Spikes
|cant|p1a: Snorlax|slp
|
|upkeep
|turn|51
|
|t:|1743785417
|move|p2a: The Inevitable|Haze|p2a: The Inevitable
|-clearallboost
|cant|p1a: Snorlax|slp
|
|upkeep
|turn|52
|
|t:|1743785432
|switch|p2a: The Problem|Gliscor, M|37/100 tox
|-damage|p2a: The Problem|25/100 tox|[from] Stealth Rock
|-curestatus|p1a: Snorlax|slp|[msg]
|move|p1a: Snorlax|Body Slam|p2a: The Problem
|-damage|p2a: The Problem|0 fnt
|faint|p2a: The Problem
|
|upkeep
|
|t:|1743785437
|switch|p2a: The Denial|Sinistcha|100/100
|turn|53
|
|t:|1743785442
|move|p2a: The Denial|Matcha Gotcha|p1a: Snorlax
|-damage|p1a: Snorlax|84/100
|-status|p1a: Snorlax|brn
|move|p1a: Snorlax|Heat Crash|p2a: The Denial
|-supereffective|p2a: The Denial
|-damage|p2a: The Denial|89/100
|
|-damage|p1a: Snorlax|78/100 brn|[from] brn
|upkeep
|turn|54
|
|t:|1743785450
|move|p2a: The Denial|Foul Play|p1a: Snorlax
|-damage|p1a: Snorlax|59/100 brn
|move|p1a: Snorlax|Heat Crash|p2a: The Denial
|-supereffective|p2a: The Denial
|-damage|p2a: The Denial|79/100
|
|-damage|p1a: Snorlax|53/100 brn|[from] brn
|upkeep
|turn|55
|
|t:|1743785455
|move|p2a: The Denial|Foul Play|p1a: Snorlax
|-damage|p1a: Snorlax|32/100 brn
|move|p1a: Snorlax|Rest|p1a: Snorlax
|-status|p1a: Snorlax|slp|[from] move: Rest
|-heal|p1a: Snorlax|100/100 slp|[silent]
|
|upkeep
|turn|56
|
|t:|1743785466
|move|p2a: The Denial|Matcha Gotcha|p1a: Snorlax
|-damage|p1a: Snorlax|84/100 slp
|-heal|p2a: The Denial|92/100|[from] drain|[of] p1a: Snorlax
|cant|p1a: Snorlax|slp
|
|upkeep
|turn|57
|
|t:|1743785472
|move|p2a: The Denial|Matcha Gotcha|p1a: Snorlax
|-damage|p1a: Snorlax|68/100 slp
|-heal|p2a: The Denial|100/100|[from] drain|[of] p1a: Snorlax
|cant|p1a: Snorlax|slp
|
|upkeep
|turn|58
|
|t:|1743785475
|move|p2a: The Denial|Matcha Gotcha|p1a: Snorlax|[miss]
|-miss|p2a: The Denial|p1a: Snorlax
|-curestatus|p1a: Snorlax|slp|[msg]
|move|p1a: Snorlax|Curse|p1a: Snorlax
|-unboost|p1a: Snorlax|spe|1
|-boost|p1a: Snorlax|atk|1
|-boost|p1a: Snorlax|def|1
|
|upkeep
|turn|59
|
|t:|1743785478
|move|p2a: The Denial|Strength Sap|p1a: Snorlax
|-unboost|p1a: Snorlax|atk|1
|move|p1a: Snorlax|Heat Crash|p2a: The Denial
|-supereffective|p2a: The Denial
|-damage|p2a: The Denial|79/100
|
|upkeep
|turn|60
|
|t:|1743785483
|move|p2a: The Denial|Foul Play|p1a: Snorlax
|-damage|p1a: Snorlax|54/100
|move|p1a: Snorlax|Curse|p1a: Snorlax
|-unboost|p1a: Snorlax|spe|1
|-boost|p1a: Snorlax|atk|1
|-boost|p1a: Snorlax|def|1
|
|upkeep
|turn|61
|
|t:|1743785499
|move|p2a: The Denial|Strength Sap|p1a: Snorlax
|-unboost|p1a: Snorlax|atk|1
|-heal|p2a: The Denial|100/100
|move|p1a: Snorlax|Curse|p1a: Snorlax
|-unboost|p1a: Snorlax|spe|1
|-boost|p1a: Snorlax|atk|1
|-boost|p1a: Snorlax|def|1
|
|upkeep
|turn|62
|
|t:|1743785504
|move|p2a: The Denial|Foul Play|p1a: Snorlax
|-damage|p1a: Snorlax|41/100
|move|p1a: Snorlax|Heat Crash|p2a: The Denial
|-supereffective|p2a: The Denial
|-damage|p2a: The Denial|66/100
|
|upkeep
|turn|63
|
|t:|1743785506
|move|p2a: The Denial|Strength Sap|p1a: Snorlax
|-unboost|p1a: Snorlax|atk|1
|-heal|p2a: The Denial|100/100
|move|p1a: Snorlax|Heat Crash|p2a: The Denial
|-supereffective|p2a: The Denial
|-damage|p2a: The Denial|76/100
|
|upkeep
|turn|64
|
|t:|1743785510
|move|p2a: The Denial|Foul Play|p1a: Snorlax
|-damage|p1a: Snorlax|33/100
|move|p1a: Snorlax|Heat Crash|p2a: The Denial
|-supereffective|p2a: The Denial
|-damage|p2a: The Denial|53/100
|
|upkeep
|turn|65
|
|t:|1743785513
|move|p2a: The Denial|Strength Sap|p1a: Snorlax
|-unboost|p1a: Snorlax|atk|1
|-heal|p2a: The Denial|100/100
|move|p1a: Snorlax|Heat Crash|p2a: The Denial
|-supereffective|p2a: The Denial
|-damage|p2a: The Denial|84/100
|
|upkeep
|turn|66
|
|t:|1743785520
|move|p2a: The Denial|Matcha Gotcha|p1a: Snorlax
|-damage|p1a: Snorlax|17/100
|-heal|p2a: The Denial|97/100|[from] drain|[of] p1a: Snorlax
|move|p1a: Snorlax|Heat Crash|p2a: The Denial
|-supereffective|p2a: The Denial
|-damage|p2a: The Denial|83/100
|
|upkeep
|turn|67
|
|t:|1743785524
|move|p2a: The Denial|Matcha Gotcha|p1a: Snorlax
|-damage|p1a: Snorlax|1/100
|-heal|p2a: The Denial|96/100|[from] drain|[of] p1a: Snorlax
|move|p1a: Snorlax|Rest|p1a: Snorlax
|-status|p1a: Snorlax|slp|[from] move: Rest
|-heal|p1a: Snorlax|100/100 slp|[silent]
|
|upkeep
|turn|68
|
|t:|1743785531
|switch|p2a: The Inevitable|Toxapex, M|97/100
|-damage|p2a: The Inevitable|85/100|[from] Stealth Rock
|-damage|p2a: The Inevitable|60/100|[from] Spikes
|cant|p1a: Snorlax|slp
|
|upkeep
|turn|69
|
|t:|1743785538
|move|p2a: The Inevitable|Haze|p2a: The Inevitable
|-clearallboost
|cant|p1a: Snorlax|slp
|
|upkeep
|turn|70
|
|t:|1743785541
|switch|p2a: The Denial|Sinistcha|96/100
|-curestatus|p1a: Snorlax|slp|[msg]
|move|p1a: Snorlax|Body Slam|p2a: The Denial
|-immune|p2a: The Denial
|
|upkeep
|turn|71
|
|t:|1743785546
|move|p2a: The Denial|Matcha Gotcha|p1a: Snorlax
|-damage|p1a: Snorlax|85/100
|-heal|p2a: The Denial|100/100|[from] drain|[of] p1a: Snorlax
|move|p1a: Snorlax|Curse|p1a: Snorlax
|-unboost|p1a: Snorlax|spe|1
|-boost|p1a: Snorlax|atk|1
|-boost|p1a: Snorlax|def|1
|
|upkeep
|turn|72
|
|t:|1743785550
|move|p2a: The Denial|Matcha Gotcha|p1a: Snorlax
|-damage|p1a: Snorlax|69/100
|-status|p1a: Snorlax|brn
|move|p1a: Snorlax|Heat Crash|p2a: The Denial
|-supereffective|p2a: The Denial
|-damage|p2a: The Denial|83/100
|
|-damage|p1a: Snorlax|63/100 brn|[from] brn
|upkeep
|turn|73
|
|t:|1743785556
|move|p2a: The Denial|Foul Play|p1a: Snorlax
|-crit|p1a: Snorlax
|-damage|p1a: Snorlax|18/100 brn
|move|p1a: Snorlax|Rest|p1a: Snorlax
|-status|p1a: Snorlax|slp|[from] move: Rest
|-heal|p1a: Snorlax|100/100 slp|[silent]
|
|upkeep
|turn|74
|
|t:|1743785559
|switch|p2a: The Inevitable|Toxapex, M|93/100
|-damage|p2a: The Inevitable|81/100|[from] Stealth Rock
|-damage|p2a: The Inevitable|56/100|[from] Spikes
|cant|p1a: Snorlax|slp
|
|upkeep
|turn|75
|
|t:|1743785562
|move|p2a: The Inevitable|Haze|p2a: The Inevitable
|-clearallboost
|cant|p1a: Snorlax|slp
|
|upkeep
|turn|76
|
|t:|1743785565
|switch|p2a: The Denial|Sinistcha|83/100
|-curestatus|p1a: Snorlax|slp|[msg]
|move|p1a: Snorlax|Heat Crash|p2a: The Denial
|-supereffective|p2a: The Denial
|-damage|p2a: The Denial|59/100
|
|upkeep
|turn|77
|
|t:|1743785569
|move|p2a: The Denial|Strength Sap|p1a: Snorlax
|-unboost|p1a: Snorlax|atk|1
|-heal|p2a: The Denial|100/100
|move|p1a: Snorlax|Heat Crash|p2a: The Denial
|-supereffective|p2a: The Denial
|-damage|p2a: The Denial|84/100
|
|upkeep
|turn|78
|
|t:|1743785571
|move|p2a: The Denial|Matcha Gotcha|p1a: Snorlax|[miss]
|-miss|p2a: The Denial|p1a: Snorlax
|move|p1a: Snorlax|Curse|p1a: Snorlax
|-unboost|p1a: Snorlax|spe|1
|-boost|p1a: Snorlax|atk|1
|-boost|p1a: Snorlax|def|1
|
|upkeep
|turn|79
|
|t:|1743785577
|move|p2a: The Denial|Matcha Gotcha|p1a: Snorlax
|-damage|p1a: Snorlax|86/100
|-heal|p2a: The Denial|96/100|[from] drain|[of] p1a: Snorlax
|move|p1a: Snorlax|Curse|p1a: Snorlax
|-unboost|p1a: Snorlax|spe|1
|-boost|p1a: Snorlax|atk|1
|-boost|p1a: Snorlax|def|1
|
|upkeep
|turn|80
|
|t:|1743785580
|move|p2a: The Denial|Foul Play|p1a: Snorlax
|-damage|p1a: Snorlax|70/100
|move|p1a: Snorlax|Heat Crash|p2a: The Denial
|-supereffective|p2a: The Denial
|-damage|p2a: The Denial|65/100
|
|upkeep
|turn|81
|
|t:|1743785582
|move|p2a: The Denial|Strength Sap|p1a: Snorlax
|-unboost|p1a: Snorlax|atk|1
|-heal|p2a: The Denial|100/100
|move|p1a: Snorlax|Heat Crash|p2a: The Denial
|-supereffective|p2a: The Denial
|-damage|p2a: The Denial|78/100
|
|upkeep
|turn|82
|
|t:|1743785604
|move|p2a: The Denial|Matcha Gotcha|p1a: Snorlax
|-damage|p1a: Snorlax|55/100
|-heal|p2a: The Denial|90/100|[from] drain|[of] p1a: Snorlax
|move|p1a: Snorlax|Rest|p1a: Snorlax
|-status|p1a: Snorlax|slp|[from] move: Rest
|-heal|p1a: Snorlax|100/100 slp|[silent]
|
|upkeep
|turn|83
|
|t:|1743785611
|switch|p2a: The Inevitable|Toxapex, M|90/100
|-damage|p2a: The Inevitable|77/100|[from] Stealth Rock
|-damage|p2a: The Inevitable|53/100|[from] Spikes
|cant|p1a: Snorlax|slp
|
|upkeep
|turn|84
|
|t:|1743785614
|move|p2a: The Inevitable|Toxic||[still]
|-fail|p2a: The Inevitable
|cant|p1a: Snorlax|slp
|
|upkeep
|turn|85
|
|t:|1743785616
|switch|p2a: The Denial|Sinistcha|90/100
|-curestatus|p1a: Snorlax|slp|[msg]
|move|p1a: Snorlax|Body Slam|p2a: The Denial
|-immune|p2a: The Denial
|
|upkeep
|turn|86
|
|t:|1743785618
|-terastallize|p1a: Snorlax|Ghost
|move|p2a: The Denial|Matcha Gotcha|p1a: Snorlax
|-damage|p1a: Snorlax|85/100
|-heal|p2a: The Denial|100/100|[from] drain|[of] p1a: Snorlax
|move|p1a: Snorlax|Curse|p2a: The Denial
|-start|p2a: The Denial|Curse|[of] p1a: Snorlax
|-damage|p1a: Snorlax|35/100
|
|-damage|p2a: The Denial|76/100|[from] Curse
|upkeep
|turn|87
|
|t:|1743785627
|switch|p2a: The Inevitable|Toxapex, M|86/100
|-damage|p2a: The Inevitable|74/100|[from] Stealth Rock
|-damage|p2a: The Inevitable|49/100|[from] Spikes
|move|p1a: Snorlax|Rest|p1a: Snorlax
|-status|p1a: Snorlax|slp|[from] move: Rest
|-heal|p1a: Snorlax|100/100 slp|[silent]
|
|upkeep
|turn|88
|j| femballin
|
|t:|1743785631
|move|p2a: The Inevitable|Recover|p2a: The Inevitable
|-heal|p2a: The Inevitable|99/100
|cant|p1a: Snorlax|slp
|
|upkeep
|turn|89
|
|t:|1743785633
|switch|p2a: The Denial|Sinistcha|76/100
|cant|p1a: Snorlax|slp
|
|upkeep
|turn|90
|
|t:|1743785635
|move|p2a: The Denial|Hex|p1a: Snorlax
|-supereffective|p1a: Snorlax
|-damage|p1a: Snorlax|48/100 slp
|-curestatus|p1a: Snorlax|slp|[msg]
|move|p1a: Snorlax|Curse|p2a: The Denial
|-start|p2a: The Denial|Curse|[of] p1a: Snorlax
|-damage|p1a: Snorlax|0 fnt
|faint|p1a: Snorlax
|
|win|SpaceTemmie
|raw|suparsayajin's rating: 1529 &rarr; <strong>1513</strong><br />(-16 for losing)
|raw|SpaceTemmie's rating: 1602 &rarr; <strong>1618</strong><br />(+16 for winning)
|l|☆suparsayajin
|player|p1|
|c|☆SpaceTemmie|Ggwp
|l| femballin
|l|☆SpaceTemmie
|player|p2|
