|j|☆deathcrusha
|j|☆vluby
|t:|1743914406
|gametype|singles
|player|p1|deathcrusha|gentleman|1170
|player|p2|vluby|265|1130
|teamsize|p1|6
|teamsize|p2|6
|gen|9
|tier|[Gen 9] OU
|rated|
|rule|HP Percentage Mod: HP is shown in percentages
|rule|Endless Battle Clause: Forcing endless battles is banned
|rule|Species Clause: Limit one of each Pokémon
|rule|OHKO Clause: OHKO moves are banned
|rule|Evasion Items Clause: Evasion items are banned
|rule|Evasion Moves Clause: Evasion moves are banned
|rule|Sleep Moves Clause: Sleep-inducing moves are banned
|clearpoke
|poke|p1|Garganacl, M|
|poke|p1|Weezing-Galar, F|
|poke|p1|Corviknight, M|
|poke|p1|Dragapult, M|
|poke|p1|Slowking-Galar, F|
|poke|p1|Samurott-Hisui, F|
|poke|p2|Mudsdale, M|
|poke|p2|Blaziken, M|
|poke|p2|Ogerpon-Wellspring, F|
|poke|p2|Gholdengo|
|poke|p2|Pecharunt|
|poke|p2|Kyurem|
|teampreview
|
|t:|1743914422
|start
|switch|p1a: plug|Garganacl, M|100/100
|switch|p2a: Ogerpon|Ogerpon-Wellspring, F|100/100
|turn|1
|
|t:|1743914433
|-terastallize|p1a: plug|Fairy
|move|p1a: plug|Protect|p1a: plug
|-singleturn|p1a: plug|Protect
|move|p2a: Ogerpon|Ivy Cudgel|p1a: plug|[anim] Ivy Cudgel Water
|-activate|p1a: plug|move: Protect
|
|upkeep
|turn|2
|
|t:|1743914444
|move|p2a: Ogerpon|Leech Seed|p1a: plug
|-start|p1a: plug|move: Leech Seed
|move|p1a: plug|Salt Cure|p2a: Ogerpon
|-damage|p2a: Ogerpon|85/100
|-start|p2a: Ogerpon|Salt Cure
|
|-damage|p1a: plug|88/100|[from] Leech Seed|[of] p2a: Ogerpon
|-heal|p2a: Ogerpon|98/100|[silent]
|-damage|p2a: Ogerpon|73/100|[from] Salt Cure
|upkeep
|turn|3
|
|t:|1743914469
|switch|p2a: Mudsdale|Mudsdale, M, shiny|100/100
|switch|p1a: reefer|Weezing-Galar, F|100/100
|-ability|p1a: reefer|Neutralizing Gas
|
|upkeep
|turn|4
|
|t:|1743914483
|-end|p1a: reefer|ability: Neutralizing Gas
|switch|p1a: stop|Corviknight, M|100/100
|-ability|p1a: stop|Pressure
|move|p2a: Mudsdale|Body Slam|p1a: stop
|-resisted|p1a: stop
|-damage|p1a: stop|93/100
|-damage|p2a: Mudsdale|84/100|[from] item: Rocky Helmet|[of] p1a: stop
|
|-heal|p2a: Mudsdale|90/100|[from] item: Leftovers
|upkeep
|turn|5
|inactive|Battle timer is ON: inactive players will automatically lose when time's up. (requested by vluby)
|
|t:|1743914504
|move|p1a: stop|Iron Defense|p1a: stop
|-boost|p1a: stop|def|2
|move|p2a: Mudsdale|Roar|p1a: stop
|drag|p1a: reefer|Weezing-Galar, F|100/100
|-ability|p1a: reefer|Neutralizing Gas
|
|-heal|p2a: Mudsdale|96/100|[from] item: Leftovers
|upkeep
|turn|6
|
|t:|1743914520
|-end|p1a: reefer|ability: Neutralizing Gas
|switch|p1a: stop|Corviknight, M|93/100
|-ability|p1a: stop|Pressure
|switch|p2a: Pecharunt|Pecharunt|100/100
|
|upkeep
|turn|7
|
|t:|1743914534
|move|p2a: Pecharunt|Shadow Ball|p1a: stop
|-damage|p1a: stop|62/100
|move|p1a: stop|Brave Bird|p2a: Pecharunt
|-damage|p2a: Pecharunt|73/100
|-damage|p1a: stop|54/100|[from] Recoil
|
|upkeep
|turn|8
|
|t:|1743914545
|move|p2a: Pecharunt|Shadow Ball|p1a: stop
|-damage|p1a: stop|22/100
|move|p1a: stop|Roost|p1a: stop
|-heal|p1a: stop|72/100
|-singleturn|p1a: stop|move: Roost
|
|upkeep
|turn|9
|
|t:|1743914555
|move|p2a: Pecharunt|Shadow Ball|p1a: stop
|-damage|p1a: stop|42/100
|move|p1a: stop|Roost|p1a: stop
|-heal|p1a: stop|92/100
|-singleturn|p1a: stop|move: Roost
|
|upkeep
|turn|10
|
|t:|1743914567
|switch|p1a: goat|Slowking-Galar, F|100/100
|move|p2a: Pecharunt|Shadow Ball|p1a: goat
|-supereffective|p1a: goat
|-damage|p1a: goat|73/100
|
|upkeep
|turn|11
|
|t:|1743914586
|switch|p2a: Gholdengo|Gholdengo, shiny|100/100
|move|p1a: goat|Psychic Noise|p2a: Gholdengo
|-resisted|p2a: Gholdengo
|-damage|p2a: Gholdengo|83/100
|-start|p2a: Gholdengo|move: Heal Block
|
|upkeep
|turn|12
|
|t:|1743914605
|move|p2a: Gholdengo|Shadow Ball|p1a: goat
|-supereffective|p1a: goat
|-damage|p1a: goat|18/100
|move|p1a: goat|Flamethrower|p2a: Gholdengo
|-supereffective|p2a: Gholdengo
|-damage|p2a: Gholdengo|23/100
|
|-end|p2a: Gholdengo|move: Heal Block
|upkeep
|turn|13
|
|t:|1743914619
|switch|p1a: veiny dih|Samurott-Hisui, F|100/100
|move|p2a: Gholdengo|Shadow Ball|p1a: veiny dih
|-resisted|p1a: veiny dih
|-damage|p1a: veiny dih|53/100
|
|upkeep
|turn|14
|
|t:|1743914643
|switch|p2a: Mudsdale|Mudsdale, M, shiny|96/100
|move|p1a: veiny dih|Ceaseless Edge|p2a: Mudsdale
|-damage|p2a: Mudsdale|64/100
|-ability|p2a: Mudsdale|Stamina|boost
|-boost|p2a: Mudsdale|def|1
|-sidestart|p2: vluby|Spikes
|
|-heal|p2a: Mudsdale|71/100|[from] item: Leftovers
|upkeep
|turn|15
|
|t:|1743914663
|switch|p1a: stop|Corviknight, M|92/100
|-ability|p1a: stop|Pressure
|move|p2a: Mudsdale|Body Press|p1a: stop
|-damage|p1a: stop|72/100
|-damage|p2a: Mudsdale|54/100|[from] item: Rocky Helmet|[of] p1a: stop
|
|-heal|p2a: Mudsdale|60/100|[from] item: Leftovers
|upkeep
|turn|16
|
|t:|1743914675
|move|p1a: stop|Brave Bird|p2a: Mudsdale
|-damage|p2a: Mudsdale|44/100
|-ability|p2a: Mudsdale|Stamina|boost
|-boost|p2a: Mudsdale|def|1
|-damage|p1a: stop|66/100|[from] Recoil
|move|p2a: Mudsdale|Roar|p1a: stop
|drag|p1a: ferocious dih|Dragapult, M|100/100
|
|-heal|p2a: Mudsdale|50/100|[from] item: Leftovers
|upkeep
|turn|17
|
|t:|1743914688
|move|p1a: ferocious dih|U-turn|p2a: Mudsdale
|-damage|p2a: Mudsdale|43/100
|-ability|p2a: Mudsdale|Stamina|boost
|-boost|p2a: Mudsdale|def|1
|
|t:|1743914694
|switch|p1a: stop|Corviknight, M|66/100|[from] U-turn
|-ability|p1a: stop|Pressure
|move|p2a: Mudsdale|Earthquake|p1a: stop
|-immune|p1a: stop
|
|-heal|p2a: Mudsdale|49/100|[from] item: Leftovers
|upkeep
|turn|18
|
|t:|1743914707
|move|p1a: stop|Brave Bird|p2a: Mudsdale
|-damage|p2a: Mudsdale|39/100
|-ability|p2a: Mudsdale|Stamina|boost
|-boost|p2a: Mudsdale|def|1
|-damage|p1a: stop|63/100|[from] Recoil
|move|p2a: Mudsdale|Body Press|p1a: stop
|-damage|p1a: stop|19/100
|-damage|p2a: Mudsdale|22/100|[from] item: Rocky Helmet|[of] p1a: stop
|
|-heal|p2a: Mudsdale|28/100|[from] item: Leftovers
|upkeep
|turn|19
|
|t:|1743914721
|move|p1a: stop|Roost|p1a: stop
|-heal|p1a: stop|69/100
|-singleturn|p1a: stop|move: Roost
|move|p2a: Mudsdale|Body Press|p1a: stop
|-supereffective|p1a: stop
|-damage|p1a: stop|0 fnt
|-damage|p2a: Mudsdale|12/100|[from] item: Rocky Helmet|[of] p1a: stop
|faint|p1a: stop
|
|-heal|p2a: Mudsdale|18/100|[from] item: Leftovers
|upkeep
|
|t:|1743914732
|switch|p1a: veiny dih|Samurott-Hisui, F|53/100
|turn|20
|
|t:|1743914737
|move|p1a: veiny dih|Razor Shell|p2a: Mudsdale
|-supereffective|p2a: Mudsdale
|-damage|p2a: Mudsdale|0 fnt
|faint|p2a: Mudsdale
|
|upkeep
|
|t:|1743914761
|switch|p2a: Blaziken|Blaziken, M, shiny|100/100
|-damage|p2a: Blaziken|88/100|[from] Spikes
|turn|21
|
|t:|1743914772
|move|p2a: Blaziken|Protect|p2a: Blaziken
|-singleturn|p2a: Blaziken|Protect
|move|p1a: veiny dih|Razor Shell|p2a: Blaziken
|-activate|p2a: Blaziken|move: Protect
|
|-ability|p2a: Blaziken|Speed Boost|boost
|-boost|p2a: Blaziken|spe|1
|upkeep
|turn|22
|
|t:|1743914787
|move|p1a: veiny dih|Razor Shell|p2a: Blaziken
|-supereffective|p2a: Blaziken
|-damage|p2a: Blaziken|0 fnt
|faint|p2a: Blaziken
|
|upkeep
|
|t:|1743914796
|switch|p2a: Ogerpon|Ogerpon-Wellspring, F|73/100
|-damage|p2a: Ogerpon|61/100|[from] Spikes
|turn|23
|
|t:|1743914814
|switch|p1a: reefer|Weezing-Galar, F|100/100
|-ability|p1a: reefer|Neutralizing Gas
|move|p2a: Ogerpon|Leech Seed|p1a: reefer
|-start|p1a: reefer|move: Leech Seed
|
|-damage|p1a: reefer|88/100|[from] Leech Seed|[of] p2a: Ogerpon
|-heal|p2a: Ogerpon|72/100|[silent]
|upkeep
|turn|24
|
|t:|1743914824
|move|p2a: Ogerpon|Spiky Shield|p2a: Ogerpon
|-singleturn|p2a: Ogerpon|move: Protect
|move|p1a: reefer|Strange Steam|p2a: Ogerpon
|-activate|p2a: Ogerpon|move: Protect
|
|-heal|p1a: reefer|94/100|[from] item: Black Sludge
|-damage|p1a: reefer|82/100|[from] Leech Seed|[of] p2a: Ogerpon
|-heal|p2a: Ogerpon|83/100|[silent]
|upkeep
|turn|25
|
|t:|1743914835
|move|p2a: Ogerpon|Knock Off|p1a: reefer
|-resisted|p1a: reefer
|-damage|p1a: reefer|71/100
|-enditem|p1a: reefer|Black Sludge|[from] move: Knock Off|[of] p2a: Ogerpon
|move|p1a: reefer|Strange Steam|p2a: Ogerpon
|-damage|p2a: Ogerpon|58/100
|
|-damage|p1a: reefer|59/100|[from] Leech Seed|[of] p2a: Ogerpon
|-heal|p2a: Ogerpon|69/100|[silent]
|upkeep
|turn|26
|inactive|deathcrusha has 120 seconds left.
|
|t:|1743914869
|move|p2a: Ogerpon|Ivy Cudgel|p1a: reefer|[anim] Ivy Cudgel Water
|-damage|p1a: reefer|25/100
|move|p1a: reefer|Defog|p2a: Ogerpon
|-unboost|p2a: Ogerpon|evasion|1
|-sideend|p2: vluby|Spikes|[from] move: Defog|[of] p1a: reefer
|
|-damage|p1a: reefer|13/100|[from] Leech Seed|[of] p2a: Ogerpon
|-heal|p2a: Ogerpon|80/100|[silent]
|upkeep
|turn|27
|inactive|deathcrusha has 120 seconds left.
|
|t:|1743914894
|move|p2a: Ogerpon|Spiky Shield|p2a: Ogerpon
|-singleturn|p2a: Ogerpon|move: Protect
|move|p1a: reefer|Pain Split|p2a: Ogerpon
|-activate|p2a: Ogerpon|move: Protect
|
|-damage|p1a: reefer|1/100|[from] Leech Seed|[of] p2a: Ogerpon
|-heal|p2a: Ogerpon|91/100|[silent]
|upkeep
|turn|28
|
|t:|1743914903
|move|p2a: Ogerpon|Knock Off|p1a: reefer
|-resisted|p1a: reefer
|-damage|p1a: reefer|0 fnt
|faint|p1a: reefer
|-end|p1a: reefer|ability: Neutralizing Gas
|
|upkeep
|
|t:|1743914917
|switch|p1a: veiny dih|Samurott-Hisui, F|53/100
|turn|29
|
|t:|1743914924
|move|p2a: Ogerpon|Spiky Shield|p2a: Ogerpon
|-singleturn|p2a: Ogerpon|move: Protect
|move|p1a: veiny dih|Ceaseless Edge|p2a: Ogerpon
|-activate|p2a: Ogerpon|move: Protect
|-damage|p1a: veiny dih|41/100|[from] Spiky Shield|[of] p2a: Ogerpon
|
|upkeep
|turn|30
|
|t:|1743914946
|move|p1a: veiny dih|Ceaseless Edge|p2a: Ogerpon
|-damage|p2a: Ogerpon|44/100
|-sidestart|p2: vluby|Spikes
|move|p2a: Ogerpon|Knock Off|p1a: veiny dih
|-resisted|p1a: veiny dih
|-damage|p1a: veiny dih|21/100
|-enditem|p1a: veiny dih|Choice Scarf|[from] move: Knock Off|[of] p2a: Ogerpon
|
|upkeep
|turn|31
|
|t:|1743914959
|move|p2a: Ogerpon|Spiky Shield|p2a: Ogerpon
|-singleturn|p2a: Ogerpon|move: Protect
|move|p1a: veiny dih|Ceaseless Edge|p2a: Ogerpon
|-activate|p2a: Ogerpon|move: Protect
|-damage|p1a: veiny dih|9/100|[from] Spiky Shield|[of] p2a: Ogerpon
|
|upkeep
|turn|32
|
|t:|1743914972
|move|p2a: Ogerpon|Knock Off|p1a: veiny dih
|-resisted|p1a: veiny dih
|-damage|p1a: veiny dih|0 fnt
|faint|p1a: veiny dih
|
|upkeep
|
|t:|1743914978
|switch|p1a: ferocious dih|Dragapult, M|100/100
|turn|33
|
|t:|1743914990
|move|p1a: ferocious dih|Dragon Darts|p2a: Ogerpon
|-damage|p2a: Ogerpon|16/100
|-anim|p1a: ferocious dih|Dragon Darts|p2a: Ogerpon
|-damage|p2a: Ogerpon|0 fnt
|faint|p2a: Ogerpon
|
|upkeep
|
|t:|1743914998
|switch|p2a: Kyurem|Kyurem, shiny|100/100
|-damage|p2a: Kyurem|88/100|[from] Spikes
|-ability|p2a: Kyurem|Pressure
|turn|34
|
|t:|1743915006
|move|p2a: Kyurem|Draco Meteor|p1a: ferocious dih
|-supereffective|p1a: ferocious dih
|-damage|p1a: ferocious dih|0 fnt
|-unboost|p2a: Kyurem|spa|2
|faint|p1a: ferocious dih
|
|upkeep
|
|t:|1743915019
|switch|p1a: plug|Garganacl, M, tera:Fairy|88/100
|turn|35
|
|t:|1743915030
|switch|p2a: Pecharunt|Pecharunt|73/100
|move|p1a: plug|Stealth Rock|p2a: Pecharunt
|-sidestart|p2: vluby|move: Stealth Rock
|
|-heal|p1a: plug|94/100|[from] item: Leftovers
|upkeep
|turn|36
|
|t:|1743915039
|move|p1a: plug|Protect|p1a: plug
|-singleturn|p1a: plug|Protect
|move|p2a: Pecharunt|Malignant Chain|p1a: plug
|-activate|p1a: plug|move: Protect
|
|-heal|p1a: plug|100/100|[from] item: Leftovers
|upkeep
|turn|37
|
|t:|1743915049
|switch|p1a: goat|Slowking-Galar, F|51/100
|move|p2a: Pecharunt|Malignant Chain|p1a: goat
|-resisted|p1a: goat
|-damage|p1a: goat|43/100
|
|upkeep
|turn|38
|
|t:|1743915064
|move|p2a: Pecharunt|Foul Play|p1a: goat
|-supereffective|p1a: goat
|-damage|p1a: goat|19/100
|move|p1a: goat|Psychic Noise|p2a: Pecharunt
|-supereffective|p2a: Pecharunt
|-damage|p2a: Pecharunt|0 fnt
|faint|p2a: Pecharunt
|
|upkeep
|
|t:|1743915073
|switch|p2a: Gholdengo|Gholdengo, shiny|23/100
|-damage|p2a: Gholdengo|11/100|[from] Spikes
|-damage|p2a: Gholdengo|5/100|[from] Stealth Rock
|turn|39
|
|t:|1743915093
|move|p2a: Gholdengo|Make It Rain|p1a: goat
|-damage|p1a: goat|0 fnt
|-unboost|p2a: Gholdengo|spa|1
|faint|p1a: goat
|
|upkeep
|
|t:|1743915101
|switch|p1a: plug|Garganacl, M, tera:Fairy|100/100
|turn|40
|
|t:|1743915110
|move|p1a: plug|Protect|p1a: plug
|-singleturn|p1a: plug|Protect
|move|p2a: Gholdengo|Make It Rain|p1a: plug
|-activate|p1a: plug|move: Protect
|
|upkeep
|turn|41
|
|t:|1743915120
|move|p2a: Gholdengo|Make It Rain|p1a: plug
|-supereffective|p1a: plug
|-damage|p1a: plug|8/100
|-unboost|p2a: Gholdengo|spa|1
|move|p1a: plug|Recover|p1a: plug
|-heal|p1a: plug|58/100
|
|-heal|p1a: plug|65/100|[from] item: Leftovers
|upkeep
|turn|42
|inactive|deathcrusha has 120 seconds left.
|
|t:|1743915149
|move|p1a: plug|Protect|p1a: plug
|-singleturn|p1a: plug|Protect
|move|p2a: Gholdengo|Make It Rain|p1a: plug
|-activate|p1a: plug|move: Protect
|
|-heal|p1a: plug|71/100|[from] item: Leftovers
|upkeep
|turn|43
|inactive|deathcrusha has 120 seconds left.
|
|t:|1743915163
|move|p2a: Gholdengo|Make It Rain|p1a: plug
|-supereffective|p1a: plug
|-damage|p1a: plug|3/100
|-unboost|p2a: Gholdengo|spa|1
|move|p1a: plug|Recover|p1a: plug
|-heal|p1a: plug|53/100
|
|-heal|p1a: plug|60/100|[from] item: Leftovers
|upkeep
|turn|44
|inactive|deathcrusha has 120 seconds left.
|
|t:|1743915185
|move|p1a: plug|Protect|p1a: plug
|-singleturn|p1a: plug|Protect
|move|p2a: Gholdengo|Make It Rain|p1a: plug
|-activate|p1a: plug|move: Protect
|
|-heal|p1a: plug|66/100|[from] item: Leftovers
|upkeep
|turn|45
|inactive|deathcrusha has 120 seconds left.
|
|t:|1743915194
|move|p2a: Gholdengo|Make It Rain|p1a: plug
|-supereffective|p1a: plug
|-damage|p1a: plug|17/100
|-unboost|p2a: Gholdengo|spa|1
|move|p1a: plug|Recover|p1a: plug
|-heal|p1a: plug|67/100
|
|-heal|p1a: plug|73/100|[from] item: Leftovers
|upkeep
|turn|46
|inactive|deathcrusha has 120 seconds left.
|
|t:|1743915207
|move|p1a: plug|Protect|p1a: plug
|-singleturn|p1a: plug|Protect
|move|p2a: Gholdengo|Make It Rain|p1a: plug
|-activate|p1a: plug|move: Protect
|
|-heal|p1a: plug|79/100|[from] item: Leftovers
|upkeep
|turn|47
|inactive|deathcrusha has 120 seconds left.
|
|t:|1743915220
|-activate|p2a: Gholdengo|move: Struggle
|move|p2a: Gholdengo|Struggle|p1a: plug
|-crit|p1a: plug
|-damage|p1a: plug|74/100
|-damage|p2a: Gholdengo|0 fnt|[from] recoil
|faint|p2a: Gholdengo
|move|p1a: plug|Recover|p1a: plug
|-heal|p1a: plug|100/100
|
|upkeep
|
|t:|1743915229
|switch|p2a: Kyurem|Kyurem, shiny|88/100
|-damage|p2a: Kyurem|76/100|[from] Spikes
|-damage|p2a: Kyurem|51/100|[from] Stealth Rock
|-ability|p2a: Kyurem|Pressure
|turn|48
|
|t:|1743915243
|-terastallize|p2a: Kyurem|Fighting
|move|p2a: Kyurem|Blizzard|p1a: plug
|-damage|p1a: plug|63/100
|move|p1a: plug|Salt Cure|p2a: Kyurem
|-resisted|p2a: Kyurem
|-damage|p2a: Kyurem|44/100
|-start|p2a: Kyurem|Salt Cure
|
|-heal|p1a: plug|69/100|[from] item: Leftovers
|-damage|p2a: Kyurem|32/100|[from] Salt Cure
|upkeep
|turn|49
|
|t:|1743915255
|move|p1a: plug|Protect|p1a: plug
|-singleturn|p1a: plug|Protect
|move|p2a: Kyurem|Blizzard|p1a: plug
|-activate|p1a: plug|move: Protect
|
|-heal|p1a: plug|75/100|[from] item: Leftovers
|-damage|p2a: Kyurem|20/100|[from] Salt Cure
|upkeep
|turn|50
|
|t:|1743915265
|move|p2a: Kyurem|Blizzard|p1a: plug
|-crit|p1a: plug
|-damage|p1a: plug|18/100
|move|p1a: plug|Recover|p1a: plug
|-heal|p1a: plug|68/100
|
|-heal|p1a: plug|75/100|[from] item: Leftovers
|-damage|p2a: Kyurem|7/100|[from] Salt Cure
|upkeep
|turn|51
|-message|vluby forfeited.
|
|win|deathcrusha
|raw|deathcrusha's rating: 1170 &rarr; <strong>1192</strong><br />(+22 for winning)
|raw|vluby's rating: 1130 &rarr; <strong>1108</strong><br />(-22 for losing)
|l|☆vluby
|player|p2|
|l|☆deathcrusha
|player|p1|
