|j|☆Itkenreiza
|j|☆tyranitarticuno
|t:|1743831492
|gametype|singles
|player|p1|Itkenreiza|102|1624
|player|p2|tyranitarticuno|blue|1572
|teamsize|p1|6
|teamsize|p2|6
|gen|9
|tier|[Gen 9] OU
|rated|
|rule|HP Percentage Mod: HP is shown in percentages
|rule|Endless Battle Clause: Forcing endless battles is banned
|rule|Species Clause: Limit one of each Pokémon
|rule|OHKO Clause: OHKO moves are banned
|rule|Evasion Items Clause: Evasion items are banned
|rule|Evasion Moves Clause: Evasion moves are banned
|rule|Sleep Moves Clause: Sleep-inducing moves are banned
|clearpoke
|poke|p1|Cinderace, M|
|poke|p1|Enamorus, F|
|poke|p1|Ogerpon-Wellspring, F|
|poke|p1|Basculegion, M|
|poke|p1|Zapdos-Galar|
|poke|p1|Politoed, M|
|poke|p2|Hydrapple, M|
|poke|p2|Skarmory, M|
|poke|p2|Tyranitar, M|
|poke|p2|Alomomola, F|
|poke|p2|Clodsire, F|
|poke|p2|Clefable, M|
|teampreview
|inactive|Battle timer is ON: inactive players will automatically lose when time's up. (requested by Itkenreiza)
|inactive|tyranitarticuno has 120 seconds left.
|
|t:|1743831525
|start
|switch|p1a: Zapdos|Zapdos-Galar|100/100
|switch|p2a: Hydrapple|Hydrapple, M|100/100
|turn|1
|
|t:|1743831531
|switch|p2a: Skarmory|Skarmory, M|100/100
|move|p1a: Zapdos|Knock Off|p2a: Skarmory
|-damage|p2a: Skarmory|77/100
|-damage|p1a: Zapdos|84/100|[from] item: Rocky Helmet|[of] p2a: Skarmory
|-enditem|p2a: Skarmory|Rocky Helmet|[from] move: Knock Off|[of] p1a: Zapdos
|
|upkeep
|turn|2
|
|t:|1743831557
|switch|p1a: Politoed|Politoed, M|100/100
|-weather|RainDance|[from] ability: Drizzle|[of] p1a: Politoed
|move|p2a: Skarmory|Spikes|p1a: Politoed
|-sidestart|p1: Itkenreiza|Spikes
|
|-weather|RainDance|[upkeep]
|upkeep
|turn|3
|
|t:|1743831563
|switch|p2a: Hydrapple|Hydrapple, M|100/100
|move|p1a: Politoed|Encore||[still]
|-fail|p1a: Politoed
|
|-weather|RainDance|[upkeep]
|upkeep
|turn|4
|
|t:|1743831575
|switch|p1a: Cinderace|Cinderace, M|100/100
|switch|p2a: Alomomola|Alomomola, F, shiny|100/100
|
|-weather|RainDance|[upkeep]
|upkeep
|turn|5
|inactive|tyranitarticuno has 120 seconds left.
|
|t:|1743831608
|move|p1a: Cinderace|Court Change|p1a: Cinderace
|-start|p1a: Cinderace|typechange|Normal|[from] ability: Libero
|-swapsideconditions
|-activate|p1a: Cinderace|move: Court Change
|move|p2a: Alomomola|Wish|p2a: Alomomola
|
|-weather|RainDance|[upkeep]
|upkeep
|turn|6
|
|t:|1743831620
|switch|p2a: Skarmory|Skarmory, M|77/100
|move|p1a: Cinderace|U-turn|p2a: Skarmory
|-resisted|p2a: Skarmory
|-damage|p2a: Skarmory|74/100
|
|t:|1743831640
|switch|p1a: Enamorus|Enamorus, F|100/100|[from] U-turn
|
|-weather|RainDance|[upkeep]
|-heal|p2a: Skarmory|100/100|[from] move: Wish|[wisher] Alomomola
|upkeep
|turn|7
|inactive|tyranitarticuno has 120 seconds left.
|inactive|tyranitarticuno has 90 seconds left.
|
|t:|1743831710
|switch|p2a: Tyranitar|Tyranitar, M|100/100
|-weather|Sandstorm|[from] ability: Sand Stream|[of] p2a: Tyranitar
|move|p1a: Enamorus|Weather Ball|p2a: Tyranitar
|-damage|p2a: Tyranitar|87/100
|
|-weather|Sandstorm|[upkeep]
|-damage|p1a: Enamorus|94/100|[from] Sandstorm
|upkeep
|turn|8
|
|t:|1743831721
|switch|p1a: Ogerpon|Ogerpon-Wellspring, F|100/100
|move|p2a: Tyranitar|Stealth Rock|p1a: Ogerpon
|-sidestart|p1: Itkenreiza|move: Stealth Rock
|
|-weather|Sandstorm|[upkeep]
|-damage|p1a: Ogerpon|95/100|[from] Sandstorm
|upkeep
|turn|9
|
|t:|1743831725
|switch|p2a: Hydrapple|Hydrapple, M|100/100
|move|p1a: Ogerpon|Swords Dance|p1a: Ogerpon
|-boost|p1a: Ogerpon|atk|2
|
|-weather|Sandstorm|[upkeep]
|-damage|p1a: Ogerpon|89/100|[from] Sandstorm
|-damage|p2a: Hydrapple|94/100|[from] Sandstorm
|upkeep
|turn|10
|
|t:|1743831728
|move|p1a: Ogerpon|U-turn|p2a: Hydrapple
|-supereffective|p2a: Hydrapple
|-damage|p2a: Hydrapple|24/100
|
|t:|1743831734
|switch|p1a: Cinderace|Cinderace, M|100/100|[from] U-turn
|move|p2a: Hydrapple|Fickle Beam|p1a: Cinderace
|-damage|p1a: Cinderace|47/100
|
|-weather|Sandstorm|[upkeep]
|-damage|p1a: Cinderace|41/100|[from] Sandstorm
|-damage|p2a: Hydrapple|18/100|[from] Sandstorm
|upkeep
|turn|11
|
|t:|1743831746
|switch|p2a: Skarmory|Skarmory, M|100/100
|move|p1a: Cinderace|U-turn|p2a: Skarmory
|-start|p1a: Cinderace|typechange|Bug|[from] ability: Libero
|-resisted|p2a: Skarmory
|-damage|p2a: Skarmory|95/100
|
|t:|1743831748
|switch|p1a: Politoed|Politoed, M|100/100|[from] U-turn
|-damage|p1a: Politoed|88/100|[from] Stealth Rock
|-weather|RainDance|[from] ability: Drizzle|[of] p1a: Politoed
|
|-weather|RainDance|[upkeep]
|upkeep
|turn|12
|
|t:|1743831752
|switch|p2a: Alomomola|Alomomola, F, shiny|100/100
|move|p1a: Politoed|Ice Beam|p2a: Alomomola
|-resisted|p2a: Alomomola
|-damage|p2a: Alomomola|88/100
|
|-weather|RainDance|[upkeep]
|upkeep
|turn|13
|
|t:|1743831759
|move|p1a: Politoed|Hydro Pump|p2a: Alomomola
|-resisted|p2a: Alomomola
|-damage|p2a: Alomomola|57/100
|move|p2a: Alomomola|Wish|p2a: Alomomola
|
|-weather|RainDance|[upkeep]
|upkeep
|turn|14
|
|t:|1743831770
|switch|p2a: Tyranitar|Tyranitar, M|87/100
|-weather|Sandstorm|[from] ability: Sand Stream|[of] p2a: Tyranitar
|move|p1a: Politoed|Encore||[still]
|-fail|p1a: Politoed
|
|-weather|Sandstorm|[upkeep]
|-damage|p1a: Politoed|82/100|[from] Sandstorm
|-heal|p2a: Tyranitar|100/100|[from] move: Wish|[wisher] Alomomola
|upkeep
|turn|15
|
|t:|1743831775
|move|p1a: Politoed|Hydro Pump|p2a: Tyranitar
|-supereffective|p2a: Tyranitar
|-damage|p2a: Tyranitar|63/100
|move|p2a: Tyranitar|Knock Off|p1a: Politoed
|-damage|p1a: Politoed|33/100
|-enditem|p1a: Politoed|Damp Rock|[from] move: Knock Off|[of] p2a: Tyranitar
|
|-weather|Sandstorm|[upkeep]
|-damage|p1a: Politoed|27/100|[from] Sandstorm
|upkeep
|turn|16
|
|t:|1743831783
|switch|p1a: Cinderace|Cinderace, M|41/100
|switch|p2a: Alomomola|Alomomola, F, shiny|90/100
|
|-weather|Sandstorm|[upkeep]
|-damage|p1a: Cinderace|35/100|[from] Sandstorm
|-damage|p2a: Alomomola|84/100|[from] Sandstorm
|upkeep
|turn|17
|
|t:|1743831789
|move|p1a: Cinderace|High Jump Kick|p2a: Alomomola
|-start|p1a: Cinderace|typechange|Fighting|[from] ability: Libero
|-damage|p2a: Alomomola|45/100
|move|p2a: Alomomola|Wish|p2a: Alomomola
|
|-weather|Sandstorm|[upkeep]
|-damage|p1a: Cinderace|29/100|[from] Sandstorm
|-damage|p2a: Alomomola|39/100|[from] Sandstorm
|upkeep
|turn|18
|
|t:|1743831798
|move|p2a: Alomomola|Protect|p2a: Alomomola
|-singleturn|p2a: Alomomola|Protect
|move|p1a: Cinderace|High Jump Kick|p2a: Alomomola
|-activate|p2a: Alomomola|move: Protect
|-damage|p1a: Cinderace|0 fnt|[from] highjumpkick
|faint|p1a: Cinderace
|
|-weather|none
|-heal|p2a: Alomomola|89/100|[from] move: Wish|[wisher] Alomomola
|upkeep
|
|t:|1743831802
|switch|p1a: Politoed|Politoed, M|27/100
|-damage|p1a: Politoed|14/100|[from] Stealth Rock
|-weather|RainDance|[from] ability: Drizzle|[of] p1a: Politoed
|turn|19
|
|t:|1743831808
|switch|p1a: Ogerpon|Ogerpon-Wellspring, F|89/100
|-damage|p1a: Ogerpon|76/100|[from] Stealth Rock
|move|p2a: Alomomola|Wish|p2a: Alomomola
|
|-weather|RainDance|[upkeep]
|upkeep
|turn|20
|
|t:|1743831812
|switch|p2a: Hydrapple|Hydrapple, M|52/100
|move|p1a: Ogerpon|Swords Dance|p1a: Ogerpon
|-boost|p1a: Ogerpon|atk|2
|
|-weather|RainDance|[upkeep]
|-heal|p2a: Hydrapple|100/100|[from] move: Wish|[wisher] Alomomola
|upkeep
|turn|21
|
|t:|1743831818
|move|p1a: Ogerpon|Swords Dance|p1a: Ogerpon
|-boost|p1a: Ogerpon|atk|2
|move|p2a: Hydrapple|Giga Drain|p1a: Ogerpon
|-damage|p1a: Ogerpon|36/100
|
|-weather|RainDance|[upkeep]
|upkeep
|turn|22
|
|t:|1743831836
|switch|p2a: Clodsire|Clodsire, F|100/100
|move|p1a: Ogerpon|U-turn|p2a: Clodsire
|-resisted|p2a: Clodsire
|-damage|p2a: Clodsire|89/100
|
|t:|1743831842
|switch|p1a: Basculegion|Basculegion, M|100/100|[from] U-turn
|-damage|p1a: Basculegion|88/100|[from] Stealth Rock
|
|-weather|RainDance|[upkeep]
|upkeep
|turn|23
|
|t:|1743831858
|switch|p2a: Alomomola|Alomomola, F, shiny|100/100
|move|p1a: Basculegion|Wave Crash|p2a: Alomomola
|-resisted|p2a: Alomomola
|-damage|p2a: Alomomola|60/100
|-damage|p1a: Basculegion|72/100|[from] Recoil
|
|-weather|none
|upkeep
|turn|24
|
|t:|1743831868
|move|p1a: Basculegion|Wave Crash|p2a: Alomomola
|-resisted|p2a: Alomomola
|-damage|p2a: Alomomola|35/100
|-damage|p1a: Basculegion|61/100|[from] Recoil
|move|p2a: Alomomola|Wish|p2a: Alomomola
|
|upkeep
|turn|25
|
|t:|1743831874
|switch|p1a: Zapdos|Zapdos-Galar|84/100
|-damage|p1a: Zapdos|72/100|[from] Stealth Rock
|move|p2a: Alomomola|Play Rough|p1a: Zapdos
|-supereffective|p1a: Zapdos
|-damage|p1a: Zapdos|35/100
|
|-heal|p2a: Alomomola|85/100|[from] move: Wish|[wisher] Alomomola
|upkeep
|turn|26
|
|t:|1743831878
|move|p1a: Zapdos|Knock Off|p2a: Alomomola
|-damage|p2a: Alomomola|61/100
|-enditem|p2a: Alomomola|Heavy-Duty Boots|[from] move: Knock Off|[of] p1a: Zapdos
|move|p2a: Alomomola|Play Rough|p1a: Zapdos
|-supereffective|p1a: Zapdos
|-damage|p1a: Zapdos|0 fnt
|faint|p1a: Zapdos
|
|upkeep
|
|t:|1743831882
|switch|p1a: Politoed|Politoed, M|14/100
|-damage|p1a: Politoed|2/100|[from] Stealth Rock
|-weather|RainDance|[from] ability: Drizzle|[of] p1a: Politoed
|turn|27
|
|t:|1743831886
|move|p1a: Politoed|Hydro Pump|p2a: Alomomola
|-resisted|p2a: Alomomola
|-damage|p2a: Alomomola|29/100
|move|p2a: Alomomola|Wish|p2a: Alomomola
|
|-weather|RainDance|[upkeep]
|upkeep
|turn|28
|
|t:|1743831891
|move|p2a: Alomomola|Protect|p2a: Alomomola
|-singleturn|p2a: Alomomola|Protect
|move|p1a: Politoed|Ice Beam|p2a: Alomomola
|-activate|p2a: Alomomola|move: Protect
|
|-weather|RainDance|[upkeep]
|-heal|p2a: Alomomola|79/100|[from] move: Wish|[wisher] Alomomola
|upkeep
|turn|29
|
|t:|1743831894
|move|p1a: Politoed|Encore|p2a: Alomomola
|-start|p2a: Alomomola|Encore
|move|p2a: Alomomola|Protect||[still]
|-fail|p2a: Alomomola
|
|-weather|RainDance|[upkeep]
|upkeep
|turn|30
|
|t:|1743831900
|move|p2a: Alomomola|Protect|p2a: Alomomola
|-singleturn|p2a: Alomomola|Protect
|move|p1a: Politoed|Hydro Pump|p2a: Alomomola
|-activate|p2a: Alomomola|move: Protect
|
|-weather|RainDance|[upkeep]
|upkeep
|turn|31
|
|t:|1743831905
|move|p2a: Alomomola|Protect||[still]
|-fail|p2a: Alomomola
|move|p1a: Politoed|Ice Beam|p2a: Alomomola
|-resisted|p2a: Alomomola
|-damage|p2a: Alomomola|66/100
|
|-weather|none
|-end|p2a: Alomomola|Encore
|upkeep
|turn|32
|
|t:|1743831909
|move|p1a: Politoed|Encore|p2a: Alomomola
|-start|p2a: Alomomola|Encore
|move|p2a: Alomomola|Protect||[still]
|-fail|p2a: Alomomola
|
|upkeep
|turn|33
|
|t:|1743831915
|switch|p2a: Tyranitar|Tyranitar, M|63/100
|-weather|Sandstorm|[from] ability: Sand Stream|[of] p2a: Tyranitar
|move|p1a: Politoed|Hydro Pump|p2a: Tyranitar
|-supereffective|p2a: Tyranitar
|-damage|p2a: Tyranitar|22/100
|
|-weather|Sandstorm|[upkeep]
|-damage|p1a: Politoed|0 fnt|[from] Sandstorm
|faint|p1a: Politoed
|upkeep
|
|t:|1743831918
|switch|p1a: Ogerpon|Ogerpon-Wellspring, F|36/100
|-damage|p1a: Ogerpon|24/100|[from] Stealth Rock
|turn|34
|
|t:|1743831923
|switch|p2a: Hydrapple|Hydrapple, M|100/100
|move|p1a: Ogerpon|Horn Leech|p2a: Hydrapple
|-resisted|p2a: Hydrapple
|-damage|p2a: Hydrapple|94/100
|-heal|p1a: Ogerpon|28/100|[from] drain|[of] p2a: Hydrapple
|
|-weather|Sandstorm|[upkeep]
|-damage|p1a: Ogerpon|22/100|[from] Sandstorm
|-damage|p2a: Hydrapple|88/100|[from] Sandstorm
|upkeep
|turn|35
|
|t:|1743831928
|move|p1a: Ogerpon|U-turn|p2a: Hydrapple
|-supereffective|p2a: Hydrapple
|-damage|p2a: Hydrapple|55/100
|
|t:|1743831931
|switch|p1a: Enamorus|Enamorus, F|94/100|[from] U-turn
|-damage|p1a: Enamorus|69/100|[from] Stealth Rock
|move|p2a: Hydrapple|Giga Drain|p1a: Enamorus
|-resisted|p1a: Enamorus
|-damage|p1a: Enamorus|56/100
|-heal|p2a: Hydrapple|59/100|[from] drain|[of] p1a: Enamorus
|
|-weather|Sandstorm|[upkeep]
|-damage|p1a: Enamorus|50/100|[from] Sandstorm
|-damage|p2a: Hydrapple|53/100|[from] Sandstorm
|upkeep
|turn|36
|
|t:|1743831946
|switch|p2a: Alomomola|Alomomola, F, shiny|99/100
|-damage|p2a: Alomomola|87/100|[from] Spikes
|move|p1a: Enamorus|Superpower|p2a: Alomomola
|-damage|p2a: Alomomola|71/100
|-boost|p1a: Enamorus|atk|1
|-boost|p1a: Enamorus|def|1
|
|-weather|Sandstorm|[upkeep]
|-damage|p1a: Enamorus|43/100|[from] Sandstorm
|-damage|p2a: Alomomola|65/100|[from] Sandstorm
|upkeep
|turn|37
|
|t:|1743831955
|move|p1a: Enamorus|Moonblast|p2a: Alomomola
|-damage|p2a: Alomomola|23/100
|move|p2a: Alomomola|Play Rough|p1a: Enamorus
|-damage|p1a: Enamorus|25/100
|
|-weather|none
|upkeep
|turn|38
|
|t:|1743831963
|move|p1a: Enamorus|Superpower|p2a: Alomomola
|-damage|p2a: Alomomola|0 fnt
|-boost|p1a: Enamorus|atk|1
|-boost|p1a: Enamorus|def|1
|faint|p2a: Alomomola
|
|upkeep
|
|t:|1743831965
|switch|p2a: Clodsire|Clodsire, F|89/100
|turn|39
|
|t:|1743831972
|-terastallize|p1a: Enamorus|Ground
|move|p1a: Enamorus|Earth Power|p2a: Clodsire
|-supereffective|p2a: Clodsire
|-damage|p2a: Clodsire|30/100
|move|p2a: Clodsire|Toxic|p1a: Enamorus
|-status|p1a: Enamorus|tox
|
|-damage|p1a: Enamorus|19/100 tox|[from] psn
|upkeep
|turn|40
|
|t:|1743831981
|switch|p2a: Skarmory|Skarmory, M|95/100
|move|p1a: Enamorus|Superpower|p2a: Skarmory
|-damage|p2a: Skarmory|62/100
|-boost|p1a: Enamorus|atk|1
|-boost|p1a: Enamorus|def|1
|
|-damage|p1a: Enamorus|7/100 tox|[from] psn
|upkeep
|turn|41
|
|t:|1743831989
|switch|p2a: Clodsire|Clodsire, F|30/100
|move|p1a: Enamorus|Superpower|p2a: Clodsire
|-resisted|p2a: Clodsire
|-damage|p2a: Clodsire|18/100
|-boost|p1a: Enamorus|atk|1
|-boost|p1a: Enamorus|def|1
|
|-damage|p1a: Enamorus|0 fnt|[from] psn
|faint|p1a: Enamorus
|upkeep
|
|t:|1743831991
|switch|p1a: Basculegion|Basculegion, M|61/100
|-damage|p1a: Basculegion|49/100|[from] Stealth Rock
|turn|42
|
|t:|1743832001
|move|p1a: Basculegion|Head Smash|p2a: Clodsire|[miss]
|-miss|p1a: Basculegion|p2a: Clodsire
|move|p2a: Clodsire|Toxic|p1a: Basculegion
|-status|p1a: Basculegion|tox
|
|-damage|p1a: Basculegion|43/100 tox|[from] psn
|upkeep
|turn|43
|c|☆tyranitarticuno|sorry
|
|t:|1743832008
|move|p1a: Basculegion|Head Smash|p2a: Clodsire
|-resisted|p2a: Clodsire
|-damage|p2a: Clodsire|0 fnt
|faint|p2a: Clodsire
|-damage|p1a: Basculegion|32/100 tox|[from] Recoil
|
|-damage|p1a: Basculegion|20/100 tox|[from] psn
|upkeep
|c|☆Itkenreiza|nah man it is what it is
|
|t:|1743832015
|switch|p2a: Hydrapple|Hydrapple, M|87/100
|turn|44
|
|t:|1743832018
|switch|p2a: Tyranitar|Tyranitar, M|22/100
|-weather|Sandstorm|[from] ability: Sand Stream|[of] p2a: Tyranitar
|move|p1a: Basculegion|Head Smash|p2a: Tyranitar
|-damage|p2a: Tyranitar|0 fnt
|faint|p2a: Tyranitar
|-damage|p1a: Basculegion|9/100 tox|[from] Recoil
|
|-weather|Sandstorm|[upkeep]
|-damage|p1a: Basculegion|3/100 tox|[from] Sandstorm
|-damage|p1a: Basculegion|0 fnt|[from] psn
|faint|p1a: Basculegion
|upkeep
|
|t:|1743832021
|switch|p1a: Ogerpon|Ogerpon-Wellspring, F|22/100
|switch|p2a: Hydrapple|Hydrapple, M|100/100
|-damage|p1a: Ogerpon|10/100|[from] Stealth Rock
|turn|45
|
|t:|1743832026
|move|p1a: Ogerpon|U-turn|p2a: Hydrapple
|-supereffective|p2a: Hydrapple
|-damage|p2a: Hydrapple|70/100
|move|p2a: Hydrapple|Fickle Beam|p1a: Ogerpon
|-damage|p1a: Ogerpon|0 fnt
|faint|p1a: Ogerpon
|
|win|tyranitarticuno
|raw|Itkenreiza's rating: 1624 &rarr; <strong>1602</strong><br />(-22 for losing)
|raw|tyranitarticuno's rating: 1593 &rarr; <strong>1615</strong><br />(+22 for winning)
|c|☆Itkenreiza|gg
|c|☆tyranitarticuno|g
|c|☆tyranitarticuno|gg
|l|☆Itkenreiza
|player|p1|
