|j|☆midnyh
|j|☆Pizza raichu
|t:|1743778533
|gametype|singles
|player|p1|midnyh|zinnia-masters|1245
|player|p2|Pizza raichu|shauna|1258
|teamsize|p1|6
|teamsize|p2|6
|gen|9
|tier|[Gen 9] OU
|rated|
|rule|HP Percentage Mod: HP is shown in percentages
|rule|Endless Battle Clause: Forcing endless battles is banned
|rule|Species Clause: Limit one of each Pokémon
|rule|OHKO Clause: OHKO moves are banned
|rule|Evasion Items Clause: Evasion items are banned
|rule|Evasion Moves Clause: Evasion moves are banned
|rule|Sleep Moves Clause: Sleep-inducing moves are banned
|clearpoke
|poke|p1|Moltres|
|poke|p1|Ogerpon-Wellspring, F|
|poke|p1|Ting-Lu|
|poke|p1|Iron Boulder|
|poke|p1|Enamorus, F|
|poke|p1|Forretress, M|
|poke|p2|Alomomola, F|
|poke|p2|Blissey, F|
|poke|p2|Corviknight, M|
|poke|p2|Gliscor, F|
|poke|p2|Clodsire, F|
|poke|p2|Dondozo, F|
|teampreview
|inactive|Battle timer is ON: inactive players will automatically lose when time's up. (requested by Pizza raichu)
|inactive|midnyh also wants the timer to be on.
|inactive|Pizza raichu has 120 seconds left.
|
|t:|1743778564
|start
|switch|p1a: Moltres|Moltres|100/100
|switch|p2a: Blissey|Blissey, F|100/100
|turn|1
|
|t:|1743778571
|switch|p1a: Iron Boulder|Iron Boulder|100/100
|move|p2a: Blissey|Stealth Rock|p1a: Iron Boulder
|-sidestart|p1: midnyh|move: Stealth Rock
|
|upkeep
|turn|2
|
|t:|1743778576
|switch|p2a: Corviknight|Corviknight, M|100/100
|-ability|p2a: Corviknight|Pressure
|move|p1a: Iron Boulder|Close Combat|p2a: Corviknight
|-damage|p2a: Corviknight|78/100
|-unboost|p1a: Iron Boulder|def|1
|-unboost|p1a: Iron Boulder|spd|1
|-damage|p1a: Iron Boulder|84/100|[from] item: Rocky Helmet|[of] p2a: Corviknight
|
|upkeep
|turn|3
|
|t:|1743778587
|-end|p1a: Iron Boulder|Quark Drive|[silent]
|switch|p1a: Legendary Bug|Forretress, M|100/100
|-damage|p1a: Legendary Bug|88/100|[from] Stealth Rock
|move|p2a: Corviknight|U-turn|p1a: Legendary Bug
|-resisted|p1a: Legendary Bug
|-damage|p1a: Legendary Bug|84/100
|-damage|p2a: Corviknight|61/100|[from] item: Rocky Helmet|[of] p1a: Legendary Bug
|
|t:|1743778609
|switch|p2a: Alomomola|Alomomola, F|100/100|[from] U-turn
|
|upkeep
|turn|4
|
|t:|1743778613
|move|p2a: Alomomola|Scald|p1a: Legendary Bug
|-damage|p1a: Legendary Bug|64/100
|move|p1a: Legendary Bug|Rapid Spin|p2a: Alomomola
|-damage|p2a: Alomomola|95/100
|-boost|p1a: Legendary Bug|spe|1
|-sideend|p1: midnyh|Stealth Rock|[from] move: Rapid Spin|[of] p1a: Legendary Bug
|
|upkeep
|turn|5
|
|t:|1743778616
|move|p2a: Alomomola|Scald|p1a: Legendary Bug
|-damage|p1a: Legendary Bug|45/100
|-status|p1a: Legendary Bug|brn
|move|p1a: Legendary Bug|Volt Switch|p2a: Alomomola
|-supereffective|p2a: Alomomola
|-damage|p2a: Alomomola|69/100
|
|t:|1743778625
|switch|p1a: Ogerpon|Ogerpon-Wellspring, F|100/100|[from] Volt Switch
|
|upkeep
|turn|6
|
|t:|1743778636
|switch|p2a: Corviknight|Corviknight, M|61/100
|-ability|p2a: Corviknight|Pressure
|move|p1a: Ogerpon|Knock Off|p2a: Corviknight
|-damage|p2a: Corviknight|40/100
|-damage|p1a: Ogerpon|84/100|[from] item: Rocky Helmet|[of] p2a: Corviknight
|-enditem|p2a: Corviknight|Rocky Helmet|[from] move: Knock Off|[of] p1a: Ogerpon
|
|upkeep
|turn|7
|
|t:|1743778642
|move|p1a: Ogerpon|Spiky Shield|p1a: Ogerpon
|-singleturn|p1a: Ogerpon|move: Protect
|move|p2a: Corviknight|Roost|p2a: Corviknight
|-heal|p2a: Corviknight|90/100
|-singleturn|p2a: Corviknight|move: Roost
|
|upkeep
|turn|8
|
|t:|1743778647
|switch|p1a: Legendary Bug|Forretress, M|45/100 brn
|move|p2a: Corviknight|U-turn|p1a: Legendary Bug
|-resisted|p1a: Legendary Bug
|-damage|p1a: Legendary Bug|41/100 brn
|-damage|p2a: Corviknight|73/100|[from] item: Rocky Helmet|[of] p1a: Legendary Bug
|
|t:|1743778661
|switch|p2a: Blissey|Blissey, F|100/100|[from] U-turn
|
|-damage|p1a: Legendary Bug|35/100 brn|[from] brn
|upkeep
|turn|9
|
|t:|1743778665
|move|p2a: Blissey|Seismic Toss|p1a: Legendary Bug
|-damage|p1a: Legendary Bug|7/100 brn
|-damage|p2a: Blissey|84/100|[from] item: Rocky Helmet|[of] p1a: Legendary Bug
|move|p1a: Legendary Bug|Volt Switch|p2a: Blissey
|-damage|p2a: Blissey|81/100
|
|t:|1743778682
|switch|p1a: Ting-Lu|Ting-Lu|100/100|[from] Volt Switch
|-ability|p1a: Ting-Lu|Vessel of Ruin
|
|upkeep
|turn|10
|
|t:|1743778684
|move|p2a: Blissey|Stealth Rock|p1a: Ting-Lu
|-sidestart|p1: midnyh|move: Stealth Rock
|move|p1a: Ting-Lu|Stealth Rock|p2a: Blissey
|-sidestart|p2: Pizza raichu|move: Stealth Rock
|
|upkeep
|turn|11
|
|t:|1743778687
|move|p2a: Blissey|Seismic Toss|p1a: Ting-Lu
|-damage|p1a: Ting-Lu|81/100
|move|p1a: Ting-Lu|Spikes|p2a: Blissey
|-sidestart|p2: Pizza raichu|Spikes
|
|-heal|p1a: Ting-Lu|87/100|[from] item: Leftovers
|upkeep
|turn|12
|
|t:|1743778689
|move|p2a: Blissey|Seismic Toss|p1a: Ting-Lu
|-damage|p1a: Ting-Lu|68/100
|move|p1a: Ting-Lu|Spikes|p2a: Blissey
|-sidestart|p2: Pizza raichu|Spikes
|
|-heal|p1a: Ting-Lu|74/100|[from] item: Leftovers
|upkeep
|turn|13
|
|t:|1743778691
|move|p2a: Blissey|Seismic Toss|p1a: Ting-Lu
|-damage|p1a: Ting-Lu|55/100
|move|p1a: Ting-Lu|Spikes|p2a: Blissey
|-sidestart|p2: Pizza raichu|Spikes
|
|-heal|p1a: Ting-Lu|61/100|[from] item: Leftovers
|upkeep
|turn|14
|
|t:|1743778696
|move|p2a: Blissey|Seismic Toss|p1a: Ting-Lu
|-damage|p1a: Ting-Lu|41/100
|move|p1a: Ting-Lu|Whirlwind|p2a: Blissey
|drag|p2a: Gliscor|Gliscor, F|100/100
|-damage|p2a: Gliscor|88/100|[from] Stealth Rock
|
|-heal|p1a: Ting-Lu|48/100|[from] item: Leftovers
|-status|p2a: Gliscor|tox|[from] item: Toxic Orb
|upkeep
|turn|15
|
|t:|1743778700
|move|p2a: Gliscor|Toxic|p1a: Ting-Lu
|-status|p1a: Ting-Lu|tox
|move|p1a: Ting-Lu|Whirlwind|p2a: Gliscor
|drag|p2a: Blissey|Blissey, F|81/100
|
|-heal|p1a: Ting-Lu|54/100 tox|[from] item: Leftovers
|-damage|p1a: Ting-Lu|48/100 tox|[from] psn
|upkeep
|turn|16
|
|t:|1743778706
|move|p2a: Blissey|Seismic Toss|p1a: Ting-Lu
|-damage|p1a: Ting-Lu|28/100 tox
|move|p1a: Ting-Lu|Whirlwind|p2a: Blissey
|drag|p2a: Gliscor|Gliscor, F|88/100 tox
|-damage|p2a: Gliscor|75/100 tox|[from] Stealth Rock
|
|-heal|p1a: Ting-Lu|34/100 tox|[from] item: Leftovers
|-heal|p2a: Gliscor|88/100 tox|[from] ability: Poison Heal
|-damage|p1a: Ting-Lu|22/100 tox|[from] psn
|upkeep
|turn|17
|
|t:|1743778711
|move|p2a: Gliscor|Knock Off|p1a: Ting-Lu
|-resisted|p1a: Ting-Lu
|-damage|p1a: Ting-Lu|18/100 tox
|-enditem|p1a: Ting-Lu|Leftovers|[from] move: Knock Off|[of] p2a: Gliscor
|move|p1a: Ting-Lu|Ruination|p2a: Gliscor
|-damage|p2a: Gliscor|44/100 tox
|
|-heal|p2a: Gliscor|57/100 tox|[from] ability: Poison Heal
|-damage|p1a: Ting-Lu|0 fnt|[from] psn
|faint|p1a: Ting-Lu
|upkeep
|
|t:|1743778720
|switch|p1a: Legendary Bug|Forretress, M|7/100 brn
|-damage|p1a: Legendary Bug|0 fnt|[from] Stealth Rock
|faint|p1a: Legendary Bug
|
|t:|1743778729
|switch|p1a: Enamorus|Enamorus, F|100/100
|turn|18
|
|t:|1743778734
|-terastallize|p1a: Enamorus|Stellar
|move|p2a: Gliscor|Protect|p2a: Gliscor
|-singleturn|p2a: Gliscor|Protect
|move|p1a: Enamorus|Tera Blast|p2a: Gliscor|[anim] Tera Blast Stellar
|-activate|p2a: Gliscor|move: Protect
|
|-heal|p2a: Gliscor|69/100 tox|[from] ability: Poison Heal
|upkeep
|turn|19
|
|t:|1743778742
|move|p1a: Enamorus|Tera Blast|p2a: Gliscor|[anim] Tera Blast Stellar
|-damage|p2a: Gliscor|34/100 tox
|-boost|p1a: Enamorus|atk|1
|-boost|p1a: Enamorus|spa|1
|move|p2a: Gliscor|Toxic|p1a: Enamorus
|-status|p1a: Enamorus|tox
|
|-damage|p1a: Enamorus|94/100 tox|[from] psn
|-heal|p2a: Gliscor|47/100 tox|[from] ability: Poison Heal
|upkeep
|turn|20
|
|t:|1743778750
|move|p2a: Gliscor|Protect|p2a: Gliscor
|-singleturn|p2a: Gliscor|Protect
|move|p1a: Enamorus|Tera Blast|p2a: Gliscor|[anim] Tera Blast Stellar
|-activate|p2a: Gliscor|move: Protect
|
|-damage|p1a: Enamorus|82/100 tox|[from] psn
|-heal|p2a: Gliscor|59/100 tox|[from] ability: Poison Heal
|upkeep
|turn|21
|
|t:|1743778761
|move|p1a: Enamorus|Tera Blast|p2a: Gliscor|[anim] Tera Blast Stellar
|-damage|p2a: Gliscor|13/100 tox
|-boost|p1a: Enamorus|atk|1
|-boost|p1a: Enamorus|spa|1
|move|p2a: Gliscor|Spikes|p1a: Enamorus
|-sidestart|p1: midnyh|Spikes
|
|-damage|p1a: Enamorus|63/100 tox|[from] psn
|-heal|p2a: Gliscor|26/100 tox|[from] ability: Poison Heal
|upkeep
|turn|22
|
|t:|1743778765
|move|p1a: Enamorus|Tera Blast|p2a: Gliscor|[anim] Tera Blast Stellar
|-damage|p2a: Gliscor|0 fnt
|-boost|p1a: Enamorus|atk|1
|-boost|p1a: Enamorus|spa|1
|faint|p2a: Gliscor
|
|-damage|p1a: Enamorus|38/100 tox|[from] psn
|upkeep
|
|t:|1743778767
|switch|p2a: Dondozo|Dondozo, F|100/100
|-damage|p2a: Dondozo|88/100|[from] Stealth Rock
|-damage|p2a: Dondozo|63/100|[from] Spikes
|turn|23
|
|t:|1743778770
|move|p1a: Enamorus|Draining Kiss|p2a: Dondozo
|-damage|p2a: Dondozo|22/100
|-heal|p1a: Enamorus|92/100 tox|[from] drain|[of] p2a: Dondozo
|move|p2a: Dondozo|Rest|p2a: Dondozo
|-status|p2a: Dondozo|slp|[from] move: Rest
|-heal|p2a: Dondozo|100/100 slp|[silent]
|
|-damage|p1a: Enamorus|61/100 tox|[from] psn
|upkeep
|turn|24
|
|t:|1743778774
|move|p1a: Enamorus|Draining Kiss|p2a: Dondozo
|-damage|p2a: Dondozo|67/100 slp
|-heal|p1a: Enamorus|100/100 tox|[from] drain|[of] p2a: Dondozo
|cant|p2a: Dondozo|slp
|move|p2a: Dondozo|Sleep Talk|p2a: Dondozo
|move|p2a: Dondozo|Rest||[from] move: Sleep Talk|[still]
|-fail|p2a: Dondozo
|
|-heal|p2a: Dondozo|73/100 slp|[from] item: Leftovers
|-damage|p1a: Enamorus|63/100 tox|[from] psn
|upkeep
|turn|25
|
|t:|1743778777
|move|p1a: Enamorus|Draining Kiss|p2a: Dondozo
|-damage|p2a: Dondozo|41/100 slp
|-heal|p1a: Enamorus|100/100 tox|[from] drain|[of] p2a: Dondozo
|cant|p2a: Dondozo|slp
|move|p2a: Dondozo|Sleep Talk|p2a: Dondozo
|move|p2a: Dondozo|Waterfall|p1a: Enamorus|[from] move: Sleep Talk
|-damage|p1a: Enamorus|57/100 tox
|
|-heal|p2a: Dondozo|47/100 slp|[from] item: Leftovers
|-damage|p1a: Enamorus|13/100 tox|[from] psn
|upkeep
|turn|26
|
|t:|1743778783
|move|p1a: Enamorus|Draining Kiss|p2a: Dondozo
|-damage|p2a: Dondozo|16/100 slp
|-heal|p1a: Enamorus|54/100 tox|[from] drain|[of] p2a: Dondozo
|-curestatus|p2a: Dondozo|slp|[msg]
|move|p2a: Dondozo|Sleep Talk||[still]
|-fail|p2a: Dondozo
|
|-heal|p2a: Dondozo|22/100|[from] item: Leftovers
|-damage|p1a: Enamorus|5/100 tox|[from] psn
|upkeep
|turn|27
|
|t:|1743778787
|move|p1a: Enamorus|Draining Kiss|p2a: Dondozo
|-damage|p2a: Dondozo|0 fnt
|-heal|p1a: Enamorus|32/100 tox|[from] drain|[of] p2a: Dondozo
|faint|p2a: Dondozo
|
|-damage|p1a: Enamorus|0 fnt|[from] psn
|faint|p1a: Enamorus
|upkeep
|
|t:|1743778797
|switch|p1a: Moltres|Moltres|100/100
|switch|p2a: Corviknight|Corviknight, M|73/100
|-damage|p1a: Moltres|51/100|[from] Stealth Rock
|-damage|p2a: Corviknight|61/100|[from] Stealth Rock
|-ability|p2a: Corviknight|Pressure
|turn|28
|
|t:|1743778800
|move|p1a: Moltres|Heat Wave|p2a: Corviknight
|-supereffective|p2a: Corviknight
|-damage|p2a: Corviknight|0 fnt
|faint|p2a: Corviknight
|
|upkeep
|
|t:|1743778803
|switch|p2a: Blissey|Blissey, F|81/100
|turn|29
|
|t:|1743778809
|move|p1a: Moltres|Will-O-Wisp|p2a: Blissey
|-status|p2a: Blissey|brn
|move|p2a: Blissey|Seismic Toss|p1a: Moltres
|-damage|p1a: Moltres|20/100
|
|-damage|p2a: Blissey|75/100 brn|[from] brn
|upkeep
|turn|30
|
|t:|1743778812
|move|p1a: Moltres|Air Slash|p2a: Blissey
|-damage|p2a: Blissey|63/100 brn
|cant|p2a: Blissey|flinch
|
|-damage|p2a: Blissey|57/100 brn|[from] brn
|upkeep
|turn|31
|
|t:|1743778815
|move|p1a: Moltres|Air Slash|p2a: Blissey
|-damage|p2a: Blissey|45/100 brn
|move|p2a: Blissey|Seismic Toss|p1a: Moltres
|-damage|p1a: Moltres|0 fnt
|faint|p1a: Moltres
|
|-damage|p2a: Blissey|39/100 brn|[from] brn
|upkeep
|
|t:|1743778821
|switch|p1a: Ogerpon|Ogerpon-Wellspring, F|84/100
|-damage|p1a: Ogerpon|72/100|[from] Stealth Rock
|-damage|p1a: Ogerpon|59/100|[from] Spikes
|turn|32
|
|t:|1743778824
|-curestatus|p2a: Blissey|brn|[from] ability: Natural Cure
|switch|p2a: Clodsire|Clodsire, F|100/100
|move|p1a: Ogerpon|Knock Off|p2a: Clodsire
|-damage|p2a: Clodsire|56/100
|-enditem|p2a: Clodsire|Heavy-Duty Boots|[from] move: Knock Off|[of] p1a: Ogerpon
|
|upkeep
|turn|33
|
|t:|1743778830
|move|p1a: Ogerpon|Horn Leech|p2a: Clodsire
|-damage|p2a: Clodsire|8/100
|-heal|p1a: Ogerpon|97/100|[from] drain|[of] p2a: Clodsire
|move|p2a: Clodsire|Toxic|p1a: Ogerpon
|-status|p1a: Ogerpon|tox
|
|-damage|p1a: Ogerpon|91/100 tox|[from] psn
|upkeep
|turn|34
|
|t:|1743778834
|move|p1a: Ogerpon|Horn Leech|p2a: Clodsire
|-damage|p2a: Clodsire|0 fnt
|-heal|p1a: Ogerpon|97/100 tox|[from] drain|[of] p2a: Clodsire
|faint|p2a: Clodsire
|
|-damage|p1a: Ogerpon|85/100 tox|[from] psn
|upkeep
|
|t:|1743778835
|switch|p2a: Alomomola|Alomomola, F|100/100
|turn|35
|
|t:|1743778844
|move|p2a: Alomomola|Protect|p2a: Alomomola
|-singleturn|p2a: Alomomola|Protect
|move|p1a: Ogerpon|Knock Off|p2a: Alomomola
|-activate|p2a: Alomomola|move: Protect
|
|-damage|p1a: Ogerpon|67/100 tox|[from] psn
|upkeep
|turn|36
|
|t:|1743778849
|move|p1a: Ogerpon|Knock Off|p2a: Alomomola
|-damage|p2a: Alomomola|81/100
|-enditem|p2a: Alomomola|Heavy-Duty Boots|[from] move: Knock Off|[of] p1a: Ogerpon
|move|p2a: Alomomola|Wish|p2a: Alomomola
|
|-damage|p1a: Ogerpon|43/100 tox|[from] psn
|upkeep
|turn|37
|
|t:|1743778855
|move|p2a: Alomomola|Protect|p2a: Alomomola
|-singleturn|p2a: Alomomola|Protect
|move|p1a: Ogerpon|Horn Leech|p2a: Alomomola
|-activate|p2a: Alomomola|move: Protect
|
|-heal|p2a: Alomomola|100/100|[from] move: Wish|[wisher] Alomomola
|-damage|p1a: Ogerpon|13/100 tox|[from] psn
|upkeep
|turn|38
|
|t:|1743778866
|-terastallize|p2a: Alomomola|Ghost
|move|p1a: Ogerpon|Horn Leech|p2a: Alomomola
|-damage|p2a: Alomomola|79/100
|-heal|p1a: Ogerpon|32/100 tox|[from] drain|[of] p2a: Alomomola
|move|p2a: Alomomola|Wish|p2a: Alomomola
|
|-damage|p1a: Ogerpon|0 fnt|[from] psn
|faint|p1a: Ogerpon
|upkeep
|
|t:|1743778871
|switch|p1a: Iron Boulder|Iron Boulder|84/100
|-damage|p1a: Iron Boulder|72/100|[from] Stealth Rock
|-damage|p1a: Iron Boulder|59/100|[from] Spikes
|turn|39
|
|t:|1743778880
|move|p1a: Iron Boulder|Mighty Cleave|p2a: Alomomola
|-damage|p2a: Alomomola|53/100
|move|p2a: Alomomola|Scald|p1a: Iron Boulder
|-supereffective|p1a: Iron Boulder
|-damage|p1a: Iron Boulder|31/100
|
|-heal|p2a: Alomomola|100/100|[from] move: Wish|[wisher] Alomomola
|upkeep
|turn|40
|
|t:|1743778887
|move|p1a: Iron Boulder|Mighty Cleave|p2a: Alomomola
|-damage|p2a: Alomomola|77/100
|move|p2a: Alomomola|Scald|p1a: Iron Boulder
|-supereffective|p1a: Iron Boulder
|-damage|p1a: Iron Boulder|2/100
|
|upkeep
|turn|41
|inactive|midnyh has 120 seconds left.
|c|☆midnyh|just imagine something like have no life.. Like.. u know.. have a full stall troll team
|-message|midnyh forfeited.
|
|win|Pizza raichu
|raw|midnyh's rating: 1245 &rarr; <strong>1221</strong><br />(-24 for losing)
|raw|Pizza raichu's rating: 1258 &rarr; <strong>1282</strong><br />(+24 for winning)
|l|☆midnyh
|player|p1|
