|j|☆espy25
|j|☆ObamaBinLanden
|t:|1743830330
|gametype|singles
|player|p1|espy25|volkner|1277
|player|p2|ObamaBinLanden|striker|1269
|teamsize|p1|6
|teamsize|p2|6
|gen|9
|tier|[Gen 9] OU
|rated|
|rule|HP Percentage Mod: HP is shown in percentages
|rule|Endless Battle Clause: Forcing endless battles is banned
|rule|Species Clause: Limit one of each Pokémon
|rule|OHKO Clause: OHKO moves are banned
|rule|Evasion Items Clause: Evasion items are banned
|rule|Evasion Moves Clause: Evasion moves are banned
|rule|Sleep Moves Clause: Sleep-inducing moves are banned
|clearpoke
|poke|p1|Garchomp, M|
|poke|p1|Cinderace, F|
|poke|p1|Slowking-Galar, F|
|poke|p1|Dragonite, F|
|poke|p1|Gholdengo|
|poke|p1|Zamazenta-*|
|poke|p2|Serperior, F|
|poke|p2|Empoleon, F|
|poke|p2|Sableye, M|
|poke|p2|Iron Valiant|
|poke|p2|Great Tusk|
|poke|p2|Gliscor, M|
|teampreview
|
|t:|1743830346
|start
|switch|p1a: Garchomp|Garchomp, M|100/100
|switch|p2a: Serperior|Serperior, F|100/100
|turn|1
|inactive|Battle timer is ON: inactive players will automatically lose when time's up. (requested by ObamaBinLanden)
|
|t:|1743830379
|move|p2a: Serperior|Substitute|p2a: Serperior
|-start|p2a: Serperior|Substitute
|-damage|p2a: Serperior|76/100
|move|p1a: Garchomp|Fire Blast|p2a: Serperior|[miss]
|-miss|p1a: Garchomp|p2a: Serperior
|
|-heal|p2a: Serperior|82/100|[from] item: Leftovers
|upkeep
|turn|2
|
|t:|1743830385
|move|p2a: Serperior|Glare|p1a: Garchomp
|-status|p1a: Garchomp|par
|move|p1a: Garchomp|Fire Blast|p2a: Serperior
|-supereffective|p2a: Serperior
|-end|p2a: Serperior|Substitute
|-damage|p1a: Garchomp|91/100 par|[from] item: Life Orb
|
|-heal|p2a: Serperior|88/100|[from] item: Leftovers
|upkeep
|turn|3
|
|t:|1743830400
|move|p2a: Serperior|Substitute|p2a: Serperior
|-start|p2a: Serperior|Substitute
|-damage|p2a: Serperior|63/100
|move|p1a: Garchomp|Stealth Rock|p2a: Serperior
|-sidestart|p2: ObamaBinLanden|move: Stealth Rock
|
|-heal|p2a: Serperior|70/100|[from] item: Leftovers
|upkeep
|turn|4
|
|t:|1743830405
|move|p2a: Serperior|Leaf Storm|p1a: Garchomp
|-damage|p1a: Garchomp|34/100 par
|-boost|p2a: Serperior|spa|2
|move|p1a: Garchomp|Earthquake|p2a: Serperior
|-resisted|p2a: Serperior
|-end|p2a: Serperior|Substitute
|-damage|p1a: Garchomp|25/100 par|[from] item: Life Orb
|
|-heal|p2a: Serperior|76/100|[from] item: Leftovers
|upkeep
|turn|5
|
|t:|1743830413
|move|p2a: Serperior|Substitute|p2a: Serperior
|-start|p2a: Serperior|Substitute
|-damage|p2a: Serperior|51/100
|move|p1a: Garchomp|Earthquake|p2a: Serperior
|-resisted|p2a: Serperior
|-end|p2a: Serperior|Substitute
|-damage|p1a: Garchomp|15/100 par|[from] item: Life Orb
|
|-heal|p2a: Serperior|57/100|[from] item: Leftovers
|upkeep
|turn|6
|
|t:|1743830420
|move|p2a: Serperior|Substitute|p2a: Serperior
|-start|p2a: Serperior|Substitute
|-damage|p2a: Serperior|32/100
|move|p1a: Garchomp|Earthquake|p2a: Serperior
|-resisted|p2a: Serperior
|-end|p2a: Serperior|Substitute
|-damage|p1a: Garchomp|5/100 par|[from] item: Life Orb
|
|-heal|p2a: Serperior|39/100|[from] item: Leftovers
|upkeep
|turn|7
|
|t:|1743830426
|move|p2a: Serperior|Substitute|p2a: Serperior
|-start|p2a: Serperior|Substitute
|-damage|p2a: Serperior|14/100
|move|p1a: Garchomp|Earthquake|p2a: Serperior
|-resisted|p2a: Serperior
|-end|p2a: Serperior|Substitute
|-damage|p1a: Garchomp|0 fnt|[from] item: Life Orb
|faint|p1a: Garchomp
|
|-heal|p2a: Serperior|20/100|[from] item: Leftovers
|upkeep
|
|t:|1743830447
|switch|p1a: Cinderace|Cinderace, F|100/100
|turn|8
|
|t:|1743830461
|move|p1a: Cinderace|U-turn|p2a: Serperior
|-start|p1a: Cinderace|typechange|Bug|[from] ability: Libero
|-supereffective|p2a: Serperior
|-damage|p2a: Serperior|0 fnt
|faint|p2a: Serperior
|
|t:|1743830470
|switch|p1a: Gholdengo|Gholdengo|100/100|[from] U-turn
|-item|p1a: Gholdengo|Air Balloon
|
|upkeep
|
|t:|1743830495
|switch|p2a: Empoleon|Empoleon, F|100/100
|-damage|p2a: Empoleon|94/100|[from] Stealth Rock
|turn|9
|
|t:|1743830503
|switch|p1a: Slowking|Slowking-Galar, F|100/100
|move|p2a: Empoleon|Surf|p1a: Slowking
|-damage|p1a: Slowking|79/100
|
|-heal|p2a: Empoleon|100/100|[from] item: Leftovers
|upkeep
|turn|10
|
|t:|1743830512
|move|p2a: Empoleon|Stealth Rock|p1a: Slowking
|-sidestart|p1: espy25|move: Stealth Rock
|move|p1a: Slowking|Thunder Wave|p2a: Empoleon
|-status|p2a: Empoleon|par
|
|upkeep
|turn|11
|
|t:|1743830518
|move|p2a: Empoleon|Surf|p1a: Slowking
|-damage|p1a: Slowking|60/100
|-prepare|p1a: Slowking|Chilly Reception|[premajor]
|move|p1a: Slowking|Chilly Reception|p1a: Slowking
|-weather|Snowscape
|
|t:|1743830537
|switch|p1a: Zamazenta|Zamazenta|100/100|[from] Chilly Reception
|-ability|p1a: Zamazenta|Dauntless Shield|boost
|-boost|p1a: Zamazenta|def|1
|
|-weather|Snowscape|[upkeep]
|upkeep
|turn|12
|
|t:|1743830545
|switch|p2a: Sableye|Sableye, M|100/100
|-damage|p2a: Sableye|88/100|[from] Stealth Rock
|move|p1a: Zamazenta|Close Combat|p2a: Sableye
|-immune|p2a: Sableye
|
|-weather|Snowscape|[upkeep]
|-heal|p2a: Sableye|94/100|[from] item: Leftovers
|upkeep
|turn|13
|
|t:|1743830561
|switch|p1a: Gholdengo|Gholdengo|100/100
|-damage|p1a: Gholdengo|94/100|[from] Stealth Rock
|-item|p1a: Gholdengo|Air Balloon
|move|p2a: Sableye|Encore|p1a: Gholdengo
|-immune|p1a: Gholdengo|[from] ability: Good as Gold
|
|-weather|Snowscape|[upkeep]
|-heal|p2a: Sableye|100/100|[from] item: Leftovers
|upkeep
|turn|14
|
|t:|1743830572
|move|p1a: Gholdengo|Make It Rain|p2a: Sableye
|-damage|p2a: Sableye|32/100
|-unboost|p1a: Gholdengo|spa|1
|move|p2a: Sableye|Knock Off|p1a: Gholdengo
|-supereffective|p1a: Gholdengo
|-damage|p1a: Gholdengo|49/100
|-enditem|p1a: Gholdengo|Air Balloon
|
|-weather|Snowscape|[upkeep]
|-heal|p2a: Sableye|39/100|[from] item: Leftovers
|upkeep
|turn|15
|
|t:|1743830581
|move|p2a: Sableye|Recover|p2a: Sableye
|-heal|p2a: Sableye|89/100
|move|p1a: Gholdengo|Recover|p1a: Gholdengo
|-heal|p1a: Gholdengo|99/100
|
|-weather|none
|-heal|p2a: Sableye|95/100|[from] item: Leftovers
|upkeep
|turn|16
|
|t:|1743830593
|switch|p2a: Great Tusk|Great Tusk|100/100
|-damage|p2a: Great Tusk|97/100|[from] Stealth Rock
|-enditem|p2a: Great Tusk|Booster Energy
|-activate|p2a: Great Tusk|ability: Protosynthesis|[fromitem]
|-start|p2a: Great Tusk|protosynthesisatk
|move|p1a: Gholdengo|Nasty Plot|p1a: Gholdengo
|-boost|p1a: Gholdengo|spa|2
|
|upkeep
|turn|17
|
|t:|1743830609
|-terastallize|p1a: Gholdengo|Flying
|move|p2a: Great Tusk|Earthquake|p1a: Gholdengo
|-immune|p1a: Gholdengo
|move|p1a: Gholdengo|Make It Rain|p2a: Great Tusk
|-damage|p2a: Great Tusk|0 fnt
|-unboost|p1a: Gholdengo|spa|1
|faint|p2a: Great Tusk
|-end|p2a: Great Tusk|Protosynthesis|[silent]
|
|upkeep
|
|t:|1743830628
|switch|p2a: Empoleon|Empoleon, F|100/100 par
|-damage|p2a: Empoleon|94/100 par|[from] Stealth Rock
|turn|18
|
|t:|1743830637
|switch|p1a: Slowking|Slowking-Galar, F|93/100
|move|p2a: Empoleon|Surf|p1a: Slowking
|-damage|p1a: Slowking|73/100
|
|-heal|p2a: Empoleon|100/100 par|[from] item: Leftovers
|upkeep
|turn|19
|
|t:|1743830646
|switch|p2a: Iron Valiant|Iron Valiant|100/100
|-damage|p2a: Iron Valiant|94/100|[from] Stealth Rock
|-enditem|p2a: Iron Valiant|Booster Energy
|-activate|p2a: Iron Valiant|ability: Quark Drive|[fromitem]
|-start|p2a: Iron Valiant|quarkdrivespe
|-prepare|p1a: Slowking|Chilly Reception|[premajor]
|move|p1a: Slowking|Chilly Reception|p1a: Slowking
|-weather|Snowscape
|
|t:|1743830671
|switch|p1a: Cinderace|Cinderace, F|100/100|[from] Chilly Reception
|
|-weather|Snowscape|[upkeep]
|upkeep
|turn|20
|
|t:|1743830681
|move|p2a: Iron Valiant|Swords Dance|p2a: Iron Valiant
|-boost|p2a: Iron Valiant|atk|2
|move|p1a: Cinderace|Will-O-Wisp|p2a: Iron Valiant
|-status|p2a: Iron Valiant|brn
|
|-weather|Snowscape|[upkeep]
|-damage|p2a: Iron Valiant|88/100 brn|[from] brn
|upkeep
|turn|21
|
|t:|1743830706
|move|p2a: Iron Valiant|Swords Dance|p2a: Iron Valiant
|-boost|p2a: Iron Valiant|atk|2
|move|p1a: Cinderace|Pyro Ball|p2a: Iron Valiant
|-damage|p2a: Iron Valiant|17/100 brn
|
|-weather|Snowscape|[upkeep]
|-damage|p2a: Iron Valiant|11/100 brn|[from] brn
|upkeep
|turn|22
|
|t:|1743830714
|move|p1a: Cinderace|Sucker Punch|p2a: Iron Valiant
|-start|p1a: Cinderace|typechange|Dark|[from] ability: Libero
|-resisted|p2a: Iron Valiant
|-damage|p2a: Iron Valiant|0 fnt
|faint|p2a: Iron Valiant
|-end|p2a: Iron Valiant|Quark Drive|[silent]
|
|-weather|Snowscape|[upkeep]
|upkeep
|-message|ObamaBinLanden forfeited.
|
|win|espy25
|raw|espy25's rating: 1277 &rarr; <strong>1301</strong><br />(+24 for winning)
|raw|ObamaBinLanden's rating: 1269 &rarr; <strong>1245</strong><br />(-24 for losing)
|l|☆ObamaBinLanden
|player|p2|
|l|☆espy25
|player|p1|
