|j|‽bigblacknunruly
|j|☆deebeeweebee
|t:|1743937371
|gametype|singles
|player|p1|bigblacknunruly|sage|1247
|player|p2|deebeeweebee|169|1211
|teamsize|p1|6
|teamsize|p2|6
|gen|9
|tier|[Gen 9] OU
|rated|
|rule|HP Percentage Mod: HP is shown in percentages
|rule|Endless Battle Clause: Forcing endless battles is banned
|rule|Species Clause: Limit one of each Pokémon
|rule|OHKO Clause: OHKO moves are banned
|rule|Evasion Items Clause: Evasion items are banned
|rule|Evasion Moves Clause: Evasion moves are banned
|rule|Sleep Moves Clause: Sleep-inducing moves are banned
|clearpoke
|poke|p1|Okidogi, M|
|poke|p1|Rotom-Wash|
|poke|p1|Heatran, F|
|poke|p1|Corviknight, M|
|poke|p1|Great Tusk|
|poke|p1|Gholdengo|
|poke|p2|Orthworm, F|
|poke|p2|Clodsire, F|
|poke|p2|Pecharunt|
|poke|p2|Great Tusk|
|poke|p2|Slowking, F|
|poke|p2|Weavile, F|
|teampreview
|
|t:|1743937392
|start
|switch|p1a: Great Tusk|Great Tusk|100/100
|switch|p2a: Slowking|Slowking, F, shiny|100/100
|turn|1
|
|t:|1743937399
|move|p1a: Great Tusk|Knock Off|p2a: Slowking
|-supereffective|p2a: Slowking
|-damage|p2a: Slowking|38/100
|-enditem|p2a: Slowking|Heavy-Duty Boots|[from] move: Knock Off|[of] p1a: Great Tusk
|move|p2a: Slowking|Scald|p1a: Great Tusk
|-supereffective|p1a: Great Tusk
|-damage|p1a: Great Tusk|33/100
|
|-heal|p1a: Great Tusk|39/100|[from] item: Leftovers
|upkeep
|turn|2
|
|t:|1743937412
|switch|p2a: Orthworm|Orthworm, F, shiny|100/100
|move|p1a: Great Tusk|Knock Off|p2a: Orthworm
|-damage|p2a: Orthworm|85/100
|-damage|p1a: Great Tusk|22/100|[from] item: Rocky Helmet|[of] p2a: Orthworm
|-enditem|p2a: Orthworm|Rocky Helmet|[from] move: Knock Off|[of] p1a: Great Tusk
|
|-heal|p1a: Great Tusk|29/100|[from] item: Leftovers
|upkeep
|turn|3
|
|t:|1743937432
|-end|p1a: Great Tusk|Protosynthesis|[silent]
|switch|p1a: Heatran|Heatran, F|100/100
|move|p2a: Orthworm|Spikes|p1a: Heatran
|-sidestart|p1: bigblacknunruly|Spikes
|
|upkeep
|turn|4
|
|t:|1743937439
|switch|p2a: Slowking|Slowking, F, shiny|71/100
|move|p1a: Heatran|Stealth Rock|p2a: Slowking
|-sidestart|p2: deebeeweebee|move: Stealth Rock
|
|upkeep
|turn|5
|
|t:|1743937466
|switch|p1a: Corviknight|Corviknight, M|100/100
|-ability|p1a: Corviknight|Pressure
|move|p2a: Slowking|Future Sight|p1a: Corviknight
|-start|p2a: Slowking|move: Future Sight
|
|upkeep
|turn|6
|
|t:|1743937481
|switch|p2a: Pecharunt|Pecharunt|100/100
|move|p1a: Corviknight|Scary Face|p2a: Pecharunt
|-unboost|p2a: Pecharunt|spe|2
|
|upkeep
|turn|7
|
|t:|1743937497
|move|p1a: Corviknight|U-turn|p2a: Pecharunt
|-resisted|p2a: Pecharunt
|-damage|p2a: Pecharunt|99/100
|
|t:|1743937506
|switch|p1a: Heatran|Heatran, F|100/100|[from] U-turn
|-damage|p1a: Heatran|88/100|[from] Spikes
|move|p2a: Pecharunt|Parting Shot|p1a: Heatran
|-unboost|p1a: Heatran|atk|1
|-unboost|p1a: Heatran|spa|1
|
|t:|1743937520
|switch|p2a: Slowking|Slowking, F, shiny|100/100|[from] Parting Shot
|-damage|p2a: Slowking|88/100|[from] Stealth Rock
|
|-end|p1a: Heatran|move: Future Sight
|-resisted|p1a: Heatran
|-damage|p1a: Heatran|75/100
|-heal|p1a: Heatran|81/100|[from] item: Leftovers
|upkeep
|turn|8
|
|t:|1743937533
|move|p1a: Heatran|Magma Storm|p2a: Slowking
|-resisted|p2a: Slowking
|-damage|p2a: Slowking|80/100
|-activate|p2a: Slowking|move: Magma Storm|[of] p1a: Heatran
|move|p2a: Slowking|Future Sight|p1a: Heatran
|-start|p2a: Slowking|move: Future Sight
|
|-heal|p1a: Heatran|87/100|[from] item: Leftovers
|-damage|p2a: Slowking|68/100|[from] move: Magma Storm|[partiallytrapped]
|upkeep
|turn|9
|
|t:|1743937544
|switch|p1a: Corviknight|Corviknight, M|100/100
|-ability|p1a: Corviknight|Pressure
|move|p2a: Slowking|Thunder Wave|p1a: Corviknight|[miss]
|-miss|p2a: Slowking|p1a: Corviknight
|
|-end|p2a: Slowking|Magma Storm|[partiallytrapped]|[silent]
|upkeep
|turn|10
|
|t:|1743937556
|move|p1a: Corviknight|Defog|p2a: Slowking
|-unboost|p2a: Slowking|evasion|1
|-sideend|p2: deebeeweebee|Stealth Rock|[from] move: Defog|[of] p1a: Corviknight
|-sideend|p1: bigblacknunruly|Spikes|[from] move: Defog|[of] p1a: Corviknight
|move|p2a: Slowking|Thunder Wave|p1a: Corviknight
|-status|p1a: Corviknight|par
|
|-end|p1a: Corviknight|move: Future Sight
|-resisted|p1a: Corviknight
|-damage|p1a: Corviknight|79/100 par
|upkeep
|turn|11
|
|t:|1743937567
|switch|p2a: Pecharunt|Pecharunt|99/100
|move|p1a: Corviknight|Brave Bird|p2a: Pecharunt
|-damage|p2a: Pecharunt|82/100
|-damage|p1a: Corviknight|74/100 par|[from] Recoil
|
|upkeep
|turn|12
|
|t:|1743937575
|move|p2a: Pecharunt|Hex|p1a: Corviknight
|-damage|p1a: Corviknight|33/100 par
|move|p1a: Corviknight|Scary Face|p2a: Pecharunt
|-unboost|p2a: Pecharunt|spe|2
|
|upkeep
|turn|13
|
|t:|1743937584
|switch|p1a: Great Tusk|Great Tusk|29/100
|move|p2a: Pecharunt|Hex|p1a: Great Tusk
|-damage|p1a: Great Tusk|1/100
|
|-heal|p1a: Great Tusk|7/100|[from] item: Leftovers
|upkeep
|turn|14
|
|t:|1743937591
|switch|p2a: Orthworm|Orthworm, F, shiny|85/100
|move|p1a: Great Tusk|Knock Off|p2a: Orthworm
|-damage|p2a: Orthworm|74/100
|
|-heal|p1a: Great Tusk|13/100|[from] item: Leftovers
|upkeep
|turn|15
|
|t:|1743937613
|-end|p1a: Great Tusk|Protosynthesis|[silent]
|switch|p1a: Okidogi|Okidogi, M|100/100
|move|p2a: Orthworm|Spikes|p1a: Okidogi
|-sidestart|p1: bigblacknunruly|Spikes
|
|upkeep
|turn|16
|
|t:|1743937619
|switch|p2a: Pecharunt|Pecharunt|82/100
|move|p1a: Okidogi|Bulk Up|p1a: Okidogi
|-boost|p1a: Okidogi|atk|1
|-boost|p1a: Okidogi|def|1
|
|upkeep
|turn|17
|
|t:|1743937629
|move|p2a: Pecharunt|Hex|p1a: Okidogi
|-damage|p1a: Okidogi|86/100
|move|p1a: Okidogi|Bulk Up|p1a: Okidogi
|-boost|p1a: Okidogi|atk|1
|-boost|p1a: Okidogi|def|1
|
|upkeep
|turn|18
|
|t:|1743937639
|move|p2a: Pecharunt|Parting Shot|p1a: Okidogi
|-unboost|p1a: Okidogi|atk|1
|-unboost|p1a: Okidogi|spa|1
|
|t:|1743937647
|switch|p2a: Clodsire|Clodsire, F, shiny|100/100|[from] Parting Shot
|move|p1a: Okidogi|Bulk Up|p1a: Okidogi
|-boost|p1a: Okidogi|atk|1
|-boost|p1a: Okidogi|def|1
|
|upkeep
|turn|19
|
|t:|1743937656
|move|p1a: Okidogi|Knock Off|p2a: Clodsire
|-damage|p2a: Clodsire|70/100
|-enditem|p2a: Clodsire|Heavy-Duty Boots|[from] move: Knock Off|[of] p1a: Okidogi
|move|p2a: Clodsire|Earthquake|p1a: Okidogi
|-supereffective|p1a: Okidogi
|-damage|p1a: Okidogi|43/100
|
|upkeep
|turn|20
|
|t:|1743937666
|move|p1a: Okidogi|Drain Punch|p2a: Clodsire
|-resisted|p2a: Clodsire
|-damage|p2a: Clodsire|53/100
|-heal|p1a: Okidogi|53/100|[from] drain|[of] p2a: Clodsire
|move|p2a: Clodsire|Earthquake|p1a: Okidogi
|-supereffective|p1a: Okidogi
|-damage|p1a: Okidogi|15/100
|
|upkeep
|turn|21
|
|t:|1743937674
|switch|p1a: Corviknight|Corviknight, M|33/100 par
|-ability|p1a: Corviknight|Pressure
|move|p2a: Clodsire|Recover|p2a: Clodsire
|-heal|p2a: Clodsire|100/100
|
|upkeep
|turn|22
|
|t:|1743937682
|move|p1a: Corviknight|Defog|p2a: Clodsire
|-unboost|p2a: Clodsire|evasion|1
|-sideend|p1: bigblacknunruly|Spikes|[from] move: Defog|[of] p1a: Corviknight
|move|p2a: Clodsire|Stealth Rock|p1a: Corviknight
|-sidestart|p1: bigblacknunruly|move: Stealth Rock
|
|upkeep
|turn|23
|
|t:|1743937691
|switch|p2a: Pecharunt|Pecharunt|82/100
|cant|p1a: Corviknight|par
|
|upkeep
|turn|24
|
|t:|1743937697
|move|p2a: Pecharunt|Hex|p1a: Corviknight
|-damage|p1a: Corviknight|0 fnt
|faint|p1a: Corviknight
|
|upkeep
|
|t:|1743937706
|switch|p1a: Rotom|Rotom-Wash|100/100
|-damage|p1a: Rotom|88/100|[from] Stealth Rock
|turn|25
|
|t:|1743937722
|switch|p2a: Clodsire|Clodsire, F, shiny|100/100
|move|p1a: Rotom|Hex|p2a: Clodsire
|-damage|p2a: Clodsire|91/100
|
|upkeep
|turn|26
|
|t:|1743937742
|switch|p1a: Great Tusk|Great Tusk|13/100
|-damage|p1a: Great Tusk|10/100|[from] Stealth Rock
|move|p2a: Clodsire|Toxic|p1a: Great Tusk
|-status|p1a: Great Tusk|tox
|
|-heal|p1a: Great Tusk|16/100 tox|[from] item: Leftovers
|-damage|p1a: Great Tusk|10/100 tox|[from] psn
|upkeep
|turn|27
|
|t:|1743937751
|switch|p2a: Orthworm|Orthworm, F, shiny|74/100
|move|p1a: Great Tusk|Rapid Spin|p2a: Orthworm
|-resisted|p2a: Orthworm
|-damage|p2a: Orthworm|70/100
|-boost|p1a: Great Tusk|spe|1
|-sideend|p1: bigblacknunruly|Stealth Rock|[from] move: Rapid Spin|[of] p1a: Great Tusk
|
|-heal|p1a: Great Tusk|16/100 tox|[from] item: Leftovers
|-damage|p1a: Great Tusk|4/100 tox|[from] psn
|upkeep
|turn|28
|
|t:|1743937761
|move|p1a: Great Tusk|Earthquake|p2a: Orthworm
|-heal|p2a: Orthworm|95/100|[from] ability: Earth Eater|[of] p1a: Great Tusk
|move|p2a: Orthworm|Spikes|p1a: Great Tusk
|-sidestart|p1: bigblacknunruly|Spikes
|
|-heal|p1a: Great Tusk|10/100 tox|[from] item: Leftovers
|-damage|p1a: Great Tusk|0 fnt|[from] psn
|faint|p1a: Great Tusk
|-end|p1a: Great Tusk|Protosynthesis|[silent]
|upkeep
|
|t:|1743937775
|switch|p1a: Gholdengo|Gholdengo|100/100
|-damage|p1a: Gholdengo|88/100|[from] Spikes
|turn|29
|
|t:|1743937790
|switch|p2a: Clodsire|Clodsire, F, shiny|91/100
|move|p1a: Gholdengo|Make It Rain|p2a: Clodsire
|-damage|p2a: Clodsire|38/100
|-unboost|p1a: Gholdengo|spa|1
|
|upkeep
|turn|30
|
|t:|1743937815
|switch|p2a: Slowking|Slowking, F, shiny|100/100
|move|p1a: Gholdengo|Make It Rain|p2a: Slowking
|-resisted|p2a: Slowking
|-damage|p2a: Slowking|82/100
|-unboost|p1a: Gholdengo|spa|1
|
|upkeep
|turn|31
|
|t:|1743937824
|switch|p1a: Rotom|Rotom-Wash|88/100
|move|p2a: Slowking|Future Sight|p1a: Rotom
|-start|p2a: Slowking|move: Future Sight
|
|upkeep
|turn|32
|
|t:|1743937831
|switch|p2a: Clodsire|Clodsire, F, shiny|38/100
|move|p1a: Rotom|Hex|p2a: Clodsire
|-damage|p2a: Clodsire|29/100
|
|upkeep
|turn|33
|
|t:|1743937838
|switch|p1a: Gholdengo|Gholdengo|88/100
|-damage|p1a: Gholdengo|76/100|[from] Spikes
|move|p2a: Clodsire|Recover|p2a: Clodsire
|-heal|p2a: Clodsire|79/100
|
|-end|p1a: Gholdengo|move: Future Sight
|-resisted|p1a: Gholdengo
|-damage|p1a: Gholdengo|56/100
|upkeep
|turn|34
|
|t:|1743937847
|move|p1a: Gholdengo|Shadow Ball|p2a: Clodsire
|-damage|p2a: Clodsire|47/100
|move|p2a: Clodsire|Earthquake|p1a: Gholdengo
|-supereffective|p1a: Gholdengo
|-damage|p1a: Gholdengo|0 fnt
|faint|p1a: Gholdengo
|
|upkeep
|
|t:|1743937854
|switch|p1a: Heatran|Heatran, F|87/100
|-damage|p1a: Heatran|75/100|[from] Spikes
|turn|35
|
|t:|1743937867
|-terastallize|p1a: Heatran|Grass
|move|p1a: Heatran|Earth Power|p2a: Clodsire
|-supereffective|p2a: Clodsire
|-damage|p2a: Clodsire|20/100
|move|p2a: Clodsire|Earthquake|p1a: Heatran
|-resisted|p1a: Heatran
|-damage|p1a: Heatran|64/100
|
|-heal|p1a: Heatran|70/100|[from] item: Leftovers
|upkeep
|turn|36
|
|t:|1743937879
|move|p1a: Heatran|Earth Power|p2a: Clodsire
|-supereffective|p2a: Clodsire
|-damage|p2a: Clodsire|0 fnt
|faint|p2a: Clodsire
|
|-heal|p1a: Heatran|76/100|[from] item: Leftovers
|upkeep
|
|t:|1743937881
|switch|p2a: Weavile|Weavile, F, shiny|100/100
|-ability|p2a: Weavile|Pressure
|turn|37
|
|t:|1743937889
|move|p2a: Weavile|Triple Axel|p1a: Heatran|[miss]
|-miss|p2a: Weavile|p1a: Heatran
|move|p1a: Heatran|Taunt|p2a: Weavile
|-start|p2a: Weavile|move: Taunt
|
|-heal|p1a: Heatran|83/100|[from] item: Leftovers
|upkeep
|turn|38
|
|t:|1743937896
|move|p2a: Weavile|Triple Axel|p1a: Heatran
|-supereffective|p1a: Heatran
|-damage|p1a: Heatran|65/100
|-supereffective|p1a: Heatran
|-damage|p1a: Heatran|29/100
|-supereffective|p1a: Heatran
|-damage|p1a: Heatran|0 fnt
|faint|p1a: Heatran
|-hitcount|p1: Heatran|3
|
|upkeep
|
|t:|1743937904
|switch|p1a: Okidogi|Okidogi, M|15/100
|-damage|p1a: Okidogi|2/100|[from] Spikes
|turn|39
|
|t:|1743937909
|move|p2a: Weavile|Knock Off|p1a: Okidogi
|-resisted|p1a: Okidogi
|-damage|p1a: Okidogi|0 fnt
|-enditem|p1a: Okidogi|Covert Cloak|[from] move: Knock Off|[of] p2a: Weavile
|faint|p1a: Okidogi
|
|upkeep
|
|t:|1743937914
|switch|p1a: Rotom|Rotom-Wash|88/100
|turn|40
|
|t:|1743937917
|move|p2a: Weavile|Knock Off|p1a: Rotom
|-damage|p1a: Rotom|46/100
|-enditem|p1a: Rotom|Eject Button|[from] move: Knock Off|[of] p2a: Weavile
|move|p1a: Rotom|Hydro Pump|p2a: Weavile
|-damage|p2a: Weavile|44/100
|
|-end|p2a: Weavile|move: Taunt
|upkeep
|turn|41
|
|t:|1743937927
|move|p2a: Weavile|Knock Off|p1a: Rotom
|-damage|p1a: Rotom|13/100
|move|p1a: Rotom|Hydro Pump|p2a: Weavile
|-damage|p2a: Weavile|0 fnt
|faint|p2a: Weavile
|
|upkeep
|
|t:|1743937935
|switch|p2a: Pecharunt|Pecharunt|82/100
|turn|42
|
|t:|1743937938
|move|p1a: Rotom|Hex|p2a: Pecharunt
|-supereffective|p2a: Pecharunt
|-damage|p2a: Pecharunt|44/100
|move|p2a: Pecharunt|Malignant Chain|p1a: Rotom
|-damage|p1a: Rotom|0 fnt
|faint|p1a: Rotom
|
|win|deebeeweebee
|raw|bigblacknunruly's rating: 1247 &rarr; <strong>1219</strong><br />(-28 for losing)
|raw|deebeeweebee's rating: 1211 &rarr; <strong>1239</strong><br />(+28 for winning)
