|j|☆blightcorruption
|j|☆cheeseflaskthemum
|t:|1743859542
|gametype|singles
|player|p1|blightcorruption|skyla|1000
|player|p2|cheeseflaskthemum|pryce|1044
|teamsize|p1|6
|teamsize|p2|6
|gen|9
|tier|[Gen 9] OU
|rated|
|rule|HP Percentage Mod: HP is shown in percentages
|rule|Endless Battle Clause: Forcing endless battles is banned
|rule|Species Clause: Limit one of each Pokémon
|rule|OHKO Clause: OHKO moves are banned
|rule|Evasion Items Clause: Evasion items are banned
|rule|Evasion Moves Clause: Evasion moves are banned
|rule|Sleep Moves Clause: Sleep-inducing moves are banned
|clearpoke
|poke|p1|Charizard, F|
|poke|p1|Hawlucha, M|
|poke|p1|Gyarados, M|
|poke|p1|Corviknight, F|
|poke|p1|Gliscor, M|
|poke|p1|Altaria, F|
|poke|p2|Weavile, M|
|poke|p2|Electivire, F|
|poke|p2|Greninja-*, F|
|poke|p2|Tinkaton, F|
|poke|p2|Sandy Shocks|
|poke|p2|Latios, M|
|teampreview
|
|t:|1743859557
|start
|switch|p1a: Gliscor|Gliscor, M, shiny|100/100
|switch|p2a: Tinkaton|Tinkaton, F|100/100
|-ability|p2a: Tinkaton|Mold Breaker
|turn|1
|
|t:|1743859566
|move|p1a: Gliscor|Toxic Spikes|p2a: Tinkaton
|-sidestart|p2: cheeseflaskthemum|move: Toxic Spikes
|move|p2a: Tinkaton|Encore|p1a: Gliscor
|-start|p1a: Gliscor|Encore
|
|-status|p1a: Gliscor|tox|[from] item: Toxic Orb
|upkeep
|turn|2
|
|t:|1743859577
|switch|p1a: Charizard|Charizard, F, shiny|100/100
|move|p2a: Tinkaton|Stealth Rock|p1a: Charizard
|-sidestart|p1: blightcorruption|move: Stealth Rock
|
|upkeep
|turn|3
|
|t:|1743859600
|switch|p2a: Latios|Latios, M|100/100
|move|p1a: Charizard|Heat Wave|p2a: Latios
|-resisted|p2a: Latios
|-damage|p2a: Latios|76/100
|
|upkeep
|turn|4
|
|t:|1743859615
|move|p2a: Latios|Flip Turn|p1a: Charizard
|-supereffective|p1a: Charizard
|-damage|p1a: Charizard|67/100
|
|t:|1743859619
|switch|p2a: Greninja|Greninja, F|100/100|[from] Flip Turn
|move|p1a: Charizard|Dragon Pulse|p2a: Greninja
|-damage|p2a: Greninja|68/100
|
|-heal|p1a: Charizard|73/100|[from] item: Leftovers
|upkeep
|turn|5
|
|t:|1743859638
|switch|p1a: Corviknight|Corviknight, F, shiny|100/100
|move|p2a: Greninja|Surf|p1a: Corviknight
|-start|p2a: Greninja|typechange|Water|[from] ability: Protean
|-damage|p1a: Corviknight|71/100
|
|upkeep
|turn|6
|
|t:|1743859652
|move|p2a: Greninja|Surf|p1a: Corviknight
|-damage|p1a: Corviknight|43/100
|move|p1a: Corviknight|Defog|p2a: Greninja
|-unboost|p2a: Greninja|evasion|1
|-sideend|p2: cheeseflaskthemum|Toxic Spikes|[from] move: Defog|[of] p1a: Corviknight
|-sideend|p1: blightcorruption|Stealth Rock|[from] move: Defog|[of] p1a: Corviknight
|
|upkeep
|turn|7
|
|t:|1743859696
|switch|p2a: Electivire|Electivire, F|100/100
|switch|p1a: Altaria|Altaria, F, shiny|100/100
|
|upkeep
|turn|8
|
|t:|1743859706
|switch|p1a: Gliscor|Gliscor, M, shiny|100/100 tox
|move|p2a: Electivire|Ice Punch|p1a: Gliscor
|-supereffective|p1a: Gliscor
|-damage|p1a: Gliscor|25/100 tox
|
|-heal|p1a: Gliscor|37/100 tox|[from] ability: Poison Heal
|upkeep
|turn|9
|
|t:|1743859724
|switch|p2a: Latios|Latios, M|76/100
|move|p1a: Gliscor|Toxic Spikes|p2a: Latios
|-sidestart|p2: cheeseflaskthemum|move: Toxic Spikes
|
|-heal|p1a: Gliscor|50/100 tox|[from] ability: Poison Heal
|upkeep
|turn|10
|
|t:|1743859735
|move|p2a: Latios|Trick|p1a: Gliscor
|-activate|p2a: Latios|move: Trick|[of] p1a: Gliscor
|-item|p1a: Gliscor|Choice Scarf|[from] move: Trick
|-item|p2a: Latios|Toxic Orb|[from] move: Trick
|move|p1a: Gliscor|Stealth Rock|p2a: Latios
|-sidestart|p2: cheeseflaskthemum|move: Stealth Rock
|
|-heal|p1a: Gliscor|62/100 tox|[from] ability: Poison Heal
|-status|p2a: Latios|tox|[from] item: Toxic Orb
|upkeep
|turn|11
|
|t:|1743859753
|switch|p1a: Altaria|Altaria, F, shiny|100/100
|move|p2a: Latios|Draco Meteor|p1a: Altaria
|-supereffective|p1a: Altaria
|-damage|p1a: Altaria|0 fnt
|-unboost|p2a: Latios|spa|2
|faint|p1a: Altaria
|
|-damage|p2a: Latios|70/100 tox|[from] psn
|upkeep
|
|t:|1743859764
|switch|p1a: Gyarados|Gyarados, M, shiny|100/100
|-ability|p1a: Gyarados|Intimidate|boost
|-unboost|p2a: Latios|atk|1
|turn|12
|
|t:|1743859775
|move|p2a: Latios|Trick|p1a: Gyarados
|-activate|p2a: Latios|move: Trick|[of] p1a: Gyarados
|-item|p1a: Gyarados|Toxic Orb|[from] move: Trick
|-item|p2a: Latios|Life Orb|[from] move: Trick
|move|p1a: Gyarados|Hurricane|p2a: Latios|[miss]
|-miss|p1a: Gyarados|p2a: Latios
|
|-damage|p2a: Latios|58/100 tox|[from] psn
|-status|p1a: Gyarados|tox|[from] item: Toxic Orb
|upkeep
|turn|13
|
|t:|1743859792
|move|p2a: Latios|Flip Turn|p1a: Gyarados
|-resisted|p1a: Gyarados
|-damage|p1a: Gyarados|94/100 tox
|-damage|p2a: Latios|48/100 tox|[from] item: Life Orb
|
|t:|1743859798
|switch|p2a: Electivire|Electivire, F|100/100|[from] Flip Turn
|-status|p2a: Electivire|psn
|-damage|p2a: Electivire|88/100 psn|[from] Stealth Rock
|move|p1a: Gyarados|Waterfall|p2a: Electivire
|-damage|p2a: Electivire|18/100 psn
|
|-damage|p1a: Gyarados|88/100 tox|[from] psn
|-damage|p2a: Electivire|6/100 psn|[from] psn
|upkeep
|turn|14
|
|t:|1743859816
|switch|p1a: Gliscor|Gliscor, M, shiny|62/100 tox
|move|p2a: Electivire|Supercell Slam|p1a: Gliscor
|-immune|p1a: Gliscor
|-damage|p2a: Electivire|0 fnt|[from] supercellslam
|faint|p2a: Electivire
|
|-heal|p1a: Gliscor|75/100 tox|[from] ability: Poison Heal
|upkeep
|
|t:|1743859825
|switch|p2a: Greninja|Greninja, F|68/100
|turn|15
|
|t:|1743859834
|switch|p1a: Charizard|Charizard, F, shiny|73/100
|move|p2a: Greninja|Ice Beam|p1a: Charizard
|-start|p2a: Greninja|typechange|Ice|[from] ability: Protean
|-damage|p1a: Charizard|29/100
|
|-heal|p1a: Charizard|35/100|[from] item: Leftovers
|upkeep
|turn|16
|
|t:|1743859854
|move|p2a: Greninja|Surf|p1a: Charizard
|-supereffective|p1a: Charizard
|-damage|p1a: Charizard|0 fnt
|faint|p1a: Charizard
|
|upkeep
|
|t:|1743859867
|switch|p1a: Hawlucha|Hawlucha, M, shiny|100/100
|turn|17
|
|t:|1743859874
|-terastallize|p2a: Greninja|Water
|-terastallize|p1a: Hawlucha|Fighting
|move|p2a: Greninja|Surf|p1a: Hawlucha
|-damage|p1a: Hawlucha|48/100
|move|p1a: Hawlucha|Drain Punch|p2a: Greninja
|-damage|p2a: Greninja|13/100
|-heal|p1a: Hawlucha|81/100|[from] drain|[of] p2a: Greninja
|
|upkeep
|turn|18
|
|t:|1743859889
|move|p2a: Greninja|Surf|p1a: Hawlucha
|-crit|p1a: Hawlucha
|-damage|p1a: Hawlucha|4/100
|move|p1a: Hawlucha|Drain Punch|p2a: Greninja
|-damage|p2a: Greninja|0 fnt
|-heal|p1a: Hawlucha|11/100|[from] drain|[of] p2a: Greninja
|faint|p2a: Greninja
|
|upkeep
|
|t:|1743859913
|switch|p2a: Weavile|Weavile, M|100/100
|-status|p2a: Weavile|psn
|-damage|p2a: Weavile|76/100 psn|[from] Stealth Rock
|-ability|p2a: Weavile|Pressure
|turn|19
|
|t:|1743859920
|move|p1a: Hawlucha|Drain Punch|p2a: Weavile
|-supereffective|p2a: Weavile
|-damage|p2a: Weavile|0 fnt
|-heal|p1a: Hawlucha|46/100|[from] drain|[of] p2a: Weavile
|faint|p2a: Weavile
|
|upkeep
|
|t:|1743859925
|switch|p2a: Latios|Latios, M|48/100 tox
|-damage|p2a: Latios|36/100 tox|[from] Stealth Rock
|turn|20
|
|t:|1743859933
|switch|p1a: Gyarados|Gyarados, M, shiny|88/100 tox
|-ability|p1a: Gyarados|Intimidate|boost
|-unboost|p2a: Latios|atk|1
|move|p2a: Latios|Luster Purge|p1a: Gyarados
|-damage|p1a: Gyarados|23/100 tox
|-unboost|p1a: Gyarados|spd|1
|-damage|p2a: Latios|26/100 tox|[from] item: Life Orb
|
|-damage|p2a: Latios|20/100 tox|[from] psn
|-damage|p1a: Gyarados|17/100 tox|[from] psn
|upkeep
|turn|21
|
|t:|1743859947
|move|p2a: Latios|Luster Purge|p1a: Gyarados
|-damage|p1a: Gyarados|0 fnt
|faint|p1a: Gyarados
|-damage|p2a: Latios|10/100 tox|[from] item: Life Orb
|
|-damage|p2a: Latios|0 fnt|[from] psn
|faint|p2a: Latios
|upkeep
|
|t:|1743859956
|switch|p2a: Sandy Shocks|Sandy Shocks|100/100
|switch|p1a: Hawlucha|Hawlucha, M, shiny, tera:Fighting|46/100
|turn|22
|
|t:|1743859965
|move|p1a: Hawlucha|Drain Punch|p2a: Sandy Shocks
|-damage|p2a: Sandy Shocks|55/100
|-heal|p1a: Hawlucha|70/100|[from] drain|[of] p2a: Sandy Shocks
|move|p2a: Sandy Shocks|Thunderbolt|p1a: Hawlucha
|-damage|p1a: Hawlucha|0 fnt
|faint|p1a: Hawlucha
|
|upkeep
|
|t:|1743859974
|switch|p1a: Gliscor|Gliscor, M, shiny|75/100 tox
|turn|23
|
|t:|1743859996
|-end|p2a: Sandy Shocks|Protosynthesis|[silent]
|switch|p2a: Tinkaton|Tinkaton, F|100/100
|-damage|p2a: Tinkaton|94/100|[from] Stealth Rock
|-ability|p2a: Tinkaton|Mold Breaker
|move|p1a: Gliscor|Earthquake|p2a: Tinkaton
|-supereffective|p2a: Tinkaton
|-damage|p2a: Tinkaton|30/100
|
|-heal|p2a: Tinkaton|36/100|[from] item: Leftovers
|-heal|p1a: Gliscor|87/100 tox|[from] ability: Poison Heal
|upkeep
|turn|24
|
|t:|1743860010
|move|p1a: Gliscor|Earthquake|p2a: Tinkaton
|-supereffective|p2a: Tinkaton
|-damage|p2a: Tinkaton|0 fnt
|faint|p2a: Tinkaton
|
|-heal|p1a: Gliscor|99/100 tox|[from] ability: Poison Heal
|upkeep
|
|t:|1743860013
|switch|p2a: Sandy Shocks|Sandy Shocks|55/100
|turn|25
|-message|cheeseflaskthemum forfeited.
|
|win|blightcorruption
|raw|blightcorruption's rating: 1000 &rarr; <strong>1045</strong><br />(+45 for winning)
|raw|cheeseflaskthemum's rating: 1044 &rarr; <strong>1025</strong><br />(-19 for losing)
|l|☆cheeseflaskthemum
|player|p2|
