|j|☆Hipolyte_
|j|☆Mimizy ❤️
|t:|1743869619
|gametype|singles
|player|p1|Hipolyte_|n|1182
|player|p2|Mimizy ❤️|rosa-masters2|1158
|teamsize|p1|6
|teamsize|p2|6
|gen|9
|tier|[Gen 9] OU
|rated|
|rule|HP Percentage Mod: HP is shown in percentages
|rule|Endless Battle Clause: Forcing endless battles is banned
|rule|Species Clause: Limit one of each Pokémon
|rule|OHKO Clause: OHKO moves are banned
|rule|Evasion Items Clause: Evasion items are banned
|rule|Evasion Moves Clause: Evasion moves are banned
|rule|Sleep Moves Clause: Sleep-inducing moves are banned
|clearpoke
|poke|p1|Glimmora, F|
|poke|p1|Kingambit, M|
|poke|p1|Darkrai|
|poke|p1|Zamazenta-*|
|poke|p1|Dragonite, M|
|poke|p1|Iron Valiant|
|poke|p2|Ribombee, F|
|poke|p2|Charizard, F|
|poke|p2|Blissey, F|
|poke|p2|Lilligant, F|
|poke|p2|Great Tusk|
|poke|p2|Gholdengo|
|teampreview
|inactive|Battle timer is ON: inactive players will automatically lose when time's up. (requested by Mimizy ❤️)
|inactive|Hipolyte_ also wants the timer to be on.
|j| ghostyy fellow
|inactive|Mimizy ❤️ has 120 seconds left.
|c|☆Mimizy ❤️|ugh, glimmora.
|
|t:|1743869666
|start
|switch|p1a: Glimmora|Glimmora, F|100/100
|switch|p2a: Gold and go|Gholdengo|100/100
|-item|p2a: Gold and go|Air Balloon
|turn|1
|j| Lazilalt
|j| False Security
|
|t:|1743869677
|move|p1a: Glimmora|Stealth Rock|p2a: Gold and go
|-sidestart|p2: Mimizy ❤️|move: Stealth Rock
|move|p2a: Gold and go|Thunder Wave|p1a: Glimmora
|-status|p1a: Glimmora|par
|
|upkeep
|turn|2
|
|t:|1743869682
|move|p2a: Gold and go|Shadow Ball|p1a: Glimmora
|-damage|p1a: Glimmora|54/100 par
|cant|p1a: Glimmora|par
|
|upkeep
|turn|3
|
|t:|1743869689
|move|p2a: Gold and go|Make It Rain|p1a: Glimmora
|-supereffective|p1a: Glimmora
|-damage|p1a: Glimmora|0 fnt
|-unboost|p2a: Gold and go|spa|1
|faint|p1a: Glimmora
|
|upkeep
|
|t:|1743869696
|switch|p1a: Darkrai|Darkrai|100/100
|turn|4
|
|t:|1743869699
|move|p1a: Darkrai|Dark Pulse|p2a: Gold and go
|-supereffective|p2a: Gold and go
|-damage|p2a: Gold and go|4/100
|-enditem|p2a: Gold and go|Air Balloon
|move|p2a: Gold and go|Thunder Wave|p1a: Darkrai
|-status|p1a: Darkrai|par
|
|upkeep
|turn|5
|c| ghostyy fellow|what did glimmora do to you bro
|
|t:|1743869707
|switch|p2a: Never Exhaust|Blissey, F|100/100
|-damage|p2a: Never Exhaust|88/100|[from] Stealth Rock
|move|p1a: Darkrai|Dark Pulse|p2a: Never Exhaust
|-damage|p2a: Never Exhaust|75/100
|
|upkeep
|turn|6
|c|☆Mimizy ❤️|EXIST
|
|t:|1743869722
|switch|p1a: Zamazenta|Zamazenta|100/100
|-ability|p1a: Zamazenta|Dauntless Shield|boost
|-boost|p1a: Zamazenta|def|1
|move|p2a: Never Exhaust|Sunny Day|p2a: Never Exhaust
|-weather|SunnyDay
|
|-weather|SunnyDay|[upkeep]
|upkeep
|turn|7
|
|t:|1743869728
|switch|p2a: Gold and go|Gholdengo|4/100
|-damage|p2a: Gold and go|0 fnt|[from] Stealth Rock
|faint|p2a: Gold and go
|move|p1a: Zamazenta|Iron Defense|p1a: Zamazenta
|-boost|p1a: Zamazenta|def|2
|
|-weather|SunnyDay|[upkeep]
|upkeep
|c| ghostyy fellow|wh
|c| ghostyy fellow|was that intentional
|c|☆Mimizy ❤️|yeah
|c|☆Mimizy ❤️|as pivot sack
|c| ghostyy fellow|oh ok
|c|☆Mimizy ❤️|but...
|inactive|Mimizy ❤️ has 120 seconds left.
|c|☆Mimizy ❤️|rocks annoying because charizard cant live anything now
|c| ghostyy fellow|do you not have spin on tusk
|c|☆Mimizy ❤️|perhaps.. if i just...
|c|☆Mimizy ❤️|yeah i do
|c| ghostyy fellow|oh
|inactive|Mimizy ❤️ has 90 seconds left.
|c|☆Mimizy ❤️|but that means somethings taking big pp dmg
|c|☆Mimizy ❤️|twice
|c|☆Mimizy ❤️|hmm
|c|☆Mimizy ❤️|you know what
|
|t:|1743869809
|switch|p2a: 土|Great Tusk|100/100
|-activate|p2a: 土|ability: Protosynthesis
|-start|p2a: 土|protosynthesisatk
|turn|8
|
|t:|1743869814
|move|p1a: Zamazenta|Body Press|p2a: 土
|-damage|p2a: 土|52/100
|move|p2a: 土|Rapid Spin|p1a: Zamazenta
|-damage|p1a: Zamazenta|94/100
|-boost|p2a: 土|spe|1
|-sideend|p2: Mimizy ❤️|Stealth Rock|[from] move: Rapid Spin|[of] p2a: 土
|
|-weather|SunnyDay|[upkeep]
|-heal|p1a: Zamazenta|99/100|[from] item: Leftovers
|upkeep
|turn|9
|
|t:|1743869825
|move|p2a: 土|Earthquake|p1a: Zamazenta
|-damage|p1a: Zamazenta|79/100
|move|p1a: Zamazenta|Iron Defense|p1a: Zamazenta
|-boost|p1a: Zamazenta|def|2
|
|-weather|SunnyDay|[upkeep]
|-heal|p1a: Zamazenta|85/100|[from] item: Leftovers
|upkeep
|turn|10
|
|t:|1743869830
|-end|p2a: 土|Protosynthesis|[silent]
|switch|p2a: 50-100%|Charizard, F|100/100
|move|p1a: Zamazenta|Iron Defense|p1a: Zamazenta
|-boost|p1a: Zamazenta|def|1
|
|-weather|SunnyDay|[upkeep]
|-damage|p2a: 50-100%|88/100|[from] ability: Solar Power|[of] p2a: 50-100%
|-heal|p1a: Zamazenta|91/100|[from] item: Leftovers
|upkeep
|turn|11
|
|t:|1743869838
|move|p1a: Zamazenta|Body Press|p2a: 50-100%
|-resisted|p2a: 50-100%
|-damage|p2a: 50-100%|8/100
|move|p2a: 50-100%|Overheat|p1a: Zamazenta
|-damage|p1a: Zamazenta|0 fnt
|-unboost|p2a: 50-100%|spa|2
|faint|p1a: Zamazenta
|
|-weather|SunnyDay|[upkeep]
|-damage|p2a: 50-100%|0 fnt|[from] ability: Solar Power|[of] p2a: 50-100%
|faint|p2a: 50-100%
|upkeep
|c|☆Mimizy ❤️|mwhahaha
|
|t:|1743869848
|switch|p1a: Dragonite|Dragonite, M|100/100
|switch|p2a: 可愛いと渋いです|Ribombee, F|100/100
|turn|12
|
|t:|1743869857
|-terastallize|p1a: Dragonite|Normal
|move|p2a: 可愛いと渋いです|Sticky Web|p1a: Dragonite
|-sidestart|p1: Hipolyte_|move: Sticky Web
|move|p1a: Dragonite|Dragon Dance|p1a: Dragonite
|-boost|p1a: Dragonite|atk|1
|-boost|p1a: Dragonite|spe|1
|
|-weather|SunnyDay|[upkeep]
|upkeep
|turn|13
|c| ghostyy fellow|hes literally just a gun with one bullet
|c| ghostyy fellow|bro gets hit for most of his health
|
|t:|1743869868
|move|p1a: Dragonite|Dragon Dance|p1a: Dragonite
|-boost|p1a: Dragonite|atk|1
|-boost|p1a: Dragonite|spe|1
|move|p2a: 可愛いと渋いです|Moonblast|p1a: Dragonite
|-damage|p1a: Dragonite|80/100
|
|-weather|none
|upkeep
|turn|14
|c| ghostyy fellow|nukes the enemy
|c| ghostyy fellow|and then just fcking dies
|l| False Security
|c|☆Mimizy ❤️|literally LOL
|c| Lazilalt|semi-sun team w/o sun :sob:
|c|☆Mimizy ❤️|im fried though
|c| Lazilalt|(joke btw)
|inactive|Mimizy ❤️ has 90 seconds left.
|
|t:|1743869896
|move|p1a: Dragonite|Extreme Speed|p2a: 可愛いと渋いです
|-enditem|p2a: 可愛いと渋いです|Focus Sash
|-damage|p2a: 可愛いと渋いです|1/100
|move|p2a: 可愛いと渋いです|Tailwind|p2a: 可愛いと渋いです
|-sidestart|p2: Mimizy ❤️|move: Tailwind
|
|upkeep
|turn|15
|
|t:|1743869902
|move|p1a: Dragonite|Extreme Speed|p2a: 可愛いと渋いです
|-damage|p2a: 可愛いと渋いです|0 fnt
|faint|p2a: 可愛いと渋いです
|
|upkeep
|inactive|Mimizy ❤️ has 90 seconds left.
|
|t:|1743869913
|switch|p2a: 土|Great Tusk|52/100
|turn|16
|
|t:|1743869915
|move|p2a: 土|Body Press|p1a: Dragonite
|-supereffective|p1a: Dragonite
|-damage|p1a: Dragonite|0 fnt
|faint|p1a: Dragonite
|
|upkeep
|c| ghostyy fellow|my teeth are chattering
|
|t:|1743869920
|switch|p1a: Iron Valiant|Iron Valiant|100/100
|-activate|p1a: Iron Valiant|move: Sticky Web
|-unboost|p1a: Iron Valiant|spe|1
|-enditem|p1a: Iron Valiant|Booster Energy
|-activate|p1a: Iron Valiant|ability: Quark Drive|[fromitem]
|-start|p1a: Iron Valiant|quarkdrivespa
|turn|17
|c|☆Mimizy ❤️|what
|c| ghostyy fellow|my teeth are no longer chattering
|c|☆Mimizy ❤️|how the hell is tusk faster
|c|☆Mimizy ❤️|he was 2 DD
|c| ghostyy fellow|also shouldnt he have used espeed
|c|☆Mimizy ❤️|skull emoji
|inactive|Mimizy ❤️ has 90 seconds left.
|c|☆Mimizy ❤️|i need this
|inactive|Mimizy ❤️ has 60 seconds left.
|c|☆Mimizy ❤️|i need all 3 of these pokemon to win
|c|☆Mimizy ❤️|but something must die here
|c|☆Mimizy ❤️|</3
|c| ghostyy fellow|bye tusk
|c| ghostyy fellow|bozo
|c| ghostyy fellow|wait uh
|c| ghostyy fellow|hmm
|c| ghostyy fellow|maybe not actually
|c|☆Mimizy ❤️|nooo then i lose to kambit
|c|☆Mimizy ❤️|hmm
|inactive|Mimizy ❤️ has 30 seconds left.
|c|☆Mimizy ❤️|30 sec time to play
|
|t:|1743870010
|-end|p2a: 土|Protosynthesis|[silent]
|switch|p2a: Never Exhaust|Blissey, F|75/100
|move|p1a: Iron Valiant|Moonblast|p2a: Never Exhaust
|-damage|p2a: Never Exhaust|57/100
|-unboost|p2a: Never Exhaust|spa|1
|
|-sideend|p2: Mimizy ❤️|move: Tailwind
|upkeep
|turn|18
|c| Lazilalt|is bro cooked or
|
|t:|1743870018
|move|p1a: Iron Valiant|Vacuum Wave|p2a: Never Exhaust
|-supereffective|p2a: Never Exhaust
|-damage|p2a: Never Exhaust|42/100
|move|p2a: Never Exhaust|Sunny Day|p2a: Never Exhaust
|-weather|SunnyDay
|
|-weather|SunnyDay|[upkeep]
|upkeep
|turn|19
|c|☆Mimizy ❤️|v wave
|c|☆Mimizy ❤️|lool
|
|t:|1743870037
|-end|p1a: Iron Valiant|Quark Drive|[silent]
|switch|p1a: Darkrai|Darkrai|100/100 par
|-activate|p1a: Darkrai|move: Sticky Web
|-unboost|p1a: Darkrai|spe|1
|move|p2a: Never Exhaust|Soft-Boiled|p2a: Never Exhaust
|-heal|p2a: Never Exhaust|92/100
|
|-weather|SunnyDay|[upkeep]
|upkeep
|turn|20
|c| ghostyy fellow|yeah thats your best move imo
|
|t:|1743870045
|switch|p2a: これがわたしです|Lilligant, F|100/100
|move|p1a: Darkrai|Focus Blast|p2a: これがわたしです
|-damage|p2a: これがわたしです|39/100
|
|-weather|SunnyDay|[upkeep]
|upkeep
|turn|21
|
|t:|1743870049
|move|p2a: これがわたしです|Quiver Dance|p2a: これがわたしです
|-boost|p2a: これがわたしです|spa|1
|-boost|p2a: これがわたしです|spd|1
|-boost|p2a: これがわたしです|spe|1
|move|p1a: Darkrai|Focus Blast|p2a: これがわたしです|[miss]
|-miss|p1a: Darkrai|p2a: これがわたしです
|
|-weather|SunnyDay|[upkeep]
|upkeep
|turn|22
|inactive|Mimizy ❤️ has 60 seconds left.
|c| ghostyy fellow|now everything else is set up
|c| ghostyy fellow|MISS MATTERED
|
|t:|1743870060
|move|p2a: これがわたしです|Giga Drain|p1a: Darkrai
|-damage|p1a: Darkrai|0 fnt
|-heal|p2a: これがわたしです|89/100|[from] drain|[of] p1a: Darkrai
|faint|p1a: Darkrai
|-damage|p2a: これがわたしです|80/100|[from] item: Life Orb
|
|-weather|SunnyDay|[upkeep]
|upkeep
|c|☆Mimizy ❤️|O MA
|c|☆Hipolyte_|bruh
|
|t:|1743870075
|switch|p1a: Iron Valiant|Iron Valiant|100/100
|-activate|p1a: Iron Valiant|move: Sticky Web
|-unboost|p1a: Iron Valiant|spe|1
|turn|23
|c|☆Mimizy ❤️|why not gambit
|inactive|Mimizy ❤️ has 60 seconds left.
|c|☆Mimizy ❤️|i think sucker punch kills
|
|t:|1743870095
|move|p2a: これがわたしです|Giga Drain|p1a: Iron Valiant
|-damage|p1a: Iron Valiant|0 fnt
|-heal|p2a: これがわたしです|100/100|[from] drain|[of] p1a: Iron Valiant
|faint|p1a: Iron Valiant
|-end|p1a: Iron Valiant|Quark Drive|[silent]
|-damage|p2a: これがわたしです|91/100|[from] item: Life Orb
|
|-weather|SunnyDay|[upkeep]
|upkeep
|
|t:|1743870097
|switch|p1a: Kingambit|Kingambit, M|100/100
|-activate|p1a: Kingambit|move: Sticky Web
|-unboost|p1a: Kingambit|spe|1
|-activate|p1a: Kingambit|ability: Supreme Overlord
|-start|p1a: Kingambit|fallen5|[silent]
|turn|24
|c| ghostyy fellow|as long as tusk is here why run gambit
|inactive|Mimizy ❤️ has 60 seconds left.
|c| ghostyy fellow|i think maybe?
|c| ghostyy fellow|idk
|c|☆Mimizy ❤️|i literally won again with this poop team
|c|☆Mimizy ❤️|funni
|
|t:|1743870117
|move|p2a: これがわたしです|Weather Ball|p1a: Kingambit
|-supereffective|p1a: Kingambit
|-damage|p1a: Kingambit|0 fnt
|faint|p1a: Kingambit
|-end|p1a: Kingambit|fallen5|[silent]
|-damage|p2a: これがわたしです|81/100|[from] item: Life Orb
|
|win|Mimizy ❤️
