|j|☆YeatLover267
|j|‽Thmonster
|t:|1743829331
|gametype|singles
|player|p1|YeatLover267|265|1212
|player|p2|Thmonster|265|1152
|teamsize|p1|6
|teamsize|p2|6
|gen|9
|tier|[Gen 9] OU
|rated|
|rule|HP Percentage Mod: HP is shown in percentages
|rule|Endless Battle Clause: Forcing endless battles is banned
|rule|Species Clause: Limit one of each Pokémon
|rule|OHKO Clause: OHKO moves are banned
|rule|Evasion Items Clause: Evasion items are banned
|rule|Evasion Moves Clause: Evasion moves are banned
|rule|Sleep Moves Clause: Sleep-inducing moves are banned
|clearpoke
|poke|p1|Heatran, M|
|poke|p1|Vikavolt, F|
|poke|p1|Iron Hands|
|poke|p1|Samurott-Hisui, F|
|poke|p1|Moltres-Galar|
|poke|p1|Dragapult, F|
|poke|p2|Darkrai|
|poke|p2|Ogerpon-Wellspring, F|
|poke|p2|Dragonite, M|
|poke|p2|Zapdos|
|poke|p2|Iron Treads|
|poke|p2|Iron Moth|
|teampreview
|inactive|Battle timer is ON: inactive players will automatically lose when time's up. (requested by YeatLover267)
|
|t:|1743829337
|start
|switch|p1a: Vikavolt|Vikavolt, F, shiny|100/100
|switch|p2a: Zapdos|Zapdos|100/100
|turn|1
|
|t:|1743829348
|switch|p1a: Heatran|Heatran, M|100/100
|move|p2a: Zapdos|Heat Wave|p1a: Heatran
|-start|p1a: Heatran|ability: Flash Fire
|
|upkeep
|turn|2
|
|t:|1743829355
|move|p2a: Zapdos|Thunderbolt|p1a: Heatran
|-damage|p1a: Heatran|65/100
|-damage|p2a: Zapdos|91/100|[from] item: Life Orb
|move|p1a: Heatran|Magma Storm|p2a: Zapdos
|-damage|p2a: Zapdos|12/100
|-activate|p2a: Zapdos|move: Magma Storm|[of] p1a: Heatran
|
|-damage|p2a: Zapdos|0 fnt|[from] move: Magma Storm|[partiallytrapped]
|faint|p2a: Zapdos
|upkeep
|
|t:|1743829373
|switch|p2a: Ogerpon|Ogerpon-Wellspring, F|100/100
|turn|3
|
|t:|1743829378
|-end|p1a: Heatran|ability: Flash Fire|[silent]
|switch|p1a: Iron Hands|Iron Hands|100/100
|move|p2a: Ogerpon|Ivy Cudgel|p1a: Iron Hands|[anim] Ivy Cudgel Water
|-damage|p1a: Iron Hands|67/100
|
|upkeep
|turn|4
|
|t:|1743829390
|move|p2a: Ogerpon|Play Rough|p1a: Iron Hands
|-supereffective|p1a: Iron Hands
|-damage|p1a: Iron Hands|26/100
|move|p1a: Iron Hands|Ice Punch|p2a: Ogerpon
|-damage|p2a: Ogerpon|58/100
|
|upkeep
|turn|5
|
|t:|1743829401
|-terastallize|p1a: Iron Hands|Grass
|move|p2a: Ogerpon|Ivy Cudgel|p1a: Iron Hands|[anim] Ivy Cudgel Water
|-resisted|p1a: Iron Hands
|-crit|p1a: Iron Hands
|-damage|p1a: Iron Hands|2/100
|move|p1a: Iron Hands|Drain Punch|p2a: Ogerpon
|-damage|p2a: Ogerpon|0 fnt
|-heal|p1a: Iron Hands|21/100|[from] drain|[of] p2a: Ogerpon
|faint|p2a: Ogerpon
|
|upkeep
|
|t:|1743829411
|switch|p2a: Dragonite|Dragonite, M|100/100
|turn|6
|
|t:|1743829413
|move|p2a: Dragonite|Dragon Dance|p2a: Dragonite
|-boost|p2a: Dragonite|atk|1
|-boost|p2a: Dragonite|spe|1
|move|p1a: Iron Hands|Ice Punch|p2a: Dragonite
|-supereffective|p2a: Dragonite
|-damage|p2a: Dragonite|35/100
|-enditem|p2a: Dragonite|Weakness Policy
|-boost|p2a: Dragonite|atk|2|[from] item: Weakness Policy
|-boost|p2a: Dragonite|spa|2|[from] item: Weakness Policy
|
|upkeep
|turn|7
|
|t:|1743829420
|move|p2a: Dragonite|Extreme Speed|p1a: Iron Hands
|-damage|p1a: Iron Hands|0 fnt
|faint|p1a: Iron Hands
|-end|p1a: Iron Hands|Quark Drive|[silent]
|
|upkeep
|
|t:|1743829423
|switch|p1a: Vikavolt|Vikavolt, F, shiny|100/100
|turn|8
|
|t:|1743829441
|move|p2a: Dragonite|Outrage|p1a: Vikavolt
|-damage|p1a: Vikavolt|0 fnt
|faint|p1a: Vikavolt
|
|upkeep
|
|t:|1743829443
|switch|p1a: Heatran|Heatran, M|65/100
|turn|9
|
|t:|1743829445
|move|p2a: Dragonite|Outrage|p1a: Heatran|[from] lockedmove
|-resisted|p1a: Heatran
|-damage|p1a: Heatran|0 fnt
|faint|p1a: Heatran
|-start|p2a: Dragonite|confusion|[fatigue]
|
|upkeep
|-message|YeatLover267 forfeited.
|
|win|Thmonster
|raw|YeatLover267's rating: 1212 &rarr; <strong>1183</strong><br />(-29 for losing)
|raw|Thmonster's rating: 1152 &rarr; <strong>1181</strong><br />(+29 for winning)
|l|☆YeatLover267
|player|p1|
|l|‽Thmonster
|player|p2|
