|j|☆NoneBot L
|j|☆FazzzB13
|t:|1743870878
|gametype|singles
|player|p1|NoneBot L|chili|1221
|player|p2|FazzzB13|102|1182
|teamsize|p1|6
|teamsize|p2|6
|gen|9
|tier|[Gen 9] OU
|rated|
|rule|HP Percentage Mod: HP is shown in percentages
|rule|Endless Battle Clause: Forcing endless battles is banned
|rule|Species Clause: Limit one of each Pokémon
|rule|OHKO Clause: OHKO moves are banned
|rule|Evasion Items Clause: Evasion items are banned
|rule|Evasion Moves Clause: Evasion moves are banned
|rule|Sleep Moves Clause: Sleep-inducing moves are banned
|clearpoke
|poke|p1|Slither Wing|
|poke|p1|Hydrapple, M|
|poke|p1|Yanmega, M|
|poke|p1|Iron Treads|
|poke|p1|Rotom|
|poke|p1|Greninja-*, M|
|poke|p2|Gliscor, M|
|poke|p2|Raging Bolt|
|poke|p2|Ogerpon-Wellspring, F|
|poke|p2|Iron Treads|
|poke|p2|Iron Moth|
|poke|p2|Gholdengo|
|teampreview
|
|t:|1743870892
|start
|switch|p1a: Greninja|Greninja, M|100/100
|switch|p2a: Gliscor|Gliscor, M, shiny|100/100
|turn|1
|
|t:|1743870903
|switch|p2a: Raging Bolt|Raging Bolt|100/100
|-enditem|p2a: Raging Bolt|Booster Energy
|-activate|p2a: Raging Bolt|ability: Protosynthesis|[fromitem]
|-start|p2a: Raging Bolt|protosynthesisspa
|move|p1a: Greninja|Spikes|p2a: Raging Bolt
|-start|p1a: Greninja|typechange|Ground|[from] ability: Protean
|-sidestart|p2: FazzzB13|Spikes
|
|upkeep
|turn|2
|
|t:|1743870913
|move|p1a: Greninja|Taunt|p2a: Raging Bolt
|-start|p2a: Raging Bolt|move: Taunt
|cant|p2a: Raging Bolt|move: Taunt|Calm Mind
|
|upkeep
|turn|3
|
|t:|1743870934
|switch|p1a: Iron Treads|Iron Treads|100/100
|move|p2a: Raging Bolt|Draco Meteor|p1a: Iron Treads|[miss]
|-miss|p2a: Raging Bolt|p1a: Iron Treads
|
|upkeep
|turn|4
|
|t:|1743870945
|-end|p2a: Raging Bolt|Protosynthesis|[silent]
|switch|p2a: Gliscor|Gliscor, M, shiny|100/100
|move|p1a: Iron Treads|Earth Power|p2a: Gliscor
|-immune|p2a: Gliscor
|
|-status|p2a: Gliscor|tox|[from] item: Toxic Orb
|upkeep
|turn|5
|inactive|Battle timer is ON: inactive players will automatically lose when time's up. (requested by FazzzB13)
|
|t:|1743870952
|-end|p1a: Iron Treads|Quark Drive|[silent]
|switch|p1a: Greninja|Greninja, M|100/100
|move|p2a: Gliscor|Earthquake|p1a: Greninja
|-damage|p1a: Greninja|42/100
|
|upkeep
|turn|6
|
|t:|1743870961
|move|p1a: Greninja|Surf|p2a: Gliscor
|-start|p1a: Greninja|typechange|Water|[from] ability: Protean
|-supereffective|p2a: Gliscor
|-damage|p2a: Gliscor|0 fnt
|faint|p2a: Gliscor
|
|upkeep
|
|t:|1743870979
|switch|p2a: Raging Bolt|Raging Bolt|100/100
|-damage|p2a: Raging Bolt|88/100|[from] Spikes
|turn|7
|
|t:|1743870986
|move|p1a: Greninja|Taunt|p2a: Raging Bolt
|-start|p2a: Raging Bolt|move: Taunt
|move|p2a: Raging Bolt|Draco Meteor|p1a: Greninja
|-damage|p1a: Greninja|0 fnt
|-unboost|p2a: Raging Bolt|spa|2
|faint|p1a: Greninja
|
|upkeep
|
|t:|1743870991
|switch|p1a: Iron Treads|Iron Treads|100/100
|turn|8
|
|t:|1743871001
|-end|p2a: Raging Bolt|Protosynthesis|[silent]
|switch|p2a: Ogerpon|Ogerpon-Wellspring, F|100/100
|-damage|p2a: Ogerpon|88/100|[from] Spikes
|move|p1a: Iron Treads|Earth Power|p2a: Ogerpon
|-resisted|p2a: Ogerpon
|-damage|p2a: Ogerpon|69/100
|-unboost|p2a: Ogerpon|spd|1
|
|upkeep
|turn|9
|
|t:|1743871016
|move|p2a: Ogerpon|Knock Off|p1a: Iron Treads
|-damage|p1a: Iron Treads|65/100
|-enditem|p1a: Iron Treads|Focus Sash|[from] move: Knock Off|[of] p2a: Ogerpon
|move|p1a: Iron Treads|Volt Switch|p2a: Ogerpon
|-damage|p2a: Ogerpon|39/100
|
|t:|1743871026
|-end|p1a: Iron Treads|Quark Drive|[silent]
|switch|p1a: Yanmega|Yanmega, M, shiny|100/100|[from] Volt Switch
|
|upkeep
|turn|10
|
|t:|1743871040
|move|p2a: Ogerpon|Ivy Cudgel|p1a: Yanmega|[anim] Ivy Cudgel Water
|-damage|p1a: Yanmega|29/100
|move|p1a: Yanmega|Bug Buzz|p2a: Ogerpon
|-supereffective|p2a: Ogerpon
|-damage|p2a: Ogerpon|0 fnt
|faint|p2a: Ogerpon
|
|upkeep
|
|t:|1743871048
|switch|p2a: Iron Treads|Iron Treads|100/100
|-damage|p2a: Iron Treads|88/100|[from] Spikes
|-enditem|p2a: Iron Treads|Booster Energy
|-activate|p2a: Iron Treads|ability: Quark Drive|[fromitem]
|-start|p2a: Iron Treads|quarkdrivespe
|turn|11
|
|t:|1743871054
|switch|p1a: Rotom|Rotom|100/100
|move|p2a: Iron Treads|Rapid Spin|p1a: Rotom
|-immune|p1a: Rotom
|
|upkeep
|turn|12
|
|t:|1743871060
|move|p2a: Iron Treads|Knock Off|p1a: Rotom
|-supereffective|p1a: Rotom
|-damage|p1a: Rotom|0 fnt
|-enditem|p1a: Rotom|Iron Ball|[from] move: Knock Off|[of] p2a: Iron Treads
|faint|p1a: Rotom
|
|upkeep
|
|t:|1743871074
|switch|p1a: Slither Wing|Slither Wing|100/100
|turn|13
|
|t:|1743871091
|move|p2a: Iron Treads|Rapid Spin|p1a: Slither Wing
|-damage|p1a: Slither Wing|87/100
|-boost|p2a: Iron Treads|spe|1
|-damage|p2a: Iron Treads|72/100|[from] item: Rocky Helmet|[of] p1a: Slither Wing
|-sideend|p2: FazzzB13|Spikes|[from] move: Rapid Spin|[of] p2a: Iron Treads
|move|p1a: Slither Wing|Bulk Up|p1a: Slither Wing
|-boost|p1a: Slither Wing|atk|1
|-boost|p1a: Slither Wing|def|1
|
|upkeep
|turn|14
|
|t:|1743871108
|-end|p2a: Iron Treads|Quark Drive|[silent]
|switch|p2a: Iron Moth|Iron Moth|100/100
|-enditem|p2a: Iron Moth|Booster Energy
|-activate|p2a: Iron Moth|ability: Quark Drive|[fromitem]
|-start|p2a: Iron Moth|quarkdrivespa
|move|p1a: Slither Wing|Body Press|p2a: Iron Moth
|-resisted|p2a: Iron Moth
|-damage|p2a: Iron Moth|65/100
|
|upkeep
|turn|15
|
|t:|1743871118
|-end|p1a: Slither Wing|Protosynthesis|[silent]
|switch|p1a: Yanmega|Yanmega, M, shiny|29/100
|move|p2a: Iron Moth|Fiery Dance|p1a: Yanmega
|-supereffective|p1a: Yanmega
|-damage|p1a: Yanmega|0 fnt
|faint|p1a: Yanmega
|
|upkeep
|
|t:|1743871127
|switch|p1a: Hydrapple|Hydrapple, M, shiny|100/100
|turn|16
|
|t:|1743871139
|move|p2a: Iron Moth|Dazzling Gleam|p1a: Hydrapple
|-supereffective|p1a: Hydrapple
|-damage|p1a: Hydrapple|52/100
|move|p1a: Hydrapple|Fickle Beam|p2a: Iron Moth
|-damage|p2a: Iron Moth|24/100
|
|upkeep
|turn|17
|
|t:|1743871147
|move|p2a: Iron Moth|Sludge Wave|p1a: Hydrapple
|-supereffective|p1a: Hydrapple
|-damage|p1a: Hydrapple|0 fnt
|faint|p1a: Hydrapple
|
|upkeep
|
|t:|1743871151
|switch|p1a: Iron Treads|Iron Treads|65/100
|turn|18
|
|t:|1743871169
|move|p2a: Iron Moth|Fiery Dance|p1a: Iron Treads
|-supereffective|p1a: Iron Treads
|-damage|p1a: Iron Treads|0 fnt
|faint|p1a: Iron Treads
|-end|p1a: Iron Treads|Quark Drive|[silent]
|
|upkeep
|
|t:|1743871172
|switch|p1a: Slither Wing|Slither Wing|87/100
|turn|19
|-message|NoneBot L forfeited.
|
|win|FazzzB13
|raw|NoneBot L's rating: 1221 &rarr; <strong>1193</strong><br />(-28 for losing)
|raw|FazzzB13's rating: 1182 &rarr; <strong>1210</strong><br />(+28 for winning)
|l|☆NoneBot L
|player|p1|
|l|☆FazzzB13
|player|p2|
