|j|☆Rorle
|j|☆Tyujhgbnm
|t:|1743852288
|gametype|singles
|player|p1|Rorle|266|1137
|player|p2|Tyujhgbnm|1|1150
|teamsize|p1|6
|teamsize|p2|6
|gen|9
|tier|[Gen 9] OU
|rated|
|rule|HP Percentage Mod: HP is shown in percentages
|rule|Endless Battle Clause: Forcing endless battles is banned
|rule|Species Clause: Limit one of each Pokémon
|rule|OHKO Clause: OHKO moves are banned
|rule|Evasion Items Clause: Evasion items are banned
|rule|Evasion Moves Clause: Evasion moves are banned
|rule|Sleep Moves Clause: Sleep-inducing moves are banned
|clearpoke
|poke|p1|Lokix, M|
|poke|p1|Garchomp, M|
|poke|p1|Mimikyu, M|
|poke|p1|Thundurus-Therian, M|
|poke|p1|Talonflame, M|
|poke|p1|Iron Treads|
|poke|p2|Muk-Alola, F|
|poke|p2|Clefable, M|
|poke|p2|Reuniclus, M|
|poke|p2|Moltres|
|poke|p2|Okidogi, M|
|poke|p2|Sinistcha|
|teampreview
|
|t:|1743852292
|start
|switch|p1a: Garchomp|Garchomp, M|100/100
|switch|p2a: Moltres|Moltres|100/100
|turn|1
|
|t:|1743852307
|move|p1a: Garchomp|Stealth Rock|p2a: Moltres
|-sidestart|p2: Tyujhgbnm|move: Stealth Rock
|move|p2a: Moltres|Scorching Sands|p1a: Garchomp
|-damage|p1a: Garchomp|82/100
|
|upkeep
|turn|2
|
|t:|1743852313
|move|p1a: Garchomp|Spikes|p2a: Moltres
|-sidestart|p2: Tyujhgbnm|Spikes
|move|p2a: Moltres|Scorching Sands|p1a: Garchomp
|-damage|p1a: Garchomp|64/100
|
|upkeep
|turn|3
|
|t:|1743852322
|move|p2a: Moltres|Scorching Sands|p1a: Garchomp
|-damage|p1a: Garchomp|47/100
|move|p1a: Garchomp|Dragon Tail|p2a: Moltres
|-damage|p2a: Moltres|83/100
|drag|p2a: Reuniclus|Reuniclus, M|100/100
|
|upkeep
|turn|4
|
|t:|1743852343
|move|p2a: Reuniclus|Psychic Noise|p1a: Garchomp
|-damage|p1a: Garchomp|18/100
|-start|p1a: Garchomp|move: Heal Block
|move|p1a: Garchomp|Dragon Tail|p2a: Reuniclus
|-crit|p2a: Reuniclus
|-damage|p2a: Reuniclus|63/100
|drag|p2a: Moltres|Moltres|83/100
|
|upkeep
|turn|5
|
|t:|1743852364
|move|p2a: Moltres|Hurricane|p1a: Garchomp
|-damage|p1a: Garchomp|0 fnt
|faint|p1a: Garchomp
|
|upkeep
|
|t:|1743852371
|switch|p1a: Thundurus|Thundurus-Therian, M|100/100
|turn|6
|
|t:|1743852391
|switch|p2a: Clefable|Clefable, M|100/100
|move|p1a: Thundurus|Volt Switch|p2a: Clefable
|-damage|p2a: Clefable|75/100
|
|t:|1743852407
|switch|p1a: Iron Treads|Iron Treads|100/100|[from] Volt Switch
|
|-heal|p2a: Clefable|81/100|[from] item: Leftovers
|upkeep
|turn|7
|
|t:|1743852428
|move|p1a: Iron Treads|Iron Head|p2a: Clefable
|-supereffective|p2a: Clefable
|-damage|p2a: Clefable|0 fnt
|faint|p2a: Clefable
|
|upkeep
|
|t:|1743852433
|switch|p2a: Moltres|Moltres|83/100
|turn|8
|
|t:|1743852442
|-end|p1a: Iron Treads|Quark Drive|[silent]
|switch|p1a: Thundurus|Thundurus-Therian, M|100/100
|move|p2a: Moltres|Flamethrower|p1a: Thundurus
|-damage|p1a: Thundurus|47/100
|
|upkeep
|turn|9
|
|t:|1743852460
|switch|p2a: Muk|Muk-Alola, F|100/100
|-damage|p2a: Muk|88/100|[from] Stealth Rock
|-damage|p2a: Muk|76/100|[from] Spikes
|move|p1a: Thundurus|Thunderbolt|p2a: Muk
|-damage|p2a: Muk|45/100
|
|-heal|p2a: Muk|51/100|[from] item: Leftovers
|upkeep
|turn|10
|
|t:|1743852475
|move|p1a: Thundurus|Focus Blast|p2a: Muk
|-damage|p2a: Muk|24/100
|move|p2a: Muk|Poison Jab|p1a: Thundurus
|-damage|p1a: Thundurus|3/100
|
|-heal|p2a: Muk|30/100|[from] item: Leftovers
|upkeep
|turn|11
|
|t:|1743852484
|move|p1a: Thundurus|Volt Switch|p2a: Muk
|-damage|p2a: Muk|5/100
|
|t:|1743852490
|switch|p1a: Mimikyu|Mimikyu, M|100/100|[from] Volt Switch
|move|p2a: Muk|Rest|p2a: Muk
|-status|p2a: Muk|slp|[from] move: Rest
|-heal|p2a: Muk|100/100 slp|[silent]
|
|upkeep
|turn|12
|
|t:|1743852502
|move|p1a: Mimikyu|Swords Dance|p1a: Mimikyu
|-boost|p1a: Mimikyu|atk|2
|cant|p2a: Muk|slp
|move|p2a: Muk|Sleep Talk|p2a: Muk
|move|p2a: Muk|Knock Off|p1a: Mimikyu|[from] move: Sleep Talk
|-activate|p1a: Mimikyu|ability: Disguise
|-damage|p1a: Mimikyu|100/100
|-enditem|p1a: Mimikyu|Life Orb|[from] move: Knock Off|[of] p2a: Muk
|detailschange|p1a: Mimikyu|Mimikyu-Busted, M
|-damage|p1a: Mimikyu|88/100|[from] pokemon: Mimikyu-Busted
|
|upkeep
|turn|13
|
|t:|1743852537
|switch|p2a: Moltres|Moltres|83/100
|move|p1a: Mimikyu|Play Rough|p2a: Moltres
|-resisted|p2a: Moltres
|-damage|p2a: Moltres|57/100
|
|upkeep
|turn|14
|inactive|Battle timer is ON: inactive players will automatically lose when time's up. (requested by Tyujhgbnm)
|
|t:|1743852551
|move|p1a: Mimikyu|Shadow Claw|p2a: Moltres
|-damage|p2a: Moltres|16/100
|move|p2a: Moltres|Roost|p2a: Moltres
|-heal|p2a: Moltres|66/100
|-singleturn|p2a: Moltres|move: Roost
|
|upkeep
|turn|15
|
|t:|1743852569
|move|p1a: Mimikyu|Swords Dance|p1a: Mimikyu
|-boost|p1a: Mimikyu|atk|2
|move|p2a: Moltres|Flamethrower|p1a: Mimikyu
|-damage|p1a: Mimikyu|44/100
|
|upkeep
|turn|16
|
|t:|1743852576
|move|p1a: Mimikyu|Shadow Claw|p2a: Moltres
|-damage|p2a: Moltres|6/100
|-status|p1a: Mimikyu|brn|[from] ability: Flame Body|[of] p2a: Moltres
|move|p2a: Moltres|Flamethrower|p1a: Mimikyu
|-crit|p1a: Mimikyu
|-damage|p1a: Mimikyu|0 fnt
|faint|p1a: Mimikyu
|
|upkeep
|
|t:|1743852591
|switch|p1a: Lokix|Lokix, M|100/100
|turn|17
|
|t:|1743852599
|move|p1a: Lokix|First Impression|p2a: Moltres
|-resisted|p2a: Moltres
|-damage|p2a: Moltres|0 fnt
|-status|p1a: Lokix|brn|[from] ability: Flame Body|[of] p2a: Moltres
|faint|p2a: Moltres
|
|-damage|p1a: Lokix|94/100 brn|[from] brn
|upkeep
|
|t:|1743852614
|switch|p2a: Okidogi|Okidogi, M|100/100
|-damage|p2a: Okidogi|94/100|[from] Stealth Rock
|-damage|p2a: Okidogi|82/100|[from] Spikes
|turn|18
|
|t:|1743852624
|switch|p1a: Talonflame|Talonflame, M|100/100
|move|p2a: Okidogi|Bulk Up|p2a: Okidogi
|-boost|p2a: Okidogi|atk|1
|-boost|p2a: Okidogi|def|1
|
|-heal|p2a: Okidogi|88/100|[from] item: Leftovers
|upkeep
|turn|19
|inactive|Tyujhgbnm has 120 seconds left.
|
|t:|1743852654
|move|p1a: Talonflame|Brave Bird|p2a: Okidogi
|-supereffective|p2a: Okidogi
|-damage|p2a: Okidogi|55/100
|-damage|p1a: Talonflame|86/100|[from] Recoil
|move|p2a: Okidogi|Knock Off|p1a: Talonflame
|-damage|p1a: Talonflame|19/100
|-enditem|p1a: Talonflame|Heavy-Duty Boots|[from] move: Knock Off|[of] p2a: Okidogi
|
|-heal|p2a: Okidogi|61/100|[from] item: Leftovers
|upkeep
|turn|20
|inactive|Tyujhgbnm has 120 seconds left.
|
|t:|1743852680
|move|p1a: Talonflame|Brave Bird|p2a: Okidogi
|-supereffective|p2a: Okidogi
|-damage|p2a: Okidogi|26/100
|-damage|p1a: Talonflame|5/100|[from] Recoil
|move|p2a: Okidogi|Drain Punch|p1a: Talonflame
|-resisted|p1a: Talonflame
|-damage|p1a: Talonflame|0 fnt
|-heal|p2a: Okidogi|28/100|[from] drain|[of] p1a: Talonflame
|faint|p1a: Talonflame
|
|-heal|p2a: Okidogi|34/100|[from] item: Leftovers
|upkeep
|inactive|Rorle has 120 seconds left.
|
|t:|1743852691
|switch|p1a: Thundurus|Thundurus-Therian, M|3/100
|turn|21
|
|t:|1743852700
|move|p1a: Thundurus|Thunderbolt|p2a: Okidogi
|-damage|p2a: Okidogi|0 fnt
|faint|p2a: Okidogi
|
|upkeep
|inactive|Tyujhgbnm has 120 seconds left.
|
|t:|1743852722
|switch|p2a: Reuniclus|Reuniclus, M|63/100
|turn|22
|
|t:|1743852730
|move|p1a: Thundurus|Volt Switch|p2a: Reuniclus
|-damage|p2a: Reuniclus|36/100
|
|t:|1743852734
|switch|p1a: Iron Treads|Iron Treads|100/100|[from] Volt Switch
|move|p2a: Reuniclus|Psychic Noise|p1a: Iron Treads
|-resisted|p1a: Iron Treads
|-damage|p1a: Iron Treads|87/100
|-start|p1a: Iron Treads|move: Heal Block
|
|-heal|p2a: Reuniclus|42/100|[from] item: Leftovers
|upkeep
|turn|23
|inactive|Tyujhgbnm has 120 seconds left.
|
|t:|1743852757
|switch|p2a: Sinistcha|Sinistcha|100/100
|move|p1a: Iron Treads|Earthquake|p2a: Sinistcha
|-resisted|p2a: Sinistcha
|-damage|p2a: Sinistcha|83/100
|
|-end|p1a: Iron Treads|move: Heal Block
|upkeep
|turn|24
|
|t:|1743852768
|move|p1a: Iron Treads|Ice Spinner|p2a: Sinistcha
|-supereffective|p2a: Sinistcha
|-damage|p2a: Sinistcha|47/100
|move|p2a: Sinistcha|Strength Sap|p1a: Iron Treads
|-unboost|p1a: Iron Treads|atk|1
|-heal|p2a: Sinistcha|100/100
|
|upkeep
|turn|25
|
|t:|1743852781
|move|p1a: Iron Treads|Ice Spinner|p2a: Sinistcha
|-supereffective|p2a: Sinistcha
|-damage|p2a: Sinistcha|79/100
|move|p2a: Sinistcha|Calm Mind|p2a: Sinistcha
|-boost|p2a: Sinistcha|spa|1
|-boost|p2a: Sinistcha|spd|1
|
|upkeep
|turn|26
|
|t:|1743852794
|-end|p1a: Iron Treads|Quark Drive|[silent]
|switch|p1a: Lokix|Lokix, M|94/100 brn
|move|p2a: Sinistcha|Matcha Gotcha|p1a: Lokix
|-resisted|p1a: Lokix
|-damage|p1a: Lokix|47/100 brn
|-heal|p2a: Sinistcha|98/100|[from] drain|[of] p1a: Lokix
|
|-damage|p1a: Lokix|41/100 brn|[from] brn
|upkeep
|turn|27
|
|t:|1743852810
|-terastallize|p2a: Sinistcha|Poison
|move|p1a: Lokix|Leech Life|p2a: Sinistcha
|-resisted|p2a: Sinistcha
|-damage|p2a: Sinistcha|78/100
|-heal|p1a: Lokix|54/100 brn|[from] drain|[of] p2a: Sinistcha
|move|p2a: Sinistcha|Matcha Gotcha|p1a: Lokix
|-resisted|p1a: Lokix
|-damage|p1a: Lokix|9/100 brn
|-heal|p2a: Sinistcha|96/100|[from] drain|[of] p1a: Lokix
|
|-damage|p1a: Lokix|3/100 brn|[from] brn
|upkeep
|turn|28
|
|t:|1743852826
|move|p1a: Lokix|Leech Life|p2a: Sinistcha
|-resisted|p2a: Sinistcha
|-crit|p2a: Sinistcha
|-damage|p2a: Sinistcha|67/100
|-heal|p1a: Lokix|21/100 brn|[from] drain|[of] p2a: Sinistcha
|move|p2a: Sinistcha|Matcha Gotcha|p1a: Lokix
|-resisted|p1a: Lokix
|-damage|p1a: Lokix|0 fnt
|-heal|p2a: Sinistcha|75/100|[from] drain|[of] p1a: Lokix
|faint|p1a: Lokix
|
|upkeep
|
|t:|1743852840
|switch|p1a: Iron Treads|Iron Treads|87/100
|turn|29
|
|t:|1743852848
|move|p1a: Iron Treads|Earthquake|p2a: Sinistcha
|-supereffective|p2a: Sinistcha
|-damage|p2a: Sinistcha|5/100
|move|p2a: Sinistcha|Matcha Gotcha|p1a: Iron Treads
|-damage|p1a: Iron Treads|40/100
|-heal|p2a: Sinistcha|27/100|[from] drain|[of] p1a: Iron Treads
|
|upkeep
|turn|30
|
|t:|1743852862
|move|p1a: Iron Treads|Earthquake|p2a: Sinistcha
|-supereffective|p2a: Sinistcha
|-damage|p2a: Sinistcha|0 fnt
|faint|p2a: Sinistcha
|
|upkeep
|
|t:|1743852882
|switch|p2a: Reuniclus|Reuniclus, M|42/100
|turn|31
|
|t:|1743852901
|move|p1a: Iron Treads|Earthquake|p2a: Reuniclus
|-damage|p2a: Reuniclus|0 fnt
|faint|p2a: Reuniclus
|
|upkeep
|
|t:|1743852906
|switch|p2a: Muk|Muk-Alola, F|100/100 slp
|-damage|p2a: Muk|88/100 slp|[from] Stealth Rock
|-damage|p2a: Muk|76/100 slp|[from] Spikes
|turn|32
|
|t:|1743852914
|-terastallize|p1a: Iron Treads|Ground
|move|p1a: Iron Treads|Earthquake|p2a: Muk
|-supereffective|p2a: Muk
|-damage|p2a: Muk|0 fnt
|faint|p2a: Muk
|
|win|Rorle
|raw|Rorle's rating: 1137 &rarr; <strong>1163</strong><br />(+26 for winning)
|raw|Tyujhgbnm's rating: 1150 &rarr; <strong>1124</strong><br />(-26 for losing)
|l|☆Tyujhgbnm
|player|p2|
|c|☆Rorle|gg
|l|☆Rorle
|player|p1|
