|j|☆namiismywife
|j|☆ObamaBinLanden
|t:|1743831994
|gametype|singles
|player|p1|namiismywife|rosa-pokestar|1179
|player|p2|ObamaBinLanden|striker|1218
|teamsize|p1|6
|teamsize|p2|6
|gen|9
|tier|[Gen 9] OU
|rated|
|rule|HP Percentage Mod: HP is shown in percentages
|rule|Endless Battle Clause: Forcing endless battles is banned
|rule|Species Clause: Limit one of each Pokémon
|rule|OHKO Clause: OHKO moves are banned
|rule|Evasion Items Clause: Evasion items are banned
|rule|Evasion Moves Clause: Evasion moves are banned
|rule|Sleep Moves Clause: Sleep-inducing moves are banned
|clearpoke
|poke|p1|Serperior, F|
|poke|p1|Gliscor, M|
|poke|p1|Tinkaton, F|
|poke|p1|Zamazenta-*|
|poke|p1|Moltres|
|poke|p1|Dragonite, F|
|poke|p2|Serperior, M|
|poke|p2|Empoleon, F|
|poke|p2|Sableye, M|
|poke|p2|Iron Valiant|
|poke|p2|Great Tusk|
|poke|p2|Gliscor, F|
|teampreview
|inactive|Battle timer is ON: inactive players will automatically lose when time's up. (requested by namiismywife)
|
|t:|1743832001
|start
|switch|p1a: Serperior|Serperior, F|100/100
|switch|p2a: Serperior|Serperior, M|100/100
|turn|1
|
|t:|1743832013
|move|p2a: Serperior|Substitute|p2a: Serperior
|-start|p2a: Serperior|Substitute
|-damage|p2a: Serperior|76/100
|move|p1a: Serperior|Substitute|p1a: Serperior
|-start|p1a: Serperior|Substitute
|-damage|p1a: Serperior|76/100
|
|-heal|p2a: Serperior|82/100|[from] item: Leftovers
|-heal|p1a: Serperior|82/100|[from] item: Leftovers
|upkeep
|turn|2
|c|☆namiismywife|XD
|
|t:|1743832022
|move|p2a: Serperior|Leaf Storm|p1a: Serperior
|-resisted|p1a: Serperior
|-activate|p1a: Serperior|move: Substitute|[damage]
|-boost|p2a: Serperior|spa|2
|move|p1a: Serperior|Leaf Storm|p2a: Serperior
|-resisted|p2a: Serperior
|-end|p2a: Serperior|Substitute
|-boost|p1a: Serperior|spa|2
|
|-heal|p2a: Serperior|88/100|[from] item: Leftovers
|-heal|p1a: Serperior|88/100|[from] item: Leftovers
|upkeep
|turn|3
|
|t:|1743832033
|move|p2a: Serperior|Substitute|p2a: Serperior
|-start|p2a: Serperior|Substitute
|-damage|p2a: Serperior|63/100
|move|p1a: Serperior|Leaf Storm|p2a: Serperior
|-resisted|p2a: Serperior
|-end|p2a: Serperior|Substitute
|-boost|p1a: Serperior|spa|2
|
|-heal|p2a: Serperior|70/100|[from] item: Leftovers
|-heal|p1a: Serperior|94/100|[from] item: Leftovers
|upkeep
|turn|4
|
|t:|1743832048
|move|p2a: Serperior|Substitute|p2a: Serperior
|-start|p2a: Serperior|Substitute
|-damage|p2a: Serperior|45/100
|move|p1a: Serperior|Leaf Storm|p2a: Serperior
|-resisted|p2a: Serperior
|-end|p2a: Serperior|Substitute
|-boost|p1a: Serperior|spa|2
|
|-heal|p2a: Serperior|51/100|[from] item: Leftovers
|-heal|p1a: Serperior|99/100|[from] item: Leftovers
|upkeep
|turn|5
|
|t:|1743832059
|move|p2a: Serperior|Substitute|p2a: Serperior
|-start|p2a: Serperior|Substitute
|-damage|p2a: Serperior|26/100
|move|p1a: Serperior|Giga Drain|p2a: Serperior
|-resisted|p2a: Serperior
|-end|p2a: Serperior|Substitute
|-heal|p1a: Serperior|100/100|[from] drain|[of] p2a: Serperior
|
|-heal|p2a: Serperior|32/100|[from] item: Leftovers
|upkeep
|turn|6
|
|t:|1743832067
|move|p2a: Serperior|Substitute|p2a: Serperior
|-start|p2a: Serperior|Substitute
|-damage|p2a: Serperior|8/100
|move|p1a: Serperior|Giga Drain|p2a: Serperior
|-resisted|p2a: Serperior
|-end|p2a: Serperior|Substitute
|
|-heal|p2a: Serperior|14/100|[from] item: Leftovers
|upkeep
|turn|7
|
|t:|1743832074
|move|p2a: Serperior|Leaf Storm|p1a: Serperior
|-resisted|p1a: Serperior
|-end|p1a: Serperior|Substitute
|-boost|p2a: Serperior|spa|2
|move|p1a: Serperior|Giga Drain|p2a: Serperior
|-resisted|p2a: Serperior
|-damage|p2a: Serperior|0 fnt
|faint|p2a: Serperior
|
|upkeep
|
|t:|1743832094
|switch|p2a: Great Tusk|Great Tusk|100/100
|-enditem|p2a: Great Tusk|Booster Energy
|-activate|p2a: Great Tusk|ability: Protosynthesis|[fromitem]
|-start|p2a: Great Tusk|protosynthesisatk
|turn|8
|inactive|namiismywife has 120 seconds left.
|l|☆ObamaBinLanden
|inactive|ObamaBinLanden disconnected and has a minute to reconnect!
|player|p2|
|j|☆ObamaBinLanden
|inactive|ObamaBinLanden reconnected.
|player|p2|ObamaBinLanden|striker|
|l|☆ObamaBinLanden
|inactive|ObamaBinLanden disconnected and has a minute to reconnect!
|player|p2|
|
|t:|1743832148
|-terastallize|p1a: Serperior|Grass
|move|p1a: Serperior|Giga Drain|p2a: Great Tusk
|-supereffective|p2a: Great Tusk
|-damage|p2a: Great Tusk|0 fnt
|faint|p2a: Great Tusk
|-end|p2a: Great Tusk|Protosynthesis|[silent]
|
|upkeep
|inactive|ObamaBinLanden has 30 seconds to reconnect!
|inactive|ObamaBinLanden has 20 seconds to reconnect!
|inactive|ObamaBinLanden has 15 seconds to reconnect!
|inactive|ObamaBinLanden has 10 seconds to reconnect!
|inactive|ObamaBinLanden has 5 seconds to reconnect!
|-message|ObamaBinLanden lost due to inactivity.
|
|win|namiismywife
|raw|namiismywife's rating: 1179 &rarr; <strong>1207</strong><br />(+28 for winning)
|raw|ObamaBinLanden's rating: 1218 &rarr; <strong>1190</strong><br />(-28 for losing)
|l|☆namiismywife
|player|p1|
