|j|☆fattydylan
|j|☆stoptakingmyaccts
|t:|1743905008
|gametype|singles
|player|p1|fattydylan|2|1492
|player|p2|stoptakingmyaccts|ninjaboy|1651
|teamsize|p1|6
|teamsize|p2|6
|gen|9
|tier|[Gen 9] OU
|rated|
|rule|HP Percentage Mod: HP is shown in percentages
|rule|Endless Battle Clause: Forcing endless battles is banned
|rule|Species Clause: Limit one of each Pokémon
|rule|OHKO Clause: OHKO moves are banned
|rule|Evasion Items Clause: Evasion items are banned
|rule|Evasion Moves Clause: Evasion moves are banned
|rule|Sleep Moves Clause: Sleep-inducing moves are banned
|clearpoke
|poke|p1|Probopass, F|
|poke|p1|Ting-Lu|
|poke|p1|Sinistcha|
|poke|p1|Scizor, F|
|poke|p1|Walking Wake|
|poke|p1|Great Tusk|
|poke|p2|Zamazenta-*|
|poke|p2|Cinderace, M|
|poke|p2|Corviknight, M|
|poke|p2|Kyurem|
|poke|p2|Slowking-Galar, F|
|poke|p2|Dragapult, F|
|teampreview
|
|t:|1743905020
|start
|switch|p1a: Probopass|Probopass, F|100/100
|switch|p2a: Dragapult|Dragapult, F|100/100
|turn|1
|
|t:|1743905026
|move|p2a: Dragapult|U-turn|p1a: Probopass
|-resisted|p1a: Probopass
|-damage|p1a: Probopass|91/100
|-damage|p2a: Dragapult|84/100|[from] item: Rocky Helmet|[of] p1a: Probopass
|
|t:|1743905028
|switch|p2a: Slowking|Slowking-Galar, F|100/100|[from] U-turn
|move|p1a: Probopass|Thunder Wave|p2a: Slowking
|-status|p2a: Slowking|par
|
|upkeep
|turn|2
|
|t:|1743905035
|move|p1a: Probopass|Stealth Rock|p2a: Slowking
|-sidestart|p2: stoptakingmyaccts|move: Stealth Rock
|move|p2a: Slowking|Future Sight|p1a: Probopass
|-start|p2a: Slowking|move: Future Sight
|
|upkeep
|turn|3
|
|t:|1743905040
|move|p1a: Probopass|Volt Switch|p2a: Slowking
|-damage|p2a: Slowking|93/100 par
|
|t:|1743905043
|switch|p1a: Ting-Lu|Ting-Lu|100/100|[from] Volt Switch
|-ability|p1a: Ting-Lu|Vessel of Ruin
|cant|p2a: Slowking|par
|
|upkeep
|turn|4
|
|t:|1743905053
|move|p1a: Ting-Lu|Spikes|p2a: Slowking
|-sidestart|p2: stoptakingmyaccts|Spikes
|cant|p2a: Slowking|par
|
|-end|p1a: Ting-Lu|move: Future Sight
|-immune|p1a: Ting-Lu
|upkeep
|turn|5
|
|t:|1743905059
|move|p1a: Ting-Lu|Earthquake|p2a: Slowking
|-supereffective|p2a: Slowking
|-damage|p2a: Slowking|18/100 par
|cant|p2a: Slowking|par
|
|upkeep
|turn|6
|c|☆stoptakingmyaccts|..
|c|☆stoptakingmyaccts|are u serious
|
|t:|1743905071
|switch|p2a: Corviknight|Corviknight, M|100/100
|-damage|p2a: Corviknight|88/100|[from] Stealth Rock
|-ability|p2a: Corviknight|Pressure
|move|p1a: Ting-Lu|Spikes|p2a: Corviknight
|-sidestart|p2: stoptakingmyaccts|Spikes
|
|-heal|p2a: Corviknight|94/100|[from] item: Leftovers
|upkeep
|turn|7
|
|t:|1743905084
|move|p2a: Corviknight|U-turn|p1a: Ting-Lu
|-supereffective|p1a: Ting-Lu
|-damage|p1a: Ting-Lu|83/100
|
|t:|1743905086
|switch|p2a: Cinderace|Cinderace, M|100/100|[from] U-turn
|move|p1a: Ting-Lu|Whirlwind|p2a: Cinderace
|drag|p2a: Corviknight|Corviknight, M|94/100
|-damage|p2a: Corviknight|82/100|[from] Stealth Rock
|-ability|p2a: Corviknight|Pressure
|
|-heal|p2a: Corviknight|88/100|[from] item: Leftovers
|-heal|p1a: Ting-Lu|90/100|[from] item: Leftovers
|upkeep
|turn|8
|
|t:|1743905096
|move|p2a: Corviknight|Body Press|p1a: Ting-Lu
|-supereffective|p1a: Ting-Lu
|-damage|p1a: Ting-Lu|62/100
|move|p1a: Ting-Lu|Earthquake|p2a: Corviknight
|-immune|p2a: Corviknight
|
|-heal|p2a: Corviknight|94/100|[from] item: Leftovers
|-heal|p1a: Ting-Lu|68/100|[from] item: Leftovers
|upkeep
|turn|9
|
|t:|1743905101
|switch|p1a: Probopass|Probopass, F|91/100
|move|p2a: Corviknight|Body Press|p1a: Probopass
|-supereffective|p1a: Probopass
|-damage|p1a: Probopass|34/100
|-damage|p2a: Corviknight|78/100|[from] item: Rocky Helmet|[of] p1a: Probopass
|
|-heal|p2a: Corviknight|84/100|[from] item: Leftovers
|upkeep
|turn|10
|
|t:|1743905111
|move|p2a: Corviknight|U-turn|p1a: Probopass
|-resisted|p1a: Probopass
|-damage|p1a: Probopass|30/100
|-damage|p2a: Corviknight|67/100|[from] item: Rocky Helmet|[of] p1a: Probopass
|
|t:|1743905113
|switch|p2a: Slowking|Slowking-Galar, F|51/100 par|[from] U-turn
|move|p1a: Probopass|Volt Switch|p2a: Slowking
|-damage|p2a: Slowking|43/100 par
|
|t:|1743905133
|switch|p1a: Ting-Lu|Ting-Lu|68/100|[from] Volt Switch
|-ability|p1a: Ting-Lu|Vessel of Ruin
|
|-heal|p1a: Ting-Lu|74/100|[from] item: Leftovers
|upkeep
|turn|11
|
|t:|1743905138
|switch|p2a: Corviknight|Corviknight, M|67/100
|-damage|p2a: Corviknight|55/100|[from] Stealth Rock
|-ability|p2a: Corviknight|Pressure
|move|p1a: Ting-Lu|Whirlwind|p2a: Corviknight
|drag|p2a: Cinderace|Cinderace, M|100/100
|
|-heal|p1a: Ting-Lu|80/100|[from] item: Leftovers
|upkeep
|turn|12
|
|t:|1743905147
|move|p2a: Cinderace|Will-O-Wisp|p1a: Ting-Lu
|-status|p1a: Ting-Lu|brn
|move|p1a: Ting-Lu|Earthquake|p2a: Cinderace
|-supereffective|p2a: Cinderace
|-damage|p2a: Cinderace|55/100
|
|-heal|p1a: Ting-Lu|86/100 brn|[from] item: Leftovers
|-damage|p1a: Ting-Lu|80/100 brn|[from] brn
|upkeep
|turn|13
|
|t:|1743905160
|move|p2a: Cinderace|Court Change|p2a: Cinderace
|-swapsideconditions
|-activate|p2a: Cinderace|move: Court Change
|move|p1a: Ting-Lu|Earthquake|p2a: Cinderace
|-supereffective|p2a: Cinderace
|-damage|p2a: Cinderace|10/100
|
|-heal|p1a: Ting-Lu|86/100 brn|[from] item: Leftovers
|-damage|p1a: Ting-Lu|80/100 brn|[from] brn
|upkeep
|turn|14
|
|t:|1743905166
|move|p2a: Cinderace|U-turn|p1a: Ting-Lu
|-supereffective|p1a: Ting-Lu
|-damage|p1a: Ting-Lu|60/100 brn
|
|t:|1743905168
|switch|p2a: Kyurem|Kyurem|100/100|[from] U-turn
|-ability|p2a: Kyurem|Pressure
|move|p1a: Ting-Lu|Spikes|p2a: Kyurem
|-sidestart|p2: stoptakingmyaccts|Spikes
|
|-heal|p1a: Ting-Lu|67/100 brn|[from] item: Leftovers
|-damage|p1a: Ting-Lu|60/100 brn|[from] brn
|upkeep
|turn|15
|
|t:|1743905195
|move|p2a: Kyurem|Ice Beam|p1a: Ting-Lu
|-supereffective|p1a: Ting-Lu
|-damage|p1a: Ting-Lu|4/100 brn
|move|p1a: Ting-Lu|Spikes|p2a: Kyurem
|-sidestart|p2: stoptakingmyaccts|Spikes
|
|-heal|p1a: Ting-Lu|10/100 brn|[from] item: Leftovers
|-damage|p1a: Ting-Lu|4/100 brn|[from] brn
|upkeep
|turn|16
|
|t:|1743905202
|move|p2a: Kyurem|Ice Beam|p1a: Ting-Lu
|-supereffective|p1a: Ting-Lu
|-damage|p1a: Ting-Lu|0 fnt
|faint|p1a: Ting-Lu
|
|upkeep
|inactive|Battle timer is ON: inactive players will automatically lose when time's up. (requested by stoptakingmyaccts)
|
|t:|1743905221
|switch|p1a: Great Tusk|Great Tusk|100/100
|-damage|p1a: Great Tusk|97/100|[from] Stealth Rock
|-damage|p1a: Great Tusk|81/100|[from] Spikes
|-enditem|p1a: Great Tusk|Booster Energy
|-activate|p1a: Great Tusk|ability: Protosynthesis|[fromitem]
|-start|p1a: Great Tusk|protosynthesisspe
|turn|17
|
|t:|1743905230
|switch|p2a: Corviknight|Corviknight, M|55/100
|-ability|p2a: Corviknight|Pressure
|move|p1a: Great Tusk|Close Combat|p2a: Corviknight
|-damage|p2a: Corviknight|26/100
|-unboost|p1a: Great Tusk|def|1
|-unboost|p1a: Great Tusk|spd|1
|
|-heal|p2a: Corviknight|33/100|[from] item: Leftovers
|upkeep
|turn|18
|
|t:|1743905243
|move|p1a: Great Tusk|Rapid Spin|p2a: Corviknight
|-resisted|p2a: Corviknight
|-damage|p2a: Corviknight|28/100
|-boost|p1a: Great Tusk|spe|1
|-sideend|p1: fattydylan|Spikes|[from] move: Rapid Spin|[of] p1a: Great Tusk
|-sideend|p1: fattydylan|Stealth Rock|[from] move: Rapid Spin|[of] p1a: Great Tusk
|move|p2a: Corviknight|Roost|p2a: Corviknight
|-heal|p2a: Corviknight|78/100
|-singleturn|p2a: Corviknight|move: Roost
|
|-heal|p2a: Corviknight|84/100|[from] item: Leftovers
|upkeep
|turn|19
|
|t:|1743905250
|-end|p1a: Great Tusk|Protosynthesis|[silent]
|switch|p1a: Probopass|Probopass, F|30/100
|move|p2a: Corviknight|Defog|p1a: Probopass
|-unboost|p1a: Probopass|evasion|1
|-sideend|p2: stoptakingmyaccts|Spikes|[from] move: Defog|[of] p2a: Corviknight
|
|-heal|p2a: Corviknight|91/100|[from] item: Leftovers
|upkeep
|turn|20
|
|t:|1743905256
|move|p2a: Corviknight|Body Press|p1a: Probopass
|-supereffective|p1a: Probopass
|-damage|p1a: Probopass|0 fnt
|-damage|p2a: Corviknight|74/100|[from] item: Rocky Helmet|[of] p1a: Probopass
|faint|p1a: Probopass
|
|-heal|p2a: Corviknight|80/100|[from] item: Leftovers
|upkeep
|inactive|fattydylan has 120 seconds left.
|
|t:|1743905289
|switch|p1a: Walking Wake|Walking Wake|100/100
|turn|21
|
|t:|1743905293
|switch|p2a: Slowking|Slowking-Galar, F|76/100 par
|move|p1a: Walking Wake|Scald|p2a: Slowking
|-damage|p2a: Slowking|53/100 par
|
|upkeep
|turn|22
|
|t:|1743905300
|move|p1a: Walking Wake|Flip Turn|p2a: Slowking
|-damage|p2a: Slowking|37/100 par
|
|t:|1743905303
|-end|p1a: Walking Wake|Protosynthesis|[silent]
|switch|p1a: Sinistcha|Sinistcha|100/100|[from] Flip Turn
|-prepare|p2a: Slowking|Chilly Reception|[premajor]
|move|p2a: Slowking|Chilly Reception|p2a: Slowking
|-weather|Snowscape
|
|t:|1743905312
|switch|p2a: Kyurem|Kyurem|100/100|[from] Chilly Reception
|-ability|p2a: Kyurem|Pressure
|
|-weather|Snowscape|[upkeep]
|upkeep
|turn|23
|
|t:|1743905326
|switch|p1a: Scizor|Scizor, F|100/100
|move|p2a: Kyurem|Blizzard|p1a: Scizor
|-resisted|p1a: Scizor
|-damage|p1a: Scizor|48/100
|
|-weather|Snowscape|[upkeep]
|upkeep
|turn|24
|
|t:|1743905337
|switch|p2a: Corviknight|Corviknight, M|80/100
|-ability|p2a: Corviknight|Pressure
|move|p1a: Scizor|Knock Off|p2a: Corviknight
|-damage|p2a: Corviknight|48/100
|-enditem|p2a: Corviknight|Leftovers|[from] move: Knock Off|[of] p1a: Scizor
|
|-weather|Snowscape|[upkeep]
|upkeep
|turn|25
|
|t:|1743905345
|switch|p1a: Walking Wake|Walking Wake|100/100
|move|p2a: Corviknight|Roost|p2a: Corviknight
|-heal|p2a: Corviknight|98/100
|-singleturn|p2a: Corviknight|move: Roost
|
|-weather|Snowscape|[upkeep]
|upkeep
|turn|26
|
|t:|1743905354
|move|p1a: Walking Wake|Knock Off|p2a: Corviknight
|-damage|p2a: Corviknight|91/100
|move|p2a: Corviknight|U-turn|p1a: Walking Wake
|-damage|p1a: Walking Wake|83/100
|
|t:|1743905361
|switch|p2a: Dragapult|Dragapult, F|84/100|[from] U-turn
|
|-weather|none
|upkeep
|turn|27
|
|t:|1743905368
|-terastallize|p1a: Walking Wake|Water
|move|p2a: Dragapult|U-turn|p1a: Walking Wake
|-damage|p1a: Walking Wake|43/100
|
|t:|1743905372
|switch|p2a: Slowking|Slowking-Galar, F|71/100 par|[from] U-turn
|move|p1a: Walking Wake|Draco Meteor|p2a: Slowking
|-damage|p2a: Slowking|35/100 par
|-unboost|p1a: Walking Wake|spa|2
|
|upkeep
|turn|28
|
|t:|1743905378
|switch|p2a: Corviknight|Corviknight, M|91/100
|-ability|p2a: Corviknight|Pressure
|move|p1a: Walking Wake|Knock Off|p2a: Corviknight
|-damage|p2a: Corviknight|84/100
|
|upkeep
|turn|29
|
|t:|1743905385
|-end|p1a: Walking Wake|Protosynthesis|[silent]
|switch|p1a: Sinistcha|Sinistcha|100/100
|move|p2a: Corviknight|U-turn|p1a: Sinistcha
|-damage|p1a: Sinistcha|90/100
|
|t:|1743905400
|switch|p2a: Kyurem|Kyurem|100/100|[from] U-turn
|-ability|p2a: Kyurem|Pressure
|
|upkeep
|turn|30
|
|t:|1743905409
|switch|p1a: Scizor|Scizor, F|48/100
|move|p2a: Kyurem|Ice Beam|p1a: Scizor
|-resisted|p1a: Scizor
|-damage|p1a: Scizor|3/100
|
|upkeep
|turn|31
|
|t:|1743905413
|switch|p2a: Corviknight|Corviknight, M|84/100
|-ability|p2a: Corviknight|Pressure
|move|p1a: Scizor|Bullet Punch|p2a: Corviknight
|-resisted|p2a: Corviknight
|-damage|p2a: Corviknight|68/100
|
|upkeep
|turn|32
|
|t:|1743905421
|move|p1a: Scizor|Bullet Punch|p2a: Corviknight
|-resisted|p2a: Corviknight
|-damage|p2a: Corviknight|52/100
|move|p2a: Corviknight|U-turn|p1a: Scizor
|-resisted|p1a: Scizor
|-damage|p1a: Scizor|0 fnt
|faint|p1a: Scizor
|
|t:|1743905427
|switch|p2a: Dragapult|Dragapult, F|84/100|[from] U-turn
|
|upkeep
|
|t:|1743905436
|switch|p1a: Sinistcha|Sinistcha|90/100
|turn|33
|
|t:|1743905448
|-terastallize|p2a: Dragapult|Ghost
|move|p2a: Dragapult|Tera Blast|p1a: Sinistcha|[anim] Tera Blast Ghost
|-supereffective|p1a: Sinistcha
|-damage|p1a: Sinistcha|0 fnt
|faint|p1a: Sinistcha
|
|upkeep
|-message|fattydylan forfeited.
|
|win|stoptakingmyaccts
|raw|fattydylan's rating: 1492 &rarr; <strong>1481</strong><br />(-11 for losing)
|raw|stoptakingmyaccts's rating: 1651 &rarr; <strong>1662</strong><br />(+11 for winning)
|l|☆fattydylan
|player|p1|
|l|☆stoptakingmyaccts
|player|p2|
|j|☆stoptakingmyaccts
|player|p2|stoptakingmyaccts|ninjaboy|
|l|☆stoptakingmyaccts
|player|p2|
