|j|☆sevenight
|j|☆Savushkin Trois
|t:|1743820329
|gametype|singles
|player|p1|sevenight|2|1220
|player|p2|Savushkin Trois|medium|1179
|teamsize|p1|6
|teamsize|p2|6
|gen|9
|tier|[Gen 9] OU
|rated|
|rule|HP Percentage Mod: HP is shown in percentages
|rule|Endless Battle Clause: Forcing endless battles is banned
|rule|Species Clause: Limit one of each Pokémon
|rule|OHKO Clause: OHKO moves are banned
|rule|Evasion Items Clause: Evasion items are banned
|rule|Evasion Moves Clause: Evasion moves are banned
|rule|Sleep Moves Clause: Sleep-inducing moves are banned
|clearpoke
|poke|p1|Cinccino, F|
|poke|p1|Primarina, M|
|poke|p1|Gliscor, M|
|poke|p1|Gholdengo|
|poke|p1|Kyurem|
|poke|p1|Moltres|
|poke|p2|Decidueye-Hisui, F|
|poke|p2|Zapdos-Galar|
|poke|p2|Yanmega, M|
|poke|p2|Braviary-Hisui, M|
|poke|p2|Oricorio-Pom-Pom, M|
|poke|p2|Honchkrow, M|
|teampreview
|inactive|Battle timer is ON: inactive players will automatically lose when time's up. (requested by Savushkin Trois)
|inactive|sevenight also wants the timer to be on.
|
|t:|1743820353
|start
|switch|p1a: Gholdengo|Gholdengo|100/100
|switch|p2a: Braviary|Braviary-Hisui, M|100/100
|-item|p1a: Gholdengo|Air Balloon
|turn|1
|
|t:|1743820367
|move|p1a: Gholdengo|Nasty Plot|p1a: Gholdengo
|-boost|p1a: Gholdengo|spa|2
|move|p2a: Braviary|Heat Wave|p1a: Gholdengo
|-supereffective|p1a: Gholdengo
|-crit|p1a: Gholdengo
|-damage|p1a: Gholdengo|0 fnt
|-enditem|p1a: Gholdengo|Air Balloon
|faint|p1a: Gholdengo
|
|upkeep
|inactive|sevenight has 120 seconds left.
|
|t:|1743820393
|switch|p1a: Cinccino|Cinccino, F|100/100
|turn|2
|
|t:|1743820411
|move|p1a: Cinccino|Rock Blast|p2a: Braviary
|-supereffective|p2a: Braviary
|-damage|p2a: Braviary|73/100
|-supereffective|p2a: Braviary
|-damage|p2a: Braviary|46/100
|-supereffective|p2a: Braviary
|-damage|p2a: Braviary|19/100
|-supereffective|p2a: Braviary
|-damage|p2a: Braviary|0 fnt
|faint|p2a: Braviary
|-hitcount|p2: Braviary|4
|
|upkeep
|inactive|Savushkin Trois has 120 seconds left.
|
|t:|1743820435
|switch|p2a: Zapdos|Zapdos-Galar|100/100
|turn|3
|inactive|Savushkin Trois has 120 seconds left.
|
|t:|1743820450
|-terastallize|p1a: Cinccino|Ghost
|move|p1a: Cinccino|Rock Blast|p2a: Zapdos
|-damage|p2a: Zapdos|87/100
|-damage|p2a: Zapdos|75/100
|-damage|p2a: Zapdos|63/100
|-damage|p2a: Zapdos|50/100
|-hitcount|p2a: Zapdos|4
|move|p2a: Zapdos|U-turn|p1a: Cinccino
|-resisted|p1a: Cinccino
|-damage|p1a: Cinccino|68/100
|inactive|Savushkin Trois has 120 seconds left.
|
|t:|1743820471
|switch|p2a: Decidueye|Decidueye-Hisui, F|100/100|[from] U-turn
|
|upkeep
|turn|4
|
|t:|1743820477
|move|p2a: Decidueye|Sucker Punch|p1a: Cinccino
|-supereffective|p1a: Cinccino
|-damage|p1a: Cinccino|0 fnt
|faint|p1a: Cinccino
|
|upkeep
|
|t:|1743820482
|switch|p1a: Moltres|Moltres|100/100
|turn|5
|inactive|Savushkin Trois has 120 seconds left.
|
|t:|1743820496
|switch|p2a: Oricorio|Oricorio-Pom-Pom, M|100/100
|move|p1a: Moltres|Fire Blast|p2a: Oricorio
|-damage|p2a: Oricorio|10/100
|-enditem|p2a: Oricorio|Lansat Berry|[eat]
|-start|p2a: Oricorio|move: Focus Energy
|
|upkeep
|turn|6
|inactive|Savushkin Trois has 120 seconds left.
|
|t:|1743820507
|switch|p1a: Gliscor|Gliscor, M|100/100
|move|p2a: Oricorio|Revelation Dance|p1a: Gliscor
|-immune|p1a: Gliscor
|
|-status|p1a: Gliscor|tox|[from] item: Toxic Orb
|upkeep
|turn|7
|inactive|Savushkin Trois has 120 seconds left.
|
|t:|1743820517
|move|p1a: Gliscor|Knock Off|p2a: Oricorio
|-damage|p2a: Oricorio|0 fnt
|faint|p2a: Oricorio
|
|upkeep
|
|t:|1743820522
|switch|p2a: Yanmega|Yanmega, M|100/100
|turn|8
|
|t:|1743820528
|switch|p1a: Moltres|Moltres|100/100
|move|p2a: Yanmega|Bug Buzz|p1a: Moltres
|-resisted|p1a: Moltres
|-damage|p1a: Moltres|86/100
|-enditem|p2a: Yanmega|Throat Spray
|-boost|p2a: Yanmega|spa|1|[from] item: Throat Spray
|
|-ability|p2a: Yanmega|Speed Boost|boost
|-boost|p2a: Yanmega|spe|1
|upkeep
|turn|9
|
|t:|1743820541
|-terastallize|p2a: Yanmega|Rock
|move|p2a: Yanmega|Ancient Power|p1a: Moltres
|-supereffective|p1a: Moltres
|-crit|p1a: Moltres
|-damage|p1a: Moltres|0 fnt
|faint|p1a: Moltres
|
|-ability|p2a: Yanmega|Speed Boost|boost
|-boost|p2a: Yanmega|spe|1
|upkeep
|
|t:|1743820548
|switch|p1a: Primarina|Primarina, M|100/100
|turn|10
|
|t:|1743820556
|move|p2a: Yanmega|Giga Drain|p1a: Primarina
|-supereffective|p1a: Primarina
|-damage|p1a: Primarina|31/100
|move|p1a: Primarina|Surf|p2a: Yanmega
|-supereffective|p2a: Yanmega
|-damage|p2a: Yanmega|0 fnt
|faint|p2a: Yanmega
|
|-heal|p1a: Primarina|37/100|[from] item: Leftovers
|upkeep
|
|t:|1743820572
|switch|p2a: Honchkrow|Honchkrow, M|100/100
|turn|11
|
|t:|1743820578
|move|p2a: Honchkrow|Brave Bird|p1a: Primarina
|-damage|p1a: Primarina|0 fnt
|faint|p1a: Primarina
|-damage|p2a: Honchkrow|90/100|[from] Recoil
|
|upkeep
|
|t:|1743820581
|switch|p1a: Kyurem|Kyurem|100/100
|-ability|p1a: Kyurem|Pressure
|turn|12
|
|t:|1743820595
|move|p1a: Kyurem|Dragon Dance|p1a: Kyurem
|-boost|p1a: Kyurem|atk|1
|-boost|p1a: Kyurem|spe|1
|move|p2a: Honchkrow|Thunder Wave|p1a: Kyurem
|-status|p1a: Kyurem|par
|
|upkeep
|turn|13
|
|t:|1743820605
|move|p1a: Kyurem|Dragon Dance|p1a: Kyurem
|-boost|p1a: Kyurem|atk|1
|-boost|p1a: Kyurem|spe|1
|move|p2a: Honchkrow|Night Slash|p1a: Kyurem
|-crit|p1a: Kyurem
|-damage|p1a: Kyurem|40/100 par
|
|upkeep
|turn|14
|
|t:|1743820614
|move|p1a: Kyurem|Scale Shot|p2a: Honchkrow
|-damage|p2a: Honchkrow|51/100
|-damage|p2a: Honchkrow|8/100
|-damage|p2a: Honchkrow|0 fnt
|faint|p2a: Honchkrow
|-hitcount|p2: Honchkrow|3
|-unboost|p1a: Kyurem|def|1
|-boost|p1a: Kyurem|spe|1
|
|upkeep
|inactive|Savushkin Trois has 120 seconds left.
|
|t:|1743820644
|switch|p2a: Zapdos|Zapdos-Galar|50/100
|turn|15
|inactive|Savushkin Trois has 120 seconds left.
|
|t:|1743820655
|cant|p1a: Kyurem|par
|move|p2a: Zapdos|Thunderous Kick|p1a: Kyurem
|-supereffective|p1a: Kyurem
|-damage|p1a: Kyurem|0 fnt
|faint|p1a: Kyurem
|
|upkeep
|
|t:|1743820658
|switch|p1a: Gliscor|Gliscor, M|100/100 tox
|turn|16
|
|t:|1743820670
|move|p2a: Zapdos|Thunderous Kick|p1a: Gliscor
|-resisted|p1a: Gliscor
|-damage|p1a: Gliscor|68/100 tox
|-unboost|p1a: Gliscor|def|1
|move|p1a: Gliscor|Swords Dance|p1a: Gliscor
|-boost|p1a: Gliscor|atk|2
|
|-heal|p1a: Gliscor|81/100 tox|[from] ability: Poison Heal
|upkeep
|turn|17
|
|t:|1743820680
|move|p1a: Gliscor|Protect|p1a: Gliscor
|-singleturn|p1a: Gliscor|Protect
|move|p2a: Zapdos|Thunderous Kick|p1a: Gliscor
|-activate|p1a: Gliscor|move: Protect
|
|-heal|p1a: Gliscor|93/100 tox|[from] ability: Poison Heal
|upkeep
|turn|18
|
|t:|1743820690
|move|p2a: Zapdos|Thunderous Kick|p1a: Gliscor
|-resisted|p1a: Gliscor
|-damage|p1a: Gliscor|43/100 tox
|-unboost|p1a: Gliscor|def|1
|move|p1a: Gliscor|Knock Off|p2a: Zapdos
|-resisted|p2a: Zapdos
|-damage|p2a: Zapdos|18/100
|-enditem|p2a: Zapdos|Choice Band|[from] move: Knock Off|[of] p1a: Gliscor
|
|-heal|p1a: Gliscor|56/100 tox|[from] ability: Poison Heal
|upkeep
|turn|19
|inactive|Savushkin Trois has 120 seconds left.
|
|t:|1743820706
|move|p1a: Gliscor|Protect|p1a: Gliscor
|-singleturn|p1a: Gliscor|Protect
|move|p2a: Zapdos|U-turn|p1a: Gliscor
|-activate|p1a: Gliscor|move: Protect
|
|-heal|p1a: Gliscor|68/100 tox|[from] ability: Poison Heal
|upkeep
|turn|20
|
|t:|1743820715
|move|p2a: Zapdos|Brave Bird|p1a: Gliscor
|-damage|p1a: Gliscor|0 fnt
|faint|p1a: Gliscor
|-damage|p2a: Zapdos|0 fnt|[from] Recoil
|faint|p2a: Zapdos
|
|win|Savushkin Trois
|raw|sevenight's rating: 1220 &rarr; <strong>1192</strong><br />(-28 for losing)
|raw|Savushkin Trois's rating: 1179 &rarr; <strong>1207</strong><br />(+28 for winning)
|c|☆Savushkin Trois|Gg!
|l|☆sevenight
|player|p1|
|l|☆Savushkin Trois
|player|p2|
