|j|☆Westblowfish
|j|☆Mood1e
|t:|1743908046
|gametype|singles
|player|p1|Westblowfish|265|
|player|p2|Mood1e|palmer|
|teamsize|p1|6
|teamsize|p2|6
|gen|9
|tier|[Gen 9] OU
|rule|HP Percentage Mod: HP is shown in percentages
|rule|Endless Battle Clause: Forcing endless battles is banned
|rule|Species Clause: Limit one of each Pokémon
|rule|OHKO Clause: OHKO moves are banned
|rule|Evasion Items Clause: Evasion items are banned
|rule|Evasion Moves Clause: Evasion moves are banned
|rule|Sleep Moves Clause: Sleep-inducing moves are banned
|clearpoke
|poke|p1|Gliscor, F|
|poke|p1|Basculegion-F, F|
|poke|p1|Politoed, F|
|poke|p1|Barraskewda, F|
|poke|p1|Toxapex, M|
|poke|p1|Raging Bolt|
|poke|p2|Rillaboom, M|
|poke|p2|Corviknight, M|
|poke|p2|Excadrill, M|
|poke|p2|Slowking-Galar, M|
|poke|p2|Mimikyu, M|
|poke|p2|Gastrodon, F|
|teampreview
|j| tasty toilet water
|j| kthehighkid
|j| jumblemuffler
|j| Bankai99
|c| kthehighkid|lets go etienne
|c|☆Westblowfish|gooned too hard
|c| kthehighkid|mog him make it 1-1
|c| Bankai99|mog him
|
|t:|1743908247
|start
|switch|p1a: Politoed|Politoed, F|100/100
|switch|p2a: Pikachow|Mimikyu, M|100/100
|-weather|RainDance|[from] ability: Drizzle|[of] p1a: Politoed
|turn|1
|
|t:|1743908309
|move|p2a: Pikachow|Swords Dance|p2a: Pikachow
|-boost|p2a: Pikachow|atk|2
|move|p1a: Politoed|Encore|p2a: Pikachow
|-start|p2a: Pikachow|Encore
|
|-weather|RainDance|[upkeep]
|upkeep
|turn|2
|
|t:|1743908324
|switch|p1a: Basculegion|Basculegion-F, F|100/100
|move|p2a: Pikachow|Swords Dance|p2a: Pikachow
|-boost|p2a: Pikachow|atk|2
|
|-weather|RainDance|[upkeep]
|upkeep
|turn|3
|
|t:|1743908331
|move|p1a: Basculegion|Shadow Ball|p2a: Pikachow
|-activate|p2a: Pikachow|ability: Disguise
|-damage|p2a: Pikachow|100/100
|detailschange|p2a: Pikachow|Mimikyu-Busted, M
|-damage|p2a: Pikachow|88/100|[from] pokemon: Mimikyu-Busted
|move|p2a: Pikachow|Swords Dance|p2a: Pikachow
|-boost|p2a: Pikachow|atk|2
|
|-weather|RainDance|[upkeep]
|upkeep
|turn|4
|c| jumblemuffler|skibidi nation
|c| jumblemuffler|living in a skibidi nation
|c| jumblemuffler|crodini
|
|t:|1743908408
|move|p1a: Basculegion|Shadow Ball|p2a: Pikachow
|-supereffective|p2a: Pikachow
|-damage|p2a: Pikachow|0 fnt
|faint|p2a: Pikachow
|
|-weather|RainDance|[upkeep]
|upkeep
|
|t:|1743908424
|switch|p2a: Sheldon|Rillaboom, M, shiny|100/100
|-fieldstart|move: Grassy Terrain|[from] ability: Grassy Surge|[of] p2a: Sheldon
|turn|5
|c|☆Westblowfish|fuck ass monkey
|c|☆Westblowfish|billions muist die
|c| jumblemuffler|millions must jelq
|c| kthehighkid|jelq genocide
|
|t:|1743908508
|switch|p1a: Toxapex|Toxapex, M|100/100
|move|p2a: Sheldon|Knock Off|p1a: Toxapex
|-damage|p1a: Toxapex|58/100
|-enditem|p1a: Toxapex|Leftovers|[from] move: Knock Off|[of] p2a: Sheldon
|
|-weather|RainDance|[upkeep]
|-heal|p1a: Toxapex|64/100|[from] Grassy Terrain
|upkeep
|turn|6
|
|t:|1743908552
|switch|p2a: Svetlana|Gastrodon, F|100/100
|move|p1a: Toxapex|Baneful Bunker||[still]
|-fail|p1a: Toxapex
|
|-weather|RainDance|[upkeep]
|-heal|p1a: Toxapex|70/100|[from] Grassy Terrain
|upkeep
|turn|7
|
|t:|1743908559
|move|p2a: Svetlana|Stealth Rock|p1a: Toxapex
|-sidestart|p1: Westblowfish|move: Stealth Rock
|move|p1a: Toxapex|Toxic|p2a: Svetlana
|-status|p2a: Svetlana|tox
|
|-weather|RainDance|[upkeep]
|-heal|p1a: Toxapex|76/100|[from] Grassy Terrain
|-damage|p2a: Svetlana|94/100 tox|[from] psn
|upkeep
|turn|8
|
|t:|1743908610
|switch|p2a: Sped|Excadrill, M, shiny|100/100
|-ability|p2a: Sped|Mold Breaker
|move|p1a: Toxapex|Ice Spinner|p2a: Sped
|-damage|p2a: Sped|81/100
|-fieldend|move: Grassy Terrain
|
|-weather|none
|upkeep
|turn|9
|
|t:|1743908648
|switch|p1a: Gliscor|Gliscor, F|100/100
|-damage|p1a: Gliscor|88/100|[from] Stealth Rock
|move|p2a: Sped|Earthquake|p1a: Gliscor
|-immune|p1a: Gliscor
|
|-status|p1a: Gliscor|tox|[from] item: Toxic Orb
|upkeep
|turn|10
|
|t:|1743908684
|switch|p2a: Bilo|Slowking-Galar, M, shiny|100/100
|move|p1a: Gliscor|Facade|p2a: Bilo
|-damage|p2a: Bilo|67/100
|
|-heal|p1a: Gliscor|100/100 tox|[from] ability: Poison Heal
|upkeep
|turn|11
|
|t:|1743908702
|switch|p2a: Brody|Corviknight, M, shiny|100/100
|-ability|p2a: Brody|Pressure
|-terastallize|p1a: Gliscor|Normal
|move|p1a: Gliscor|Facade|p2a: Brody
|-resisted|p2a: Brody
|-damage|p2a: Brody|86/100
|
|-heal|p2a: Brody|93/100|[from] item: Leftovers
|upkeep
|turn|12
|
|t:|1743908713
|switch|p1a: Toxapex|Toxapex, M|100/100
|-damage|p1a: Toxapex|88/100|[from] Stealth Rock
|move|p2a: Brody|Iron Defense|p2a: Brody
|-boost|p2a: Brody|def|2
|
|-heal|p2a: Brody|99/100|[from] item: Leftovers
|upkeep
|turn|13
|
|t:|1743908723
|switch|p1a: Politoed|Politoed, F|100/100
|-damage|p1a: Politoed|88/100|[from] Stealth Rock
|-weather|RainDance|[from] ability: Drizzle|[of] p1a: Politoed
|move|p2a: Brody|Iron Defense|p2a: Brody
|-boost|p2a: Brody|def|2
|
|-weather|RainDance|[upkeep]
|-heal|p2a: Brody|100/100|[from] item: Leftovers
|upkeep
|turn|14
|
|t:|1743908733
|move|p1a: Politoed|Perish Song|p1a: Politoed
|-start|p1a: Politoed|perish3|[silent]
|-start|p2a: Brody|perish3|[silent]
|-fieldactivate|move: Perish Song
|move|p2a: Brody|Body Press|p1a: Politoed
|-damage|p1a: Politoed|18/100
|
|-weather|RainDance|[upkeep]
|-start|p1a: Politoed|perish3
|-start|p2a: Brody|perish3
|upkeep
|turn|15
|
|t:|1743908747
|switch|p1a: Toxapex|Toxapex, M|100/100
|-damage|p1a: Toxapex|88/100|[from] Stealth Rock
|switch|p2a: Svetlana|Gastrodon, F|94/100 tox
|
|-weather|RainDance|[upkeep]
|-heal|p2a: Svetlana|100/100 tox|[from] item: Leftovers
|-damage|p2a: Svetlana|94/100 tox|[from] psn
|upkeep
|turn|16
|
|t:|1743908764
|move|p2a: Svetlana|Earth Power|p1a: Toxapex
|-supereffective|p1a: Toxapex
|-damage|p1a: Toxapex|54/100
|move|p1a: Toxapex|Ice Spinner|p2a: Svetlana
|-damage|p2a: Svetlana|86/100 tox
|
|-weather|RainDance|[upkeep]
|-heal|p2a: Svetlana|92/100 tox|[from] item: Leftovers
|-damage|p2a: Svetlana|80/100 tox|[from] psn
|upkeep
|turn|17
|c| kthehighkid|this game is actually mind blowing
|
|t:|1743908813
|move|p2a: Svetlana|Earth Power|p1a: Toxapex
|-supereffective|p1a: Toxapex
|-damage|p1a: Toxapex|18/100
|move|p1a: Toxapex|Recover|p1a: Toxapex
|-heal|p1a: Toxapex|68/100
|
|-weather|RainDance|[upkeep]
|-heal|p2a: Svetlana|86/100 tox|[from] item: Leftovers
|-damage|p2a: Svetlana|67/100 tox|[from] psn
|upkeep
|turn|18
|
|t:|1743908877
|switch|p1a: Basculegion|Basculegion-F, F|100/100
|-damage|p1a: Basculegion|88/100|[from] Stealth Rock
|move|p2a: Svetlana|Earth Power|p1a: Basculegion
|-damage|p1a: Basculegion|58/100
|
|-weather|RainDance|[upkeep]
|-heal|p2a: Svetlana|74/100 tox|[from] item: Leftovers
|-damage|p2a: Svetlana|49/100 tox|[from] psn
|upkeep
|turn|19
|
|t:|1743908907
|move|p1a: Basculegion|Shadow Ball|p2a: Svetlana
|-damage|p2a: Svetlana|0 fnt
|faint|p2a: Svetlana
|
|-weather|RainDance|[upkeep]
|upkeep
|
|t:|1743908958
|switch|p2a: Sheldon|Rillaboom, M, shiny|100/100
|-fieldstart|move: Grassy Terrain|[from] ability: Grassy Surge|[of] p2a: Sheldon
|turn|20
|
|t:|1743908972
|switch|p1a: Toxapex|Toxapex, M|100/100
|-damage|p1a: Toxapex|88/100|[from] Stealth Rock
|move|p2a: Sheldon|Wood Hammer|p1a: Toxapex
|-crit|p1a: Toxapex
|-damage|p1a: Toxapex|0 fnt
|faint|p1a: Toxapex
|-damage|p2a: Sheldon|75/100|[from] Recoil
|
|-weather|none
|-heal|p2a: Sheldon|81/100|[from] Grassy Terrain
|upkeep
|
|t:|1743908982
|switch|p1a: Politoed|Politoed, F|18/100
|-damage|p1a: Politoed|6/100|[from] Stealth Rock
|-weather|RainDance|[from] ability: Drizzle|[of] p1a: Politoed
|turn|21
|
|t:|1743909076
|switch|p2a: Bilo|Slowking-Galar, M, shiny|99/100
|move|p1a: Politoed|Whirlpool|p2a: Bilo
|-damage|p2a: Bilo|92/100
|-activate|p2a: Bilo|move: Whirlpool|[of] p1a: Politoed
|
|-weather|RainDance|[upkeep]
|-heal|p1a: Politoed|12/100|[from] Grassy Terrain
|-heal|p2a: Bilo|98/100|[from] Grassy Terrain
|-damage|p2a: Bilo|86/100|[from] move: Whirlpool|[partiallytrapped]
|upkeep
|turn|22
|
|t:|1743909118
|move|p1a: Politoed|Perish Song|p1a: Politoed
|-start|p1a: Politoed|perish3|[silent]
|-start|p2a: Bilo|perish3|[silent]
|-fieldactivate|move: Perish Song
|move|p2a: Bilo|Sludge Bomb|p1a: Politoed
|-damage|p1a: Politoed|0 fnt
|faint|p1a: Politoed
|
|-weather|RainDance|[upkeep]
|-heal|p2a: Bilo|92/100|[from] Grassy Terrain
|-end|p2a: Bilo|Whirlpool|[partiallytrapped]|[silent]
|-start|p2a: Bilo|perish3
|upkeep
|
|t:|1743909133
|switch|p1a: Raging Bolt|Raging Bolt|100/100
|-damage|p1a: Raging Bolt|88/100|[from] Stealth Rock
|-enditem|p1a: Raging Bolt|Booster Energy
|-activate|p1a: Raging Bolt|ability: Protosynthesis|[fromitem]
|-start|p1a: Raging Bolt|protosynthesisspa
|turn|23
|
|t:|1743909143
|move|p1a: Raging Bolt|Calm Mind|p1a: Raging Bolt
|-boost|p1a: Raging Bolt|spa|1
|-boost|p1a: Raging Bolt|spd|1
|move|p2a: Bilo|Ice Beam|p1a: Raging Bolt
|-supereffective|p1a: Raging Bolt
|-damage|p1a: Raging Bolt|57/100
|
|-weather|RainDance|[upkeep]
|-heal|p1a: Raging Bolt|63/100|[from] Grassy Terrain
|-heal|p2a: Bilo|98/100|[from] Grassy Terrain
|-start|p2a: Bilo|perish2
|upkeep
|turn|24
|
|t:|1743909164
|move|p1a: Raging Bolt|Tera Blast|p2a: Bilo
|-damage|p2a: Bilo|66/100
|move|p2a: Bilo|Ice Beam|p1a: Raging Bolt
|-supereffective|p1a: Raging Bolt
|-crit|p1a: Raging Bolt
|-damage|p1a: Raging Bolt|0 fnt
|faint|p1a: Raging Bolt
|-end|p1a: Raging Bolt|Protosynthesis|[silent]
|
|-weather|RainDance|[upkeep]
|-heal|p2a: Bilo|72/100|[from] Grassy Terrain
|-start|p2a: Bilo|perish1
|-fieldend|move: Grassy Terrain
|upkeep
|c|☆Westblowfish|KAPPA
|c|☆Mood1e|o
|
|t:|1743909197
|switch|p1a: Basculegion|Basculegion-F, F|58/100
|-damage|p1a: Basculegion|46/100|[from] Stealth Rock
|turn|25
|c| kthehighkid|hey moodle
|c| kthehighkid|int
|c| jumblemuffler|we want game 3!!!
|
|t:|1743909222
|-terastallize|p2a: Bilo|Water
|move|p1a: Basculegion|Surf|p2a: Bilo
|-resisted|p2a: Bilo
|-damage|p2a: Bilo|52/100
|move|p2a: Bilo|Sludge Bomb|p1a: Basculegion
|-resisted|p1a: Basculegion
|-damage|p1a: Basculegion|23/100
|
|-weather|RainDance|[upkeep]
|-start|p2a: Bilo|perish0
|upkeep
|faint|p2a: Bilo
|
|t:|1743909234
|switch|p2a: Sheldon|Rillaboom, M, shiny|81/100
|-fieldstart|move: Grassy Terrain|[from] ability: Grassy Surge|[of] p2a: Sheldon
|turn|26
|
|t:|1743909242
|move|p2a: Sheldon|Grassy Glide|p1a: Basculegion
|-supereffective|p1a: Basculegion
|-damage|p1a: Basculegion|0 fnt
|faint|p1a: Basculegion
|
|-weather|RainDance|[upkeep]
|-heal|p2a: Sheldon|87/100|[from] Grassy Terrain
|upkeep
|
|t:|1743909248
|switch|p1a: Gliscor|Gliscor, F, tera:Normal|100/100 tox
|-damage|p1a: Gliscor|88/100 tox|[from] Stealth Rock
|turn|27
|
|t:|1743909274
|switch|p2a: Brody|Corviknight, M, shiny|100/100
|-ability|p2a: Brody|Pressure
|move|p1a: Gliscor|Protect||[still]
|-fail|p1a: Gliscor
|
|-weather|RainDance|[upkeep]
|-heal|p1a: Gliscor|94/100 tox|[from] Grassy Terrain
|-heal|p1a: Gliscor|100/100 tox|[from] ability: Poison Heal
|upkeep
|turn|28
|
|t:|1743909284
|move|p1a: Gliscor|Swords Dance|p1a: Gliscor
|-boost|p1a: Gliscor|atk|2
|move|p2a: Brody|Body Press|p1a: Gliscor
|-supereffective|p1a: Gliscor
|-damage|p1a: Gliscor|60/100 tox
|
|-weather|none
|-heal|p1a: Gliscor|67/100 tox|[from] Grassy Terrain
|-heal|p1a: Gliscor|79/100 tox|[from] ability: Poison Heal
|upkeep
|turn|29
|
|t:|1743909293
|move|p1a: Gliscor|Facade|p2a: Brody
|-resisted|p2a: Brody
|-damage|p2a: Brody|72/100
|move|p2a: Brody|Iron Defense|p2a: Brody
|-boost|p2a: Brody|def|2
|
|-heal|p1a: Gliscor|85/100 tox|[from] Grassy Terrain
|-heal|p2a: Brody|78/100|[from] item: Leftovers
|-heal|p1a: Gliscor|98/100 tox|[from] ability: Poison Heal
|upkeep
|turn|30
|
|t:|1743909307
|move|p1a: Gliscor|Facade|p2a: Brody
|-resisted|p2a: Brody
|-damage|p2a: Brody|64/100
|move|p2a: Brody|Body Press|p1a: Gliscor
|-supereffective|p1a: Gliscor
|-damage|p1a: Gliscor|27/100 tox
|
|-heal|p1a: Gliscor|33/100 tox|[from] Grassy Terrain
|-heal|p2a: Brody|71/100|[from] item: Leftovers
|-heal|p1a: Gliscor|46/100 tox|[from] ability: Poison Heal
|-fieldend|move: Grassy Terrain
|upkeep
|turn|31
|
|t:|1743909323
|move|p1a: Gliscor|Protect|p1a: Gliscor
|-singleturn|p1a: Gliscor|Protect
|move|p2a: Brody|Body Press|p1a: Gliscor
|-activate|p1a: Gliscor|move: Protect
|
|-heal|p2a: Brody|77/100|[from] item: Leftovers
|-heal|p1a: Gliscor|58/100 tox|[from] ability: Poison Heal
|upkeep
|turn|32
|
|t:|1743909332
|move|p1a: Gliscor|Facade|p2a: Brody
|-resisted|p2a: Brody
|-damage|p2a: Brody|62/100
|move|p2a: Brody|Body Press|p1a: Gliscor
|-supereffective|p1a: Gliscor
|-damage|p1a: Gliscor|0 fnt
|faint|p1a: Gliscor
|
|-heal|p2a: Brody|69/100|[from] item: Leftovers
|upkeep
|
|t:|1743909341
|switch|p1a: Barraskewda|Barraskewda, F|100/100
|-damage|p1a: Barraskewda|88/100|[from] Stealth Rock
|turn|33
|
|t:|1743909350
|move|p1a: Barraskewda|Liquidation|p2a: Brody
|-damage|p2a: Brody|46/100
|-unboost|p2a: Brody|def|1
|move|p2a: Brody|Body Press|p1a: Barraskewda
|-damage|p1a: Barraskewda|19/100
|
|-heal|p2a: Brody|52/100|[from] item: Leftovers
|upkeep
|turn|34
|
|t:|1743909359
|move|p1a: Barraskewda|Liquidation|p2a: Brody
|-damage|p2a: Brody|24/100
|move|p2a: Brody|Body Press|p1a: Barraskewda
|-damage|p1a: Barraskewda|0 fnt
|faint|p1a: Barraskewda
|
|win|Mood1e
|c| tasty toilet water|gg
|c| jumblemuffler|gg fekkas
|c| jumblemuffler|fellas
