|j|☆Y333famo
|j|☆ftvcffg
|t:|1743892768
|gametype|singles
|player|p1|Y333famo|265|1201
|player|p2|ftvcffg|102|1234
|teamsize|p1|6
|teamsize|p2|6
|gen|9
|tier|[Gen 9] OU
|rated|
|rule|HP Percentage Mod: HP is shown in percentages
|rule|Endless Battle Clause: Forcing endless battles is banned
|rule|Species Clause: Limit one of each Pokémon
|rule|OHKO Clause: OHKO moves are banned
|rule|Evasion Items Clause: Evasion items are banned
|rule|Evasion Moves Clause: Evasion moves are banned
|rule|Sleep Moves Clause: Sleep-inducing moves are banned
|clearpoke
|poke|p1|Walking Wake|
|poke|p1|Meowscarada, F|
|poke|p1|Landorus-Therian, M|
|poke|p1|Iron Valiant|
|poke|p1|Slowking-Galar, M|
|poke|p1|Cinderace, F|
|poke|p2|Blissey, F|
|poke|p2|Clefable, M|
|poke|p2|Ting-Lu|
|poke|p2|Gliscor, M|
|poke|p2|Dondozo, F|
|poke|p2|Amoonguss, F|
|teampreview
|inactive|Battle timer is ON: inactive players will automatically lose when time's up. (requested by ftvcffg)
|inactive|Y333famo also wants the timer to be on.
|
|t:|1743892786
|start
|switch|p1a: Meowscarada|Meowscarada, F, shiny|100/100
|switch|p2a: Gliscor|Gliscor, M|100/100
|turn|1
|
|t:|1743892791
|move|p2a: Gliscor|Protect|p2a: Gliscor
|-singleturn|p2a: Gliscor|Protect
|move|p1a: Meowscarada|Triple Axel|p2a: Gliscor
|-start|p1a: Meowscarada|typechange|Ice|[from] ability: Protean
|-activate|p2a: Gliscor|move: Protect
|
|-status|p2a: Gliscor|tox|[from] item: Toxic Orb
|upkeep
|turn|2
|
|t:|1743892799
|switch|p2a: Clefable|Clefable, M|100/100
|move|p1a: Meowscarada|Triple Axel|p2a: Clefable
|-damage|p2a: Clefable|90/100
|-damage|p2a: Clefable|70/100
|-damage|p2a: Clefable|37/100
|-hitcount|p2a: Clefable|3
|
|-heal|p2a: Clefable|43/100|[from] item: Leftovers
|upkeep
|turn|3
|
|t:|1743892812
|-terastallize|p2a: Clefable|Steel
|move|p1a: Meowscarada|Triple Axel|p2a: Clefable
|-resisted|p2a: Clefable
|-damage|p2a: Clefable|38/100
|-resisted|p2a: Clefable
|-damage|p2a: Clefable|28/100
|-resisted|p2a: Clefable
|-damage|p2a: Clefable|11/100
|-hitcount|p2a: Clefable|3
|move|p2a: Clefable|Wish|p2a: Clefable
|
|-heal|p2a: Clefable|17/100|[from] item: Leftovers
|upkeep
|turn|4
|
|t:|1743892819
|move|p2a: Clefable|Protect|p2a: Clefable
|-singleturn|p2a: Clefable|Protect
|move|p1a: Meowscarada|Triple Axel|p2a: Clefable
|-activate|p2a: Clefable|move: Protect
|
|-heal|p2a: Clefable|67/100|[from] move: Wish|[wisher] Clefable
|-heal|p2a: Clefable|73/100|[from] item: Leftovers
|upkeep
|turn|5
|
|t:|1743892826
|switch|p1a: Cinderace|Cinderace, F|100/100
|move|p2a: Clefable|Wish|p2a: Clefable
|
|-heal|p2a: Clefable|79/100|[from] item: Leftovers
|upkeep
|turn|6
|
|t:|1743892834
|move|p2a: Clefable|Protect|p2a: Clefable
|-singleturn|p2a: Clefable|Protect
|move|p1a: Cinderace|Will-O-Wisp|p2a: Clefable
|-activate|p2a: Clefable|move: Protect
|
|-heal|p2a: Clefable|100/100|[from] move: Wish|[wisher] Clefable
|upkeep
|turn|7
|
|t:|1743892838
|switch|p2a: Dondozo|Dondozo, F|100/100
|move|p1a: Cinderace|U-turn|p2a: Dondozo
|-damage|p2a: Dondozo|92/100
|
|t:|1743892849
|switch|p1a: Walking Wake|Walking Wake|100/100|[from] U-turn
|
|upkeep
|turn|8
|
|t:|1743892865
|switch|p2a: Clefable|Clefable, M, tera:Steel|100/100
|move|p1a: Walking Wake|Hydro Pump|p2a: Clefable
|-damage|p2a: Clefable|49/100
|
|-heal|p2a: Clefable|55/100|[from] item: Leftovers
|upkeep
|turn|9
|
|t:|1743892876
|-end|p1a: Walking Wake|Protosynthesis|[silent]
|switch|p1a: Slowking|Slowking-Galar, M|100/100
|move|p2a: Clefable|Wish|p2a: Clefable
|
|-heal|p2a: Clefable|61/100|[from] item: Leftovers
|upkeep
|turn|10
|
|t:|1743892882
|move|p2a: Clefable|Knock Off|p1a: Slowking
|-supereffective|p1a: Slowking
|-damage|p1a: Slowking|69/100
|-enditem|p1a: Slowking|Heavy-Duty Boots|[from] move: Knock Off|[of] p2a: Clefable
|move|p1a: Slowking|Future Sight|p2a: Clefable
|-start|p1a: Slowking|move: Future Sight
|
|-heal|p2a: Clefable|100/100|[from] move: Wish|[wisher] Clefable
|upkeep
|turn|11
|
|t:|1743892892
|move|p2a: Clefable|Wish|p2a: Clefable
|-prepare|p1a: Slowking|Chilly Reception|[premajor]
|move|p1a: Slowking|Chilly Reception|p1a: Slowking
|-weather|Snowscape
|
|t:|1743892897
|switch|p1a: Cinderace|Cinderace, F|100/100|[from] Chilly Reception
|
|-weather|Snowscape|[upkeep]
|upkeep
|turn|12
|
|t:|1743892909
|switch|p2a: Gliscor|Gliscor, M|100/100 tox
|move|p1a: Cinderace|Pyro Ball|p2a: Gliscor
|-damage|p2a: Gliscor|71/100 tox
|
|-weather|Snowscape|[upkeep]
|-end|p2a: Gliscor|move: Future Sight
|-damage|p2a: Gliscor|15/100 tox
|-heal|p2a: Gliscor|71/100 tox|[from] move: Wish|[wisher] Clefable
|-heal|p2a: Gliscor|84/100 tox|[from] ability: Poison Heal
|upkeep
|turn|13
|
|t:|1743892923
|switch|p1a: Slowking|Slowking-Galar, M|100/100
|move|p2a: Gliscor|Spikes|p1a: Slowking
|-sidestart|p1: Y333famo|Spikes
|
|-weather|Snowscape|[upkeep]
|-heal|p2a: Gliscor|96/100 tox|[from] ability: Poison Heal
|upkeep
|turn|14
|
|t:|1743892932
|move|p2a: Gliscor|Spikes|p1a: Slowking
|-sidestart|p1: Y333famo|Spikes
|move|p1a: Slowking|Future Sight|p2a: Gliscor
|-start|p1a: Slowking|move: Future Sight
|
|-weather|Snowscape|[upkeep]
|-heal|p2a: Gliscor|100/100 tox|[from] ability: Poison Heal
|upkeep
|turn|15
|
|t:|1743892937
|move|p2a: Gliscor|Spikes|p1a: Slowking
|-sidestart|p1: Y333famo|Spikes
|-prepare|p1a: Slowking|Chilly Reception|[premajor]
|move|p1a: Slowking|Chilly Reception|p1a: Slowking
|
|t:|1743892946
|switch|p1a: Cinderace|Cinderace, F|100/100|[from] Chilly Reception
|
|-weather|none
|upkeep
|turn|16
|
|t:|1743892958
|switch|p1a: Slowking|Slowking-Galar, M|100/100
|-damage|p1a: Slowking|76/100|[from] Spikes
|move|p2a: Gliscor|Toxic|p1a: Slowking
|-immune|p1a: Slowking
|
|-end|p2a: Gliscor|move: Future Sight
|-damage|p2a: Gliscor|49/100 tox
|-heal|p2a: Gliscor|61/100 tox|[from] ability: Poison Heal
|upkeep
|turn|17
|
|t:|1743892972
|move|p2a: Gliscor|Knock Off|p1a: Slowking
|-supereffective|p1a: Slowking
|-damage|p1a: Slowking|46/100
|move|p1a: Slowking|Future Sight|p2a: Gliscor
|-start|p1a: Slowking|move: Future Sight
|
|-heal|p2a: Gliscor|73/100 tox|[from] ability: Poison Heal
|upkeep
|turn|18
|
|t:|1743892976
|move|p2a: Gliscor|Knock Off|p1a: Slowking
|-supereffective|p1a: Slowking
|-damage|p1a: Slowking|17/100
|move|p1a: Slowking|Sludge Bomb|p2a: Gliscor
|-resisted|p2a: Gliscor
|-damage|p2a: Gliscor|52/100 tox
|
|-heal|p2a: Gliscor|65/100 tox|[from] ability: Poison Heal
|upkeep
|turn|19
|
|t:|1743892987
|switch|p1a: Landorus|Landorus-Therian, M|100/100
|-ability|p1a: Landorus|Intimidate|boost
|-unboost|p2a: Gliscor|atk|1
|move|p2a: Gliscor|Knock Off|p1a: Landorus
|-damage|p1a: Landorus|90/100
|-damage|p2a: Gliscor|48/100 tox|[from] item: Rocky Helmet|[of] p1a: Landorus
|-enditem|p1a: Landorus|Rocky Helmet|[from] move: Knock Off|[of] p2a: Gliscor
|
|-end|p2a: Gliscor|move: Future Sight
|-damage|p2a: Gliscor|0 fnt
|faint|p2a: Gliscor
|upkeep
|
|t:|1743892996
|switch|p2a: Ting-Lu|Ting-Lu|100/100
|-ability|p2a: Ting-Lu|Vessel of Ruin
|turn|20
|
|t:|1743893005
|move|p1a: Landorus|U-turn|p2a: Ting-Lu
|-supereffective|p2a: Ting-Lu
|-damage|p2a: Ting-Lu|78/100
|
|t:|1743893008
|switch|p1a: Cinderace|Cinderace, F|100/100|[from] U-turn
|move|p2a: Ting-Lu|Ruination|p1a: Cinderace
|-damage|p1a: Cinderace|51/100
|
|upkeep
|turn|21
|
|t:|1743893015
|move|p1a: Cinderace|Court Change|p1a: Cinderace
|-swapsideconditions
|-activate|p1a: Cinderace|move: Court Change
|move|p2a: Ting-Lu|Stealth Rock|p1a: Cinderace
|-sidestart|p1: Y333famo|move: Stealth Rock
|
|upkeep
|turn|22
|
|t:|1743893021
|move|p1a: Cinderace|U-turn|p2a: Ting-Lu
|-supereffective|p2a: Ting-Lu
|-damage|p2a: Ting-Lu|56/100
|
|t:|1743893026
|switch|p1a: Slowking|Slowking-Galar, M|50/100|[from] U-turn
|-damage|p1a: Slowking|38/100|[from] Stealth Rock
|move|p2a: Ting-Lu|Ruination|p1a: Slowking
|-damage|p1a: Slowking|19/100
|
|upkeep
|turn|23
|
|t:|1743893036
|switch|p2a: Blissey|Blissey, F|100/100
|-prepare|p1a: Slowking|Chilly Reception|[premajor]
|move|p1a: Slowking|Chilly Reception|p1a: Slowking
|-weather|Snowscape
|
|t:|1743893055
|switch|p1a: Iron Valiant|Iron Valiant|100/100|[from] Chilly Reception
|-damage|p1a: Iron Valiant|94/100|[from] Stealth Rock
|
|-weather|Snowscape|[upkeep]
|upkeep
|turn|24
|
|t:|1743893063
|switch|p2a: Amoonguss|Amoonguss, F|100/100
|move|p1a: Iron Valiant|Knock Off|p2a: Amoonguss
|-damage|p2a: Amoonguss|65/100
|-enditem|p2a: Amoonguss|Heavy-Duty Boots|[from] move: Knock Off|[of] p1a: Iron Valiant
|
|-weather|Snowscape|[upkeep]
|upkeep
|turn|25
|-message|ftvcffg forfeited.
|
|win|Y333famo
|raw|Y333famo's rating: 1201 &rarr; <strong>1228</strong><br />(+27 for winning)
|raw|ftvcffg's rating: 1234 &rarr; <strong>1207</strong><br />(-27 for losing)
|l|☆ftvcffg
|player|p2|
