|j|☆ChillLanturnYT
|j|☆RabidTester01
|t:|1743808970
|gametype|singles
|player|p1|ChillLanturnYT|palmer|1188
|player|p2|RabidTester01|schoolkid-gen4dp|1207
|teamsize|p1|6
|teamsize|p2|6
|gen|9
|tier|[Gen 9] OU
|rated|
|rule|HP Percentage Mod: HP is shown in percentages
|rule|Endless Battle Clause: Forcing endless battles is banned
|rule|Species Clause: Limit one of each Pokémon
|rule|OHKO Clause: OHKO moves are banned
|rule|Evasion Items Clause: Evasion items are banned
|rule|Evasion Moves Clause: Evasion moves are banned
|rule|Sleep Moves Clause: Sleep-inducing moves are banned
|clearpoke
|poke|p1|Hydreigon, M|
|poke|p1|Exeggutor, M|
|poke|p1|Dragonite, M|
|poke|p1|Forretress, M|
|poke|p1|Trevenant, F|
|poke|p1|Muk-Alola, F|
|poke|p2|Torkoal, M|
|poke|p2|Walking Wake|
|poke|p2|Great Tusk|
|poke|p2|Bellossom, F|
|poke|p2|Galvantula, F|
|poke|p2|Dragapult, F|
|teampreview
|inactive|Battle timer is ON: inactive players will automatically lose when time's up. (requested by ChillLanturnYT)
|inactive|RabidTester01 also wants the timer to be on.
|
|t:|1743808988
|start
|switch|p1a: Muk|Muk-Alola, F|100/100
|switch|p2a: Torkoal|Torkoal, M|100/100
|-weather|SunnyDay|[from] ability: Drought|[of] p2a: Torkoal
|turn|1
|
|t:|1743809002
|move|p1a: Muk|Knock Off|p2a: Torkoal
|-damage|p2a: Torkoal|66/100
|-enditem|p2a: Torkoal|Heat Rock|[from] move: Knock Off|[of] p1a: Muk
|move|p2a: Torkoal|Eruption|p1a: Muk
|-damage|p1a: Muk|53/100
|
|-weather|SunnyDay|[upkeep]
|upkeep
|turn|2
|
|t:|1743809023
|move|p1a: Muk|Gunk Shot|p2a: Torkoal
|-damage|p2a: Torkoal|20/100
|move|p2a: Torkoal|Stealth Rock|p1a: Muk
|-sidestart|p1: ChillLanturnYT|move: Stealth Rock
|
|-weather|SunnyDay|[upkeep]
|upkeep
|turn|3
|
|t:|1743809039
|switch|p2a: Great Tusk|Great Tusk|100/100
|-activate|p2a: Great Tusk|ability: Protosynthesis
|-start|p2a: Great Tusk|protosynthesisatk
|move|p1a: Muk|Knock Off|p2a: Great Tusk
|-resisted|p2a: Great Tusk
|-damage|p2a: Great Tusk|84/100
|-enditem|p2a: Great Tusk|Heavy-Duty Boots|[from] move: Knock Off|[of] p1a: Muk
|
|-weather|SunnyDay|[upkeep]
|upkeep
|turn|4
|inactive|RabidTester01 has 120 seconds left.
|
|t:|1743809069
|switch|p1a: Forretress|Forretress, M|100/100
|-damage|p1a: Forretress|88/100|[from] Stealth Rock
|move|p2a: Great Tusk|Headlong Rush|p1a: Forretress
|-damage|p1a: Forretress|41/100
|-unboost|p2a: Great Tusk|def|1
|-unboost|p2a: Great Tusk|spd|1
|-enditem|p1a: Forretress|Sitrus Berry|[eat]
|-heal|p1a: Forretress|65/100|[from] item: Sitrus Berry
|
|-weather|SunnyDay|[upkeep]
|upkeep
|turn|5
|inactive|RabidTester01 has 120 seconds left.
|
|t:|1743809083
|-end|p2a: Great Tusk|Protosynthesis|[silent]
|switch|p2a: Dragapult|Dragapult, F|100/100
|move|p1a: Forretress|Toxic Spikes|p2a: Dragapult
|-sidestart|p2: RabidTester01|move: Toxic Spikes
|
|-weather|SunnyDay|[upkeep]
|upkeep
|turn|6
|inactive|RabidTester01 has 120 seconds left.
|
|t:|1743809091
|move|p2a: Dragapult|Dragon Dance|p2a: Dragapult
|-boost|p2a: Dragapult|atk|1
|-boost|p2a: Dragapult|spe|1
|move|p1a: Forretress|Gyro Ball|p2a: Dragapult
|-damage|p2a: Dragapult|36/100
|
|-weather|SunnyDay|[upkeep]
|upkeep
|turn|7
|inactive|RabidTester01 has 120 seconds left.
|
|t:|1743809105
|switch|p2a: Great Tusk|Great Tusk|84/100
|-status|p2a: Great Tusk|psn
|-activate|p2a: Great Tusk|ability: Protosynthesis
|-start|p2a: Great Tusk|protosynthesisatk
|move|p1a: Forretress|Gyro Ball|p2a: Great Tusk
|-damage|p2a: Great Tusk|61/100 psn
|
|-weather|SunnyDay|[upkeep]
|-damage|p2a: Great Tusk|49/100 psn|[from] psn
|upkeep
|turn|8
|inactive|RabidTester01 has 120 seconds left.
|
|t:|1743809116
|switch|p1a: Trevenant|Trevenant, F|100/100
|-damage|p1a: Trevenant|88/100|[from] Stealth Rock
|move|p2a: Great Tusk|Rapid Spin|p1a: Trevenant
|-immune|p1a: Trevenant
|
|-weather|none
|-end|p2a: Great Tusk|Protosynthesis
|-damage|p2a: Great Tusk|37/100 psn|[from] psn
|upkeep
|turn|9
|
|t:|1743809126
|move|p2a: Great Tusk|Knock Off|p1a: Trevenant
|-supereffective|p1a: Trevenant
|-damage|p1a: Trevenant|40/100
|-enditem|p1a: Trevenant|Sitrus Berry|[from] move: Knock Off|[of] p2a: Great Tusk
|move|p1a: Trevenant|Hex|p2a: Great Tusk
|-damage|p2a: Great Tusk|0 fnt
|faint|p2a: Great Tusk
|-end|p2a: Great Tusk|Protosynthesis|[silent]
|
|upkeep
|inactive|RabidTester01 has 120 seconds left.
|
|t:|1743809136
|switch|p2a: Galvantula|Galvantula, F, shiny|100/100
|-status|p2a: Galvantula|psn
|turn|10
|
|t:|1743809143
|move|p2a: Galvantula|Sticky Web|p1a: Trevenant
|-sidestart|p1: ChillLanturnYT|move: Sticky Web
|move|p1a: Trevenant|Calm Mind|p1a: Trevenant
|-boost|p1a: Trevenant|spa|1
|-boost|p1a: Trevenant|spd|1
|
|-damage|p2a: Galvantula|88/100 psn|[from] psn
|upkeep
|turn|11
|
|t:|1743809150
|move|p2a: Galvantula|Thunder Wave|p1a: Trevenant
|-status|p1a: Trevenant|par
|move|p1a: Trevenant|Giga Drain|p2a: Galvantula
|-resisted|p2a: Galvantula
|-damage|p2a: Galvantula|65/100 psn
|-heal|p1a: Trevenant|48/100 par|[from] drain|[of] p2a: Galvantula
|
|-damage|p2a: Galvantula|52/100 psn|[from] psn
|upkeep
|turn|12
|
|t:|1743809163
|move|p2a: Galvantula|Energy Ball|p1a: Trevenant
|-resisted|p1a: Trevenant
|-damage|p1a: Trevenant|38/100 par
|move|p1a: Trevenant|Hex|p2a: Galvantula
|-damage|p2a: Galvantula|0 fnt
|faint|p2a: Galvantula
|
|upkeep
|
|t:|1743809172
|switch|p2a: Torkoal|Torkoal, M|20/100
|-status|p2a: Torkoal|psn
|-weather|SunnyDay|[from] ability: Drought|[of] p2a: Torkoal
|turn|13
|inactive|ChillLanturnYT has 120 seconds left.
|
|t:|1743809203
|move|p2a: Torkoal|Eruption|p1a: Trevenant
|-supereffective|p1a: Trevenant
|-damage|p1a: Trevenant|11/100 par
|cant|p1a: Trevenant|par
|
|-weather|SunnyDay|[upkeep]
|-damage|p2a: Torkoal|8/100 psn|[from] psn
|upkeep
|turn|14
|
|t:|1743809212
|move|p2a: Torkoal|Eruption|p1a: Trevenant
|-supereffective|p1a: Trevenant
|-damage|p1a: Trevenant|0 fnt
|faint|p1a: Trevenant
|
|-weather|SunnyDay|[upkeep]
|-damage|p2a: Torkoal|0 fnt|[from] psn
|faint|p2a: Torkoal
|upkeep
|
|t:|1743809223
|switch|p1a: Forretress|Forretress, M|65/100
|switch|p2a: Walking Wake|Walking Wake|100/100
|-status|p2a: Walking Wake|psn
|-damage|p1a: Forretress|53/100|[from] Stealth Rock
|-activate|p1a: Forretress|move: Sticky Web
|-unboost|p1a: Forretress|spe|1
|-activate|p2a: Walking Wake|ability: Protosynthesis
|-start|p2a: Walking Wake|protosynthesisspe
|turn|15
|
|t:|1743809235
|move|p2a: Walking Wake|Flamethrower|p1a: Forretress
|-supereffective|p1a: Forretress
|-damage|p1a: Forretress|0 fnt
|faint|p1a: Forretress
|
|-weather|SunnyDay|[upkeep]
|-damage|p2a: Walking Wake|88/100 psn|[from] psn
|upkeep
|
|t:|1743809245
|switch|p1a: Hydreigon|Hydreigon, M|100/100
|-damage|p1a: Hydreigon|88/100|[from] Stealth Rock
|turn|16
|
|t:|1743809256
|move|p2a: Walking Wake|Draco Meteor|p1a: Hydreigon
|-supereffective|p1a: Hydreigon
|-damage|p1a: Hydreigon|0 fnt
|-unboost|p2a: Walking Wake|spa|2
|-enditem|p2a: Walking Wake|Eject Pack
|faint|p1a: Hydreigon
|
|t:|1743809265
|-end|p2a: Walking Wake|Protosynthesis|[silent]
|switch|p2a: Bellossom|Bellossom, F, shiny|100/100
|-status|p2a: Bellossom|psn
|
|-weather|SunnyDay|[upkeep]
|-damage|p2a: Bellossom|88/100 psn|[from] psn
|upkeep
|
|t:|1743809268
|switch|p1a: Exeggutor|Exeggutor, M|100/100
|-damage|p1a: Exeggutor|88/100|[from] Stealth Rock
|-activate|p1a: Exeggutor|move: Sticky Web
|-unboost|p1a: Exeggutor|spe|1
|turn|17
|
|t:|1743809281
|move|p1a: Exeggutor|Protect|p1a: Exeggutor
|-singleturn|p1a: Exeggutor|Protect
|move|p2a: Bellossom|Quiver Dance|p2a: Bellossom
|-boost|p2a: Bellossom|spa|1
|-boost|p2a: Bellossom|spd|1
|-boost|p2a: Bellossom|spe|1
|
|-weather|none
|-damage|p2a: Bellossom|76/100 psn|[from] psn
|upkeep
|turn|18
|
|t:|1743809293
|move|p2a: Bellossom|Quiver Dance|p2a: Bellossom
|-boost|p2a: Bellossom|spa|1
|-boost|p2a: Bellossom|spd|1
|-boost|p2a: Bellossom|spe|1
|move|p1a: Exeggutor|Calm Mind|p1a: Exeggutor
|-boost|p1a: Exeggutor|spa|1
|-boost|p1a: Exeggutor|spd|1
|
|-damage|p2a: Bellossom|63/100 psn|[from] psn
|upkeep
|turn|19
|
|t:|1743809303
|move|p2a: Bellossom|Moonblast|p1a: Exeggutor
|-damage|p1a: Exeggutor|57/100
|-unboost|p1a: Exeggutor|spa|1
|move|p1a: Exeggutor|Calm Mind|p1a: Exeggutor
|-boost|p1a: Exeggutor|spa|1
|-boost|p1a: Exeggutor|spd|1
|
|-damage|p2a: Bellossom|51/100 psn|[from] psn
|upkeep
|turn|20
|
|t:|1743809314
|switch|p2a: Dragapult|Dragapult, F|36/100
|move|p1a: Exeggutor|Calm Mind|p1a: Exeggutor
|-boost|p1a: Exeggutor|spa|1
|-boost|p1a: Exeggutor|spd|1
|
|upkeep
|turn|21
|
|t:|1743809326
|-terastallize|p1a: Exeggutor|Fighting
|move|p2a: Dragapult|Dragon Darts|p1a: Exeggutor
|-damage|p1a: Exeggutor|29/100
|-anim|p2a: Dragapult|Dragon Darts|p1a: Exeggutor
|-damage|p1a: Exeggutor|2/100
|move|p1a: Exeggutor|Psychic|p2a: Dragapult
|-damage|p2a: Dragapult|0 fnt
|faint|p2a: Dragapult
|
|upkeep
|
|t:|1743809335
|switch|p2a: Walking Wake|Walking Wake|88/100 psn
|turn|22
|-enditem|p1a: Exeggutor|Custap Berry|[eat]
|-activate|p1a: Exeggutor|item: Custap Berry|[consumed]
|
|t:|1743809346
|move|p1a: Exeggutor|Psychic|p2a: Walking Wake
|-crit|p2a: Walking Wake
|-damage|p2a: Walking Wake|0 fnt
|faint|p2a: Walking Wake
|-end|p2a: Walking Wake|Protosynthesis|[silent]
|
|upkeep
|
|t:|1743809353
|switch|p2a: Bellossom|Bellossom, F, shiny|51/100 psn
|turn|23
|
|t:|1743809361
|move|p1a: Exeggutor|Protect|p1a: Exeggutor
|-singleturn|p1a: Exeggutor|Protect
|move|p2a: Bellossom|Moonblast|p1a: Exeggutor
|-activate|p1a: Exeggutor|move: Protect
|
|-damage|p2a: Bellossom|38/100 psn|[from] psn
|-item|p1a: Exeggutor|Custap Berry|[from] ability: Harvest
|upkeep
|turn|24
|-enditem|p1a: Exeggutor|Custap Berry|[eat]
|-activate|p1a: Exeggutor|item: Custap Berry|[consumed]
|
|t:|1743809372
|move|p1a: Exeggutor|Psychic|p2a: Bellossom
|-damage|p2a: Bellossom|0 fnt
|faint|p2a: Bellossom
|
|win|ChillLanturnYT
|raw|ChillLanturnYT's rating: 1188 &rarr; <strong>1214</strong><br />(+26 for winning)
|raw|RabidTester01's rating: 1207 &rarr; <strong>1181</strong><br />(-26 for losing)
