|j|☆2aqp
|j|☆lulusparco
|t:|1743787110
|gametype|singles
|player|p1|2aqp|cynthia-gen4|1157
|player|p2|lulusparco|benga|1193
|teamsize|p1|6
|teamsize|p2|6
|gen|9
|tier|[Gen 9] OU
|rated|
|rule|HP Percentage Mod: HP is shown in percentages
|rule|Endless Battle Clause: Forcing endless battles is banned
|rule|Species Clause: Limit one of each Pokémon
|rule|OHKO Clause: OHKO moves are banned
|rule|Evasion Items Clause: Evasion items are banned
|rule|Evasion Moves Clause: Evasion moves are banned
|rule|Sleep Moves Clause: Sleep-inducing moves are banned
|clearpoke
|poke|p1|Kyurem|
|poke|p1|Zamazenta-*|
|poke|p1|Heatran, M|
|poke|p1|Pecharunt|
|poke|p1|Zarude-Dada|
|poke|p1|Deoxys-Speed|
|poke|p2|Garchomp, F|
|poke|p2|Glimmora, M|
|poke|p2|Great Tusk|
|poke|p2|Kingambit, M|
|poke|p2|Zapdos|
|poke|p2|Dragapult, M|
|teampreview
|inactive|Battle timer is ON: inactive players will automatically lose when time's up. (requested by lulusparco)
|
|t:|1743787121
|start
|switch|p1a: Deoxys|Deoxys-Speed|100/100
|switch|p2a: Dragapult|Dragapult, M|100/100
|-ability|p1a: Deoxys|Pressure
|turn|1
|
|t:|1743787132
|move|p1a: Deoxys|Knock Off|p2a: Dragapult
|-supereffective|p2a: Dragapult
|-damage|p2a: Dragapult|28/100
|-enditem|p2a: Dragapult|Life Orb|[from] move: Knock Off|[of] p1a: Deoxys
|move|p2a: Dragapult|Phantom Force||[still]
|-prepare|p2a: Dragapult|Phantom Force
|
|upkeep
|turn|2
|
|t:|1743787148
|switch|p1a: Zarude|Zarude-Dada|100/100
|move|p2a: Dragapult|Phantom Force|p1a: Zarude|[from] lockedmove
|-resisted|p1a: Zarude
|-damage|p1a: Zarude|77/100
|
|upkeep
|turn|3
|
|t:|1743787173
|move|p1a: Zarude|U-turn|p2a: Dragapult
|-resisted|p2a: Dragapult
|-damage|p2a: Dragapult|10/100
|
|t:|1743787189
|switch|p1a: Kyurem|Kyurem|100/100|[from] U-turn
|-ability|p1a: Kyurem|Pressure
|move|p2a: Dragapult|Dragon Darts|p1a: Kyurem
|-supereffective|p1a: Kyurem
|-damage|p1a: Kyurem|57/100
|-anim|p2a: Dragapult|Dragon Darts|p1a: Kyurem
|-supereffective|p1a: Kyurem
|-damage|p1a: Kyurem|16/100
|
|-heal|p1a: Kyurem|22/100|[from] item: Leftovers
|upkeep
|turn|4
|inactive|2aqp has 120 seconds left.
|
|t:|1743787211
|switch|p1a: Pecharunt|Pecharunt|100/100
|move|p2a: Dragapult|Dragon Darts|p1a: Pecharunt
|-crit|p1a: Pecharunt
|-damage|p1a: Pecharunt|82/100
|-anim|p2a: Dragapult|Dragon Darts|p1a: Pecharunt
|-damage|p1a: Pecharunt|69/100
|
|-heal|p1a: Pecharunt|75/100|[from] item: Leftovers
|upkeep
|turn|5
|inactive|2aqp has 120 seconds left.
|
|t:|1743787221
|move|p2a: Dragapult|Phantom Force||[still]
|-prepare|p2a: Dragapult|Phantom Force
|move|p1a: Pecharunt|Malignant Chain|p2a: Dragapult|[miss]
|-miss|p1a: Pecharunt|p2a: Dragapult
|
|-heal|p1a: Pecharunt|81/100|[from] item: Leftovers
|upkeep
|turn|6
|
|t:|1743787246
|move|p1a: Pecharunt|Protect|p1a: Pecharunt
|-singleturn|p1a: Pecharunt|Protect
|move|p2a: Dragapult|Phantom Force|p1a: Pecharunt|[from] lockedmove
|-activate|p1a: Pecharunt|move: Phantom Force|[broken]
|-supereffective|p1a: Pecharunt
|-damage|p1a: Pecharunt|37/100
|
|-heal|p1a: Pecharunt|43/100|[from] item: Leftovers
|upkeep
|turn|7
|
|t:|1743787257
|move|p2a: Dragapult|Dragon Darts|p1a: Pecharunt
|-damage|p1a: Pecharunt|31/100
|-anim|p2a: Dragapult|Dragon Darts|p1a: Pecharunt
|-damage|p1a: Pecharunt|17/100
|move|p1a: Pecharunt|Malignant Chain|p2a: Dragapult
|-resisted|p2a: Dragapult
|-damage|p2a: Dragapult|0 fnt
|faint|p2a: Dragapult
|
|-heal|p1a: Pecharunt|23/100|[from] item: Leftovers
|upkeep
|
|t:|1743787271
|switch|p2a: Garchomp|Garchomp, F|100/100
|turn|8
|inactive|2aqp has 120 seconds left.
|
|t:|1743787303
|switch|p1a: Zarude|Zarude-Dada|77/100
|move|p2a: Garchomp|Earthquake|p1a: Zarude
|-resisted|p1a: Zarude
|-damage|p1a: Zarude|53/100
|
|upkeep
|turn|9
|inactive|lulusparco has 120 seconds left.
|
|t:|1743787349
|move|p1a: Zarude|Petal Blizzard|p2a: Garchomp
|-damage|p2a: Garchomp|50/100
|move|p2a: Garchomp|Dragon Claw|p1a: Zarude
|-damage|p1a: Zarude|14/100
|
|upkeep
|turn|10
|
|t:|1743787364
|move|p1a: Zarude|Petal Blizzard|p2a: Garchomp
|-damage|p2a: Garchomp|1/100
|move|p2a: Garchomp|Dragon Claw|p1a: Zarude
|-damage|p1a: Zarude|0 fnt
|faint|p1a: Zarude
|
|upkeep
|
|t:|1743787378
|switch|p1a: Deoxys|Deoxys-Speed|100/100
|-ability|p1a: Deoxys|Pressure
|turn|11
|inactive|lulusparco has 120 seconds left.
|
|t:|1743787404
|move|p1a: Deoxys|Knock Off|p2a: Garchomp
|-damage|p2a: Garchomp|0 fnt
|-damage|p1a: Deoxys|88/100|[from] ability: Rough Skin|[of] p2a: Garchomp
|-damage|p1a: Deoxys|72/100|[from] item: Rocky Helmet|[of] p2a: Garchomp
|-enditem|p2a: Garchomp|Rocky Helmet|[from] move: Knock Off|[of] p1a: Deoxys
|faint|p2a: Garchomp
|
|upkeep
|
|t:|1743787408
|switch|p2a: Kingambit|Kingambit, M|100/100
|-activate|p2a: Kingambit|ability: Supreme Overlord
|-start|p2a: Kingambit|fallen2|[silent]
|turn|12
|
|t:|1743787415
|-end|p2a: Kingambit|fallen2|[silent]
|switch|p2a: Glimmora|Glimmora, M|100/100
|move|p1a: Deoxys|Thunder Wave|p2a: Glimmora
|-status|p2a: Glimmora|par
|
|upkeep
|turn|13
|inactive|2aqp has 120 seconds left.
|
|t:|1743787428
|move|p1a: Deoxys|Knock Off|p2a: Glimmora
|-damage|p2a: Glimmora|71/100 par
|-activate|p2a: Glimmora|ability: Toxic Debris
|-sidestart|p1: 2aqp|move: Toxic Spikes
|-enditem|p2a: Glimmora|Focus Sash|[from] move: Knock Off|[of] p1a: Deoxys
|move|p2a: Glimmora|Stealth Rock|p1a: Deoxys
|-sidestart|p1: 2aqp|move: Stealth Rock
|
|upkeep
|turn|14
|inactive|2aqp has 120 seconds left.
|
|t:|1743787436
|move|p1a: Deoxys|Superpower|p2a: Glimmora
|-damage|p2a: Glimmora|33/100 par
|-unboost|p1a: Deoxys|atk|1
|-unboost|p1a: Deoxys|def|1
|-activate|p2a: Glimmora|ability: Toxic Debris
|-sidestart|p1: 2aqp|move: Toxic Spikes
|move|p2a: Glimmora|Power Gem|p1a: Deoxys
|-damage|p1a: Deoxys|20/100
|
|upkeep
|turn|15
|
|t:|1743787445
|move|p1a: Deoxys|Superpower|p2a: Glimmora
|-damage|p2a: Glimmora|5/100 par
|-unboost|p1a: Deoxys|atk|1
|-unboost|p1a: Deoxys|def|1
|move|p2a: Glimmora|Power Gem|p1a: Deoxys
|-crit|p1a: Deoxys
|-damage|p1a: Deoxys|0 fnt
|faint|p1a: Deoxys
|
|upkeep
|
|t:|1743787454
|switch|p1a: Pecharunt|Pecharunt|23/100
|-sideend|p1: 2aqp|move: Toxic Spikes|[of] p1a: Pecharunt
|-damage|p1a: Pecharunt|11/100|[from] Stealth Rock
|turn|16
|
|t:|1743787463
|switch|p1a: Zamazenta|Zamazenta|100/100
|-damage|p1a: Zamazenta|94/100|[from] Stealth Rock
|-ability|p1a: Zamazenta|Dauntless Shield|boost
|-boost|p1a: Zamazenta|def|1
|cant|p2a: Glimmora|par
|
|-heal|p1a: Zamazenta|100/100|[from] item: Leftovers
|upkeep
|turn|17
|
|t:|1743787492
|move|p1a: Zamazenta|Body Press|p2a: Glimmora
|-damage|p2a: Glimmora|0 fnt
|-activate|p2a: Glimmora|ability: Toxic Debris
|-sidestart|p1: 2aqp|move: Toxic Spikes
|faint|p2a: Glimmora
|
|upkeep
|
|t:|1743787495
|switch|p2a: Zapdos|Zapdos|100/100
|turn|18
|
|t:|1743787503
|move|p2a: Zapdos|Hurricane|p1a: Zamazenta
|-supereffective|p1a: Zamazenta
|-damage|p1a: Zamazenta|0 fnt
|faint|p1a: Zamazenta
|
|upkeep
|
|t:|1743787508
|switch|p1a: Pecharunt|Pecharunt|11/100
|-damage|p1a: Pecharunt|0 fnt|[from] Stealth Rock
|faint|p1a: Pecharunt
|
|t:|1743787513
|switch|p1a: Heatran|Heatran, M|100/100
|-damage|p1a: Heatran|88/100|[from] Stealth Rock
|-item|p1a: Heatran|Air Balloon
|turn|19
|
|t:|1743787522
|switch|p2a: Great Tusk|Great Tusk, shiny|100/100
|move|p1a: Heatran|Heat Crash|p2a: Great Tusk
|-damage|p2a: Great Tusk|87/100
|-damage|p1a: Heatran|71/100|[from] item: Rocky Helmet|[of] p2a: Great Tusk
|
|upkeep
|turn|20
|-message|2aqp forfeited.
|
|win|lulusparco
|raw|2aqp's rating: 1157 &rarr; <strong>1135</strong><br />(-22 for losing)
|raw|lulusparco's rating: 1193 &rarr; <strong>1215</strong><br />(+22 for winning)
|l|☆2aqp
|player|p1|
|l|☆lulusparco
|player|p2|
