|j|☆Mindnight
|j|☆Nephtyrix
|inactive|Battle timer is ON: inactive players will automatically lose when time's up.
|t:|1743855882
|gametype|singles
|player|p1|Mindnight|steven-masters2|
|player|p2|Nephtyrix|chase|
|teamsize|p1|6
|teamsize|p2|6
|gen|9
|tier|[Gen 9] OU
|rated|Tournament battle
|rule|HP Percentage Mod: HP is shown in percentages
|rule|Endless Battle Clause: Forcing endless battles is banned
|rule|Species Clause: Limit one of each Pokémon
|rule|OHKO Clause: OHKO moves are banned
|rule|Evasion Items Clause: Evasion items are banned
|rule|Evasion Moves Clause: Evasion moves are banned
|rule|Sleep Moves Clause: Sleep-inducing moves are banned
|clearpoke
|poke|p1|Hydrapple, M|
|poke|p1|Slowking-Galar, M|
|poke|p1|Moltres|
|poke|p1|Gliscor, M|
|poke|p1|Zamazenta-*|
|poke|p1|Tinkaton, F|
|poke|p2|Zapdos|
|poke|p2|Iron Crown|
|poke|p2|Garganacl, M|
|poke|p2|Great Tusk|
|poke|p2|Samurott-Hisui, F|
|poke|p2|Dragapult, F|
|teampreview
|inactive|Mindnight also wants the timer to be on.
|c|☆Nephtyrix|gl hf
|j| Arakd’eau
|j| blueflea.n
|c| blueflea.n|Gl
|c| blueflea.n|Deso pour tout a l’heure
|j|+Giga㋛Chandelure-☂
|raw|<div class="broadcast-red"><strong>Moderated chat was set to +!</strong><br />Only users of rank + and higher can talk.</div>
|inactive|Nephtyrix has 120 seconds left.
|c|+Giga㋛Chandelure-☂|flex
|n|+Arakd’eau|arakdeau
|n|+Arakd’eau|arakdeau
|c|☆Mindnight|/log Arakd’eau was promoted to Room Voice by Mindnight.
|n|+Arakd’eau|arakdeau
|c|☆Mindnight|Suceur de merde
|c|+Arakd’eau|siuuuuuu
|
|t:|1743855930
|start
|switch|p1a: Hydrapple|Hydrapple, M|100/100
|switch|p2a: Samurott|Samurott-Hisui, F|100/100
|turn|1
|inactive|Nephtyrix has 120 seconds left.
|
|t:|1743855979
|move|p2a: Samurott|Flip Turn|p1a: Hydrapple
|-resisted|p1a: Hydrapple
|-damage|p1a: Hydrapple|96/100
|
|t:|1743855993
|switch|p2a: Iron Crown|Iron Crown|100/100|[from] Flip Turn
|move|p1a: Hydrapple|Fickle Beam|p2a: Iron Crown
|-resisted|p2a: Iron Crown
|-damage|p2a: Iron Crown|78/100
|
|upkeep
|turn|2
|
|t:|1743856000
|switch|p1a: Slowking|Slowking-Galar, M|100/100
|move|p2a: Iron Crown|Psychic Noise|p1a: Slowking
|-damage|p1a: Slowking|65/100
|-start|p1a: Slowking|move: Heal Block
|
|upkeep
|turn|3
|
|t:|1743856017
|-end|p2a: Iron Crown|Quark Drive|[silent]
|switch|p2a: Dragapult|Dragapult, F|100/100
|-prepare|p1a: Slowking|Chilly Reception|[premajor]
|move|p1a: Slowking|Chilly Reception|p1a: Slowking
|-weather|Snowscape
|
|t:|1743856025
|switch|p1a: Gliscor|Gliscor, M|100/100|[from] Chilly Reception
|
|-weather|Snowscape|[upkeep]
|-status|p1a: Gliscor|tox|[from] item: Toxic Orb
|upkeep
|turn|4
|inactive|Nephtyrix has 90 seconds left.
|
|t:|1743856052
|move|p2a: Dragapult|U-turn|p1a: Gliscor
|-resisted|p1a: Gliscor
|-damage|p1a: Gliscor|92/100 tox
|inactive|Nephtyrix has 90 seconds left.
|
|t:|1743856061
|switch|p2a: Great Tusk|Great Tusk|100/100|[from] U-turn
|move|p1a: Gliscor|Knock Off|p2a: Great Tusk
|-resisted|p2a: Great Tusk
|-damage|p2a: Great Tusk|93/100
|-damage|p1a: Gliscor|76/100 tox|[from] item: Rocky Helmet|[of] p2a: Great Tusk
|-enditem|p2a: Great Tusk|Rocky Helmet|[from] move: Knock Off|[of] p1a: Gliscor
|
|-weather|Snowscape|[upkeep]
|-heal|p1a: Gliscor|88/100 tox|[from] ability: Poison Heal
|upkeep
|turn|5
|
|t:|1743856075
|switch|p1a: Tinkaton|Tinkaton, F|100/100
|-item|p1a: Tinkaton|Air Balloon
|move|p2a: Great Tusk|Stealth Rock|p1a: Tinkaton
|-sidestart|p1: Mindnight|move: Stealth Rock
|
|-weather|Snowscape|[upkeep]
|upkeep
|turn|6
|
|t:|1743856088
|-end|p2a: Great Tusk|Protosynthesis|[silent]
|switch|p2a: Club Paratwice|Zapdos|100/100
|move|p1a: Tinkaton|Encore||[still]
|-fail|p1a: Tinkaton
|
|-weather|Snowscape|[upkeep]
|upkeep
|turn|7
|
|t:|1743856095
|move|p1a: Tinkaton|Stealth Rock|p2a: Club Paratwice
|-sidestart|p2: Nephtyrix|move: Stealth Rock
|move|p2a: Club Paratwice|Volt Switch|p1a: Tinkaton
|-damage|p1a: Tinkaton|75/100
|-enditem|p1a: Tinkaton|Air Balloon
|
|t:|1743856099
|switch|p2a: Great Tusk|Great Tusk|93/100|[from] Volt Switch
|-damage|p2a: Great Tusk|90/100|[from] Stealth Rock
|
|-weather|none
|upkeep
|turn|8
|
|t:|1743856107
|switch|p1a: Moltres|Moltres|100/100
|move|p2a: Great Tusk|Headlong Rush|p1a: Moltres
|-immune|p1a: Moltres
|
|upkeep
|turn|9
|
|t:|1743856118
|-end|p2a: Great Tusk|Protosynthesis|[silent]
|switch|p2a: Club Paratwice|Zapdos|100/100
|move|p1a: Moltres|Flamethrower|p2a: Club Paratwice
|-crit|p2a: Club Paratwice
|-damage|p2a: Club Paratwice|44/100
|
|upkeep
|turn|10
|
|t:|1743856125
|move|p2a: Club Paratwice|Roost|p2a: Club Paratwice
|-heal|p2a: Club Paratwice|94/100
|-singleturn|p2a: Club Paratwice|move: Roost
|move|p1a: Moltres|Flamethrower|p2a: Club Paratwice
|-damage|p2a: Club Paratwice|54/100
|
|upkeep
|turn|11
|
|t:|1743856139
|move|p2a: Club Paratwice|Thunder Wave|p1a: Moltres
|-status|p1a: Moltres|par
|move|p1a: Moltres|Flamethrower|p2a: Club Paratwice
|-damage|p2a: Club Paratwice|19/100
|
|upkeep
|turn|12
|
|t:|1743856145
|switch|p1a: Gliscor|Gliscor, M|88/100 tox
|-damage|p1a: Gliscor|76/100 tox|[from] Stealth Rock
|move|p2a: Club Paratwice|Roost|p2a: Club Paratwice
|-heal|p2a: Club Paratwice|69/100
|-singleturn|p2a: Club Paratwice|move: Roost
|
|-heal|p1a: Gliscor|88/100 tox|[from] ability: Poison Heal
|upkeep
|turn|13
|
|t:|1743856162
|switch|p2a: Great Tusk|Great Tusk|90/100
|-damage|p2a: Great Tusk|87/100|[from] Stealth Rock
|move|p1a: Gliscor|Swords Dance|p1a: Gliscor
|-boost|p1a: Gliscor|atk|2
|
|-heal|p1a: Gliscor|100/100 tox|[from] ability: Poison Heal
|upkeep
|turn|14
|
|t:|1743856183
|move|p1a: Gliscor|Facade|p2a: Great Tusk
|-crit|p2a: Great Tusk
|-damage|p2a: Great Tusk|21/100
|move|p2a: Great Tusk|Rapid Spin|p1a: Gliscor
|-damage|p1a: Gliscor|87/100 tox
|-boost|p2a: Great Tusk|spe|1
|-sideend|p2: Nephtyrix|Stealth Rock|[from] move: Rapid Spin|[of] p2a: Great Tusk
|
|-heal|p1a: Gliscor|99/100 tox|[from] ability: Poison Heal
|upkeep
|turn|15
|
|t:|1743856189
|move|p1a: Gliscor|Protect|p1a: Gliscor
|-singleturn|p1a: Gliscor|Protect
|move|p2a: Great Tusk|Ice Spinner|p1a: Gliscor
|-activate|p1a: Gliscor|move: Protect
|
|-heal|p1a: Gliscor|100/100 tox|[from] ability: Poison Heal
|upkeep
|turn|16
|
|t:|1743856198
|switch|p1a: Moltres|Moltres|100/100 par
|move|p2a: Great Tusk|Ice Spinner|p1a: Moltres
|-damage|p1a: Moltres|80/100 par
|-status|p2a: Great Tusk|brn|[from] ability: Flame Body|[of] p1a: Moltres
|
|-damage|p2a: Great Tusk|15/100 brn|[from] brn
|upkeep
|turn|17
|
|t:|1743856210
|-end|p2a: Great Tusk|Protosynthesis|[silent]
|switch|p2a: Garganacl|Garganacl, M|100/100
|switch|p1a: Tinkaton|Tinkaton, F|75/100
|-damage|p1a: Tinkaton|69/100|[from] Stealth Rock
|
|upkeep
|turn|18
|
|t:|1743856219
|move|p1a: Tinkaton|Stealth Rock|p2a: Garganacl
|-sidestart|p2: Nephtyrix|move: Stealth Rock
|move|p2a: Garganacl|Salt Cure|p1a: Tinkaton
|-resisted|p1a: Tinkaton
|-damage|p1a: Tinkaton|61/100
|-start|p1a: Tinkaton|Salt Cure
|
|-damage|p1a: Tinkaton|36/100|[from] Salt Cure
|upkeep
|turn|19
|
|t:|1743856229
|switch|p1a: Hydrapple|Hydrapple, M|100/100
|switch|p2a: Club Paratwice|Zapdos|69/100
|
|upkeep
|turn|20
|
|t:|1743856236
|move|p2a: Club Paratwice|Hurricane|p1a: Hydrapple
|-supereffective|p1a: Hydrapple
|-damage|p1a: Hydrapple|3/100
|move|p1a: Hydrapple|Fickle Beam|p2a: Club Paratwice
|-crit|p2a: Club Paratwice
|-damage|p2a: Club Paratwice|2/100
|
|upkeep
|turn|21
|
|t:|1743856245
|move|p2a: Club Paratwice|Roost|p2a: Club Paratwice
|-heal|p2a: Club Paratwice|52/100
|-singleturn|p2a: Club Paratwice|move: Roost
|move|p1a: Hydrapple|Earth Power|p2a: Club Paratwice
|-supereffective|p2a: Club Paratwice
|-damage|p2a: Club Paratwice|0 fnt
|faint|p2a: Club Paratwice
|
|upkeep
|
|t:|1743856249
|switch|p2a: Great Tusk|Great Tusk|15/100 brn
|-damage|p2a: Great Tusk|12/100 brn|[from] Stealth Rock
|turn|22
|
|t:|1743856254
|switch|p1a: Gliscor|Gliscor, M|100/100 tox
|-damage|p1a: Gliscor|88/100 tox|[from] Stealth Rock
|move|p2a: Great Tusk|Rapid Spin|p1a: Gliscor
|-damage|p1a: Gliscor|80/100 tox
|-boost|p2a: Great Tusk|spe|1
|-sideend|p2: Nephtyrix|Stealth Rock|[from] move: Rapid Spin|[of] p2a: Great Tusk
|
|-heal|p1a: Gliscor|93/100 tox|[from] ability: Poison Heal
|-damage|p2a: Great Tusk|6/100 brn|[from] brn
|upkeep
|turn|23
|
|t:|1743856259
|move|p2a: Great Tusk|Ice Spinner|p1a: Gliscor
|-supereffective|p1a: Gliscor
|-damage|p1a: Gliscor|47/100 tox
|move|p1a: Gliscor|Swords Dance|p1a: Gliscor
|-boost|p1a: Gliscor|atk|2
|
|-heal|p1a: Gliscor|59/100 tox|[from] ability: Poison Heal
|-damage|p2a: Great Tusk|0 fnt|[from] brn
|faint|p2a: Great Tusk
|-end|p2a: Great Tusk|Protosynthesis|[silent]
|upkeep
|
|t:|1743856274
|switch|p2a: Iron Crown|Iron Crown|78/100
|turn|24
|
|t:|1743856278
|move|p1a: Gliscor|Protect|p1a: Gliscor
|-singleturn|p1a: Gliscor|Protect
|move|p2a: Iron Crown|Tachyon Cutter|p1a: Gliscor
|-activate|p1a: Gliscor|move: Protect
|
|-heal|p1a: Gliscor|72/100 tox|[from] ability: Poison Heal
|upkeep
|turn|25
|
|t:|1743856298
|switch|p1a: Tinkaton|Tinkaton, F|36/100
|-damage|p1a: Tinkaton|29/100|[from] Stealth Rock
|-terastallize|p2a: Iron Crown|Steel
|move|p2a: Iron Crown|Tachyon Cutter|p1a: Tinkaton
|-damage|p1a: Tinkaton|0 fnt
|faint|p1a: Tinkaton
|-hitcount|p1: Tinkaton|1
|
|upkeep
|
|t:|1743856309
|switch|p1a: Zamazenta|Zamazenta|100/100
|-damage|p1a: Zamazenta|94/100|[from] Stealth Rock
|-ability|p1a: Zamazenta|Dauntless Shield|boost
|-boost|p1a: Zamazenta|def|1
|turn|26
|
|t:|1743856320
|-end|p2a: Iron Crown|Quark Drive|[silent]
|switch|p2a: Dragapult|Dragapult, F|100/100
|move|p1a: Zamazenta|Iron Defense|p1a: Zamazenta
|-boost|p1a: Zamazenta|def|2
|
|upkeep
|turn|27
|
|t:|1743856331
|move|p2a: Dragapult|Will-O-Wisp|p1a: Zamazenta
|-status|p1a: Zamazenta|brn
|move|p1a: Zamazenta|Crunch|p2a: Dragapult
|-supereffective|p2a: Dragapult
|-damage|p2a: Dragapult|67/100
|-unboost|p2a: Dragapult|def|1
|
|-damage|p1a: Zamazenta|88/100 brn|[from] brn
|upkeep
|turn|28
|
|t:|1743856337
|move|p2a: Dragapult|Hex|p1a: Zamazenta
|-damage|p1a: Zamazenta|46/100 brn
|move|p1a: Zamazenta|Crunch|p2a: Dragapult
|-supereffective|p2a: Dragapult
|-damage|p2a: Dragapult|16/100
|
|-damage|p1a: Zamazenta|40/100 brn|[from] brn
|upkeep
|turn|29
|
|t:|1743856350
|-terastallize|p1a: Zamazenta|Dark
|move|p2a: Dragapult|Hex|p1a: Zamazenta
|-resisted|p1a: Zamazenta
|-damage|p1a: Zamazenta|18/100 brn
|move|p1a: Zamazenta|Crunch|p2a: Dragapult
|-supereffective|p2a: Dragapult
|-damage|p2a: Dragapult|0 fnt
|faint|p2a: Dragapult
|
|-damage|p1a: Zamazenta|12/100 brn|[from] brn
|upkeep
|
|t:|1743856359
|switch|p2a: Samurott|Samurott-Hisui, F|100/100
|turn|30
|
|t:|1743856383
|switch|p2a: Garganacl|Garganacl, M|100/100
|move|p1a: Zamazenta|Rest|p1a: Zamazenta
|-status|p1a: Zamazenta|slp|[from] move: Rest
|-heal|p1a: Zamazenta|100/100 slp|[silent]
|-enditem|p1a: Zamazenta|Chesto Berry|[eat]
|-curestatus|p1a: Zamazenta|slp|[msg]
|
|upkeep
|turn|31
|
|t:|1743856392
|move|p1a: Zamazenta|Body Press|p2a: Garganacl
|-supereffective|p2a: Garganacl
|-damage|p2a: Garganacl|0 fnt
|faint|p2a: Garganacl
|
|upkeep
|
|t:|1743856395
|switch|p2a: Iron Crown|Iron Crown, tera:Steel|78/100
|turn|32
|
|t:|1743856398
|move|p1a: Zamazenta|Body Press|p2a: Iron Crown
|-supereffective|p2a: Iron Crown
|-crit|p2a: Iron Crown
|-damage|p2a: Iron Crown|0 fnt
|faint|p2a: Iron Crown
|-end|p2a: Iron Crown|Quark Drive|[silent]
|
|upkeep
|
|t:|1743856400
|switch|p2a: Samurott|Samurott-Hisui, F|100/100
|turn|33
|c|☆Nephtyrix|gg
|
|t:|1743856405
|move|p1a: Zamazenta|Body Press|p2a: Samurott
|-supereffective|p2a: Samurott
|-damage|p2a: Samurott|0 fnt
|faint|p2a: Samurott
|
|win|Mindnight
|n|☆Mindnight|mindnight
|n|☆Nephtyrix|nephtyrix
|n|+Arakd’eau|arakdeau
