|j|☆upsilonpsi
|j|☆big lou 123
|t:|1743874568
|gametype|singles
|player|p1|upsilonpsi|hoopster|1317
|player|p2|big lou 123|102|1339
|teamsize|p1|6
|teamsize|p2|6
|gen|9
|tier|[Gen 9] OU
|rated|
|rule|HP Percentage Mod: HP is shown in percentages
|rule|Endless Battle Clause: Forcing endless battles is banned
|rule|Species Clause: Limit one of each Pokémon
|rule|OHKO Clause: OHKO moves are banned
|rule|Evasion Items Clause: Evasion items are banned
|rule|Evasion Moves Clause: Evasion moves are banned
|rule|Sleep Moves Clause: Sleep-inducing moves are banned
|clearpoke
|poke|p1|Landorus-Therian, M|
|poke|p1|Iron Valiant|
|poke|p1|Great Tusk|
|poke|p1|Gholdengo|
|poke|p1|Scizor, M|
|poke|p1|Darkrai|
|poke|p2|Appletun, F|
|poke|p2|Dondozo, M|
|poke|p2|Latios, M|
|poke|p2|Samurott-Hisui, F|
|poke|p2|Lokix, M|
|poke|p2|Great Tusk|
|teampreview
|inactive|Battle timer is ON: inactive players will automatically lose when time's up. (requested by upsilonpsi)
|
|t:|1743874576
|start
|switch|p1a: Landorus|Landorus-Therian, M|100/100
|switch|p2a: Latios|Latios, M|100/100
|-ability|p1a: Landorus|Intimidate|boost
|-unboost|p2a: Latios|atk|1
|turn|1
|
|t:|1743874585
|switch|p1a: Scizor|Scizor, M|100/100
|move|p2a: Latios|Draco Meteor|p1a: Scizor
|-resisted|p1a: Scizor
|-damage|p1a: Scizor|62/100
|-unboost|p2a: Latios|spa|2
|
|-heal|p1a: Scizor|68/100|[from] item: Leftovers
|upkeep
|turn|2
|
|t:|1743874588
|switch|p2a: Great Tusk|Great Tusk|100/100
|move|p1a: Scizor|U-turn|p2a: Great Tusk
|-resisted|p2a: Great Tusk
|-damage|p2a: Great Tusk|87/100
|-damage|p1a: Scizor|52/100|[from] item: Rocky Helmet|[of] p2a: Great Tusk
|
|t:|1743874595
|switch|p1a: Darkrai|Darkrai|100/100|[from] U-turn
|
|upkeep
|turn|3
|inactive|big lou 123 has 120 seconds left.
|
|t:|1743874634
|-end|p2a: Great Tusk|Protosynthesis|[silent]
|switch|p2a: Samurott|Samurott-Hisui, F|100/100
|move|p1a: Darkrai|Ice Beam|p2a: Samurott
|-resisted|p2a: Samurott
|-damage|p2a: Samurott|66/100
|
|upkeep
|turn|4
|inactive|big lou 123 has 120 seconds left.
|
|t:|1743874642
|switch|p1a: Landorus|Landorus-Therian, M|100/100
|-ability|p1a: Landorus|Intimidate|boost
|-unboost|p2a: Samurott|atk|1
|move|p2a: Samurott|Ceaseless Edge|p1a: Landorus
|-damage|p1a: Landorus|70/100
|-damage|p2a: Samurott|50/100|[from] item: Rocky Helmet|[of] p1a: Landorus
|-sidestart|p1: upsilonpsi|Spikes
|
|upkeep
|turn|5
|
|t:|1743874648
|switch|p2a: Great Tusk|Great Tusk|87/100
|move|p1a: Landorus|Stealth Rock|p2a: Great Tusk
|-sidestart|p2: big lou 123|move: Stealth Rock
|
|upkeep
|turn|6
|
|t:|1743874659
|move|p1a: Landorus|U-turn|p2a: Great Tusk
|-resisted|p2a: Great Tusk
|-damage|p2a: Great Tusk|81/100
|-damage|p1a: Landorus|54/100|[from] item: Rocky Helmet|[of] p2a: Great Tusk
|
|t:|1743874661
|switch|p1a: Gholdengo|Gholdengo|100/100|[from] U-turn
|-damage|p1a: Gholdengo|88/100|[from] Spikes
|move|p2a: Great Tusk|Stealth Rock|p1a: Gholdengo
|-sidestart|p1: upsilonpsi|move: Stealth Rock
|
|upkeep
|turn|7
|
|t:|1743874671
|move|p1a: Gholdengo|Make It Rain|p2a: Great Tusk
|-damage|p2a: Great Tusk|0 fnt
|-unboost|p1a: Gholdengo|spa|1
|faint|p2a: Great Tusk
|-end|p2a: Great Tusk|Protosynthesis|[silent]
|
|upkeep
|
|t:|1743874673
|switch|p2a: Samurott|Samurott-Hisui, F|50/100
|-damage|p2a: Samurott|37/100|[from] Stealth Rock
|turn|8
|
|t:|1743874680
|switch|p1a: Great Tusk|Great Tusk|100/100
|-damage|p1a: Great Tusk|88/100|[from] Spikes
|-damage|p1a: Great Tusk|85/100|[from] Stealth Rock
|-enditem|p1a: Great Tusk|Booster Energy
|-activate|p1a: Great Tusk|ability: Protosynthesis|[fromitem]
|-start|p1a: Great Tusk|protosynthesisatk
|move|p2a: Samurott|Razor Shell|p1a: Great Tusk
|-supereffective|p1a: Great Tusk
|-damage|p1a: Great Tusk|4/100
|
|upkeep
|turn|9
|
|t:|1743874690
|move|p2a: Samurott|Aqua Jet|p1a: Great Tusk
|-supereffective|p1a: Great Tusk
|-damage|p1a: Great Tusk|0 fnt
|faint|p1a: Great Tusk
|-end|p1a: Great Tusk|Protosynthesis|[silent]
|
|upkeep
|
|t:|1743874694
|switch|p1a: Landorus|Landorus-Therian, M|54/100
|-damage|p1a: Landorus|41/100|[from] Stealth Rock
|-ability|p1a: Landorus|Intimidate|boost
|-unboost|p2a: Samurott|atk|1
|turn|10
|
|t:|1743874708
|move|p2a: Samurott|Aqua Jet|p1a: Landorus
|-supereffective|p1a: Landorus
|-damage|p1a: Landorus|17/100
|-damage|p2a: Samurott|21/100|[from] item: Rocky Helmet|[of] p1a: Landorus
|move|p1a: Landorus|U-turn|p2a: Samurott
|-supereffective|p2a: Samurott
|-damage|p2a: Samurott|0 fnt
|faint|p2a: Samurott
|
|t:|1743874717
|switch|p1a: Darkrai|Darkrai|100/100|[from] U-turn
|-damage|p1a: Darkrai|88/100|[from] Spikes
|-damage|p1a: Darkrai|76/100|[from] Stealth Rock
|
|upkeep
|
|t:|1743874747
|switch|p2a: Lokix|Lokix, M|100/100
|-damage|p2a: Lokix|76/100|[from] Stealth Rock
|turn|11
|
|t:|1743874760
|switch|p1a: Landorus|Landorus-Therian, M|17/100
|-damage|p1a: Landorus|5/100|[from] Stealth Rock
|-ability|p1a: Landorus|Intimidate|boost
|-unboost|p2a: Lokix|atk|1
|move|p2a: Lokix|U-turn|p1a: Landorus
|-resisted|p1a: Landorus
|-damage|p1a: Landorus|0 fnt
|-damage|p2a: Lokix|59/100|[from] item: Rocky Helmet|[of] p1a: Landorus
|faint|p1a: Landorus
|
|t:|1743874764
|switch|p2a: Latios|Latios, M|100/100|[from] U-turn
|-damage|p2a: Latios|88/100|[from] Stealth Rock
|
|upkeep
|
|t:|1743874775
|switch|p1a: Scizor|Scizor, M|52/100
|-damage|p1a: Scizor|40/100|[from] Spikes
|-damage|p1a: Scizor|27/100|[from] Stealth Rock
|turn|12
|
|t:|1743874781
|move|p2a: Latios|Aura Sphere|p1a: Scizor
|-damage|p1a: Scizor|0 fnt
|faint|p1a: Scizor
|
|upkeep
|
|t:|1743874791
|switch|p1a: Iron Valiant|Iron Valiant|100/100
|-damage|p1a: Iron Valiant|88/100|[from] Spikes
|-damage|p1a: Iron Valiant|82/100|[from] Stealth Rock
|-enditem|p1a: Iron Valiant|Booster Energy
|-activate|p1a: Iron Valiant|ability: Quark Drive|[fromitem]
|-start|p1a: Iron Valiant|quarkdrivespe
|turn|13
|
|t:|1743874802
|switch|p2a: Dondozo|Dondozo, M|100/100
|move|p1a: Iron Valiant|Moonblast|p2a: Dondozo
|-damage|p2a: Dondozo|60/100
|
|upkeep
|turn|14
|
|t:|1743874808
|move|p1a: Iron Valiant|Moonblast|p2a: Dondozo
|-damage|p2a: Dondozo|23/100
|move|p2a: Dondozo|Waterfall|p1a: Iron Valiant
|-damage|p1a: Iron Valiant|47/100
|
|upkeep
|turn|15
|
|t:|1743874812
|move|p1a: Iron Valiant|Moonblast|p2a: Dondozo
|-damage|p2a: Dondozo|0 fnt
|faint|p2a: Dondozo
|
|upkeep
|inactive|big lou 123 has 120 seconds left.
|
|t:|1743874845
|switch|p2a: Latios|Latios, M|88/100
|-damage|p2a: Latios|76/100|[from] Stealth Rock
|turn|16
|
|t:|1743874849
|-terastallize|p2a: Latios|Steel
|move|p1a: Iron Valiant|Moonblast|p2a: Latios
|-resisted|p2a: Latios
|-damage|p2a: Latios|55/100
|move|p2a: Latios|Luster Purge|p1a: Iron Valiant
|-supereffective|p1a: Iron Valiant
|-damage|p1a: Iron Valiant|0 fnt
|faint|p1a: Iron Valiant
|-end|p1a: Iron Valiant|Quark Drive|[silent]
|
|upkeep
|
|t:|1743874860
|switch|p1a: Gholdengo|Gholdengo|88/100
|-damage|p1a: Gholdengo|76/100|[from] Spikes
|-damage|p1a: Gholdengo|70/100|[from] Stealth Rock
|turn|17
|
|t:|1743874867
|move|p2a: Latios|Luster Purge|p1a: Gholdengo
|-resisted|p1a: Gholdengo
|-damage|p1a: Gholdengo|43/100
|-unboost|p1a: Gholdengo|spd|1
|move|p1a: Gholdengo|Shadow Ball|p2a: Latios
|-damage|p2a: Latios|7/100
|
|upkeep
|turn|18
|
|t:|1743874879
|switch|p1a: Darkrai|Darkrai|76/100
|-damage|p1a: Darkrai|63/100|[from] Spikes
|-damage|p1a: Darkrai|51/100|[from] Stealth Rock
|move|p2a: Latios|Luster Purge|p1a: Darkrai
|-immune|p1a: Darkrai
|
|upkeep
|turn|19
|
|t:|1743874889
|move|p2a: Latios|Luster Purge|p1a: Darkrai
|-immune|p1a: Darkrai
|move|p1a: Darkrai|Dark Pulse|p2a: Latios
|-damage|p2a: Latios|0 fnt
|faint|p2a: Latios
|
|upkeep
|
|t:|1743874891
|switch|p2a: Lokix|Lokix, M|59/100
|-damage|p2a: Lokix|34/100|[from] Stealth Rock
|turn|20
|
|t:|1743874896
|-terastallize|p1a: Darkrai|Fairy
|move|p2a: Lokix|First Impression|p1a: Darkrai
|-resisted|p1a: Darkrai
|-damage|p1a: Darkrai|0 fnt
|faint|p1a: Darkrai
|
|upkeep
|
|t:|1743874901
|switch|p1a: Gholdengo|Gholdengo|43/100
|-damage|p1a: Gholdengo|30/100|[from] Spikes
|-damage|p1a: Gholdengo|24/100|[from] Stealth Rock
|turn|21
|
|t:|1743874907
|switch|p2a: Appletun|Appletun, F|100/100
|move|p1a: Gholdengo|Shadow Ball|p2a: Appletun
|-damage|p2a: Appletun|72/100
|
|upkeep
|turn|22
|
|t:|1743874910
|move|p1a: Gholdengo|Shadow Ball|p2a: Appletun
|-damage|p2a: Appletun|44/100
|-unboost|p2a: Appletun|spd|1
|move|p2a: Appletun|Apple Acid|p1a: Gholdengo
|-resisted|p1a: Gholdengo
|-damage|p1a: Gholdengo|9/100
|-unboost|p1a: Gholdengo|spd|1
|
|upkeep
|turn|23
|
|t:|1743874918
|move|p1a: Gholdengo|Shadow Ball|p2a: Appletun
|-damage|p2a: Appletun|0 fnt
|faint|p2a: Appletun
|
|upkeep
|
|t:|1743874920
|switch|p2a: Lokix|Lokix, M|34/100
|-damage|p2a: Lokix|10/100|[from] Stealth Rock
|turn|24
|
|t:|1743874923
|move|p2a: Lokix|First Impression|p1a: Gholdengo
|-resisted|p1a: Gholdengo
|-damage|p1a: Gholdengo|0 fnt
|faint|p1a: Gholdengo
|
|win|big lou 123
|raw|upsilonpsi's rating: 1317 &rarr; <strong>1298</strong><br />(-19 for losing)
|raw|big lou 123's rating: 1339 &rarr; <strong>1358</strong><br />(+19 for winning)
|l|☆big lou 123
|player|p2|
|l|☆upsilonpsi
|player|p1|
