|j|☆Psychicboy1932
|j|☆abrr6
|t:|1743840375
|gametype|singles
|player|p1|Psychicboy1932|psychic-gen4|1134
|player|p2|abrr6|shadowtriad|1223
|teamsize|p1|6
|teamsize|p2|6
|gen|9
|tier|[Gen 9] OU
|rated|
|rule|HP Percentage Mod: HP is shown in percentages
|rule|Endless Battle Clause: Forcing endless battles is banned
|rule|Species Clause: Limit one of each Pokémon
|rule|OHKO Clause: OHKO moves are banned
|rule|Evasion Items Clause: Evasion items are banned
|rule|Evasion Moves Clause: Evasion moves are banned
|rule|Sleep Moves Clause: Sleep-inducing moves are banned
|clearpoke
|poke|p1|Farigiraf, M|
|poke|p1|Dugtrio, M|
|poke|p1|Abomasnow, F|
|poke|p1|Dodrio, M|
|poke|p1|Ariados, M|
|poke|p1|Basculin, F|
|poke|p2|Magnezone|
|poke|p2|Gliscor, F|
|poke|p2|Samurott-Hisui, F|
|poke|p2|Clefable, F|
|poke|p2|Hydrapple, M|
|poke|p2|Zamazenta-*|
|teampreview
|
|t:|1743840381
|start
|switch|p1a: Ariados|Ariados, M|100/100
|switch|p2a: Clefable|Clefable, F|100/100
|turn|1
|
|t:|1743840386
|move|p2a: Clefable|Stealth Rock|p1a: Ariados
|-sidestart|p1: Psychicboy1932|move: Stealth Rock
|move|p1a: Ariados|Poison Jab|p2a: Clefable
|-supereffective|p2a: Clefable
|-damage|p2a: Clefable|44/100
|
|upkeep
|turn|2
|
|t:|1743840391
|move|p2a: Clefable|Moonlight|p2a: Clefable
|-heal|p2a: Clefable|93/100
|move|p1a: Ariados|Sticky Web|p2a: Clefable
|-sidestart|p2: abrr6|move: Sticky Web
|
|upkeep
|turn|3
|
|t:|1743840395
|switch|p2a: Magnezone|Magnezone, shiny|100/100
|move|p1a: Ariados|Poison Jab|p2a: Magnezone
|-immune|p2a: Magnezone
|
|upkeep
|turn|4
|
|t:|1743840402
|move|p2a: Magnezone|Flash Cannon|p1a: Ariados
|-damage|p1a: Ariados|42/100
|move|p1a: Ariados|Night Slash|p2a: Magnezone
|-crit|p2a: Magnezone
|-damage|p2a: Magnezone|56/100
|
|upkeep
|turn|5
|inactive|Battle timer is ON: inactive players will automatically lose when time's up. (requested by abrr6)
|
|t:|1743840417
|switch|p1a: Basculin|Basculin, F|100/100
|-damage|p1a: Basculin|88/100|[from] Stealth Rock
|move|p2a: Magnezone|Volt Switch|p1a: Basculin
|-supereffective|p1a: Basculin
|-damage|p1a: Basculin|0 fnt
|faint|p1a: Basculin
|
|t:|1743840427
|switch|p2a: Samurott|Samurott-Hisui, F, shiny|100/100|[from] Volt Switch
|
|upkeep
|
|t:|1743840431
|switch|p1a: Abomasnow|Abomasnow, F|100/100
|-damage|p1a: Abomasnow|76/100|[from] Stealth Rock
|-weather|Snowscape|[from] ability: Snow Warning|[of] p1a: Abomasnow
|turn|6
|
|t:|1743840436
|move|p2a: Samurott|Ceaseless Edge|p1a: Abomasnow
|-damage|p1a: Abomasnow|44/100
|-sidestart|p1: Psychicboy1932|Spikes
|move|p1a: Abomasnow|Aurora Veil|p1a: Abomasnow
|-sidestart|p1: Psychicboy1932|move: Aurora Veil
|
|-weather|Snowscape|[upkeep]
|upkeep
|turn|7
|
|t:|1743840444
|switch|p2a: Magnezone|Magnezone, shiny|56/100
|move|p1a: Abomasnow|Giga Drain|p2a: Magnezone
|-resisted|p2a: Magnezone
|-damage|p2a: Magnezone|36/100
|-heal|p1a: Abomasnow|53/100|[from] drain|[of] p2a: Magnezone
|
|-weather|Snowscape|[upkeep]
|upkeep
|turn|8
|
|t:|1743840449
|move|p2a: Magnezone|Flash Cannon|p1a: Abomasnow
|-supereffective|p1a: Abomasnow
|-damage|p1a: Abomasnow|14/100
|move|p1a: Abomasnow|Earthquake|p2a: Magnezone
|-supereffective|p2a: Magnezone
|-damage|p2a: Magnezone|0 fnt
|faint|p2a: Magnezone
|
|-weather|Snowscape|[upkeep]
|upkeep
|
|t:|1743840454
|switch|p2a: Samurott|Samurott-Hisui, F, shiny|100/100
|turn|9
|
|t:|1743840458
|move|p2a: Samurott|Ceaseless Edge|p1a: Abomasnow
|-damage|p1a: Abomasnow|0 fnt
|-sidestart|p1: Psychicboy1932|Spikes
|faint|p1a: Abomasnow
|
|-weather|Snowscape|[upkeep]
|upkeep
|
|t:|1743840464
|switch|p1a: Ariados|Ariados, M|42/100
|-damage|p1a: Ariados|18/100|[from] Stealth Rock
|-damage|p1a: Ariados|1/100|[from] Spikes
|turn|10
|
|t:|1743840468
|move|p2a: Samurott|Ceaseless Edge|p1a: Ariados
|-damage|p1a: Ariados|0 fnt
|-sidestart|p1: Psychicboy1932|Spikes
|faint|p1a: Ariados
|
|-weather|none
|-sideend|p1: Psychicboy1932|move: Aurora Veil
|upkeep
|
|t:|1743840491
|switch|p1a: Dugtrio|Dugtrio, M|100/100
|-damage|p1a: Dugtrio|94/100|[from] Stealth Rock
|-damage|p1a: Dugtrio|70/100|[from] Spikes
|turn|11
|
|t:|1743840507
|move|p2a: Samurott|Sucker Punch|p1a: Dugtrio
|-damage|p1a: Dugtrio|0 fnt
|faint|p1a: Dugtrio
|
|upkeep
|
|t:|1743840511
|switch|p1a: Dodrio|Dodrio, M|100/100
|-damage|p1a: Dodrio|76/100|[from] Stealth Rock
|turn|12
|
|t:|1743840525
|move|p1a: Dodrio|Brave Bird|p2a: Samurott
|-damage|p2a: Samurott|24/100
|-damage|p1a: Dodrio|45/100|[from] Recoil
|move|p2a: Samurott|Knock Off|p1a: Dodrio
|-damage|p1a: Dodrio|0 fnt
|-enditem|p1a: Dodrio|Expert Belt|[from] move: Knock Off|[of] p2a: Samurott
|faint|p1a: Dodrio
|
|upkeep
|
|t:|1743840531
|switch|p1a: Farigiraf|Farigiraf, M|100/100
|-damage|p1a: Farigiraf|88/100|[from] Stealth Rock
|-damage|p1a: Farigiraf|63/100|[from] Spikes
|turn|13
|
|t:|1743840542
|-terastallize|p1a: Farigiraf|Normal
|move|p2a: Samurott|Knock Off|p1a: Farigiraf
|-damage|p1a: Farigiraf|14/100
|-enditem|p1a: Farigiraf|Starf Berry|[from] move: Knock Off|[of] p2a: Samurott
|move|p1a: Farigiraf|Calm Mind|p1a: Farigiraf
|-boost|p1a: Farigiraf|spa|1
|-boost|p1a: Farigiraf|spd|1
|
|upkeep
|turn|14
|
|t:|1743840558
|move|p1a: Farigiraf|Protect|p1a: Farigiraf
|-singleturn|p1a: Farigiraf|Protect
|move|p2a: Samurott|Flip Turn|p1a: Farigiraf
|-activate|p1a: Farigiraf|move: Protect
|
|upkeep
|turn|15
|
|t:|1743840566
|move|p2a: Samurott|Flip Turn|p1a: Farigiraf
|-damage|p1a: Farigiraf|0 fnt
|faint|p1a: Farigiraf
|
|win|abrr6
|raw|Psychicboy1932's rating: 1134 &rarr; <strong>1115</strong><br />(-19 for losing)
|raw|abrr6's rating: 1223 &rarr; <strong>1242</strong><br />(+19 for winning)
|l|☆abrr6
|player|p2|
|l|☆Psychicboy1932
|player|p1|
