|j|☆fiishing
|j|☆dishes_ttv
|t:|1743870180
|gametype|singles
|player|p1|fiishing|miku-water|1633
|player|p2|dishes_ttv|101|1614
|teamsize|p1|6
|teamsize|p2|6
|gen|9
|tier|[Gen 9] OU
|rated|
|rule|HP Percentage Mod: HP is shown in percentages
|rule|Endless Battle Clause: Forcing endless battles is banned
|rule|Species Clause: Limit one of each Pokémon
|rule|OHKO Clause: OHKO moves are banned
|rule|Evasion Items Clause: Evasion items are banned
|rule|Evasion Moves Clause: Evasion moves are banned
|rule|Sleep Moves Clause: Sleep-inducing moves are banned
|clearpoke
|poke|p1|Goodra-Hisui, F|
|poke|p1|Alomomola, F|
|poke|p1|Ting-Lu|
|poke|p1|Sinistcha|
|poke|p1|Zamazenta-*|
|poke|p1|Scizor, F|
|poke|p2|Dragapult, M|
|poke|p2|Meowscarada, F|
|poke|p2|Tinkaton, F|
|poke|p2|Primarina, M|
|poke|p2|Gholdengo|
|poke|p2|Great Tusk|
|teampreview
|inactive|Battle timer is ON: inactive players will automatically lose when time's up. (requested by fiishing)
|
|t:|1743870196
|start
|switch|p1a: Scizor|Scizor, F|100/100
|switch|p2a: Meowscarada|Meowscarada, F|100/100
|turn|1
|
|t:|1743870211
|switch|p2a: Great Tusk|Great Tusk|100/100
|move|p1a: Scizor|U-turn|p2a: Great Tusk
|-resisted|p2a: Great Tusk
|-damage|p2a: Great Tusk|85/100
|-damage|p1a: Scizor|84/100|[from] item: Rocky Helmet|[of] p2a: Great Tusk
|
|t:|1743870216
|switch|p1a: Sinistcha|Sinistcha|100/100|[from] U-turn
|
|upkeep
|turn|2
|inactive|dishes_ttv has 120 seconds left.
|
|t:|1743870265
|-end|p2a: Great Tusk|Protosynthesis|[silent]
|switch|p2a: Tinkaton|Tinkaton, F|100/100
|-ability|p2a: Tinkaton|Mold Breaker
|-item|p2a: Tinkaton|Air Balloon
|move|p1a: Sinistcha|Matcha Gotcha|p2a: Tinkaton
|-resisted|p2a: Tinkaton
|-damage|p2a: Tinkaton|90/100
|-enditem|p2a: Tinkaton|Air Balloon
|
|upkeep
|turn|3
|
|t:|1743870287
|switch|p1a: Ting-Lu|Ting-Lu|100/100
|-ability|p1a: Ting-Lu|Vessel of Ruin
|move|p2a: Tinkaton|Stealth Rock|p1a: Ting-Lu
|-sidestart|p1: fiishing|move: Stealth Rock
|
|upkeep
|turn|4
|inactive|dishes_ttv has 120 seconds left.
|
|t:|1743870296
|switch|p2a: Great Tusk|Great Tusk|85/100
|move|p1a: Ting-Lu|Stealth Rock|p2a: Great Tusk
|-sidestart|p2: dishes_ttv|move: Stealth Rock
|
|upkeep
|turn|5
|inactive|dishes_ttv has 120 seconds left.
|
|t:|1743870317
|switch|p1a: Sinistcha|Sinistcha|100/100
|move|p2a: Great Tusk|Knock Off|p1a: Sinistcha
|-supereffective|p1a: Sinistcha
|-damage|p1a: Sinistcha|65/100
|-enditem|p1a: Sinistcha|Heavy-Duty Boots|[from] move: Knock Off|[of] p2a: Great Tusk
|
|upkeep
|turn|6
|
|t:|1743870323
|-end|p2a: Great Tusk|Protosynthesis|[silent]
|switch|p2a: Tinkaton|Tinkaton, F|90/100
|-damage|p2a: Tinkaton|83/100|[from] Stealth Rock
|-ability|p2a: Tinkaton|Mold Breaker
|move|p1a: Sinistcha|Matcha Gotcha|p2a: Tinkaton
|-resisted|p2a: Tinkaton
|-damage|p2a: Tinkaton|74/100
|-heal|p1a: Sinistcha|70/100|[from] drain|[of] p2a: Tinkaton
|
|upkeep
|turn|7
|inactive|dishes_ttv has 120 seconds left.
|
|t:|1743870337
|move|p2a: Tinkaton|Gigaton Hammer|p1a: Sinistcha
|-damage|p1a: Sinistcha|42/100
|move|p1a: Sinistcha|Strength Sap|p2a: Tinkaton
|-unboost|p2a: Tinkaton|atk|1
|-heal|p1a: Sinistcha|96/100
|
|upkeep
|turn|8
|
|t:|1743870342
|switch|p1a: Ting-Lu|Ting-Lu|100/100
|-damage|p1a: Ting-Lu|94/100|[from] Stealth Rock
|-ability|p1a: Ting-Lu|Vessel of Ruin
|move|p2a: Tinkaton|Thunder Wave|p1a: Ting-Lu
|-immune|p1a: Ting-Lu
|
|-heal|p1a: Ting-Lu|100/100|[from] item: Leftovers
|upkeep
|turn|9
|
|t:|1743870348
|switch|p2a: Great Tusk|Great Tusk|85/100
|-damage|p2a: Great Tusk|82/100|[from] Stealth Rock
|move|p1a: Ting-Lu|Spikes|p2a: Great Tusk
|-sidestart|p2: dishes_ttv|Spikes
|
|upkeep
|turn|10
|
|t:|1743870358
|switch|p1a: Sinistcha|Sinistcha|96/100
|-damage|p1a: Sinistcha|83/100|[from] Stealth Rock
|move|p2a: Great Tusk|Rapid Spin|p1a: Sinistcha
|-immune|p1a: Sinistcha
|
|upkeep
|turn|11
|
|t:|1743870363
|-end|p2a: Great Tusk|Protosynthesis|[silent]
|switch|p2a: Tinkaton|Tinkaton, F|74/100
|-damage|p2a: Tinkaton|68/100|[from] Stealth Rock
|-damage|p2a: Tinkaton|55/100|[from] Spikes
|-ability|p2a: Tinkaton|Mold Breaker
|move|p1a: Sinistcha|Matcha Gotcha|p2a: Tinkaton
|-resisted|p2a: Tinkaton
|-damage|p2a: Tinkaton|45/100
|-heal|p1a: Sinistcha|89/100|[from] drain|[of] p2a: Tinkaton
|-status|p2a: Tinkaton|brn
|
|-damage|p2a: Tinkaton|39/100 brn|[from] brn
|upkeep
|turn|12
|
|t:|1743870372
|switch|p2a: Meowscarada|Meowscarada, F|100/100
|-damage|p2a: Meowscarada|88/100|[from] Stealth Rock
|-damage|p2a: Meowscarada|76/100|[from] Spikes
|switch|p1a: Ting-Lu|Ting-Lu|100/100
|-damage|p1a: Ting-Lu|94/100|[from] Stealth Rock
|-ability|p1a: Ting-Lu|Vessel of Ruin
|
|-heal|p1a: Ting-Lu|100/100|[from] item: Leftovers
|upkeep
|turn|13
|
|t:|1743870394
|switch|p1a: Goodra|Goodra-Hisui, F|100/100
|move|p2a: Meowscarada|Trick|p1a: Goodra
|-start|p2a: Meowscarada|typechange|Psychic|[from] ability: Protean
|-activate|p2a: Meowscarada|move: Trick|[of] p1a: Goodra
|-item|p1a: Goodra|Choice Scarf|[from] move: Trick
|-item|p2a: Meowscarada|Heavy-Duty Boots|[from] move: Trick
|
|upkeep
|turn|14
|
|t:|1743870406
|move|p2a: Meowscarada|U-turn|p1a: Goodra
|-resisted|p1a: Goodra
|-damage|p1a: Goodra|91/100
|-ability|p1a: Goodra|Gooey
|-unboost|p2a: Meowscarada|spe|1
|
|t:|1743870410
|switch|p2a: Primarina|Primarina, M|100/100|[from] U-turn
|-damage|p2a: Primarina|88/100|[from] Stealth Rock
|-damage|p2a: Primarina|76/100|[from] Spikes
|move|p1a: Goodra|Knock Off|p2a: Primarina
|-resisted|p2a: Primarina
|-crit|p2a: Primarina
|-damage|p2a: Primarina|53/100
|-enditem|p2a: Primarina|Assault Vest|[from] move: Knock Off|[of] p1a: Goodra
|
|upkeep
|turn|15
|
|t:|1743870430
|switch|p1a: Ting-Lu|Ting-Lu|100/100
|-damage|p1a: Ting-Lu|94/100|[from] Stealth Rock
|-ability|p1a: Ting-Lu|Vessel of Ruin
|move|p2a: Primarina|Moonblast|p1a: Ting-Lu
|-supereffective|p1a: Ting-Lu
|-damage|p1a: Ting-Lu|53/100
|
|-heal|p1a: Ting-Lu|59/100|[from] item: Leftovers
|upkeep
|turn|16
|
|t:|1743870441
|move|p2a: Primarina|Moonblast|p1a: Ting-Lu
|-supereffective|p1a: Ting-Lu
|-damage|p1a: Ting-Lu|17/100
|move|p1a: Ting-Lu|Earthquake|p2a: Primarina
|-damage|p2a: Primarina|1/100
|
|-heal|p1a: Ting-Lu|23/100|[from] item: Leftovers
|upkeep
|turn|17
|
|t:|1743870447
|switch|p1a: Goodra|Goodra-Hisui, F|91/100
|-damage|p1a: Goodra|85/100|[from] Stealth Rock
|move|p2a: Primarina|Moonblast|p1a: Goodra
|-damage|p1a: Goodra|58/100
|
|upkeep
|turn|18
|
|t:|1743870453
|move|p1a: Goodra|Heavy Slam|p2a: Primarina
|-damage|p2a: Primarina|0 fnt
|faint|p2a: Primarina
|
|upkeep
|
|t:|1743870464
|switch|p2a: Gholdengo|Gholdengo|100/100
|-damage|p2a: Gholdengo|94/100|[from] Stealth Rock
|-item|p2a: Gholdengo|Air Balloon
|turn|19
|
|t:|1743870470
|move|p2a: Gholdengo|Nasty Plot|p2a: Gholdengo
|-boost|p2a: Gholdengo|spa|2
|move|p1a: Goodra|Heavy Slam|p2a: Gholdengo
|-resisted|p2a: Gholdengo
|-damage|p2a: Gholdengo|81/100
|-enditem|p2a: Gholdengo|Air Balloon
|
|upkeep
|turn|20
|inactive|fiishing has 120 seconds left.
|
|t:|1743870502
|move|p2a: Gholdengo|Nasty Plot|p2a: Gholdengo
|-boost|p2a: Gholdengo|spa|2
|move|p1a: Goodra|Heavy Slam|p2a: Gholdengo
|-resisted|p2a: Gholdengo
|-crit|p2a: Gholdengo
|-damage|p2a: Gholdengo|59/100
|
|upkeep
|turn|21
|inactive|fiishing has 120 seconds left.
|
|t:|1743870514
|move|p2a: Gholdengo|Recover|p2a: Gholdengo
|-heal|p2a: Gholdengo|100/100
|move|p1a: Goodra|Heavy Slam|p2a: Gholdengo
|-resisted|p2a: Gholdengo
|-damage|p2a: Gholdengo|87/100
|
|upkeep
|turn|22
|inactive|fiishing has 120 seconds left.
|
|t:|1743870531
|move|p2a: Gholdengo|Nasty Plot|p2a: Gholdengo
|-boost|p2a: Gholdengo|spa|2
|move|p1a: Goodra|Heavy Slam|p2a: Gholdengo
|-resisted|p2a: Gholdengo
|-damage|p2a: Gholdengo|72/100
|
|upkeep
|turn|23
|inactive|fiishing has 120 seconds left.
|
|t:|1743870546
|switch|p1a: Ting-Lu|Ting-Lu|23/100
|-damage|p1a: Ting-Lu|17/100|[from] Stealth Rock
|-ability|p1a: Ting-Lu|Vessel of Ruin
|move|p2a: Gholdengo|Shadow Ball|p1a: Ting-Lu
|-resisted|p1a: Ting-Lu
|-damage|p1a: Ting-Lu|0 fnt
|faint|p1a: Ting-Lu
|
|upkeep
|
|t:|1743870550
|switch|p1a: Zamazenta|Zamazenta|100/100
|-damage|p1a: Zamazenta|94/100|[from] Stealth Rock
|-ability|p1a: Zamazenta|Dauntless Shield|boost
|-boost|p1a: Zamazenta|def|1
|turn|24
|
|t:|1743870556
|move|p1a: Zamazenta|Crunch|p2a: Gholdengo
|-supereffective|p2a: Gholdengo
|-damage|p2a: Gholdengo|41/100
|move|p2a: Gholdengo|Shadow Ball|p1a: Zamazenta
|-damage|p1a: Zamazenta|0 fnt
|faint|p1a: Zamazenta
|
|upkeep
|inactive|fiishing has 120 seconds left.
|inactive|fiishing has 90 seconds left.
|-message|fiishing forfeited.
|
|win|dishes_ttv
|raw|fiishing's rating: 1633 &rarr; <strong>1612</strong><br />(-21 for losing)
|raw|dishes_ttv's rating: 1614 &rarr; <strong>1635</strong><br />(+21 for winning)
|l|☆fiishing
|player|p1|
|l|☆dishes_ttv
|player|p2|
