|j|☆Scarlet Firefly
|j|☆Death Coil
|inactive|Battle timer is ON: inactive players will automatically lose when time's up.
|t:|1743797256
|gametype|singles
|player|p1|Scarlet Firefly|klara|
|player|p2|Death Coil|bruno|
|teamsize|p1|6
|teamsize|p2|6
|gen|9
|tier|[Gen 9] OU
|rated|Tournament battle
|rule|HP Percentage Mod: HP is shown in percentages
|rule|Endless Battle Clause: Forcing endless battles is banned
|rule|Species Clause: Limit one of each Pokémon
|rule|OHKO Clause: OHKO moves are banned
|rule|Evasion Items Clause: Evasion items are banned
|rule|Evasion Moves Clause: Evasion moves are banned
|rule|Sleep Moves Clause: Sleep-inducing moves are banned
|clearpoke
|poke|p1|Ursaluna, M|
|poke|p1|Alomomola, F|
|poke|p1|Urshifu-*, F|
|poke|p1|Sinistcha|
|poke|p1|Iron Treads|
|poke|p1|Iron Valiant|
|poke|p2|Blastoise, M|
|poke|p2|Arcanine, F|
|poke|p2|Raikou|
|poke|p2|Tyranitar, F|
|poke|p2|Urshifu-*, M|
|poke|p2|Ursaluna, M|
|teampreview
|j|#SetsuStsna
|j|@Stads
|j| Mada
|inactive|Death Coil has 120 seconds left.
|
|t:|1743797292
|start
|switch|p1a: Silicon Valley|Iron Valiant|100/100
|switch|p2a: Arcanine|Arcanine, F|100/100
|-ability|p2a: Arcanine|Intimidate|boost
|-unboost|p1a: Silicon Valley|atk|1
|turn|1
|
|t:|1743797301
|-end|p1a: Silicon Valley|Quark Drive|[silent]
|switch|p1a: Monterey|Alomomola, F|100/100
|move|p2a: Arcanine|Will-O-Wisp|p1a: Monterey
|-status|p1a: Monterey|brn
|
|-damage|p1a: Monterey|94/100 brn|[from] brn
|upkeep
|turn|2
|
|t:|1743797321
|switch|p2a: Tyranitar|Tyranitar, F|100/100
|-weather|Sandstorm|[from] ability: Sand Stream|[of] p2a: Tyranitar
|move|p1a: Monterey|Flip Turn|p2a: Tyranitar
|-supereffective|p2a: Tyranitar
|-damage|p2a: Tyranitar|86/100
|
|t:|1743797329
|switch|p1a: Urshifu|Urshifu, F|100/100|[from] Flip Turn
|
|-weather|Sandstorm|[upkeep]
|-damage|p1a: Urshifu|94/100|[from] Sandstorm
|upkeep
|turn|3
|inactive|Death Coil has 120 seconds left.
|j| Praise The Salt
|
|t:|1743797360
|-terastallize|p2a: Tyranitar|Fairy
|move|p1a: Urshifu|Close Combat|p2a: Tyranitar
|-resisted|p2a: Tyranitar
|-damage|p2a: Tyranitar|54/100
|-unboost|p1a: Urshifu|def|1
|-unboost|p1a: Urshifu|spd|1
|move|p2a: Tyranitar|Tera Blast|p1a: Urshifu|[anim] Tera Blast Fairy
|-supereffective|p1a: Urshifu
|-damage|p1a: Urshifu|0 fnt
|faint|p1a: Urshifu
|
|-weather|Sandstorm|[upkeep]
|-damage|p2a: Tyranitar|48/100|[from] Sandstorm
|upkeep
|
|t:|1743797371
|switch|p1a: Big Bear|Ursaluna, M|100/100
|turn|4
|inactive|Death Coil has 120 seconds left.
|j| letsshowdownbro
|inactive|Death Coil has 90 seconds left.
|
|t:|1743797417
|move|p2a: Tyranitar|Knock Off|p1a: Big Bear
|-damage|p1a: Big Bear|69/100
|-enditem|p1a: Big Bear|Flame Orb|[from] move: Knock Off|[of] p2a: Tyranitar
|move|p1a: Big Bear|Swords Dance|p1a: Big Bear
|-boost|p1a: Big Bear|atk|2
|
|-weather|Sandstorm|[upkeep]
|-damage|p2a: Tyranitar|42/100|[from] Sandstorm
|upkeep
|turn|5
|c|☆Scarlet Firefly|tera fairy ttar cooked me
|
|t:|1743797438
|move|p2a: Tyranitar|Ice Beam|p1a: Big Bear
|-supereffective|p1a: Big Bear
|-damage|p1a: Big Bear|11/100
|move|p1a: Big Bear|Facade|p2a: Tyranitar
|-damage|p2a: Tyranitar|0 fnt
|faint|p2a: Tyranitar
|
|-weather|Sandstorm|[upkeep]
|upkeep
|inactive|Death Coil has 90 seconds left.
|inactive|Death Coil has 60 seconds left.
|
|t:|1743797488
|switch|p2a: Ursaluna|Ursaluna, M|100/100
|turn|6
|j| Pokemh
|
|t:|1743797493
|move|p2a: Ursaluna|Earthquake|p1a: Big Bear
|-damage|p1a: Big Bear|0 fnt
|faint|p1a: Big Bear
|
|-weather|none
|-status|p2a: Ursaluna|brn|[from] item: Flame Orb
|upkeep
|
|t:|1743797501
|switch|p1a: Japantown|Sinistcha|100/100
|turn|7
|
|t:|1743797514
|switch|p2a: Urshifu|Urshifu, M|100/100
|move|p1a: Japantown|Calm Mind|p1a: Japantown
|-boost|p1a: Japantown|spa|1
|-boost|p1a: Japantown|spd|1
|
|upkeep
|turn|8
|
|t:|1743797525
|-terastallize|p1a: Japantown|Poison
|move|p2a: Urshifu|Wicked Blow|p1a: Japantown
|-crit|p1a: Japantown
|-damage|p1a: Japantown|47/100
|move|p1a: Japantown|Strength Sap|p2a: Urshifu
|-unboost|p2a: Urshifu|atk|1
|-heal|p1a: Japantown|100/100
|
|upkeep
|turn|9
|
|t:|1743797531
|move|p2a: Urshifu|Wicked Blow|p1a: Japantown
|-crit|p1a: Japantown
|-damage|p1a: Japantown|46/100
|move|p1a: Japantown|Matcha Gotcha|p2a: Urshifu
|-damage|p2a: Urshifu|24/100
|-heal|p1a: Japantown|84/100|[from] drain|[of] p2a: Urshifu
|
|upkeep
|turn|10
|l| letsshowdownbro
|
|t:|1743797541
|move|p2a: Urshifu|Wicked Blow|p1a: Japantown
|-crit|p1a: Japantown
|-damage|p1a: Japantown|35/100
|move|p1a: Japantown|Matcha Gotcha|p2a: Urshifu
|-damage|p2a: Urshifu|0 fnt
|-heal|p1a: Japantown|46/100|[from] drain|[of] p2a: Urshifu
|faint|p2a: Urshifu
|
|upkeep
|j| letsshowdownbro
|inactive|Death Coil has 60 seconds left.
|inactive|Death Coil has 30 seconds left.
|inactive|Death Coil has 20 seconds left.
|inactive|Death Coil has 15 seconds left.
|
|t:|1743797612
|switch|p2a: Ursaluna|Ursaluna, M|100/100 brn
|turn|11
|inactive|Death Coil has 25 seconds left this turn.
|
|t:|1743797618
|move|p1a: Japantown|Matcha Gotcha|p2a: Ursaluna
|-supereffective|p2a: Ursaluna
|-damage|p2a: Ursaluna|2/100 brn
|-heal|p1a: Japantown|100/100|[from] drain|[of] p2a: Ursaluna
|move|p2a: Ursaluna|Earthquake|p1a: Japantown
|-supereffective|p1a: Japantown
|-damage|p1a: Japantown|0 fnt
|faint|p1a: Japantown
|
|-damage|p2a: Ursaluna|0 fnt|[from] brn
|faint|p2a: Ursaluna
|upkeep
|inactive|Death Coil has 30 seconds left.
|c|☆Scarlet Firefly|damn
|inactive|Death Coil has 20 seconds left.
|
|t:|1743797634
|switch|p1a: Silicon Valley|Iron Valiant|100/100
|switch|p2a: Blastoise|Blastoise, M|100/100
|turn|12
|inactive|Death Coil has 30 seconds left this turn.
|
|t:|1743797637
|move|p1a: Silicon Valley|Thunderbolt|p2a: Blastoise
|-supereffective|p2a: Blastoise
|-damage|p2a: Blastoise|0 fnt
|faint|p2a: Blastoise
|
|upkeep
|inactive|Death Coil has 30 seconds left.
|
|t:|1743797643
|switch|p2a: Raikou|Raikou, shiny|100/100
|turn|13
|
|t:|1743797649
|-end|p1a: Silicon Valley|Quark Drive|[silent]
|switch|p1a: Mojave|Iron Treads|100/100
|move|p2a: Raikou|Scald|p1a: Mojave
|-supereffective|p1a: Mojave
|-damage|p1a: Mojave|54/100
|-damage|p2a: Raikou|91/100|[from] item: Life Orb
|
|-heal|p1a: Mojave|60/100|[from] item: Leftovers
|upkeep
|turn|14
|
|t:|1743797655
|move|p2a: Raikou|Scald|p1a: Mojave
|-supereffective|p1a: Mojave
|-damage|p1a: Mojave|18/100
|-status|p1a: Mojave|brn
|-damage|p2a: Raikou|81/100|[from] item: Life Orb
|move|p1a: Mojave|Earthquake|p2a: Raikou
|-supereffective|p2a: Raikou
|-damage|p2a: Raikou|30/100
|
|-heal|p1a: Mojave|24/100 brn|[from] item: Leftovers
|-damage|p1a: Mojave|18/100 brn|[from] brn
|upkeep
|turn|15
|
|t:|1743797661
|-end|p1a: Mojave|Quark Drive|[silent]
|switch|p1a: Monterey|Alomomola, F|100/100 brn
|move|p2a: Raikou|Scald|p1a: Monterey
|-resisted|p1a: Monterey
|-damage|p1a: Monterey|87/100 brn
|-damage|p2a: Raikou|20/100|[from] item: Life Orb
|
|-damage|p1a: Monterey|81/100 brn|[from] brn
|upkeep
|turn|16
|inactive|Scarlet Firefly has 120 seconds left.
|
|t:|1743797697
|switch|p1a: Mojave|Iron Treads|18/100 brn
|move|p2a: Raikou|Thunder|p1a: Mojave
|-immune|p1a: Mojave
|
|-heal|p1a: Mojave|24/100 brn|[from] item: Leftovers
|-damage|p1a: Mojave|18/100 brn|[from] brn
|upkeep
|turn|17
|inactive|Scarlet Firefly has 120 seconds left.
|
|t:|1743797702
|move|p2a: Raikou|Scald|p1a: Mojave
|-supereffective|p1a: Mojave
|-damage|p1a: Mojave|0 fnt
|faint|p1a: Mojave
|-end|p1a: Mojave|Quark Drive|[silent]
|-damage|p2a: Raikou|10/100|[from] item: Life Orb
|
|upkeep
|
|t:|1743797704
|switch|p1a: Silicon Valley|Iron Valiant|100/100
|turn|18
|
|t:|1743797711
|move|p1a: Silicon Valley|Vacuum Wave|p2a: Raikou
|-damage|p2a: Raikou|0 fnt
|faint|p2a: Raikou
|
|upkeep
|
|t:|1743797714
|switch|p2a: Arcanine|Arcanine, F|100/100
|-ability|p2a: Arcanine|Intimidate|boost
|-unboost|p1a: Silicon Valley|atk|1
|turn|19
|
|t:|1743797717
|-end|p1a: Silicon Valley|Quark Drive|[silent]
|switch|p1a: Monterey|Alomomola, F|100/100 brn
|move|p2a: Arcanine|Scorching Sands|p1a: Monterey
|-damage|p1a: Monterey|82/100 brn
|
|-damage|p1a: Monterey|76/100 brn|[from] brn
|upkeep
|turn|20
|c|☆Death Coil|gg
|
|t:|1743797721
|move|p2a: Arcanine|Scorching Sands|p1a: Monterey
|-damage|p1a: Monterey|59/100 brn
|move|p1a: Monterey|Wish|p1a: Monterey
|
|-damage|p1a: Monterey|53/100 brn|[from] brn
|upkeep
|turn|21
|
|t:|1743797726
|move|p2a: Arcanine|Scorching Sands|p1a: Monterey
|-damage|p1a: Monterey|35/100 brn
|move|p1a: Monterey|Flip Turn|p2a: Arcanine
|-supereffective|p2a: Arcanine
|-damage|p2a: Arcanine|78/100
|c|☆Scarlet Firefly|gg
|
|t:|1743797730
|switch|p1a: Silicon Valley|Iron Valiant|100/100|[from] Flip Turn
|
|upkeep
|turn|22
|l| Praise The Salt
|
|t:|1743797747
|move|p1a: Silicon Valley|Thunderbolt|p2a: Arcanine
|-damage|p2a: Arcanine|14/100
|move|p2a: Arcanine|Fire Blast|p1a: Silicon Valley
|-damage|p1a: Silicon Valley|14/100
|
|upkeep
|turn|23
|
|t:|1743797749
|move|p2a: Arcanine|Extreme Speed|p1a: Silicon Valley
|-damage|p1a: Silicon Valley|0 fnt
|faint|p1a: Silicon Valley
|-end|p1a: Silicon Valley|Quark Drive|[silent]
|
|upkeep
|
|t:|1743797751
|switch|p1a: Monterey|Alomomola, F|69/100 brn
|turn|24
|
|t:|1743797759
|move|p2a: Arcanine|Scorching Sands|p1a: Monterey
|-damage|p1a: Monterey|49/100 brn
|move|p1a: Monterey|Flip Turn|p2a: Arcanine
|-supereffective|p2a: Arcanine
|-damage|p2a: Arcanine|0 fnt
|faint|p2a: Arcanine
|
|win|Scarlet Firefly
|n|☆Scarlet Firefly|scarletfirefly
|n|☆Death Coil|deathcoil
|n|+SetsuStsna|setsustsna
|n| Stads|stads
|n| Mada|mada
|n| Pokemh|pokemh
|n| letsshowdownbro|letsshowdownbro
|l|☆Scarlet Firefly
|player|p1|
|l| Stads
|l|+SetsuStsna
|l| letsshowdownbro
|l| Pokemh
|l| Mada
