|j|☆metaknight69
|j|☆temperature111
|t:|1743849398
|gametype|singles
|player|p1|metaknight69|nate|1241
|player|p2|temperature111|266|1305
|teamsize|p1|6
|teamsize|p2|6
|gen|9
|tier|[Gen 9] OU
|rated|
|rule|HP Percentage Mod: HP is shown in percentages
|rule|Endless Battle Clause: Forcing endless battles is banned
|rule|Species Clause: Limit one of each Pokémon
|rule|OHKO Clause: OHKO moves are banned
|rule|Evasion Items Clause: Evasion items are banned
|rule|Evasion Moves Clause: Evasion moves are banned
|rule|Sleep Moves Clause: Sleep-inducing moves are banned
|clearpoke
|poke|p1|Raging Bolt|
|poke|p1|Primarina, M|
|poke|p1|Araquanid, M|
|poke|p1|Talonflame, F|
|poke|p1|Great Tusk|
|poke|p1|Kingambit, F|
|poke|p2|Meowscarada, M|
|poke|p2|Tinkaton, F|
|poke|p2|Tyranitar, M|
|poke|p2|Gholdengo|
|poke|p2|Great Tusk|
|poke|p2|Zapdos|
|teampreview
|inactive|Battle timer is ON: inactive players will automatically lose when time's up. (requested by temperature111)
|inactive|metaknight69 has 120 seconds left.
|
|t:|1743849432
|start
|switch|p1a: Great Tusk|Great Tusk|100/100
|switch|p2a: Tinkaton|Tinkaton, F, shiny|100/100
|-item|p2a: Tinkaton|Air Balloon
|turn|1
|
|t:|1743849448
|move|p2a: Tinkaton|Stealth Rock|p1a: Great Tusk
|-sidestart|p1: metaknight69|move: Stealth Rock
|move|p1a: Great Tusk|Stealth Rock|p2a: Tinkaton
|-sidestart|p2: temperature111|move: Stealth Rock
|
|upkeep
|turn|2
|
|t:|1743849454
|move|p2a: Tinkaton|Encore|p1a: Great Tusk
|-start|p1a: Great Tusk|Encore
|move|p1a: Great Tusk|Stealth Rock||[still]
|-fail|p1a: Great Tusk
|
|upkeep
|turn|3
|
|t:|1743849480
|-end|p1a: Great Tusk|Protosynthesis|[silent]
|switch|p1a: Flambusard|Talonflame, F|100/100
|move|p2a: Tinkaton|Thunder Wave|p1a: Flambusard|[miss]
|-miss|p2a: Tinkaton|p1a: Flambusard
|
|upkeep
|turn|4
|
|t:|1743849491
|switch|p2a: Tyranitar|Tyranitar, M|100/100
|-damage|p2a: Tyranitar|88/100|[from] Stealth Rock
|-weather|Sandstorm|[from] ability: Sand Stream|[of] p2a: Tyranitar
|move|p1a: Flambusard|Flare Blitz|p2a: Tyranitar
|-resisted|p2a: Tyranitar
|-damage|p2a: Tyranitar|67/100
|-status|p2a: Tyranitar|brn
|-damage|p1a: Flambusard|92/100|[from] Recoil
|
|-weather|Sandstorm|[upkeep]
|-damage|p1a: Flambusard|86/100|[from] Sandstorm
|-damage|p2a: Tyranitar|61/100 brn|[from] brn
|upkeep
|turn|5
|inactive|metaknight69 has 120 seconds left.
|
|t:|1743849522
|switch|p1a: Tarembulle|Araquanid, M|100/100
|-damage|p1a: Tarembulle|76/100|[from] Stealth Rock
|move|p2a: Tyranitar|Stone Edge|p1a: Tarembulle
|-supereffective|p1a: Tarembulle
|-damage|p1a: Tarembulle|15/100
|
|-weather|Sandstorm|[upkeep]
|-damage|p1a: Tarembulle|9/100|[from] Sandstorm
|-damage|p2a: Tyranitar|55/100 brn|[from] brn
|upkeep
|turn|6
|
|t:|1743849538
|move|p2a: Tyranitar|Knock Off|p1a: Tarembulle
|-damage|p1a: Tarembulle|0 fnt
|-enditem|p1a: Tarembulle|Mental Herb|[from] move: Knock Off|[of] p2a: Tyranitar
|faint|p1a: Tarembulle
|
|-weather|Sandstorm|[upkeep]
|-damage|p2a: Tyranitar|49/100 brn|[from] brn
|upkeep
|
|t:|1743849563
|switch|p1a: Great Tusk|Great Tusk|100/100
|-damage|p1a: Great Tusk|98/100|[from] Stealth Rock
|turn|7
|
|t:|1743849567
|switch|p2a: Zapdos|Zapdos|100/100
|move|p1a: Great Tusk|Rapid Spin|p2a: Zapdos
|-damage|p2a: Zapdos|87/100
|-boost|p1a: Great Tusk|spe|1
|-sideend|p1: metaknight69|Stealth Rock|[from] move: Rapid Spin|[of] p1a: Great Tusk
|
|-weather|Sandstorm|[upkeep]
|-damage|p2a: Zapdos|81/100|[from] Sandstorm
|upkeep
|turn|8
|
|t:|1743849576
|move|p1a: Great Tusk|Ice Spinner|p2a: Zapdos
|-supereffective|p2a: Zapdos
|-damage|p2a: Zapdos|43/100
|move|p2a: Zapdos|Hurricane|p1a: Great Tusk|[miss]
|-miss|p2a: Zapdos|p1a: Great Tusk
|
|-weather|none
|upkeep
|turn|9
|
|t:|1743849586
|move|p1a: Great Tusk|Ice Spinner|p2a: Zapdos
|-supereffective|p2a: Zapdos
|-damage|p2a: Zapdos|0 fnt
|-status|p1a: Great Tusk|par|[from] ability: Static|[of] p2a: Zapdos
|faint|p2a: Zapdos
|
|upkeep
|
|t:|1743849601
|switch|p2a: Great Tusk|Great Tusk|100/100
|turn|10
|inactive|metaknight69 has 120 seconds left.
|
|t:|1743849622
|move|p2a: Great Tusk|Rapid Spin|p1a: Great Tusk
|-damage|p1a: Great Tusk|85/100 par
|-boost|p2a: Great Tusk|spe|1
|-damage|p2a: Great Tusk|84/100|[from] item: Rocky Helmet|[of] p1a: Great Tusk
|-sideend|p2: temperature111|Stealth Rock|[from] move: Rapid Spin|[of] p2a: Great Tusk
|move|p1a: Great Tusk|Ice Spinner|p2a: Great Tusk
|-supereffective|p2a: Great Tusk
|-damage|p2a: Great Tusk|40/100
|
|upkeep
|turn|11
|
|t:|1743849635
|-terastallize|p2a: Great Tusk|Steel
|move|p2a: Great Tusk|Ice Spinner|p1a: Great Tusk
|-supereffective|p1a: Great Tusk
|-damage|p1a: Great Tusk|47/100 par
|-damage|p2a: Great Tusk|24/100|[from] item: Rocky Helmet|[of] p1a: Great Tusk
|move|p1a: Great Tusk|Headlong Rush|p2a: Great Tusk
|-supereffective|p2a: Great Tusk
|-damage|p2a: Great Tusk|0 fnt
|-unboost|p1a: Great Tusk|def|1
|-unboost|p1a: Great Tusk|spd|1
|faint|p2a: Great Tusk
|-end|p2a: Great Tusk|Protosynthesis|[silent]
|
|upkeep
|
|t:|1743849649
|switch|p2a: Meowscarada|Meowscarada, M|100/100
|turn|12
|
|t:|1743849660
|move|p2a: Meowscarada|Flower Trick|p1a: Great Tusk
|-start|p2a: Meowscarada|typechange|Grass|[from] ability: Protean
|-supereffective|p1a: Great Tusk
|-crit|p1a: Great Tusk
|-damage|p1a: Great Tusk|0 fnt
|faint|p1a: Great Tusk
|-end|p1a: Great Tusk|Protosynthesis|[silent]
|
|upkeep
|
|t:|1743849667
|switch|p1a: Flambusard|Talonflame, F|86/100
|turn|13
|
|t:|1743849672
|move|p1a: Flambusard|Flare Blitz|p2a: Meowscarada
|-supereffective|p2a: Meowscarada
|-damage|p2a: Meowscarada|0 fnt
|faint|p2a: Meowscarada
|-damage|p1a: Flambusard|53/100|[from] Recoil
|
|upkeep
|
|t:|1743849678
|switch|p2a: Tyranitar|Tyranitar, M|49/100 brn
|-weather|Sandstorm|[from] ability: Sand Stream|[of] p2a: Tyranitar
|turn|14
|
|t:|1743849696
|move|p1a: Flambusard|U-turn|p2a: Tyranitar
|-supereffective|p2a: Tyranitar
|-damage|p2a: Tyranitar|16/100 brn
|
|t:|1743849703
|switch|p1a: Oratoria|Primarina, M|100/100|[from] U-turn
|move|p2a: Tyranitar|Knock Off|p1a: Oratoria
|-resisted|p1a: Oratoria
|-damage|p1a: Oratoria|85/100
|-enditem|p1a: Oratoria|Assault Vest|[from] move: Knock Off|[of] p2a: Tyranitar
|
|-weather|Sandstorm|[upkeep]
|-damage|p1a: Oratoria|79/100|[from] Sandstorm
|-damage|p2a: Tyranitar|10/100 brn|[from] brn
|upkeep
|turn|15
|inactive|metaknight69 has 120 seconds left.
|
|t:|1743849727
|move|p2a: Tyranitar|Ice Beam|p1a: Oratoria
|-resisted|p1a: Oratoria
|-damage|p1a: Oratoria|71/100
|move|p1a: Oratoria|Shadow Ball|p2a: Tyranitar
|-resisted|p2a: Tyranitar
|-damage|p2a: Tyranitar|4/100 brn
|
|-weather|Sandstorm|[upkeep]
|-damage|p1a: Oratoria|65/100|[from] Sandstorm
|-damage|p2a: Tyranitar|0 fnt|[from] brn
|faint|p2a: Tyranitar
|upkeep
|
|t:|1743849737
|switch|p2a: Tinkaton|Tinkaton, F, shiny|100/100
|-item|p2a: Tinkaton|Air Balloon
|turn|16
|inactive|metaknight69 has 120 seconds left.
|-message|temperature111 forfeited.
|
|win|metaknight69
|raw|metaknight69's rating: 1241 &rarr; <strong>1271</strong><br />(+30 for winning)
|raw|temperature111's rating: 1305 &rarr; <strong>1281</strong><br />(-24 for losing)
|l|☆temperature111
|player|p2|
|l|☆metaknight69
|player|p1|
