|j|☆esteostrali
|j|‽ganjaman1
|t:|1743779590
|gametype|singles
|player|p1|esteostrali|dragontamer|1581
|player|p2|ganjaman1|musician|1507
|teamsize|p1|6
|teamsize|p2|6
|gen|9
|tier|[Gen 9] OU
|rated|
|rule|HP Percentage Mod: HP is shown in percentages
|rule|Endless Battle Clause: Forcing endless battles is banned
|rule|Species Clause: Limit one of each Pokémon
|rule|OHKO Clause: OHKO moves are banned
|rule|Evasion Items Clause: Evasion items are banned
|rule|Evasion Moves Clause: Evasion moves are banned
|rule|Sleep Moves Clause: Sleep-inducing moves are banned
|clearpoke
|poke|p1|Great Tusk|
|poke|p1|Iron Valiant|
|poke|p1|Kyurem|
|poke|p1|Raging Bolt|
|poke|p1|Samurott-Hisui, F|
|poke|p1|Pecharunt|
|poke|p2|Garganacl, M|
|poke|p2|Weezing-Galar, F|
|poke|p2|Corviknight, M|
|poke|p2|Dragapult, M|
|poke|p2|Slowking-Galar, F|
|poke|p2|Samurott-Hisui, F|
|teampreview
|inactive|Battle timer is ON: inactive players will automatically lose when time's up. (requested by ganjaman1)
|
|t:|1743779605
|start
|switch|p1a: Samurott|Samurott-Hisui, F|100/100
|switch|p2a: Weezing|Weezing-Galar, F|100/100
|-ability|p2a: Weezing|Neutralizing Gas
|turn|1
|
|t:|1743779628
|switch|p1a: Pecharunt|Pecharunt|100/100
|move|p2a: Weezing|Will-O-Wisp|p1a: Pecharunt
|-status|p1a: Pecharunt|brn
|
|-damage|p1a: Pecharunt|94/100 brn|[from] brn
|upkeep
|turn|2
|
|t:|1743779636
|-end|p2a: Weezing|ability: Neutralizing Gas
|switch|p2a: Slowking|Slowking-Galar, F|100/100
|move|p1a: Pecharunt|Nasty Plot|p1a: Pecharunt
|-boost|p1a: Pecharunt|spa|2
|
|-damage|p1a: Pecharunt|88/100 brn|[from] brn
|upkeep
|turn|3
|
|t:|1743779640
|move|p1a: Pecharunt|Shadow Ball|p2a: Slowking
|-supereffective|p2a: Slowking
|-damage|p2a: Slowking|38/100
|move|p2a: Slowking|Future Sight|p1a: Pecharunt
|-start|p2a: Slowking|move: Future Sight
|
|-damage|p1a: Pecharunt|82/100 brn|[from] brn
|upkeep
|turn|4
|
|t:|1743779655
|switch|p2a: Garganacl|Garganacl, M|100/100
|move|p1a: Pecharunt|Shadow Ball|p2a: Garganacl
|-damage|p2a: Garganacl|75/100
|
|-heal|p2a: Garganacl|81/100|[from] item: Leftovers
|-damage|p1a: Pecharunt|76/100 brn|[from] brn
|upkeep
|turn|5
|
|t:|1743779665
|switch|p1a: Samurott|Samurott-Hisui, F|100/100
|move|p2a: Garganacl|Salt Cure|p1a: Samurott
|-damage|p1a: Samurott|82/100
|-start|p1a: Samurott|Salt Cure
|
|-end|p1a: Samurott|move: Future Sight
|-immune|p1a: Samurott
|-heal|p2a: Garganacl|88/100|[from] item: Leftovers
|-damage|p1a: Samurott|58/100|[from] Salt Cure
|upkeep
|turn|6
|
|t:|1743779673
|move|p2a: Garganacl|Protect|p2a: Garganacl
|-singleturn|p2a: Garganacl|Protect
|move|p1a: Samurott|Aqua Cutter|p2a: Garganacl
|-activate|p2a: Garganacl|move: Protect
|
|-heal|p2a: Garganacl|94/100|[from] item: Leftovers
|-damage|p1a: Samurott|33/100|[from] Salt Cure
|upkeep
|turn|7
|
|t:|1743779680
|switch|p2a: Corviknight|Corviknight, M|100/100
|-ability|p2a: Corviknight|Pressure
|move|p1a: Samurott|Aqua Cutter|p2a: Corviknight
|-crit|p2a: Corviknight
|-damage|p2a: Corviknight|56/100
|
|-damage|p1a: Samurott|8/100|[from] Salt Cure
|upkeep
|turn|8
|c|☆esteostrali|Tu joues comme une pute
|
|t:|1743779690
|move|p1a: Samurott|Ceaseless Edge|p2a: Corviknight
|-damage|p2a: Corviknight|28/100
|-damage|p1a: Samurott|0 fnt|[from] item: Rocky Helmet|[of] p2a: Corviknight
|faint|p1a: Samurott
|move|p2a: Corviknight|Roost|p2a: Corviknight
|-heal|p2a: Corviknight|78/100
|-singleturn|p2a: Corviknight|move: Roost
|
|upkeep
|
|t:|1743779702
|switch|p1a: Iron Valiant|Iron Valiant|100/100
|-enditem|p1a: Iron Valiant|Booster Energy
|-activate|p1a: Iron Valiant|ability: Quark Drive|[fromitem]
|-start|p1a: Iron Valiant|quarkdrivespe
|turn|9
|
|t:|1743779718
|switch|p2a: Slowking|Slowking-Galar, F|71/100
|move|p1a: Iron Valiant|Calm Mind|p1a: Iron Valiant
|-boost|p1a: Iron Valiant|spa|1
|-boost|p1a: Iron Valiant|spd|1
|
|upkeep
|turn|10
|
|t:|1743779726
|-terastallize|p1a: Iron Valiant|Ghost
|move|p1a: Iron Valiant|Calm Mind|p1a: Iron Valiant
|-boost|p1a: Iron Valiant|spa|1
|-boost|p1a: Iron Valiant|spd|1
|move|p2a: Slowking|Future Sight|p1a: Iron Valiant
|-start|p2a: Slowking|move: Future Sight
|
|upkeep
|turn|11
|
|t:|1743779740
|move|p1a: Iron Valiant|Shadow Ball|p2a: Slowking
|-supereffective|p2a: Slowking
|-damage|p2a: Slowking|0 fnt
|faint|p2a: Slowking
|
|upkeep
|
|t:|1743779756
|switch|p2a: Garganacl|Garganacl, M|94/100
|turn|12
|
|t:|1743779764
|-terastallize|p2a: Garganacl|Fairy
|move|p1a: Iron Valiant|Moonblast|p2a: Garganacl
|-damage|p2a: Garganacl|34/100
|move|p2a: Garganacl|Salt Cure|p1a: Iron Valiant
|-damage|p1a: Iron Valiant|82/100
|-start|p1a: Iron Valiant|Salt Cure
|
|-end|p1a: Iron Valiant|move: Future Sight
|-damage|p1a: Iron Valiant|42/100
|-heal|p2a: Garganacl|40/100|[from] item: Leftovers
|-damage|p1a: Iron Valiant|30/100|[from] Salt Cure
|upkeep
|turn|13
|
|t:|1743779778
|-end|p1a: Iron Valiant|Quark Drive|[silent]
|switch|p1a: Pecharunt|Pecharunt|76/100 brn
|move|p2a: Garganacl|Protect||[still]
|-fail|p2a: Garganacl
|
|-heal|p2a: Garganacl|47/100|[from] item: Leftovers
|-damage|p1a: Pecharunt|70/100 brn|[from] brn
|upkeep
|turn|14
|
|t:|1743779789
|move|p2a: Garganacl|Protect|p2a: Garganacl
|-singleturn|p2a: Garganacl|Protect
|move|p1a: Pecharunt|Nasty Plot|p1a: Pecharunt
|-boost|p1a: Pecharunt|spa|2
|
|-heal|p2a: Garganacl|53/100|[from] item: Leftovers
|-damage|p1a: Pecharunt|64/100 brn|[from] brn
|upkeep
|turn|15
|
|t:|1743779802
|switch|p2a: Samurott|Samurott-Hisui, F|100/100
|move|p1a: Pecharunt|Recover|p1a: Pecharunt
|-heal|p1a: Pecharunt|100/100 brn
|
|-damage|p1a: Pecharunt|94/100 brn|[from] brn
|upkeep
|turn|16
|
|t:|1743779806
|move|p2a: Samurott|Ceaseless Edge|p1a: Pecharunt
|-supereffective|p1a: Pecharunt
|-damage|p1a: Pecharunt|45/100 brn
|-sidestart|p1: esteostrali|Spikes
|move|p1a: Pecharunt|Malignant Chain|p2a: Samurott
|-damage|p2a: Samurott|0 fnt
|faint|p2a: Samurott
|
|-damage|p1a: Pecharunt|39/100 brn|[from] brn
|upkeep
|
|t:|1743779813
|switch|p2a: Dragapult|Dragapult, M|100/100
|turn|17
|
|t:|1743779818
|switch|p1a: Iron Valiant|Iron Valiant, tera:Ghost|30/100
|-damage|p1a: Iron Valiant|17/100|[from] Spikes
|move|p2a: Dragapult|Hex|p1a: Iron Valiant
|-supereffective|p1a: Iron Valiant
|-damage|p1a: Iron Valiant|0 fnt
|faint|p1a: Iron Valiant
|-end|p1a: Iron Valiant|Quark Drive|[silent]
|
|upkeep
|
|t:|1743779824
|switch|p1a: Raging Bolt|Raging Bolt|100/100
|-damage|p1a: Raging Bolt|88/100|[from] Spikes
|turn|18
|
|t:|1743779835
|move|p2a: Dragapult|U-turn|p1a: Raging Bolt
|-crit|p1a: Raging Bolt
|-damage|p1a: Raging Bolt|61/100
|
|t:|1743779839
|switch|p2a: Garganacl|Garganacl, M, tera:Fairy|53/100|[from] U-turn
|move|p1a: Raging Bolt|Calm Mind|p1a: Raging Bolt
|-boost|p1a: Raging Bolt|spa|1
|-boost|p1a: Raging Bolt|spd|1
|
|-heal|p1a: Raging Bolt|67/100|[from] item: Leftovers
|-heal|p2a: Garganacl|59/100|[from] item: Leftovers
|upkeep
|turn|19
|
|t:|1743779846
|move|p1a: Raging Bolt|Calm Mind|p1a: Raging Bolt
|-boost|p1a: Raging Bolt|spa|1
|-boost|p1a: Raging Bolt|spd|1
|move|p2a: Garganacl|Salt Cure|p1a: Raging Bolt
|-damage|p1a: Raging Bolt|56/100
|-start|p1a: Raging Bolt|Salt Cure
|
|-heal|p1a: Raging Bolt|62/100|[from] item: Leftovers
|-heal|p2a: Garganacl|65/100|[from] item: Leftovers
|-damage|p1a: Raging Bolt|49/100|[from] Salt Cure
|upkeep
|turn|20
|
|t:|1743779849
|move|p2a: Garganacl|Protect|p2a: Garganacl
|-singleturn|p2a: Garganacl|Protect
|move|p1a: Raging Bolt|Calm Mind|p1a: Raging Bolt
|-boost|p1a: Raging Bolt|spa|1
|-boost|p1a: Raging Bolt|spd|1
|
|-heal|p1a: Raging Bolt|56/100|[from] item: Leftovers
|-heal|p2a: Garganacl|71/100|[from] item: Leftovers
|-damage|p1a: Raging Bolt|43/100|[from] Salt Cure
|upkeep
|turn|21
|
|t:|1743779859
|switch|p2a: Weezing|Weezing-Galar, F|100/100
|-ability|p2a: Weezing|Neutralizing Gas
|move|p1a: Raging Bolt|Thunderbolt|p2a: Weezing
|-damage|p2a: Weezing|0 fnt
|faint|p2a: Weezing
|-end|p2a: Weezing|ability: Neutralizing Gas
|
|-heal|p1a: Raging Bolt|49/100|[from] item: Leftovers
|-damage|p1a: Raging Bolt|37/100|[from] Salt Cure
|upkeep
|
|t:|1743779864
|switch|p2a: Dragapult|Dragapult, M|100/100
|turn|22
|
|t:|1743779870
|move|p2a: Dragapult|Dragon Darts|p1a: Raging Bolt
|-supereffective|p1a: Raging Bolt
|-damage|p1a: Raging Bolt|0 fnt
|faint|p1a: Raging Bolt
|-end|p1a: Raging Bolt|Protosynthesis|[silent]
|
|upkeep
|
|t:|1743779877
|switch|p1a: Great Tusk|Great Tusk|100/100
|turn|23
|
|t:|1743779883
|move|p2a: Dragapult|U-turn|p1a: Great Tusk
|-resisted|p1a: Great Tusk
|-damage|p1a: Great Tusk|93/100
|
|t:|1743779884
|switch|p2a: Corviknight|Corviknight, M|78/100|[from] U-turn
|-ability|p2a: Corviknight|Pressure
|move|p1a: Great Tusk|Ice Spinner|p2a: Corviknight
|-damage|p2a: Corviknight|65/100
|-damage|p1a: Great Tusk|76/100|[from] item: Rocky Helmet|[of] p2a: Corviknight
|
|upkeep
|turn|24
|
|t:|1743779892
|move|p1a: Great Tusk|Stealth Rock|p2a: Corviknight
|-sidestart|p2: ganjaman1|move: Stealth Rock
|move|p2a: Corviknight|Iron Defense|p2a: Corviknight
|-boost|p2a: Corviknight|def|2
|
|upkeep
|turn|25
|
|t:|1743779897
|-end|p1a: Great Tusk|Protosynthesis|[silent]
|switch|p1a: Pecharunt|Pecharunt|39/100 brn
|move|p2a: Corviknight|Roost|p2a: Corviknight
|-heal|p2a: Corviknight|100/100
|-singleturn|p2a: Corviknight|move: Roost
|
|-damage|p1a: Pecharunt|33/100 brn|[from] brn
|upkeep
|turn|26
|
|t:|1743779903
|move|p1a: Pecharunt|Shadow Ball|p2a: Corviknight
|-damage|p2a: Corviknight|69/100
|move|p2a: Corviknight|Brave Bird|p1a: Pecharunt
|-damage|p1a: Pecharunt|13/100 brn
|-damage|p2a: Corviknight|62/100|[from] Recoil
|
|-damage|p1a: Pecharunt|7/100 brn|[from] brn
|upkeep
|turn|27
|
|t:|1743779906
|move|p1a: Pecharunt|Recover|p1a: Pecharunt
|-heal|p1a: Pecharunt|57/100 brn
|move|p2a: Corviknight|Brave Bird|p1a: Pecharunt
|-damage|p1a: Pecharunt|34/100 brn
|-damage|p2a: Corviknight|55/100|[from] Recoil
|
|-damage|p1a: Pecharunt|28/100 brn|[from] brn
|upkeep
|turn|28
|
|t:|1743779912
|switch|p2a: Dragapult|Dragapult, M|100/100
|move|p1a: Pecharunt|Recover|p1a: Pecharunt
|-heal|p1a: Pecharunt|78/100 brn
|
|-damage|p1a: Pecharunt|72/100 brn|[from] brn
|upkeep
|turn|29
|
|t:|1743779920
|switch|p1a: Great Tusk|Great Tusk|76/100
|move|p2a: Dragapult|Hex|p1a: Great Tusk
|-damage|p1a: Great Tusk|48/100
|
|upkeep
|turn|30
|
|t:|1743779928
|-end|p1a: Great Tusk|Protosynthesis|[silent]
|switch|p1a: Pecharunt|Pecharunt|72/100 brn
|move|p2a: Dragapult|Will-O-Wisp|p1a: Pecharunt
|-fail|p1a: Pecharunt|brn
|
|-damage|p1a: Pecharunt|66/100 brn|[from] brn
|upkeep
|turn|31
|-message|esteostrali forfeited.
|
|win|ganjaman1
