|j|☆lordnabos
|j|‽MorelikeStanDarsh
|t:|1743859517
|gametype|singles
|player|p1|lordnabos|102|1416
|player|p2|MorelikeStanDarsh|ghetsis-gen5bw|1409
|teamsize|p1|6
|teamsize|p2|6
|gen|9
|tier|[Gen 9] OU
|rated|
|rule|HP Percentage Mod: HP is shown in percentages
|rule|Endless Battle Clause: Forcing endless battles is banned
|rule|Species Clause: Limit one of each Pokémon
|rule|OHKO Clause: OHKO moves are banned
|rule|Evasion Items Clause: Evasion items are banned
|rule|Evasion Moves Clause: Evasion moves are banned
|rule|Sleep Moves Clause: Sleep-inducing moves are banned
|clearpoke
|poke|p1|Clodsire, M|
|poke|p1|Dondozo, M|
|poke|p1|Alomomola, M|
|poke|p1|Talonflame, F|
|poke|p1|Toxapex, F|
|poke|p1|Blissey, F|
|poke|p2|Zoroark-Hisui, M|
|poke|p2|Metagross|
|poke|p2|Rotom-Wash|
|poke|p2|Great Tusk|
|poke|p2|Raging Bolt|
|poke|p2|Samurott-Hisui, F|
|teampreview
|inactive|Battle timer is ON: inactive players will automatically lose when time's up. (requested by MorelikeStanDarsh)
|inactive|MorelikeStanDarsh has 120 seconds left.
|
|t:|1743859578
|start
|switch|p1a: Toxapex|Toxapex, F|100/100
|switch|p2a: Raging Bolt|Raging Bolt|100/100
|-enditem|p2a: Raging Bolt|Booster Energy
|-activate|p2a: Raging Bolt|ability: Protosynthesis|[fromitem]
|-start|p2a: Raging Bolt|protosynthesisspa
|turn|1
|inactive|MorelikeStanDarsh has 120 seconds left.
|
|t:|1743859611
|switch|p1a: Clodsire|Clodsire, M|100/100
|move|p2a: Raging Bolt|Dragon Pulse|p1a: Clodsire
|-damage|p1a: Clodsire|69/100
|
|upkeep
|turn|2
|inactive|MorelikeStanDarsh has 120 seconds left.
|
|t:|1743859628
|-terastallize|p2a: Raging Bolt|Ice
|move|p2a: Raging Bolt|Tera Blast|p1a: Clodsire|[anim] Tera Blast Ice
|-supereffective|p1a: Clodsire
|-damage|p1a: Clodsire|7/100
|move|p1a: Clodsire|Recover|p1a: Clodsire
|-heal|p1a: Clodsire|57/100
|
|upkeep
|turn|3
|inactive|MorelikeStanDarsh has 120 seconds left.
|
|t:|1743859635
|switch|p1a: Blissey|Blissey, F|100/100
|move|p2a: Raging Bolt|Tera Blast|p1a: Blissey|[anim] Tera Blast Ice
|-damage|p1a: Blissey|84/100
|
|upkeep
|turn|4
|inactive|MorelikeStanDarsh has 120 seconds left.
|
|t:|1743859650
|-end|p2a: Raging Bolt|Protosynthesis|[silent]
|switch|p2a: Metagross|Metagross, shiny|100/100
|move|p1a: Blissey|Stealth Rock|p2a: Metagross
|-sidestart|p2: MorelikeStanDarsh|move: Stealth Rock
|
|upkeep
|turn|5
|inactive|MorelikeStanDarsh has 120 seconds left.
|
|t:|1743859677
|switch|p2a: Rotom|Rotom-Wash, shiny|100/100
|-damage|p2a: Rotom|88/100|[from] Stealth Rock
|switch|p1a: Alomomola|Alomomola, M|100/100
|
|-heal|p2a: Rotom|94/100|[from] item: Leftovers
|upkeep
|turn|6
|inactive|MorelikeStanDarsh has 90 seconds left.
|
|t:|1743859708
|switch|p1a: Blissey|Blissey, F|84/100
|move|p2a: Rotom|Volt Switch|p1a: Blissey
|-damage|p1a: Blissey|76/100
|
|t:|1743859715
|switch|p2a: Samurott|Samurott-Hisui, F, shiny|100/100|[from] Volt Switch
|-damage|p2a: Samurott|88/100|[from] Stealth Rock
|
|upkeep
|turn|7
|
|t:|1743859743
|switch|p1a: Dondozo|Dondozo, M|100/100
|move|p2a: Samurott|Aqua Cutter|p1a: Dondozo
|-resisted|p1a: Dondozo
|-damage|p1a: Dondozo|89/100
|
|upkeep
|turn|8
|
|t:|1743859756
|move|p2a: Samurott|Ceaseless Edge|p1a: Dondozo|[miss]
|-miss|p2a: Samurott|p1a: Dondozo
|move|p1a: Dondozo|Body Press|p2a: Samurott
|-supereffective|p2a: Samurott
|-damage|p2a: Samurott|20/100
|
|upkeep
|turn|9
|inactive|MorelikeStanDarsh has 60 seconds left.
|
|t:|1743859774
|switch|p2a: Rotom|Rotom-Wash, shiny|94/100
|-damage|p2a: Rotom|82/100|[from] Stealth Rock
|move|p1a: Dondozo|Body Press|p2a: Rotom
|-damage|p2a: Rotom|59/100
|
|-heal|p2a: Rotom|66/100|[from] item: Leftovers
|upkeep
|turn|10
|inactive|MorelikeStanDarsh has 60 seconds left.
|
|t:|1743859789
|switch|p1a: Clodsire|Clodsire, M|57/100
|move|p2a: Rotom|Thunder Wave|p1a: Clodsire
|-immune|p1a: Clodsire
|
|-heal|p2a: Rotom|72/100|[from] item: Leftovers
|upkeep
|turn|11
|
|t:|1743859798
|switch|p1a: Blissey|Blissey, F|76/100
|move|p2a: Rotom|Hydro Pump|p1a: Blissey|[miss]
|-miss|p2a: Rotom|p1a: Blissey
|
|-heal|p2a: Rotom|78/100|[from] item: Leftovers
|upkeep
|turn|12
|
|t:|1743859812
|move|p2a: Rotom|Pain Split|p1a: Blissey
|-sethp|p1a: Blissey|55/100|[from] move: Pain Split|[silent]
|-sethp|p2a: Rotom|100/100|[from] move: Pain Split
|move|p1a: Blissey|Seismic Toss|p2a: Rotom
|-damage|p2a: Rotom|68/100
|
|-heal|p2a: Rotom|74/100|[from] item: Leftovers
|upkeep
|turn|13
|
|t:|1743859819
|move|p2a: Rotom|Pain Split|p1a: Blissey
|-sethp|p1a: Blissey|43/100|[from] move: Pain Split|[silent]
|-sethp|p2a: Rotom|100/100|[from] move: Pain Split
|move|p1a: Blissey|Soft-Boiled|p1a: Blissey
|-heal|p1a: Blissey|93/100
|
|upkeep
|turn|14
|
|t:|1743859829
|switch|p1a: Clodsire|Clodsire, M|57/100
|move|p2a: Rotom|Pain Split|p1a: Clodsire
|-sethp|p1a: Clodsire|61/100|[from] move: Pain Split|[silent]
|-sethp|p2a: Rotom|93/100|[from] move: Pain Split
|
|-heal|p2a: Rotom|99/100|[from] item: Leftovers
|upkeep
|turn|15
|
|t:|1743859838
|move|p2a: Rotom|Hydro Pump|p1a: Clodsire
|-supereffective|p1a: Clodsire
|-crit|p1a: Clodsire
|-damage|p1a: Clodsire|3/100
|move|p1a: Clodsire|Recover|p1a: Clodsire
|-heal|p1a: Clodsire|53/100
|
|-heal|p2a: Rotom|100/100|[from] item: Leftovers
|upkeep
|turn|16
|inactive|MorelikeStanDarsh has 90 seconds left.
|
|t:|1743859845
|move|p2a: Rotom|Hydro Pump|p1a: Clodsire
|-supereffective|p1a: Clodsire
|-damage|p1a: Clodsire|9/100
|move|p1a: Clodsire|Recover|p1a: Clodsire
|-heal|p1a: Clodsire|59/100
|
|upkeep
|turn|17
|
|t:|1743859852
|move|p2a: Rotom|Hydro Pump|p1a: Clodsire
|-supereffective|p1a: Clodsire
|-damage|p1a: Clodsire|20/100
|move|p1a: Clodsire|Recover|p1a: Clodsire
|-heal|p1a: Clodsire|70/100
|
|upkeep
|turn|18
|
|t:|1743859855
|move|p2a: Rotom|Hydro Pump|p1a: Clodsire
|-supereffective|p1a: Clodsire
|-damage|p1a: Clodsire|31/100
|move|p1a: Clodsire|Recover|p1a: Clodsire
|-heal|p1a: Clodsire|81/100
|
|upkeep
|turn|19
|
|t:|1743859858
|move|p2a: Rotom|Hydro Pump|p1a: Clodsire
|-supereffective|p1a: Clodsire
|-damage|p1a: Clodsire|41/100
|move|p1a: Clodsire|Toxic|p2a: Rotom
|-status|p2a: Rotom|tox
|
|-damage|p2a: Rotom|94/100 tox|[from] psn
|upkeep
|turn|20
|inactive|MorelikeStanDarsh has 120 seconds left.
|
|t:|1743859865
|switch|p1a: Blissey|Blissey, F|93/100
|move|p2a: Rotom|Hydro Pump|p1a: Blissey
|-crit|p1a: Blissey
|-damage|p1a: Blissey|78/100
|
|-heal|p2a: Rotom|100/100 tox|[from] item: Leftovers
|-damage|p2a: Rotom|88/100 tox|[from] psn
|upkeep
|turn|21
|inactive|MorelikeStanDarsh has 120 seconds left.
|
|t:|1743859879
|move|p2a: Rotom|Hydro Pump|p1a: Blissey
|-damage|p1a: Blissey|67/100
|move|p1a: Blissey|Seismic Toss|p2a: Rotom
|-damage|p2a: Rotom|55/100 tox
|
|-heal|p2a: Rotom|61/100 tox|[from] item: Leftovers
|-damage|p2a: Rotom|43/100 tox|[from] psn
|upkeep
|turn|22
|
|t:|1743859885
|move|p2a: Rotom|Pain Split|p1a: Blissey
|-sethp|p1a: Blissey|43/100|[from] move: Pain Split|[silent]
|-sethp|p2a: Rotom|99/100 tox|[from] move: Pain Split
|move|p1a: Blissey|Soft-Boiled|p1a: Blissey
|-heal|p1a: Blissey|93/100
|
|-heal|p2a: Rotom|100/100 tox|[from] item: Leftovers
|-damage|p2a: Rotom|75/100 tox|[from] psn
|upkeep
|turn|23
|
|t:|1743859899
|switch|p2a: Great Tusk|Great Tusk, shiny|100/100
|-damage|p2a: Great Tusk|98/100|[from] Stealth Rock
|move|p1a: Blissey|Seismic Toss|p2a: Great Tusk
|-damage|p2a: Great Tusk|74/100
|-damage|p1a: Blissey|76/100|[from] item: Rocky Helmet|[of] p2a: Great Tusk
|
|upkeep
|turn|24
|
|t:|1743859909
|switch|p1a: Dondozo|Dondozo, M|89/100
|move|p2a: Great Tusk|Rapid Spin|p1a: Dondozo
|-damage|p1a: Dondozo|82/100
|-boost|p2a: Great Tusk|spe|1
|-sideend|p2: MorelikeStanDarsh|Stealth Rock|[from] move: Rapid Spin|[of] p2a: Great Tusk
|
|upkeep
|turn|25
|inactive|MorelikeStanDarsh has 120 seconds left.
|
|t:|1743859925
|-end|p2a: Great Tusk|Protosynthesis|[silent]
|switch|p2a: Rotom|Rotom-Wash, shiny|75/100 tox
|move|p1a: Dondozo|Liquidation|p2a: Rotom
|-resisted|p2a: Rotom
|-damage|p2a: Rotom|64/100 tox
|
|-heal|p2a: Rotom|70/100 tox|[from] item: Leftovers
|-damage|p2a: Rotom|64/100 tox|[from] psn
|upkeep
|turn|26
|inactive|MorelikeStanDarsh has 120 seconds left.
|
|t:|1743859935
|switch|p1a: Clodsire|Clodsire, M|41/100
|move|p2a: Rotom|Volt Switch|p1a: Clodsire
|-immune|p1a: Clodsire
|
|-heal|p2a: Rotom|70/100 tox|[from] item: Leftovers
|-damage|p2a: Rotom|57/100 tox|[from] psn
|upkeep
|turn|27
|
|t:|1743859944
|switch|p2a: Metagross|Metagross, shiny|100/100
|switch|p1a: Blissey|Blissey, F|76/100
|
|upkeep
|turn|28
|inactive|MorelikeStanDarsh has 120 seconds left.
|
|t:|1743859968
|switch|p1a: Talonflame|Talonflame, F|100/100
|move|p2a: Metagross|Heavy Slam|p1a: Talonflame
|-resisted|p1a: Talonflame
|-damage|p1a: Talonflame|64/100
|
|upkeep
|turn|29
|inactive|MorelikeStanDarsh has 120 seconds left.
|
|t:|1743859983
|switch|p2a: Rotom|Rotom-Wash, shiny|57/100 tox
|move|p1a: Talonflame|Roost|p1a: Talonflame
|-heal|p1a: Talonflame|100/100
|-singleturn|p1a: Talonflame|move: Roost
|
|-heal|p2a: Rotom|64/100 tox|[from] item: Leftovers
|-damage|p2a: Rotom|57/100 tox|[from] psn
|upkeep
|turn|30
|
|t:|1743859994
|switch|p1a: Clodsire|Clodsire, M|41/100
|move|p2a: Rotom|Pain Split|p1a: Clodsire
|-sethp|p1a: Clodsire|39/100|[from] move: Pain Split|[silent]
|-sethp|p2a: Rotom|59/100 tox|[from] move: Pain Split
|
|-heal|p2a: Rotom|66/100 tox|[from] item: Leftovers
|-damage|p2a: Rotom|53/100 tox|[from] psn
|upkeep
|turn|31
|
|t:|1743860007
|switch|p2a: Metagross|Metagross, shiny|100/100
|move|p1a: Clodsire|Recover|p1a: Clodsire
|-heal|p1a: Clodsire|89/100
|
|upkeep
|turn|32
|
|t:|1743860019
|switch|p2a: Raging Bolt|Raging Bolt, tera:Ice|100/100
|switch|p1a: Talonflame|Talonflame, F|100/100
|
|upkeep
|turn|33
|
|t:|1743860038
|switch|p1a: Blissey|Blissey, F|76/100
|move|p2a: Raging Bolt|Dragon Pulse|p1a: Blissey
|-damage|p1a: Blissey|62/100
|
|upkeep
|turn|34
|
|t:|1743860047
|-end|p2a: Raging Bolt|Protosynthesis|[silent]
|switch|p2a: Great Tusk|Great Tusk, shiny|74/100
|move|p1a: Blissey|Seismic Toss|p2a: Great Tusk
|-damage|p2a: Great Tusk|51/100
|-damage|p1a: Blissey|46/100|[from] item: Rocky Helmet|[of] p2a: Great Tusk
|
|upkeep
|turn|35
|
|t:|1743860056
|-end|p2a: Great Tusk|Protosynthesis|[silent]
|switch|p2a: Raging Bolt|Raging Bolt, tera:Ice|100/100
|switch|p1a: Alomomola|Alomomola, M|100/100
|
|upkeep
|turn|36
|inactive|MorelikeStanDarsh has 120 seconds left.
|
|t:|1743860069
|switch|p1a: Blissey|Blissey, F|46/100
|move|p2a: Raging Bolt|Dragon Pulse|p1a: Blissey
|-damage|p1a: Blissey|33/100
|
|upkeep
|turn|37
|inactive|MorelikeStanDarsh has 120 seconds left.
|
|t:|1743860075
|-end|p2a: Raging Bolt|Protosynthesis|[silent]
|switch|p2a: Samurott|Samurott-Hisui, F, shiny|20/100
|move|p1a: Blissey|Soft-Boiled|p1a: Blissey
|-heal|p1a: Blissey|83/100
|
|upkeep
|turn|38
|
|t:|1743860082
|switch|p1a: Dondozo|Dondozo, M|82/100
|move|p2a: Samurott|Ceaseless Edge|p1a: Dondozo|[miss]
|-miss|p2a: Samurott|p1a: Dondozo
|
|upkeep
|turn|39
|
|t:|1743860092
|move|p2a: Samurott|Ceaseless Edge|p1a: Dondozo
|-damage|p1a: Dondozo|61/100
|-sidestart|p1: lordnabos|Spikes
|move|p1a: Dondozo|Body Press|p2a: Samurott
|-supereffective|p2a: Samurott
|-damage|p2a: Samurott|0 fnt
|faint|p2a: Samurott
|
|upkeep
|
|t:|1743860099
|switch|p2a: Raging Bolt|Raging Bolt|100/100
|-start|p2a: Raging Bolt|typechange|Ice|[silent]
|turn|40
|
|t:|1743860113
|switch|p2a: Great Tusk|Great Tusk, shiny|51/100
|switch|p1a: Blissey|Blissey, F|83/100
|
|upkeep
|turn|41
|inactive|MorelikeStanDarsh has 120 seconds left.
|
|t:|1743860139
|-end|p2a: Great Tusk|Protosynthesis|[silent]
|switch|p2a: Raging Bolt|Raging Bolt, tera:Ice|100/100
|switch|p1a: Alomomola|Alomomola, M|100/100
|
|upkeep
|turn|42
|inactive|MorelikeStanDarsh has 120 seconds left.
|
|t:|1743860148
|move|p1a: Alomomola|Protect|p1a: Alomomola
|-singleturn|p1a: Alomomola|Protect
|move|p2a: Raging Bolt|Discharge|p1a: Alomomola
|-activate|p1a: Alomomola|move: Protect
|
|upkeep
|turn|43
|
|t:|1743860160
|switch|p1a: Clodsire|Clodsire, M|89/100
|move|p2a: Raging Bolt|Dragon Pulse|p1a: Clodsire
|-damage|p1a: Clodsire|61/100
|
|upkeep
|turn|44
|
|t:|1743860169
|move|p2a: Raging Bolt|Tera Blast|p1a: Clodsire|[anim] Tera Blast Ice
|-supereffective|p1a: Clodsire
|-damage|p1a: Clodsire|12/100
|move|p1a: Clodsire|Toxic|p2a: Raging Bolt
|-status|p2a: Raging Bolt|tox
|
|-damage|p2a: Raging Bolt|94/100 tox|[from] psn
|upkeep
|turn|45
|
|t:|1743860179
|-end|p2a: Raging Bolt|Protosynthesis|[silent]
|switch|p2a: Great Tusk|Great Tusk, shiny|51/100
|switch|p1a: Alomomola|Alomomola, M|100/100
|
|upkeep
|turn|46
|
|t:|1743860196
|-end|p2a: Great Tusk|Protosynthesis|[silent]
|switch|p2a: Rotom|Rotom-Wash, shiny|53/100 tox
|move|p1a: Alomomola|Whirlpool|p2a: Rotom
|-resisted|p2a: Rotom
|-damage|p2a: Rotom|50/100 tox
|-activate|p2a: Rotom|move: Whirlpool|[of] p1a: Alomomola
|
|-heal|p2a: Rotom|56/100 tox|[from] item: Leftovers
|-damage|p2a: Rotom|50/100 tox|[from] psn
|-damage|p2a: Rotom|37/100 tox|[from] move: Whirlpool|[partiallytrapped]
|upkeep
|turn|47
|
|t:|1743860206
|move|p1a: Alomomola|Protect|p1a: Alomomola
|-singleturn|p1a: Alomomola|Protect
|move|p2a: Rotom|Pain Split|p1a: Alomomola
|-activate|p1a: Alomomola|move: Protect
|
|-heal|p2a: Rotom|44/100 tox|[from] item: Leftovers
|-damage|p2a: Rotom|31/100 tox|[from] psn
|-damage|p2a: Rotom|19/100 tox|[from] move: Whirlpool|[partiallytrapped]
|upkeep
|turn|48
|
|t:|1743860215
|switch|p1a: Clodsire|Clodsire, M|12/100
|move|p2a: Rotom|Pain Split|p1a: Clodsire
|-sethp|p1a: Clodsire|12/100|[from] move: Pain Split|[silent]
|-sethp|p2a: Rotom|18/100 tox|[from] move: Pain Split
|
|-heal|p2a: Rotom|25/100 tox|[from] item: Leftovers
|-damage|p2a: Rotom|6/100 tox|[from] psn
|-end|p2a: Rotom|Whirlpool|[partiallytrapped]|[silent]
|upkeep
|turn|49
|
|t:|1743860241
|switch|p2a: Raging Bolt|Raging Bolt, tera:Ice|94/100 tox
|move|p1a: Clodsire|Recover|p1a: Clodsire
|-heal|p1a: Clodsire|62/100
|
|-damage|p2a: Raging Bolt|88/100 tox|[from] psn
|upkeep
|turn|50
|
|t:|1743860251
|-end|p2a: Raging Bolt|Protosynthesis|[silent]
|switch|p2a: Great Tusk|Great Tusk, shiny|51/100
|move|p1a: Clodsire|Earthquake|p2a: Great Tusk
|-damage|p2a: Great Tusk|34/100
|
|upkeep
|turn|51
|
|t:|1743860259
|move|p2a: Great Tusk|Headlong Rush|p1a: Clodsire
|-supereffective|p1a: Clodsire
|-damage|p1a: Clodsire|0 fnt
|-unboost|p2a: Great Tusk|def|1
|-unboost|p2a: Great Tusk|spd|1
|faint|p1a: Clodsire
|
|upkeep
|
|t:|1743860264
|switch|p1a: Alomomola|Alomomola, M|100/100
|turn|52
|
|t:|1743860271
|-end|p2a: Great Tusk|Protosynthesis|[silent]
|switch|p2a: Rotom|Rotom-Wash, shiny|6/100 tox
|move|p1a: Alomomola|Whirlpool|p2a: Rotom|[miss]
|-miss|p1a: Alomomola|p2a: Rotom
|
|-heal|p2a: Rotom|12/100 tox|[from] item: Leftovers
|-damage|p2a: Rotom|6/100 tox|[from] psn
|upkeep
|turn|53
|
|t:|1743860289
|move|p1a: Alomomola|Protect|p1a: Alomomola
|-singleturn|p1a: Alomomola|Protect
|move|p2a: Rotom|Pain Split|p1a: Alomomola
|-activate|p1a: Alomomola|move: Protect
|
|-heal|p2a: Rotom|12/100 tox|[from] item: Leftovers
|-damage|p2a: Rotom|0 fnt|[from] psn
|faint|p2a: Rotom
|upkeep
|
|t:|1743860302
|switch|p2a: Raging Bolt|Raging Bolt, tera:Ice|88/100 tox
|turn|54
|
|t:|1743860309
|switch|p1a: Blissey|Blissey, F|83/100
|move|p2a: Raging Bolt|Discharge|p1a: Blissey
|-damage|p1a: Blissey|71/100
|
|-damage|p2a: Raging Bolt|82/100 tox|[from] psn
|upkeep
|turn|55
|
|t:|1743860321
|-end|p2a: Raging Bolt|Protosynthesis|[silent]
|switch|p2a: Great Tusk|Great Tusk, shiny|100/100
|move|p1a: Blissey|Stealth Rock|p2a: Great Tusk
|-sidestart|p2: MorelikeStanDarsh|move: Stealth Rock
|
|upkeep
|turn|56
|
|t:|1743860332
|switch|p1a: Toxapex|Toxapex, F|100/100
|move|p2a: Great Tusk|Hyper Voice|p1a: Toxapex
|-damage|p1a: Toxapex|48/100
|
|upkeep
|turn|57
|
|t:|1743860343
|move|p2a: Great Tusk|Hyper Voice|p1a: Toxapex
|-damage|p1a: Toxapex|0 fnt
|faint|p1a: Toxapex
|
|upkeep
|
|t:|1743860346
|switch|p1a: Blissey|Blissey, F|71/100
|turn|58
|
|t:|1743860356
|switch|p2a: Metagross|Metagross, shiny|100/100
|-damage|p2a: Metagross|94/100|[from] Stealth Rock
|move|p1a: Blissey|Soft-Boiled|p1a: Blissey
|-heal|p1a: Blissey|100/100
|
|upkeep
|turn|59
|
|t:|1743860368
|switch|p2a: Raging Bolt|Raging Bolt, tera:Ice|82/100 tox
|-damage|p2a: Raging Bolt|57/100 tox|[from] Stealth Rock
|switch|p1a: Talonflame|Talonflame, F|100/100
|
|-damage|p2a: Raging Bolt|51/100 tox|[from] psn
|upkeep
|turn|60
|
|t:|1743860387
|switch|p1a: Blissey|Blissey, F|100/100
|move|p2a: Raging Bolt|Discharge|p1a: Blissey
|-damage|p1a: Blissey|87/100
|
|-damage|p2a: Raging Bolt|38/100 tox|[from] psn
|upkeep
|turn|61
|
|t:|1743860409
|-end|p2a: Raging Bolt|Protosynthesis|[silent]
|switch|p2a: Great Tusk|Great Tusk, shiny|100/100
|-damage|p2a: Great Tusk|88/100|[from] Stealth Rock
|switch|p1a: Dondozo|Dondozo, M|61/100
|
|upkeep
|turn|62
|
|t:|1743860417
|move|p2a: Great Tusk|Grass Knot|p1a: Dondozo
|-supereffective|p1a: Dondozo
|-damage|p1a: Dondozo|0 fnt
|faint|p1a: Dondozo
|
|upkeep
|
|t:|1743860420
|switch|p1a: Talonflame|Talonflame, F|100/100
|turn|63
|
|t:|1743860439
|switch|p2a: Raging Bolt|Raging Bolt, tera:Ice|38/100 tox
|-damage|p2a: Raging Bolt|14/100 tox|[from] Stealth Rock
|move|p1a: Talonflame|Will-O-Wisp||[still]
|-fail|p1a: Talonflame
|
|-damage|p2a: Raging Bolt|7/100 tox|[from] psn
|upkeep
|turn|64
|
|t:|1743860448
|move|p1a: Talonflame|Flamethrower|p2a: Raging Bolt
|-supereffective|p2a: Raging Bolt
|-damage|p2a: Raging Bolt|0 fnt
|faint|p2a: Raging Bolt
|-end|p2a: Raging Bolt|Protosynthesis|[silent]
|
|upkeep
|
|t:|1743860457
|switch|p2a: Great Tusk|Great Tusk, shiny|88/100
|-damage|p2a: Great Tusk|76/100|[from] Stealth Rock
|turn|65
|
|t:|1743860464
|move|p2a: Great Tusk|Hyper Voice|p1a: Talonflame
|-damage|p1a: Talonflame|16/100
|move|p1a: Talonflame|Will-O-Wisp|p2a: Great Tusk
|-status|p2a: Great Tusk|brn
|
|-damage|p2a: Great Tusk|70/100 brn|[from] brn
|upkeep
|turn|66
|
|t:|1743860478
|switch|p2a: Great Tusk|Great Tusk, shiny|34/100
|-damage|p2a: Great Tusk|31/100|[from] Stealth Rock
|-terastallize|p1a: Talonflame|Ghost
|move|p1a: Talonflame|Flamethrower|p2a: Great Tusk
|-damage|p2a: Great Tusk|0 fnt
|faint|p2a: Great Tusk
|-end|p2a: Great Tusk|Protosynthesis|[silent]
|
|upkeep
|
|t:|1743860505
|switch|p2a: Metagross|Metagross, shiny|70/100 brn
|-damage|p2a: Metagross|57/100 brn|[from] Stealth Rock
|turn|67
|
|t:|1743860512
|move|p2a: Metagross|Flamethrower|p1a: Talonflame
|-damage|p1a: Talonflame|0 fnt
|faint|p1a: Talonflame
|
|-damage|p2a: Metagross|51/100 brn|[from] brn
|upkeep
|
|t:|1743860517
|switch|p1a: Blissey|Blissey, F|87/100
|turn|68
|
|t:|1743860534
|move|p2a: Metagross|Flamethrower|p1a: Blissey
|-damage|p1a: Blissey|75/100
|move|p1a: Blissey|Shadow Ball|p2a: Metagross
|-immune|p2a: Metagross
|
|-damage|p2a: Metagross|46/100 brn|[from] brn
|upkeep
|turn|69
|
|t:|1743860541
|move|p2a: Metagross|Flamethrower|p1a: Blissey
|-damage|p1a: Blissey|61/100
|move|p1a: Blissey|Shadow Ball|p2a: Metagross
|-immune|p2a: Metagross
|
|-damage|p2a: Metagross|40/100 brn|[from] brn
|upkeep
|turn|70
|
|t:|1743860544
|move|p2a: Metagross|Flamethrower|p1a: Blissey
|-damage|p1a: Blissey|49/100
|move|p1a: Blissey|Shadow Ball|p2a: Metagross
|-immune|p2a: Metagross
|
|-damage|p2a: Metagross|34/100 brn|[from] brn
|upkeep
|turn|71
|
|t:|1743860550
|move|p2a: Metagross|Flamethrower|p1a: Blissey
|-damage|p1a: Blissey|35/100
|move|p1a: Blissey|Shadow Ball|p2a: Metagross
|-immune|p2a: Metagross
|
|-damage|p2a: Metagross|28/100 brn|[from] brn
|upkeep
|turn|72
|
|t:|1743860555
|move|p2a: Metagross|Flamethrower|p1a: Blissey
|-damage|p1a: Blissey|22/100
|move|p1a: Blissey|Soft-Boiled|p1a: Blissey
|-heal|p1a: Blissey|72/100
|
|-damage|p2a: Metagross|22/100 brn|[from] brn
|upkeep
|turn|73
|
|t:|1743860564
|move|p2a: Metagross|Flamethrower|p1a: Blissey
|-damage|p1a: Blissey|60/100
|move|p1a: Blissey|Shadow Ball|p2a: Metagross
|-immune|p2a: Metagross
|
|-damage|p2a: Metagross|16/100 brn|[from] brn
|upkeep
|turn|74
|
|t:|1743860569
|move|p2a: Metagross|Flamethrower|p1a: Blissey
|-damage|p1a: Blissey|47/100
|move|p1a: Blissey|Soft-Boiled|p1a: Blissey
|-heal|p1a: Blissey|97/100
|
|-damage|p2a: Metagross|10/100 brn|[from] brn
|upkeep
|turn|75
|
|t:|1743860576
|move|p2a: Metagross|Flamethrower|p1a: Blissey
|-damage|p1a: Blissey|84/100
|move|p1a: Blissey|Shadow Ball|p2a: Metagross
|-immune|p2a: Metagross
|
|-damage|p2a: Metagross|4/100 brn|[from] brn
|upkeep
|turn|76
|
|t:|1743860584
|move|p2a: Metagross|Flamethrower|p1a: Blissey
|-damage|p1a: Blissey|71/100
|move|p1a: Blissey|Soft-Boiled|p1a: Blissey
|-heal|p1a: Blissey|100/100
|
|-damage|p2a: Metagross|0 fnt|[from] brn
|faint|p2a: Metagross
|upkeep
|
|t:|1743860590
|switch|p2a: Metagross|Metagross, shiny|94/100
|-damage|p2a: Metagross|88/100|[from] Stealth Rock
|turn|77
|
|t:|1743860595
|move|p2a: Metagross|Heavy Slam|p1a: Blissey
|-damage|p1a: Blissey|0 fnt
|faint|p1a: Blissey
|
|upkeep
|
|t:|1743860597
|switch|p1a: Alomomola|Alomomola, M|100/100
|turn|78
|
|t:|1743860623
|move|p2a: Metagross|Earthquake|p1a: Alomomola
|-damage|p1a: Alomomola|81/100
|move|p1a: Alomomola|Whirlpool|p2a: Metagross
|-damage|p2a: Metagross|81/100
|-activate|p2a: Metagross|move: Whirlpool|[of] p1a: Alomomola
|
|-damage|p2a: Metagross|69/100|[from] move: Whirlpool|[partiallytrapped]
|upkeep
|turn|79
|
|t:|1743860627
|move|p2a: Metagross|Earthquake|p1a: Alomomola
|-damage|p1a: Alomomola|62/100
|move|p1a: Alomomola|Wish|p1a: Alomomola
|
|-damage|p2a: Metagross|57/100|[from] move: Whirlpool|[partiallytrapped]
|upkeep
|turn|80
|
|t:|1743860629
|move|p1a: Alomomola|Protect|p1a: Alomomola
|-singleturn|p1a: Alomomola|Protect
|move|p2a: Metagross|Earthquake|p1a: Alomomola
|-activate|p1a: Alomomola|move: Protect
|
|-heal|p1a: Alomomola|100/100|[from] move: Wish|[wisher] Alomomola
|-damage|p2a: Metagross|44/100|[from] move: Whirlpool|[partiallytrapped]
|upkeep
|turn|81
|
|t:|1743860631
|move|p2a: Metagross|Earthquake|p1a: Alomomola
|-damage|p1a: Alomomola|80/100
|move|p1a: Alomomola|Chilling Water|p2a: Metagross
|-damage|p2a: Metagross|35/100
|
|-damage|p2a: Metagross|23/100|[from] move: Whirlpool|[partiallytrapped]
|upkeep
|turn|82
|-enditem|p2a: Metagross|Custap Berry|[eat]
|-activate|p2a: Metagross|item: Custap Berry|[consumed]
|
|t:|1743860633
|move|p2a: Metagross|Explosion|p1a: Alomomola
|-damage|p1a: Alomomola|30/100
|faint|p2a: Metagross
|
|win|lordnabos
|raw|lordnabos's rating: 1416 &rarr; <strong>1436</strong><br />(+20 for winning)
|raw|MorelikeStanDarsh's rating: 1409 &rarr; <strong>1389</strong><br />(-20 for losing)
|l|‽MorelikeStanDarsh
|player|p2|
