|j|☆gonichupamatracas
|j|☆A1980217
|t:|1743845400
|gametype|singles
|player|p1|gonichupamatracas|shadowtriad|1287
|player|p2|A1980217|266|1253
|teamsize|p1|6
|teamsize|p2|6
|gen|9
|tier|[Gen 9] OU
|rated|
|rule|HP Percentage Mod: HP is shown in percentages
|rule|Endless Battle Clause: Forcing endless battles is banned
|rule|Species Clause: Limit one of each Pokémon
|rule|OHKO Clause: OHKO moves are banned
|rule|Evasion Items Clause: Evasion items are banned
|rule|Evasion Moves Clause: Evasion moves are banned
|rule|Sleep Moves Clause: Sleep-inducing moves are banned
|clearpoke
|poke|p1|Vikavolt, M|
|poke|p1|Iron Valiant|
|poke|p1|Tyranitar, M|
|poke|p1|Dragapult, M|
|poke|p1|Pecharunt|
|poke|p1|Cinderace, F|
|poke|p2|Zamazenta-*|
|poke|p2|Ogerpon-Wellspring, F|
|poke|p2|Garganacl, F|
|poke|p2|Samurott-Hisui, M|
|poke|p2|Dragonite, M|
|poke|p2|Cinderace, M|
|teampreview
|inactive|Battle timer is ON: inactive players will automatically lose when time's up. (requested by A1980217)
|
|t:|1743845423
|start
|switch|p1a: Vikavolt|Vikavolt, M|100/100
|switch|p2a: Cinderace|Cinderace, M|100/100
|turn|1
|
|t:|1743845434
|switch|p1a: Pecharunt|Pecharunt|100/100
|-item|p1a: Pecharunt|Air Balloon
|move|p2a: Cinderace|Pyro Ball|p1a: Pecharunt
|-damage|p1a: Pecharunt|52/100
|-enditem|p1a: Pecharunt|Air Balloon
|
|upkeep
|turn|2
|
|t:|1743845444
|switch|p2a: Garganacl|Garganacl, F|100/100
|move|p1a: Pecharunt|Recover|p1a: Pecharunt
|-heal|p1a: Pecharunt|100/100
|
|upkeep
|turn|3
|
|t:|1743845448
|move|p1a: Pecharunt|Malignant Chain|p2a: Garganacl
|-resisted|p2a: Garganacl
|-damage|p2a: Garganacl|88/100
|move|p2a: Garganacl|Salt Cure|p1a: Pecharunt
|-damage|p1a: Pecharunt|92/100
|-start|p1a: Pecharunt|Salt Cure
|
|-heal|p2a: Garganacl|94/100|[from] item: Leftovers
|-damage|p1a: Pecharunt|80/100|[from] Salt Cure
|upkeep
|turn|4
|
|t:|1743845457
|move|p1a: Pecharunt|Malignant Chain|p2a: Garganacl
|-resisted|p2a: Garganacl
|-damage|p2a: Garganacl|82/100
|move|p2a: Garganacl|Iron Defense|p2a: Garganacl
|-boost|p2a: Garganacl|def|2
|
|-heal|p2a: Garganacl|89/100|[from] item: Leftovers
|-damage|p1a: Pecharunt|68/100|[from] Salt Cure
|upkeep
|turn|5
|
|t:|1743845462
|move|p1a: Pecharunt|Malignant Chain|p2a: Garganacl
|-resisted|p2a: Garganacl
|-damage|p2a: Garganacl|77/100
|move|p2a: Garganacl|Iron Defense|p2a: Garganacl
|-boost|p2a: Garganacl|def|2
|
|-heal|p2a: Garganacl|83/100|[from] item: Leftovers
|-damage|p1a: Pecharunt|55/100|[from] Salt Cure
|upkeep
|turn|6
|c|☆gonichupamatracas|:x
|c|☆gonichupamatracas|150% and no poison
|c|☆gonichupamatracas|:xxxx
|
|t:|1743845475
|move|p1a: Pecharunt|Malignant Chain|p2a: Garganacl
|-resisted|p2a: Garganacl
|-damage|p2a: Garganacl|71/100
|move|p2a: Garganacl|Iron Defense|p2a: Garganacl
|-boost|p2a: Garganacl|def|2
|
|-heal|p2a: Garganacl|77/100|[from] item: Leftovers
|-damage|p1a: Pecharunt|43/100|[from] Salt Cure
|upkeep
|turn|7
|c|☆gonichupamatracas|200%%%%%%
|inactive|A1980217 has 120 seconds left.
|
|t:|1743845514
|move|p1a: Pecharunt|Malignant Chain|p2a: Garganacl
|-resisted|p2a: Garganacl
|-damage|p2a: Garganacl|65/100
|move|p2a: Garganacl|Salt Cure|p1a: Pecharunt
|-damage|p1a: Pecharunt|35/100
|
|-heal|p2a: Garganacl|71/100|[from] item: Leftovers
|-damage|p1a: Pecharunt|22/100|[from] Salt Cure
|upkeep
|turn|8
|-message|gonichupamatracas forfeited.
|
|win|A1980217
|raw|gonichupamatracas's rating: 1287 &rarr; <strong>1260</strong><br />(-27 for losing)
|raw|A1980217's rating: 1253 &rarr; <strong>1280</strong><br />(+27 for winning)
|l|☆gonichupamatracas
|player|p1|
|l|☆A1980217
|player|p2|
