|j|☆Rhanhur
|j|☆BoonWT
|t:|1743850001
|gametype|singles
|player|p1|Rhanhur|ghetsis|1070
|player|p2|BoonWT|102|1154
|teamsize|p1|6
|teamsize|p2|6
|gen|9
|tier|[Gen 9] OU
|rated|
|rule|HP Percentage Mod: HP is shown in percentages
|rule|Endless Battle Clause: Forcing endless battles is banned
|rule|Species Clause: Limit one of each Pokémon
|rule|OHKO Clause: OHKO moves are banned
|rule|Evasion Items Clause: Evasion items are banned
|rule|Evasion Moves Clause: Evasion moves are banned
|rule|Sleep Moves Clause: Sleep-inducing moves are banned
|clearpoke
|poke|p1|Azelf|
|poke|p1|Grafaiai, M|
|poke|p1|Meowscarada, F|
|poke|p1|Golem-Alola, M|
|poke|p1|Flamigo, F|
|poke|p1|Garganacl, M|
|poke|p2|Dragapult, F|
|poke|p2|Garchomp, F|
|poke|p2|Maushold-Four|
|poke|p2|Skeledirge, F|
|poke|p2|Weavile, F|
|poke|p2|Scizor, F|
|teampreview
|
|t:|1743850005
|start
|switch|p1a: PureCiao!|Azelf|100/100
|switch|p2a: Weavile|Weavile, F|100/100
|-ability|p2a: Weavile|Pressure
|turn|1
|
|t:|1743850015
|move|p1a: PureCiao!|Stealth Rock|p2a: Weavile
|-sidestart|p2: BoonWT|move: Stealth Rock
|move|p2a: Weavile|Swords Dance|p2a: Weavile
|-boost|p2a: Weavile|atk|2
|
|upkeep
|turn|2
|
|t:|1743850023
|move|p1a: PureCiao!|Explosion|p2a: Weavile
|-enditem|p2a: Weavile|Focus Sash
|-damage|p2a: Weavile|1/100
|faint|p1a: PureCiao!
|move|p2a: Weavile|Throat Chop|p1: PureCiao!|[notarget]
|-fail|p2a: Weavile
|
|upkeep
|
|t:|1743850048
|switch|p1a: Zzzzzzz|Golem-Alola, M|100/100
|-item|p1a: Zzzzzzz|Air Balloon
|turn|3
|
|t:|1743850067
|move|p2a: Weavile|Triple Axel|p1a: Zzzzzzz
|-damage|p1a: Zzzzzzz|85/100
|-enditem|p1a: Zzzzzzz|Air Balloon
|-damage|p1a: Zzzzzzz|52/100
|-crit|p1a: Zzzzzzz
|-damage|p1a: Zzzzzzz|0 fnt
|faint|p1a: Zzzzzzz
|-hitcount|p1: Zzzzzzz|3
|
|upkeep
|
|t:|1743850078
|switch|p1a: FinalStand|Garganacl, M, shiny|100/100
|turn|4
|
|t:|1743850106
|move|p2a: Weavile|Triple Axel|p1a: FinalStand
|-damage|p1a: FinalStand|86/100
|-damage|p1a: FinalStand|62/100
|-hitcount|p1a: FinalStand|2
|move|p1a: FinalStand|Explosion|p2a: Weavile
|-damage|p2a: Weavile|0 fnt
|faint|p1a: FinalStand
|faint|p2a: Weavile
|
|upkeep
|
|t:|1743850120
|switch|p2a: Scizor|Scizor, F|100/100
|switch|p1a: ChaosChaos|Grafaiai, M, shiny|100/100
|-damage|p2a: Scizor|88/100|[from] Stealth Rock
|turn|5
|
|t:|1743850148
|move|p1a: ChaosChaos|Copycat|p1a: ChaosChaos
|move|p1a: ChaosChaos|Explosion|p2a: Scizor|[from] move: Copycat
|-resisted|p2a: Scizor
|-crit|p2a: Scizor
|-damage|p2a: Scizor|0 fnt
|faint|p1a: ChaosChaos
|faint|p2a: Scizor
|
|upkeep
|
|t:|1743850159
|switch|p1a: NotEvenDeath..|Flamigo, F|100/100
|switch|p2a: Skeledirge|Skeledirge, F|100/100
|-damage|p2a: Skeledirge|76/100|[from] Stealth Rock
|turn|6
|
|t:|1743850184
|move|p1a: NotEvenDeath..|Copycat|p1a: NotEvenDeath..
|move|p1a: NotEvenDeath..|Explosion|p2a: Skeledirge|[from] move: Copycat
|-damage|p2a: Skeledirge|0 fnt
|faint|p1a: NotEvenDeath..
|faint|p2a: Skeledirge
|
|upkeep
|
|t:|1743850192
|switch|p1a: alchohol|Meowscarada, F|100/100
|switch|p2a: Maushold|Maushold-Four|100/100
|-damage|p2a: Maushold|88/100|[from] Stealth Rock
|turn|7
|
|t:|1743850208
|-terastallize|p1a: alchohol|Normal
|move|p1a: alchohol|Flower Trick|p2a: Maushold
|-crit|p2a: Maushold
|-damage|p2a: Maushold|0 fnt
|faint|p2a: Maushold
|-damage|p1a: alchohol|91/100|[from] item: Life Orb
|
|upkeep
|
|t:|1743850215
|switch|p2a: Dragapult|Dragapult, F|100/100
|-damage|p2a: Dragapult|88/100|[from] Stealth Rock
|turn|8
|
|t:|1743850268
|move|p2a: Dragapult|Dragon Darts|p1a: alchohol
|-damage|p1a: alchohol|46/100
|-anim|p2a: Dragapult|Dragon Darts|p1a: alchohol
|-damage|p1a: alchohol|5/100
|move|p1a: alchohol|Knock Off|p2a: Dragapult
|-supereffective|p2a: Dragapult
|-damage|p2a: Dragapult|0 fnt
|-enditem|p2a: Dragapult|Focus Sash|[from] move: Knock Off|[of] p1a: alchohol
|faint|p2a: Dragapult
|-damage|p1a: alchohol|0 fnt|[from] item: Life Orb
|faint|p1a: alchohol
|
|win|BoonWT
|raw|Rhanhur's rating: 1070 &rarr; <strong>1054</strong><br />(-16 for losing)
|raw|BoonWT's rating: 1154 &rarr; <strong>1173</strong><br />(+19 for winning)
|l|☆Rhanhur
|player|p1|
|l|☆BoonWT
|player|p2|
