|j|☆adci281998
|j|☆dumbassgaming
|t:|1743862383
|gametype|singles
|player|p1|adci281998|lucas|1405
|player|p2|dumbassgaming|102|1420
|teamsize|p1|6
|teamsize|p2|6
|gen|9
|tier|[Gen 9] OU
|rated|
|rule|HP Percentage Mod: HP is shown in percentages
|rule|Endless Battle Clause: Forcing endless battles is banned
|rule|Species Clause: Limit one of each Pokémon
|rule|OHKO Clause: OHKO moves are banned
|rule|Evasion Items Clause: Evasion items are banned
|rule|Evasion Moves Clause: Evasion moves are banned
|rule|Sleep Moves Clause: Sleep-inducing moves are banned
|clearpoke
|poke|p1|Great Tusk|
|poke|p1|Weavile, M|
|poke|p1|Rillaboom, M|
|poke|p1|Dragapult, M|
|poke|p1|Gholdengo|
|poke|p1|Clefable, F|
|poke|p2|Gardevoir, F|
|poke|p2|Arcanine-Hisui, M|
|poke|p2|Kyurem|
|poke|p2|Great Tusk|
|poke|p2|Primarina, F|
|poke|p2|Kingambit, M|
|teampreview
|
|t:|1743862393
|start
|switch|p1a: Great Tusk|Great Tusk|100/100
|switch|p2a: High Card|Primarina, F, shiny|100/100
|turn|1
|
|t:|1743862399
|move|p1a: Great Tusk|Stealth Rock|p2a: High Card
|-sidestart|p2: dumbassgaming|move: Stealth Rock
|move|p2a: High Card|Ice Beam|p1a: Great Tusk
|-supereffective|p1a: Great Tusk
|-damage|p1a: Great Tusk|5/100
|
|upkeep
|turn|2
|
|t:|1743862404
|-end|p1a: Great Tusk|Protosynthesis|[silent]
|switch|p1a: Rillaboom|Rillaboom, M|100/100
|-fieldstart|move: Grassy Terrain|[from] ability: Grassy Surge|[of] p1a: Rillaboom
|move|p2a: High Card|Flip Turn|p1a: Rillaboom
|-resisted|p1a: Rillaboom
|-damage|p1a: Rillaboom|94/100
|
|t:|1743862408
|switch|p2a: Straight Flush|Kyurem|100/100|[from] Flip Turn
|-damage|p2a: Straight Flush|75/100|[from] Stealth Rock
|-ability|p2a: Straight Flush|Pressure
|
|-heal|p2a: Straight Flush|82/100|[from] Grassy Terrain
|-heal|p2a: Straight Flush|88/100|[from] item: Leftovers
|-heal|p1a: Rillaboom|99/100|[from] Grassy Terrain
|upkeep
|turn|3
|
|t:|1743862412
|switch|p1a: Gholdengo|Gholdengo|100/100
|move|p2a: Straight Flush|Freeze-Dry|p1a: Gholdengo
|-resisted|p1a: Gholdengo
|-damage|p1a: Gholdengo|78/100
|
|-heal|p1a: Gholdengo|84/100|[from] Grassy Terrain
|-heal|p2a: Straight Flush|94/100|[from] Grassy Terrain
|-heal|p2a: Straight Flush|99/100|[from] item: Leftovers
|upkeep
|turn|4
|
|t:|1743862416
|-terastallize|p1a: Gholdengo|Fighting
|move|p1a: Gholdengo|Tera Blast|p2a: Straight Flush|[anim] Tera Blast Fighting
|-supereffective|p2a: Straight Flush
|-damage|p2a: Straight Flush|17/100
|move|p2a: Straight Flush|Earth Power|p1a: Gholdengo
|-damage|p1a: Gholdengo|47/100
|
|-heal|p1a: Gholdengo|54/100|[from] Grassy Terrain
|-heal|p2a: Straight Flush|23/100|[from] Grassy Terrain
|-heal|p2a: Straight Flush|29/100|[from] item: Leftovers
|upkeep
|turn|5
|
|t:|1743862424
|switch|p2a: Full House|Gardevoir, F, shiny|100/100
|-damage|p2a: Full House|88/100|[from] Stealth Rock
|-ability|p2a: Full House|Good as Gold|[from] ability: Trace|[of] p1a: Gholdengo
|move|p1a: Gholdengo|Tera Blast|p2a: Full House|[anim] Tera Blast Fighting
|-resisted|p2a: Full House
|-damage|p2a: Full House|78/100
|
|-heal|p1a: Gholdengo|60/100|[from] Grassy Terrain
|-heal|p2a: Full House|84/100|[from] Grassy Terrain
|upkeep
|turn|6
|
|t:|1743862428
|switch|p1a: Clefable|Clefable, F|100/100
|move|p2a: Full House|Moonblast|p1a: Clefable
|-damage|p1a: Clefable|68/100
|
|-heal|p2a: Full House|90/100|[from] Grassy Terrain
|-heal|p1a: Clefable|74/100|[from] Grassy Terrain
|-heal|p1a: Clefable|80/100|[from] item: Leftovers
|-fieldend|move: Grassy Terrain
|upkeep
|turn|7
|
|t:|1743862433
|-terastallize|p2a: Full House|Fairy
|move|p2a: Full House|Moonblast|p1a: Clefable
|-damage|p1a: Clefable|39/100
|-unboost|p1a: Clefable|spa|1
|move|p1a: Clefable|Wish|p1a: Clefable
|
|-heal|p1a: Clefable|45/100|[from] item: Leftovers
|upkeep
|turn|8
|
|t:|1743862441
|switch|p2a: 2 Of A Kind|Arcanine-Hisui, M|100/100
|-damage|p2a: 2 Of A Kind|76/100|[from] Stealth Rock
|switch|p1a: Rillaboom|Rillaboom, M|99/100
|-fieldstart|move: Grassy Terrain|[from] ability: Grassy Surge|[of] p1a: Rillaboom
|
|-heal|p1a: Rillaboom|100/100|[from] move: Wish|[wisher] Clefable
|-heal|p2a: 2 Of A Kind|82/100|[from] Grassy Terrain
|upkeep
|turn|9
|
|t:|1743862446
|switch|p1a: Dragapult|Dragapult, M|100/100
|move|p2a: 2 Of A Kind|Flare Blitz|p1a: Dragapult
|-resisted|p1a: Dragapult
|-damage|p1a: Dragapult|42/100
|
|-heal|p1a: Dragapult|48/100|[from] Grassy Terrain
|-heal|p2a: 2 Of A Kind|88/100|[from] Grassy Terrain
|upkeep
|turn|10
|
|t:|1743862450
|move|p1a: Dragapult|Draco Meteor|p2a: 2 Of A Kind
|-damage|p2a: 2 Of A Kind|0 fnt
|-unboost|p1a: Dragapult|spa|2
|faint|p2a: 2 Of A Kind
|
|-heal|p1a: Dragapult|53/100|[from] Grassy Terrain
|upkeep
|
|t:|1743862453
|switch|p2a: Full House|Gardevoir, F, shiny, tera:Fairy|90/100
|-damage|p2a: Full House|78/100|[from] Stealth Rock
|-ability|p2a: Full House|Infiltrator|[from] ability: Trace|[of] p1a: Dragapult
|turn|11
|
|t:|1743862460
|switch|p1a: Clefable|Clefable, F|45/100
|move|p2a: Full House|Moonblast|p1a: Clefable
|-damage|p1a: Clefable|1/100
|
|-heal|p2a: Full House|84/100|[from] Grassy Terrain
|-heal|p1a: Clefable|7/100|[from] Grassy Terrain
|-heal|p1a: Clefable|13/100|[from] item: Leftovers
|upkeep
|turn|12
|
|t:|1743862472
|move|p1a: Clefable|Protect|p1a: Clefable
|-singleturn|p1a: Clefable|Protect
|move|p2a: Full House|Moonblast|p1a: Clefable
|-activate|p1a: Clefable|move: Protect
|
|-heal|p2a: Full House|90/100|[from] Grassy Terrain
|-heal|p1a: Clefable|20/100|[from] Grassy Terrain
|-heal|p1a: Clefable|26/100|[from] item: Leftovers
|-fieldend|move: Grassy Terrain
|upkeep
|turn|13
|
|t:|1743862476
|switch|p1a: Rillaboom|Rillaboom, M|100/100
|-fieldstart|move: Grassy Terrain|[from] ability: Grassy Surge|[of] p1a: Rillaboom
|move|p2a: Full House|Moonblast|p1a: Rillaboom
|-damage|p1a: Rillaboom|32/100
|-unboost|p1a: Rillaboom|spa|1
|
|-heal|p2a: Full House|96/100|[from] Grassy Terrain
|-heal|p1a: Rillaboom|38/100|[from] Grassy Terrain
|upkeep
|turn|14
|
|t:|1743862483
|switch|p2a: Royal Flush|Kingambit, M, shiny|100/100
|-damage|p2a: Royal Flush|94/100|[from] Stealth Rock
|-activate|p2a: Royal Flush|ability: Supreme Overlord
|-start|p2a: Royal Flush|fallen1|[silent]
|move|p1a: Rillaboom|Grassy Glide|p2a: Royal Flush
|-resisted|p2a: Royal Flush
|-damage|p2a: Royal Flush|74/100
|
|-heal|p1a: Rillaboom|44/100|[from] Grassy Terrain
|-heal|p2a: Royal Flush|80/100|[from] Grassy Terrain
|-heal|p2a: Royal Flush|87/100|[from] item: Leftovers
|upkeep
|turn|15
|
|t:|1743862488
|switch|p1a: Gholdengo|Gholdengo, tera:Fighting|60/100
|move|p2a: Royal Flush|Iron Head|p1a: Gholdengo
|-damage|p1a: Gholdengo|0 fnt
|faint|p1a: Gholdengo
|
|-heal|p2a: Royal Flush|93/100|[from] Grassy Terrain
|-heal|p2a: Royal Flush|99/100|[from] item: Leftovers
|upkeep
|
|t:|1743862498
|switch|p1a: Rillaboom|Rillaboom, M|44/100
|turn|16
|
|t:|1743862499
|move|p2a: Royal Flush|Sucker Punch|p1a: Rillaboom
|-damage|p1a: Rillaboom|2/100
|move|p1a: Rillaboom|Low Kick|p2a: Royal Flush
|-supereffective|p2a: Royal Flush
|-damage|p2a: Royal Flush|0 fnt
|faint|p2a: Royal Flush
|-end|p2a: Royal Flush|fallen1|[silent]
|
|-heal|p1a: Rillaboom|8/100|[from] Grassy Terrain
|upkeep
|inactive|Battle timer is ON: inactive players will automatically lose when time's up. (requested by adci281998)
|
|t:|1743862509
|switch|p2a: Four Of A Kind|Great Tusk|100/100
|-damage|p2a: Four Of A Kind|98/100|[from] Stealth Rock
|turn|17
|
|t:|1743862512
|switch|p1a: Dragapult|Dragapult, M|53/100
|move|p2a: Four Of A Kind|Rapid Spin|p1a: Dragapult
|-immune|p1a: Dragapult
|
|-heal|p1a: Dragapult|59/100|[from] Grassy Terrain
|-heal|p2a: Four Of A Kind|100/100|[from] Grassy Terrain
|-fieldend|move: Grassy Terrain
|upkeep
|turn|18
|
|t:|1743862516
|move|p1a: Dragapult|Shadow Ball|p2a: Four Of A Kind
|-damage|p2a: Four Of A Kind|18/100
|move|p2a: Four Of A Kind|Ice Spinner|p1a: Dragapult
|-supereffective|p1a: Dragapult
|-damage|p1a: Dragapult|0 fnt
|faint|p1a: Dragapult
|
|-heal|p2a: Four Of A Kind|24/100|[from] item: Leftovers
|upkeep
|
|t:|1743862523
|switch|p1a: Rillaboom|Rillaboom, M|8/100
|-fieldstart|move: Grassy Terrain|[from] ability: Grassy Surge|[of] p1a: Rillaboom
|turn|19
|
|t:|1743862526
|move|p1a: Rillaboom|Grassy Glide|p2a: Four Of A Kind
|-supereffective|p2a: Four Of A Kind
|-damage|p2a: Four Of A Kind|0 fnt
|faint|p2a: Four Of A Kind
|-end|p2a: Four Of A Kind|Protosynthesis|[silent]
|
|-heal|p1a: Rillaboom|14/100|[from] Grassy Terrain
|upkeep
|
|t:|1743862528
|switch|p2a: Full House|Gardevoir, F, shiny, tera:Fairy|96/100
|-damage|p2a: Full House|84/100|[from] Stealth Rock
|-ability|p2a: Full House|Grassy Surge|[from] ability: Trace|[of] p1a: Rillaboom
|turn|20
|
|t:|1743862531
|move|p1a: Rillaboom|Grassy Glide|p2a: Full House
|-damage|p2a: Full House|0 fnt
|faint|p2a: Full House
|
|-heal|p1a: Rillaboom|20/100|[from] Grassy Terrain
|upkeep
|
|t:|1743862533
|switch|p2a: High Card|Primarina, F, shiny|100/100
|-damage|p2a: High Card|88/100|[from] Stealth Rock
|turn|21
|
|t:|1743862536
|move|p1a: Rillaboom|Grassy Glide|p2a: High Card
|-supereffective|p2a: High Card
|-damage|p2a: High Card|0 fnt
|faint|p2a: High Card
|
|-heal|p1a: Rillaboom|26/100|[from] Grassy Terrain
|upkeep
|
|t:|1743862539
|switch|p2a: Straight Flush|Kyurem|29/100
|-damage|p2a: Straight Flush|4/100|[from] Stealth Rock
|-ability|p2a: Straight Flush|Pressure
|turn|22
|
|t:|1743862541
|move|p2a: Straight Flush|Protect|p2a: Straight Flush
|-singleturn|p2a: Straight Flush|Protect
|move|p1a: Rillaboom|Grassy Glide|p2a: Straight Flush
|-activate|p2a: Straight Flush|move: Protect
|
|-heal|p2a: Straight Flush|10/100|[from] Grassy Terrain
|-heal|p2a: Straight Flush|16/100|[from] item: Leftovers
|-heal|p1a: Rillaboom|32/100|[from] Grassy Terrain
|upkeep
|turn|23
|
|t:|1743862545
|move|p2a: Straight Flush|Protect||[still]
|-fail|p2a: Straight Flush
|move|p1a: Rillaboom|Grassy Glide|p2a: Straight Flush
|-resisted|p2a: Straight Flush
|-damage|p2a: Straight Flush|0 fnt
|faint|p2a: Straight Flush
|
|win|adci281998
|raw|adci281998's rating: 1405 &rarr; <strong>1426</strong><br />(+21 for winning)
|raw|dumbassgaming's rating: 1420 &rarr; <strong>1399</strong><br />(-21 for losing)
|l|☆dumbassgaming
|player|p2|
|l|☆adci281998
|player|p1|
