|j|☆quetzuma
|j|☆0ddish0ne
|t:|1743902884
|gametype|singles
|player|p1|quetzuma|swimmer-gen4dp|1410
|player|p2|0ddish0ne|lucas|1462
|teamsize|p1|6
|teamsize|p2|6
|gen|9
|tier|[Gen 9] OU
|rated|
|rule|HP Percentage Mod: HP is shown in percentages
|rule|Endless Battle Clause: Forcing endless battles is banned
|rule|Species Clause: Limit one of each Pokémon
|rule|OHKO Clause: OHKO moves are banned
|rule|Evasion Items Clause: Evasion items are banned
|rule|Evasion Moves Clause: Evasion moves are banned
|rule|Sleep Moves Clause: Sleep-inducing moves are banned
|clearpoke
|poke|p1|Dragapult, M|
|poke|p1|Braviary-Hisui, M|
|poke|p1|Kingambit, F|
|poke|p1|Great Tusk|
|poke|p1|Azumarill, F|
|poke|p1|Slowking-Galar, M|
|poke|p2|Ting-Lu|
|poke|p2|Corviknight, F|
|poke|p2|Zamazenta-*|
|poke|p2|Slowking-Galar, F|
|poke|p2|Gliscor, M|
|poke|p2|Dragapult, M|
|teampreview
|inactive|Battle timer is ON: inactive players will automatically lose when time's up. (requested by 0ddish0ne)
|
|t:|1743902905
|start
|switch|p1a: Azumarill|Azumarill, F|100/100
|switch|p2a: Gliscor|Gliscor, M|100/100
|turn|1
|
|t:|1743902912
|switch|p2a: Corviknight|Corviknight, F|100/100
|-ability|p2a: Corviknight|Pressure
|move|p1a: Azumarill|Liquidation|p2a: Corviknight
|-damage|p2a: Corviknight|55/100
|-damage|p1a: Azumarill|84/100|[from] item: Rocky Helmet|[of] p2a: Corviknight
|
|upkeep
|turn|2
|
|t:|1743902917
|switch|p1a: Braviary|Braviary-Hisui, M|100/100
|move|p2a: Corviknight|Roost|p2a: Corviknight
|-heal|p2a: Corviknight|100/100
|-singleturn|p2a: Corviknight|move: Roost
|
|upkeep
|turn|3
|
|t:|1743902922
|switch|p2a: Ting-Lu|Ting-Lu|100/100
|-ability|p2a: Ting-Lu|Vessel of Ruin
|move|p1a: Braviary|Hurricane|p2a: Ting-Lu
|-damage|p2a: Ting-Lu|71/100
|-damage|p1a: Braviary|91/100|[from] item: Life Orb
|
|-heal|p2a: Ting-Lu|77/100|[from] item: Leftovers
|upkeep
|turn|4
|
|t:|1743902929
|move|p1a: Braviary|Hurricane|p2a: Ting-Lu|[miss]
|-miss|p1a: Braviary|p2a: Ting-Lu
|move|p2a: Ting-Lu|Payback|p1a: Braviary
|-supereffective|p1a: Braviary
|-damage|p1a: Braviary|2/100
|
|-heal|p2a: Ting-Lu|83/100|[from] item: Leftovers
|upkeep
|turn|5
|
|t:|1743902934
|move|p1a: Braviary|Roost|p1a: Braviary
|-heal|p1a: Braviary|52/100
|-singleturn|p1a: Braviary|move: Roost
|move|p2a: Ting-Lu|Payback|p1a: Braviary
|-supereffective|p1a: Braviary
|-damage|p1a: Braviary|0 fnt
|faint|p1a: Braviary
|
|-heal|p2a: Ting-Lu|90/100|[from] item: Leftovers
|upkeep
|
|t:|1743902939
|switch|p1a: Azumarill|Azumarill, F|84/100
|turn|6
|
|t:|1743902943
|switch|p1a: Dragapult|Dragapult, M|100/100
|switch|p2a: Corviknight|Corviknight, F|100/100
|-ability|p2a: Corviknight|Pressure
|
|upkeep
|turn|7
|
|t:|1743902947
|switch|p2a: Ting-Lu|Ting-Lu|90/100
|-ability|p2a: Ting-Lu|Vessel of Ruin
|move|p1a: Dragapult|Will-O-Wisp|p2a: Ting-Lu
|-status|p2a: Ting-Lu|brn
|
|-heal|p2a: Ting-Lu|96/100 brn|[from] item: Leftovers
|-damage|p2a: Ting-Lu|90/100 brn|[from] brn
|upkeep
|turn|8
|
|t:|1743902957
|switch|p1a: Azumarill|Azumarill, F|84/100
|move|p2a: Ting-Lu|Rest|p2a: Ting-Lu
|-status|p2a: Ting-Lu|slp|[from] move: Rest
|-heal|p2a: Ting-Lu|100/100 slp|[silent]
|
|upkeep
|turn|9
|
|t:|1743902962
|switch|p1a: Kingambit|Kingambit, F|100/100
|-activate|p1a: Kingambit|ability: Supreme Overlord
|-start|p1a: Kingambit|fallen1|[silent]
|switch|p2a: Corviknight|Corviknight, F|100/100
|-ability|p2a: Corviknight|Pressure
|
|upkeep
|turn|10
|
|t:|1743902966
|-end|p1a: Kingambit|fallen1|[silent]
|switch|p1a: Slowking|Slowking-Galar, M|100/100
|move|p2a: Corviknight|U-turn|p1a: Slowking
|-damage|p1a: Slowking|90/100
|
|t:|1743902971
|switch|p2a: Gliscor|Gliscor, M|100/100|[from] U-turn
|
|-status|p2a: Gliscor|tox|[from] item: Toxic Orb
|upkeep
|turn|11
|
|t:|1743902976
|move|p2a: Gliscor|Knock Off|p1a: Slowking
|-supereffective|p1a: Slowking
|-damage|p1a: Slowking|60/100
|-enditem|p1a: Slowking|Assault Vest|[from] move: Knock Off|[of] p2a: Gliscor
|move|p1a: Slowking|Future Sight|p2a: Gliscor
|-start|p1a: Slowking|move: Future Sight
|
|upkeep
|turn|12
|
|t:|1743902979
|move|p2a: Gliscor|Stealth Rock|p1a: Slowking
|-sidestart|p1: quetzuma|move: Stealth Rock
|move|p1a: Slowking|Ice Beam|p2a: Gliscor
|-supereffective|p2a: Gliscor
|-damage|p2a: Gliscor|20/100 tox
|
|-heal|p2a: Gliscor|32/100 tox|[from] ability: Poison Heal
|upkeep
|turn|13
|
|t:|1743902986
|switch|p2a: Ting-Lu|Ting-Lu|100/100 slp
|-ability|p2a: Ting-Lu|Vessel of Ruin
|move|p1a: Slowking|Fire Blast|p2a: Ting-Lu
|-damage|p2a: Ting-Lu|89/100 slp
|
|-end|p2a: Ting-Lu|move: Future Sight
|-immune|p2a: Ting-Lu
|-heal|p2a: Ting-Lu|95/100 slp|[from] item: Leftovers
|upkeep
|turn|14
|
|t:|1743902989
|switch|p1a: Great Tusk|Great Tusk|100/100
|cant|p2a: Ting-Lu|slp
|move|p2a: Ting-Lu|Sleep Talk|p2a: Ting-Lu
|move|p2a: Ting-Lu|Payback|p1a: Great Tusk|[from] move: Sleep Talk
|-resisted|p1a: Great Tusk
|-damage|p1a: Great Tusk|93/100
|
|-heal|p2a: Ting-Lu|100/100 slp|[from] item: Leftovers
|upkeep
|turn|15
|
|t:|1743902997
|switch|p2a: Corviknight|Corviknight, F|100/100
|-ability|p2a: Corviknight|Pressure
|move|p1a: Great Tusk|Rapid Spin|p2a: Corviknight
|-resisted|p2a: Corviknight
|-damage|p2a: Corviknight|95/100
|-boost|p1a: Great Tusk|spe|1
|-damage|p1a: Great Tusk|77/100|[from] item: Rocky Helmet|[of] p2a: Corviknight
|-sideend|p1: quetzuma|Stealth Rock|[from] move: Rapid Spin|[of] p1a: Great Tusk
|
|upkeep
|turn|16
|
|t:|1743903000
|move|p1a: Great Tusk|Smack Down|p2a: Corviknight
|-damage|p2a: Corviknight|85/100
|-start|p2a: Corviknight|Smack Down
|move|p2a: Corviknight|Brave Bird|p1a: Great Tusk
|-supereffective|p1a: Great Tusk
|-crit|p1a: Great Tusk
|-damage|p1a: Great Tusk|0 fnt
|faint|p1a: Great Tusk
|-end|p1a: Great Tusk|Protosynthesis|[silent]
|-damage|p2a: Corviknight|62/100|[from] Recoil
|
|upkeep
|
|t:|1743903006
|switch|p1a: Kingambit|Kingambit, F|100/100
|-activate|p1a: Kingambit|ability: Supreme Overlord
|-start|p1a: Kingambit|fallen2|[silent]
|turn|17
|
|t:|1743903010
|switch|p2a: Zamazenta|Zamazenta|100/100
|-ability|p2a: Zamazenta|Dauntless Shield|boost
|-boost|p2a: Zamazenta|def|1
|move|p1a: Kingambit|Swords Dance|p1a: Kingambit
|-boost|p1a: Kingambit|atk|2
|
|upkeep
|turn|18
|
|t:|1743903012
|-end|p1a: Kingambit|fallen2|[silent]
|switch|p1a: Slowking|Slowking-Galar, M|93/100
|move|p2a: Zamazenta|Roar|p1a: Slowking
|drag|p1a: Azumarill|Azumarill, F|84/100
|
|upkeep
|turn|19
|
|t:|1743903015
|switch|p2a: Corviknight|Corviknight, F|62/100
|-ability|p2a: Corviknight|Pressure
|move|p1a: Azumarill|Play Rough|p2a: Corviknight
|-resisted|p2a: Corviknight
|-damage|p2a: Corviknight|36/100
|-damage|p1a: Azumarill|68/100|[from] item: Rocky Helmet|[of] p2a: Corviknight
|
|upkeep
|turn|20
|
|t:|1743903018
|switch|p1a: Dragapult|Dragapult, M|100/100
|move|p2a: Corviknight|Roost|p2a: Corviknight
|-heal|p2a: Corviknight|86/100
|-singleturn|p2a: Corviknight|move: Roost
|
|upkeep
|turn|21
|
|t:|1743903022
|switch|p1a: Azumarill|Azumarill, F|68/100
|switch|p2a: Ting-Lu|Ting-Lu|100/100 slp
|-ability|p2a: Ting-Lu|Vessel of Ruin
|
|upkeep
|turn|22
|
|t:|1743903025
|switch|p2a: Corviknight|Corviknight, F|86/100
|-ability|p2a: Corviknight|Pressure
|move|p1a: Azumarill|Liquidation|p2a: Corviknight
|-damage|p2a: Corviknight|42/100
|-damage|p1a: Azumarill|51/100|[from] item: Rocky Helmet|[of] p2a: Corviknight
|
|upkeep
|turn|23
|
|t:|1743903029
|switch|p1a: Kingambit|Kingambit, F|100/100
|-activate|p1a: Kingambit|ability: Supreme Overlord
|-start|p1a: Kingambit|fallen2|[silent]
|move|p2a: Corviknight|Roost|p2a: Corviknight
|-heal|p2a: Corviknight|92/100
|-singleturn|p2a: Corviknight|move: Roost
|
|upkeep
|turn|24
|
|t:|1743903032
|switch|p2a: Zamazenta|Zamazenta|100/100
|move|p1a: Kingambit|Iron Head|p2a: Zamazenta
|-damage|p2a: Zamazenta|58/100
|
|-heal|p2a: Zamazenta|64/100|[from] item: Leftovers
|upkeep
|turn|25
|
|t:|1743903039
|-end|p1a: Kingambit|fallen2|[silent]
|switch|p1a: Slowking|Slowking-Galar, M|100/100
|move|p2a: Zamazenta|Body Press|p1a: Slowking
|-resisted|p1a: Slowking
|-damage|p1a: Slowking|95/100
|
|-heal|p2a: Zamazenta|70/100|[from] item: Leftovers
|upkeep
|turn|26
|
|t:|1743903044
|switch|p2a: Slowking|Slowking-Galar, F|100/100
|move|p1a: Slowking|Ice Beam|p2a: Slowking
|-damage|p2a: Slowking|88/100
|
|upkeep
|turn|27
|
|t:|1743903047
|switch|p1a: Azumarill|Azumarill, F|51/100
|move|p2a: Slowking|Future Sight|p1a: Azumarill
|-start|p2a: Slowking|move: Future Sight
|
|upkeep
|turn|28
|
|t:|1743903050
|switch|p2a: Corviknight|Corviknight, F|92/100
|-ability|p2a: Corviknight|Pressure
|move|p1a: Azumarill|Liquidation|p2a: Corviknight
|-damage|p2a: Corviknight|46/100
|-damage|p1a: Azumarill|35/100|[from] item: Rocky Helmet|[of] p2a: Corviknight
|
|upkeep
|turn|29
|
|t:|1743903053
|switch|p1a: Slowking|Slowking-Galar, M|100/100
|move|p2a: Corviknight|Roost|p2a: Corviknight
|-heal|p2a: Corviknight|96/100
|-singleturn|p2a: Corviknight|move: Roost
|
|-end|p1a: Slowking|move: Future Sight
|-damage|p1a: Slowking|65/100
|upkeep
|turn|30
|
|t:|1743903057
|switch|p2a: Ting-Lu|Ting-Lu|100/100 slp
|-ability|p2a: Ting-Lu|Vessel of Ruin
|move|p1a: Slowking|Fire Blast|p2a: Ting-Lu
|-damage|p2a: Ting-Lu|89/100 slp
|
|-heal|p2a: Ting-Lu|95/100 slp|[from] item: Leftovers
|upkeep
|turn|31
|
|t:|1743903060
|move|p1a: Slowking|Ice Beam|p2a: Ting-Lu
|-supereffective|p2a: Ting-Lu
|-damage|p2a: Ting-Lu|77/100 slp
|cant|p2a: Ting-Lu|slp
|move|p2a: Ting-Lu|Sleep Talk|p2a: Ting-Lu
|move|p2a: Ting-Lu|Earthquake|p1a: Slowking|[from] move: Sleep Talk
|-supereffective|p1a: Slowking
|-damage|p1a: Slowking|10/100
|
|-heal|p2a: Ting-Lu|83/100 slp|[from] item: Leftovers
|upkeep
|turn|32
|
|t:|1743903063
|move|p1a: Slowking|Ice Beam|p2a: Ting-Lu
|-supereffective|p2a: Ting-Lu
|-damage|p2a: Ting-Lu|65/100 slp
|-curestatus|p2a: Ting-Lu|slp|[msg]
|move|p2a: Ting-Lu|Earthquake|p1a: Slowking
|-supereffective|p1a: Slowking
|-damage|p1a: Slowking|0 fnt
|faint|p1a: Slowking
|
|-heal|p2a: Ting-Lu|71/100|[from] item: Leftovers
|upkeep
|
|t:|1743903067
|switch|p1a: Kingambit|Kingambit, F|100/100
|-activate|p1a: Kingambit|ability: Supreme Overlord
|-start|p1a: Kingambit|fallen3|[silent]
|turn|33
|
|t:|1743903071
|move|p1a: Kingambit|Swords Dance|p1a: Kingambit
|-boost|p1a: Kingambit|atk|2
|move|p2a: Ting-Lu|Earthquake|p1a: Kingambit
|-supereffective|p1a: Kingambit
|-damage|p1a: Kingambit|37/100
|
|-heal|p1a: Kingambit|43/100|[from] item: Leftovers
|-heal|p2a: Ting-Lu|77/100|[from] item: Leftovers
|upkeep
|turn|34
|
|t:|1743903078
|move|p1a: Kingambit|Iron Head|p2a: Ting-Lu
|-damage|p2a: Ting-Lu|10/100
|move|p2a: Ting-Lu|Earthquake|p1a: Kingambit
|-supereffective|p1a: Kingambit
|-damage|p1a: Kingambit|0 fnt
|faint|p1a: Kingambit
|-end|p1a: Kingambit|fallen3|[silent]
|
|-heal|p2a: Ting-Lu|16/100|[from] item: Leftovers
|upkeep
|
|t:|1743903081
|switch|p1a: Azumarill|Azumarill, F|35/100
|turn|35
|
|t:|1743903087
|move|p1a: Azumarill|Liquidation|p2a: Ting-Lu
|-supereffective|p2a: Ting-Lu
|-damage|p2a: Ting-Lu|0 fnt
|faint|p2a: Ting-Lu
|
|upkeep
|
|t:|1743903089
|switch|p2a: Corviknight|Corviknight, F|96/100
|-ability|p2a: Corviknight|Pressure
|turn|36
|
|t:|1743903092
|move|p2a: Corviknight|Brave Bird|p1a: Azumarill
|-damage|p1a: Azumarill|0 fnt
|faint|p1a: Azumarill
|-damage|p2a: Corviknight|85/100|[from] Recoil
|
|upkeep
|
|t:|1743903094
|switch|p1a: Dragapult|Dragapult, M|100/100
|turn|37
|
|t:|1743903097
|move|p1a: Dragapult|Will-O-Wisp|p2a: Corviknight
|-status|p2a: Corviknight|brn
|move|p2a: Corviknight|Brave Bird|p1a: Dragapult
|-damage|p1a: Dragapult|70/100
|-damage|p2a: Corviknight|77/100 brn|[from] Recoil
|
|-damage|p2a: Corviknight|71/100 brn|[from] brn
|upkeep
|turn|38
|
|t:|1743903100
|move|p1a: Dragapult|Fire Blast|p2a: Corviknight
|-supereffective|p2a: Corviknight
|-damage|p2a: Corviknight|11/100 brn
|move|p2a: Corviknight|Brave Bird|p1a: Dragapult
|-damage|p1a: Dragapult|43/100
|-damage|p2a: Corviknight|3/100 brn|[from] Recoil
|
|-damage|p2a: Corviknight|0 fnt|[from] brn
|faint|p2a: Corviknight
|upkeep
|
|t:|1743903108
|switch|p2a: Slowking|Slowking-Galar, F|100/100
|turn|39
|
|t:|1743903111
|-terastallize|p2a: Slowking|Fairy
|move|p1a: Dragapult|Dragon Darts|p2a: Slowking
|-immune|p2a: Slowking
|move|p2a: Slowking|Toxic|p1a: Dragapult
|-status|p1a: Dragapult|tox
|
|-damage|p1a: Dragapult|37/100 tox|[from] psn
|upkeep
|turn|40
|
|t:|1743903117
|move|p1a: Dragapult|Will-O-Wisp|p2a: Slowking
|-status|p2a: Slowking|brn
|move|p2a: Slowking|Future Sight|p1a: Dragapult
|-start|p2a: Slowking|move: Future Sight
|
|-damage|p1a: Dragapult|25/100 tox|[from] psn
|-damage|p2a: Slowking|94/100 brn|[from] brn
|upkeep
|turn|41
|
|t:|1743903119
|move|p1a: Dragapult|Will-O-Wisp|p2a: Slowking
|-fail|p2a: Slowking|brn
|-prepare|p2a: Slowking|Chilly Reception|[premajor]
|move|p2a: Slowking|Chilly Reception|p2a: Slowking
|-weather|Snowscape
|
|t:|1743903122
|switch|p2a: Gliscor|Gliscor, M|32/100 tox|[from] Chilly Reception
|
|-weather|Snowscape|[upkeep]
|-damage|p1a: Dragapult|7/100 tox|[from] psn
|-heal|p2a: Gliscor|45/100 tox|[from] ability: Poison Heal
|upkeep
|turn|42
|
|t:|1743903124
|move|p2a: Gliscor|Protect|p2a: Gliscor
|-singleturn|p2a: Gliscor|Protect
|move|p1a: Dragapult|Draco Meteor|p2a: Gliscor
|-activate|p2a: Gliscor|move: Protect
|
|-weather|Snowscape|[upkeep]
|-end|p1a: Dragapult|move: Future Sight
|-damage|p1a: Dragapult|0 fnt
|faint|p1a: Dragapult
|
|win|0ddish0ne
|raw|quetzuma's rating: 1410 &rarr; <strong>1393</strong><br />(-17 for losing)
|raw|0ddish0ne's rating: 1462 &rarr; <strong>1479</strong><br />(+17 for winning)
|l|☆quetzuma
|player|p1|
|l|☆0ddish0ne
|player|p2|
