|j|☆kotW0lf07
|j|☆projectzone
|t:|1743872985
|gametype|singles
|player|p1|kotW0lf07|harlequin|1298
|player|p2|projectzone|1|1309
|teamsize|p1|6
|teamsize|p2|6
|gen|9
|tier|[Gen 9] OU
|rated|
|rule|HP Percentage Mod: HP is shown in percentages
|rule|Endless Battle Clause: Forcing endless battles is banned
|rule|Species Clause: Limit one of each Pokémon
|rule|OHKO Clause: OHKO moves are banned
|rule|Evasion Items Clause: Evasion items are banned
|rule|Evasion Moves Clause: Evasion moves are banned
|rule|Sleep Moves Clause: Sleep-inducing moves are banned
|clearpoke
|poke|p1|Torkoal, M|
|poke|p1|Great Tusk|
|poke|p1|Clodsire, M|
|poke|p1|Walking Wake|
|poke|p1|Lilligant-Hisui, F|
|poke|p1|Typhlosion-Hisui, M|
|poke|p2|Ursaluna, F|
|poke|p2|Corviknight, M|
|poke|p2|Cinderace, F|
|poke|p2|Raging Bolt|
|poke|p2|Ting-Lu|
|poke|p2|Ogerpon-Wellspring, F|
|teampreview
|j| dinglustan
|
|t:|1743873005
|start
|switch|p1a: Pepito|Torkoal, M, shiny|100/100
|switch|p2a: Ursaluna|Ursaluna, F|100/100
|-weather|SunnyDay|[from] ability: Drought|[of] p1a: Pepito
|turn|1
|l| dinglustan
|
|t:|1743873018
|move|p2a: Ursaluna|Swords Dance|p2a: Ursaluna
|-boost|p2a: Ursaluna|atk|2
|move|p1a: Pepito|Stealth Rock|p2a: Ursaluna
|-sidestart|p2: projectzone|move: Stealth Rock
|
|-weather|SunnyDay|[upkeep]
|-status|p2a: Ursaluna|brn|[from] item: Flame Orb
|upkeep
|turn|2
|
|t:|1743873027
|switch|p1a: Act 4|Great Tusk|100/100
|-activate|p1a: Act 4|ability: Protosynthesis
|-start|p1a: Act 4|protosynthesisdef
|move|p2a: Ursaluna|Earthquake|p1a: Act 4
|-damage|p1a: Act 4|31/100
|
|-weather|SunnyDay|[upkeep]
|-heal|p1a: Act 4|37/100|[from] item: Leftovers
|-damage|p2a: Ursaluna|94/100 brn|[from] brn
|upkeep
|turn|3
|
|t:|1743873044
|-terastallize|p2a: Ursaluna|Ghost
|move|p1a: Act 4|Knock Off|p2a: Ursaluna
|-supereffective|p2a: Ursaluna
|-crit|p2a: Ursaluna
|-damage|p2a: Ursaluna|33/100 brn
|-enditem|p2a: Ursaluna|Flame Orb|[from] move: Knock Off|[of] p1a: Act 4
|move|p2a: Ursaluna|Earthquake|p1a: Act 4
|-damage|p1a: Act 4|0 fnt
|faint|p1a: Act 4
|-end|p1a: Act 4|Protosynthesis|[silent]
|
|-weather|SunnyDay|[upkeep]
|-damage|p2a: Ursaluna|27/100 brn|[from] brn
|upkeep
|
|t:|1743873056
|switch|p1a: Choso|Typhlosion-Hisui, M|100/100
|turn|4
|
|t:|1743873064
|switch|p2a: Ting-Lu|Ting-Lu|100/100
|-damage|p2a: Ting-Lu|94/100|[from] Stealth Rock
|-ability|p2a: Ting-Lu|Vessel of Ruin
|move|p1a: Choso|Eruption|p2a: Ting-Lu
|-damage|p2a: Ting-Lu|63/100
|
|-weather|SunnyDay|[upkeep]
|upkeep
|turn|5
|
|t:|1743873080
|switch|p1a: Pepito|Torkoal, M, shiny|100/100
|switch|p2a: Cinderace|Cinderace, F|100/100
|
|-weather|SunnyDay|[upkeep]
|upkeep
|turn|6
|
|t:|1743873090
|move|p2a: Cinderace|Court Change|p2a: Cinderace
|-start|p2a: Cinderace|typechange|Normal|[from] ability: Libero
|-swapsideconditions
|-activate|p2a: Cinderace|move: Court Change
|move|p1a: Pepito|Will-O-Wisp|p2a: Cinderace
|-status|p2a: Cinderace|brn
|
|-weather|SunnyDay|[upkeep]
|-damage|p2a: Cinderace|95/100 brn|[from] brn
|upkeep
|turn|7
|
|t:|1743873101
|move|p2a: Cinderace|Taunt|p1a: Pepito
|-start|p1a: Pepito|move: Taunt
|move|p1a: Pepito|Rapid Spin|p2a: Cinderace
|-damage|p2a: Cinderace|82/100 brn
|-boost|p1a: Pepito|spe|1
|-sideend|p1: kotW0lf07|Stealth Rock|[from] move: Rapid Spin|[of] p1a: Pepito
|
|-weather|SunnyDay|[upkeep]
|-damage|p2a: Cinderace|76/100 brn|[from] brn
|upkeep
|turn|8
|
|t:|1743873111
|switch|p2a: Ogerpon|Ogerpon-Wellspring, F|100/100
|move|p1a: Pepito|Lava Plume|p2a: Ogerpon
|-damage|p2a: Ogerpon|59/100
|
|-weather|none
|upkeep
|turn|9
|
|t:|1743873124
|switch|p2a: Ursaluna|Ursaluna, F, tera:Ghost|27/100 brn
|switch|p1a: Sauge|Clodsire, M, shiny|100/100
|
|-damage|p2a: Ursaluna|21/100 brn|[from] brn
|upkeep
|turn|10
|
|t:|1743873132
|switch|p1a: Pepito|Torkoal, M, shiny|100/100
|-weather|SunnyDay|[from] ability: Drought|[of] p1a: Pepito
|move|p2a: Ursaluna|Facade|p1a: Pepito
|-damage|p1a: Pepito|4/100
|
|-weather|SunnyDay|[upkeep]
|-damage|p2a: Ursaluna|15/100 brn|[from] brn
|upkeep
|turn|11
|
|t:|1743873142
|move|p2a: Ursaluna|Facade|p1a: Pepito
|-damage|p1a: Pepito|0 fnt
|faint|p1a: Pepito
|
|-weather|SunnyDay|[upkeep]
|-damage|p2a: Ursaluna|9/100 brn|[from] brn
|upkeep
|
|t:|1743873149
|switch|p1a: Choso|Typhlosion-Hisui, M|100/100
|turn|12
|
|t:|1743873159
|move|p1a: Choso|Eruption|p2a: Ursaluna
|-damage|p2a: Ursaluna|0 fnt
|faint|p2a: Ursaluna
|
|-weather|SunnyDay|[upkeep]
|upkeep
|
|t:|1743873168
|switch|p2a: Ting-Lu|Ting-Lu|63/100
|-ability|p2a: Ting-Lu|Vessel of Ruin
|turn|13
|
|t:|1743873177
|switch|p1a: Wtf Is this raptor|Walking Wake|100/100
|-activate|p1a: Wtf Is this raptor|ability: Protosynthesis
|-start|p1a: Wtf Is this raptor|protosynthesisspe
|move|p2a: Ting-Lu|Ruination|p1a: Wtf Is this raptor
|-damage|p1a: Wtf Is this raptor|51/100
|
|-weather|SunnyDay|[upkeep]
|upkeep
|turn|14
|
|t:|1743873189
|move|p1a: Wtf Is this raptor|Flip Turn|p2a: Ting-Lu
|-supereffective|p2a: Ting-Lu
|-damage|p2a: Ting-Lu|55/100
|
|t:|1743873196
|-end|p1a: Wtf Is this raptor|Protosynthesis|[silent]
|switch|p1a: Sauge|Clodsire, M, shiny|100/100|[from] Flip Turn
|move|p2a: Ting-Lu|Earthquake|p1a: Sauge
|-supereffective|p1a: Sauge
|-damage|p1a: Sauge|18/100
|
|-weather|SunnyDay|[upkeep]
|-heal|p1a: Sauge|24/100|[from] item: Leftovers
|upkeep
|turn|15
|
|t:|1743873206
|move|p2a: Ting-Lu|Earthquake|p1a: Sauge
|-supereffective|p1a: Sauge
|-damage|p1a: Sauge|0 fnt
|faint|p1a: Sauge
|
|-weather|SunnyDay|[upkeep]
|upkeep
|
|t:|1743873209
|switch|p1a: Wtf Is this raptor|Walking Wake|51/100
|-activate|p1a: Wtf Is this raptor|ability: Protosynthesis
|-start|p1a: Wtf Is this raptor|protosynthesisspe
|turn|16
|
|t:|1743873219
|move|p1a: Wtf Is this raptor|Draco Meteor|p2a: Ting-Lu
|-damage|p2a: Ting-Lu|30/100
|-unboost|p1a: Wtf Is this raptor|spa|2
|move|p2a: Ting-Lu|Earthquake|p1a: Wtf Is this raptor
|-damage|p1a: Wtf Is this raptor|8/100
|
|-weather|SunnyDay|[upkeep]
|upkeep
|turn|17
|
|t:|1743873233
|move|p1a: Wtf Is this raptor|Draco Meteor|p2a: Ting-Lu
|-damage|p2a: Ting-Lu|15/100
|-unboost|p1a: Wtf Is this raptor|spa|2
|move|p2a: Ting-Lu|Earthquake|p1a: Wtf Is this raptor
|-crit|p1a: Wtf Is this raptor
|-damage|p1a: Wtf Is this raptor|0 fnt
|faint|p1a: Wtf Is this raptor
|-end|p1a: Wtf Is this raptor|Protosynthesis|[silent]
|
|-weather|none
|upkeep
|
|t:|1743873239
|switch|p1a: My waifu|Lilligant-Hisui, F, shiny|100/100
|turn|18
|
|t:|1743873252
|move|p1a: My waifu|Leaf Blade|p2a: Ting-Lu
|-supereffective|p2a: Ting-Lu
|-damage|p2a: Ting-Lu|0 fnt
|faint|p2a: Ting-Lu
|
|upkeep
|
|t:|1743873260
|switch|p2a: Ogerpon|Ogerpon-Wellspring, F|59/100
|turn|19
|
|t:|1743873264
|move|p2a: Ogerpon|U-turn|p1a: My waifu
|-damage|p1a: My waifu|60/100
|
|t:|1743873267
|switch|p2a: Cinderace|Cinderace, F|76/100 brn|[from] U-turn
|move|p1a: My waifu|Victory Dance|p1a: My waifu
|-boost|p1a: My waifu|atk|1
|-boost|p1a: My waifu|def|1
|-boost|p1a: My waifu|spe|1
|
|-damage|p2a: Cinderace|70/100 brn|[from] brn
|upkeep
|turn|20
|
|t:|1743873276
|move|p1a: My waifu|Close Combat|p2a: Cinderace
|-damage|p2a: Cinderace|0 fnt
|-unboost|p1a: My waifu|def|1
|-unboost|p1a: My waifu|spd|1
|faint|p2a: Cinderace
|
|upkeep
|
|t:|1743873284
|switch|p2a: Raging Bolt|Raging Bolt|100/100
|-enditem|p2a: Raging Bolt|Booster Energy
|-activate|p2a: Raging Bolt|ability: Protosynthesis|[fromitem]
|-start|p2a: Raging Bolt|protosynthesisspa
|turn|21
|
|t:|1743873307
|move|p1a: My waifu|Ice Spinner|p2a: Raging Bolt
|-supereffective|p2a: Raging Bolt
|-damage|p2a: Raging Bolt|37/100
|move|p2a: Raging Bolt|Dragon Pulse|p1a: My waifu
|-damage|p1a: My waifu|0 fnt
|faint|p1a: My waifu
|
|upkeep
|
|t:|1743873312
|switch|p1a: Choso|Typhlosion-Hisui, M|100/100
|turn|22
|
|t:|1743873322
|-terastallize|p1a: Choso|Fire
|move|p2a: Raging Bolt|Thunderclap|p1a: Choso
|-crit|p1a: Choso
|-damage|p1a: Choso|0 fnt
|faint|p1a: Choso
|
|win|projectzone
|raw|kotW0lf07's rating: 1298 &rarr; <strong>1275</strong><br />(-23 for losing)
|raw|projectzone's rating: 1329 &rarr; <strong>1347</strong><br />(+18 for winning)
|l|☆kotW0lf07
|player|p1|
|l|☆projectzone
|player|p2|
