|j|☆BigLSmells
|j|☆mio3777
|t:|1743845464
|gametype|singles
|player|p1|BigLSmells|lyra|1373
|player|p2|mio3777|266|1389
|teamsize|p1|6
|teamsize|p2|6
|gen|9
|tier|[Gen 9] OU
|rated|
|rule|HP Percentage Mod: HP is shown in percentages
|rule|Endless Battle Clause: Forcing endless battles is banned
|rule|Species Clause: Limit one of each Pokémon
|rule|OHKO Clause: OHKO moves are banned
|rule|Evasion Items Clause: Evasion items are banned
|rule|Evasion Moves Clause: Evasion moves are banned
|rule|Sleep Moves Clause: Sleep-inducing moves are banned
|clearpoke
|poke|p1|Araquanid, M|
|poke|p1|Meowscarada, F|
|poke|p1|Garchomp, M|
|poke|p1|Garganacl, F|
|poke|p1|Iron Treads|
|poke|p1|Gholdengo|
|poke|p2|Glimmora, F|
|poke|p2|Gholdengo|
|poke|p2|Dondozo, M|
|poke|p2|Blissey, F|
|poke|p2|Rotom-Heat|
|poke|p2|Hoopa-Unbound|
|teampreview
|inactive|Battle timer is ON: inactive players will automatically lose when time's up. (requested by BigLSmells)
|
|t:|1743845477
|start
|switch|p1a: Araquanid|Araquanid, M|100/100
|switch|p2a: Rotom|Rotom-Heat|100/100
|turn|1
|
|t:|1743845485
|move|p2a: Rotom|Volt Switch|p1a: Araquanid
|-supereffective|p1a: Araquanid
|-damage|p1a: Araquanid|47/100
|
|t:|1743845488
|switch|p2a: Dondozo|Dondozo, M|100/100|[from] Volt Switch
|move|p1a: Araquanid|Sticky Web|p2a: Dondozo
|-sidestart|p2: mio3777|move: Sticky Web
|
|upkeep
|turn|2
|
|t:|1743845498
|move|p1a: Araquanid|Endeavor|p2a: Dondozo
|-damage|p2a: Dondozo|36/100
|-damage|p1a: Araquanid|30/100|[from] item: Rocky Helmet|[of] p2a: Dondozo
|move|p2a: Dondozo|Curse|p2a: Dondozo
|-unboost|p2a: Dondozo|spe|1
|-boost|p2a: Dondozo|atk|1
|-boost|p2a: Dondozo|def|1
|
|upkeep
|turn|3
|
|t:|1743845509
|move|p1a: Araquanid|Endeavor|p2a: Dondozo
|-damage|p2a: Dondozo|24/100
|-damage|p1a: Araquanid|14/100|[from] item: Rocky Helmet|[of] p2a: Dondozo
|move|p2a: Dondozo|Liquidation|p1a: Araquanid
|-resisted|p1a: Araquanid
|-damage|p1a: Araquanid|0 fnt
|faint|p1a: Araquanid
|
|upkeep
|
|t:|1743845518
|switch|p1a: Garchomp|Garchomp, M|100/100
|turn|4
|
|t:|1743845523
|move|p1a: Garchomp|Spikes|p2a: Dondozo
|-sidestart|p2: mio3777|Spikes
|move|p2a: Dondozo|Rest|p2a: Dondozo
|-status|p2a: Dondozo|slp|[from] move: Rest
|-heal|p2a: Dondozo|100/100 slp|[silent]
|
|upkeep
|turn|5
|
|t:|1743845538
|switch|p2a: Glimmora|Glimmora, F|100/100
|-activate|p2a: Glimmora|move: Sticky Web
|-unboost|p2a: Glimmora|spe|1
|-damage|p2a: Glimmora|88/100|[from] Spikes
|move|p1a: Garchomp|Dragon Tail|p2a: Glimmora
|-damage|p2a: Glimmora|60/100
|-activate|p2a: Glimmora|ability: Toxic Debris
|-sidestart|p1: BigLSmells|move: Toxic Spikes
|drag|p2a: Rotom|Rotom-Heat|100/100
|
|upkeep
|turn|6
|
|t:|1743845552
|move|p2a: Rotom|Trick|p1a: Garchomp
|-activate|p2a: Rotom|move: Trick|[of] p1a: Garchomp
|-item|p1a: Garchomp|Choice Scarf|[from] move: Trick
|-item|p2a: Rotom|Rocky Helmet|[from] move: Trick
|move|p1a: Garchomp|Stealth Rock|p2a: Rotom
|-sidestart|p2: mio3777|move: Stealth Rock
|
|upkeep
|turn|7
|
|t:|1743845565
|switch|p1a: Garganacl|Garganacl, F|100/100
|move|p2a: Rotom|Volt Switch|p1a: Garganacl
|-damage|p1a: Garganacl|75/100
|
|t:|1743845575
|switch|p2a: Glimmora|Glimmora, F|60/100|[from] Volt Switch
|-activate|p2a: Glimmora|move: Sticky Web
|-unboost|p2a: Glimmora|spe|1
|-damage|p2a: Glimmora|47/100|[from] Spikes
|-damage|p2a: Glimmora|35/100|[from] Stealth Rock
|
|-heal|p1a: Garganacl|81/100|[from] item: Leftovers
|upkeep
|turn|8
|
|t:|1743845586
|move|p2a: Glimmora|Earth Power|p1a: Garganacl
|-supereffective|p1a: Garganacl
|-damage|p1a: Garganacl|44/100
|move|p1a: Garganacl|Earthquake|p2a: Glimmora
|-supereffective|p2a: Glimmora
|-damage|p2a: Glimmora|0 fnt
|-activate|p2a: Glimmora|ability: Toxic Debris
|-sidestart|p1: BigLSmells|move: Toxic Spikes
|faint|p2a: Glimmora
|
|-heal|p1a: Garganacl|50/100|[from] item: Leftovers
|upkeep
|
|t:|1743845603
|switch|p2a: Hoopa|Hoopa-Unbound|100/100
|-activate|p2a: Hoopa|move: Sticky Web
|-unboost|p2a: Hoopa|spe|1
|-damage|p2a: Hoopa|88/100|[from] Spikes
|-damage|p2a: Hoopa|76/100|[from] Stealth Rock
|turn|9
|
|t:|1743845619
|switch|p1a: Iron Treads|Iron Treads|100/100
|move|p2a: Hoopa|Hyperspace Fury|p1a: Iron Treads
|-damage|p1a: Iron Treads|44/100
|-unboost|p2a: Hoopa|def|1
|
|upkeep
|turn|10
|
|t:|1743845629
|move|p1a: Iron Treads|Knock Off|p2a: Hoopa
|-damage|p2a: Hoopa|0 fnt
|-enditem|p2a: Hoopa|Choice Scarf|[from] move: Knock Off|[of] p1a: Iron Treads
|faint|p2a: Hoopa
|
|upkeep
|
|t:|1743845641
|switch|p2a: Rotom|Rotom-Heat|100/100
|-damage|p2a: Rotom|76/100|[from] Stealth Rock
|turn|11
|
|t:|1743845649
|move|p1a: Iron Treads|Rapid Spin|p2a: Rotom
|-damage|p2a: Rotom|53/100
|-boost|p1a: Iron Treads|spe|1
|-damage|p1a: Iron Treads|28/100|[from] item: Rocky Helmet|[of] p2a: Rotom
|-sideend|p1: BigLSmells|Toxic Spikes|[from] move: Rapid Spin|[of] p1a: Iron Treads
|move|p2a: Rotom|Overheat|p1a: Iron Treads
|-supereffective|p1a: Iron Treads
|-damage|p1a: Iron Treads|0 fnt
|-unboost|p2a: Rotom|spa|2
|faint|p1a: Iron Treads
|-end|p1a: Iron Treads|Quark Drive|[silent]
|
|upkeep
|
|t:|1743845660
|switch|p1a: Garganacl|Garganacl, F|50/100
|turn|12
|
|t:|1743845671
|move|p2a: Rotom|Trick|p1a: Garganacl
|-activate|p2a: Rotom|move: Trick|[of] p1a: Garganacl
|-item|p1a: Garganacl|Rocky Helmet|[from] move: Trick
|-item|p2a: Rotom|Leftovers|[from] move: Trick
|move|p1a: Garganacl|Recover|p1a: Garganacl
|-heal|p1a: Garganacl|99/100
|
|-heal|p2a: Rotom|59/100|[from] item: Leftovers
|upkeep
|turn|13
|
|t:|1743845681
|move|p2a: Rotom|Volt Switch|p1a: Garganacl
|-damage|p1a: Garganacl|87/100
|
|t:|1743845684
|switch|p2a: Gholdengo|Gholdengo|100/100|[from] Volt Switch
|-activate|p2a: Gholdengo|move: Sticky Web
|-unboost|p2a: Gholdengo|spe|1
|-damage|p2a: Gholdengo|88/100|[from] Spikes
|-damage|p2a: Gholdengo|82/100|[from] Stealth Rock
|move|p1a: Garganacl|Salt Cure|p2a: Gholdengo
|-resisted|p2a: Gholdengo
|-damage|p2a: Gholdengo|75/100
|-start|p2a: Gholdengo|Salt Cure
|
|-damage|p2a: Gholdengo|50/100|[from] Salt Cure
|upkeep
|turn|14
|
|t:|1743845697
|switch|p1a: Gholdengo|Gholdengo|100/100
|move|p2a: Gholdengo|Shadow Ball|p1a: Gholdengo
|-supereffective|p1a: Gholdengo
|-damage|p1a: Gholdengo|0 fnt
|faint|p1a: Gholdengo
|
|-damage|p2a: Gholdengo|25/100|[from] Salt Cure
|upkeep
|
|t:|1743845705
|switch|p1a: Meowscarada|Meowscarada, F|100/100
|turn|15
|
|t:|1743845711
|switch|p2a: Dondozo|Dondozo, M|100/100 slp
|-activate|p2a: Dondozo|move: Sticky Web
|-unboost|p2a: Dondozo|spe|1
|-damage|p2a: Dondozo|88/100 slp|[from] Spikes
|-damage|p2a: Dondozo|76/100 slp|[from] Stealth Rock
|move|p1a: Meowscarada|Knock Off|p2a: Dondozo
|-start|p1a: Meowscarada|typechange|Dark|[from] ability: Protean
|-damage|p2a: Dondozo|51/100 slp
|-damage|p1a: Meowscarada|84/100|[from] item: Rocky Helmet|[of] p2a: Dondozo
|-enditem|p2a: Dondozo|Rocky Helmet|[from] move: Knock Off|[of] p1a: Meowscarada
|
|upkeep
|turn|16
|inactive|mio3777 has 120 seconds left.
|
|t:|1743845741
|move|p1a: Meowscarada|U-turn|p2a: Dondozo
|-damage|p2a: Dondozo|40/100 slp
|
|t:|1743845747
|switch|p1a: Garganacl|Garganacl, F|87/100|[from] U-turn
|cant|p2a: Dondozo|slp
|
|upkeep
|turn|17
|
|t:|1743845755
|move|p1a: Garganacl|Salt Cure|p2a: Dondozo
|-damage|p2a: Dondozo|32/100 slp
|-start|p2a: Dondozo|Salt Cure
|cant|p2a: Dondozo|slp
|
|-damage|p2a: Dondozo|7/100 slp|[from] Salt Cure
|upkeep
|turn|18
|
|t:|1743845763
|move|p1a: Garganacl|Earthquake|p2a: Dondozo
|-damage|p2a: Dondozo|0 fnt
|faint|p2a: Dondozo
|
|upkeep
|
|t:|1743845770
|switch|p2a: Gholdengo|Gholdengo|25/100
|-activate|p2a: Gholdengo|move: Sticky Web
|-unboost|p2a: Gholdengo|spe|1
|-damage|p2a: Gholdengo|12/100|[from] Spikes
|-damage|p2a: Gholdengo|6/100|[from] Stealth Rock
|turn|19
|
|t:|1743845786
|switch|p1a: Garchomp|Garchomp, M|100/100
|move|p2a: Gholdengo|Make It Rain|p1a: Garchomp
|-damage|p1a: Garchomp|37/100
|-unboost|p2a: Gholdengo|spa|1
|
|upkeep
|turn|20
|
|t:|1743845797
|move|p1a: Garchomp|Earthquake|p2a: Gholdengo
|-supereffective|p2a: Gholdengo
|-damage|p2a: Gholdengo|0 fnt
|faint|p2a: Gholdengo
|
|upkeep
|-message|mio3777 forfeited.
|
|win|BigLSmells
|raw|BigLSmells's rating: 1373 &rarr; <strong>1394</strong><br />(+21 for winning)
|raw|mio3777's rating: 1389 &rarr; <strong>1368</strong><br />(-21 for losing)
|l|☆mio3777
|player|p2|
|l|☆BigLSmells
|player|p1|
