|j|☆The hatefull 6
|j|☆Highscorezero
|t:|1743849416
|gametype|singles
|player|p1|The hatefull 6|gentleman|1149
|player|p2|Highscorezero|265|1226
|teamsize|p1|6
|teamsize|p2|6
|gen|9
|tier|[Gen 9] OU
|rated|
|rule|HP Percentage Mod: HP is shown in percentages
|rule|Endless Battle Clause: Forcing endless battles is banned
|rule|Species Clause: Limit one of each Pokémon
|rule|OHKO Clause: OHKO moves are banned
|rule|Evasion Items Clause: Evasion items are banned
|rule|Evasion Moves Clause: Evasion moves are banned
|rule|Sleep Moves Clause: Sleep-inducing moves are banned
|clearpoke
|poke|p1|Lokix, M|
|poke|p1|Mimikyu, F|
|poke|p1|Weezing-Galar, F|
|poke|p1|Muk-Alola, M|
|poke|p1|Rotom-Wash|
|poke|p1|Salazzle, F|
|poke|p2|Kyurem|
|poke|p2|Deoxys-Speed|
|poke|p2|Great Tusk|
|poke|p2|Blaziken, F|
|poke|p2|Zapdos|
|poke|p2|Okidogi, M|
|teampreview
|
|t:|1743849425
|start
|switch|p1a: Rotom|Rotom-Wash|100/100
|switch|p2a: Deoxys|Deoxys-Speed|100/100
|-ability|p2a: Deoxys|Pressure
|turn|1
|
|t:|1743849433
|move|p2a: Deoxys|Taunt|p1a: Rotom
|-start|p1a: Rotom|move: Taunt
|cant|p1a: Rotom|move: Taunt|Thunder Wave
|
|upkeep
|turn|2
|
|t:|1743849442
|switch|p1a: Muk|Muk-Alola, M|100/100
|move|p2a: Deoxys|Stealth Rock|p1a: Muk
|-sidestart|p1: The hatefull 6|move: Stealth Rock
|
|upkeep
|turn|3
|
|t:|1743849447
|move|p2a: Deoxys|Knock Off|p1a: Muk
|-resisted|p1a: Muk
|-damage|p1a: Muk|90/100
|-enditem|p1a: Muk|Assault Vest|[from] move: Knock Off|[of] p2a: Deoxys
|move|p1a: Muk|Knock Off|p2a: Deoxys
|-supereffective|p2a: Deoxys
|-damage|p2a: Deoxys|0 fnt
|-enditem|p2a: Deoxys|Red Card|[from] move: Knock Off|[of] p1a: Muk
|faint|p2a: Deoxys
|
|upkeep
|
|t:|1743849461
|switch|p2a: Great Tusk|Great Tusk|100/100
|-enditem|p2a: Great Tusk|Booster Energy
|-activate|p2a: Great Tusk|ability: Protosynthesis|[fromitem]
|-start|p2a: Great Tusk|protosynthesisspe
|turn|4
|
|t:|1743849466
|switch|p1a: Weezing|Weezing-Galar, F|100/100
|-damage|p1a: Weezing|88/100|[from] Stealth Rock
|move|p2a: Great Tusk|Bulk Up|p2a: Great Tusk
|-boost|p2a: Great Tusk|atk|1
|-boost|p2a: Great Tusk|def|1
|
|upkeep
|turn|5
|
|t:|1743849480
|move|p2a: Great Tusk|Ice Spinner|p1a: Weezing
|-damage|p1a: Weezing|66/100
|-damage|p2a: Great Tusk|84/100|[from] item: Rocky Helmet|[of] p1a: Weezing
|move|p1a: Weezing|Haze|p1a: Weezing
|-clearallboost
|
|upkeep
|turn|6
|
|t:|1743849506
|-end|p2a: Great Tusk|Protosynthesis|[silent]
|switch|p2a: Zapdos|Zapdos|100/100
|move|p1a: Weezing|Defog|p2a: Zapdos
|-unboost|p2a: Zapdos|evasion|1
|-sideend|p1: The hatefull 6|Stealth Rock|[from] move: Defog|[of] p1a: Weezing
|
|upkeep
|turn|7
|
|t:|1743849519
|switch|p1a: Rotom|Rotom-Wash|100/100
|move|p2a: Zapdos|Thunder Wave|p1a: Rotom
|-immune|p1a: Rotom
|
|upkeep
|turn|8
|
|t:|1743849529
|move|p2a: Zapdos|Hurricane|p1a: Rotom
|-resisted|p1a: Rotom
|-damage|p1a: Rotom|79/100
|move|p1a: Rotom|Thunderbolt|p2a: Zapdos
|-damage|p2a: Zapdos|72/100
|
|upkeep
|turn|9
|
|t:|1743849536
|move|p2a: Zapdos|Volt Switch|p1a: Rotom
|-damage|p1a: Rotom|50/100
|
|t:|1743849543
|switch|p2a: Okidogi|Okidogi, M|100/100|[from] Volt Switch
|move|p1a: Rotom|Thunderbolt|p2a: Okidogi
|-damage|p2a: Okidogi|80/100
|
|upkeep
|turn|10
|
|t:|1743849554
|move|p1a: Rotom|Will-O-Wisp|p2a: Okidogi|[miss]
|-miss|p1a: Rotom|p2a: Okidogi
|move|p2a: Okidogi|Gunk Shot|p1a: Rotom
|-damage|p1a: Rotom|0 fnt
|faint|p1a: Rotom
|
|upkeep
|
|t:|1743849563
|switch|p1a: Salazzle|Salazzle, F|100/100
|turn|11
|
|t:|1743849571
|move|p1a: Salazzle|Toxic|p2a: Okidogi
|-status|p2a: Okidogi|tox
|move|p2a: Okidogi|Knock Off|p1a: Salazzle
|-damage|p1a: Salazzle|29/100
|-enditem|p1a: Salazzle|Heavy-Duty Boots|[from] move: Knock Off|[of] p2a: Okidogi
|
|-damage|p2a: Okidogi|73/100 tox|[from] psn
|upkeep
|turn|12
|
|t:|1743849581
|move|p1a: Salazzle|Flamethrower|p2a: Okidogi
|-damage|p2a: Okidogi|42/100 tox
|move|p2a: Okidogi|Knock Off|p1a: Salazzle
|-damage|p1a: Salazzle|0 fnt
|faint|p1a: Salazzle
|
|-damage|p2a: Okidogi|30/100 tox|[from] psn
|upkeep
|
|t:|1743849591
|switch|p1a: Lokix|Lokix, M|100/100
|turn|13
|
|t:|1743849597
|move|p1a: Lokix|First Impression|p2a: Okidogi
|-resisted|p2a: Okidogi
|-damage|p2a: Okidogi|8/100 tox
|-damage|p1a: Lokix|91/100|[from] item: Life Orb
|move|p2a: Okidogi|Gunk Shot|p1a: Lokix
|-damage|p1a: Lokix|0 fnt
|faint|p1a: Lokix
|
|-damage|p2a: Okidogi|0 fnt|[from] psn
|faint|p2a: Okidogi
|upkeep
|-message|The hatefull 6 forfeited.
|
|win|Highscorezero
|raw|The hatefull 6's rating: 1149 &rarr; <strong>1129</strong><br />(-20 for losing)
|raw|Highscorezero's rating: 1226 &rarr; <strong>1246</strong><br />(+20 for winning)
|l|☆The hatefull 6
|player|p1|
|l|☆Highscorezero
|player|p2|
