|j|☆asdfjklqwert
|j|☆45worldd
|t:|1743785720
|gametype|singles
|player|p1|asdfjklqwert|winona|1425
|player|p2|45worldd|jupiter|1520
|teamsize|p1|6
|teamsize|p2|6
|gen|9
|tier|[Gen 9] OU
|rated|
|rule|HP Percentage Mod: HP is shown in percentages
|rule|Endless Battle Clause: Forcing endless battles is banned
|rule|Species Clause: Limit one of each Pokémon
|rule|OHKO Clause: OHKO moves are banned
|rule|Evasion Items Clause: Evasion items are banned
|rule|Evasion Moves Clause: Evasion moves are banned
|rule|Sleep Moves Clause: Sleep-inducing moves are banned
|clearpoke
|poke|p1|Latios, M|
|poke|p1|Hydrapple, F|
|poke|p1|Tornadus-Therian, M|
|poke|p1|Weezing-Galar, M|
|poke|p1|Cinderace, F|
|poke|p1|Swampert, F|
|poke|p2|Garganacl, F|
|poke|p2|Shiftry, F|
|poke|p2|Brambleghast, F|
|poke|p2|Braviary-Hisui, M|
|poke|p2|Dragapult, F|
|poke|p2|Iron Hands|
|teampreview
|
|t:|1743785723
|start
|switch|p1a: Hydrapple|Hydrapple, F|100/100
|switch|p2a: Shiftry|Shiftry, F|100/100
|turn|1
|inactive|Battle timer is ON: inactive players will automatically lose when time's up. (requested by asdfjklqwert)
|
|t:|1743785730
|move|p2a: Shiftry|Tailwind|p2a: Shiftry
|-sidestart|p2: 45worldd|move: Tailwind
|-ability|p2a: Shiftry|Wind Rider|boost
|-boost|p2a: Shiftry|atk|1
|move|p1a: Hydrapple|Fickle Beam|p2a: Shiftry
|-damage|p2a: Shiftry|28/100
|
|upkeep
|turn|2
|
|t:|1743785735
|move|p2a: Shiftry|Explosion|p1a: Hydrapple
|-damage|p1a: Hydrapple|13/100
|faint|p2a: Shiftry
|move|p1a: Hydrapple|Fickle Beam|p2: Shiftry|[notarget]
|-fail|p1a: Hydrapple
|
|upkeep
|
|t:|1743785751
|switch|p2a: Braviary|Braviary-Hisui, M|100/100
|turn|3
|
|t:|1743785756
|switch|p1a: Tornadus|Tornadus-Therian, M|100/100
|move|p2a: Braviary|Esper Wing|p1a: Tornadus
|-damage|p1a: Tornadus|68/100
|-boost|p2a: Braviary|spe|1
|
|upkeep
|turn|4
|
|t:|1743785761
|move|p2a: Braviary|Calm Mind|p2a: Braviary
|-boost|p2a: Braviary|spa|1
|-boost|p2a: Braviary|spd|1
|move|p1a: Tornadus|Knock Off|p2a: Braviary
|-supereffective|p2a: Braviary
|-damage|p2a: Braviary|45/100
|-enditem|p2a: Braviary|Twisted Spoon|[from] move: Knock Off|[of] p1a: Tornadus
|
|-sideend|p2: 45worldd|move: Tailwind
|upkeep
|turn|5
|
|t:|1743785767
|move|p2a: Braviary|Psyshock|p1a: Tornadus
|-damage|p1a: Tornadus|0 fnt
|faint|p1a: Tornadus
|
|upkeep
|
|t:|1743785776
|switch|p1a: Cinderace|Cinderace, F|100/100
|turn|6
|
|t:|1743785781
|move|p2a: Braviary|Esper Wing|p1a: Cinderace
|-damage|p1a: Cinderace|18/100
|-boost|p2a: Braviary|spe|1
|move|p1a: Cinderace|Pyro Ball|p2a: Braviary|[miss]
|-miss|p1a: Cinderace|p2a: Braviary
|
|upkeep
|turn|7
|
|t:|1743785786
|move|p1a: Cinderace|Sucker Punch|p2a: Braviary
|-start|p1a: Cinderace|typechange|Dark|[from] ability: Libero
|-supereffective|p2a: Braviary
|-damage|p2a: Braviary|0 fnt
|faint|p2a: Braviary
|
|upkeep
|
|t:|1743785790
|switch|p2a: Dragapult|Dragapult, F, shiny|100/100
|turn|8
|
|t:|1743785799
|switch|p1a: Weezing|Weezing-Galar, M|100/100
|-ability|p1a: Weezing|Neutralizing Gas
|move|p2a: Dragapult|Reflect|p2a: Dragapult
|-sidestart|p2: 45worldd|Reflect
|
|upkeep
|turn|9
|
|t:|1743785804
|move|p2a: Dragapult|Curse|p1a: Weezing
|-start|p1a: Weezing|Curse|[of] p2a: Dragapult
|-damage|p2a: Dragapult|50/100
|move|p1a: Weezing|Defog|p2a: Dragapult
|-unboost|p2a: Dragapult|evasion|1
|-sideend|p2: 45worldd|Reflect
|
|-damage|p1a: Weezing|76/100|[from] Curse
|upkeep
|turn|10
|
|t:|1743785811
|move|p2a: Dragapult|Light Screen|p2a: Dragapult
|-sidestart|p2: 45worldd|move: Light Screen
|move|p1a: Weezing|Strange Steam|p2a: Dragapult
|-supereffective|p2a: Dragapult
|-damage|p2a: Dragapult|13/100
|
|-heal|p1a: Weezing|82/100|[from] item: Leftovers
|-damage|p1a: Weezing|57/100|[from] Curse
|upkeep
|turn|11
|
|t:|1743785820
|switch|p2a: Brambleghast|Brambleghast, F|100/100
|move|p1a: Weezing|Strange Steam|p2a: Brambleghast
|-damage|p2a: Brambleghast|69/100
|
|-heal|p1a: Weezing|63/100|[from] item: Leftovers
|-damage|p1a: Weezing|38/100|[from] Curse
|upkeep
|turn|12
|
|t:|1743785828
|move|p2a: Brambleghast|Poltergeist|p1a: Weezing|[miss]
|-miss|p2a: Brambleghast|p1a: Weezing
|move|p1a: Weezing|Pain Split|p2a: Brambleghast
|-sethp|p2a: Brambleghast|60/100|[from] move: Pain Split|[silent]
|-sethp|p1a: Weezing|45/100|[from] move: Pain Split
|
|-heal|p1a: Weezing|51/100|[from] item: Leftovers
|-damage|p1a: Weezing|26/100|[from] Curse
|upkeep
|turn|13
|
|t:|1743785835
|move|p2a: Brambleghast|Poltergeist|p1a: Weezing
|-activate|p1a: Weezing|move: Poltergeist|Leftovers
|-damage|p1a: Weezing|0 fnt
|faint|p1a: Weezing
|-end|p1a: Weezing|ability: Neutralizing Gas
|-damage|p2a: Brambleghast|50/100|[from] item: Life Orb
|
|upkeep
|
|t:|1743785840
|switch|p1a: Cinderace|Cinderace, F|18/100
|turn|14
|
|t:|1743785850
|move|p1a: Cinderace|U-turn|p2a: Brambleghast
|-start|p1a: Cinderace|typechange|Bug|[from] ability: Libero
|-damage|p2a: Brambleghast|0 fnt
|faint|p2a: Brambleghast
|
|t:|1743785858
|switch|p1a: Latios|Latios, M|100/100|[from] U-turn
|
|upkeep
|
|t:|1743785862
|switch|p2a: Dragapult|Dragapult, F, shiny|13/100
|turn|15
|
|t:|1743785866
|-terastallize|p1a: Latios|Fire
|move|p2a: Dragapult|Dragon Darts|p1a: Latios
|-damage|p1a: Latios|74/100
|-anim|p2a: Dragapult|Dragon Darts|p1a: Latios
|-damage|p1a: Latios|44/100
|move|p1a: Latios|Flip Turn|p2a: Dragapult
|-resisted|p2a: Dragapult
|-damage|p2a: Dragapult|6/100
|-start|p1a: Latios|Disable|Flip Turn|[from] ability: Cursed Body|[of] p2a: Dragapult
|
|t:|1743785875
|switch|p1a: Cinderace|Cinderace, F|18/100|[from] Flip Turn
|
|upkeep
|turn|16
|
|t:|1743785880
|move|p1a: Cinderace|Sucker Punch||[still]
|-fail|p1a: Cinderace
|move|p2a: Dragapult|Reflect|p2a: Dragapult
|-sidestart|p2: 45worldd|Reflect
|
|upkeep
|turn|17
|
|t:|1743785886
|move|p1a: Cinderace|Sucker Punch||[still]
|-fail|p1a: Cinderace
|move|p2a: Dragapult|Curse|p1a: Cinderace
|-start|p1a: Cinderace|Curse|[of] p2a: Dragapult
|-damage|p2a: Dragapult|0 fnt
|faint|p2a: Dragapult
|
|-damage|p1a: Cinderace|0 fnt|[from] Curse
|faint|p1a: Cinderace
|-sideend|p2: 45worldd|move: Light Screen
|upkeep
|
|t:|1743785896
|switch|p2a: Iron Hands|Iron Hands|100/100
|switch|p1a: Hydrapple|Hydrapple, F|46/100
|turn|18
|
|t:|1743785904
|switch|p1a: Swampert|Swampert, F|100/100
|move|p2a: Iron Hands|Ice Punch|p1a: Swampert
|-damage|p1a: Swampert|77/100
|
|-heal|p1a: Swampert|83/100|[from] item: Leftovers
|upkeep
|turn|19
|
|t:|1743785909
|move|p2a: Iron Hands|Swords Dance|p2a: Iron Hands
|-boost|p2a: Iron Hands|atk|2
|move|p1a: Swampert|Earthquake|p2a: Iron Hands
|-supereffective|p2a: Iron Hands
|-damage|p2a: Iron Hands|69/100
|
|-heal|p2a: Iron Hands|75/100|[from] item: Leftovers
|-heal|p1a: Swampert|89/100|[from] item: Leftovers
|upkeep
|turn|20
|
|t:|1743785915
|move|p2a: Iron Hands|Drain Punch|p1a: Swampert
|-damage|p1a: Swampert|16/100
|-heal|p2a: Iron Hands|100/100|[from] drain|[of] p1a: Swampert
|move|p1a: Swampert|Earthquake|p2a: Iron Hands
|-supereffective|p2a: Iron Hands
|-damage|p2a: Iron Hands|68/100
|
|-heal|p2a: Iron Hands|74/100|[from] item: Leftovers
|-heal|p1a: Swampert|22/100|[from] item: Leftovers
|upkeep
|turn|21
|
|t:|1743785920
|move|p2a: Iron Hands|Drain Punch|p1a: Swampert
|-crit|p1a: Swampert
|-damage|p1a: Swampert|0 fnt
|-heal|p2a: Iron Hands|82/100|[from] drain|[of] p1a: Swampert
|faint|p1a: Swampert
|
|-heal|p2a: Iron Hands|88/100|[from] item: Leftovers
|upkeep
|
|t:|1743785921
|switch|p1a: Latios|Latios, M, tera:Fire|44/100
|turn|22
|
|t:|1743785925
|move|p1a: Latios|Luster Purge|p2a: Iron Hands
|-supereffective|p2a: Iron Hands
|-crit|p2a: Iron Hands
|-damage|p2a: Iron Hands|0 fnt
|faint|p2a: Iron Hands
|-end|p2a: Iron Hands|Quark Drive|[silent]
|
|upkeep
|
|t:|1743785928
|switch|p2a: Garganacl|Garganacl, F|100/100
|turn|23
|
|t:|1743785933
|move|p1a: Latios|Luster Purge|p2a: Garganacl
|-damage|p2a: Garganacl|63/100
|move|p2a: Garganacl|Salt Cure|p1a: Latios
|-supereffective|p1a: Latios
|-damage|p1a: Latios|4/100
|-start|p1a: Latios|Salt Cure
|
|-heal|p2a: Garganacl|69/100|[from] item: Leftovers
|-damage|p1a: Latios|0 fnt|[from] Salt Cure
|faint|p1a: Latios
|-sideend|p2: 45worldd|Reflect
|upkeep
|
|t:|1743785937
|switch|p1a: Hydrapple|Hydrapple, F|80/100
|turn|24
|
|t:|1743785945
|move|p1a: Hydrapple|Substitute|p1a: Hydrapple
|-start|p1a: Hydrapple|Substitute
|-damage|p1a: Hydrapple|55/100
|move|p2a: Garganacl|Salt Cure|p1a: Hydrapple
|-activate|p1a: Hydrapple|move: Substitute|[damage]
|
|-heal|p2a: Garganacl|75/100|[from] item: Leftovers
|upkeep
|turn|25
|
|t:|1743785949
|move|p1a: Hydrapple|Energy Ball|p2a: Garganacl
|-supereffective|p2a: Garganacl
|-damage|p2a: Garganacl|9/100
|move|p2a: Garganacl|Salt Cure|p1a: Hydrapple
|-activate|p1a: Hydrapple|move: Substitute|[damage]
|
|-heal|p2a: Garganacl|15/100|[from] item: Leftovers
|upkeep
|turn|26
|
|t:|1743785953
|move|p1a: Hydrapple|Energy Ball|p2a: Garganacl
|-supereffective|p2a: Garganacl
|-damage|p2a: Garganacl|0 fnt
|faint|p2a: Garganacl
|
|win|asdfjklqwert
|raw|asdfjklqwert's rating: 1425 &rarr; <strong>1450</strong><br />(+25 for winning)
|raw|45worldd's rating: 1520 &rarr; <strong>1495</strong><br />(-25 for losing)
|l|☆45worldd
|player|p2|
|l|☆asdfjklqwert
|player|p1|
