|j|☆shinriley
|j|☆ImHavingAHeartache
|t:|1743914719
|gametype|singles
|player|p1|shinriley|unknown|1073
|player|p2|ImHavingAHeartache|cynthia|1062
|teamsize|p1|6
|teamsize|p2|6
|gen|9
|tier|[Gen 9] OU
|rated|
|rule|HP Percentage Mod: HP is shown in percentages
|rule|Endless Battle Clause: Forcing endless battles is banned
|rule|Species Clause: Limit one of each Pokémon
|rule|OHKO Clause: OHKO moves are banned
|rule|Evasion Items Clause: Evasion items are banned
|rule|Evasion Moves Clause: Evasion moves are banned
|rule|Sleep Moves Clause: Sleep-inducing moves are banned
|clearpoke
|poke|p1|Swampert, M|
|poke|p1|Muk-Alola, M|
|poke|p1|Gardevoir, F|
|poke|p1|Golurk|
|poke|p1|Cryogonal|
|poke|p1|Alomomola, F|
|poke|p2|Masquerain, M|
|poke|p2|Dragapult, M|
|poke|p2|Breloom, M|
|poke|p2|Gholdengo|
|poke|p2|Kingambit, F|
|poke|p2|Azumarill, F|
|teampreview
|inactive|Battle timer is ON: inactive players will automatically lose when time's up. (requested by ImHavingAHeartache)
|
|t:|1743914726
|start
|switch|p1a: Muk|Muk-Alola, M|100/100
|switch|p2a: Sticky Fingers|Masquerain, M|100/100
|-ability|p2a: Sticky Fingers|Intimidate|boost
|-unboost|p1a: Muk|atk|1
|turn|1
|inactive|ImHavingAHeartache has 120 seconds left.
|
|t:|1743914759
|move|p2a: Sticky Fingers|Sticky Web|p1a: Muk
|-sidestart|p1: shinriley|move: Sticky Web
|move|p1a: Muk|Knock Off|p2a: Sticky Fingers
|-damage|p2a: Sticky Fingers|56/100
|-enditem|p2a: Sticky Fingers|Heavy-Duty Boots|[from] move: Knock Off|[of] p1a: Muk
|
|upkeep
|turn|2
|
|t:|1743914769
|move|p2a: Sticky Fingers|U-turn|p1a: Muk
|-damage|p1a: Muk|85/100
|inactive|ImHavingAHeartache has 120 seconds left.
|
|t:|1743914779
|switch|p2a: Beloom|Breloom, M|100/100|[from] U-turn
|move|p1a: Muk|Poison Fang|p2a: Beloom
|-supereffective|p2a: Beloom
|-damage|p2a: Beloom|47/100
|
|upkeep
|turn|3
|
|t:|1743914788
|move|p2a: Beloom|Bulldoze|p1a: Muk
|-supereffective|p1a: Muk
|-damage|p1a: Muk|20/100
|-unboost|p1a: Muk|spe|1
|move|p1a: Muk|Poison Fang|p2a: Beloom
|-supereffective|p2a: Beloom
|-crit|p2a: Beloom
|-damage|p2a: Beloom|0 fnt
|faint|p2a: Beloom
|
|upkeep
|
|t:|1743914798
|switch|p2a: Massacre|Azumarill, F|100/100
|turn|4
|
|t:|1743914806
|move|p2a: Massacre|Aqua Jet|p1a: Muk
|-damage|p1a: Muk|0 fnt
|faint|p1a: Muk
|
|upkeep
|
|t:|1743914812
|switch|p1a: Cryogonal|Cryogonal|100/100
|turn|5
|
|t:|1743914836
|switch|p2a: Conqueror's Haki|Kingambit, F|100/100
|-activate|p2a: Conqueror's Haki|ability: Supreme Overlord
|-start|p2a: Conqueror's Haki|fallen1|[silent]
|move|p1a: Cryogonal|Freeze-Dry|p2a: Conqueror's Haki
|-resisted|p2a: Conqueror's Haki
|-damage|p2a: Conqueror's Haki|89/100
|
|upkeep
|turn|6
|
|t:|1743914848
|switch|p1a: Alomomola|Alomomola, F|100/100
|-activate|p1a: Alomomola|move: Sticky Web
|-unboost|p1a: Alomomola|spe|1
|move|p2a: Conqueror's Haki|Swords Dance|p2a: Conqueror's Haki
|-boost|p2a: Conqueror's Haki|atk|2
|
|upkeep
|turn|7
|
|t:|1743914858
|move|p2a: Conqueror's Haki|Kowtow Cleave|p1a: Alomomola
|-damage|p1a: Alomomola|4/100
|-damage|p2a: Conqueror's Haki|72/100|[from] item: Rocky Helmet|[of] p1a: Alomomola
|move|p1a: Alomomola|Snowscape|p1a: Alomomola
|-weather|Snowscape
|
|-weather|Snowscape|[upkeep]
|upkeep
|turn|8
|
|t:|1743914868
|switch|p1a: Gardevoir|Gardevoir, F|100/100
|-activate|p1a: Gardevoir|move: Sticky Web
|-unboost|p1a: Gardevoir|spe|1
|-activate|p1a: Gardevoir|ability: Supreme Overlord
|-start|p1a: Gardevoir|fallen1|[silent]
|-ability|p1a: Gardevoir|Supreme Overlord|[from] ability: Trace|[of] p2a: Conqueror's Haki
|move|p2a: Conqueror's Haki|Kowtow Cleave|p1a: Gardevoir
|-crit|p1a: Gardevoir
|-damage|p1a: Gardevoir|0 fnt
|faint|p1a: Gardevoir
|-end|p1a: Gardevoir|fallen1|[silent]
|
|-weather|Snowscape|[upkeep]
|upkeep
|
|t:|1743914882
|switch|p1a: Cryogonal|Cryogonal|100/100
|turn|9
|inactive|ImHavingAHeartache has 120 seconds left.
|
|t:|1743914915
|move|p1a: Cryogonal|Aurora Veil|p1a: Cryogonal
|-sidestart|p1: shinriley|move: Aurora Veil
|move|p2a: Conqueror's Haki|Kowtow Cleave|p1a: Cryogonal
|-damage|p1a: Cryogonal|55/100
|
|-weather|Snowscape|[upkeep]
|upkeep
|turn|10
|
|t:|1743914923
|switch|p1a: Swampert|Swampert, M|100/100
|-activate|p1a: Swampert|move: Sticky Web
|-unboost|p1a: Swampert|spe|1
|move|p2a: Conqueror's Haki|Swords Dance|p2a: Conqueror's Haki
|-boost|p2a: Conqueror's Haki|atk|2
|
|-weather|Snowscape|[upkeep]
|upkeep
|turn|11
|inactive|ImHavingAHeartache has 120 seconds left.
|
|t:|1743914943
|-terastallize|p2a: Conqueror's Haki|Dark
|move|p2a: Conqueror's Haki|Kowtow Cleave|p1a: Swampert
|-damage|p1a: Swampert|0 fnt
|faint|p1a: Swampert
|
|-weather|none
|upkeep
|-message|shinriley forfeited.
|
|win|ImHavingAHeartache
|raw|shinriley's rating: 1073 &rarr; <strong>1051</strong><br />(-22 for losing)
|raw|ImHavingAHeartache's rating: 1062 &rarr; <strong>1094</strong><br />(+32 for winning)
|l|☆shinriley
|player|p1|
|l|☆ImHavingAHeartache
|player|p2|
