|j|☆iciestdude
|j|☆Hula Shark
|t:|1743865697
|gametype|singles
|player|p1|iciestdude|266|1416
|player|p2|Hula Shark|170|1422
|teamsize|p1|6
|teamsize|p2|6
|gen|9
|tier|[Gen 9] OU
|rated|
|rule|HP Percentage Mod: HP is shown in percentages
|rule|Endless Battle Clause: Forcing endless battles is banned
|rule|Species Clause: Limit one of each Pokémon
|rule|OHKO Clause: OHKO moves are banned
|rule|Evasion Items Clause: Evasion items are banned
|rule|Evasion Moves Clause: Evasion moves are banned
|rule|Sleep Moves Clause: Sleep-inducing moves are banned
|clearpoke
|poke|p1|Rabsca, F|
|poke|p1|Slowking-Galar, M|
|poke|p1|Ursaluna, F|
|poke|p1|Azumarill, F|
|poke|p1|Mimikyu, F|
|poke|p1|Kingambit, M|
|poke|p2|Samurott-Hisui, F|
|poke|p2|Ogerpon-Wellspring, F|
|poke|p2|Iron Valiant|
|poke|p2|Dragapult, M|
|poke|p2|Iron Treads|
|poke|p2|Moltres|
|teampreview
|inactive|Battle timer is ON: inactive players will automatically lose when time's up. (requested by Hula Shark)
|
|t:|1743865715
|start
|switch|p1a: Decoy|Mimikyu, F|100/100
|switch|p2a: Ogerpon|Ogerpon-Wellspring, F|100/100
|turn|1
|
|t:|1743865722
|move|p2a: Ogerpon|Knock Off|p1a: Decoy
|-activate|p1a: Decoy|ability: Disguise
|-damage|p1a: Decoy|100/100
|-enditem|p1a: Decoy|Mental Herb|[from] move: Knock Off|[of] p2a: Ogerpon
|detailschange|p1a: Decoy|Mimikyu-Busted, F
|-damage|p1a: Decoy|88/100|[from] pokemon: Mimikyu-Busted
|move|p1a: Decoy|Trick Room|p1a: Decoy
|-fieldstart|move: Trick Room|[of] p1a: Decoy
|
|upkeep
|turn|2
|
|t:|1743865736
|switch|p1a: Village Crusher|Ursaluna, F|100/100
|switch|p2a: Moltres|Moltres|100/100
|
|-status|p1a: Village Crusher|brn|[from] item: Flame Orb
|upkeep
|turn|3
|
|t:|1743865750
|move|p1a: Village Crusher|Swords Dance|p1a: Village Crusher
|-boost|p1a: Village Crusher|atk|2
|move|p2a: Moltres|Roar|p1a: Village Crusher
|drag|p1a: Chad|Azumarill, F|100/100
|
|upkeep
|turn|4
|
|t:|1743865761
|switch|p2a: Ogerpon|Ogerpon-Wellspring, F|100/100
|move|p1a: Chad|Liquidation|p2a: Ogerpon
|-immune|p2a: Ogerpon|[from] ability: Water Absorb
|
|upkeep
|turn|5
|
|t:|1743865779
|move|p1a: Chad|Play Rough|p2a: Ogerpon
|-damage|p2a: Ogerpon|40/100
|move|p2a: Ogerpon|U-turn|p1a: Chad
|-resisted|p1a: Chad
|-damage|p1a: Chad|89/100
|
|t:|1743865788
|switch|p2a: Iron Treads|Iron Treads|100/100|[from] U-turn
|
|-fieldend|move: Trick Room
|upkeep
|turn|6
|
|t:|1743865791
|move|p2a: Iron Treads|Stealth Rock|p1a: Chad
|-sidestart|p1: iciestdude|move: Stealth Rock
|move|p1a: Chad|Knock Off|p2a: Iron Treads
|-damage|p2a: Iron Treads|70/100
|-enditem|p2a: Iron Treads|Heavy-Duty Boots|[from] move: Knock Off|[of] p1a: Chad
|
|upkeep
|turn|7
|
|t:|1743865799
|-end|p2a: Iron Treads|Quark Drive|[silent]
|switch|p2a: Ogerpon|Ogerpon-Wellspring, F|40/100
|move|p1a: Chad|Play Rough|p2a: Ogerpon
|-damage|p2a: Ogerpon|0 fnt
|faint|p2a: Ogerpon
|
|upkeep
|
|t:|1743865822
|switch|p2a: Iron Treads|Iron Treads|70/100
|turn|8
|inactive|iciestdude has 120 seconds left.
|
|t:|1743865857
|move|p2a: Iron Treads|Earthquake|p1a: Chad
|-damage|p1a: Chad|51/100
|move|p1a: Chad|Liquidation|p2a: Iron Treads
|-supereffective|p2a: Iron Treads
|-damage|p2a: Iron Treads|0 fnt
|faint|p2a: Iron Treads
|-end|p2a: Iron Treads|Quark Drive|[silent]
|
|upkeep
|
|t:|1743865864
|switch|p2a: Iron Valiant|Iron Valiant|100/100
|-enditem|p2a: Iron Valiant|Booster Energy
|-activate|p2a: Iron Valiant|ability: Quark Drive|[fromitem]
|-start|p2a: Iron Valiant|quarkdrivespe
|turn|9
|
|t:|1743865867
|move|p2a: Iron Valiant|Thunderbolt|p1a: Chad
|-supereffective|p1a: Chad
|-damage|p1a: Chad|11/100
|move|p1a: Chad|Play Rough|p2a: Iron Valiant
|-supereffective|p2a: Iron Valiant
|-damage|p2a: Iron Valiant|0 fnt
|faint|p2a: Iron Valiant
|-end|p2a: Iron Valiant|Quark Drive|[silent]
|
|upkeep
|
|t:|1743865871
|switch|p2a: Samurott|Samurott-Hisui, F|100/100
|turn|10
|
|t:|1743865876
|move|p1a: Chad|Aqua Jet|p2a: Samurott
|-resisted|p2a: Samurott
|-damage|p2a: Samurott|87/100
|move|p2a: Samurott|Ceaseless Edge|p1a: Chad
|-resisted|p1a: Chad
|-damage|p1a: Chad|0 fnt
|-sidestart|p1: iciestdude|Spikes
|faint|p1a: Chad
|
|upkeep
|
|t:|1743865881
|switch|p1a: Decoy|Mimikyu-Busted, F|88/100
|-damage|p1a: Decoy|76/100|[from] Stealth Rock
|-damage|p1a: Decoy|63/100|[from] Spikes
|turn|11
|
|t:|1743865885
|move|p2a: Samurott|Ceaseless Edge|p1a: Decoy
|-damage|p1a: Decoy|6/100
|-sidestart|p1: iciestdude|Spikes
|move|p1a: Decoy|Trick Room|p1a: Decoy
|-fieldstart|move: Trick Room|[of] p1a: Decoy
|
|upkeep
|turn|12
|
|t:|1743865889
|move|p2a: Samurott|Sucker Punch|p1a: Decoy
|-crit|p1a: Decoy
|-damage|p1a: Decoy|0 fnt
|faint|p1a: Decoy
|
|upkeep
|
|t:|1743865892
|switch|p1a: Village Crusher|Ursaluna, F|100/100 brn
|-damage|p1a: Village Crusher|94/100 brn|[from] Stealth Rock
|-damage|p1a: Village Crusher|78/100 brn|[from] Spikes
|turn|13
|
|t:|1743865902
|move|p1a: Village Crusher|Facade|p2a: Samurott
|-damage|p2a: Samurott|0 fnt
|faint|p2a: Samurott
|
|-damage|p1a: Village Crusher|72/100 brn|[from] brn
|upkeep
|
|t:|1743865907
|switch|p2a: Dragapult|Dragapult, M|100/100
|turn|14
|
|t:|1743865910
|switch|p2a: Moltres|Moltres|100/100
|move|p1a: Village Crusher|Smack Down|p2a: Moltres
|-supereffective|p2a: Moltres
|-damage|p2a: Moltres|19/100
|-start|p2a: Moltres|Smack Down
|
|-damage|p1a: Village Crusher|66/100 brn|[from] brn
|upkeep
|turn|15
|
|t:|1743865920
|move|p1a: Village Crusher|Headlong Rush|p2a: Moltres
|-supereffective|p2a: Moltres
|-damage|p2a: Moltres|0 fnt
|-unboost|p1a: Village Crusher|def|1
|-unboost|p1a: Village Crusher|spd|1
|faint|p2a: Moltres
|
|-damage|p1a: Village Crusher|60/100 brn|[from] brn
|-fieldend|move: Trick Room
|upkeep
|
|t:|1743865924
|switch|p2a: Dragapult|Dragapult, M|100/100
|turn|16
|
|t:|1743865932
|switch|p1a: Shogun|Kingambit, M|100/100
|-damage|p1a: Shogun|94/100|[from] Stealth Rock
|-damage|p1a: Shogun|78/100|[from] Spikes
|-activate|p1a: Shogun|ability: Supreme Overlord
|-start|p1a: Shogun|fallen2|[silent]
|move|p2a: Dragapult|Draco Meteor|p1a: Shogun
|-resisted|p1a: Shogun
|-damage|p1a: Shogun|38/100
|-unboost|p2a: Dragapult|spa|2
|
|upkeep
|turn|17
|
|t:|1743865937
|move|p2a: Dragapult|Draco Meteor|p1a: Shogun
|-resisted|p1a: Shogun
|-damage|p1a: Shogun|17/100
|-unboost|p2a: Dragapult|spa|2
|move|p1a: Shogun|Kowtow Cleave|p2a: Dragapult
|-supereffective|p2a: Dragapult
|-crit|p2a: Dragapult
|-damage|p2a: Dragapult|0 fnt
|faint|p2a: Dragapult
|
|win|iciestdude
|raw|iciestdude's rating: 1416 &rarr; <strong>1436</strong><br />(+20 for winning)
|raw|Hula Shark's rating: 1422 &rarr; <strong>1402</strong><br />(-20 for losing)
|l|☆Hula Shark
|player|p2|
|l|☆iciestdude
|player|p1|
