|j|☆Kroketys
|j|☆supertoki1
|t:|1743793128
|gametype|singles
|player|p1|Kroketys|169|1094
|player|p2|supertoki1|iris|1106
|teamsize|p1|5
|teamsize|p2|6
|gen|9
|tier|[Gen 9] OU
|rated|
|rule|HP Percentage Mod: HP is shown in percentages
|rule|Endless Battle Clause: Forcing endless battles is banned
|rule|Species Clause: Limit one of each Pokémon
|rule|OHKO Clause: OHKO moves are banned
|rule|Evasion Items Clause: Evasion items are banned
|rule|Evasion Moves Clause: Evasion moves are banned
|rule|Sleep Moves Clause: Sleep-inducing moves are banned
|clearpoke
|poke|p1|Breloom, M|
|poke|p1|Appletun, M|
|poke|p1|Ribombee, F|
|poke|p1|Corviknight, M|
|poke|p1|Maushold-Four|
|poke|p2|Zamazenta-*|
|poke|p2|Iron Crown|
|poke|p2|Kingambit, F|
|poke|p2|Dragonite, F|
|poke|p2|Porygon-Z|
|poke|p2|Cinderace, M|
|teampreview
|inactive|Battle timer is ON: inactive players will automatically lose when time's up. (requested by supertoki1)
|inactive|Kroketys has 120 seconds left.
|
|t:|1743793160
|start
|switch|p1a: Ribombee|Ribombee, F|100/100
|switch|p2a: Cinderace|Cinderace, M|100/100
|turn|1
|
|t:|1743793176
|move|p1a: Ribombee|Sticky Web|p2a: Cinderace
|-sidestart|p2: supertoki1|move: Sticky Web
|move|p2a: Cinderace|Pyro Ball|p1a: Ribombee
|-supereffective|p1a: Ribombee
|-enditem|p1a: Ribombee|Focus Sash
|-damage|p1a: Ribombee|1/100
|-status|p1a: Ribombee|brn
|
|-damage|p1a: Ribombee|0 fnt|[from] brn
|faint|p1a: Ribombee
|upkeep
|
|t:|1743793186
|switch|p1a: Maushold|Maushold-Four, shiny|100/100
|turn|2
|
|t:|1743793192
|move|p2a: Cinderace|Court Change|p2a: Cinderace
|-start|p2a: Cinderace|typechange|Normal|[from] ability: Libero
|-swapsideconditions
|-activate|p2a: Cinderace|move: Court Change
|move|p1a: Maushold|Tidy Up|p1a: Maushold
|-sideend|p1: Kroketys|Sticky Web
|-activate|p1a: Maushold|move: Tidy Up
|-boost|p1a: Maushold|atk|1
|-boost|p1a: Maushold|spe|1
|
|upkeep
|turn|3
|
|t:|1743793201
|move|p1a: Maushold|Population Bomb|p2a: Cinderace
|-damage|p2a: Cinderace|75/100
|-damage|p2a: Cinderace|52/100
|-damage|p2a: Cinderace|30/100
|-damage|p2a: Cinderace|8/100
|-damage|p2a: Cinderace|0 fnt
|faint|p2a: Cinderace
|-hitcount|p2: Cinderace|5
|
|upkeep
|
|t:|1743793208
|switch|p2a: Zamazenta|Zamazenta|100/100
|-ability|p2a: Zamazenta|Dauntless Shield|boost
|-boost|p2a: Zamazenta|def|1
|turn|4
|
|t:|1743793215
|-terastallize|p1a: Maushold|Normal
|move|p1a: Maushold|Population Bomb|p2a: Zamazenta
|-damage|p2a: Zamazenta|90/100
|-damage|p2a: Zamazenta|79/100
|-damage|p2a: Zamazenta|67/100
|-damage|p2a: Zamazenta|56/100
|-damage|p2a: Zamazenta|44/100
|-damage|p2a: Zamazenta|33/100
|-damage|p2a: Zamazenta|22/100
|-damage|p2a: Zamazenta|11/100
|-damage|p2a: Zamazenta|0 fnt
|faint|p2a: Zamazenta
|-hitcount|p2: Zamazenta|9
|
|upkeep
|
|t:|1743793231
|switch|p2a: Iron Crown|Iron Crown|100/100
|-enditem|p2a: Iron Crown|Booster Energy
|-activate|p2a: Iron Crown|ability: Quark Drive|[fromitem]
|-start|p2a: Iron Crown|quarkdrivespa
|turn|5
|inactive|Kroketys has 120 seconds left.
|
|t:|1743793271
|move|p1a: Maushold|U-turn|p2a: Iron Crown
|-damage|p2a: Iron Crown|73/100
|
|t:|1743793274
|switch|p1a: Corviknight|Corviknight, M|100/100|[from] U-turn
|move|p2a: Iron Crown|Flash Cannon|p1a: Corviknight
|-resisted|p1a: Corviknight
|-damage|p1a: Corviknight|84/100
|
|upkeep
|turn|6
|inactive|Kroketys has 120 seconds left.
|
|t:|1743793281
|move|p2a: Iron Crown|Volt Switch|p1a: Corviknight
|-supereffective|p1a: Corviknight
|-damage|p1a: Corviknight|43/100
|
|t:|1743793284
|-end|p2a: Iron Crown|Quark Drive|[silent]
|switch|p2a: Porygon-Z|Porygon-Z|100/100|[from] Volt Switch
|move|p1a: Corviknight|Iron Defense|p1a: Corviknight
|-boost|p1a: Corviknight|def|2
|
|upkeep
|turn|7
|
|t:|1743793291
|switch|p1a: Appletun|Appletun, M|100/100
|-terastallize|p2a: Porygon-Z|Normal
|move|p2a: Porygon-Z|Tri Attack|p1a: Appletun
|-damage|p1a: Appletun|28/100
|
|-heal|p1a: Appletun|34/100|[from] item: Leftovers
|upkeep
|turn|8
|
|t:|1743793300
|move|p1a: Appletun|Protect|p1a: Appletun
|-singleturn|p1a: Appletun|Protect
|move|p2a: Porygon-Z|Tri Attack|p1a: Appletun
|-activate|p1a: Appletun|move: Protect
|
|-heal|p1a: Appletun|41/100|[from] item: Leftovers
|upkeep
|turn|9
|
|t:|1743793308
|move|p2a: Porygon-Z|Tri Attack|p1a: Appletun
|-damage|p1a: Appletun|0 fnt
|faint|p1a: Appletun
|
|upkeep
|
|t:|1743793310
|switch|p1a: Corviknight|Corviknight, M|43/100
|turn|10
|
|t:|1743793318
|move|p2a: Porygon-Z|Tri Attack|p1a: Corviknight
|-resisted|p1a: Corviknight
|-damage|p1a: Corviknight|7/100
|move|p1a: Corviknight|Roost|p1a: Corviknight
|-heal|p1a: Corviknight|57/100
|-singleturn|p1a: Corviknight|move: Roost
|
|upkeep
|turn|11
|
|t:|1743793321
|move|p2a: Porygon-Z|Tri Attack|p1a: Corviknight
|-resisted|p1a: Corviknight
|-damage|p1a: Corviknight|21/100
|move|p1a: Corviknight|Roost|p1a: Corviknight
|-heal|p1a: Corviknight|71/100
|-singleturn|p1a: Corviknight|move: Roost
|
|upkeep
|turn|12
|
|t:|1743793327
|switch|p2a: Iron Crown|Iron Crown|73/100
|move|p1a: Corviknight|Roost|p1a: Corviknight
|-heal|p1a: Corviknight|100/100
|-singleturn|p1a: Corviknight|move: Roost
|
|upkeep
|turn|13
|
|t:|1743793331
|move|p2a: Iron Crown|Volt Switch|p1a: Corviknight
|-supereffective|p1a: Corviknight
|-damage|p1a: Corviknight|68/100
|
|t:|1743793336
|-end|p2a: Iron Crown|Quark Drive|[silent]
|switch|p2a: Porygon-Z|Porygon-Z, tera:Normal|100/100|[from] Volt Switch
|move|p1a: Corviknight|Body Press|p2a: Porygon-Z
|-supereffective|p2a: Porygon-Z
|-damage|p2a: Porygon-Z|57/100
|
|upkeep
|turn|14
|
|t:|1743793342
|move|p2a: Porygon-Z|Discharge|p1a: Corviknight
|-supereffective|p1a: Corviknight
|-crit|p1a: Corviknight
|-damage|p1a: Corviknight|0 fnt
|faint|p1a: Corviknight
|
|upkeep
|
|t:|1743793347
|switch|p1a: Breloom|Breloom, M|100/100
|turn|15
|
|t:|1743793351
|switch|p2a: Iron Crown|Iron Crown|73/100
|move|p1a: Breloom|Swords Dance|p1a: Breloom
|-boost|p1a: Breloom|atk|2
|
|upkeep
|turn|16
|
|t:|1743793356
|move|p1a: Breloom|Mach Punch|p2a: Iron Crown
|-damage|p2a: Iron Crown|0 fnt
|faint|p2a: Iron Crown
|-end|p2a: Iron Crown|Quark Drive|[silent]
|-damage|p1a: Breloom|91/100|[from] item: Life Orb
|
|upkeep
|
|t:|1743793363
|switch|p2a: Dragonite|Dragonite, F|100/100
|turn|17
|
|t:|1743793367
|move|p1a: Breloom|Rock Tomb|p2a: Dragonite
|-supereffective|p2a: Dragonite
|-damage|p2a: Dragonite|22/100
|-unboost|p2a: Dragonite|spe|1
|-damage|p1a: Breloom|81/100|[from] item: Life Orb
|move|p2a: Dragonite|Outrage|p1a: Breloom
|-damage|p1a: Breloom|0 fnt
|faint|p1a: Breloom
|
|upkeep
|
|t:|1743793373
|switch|p1a: Maushold|Maushold-Four, shiny, tera:Normal|100/100
|turn|18
|
|t:|1743793377
|move|p1a: Maushold|Population Bomb|p2a: Dragonite
|-damage|p2a: Dragonite|8/100
|-damage|p2a: Dragonite|0 fnt
|faint|p2a: Dragonite
|-hitcount|p2: Dragonite|2
|
|upkeep
|
|t:|1743793381
|switch|p2a: Kingambit|Kingambit, F|100/100
|-activate|p2a: Kingambit|ability: Supreme Overlord
|-start|p2a: Kingambit|fallen4|[silent]
|turn|19
|
|t:|1743793385
|move|p1a: Maushold|Low Kick|p2a: Kingambit
|-supereffective|p2a: Kingambit
|-damage|p2a: Kingambit|33/100
|move|p2a: Kingambit|Kowtow Cleave|p1a: Maushold
|-damage|p1a: Maushold|0 fnt
|faint|p1a: Maushold
|
|win|supertoki1
|raw|Kroketys's rating: 1094 &rarr; <strong>1071</strong><br />(-23 for losing)
|raw|supertoki1's rating: 1106 &rarr; <strong>1130</strong><br />(+24 for winning)
|l|☆Kroketys
|player|p1|
|l|☆supertoki1
|player|p2|
