|j|☆gufilov
|j|☆youinjks
|t:|1743857912
|gametype|singles
|player|p1|gufilov|2|1075
|player|p2|youinjks|ash-unova|1130
|teamsize|p1|6
|teamsize|p2|6
|gen|9
|tier|[Gen 9] OU
|rated|
|rule|HP Percentage Mod: HP is shown in percentages
|rule|Endless Battle Clause: Forcing endless battles is banned
|rule|Species Clause: Limit one of each Pokémon
|rule|OHKO Clause: OHKO moves are banned
|rule|Evasion Items Clause: Evasion items are banned
|rule|Evasion Moves Clause: Evasion moves are banned
|rule|Sleep Moves Clause: Sleep-inducing moves are banned
|clearpoke
|poke|p1|Landorus-Therian, M|
|poke|p1|Walking Wake|
|poke|p1|Clefable, M|
|poke|p1|Cinderace, M|
|poke|p1|Ogerpon-Wellspring, F|
|poke|p1|Gholdengo|
|poke|p2|Pikachu-World, M|
|poke|p2|Pelipper, F|
|poke|p2|Zapdos|
|poke|p2|Dragapult, M|
|poke|p2|Blaziken, M|
|poke|p2|Great Tusk|
|teampreview
|inactive|Battle timer is ON: inactive players will automatically lose when time's up. (requested by youinjks)
|inactive|gufilov has 120 seconds left.
|inactive|youinjks has 120 seconds left.
|
|t:|1743857961
|start
|switch|p1a: Clefable|Clefable, M|100/100
|switch|p2a: Pelipper|Pelipper, F|100/100
|-weather|RainDance|[from] ability: Drizzle|[of] p2a: Pelipper
|turn|1
|
|t:|1743857978
|move|p1a: Clefable|Stealth Rock|p2a: Pelipper
|-sidestart|p2: youinjks|move: Stealth Rock
|move|p2a: Pelipper|Knock Off|p1a: Clefable
|-resisted|p1a: Clefable
|-damage|p1a: Clefable|96/100
|-enditem|p1a: Clefable|Leftovers|[from] move: Knock Off|[of] p2a: Pelipper
|
|-weather|RainDance|[upkeep]
|upkeep
|turn|2
|
|t:|1743857991
|move|p1a: Clefable|Thunder Wave|p2a: Pelipper
|-status|p2a: Pelipper|par
|move|p2a: Pelipper|U-turn|p1a: Clefable
|-resisted|p1a: Clefable
|-damage|p1a: Clefable|92/100
|
|t:|1743858001
|switch|p2a: Zapdos|Zapdos|100/100|[from] U-turn
|
|-weather|RainDance|[upkeep]
|upkeep
|turn|3
|
|t:|1743858014
|move|p2a: Zapdos|Hurricane|p1a: Clefable
|-damage|p1a: Clefable|47/100
|move|p1a: Clefable|Calm Mind|p1a: Clefable
|-boost|p1a: Clefable|spa|1
|-boost|p1a: Clefable|spd|1
|
|-weather|RainDance|[upkeep]
|upkeep
|turn|4
|
|t:|1743858026
|move|p2a: Zapdos|Hurricane|p1a: Clefable
|-damage|p1a: Clefable|20/100
|move|p1a: Clefable|Moonblast|p2a: Zapdos
|-damage|p2a: Zapdos|52/100
|
|-weather|RainDance|[upkeep]
|upkeep
|turn|5
|inactive|gufilov has 120 seconds left.
|
|t:|1743858058
|move|p2a: Zapdos|Hurricane|p1a: Clefable
|-damage|p1a: Clefable|0 fnt
|faint|p1a: Clefable
|
|-weather|RainDance|[upkeep]
|upkeep
|inactive|gufilov has 120 seconds left.
|
|t:|1743858069
|switch|p1a: Ogerpon|Ogerpon-Wellspring, F|100/100
|turn|6
|inactive|gufilov has 120 seconds left.
|
|t:|1743858081
|move|p1a: Ogerpon|Ivy Cudgel|p2a: Zapdos|[anim] Ivy Cudgel Water
|-damage|p2a: Zapdos|0 fnt
|faint|p2a: Zapdos
|
|-weather|RainDance|[upkeep]
|upkeep
|
|t:|1743858095
|switch|p2a: Dragapult|Dragapult, M|100/100
|-damage|p2a: Dragapult|88/100|[from] Stealth Rock
|turn|7
|inactive|gufilov has 120 seconds left.
|
|t:|1743858128
|move|p2a: Dragapult|Draco Meteor|p1a: Ogerpon
|-damage|p1a: Ogerpon|3/100
|-unboost|p2a: Dragapult|spa|2
|move|p1a: Ogerpon|Play Rough|p2a: Dragapult
|-supereffective|p2a: Dragapult
|-damage|p2a: Dragapult|0 fnt
|faint|p2a: Dragapult
|
|-weather|RainDance|[upkeep]
|upkeep
|
|t:|1743858137
|switch|p2a: Pikachu|Pikachu-World, M|100/100
|-damage|p2a: Pikachu|88/100|[from] Stealth Rock
|turn|8
|
|t:|1743858153
|switch|p1a: Landorus|Landorus-Therian, M|100/100
|-ability|p1a: Landorus|Intimidate|boost
|-unboost|p2a: Pikachu|atk|1
|move|p2a: Pikachu|Grass Knot|p1a: Landorus
|-damage|p1a: Landorus|66/100
|-damage|p2a: Pikachu|72/100|[from] item: Rocky Helmet|[of] p1a: Landorus
|
|-weather|none
|upkeep
|turn|9
|inactive|gufilov has 90 seconds left.
|
|t:|1743858176
|-terastallize|p2a: Pikachu|Flying
|move|p2a: Pikachu|Surf|p1a: Landorus
|-supereffective|p1a: Landorus
|-damage|p1a: Landorus|0 fnt
|faint|p1a: Landorus
|
|upkeep
|inactive|gufilov has 90 seconds left.
|
|t:|1743858192
|switch|p1a: Ogerpon|Ogerpon-Wellspring, F|3/100
|turn|10
|
|t:|1743858204
|switch|p2a: Pelipper|Pelipper, F|100/100 par
|-damage|p2a: Pelipper|76/100 par|[from] Stealth Rock
|-weather|RainDance|[from] ability: Drizzle|[of] p2a: Pelipper
|move|p1a: Ogerpon|Ivy Cudgel|p2a: Pelipper|[anim] Ivy Cudgel Water
|-resisted|p2a: Pelipper
|-damage|p2a: Pelipper|39/100 par
|
|-weather|RainDance|[upkeep]
|upkeep
|turn|11
|inactive|gufilov has 90 seconds left.
|
|t:|1743858221
|move|p1a: Ogerpon|Play Rough|p2a: Pelipper
|-damage|p2a: Pelipper|11/100 par
|cant|p2a: Pelipper|par
|
|-weather|RainDance|[upkeep]
|upkeep
|turn|12
|
|t:|1743858230
|move|p1a: Ogerpon|Ivy Cudgel|p2a: Pelipper|[anim] Ivy Cudgel Water
|-resisted|p2a: Pelipper
|-damage|p2a: Pelipper|0 fnt
|faint|p2a: Pelipper
|
|-weather|RainDance|[upkeep]
|upkeep
|
|t:|1743858234
|switch|p2a: Pikachu|Pikachu-World, M, tera:Flying|72/100
|-damage|p2a: Pikachu|47/100|[from] Stealth Rock
|turn|13
|
|t:|1743858243
|move|p1a: Ogerpon|Ivy Cudgel|p2a: Pikachu|[anim] Ivy Cudgel Water
|-damage|p2a: Pikachu|0 fnt
|faint|p2a: Pikachu
|
|-weather|RainDance|[upkeep]
|upkeep
|-message|youinjks forfeited.
|
|win|gufilov
|raw|gufilov's rating: 1075 &rarr; <strong>1108</strong><br />(+33 for winning)
|raw|youinjks's rating: 1130 &rarr; <strong>1101</strong><br />(-29 for losing)
|l|☆youinjks
|player|p2|
|l|☆gufilov
|player|p1|
