|j|☆kimmmmmmm66
|j|☆IateRotom
|t:|1743908541
|gametype|singles
|player|p1|kimmmmmmm66|1|1403
|player|p2|IateRotom|265|1425
|teamsize|p1|6
|teamsize|p2|6
|gen|9
|tier|[Gen 9] OU
|rated|
|rule|HP Percentage Mod: HP is shown in percentages
|rule|Endless Battle Clause: Forcing endless battles is banned
|rule|Species Clause: Limit one of each Pokémon
|rule|OHKO Clause: OHKO moves are banned
|rule|Evasion Items Clause: Evasion items are banned
|rule|Evasion Moves Clause: Evasion moves are banned
|rule|Sleep Moves Clause: Sleep-inducing moves are banned
|clearpoke
|poke|p1|Dragapult, M|
|poke|p1|Greninja-*, M|
|poke|p1|Espeon, M|
|poke|p1|Sinistcha|
|poke|p1|Corviknight, F|
|poke|p1|Incineroar, M|
|poke|p2|Slowking-Galar, M|
|poke|p2|Kyurem|
|poke|p2|Skarmory, M|
|poke|p2|Ting-Lu|
|poke|p2|Tentacruel, M|
|poke|p2|Iron Boulder|
|teampreview
|inactive|Battle timer is ON: inactive players will automatically lose when time's up. (requested by IateRotom)
|inactive|kimmmmmmm66 also wants the timer to be on.
|inactive|IateRotom has 120 seconds left.
|
|t:|1743908574
|start
|switch|p1a: Incineroar|Incineroar, M|100/100
|switch|p2a: Ting-Lu|Ting-Lu|100/100
|-ability|p1a: Incineroar|Intimidate|boost
|-unboost|p2a: Ting-Lu|atk|1
|-ability|p2a: Ting-Lu|Vessel of Ruin
|turn|1
|
|t:|1743908598
|move|p1a: Incineroar|Will-O-Wisp|p2a: Ting-Lu
|-status|p2a: Ting-Lu|brn
|move|p2a: Ting-Lu|Earthquake|p1a: Incineroar
|-supereffective|p1a: Incineroar
|-damage|p1a: Incineroar|78/100
|
|-damage|p2a: Ting-Lu|94/100 brn|[from] brn
|upkeep
|turn|2
|
|t:|1743908606
|move|p1a: Incineroar|Knock Off|p2a: Ting-Lu
|-resisted|p2a: Ting-Lu
|-damage|p2a: Ting-Lu|83/100 brn
|-enditem|p2a: Ting-Lu|Leftovers|[from] move: Knock Off|[of] p1a: Incineroar
|move|p2a: Ting-Lu|Stealth Rock|p1a: Incineroar
|-sidestart|p1: kimmmmmmm66|move: Stealth Rock
|
|-damage|p2a: Ting-Lu|77/100 brn|[from] brn
|upkeep
|turn|3
|
|t:|1743908617
|move|p1a: Incineroar|Parting Shot|p2a: Ting-Lu
|-unboost|p2a: Ting-Lu|atk|1
|-unboost|p2a: Ting-Lu|spa|1
|
|t:|1743908621
|switch|p1a: Corviknight|Corviknight, F|100/100|[from] Parting Shot
|-damage|p1a: Corviknight|88/100|[from] Stealth Rock
|move|p2a: Ting-Lu|Whirlwind|p1a: Corviknight
|drag|p1a: Greninja|Greninja, M|100/100
|-damage|p1a: Greninja|88/100|[from] Stealth Rock
|
|-damage|p2a: Ting-Lu|70/100 brn|[from] brn
|upkeep
|turn|4
|
|t:|1743908642
|switch|p2a: Slowking|Slowking-Galar, M|100/100
|move|p1a: Greninja|Surf|p2a: Slowking
|-damage|p2a: Slowking|79/100
|
|upkeep
|turn|5
|
|t:|1743908657
|switch|p1a: Corviknight|Corviknight, F|88/100
|-damage|p1a: Corviknight|76/100|[from] Stealth Rock
|-prepare|p2a: Slowking|Chilly Reception|[premajor]
|move|p2a: Slowking|Chilly Reception|p2a: Slowking
|-weather|Snowscape
|inactive|IateRotom has 120 seconds left.
|
|t:|1743908668
|switch|p2a: Kyurem|Kyurem|100/100|[from] Chilly Reception
|-ability|p2a: Kyurem|Pressure
|
|-weather|Snowscape|[upkeep]
|upkeep
|turn|6
|
|t:|1743908671
|move|p2a: Kyurem|Blizzard|p1a: Corviknight
|-damage|p1a: Corviknight|2/100
|move|p1a: Corviknight|Defog|p2a: Kyurem
|-unboost|p2a: Kyurem|evasion|1
|-sideend|p1: kimmmmmmm66|Stealth Rock|[from] move: Defog|[of] p1a: Corviknight
|
|-weather|Snowscape|[upkeep]
|upkeep
|turn|7
|
|t:|1743908676
|switch|p1a: Incineroar|Incineroar, M|78/100
|-ability|p1a: Incineroar|Intimidate|boost
|-unboost|p2a: Kyurem|atk|1
|move|p2a: Kyurem|Blizzard|p1a: Incineroar
|-resisted|p1a: Incineroar
|-damage|p1a: Incineroar|48/100
|-enditem|p1a: Incineroar|Sitrus Berry|[eat]
|-heal|p1a: Incineroar|73/100|[from] item: Sitrus Berry
|
|-weather|Snowscape|[upkeep]
|upkeep
|turn|8
|
|t:|1743908694
|switch|p2a: Ting-Lu|Ting-Lu|70/100 brn
|-ability|p2a: Ting-Lu|Vessel of Ruin
|move|p1a: Incineroar|Knock Off|p2a: Ting-Lu
|-resisted|p2a: Ting-Lu
|-damage|p2a: Ting-Lu|63/100 brn
|
|-weather|Snowscape|[upkeep]
|-damage|p2a: Ting-Lu|57/100 brn|[from] brn
|upkeep
|turn|9
|
|t:|1743908702
|move|p1a: Incineroar|Parting Shot|p2a: Ting-Lu
|-unboost|p2a: Ting-Lu|atk|1
|-unboost|p2a: Ting-Lu|spa|1
|
|t:|1743908706
|switch|p1a: Espeon|Espeon, M|100/100|[from] Parting Shot
|move|p2a: Ting-Lu|Ruination|p1a: Espeon
|-damage|p1a: Espeon|51/100
|
|-weather|none
|-damage|p2a: Ting-Lu|51/100 brn|[from] brn
|upkeep
|turn|10
|
|t:|1743908726
|switch|p2a: Slowking|Slowking-Galar, M|100/100
|move|p1a: Espeon|Alluring Voice|p2a: Slowking
|-resisted|p2a: Slowking
|-damage|p2a: Slowking|93/100
|
|upkeep
|turn|11
|inactive|IateRotom has 120 seconds left.
|
|t:|1743908766
|switch|p1a: Incineroar|Incineroar, M|73/100
|-ability|p1a: Incineroar|Intimidate|boost
|-unboost|p2a: Slowking|atk|1
|-prepare|p2a: Slowking|Chilly Reception|[premajor]
|move|p2a: Slowking|Chilly Reception|p2a: Slowking
|-weather|Snowscape
|inactive|IateRotom has 90 seconds left.
|
|t:|1743908810
|switch|p2a: Iron Boulder|Iron Boulder|100/100|[from] Chilly Reception
|-enditem|p2a: Iron Boulder|Booster Energy
|-activate|p2a: Iron Boulder|ability: Quark Drive|[fromitem]
|-start|p2a: Iron Boulder|quarkdrivespe
|
|-weather|Snowscape|[upkeep]
|upkeep
|turn|12
|
|t:|1743908818
|move|p2a: Iron Boulder|Mighty Cleave|p1a: Incineroar
|-supereffective|p1a: Incineroar
|-damage|p1a: Incineroar|0 fnt
|faint|p1a: Incineroar
|
|-weather|Snowscape|[upkeep]
|upkeep
|
|t:|1743908823
|switch|p1a: Sinistcha|Sinistcha|100/100
|turn|13
|inactive|IateRotom has 90 seconds left.
|
|t:|1743908840
|-end|p2a: Iron Boulder|Quark Drive|[silent]
|switch|p2a: Slowking|Slowking-Galar, M|100/100
|move|p1a: Sinistcha|Strength Sap|p2a: Slowking
|-unboost|p2a: Slowking|atk|1
|
|-weather|Snowscape|[upkeep]
|upkeep
|turn|14
|
|t:|1743908845
|move|p1a: Sinistcha|Calm Mind|p1a: Sinistcha
|-boost|p1a: Sinistcha|spa|1
|-boost|p1a: Sinistcha|spd|1
|move|p2a: Slowking|Future Sight|p1a: Sinistcha
|-start|p2a: Slowking|move: Future Sight
|
|-weather|Snowscape|[upkeep]
|upkeep
|turn|15
|inactive|IateRotom has 90 seconds left.
|
|t:|1743908857
|move|p1a: Sinistcha|Shadow Ball|p2a: Slowking
|-supereffective|p2a: Slowking
|-damage|p2a: Slowking|0 fnt
|faint|p2a: Slowking
|-damage|p1a: Sinistcha|91/100|[from] item: Life Orb
|
|-weather|none
|upkeep
|inactive|IateRotom has 90 seconds left.
|
|t:|1743908865
|switch|p2a: Kyurem|Kyurem|100/100
|-ability|p2a: Kyurem|Pressure
|turn|16
|
|t:|1743908871
|move|p2a: Kyurem|Ice Beam|p1a: Sinistcha
|-supereffective|p1a: Sinistcha
|-damage|p1a: Sinistcha|0 fnt
|faint|p1a: Sinistcha
|
|-hint|Future Sight did not hit because the target is fainted.
|upkeep
|
|t:|1743908882
|switch|p1a: Dragapult|Dragapult, M|100/100
|turn|17
|inactive|IateRotom has 90 seconds left.
|
|t:|1743908902
|switch|p2a: Tentacruel|Tentacruel, M|100/100
|move|p1a: Dragapult|Dragon Dance|p1a: Dragapult
|-boost|p1a: Dragapult|atk|1
|-boost|p1a: Dragapult|spe|1
|
|upkeep
|turn|18
|
|t:|1743908908
|move|p1a: Dragapult|Dragon Darts|p2a: Tentacruel
|-damage|p2a: Tentacruel|47/100
|-anim|p1a: Dragapult|Dragon Darts|p2a: Tentacruel
|-damage|p2a: Tentacruel|1/100
|move|p2a: Tentacruel|Knock Off|p1a: Dragapult
|-supereffective|p1a: Dragapult
|-damage|p1a: Dragapult|51/100
|-enditem|p1a: Dragapult|Focus Sash|[from] move: Knock Off|[of] p2a: Tentacruel
|
|upkeep
|turn|19
|
|t:|1743908923
|move|p1a: Dragapult|Dragon Darts|p2a: Tentacruel
|-damage|p2a: Tentacruel|0 fnt
|faint|p2a: Tentacruel
|
|upkeep
|inactive|IateRotom has 90 seconds left.
|
|t:|1743908939
|switch|p2a: Iron Boulder|Iron Boulder|100/100
|turn|20
|inactive|IateRotom has 90 seconds left.
|
|t:|1743908946
|-terastallize|p2a: Iron Boulder|Fighting
|move|p1a: Dragapult|Dragon Darts|p2a: Iron Boulder
|-damage|p2a: Iron Boulder|53/100
|-anim|p1a: Dragapult|Dragon Darts|p2a: Iron Boulder
|-damage|p2a: Iron Boulder|1/100
|move|p2a: Iron Boulder|Mighty Cleave|p1a: Dragapult
|-damage|p1a: Dragapult|0 fnt
|faint|p1a: Dragapult
|
|upkeep
|
|t:|1743908954
|switch|p1a: Greninja|Greninja, M|88/100
|turn|21
|
|t:|1743908962
|move|p1a: Greninja|Water Shuriken|p2a: Iron Boulder
|-damage|p2a: Iron Boulder|0 fnt
|faint|p2a: Iron Boulder
|-end|p2a: Iron Boulder|Quark Drive|[silent]
|-ability|p1a: Greninja|Battle Bond|boost
|-boost|p1a: Greninja|atk|1
|-boost|p1a: Greninja|spa|1
|-boost|p1a: Greninja|spe|1
|-activate|p1a: Greninja|ability: Battle Bond
|-hitcount|p2: Iron Boulder|1
|
|upkeep
|inactive|IateRotom has 90 seconds left.
|
|t:|1743908982
|switch|p2a: Skarmory|Skarmory, M|100/100
|turn|22
|
|t:|1743908988
|move|p1a: Greninja|Dark Pulse|p2a: Skarmory
|-damage|p2a: Skarmory|27/100
|cant|p2a: Skarmory|flinch
|
|upkeep
|turn|23
|
|t:|1743908997
|move|p1a: Greninja|Dark Pulse|p2a: Skarmory
|-damage|p2a: Skarmory|0 fnt
|faint|p2a: Skarmory
|
|upkeep
|
|t:|1743909001
|switch|p2a: Kyurem|Kyurem|100/100
|-ability|p2a: Kyurem|Pressure
|turn|24
|
|t:|1743909008
|move|p1a: Greninja|Dark Pulse|p2a: Kyurem
|-damage|p2a: Kyurem|49/100
|cant|p2a: Kyurem|flinch
|
|upkeep
|turn|25
|
|t:|1743909014
|move|p1a: Greninja|Dark Pulse|p2a: Kyurem
|-damage|p2a: Kyurem|0 fnt
|faint|p2a: Kyurem
|
|upkeep
|c|☆IateRotom|lol
|
|t:|1743909020
|switch|p2a: Ting-Lu|Ting-Lu|51/100 brn
|-ability|p2a: Ting-Lu|Vessel of Ruin
|turn|26
|
|t:|1743909025
|move|p1a: Greninja|Surf|p2a: Ting-Lu
|-supereffective|p2a: Ting-Lu
|-damage|p2a: Ting-Lu|5/100 brn
|move|p2a: Ting-Lu|Earthquake|p1a: Greninja
|-damage|p1a: Greninja|58/100
|
|-damage|p2a: Ting-Lu|0 fnt|[from] brn
|faint|p2a: Ting-Lu
|
|win|kimmmmmmm66
|raw|kimmmmmmm66's rating: 1403 &rarr; <strong>1424</strong><br />(+21 for winning)
|raw|IateRotom's rating: 1425 &rarr; <strong>1404</strong><br />(-21 for losing)
|l|☆kimmmmmmm66
|player|p1|
|l|☆IateRotom
|player|p2|
