|j|☆gregegeg
|j|☆pengzhengzhe
|t:|1743847379
|gametype|singles
|player|p1|gregegeg|102|1151
|player|p2|pengzhengzhe|1|1173
|teamsize|p1|6
|teamsize|p2|6
|gen|9
|tier|[Gen 9] OU
|rated|
|rule|HP Percentage Mod: HP is shown in percentages
|rule|Endless Battle Clause: Forcing endless battles is banned
|rule|Species Clause: Limit one of each Pokémon
|rule|OHKO Clause: OHKO moves are banned
|rule|Evasion Items Clause: Evasion items are banned
|rule|Evasion Moves Clause: Evasion moves are banned
|rule|Sleep Moves Clause: Sleep-inducing moves are banned
|clearpoke
|poke|p1|Blaziken, M|
|poke|p1|Ludicolo, M|
|poke|p1|Gyarados, F|
|poke|p1|Darkrai|
|poke|p1|Corviknight, M|
|poke|p1|Clodsire, M|
|poke|p2|Darkrai|
|poke|p2|Goodra-Hisui, F|
|poke|p2|Zamazenta-*|
|poke|p2|Corviknight, M|
|poke|p2|Skeledirge, M|
|poke|p2|Ting-Lu|
|teampreview
|
|t:|1743847394
|start
|switch|p1a: Ludicolo|Ludicolo, M, shiny|100/100
|switch|p2a: 呃啊撒钉！|Ting-Lu|100/100
|-ability|p2a: 呃啊撒钉！|Vessel of Ruin
|turn|1
|
|t:|1743847401
|switch|p2a: 我需要再生力|Goodra-Hisui, F|100/100
|move|p1a: Ludicolo|Leech Seed|p2a: 我需要再生力
|-ability|p2a: 我需要再生力|Sap Sipper|boost
|-boost|p2a: 我需要再生力|atk|1
|
|upkeep
|turn|2
|
|t:|1743847412
|switch|p1a: Gyarados|Gyarados, F, shiny|100/100
|-ability|p1a: Gyarados|Intimidate|boost
|-unboost|p2a: 我需要再生力|atk|1
|move|p2a: 我需要再生力|Draco Meteor|p1a: Gyarados
|-damage|p1a: Gyarados|0 fnt
|-unboost|p2a: 我需要再生力|spa|2
|faint|p1a: Gyarados
|
|upkeep
|
|t:|1743847429
|switch|p1a: Corviknight|Corviknight, M|100/100
|turn|3
|
|t:|1743847436
|switch|p2a: 世纪歌王|Skeledirge, M|100/100
|move|p1a: Corviknight|Iron Defense|p1a: Corviknight
|-boost|p1a: Corviknight|def|2
|
|upkeep
|turn|4
|
|t:|1743847456
|move|p1a: Corviknight|Iron Head|p2a: 世纪歌王
|-resisted|p2a: 世纪歌王
|-damage|p2a: 世纪歌王|90/100
|move|p2a: 世纪歌王|Will-O-Wisp|p1a: Corviknight
|-status|p1a: Corviknight|brn
|
|-damage|p1a: Corviknight|94/100 brn|[from] brn
|upkeep
|turn|5
|
|t:|1743847466
|move|p1a: Corviknight|Brave Bird|p2a: 世纪歌王
|-damage|p2a: 世纪歌王|73/100
|-damage|p1a: Corviknight|89/100 brn|[from] Recoil
|move|p2a: 世纪歌王|Torch Song|p1a: Corviknight
|-supereffective|p1a: Corviknight
|-damage|p1a: Corviknight|27/100 brn
|-boost|p2a: 世纪歌王|spa|1
|
|-damage|p1a: Corviknight|21/100 brn|[from] brn
|upkeep
|turn|6
|
|t:|1743847476
|move|p1a: Corviknight|Brave Bird|p2a: 世纪歌王
|-damage|p2a: 世纪歌王|58/100
|-damage|p1a: Corviknight|16/100 brn|[from] Recoil
|move|p2a: 世纪歌王|Slack Off|p2a: 世纪歌王
|-heal|p2a: 世纪歌王|100/100
|
|-damage|p1a: Corviknight|10/100 brn|[from] brn
|upkeep
|turn|7
|
|t:|1743847487
|switch|p2a: 叹息之墙|Corviknight, M|100/100
|-ability|p2a: 叹息之墙|Pressure
|move|p1a: Corviknight|Brave Bird|p2a: 叹息之墙
|-resisted|p2a: 叹息之墙
|-damage|p2a: 叹息之墙|93/100
|-damage|p1a: Corviknight|0 fnt|[from] item: Rocky Helmet|[of] p2a: 叹息之墙
|faint|p1a: Corviknight
|
|upkeep
|
|t:|1743847498
|switch|p1a: Darkrai|Darkrai|100/100
|turn|8
|
|t:|1743847502
|move|p1a: Darkrai|Thunder Wave|p2a: 叹息之墙
|-status|p2a: 叹息之墙|par
|move|p2a: 叹息之墙|Body Press|p1a: Darkrai
|-supereffective|p1a: Darkrai
|-damage|p1a: Darkrai|31/100
|
|upkeep
|turn|9
|
|t:|1743847524
|switch|p1a: Clodsire|Clodsire, M|100/100
|move|p2a: 叹息之墙|Body Press|p1a: Clodsire
|-resisted|p1a: Clodsire
|-damage|p1a: Clodsire|87/100
|-damage|p2a: 叹息之墙|77/100 par|[from] item: Rocky Helmet|[of] p1a: Clodsire
|
|upkeep
|turn|10
|
|t:|1743847537
|move|p2a: 叹息之墙|Roost|p2a: 叹息之墙
|-heal|p2a: 叹息之墙|100/100 par
|-singleturn|p2a: 叹息之墙|move: Roost
|move|p1a: Clodsire|Stealth Rock|p2a: 叹息之墙
|-sidestart|p2: pengzhengzhe|move: Stealth Rock
|
|upkeep
|turn|11
|
|t:|1743847550
|switch|p2a: 我需要再生力|Goodra-Hisui, F|100/100
|-damage|p2a: 我需要再生力|94/100|[from] Stealth Rock
|move|p1a: Clodsire|Spikes|p2a: 我需要再生力
|-sidestart|p2: pengzhengzhe|Spikes
|
|upkeep
|turn|12
|
|t:|1743847556
|move|p2a: 我需要再生力|Draco Meteor|p1a: Clodsire|[miss]
|-miss|p2a: 我需要再生力|p1a: Clodsire
|move|p1a: Clodsire|Spikes|p2a: 我需要再生力
|-sidestart|p2: pengzhengzhe|Spikes
|
|upkeep
|turn|13
|
|t:|1743847579
|move|p2a: 我需要再生力|Draco Meteor|p1a: Clodsire
|-damage|p1a: Clodsire|31/100
|-unboost|p2a: 我需要再生力|spa|2
|move|p1a: Clodsire|Spikes|p2a: 我需要再生力
|-sidestart|p2: pengzhengzhe|Spikes
|
|upkeep
|turn|14
|
|t:|1743847591
|move|p1a: Clodsire|Protect|p1a: Clodsire
|-singleturn|p1a: Clodsire|Protect
|move|p2a: 我需要再生力|Draco Meteor|p1a: Clodsire
|-activate|p1a: Clodsire|move: Protect
|
|upkeep
|turn|15
|
|t:|1743847600
|move|p2a: 我需要再生力|Draco Meteor|p1a: Clodsire|[miss]
|-miss|p2a: 我需要再生力|p1a: Clodsire
|move|p1a: Clodsire|Spikes||[still]
|-fail|p1a: Clodsire
|
|upkeep
|turn|16
|
|t:|1743847605
|move|p2a: 我需要再生力|Draco Meteor|p1a: Clodsire
|-damage|p1a: Clodsire|5/100
|-unboost|p2a: 我需要再生力|spa|2
|move|p1a: Clodsire|Spikes||[still]
|-fail|p1a: Clodsire
|
|upkeep
|turn|17
|
|t:|1743847612
|move|p2a: 我需要再生力|Draco Meteor|p1a: Clodsire|[miss]
|-miss|p2a: 我需要再生力|p1a: Clodsire
|move|p1a: Clodsire|Toxic|p2a: 我需要再生力
|-immune|p2a: 我需要再生力
|
|upkeep
|turn|18
|
|t:|1743847618
|move|p2a: 我需要再生力|Draco Meteor|p1a: Clodsire
|-damage|p1a: Clodsire|0 fnt
|-unboost|p2a: 我需要再生力|spa|2
|faint|p1a: Clodsire
|
|upkeep
|
|t:|1743847624
|switch|p1a: Blaziken|Blaziken, M|100/100
|turn|19
|
|t:|1743847635
|switch|p2a: 世纪歌王|Skeledirge, M|100/100
|move|p1a: Blaziken|Bulk Up|p1a: Blaziken
|-boost|p1a: Blaziken|atk|1
|-boost|p1a: Blaziken|def|1
|
|-ability|p1a: Blaziken|Speed Boost|boost
|-boost|p1a: Blaziken|spe|1
|upkeep
|turn|20
|
|t:|1743847645
|move|p1a: Blaziken|Fire Punch|p2a: 世纪歌王
|-resisted|p2a: 世纪歌王
|-damage|p2a: 世纪歌王|87/100
|move|p2a: 世纪歌王|Torch Song|p1a: Blaziken
|-resisted|p1a: Blaziken
|-damage|p1a: Blaziken|79/100
|-boost|p2a: 世纪歌王|spa|1
|
|-heal|p1a: Blaziken|85/100|[from] item: Leftovers
|-ability|p1a: Blaziken|Speed Boost|boost
|-boost|p1a: Blaziken|spe|1
|upkeep
|turn|21
|
|t:|1743847657
|move|p1a: Blaziken|Fire Punch|p2a: 世纪歌王
|-resisted|p2a: 世纪歌王
|-damage|p2a: 世纪歌王|76/100
|move|p2a: 世纪歌王|Torch Song|p1a: Blaziken
|-resisted|p1a: Blaziken
|-damage|p1a: Blaziken|52/100
|-boost|p2a: 世纪歌王|spa|1
|
|-heal|p1a: Blaziken|58/100|[from] item: Leftovers
|-ability|p1a: Blaziken|Speed Boost|boost
|-boost|p1a: Blaziken|spe|1
|upkeep
|turn|22
|
|t:|1743847671
|move|p1a: Blaziken|Protect|p1a: Blaziken
|-singleturn|p1a: Blaziken|Protect
|move|p2a: 世纪歌王|Hex|p1a: Blaziken
|-activate|p1a: Blaziken|move: Protect
|
|-heal|p1a: Blaziken|64/100|[from] item: Leftovers
|-ability|p1a: Blaziken|Speed Boost|boost
|-boost|p1a: Blaziken|spe|1
|upkeep
|turn|23
|
|t:|1743847684
|switch|p1a: Darkrai|Darkrai|31/100
|move|p2a: 世纪歌王|Hex|p1a: Darkrai
|-resisted|p1a: Darkrai
|-damage|p1a: Darkrai|1/100
|
|upkeep
|turn|24
|
|t:|1743847695
|-terastallize|p2a: 世纪歌王|Fairy
|move|p1a: Darkrai|Dark Pulse|p2a: 世纪歌王
|-resisted|p2a: 世纪歌王
|-damage|p2a: 世纪歌王|54/100
|move|p2a: 世纪歌王|Torch Song|p1a: Darkrai
|-damage|p1a: Darkrai|0 fnt
|-boost|p2a: 世纪歌王|spa|1
|faint|p1a: Darkrai
|
|upkeep
|
|t:|1743847714
|switch|p1a: Ludicolo|Ludicolo, M, shiny|100/100
|turn|25
|
|t:|1743847720
|move|p1a: Ludicolo|Rain Dance|p1a: Ludicolo
|-weather|RainDance
|move|p2a: 世纪歌王|Torch Song|p1a: Ludicolo
|-damage|p1a: Ludicolo|77/100
|-boost|p2a: 世纪歌王|spa|1
|
|-weather|RainDance|[upkeep]
|-heal|p1a: Ludicolo|83/100|[from] ability: Rain Dish
|-heal|p1a: Ludicolo|89/100|[from] item: Leftovers
|upkeep
|turn|26
|
|t:|1743847729
|move|p1a: Ludicolo|Leech Seed|p2a: 世纪歌王
|-start|p2a: 世纪歌王|move: Leech Seed
|move|p2a: 世纪歌王|Hex|p1a: Ludicolo
|-damage|p1a: Ludicolo|40/100
|
|-weather|RainDance|[upkeep]
|-heal|p1a: Ludicolo|46/100|[from] ability: Rain Dish
|-heal|p1a: Ludicolo|52/100|[from] item: Leftovers
|-damage|p2a: 世纪歌王|42/100|[from] Leech Seed|[of] p1a: Ludicolo
|-heal|p1a: Ludicolo|66/100|[silent]
|upkeep
|turn|27
|
|t:|1743847738
|move|p1a: Ludicolo|Giga Drain|p2a: 世纪歌王
|-damage|p2a: 世纪歌王|19/100
|-heal|p1a: Ludicolo|79/100|[from] drain|[of] p2a: 世纪歌王
|move|p2a: 世纪歌王|Hex|p1a: Ludicolo
|-damage|p1a: Ludicolo|26/100
|
|-weather|RainDance|[upkeep]
|-heal|p1a: Ludicolo|32/100|[from] ability: Rain Dish
|-heal|p1a: Ludicolo|38/100|[from] item: Leftovers
|-damage|p2a: 世纪歌王|6/100|[from] Leech Seed|[of] p1a: Ludicolo
|-heal|p1a: Ludicolo|52/100|[silent]
|upkeep
|turn|28
|
|t:|1743847749
|move|p1a: Ludicolo|Giga Drain|p2a: 世纪歌王
|-damage|p2a: 世纪歌王|0 fnt
|-heal|p1a: Ludicolo|56/100|[from] drain|[of] p2a: 世纪歌王
|faint|p2a: 世纪歌王
|
|-weather|RainDance|[upkeep]
|-heal|p1a: Ludicolo|62/100|[from] ability: Rain Dish
|-heal|p1a: Ludicolo|68/100|[from] item: Leftovers
|upkeep
|
|t:|1743847752
|switch|p2a: 叹息之墙|Corviknight, M|100/100 par
|-damage|p2a: 叹息之墙|88/100 par|[from] Stealth Rock
|-ability|p2a: 叹息之墙|Pressure
|turn|29
|
|t:|1743847763
|move|p1a: Ludicolo|Leech Seed|p2a: 叹息之墙
|-start|p2a: 叹息之墙|move: Leech Seed
|move|p2a: 叹息之墙|Defog|p1a: Ludicolo
|-unboost|p1a: Ludicolo|evasion|1
|-sideend|p2: pengzhengzhe|Spikes|[from] move: Defog|[of] p2a: 叹息之墙
|-sideend|p2: pengzhengzhe|Stealth Rock|[from] move: Defog|[of] p2a: 叹息之墙
|
|-weather|none
|-heal|p1a: Ludicolo|74/100|[from] item: Leftovers
|-damage|p2a: 叹息之墙|75/100 par|[from] Leech Seed|[of] p1a: Ludicolo
|-heal|p1a: Ludicolo|88/100|[silent]
|upkeep
|turn|30
|
|t:|1743847773
|switch|p2a: 我需要再生力|Goodra-Hisui, F|94/100
|move|p1a: Ludicolo|Protect||[still]
|-fail|p1a: Ludicolo
|
|-heal|p1a: Ludicolo|94/100|[from] item: Leftovers
|upkeep
|turn|31
|
|t:|1743847793
|move|p1a: Ludicolo|Leech Seed|p2a: 我需要再生力
|-ability|p2a: 我需要再生力|Sap Sipper|boost
|-boost|p2a: 我需要再生力|atk|1
|move|p2a: 我需要再生力|Fire Blast|p1a: Ludicolo
|-damage|p1a: Ludicolo|57/100
|
|-heal|p1a: Ludicolo|63/100|[from] item: Leftovers
|upkeep
|turn|32
|c|☆gregegeg|im a genius
|
|t:|1743847813
|switch|p1a: Blaziken|Blaziken, M|64/100
|move|p2a: 我需要再生力|Fire Blast|p1a: Blaziken
|-resisted|p1a: Blaziken
|-damage|p1a: Blaziken|24/100
|
|-heal|p1a: Blaziken|30/100|[from] item: Leftovers
|upkeep
|turn|33
|
|t:|1743847825
|switch|p2a: 扑击要开始了|Zamazenta|100/100
|-ability|p2a: 扑击要开始了|Dauntless Shield|boost
|-boost|p2a: 扑击要开始了|def|1
|move|p1a: Blaziken|Protect||[still]
|-fail|p1a: Blaziken
|
|-heal|p1a: Blaziken|36/100|[from] item: Leftovers
|-ability|p1a: Blaziken|Speed Boost|boost
|-boost|p1a: Blaziken|spe|1
|upkeep
|turn|34
|
|t:|1743847836
|move|p1a: Blaziken|Fire Punch|p2a: 扑击要开始了
|-damage|p2a: 扑击要开始了|73/100
|move|p2a: 扑击要开始了|Close Combat|p1a: Blaziken
|-damage|p1a: Blaziken|0 fnt
|-unboost|p2a: 扑击要开始了|def|1
|-unboost|p2a: 扑击要开始了|spd|1
|faint|p1a: Blaziken
|
|upkeep
|-message|gregegeg forfeited.
|
|win|pengzhengzhe
|raw|gregegeg's rating: 1151 &rarr; <strong>1128</strong><br />(-23 for losing)
|raw|pengzhengzhe's rating: 1173 &rarr; <strong>1196</strong><br />(+23 for winning)
|l|☆gregegeg
|player|p1|
|l|☆pengzhengzhe
|player|p2|
