|j|☆sandro001
|j|‽Dragonslayer9484
|t:|1743815770
|gametype|singles
|player|p1|sandro001|1|1096
|player|p2|Dragonslayer9484|102|1089
|teamsize|p1|6
|teamsize|p2|6
|gen|9
|tier|[Gen 9] OU
|rated|
|rule|HP Percentage Mod: HP is shown in percentages
|rule|Endless Battle Clause: Forcing endless battles is banned
|rule|Species Clause: Limit one of each Pokémon
|rule|OHKO Clause: OHKO moves are banned
|rule|Evasion Items Clause: Evasion items are banned
|rule|Evasion Moves Clause: Evasion moves are banned
|rule|Sleep Moves Clause: Sleep-inducing moves are banned
|clearpoke
|poke|p1|Rotom-Wash|
|poke|p1|Blaziken, F|
|poke|p1|Iron Valiant|
|poke|p1|Landorus-Therian, M|
|poke|p1|Weavile, F|
|poke|p1|Ribombee, F|
|poke|p2|Samurott-Hisui, M|
|poke|p2|Cinderace, M|
|poke|p2|Corviknight, M|
|poke|p2|Garganacl, M|
|poke|p2|Dragonair, M|
|poke|p2|Krookodile, F|
|teampreview
|
|t:|1743815776
|start
|switch|p1a: Ribombee|Ribombee, F|100/100
|switch|p2a: Samurott|Samurott-Hisui, M|100/100
|turn|1
|inactive|Battle timer is ON: inactive players will automatically lose when time's up. (requested by sandro001)
|
|t:|1743815782
|-terastallize|p2a: Samurott|Flying
|move|p1a: Ribombee|Sticky Web|p2a: Samurott
|-sidestart|p2: Dragonslayer9484|move: Sticky Web
|move|p2a: Samurott|Swords Dance|p2a: Samurott
|-boost|p2a: Samurott|atk|2
|
|upkeep
|turn|2
|
|t:|1743815787
|move|p1a: Ribombee|Quiver Dance|p1a: Ribombee
|-boost|p1a: Ribombee|spa|1
|-boost|p1a: Ribombee|spd|1
|-boost|p1a: Ribombee|spe|1
|move|p2a: Samurott|Air Slash|p1a: Ribombee
|-supereffective|p1a: Ribombee
|-damage|p1a: Ribombee|12/100
|
|-heal|p1a: Ribombee|19/100|[from] item: Leftovers
|upkeep
|turn|3
|
|t:|1743815796
|move|p1a: Ribombee|Moonblast|p2a: Samurott
|-damage|p2a: Samurott|6/100
|move|p2a: Samurott|Air Slash|p1a: Ribombee
|-supereffective|p1a: Ribombee
|-damage|p1a: Ribombee|0 fnt
|faint|p1a: Ribombee
|
|-heal|p2a: Samurott|12/100|[from] item: Leftovers
|upkeep
|
|t:|1743815803
|switch|p1a: Rotom|Rotom-Wash|100/100
|turn|4
|
|t:|1743815806
|move|p1a: Rotom|Volt Switch|p2a: Samurott
|-supereffective|p2a: Samurott
|-damage|p2a: Samurott|0 fnt
|faint|p2a: Samurott
|
|t:|1743815811
|switch|p1a: Landorus|Landorus-Therian, M|100/100|[from] Volt Switch
|
|upkeep
|
|t:|1743815817
|switch|p2a: Dragonair|Dragonair, M|100/100
|-activate|p2a: Dragonair|move: Sticky Web
|-unboost|p2a: Dragonair|spe|1
|turn|5
|
|t:|1743815823
|move|p1a: Landorus|Earthquake|p2a: Dragonair
|-damage|p2a: Dragonair|46/100
|move|p2a: Dragonair|Ice Beam|p1a: Landorus
|-supereffective|p1a: Landorus
|-damage|p1a: Landorus|0 fnt
|faint|p1a: Landorus
|
|upkeep
|
|t:|1743815830
|switch|p1a: Iron Valiant|Iron Valiant|100/100
|turn|6
|
|t:|1743815836
|move|p1a: Iron Valiant|Moonblast|p2a: Dragonair
|-supereffective|p2a: Dragonair
|-damage|p2a: Dragonair|0 fnt
|faint|p2a: Dragonair
|
|upkeep
|
|t:|1743815846
|switch|p2a: Corviknight|Corviknight, M|100/100
|turn|7
|
|t:|1743815850
|-end|p1a: Iron Valiant|Quark Drive|[silent]
|switch|p1a: Rotom|Rotom-Wash|100/100
|move|p2a: Corviknight|Brave Bird|p1a: Rotom
|-resisted|p1a: Rotom
|-damage|p1a: Rotom|82/100
|-damage|p2a: Corviknight|95/100|[from] Recoil
|
|-heal|p2a: Corviknight|100/100|[from] item: Leftovers
|upkeep
|turn|8
|
|t:|1743815860
|move|p1a: Rotom|Trick|p2a: Corviknight
|-activate|p1a: Rotom|move: Trick|[of] p2a: Corviknight
|-item|p2a: Corviknight|Choice Scarf|[from] move: Trick
|-item|p1a: Rotom|Leftovers|[from] move: Trick
|move|p2a: Corviknight|Drill Peck|p1a: Rotom
|-resisted|p1a: Rotom
|-damage|p1a: Rotom|70/100
|
|-heal|p1a: Rotom|76/100|[from] item: Leftovers
|upkeep
|turn|9
|
|t:|1743815869
|switch|p2a: Garganacl|Garganacl, M|100/100
|-activate|p2a: Garganacl|move: Sticky Web
|-fail|p2a: Garganacl|unboost|[from] ability: Clear Body|[of] p2a: Garganacl
|move|p1a: Rotom|Hydro Pump|p2a: Garganacl
|-supereffective|p2a: Garganacl
|-damage|p2a: Garganacl|26/100
|
|-heal|p1a: Rotom|83/100|[from] item: Leftovers
|upkeep
|turn|10
|-message|Dragonslayer9484 forfeited.
|
|win|sandro001
|raw|sandro001's rating: 1096 &rarr; <strong>1121</strong><br />(+25 for winning)
|raw|Dragonslayer9484's rating: 1089 &rarr; <strong>1066</strong><br />(-23 for losing)
|l|‽Dragonslayer9484
|player|p2|
|l|☆sandro001
|player|p1|
