|j|☆Ornaug
|j|☆AGWsoph
|t:|1743931606
|gametype|singles
|player|p1|Ornaug|swimmer|1376
|player|p2|AGWsoph|maylene|1336
|teamsize|p1|6
|teamsize|p2|6
|gen|9
|tier|[Gen 9] OU
|rated|
|rule|HP Percentage Mod: HP is shown in percentages
|rule|Endless Battle Clause: Forcing endless battles is banned
|rule|Species Clause: Limit one of each Pokémon
|rule|OHKO Clause: OHKO moves are banned
|rule|Evasion Items Clause: Evasion items are banned
|rule|Evasion Moves Clause: Evasion moves are banned
|rule|Sleep Moves Clause: Sleep-inducing moves are banned
|clearpoke
|poke|p1|Cinderace, F|
|poke|p1|Frosmoth, F|
|poke|p1|Primarina, M|
|poke|p1|Regidrago|
|poke|p1|Dondozo, M|
|poke|p1|Hatterene, F|
|poke|p2|Samurott-Hisui, M|
|poke|p2|Slowking-Galar, F|
|poke|p2|Rotom-Wash|
|poke|p2|Deoxys-Speed|
|poke|p2|Great Tusk|
|poke|p2|Kingambit, M|
|teampreview
|inactive|Battle timer is ON: inactive players will automatically lose when time's up. (requested by Ornaug)
|
|t:|1743931616
|start
|switch|p1a: Cinderace|Cinderace, F|100/100
|switch|p2a: Samurott|Samurott-Hisui, M|100/100
|turn|1
|
|t:|1743931622
|move|p1a: Cinderace|U-turn|p2a: Samurott
|-start|p1a: Cinderace|typechange|Bug|[from] ability: Libero
|-supereffective|p2a: Samurott
|-damage|p2a: Samurott|18/100
|
|t:|1743931628
|switch|p1a: Hatterene|Hatterene, F|100/100|[from] U-turn
|move|p2a: Samurott|Ceaseless Edge|p1a: Hatterene
|-damage|p1a: Hatterene|39/100
|-sidestart|p1: Ornaug|Spikes
|
|-heal|p1a: Hatterene|45/100|[from] item: Leftovers
|upkeep
|turn|2
|
|t:|1743931636
|move|p2a: Samurott|Ceaseless Edge|p1a: Hatterene|[miss]
|-miss|p2a: Samurott|p1a: Hatterene
|move|p1a: Hatterene|Draining Kiss|p2a: Samurott
|-supereffective|p2a: Samurott
|-damage|p2a: Samurott|0 fnt
|-heal|p1a: Hatterene|59/100|[from] drain|[of] p2a: Samurott
|faint|p2a: Samurott
|
|-heal|p1a: Hatterene|65/100|[from] item: Leftovers
|upkeep
|
|t:|1743931645
|switch|p2a: Slowking|Slowking-Galar, F|100/100
|turn|3
|
|t:|1743931652
|switch|p1a: Frosmoth|Frosmoth, F|100/100
|-damage|p1a: Frosmoth|88/100|[from] Spikes
|move|p2a: Slowking|Sludge Bomb|p1a: Frosmoth
|-damage|p1a: Frosmoth|74/100
|-status|p1a: Frosmoth|psn
|
|-heal|p1a: Frosmoth|80/100 psn|[from] item: Leftovers
|-damage|p1a: Frosmoth|68/100 psn|[from] psn
|upkeep
|turn|4
|
|t:|1743931659
|switch|p2a: Rotom|Rotom-Wash|100/100
|move|p1a: Frosmoth|Stun Spore|p2a: Rotom|[miss]
|-miss|p1a: Frosmoth|p2a: Rotom
|
|-heal|p1a: Frosmoth|74/100 psn|[from] item: Leftovers
|-damage|p1a: Frosmoth|61/100 psn|[from] psn
|upkeep
|turn|5
|
|t:|1743931664
|move|p2a: Rotom|Volt Switch|p1a: Frosmoth
|-damage|p1a: Frosmoth|52/100 psn
|
|t:|1743931666
|switch|p2a: Slowking|Slowking-Galar, F|100/100|[from] Volt Switch
|move|p1a: Frosmoth|Giga Drain|p2a: Slowking
|-resisted|p2a: Slowking
|-damage|p2a: Slowking|94/100
|-heal|p1a: Frosmoth|55/100 psn|[from] drain|[of] p2a: Slowking
|
|-heal|p1a: Frosmoth|62/100 psn|[from] item: Leftovers
|-damage|p1a: Frosmoth|49/100 psn|[from] psn
|upkeep
|turn|6
|
|t:|1743931673
|switch|p1a: Cinderace|Cinderace, F|100/100
|move|p2a: Slowking|Future Sight|p1a: Cinderace
|-start|p2a: Slowking|move: Future Sight
|
|upkeep
|turn|7
|
|t:|1743931677
|switch|p2a: Rotom|Rotom-Wash|100/100
|move|p1a: Cinderace|Court Change|p1a: Cinderace
|-start|p1a: Cinderace|typechange|Normal|[from] ability: Libero
|-swapsideconditions
|-activate|p1a: Cinderace|move: Court Change
|
|upkeep
|turn|8
|
|t:|1743931681
|move|p1a: Cinderace|U-turn|p2a: Rotom
|-damage|p2a: Rotom|83/100
|
|t:|1743931685
|switch|p1a: Frosmoth|Frosmoth, F|49/100 psn|[from] U-turn
|move|p2a: Rotom|Will-O-Wisp||[still]
|-fail|p2a: Rotom
|
|-end|p1a: Frosmoth|move: Future Sight
|-damage|p1a: Frosmoth|30/100 psn
|-heal|p2a: Rotom|90/100|[from] item: Leftovers
|-heal|p1a: Frosmoth|37/100 psn|[from] item: Leftovers
|-damage|p1a: Frosmoth|24/100 psn|[from] psn
|upkeep
|turn|9
|
|t:|1743931691
|move|p2a: Rotom|Volt Switch|p1a: Frosmoth
|-damage|p1a: Frosmoth|14/100 psn
|
|t:|1743931693
|switch|p2a: Slowking|Slowking-Galar, F|100/100|[from] Volt Switch
|move|p1a: Frosmoth|Quiver Dance|p1a: Frosmoth
|-boost|p1a: Frosmoth|spa|1
|-boost|p1a: Frosmoth|spd|1
|-boost|p1a: Frosmoth|spe|1
|
|-heal|p1a: Frosmoth|21/100 psn|[from] item: Leftovers
|-damage|p1a: Frosmoth|8/100 psn|[from] psn
|upkeep
|turn|10
|
|t:|1743931711
|move|p1a: Frosmoth|Giga Drain|p2a: Slowking
|-resisted|p2a: Slowking
|-damage|p2a: Slowking|92/100
|-heal|p1a: Frosmoth|13/100 psn|[from] drain|[of] p2a: Slowking
|move|p2a: Slowking|Sludge Bomb|p1a: Frosmoth
|-damage|p1a: Frosmoth|4/100 psn
|
|-heal|p1a: Frosmoth|10/100 psn|[from] item: Leftovers
|-damage|p1a: Frosmoth|0 fnt|[from] psn
|faint|p1a: Frosmoth
|upkeep
|
|t:|1743931723
|switch|p1a: Primarina|Primarina, M|100/100
|turn|11
|
|t:|1743931727
|move|p1a: Primarina|Substitute|p1a: Primarina
|-start|p1a: Primarina|Substitute
|-damage|p1a: Primarina|75/100
|move|p2a: Slowking|Sludge Bomb|p1a: Primarina
|-supereffective|p1a: Primarina
|-end|p1a: Primarina|Substitute
|
|-heal|p1a: Primarina|82/100|[from] item: Leftovers
|upkeep
|turn|12
|
|t:|1743931735
|-terastallize|p1a: Primarina|Steel
|move|p1a: Primarina|Substitute|p1a: Primarina
|-start|p1a: Primarina|Substitute
|-damage|p1a: Primarina|57/100
|move|p2a: Slowking|Sludge Bomb|p1a: Primarina
|-immune|p1a: Primarina
|
|-heal|p1a: Primarina|63/100|[from] item: Leftovers
|upkeep
|turn|13
|
|t:|1743931742
|move|p1a: Primarina|Calm Mind|p1a: Primarina
|-boost|p1a: Primarina|spa|1
|-boost|p1a: Primarina|spd|1
|move|p2a: Slowking|Psychic Noise|p1a: Primarina
|-resisted|p1a: Primarina
|-damage|p1a: Primarina|55/100
|-start|p1a: Primarina|move: Heal Block
|
|upkeep
|turn|14
|
|t:|1743931751
|move|p1a: Primarina|Calm Mind|p1a: Primarina
|-boost|p1a: Primarina|spa|1
|-boost|p1a: Primarina|spd|1
|move|p2a: Slowking|Future Sight|p1a: Primarina
|-start|p2a: Slowking|move: Future Sight
|
|-end|p1a: Primarina|move: Heal Block
|upkeep
|turn|15
|
|t:|1743931759
|move|p1a: Primarina|Calm Mind|p1a: Primarina
|-boost|p1a: Primarina|spa|1
|-boost|p1a: Primarina|spd|1
|move|p2a: Slowking|Psychic Noise|p1a: Primarina
|-resisted|p1a: Primarina
|-damage|p1a: Primarina|50/100
|-start|p1a: Primarina|move: Heal Block
|
|upkeep
|turn|16
|
|t:|1743931765
|move|p1a: Primarina|Calm Mind|p1a: Primarina
|-boost|p1a: Primarina|spa|1
|-boost|p1a: Primarina|spd|1
|move|p2a: Slowking|Psychic Noise|p1a: Primarina
|-resisted|p1a: Primarina
|-damage|p1a: Primarina|46/100
|
|-end|p1a: Primarina|move: Future Sight
|-resisted|p1a: Primarina
|-activate|p1a: Primarina|move: Substitute|[damage]
|-end|p1a: Primarina|move: Heal Block
|upkeep
|turn|17
|
|t:|1743931776
|move|p1a: Primarina|Psychic Noise|p2a: Slowking
|-damage|p2a: Slowking|37/100
|-start|p2a: Slowking|move: Heal Block
|move|p2a: Slowking|Psychic Noise|p1a: Primarina
|-resisted|p1a: Primarina
|-damage|p1a: Primarina|42/100
|-start|p1a: Primarina|move: Heal Block
|
|upkeep
|turn|18
|
|t:|1743931786
|-terastallize|p2a: Slowking|Water
|move|p1a: Primarina|Psychic Noise|p2a: Slowking
|-resisted|p2a: Slowking
|-damage|p2a: Slowking|11/100
|move|p2a: Slowking|Psychic Noise|p1a: Primarina
|-resisted|p1a: Primarina
|-crit|p1a: Primarina
|-damage|p1a: Primarina|24/100
|
|-end|p1a: Primarina|move: Heal Block
|-end|p2a: Slowking|move: Heal Block
|upkeep
|turn|19
|
|t:|1743931792
|switch|p2a: Rotom|Rotom-Wash|90/100
|move|p1a: Primarina|Draining Kiss|p2a: Rotom
|-damage|p2a: Rotom|27/100
|-heal|p1a: Primarina|63/100|[from] drain|[of] p2a: Rotom
|
|-heal|p2a: Rotom|34/100|[from] item: Leftovers
|-heal|p1a: Primarina|69/100|[from] item: Leftovers
|upkeep
|turn|20
|-message|AGWsoph forfeited.
|
|win|Ornaug
|raw|Ornaug's rating: 1376 &rarr; <strong>1394</strong><br />(+18 for winning)
|raw|AGWsoph's rating: 1336 &rarr; <strong>1318</strong><br />(-18 for losing)
|l|☆AGWsoph
|player|p2|
|l|☆Ornaug
|player|p1|
