|j|☆Asclepias
|j|☆Michaelvick420b
|t:|1743814612
|gametype|singles
|player|p1|Asclepias|morty-gen2|1262
|player|p2|Michaelvick420b|blue|1316
|teamsize|p1|6
|teamsize|p2|6
|gen|9
|tier|[Gen 9] OU
|rated|
|rule|HP Percentage Mod: HP is shown in percentages
|rule|Endless Battle Clause: Forcing endless battles is banned
|rule|Species Clause: Limit one of each Pokémon
|rule|OHKO Clause: OHKO moves are banned
|rule|Evasion Items Clause: Evasion items are banned
|rule|Evasion Moves Clause: Evasion moves are banned
|rule|Sleep Moves Clause: Sleep-inducing moves are banned
|clearpoke
|poke|p1|Kyurem|
|poke|p1|Landorus-Therian, M|
|poke|p1|Pecharunt|
|poke|p1|Samurott-Hisui, F|
|poke|p1|Zamazenta-*|
|poke|p1|Kingambit, F|
|poke|p2|Dragonite, M|
|poke|p2|Landorus-Therian, M|
|poke|p2|Hatterene, F|
|poke|p2|Samurott-Hisui, M|
|poke|p2|Sinistcha|
|poke|p2|Glimmora, M|
|teampreview
|inactive|Battle timer is ON: inactive players will automatically lose when time's up. (requested by Asclepias)
|
|t:|1743814634
|start
|switch|p1a: Landorus|Landorus-Therian, M|100/100
|switch|p2a: Shogun|Samurott-Hisui, M|100/100
|-ability|p1a: Landorus|Intimidate|boost
|-unboost|p2a: Shogun|atk|1
|turn|1
|
|t:|1743814641
|switch|p1a: Samurott|Samurott-Hisui, F|100/100
|-terastallize|p2a: Shogun|Water
|move|p2a: Shogun|Flip Turn|p1a: Samurott
|-resisted|p1a: Samurott
|-damage|p1a: Samurott|86/100
|
|t:|1743814652
|switch|p2a: Dustin|Landorus-Therian, M|100/100|[from] Flip Turn
|-ability|p2a: Dustin|Intimidate|boost
|-unboost|p1a: Samurott|atk|1
|
|upkeep
|turn|2
|
|t:|1743814663
|move|p2a: Dustin|U-turn|p1a: Samurott
|-supereffective|p1a: Samurott
|-crit|p1a: Samurott
|-damage|p1a: Samurott|0 fnt
|faint|p1a: Samurott
|
|t:|1743814669
|switch|p2a: Shogun|Samurott-Hisui, M, tera:Water|100/100|[from] U-turn
|
|upkeep
|
|t:|1743814679
|switch|p1a: Kyurem|Kyurem|100/100
|-ability|p1a: Kyurem|Pressure
|turn|3
|
|t:|1743814684
|move|p2a: Shogun|Ceaseless Edge|p1a: Kyurem
|-crit|p1a: Kyurem
|-damage|p1a: Kyurem|41/100
|-sidestart|p1: Asclepias|Spikes
|move|p1a: Kyurem|Freeze-Dry|p2a: Shogun
|-supereffective|p2a: Shogun
|-damage|p2a: Shogun|0 fnt
|faint|p2a: Shogun
|
|upkeep
|
|t:|1743814700
|switch|p2a: Rosebud|Glimmora, M|100/100
|turn|4
|
|t:|1743814708
|move|p1a: Kyurem|Earth Power|p2a: Rosebud
|-supereffective|p2a: Rosebud
|-damage|p2a: Rosebud|0 fnt
|faint|p2a: Rosebud
|
|upkeep
|
|t:|1743814716
|switch|p2a: Dustin|Landorus-Therian, M|100/100
|-ability|p2a: Dustin|Intimidate|boost
|-unboost|p1a: Kyurem|atk|1
|turn|5
|
|t:|1743814723
|move|p2a: Dustin|Earthquake|p1a: Kyurem
|-damage|p1a: Kyurem|0 fnt
|faint|p1a: Kyurem
|
|upkeep
|
|t:|1743814728
|switch|p1a: Landorus|Landorus-Therian, M|100/100
|-ability|p1a: Landorus|Intimidate|boost
|-unboost|p2a: Dustin|atk|1
|turn|6
|
|t:|1743814738
|switch|p2a: Tilda|Sinistcha|100/100
|move|p1a: Landorus|Earth Power|p2a: Tilda
|-resisted|p2a: Tilda
|-damage|p2a: Tilda|80/100
|
|upkeep
|turn|7
|
|t:|1743814747
|move|p1a: Landorus|Taunt|p2a: Tilda
|-start|p2a: Tilda|move: Taunt
|cant|p2a: Tilda|move: Taunt|Calm Mind
|
|upkeep
|turn|8
|
|t:|1743814752
|move|p1a: Landorus|U-turn|p2a: Tilda
|-damage|p2a: Tilda|66/100
|-damage|p1a: Landorus|84/100|[from] item: Rocky Helmet|[of] p2a: Tilda
|
|t:|1743814754
|switch|p1a: Pecharunt|Pecharunt|100/100|[from] U-turn
|move|p2a: Tilda|Scald|p1a: Pecharunt
|-damage|p1a: Pecharunt|80/100
|
|upkeep
|turn|9
|
|t:|1743814764
|switch|p2a: Dustin|Landorus-Therian, M|100/100
|-ability|p2a: Dustin|Intimidate|boost
|-unboost|p1a: Pecharunt|atk|1
|move|p1a: Pecharunt|Shadow Ball|p2a: Dustin
|-damage|p2a: Dustin|69/100
|
|upkeep
|turn|10
|
|t:|1743814771
|switch|p1a: Landorus|Landorus-Therian, M|84/100
|-ability|p1a: Landorus|Intimidate|boost
|-unboost|p2a: Dustin|atk|1
|move|p2a: Dustin|Crunch|p1a: Landorus
|-damage|p1a: Landorus|63/100
|-damage|p2a: Dustin|52/100|[from] item: Rocky Helmet|[of] p1a: Landorus
|
|upkeep
|turn|11
|
|t:|1743814780
|switch|p2a: Tilda|Sinistcha|66/100
|move|p1a: Landorus|Stealth Rock|p2a: Tilda
|-sidestart|p2: Michaelvick420b|move: Stealth Rock
|
|upkeep
|turn|12
|
|t:|1743814786
|move|p1a: Landorus|U-turn|p2a: Tilda
|-damage|p2a: Tilda|52/100
|-damage|p1a: Landorus|46/100|[from] item: Rocky Helmet|[of] p2a: Tilda
|
|t:|1743814788
|switch|p1a: Kingambit|Kingambit, F|100/100|[from] U-turn
|-damage|p1a: Kingambit|88/100|[from] Spikes
|-activate|p1a: Kingambit|ability: Supreme Overlord
|-start|p1a: Kingambit|fallen2|[silent]
|move|p2a: Tilda|Strength Sap|p1a: Kingambit
|-unboost|p1a: Kingambit|atk|1
|-heal|p2a: Tilda|100/100
|
|-heal|p1a: Kingambit|94/100|[from] item: Leftovers
|upkeep
|turn|13
|
|t:|1743814801
|move|p1a: Kingambit|Swords Dance|p1a: Kingambit
|-boost|p1a: Kingambit|atk|2
|move|p2a: Tilda|Scald|p1a: Kingambit
|-damage|p1a: Kingambit|68/100
|
|-heal|p1a: Kingambit|74/100|[from] item: Leftovers
|upkeep
|turn|14
|
|t:|1743814809
|move|p1a: Kingambit|Kowtow Cleave|p2a: Tilda
|-supereffective|p2a: Tilda
|-damage|p2a: Tilda|0 fnt
|-damage|p1a: Kingambit|58/100|[from] item: Rocky Helmet|[of] p2a: Tilda
|faint|p2a: Tilda
|
|-heal|p1a: Kingambit|64/100|[from] item: Leftovers
|upkeep
|
|t:|1743814818
|switch|p2a: Dustin|Landorus-Therian, M|52/100
|-damage|p2a: Dustin|40/100|[from] Stealth Rock
|-ability|p2a: Dustin|Intimidate|boost
|-unboost|p1a: Kingambit|atk|1
|turn|15
|
|t:|1743814824
|move|p1a: Kingambit|Sucker Punch|p2a: Dustin
|-damage|p2a: Dustin|0 fnt
|faint|p2a: Dustin
|
|-heal|p1a: Kingambit|70/100|[from] item: Leftovers
|upkeep
|
|t:|1743814831
|switch|p2a: Oliver|Dragonite, M, shiny|100/100
|-damage|p2a: Oliver|76/100|[from] Stealth Rock
|turn|16
|
|t:|1743814836
|move|p2a: Oliver|Earthquake|p1a: Kingambit
|-supereffective|p1a: Kingambit
|-damage|p1a: Kingambit|3/100
|move|p1a: Kingambit|Kowtow Cleave|p2a: Oliver
|-damage|p2a: Oliver|14/100
|
|-heal|p2a: Oliver|20/100|[from] item: Leftovers
|-heal|p1a: Kingambit|9/100|[from] item: Leftovers
|upkeep
|turn|17
|
|t:|1743814845
|move|p2a: Oliver|Dragon Dance|p2a: Oliver
|-boost|p2a: Oliver|atk|1
|-boost|p2a: Oliver|spe|1
|move|p1a: Kingambit|Kowtow Cleave|p2a: Oliver
|-damage|p2a: Oliver|0 fnt
|faint|p2a: Oliver
|
|-heal|p1a: Kingambit|15/100|[from] item: Leftovers
|upkeep
|
|t:|1743814855
|switch|p2a: Glinda|Hatterene, F|100/100
|-damage|p2a: Glinda|88/100|[from] Stealth Rock
|turn|18
|-message|Michaelvick420b forfeited.
|
|win|Asclepias
|raw|Asclepias's rating: 1262 &rarr; <strong>1291</strong><br />(+29 for winning)
|raw|Michaelvick420b's rating: 1316 &rarr; <strong>1293</strong><br />(-23 for losing)
|l|☆Michaelvick420b
|player|p2|
|c|☆Asclepias|gg
