|j|☆bacacusdestroyer
|j|☆Bum_Muncha
|t:|1743788517
|gametype|singles
|player|p1|bacacusdestroyer|benga|1539
|player|p2|Bum_Muncha|169|1664
|teamsize|p1|6
|teamsize|p2|6
|gen|9
|tier|[Gen 9] OU
|rated|
|rule|HP Percentage Mod: HP is shown in percentages
|rule|Endless Battle Clause: Forcing endless battles is banned
|rule|Species Clause: Limit one of each Pokémon
|rule|OHKO Clause: OHKO moves are banned
|rule|Evasion Items Clause: Evasion items are banned
|rule|Evasion Moves Clause: Evasion moves are banned
|rule|Sleep Moves Clause: Sleep-inducing moves are banned
|clearpoke
|poke|p1|Probopass, F|
|poke|p1|Dragonite, F|
|poke|p1|Cresselia, F|
|poke|p1|Hoopa-Unbound|
|poke|p1|Great Tusk|
|poke|p1|Kingambit, M|
|poke|p2|Ting-Lu|
|poke|p2|Gliscor, F|
|poke|p2|Sinistcha|
|poke|p2|Keldeo-Resolute|
|poke|p2|Tinkaton, F|
|poke|p2|Dragonite, F|
|teampreview
|inactive|Battle timer is ON: inactive players will automatically lose when time's up. (requested by Bum_Muncha)
|
|t:|1743788544
|start
|switch|p1a: Probopass|Probopass, F|100/100
|switch|p2a: Keldeo|Keldeo-Resolute|100/100
|turn|1
|
|t:|1743788553
|switch|p1a: Hoopa|Hoopa-Unbound|100/100
|move|p2a: Keldeo|Surf|p1a: Hoopa
|-damage|p1a: Hoopa|54/100
|
|upkeep
|turn|2
|j| NotLookinForAName
|
|t:|1743788558
|switch|p2a: Ting-Lu|Ting-Lu|100/100
|-ability|p2a: Ting-Lu|Vessel of Ruin
|move|p1a: Hoopa|Psychic|p2a: Ting-Lu
|-immune|p2a: Ting-Lu
|
|upkeep
|turn|3
|
|t:|1743788574
|switch|p1a: Great Tusk|Great Tusk|100/100
|move|p2a: Ting-Lu|Spikes|p1a: Great Tusk
|-sidestart|p1: bacacusdestroyer|Spikes
|
|upkeep
|turn|4
|
|t:|1743788579
|move|p1a: Great Tusk|Ice Spinner|p2a: Ting-Lu
|-supereffective|p2a: Ting-Lu
|-damage|p2a: Ting-Lu|70/100
|move|p2a: Ting-Lu|Ruination|p1a: Great Tusk|[miss]
|-miss|p2a: Ting-Lu|p1a: Great Tusk
|
|-heal|p2a: Ting-Lu|76/100|[from] item: Leftovers
|upkeep
|turn|5
|
|t:|1743788583
|switch|p2a: Sinistcha|Sinistcha|100/100
|move|p1a: Great Tusk|Ice Spinner|p2a: Sinistcha
|-supereffective|p2a: Sinistcha
|-damage|p2a: Sinistcha|60/100
|
|upkeep
|turn|6
|
|t:|1743788600
|-end|p1a: Great Tusk|Protosynthesis|[silent]
|switch|p1a: Hoopa|Hoopa-Unbound|54/100
|-damage|p1a: Hoopa|42/100|[from] Spikes
|move|p2a: Sinistcha|Strength Sap|p1a: Hoopa
|-unboost|p1a: Hoopa|atk|1
|-heal|p2a: Sinistcha|100/100
|
|upkeep
|turn|7
|
|t:|1743788621
|switch|p2a: Tinkaton|Tinkaton, F|100/100
|-ability|p2a: Tinkaton|Mold Breaker
|-item|p2a: Tinkaton|Air Balloon
|move|p1a: Hoopa|Focus Blast|p2a: Tinkaton|[miss]
|-miss|p1a: Hoopa|p2a: Tinkaton
|
|upkeep
|turn|8
|
|t:|1743788633
|switch|p1a: Probopass|Probopass, F|100/100
|-damage|p1a: Probopass|88/100|[from] Spikes
|move|p2a: Tinkaton|Stealth Rock|p1a: Probopass
|-sidestart|p1: bacacusdestroyer|move: Stealth Rock
|
|upkeep
|turn|9
|
|t:|1743788636
|move|p2a: Tinkaton|Knock Off|p1a: Probopass
|-damage|p1a: Probopass|77/100
|-damage|p2a: Tinkaton|84/100|[from] item: Rocky Helmet|[of] p1a: Probopass
|-enditem|p1a: Probopass|Rocky Helmet|[from] move: Knock Off|[of] p2a: Tinkaton
|move|p1a: Probopass|Stealth Rock|p2a: Tinkaton
|-sidestart|p2: Bum_Muncha|move: Stealth Rock
|
|upkeep
|turn|10
|
|t:|1743788642
|move|p2a: Tinkaton|Thunder Wave|p1a: Probopass|[miss]
|-miss|p2a: Tinkaton|p1a: Probopass
|move|p1a: Probopass|Body Press|p2a: Tinkaton
|-damage|p2a: Tinkaton|50/100
|-enditem|p2a: Tinkaton|Air Balloon
|
|upkeep
|turn|11
|
|t:|1743788645
|move|p2a: Tinkaton|Gigaton Hammer|p1a: Probopass
|-damage|p1a: Probopass|53/100
|move|p1a: Probopass|Body Press|p2a: Tinkaton
|-damage|p2a: Tinkaton|15/100
|
|upkeep
|turn|12
|
|t:|1743788647
|move|p2a: Tinkaton|Thunder Wave|p1a: Probopass
|-status|p1a: Probopass|par
|move|p1a: Probopass|Body Press|p2a: Tinkaton
|-damage|p2a: Tinkaton|0 fnt
|faint|p2a: Tinkaton
|
|upkeep
|
|t:|1743788650
|switch|p2a: Keldeo|Keldeo-Resolute|100/100
|turn|13
|
|t:|1743788655
|move|p2a: Keldeo|Surf|p1a: Probopass
|-supereffective|p1a: Probopass
|-damage|p1a: Probopass|0 fnt
|faint|p1a: Probopass
|
|upkeep
|inactive|bacacusdestroyer has 120 seconds left.
|
|t:|1743788685
|switch|p1a: Dragonite|Dragonite, F|100/100
|-damage|p1a: Dragonite|76/100|[from] Stealth Rock
|turn|14
|
|t:|1743788693
|move|p2a: Keldeo|Flip Turn|p1a: Dragonite
|-resisted|p1a: Dragonite
|-damage|p1a: Dragonite|69/100
|
|t:|1743788696
|switch|p2a: Dragonite|Dragonite, F|100/100|[from] Flip Turn
|move|p1a: Dragonite|Outrage|p2a: Dragonite
|-supereffective|p2a: Dragonite
|-damage|p2a: Dragonite|9/100
|
|upkeep
|turn|15
|
|t:|1743788700
|move|p2a: Dragonite|Extreme Speed|p1a: Dragonite
|-damage|p1a: Dragonite|41/100
|move|p1a: Dragonite|Outrage|p2a: Dragonite|[from] lockedmove
|-supereffective|p2a: Dragonite
|-damage|p2a: Dragonite|0 fnt
|faint|p2a: Dragonite
|
|upkeep
|
|t:|1743788705
|switch|p2a: Gliscor|Gliscor, F|100/100
|-damage|p2a: Gliscor|88/100|[from] Stealth Rock
|turn|16
|
|t:|1743788707
|move|p2a: Gliscor|Protect|p2a: Gliscor
|-singleturn|p2a: Gliscor|Protect
|move|p1a: Dragonite|Outrage|p2a: Gliscor|[from] lockedmove
|-activate|p2a: Gliscor|move: Protect
|-start|p1a: Dragonite|confusion|[fatigue]
|
|-status|p2a: Gliscor|tox|[from] item: Toxic Orb
|upkeep
|turn|17
|
|t:|1743788710
|move|p2a: Gliscor|Facade|p1a: Dragonite
|-damage|p1a: Dragonite|11/100
|-activate|p1a: Dragonite|confusion
|move|p1a: Dragonite|Outrage|p2a: Gliscor
|-damage|p2a: Gliscor|4/100 tox
|
|-heal|p2a: Gliscor|17/100 tox|[from] ability: Poison Heal
|upkeep
|turn|18
|
|t:|1743788714
|move|p2a: Gliscor|Protect|p2a: Gliscor
|-singleturn|p2a: Gliscor|Protect
|-activate|p1a: Dragonite|confusion
|move|p1a: Dragonite|Outrage|p2a: Gliscor|[from] lockedmove
|-activate|p2a: Gliscor|move: Protect
|
|-heal|p2a: Gliscor|29/100 tox|[from] ability: Poison Heal
|upkeep
|turn|19
|
|t:|1743788719
|move|p2a: Gliscor|Facade|p1a: Dragonite
|-crit|p1a: Dragonite
|-damage|p1a: Dragonite|0 fnt
|faint|p1a: Dragonite
|
|-heal|p2a: Gliscor|42/100 tox|[from] ability: Poison Heal
|upkeep
|
|t:|1743788723
|switch|p1a: Great Tusk|Great Tusk|100/100
|-damage|p1a: Great Tusk|88/100|[from] Spikes
|-damage|p1a: Great Tusk|85/100|[from] Stealth Rock
|turn|20
|
|t:|1743788741
|move|p2a: Gliscor|Protect|p2a: Gliscor
|-singleturn|p2a: Gliscor|Protect
|move|p1a: Great Tusk|Ice Spinner|p2a: Gliscor
|-activate|p2a: Gliscor|move: Protect
|
|-heal|p1a: Great Tusk|91/100|[from] item: Leftovers
|-heal|p2a: Gliscor|54/100 tox|[from] ability: Poison Heal
|upkeep
|turn|21
|
|t:|1743788745
|switch|p2a: Sinistcha|Sinistcha|100/100
|move|p1a: Great Tusk|Ice Spinner|p2a: Sinistcha
|-supereffective|p2a: Sinistcha
|-damage|p2a: Sinistcha|65/100
|
|-heal|p1a: Great Tusk|98/100|[from] item: Leftovers
|upkeep
|turn|22
|
|t:|1743788758
|-end|p1a: Great Tusk|Protosynthesis|[silent]
|switch|p1a: Hoopa|Hoopa-Unbound|42/100
|-damage|p1a: Hoopa|30/100|[from] Spikes
|-damage|p1a: Hoopa|18/100|[from] Stealth Rock
|move|p2a: Sinistcha|Matcha Gotcha|p1a: Hoopa
|-damage|p1a: Hoopa|0 fnt
|-heal|p2a: Sinistcha|72/100|[from] drain|[of] p1a: Hoopa
|faint|p1a: Hoopa
|
|upkeep
|
|t:|1743788765
|switch|p1a: Kingambit|Kingambit, M|100/100
|-damage|p1a: Kingambit|88/100|[from] Spikes
|-damage|p1a: Kingambit|82/100|[from] Stealth Rock
|-activate|p1a: Kingambit|ability: Supreme Overlord
|-start|p1a: Kingambit|fallen3|[silent]
|turn|23
|
|t:|1743788783
|switch|p2a: Ting-Lu|Ting-Lu|76/100
|-damage|p2a: Ting-Lu|70/100|[from] Stealth Rock
|-ability|p2a: Ting-Lu|Vessel of Ruin
|-terastallize|p1a: Kingambit|Dark
|move|p1a: Kingambit|Kowtow Cleave|p2a: Ting-Lu
|-resisted|p2a: Ting-Lu
|-damage|p2a: Ting-Lu|33/100
|
|-heal|p2a: Ting-Lu|39/100|[from] item: Leftovers
|upkeep
|turn|24
|
|t:|1743788796
|-end|p1a: Kingambit|fallen3|[silent]
|switch|p1a: Cresselia|Cresselia, F|100/100
|-damage|p1a: Cresselia|88/100|[from] Stealth Rock
|move|p2a: Ting-Lu|Ruination|p1a: Cresselia
|-damage|p1a: Cresselia|44/100
|
|-heal|p1a: Cresselia|50/100|[from] item: Leftovers
|-heal|p2a: Ting-Lu|45/100|[from] item: Leftovers
|upkeep
|turn|25
|
|t:|1743788804
|move|p1a: Cresselia|Calm Mind|p1a: Cresselia
|-boost|p1a: Cresselia|spa|1
|-boost|p1a: Cresselia|spd|1
|move|p2a: Ting-Lu|Spikes|p1a: Cresselia
|-sidestart|p1: bacacusdestroyer|Spikes
|
|-heal|p1a: Cresselia|57/100|[from] item: Leftovers
|-heal|p2a: Ting-Lu|52/100|[from] item: Leftovers
|upkeep
|turn|26
|
|t:|1743788812
|move|p1a: Cresselia|Calm Mind|p1a: Cresselia
|-boost|p1a: Cresselia|spa|1
|-boost|p1a: Cresselia|spd|1
|move|p2a: Ting-Lu|Whirlwind|p1a: Cresselia
|drag|p1a: Kingambit|Kingambit, M, tera:Dark|82/100
|-damage|p1a: Kingambit|65/100|[from] Spikes
|-damage|p1a: Kingambit|53/100|[from] Stealth Rock
|-activate|p1a: Kingambit|ability: Supreme Overlord
|-start|p1a: Kingambit|fallen3|[silent]
|
|-heal|p2a: Ting-Lu|58/100|[from] item: Leftovers
|upkeep
|turn|27
|
|t:|1743788817
|move|p1a: Kingambit|Iron Head|p2a: Ting-Lu
|-damage|p2a: Ting-Lu|9/100
|cant|p2a: Ting-Lu|flinch
|
|-heal|p2a: Ting-Lu|16/100|[from] item: Leftovers
|upkeep
|turn|28
|
|t:|1743788820
|move|p1a: Kingambit|Iron Head|p2a: Ting-Lu
|-damage|p2a: Ting-Lu|0 fnt
|faint|p2a: Ting-Lu
|
|upkeep
|
|t:|1743788822
|switch|p2a: Keldeo|Keldeo-Resolute|100/100
|turn|29
|
|t:|1743788832
|-end|p1a: Kingambit|fallen3|[silent]
|switch|p1a: Great Tusk|Great Tusk|98/100
|-damage|p1a: Great Tusk|81/100|[from] Spikes
|-damage|p1a: Great Tusk|78/100|[from] Stealth Rock
|move|p2a: Keldeo|Secret Sword|p1a: Great Tusk
|-damage|p1a: Great Tusk|46/100
|
|-heal|p1a: Great Tusk|52/100|[from] item: Leftovers
|upkeep
|turn|30
|
|t:|1743788837
|move|p2a: Keldeo|Surf|p1a: Great Tusk
|-supereffective|p1a: Great Tusk
|-damage|p1a: Great Tusk|0 fnt
|faint|p1a: Great Tusk
|-end|p1a: Great Tusk|Protosynthesis|[silent]
|
|upkeep
|
|t:|1743788839
|switch|p1a: Cresselia|Cresselia, F|57/100
|-damage|p1a: Cresselia|44/100|[from] Stealth Rock
|turn|31
|
|t:|1743788850
|-terastallize|p2a: Keldeo|Water
|move|p2a: Keldeo|Surf|p1a: Cresselia
|-damage|p1a: Cresselia|4/100
|move|p1a: Cresselia|Moonlight|p1a: Cresselia
|-heal|p1a: Cresselia|54/100
|
|-heal|p1a: Cresselia|60/100|[from] item: Leftovers
|upkeep
|turn|32
|
|t:|1743788853
|move|p2a: Keldeo|Flip Turn|p1a: Cresselia
|-damage|p1a: Cresselia|49/100
|
|t:|1743788856
|switch|p2a: Gliscor|Gliscor, F|54/100 tox|[from] Flip Turn
|-damage|p2a: Gliscor|42/100 tox|[from] Stealth Rock
|move|p1a: Cresselia|Moonlight|p1a: Cresselia
|-heal|p1a: Cresselia|99/100
|
|-heal|p1a: Cresselia|100/100|[from] item: Leftovers
|-heal|p2a: Gliscor|54/100 tox|[from] ability: Poison Heal
|upkeep
|turn|33
|
|t:|1743788861
|move|p2a: Gliscor|Swords Dance|p2a: Gliscor
|-boost|p2a: Gliscor|atk|2
|move|p1a: Cresselia|Calm Mind|p1a: Cresselia
|-boost|p1a: Cresselia|spa|1
|-boost|p1a: Cresselia|spd|1
|
|-heal|p2a: Gliscor|67/100 tox|[from] ability: Poison Heal
|upkeep
|turn|34
|
|t:|1743788869
|move|p2a: Gliscor|Knock Off|p1a: Cresselia
|-supereffective|p1a: Cresselia
|-damage|p1a: Cresselia|52/100
|-enditem|p1a: Cresselia|Leftovers|[from] move: Knock Off|[of] p2a: Gliscor
|move|p1a: Cresselia|Calm Mind|p1a: Cresselia
|-boost|p1a: Cresselia|spa|1
|-boost|p1a: Cresselia|spd|1
|
|-heal|p2a: Gliscor|79/100 tox|[from] ability: Poison Heal
|upkeep
|turn|35
|
|t:|1743788877
|move|p2a: Gliscor|Facade|p1a: Cresselia
|-damage|p1a: Cresselia|21/100
|move|p1a: Cresselia|Moonlight|p1a: Cresselia
|-heal|p1a: Cresselia|71/100
|
|-heal|p2a: Gliscor|92/100 tox|[from] ability: Poison Heal
|upkeep
|turn|36
|
|t:|1743788883
|move|p2a: Gliscor|Swords Dance|p2a: Gliscor
|-boost|p2a: Gliscor|atk|2
|move|p1a: Cresselia|Stored Power|p2a: Gliscor
|-damage|p2a: Gliscor|29/100 tox
|
|-heal|p2a: Gliscor|41/100 tox|[from] ability: Poison Heal
|upkeep
|turn|37
|
|t:|1743788885
|move|p2a: Gliscor|Knock Off|p1a: Cresselia
|-supereffective|p1a: Cresselia
|-damage|p1a: Cresselia|28/100
|move|p1a: Cresselia|Stored Power|p2a: Gliscor
|-damage|p2a: Gliscor|0 fnt
|faint|p2a: Gliscor
|
|upkeep
|
|t:|1743788887
|switch|p2a: Sinistcha|Sinistcha|72/100
|turn|38
|
|t:|1743788892
|move|p1a: Cresselia|Moonlight|p1a: Cresselia
|-heal|p1a: Cresselia|78/100
|move|p2a: Sinistcha|Shadow Ball|p1a: Cresselia
|-supereffective|p1a: Cresselia
|-damage|p1a: Cresselia|54/100
|
|upkeep
|turn|39
|
|t:|1743788895
|move|p1a: Cresselia|Calm Mind|p1a: Cresselia
|-boost|p1a: Cresselia|spa|1
|-boost|p1a: Cresselia|spd|1
|move|p2a: Sinistcha|Calm Mind|p2a: Sinistcha
|-boost|p2a: Sinistcha|spa|1
|-boost|p2a: Sinistcha|spd|1
|
|upkeep
|turn|40
|-message|Bum_Muncha forfeited.
|
|win|bacacusdestroyer
|raw|bacacusdestroyer's rating: 1539 &rarr; <strong>1566</strong><br />(+27 for winning)
|raw|Bum_Muncha's rating: 1664 &rarr; <strong>1637</strong><br />(-27 for losing)
|l|☆Bum_Muncha
|player|p2|
|l|☆bacacusdestroyer
|player|p1|
|l| NotLookinForAName
