|j|☆Weeb_Access
|j|☆ejb14q
|t:|1743826231
|gametype|singles
|player|p1|Weeb_Access|diantha-masters|1209
|player|p2|ejb14q|iris|1197
|teamsize|p1|6
|teamsize|p2|6
|gen|9
|tier|[Gen 9] OU
|rated|
|rule|HP Percentage Mod: HP is shown in percentages
|rule|Endless Battle Clause: Forcing endless battles is banned
|rule|Species Clause: Limit one of each Pokémon
|rule|OHKO Clause: OHKO moves are banned
|rule|Evasion Items Clause: Evasion items are banned
|rule|Evasion Moves Clause: Evasion moves are banned
|rule|Sleep Moves Clause: Sleep-inducing moves are banned
|clearpoke
|poke|p1|Great Tusk|
|poke|p1|Espeon, M|
|poke|p1|Gholdengo|
|poke|p1|Moltres|
|poke|p1|Ogerpon-Wellspring, F|
|poke|p1|Greninja-*, F|
|poke|p2|Great Tusk|
|poke|p2|Glimmora, F|
|poke|p2|Samurott-Hisui, F|
|poke|p2|Hatterene, F|
|poke|p2|Gholdengo|
|poke|p2|Meowscarada, M|
|teampreview
|inactive|Battle timer is ON: inactive players will automatically lose when time's up. (requested by Weeb_Access)
|c|☆ejb14q|glhf
|c|☆Weeb_Access|glhf
|
|t:|1743826245
|start
|switch|p1a: Ataru|Great Tusk, shiny|100/100
|switch|p2a: Samurott|Samurott-Hisui, F|100/100
|turn|1
|
|t:|1743826255
|-end|p1a: Ataru|Protosynthesis|[silent]
|switch|p1a: Trakata|Ogerpon-Wellspring, F|100/100
|move|p2a: Samurott|Razor Shell|p1a: Trakata
|-immune|p1a: Trakata|[from] ability: Water Absorb
|
|upkeep
|turn|2
|
|t:|1743826263
|move|p1a: Trakata|Trailblaze|p2a: Samurott
|-supereffective|p2a: Samurott
|-crit|p2a: Samurott
|-damage|p2a: Samurott|0 fnt
|-boost|p1a: Trakata|spe|1
|faint|p2a: Samurott
|
|upkeep
|
|t:|1743826270
|switch|p2a: Glimmora|Glimmora, F|100/100
|turn|3
|c|☆Weeb_Access|unfortunate
|
|t:|1743826285
|switch|p1a: Shii-Cho|Espeon, M, shiny|100/100
|move|p2a: Glimmora|Mortal Spin|p1a: Shii-Cho
|-damage|p1a: Shii-Cho|89/100
|-status|p1a: Shii-Cho|psn
|
|-damage|p1a: Shii-Cho|77/100 psn|[from] psn
|upkeep
|turn|4
|
|t:|1743826299
|switch|p2a: Meowscarada|Meowscarada, M|100/100
|move|p1a: Shii-Cho|Future Sight|p2a: Meowscarada
|-start|p1a: Shii-Cho|move: Future Sight
|
|-damage|p1a: Shii-Cho|65/100 psn|[from] psn
|upkeep
|turn|5
|
|t:|1743826311
|switch|p1a: Soresu|Moltres, shiny|100/100
|move|p2a: Meowscarada|Flower Trick|p1a: Soresu
|-start|p2a: Meowscarada|typechange|Grass|[from] ability: Protean
|-resisted|p1a: Soresu
|-crit|p1a: Soresu
|-damage|p1a: Soresu|85/100
|
|upkeep
|turn|6
|
|t:|1743826323
|switch|p2a: Great Tusk|Great Tusk|100/100
|move|p1a: Soresu|Will-O-Wisp|p2a: Great Tusk
|-status|p2a: Great Tusk|brn
|
|-end|p2a: Great Tusk|move: Future Sight
|-supereffective|p2a: Great Tusk
|-crit|p2a: Great Tusk
|-damage|p2a: Great Tusk|0 fnt
|faint|p2a: Great Tusk
|-end|p2a: Great Tusk|Protosynthesis|[silent]
|upkeep
|
|t:|1743826342
|switch|p2a: Meowscarada|Meowscarada, M|100/100
|turn|7
|
|t:|1743826350
|move|p2a: Meowscarada|U-turn|p1a: Soresu
|-start|p2a: Meowscarada|typechange|Bug|[from] ability: Protean
|-resisted|p1a: Soresu
|-damage|p1a: Soresu|75/100
|-status|p2a: Meowscarada|brn|[from] ability: Flame Body|[of] p1a: Soresu
|
|t:|1743826356
|switch|p2a: Hatterene|Hatterene, F|100/100|[from] U-turn
|move|p1a: Soresu|Will-O-Wisp|p2a: Hatterene
|move|p2a: Hatterene|Will-O-Wisp|p1a: Soresu|[from] ability: Magic Bounce
|-immune|p1a: Soresu
|
|upkeep
|turn|8
|c|☆Weeb_Access|unfortunate
|c|☆ejb14q|im losing my mind
|
|t:|1743826377
|move|p1a: Soresu|U-turn|p2a: Hatterene
|-damage|p2a: Hatterene|84/100
|c|☆Weeb_Access|welcome to ou, friend
|
|t:|1743826386
|switch|p1a: Djem So|Gholdengo|100/100|[from] U-turn
|move|p2a: Hatterene|Trick Room|p2a: Hatterene
|-fieldstart|move: Trick Room|[of] p2a: Hatterene
|
|upkeep
|turn|9
|
|t:|1743826394
|move|p2a: Hatterene|Healing Wish|p2a: Hatterene
|faint|p2a: Hatterene
|move|p1a: Djem So|Trick|p2: Hatterene|[notarget]
|-fail|p1a: Djem So
|
|upkeep
|
|t:|1743826398
|switch|p2a: Meowscarada|Meowscarada, M|100/100 brn
|-heal|p2a: Meowscarada|100/100|[from] move: Healing Wish
|turn|10
|
|t:|1743826406
|switch|p1a: Soresu|Moltres, shiny|75/100
|move|p2a: Meowscarada|Knock Off|p1a: Soresu
|-start|p2a: Meowscarada|typechange|Dark|[from] ability: Protean
|-damage|p1a: Soresu|17/100
|-status|p2a: Meowscarada|brn|[from] ability: Flame Body|[of] p1a: Soresu
|-enditem|p1a: Soresu|Heavy-Duty Boots|[from] move: Knock Off|[of] p2a: Meowscarada
|
|-damage|p2a: Meowscarada|94/100 brn|[from] brn
|upkeep
|turn|11
|c|☆ejb14q|omg....
|c|☆Weeb_Access|yep
|c|☆ejb14q|dog
|
|t:|1743826436
|switch|p2a: Gholdengo|Gholdengo|100/100
|-item|p2a: Gholdengo|Air Balloon
|move|p1a: Soresu|Roost|p1a: Soresu
|-heal|p1a: Soresu|67/100
|-singleturn|p1a: Soresu|move: Roost
|
|upkeep
|turn|12
|c|☆Weeb_Access|icl you lost all value w glimmora
|c|☆Weeb_Access|should use it more
|
|t:|1743826451
|move|p1a: Soresu|Flamethrower|p2a: Gholdengo
|-supereffective|p2a: Gholdengo
|-damage|p2a: Gholdengo|16/100
|-enditem|p2a: Gholdengo|Air Balloon
|move|p2a: Gholdengo|Nasty Plot|p2a: Gholdengo
|-boost|p2a: Gholdengo|spa|2
|
|-fieldend|move: Trick Room
|upkeep
|turn|13
|inactive|ejb14q has 120 seconds left.
|c|☆ejb14q|I usually lead with her but I predicted a espionage lead incorrectly
|c|☆ejb14q|omg auto correct
|inactive|ejb14q has 90 seconds left.
|c|☆Weeb_Access|yeah people see the espeon and think it's a magic bounce lead
|c|☆ejb14q|espeon
|
|t:|1743826511
|switch|p1a: Shii-Cho|Espeon, M, shiny|65/100 psn
|move|p2a: Gholdengo|Make It Rain|p1a: Shii-Cho
|-damage|p1a: Shii-Cho|0 fnt
|-unboost|p2a: Gholdengo|spa|1
|faint|p1a: Shii-Cho
|
|upkeep
|c|☆Weeb_Access|but i usually go gren into espeon to trick any hazards
|
|t:|1743826518
|switch|p1a: Djem So|Gholdengo|100/100
|turn|14
|inactive|ejb14q has 90 seconds left.
|
|t:|1743826528
|move|p1a: Djem So|Shadow Ball|p2a: Gholdengo
|-supereffective|p2a: Gholdengo
|-damage|p2a: Gholdengo|0 fnt
|faint|p2a: Gholdengo
|
|upkeep
|inactive|ejb14q has 90 seconds left.
|c|☆ejb14q|and I lose the speed tie
|c|☆Weeb_Access|nope
|
|t:|1743826544
|switch|p2a: Glimmora|Glimmora, F|100/100
|turn|15
|c|☆Weeb_Access|why do you think this thing has trick
|c|☆Weeb_Access|lmao
|c|☆ejb14q|scarf
|c|☆Weeb_Access|yepp
|c|☆ejb14q|dam
|c|☆Weeb_Access|for alomo
|
|t:|1743826560
|move|p1a: Djem So|Shadow Ball|p2a: Glimmora
|-damage|p2a: Glimmora|48/100
|move|p2a: Glimmora|Earth Power|p1a: Djem So
|-supereffective|p1a: Djem So
|-damage|p1a: Djem So|26/100
|
|upkeep
|turn|16
|
|t:|1743826574
|switch|p2a: Meowscarada|Meowscarada, M|94/100 brn
|move|p1a: Djem So|Shadow Ball|p2a: Meowscarada
|-resisted|p2a: Meowscarada
|-damage|p2a: Meowscarada|63/100 brn
|
|-damage|p2a: Meowscarada|57/100 brn|[from] brn
|upkeep
|turn|17
|
|t:|1743826581
|move|p1a: Djem So|Shadow Ball|p2a: Meowscarada
|-resisted|p2a: Meowscarada
|-damage|p2a: Meowscarada|21/100 brn
|move|p2a: Meowscarada|Knock Off|p1a: Djem So
|-start|p2a: Meowscarada|typechange|Dark|[from] ability: Protean
|-supereffective|p1a: Djem So
|-damage|p1a: Djem So|0 fnt
|-enditem|p1a: Djem So|Choice Scarf|[from] move: Knock Off|[of] p2a: Meowscarada
|faint|p1a: Djem So
|
|-damage|p2a: Meowscarada|15/100 brn|[from] brn
|upkeep
|
|t:|1743826592
|switch|p1a: Soresu|Moltres, shiny|67/100
|turn|18
|
|t:|1743826596
|move|p2a: Meowscarada|Knock Off|p1a: Soresu
|-crit|p1a: Soresu
|-damage|p1a: Soresu|37/100
|move|p1a: Soresu|U-turn|p2a: Meowscarada
|-supereffective|p2a: Meowscarada
|-damage|p2a: Meowscarada|0 fnt
|faint|p2a: Meowscarada
|
|t:|1743826601
|switch|p1a: Makashi|Greninja, F, shiny|100/100|[from] U-turn
|
|upkeep
|c|☆Weeb_Access|gg
|
|t:|1743826605
|switch|p2a: Glimmora|Glimmora, F|48/100
|turn|19
|c|☆ejb14q|gg
|
|t:|1743826611
|move|p1a: Makashi|Surf|p2a: Glimmora
|-start|p1a: Makashi|typechange|Water|[from] ability: Protean
|-supereffective|p2a: Glimmora
|-damage|p2a: Glimmora|0 fnt
|faint|p2a: Glimmora
|
|win|Weeb_Access
|raw|Weeb_Access's rating: 1209 &rarr; <strong>1235</strong><br />(+26 for winning)
|raw|ejb14q's rating: 1217 &rarr; <strong>1191</strong><br />(-26 for losing)
|l|☆ejb14q
|player|p2|
|l|☆Weeb_Access
|player|p1|
