|j|☆slk n compensa
|j|☆vngsth
|t:|1743921426
|gametype|singles
|player|p1|slk n compensa|lady|1202
|player|p2|vngsth|1|1171
|teamsize|p1|6
|teamsize|p2|6
|gen|9
|tier|[Gen 9] OU
|rated|
|rule|HP Percentage Mod: HP is shown in percentages
|rule|Endless Battle Clause: Forcing endless battles is banned
|rule|Species Clause: Limit one of each Pokémon
|rule|OHKO Clause: OHKO moves are banned
|rule|Evasion Items Clause: Evasion items are banned
|rule|Evasion Moves Clause: Evasion moves are banned
|rule|Sleep Moves Clause: Sleep-inducing moves are banned
|clearpoke
|poke|p1|Tauros-Paldea-Blaze, M|
|poke|p1|Kingambit, M|
|poke|p1|Ting-Lu|
|poke|p1|Pecharunt|
|poke|p1|Ogerpon-Wellspring, F|
|poke|p1|Great Tusk|
|poke|p2|Breloom, M|
|poke|p2|Goodra-Hisui, M|
|poke|p2|Rotom-Wash|
|poke|p2|Iron Moth|
|poke|p2|Gardevoir, F|
|poke|p2|Great Tusk|
|teampreview
|inactive|Battle timer is ON: inactive players will automatically lose when time's up. (requested by vngsth)
|
|t:|1743921436
|start
|switch|p1a: Ting-Lu|Ting-Lu|100/100
|switch|p2a: BreDOOM|Breloom, M|100/100
|-ability|p1a: Ting-Lu|Vessel of Ruin
|turn|1
|
|t:|1743921446
|-terastallize|p1a: Ting-Lu|Ghost
|move|p2a: BreDOOM|Swords Dance|p2a: BreDOOM
|-boost|p2a: BreDOOM|atk|2
|move|p1a: Ting-Lu|Stealth Rock|p2a: BreDOOM
|-sidestart|p2: vngsth|move: Stealth Rock
|
|upkeep
|turn|2
|
|t:|1743921451
|move|p2a: BreDOOM|Bullet Seed|p1a: Ting-Lu
|-damage|p1a: Ting-Lu|80/100
|-damage|p1a: Ting-Lu|58/100
|-hitcount|p1a: Ting-Lu|2
|move|p1a: Ting-Lu|Whirlwind|p2a: BreDOOM
|drag|p2a: Majin Guu|Goodra-Hisui, M|100/100
|-damage|p2a: Majin Guu|94/100|[from] Stealth Rock
|
|-heal|p1a: Ting-Lu|64/100|[from] item: Leftovers
|upkeep
|turn|3
|
|t:|1743921462
|move|p2a: Majin Guu|Curse|p2a: Majin Guu
|-unboost|p2a: Majin Guu|spe|1
|-boost|p2a: Majin Guu|atk|1
|-boost|p2a: Majin Guu|def|1
|move|p1a: Ting-Lu|Ruination|p2a: Majin Guu
|-damage|p2a: Majin Guu|47/100
|
|-heal|p1a: Ting-Lu|70/100|[from] item: Leftovers
|upkeep
|turn|4
|
|t:|1743921487
|switch|p1a: Pecharunt|Pecharunt|100/100
|move|p2a: Majin Guu|Dragon Tail|p1a: Pecharunt
|-damage|p1a: Pecharunt|79/100
|drag|p1a: Great Tusk|Great Tusk|100/100
|
|upkeep
|turn|5
|
|t:|1743921500
|move|p1a: Great Tusk|Headlong Rush|p2a: Majin Guu
|-supereffective|p2a: Majin Guu
|-damage|p2a: Majin Guu|0 fnt
|-unboost|p1a: Great Tusk|def|1
|-unboost|p1a: Great Tusk|spd|1
|faint|p2a: Majin Guu
|
|upkeep
|
|t:|1743921505
|switch|p2a: BreDOOM|Breloom, M|100/100
|-damage|p2a: BreDOOM|94/100|[from] Stealth Rock
|turn|6
|
|t:|1743921515
|-end|p1a: Great Tusk|Protosynthesis|[silent]
|switch|p1a: Tauros|Tauros-Paldea-Blaze, M|100/100
|-ability|p1a: Tauros|Intimidate|boost
|-unboost|p2a: BreDOOM|atk|1
|move|p2a: BreDOOM|Bullet Seed|p1a: Tauros
|-resisted|p1a: Tauros
|-damage|p1a: Tauros|93/100
|-resisted|p1a: Tauros
|-damage|p1a: Tauros|86/100
|-resisted|p1a: Tauros
|-damage|p1a: Tauros|79/100
|-hitcount|p1a: Tauros|3
|
|upkeep
|turn|7
|
|t:|1743921532
|move|p1a: Tauros|Close Combat|p2a: BreDOOM
|-damage|p2a: BreDOOM|0 fnt
|-unboost|p1a: Tauros|def|1
|-unboost|p1a: Tauros|spd|1
|faint|p2a: BreDOOM
|
|upkeep
|
|t:|1743921552
|switch|p2a: Morningstar|Iron Moth|100/100
|turn|8
|
|t:|1743921566
|switch|p1a: Ting-Lu|Ting-Lu, tera:Ghost|70/100
|-ability|p1a: Ting-Lu|Vessel of Ruin
|move|p2a: Morningstar|Air Slash|p1a: Ting-Lu
|-damage|p1a: Ting-Lu|59/100
|
|-heal|p1a: Ting-Lu|65/100|[from] item: Leftovers
|upkeep
|turn|9
|
|t:|1743921574
|-end|p2a: Morningstar|Quark Drive|[silent]
|switch|p2a: Tusk Til Tawn|Great Tusk|100/100
|-damage|p2a: Tusk Til Tawn|97/100|[from] Stealth Rock
|move|p1a: Ting-Lu|Ruination|p2a: Tusk Til Tawn
|-damage|p2a: Tusk Til Tawn|49/100
|
|-heal|p1a: Ting-Lu|72/100|[from] item: Leftovers
|upkeep
|turn|10
|
|t:|1743921589
|switch|p1a: Ogerpon|Ogerpon-Wellspring, F|100/100
|move|p2a: Tusk Til Tawn|Knock Off|p1a: Ogerpon
|-damage|p1a: Ogerpon|74/100
|
|upkeep
|turn|11
|
|t:|1743921601
|move|p1a: Ogerpon|Ivy Cudgel|p2a: Tusk Til Tawn|[anim] Ivy Cudgel Water
|-supereffective|p2a: Tusk Til Tawn
|-crit|p2a: Tusk Til Tawn
|-damage|p2a: Tusk Til Tawn|0 fnt
|faint|p2a: Tusk Til Tawn
|-end|p2a: Tusk Til Tawn|Protosynthesis|[silent]
|
|upkeep
|
|t:|1743921607
|switch|p2a: Morningstar|Iron Moth|100/100
|turn|12
|
|t:|1743921613
|-terastallize|p2a: Morningstar|Grass
|move|p1a: Ogerpon|Ivy Cudgel|p2a: Morningstar|[anim] Ivy Cudgel Water
|-resisted|p2a: Morningstar
|-damage|p2a: Morningstar|52/100
|move|p2a: Morningstar|Sludge Wave|p1a: Ogerpon
|-supereffective|p1a: Ogerpon
|-damage|p1a: Ogerpon|0 fnt
|faint|p1a: Ogerpon
|
|upkeep
|
|t:|1743921642
|switch|p1a: Ting-Lu|Ting-Lu, tera:Ghost|72/100
|-ability|p1a: Ting-Lu|Vessel of Ruin
|turn|13
|
|t:|1743921657
|move|p2a: Morningstar|Sludge Wave|p1a: Ting-Lu
|-resisted|p1a: Ting-Lu
|-crit|p1a: Ting-Lu
|-damage|p1a: Ting-Lu|56/100
|move|p1a: Ting-Lu|Ruination|p2a: Morningstar
|-damage|p2a: Morningstar|26/100
|
|-heal|p1a: Ting-Lu|62/100|[from] item: Leftovers
|upkeep
|turn|14
|
|t:|1743921666
|-end|p2a: Morningstar|Quark Drive|[silent]
|switch|p2a: Mr. Clean|Rotom-Wash|100/100
|-damage|p2a: Mr. Clean|88/100|[from] Stealth Rock
|move|p1a: Ting-Lu|Whirlwind|p2a: Mr. Clean
|drag|p2a: Hermione|Gardevoir, F|100/100
|-damage|p2a: Hermione|88/100|[from] Stealth Rock
|-ability|p2a: Hermione|Vessel of Ruin
|-ability|p2a: Hermione|Vessel of Ruin|[from] ability: Trace|[of] p1a: Ting-Lu
|
|-heal|p2a: Hermione|94/100|[from] item: Leftovers
|-heal|p1a: Ting-Lu|68/100|[from] item: Leftovers
|upkeep
|turn|15
|
|t:|1743921680
|move|p2a: Hermione|Calm Mind|p2a: Hermione
|-boost|p2a: Hermione|spa|1
|-boost|p2a: Hermione|spd|1
|move|p1a: Ting-Lu|Ruination|p2a: Hermione
|-damage|p2a: Hermione|48/100
|
|-heal|p2a: Hermione|54/100|[from] item: Leftovers
|-heal|p1a: Ting-Lu|75/100|[from] item: Leftovers
|upkeep
|turn|16
|
|t:|1743921688
|move|p2a: Hermione|Draining Kiss|p1a: Ting-Lu
|-damage|p1a: Ting-Lu|53/100
|-heal|p2a: Hermione|78/100|[from] drain|[of] p1a: Ting-Lu
|move|p1a: Ting-Lu|Whirlwind|p2a: Hermione
|drag|p2a: Morningstar|Iron Moth, tera:Grass|26/100
|
|-heal|p1a: Ting-Lu|59/100|[from] item: Leftovers
|upkeep
|turn|17
|
|t:|1743921699
|move|p2a: Morningstar|Fiery Dance|p1a: Ting-Lu
|-damage|p1a: Ting-Lu|44/100
|move|p1a: Ting-Lu|Earthquake|p2a: Morningstar
|-resisted|p2a: Morningstar
|-damage|p2a: Morningstar|0 fnt
|faint|p2a: Morningstar
|-end|p2a: Morningstar|Quark Drive|[silent]
|
|-heal|p1a: Ting-Lu|50/100|[from] item: Leftovers
|upkeep
|
|t:|1743921704
|switch|p2a: Mr. Clean|Rotom-Wash|88/100
|-damage|p2a: Mr. Clean|76/100|[from] Stealth Rock
|turn|18
|
|t:|1743921709
|move|p2a: Mr. Clean|Trick|p1a: Ting-Lu
|-activate|p2a: Mr. Clean|move: Trick|[of] p1a: Ting-Lu
|-item|p1a: Ting-Lu|Choice Scarf|[from] move: Trick
|-item|p2a: Mr. Clean|Leftovers|[from] move: Trick
|move|p1a: Ting-Lu|Ruination|p2a: Mr. Clean|[miss]
|-miss|p1a: Ting-Lu|p2a: Mr. Clean
|
|-heal|p2a: Mr. Clean|82/100|[from] item: Leftovers
|upkeep
|turn|19
|
|t:|1743921715
|move|p2a: Mr. Clean|Hydro Pump|p1a: Ting-Lu
|-damage|p1a: Ting-Lu|29/100
|move|p1a: Ting-Lu|Ruination|p2a: Mr. Clean
|-damage|p2a: Mr. Clean|41/100
|
|-heal|p2a: Mr. Clean|47/100|[from] item: Leftovers
|upkeep
|turn|20
|
|t:|1743921723
|switch|p1a: Pecharunt|Pecharunt|79/100
|move|p2a: Mr. Clean|Hydro Pump|p1a: Pecharunt
|-damage|p1a: Pecharunt|25/100
|
|-heal|p2a: Mr. Clean|54/100|[from] item: Leftovers
|upkeep
|turn|21
|
|t:|1743921734
|move|p2a: Mr. Clean|Thunderbolt|p1a: Pecharunt
|-damage|p1a: Pecharunt|0 fnt
|faint|p1a: Pecharunt
|
|-heal|p2a: Mr. Clean|60/100|[from] item: Leftovers
|upkeep
|
|t:|1743921745
|switch|p1a: Kingambit|Kingambit, M|100/100
|-activate|p1a: Kingambit|ability: Supreme Overlord
|-start|p1a: Kingambit|fallen2|[silent]
|-item|p1a: Kingambit|Air Balloon
|turn|22
|
|t:|1743921751
|move|p2a: Mr. Clean|Will-O-Wisp|p1a: Kingambit
|-status|p1a: Kingambit|brn
|move|p1a: Kingambit|Swords Dance|p1a: Kingambit
|-boost|p1a: Kingambit|atk|2
|
|-heal|p2a: Mr. Clean|66/100|[from] item: Leftovers
|-damage|p1a: Kingambit|94/100 brn|[from] brn
|upkeep
|turn|23
|
|t:|1743921758
|move|p2a: Mr. Clean|Hydro Pump|p1a: Kingambit
|-damage|p1a: Kingambit|34/100 brn
|-enditem|p1a: Kingambit|Air Balloon
|move|p1a: Kingambit|Swords Dance|p1a: Kingambit
|-boost|p1a: Kingambit|atk|2
|
|-heal|p2a: Mr. Clean|72/100|[from] item: Leftovers
|-damage|p1a: Kingambit|27/100 brn|[from] brn
|upkeep
|turn|24
|
|t:|1743921765
|move|p1a: Kingambit|Sucker Punch|p2a: Mr. Clean
|-damage|p2a: Mr. Clean|0 fnt
|faint|p2a: Mr. Clean
|
|-damage|p1a: Kingambit|21/100 brn|[from] brn
|upkeep
|
|t:|1743921767
|switch|p2a: Hermione|Gardevoir, F|78/100
|-damage|p2a: Hermione|66/100|[from] Stealth Rock
|-activate|p2a: Hermione|ability: Supreme Overlord
|-start|p2a: Hermione|fallen5|[silent]
|-ability|p2a: Hermione|Supreme Overlord|[from] ability: Trace|[of] p1a: Kingambit
|turn|25
|
|t:|1743921771
|move|p1a: Kingambit|Sucker Punch||[still]
|-fail|p1a: Kingambit
|move|p2a: Hermione|Calm Mind|p2a: Hermione
|-boost|p2a: Hermione|spa|1
|-boost|p2a: Hermione|spd|1
|
|-heal|p2a: Hermione|72/100|[from] item: Leftovers
|-damage|p1a: Kingambit|15/100 brn|[from] brn
|upkeep
|turn|26
|
|t:|1743921779
|move|p1a: Kingambit|Kowtow Cleave|p2a: Hermione
|-crit|p2a: Hermione
|-damage|p2a: Hermione|0 fnt
|faint|p2a: Hermione
|-end|p2a: Hermione|fallen5|[silent]
|
|win|slk n compensa
|raw|slk n compensa's rating: 1202 &rarr; <strong>1225</strong><br />(+23 for winning)
|raw|vngsth's rating: 1171 &rarr; <strong>1148</strong><br />(-23 for losing)
|l|☆vngsth
|player|p2|
|l|☆slk n compensa
|player|p1|
