|j|‽brockscousinpatty
|j|☆dan melon
|t:|1743823011
|gametype|singles
|player|p1|brockscousinpatty|169|1358
|player|p2|dan melon|colress|1358
|teamsize|p1|6
|teamsize|p2|6
|gen|9
|tier|[Gen 9] OU
|rated|
|rule|HP Percentage Mod: HP is shown in percentages
|rule|Endless Battle Clause: Forcing endless battles is banned
|rule|Species Clause: Limit one of each Pokémon
|rule|OHKO Clause: OHKO moves are banned
|rule|Evasion Items Clause: Evasion items are banned
|rule|Evasion Moves Clause: Evasion moves are banned
|rule|Sleep Moves Clause: Sleep-inducing moves are banned
|clearpoke
|poke|p1|Cloyster, M|
|poke|p1|Gengar, F|
|poke|p1|Lycanroc-Dusk, M|
|poke|p1|Whimsicott, M|
|poke|p1|Scizor, F|
|poke|p1|Polteageist|
|poke|p2|Pelipper, M|
|poke|p2|Barraskewda, F|
|poke|p2|Indeedee, M|
|poke|p2|Iron Treads|
|poke|p2|Golduck, F|
|poke|p2|Kingdra, F|
|teampreview
|inactive|Battle timer is ON: inactive players will automatically lose when time's up. (requested by dan melon)
|
|t:|1743823025
|start
|switch|p1a: Whimsicott|Whimsicott, M|100/100
|switch|p2a: Barraskewda|Barraskewda, F|100/100
|turn|1
|inactive|brockscousinpatty has 120 seconds left.
|
|t:|1743823059
|switch|p2a: Indeedee|Indeedee, M|100/100
|-fieldstart|move: Psychic Terrain|[from] ability: Psychic Surge|[of] p2a: Indeedee
|move|p1a: Whimsicott|Stun Spore|p2a: Indeedee
|-activate|p2a: Indeedee|move: Psychic Terrain
|
|upkeep
|turn|2
|
|t:|1743823066
|move|p1a: Whimsicott|Light Screen|p1a: Whimsicott
|-sidestart|p1: brockscousinpatty|move: Light Screen
|move|p2a: Indeedee|Expanding Force|p1a: Whimsicott
|-crit|p1a: Whimsicott
|-damage|p1a: Whimsicott|9/100
|
|upkeep
|turn|3
|
|t:|1743823079
|move|p1a: Whimsicott|Memento|p2a: Indeedee
|-activate|p2a: Indeedee|move: Psychic Terrain
|move|p2a: Indeedee|Expanding Force|p1a: Whimsicott
|-damage|p1a: Whimsicott|0 fnt
|faint|p1a: Whimsicott
|
|upkeep
|
|t:|1743823081
|switch|p1a: Gengar|Gengar, F|100/100
|turn|4
|
|t:|1743823093
|move|p1a: Gengar|Icy Wind|p2a: Indeedee|[miss]
|-miss|p1a: Gengar|p2a: Indeedee
|move|p2a: Indeedee|Expanding Force|p1a: Gengar
|-supereffective|p1a: Gengar
|-enditem|p1a: Gengar|Focus Sash
|-damage|p1a: Gengar|1/100
|-start|p2a: Indeedee|Disable|Expanding Force|[from] ability: Cursed Body|[of] p1a: Gengar
|
|upkeep
|turn|5
|c|☆dan melon|... what
|
|t:|1743823111
|move|p1a: Gengar|Destiny Bond|p1a: Gengar
|-singlemove|p1a: Gengar|Destiny Bond
|move|p2a: Indeedee|Psyshock|p1a: Gengar
|-supereffective|p1a: Gengar
|-damage|p1a: Gengar|0 fnt
|faint|p1a: Gengar
|-activate|p1a: Gengar|move: Destiny Bond
|faint|p2a: Indeedee
|
|upkeep
|
|t:|1743823125
|switch|p1a: Cloyster|Cloyster, M|100/100
|switch|p2a: Pelipper|Pelipper, M|100/100
|-weather|RainDance|[from] ability: Drizzle|[of] p2a: Pelipper
|turn|6
|
|t:|1743823135
|move|p1a: Cloyster|Shell Smash|p1a: Cloyster
|-unboost|p1a: Cloyster|def|1
|-unboost|p1a: Cloyster|spd|1
|-boost|p1a: Cloyster|atk|2
|-boost|p1a: Cloyster|spa|2
|-boost|p1a: Cloyster|spe|2
|move|p2a: Pelipper|U-turn|p1a: Cloyster
|-damage|p1a: Cloyster|89/100
|
|t:|1743823139
|switch|p2a: Barraskewda|Barraskewda, F|100/100|[from] U-turn
|
|-weather|RainDance|[upkeep]
|-sideend|p1: brockscousinpatty|move: Light Screen
|upkeep
|turn|7
|
|t:|1743823143
|move|p2a: Barraskewda|Close Combat|p1a: Cloyster
|-supereffective|p1a: Cloyster
|-damage|p1a: Cloyster|0 fnt
|-unboost|p2a: Barraskewda|def|1
|-unboost|p2a: Barraskewda|spd|1
|faint|p1a: Cloyster
|-damage|p2a: Barraskewda|91/100|[from] item: Life Orb
|
|-weather|RainDance|[upkeep]
|upkeep
|
|t:|1743823157
|switch|p1a: Polteageist|Polteageist|100/100
|turn|8
|
|t:|1743823166
|move|p2a: Barraskewda|Flip Turn|p1a: Polteageist
|-enditem|p1a: Polteageist|Focus Sash
|-damage|p1a: Polteageist|1/100
|-ability|p1a: Polteageist|Weak Armor|boost
|-unboost|p1a: Polteageist|def|1
|-boost|p1a: Polteageist|spe|2
|-damage|p2a: Barraskewda|81/100|[from] item: Life Orb
|inactive|dan melon has 120 seconds left.
|
|t:|1743823225
|switch|p2a: Kingdra|Kingdra, F|100/100|[from] Flip Turn
|move|p1a: Polteageist|Shell Smash|p1a: Polteageist
|-unboost|p1a: Polteageist|def|1
|-unboost|p1a: Polteageist|spd|1
|-boost|p1a: Polteageist|atk|2
|-boost|p1a: Polteageist|spa|2
|-boost|p1a: Polteageist|spe|2
|
|-weather|RainDance|[upkeep]
|-fieldend|move: Psychic Terrain
|upkeep
|turn|9
|
|t:|1743823234
|move|p1a: Polteageist|Stored Power|p2a: Kingdra
|-damage|p2a: Kingdra|0 fnt
|faint|p2a: Kingdra
|
|-weather|RainDance|[upkeep]
|upkeep
|
|t:|1743823238
|switch|p2a: Barraskewda|Barraskewda, F|81/100
|turn|10
|
|t:|1743823245
|move|p2a: Barraskewda|Waterfall|p1a: Polteageist
|-damage|p1a: Polteageist|0 fnt
|faint|p1a: Polteageist
|-damage|p2a: Barraskewda|71/100|[from] item: Life Orb
|
|-weather|RainDance|[upkeep]
|upkeep
|
|t:|1743823251
|switch|p1a: Lycanroc|Lycanroc-Dusk, M|100/100
|turn|11
|
|t:|1743823260
|move|p2a: Barraskewda|Flip Turn|p1a: Lycanroc
|-supereffective|p1a: Lycanroc
|-enditem|p1a: Lycanroc|Focus Sash
|-damage|p1a: Lycanroc|1/100
|-damage|p2a: Barraskewda|61/100|[from] item: Life Orb
|
|t:|1743823268
|switch|p2a: Golduck|Golduck, F|100/100|[from] Flip Turn
|move|p1a: Lycanroc|Swords Dance|p1a: Lycanroc
|-boost|p1a: Lycanroc|atk|2
|
|-weather|RainDance|[upkeep]
|upkeep
|turn|12
|
|t:|1743823281
|move|p1a: Lycanroc|Sucker Punch|p2a: Golduck
|-damage|p2a: Golduck|6/100
|move|p2a: Golduck|Psyshock|p1a: Lycanroc
|-damage|p1a: Lycanroc|0 fnt
|faint|p1a: Lycanroc
|-damage|p2a: Golduck|0 fnt|[from] item: Life Orb
|faint|p2a: Golduck
|
|-weather|RainDance|[upkeep]
|upkeep
|inactive|dan melon has 120 seconds left.
|
|t:|1743823302
|switch|p1a: Scizor|Scizor, F|100/100
|switch|p2a: Barraskewda|Barraskewda, F|61/100
|turn|13
|c|☆dan melon|gg i think
|inactive|brockscousinpatty has 120 seconds left.
|inactive|brockscousinpatty has 90 seconds left.
|inactive|brockscousinpatty has 60 seconds left.
|c|☆dan melon|bro
|inactive|brockscousinpatty has 30 seconds left.
|c|☆dan melon|damn lol
|inactive|brockscousinpatty has 20 seconds left.
|inactive|brockscousinpatty has 15 seconds left.
|inactive|brockscousinpatty has 10 seconds left.
|inactive|brockscousinpatty has 5 seconds left.
|-message|brockscousinpatty lost due to inactivity.
|
|win|dan melon
|raw|brockscousinpatty's rating: 1340 &rarr; <strong>1321</strong><br />(-19 for losing)
|raw|dan melon's rating: 1358 &rarr; <strong>1377</strong><br />(+19 for winning)
|l|☆dan melon
|player|p2|
