|j|☆medicang
|j|☆a jellyfish
|t:|1743799508
|gametype|singles
|player|p1|medicang|workerice|1500
|player|p2|a jellyfish|fisherman-gen4|1552
|teamsize|p1|6
|teamsize|p2|6
|gen|9
|tier|[Gen 9] OU
|rated|
|rule|HP Percentage Mod: HP is shown in percentages
|rule|Endless Battle Clause: Forcing endless battles is banned
|rule|Species Clause: Limit one of each Pokémon
|rule|OHKO Clause: OHKO moves are banned
|rule|Evasion Items Clause: Evasion items are banned
|rule|Evasion Moves Clause: Evasion moves are banned
|rule|Sleep Moves Clause: Sleep-inducing moves are banned
|clearpoke
|poke|p1|Garganacl, M|
|poke|p1|Weezing-Galar, F|
|poke|p1|Corviknight, M|
|poke|p1|Dragapult, M|
|poke|p1|Slowking-Galar, M|
|poke|p1|Samurott-Hisui, F|
|poke|p2|Indeedee-F, F|
|poke|p2|Kingambit, F|
|poke|p2|Polteageist-Antique|
|poke|p2|Cinderace, M|
|poke|p2|Raging Bolt|
|poke|p2|Corviknight, F|
|teampreview
|inactive|Battle timer is ON: inactive players will automatically lose when time's up. (requested by a jellyfish)
|
|t:|1743799520
|start
|switch|p1a: Acupuncturist|Samurott-Hisui, F|100/100
|switch|p2a: Kingambit|Kingambit, F|100/100
|turn|1
|
|t:|1743799526
|-end|p2a: Kingambit|fallenundefined|[silent]
|switch|p2a: Corviknight|Corviknight, F|100/100
|-ability|p2a: Corviknight|Pressure
|move|p1a: Acupuncturist|Razor Shell|p2a: Corviknight
|-damage|p2a: Corviknight|72/100
|
|-heal|p2a: Corviknight|78/100|[from] item: Leftovers
|upkeep
|turn|2
|
|t:|1743799533
|switch|p1a: Specialist|Dragapult, M|100/100
|move|p2a: Corviknight|U-turn|p1a: Specialist
|-resisted|p1a: Specialist
|-damage|p1a: Specialist|91/100
|
|t:|1743799535
|switch|p2a: Kingambit|Kingambit, F|100/100|[from] U-turn
|
|upkeep
|turn|3
|
|t:|1743799540
|switch|p1a: Plague Doctor|Corviknight, M|100/100
|-ability|p1a: Plague Doctor|Pressure
|move|p2a: Kingambit|Kowtow Cleave|p1a: Plague Doctor
|-damage|p1a: Plague Doctor|72/100
|-damage|p2a: Kingambit|84/100|[from] item: Rocky Helmet|[of] p1a: Plague Doctor
|
|upkeep
|turn|4
|
|t:|1743799553
|switch|p1a: Dr. Garg|Garganacl, M|100/100
|-end|p2a: Kingambit|fallenundefined|[silent]
|switch|p2a: Raging Bolt|Raging Bolt|100/100
|
|upkeep
|turn|5
|
|t:|1743799562
|-terastallize|p2a: Raging Bolt|Dragon
|move|p2a: Raging Bolt|Draco Meteor|p1a: Dr. Garg
|-damage|p1a: Dr. Garg|0 fnt
|-unboost|p2a: Raging Bolt|spa|2
|faint|p1a: Dr. Garg
|
|upkeep
|
|t:|1743799569
|switch|p1a: Nurse|Weezing-Galar, F|100/100
|-ability|p1a: Nurse|Neutralizing Gas
|turn|6
|
|t:|1743799579
|-end|p2a: Raging Bolt|Protosynthesis|[silent]
|switch|p2a: Indeedee|Indeedee-F, F|100/100
|move|p1a: Nurse|Will-O-Wisp|p2a: Indeedee
|-status|p2a: Indeedee|brn
|
|-damage|p2a: Indeedee|94/100 brn|[from] brn
|upkeep
|turn|7
|
|t:|1743799594
|switch|p2a: Raging Bolt|Raging Bolt, tera:Dragon|100/100
|-end|p1a: Nurse|ability: Neutralizing Gas
|switch|p1a: Acupuncturist|Samurott-Hisui, F|100/100
|
|upkeep
|turn|8
|
|t:|1743799599
|switch|p1a: Trudeau-king|Slowking-Galar, M|100/100
|move|p2a: Raging Bolt|Volt Switch|p1a: Trudeau-king
|-damage|p1a: Trudeau-king|73/100
|
|t:|1743799602
|-end|p2a: Raging Bolt|Protosynthesis|[silent]
|switch|p2a: Kingambit|Kingambit, F|84/100|[from] Volt Switch
|
|upkeep
|turn|9
|
|t:|1743799609
|-end|p2a: Kingambit|fallenundefined|[silent]
|switch|p2a: Raging Bolt|Raging Bolt, tera:Dragon|100/100
|switch|p1a: Plague Doctor|Corviknight, M|72/100
|-ability|p1a: Plague Doctor|Pressure
|
|upkeep
|turn|10
|
|t:|1743799612
|switch|p1a: Trudeau-king|Slowking-Galar, M|100/100
|move|p2a: Raging Bolt|Draco Meteor|p1a: Trudeau-king
|-damage|p1a: Trudeau-king|41/100
|-unboost|p2a: Raging Bolt|spa|2
|
|upkeep
|turn|11
|
|t:|1743799617
|move|p2a: Raging Bolt|Draco Meteor|p1a: Trudeau-king|[miss]
|-miss|p2a: Raging Bolt|p1a: Trudeau-king
|move|p1a: Trudeau-king|Flamethrower|p2a: Raging Bolt
|-resisted|p2a: Raging Bolt
|-damage|p2a: Raging Bolt|89/100
|
|upkeep
|turn|12
|
|t:|1743799623
|move|p2a: Raging Bolt|Draco Meteor|p1a: Trudeau-king
|-damage|p1a: Trudeau-king|8/100
|-unboost|p2a: Raging Bolt|spa|2
|move|p1a: Trudeau-king|Future Sight|p2a: Raging Bolt
|-start|p1a: Trudeau-king|move: Future Sight
|
|upkeep
|turn|13
|
|t:|1743799632
|-end|p2a: Raging Bolt|Protosynthesis|[silent]
|switch|p2a: Kingambit|Kingambit, F|84/100
|switch|p1a: Nurse|Weezing-Galar, F|100/100
|-ability|p1a: Nurse|Neutralizing Gas
|
|upkeep
|turn|14
|
|t:|1743799640
|move|p2a: Kingambit|Swords Dance|p2a: Kingambit
|-boost|p2a: Kingambit|atk|2
|move|p1a: Nurse|Will-O-Wisp|p2a: Kingambit
|-status|p2a: Kingambit|brn
|-enditem|p2a: Kingambit|Lum Berry|[eat]
|-curestatus|p2a: Kingambit|brn|[msg]
|
|-end|p2a: Kingambit|move: Future Sight
|-immune|p2a: Kingambit
|upkeep
|turn|15
|
|t:|1743799653
|-terastallize|p1a: Nurse|Grass
|move|p2a: Kingambit|Iron Head|p1a: Nurse
|-damage|p1a: Nurse|35/100
|move|p1a: Nurse|Will-O-Wisp|p2a: Kingambit
|-status|p2a: Kingambit|brn
|
|-damage|p1a: Nurse|23/100|[from] item: Black Sludge
|-damage|p2a: Kingambit|78/100 brn|[from] brn
|upkeep
|turn|16
|
|t:|1743799657
|-end|p1a: Nurse|ability: Neutralizing Gas
|switch|p1a: Plague Doctor|Corviknight, M|72/100
|-ability|p1a: Plague Doctor|Pressure
|move|p2a: Kingambit|Kowtow Cleave|p1a: Plague Doctor
|-damage|p1a: Plague Doctor|42/100
|-damage|p2a: Kingambit|61/100 brn|[from] item: Rocky Helmet|[of] p1a: Plague Doctor
|
|-damage|p2a: Kingambit|55/100 brn|[from] brn
|upkeep
|turn|17
|
|t:|1743799659
|-end|p2a: Kingambit|fallenundefined|[silent]
|switch|p2a: Raging Bolt|Raging Bolt, tera:Dragon|89/100
|move|p1a: Plague Doctor|Roost|p1a: Plague Doctor
|-heal|p1a: Plague Doctor|92/100
|-singleturn|p1a: Plague Doctor|move: Roost
|
|upkeep
|turn|18
|
|t:|1743799662
|switch|p1a: Trudeau-king|Slowking-Galar, M|41/100
|move|p2a: Raging Bolt|Thunderbolt|p1a: Trudeau-king
|-damage|p1a: Trudeau-king|6/100
|
|upkeep
|turn|19
|
|t:|1743799667
|switch|p1a: Specialist|Dragapult, M|91/100
|move|p2a: Raging Bolt|Thunderbolt|p1a: Specialist
|-resisted|p1a: Specialist
|-damage|p1a: Specialist|35/100
|
|upkeep
|turn|20
|
|t:|1743799673
|-end|p2a: Raging Bolt|Protosynthesis|[silent]
|switch|p2a: Corviknight|Corviknight, F|78/100
|-ability|p2a: Corviknight|Pressure
|move|p1a: Specialist|Dragon Darts|p2a: Corviknight
|-resisted|p2a: Corviknight
|-damage|p2a: Corviknight|70/100
|-anim|p1a: Specialist|Dragon Darts|p2a: Corviknight
|-resisted|p2a: Corviknight
|-damage|p2a: Corviknight|63/100
|
|-heal|p2a: Corviknight|69/100|[from] item: Leftovers
|upkeep
|turn|21
|
|t:|1743799675
|move|p1a: Specialist|Will-O-Wisp|p2a: Corviknight|[miss]
|-miss|p1a: Specialist|p2a: Corviknight
|move|p2a: Corviknight|Brave Bird|p1a: Specialist
|-damage|p1a: Specialist|0 fnt
|faint|p1a: Specialist
|-damage|p2a: Corviknight|60/100|[from] Recoil
|
|-heal|p2a: Corviknight|67/100|[from] item: Leftovers
|upkeep
|-message|medicang forfeited.
|
|win|a jellyfish
|raw|medicang's rating: 1500 &rarr; <strong>1483</strong><br />(-17 for losing)
|raw|a jellyfish's rating: 1552 &rarr; <strong>1569</strong><br />(+17 for winning)
|l|☆medicang
|player|p1|
|l|☆a jellyfish
|player|p2|
