|j|☆YeatLover267
|j|☆LeVraiMoi
|t:|1743876954
|gametype|singles
|player|p1|YeatLover267|102|1155
|player|p2|LeVraiMoi|volo|1152
|teamsize|p1|6
|teamsize|p2|6
|gen|9
|tier|[Gen 9] OU
|rated|
|rule|HP Percentage Mod: HP is shown in percentages
|rule|Endless Battle Clause: Forcing endless battles is banned
|rule|Species Clause: Limit one of each Pokémon
|rule|OHKO Clause: OHKO moves are banned
|rule|Evasion Items Clause: Evasion items are banned
|rule|Evasion Moves Clause: Evasion moves are banned
|rule|Sleep Moves Clause: Sleep-inducing moves are banned
|clearpoke
|poke|p1|Lycanroc-Dusk, M|
|poke|p1|Chansey, F|
|poke|p1|Great Tusk|
|poke|p1|Haxorus, F|
|poke|p1|Iron Valiant|
|poke|p1|Ogerpon-Wellspring, F|
|poke|p2|Landorus-Therian, M|
|poke|p2|Gholdengo|
|poke|p2|Kingambit, F|
|poke|p2|Dragonite, F|
|poke|p2|Glimmora, F|
|poke|p2|Iron Valiant|
|teampreview
|inactive|Battle timer is ON: inactive players will automatically lose when time's up. (requested by YeatLover267)
|
|t:|1743876960
|start
|switch|p1a: Great Tusk|Great Tusk|100/100
|switch|p2a: Glimmora|Glimmora, F|100/100
|turn|1
|
|t:|1743876968
|move|p1a: Great Tusk|Earthquake|p2a: Glimmora
|-supereffective|p2a: Glimmora
|-damage|p2a: Glimmora|0 fnt
|-activate|p2a: Glimmora|ability: Toxic Debris
|-sidestart|p1: YeatLover267|move: Toxic Spikes
|faint|p2a: Glimmora
|
|upkeep
|
|t:|1743876976
|switch|p2a: Gholdengo|Gholdengo|100/100
|-item|p2a: Gholdengo|Air Balloon
|turn|2
|
|t:|1743876980
|move|p2a: Gholdengo|Nasty Plot|p2a: Gholdengo
|-boost|p2a: Gholdengo|spa|2
|move|p1a: Great Tusk|Ice Spinner|p2a: Gholdengo
|-resisted|p2a: Gholdengo
|-damage|p2a: Gholdengo|88/100
|-enditem|p2a: Gholdengo|Air Balloon
|
|upkeep
|turn|3
|
|t:|1743876991
|move|p2a: Gholdengo|Make It Rain|p1a: Great Tusk
|-damage|p1a: Great Tusk|0 fnt
|-unboost|p2a: Gholdengo|spa|1
|faint|p1a: Great Tusk
|-end|p1a: Great Tusk|Protosynthesis|[silent]
|
|upkeep
|
|t:|1743876996
|switch|p1a: Chansey|Chansey, F|100/100
|-status|p1a: Chansey|psn
|turn|4
|
|t:|1743877002
|move|p2a: Gholdengo|Nasty Plot|p2a: Gholdengo
|-boost|p2a: Gholdengo|spa|2
|move|p1a: Chansey|Stealth Rock|p2a: Gholdengo
|-sidestart|p2: LeVraiMoi|move: Stealth Rock
|
|-damage|p1a: Chansey|88/100 psn|[from] psn
|upkeep
|turn|5
|
|t:|1743877008
|-curestatus|p1a: Chansey|psn|[from] ability: Natural Cure
|switch|p1a: Ogerpon|Ogerpon-Wellspring, F|100/100
|-status|p1a: Ogerpon|psn
|move|p2a: Gholdengo|Nasty Plot|p2a: Gholdengo
|-boost|p2a: Gholdengo|spa|2
|
|-damage|p1a: Ogerpon|88/100 psn|[from] psn
|upkeep
|turn|6
|
|t:|1743877017
|-terastallize|p1a: Ogerpon|Water
|detailschange|p1a: Ogerpon|Ogerpon-Wellspring-Tera, F, tera:Water
|-ability|p1a: Ogerpon|Embody Aspect (Wellspring)|boost
|-boost|p1a: Ogerpon|spd|1
|move|p1a: Ogerpon|Ivy Cudgel|p2a: Gholdengo|[anim] Ivy Cudgel Water
|-damage|p2a: Gholdengo|0 fnt
|faint|p2a: Gholdengo
|
|-damage|p1a: Ogerpon|76/100 psn|[from] psn
|upkeep
|
|t:|1743877029
|switch|p2a: Iron Valiant|Iron Valiant|100/100
|-damage|p2a: Iron Valiant|94/100|[from] Stealth Rock
|-enditem|p2a: Iron Valiant|Booster Energy
|-activate|p2a: Iron Valiant|ability: Quark Drive|[fromitem]
|-start|p2a: Iron Valiant|quarkdrivespe
|turn|7
|
|t:|1743877035
|move|p2a: Iron Valiant|Destiny Bond|p2a: Iron Valiant
|-singlemove|p2a: Iron Valiant|Destiny Bond
|move|p1a: Ogerpon|Ivy Cudgel|p2a: Iron Valiant|[anim] Ivy Cudgel Water
|-damage|p2a: Iron Valiant|0 fnt
|faint|p2a: Iron Valiant
|-activate|p2a: Iron Valiant|move: Destiny Bond
|-end|p2a: Iron Valiant|Quark Drive|[silent]
|faint|p1a: Ogerpon
|
|upkeep
|
|t:|1743877046
|switch|p1a: Haxorus|Haxorus, F|100/100
|switch|p2a: Dragonite|Dragonite, F|100/100
|-status|p1a: Haxorus|psn
|-ability|p1a: Haxorus|Mold Breaker
|turn|8
|
|t:|1743877055
|-terastallize|p2a: Dragonite|Ground
|move|p1a: Haxorus|Scale Shot|p2a: Dragonite
|-damage|p2a: Dragonite|87/100
|-damage|p2a: Dragonite|75/100
|-damage|p2a: Dragonite|60/100
|-damage|p2a: Dragonite|46/100
|-damage|p2a: Dragonite|34/100
|-hitcount|p2a: Dragonite|5
|-unboost|p1a: Haxorus|def|1
|-boost|p1a: Haxorus|spe|1
|move|p2a: Dragonite|Dragon Dance|p2a: Dragonite
|-boost|p2a: Dragonite|atk|1
|-boost|p2a: Dragonite|spe|1
|
|-damage|p1a: Haxorus|88/100 psn|[from] psn
|upkeep
|turn|9
|
|t:|1743877070
|move|p1a: Haxorus|Close Combat|p2a: Dragonite
|-damage|p2a: Dragonite|0 fnt
|-unboost|p1a: Haxorus|def|1
|-unboost|p1a: Haxorus|spd|1
|faint|p2a: Dragonite
|
|-damage|p1a: Haxorus|76/100 psn|[from] psn
|upkeep
|
|t:|1743877079
|switch|p2a: Landorus|Landorus-Therian, M|100/100
|-ability|p2a: Landorus|Intimidate|boost
|-unboost|p1a: Haxorus|atk|1
|turn|10
|
|t:|1743877088
|move|p1a: Haxorus|Scale Shot|p2a: Landorus
|-damage|p2a: Landorus|90/100
|-damage|p2a: Landorus|81/100
|-damage|p2a: Landorus|71/100
|-damage|p2a: Landorus|61/100
|-damage|p2a: Landorus|52/100
|-hitcount|p2a: Landorus|5
|-unboost|p1a: Haxorus|def|1
|-boost|p1a: Haxorus|spe|1
|move|p2a: Landorus|Earthquake|p1a: Haxorus
|-damage|p1a: Haxorus|0 fnt
|faint|p1a: Haxorus
|
|upkeep
|
|t:|1743877093
|switch|p1a: Lycanroc|Lycanroc-Dusk, M|100/100
|-status|p1a: Lycanroc|psn
|turn|11
|
|t:|1743877108
|switch|p2a: Kingambit|Kingambit, F|100/100
|-damage|p2a: Kingambit|94/100|[from] Stealth Rock
|-activate|p2a: Kingambit|ability: Supreme Overlord
|-start|p2a: Kingambit|fallen4|[silent]
|move|p1a: Lycanroc|Play Rough|p2a: Kingambit
|-damage|p2a: Kingambit|67/100
|
|-damage|p1a: Lycanroc|88/100 psn|[from] psn
|upkeep
|turn|12
|
|t:|1743877121
|move|p2a: Kingambit|Sucker Punch|p1a: Lycanroc
|-damage|p1a: Lycanroc|0 fnt
|faint|p1a: Lycanroc
|
|upkeep
|
|t:|1743877123
|switch|p1a: Iron Valiant|Iron Valiant|100/100
|-status|p1a: Iron Valiant|psn
|-enditem|p1a: Iron Valiant|Booster Energy
|-activate|p1a: Iron Valiant|ability: Quark Drive|[fromitem]
|-start|p1a: Iron Valiant|quarkdrivespe
|turn|13
|
|t:|1743877144
|-end|p2a: Kingambit|fallen4|[silent]
|switch|p2a: Landorus|Landorus-Therian, M|52/100
|-ability|p2a: Landorus|Intimidate|boost
|-unboost|p1a: Iron Valiant|atk|1
|move|p1a: Iron Valiant|Encore||[still]
|-fail|p1a: Iron Valiant
|
|-damage|p1a: Iron Valiant|88/100 psn|[from] psn
|upkeep
|turn|14
|
|t:|1743877155
|move|p1a: Iron Valiant|Moonblast|p2a: Landorus
|-damage|p2a: Landorus|0 fnt
|faint|p2a: Landorus
|
|-damage|p1a: Iron Valiant|76/100 psn|[from] psn
|upkeep
|
|t:|1743877160
|switch|p2a: Kingambit|Kingambit, F|67/100
|-damage|p2a: Kingambit|61/100|[from] Stealth Rock
|-activate|p2a: Kingambit|ability: Supreme Overlord
|-start|p2a: Kingambit|fallen5|[silent]
|turn|15
|
|t:|1743877166
|-end|p1a: Iron Valiant|Quark Drive|[silent]
|switch|p1a: Chansey|Chansey, F|88/100
|-status|p1a: Chansey|psn
|move|p2a: Kingambit|Low Kick|p1a: Chansey
|-supereffective|p1a: Chansey
|-damage|p1a: Chansey|30/100 psn
|
|-damage|p1a: Chansey|18/100 psn|[from] psn
|upkeep
|turn|16
|
|t:|1743877174
|move|p2a: Kingambit|Swords Dance|p2a: Kingambit
|-boost|p2a: Kingambit|atk|2
|move|p1a: Chansey|Seismic Toss|p2a: Kingambit
|-damage|p2a: Kingambit|36/100
|
|-damage|p1a: Chansey|5/100 psn|[from] psn
|upkeep
|turn|17
|
|t:|1743877182
|move|p2a: Kingambit|Swords Dance|p2a: Kingambit
|-boost|p2a: Kingambit|atk|2
|move|p1a: Chansey|Seismic Toss|p2a: Kingambit
|-damage|p2a: Kingambit|12/100
|
|-damage|p1a: Chansey|0 fnt|[from] psn
|faint|p1a: Chansey
|upkeep
|
|t:|1743877184
|switch|p1a: Iron Valiant|Iron Valiant|76/100 psn
|turn|18
|
|t:|1743877191
|move|p2a: Kingambit|Sucker Punch||[still]
|-fail|p2a: Kingambit
|move|p1a: Iron Valiant|Encore|p2a: Kingambit
|-start|p2a: Kingambit|Encore
|
|-damage|p1a: Iron Valiant|63/100 psn|[from] psn
|upkeep
|turn|19
|
|t:|1743877197
|move|p2a: Kingambit|Sucker Punch||[still]
|-fail|p2a: Kingambit
|move|p1a: Iron Valiant|Encore||[still]
|-fail|p1a: Iron Valiant
|
|-damage|p1a: Iron Valiant|51/100 psn|[from] psn
|upkeep
|turn|20
|
|t:|1743877203
|move|p2a: Kingambit|Sucker Punch||[still]
|-fail|p2a: Kingambit
|move|p1a: Iron Valiant|Encore||[still]
|-fail|p1a: Iron Valiant
|
|-damage|p1a: Iron Valiant|39/100 psn|[from] psn
|upkeep
|turn|21
|
|t:|1743877208
|move|p2a: Kingambit|Sucker Punch||[still]
|-fail|p2a: Kingambit
|move|p1a: Iron Valiant|Encore||[still]
|-fail|p1a: Iron Valiant
|
|-damage|p1a: Iron Valiant|26/100 psn|[from] psn
|-end|p2a: Kingambit|Encore
|upkeep
|turn|22
|
|t:|1743877216
|move|p2a: Kingambit|Sucker Punch||[still]
|-fail|p2a: Kingambit
|move|p1a: Iron Valiant|Destiny Bond|p1a: Iron Valiant
|-singlemove|p1a: Iron Valiant|Destiny Bond
|
|-damage|p1a: Iron Valiant|14/100 psn|[from] psn
|upkeep
|turn|23
|
|t:|1743877223
|move|p2a: Kingambit|Sucker Punch|p1a: Iron Valiant
|-resisted|p1a: Iron Valiant
|-damage|p1a: Iron Valiant|0 fnt
|faint|p1a: Iron Valiant
|-activate|p1a: Iron Valiant|move: Destiny Bond
|-end|p1a: Iron Valiant|Quark Drive|[silent]
|faint|p2a: Kingambit
|-end|p2a: Kingambit|fallen5|[silent]
|
|win|LeVraiMoi
|raw|YeatLover267's rating: 1155 &rarr; <strong>1130</strong><br />(-25 for losing)
|raw|LeVraiMoi's rating: 1152 &rarr; <strong>1177</strong><br />(+25 for winning)
|l|☆YeatLover267
|player|p1|
