|j|☆Dr. Drake6782
|j|☆michaelbias
|t:|1743889474
|gametype|singles
|player|p1|Dr. Drake6782|lance-lgpe|1253
|player|p2|michaelbias|170|1211
|teamsize|p1|6
|teamsize|p2|6
|gen|9
|tier|[Gen 9] OU
|rated|
|rule|HP Percentage Mod: HP is shown in percentages
|rule|Endless Battle Clause: Forcing endless battles is banned
|rule|Species Clause: Limit one of each Pokémon
|rule|OHKO Clause: OHKO moves are banned
|rule|Evasion Items Clause: Evasion items are banned
|rule|Evasion Moves Clause: Evasion moves are banned
|rule|Sleep Moves Clause: Sleep-inducing moves are banned
|clearpoke
|poke|p1|Alomomola, F|
|poke|p1|Weezing-Galar, M|
|poke|p1|Garganacl, M|
|poke|p1|Kyurem|
|poke|p1|Ting-Lu|
|poke|p1|Ogerpon-Wellspring, F|
|poke|p2|Great Tusk|
|poke|p2|Skeledirge, F|
|poke|p2|Rotom-Wash|
|poke|p2|Dragonite, F|
|poke|p2|Cinderace, M|
|poke|p2|Gholdengo|
|teampreview
|inactive|Battle timer is ON: inactive players will automatically lose when time's up. (requested by Dr. Drake6782)
|inactive|Dr. Drake6782 has 120 seconds left.
|
|t:|1743889516
|start
|switch|p1a: Ogerpon|Ogerpon-Wellspring, F|100/100
|switch|p2a: Cinderace|Cinderace, M|100/100
|turn|1
|
|t:|1743889523
|switch|p1a: Garganacl|Garganacl, M, shiny|100/100
|move|p2a: Cinderace|U-turn|p1a: Garganacl
|-start|p2a: Cinderace|typechange|Bug|[from] ability: Libero
|-damage|p1a: Garganacl|66/100
|
|t:|1743889539
|switch|p2a: Gholdengo|Gholdengo|100/100|[from] U-turn
|
|-heal|p1a: Garganacl|73/100|[from] item: Leftovers
|upkeep
|turn|2
|
|t:|1743889561
|switch|p1a: Ogerpon|Ogerpon-Wellspring, F|100/100
|move|p2a: Gholdengo|Make It Rain|p1a: Ogerpon
|-resisted|p1a: Ogerpon
|-damage|p1a: Ogerpon|42/100
|-unboost|p2a: Gholdengo|spa|1
|
|upkeep
|turn|3
|
|t:|1743889584
|switch|p2a: Rotom|Rotom-Wash|100/100
|move|p1a: Ogerpon|Knock Off|p2a: Rotom
|-damage|p2a: Rotom|52/100
|-enditem|p2a: Rotom|Choice Scarf|[from] move: Knock Off|[of] p1a: Ogerpon
|
|upkeep
|turn|4
|
|t:|1743889593
|move|p1a: Ogerpon|U-turn|p2a: Rotom
|-damage|p2a: Rotom|15/100
|
|t:|1743889597
|switch|p1a: Weezing|Weezing-Galar, M, shiny|100/100|[from] U-turn
|-ability|p1a: Weezing|Neutralizing Gas
|move|p2a: Rotom|Will-O-Wisp|p1a: Weezing
|-status|p1a: Weezing|brn
|
|-damage|p1a: Weezing|95/100 brn|[from] brn
|upkeep
|turn|5
|
|t:|1743889612
|move|p2a: Rotom|Volt Switch|p1a: Weezing
|-damage|p1a: Weezing|50/100 brn
|
|t:|1743889633
|switch|p2a: Gholdengo|Gholdengo|100/100|[from] Volt Switch
|move|p1a: Weezing|Strange Steam|p2a: Gholdengo
|-resisted|p2a: Gholdengo
|-damage|p2a: Gholdengo|83/100
|
|-damage|p1a: Weezing|45/100 brn|[from] brn
|upkeep
|turn|6
|
|t:|1743889659
|-end|p1a: Weezing|ability: Neutralizing Gas
|switch|p1a: Alomomola|Alomomola, F|100/100
|move|p2a: Gholdengo|Trick|p1a: Alomomola
|-activate|p2a: Gholdengo|move: Trick|[of] p1a: Alomomola
|-item|p1a: Alomomola|Choice Specs|[from] move: Trick
|-item|p2a: Gholdengo|Heavy-Duty Boots|[from] move: Trick
|
|upkeep
|turn|7
|
|t:|1743889668
|move|p2a: Gholdengo|Shadow Ball|p1a: Alomomola
|-damage|p1a: Alomomola|62/100
|move|p1a: Alomomola|Wish|p1a: Alomomola
|
|upkeep
|turn|8
|
|t:|1743889678
|switch|p1a: Ogerpon|Ogerpon-Wellspring, F|42/100
|move|p2a: Gholdengo|Shadow Ball|p1a: Ogerpon
|-damage|p1a: Ogerpon|0 fnt
|faint|p1a: Ogerpon
|
|upkeep
|
|t:|1743889685
|switch|p1a: Ting-Lu|Ting-Lu|100/100
|-ability|p1a: Ting-Lu|Vessel of Ruin
|turn|9
|inactive|michaelbias has 120 seconds left.
|
|t:|1743889733
|switch|p2a: Rotom|Rotom-Wash|15/100
|move|p1a: Ting-Lu|Stealth Rock|p2a: Rotom
|-sidestart|p2: michaelbias|move: Stealth Rock
|
|upkeep
|turn|10
|
|t:|1743889741
|switch|p1a: Garganacl|Garganacl, M, shiny|73/100
|move|p2a: Rotom|Will-O-Wisp|p1a: Garganacl
|-immune|p1a: Garganacl|[from] ability: Purifying Salt
|
|-heal|p1a: Garganacl|79/100|[from] item: Leftovers
|upkeep
|turn|11
|
|t:|1743889749
|switch|p1a: Kyurem|Kyurem, shiny|100/100
|-ability|p1a: Kyurem|Pressure
|move|p2a: Rotom|Hydro Pump|p1a: Kyurem|[miss]
|-miss|p2a: Rotom|p1a: Kyurem
|
|upkeep
|turn|12
|
|t:|1743889760
|move|p1a: Kyurem|Ice Beam|p2a: Rotom
|-resisted|p2a: Rotom
|-damage|p2a: Rotom|0 fnt
|faint|p2a: Rotom
|
|upkeep
|
|t:|1743889776
|switch|p2a: Skeledirge|Skeledirge, F|100/100
|turn|13
|
|t:|1743889788
|switch|p1a: Ting-Lu|Ting-Lu|100/100
|-ability|p1a: Ting-Lu|Vessel of Ruin
|move|p2a: Skeledirge|Torch Song|p1a: Ting-Lu
|-damage|p1a: Ting-Lu|87/100
|-boost|p2a: Skeledirge|spa|1
|
|-heal|p1a: Ting-Lu|93/100|[from] item: Leftovers
|upkeep
|turn|14
|
|t:|1743889801
|move|p2a: Skeledirge|Torch Song|p1a: Ting-Lu
|-damage|p1a: Ting-Lu|74/100
|-boost|p2a: Skeledirge|spa|1
|move|p1a: Ting-Lu|Earthquake|p2a: Skeledirge
|-supereffective|p2a: Skeledirge
|-damage|p2a: Skeledirge|36/100
|
|-heal|p1a: Ting-Lu|80/100|[from] item: Leftovers
|upkeep
|turn|15
|
|t:|1743889818
|switch|p2a: Great Tusk|Great Tusk|100/100
|-damage|p2a: Great Tusk|98/100|[from] Stealth Rock
|move|p1a: Ting-Lu|Earthquake|p2a: Great Tusk
|-damage|p2a: Great Tusk|81/100
|
|-heal|p1a: Ting-Lu|87/100|[from] item: Leftovers
|upkeep
|turn|16
|
|t:|1743889838
|switch|p1a: Kyurem|Kyurem, shiny|100/100
|-ability|p1a: Kyurem|Pressure
|move|p2a: Great Tusk|Rapid Spin|p1a: Kyurem
|-damage|p1a: Kyurem|85/100
|-boost|p2a: Great Tusk|spe|1
|-sideend|p2: michaelbias|Stealth Rock|[from] move: Rapid Spin|[of] p2a: Great Tusk
|
|upkeep
|turn|17
|c|☆Dr. Drake6782|bruh
|
|t:|1743889852
|-end|p2a: Great Tusk|Protosynthesis|[silent]
|switch|p2a: Gholdengo|Gholdengo|83/100
|move|p1a: Kyurem|Ice Beam|p2a: Gholdengo
|-resisted|p2a: Gholdengo
|-damage|p2a: Gholdengo|54/100
|
|upkeep
|turn|18
|
|t:|1743889865
|switch|p1a: Ting-Lu|Ting-Lu|87/100
|-ability|p1a: Ting-Lu|Vessel of Ruin
|move|p2a: Gholdengo|Make It Rain|p1a: Ting-Lu
|-damage|p1a: Ting-Lu|61/100
|-unboost|p2a: Gholdengo|spa|1
|
|-heal|p1a: Ting-Lu|67/100|[from] item: Leftovers
|upkeep
|turn|19
|inactive|michaelbias has 90 seconds left.
|
|t:|1743889885
|switch|p2a: Dragonite|Dragonite, F|100/100
|move|p1a: Ting-Lu|Stealth Rock|p2a: Dragonite
|-sidestart|p2: michaelbias|move: Stealth Rock
|
|-heal|p1a: Ting-Lu|73/100|[from] item: Leftovers
|upkeep
|turn|20
|inactive|michaelbias has 90 seconds left.
|
|t:|1743889903
|move|p2a: Dragonite|Dragon Dance|p2a: Dragonite
|-boost|p2a: Dragonite|atk|1
|-boost|p2a: Dragonite|spe|1
|move|p1a: Ting-Lu|Ruination|p2a: Dragonite
|-damage|p2a: Dragonite|51/100
|
|-heal|p1a: Ting-Lu|80/100|[from] item: Leftovers
|upkeep
|turn|21
|
|t:|1743889912
|move|p2a: Dragonite|Roost|p2a: Dragonite
|-heal|p2a: Dragonite|100/100
|-singleturn|p2a: Dragonite|move: Roost
|move|p1a: Ting-Lu|Whirlwind|p2a: Dragonite
|drag|p2a: Great Tusk|Great Tusk|81/100
|-damage|p2a: Great Tusk|78/100|[from] Stealth Rock
|
|-heal|p1a: Ting-Lu|86/100|[from] item: Leftovers
|upkeep
|turn|22
|
|t:|1743889923
|switch|p1a: Kyurem|Kyurem, shiny|85/100
|-ability|p1a: Kyurem|Pressure
|move|p2a: Great Tusk|Rapid Spin|p1a: Kyurem
|-damage|p1a: Kyurem|72/100
|-boost|p2a: Great Tusk|spe|1
|-sideend|p2: michaelbias|Stealth Rock|[from] move: Rapid Spin|[of] p2a: Great Tusk
|
|upkeep
|turn|23
|
|t:|1743889932
|move|p1a: Kyurem|Ice Beam|p2a: Great Tusk
|-supereffective|p2a: Great Tusk
|-damage|p2a: Great Tusk|0 fnt
|faint|p2a: Great Tusk
|-end|p2a: Great Tusk|Protosynthesis|[silent]
|
|upkeep
|
|t:|1743889941
|switch|p2a: Gholdengo|Gholdengo|54/100
|turn|24
|
|t:|1743889946
|switch|p1a: Ting-Lu|Ting-Lu|86/100
|-ability|p1a: Ting-Lu|Vessel of Ruin
|switch|p2a: Cinderace|Cinderace, M|100/100
|
|-heal|p1a: Ting-Lu|92/100|[from] item: Leftovers
|upkeep
|turn|25
|
|t:|1743889957
|move|p2a: Cinderace|High Jump Kick|p1a: Ting-Lu
|-start|p2a: Cinderace|typechange|Fighting|[from] ability: Libero
|-supereffective|p1a: Ting-Lu
|-damage|p1a: Ting-Lu|0 fnt
|faint|p1a: Ting-Lu
|
|upkeep
|
|t:|1743889962
|switch|p1a: Kyurem|Kyurem, shiny|72/100
|-ability|p1a: Kyurem|Pressure
|turn|26
|
|t:|1743889969
|switch|p1a: Weezing|Weezing-Galar, M, shiny|45/100 brn
|-ability|p1a: Weezing|Neutralizing Gas
|move|p2a: Cinderace|High Jump Kick|p1a: Weezing
|-resisted|p1a: Weezing
|-damage|p1a: Weezing|30/100 brn
|
|-damage|p1a: Weezing|24/100 brn|[from] brn
|upkeep
|turn|27
|
|t:|1743889980
|switch|p2a: Gholdengo|Gholdengo|54/100
|move|p1a: Weezing|Pain Split|p2a: Gholdengo
|-sethp|p2a: Gholdengo|40/100|[from] move: Pain Split|[silent]
|-sethp|p1a: Weezing|37/100 brn|[from] move: Pain Split
|
|-damage|p1a: Weezing|31/100 brn|[from] brn
|upkeep
|turn|28
|
|t:|1743889996
|-end|p1a: Weezing|ability: Neutralizing Gas
|switch|p1a: Alomomola|Alomomola, F|96/100
|move|p2a: Gholdengo|Shadow Ball|p1a: Alomomola
|-damage|p1a: Alomomola|60/100
|
|upkeep
|turn|29
|
|t:|1743890002
|move|p2a: Gholdengo|Shadow Ball|p1a: Alomomola
|-damage|p1a: Alomomola|21/100
|-unboost|p1a: Alomomola|spd|1
|move|p1a: Alomomola|Flip Turn|p2a: Gholdengo
|-damage|p2a: Gholdengo|22/100
|
|t:|1743890005
|switch|p1a: Kyurem|Kyurem, shiny|72/100|[from] Flip Turn
|-ability|p1a: Kyurem|Pressure
|
|upkeep
|turn|30
|
|t:|1743890018
|move|p1a: Kyurem|Ice Beam|p2a: Gholdengo
|-resisted|p2a: Gholdengo
|-damage|p2a: Gholdengo|0 fnt
|faint|p2a: Gholdengo
|
|upkeep
|
|t:|1743890027
|switch|p2a: Cinderace|Cinderace, M|100/100
|turn|31
|
|t:|1743890030
|switch|p1a: Weezing|Weezing-Galar, M, shiny|31/100 brn
|-ability|p1a: Weezing|Neutralizing Gas
|move|p2a: Cinderace|High Jump Kick|p1a: Weezing
|-resisted|p1a: Weezing
|-damage|p1a: Weezing|22/100 brn
|
|-damage|p1a: Weezing|16/100 brn|[from] brn
|upkeep
|turn|32
|
|t:|1743890051
|move|p2a: Cinderace|High Jump Kick|p1a: Weezing
|-resisted|p1a: Weezing
|-damage|p1a: Weezing|5/100 brn
|move|p1a: Weezing|Pain Split|p2a: Cinderace
|-sethp|p2a: Cinderace|53/100|[from] move: Pain Split|[silent]
|-sethp|p1a: Weezing|48/100 brn|[from] move: Pain Split
|
|-damage|p1a: Weezing|42/100 brn|[from] brn
|upkeep
|turn|33
|
|t:|1743890064
|switch|p2a: Skeledirge|Skeledirge, F|36/100
|move|p1a: Weezing|Strange Steam|p2a: Skeledirge
|-resisted|p2a: Skeledirge
|-damage|p2a: Skeledirge|26/100
|
|-damage|p1a: Weezing|36/100 brn|[from] brn
|upkeep
|turn|34
|
|t:|1743890073
|-end|p1a: Weezing|ability: Neutralizing Gas
|switch|p1a: Kyurem|Kyurem, shiny|72/100
|-ability|p1a: Kyurem|Pressure
|move|p2a: Skeledirge|Slack Off|p2a: Skeledirge
|-heal|p2a: Skeledirge|76/100
|
|upkeep
|turn|35
|
|t:|1743890096
|switch|p2a: Dragonite|Dragonite, F|100/100
|move|p1a: Kyurem|Draco Meteor|p2a: Dragonite
|-supereffective|p2a: Dragonite
|-damage|p2a: Dragonite|27/100
|-unboost|p1a: Kyurem|spa|2
|
|upkeep
|turn|36
|
|t:|1743890110
|-terastallize|p2a: Dragonite|Normal
|move|p1a: Kyurem|Draco Meteor|p2a: Dragonite
|-damage|p2a: Dragonite|0 fnt
|-unboost|p1a: Kyurem|spa|2
|faint|p2a: Dragonite
|
|upkeep
|-message|michaelbias forfeited.
|
|win|Dr. Drake6782
|raw|Dr. Drake6782's rating: 1253 &rarr; <strong>1275</strong><br />(+22 for winning)
|raw|michaelbias's rating: 1211 &rarr; <strong>1189</strong><br />(-22 for losing)
|l|☆michaelbias
|player|p2|
