|j|☆PureSkillLol
|j|☆Cam1610
|t:|1743785217
|gametype|singles
|player|p1|PureSkillLol|guzma|1438
|player|p2|Cam1610|hiker-gen4|1485
|teamsize|p1|6
|teamsize|p2|6
|gen|9
|tier|[Gen 9] OU
|rated|
|rule|HP Percentage Mod: HP is shown in percentages
|rule|Endless Battle Clause: Forcing endless battles is banned
|rule|Species Clause: Limit one of each Pokémon
|rule|OHKO Clause: OHKO moves are banned
|rule|Evasion Items Clause: Evasion items are banned
|rule|Evasion Moves Clause: Evasion moves are banned
|rule|Sleep Moves Clause: Sleep-inducing moves are banned
|clearpoke
|poke|p1|Torkoal, F|
|poke|p1|Walking Wake|
|poke|p1|Ceruledge, M|
|poke|p1|Clodsire, F|
|poke|p1|Raging Bolt|
|poke|p1|Sinistcha-Masterpiece|
|poke|p2|Darkrai|
|poke|p2|Ceruledge, F|
|poke|p2|Ursaluna, F|
|poke|p2|Kingambit, F|
|poke|p2|Noivern, F|
|poke|p2|Scizor, M|
|teampreview
|inactive|Battle timer is ON: inactive players will automatically lose when time's up. (requested by Cam1610)
|
|t:|1743785221
|start
|switch|p1a: Torkoal|Torkoal, F|100/100
|switch|p2a: Beru|Scizor, M|100/100
|-weather|SunnyDay|[from] ability: Drought|[of] p1a: Torkoal
|turn|1
|
|t:|1743785243
|switch|p1a: Sinistcha|Sinistcha-Masterpiece|100/100
|move|p2a: Beru|U-turn|p1a: Sinistcha
|-damage|p1a: Sinistcha|61/100
|
|t:|1743785249
|switch|p2a: Tusk|Darkrai, shiny|100/100|[from] U-turn
|
|-weather|SunnyDay|[upkeep]
|-heal|p1a: Sinistcha|67/100|[from] item: Leftovers
|upkeep
|turn|2
|
|t:|1743785253
|switch|p1a: Clodsire|Clodsire, F|100/100
|move|p2a: Tusk|Dark Pulse|p1a: Clodsire
|-damage|p1a: Clodsire|71/100
|-damage|p2a: Tusk|91/100|[from] item: Life Orb
|
|-weather|SunnyDay|[upkeep]
|-heal|p1a: Clodsire|77/100|[from] item: Black Sludge
|upkeep
|turn|3
|
|t:|1743785258
|switch|p2a: Kaisel|Noivern, F|100/100
|move|p1a: Clodsire|Stealth Rock|p2a: Kaisel
|-sidestart|p2: Cam1610|move: Stealth Rock
|
|-weather|SunnyDay|[upkeep]
|-heal|p1a: Clodsire|83/100|[from] item: Black Sludge
|upkeep
|turn|4
|
|t:|1743785262
|move|p2a: Kaisel|Defog|p1a: Clodsire
|-unboost|p1a: Clodsire|evasion|1
|-sideend|p2: Cam1610|Stealth Rock|[from] move: Defog|[of] p2a: Kaisel
|move|p1a: Clodsire|Recover|p1a: Clodsire
|-heal|p1a: Clodsire|100/100
|
|-weather|SunnyDay|[upkeep]
|upkeep
|turn|5
|
|t:|1743785266
|move|p2a: Kaisel|Boomburst|p1a: Clodsire
|-damage|p1a: Clodsire|80/100
|-enditem|p2a: Kaisel|Throat Spray
|-boost|p2a: Kaisel|spa|1|[from] item: Throat Spray
|move|p1a: Clodsire|Stealth Rock|p2a: Kaisel
|-sidestart|p2: Cam1610|move: Stealth Rock
|
|-weather|SunnyDay|[upkeep]
|-heal|p1a: Clodsire|86/100|[from] item: Black Sludge
|upkeep
|turn|6
|
|t:|1743785270
|move|p2a: Kaisel|Boomburst|p1a: Clodsire
|-damage|p1a: Clodsire|52/100
|move|p1a: Clodsire|Toxic|p2a: Kaisel
|-status|p2a: Kaisel|tox
|
|-weather|SunnyDay|[upkeep]
|-heal|p1a: Clodsire|58/100|[from] item: Black Sludge
|-damage|p2a: Kaisel|94/100 tox|[from] psn
|upkeep
|turn|7
|
|t:|1743785274
|move|p2a: Kaisel|Defog|p1a: Clodsire
|-unboost|p1a: Clodsire|evasion|1
|-sideend|p2: Cam1610|Stealth Rock|[from] move: Defog|[of] p2a: Kaisel
|move|p1a: Clodsire|Recover|p1a: Clodsire
|-heal|p1a: Clodsire|100/100
|
|-weather|SunnyDay|[upkeep]
|-damage|p2a: Kaisel|82/100 tox|[from] psn
|upkeep
|turn|8
|
|t:|1743785279
|move|p2a: Kaisel|Hurricane|p1a: Clodsire
|-damage|p1a: Clodsire|61/100
|-start|p1a: Clodsire|confusion
|-activate|p1a: Clodsire|confusion
|move|p1a: Clodsire|Stealth Rock|p2a: Kaisel
|-sidestart|p2: Cam1610|move: Stealth Rock
|
|-weather|none
|-heal|p1a: Clodsire|67/100|[from] item: Black Sludge
|-damage|p2a: Kaisel|64/100 tox|[from] psn
|upkeep
|turn|9
|
|t:|1743785284
|switch|p1a: Ceruledge|Ceruledge, M|100/100
|-item|p1a: Ceruledge|Air Balloon
|move|p2a: Kaisel|Defog|p1a: Ceruledge
|-unboost|p1a: Ceruledge|evasion|1
|-sideend|p2: Cam1610|Stealth Rock|[from] move: Defog|[of] p2a: Kaisel
|
|-damage|p2a: Kaisel|39/100 tox|[from] psn
|upkeep
|turn|10
|
|t:|1743785291
|switch|p1a: Torkoal|Torkoal, F|100/100
|-weather|SunnyDay|[from] ability: Drought|[of] p1a: Torkoal
|move|p2a: Kaisel|Draco Meteor|p1a: Torkoal|[miss]
|-miss|p2a: Kaisel|p1a: Torkoal
|
|-weather|SunnyDay|[upkeep]
|-damage|p2a: Kaisel|9/100 tox|[from] psn
|upkeep
|turn|11
|
|t:|1743785296
|switch|p1a: Clodsire|Clodsire, F|67/100
|move|p2a: Kaisel|Draco Meteor|p1a: Clodsire
|-damage|p1a: Clodsire|23/100
|-unboost|p2a: Kaisel|spa|2
|
|-weather|SunnyDay|[upkeep]
|-heal|p1a: Clodsire|30/100|[from] item: Black Sludge
|-damage|p2a: Kaisel|0 fnt|[from] psn
|faint|p2a: Kaisel
|upkeep
|
|t:|1743785304
|switch|p2a: Tank|Ursaluna, F, shiny|100/100
|turn|12
|
|t:|1743785310
|move|p2a: Tank|Earthquake|p1a: Clodsire
|-supereffective|p1a: Clodsire
|-damage|p1a: Clodsire|0 fnt
|faint|p1a: Clodsire
|
|-weather|SunnyDay|[upkeep]
|-status|p2a: Tank|brn|[from] item: Flame Orb
|upkeep
|
|t:|1743785313
|switch|p1a: Sinistcha|Sinistcha-Masterpiece|67/100
|turn|13
|
|t:|1743785316
|move|p2a: Tank|Protect|p2a: Tank
|-singleturn|p2a: Tank|Protect
|move|p1a: Sinistcha|Strength Sap|p2a: Tank
|-activate|p2a: Tank|move: Protect
|
|-weather|SunnyDay|[upkeep]
|-heal|p1a: Sinistcha|73/100|[from] item: Leftovers
|-damage|p2a: Tank|94/100 brn|[from] brn
|upkeep
|turn|14
|
|t:|1743785320
|switch|p2a: Tusk|Darkrai, shiny|91/100
|move|p1a: Sinistcha|Strength Sap|p2a: Tusk
|-unboost|p2a: Tusk|atk|1
|-heal|p1a: Sinistcha|100/100
|
|-weather|SunnyDay|[upkeep]
|upkeep
|turn|15
|
|t:|1743785325
|-terastallize|p1a: Sinistcha|Fairy
|move|p2a: Tusk|Dark Pulse|p1a: Sinistcha
|-resisted|p1a: Sinistcha
|-damage|p1a: Sinistcha|67/100
|-damage|p2a: Tusk|81/100|[from] item: Life Orb
|cant|p1a: Sinistcha|flinch
|
|-weather|SunnyDay|[upkeep]
|-heal|p1a: Sinistcha|73/100|[from] item: Leftovers
|upkeep
|turn|16
|
|t:|1743785330
|move|p2a: Tusk|Sludge Bomb|p1a: Sinistcha
|-supereffective|p1a: Sinistcha
|-damage|p1a: Sinistcha|0 fnt
|faint|p1a: Sinistcha
|-damage|p2a: Tusk|71/100|[from] item: Life Orb
|
|-weather|SunnyDay|[upkeep]
|upkeep
|-message|PureSkillLol forfeited.
|
|win|Cam1610
|raw|PureSkillLol's rating: 1438 &rarr; <strong>1421</strong><br />(-17 for losing)
|raw|Cam1610's rating: 1485 &rarr; <strong>1502</strong><br />(+17 for winning)
|l|☆PureSkillLol
|player|p1|
|l|☆Cam1610
|player|p2|
