|j|☆sikaz
|j|☆SSATFAW
|t:|1743783724
|gametype|singles
|player|p1|sikaz|crasherwake|1275
|player|p2|SSATFAW|ghetsis|1318
|teamsize|p1|6
|teamsize|p2|6
|gen|9
|tier|[Gen 9] OU
|rated|
|rule|HP Percentage Mod: HP is shown in percentages
|rule|Endless Battle Clause: Forcing endless battles is banned
|rule|Species Clause: Limit one of each Pokémon
|rule|OHKO Clause: OHKO moves are banned
|rule|Evasion Items Clause: Evasion items are banned
|rule|Evasion Moves Clause: Evasion moves are banned
|rule|Sleep Moves Clause: Sleep-inducing moves are banned
|clearpoke
|poke|p1|Rillaboom, M|
|poke|p1|Iron Moth|
|poke|p1|Greninja-*, M|
|poke|p1|Hawlucha, F|
|poke|p1|Corviknight, M|
|poke|p1|Iron Treads|
|poke|p2|Inteleon, M|
|poke|p2|Dragapult, F|
|poke|p2|Cinderace, F|
|poke|p2|Corviknight, M|
|poke|p2|Alomomola, M|
|poke|p2|Ting-Lu|
|teampreview
|inactive|Battle timer is ON: inactive players will automatically lose when time's up. (requested by SSATFAW)
|
|t:|1743783749
|start
|switch|p1a: Greninja|Greninja, M|100/100
|switch|p2a: Inteleon|Inteleon, M|100/100
|turn|1
|
|t:|1743783758
|move|p1a: Greninja|U-turn|p2a: Inteleon
|-damage|p2a: Inteleon|73/100
|
|t:|1743783761
|switch|p1a: Rillaboom|Rillaboom, M|100/100|[from] U-turn
|-fieldstart|move: Grassy Terrain|[from] ability: Grassy Surge|[of] p1a: Rillaboom
|move|p2a: Inteleon|U-turn|p1a: Rillaboom
|-supereffective|p1a: Rillaboom
|-damage|p1a: Rillaboom|67/100
|
|t:|1743783769
|switch|p2a: Cinderace|Cinderace, F|100/100|[from] U-turn
|
|-heal|p1a: Rillaboom|73/100|[from] Grassy Terrain
|upkeep
|turn|2
|inactive|sikaz has 120 seconds left.
|inactive|sikaz has 90 seconds left.
|
|t:|1743783832
|switch|p1a: Iron Treads|Iron Treads|100/100
|-enditem|p1a: Iron Treads|Booster Energy
|-activate|p1a: Iron Treads|ability: Quark Drive|[fromitem]
|-start|p1a: Iron Treads|quarkdrivespe
|move|p2a: Cinderace|Pyro Ball|p1a: Iron Treads
|-supereffective|p1a: Iron Treads
|-damage|p1a: Iron Treads|1/100
|
|-heal|p1a: Iron Treads|8/100|[from] Grassy Terrain
|upkeep
|turn|3
|
|t:|1743783843
|move|p1a: Iron Treads|Stealth Rock|p2a: Cinderace
|-sidestart|p2: SSATFAW|move: Stealth Rock
|move|p2a: Cinderace|Pyro Ball|p1a: Iron Treads
|-supereffective|p1a: Iron Treads
|-damage|p1a: Iron Treads|0 fnt
|faint|p1a: Iron Treads
|-end|p1a: Iron Treads|Quark Drive|[silent]
|
|upkeep
|
|t:|1743783847
|switch|p1a: Greninja|Greninja, M|100/100
|turn|4
|
|t:|1743783871
|switch|p2a: Alomomola|Alomomola, M|100/100
|move|p1a: Greninja|Water Shuriken|p2a: Alomomola
|-resisted|p2a: Alomomola
|-damage|p2a: Alomomola|97/100
|-resisted|p2a: Alomomola
|-damage|p2a: Alomomola|92/100
|-resisted|p2a: Alomomola
|-damage|p2a: Alomomola|88/100
|-resisted|p2a: Alomomola
|-damage|p2a: Alomomola|84/100
|-hitcount|p2a: Alomomola|4
|
|-heal|p2a: Alomomola|90/100|[from] Grassy Terrain
|upkeep
|turn|5
|
|t:|1743783884
|move|p1a: Greninja|U-turn|p2a: Alomomola
|-damage|p2a: Alomomola|83/100
|
|t:|1743783889
|switch|p1a: Corviknight|Corviknight, M|100/100|[from] U-turn
|-ability|p1a: Corviknight|Pressure
|move|p2a: Alomomola|Flip Turn|p1a: Corviknight
|-damage|p1a: Corviknight|89/100
|-damage|p2a: Alomomola|66/100|[from] item: Rocky Helmet|[of] p1a: Corviknight
|
|t:|1743783898
|switch|p2a: Cinderace|Cinderace, F|100/100|[from] Flip Turn
|
|-fieldend|move: Grassy Terrain
|upkeep
|turn|6
|inactive|sikaz has 120 seconds left.
|
|t:|1743783905
|switch|p1a: Greninja|Greninja, M|100/100
|move|p2a: Cinderace|Court Change|p2a: Cinderace
|-start|p2a: Cinderace|typechange|Normal|[from] ability: Libero
|-swapsideconditions
|-activate|p2a: Cinderace|move: Court Change
|
|upkeep
|turn|7
|inactive|sikaz has 120 seconds left.
|
|t:|1743783919
|move|p1a: Greninja|Dark Pulse|p2a: Cinderace
|-damage|p2a: Cinderace|48/100
|move|p2a: Cinderace|U-turn|p1a: Greninja
|-supereffective|p1a: Greninja
|-damage|p1a: Greninja|28/100
|
|t:|1743783926
|switch|p2a: Dragapult|Dragapult, F|100/100|[from] U-turn
|
|upkeep
|turn|8
|
|t:|1743783934
|switch|p1a: Corviknight|Corviknight, M|89/100
|-damage|p1a: Corviknight|77/100|[from] Stealth Rock
|-ability|p1a: Corviknight|Pressure
|move|p2a: Dragapult|Dragon Darts|p1a: Corviknight
|-resisted|p1a: Corviknight
|-damage|p1a: Corviknight|63/100
|-anim|p2a: Dragapult|Dragon Darts|p1a: Corviknight
|-resisted|p1a: Corviknight
|-damage|p1a: Corviknight|50/100
|
|upkeep
|turn|9
|
|t:|1743783947
|switch|p2a: Cinderace|Cinderace, F|48/100
|move|p1a: Corviknight|Defog|p2a: Cinderace
|-unboost|p2a: Cinderace|evasion|1
|-sideend|p1: sikaz|Stealth Rock|[from] move: Defog|[of] p1a: Corviknight
|
|upkeep
|turn|10
|
|t:|1743783954
|switch|p1a: Iron Moth|Iron Moth|100/100
|move|p2a: Cinderace|Pyro Ball|p1a: Iron Moth|[miss]
|-miss|p2a: Cinderace|p1a: Iron Moth
|
|upkeep
|turn|11
|
|t:|1743783960
|move|p2a: Cinderace|U-turn|p1a: Iron Moth
|-start|p2a: Cinderace|typechange|Bug|[from] ability: Libero
|-resisted|p1a: Iron Moth
|-crit|p1a: Iron Moth
|-damage|p1a: Iron Moth|80/100
|
|t:|1743783965
|switch|p2a: Ting-Lu|Ting-Lu|100/100|[from] U-turn
|-ability|p2a: Ting-Lu|Vessel of Ruin
|move|p1a: Iron Moth|Sludge Wave|p2a: Ting-Lu
|-resisted|p2a: Ting-Lu
|-damage|p2a: Ting-Lu|89/100
|
|-heal|p2a: Ting-Lu|95/100|[from] item: Leftovers
|upkeep
|turn|12
|
|t:|1743783975
|move|p1a: Iron Moth|Toxic|p2a: Ting-Lu
|-status|p2a: Ting-Lu|tox
|move|p2a: Ting-Lu|Stealth Rock|p1a: Iron Moth
|-sidestart|p1: sikaz|move: Stealth Rock
|
|-heal|p2a: Ting-Lu|100/100 tox|[from] item: Leftovers
|-damage|p2a: Ting-Lu|94/100 tox|[from] psn
|upkeep
|turn|13
|
|t:|1743783985
|-end|p1a: Iron Moth|Quark Drive|[silent]
|switch|p1a: Corviknight|Corviknight, M|50/100
|-damage|p1a: Corviknight|38/100|[from] Stealth Rock
|-ability|p1a: Corviknight|Pressure
|move|p2a: Ting-Lu|Whirlwind|p1a: Corviknight
|drag|p1a: Hawlucha|Hawlucha, F|100/100
|-damage|p1a: Hawlucha|88/100|[from] Stealth Rock
|
|-heal|p2a: Ting-Lu|100/100 tox|[from] item: Leftovers
|-damage|p2a: Ting-Lu|88/100 tox|[from] psn
|upkeep
|turn|14
|
|t:|1743783998
|switch|p2a: Alomomola|Alomomola, M|99/100
|move|p1a: Hawlucha|Close Combat|p2a: Alomomola
|-damage|p2a: Alomomola|73/100
|-unboost|p1a: Hawlucha|def|1
|-unboost|p1a: Hawlucha|spd|1
|
|upkeep
|turn|15
|
|t:|1743784006
|switch|p1a: Corviknight|Corviknight, M|38/100
|-damage|p1a: Corviknight|26/100|[from] Stealth Rock
|-ability|p1a: Corviknight|Pressure
|move|p2a: Alomomola|Flip Turn|p1a: Corviknight
|-damage|p1a: Corviknight|14/100
|-damage|p2a: Alomomola|56/100|[from] item: Rocky Helmet|[of] p1a: Corviknight
|
|t:|1743784016
|switch|p2a: Inteleon|Inteleon, M|73/100|[from] Flip Turn
|
|upkeep
|turn|16
|inactive|sikaz has 120 seconds left.
|
|t:|1743784058
|move|p2a: Inteleon|Surf|p1a: Corviknight
|-damage|p1a: Corviknight|0 fnt
|faint|p1a: Corviknight
|
|upkeep
|c|☆SSATFAW|I guess rocks stay
|
|t:|1743784065
|switch|p1a: Rillaboom|Rillaboom, M|73/100
|-damage|p1a: Rillaboom|61/100|[from] Stealth Rock
|-fieldstart|move: Grassy Terrain|[from] ability: Grassy Surge|[of] p1a: Rillaboom
|turn|17
|
|t:|1743784074
|switch|p2a: Corviknight|Corviknight, M|100/100
|-ability|p2a: Corviknight|Pressure
|move|p1a: Rillaboom|U-turn|p2a: Corviknight
|-resisted|p2a: Corviknight
|-damage|p2a: Corviknight|95/100
|-damage|p1a: Rillaboom|44/100|[from] item: Rocky Helmet|[of] p2a: Corviknight
|
|t:|1743784080
|switch|p1a: Iron Moth|Iron Moth|80/100|[from] U-turn
|
|-heal|p1a: Iron Moth|86/100|[from] Grassy Terrain
|upkeep
|turn|18
|
|t:|1743784088
|switch|p2a: Ting-Lu|Ting-Lu|88/100 tox
|-ability|p2a: Ting-Lu|Vessel of Ruin
|move|p1a: Iron Moth|Toxic|p2a: Ting-Lu
|-fail|p2a: Ting-Lu|tox
|
|-heal|p1a: Iron Moth|92/100|[from] Grassy Terrain
|-heal|p2a: Ting-Lu|94/100 tox|[from] Grassy Terrain
|-heal|p2a: Ting-Lu|100/100 tox|[from] item: Leftovers
|-damage|p2a: Ting-Lu|94/100 tox|[from] psn
|upkeep
|turn|19
|
|t:|1743784101
|-end|p1a: Iron Moth|Quark Drive|[silent]
|switch|p1a: Hawlucha|Hawlucha, F|88/100
|-damage|p1a: Hawlucha|76/100|[from] Stealth Rock
|-enditem|p1a: Hawlucha|Grassy Seed
|-boost|p1a: Hawlucha|def|1|[from] item: Grassy Seed
|move|p2a: Ting-Lu|Whirlwind|p1a: Hawlucha
|drag|p1a: Rillaboom|Rillaboom, M|44/100
|-damage|p1a: Rillaboom|32/100|[from] Stealth Rock
|
|-heal|p1a: Rillaboom|38/100|[from] Grassy Terrain
|-heal|p2a: Ting-Lu|100/100 tox|[from] Grassy Terrain
|-damage|p2a: Ting-Lu|88/100 tox|[from] psn
|upkeep
|turn|20
|-message|sikaz forfeited.
|
|win|SSATFAW
|raw|sikaz's rating: 1275 &rarr; <strong>1253</strong><br />(-22 for losing)
|raw|SSATFAW's rating: 1318 &rarr; <strong>1336</strong><br />(+18 for winning)
|l|☆sikaz
|player|p1|
|c|☆SSATFAW|Oof
|l|☆SSATFAW
|player|p2|
