|j|☆NotGhostP
|j|‽Buy my book azul
|t:|1743780828
|gametype|singles
|player|p1|NotGhostP|shelly|1410
|player|p2|Buy my book azul|170|1425
|teamsize|p1|6
|teamsize|p2|6
|gen|9
|tier|[Gen 9] OU
|rated|
|rule|HP Percentage Mod: HP is shown in percentages
|rule|Endless Battle Clause: Forcing endless battles is banned
|rule|Species Clause: Limit one of each Pokémon
|rule|OHKO Clause: OHKO moves are banned
|rule|Evasion Items Clause: Evasion items are banned
|rule|Evasion Moves Clause: Evasion moves are banned
|rule|Sleep Moves Clause: Sleep-inducing moves are banned
|clearpoke
|poke|p1|Slowking-Galar, M|
|poke|p1|Corviknight, M|
|poke|p1|Alomomola, M|
|poke|p1|Iron Valiant|
|poke|p1|Mimikyu, M|
|poke|p1|Great Tusk|
|poke|p2|Garchomp, M|
|poke|p2|Ogerpon-Wellspring, F|
|poke|p2|Great Tusk|
|poke|p2|Kyurem|
|poke|p2|Kingambit, F|
|poke|p2|Dragapult, M|
|teampreview
|inactive|Battle timer is ON: inactive players will automatically lose when time's up. (requested by NotGhostP)
|inactive|Buy my book azul has 120 seconds left.
|
|t:|1743780909
|start
|switch|p1a: Corviknight|Corviknight, M|100/100
|switch|p2a: Dragapult|Dragapult, M|100/100
|turn|1
|
|t:|1743780917
|move|p2a: Dragapult|Thunder Wave|p1a: Corviknight
|-status|p1a: Corviknight|par
|move|p1a: Corviknight|U-turn|p2a: Dragapult
|-resisted|p2a: Dragapult
|-damage|p2a: Dragapult|91/100
|inactive|NotGhostP has 120 seconds left.
|
|t:|1743780951
|switch|p1a: Iron Valiant|Iron Valiant|100/100|[from] U-turn
|
|upkeep
|turn|2
|
|t:|1743780966
|move|p2a: Dragapult|Thunder Wave|p1a: Iron Valiant
|-status|p1a: Iron Valiant|par
|move|p1a: Iron Valiant|Moonblast|p2a: Dragapult
|-supereffective|p2a: Dragapult
|-damage|p2a: Dragapult|0 fnt
|faint|p2a: Dragapult
|
|upkeep
|
|t:|1743780979
|switch|p2a: Ogerpon|Ogerpon-Wellspring, F|100/100
|turn|3
|
|t:|1743780986
|-terastallize|p1a: Iron Valiant|Fairy
|move|p2a: Ogerpon|Ivy Cudgel|p1a: Iron Valiant|[anim] Ivy Cudgel Water
|-damage|p1a: Iron Valiant|24/100 par
|move|p1a: Iron Valiant|Moonblast|p2a: Ogerpon
|-damage|p2a: Ogerpon|0 fnt
|faint|p2a: Ogerpon
|
|upkeep
|
|t:|1743780997
|switch|p2a: Kyurem|Kyurem|100/100
|-ability|p2a: Kyurem|Pressure
|turn|4
|
|t:|1743781001
|move|p2a: Kyurem|Ice Beam|p1a: Iron Valiant
|-crit|p1a: Iron Valiant
|-damage|p1a: Iron Valiant|0 fnt
|faint|p1a: Iron Valiant
|-end|p1a: Iron Valiant|Quark Drive|[silent]
|
|upkeep
|
|t:|1743781017
|switch|p1a: Corviknight|Corviknight, M|100/100 par
|turn|5
|
|t:|1743781044
|switch|p2a: Great Tusk|Great Tusk|100/100
|move|p1a: Corviknight|Body Press|p2a: Great Tusk
|-damage|p2a: Great Tusk|87/100
|
|-heal|p2a: Great Tusk|93/100|[from] item: Leftovers
|upkeep
|turn|6
|
|t:|1743781054
|move|p2a: Great Tusk|Knock Off|p1a: Corviknight
|-damage|p1a: Corviknight|84/100 par
|-damage|p2a: Great Tusk|77/100|[from] item: Rocky Helmet|[of] p1a: Corviknight
|-enditem|p1a: Corviknight|Rocky Helmet|[from] move: Knock Off|[of] p2a: Great Tusk
|move|p1a: Corviknight|Iron Defense|p1a: Corviknight
|-boost|p1a: Corviknight|def|2
|
|-heal|p2a: Great Tusk|83/100|[from] item: Leftovers
|upkeep
|turn|7
|
|t:|1743781067
|move|p2a: Great Tusk|Stealth Rock|p1a: Corviknight
|-sidestart|p1: NotGhostP|move: Stealth Rock
|move|p1a: Corviknight|Iron Defense|p1a: Corviknight
|-boost|p1a: Corviknight|def|2
|
|-heal|p2a: Great Tusk|89/100|[from] item: Leftovers
|upkeep
|turn|8
|
|t:|1743781072
|move|p2a: Great Tusk|Knock Off|p1a: Corviknight
|-damage|p1a: Corviknight|80/100 par
|cant|p1a: Corviknight|par
|
|-heal|p2a: Great Tusk|95/100|[from] item: Leftovers
|upkeep
|turn|9
|
|t:|1743781080
|-end|p2a: Great Tusk|Protosynthesis|[silent]
|switch|p2a: Garchomp|Garchomp, M|100/100
|move|p1a: Corviknight|Roost|p1a: Corviknight
|-heal|p1a: Corviknight|100/100 par
|-singleturn|p1a: Corviknight|move: Roost
|
|upkeep
|turn|10
|
|t:|1743781089
|move|p2a: Garchomp|Swords Dance|p2a: Garchomp
|-boost|p2a: Garchomp|atk|2
|move|p1a: Corviknight|Body Press|p2a: Garchomp
|-damage|p2a: Garchomp|16/100
|-damage|p1a: Corviknight|88/100 par|[from] ability: Rough Skin|[of] p2a: Garchomp
|
|upkeep
|turn|11
|
|t:|1743781094
|move|p2a: Garchomp|Liquidation|p1a: Corviknight
|-damage|p1a: Corviknight|76/100 par
|move|p1a: Corviknight|Body Press|p2a: Garchomp
|-damage|p2a: Garchomp|0 fnt
|-damage|p1a: Corviknight|64/100 par|[from] ability: Rough Skin|[of] p2a: Garchomp
|faint|p2a: Garchomp
|
|upkeep
|
|t:|1743781099
|switch|p2a: Kyurem|Kyurem|100/100
|-ability|p2a: Kyurem|Pressure
|turn|12
|
|t:|1743781105
|-terastallize|p2a: Kyurem|Ice
|move|p2a: Kyurem|Ice Beam|p1a: Corviknight
|-damage|p1a: Corviknight|0 fnt
|faint|p1a: Corviknight
|
|upkeep
|
|t:|1743781133
|switch|p1a: Slowking|Slowking-Galar, M|100/100
|-damage|p1a: Slowking|88/100|[from] Stealth Rock
|turn|13
|
|t:|1743781140
|move|p2a: Kyurem|Ice Beam|p1a: Slowking
|-damage|p1a: Slowking|42/100
|move|p1a: Slowking|Flamethrower|p2a: Kyurem
|-supereffective|p2a: Kyurem
|-damage|p2a: Kyurem|44/100
|
|upkeep
|turn|14
|
|t:|1743781150
|switch|p2a: Great Tusk|Great Tusk|95/100
|switch|p1a: Alomomola|Alomomola, M|100/100
|-damage|p1a: Alomomola|88/100|[from] Stealth Rock
|
|-heal|p2a: Great Tusk|100/100|[from] item: Leftovers
|-heal|p1a: Alomomola|94/100|[from] item: Leftovers
|upkeep
|turn|15
|
|t:|1743781155
|move|p2a: Great Tusk|Knock Off|p1a: Alomomola
|-damage|p1a: Alomomola|79/100
|-enditem|p1a: Alomomola|Leftovers|[from] move: Knock Off|[of] p2a: Great Tusk
|move|p1a: Alomomola|Wish|p1a: Alomomola
|
|upkeep
|turn|16
|
|t:|1743781165
|move|p2a: Great Tusk|Rapid Spin|p1a: Alomomola
|-damage|p1a: Alomomola|70/100
|-boost|p2a: Great Tusk|spe|1
|move|p1a: Alomomola|Flip Turn|p2a: Great Tusk
|-supereffective|p2a: Great Tusk
|-damage|p2a: Great Tusk|84/100
|
|t:|1743781171
|switch|p1a: Mimikyu|Mimikyu, M|100/100|[from] Flip Turn
|-damage|p1a: Mimikyu|88/100|[from] Stealth Rock
|
|-heal|p1a: Mimikyu|100/100|[from] move: Wish|[wisher] Alomomola
|-heal|p2a: Great Tusk|90/100|[from] item: Leftovers
|upkeep
|turn|17
|
|t:|1743781179
|move|p2a: Great Tusk|Knock Off|p1a: Mimikyu
|-activate|p1a: Mimikyu|ability: Disguise
|-damage|p1a: Mimikyu|100/100
|-enditem|p1a: Mimikyu|Life Orb|[from] move: Knock Off|[of] p2a: Great Tusk
|detailschange|p1a: Mimikyu|Mimikyu-Busted, M
|-damage|p1a: Mimikyu|88/100|[from] pokemon: Mimikyu-Busted
|move|p1a: Mimikyu|Will-O-Wisp|p2a: Great Tusk
|-status|p2a: Great Tusk|brn
|
|-heal|p2a: Great Tusk|96/100 brn|[from] item: Leftovers
|-damage|p2a: Great Tusk|90/100 brn|[from] brn
|upkeep
|turn|18
|
|t:|1743781192
|move|p2a: Great Tusk|Earthquake|p1a: Mimikyu
|-damage|p1a: Mimikyu|52/100
|move|p1a: Mimikyu|Swords Dance|p1a: Mimikyu
|-boost|p1a: Mimikyu|atk|2
|
|-heal|p2a: Great Tusk|96/100 brn|[from] item: Leftovers
|-damage|p2a: Great Tusk|90/100 brn|[from] brn
|upkeep
|turn|19
|
|t:|1743781197
|move|p2a: Great Tusk|Earthquake|p1a: Mimikyu
|-damage|p1a: Mimikyu|19/100
|move|p1a: Mimikyu|Wood Hammer|p2a: Great Tusk
|-supereffective|p2a: Great Tusk
|-damage|p2a: Great Tusk|26/100 brn
|-damage|p1a: Mimikyu|0 fnt|[from] Recoil
|faint|p1a: Mimikyu
|
|-heal|p2a: Great Tusk|32/100 brn|[from] item: Leftovers
|-damage|p2a: Great Tusk|26/100 brn|[from] brn
|upkeep
|
|t:|1743781210
|switch|p1a: Alomomola|Alomomola, M|100/100
|-damage|p1a: Alomomola|88/100|[from] Stealth Rock
|turn|20
|
|t:|1743781218
|-end|p2a: Great Tusk|Protosynthesis|[silent]
|switch|p2a: Kyurem|Kyurem, tera:Ice|44/100
|-ability|p2a: Kyurem|Pressure
|move|p1a: Alomomola|Liquidation|p2a: Kyurem
|-damage|p2a: Kyurem|20/100
|
|upkeep
|turn|21
|
|t:|1743781225
|move|p1a: Alomomola|Protect|p1a: Alomomola
|-singleturn|p1a: Alomomola|Protect
|move|p2a: Kyurem|Freeze-Dry|p1a: Alomomola
|-activate|p1a: Alomomola|move: Protect
|
|upkeep
|turn|22
|
|t:|1743781230
|switch|p1a: Slowking|Slowking-Galar, M|76/100
|-damage|p1a: Slowking|63/100|[from] Stealth Rock
|move|p2a: Kyurem|Freeze-Dry|p1a: Slowking
|-damage|p1a: Slowking|29/100
|
|upkeep
|turn|23
|
|t:|1743781254
|move|p2a: Kyurem|Freeze-Dry|p1a: Slowking
|-damage|p1a: Slowking|0 fnt
|faint|p1a: Slowking
|
|upkeep
|
|t:|1743781257
|switch|p1a: Great Tusk|Great Tusk|100/100
|-damage|p1a: Great Tusk|98/100|[from] Stealth Rock
|-enditem|p1a: Great Tusk|Booster Energy
|-activate|p1a: Great Tusk|ability: Protosynthesis|[fromitem]
|-start|p1a: Great Tusk|protosynthesisatk
|turn|24
|
|t:|1743781277
|move|p2a: Kyurem|Freeze-Dry|p1a: Great Tusk
|-supereffective|p1a: Great Tusk
|-damage|p1a: Great Tusk|0 fnt
|faint|p1a: Great Tusk
|-end|p1a: Great Tusk|Protosynthesis|[silent]
|
|upkeep
|
|t:|1743781285
|switch|p1a: Alomomola|Alomomola, M|100/100
|-damage|p1a: Alomomola|88/100|[from] Stealth Rock
|turn|25
|
|t:|1743781288
|move|p2a: Kyurem|Freeze-Dry|p1a: Alomomola
|-supereffective|p1a: Alomomola
|-damage|p1a: Alomomola|0 fnt
|faint|p1a: Alomomola
|
|win|Buy my book azul
|raw|NotGhostP's rating: 1410 &rarr; <strong>1391</strong><br />(-19 for losing)
|raw|Buy my book azul's rating: 1425 &rarr; <strong>1444</strong><br />(+19 for winning)
|c|☆NotGhostP|gg
