|j|☆Leader bryant
|j|☆hei_mao666
|t:|1743829472
|gametype|singles
|player|p1|Leader bryant|morty|1153
|player|p2|hei_mao666|hilbert|1189
|teamsize|p1|6
|teamsize|p2|6
|gen|9
|tier|[Gen 9] OU
|rated|
|rule|HP Percentage Mod: HP is shown in percentages
|rule|Endless Battle Clause: Forcing endless battles is banned
|rule|Species Clause: Limit one of each Pokémon
|rule|OHKO Clause: OHKO moves are banned
|rule|Evasion Items Clause: Evasion items are banned
|rule|Evasion Moves Clause: Evasion moves are banned
|rule|Sleep Moves Clause: Sleep-inducing moves are banned
|clearpoke
|poke|p1|Pecharunt|
|poke|p1|Ceruledge, F|
|poke|p1|Zoroark-Hisui, F|
|poke|p1|Gholdengo|
|poke|p1|Gengar, F|
|poke|p1|Drifblim, F|
|poke|p2|Gholdengo|
|poke|p2|Raging Bolt|
|poke|p2|Dragapult, F|
|poke|p2|Iron Hands|
|poke|p2|Blaziken, F|
|poke|p2|Alomomola, F|
|teampreview
|inactive|Battle timer is ON: inactive players will automatically lose when time's up. (requested by Leader bryant)
|
|t:|1743829486
|start
|switch|p1a: Pecharunt|Pecharunt|100/100
|switch|p2a: Blaziken|Blaziken, F|100/100
|turn|1
|
|t:|1743829497
|switch|p2a: Gholdengo|Gholdengo|100/100
|move|p1a: Pecharunt|Bitter Malice|p2a: Gholdengo
|-supereffective|p2a: Gholdengo
|-damage|p2a: Gholdengo|0 fnt
|faint|p2a: Gholdengo
|
|upkeep
|
|t:|1743829508
|switch|p2a: Dragapult|Dragapult, F|100/100
|turn|2
|
|t:|1743829513
|-terastallize|p2a: Dragapult|Dragon
|move|p2a: Dragapult|Dragon Darts|p1a: Pecharunt
|-damage|p1a: Pecharunt|0 fnt
|replace|p1a: Zoroark|Zoroark-Hisui, F
|-end|p1a: Zoroark|Illusion
|faint|p1a: Zoroark
|
|upkeep
|
|t:|1743829528
|switch|p1a: Pecharunt|Pecharunt|100/100
|turn|3
|
|t:|1743829532
|move|p2a: Dragapult|Dragon Darts|p1a: Pecharunt
|-crit|p1a: Pecharunt
|-damage|p1a: Pecharunt|57/100
|-anim|p2a: Dragapult|Dragon Darts|p1a: Pecharunt
|-damage|p1a: Pecharunt|28/100
|move|p1a: Pecharunt|Malignant Chain|p2a: Dragapult
|-damage|p2a: Dragapult|42/100
|-start|p1a: Pecharunt|Disable|Malignant Chain|[from] ability: Cursed Body|[of] p2a: Dragapult
|
|upkeep
|turn|4
|
|t:|1743829543
|move|p2a: Dragapult|Dragon Darts|p1a: Pecharunt
|-damage|p1a: Pecharunt|0 fnt
|faint|p1a: Pecharunt
|
|upkeep
|
|t:|1743829560
|switch|p1a: Ceruledge|Ceruledge, F, shiny|100/100
|turn|5
|
|t:|1743829564
|move|p1a: Ceruledge|Shadow Sneak|p2a: Dragapult
|-damage|p2a: Dragapult|13/100
|-start|p1a: Ceruledge|Disable|Shadow Sneak|[from] ability: Cursed Body|[of] p2a: Dragapult
|move|p2a: Dragapult|Dragon Darts|p1a: Ceruledge
|-damage|p1a: Ceruledge|27/100
|-ability|p1a: Ceruledge|Weak Armor|boost
|-unboost|p1a: Ceruledge|def|1
|-boost|p1a: Ceruledge|spe|2
|-anim|p2a: Dragapult|Dragon Darts|p1a: Ceruledge
|-damage|p1a: Ceruledge|0 fnt
|faint|p1a: Ceruledge
|
|upkeep
|
|t:|1743829577
|switch|p1a: Gholdengo|Gholdengo|100/100
|turn|6
|
|t:|1743829583
|switch|p2a: Blaziken|Blaziken, F|100/100
|move|p1a: Gholdengo|Flash Cannon|p2a: Blaziken
|-resisted|p2a: Blaziken
|-damage|p2a: Blaziken|70/100
|
|upkeep
|turn|7
|
|t:|1743829591
|move|p1a: Gholdengo|Shadow Ball|p2a: Blaziken
|-damage|p2a: Blaziken|6/100
|-unboost|p2a: Blaziken|spd|1
|move|p2a: Blaziken|Flare Blitz|p1a: Gholdengo
|-supereffective|p1a: Gholdengo
|-damage|p1a: Gholdengo|0 fnt
|faint|p1a: Gholdengo
|-damage|p2a: Blaziken|0 fnt|[from] Recoil
|faint|p2a: Blaziken
|
|upkeep
|
|t:|1743829602
|switch|p1a: Gengar|Gengar, F|100/100
|switch|p2a: Raging Bolt|Raging Bolt|100/100
|turn|8
|
|t:|1743829610
|move|p1a: Gengar|Sludge Bomb|p2a: Raging Bolt
|-damage|p2a: Raging Bolt|61/100
|-status|p2a: Raging Bolt|psn
|move|p2a: Raging Bolt|Thunder|p1a: Gengar
|-enditem|p1a: Gengar|Focus Sash
|-damage|p1a: Gengar|1/100
|-status|p1a: Gengar|par
|-start|p2a: Raging Bolt|Disable|Thunder|[from] ability: Cursed Body|[of] p1a: Gengar
|
|-damage|p2a: Raging Bolt|49/100 psn|[from] psn
|upkeep
|turn|9
|
|t:|1743829622
|-end|p2a: Raging Bolt|Protosynthesis|[silent]
|switch|p2a: Iron Hands|Iron Hands|100/100
|-enditem|p2a: Iron Hands|Booster Energy
|-activate|p2a: Iron Hands|ability: Quark Drive|[fromitem]
|-start|p2a: Iron Hands|quarkdriveatk
|move|p1a: Gengar|Destiny Bond|p1a: Gengar
|-singlemove|p1a: Gengar|Destiny Bond
|
|upkeep
|turn|10
|
|t:|1743829633
|move|p1a: Gengar|Shadow Ball|p2a: Iron Hands
|-damage|p2a: Iron Hands|60/100
|-unboost|p2a: Iron Hands|spd|1
|move|p2a: Iron Hands|Fire Punch|p1a: Gengar
|-crit|p1a: Gengar
|-damage|p1a: Gengar|0 fnt
|faint|p1a: Gengar
|
|upkeep
|
|t:|1743829640
|switch|p1a: Drifblim|Drifblim, F|100/100
|turn|11
|
|t:|1743829646
|-end|p2a: Iron Hands|Quark Drive|[silent]
|switch|p2a: Raging Bolt|Raging Bolt|49/100 psn
|move|p1a: Drifblim|Calm Mind|p1a: Drifblim
|-boost|p1a: Drifblim|spa|1
|-boost|p1a: Drifblim|spd|1
|
|-damage|p2a: Raging Bolt|37/100 psn|[from] psn
|upkeep
|turn|12
|
|t:|1743829661
|-terastallize|p1a: Drifblim|Ghost
|move|p2a: Raging Bolt|Thunderclap||[still]
|-fail|p2a: Raging Bolt
|move|p1a: Drifblim|Calm Mind|p1a: Drifblim
|-boost|p1a: Drifblim|spa|1
|-boost|p1a: Drifblim|spd|1
|
|-damage|p2a: Raging Bolt|24/100 psn|[from] psn
|upkeep
|turn|13
|
|t:|1743829675
|move|p2a: Raging Bolt|Thunderclap|p1a: Drifblim
|-damage|p1a: Drifblim|66/100
|-enditem|p1a: Drifblim|Red Card|[of] p2a: Raging Bolt
|-end|p2a: Raging Bolt|Protosynthesis|[silent]
|drag|p2a: Dragapult|Dragapult, F, tera:Dragon|13/100
|move|p1a: Drifblim|Shadow Ball|p2a: Dragapult
|-damage|p2a: Dragapult|0 fnt
|faint|p2a: Dragapult
|
|upkeep
|
|t:|1743829685
|switch|p2a: Raging Bolt|Raging Bolt|24/100 psn
|turn|14
|
|t:|1743829695
|move|p1a: Drifblim|Shadow Ball|p2a: Raging Bolt
|-damage|p2a: Raging Bolt|0 fnt
|faint|p2a: Raging Bolt
|-end|p2a: Raging Bolt|Protosynthesis|[silent]
|
|upkeep
|
|t:|1743829700
|switch|p2a: Iron Hands|Iron Hands|60/100
|turn|15
|
|t:|1743829706
|move|p1a: Drifblim|Shadow Ball|p2a: Iron Hands
|-damage|p2a: Iron Hands|0 fnt
|faint|p2a: Iron Hands
|-end|p2a: Iron Hands|Quark Drive|[silent]
|
|upkeep
|
|t:|1743829711
|switch|p2a: Alomomola|Alomomola, F|100/100
|turn|16
|
|t:|1743829714
|move|p1a: Drifblim|Shadow Ball|p2a: Alomomola
|-damage|p2a: Alomomola|0 fnt
|faint|p2a: Alomomola
|
|win|Leader bryant
|raw|Leader bryant's rating: 1153 &rarr; <strong>1181</strong><br />(+28 for winning)
|raw|hei_mao666's rating: 1189 &rarr; <strong>1161</strong><br />(-28 for losing)
|l|☆hei_mao666
|player|p2|
|l|☆Leader bryant
|player|p1|
