|j|☆IconicWrecker
|j|☆Tyujhgbnm
|t:|1743849221
|gametype|singles
|player|p1|IconicWrecker|red|1162
|player|p2|Tyujhgbnm|1|1136
|teamsize|p1|6
|teamsize|p2|6
|gen|9
|tier|[Gen 9] OU
|rated|
|rule|HP Percentage Mod: HP is shown in percentages
|rule|Endless Battle Clause: Forcing endless battles is banned
|rule|Species Clause: Limit one of each Pokémon
|rule|OHKO Clause: OHKO moves are banned
|rule|Evasion Items Clause: Evasion items are banned
|rule|Evasion Moves Clause: Evasion moves are banned
|rule|Sleep Moves Clause: Sleep-inducing moves are banned
|clearpoke
|poke|p1|Dragapult, M|
|poke|p1|Skeledirge, M|
|poke|p1|Scizor, M|
|poke|p1|Volcanion|
|poke|p1|Latias, F|
|poke|p1|Armarouge, M|
|poke|p2|Sinistcha|
|poke|p2|Clodsire, M|
|poke|p2|Clefable, F|
|poke|p2|Reuniclus, M|
|poke|p2|Moltres|
|poke|p2|Okidogi, M|
|teampreview
|inactive|Battle timer is ON: inactive players will automatically lose when time's up. (requested by IconicWrecker)
|
|t:|1743849233
|start
|switch|p1a: Latias|Latias, F, shiny|100/100
|switch|p2a: Moltres|Moltres|100/100
|turn|1
|
|t:|1743849245
|move|p1a: Latias|Light Screen|p1a: Latias
|-sidestart|p1: IconicWrecker|move: Light Screen
|move|p2a: Moltres|Hurricane|p1a: Latias|[miss]
|-miss|p2a: Moltres|p1a: Latias
|
|upkeep
|turn|2
|
|t:|1743849264
|switch|p2a: Clefable|Clefable, F|100/100
|move|p1a: Latias|Future Sight|p2a: Clefable
|-start|p1a: Latias|move: Future Sight
|
|upkeep
|turn|3
|
|t:|1743849272
|switch|p1a: Armarouge|Armarouge, M|100/100
|move|p2a: Clefable|Stealth Rock|p1a: Armarouge
|-sidestart|p1: IconicWrecker|move: Stealth Rock
|
|upkeep
|turn|4
|
|t:|1743849290
|move|p1a: Armarouge|Calm Mind|p1a: Armarouge
|-boost|p1a: Armarouge|spa|1
|-boost|p1a: Armarouge|spd|1
|move|p2a: Clefable|Calm Mind|p2a: Clefable
|-boost|p2a: Clefable|spa|1
|-boost|p2a: Clefable|spd|1
|
|-end|p2a: Clefable|move: Future Sight
|-damage|p2a: Clefable|71/100
|-heal|p2a: Clefable|77/100|[from] item: Leftovers
|upkeep
|turn|5
|
|t:|1743849304
|move|p1a: Armarouge|Calm Mind|p1a: Armarouge
|-boost|p1a: Armarouge|spa|1
|-boost|p1a: Armarouge|spd|1
|move|p2a: Clefable|Calm Mind|p2a: Clefable
|-boost|p2a: Clefable|spa|1
|-boost|p2a: Clefable|spd|1
|
|-heal|p2a: Clefable|83/100|[from] item: Leftovers
|upkeep
|turn|6
|
|t:|1743849313
|move|p1a: Armarouge|Calm Mind|p1a: Armarouge
|-boost|p1a: Armarouge|spa|1
|-boost|p1a: Armarouge|spd|1
|move|p2a: Clefable|Calm Mind|p2a: Clefable
|-boost|p2a: Clefable|spa|1
|-boost|p2a: Clefable|spd|1
|
|-heal|p2a: Clefable|89/100|[from] item: Leftovers
|upkeep
|turn|7
|
|t:|1743849324
|move|p1a: Armarouge|Calm Mind|p1a: Armarouge
|-boost|p1a: Armarouge|spa|1
|-boost|p1a: Armarouge|spd|1
|move|p2a: Clefable|Calm Mind|p2a: Clefable
|-boost|p2a: Clefable|spa|1
|-boost|p2a: Clefable|spd|1
|
|-heal|p2a: Clefable|95/100|[from] item: Leftovers
|upkeep
|turn|8
|
|t:|1743849333
|move|p1a: Armarouge|Stored Power|p2a: Clefable
|-damage|p2a: Clefable|29/100
|move|p2a: Clefable|Calm Mind|p2a: Clefable
|-boost|p2a: Clefable|spa|1
|-boost|p2a: Clefable|spd|1
|
|-heal|p2a: Clefable|35/100|[from] item: Leftovers
|-sideend|p1: IconicWrecker|move: Light Screen
|upkeep
|turn|9
|
|t:|1743849346
|move|p1a: Armarouge|Stored Power|p2a: Clefable
|-damage|p2a: Clefable|0 fnt
|faint|p2a: Clefable
|
|upkeep
|
|t:|1743849352
|switch|p2a: Clodsire|Clodsire, M|100/100
|turn|10
|
|t:|1743849359
|move|p1a: Armarouge|Stored Power|p2a: Clodsire
|-supereffective|p2a: Clodsire
|-damage|p2a: Clodsire|2/100
|move|p2a: Clodsire|Earthquake|p1a: Armarouge
|-supereffective|p1a: Armarouge
|-damage|p1a: Armarouge|45/100
|-ability|p1a: Armarouge|Weak Armor|boost
|-unboost|p1a: Armarouge|def|1
|-boost|p1a: Armarouge|spe|2
|
|-heal|p2a: Clodsire|8/100|[from] item: Leftovers
|upkeep
|turn|11
|
|t:|1743849373
|-terastallize|p2a: Clodsire|Dark
|move|p1a: Armarouge|Stored Power|p2a: Clodsire
|-immune|p2a: Clodsire
|move|p2a: Clodsire|Earthquake|p1a: Armarouge
|-supereffective|p1a: Armarouge
|-damage|p1a: Armarouge|0 fnt
|faint|p1a: Armarouge
|
|-heal|p2a: Clodsire|14/100|[from] item: Leftovers
|upkeep
|
|t:|1743849387
|switch|p1a: Dragapult|Dragapult, M|100/100
|-damage|p1a: Dragapult|88/100|[from] Stealth Rock
|turn|12
|
|t:|1743849394
|move|p1a: Dragapult|Dragon Darts|p2a: Clodsire
|-damage|p2a: Clodsire|0 fnt
|faint|p2a: Clodsire
|
|upkeep
|
|t:|1743849401
|switch|p2a: Sinistcha|Sinistcha|100/100
|turn|13
|
|t:|1743849417
|move|p1a: Dragapult|Phantom Force||[still]
|-prepare|p1a: Dragapult|Phantom Force
|-enditem|p1a: Dragapult|Power Herb
|-anim|p1a: Dragapult|Phantom Force|p2a: Sinistcha
|-supereffective|p2a: Sinistcha
|-damage|p2a: Sinistcha|36/100
|move|p2a: Sinistcha|Shadow Ball|p1a: Dragapult
|-supereffective|p1a: Dragapult
|-damage|p1a: Dragapult|5/100
|
|upkeep
|turn|14
|inactive|Tyujhgbnm has 120 seconds left.
|
|t:|1743849444
|move|p1a: Dragapult|Dragon Darts|p2a: Sinistcha
|-damage|p2a: Sinistcha|16/100
|-anim|p1a: Dragapult|Dragon Darts|p2a: Sinistcha
|-damage|p2a: Sinistcha|0 fnt
|faint|p2a: Sinistcha
|
|upkeep
|inactive|Tyujhgbnm has 120 seconds left.
|
|t:|1743849453
|switch|p2a: Okidogi|Okidogi, M|100/100
|turn|15
|
|t:|1743849461
|move|p1a: Dragapult|Psychic Fangs|p2a: Okidogi
|-supereffective|p2a: Okidogi
|-crit|p2a: Okidogi
|-damage|p2a: Okidogi|0 fnt
|faint|p2a: Okidogi
|
|upkeep
|-message|Tyujhgbnm forfeited.
|
|win|IconicWrecker
|raw|IconicWrecker's rating: 1162 &rarr; <strong>1185</strong><br />(+23 for winning)
|raw|Tyujhgbnm's rating: 1136 &rarr; <strong>1113</strong><br />(-23 for losing)
|l|☆Tyujhgbnm
|player|p2|
|l|☆IconicWrecker
|player|p1|
