|j|☆haruka number 1
|j|☆spudcutter
|t:|1743859799
|gametype|singles
|player|p1|haruka number 1|dawn|1700
|player|p2|spudcutter|ghetsis-gen5bw|1667
|teamsize|p1|6
|teamsize|p2|6
|gen|9
|tier|[Gen 9] OU
|rated|
|rule|HP Percentage Mod: HP is shown in percentages
|rule|Endless Battle Clause: Forcing endless battles is banned
|rule|Species Clause: Limit one of each Pokémon
|rule|OHKO Clause: OHKO moves are banned
|rule|Evasion Items Clause: Evasion items are banned
|rule|Evasion Moves Clause: Evasion moves are banned
|rule|Sleep Moves Clause: Sleep-inducing moves are banned
|clearpoke
|poke|p1|Gholdengo|
|poke|p1|Primarina, M|
|poke|p1|Cinderace, F|
|poke|p1|Raging Bolt|
|poke|p1|Landorus-Therian, M|
|poke|p1|Ogerpon-Cornerstone, F|
|poke|p2|Toxapex, M|
|poke|p2|Dragapult, M|
|poke|p2|Great Tusk|
|poke|p2|Kingambit, M|
|poke|p2|Iron Valiant|
|poke|p2|Dondozo, F|
|teampreview
|inactive|Battle timer is ON: inactive players will automatically lose when time's up. (requested by spudcutter)
|inactive|spudcutter has 120 seconds left.
|
|t:|1743859851
|start
|switch|p1a: Primarina|Primarina, M|100/100
|switch|p2a: Toxapex|Toxapex, M|100/100
|turn|1
|inactive|haruka number 1 has 120 seconds left.
|
|t:|1743859884
|move|p1a: Primarina|Flip Turn|p2a: Toxapex
|-resisted|p2a: Toxapex
|-damage|p2a: Toxapex|95/100
|
|t:|1743859885
|switch|p1a: Gholdengo|Gholdengo|100/100|[from] Flip Turn
|move|p2a: Toxapex|Sludge Bomb|p1a: Gholdengo
|-immune|p1a: Gholdengo
|
|upkeep
|turn|2
|j| Zeyrho
|
|t:|1743859907
|move|p1a: Gholdengo|Nasty Plot|p1a: Gholdengo
|-boost|p1a: Gholdengo|spa|2
|move|p2a: Toxapex|Surf|p1a: Gholdengo
|-damage|p1a: Gholdengo|70/100
|
|upkeep
|turn|3
|
|t:|1743859912
|switch|p2a: Kingambit|Kingambit, M|100/100
|move|p1a: Gholdengo|Shadow Ball|p2a: Kingambit
|-resisted|p2a: Kingambit
|-damage|p2a: Kingambit|53/100
|
|-heal|p2a: Kingambit|59/100|[from] item: Leftovers
|upkeep
|turn|4
|
|t:|1743859920
|switch|p1a: Landorus|Landorus-Therian, M|100/100
|-ability|p1a: Landorus|Intimidate|boost
|-unboost|p2a: Kingambit|atk|1
|-ability|p2a: Kingambit|Defiant|boost
|-boost|p2a: Kingambit|atk|2
|move|p2a: Kingambit|Sucker Punch||[still]
|-fail|p2a: Kingambit
|
|-heal|p2a: Kingambit|66/100|[from] item: Leftovers
|upkeep
|turn|5
|
|t:|1743859949
|switch|p2a: Great Tusk|Great Tusk|100/100
|move|p1a: Landorus|Earthquake|p2a: Great Tusk
|-damage|p2a: Great Tusk|63/100
|
|-heal|p2a: Great Tusk|69/100|[from] item: Leftovers
|upkeep
|turn|6
|
|t:|1743859956
|switch|p1a: Cinderace|Cinderace, F|100/100
|move|p2a: Great Tusk|Rapid Spin|p1a: Cinderace
|-damage|p1a: Cinderace|73/100
|-boost|p2a: Great Tusk|spe|1
|
|-heal|p2a: Great Tusk|75/100|[from] item: Leftovers
|upkeep
|turn|7
|
|t:|1743859961
|switch|p1a: Landorus|Landorus-Therian, M|100/100
|-ability|p1a: Landorus|Intimidate|boost
|-unboost|p2a: Great Tusk|atk|1
|move|p2a: Great Tusk|Ice Spinner|p1a: Landorus
|-supereffective|p1a: Landorus
|-damage|p1a: Landorus|45/100
|-damage|p2a: Great Tusk|59/100|[from] item: Rocky Helmet|[of] p1a: Landorus
|
|-heal|p2a: Great Tusk|65/100|[from] item: Leftovers
|upkeep
|turn|8
|
|t:|1743859964
|switch|p1a: Cinderace|Cinderace, F|73/100
|move|p2a: Great Tusk|Ice Spinner|p1a: Cinderace
|-resisted|p1a: Cinderace
|-damage|p1a: Cinderace|61/100
|
|-heal|p2a: Great Tusk|71/100|[from] item: Leftovers
|upkeep
|turn|9
|
|t:|1743859968
|switch|p1a: Landorus|Landorus-Therian, M|45/100
|-ability|p1a: Landorus|Intimidate|boost
|-unboost|p2a: Great Tusk|atk|1
|move|p2a: Great Tusk|Headlong Rush|p1a: Landorus
|-immune|p1a: Landorus
|
|-heal|p2a: Great Tusk|78/100|[from] item: Leftovers
|upkeep
|turn|10
|
|t:|1743859978
|switch|p1a: Primarina|Primarina, M|100/100
|move|p2a: Great Tusk|Ice Spinner|p1a: Primarina
|-resisted|p1a: Primarina
|-damage|p1a: Primarina|92/100
|
|-heal|p2a: Great Tusk|84/100|[from] item: Leftovers
|upkeep
|turn|11
|
|t:|1743859981
|-end|p2a: Great Tusk|Protosynthesis|[silent]
|switch|p2a: Toxapex|Toxapex, M|100/100
|switch|p1a: Landorus|Landorus-Therian, M|45/100
|-ability|p1a: Landorus|Intimidate|boost
|-unboost|p2a: Toxapex|atk|1
|
|upkeep
|turn|12
|
|t:|1743859985
|move|p1a: Landorus|Stealth Rock|p2a: Toxapex
|-sidestart|p2: spudcutter|move: Stealth Rock
|move|p2a: Toxapex|Ice Beam|p1a: Landorus
|-supereffective|p1a: Landorus
|-damage|p1a: Landorus|0 fnt
|faint|p1a: Landorus
|
|upkeep
|
|t:|1743859988
|switch|p1a: Gholdengo|Gholdengo|70/100
|turn|13
|
|t:|1743859994
|switch|p2a: Kingambit|Kingambit, M|66/100
|-damage|p2a: Kingambit|59/100|[from] Stealth Rock
|move|p1a: Gholdengo|Nasty Plot|p1a: Gholdengo
|-boost|p1a: Gholdengo|spa|2
|
|-heal|p2a: Kingambit|66/100|[from] item: Leftovers
|upkeep
|turn|14
|
|t:|1743859998
|-terastallize|p1a: Gholdengo|Fighting
|move|p1a: Gholdengo|Tera Blast|p2a: Kingambit|[anim] Tera Blast Fighting
|-supereffective|p2a: Kingambit
|-damage|p2a: Kingambit|0 fnt
|faint|p2a: Kingambit
|
|upkeep
|
|t:|1743860004
|switch|p2a: Toxapex|Toxapex, M|100/100
|-damage|p2a: Toxapex|88/100|[from] Stealth Rock
|turn|15
|
|t:|1743860008
|move|p1a: Gholdengo|Shadow Ball|p2a: Toxapex
|-damage|p2a: Toxapex|38/100
|move|p2a: Toxapex|Sludge Bomb|p1a: Gholdengo
|-damage|p1a: Gholdengo|40/100
|
|upkeep
|turn|16
|
|t:|1743860016
|move|p1a: Gholdengo|Shadow Ball|p2a: Toxapex
|-damage|p2a: Toxapex|0 fnt
|faint|p2a: Toxapex
|
|upkeep
|
|t:|1743860018
|switch|p2a: Dragapult|Dragapult, M|100/100
|-damage|p2a: Dragapult|88/100|[from] Stealth Rock
|turn|17
|
|t:|1743860020
|move|p2a: Dragapult|Dragon Darts|p1a: Gholdengo
|-damage|p1a: Gholdengo|12/100
|-anim|p2a: Dragapult|Dragon Darts|p1a: Gholdengo
|-damage|p1a: Gholdengo|0 fnt
|faint|p1a: Gholdengo
|
|-heal|p2a: Dragapult|94/100|[from] item: Leftovers
|upkeep
|
|t:|1743860025
|switch|p1a: Primarina|Primarina, M|92/100
|turn|18
|
|t:|1743860034
|-terastallize|p2a: Dragapult|Steel
|move|p2a: Dragapult|Dragon Dance|p2a: Dragapult
|-boost|p2a: Dragapult|atk|1
|-boost|p2a: Dragapult|spe|1
|move|p1a: Primarina|Moonblast|p2a: Dragapult
|-resisted|p2a: Dragapult
|-damage|p2a: Dragapult|60/100
|
|-heal|p2a: Dragapult|66/100|[from] item: Leftovers
|upkeep
|turn|19
|
|t:|1743860044
|switch|p1a: Cinderace|Cinderace, F|61/100
|move|p2a: Dragapult|Tera Blast|p1a: Cinderace|[anim] Tera Blast Steel
|-resisted|p1a: Cinderace
|-damage|p1a: Cinderace|15/100
|
|-heal|p2a: Dragapult|72/100|[from] item: Leftovers
|upkeep
|turn|20
|
|t:|1743860048
|move|p2a: Dragapult|Substitute|p2a: Dragapult
|-start|p2a: Dragapult|Substitute
|-damage|p2a: Dragapult|48/100
|move|p1a: Cinderace|Pyro Ball|p2a: Dragapult
|-supereffective|p2a: Dragapult
|-end|p2a: Dragapult|Substitute
|
|-heal|p2a: Dragapult|53/100|[from] item: Leftovers
|upkeep
|turn|21
|
|t:|1743860051
|move|p2a: Dragapult|Dragon Darts|p1a: Cinderace
|-damage|p1a: Cinderace|0 fnt
|faint|p1a: Cinderace
|
|-heal|p2a: Dragapult|59/100|[from] item: Leftovers
|upkeep
|
|t:|1743860053
|switch|p1a: Ogerpon|Ogerpon-Cornerstone, F|100/100
|turn|22
|
|t:|1743860055
|move|p2a: Dragapult|Dragon Darts|p1a: Ogerpon
|-damage|p1a: Ogerpon|45/100
|-anim|p2a: Dragapult|Dragon Darts|p1a: Ogerpon
|-damage|p1a: Ogerpon|0 fnt
|faint|p1a: Ogerpon
|
|-heal|p2a: Dragapult|65/100|[from] item: Leftovers
|upkeep
|-message|haruka number 1 forfeited.
|
|win|spudcutter
|raw|haruka number 1's rating: 1678 &rarr; <strong>1657</strong><br />(-21 for losing)
|raw|spudcutter's rating: 1667 &rarr; <strong>1688</strong><br />(+21 for winning)
|l|☆haruka number 1
|player|p1|
|l|☆spudcutter
|player|p2|
