|j|☆infernapedeath
|j|☆jxrx
|t:|1743859670
|gametype|singles
|player|p1|infernapedeath|hiker-gen4|1286
|player|p2|jxrx|norman|1236
|teamsize|p1|6
|teamsize|p2|6
|gen|9
|tier|[Gen 9] OU
|rated|
|rule|HP Percentage Mod: HP is shown in percentages
|rule|Endless Battle Clause: Forcing endless battles is banned
|rule|Species Clause: Limit one of each Pokémon
|rule|OHKO Clause: OHKO moves are banned
|rule|Evasion Items Clause: Evasion items are banned
|rule|Evasion Moves Clause: Evasion moves are banned
|rule|Sleep Moves Clause: Sleep-inducing moves are banned
|clearpoke
|poke|p1|Landorus-Therian, M|
|poke|p1|Dragapult, M|
|poke|p1|Araquanid, M|
|poke|p1|Kingambit, M|
|poke|p1|Raging Bolt|
|poke|p1|Iron Valiant|
|poke|p2|Great Tusk|
|poke|p2|Muk-Alola, F|
|poke|p2|Dragapult, M|
|poke|p2|Empoleon, M|
|poke|p2|Vileplume, M|
|poke|p2|Iron Moth|
|teampreview
|inactive|Battle timer is ON: inactive players will automatically lose when time's up. (requested by infernapedeath)
|inactive|jxrx has 120 seconds left.
|inactive|jxrx has 90 seconds left.
|inactive|jxrx has 60 seconds left.
|inactive|jxrx has 30 seconds left.
|inactive|jxrx has 20 seconds left.
|inactive|jxrx has 15 seconds left.
|inactive|jxrx has 10 seconds left.
|
|t:|1743859840
|start
|switch|p1a: Landorus|Landorus-Therian, M|100/100
|switch|p2a: Vileplume|Vileplume, M|100/100
|-ability|p1a: Landorus|Intimidate|boost
|-unboost|p2a: Vileplume|atk|1
|turn|1
|
|t:|1743859855
|move|p1a: Landorus|Swords Dance|p1a: Landorus
|-boost|p1a: Landorus|atk|2
|move|p2a: Vileplume|Giga Drain|p1a: Landorus
|-damage|p1a: Landorus|68/100
|
|-heal|p1a: Landorus|75/100|[from] item: Leftovers
|upkeep
|turn|2
|
|t:|1743859870
|move|p1a: Landorus|Earthquake|p2a: Vileplume
|-damage|p2a: Vileplume|17/100
|move|p2a: Vileplume|Strength Sap|p1a: Landorus
|-unboost|p1a: Landorus|atk|1
|-heal|p2a: Vileplume|100/100
|
|-heal|p1a: Landorus|81/100|[from] item: Leftovers
|upkeep
|turn|3
|
|t:|1743859878
|move|p1a: Landorus|Swords Dance|p1a: Landorus
|-boost|p1a: Landorus|atk|2
|move|p2a: Vileplume|Leech Seed|p1a: Landorus
|-start|p1a: Landorus|move: Leech Seed
|
|-heal|p1a: Landorus|87/100|[from] item: Leftovers
|-damage|p1a: Landorus|75/100|[from] Leech Seed|[of] p2a: Vileplume
|upkeep
|turn|4
|inactive|jxrx has 90 seconds left.
|
|t:|1743859896
|switch|p2a: Empoleon|Empoleon, M|100/100
|move|p1a: Landorus|Earthquake|p2a: Empoleon
|-supereffective|p2a: Empoleon
|-damage|p2a: Empoleon|0 fnt
|faint|p2a: Empoleon
|
|-heal|p1a: Landorus|81/100|[from] item: Leftovers
|upkeep
|inactive|jxrx has 60 seconds left.
|
|t:|1743859948
|switch|p2a: Iron Moth|Iron Moth|100/100
|turn|5
|
|t:|1743859958
|move|p2a: Iron Moth|Fiery Dance|p1a: Landorus
|-damage|p1a: Landorus|28/100
|-boost|p2a: Iron Moth|spa|1
|move|p1a: Landorus|Earthquake|p2a: Iron Moth
|-supereffective|p2a: Iron Moth
|-damage|p2a: Iron Moth|0 fnt
|faint|p2a: Iron Moth
|-end|p2a: Iron Moth|Quark Drive|[silent]
|
|-heal|p1a: Landorus|34/100|[from] item: Leftovers
|upkeep
|
|t:|1743859963
|switch|p2a: Dragapult|Dragapult, M|100/100
|turn|6
|
|t:|1743859974
|move|p2a: Dragapult|Dragon Darts|p1a: Landorus
|-damage|p1a: Landorus|7/100
|-anim|p2a: Dragapult|Dragon Darts|p1a: Landorus
|-damage|p1a: Landorus|0 fnt
|faint|p1a: Landorus
|
|upkeep
|
|t:|1743859980
|switch|p1a: Kingambit|Kingambit, M|100/100
|-activate|p1a: Kingambit|ability: Supreme Overlord
|-start|p1a: Kingambit|fallen1|[silent]
|turn|7
|inactive|jxrx has 60 seconds left.
|
|t:|1743860000
|switch|p2a: Vileplume|Vileplume, M|100/100
|move|p1a: Kingambit|Kowtow Cleave|p2a: Vileplume
|-damage|p2a: Vileplume|50/100
|-damage|p1a: Kingambit|84/100|[from] item: Rocky Helmet|[of] p2a: Vileplume
|
|upkeep
|turn|8
|
|t:|1743860015
|-end|p1a: Kingambit|fallen1|[silent]
|switch|p1a: Iron Valiant|Iron Valiant|100/100
|-enditem|p1a: Iron Valiant|Booster Energy
|-activate|p1a: Iron Valiant|ability: Quark Drive|[fromitem]
|-start|p1a: Iron Valiant|quarkdrivespe
|move|p2a: Vileplume|Strength Sap|p1a: Iron Valiant
|-unboost|p1a: Iron Valiant|atk|1
|-heal|p2a: Vileplume|100/100
|
|upkeep
|turn|9
|
|t:|1743860021
|move|p1a: Iron Valiant|Psychic|p2a: Vileplume
|-supereffective|p2a: Vileplume
|-damage|p2a: Vileplume|39/100
|move|p2a: Vileplume|Sludge Bomb|p1a: Iron Valiant
|-supereffective|p1a: Iron Valiant
|-damage|p1a: Iron Valiant|0 fnt
|faint|p1a: Iron Valiant
|-end|p1a: Iron Valiant|Quark Drive|[silent]
|
|upkeep
|
|t:|1743860027
|switch|p1a: Dragapult|Dragapult, M|100/100
|turn|10
|
|t:|1743860031
|switch|p2a: Muk|Muk-Alola, F|100/100
|move|p1a: Dragapult|Dragon Darts|p2a: Muk
|-damage|p2a: Muk|70/100
|-anim|p1a: Dragapult|Dragon Darts|p2a: Muk
|-damage|p2a: Muk|42/100
|
|upkeep
|turn|11
|
|t:|1743860035
|move|p2a: Muk|Shadow Sneak|p1a: Dragapult
|-supereffective|p1a: Dragapult
|-damage|p1a: Dragapult|73/100
|move|p1a: Dragapult|Dragon Darts|p2a: Muk
|-damage|p2a: Muk|15/100
|-anim|p1a: Dragapult|Dragon Darts|p2a: Muk
|-crit|p2a: Muk
|-damage|p2a: Muk|0 fnt
|faint|p2a: Muk
|
|-heal|p1a: Dragapult|79/100|[from] item: Leftovers
|upkeep
|
|t:|1743860040
|switch|p2a: Great Tusk|Great Tusk|100/100
|turn|12
|inactive|jxrx has 90 seconds left.
|inactive|jxrx has 60 seconds left.
|
|t:|1743860097
|-terastallize|p1a: Dragapult|Dragon
|move|p1a: Dragapult|Psychic Fangs|p2a: Great Tusk
|-supereffective|p2a: Great Tusk
|-damage|p2a: Great Tusk|57/100
|move|p2a: Great Tusk|Ice Spinner|p1a: Dragapult
|-supereffective|p1a: Dragapult
|-damage|p1a: Dragapult|1/100
|
|-heal|p1a: Dragapult|7/100|[from] item: Leftovers
|upkeep
|turn|13
|inactive|jxrx has 60 seconds left.
|inactive|infernapedeath has 120 seconds left.
|
|t:|1743860128
|switch|p1a: Raging Bolt|Raging Bolt|100/100
|-enditem|p1a: Raging Bolt|Booster Energy
|-activate|p1a: Raging Bolt|ability: Protosynthesis|[fromitem]
|-start|p1a: Raging Bolt|protosynthesisspa
|move|p2a: Great Tusk|Earthquake|p1a: Raging Bolt
|-supereffective|p1a: Raging Bolt
|-damage|p1a: Raging Bolt|12/100
|
|upkeep
|turn|14
|inactive|jxrx has 60 seconds left.
|
|t:|1743860138
|move|p2a: Great Tusk|Earthquake|p1a: Raging Bolt
|-supereffective|p1a: Raging Bolt
|-damage|p1a: Raging Bolt|0 fnt
|faint|p1a: Raging Bolt
|-end|p1a: Raging Bolt|Protosynthesis|[silent]
|
|upkeep
|
|t:|1743860142
|switch|p1a: Araquanid|Araquanid, M|100/100
|turn|15
|
|t:|1743860150
|-end|p2a: Great Tusk|Protosynthesis|[silent]
|switch|p2a: Vileplume|Vileplume, M|39/100
|move|p1a: Araquanid|Liquidation|p2a: Vileplume
|-resisted|p2a: Vileplume
|-damage|p2a: Vileplume|14/100
|-damage|p1a: Araquanid|84/100|[from] item: Rocky Helmet|[of] p2a: Vileplume
|
|upkeep
|turn|16
|
|t:|1743860176
|move|p2a: Vileplume|Strength Sap|p1a: Araquanid
|-unboost|p1a: Araquanid|atk|1
|-heal|p2a: Vileplume|88/100
|move|p1a: Araquanid|Liquidation|p2a: Vileplume
|-resisted|p2a: Vileplume
|-damage|p2a: Vileplume|72/100
|-damage|p1a: Araquanid|67/100|[from] item: Rocky Helmet|[of] p2a: Vileplume
|-status|p1a: Araquanid|par|[from] ability: Effect Spore|[of] p2a: Vileplume
|
|upkeep
|turn|17
|
|t:|1743860195
|move|p2a: Vileplume|Leech Seed|p1a: Araquanid
|-start|p1a: Araquanid|move: Leech Seed
|cant|p1a: Araquanid|par
|
|-damage|p1a: Araquanid|55/100 par|[from] Leech Seed|[of] p2a: Vileplume
|-heal|p2a: Vileplume|84/100|[silent]
|upkeep
|turn|18
|
|t:|1743860202
|move|p2a: Vileplume|Giga Drain|p1a: Araquanid
|-damage|p1a: Araquanid|33/100 par
|-heal|p2a: Vileplume|95/100|[from] drain|[of] p1a: Araquanid
|move|p1a: Araquanid|Sticky Web|p2a: Vileplume
|-sidestart|p2: jxrx|move: Sticky Web
|
|-damage|p1a: Araquanid|20/100 par|[from] Leech Seed|[of] p2a: Vileplume
|-heal|p2a: Vileplume|100/100|[silent]
|upkeep
|turn|19
|
|t:|1743860207
|move|p2a: Vileplume|Giga Drain|p1a: Araquanid
|-damage|p1a: Araquanid|0 fnt
|faint|p1a: Araquanid
|
|upkeep
|
|t:|1743860211
|switch|p1a: Kingambit|Kingambit, M|84/100
|-activate|p1a: Kingambit|ability: Supreme Overlord
|-start|p1a: Kingambit|fallen4|[silent]
|turn|20
|
|t:|1743860213
|move|p1a: Kingambit|Swords Dance|p1a: Kingambit
|-boost|p1a: Kingambit|atk|2
|move|p2a: Vileplume|Leech Seed|p1a: Kingambit
|-start|p1a: Kingambit|move: Leech Seed
|
|-damage|p1a: Kingambit|72/100|[from] Leech Seed|[of] p2a: Vileplume
|upkeep
|turn|21
|
|t:|1743860216
|move|p1a: Kingambit|Kowtow Cleave|p2a: Vileplume
|-damage|p2a: Vileplume|0 fnt
|-damage|p1a: Kingambit|55/100|[from] item: Rocky Helmet|[of] p2a: Vileplume
|-status|p1a: Kingambit|par|[from] ability: Effect Spore|[of] p2a: Vileplume
|faint|p2a: Vileplume
|
|upkeep
|
|t:|1743860220
|switch|p2a: Great Tusk|Great Tusk|57/100
|turn|22
|
|t:|1743860225
|move|p1a: Kingambit|Sucker Punch||[still]
|-fail|p1a: Kingambit
|move|p2a: Great Tusk|Stealth Rock|p1a: Kingambit
|-sidestart|p1: infernapedeath|move: Stealth Rock
|
|-damage|p1a: Kingambit|43/100 par|[from] Leech Seed|[of] p2a: Great Tusk
|-heal|p2a: Great Tusk|70/100|[silent]
|upkeep
|turn|23
|
|t:|1743860233
|move|p1a: Kingambit|Sucker Punch||[still]
|-fail|p1a: Kingambit
|move|p2a: Great Tusk|Stealth Rock||[still]
|-fail|p2a: Great Tusk
|
|-damage|p1a: Kingambit|30/100 par|[from] Leech Seed|[of] p2a: Great Tusk
|-heal|p2a: Great Tusk|84/100|[silent]
|upkeep
|turn|24
|
|t:|1743860237
|move|p1a: Kingambit|Sucker Punch||[still]
|-fail|p1a: Kingambit
|move|p2a: Great Tusk|Stealth Rock||[still]
|-fail|p2a: Great Tusk
|
|-damage|p1a: Kingambit|18/100 par|[from] Leech Seed|[of] p2a: Great Tusk
|-heal|p2a: Great Tusk|97/100|[silent]
|upkeep
|turn|25
|
|t:|1743860241
|move|p2a: Great Tusk|Earthquake|p1a: Kingambit
|-supereffective|p1a: Kingambit
|-damage|p1a: Kingambit|0 fnt
|faint|p1a: Kingambit
|-end|p1a: Kingambit|fallen4|[silent]
|
|upkeep
|
|t:|1743860245
|switch|p1a: Dragapult|Dragapult, M, tera:Dragon|7/100
|-damage|p1a: Dragapult|0 fnt|[from] Stealth Rock
|faint|p1a: Dragapult
|
|win|jxrx
|raw|infernapedeath's rating: 1266 &rarr; <strong>1239</strong><br />(-27 for losing)
|raw|jxrx's rating: 1236 &rarr; <strong>1263</strong><br />(+27 for winning)
|l|☆jxrx
|player|p2|
|l|☆infernapedeath
|player|p1|
