|j|☆mayomama
|j|☆NoobEpidemic02
|t:|1743793484
|gametype|singles
|player|p1|mayomama|170|1184
|player|p2|NoobEpidemic02|twins-gen4dp|1118
|teamsize|p1|6
|teamsize|p2|6
|gen|9
|tier|[Gen 9] OU
|rated|
|rule|HP Percentage Mod: HP is shown in percentages
|rule|Endless Battle Clause: Forcing endless battles is banned
|rule|Species Clause: Limit one of each Pokémon
|rule|OHKO Clause: OHKO moves are banned
|rule|Evasion Items Clause: Evasion items are banned
|rule|Evasion Moves Clause: Evasion moves are banned
|rule|Sleep Moves Clause: Sleep-inducing moves are banned
|clearpoke
|poke|p1|Tornadus-Therian, M|
|poke|p1|Meowscarada, F|
|poke|p1|Slither Wing|
|poke|p1|Kyurem|
|poke|p1|Munkidori, M|
|poke|p1|Iron Treads|
|poke|p2|Alomomola, M|
|poke|p2|Amoonguss, M|
|poke|p2|Blissey, F|
|poke|p2|Quagsire, M|
|poke|p2|Chansey, F|
|poke|p2|Cinderace, M|
|teampreview
|inactive|Battle timer is ON: inactive players will automatically lose when time's up. (requested by mayomama)
|inactive|NoobEpidemic02 has 120 seconds left.
|
|t:|1743793526
|start
|switch|p1a: Slither Wing|Slither Wing|100/100
|switch|p2a: Alomomola|Alomomola, M|100/100
|turn|1
|
|t:|1743793532
|move|p1a: Slither Wing|U-turn|p2a: Alomomola
|-damage|p2a: Alomomola|78/100
|-damage|p1a: Slither Wing|84/100|[from] item: Rocky Helmet|[of] p2a: Alomomola
|
|t:|1743793538
|-end|p1a: Slither Wing|Protosynthesis|[silent]
|switch|p1a: Munkidori|Munkidori, M|100/100|[from] U-turn
|move|p2a: Alomomola|Whirlpool|p1a: Munkidori
|-damage|p1a: Munkidori|93/100
|-activate|p1a: Munkidori|move: Whirlpool|[of] p2a: Alomomola
|
|-damage|p1a: Munkidori|81/100|[from] move: Whirlpool|[partiallytrapped]
|upkeep
|turn|2
|
|t:|1743793549
|move|p2a: Alomomola|Protect|p2a: Alomomola
|-singleturn|p2a: Alomomola|Protect
|move|p1a: Munkidori|Trick|p2a: Alomomola
|-activate|p2a: Alomomola|move: Protect
|
|-damage|p1a: Munkidori|68/100|[from] move: Whirlpool|[partiallytrapped]
|upkeep
|turn|3
|
|t:|1743793554
|switch|p2a: Blissey|Blissey, F|100/100
|move|p1a: Munkidori|Trick|p2a: Blissey
|-activate|p1a: Munkidori|move: Trick|[of] p2a: Blissey
|-item|p2a: Blissey|Choice Specs|[from] move: Trick
|-item|p1a: Munkidori|Choice Specs|[from] move: Trick
|
|-end|p1a: Munkidori|Whirlpool|[partiallytrapped]|[silent]
|upkeep
|turn|4
|
|t:|1743793568
|move|p1a: Munkidori|Parting Shot|p2a: Blissey
|-unboost|p2a: Blissey|atk|1
|-unboost|p2a: Blissey|spa|1
|
|t:|1743793572
|switch|p1a: Slither Wing|Slither Wing|84/100|[from] Parting Shot
|move|p2a: Blissey|Ice Beam|p1a: Slither Wing
|-damage|p1a: Slither Wing|63/100
|
|upkeep
|turn|5
|
|t:|1743793576
|switch|p2a: Alomomola|Alomomola, M|100/100
|move|p1a: Slither Wing|U-turn|p2a: Alomomola
|-damage|p2a: Alomomola|78/100
|-damage|p1a: Slither Wing|46/100|[from] item: Rocky Helmet|[of] p2a: Alomomola
|
|t:|1743793592
|-end|p1a: Slither Wing|Protosynthesis|[silent]
|switch|p1a: Meowscarada|Meowscarada, F|100/100|[from] U-turn
|
|upkeep
|turn|6
|
|t:|1743793594
|move|p2a: Alomomola|Protect|p2a: Alomomola
|-singleturn|p2a: Alomomola|Protect
|move|p1a: Meowscarada|Knock Off|p2a: Alomomola
|-start|p1a: Meowscarada|typechange|Dark|[from] ability: Protean
|-activate|p2a: Alomomola|move: Protect
|
|upkeep
|turn|7
|
|t:|1743793603
|move|p1a: Meowscarada|Knock Off|p2a: Alomomola
|-damage|p2a: Alomomola|53/100
|-damage|p1a: Meowscarada|84/100|[from] item: Rocky Helmet|[of] p2a: Alomomola
|-enditem|p2a: Alomomola|Rocky Helmet|[from] move: Knock Off|[of] p1a: Meowscarada
|move|p2a: Alomomola|Whirlpool|p1a: Meowscarada
|-damage|p1a: Meowscarada|74/100
|-activate|p1a: Meowscarada|move: Whirlpool|[of] p2a: Alomomola
|
|-damage|p1a: Meowscarada|62/100|[from] move: Whirlpool|[partiallytrapped]
|upkeep
|turn|8
|
|t:|1743793607
|move|p1a: Meowscarada|Knock Off|p2a: Alomomola
|-damage|p2a: Alomomola|36/100
|move|p2a: Alomomola|Wish|p2a: Alomomola
|
|-damage|p1a: Meowscarada|49/100|[from] move: Whirlpool|[partiallytrapped]
|upkeep
|turn|9
|
|t:|1743793612
|move|p2a: Alomomola|Protect|p2a: Alomomola
|-singleturn|p2a: Alomomola|Protect
|move|p1a: Meowscarada|Knock Off|p2a: Alomomola
|-activate|p2a: Alomomola|move: Protect
|
|-heal|p2a: Alomomola|86/100|[from] move: Wish|[wisher] Alomomola
|-damage|p1a: Meowscarada|37/100|[from] move: Whirlpool|[partiallytrapped]
|upkeep
|turn|10
|
|t:|1743793614
|move|p1a: Meowscarada|Knock Off|p2a: Alomomola
|-damage|p2a: Alomomola|72/100
|move|p2a: Alomomola|Whirlpool|p1a: Meowscarada
|-damage|p1a: Meowscarada|28/100
|
|-damage|p1a: Meowscarada|16/100|[from] move: Whirlpool|[partiallytrapped]
|upkeep
|turn|11
|
|t:|1743793616
|move|p1a: Meowscarada|Knock Off|p2a: Alomomola
|-damage|p2a: Alomomola|56/100
|move|p2a: Alomomola|Whirlpool|p1a: Meowscarada
|-damage|p1a: Meowscarada|6/100
|
|-end|p1a: Meowscarada|Whirlpool|[partiallytrapped]
|upkeep
|turn|12
|
|t:|1743793618
|move|p1a: Meowscarada|Knock Off|p2a: Alomomola
|-damage|p2a: Alomomola|39/100
|move|p2a: Alomomola|Wish|p2a: Alomomola
|
|upkeep
|turn|13
|
|t:|1743793621
|move|p1a: Meowscarada|Knock Off|p2a: Alomomola
|-damage|p2a: Alomomola|24/100
|move|p2a: Alomomola|Whirlpool|p1a: Meowscarada
|-damage|p1a: Meowscarada|0 fnt
|faint|p1a: Meowscarada
|
|-heal|p2a: Alomomola|74/100|[from] move: Wish|[wisher] Alomomola
|upkeep
|
|t:|1743793626
|switch|p1a: Kyurem|Kyurem|100/100
|-ability|p1a: Kyurem|Pressure
|turn|14
|
|t:|1743793638
|switch|p1a: Munkidori|Munkidori, M|68/100
|move|p2a: Alomomola|Wish|p2a: Alomomola
|
|upkeep
|turn|15
|
|t:|1743793644
|switch|p2a: Blissey|Blissey, F|100/100
|move|p1a: Munkidori|Sludge Wave|p2a: Blissey
|-damage|p2a: Blissey|73/100
|-status|p2a: Blissey|psn
|
|-heal|p2a: Blissey|100/100 psn|[from] move: Wish|[wisher] Alomomola
|-damage|p2a: Blissey|88/100 psn|[from] psn
|upkeep
|turn|16
|
|t:|1743793656
|move|p1a: Munkidori|Sludge Wave|p2a: Blissey
|-damage|p2a: Blissey|58/100 psn
|move|p2a: Blissey|Shadow Ball|p1a: Munkidori
|-supereffective|p1a: Munkidori
|-damage|p1a: Munkidori|0 fnt
|faint|p1a: Munkidori
|
|-damage|p2a: Blissey|45/100 psn|[from] psn
|upkeep
|
|t:|1743793668
|switch|p1a: Kyurem|Kyurem|100/100
|-ability|p1a: Kyurem|Pressure
|turn|17
|
|t:|1743793673
|-curestatus|p2a: Blissey|psn|[from] ability: Natural Cure
|switch|p2a: Alomomola|Alomomola, M|100/100
|move|p1a: Kyurem|Dragon Dance|p1a: Kyurem
|-boost|p1a: Kyurem|atk|1
|-boost|p1a: Kyurem|spe|1
|
|upkeep
|turn|18
|
|t:|1743793676
|move|p1a: Kyurem|Tera Blast|p2a: Alomomola
|-damage|p2a: Alomomola|74/100
|move|p2a: Alomomola|Wish|p2a: Alomomola
|
|upkeep
|turn|19
|
|t:|1743793687
|-terastallize|p1a: Kyurem|Electric
|move|p1a: Kyurem|Tera Blast|p2a: Alomomola|[anim] Tera Blast Electric
|-supereffective|p2a: Alomomola
|-damage|p2a: Alomomola|9/100
|move|p2a: Alomomola|Whirlpool|p1a: Kyurem
|-damage|p1a: Kyurem|95/100
|-activate|p1a: Kyurem|move: Whirlpool|[of] p2a: Alomomola
|
|-heal|p2a: Alomomola|59/100|[from] move: Wish|[wisher] Alomomola
|-damage|p1a: Kyurem|83/100|[from] move: Whirlpool|[partiallytrapped]
|upkeep
|turn|20
|
|t:|1743793696
|move|p1a: Kyurem|Dragon Dance|p1a: Kyurem
|-boost|p1a: Kyurem|atk|1
|-boost|p1a: Kyurem|spe|1
|move|p2a: Alomomola|Wish|p2a: Alomomola
|
|-damage|p1a: Kyurem|70/100|[from] move: Whirlpool|[partiallytrapped]
|upkeep
|turn|21
|
|t:|1743793704
|switch|p2a: Quagsire|Quagsire, M|100/100
|move|p1a: Kyurem|Scale Shot|p2a: Quagsire
|-damage|p2a: Quagsire|91/100
|-damage|p2a: Quagsire|83/100
|-damage|p2a: Quagsire|74/100
|-damage|p2a: Quagsire|64/100
|-crit|p2a: Quagsire
|-damage|p2a: Quagsire|49/100
|-hitcount|p2a: Quagsire|5
|-unboost|p1a: Kyurem|def|1
|-boost|p1a: Kyurem|spe|1
|
|-heal|p2a: Quagsire|100/100|[from] move: Wish|[wisher] Alomomola
|-end|p1a: Kyurem|Whirlpool|[partiallytrapped]|[silent]
|upkeep
|turn|22
|
|t:|1743793712
|switch|p1a: Tornadus|Tornadus-Therian, M|100/100
|move|p2a: Quagsire|Toxic|p1a: Tornadus
|-status|p1a: Tornadus|tox
|
|-damage|p1a: Tornadus|95/100 tox|[from] psn
|upkeep
|turn|23
|-message|mayomama forfeited.
|
|win|NoobEpidemic02
|raw|mayomama's rating: 1210 &rarr; <strong>1179</strong><br />(-31 for losing)
|raw|NoobEpidemic02's rating: 1118 &rarr; <strong>1149</strong><br />(+31 for winning)
|l|☆mayomama
|player|p1|
