|j|☆Jaspersona37
|j|☆SlurredMo
|t:|1743782956
|gametype|singles
|player|p1|Jaspersona37|steven|1198
|player|p2|SlurredMo|psychic|1223
|teamsize|p1|6
|teamsize|p2|6
|gen|9
|tier|[Gen 9] OU
|rated|
|rule|HP Percentage Mod: HP is shown in percentages
|rule|Endless Battle Clause: Forcing endless battles is banned
|rule|Species Clause: Limit one of each Pokémon
|rule|OHKO Clause: OHKO moves are banned
|rule|Evasion Items Clause: Evasion items are banned
|rule|Evasion Moves Clause: Evasion moves are banned
|rule|Sleep Moves Clause: Sleep-inducing moves are banned
|clearpoke
|poke|p1|Garchomp, F|
|poke|p1|Meowscarada, F|
|poke|p1|Moltres|
|poke|p1|Iron Valiant|
|poke|p1|Dragapult, M|
|poke|p1|Weavile, F|
|poke|p2|Slowking-Galar, M|
|poke|p2|Alomomola, M|
|poke|p2|Florges, F|
|poke|p2|Kyurem|
|poke|p2|Heatran, F|
|poke|p2|Cryogonal|
|teampreview
|inactive|Battle timer is ON: inactive players will automatically lose when time's up. (requested by Jaspersona37)
|
|t:|1743782982
|start
|switch|p1a: Meowscarada|Meowscarada, F|100/100
|switch|p2a: Alomomola|Alomomola, M|100/100
|turn|1
|inactive|SlurredMo has 120 seconds left.
|
|t:|1743783016
|move|p1a: Meowscarada|Knock Off|p2a: Alomomola
|-start|p1a: Meowscarada|typechange|Dark|[from] ability: Protean
|-damage|p2a: Alomomola|76/100
|-enditem|p2a: Alomomola|Heavy-Duty Boots|[from] move: Knock Off|[of] p1a: Meowscarada
|move|p2a: Alomomola|Flip Turn|p1a: Meowscarada
|-damage|p1a: Meowscarada|75/100
|inactive|SlurredMo has 120 seconds left.
|inactive|SlurredMo has 90 seconds left.
|
|t:|1743783054
|switch|p2a: Florges|Florges, F|100/100|[from] Flip Turn
|
|upkeep
|turn|2
|inactive|SlurredMo has 90 seconds left.
|
|t:|1743783077
|move|p1a: Meowscarada|U-turn|p2a: Florges
|-resisted|p2a: Florges
|-crit|p2a: Florges
|-damage|p2a: Florges|87/100
|
|t:|1743783081
|switch|p1a: Moltres|Moltres|100/100|[from] U-turn
|move|p2a: Florges|Moonblast|p1a: Moltres
|-resisted|p1a: Moltres
|-crit|p1a: Moltres
|-damage|p1a: Moltres|74/100
|-unboost|p1a: Moltres|spa|1
|
|-heal|p2a: Florges|93/100|[from] item: Leftovers
|upkeep
|turn|3
|inactive|SlurredMo has 90 seconds left.
|
|t:|1743783096
|move|p1a: Moltres|Will-O-Wisp|p2a: Florges
|-status|p2a: Florges|brn
|move|p2a: Florges|Calm Mind|p2a: Florges
|-boost|p2a: Florges|spa|1
|-boost|p2a: Florges|spd|1
|
|-heal|p2a: Florges|99/100 brn|[from] item: Leftovers
|-damage|p2a: Florges|93/100 brn|[from] brn
|upkeep
|turn|4
|inactive|SlurredMo has 90 seconds left.
|
|t:|1743783104
|move|p2a: Florges|Moonblast|p1a: Moltres
|-resisted|p1a: Moltres
|-damage|p1a: Moltres|45/100
|-unboost|p1a: Moltres|spa|1
|move|p1a: Moltres|Roar|p2a: Florges
|drag|p2a: Heatran|Heatran, F|100/100
|
|upkeep
|turn|5
|inactive|SlurredMo has 90 seconds left.
|
|t:|1743783123
|switch|p1a: Garchomp|Garchomp, F|100/100
|move|p2a: Heatran|Stealth Rock|p1a: Garchomp
|-sidestart|p1: Jaspersona37|move: Stealth Rock
|
|upkeep
|turn|6
|inactive|SlurredMo has 90 seconds left.
|
|t:|1743783130
|switch|p2a: Alomomola|Alomomola, M|100/100
|move|p1a: Garchomp|Stealth Rock|p2a: Alomomola
|-sidestart|p2: SlurredMo|move: Stealth Rock
|
|upkeep
|turn|7
|
|t:|1743783140
|switch|p1a: Moltres|Moltres|45/100
|move|p2a: Alomomola|Flip Turn|p1a: Moltres
|-supereffective|p1a: Moltres
|-damage|p1a: Moltres|21/100
|inactive|SlurredMo has 90 seconds left.
|
|t:|1743783160
|switch|p2a: Kyurem|Kyurem|100/100|[from] Flip Turn
|-ability|p2a: Kyurem|Pressure
|
|upkeep
|turn|8
|
|t:|1743783174
|-terastallize|p2a: Kyurem|Electric
|move|p2a: Kyurem|Tera Blast|p1a: Moltres|[anim] Tera Blast Electric
|-supereffective|p1a: Moltres
|-damage|p1a: Moltres|0 fnt
|faint|p1a: Moltres
|
|upkeep
|inactive|Jaspersona37 has 120 seconds left.
|
|t:|1743783200
|switch|p1a: Weavile|Weavile, F|100/100
|-ability|p1a: Weavile|Pressure
|turn|9
|inactive|SlurredMo has 90 seconds left.
|
|t:|1743783230
|switch|p2a: Alomomola|Alomomola, M|100/100
|-damage|p2a: Alomomola|88/100|[from] Stealth Rock
|move|p1a: Weavile|Swords Dance|p1a: Weavile
|-boost|p1a: Weavile|atk|2
|
|upkeep
|turn|10
|
|t:|1743783238
|move|p1a: Weavile|Knock Off|p2a: Alomomola
|-damage|p2a: Alomomola|57/100
|move|p2a: Alomomola|Flip Turn|p1a: Weavile
|-damage|p1a: Weavile|73/100
|inactive|SlurredMo has 60 seconds left.
|
|t:|1743783276
|switch|p2a: Heatran|Heatran, F|100/100|[from] Flip Turn
|-damage|p2a: Heatran|88/100|[from] Stealth Rock
|
|-heal|p2a: Heatran|94/100|[from] item: Leftovers
|upkeep
|turn|11
|
|t:|1743783288
|switch|p1a: Garchomp|Garchomp, F|100/100
|-damage|p1a: Garchomp|94/100|[from] Stealth Rock
|move|p2a: Heatran|Magma Storm|p1a: Garchomp
|-resisted|p1a: Garchomp
|-damage|p1a: Garchomp|78/100
|-activate|p1a: Garchomp|move: Magma Storm|[of] p2a: Heatran
|
|-heal|p2a: Heatran|100/100|[from] item: Leftovers
|-damage|p1a: Garchomp|65/100|[from] move: Magma Storm|[partiallytrapped]
|upkeep
|turn|12
|
|t:|1743783304
|switch|p2a: Alomomola|Alomomola, M|90/100
|-damage|p2a: Alomomola|78/100|[from] Stealth Rock
|move|p1a: Garchomp|Fire Fang|p2a: Alomomola
|-resisted|p2a: Alomomola
|-damage|p2a: Alomomola|72/100
|
|-end|p1a: Garchomp|Magma Storm|[partiallytrapped]|[silent]
|upkeep
|turn|13
|
|t:|1743783321
|switch|p1a: Weavile|Weavile, F|73/100
|-ability|p1a: Weavile|Pressure
|move|p2a: Alomomola|Flip Turn|p1a: Weavile
|-damage|p1a: Weavile|43/100
|
|t:|1743783338
|switch|p2a: Kyurem|Kyurem, tera:Electric|100/100|[from] Flip Turn
|-ability|p2a: Kyurem|Pressure
|
|upkeep
|turn|14
|
|t:|1743783343
|move|p1a: Weavile|Knock Off|p2a: Kyurem
|-damage|p2a: Kyurem|54/100
|-enditem|p2a: Kyurem|Heavy-Duty Boots|[from] move: Knock Off|[of] p1a: Weavile
|move|p2a: Kyurem|Tera Blast|p1a: Weavile|[anim] Tera Blast Electric
|-damage|p1a: Weavile|0 fnt
|faint|p1a: Weavile
|
|upkeep
|
|t:|1743783348
|switch|p1a: Iron Valiant|Iron Valiant|100/100
|-damage|p1a: Iron Valiant|94/100|[from] Stealth Rock
|-enditem|p1a: Iron Valiant|Booster Energy
|-activate|p1a: Iron Valiant|ability: Quark Drive|[fromitem]
|-start|p1a: Iron Valiant|quarkdrivespe
|turn|15
|inactive|SlurredMo has 60 seconds left.
|
|t:|1743783363
|move|p1a: Iron Valiant|Moonblast|p2a: Kyurem
|-damage|p2a: Kyurem|12/100
|move|p2a: Kyurem|Blizzard|p1a: Iron Valiant
|-crit|p1a: Iron Valiant
|-damage|p1a: Iron Valiant|0 fnt
|faint|p1a: Iron Valiant
|-end|p1a: Iron Valiant|Quark Drive|[silent]
|
|upkeep
|
|t:|1743783368
|switch|p1a: Meowscarada|Meowscarada, F|75/100
|turn|16
|
|t:|1743783371
|move|p1a: Meowscarada|Flower Trick|p2a: Kyurem
|-start|p1a: Meowscarada|typechange|Grass|[from] ability: Protean
|-crit|p2a: Kyurem
|-damage|p2a: Kyurem|0 fnt
|faint|p2a: Kyurem
|
|upkeep
|inactive|SlurredMo has 60 seconds left.
|
|t:|1743783403
|switch|p2a: Slowking|Slowking-Galar, M|100/100
|turn|17
|
|t:|1743783411
|move|p1a: Meowscarada|Knock Off|p2a: Slowking
|-supereffective|p2a: Slowking
|-damage|p2a: Slowking|40/100
|-enditem|p2a: Slowking|Heavy-Duty Boots|[from] move: Knock Off|[of] p1a: Meowscarada
|-prepare|p2a: Slowking|Chilly Reception|[premajor]
|move|p2a: Slowking|Chilly Reception|p2a: Slowking
|-weather|Snowscape
|
|t:|1743783419
|switch|p2a: Cryogonal|Cryogonal|100/100|[from] Chilly Reception
|-damage|p2a: Cryogonal|76/100|[from] Stealth Rock
|
|-weather|Snowscape|[upkeep]
|upkeep
|turn|18
|
|t:|1743783429
|move|p1a: Meowscarada|Knock Off|p2a: Cryogonal
|-damage|p2a: Cryogonal|49/100
|-enditem|p2a: Cryogonal|Light Clay|[from] move: Knock Off|[of] p1a: Meowscarada
|move|p2a: Cryogonal|Aurora Veil|p2a: Cryogonal
|-sidestart|p2: SlurredMo|move: Aurora Veil
|
|-weather|Snowscape|[upkeep]
|upkeep
|turn|19
|
|t:|1743783436
|move|p1a: Meowscarada|U-turn|p2a: Cryogonal
|-damage|p2a: Cryogonal|40/100
|
|t:|1743783438
|switch|p1a: Dragapult|Dragapult, M|100/100|[from] U-turn
|-damage|p1a: Dragapult|88/100|[from] Stealth Rock
|move|p2a: Cryogonal|Blizzard|p1a: Dragapult
|-supereffective|p1a: Dragapult
|-damage|p1a: Dragapult|0 fnt
|faint|p1a: Dragapult
|
|-weather|Snowscape|[upkeep]
|upkeep
|
|t:|1743783440
|switch|p1a: Garchomp|Garchomp, F|65/100
|-damage|p1a: Garchomp|59/100|[from] Stealth Rock
|turn|20
|
|t:|1743783449
|move|p2a: Cryogonal|Blizzard|p1a: Garchomp
|-supereffective|p1a: Garchomp
|-damage|p1a: Garchomp|0 fnt
|faint|p1a: Garchomp
|
|-weather|Snowscape|[upkeep]
|upkeep
|
|t:|1743783453
|switch|p1a: Meowscarada|Meowscarada, F|75/100
|turn|21
|
|t:|1743783455
|move|p1a: Meowscarada|Flower Trick|p2a: Cryogonal
|-start|p1a: Meowscarada|typechange|Grass|[from] ability: Protean
|-crit|p2a: Cryogonal
|-damage|p2a: Cryogonal|0 fnt
|faint|p2a: Cryogonal
|
|-weather|none
|upkeep
|
|t:|1743783468
|switch|p2a: Heatran|Heatran, F|100/100
|-damage|p2a: Heatran|88/100|[from] Stealth Rock
|turn|22
|
|t:|1743783473
|move|p1a: Meowscarada|Triple Axel|p2a: Heatran
|-resisted|p2a: Heatran
|-damage|p2a: Heatran|88/100
|-resisted|p2a: Heatran
|-damage|p2a: Heatran|86/100
|-resisted|p2a: Heatran
|-damage|p2a: Heatran|84/100
|-hitcount|p2a: Heatran|3
|move|p2a: Heatran|Magma Storm|p1a: Meowscarada
|-supereffective|p1a: Meowscarada
|-damage|p1a: Meowscarada|0 fnt
|faint|p1a: Meowscarada
|
|win|SlurredMo
|raw|Jaspersona37's rating: 1198 &rarr; <strong>1175</strong><br />(-23 for losing)
|raw|SlurredMo's rating: 1223 &rarr; <strong>1246</strong><br />(+23 for winning)
|c|☆SlurredMo|gg
|l|☆Jaspersona37
|player|p1|
|l|☆SlurredMo
|player|p2|
