|j|☆ShittyHole69
|j|☆woshishui000
|t:|1743916087
|gametype|singles
|player|p1|ShittyHole69|drayden|1306
|player|p2|woshishui000|hilda-wonderlauncher|1303
|teamsize|p1|6
|teamsize|p2|6
|gen|9
|tier|[Gen 9] OU
|rated|
|rule|HP Percentage Mod: HP is shown in percentages
|rule|Endless Battle Clause: Forcing endless battles is banned
|rule|Species Clause: Limit one of each Pokémon
|rule|OHKO Clause: OHKO moves are banned
|rule|Evasion Items Clause: Evasion items are banned
|rule|Evasion Moves Clause: Evasion moves are banned
|rule|Sleep Moves Clause: Sleep-inducing moves are banned
|clearpoke
|poke|p1|Ogerpon, F|
|poke|p1|Chandelure, M|
|poke|p1|Mandibuzz, F|
|poke|p1|Moltres-Galar|
|poke|p1|Landorus-Therian, M|
|poke|p1|Comfey, M|
|poke|p2|Ninetales, F|
|poke|p2|Walking Wake|
|poke|p2|Venusaur, M|
|poke|p2|Corviknight, F|
|poke|p2|Garganacl, F|
|poke|p2|Incineroar, M|
|teampreview
|
|t:|1743916095
|start
|switch|p1a: Ogerpon-Shitspring|Ogerpon, F|100/100
|switch|p2a: Walking Wake|Walking Wake|100/100
|turn|1
|
|t:|1743916102
|-terastallize|p1a: Ogerpon-Shitspring|Grass
|detailschange|p1a: Ogerpon-Shitspring|Ogerpon-Teal-Tera, F, tera:Grass
|-ability|p1a: Ogerpon-Shitspring|Embody Aspect (Teal)|boost
|-boost|p1a: Ogerpon-Shitspring|spe|1
|-terastallize|p2a: Walking Wake|Fairy
|move|p1a: Ogerpon-Shitspring|Ivy Cudgel|p2a: Walking Wake
|-damage|p2a: Walking Wake|0 fnt
|faint|p2a: Walking Wake
|-end|p2a: Walking Wake|Protosynthesis|[silent]
|
|upkeep
|
|t:|1743916112
|switch|p2a: Incineroar|Incineroar, M|100/100
|-ability|p2a: Incineroar|Intimidate|boost
|-unboost|p1a: Ogerpon-Shitspring|atk|1
|turn|2
|
|t:|1743916117
|switch|p1a: Chandy|Chandelure, M|100/100
|move|p2a: Incineroar|Will-O-Wisp|p1a: Chandy
|-start|p1a: Chandy|ability: Flash Fire
|
|upkeep
|turn|3
|
|t:|1743916123
|move|p1a: Chandy|Overheat|p2a: Incineroar
|-resisted|p2a: Incineroar
|-damage|p2a: Incineroar|20/100
|-unboost|p1a: Chandy|spa|2
|move|p2a: Incineroar|Parting Shot|p1a: Chandy
|-unboost|p1a: Chandy|atk|1
|-unboost|p1a: Chandy|spa|1
|
|t:|1743916131
|switch|p2a: Garganacl|Garganacl, F|100/100|[from] Parting Shot
|
|upkeep
|turn|4
|
|t:|1743916136
|-end|p1a: Chandy|ability: Flash Fire|[silent]
|switch|p1a: Cancerous-Therian|Landorus-Therian, M|100/100
|-ability|p1a: Cancerous-Therian|Intimidate|boost
|-unboost|p2a: Garganacl|atk|1
|move|p2a: Garganacl|Salt Cure|p1a: Cancerous-Therian
|-damage|p1a: Cancerous-Therian|89/100
|-start|p1a: Cancerous-Therian|Salt Cure
|
|-damage|p1a: Cancerous-Therian|77/100|[from] Salt Cure
|upkeep
|turn|5
|
|t:|1743916145
|switch|p1a: Chandy|Chandelure, M|100/100
|switch|p2a: Corviknight|Corviknight, F|100/100
|-ability|p2a: Corviknight|Pressure
|
|upkeep
|turn|6
|
|t:|1743916152
|switch|p2a: Incineroar|Incineroar, M|20/100
|-ability|p2a: Incineroar|Intimidate|boost
|-unboost|p1a: Chandy|atk|1
|move|p1a: Chandy|Trick|p2a: Incineroar
|-activate|p1a: Chandy|move: Trick|[of] p2a: Incineroar
|-item|p2a: Incineroar|Choice Specs|[from] move: Trick
|-item|p1a: Chandy|Leftovers|[from] move: Trick
|
|upkeep
|turn|7
|
|t:|1743916160
|switch|p1a: Ogerpon-Shitspring|Ogerpon-Teal-Tera, F, tera:Grass|100/100
|-ability|p1a: Ogerpon-Shitspring|Embody Aspect (Teal)|boost
|-boost|p1a: Ogerpon-Shitspring|spe|1
|move|p2a: Incineroar|Parting Shot|p1a: Ogerpon-Shitspring
|-unboost|p1a: Ogerpon-Shitspring|atk|1
|-unboost|p1a: Ogerpon-Shitspring|spa|1
|
|t:|1743916167
|switch|p2a: Ninetales|Ninetales, F|100/100|[from] Parting Shot
|-weather|SunnyDay|[from] ability: Drought|[of] p2a: Ninetales
|
|-weather|SunnyDay|[upkeep]
|upkeep
|turn|8
|
|t:|1743916174
|switch|p2a: Venusaur|Venusaur, M|100/100
|move|p1a: Ogerpon-Shitspring|U-turn|p2a: Venusaur
|-damage|p2a: Venusaur|70/100
|
|t:|1743916183
|switch|p1a: Chandy|Chandelure, M|100/100|[from] U-turn
|
|-weather|SunnyDay|[upkeep]
|upkeep
|turn|9
|
|t:|1743916188
|move|p2a: Venusaur|Earth Power|p1a: Chandy
|-supereffective|p1a: Chandy
|-damage|p1a: Chandy|11/100
|-damage|p2a: Venusaur|60/100|[from] item: Life Orb
|move|p1a: Chandy|Flamethrower|p2a: Venusaur
|-supereffective|p2a: Venusaur
|-damage|p2a: Venusaur|0 fnt
|faint|p2a: Venusaur
|
|-weather|SunnyDay|[upkeep]
|-heal|p1a: Chandy|17/100|[from] item: Leftovers
|upkeep
|
|t:|1743916198
|switch|p2a: Garganacl|Garganacl, F|100/100
|turn|10
|
|t:|1743916200
|move|p1a: Chandy|Overheat|p2a: Garganacl
|-resisted|p2a: Garganacl
|-damage|p2a: Garganacl|58/100
|-unboost|p1a: Chandy|spa|2
|move|p2a: Garganacl|Curse|p2a: Garganacl
|-unboost|p2a: Garganacl|spe|1
|-boost|p2a: Garganacl|atk|1
|-boost|p2a: Garganacl|def|1
|
|-weather|SunnyDay|[upkeep]
|-heal|p1a: Chandy|23/100|[from] item: Leftovers
|-heal|p2a: Garganacl|64/100|[from] item: Leftovers
|upkeep
|turn|11
|
|t:|1743916211
|switch|p1a: Cancerous-Therian|Landorus-Therian, M|77/100
|-ability|p1a: Cancerous-Therian|Intimidate|boost
|-unboost|p2a: Garganacl|atk|1
|move|p2a: Garganacl|Curse|p2a: Garganacl
|-unboost|p2a: Garganacl|spe|1
|-boost|p2a: Garganacl|atk|1
|-boost|p2a: Garganacl|def|1
|
|-weather|SunnyDay|[upkeep]
|-heal|p2a: Garganacl|71/100|[from] item: Leftovers
|upkeep
|turn|12
|
|t:|1743916220
|move|p1a: Cancerous-Therian|Earthquake|p2a: Garganacl
|-supereffective|p2a: Garganacl
|-damage|p2a: Garganacl|15/100
|move|p2a: Garganacl|Salt Cure|p1a: Cancerous-Therian
|-damage|p1a: Cancerous-Therian|50/100
|-start|p1a: Cancerous-Therian|Salt Cure
|
|-weather|SunnyDay|[upkeep]
|-heal|p2a: Garganacl|21/100|[from] item: Leftovers
|-damage|p1a: Cancerous-Therian|38/100|[from] Salt Cure
|upkeep
|turn|13
|-message|woshishui000 forfeited.
|
|win|ShittyHole69
|raw|ShittyHole69's rating: 1306 &rarr; <strong>1326</strong><br />(+20 for winning)
|raw|woshishui000's rating: 1303 &rarr; <strong>1283</strong><br />(-20 for losing)
|l|☆woshishui000
|player|p2|
|l|☆ShittyHole69
|player|p1|
