|j|☆jp8 the marth main
|j|☆Gimmicksquad
|t:|1743787292
|gametype|singles
|player|p1|jp8 the marth main|2|1381
|player|p2|Gimmicksquad|1|1374
|teamsize|p1|6
|teamsize|p2|6
|gen|9
|tier|[Gen 9] OU
|rated|
|rule|HP Percentage Mod: HP is shown in percentages
|rule|Endless Battle Clause: Forcing endless battles is banned
|rule|Species Clause: Limit one of each Pokémon
|rule|OHKO Clause: OHKO moves are banned
|rule|Evasion Items Clause: Evasion items are banned
|rule|Evasion Moves Clause: Evasion moves are banned
|rule|Sleep Moves Clause: Sleep-inducing moves are banned
|clearpoke
|poke|p1|Fezandipiti, M|
|poke|p1|Great Tusk|
|poke|p1|Corviknight, M|
|poke|p1|Hydrapple, F|
|poke|p1|Slowking-Galar, F|
|poke|p1|Raging Bolt|
|poke|p2|Donphan, L6, M|
|poke|p2|Ditto|
|poke|p2|Cloyster, M|
|poke|p2|Greninja-*, M|
|poke|p2|Zamazenta-*|
|poke|p2|Lapras, F|
|teampreview
|
|t:|1743787308
|start
|switch|p1a: Fezandipiti|Fezandipiti, M|100/100
|switch|p2a: Donphan|Donphan, L6, M, shiny|100/100
|turn|1
|
|t:|1743787314
|move|p1a: Fezandipiti|U-turn|p2a: Donphan
|-ability|p2a: Donphan|Sturdy
|-damage|p2a: Donphan|4/100
|
|t:|1743787318
|switch|p1a: Corviknight|Corviknight, M|100/100|[from] U-turn
|move|p2a: Donphan|Endeavor|p1a: Corviknight
|-damage|p1a: Corviknight|1/100
|-damage|p2a: Donphan|0 fnt|[from] item: Rocky Helmet|[of] p1a: Corviknight
|faint|p2a: Donphan
|
|upkeep
|
|t:|1743787329
|switch|p2a: Cloyster|Cloyster, M, shiny|100/100
|turn|2
|
|t:|1743787351
|move|p2a: Cloyster|Shell Smash|p2a: Cloyster
|-unboost|p2a: Cloyster|def|1
|-unboost|p2a: Cloyster|spd|1
|-boost|p2a: Cloyster|atk|2
|-boost|p2a: Cloyster|spa|2
|-boost|p2a: Cloyster|spe|2
|move|p1a: Corviknight|Body Press|p2a: Cloyster
|-supereffective|p2a: Cloyster
|-damage|p2a: Cloyster|36/100
|
|upkeep
|turn|3
|
|t:|1743787358
|move|p2a: Cloyster|Icicle Spear|p1a: Corviknight
|-damage|p1a: Corviknight|0 fnt
|faint|p1a: Corviknight
|-hitcount|p1: Corviknight|1
|
|upkeep
|
|t:|1743787363
|switch|p1a: Great Tusk|Great Tusk|100/100
|-enditem|p1a: Great Tusk|Booster Energy
|-activate|p1a: Great Tusk|ability: Protosynthesis|[fromitem]
|-start|p1a: Great Tusk|protosynthesisatk
|turn|4
|
|t:|1743787372
|-terastallize|p1a: Great Tusk|Water
|move|p2a: Cloyster|Drill Run|p1a: Great Tusk
|-damage|p1a: Great Tusk|63/100
|move|p1a: Great Tusk|Headlong Rush|p2a: Cloyster
|-damage|p2a: Cloyster|0 fnt
|-unboost|p1a: Great Tusk|def|1
|-unboost|p1a: Great Tusk|spd|1
|faint|p2a: Cloyster
|
|upkeep
|
|t:|1743787398
|switch|p2a: Ditto|Ditto, shiny|100/100
|-transform|p2a: Ditto|p1a: Great Tusk|[from] ability: Imposter
|-start|p2a: Ditto|typechange|Ground/Fighting|[silent]
|turn|5
|inactive|Battle timer is ON: inactive players will automatically lose when time's up. (requested by Gimmicksquad)
|
|t:|1743787407
|move|p1a: Great Tusk|Headlong Rush|p2a: Ditto
|-enditem|p2a: Ditto|Focus Sash
|-damage|p2a: Ditto|1/100
|-unboost|p1a: Great Tusk|def|1
|-unboost|p1a: Great Tusk|spd|1
|move|p2a: Ditto|Headlong Rush|p1a: Great Tusk
|-damage|p1a: Great Tusk|0 fnt
|-unboost|p2a: Ditto|def|1
|-unboost|p2a: Ditto|spd|1
|faint|p1a: Great Tusk
|-end|p1a: Great Tusk|Protosynthesis|[silent]
|
|upkeep
|
|t:|1743787412
|switch|p1a: Fezandipiti|Fezandipiti, M|100/100
|turn|6
|
|t:|1743787415
|move|p1a: Fezandipiti|U-turn|p2a: Ditto
|-resisted|p2a: Ditto
|-damage|p2a: Ditto|0 fnt
|faint|p2a: Ditto
|-end|p2a: Ditto|Protosynthesis|[silent]
|
|t:|1743787422
|switch|p1a: Hydrapple|Hydrapple, F, shiny|100/100|[from] U-turn
|
|upkeep
|
|t:|1743787430
|switch|p2a: Lapras|Lapras, F|100/100
|turn|7
|
|t:|1743787434
|switch|p1a: Slowking|Slowking-Galar, F|100/100
|move|p2a: Lapras|Whirlpool|p1a: Slowking
|-damage|p1a: Slowking|94/100
|-activate|p1a: Slowking|move: Whirlpool|[of] p2a: Lapras
|
|-damage|p1a: Slowking|82/100|[from] move: Whirlpool|[partiallytrapped]
|upkeep
|turn|8
|
|t:|1743787441
|move|p2a: Lapras|Whirlpool|p1a: Slowking
|-damage|p1a: Slowking|76/100
|move|p1a: Slowking|Future Sight|p2a: Lapras
|-start|p1a: Slowking|move: Future Sight
|
|-damage|p1a: Slowking|63/100|[from] move: Whirlpool|[partiallytrapped]
|upkeep
|turn|9
|
|t:|1743787450
|move|p2a: Lapras|Whirlpool|p1a: Slowking
|-damage|p1a: Slowking|57/100
|move|p1a: Slowking|Psychic Noise|p2a: Lapras
|-damage|p2a: Lapras|78/100
|-start|p2a: Lapras|move: Heal Block
|
|-damage|p1a: Slowking|45/100|[from] move: Whirlpool|[partiallytrapped]
|upkeep
|turn|10
|
|t:|1743787463
|switch|p2a: Greninja|Greninja, M|100/100
|move|p1a: Slowking|Sludge Wave|p2a: Greninja
|-damage|p2a: Greninja|30/100
|
|-end|p2a: Greninja|move: Future Sight
|-immune|p2a: Greninja
|-end|p1a: Slowking|Whirlpool|[partiallytrapped]|[silent]
|upkeep
|turn|11
|
|t:|1743787472
|switch|p1a: Fezandipiti|Fezandipiti, M|100/100
|-terastallize|p2a: Greninja|Ground
|move|p2a: Greninja|Tera Blast|p1a: Fezandipiti|[anim] Tera Blast Ground
|-supereffective|p1a: Fezandipiti
|-crit|p1a: Fezandipiti
|-damage|p1a: Fezandipiti|12/100
|
|upkeep
|turn|12
|
|t:|1743787481
|switch|p1a: Hydrapple|Hydrapple, F, shiny|100/100
|move|p2a: Greninja|Sludge Wave|p1a: Hydrapple
|-supereffective|p1a: Hydrapple
|-damage|p1a: Hydrapple|49/100
|
|upkeep
|turn|13
|
|t:|1743787485
|switch|p1a: Slowking|Slowking-Galar, F|78/100
|move|p2a: Greninja|Sludge Wave|p1a: Slowking
|-resisted|p1a: Slowking
|-damage|p1a: Slowking|71/100
|
|upkeep
|turn|14
|
|t:|1743787488
|switch|p1a: Hydrapple|Hydrapple, F, shiny|82/100
|move|p2a: Greninja|Tera Blast|p1a: Hydrapple|[anim] Tera Blast Ground
|-resisted|p1a: Hydrapple
|-damage|p1a: Hydrapple|64/100
|
|upkeep
|turn|15
|
|t:|1743787491
|move|p2a: Greninja|Tera Blast|p1a: Hydrapple|[anim] Tera Blast Ground
|-resisted|p1a: Hydrapple
|-damage|p1a: Hydrapple|46/100
|move|p1a: Hydrapple|Giga Drain|p2a: Greninja
|-supereffective|p2a: Greninja
|-damage|p2a: Greninja|0 fnt
|-heal|p1a: Hydrapple|56/100|[from] drain|[of] p2a: Greninja
|faint|p2a: Greninja
|
|upkeep
|
|t:|1743787494
|switch|p2a: Zamazenta|Zamazenta, shiny|100/100
|-ability|p2a: Zamazenta|Dauntless Shield|boost
|-boost|p2a: Zamazenta|def|1
|turn|16
|
|t:|1743787497
|move|p2a: Zamazenta|Iron Defense|p2a: Zamazenta
|-boost|p2a: Zamazenta|def|2
|move|p1a: Hydrapple|Fickle Beam|p2a: Zamazenta
|-damage|p2a: Zamazenta|63/100
|
|upkeep
|turn|17
|
|t:|1743787502
|move|p2a: Zamazenta|Body Press|p1a: Hydrapple
|-damage|p1a: Hydrapple|2/100
|move|p1a: Hydrapple|Giga Drain|p2a: Zamazenta
|-damage|p2a: Zamazenta|25/100
|-heal|p1a: Hydrapple|17/100|[from] drain|[of] p2a: Zamazenta
|
|upkeep
|turn|18
|-message|Gimmicksquad forfeited.
|
|win|jp8 the marth main
|raw|jp8 the marth main's rating: 1381 &rarr; <strong>1401</strong><br />(+20 for winning)
|raw|Gimmicksquad's rating: 1374 &rarr; <strong>1354</strong><br />(-20 for losing)
|l|☆Gimmicksquad
|player|p2|
|l|☆jp8 the marth main
|player|p1|
