|j|☆Rafael800ky
|j|☆popplio70
|t:|1743878839
|gametype|singles
|player|p1|Rafael800ky|lucas|1048
|player|p2|popplio70|riley|1083
|teamsize|p1|6
|teamsize|p2|6
|gen|9
|tier|[Gen 9] OU
|rated|
|rule|HP Percentage Mod: HP is shown in percentages
|rule|Endless Battle Clause: Forcing endless battles is banned
|rule|Species Clause: Limit one of each Pokémon
|rule|OHKO Clause: OHKO moves are banned
|rule|Evasion Items Clause: Evasion items are banned
|rule|Evasion Moves Clause: Evasion moves are banned
|rule|Sleep Moves Clause: Sleep-inducing moves are banned
|clearpoke
|poke|p1|Ceruledge, M|
|poke|p1|Goodra, F|
|poke|p1|Zapdos|
|poke|p1|Excadrill, F|
|poke|p1|Gallade, M|
|poke|p1|Kleavor, M|
|poke|p2|Klefki, M|
|poke|p2|Veluza, F|
|poke|p2|Quaquaval, M|
|poke|p2|Azumarill, M|
|poke|p2|Inteleon, M|
|poke|p2|Smeargle, F|
|teampreview
|inactive|Battle timer is ON: inactive players will automatically lose when time's up. (requested by popplio70)
|
|t:|1743878850
|start
|switch|p1a: Excadrill|Excadrill, F|100/100
|switch|p2a: Smeargle|Smeargle, F, shiny|100/100
|-ability|p1a: Excadrill|Mold Breaker
|turn|1
|
|t:|1743878859
|move|p2a: Smeargle|Sticky Web|p1a: Excadrill
|-sidestart|p1: Rafael800ky|move: Sticky Web
|move|p1a: Excadrill|Stealth Rock|p2a: Smeargle
|-sidestart|p2: popplio70|move: Stealth Rock
|
|upkeep
|turn|2
|
|t:|1743878862
|move|p2a: Smeargle|Stealth Rock|p1a: Excadrill
|-sidestart|p1: Rafael800ky|move: Stealth Rock
|move|p1a: Excadrill|Rapid Spin|p2a: Smeargle
|-damage|p2a: Smeargle|67/100
|-boost|p1a: Excadrill|spe|1
|-sideend|p1: Rafael800ky|Stealth Rock|[from] move: Rapid Spin|[of] p1a: Excadrill
|-sideend|p1: Rafael800ky|Sticky Web|[from] move: Rapid Spin|[of] p1a: Excadrill
|
|upkeep
|turn|3
|
|t:|1743878872
|move|p1a: Excadrill|Earthquake|p2a: Smeargle
|-damage|p2a: Smeargle|0 fnt
|faint|p2a: Smeargle
|
|upkeep
|
|t:|1743878876
|switch|p2a: Klefki|Klefki, M|100/100
|-damage|p2a: Klefki|95/100|[from] Stealth Rock
|turn|4
|
|t:|1743878882
|move|p2a: Klefki|Reflect|p2a: Klefki
|-sidestart|p2: popplio70|Reflect
|move|p1a: Excadrill|Earthquake|p2a: Klefki
|-supereffective|p2a: Klefki
|-damage|p2a: Klefki|45/100
|
|upkeep
|turn|5
|
|t:|1743878889
|move|p2a: Klefki|Light Screen|p2a: Klefki
|-sidestart|p2: popplio70|move: Light Screen
|move|p1a: Excadrill|Earthquake|p2a: Klefki
|-supereffective|p2a: Klefki
|-damage|p2a: Klefki|0 fnt
|faint|p2a: Klefki
|
|upkeep
|
|t:|1743878896
|switch|p2a: Quaquaval|Quaquaval, M|100/100
|turn|6
|
|t:|1743878900
|move|p1a: Excadrill|Earthquake|p2a: Quaquaval
|-damage|p2a: Quaquaval|70/100
|move|p2a: Quaquaval|Aqua Step|p1a: Excadrill
|-supereffective|p1a: Excadrill
|-damage|p1a: Excadrill|1/100
|-boost|p2a: Quaquaval|spe|1
|
|-heal|p1a: Excadrill|7/100|[from] item: Leftovers
|upkeep
|turn|7
|
|t:|1743878909
|move|p2a: Quaquaval|Aqua Step|p1a: Excadrill
|-supereffective|p1a: Excadrill
|-damage|p1a: Excadrill|0 fnt
|-boost|p2a: Quaquaval|spe|1
|faint|p1a: Excadrill
|-ability|p2a: Quaquaval|Moxie|boost
|-boost|p2a: Quaquaval|atk|1
|
|upkeep
|
|t:|1743878928
|switch|p1a: Ceruledge|Ceruledge, M|100/100
|turn|8
|
|t:|1743878941
|-terastallize|p1a: Ceruledge|Ghost
|move|p2a: Quaquaval|Aqua Step|p1a: Ceruledge
|-damage|p1a: Ceruledge|20/100
|-boost|p2a: Quaquaval|spe|1
|-ability|p1a: Ceruledge|Weak Armor|boost
|-unboost|p1a: Ceruledge|def|1
|-boost|p1a: Ceruledge|spe|2
|move|p1a: Ceruledge|Poltergeist|p2a: Quaquaval
|-activate|p2a: Quaquaval|move: Poltergeist|Heavy-Duty Boots
|-damage|p2a: Quaquaval|18/100
|
|upkeep
|turn|9
|
|t:|1743878953
|move|p1a: Ceruledge|Shadow Sneak|p2a: Quaquaval
|-damage|p2a: Quaquaval|1/100
|move|p2a: Quaquaval|Aqua Step|p1a: Ceruledge
|-damage|p1a: Ceruledge|0 fnt
|-boost|p2a: Quaquaval|spe|1
|faint|p1a: Ceruledge
|-ability|p2a: Quaquaval|Moxie|boost
|-boost|p2a: Quaquaval|atk|1
|
|upkeep
|
|t:|1743878965
|switch|p1a: Kleavor|Kleavor, M|100/100
|turn|10
|
|t:|1743878970
|move|p2a: Quaquaval|Aqua Step|p1a: Kleavor
|-supereffective|p1a: Kleavor
|-damage|p1a: Kleavor|0 fnt
|-boost|p2a: Quaquaval|spe|1
|faint|p1a: Kleavor
|-ability|p2a: Quaquaval|Moxie|boost
|-boost|p2a: Quaquaval|atk|1
|
|upkeep
|
|t:|1743878975
|switch|p1a: Zapdos|Zapdos|100/100
|turn|11
|
|t:|1743878979
|move|p2a: Quaquaval|Triple Axel|p1a: Zapdos
|-supereffective|p1a: Zapdos
|-damage|p1a: Zapdos|68/100
|-supereffective|p1a: Zapdos
|-damage|p1a: Zapdos|5/100
|-supereffective|p1a: Zapdos
|-damage|p1a: Zapdos|0 fnt
|faint|p1a: Zapdos
|-ability|p2a: Quaquaval|Moxie|boost
|-boost|p2a: Quaquaval|atk|1
|-hitcount|p1: Zapdos|3
|
|-sideend|p2: popplio70|Reflect
|upkeep
|
|t:|1743878986
|switch|p1a: Goodra|Goodra, F|100/100
|turn|12
|
|t:|1743878990
|move|p2a: Quaquaval|Triple Axel|p1a: Goodra
|-supereffective|p1a: Goodra
|-damage|p1a: Goodra|47/100
|-supereffective|p1a: Goodra
|-damage|p1a: Goodra|0 fnt
|faint|p1a: Goodra
|-ability|p2a: Quaquaval|Moxie|boost
|-boost|p2a: Quaquaval|atk|1
|-hitcount|p1: Goodra|2
|
|-sideend|p2: popplio70|move: Light Screen
|upkeep
|
|t:|1743878993
|switch|p1a: Gallade|Gallade, M, shiny|100/100
|turn|13
|
|t:|1743879002
|move|p2a: Quaquaval|Aqua Step|p1a: Gallade
|-damage|p1a: Gallade|0 fnt
|-boost|p2a: Quaquaval|spe|1
|faint|p1a: Gallade
|
|win|popplio70
|raw|Rafael800ky's rating: 1048 &rarr; <strong>1033</strong><br />(-15 for losing)
|raw|popplio70's rating: 1083 &rarr; <strong>1108</strong><br />(+25 for winning)
