|j|☆tonerbonee
|j|☆zywlj
|t:|1743920534
|gametype|singles
|player|p1|tonerbonee|265|1093
|player|p2|zywlj|riley|1112
|teamsize|p1|6
|teamsize|p2|6
|gen|9
|tier|[Gen 9] OU
|rated|
|rule|HP Percentage Mod: HP is shown in percentages
|rule|Endless Battle Clause: Forcing endless battles is banned
|rule|Species Clause: Limit one of each Pokémon
|rule|OHKO Clause: OHKO moves are banned
|rule|Evasion Items Clause: Evasion items are banned
|rule|Evasion Moves Clause: Evasion moves are banned
|rule|Sleep Moves Clause: Sleep-inducing moves are banned
|clearpoke
|poke|p1|Polteageist|
|poke|p1|Metagross|
|poke|p1|Indeedee-F, F|
|poke|p1|Hydrapple, M|
|poke|p1|Rotom-Wash|
|poke|p1|Great Tusk|
|poke|p2|Chansey, F|
|poke|p2|Incineroar, M|
|poke|p2|Greninja-*, M|
|poke|p2|Cinderace, M|
|poke|p2|Meowscarada, F|
|poke|p2|Zamazenta-*|
|teampreview
|inactive|Battle timer is ON: inactive players will automatically lose when time's up. (requested by tonerbonee)
|
|t:|1743920579
|start
|switch|p1a: Metagross|Metagross|100/100
|switch|p2a: Meowscarada|Meowscarada, F, shiny|100/100
|turn|1
|
|t:|1743920588
|move|p2a: Meowscarada|Thunder Punch|p1a: Metagross
|-start|p2a: Meowscarada|typechange|Electric|[from] ability: Protean
|-damage|p1a: Metagross|69/100
|-damage|p2a: Meowscarada|91/100|[from] item: Life Orb
|move|p1a: Metagross|Stealth Rock|p2a: Meowscarada
|-sidestart|p2: zywlj|move: Stealth Rock
|
|-heal|p1a: Metagross|75/100|[from] item: Leftovers
|upkeep
|turn|2
|
|t:|1743920611
|switch|p2a: Cinderace|Cinderace, M, shiny|100/100
|-damage|p2a: Cinderace|76/100|[from] Stealth Rock
|-item|p2a: Cinderace|Air Balloon
|move|p1a: Metagross|Heavy Slam|p2a: Cinderace
|-resisted|p2a: Cinderace
|-damage|p2a: Cinderace|23/100
|-enditem|p2a: Cinderace|Air Balloon
|
|-heal|p1a: Metagross|81/100|[from] item: Leftovers
|upkeep
|turn|3
|inactive|tonerbonee has 120 seconds left.
|
|t:|1743920632
|-terastallize|p1a: Metagross|Water
|move|p2a: Cinderace|Pyro Ball|p1a: Metagross
|-resisted|p1a: Metagross
|-damage|p1a: Metagross|61/100
|move|p1a: Metagross|Psychic Fangs|p2a: Cinderace
|-damage|p2a: Cinderace|0 fnt
|faint|p2a: Cinderace
|
|-heal|p1a: Metagross|68/100|[from] item: Leftovers
|upkeep
|
|t:|1743920642
|switch|p2a: Meowscarada|Meowscarada, F, shiny|91/100
|-damage|p2a: Meowscarada|78/100|[from] Stealth Rock
|turn|4
|
|t:|1743920652
|switch|p1a: Hydrapple|Hydrapple, M, shiny|100/100
|move|p2a: Meowscarada|Flower Trick|p1a: Hydrapple
|-start|p2a: Meowscarada|typechange|Grass|[from] ability: Protean
|-resisted|p1a: Hydrapple
|-crit|p1a: Hydrapple
|-damage|p1a: Hydrapple|89/100
|-damage|p2a: Meowscarada|68/100|[from] item: Life Orb
|
|upkeep
|turn|5
|
|t:|1743920663
|move|p2a: Meowscarada|Triple Axel|p1a: Hydrapple
|-supereffective|p1a: Hydrapple
|-damage|p1a: Hydrapple|64/100
|-supereffective|p1a: Hydrapple
|-crit|p1a: Hydrapple
|-damage|p1a: Hydrapple|0 fnt
|faint|p1a: Hydrapple
|-hitcount|p1: Hydrapple|2
|-damage|p2a: Meowscarada|59/100|[from] item: Life Orb
|
|upkeep
|inactive|tonerbonee has 120 seconds left.
|
|t:|1743920679
|switch|p1a: Metagross|Metagross, tera:Water|68/100
|turn|6
|
|t:|1743920686
|move|p2a: Meowscarada|Flower Trick|p1a: Metagross
|-supereffective|p1a: Metagross
|-crit|p1a: Metagross
|-damage|p1a: Metagross|0 fnt
|faint|p1a: Metagross
|-damage|p2a: Meowscarada|49/100|[from] item: Life Orb
|
|upkeep
|
|t:|1743920692
|switch|p1a: Indeedee|Indeedee-F, F|100/100
|-fieldstart|move: Psychic Terrain|[from] ability: Psychic Surge|[of] p1a: Indeedee
|turn|7
|
|t:|1743920708
|switch|p2a: Zamazenta|Zamazenta, shiny|100/100
|-damage|p2a: Zamazenta|94/100|[from] Stealth Rock
|-ability|p2a: Zamazenta|Dauntless Shield|boost
|-boost|p2a: Zamazenta|def|1
|move|p1a: Indeedee|Psychic|p2a: Zamazenta
|-supereffective|p2a: Zamazenta
|-damage|p2a: Zamazenta|28/100
|
|-heal|p2a: Zamazenta|34/100|[from] item: Leftovers
|upkeep
|turn|8
|
|t:|1743920719
|switch|p2a: Chansey|Chansey, F, shiny|100/100
|-damage|p2a: Chansey|88/100|[from] Stealth Rock
|move|p1a: Indeedee|Psychic|p2a: Chansey
|-damage|p2a: Chansey|77/100
|
|upkeep
|turn|9
|
|t:|1743920733
|switch|p1a: Great Tusk|Great Tusk|100/100
|move|p2a: Chansey|Stealth Rock|p1a: Great Tusk
|-sidestart|p1: tonerbonee|move: Stealth Rock
|
|upkeep
|turn|10
|inactive|tonerbonee has 120 seconds left.
|
|t:|1743920755
|switch|p2a: Incineroar|Incineroar, M, shiny|100/100
|-damage|p2a: Incineroar|76/100|[from] Stealth Rock
|-ability|p2a: Incineroar|Intimidate|boost
|-unboost|p1a: Great Tusk|atk|1
|move|p1a: Great Tusk|Close Combat|p2a: Incineroar
|-supereffective|p2a: Incineroar
|-damage|p2a: Incineroar|31/100
|-unboost|p1a: Great Tusk|def|1
|-unboost|p1a: Great Tusk|spd|1
|-enditem|p2a: Incineroar|Sitrus Berry|[eat]
|-heal|p2a: Incineroar|56/100|[from] item: Sitrus Berry
|
|upkeep
|turn|11
|inactive|tonerbonee has 120 seconds left.
|
|t:|1743920770
|-terastallize|p2a: Incineroar|Flying
|move|p1a: Great Tusk|Rapid Spin|p2a: Incineroar
|-damage|p2a: Incineroar|49/100
|-boost|p1a: Great Tusk|spe|1
|-sideend|p1: tonerbonee|Stealth Rock|[from] move: Rapid Spin|[of] p1a: Great Tusk
|move|p2a: Incineroar|Will-O-Wisp|p1a: Great Tusk
|-status|p1a: Great Tusk|brn
|
|-damage|p1a: Great Tusk|94/100 brn|[from] brn
|upkeep
|turn|12
|inactive|tonerbonee has 120 seconds left.
|
|t:|1743920787
|-end|p1a: Great Tusk|Protosynthesis|[silent]
|switch|p1a: Rotom|Rotom-Wash, shiny|100/100
|switch|p2a: Zamazenta|Zamazenta, shiny|34/100
|-damage|p2a: Zamazenta|28/100|[from] Stealth Rock
|
|-heal|p2a: Zamazenta|34/100|[from] item: Leftovers
|upkeep
|turn|13
|
|t:|1743920796
|move|p2a: Zamazenta|Iron Defense|p2a: Zamazenta
|-boost|p2a: Zamazenta|def|2
|move|p1a: Rotom|Will-O-Wisp|p2a: Zamazenta
|-status|p2a: Zamazenta|brn
|
|-heal|p2a: Zamazenta|41/100 brn|[from] item: Leftovers
|-damage|p2a: Zamazenta|34/100 brn|[from] brn
|upkeep
|turn|14
|
|t:|1743920804
|move|p2a: Zamazenta|Play Rough|p1a: Rotom
|-damage|p1a: Rotom|87/100
|-damage|p2a: Zamazenta|18/100 brn|[from] item: Rocky Helmet|[of] p1a: Rotom
|move|p1a: Rotom|Hydro Pump|p2a: Zamazenta
|-damage|p2a: Zamazenta|0 fnt
|faint|p2a: Zamazenta
|
|-fieldend|move: Psychic Terrain
|upkeep
|
|t:|1743920808
|switch|p2a: Meowscarada|Meowscarada, F, shiny|49/100
|-damage|p2a: Meowscarada|36/100|[from] Stealth Rock
|turn|15
|
|t:|1743920817
|move|p2a: Meowscarada|Flower Trick|p1a: Rotom
|-start|p2a: Meowscarada|typechange|Grass|[from] ability: Protean
|-supereffective|p1a: Rotom
|-crit|p1a: Rotom
|-damage|p1a: Rotom|0 fnt
|faint|p1a: Rotom
|-damage|p2a: Meowscarada|26/100|[from] item: Life Orb
|
|upkeep
|
|t:|1743920828
|switch|p1a: Great Tusk|Great Tusk|94/100 brn
|turn|16
|
|t:|1743920839
|move|p2a: Meowscarada|Triple Axel|p1a: Great Tusk
|-supereffective|p1a: Great Tusk
|-damage|p1a: Great Tusk|85/100 brn
|-supereffective|p1a: Great Tusk
|-damage|p1a: Great Tusk|64/100 brn
|-supereffective|p1a: Great Tusk
|-damage|p1a: Great Tusk|36/100 brn
|-hitcount|p1a: Great Tusk|3
|-damage|p2a: Meowscarada|17/100|[from] item: Life Orb
|move|p1a: Great Tusk|Ice Spinner|p2a: Meowscarada
|-supereffective|p2a: Meowscarada
|-damage|p2a: Meowscarada|0 fnt
|faint|p2a: Meowscarada
|
|-damage|p1a: Great Tusk|30/100 brn|[from] brn
|upkeep
|
|t:|1743920847
|switch|p2a: Greninja|Greninja, M|100/100
|-damage|p2a: Greninja|88/100|[from] Stealth Rock
|turn|17
|
|t:|1743920857
|move|p2a: Greninja|Water Shuriken|p1a: Great Tusk
|-supereffective|p1a: Great Tusk
|-damage|p1a: Great Tusk|9/100 brn
|-supereffective|p1a: Great Tusk
|-damage|p1a: Great Tusk|0 fnt
|faint|p1a: Great Tusk
|-end|p1a: Great Tusk|Protosynthesis|[silent]
|-ability|p2a: Greninja|Battle Bond|boost
|-boost|p2a: Greninja|atk|1
|-boost|p2a: Greninja|spa|1
|-boost|p2a: Greninja|spe|1
|-activate|p2a: Greninja|ability: Battle Bond
|-hitcount|p1: Great Tusk|2
|
|upkeep
|
|t:|1743920869
|switch|p1a: Indeedee|Indeedee-F, F|100/100
|-fieldstart|move: Psychic Terrain|[from] ability: Psychic Surge|[of] p1a: Indeedee
|turn|18
|inactive|zywlj has 120 seconds left.
|
|t:|1743920905
|move|p2a: Greninja|Dark Pulse|p1a: Indeedee
|-supereffective|p1a: Indeedee
|-damage|p1a: Indeedee|14/100
|move|p1a: Indeedee|Light Screen|p1a: Indeedee
|-sidestart|p1: tonerbonee|move: Light Screen
|
|upkeep
|turn|19
|
|t:|1743920915
|move|p2a: Greninja|Dark Pulse|p1a: Indeedee
|-supereffective|p1a: Indeedee
|-damage|p1a: Indeedee|0 fnt
|faint|p1a: Indeedee
|
|upkeep
|
|t:|1743920919
|switch|p1a: Polteageist|Polteageist, shiny|100/100
|turn|20
|
|t:|1743920923
|move|p2a: Greninja|Dark Pulse|p1a: Polteageist
|-supereffective|p1a: Polteageist
|-damage|p1a: Polteageist|36/100
|move|p1a: Polteageist|Shell Smash|p1a: Polteageist
|-unboost|p1a: Polteageist|def|1
|-unboost|p1a: Polteageist|spd|1
|-boost|p1a: Polteageist|atk|2
|-boost|p1a: Polteageist|spa|2
|-boost|p1a: Polteageist|spe|2
|
|upkeep
|turn|21
|
|t:|1743920947
|move|p2a: Greninja|Dark Pulse|p1a: Polteageist
|-supereffective|p1a: Polteageist
|-crit|p1a: Polteageist
|-damage|p1a: Polteageist|0 fnt
|faint|p1a: Polteageist
|
|win|zywlj
|raw|tonerbonee's rating: 1093 &rarr; <strong>1070</strong><br />(-23 for losing)
|raw|zywlj's rating: 1112 &rarr; <strong>1136</strong><br />(+24 for winning)
|l|☆tonerbonee
|player|p1|
|l|☆zywlj
|player|p2|
