|j|☆Vampere151
|j|☆Greek bird
|inactive|Battle timer is ON: inactive players will automatically lose when time's up.
|t:|1743916780
|gametype|singles
|player|p1|Vampere151|elio|
|player|p2|Greek bird|buck|
|teamsize|p1|6
|teamsize|p2|6
|gen|9
|tier|[Gen 9] OU
|rated|Tournament battle
|rule|HP Percentage Mod: HP is shown in percentages
|rule|Endless Battle Clause: Forcing endless battles is banned
|rule|OHKO Clause: OHKO moves are banned
|rule|Evasion Items Clause: Evasion items are banned
|rule|Evasion Moves Clause: Evasion moves are banned
|rule|Sleep Moves Clause: Sleep-inducing moves are banned
|clearpoke
|poke|p1|Rotom-Heat|
|poke|p1|Rotom-Heat|
|poke|p1|Rotom-Mow|
|poke|p1|Rotom-Wash|
|poke|p1|Rotom-Heat|
|poke|p1|Rotom-Frost|
|poke|p2|Rotom|
|poke|p2|Rotom-Fan|
|poke|p2|Rotom-Heat|
|poke|p2|Rotom-Wash|
|poke|p2|Rotom-Wash|
|poke|p2|Rotom-Fan|
|teampreview
|j|*Lady Monita ❄
|
|t:|1743916792
|start
|switch|p1a: Rotom|Rotom-Mow|100/100
|switch|p2a: Rotom|Rotom|100/100
|turn|1
|
|t:|1743916800
|move|p2a: Rotom|Trick|p1a: Rotom
|-activate|p2a: Rotom|move: Trick|[of] p1a: Rotom
|-item|p1a: Rotom|Toxic Orb|[from] move: Trick
|-item|p2a: Rotom|Light Clay|[from] move: Trick
|move|p1a: Rotom|Light Screen|p1a: Rotom
|-sidestart|p1: Vampere151|move: Light Screen
|
|-status|p1a: Rotom|tox|[from] item: Toxic Orb
|upkeep
|turn|2
|
|t:|1743916819
|move|p2a: Rotom|Hex|p1a: Rotom
|-damage|p1a: Rotom|80/100 tox
|move|p1a: Rotom|Volt Switch|p2a: Rotom
|-resisted|p2a: Rotom
|-damage|p2a: Rotom|80/100
|
|t:|1743916836
|switch|p1a: Rotom|Rotom-Heat|100/100|[from] Volt Switch
|
|upkeep
|turn|3
|
|t:|1743916841
|move|p2a: Rotom|Trick|p1a: Rotom
|-activate|p2a: Rotom|move: Trick|[of] p1a: Rotom
|-item|p1a: Rotom|Light Clay|[from] move: Trick
|-item|p2a: Rotom|Leftovers|[from] move: Trick
|move|p1a: Rotom|Eerie Impulse|p2a: Rotom
|-unboost|p2a: Rotom|spa|2
|
|-heal|p2a: Rotom|86/100|[from] item: Leftovers
|upkeep
|turn|4
|
|t:|1743916851
|move|p2a: Rotom|Volt Switch|p1a: Rotom
|-resisted|p1a: Rotom
|-damage|p1a: Rotom|98/100
|
|t:|1743916861
|switch|p2a: Rotom|Rotom-Wash|100/100|[from] Volt Switch
|move|p1a: Rotom|Night Shade|p2a: Rotom
|-damage|p2a: Rotom|59/100
|
|upkeep
|turn|5
|
|t:|1743916869
|move|p2a: Rotom|Hydro Pump|p1a: Rotom
|-supereffective|p1a: Rotom
|-damage|p1a: Rotom|44/100
|move|p1a: Rotom|Night Shade|p2a: Rotom
|-damage|p2a: Rotom|18/100
|
|-sideend|p1: Vampere151|move: Light Screen
|upkeep
|turn|6
|
|t:|1743916877
|switch|p1a: Rotom|Rotom-Wash|100/100
|move|p2a: Rotom|Hydro Pump|p1a: Rotom
|-resisted|p1a: Rotom
|-damage|p1a: Rotom|64/100
|
|-heal|p1a: Rotom|70/100|[from] item: Leftovers
|upkeep
|turn|7
|
|t:|1743916893
|switch|p2a: Rotom|Rotom|86/100
|move|p1a: Rotom|Volt Switch|p2a: Rotom
|-resisted|p2a: Rotom
|-damage|p2a: Rotom|55/100
|
|t:|1743916903
|switch|p1a: Rotom|Rotom-Heat|44/100|[from] Volt Switch
|
|-heal|p2a: Rotom|61/100|[from] item: Leftovers
|upkeep
|turn|8
|
|t:|1743916912
|move|p2a: Rotom|Volt Switch|p1a: Rotom
|-resisted|p1a: Rotom
|-damage|p1a: Rotom|33/100
|
|t:|1743916916
|switch|p2a: Rotom|Rotom-Wash|18/100|[from] Volt Switch
|move|p1a: Rotom|Light Screen|p1a: Rotom
|-sidestart|p1: Vampere151|move: Light Screen
|
|upkeep
|turn|9
|
|t:|1743916926
|switch|p1a: Rotom|Rotom-Wash|70/100
|move|p2a: Rotom|Hydro Pump|p1a: Rotom|[miss]
|-miss|p2a: Rotom|p1a: Rotom
|
|-heal|p1a: Rotom|76/100|[from] item: Leftovers
|upkeep
|turn|10
|
|t:|1743916930
|switch|p2a: Rotom|Rotom|61/100
|move|p1a: Rotom|Volt Switch|p2a: Rotom
|-resisted|p2a: Rotom
|-damage|p2a: Rotom|33/100
|
|t:|1743916941
|switch|p1a: Rotom|Rotom-Heat|100/100|[from] Volt Switch
|
|-heal|p2a: Rotom|40/100|[from] item: Leftovers
|upkeep
|turn|11
|
|t:|1743916950
|move|p2a: Rotom|Volt Switch|p1a: Rotom
|-resisted|p1a: Rotom
|-damage|p1a: Rotom|95/100
|
|t:|1743916959
|switch|p2a: Rotom|Rotom-Wash|18/100|[from] Volt Switch
|move|p1a: Rotom|Eerie Impulse|p2a: Rotom
|-unboost|p2a: Rotom|spa|2
|
|-heal|p1a: Rotom|100/100|[from] item: Leftovers
|upkeep
|turn|12
|
|t:|1743916964
|switch|p2a: Rotom|Rotom-Heat|100/100
|move|p1a: Rotom|Night Shade|p2a: Rotom
|-damage|p2a: Rotom|59/100
|
|upkeep
|turn|13
|
|t:|1743916982
|move|p2a: Rotom|Nasty Plot|p2a: Rotom
|-boost|p2a: Rotom|spa|2
|move|p1a: Rotom|Night Shade|p2a: Rotom
|-damage|p2a: Rotom|18/100
|
|upkeep
|turn|14
|
|t:|1743916992
|move|p2a: Rotom|Nasty Plot|p2a: Rotom
|-boost|p2a: Rotom|spa|2
|move|p1a: Rotom|Night Shade|p2a: Rotom
|-damage|p2a: Rotom|0 fnt
|faint|p2a: Rotom
|
|upkeep
|
|t:|1743917004
|switch|p2a: Rotom|Rotom-Fan|100/100
|turn|15
|
|t:|1743917010
|move|p1a: Rotom|Eerie Impulse|p2a: Rotom
|-unboost|p2a: Rotom|spa|2
|move|p2a: Rotom|Nasty Plot|p2a: Rotom
|-boost|p2a: Rotom|spa|2
|
|-sideend|p1: Vampere151|move: Light Screen
|upkeep
|turn|16
|
|t:|1743917015
|move|p1a: Rotom|Light Screen|p1a: Rotom
|-sidestart|p1: Vampere151|move: Light Screen
|move|p2a: Rotom|Nasty Plot|p2a: Rotom
|-boost|p2a: Rotom|spa|2
|
|upkeep
|turn|17
|
|t:|1743917022
|move|p1a: Rotom|Eerie Impulse|p2a: Rotom
|-unboost|p2a: Rotom|spa|2
|move|p2a: Rotom|Nasty Plot|p2a: Rotom
|-boost|p2a: Rotom|spa|2
|
|upkeep
|turn|18
|
|t:|1743917026
|move|p1a: Rotom|Eerie Impulse|p2a: Rotom
|-unboost|p2a: Rotom|spa|2
|move|p2a: Rotom|Nasty Plot|p2a: Rotom
|-boost|p2a: Rotom|spa|2
|
|upkeep
|turn|19
|
|t:|1743917036
|move|p1a: Rotom|Eerie Impulse|p2a: Rotom
|-unboost|p2a: Rotom|spa|2
|move|p2a: Rotom|Nasty Plot|p2a: Rotom
|-boost|p2a: Rotom|spa|2
|
|upkeep
|turn|20
|
|t:|1743917042
|move|p1a: Rotom|Night Shade|p2a: Rotom
|-damage|p2a: Rotom|68/100
|move|p2a: Rotom|Nasty Plot|p2a: Rotom
|-boost|p2a: Rotom|spa|2
|
|-sideend|p1: Vampere151|move: Light Screen
|upkeep
|turn|21
|
|t:|1743917049
|move|p1a: Rotom|Eerie Impulse|p2a: Rotom
|-unboost|p2a: Rotom|spa|2
|move|p2a: Rotom|Nasty Plot|p2a: Rotom
|-boost|p2a: Rotom|spa|2
|
|upkeep
|turn|22
|
|t:|1743917053
|move|p1a: Rotom|Light Screen|p1a: Rotom
|-sidestart|p1: Vampere151|move: Light Screen
|move|p2a: Rotom|Nasty Plot|p2a: Rotom
|-boost|p2a: Rotom|spa|2
|
|upkeep
|turn|23
|
|t:|1743917062
|move|p1a: Rotom|Night Shade|p2a: Rotom
|-damage|p2a: Rotom|35/100
|move|p2a: Rotom|Rest|p2a: Rotom
|-status|p2a: Rotom|slp|[from] move: Rest
|-heal|p2a: Rotom|100/100 slp|[silent]
|-enditem|p2a: Rotom|Chesto Berry|[eat]
|-curestatus|p2a: Rotom|slp|[msg]
|
|upkeep
|turn|24
|
|t:|1743917070
|move|p1a: Rotom|Night Shade|p2a: Rotom
|-damage|p2a: Rotom|68/100
|move|p2a: Rotom|Stored Power|p1a: Rotom
|-damage|p1a: Rotom|49/100
|
|-heal|p1a: Rotom|55/100|[from] item: Leftovers
|upkeep
|turn|25
|
|t:|1743917076
|move|p1a: Rotom|Night Shade|p2a: Rotom
|-damage|p2a: Rotom|35/100
|move|p2a: Rotom|Stored Power|p1a: Rotom
|-damage|p1a: Rotom|7/100
|
|-heal|p1a: Rotom|13/100|[from] item: Leftovers
|upkeep
|turn|26
|
|t:|1743917082
|move|p1a: Rotom|Night Shade|p2a: Rotom
|-damage|p2a: Rotom|2/100
|move|p2a: Rotom|Rest|p2a: Rotom
|-status|p2a: Rotom|slp|[from] move: Rest
|-heal|p2a: Rotom|100/100 slp|[silent]
|
|-heal|p1a: Rotom|19/100|[from] item: Leftovers
|-sideend|p1: Vampere151|move: Light Screen
|upkeep
|turn|27
|
|t:|1743917086
|move|p1a: Rotom|Night Shade|p2a: Rotom
|-damage|p2a: Rotom|68/100 slp
|cant|p2a: Rotom|slp
|
|-heal|p1a: Rotom|25/100|[from] item: Leftovers
|upkeep
|turn|28
|
|t:|1743917089
|move|p1a: Rotom|Night Shade|p2a: Rotom
|-damage|p2a: Rotom|35/100 slp
|cant|p2a: Rotom|slp
|
|-heal|p1a: Rotom|31/100|[from] item: Leftovers
|upkeep
|turn|29
|
|t:|1743917092
|move|p1a: Rotom|Night Shade|p2a: Rotom
|-damage|p2a: Rotom|2/100 slp
|-curestatus|p2a: Rotom|slp|[msg]
|move|p2a: Rotom|Stored Power|p1a: Rotom
|-damage|p1a: Rotom|0 fnt
|faint|p1a: Rotom
|
|upkeep
|
|t:|1743917100
|switch|p1a: Rotom|Rotom-Heat|100/100
|turn|30
|
|t:|1743917104
|move|p1a: Rotom|Thunderbolt|p2a: Rotom
|-damage|p2a: Rotom|0 fnt
|faint|p2a: Rotom
|
|upkeep
|
|t:|1743917108
|switch|p2a: Rotom|Rotom-Wash|18/100
|turn|31
|
|t:|1743917113
|move|p2a: Rotom|Shadow Ball|p1a: Rotom
|-damage|p1a: Rotom|56/100
|move|p1a: Rotom|Thunderbolt|p2a: Rotom
|-damage|p2a: Rotom|0 fnt
|faint|p2a: Rotom
|
|upkeep
|
|t:|1743917117
|switch|p2a: Rotom|Rotom|40/100
|turn|32
|
|t:|1743917122
|move|p2a: Rotom|Trick|p1a: Rotom
|-activate|p2a: Rotom|move: Trick|[of] p1a: Rotom
|-item|p1a: Rotom|Leftovers|[from] move: Trick
|-item|p2a: Rotom|Clear Amulet|[from] move: Trick
|move|p1a: Rotom|Overheat|p2a: Rotom
|-damage|p2a: Rotom|0 fnt
|-unboost|p1a: Rotom|spa|2
|faint|p2a: Rotom
|
|-heal|p1a: Rotom|62/100|[from] item: Leftovers
|upkeep
|
|t:|1743917130
|switch|p2a: Rotom|Rotom-Fan|100/100
|turn|33
|
|t:|1743917142
|switch|p1a: Rotom|Rotom-Frost|100/100
|move|p2a: Rotom|Light Screen|p2a: Rotom
|-sidestart|p2: Greek bird|move: Light Screen
|
|upkeep
|turn|34
|
|t:|1743917147
|move|p1a: Rotom|Blizzard|p2a: Rotom
|-supereffective|p2a: Rotom
|-damage|p2a: Rotom|61/100
|move|p2a: Rotom|Night Shade|p1a: Rotom
|-damage|p1a: Rotom|59/100
|
|upkeep
|turn|35
|
|t:|1743917151
|move|p1a: Rotom|Blizzard|p2a: Rotom
|-supereffective|p2a: Rotom
|-damage|p2a: Rotom|20/100
|move|p2a: Rotom|Night Shade|p1a: Rotom
|-damage|p1a: Rotom|18/100
|
|upkeep
|turn|36
|
|t:|1743917157
|move|p1a: Rotom|Thunderbolt|p2a: Rotom
|-damage|p2a: Rotom|4/100
|move|p2a: Rotom|Pain Split|p1a: Rotom
|-sethp|p1a: Rotom|11/100|[from] move: Pain Split|[silent]
|-sethp|p2a: Rotom|9/100|[from] move: Pain Split
|
|upkeep
|turn|37
|
|t:|1743917162
|move|p1a: Rotom|Thunderbolt|p2a: Rotom
|-damage|p2a: Rotom|0 fnt
|faint|p2a: Rotom
|
|upkeep
|
|t:|1743917165
|switch|p2a: Rotom|Rotom-Wash|100/100
|turn|38
|
|t:|1743917179
|move|p2a: Rotom|Hyper Voice|p1a: Rotom
|-damage|p1a: Rotom|0 fnt
|faint|p1a: Rotom
|
|upkeep
|
|t:|1743917188
|switch|p1a: Rotom|Rotom-Mow|80/100 tox
|turn|39
|
|t:|1743917191
|-terastallize|p2a: Rotom|Electric
|move|p2a: Rotom|Hyper Voice|p1a: Rotom
|-damage|p1a: Rotom|61/100 tox
|move|p1a: Rotom|Light Screen|p1a: Rotom
|-sidestart|p1: Vampere151|move: Light Screen
|
|-damage|p1a: Rotom|55/100 tox|[from] psn
|upkeep
|turn|40
|
|t:|1743917197
|move|p2a: Rotom|Hyper Voice|p1a: Rotom
|-damage|p1a: Rotom|45/100 tox
|move|p1a: Rotom|Leaf Storm|p2a: Rotom
|-damage|p2a: Rotom|71/100
|-unboost|p1a: Rotom|spa|2
|
|-damage|p1a: Rotom|32/100 tox|[from] psn
|-sideend|p2: Greek bird|move: Light Screen
|upkeep
|turn|41
|
|t:|1743917201
|move|p2a: Rotom|Hyper Voice|p1a: Rotom
|-damage|p1a: Rotom|23/100 tox
|move|p1a: Rotom|Volt Switch|p2a: Rotom
|-resisted|p2a: Rotom
|-damage|p2a: Rotom|62/100
|
|t:|1743917205
|switch|p1a: Rotom|Rotom-Wash|76/100|[from] Volt Switch
|
|-heal|p1a: Rotom|82/100|[from] item: Leftovers
|upkeep
|turn|42
|
|t:|1743917209
|move|p2a: Rotom|Hyper Voice|p1a: Rotom
|-damage|p1a: Rotom|69/100
|move|p1a: Rotom|Hydro Pump|p2a: Rotom
|-damage|p2a: Rotom|0 fnt
|faint|p2a: Rotom
|
|win|Vampere151
|n|☆Vampere151|vampere151
|n|☆Greek bird|greekbird
|n|*Lady Monita ❄|ladymonita
