|j|☆slehb
|j|☆ezperzwahn
|t:|1743829464
|gametype|singles
|player|p1|slehb|hilbert-wonderlauncher|1106
|player|p2|ezperzwahn|burglar|1120
|teamsize|p1|6
|teamsize|p2|6
|gen|9
|tier|[Gen 9] OU
|rated|
|rule|HP Percentage Mod: HP is shown in percentages
|rule|Endless Battle Clause: Forcing endless battles is banned
|rule|Species Clause: Limit one of each Pokémon
|rule|OHKO Clause: OHKO moves are banned
|rule|Evasion Items Clause: Evasion items are banned
|rule|Evasion Moves Clause: Evasion moves are banned
|rule|Sleep Moves Clause: Sleep-inducing moves are banned
|clearpoke
|poke|p1|Samurott-Hisui, M|
|poke|p1|Landorus-Therian, M|
|poke|p1|Dragapult, F|
|poke|p1|Tornadus-Therian, M|
|poke|p1|Hatterene, F|
|poke|p1|Heatran, F|
|poke|p2|Glimmora, F|
|poke|p2|Araquanid, M|
|poke|p2|Corviknight, M|
|poke|p2|Samurott-Hisui, M|
|poke|p2|Dragapult, M|
|poke|p2|Great Tusk|
|teampreview
|inactive|Battle timer is ON: inactive players will automatically lose when time's up. (requested by slehb)
|
|t:|1743829480
|start
|switch|p1a: Dragapult|Dragapult, F|100/100
|switch|p2a: Glimmora|Glimmora, F, shiny|100/100
|turn|1
|
|t:|1743829494
|move|p1a: Dragapult|U-turn|p2a: Glimmora
|-resisted|p2a: Glimmora
|-damage|p2a: Glimmora|91/100
|-damage|p1a: Dragapult|84/100|[from] item: Rocky Helmet|[of] p2a: Glimmora
|-activate|p2a: Glimmora|ability: Toxic Debris
|-sidestart|p1: slehb|move: Toxic Spikes
|
|t:|1743829502
|switch|p1a: Hatterene|Hatterene, F, shiny|100/100|[from] U-turn
|-status|p1a: Hatterene|psn
|move|p2a: Glimmora|Mortal Spin|p1a: Hatterene
|-supereffective|p1a: Hatterene
|-damage|p1a: Hatterene|89/100 psn
|
|-heal|p1a: Hatterene|95/100 psn|[from] item: Leftovers
|-damage|p1a: Hatterene|83/100 psn|[from] psn
|upkeep
|turn|2
|
|t:|1743829517
|switch|p2a: Corviknight|Corviknight, M, shiny|100/100
|move|p1a: Hatterene|Calm Mind|p1a: Hatterene
|-boost|p1a: Hatterene|spa|1
|-boost|p1a: Hatterene|spd|1
|
|-heal|p1a: Hatterene|89/100 psn|[from] item: Leftovers
|-damage|p1a: Hatterene|77/100 psn|[from] psn
|upkeep
|turn|3
|
|t:|1743829539
|move|p2a: Corviknight|Steel Wing|p1a: Hatterene
|-supereffective|p1a: Hatterene
|-damage|p1a: Hatterene|27/100 psn
|-boost|p2a: Corviknight|def|1
|move|p1a: Hatterene|Calm Mind|p1a: Hatterene
|-boost|p1a: Hatterene|spa|1
|-boost|p1a: Hatterene|spd|1
|
|-heal|p1a: Hatterene|33/100 psn|[from] item: Leftovers
|-damage|p1a: Hatterene|21/100 psn|[from] psn
|upkeep
|turn|4
|
|t:|1743829553
|move|p2a: Corviknight|Brave Bird|p1a: Hatterene
|-damage|p1a: Hatterene|0 fnt
|faint|p1a: Hatterene
|-damage|p2a: Corviknight|95/100|[from] Recoil
|
|upkeep
|
|t:|1743829564
|switch|p1a: Heatran|Heatran, F|100/100
|turn|5
|
|t:|1743829575
|move|p1a: Heatran|Magma Storm|p2a: Corviknight
|-supereffective|p2a: Corviknight
|-crit|p2a: Corviknight
|-damage|p2a: Corviknight|17/100
|-activate|p2a: Corviknight|move: Magma Storm|[of] p1a: Heatran
|move|p2a: Corviknight|Body Press|p1a: Heatran
|-supereffective|p1a: Heatran
|-damage|p1a: Heatran|50/100
|
|-heal|p1a: Heatran|56/100|[from] item: Leftovers
|-damage|p2a: Corviknight|4/100|[from] move: Magma Storm|[partiallytrapped]
|upkeep
|turn|6
|
|t:|1743829588
|move|p1a: Heatran|Protect|p1a: Heatran
|-singleturn|p1a: Heatran|Protect
|move|p2a: Corviknight|Body Press|p1a: Heatran
|-activate|p1a: Heatran|move: Protect
|
|-heal|p1a: Heatran|62/100|[from] item: Leftovers
|-damage|p2a: Corviknight|0 fnt|[from] move: Magma Storm|[partiallytrapped]
|faint|p2a: Corviknight
|upkeep
|inactive|ezperzwahn has 120 seconds left.
|
|t:|1743829611
|switch|p2a: Great Tusk|Great Tusk, shiny|100/100
|-enditem|p2a: Great Tusk|Booster Energy
|-activate|p2a: Great Tusk|ability: Protosynthesis|[fromitem]
|-start|p2a: Great Tusk|protosynthesisatk
|turn|7
|
|t:|1743829620
|switch|p1a: Tornadus|Tornadus-Therian, M, shiny|100/100
|move|p2a: Great Tusk|Headlong Rush|p1a: Tornadus
|-immune|p1a: Tornadus
|
|upkeep
|turn|8
|
|t:|1743829631
|-terastallize|p2a: Great Tusk|Dark
|move|p1a: Tornadus|Nasty Plot|p1a: Tornadus
|-boost|p1a: Tornadus|spa|2
|move|p2a: Great Tusk|Ice Spinner|p1a: Tornadus
|-supereffective|p1a: Tornadus
|-damage|p1a: Tornadus|6/100
|
|upkeep
|turn|9
|
|t:|1743829647
|move|p1a: Tornadus|Hurricane|p2a: Great Tusk
|-damage|p2a: Great Tusk|0 fnt
|faint|p2a: Great Tusk
|-end|p2a: Great Tusk|Protosynthesis|[silent]
|
|upkeep
|
|t:|1743829654
|switch|p2a: Samurott|Samurott-Hisui, M, shiny|100/100
|turn|10
|l|☆slehb
|inactive|slehb disconnected and has a minute to reconnect!
|player|p1|
|inactive|slehb has 30 seconds to reconnect!
|j|☆slehb
|inactive|slehb reconnected and has 115 seconds left.
|player|p1|slehb|hilbert-wonderlauncher|
|
|t:|1743829695
|move|p2a: Samurott|Aqua Cutter|p1a: Tornadus
|-damage|p1a: Tornadus|0 fnt
|faint|p1a: Tornadus
|
|upkeep
|
|t:|1743829705
|switch|p1a: Heatran|Heatran, F|62/100
|turn|11
|
|t:|1743829715
|switch|p1a: Samurott|Samurott-Hisui, M, shiny|100/100
|-status|p1a: Samurott|psn
|move|p2a: Samurott|Aqua Cutter|p1a: Samurott
|-resisted|p1a: Samurott
|-crit|p1a: Samurott
|-damage|p1a: Samurott|53/100 psn
|
|-damage|p1a: Samurott|40/100 psn|[from] psn
|upkeep
|turn|12
|
|t:|1743829729
|switch|p2a: Araquanid|Araquanid, M, shiny|100/100
|move|p1a: Samurott|Sacred Sword|p2a: Araquanid
|-resisted|p2a: Araquanid
|-damage|p2a: Araquanid|81/100
|
|-damage|p1a: Samurott|28/100 psn|[from] psn
|upkeep
|turn|13
|inactive|slehb has 120 seconds left.
|
|t:|1743829742
|switch|p1a: Landorus|Landorus-Therian, M|100/100
|-ability|p1a: Landorus|Intimidate|boost
|-unboost|p2a: Araquanid|atk|1
|move|p2a: Araquanid|Sticky Web|p1a: Landorus
|-sidestart|p1: slehb|move: Sticky Web
|
|upkeep
|turn|14
|inactive|slehb has 120 seconds left.
|
|t:|1743829754
|move|p1a: Landorus|Earthquake|p2a: Araquanid
|-resisted|p2a: Araquanid
|-damage|p2a: Araquanid|57/100
|move|p2a: Araquanid|Infestation|p1a: Landorus
|-resisted|p1a: Landorus
|-damage|p1a: Landorus|98/100
|-activate|p1a: Landorus|move: Infestation|[of] p2a: Araquanid
|-damage|p2a: Araquanid|40/100|[from] item: Rocky Helmet|[of] p1a: Landorus
|
|-damage|p1a: Landorus|82/100|[from] move: Infestation|[partiallytrapped]
|upkeep
|turn|15
|
|t:|1743829767
|move|p1a: Landorus|Stealth Rock|p2a: Araquanid
|-sidestart|p2: ezperzwahn|move: Stealth Rock
|move|p2a: Araquanid|Aqua Ring|p2a: Araquanid
|-start|p2a: Araquanid|Aqua Ring
|
|-heal|p2a: Araquanid|46/100|[from] Aqua Ring
|-damage|p1a: Landorus|65/100|[from] move: Infestation|[partiallytrapped]
|upkeep
|turn|16
|
|t:|1743829777
|move|p2a: Araquanid|Protect|p2a: Araquanid
|-singleturn|p2a: Araquanid|Protect
|move|p1a: Landorus|Stone Edge|p2a: Araquanid
|-activate|p2a: Araquanid|move: Protect
|
|-heal|p2a: Araquanid|53/100|[from] Aqua Ring
|-damage|p1a: Landorus|49/100|[from] move: Infestation|[partiallytrapped]
|upkeep
|turn|17
|inactive|ezperzwahn has 120 seconds left.
|
|t:|1743829821
|move|p1a: Landorus|U-turn|p2a: Araquanid
|-damage|p2a: Araquanid|32/100
|
|t:|1743829826
|switch|p1a: Dragapult|Dragapult, F|84/100|[from] U-turn
|move|p2a: Araquanid|Infestation|p1a: Dragapult
|-resisted|p1a: Dragapult
|-damage|p1a: Dragapult|82/100
|-activate|p1a: Dragapult|move: Infestation|[of] p2a: Araquanid
|
|-heal|p2a: Araquanid|38/100|[from] Aqua Ring
|-damage|p1a: Dragapult|65/100|[from] move: Infestation|[partiallytrapped]
|upkeep
|turn|18
|inactive|ezperzwahn has 120 seconds left.
|
|t:|1743829838
|move|p2a: Araquanid|Protect|p2a: Araquanid
|-singleturn|p2a: Araquanid|Protect
|move|p1a: Dragapult|Will-O-Wisp|p2a: Araquanid
|-activate|p2a: Araquanid|move: Protect
|
|-heal|p2a: Araquanid|44/100|[from] Aqua Ring
|-damage|p1a: Dragapult|49/100|[from] move: Infestation|[partiallytrapped]
|upkeep
|turn|19
|inactive|ezperzwahn has 120 seconds left.
|
|t:|1743829856
|move|p1a: Dragapult|Hex|p2a: Araquanid
|-damage|p2a: Araquanid|28/100
|move|p2a: Araquanid|Infestation|p1a: Dragapult
|-resisted|p1a: Dragapult
|-damage|p1a: Dragapult|46/100
|
|-heal|p2a: Araquanid|34/100|[from] Aqua Ring
|-damage|p1a: Dragapult|30/100|[from] move: Infestation|[partiallytrapped]
|upkeep
|turn|20
|
|t:|1743829868
|move|p2a: Araquanid|Protect|p2a: Araquanid
|-singleturn|p2a: Araquanid|Protect
|move|p1a: Dragapult|Dragon Darts|p2a: Araquanid
|-activate|p2a: Araquanid|move: Protect
|
|-heal|p2a: Araquanid|40/100|[from] Aqua Ring
|-damage|p1a: Dragapult|13/100|[from] move: Infestation|[partiallytrapped]
|upkeep
|turn|21
|
|t:|1743829882
|move|p1a: Dragapult|Dragon Darts|p2a: Araquanid
|-damage|p2a: Araquanid|19/100
|-anim|p1a: Dragapult|Dragon Darts|p2a: Araquanid
|-damage|p2a: Araquanid|0 fnt
|faint|p2a: Araquanid
|
|-end|p1a: Dragapult|Infestation|[partiallytrapped]|[silent]
|upkeep
|
|t:|1743829901
|switch|p2a: Samurott|Samurott-Hisui, M, shiny|100/100
|-damage|p2a: Samurott|88/100|[from] Stealth Rock
|turn|22
|
|t:|1743829911
|move|p2a: Samurott|Ceaseless Edge|p1a: Dragapult
|-supereffective|p1a: Dragapult
|-damage|p1a: Dragapult|0 fnt
|-sidestart|p1: slehb|Spikes
|faint|p1a: Dragapult
|
|upkeep
|
|t:|1743829918
|switch|p1a: Samurott|Samurott-Hisui, M, shiny|28/100 psn
|-activate|p1a: Samurott|move: Sticky Web
|-unboost|p1a: Samurott|spe|1
|-damage|p1a: Samurott|15/100 psn|[from] Spikes
|turn|23
|
|t:|1743829924
|-terastallize|p1a: Samurott|Fighting
|move|p2a: Samurott|Ceaseless Edge|p1a: Samurott
|-resisted|p1a: Samurott
|-damage|p1a: Samurott|0 fnt
|-sidestart|p1: slehb|Spikes
|faint|p1a: Samurott
|
|upkeep
|
|t:|1743829933
|switch|p1a: Landorus|Landorus-Therian, M|49/100
|-ability|p1a: Landorus|Intimidate|boost
|-unboost|p2a: Samurott|atk|1
|turn|24
|inactive|ezperzwahn has 120 seconds left.
|
|t:|1743829943
|switch|p2a: Dragapult|Dragapult, M, shiny|100/100
|-damage|p2a: Dragapult|88/100|[from] Stealth Rock
|move|p1a: Landorus|Stone Edge|p2a: Dragapult
|-damage|p2a: Dragapult|43/100
|-start|p1a: Landorus|Disable|Stone Edge|[from] ability: Cursed Body|[of] p2a: Dragapult
|
|upkeep
|turn|25
|inactive|ezperzwahn has 120 seconds left.
|
|t:|1743829959
|move|p2a: Dragapult|Draco Meteor|p1a: Landorus
|-damage|p1a: Landorus|0 fnt
|-unboost|p2a: Dragapult|spa|2
|faint|p1a: Landorus
|-damage|p2a: Dragapult|33/100|[from] item: Life Orb
|
|upkeep
|
|t:|1743829964
|switch|p1a: Heatran|Heatran, F|62/100
|-activate|p1a: Heatran|move: Sticky Web
|-unboost|p1a: Heatran|spe|1
|-damage|p1a: Heatran|46/100|[from] Spikes
|turn|26
|
|t:|1743829973
|move|p2a: Dragapult|U-turn|p1a: Heatran
|-resisted|p1a: Heatran
|-damage|p1a: Heatran|41/100
|-damage|p2a: Dragapult|23/100|[from] item: Life Orb
|
|t:|1743829978
|switch|p2a: Glimmora|Glimmora, F, shiny|91/100|[from] U-turn
|-damage|p2a: Glimmora|78/100|[from] Stealth Rock
|move|p1a: Heatran|Magma Storm|p2a: Glimmora
|-resisted|p2a: Glimmora
|-damage|p2a: Glimmora|53/100
|-activate|p2a: Glimmora|move: Magma Storm|[of] p1a: Heatran
|
|-heal|p1a: Heatran|47/100|[from] item: Leftovers
|-damage|p2a: Glimmora|41/100|[from] move: Magma Storm|[partiallytrapped]
|upkeep
|turn|27
|
|t:|1743829992
|move|p2a: Glimmora|Power Gem|p1a: Heatran
|-damage|p1a: Heatran|18/100
|move|p1a: Heatran|Earth Power|p2a: Glimmora
|-supereffective|p2a: Glimmora
|-damage|p2a: Glimmora|0 fnt
|faint|p2a: Glimmora
|
|-heal|p1a: Heatran|24/100|[from] item: Leftovers
|upkeep
|
|t:|1743830005
|switch|p2a: Samurott|Samurott-Hisui, M, shiny|88/100
|-damage|p2a: Samurott|76/100|[from] Stealth Rock
|turn|28
|
|t:|1743830010
|move|p2a: Samurott|Aqua Cutter|p1a: Heatran
|-supereffective|p1a: Heatran
|-damage|p1a: Heatran|0 fnt
|faint|p1a: Heatran
|
|win|ezperzwahn
|raw|slehb's rating: 1106 &rarr; <strong>1082</strong><br />(-24 for losing)
|raw|ezperzwahn's rating: 1120 &rarr; <strong>1144</strong><br />(+24 for winning)
|l|☆slehb
|player|p1|
|l|☆ezperzwahn
|player|p2|
