|j|☆Pedro_Gil_2502
|j|☆sillysquare
|t:|1743895864
|gametype|singles
|player|p1|Pedro_Gil_2502|byron|1675
|player|p2|sillysquare|dancer|1665
|teamsize|p1|6
|teamsize|p2|6
|gen|9
|tier|[Gen 9] OU
|rated|
|rule|HP Percentage Mod: HP is shown in percentages
|rule|Endless Battle Clause: Forcing endless battles is banned
|rule|Species Clause: Limit one of each Pokémon
|rule|OHKO Clause: OHKO moves are banned
|rule|Evasion Items Clause: Evasion items are banned
|rule|Evasion Moves Clause: Evasion moves are banned
|rule|Sleep Moves Clause: Sleep-inducing moves are banned
|clearpoke
|poke|p1|Ting-Lu|
|poke|p1|Kyurem|
|poke|p1|Great Tusk|
|poke|p1|Ogerpon-Cornerstone, F|
|poke|p1|Samurott-Hisui, M|
|poke|p1|Pecharunt|
|poke|p2|Garchomp, F|
|poke|p2|Tinkaton, F|
|poke|p2|Hydrapple, F|
|poke|p2|Maushold-Four|
|poke|p2|Moltres|
|poke|p2|Okidogi, M|
|teampreview
|inactive|Battle timer is ON: inactive players will automatically lose when time's up. (requested by Pedro_Gil_2502)
|
|t:|1743895890
|start
|switch|p1a: Dagrão duzOio Azul|Kyurem|100/100
|switch|p2a: Tinkaton|Tinkaton, F|100/100
|-ability|p1a: Dagrão duzOio Azul|Pressure
|-ability|p2a: Tinkaton|Mold Breaker
|turn|1
|
|t:|1743895897
|switch|p1a: Tige-la|Ting-Lu|100/100
|-ability|p1a: Tige-la|Vessel of Ruin
|move|p2a: Tinkaton|Gigaton Hammer|p1a: Tige-la
|-damage|p1a: Tige-la|75/100
|
|-heal|p1a: Tige-la|81/100|[from] item: Leftovers
|upkeep
|turn|2
|
|t:|1743895901
|move|p2a: Tinkaton|Stealth Rock|p1a: Tige-la
|-sidestart|p1: Pedro_Gil_2502|move: Stealth Rock
|move|p1a: Tige-la|Stealth Rock|p2a: Tinkaton
|-sidestart|p2: sillysquare|move: Stealth Rock
|
|-heal|p1a: Tige-la|87/100|[from] item: Leftovers
|upkeep
|turn|3
|
|t:|1743895905
|move|p2a: Tinkaton|Encore|p1a: Tige-la
|-start|p1a: Tige-la|Encore
|move|p1a: Tige-la|Stealth Rock||[still]
|-fail|p1a: Tige-la
|
|-heal|p1a: Tige-la|93/100|[from] item: Leftovers
|upkeep
|turn|4
|
|t:|1743895908
|switch|p1a: Pêssego|Pecharunt|100/100
|move|p2a: Tinkaton|Knock Off|p1a: Pêssego
|-supereffective|p1a: Pêssego
|-damage|p1a: Pêssego|84/100
|-enditem|p1a: Pêssego|Heavy-Duty Boots|[from] move: Knock Off|[of] p2a: Tinkaton
|
|upkeep
|turn|5
|
|t:|1743895916
|move|p2a: Tinkaton|Knock Off|p1a: Pêssego
|-supereffective|p1a: Pêssego
|-damage|p1a: Pêssego|73/100
|move|p1a: Pêssego|Parting Shot|p2a: Tinkaton
|-unboost|p2a: Tinkaton|atk|1
|-unboost|p2a: Tinkaton|spa|1
|
|t:|1743895919
|switch|p1a: Tige-la|Ting-Lu|93/100|[from] Parting Shot
|-damage|p1a: Tige-la|87/100|[from] Stealth Rock
|-ability|p1a: Tige-la|Vessel of Ruin
|
|-heal|p1a: Tige-la|93/100|[from] item: Leftovers
|upkeep
|turn|6
|
|t:|1743895924
|switch|p2a: Hydrapple|Hydrapple, F|100/100
|-damage|p2a: Hydrapple|88/100|[from] Stealth Rock
|move|p1a: Tige-la|Ruination|p2a: Hydrapple
|-damage|p2a: Hydrapple|44/100
|
|-heal|p1a: Tige-la|99/100|[from] item: Leftovers
|upkeep
|turn|7
|
|t:|1743895929
|move|p2a: Hydrapple|Leaf Storm|p1a: Tige-la
|-supereffective|p1a: Tige-la
|-crit|p1a: Tige-la
|-damage|p1a: Tige-la|0 fnt
|-unboost|p2a: Hydrapple|spa|2
|faint|p1a: Tige-la
|-damage|p2a: Hydrapple|35/100|[from] item: Life Orb
|
|upkeep
|c|☆Pedro_Gil_2502|Nice crit
|c|☆sillysquare|eh
|
|t:|1743895945
|switch|p1a: Ronin do Interior|Samurott-Hisui, M|100/100
|-damage|p1a: Ronin do Interior|88/100|[from] Stealth Rock
|turn|8
|j| atlas tales
|
|t:|1743895954
|switch|p2a: Tinkaton|Tinkaton, F|100/100
|-damage|p2a: Tinkaton|94/100|[from] Stealth Rock
|-ability|p2a: Tinkaton|Mold Breaker
|move|p1a: Ronin do Interior|Ceaseless Edge|p2a: Tinkaton|[miss]
|-miss|p1a: Ronin do Interior|p2a: Tinkaton
|
|-heal|p2a: Tinkaton|100/100|[from] item: Leftovers
|upkeep
|turn|9
|
|t:|1743895963
|move|p1a: Ronin do Interior|Razor Shell|p2a: Tinkaton
|-damage|p2a: Tinkaton|40/100
|-unboost|p2a: Tinkaton|def|1
|move|p2a: Tinkaton|Knock Off|p1a: Ronin do Interior
|-resisted|p1a: Ronin do Interior
|-damage|p1a: Ronin do Interior|77/100
|-enditem|p1a: Ronin do Interior|Focus Sash|[from] move: Knock Off|[of] p2a: Tinkaton
|
|-heal|p2a: Tinkaton|46/100|[from] item: Leftovers
|upkeep
|turn|10
|
|t:|1743895982
|switch|p2a: Garchomp|Garchomp, F|100/100
|-damage|p2a: Garchomp|94/100|[from] Stealth Rock
|move|p1a: Ronin do Interior|Ceaseless Edge|p2a: Garchomp
|-damage|p2a: Garchomp|49/100
|-damage|p1a: Ronin do Interior|65/100|[from] ability: Rough Skin|[of] p2a: Garchomp
|-sidestart|p2: sillysquare|Spikes
|
|upkeep
|turn|11
|
|t:|1743895987
|move|p2a: Garchomp|Earthquake|p1a: Ronin do Interior
|-damage|p1a: Ronin do Interior|0 fnt
|faint|p1a: Ronin do Interior
|-damage|p2a: Garchomp|39/100|[from] item: Life Orb
|
|upkeep
|
|t:|1743895993
|switch|p1a: Dagrão duzOio Azul|Kyurem|100/100
|-ability|p1a: Dagrão duzOio Azul|Pressure
|turn|12
|
|t:|1743896005
|move|p1a: Dagrão duzOio Azul|Ice Beam|p2a: Garchomp
|-supereffective|p2a: Garchomp
|-damage|p2a: Garchomp|0 fnt
|faint|p2a: Garchomp
|
|upkeep
|
|t:|1743896021
|switch|p2a: Moltres|Moltres|100/100
|turn|13
|
|t:|1743896026
|move|p1a: Dagrão duzOio Azul|Ice Beam|p2a: Moltres
|-damage|p2a: Moltres|51/100
|move|p2a: Moltres|Fire Blast|p1a: Dagrão duzOio Azul
|-damage|p1a: Dagrão duzOio Azul|49/100
|
|upkeep
|turn|14
|
|t:|1743896032
|move|p1a: Dagrão duzOio Azul|Ice Beam|p2a: Moltres
|-damage|p2a: Moltres|1/100
|-status|p2a: Moltres|frz
|cant|p2a: Moltres|frz
|
|upkeep
|turn|15
|c|☆sillysquare|nice freeze
|
|t:|1743896045
|move|p1a: Dagrão duzOio Azul|Scale Shot|p2a: Moltres
|-damage|p2a: Moltres|0 fnt
|faint|p2a: Moltres
|-hitcount|p2: Moltres|1
|-unboost|p1a: Dagrão duzOio Azul|def|1
|-boost|p1a: Dagrão duzOio Azul|spe|1
|
|upkeep
|c|☆Pedro_Gil_2502|Eh
|
|t:|1743896065
|switch|p2a: Okidogi|Okidogi, M|100/100
|-damage|p2a: Okidogi|94/100|[from] Stealth Rock
|-damage|p2a: Okidogi|82/100|[from] Spikes
|turn|16
|
|t:|1743896077
|switch|p1a: Pêssego|Pecharunt|73/100
|-damage|p1a: Pêssego|60/100|[from] Stealth Rock
|-terastallize|p2a: Okidogi|Flying
|move|p2a: Okidogi|Drain Punch|p1a: Pêssego
|-immune|p1a: Pêssego
|
|-heal|p2a: Okidogi|88/100|[from] item: Leftovers
|upkeep
|turn|17
|
|t:|1743896084
|switch|p2a: Tinkaton|Tinkaton, F|46/100
|-damage|p2a: Tinkaton|40/100|[from] Stealth Rock
|-damage|p2a: Tinkaton|28/100|[from] Spikes
|-ability|p2a: Tinkaton|Mold Breaker
|move|p1a: Pêssego|Malignant Chain|p2a: Tinkaton
|-immune|p2a: Tinkaton
|
|-heal|p2a: Tinkaton|34/100|[from] item: Leftovers
|upkeep
|turn|18
|
|t:|1743896092
|move|p2a: Tinkaton|Encore|p1a: Pêssego
|-start|p1a: Pêssego|Encore
|move|p1a: Pêssego|Malignant Chain|p2a: Tinkaton
|-immune|p2a: Tinkaton
|
|-heal|p2a: Tinkaton|40/100|[from] item: Leftovers
|upkeep
|turn|19
|
|t:|1743896095
|switch|p1a: Mamute Pequenino|Great Tusk|100/100
|-damage|p1a: Mamute Pequenino|98/100|[from] Stealth Rock
|move|p2a: Tinkaton|Knock Off|p1a: Mamute Pequenino
|-resisted|p1a: Mamute Pequenino
|-damage|p1a: Mamute Pequenino|92/100
|-enditem|p1a: Mamute Pequenino|Leftovers|[from] move: Knock Off|[of] p2a: Tinkaton
|
|-heal|p2a: Tinkaton|46/100|[from] item: Leftovers
|upkeep
|turn|20
|
|t:|1743896104
|move|p1a: Mamute Pequenino|Knock Off|p2a: Tinkaton
|-resisted|p2a: Tinkaton
|-crit|p2a: Tinkaton
|-damage|p2a: Tinkaton|19/100
|-enditem|p2a: Tinkaton|Leftovers|[from] move: Knock Off|[of] p1a: Mamute Pequenino
|move|p2a: Tinkaton|Encore|p1a: Mamute Pequenino
|-start|p1a: Mamute Pequenino|Encore
|
|upkeep
|turn|21
|
|t:|1743896112
|move|p1a: Mamute Pequenino|Knock Off|p2a: Tinkaton
|-resisted|p2a: Tinkaton
|-damage|p2a: Tinkaton|7/100
|move|p2a: Tinkaton|Gigaton Hammer|p1a: Mamute Pequenino
|-damage|p1a: Mamute Pequenino|58/100
|
|upkeep
|turn|22
|
|t:|1743896119
|move|p1a: Mamute Pequenino|Knock Off|p2a: Tinkaton
|-resisted|p2a: Tinkaton
|-damage|p2a: Tinkaton|0 fnt
|faint|p2a: Tinkaton
|
|upkeep
|
|t:|1743896125
|switch|p2a: Maushold|Maushold-Four|100/100
|-damage|p2a: Maushold|88/100|[from] Stealth Rock
|-damage|p2a: Maushold|76/100|[from] Spikes
|turn|23
|
|t:|1743896131
|-end|p1a: Mamute Pequenino|Protosynthesis|[silent]
|switch|p1a: Pêssego|Pecharunt|60/100
|-damage|p1a: Pêssego|48/100|[from] Stealth Rock
|move|p2a: Maushold|Tidy Up|p2a: Maushold
|-sideend|p2: sillysquare|Spikes
|-sideend|p2: sillysquare|Stealth Rock
|-sideend|p1: Pedro_Gil_2502|Stealth Rock
|-activate|p2a: Maushold|move: Tidy Up
|-boost|p2a: Maushold|atk|1
|-boost|p2a: Maushold|spe|1
|
|upkeep
|turn|24
|
|t:|1743896138
|move|p2a: Maushold|Bite|p1a: Pêssego
|-supereffective|p1a: Pêssego
|-damage|p1a: Pêssego|18/100
|cant|p1a: Pêssego|flinch
|
|upkeep
|turn|25
|
|t:|1743896143
|-terastallize|p1a: Pêssego|Fairy
|move|p2a: Maushold|Bite|p1a: Pêssego
|-resisted|p1a: Pêssego
|-damage|p1a: Pêssego|10/100
|cant|p1a: Pêssego|flinch
|
|upkeep
|turn|26
|c|☆Pedro_Gil_2502|Wp
|
|t:|1743896158
|move|p2a: Maushold|Population Bomb|p1a: Pêssego
|-damage|p1a: Pêssego|3/100
|-damage|p1a: Pêssego|0 fnt
|faint|p1a: Pêssego
|-hitcount|p1: Pêssego|2
|
|upkeep
|
|t:|1743896161
|switch|p1a: Pilastra|Ogerpon-Cornerstone, F|100/100
|turn|27
|
|t:|1743896167
|move|p2a: Maushold|Population Bomb|p1a: Pilastra
|-resisted|p1a: Pilastra
|-damage|p1a: Pilastra|90/100
|-resisted|p1a: Pilastra
|-damage|p1a: Pilastra|80/100
|-resisted|p1a: Pilastra
|-damage|p1a: Pilastra|70/100
|-resisted|p1a: Pilastra
|-damage|p1a: Pilastra|59/100
|-resisted|p1a: Pilastra
|-damage|p1a: Pilastra|47/100
|-resisted|p1a: Pilastra
|-damage|p1a: Pilastra|36/100
|-resisted|p1a: Pilastra
|-damage|p1a: Pilastra|25/100
|-resisted|p1a: Pilastra
|-damage|p1a: Pilastra|15/100
|-resisted|p1a: Pilastra
|-damage|p1a: Pilastra|4/100
|-resisted|p1a: Pilastra
|-damage|p1a: Pilastra|0 fnt
|faint|p1a: Pilastra
|-hitcount|p1: Pilastra|10
|
|upkeep
|c|☆sillysquare|gg
|
|t:|1743896188
|switch|p1a: Mamute Pequenino|Great Tusk|58/100
|turn|28
|
|t:|1743896191
|move|p2a: Maushold|Population Bomb|p1a: Mamute Pequenino
|-damage|p1a: Mamute Pequenino|47/100
|-damage|p1a: Mamute Pequenino|35/100
|-damage|p1a: Mamute Pequenino|23/100
|-damage|p1a: Mamute Pequenino|12/100
|-damage|p1a: Mamute Pequenino|0 fnt
|faint|p1a: Mamute Pequenino
|-end|p1a: Mamute Pequenino|Protosynthesis|[silent]
|-hitcount|p1: Mamute Pequenino|5
|
|upkeep
|
|t:|1743896195
|switch|p1a: Dagrão duzOio Azul|Kyurem|49/100
|-ability|p1a: Dagrão duzOio Azul|Pressure
|turn|29
|
|t:|1743896198
|move|p2a: Maushold|Population Bomb|p1a: Dagrão duzOio Azul
|-damage|p1a: Dagrão duzOio Azul|33/100
|-damage|p1a: Dagrão duzOio Azul|18/100
|-damage|p1a: Dagrão duzOio Azul|2/100
|-damage|p1a: Dagrão duzOio Azul|0 fnt
|faint|p1a: Dagrão duzOio Azul
|-hitcount|p1: Dagrão duzOio Azul|4
|
|win|sillysquare
|raw|Pedro_Gil_2502's rating: 1675 &rarr; <strong>1654</strong><br />(-21 for losing)
|raw|sillysquare's rating: 1665 &rarr; <strong>1686</strong><br />(+21 for winning)
|l|☆sillysquare
|player|p2|
|l|☆Pedro_Gil_2502
|player|p1|
|l| atlas tales
