|j|☆Savushkin Trois
|j|☆LegendRed9999
|t:|1743922320
|gametype|singles
|player|p1|Savushkin Trois|medium|1182
|player|p2|LegendRed9999|wallace|1112
|teamsize|p1|6
|teamsize|p2|6
|gen|9
|tier|[Gen 9] OU
|rated|
|rule|HP Percentage Mod: HP is shown in percentages
|rule|Endless Battle Clause: Forcing endless battles is banned
|rule|Species Clause: Limit one of each Pokémon
|rule|OHKO Clause: OHKO moves are banned
|rule|Evasion Items Clause: Evasion items are banned
|rule|Evasion Moves Clause: Evasion moves are banned
|rule|Sleep Moves Clause: Sleep-inducing moves are banned
|clearpoke
|poke|p1|Toxtricity, F|
|poke|p1|Politoed, M|
|poke|p1|Meowstic, M|
|poke|p1|Granbull, M|
|poke|p1|Crawdaunt, F|
|poke|p1|Porygon-Z|
|poke|p2|Serperior, M|
|poke|p2|Greninja-*, M|
|poke|p2|Delphox, F|
|poke|p2|Torterra, M|
|poke|p2|Samurott-Hisui, M|
|poke|p2|Infernape, M|
|teampreview
|inactive|Battle timer is ON: inactive players will automatically lose when time's up. (requested by Savushkin Trois)
|
|t:|1743922341
|start
|switch|p1a: Meowstic|Meowstic, M|100/100
|switch|p2a: Serperior|Serperior, M, shiny|100/100
|turn|1
|
|t:|1743922367
|move|p1a: Meowstic|Misty Terrain|p1a: Meowstic
|-fieldstart|move: Misty Terrain
|move|p2a: Serperior|Leaf Storm|p1a: Meowstic
|-crit|p1a: Meowstic
|-damage|p1a: Meowstic|17/100
|-boost|p2a: Serperior|spa|2
|
|upkeep
|turn|2
|
|t:|1743922381
|switch|p1a: Toxtricity|Toxtricity, F|100/100
|move|p2a: Serperior|Leaf Storm|p1a: Toxtricity
|-resisted|p1a: Toxtricity
|-damage|p1a: Toxtricity|22/100
|-boost|p2a: Serperior|spa|2
|
|upkeep
|turn|3
|
|t:|1743922393
|move|p2a: Serperior|Leaf Storm|p1a: Toxtricity
|-resisted|p1a: Toxtricity
|-damage|p1a: Toxtricity|0 fnt
|-boost|p2a: Serperior|spa|2
|faint|p1a: Toxtricity
|
|upkeep
|inactive|Savushkin Trois has 120 seconds left.
|
|t:|1743922403
|switch|p1a: Porygon-Z|Porygon-Z|100/100
|-ability|p1a: Porygon-Z|Download|boost
|-boost|p1a: Porygon-Z|atk|1
|turn|4
|
|t:|1743922412
|move|p1a: Porygon-Z|Double-Edge|p2a: Serperior
|-damage|p2a: Serperior|13/100
|-damage|p1a: Porygon-Z|74/100|[from] Recoil
|move|p2a: Serperior|Substitute|p2a: Serperior
|-fail|p2a: Serperior|move: Substitute|[weak]
|
|-heal|p2a: Serperior|19/100|[from] item: Leftovers
|upkeep
|turn|5
|
|t:|1743922421
|move|p1a: Porygon-Z|Double-Edge|p2a: Serperior
|-damage|p2a: Serperior|0 fnt
|faint|p2a: Serperior
|-damage|p1a: Porygon-Z|68/100|[from] Recoil
|
|upkeep
|
|t:|1743922439
|switch|p2a: Samurott|Samurott-Hisui, M, shiny|100/100
|turn|6
|
|t:|1743922450
|move|p1a: Porygon-Z|Double-Edge|p2a: Samurott
|-damage|p2a: Samurott|0 fnt
|faint|p2a: Samurott
|-damage|p1a: Porygon-Z|34/100|[from] Recoil
|
|upkeep
|
|t:|1743922461
|switch|p2a: Infernape|Infernape, M, shiny|100/100
|turn|7
|
|t:|1743922466
|move|p1a: Porygon-Z|Double-Edge|p2a: Infernape
|-damage|p2a: Infernape|4/100
|-damage|p1a: Porygon-Z|0 fnt|[from] Recoil
|faint|p1a: Porygon-Z
|move|p2a: Infernape|Drain Punch|p1: Porygon-Z|[notarget]
|-fail|p2a: Infernape
|
|-heal|p2a: Infernape|11/100|[from] item: Leftovers
|upkeep
|
|t:|1743922478
|switch|p1a: Politoed|Politoed, M|100/100
|turn|8
|
|t:|1743922487
|move|p2a: Infernape|Drain Punch|p1a: Politoed
|-damage|p1a: Politoed|54/100
|-heal|p2a: Infernape|33/100|[from] drain|[of] p1a: Politoed
|move|p1a: Politoed|Whirlpool|p2a: Infernape
|-supereffective|p2a: Infernape
|-damage|p2a: Infernape|0 fnt
|faint|p2a: Infernape
|
|-fieldend|Misty Terrain
|upkeep
|
|t:|1743922501
|switch|p2a: Torterra|Torterra, M, shiny|100/100
|turn|9
|
|t:|1743922509
|-terastallize|p2a: Torterra|Grass
|move|p2a: Torterra|Shell Smash|p2a: Torterra
|-unboost|p2a: Torterra|def|1
|-unboost|p2a: Torterra|spd|1
|-boost|p2a: Torterra|atk|2
|-boost|p2a: Torterra|spa|2
|-boost|p2a: Torterra|spe|2
|-enditem|p2a: Torterra|White Herb
|-clearnegativeboost|p2a: Torterra|[silent]
|move|p1a: Politoed|Ice Beam|p2a: Torterra
|-supereffective|p2a: Torterra
|-damage|p2a: Torterra|42/100
|
|upkeep
|turn|10
|
|t:|1743922524
|move|p2a: Torterra|Bullet Seed|p1a: Politoed
|-supereffective|p1a: Politoed
|-damage|p1a: Politoed|0 fnt
|faint|p1a: Politoed
|-hitcount|p1: Politoed|1
|
|upkeep
|
|t:|1743922531
|switch|p1a: Meowstic|Meowstic, M|17/100
|turn|11
|
|t:|1743922537
|move|p1a: Meowstic|Psychic Terrain|p1a: Meowstic
|-fieldstart|move: Psychic Terrain
|move|p2a: Torterra|Bullet Seed|p1a: Meowstic
|-damage|p1a: Meowstic|0 fnt
|faint|p1a: Meowstic
|-hitcount|p1: Meowstic|1
|
|upkeep
|
|t:|1743922546
|switch|p1a: Crawdaunt|Crawdaunt, F|100/100
|turn|12
|
|t:|1743922564
|-terastallize|p1a: Crawdaunt|Water
|move|p1a: Crawdaunt|Aqua Jet|p2a: Torterra
|-activate|p2a: Torterra|move: Psychic Terrain
|move|p2a: Torterra|Bullet Seed|p1a: Crawdaunt
|-supereffective|p1a: Crawdaunt
|-damage|p1a: Crawdaunt|30/100
|-supereffective|p1a: Crawdaunt
|-damage|p1a: Crawdaunt|0 fnt
|faint|p1a: Crawdaunt
|-hitcount|p1: Crawdaunt|2
|
|upkeep
|-message|Savushkin Trois forfeited.
|
|win|LegendRed9999
|raw|Savushkin Trois's rating: 1182 &rarr; <strong>1152</strong><br />(-30 for losing)
|raw|LegendRed9999's rating: 1112 &rarr; <strong>1142</strong><br />(+30 for winning)
|l|☆Savushkin Trois
|player|p1|
|l|☆LegendRed9999
|player|p2|
