|j|☆No_OverUsed?
|j|☆YoTeH
|t:|1743858149
|gametype|singles
|player|p1|No_OverUsed?|marlon|1768
|player|p2|YoTeH|marnie|1725
|teamsize|p1|6
|teamsize|p2|6
|gen|9
|tier|[Gen 9] OU
|rated|
|rule|HP Percentage Mod: HP is shown in percentages
|rule|Endless Battle Clause: Forcing endless battles is banned
|rule|Species Clause: Limit one of each Pokémon
|rule|OHKO Clause: OHKO moves are banned
|rule|Evasion Items Clause: Evasion items are banned
|rule|Evasion Moves Clause: Evasion moves are banned
|rule|Sleep Moves Clause: Sleep-inducing moves are banned
|clearpoke
|poke|p1|Scizor, M|
|poke|p1|Thundurus-Therian, M|
|poke|p1|Reuniclus, M|
|poke|p1|Decidueye-Hisui, M|
|poke|p1|Incineroar, M|
|poke|p1|Keldeo-Resolute|
|poke|p2|Dragonite, M|
|poke|p2|Ting-Lu|
|poke|p2|Gholdengo|
|poke|p2|Iron Valiant|
|poke|p2|Zamazenta-*|
|poke|p2|Raging Bolt|
|teampreview
|inactive|Battle timer is ON: inactive players will automatically lose when time's up. (requested by No_OverUsed?)
|j| kingambit player
|l| kingambit player
|
|t:|1743858165
|start
|switch|p1a: Amber|Scizor, M, shiny|100/100
|switch|p2a: Iron Valiant|Iron Valiant|100/100
|-enditem|p2a: Iron Valiant|Booster Energy
|-activate|p2a: Iron Valiant|ability: Quark Drive|[fromitem]
|-start|p2a: Iron Valiant|quarkdrivespe
|turn|1
|
|t:|1743858169
|-terastallize|p2a: Iron Valiant|Electric
|move|p2a: Iron Valiant|Calm Mind|p2a: Iron Valiant
|-boost|p2a: Iron Valiant|spa|1
|-boost|p2a: Iron Valiant|spd|1
|move|p1a: Amber|Knock Off|p2a: Iron Valiant
|-damage|p2a: Iron Valiant|50/100
|
|upkeep
|turn|2
|
|t:|1743858174
|switch|p1a: Genosis|Reuniclus, M, shiny|100/100
|move|p2a: Iron Valiant|Moonblast|p1a: Genosis
|-damage|p1a: Genosis|70/100
|-unboost|p1a: Genosis|spa|1
|
|upkeep
|turn|3
|
|t:|1743858178
|move|p2a: Iron Valiant|Moonblast|p1a: Genosis
|-damage|p1a: Genosis|37/100
|move|p1a: Genosis|Psyshock|p2a: Iron Valiant
|-damage|p2a: Iron Valiant|17/100
|
|upkeep
|turn|4
|
|t:|1743858181
|move|p2a: Iron Valiant|Moonblast|p1a: Genosis
|-damage|p1a: Genosis|6/100
|move|p1a: Genosis|Psyshock|p2a: Iron Valiant
|-damage|p2a: Iron Valiant|0 fnt
|faint|p2a: Iron Valiant
|-end|p2a: Iron Valiant|Quark Drive|[silent]
|
|upkeep
|
|t:|1743858185
|switch|p2a: Ting-Lu|Ting-Lu|100/100
|-ability|p2a: Ting-Lu|Vessel of Ruin
|turn|5
|
|t:|1743858189
|switch|p1a: Hawkeye|Decidueye-Hisui, M, shiny|100/100
|move|p2a: Ting-Lu|Stealth Rock|p1a: Hawkeye
|-sidestart|p1: No_OverUsed?|move: Stealth Rock
|
|upkeep
|turn|6
|
|t:|1743858195
|move|p1a: Hawkeye|Triple Arrows|p2a: Ting-Lu
|-supereffective|p2a: Ting-Lu
|-damage|p2a: Ting-Lu|63/100
|-unboost|p2a: Ting-Lu|def|1
|-enditem|p2a: Ting-Lu|Red Card|[of] p1a: Hawkeye
|drag|p1a: Genosis|Reuniclus, M, shiny|40/100
|-damage|p1a: Genosis|27/100|[from] Stealth Rock
|move|p2a: Ting-Lu|Ruination|p1a: Genosis
|-damage|p1a: Genosis|14/100
|
|upkeep
|turn|7
|
|t:|1743858203
|switch|p1a: Hawkeye|Decidueye-Hisui, M, shiny|100/100
|-damage|p1a: Hawkeye|94/100|[from] Stealth Rock
|move|p2a: Ting-Lu|Earthquake|p1a: Hawkeye
|-resisted|p1a: Hawkeye
|-damage|p1a: Hawkeye|80/100
|
|upkeep
|turn|8
|
|t:|1743858209
|switch|p2a: Zamazenta|Zamazenta|100/100
|-ability|p2a: Zamazenta|Dauntless Shield|boost
|-boost|p2a: Zamazenta|def|1
|move|p1a: Hawkeye|Defog|p2a: Zamazenta
|-fail|p2a: Zamazenta|unboost|[from] item: Clear Amulet|[of] p2a: Zamazenta
|-sideend|p1: No_OverUsed?|Stealth Rock|[from] move: Defog|[of] p1a: Hawkeye
|
|upkeep
|turn|9
|
|t:|1743858214
|move|p2a: Zamazenta|Howl|p2a: Zamazenta
|-boost|p2a: Zamazenta|atk|1
|move|p1a: Hawkeye|Roost|p1a: Hawkeye
|-heal|p1a: Hawkeye|100/100
|-singleturn|p1a: Hawkeye|move: Roost
|
|upkeep
|turn|10
|
|t:|1743858223
|move|p2a: Zamazenta|Ice Fang|p1a: Hawkeye
|-supereffective|p1a: Hawkeye
|-damage|p1a: Hawkeye|52/100
|-damage|p2a: Zamazenta|84/100|[from] item: Rocky Helmet|[of] p1a: Hawkeye
|move|p1a: Hawkeye|Grass Knot|p2a: Zamazenta
|-damage|p2a: Zamazenta|49/100
|
|upkeep
|turn|11
|
|t:|1743858233
|move|p2a: Zamazenta|Close Combat|p1a: Hawkeye
|-damage|p1a: Hawkeye|0 fnt
|-unboost|p2a: Zamazenta|def|1
|-unboost|p2a: Zamazenta|spd|1
|-damage|p2a: Zamazenta|32/100|[from] item: Rocky Helmet|[of] p1a: Hawkeye
|faint|p1a: Hawkeye
|
|upkeep
|
|t:|1743858239
|switch|p1a: Amber|Scizor, M, shiny|100/100
|turn|12
|
|t:|1743858241
|move|p1a: Amber|Bullet Punch|p2a: Zamazenta
|-damage|p2a: Zamazenta|0 fnt
|faint|p2a: Zamazenta
|
|upkeep
|
|t:|1743858244
|switch|p2a: Raging Bolt|Raging Bolt|100/100
|-enditem|p2a: Raging Bolt|Booster Energy
|-activate|p2a: Raging Bolt|ability: Protosynthesis|[fromitem]
|-start|p2a: Raging Bolt|protosynthesisspa
|turn|13
|
|t:|1743858246
|switch|p1a: Genosis|Reuniclus, M, shiny|47/100
|move|p2a: Raging Bolt|Calm Mind|p2a: Raging Bolt
|-boost|p2a: Raging Bolt|spa|1
|-boost|p2a: Raging Bolt|spd|1
|
|upkeep
|turn|14
|
|t:|1743858249
|move|p2a: Raging Bolt|Thunderbolt|p1a: Genosis
|-damage|p1a: Genosis|0 fnt
|faint|p1a: Genosis
|
|upkeep
|
|t:|1743858250
|switch|p1a: Zeus|Thundurus-Therian, M|100/100
|turn|15
|
|t:|1743858253
|-end|p2a: Raging Bolt|Protosynthesis|[silent]
|switch|p2a: Ting-Lu|Ting-Lu|63/100
|-ability|p2a: Ting-Lu|Vessel of Ruin
|-terastallize|p1a: Zeus|Fairy
|move|p1a: Zeus|Tera Blast|p2a: Ting-Lu|[anim] Tera Blast Fairy
|-supereffective|p2a: Ting-Lu
|-damage|p2a: Ting-Lu|25/100
|
|upkeep
|turn|16
|
|t:|1743858257
|move|p1a: Zeus|Tera Blast|p2a: Ting-Lu|[anim] Tera Blast Fairy
|-supereffective|p2a: Ting-Lu
|-damage|p2a: Ting-Lu|0 fnt
|faint|p2a: Ting-Lu
|
|upkeep
|
|t:|1743858260
|switch|p2a: Dragonite|Dragonite, M|100/100
|turn|17
|
|t:|1743858263
|switch|p1a: VGC|Incineroar, M|100/100
|-ability|p1a: VGC|Intimidate|boost
|-unboost|p2a: Dragonite|atk|1
|move|p2a: Dragonite|Dragon Dance|p2a: Dragonite
|-boost|p2a: Dragonite|atk|1
|-boost|p2a: Dragonite|spe|1
|
|upkeep
|turn|18
|
|t:|1743858267
|move|p2a: Dragonite|Earthquake|p1a: VGC
|-supereffective|p1a: VGC
|-damage|p1a: VGC|33/100
|move|p1a: VGC|Will-O-Wisp|p2a: Dragonite
|-status|p2a: Dragonite|brn
|
|-heal|p1a: VGC|39/100|[from] item: Leftovers
|-damage|p2a: Dragonite|94/100 brn|[from] brn
|upkeep
|turn|19
|
|t:|1743858279
|switch|p1a: Guts|Keldeo-Resolute|100/100
|move|p2a: Dragonite|Dragon Dance|p2a: Dragonite
|-boost|p2a: Dragonite|atk|1
|-boost|p2a: Dragonite|spe|1
|
|-damage|p2a: Dragonite|88/100 brn|[from] brn
|upkeep
|turn|20
|
|t:|1743858282
|move|p2a: Dragonite|Earthquake|p1a: Guts
|-damage|p1a: Guts|69/100
|move|p1a: Guts|Tera Blast|p2a: Dragonite
|-damage|p2a: Dragonite|46/100 brn
|
|-damage|p2a: Dragonite|40/100 brn|[from] brn
|upkeep
|turn|21
|
|t:|1743858285
|move|p2a: Dragonite|Earthquake|p1a: Guts
|-damage|p1a: Guts|37/100
|move|p1a: Guts|Tera Blast|p2a: Dragonite
|-damage|p2a: Dragonite|0 fnt
|faint|p2a: Dragonite
|
|upkeep
|
|t:|1743858289
|switch|p2a: Raging Bolt|Raging Bolt|100/100
|turn|22
|
|t:|1743858291
|switch|p1a: Zeus|Thundurus-Therian, M, tera:Fairy|100/100
|-end|p2a: Raging Bolt|Protosynthesis|[silent]
|switch|p2a: Gholdengo|Gholdengo|100/100
|-item|p2a: Gholdengo|Air Balloon
|
|upkeep
|turn|23
|
|t:|1743858294
|move|p1a: Zeus|Volt Switch|p2a: Gholdengo
|-damage|p2a: Gholdengo|55/100
|-enditem|p2a: Gholdengo|Air Balloon
|
|t:|1743858296
|switch|p1a: VGC|Incineroar, M|39/100|[from] Volt Switch
|-ability|p1a: VGC|Intimidate|boost
|-unboost|p2a: Gholdengo|atk|1
|move|p2a: Gholdengo|Thunder Wave|p1a: VGC
|-status|p1a: VGC|par
|
|-heal|p1a: VGC|46/100 par|[from] item: Leftovers
|upkeep
|turn|24
|
|t:|1743858301
|move|p2a: Gholdengo|Recover|p2a: Gholdengo
|-heal|p2a: Gholdengo|100/100
|move|p1a: VGC|Knock Off|p2a: Gholdengo
|-supereffective|p2a: Gholdengo
|-damage|p2a: Gholdengo|67/100
|
|-heal|p1a: VGC|52/100 par|[from] item: Leftovers
|upkeep
|turn|25
|
|t:|1743858304
|switch|p2a: Raging Bolt|Raging Bolt|100/100
|move|p1a: VGC|Flare Blitz|p2a: Raging Bolt
|-resisted|p2a: Raging Bolt
|-damage|p2a: Raging Bolt|82/100
|-damage|p1a: VGC|45/100 par|[from] Recoil
|
|-heal|p1a: VGC|51/100 par|[from] item: Leftovers
|upkeep
|turn|26
|
|t:|1743858307
|switch|p1a: Zeus|Thundurus-Therian, M, tera:Fairy|100/100
|move|p2a: Raging Bolt|Thunderbolt|p1a: Zeus
|-immune|p1a: Zeus|[from] ability: Volt Absorb
|
|upkeep
|turn|27
|
|t:|1743858310
|-end|p2a: Raging Bolt|Protosynthesis|[silent]
|switch|p2a: Gholdengo|Gholdengo|67/100
|move|p1a: Zeus|Tera Blast|p2a: Gholdengo|[anim] Tera Blast Fairy
|-resisted|p2a: Gholdengo
|-damage|p2a: Gholdengo|41/100
|
|upkeep
|turn|28
|
|t:|1743858313
|switch|p1a: Guts|Keldeo-Resolute|37/100
|move|p2a: Gholdengo|Recover|p2a: Gholdengo
|-heal|p2a: Gholdengo|91/100
|
|upkeep
|turn|29
|
|t:|1743858316
|move|p1a: Guts|Surf|p2a: Gholdengo
|-damage|p2a: Gholdengo|22/100
|move|p2a: Gholdengo|Thunder Wave|p1a: Guts
|-status|p1a: Guts|par
|
|upkeep
|turn|30
|
|t:|1743858319
|move|p2a: Gholdengo|Recover|p2a: Gholdengo
|-heal|p2a: Gholdengo|72/100
|move|p1a: Guts|Surf|p2a: Gholdengo
|-damage|p2a: Gholdengo|7/100
|
|upkeep
|turn|31
|
|t:|1743858322
|move|p2a: Gholdengo|Recover|p2a: Gholdengo
|-heal|p2a: Gholdengo|57/100
|move|p1a: Guts|Surf|p2a: Gholdengo
|-damage|p2a: Gholdengo|0 fnt
|faint|p2a: Gholdengo
|
|upkeep
|-message|YoTeH forfeited.
|
|win|No_OverUsed?
|raw|No_OverUsed?'s rating: 1768 &rarr; <strong>1786</strong><br />(+18 for winning)
|raw|YoTeH's rating: 1725 &rarr; <strong>1707</strong><br />(-18 for losing)
|l|☆YoTeH
|player|p2|
|l|☆No_OverUsed?
|player|p1|
