|j|☆Djeez
|j|☆Al3x20_99
|inactive|Battle timer is ON: inactive players will automatically lose when time's up.
|t:|1743928814
|gametype|singles
|player|p1|Djeez|rocketgrunt|
|player|p2|Al3x20_99|blue-gen1two|
|teamsize|p1|3
|teamsize|p2|3
|gen|9
|tier|[Gen 9] OU
|rated|Tournament battle
|rule|HP Percentage Mod: HP is shown in percentages
|rule|Endless Battle Clause: Forcing endless battles is banned
|rule|Species Clause: Limit one of each Pokémon
|rule|OHKO Clause: OHKO moves are banned
|rule|Evasion Items Clause: Evasion items are banned
|rule|Evasion Moves Clause: Evasion moves are banned
|rule|Sleep Moves Clause: Sleep-inducing moves are banned
|clearpoke
|poke|p1|Sandshrew, F|
|poke|p1|Inkay, M|
|poke|p1|Pikachu, M|
|poke|p2|Sneasel, F|
|poke|p2|Cinccino, F|
|poke|p2|Fomantis, M|
|teampreview
|j|*Lady Monita ❄
|inactive|Djeez also wants the timer to be on.
|inactive|Al3x20_99 also wants the timer to be on.
|
|t:|1743928825
|start
|switch|p1a: Pikachu|Pikachu, M|100/100
|switch|p2a: Sneasel|Sneasel, F|100/100
|turn|1
|
|t:|1743928830
|move|p2a: Sneasel|Fake Out|p1a: Pikachu
|-damage|p1a: Pikachu|62/100
|cant|p1a: Pikachu|flinch
|
|upkeep
|turn|2
|
|t:|1743928837
|move|p2a: Sneasel|Knock Off|p1a: Pikachu
|-damage|p1a: Pikachu|0 fnt
|-status|p2a: Sneasel|par|[from] ability: Static|[of] p1a: Pikachu
|-enditem|p1a: Pikachu|Light Ball|[from] move: Knock Off|[of] p2a: Sneasel
|faint|p1a: Pikachu
|
|upkeep
|
|t:|1743928846
|switch|p1a: Inkay|Inkay, M|100/100
|turn|3
|
|t:|1743928849
|move|p2a: Sneasel|Triple Axel|p1a: Inkay
|-damage|p1a: Inkay|90/100
|-damage|p1a: Inkay|71/100
|-damage|p1a: Inkay|40/100
|-hitcount|p1a: Inkay|3
|move|p1a: Inkay|Superpower|p2a: Sneasel
|-supereffective|p2a: Sneasel
|-enditem|p2a: Sneasel|Focus Sash
|-damage|p2a: Sneasel|1/100 par
|-boost|p1a: Inkay|atk|1
|-boost|p1a: Inkay|def|1
|
|upkeep
|turn|4
|
|t:|1743928861
|move|p2a: Sneasel|Knock Off|p1a: Inkay
|-damage|p1a: Inkay|4/100
|-enditem|p1a: Inkay|Eviolite|[from] move: Knock Off|[of] p2a: Sneasel
|move|p1a: Inkay|Rest|p1a: Inkay
|-status|p1a: Inkay|slp|[from] move: Rest
|-heal|p1a: Inkay|100/100 slp|[silent]
|
|upkeep
|turn|5
|
|t:|1743928871
|switch|p2a: Fomantis|Fomantis, M|100/100
|cant|p1a: Inkay|slp
|move|p1a: Inkay|Sleep Talk|p1a: Inkay
|move|p1a: Inkay|Rest||[from] move: Sleep Talk|[still]
|-fail|p1a: Inkay
|
|upkeep
|turn|6
|
|t:|1743928878
|cant|p1a: Inkay|slp
|move|p1a: Inkay|Sleep Talk|p1a: Inkay
|move|p1a: Inkay|Rest||[from] move: Sleep Talk|[still]
|-fail|p1a: Inkay
|move|p2a: Fomantis|Leaf Storm|p1a: Inkay
|-damage|p1a: Inkay|41/100 slp
|-boost|p2a: Fomantis|spa|2
|
|upkeep
|turn|7
|
|t:|1743928891
|-terastallize|p1a: Inkay|Fighting
|-curestatus|p1a: Inkay|slp|[msg]
|move|p1a: Inkay|Superpower|p2a: Fomantis
|-damage|p2a: Fomantis|0 fnt
|-boost|p1a: Inkay|atk|1
|-boost|p1a: Inkay|def|1
|faint|p2a: Fomantis
|
|upkeep
|
|t:|1743928897
|switch|p2a: Cinccino|Cinccino, F|100/100
|turn|8
|
|t:|1743928909
|-terastallize|p2a: Cinccino|Grass
|move|p2a: Cinccino|Bullet Seed|p1a: Inkay
|-damage|p1a: Inkay|26/100
|-damage|p1a: Inkay|11/100
|-damage|p1a: Inkay|0 fnt
|faint|p1a: Inkay
|-hitcount|p1: Inkay|3
|
|upkeep
|
|t:|1743928914
|switch|p1a: Sandshrew|Sandshrew, F|100/100
|turn|9
|c|☆Djeez|gg
|
|t:|1743928920
|move|p2a: Cinccino|Bullet Seed|p1a: Sandshrew
|-supereffective|p1a: Sandshrew
|-damage|p1a: Sandshrew|81/100
|-supereffective|p1a: Sandshrew
|-damage|p1a: Sandshrew|63/100
|-supereffective|p1a: Sandshrew
|-damage|p1a: Sandshrew|45/100
|-supereffective|p1a: Sandshrew
|-damage|p1a: Sandshrew|27/100
|-hitcount|p1a: Sandshrew|4
|move|p1a: Sandshrew|Rock Slide|p2a: Cinccino
|-damage|p2a: Cinccino|76/100
|
|upkeep
|turn|10
|c|☆Al3x20_99|gg
|
|t:|1743928926
|move|p2a: Cinccino|Bullet Seed|p1a: Sandshrew
|-supereffective|p1a: Sandshrew
|-damage|p1a: Sandshrew|5/100
|-supereffective|p1a: Sandshrew
|-damage|p1a: Sandshrew|0 fnt
|faint|p1a: Sandshrew
|-hitcount|p1: Sandshrew|2
|
|win|Al3x20_99
|n|☆Djeez|djeez
|n|☆Al3x20_99|al3x2099
|n|*Lady Monita ❄|ladymonita
