|j|☆guesyo
|j|☆metakill4r
|t:|1743834084
|gametype|singles
|player|p1|guesyo|unknownf|1475
|player|p2|metakill4r|boarder|1550
|teamsize|p1|6
|teamsize|p2|6
|gen|9
|tier|[Gen 9] OU
|rated|
|rule|HP Percentage Mod: HP is shown in percentages
|rule|Endless Battle Clause: Forcing endless battles is banned
|rule|Species Clause: Limit one of each Pokémon
|rule|OHKO Clause: OHKO moves are banned
|rule|Evasion Items Clause: Evasion items are banned
|rule|Evasion Moves Clause: Evasion moves are banned
|rule|Sleep Moves Clause: Sleep-inducing moves are banned
|clearpoke
|poke|p1|Iron Moth|
|poke|p1|Mamoswine, M|
|poke|p1|Iron Crown|
|poke|p1|Iron Hands|
|poke|p1|Meowscarada, M|
|poke|p1|Primarina, M|
|poke|p2|Ninetales-Alola, M|
|poke|p2|Great Tusk|
|poke|p2|Slowking-Galar, M|
|poke|p2|Kyurem|
|poke|p2|Gholdengo|
|poke|p2|Greninja-*, M|
|teampreview
|inactive|Battle timer is ON: inactive players will automatically lose when time's up. (requested by metakill4r)
|
|t:|1743834088
|start
|switch|p1a: Meowscarada|Meowscarada, M, shiny|100/100
|switch|p2a: Ninetales|Ninetales-Alola, M|100/100
|-weather|Snowscape|[from] ability: Snow Warning|[of] p2a: Ninetales
|turn|1
|
|t:|1743834091
|move|p1a: Meowscarada|Trick|p2a: Ninetales
|-start|p1a: Meowscarada|typechange|Psychic|[from] ability: Protean
|-activate|p1a: Meowscarada|move: Trick|[of] p2a: Ninetales
|-item|p2a: Ninetales|Choice Scarf|[from] move: Trick
|-item|p1a: Meowscarada|Light Clay|[from] move: Trick
|move|p2a: Ninetales|Aurora Veil|p2a: Ninetales
|-sidestart|p2: metakill4r|move: Aurora Veil
|
|-weather|Snowscape|[upkeep]
|upkeep
|turn|2
|
|t:|1743834100
|switch|p2a: Kyurem|Kyurem|100/100
|-ability|p2a: Kyurem|Pressure
|move|p1a: Meowscarada|U-turn|p2a: Kyurem
|-damage|p2a: Kyurem|93/100
|
|t:|1743834112
|switch|p1a: Mamoswine|Mamoswine, M, shiny|100/100|[from] U-turn
|
|-weather|Snowscape|[upkeep]
|upkeep
|turn|3
|
|t:|1743834121
|move|p2a: Kyurem|Icicle Spear|p1a: Mamoswine
|-damage|p1a: Mamoswine|96/100
|-damage|p1a: Mamoswine|90/100
|-damage|p1a: Mamoswine|85/100
|-damage|p1a: Mamoswine|80/100
|-hitcount|p1a: Mamoswine|4
|move|p1a: Mamoswine|Stealth Rock|p2a: Kyurem
|-sidestart|p2: metakill4r|move: Stealth Rock
|
|-weather|Snowscape|[upkeep]
|upkeep
|turn|4
|
|t:|1743834134
|move|p2a: Kyurem|Dragon Dance|p2a: Kyurem
|-boost|p2a: Kyurem|atk|1
|-boost|p2a: Kyurem|spe|1
|move|p1a: Mamoswine|Earthquake|p2a: Kyurem
|-crit|p2a: Kyurem
|-damage|p2a: Kyurem|43/100
|
|-weather|Snowscape|[upkeep]
|upkeep
|turn|5
|
|t:|1743834138
|-terastallize|p2a: Kyurem|Fire
|move|p2a: Kyurem|Tera Blast|p1a: Mamoswine|[anim] Tera Blast Fire
|-supereffective|p1a: Mamoswine
|-damage|p1a: Mamoswine|33/100
|move|p1a: Mamoswine|Earthquake|p2a: Kyurem
|-supereffective|p2a: Kyurem
|-damage|p2a: Kyurem|0 fnt
|faint|p2a: Kyurem
|
|-weather|none
|-sideend|p2: metakill4r|move: Aurora Veil
|upkeep
|
|t:|1743834145
|switch|p2a: Greninja|Greninja, M|100/100
|-damage|p2a: Greninja|88/100|[from] Stealth Rock
|turn|6
|
|t:|1743834148
|switch|p1a: Primarina|Primarina, M, shiny|100/100
|move|p2a: Greninja|Surf|p1a: Primarina
|-resisted|p1a: Primarina
|-damage|p1a: Primarina|79/100
|-damage|p2a: Greninja|78/100|[from] item: Life Orb
|
|-heal|p1a: Primarina|85/100|[from] item: Leftovers
|upkeep
|turn|7
|
|t:|1743834164
|switch|p2a: Slowking|Slowking-Galar, M|100/100
|-damage|p2a: Slowking|88/100|[from] Stealth Rock
|move|p1a: Primarina|Psychic Noise|p2a: Slowking
|-damage|p2a: Slowking|73/100
|-start|p2a: Slowking|move: Heal Block
|
|-heal|p1a: Primarina|91/100|[from] item: Leftovers
|upkeep
|turn|8
|
|t:|1743834168
|switch|p1a: Mamoswine|Mamoswine, M, shiny|33/100
|move|p2a: Slowking|Flamethrower|p1a: Mamoswine
|-supereffective|p1a: Mamoswine
|-damage|p1a: Mamoswine|0 fnt
|faint|p1a: Mamoswine
|
|-end|p2a: Slowking|move: Heal Block
|upkeep
|
|t:|1743834172
|switch|p1a: Meowscarada|Meowscarada, M, shiny|100/100
|turn|9
|
|t:|1743834175
|switch|p2a: Ninetales|Ninetales-Alola, M|100/100
|-damage|p2a: Ninetales|76/100|[from] Stealth Rock
|-weather|Snowscape|[from] ability: Snow Warning|[of] p2a: Ninetales
|move|p1a: Meowscarada|Knock Off|p2a: Ninetales
|-start|p1a: Meowscarada|typechange|Dark|[from] ability: Protean
|-resisted|p2a: Ninetales
|-damage|p2a: Ninetales|57/100
|-enditem|p2a: Ninetales|Choice Scarf|[from] move: Knock Off|[of] p1a: Meowscarada
|
|-weather|Snowscape|[upkeep]
|upkeep
|turn|10
|
|t:|1743834179
|move|p1a: Meowscarada|U-turn|p2a: Ninetales
|-resisted|p2a: Ninetales
|-damage|p2a: Ninetales|48/100
|
|t:|1743834181
|switch|p1a: Iron Crown|Iron Crown|100/100|[from] U-turn
|move|p2a: Ninetales|Aurora Veil|p2a: Ninetales
|-sidestart|p2: metakill4r|move: Aurora Veil
|
|-weather|Snowscape|[upkeep]
|upkeep
|turn|11
|
|t:|1743834185
|switch|p2a: Slowking|Slowking-Galar, M|100/100
|-damage|p2a: Slowking|88/100|[from] Stealth Rock
|move|p1a: Iron Crown|Tachyon Cutter|p2a: Slowking
|-damage|p2a: Slowking|79/100
|-damage|p2a: Slowking|71/100
|-hitcount|p2a: Slowking|2
|
|-weather|Snowscape|[upkeep]
|upkeep
|turn|12
|
|t:|1743834190
|move|p1a: Iron Crown|Tachyon Cutter|p2a: Slowking
|-damage|p2a: Slowking|62/100
|-damage|p2a: Slowking|53/100
|-hitcount|p2a: Slowking|2
|move|p2a: Slowking|Flamethrower|p1a: Iron Crown
|-supereffective|p1a: Iron Crown
|-damage|p1a: Iron Crown|43/100
|
|-weather|Snowscape|[upkeep]
|upkeep
|turn|13
|
|t:|1743834193
|move|p1a: Iron Crown|Tachyon Cutter|p2a: Slowking
|-damage|p2a: Slowking|44/100
|-damage|p2a: Slowking|35/100
|-hitcount|p2a: Slowking|2
|move|p2a: Slowking|Flamethrower|p1a: Iron Crown
|-supereffective|p1a: Iron Crown
|-damage|p1a: Iron Crown|0 fnt
|faint|p1a: Iron Crown
|-end|p1a: Iron Crown|Quark Drive|[silent]
|
|-weather|none
|upkeep
|
|t:|1743834196
|switch|p1a: Primarina|Primarina, M, shiny|91/100
|turn|14
|
|t:|1743834198
|move|p1a: Primarina|Substitute|p1a: Primarina
|-start|p1a: Primarina|Substitute
|-damage|p1a: Primarina|66/100
|move|p2a: Slowking|Sludge Bomb|p1a: Primarina
|-supereffective|p1a: Primarina
|-end|p1a: Primarina|Substitute
|
|-heal|p1a: Primarina|72/100|[from] item: Leftovers
|-sideend|p2: metakill4r|move: Aurora Veil
|upkeep
|turn|15
|
|t:|1743834201
|-terastallize|p1a: Primarina|Ghost
|move|p1a: Primarina|Substitute|p1a: Primarina
|-start|p1a: Primarina|Substitute
|-damage|p1a: Primarina|47/100
|move|p2a: Slowking|Sludge Bomb|p1a: Primarina
|-resisted|p1a: Primarina
|-activate|p1a: Primarina|move: Substitute|[damage]
|
|-heal|p1a: Primarina|53/100|[from] item: Leftovers
|upkeep
|turn|16
|
|t:|1743834210
|switch|p2a: Ninetales|Ninetales-Alola, M|48/100
|-damage|p2a: Ninetales|23/100|[from] Stealth Rock
|-weather|Snowscape|[from] ability: Snow Warning|[of] p2a: Ninetales
|move|p1a: Primarina|Calm Mind|p1a: Primarina
|-boost|p1a: Primarina|spa|1
|-boost|p1a: Primarina|spd|1
|
|-weather|Snowscape|[upkeep]
|-heal|p1a: Primarina|60/100|[from] item: Leftovers
|upkeep
|turn|17
|
|t:|1743834214
|move|p2a: Ninetales|Encore|p1a: Primarina
|-start|p1a: Primarina|Encore
|move|p1a: Primarina|Calm Mind|p1a: Primarina
|-boost|p1a: Primarina|spa|1
|-boost|p1a: Primarina|spd|1
|
|-weather|Snowscape|[upkeep]
|-heal|p1a: Primarina|66/100|[from] item: Leftovers
|upkeep
|turn|18
|
|t:|1743834218
|switch|p2a: Gholdengo|Gholdengo|100/100
|-damage|p2a: Gholdengo|94/100|[from] Stealth Rock
|switch|p1a: Meowscarada|Meowscarada, M, shiny|100/100
|
|-weather|Snowscape|[upkeep]
|upkeep
|turn|19
|
|t:|1743834226
|move|p2a: Gholdengo|Dazzling Gleam|p1a: Meowscarada
|-supereffective|p1a: Meowscarada
|-damage|p1a: Meowscarada|11/100
|move|p1a: Meowscarada|Knock Off|p2a: Gholdengo
|-start|p1a: Meowscarada|typechange|Dark|[from] ability: Protean
|-supereffective|p2a: Gholdengo
|-damage|p2a: Gholdengo|0 fnt
|-enditem|p2a: Gholdengo|Choice Scarf|[from] move: Knock Off|[of] p1a: Meowscarada
|faint|p2a: Gholdengo
|
|-weather|Snowscape|[upkeep]
|upkeep
|
|t:|1743834241
|switch|p2a: Greninja|Greninja, M|78/100
|-damage|p2a: Greninja|66/100|[from] Stealth Rock
|turn|20
|
|t:|1743834246
|switch|p1a: Iron Hands|Iron Hands, shiny|100/100
|-enditem|p1a: Iron Hands|Booster Energy
|-activate|p1a: Iron Hands|ability: Quark Drive|[fromitem]
|-start|p1a: Iron Hands|quarkdriveatk
|move|p2a: Greninja|Water Shuriken|p1a: Iron Hands
|-damage|p1a: Iron Hands|92/100
|-damage|p1a: Iron Hands|83/100
|-damage|p1a: Iron Hands|75/100
|-damage|p1a: Iron Hands|67/100
|-hitcount|p1a: Iron Hands|4
|-damage|p2a: Greninja|56/100|[from] item: Life Orb
|
|-weather|none
|upkeep
|turn|21
|
|t:|1743834257
|switch|p2a: Ninetales|Ninetales-Alola, M|23/100
|-damage|p2a: Ninetales|0 fnt|[from] Stealth Rock
|faint|p2a: Ninetales
|move|p1a: Iron Hands|Ice Punch|p2: Ninetales|[notarget]
|-fail|p1a: Iron Hands
|
|upkeep
|
|t:|1743834266
|switch|p2a: Temu Mamo|Great Tusk|100/100
|-damage|p2a: Temu Mamo|98/100|[from] Stealth Rock
|-enditem|p2a: Temu Mamo|Booster Energy
|-activate|p2a: Temu Mamo|ability: Protosynthesis|[fromitem]
|-start|p2a: Temu Mamo|protosynthesisatk
|turn|22
|
|t:|1743834271
|move|p2a: Temu Mamo|Rapid Spin|p1a: Iron Hands
|-damage|p1a: Iron Hands|54/100
|-boost|p2a: Temu Mamo|spe|1
|-sideend|p2: metakill4r|Stealth Rock|[from] move: Rapid Spin|[of] p2a: Temu Mamo
|move|p1a: Iron Hands|Ice Punch|p2a: Temu Mamo
|-supereffective|p2a: Temu Mamo
|-damage|p2a: Temu Mamo|36/100
|
|upkeep
|turn|23
|
|t:|1743834275
|move|p2a: Temu Mamo|Headlong Rush|p1a: Iron Hands
|-supereffective|p1a: Iron Hands
|-damage|p1a: Iron Hands|0 fnt
|-unboost|p2a: Temu Mamo|def|1
|-unboost|p2a: Temu Mamo|spd|1
|faint|p1a: Iron Hands
|-end|p1a: Iron Hands|Quark Drive|[silent]
|
|upkeep
|
|t:|1743834277
|switch|p1a: Iron Moth|Iron Moth, shiny|100/100
|-enditem|p1a: Iron Moth|Booster Energy
|-activate|p1a: Iron Moth|ability: Quark Drive|[fromitem]
|-start|p1a: Iron Moth|quarkdrivespe
|turn|24
|
|t:|1743834282
|-end|p2a: Temu Mamo|Protosynthesis|[silent]
|switch|p2a: Slowking|Slowking-Galar, M|68/100
|move|p1a: Iron Moth|Fiery Dance|p2a: Slowking
|-damage|p2a: Slowking|46/100
|
|upkeep
|turn|25
|
|t:|1743834288
|-end|p1a: Iron Moth|Quark Drive|[silent]
|switch|p1a: Meowscarada|Meowscarada, M, shiny|11/100
|move|p2a: Slowking|Psyshock|p1a: Meowscarada
|-immune|p1a: Meowscarada
|
|upkeep
|turn|26
|
|t:|1743834295
|switch|p2a: Temu Mamo|Great Tusk|36/100
|move|p1a: Meowscarada|Knock Off|p2a: Temu Mamo
|-start|p1a: Meowscarada|typechange|Dark|[from] ability: Protean
|-resisted|p2a: Temu Mamo
|-damage|p2a: Temu Mamo|24/100
|
|upkeep
|turn|27
|
|t:|1743834307
|move|p1a: Meowscarada|Triple Axel|p2a: Temu Mamo
|-supereffective|p2a: Temu Mamo
|-damage|p2a: Temu Mamo|16/100
|-supereffective|p2a: Temu Mamo
|-damage|p2a: Temu Mamo|0 fnt
|faint|p2a: Temu Mamo
|-end|p2a: Temu Mamo|Protosynthesis|[silent]
|-hitcount|p2: Temu Mamo|2
|
|upkeep
|
|t:|1743834312
|switch|p2a: Greninja|Greninja, M|56/100
|turn|28
|
|t:|1743834327
|switch|p1a: Primarina|Primarina, M, shiny, tera:Ghost|66/100
|switch|p2a: Slowking|Slowking-Galar, M|80/100
|
|-heal|p1a: Primarina|72/100|[from] item: Leftovers
|upkeep
|turn|29
|
|t:|1743834338
|move|p1a: Primarina|Calm Mind|p1a: Primarina
|-boost|p1a: Primarina|spa|1
|-boost|p1a: Primarina|spd|1
|move|p2a: Slowking|Psyshock|p1a: Primarina
|-damage|p1a: Primarina|39/100
|
|-heal|p1a: Primarina|45/100|[from] item: Leftovers
|upkeep
|turn|30
|
|t:|1743834342
|move|p1a: Primarina|Psychic Noise|p2a: Slowking
|-damage|p2a: Slowking|58/100
|-start|p2a: Slowking|move: Heal Block
|move|p2a: Slowking|Psyshock|p1a: Primarina
|-damage|p1a: Primarina|16/100
|
|-heal|p1a: Primarina|22/100|[from] item: Leftovers
|upkeep
|turn|31
|
|t:|1743834345
|move|p1a: Primarina|Psychic Noise|p2a: Slowking
|-damage|p2a: Slowking|33/100
|move|p2a: Slowking|Psyshock|p1a: Primarina
|-damage|p1a: Primarina|0 fnt
|faint|p1a: Primarina
|
|-end|p2a: Slowking|move: Heal Block
|upkeep
|
|t:|1743834352
|switch|p1a: Meowscarada|Meowscarada, M, shiny|11/100
|turn|32
|
|t:|1743834356
|move|p1a: Meowscarada|U-turn|p2a: Slowking
|-start|p1a: Meowscarada|typechange|Bug|[from] ability: Protean
|-damage|p2a: Slowking|3/100
|
|t:|1743834358
|switch|p1a: Iron Moth|Iron Moth, shiny|100/100|[from] U-turn
|move|p2a: Slowking|Sludge Bomb|p1a: Iron Moth
|-resisted|p1a: Iron Moth
|-damage|p1a: Iron Moth|79/100
|
|upkeep
|turn|33
|
|t:|1743834364
|move|p1a: Iron Moth|Fiery Dance|p2a: Slowking
|-damage|p2a: Slowking|0 fnt
|faint|p2a: Slowking
|
|upkeep
|
|t:|1743834365
|switch|p2a: Greninja|Greninja, M|56/100
|turn|34
|
|t:|1743834370
|move|p2a: Greninja|Surf|p1a: Iron Moth
|-supereffective|p1a: Iron Moth
|-crit|p1a: Iron Moth
|-damage|p1a: Iron Moth|0 fnt
|faint|p1a: Iron Moth
|-end|p1a: Iron Moth|Quark Drive|[silent]
|-ability|p2a: Greninja|Battle Bond|boost
|-boost|p2a: Greninja|atk|1
|-boost|p2a: Greninja|spa|1
|-boost|p2a: Greninja|spe|1
|-activate|p2a: Greninja|ability: Battle Bond
|-damage|p2a: Greninja|46/100|[from] item: Life Orb
|
|upkeep
|
|t:|1743834374
|switch|p1a: Meowscarada|Meowscarada, M, shiny|11/100
|turn|35
|
|t:|1743834378
|move|p2a: Greninja|Water Shuriken|p1a: Meowscarada
|-resisted|p1a: Meowscarada
|-damage|p1a: Meowscarada|0 fnt
|faint|p1a: Meowscarada
|-hitcount|p1: Meowscarada|1
|-damage|p2a: Greninja|37/100|[from] item: Life Orb
|
|win|metakill4r
|raw|guesyo's rating: 1475 &rarr; <strong>1459</strong><br />(-16 for losing)
|raw|metakill4r's rating: 1550 &rarr; <strong>1566</strong><br />(+16 for winning)
|l|☆guesyo
|player|p1|
|l|☆metakill4r
|player|p2|
