|j|☆denomphenoms
|j|☆equinox000
|t:|1743814784
|gametype|singles
|player|p1|denomphenoms|102|1559
|player|p2|equinox000|170|1551
|teamsize|p1|6
|teamsize|p2|6
|gen|9
|tier|[Gen 9] OU
|rated|
|rule|HP Percentage Mod: HP is shown in percentages
|rule|Endless Battle Clause: Forcing endless battles is banned
|rule|Species Clause: Limit one of each Pokémon
|rule|OHKO Clause: OHKO moves are banned
|rule|Evasion Items Clause: Evasion items are banned
|rule|Evasion Moves Clause: Evasion moves are banned
|rule|Sleep Moves Clause: Sleep-inducing moves are banned
|clearpoke
|poke|p1|Dragonite, M|
|poke|p1|Slowking-Galar, F|
|poke|p1|Landorus-Therian, M|
|poke|p1|Iron Valiant|
|poke|p1|Cinderace, F|
|poke|p1|Kingambit, F|
|poke|p2|Zarude-Dada|
|poke|p2|Suicune|
|poke|p2|Iron Moth|
|poke|p2|Iron Treads|
|poke|p2|Weezing-Galar, M|
|poke|p2|Gholdengo|
|teampreview
|inactive|Battle timer is ON: inactive players will automatically lose when time's up. (requested by denomphenoms)
|
|t:|1743814801
|start
|switch|p1a: Cinderace|Cinderace, F|100/100
|switch|p2a: Suicune|Suicune|100/100
|-ability|p2a: Suicune|Pressure
|turn|1
|
|t:|1743814805
|switch|p1a: Slowking|Slowking-Galar, F|100/100
|move|p2a: Suicune|Scald|p1a: Slowking
|-damage|p1a: Slowking|86/100
|
|upkeep
|turn|2
|
|t:|1743814820
|switch|p2a: Iron Treads|Iron Treads|100/100
|-enditem|p2a: Iron Treads|Booster Energy
|-activate|p2a: Iron Treads|ability: Quark Drive|[fromitem]
|-start|p2a: Iron Treads|quarkdrivespe
|move|p1a: Slowking|Future Sight|p2a: Iron Treads
|-start|p1a: Slowking|move: Future Sight
|
|upkeep
|turn|3
|
|t:|1743814828
|switch|p1a: Landorus|Landorus-Therian, M|100/100
|-ability|p1a: Landorus|Intimidate|boost
|-unboost|p2a: Iron Treads|atk|1
|move|p2a: Iron Treads|Earthquake|p1a: Landorus
|-immune|p1a: Landorus
|
|upkeep
|turn|4
|
|t:|1743814839
|-end|p2a: Iron Treads|Quark Drive|[silent]
|switch|p2a: Zarude|Zarude-Dada|100/100
|move|p1a: Landorus|Stealth Rock|p2a: Zarude
|-sidestart|p2: equinox000|move: Stealth Rock
|
|-end|p2a: Zarude|move: Future Sight
|-immune|p2a: Zarude
|upkeep
|turn|5
|
|t:|1743814842
|move|p2a: Zarude|Bulk Up|p2a: Zarude
|-boost|p2a: Zarude|atk|1
|-boost|p2a: Zarude|def|1
|move|p1a: Landorus|U-turn|p2a: Zarude
|-supereffective|p2a: Zarude
|-damage|p2a: Zarude|55/100
|
|t:|1743814848
|switch|p1a: Iron Valiant|Iron Valiant|100/100|[from] U-turn
|-enditem|p1a: Iron Valiant|Booster Energy
|-activate|p1a: Iron Valiant|ability: Quark Drive|[fromitem]
|-start|p1a: Iron Valiant|quarkdrivespe
|
|-heal|p2a: Zarude|61/100|[from] item: Leftovers
|upkeep
|turn|6
|
|t:|1743814856
|-terastallize|p2a: Zarude|Poison
|move|p1a: Iron Valiant|Moonblast|p2a: Zarude
|-resisted|p2a: Zarude
|-damage|p2a: Zarude|38/100
|move|p2a: Zarude|Petal Blizzard|p1a: Iron Valiant
|-damage|p1a: Iron Valiant|12/100
|
|-heal|p2a: Zarude|44/100|[from] item: Leftovers
|upkeep
|turn|7
|
|t:|1743814866
|-end|p1a: Iron Valiant|Quark Drive|[silent]
|switch|p1a: Kingambit|Kingambit, F|100/100
|move|p2a: Zarude|Petal Blizzard|p1a: Kingambit
|-resisted|p1a: Kingambit
|-damage|p1a: Kingambit|76/100
|
|-heal|p2a: Zarude|50/100|[from] item: Leftovers
|-heal|p1a: Kingambit|82/100|[from] item: Leftovers
|upkeep
|turn|8
|
|t:|1743814869
|move|p2a: Zarude|Jungle Healing|p2a: Zarude
|-heal|p2a: Zarude|75/100
|move|p1a: Kingambit|Swords Dance|p1a: Kingambit
|-boost|p1a: Kingambit|atk|2
|
|-heal|p2a: Zarude|81/100|[from] item: Leftovers
|-heal|p1a: Kingambit|88/100|[from] item: Leftovers
|upkeep
|turn|9
|
|t:|1743814874
|move|p2a: Zarude|Knock Off|p1a: Kingambit
|-resisted|p1a: Kingambit
|-damage|p1a: Kingambit|61/100
|-enditem|p1a: Kingambit|Leftovers|[from] move: Knock Off|[of] p2a: Zarude
|move|p1a: Kingambit|Swords Dance|p1a: Kingambit
|-boost|p1a: Kingambit|atk|2
|
|-heal|p2a: Zarude|87/100|[from] item: Leftovers
|upkeep
|turn|10
|
|t:|1743814879
|move|p2a: Zarude|Petal Blizzard|p1a: Kingambit
|-resisted|p1a: Kingambit
|-damage|p1a: Kingambit|38/100
|move|p1a: Kingambit|Kowtow Cleave|p2a: Zarude
|-damage|p2a: Zarude|0 fnt
|faint|p2a: Zarude
|
|upkeep
|
|t:|1743814890
|switch|p2a: Iron Moth|Iron Moth|100/100
|-damage|p2a: Iron Moth|76/100|[from] Stealth Rock
|-enditem|p2a: Iron Moth|Booster Energy
|-activate|p2a: Iron Moth|ability: Quark Drive|[fromitem]
|-start|p2a: Iron Moth|quarkdrivespe
|turn|11
|
|t:|1743814893
|move|p2a: Iron Moth|Substitute|p2a: Iron Moth
|-start|p2a: Iron Moth|Substitute
|-damage|p2a: Iron Moth|51/100
|move|p1a: Kingambit|Kowtow Cleave|p2a: Iron Moth
|-end|p2a: Iron Moth|Substitute
|
|upkeep
|turn|12
|
|t:|1743814899
|move|p2a: Iron Moth|Substitute|p2a: Iron Moth
|-start|p2a: Iron Moth|Substitute
|-damage|p2a: Iron Moth|26/100
|move|p1a: Kingambit|Kowtow Cleave|p2a: Iron Moth
|-end|p2a: Iron Moth|Substitute
|
|upkeep
|turn|13
|
|t:|1743814902
|move|p2a: Iron Moth|Fiery Dance|p1a: Kingambit
|-supereffective|p1a: Kingambit
|-damage|p1a: Kingambit|0 fnt
|-boost|p2a: Iron Moth|spa|1
|faint|p1a: Kingambit
|-end|p1a: Kingambit|fallenundefined|[silent]
|
|upkeep
|
|t:|1743814904
|switch|p1a: Slowking|Slowking-Galar, F|100/100
|turn|14
|
|t:|1743814908
|move|p2a: Iron Moth|Fiery Dance|p1a: Slowking
|-damage|p1a: Slowking|62/100
|-boost|p2a: Iron Moth|spa|1
|move|p1a: Slowking|Future Sight|p2a: Iron Moth
|-start|p1a: Slowking|move: Future Sight
|
|upkeep
|turn|15
|
|t:|1743814928
|switch|p1a: Landorus|Landorus-Therian, M|100/100
|-ability|p1a: Landorus|Intimidate|boost
|-unboost|p2a: Iron Moth|atk|1
|move|p2a: Iron Moth|Substitute|p2a: Iron Moth
|-start|p2a: Iron Moth|Substitute
|-damage|p2a: Iron Moth|1/100
|
|upkeep
|turn|16
|
|t:|1743814934
|move|p2a: Iron Moth|Fiery Dance|p1a: Landorus
|-damage|p1a: Landorus|6/100
|-boost|p2a: Iron Moth|spa|1
|move|p1a: Landorus|U-turn|p2a: Iron Moth
|-resisted|p2a: Iron Moth
|-activate|p2a: Iron Moth|move: Substitute|[damage]
|
|t:|1743814938
|switch|p1a: Dragonite|Dragonite, M|100/100|[from] U-turn
|
|-end|p2a: Iron Moth|move: Future Sight
|-supereffective|p2a: Iron Moth
|-end|p2a: Iron Moth|Substitute
|upkeep
|turn|17
|
|t:|1743814942
|move|p1a: Dragonite|Extreme Speed|p2a: Iron Moth
|-damage|p2a: Iron Moth|0 fnt
|faint|p2a: Iron Moth
|-end|p2a: Iron Moth|Quark Drive|[silent]
|
|upkeep
|
|t:|1743814948
|switch|p2a: Weezing|Weezing-Galar, M|100/100
|-ability|p2a: Weezing|Neutralizing Gas
|turn|18
|
|t:|1743814953
|switch|p1a: Landorus|Landorus-Therian, M|6/100
|move|p2a: Weezing|Will-O-Wisp|p1a: Landorus
|-status|p1a: Landorus|brn
|
|-damage|p1a: Landorus|0 fnt|[from] brn
|faint|p1a: Landorus
|upkeep
|
|t:|1743814958
|switch|p1a: Slowking|Slowking-Galar, F|96/100
|turn|19
|
|t:|1743814978
|-end|p2a: Weezing|ability: Neutralizing Gas
|switch|p2a: Iron Treads|Iron Treads|100/100
|-damage|p2a: Iron Treads|97/100|[from] Stealth Rock
|move|p1a: Slowking|Future Sight|p2a: Iron Treads
|-start|p1a: Slowking|move: Future Sight
|
|upkeep
|turn|20
|
|t:|1743814997
|switch|p1a: Iron Valiant|Iron Valiant|12/100
|move|p2a: Iron Treads|Earthquake|p1a: Iron Valiant
|-damage|p1a: Iron Valiant|0 fnt
|faint|p1a: Iron Valiant
|-end|p1a: Iron Valiant|Quark Drive|[silent]
|
|upkeep
|
|t:|1743815000
|switch|p1a: Cinderace|Cinderace, F|100/100
|turn|21
|
|t:|1743815003
|move|p1a: Cinderace|Pyro Ball|p2a: Iron Treads
|-supereffective|p2a: Iron Treads
|-damage|p2a: Iron Treads|16/100
|move|p2a: Iron Treads|Earthquake|p1a: Cinderace
|-supereffective|p1a: Cinderace
|-damage|p1a: Cinderace|0 fnt
|faint|p1a: Cinderace
|
|-end|p2a: Iron Treads|move: Future Sight
|-resisted|p2a: Iron Treads
|-damage|p2a: Iron Treads|0 fnt
|faint|p2a: Iron Treads
|-end|p2a: Iron Treads|Quark Drive|[silent]
|upkeep
|
|t:|1743815013
|switch|p1a: Slowking|Slowking-Galar, F|100/100
|switch|p2a: Gholdengo|Gholdengo|100/100
|-damage|p2a: Gholdengo|94/100|[from] Stealth Rock
|turn|22
|
|t:|1743815016
|move|p2a: Gholdengo|Shadow Ball|p1a: Slowking
|-supereffective|p1a: Slowking
|-damage|p1a: Slowking|54/100
|-unboost|p1a: Slowking|spd|1
|-prepare|p1a: Slowking|Chilly Reception|[premajor]
|move|p1a: Slowking|Chilly Reception|p1a: Slowking
|-weather|Snowscape
|
|t:|1743815019
|switch|p1a: Dragonite|Dragonite, M|100/100|[from] Chilly Reception
|
|-weather|Snowscape|[upkeep]
|upkeep
|turn|23
|
|t:|1743815025
|switch|p2a: Weezing|Weezing-Galar, M|100/100
|-ability|p2a: Weezing|Neutralizing Gas
|-terastallize|p1a: Dragonite|Normal
|move|p1a: Dragonite|Dragon Dance|p1a: Dragonite
|-boost|p1a: Dragonite|atk|1
|-boost|p1a: Dragonite|spe|1
|
|-weather|Snowscape|[upkeep]
|upkeep
|turn|24
|
|t:|1743815029
|move|p1a: Dragonite|Earthquake|p2a: Weezing
|-supereffective|p2a: Weezing
|-damage|p2a: Weezing|21/100
|move|p2a: Weezing|Will-O-Wisp|p1a: Dragonite
|-status|p1a: Dragonite|brn
|
|-weather|Snowscape|[upkeep]
|-damage|p1a: Dragonite|94/100 brn|[from] brn
|upkeep
|turn|25
|
|t:|1743815035
|move|p1a: Dragonite|Earthquake|p2a: Weezing
|-supereffective|p2a: Weezing
|-damage|p2a: Weezing|0 fnt
|faint|p2a: Weezing
|-end|p2a: Weezing|ability: Neutralizing Gas
|
|-weather|Snowscape|[upkeep]
|-damage|p1a: Dragonite|88/100 brn|[from] brn
|upkeep
|
|t:|1743815040
|switch|p2a: Suicune|Suicune|100/100
|-damage|p2a: Suicune|88/100|[from] Stealth Rock
|-ability|p2a: Suicune|Pressure
|turn|26
|
|t:|1743815043
|move|p1a: Dragonite|Earthquake|p2a: Suicune
|-damage|p2a: Suicune|73/100
|move|p2a: Suicune|Calm Mind|p2a: Suicune
|-boost|p2a: Suicune|spa|1
|-boost|p2a: Suicune|spd|1
|
|-weather|none
|-heal|p2a: Suicune|79/100|[from] item: Leftovers
|-damage|p1a: Dragonite|82/100 brn|[from] brn
|upkeep
|turn|27
|
|t:|1743815048
|switch|p1a: Slowking|Slowking-Galar, F|88/100
|move|p2a: Suicune|Substitute|p2a: Suicune
|-start|p2a: Suicune|Substitute
|-damage|p2a: Suicune|54/100
|
|-heal|p2a: Suicune|60/100|[from] item: Leftovers
|upkeep
|turn|28
|
|t:|1743815051
|move|p2a: Suicune|Scald|p1a: Slowking
|-damage|p1a: Slowking|65/100
|-status|p1a: Slowking|brn
|move|p1a: Slowking|Future Sight|p2a: Suicune
|-start|p1a: Slowking|move: Future Sight
|
|-heal|p2a: Suicune|66/100|[from] item: Leftovers
|-damage|p1a: Slowking|59/100 brn|[from] brn
|upkeep
|turn|29
|
|t:|1743815055
|move|p2a: Suicune|Calm Mind|p2a: Suicune
|-boost|p2a: Suicune|spa|1
|-boost|p2a: Suicune|spd|1
|move|p1a: Slowking|Sludge Bomb|p2a: Suicune
|-activate|p2a: Suicune|move: Substitute|[damage]
|
|-heal|p2a: Suicune|72/100|[from] item: Leftovers
|-damage|p1a: Slowking|53/100 brn|[from] brn
|upkeep
|turn|30
|
|t:|1743815056
|move|p2a: Suicune|Calm Mind|p2a: Suicune
|-boost|p2a: Suicune|spa|1
|-boost|p2a: Suicune|spd|1
|move|p1a: Slowking|Sludge Bomb|p2a: Suicune
|-activate|p2a: Suicune|move: Substitute|[damage]
|
|-end|p2a: Suicune|move: Future Sight
|-end|p2a: Suicune|Substitute
|-heal|p2a: Suicune|78/100|[from] item: Leftovers
|-damage|p1a: Slowking|47/100 brn|[from] brn
|upkeep
|turn|31
|-message|denomphenoms forfeited.
|
|win|equinox000
|raw|denomphenoms's rating: 1559 &rarr; <strong>1539</strong><br />(-20 for losing)
|raw|equinox000's rating: 1551 &rarr; <strong>1571</strong><br />(+20 for winning)
|l|☆denomphenoms
|player|p1|
|l|☆equinox000
|player|p2|
