|badge|p1|bronze|gen9ou|100-5
|uhtml|medal-msg|<div class="broadcast-blue">Curious what those medals under the avatar are? PS now has Ladder Seasons! For more information, check out the <a href="https://www.smogon.com/forums/threads/3740067/">thread on Smogon.</a></div>
|j|☆quinx of ladder
|j|☆Rocktar Made
|t:|1743887719
|gametype|singles
|player|p1|quinx of ladder|cheryl|1828
|player|p2|Rocktar Made|lass-gen4dp|1778
|teamsize|p1|6
|teamsize|p2|6
|gen|9
|tier|[Gen 9] OU
|rated|
|rule|HP Percentage Mod: HP is shown in percentages
|rule|Endless Battle Clause: Forcing endless battles is banned
|rule|Species Clause: Limit one of each Pokémon
|rule|OHKO Clause: OHKO moves are banned
|rule|Evasion Items Clause: Evasion items are banned
|rule|Evasion Moves Clause: Evasion moves are banned
|rule|Sleep Moves Clause: Sleep-inducing moves are banned
|clearpoke
|poke|p1|Dragonite, M|
|poke|p1|Ting-Lu|
|poke|p1|Iron Moth|
|poke|p1|Iron Valiant|
|poke|p1|Kyurem|
|poke|p1|Gholdengo|
|poke|p2|Weezing-Galar, M|
|poke|p2|Alomomola, M|
|poke|p2|Enamorus, F|
|poke|p2|Iron Treads|
|poke|p2|Lokix, M|
|poke|p2|Zamazenta-*|
|teampreview
|inactive|Battle timer is ON: inactive players will automatically lose when time's up. (requested by Rocktar Made)
|j| alyras
|
|t:|1743887730
|start
|switch|p1a: Gholdengo|Gholdengo|100/100
|switch|p2a: Iron Treads|Iron Treads|100/100
|turn|1
|
|t:|1743887734
|switch|p1a: Ting-Lu|Ting-Lu|100/100
|-ability|p1a: Ting-Lu|Vessel of Ruin
|move|p2a: Iron Treads|Stealth Rock|p1a: Ting-Lu
|-sidestart|p1: quinx of ladder|move: Stealth Rock
|
|upkeep
|turn|2
|
|t:|1743887739
|move|p2a: Iron Treads|Knock Off|p1a: Ting-Lu
|-resisted|p1a: Ting-Lu
|-damage|p1a: Ting-Lu|94/100
|-damage|p2a: Iron Treads|84/100|[from] item: Rocky Helmet|[of] p1a: Ting-Lu
|-enditem|p1a: Ting-Lu|Rocky Helmet|[from] move: Knock Off|[of] p2a: Iron Treads
|move|p1a: Ting-Lu|Stealth Rock|p2a: Iron Treads
|-sidestart|p2: Rocktar Made|move: Stealth Rock
|
|-heal|p2a: Iron Treads|90/100|[from] item: Leftovers
|upkeep
|turn|3
|
|t:|1743887741
|move|p2a: Iron Treads|Rapid Spin|p1a: Ting-Lu
|-damage|p1a: Ting-Lu|87/100
|-boost|p2a: Iron Treads|spe|1
|-sideend|p2: Rocktar Made|Stealth Rock|[from] move: Rapid Spin|[of] p2a: Iron Treads
|move|p1a: Ting-Lu|Earthquake|p2a: Iron Treads
|-supereffective|p2a: Iron Treads
|-damage|p2a: Iron Treads|27/100
|
|-heal|p2a: Iron Treads|33/100|[from] item: Leftovers
|upkeep
|turn|4
|
|t:|1743887754
|move|p2a: Iron Treads|Earthquake|p1a: Ting-Lu
|-damage|p1a: Ting-Lu|67/100
|move|p1a: Ting-Lu|Stealth Rock|p2a: Iron Treads
|-sidestart|p2: Rocktar Made|move: Stealth Rock
|
|-heal|p2a: Iron Treads|40/100|[from] item: Leftovers
|upkeep
|turn|5
|
|t:|1743887758
|move|p2a: Iron Treads|Rapid Spin|p1a: Ting-Lu
|-damage|p1a: Ting-Lu|59/100
|-boost|p2a: Iron Treads|spe|1
|-sideend|p2: Rocktar Made|Stealth Rock|[from] move: Rapid Spin|[of] p2a: Iron Treads
|move|p1a: Ting-Lu|Earthquake|p2a: Iron Treads
|-supereffective|p2a: Iron Treads
|-damage|p2a: Iron Treads|0 fnt
|faint|p2a: Iron Treads
|-end|p2a: Iron Treads|Quark Drive|[silent]
|
|upkeep
|
|t:|1743887761
|switch|p2a: Lokix|Lokix, M|100/100
|turn|6
|
|t:|1743887763
|switch|p1a: Iron Moth|Iron Moth|100/100
|-damage|p1a: Iron Moth|76/100|[from] Stealth Rock
|-enditem|p1a: Iron Moth|Booster Energy
|-activate|p1a: Iron Moth|ability: Quark Drive|[fromitem]
|-start|p1a: Iron Moth|quarkdrivespe
|move|p2a: Lokix|U-turn|p1a: Iron Moth
|-resisted|p1a: Iron Moth
|-damage|p1a: Iron Moth|40/100
|
|t:|1743887765
|switch|p2a: Alomomola|Alomomola, M|100/100|[from] U-turn
|
|upkeep
|turn|7
|
|t:|1743887767
|move|p1a: Iron Moth|Substitute|p1a: Iron Moth
|-start|p1a: Iron Moth|Substitute
|-damage|p1a: Iron Moth|15/100
|move|p2a: Alomomola|Flip Turn|p1a: Iron Moth
|-supereffective|p1a: Iron Moth
|-end|p1a: Iron Moth|Substitute
|
|t:|1743887771
|switch|p2a: Lokix|Lokix, M|100/100|[from] Flip Turn
|
|upkeep
|turn|8
|
|t:|1743887774
|switch|p2a: Alomomola|Alomomola, M|100/100
|move|p1a: Iron Moth|Fiery Dance|p2a: Alomomola
|-resisted|p2a: Alomomola
|-damage|p2a: Alomomola|90/100
|-boost|p1a: Iron Moth|spa|1
|
|upkeep
|turn|9
|
|t:|1743887776
|move|p1a: Iron Moth|Sludge Wave|p2a: Alomomola
|-damage|p2a: Alomomola|47/100
|move|p2a: Alomomola|Flip Turn|p1a: Iron Moth
|-supereffective|p1a: Iron Moth
|-damage|p1a: Iron Moth|0 fnt
|faint|p1a: Iron Moth
|-end|p1a: Iron Moth|Quark Drive|[silent]
|
|t:|1743887781
|switch|p2a: Enamorus|Enamorus, F|100/100|[from] Flip Turn
|
|upkeep
|
|t:|1743887794
|switch|p1a: Gholdengo|Gholdengo|100/100
|-damage|p1a: Gholdengo|94/100|[from] Stealth Rock
|turn|10
|
|t:|1743887796
|switch|p1a: Ting-Lu|Ting-Lu|59/100
|-damage|p1a: Ting-Lu|53/100|[from] Stealth Rock
|-ability|p1a: Ting-Lu|Vessel of Ruin
|switch|p2a: Alomomola|Alomomola, M|81/100
|
|upkeep
|turn|11
|
|t:|1743887800
|switch|p2a: Lokix|Lokix, M|100/100
|move|p1a: Ting-Lu|Stealth Rock|p2a: Lokix
|-sidestart|p2: Rocktar Made|move: Stealth Rock
|
|upkeep
|turn|12
|
|t:|1743887803
|move|p2a: Lokix|U-turn|p1a: Ting-Lu
|-supereffective|p1a: Ting-Lu
|-damage|p1a: Ting-Lu|0 fnt
|faint|p1a: Ting-Lu
|
|t:|1743887808
|switch|p2a: Alomomola|Alomomola, M|100/100|[from] U-turn
|-damage|p2a: Alomomola|88/100|[from] Stealth Rock
|
|upkeep
|
|t:|1743887813
|switch|p1a: Iron Valiant|Iron Valiant|100/100
|-damage|p1a: Iron Valiant|94/100|[from] Stealth Rock
|-enditem|p1a: Iron Valiant|Booster Energy
|-activate|p1a: Iron Valiant|ability: Quark Drive|[fromitem]
|-start|p1a: Iron Valiant|quarkdrivespe
|turn|13
|
|t:|1743887819
|move|p1a: Iron Valiant|Knock Off|p2a: Alomomola
|-damage|p2a: Alomomola|68/100
|-enditem|p2a: Alomomola|Assault Vest|[from] move: Knock Off|[of] p1a: Iron Valiant
|move|p2a: Alomomola|Scald|p1a: Iron Valiant
|-damage|p1a: Iron Valiant|69/100
|
|upkeep
|turn|14
|
|t:|1743887824
|move|p1a: Iron Valiant|Moonblast|p2a: Alomomola
|-damage|p2a: Alomomola|33/100
|move|p2a: Alomomola|Flip Turn|p1a: Iron Valiant
|-damage|p1a: Iron Valiant|50/100
|
|t:|1743887826
|switch|p2a: Weezing|Weezing-Galar, M|100/100|[from] Flip Turn
|-ability|p2a: Weezing|Neutralizing Gas
|-damage|p2a: Weezing|88/100|[from] Stealth Rock
|
|-heal|p2a: Weezing|94/100|[from] item: Leftovers
|upkeep
|turn|15
|
|t:|1743887828
|move|p1a: Iron Valiant|Knock Off|p2a: Weezing
|-resisted|p2a: Weezing
|-damage|p2a: Weezing|84/100
|-enditem|p2a: Weezing|Leftovers|[from] move: Knock Off|[of] p1a: Iron Valiant
|move|p2a: Weezing|Defog|p1a: Iron Valiant
|-unboost|p1a: Iron Valiant|evasion|1
|-sideend|p1: quinx of ladder|Stealth Rock|[from] move: Defog|[of] p2a: Weezing
|-sideend|p2: Rocktar Made|Stealth Rock|[from] move: Defog|[of] p2a: Weezing
|
|upkeep
|turn|16
|
|t:|1743887831
|-end|p2a: Weezing|ability: Neutralizing Gas
|switch|p2a: Alomomola|Alomomola, M|67/100
|move|p1a: Iron Valiant|Encore||[still]
|-fail|p1a: Iron Valiant
|
|upkeep
|turn|17
|
|t:|1743887836
|move|p1a: Iron Valiant|Moonblast|p2a: Alomomola
|-damage|p2a: Alomomola|31/100
|-unboost|p2a: Alomomola|spa|1
|move|p2a: Alomomola|Flip Turn|p1a: Iron Valiant
|-damage|p1a: Iron Valiant|26/100
|
|t:|1743887838
|switch|p2a: Weezing|Weezing-Galar, M|84/100|[from] Flip Turn
|-ability|p2a: Weezing|Neutralizing Gas
|
|upkeep
|turn|18
|
|t:|1743887840
|move|p1a: Iron Valiant|Moonblast|p2a: Weezing
|-resisted|p2a: Weezing
|-damage|p2a: Weezing|56/100
|move|p2a: Weezing|Strange Steam|p1a: Iron Valiant
|-supereffective|p1a: Iron Valiant
|-damage|p1a: Iron Valiant|0 fnt
|faint|p1a: Iron Valiant
|-end|p1a: Iron Valiant|Quark Drive|[silent]
|
|upkeep
|
|t:|1743887842
|switch|p1a: Kyurem|Kyurem|100/100
|turn|19
|
|t:|1743887849
|-end|p2a: Weezing|ability: Neutralizing Gas
|-ability|p1a: Kyurem|Pressure
|switch|p2a: Alomomola|Alomomola, M|65/100
|move|p1a: Kyurem|Dragon Dance|p1a: Kyurem
|-boost|p1a: Kyurem|atk|1
|-boost|p1a: Kyurem|spe|1
|
|upkeep
|turn|20
|j| Just-JayPe
|
|t:|1743887854
|move|p1a: Kyurem|Dragon Dance|p1a: Kyurem
|-boost|p1a: Kyurem|atk|1
|-boost|p1a: Kyurem|spe|1
|move|p2a: Alomomola|Flip Turn|p1a: Kyurem
|-resisted|p1a: Kyurem
|-damage|p1a: Kyurem|93/100
|
|t:|1743887857
|switch|p2a: Zamazenta|Zamazenta|100/100|[from] Flip Turn
|-ability|p2a: Zamazenta|Dauntless Shield|boost
|-boost|p2a: Zamazenta|def|1
|
|upkeep
|turn|21
|
|t:|1743887860
|move|p1a: Kyurem|Scale Shot|p2a: Zamazenta
|-damage|p2a: Zamazenta|82/100
|-damage|p2a: Zamazenta|62/100
|-damage|p2a: Zamazenta|44/100
|-damage|p2a: Zamazenta|28/100
|-damage|p2a: Zamazenta|10/100
|-hitcount|p2a: Zamazenta|5
|-unboost|p1a: Kyurem|def|1
|-boost|p1a: Kyurem|spe|1
|move|p2a: Zamazenta|Close Combat|p1a: Kyurem
|-supereffective|p1a: Kyurem
|-damage|p1a: Kyurem|0 fnt
|-unboost|p2a: Zamazenta|def|1
|-unboost|p2a: Zamazenta|spd|1
|faint|p1a: Kyurem
|-damage|p2a: Zamazenta|0 fnt|[from] item: Life Orb
|faint|p2a: Zamazenta
|
|upkeep
|
|t:|1743887866
|switch|p2a: Lokix|Lokix, M|100/100
|switch|p1a: Gholdengo|Gholdengo|94/100
|turn|22
|
|t:|1743887868
|switch|p2a: Alomomola|Alomomola, M|98/100
|move|p1a: Gholdengo|Shadow Ball|p2a: Alomomola
|-damage|p2a: Alomomola|63/100
|
|upkeep
|turn|23
|
|t:|1743887872
|move|p1a: Gholdengo|Shadow Ball|p2a: Alomomola
|-damage|p2a: Alomomola|26/100
|move|p2a: Alomomola|Flip Turn|p1a: Gholdengo
|-damage|p1a: Gholdengo|77/100
|
|t:|1743887875
|switch|p2a: Lokix|Lokix, M|100/100|[from] Flip Turn
|
|upkeep
|turn|24
|
|t:|1743887878
|move|p1a: Gholdengo|Shadow Ball|p2a: Lokix
|-resisted|p2a: Lokix
|-damage|p2a: Lokix|59/100
|move|p2a: Lokix|Knock Off|p1a: Gholdengo
|-supereffective|p1a: Gholdengo
|-damage|p1a: Gholdengo|0 fnt
|-enditem|p1a: Gholdengo|Choice Scarf|[from] move: Knock Off|[of] p2a: Lokix
|faint|p1a: Gholdengo
|
|upkeep
|
|t:|1743887880
|switch|p1a: Dragonite|Dragonite, M|100/100
|turn|25
|
|t:|1743887881
|move|p1a: Dragonite|Dragon Dance|p1a: Dragonite
|-boost|p1a: Dragonite|atk|1
|-boost|p1a: Dragonite|spe|1
|move|p2a: Lokix|Knock Off|p1a: Dragonite
|-damage|p1a: Dragonite|65/100
|-enditem|p1a: Dragonite|Heavy-Duty Boots|[from] move: Knock Off|[of] p2a: Lokix
|
|upkeep
|turn|26
|
|t:|1743887889
|move|p1a: Dragonite|Dragon Dance|p1a: Dragonite
|-boost|p1a: Dragonite|atk|1
|-boost|p1a: Dragonite|spe|1
|move|p2a: Lokix|Knock Off|p1a: Dragonite
|-damage|p1a: Dragonite|17/100
|
|upkeep
|turn|27
|
|t:|1743887893
|switch|p2a: Weezing|Weezing-Galar, M|56/100
|-ability|p2a: Weezing|Neutralizing Gas
|move|p1a: Dragonite|Extreme Speed|p2a: Weezing
|-damage|p2a: Weezing|19/100
|
|upkeep
|turn|28
|
|t:|1743887896
|move|p1a: Dragonite|Extreme Speed|p2a: Weezing
|-damage|p2a: Weezing|0 fnt
|faint|p2a: Weezing
|-end|p2a: Weezing|ability: Neutralizing Gas
|
|upkeep
|
|t:|1743887897
|switch|p2a: Alomomola|Alomomola, M|60/100
|turn|29
|
|t:|1743887900
|switch|p2a: Enamorus|Enamorus, F|100/100
|-terastallize|p1a: Dragonite|Ground
|move|p1a: Dragonite|Earthquake|p2a: Enamorus
|-immune|p2a: Enamorus
|
|upkeep
|turn|30
|
|t:|1743887903
|move|p1a: Dragonite|Ice Spinner|p2a: Enamorus
|-supereffective|p2a: Enamorus
|-damage|p2a: Enamorus|0 fnt
|faint|p2a: Enamorus
|
|upkeep
|
|t:|1743887905
|switch|p2a: Lokix|Lokix, M|59/100
|turn|31
|
|t:|1743887907
|move|p1a: Dragonite|Extreme Speed|p2a: Lokix
|-damage|p2a: Lokix|0 fnt
|faint|p2a: Lokix
|
|upkeep
|
|t:|1743887909
|switch|p2a: Alomomola|Alomomola, M|93/100
|turn|32
|
|t:|1743887910
|move|p1a: Dragonite|Earthquake|p2a: Alomomola
|-damage|p2a: Alomomola|26/100
|move|p2a: Alomomola|Flip Turn|p1a: Dragonite
|-supereffective|p1a: Dragonite
|-damage|p1a: Dragonite|0 fnt
|faint|p1a: Dragonite
|
|win|Rocktar Made
|raw|quinx of ladder's rating: 1828 &rarr; <strong>1805</strong><br />(-23 for losing)
|raw|Rocktar Made's rating: 1778 &rarr; <strong>1801</strong><br />(+23 for winning)
|l|☆quinx of ladder
|player|p1|
|l| Just-JayPe
|l|☆Rocktar Made
|player|p2|
