|j|☆sauceybake
|j|☆zora n1
|t:|1743821258
|gametype|singles
|player|p1|sauceybake|riley|1173
|player|p2|zora n1|swimmer|1133
|teamsize|p1|6
|teamsize|p2|6
|gen|9
|tier|[Gen 9] OU
|rated|
|rule|HP Percentage Mod: HP is shown in percentages
|rule|Endless Battle Clause: Forcing endless battles is banned
|rule|Species Clause: Limit one of each Pokémon
|rule|OHKO Clause: OHKO moves are banned
|rule|Evasion Items Clause: Evasion items are banned
|rule|Evasion Moves Clause: Evasion moves are banned
|rule|Sleep Moves Clause: Sleep-inducing moves are banned
|clearpoke
|poke|p1|Eelektross, F|
|poke|p1|Mew|
|poke|p1|Azelf|
|poke|p1|Wooper, M|
|poke|p1|Clodsire, F|
|poke|p1|Lokix, M|
|poke|p2|Gholdengo|
|poke|p2|Quaquaval, M|
|poke|p2|Cinderace, M|
|poke|p2|Raging Bolt|
|poke|p2|Great Tusk|
|poke|p2|Iron Valiant|
|teampreview
|
|t:|1743821269
|start
|switch|p1a: Azelf|Azelf|100/100
|switch|p2a: Cinderace|Cinderace, M|100/100
|turn|1
|
|t:|1743821282
|move|p2a: Cinderace|U-turn|p1a: Azelf
|-start|p2a: Cinderace|typechange|Bug|[from] ability: Libero
|-supereffective|p1a: Azelf
|-enditem|p1a: Azelf|Focus Sash
|-damage|p1a: Azelf|1/100
|
|t:|1743821299
|switch|p2a: Gholdengo|Gholdengo|100/100|[from] U-turn
|move|p1a: Azelf|Taunt|p2a: Gholdengo
|-immune|p2a: Gholdengo|[from] ability: Good as Gold
|
|upkeep
|turn|2
|
|t:|1743821310
|move|p1a: Azelf|Stealth Rock|p2a: Gholdengo
|-sidestart|p2: zora n1|move: Stealth Rock
|move|p2a: Gholdengo|Shadow Ball|p1a: Azelf
|-supereffective|p1a: Azelf
|-damage|p1a: Azelf|0 fnt
|faint|p1a: Azelf
|
|upkeep
|
|t:|1743821320
|switch|p1a: Lokix|Lokix, M|100/100
|turn|3
|
|t:|1743821333
|move|p2a: Gholdengo|Nasty Plot|p2a: Gholdengo
|-boost|p2a: Gholdengo|spa|2
|move|p1a: Lokix|Swords Dance|p1a: Lokix
|-boost|p1a: Lokix|atk|2
|
|upkeep
|turn|4
|
|t:|1743821355
|-terastallize|p2a: Gholdengo|Steel
|move|p1a: Lokix|Sucker Punch|p2a: Gholdengo
|-damage|p2a: Gholdengo|18/100
|move|p2a: Gholdengo|Make It Rain|p1a: Lokix
|-damage|p1a: Lokix|0 fnt
|-unboost|p2a: Gholdengo|spa|1
|faint|p1a: Lokix
|
|upkeep
|
|t:|1743821382
|switch|p1a: Mew|Mew, shiny|100/100
|turn|5
|
|t:|1743821388
|move|p1a: Mew|Psychic Fangs|p2a: Gholdengo
|-resisted|p2a: Gholdengo
|-damage|p2a: Gholdengo|0 fnt
|faint|p2a: Gholdengo
|
|upkeep
|
|t:|1743821407
|switch|p2a: Cinderace|Cinderace, M|100/100
|turn|6
|
|t:|1743821412
|move|p2a: Cinderace|U-turn|p1a: Mew
|-start|p2a: Cinderace|typechange|Bug|[from] ability: Libero
|-supereffective|p1a: Mew
|-damage|p1a: Mew|31/100
|
|t:|1743821422
|switch|p2a: Quaquaval|Quaquaval, M|100/100|[from] U-turn
|-damage|p2a: Quaquaval|94/100|[from] Stealth Rock
|move|p1a: Mew|Dragon Dance|p1a: Mew
|-boost|p1a: Mew|atk|1
|-boost|p1a: Mew|spe|1
|
|upkeep
|turn|7
|
|t:|1743821436
|move|p1a: Mew|Psychic Fangs|p2a: Quaquaval
|-supereffective|p2a: Quaquaval
|-damage|p2a: Quaquaval|0 fnt
|faint|p2a: Quaquaval
|
|upkeep
|
|t:|1743821440
|switch|p2a: Cinderace|Cinderace, M|100/100
|turn|8
|
|t:|1743821455
|switch|p1a: Wooper|Wooper, M|100/100
|move|p2a: Cinderace|Sucker Punch||[still]
|-fail|p2a: Cinderace
|
|upkeep
|turn|9
|
|t:|1743821463
|move|p1a: Wooper|Protect|p1a: Wooper
|-singleturn|p1a: Wooper|Protect
|move|p2a: Cinderace|U-turn|p1a: Wooper
|-start|p2a: Cinderace|typechange|Bug|[from] ability: Libero
|-activate|p1a: Wooper|move: Protect
|
|upkeep
|turn|10
|
|t:|1743821477
|switch|p1a: Eelektross|Eelektross, F|100/100
|move|p2a: Cinderace|U-turn|p1a: Eelektross
|-damage|p1a: Eelektross|63/100
|
|t:|1743821481
|switch|p2a: Great Tusk|Great Tusk|100/100|[from] U-turn
|
|-heal|p1a: Eelektross|69/100|[from] item: Leftovers
|upkeep
|turn|11
|
|t:|1743821488
|move|p2a: Great Tusk|Rapid Spin|p1a: Eelektross
|-damage|p1a: Eelektross|48/100
|-boost|p2a: Great Tusk|spe|1
|-sideend|p2: zora n1|Stealth Rock|[from] move: Rapid Spin|[of] p2a: Great Tusk
|move|p1a: Eelektross|Coil|p1a: Eelektross
|-boost|p1a: Eelektross|atk|1
|-boost|p1a: Eelektross|def|1
|-boost|p1a: Eelektross|accuracy|1
|
|-heal|p1a: Eelektross|54/100|[from] item: Leftovers
|upkeep
|turn|12
|
|t:|1743821501
|move|p2a: Great Tusk|Close Combat|p1a: Eelektross
|-damage|p1a: Eelektross|12/100
|-unboost|p2a: Great Tusk|def|1
|-unboost|p2a: Great Tusk|spd|1
|move|p1a: Eelektross|Coil|p1a: Eelektross
|-boost|p1a: Eelektross|atk|1
|-boost|p1a: Eelektross|def|1
|-boost|p1a: Eelektross|accuracy|1
|
|-heal|p1a: Eelektross|18/100|[from] item: Leftovers
|upkeep
|turn|13
|
|t:|1743821516
|move|p2a: Great Tusk|Ice Spinner|p1a: Eelektross
|-damage|p1a: Eelektross|3/100
|move|p1a: Eelektross|Zen Headbutt|p2a: Great Tusk
|-supereffective|p2a: Great Tusk
|-damage|p2a: Great Tusk|9/100
|
|-heal|p1a: Eelektross|9/100|[from] item: Leftovers
|upkeep
|turn|14
|
|t:|1743821525
|move|p2a: Great Tusk|Rapid Spin|p1a: Eelektross
|-damage|p1a: Eelektross|0 fnt
|-boost|p2a: Great Tusk|spe|1
|faint|p1a: Eelektross
|
|upkeep
|
|t:|1743821533
|switch|p1a: Wooper|Wooper, M|100/100
|turn|15
|
|t:|1743821548
|move|p1a: Wooper|Protect|p1a: Wooper
|-singleturn|p1a: Wooper|Protect
|move|p2a: Great Tusk|Headlong Rush|p1a: Wooper
|-activate|p1a: Wooper|move: Protect
|
|upkeep
|turn|16
|
|t:|1743821560
|move|p2a: Great Tusk|Headlong Rush|p1a: Wooper
|-damage|p1a: Wooper|45/100
|-unboost|p2a: Great Tusk|def|1
|-unboost|p2a: Great Tusk|spd|1
|move|p1a: Wooper|Counter|p2a: Great Tusk
|-damage|p2a: Great Tusk|0 fnt
|faint|p2a: Great Tusk
|-end|p2a: Great Tusk|Protosynthesis|[silent]
|
|upkeep
|
|t:|1743821582
|switch|p2a: Raging Bolt|Raging Bolt|100/100
|-enditem|p2a: Raging Bolt|Booster Energy
|-activate|p2a: Raging Bolt|ability: Protosynthesis|[fromitem]
|-start|p2a: Raging Bolt|protosynthesisspa
|turn|17
|
|t:|1743821589
|move|p1a: Wooper|Protect|p1a: Wooper
|-singleturn|p1a: Wooper|Protect
|move|p2a: Raging Bolt|Calm Mind|p2a: Raging Bolt
|-boost|p2a: Raging Bolt|spa|1
|-boost|p2a: Raging Bolt|spd|1
|
|upkeep
|turn|18
|
|t:|1743821599
|switch|p1a: Clodsire|Clodsire, F, shiny|100/100
|move|p2a: Raging Bolt|Draco Meteor|p1a: Clodsire
|-damage|p1a: Clodsire|44/100
|-unboost|p2a: Raging Bolt|spa|2
|
|-heal|p1a: Clodsire|50/100|[from] item: Leftovers
|upkeep
|turn|19
|
|t:|1743821611
|move|p1a: Clodsire|Protect|p1a: Clodsire
|-singleturn|p1a: Clodsire|Protect
|move|p2a: Raging Bolt|Draco Meteor|p1a: Clodsire
|-activate|p1a: Clodsire|move: Protect
|
|-heal|p1a: Clodsire|57/100|[from] item: Leftovers
|upkeep
|turn|20
|
|t:|1743821621
|move|p2a: Raging Bolt|Draco Meteor|p1a: Clodsire
|-damage|p1a: Clodsire|5/100
|-unboost|p2a: Raging Bolt|spa|2
|move|p1a: Clodsire|Toxic|p2a: Raging Bolt
|-status|p2a: Raging Bolt|tox
|
|-heal|p1a: Clodsire|11/100|[from] item: Leftovers
|-damage|p2a: Raging Bolt|94/100 tox|[from] psn
|upkeep
|turn|21
|
|t:|1743821633
|-end|p2a: Raging Bolt|Protosynthesis|[silent]
|switch|p2a: Cinderace|Cinderace, M|100/100
|move|p1a: Clodsire|Protect||[still]
|-fail|p1a: Clodsire
|
|-heal|p1a: Clodsire|17/100|[from] item: Leftovers
|upkeep
|turn|22
|
|t:|1743821639
|move|p2a: Cinderace|Sucker Punch||[still]
|-fail|p2a: Cinderace
|move|p1a: Clodsire|Recover|p1a: Clodsire
|-heal|p1a: Clodsire|67/100
|
|-heal|p1a: Clodsire|73/100|[from] item: Leftovers
|upkeep
|turn|23
|
|t:|1743821647
|move|p1a: Clodsire|Protect|p1a: Clodsire
|-singleturn|p1a: Clodsire|Protect
|move|p2a: Cinderace|U-turn|p1a: Clodsire
|-start|p2a: Cinderace|typechange|Bug|[from] ability: Libero
|-activate|p1a: Clodsire|move: Protect
|
|-heal|p1a: Clodsire|80/100|[from] item: Leftovers
|upkeep
|turn|24
|
|t:|1743821691
|move|p2a: Cinderace|U-turn|p1a: Clodsire
|-resisted|p1a: Clodsire
|-damage|p1a: Clodsire|60/100
|
|t:|1743821695
|switch|p2a: Iron Valiant|Iron Valiant, shiny|100/100|[from] U-turn
|-enditem|p2a: Iron Valiant|Booster Energy
|-activate|p2a: Iron Valiant|ability: Quark Drive|[fromitem]
|-start|p2a: Iron Valiant|quarkdrivespe
|move|p1a: Clodsire|Toxic|p2a: Iron Valiant
|-status|p2a: Iron Valiant|tox
|
|-heal|p1a: Clodsire|66/100|[from] item: Leftovers
|-damage|p2a: Iron Valiant|94/100 tox|[from] psn
|upkeep
|turn|25
|
|t:|1743821711
|move|p1a: Clodsire|Protect|p1a: Clodsire
|-singleturn|p1a: Clodsire|Protect
|move|p2a: Iron Valiant|Calm Mind|p2a: Iron Valiant
|-boost|p2a: Iron Valiant|spa|1
|-boost|p2a: Iron Valiant|spd|1
|
|-heal|p1a: Clodsire|73/100|[from] item: Leftovers
|-damage|p2a: Iron Valiant|82/100 tox|[from] psn
|upkeep
|turn|26
|
|t:|1743821720
|move|p2a: Iron Valiant|Calm Mind|p2a: Iron Valiant
|-boost|p2a: Iron Valiant|spa|1
|-boost|p2a: Iron Valiant|spd|1
|move|p1a: Clodsire|Recover|p1a: Clodsire
|-heal|p1a: Clodsire|100/100
|
|-damage|p2a: Iron Valiant|63/100 tox|[from] psn
|upkeep
|turn|27
|
|t:|1743821729
|move|p1a: Clodsire|Protect|p1a: Clodsire
|-singleturn|p1a: Clodsire|Protect
|move|p2a: Iron Valiant|Calm Mind|p2a: Iron Valiant
|-boost|p2a: Iron Valiant|spa|1
|-boost|p2a: Iron Valiant|spd|1
|
|-damage|p2a: Iron Valiant|38/100 tox|[from] psn
|upkeep
|turn|28
|
|t:|1743821736
|move|p2a: Iron Valiant|Moonblast|p1a: Clodsire
|-resisted|p1a: Clodsire
|-damage|p1a: Clodsire|88/100
|move|p1a: Clodsire|Earthquake|p2a: Iron Valiant
|-damage|p2a: Iron Valiant|2/100 tox
|
|-heal|p1a: Clodsire|94/100|[from] item: Leftovers
|-damage|p2a: Iron Valiant|0 fnt|[from] psn
|faint|p2a: Iron Valiant
|-end|p2a: Iron Valiant|Quark Drive|[silent]
|upkeep
|
|t:|1743821745
|switch|p2a: Cinderace|Cinderace, M|100/100
|turn|29
|
|t:|1743821751
|move|p1a: Clodsire|Protect|p1a: Clodsire
|-singleturn|p1a: Clodsire|Protect
|move|p2a: Cinderace|Pyro Ball|p1a: Clodsire
|-activate|p1a: Clodsire|move: Protect
|
|-heal|p1a: Clodsire|99/100|[from] item: Leftovers
|upkeep
|turn|30
|
|t:|1743821759
|move|p2a: Cinderace|Pyro Ball|p1a: Clodsire
|-damage|p1a: Clodsire|41/100
|move|p1a: Clodsire|Toxic|p2a: Cinderace
|-status|p2a: Cinderace|tox
|
|-heal|p1a: Clodsire|48/100|[from] item: Leftovers
|-damage|p2a: Cinderace|95/100 tox|[from] psn
|upkeep
|turn|31
|
|t:|1743821774
|move|p1a: Clodsire|Protect|p1a: Clodsire
|-singleturn|p1a: Clodsire|Protect
|move|p2a: Cinderace|Pyro Ball|p1a: Clodsire
|-activate|p1a: Clodsire|move: Protect
|
|-heal|p1a: Clodsire|54/100|[from] item: Leftovers
|-damage|p2a: Cinderace|83/100 tox|[from] psn
|upkeep
|turn|32
|
|t:|1743821781
|switch|p1a: Wooper|Wooper, M|45/100
|move|p2a: Cinderace|Pyro Ball|p1a: Wooper|[miss]
|-miss|p2a: Cinderace|p1a: Wooper
|
|-damage|p2a: Cinderace|65/100 tox|[from] psn
|upkeep
|turn|33
|
|t:|1743821802
|move|p1a: Wooper|Protect|p1a: Wooper
|-singleturn|p1a: Wooper|Protect
|move|p2a: Cinderace|Gunk Shot|p1a: Wooper
|-start|p2a: Cinderace|typechange|Poison|[from] ability: Libero
|-activate|p1a: Wooper|move: Protect
|
|-damage|p2a: Cinderace|41/100 tox|[from] psn
|upkeep
|turn|34
|
|t:|1743821810
|switch|p2a: Raging Bolt|Raging Bolt|94/100 tox
|move|p1a: Wooper|Recover|p1a: Wooper
|-heal|p1a: Wooper|95/100
|
|-damage|p2a: Raging Bolt|88/100 tox|[from] psn
|upkeep
|turn|35
|
|t:|1743821820
|move|p1a: Wooper|Protect|p1a: Wooper
|-singleturn|p1a: Wooper|Protect
|move|p2a: Raging Bolt|Volt Switch|p1a: Wooper
|-activate|p1a: Wooper|move: Protect
|
|-damage|p2a: Raging Bolt|76/100 tox|[from] psn
|upkeep
|turn|36
|
|t:|1743821833
|switch|p1a: Mew|Mew, shiny|31/100
|move|p2a: Raging Bolt|Draco Meteor|p1a: Mew
|-damage|p1a: Mew|0 fnt
|-unboost|p2a: Raging Bolt|spa|2
|faint|p1a: Mew
|
|-damage|p2a: Raging Bolt|58/100 tox|[from] psn
|upkeep
|
|t:|1743821843
|switch|p1a: Clodsire|Clodsire, F, shiny|54/100
|turn|37
|
|t:|1743821850
|move|p1a: Clodsire|Protect|p1a: Clodsire
|-singleturn|p1a: Clodsire|Protect
|move|p2a: Raging Bolt|Draco Meteor|p1a: Clodsire
|-activate|p1a: Clodsire|move: Protect
|
|-heal|p1a: Clodsire|60/100|[from] item: Leftovers
|-damage|p2a: Raging Bolt|33/100 tox|[from] psn
|upkeep
|turn|38
|
|t:|1743821858
|move|p2a: Raging Bolt|Draco Meteor|p1a: Clodsire
|-damage|p1a: Clodsire|19/100
|-unboost|p2a: Raging Bolt|spa|2
|move|p1a: Clodsire|Recover|p1a: Clodsire
|-heal|p1a: Clodsire|69/100
|
|-heal|p1a: Clodsire|75/100|[from] item: Leftovers
|-damage|p2a: Raging Bolt|2/100 tox|[from] psn
|upkeep
|turn|39
|
|t:|1743821875
|move|p1a: Clodsire|Protect|p1a: Clodsire
|-singleturn|p1a: Clodsire|Protect
|move|p2a: Raging Bolt|Draco Meteor|p1a: Clodsire
|-activate|p1a: Clodsire|move: Protect
|
|-heal|p1a: Clodsire|81/100|[from] item: Leftovers
|-damage|p2a: Raging Bolt|0 fnt|[from] psn
|faint|p2a: Raging Bolt
|-end|p2a: Raging Bolt|Protosynthesis|[silent]
|upkeep
|
|t:|1743821883
|switch|p2a: Cinderace|Cinderace, M|41/100 tox
|turn|40
|
|t:|1743821898
|move|p2a: Cinderace|Pyro Ball|p1a: Clodsire
|-damage|p1a: Clodsire|20/100
|move|p1a: Clodsire|Earthquake|p2a: Cinderace
|-supereffective|p2a: Cinderace
|-damage|p2a: Cinderace|0 fnt
|faint|p2a: Cinderace
|
|win|sauceybake
|raw|sauceybake's rating: 1173 &rarr; <strong>1195</strong><br />(+22 for winning)
|raw|zora n1's rating: 1133 &rarr; <strong>1111</strong><br />(-22 for losing)
|l|☆zora n1
|player|p2|
|l|☆sauceybake
|player|p1|
