|j|‽omari p
|j|☆rocky012
|t:|1743865015
|gametype|singles
|player|p1|omari p|pokemonrangerf|1682
|player|p2|rocky012|102|1658
|teamsize|p1|6
|teamsize|p2|6
|gen|9
|tier|[Gen 9] OU
|rated|
|rule|HP Percentage Mod: HP is shown in percentages
|rule|Endless Battle Clause: Forcing endless battles is banned
|rule|Species Clause: Limit one of each Pokémon
|rule|OHKO Clause: OHKO moves are banned
|rule|Evasion Items Clause: Evasion items are banned
|rule|Evasion Moves Clause: Evasion moves are banned
|rule|Sleep Moves Clause: Sleep-inducing moves are banned
|clearpoke
|poke|p1|Thundurus-Therian, M|
|poke|p1|Cinderace, F|
|poke|p1|Mandibuzz, F|
|poke|p1|Latios, M|
|poke|p1|Deoxys-Speed|
|poke|p1|Iron Hands|
|poke|p2|Weavile, M|
|poke|p2|Samurott-Hisui, F|
|poke|p2|Slowking-Galar, F|
|poke|p2|Iron Valiant|
|poke|p2|Landorus-Therian, M|
|poke|p2|Ogerpon-Wellspring, F|
|teampreview
|
|t:|1743865029
|start
|switch|p1a: Deoxys|Deoxys-Speed|100/100
|switch|p2a: Landorus|Landorus-Therian, M|100/100
|-ability|p1a: Deoxys|Pressure
|-ability|p2a: Landorus|Intimidate|boost
|-unboost|p1a: Deoxys|atk|1
|turn|1
|inactive|Battle timer is ON: inactive players will automatically lose when time's up. (requested by rocky012)
|
|t:|1743865054
|switch|p2a: Slowking|Slowking-Galar, F|100/100
|move|p1a: Deoxys|Ice Beam|p2a: Slowking
|-damage|p2a: Slowking|84/100
|
|upkeep
|turn|2
|
|t:|1743865061
|move|p1a: Deoxys|Stealth Rock|p2a: Slowking
|-sidestart|p2: rocky012|move: Stealth Rock
|move|p2a: Slowking|Sludge Bomb|p1a: Deoxys
|-damage|p1a: Deoxys|48/100
|
|upkeep
|turn|3
|
|t:|1743865068
|switch|p1a: Cinderace|Cinderace, F|100/100
|move|p2a: Slowking|Sludge Bomb|p1a: Cinderace
|-damage|p1a: Cinderace|50/100
|
|upkeep
|turn|4
|
|t:|1743865074
|switch|p2a: Landorus|Landorus-Therian, M|100/100
|-damage|p2a: Landorus|88/100|[from] Stealth Rock
|-ability|p2a: Landorus|Intimidate|boost
|-unboost|p1a: Cinderace|atk|1
|move|p1a: Cinderace|Pyro Ball|p2a: Landorus
|-damage|p2a: Landorus|51/100
|
|upkeep
|turn|5
|
|t:|1743865087
|move|p1a: Cinderace|Pyro Ball|p2a: Landorus
|-damage|p2a: Landorus|12/100
|move|p2a: Landorus|U-turn|p1a: Cinderace
|-resisted|p1a: Cinderace
|-damage|p1a: Cinderace|35/100
|
|t:|1743865093
|switch|p2a: Weavile|Weavile, M|100/100|[from] U-turn
|-ability|p2a: Weavile|Pressure
|
|upkeep
|turn|6
|
|t:|1743865100
|switch|p1a: Deoxys|Deoxys-Speed|48/100
|-ability|p1a: Deoxys|Pressure
|move|p2a: Weavile|Knock Off|p1a: Deoxys
|-supereffective|p1a: Deoxys
|-damage|p1a: Deoxys|0 fnt
|-enditem|p1a: Deoxys|Focus Sash|[from] move: Knock Off|[of] p2a: Weavile
|faint|p1a: Deoxys
|
|upkeep
|
|t:|1743865102
|switch|p1a: Iron Hands|Iron Hands|100/100
|turn|7
|
|t:|1743865109
|switch|p2a: Slowking|Slowking-Galar, F|100/100
|move|p1a: Iron Hands|Wild Charge|p2a: Slowking
|-damage|p2a: Slowking|46/100
|-damage|p1a: Iron Hands|89/100|[from] Recoil
|
|upkeep
|turn|8
|
|t:|1743865115
|switch|p2a: Landorus|Landorus-Therian, M|12/100
|-damage|p2a: Landorus|0 fnt|[from] Stealth Rock
|faint|p2a: Landorus
|move|p1a: Iron Hands|Wild Charge|p2: Landorus|[notarget]
|-fail|p1a: Iron Hands
|
|upkeep
|
|t:|1743865122
|switch|p2a: Ogerpon|Ogerpon-Wellspring, F|100/100
|-damage|p2a: Ogerpon|88/100|[from] Stealth Rock
|turn|9
|
|t:|1743865126
|move|p2a: Ogerpon|Ivy Cudgel|p1a: Iron Hands|[anim] Ivy Cudgel Water
|-damage|p1a: Iron Hands|48/100
|move|p1a: Iron Hands|Close Combat|p2a: Ogerpon
|-damage|p2a: Ogerpon|1/100
|-unboost|p1a: Iron Hands|def|1
|-unboost|p1a: Iron Hands|spd|1
|
|upkeep
|turn|10
|
|t:|1743865133
|-end|p1a: Iron Hands|Quark Drive|[silent]
|switch|p1a: Mandibuzz|Mandibuzz, F, shiny|100/100
|move|p2a: Ogerpon|Ivy Cudgel|p1a: Mandibuzz|[anim] Ivy Cudgel Water
|-damage|p1a: Mandibuzz|68/100
|
|upkeep
|turn|11
|
|t:|1743865137
|move|p2a: Ogerpon|Ivy Cudgel|p1a: Mandibuzz|[anim] Ivy Cudgel Water
|-damage|p1a: Mandibuzz|36/100
|move|p1a: Mandibuzz|Roost|p1a: Mandibuzz
|-heal|p1a: Mandibuzz|86/100
|-singleturn|p1a: Mandibuzz|move: Roost
|
|upkeep
|turn|12
|
|t:|1743865144
|move|p2a: Ogerpon|Encore|p1a: Mandibuzz
|-start|p1a: Mandibuzz|Encore
|move|p1a: Mandibuzz|Roost|p1a: Mandibuzz
|-heal|p1a: Mandibuzz|100/100
|-singleturn|p1a: Mandibuzz|move: Roost
|
|upkeep
|turn|13
|
|t:|1743865148
|switch|p1a: Latios|Latios, M|100/100
|move|p2a: Ogerpon|Horn Leech|p1a: Latios
|-resisted|p1a: Latios
|-crit|p1a: Latios
|-damage|p1a: Latios|58/100
|-heal|p2a: Ogerpon|23/100|[from] drain|[of] p1a: Latios
|
|upkeep
|turn|14
|
|t:|1743865152
|move|p1a: Latios|Ice Beam|p2a: Ogerpon
|-damage|p2a: Ogerpon|0 fnt
|faint|p2a: Ogerpon
|
|upkeep
|
|t:|1743865164
|switch|p2a: Samurott|Samurott-Hisui, F|100/100
|turn|15
|inactive|omari p has 120 seconds left.
|inactive|omari p has 90 seconds left.
|
|t:|1743865232
|switch|p1a: Mandibuzz|Mandibuzz, F, shiny|100/100
|move|p2a: Samurott|Knock Off|p1a: Mandibuzz
|-resisted|p1a: Mandibuzz
|-damage|p1a: Mandibuzz|88/100
|-damage|p2a: Samurott|84/100|[from] item: Rocky Helmet|[of] p1a: Mandibuzz
|-enditem|p1a: Mandibuzz|Rocky Helmet|[from] move: Knock Off|[of] p2a: Samurott
|
|upkeep
|turn|16
|
|t:|1743865238
|move|p2a: Samurott|Razor Shell|p1a: Mandibuzz
|-damage|p1a: Mandibuzz|59/100
|move|p1a: Mandibuzz|Toxic|p2a: Samurott
|-status|p2a: Samurott|tox
|
|-damage|p2a: Samurott|78/100 tox|[from] psn
|upkeep
|turn|17
|
|t:|1743865243
|move|p2a: Samurott|Encore|p1a: Mandibuzz
|-start|p1a: Mandibuzz|Encore
|move|p1a: Mandibuzz|Toxic|p2a: Samurott
|-fail|p2a: Samurott|tox
|
|-damage|p2a: Samurott|65/100 tox|[from] psn
|upkeep
|turn|18
|
|t:|1743865251
|switch|p1a: Cinderace|Cinderace, F|35/100
|move|p2a: Samurott|Knock Off|p1a: Cinderace
|-damage|p1a: Cinderace|0 fnt
|-enditem|p1a: Cinderace|Flame Plate|[from] move: Knock Off|[of] p2a: Samurott
|faint|p1a: Cinderace
|
|-damage|p2a: Samurott|47/100 tox|[from] psn
|upkeep
|
|t:|1743865253
|switch|p1a: Thundurus|Thundurus-Therian, M|100/100
|turn|19
|
|t:|1743865257
|switch|p2a: Slowking|Slowking-Galar, F|80/100
|move|p1a: Thundurus|Thunderbolt|p2a: Slowking
|-damage|p2a: Slowking|47/100
|
|upkeep
|turn|20
|
|t:|1743865263
|move|p1a: Thundurus|Thunderbolt|p2a: Slowking
|-damage|p2a: Slowking|15/100
|move|p2a: Slowking|Sludge Bomb|p1a: Thundurus
|-damage|p1a: Thundurus|60/100
|-status|p1a: Thundurus|psn
|
|-heal|p1a: Thundurus|66/100 psn|[from] item: Leftovers
|-damage|p1a: Thundurus|54/100 psn|[from] psn
|upkeep
|turn|21
|inactive|omari p has 120 seconds left.
|inactive|omari p has 90 seconds left.
|
|t:|1743865329
|move|p1a: Thundurus|Thunderbolt|p2a: Slowking
|-damage|p2a: Slowking|0 fnt
|faint|p2a: Slowking
|
|-heal|p1a: Thundurus|60/100 psn|[from] item: Leftovers
|-damage|p1a: Thundurus|48/100 psn|[from] psn
|upkeep
|l|☆rocky012
|inactive|rocky012 disconnected and has a minute to reconnect!
|player|p2|
|inactive|rocky012 has 30 seconds to reconnect!
|inactive|rocky012 has 20 seconds to reconnect!
|inactive|rocky012 has 15 seconds to reconnect!
|inactive|rocky012 has 10 seconds to reconnect!
|inactive|rocky012 has 5 seconds to reconnect!
|-message|rocky012 lost due to inactivity.
|
|win|omari p
|raw|omari p's rating: 1682 &rarr; <strong>1701</strong><br />(+19 for winning)
|raw|rocky012's rating: 1658 &rarr; <strong>1639</strong><br />(-19 for losing)
|j|☆rocky012
|player|p2|rocky012|102|
|l|☆rocky012
|player|p2|
