|j|☆darskxddd
|j|☆Un0eg0
|t:|1743848389
|gametype|singles
|player|p1|darskxddd|266|1266
|player|p2|Un0eg0|dancer|1300
|teamsize|p1|6
|teamsize|p2|6
|gen|9
|tier|[Gen 9] OU
|rated|
|rule|HP Percentage Mod: HP is shown in percentages
|rule|Endless Battle Clause: Forcing endless battles is banned
|rule|Species Clause: Limit one of each Pokémon
|rule|OHKO Clause: OHKO moves are banned
|rule|Evasion Items Clause: Evasion items are banned
|rule|Evasion Moves Clause: Evasion moves are banned
|rule|Sleep Moves Clause: Sleep-inducing moves are banned
|clearpoke
|poke|p1|Keldeo|
|poke|p1|Landorus-Therian, M|
|poke|p1|Reuniclus, F|
|poke|p1|Revavroom, M|
|poke|p1|Brambleghast, F|
|poke|p1|Kyurem|
|poke|p2|Ceruledge, F|
|poke|p2|Iron Hands|
|poke|p2|Goodra, F|
|poke|p2|Incineroar, F|
|poke|p2|Iron Treads|
|poke|p2|Iron Moth|
|teampreview
|inactive|Battle timer is ON: inactive players will automatically lose when time's up. (requested by Un0eg0)
|
|t:|1743848403
|start
|switch|p1a: Landorus|Landorus-Therian, M|100/100
|switch|p2a: Ultimate Big Chill|Iron Moth|100/100
|-ability|p1a: Landorus|Intimidate|boost
|-unboost|p2a: Ultimate Big Chill|atk|1
|turn|1
|
|t:|1743848417
|move|p2a: Ultimate Big Chill|Fiery Dance|p1a: Landorus
|-damage|p1a: Landorus|45/100
|-boost|p2a: Ultimate Big Chill|spa|1
|move|p1a: Landorus|Earthquake|p2a: Ultimate Big Chill
|-supereffective|p2a: Ultimate Big Chill
|-damage|p2a: Ultimate Big Chill|0 fnt
|faint|p2a: Ultimate Big Chill
|-end|p2a: Ultimate Big Chill|Quark Drive|[silent]
|
|-heal|p1a: Landorus|51/100|[from] item: Leftovers
|upkeep
|
|t:|1743848425
|switch|p2a: Megaman|Ceruledge, F|100/100
|turn|2
|
|t:|1743848430
|move|p2a: Megaman|Swords Dance|p2a: Megaman
|-boost|p2a: Megaman|atk|2
|move|p1a: Landorus|U-turn|p2a: Megaman
|-resisted|p2a: Megaman
|-damage|p2a: Megaman|92/100
|-ability|p2a: Megaman|Weak Armor|boost
|-unboost|p2a: Megaman|def|1
|-boost|p2a: Megaman|spe|2
|inactive|darskxddd has 120 seconds left.
|
|t:|1743848477
|switch|p1a: Reuniclus|Reuniclus, F|100/100|[from] U-turn
|
|upkeep
|turn|3
|
|t:|1743848502
|-terastallize|p1a: Reuniclus|Dark
|move|p2a: Megaman|Bitter Blade|p1a: Reuniclus
|-damage|p1a: Reuniclus|6/100
|-heal|p2a: Megaman|100/100|[from] drain|[of] p1a: Reuniclus
|move|p1a: Reuniclus|Shadow Ball|p2a: Megaman
|-supereffective|p2a: Megaman
|-damage|p2a: Megaman|29/100
|
|-heal|p1a: Reuniclus|12/100|[from] item: Leftovers
|upkeep
|turn|4
|inactive|darskxddd has 120 seconds left.
|inactive|Un0eg0 has 120 seconds left.
|
|t:|1743848526
|move|p2a: Megaman|Shadow Sneak|p1a: Reuniclus
|-resisted|p1a: Reuniclus
|-damage|p1a: Reuniclus|0 fnt
|faint|p1a: Reuniclus
|
|upkeep
|
|t:|1743848533
|switch|p1a: Landorus|Landorus-Therian, M|51/100
|-ability|p1a: Landorus|Intimidate|boost
|-unboost|p2a: Megaman|atk|1
|turn|5
|inactive|Un0eg0 has 120 seconds left.
|
|t:|1743848564
|move|p2a: Megaman|Bitter Blade|p1a: Landorus
|-damage|p1a: Landorus|0 fnt
|-heal|p2a: Megaman|62/100|[from] drain|[of] p1a: Landorus
|faint|p1a: Landorus
|
|upkeep
|inactive|darskxddd has 120 seconds left.
|
|t:|1743848579
|switch|p1a: Keldeo|Keldeo|100/100
|turn|6
|
|t:|1743848602
|move|p2a: Megaman|Close Combat|p1a: Keldeo
|-damage|p1a: Keldeo|29/100
|-unboost|p2a: Megaman|def|1
|-unboost|p2a: Megaman|spd|1
|move|p1a: Keldeo|Hydro Pump|p2a: Megaman
|-supereffective|p2a: Megaman
|-damage|p2a: Megaman|0 fnt
|faint|p2a: Megaman
|-damage|p1a: Keldeo|19/100|[from] item: Life Orb
|
|upkeep
|
|t:|1743848610
|switch|p2a: Robot Boy|Iron Hands|100/100
|turn|7
|
|t:|1743848617
|switch|p1a: Brambleghast|Brambleghast, F|100/100
|move|p2a: Robot Boy|Fake Out|p1a: Brambleghast
|-immune|p1a: Brambleghast
|
|upkeep
|turn|8
|
|t:|1743848637
|move|p1a: Brambleghast|Spikes|p2a: Robot Boy
|-sidestart|p2: Un0eg0|Spikes
|move|p2a: Robot Boy|Ice Punch|p1a: Brambleghast
|-supereffective|p1a: Brambleghast
|-damage|p1a: Brambleghast|32/100
|
|upkeep
|turn|9
|
|t:|1743848642
|-end|p2a: Robot Boy|Quark Drive|[silent]
|switch|p2a: El Tigre|Incineroar, F|100/100
|-ability|p2a: El Tigre|Intimidate|boost
|-unboost|p1a: Brambleghast|atk|1
|move|p1a: Brambleghast|Strength Sap|p2a: El Tigre
|-unboost|p2a: El Tigre|atk|1
|-heal|p1a: Brambleghast|100/100
|
|upkeep
|turn|10
|
|t:|1743848666
|switch|p1a: Kyurem|Kyurem|100/100
|-ability|p1a: Kyurem|Pressure
|move|p2a: El Tigre|Knock Off|p1a: Kyurem
|-damage|p1a: Kyurem|76/100
|-enditem|p1a: Kyurem|Choice Scarf|[from] move: Knock Off|[of] p2a: El Tigre
|
|upkeep
|turn|11
|inactive|Un0eg0 has 120 seconds left.
|
|t:|1743848684
|move|p1a: Kyurem|Draco Meteor|p2a: El Tigre
|-damage|p2a: El Tigre|50/100
|-unboost|p1a: Kyurem|spa|2
|move|p2a: El Tigre|Parting Shot|p1a: Kyurem
|-unboost|p1a: Kyurem|atk|1
|-unboost|p1a: Kyurem|spa|1
|
|t:|1743848689
|switch|p2a: Rollie poly|Iron Treads|100/100|[from] Parting Shot
|-damage|p2a: Rollie poly|88/100|[from] Spikes
|-enditem|p2a: Rollie poly|Booster Energy
|-activate|p2a: Rollie poly|ability: Quark Drive|[fromitem]
|-start|p2a: Rollie poly|quarkdriveatk
|
|upkeep
|turn|12
|
|t:|1743848695
|switch|p1a: Brambleghast|Brambleghast, F|100/100
|move|p2a: Rollie poly|Stealth Rock|p1a: Brambleghast
|-sidestart|p1: darskxddd|move: Stealth Rock
|
|upkeep
|turn|13
|
|t:|1743848703
|move|p2a: Rollie poly|Heavy Slam|p1a: Brambleghast
|-damage|p1a: Brambleghast|11/100
|move|p1a: Brambleghast|Rapid Spin|p2a: Rollie poly
|-resisted|p2a: Rollie poly
|-damage|p2a: Rollie poly|81/100
|-boost|p1a: Brambleghast|spe|1
|-sideend|p1: darskxddd|Stealth Rock|[from] move: Rapid Spin|[of] p1a: Brambleghast
|
|upkeep
|turn|14
|
|t:|1743848712
|-end|p2a: Rollie poly|Quark Drive|[silent]
|switch|p2a: TT|Goodra, F|100/100
|-damage|p2a: TT|88/100|[from] Spikes
|move|p1a: Brambleghast|Strength Sap|p2a: TT
|-unboost|p2a: TT|atk|1
|-heal|p1a: Brambleghast|78/100
|
|upkeep
|turn|15
|
|t:|1743848726
|switch|p1a: Revavroom|Revavroom, M|100/100
|move|p2a: TT|Flamethrower|p1a: Revavroom
|-supereffective|p1a: Revavroom
|-damage|p1a: Revavroom|50/100
|-enditem|p1a: Revavroom|Sitrus Berry|[eat]
|-heal|p1a: Revavroom|75/100|[from] item: Sitrus Berry
|
|upkeep
|turn|16
|
|t:|1743848732
|move|p2a: TT|Flamethrower|p1a: Revavroom
|-supereffective|p1a: Revavroom
|-damage|p1a: Revavroom|21/100
|move|p1a: Revavroom|Shift Gear|p1a: Revavroom
|-boost|p1a: Revavroom|spe|2
|-boost|p1a: Revavroom|atk|1
|
|upkeep
|turn|17
|
|t:|1743848746
|-terastallize|p2a: TT|Steel
|move|p1a: Revavroom|Gunk Shot|p2a: TT
|-immune|p2a: TT
|move|p2a: TT|Flamethrower|p1a: Revavroom
|-supereffective|p1a: Revavroom
|-damage|p1a: Revavroom|0 fnt
|faint|p1a: Revavroom
|
|upkeep
|
|t:|1743848759
|switch|p1a: Keldeo|Keldeo|19/100
|turn|18
|
|t:|1743848766
|move|p1a: Keldeo|Calm Mind|p1a: Keldeo
|-boost|p1a: Keldeo|spa|1
|-boost|p1a: Keldeo|spd|1
|move|p2a: TT|Tera Blast|p1a: Keldeo|[anim] Tera Blast Steel
|-resisted|p1a: Keldeo
|-damage|p1a: Keldeo|7/100
|
|upkeep
|turn|19
|
|t:|1743848772
|move|p1a: Keldeo|Aura Sphere|p2a: TT
|-supereffective|p2a: TT
|-damage|p2a: TT|18/100
|-damage|p1a: Keldeo|0 fnt|[from] item: Life Orb
|faint|p1a: Keldeo
|move|p2a: TT|Thunderbolt|p1: Keldeo|[notarget]
|-fail|p2a: TT
|
|upkeep
|
|t:|1743848780
|switch|p1a: Kyurem|Kyurem|76/100
|-ability|p1a: Kyurem|Pressure
|turn|20
|
|t:|1743848788
|switch|p2a: El Tigre|Incineroar, F|50/100
|-ability|p2a: El Tigre|Intimidate|boost
|-unboost|p1a: Kyurem|atk|1
|move|p1a: Kyurem|Ice Beam|p2a: El Tigre
|-resisted|p2a: El Tigre
|-damage|p2a: El Tigre|31/100
|
|upkeep
|turn|21
|
|t:|1743848795
|move|p1a: Kyurem|Draco Meteor|p2a: El Tigre
|-damage|p2a: El Tigre|0 fnt
|-unboost|p1a: Kyurem|spa|2
|faint|p2a: El Tigre
|
|upkeep
|
|t:|1743848800
|switch|p2a: Rollie poly|Iron Treads|81/100
|-damage|p2a: Rollie poly|69/100|[from] Spikes
|turn|22
|
|t:|1743848807
|switch|p1a: Brambleghast|Brambleghast, F|78/100
|move|p2a: Rollie poly|Heavy Slam|p1a: Brambleghast
|-damage|p1a: Brambleghast|8/100
|
|upkeep
|turn|23
|
|t:|1743848813
|move|p2a: Rollie poly|Heavy Slam|p1a: Brambleghast
|-damage|p1a: Brambleghast|0 fnt
|faint|p1a: Brambleghast
|
|upkeep
|
|t:|1743848816
|switch|p1a: Kyurem|Kyurem|76/100
|-ability|p1a: Kyurem|Pressure
|turn|24
|
|t:|1743848822
|-end|p2a: Rollie poly|Quark Drive|[silent]
|switch|p2a: TT|Goodra, F, tera:Steel|18/100
|-damage|p2a: TT|5/100|[from] Spikes
|move|p1a: Kyurem|Draco Meteor|p2a: TT
|-resisted|p2a: TT
|-damage|p2a: TT|0 fnt
|-unboost|p1a: Kyurem|spa|2
|faint|p2a: TT
|
|upkeep
|
|t:|1743848824
|switch|p2a: Rollie poly|Iron Treads|69/100
|-damage|p2a: Rollie poly|57/100|[from] Spikes
|turn|25
|
|t:|1743848832
|move|p2a: Rollie poly|Rapid Spin|p1a: Kyurem
|-damage|p1a: Kyurem|61/100
|-boost|p2a: Rollie poly|spe|1
|-sideend|p2: Un0eg0|Spikes|[from] move: Rapid Spin|[of] p2a: Rollie poly
|move|p1a: Kyurem|Draco Meteor|p2a: Rollie poly
|-resisted|p2a: Rollie poly
|-damage|p2a: Rollie poly|30/100
|-unboost|p1a: Kyurem|spa|2
|
|upkeep
|turn|26
|
|t:|1743848839
|move|p2a: Rollie poly|Heavy Slam|p1a: Kyurem
|-supereffective|p1a: Kyurem
|-crit|p1a: Kyurem
|-damage|p1a: Kyurem|0 fnt
|faint|p1a: Kyurem
|
|win|Un0eg0
|raw|darskxddd's rating: 1266 &rarr; <strong>1243</strong><br />(-23 for losing)
|raw|Un0eg0's rating: 1300 &rarr; <strong>1323</strong><br />(+23 for winning)
|l|☆darskxddd
|player|p1|
|l|☆Un0eg0
|player|p2|
