|j|☆Andrewtre
|j|☆Darke2187
|t:|1743793126
|gametype|singles
|player|p1|Andrewtre|psychic-gen4|1234
|player|p2|Darke2187|emmet|1271
|teamsize|p1|6
|teamsize|p2|6
|gen|9
|tier|[Gen 9] OU
|rated|
|rule|HP Percentage Mod: HP is shown in percentages
|rule|Endless Battle Clause: Forcing endless battles is banned
|rule|Species Clause: Limit one of each Pokémon
|rule|OHKO Clause: OHKO moves are banned
|rule|Evasion Items Clause: Evasion items are banned
|rule|Evasion Moves Clause: Evasion moves are banned
|rule|Sleep Moves Clause: Sleep-inducing moves are banned
|clearpoke
|poke|p1|Farigiraf, M|
|poke|p1|Golurk|
|poke|p1|Slowking, F|
|poke|p1|Gengar, M|
|poke|p1|Golduck, M|
|poke|p1|Hatterene, F|
|poke|p2|Sinistcha|
|poke|p2|Ting-Lu|
|poke|p2|Zamazenta-*|
|poke|p2|Skarmory, M|
|poke|p2|Slowking-Galar, M|
|poke|p2|Darkrai|
|teampreview
|inactive|Battle timer is ON: inactive players will automatically lose when time's up. (requested by Andrewtre)
|c|☆Darke2187|glhf
|
|t:|1743793134
|start
|switch|p1a: Hatty|Hatterene, F|100/100
|switch|p2a: Darkrai|Darkrai|100/100
|turn|1
|
|t:|1743793144
|move|p2a: Darkrai|Dark Pulse|p1a: Hatty
|-damage|p1a: Hatty|53/100
|move|p1a: Hatty|Draining Kiss|p2a: Darkrai
|-supereffective|p2a: Darkrai
|-damage|p2a: Darkrai|15/100
|-heal|p1a: Hatty|100/100|[from] drain|[of] p2a: Darkrai
|
|upkeep
|turn|2
|
|t:|1743793151
|switch|p2a: Slowking|Slowking-Galar, M|100/100
|move|p1a: Hatty|Trick Room|p1a: Hatty
|-fieldstart|move: Trick Room|[of] p1a: Hatty
|
|upkeep
|turn|3
|
|t:|1743793156
|switch|p1a: Golurk|Golurk|100/100
|move|p2a: Slowking|Sludge Bomb|p1a: Golurk
|-resisted|p1a: Golurk
|-damage|p1a: Golurk|92/100
|
|upkeep
|turn|4
|
|t:|1743793165
|switch|p2a: Skarmory|Skarmory, M|100/100
|move|p1a: Golurk|Stealth Rock|p2a: Skarmory
|-sidestart|p2: Darke2187|move: Stealth Rock
|
|upkeep
|turn|5
|
|t:|1743793191
|switch|p2a: Sinistcha|Sinistcha|100/100
|move|p1a: Golurk|Dynamic Punch|p2a: Sinistcha
|-immune|p2a: Sinistcha
|
|upkeep
|turn|6
|
|t:|1743793199
|move|p1a: Golurk|Poltergeist|p2a: Sinistcha
|-activate|p2a: Sinistcha|move: Poltergeist|Heavy-Duty Boots
|-supereffective|p2a: Sinistcha
|-damage|p2a: Sinistcha|0 fnt
|faint|p2a: Sinistcha
|-damage|p1a: Golurk|82/100|[from] item: Life Orb
|
|-fieldend|move: Trick Room
|upkeep
|
|t:|1743793205
|switch|p2a: Darkrai|Darkrai|15/100
|turn|7
|
|t:|1743793212
|move|p2a: Darkrai|Dark Pulse|p1a: Golurk
|-supereffective|p1a: Golurk
|-damage|p1a: Golurk|0 fnt
|faint|p1a: Golurk
|
|upkeep
|
|t:|1743793217
|switch|p1a: Hatty|Hatterene, F|100/100
|turn|8
|
|t:|1743793220
|switch|p2a: Slowking|Slowking-Galar, M|100/100
|move|p1a: Hatty|Draining Kiss|p2a: Slowking
|-resisted|p2a: Slowking
|-damage|p2a: Slowking|91/100
|
|upkeep
|turn|9
|
|t:|1743793226
|move|p1a: Hatty|Psychic|p2a: Slowking
|-damage|p2a: Slowking|58/100
|-unboost|p2a: Slowking|spd|1
|move|p2a: Slowking|Sludge Bomb|p1a: Hatty
|-supereffective|p1a: Hatty
|-damage|p1a: Hatty|30/100
|
|upkeep
|turn|10
|
|t:|1743793235
|switch|p2a: Darkrai|Darkrai|15/100
|move|p1a: Hatty|Psychic|p2a: Darkrai
|-immune|p2a: Darkrai
|
|upkeep
|turn|11
|
|t:|1743793239
|move|p2a: Darkrai|Dark Pulse|p1a: Hatty
|-damage|p1a: Hatty|0 fnt
|faint|p1a: Hatty
|
|upkeep
|
|t:|1743793244
|switch|p1a: Gengar|Gengar, M|100/100
|turn|12
|
|t:|1743793264
|move|p2a: Darkrai|Dark Pulse|p1a: Gengar
|-supereffective|p1a: Gengar
|-damage|p1a: Gengar|0 fnt
|faint|p1a: Gengar
|
|upkeep
|
|t:|1743793270
|switch|p1a: Goldie|Golduck, M|100/100
|turn|13
|
|t:|1743793273
|move|p1a: Goldie|Vacuum Wave|p2a: Darkrai
|-supereffective|p2a: Darkrai
|-damage|p2a: Darkrai|0 fnt
|faint|p2a: Darkrai
|
|upkeep
|
|t:|1743793280
|switch|p2a: Zamazenta|Zamazenta|100/100
|-ability|p2a: Zamazenta|Dauntless Shield|boost
|-boost|p2a: Zamazenta|def|1
|turn|14
|
|t:|1743793288
|move|p2a: Zamazenta|Close Combat|p1a: Goldie
|-damage|p1a: Goldie|17/100
|-unboost|p2a: Zamazenta|def|1
|-unboost|p2a: Zamazenta|spd|1
|move|p1a: Goldie|Surf|p2a: Zamazenta
|-damage|p2a: Zamazenta|43/100
|
|upkeep
|turn|15
|
|t:|1743793299
|switch|p2a: Slowking|Slowking-Galar, M|91/100
|move|p1a: Goldie|Vacuum Wave|p2a: Slowking
|-resisted|p2a: Slowking
|-damage|p2a: Slowking|89/100
|
|upkeep
|turn|16
|
|t:|1743793303
|move|p1a: Goldie|Surf|p2a: Slowking
|-damage|p2a: Slowking|62/100
|move|p2a: Slowking|Sludge Bomb|p1a: Goldie
|-damage|p1a: Goldie|0 fnt
|faint|p1a: Goldie
|
|upkeep
|
|t:|1743793307
|switch|p1a: Farigiraf|Farigiraf, M|100/100
|turn|17
|
|t:|1743793313
|switch|p2a: Ting-Lu|Ting-Lu|100/100
|-damage|p2a: Ting-Lu|94/100|[from] Stealth Rock
|-ability|p2a: Ting-Lu|Vessel of Ruin
|move|p1a: Farigiraf|Trick Room|p1a: Farigiraf
|-fieldstart|move: Trick Room|[of] p1a: Farigiraf
|
|-heal|p2a: Ting-Lu|100/100|[from] item: Leftovers
|upkeep
|turn|18
|
|t:|1743793320
|-terastallize|p1a: Farigiraf|Fighting
|move|p2a: Ting-Lu|Ruination|p1a: Farigiraf|[miss]
|-miss|p2a: Ting-Lu|p1a: Farigiraf
|move|p1a: Farigiraf|Tera Blast|p2a: Ting-Lu|[anim] Tera Blast Fighting
|-supereffective|p2a: Ting-Lu
|-damage|p2a: Ting-Lu|48/100
|-damage|p1a: Farigiraf|91/100|[from] item: Life Orb
|
|-heal|p2a: Ting-Lu|54/100|[from] item: Leftovers
|upkeep
|turn|19
|
|t:|1743793331
|switch|p2a: Slowking|Slowking-Galar, M|96/100
|move|p1a: Farigiraf|Tera Blast|p2a: Slowking|[anim] Tera Blast Fighting
|-resisted|p2a: Slowking
|-damage|p2a: Slowking|85/100
|-damage|p1a: Farigiraf|81/100|[from] item: Life Orb
|
|upkeep
|turn|20
|
|t:|1743793345
|switch|p1a: Queen|Slowking, F|100/100
|move|p2a: Slowking|Future Sight|p1a: Queen
|-start|p2a: Slowking|move: Future Sight
|
|upkeep
|turn|21
|
|t:|1743793351
|-prepare|p2a: Slowking|Chilly Reception|[premajor]
|move|p2a: Slowking|Chilly Reception|p2a: Slowking
|-weather|Snowscape
|
|t:|1743793357
|switch|p2a: Zamazenta|Zamazenta|43/100|[from] Chilly Reception
|move|p1a: Queen|Psychic|p2a: Zamazenta
|-supereffective|p2a: Zamazenta
|-damage|p2a: Zamazenta|0 fnt
|faint|p2a: Zamazenta
|-damage|p1a: Queen|91/100|[from] item: Life Orb
|
|-weather|Snowscape|[upkeep]
|-fieldend|move: Trick Room
|upkeep
|
|t:|1743793369
|switch|p2a: Skarmory|Skarmory, M|100/100
|-damage|p2a: Skarmory|88/100|[from] Stealth Rock
|turn|22
|
|t:|1743793373
|move|p1a: Queen|Flamethrower|p2a: Skarmory
|-supereffective|p2a: Skarmory
|-damage|p2a: Skarmory|0 fnt
|faint|p2a: Skarmory
|-damage|p1a: Queen|81/100|[from] item: Life Orb
|
|-weather|Snowscape|[upkeep]
|-end|p1a: Queen|move: Future Sight
|-resisted|p1a: Queen
|-damage|p1a: Queen|63/100
|upkeep
|
|t:|1743793378
|switch|p2a: Slowking|Slowking-Galar, M|100/100
|turn|23
|
|t:|1743793385
|move|p1a: Queen|Psychic|p2a: Slowking
|-damage|p2a: Slowking|66/100
|-damage|p1a: Queen|53/100|[from] item: Life Orb
|move|p2a: Slowking|Sludge Bomb|p1a: Queen
|-damage|p1a: Queen|24/100
|
|-weather|Snowscape|[upkeep]
|upkeep
|turn|24
|
|t:|1743793392
|move|p1a: Queen|Surf|p2a: Slowking
|-damage|p2a: Slowking|31/100
|-damage|p1a: Queen|14/100|[from] item: Life Orb
|move|p2a: Slowking|Sludge Bomb|p1a: Queen
|-damage|p1a: Queen|0 fnt
|faint|p1a: Queen
|
|-weather|Snowscape|[upkeep]
|upkeep
|
|t:|1743793394
|switch|p1a: Farigiraf|Farigiraf, M, tera:Fighting|81/100
|turn|25
|
|t:|1743793398
|switch|p2a: Ting-Lu|Ting-Lu|54/100
|-damage|p2a: Ting-Lu|48/100|[from] Stealth Rock
|-ability|p2a: Ting-Lu|Vessel of Ruin
|move|p1a: Farigiraf|Psychic Fangs|p2a: Ting-Lu
|-immune|p2a: Ting-Lu
|
|-weather|none
|-heal|p2a: Ting-Lu|54/100|[from] item: Leftovers
|upkeep
|turn|26
|
|t:|1743793409
|switch|p2a: Slowking|Slowking-Galar, M|64/100
|move|p1a: Farigiraf|Tera Blast|p2a: Slowking|[anim] Tera Blast Fighting
|-resisted|p2a: Slowking
|-crit|p2a: Slowking
|-damage|p2a: Slowking|48/100
|-damage|p1a: Farigiraf|71/100|[from] item: Life Orb
|
|upkeep
|turn|27
|
|t:|1743793420
|move|p1a: Farigiraf|Psychic Fangs|p2a: Slowking
|-damage|p2a: Slowking|0 fnt
|faint|p2a: Slowking
|-damage|p1a: Farigiraf|61/100|[from] item: Life Orb
|
|upkeep
|
|t:|1743793423
|switch|p2a: Ting-Lu|Ting-Lu|54/100
|-damage|p2a: Ting-Lu|48/100|[from] Stealth Rock
|-ability|p2a: Ting-Lu|Vessel of Ruin
|turn|28
|
|t:|1743793425
|move|p1a: Farigiraf|Tera Blast|p2a: Ting-Lu|[anim] Tera Blast Fighting
|-supereffective|p2a: Ting-Lu
|-damage|p2a: Ting-Lu|3/100
|-damage|p1a: Farigiraf|51/100|[from] item: Life Orb
|move|p2a: Ting-Lu|Earthquake|p1a: Farigiraf
|-damage|p1a: Farigiraf|12/100
|
|-heal|p2a: Ting-Lu|9/100|[from] item: Leftovers
|upkeep
|turn|29
|
|t:|1743793430
|-terastallize|p2a: Ting-Lu|Ghost
|move|p1a: Farigiraf|Tera Blast|p2a: Ting-Lu|[anim] Tera Blast Fighting
|-immune|p2a: Ting-Lu
|move|p2a: Ting-Lu|Earthquake|p1a: Farigiraf
|-damage|p1a: Farigiraf|0 fnt
|faint|p1a: Farigiraf
|
|win|Darke2187
|raw|Andrewtre's rating: 1234 &rarr; <strong>1212</strong><br />(-22 for losing)
|raw|Darke2187's rating: 1271 &rarr; <strong>1293</strong><br />(+22 for winning)
|l|☆Andrewtre
|player|p1|
|l|☆Darke2187
|player|p2|
