|j|☆RenegadeArtUtube
|j|☆xAmethystx
|t:|1743793155
|gametype|singles
|player|p1|RenegadeArtUtube|gambler|1576
|player|p2|xAmethystx|miku-ground|1574
|teamsize|p1|6
|teamsize|p2|6
|gen|9
|tier|[Gen 9] OU
|rated|
|rule|HP Percentage Mod: HP is shown in percentages
|rule|Endless Battle Clause: Forcing endless battles is banned
|rule|Species Clause: Limit one of each Pokémon
|rule|OHKO Clause: OHKO moves are banned
|rule|Evasion Items Clause: Evasion items are banned
|rule|Evasion Moves Clause: Evasion moves are banned
|rule|Sleep Moves Clause: Sleep-inducing moves are banned
|clearpoke
|poke|p1|Blaziken, M|
|poke|p1|Ninetales-Alola, F|
|poke|p1|Polteageist-Antique|
|poke|p1|Hatterene, F|
|poke|p1|Raging Bolt|
|poke|p1|Landorus-Therian, M|
|poke|p2|Chandelure, M|
|poke|p2|Kingambit, F|
|poke|p2|Great Tusk|
|poke|p2|Corviknight, M|
|poke|p2|Rotom-Wash|
|poke|p2|Hatterene, F|
|teampreview
|inactive|Battle timer is ON: inactive players will automatically lose when time's up. (requested by RenegadeArtUtube)
|
|t:|1743793186
|start
|switch|p1a: Ninetales|Ninetales-Alola, F|100/100
|switch|p2a: Chandelure|Chandelure, M|100/100
|-weather|Snowscape|[from] ability: Snow Warning|[of] p1a: Ninetales
|turn|1
|
|t:|1743793212
|switch|p1a: Raging Bolt|Raging Bolt|100/100
|-enditem|p1a: Raging Bolt|Booster Energy
|-activate|p1a: Raging Bolt|ability: Protosynthesis|[fromitem]
|-start|p1a: Raging Bolt|protosynthesisspa
|move|p2a: Chandelure|Flamethrower|p1a: Raging Bolt
|-resisted|p1a: Raging Bolt
|-damage|p1a: Raging Bolt|79/100
|
|-weather|Snowscape|[upkeep]
|upkeep
|turn|2
|
|t:|1743793223
|switch|p2a: Great Tusk|Great Tusk|100/100
|move|p1a: Raging Bolt|Weather Ball|p2a: Great Tusk
|-supereffective|p2a: Great Tusk
|-damage|p2a: Great Tusk|0 fnt
|faint|p2a: Great Tusk
|-end|p2a: Great Tusk|Protosynthesis|[silent]
|
|-weather|Snowscape|[upkeep]
|upkeep
|c|☆xAmethystx|that gets weather ball??
|
|t:|1743793251
|switch|p2a: Hatterene|Hatterene, F|100/100
|turn|3
|
|t:|1743793256
|-terastallize|p1a: Raging Bolt|Fairy
|move|p1a: Raging Bolt|Discharge|p2a: Hatterene
|-damage|p2a: Hatterene|40/100
|-status|p2a: Hatterene|par
|move|p2a: Hatterene|Draining Kiss|p1a: Raging Bolt
|-damage|p1a: Raging Bolt|59/100
|-heal|p2a: Hatterene|60/100 par|[from] drain|[of] p1a: Raging Bolt
|
|-weather|Snowscape|[upkeep]
|-heal|p2a: Hatterene|66/100 par|[from] item: Leftovers
|upkeep
|turn|4
|
|t:|1743793271
|move|p1a: Raging Bolt|Discharge|p2a: Hatterene
|-damage|p2a: Hatterene|8/100 par
|cant|p2a: Hatterene|par
|
|-weather|Snowscape|[upkeep]
|-heal|p2a: Hatterene|14/100 par|[from] item: Leftovers
|upkeep
|turn|5
|
|t:|1743793279
|move|p1a: Raging Bolt|Discharge|p2a: Hatterene
|-damage|p2a: Hatterene|0 fnt
|faint|p2a: Hatterene
|
|-weather|none
|upkeep
|
|t:|1743793286
|switch|p2a: Kingambit|Kingambit, F|100/100
|-activate|p2a: Kingambit|ability: Supreme Overlord
|-start|p2a: Kingambit|fallen2|[silent]
|turn|6
|
|t:|1743793291
|move|p1a: Raging Bolt|Discharge|p2a: Kingambit
|-damage|p2a: Kingambit|61/100
|move|p2a: Kingambit|Iron Head|p1a: Raging Bolt
|-supereffective|p1a: Raging Bolt
|-damage|p1a: Raging Bolt|0 fnt
|faint|p1a: Raging Bolt
|-end|p1a: Raging Bolt|Protosynthesis|[silent]
|
|upkeep
|
|t:|1743793307
|switch|p1a: Landorus|Landorus-Therian, M|100/100
|-ability|p1a: Landorus|Intimidate|boost
|-unboost|p2a: Kingambit|atk|1
|turn|7
|
|t:|1743793312
|-end|p2a: Kingambit|fallen2|[silent]
|switch|p2a: Rotom|Rotom-Wash|100/100
|move|p1a: Landorus|Stealth Rock|p2a: Rotom
|-sidestart|p2: xAmethystx|move: Stealth Rock
|
|upkeep
|turn|8
|
|t:|1743793319
|move|p1a: Landorus|U-turn|p2a: Rotom
|-damage|p2a: Rotom|81/100
|
|t:|1743793331
|switch|p1a: Polteageist|Polteageist-Antique|100/100|[from] U-turn
|move|p2a: Rotom|Will-O-Wisp|p1a: Polteageist
|-status|p1a: Polteageist|brn
|
|-heal|p2a: Rotom|87/100|[from] item: Leftovers
|-damage|p1a: Polteageist|95/100 brn|[from] brn
|upkeep
|turn|9
|
|t:|1743793344
|move|p1a: Polteageist|Shadow Ball|p2a: Rotom
|-damage|p2a: Rotom|41/100
|move|p2a: Rotom|Volt Switch|p1a: Polteageist
|-damage|p1a: Polteageist|66/100 brn
|
|t:|1743793355
|switch|p2a: Chandelure|Chandelure, M|100/100|[from] Volt Switch
|-damage|p2a: Chandelure|76/100|[from] Stealth Rock
|
|-damage|p1a: Polteageist|60/100 brn|[from] brn
|upkeep
|turn|10
|
|t:|1743793370
|move|p2a: Chandelure|Shadow Ball|p1a: Polteageist
|-supereffective|p1a: Polteageist
|-damage|p1a: Polteageist|0 fnt
|faint|p1a: Polteageist
|
|upkeep
|
|t:|1743793376
|switch|p1a: Ninetales|Ninetales-Alola, F|100/100
|-weather|Snowscape|[from] ability: Snow Warning|[of] p1a: Ninetales
|turn|11
|
|t:|1743793380
|move|p2a: Chandelure|Shadow Ball|p1a: Ninetales
|-damage|p1a: Ninetales|57/100
|move|p1a: Ninetales|Aurora Veil|p1a: Ninetales
|-sidestart|p1: RenegadeArtUtube|move: Aurora Veil
|
|-weather|Snowscape|[upkeep]
|upkeep
|turn|12
|
|t:|1743793407
|switch|p2a: Corviknight|Corviknight, M, shiny|100/100
|-damage|p2a: Corviknight|88/100|[from] Stealth Rock
|move|p1a: Ninetales|Freeze-Dry|p2a: Corviknight
|-damage|p2a: Corviknight|75/100
|
|-weather|Snowscape|[upkeep]
|-heal|p2a: Corviknight|81/100|[from] item: Leftovers
|upkeep
|turn|13
|
|t:|1743793418
|switch|p1a: Blaziken|Blaziken, M, shiny|100/100
|move|p2a: Corviknight|Defog|p1a: Blaziken
|-unboost|p1a: Blaziken|evasion|1
|-sideend|p1: RenegadeArtUtube|move: Aurora Veil
|-sideend|p2: xAmethystx|Stealth Rock|[from] move: Defog|[of] p2a: Corviknight
|
|-weather|Snowscape|[upkeep]
|-heal|p2a: Corviknight|87/100|[from] item: Leftovers
|upkeep
|turn|14
|
|t:|1743793428
|switch|p2a: Chandelure|Chandelure, M|76/100
|move|p1a: Blaziken|Blaze Kick|p2a: Chandelure
|-start|p2a: Chandelure|ability: Flash Fire
|
|-weather|Snowscape|[upkeep]
|-ability|p1a: Blaziken|Speed Boost|boost
|-boost|p1a: Blaziken|spe|1
|upkeep
|turn|15
|inactive|RenegadeArtUtube has 120 seconds left.
|
|t:|1743793444
|-end|p2a: Chandelure|ability: Flash Fire|[silent]
|switch|p2a: Rotom|Rotom-Wash|41/100
|move|p1a: Blaziken|Swords Dance|p1a: Blaziken
|-boost|p1a: Blaziken|atk|2
|
|-weather|none
|-heal|p2a: Rotom|47/100|[from] item: Leftovers
|-ability|p1a: Blaziken|Speed Boost|boost
|-boost|p1a: Blaziken|spe|1
|upkeep
|turn|16
|inactive|RenegadeArtUtube has 120 seconds left.
|
|t:|1743793455
|move|p2a: Rotom|Protect|p2a: Rotom
|-singleturn|p2a: Rotom|Protect
|move|p1a: Blaziken|Close Combat|p2a: Rotom
|-activate|p2a: Rotom|move: Protect
|
|-heal|p2a: Rotom|53/100|[from] item: Leftovers
|-ability|p1a: Blaziken|Speed Boost|boost
|-boost|p1a: Blaziken|spe|1
|upkeep
|turn|17
|inactive|RenegadeArtUtube has 120 seconds left.
|
|t:|1743793468
|move|p1a: Blaziken|Close Combat|p2a: Rotom
|-crit|p2a: Rotom
|-damage|p2a: Rotom|0 fnt
|-unboost|p1a: Blaziken|def|1
|-unboost|p1a: Blaziken|spd|1
|faint|p2a: Rotom
|
|-ability|p1a: Blaziken|Speed Boost|boost
|-boost|p1a: Blaziken|spe|1
|upkeep
|
|t:|1743793471
|switch|p2a: Corviknight|Corviknight, M, shiny|87/100
|turn|18
|
|t:|1743793482
|-terastallize|p2a: Corviknight|Water
|move|p1a: Blaziken|Blaze Kick|p2a: Corviknight
|-resisted|p2a: Corviknight
|-crit|p2a: Corviknight
|-damage|p2a: Corviknight|39/100
|move|p2a: Corviknight|Brave Bird|p1a: Blaziken
|-supereffective|p1a: Blaziken
|-damage|p1a: Blaziken|0 fnt
|faint|p1a: Blaziken
|-damage|p2a: Corviknight|15/100|[from] Recoil
|
|-heal|p2a: Corviknight|21/100|[from] item: Leftovers
|upkeep
|inactive|RenegadeArtUtube has 120 seconds left.
|c|☆xAmethystx|i shouldve clicked tera earlier
|
|t:|1743793500
|switch|p1a: Ninetales|Ninetales-Alola, F|57/100
|-weather|Snowscape|[from] ability: Snow Warning|[of] p1a: Ninetales
|turn|19
|
|t:|1743793505
|switch|p2a: Kingambit|Kingambit, F|61/100
|-activate|p2a: Kingambit|ability: Supreme Overlord
|-start|p2a: Kingambit|fallen3|[silent]
|move|p1a: Ninetales|Aurora Veil|p1a: Ninetales
|-sidestart|p1: RenegadeArtUtube|move: Aurora Veil
|
|-weather|Snowscape|[upkeep]
|upkeep
|turn|20
|
|t:|1743793517
|switch|p1a: Landorus|Landorus-Therian, M|100/100
|-ability|p1a: Landorus|Intimidate|boost
|-unboost|p2a: Kingambit|atk|1
|move|p2a: Kingambit|Brick Break|p1a: Landorus
|-sideend|p1: RenegadeArtUtube|move: Aurora Veil
|-resisted|p1a: Landorus
|-damage|p1a: Landorus|86/100
|-damage|p2a: Kingambit|45/100|[from] item: Rocky Helmet|[of] p1a: Landorus
|
|-weather|Snowscape|[upkeep]
|upkeep
|turn|21
|
|t:|1743793530
|-end|p2a: Kingambit|fallen3|[silent]
|switch|p2a: Corviknight|Corviknight, M, shiny, tera:Water|21/100
|move|p1a: Landorus|Stealth Rock|p2a: Corviknight
|-sidestart|p2: xAmethystx|move: Stealth Rock
|
|-weather|Snowscape|[upkeep]
|-heal|p2a: Corviknight|27/100|[from] item: Leftovers
|upkeep
|turn|22
|inactive|RenegadeArtUtube has 120 seconds left.
|inactive|RenegadeArtUtube has 90 seconds left.
|
|t:|1743793577
|move|p1a: Landorus|Earthquake|p2a: Corviknight
|-damage|p2a: Corviknight|0 fnt
|faint|p2a: Corviknight
|
|-weather|Snowscape|[upkeep]
|upkeep
|
|t:|1743793580
|switch|p2a: Chandelure|Chandelure, M|76/100
|-damage|p2a: Chandelure|51/100|[from] Stealth Rock
|turn|23
|
|t:|1743793587
|move|p2a: Chandelure|Flamethrower|p1a: Landorus
|-damage|p1a: Landorus|11/100
|move|p1a: Landorus|Earthquake|p2a: Chandelure
|-supereffective|p2a: Chandelure
|-damage|p2a: Chandelure|0 fnt
|faint|p2a: Chandelure
|
|-weather|none
|upkeep
|
|t:|1743793590
|switch|p2a: Kingambit|Kingambit, F|45/100
|-damage|p2a: Kingambit|38/100|[from] Stealth Rock
|-activate|p2a: Kingambit|ability: Supreme Overlord
|-start|p2a: Kingambit|fallen5|[silent]
|turn|24
|
|t:|1743793602
|switch|p1a: Ninetales|Ninetales-Alola, F|57/100
|-weather|Snowscape|[from] ability: Snow Warning|[of] p1a: Ninetales
|move|p2a: Kingambit|Sucker Punch||[still]
|-fail|p2a: Kingambit
|
|-weather|Snowscape|[upkeep]
|upkeep
|turn|25
|c|☆xAmethystx|gg
|
|t:|1743793611
|move|p1a: Ninetales|Encore|p2a: Kingambit
|-start|p2a: Kingambit|Encore
|move|p2a: Kingambit|Sucker Punch||[still]
|-fail|p2a: Kingambit
|
|-weather|Snowscape|[upkeep]
|upkeep
|turn|26
|
|t:|1743793621
|move|p2a: Kingambit|Sucker Punch||[still]
|-fail|p2a: Kingambit
|move|p1a: Ninetales|Aurora Veil|p1a: Ninetales
|-sidestart|p1: RenegadeArtUtube|move: Aurora Veil
|
|-weather|Snowscape|[upkeep]
|upkeep
|turn|27
|inactive|RenegadeArtUtube has 120 seconds left.
|
|t:|1743793627
|move|p2a: Kingambit|Sucker Punch|p1a: Ninetales
|-resisted|p1a: Ninetales
|-damage|p1a: Ninetales|46/100
|move|p1a: Ninetales|Draining Kiss|p2a: Kingambit
|-damage|p2a: Kingambit|30/100
|-heal|p1a: Ninetales|53/100|[from] drain|[of] p2a: Kingambit
|
|-weather|Snowscape|[upkeep]
|-end|p2a: Kingambit|Encore
|upkeep
|turn|28
|inactive|RenegadeArtUtube has 120 seconds left.
|
|t:|1743793638
|move|p1a: Ninetales|Encore|p2a: Kingambit
|-start|p2a: Kingambit|Encore
|move|p2a: Kingambit|Sucker Punch||[still]
|-fail|p2a: Kingambit
|
|-weather|none
|upkeep
|turn|29
|
|t:|1743793646
|move|p2a: Kingambit|Sucker Punch|p1a: Ninetales
|-resisted|p1a: Ninetales
|-damage|p1a: Ninetales|36/100
|move|p1a: Ninetales|Draining Kiss|p2a: Kingambit
|-damage|p2a: Kingambit|22/100
|-heal|p1a: Ninetales|44/100|[from] drain|[of] p2a: Kingambit
|
|upkeep
|turn|30
|
|t:|1743793660
|move|p2a: Kingambit|Sucker Punch|p1a: Ninetales
|-resisted|p1a: Ninetales
|-damage|p1a: Ninetales|28/100
|move|p1a: Ninetales|Draining Kiss|p2a: Kingambit
|-damage|p2a: Kingambit|13/100
|-heal|p1a: Ninetales|36/100|[from] drain|[of] p2a: Kingambit
|
|-end|p2a: Kingambit|Encore
|upkeep
|turn|31
|
|t:|1743793673
|move|p1a: Ninetales|Encore|p2a: Kingambit
|-start|p2a: Kingambit|Encore
|move|p2a: Kingambit|Sucker Punch||[still]
|-fail|p2a: Kingambit
|
|-end|p2a: Kingambit|Encore
|upkeep
|turn|32
|
|t:|1743793681
|move|p1a: Ninetales|Draining Kiss|p2a: Kingambit
|-damage|p2a: Kingambit|5/100
|-heal|p1a: Ninetales|43/100|[from] drain|[of] p2a: Kingambit
|move|p2a: Kingambit|Iron Head|p1a: Ninetales
|-supereffective|p1a: Ninetales
|-damage|p1a: Ninetales|0 fnt
|faint|p1a: Ninetales
|
|upkeep
|
|t:|1743793691
|switch|p1a: Landorus|Landorus-Therian, M|11/100
|-ability|p1a: Landorus|Intimidate|boost
|-unboost|p2a: Kingambit|atk|1
|turn|33
|
|t:|1743793698
|move|p1a: Landorus|Earthquake|p2a: Kingambit
|-supereffective|p2a: Kingambit
|-damage|p2a: Kingambit|0 fnt
|faint|p2a: Kingambit
|-end|p2a: Kingambit|fallen5|[silent]
|
|win|RenegadeArtUtube
|raw|RenegadeArtUtube's rating: 1576 &rarr; <strong>1596</strong><br />(+20 for winning)
|raw|xAmethystx's rating: 1574 &rarr; <strong>1554</strong><br />(-20 for losing)
|l|☆xAmethystx
|player|p2|
|l|☆RenegadeArtUtube
|player|p1|
|j|☆RenegadeArtUtube
|player|p1|RenegadeArtUtube|gambler|
