|j|☆uniandes5
|j|☆Eliano030
|t:|1743878134
|gametype|singles
|player|p1|uniandes5|266|1521
|player|p2|Eliano030|1|1591
|teamsize|p1|6
|teamsize|p2|6
|gen|9
|tier|[Gen 9] OU
|rated|
|rule|HP Percentage Mod: HP is shown in percentages
|rule|Endless Battle Clause: Forcing endless battles is banned
|rule|Species Clause: Limit one of each Pokémon
|rule|OHKO Clause: OHKO moves are banned
|rule|Evasion Items Clause: Evasion items are banned
|rule|Evasion Moves Clause: Evasion moves are banned
|rule|Sleep Moves Clause: Sleep-inducing moves are banned
|clearpoke
|poke|p1|Torkoal, M|
|poke|p1|Hatterene, F|
|poke|p1|Walking Wake|
|poke|p1|Great Tusk|
|poke|p1|Charizard, M|
|poke|p1|Latias, F|
|poke|p2|Meowscarada, F|
|poke|p2|Cinderace, F|
|poke|p2|Greninja-*, M|
|poke|p2|Garganacl, M|
|poke|p2|Bronzong|
|poke|p2|Donphan, L1, F|
|teampreview
|inactive|Battle timer is ON: inactive players will automatically lose when time's up. (requested by Eliano030)
|inactive|Eliano030 has 120 seconds left.
|
|t:|1743878186
|start
|switch|p1a: Torkoal|Torkoal, M|100/100
|switch|p2a: Goobatron|Donphan, L1, F|100/100
|-weather|SunnyDay|[from] ability: Drought|[of] p1a: Torkoal
|turn|1
|
|t:|1743878197
|move|p1a: Torkoal|Will-O-Wisp|p2a: Goobatron
|-status|p2a: Goobatron|brn
|move|p2a: Goobatron|Sandstorm|p2a: Goobatron
|-weather|Sandstorm
|
|-weather|Sandstorm|[upkeep]
|-damage|p1a: Torkoal|94/100|[from] Sandstorm
|-damage|p2a: Goobatron|93/100 brn|[from] brn
|upkeep
|turn|2
|
|t:|1743878204
|move|p1a: Torkoal|Stealth Rock|p2a: Goobatron
|-sidestart|p2: Eliano030|move: Stealth Rock
|move|p2a: Goobatron|Endeavor|p1a: Torkoal
|-damage|p1a: Torkoal|4/100
|-heal|p2a: Goobatron|100/100 brn|[from] item: Shell Bell|[of] p1a: Torkoal
|
|-weather|Sandstorm|[upkeep]
|-damage|p1a: Torkoal|0 fnt|[from] Sandstorm
|faint|p1a: Torkoal
|-damage|p2a: Goobatron|93/100 brn|[from] brn
|upkeep
|
|t:|1743878216
|switch|p1a: Walking Wake|Walking Wake|100/100
|turn|3
|
|t:|1743878222
|move|p1a: Walking Wake|Knock Off|p2a: Goobatron
|-crit|p2a: Goobatron
|-damage|p2a: Goobatron|0 fnt
|-enditem|p2a: Goobatron|Shell Bell|[from] move: Knock Off|[of] p1a: Walking Wake
|faint|p2a: Goobatron
|
|-weather|Sandstorm|[upkeep]
|-damage|p1a: Walking Wake|94/100|[from] Sandstorm
|upkeep
|
|t:|1743878229
|switch|p2a: Bronthong|Bronzong, shiny|100/100
|-damage|p2a: Bronthong|94/100|[from] Stealth Rock
|turn|4
|
|t:|1743878235
|move|p1a: Walking Wake|Knock Off|p2a: Bronthong
|-supereffective|p2a: Bronthong
|-damage|p2a: Bronthong|61/100
|-enditem|p2a: Bronthong|Leftovers|[from] move: Knock Off|[of] p1a: Walking Wake
|move|p2a: Bronthong|Future Sight|p1a: Walking Wake
|-start|p2a: Bronthong|move: Future Sight
|
|-weather|Sandstorm|[upkeep]
|-damage|p1a: Walking Wake|88/100|[from] Sandstorm
|upkeep
|turn|5
|
|t:|1743878244
|move|p1a: Walking Wake|Flamethrower|p2a: Bronthong
|-supereffective|p2a: Bronthong
|-damage|p2a: Bronthong|22/100
|move|p2a: Bronthong|Gyro Ball|p1a: Walking Wake
|-resisted|p1a: Walking Wake
|-damage|p1a: Walking Wake|64/100
|
|-weather|none
|upkeep
|turn|6
|
|t:|1743878253
|move|p1a: Walking Wake|Knock Off|p2a: Bronthong
|-supereffective|p2a: Bronthong
|-damage|p2a: Bronthong|0 fnt
|faint|p2a: Bronthong
|
|-end|p1a: Walking Wake|move: Future Sight
|-damage|p1a: Walking Wake|36/100
|upkeep
|
|t:|1743878258
|switch|p2a: Mr Frogston|Greninja, M|100/100
|-damage|p2a: Mr Frogston|88/100|[from] Stealth Rock
|turn|7
|
|t:|1743878268
|move|p1a: Walking Wake|Draco Meteor|p2a: Mr Frogston|[miss]
|-miss|p1a: Walking Wake|p2a: Mr Frogston
|move|p2a: Mr Frogston|Dark Pulse|p1a: Walking Wake
|-damage|p1a: Walking Wake|5/100
|
|upkeep
|turn|8
|
|t:|1743878280
|move|p2a: Mr Frogston|Water Shuriken|p1a: Walking Wake
|-resisted|p1a: Walking Wake
|-damage|p1a: Walking Wake|4/100
|-resisted|p1a: Walking Wake
|-damage|p1a: Walking Wake|3/100
|-resisted|p1a: Walking Wake
|-damage|p1a: Walking Wake|1/100
|-resisted|p1a: Walking Wake
|-damage|p1a: Walking Wake|0 fnt
|faint|p1a: Walking Wake
|-end|p1a: Walking Wake|Protosynthesis|[silent]
|-ability|p2a: Mr Frogston|Battle Bond|boost
|-boost|p2a: Mr Frogston|atk|1
|-boost|p2a: Mr Frogston|spa|1
|-boost|p2a: Mr Frogston|spe|1
|-activate|p2a: Mr Frogston|ability: Battle Bond
|-hitcount|p1: Walking Wake|4
|
|upkeep
|
|t:|1743878289
|switch|p1a: Hatterene|Hatterene, F|100/100
|turn|9
|
|t:|1743878292
|move|p2a: Mr Frogston|Hydro Pump|p1a: Hatterene
|-damage|p1a: Hatterene|11/100
|-enditem|p1a: Hatterene|Eject Button
|
|t:|1743878301
|switch|p1a: Latias|Latias, F|100/100
|
|upkeep
|turn|10
|
|t:|1743878309
|-terastallize|p1a: Latias|Electric
|move|p2a: Mr Frogston|Dark Pulse|p1a: Latias
|-damage|p1a: Latias|57/100
|move|p1a: Latias|Agility|p1a: Latias
|-boost|p1a: Latias|spe|2
|
|upkeep
|turn|11
|
|t:|1743878321
|-terastallize|p2a: Mr Frogston|Water
|move|p2a: Mr Frogston|Water Shuriken|p1a: Latias
|-damage|p1a: Latias|45/100
|-damage|p1a: Latias|35/100
|-damage|p1a: Latias|24/100
|-damage|p1a: Latias|13/100
|-hitcount|p1a: Latias|4
|move|p1a: Latias|Calm Mind|p1a: Latias
|-boost|p1a: Latias|spa|1
|-boost|p1a: Latias|spd|1
|
|upkeep
|turn|12
|-message|uniandes5 forfeited.
|
|win|Eliano030
|raw|uniandes5's rating: 1521 &rarr; <strong>1505</strong><br />(-16 for losing)
|raw|Eliano030's rating: 1591 &rarr; <strong>1607</strong><br />(+16 for winning)
|l|☆uniandes5
|player|p1|
|l|☆Eliano030
|player|p2|
