|j|☆deebeeweebee
|j|☆iospix
|t:|1743841595
|gametype|singles
|player|p1|deebeeweebee|2|1212
|player|p2|iospix|2|1265
|teamsize|p1|6
|teamsize|p2|6
|gen|9
|tier|[Gen 9] OU
|rated|
|rule|HP Percentage Mod: HP is shown in percentages
|rule|Endless Battle Clause: Forcing endless battles is banned
|rule|Species Clause: Limit one of each Pokémon
|rule|OHKO Clause: OHKO moves are banned
|rule|Evasion Items Clause: Evasion items are banned
|rule|Evasion Moves Clause: Evasion moves are banned
|rule|Sleep Moves Clause: Sleep-inducing moves are banned
|clearpoke
|poke|p1|Orthworm, F|
|poke|p1|Clodsire, F|
|poke|p1|Pecharunt|
|poke|p1|Great Tusk|
|poke|p1|Slowking, F|
|poke|p1|Weavile, F|
|poke|p2|Araquanid, F|
|poke|p2|Iron Treads|
|poke|p2|Cinderace, M|
|poke|p2|Kingambit, M|
|poke|p2|Pecharunt|
|poke|p2|Dragonite, F|
|teampreview
|
|t:|1743841600
|start
|switch|p1a: Pecharunt|Pecharunt|100/100
|switch|p2a: Araquanid|Araquanid, F, shiny|100/100
|turn|1
|inactive|Battle timer is ON: inactive players will automatically lose when time's up. (requested by iospix)
|
|t:|1743841608
|move|p1a: Pecharunt|Malignant Chain|p2a: Araquanid
|-damage|p2a: Araquanid|75/100
|-status|p2a: Araquanid|tox
|-start|p2a: Araquanid|confusion|[from] ability: Poison Puppeteer|[of] p1a: Pecharunt
|-activate|p2a: Araquanid|confusion
|-damage|p2a: Araquanid|70/100 tox|[from] confusion
|
|-damage|p2a: Araquanid|63/100 tox|[from] psn
|upkeep
|turn|2
|
|t:|1743841620
|move|p1a: Pecharunt|Hex|p2a: Araquanid
|-damage|p2a: Araquanid|32/100 tox
|-activate|p2a: Araquanid|confusion
|-damage|p2a: Araquanid|26/100 tox|[from] confusion
|
|-damage|p2a: Araquanid|14/100 tox|[from] psn
|upkeep
|turn|3
|
|t:|1743841627
|move|p1a: Pecharunt|Hex|p2a: Araquanid
|-damage|p2a: Araquanid|0 fnt
|faint|p2a: Araquanid
|
|upkeep
|
|t:|1743841638
|switch|p2a: Kingambit|Kingambit, M|100/100
|-activate|p2a: Kingambit|ability: Supreme Overlord
|-start|p2a: Kingambit|fallen1|[silent]
|turn|4
|
|t:|1743841642
|switch|p1a: Orthworm|Orthworm, F, shiny|100/100
|move|p2a: Kingambit|Swords Dance|p2a: Kingambit
|-boost|p2a: Kingambit|atk|2
|
|upkeep
|turn|5
|
|t:|1743841653
|-terastallize|p2a: Kingambit|Dark
|move|p2a: Kingambit|Kowtow Cleave|p1a: Orthworm
|-damage|p1a: Orthworm|0 fnt
|-damage|p2a: Kingambit|84/100|[from] item: Rocky Helmet|[of] p1a: Orthworm
|faint|p1a: Orthworm
|
|upkeep
|
|t:|1743841670
|switch|p1a: Great Tusk|Great Tusk, shiny|100/100
|turn|6
|
|t:|1743841674
|-end|p2a: Kingambit|fallen1|[silent]
|switch|p2a: Pecharunt|Pecharunt|100/100
|-item|p2a: Pecharunt|Air Balloon
|move|p1a: Great Tusk|Headlong Rush|p2a: Pecharunt
|-immune|p2a: Pecharunt
|
|upkeep
|turn|7
|
|t:|1743841690
|-terastallize|p1a: Great Tusk|Steel
|move|p2a: Pecharunt|Nasty Plot|p2a: Pecharunt
|-boost|p2a: Pecharunt|spa|2
|move|p1a: Great Tusk|Knock Off|p2a: Pecharunt
|-supereffective|p2a: Pecharunt
|-damage|p2a: Pecharunt|48/100
|-enditem|p2a: Pecharunt|Air Balloon
|
|upkeep
|turn|8
|
|t:|1743841710
|move|p2a: Pecharunt|Shadow Ball|p1a: Great Tusk
|-damage|p1a: Great Tusk|5/100
|move|p1a: Great Tusk|Ice Spinner|p2a: Pecharunt
|-damage|p2a: Pecharunt|27/100
|
|upkeep
|turn|9
|
|t:|1743841725
|-end|p1a: Great Tusk|Protosynthesis|[silent]
|switch|p1a: Clodsire|Clodsire, F, shiny|100/100
|move|p2a: Pecharunt|Shadow Ball|p1a: Clodsire
|-damage|p1a: Clodsire|83/100
|
|upkeep
|turn|10
|
|t:|1743841734
|switch|p2a: Iron Treads|Iron Treads|100/100
|-enditem|p2a: Iron Treads|Booster Energy
|-activate|p2a: Iron Treads|ability: Quark Drive|[fromitem]
|-start|p2a: Iron Treads|quarkdriveatk
|move|p1a: Clodsire|Earthquake|p2a: Iron Treads
|-supereffective|p2a: Iron Treads
|-damage|p2a: Iron Treads|55/100
|
|upkeep
|turn|11
|
|t:|1743841756
|switch|p1a: Slowking|Slowking, F, shiny|100/100
|move|p2a: Iron Treads|Earthquake|p1a: Slowking
|-damage|p1a: Slowking|26/100
|
|upkeep
|turn|12
|
|t:|1743841767
|move|p2a: Iron Treads|Earthquake|p1a: Slowking
|-damage|p1a: Slowking|0 fnt
|faint|p1a: Slowking
|
|upkeep
|
|t:|1743841769
|switch|p1a: Weavile|Weavile, F, shiny|100/100
|-ability|p1a: Weavile|Pressure
|turn|13
|
|t:|1743841774
|move|p1a: Weavile|Knock Off|p2a: Iron Treads
|-damage|p2a: Iron Treads|24/100
|move|p2a: Iron Treads|Rapid Spin|p1a: Weavile
|-damage|p1a: Weavile|65/100
|-boost|p2a: Iron Treads|spe|1
|
|upkeep
|turn|14
|
|t:|1743841779
|move|p1a: Weavile|Ice Shard|p2a: Iron Treads
|-damage|p2a: Iron Treads|5/100
|move|p2a: Iron Treads|Iron Head|p1a: Weavile
|-supereffective|p1a: Weavile
|-damage|p1a: Weavile|0 fnt
|faint|p1a: Weavile
|
|upkeep
|
|t:|1743841785
|switch|p1a: Pecharunt|Pecharunt|100/100
|turn|15
|
|t:|1743841788
|move|p2a: Iron Treads|Earthquake|p1a: Pecharunt
|-supereffective|p1a: Pecharunt
|-damage|p1a: Pecharunt|38/100
|move|p1a: Pecharunt|Hex|p2a: Iron Treads
|-damage|p2a: Iron Treads|0 fnt
|faint|p2a: Iron Treads
|-end|p2a: Iron Treads|Quark Drive|[silent]
|
|upkeep
|-message|deebeeweebee forfeited.
|
|win|iospix
|raw|deebeeweebee's rating: 1212 &rarr; <strong>1191</strong><br />(-21 for losing)
|raw|iospix's rating: 1265 &rarr; <strong>1286</strong><br />(+21 for winning)
|l|☆deebeeweebee
|player|p1|
|l|☆iospix
|player|p2|
