|j|☆Princessjosie1001
|j|☆styreiz le fourbe
|t:|1743788967
|gametype|singles
|player|p1|Princessjosie1001|nurse|1452
|player|p2|styreiz le fourbe|101|1492
|teamsize|p1|6
|teamsize|p2|6
|gen|9
|tier|[Gen 9] OU
|rated|
|rule|HP Percentage Mod: HP is shown in percentages
|rule|Endless Battle Clause: Forcing endless battles is banned
|rule|Species Clause: Limit one of each Pokémon
|rule|OHKO Clause: OHKO moves are banned
|rule|Evasion Items Clause: Evasion items are banned
|rule|Evasion Moves Clause: Evasion moves are banned
|rule|Sleep Moves Clause: Sleep-inducing moves are banned
|clearpoke
|poke|p1|Cinderace, F|
|poke|p1|Cloyster, M|
|poke|p1|Hatterene, F|
|poke|p1|Espeon, M|
|poke|p1|Jirachi|
|poke|p1|Yanmega, F|
|poke|p2|Pelipper, F|
|poke|p2|Manaphy|
|poke|p2|Raging Bolt|
|poke|p2|Iron Treads|
|poke|p2|Dragapult, F|
|poke|p2|Gholdengo|
|teampreview
|
|t:|1743788982
|start
|switch|p1a: Yanmega|Yanmega, F|100/100
|switch|p2a: Raging Bolt|Raging Bolt|100/100
|turn|1
|inactive|Battle timer is ON: inactive players will automatically lose when time's up. (requested by styreiz le fourbe)
|
|t:|1743788989
|switch|p1a: No hazard allowed|Espeon, M|100/100
|move|p2a: Raging Bolt|Volt Switch|p1a: No hazard allowed
|-damage|p1a: No hazard allowed|12/100
|
|t:|1743788999
|-end|p2a: Raging Bolt|Protosynthesis|[silent]
|switch|p2a: Dragapult|Dragapult, F|100/100|[from] Volt Switch
|
|upkeep
|turn|2
|
|t:|1743789006
|move|p1a: No hazard allowed|Thunder Wave|p2a: Dragapult
|-status|p2a: Dragapult|par
|move|p2a: Dragapult|Hex|p1a: No hazard allowed
|-supereffective|p1a: No hazard allowed
|-damage|p1a: No hazard allowed|0 fnt
|faint|p1a: No hazard allowed
|
|upkeep
|
|t:|1743789014
|switch|p1a: Yanmega|Yanmega, F|100/100
|turn|3
|
|t:|1743789018
|move|p1a: Yanmega|Air Slash|p2a: Dragapult
|-damage|p2a: Dragapult|32/100 par
|-damage|p1a: Yanmega|91/100|[from] item: Life Orb
|move|p2a: Dragapult|Dragon Darts|p1a: Yanmega
|-damage|p1a: Yanmega|66/100
|-anim|p2a: Dragapult|Dragon Darts|p1a: Yanmega
|-damage|p1a: Yanmega|40/100
|
|-heal|p2a: Dragapult|38/100 par|[from] item: Leftovers
|-ability|p1a: Yanmega|Speed Boost|boost
|-boost|p1a: Yanmega|spe|1
|upkeep
|turn|4
|
|t:|1743789030
|move|p1a: Yanmega|Air Slash|p2a: Dragapult|[miss]
|-miss|p1a: Yanmega|p2a: Dragapult
|cant|p2a: Dragapult|par
|
|-heal|p2a: Dragapult|43/100 par|[from] item: Leftovers
|-ability|p1a: Yanmega|Speed Boost|boost
|-boost|p1a: Yanmega|spe|1
|upkeep
|turn|5
|
|t:|1743789038
|move|p1a: Yanmega|Air Slash|p2a: Dragapult
|-crit|p2a: Dragapult
|-damage|p2a: Dragapult|0 fnt
|faint|p2a: Dragapult
|-damage|p1a: Yanmega|31/100|[from] item: Life Orb
|
|-ability|p1a: Yanmega|Speed Boost|boost
|-boost|p1a: Yanmega|spe|1
|upkeep
|
|t:|1743789056
|switch|p2a: Iron Treads|Iron Treads|100/100
|turn|6
|
|t:|1743789062
|switch|p1a: Hatterene|Hatterene, F|100/100
|move|p2a: Iron Treads|Ice Spinner|p1a: Hatterene
|-damage|p1a: Hatterene|64/100
|
|upkeep
|turn|7
|
|t:|1743789072
|move|p2a: Iron Treads|Volt Switch|p1a: Hatterene
|-damage|p1a: Hatterene|53/100
|
|t:|1743789081
|-end|p2a: Iron Treads|Quark Drive|[silent]
|switch|p2a: Gholdengo|Gholdengo|100/100|[from] Volt Switch
|move|p1a: Hatterene|Mystical Fire|p2a: Gholdengo
|-supereffective|p2a: Gholdengo
|-damage|p2a: Gholdengo|49/100
|
|upkeep
|turn|8
|
|t:|1743789091
|move|p2a: Gholdengo|Shadow Ball|p1a: Hatterene
|-supereffective|p1a: Hatterene
|-damage|p1a: Hatterene|0 fnt
|faint|p1a: Hatterene
|
|upkeep
|
|t:|1743789102
|switch|p1a: Cloyster|Cloyster, M|100/100
|turn|9
|
|t:|1743789109
|move|p1a: Cloyster|Shell Smash|p1a: Cloyster
|-unboost|p1a: Cloyster|def|1
|-unboost|p1a: Cloyster|spd|1
|-boost|p1a: Cloyster|atk|2
|-boost|p1a: Cloyster|spa|2
|-boost|p1a: Cloyster|spe|2
|move|p2a: Gholdengo|Recover|p2a: Gholdengo
|-heal|p2a: Gholdengo|99/100
|
|upkeep
|turn|10
|
|t:|1743789118
|move|p1a: Cloyster|Shell Smash|p1a: Cloyster
|-unboost|p1a: Cloyster|def|1
|-unboost|p1a: Cloyster|spd|1
|-boost|p1a: Cloyster|atk|2
|-boost|p1a: Cloyster|spa|2
|-boost|p1a: Cloyster|spe|2
|move|p2a: Gholdengo|Shadow Ball|p1a: Cloyster
|-enditem|p1a: Cloyster|Focus Sash
|-damage|p1a: Cloyster|1/100
|
|upkeep
|turn|11
|
|t:|1743789129
|-terastallize|p1a: Cloyster|Ice
|move|p1a: Cloyster|Icicle Spear|p2a: Gholdengo
|-resisted|p2a: Gholdengo
|-damage|p2a: Gholdengo|81/100
|-resisted|p2a: Gholdengo
|-damage|p2a: Gholdengo|63/100
|-resisted|p2a: Gholdengo
|-damage|p2a: Gholdengo|45/100
|-resisted|p2a: Gholdengo
|-damage|p2a: Gholdengo|27/100
|-resisted|p2a: Gholdengo
|-damage|p2a: Gholdengo|11/100
|-hitcount|p2a: Gholdengo|5
|move|p2a: Gholdengo|Shadow Ball|p1a: Cloyster
|-damage|p1a: Cloyster|0 fnt
|faint|p1a: Cloyster
|
|upkeep
|
|t:|1743789143
|switch|p1a: Yanmega|Yanmega, F|31/100
|turn|12
|
|t:|1743789149
|move|p1a: Yanmega|Air Slash|p2a: Gholdengo
|-resisted|p2a: Gholdengo
|-damage|p2a: Gholdengo|0 fnt
|faint|p2a: Gholdengo
|-damage|p1a: Yanmega|21/100|[from] item: Life Orb
|
|-ability|p1a: Yanmega|Speed Boost|boost
|-boost|p1a: Yanmega|spe|1
|upkeep
|
|t:|1743789157
|switch|p2a: Iron Treads|Iron Treads|100/100
|turn|13
|
|t:|1743789161
|move|p1a: Yanmega|Air Slash|p2a: Iron Treads
|-resisted|p2a: Iron Treads
|-damage|p2a: Iron Treads|75/100
|-damage|p1a: Yanmega|11/100|[from] item: Life Orb
|move|p2a: Iron Treads|Rapid Spin|p1a: Yanmega
|-damage|p1a: Yanmega|0 fnt
|-boost|p2a: Iron Treads|spe|1
|faint|p1a: Yanmega
|
|upkeep
|
|t:|1743789169
|switch|p1a: Cinderace|Cinderace, F|100/100
|turn|14
|
|t:|1743789182
|move|p1a: Cinderace|Pyro Ball|p2a: Iron Treads
|-supereffective|p2a: Iron Treads
|-damage|p2a: Iron Treads|0 fnt
|faint|p2a: Iron Treads
|-end|p2a: Iron Treads|Quark Drive|[silent]
|
|upkeep
|
|t:|1743789188
|switch|p2a: Pelipper|Pelipper, F|100/100
|-weather|RainDance|[from] ability: Drizzle|[of] p2a: Pelipper
|turn|15
|
|t:|1743789193
|switch|p1a: Jirachi|Jirachi|100/100
|move|p2a: Pelipper|Surf|p1a: Jirachi
|-damage|p1a: Jirachi|54/100
|
|-weather|RainDance|[upkeep]
|upkeep
|turn|16
|
|t:|1743789200
|move|p1a: Jirachi|Iron Head|p2a: Pelipper
|-resisted|p2a: Pelipper
|-damage|p2a: Pelipper|86/100
|move|p2a: Pelipper|U-turn|p1a: Jirachi
|-damage|p1a: Jirachi|45/100
|
|t:|1743789207
|switch|p2a: Raging Bolt|Raging Bolt|100/100|[from] U-turn
|
|-weather|RainDance|[upkeep]
|upkeep
|turn|17
|-message|Princessjosie1001 forfeited.
|
|win|styreiz le fourbe
|raw|Princessjosie1001's rating: 1452 &rarr; <strong>1434</strong><br />(-18 for losing)
|raw|styreiz le fourbe's rating: 1492 &rarr; <strong>1510</strong><br />(+18 for winning)
|l|☆Princessjosie1001
|player|p1|
|l|☆styreiz le fourbe
|player|p2|
