|badge|p1|bronze|gen9ou|100-5
|uhtml|medal-msg|<div class="broadcast-blue">Curious what those medals under the avatar are? PS now has Ladder Seasons! For more information, check out the <a href="https://www.smogon.com/forums/threads/3740067/">thread on Smogon.</a></div>
|badge|p2|bronze|gen9ou|100-5
|uhtml|medal-msg|<div class="broadcast-blue">Curious what those medals under the avatar are? PS now has Ladder Seasons! For more information, check out the <a href="https://www.smogon.com/forums/threads/3740067/">thread on Smogon.</a></div>
|j|☆Prav33n
|j|☆mr.diversity
|t:|1743813721
|gametype|singles
|player|p1|Prav33n|koga|1870
|player|p2|mr.diversity|bruno|1885
|teamsize|p1|6
|teamsize|p2|6
|gen|9
|tier|[Gen 9] OU
|rated|
|rule|HP Percentage Mod: HP is shown in percentages
|rule|Endless Battle Clause: Forcing endless battles is banned
|rule|Species Clause: Limit one of each Pokémon
|rule|OHKO Clause: OHKO moves are banned
|rule|Evasion Items Clause: Evasion items are banned
|rule|Evasion Moves Clause: Evasion moves are banned
|rule|Sleep Moves Clause: Sleep-inducing moves are banned
|clearpoke
|poke|p1|Ogerpon-Wellspring, F|
|poke|p1|Darkrai|
|poke|p1|Hatterene, F|
|poke|p1|Landorus-Therian, M|
|poke|p1|Dragonite, F|
|poke|p1|Zamazenta-*|
|poke|p2|Landorus-Therian, M|
|poke|p2|Cinderace, F|
|poke|p2|Great Tusk|
|poke|p2|Heatran, F|
|poke|p2|Clodsire, M|
|poke|p2|Armarouge, M|
|teampreview
|inactive|Battle timer is ON: inactive players will automatically lose when time's up. (requested by mr.diversity)
|
|t:|1743813741
|start
|switch|p1a: Landorus|Landorus-Therian, M|100/100
|switch|p2a: Cinderace|Cinderace, F|100/100
|-ability|p1a: Landorus|Intimidate|boost
|-unboost|p2a: Cinderace|atk|1
|turn|1
|j| Duke Guy
|
|t:|1743813752
|switch|p2a: Great Tusk|Great Tusk|100/100
|-enditem|p2a: Great Tusk|Booster Energy
|-activate|p2a: Great Tusk|ability: Protosynthesis|[fromitem]
|-start|p2a: Great Tusk|protosynthesisatk
|move|p1a: Landorus|Stealth Rock|p2a: Great Tusk
|-sidestart|p2: mr.diversity|move: Stealth Rock
|
|upkeep
|turn|2
|
|t:|1743813764
|move|p1a: Landorus|Earthquake|p2a: Great Tusk
|-damage|p2a: Great Tusk|71/100
|move|p2a: Great Tusk|Rapid Spin|p1a: Landorus
|-damage|p1a: Landorus|76/100
|-boost|p2a: Great Tusk|spe|1
|-damage|p2a: Great Tusk|54/100|[from] item: Rocky Helmet|[of] p1a: Landorus
|-sideend|p2: mr.diversity|Stealth Rock|[from] move: Rapid Spin|[of] p2a: Great Tusk
|
|upkeep
|turn|3
|
|t:|1743813773
|switch|p1a: Zamazenta|Zamazenta|100/100
|-ability|p1a: Zamazenta|Dauntless Shield|boost
|-boost|p1a: Zamazenta|def|1
|move|p2a: Great Tusk|Ice Spinner|p1a: Zamazenta
|-damage|p1a: Zamazenta|83/100
|
|upkeep
|turn|4
|
|t:|1743813783
|-end|p2a: Great Tusk|Protosynthesis|[silent]
|switch|p2a: Armarouge|Armarouge, M|100/100
|switch|p1a: Landorus|Landorus-Therian, M|76/100
|-ability|p1a: Landorus|Intimidate|boost
|-unboost|p2a: Armarouge|atk|1
|
|upkeep
|turn|5
|j| ichigo39
|
|t:|1743813791
|switch|p1a: Hatterene|Hatterene, F|100/100
|switch|p2a: Great Tusk|Great Tusk|54/100
|
|upkeep
|turn|6
|
|t:|1743813797
|-end|p2a: Great Tusk|Protosynthesis|[silent]
|switch|p2a: Heatran|Heatran, F|100/100
|move|p1a: Hatterene|Nuzzle|p2a: Heatran
|-damage|p2a: Heatran|97/100
|-status|p2a: Heatran|par
|
|upkeep
|turn|7
|j| Kingo123456789
|inactive|Prav33n has 120 seconds left.
|
|t:|1743813827
|switch|p1a: Darkrai|Darkrai|100/100
|move|p2a: Heatran|Magma Storm|p1a: Darkrai|[miss]
|-miss|p2a: Heatran|p1a: Darkrai
|
|upkeep
|turn|8
|
|t:|1743813831
|move|p1a: Darkrai|Dark Pulse|p2a: Heatran
|-damage|p2a: Heatran|59/100 par
|move|p2a: Heatran|Magma Storm|p1a: Darkrai
|-damage|p1a: Darkrai|0 fnt
|faint|p1a: Darkrai
|
|upkeep
|inactive|Prav33n has 120 seconds left.
|
|t:|1743813849
|switch|p1a: Landorus|Landorus-Therian, M|76/100
|-ability|p1a: Landorus|Intimidate|boost
|-unboost|p2a: Heatran|atk|1
|turn|9
|
|t:|1743813855
|switch|p2a: Great Tusk|Great Tusk|54/100
|move|p1a: Landorus|Stealth Rock|p2a: Great Tusk
|-sidestart|p2: mr.diversity|move: Stealth Rock
|
|upkeep
|turn|10
|
|t:|1743813858
|move|p1a: Landorus|Earthquake|p2a: Great Tusk
|-damage|p2a: Great Tusk|24/100
|move|p2a: Great Tusk|Rapid Spin|p1a: Landorus
|-damage|p1a: Landorus|60/100
|-boost|p2a: Great Tusk|spe|1
|-damage|p2a: Great Tusk|8/100|[from] item: Rocky Helmet|[of] p1a: Landorus
|-sideend|p2: mr.diversity|Stealth Rock|[from] move: Rapid Spin|[of] p2a: Great Tusk
|
|upkeep
|turn|11
|
|t:|1743813863
|switch|p1a: Ogerpon|Ogerpon-Wellspring, F|100/100
|move|p2a: Great Tusk|Ice Spinner|p1a: Ogerpon
|-damage|p1a: Ogerpon|61/100
|
|upkeep
|turn|12
|
|t:|1743813865
|switch|p1a: Landorus|Landorus-Therian, M|60/100
|-ability|p1a: Landorus|Intimidate|boost
|-unboost|p2a: Great Tusk|atk|1
|move|p2a: Great Tusk|Close Combat|p1a: Landorus
|-resisted|p1a: Landorus
|-damage|p1a: Landorus|41/100
|-unboost|p2a: Great Tusk|def|1
|-unboost|p2a: Great Tusk|spd|1
|-damage|p2a: Great Tusk|0 fnt|[from] item: Rocky Helmet|[of] p1a: Landorus
|faint|p2a: Great Tusk
|-end|p2a: Great Tusk|Protosynthesis|[silent]
|
|upkeep
|
|t:|1743813867
|switch|p2a: Cinderace|Cinderace, F|100/100
|turn|13
|
|t:|1743813886
|switch|p1a: Hatterene|Hatterene, F|100/100
|move|p2a: Cinderace|Pyro Ball|p1a: Hatterene
|-damage|p1a: Hatterene|2/100
|
|upkeep
|turn|14
|
|t:|1743813889
|move|p2a: Cinderace|Pyro Ball|p1a: Hatterene
|-damage|p1a: Hatterene|0 fnt
|faint|p1a: Hatterene
|
|upkeep
|
|t:|1743813893
|switch|p1a: Zamazenta|Zamazenta|83/100
|turn|15
|
|t:|1743813896
|switch|p2a: Armarouge|Armarouge, M|100/100
|move|p1a: Zamazenta|Iron Defense|p1a: Zamazenta
|-boost|p1a: Zamazenta|def|2
|
|upkeep
|turn|16
|
|t:|1743813910
|switch|p1a: Dragonite|Dragonite, F, shiny|100/100
|move|p2a: Armarouge|Armor Cannon|p1a: Dragonite
|-resisted|p1a: Dragonite
|-damage|p1a: Dragonite|85/100
|-unboost|p2a: Armarouge|def|1
|-unboost|p2a: Armarouge|spd|1
|
|upkeep
|turn|17
|
|t:|1743813914
|switch|p2a: Landorus|Landorus-Therian, M|100/100
|-ability|p2a: Landorus|Intimidate|boost
|-unboost|p1a: Dragonite|atk|1
|move|p1a: Dragonite|Dragon Dance|p1a: Dragonite
|-boost|p1a: Dragonite|atk|1
|-boost|p1a: Dragonite|spe|1
|
|upkeep
|turn|18
|
|t:|1743813931
|move|p1a: Dragonite|Dragon Dance|p1a: Dragonite
|-boost|p1a: Dragonite|atk|1
|-boost|p1a: Dragonite|spe|1
|move|p2a: Landorus|Stone Edge|p1a: Dragonite|[miss]
|-miss|p2a: Landorus|p1a: Dragonite
|
|upkeep
|turn|19
|
|t:|1743813943
|-terastallize|p1a: Dragonite|Flying
|move|p1a: Dragonite|Tera Blast|p2a: Landorus|[anim] Tera Blast Flying
|-damage|p2a: Landorus|5/100
|move|p2a: Landorus|Stone Edge|p1a: Dragonite
|-supereffective|p1a: Dragonite
|-damage|p1a: Dragonite|0 fnt
|faint|p1a: Dragonite
|
|upkeep
|inactive|Prav33n has 120 seconds left.
|l| Kingo123456789
|
|t:|1743813969
|switch|p1a: Zamazenta|Zamazenta|83/100
|turn|20
|j| Beauty SIeep
|
|t:|1743813973
|switch|p2a: Armarouge|Armarouge, M|100/100
|move|p1a: Zamazenta|Iron Defense|p1a: Zamazenta
|-boost|p1a: Zamazenta|def|2
|
|upkeep
|turn|21
|
|t:|1743813985
|switch|p1a: Ogerpon|Ogerpon-Wellspring, F|61/100
|move|p2a: Armarouge|Armor Cannon|p1a: Ogerpon
|-damage|p1a: Ogerpon|0 fnt
|-unboost|p2a: Armarouge|def|1
|-unboost|p2a: Armarouge|spd|1
|faint|p1a: Ogerpon
|
|upkeep
|
|t:|1743813990
|switch|p1a: Landorus|Landorus-Therian, M|41/100
|-ability|p1a: Landorus|Intimidate|boost
|-unboost|p2a: Armarouge|atk|1
|turn|22
|
|t:|1743813994
|move|p2a: Armarouge|Endure|p2a: Armarouge
|-singleturn|p2a: Armarouge|move: Endure
|move|p1a: Landorus|Stealth Rock|p2a: Armarouge
|-sidestart|p2: mr.diversity|move: Stealth Rock
|
|upkeep
|turn|23
|
|t:|1743813998
|switch|p2a: Landorus|Landorus-Therian, M|5/100
|-damage|p2a: Landorus|0 fnt|[from] Stealth Rock
|faint|p2a: Landorus
|move|p1a: Landorus|Earthquake|p2: Landorus|[notarget]
|-fail|p1a: Landorus
|
|upkeep
|
|t:|1743813999
|switch|p2a: Cinderace|Cinderace, F|100/100
|-damage|p2a: Cinderace|76/100|[from] Stealth Rock
|turn|24
|
|t:|1743814003
|move|p2a: Cinderace|Pyro Ball|p1a: Landorus|[miss]
|-miss|p2a: Cinderace|p1a: Landorus
|move|p1a: Landorus|Stealth Rock||[still]
|-fail|p1a: Landorus
|
|upkeep
|turn|25
|
|t:|1743814005
|move|p2a: Cinderace|Pyro Ball|p1a: Landorus
|-damage|p1a: Landorus|0 fnt
|faint|p1a: Landorus
|
|upkeep
|
|t:|1743814007
|switch|p1a: Zamazenta|Zamazenta|83/100
|turn|26
|
|t:|1743814009
|move|p1a: Zamazenta|Iron Defense|p1a: Zamazenta
|-boost|p1a: Zamazenta|def|2
|move|p2a: Cinderace|Pyro Ball|p1a: Zamazenta
|-damage|p1a: Zamazenta|50/100
|
|upkeep
|turn|27
|
|t:|1743814011
|move|p1a: Zamazenta|Iron Defense|p1a: Zamazenta
|-boost|p1a: Zamazenta|def|2
|move|p2a: Cinderace|Pyro Ball|p1a: Zamazenta
|-damage|p1a: Zamazenta|29/100
|
|upkeep
|turn|28
|
|t:|1743814018
|move|p1a: Zamazenta|Rest|p1a: Zamazenta
|-status|p1a: Zamazenta|slp|[from] move: Rest
|-heal|p1a: Zamazenta|100/100 slp|[silent]
|-enditem|p1a: Zamazenta|Chesto Berry|[eat]
|-curestatus|p1a: Zamazenta|slp|[msg]
|move|p2a: Cinderace|Pyro Ball|p1a: Zamazenta
|-damage|p1a: Zamazenta|80/100
|
|upkeep
|turn|29
|
|t:|1743814020
|move|p1a: Zamazenta|Body Press|p2a: Cinderace
|-damage|p2a: Cinderace|0 fnt
|faint|p2a: Cinderace
|
|upkeep
|
|t:|1743814022
|switch|p2a: Heatran|Heatran, F|59/100 par
|-damage|p2a: Heatran|46/100 par|[from] Stealth Rock
|turn|30
|l| Beauty SIeep
|
|t:|1743814024
|move|p1a: Zamazenta|Body Press|p2a: Heatran
|-supereffective|p2a: Heatran
|-damage|p2a: Heatran|0 fnt
|faint|p2a: Heatran
|
|upkeep
|
|t:|1743814026
|switch|p2a: Armarouge|Armarouge, M|100/100
|-damage|p2a: Armarouge|76/100|[from] Stealth Rock
|turn|31
|
|t:|1743814035
|-terastallize|p2a: Armarouge|Ghost
|move|p1a: Zamazenta|Iron Defense|p1a: Zamazenta
|-boost|p1a: Zamazenta|def|2
|move|p2a: Armarouge|Armor Cannon|p1a: Zamazenta
|-damage|p1a: Zamazenta|29/100
|-unboost|p2a: Armarouge|def|1
|-unboost|p2a: Armarouge|spd|1
|
|upkeep
|turn|32
|
|t:|1743814046
|switch|p2a: Clodsire|Clodsire, M|100/100
|-damage|p2a: Clodsire|94/100|[from] Stealth Rock
|move|p1a: Zamazenta|Iron Defense|p1a: Zamazenta
|-boost|p1a: Zamazenta|def|0
|
|-heal|p2a: Clodsire|100/100|[from] item: Leftovers
|upkeep
|turn|33
|
|t:|1743814049
|move|p1a: Zamazenta|Body Press|p2a: Clodsire
|-resisted|p2a: Clodsire
|-damage|p2a: Clodsire|24/100
|move|p2a: Clodsire|Toxic|p1a: Zamazenta
|-status|p1a: Zamazenta|tox
|
|-heal|p2a: Clodsire|30/100|[from] item: Leftovers
|-damage|p1a: Zamazenta|23/100 tox|[from] psn
|upkeep
|turn|34
|
|t:|1743814073
|switch|p2a: Armarouge|Armarouge, M, tera:Ghost|76/100
|-damage|p2a: Armarouge|64/100|[from] Stealth Rock
|move|p1a: Zamazenta|Rest|p1a: Zamazenta
|-status|p1a: Zamazenta|slp|[from] move: Rest
|-heal|p1a: Zamazenta|100/100 slp|[silent]
|
|upkeep
|turn|35
|
|t:|1743814075
|cant|p1a: Zamazenta|slp
|move|p2a: Armarouge|Armor Cannon|p1a: Zamazenta
|-damage|p1a: Zamazenta|51/100 slp
|-unboost|p2a: Armarouge|def|1
|-unboost|p2a: Armarouge|spd|1
|
|upkeep
|turn|36
|
|t:|1743814079
|cant|p1a: Zamazenta|slp
|move|p2a: Armarouge|Armor Cannon|p1a: Zamazenta
|-damage|p1a: Zamazenta|0 fnt
|-unboost|p2a: Armarouge|def|1
|-unboost|p2a: Armarouge|spd|1
|faint|p1a: Zamazenta
|
|win|mr.diversity
|raw|Prav33n's rating: 1870 &rarr; <strong>1851</strong><br />(-19 for losing)
|raw|mr.diversity's rating: 1885 &rarr; <strong>1904</strong><br />(+19 for winning)
|l|☆Prav33n
|player|p1|
|l|☆mr.diversity
|player|p2|
|l| Duke Guy
