|j|☆reezyyy
|j|☆quetzuma
|t:|1743865222
|gametype|singles
|player|p1|reezyyy|169|1395
|player|p2|quetzuma|swimmer-gen4dp|1412
|teamsize|p1|6
|teamsize|p2|6
|gen|9
|tier|[Gen 9] OU
|rated|
|rule|HP Percentage Mod: HP is shown in percentages
|rule|Endless Battle Clause: Forcing endless battles is banned
|rule|Species Clause: Limit one of each Pokémon
|rule|OHKO Clause: OHKO moves are banned
|rule|Evasion Items Clause: Evasion items are banned
|rule|Evasion Moves Clause: Evasion moves are banned
|rule|Sleep Moves Clause: Sleep-inducing moves are banned
|clearpoke
|poke|p1|Hatterene, F|
|poke|p1|Azumarill, M|
|poke|p1|Metagross|
|poke|p1|Moltres|
|poke|p1|Meowscarada, M|
|poke|p1|Landorus-Therian, M|
|poke|p2|Quaquaval, M|
|poke|p2|Cinderace, F|
|poke|p2|Ting-Lu|
|poke|p2|Deoxys-Defense|
|poke|p2|Skarmory, F|
|poke|p2|Dragapult, F|
|teampreview
|inactive|Battle timer is ON: inactive players will automatically lose when time's up. (requested by quetzuma)
|
|t:|1743865254
|start
|switch|p1a: Meowscarada|Meowscarada, M|100/100
|switch|p2a: Quaquaval|Quaquaval, M|100/100
|turn|1
|
|t:|1743865274
|switch|p2a: Skarmory|Skarmory, F|100/100
|move|p1a: Meowscarada|U-turn|p2a: Skarmory
|-start|p1a: Meowscarada|typechange|Bug|[from] ability: Protean
|-resisted|p2a: Skarmory
|-damage|p2a: Skarmory|96/100
|-damage|p1a: Meowscarada|84/100|[from] item: Rocky Helmet|[of] p2a: Skarmory
|
|t:|1743865279
|switch|p1a: Moltres|Moltres|100/100|[from] U-turn
|
|upkeep
|turn|2
|
|t:|1743865290
|switch|p2a: Deoxys|Deoxys-Defense|100/100
|-ability|p2a: Deoxys|Pressure
|move|p1a: Moltres|Flamethrower|p2a: Deoxys
|-damage|p2a: Deoxys|77/100
|
|-heal|p2a: Deoxys|84/100|[from] item: Leftovers
|upkeep
|turn|3
|
|t:|1743865302
|switch|p1a: Meowscarada|Meowscarada, M|84/100
|move|p2a: Deoxys|Knock Off|p1a: Meowscarada
|-resisted|p1a: Meowscarada
|-damage|p1a: Meowscarada|73/100
|-enditem|p1a: Meowscarada|Choice Scarf|[from] move: Knock Off|[of] p2a: Deoxys
|
|-heal|p2a: Deoxys|90/100|[from] item: Leftovers
|upkeep
|turn|4
|
|t:|1743865307
|switch|p2a: Skarmory|Skarmory, F|96/100
|move|p1a: Meowscarada|Trick|p2a: Skarmory
|-start|p1a: Meowscarada|typechange|Psychic|[from] ability: Protean
|-activate|p1a: Meowscarada|move: Trick|[of] p2a: Skarmory
|-enditem|p2a: Skarmory|Rocky Helmet|[silent]|[from] move: Trick
|-item|p1a: Meowscarada|Rocky Helmet|[from] move: Trick
|
|upkeep
|turn|5
|
|t:|1743865315
|move|p1a: Meowscarada|U-turn|p2a: Skarmory
|-resisted|p2a: Skarmory
|-damage|p2a: Skarmory|93/100
|
|t:|1743865319
|switch|p1a: Hatterene|Hatterene, F|100/100|[from] U-turn
|move|p2a: Skarmory|Body Press|p1a: Hatterene
|-resisted|p1a: Hatterene
|-damage|p1a: Hatterene|92/100
|
|upkeep
|turn|6
|
|t:|1743865329
|switch|p2a: Cinderace|Cinderace, F|100/100
|move|p1a: Hatterene|Mystical Fire|p2a: Cinderace
|-resisted|p2a: Cinderace
|-damage|p2a: Cinderace|79/100
|-unboost|p2a: Cinderace|spa|1
|
|upkeep
|turn|7
|
|t:|1743865333
|switch|p1a: Moltres|Moltres|100/100
|move|p2a: Cinderace|Pyro Ball|p1a: Moltres
|-resisted|p1a: Moltres
|-damage|p1a: Moltres|72/100
|
|upkeep
|turn|8
|
|t:|1743865339
|move|p2a: Cinderace|Pyro Ball|p1a: Moltres
|-resisted|p1a: Moltres
|-damage|p1a: Moltres|43/100
|move|p1a: Moltres|Hurricane|p2a: Cinderace|[miss]
|-miss|p1a: Moltres|p2a: Cinderace
|
|upkeep
|turn|9
|
|t:|1743865345
|switch|p2a: Quaquaval|Quaquaval, M|100/100
|move|p1a: Moltres|Roost|p1a: Moltres
|-heal|p1a: Moltres|93/100
|-singleturn|p1a: Moltres|move: Roost
|
|upkeep
|turn|10
|
|t:|1743865357
|switch|p2a: Deoxys|Deoxys-Defense|90/100
|-ability|p2a: Deoxys|Pressure
|-terastallize|p1a: Moltres|Grass
|move|p1a: Moltres|Will-O-Wisp|p2a: Deoxys
|-status|p2a: Deoxys|brn
|
|-heal|p2a: Deoxys|96/100 brn|[from] item: Leftovers
|-damage|p2a: Deoxys|90/100 brn|[from] brn
|upkeep
|turn|11
|
|t:|1743865372
|switch|p1a: Meowscarada|Meowscarada, M|73/100
|move|p2a: Deoxys|Thunder Wave|p1a: Meowscarada
|-status|p1a: Meowscarada|par
|
|-heal|p2a: Deoxys|96/100 brn|[from] item: Leftovers
|-damage|p2a: Deoxys|90/100 brn|[from] brn
|upkeep
|turn|12
|
|t:|1743865379
|switch|p2a: Skarmory|Skarmory, F|93/100
|move|p1a: Meowscarada|U-turn|p2a: Skarmory
|-start|p1a: Meowscarada|typechange|Bug|[from] ability: Protean
|-resisted|p2a: Skarmory
|-damage|p2a: Skarmory|89/100
|
|t:|1743865384
|switch|p1a: Moltres|Moltres, tera:Grass|93/100|[from] U-turn
|
|upkeep
|turn|13
|
|t:|1743865391
|move|p1a: Moltres|Flamethrower|p2a: Skarmory
|-supereffective|p2a: Skarmory
|-damage|p2a: Skarmory|0 fnt
|faint|p2a: Skarmory
|
|upkeep
|
|t:|1743865393
|switch|p2a: Cinderace|Cinderace, F|79/100
|turn|14
|inactive|reezyyy has 120 seconds left.
|
|t:|1743865428
|switch|p1a: Metagross|Metagross|100/100
|move|p2a: Cinderace|Pyro Ball|p1a: Metagross
|-supereffective|p1a: Metagross
|-damage|p1a: Metagross|13/100
|
|upkeep
|turn|15
|
|t:|1743865442
|switch|p2a: Ting-Lu|Ting-Lu|100/100
|-ability|p2a: Ting-Lu|Vessel of Ruin
|move|p1a: Metagross|Explosion|p2a: Ting-Lu
|-damage|p2a: Ting-Lu|50/100
|faint|p1a: Metagross
|
|-heal|p2a: Ting-Lu|56/100|[from] item: Leftovers
|upkeep
|inactive|reezyyy has 120 seconds left.
|
|t:|1743865454
|switch|p1a: Landorus|Landorus-Therian, M|100/100
|-ability|p1a: Landorus|Intimidate|boost
|-unboost|p2a: Ting-Lu|atk|1
|turn|16
|
|t:|1743865458
|move|p1a: Landorus|U-turn|p2a: Ting-Lu
|-supereffective|p2a: Ting-Lu
|-damage|p2a: Ting-Lu|35/100
|
|t:|1743865460
|switch|p1a: Hatterene|Hatterene, F|92/100|[from] U-turn
|move|p2a: Ting-Lu|Ruination|p1a: Hatterene
|-damage|p1a: Hatterene|46/100
|
|-heal|p2a: Ting-Lu|41/100|[from] item: Leftovers
|upkeep
|turn|17
|
|t:|1743865470
|move|p2a: Ting-Lu|Earthquake|p1a: Hatterene
|-damage|p1a: Hatterene|17/100
|move|p1a: Hatterene|Trick Room|p1a: Hatterene
|-fieldstart|move: Trick Room|[of] p1a: Hatterene
|
|-heal|p2a: Ting-Lu|47/100|[from] item: Leftovers
|upkeep
|turn|18
|
|t:|1743865489
|switch|p2a: Deoxys|Deoxys-Defense|90/100 brn
|-ability|p2a: Deoxys|Pressure
|move|p1a: Hatterene|Dazzling Gleam|p2a: Deoxys
|-damage|p2a: Deoxys|62/100 brn
|
|-heal|p2a: Deoxys|69/100 brn|[from] item: Leftovers
|-damage|p2a: Deoxys|62/100 brn|[from] brn
|upkeep
|turn|19
|inactive|reezyyy has 120 seconds left.
|
|t:|1743865532
|move|p1a: Hatterene|Dazzling Gleam|p2a: Deoxys
|-damage|p2a: Deoxys|35/100 brn
|move|p2a: Deoxys|Night Shade|p1a: Hatterene
|-damage|p1a: Hatterene|0 fnt
|faint|p1a: Hatterene
|
|-heal|p2a: Deoxys|42/100 brn|[from] item: Leftovers
|-damage|p2a: Deoxys|35/100 brn|[from] brn
|upkeep
|
|t:|1743865538
|switch|p1a: Azumarill|Azumarill, M|100/100
|turn|20
|
|t:|1743865555
|move|p1a: Azumarill|Liquidation|p2a: Deoxys
|-damage|p2a: Deoxys|0 fnt
|faint|p2a: Deoxys
|
|upkeep
|
|t:|1743865565
|switch|p2a: Quaquaval|Quaquaval, M|100/100
|turn|21
|
|t:|1743865570
|switch|p2a: Ting-Lu|Ting-Lu|47/100
|-ability|p2a: Ting-Lu|Vessel of Ruin
|move|p1a: Azumarill|Play Rough|p2a: Ting-Lu
|-supereffective|p2a: Ting-Lu
|-damage|p2a: Ting-Lu|0 fnt
|faint|p2a: Ting-Lu
|
|-fieldend|move: Trick Room
|upkeep
|
|t:|1743865572
|switch|p2a: Dragapult|Dragapult, F|100/100
|turn|22
|inactive|reezyyy has 120 seconds left.
|
|t:|1743865584
|switch|p1a: Meowscarada|Meowscarada, M|73/100 par
|move|p2a: Dragapult|Will-O-Wisp||[still]
|-fail|p2a: Dragapult
|
|upkeep
|turn|23
|inactive|reezyyy has 120 seconds left.
|
|t:|1743865602
|move|p2a: Dragapult|U-turn|p1a: Meowscarada
|-supereffective|p1a: Meowscarada
|-damage|p1a: Meowscarada|0 fnt
|-damage|p2a: Dragapult|84/100|[from] item: Rocky Helmet|[of] p1a: Meowscarada
|faint|p1a: Meowscarada
|
|t:|1743865610
|switch|p2a: Cinderace|Cinderace, F|79/100|[from] U-turn
|
|upkeep
|
|t:|1743865613
|switch|p1a: Landorus|Landorus-Therian, M|100/100
|-ability|p1a: Landorus|Intimidate|boost
|-unboost|p2a: Cinderace|atk|1
|turn|24
|
|t:|1743865621
|move|p2a: Cinderace|Pyro Ball|p1a: Landorus
|-damage|p1a: Landorus|57/100
|-status|p1a: Landorus|brn
|move|p1a: Landorus|Earthquake|p2a: Cinderace
|-supereffective|p2a: Cinderace
|-damage|p2a: Cinderace|0 fnt
|faint|p2a: Cinderace
|
|-damage|p1a: Landorus|51/100 brn|[from] brn
|upkeep
|
|t:|1743865624
|switch|p2a: Quaquaval|Quaquaval, M|100/100
|turn|25
|
|t:|1743865636
|switch|p1a: Moltres|Moltres, tera:Grass|93/100
|move|p2a: Quaquaval|Close Combat|p1a: Moltres
|-damage|p1a: Moltres|39/100
|-unboost|p2a: Quaquaval|def|1
|-unboost|p2a: Quaquaval|spd|1
|
|upkeep
|turn|26
|inactive|reezyyy has 120 seconds left.
|
|t:|1743865658
|move|p2a: Quaquaval|Ice Spinner|p1a: Moltres
|-supereffective|p1a: Moltres
|-damage|p1a: Moltres|0 fnt
|faint|p1a: Moltres
|-ability|p2a: Quaquaval|Moxie|boost
|-boost|p2a: Quaquaval|atk|1
|
|upkeep
|
|t:|1743865662
|switch|p1a: Azumarill|Azumarill, M|100/100
|turn|27
|inactive|reezyyy has 120 seconds left.
|
|t:|1743865686
|move|p2a: Quaquaval|Close Combat|p1a: Azumarill
|-resisted|p1a: Azumarill
|-damage|p1a: Azumarill|58/100
|-unboost|p2a: Quaquaval|def|1
|-unboost|p2a: Quaquaval|spd|1
|move|p1a: Azumarill|Play Rough|p2a: Quaquaval
|-supereffective|p2a: Quaquaval
|-damage|p2a: Quaquaval|0 fnt
|faint|p2a: Quaquaval
|
|upkeep
|
|t:|1743865690
|switch|p2a: Dragapult|Dragapult, F|84/100
|turn|28
|
|t:|1743865699
|-terastallize|p2a: Dragapult|Fairy
|move|p2a: Dragapult|Will-O-Wisp|p1a: Azumarill
|-status|p1a: Azumarill|brn
|move|p1a: Azumarill|Play Rough|p2a: Dragapult
|-damage|p2a: Dragapult|43/100
|
|-damage|p1a: Azumarill|51/100 brn|[from] brn
|upkeep
|turn|29
|
|t:|1743865706
|move|p1a: Azumarill|Aqua Jet|p2a: Dragapult
|-damage|p2a: Dragapult|27/100
|move|p2a: Dragapult|Hex|p1a: Azumarill
|-damage|p1a: Azumarill|0 fnt
|faint|p1a: Azumarill
|
|upkeep
|
|t:|1743865709
|switch|p1a: Landorus|Landorus-Therian, M|51/100 brn
|-ability|p1a: Landorus|Intimidate|boost
|-unboost|p2a: Dragapult|atk|1
|turn|30
|
|t:|1743865715
|move|p2a: Dragapult|Hex|p1a: Landorus
|-damage|p1a: Landorus|0 fnt
|faint|p1a: Landorus
|
|win|quetzuma
|raw|reezyyy's rating: 1395 &rarr; <strong>1376</strong><br />(-19 for losing)
|raw|quetzuma's rating: 1412 &rarr; <strong>1431</strong><br />(+19 for winning)
|l|☆quetzuma
|player|p2|
|l|☆reezyyy
|player|p1|
