|j|☆Johnnytravs1
|j|☆faisal_alsa
|t:|1743862654
|gametype|singles
|player|p1|Johnnytravs1|101|1185
|player|p2|faisal_alsa|worker|1173
|teamsize|p1|6
|teamsize|p2|6
|gen|9
|tier|[Gen 9] OU
|rated|
|rule|HP Percentage Mod: HP is shown in percentages
|rule|Endless Battle Clause: Forcing endless battles is banned
|rule|Species Clause: Limit one of each Pokémon
|rule|OHKO Clause: OHKO moves are banned
|rule|Evasion Items Clause: Evasion items are banned
|rule|Evasion Moves Clause: Evasion moves are banned
|rule|Sleep Moves Clause: Sleep-inducing moves are banned
|clearpoke
|poke|p1|Misdreavus, F|
|poke|p1|Maushold|
|poke|p1|Primarina, M|
|poke|p1|Metagross|
|poke|p1|Weavile, F|
|poke|p1|Cinderace, M|
|poke|p2|Kyurem|
|poke|p2|Iron Valiant|
|poke|p2|Iron Treads|
|poke|p2|Gholdengo|
|poke|p2|Zapdos|
|poke|p2|Cinderace, M|
|teampreview
|inactive|Battle timer is ON: inactive players will automatically lose when time's up. (requested by Johnnytravs1)
|
|t:|1743862678
|start
|switch|p1a: Misdreavus|Misdreavus, F|100/100
|switch|p2a: Iron Treads|Iron Treads|100/100
|-enditem|p2a: Iron Treads|Booster Energy
|-activate|p2a: Iron Treads|ability: Quark Drive|[fromitem]
|-start|p2a: Iron Treads|quarkdrivespe
|turn|1
|inactive|faisal_alsa has 120 seconds left.
|
|t:|1743862717
|move|p2a: Iron Treads|Stealth Rock|p1a: Misdreavus
|-sidestart|p1: Johnnytravs1|move: Stealth Rock
|move|p1a: Misdreavus|Will-O-Wisp|p2a: Iron Treads|[miss]
|-miss|p1a: Misdreavus|p2a: Iron Treads
|
|upkeep
|turn|2
|inactive|faisal_alsa has 120 seconds left.
|
|t:|1743862730
|-end|p2a: Iron Treads|Quark Drive|[silent]
|switch|p2a: Gholdengo|Gholdengo|100/100
|-item|p2a: Gholdengo|Air Balloon
|move|p1a: Misdreavus|Calm Mind|p1a: Misdreavus
|-boost|p1a: Misdreavus|spa|1
|-boost|p1a: Misdreavus|spd|1
|
|upkeep
|turn|3
|inactive|faisal_alsa has 120 seconds left.
|
|t:|1743862744
|move|p1a: Misdreavus|Shadow Ball|p2a: Gholdengo
|-supereffective|p2a: Gholdengo
|-damage|p2a: Gholdengo|0 fnt
|-enditem|p2a: Gholdengo|Air Balloon
|faint|p2a: Gholdengo
|
|upkeep
|
|t:|1743862762
|switch|p2a: Kyurem|Kyurem|100/100
|-ability|p2a: Kyurem|Pressure
|turn|4
|
|t:|1743862771
|move|p2a: Kyurem|Draco Meteor|p1a: Misdreavus
|-damage|p1a: Misdreavus|27/100
|-unboost|p2a: Kyurem|spa|2
|move|p1a: Misdreavus|Draining Kiss|p2a: Kyurem
|-supereffective|p2a: Kyurem
|-damage|p2a: Kyurem|62/100
|-heal|p1a: Misdreavus|71/100|[from] drain|[of] p2a: Kyurem
|
|upkeep
|turn|5
|inactive|faisal_alsa has 120 seconds left.
|
|t:|1743862785
|switch|p2a: Iron Valiant|Iron Valiant|100/100
|-enditem|p2a: Iron Valiant|Booster Energy
|-activate|p2a: Iron Valiant|ability: Quark Drive|[fromitem]
|-start|p2a: Iron Valiant|quarkdrivespe
|move|p1a: Misdreavus|Draining Kiss|p2a: Iron Valiant
|-supereffective|p2a: Iron Valiant
|-damage|p2a: Iron Valiant|16/100
|-heal|p1a: Misdreavus|100/100|[from] drain|[of] p2a: Iron Valiant
|
|upkeep
|turn|6
|inactive|faisal_alsa has 120 seconds left.
|
|t:|1743862791
|move|p2a: Iron Valiant|Knock Off|p1a: Misdreavus
|-supereffective|p1a: Misdreavus
|-damage|p1a: Misdreavus|26/100
|-enditem|p1a: Misdreavus|Eviolite|[from] move: Knock Off|[of] p2a: Iron Valiant
|move|p1a: Misdreavus|Draining Kiss|p2a: Iron Valiant
|-supereffective|p2a: Iron Valiant
|-damage|p2a: Iron Valiant|0 fnt
|-heal|p1a: Misdreavus|39/100|[from] drain|[of] p2a: Iron Valiant
|faint|p2a: Iron Valiant
|-end|p2a: Iron Valiant|Quark Drive|[silent]
|
|upkeep
|inactive|faisal_alsa has 120 seconds left.
|
|t:|1743862803
|switch|p2a: Kyurem|Kyurem|62/100
|-ability|p2a: Kyurem|Pressure
|turn|7
|inactive|faisal_alsa has 120 seconds left.
|
|t:|1743862811
|-terastallize|p1a: Misdreavus|Fairy
|move|p2a: Kyurem|Freeze-Dry|p1a: Misdreavus
|-damage|p1a: Misdreavus|0 fnt
|faint|p1a: Misdreavus
|
|upkeep
|
|t:|1743862820
|switch|p1a: Metagross|Metagross|100/100
|-damage|p1a: Metagross|95/100|[from] Stealth Rock
|turn|8
|
|t:|1743862826
|switch|p2a: Cinderace|Cinderace, M|100/100
|move|p1a: Metagross|Agility|p1a: Metagross
|-boost|p1a: Metagross|spe|2
|
|upkeep
|turn|9
|inactive|faisal_alsa has 120 seconds left.
|
|t:|1743862846
|switch|p2a: Kyurem|Kyurem|62/100
|-ability|p2a: Kyurem|Pressure
|move|p1a: Metagross|Earthquake|p2a: Kyurem
|-damage|p2a: Kyurem|33/100
|
|upkeep
|turn|10
|
|t:|1743862851
|switch|p2a: Zapdos|Zapdos|100/100
|move|p1a: Metagross|Bullet Punch|p2a: Zapdos
|-resisted|p2a: Zapdos
|-damage|p2a: Zapdos|94/100
|
|upkeep
|turn|11
|
|t:|1743862855
|move|p1a: Metagross|Psychic Fangs|p2a: Zapdos
|-crit|p2a: Zapdos
|-damage|p2a: Zapdos|54/100
|move|p2a: Zapdos|Volt Switch|p1a: Metagross
|-damage|p1a: Metagross|65/100
|
|t:|1743862859
|switch|p2a: Cinderace|Cinderace, M|100/100|[from] Volt Switch
|
|upkeep
|turn|12
|
|t:|1743862861
|move|p1a: Metagross|Earthquake|p2a: Cinderace
|-supereffective|p2a: Cinderace
|-damage|p2a: Cinderace|34/100
|move|p2a: Cinderace|Pyro Ball|p1a: Metagross
|-supereffective|p1a: Metagross
|-damage|p1a: Metagross|0 fnt
|faint|p1a: Metagross
|
|upkeep
|
|t:|1743862867
|switch|p1a: Weavile|Weavile, F|100/100
|-damage|p1a: Weavile|76/100|[from] Stealth Rock
|-ability|p1a: Weavile|Pressure
|turn|13
|
|t:|1743862885
|move|p1a: Weavile|Fake Out|p2a: Cinderace
|-damage|p2a: Cinderace|13/100
|-damage|p1a: Weavile|66/100|[from] item: Life Orb
|cant|p2a: Cinderace|flinch
|
|upkeep
|turn|14
|
|t:|1743862891
|move|p1a: Weavile|Ice Shard|p2a: Cinderace
|-resisted|p2a: Cinderace
|-damage|p2a: Cinderace|0 fnt
|faint|p2a: Cinderace
|-damage|p1a: Weavile|56/100|[from] item: Life Orb
|
|upkeep
|
|t:|1743862894
|switch|p2a: Iron Treads|Iron Treads|100/100
|turn|15
|
|t:|1743862905
|move|p1a: Weavile|Knock Off|p2a: Iron Treads
|-damage|p2a: Iron Treads|60/100
|-damage|p1a: Weavile|46/100|[from] item: Life Orb
|move|p2a: Iron Treads|Earthquake|p1a: Weavile
|-damage|p1a: Weavile|0 fnt
|faint|p1a: Weavile
|
|upkeep
|
|t:|1743862919
|switch|p1a: Cinderace|Cinderace, M|100/100
|turn|16
|
|t:|1743862927
|move|p1a: Cinderace|Pyro Ball|p2a: Iron Treads
|-supereffective|p2a: Iron Treads
|-damage|p2a: Iron Treads|0 fnt
|faint|p2a: Iron Treads
|-end|p2a: Iron Treads|Quark Drive|[silent]
|
|upkeep
|
|t:|1743862934
|switch|p2a: Zapdos|Zapdos|54/100
|turn|17
|
|t:|1743862944
|move|p1a: Cinderace|Pyro Ball|p2a: Zapdos
|-damage|p2a: Zapdos|11/100
|move|p2a: Zapdos|Thunder Wave|p1a: Cinderace
|-status|p1a: Cinderace|par
|
|upkeep
|turn|18
|
|t:|1743862949
|move|p2a: Zapdos|Roost|p2a: Zapdos
|-heal|p2a: Zapdos|61/100
|-singleturn|p2a: Zapdos|move: Roost
|cant|p1a: Cinderace|par
|
|upkeep
|turn|19
|
|t:|1743862956
|move|p2a: Zapdos|Hurricane|p1a: Cinderace
|-damage|p1a: Cinderace|37/100 par
|-start|p1a: Cinderace|confusion
|-activate|p1a: Cinderace|confusion
|move|p1a: Cinderace|Court Change|p1a: Cinderace
|-start|p1a: Cinderace|typechange|Normal|[from] ability: Libero
|-swapsideconditions
|-activate|p1a: Cinderace|move: Court Change
|
|upkeep
|turn|20
|
|t:|1743862969
|move|p2a: Zapdos|Hurricane|p1a: Cinderace
|-damage|p1a: Cinderace|0 fnt
|faint|p1a: Cinderace
|
|upkeep
|
|t:|1743862971
|switch|p1a: Maushold|Maushold|100/100
|turn|21
|
|t:|1743862976
|move|p1a: Maushold|Tidy Up|p1a: Maushold
|-sideend|p2: faisal_alsa|Stealth Rock
|-activate|p1a: Maushold|move: Tidy Up
|-boost|p1a: Maushold|atk|1
|-boost|p1a: Maushold|spe|1
|move|p2a: Zapdos|Thunder Wave|p1a: Maushold
|-status|p1a: Maushold|par
|
|upkeep
|turn|22
|
|t:|1743862983
|move|p1a: Maushold|Population Bomb|p2a: Zapdos
|-damage|p2a: Zapdos|49/100
|-damage|p2a: Zapdos|37/100
|-damage|p2a: Zapdos|24/100
|-damage|p2a: Zapdos|12/100
|-damage|p2a: Zapdos|0 fnt
|faint|p2a: Zapdos
|-hitcount|p2: Zapdos|5
|
|upkeep
|
|t:|1743862989
|switch|p2a: Kyurem|Kyurem|33/100
|-ability|p2a: Kyurem|Pressure
|turn|23
|
|t:|1743862993
|-terastallize|p2a: Kyurem|Ice
|move|p2a: Kyurem|Freeze-Dry|p1a: Maushold
|-enditem|p1a: Maushold|Focus Sash
|-damage|p1a: Maushold|1/100 par
|move|p1a: Maushold|Population Bomb|p2a: Kyurem
|-damage|p2a: Kyurem|18/100
|-damage|p2a: Kyurem|2/100
|-damage|p2a: Kyurem|0 fnt
|faint|p2a: Kyurem
|-hitcount|p2: Kyurem|3
|
|win|Johnnytravs1
|raw|Johnnytravs1's rating: 1185 &rarr; <strong>1209</strong><br />(+24 for winning)
|raw|faisal_alsa's rating: 1173 &rarr; <strong>1149</strong><br />(-24 for losing)
|l|☆Johnnytravs1
|player|p1|
|l|☆faisal_alsa
|player|p2|
