|j|☆staaarz
|j|☆Gerryop
|t:|1743865409
|gametype|singles
|player|p1|staaarz|petrel|1435
|player|p2|Gerryop|2|1514
|teamsize|p1|6
|teamsize|p2|6
|gen|9
|tier|[Gen 9] OU
|rated|
|rule|HP Percentage Mod: HP is shown in percentages
|rule|Endless Battle Clause: Forcing endless battles is banned
|rule|Species Clause: Limit one of each Pokémon
|rule|OHKO Clause: OHKO moves are banned
|rule|Evasion Items Clause: Evasion items are banned
|rule|Evasion Moves Clause: Evasion moves are banned
|rule|Sleep Moves Clause: Sleep-inducing moves are banned
|clearpoke
|poke|p1|Blissey, F|
|poke|p1|Dondozo, M|
|poke|p1|Clodsire, F|
|poke|p1|Toxapex, M|
|poke|p1|Corviknight, M|
|poke|p1|Gliscor, M|
|poke|p2|Alomomola, F|
|poke|p2|Okidogi, M|
|poke|p2|Fezandipiti, M|
|poke|p2|Gastrodon-East, F|
|poke|p2|Corviknight, F|
|poke|p2|Skeledirge, M|
|teampreview
|
|t:|1743865416
|start
|switch|p1a: Gliscor|Gliscor, M|100/100
|switch|p2a: Okidogi|Okidogi, M|100/100
|turn|1
|
|t:|1743865423
|move|p1a: Gliscor|Protect|p1a: Gliscor
|-singleturn|p1a: Gliscor|Protect
|move|p2a: Okidogi|Knock Off|p1a: Gliscor
|-activate|p1a: Gliscor|move: Protect
|
|-status|p1a: Gliscor|tox|[from] item: Toxic Orb
|upkeep
|turn|2
|
|t:|1743865431
|move|p1a: Gliscor|Spikes|p2a: Okidogi
|-sidestart|p2: Gerryop|Spikes
|move|p2a: Okidogi|Bulk Up|p2a: Okidogi
|-boost|p2a: Okidogi|atk|1
|-boost|p2a: Okidogi|def|1
|
|upkeep
|turn|3
|
|t:|1743865449
|move|p1a: Gliscor|Spikes|p2a: Okidogi
|-sidestart|p2: Gerryop|Spikes
|move|p2a: Okidogi|Knock Off|p1a: Gliscor
|-damage|p1a: Gliscor|74/100 tox
|-enditem|p1a: Gliscor|Toxic Orb|[from] move: Knock Off|[of] p2a: Okidogi
|
|-heal|p1a: Gliscor|86/100 tox|[from] ability: Poison Heal
|upkeep
|turn|4
|
|t:|1743865458
|move|p1a: Gliscor|Spikes|p2a: Okidogi
|-sidestart|p2: Gerryop|Spikes
|move|p2a: Okidogi|Ice Punch|p1a: Gliscor
|-supereffective|p1a: Gliscor
|-damage|p1a: Gliscor|6/100 tox
|
|-heal|p1a: Gliscor|19/100 tox|[from] ability: Poison Heal
|upkeep
|turn|5
|
|t:|1743865466
|move|p1a: Gliscor|Protect|p1a: Gliscor
|-singleturn|p1a: Gliscor|Protect
|move|p2a: Okidogi|Bulk Up|p2a: Okidogi
|-boost|p2a: Okidogi|atk|1
|-boost|p2a: Okidogi|def|1
|
|-heal|p1a: Gliscor|31/100 tox|[from] ability: Poison Heal
|upkeep
|turn|6
|
|t:|1743865475
|switch|p1a: Dondozo|Dondozo, M|100/100
|move|p2a: Okidogi|Knock Off|p1a: Dondozo
|-damage|p1a: Dondozo|88/100
|-enditem|p1a: Dondozo|Heavy-Duty Boots|[from] move: Knock Off|[of] p2a: Okidogi
|
|upkeep
|turn|7
|
|t:|1743865482
|move|p2a: Okidogi|Knock Off|p1a: Dondozo
|-damage|p1a: Dondozo|80/100
|move|p1a: Dondozo|Curse|p1a: Dondozo
|-unboost|p1a: Dondozo|spe|1
|-boost|p1a: Dondozo|atk|1
|-boost|p1a: Dondozo|def|1
|
|upkeep
|turn|8
|
|t:|1743865490
|switch|p2a: Corviknight|Corviknight, F|100/100
|-ability|p2a: Corviknight|Pressure
|move|p1a: Dondozo|Curse|p1a: Dondozo
|-unboost|p1a: Dondozo|spe|1
|-boost|p1a: Dondozo|atk|1
|-boost|p1a: Dondozo|def|1
|
|upkeep
|turn|9
|
|t:|1743865499
|switch|p1a: Gliscor|Gliscor, M|31/100 tox
|move|p2a: Corviknight|Defog|p1a: Gliscor
|-unboost|p1a: Gliscor|evasion|1
|-sideend|p2: Gerryop|Spikes|[from] move: Defog|[of] p2a: Corviknight
|
|-heal|p1a: Gliscor|44/100 tox|[from] ability: Poison Heal
|upkeep
|turn|10
|
|t:|1743865509
|switch|p2a: Okidogi|Okidogi, M|100/100
|move|p1a: Gliscor|Knock Off|p2a: Okidogi
|-resisted|p2a: Okidogi
|-damage|p2a: Okidogi|94/100
|-enditem|p2a: Okidogi|Leftovers|[from] move: Knock Off|[of] p1a: Gliscor
|
|-heal|p1a: Gliscor|56/100 tox|[from] ability: Poison Heal
|upkeep
|turn|11
|
|t:|1743865518
|move|p1a: Gliscor|Protect|p1a: Gliscor
|-singleturn|p1a: Gliscor|Protect
|move|p2a: Okidogi|Ice Punch|p1a: Gliscor
|-activate|p1a: Gliscor|move: Protect
|
|-heal|p1a: Gliscor|69/100 tox|[from] ability: Poison Heal
|upkeep
|turn|12
|
|t:|1743865529
|switch|p1a: Dondozo|Dondozo, M|80/100
|move|p2a: Okidogi|Knock Off|p1a: Dondozo
|-damage|p1a: Dondozo|71/100
|-status|p1a: Dondozo|tox|[from] ability: Toxic Chain|[of] p2a: Okidogi
|
|-damage|p1a: Dondozo|65/100 tox|[from] psn
|upkeep
|turn|13
|
|t:|1743865540
|switch|p2a: Skeledirge|Skeledirge, M|100/100
|move|p1a: Dondozo|Curse|p1a: Dondozo
|-unboost|p1a: Dondozo|spe|1
|-boost|p1a: Dondozo|atk|1
|-boost|p1a: Dondozo|def|1
|
|-damage|p1a: Dondozo|53/100 tox|[from] psn
|upkeep
|turn|14
|
|t:|1743865550
|move|p2a: Skeledirge|Hex|p1a: Dondozo
|-damage|p1a: Dondozo|10/100 tox
|move|p1a: Dondozo|Rest|p1a: Dondozo
|-status|p1a: Dondozo|slp|[from] move: Rest
|-heal|p1a: Dondozo|100/100 slp|[silent]
|
|upkeep
|turn|15
|
|t:|1743865558
|switch|p1a: Clodsire|Clodsire, F|100/100
|move|p2a: Skeledirge|Will-O-Wisp|p1a: Clodsire
|-status|p1a: Clodsire|brn
|
|-damage|p1a: Clodsire|94/100 brn|[from] brn
|upkeep
|turn|16
|
|t:|1743865567
|switch|p2a: Corviknight|Corviknight, F|100/100
|-ability|p2a: Corviknight|Pressure
|move|p1a: Clodsire|Stealth Rock|p2a: Corviknight
|-sidestart|p2: Gerryop|move: Stealth Rock
|
|-damage|p1a: Clodsire|88/100 brn|[from] brn
|upkeep
|turn|17
|
|t:|1743865576
|switch|p1a: Gliscor|Gliscor, M|69/100 tox
|move|p2a: Corviknight|Defog|p1a: Gliscor
|-unboost|p1a: Gliscor|evasion|1
|-sideend|p2: Gerryop|Stealth Rock|[from] move: Defog|[of] p2a: Corviknight
|
|-heal|p1a: Gliscor|81/100 tox|[from] ability: Poison Heal
|upkeep
|turn|18
|
|t:|1743865586
|switch|p2a: Okidogi|Okidogi, M|94/100
|move|p1a: Gliscor|Spikes|p2a: Okidogi
|-sidestart|p2: Gerryop|Spikes
|
|-heal|p1a: Gliscor|94/100 tox|[from] ability: Poison Heal
|upkeep
|turn|19
|
|t:|1743865594
|switch|p1a: Dondozo|Dondozo, M|100/100 slp
|move|p2a: Okidogi|Ice Punch|p1a: Dondozo
|-resisted|p1a: Dondozo
|-damage|p1a: Dondozo|95/100 slp
|
|upkeep
|turn|20
|
|t:|1743865601
|move|p2a: Okidogi|Ice Punch|p1a: Dondozo
|-resisted|p1a: Dondozo
|-damage|p1a: Dondozo|91/100 slp
|cant|p1a: Dondozo|slp
|move|p1a: Dondozo|Sleep Talk|p1a: Dondozo
|move|p1a: Dondozo|Rest||[from] move: Sleep Talk|[still]
|-fail|p1a: Dondozo
|
|upkeep
|turn|21
|
|t:|1743865611
|switch|p2a: Corviknight|Corviknight, F|100/100
|-ability|p2a: Corviknight|Pressure
|cant|p1a: Dondozo|slp
|move|p1a: Dondozo|Sleep Talk|p1a: Dondozo
|move|p1a: Dondozo|Rest||[from] move: Sleep Talk|[still]
|-fail|p1a: Dondozo
|
|upkeep
|turn|22
|
|t:|1743865623
|switch|p1a: Corviknight|Corviknight, M|100/100
|-ability|p1a: Corviknight|Pressure
|move|p2a: Corviknight|Defog|p1a: Corviknight
|-unboost|p1a: Corviknight|evasion|1
|-sideend|p2: Gerryop|Spikes|[from] move: Defog|[of] p2a: Corviknight
|
|upkeep
|turn|23
|
|t:|1743865633
|switch|p1a: Gliscor|Gliscor, M|94/100 tox
|switch|p2a: Alomomola|Alomomola, F|100/100
|
|-heal|p1a: Gliscor|100/100 tox|[from] ability: Poison Heal
|upkeep
|turn|24
|
|t:|1743865642
|switch|p2a: Okidogi|Okidogi, M|94/100
|move|p1a: Gliscor|Knock Off|p2a: Okidogi
|-resisted|p2a: Okidogi
|-damage|p2a: Okidogi|89/100
|
|upkeep
|turn|25
|
|t:|1743865649
|move|p1a: Gliscor|Spikes|p2a: Okidogi
|-sidestart|p2: Gerryop|Spikes
|move|p2a: Okidogi|Ice Punch|p1a: Gliscor
|-supereffective|p1a: Gliscor
|-damage|p1a: Gliscor|49/100 tox
|
|-heal|p1a: Gliscor|62/100 tox|[from] ability: Poison Heal
|upkeep
|turn|26
|
|t:|1743865657
|switch|p1a: Dondozo|Dondozo, M|91/100 slp
|move|p2a: Okidogi|Bulk Up|p2a: Okidogi
|-boost|p2a: Okidogi|atk|1
|-boost|p2a: Okidogi|def|1
|
|upkeep
|turn|27
|
|t:|1743865666
|move|p2a: Okidogi|Knock Off|p1a: Dondozo
|-damage|p1a: Dondozo|82/100 slp
|-curestatus|p1a: Dondozo|slp|[msg]
|move|p1a: Dondozo|Curse|p1a: Dondozo
|-unboost|p1a: Dondozo|spe|1
|-boost|p1a: Dondozo|atk|1
|-boost|p1a: Dondozo|def|1
|
|upkeep
|turn|28
|
|t:|1743865674
|move|p2a: Okidogi|Drain Punch|p1a: Dondozo
|-damage|p1a: Dondozo|71/100
|-heal|p2a: Okidogi|97/100|[from] drain|[of] p1a: Dondozo
|-status|p1a: Dondozo|tox|[from] ability: Toxic Chain|[of] p2a: Okidogi
|move|p1a: Dondozo|Waterfall|p2a: Okidogi
|-damage|p2a: Okidogi|71/100
|
|-damage|p1a: Dondozo|65/100 tox|[from] psn
|upkeep
|turn|29
|
|t:|1743865685
|move|p2a: Okidogi|Drain Punch|p1a: Dondozo
|-damage|p1a: Dondozo|55/100 tox
|-heal|p2a: Okidogi|78/100|[from] drain|[of] p1a: Dondozo
|move|p1a: Dondozo|Waterfall|p2a: Okidogi
|-damage|p2a: Okidogi|52/100
|
|-damage|p1a: Dondozo|43/100 tox|[from] psn
|upkeep
|turn|30
|
|t:|1743865695
|switch|p2a: Gastrodon|Gastrodon-East, F|100/100
|-damage|p2a: Gastrodon|88/100|[from] Spikes
|move|p1a: Dondozo|Rest|p1a: Dondozo
|-status|p1a: Dondozo|slp|[from] move: Rest
|-heal|p1a: Dondozo|100/100 slp|[silent]
|
|-heal|p2a: Gastrodon|94/100|[from] item: Leftovers
|upkeep
|turn|31
|
|t:|1743865709
|switch|p1a: Toxapex|Toxapex, M|100/100
|move|p2a: Gastrodon|Ice Beam|p1a: Toxapex
|-resisted|p1a: Toxapex
|-damage|p1a: Toxapex|92/100
|
|-heal|p2a: Gastrodon|100/100|[from] item: Leftovers
|upkeep
|turn|32
|
|t:|1743865724
|-terastallize|p2a: Gastrodon|Steel
|move|p1a: Toxapex|Toxic|p2a: Gastrodon
|-immune|p2a: Gastrodon
|move|p2a: Gastrodon|Earthquake|p1a: Toxapex
|-supereffective|p1a: Toxapex
|-damage|p1a: Toxapex|56/100
|
|upkeep
|turn|33
|
|t:|1743865733
|switch|p1a: Corviknight|Corviknight, M|100/100
|-ability|p1a: Corviknight|Pressure
|move|p2a: Gastrodon|Ice Beam|p1a: Corviknight
|-damage|p1a: Corviknight|80/100
|
|upkeep
|turn|34
|
|t:|1743865741
|switch|p2a: Skeledirge|Skeledirge, M|100/100
|move|p1a: Corviknight|Iron Defense|p1a: Corviknight
|-boost|p1a: Corviknight|def|2
|
|upkeep
|turn|35
|
|t:|1743865747
|switch|p1a: Clodsire|Clodsire, F|88/100 brn
|move|p2a: Skeledirge|Hex|p1a: Clodsire
|-damage|p1a: Clodsire|58/100 brn
|
|-damage|p1a: Clodsire|52/100 brn|[from] brn
|upkeep
|turn|36
|
|t:|1743865755
|move|p2a: Skeledirge|Hex|p1a: Clodsire
|-damage|p1a: Clodsire|24/100 brn
|move|p1a: Clodsire|Recover|p1a: Clodsire
|-heal|p1a: Clodsire|74/100 brn
|
|-damage|p1a: Clodsire|68/100 brn|[from] brn
|upkeep
|turn|37
|
|t:|1743865767
|switch|p2a: Corviknight|Corviknight, F|100/100
|-ability|p2a: Corviknight|Pressure
|move|p1a: Clodsire|Poison Jab|p2a: Corviknight
|-immune|p2a: Corviknight
|
|-damage|p1a: Clodsire|62/100 brn|[from] brn
|upkeep
|turn|38
|
|t:|1743865778
|switch|p1a: Corviknight|Corviknight, M|80/100
|-ability|p1a: Corviknight|Pressure
|move|p2a: Corviknight|Defog|p1a: Corviknight
|-unboost|p1a: Corviknight|evasion|1
|-sideend|p2: Gerryop|Spikes|[from] move: Defog|[of] p2a: Corviknight
|
|upkeep
|turn|39
|
|t:|1743865786
|switch|p1a: Gliscor|Gliscor, M|62/100 tox
|switch|p2a: Alomomola|Alomomola, F|100/100
|
|-heal|p1a: Gliscor|74/100 tox|[from] ability: Poison Heal
|upkeep
|turn|40
|
|t:|1743865796
|move|p1a: Gliscor|Spikes|p2a: Alomomola
|-sidestart|p2: Gerryop|Spikes
|move|p2a: Alomomola|Wish|p2a: Alomomola
|
|-heal|p1a: Gliscor|87/100 tox|[from] ability: Poison Heal
|upkeep
|turn|41
|
|t:|1743865802
|switch|p2a: Okidogi|Okidogi, M|52/100
|-damage|p2a: Okidogi|40/100|[from] Spikes
|move|p1a: Gliscor|Knock Off|p2a: Okidogi
|-resisted|p2a: Okidogi
|-damage|p2a: Okidogi|35/100
|
|-heal|p2a: Okidogi|100/100|[from] move: Wish|[wisher] Alomomola
|-heal|p1a: Gliscor|99/100 tox|[from] ability: Poison Heal
|upkeep
|turn|42
|
|t:|1743865813
|move|p1a: Gliscor|Spikes|p2a: Okidogi
|-sidestart|p2: Gerryop|Spikes
|move|p2a: Okidogi|Ice Punch|p1a: Gliscor
|-supereffective|p1a: Gliscor
|-damage|p1a: Gliscor|45/100 tox
|
|-heal|p1a: Gliscor|57/100 tox|[from] ability: Poison Heal
|upkeep
|turn|43
|
|t:|1743865822
|switch|p1a: Dondozo|Dondozo, M|100/100 slp
|move|p2a: Okidogi|Knock Off|p1a: Dondozo
|-damage|p1a: Dondozo|92/100 slp
|
|upkeep
|turn|44
|
|t:|1743865831
|switch|p2a: Corviknight|Corviknight, F|100/100
|-ability|p2a: Corviknight|Pressure
|cant|p1a: Dondozo|slp
|
|upkeep
|turn|45
|
|t:|1743865841
|switch|p1a: Corviknight|Corviknight, M|80/100
|-ability|p1a: Corviknight|Pressure
|move|p2a: Corviknight|Defog|p1a: Corviknight
|-unboost|p1a: Corviknight|evasion|1
|-sideend|p2: Gerryop|Spikes|[from] move: Defog|[of] p2a: Corviknight
|
|upkeep
|turn|46
|
|t:|1743865850
|switch|p1a: Gliscor|Gliscor, M|57/100 tox
|move|p2a: Corviknight|Drill Peck|p1a: Gliscor
|-damage|p1a: Gliscor|43/100 tox
|
|-heal|p1a: Gliscor|56/100 tox|[from] ability: Poison Heal
|upkeep
|turn|47
|
|t:|1743865862
|move|p1a: Gliscor|Knock Off|p2a: Corviknight
|-damage|p2a: Corviknight|87/100
|-enditem|p2a: Corviknight|Heavy-Duty Boots|[from] move: Knock Off|[of] p1a: Gliscor
|move|p2a: Corviknight|Drill Peck|p1a: Gliscor
|-damage|p1a: Gliscor|40/100 tox
|
|-heal|p1a: Gliscor|53/100 tox|[from] ability: Poison Heal
|upkeep
|turn|48
|-message|Gerryop forfeited.
|
|win|staaarz
|raw|staaarz's rating: 1435 &rarr; <strong>1459</strong><br />(+24 for winning)
|raw|Gerryop's rating: 1514 &rarr; <strong>1490</strong><br />(-24 for losing)
|l|☆Gerryop
|player|p2|
