|j|☆Rocktar Made
|j|☆YoTeH
|t:|1743831121
|gametype|singles
|player|p1|Rocktar Made|red|1702
|player|p2|YoTeH|marnie|1740
|teamsize|p1|6
|teamsize|p2|6
|gen|9
|tier|[Gen 9] OU
|rated|
|rule|HP Percentage Mod: HP is shown in percentages
|rule|Endless Battle Clause: Forcing endless battles is banned
|rule|Species Clause: Limit one of each Pokémon
|rule|OHKO Clause: OHKO moves are banned
|rule|Evasion Items Clause: Evasion items are banned
|rule|Evasion Moves Clause: Evasion moves are banned
|rule|Sleep Moves Clause: Sleep-inducing moves are banned
|clearpoke
|poke|p1|Weezing-Galar, M|
|poke|p1|Alomomola, F|
|poke|p1|Enamorus, F|
|poke|p1|Iron Treads|
|poke|p1|Tornadus, M|
|poke|p1|Zamazenta-*|
|poke|p2|Raging Bolt|
|poke|p2|Kyurem|
|poke|p2|Gholdengo|
|poke|p2|Iron Valiant|
|poke|p2|Tinkaton, F|
|poke|p2|Great Tusk|
|teampreview
|inactive|Battle timer is ON: inactive players will automatically lose when time's up. (requested by Rocktar Made)
|
|t:|1743831128
|start
|switch|p1a: Tornadus|Tornadus, M|100/100
|switch|p2a: Iron Valiant|Iron Valiant, shiny|100/100
|-enditem|p2a: Iron Valiant|Booster Energy
|-activate|p2a: Iron Valiant|ability: Quark Drive|[fromitem]
|-start|p2a: Iron Valiant|quarkdrivespe
|turn|1
|
|t:|1743831132
|move|p2a: Iron Valiant|Moonblast|p1a: Tornadus
|-damage|p1a: Tornadus|31/100
|-unboost|p1a: Tornadus|spa|1
|move|p1a: Tornadus|Bleakwind Storm|p2a: Iron Valiant|[miss]
|-miss|p1a: Tornadus|p2a: Iron Valiant
|
|upkeep
|turn|2
|
|t:|1743831143
|switch|p1a: Alomomola|Alomomola, F|100/100
|move|p2a: Iron Valiant|Shadow Ball|p1a: Alomomola
|-damage|p1a: Alomomola|85/100
|
|upkeep
|turn|3
|
|t:|1743831146
|move|p2a: Iron Valiant|Moonblast|p1a: Alomomola
|-damage|p1a: Alomomola|61/100
|move|p1a: Alomomola|Scald|p2a: Iron Valiant
|-damage|p2a: Iron Valiant|72/100
|
|upkeep
|turn|4
|
|t:|1743831150
|move|p2a: Iron Valiant|Moonblast|p1a: Alomomola
|-damage|p1a: Alomomola|34/100
|-unboost|p1a: Alomomola|spa|1
|move|p1a: Alomomola|Mirror Coat|p2a: Iron Valiant
|-damage|p2a: Iron Valiant|0 fnt
|faint|p2a: Iron Valiant
|-end|p2a: Iron Valiant|Quark Drive|[silent]
|
|upkeep
|
|t:|1743831154
|switch|p2a: Kyurem|Kyurem, shiny|100/100
|-ability|p2a: Kyurem|Pressure
|turn|5
|
|t:|1743831158
|switch|p1a: Zamazenta|Zamazenta|100/100
|-ability|p1a: Zamazenta|Dauntless Shield|boost
|-boost|p1a: Zamazenta|def|1
|move|p2a: Kyurem|Dragon Dance|p2a: Kyurem
|-boost|p2a: Kyurem|atk|1
|-boost|p2a: Kyurem|spe|1
|
|upkeep
|turn|6
|
|t:|1743831160
|switch|p2a: Gholdengo|Gholdengo|100/100
|-item|p2a: Gholdengo|Air Balloon
|move|p1a: Zamazenta|Close Combat|p2a: Gholdengo
|-immune|p2a: Gholdengo
|
|upkeep
|turn|7
|
|t:|1743831164
|switch|p1a: Alomomola|Alomomola, F|68/100
|move|p2a: Gholdengo|Thunder Wave|p1a: Alomomola
|-status|p1a: Alomomola|par
|
|upkeep
|turn|8
|
|t:|1743831167
|switch|p2a: Tinkaton|Tinkaton, F, shiny|100/100
|-ability|p2a: Tinkaton|Mold Breaker
|-item|p2a: Tinkaton|Air Balloon
|move|p1a: Alomomola|Flip Turn|p2a: Tinkaton
|-damage|p2a: Tinkaton|83/100
|-enditem|p2a: Tinkaton|Air Balloon
|
|t:|1743831169
|switch|p1a: Tornadus|Tornadus, M|31/100|[from] Flip Turn
|
|upkeep
|turn|9
|
|t:|1743831171
|move|p1a: Tornadus|Heat Wave|p2a: Tinkaton
|-supereffective|p2a: Tinkaton
|-crit|p2a: Tinkaton
|-damage|p2a: Tinkaton|0 fnt
|faint|p2a: Tinkaton
|
|upkeep
|
|t:|1743831174
|switch|p2a: Raging Bolt|Raging Bolt|100/100
|-enditem|p2a: Raging Bolt|Booster Energy
|-activate|p2a: Raging Bolt|ability: Protosynthesis|[fromitem]
|-start|p2a: Raging Bolt|protosynthesisspa
|turn|10
|
|t:|1743831176
|switch|p1a: Iron Treads|Iron Treads|100/100
|move|p2a: Raging Bolt|Dragon Pulse|p1a: Iron Treads
|-resisted|p1a: Iron Treads
|-damage|p1a: Iron Treads|76/100
|
|-heal|p1a: Iron Treads|83/100|[from] item: Leftovers
|upkeep
|turn|11
|
|t:|1743831179
|move|p1a: Iron Treads|Stealth Rock|p2a: Raging Bolt
|-sidestart|p2: YoTeH|move: Stealth Rock
|move|p2a: Raging Bolt|Dragon Pulse|p1a: Iron Treads
|-resisted|p1a: Iron Treads
|-damage|p1a: Iron Treads|58/100
|
|-heal|p1a: Iron Treads|64/100|[from] item: Leftovers
|upkeep
|turn|12
|
|t:|1743831181
|move|p1a: Iron Treads|Earthquake|p2a: Raging Bolt
|-supereffective|p2a: Raging Bolt
|-damage|p2a: Raging Bolt|29/100
|move|p2a: Raging Bolt|Dragon Pulse|p1a: Iron Treads
|-resisted|p1a: Iron Treads
|-damage|p1a: Iron Treads|39/100
|
|-heal|p1a: Iron Treads|45/100|[from] item: Leftovers
|upkeep
|turn|13
|
|t:|1743831183
|move|p1a: Iron Treads|Earthquake|p2a: Raging Bolt
|-supereffective|p2a: Raging Bolt
|-damage|p2a: Raging Bolt|0 fnt
|faint|p2a: Raging Bolt
|-end|p2a: Raging Bolt|Protosynthesis|[silent]
|
|-heal|p1a: Iron Treads|51/100|[from] item: Leftovers
|upkeep
|
|t:|1743831185
|switch|p2a: Great Tusk|Great Tusk, shiny|100/100
|-damage|p2a: Great Tusk|98/100|[from] Stealth Rock
|-enditem|p2a: Great Tusk|Booster Energy
|-activate|p2a: Great Tusk|ability: Protosynthesis|[fromitem]
|-start|p2a: Great Tusk|protosynthesisatk
|turn|14
|
|t:|1743831194
|-end|p1a: Iron Treads|Quark Drive|[silent]
|switch|p1a: Tornadus|Tornadus, M|31/100
|move|p2a: Great Tusk|Rapid Spin|p1a: Tornadus
|-damage|p1a: Tornadus|0 fnt
|-boost|p2a: Great Tusk|spe|1
|-sideend|p2: YoTeH|Stealth Rock|[from] move: Rapid Spin|[of] p2a: Great Tusk
|faint|p1a: Tornadus
|
|upkeep
|
|t:|1743831197
|switch|p1a: Enamorus|Enamorus, F|100/100
|turn|15
|
|t:|1743831202
|switch|p1a: Alomomola|Alomomola, F|100/100 par
|move|p2a: Great Tusk|Ice Spinner|p1a: Alomomola
|-resisted|p1a: Alomomola
|-damage|p1a: Alomomola|89/100 par
|
|upkeep
|turn|16
|
|t:|1743831206
|move|p2a: Great Tusk|Headlong Rush|p1a: Alomomola
|-damage|p1a: Alomomola|36/100 par
|-unboost|p2a: Great Tusk|def|1
|-unboost|p2a: Great Tusk|spd|1
|move|p1a: Alomomola|Scald|p2a: Great Tusk
|-supereffective|p2a: Great Tusk
|-damage|p2a: Great Tusk|39/100
|
|upkeep
|turn|17
|
|t:|1743831213
|switch|p1a: Weezing|Weezing-Galar, M|100/100
|-ability|p1a: Weezing|Neutralizing Gas
|move|p2a: Great Tusk|Rapid Spin|p1a: Weezing
|-damage|p1a: Weezing|89/100
|-boost|p2a: Great Tusk|spe|1
|
|-heal|p1a: Weezing|95/100|[from] item: Leftovers
|upkeep
|turn|18
|
|t:|1743831233
|move|p2a: Great Tusk|Headlong Rush|p1a: Weezing
|-supereffective|p1a: Weezing
|-damage|p1a: Weezing|11/100
|-unboost|p2a: Great Tusk|def|1
|-unboost|p2a: Great Tusk|spd|1
|move|p1a: Weezing|Strange Steam|p2a: Great Tusk
|-supereffective|p2a: Great Tusk
|-damage|p2a: Great Tusk|0 fnt
|faint|p2a: Great Tusk
|-end|p2a: Great Tusk|Protosynthesis|[silent]
|
|-heal|p1a: Weezing|17/100|[from] item: Leftovers
|upkeep
|
|t:|1743831238
|switch|p2a: Kyurem|Kyurem, shiny|100/100
|turn|19
|
|t:|1743831240
|move|p2a: Kyurem|Icicle Spear|p1a: Weezing
|-damage|p1a: Weezing|8/100
|-damage|p1a: Weezing|0 fnt
|faint|p1a: Weezing
|-end|p1a: Weezing|ability: Neutralizing Gas
|-ability|p2a: Kyurem|Pressure
|-hitcount|p1: Weezing|2
|
|upkeep
|
|t:|1743831246
|switch|p1a: Enamorus|Enamorus, F|100/100
|turn|20
|
|t:|1743831250
|-terastallize|p2a: Kyurem|Fire
|move|p1a: Enamorus|Moonblast|p2a: Kyurem
|-resisted|p2a: Kyurem
|-damage|p2a: Kyurem|76/100
|move|p2a: Kyurem|Dragon Dance|p2a: Kyurem
|-boost|p2a: Kyurem|atk|1
|-boost|p2a: Kyurem|spe|1
|
|upkeep
|turn|21
|
|t:|1743831254
|switch|p1a: Alomomola|Alomomola, F|69/100 par
|move|p2a: Kyurem|Dragon Dance|p2a: Kyurem
|-boost|p2a: Kyurem|atk|1
|-boost|p2a: Kyurem|spe|1
|
|upkeep
|turn|22
|
|t:|1743831257
|move|p2a: Kyurem|Scale Shot|p1a: Alomomola
|-damage|p1a: Alomomola|50/100 par
|-damage|p1a: Alomomola|32/100 par
|-damage|p1a: Alomomola|14/100 par
|-damage|p1a: Alomomola|0 fnt
|faint|p1a: Alomomola
|-hitcount|p1: Alomomola|4
|-unboost|p2a: Kyurem|def|1
|-boost|p2a: Kyurem|spe|1
|
|upkeep
|
|t:|1743831260
|switch|p1a: Zamazenta|Zamazenta|100/100
|turn|23
|
|t:|1743831262
|move|p2a: Kyurem|Scale Shot|p1a: Zamazenta
|-damage|p1a: Zamazenta|78/100
|-damage|p1a: Zamazenta|54/100
|-damage|p1a: Zamazenta|31/100
|-damage|p1a: Zamazenta|4/100
|-damage|p1a: Zamazenta|0 fnt
|faint|p1a: Zamazenta
|-hitcount|p1: Zamazenta|5
|-unboost|p2a: Kyurem|def|1
|-boost|p2a: Kyurem|spe|1
|
|upkeep
|
|t:|1743831266
|switch|p1a: Enamorus|Enamorus, F|100/100
|turn|24
|-message|Rocktar Made forfeited.
|
|win|YoTeH
|raw|Rocktar Made's rating: 1702 &rarr; <strong>1684</strong><br />(-18 for losing)
|raw|YoTeH's rating: 1740 &rarr; <strong>1758</strong><br />(+18 for winning)
|l|☆Rocktar Made
|player|p1|
|l|☆YoTeH
|player|p2|
