|j|☆trovz
|j|☆vific
|t:|1743886145
|gametype|singles
|player|p1|trovz|pokemaniac|1216
|player|p2|vific|clown|1237
|teamsize|p1|6
|teamsize|p2|6
|gen|9
|tier|[Gen 9] OU
|rated|
|rule|HP Percentage Mod: HP is shown in percentages
|rule|Endless Battle Clause: Forcing endless battles is banned
|rule|Species Clause: Limit one of each Pokémon
|rule|OHKO Clause: OHKO moves are banned
|rule|Evasion Items Clause: Evasion items are banned
|rule|Evasion Moves Clause: Evasion moves are banned
|rule|Sleep Moves Clause: Sleep-inducing moves are banned
|clearpoke
|poke|p1|Araquanid, F|
|poke|p1|Scizor, M|
|poke|p1|Weavile, M|
|poke|p1|Cinderace, M|
|poke|p1|Sinistcha-Masterpiece|
|poke|p1|Samurott-Hisui, M|
|poke|p2|Mienshao, F|
|poke|p2|Slowking-Galar, F|
|poke|p2|Lapras, F|
|poke|p2|Landorus-Therian, M|
|poke|p2|Heatran, F|
|poke|p2|Metagross|
|teampreview
|inactive|Battle timer is ON: inactive players will automatically lose when time's up. (requested by vific)
|inactive|trovz also wants the timer to be on.
|
|t:|1743886152
|start
|switch|p1a: Cavatica|Araquanid, F|100/100
|switch|p2a: Lapras|Lapras, F|100/100
|turn|1
|
|t:|1743886160
|move|p2a: Lapras|Freeze-Dry|p1a: Cavatica
|-supereffective|p1a: Cavatica
|-damage|p1a: Cavatica|44/100
|move|p1a: Cavatica|Liquidation|p2a: Lapras
|-immune|p2a: Lapras|[from] ability: Water Absorb
|
|upkeep
|turn|2
|
|t:|1743886186
|move|p2a: Lapras|Freeze-Dry|p1a: Cavatica
|-supereffective|p1a: Cavatica
|-damage|p1a: Cavatica|0 fnt
|faint|p1a: Cavatica
|
|upkeep
|inactive|trovz has 120 seconds left.
|
|t:|1743886198
|switch|p1a: The Unc|Sinistcha-Masterpiece|100/100
|turn|3
|
|t:|1743886207
|switch|p2a: Heatran|Heatran, F|100/100
|-item|p2a: Heatran|Air Balloon
|move|p1a: The Unc|Calm Mind|p1a: The Unc
|-boost|p1a: The Unc|spa|1
|-boost|p1a: The Unc|spd|1
|
|upkeep
|turn|4
|
|t:|1743886217
|move|p1a: The Unc|Calm Mind|p1a: The Unc
|-boost|p1a: The Unc|spa|1
|-boost|p1a: The Unc|spd|1
|move|p2a: Heatran|Taunt|p1a: The Unc
|-start|p1a: The Unc|move: Taunt
|
|upkeep
|turn|5
|
|t:|1743886224
|move|p1a: The Unc|Shadow Ball|p2a: Heatran
|-damage|p2a: Heatran|47/100
|-enditem|p2a: Heatran|Air Balloon
|move|p2a: Heatran|Magma Storm|p1a: The Unc
|-supereffective|p1a: The Unc
|-damage|p1a: The Unc|68/100
|-activate|p1a: The Unc|move: Magma Storm|[of] p2a: Heatran
|
|-heal|p1a: The Unc|74/100|[from] item: Leftovers
|-damage|p1a: The Unc|61/100|[from] move: Magma Storm|[partiallytrapped]
|upkeep
|turn|6
|
|t:|1743886235
|move|p1a: The Unc|Shadow Ball|p2a: Heatran
|-damage|p2a: Heatran|0 fnt
|faint|p2a: Heatran
|
|-heal|p1a: The Unc|67/100|[from] item: Leftovers
|-end|p1a: The Unc|Magma Storm|[partiallytrapped]|[silent]
|upkeep
|
|t:|1743886240
|switch|p2a: Mienshao|Mienshao, F|100/100
|turn|7
|
|t:|1743886246
|move|p2a: Mienshao|Knock Off|p1a: The Unc
|-supereffective|p1a: The Unc
|-damage|p1a: The Unc|9/100
|-enditem|p1a: The Unc|Leftovers|[from] move: Knock Off|[of] p2a: Mienshao
|-damage|p2a: Mienshao|91/100|[from] item: Life Orb
|move|p1a: The Unc|Matcha Gotcha|p2a: Mienshao|[miss]
|-miss|p1a: The Unc|p2a: Mienshao
|
|-end|p1a: The Unc|move: Taunt
|upkeep
|turn|8
|
|t:|1743886262
|move|p2a: Mienshao|U-turn|p1a: The Unc
|-damage|p1a: The Unc|0 fnt
|faint|p1a: The Unc
|-damage|p2a: Mienshao|81/100|[from] item: Life Orb
|
|t:|1743886266
|switch|p2a: Lapras|Lapras, F|100/100|[from] U-turn
|
|upkeep
|
|t:|1743886275
|switch|p1a: He's Baby Keem|Cinderace, M|100/100
|turn|9
|
|t:|1743886279
|switch|p2a: Landorus|Landorus-Therian, M|100/100
|-ability|p2a: Landorus|Intimidate|boost
|-unboost|p1a: He's Baby Keem|atk|1
|move|p1a: He's Baby Keem|High Jump Kick|p2a: Landorus
|-start|p1a: He's Baby Keem|typechange|Fighting|[from] ability: Libero
|-resisted|p2a: Landorus
|-damage|p2a: Landorus|79/100
|-damage|p1a: He's Baby Keem|84/100|[from] item: Rocky Helmet|[of] p2a: Landorus
|
|upkeep
|turn|10
|
|t:|1743886290
|switch|p1a: Samuel|Samurott-Hisui, M|100/100
|move|p2a: Landorus|Stealth Rock|p1a: Samuel
|-sidestart|p1: trovz|move: Stealth Rock
|
|upkeep
|turn|11
|
|t:|1743886298
|switch|p2a: Lapras|Lapras, F|100/100
|move|p1a: Samuel|Knock Off|p2a: Lapras
|-damage|p2a: Lapras|49/100
|-enditem|p2a: Lapras|Expert Belt|[from] move: Knock Off|[of] p1a: Samuel
|-damage|p1a: Samuel|91/100|[from] item: Life Orb
|
|upkeep
|turn|12
|
|t:|1743886308
|move|p1a: Samuel|Sacred Sword|p2a: Lapras
|-supereffective|p2a: Lapras
|-damage|p2a: Lapras|0 fnt
|faint|p2a: Lapras
|-damage|p1a: Samuel|81/100|[from] item: Life Orb
|
|upkeep
|
|t:|1743886313
|switch|p2a: Mienshao|Mienshao, F|100/100
|turn|13
|
|t:|1743886334
|switch|p1a: The Grill|Scizor, M|100/100
|-damage|p1a: The Grill|88/100|[from] Stealth Rock
|move|p2a: Mienshao|Close Combat|p1a: The Grill
|-damage|p1a: The Grill|0 fnt
|-unboost|p2a: Mienshao|def|1
|-unboost|p2a: Mienshao|spd|1
|faint|p1a: The Grill
|-damage|p2a: Mienshao|91/100|[from] item: Life Orb
|
|upkeep
|
|t:|1743886344
|switch|p1a: He's Baby Keem|Cinderace, M|84/100
|turn|14
|
|t:|1743886349
|switch|p2a: Landorus|Landorus-Therian, M|79/100
|-ability|p2a: Landorus|Intimidate|boost
|-unboost|p1a: He's Baby Keem|atk|1
|move|p1a: He's Baby Keem|Pyro Ball|p2a: Landorus
|-damage|p2a: Landorus|39/100
|-status|p2a: Landorus|brn
|
|-damage|p2a: Landorus|33/100 brn|[from] brn
|upkeep
|turn|15
|
|t:|1743886360
|move|p1a: He's Baby Keem|Court Change|p1a: He's Baby Keem
|-start|p1a: He's Baby Keem|typechange|Normal|[from] ability: Libero
|-swapsideconditions
|-activate|p1a: He's Baby Keem|move: Court Change
|move|p2a: Landorus|Earth Power|p1a: He's Baby Keem
|-damage|p1a: He's Baby Keem|35/100
|
|-damage|p2a: Landorus|27/100 brn|[from] brn
|upkeep
|turn|16
|
|t:|1743886377
|switch|p1a: Jared|Weavile, M|100/100
|-ability|p1a: Jared|Pressure
|move|p2a: Landorus|Earth Power|p1a: Jared
|-damage|p1a: Jared|59/100
|
|-damage|p2a: Landorus|21/100 brn|[from] brn
|upkeep
|turn|17
|
|t:|1743886391
|move|p1a: Jared|Swords Dance|p1a: Jared
|-boost|p1a: Jared|atk|2
|move|p2a: Landorus|Stealth Rock|p1a: Jared
|-sidestart|p1: trovz|move: Stealth Rock
|
|-damage|p2a: Landorus|15/100 brn|[from] brn
|upkeep
|turn|18
|
|t:|1743886397
|move|p1a: Jared|Swords Dance|p1a: Jared
|-boost|p1a: Jared|atk|2
|move|p2a: Landorus|Earth Power|p1a: Jared
|-damage|p1a: Jared|18/100
|-unboost|p1a: Jared|spd|1
|
|-damage|p2a: Landorus|9/100 brn|[from] brn
|upkeep
|turn|19
|
|t:|1743886406
|move|p1a: Jared|Ice Shard|p2a: Landorus
|-supereffective|p2a: Landorus
|-damage|p2a: Landorus|0 fnt
|faint|p2a: Landorus
|
|upkeep
|
|t:|1743886408
|switch|p2a: Metagross|Metagross|100/100
|-damage|p2a: Metagross|95/100|[from] Stealth Rock
|turn|20
|
|t:|1743886413
|move|p2a: Metagross|Bullet Punch|p1a: Jared
|-supereffective|p1a: Jared
|-damage|p1a: Jared|0 fnt
|faint|p1a: Jared
|
|upkeep
|
|t:|1743886417
|switch|p1a: He's Baby Keem|Cinderace, M|35/100
|turn|21
|
|t:|1743886421
|switch|p2a: Slowking|Slowking-Galar, F|100/100
|-damage|p2a: Slowking|88/100|[from] Stealth Rock
|move|p1a: He's Baby Keem|Pyro Ball|p2a: Slowking|[miss]
|-miss|p1a: He's Baby Keem|p2a: Slowking
|
|upkeep
|turn|22
|
|t:|1743886428
|move|p1a: He's Baby Keem|U-turn|p2a: Slowking
|-start|p1a: He's Baby Keem|typechange|Bug|[from] ability: Libero
|-damage|p2a: Slowking|54/100
|
|t:|1743886431
|switch|p1a: Samuel|Samurott-Hisui, M|81/100|[from] U-turn
|-damage|p1a: Samuel|68/100|[from] Stealth Rock
|move|p2a: Slowking|Sludge Bomb|p1a: Samuel
|-damage|p1a: Samuel|19/100
|
|upkeep
|turn|23
|
|t:|1743886441
|move|p1a: Samuel|Ceaseless Edge|p2a: Slowking
|-supereffective|p2a: Slowking
|-enditem|p2a: Slowking|Colbur Berry|[eat]
|-enditem|p2a: Slowking|Colbur Berry|[weaken]
|-damage|p2a: Slowking|0 fnt
|-sidestart|p2: vific|Spikes
|faint|p2a: Slowking
|-damage|p1a: Samuel|9/100|[from] item: Life Orb
|
|upkeep
|
|t:|1743886452
|switch|p2a: Metagross|Metagross|95/100
|-damage|p2a: Metagross|89/100|[from] Stealth Rock
|-damage|p2a: Metagross|76/100|[from] Spikes
|turn|24
|
|t:|1743886459
|move|p2a: Metagross|Bullet Punch|p1a: Samuel
|-resisted|p1a: Samuel
|-damage|p1a: Samuel|0 fnt
|faint|p1a: Samuel
|
|upkeep
|
|t:|1743886464
|switch|p1a: He's Baby Keem|Cinderace, M|35/100
|turn|25
|
|t:|1743886477
|move|p2a: Metagross|Bullet Punch|p1a: He's Baby Keem
|-resisted|p1a: He's Baby Keem
|-damage|p1a: He's Baby Keem|17/100
|move|p1a: He's Baby Keem|Pyro Ball|p2a: Metagross
|-supereffective|p2a: Metagross
|-crit|p2a: Metagross
|-damage|p2a: Metagross|0 fnt
|faint|p2a: Metagross
|
|upkeep
|
|t:|1743886479
|switch|p2a: Mienshao|Mienshao, F|100/100
|-damage|p2a: Mienshao|95/100|[from] Stealth Rock
|-damage|p2a: Mienshao|82/100|[from] Spikes
|turn|26
|
|t:|1743886488
|-terastallize|p1a: He's Baby Keem|Fire
|-terastallize|p2a: Mienshao|Normal
|move|p2a: Mienshao|Fake Out|p1a: He's Baby Keem
|-damage|p1a: He's Baby Keem|0 fnt
|faint|p1a: He's Baby Keem
|-damage|p2a: Mienshao|72/100|[from] item: Life Orb
|
|win|vific
|raw|trovz's rating: 1216 &rarr; <strong>1193</strong><br />(-23 for losing)
|raw|vific's rating: 1237 &rarr; <strong>1260</strong><br />(+23 for winning)
|l|☆trovz
|player|p1|
|l|☆vific
|player|p2|
