|j|☆Dimitry5000
|j|☆cab3to
|t:|1743840036
|gametype|singles
|player|p1|Dimitry5000|cyclistf-gen4|1294
|player|p2|cab3to|170|1360
|teamsize|p1|6
|teamsize|p2|6
|gen|9
|tier|[Gen 9] OU
|rated|
|rule|HP Percentage Mod: HP is shown in percentages
|rule|Endless Battle Clause: Forcing endless battles is banned
|rule|Species Clause: Limit one of each Pokémon
|rule|OHKO Clause: OHKO moves are banned
|rule|Evasion Items Clause: Evasion items are banned
|rule|Evasion Moves Clause: Evasion moves are banned
|rule|Sleep Moves Clause: Sleep-inducing moves are banned
|clearpoke
|poke|p1|Toxapex, F|
|poke|p1|Gliscor, F|
|poke|p1|Dondozo, F|
|poke|p1|Blissey, F|
|poke|p1|Corviknight, M|
|poke|p1|Clefable, M|
|poke|p2|Garganacl, F|
|poke|p2|Blissey, F|
|poke|p2|Iron Jugulis|
|poke|p2|Dondozo, M|
|poke|p2|Landorus-Therian, M|
|poke|p2|Iron Valiant|
|teampreview
|
|t:|1743840055
|start
|switch|p1a: Toxapex|Toxapex, F|100/100
|switch|p2a: Landorus|Landorus-Therian, M|100/100
|-ability|p2a: Landorus|Intimidate|boost
|-unboost|p1a: Toxapex|atk|1
|turn|1
|
|t:|1743840064
|move|p2a: Landorus|Stealth Rock|p1a: Toxapex
|-sidestart|p1: Dimitry5000|move: Stealth Rock
|move|p1a: Toxapex|Surf|p2a: Landorus
|-supereffective|p2a: Landorus
|-damage|p2a: Landorus|57/100
|
|upkeep
|turn|2
|
|t:|1743840071
|move|p2a: Landorus|Earth Power|p1a: Toxapex
|-supereffective|p1a: Toxapex
|-damage|p1a: Toxapex|41/100
|move|p1a: Toxapex|Surf|p2a: Landorus
|-supereffective|p2a: Landorus
|-damage|p2a: Landorus|4/100
|
|upkeep
|turn|3
|
|t:|1743840082
|switch|p1a: Corviknight|Corviknight, M|100/100
|-damage|p1a: Corviknight|88/100|[from] Stealth Rock
|move|p2a: Landorus|Rest|p2a: Landorus
|-status|p2a: Landorus|slp|[from] move: Rest
|-heal|p2a: Landorus|100/100 slp|[silent]
|
|upkeep
|turn|4
|
|t:|1743840093
|switch|p2a: Garganacl|Garganacl, F|100/100
|move|p1a: Corviknight|Defog|p2a: Garganacl
|-unboost|p2a: Garganacl|evasion|1
|-sideend|p1: Dimitry5000|Stealth Rock|[from] move: Defog|[of] p1a: Corviknight
|
|upkeep
|turn|5
|
|t:|1743840113
|move|p1a: Corviknight|Body Press|p2a: Garganacl
|-supereffective|p2a: Garganacl
|-damage|p2a: Garganacl|74/100
|move|p2a: Garganacl|Curse|p2a: Garganacl
|-unboost|p2a: Garganacl|spe|1
|-boost|p2a: Garganacl|atk|1
|-boost|p2a: Garganacl|def|1
|
|-heal|p2a: Garganacl|80/100|[from] item: Leftovers
|upkeep
|turn|6
|
|t:|1743840123
|switch|p1a: Dondozo|Dondozo, F|100/100
|move|p2a: Garganacl|Curse|p2a: Garganacl
|-unboost|p2a: Garganacl|spe|1
|-boost|p2a: Garganacl|atk|1
|-boost|p2a: Garganacl|def|1
|
|-heal|p2a: Garganacl|86/100|[from] item: Leftovers
|upkeep
|turn|7
|
|t:|1743840136
|-terastallize|p2a: Garganacl|Ghost
|move|p1a: Dondozo|Waterfall|p2a: Garganacl
|-damage|p2a: Garganacl|69/100
|move|p2a: Garganacl|Salt Cure|p1a: Dondozo
|-damage|p1a: Dondozo|95/100
|-start|p1a: Dondozo|Salt Cure
|
|-heal|p1a: Dondozo|100/100|[from] item: Leftovers
|-heal|p2a: Garganacl|75/100|[from] item: Leftovers
|-damage|p1a: Dondozo|75/100|[from] Salt Cure
|upkeep
|turn|8
|
|t:|1743840149
|switch|p1a: Toxapex|Toxapex, F|74/100
|move|p2a: Garganacl|Salt Cure|p1a: Toxapex
|-damage|p1a: Toxapex|56/100
|-start|p1a: Toxapex|Salt Cure
|
|-heal|p2a: Garganacl|81/100|[from] item: Leftovers
|-damage|p1a: Toxapex|32/100|[from] Salt Cure
|upkeep
|turn|9
|
|t:|1743840160
|switch|p1a: Clefable|Clefable, M|100/100
|move|p2a: Garganacl|Salt Cure|p1a: Clefable
|-damage|p1a: Clefable|91/100
|-start|p1a: Clefable|Salt Cure
|
|-heal|p1a: Clefable|97/100|[from] item: Leftovers
|-heal|p2a: Garganacl|87/100|[from] item: Leftovers
|-damage|p1a: Clefable|84/100|[from] Salt Cure
|upkeep
|turn|10
|
|t:|1743840176
|move|p1a: Clefable|Calm Mind|p1a: Clefable
|-boost|p1a: Clefable|spa|1
|-boost|p1a: Clefable|spd|1
|move|p2a: Garganacl|Salt Cure|p1a: Clefable
|-damage|p1a: Clefable|73/100
|
|-heal|p1a: Clefable|79/100|[from] item: Leftovers
|-heal|p2a: Garganacl|93/100|[from] item: Leftovers
|-damage|p1a: Clefable|66/100|[from] Salt Cure
|upkeep
|turn|11
|
|t:|1743840189
|move|p1a: Clefable|Wish|p1a: Clefable
|move|p2a: Garganacl|Curse|p1a: Clefable
|-start|p1a: Clefable|Curse|[of] p2a: Garganacl
|-damage|p2a: Garganacl|43/100
|
|-heal|p1a: Clefable|73/100|[from] item: Leftovers
|-heal|p2a: Garganacl|49/100|[from] item: Leftovers
|-damage|p1a: Clefable|48/100|[from] Curse
|-damage|p1a: Clefable|35/100|[from] Salt Cure
|upkeep
|turn|12
|
|t:|1743840200
|switch|p1a: Dondozo|Dondozo, F|75/100
|move|p2a: Garganacl|Salt Cure|p1a: Dondozo
|-damage|p1a: Dondozo|70/100
|-start|p1a: Dondozo|Salt Cure
|
|-heal|p1a: Dondozo|100/100|[from] move: Wish|[wisher] Clefable
|-heal|p2a: Garganacl|55/100|[from] item: Leftovers
|-damage|p1a: Dondozo|75/100|[from] Salt Cure
|upkeep
|turn|13
|
|t:|1743840214
|switch|p1a: Clefable|Clefable, M|35/100
|move|p2a: Garganacl|Salt Cure|p1a: Clefable
|-damage|p1a: Clefable|25/100
|-start|p1a: Clefable|Salt Cure
|
|-heal|p1a: Clefable|31/100|[from] item: Leftovers
|-heal|p2a: Garganacl|61/100|[from] item: Leftovers
|-damage|p1a: Clefable|18/100|[from] Salt Cure
|upkeep
|turn|14
|
|t:|1743840229
|switch|p1a: Gliscor|Gliscor, F|100/100
|move|p2a: Garganacl|Salt Cure|p1a: Gliscor
|-damage|p1a: Gliscor|77/100
|-start|p1a: Gliscor|Salt Cure
|
|-heal|p2a: Garganacl|67/100|[from] item: Leftovers
|-damage|p1a: Gliscor|65/100|[from] Salt Cure
|-status|p1a: Gliscor|tox|[from] item: Toxic Orb
|upkeep
|turn|15
|
|t:|1743840241
|switch|p1a: Toxapex|Toxapex, F|65/100
|move|p2a: Garganacl|Salt Cure|p1a: Toxapex
|-damage|p1a: Toxapex|48/100
|-start|p1a: Toxapex|Salt Cure
|
|-heal|p2a: Garganacl|73/100|[from] item: Leftovers
|-damage|p1a: Toxapex|23/100|[from] Salt Cure
|upkeep
|turn|16
|
|t:|1743840254
|switch|p1a: Blissey|Blissey, F|100/100
|move|p2a: Garganacl|Salt Cure|p1a: Blissey
|-damage|p1a: Blissey|73/100
|-start|p1a: Blissey|Salt Cure
|
|-heal|p2a: Garganacl|79/100|[from] item: Leftovers
|-damage|p1a: Blissey|61/100|[from] Salt Cure
|upkeep
|turn|17
|
|t:|1743840266
|move|p1a: Blissey|Thunder Wave|p2a: Garganacl
|-immune|p2a: Garganacl|[from] ability: Purifying Salt
|move|p2a: Garganacl|Curse|p1a: Blissey
|-start|p1a: Blissey|Curse|[of] p2a: Garganacl
|-damage|p2a: Garganacl|29/100
|
|-heal|p2a: Garganacl|35/100|[from] item: Leftovers
|-damage|p1a: Blissey|36/100|[from] Curse
|-damage|p1a: Blissey|24/100|[from] Salt Cure
|upkeep
|turn|18
|
|t:|1743840285
|switch|p1a: Toxapex|Toxapex, F|56/100
|move|p2a: Garganacl|Recover|p2a: Garganacl
|-heal|p2a: Garganacl|85/100
|
|-heal|p2a: Garganacl|91/100|[from] item: Leftovers
|upkeep
|turn|19
|
|t:|1743840293
|switch|p1a: Gliscor|Gliscor, F|65/100 tox
|move|p2a: Garganacl|Salt Cure|p1a: Gliscor
|-damage|p1a: Gliscor|42/100 tox
|-start|p1a: Gliscor|Salt Cure
|
|-heal|p2a: Garganacl|97/100|[from] item: Leftovers
|-heal|p1a: Gliscor|54/100 tox|[from] ability: Poison Heal
|-damage|p1a: Gliscor|42/100 tox|[from] Salt Cure
|upkeep
|turn|20
|
|t:|1743840304
|switch|p1a: Toxapex|Toxapex, F|90/100
|move|p2a: Garganacl|Curse|p1a: Toxapex
|-start|p1a: Toxapex|Curse|[of] p2a: Garganacl
|-damage|p2a: Garganacl|47/100
|
|-heal|p2a: Garganacl|53/100|[from] item: Leftovers
|-damage|p1a: Toxapex|65/100|[from] Curse
|upkeep
|turn|21
|
|t:|1743840319
|switch|p1a: Dondozo|Dondozo, F|75/100
|move|p2a: Garganacl|Salt Cure|p1a: Dondozo
|-damage|p1a: Dondozo|70/100
|-start|p1a: Dondozo|Salt Cure
|
|-heal|p1a: Dondozo|76/100|[from] item: Leftovers
|-heal|p2a: Garganacl|59/100|[from] item: Leftovers
|-damage|p1a: Dondozo|51/100|[from] Salt Cure
|upkeep
|turn|22
|
|t:|1743840332
|move|p1a: Dondozo|Rest|p1a: Dondozo
|-status|p1a: Dondozo|slp|[from] move: Rest
|-heal|p1a: Dondozo|100/100 slp|[silent]
|move|p2a: Garganacl|Salt Cure|p1a: Dondozo
|-damage|p1a: Dondozo|94/100 slp
|
|-heal|p1a: Dondozo|99/100 slp|[from] item: Leftovers
|-heal|p2a: Garganacl|65/100|[from] item: Leftovers
|-damage|p1a: Dondozo|75/100 slp|[from] Salt Cure
|upkeep
|turn|23
|
|t:|1743840354
|switch|p1a: Toxapex|Toxapex, F|98/100
|switch|p2a: Iron Valiant|Iron Valiant|100/100
|-enditem|p2a: Iron Valiant|Booster Energy
|-activate|p2a: Iron Valiant|ability: Quark Drive|[fromitem]
|-start|p2a: Iron Valiant|quarkdrivespe
|
|upkeep
|turn|24
|
|t:|1743840365
|-end|p2a: Iron Valiant|Quark Drive|[silent]
|switch|p2a: Blissey|Blissey, F|100/100
|move|p1a: Toxapex|Toxic|p2a: Blissey
|-status|p2a: Blissey|tox
|
|-damage|p2a: Blissey|94/100 tox|[from] psn
|upkeep
|turn|25
|
|t:|1743840376
|move|p2a: Blissey|Thunder Wave|p1a: Toxapex
|-status|p1a: Toxapex|par
|move|p1a: Toxapex|Surf|p2a: Blissey
|-crit|p2a: Blissey
|-damage|p2a: Blissey|84/100 tox
|
|-heal|p2a: Blissey|91/100 tox|[from] item: Leftovers
|-damage|p2a: Blissey|78/100 tox|[from] psn
|upkeep
|turn|26
|
|t:|1743840387
|-curestatus|p2a: Blissey|tox|[from] ability: Natural Cure
|switch|p2a: Landorus|Landorus-Therian, M|100/100 slp
|-ability|p2a: Landorus|Intimidate|boost
|-unboost|p1a: Toxapex|atk|1
|move|p1a: Toxapex|Toxic||[still]
|-fail|p1a: Toxapex
|
|upkeep
|turn|27
|
|t:|1743840397
|switch|p2a: Garganacl|Garganacl, F, tera:Ghost|65/100
|cant|p1a: Toxapex|par
|
|-heal|p2a: Garganacl|71/100|[from] item: Leftovers
|upkeep
|turn|28
|
|t:|1743840417
|switch|p2a: Landorus|Landorus-Therian, M|100/100 slp
|-ability|p2a: Landorus|Intimidate|boost
|-unboost|p1a: Toxapex|atk|1
|switch|p1a: Corviknight|Corviknight, M|88/100
|
|upkeep
|turn|29
|
|t:|1743840427
|cant|p2a: Landorus|slp
|move|p1a: Corviknight|Brave Bird|p2a: Landorus
|-damage|p2a: Landorus|56/100 slp
|-damage|p1a: Corviknight|71/100|[from] item: Rocky Helmet|[of] p2a: Landorus
|-damage|p1a: Corviknight|60/100|[from] Recoil
|
|upkeep
|turn|30
|
|t:|1743840436
|switch|p1a: Gliscor|Gliscor, F|42/100 tox
|cant|p2a: Landorus|slp
|
|-heal|p1a: Gliscor|54/100 tox|[from] ability: Poison Heal
|upkeep
|turn|31
|
|t:|1743840445
|move|p1a: Gliscor|Substitute|p1a: Gliscor
|-start|p1a: Gliscor|Substitute
|-damage|p1a: Gliscor|29/100 tox
|-curestatus|p2a: Landorus|slp|[msg]
|move|p2a: Landorus|Stealth Rock|p1a: Gliscor
|-sidestart|p1: Dimitry5000|move: Stealth Rock
|
|-heal|p1a: Gliscor|42/100 tox|[from] ability: Poison Heal
|upkeep
|turn|32
|
|t:|1743840461
|switch|p2a: Dondozo|Dondozo, M|100/100
|move|p1a: Gliscor|Toxic|p2a: Dondozo
|-status|p2a: Dondozo|tox
|
|-heal|p1a: Gliscor|54/100 tox|[from] ability: Poison Heal
|-damage|p2a: Dondozo|94/100 tox|[from] psn
|upkeep
|turn|33
|-message|cab3to forfeited.
|
|win|Dimitry5000
|raw|Dimitry5000's rating: 1294 &rarr; <strong>1324</strong><br />(+30 for winning)
|raw|cab3to's rating: 1360 &rarr; <strong>1336</strong><br />(-24 for losing)
|l|☆cab3to
|player|p2|
|l|☆Dimitry5000
|player|p1|
