|j|☆Rocktar Made
|j|☆brolyk
|t:|1743809292
|gametype|singles
|player|p1|Rocktar Made|lass-gen4dp|1748
|player|p2|brolyk|brawly|1729
|teamsize|p1|6
|teamsize|p2|6
|gen|9
|tier|[Gen 9] OU
|rated|
|rule|HP Percentage Mod: HP is shown in percentages
|rule|Endless Battle Clause: Forcing endless battles is banned
|rule|Species Clause: Limit one of each Pokémon
|rule|OHKO Clause: OHKO moves are banned
|rule|Evasion Items Clause: Evasion items are banned
|rule|Evasion Moves Clause: Evasion moves are banned
|rule|Sleep Moves Clause: Sleep-inducing moves are banned
|clearpoke
|poke|p1|Weezing-Galar, F|
|poke|p1|Alomomola, F|
|poke|p1|Enamorus, F|
|poke|p1|Iron Treads|
|poke|p1|Yanmega, M|
|poke|p1|Zamazenta-*|
|poke|p2|Gholdengo|
|poke|p2|Iron Valiant|
|poke|p2|Ogerpon-Wellspring, F|
|poke|p2|Enamorus, F|
|poke|p2|Dragonite, M|
|poke|p2|Iron Treads|
|teampreview
|inactive|Battle timer is ON: inactive players will automatically lose when time's up. (requested by Rocktar Made)
|
|t:|1743809309
|start
|switch|p1a: Yanmega|Yanmega, M, shiny|100/100
|switch|p2a: Iron Treads|Iron Treads|100/100
|-enditem|p2a: Iron Treads|Booster Energy
|-activate|p2a: Iron Treads|ability: Quark Drive|[fromitem]
|-start|p2a: Iron Treads|quarkdrivespe
|turn|1
|
|t:|1743809318
|move|p2a: Iron Treads|Knock Off|p1a: Yanmega
|-damage|p1a: Yanmega|62/100
|-enditem|p1a: Yanmega|Choice Specs|[from] move: Knock Off|[of] p2a: Iron Treads
|move|p1a: Yanmega|Bug Buzz|p2a: Iron Treads
|-resisted|p2a: Iron Treads
|-damage|p2a: Iron Treads|26/100
|
|upkeep
|turn|2
|
|t:|1743809327
|move|p2a: Iron Treads|Stealth Rock|p1a: Yanmega
|-sidestart|p1: Rocktar Made|move: Stealth Rock
|move|p1a: Yanmega|Air Slash|p2a: Iron Treads
|-resisted|p2a: Iron Treads
|-damage|p2a: Iron Treads|0 fnt
|faint|p2a: Iron Treads
|-end|p2a: Iron Treads|Quark Drive|[silent]
|
|upkeep
|
|t:|1743809336
|switch|p2a: Ogerpon|Ogerpon-Wellspring, F|100/100
|turn|3
|
|t:|1743809339
|move|p2a: Ogerpon|Ivy Cudgel|p1a: Yanmega|[anim] Ivy Cudgel Water
|-damage|p1a: Yanmega|0 fnt
|faint|p1a: Yanmega
|
|upkeep
|
|t:|1743809343
|switch|p1a: Weezing|Weezing-Galar, F|100/100
|-ability|p1a: Weezing|Neutralizing Gas
|-damage|p1a: Weezing|88/100|[from] Stealth Rock
|turn|4
|
|t:|1743809349
|switch|p2a: Gholdengo|Gholdengo|100/100
|-item|p2a: Gholdengo|Air Balloon
|move|p1a: Weezing|Will-O-Wisp|p2a: Gholdengo
|-status|p2a: Gholdengo|brn
|
|-heal|p1a: Weezing|94/100|[from] item: Leftovers
|-damage|p2a: Gholdengo|94/100 brn|[from] brn
|upkeep
|turn|5
|
|t:|1743809360
|-end|p1a: Weezing|ability: Neutralizing Gas
|switch|p1a: Alomomola|Alomomola, F|100/100
|-damage|p1a: Alomomola|88/100|[from] Stealth Rock
|move|p2a: Gholdengo|Shadow Ball|p1a: Alomomola
|-damage|p1a: Alomomola|63/100
|
|-damage|p2a: Gholdengo|88/100 brn|[from] brn
|upkeep
|turn|6
|
|t:|1743809369
|switch|p2a: Ogerpon|Ogerpon-Wellspring, F|100/100
|switch|p1a: Weezing|Weezing-Galar, F|94/100
|-ability|p1a: Weezing|Neutralizing Gas
|-damage|p1a: Weezing|82/100|[from] Stealth Rock
|
|-heal|p1a: Weezing|88/100|[from] item: Leftovers
|upkeep
|turn|7
|j| Deadbyflinch
|
|t:|1743809378
|switch|p2a: Gholdengo|Gholdengo|88/100 brn
|-item|p2a: Gholdengo|Air Balloon
|move|p1a: Weezing|Defog|p2a: Gholdengo
|-unboost|p2a: Gholdengo|evasion|1
|-sideend|p1: Rocktar Made|Stealth Rock|[from] move: Defog|[of] p1a: Weezing
|
|-heal|p1a: Weezing|94/100|[from] item: Leftovers
|-damage|p2a: Gholdengo|82/100 brn|[from] brn
|upkeep
|turn|8
|j| apostlebird
|
|t:|1743809390
|-end|p1a: Weezing|ability: Neutralizing Gas
|switch|p1a: Alomomola|Alomomola, F|96/100
|move|p2a: Gholdengo|Nasty Plot|p2a: Gholdengo
|-boost|p2a: Gholdengo|spa|2
|
|-damage|p2a: Gholdengo|76/100 brn|[from] brn
|upkeep
|turn|9
|
|t:|1743809420
|switch|p2a: Ogerpon|Ogerpon-Wellspring, F|100/100
|move|p1a: Alomomola|Mirror Coat||[still]
|-fail|p1a: Alomomola
|
|upkeep
|turn|10
|
|t:|1743809431
|switch|p1a: Weezing|Weezing-Galar, F|94/100
|-ability|p1a: Weezing|Neutralizing Gas
|move|p2a: Ogerpon|Swords Dance|p2a: Ogerpon
|-boost|p2a: Ogerpon|atk|2
|
|-heal|p1a: Weezing|99/100|[from] item: Leftovers
|upkeep
|turn|11
|
|t:|1743809443
|-terastallize|p2a: Ogerpon|Water
|detailschange|p2a: Ogerpon|Ogerpon-Wellspring-Tera, F, tera:Water
|move|p2a: Ogerpon|Ivy Cudgel|p1a: Weezing|[anim] Ivy Cudgel Water
|-damage|p1a: Weezing|0 fnt
|faint|p1a: Weezing
|-end|p1a: Weezing|ability: Neutralizing Gas
|-ability|p2a: Ogerpon|Embody Aspect (Wellspring)|boost
|-boost|p2a: Ogerpon|spd|1
|
|upkeep
|
|t:|1743809448
|switch|p1a: Zamazenta|Zamazenta|100/100
|-ability|p1a: Zamazenta|Dauntless Shield|boost
|-boost|p1a: Zamazenta|def|1
|turn|12
|
|t:|1743809452
|move|p1a: Zamazenta|Close Combat|p2a: Ogerpon
|-damage|p2a: Ogerpon|0 fnt
|-unboost|p1a: Zamazenta|def|1
|-unboost|p1a: Zamazenta|spd|1
|faint|p2a: Ogerpon
|-damage|p1a: Zamazenta|91/100|[from] item: Life Orb
|
|upkeep
|
|t:|1743809468
|switch|p2a: Iron Valiant|Iron Valiant|100/100
|-enditem|p2a: Iron Valiant|Booster Energy
|-activate|p2a: Iron Valiant|ability: Quark Drive|[fromitem]
|-start|p2a: Iron Valiant|quarkdrivespe
|turn|13
|
|t:|1743809471
|switch|p1a: Alomomola|Alomomola, F|100/100
|move|p2a: Iron Valiant|Calm Mind|p2a: Iron Valiant
|-boost|p2a: Iron Valiant|spa|1
|-boost|p2a: Iron Valiant|spd|1
|
|upkeep
|turn|14
|
|t:|1743809477
|move|p2a: Iron Valiant|Calm Mind|p2a: Iron Valiant
|-boost|p2a: Iron Valiant|spa|1
|-boost|p2a: Iron Valiant|spd|1
|move|p1a: Alomomola|Flip Turn|p2a: Iron Valiant
|-damage|p2a: Iron Valiant|80/100
|
|t:|1743809479
|switch|p1a: Iron Treads|Iron Treads|100/100|[from] Flip Turn
|
|upkeep
|turn|15
|
|t:|1743809484
|move|p2a: Iron Valiant|Shadow Ball|p1a: Iron Treads
|-damage|p1a: Iron Treads|57/100
|move|p1a: Iron Treads|Earthquake|p2a: Iron Valiant
|-damage|p2a: Iron Valiant|31/100
|
|-heal|p1a: Iron Treads|63/100|[from] item: Leftovers
|upkeep
|turn|16
|
|t:|1743809505
|-end|p2a: Iron Valiant|Quark Drive|[silent]
|switch|p2a: Gholdengo|Gholdengo|76/100 brn
|-item|p2a: Gholdengo|Air Balloon
|move|p1a: Iron Treads|Earthquake|p2a: Gholdengo
|-immune|p2a: Gholdengo
|
|-heal|p1a: Iron Treads|70/100|[from] item: Leftovers
|-damage|p2a: Gholdengo|69/100 brn|[from] brn
|upkeep
|turn|17
|
|t:|1743809513
|move|p1a: Iron Treads|Knock Off|p2a: Gholdengo
|-supereffective|p2a: Gholdengo
|-damage|p2a: Gholdengo|25/100 brn
|-enditem|p2a: Gholdengo|Air Balloon
|move|p2a: Gholdengo|Nasty Plot|p2a: Gholdengo
|-boost|p2a: Gholdengo|spa|2
|
|-heal|p1a: Iron Treads|76/100|[from] item: Leftovers
|-damage|p2a: Gholdengo|19/100 brn|[from] brn
|upkeep
|turn|18
|
|t:|1743809516
|move|p1a: Iron Treads|Earthquake|p2a: Gholdengo
|-supereffective|p2a: Gholdengo
|-damage|p2a: Gholdengo|0 fnt
|faint|p2a: Gholdengo
|
|-heal|p1a: Iron Treads|82/100|[from] item: Leftovers
|upkeep
|
|t:|1743809522
|switch|p2a: Iron Valiant|Iron Valiant|31/100
|turn|19
|
|t:|1743809524
|move|p2a: Iron Valiant|Encore|p1a: Iron Treads
|-start|p1a: Iron Treads|Encore
|move|p1a: Iron Treads|Earthquake|p2a: Iron Valiant
|-damage|p2a: Iron Valiant|0 fnt
|faint|p2a: Iron Valiant
|-end|p2a: Iron Valiant|Quark Drive|[silent]
|
|-heal|p1a: Iron Treads|88/100|[from] item: Leftovers
|upkeep
|
|t:|1743809528
|switch|p2a: Dragonite|Dragonite, M|100/100
|turn|20
|
|t:|1743809531
|-end|p1a: Iron Treads|Quark Drive|[silent]
|switch|p1a: Enamorus|Enamorus, F|100/100
|move|p2a: Dragonite|Dragon Dance|p2a: Dragonite
|-boost|p2a: Dragonite|atk|1
|-boost|p2a: Dragonite|spe|1
|
|upkeep
|turn|21
|
|t:|1743809538
|move|p1a: Enamorus|Moonblast|p2a: Dragonite
|-supereffective|p2a: Dragonite
|-damage|p2a: Dragonite|43/100
|move|p2a: Dragonite|Dragon Dance|p2a: Dragonite
|-boost|p2a: Dragonite|atk|1
|-boost|p2a: Dragonite|spe|1
|
|upkeep
|turn|22
|
|t:|1743809547
|move|p2a: Dragonite|Ice Spinner|p1a: Enamorus
|-supereffective|p1a: Enamorus
|-damage|p1a: Enamorus|0 fnt
|faint|p1a: Enamorus
|
|upkeep
|
|t:|1743809552
|switch|p1a: Zamazenta|Zamazenta|91/100
|turn|23
|
|t:|1743809559
|move|p2a: Dragonite|Earthquake|p1a: Zamazenta
|-damage|p1a: Zamazenta|17/100
|move|p1a: Zamazenta|Stone Edge|p2a: Dragonite
|-supereffective|p2a: Dragonite
|-damage|p2a: Dragonite|0 fnt
|faint|p2a: Dragonite
|-damage|p1a: Zamazenta|8/100|[from] item: Life Orb
|
|upkeep
|c|☆brolyk|g
|
|t:|1743809574
|switch|p2a: Enamorus|Enamorus, F|100/100
|turn|24
|
|t:|1743809583
|move|p2a: Enamorus|Earth Power|p1a: Zamazenta
|-damage|p1a: Zamazenta|0 fnt
|faint|p1a: Zamazenta
|
|upkeep
|
|t:|1743809586
|switch|p1a: Alomomola|Alomomola, F|100/100
|turn|25
|
|t:|1743809589
|move|p2a: Enamorus|Earth Power|p1a: Alomomola
|-damage|p1a: Alomomola|83/100
|move|p1a: Alomomola|Mirror Coat|p2a: Enamorus
|-damage|p2a: Enamorus|44/100
|
|upkeep
|turn|26
|
|t:|1743809593
|move|p2a: Enamorus|Earth Power|p1a: Alomomola
|-damage|p1a: Alomomola|65/100
|move|p1a: Alomomola|Mirror Coat|p2a: Enamorus
|-damage|p2a: Enamorus|0 fnt
|faint|p2a: Enamorus
|
|win|Rocktar Made
|raw|Rocktar Made's rating: 1748 &rarr; <strong>1767</strong><br />(+19 for winning)
|raw|brolyk's rating: 1729 &rarr; <strong>1710</strong><br />(-19 for losing)
|l|☆brolyk
|player|p2|
|l| apostlebird
|l|☆Rocktar Made
|player|p1|
|l| Deadbyflinch
