|j|☆Billygunter
|j|☆Itsterra
|t:|1743779446
|gametype|singles
|player|p1|Billygunter|170|1630
|player|p2|Itsterra|lacey|1591
|teamsize|p1|6
|teamsize|p2|6
|gen|9
|tier|[Gen 9] OU
|rated|
|rule|HP Percentage Mod: HP is shown in percentages
|rule|Endless Battle Clause: Forcing endless battles is banned
|rule|Species Clause: Limit one of each Pokémon
|rule|OHKO Clause: OHKO moves are banned
|rule|Evasion Items Clause: Evasion items are banned
|rule|Evasion Moves Clause: Evasion moves are banned
|rule|Sleep Moves Clause: Sleep-inducing moves are banned
|clearpoke
|poke|p1|Cobalion|
|poke|p1|Pecharunt|
|poke|p1|Iron Treads|
|poke|p1|Ting-Lu|
|poke|p1|Ogerpon-Wellspring, F|
|poke|p1|Dragapult, M|
|poke|p2|Dragapult, F|
|poke|p2|Primarina, M|
|poke|p2|Iron Crown|
|poke|p2|Samurott-Hisui, M|
|poke|p2|Kingambit, F|
|poke|p2|Landorus-Therian, M|
|teampreview
|
|t:|1743779459
|start
|switch|p1a: Dragapult|Dragapult, M|100/100
|switch|p2a: Dragapult|Dragapult, F|100/100
|turn|1
|
|t:|1743779475
|switch|p2a: Primarina|Primarina, M|100/100
|switch|p1a: Ting-Lu|Ting-Lu|100/100
|-ability|p1a: Ting-Lu|Vessel of Ruin
|
|upkeep
|turn|2
|
|t:|1743779492
|-terastallize|p1a: Ting-Lu|Water
|move|p2a: Primarina|Moonblast|p1a: Ting-Lu
|-damage|p1a: Ting-Lu|79/100
|move|p1a: Ting-Lu|Spikes|p2a: Primarina
|-sidestart|p2: Itsterra|Spikes
|
|-heal|p1a: Ting-Lu|86/100|[from] item: Leftovers
|upkeep
|turn|3
|
|t:|1743779523
|switch|p2a: Samurott|Samurott-Hisui, M|100/100
|move|p1a: Ting-Lu|Spikes|p2a: Samurott
|-sidestart|p2: Itsterra|Spikes
|
|-heal|p1a: Ting-Lu|92/100|[from] item: Leftovers
|upkeep
|turn|4
|j| Brillantet
|
|t:|1743779532
|switch|p1a: Cobalion|Cobalion|100/100
|move|p2a: Samurott|Ceaseless Edge|p1a: Cobalion|[miss]
|-miss|p2a: Samurott|p1a: Cobalion
|
|upkeep
|turn|5
|
|t:|1743779538
|switch|p2a: Landorus|Landorus-Therian, M|100/100
|-ability|p2a: Landorus|Intimidate|boost
|-unboost|p1a: Cobalion|atk|1
|move|p1a: Cobalion|Stealth Rock|p2a: Landorus
|-sidestart|p2: Itsterra|move: Stealth Rock
|
|upkeep
|turn|6
|
|t:|1743779548
|switch|p1a: Ogerpon|Ogerpon-Wellspring, F|100/100
|move|p2a: Landorus|Stealth Rock|p1a: Ogerpon
|-sidestart|p1: Billygunter|move: Stealth Rock
|
|upkeep
|turn|7
|
|t:|1743779588
|-terastallize|p2a: Landorus|Water
|move|p1a: Ogerpon|Ivy Cudgel|p2a: Landorus|[anim] Ivy Cudgel Water
|-resisted|p2a: Landorus
|-damage|p2a: Landorus|76/100
|move|p2a: Landorus|U-turn|p1a: Ogerpon
|-supereffective|p1a: Ogerpon
|-damage|p1a: Ogerpon|41/100
|
|t:|1743779610
|switch|p2a: Dragapult|Dragapult, F|100/100|[from] U-turn
|-damage|p2a: Dragapult|84/100|[from] Spikes
|-damage|p2a: Dragapult|72/100|[from] Stealth Rock
|
|upkeep
|turn|8
|
|t:|1743779618
|switch|p1a: Ting-Lu|Ting-Lu, tera:Water|92/100
|-damage|p1a: Ting-Lu|79/100|[from] Stealth Rock
|-ability|p1a: Ting-Lu|Vessel of Ruin
|move|p2a: Dragapult|U-turn|p1a: Ting-Lu
|-damage|p1a: Ting-Lu|60/100
|inactive|Battle timer is ON: inactive players will automatically lose when time's up. (requested by Billygunter)
|
|t:|1743779693
|switch|p2a: Samurott|Samurott-Hisui, M|100/100|[from] U-turn
|
|-heal|p1a: Ting-Lu|66/100|[from] item: Leftovers
|upkeep
|turn|9
|
|t:|1743779719
|switch|p1a: Cobalion|Cobalion|100/100
|-damage|p1a: Cobalion|98/100|[from] Stealth Rock
|move|p2a: Samurott|Ceaseless Edge|p1a: Cobalion
|-resisted|p1a: Cobalion
|-damage|p1a: Cobalion|84/100
|-damage|p2a: Samurott|84/100|[from] item: Rocky Helmet|[of] p1a: Cobalion
|-ability|p1a: Cobalion|Justified|boost
|-boost|p1a: Cobalion|atk|1
|-sidestart|p1: Billygunter|Spikes
|
|upkeep
|turn|10
|
|t:|1743779731
|switch|p2a: Primarina|Primarina, M|100/100
|move|p1a: Cobalion|Body Press|p2a: Primarina
|-resisted|p2a: Primarina
|-damage|p2a: Primarina|77/100
|
|upkeep
|turn|11
|
|t:|1743779745
|move|p1a: Cobalion|Volt Switch|p2a: Primarina
|-supereffective|p2a: Primarina
|-damage|p2a: Primarina|50/100
|
|t:|1743779752
|switch|p1a: Iron Treads|Iron Treads|100/100|[from] Volt Switch
|-damage|p1a: Iron Treads|97/100|[from] Stealth Rock
|-item|p1a: Iron Treads|Air Balloon
|move|p2a: Primarina|Moonblast|p1a: Iron Treads
|-resisted|p1a: Iron Treads
|-damage|p1a: Iron Treads|63/100
|-enditem|p1a: Iron Treads|Air Balloon
|
|upkeep
|turn|12
|l| Brillantet
|inactive|Itsterra has 120 seconds left.
|
|t:|1743779801
|move|p1a: Iron Treads|Earthquake|p2a: Primarina
|-damage|p2a: Primarina|0 fnt
|faint|p2a: Primarina
|
|upkeep
|inactive|Itsterra has 90 seconds left.
|inactive|Itsterra has 60 seconds left.
|
|t:|1743779847
|switch|p2a: Samurott|Samurott-Hisui, M|84/100
|turn|13
|
|t:|1743779856
|move|p1a: Iron Treads|Earthquake|p2a: Samurott
|-damage|p2a: Samurott|18/100
|move|p2a: Samurott|Ceaseless Edge|p1a: Iron Treads
|-damage|p1a: Iron Treads|20/100
|-sidestart|p1: Billygunter|Spikes
|
|upkeep
|turn|14
|-message|Itsterra forfeited.
|
|win|Billygunter
|raw|Billygunter's rating: 1630 &rarr; <strong>1648</strong><br />(+18 for winning)
|raw|Itsterra's rating: 1591 &rarr; <strong>1573</strong><br />(-18 for losing)
|l|☆Itsterra
|player|p2|
|l|☆Billygunter
|player|p1|
