|j|☆Victeam1610
|j|☆901ttc
|t:|1743835457
|gametype|singles
|player|p1|Victeam1610|scientist|1139
|player|p2|901ttc|2|1212
|teamsize|p1|6
|teamsize|p2|6
|gen|9
|tier|[Gen 9] OU
|rated|
|rule|HP Percentage Mod: HP is shown in percentages
|rule|Endless Battle Clause: Forcing endless battles is banned
|rule|Species Clause: Limit one of each Pokémon
|rule|OHKO Clause: OHKO moves are banned
|rule|Evasion Items Clause: Evasion items are banned
|rule|Evasion Moves Clause: Evasion moves are banned
|rule|Sleep Moves Clause: Sleep-inducing moves are banned
|clearpoke
|poke|p1|Clodsire, M|
|poke|p1|Samurott-Hisui, M|
|poke|p1|Scizor, F|
|poke|p1|Raichu-Alola, M|
|poke|p1|Kyurem|
|poke|p1|Chandelure, F|
|poke|p2|Iron Crown|
|poke|p2|Iron Hands|
|poke|p2|Grimmsnarl, M|
|poke|p2|Great Tusk|
|poke|p2|Dragonite, F|
|poke|p2|Glimmora, M|
|teampreview
|inactive|Battle timer is ON: inactive players will automatically lose when time's up. (requested by Victeam1610)
|
|t:|1743835480
|start
|switch|p1a: Baxalibur|Kyurem, shiny|100/100
|switch|p2a: Grimmsnarl|Grimmsnarl, M, shiny|100/100
|-ability|p1a: Baxalibur|Pressure
|turn|1
|
|t:|1743835491
|move|p1a: Baxalibur|Reflect|p1a: Baxalibur
|-sidestart|p1: Victeam1610|Reflect
|move|p2a: Grimmsnarl|Spirit Break|p1a: Baxalibur
|-supereffective|p1a: Baxalibur
|-damage|p1a: Baxalibur|76/100
|-unboost|p1a: Baxalibur|spa|1
|
|upkeep
|turn|2
|
|t:|1743835514
|move|p2a: Grimmsnarl|Reflect|p2a: Grimmsnarl
|-sidestart|p2: 901ttc|Reflect
|move|p1a: Baxalibur|Light Screen|p1a: Baxalibur
|-sidestart|p1: Victeam1610|move: Light Screen
|
|upkeep
|turn|3
|
|t:|1743835522
|move|p2a: Grimmsnarl|Light Screen|p2a: Grimmsnarl
|-sidestart|p2: 901ttc|move: Light Screen
|move|p1a: Baxalibur|Freeze-Dry|p2a: Grimmsnarl
|-damage|p2a: Grimmsnarl|91/100
|
|upkeep
|turn|4
|
|t:|1743835532
|switch|p1a: Dame mante|Scizor, F, shiny|100/100
|move|p2a: Grimmsnarl|Spirit Break|p1a: Dame mante
|-resisted|p1a: Dame mante
|-damage|p1a: Dame mante|93/100
|-unboost|p1a: Dame mante|spa|1
|
|upkeep
|turn|5
|inactive|901ttc has 120 seconds left.
|inactive|Victeam1610 has 120 seconds left.
|
|t:|1743835598
|switch|p2a: ZachuVGC|Iron Hands|100/100
|move|p1a: Dame mante|U-turn|p2a: ZachuVGC
|-resisted|p2a: ZachuVGC
|-damage|p2a: ZachuVGC|93/100
|
|t:|1743835604
|switch|p1a: Abdou|Raichu-Alola, M, shiny|100/100|[from] U-turn
|
|-heal|p2a: ZachuVGC|99/100|[from] item: Leftovers
|upkeep
|turn|6
|inactive|Victeam1610 has 120 seconds left.
|inactive|901ttc has 90 seconds left.
|
|t:|1743835638
|-end|p2a: ZachuVGC|Quark Drive|[silent]
|switch|p2a: Grimmsnarl|Grimmsnarl, M, shiny|91/100
|move|p1a: Abdou|Psychic|p2a: Grimmsnarl
|-immune|p2a: Grimmsnarl
|
|upkeep
|turn|7
|
|t:|1743835647
|move|p2a: Grimmsnarl|Parting Shot|p1a: Abdou
|-unboost|p1a: Abdou|atk|1
|-unboost|p1a: Abdou|spa|1
|
|t:|1743835655
|switch|p2a: Iron Crown|Iron Crown|100/100|[from] Parting Shot
|-enditem|p2a: Iron Crown|Booster Energy
|-activate|p2a: Iron Crown|ability: Quark Drive|[fromitem]
|-start|p2a: Iron Crown|quarkdrivespe
|move|p1a: Abdou|Volt Switch|p2a: Iron Crown
|-damage|p2a: Iron Crown|92/100
|
|t:|1743835664
|switch|p1a: Chance-lier|Chandelure, F, shiny|100/100|[from] Volt Switch
|
|upkeep
|turn|8
|inactive|901ttc has 90 seconds left.
|inactive|Victeam1610 has 120 seconds left.
|
|t:|1743835684
|-terastallize|p2a: Iron Crown|Fighting
|-terastallize|p1a: Chance-lier|Stellar
|move|p2a: Iron Crown|Calm Mind|p2a: Iron Crown
|-boost|p2a: Iron Crown|spa|1
|-boost|p2a: Iron Crown|spd|1
|move|p1a: Chance-lier|Shadow Ball|p2a: Iron Crown
|-damage|p2a: Iron Crown|51/100
|-unboost|p2a: Iron Crown|spd|1
|
|-sideend|p1: Victeam1610|Reflect
|upkeep
|turn|9
|inactive|Victeam1610 has 120 seconds left.
|
|t:|1743835694
|move|p2a: Iron Crown|Calm Mind|p2a: Iron Crown
|-boost|p2a: Iron Crown|spa|1
|-boost|p2a: Iron Crown|spd|1
|move|p1a: Chance-lier|Shadow Ball|p2a: Iron Crown
|-damage|p2a: Iron Crown|18/100
|
|-sideend|p2: 901ttc|Reflect
|-sideend|p1: Victeam1610|move: Light Screen
|upkeep
|turn|10
|
|t:|1743835708
|move|p2a: Iron Crown|Stored Power|p1a: Chance-lier
|-damage|p1a: Chance-lier|0 fnt
|faint|p1a: Chance-lier
|
|-sideend|p2: 901ttc|move: Light Screen
|upkeep
|inactive|Victeam1610 has 120 seconds left.
|
|t:|1743835719
|switch|p1a: Dame mante|Scizor, F, shiny|93/100
|turn|11
|
|t:|1743835725
|move|p1a: Dame mante|Bullet Punch|p2a: Iron Crown
|-damage|p2a: Iron Crown|0 fnt
|faint|p2a: Iron Crown
|-end|p2a: Iron Crown|Quark Drive|[silent]
|
|upkeep
|inactive|901ttc has 90 seconds left.
|
|t:|1743835751
|switch|p2a: Dragonite|Dragonite, F|100/100
|turn|12
|inactive|901ttc has 90 seconds left.
|
|t:|1743835762
|move|p1a: Dame mante|Bullet Punch|p2a: Dragonite
|-damage|p2a: Dragonite|74/100
|move|p2a: Dragonite|Fire Punch|p1a: Dame mante
|-supereffective|p1a: Dame mante
|-damage|p1a: Dame mante|0 fnt
|faint|p1a: Dame mante
|
|upkeep
|
|t:|1743835769
|switch|p1a: Baxalibur|Kyurem, shiny|76/100
|-ability|p1a: Baxalibur|Pressure
|turn|13
|inactive|901ttc has 90 seconds left.
|
|t:|1743835798
|switch|p2a: Grimmsnarl|Grimmsnarl, M, shiny|91/100
|move|p1a: Baxalibur|Reflect|p1a: Baxalibur
|-sidestart|p1: Victeam1610|Reflect
|
|upkeep
|turn|14
|
|t:|1743835813
|switch|p1a: Roronoa|Samurott-Hisui, M|100/100
|move|p2a: Grimmsnarl|Light Screen|p2a: Grimmsnarl
|-sidestart|p2: 901ttc|move: Light Screen
|
|upkeep
|turn|15
|
|t:|1743835822
|move|p2a: Grimmsnarl|Reflect|p2a: Grimmsnarl
|-sidestart|p2: 901ttc|Reflect
|move|p1a: Roronoa|Ceaseless Edge|p2a: Grimmsnarl
|-resisted|p2a: Grimmsnarl
|-damage|p2a: Grimmsnarl|84/100
|-sidestart|p2: 901ttc|Spikes
|-damage|p1a: Roronoa|91/100|[from] item: Life Orb
|
|upkeep
|turn|16
|inactive|901ttc has 90 seconds left.
|
|t:|1743835836
|move|p2a: Grimmsnarl|Parting Shot|p1a: Roronoa
|-hint|Since gen 7, Dark is immune to Prankster moves.
|-immune|p1a: Roronoa
|move|p1a: Roronoa|Ceaseless Edge|p2a: Grimmsnarl
|-resisted|p2a: Grimmsnarl
|-damage|p2a: Grimmsnarl|77/100
|-sidestart|p2: 901ttc|Spikes
|-damage|p1a: Roronoa|81/100|[from] item: Life Orb
|
|upkeep
|turn|17
|
|t:|1743835845
|switch|p2a: ZachuVGC|Iron Hands|99/100
|-damage|p2a: ZachuVGC|82/100|[from] Spikes
|move|p1a: Roronoa|Razor Shell|p2a: ZachuVGC
|-damage|p2a: ZachuVGC|63/100
|-damage|p1a: Roronoa|71/100|[from] item: Life Orb
|
|-heal|p2a: ZachuVGC|69/100|[from] item: Leftovers
|upkeep
|turn|18
|
|t:|1743835857
|switch|p1a: Non détestable|Clodsire, M|100/100
|move|p2a: ZachuVGC|Swords Dance|p2a: ZachuVGC
|-boost|p2a: ZachuVGC|atk|2
|
|-heal|p2a: ZachuVGC|75/100|[from] item: Leftovers
|upkeep
|turn|19
|
|t:|1743835867
|move|p2a: ZachuVGC|Ice Punch|p1a: Non détestable
|-supereffective|p1a: Non détestable
|-damage|p1a: Non détestable|44/100
|-status|p1a: Non détestable|frz
|cant|p1a: Non détestable|frz
|
|-heal|p2a: ZachuVGC|81/100|[from] item: Leftovers
|-heal|p1a: Non détestable|50/100 frz|[from] item: Leftovers
|upkeep
|turn|20
|-message|Victeam1610 forfeited.
|
|win|901ttc
|raw|Victeam1610's rating: 1139 &rarr; <strong>1119</strong><br />(-20 for losing)
|raw|901ttc's rating: 1212 &rarr; <strong>1232</strong><br />(+20 for winning)
|l|☆Victeam1610
|player|p1|
|l|☆901ttc
|player|p2|
