|j|☆okfernankk
|j|☆KushFrmAfghanistan
|t:|1743794333
|gametype|singles
|player|p1|okfernankk|169|1595
|player|p2|KushFrmAfghanistan|galacticgrunt|1638
|teamsize|p1|6
|teamsize|p2|6
|gen|9
|tier|[Gen 9] OU
|rated|
|rule|HP Percentage Mod: HP is shown in percentages
|rule|Endless Battle Clause: Forcing endless battles is banned
|rule|Species Clause: Limit one of each Pokémon
|rule|OHKO Clause: OHKO moves are banned
|rule|Evasion Items Clause: Evasion items are banned
|rule|Evasion Moves Clause: Evasion moves are banned
|rule|Sleep Moves Clause: Sleep-inducing moves are banned
|clearpoke
|poke|p1|Hydrapple, M|
|poke|p1|Skarmory, F|
|poke|p1|Tyranitar, M|
|poke|p1|Alomomola, F|
|poke|p1|Clodsire, F|
|poke|p1|Clefable, F|
|poke|p2|Hatterene, F|
|poke|p2|Hoopa-Unbound|
|poke|p2|Great Tusk|
|poke|p2|Slowking-Galar, F|
|poke|p2|Iron Hands|
|poke|p2|Cinderace, F|
|teampreview
|
|t:|1743794343
|start
|switch|p1a: Tyranitar|Tyranitar, M|100/100
|switch|p2a: aceRomani|Cinderace, F|100/100
|-weather|Sandstorm|[from] ability: Sand Stream|[of] p1a: Tyranitar
|turn|1
|
|t:|1743794346
|switch|p1a: Alomomola|Alomomola, F, shiny|100/100
|move|p2a: aceRomani|High Jump Kick|p1a: Alomomola
|-start|p2a: aceRomani|typechange|Fighting|[from] ability: Libero
|-damage|p1a: Alomomola|62/100
|
|-weather|Sandstorm|[upkeep]
|-damage|p2a: aceRomani|95/100|[from] Sandstorm
|-damage|p1a: Alomomola|55/100|[from] Sandstorm
|upkeep
|turn|2
|
|t:|1743794349
|move|p1a: Alomomola|Protect|p1a: Alomomola
|-singleturn|p1a: Alomomola|Protect
|move|p2a: aceRomani|Will-O-Wisp|p1a: Alomomola
|-activate|p1a: Alomomola|move: Protect
|
|-weather|Sandstorm|[upkeep]
|-damage|p2a: aceRomani|89/100|[from] Sandstorm
|-damage|p1a: Alomomola|49/100|[from] Sandstorm
|upkeep
|turn|3
|
|t:|1743794353
|switch|p1a: Clefable|Clefable, F|100/100
|move|p2a: aceRomani|Will-O-Wisp|p1a: Clefable
|-status|p1a: Clefable|brn
|
|-weather|Sandstorm|[upkeep]
|-damage|p2a: aceRomani|83/100|[from] Sandstorm
|upkeep
|turn|4
|
|t:|1743794360
|switch|p2a: 30RoundClipGlwking|Slowking-Galar, F|100/100
|move|p1a: Clefable|Knock Off|p2a: 30RoundClipGlwking
|-supereffective|p2a: 30RoundClipGlwking
|-crit|p2a: 30RoundClipGlwking
|-damage|p2a: 30RoundClipGlwking|83/100
|-enditem|p2a: 30RoundClipGlwking|Shuca Berry|[from] move: Knock Off|[of] p1a: Clefable
|
|-weather|Sandstorm|[upkeep]
|-damage|p2a: 30RoundClipGlwking|77/100|[from] Sandstorm
|upkeep
|turn|5
|
|t:|1743794367
|move|p1a: Clefable|Protect|p1a: Clefable
|-singleturn|p1a: Clefable|Protect
|move|p2a: 30RoundClipGlwking|Trick Room|p2a: 30RoundClipGlwking
|-fieldstart|move: Trick Room|[of] p2a: 30RoundClipGlwking
|
|-weather|none
|upkeep
|turn|6
|
|t:|1743794373
|switch|p1a: Tyranitar|Tyranitar, M|100/100
|-weather|Sandstorm|[from] ability: Sand Stream|[of] p1a: Tyranitar
|-prepare|p2a: 30RoundClipGlwking|Chilly Reception|[premajor]
|move|p2a: 30RoundClipGlwking|Chilly Reception|p2a: 30RoundClipGlwking
|-weather|Snowscape
|
|t:|1743794382
|switch|p2a: RXKHands|Iron Hands|100/100|[from] Chilly Reception
|-enditem|p2a: RXKHands|Booster Energy
|-activate|p2a: RXKHands|ability: Quark Drive|[fromitem]
|-start|p2a: RXKHands|quarkdriveatk
|
|-weather|Snowscape|[upkeep]
|upkeep
|turn|7
|
|t:|1743794388
|move|p2a: RXKHands|Close Combat|p1a: Tyranitar
|-supereffective|p1a: Tyranitar
|-damage|p1a: Tyranitar|0 fnt
|-unboost|p2a: RXKHands|def|1
|-unboost|p2a: RXKHands|spd|1
|faint|p1a: Tyranitar
|
|-weather|Snowscape|[upkeep]
|upkeep
|-message|okfernankk forfeited.
|
|win|KushFrmAfghanistan
|raw|okfernankk's rating: 1595 &rarr; <strong>1577</strong><br />(-18 for losing)
|raw|KushFrmAfghanistan's rating: 1638 &rarr; <strong>1656</strong><br />(+18 for winning)
|l|☆okfernankk
|player|p1|
