|j|☆Z-Pokemaster2000
|j|☆DarKnightPT
|t:|1743880669
|gametype|singles
|player|p1|Z-Pokemaster2000|266|
|player|p2|DarKnightPT|sabrina|
|teamsize|p1|6
|teamsize|p2|6
|gen|9
|tier|[Gen 9] OU
|rule|HP Percentage Mod: HP is shown in percentages
|rule|Endless Battle Clause: Forcing endless battles is banned
|rule|Species Clause: Limit one of each Pokémon
|rule|OHKO Clause: OHKO moves are banned
|rule|Evasion Items Clause: Evasion items are banned
|rule|Evasion Moves Clause: Evasion moves are banned
|rule|Sleep Moves Clause: Sleep-inducing moves are banned
|clearpoke
|poke|p1|Okidogi, M|
|poke|p1|Alcremie-Matcha-Cream, F|
|poke|p1|Grimmsnarl, M|
|poke|p1|Great Tusk|
|poke|p1|Hydrapple, M|
|poke|p1|Kingambit, M|
|poke|p2|Iron Valiant|
|poke|p2|Samurott-Hisui, M|
|poke|p2|Landorus-Therian, M|
|poke|p2|Zapdos|
|poke|p2|Slowking-Galar, F|
|poke|p2|Gholdengo|
|teampreview
|inactive|Battle timer is ON: inactive players will automatically lose when time's up. (requested by Z-Pokemaster2000)
|
|t:|1743880695
|start
|switch|p1a: Grimmsnarl|Grimmsnarl, M, shiny|100/100
|switch|p2a: Landorus|Landorus-Therian, M|100/100
|-ability|p2a: Landorus|Intimidate|boost
|-unboost|p1a: Grimmsnarl|atk|1
|turn|1
|c|☆Z-Pokemaster2000|Still cant believe iron valiant actually put numbers on the scoreboard
|
|t:|1743880721
|move|p1a: Grimmsnarl|Reflect|p1a: Grimmsnarl
|-sidestart|p1: Z-Pokemaster2000|Reflect
|move|p2a: Landorus|Taunt|p1a: Grimmsnarl
|-start|p1a: Grimmsnarl|move: Taunt
|
|upkeep
|turn|2
|inactive|Z-Pokemaster2000 has 270 seconds left.
|
|t:|1743880738
|switch|p1a: Hydrapple|Hydrapple, M, shiny|100/100
|move|p2a: Landorus|U-turn|p1a: Hydrapple
|-supereffective|p1a: Hydrapple
|-damage|p1a: Hydrapple|85/100
|
|t:|1743880743
|switch|p2a: Slowking|Slowking-Galar, F|100/100|[from] U-turn
|
|upkeep
|turn|3
|
|t:|1743880750
|move|p1a: Hydrapple|Earth Power|p2a: Slowking
|-supereffective|p2a: Slowking
|-damage|p2a: Slowking|40/100
|-prepare|p2a: Slowking|Chilly Reception|[premajor]
|move|p2a: Slowking|Chilly Reception|p2a: Slowking
|-weather|Snowscape
|c|☆DarKnightPT|ouch
|
|t:|1743880756
|switch|p2a: Zapdos|Zapdos|100/100|[from] Chilly Reception
|
|-weather|Snowscape|[upkeep]
|upkeep
|turn|4
|
|t:|1743880772
|switch|p1a: Kingambit|Kingambit, M, shiny|100/100
|move|p2a: Zapdos|Weather Ball|p1a: Kingambit
|-resisted|p1a: Kingambit
|-damage|p1a: Kingambit|90/100
|
|-weather|Snowscape|[upkeep]
|-heal|p1a: Kingambit|97/100|[from] item: Leftovers
|upkeep
|turn|5
|c|☆DarKnightPT|i hate that you know how i work
|
|t:|1743880792
|move|p2a: Zapdos|Volt Switch|p1a: Kingambit
|-damage|p1a: Kingambit|76/100
|
|t:|1743880800
|switch|p2a: Landorus|Landorus-Therian, M|100/100|[from] Volt Switch
|-ability|p2a: Landorus|Intimidate|boost
|-unboost|p1a: Kingambit|atk|1
|move|p1a: Kingambit|Kowtow Cleave|p2a: Landorus
|-damage|p2a: Landorus|75/100
|-damage|p1a: Kingambit|60/100|[from] item: Rocky Helmet|[of] p2a: Landorus
|
|-weather|Snowscape|[upkeep]
|-heal|p1a: Kingambit|66/100|[from] item: Leftovers
|upkeep
|turn|6
|c|☆Z-Pokemaster2000|25% neutral from -1
|inactive|Z-Pokemaster2000 has 270 seconds left.
|
|t:|1743880826
|-end|p1a: Kingambit|fallenundefined|[silent]
|switch|p1a: Grimmsnarl|Grimmsnarl, M, shiny|100/100
|move|p2a: Landorus|Earth Power|p1a: Grimmsnarl
|-damage|p1a: Grimmsnarl|64/100
|
|-weather|Snowscape|[upkeep]
|upkeep
|turn|7
|c|☆DarKnightPT|hoopa would do 10%
|
|t:|1743880837
|move|p1a: Grimmsnarl|Light Screen|p1a: Grimmsnarl
|-sidestart|p1: Z-Pokemaster2000|move: Light Screen
|move|p2a: Landorus|Stealth Rock|p1a: Grimmsnarl
|-sidestart|p1: Z-Pokemaster2000|move: Stealth Rock
|
|-weather|none
|upkeep
|turn|8
|
|t:|1743880847
|move|p1a: Grimmsnarl|Parting Shot|p2a: Landorus
|-unboost|p2a: Landorus|atk|1
|-unboost|p2a: Landorus|spa|1
|inactive|Z-Pokemaster2000 has 270 seconds left.
|
|t:|1743880860
|switch|p1a: Okidogi|Okidogi, M|100/100|[from] Parting Shot
|-damage|p1a: Okidogi|94/100|[from] Stealth Rock
|move|p2a: Landorus|Taunt|p1a: Okidogi
|-start|p1a: Okidogi|move: Taunt
|
|-sideend|p1: Z-Pokemaster2000|Reflect
|upkeep
|turn|9
|inactive|Z-Pokemaster2000 has 270 seconds left.
|
|t:|1743880882
|move|p2a: Landorus|U-turn|p1a: Okidogi
|-resisted|p1a: Okidogi
|-damage|p1a: Okidogi|92/100
|
|t:|1743880902
|switch|p2a: Iron Valiant|Iron Valiant|100/100|[from] U-turn
|move|p1a: Okidogi|Knock Off|p2a: Iron Valiant
|-resisted|p2a: Iron Valiant
|-damage|p2a: Iron Valiant|89/100
|-enditem|p2a: Iron Valiant|Choice Specs|[from] move: Knock Off|[of] p1a: Okidogi
|
|upkeep
|turn|10
|inactive|Z-Pokemaster2000 has 270 seconds left.
|c|☆Z-Pokemaster2000|Yeah get those disgusting things outta here
|c|☆Z-Pokemaster2000|Time for the rematch of the century
|
|t:|1743880931
|move|p2a: Iron Valiant|Psyshock|p1a: Okidogi
|-supereffective|p1a: Okidogi
|-damage|p1a: Okidogi|47/100
|move|p1a: Okidogi|Poison Fang|p2a: Iron Valiant
|-supereffective|p2a: Iron Valiant
|-damage|p2a: Iron Valiant|21/100
|-status|p2a: Iron Valiant|tox|[from] ability: Toxic Chain|[of] p1a: Okidogi
|
|-damage|p2a: Iron Valiant|14/100 tox|[from] psn
|-end|p1a: Okidogi|move: Taunt
|upkeep
|turn|11
|c|☆DarKnightPT|what
|c|☆Z-Pokemaster2000|Yeah thats what i flipping thought
|inactive|Z-Pokemaster2000 has 240 seconds left.
|inactive|DarKnightPT has 270 seconds left.
|c|☆DarKnightPT|specs does 100% and no specs does 45?
|c|☆Z-Pokemaster2000|Light screen
|c|☆DarKnightPT|it hits your physical def
|
|t:|1743880971
|switch|p1a: Kingambit|Kingambit, M, shiny|66/100
|-damage|p1a: Kingambit|60/100|[from] Stealth Rock
|move|p2a: Iron Valiant|Psyshock|p1a: Kingambit
|-immune|p1a: Kingambit
|
|-heal|p1a: Kingambit|66/100|[from] item: Leftovers
|-damage|p2a: Iron Valiant|2/100 tox|[from] psn
|upkeep
|turn|12
|inactive|Z-Pokemaster2000 has 240 seconds left.
|c|☆Z-Pokemaster2000|Yeah but the game still considers it special for screens
|c|☆DarKnightPT|that's dumb
|c|☆Z-Pokemaster2000|Same with psystrike
|
|t:|1743880998
|move|p2a: Iron Valiant|Vacuum Wave|p1a: Kingambit
|-supereffective|p1a: Kingambit
|-damage|p1a: Kingambit|34/100
|move|p1a: Kingambit|Sucker Punch||[still]
|-fail|p1a: Kingambit
|
|-heal|p1a: Kingambit|40/100|[from] item: Leftovers
|-damage|p2a: Iron Valiant|0 fnt|[from] psn
|faint|p2a: Iron Valiant
|-end|p2a: Iron Valiant|Quark Drive|[silent]
|upkeep
|c|☆Z-Pokemaster2000|LOL
|
|t:|1743881021
|switch|p2a: Samurott|Samurott-Hisui, M|100/100
|turn|13
|inactive|Z-Pokemaster2000 has 210 seconds left.
|
|t:|1743881051
|-end|p1a: Kingambit|fallenundefined|[silent]
|switch|p1a: Hydrapple|Hydrapple, M, shiny|100/100
|-damage|p1a: Hydrapple|88/100|[from] Stealth Rock
|move|p2a: Samurott|Ceaseless Edge|p1a: Hydrapple
|-damage|p1a: Hydrapple|44/100
|-sidestart|p1: Z-Pokemaster2000|Spikes
|
|upkeep
|turn|14
|inactive|Z-Pokemaster2000 has 210 seconds left.
|
|t:|1743881071
|switch|p2a: Slowking|Slowking-Galar, F|73/100
|switch|p1a: Grimmsnarl|Grimmsnarl, M, shiny|64/100
|-damage|p1a: Grimmsnarl|52/100|[from] Stealth Rock
|-damage|p1a: Grimmsnarl|39/100|[from] Spikes
|
|-heal|p2a: Slowking|79/100|[from] item: Leftovers
|-sideend|p1: Z-Pokemaster2000|move: Light Screen
|upkeep
|turn|15
|c|☆DarKnightPT|we were both not risking that roll
|inactive|DarKnightPT has 240 seconds left.
|
|t:|1743881089
|move|p1a: Grimmsnarl|Parting Shot|p2a: Slowking
|-unboost|p2a: Slowking|atk|1
|-unboost|p2a: Slowking|spa|1
|c|☆Z-Pokemaster2000|🤣
|inactive|Z-Pokemaster2000 has 210 seconds left.
|
|t:|1743881100
|switch|p1a: Hydrapple|Hydrapple, M, shiny|77/100|[from] Parting Shot
|-damage|p1a: Hydrapple|65/100|[from] Stealth Rock
|-damage|p1a: Hydrapple|53/100|[from] Spikes
|move|p2a: Slowking|Thunder Wave|p1a: Hydrapple
|-status|p1a: Hydrapple|par
|
|-heal|p2a: Slowking|86/100|[from] item: Leftovers
|upkeep
|turn|16
|inactive|Z-Pokemaster2000 has 210 seconds left.
|
|t:|1743881119
|switch|p1a: Great Tusk|Great Tusk, shiny|100/100
|-damage|p1a: Great Tusk|97/100|[from] Stealth Rock
|-damage|p1a: Great Tusk|85/100|[from] Spikes
|-prepare|p2a: Slowking|Chilly Reception|[premajor]
|move|p2a: Slowking|Chilly Reception|p2a: Slowking
|-weather|Snowscape
|
|t:|1743881130
|switch|p2a: Zapdos|Zapdos|100/100|[from] Chilly Reception
|
|-weather|Snowscape|[upkeep]
|-heal|p1a: Great Tusk|91/100|[from] item: Leftovers
|upkeep
|turn|17
|inactive|Z-Pokemaster2000 has 210 seconds left.
|c|☆Z-Pokemaster2000|Or that roll apparently
|c|☆Z-Pokemaster2000|You couldve totally sludge waved there
|
|t:|1743881164
|-end|p1a: Great Tusk|Protosynthesis|[silent]
|switch|p1a: Kingambit|Kingambit, M, shiny|40/100
|-damage|p1a: Kingambit|34/100|[from] Stealth Rock
|-damage|p1a: Kingambit|22/100|[from] Spikes
|move|p2a: Zapdos|Hurricane|p1a: Kingambit
|-resisted|p1a: Kingambit
|-damage|p1a: Kingambit|6/100
|-start|p1a: Kingambit|confusion
|
|-weather|Snowscape|[upkeep]
|-heal|p1a: Kingambit|12/100|[from] item: Leftovers
|upkeep
|turn|18
|
|t:|1743881178
|move|p2a: Zapdos|Volt Switch|p1a: Kingambit
|-damage|p1a: Kingambit|0 fnt
|faint|p1a: Kingambit
|-end|p1a: Kingambit|fallenundefined|[silent]
|inactive|DarKnightPT has 240 seconds left.
|
|t:|1743881200
|switch|p2a: Gholdengo|Gholdengo|100/100|[from] Volt Switch
|
|-weather|Snowscape|[upkeep]
|upkeep
|
|t:|1743881215
|switch|p1a: Great Tusk|Great Tusk, shiny|91/100
|-damage|p1a: Great Tusk|88/100|[from] Stealth Rock
|-damage|p1a: Great Tusk|76/100|[from] Spikes
|turn|19
|inactive|DarKnightPT has 240 seconds left.
|
|t:|1743881231
|-end|p1a: Great Tusk|Protosynthesis|[silent]
|switch|p1a: Grimmsnarl|Grimmsnarl, M, shiny|39/100
|-damage|p1a: Grimmsnarl|27/100|[from] Stealth Rock
|-damage|p1a: Grimmsnarl|14/100|[from] Spikes
|move|p2a: Gholdengo|Make It Rain|p1a: Grimmsnarl
|-supereffective|p1a: Grimmsnarl
|-damage|p1a: Grimmsnarl|0 fnt
|-unboost|p2a: Gholdengo|spa|1
|faint|p1a: Grimmsnarl
|
|-weather|Snowscape|[upkeep]
|upkeep
|c|☆Z-Pokemaster2000|That was ballsy
|
|t:|1743881251
|switch|p1a: Great Tusk|Great Tusk, shiny|76/100
|-damage|p1a: Great Tusk|73/100|[from] Stealth Rock
|-damage|p1a: Great Tusk|60/100|[from] Spikes
|turn|20
|inactive|DarKnightPT has 240 seconds left.
|
|t:|1743881260
|switch|p2a: Landorus|Landorus-Therian, M|75/100
|-ability|p2a: Landorus|Intimidate|boost
|-unboost|p1a: Great Tusk|atk|1
|move|p1a: Great Tusk|Rapid Spin|p2a: Landorus
|-damage|p2a: Landorus|64/100
|-boost|p1a: Great Tusk|spe|1
|-damage|p1a: Great Tusk|44/100|[from] item: Rocky Helmet|[of] p2a: Landorus
|-sideend|p1: Z-Pokemaster2000|Spikes|[from] move: Rapid Spin|[of] p1a: Great Tusk
|-sideend|p1: Z-Pokemaster2000|Stealth Rock|[from] move: Rapid Spin|[of] p1a: Great Tusk
|
|-weather|none
|-heal|p1a: Great Tusk|50/100|[from] item: Leftovers
|upkeep
|turn|21
|inactive|DarKnightPT has 240 seconds left.
|
|t:|1743881280
|-end|p1a: Great Tusk|Protosynthesis|[silent]
|switch|p1a: Hydrapple|Hydrapple, M, shiny|86/100 par
|move|p2a: Landorus|Earth Power|p1a: Hydrapple
|-resisted|p1a: Hydrapple
|-damage|p1a: Hydrapple|71/100 par
|
|upkeep
|turn|22
|inactive|Z-Pokemaster2000 has 210 seconds left.
|
|t:|1743881298
|move|p2a: Landorus|U-turn|p1a: Hydrapple
|-supereffective|p1a: Hydrapple
|-damage|p1a: Hydrapple|38/100 par
|inactive|DarKnightPT has 240 seconds left.
|
|t:|1743881304
|switch|p2a: Slowking|Slowking-Galar, F|100/100|[from] U-turn
|cant|p1a: Hydrapple|par
|
|upkeep
|turn|23
|inactive|Z-Pokemaster2000 has 210 seconds left.
|inactive|DarKnightPT has 240 seconds left.
|c|☆Z-Pokemaster2000|Breh
|
|t:|1743881329
|switch|p1a: Okidogi|Okidogi, M|47/100
|move|p2a: Slowking|Future Sight|p1a: Okidogi
|-start|p2a: Slowking|move: Future Sight
|
|upkeep
|turn|24
|inactive|DarKnightPT has 240 seconds left.
|
|t:|1743881358
|move|p1a: Okidogi|Ice Punch|p2a: Slowking
|-damage|p2a: Slowking|70/100
|-prepare|p2a: Slowking|Chilly Reception|[premajor]
|move|p2a: Slowking|Chilly Reception|p2a: Slowking
|-weather|Snowscape
|inactive|DarKnightPT has 210 seconds left.
|
|t:|1743881375
|switch|p2a: Zapdos|Zapdos|100/100|[from] Chilly Reception
|
|-weather|Snowscape|[upkeep]
|upkeep
|turn|25
|inactive|DarKnightPT has 210 seconds left.
|
|t:|1743881404
|move|p2a: Zapdos|Volt Switch|p1a: Okidogi
|-damage|p1a: Okidogi|27/100
|
|t:|1743881409
|switch|p2a: Slowking|Slowking-Galar, F|100/100|[from] Volt Switch
|move|p1a: Okidogi|Ice Punch|p2a: Slowking
|-damage|p2a: Slowking|72/100
|
|-weather|Snowscape|[upkeep]
|-end|p1a: Okidogi|move: Future Sight
|-supereffective|p1a: Okidogi
|-damage|p1a: Okidogi|0 fnt
|faint|p1a: Okidogi
|-heal|p2a: Slowking|78/100|[from] item: Leftovers
|upkeep
|
|t:|1743881425
|switch|p1a: Alcremie|Alcremie-Matcha-Cream, F, shiny|100/100
|turn|26
|inactive|DarKnightPT has 210 seconds left.
|inactive|Z-Pokemaster2000 has 180 seconds left.
|
|t:|1743881442
|-terastallize|p1a: Alcremie|Poison
|move|p1a: Alcremie|Acid Armor|p1a: Alcremie
|-boost|p1a: Alcremie|def|2
|move|p2a: Slowking|Thunder Wave|p1a: Alcremie
|-status|p1a: Alcremie|par
|
|-weather|Snowscape|[upkeep]
|-heal|p2a: Slowking|84/100|[from] item: Leftovers
|upkeep
|turn|27
|inactive|Z-Pokemaster2000 has 180 seconds left.
|
|t:|1743881459
|move|p1a: Alcremie|Calm Mind|p1a: Alcremie
|-boost|p1a: Alcremie|spa|1
|-boost|p1a: Alcremie|spd|1
|-prepare|p2a: Slowking|Chilly Reception|[premajor]
|move|p2a: Slowking|Chilly Reception|p2a: Slowking
|inactive|DarKnightPT has 210 seconds left.
|
|t:|1743881470
|switch|p2a: Gholdengo|Gholdengo|100/100|[from] Chilly Reception
|
|-weather|Snowscape|[upkeep]
|upkeep
|turn|28
|
|t:|1743881478
|move|p2a: Gholdengo|Nasty Plot|p2a: Gholdengo
|-boost|p2a: Gholdengo|spa|2
|move|p1a: Alcremie|Alluring Voice|p2a: Gholdengo
|-resisted|p2a: Gholdengo
|-damage|p2a: Gholdengo|79/100
|-start|p2a: Gholdengo|confusion
|
|-weather|none
|-heal|p2a: Gholdengo|85/100|[from] item: Leftovers
|upkeep
|turn|29
|
|t:|1743881492
|-activate|p2a: Gholdengo|confusion
|-damage|p2a: Gholdengo|81/100|[from] confusion
|move|p1a: Alcremie|Calm Mind|p1a: Alcremie
|-boost|p1a: Alcremie|spa|1
|-boost|p1a: Alcremie|spd|1
|
|-heal|p2a: Gholdengo|88/100|[from] item: Leftovers
|upkeep
|turn|30
|
|t:|1743881506
|-activate|p2a: Gholdengo|confusion
|move|p2a: Gholdengo|Nasty Plot|p2a: Gholdengo
|-boost|p2a: Gholdengo|spa|2
|move|p1a: Alcremie|Calm Mind|p1a: Alcremie
|-boost|p1a: Alcremie|spa|1
|-boost|p1a: Alcremie|spd|1
|
|-heal|p2a: Gholdengo|94/100|[from] item: Leftovers
|upkeep
|turn|31
|inactive|Z-Pokemaster2000 has 180 seconds left.
|
|t:|1743881521
|-end|p2a: Gholdengo|confusion
|move|p2a: Gholdengo|Nasty Plot|p2a: Gholdengo
|-boost|p2a: Gholdengo|spa|2
|cant|p1a: Alcremie|par
|
|-heal|p2a: Gholdengo|99/100|[from] item: Leftovers
|upkeep
|turn|32
|inactive|DarKnightPT has 240 seconds left.
|inactive|Z-Pokemaster2000 has 180 seconds left.
|
|t:|1743881532
|move|p2a: Gholdengo|Shadow Ball|p1a: Alcremie
|-damage|p1a: Alcremie|55/100 par
|move|p1a: Alcremie|Calm Mind|p1a: Alcremie
|-boost|p1a: Alcremie|spa|1
|-boost|p1a: Alcremie|spd|1
|
|-heal|p2a: Gholdengo|100/100|[from] item: Leftovers
|-heal|p1a: Alcremie|61/100 par|[from] item: Leftovers
|upkeep
|turn|33
|
|t:|1743881537
|move|p2a: Gholdengo|Make It Rain|p1a: Alcremie
|-damage|p1a: Alcremie|5/100 par
|-unboost|p2a: Gholdengo|spa|1
|move|p1a: Alcremie|Recover|p1a: Alcremie
|-heal|p1a: Alcremie|55/100 par
|
|-heal|p1a: Alcremie|61/100 par|[from] item: Leftovers
|upkeep
|turn|34
|
|t:|1743881546
|move|p2a: Gholdengo|Shadow Ball|p1a: Alcremie
|-damage|p1a: Alcremie|26/100 par
|cant|p1a: Alcremie|par
|
|-heal|p1a: Alcremie|32/100 par|[from] item: Leftovers
|upkeep
|turn|35
|
|t:|1743881553
|move|p2a: Gholdengo|Make It Rain|p1a: Alcremie
|-damage|p1a: Alcremie|0 fnt
|-unboost|p2a: Gholdengo|spa|1
|faint|p1a: Alcremie
|
|upkeep
|c|☆Z-Pokemaster2000|😭😭
|
|t:|1743881568
|switch|p1a: Great Tusk|Great Tusk, shiny|50/100
|turn|36
|c|☆DarKnightPT|gholdilocks
|
|t:|1743881574
|-terastallize|p2a: Gholdengo|Fairy
|move|p1a: Great Tusk|Headlong Rush|p2a: Gholdengo
|-damage|p2a: Gholdengo|61/100
|-unboost|p1a: Great Tusk|def|1
|-unboost|p1a: Great Tusk|spd|1
|move|p2a: Gholdengo|Shadow Ball|p1a: Great Tusk
|-damage|p1a: Great Tusk|0 fnt
|faint|p1a: Great Tusk
|-end|p1a: Great Tusk|Protosynthesis|[silent]
|
|-heal|p2a: Gholdengo|67/100|[from] item: Leftovers
|upkeep
|
|t:|1743881581
|switch|p1a: Hydrapple|Hydrapple, M, shiny|71/100 par
|turn|37
|c|☆Z-Pokemaster2000|Nah that slowking carried you and we both know it
|
|t:|1743881600
|move|p2a: Gholdengo|Make It Rain|p1a: Hydrapple
|-damage|p1a: Hydrapple|0 fnt
|-unboost|p2a: Gholdengo|spa|1
|faint|p1a: Hydrapple
|
|win|DarKnightPT
|c|☆DarKnightPT|yeah, i love slowking
