|j|☆scarlettisafk
|j|☆DBZ_Beast_Curt
|t:|1743930732
|gametype|singles
|player|p1|scarlettisafk|cynthia-gen7|1184
|player|p2|DBZ_Beast_Curt|dawn|1147
|teamsize|p1|6
|teamsize|p2|6
|gen|9
|tier|[Gen 9] OU
|rated|
|rule|HP Percentage Mod: HP is shown in percentages
|rule|Endless Battle Clause: Forcing endless battles is banned
|rule|Species Clause: Limit one of each Pokémon
|rule|OHKO Clause: OHKO moves are banned
|rule|Evasion Items Clause: Evasion items are banned
|rule|Evasion Moves Clause: Evasion moves are banned
|rule|Sleep Moves Clause: Sleep-inducing moves are banned
|clearpoke
|poke|p1|Dragapult, M|
|poke|p1|Kingambit, M|
|poke|p1|Landorus-Therian, M|
|poke|p1|Ogerpon, F|
|poke|p1|Iron Valiant|
|poke|p1|Corviknight, M|
|poke|p2|Decidueye, F|
|poke|p2|Greninja-*, M|
|poke|p2|Blaziken, M|
|poke|p2|Hawlucha, F|
|poke|p2|Espeon, F|
|poke|p2|Garchomp, F|
|teampreview
|inactive|Battle timer is ON: inactive players will automatically lose when time's up. (requested by scarlettisafk)
|
|t:|1743930736
|start
|switch|p1a: Landorus|Landorus-Therian, M|100/100
|switch|p2a: Alien|Espeon, F|100/100
|-ability|p1a: Landorus|Intimidate|boost
|-unboost|p2a: Alien|atk|1
|turn|1
|
|t:|1743930747
|move|p1a: Landorus|U-turn|p2a: Alien
|-supereffective|p2a: Alien
|-damage|p2a: Alien|0 fnt
|faint|p2a: Alien
|inactive|scarlettisafk has 120 seconds left.
|inactive|scarlettisafk has 90 seconds left.
|
|t:|1743930834
|switch|p1a: Corviknight|Corviknight, M|100/100|[from] U-turn
|
|upkeep
|
|t:|1743930850
|switch|p2a: ChompchoMp|Garchomp, F|100/100
|turn|2
|inactive|scarlettisafk has 60 seconds left.
|inactive|scarlettisafk has 30 seconds left.
|inactive|scarlettisafk has 20 seconds left.
|inactive|scarlettisafk has 15 seconds left.
|
|t:|1743930916
|move|p2a: ChompchoMp|Swords Dance|p2a: ChompchoMp
|-boost|p2a: ChompchoMp|atk|2
|move|p1a: Corviknight|U-turn|p2a: ChompchoMp
|-damage|p2a: ChompchoMp|86/100
|-damage|p1a: Corviknight|88/100|[from] ability: Rough Skin|[of] p2a: ChompchoMp
|-damage|p1a: Corviknight|72/100|[from] item: Rocky Helmet|[of] p2a: ChompchoMp
|inactive|scarlettisafk has 20 seconds left this turn.
|inactive|scarlettisafk has 15 seconds left.
|
|t:|1743930921
|switch|p1a: Iron Valiant|Iron Valiant|100/100|[from] U-turn
|-enditem|p1a: Iron Valiant|Booster Energy
|-activate|p1a: Iron Valiant|ability: Quark Drive|[fromitem]
|-start|p1a: Iron Valiant|quarkdrivespe
|
|upkeep
|turn|3
|inactive|scarlettisafk has 25 seconds left this turn.
|inactive|DBZ_Beast_Curt has 120 seconds left.
|
|t:|1743930958
|switch|p2a: Lucha|Hawlucha, F|100/100
|move|p1a: Iron Valiant|Moonblast|p2a: Lucha
|-supereffective|p2a: Lucha
|-enditem|p2a: Lucha|Focus Sash
|-damage|p2a: Lucha|1/100
|
|upkeep
|turn|4
|inactive|scarlettisafk has 30 seconds left.
|inactive|DBZ_Beast_Curt has 120 seconds left.
|
|t:|1743930972
|-terastallize|p1a: Iron Valiant|Electric
|move|p2a: Lucha|Acrobatics|p1a: Iron Valiant
|-resisted|p1a: Iron Valiant
|-damage|p1a: Iron Valiant|69/100
|move|p1a: Iron Valiant|Thunderbolt|p2a: Lucha
|-supereffective|p2a: Lucha
|-crit|p2a: Lucha
|-damage|p2a: Lucha|0 fnt
|faint|p2a: Lucha
|
|upkeep
|
|t:|1743930985
|switch|p2a: Quincy|Decidueye, F|100/100
|turn|5
|inactive|scarlettisafk has 30 seconds left.
|
|t:|1743931005
|move|p1a: Iron Valiant|Moonblast|p2a: Quincy
|-damage|p2a: Quincy|73/100
|-unboost|p2a: Quincy|spa|1
|move|p2a: Quincy|Spirit Shackle|p1a: Iron Valiant
|-damage|p1a: Iron Valiant|17/100
|-activate|p1a: Iron Valiant|trapped
|
|upkeep
|turn|6
|inactive|DBZ_Beast_Curt has 120 seconds left.
|
|t:|1743931014
|move|p1a: Iron Valiant|Moonblast|p2a: Quincy
|-damage|p2a: Quincy|44/100
|move|p2a: Quincy|Spirit Shackle|p1a: Iron Valiant
|-damage|p1a: Iron Valiant|0 fnt
|faint|p1a: Iron Valiant
|-end|p1a: Iron Valiant|Quark Drive|[silent]
|
|upkeep
|
|t:|1743931020
|switch|p1a: Ogerpon|Ogerpon, F|100/100
|turn|7
|
|t:|1743931024
|move|p1a: Ogerpon|Knock Off|p2a: Quincy
|-supereffective|p2a: Quincy
|-damage|p2a: Quincy|0 fnt
|-enditem|p2a: Quincy|Assault Vest|[from] move: Knock Off|[of] p1a: Ogerpon
|faint|p2a: Quincy
|
|upkeep
|
|t:|1743931031
|switch|p2a: KFC|Blaziken, M|100/100
|turn|8
|inactive|scarlettisafk has 30 seconds left.
|
|t:|1743931065
|move|p2a: KFC|Protect|p2a: KFC
|-singleturn|p2a: KFC|Protect
|move|p1a: Ogerpon|U-turn|p2a: KFC
|-activate|p2a: KFC|move: Protect
|
|-ability|p2a: KFC|Speed Boost|boost
|-boost|p2a: KFC|spe|1
|upkeep
|turn|9
|
|t:|1743931074
|switch|p1a: Landorus|Landorus-Therian, M|100/100
|-ability|p1a: Landorus|Intimidate|boost
|-unboost|p2a: KFC|atk|1
|move|p2a: KFC|Flare Blitz|p1a: Landorus
|-damage|p1a: Landorus|36/100
|-damage|p2a: KFC|78/100|[from] Recoil
|-damage|p2a: KFC|68/100|[from] item: Life Orb
|
|-ability|p2a: KFC|Speed Boost|boost
|-boost|p2a: KFC|spe|1
|upkeep
|turn|10
|inactive|scarlettisafk has 30 seconds left.
|
|t:|1743931091
|move|p2a: KFC|Flare Blitz|p1a: Landorus
|-damage|p1a: Landorus|0 fnt
|faint|p1a: Landorus
|-damage|p2a: KFC|55/100|[from] Recoil
|-damage|p2a: KFC|45/100|[from] item: Life Orb
|
|-ability|p2a: KFC|Speed Boost|boost
|-boost|p2a: KFC|spe|1
|upkeep
|inactive|scarlettisafk has 30 seconds left.
|
|t:|1743931100
|switch|p1a: Kingambit|Kingambit, M, shiny|100/100
|-activate|p1a: Kingambit|ability: Supreme Overlord
|-start|p1a: Kingambit|fallen2|[silent]
|turn|11
|
|t:|1743931107
|switch|p2a: ChompchoMp|Garchomp, F|86/100
|move|p1a: Kingambit|Sucker Punch||[still]
|-fail|p1a: Kingambit
|
|upkeep
|turn|12
|
|t:|1743931114
|-end|p1a: Kingambit|fallen2|[silent]
|switch|p1a: Corviknight|Corviknight, M|72/100
|move|p2a: ChompchoMp|Swords Dance|p2a: ChompchoMp
|-boost|p2a: ChompchoMp|atk|2
|
|-heal|p1a: Corviknight|78/100|[from] item: Leftovers
|upkeep
|turn|13
|
|t:|1743931122
|move|p2a: ChompchoMp|Fire Fang|p1a: Corviknight
|-supereffective|p1a: Corviknight
|-damage|p1a: Corviknight|25/100
|move|p1a: Corviknight|U-turn|p2a: ChompchoMp
|-damage|p2a: ChompchoMp|71/100
|-damage|p1a: Corviknight|13/100|[from] ability: Rough Skin|[of] p2a: ChompchoMp
|-damage|p1a: Corviknight|0 fnt|[from] item: Rocky Helmet|[of] p2a: ChompchoMp
|faint|p1a: Corviknight
|
|upkeep
|
|t:|1743931131
|switch|p1a: Dragapult|Dragapult, M|100/100
|turn|14
|
|t:|1743931137
|-terastallize|p2a: ChompchoMp|Steel
|move|p1a: Dragapult|Draco Meteor|p2a: ChompchoMp
|-resisted|p2a: ChompchoMp
|-damage|p2a: ChompchoMp|22/100
|-unboost|p1a: Dragapult|spa|2
|move|p2a: ChompchoMp|Swords Dance|p2a: ChompchoMp
|-boost|p2a: ChompchoMp|atk|2
|
|upkeep
|turn|15
|inactive|scarlettisafk has 60 seconds left.
|
|t:|1743931156
|switch|p1a: Kingambit|Kingambit, M, shiny|100/100
|-activate|p1a: Kingambit|ability: Supreme Overlord
|-start|p1a: Kingambit|fallen3|[silent]
|move|p2a: ChompchoMp|Dragon Claw|p1a: Kingambit
|-resisted|p1a: Kingambit
|-damage|p1a: Kingambit|58/100
|
|upkeep
|turn|16
|inactive|scarlettisafk has 60 seconds left.
|
|t:|1743931177
|move|p1a: Kingambit|Sucker Punch||[still]
|-fail|p1a: Kingambit
|move|p2a: ChompchoMp|Swords Dance|p2a: ChompchoMp
|-boost|p2a: ChompchoMp|atk|2
|
|upkeep
|turn|17
|inactive|scarlettisafk has 60 seconds left.
|
|t:|1743931200
|move|p1a: Kingambit|Sucker Punch|p2a: ChompchoMp
|-damage|p2a: ChompchoMp|0 fnt
|-damage|p1a: Kingambit|45/100|[from] ability: Rough Skin|[of] p2a: ChompchoMp
|-damage|p1a: Kingambit|29/100|[from] item: Rocky Helmet|[of] p2a: ChompchoMp
|faint|p2a: ChompchoMp
|
|upkeep
|
|t:|1743931210
|switch|p2a: Ninja|Greninja, M|100/100
|turn|18
|
|t:|1743931215
|move|p2a: Ninja|Water Shuriken|p1a: Kingambit
|-damage|p1a: Kingambit|22/100
|-damage|p1a: Kingambit|16/100
|-damage|p1a: Kingambit|9/100
|-damage|p1a: Kingambit|2/100
|-hitcount|p1a: Kingambit|4
|move|p1a: Kingambit|Swords Dance|p1a: Kingambit
|-boost|p1a: Kingambit|atk|2
|
|upkeep
|turn|19
|
|t:|1743931225
|move|p2a: Ninja|Water Shuriken|p1a: Kingambit
|-damage|p1a: Kingambit|0 fnt
|faint|p1a: Kingambit
|-end|p1a: Kingambit|fallen3|[silent]
|-ability|p2a: Ninja|Battle Bond|boost
|-boost|p2a: Ninja|atk|1
|-boost|p2a: Ninja|spa|1
|-boost|p2a: Ninja|spe|1
|-activate|p2a: Ninja|ability: Battle Bond
|-hitcount|p1: Kingambit|1
|
|upkeep
|
|t:|1743931232
|switch|p1a: Ogerpon|Ogerpon, F|100/100
|turn|20
|
|t:|1743931241
|move|p2a: Ninja|Sludge Wave|p1a: Ogerpon
|-supereffective|p1a: Ogerpon
|-damage|p1a: Ogerpon|0 fnt
|faint|p1a: Ogerpon
|
|upkeep
|
|t:|1743931243
|switch|p1a: Dragapult|Dragapult, M|100/100
|turn|21
|
|t:|1743931250
|move|p2a: Ninja|Ice Beam|p1a: Dragapult
|-supereffective|p1a: Dragapult
|-damage|p1a: Dragapult|0 fnt
|faint|p1a: Dragapult
|
|win|DBZ_Beast_Curt
|raw|scarlettisafk's rating: 1184 &rarr; <strong>1156</strong><br />(-28 for losing)
|raw|DBZ_Beast_Curt's rating: 1147 &rarr; <strong>1175</strong><br />(+28 for winning)
|l|☆scarlettisafk
|player|p1|
|l|☆DBZ_Beast_Curt
|player|p2|
