|j|☆Vangnex
|j|☆magicarpgotcaught
|t:|1743871071
|gametype|singles
|player|p1|Vangnex|lady|1057
|player|p2|magicarpgotcaught|ash|1074
|teamsize|p1|6
|teamsize|p2|6
|gen|9
|tier|[Gen 9] OU
|rated|
|rule|HP Percentage Mod: HP is shown in percentages
|rule|Endless Battle Clause: Forcing endless battles is banned
|rule|Species Clause: Limit one of each Pokémon
|rule|OHKO Clause: OHKO moves are banned
|rule|Evasion Items Clause: Evasion items are banned
|rule|Evasion Moves Clause: Evasion moves are banned
|rule|Sleep Moves Clause: Sleep-inducing moves are banned
|clearpoke
|poke|p1|Glimmora, M|
|poke|p1|Cinderace, F|
|poke|p1|Ursaluna, M|
|poke|p1|Ursaring, F|
|poke|p1|Zangoose, M|
|poke|p1|Conkeldurr, F|
|poke|p2|Pikachu-Original, M|
|poke|p2|Cacturne, M|
|poke|p2|Garchomp, M|
|poke|p2|Meloetta|
|poke|p2|Corviknight, M|
|poke|p2|Slither Wing|
|teampreview
|
|t:|1743871077
|start
|switch|p1a: Glimmora|Glimmora, M|100/100
|switch|p2a: Cacturne|Cacturne, M, shiny|100/100
|turn|1
|
|t:|1743871084
|move|p1a: Glimmora|Sludge Wave|p2a: Cacturne
|-supereffective|p2a: Cacturne
|-enditem|p2a: Cacturne|Focus Sash
|-damage|p2a: Cacturne|1/100
|move|p2a: Cacturne|Spikes|p1a: Glimmora
|-sidestart|p1: Vangnex|Spikes
|
|upkeep
|turn|2
|
|t:|1743871094
|switch|p2a: Corviknight|Corviknight, M, shiny|100/100
|-ability|p2a: Corviknight|Pressure
|move|p1a: Glimmora|Power Gem|p2a: Corviknight
|-damage|p2a: Corviknight|58/100
|
|upkeep
|turn|3
|
|t:|1743871102
|move|p1a: Glimmora|Power Gem|p2a: Corviknight
|-damage|p2a: Corviknight|16/100
|move|p2a: Corviknight|Body Press|p1a: Glimmora
|-damage|p1a: Glimmora|66/100
|-activate|p1a: Glimmora|ability: Toxic Debris
|-sidestart|p2: magicarpgotcaught|move: Toxic Spikes
|
|upkeep
|turn|4
|
|t:|1743871111
|move|p1a: Glimmora|Power Gem|p2a: Corviknight
|-damage|p2a: Corviknight|0 fnt
|faint|p2a: Corviknight
|
|upkeep
|
|t:|1743871121
|switch|p2a: Pikachu|Pikachu-Original, M|100/100
|-status|p2a: Pikachu|psn
|turn|5
|
|t:|1743871127
|move|p2a: Pikachu|Surf|p1a: Glimmora
|-supereffective|p1a: Glimmora
|-damage|p1a: Glimmora|0 fnt
|faint|p1a: Glimmora
|
|-damage|p2a: Pikachu|88/100 psn|[from] psn
|upkeep
|
|t:|1743871130
|switch|p1a: Cinderace|Cinderace, F|100/100
|turn|6
|
|t:|1743871135
|switch|p2a: Cacturne|Cacturne, M, shiny|1/100
|-status|p2a: Cacturne|psn
|move|p1a: Cinderace|Court Change|p1a: Cinderace
|-start|p1a: Cinderace|typechange|Normal|[from] ability: Libero
|-swapsideconditions
|-activate|p1a: Cinderace|move: Court Change
|
|-damage|p2a: Cacturne|0 fnt|[from] psn
|faint|p2a: Cacturne
|upkeep
|
|t:|1743871153
|switch|p2a: Meloetta|Meloetta, shiny|100/100
|turn|7
|
|t:|1743871157
|move|p1a: Cinderace|U-turn|p2a: Meloetta
|-supereffective|p2a: Meloetta
|-crit|p2a: Meloetta
|-damage|p2a: Meloetta|29/100
|
|t:|1743871168
|switch|p1a: Ursaring|Ursaring, F|100/100|[from] U-turn
|-status|p1a: Ursaring|psn
|move|p2a: Meloetta|Thunder Wave||[still]
|-fail|p2a: Meloetta
|
|-damage|p1a: Ursaring|88/100 psn|[from] psn
|upkeep
|turn|8
|
|t:|1743871177
|move|p1a: Ursaring|Facade|p2a: Meloetta
|-damage|p2a: Meloetta|0 fnt
|faint|p2a: Meloetta
|
|-damage|p1a: Ursaring|76/100 psn|[from] psn
|upkeep
|
|t:|1743871183
|switch|p2a: Jujiro|Slither Wing|100/100
|-damage|p2a: Jujiro|88/100|[from] Spikes
|turn|9
|
|t:|1743871191
|move|p1a: Ursaring|Facade|p2a: Jujiro
|-damage|p2a: Jujiro|0 fnt
|faint|p2a: Jujiro
|-end|p2a: Jujiro|Protosynthesis|[silent]
|
|-damage|p1a: Ursaring|63/100 psn|[from] psn
|upkeep
|
|t:|1743871199
|switch|p2a: Garchomp|Garchomp, M, shiny|100/100
|-damage|p2a: Garchomp|88/100|[from] Spikes
|turn|10
|
|t:|1743871204
|move|p1a: Ursaring|Ice Punch|p2a: Garchomp
|-supereffective|p2a: Garchomp
|-damage|p2a: Garchomp|0 fnt
|-damage|p1a: Ursaring|51/100 psn|[from] ability: Rough Skin|[of] p2a: Garchomp
|faint|p2a: Garchomp
|
|-damage|p1a: Ursaring|38/100 psn|[from] psn
|upkeep
|
|t:|1743871213
|switch|p2a: Pikachu|Pikachu-Original, M|88/100 psn
|-damage|p2a: Pikachu|76/100 psn|[from] Spikes
|turn|11
|
|t:|1743871233
|move|p1a: Ursaring|Facade|p2a: Pikachu
|-damage|p2a: Pikachu|0 fnt
|faint|p2a: Pikachu
|
|win|Vangnex
|raw|Vangnex's rating: 1057 &rarr; <strong>1090</strong><br />(+33 for winning)
|raw|magicarpgotcaught's rating: 1074 &rarr; <strong>1052</strong><br />(-22 for losing)
|l|☆magicarpgotcaught
|player|p2|
|l|☆Vangnex
|player|p1|
