|j|☆tap water gang
|j|☆Tscher
|t:|1743856265
|gametype|singles
|player|p1|tap water gang|sage-gen2jp|1358
|player|p2|Tscher|101|1300
|teamsize|p1|6
|teamsize|p2|6
|gen|9
|tier|[Gen 9] OU
|rated|
|rule|HP Percentage Mod: HP is shown in percentages
|rule|Endless Battle Clause: Forcing endless battles is banned
|rule|Species Clause: Limit one of each Pokémon
|rule|OHKO Clause: OHKO moves are banned
|rule|Evasion Items Clause: Evasion items are banned
|rule|Evasion Moves Clause: Evasion moves are banned
|rule|Sleep Moves Clause: Sleep-inducing moves are banned
|clearpoke
|poke|p1|Gholdengo|
|poke|p1|Ting-Lu|
|poke|p1|Zapdos|
|poke|p1|Kyurem|
|poke|p1|Alomomola, M|
|poke|p1|Great Tusk|
|poke|p2|Wigglytuff, F|
|poke|p2|Hatterene, F|
|poke|p2|Slowking-Galar, M|
|poke|p2|Darkrai|
|poke|p2|Landorus-Therian, M|
|poke|p2|Great Tusk|
|teampreview
|
|t:|1743856270
|start
|switch|p1a: Gholdengo|Gholdengo|100/100
|switch|p2a: Hatterene|Hatterene, F|100/100
|turn|1
|
|t:|1743856276
|move|p1a: Gholdengo|Make It Rain|p2a: Hatterene
|-supereffective|p2a: Hatterene
|-enditem|p2a: Hatterene|Focus Sash
|-damage|p2a: Hatterene|1/100
|-unboost|p1a: Gholdengo|spa|1
|move|p2a: Hatterene|Trick Room|p2a: Hatterene
|-fieldstart|move: Trick Room|[of] p2a: Hatterene
|
|upkeep
|turn|2
|
|t:|1743856284
|move|p2a: Hatterene|Mystical Fire|p1a: Gholdengo
|-supereffective|p1a: Gholdengo
|-damage|p1a: Gholdengo|36/100
|-unboost|p1a: Gholdengo|spa|1
|move|p1a: Gholdengo|Make It Rain|p2a: Hatterene
|-supereffective|p2a: Hatterene
|-damage|p2a: Hatterene|0 fnt
|-unboost|p1a: Gholdengo|spa|1
|faint|p2a: Hatterene
|
|upkeep
|
|t:|1743856295
|switch|p2a: Wigglytuff|Wigglytuff, F|100/100
|-item|p1a: Gholdengo|Choice Scarf|[from] ability: Frisk|[of] p2a: Wigglytuff
|turn|3
|
|t:|1743856299
|switch|p1a: Alomomola|Alomomola, M|100/100
|move|p2a: Wigglytuff|Gravity|p2a: Wigglytuff
|-fieldstart|move: Gravity
|
|upkeep
|turn|4
|
|t:|1743856303
|move|p1a: Alomomola|Protect|p1a: Alomomola
|-singleturn|p1a: Alomomola|Protect
|move|p2a: Wigglytuff|Knock Off|p1a: Alomomola
|-activate|p1a: Alomomola|move: Protect
|
|upkeep
|turn|5
|
|t:|1743856306
|move|p1a: Alomomola|Flip Turn|p2a: Wigglytuff
|-damage|p2a: Wigglytuff|79/100
|-enditem|p2a: Wigglytuff|Eject Button
|
|t:|1743856316
|switch|p2a: Landorus|Landorus-Therian, M|100/100
|-ability|p2a: Landorus|Intimidate|boost
|-unboost|p1a: Alomomola|atk|1
|
|-fieldend|move: Trick Room
|upkeep
|turn|6
|
|t:|1743856326
|move|p2a: Landorus|Earthquake|p1a: Alomomola
|-damage|p1a: Alomomola|71/100
|move|p1a: Alomomola|Flip Turn|p2a: Landorus
|-supereffective|p2a: Landorus
|-damage|p2a: Landorus|75/100
|
|t:|1743856331
|switch|p1a: Kyurem|Kyurem|100/100|[from] Flip Turn
|-ability|p1a: Kyurem|Pressure
|
|upkeep
|turn|7
|
|t:|1743856333
|move|p2a: Landorus|Earthquake|p1a: Kyurem
|-damage|p1a: Kyurem|47/100
|move|p1a: Kyurem|Icicle Spear|p2a: Landorus
|-supereffective|p2a: Landorus
|-damage|p2a: Landorus|15/100
|-supereffective|p2a: Landorus
|-damage|p2a: Landorus|0 fnt
|faint|p2a: Landorus
|-hitcount|p2: Landorus|2
|
|-fieldend|move: Gravity
|upkeep
|
|t:|1743856341
|switch|p2a: Wigglytuff|Wigglytuff, F|79/100
|-item|p1a: Kyurem|Loaded Dice|[from] ability: Frisk|[of] p2a: Wigglytuff
|turn|8
|
|t:|1743856345
|move|p1a: Kyurem|Icicle Spear|p2a: Wigglytuff
|-damage|p2a: Wigglytuff|62/100
|-damage|p2a: Wigglytuff|45/100
|-damage|p2a: Wigglytuff|28/100
|-crit|p2a: Wigglytuff
|-damage|p2a: Wigglytuff|2/100
|-hitcount|p2a: Wigglytuff|4
|move|p2a: Wigglytuff|Gravity|p2a: Wigglytuff
|-fieldstart|move: Gravity
|
|upkeep
|turn|9
|
|t:|1743856353
|move|p1a: Kyurem|Icicle Spear|p2a: Wigglytuff
|-damage|p2a: Wigglytuff|0 fnt
|faint|p2a: Wigglytuff
|-hitcount|p2: Wigglytuff|1
|
|upkeep
|
|t:|1743856356
|switch|p2a: Great Tusk|Great Tusk|100/100
|-enditem|p2a: Great Tusk|Booster Energy
|-activate|p2a: Great Tusk|ability: Protosynthesis|[fromitem]
|-start|p2a: Great Tusk|protosynthesisatk
|turn|10
|
|t:|1743856362
|move|p1a: Kyurem|Icicle Spear|p2a: Great Tusk
|-supereffective|p2a: Great Tusk
|-damage|p2a: Great Tusk|82/100
|-supereffective|p2a: Great Tusk
|-damage|p2a: Great Tusk|63/100
|-supereffective|p2a: Great Tusk
|-damage|p2a: Great Tusk|43/100
|-supereffective|p2a: Great Tusk
|-damage|p2a: Great Tusk|23/100
|-supereffective|p2a: Great Tusk
|-damage|p2a: Great Tusk|4/100
|-hitcount|p2a: Great Tusk|5
|move|p2a: Great Tusk|Headlong Rush|p1a: Kyurem
|-damage|p1a: Kyurem|0 fnt
|-unboost|p2a: Great Tusk|def|1
|-unboost|p2a: Great Tusk|spd|1
|faint|p1a: Kyurem
|
|upkeep
|
|t:|1743856377
|switch|p1a: Gholdengo|Gholdengo|36/100
|turn|11
|
|t:|1743856379
|move|p1a: Gholdengo|Make It Rain|p2a: Great Tusk
|-damage|p2a: Great Tusk|0 fnt
|-unboost|p1a: Gholdengo|spa|1
|faint|p2a: Great Tusk
|-end|p2a: Great Tusk|Protosynthesis|[silent]
|
|upkeep
|
|t:|1743856384
|switch|p2a: Darkrai|Darkrai|100/100
|turn|12
|
|t:|1743856386
|-terastallize|p1a: Gholdengo|Steel
|move|p1a: Gholdengo|Make It Rain|p2a: Darkrai
|-damage|p2a: Darkrai|14/100
|-unboost|p1a: Gholdengo|spa|1
|move|p2a: Darkrai|Dark Pulse|p1a: Gholdengo
|-damage|p1a: Gholdengo|0 fnt
|faint|p1a: Gholdengo
|-damage|p2a: Darkrai|4/100|[from] item: Life Orb
|
|-fieldend|move: Gravity
|upkeep
|
|t:|1743856399
|switch|p1a: Great Tusk|Great Tusk|100/100
|turn|13
|
|t:|1743856402
|move|p2a: Darkrai|Dark Pulse|p1a: Great Tusk
|-resisted|p1a: Great Tusk
|-damage|p1a: Great Tusk|54/100
|-damage|p2a: Darkrai|0 fnt|[from] item: Life Orb
|faint|p2a: Darkrai
|move|p1a: Great Tusk|Stealth Rock|p2: Darkrai
|-sidestart|p2: Tscher|move: Stealth Rock
|
|upkeep
|
|t:|1743856404
|switch|p2a: Slowking|Slowking-Galar, M|100/100
|turn|14
|
|t:|1743856410
|-terastallize|p2a: Slowking|Water
|move|p1a: Great Tusk|Headlong Rush|p2a: Slowking
|-damage|p2a: Slowking|57/100
|-unboost|p1a: Great Tusk|def|1
|-unboost|p1a: Great Tusk|spd|1
|move|p2a: Slowking|Psyshock|p1a: Great Tusk
|-supereffective|p1a: Great Tusk
|-damage|p1a: Great Tusk|0 fnt
|faint|p1a: Great Tusk
|-end|p1a: Great Tusk|Protosynthesis|[silent]
|
|upkeep
|
|t:|1743856412
|switch|p1a: Zapdos|Zapdos|100/100
|turn|15
|
|t:|1743856417
|move|p1a: Zapdos|Thunderbolt|p2a: Slowking
|-supereffective|p2a: Slowking
|-damage|p2a: Slowking|0 fnt
|faint|p2a: Slowking
|
|win|tap water gang
|raw|tap water gang's rating: 1358 &rarr; <strong>1375</strong><br />(+17 for winning)
|raw|Tscher's rating: 1300 &rarr; <strong>1279</strong><br />(-21 for losing)
|l|☆tap water gang
|player|p1|
|l|☆Tscher
|player|p2|
