|j|☆a jellyfish
|j|☆monohue
|t:|1743813215
|gametype|singles
|player|p1|a jellyfish|fisherman-gen4|1730
|player|p2|monohue|scientist-gen4dp|1655
|teamsize|p1|6
|teamsize|p2|6
|gen|9
|tier|[Gen 9] OU
|rated|
|rule|HP Percentage Mod: HP is shown in percentages
|rule|Endless Battle Clause: Forcing endless battles is banned
|rule|Species Clause: Limit one of each Pokémon
|rule|OHKO Clause: OHKO moves are banned
|rule|Evasion Items Clause: Evasion items are banned
|rule|Evasion Moves Clause: Evasion moves are banned
|rule|Sleep Moves Clause: Sleep-inducing moves are banned
|clearpoke
|poke|p1|Staraptor, M|
|poke|p1|Iron Treads|
|poke|p1|Zamazenta-*|
|poke|p1|Dragonite, F|
|poke|p1|Gholdengo|
|poke|p1|Moltres-Galar|
|poke|p2|Polteageist|
|poke|p2|Tinkaton, F|
|poke|p2|Hatterene, F|
|poke|p2|Infernape, M|
|poke|p2|Moltres-Galar|
|poke|p2|Zamazenta-*|
|teampreview
|inactive|Battle timer is ON: inactive players will automatically lose when time's up. (requested by a jellyfish)
|
|t:|1743813228
|start
|switch|p1a: Iron Treads|Iron Treads|100/100
|switch|p2a: Tinkaton|Tinkaton, F|100/100
|-ability|p2a: Tinkaton|Mold Breaker
|-enditem|p1a: Iron Treads|Booster Energy
|-activate|p1a: Iron Treads|ability: Quark Drive|[fromitem]
|-start|p1a: Iron Treads|quarkdrivespe
|turn|1
|
|t:|1743813234
|move|p1a: Iron Treads|Earth Power|p2a: Tinkaton
|-supereffective|p2a: Tinkaton
|-damage|p2a: Tinkaton|47/100
|move|p2a: Tinkaton|Stealth Rock|p1a: Iron Treads
|-sidestart|p1: a jellyfish|move: Stealth Rock
|
|upkeep
|turn|2
|
|t:|1743813239
|move|p1a: Iron Treads|Stealth Rock|p2a: Tinkaton
|-sidestart|p2: monohue|move: Stealth Rock
|move|p2a: Tinkaton|Encore|p1a: Iron Treads
|-start|p1a: Iron Treads|Encore
|
|upkeep
|turn|3
|
|t:|1743813256
|-end|p1a: Iron Treads|Quark Drive|[silent]
|switch|p1a: Gholdengo|Gholdengo|100/100
|-damage|p1a: Gholdengo|94/100|[from] Stealth Rock
|switch|p2a: Infernape|Infernape, M, shiny|100/100
|-damage|p2a: Infernape|88/100|[from] Stealth Rock
|
|-heal|p1a: Gholdengo|100/100|[from] item: Leftovers
|upkeep
|turn|4
|
|t:|1743813264
|switch|p1a: Zamazenta|Zamazenta|100/100
|-damage|p1a: Zamazenta|94/100|[from] Stealth Rock
|-ability|p1a: Zamazenta|Dauntless Shield|boost
|-boost|p1a: Zamazenta|def|1
|move|p2a: Infernape|Overheat|p1a: Zamazenta|[miss]
|-miss|p2a: Infernape|p1a: Zamazenta
|
|-heal|p1a: Zamazenta|100/100|[from] item: Leftovers
|upkeep
|turn|5
|
|t:|1743813278
|move|p1a: Zamazenta|Body Press|p2a: Infernape
|-damage|p2a: Infernape|18/100
|move|p2a: Infernape|Overheat|p1a: Zamazenta
|-damage|p1a: Zamazenta|30/100
|-unboost|p2a: Infernape|spa|2
|-damage|p2a: Infernape|8/100|[from] item: Life Orb
|
|-heal|p1a: Zamazenta|36/100|[from] item: Leftovers
|upkeep
|turn|6
|
|t:|1743813286
|move|p1a: Zamazenta|Crunch|p2a: Infernape
|-resisted|p2a: Infernape
|-damage|p2a: Infernape|0 fnt
|faint|p2a: Infernape
|
|-heal|p1a: Zamazenta|42/100|[from] item: Leftovers
|upkeep
|
|t:|1743813311
|switch|p2a: Zamazenta|Zamazenta, shiny|100/100
|-damage|p2a: Zamazenta|94/100|[from] Stealth Rock
|-ability|p2a: Zamazenta|Dauntless Shield|boost
|-boost|p2a: Zamazenta|def|1
|turn|7
|
|t:|1743813317
|switch|p1a: Gholdengo|Gholdengo|100/100
|-damage|p1a: Gholdengo|94/100|[from] Stealth Rock
|move|p2a: Zamazenta|Iron Defense|p2a: Zamazenta
|-boost|p2a: Zamazenta|def|2
|
|-heal|p2a: Zamazenta|100/100|[from] item: Leftovers
|-heal|p1a: Gholdengo|100/100|[from] item: Leftovers
|upkeep
|turn|8
|j| rippedpantsbob
|
|t:|1743813323
|move|p2a: Zamazenta|Crunch|p1a: Gholdengo
|-supereffective|p1a: Gholdengo
|-damage|p1a: Gholdengo|60/100
|move|p1a: Gholdengo|Nasty Plot|p1a: Gholdengo
|-boost|p1a: Gholdengo|spa|2
|
|-heal|p1a: Gholdengo|66/100|[from] item: Leftovers
|upkeep
|turn|9
|
|t:|1743813329
|switch|p2a: Tinkaton|Tinkaton, F|47/100
|-damage|p2a: Tinkaton|41/100|[from] Stealth Rock
|-ability|p2a: Tinkaton|Mold Breaker
|move|p1a: Gholdengo|Recover|p1a: Gholdengo
|-heal|p1a: Gholdengo|100/100
|
|upkeep
|turn|10
|j| harold712
|
|t:|1743813332
|switch|p1a: Iron Treads|Iron Treads|100/100
|-damage|p1a: Iron Treads|97/100|[from] Stealth Rock
|move|p2a: Tinkaton|Encore||[still]
|-fail|p2a: Tinkaton
|
|upkeep
|turn|11
|
|t:|1743813335
|switch|p2a: Polteageist|Polteageist, shiny|100/100
|-damage|p2a: Polteageist|88/100|[from] Stealth Rock
|move|p1a: Iron Treads|Rapid Spin|p2a: Polteageist
|-immune|p2a: Polteageist
|
|upkeep
|turn|12
|j| Duke Guy
|
|t:|1743813345
|move|p1a: Iron Treads|Earth Power|p2a: Polteageist
|-damage|p2a: Polteageist|50/100
|move|p2a: Polteageist|Shell Smash|p2a: Polteageist
|-unboost|p2a: Polteageist|def|1
|-unboost|p2a: Polteageist|spd|1
|-boost|p2a: Polteageist|atk|2
|-boost|p2a: Polteageist|spa|2
|-boost|p2a: Polteageist|spe|2
|
|upkeep
|turn|13
|l| harold712
|
|t:|1743813350
|move|p2a: Polteageist|Shadow Ball|p1a: Iron Treads
|-damage|p1a: Iron Treads|0 fnt
|faint|p1a: Iron Treads
|-end|p1a: Iron Treads|Quark Drive|[silent]
|
|upkeep
|
|t:|1743813358
|switch|p1a: Dragonite|Dragonite, F, shiny|100/100
|turn|14
|
|t:|1743813362
|move|p2a: Polteageist|Stored Power|p1a: Dragonite
|-damage|p1a: Dragonite|43/100
|move|p1a: Dragonite|Earthquake|p2a: Polteageist
|-damage|p2a: Polteageist|0 fnt
|faint|p2a: Polteageist
|
|upkeep
|
|t:|1743813383
|switch|p2a: Tinkaton|Tinkaton, F|41/100
|-damage|p2a: Tinkaton|35/100|[from] Stealth Rock
|-ability|p2a: Tinkaton|Mold Breaker
|turn|15
|
|t:|1743813390
|move|p2a: Tinkaton|Encore|p1a: Dragonite
|-start|p1a: Dragonite|Encore
|move|p1a: Dragonite|Earthquake|p2a: Tinkaton
|-supereffective|p2a: Tinkaton
|-damage|p2a: Tinkaton|0 fnt
|faint|p2a: Tinkaton
|
|upkeep
|
|t:|1743813393
|switch|p2a: Moltres|Moltres-Galar|100/100
|-damage|p2a: Moltres|76/100|[from] Stealth Rock
|turn|16
|
|t:|1743813396
|switch|p1a: Staraptor|Staraptor, M|100/100
|-damage|p1a: Staraptor|76/100|[from] Stealth Rock
|move|p2a: Moltres|Agility|p2a: Moltres
|-boost|p2a: Moltres|spe|2
|
|upkeep
|turn|17
|
|t:|1743813404
|move|p2a: Moltres|Fiery Wrath|p1a: Staraptor
|-damage|p1a: Staraptor|8/100
|move|p1a: Staraptor|Brave Bird|p2a: Moltres
|-damage|p2a: Moltres|0 fnt
|faint|p2a: Moltres
|-damage|p1a: Staraptor|0 fnt|[from] Recoil
|faint|p1a: Staraptor
|
|upkeep
|
|t:|1743813421
|switch|p1a: Gholdengo|Gholdengo|100/100
|switch|p2a: Hatterene|Hatterene, F, shiny|100/100
|-damage|p1a: Gholdengo|94/100|[from] Stealth Rock
|-damage|p2a: Hatterene|88/100|[from] Stealth Rock
|turn|18
|
|t:|1743813427
|-terastallize|p2a: Hatterene|Normal
|move|p1a: Gholdengo|Nasty Plot|p1a: Gholdengo
|-boost|p1a: Gholdengo|spa|2
|move|p2a: Hatterene|Mystical Fire|p1a: Gholdengo
|-supereffective|p1a: Gholdengo
|-damage|p1a: Gholdengo|53/100
|-unboost|p1a: Gholdengo|spa|1
|
|-heal|p1a: Gholdengo|59/100|[from] item: Leftovers
|-heal|p2a: Hatterene|94/100|[from] item: Leftovers
|upkeep
|turn|19
|
|t:|1743813440
|move|p1a: Gholdengo|Dazzling Gleam|p2a: Hatterene
|-damage|p2a: Hatterene|47/100
|move|p2a: Hatterene|Mystical Fire|p1a: Gholdengo
|-supereffective|p1a: Gholdengo
|-damage|p1a: Gholdengo|12/100
|-unboost|p1a: Gholdengo|spa|1
|
|-heal|p1a: Gholdengo|18/100|[from] item: Leftovers
|-heal|p2a: Hatterene|53/100|[from] item: Leftovers
|upkeep
|turn|20
|
|t:|1743813455
|move|p1a: Gholdengo|Recover|p1a: Gholdengo
|-heal|p1a: Gholdengo|68/100
|move|p2a: Hatterene|Draining Kiss|p1a: Gholdengo
|-resisted|p1a: Gholdengo
|-damage|p1a: Gholdengo|57/100
|-heal|p2a: Hatterene|63/100|[from] drain|[of] p1a: Gholdengo
|
|-heal|p1a: Gholdengo|63/100|[from] item: Leftovers
|-heal|p2a: Hatterene|70/100|[from] item: Leftovers
|upkeep
|turn|21
|
|t:|1743813464
|switch|p1a: Dragonite|Dragonite, F, shiny|43/100
|move|p2a: Hatterene|Calm Mind|p2a: Hatterene
|-boost|p2a: Hatterene|spa|1
|-boost|p2a: Hatterene|spd|1
|
|-heal|p2a: Hatterene|76/100|[from] item: Leftovers
|upkeep
|turn|22
|
|t:|1743813467
|move|p1a: Dragonite|Earthquake|p2a: Hatterene
|-damage|p2a: Hatterene|46/100
|move|p2a: Hatterene|Draining Kiss|p1a: Dragonite
|-supereffective|p1a: Dragonite
|-crit|p1a: Dragonite
|-damage|p1a: Dragonite|0 fnt
|-heal|p2a: Hatterene|79/100|[from] drain|[of] p1a: Dragonite
|faint|p1a: Dragonite
|
|-heal|p2a: Hatterene|85/100|[from] item: Leftovers
|upkeep
|
|t:|1743813470
|switch|p1a: Zamazenta|Zamazenta|42/100
|-damage|p1a: Zamazenta|36/100|[from] Stealth Rock
|turn|23
|
|t:|1743813478
|-terastallize|p1a: Zamazenta|Fire
|move|p1a: Zamazenta|Iron Defense|p1a: Zamazenta
|-boost|p1a: Zamazenta|def|2
|move|p2a: Hatterene|Draining Kiss|p1a: Zamazenta
|-resisted|p1a: Zamazenta
|-damage|p1a: Zamazenta|24/100
|-heal|p2a: Hatterene|97/100|[from] drain|[of] p1a: Zamazenta
|
|-heal|p1a: Zamazenta|30/100|[from] item: Leftovers
|-heal|p2a: Hatterene|100/100|[from] item: Leftovers
|upkeep
|turn|24
|j| m0chaman_829
|
|t:|1743813494
|move|p1a: Zamazenta|Body Press|p2a: Hatterene
|-supereffective|p2a: Hatterene
|-damage|p2a: Hatterene|1/100
|move|p2a: Hatterene|Psyshock|p1a: Zamazenta
|-damage|p1a: Zamazenta|8/100
|
|-heal|p1a: Zamazenta|15/100|[from] item: Leftovers
|-heal|p2a: Hatterene|8/100|[from] item: Leftovers
|upkeep
|turn|25
|
|t:|1743813497
|move|p1a: Zamazenta|Body Press|p2a: Hatterene
|-supereffective|p2a: Hatterene
|-damage|p2a: Hatterene|0 fnt
|faint|p2a: Hatterene
|
|-heal|p1a: Zamazenta|21/100|[from] item: Leftovers
|upkeep
|
|t:|1743813499
|switch|p2a: Zamazenta|Zamazenta, shiny|100/100
|-damage|p2a: Zamazenta|94/100|[from] Stealth Rock
|turn|26
|
|t:|1743813502
|move|p2a: Zamazenta|Iron Defense|p2a: Zamazenta
|-boost|p2a: Zamazenta|def|2
|move|p1a: Zamazenta|Body Press|p2a: Zamazenta
|-damage|p2a: Zamazenta|68/100
|
|-heal|p2a: Zamazenta|75/100|[from] item: Leftovers
|-heal|p1a: Zamazenta|27/100|[from] item: Leftovers
|upkeep
|turn|27
|
|t:|1743813513
|move|p2a: Zamazenta|Iron Defense|p2a: Zamazenta
|-boost|p2a: Zamazenta|def|2
|move|p1a: Zamazenta|Body Press|p2a: Zamazenta
|-damage|p2a: Zamazenta|59/100
|
|-heal|p2a: Zamazenta|65/100|[from] item: Leftovers
|-heal|p1a: Zamazenta|33/100|[from] item: Leftovers
|upkeep
|turn|28
|
|t:|1743813518
|move|p2a: Zamazenta|Body Press|p1a: Zamazenta
|-damage|p1a: Zamazenta|0 fnt
|faint|p1a: Zamazenta
|
|-heal|p2a: Zamazenta|72/100|[from] item: Leftovers
|upkeep
|
|t:|1743813520
|switch|p1a: Moltres|Moltres-Galar|100/100
|-damage|p1a: Moltres|76/100|[from] Stealth Rock
|turn|29
|
|t:|1743813522
|move|p2a: Zamazenta|Body Press|p1a: Moltres
|-damage|p1a: Moltres|0 fnt
|faint|p1a: Moltres
|
|-heal|p2a: Zamazenta|78/100|[from] item: Leftovers
|upkeep
|l| rippedpantsbob
|
|t:|1743813524
|switch|p1a: Gholdengo|Gholdengo|63/100
|-damage|p1a: Gholdengo|57/100|[from] Stealth Rock
|turn|30
|
|t:|1743813525
|move|p2a: Zamazenta|Crunch|p1a: Gholdengo
|-supereffective|p1a: Gholdengo
|-damage|p1a: Gholdengo|20/100
|-unboost|p1a: Gholdengo|def|1
|move|p1a: Gholdengo|Recover|p1a: Gholdengo
|-heal|p1a: Gholdengo|70/100
|
|-heal|p2a: Zamazenta|84/100|[from] item: Leftovers
|-heal|p1a: Gholdengo|76/100|[from] item: Leftovers
|upkeep
|turn|31
|
|t:|1743813530
|move|p2a: Zamazenta|Crunch|p1a: Gholdengo
|-supereffective|p1a: Gholdengo
|-damage|p1a: Gholdengo|12/100
|-unboost|p1a: Gholdengo|def|1
|move|p1a: Gholdengo|Recover|p1a: Gholdengo
|-heal|p1a: Gholdengo|62/100
|
|-heal|p2a: Zamazenta|90/100|[from] item: Leftovers
|-heal|p1a: Gholdengo|68/100|[from] item: Leftovers
|upkeep
|turn|32
|-message|a jellyfish forfeited.
|
|win|monohue
|raw|a jellyfish's rating: 1730 &rarr; <strong>1706</strong><br />(-24 for losing)
|raw|monohue's rating: 1655 &rarr; <strong>1679</strong><br />(+24 for winning)
|l|☆a jellyfish
|player|p1|
|l|☆monohue
|player|p2|
|l| Duke Guy
|l| m0chaman_829
