|j|☆FiveTomatoes
|j|☆2(H2O)-Alt
|t:|1743921594
|gametype|singles
|player|p1|FiveTomatoes|101|1643
|player|p2|2(H2O)-Alt|chase|1680
|teamsize|p1|6
|teamsize|p2|6
|gen|9
|tier|[Gen 9] OU
|rated|
|rule|HP Percentage Mod: HP is shown in percentages
|rule|Endless Battle Clause: Forcing endless battles is banned
|rule|Species Clause: Limit one of each Pokémon
|rule|OHKO Clause: OHKO moves are banned
|rule|Evasion Items Clause: Evasion items are banned
|rule|Evasion Moves Clause: Evasion moves are banned
|rule|Sleep Moves Clause: Sleep-inducing moves are banned
|clearpoke
|poke|p1|Greninja-*, M|
|poke|p1|Rotom-Wash|
|poke|p1|Rillaboom, M|
|poke|p1|Glimmora, F|
|poke|p1|Garganacl, F|
|poke|p1|Dragapult, M|
|poke|p2|Kingambit, M|
|poke|p2|Weavile, M|
|poke|p2|Zapdos|
|poke|p2|Samurott-Hisui, M|
|poke|p2|Slowking-Galar, M|
|poke|p2|Landorus-Therian, M|
|teampreview
|inactive|Battle timer is ON: inactive players will automatically lose when time's up. (requested by FiveTomatoes)
|c|☆2(H2O)-Alt|Hf big bro
|
|t:|1743921611
|start
|switch|p1a: Rotom|Rotom-Wash|100/100
|switch|p2a: Zapdos|Zapdos|100/100
|turn|1
|
|t:|1743921620
|move|p1a: Rotom|Trick|p2a: Zapdos
|-activate|p1a: Rotom|move: Trick|[of] p2a: Zapdos
|-item|p2a: Zapdos|Choice Scarf|[from] move: Trick
|-item|p1a: Rotom|Heavy-Duty Boots|[from] move: Trick
|move|p2a: Zapdos|Volt Switch|p1a: Rotom
|-damage|p1a: Rotom|62/100
|
|t:|1743921626
|switch|p2a: Slowking|Slowking-Galar, M|100/100|[from] Volt Switch
|
|upkeep
|turn|2
|
|t:|1743921641
|switch|p1a: Garganacl|Garganacl, F|100/100
|-prepare|p2a: Slowking|Chilly Reception|[premajor]
|move|p2a: Slowking|Chilly Reception|p2a: Slowking
|-weather|Snowscape
|
|t:|1743921645
|switch|p2a: Landorus|Landorus-Therian, M|100/100|[from] Chilly Reception
|-ability|p2a: Landorus|Intimidate|boost
|-unboost|p1a: Garganacl|atk|1
|
|-weather|Snowscape|[upkeep]
|upkeep
|turn|3
|
|t:|1743921648
|move|p2a: Landorus|Earth Power|p1a: Garganacl
|-supereffective|p1a: Garganacl
|-damage|p1a: Garganacl|43/100
|move|p1a: Garganacl|Salt Cure|p2a: Landorus
|-damage|p2a: Landorus|92/100
|-start|p2a: Landorus|Salt Cure
|
|-weather|Snowscape|[upkeep]
|-heal|p1a: Garganacl|49/100|[from] item: Leftovers
|-damage|p2a: Landorus|79/100|[from] Salt Cure
|upkeep
|turn|4
|
|t:|1743921658
|move|p2a: Landorus|Taunt|p1a: Garganacl
|-start|p1a: Garganacl|move: Taunt
|cant|p1a: Garganacl|move: Taunt|Recover
|
|-weather|Snowscape|[upkeep]
|-heal|p1a: Garganacl|55/100|[from] item: Leftovers
|-damage|p2a: Landorus|67/100|[from] Salt Cure
|upkeep
|turn|5
|
|t:|1743921663
|switch|p1a: Rotom|Rotom-Wash|62/100
|move|p2a: Landorus|Stealth Rock|p1a: Rotom
|-sidestart|p1: FiveTomatoes|move: Stealth Rock
|
|-weather|Snowscape|[upkeep]
|-damage|p2a: Landorus|55/100|[from] Salt Cure
|upkeep
|turn|6
|
|t:|1743921671
|switch|p2a: Slowking|Slowking-Galar, M|100/100
|move|p1a: Rotom|Volt Switch|p2a: Slowking
|-damage|p2a: Slowking|83/100
|j| LudocyelZ
|
|t:|1743921682
|switch|p1a: Dragapult|Dragapult, M|100/100|[from] Volt Switch
|-damage|p1a: Dragapult|88/100|[from] Stealth Rock
|
|-weather|none
|-heal|p1a: Dragapult|94/100|[from] item: Leftovers
|upkeep
|turn|7
|
|t:|1743921687
|move|p1a: Dragapult|Substitute|p1a: Dragapult
|-start|p1a: Dragapult|Substitute
|-damage|p1a: Dragapult|69/100
|move|p2a: Slowking|Ice Beam|p1a: Dragapult
|-supereffective|p1a: Dragapult
|-end|p1a: Dragapult|Substitute
|
|-heal|p1a: Dragapult|75/100|[from] item: Leftovers
|upkeep
|turn|8
|
|t:|1743921707
|move|p1a: Dragapult|Substitute|p1a: Dragapult
|-start|p1a: Dragapult|Substitute
|-damage|p1a: Dragapult|51/100
|-prepare|p2a: Slowking|Chilly Reception|[premajor]
|move|p2a: Slowking|Chilly Reception|p2a: Slowking
|-weather|Snowscape
|
|t:|1743921711
|switch|p2a: Samurott|Samurott-Hisui, M|100/100|[from] Chilly Reception
|
|-weather|Snowscape|[upkeep]
|-heal|p1a: Dragapult|57/100|[from] item: Leftovers
|upkeep
|turn|9
|
|t:|1743921716
|move|p1a: Dragapult|Dragon Darts|p2a: Samurott
|-damage|p2a: Samurott|78/100
|-anim|p1a: Dragapult|Dragon Darts|p2a: Samurott
|-damage|p2a: Samurott|56/100
|move|p2a: Samurott|Ceaseless Edge|p1a: Dragapult|[miss]
|-miss|p2a: Samurott|p1a: Dragapult
|
|-weather|Snowscape|[upkeep]
|-heal|p1a: Dragapult|63/100|[from] item: Leftovers
|upkeep
|turn|10
|
|t:|1743921725
|move|p1a: Dragapult|Dragon Darts|p2a: Samurott
|-damage|p2a: Samurott|35/100
|-anim|p1a: Dragapult|Dragon Darts|p2a: Samurott
|-damage|p2a: Samurott|14/100
|move|p2a: Samurott|Ceaseless Edge|p1a: Dragapult
|-supereffective|p1a: Dragapult
|-end|p1a: Dragapult|Substitute
|-sidestart|p1: FiveTomatoes|Spikes
|
|-weather|Snowscape|[upkeep]
|-heal|p1a: Dragapult|69/100|[from] item: Leftovers
|upkeep
|turn|11
|
|t:|1743921732
|switch|p2a: Zapdos|Zapdos|100/100
|move|p1a: Dragapult|Dragon Darts|p2a: Zapdos
|-damage|p2a: Zapdos|87/100
|-anim|p1a: Dragapult|Dragon Darts|p2a: Zapdos
|-damage|p2a: Zapdos|73/100
|
|-weather|Snowscape|[upkeep]
|-heal|p1a: Dragapult|75/100|[from] item: Leftovers
|upkeep
|turn|12
|
|t:|1743921737
|move|p1a: Dragapult|Substitute|p1a: Dragapult
|-start|p1a: Dragapult|Substitute
|-damage|p1a: Dragapult|50/100
|move|p2a: Zapdos|Hurricane|p1a: Dragapult
|-end|p1a: Dragapult|Substitute
|
|-weather|none
|-heal|p1a: Dragapult|56/100|[from] item: Leftovers
|upkeep
|turn|13
|
|t:|1743921743
|move|p1a: Dragapult|Substitute|p1a: Dragapult
|-start|p1a: Dragapult|Substitute
|-damage|p1a: Dragapult|31/100
|move|p2a: Zapdos|Hurricane|p1a: Dragapult
|-end|p1a: Dragapult|Substitute
|
|-heal|p1a: Dragapult|37/100|[from] item: Leftovers
|upkeep
|turn|14
|
|t:|1743921764
|move|p1a: Dragapult|Substitute|p1a: Dragapult
|-start|p1a: Dragapult|Substitute
|-damage|p1a: Dragapult|13/100
|move|p2a: Zapdos|Hurricane|p1a: Dragapult|[miss]
|-miss|p2a: Zapdos|p1a: Dragapult
|
|-heal|p1a: Dragapult|19/100|[from] item: Leftovers
|upkeep
|turn|15
|
|t:|1743921769
|move|p1a: Dragapult|Dragon Darts|p2a: Zapdos
|-damage|p2a: Zapdos|58/100
|-anim|p1a: Dragapult|Dragon Darts|p2a: Zapdos
|-damage|p2a: Zapdos|44/100
|move|p2a: Zapdos|Hurricane|p1a: Dragapult|[miss]
|-miss|p2a: Zapdos|p1a: Dragapult
|
|-heal|p1a: Dragapult|25/100|[from] item: Leftovers
|upkeep
|turn|16
|
|t:|1743921774
|move|p1a: Dragapult|Dragon Darts|p2a: Zapdos
|-crit|p2a: Zapdos
|-damage|p2a: Zapdos|21/100
|-anim|p1a: Dragapult|Dragon Darts|p2a: Zapdos
|-damage|p2a: Zapdos|7/100
|move|p2a: Zapdos|Hurricane|p1a: Dragapult|[miss]
|-miss|p2a: Zapdos|p1a: Dragapult
|
|-heal|p1a: Dragapult|31/100|[from] item: Leftovers
|upkeep
|turn|17
|
|t:|1743921785
|move|p1a: Dragapult|Dragon Darts|p2a: Zapdos
|-damage|p2a: Zapdos|0 fnt
|faint|p2a: Zapdos
|
|-heal|p1a: Dragapult|37/100|[from] item: Leftovers
|upkeep
|
|t:|1743921795
|switch|p2a: Slowking|Slowking-Galar, M|100/100
|turn|18
|j| drednawthegreatest
|
|t:|1743921807
|move|p1a: Dragapult|Thunder Wave|p2a: Slowking
|-status|p2a: Slowking|par
|move|p2a: Slowking|Ice Beam|p1a: Dragapult
|-supereffective|p1a: Dragapult
|-end|p1a: Dragapult|Substitute
|
|-heal|p1a: Dragapult|43/100|[from] item: Leftovers
|upkeep
|turn|19
|
|t:|1743921814
|switch|p1a: Glimmora|Glimmora, F|100/100
|cant|p2a: Slowking|par
|
|upkeep
|turn|20
|
|t:|1743921817
|switch|p2a: Kingambit|Kingambit, M|100/100
|-activate|p2a: Kingambit|ability: Supreme Overlord
|-start|p2a: Kingambit|fallen1|[silent]
|move|p1a: Glimmora|Earth Power|p2a: Kingambit
|-supereffective|p2a: Kingambit
|-damage|p2a: Kingambit|38/100
|
|upkeep
|turn|21
|
|t:|1743921823
|-end|p2a: Kingambit|fallen1|[silent]
|switch|p2a: Samurott|Samurott-Hisui, M|14/100
|move|p1a: Glimmora|Spiky Shield||[still]
|-fail|p1a: Glimmora
|
|upkeep
|turn|22
|l| drednawthegreatest
|
|t:|1743921830
|switch|p2a: Kingambit|Kingambit, M|38/100
|-activate|p2a: Kingambit|ability: Supreme Overlord
|-start|p2a: Kingambit|fallen1|[silent]
|move|p1a: Glimmora|Mortal Spin|p2a: Kingambit
|-immune|p2a: Kingambit
|
|upkeep
|turn|23
|
|t:|1743921835
|move|p1a: Glimmora|Spiky Shield|p1a: Glimmora
|-singleturn|p1a: Glimmora|move: Protect
|move|p2a: Kingambit|Sucker Punch||[still]
|-fail|p2a: Kingambit
|
|upkeep
|turn|24
|
|t:|1743921839
|move|p2a: Kingambit|Sucker Punch|p1a: Glimmora
|-damage|p1a: Glimmora|65/100
|-activate|p1a: Glimmora|ability: Toxic Debris
|-sidestart|p2: 2(H2O)-Alt|move: Toxic Spikes
|move|p1a: Glimmora|Earth Power|p2a: Kingambit
|-supereffective|p2a: Kingambit
|-damage|p2a: Kingambit|0 fnt
|faint|p2a: Kingambit
|-end|p2a: Kingambit|fallen1|[silent]
|
|upkeep
|
|t:|1743921842
|switch|p2a: Landorus|Landorus-Therian, M|55/100
|-ability|p2a: Landorus|Intimidate|boost
|-unboost|p1a: Glimmora|atk|1
|turn|25
|
|t:|1743921845
|-terastallize|p1a: Glimmora|Flying
|move|p2a: Landorus|Earth Power|p1a: Glimmora
|-immune|p1a: Glimmora
|move|p1a: Glimmora|Mortal Spin|p2a: Landorus
|-resisted|p2a: Landorus
|-damage|p2a: Landorus|53/100
|-status|p2a: Landorus|psn
|-damage|p1a: Glimmora|48/100|[from] item: Rocky Helmet|[of] p2a: Landorus
|-sideend|p1: FiveTomatoes|Spikes|[from] move: Mortal Spin|[of] p1a: Glimmora
|-sideend|p1: FiveTomatoes|Stealth Rock|[from] move: Mortal Spin|[of] p1a: Glimmora
|
|-damage|p2a: Landorus|41/100 psn|[from] psn
|upkeep
|turn|26
|
|t:|1743921848
|move|p2a: Landorus|Stealth Rock|p1a: Glimmora
|-sidestart|p1: FiveTomatoes|move: Stealth Rock
|move|p1a: Glimmora|Stealth Rock|p2a: Landorus
|-sidestart|p2: 2(H2O)-Alt|move: Stealth Rock
|
|-damage|p2a: Landorus|28/100 psn|[from] psn
|upkeep
|turn|27
|
|t:|1743921856
|move|p2a: Landorus|Earth Power|p1a: Glimmora
|-immune|p1a: Glimmora
|move|p1a: Glimmora|Mortal Spin|p2a: Landorus
|-resisted|p2a: Landorus
|-damage|p2a: Landorus|26/100 psn
|-damage|p1a: Glimmora|32/100|[from] item: Rocky Helmet|[of] p2a: Landorus
|-sideend|p1: FiveTomatoes|Stealth Rock|[from] move: Mortal Spin|[of] p1a: Glimmora
|
|-damage|p2a: Landorus|14/100 psn|[from] psn
|upkeep
|turn|28
|
|t:|1743921860
|move|p2a: Landorus|Stealth Rock|p1a: Glimmora
|-sidestart|p1: FiveTomatoes|move: Stealth Rock
|move|p1a: Glimmora|Mortal Spin|p2a: Landorus
|-resisted|p2a: Landorus
|-damage|p2a: Landorus|12/100 psn
|-damage|p1a: Glimmora|15/100|[from] item: Rocky Helmet|[of] p2a: Landorus
|-sideend|p1: FiveTomatoes|Stealth Rock|[from] move: Mortal Spin|[of] p1a: Glimmora
|
|-damage|p2a: Landorus|0 fnt|[from] psn
|faint|p2a: Landorus
|upkeep
|
|t:|1743921864
|switch|p2a: Samurott|Samurott-Hisui, M|14/100
|turn|29
|
|t:|1743921867
|move|p1a: Glimmora|Spiky Shield|p1a: Glimmora
|-singleturn|p1a: Glimmora|move: Protect
|move|p2a: Samurott|Encore|p1a: Glimmora
|-activate|p1a: Glimmora|move: Protect
|
|upkeep
|turn|30
|
|t:|1743921869
|move|p2a: Samurott|Ceaseless Edge|p1a: Glimmora
|-damage|p1a: Glimmora|0 fnt
|-activate|p1a: Glimmora|ability: Toxic Debris
|-sidestart|p2: 2(H2O)-Alt|move: Toxic Spikes
|-sidestart|p1: FiveTomatoes|Spikes
|faint|p1a: Glimmora
|
|upkeep
|
|t:|1743921873
|switch|p1a: Rotom|Rotom-Wash|62/100
|turn|31
|
|t:|1743921876
|move|p1a: Rotom|Volt Switch|p2a: Samurott
|-supereffective|p2a: Samurott
|-damage|p2a: Samurott|0 fnt
|faint|p2a: Samurott
|
|t:|1743921883
|switch|p1a: Garganacl|Garganacl, F|55/100|[from] Volt Switch
|-damage|p1a: Garganacl|43/100|[from] Spikes
|
|-heal|p1a: Garganacl|49/100|[from] item: Leftovers
|upkeep
|
|t:|1743921886
|switch|p2a: Weavile|Weavile, M|100/100
|-ability|p2a: Weavile|Pressure
|turn|32
|
|t:|1743921889
|move|p2a: Weavile|Swords Dance|p2a: Weavile
|-boost|p2a: Weavile|atk|2
|move|p1a: Garganacl|Salt Cure|p2a: Weavile
|-supereffective|p2a: Weavile
|-damage|p2a: Weavile|54/100
|-start|p2a: Weavile|Salt Cure
|
|-heal|p1a: Garganacl|55/100|[from] item: Leftovers
|-damage|p2a: Weavile|41/100|[from] Salt Cure
|upkeep
|turn|33
|
|t:|1743921892
|move|p2a: Weavile|Knock Off|p1a: Garganacl
|-damage|p1a: Garganacl|10/100
|-enditem|p1a: Garganacl|Leftovers|[from] move: Knock Off|[of] p2a: Weavile
|move|p1a: Garganacl|Recover|p1a: Garganacl
|-heal|p1a: Garganacl|60/100
|
|-damage|p2a: Weavile|29/100|[from] Salt Cure
|upkeep
|turn|34
|-message|2(H2O)-Alt forfeited.
|
|win|FiveTomatoes
|raw|FiveTomatoes's rating: 1643 &rarr; <strong>1665</strong><br />(+22 for winning)
|raw|2(H2O)-Alt's rating: 1680 &rarr; <strong>1658</strong><br />(-22 for losing)
|l|☆2(H2O)-Alt
|player|p2|
|l|☆FiveTomatoes
|player|p1|
