|j|☆gamgamghoul
|j|‽Baddy187
|t:|1743887012
|gametype|singles
|player|p1|gamgamghoul|alder|1047
|player|p2|Baddy187|backpacker|1087
|teamsize|p1|6
|teamsize|p2|6
|gen|9
|tier|[Gen 9] OU
|rated|
|rule|HP Percentage Mod: HP is shown in percentages
|rule|Endless Battle Clause: Forcing endless battles is banned
|rule|Species Clause: Limit one of each Pokémon
|rule|OHKO Clause: OHKO moves are banned
|rule|Evasion Items Clause: Evasion items are banned
|rule|Evasion Moves Clause: Evasion moves are banned
|rule|Sleep Moves Clause: Sleep-inducing moves are banned
|clearpoke
|poke|p1|Pelipper, F|
|poke|p1|Floatzel, F|
|poke|p1|Corviknight, F|
|poke|p1|Zapdos|
|poke|p1|Drednaw, M|
|poke|p1|Kingambit, M|
|poke|p2|Eiscue, M|
|poke|p2|Sandslash-Alola, F|
|poke|p2|Crabominable, F|
|poke|p2|Ninetales-Alola, F|
|poke|p2|Araquanid, F|
|poke|p2|Kingambit, M|
|teampreview
|inactive|Battle timer is ON: inactive players will automatically lose when time's up. (requested by Baddy187)
|inactive|gamgamghoul has 120 seconds left.
|inactive|gamgamghoul has 90 seconds left.
|
|t:|1743887080
|start
|switch|p1a: Drednaw|Drednaw, M, shiny|100/100
|switch|p2a: Ninetales|Ninetales-Alola, F|100/100
|-weather|Snowscape|[from] ability: Snow Warning|[of] p2a: Ninetales
|turn|1
|
|t:|1743887091
|move|p2a: Ninetales|Aurora Veil|p2a: Ninetales
|-sidestart|p2: Baddy187|move: Aurora Veil
|move|p1a: Drednaw|Stone Edge|p2a: Ninetales
|-supereffective|p2a: Ninetales
|-damage|p2a: Ninetales|60/100
|
|-weather|Snowscape|[upkeep]
|upkeep
|turn|2
|
|t:|1743887105
|move|p2a: Ninetales|Aurora Veil||[still]
|-fail|p2a: Ninetales
|move|p1a: Drednaw|Stone Edge|p2a: Ninetales
|-supereffective|p2a: Ninetales
|-damage|p2a: Ninetales|19/100
|
|-weather|Snowscape|[upkeep]
|upkeep
|turn|3
|
|t:|1743887129
|move|p2a: Ninetales|Pain Split|p1a: Drednaw
|-sethp|p1a: Drednaw|58/100|[from] move: Pain Split|[silent]
|-sethp|p2a: Ninetales|65/100|[from] move: Pain Split
|move|p1a: Drednaw|Liquidation|p2a: Ninetales
|-damage|p2a: Ninetales|48/100
|
|-weather|Snowscape|[upkeep]
|upkeep
|turn|4
|
|t:|1743887141
|switch|p1a: Pelipper|Pelipper, F|100/100
|-weather|RainDance|[from] ability: Drizzle|[of] p1a: Pelipper
|move|p2a: Ninetales|Freeze-Dry|p1a: Pelipper
|-supereffective|p1a: Pelipper
|-damage|p1a: Pelipper|0 fnt
|faint|p1a: Pelipper
|
|-weather|RainDance|[upkeep]
|upkeep
|
|t:|1743887158
|switch|p1a: Drednaw|Drednaw, M, shiny|58/100
|turn|5
|
|t:|1743887164
|move|p1a: Drednaw|Stone Edge|p2a: Ninetales|[miss]
|-miss|p1a: Drednaw|p2a: Ninetales
|move|p2a: Ninetales|Freeze-Dry|p1a: Drednaw
|-supereffective|p1a: Drednaw
|-damage|p1a: Drednaw|0 fnt
|faint|p1a: Drednaw
|
|-weather|RainDance|[upkeep]
|upkeep
|
|t:|1743887181
|switch|p1a: Floatzel|Floatzel, F|100/100
|turn|6
|
|t:|1743887198
|move|p1a: Floatzel|Wave Crash|p2a: Ninetales
|-damage|p2a: Ninetales|0 fnt
|faint|p2a: Ninetales
|-damage|p1a: Floatzel|86/100|[from] Recoil
|
|-weather|RainDance|[upkeep]
|upkeep
|
|t:|1743887212
|switch|p2a: Eiscue|Eiscue, M|100/100
|turn|7
|inactive|gamgamghoul has 120 seconds left.
|inactive|gamgamghoul has 90 seconds left.
|inactive|gamgamghoul has 60 seconds left.
|
|t:|1743887300
|move|p1a: Floatzel|Wave Crash|p2a: Eiscue
|-activate|p2a: Eiscue|ability: Ice Face
|-damage|p2a: Eiscue|100/100
|detailschange|p2a: Eiscue|Eiscue-Noice, M
|move|p2a: Eiscue|Ice Spinner|p1a: Floatzel
|-resisted|p1a: Floatzel
|-damage|p1a: Floatzel|64/100
|
|-weather|RainDance|[upkeep]
|upkeep
|turn|8
|inactive|Baddy187 has 120 seconds left.
|
|t:|1743887315
|move|p1a: Floatzel|Wave Crash|p2a: Eiscue
|-damage|p2a: Eiscue|18/100
|-damage|p1a: Floatzel|34/100|[from] Recoil
|move|p2a: Eiscue|Snowscape|p2a: Eiscue
|-weather|Snowscape
|-activate|p2a: Eiscue|ability: Ice Face
|detailschange|p2a: Eiscue|Eiscue, M
|
|-weather|Snowscape|[upkeep]
|-sideend|p2: Baddy187|move: Aurora Veil
|upkeep
|turn|9
|
|t:|1743887322
|move|p1a: Floatzel|Wave Crash|p2a: Eiscue
|-activate|p2a: Eiscue|ability: Ice Face
|-damage|p2a: Eiscue|18/100
|detailschange|p2a: Eiscue|Eiscue-Noice, M
|move|p2a: Eiscue|Aurora Veil|p2a: Eiscue
|-sidestart|p2: Baddy187|move: Aurora Veil
|
|-weather|Snowscape|[upkeep]
|upkeep
|turn|10
|
|t:|1743887334
|switch|p2a: Araquanid|Araquanid, F|100/100
|move|p1a: Floatzel|Wave Crash|p2a: Araquanid
|-resisted|p2a: Araquanid
|-damage|p2a: Araquanid|84/100
|-damage|p1a: Floatzel|28/100|[from] Recoil
|
|-weather|Snowscape|[upkeep]
|-heal|p2a: Araquanid|90/100|[from] item: Leftovers
|upkeep
|turn|11
|inactive|gamgamghoul has 90 seconds left.
|
|t:|1743887344
|switch|p1a: Zapdos|Zapdos|100/100
|move|p2a: Araquanid|Leech Life|p1a: Zapdos
|-resisted|p1a: Zapdos
|-damage|p1a: Zapdos|90/100
|-heal|p2a: Araquanid|96/100|[from] drain|[of] p1a: Zapdos
|
|-weather|Snowscape|[upkeep]
|-heal|p2a: Araquanid|100/100|[from] item: Leftovers
|upkeep
|turn|12
|inactive|Baddy187 has 120 seconds left.
|
|t:|1743887363
|-terastallize|p2a: Araquanid|Ground
|move|p1a: Zapdos|Thunder|p2a: Araquanid
|-immune|p2a: Araquanid
|move|p2a: Araquanid|Liquidation|p1a: Zapdos
|-damage|p1a: Zapdos|44/100
|-unboost|p1a: Zapdos|def|1
|
|-weather|none
|upkeep
|turn|13
|inactive|Baddy187 has 120 seconds left.
|
|t:|1743887374
|move|p1a: Zapdos|Hurricane|p2a: Araquanid
|-damage|p2a: Araquanid|77/100
|-start|p2a: Araquanid|confusion
|-activate|p2a: Araquanid|confusion
|-damage|p2a: Araquanid|71/100|[from] confusion
|
|-heal|p2a: Araquanid|78/100|[from] item: Leftovers
|-sideend|p2: Baddy187|move: Aurora Veil
|upkeep
|turn|14
|
|t:|1743887379
|move|p1a: Zapdos|Hurricane|p2a: Araquanid
|-crit|p2a: Araquanid
|-damage|p2a: Araquanid|10/100
|-activate|p2a: Araquanid|confusion
|-damage|p2a: Araquanid|4/100|[from] confusion
|
|-heal|p2a: Araquanid|10/100|[from] item: Leftovers
|upkeep
|turn|15
|
|t:|1743887388
|move|p1a: Zapdos|Hurricane|p2a: Araquanid
|-damage|p2a: Araquanid|0 fnt
|faint|p2a: Araquanid
|
|upkeep
|
|t:|1743887398
|switch|p2a: Eiscue|Eiscue-Noice, M|18/100
|turn|16
|
|t:|1743887407
|move|p2a: Eiscue|Snowscape|p2a: Eiscue
|-weather|Snowscape
|-activate|p2a: Eiscue|ability: Ice Face
|detailschange|p2a: Eiscue|Eiscue, M
|move|p1a: Zapdos|Volt Switch|p2a: Eiscue
|-damage|p2a: Eiscue|0 fnt
|faint|p2a: Eiscue
|
|t:|1743887414
|switch|p1a: Floatzel|Floatzel, F|28/100|[from] Volt Switch
|
|-weather|Snowscape|[upkeep]
|upkeep
|
|t:|1743887431
|switch|p2a: Sandslash|Sandslash-Alola, F|100/100
|turn|17
|
|t:|1743887445
|move|p2a: Sandslash|Knock Off|p1a: Floatzel
|-crit|p1a: Floatzel
|-damage|p1a: Floatzel|0 fnt
|-enditem|p1a: Floatzel|Choice Band|[from] move: Knock Off|[of] p2a: Sandslash
|faint|p1a: Floatzel
|
|-weather|Snowscape|[upkeep]
|upkeep
|
|t:|1743887451
|switch|p1a: Zapdos|Zapdos|44/100
|turn|18
|
|t:|1743887469
|move|p2a: Sandslash|Icicle Spear|p1a: Zapdos
|-supereffective|p1a: Zapdos
|-damage|p1a: Zapdos|25/100
|-supereffective|p1a: Zapdos
|-damage|p1a: Zapdos|8/100
|-supereffective|p1a: Zapdos
|-damage|p1a: Zapdos|0 fnt
|faint|p1a: Zapdos
|-hitcount|p1: Zapdos|3
|
|-weather|Snowscape|[upkeep]
|upkeep
|inactive|gamgamghoul has 120 seconds left.
|inactive|gamgamghoul has 90 seconds left.
|inactive|gamgamghoul has 60 seconds left.
|inactive|gamgamghoul has 30 seconds left.
|inactive|gamgamghoul has 20 seconds left.
|inactive|gamgamghoul has 15 seconds left.
|
|t:|1743887609
|switch|p1a: Corviknight|Corviknight, F|100/100
|-ability|p1a: Corviknight|Pressure
|turn|19
|inactive|gamgamghoul has 25 seconds left this turn.
|inactive|gamgamghoul has 20 seconds left.
|inactive|gamgamghoul has 15 seconds left.
|inactive|gamgamghoul has 10 seconds left.
|inactive|gamgamghoul has 5 seconds left.
|-message|gamgamghoul lost due to inactivity.
|
|win|Baddy187
|raw|gamgamghoul's rating: 1047 &rarr; <strong>1032</strong><br />(-15 for losing)
|raw|Baddy187's rating: 1087 &rarr; <strong>1111</strong><br />(+24 for winning)
