|j|☆AustinHealey
|j|☆SlayRealQuickV4
|t:|1743901378
|gametype|singles
|player|p1|AustinHealey|170|1319
|player|p2|SlayRealQuickV4|266|1255
|teamsize|p1|6
|teamsize|p2|6
|gen|9
|tier|[Gen 9] OU
|rated|
|rule|HP Percentage Mod: HP is shown in percentages
|rule|Endless Battle Clause: Forcing endless battles is banned
|rule|Species Clause: Limit one of each Pokémon
|rule|OHKO Clause: OHKO moves are banned
|rule|Evasion Items Clause: Evasion items are banned
|rule|Evasion Moves Clause: Evasion moves are banned
|rule|Sleep Moves Clause: Sleep-inducing moves are banned
|clearpoke
|poke|p1|Landorus-Therian, M|
|poke|p1|Gyarados, F|
|poke|p1|Overqwil, M|
|poke|p1|Incineroar, M|
|poke|p1|Salamence, M|
|poke|p1|Hitmontop, M|
|poke|p2|Raging Bolt|
|poke|p2|Kingambit, F|
|poke|p2|Enamorus, F|
|poke|p2|Iron Treads|
|poke|p2|Dragonite, M|
|poke|p2|Gholdengo|
|teampreview
|inactive|Battle timer is ON: inactive players will automatically lose when time's up. (requested by SlayRealQuickV4)
|
|t:|1743901395
|start
|switch|p1a: Landorus|Landorus-Therian, M|100/100
|switch|p2a: Dragonite|Dragonite, M|100/100
|-ability|p1a: Landorus|Intimidate|boost
|-unboost|p2a: Dragonite|atk|1
|turn|1
|
|t:|1743901403
|move|p1a: Landorus|Stealth Rock|p2a: Dragonite
|-sidestart|p2: SlayRealQuickV4|move: Stealth Rock
|move|p2a: Dragonite|Dragon Dance|p2a: Dragonite
|-boost|p2a: Dragonite|atk|1
|-boost|p2a: Dragonite|spe|1
|
|upkeep
|turn|2
|
|t:|1743901409
|move|p2a: Dragonite|Ice Spinner|p1a: Landorus
|-supereffective|p1a: Landorus
|-damage|p1a: Landorus|0 fnt
|-damage|p2a: Dragonite|84/100|[from] item: Rocky Helmet|[of] p1a: Landorus
|faint|p1a: Landorus
|
|upkeep
|
|t:|1743901423
|switch|p1a: Gyarados|Gyarados, F|100/100
|-ability|p1a: Gyarados|Intimidate|boost
|-unboost|p2a: Dragonite|atk|1
|turn|3
|
|t:|1743901433
|switch|p1a: Overqwil|Overqwil, M|100/100
|-ability|p1a: Overqwil|Intimidate|boost
|-unboost|p2a: Dragonite|atk|1
|move|p2a: Dragonite|Ice Spinner|p1a: Overqwil
|-damage|p1a: Overqwil|83/100
|
|upkeep
|turn|4
|
|t:|1743901444
|switch|p2a: Iron Treads|Iron Treads|100/100
|-damage|p2a: Iron Treads|98/100|[from] Stealth Rock
|-enditem|p2a: Iron Treads|Booster Energy
|-activate|p2a: Iron Treads|ability: Quark Drive|[fromitem]
|-start|p2a: Iron Treads|quarkdrivespe
|move|p1a: Overqwil|Toxic Spikes|p2a: Iron Treads
|-sidestart|p2: SlayRealQuickV4|move: Toxic Spikes
|
|upkeep
|turn|5
|
|t:|1743901458
|switch|p1a: Gyarados|Gyarados, F|100/100
|-ability|p1a: Gyarados|Intimidate|boost
|-unboost|p2a: Iron Treads|atk|1
|move|p2a: Iron Treads|Rapid Spin|p1a: Gyarados
|-damage|p1a: Gyarados|91/100
|-boost|p2a: Iron Treads|spe|1
|-sideend|p2: SlayRealQuickV4|Toxic Spikes|[from] move: Rapid Spin|[of] p2a: Iron Treads
|-sideend|p2: SlayRealQuickV4|Stealth Rock|[from] move: Rapid Spin|[of] p2a: Iron Treads
|
|upkeep
|turn|6
|
|t:|1743901467
|-end|p2a: Iron Treads|Quark Drive|[silent]
|switch|p2a: Raging Bolt|Raging Bolt|100/100
|-enditem|p2a: Raging Bolt|Booster Energy
|-activate|p2a: Raging Bolt|ability: Protosynthesis|[fromitem]
|-start|p2a: Raging Bolt|protosynthesisspa
|move|p1a: Gyarados|Dragon Dance|p1a: Gyarados
|-boost|p1a: Gyarados|atk|1
|-boost|p1a: Gyarados|spe|1
|
|upkeep
|turn|7
|
|t:|1743901479
|move|p1a: Gyarados|Earthquake|p2a: Raging Bolt
|-supereffective|p2a: Raging Bolt
|-damage|p2a: Raging Bolt|12/100
|move|p2a: Raging Bolt|Thunderbolt|p1a: Gyarados
|-supereffective|p1a: Gyarados
|-damage|p1a: Gyarados|0 fnt
|faint|p1a: Gyarados
|
|upkeep
|
|t:|1743901489
|switch|p1a: Incineroar|Incineroar, M|100/100
|-ability|p1a: Incineroar|Intimidate|boost
|-unboost|p2a: Raging Bolt|atk|1
|turn|8
|
|t:|1743901494
|move|p1a: Incineroar|Fake Out|p2a: Raging Bolt
|-crit|p2a: Raging Bolt
|-damage|p2a: Raging Bolt|0 fnt
|faint|p2a: Raging Bolt
|-end|p2a: Raging Bolt|Protosynthesis|[silent]
|
|upkeep
|
|t:|1743901497
|switch|p2a: Enamorus|Enamorus, F|100/100
|turn|9
|
|t:|1743901502
|move|p2a: Enamorus|Moonblast|p1a: Incineroar
|-damage|p1a: Incineroar|41/100
|move|p1a: Incineroar|Parting Shot|p2a: Enamorus
|-boost|p2a: Enamorus|atk|1
|-boost|p2a: Enamorus|spa|1
|
|t:|1743901510
|switch|p1a: Overqwil|Overqwil, M|83/100|[from] Parting Shot
|-ability|p1a: Overqwil|Intimidate|boost
|-boost|p2a: Enamorus|atk|1
|
|upkeep
|turn|10
|
|t:|1743901516
|move|p2a: Enamorus|Moonblast|p1a: Overqwil
|-damage|p1a: Overqwil|0 fnt
|faint|p1a: Overqwil
|
|upkeep
|
|t:|1743901533
|switch|p1a: Salamence|Salamence, M|100/100
|-ability|p1a: Salamence|Intimidate|boost
|-boost|p2a: Enamorus|atk|1
|turn|11
|
|t:|1743901546
|-terastallize|p1a: Salamence|Fairy
|move|p2a: Enamorus|Moonblast|p1a: Salamence
|-damage|p1a: Salamence|3/100
|-unboost|p1a: Salamence|spa|1
|move|p1a: Salamence|Hurricane|p2a: Enamorus
|-damage|p2a: Enamorus|34/100
|
|upkeep
|turn|12
|
|t:|1743901555
|move|p2a: Enamorus|Moonblast|p1a: Salamence
|-damage|p1a: Salamence|0 fnt
|faint|p1a: Salamence
|
|upkeep
|
|t:|1743901561
|switch|p1a: Hitmontop|Hitmontop, M|100/100
|-ability|p1a: Hitmontop|Intimidate|boost
|-boost|p2a: Enamorus|atk|1
|turn|13
|
|t:|1743901568
|move|p1a: Hitmontop|Fake Out|p2a: Enamorus
|-damage|p2a: Enamorus|19/100
|cant|p2a: Enamorus|flinch
|
|upkeep
|turn|14
|
|t:|1743901574
|move|p1a: Hitmontop|Endure|p1a: Hitmontop
|-singleturn|p1a: Hitmontop|move: Endure
|move|p2a: Enamorus|Moonblast|p1a: Hitmontop
|-supereffective|p1a: Hitmontop
|-activate|p1a: Hitmontop|move: Endure
|-damage|p1a: Hitmontop|1/100
|
|upkeep
|turn|15
|
|t:|1743901582
|move|p2a: Enamorus|Moonblast|p1a: Hitmontop
|-supereffective|p1a: Hitmontop
|-damage|p1a: Hitmontop|0 fnt
|faint|p1a: Hitmontop
|
|upkeep
|
|t:|1743901587
|switch|p1a: Incineroar|Incineroar, M|41/100
|-ability|p1a: Incineroar|Intimidate|boost
|-boost|p2a: Enamorus|atk|1
|turn|16
|-message|AustinHealey forfeited.
|
|win|SlayRealQuickV4
|raw|AustinHealey's rating: 1319 &rarr; <strong>1295</strong><br />(-24 for losing)
|raw|SlayRealQuickV4's rating: 1255 &rarr; <strong>1285</strong><br />(+30 for winning)
|l|☆AustinHealey
|player|p1|
|l|☆SlayRealQuickV4
|player|p2|
