|j|☆aboots420
|j|☆geipewpew
|t:|1743868856
|gametype|singles
|player|p1|aboots420|102|1109
|player|p2|geipewpew|169|1116
|teamsize|p1|6
|teamsize|p2|6
|gen|9
|tier|[Gen 9] OU
|rated|
|rule|HP Percentage Mod: HP is shown in percentages
|rule|Endless Battle Clause: Forcing endless battles is banned
|rule|Species Clause: Limit one of each Pokémon
|rule|OHKO Clause: OHKO moves are banned
|rule|Evasion Items Clause: Evasion items are banned
|rule|Evasion Moves Clause: Evasion moves are banned
|rule|Sleep Moves Clause: Sleep-inducing moves are banned
|clearpoke
|poke|p1|Glimmora, F|
|poke|p1|Dragapult, F|
|poke|p1|Mandibuzz, F|
|poke|p1|Ursaluna, M|
|poke|p1|Heatran, F|
|poke|p1|Ogerpon-Wellspring, F|
|poke|p2|Pyroar, M|
|poke|p2|Galvantula, M|
|poke|p2|Basculegion, M|
|poke|p2|Donphan, F|
|poke|p2|Zoroark, M|
|poke|p2|Mimikyu, F|
|teampreview
|inactive|Battle timer is ON: inactive players will automatically lose when time's up. (requested by aboots420)
|
|t:|1743868869
|start
|switch|p1a: Mandibuzz|Mandibuzz, F|100/100
|switch|p2a: Donphan|Donphan, F|100/100
|turn|1
|
|t:|1743868874
|switch|p2a: Galvantula|Galvantula, M|100/100
|move|p1a: Mandibuzz|Toxic|p2a: Galvantula
|-status|p2a: Galvantula|tox
|
|-damage|p2a: Galvantula|94/100 tox|[from] psn
|upkeep
|turn|2
|
|t:|1743868893
|switch|p1a: Dragapult|Dragapult, F|100/100
|move|p2a: Galvantula|Thunder|p1a: Dragapult
|-resisted|p1a: Dragapult
|-damage|p1a: Dragapult|63/100
|
|-damage|p2a: Galvantula|82/100 tox|[from] psn
|upkeep
|turn|3
|
|t:|1743868910
|switch|p2a: Mimikyu|Mimikyu, F|100/100
|move|p1a: Dragapult|Dragon Darts|p2a: Mimikyu
|-immune|p2a: Mimikyu
|
|upkeep
|turn|4
|
|t:|1743868939
|move|p1a: Dragapult|U-turn|p2a: Mimikyu
|-activate|p2a: Mimikyu|ability: Disguise
|-damage|p2a: Mimikyu|100/100
|detailschange|p2a: Mimikyu|Mimikyu-Busted, F
|-damage|p2a: Mimikyu|88/100|[from] pokemon: Mimikyu-Busted
|-enditem|p2a: Mimikyu|Red Card|[of] p1a: Dragapult
|drag|p1a: Mandibuzz|Mandibuzz, F|100/100
|move|p2a: Mimikyu|Thunder Wave|p1a: Mandibuzz
|-status|p1a: Mandibuzz|par
|
|upkeep
|turn|5
|
|t:|1743868953
|switch|p2a: Galvantula|Galvantula, M|82/100 tox
|move|p1a: Mandibuzz|Foul Play|p2a: Galvantula
|-damage|p2a: Galvantula|47/100 tox
|
|-damage|p2a: Galvantula|41/100 tox|[from] psn
|upkeep
|turn|6
|
|t:|1743868981
|switch|p1a: Glimmora|Glimmora, F|100/100
|move|p2a: Galvantula|Sticky Web|p1a: Glimmora
|-sidestart|p1: aboots420|move: Sticky Web
|
|-damage|p2a: Galvantula|29/100 tox|[from] psn
|upkeep
|turn|7
|
|t:|1743868989
|move|p2a: Galvantula|Thunder|p1a: Glimmora
|-damage|p1a: Glimmora|19/100
|-status|p1a: Glimmora|par
|move|p1a: Glimmora|Mortal Spin|p2a: Galvantula
|-damage|p2a: Galvantula|17/100 tox
|-sideend|p1: aboots420|Sticky Web|[from] move: Mortal Spin|[of] p1a: Glimmora
|
|-damage|p2a: Galvantula|0 fnt|[from] psn
|faint|p2a: Galvantula
|upkeep
|
|t:|1743869004
|switch|p2a: Pyroar|Pyroar, M|100/100
|-ability|p2a: Pyroar|Unnerve
|turn|8
|
|t:|1743869010
|move|p2a: Pyroar|Dark Pulse|p1a: Glimmora
|-damage|p1a: Glimmora|0 fnt
|faint|p1a: Glimmora
|
|upkeep
|
|t:|1743869019
|switch|p1a: Ursaluna|Ursaluna, M|100/100
|turn|9
|
|t:|1743869024
|switch|p2a: Donphan|Donphan, F|100/100
|move|p1a: Ursaluna|Drain Punch|p2a: Donphan
|-damage|p2a: Donphan|84/100
|
|-heal|p2a: Donphan|90/100|[from] item: Leftovers
|-status|p1a: Ursaluna|brn|[from] item: Flame Orb
|upkeep
|turn|10
|
|t:|1743869033
|move|p1a: Ursaluna|Facade|p2a: Donphan
|-damage|p2a: Donphan|24/100
|move|p2a: Donphan|Earthquake|p1a: Ursaluna
|-damage|p1a: Ursaluna|73/100 brn
|
|-heal|p2a: Donphan|30/100|[from] item: Leftovers
|-damage|p1a: Ursaluna|67/100 brn|[from] brn
|upkeep
|turn|11
|
|t:|1743869044
|move|p2a: Donphan|Ice Shard|p1a: Ursaluna
|-supereffective|p1a: Ursaluna
|-damage|p1a: Ursaluna|51/100 brn
|move|p1a: Ursaluna|Earthquake|p2a: Donphan
|-damage|p2a: Donphan|0 fnt
|faint|p2a: Donphan
|
|-damage|p1a: Ursaluna|45/100 brn|[from] brn
|upkeep
|
|t:|1743869053
|switch|p2a: Basculegion|Basculegion, M|100/100
|turn|12
|
|t:|1743869064
|switch|p1a: Mandibuzz|Mandibuzz, F|100/100 par
|move|p2a: Basculegion|Aqua Jet|p1a: Mandibuzz
|-damage|p1a: Mandibuzz|86/100 par
|
|-heal|p1a: Mandibuzz|92/100 par|[from] item: Leftovers
|upkeep
|turn|13
|
|t:|1743869076
|move|p2a: Basculegion|Wave Crash|p1a: Mandibuzz
|-damage|p1a: Mandibuzz|42/100 par
|-damage|p2a: Basculegion|85/100|[from] Recoil
|move|p1a: Mandibuzz|Toxic|p2a: Basculegion
|-status|p2a: Basculegion|tox
|
|-heal|p1a: Mandibuzz|49/100 par|[from] item: Leftovers
|-damage|p2a: Basculegion|79/100 tox|[from] psn
|upkeep
|turn|14
|-message|geipewpew forfeited.
|
|win|aboots420
|raw|aboots420's rating: 1109 &rarr; <strong>1135</strong><br />(+26 for winning)
|raw|geipewpew's rating: 1116 &rarr; <strong>1090</strong><br />(-26 for losing)
|l|☆geipewpew
|player|p2|
|l|☆aboots420
|player|p1|
