|j|☆LordThemberchaud
|j|☆tdd20070515兹伏奇大吾
|t:|1743819022
|gametype|singles
|player|p1|LordThemberchaud|medium|1438
|player|p2|tdd20070515兹伏奇大吾|steven-masters2|1470
|teamsize|p1|6
|teamsize|p2|6
|gen|9
|tier|[Gen 9] OU
|rated|
|rule|HP Percentage Mod: HP is shown in percentages
|rule|Endless Battle Clause: Forcing endless battles is banned
|rule|Species Clause: Limit one of each Pokémon
|rule|OHKO Clause: OHKO moves are banned
|rule|Evasion Items Clause: Evasion items are banned
|rule|Evasion Moves Clause: Evasion moves are banned
|rule|Sleep Moves Clause: Sleep-inducing moves are banned
|clearpoke
|poke|p1|Walking Wake|
|poke|p1|Ninetales, M|
|poke|p1|Great Tusk|
|poke|p1|Venusaur, F|
|poke|p1|Ceruledge, M|
|poke|p1|Corviknight, M|
|poke|p2|Great Tusk|
|poke|p2|Alomomola, M|
|poke|p2|Hydreigon, F|
|poke|p2|Metagross|
|poke|p2|Sinistcha-Masterpiece|
|poke|p2|Zamazenta-*|
|teampreview
|
|t:|1743819042
|start
|switch|p1a: Walking Wake|Walking Wake|100/100
|switch|p2a: Zamazenta|Zamazenta|100/100
|-ability|p2a: Zamazenta|Dauntless Shield|boost
|-boost|p2a: Zamazenta|def|1
|turn|1
|
|t:|1743819049
|move|p2a: Zamazenta|Close Combat|p1a: Walking Wake
|-damage|p1a: Walking Wake|0 fnt
|-unboost|p2a: Zamazenta|def|1
|-unboost|p2a: Zamazenta|spd|1
|faint|p1a: Walking Wake
|-end|p1a: Walking Wake|Protosynthesis|[silent]
|
|upkeep
|
|t:|1743819056
|switch|p1a: Ceruledge|Ceruledge, M|100/100
|turn|2
|
|t:|1743819062
|switch|p2a: 战斗，然后死吧!|Great Tusk|100/100
|move|p1a: Ceruledge|Swords Dance|p1a: Ceruledge
|-boost|p1a: Ceruledge|atk|2
|
|upkeep
|turn|3
|
|t:|1743819068
|switch|p1a: Corviknight|Corviknight, M|100/100
|-ability|p1a: Corviknight|Pressure
|move|p2a: 战斗，然后死吧!|Earthquake|p1a: Corviknight
|-immune|p1a: Corviknight
|
|upkeep
|turn|4
|
|t:|1743819075
|-end|p2a: 战斗，然后死吧!|Protosynthesis|[silent]
|switch|p2a: 大吾私人保姆|Alomomola, M|100/100
|move|p1a: Corviknight|U-turn|p2a: 大吾私人保姆
|-damage|p2a: 大吾私人保姆|89/100
|
|t:|1743819089
|switch|p1a: Ninetales|Ninetales, M|100/100|[from] U-turn
|-weather|SunnyDay|[from] ability: Drought|[of] p1a: Ninetales
|
|-weather|SunnyDay|[upkeep]
|upkeep
|turn|5
|
|t:|1743819093
|switch|p1a: Venusaur|Venusaur, F|100/100
|move|p2a: 大吾私人保姆|Mirror Coat||[still]
|-fail|p2a: 大吾私人保姆
|
|-weather|SunnyDay|[upkeep]
|upkeep
|turn|6
|
|t:|1743819098
|move|p1a: Venusaur|Growth|p1a: Venusaur
|-boost|p1a: Venusaur|atk|2
|-boost|p1a: Venusaur|spa|2
|move|p2a: 大吾私人保姆|Flip Turn|p1a: Venusaur
|-resisted|p1a: Venusaur
|-damage|p1a: Venusaur|96/100
|
|t:|1743819102
|switch|p2a: 最后我第一，又强又厉害|Metagross|100/100|[from] Flip Turn
|
|-weather|SunnyDay|[upkeep]
|upkeep
|turn|7
|
|t:|1743819109
|move|p1a: Venusaur|Weather Ball|p2a: 最后我第一，又强又厉害
|-supereffective|p2a: 最后我第一，又强又厉害
|-damage|p2a: 最后我第一，又强又厉害|0 fnt
|faint|p2a: 最后我第一，又强又厉害
|-damage|p1a: Venusaur|86/100|[from] item: Life Orb
|
|-weather|SunnyDay|[upkeep]
|upkeep
|
|t:|1743819111
|switch|p2a: 灭世魔龙|Hydreigon, F|100/100
|turn|8
|
|t:|1743819117
|move|p1a: Venusaur|Sludge Bomb|p2a: 灭世魔龙
|-damage|p2a: 灭世魔龙|30/100
|-status|p2a: 灭世魔龙|psn
|-damage|p1a: Venusaur|76/100|[from] item: Life Orb
|move|p2a: 灭世魔龙|Fire Blast|p1a: Venusaur
|-supereffective|p1a: Venusaur
|-damage|p1a: Venusaur|0 fnt
|faint|p1a: Venusaur
|
|-weather|SunnyDay|[upkeep]
|-damage|p2a: 灭世魔龙|18/100 psn|[from] psn
|upkeep
|
|t:|1743819151
|switch|p1a: Ceruledge|Ceruledge, M|100/100
|turn|9
|
|t:|1743819154
|move|p1a: Ceruledge|Shadow Sneak|p2a: 灭世魔龙
|-resisted|p2a: 灭世魔龙
|-damage|p2a: 灭世魔龙|5/100 psn
|-damage|p1a: Ceruledge|91/100|[from] item: Life Orb
|move|p2a: 灭世魔龙|Dark Pulse|p1a: Ceruledge
|-supereffective|p1a: Ceruledge
|-damage|p1a: Ceruledge|0 fnt
|faint|p1a: Ceruledge
|
|-weather|SunnyDay|[upkeep]
|-damage|p2a: 灭世魔龙|0 fnt|[from] psn
|faint|p2a: 灭世魔龙
|upkeep
|
|t:|1743819180
|switch|p1a: Great Tusk|Great Tusk|100/100
|switch|p2a: 大吾私人保姆|Alomomola, M|100/100
|-activate|p1a: Great Tusk|ability: Protosynthesis
|-start|p1a: Great Tusk|protosynthesisatk
|turn|10
|
|t:|1743819191
|move|p2a: 大吾私人保姆|Protect|p2a: 大吾私人保姆
|-singleturn|p2a: 大吾私人保姆|Protect
|move|p1a: Great Tusk|Rapid Spin|p2a: 大吾私人保姆
|-activate|p2a: 大吾私人保姆|move: Protect
|
|-weather|SunnyDay|[upkeep]
|upkeep
|turn|11
|
|t:|1743819199
|switch|p2a: 战斗，然后死吧!|Great Tusk|100/100
|-activate|p2a: 战斗，然后死吧!|ability: Protosynthesis
|-start|p2a: 战斗，然后死吧!|protosynthesisdef
|move|p1a: Great Tusk|Temper Flare|p2a: 战斗，然后死吧!
|-damage|p2a: 战斗，然后死吧!|83/100
|
|-weather|none
|-end|p1a: Great Tusk|Protosynthesis
|-end|p2a: 战斗，然后死吧!|Protosynthesis
|-heal|p2a: 战斗，然后死吧!|89/100|[from] item: Leftovers
|upkeep
|turn|12
|
|t:|1743819206
|-end|p1a: Great Tusk|Protosynthesis|[silent]
|switch|p1a: Corviknight|Corviknight, M|100/100
|-ability|p1a: Corviknight|Pressure
|-end|p2a: 战斗，然后死吧!|Protosynthesis|[silent]
|switch|p2a: 大吾私人保姆|Alomomola, M|100/100
|
|upkeep
|turn|13
|
|t:|1743819216
|move|p1a: Corviknight|Brave Bird|p2a: 大吾私人保姆
|-damage|p2a: 大吾私人保姆|72/100
|-damage|p1a: Corviknight|88/100|[from] Recoil
|move|p2a: 大吾私人保姆|Wish|p2a: 大吾私人保姆
|
|-heal|p1a: Corviknight|94/100|[from] item: Leftovers
|upkeep
|turn|14
|
|t:|1743819226
|move|p1a: Corviknight|U-turn|p2a: 大吾私人保姆
|-damage|p2a: 大吾私人保姆|61/100
|
|t:|1743819228
|switch|p1a: Ninetales|Ninetales, M|100/100|[from] U-turn
|-weather|SunnyDay|[from] ability: Drought|[of] p1a: Ninetales
|move|p2a: 大吾私人保姆|Flip Turn|p1a: Ninetales
|-supereffective|p1a: Ninetales
|-damage|p1a: Ninetales|82/100
|
|t:|1743819233
|switch|p2a: Zamazenta|Zamazenta|100/100|[from] Flip Turn
|
|-weather|SunnyDay|[upkeep]
|upkeep
|turn|15
|
|t:|1743819246
|switch|p1a: Great Tusk|Great Tusk|100/100
|-activate|p1a: Great Tusk|ability: Protosynthesis
|-start|p1a: Great Tusk|protosynthesisatk
|move|p2a: Zamazenta|Close Combat|p1a: Great Tusk
|-damage|p1a: Great Tusk|36/100
|-unboost|p2a: Zamazenta|def|1
|-unboost|p2a: Zamazenta|spd|1
|
|-weather|SunnyDay|[upkeep]
|upkeep
|turn|16
|
|t:|1743819255
|move|p2a: Zamazenta|Close Combat|p1a: Great Tusk
|-damage|p1a: Great Tusk|0 fnt
|-unboost|p2a: Zamazenta|def|1
|-unboost|p2a: Zamazenta|spd|1
|faint|p1a: Great Tusk
|-end|p1a: Great Tusk|Protosynthesis|[silent]
|
|-weather|SunnyDay|[upkeep]
|upkeep
|-message|LordThemberchaud forfeited.
|
|win|tdd20070515兹伏奇大吾
|raw|LordThemberchaud's rating: 1438 &rarr; <strong>1420</strong><br />(-18 for losing)
|raw|tdd20070515兹伏奇大吾's rating: 1470 &rarr; <strong>1488</strong><br />(+18 for winning)
|l|☆LordThemberchaud
|player|p1|
