|j|☆Homosapien96
|j|☆dang21
|t:|1743862856
|gametype|singles
|player|p1|Homosapien96|n|1156
|player|p2|dang21|170|1213
|teamsize|p1|6
|teamsize|p2|6
|gen|9
|tier|[Gen 9] OU
|rated|
|rule|HP Percentage Mod: HP is shown in percentages
|rule|Endless Battle Clause: Forcing endless battles is banned
|rule|Species Clause: Limit one of each Pokémon
|rule|OHKO Clause: OHKO moves are banned
|rule|Evasion Items Clause: Evasion items are banned
|rule|Evasion Moves Clause: Evasion moves are banned
|rule|Sleep Moves Clause: Sleep-inducing moves are banned
|clearpoke
|poke|p1|Farigiraf, F|
|poke|p1|Golurk|
|poke|p1|Grimmsnarl, M|
|poke|p1|Rotom-Heat|
|poke|p1|Glastrier|
|poke|p1|Hariyama, F|
|poke|p2|Iron Valiant|
|poke|p2|Sylveon, M|
|poke|p2|Iron Moth|
|poke|p2|Kingambit, F|
|poke|p2|Ogerpon-Wellspring, F|
|poke|p2|Landorus-Therian, M|
|teampreview
|inactive|Battle timer is ON: inactive players will automatically lose when time's up. (requested by Homosapien96)
|
|t:|1743862865
|start
|switch|p1a: Farigiraf|Farigiraf, F|100/100
|switch|p2a: Landorus|Landorus-Therian, M|100/100
|-ability|p2a: Landorus|Intimidate|boost
|-unboost|p1a: Farigiraf|atk|1
|turn|1
|
|t:|1743862872
|move|p2a: Landorus|Taunt|p1a: Farigiraf
|-start|p1a: Farigiraf|move: Taunt
|cant|p1a: Farigiraf|move: Taunt|Trick Room
|
|upkeep
|turn|2
|
|t:|1743862887
|move|p2a: Landorus|U-turn|p1a: Farigiraf
|-supereffective|p1a: Farigiraf
|-damage|p1a: Farigiraf|41/100
|
|t:|1743862891
|switch|p2a: Sylveon|Sylveon, M|100/100|[from] U-turn
|move|p1a: Farigiraf|Hyper Voice|p2a: Sylveon
|-damage|p2a: Sylveon|76/100
|
|-heal|p2a: Sylveon|82/100|[from] item: Leftovers
|-heal|p1a: Farigiraf|48/100|[from] item: Leftovers
|upkeep
|turn|3
|
|t:|1743862912
|switch|p1a: Glastrier|Glastrier|100/100
|move|p2a: Sylveon|Hyper Voice|p1a: Glastrier
|-damage|p1a: Glastrier|68/100
|
|-heal|p2a: Sylveon|88/100|[from] item: Leftovers
|upkeep
|turn|4
|
|t:|1743862925
|switch|p2a: Landorus|Landorus-Therian, M|100/100
|-ability|p2a: Landorus|Intimidate|boost
|-unboost|p1a: Glastrier|atk|1
|move|p1a: Glastrier|Icicle Crash|p2a: Landorus
|-supereffective|p2a: Landorus
|-damage|p2a: Landorus|0 fnt
|faint|p2a: Landorus
|-ability|p1a: Glastrier|Chilling Neigh|boost
|-boost|p1a: Glastrier|atk|1
|
|upkeep
|
|t:|1743862943
|switch|p2a: Iron Moth|Iron Moth|100/100
|turn|5
|
|t:|1743862949
|move|p2a: Iron Moth|Substitute|p2a: Iron Moth
|-start|p2a: Iron Moth|Substitute
|-damage|p2a: Iron Moth|76/100
|move|p1a: Glastrier|High Horsepower|p2a: Iron Moth
|-supereffective|p2a: Iron Moth
|-end|p2a: Iron Moth|Substitute
|
|upkeep
|turn|6
|
|t:|1743862959
|switch|p1a: Grimmsnarl|Grimmsnarl, M|100/100
|move|p2a: Iron Moth|Fiery Dance|p1a: Grimmsnarl
|-damage|p1a: Grimmsnarl|55/100
|
|upkeep
|turn|7
|
|t:|1743862968
|move|p1a: Grimmsnarl|Parting Shot|p2a: Iron Moth
|-unboost|p2a: Iron Moth|atk|1
|-unboost|p2a: Iron Moth|spa|1
|
|t:|1743862977
|switch|p1a: Rotom|Rotom-Heat|100/100|[from] Parting Shot
|move|p2a: Iron Moth|Sludge Wave|p1a: Rotom
|-damage|p1a: Rotom|67/100
|
|upkeep
|turn|8
|
|t:|1743862986
|-end|p2a: Iron Moth|Quark Drive|[silent]
|switch|p2a: Sylveon|Sylveon, M|88/100
|move|p1a: Rotom|Volt Switch|p2a: Sylveon
|-damage|p2a: Sylveon|71/100
|
|t:|1743862994
|switch|p1a: Farigiraf|Farigiraf, F|48/100|[from] Volt Switch
|
|-heal|p2a: Sylveon|77/100|[from] item: Leftovers
|-heal|p1a: Farigiraf|54/100|[from] item: Leftovers
|upkeep
|turn|9
|
|t:|1743863005
|move|p2a: Sylveon|Hyper Voice|p1a: Farigiraf
|-damage|p1a: Farigiraf|15/100
|move|p1a: Farigiraf|Trick Room|p1a: Farigiraf
|-fieldstart|move: Trick Room|[of] p1a: Farigiraf
|
|-heal|p1a: Farigiraf|21/100|[from] item: Leftovers
|-heal|p2a: Sylveon|83/100|[from] item: Leftovers
|upkeep
|turn|10
|
|t:|1743863032
|switch|p1a: Golurk|Golurk|100/100
|move|p2a: Sylveon|Hyper Voice|p1a: Golurk
|-damage|p1a: Golurk|54/100
|
|-heal|p2a: Sylveon|90/100|[from] item: Leftovers
|upkeep
|turn|11
|inactive|Homosapien96 has 120 seconds left.
|
|t:|1743863072
|move|p1a: Golurk|Earthquake|p2a: Sylveon
|-damage|p2a: Sylveon|0 fnt
|faint|p2a: Sylveon
|
|upkeep
|inactive|dang21 has 120 seconds left.
|
|t:|1743863091
|switch|p2a: Ogerpon|Ogerpon-Wellspring, F|100/100
|turn|12
|inactive|dang21 has 120 seconds left.
|
|t:|1743863101
|switch|p1a: Hariyama|Hariyama, F|100/100
|move|p2a: Ogerpon|Spikes|p1a: Hariyama
|-sidestart|p1: Homosapien96|Spikes
|
|-status|p1a: Hariyama|brn|[from] item: Flame Orb
|upkeep
|turn|13
|inactive|dang21 has 120 seconds left.
|
|t:|1743863114
|-terastallize|p2a: Ogerpon|Water
|detailschange|p2a: Ogerpon|Ogerpon-Wellspring-Tera, F, tera:Water
|-ability|p2a: Ogerpon|Embody Aspect (Wellspring)|boost
|-boost|p2a: Ogerpon|spd|1
|move|p1a: Hariyama|Close Combat|p2a: Ogerpon
|-crit|p2a: Ogerpon
|-damage|p2a: Ogerpon|0 fnt
|-unboost|p1a: Hariyama|def|1
|-unboost|p1a: Hariyama|spd|1
|faint|p2a: Ogerpon
|
|-damage|p1a: Hariyama|94/100 brn|[from] brn
|-fieldend|move: Trick Room
|upkeep
|
|t:|1743863130
|switch|p2a: Iron Valiant|Iron Valiant|100/100
|-enditem|p2a: Iron Valiant|Booster Energy
|-activate|p2a: Iron Valiant|ability: Quark Drive|[fromitem]
|-start|p2a: Iron Valiant|quarkdrivespe
|turn|14
|
|t:|1743863136
|-terastallize|p1a: Hariyama|Steel
|move|p1a: Hariyama|Bullet Punch|p2a: Iron Valiant
|-supereffective|p2a: Iron Valiant
|-damage|p2a: Iron Valiant|17/100
|move|p2a: Iron Valiant|Swords Dance|p2a: Iron Valiant
|-boost|p2a: Iron Valiant|atk|2
|
|-damage|p1a: Hariyama|88/100 brn|[from] brn
|upkeep
|turn|15
|inactive|dang21 has 120 seconds left.
|
|t:|1743863144
|-end|p2a: Iron Valiant|Quark Drive|[silent]
|switch|p2a: Iron Moth|Iron Moth|76/100
|move|p1a: Hariyama|Bullet Punch|p2a: Iron Moth
|-resisted|p2a: Iron Moth
|-damage|p2a: Iron Moth|46/100
|
|-damage|p1a: Hariyama|82/100 brn|[from] brn
|upkeep
|turn|16
|
|t:|1743863152
|switch|p1a: Rotom|Rotom-Heat|67/100
|move|p2a: Iron Moth|Substitute|p2a: Iron Moth
|-start|p2a: Iron Moth|Substitute
|-damage|p2a: Iron Moth|21/100
|
|upkeep
|turn|17
|
|t:|1743863159
|move|p2a: Iron Moth|Sludge Wave|p1a: Rotom
|-damage|p1a: Rotom|8/100
|move|p1a: Rotom|Volt Switch|p2a: Iron Moth
|-end|p2a: Iron Moth|Substitute
|
|t:|1743863165
|switch|p1a: Hariyama|Hariyama, F, tera:Steel|82/100 brn|[from] Volt Switch
|-damage|p1a: Hariyama|70/100 brn|[from] Spikes
|
|-damage|p1a: Hariyama|64/100 brn|[from] brn
|upkeep
|turn|18
|
|t:|1743863184
|move|p1a: Hariyama|Bullet Punch|p2a: Iron Moth
|-resisted|p2a: Iron Moth
|-damage|p2a: Iron Moth|0 fnt
|faint|p2a: Iron Moth
|-end|p2a: Iron Moth|Quark Drive|[silent]
|
|-damage|p1a: Hariyama|58/100 brn|[from] brn
|upkeep
|
|t:|1743863188
|switch|p2a: Kingambit|Kingambit, F|100/100
|-activate|p2a: Kingambit|ability: Supreme Overlord
|-start|p2a: Kingambit|fallen4|[silent]
|turn|19
|
|t:|1743863199
|move|p2a: Kingambit|Swords Dance|p2a: Kingambit
|-boost|p2a: Kingambit|atk|2
|move|p1a: Hariyama|Close Combat|p2a: Kingambit
|-supereffective|p2a: Kingambit
|-damage|p2a: Kingambit|0 fnt
|-unboost|p1a: Hariyama|def|1
|-unboost|p1a: Hariyama|spd|1
|faint|p2a: Kingambit
|-end|p2a: Kingambit|fallen4|[silent]
|
|-damage|p1a: Hariyama|52/100 brn|[from] brn
|upkeep
|
|t:|1743863203
|switch|p2a: Iron Valiant|Iron Valiant|17/100
|turn|20
|
|t:|1743863210
|move|p1a: Hariyama|Bullet Punch|p2a: Iron Valiant
|-supereffective|p2a: Iron Valiant
|-damage|p2a: Iron Valiant|0 fnt
|faint|p2a: Iron Valiant
|-end|p2a: Iron Valiant|Quark Drive|[silent]
|
|win|Homosapien96
|raw|Homosapien96's rating: 1156 &rarr; <strong>1185</strong><br />(+29 for winning)
|raw|dang21's rating: 1213 &rarr; <strong>1184</strong><br />(-29 for losing)
|l|☆Homosapien96
|player|p1|
|l|☆dang21
|player|p2|
