|badge|p1|silver|gen9uu|30-5
|badge|p1|bronze|gen9pu|100-5
|uhtml|medal-msg|<div class="broadcast-blue">Curious what those medals under the avatar are? PS now has Ladder Seasons! For more information, check out the <a href="https://www.smogon.com/forums/threads/3740067/">thread on Smogon.</a></div>
|j|☆malk tyme
|j|☆quinx of ladder
|t:|1743909836
|gametype|singles
|player|p1|malk tyme|firefighter|1688
|player|p2|quinx of ladder|lenora|1817
|teamsize|p1|6
|teamsize|p2|6
|gen|9
|tier|[Gen 9] OU
|rated|
|rule|HP Percentage Mod: HP is shown in percentages
|rule|Endless Battle Clause: Forcing endless battles is banned
|rule|Species Clause: Limit one of each Pokémon
|rule|OHKO Clause: OHKO moves are banned
|rule|Evasion Items Clause: Evasion items are banned
|rule|Evasion Moves Clause: Evasion moves are banned
|rule|Sleep Moves Clause: Sleep-inducing moves are banned
|clearpoke
|poke|p1|Grimmsnarl, M|
|poke|p1|Kyurem|
|poke|p1|Garchomp, F|
|poke|p1|Necrozma|
|poke|p1|Magnezone|
|poke|p1|Cinderace, M|
|poke|p2|Dragonite, M|
|poke|p2|Ting-Lu|
|poke|p2|Iron Moth|
|poke|p2|Iron Valiant|
|poke|p2|Kyurem|
|poke|p2|Gholdengo|
|teampreview
|inactive|Battle timer is ON: inactive players will automatically lose when time's up. (requested by quinx of ladder)
|
|t:|1743909846
|start
|switch|p1a: Kyurem|Kyurem|100/100
|switch|p2a: Ting-Lu|Ting-Lu|100/100
|-ability|p1a: Kyurem|Pressure
|-ability|p2a: Ting-Lu|Vessel of Ruin
|turn|1
|
|t:|1743909853
|move|p1a: Kyurem|Icicle Spear|p2a: Ting-Lu
|-supereffective|p2a: Ting-Lu
|-damage|p2a: Ting-Lu|86/100
|-supereffective|p2a: Ting-Lu
|-damage|p2a: Ting-Lu|72/100
|-supereffective|p2a: Ting-Lu
|-crit|p2a: Ting-Lu
|-damage|p2a: Ting-Lu|50/100
|-supereffective|p2a: Ting-Lu
|-crit|p2a: Ting-Lu
|-damage|p2a: Ting-Lu|26/100
|-hitcount|p2a: Ting-Lu|4
|move|p2a: Ting-Lu|Ruination|p1a: Kyurem
|-damage|p1a: Kyurem|51/100
|
|upkeep
|turn|2
|c|☆malk tyme|got my run back
|
|t:|1743909858
|switch|p2a: Iron Valiant|Iron Valiant|100/100
|-enditem|p2a: Iron Valiant|Booster Energy
|-activate|p2a: Iron Valiant|ability: Quark Drive|[fromitem]
|-start|p2a: Iron Valiant|quarkdrivespe
|move|p1a: Kyurem|Icicle Spear|p2a: Iron Valiant
|-damage|p2a: Iron Valiant|85/100
|-damage|p2a: Iron Valiant|68/100
|-damage|p2a: Iron Valiant|51/100
|-damage|p2a: Iron Valiant|32/100
|-damage|p2a: Iron Valiant|15/100
|-hitcount|p2a: Iron Valiant|5
|
|upkeep
|turn|3
|
|t:|1743909862
|switch|p1a: Necrozma|Necrozma|100/100
|move|p2a: Iron Valiant|Moonblast|p1a: Necrozma
|-damage|p1a: Necrozma|59/100
|
|-heal|p1a: Necrozma|65/100|[from] item: Leftovers
|upkeep
|turn|4
|
|t:|1743909866
|-end|p2a: Iron Valiant|Quark Drive|[silent]
|switch|p2a: Ting-Lu|Ting-Lu|26/100
|-ability|p2a: Ting-Lu|Vessel of Ruin
|move|p1a: Necrozma|Heat Wave|p2a: Ting-Lu
|-damage|p2a: Ting-Lu|11/100
|
|-heal|p1a: Necrozma|71/100|[from] item: Leftovers
|upkeep
|turn|5
|
|t:|1743909870
|move|p1a: Necrozma|Heat Wave|p2a: Ting-Lu
|-damage|p2a: Ting-Lu|0 fnt
|faint|p2a: Ting-Lu
|
|-heal|p1a: Necrozma|77/100|[from] item: Leftovers
|upkeep
|
|t:|1743909873
|switch|p2a: Kyurem|Kyurem|100/100
|-ability|p2a: Kyurem|Pressure
|turn|6
|
|t:|1743909876
|move|p2a: Kyurem|Dragon Dance|p2a: Kyurem
|-boost|p2a: Kyurem|atk|1
|-boost|p2a: Kyurem|spe|1
|move|p1a: Necrozma|Photon Geyser|p2a: Kyurem
|-damage|p2a: Kyurem|64/100
|
|-heal|p1a: Necrozma|83/100|[from] item: Leftovers
|upkeep
|turn|7
|j| SpiderKing3261
|
|t:|1743909879
|move|p2a: Kyurem|Icicle Spear|p1a: Necrozma
|-crit|p1a: Necrozma
|-damage|p1a: Necrozma|63/100
|-damage|p1a: Necrozma|49/100
|-damage|p1a: Necrozma|35/100
|-damage|p1a: Necrozma|20/100
|-hitcount|p1a: Necrozma|4
|move|p1a: Necrozma|Photon Geyser|p2a: Kyurem
|-damage|p2a: Kyurem|25/100
|
|-heal|p1a: Necrozma|26/100|[from] item: Leftovers
|upkeep
|turn|8
|
|t:|1743909887
|move|p2a: Kyurem|Icicle Spear|p1a: Necrozma
|-damage|p1a: Necrozma|13/100
|-damage|p1a: Necrozma|0 fnt
|faint|p1a: Necrozma
|-hitcount|p1: Necrozma|2
|
|upkeep
|
|t:|1743909891
|switch|p1a: Cinderace|Cinderace, M|100/100
|turn|9
|
|t:|1743909894
|move|p1a: Cinderace|Sucker Punch||[still]
|-fail|p1a: Cinderace
|move|p2a: Kyurem|Dragon Dance|p2a: Kyurem
|-boost|p2a: Kyurem|atk|1
|-boost|p2a: Kyurem|spe|1
|
|upkeep
|turn|10
|
|t:|1743909897
|move|p1a: Cinderace|Sucker Punch||[still]
|-fail|p1a: Cinderace
|move|p2a: Kyurem|Dragon Dance|p2a: Kyurem
|-boost|p2a: Kyurem|atk|1
|-boost|p2a: Kyurem|spe|1
|
|upkeep
|turn|11
|
|t:|1743909898
|move|p2a: Kyurem|Dragon Dance|p2a: Kyurem
|-boost|p2a: Kyurem|atk|1
|-boost|p2a: Kyurem|spe|1
|move|p1a: Cinderace|Swords Dance|p1a: Cinderace
|-boost|p1a: Cinderace|atk|2
|
|upkeep
|turn|12
|
|t:|1743909901
|move|p1a: Cinderace|Sucker Punch||[still]
|-fail|p1a: Cinderace
|move|p2a: Kyurem|Dragon Dance|p2a: Kyurem
|-boost|p2a: Kyurem|atk|1
|-boost|p2a: Kyurem|spe|1
|
|upkeep
|turn|13
|
|t:|1743909903
|move|p2a: Kyurem|Scale Shot|p1a: Cinderace
|-damage|p1a: Cinderace|23/100
|-damage|p1a: Cinderace|0 fnt
|faint|p1a: Cinderace
|-hitcount|p1: Cinderace|2
|-unboost|p2a: Kyurem|def|1
|-boost|p2a: Kyurem|spe|1
|
|upkeep
|
|t:|1743909906
|switch|p1a: Grimmsnarl|Grimmsnarl, M|100/100
|turn|14
|
|t:|1743909910
|move|p1a: Grimmsnarl|Thunder Wave|p2a: Kyurem
|-status|p2a: Kyurem|par
|move|p2a: Kyurem|Icicle Spear|p1a: Grimmsnarl
|-damage|p1a: Grimmsnarl|33/100
|-damage|p1a: Grimmsnarl|0 fnt
|faint|p1a: Grimmsnarl
|-hitcount|p1: Grimmsnarl|2
|
|upkeep
|
|t:|1743909914
|switch|p1a: Kyurem|Kyurem|51/100
|-ability|p1a: Kyurem|Pressure
|turn|15
|l| SpiderKing3261
|inactive|quinx of ladder has 120 seconds left.
|j| drednawthegreatest
|c|☆malk tyme|go
|
|t:|1743909960
|move|p2a: Kyurem|Icicle Spear|p1a: Kyurem
|-damage|p1a: Kyurem|0 fnt
|faint|p1a: Kyurem
|-hitcount|p1: Kyurem|1
|
|upkeep
|c|☆malk tyme|i already choked
|
|t:|1743909965
|switch|p1a: Magnezone|Magnezone|100/100
|turn|16
|
|t:|1743909970
|move|p2a: Kyurem|Icicle Spear|p1a: Magnezone
|-resisted|p1a: Magnezone
|-damage|p1a: Magnezone|81/100
|-resisted|p1a: Magnezone
|-damage|p1a: Magnezone|61/100
|-resisted|p1a: Magnezone
|-damage|p1a: Magnezone|39/100
|-resisted|p1a: Magnezone
|-damage|p1a: Magnezone|19/100
|-hitcount|p1a: Magnezone|4
|move|p1a: Magnezone|Body Press|p2a: Kyurem
|-supereffective|p2a: Kyurem
|-damage|p2a: Kyurem|0 fnt
|faint|p2a: Kyurem
|
|-heal|p1a: Magnezone|25/100|[from] item: Leftovers
|upkeep
|
|t:|1743909973
|switch|p2a: Iron Valiant|Iron Valiant|15/100
|turn|17
|
|t:|1743909977
|move|p2a: Iron Valiant|Close Combat|p1a: Magnezone
|-supereffective|p1a: Magnezone
|-damage|p1a: Magnezone|0 fnt
|-unboost|p2a: Iron Valiant|def|1
|-unboost|p2a: Iron Valiant|spd|1
|faint|p1a: Magnezone
|
|upkeep
|
|t:|1743909980
|switch|p1a: Garchomp|Garchomp, F|100/100
|turn|18
|
|t:|1743910001
|move|p2a: Iron Valiant|Moonblast|p1a: Garchomp
|-supereffective|p1a: Garchomp
|-damage|p1a: Garchomp|15/100
|move|p1a: Garchomp|Earthquake|p2a: Iron Valiant
|-damage|p2a: Iron Valiant|0 fnt
|faint|p2a: Iron Valiant
|-end|p2a: Iron Valiant|Quark Drive|[silent]
|
|upkeep
|
|t:|1743910003
|switch|p2a: Gholdengo|Gholdengo|100/100
|turn|19
|
|t:|1743910008
|move|p2a: Gholdengo|Shadow Ball|p1a: Garchomp
|-damage|p1a: Garchomp|0 fnt
|faint|p1a: Garchomp
|
|win|quinx of ladder
|raw|malk tyme's rating: 1688 &rarr; <strong>1675</strong><br />(-13 for losing)
|raw|quinx of ladder's rating: 1817 &rarr; <strong>1830</strong><br />(+13 for winning)
|l|☆malk tyme
|player|p1|
|l| drednawthegreatest
|l|☆quinx of ladder
|player|p2|
