|j|☆wasazabi
|j|☆purhreoei
|t:|1743845851
|gametype|singles
|player|p1|wasazabi|alder|1399
|player|p2|purhreoei|169|1323
|teamsize|p1|6
|teamsize|p2|6
|gen|9
|tier|[Gen 9] OU
|rated|
|rule|HP Percentage Mod: HP is shown in percentages
|rule|Endless Battle Clause: Forcing endless battles is banned
|rule|Species Clause: Limit one of each Pokémon
|rule|OHKO Clause: OHKO moves are banned
|rule|Evasion Items Clause: Evasion items are banned
|rule|Evasion Moves Clause: Evasion moves are banned
|rule|Sleep Moves Clause: Sleep-inducing moves are banned
|clearpoke
|poke|p1|Latios, M|
|poke|p1|Cinderace, F|
|poke|p1|Gliscor, M|
|poke|p1|Corviknight, F|
|poke|p1|Dragapult, M|
|poke|p1|Deoxys-Speed|
|poke|p2|Samurott-Hisui, F|
|poke|p2|Arcanine-Hisui, F|
|poke|p2|Ursaluna, F|
|poke|p2|Enamorus, F|
|poke|p2|Basculegion-F, F|
|poke|p2|Braviary-Hisui, M|
|teampreview
|inactive|Battle timer is ON: inactive players will automatically lose when time's up. (requested by purhreoei)
|
|t:|1743845863
|start
|switch|p1a: Latios|Latios, M|100/100
|switch|p2a: Samurott|Samurott-Hisui, F|100/100
|turn|1
|
|t:|1743845867
|move|p1a: Latios|Aura Sphere|p2a: Samurott
|-supereffective|p2a: Samurott
|-damage|p2a: Samurott|29/100
|move|p2a: Samurott|Ceaseless Edge|p1a: Latios
|-supereffective|p1a: Latios
|-damage|p1a: Latios|0 fnt
|-sidestart|p1: wasazabi|Spikes
|faint|p1a: Latios
|
|upkeep
|
|t:|1743845874
|switch|p1a: Corviknight|Corviknight, F|100/100
|-ability|p1a: Corviknight|Pressure
|turn|2
|
|t:|1743845878
|move|p2a: Samurott|Aqua Cutter|p1a: Corviknight
|-damage|p1a: Corviknight|68/100
|move|p1a: Corviknight|Defog|p2a: Samurott
|-unboost|p2a: Samurott|evasion|1
|-sideend|p1: wasazabi|Spikes|[from] move: Defog|[of] p1a: Corviknight
|
|upkeep
|turn|3
|
|t:|1743845883
|move|p2a: Samurott|Ceaseless Edge|p1a: Corviknight
|-damage|p1a: Corviknight|41/100
|-damage|p2a: Samurott|12/100|[from] item: Rocky Helmet|[of] p1a: Corviknight
|-sidestart|p1: wasazabi|Spikes
|move|p1a: Corviknight|U-turn|p2a: Samurott
|-supereffective|p2a: Samurott
|-damage|p2a: Samurott|0 fnt
|faint|p2a: Samurott
|
|t:|1743845886
|switch|p1a: Cinderace|Cinderace, F|100/100|[from] U-turn
|
|upkeep
|
|t:|1743845897
|switch|p2a: Basculegion|Basculegion-F, F|100/100
|turn|4
|
|t:|1743845900
|move|p1a: Cinderace|Court Change|p1a: Cinderace
|-start|p1a: Cinderace|typechange|Normal|[from] ability: Libero
|-swapsideconditions
|-activate|p1a: Cinderace|move: Court Change
|move|p2a: Basculegion|Surf|p1a: Cinderace
|-damage|p1a: Cinderace|0 fnt
|faint|p1a: Cinderace
|
|upkeep
|
|t:|1743845904
|switch|p1a: Deoxys|Deoxys-Speed|100/100
|-ability|p1a: Deoxys|Pressure
|turn|5
|
|t:|1743845909
|move|p1a: Deoxys|Knock Off|p2a: Basculegion
|-supereffective|p2a: Basculegion
|-damage|p2a: Basculegion|50/100
|-enditem|p2a: Basculegion|Choice Specs|[from] move: Knock Off|[of] p1a: Deoxys
|move|p2a: Basculegion|Surf|p1a: Deoxys
|-damage|p1a: Deoxys|18/100
|
|upkeep
|turn|6
|
|t:|1743845916
|move|p1a: Deoxys|Psycho Boost|p2a: Basculegion
|-damage|p2a: Basculegion|0 fnt
|-unboost|p1a: Deoxys|spa|2
|faint|p2a: Basculegion
|
|upkeep
|
|t:|1743845938
|switch|p2a: Enamorus|Enamorus, F|100/100
|turn|7
|
|t:|1743845942
|-terastallize|p2a: Enamorus|Stellar
|move|p2a: Enamorus|Tera Blast|p1a: Deoxys|[anim] Tera Blast Stellar
|-damage|p1a: Deoxys|0 fnt
|-boost|p2a: Enamorus|atk|1
|-boost|p2a: Enamorus|spa|1
|faint|p1a: Deoxys
|
|upkeep
|
|t:|1743845961
|switch|p1a: Gliscor|Gliscor, M|100/100
|turn|8
|
|t:|1743845967
|move|p1a: Gliscor|Protect|p1a: Gliscor
|-singleturn|p1a: Gliscor|Protect
|move|p2a: Enamorus|Tera Blast|p1a: Gliscor|[anim] Tera Blast Stellar
|-activate|p1a: Gliscor|move: Protect
|
|-status|p1a: Gliscor|tox|[from] item: Toxic Orb
|upkeep
|turn|9
|
|t:|1743845969
|move|p2a: Enamorus|Tera Blast|p1a: Gliscor|[anim] Tera Blast Stellar
|-damage|p1a: Gliscor|54/100 tox
|-boost|p2a: Enamorus|atk|1
|-boost|p2a: Enamorus|spa|1
|move|p1a: Gliscor|Facade|p2a: Enamorus
|-damage|p2a: Enamorus|52/100
|
|-heal|p1a: Gliscor|67/100 tox|[from] ability: Poison Heal
|upkeep
|turn|10
|
|t:|1743845976
|move|p1a: Gliscor|Protect|p1a: Gliscor
|-singleturn|p1a: Gliscor|Protect
|move|p2a: Enamorus|Tera Blast|p1a: Gliscor|[anim] Tera Blast Stellar
|-activate|p1a: Gliscor|move: Protect
|
|-heal|p1a: Gliscor|79/100 tox|[from] ability: Poison Heal
|upkeep
|turn|11
|
|t:|1743845978
|move|p2a: Enamorus|Tera Blast|p1a: Gliscor|[anim] Tera Blast Stellar
|-damage|p1a: Gliscor|20/100 tox
|-boost|p2a: Enamorus|atk|1
|-boost|p2a: Enamorus|spa|1
|move|p1a: Gliscor|Facade|p2a: Enamorus
|-damage|p2a: Enamorus|5/100
|
|-heal|p1a: Gliscor|32/100 tox|[from] ability: Poison Heal
|upkeep
|turn|12
|
|t:|1743845984
|move|p1a: Gliscor|Protect|p1a: Gliscor
|-singleturn|p1a: Gliscor|Protect
|move|p2a: Enamorus|Tera Blast|p1a: Gliscor|[anim] Tera Blast Stellar
|-activate|p1a: Gliscor|move: Protect
|
|-heal|p1a: Gliscor|45/100 tox|[from] ability: Poison Heal
|upkeep
|turn|13
|
|t:|1743845987
|switch|p1a: Corviknight|Corviknight, F|41/100
|-ability|p1a: Corviknight|Pressure
|move|p2a: Enamorus|Tera Blast|p1a: Corviknight|[anim] Tera Blast Stellar
|-damage|p1a: Corviknight|0 fnt
|-boost|p2a: Enamorus|atk|1
|-boost|p2a: Enamorus|spa|1
|faint|p1a: Corviknight
|
|upkeep
|
|t:|1743845988
|switch|p1a: Gliscor|Gliscor, M|45/100 tox
|turn|14
|
|t:|1743845990
|move|p1a: Gliscor|Protect|p1a: Gliscor
|-singleturn|p1a: Gliscor|Protect
|move|p2a: Enamorus|Tera Blast|p1a: Gliscor|[anim] Tera Blast Stellar
|-activate|p1a: Gliscor|move: Protect
|
|-heal|p1a: Gliscor|57/100 tox|[from] ability: Poison Heal
|upkeep
|turn|15
|
|t:|1743845992
|move|p2a: Enamorus|Tera Blast|p1a: Gliscor|[anim] Tera Blast Stellar
|-damage|p1a: Gliscor|0 fnt
|-boost|p2a: Enamorus|atk|1
|-boost|p2a: Enamorus|spa|1
|faint|p1a: Gliscor
|
|upkeep
|
|t:|1743845994
|switch|p1a: Dragapult|Dragapult, M|100/100
|turn|16
|
|t:|1743845998
|move|p2a: Enamorus|Tera Blast|p1a: Dragapult|[anim] Tera Blast Stellar
|-damage|p1a: Dragapult|0 fnt
|-boost|p2a: Enamorus|atk|1
|-boost|p2a: Enamorus|spa|1
|faint|p1a: Dragapult
|
|win|purhreoei
|raw|wasazabi's rating: 1399 &rarr; <strong>1375</strong><br />(-24 for losing)
|raw|purhreoei's rating: 1323 &rarr; <strong>1347</strong><br />(+24 for winning)
|l|☆wasazabi
|player|p1|
|l|☆purhreoei
|player|p2|
