|j|☆SPASTIC IRL
|j|☆SubDivine
|t:|1743913023
|gametype|singles
|player|p1|SPASTIC IRL|burglar|1156
|player|p2|SubDivine|chase|1140
|teamsize|p1|6
|teamsize|p2|6
|gen|9
|tier|[Gen 9] OU
|rated|
|rule|HP Percentage Mod: HP is shown in percentages
|rule|Endless Battle Clause: Forcing endless battles is banned
|rule|Species Clause: Limit one of each Pokémon
|rule|OHKO Clause: OHKO moves are banned
|rule|Evasion Items Clause: Evasion items are banned
|rule|Evasion Moves Clause: Evasion moves are banned
|rule|Sleep Moves Clause: Sleep-inducing moves are banned
|clearpoke
|poke|p1|Araquanid, M|
|poke|p1|Raging Bolt|
|poke|p1|Iron Moth|
|poke|p1|Great Tusk|
|poke|p1|Gholdengo|
|poke|p1|Kingambit, F|
|poke|p2|Tauros, M|
|poke|p2|Torterra, M|
|poke|p2|Talonflame, F|
|poke|p2|Weavile, F|
|poke|p2|Yanmega, M|
|poke|p2|Garganacl, M|
|teampreview
|inactive|Battle timer is ON: inactive players will automatically lose when time's up. (requested by SubDivine)
|
|t:|1743913032
|start
|switch|p1a: Araquanid|Araquanid, M, shiny|100/100
|switch|p2a: Talonflame|Talonflame, F|100/100
|turn|1
|
|t:|1743913041
|move|p2a: Talonflame|Brave Bird|p1a: Araquanid
|-supereffective|p1a: Araquanid
|-damage|p1a: Araquanid|14/100
|-damage|p2a: Talonflame|68/100|[from] Recoil
|move|p1a: Araquanid|Sticky Web|p2a: Talonflame
|-sidestart|p2: SubDivine|move: Sticky Web
|
|upkeep
|turn|2
|
|t:|1743913065
|switch|p1a: Raging Bolt|Raging Bolt|100/100
|-enditem|p1a: Raging Bolt|Booster Energy
|-activate|p1a: Raging Bolt|ability: Protosynthesis|[fromitem]
|-start|p1a: Raging Bolt|protosynthesisspa
|move|p2a: Talonflame|Brave Bird|p1a: Raging Bolt
|-resisted|p1a: Raging Bolt
|-damage|p1a: Raging Bolt|81/100
|-damage|p2a: Talonflame|59/100|[from] Recoil
|
|upkeep
|turn|3
|
|t:|1743913071
|move|p2a: Talonflame|Defog|p1a: Raging Bolt
|-unboost|p1a: Raging Bolt|evasion|1
|-sideend|p2: SubDivine|Sticky Web|[from] move: Defog|[of] p2a: Talonflame
|move|p1a: Raging Bolt|Calm Mind|p1a: Raging Bolt
|-boost|p1a: Raging Bolt|spa|1
|-boost|p1a: Raging Bolt|spd|1
|
|upkeep
|turn|4
|
|t:|1743913076
|move|p2a: Talonflame|U-turn|p1a: Raging Bolt
|-damage|p1a: Raging Bolt|65/100
|
|t:|1743913078
|switch|p2a: Torterra|Torterra, M|100/100|[from] U-turn
|move|p1a: Raging Bolt|Thunderbolt|p2a: Torterra
|-immune|p2a: Torterra
|
|upkeep
|turn|5
|
|t:|1743913093
|move|p1a: Raging Bolt|Dragon Pulse|p2a: Torterra
|-damage|p2a: Torterra|0 fnt
|faint|p2a: Torterra
|
|upkeep
|
|t:|1743913098
|switch|p2a: Weavile|Weavile, F|100/100
|-ability|p2a: Weavile|Pressure
|turn|6
|
|t:|1743913118
|move|p1a: Raging Bolt|Thunderclap|p2a: Weavile
|-damage|p2a: Weavile|0 fnt
|faint|p2a: Weavile
|
|upkeep
|
|t:|1743913130
|switch|p2a: Tauros|Tauros, M|100/100
|turn|7
|
|t:|1743913143
|move|p1a: Raging Bolt|Thunderclap|p2a: Tauros
|-damage|p2a: Tauros|0 fnt
|faint|p2a: Tauros
|
|upkeep
|-message|SubDivine forfeited.
|
|win|SPASTIC IRL
|raw|SPASTIC IRL's rating: 1156 &rarr; <strong>1180</strong><br />(+24 for winning)
|raw|SubDivine's rating: 1140 &rarr; <strong>1116</strong><br />(-24 for losing)
|l|☆SubDivine
|player|p2|
