|j|☆jjjjffiii
|j|☆buyibu
|t:|1743861659
|gametype|singles
|player|p1|jjjjffiii|pokekid|1457
|player|p2|buyibu|cynthia|1424
|teamsize|p1|6
|teamsize|p2|6
|gen|9
|tier|[Gen 9] OU
|rated|
|rule|HP Percentage Mod: HP is shown in percentages
|rule|Endless Battle Clause: Forcing endless battles is banned
|rule|Species Clause: Limit one of each Pokémon
|rule|OHKO Clause: OHKO moves are banned
|rule|Evasion Items Clause: Evasion items are banned
|rule|Evasion Moves Clause: Evasion moves are banned
|rule|Sleep Moves Clause: Sleep-inducing moves are banned
|clearpoke
|poke|p1|Tyranitar, F|
|poke|p1|Enamorus-Therian, F|
|poke|p1|Alomomola, F|
|poke|p1|Excadrill, M|
|poke|p1|Ogerpon-Wellspring, F|
|poke|p1|Darkrai|
|poke|p2|Latias, F|
|poke|p2|Maushold-Four|
|poke|p2|Hoopa-Unbound|
|poke|p2|Skeledirge, F|
|poke|p2|Kingambit, M|
|poke|p2|Hatterene, F|
|teampreview
|inactive|Battle timer is ON: inactive players will automatically lose when time's up. (requested by buyibu)
|
|t:|1743861674
|start
|switch|p1a: Tyranitar|Tyranitar, F|100/100
|switch|p2a: Maushold|Maushold-Four|100/100
|-weather|Sandstorm|[from] ability: Sand Stream|[of] p1a: Tyranitar
|turn|1
|
|t:|1743861680
|move|p2a: Maushold|Population Bomb|p1a: Tyranitar
|-resisted|p1a: Tyranitar
|-damage|p1a: Tyranitar|96/100
|-resisted|p1a: Tyranitar
|-damage|p1a: Tyranitar|91/100
|-resisted|p1a: Tyranitar
|-damage|p1a: Tyranitar|87/100
|-resisted|p1a: Tyranitar
|-damage|p1a: Tyranitar|82/100
|-resisted|p1a: Tyranitar
|-damage|p1a: Tyranitar|77/100
|-resisted|p1a: Tyranitar
|-damage|p1a: Tyranitar|72/100
|-resisted|p1a: Tyranitar
|-damage|p1a: Tyranitar|67/100
|-resisted|p1a: Tyranitar
|-damage|p1a: Tyranitar|62/100
|-resisted|p1a: Tyranitar
|-damage|p1a: Tyranitar|57/100
|-resisted|p1a: Tyranitar
|-damage|p1a: Tyranitar|53/100
|-hitcount|p1a: Tyranitar|10
|move|p1a: Tyranitar|Knock Off|p2a: Maushold
|-damage|p2a: Maushold|19/100
|-enditem|p2a: Maushold|Wide Lens|[from] move: Knock Off|[of] p1a: Tyranitar
|
|-weather|Sandstorm|[upkeep]
|-damage|p2a: Maushold|13/100|[from] Sandstorm
|upkeep
|turn|2
|
|t:|1743861694
|switch|p1a: Alomomola|Alomomola, F|100/100
|move|p2a: Maushold|Population Bomb|p1a: Alomomola
|-damage|p1a: Alomomola|94/100
|-damage|p1a: Alomomola|88/100
|-damage|p1a: Alomomola|81/100
|-damage|p1a: Alomomola|75/100
|-damage|p1a: Alomomola|70/100
|-hitcount|p1a: Alomomola|5
|
|-weather|Sandstorm|[upkeep]
|-damage|p2a: Maushold|6/100|[from] Sandstorm
|-damage|p1a: Alomomola|63/100|[from] Sandstorm
|upkeep
|turn|3
|
|t:|1743861698
|move|p2a: Maushold|Population Bomb|p1a: Alomomola
|-damage|p1a: Alomomola|57/100
|-damage|p1a: Alomomola|51/100
|-damage|p1a: Alomomola|46/100
|-damage|p1a: Alomomola|40/100
|-damage|p1a: Alomomola|34/100
|-damage|p1a: Alomomola|27/100
|-damage|p1a: Alomomola|21/100
|-damage|p1a: Alomomola|15/100
|-damage|p1a: Alomomola|9/100
|-hitcount|p1a: Alomomola|9
|move|p1a: Alomomola|Flip Turn|p2a: Maushold
|-damage|p2a: Maushold|0 fnt
|faint|p2a: Maushold
|
|t:|1743861708
|switch|p1a: Enamorus|Enamorus-Therian, F|100/100|[from] Flip Turn
|
|-weather|Sandstorm|[upkeep]
|upkeep
|
|t:|1743861718
|switch|p2a: Latias|Latias, F|100/100
|turn|4
|
|t:|1743861721
|switch|p1a: Ogerpon|Ogerpon-Wellspring, F|100/100
|move|p2a: Latias|Agility|p2a: Latias
|-boost|p2a: Latias|spe|2
|
|-weather|Sandstorm|[upkeep]
|-damage|p2a: Latias|94/100|[from] Sandstorm
|-damage|p1a: Ogerpon|95/100|[from] Sandstorm
|upkeep
|turn|5
|
|t:|1743861730
|move|p2a: Latias|Calm Mind|p2a: Latias
|-boost|p2a: Latias|spa|1
|-boost|p2a: Latias|spd|1
|move|p1a: Ogerpon|Encore|p2a: Latias
|-start|p2a: Latias|Encore
|
|-weather|Sandstorm|[upkeep]
|-damage|p2a: Latias|88/100|[from] Sandstorm
|-damage|p1a: Ogerpon|89/100|[from] Sandstorm
|upkeep
|turn|6
|
|t:|1743861734
|switch|p1a: Darkrai|Darkrai|100/100
|move|p2a: Latias|Calm Mind|p2a: Latias
|-boost|p2a: Latias|spa|1
|-boost|p2a: Latias|spd|1
|
|-weather|Sandstorm|[upkeep]
|-damage|p2a: Latias|82/100|[from] Sandstorm
|-damage|p1a: Darkrai|94/100|[from] Sandstorm
|upkeep
|turn|7
|
|t:|1743861739
|move|p2a: Latias|Calm Mind|p2a: Latias
|-boost|p2a: Latias|spa|1
|-boost|p2a: Latias|spd|1
|move|p1a: Darkrai|Trick|p2a: Latias
|-activate|p1a: Darkrai|move: Trick|[of] p2a: Latias
|-item|p2a: Latias|Choice Scarf|[from] move: Trick
|-item|p1a: Darkrai|Weakness Policy|[from] move: Trick
|
|-weather|Sandstorm|[upkeep]
|-damage|p2a: Latias|76/100|[from] Sandstorm
|-damage|p1a: Darkrai|88/100|[from] Sandstorm
|upkeep
|turn|8
|
|t:|1743861755
|switch|p2a: Hatterene|Hatterene, F|100/100
|switch|p1a: Ogerpon|Ogerpon-Wellspring, F|89/100
|
|-weather|none
|upkeep
|turn|9
|
|t:|1743861763
|-terastallize|p1a: Ogerpon|Water
|detailschange|p1a: Ogerpon|Ogerpon-Wellspring-Tera, F, tera:Water
|-ability|p1a: Ogerpon|Embody Aspect (Wellspring)|boost
|-boost|p1a: Ogerpon|spd|1
|move|p1a: Ogerpon|Ivy Cudgel|p2a: Hatterene|[anim] Ivy Cudgel Water
|-damage|p2a: Hatterene|36/100
|-enditem|p2a: Hatterene|Eject Button
|
|t:|1743861783
|switch|p2a: Latias|Latias, F|76/100
|
|upkeep
|turn|10
|
|t:|1743861787
|switch|p1a: Enamorus|Enamorus-Therian, F|100/100
|move|p2a: Latias|Aura Sphere|p1a: Enamorus
|-resisted|p1a: Enamorus
|-damage|p1a: Enamorus|97/100
|
|upkeep
|turn|11
|
|t:|1743861794
|switch|p2a: Skeledirge|Skeledirge, F|100/100
|switch|p1a: Alomomola|Alomomola, F|42/100
|
|upkeep
|turn|12
|
|t:|1743861799
|switch|p1a: Tyranitar|Tyranitar, F|53/100
|-weather|Sandstorm|[from] ability: Sand Stream|[of] p1a: Tyranitar
|move|p2a: Skeledirge|Will-O-Wisp|p1a: Tyranitar|[miss]
|-miss|p2a: Skeledirge|p1a: Tyranitar
|
|-weather|Sandstorm|[upkeep]
|-damage|p2a: Skeledirge|94/100|[from] Sandstorm
|upkeep
|turn|13
|
|t:|1743861805
|move|p2a: Skeledirge|Will-O-Wisp|p1a: Tyranitar
|-status|p1a: Tyranitar|brn
|move|p1a: Tyranitar|Knock Off|p2a: Skeledirge
|-supereffective|p2a: Skeledirge
|-damage|p2a: Skeledirge|65/100
|-enditem|p2a: Skeledirge|Heavy-Duty Boots|[from] move: Knock Off|[of] p1a: Tyranitar
|
|-weather|Sandstorm|[upkeep]
|-damage|p2a: Skeledirge|59/100|[from] Sandstorm
|-damage|p1a: Tyranitar|46/100 brn|[from] brn
|upkeep
|turn|14
|
|t:|1743861810
|move|p2a: Skeledirge|Slack Off|p2a: Skeledirge
|-heal|p2a: Skeledirge|100/100
|move|p1a: Tyranitar|Stealth Rock|p2a: Skeledirge
|-sidestart|p2: buyibu|move: Stealth Rock
|
|-weather|Sandstorm|[upkeep]
|-damage|p2a: Skeledirge|94/100|[from] Sandstorm
|-damage|p1a: Tyranitar|40/100 brn|[from] brn
|upkeep
|turn|15
|
|t:|1743861813
|switch|p1a: Enamorus|Enamorus-Therian, F|97/100
|move|p2a: Skeledirge|Torch Song|p1a: Enamorus
|-crit|p1a: Enamorus
|-damage|p1a: Enamorus|69/100
|-boost|p2a: Skeledirge|spa|1
|
|-weather|Sandstorm|[upkeep]
|-damage|p2a: Skeledirge|88/100|[from] Sandstorm
|upkeep
|turn|16
|
|t:|1743861818
|move|p2a: Skeledirge|Torch Song|p1a: Enamorus
|-damage|p1a: Enamorus|42/100
|-boost|p2a: Skeledirge|spa|1
|move|p1a: Enamorus|Earth Power|p2a: Skeledirge
|-supereffective|p2a: Skeledirge
|-damage|p2a: Skeledirge|9/100
|
|-weather|Sandstorm|[upkeep]
|-damage|p2a: Skeledirge|3/100|[from] Sandstorm
|upkeep
|turn|17
|
|t:|1743861826
|switch|p1a: Ogerpon|Ogerpon-Wellspring-Tera, F, tera:Water|89/100
|-ability|p1a: Ogerpon|Embody Aspect (Wellspring)|boost
|-boost|p1a: Ogerpon|spd|1
|move|p2a: Skeledirge|Torch Song|p1a: Ogerpon
|-resisted|p1a: Ogerpon
|-damage|p1a: Ogerpon|51/100
|-boost|p2a: Skeledirge|spa|1
|
|-weather|Sandstorm|[upkeep]
|-damage|p1a: Ogerpon|45/100|[from] Sandstorm
|-damage|p2a: Skeledirge|0 fnt|[from] Sandstorm
|faint|p2a: Skeledirge
|upkeep
|
|t:|1743861834
|switch|p2a: Kingambit|Kingambit, M|100/100
|-damage|p2a: Kingambit|94/100|[from] Stealth Rock
|-activate|p2a: Kingambit|ability: Supreme Overlord
|-start|p2a: Kingambit|fallen2|[silent]
|turn|18
|
|t:|1743861837
|move|p1a: Ogerpon|Low Kick|p2a: Kingambit
|-supereffective|p2a: Kingambit
|-damage|p2a: Kingambit|0 fnt
|faint|p2a: Kingambit
|-end|p2a: Kingambit|fallen2|[silent]
|
|-weather|Sandstorm|[upkeep]
|-damage|p1a: Ogerpon|39/100|[from] Sandstorm
|upkeep
|-message|buyibu forfeited.
|
|win|jjjjffiii
|raw|jjjjffiii's rating: 1457 &rarr; <strong>1475</strong><br />(+18 for winning)
|raw|buyibu's rating: 1424 &rarr; <strong>1406</strong><br />(-18 for losing)
|l|☆buyibu
|player|p2|
|l|☆jjjjffiii
|player|p1|
