|j|☆stacyannglick
|j|☆Mr.diversity
|t:|1743800524
|gametype|singles
|player|p1|stacyannglick|parasollady|1680
|player|p2|Mr.diversity|bruno|1815
|teamsize|p1|6
|teamsize|p2|6
|gen|9
|tier|[Gen 9] OU
|rated|
|rule|HP Percentage Mod: HP is shown in percentages
|rule|Endless Battle Clause: Forcing endless battles is banned
|rule|Species Clause: Limit one of each Pokémon
|rule|OHKO Clause: OHKO moves are banned
|rule|Evasion Items Clause: Evasion items are banned
|rule|Evasion Moves Clause: Evasion moves are banned
|rule|Sleep Moves Clause: Sleep-inducing moves are banned
|clearpoke
|poke|p1|Pelipper, F|
|poke|p1|Barraskewda, F|
|poke|p1|Iron Treads|
|poke|p1|Thundurus-Therian, M|
|poke|p1|Greninja-*, M|
|poke|p1|Volcanion|
|poke|p2|Landorus-Therian, M|
|poke|p2|Cinderace, M|
|poke|p2|Great Tusk|
|poke|p2|Heatran, F|
|poke|p2|Clodsire, M|
|poke|p2|Armarouge, M|
|teampreview
|inactive|Battle timer is ON: inactive players will automatically lose when time's up. (requested by Mr.diversity)
|
|t:|1743800537
|start
|switch|p1a: tonkatruck|Iron Treads|100/100
|switch|p2a: Landorus|Landorus-Therian, M|100/100
|-ability|p2a: Landorus|Intimidate|boost
|-unboost|p1a: tonkatruck|atk|1
|-enditem|p1a: tonkatruck|Booster Energy
|-activate|p1a: tonkatruck|ability: Quark Drive|[fromitem]
|-start|p1a: tonkatruck|quarkdrivespe
|turn|1
|
|t:|1743800543
|move|p1a: tonkatruck|Ice Spinner|p2a: Landorus
|-supereffective|p2a: Landorus
|-damage|p2a: Landorus|29/100
|move|p2a: Landorus|Earthquake|p1a: tonkatruck
|-supereffective|p1a: tonkatruck
|-damage|p1a: tonkatruck|0 fnt
|faint|p1a: tonkatruck
|-end|p1a: tonkatruck|Quark Drive|[silent]
|
|upkeep
|j| sheridelikeapro
|j| Justice For Moon
|l| sheridelikeapro
|
|t:|1743800549
|switch|p1a: glindseylou|Barraskewda, F, shiny|100/100
|turn|2
|
|t:|1743800555
|switch|p1a: stacy’s ace stace|Thundurus-Therian, M|100/100
|switch|p2a: Clodsire|Clodsire, M|100/100
|
|upkeep
|turn|3
|
|t:|1743800559
|move|p1a: stacy’s ace stace|Substitute|p1a: stacy’s ace stace
|-start|p1a: stacy’s ace stace|Substitute
|-damage|p1a: stacy’s ace stace|76/100
|move|p2a: Clodsire|Toxic||[still]
|-fail|p2a: Clodsire
|
|-heal|p1a: stacy’s ace stace|82/100|[from] item: Leftovers
|upkeep
|turn|4
|
|t:|1743800563
|switch|p2a: Heatran|Heatran, F|100/100
|move|p1a: stacy’s ace stace|Nasty Plot|p1a: stacy’s ace stace
|-boost|p1a: stacy’s ace stace|spa|2
|
|-heal|p1a: stacy’s ace stace|88/100|[from] item: Leftovers
|upkeep
|turn|5
|
|t:|1743800568
|-terastallize|p2a: Heatran|Bug
|move|p1a: stacy’s ace stace|Thunder|p2a: Heatran|[miss]
|-miss|p1a: stacy’s ace stace|p2a: Heatran
|move|p2a: Heatran|Power Gem|p1a: stacy’s ace stace
|-supereffective|p1a: stacy’s ace stace
|-end|p1a: stacy’s ace stace|Substitute
|
|-heal|p1a: stacy’s ace stace|94/100|[from] item: Leftovers
|upkeep
|turn|6
|
|t:|1743800578
|-terastallize|p1a: stacy’s ace stace|Fairy
|move|p1a: stacy’s ace stace|Thunder|p2a: Heatran|[miss]
|-miss|p1a: stacy’s ace stace|p2a: Heatran
|move|p2a: Heatran|Power Gem|p1a: stacy’s ace stace
|-damage|p1a: stacy’s ace stace|31/100
|
|-heal|p1a: stacy’s ace stace|37/100|[from] item: Leftovers
|upkeep
|turn|7
|
|t:|1743800582
|move|p1a: stacy’s ace stace|Thunder|p2a: Heatran
|-damage|p2a: Heatran|0 fnt
|faint|p2a: Heatran
|
|-heal|p1a: stacy’s ace stace|43/100|[from] item: Leftovers
|upkeep
|
|t:|1743800586
|switch|p2a: Cinderace|Cinderace, M|100/100
|turn|8
|
|t:|1743800588
|switch|p1a: raini rodriguez|Pelipper, F, shiny|100/100
|-weather|RainDance|[from] ability: Drizzle|[of] p1a: raini rodriguez
|move|p2a: Cinderace|High Jump Kick|p1a: raini rodriguez
|-start|p2a: Cinderace|typechange|Fighting|[from] ability: Libero
|-resisted|p1a: raini rodriguez
|-damage|p1a: raini rodriguez|61/100
|
|-weather|RainDance|[upkeep]
|upkeep
|turn|9
|
|t:|1743800593
|switch|p1a: Volcanion|Volcanion|100/100
|move|p2a: Cinderace|High Jump Kick|p1a: Volcanion
|-damage|p1a: Volcanion|21/100
|
|-weather|RainDance|[upkeep]
|upkeep
|turn|10
|
|t:|1743800600
|move|p2a: Cinderace|High Jump Kick|p1a: Volcanion
|-damage|p1a: Volcanion|0 fnt
|faint|p1a: Volcanion
|
|-weather|RainDance|[upkeep]
|upkeep
|
|t:|1743800602
|switch|p1a: glindseylou|Barraskewda, F, shiny|100/100
|turn|11
|j| Dhlet
|j| TheTyranitard
|j| Adromas
|
|t:|1743800612
|switch|p1a: stacy’s ace stace|Thundurus-Therian, M, tera:Fairy|43/100
|switch|p2a: Clodsire|Clodsire, M|100/100
|
|-weather|RainDance|[upkeep]
|-heal|p1a: stacy’s ace stace|49/100|[from] item: Leftovers
|upkeep
|turn|12
|l| Dhlet
|
|t:|1743800625
|switch|p2a: Cinderace|Cinderace, M|100/100
|move|p1a: stacy’s ace stace|Nasty Plot|p1a: stacy’s ace stace
|-boost|p1a: stacy’s ace stace|spa|2
|
|-weather|RainDance|[upkeep]
|-heal|p1a: stacy’s ace stace|55/100|[from] item: Leftovers
|upkeep
|turn|13
|
|t:|1743800628
|move|p2a: Cinderace|High Jump Kick|p1a: stacy’s ace stace
|-start|p2a: Cinderace|typechange|Fighting|[from] ability: Libero
|-resisted|p1a: stacy’s ace stace
|-damage|p1a: stacy’s ace stace|0 fnt
|faint|p1a: stacy’s ace stace
|
|-weather|RainDance|[upkeep]
|upkeep
|
|t:|1743800633
|switch|p1a: dinkdinkdink|Greninja, M|100/100
|turn|14
|
|t:|1743800636
|switch|p2a: Clodsire|Clodsire, M|100/100
|move|p1a: dinkdinkdink|Surf|p2a: Clodsire
|-immune|p2a: Clodsire|[from] ability: Water Absorb
|
|-weather|RainDance|[upkeep]
|upkeep
|turn|15
|
|t:|1743800638
|move|p1a: dinkdinkdink|Ice Beam|p2a: Clodsire
|-supereffective|p2a: Clodsire
|-damage|p2a: Clodsire|63/100
|move|p2a: Clodsire|Toxic|p1a: dinkdinkdink
|-status|p1a: dinkdinkdink|tox
|
|-weather|none
|-heal|p2a: Clodsire|69/100|[from] item: Leftovers
|-damage|p1a: dinkdinkdink|95/100 tox|[from] psn
|upkeep
|turn|16
|
|t:|1743800643
|move|p1a: dinkdinkdink|Ice Beam|p2a: Clodsire
|-supereffective|p2a: Clodsire
|-damage|p2a: Clodsire|37/100
|move|p2a: Clodsire|Recover|p2a: Clodsire
|-heal|p2a: Clodsire|87/100
|
|-heal|p2a: Clodsire|93/100|[from] item: Leftovers
|-damage|p1a: dinkdinkdink|83/100 tox|[from] psn
|upkeep
|turn|17
|
|t:|1743800647
|move|p1a: dinkdinkdink|Ice Beam|p2a: Clodsire
|-supereffective|p2a: Clodsire
|-damage|p2a: Clodsire|61/100
|move|p2a: Clodsire|Recover|p2a: Clodsire
|-heal|p2a: Clodsire|100/100
|
|-damage|p1a: dinkdinkdink|65/100 tox|[from] psn
|upkeep
|turn|18
|
|t:|1743800651
|switch|p2a: Cinderace|Cinderace, M|100/100
|move|p1a: dinkdinkdink|Ice Beam|p2a: Cinderace
|-resisted|p2a: Cinderace
|-damage|p2a: Cinderace|80/100
|
|-damage|p1a: dinkdinkdink|41/100 tox|[from] psn
|upkeep
|turn|19
|
|t:|1743800659
|switch|p1a: raini rodriguez|Pelipper, F, shiny|61/100
|-weather|RainDance|[from] ability: Drizzle|[of] p1a: raini rodriguez
|move|p2a: Cinderace|Sucker Punch||[still]
|-fail|p2a: Cinderace
|
|-weather|RainDance|[upkeep]
|upkeep
|turn|20
|
|t:|1743800663
|move|p2a: Cinderace|Sucker Punch|p1a: raini rodriguez
|-start|p2a: Cinderace|typechange|Dark|[from] ability: Libero
|-damage|p1a: raini rodriguez|22/100
|move|p1a: raini rodriguez|Hurricane|p2a: Cinderace
|-damage|p2a: Cinderace|25/100
|-start|p2a: Cinderace|confusion
|
|-weather|RainDance|[upkeep]
|upkeep
|turn|21
|
|t:|1743800671
|switch|p2a: Clodsire|Clodsire, M|100/100
|move|p1a: raini rodriguez|Roost|p1a: raini rodriguez
|-heal|p1a: raini rodriguez|72/100
|-singleturn|p1a: raini rodriguez|move: Roost
|
|-weather|RainDance|[upkeep]
|upkeep
|turn|22
|
|t:|1743800676
|move|p1a: raini rodriguez|Knock Off|p2a: Clodsire
|-damage|p2a: Clodsire|85/100
|-enditem|p2a: Clodsire|Leftovers|[from] move: Knock Off|[of] p1a: raini rodriguez
|move|p2a: Clodsire|Stealth Rock|p1a: raini rodriguez
|-sidestart|p1: stacyannglick|move: Stealth Rock
|
|-weather|RainDance|[upkeep]
|upkeep
|turn|23
|
|t:|1743800679
|move|p1a: raini rodriguez|Hurricane|p2a: Clodsire
|-damage|p2a: Clodsire|66/100
|move|p2a: Clodsire|Toxic|p1a: raini rodriguez
|-status|p1a: raini rodriguez|tox
|
|-weather|RainDance|[upkeep]
|-damage|p1a: raini rodriguez|66/100 tox|[from] psn
|upkeep
|turn|24
|j| sheridelikeapro
|
|t:|1743800683
|move|p1a: raini rodriguez|U-turn|p2a: Clodsire
|-resisted|p2a: Clodsire
|-damage|p2a: Clodsire|61/100
|
|t:|1743800685
|switch|p1a: dinkdinkdink|Greninja, M|41/100 tox|[from] U-turn
|-damage|p1a: dinkdinkdink|29/100 tox|[from] Stealth Rock
|move|p2a: Clodsire|Recover|p2a: Clodsire
|-heal|p2a: Clodsire|100/100
|
|-weather|RainDance|[upkeep]
|-damage|p1a: dinkdinkdink|23/100 tox|[from] psn
|upkeep
|turn|25
|l| sheridelikeapro
|
|t:|1743800688
|move|p1a: dinkdinkdink|Ice Beam|p2a: Clodsire
|-supereffective|p2a: Clodsire
|-damage|p2a: Clodsire|66/100
|move|p2a: Clodsire|Earthquake|p1a: dinkdinkdink
|-damage|p1a: dinkdinkdink|0 fnt
|faint|p1a: dinkdinkdink
|
|-weather|RainDance|[upkeep]
|upkeep
|
|t:|1743800693
|switch|p1a: glindseylou|Barraskewda, F, shiny|100/100
|-damage|p1a: glindseylou|88/100|[from] Stealth Rock
|turn|26
|
|t:|1743800703
|switch|p2a: Great Tusk|Great Tusk|100/100
|-enditem|p2a: Great Tusk|Booster Energy
|-activate|p2a: Great Tusk|ability: Protosynthesis|[fromitem]
|-start|p2a: Great Tusk|protosynthesisatk
|move|p1a: glindseylou|Close Combat|p2a: Great Tusk
|-damage|p2a: Great Tusk|50/100
|-unboost|p1a: glindseylou|def|1
|-unboost|p1a: glindseylou|spd|1
|
|-weather|none
|upkeep
|turn|27
|l|☆stacyannglick
|inactive|stacyannglick disconnected and has a minute to reconnect!
|player|p1|
|l| Justice For Moon
|j|☆stacyannglick
|inactive|stacyannglick reconnected and has 120 seconds left.
|player|p1|stacyannglick|parasollady|
|l|☆stacyannglick
|inactive|stacyannglick disconnected and has a minute to reconnect!
|player|p1|
|inactive|stacyannglick has 30 seconds to reconnect!
|inactive|stacyannglick has 20 seconds to reconnect!
|inactive|stacyannglick has 15 seconds to reconnect!
|l| TheTyranitard
|inactive|stacyannglick has 10 seconds to reconnect!
|inactive|stacyannglick has 5 seconds to reconnect!
|-message|stacyannglick lost due to inactivity.
|
|win|Mr.diversity
|raw|stacyannglick's rating: 1680 &rarr; <strong>1667</strong><br />(-13 for losing)
|raw|Mr.diversity's rating: 1815 &rarr; <strong>1828</strong><br />(+13 for winning)
|l|☆Mr.diversity
|player|p2|
|l| Adromas
