|j|☆ykykp
|j|☆Pedro_Gil_2502
|t:|1743873725
|gametype|singles
|player|p1|ykykp|101|1457
|player|p2|Pedro_Gil_2502|waiter-gen4dp|1430
|teamsize|p1|6
|teamsize|p2|6
|gen|9
|tier|[Gen 9] OU
|rated|
|rule|HP Percentage Mod: HP is shown in percentages
|rule|Endless Battle Clause: Forcing endless battles is banned
|rule|Species Clause: Limit one of each Pokémon
|rule|OHKO Clause: OHKO moves are banned
|rule|Evasion Items Clause: Evasion items are banned
|rule|Evasion Moves Clause: Evasion moves are banned
|rule|Sleep Moves Clause: Sleep-inducing moves are banned
|clearpoke
|poke|p1|Porygon-Z|
|poke|p1|Ribombee, M|
|poke|p1|Ceruledge, F|
|poke|p1|Rampardos, F|
|poke|p1|Iron Treads|
|poke|p1|Iron Valiant|
|poke|p2|Ting-Lu|
|poke|p2|Kyurem|
|poke|p2|Great Tusk|
|poke|p2|Ogerpon-Cornerstone, F|
|poke|p2|Samurott-Hisui, F|
|poke|p2|Pecharunt|
|teampreview
|inactive|Battle timer is ON: inactive players will automatically lose when time's up. (requested by Pedro_Gil_2502)
|
|t:|1743873730
|start
|switch|p1a: Ribombee|Ribombee, M|100/100
|switch|p2a: Ting-Lu|Ting-Lu|100/100
|-ability|p2a: Ting-Lu|Vessel of Ruin
|turn|1
|
|t:|1743873747
|move|p1a: Ribombee|Sticky Web|p2a: Ting-Lu
|-sidestart|p2: Pedro_Gil_2502|move: Sticky Web
|move|p2a: Ting-Lu|Stealth Rock|p1a: Ribombee
|-sidestart|p1: ykykp|move: Stealth Rock
|
|upkeep
|turn|2
|
|t:|1743873767
|move|p1a: Ribombee|Moonblast|p2a: Ting-Lu
|-supereffective|p2a: Ting-Lu
|-damage|p2a: Ting-Lu|66/100
|move|p2a: Ting-Lu|Ruination|p1a: Ribombee
|-damage|p1a: Ribombee|51/100
|
|-heal|p2a: Ting-Lu|72/100|[from] item: Leftovers
|upkeep
|turn|3
|inactive|ykykp has 120 seconds left.
|
|t:|1743873809
|move|p1a: Ribombee|Moonblast|p2a: Ting-Lu
|-supereffective|p2a: Ting-Lu
|-damage|p2a: Ting-Lu|37/100
|move|p2a: Ting-Lu|Ruination|p1a: Ribombee
|-damage|p1a: Ribombee|26/100
|
|-heal|p2a: Ting-Lu|44/100|[from] item: Leftovers
|upkeep
|turn|4
|
|t:|1743873819
|move|p1a: Ribombee|Moonblast|p2a: Ting-Lu
|-supereffective|p2a: Ting-Lu
|-damage|p2a: Ting-Lu|13/100
|move|p2a: Ting-Lu|Earthquake|p1a: Ribombee
|-resisted|p1a: Ribombee
|-damage|p1a: Ribombee|0 fnt
|faint|p1a: Ribombee
|
|-heal|p2a: Ting-Lu|19/100|[from] item: Leftovers
|upkeep
|
|t:|1743873828
|switch|p1a: Rampardos|Rampardos, F|100/100
|-damage|p1a: Rampardos|88/100|[from] Stealth Rock
|turn|5
|
|t:|1743873838
|move|p1a: Rampardos|Earthquake|p2a: Ting-Lu
|-damage|p2a: Ting-Lu|0 fnt
|faint|p2a: Ting-Lu
|-damage|p1a: Rampardos|78/100|[from] item: Life Orb
|
|upkeep
|
|t:|1743873841
|switch|p2a: Great Tusk|Great Tusk|100/100
|-activate|p2a: Great Tusk|move: Sticky Web
|-unboost|p2a: Great Tusk|spe|1
|turn|6
|
|t:|1743873846
|switch|p1a: Ceruledge|Ceruledge, F|100/100
|-damage|p1a: Ceruledge|76/100|[from] Stealth Rock
|move|p2a: Great Tusk|Earthquake|p1a: Ceruledge
|-supereffective|p1a: Ceruledge
|-damage|p1a: Ceruledge|0 fnt
|faint|p1a: Ceruledge
|
|upkeep
|
|t:|1743873853
|switch|p1a: Porygon-Z|Porygon-Z|100/100
|-damage|p1a: Porygon-Z|88/100|[from] Stealth Rock
|-ability|p1a: Porygon-Z|Download|boost
|-boost|p1a: Porygon-Z|spa|1
|turn|7
|
|t:|1743873871
|-terastallize|p2a: Great Tusk|Steel
|move|p1a: Porygon-Z|Ice Beam|p2a: Great Tusk
|-resisted|p2a: Great Tusk
|-damage|p2a: Great Tusk|67/100
|move|p2a: Great Tusk|Rapid Spin|p1a: Porygon-Z
|-damage|p1a: Porygon-Z|61/100
|-boost|p2a: Great Tusk|spe|1
|-sideend|p2: Pedro_Gil_2502|Sticky Web|[from] move: Rapid Spin|[of] p2a: Great Tusk
|
|-heal|p2a: Great Tusk|73/100|[from] item: Leftovers
|upkeep
|turn|8
|
|t:|1743873882
|-terastallize|p1a: Porygon-Z|Ground
|move|p1a: Porygon-Z|Tera Blast|p2a: Great Tusk|[anim] Tera Blast Ground
|-supereffective|p2a: Great Tusk
|-damage|p2a: Great Tusk|0 fnt
|faint|p2a: Great Tusk
|-end|p2a: Great Tusk|Protosynthesis|[silent]
|
|upkeep
|
|t:|1743873887
|switch|p2a: Samurott|Samurott-Hisui, F|100/100
|turn|9
|
|t:|1743873892
|move|p1a: Porygon-Z|Thunderbolt|p2a: Samurott
|-supereffective|p2a: Samurott
|-crit|p2a: Samurott
|-enditem|p2a: Samurott|Focus Sash
|-damage|p2a: Samurott|1/100
|move|p2a: Samurott|Razor Shell|p1a: Porygon-Z
|-supereffective|p1a: Porygon-Z
|-damage|p1a: Porygon-Z|0 fnt
|faint|p1a: Porygon-Z
|
|upkeep
|
|t:|1743873896
|switch|p1a: Rampardos|Rampardos, F|78/100
|-damage|p1a: Rampardos|66/100|[from] Stealth Rock
|turn|10
|
|t:|1743873904
|move|p2a: Samurott|Ceaseless Edge|p1a: Rampardos|[miss]
|-miss|p2a: Samurott|p1a: Rampardos
|move|p1a: Rampardos|Rock Slide|p2a: Samurott
|-damage|p2a: Samurott|0 fnt
|faint|p2a: Samurott
|
|upkeep
|c|☆Pedro_Gil_2502|haha
|
|t:|1743873916
|switch|p2a: Kyurem|Kyurem|100/100
|-ability|p2a: Kyurem|Pressure
|turn|11
|
|t:|1743873921
|move|p2a: Kyurem|Ice Beam|p1a: Rampardos
|-damage|p1a: Rampardos|0 fnt
|faint|p1a: Rampardos
|
|upkeep
|
|t:|1743873924
|switch|p1a: Iron Treads|Iron Treads|100/100
|-damage|p1a: Iron Treads|97/100|[from] Stealth Rock
|-enditem|p1a: Iron Treads|Booster Energy
|-activate|p1a: Iron Treads|ability: Quark Drive|[fromitem]
|-start|p1a: Iron Treads|quarkdriveatk
|turn|12
|
|t:|1743873929
|move|p2a: Kyurem|Earth Power|p1a: Iron Treads
|-supereffective|p1a: Iron Treads
|-damage|p1a: Iron Treads|15/100
|move|p1a: Iron Treads|Ice Spinner|p2a: Kyurem
|-damage|p2a: Kyurem|66/100
|
|upkeep
|turn|13
|-message|ykykp forfeited.
|
|win|Pedro_Gil_2502
|raw|ykykp's rating: 1457 &rarr; <strong>1435</strong><br />(-22 for losing)
|raw|Pedro_Gil_2502's rating: 1430 &rarr; <strong>1452</strong><br />(+22 for winning)
|l|☆ykykp
|player|p1|
|l|☆Pedro_Gil_2502
|player|p2|
