|j|☆Billygunter
|j|☆Meeses Gangeeses
|t:|1743801451
|gametype|singles
|player|p1|Billygunter|1|1667
|player|p2|Meeses Gangeeses|skierf|1697
|teamsize|p1|6
|teamsize|p2|6
|gen|9
|tier|[Gen 9] OU
|rated|
|rule|HP Percentage Mod: HP is shown in percentages
|rule|Endless Battle Clause: Forcing endless battles is banned
|rule|Species Clause: Limit one of each Pokémon
|rule|OHKO Clause: OHKO moves are banned
|rule|Evasion Items Clause: Evasion items are banned
|rule|Evasion Moves Clause: Evasion moves are banned
|rule|Sleep Moves Clause: Sleep-inducing moves are banned
|clearpoke
|poke|p1|Cobalion|
|poke|p1|Pecharunt|
|poke|p1|Iron Treads|
|poke|p1|Ting-Lu|
|poke|p1|Ogerpon-Wellspring, F|
|poke|p1|Dragapult, F|
|poke|p2|Zamazenta-*|
|poke|p2|Kingambit, F|
|poke|p2|Samurott-Hisui, F|
|poke|p2|Landorus-Therian, M|
|poke|p2|Iron Valiant|
|poke|p2|Iron Moth|
|teampreview
|inactive|Battle timer is ON: inactive players will automatically lose when time's up. (requested by Meeses Gangeeses)
|
|t:|1743801464
|start
|switch|p1a: Dragapult|Dragapult, F|100/100
|switch|p2a: Samurott|Samurott-Hisui, F|100/100
|turn|1
|
|t:|1743801472
|switch|p1a: Cobalion|Cobalion|100/100
|move|p2a: Samurott|Knock Off|p1a: Cobalion
|-resisted|p1a: Cobalion
|-damage|p1a: Cobalion|85/100
|-damage|p2a: Samurott|84/100|[from] item: Rocky Helmet|[of] p1a: Cobalion
|-ability|p1a: Cobalion|Justified|boost
|-boost|p1a: Cobalion|atk|1
|-enditem|p1a: Cobalion|Rocky Helmet|[from] move: Knock Off|[of] p2a: Samurott
|
|upkeep
|turn|2
|
|t:|1743801482
|switch|p2a: Landorus|Landorus-Therian, M|100/100
|-ability|p2a: Landorus|Intimidate|boost
|-unboost|p1a: Cobalion|atk|1
|move|p1a: Cobalion|Stealth Rock|p2a: Landorus
|-sidestart|p2: Meeses Gangeeses|move: Stealth Rock
|
|upkeep
|turn|3
|j| ASilentKingambitX
|
|t:|1743801505
|switch|p1a: Ogerpon|Ogerpon-Wellspring, F|100/100
|move|p2a: Landorus|U-turn|p1a: Ogerpon
|-supereffective|p1a: Ogerpon
|-damage|p1a: Ogerpon|44/100
|
|t:|1743801508
|switch|p2a: Iron Moth|Iron Moth|100/100|[from] U-turn
|-damage|p2a: Iron Moth|76/100|[from] Stealth Rock
|-enditem|p2a: Iron Moth|Booster Energy
|-activate|p2a: Iron Moth|ability: Quark Drive|[fromitem]
|-start|p2a: Iron Moth|quarkdrivespe
|
|upkeep
|turn|4
|
|t:|1743801517
|switch|p1a: Ting-Lu|Ting-Lu|100/100
|-ability|p1a: Ting-Lu|Vessel of Ruin
|move|p2a: Iron Moth|Fiery Dance|p1a: Ting-Lu
|-damage|p1a: Ting-Lu|84/100
|
|-heal|p1a: Ting-Lu|90/100|[from] item: Leftovers
|upkeep
|turn|5
|
|t:|1743801527
|-end|p2a: Iron Moth|Quark Drive|[silent]
|switch|p2a: Landorus|Landorus-Therian, M|100/100
|-damage|p2a: Landorus|88/100|[from] Stealth Rock
|-ability|p2a: Landorus|Intimidate|boost
|-unboost|p1a: Ting-Lu|atk|1
|move|p1a: Ting-Lu|Earthquake|p2a: Landorus
|-immune|p2a: Landorus
|
|-heal|p1a: Ting-Lu|97/100|[from] item: Leftovers
|upkeep
|turn|6
|
|t:|1743801538
|move|p2a: Landorus|U-turn|p1a: Ting-Lu
|-supereffective|p1a: Ting-Lu
|-damage|p1a: Ting-Lu|73/100
|
|t:|1743801540
|switch|p2a: Samurott|Samurott-Hisui, F|84/100|[from] U-turn
|-damage|p2a: Samurott|72/100|[from] Stealth Rock
|move|p1a: Ting-Lu|Spikes|p2a: Samurott
|-sidestart|p2: Meeses Gangeeses|Spikes
|
|-heal|p1a: Ting-Lu|79/100|[from] item: Leftovers
|upkeep
|turn|7
|
|t:|1743801554
|switch|p1a: Cobalion|Cobalion|85/100
|move|p2a: Samurott|Ceaseless Edge|p1a: Cobalion
|-resisted|p1a: Cobalion
|-damage|p1a: Cobalion|69/100
|-ability|p1a: Cobalion|Justified|boost
|-boost|p1a: Cobalion|atk|1
|-sidestart|p1: Billygunter|Spikes
|
|upkeep
|turn|8
|
|t:|1743801570
|switch|p1a: Iron Treads|Iron Treads|100/100
|-item|p1a: Iron Treads|Air Balloon
|switch|p2a: Landorus|Landorus-Therian, M|88/100
|-damage|p2a: Landorus|76/100|[from] Stealth Rock
|-ability|p2a: Landorus|Intimidate|boost
|-unboost|p1a: Iron Treads|atk|1
|
|upkeep
|turn|9
|
|t:|1743801580
|move|p1a: Iron Treads|Ice Spinner|p2a: Landorus
|-supereffective|p2a: Landorus
|-damage|p2a: Landorus|7/100
|-damage|p1a: Iron Treads|84/100|[from] item: Rocky Helmet|[of] p2a: Landorus
|move|p2a: Landorus|U-turn|p1a: Iron Treads
|-resisted|p1a: Iron Treads
|-damage|p1a: Iron Treads|74/100
|-enditem|p1a: Iron Treads|Air Balloon
|
|t:|1743801584
|switch|p2a: Iron Moth|Iron Moth|76/100|[from] U-turn
|-damage|p2a: Iron Moth|51/100|[from] Stealth Rock
|-damage|p2a: Iron Moth|38/100|[from] Spikes
|
|upkeep
|turn|10
|
|t:|1743801596
|-end|p1a: Iron Treads|Quark Drive|[silent]
|switch|p1a: Ting-Lu|Ting-Lu|79/100
|-damage|p1a: Ting-Lu|67/100|[from] Spikes
|-ability|p1a: Ting-Lu|Vessel of Ruin
|move|p2a: Iron Moth|Fiery Dance|p1a: Ting-Lu
|-damage|p1a: Ting-Lu|50/100
|-boost|p2a: Iron Moth|spa|1
|
|-heal|p1a: Ting-Lu|56/100|[from] item: Leftovers
|upkeep
|turn|11
|
|t:|1743801618
|move|p2a: Iron Moth|Fiery Dance|p1a: Ting-Lu
|-damage|p1a: Ting-Lu|33/100
|move|p1a: Ting-Lu|Earthquake|p2a: Iron Moth
|-supereffective|p2a: Iron Moth
|-damage|p2a: Iron Moth|0 fnt
|faint|p2a: Iron Moth
|-end|p2a: Iron Moth|Quark Drive|[silent]
|
|-heal|p1a: Ting-Lu|40/100|[from] item: Leftovers
|upkeep
|
|t:|1743801622
|switch|p2a: Samurott|Samurott-Hisui, F|72/100
|-damage|p2a: Samurott|59/100|[from] Stealth Rock
|-damage|p2a: Samurott|47/100|[from] Spikes
|turn|12
|j| WPP2025
|
|t:|1743801637
|switch|p1a: Cobalion|Cobalion|69/100
|-damage|p1a: Cobalion|57/100|[from] Spikes
|move|p2a: Samurott|Ceaseless Edge|p1a: Cobalion
|-resisted|p1a: Cobalion
|-damage|p1a: Cobalion|42/100
|-ability|p1a: Cobalion|Justified|boost
|-boost|p1a: Cobalion|atk|1
|-sidestart|p1: Billygunter|Spikes
|
|upkeep
|turn|13
|
|t:|1743801649
|switch|p2a: Landorus|Landorus-Therian, M|7/100
|-damage|p2a: Landorus|0 fnt|[from] Stealth Rock
|faint|p2a: Landorus
|move|p1a: Cobalion|Body Press|p2: Landorus|[notarget]
|-fail|p1a: Cobalion
|
|upkeep
|l| WPP2025
|
|t:|1743801663
|switch|p2a: Iron Valiant|Iron Valiant|100/100
|-damage|p2a: Iron Valiant|94/100|[from] Stealth Rock
|-damage|p2a: Iron Valiant|82/100|[from] Spikes
|-enditem|p2a: Iron Valiant|Booster Energy
|-activate|p2a: Iron Valiant|ability: Quark Drive|[fromitem]
|-start|p2a: Iron Valiant|quarkdrivespe
|turn|14
|
|t:|1743801672
|switch|p1a: Pecharunt|Pecharunt|100/100
|-item|p1a: Pecharunt|Air Balloon
|-terastallize|p2a: Iron Valiant|Electric
|move|p2a: Iron Valiant|Calm Mind|p2a: Iron Valiant
|-boost|p2a: Iron Valiant|spa|1
|-boost|p2a: Iron Valiant|spd|1
|
|upkeep
|turn|15
|
|t:|1743801683
|move|p2a: Iron Valiant|Calm Mind|p2a: Iron Valiant
|-boost|p2a: Iron Valiant|spa|1
|-boost|p2a: Iron Valiant|spd|1
|move|p1a: Pecharunt|Malignant Chain|p2a: Iron Valiant
|-damage|p2a: Iron Valiant|55/100
|
|upkeep
|turn|16
|
|t:|1743801689
|move|p2a: Iron Valiant|Thunderbolt|p1a: Pecharunt
|-damage|p1a: Pecharunt|15/100
|-enditem|p1a: Pecharunt|Air Balloon
|move|p1a: Pecharunt|Malignant Chain|p2a: Iron Valiant
|-damage|p2a: Iron Valiant|27/100
|-status|p2a: Iron Valiant|tox
|-start|p2a: Iron Valiant|confusion|[from] ability: Poison Puppeteer|[of] p1a: Pecharunt
|
|-damage|p2a: Iron Valiant|21/100 tox|[from] psn
|upkeep
|turn|17
|
|t:|1743801700
|-activate|p2a: Iron Valiant|confusion
|move|p2a: Iron Valiant|Moonblast|p1a: Pecharunt
|-resisted|p1a: Pecharunt
|-damage|p1a: Pecharunt|0 fnt
|faint|p1a: Pecharunt
|
|-damage|p2a: Iron Valiant|8/100 tox|[from] psn
|upkeep
|
|t:|1743801716
|switch|p1a: Ting-Lu|Ting-Lu|40/100
|-damage|p1a: Ting-Lu|23/100|[from] Spikes
|-ability|p1a: Ting-Lu|Vessel of Ruin
|turn|18
|
|t:|1743801722
|-end|p2a: Iron Valiant|confusion
|move|p2a: Iron Valiant|Moonblast|p1a: Ting-Lu
|-supereffective|p1a: Ting-Lu
|-crit|p1a: Ting-Lu
|-damage|p1a: Ting-Lu|0 fnt
|faint|p1a: Ting-Lu
|
|-damage|p2a: Iron Valiant|0 fnt|[from] psn
|faint|p2a: Iron Valiant
|-end|p2a: Iron Valiant|Quark Drive|[silent]
|upkeep
|
|t:|1743801734
|switch|p2a: Samurott|Samurott-Hisui, F|47/100
|switch|p1a: Dragapult|Dragapult, F|100/100
|-damage|p1a: Dragapult|84/100|[from] Spikes
|-damage|p2a: Samurott|34/100|[from] Stealth Rock
|-damage|p2a: Samurott|22/100|[from] Spikes
|turn|19
|
|t:|1743801749
|move|p1a: Dragapult|U-turn|p2a: Samurott
|-supereffective|p2a: Samurott
|-damage|p2a: Samurott|0 fnt
|faint|p2a: Samurott
|
|t:|1743801760
|switch|p1a: Iron Treads|Iron Treads|74/100|[from] U-turn
|-damage|p1a: Iron Treads|58/100|[from] Spikes
|
|upkeep
|
|t:|1743801763
|switch|p2a: Zamazenta|Zamazenta|100/100
|-damage|p2a: Zamazenta|94/100|[from] Stealth Rock
|-damage|p2a: Zamazenta|82/100|[from] Spikes
|-ability|p2a: Zamazenta|Dauntless Shield|boost
|-boost|p2a: Zamazenta|def|1
|turn|20
|
|t:|1743801778
|-terastallize|p1a: Iron Treads|Flying
|move|p2a: Zamazenta|Body Press|p1a: Iron Treads
|-resisted|p1a: Iron Treads
|-damage|p1a: Iron Treads|37/100
|move|p1a: Iron Treads|Rapid Spin|p2a: Zamazenta
|-damage|p2a: Zamazenta|73/100
|-boost|p1a: Iron Treads|spe|1
|-sideend|p1: Billygunter|Spikes|[from] move: Rapid Spin|[of] p1a: Iron Treads
|
|-heal|p2a: Zamazenta|79/100|[from] item: Leftovers
|upkeep
|turn|21
|
|t:|1743801790
|move|p1a: Iron Treads|Knock Off|p2a: Zamazenta
|-resisted|p2a: Zamazenta
|-damage|p2a: Zamazenta|71/100
|-enditem|p2a: Zamazenta|Leftovers|[from] move: Knock Off|[of] p1a: Iron Treads
|move|p2a: Zamazenta|Crunch|p1a: Iron Treads
|-damage|p1a: Iron Treads|16/100
|-unboost|p1a: Iron Treads|def|1
|
|upkeep
|turn|22
|
|t:|1743801799
|move|p1a: Iron Treads|Earthquake|p2a: Zamazenta
|-damage|p2a: Zamazenta|46/100
|move|p2a: Zamazenta|Crunch|p1a: Iron Treads
|-damage|p1a: Iron Treads|0 fnt
|faint|p1a: Iron Treads
|-end|p1a: Iron Treads|Quark Drive|[silent]
|
|upkeep
|
|t:|1743801809
|switch|p1a: Dragapult|Dragapult, F|84/100
|turn|23
|
|t:|1743801814
|move|p1a: Dragapult|Shadow Ball|p2a: Zamazenta
|-damage|p2a: Zamazenta|4/100
|-unboost|p2a: Zamazenta|spd|1
|move|p2a: Zamazenta|Crunch|p1a: Dragapult
|-supereffective|p1a: Dragapult
|-damage|p1a: Dragapult|18/100
|-unboost|p1a: Dragapult|def|1
|
|upkeep
|turn|24
|
|t:|1743801823
|move|p1a: Dragapult|Shadow Ball|p2a: Zamazenta
|-damage|p2a: Zamazenta|0 fnt
|faint|p2a: Zamazenta
|
|upkeep
|
|t:|1743801825
|switch|p2a: Kingambit|Kingambit, F|100/100
|-damage|p2a: Kingambit|94/100|[from] Stealth Rock
|-damage|p2a: Kingambit|82/100|[from] Spikes
|-activate|p2a: Kingambit|ability: Supreme Overlord
|-start|p2a: Kingambit|fallen5|[silent]
|turn|25
|
|t:|1743801833
|move|p1a: Dragapult|Shadow Ball|p2a: Kingambit
|-resisted|p2a: Kingambit
|-damage|p2a: Kingambit|58/100
|move|p2a: Kingambit|Swords Dance|p2a: Kingambit
|-boost|p2a: Kingambit|atk|2
|
|-heal|p2a: Kingambit|64/100|[from] item: Leftovers
|upkeep
|turn|26
|
|t:|1743801844
|move|p1a: Dragapult|Shadow Ball|p2a: Kingambit
|-resisted|p2a: Kingambit
|-damage|p2a: Kingambit|39/100
|move|p2a: Kingambit|Swords Dance|p2a: Kingambit
|-boost|p2a: Kingambit|atk|2
|
|-heal|p2a: Kingambit|46/100|[from] item: Leftovers
|upkeep
|turn|27
|
|t:|1743801855
|switch|p1a: Ogerpon|Ogerpon-Wellspring, F|44/100
|move|p2a: Kingambit|Sucker Punch||[still]
|-fail|p2a: Kingambit
|
|-heal|p2a: Kingambit|52/100|[from] item: Leftovers
|upkeep
|turn|28
|j| dilf huntr
|
|t:|1743801864
|move|p1a: Ogerpon|Ivy Cudgel|p2a: Kingambit|[anim] Ivy Cudgel Water
|-damage|p2a: Kingambit|4/100
|move|p2a: Kingambit|Kowtow Cleave|p1a: Ogerpon
|-damage|p1a: Ogerpon|0 fnt
|faint|p1a: Ogerpon
|
|-heal|p2a: Kingambit|10/100|[from] item: Leftovers
|upkeep
|
|t:|1743801874
|switch|p1a: Cobalion|Cobalion|42/100
|turn|29
|
|t:|1743801878
|move|p1a: Cobalion|Volt Switch|p2a: Kingambit
|-crit|p2a: Kingambit
|-damage|p2a: Kingambit|0 fnt
|faint|p2a: Kingambit
|-end|p2a: Kingambit|fallen5|[silent]
|
|win|Billygunter
|raw|Billygunter's rating: 1667 &rarr; <strong>1689</strong><br />(+22 for winning)
|raw|Meeses Gangeeses's rating: 1697 &rarr; <strong>1675</strong><br />(-22 for losing)
|l|☆Meeses Gangeeses
|player|p2|
|l| ASilentKingambitX
|l| dilf huntr
|l|☆Billygunter
|player|p1|
