|j|☆habababababa
|j|☆thesuituser
|t:|1743786923
|gametype|singles
|player|p1|habababababa|volkner|1009
|player|p2|thesuituser|102|1040
|teamsize|p1|6
|teamsize|p2|6
|gen|9
|tier|[Gen 9] OU
|rated|
|rule|HP Percentage Mod: HP is shown in percentages
|rule|Endless Battle Clause: Forcing endless battles is banned
|rule|Species Clause: Limit one of each Pokémon
|rule|OHKO Clause: OHKO moves are banned
|rule|Evasion Items Clause: Evasion items are banned
|rule|Evasion Moves Clause: Evasion moves are banned
|rule|Sleep Moves Clause: Sleep-inducing moves are banned
|clearpoke
|poke|p1|Ninetales-Alola, F|
|poke|p1|Cetitan, F|
|poke|p1|Kyurem|
|poke|p1|Delibird, M|
|poke|p1|Eiscue, M|
|poke|p1|Crabominable, F|
|poke|p2|Rotom-Wash|
|poke|p2|Gallade, M|
|poke|p2|Gholdengo|
|poke|p2|Gliscor, F|
|poke|p2|Deoxys-Speed|
|poke|p2|Serperior, M|
|teampreview
|
|t:|1743786930
|start
|switch|p1a: Ninetales|Ninetales-Alola, F|100/100
|switch|p2a: Rotom|Rotom-Wash, shiny|100/100
|-weather|Snowscape|[from] ability: Snow Warning|[of] p1a: Ninetales
|turn|1
|
|t:|1743786937
|move|p1a: Ninetales|Nasty Plot|p1a: Ninetales
|-boost|p1a: Ninetales|spa|2
|move|p2a: Rotom|Thunderbolt|p1a: Ninetales
|-damage|p1a: Ninetales|49/100
|
|-weather|Snowscape|[upkeep]
|upkeep
|turn|2
|
|t:|1743786945
|move|p1a: Ninetales|Blizzard|p2a: Rotom
|-resisted|p2a: Rotom
|-damage|p2a: Rotom|48/100
|move|p2a: Rotom|Thunderbolt|p1a: Ninetales
|-damage|p1a: Ninetales|0 fnt
|faint|p1a: Ninetales
|
|-weather|Snowscape|[upkeep]
|-heal|p2a: Rotom|54/100|[from] item: Leftovers
|upkeep
|
|t:|1743786953
|switch|p1a: Crabominable|Crabominable, F|100/100
|turn|3
|
|t:|1743786959
|move|p2a: Rotom|Will-O-Wisp|p1a: Crabominable|[miss]
|-miss|p2a: Rotom|p1a: Crabominable
|move|p1a: Crabominable|Bulk Up|p1a: Crabominable
|-boost|p1a: Crabominable|atk|1
|-boost|p1a: Crabominable|def|1
|
|-weather|Snowscape|[upkeep]
|-heal|p2a: Rotom|61/100|[from] item: Leftovers
|upkeep
|turn|4
|
|t:|1743786968
|move|p2a: Rotom|Will-O-Wisp|p1a: Crabominable
|-status|p1a: Crabominable|brn
|move|p1a: Crabominable|Thunder Punch|p2a: Rotom
|-damage|p2a: Rotom|27/100
|
|-weather|Snowscape|[upkeep]
|-heal|p2a: Rotom|33/100|[from] item: Leftovers
|-damage|p1a: Crabominable|94/100 brn|[from] brn
|upkeep
|turn|5
|
|t:|1743786979
|move|p2a: Rotom|Thunderbolt|p1a: Crabominable
|-damage|p1a: Crabominable|47/100 brn
|move|p1a: Crabominable|Thunder Punch|p2a: Rotom
|-damage|p2a: Rotom|0 fnt
|faint|p2a: Rotom
|
|-weather|Snowscape|[upkeep]
|-heal|p1a: Crabominable|53/100 brn|[from] item: Leftovers
|-damage|p1a: Crabominable|47/100 brn|[from] brn
|upkeep
|
|t:|1743786993
|switch|p2a: Gholdengo|Gholdengo|100/100
|turn|6
|
|t:|1743786998
|move|p2a: Gholdengo|Nasty Plot|p2a: Gholdengo
|-boost|p2a: Gholdengo|spa|2
|move|p1a: Crabominable|Thunder Punch|p2a: Gholdengo
|-damage|p2a: Gholdengo|70/100
|
|-weather|Snowscape|[upkeep]
|-heal|p2a: Gholdengo|76/100|[from] item: Leftovers
|-heal|p1a: Crabominable|53/100 brn|[from] item: Leftovers
|-damage|p1a: Crabominable|47/100 brn|[from] brn
|upkeep
|turn|7
|
|t:|1743787010
|move|p2a: Gholdengo|Shadow Ball|p1a: Crabominable
|-damage|p1a: Crabominable|0 fnt
|faint|p1a: Crabominable
|
|-weather|Snowscape|[upkeep]
|-heal|p2a: Gholdengo|82/100|[from] item: Leftovers
|upkeep
|
|t:|1743787037
|switch|p1a: Kyurem|Kyurem|100/100
|-ability|p1a: Kyurem|Pressure
|turn|8
|
|t:|1743787043
|move|p2a: Gholdengo|Make It Rain|p1a: Kyurem
|-supereffective|p1a: Kyurem
|-damage|p1a: Kyurem|0 fnt
|-unboost|p2a: Gholdengo|spa|1
|faint|p1a: Kyurem
|
|-weather|none
|-heal|p2a: Gholdengo|88/100|[from] item: Leftovers
|upkeep
|
|t:|1743787055
|switch|p1a: Cetitan|Cetitan, F|100/100
|turn|9
|
|t:|1743787059
|move|p2a: Gholdengo|Shadow Ball|p1a: Cetitan
|-damage|p1a: Cetitan|47/100
|move|p1a: Cetitan|High Horsepower|p2a: Gholdengo|[miss]
|-miss|p1a: Cetitan|p2a: Gholdengo
|
|-heal|p2a: Gholdengo|94/100|[from] item: Leftovers
|-heal|p1a: Cetitan|53/100|[from] item: Leftovers
|upkeep
|turn|10
|c|☆habababababa|BRUH
|
|t:|1743787069
|move|p2a: Gholdengo|Shadow Ball|p1a: Cetitan
|-damage|p1a: Cetitan|0 fnt
|faint|p1a: Cetitan
|
|-heal|p2a: Gholdengo|99/100|[from] item: Leftovers
|upkeep
|
|t:|1743787072
|switch|p1a: Eiscue|Eiscue, M|100/100
|turn|11
|
|t:|1743787079
|move|p2a: Gholdengo|Shadow Ball|p1a: Eiscue
|-damage|p1a: Eiscue|12/100
|-enditem|p1a: Eiscue|Salac Berry|[eat]
|-boost|p1a: Eiscue|spe|1|[from] item: Salac Berry
|move|p1a: Eiscue|Belly Drum||[still]
|-fail|p1a: Eiscue
|
|-heal|p2a: Gholdengo|100/100|[from] item: Leftovers
|upkeep
|turn|12
|c|☆habababababa|lucky ahhh miss
|c|☆thesuituser|True
|-message|habababababa forfeited.
|
|win|thesuituser
|raw|habababababa's rating: 1009 &rarr; <strong>1000</strong><br />(-9 for losing)
|raw|thesuituser's rating: 1040 &rarr; <strong>1071</strong><br />(+31 for winning)
|l|☆habababababa
|player|p1|
