|j|☆Jebus1989_
|j|☆DBest04
|t:|1743876193
|gametype|singles
|player|p1|Jebus1989_|ethan|1663
|player|p2|DBest04|170|1659
|teamsize|p1|6
|teamsize|p2|6
|gen|9
|tier|[Gen 9] OU
|rated|
|rule|HP Percentage Mod: HP is shown in percentages
|rule|Endless Battle Clause: Forcing endless battles is banned
|rule|Species Clause: Limit one of each Pokémon
|rule|OHKO Clause: OHKO moves are banned
|rule|Evasion Items Clause: Evasion items are banned
|rule|Evasion Moves Clause: Evasion moves are banned
|rule|Sleep Moves Clause: Sleep-inducing moves are banned
|clearpoke
|poke|p1|Hawlucha, F|
|poke|p1|Weezing-Galar, F|
|poke|p1|Kingambit, F|
|poke|p1|Frosmoth, F|
|poke|p1|Vaporeon, M|
|poke|p1|Great Tusk|
|poke|p2|Cinderace, M|
|poke|p2|Kingambit, M|
|poke|p2|Ribombee, F|
|poke|p2|Gholdengo|
|poke|p2|Empoleon, M|
|poke|p2|Serperior, F|
|teampreview
|inactive|Battle timer is ON: inactive players will automatically lose when time's up. (requested by DBest04)
|
|t:|1743876199
|start
|switch|p1a: Weezing|Weezing-Galar, F, shiny|100/100
|switch|p2a: Bumblebee|Ribombee, F, shiny|100/100
|-fieldstart|move: Misty Terrain|[from] ability: Misty Surge|[of] p1a: Weezing
|turn|1
|
|t:|1743876206
|switch|p1a: Frosmoth|Frosmoth, F|100/100
|move|p2a: Bumblebee|U-turn|p1a: Frosmoth
|-damage|p1a: Frosmoth|81/100
|
|t:|1743876209
|switch|p2a: Ace|Cinderace, M|100/100|[from] U-turn
|
|-heal|p1a: Frosmoth|87/100|[from] item: Leftovers
|upkeep
|turn|2
|
|t:|1743876213
|switch|p1a: Vaporeon|Vaporeon, M|100/100
|move|p2a: Ace|U-turn|p1a: Vaporeon
|-damage|p1a: Vaporeon|84/100
|
|t:|1743876215
|switch|p2a: Bumblebee|Ribombee, F, shiny|100/100|[from] U-turn
|
|-heal|p1a: Vaporeon|90/100|[from] item: Leftovers
|upkeep
|turn|3
|
|t:|1743876220
|switch|p1a: Frosmoth|Frosmoth, F|87/100
|move|p2a: Bumblebee|Sticky Web|p1a: Frosmoth
|-sidestart|p1: Jebus1989_|move: Sticky Web
|
|-heal|p1a: Frosmoth|93/100|[from] item: Leftovers
|upkeep
|turn|4
|
|t:|1743876223
|move|p2a: Bumblebee|Stun Spore|p1a: Frosmoth
|-activate|p1a: Frosmoth|move: Misty Terrain
|move|p1a: Frosmoth|Quiver Dance|p1a: Frosmoth
|-boost|p1a: Frosmoth|spa|1
|-boost|p1a: Frosmoth|spd|1
|-boost|p1a: Frosmoth|spe|1
|
|-heal|p1a: Frosmoth|99/100|[from] item: Leftovers
|upkeep
|turn|5
|
|t:|1743876233
|switch|p2a: Ace|Cinderace, M|100/100
|move|p1a: Frosmoth|Quiver Dance|p1a: Frosmoth
|-boost|p1a: Frosmoth|spa|1
|-boost|p1a: Frosmoth|spd|1
|-boost|p1a: Frosmoth|spe|1
|
|-heal|p1a: Frosmoth|100/100|[from] item: Leftovers
|upkeep
|turn|6
|
|t:|1743876237
|-terastallize|p1a: Frosmoth|Ground
|move|p1a: Frosmoth|Tera Blast|p2a: Ace|[anim] Tera Blast Ground
|-supereffective|p2a: Ace
|-damage|p2a: Ace|0 fnt
|faint|p2a: Ace
|
|upkeep
|
|t:|1743876253
|switch|p2a: A Man's World|Kingambit, M, shiny|100/100
|turn|7
|
|t:|1743876257
|move|p1a: Frosmoth|Substitute|p1a: Frosmoth
|-start|p1a: Frosmoth|Substitute
|-damage|p1a: Frosmoth|76/100
|move|p2a: A Man's World|Kowtow Cleave|p1a: Frosmoth
|-end|p1a: Frosmoth|Substitute
|
|-heal|p1a: Frosmoth|82/100|[from] item: Leftovers
|upkeep
|turn|8
|
|t:|1743876259
|move|p1a: Frosmoth|Tera Blast|p2a: A Man's World|[anim] Tera Blast Ground
|-supereffective|p2a: A Man's World
|-damage|p2a: A Man's World|19/100
|move|p2a: A Man's World|Kowtow Cleave|p1a: Frosmoth
|-damage|p1a: Frosmoth|2/100
|
|-heal|p1a: Frosmoth|8/100|[from] item: Leftovers
|-fieldend|Misty Terrain
|upkeep
|turn|9
|
|t:|1743876264
|move|p1a: Frosmoth|Tera Blast|p2a: A Man's World|[anim] Tera Blast Ground
|-supereffective|p2a: A Man's World
|-damage|p2a: A Man's World|0 fnt
|faint|p2a: A Man's World
|
|-heal|p1a: Frosmoth|14/100|[from] item: Leftovers
|upkeep
|
|t:|1743876267
|switch|p2a: Kingpen|Empoleon, M, shiny|100/100
|turn|10
|
|t:|1743876271
|move|p2a: Kingpen|Vacuum Wave|p1a: Frosmoth
|-damage|p1a: Frosmoth|9/100
|move|p1a: Frosmoth|Tera Blast|p2a: Kingpen|[anim] Tera Blast Ground
|-supereffective|p2a: Kingpen
|-damage|p2a: Kingpen|17/100
|
|-heal|p1a: Frosmoth|15/100|[from] item: Leftovers
|upkeep
|turn|11
|
|t:|1743876278
|switch|p2a: Lemillion|Gholdengo|100/100
|-item|p2a: Lemillion|Air Balloon
|move|p1a: Frosmoth|Tera Blast|p2a: Lemillion|[anim] Tera Blast Ground
|-immune|p2a: Lemillion
|
|-heal|p1a: Frosmoth|21/100|[from] item: Leftovers
|upkeep
|turn|12
|
|t:|1743876283
|move|p1a: Frosmoth|Quiver Dance|p1a: Frosmoth
|-boost|p1a: Frosmoth|spa|1
|-boost|p1a: Frosmoth|spd|1
|-boost|p1a: Frosmoth|spe|1
|move|p2a: Lemillion|Make It Rain|p1a: Frosmoth
|-damage|p1a: Frosmoth|4/100
|-unboost|p2a: Lemillion|spa|1
|
|-heal|p1a: Frosmoth|10/100|[from] item: Leftovers
|upkeep
|turn|13
|
|t:|1743876291
|switch|p2a: Kingpen|Empoleon, M, shiny|17/100
|move|p1a: Frosmoth|Ice Beam|p2a: Kingpen
|-resisted|p2a: Kingpen
|-damage|p2a: Kingpen|1/100
|
|-heal|p1a: Frosmoth|15/100|[from] item: Leftovers
|upkeep
|turn|14
|
|t:|1743876296
|move|p1a: Frosmoth|Tera Blast|p2a: Kingpen|[anim] Tera Blast Ground
|-supereffective|p2a: Kingpen
|-damage|p2a: Kingpen|0 fnt
|faint|p2a: Kingpen
|
|-heal|p1a: Frosmoth|21/100|[from] item: Leftovers
|upkeep
|
|t:|1743876301
|switch|p2a: Bumblebee|Ribombee, F, shiny|100/100
|turn|15
|
|t:|1743876320
|move|p1a: Frosmoth|Ice Beam|p2a: Bumblebee
|-enditem|p2a: Bumblebee|Focus Sash
|-damage|p2a: Bumblebee|1/100
|move|p2a: Bumblebee|Stun Spore|p1a: Frosmoth|[miss]
|-miss|p2a: Bumblebee|p1a: Frosmoth
|
|-heal|p1a: Frosmoth|27/100|[from] item: Leftovers
|upkeep
|turn|16
|
|t:|1743876326
|move|p1a: Frosmoth|Ice Beam|p2a: Bumblebee
|-damage|p2a: Bumblebee|0 fnt
|faint|p2a: Bumblebee
|
|-heal|p1a: Frosmoth|33/100|[from] item: Leftovers
|upkeep
|
|t:|1743876332
|switch|p2a: Lemillion|Gholdengo|100/100
|-item|p2a: Lemillion|Air Balloon
|turn|17
|
|t:|1743876336
|move|p1a: Frosmoth|Ice Beam|p2a: Lemillion
|-resisted|p2a: Lemillion
|-damage|p2a: Lemillion|52/100
|-enditem|p2a: Lemillion|Air Balloon
|move|p2a: Lemillion|Nasty Plot|p2a: Lemillion
|-boost|p2a: Lemillion|spa|2
|
|-heal|p1a: Frosmoth|39/100|[from] item: Leftovers
|upkeep
|turn|18
|
|t:|1743876343
|-terastallize|p2a: Lemillion|Fairy
|move|p1a: Frosmoth|Tera Blast|p2a: Lemillion|[anim] Tera Blast Ground
|-damage|p2a: Lemillion|0 fnt
|faint|p2a: Lemillion
|
|-heal|p1a: Frosmoth|45/100|[from] item: Leftovers
|upkeep
|
|t:|1743876347
|switch|p2a: Leviathan|Serperior, F, shiny|100/100
|turn|19
|
|t:|1743876349
|move|p1a: Frosmoth|Substitute|p1a: Frosmoth
|-start|p1a: Frosmoth|Substitute
|-damage|p1a: Frosmoth|20/100
|move|p2a: Leviathan|Glare||[still]
|-fail|p2a: Leviathan
|
|-heal|p1a: Frosmoth|26/100|[from] item: Leftovers
|upkeep
|turn|20
|-message|DBest04 forfeited.
|
|win|Jebus1989_
|raw|Jebus1989_'s rating: 1663 &rarr; <strong>1683</strong><br />(+20 for winning)
|raw|DBest04's rating: 1659 &rarr; <strong>1639</strong><br />(-20 for losing)
|l|☆DBest04
|player|p2|
|l|☆Jebus1989_
|player|p1|
