|j|☆Rocktar Made
|j|☆salgaiii404
|t:|1743832216
|gametype|singles
|player|p1|Rocktar Made|lass-gen4dp|1696
|player|p2|salgaiii404|lady|1686
|teamsize|p1|6
|teamsize|p2|6
|gen|9
|tier|[Gen 9] OU
|rated|
|rule|HP Percentage Mod: HP is shown in percentages
|rule|Endless Battle Clause: Forcing endless battles is banned
|rule|Species Clause: Limit one of each Pokémon
|rule|OHKO Clause: OHKO moves are banned
|rule|Evasion Items Clause: Evasion items are banned
|rule|Evasion Moves Clause: Evasion moves are banned
|rule|Sleep Moves Clause: Sleep-inducing moves are banned
|clearpoke
|poke|p1|Weezing-Galar, M|
|poke|p1|Alomomola, M|
|poke|p1|Enamorus, F|
|poke|p1|Iron Treads|
|poke|p1|Dragapult, M|
|poke|p1|Zamazenta-*|
|poke|p2|Tauros-Paldea-Blaze, M|
|poke|p2|Kingambit, M|
|poke|p2|Ting-Lu|
|poke|p2|Pecharunt|
|poke|p2|Ogerpon-Wellspring, F|
|poke|p2|Great Tusk|
|teampreview
|inactive|Battle timer is ON: inactive players will automatically lose when time's up. (requested by Rocktar Made)
|inactive|salgaiii404 also wants the timer to be on.
|
|t:|1743832221
|start
|switch|p1a: Dragapult|Dragapult, M|100/100
|switch|p2a: Ting-Lu|Ting-Lu|100/100
|-ability|p2a: Ting-Lu|Vessel of Ruin
|turn|1
|
|t:|1743832223
|move|p1a: Dragapult|Will-O-Wisp|p2a: Ting-Lu|[miss]
|-miss|p1a: Dragapult|p2a: Ting-Lu
|move|p2a: Ting-Lu|Stealth Rock|p1a: Dragapult
|-sidestart|p1: Rocktar Made|move: Stealth Rock
|
|upkeep
|turn|2
|
|t:|1743832231
|switch|p1a: Alomomola|Alomomola, M|100/100
|-damage|p1a: Alomomola|88/100|[from] Stealth Rock
|move|p2a: Ting-Lu|Ruination|p1a: Alomomola
|-damage|p1a: Alomomola|44/100
|
|upkeep
|turn|3
|
|t:|1743832241
|switch|p1a: Dragapult|Dragapult, M|100/100
|-damage|p1a: Dragapult|88/100|[from] Stealth Rock
|move|p2a: Ting-Lu|Ruination|p1a: Dragapult
|-damage|p1a: Dragapult|44/100
|
|upkeep
|turn|4
|
|t:|1743832250
|move|p1a: Dragapult|Will-O-Wisp|p2a: Ting-Lu
|-status|p2a: Ting-Lu|brn
|move|p2a: Ting-Lu|Earthquake|p1a: Dragapult
|-damage|p1a: Dragapult|21/100
|
|-damage|p2a: Ting-Lu|94/100 brn|[from] brn
|upkeep
|turn|5
|
|t:|1743832258
|switch|p1a: Weezing|Weezing-Galar, M|100/100
|-ability|p1a: Weezing|Neutralizing Gas
|-damage|p1a: Weezing|88/100|[from] Stealth Rock
|move|p2a: Ting-Lu|Ruination|p1a: Weezing
|-damage|p1a: Weezing|45/100
|
|-heal|p1a: Weezing|50/100|[from] item: Leftovers
|-heal|p2a: Ting-Lu|100/100 brn|[from] item: Leftovers
|-damage|p2a: Ting-Lu|94/100 brn|[from] brn
|upkeep
|turn|6
|
|t:|1743832268
|move|p1a: Weezing|Pain Split|p2a: Ting-Lu
|-sethp|p2a: Ting-Lu|64/100 brn|[from] move: Pain Split|[silent]
|-sethp|p1a: Weezing|97/100|[from] move: Pain Split
|move|p2a: Ting-Lu|Ruination|p1a: Weezing
|-damage|p1a: Weezing|49/100
|
|-heal|p1a: Weezing|55/100|[from] item: Leftovers
|-heal|p2a: Ting-Lu|70/100 brn|[from] item: Leftovers
|-damage|p2a: Ting-Lu|64/100 brn|[from] brn
|upkeep
|turn|7
|
|t:|1743832278
|move|p1a: Weezing|Defog|p2a: Ting-Lu
|-unboost|p2a: Ting-Lu|evasion|1
|-sideend|p1: Rocktar Made|Stealth Rock|[from] move: Defog|[of] p1a: Weezing
|move|p2a: Ting-Lu|Ruination|p1a: Weezing
|-damage|p1a: Weezing|28/100
|
|-heal|p1a: Weezing|34/100|[from] item: Leftovers
|-heal|p2a: Ting-Lu|70/100 brn|[from] item: Leftovers
|-damage|p2a: Ting-Lu|64/100 brn|[from] brn
|upkeep
|turn|8
|
|t:|1743832287
|move|p1a: Weezing|Pain Split|p2a: Ting-Lu
|-sethp|p2a: Ting-Lu|43/100 brn|[from] move: Pain Split|[silent]
|-sethp|p1a: Weezing|65/100|[from] move: Pain Split
|move|p2a: Ting-Lu|Stealth Rock|p1a: Weezing
|-sidestart|p1: Rocktar Made|move: Stealth Rock
|
|-heal|p1a: Weezing|71/100|[from] item: Leftovers
|-heal|p2a: Ting-Lu|49/100 brn|[from] item: Leftovers
|-damage|p2a: Ting-Lu|43/100 brn|[from] brn
|upkeep
|turn|9
|
|t:|1743832292
|move|p1a: Weezing|Defog|p2a: Ting-Lu
|-unboost|p2a: Ting-Lu|evasion|1
|-sideend|p1: Rocktar Made|Stealth Rock|[from] move: Defog|[of] p1a: Weezing
|move|p2a: Ting-Lu|Ruination|p1a: Weezing
|-damage|p1a: Weezing|36/100
|
|-heal|p1a: Weezing|42/100|[from] item: Leftovers
|-heal|p2a: Ting-Lu|49/100 brn|[from] item: Leftovers
|-damage|p2a: Ting-Lu|43/100 brn|[from] brn
|upkeep
|turn|10
|
|t:|1743832302
|move|p1a: Weezing|Strange Steam|p2a: Ting-Lu
|-supereffective|p2a: Ting-Lu
|-damage|p2a: Ting-Lu|13/100 brn
|move|p2a: Ting-Lu|Stealth Rock|p1a: Weezing
|-sidestart|p1: Rocktar Made|move: Stealth Rock
|
|-heal|p1a: Weezing|48/100|[from] item: Leftovers
|-heal|p2a: Ting-Lu|19/100 brn|[from] item: Leftovers
|-damage|p2a: Ting-Lu|13/100 brn|[from] brn
|upkeep
|turn|11
|
|t:|1743832312
|move|p1a: Weezing|Defog|p2a: Ting-Lu
|-unboost|p2a: Ting-Lu|evasion|1
|-sideend|p1: Rocktar Made|Stealth Rock|[from] move: Defog|[of] p1a: Weezing
|move|p2a: Ting-Lu|Earthquake|p1a: Weezing
|-supereffective|p1a: Weezing
|-damage|p1a: Weezing|24/100
|
|-heal|p1a: Weezing|30/100|[from] item: Leftovers
|-heal|p2a: Ting-Lu|19/100 brn|[from] item: Leftovers
|-damage|p2a: Ting-Lu|13/100 brn|[from] brn
|upkeep
|turn|12
|
|t:|1743832316
|move|p1a: Weezing|Strange Steam|p2a: Ting-Lu
|-supereffective|p2a: Ting-Lu
|-damage|p2a: Ting-Lu|0 fnt
|faint|p2a: Ting-Lu
|
|-heal|p1a: Weezing|36/100|[from] item: Leftovers
|upkeep
|
|t:|1743832317
|switch|p2a: Ogerpon|Ogerpon-Wellspring, F|100/100
|turn|13
|
|t:|1743832322
|move|p2a: Ogerpon|Ivy Cudgel|p1a: Weezing|[anim] Ivy Cudgel Water
|-crit|p1a: Weezing
|-damage|p1a: Weezing|0 fnt
|faint|p1a: Weezing
|-end|p1a: Weezing|ability: Neutralizing Gas
|
|upkeep
|
|t:|1743832326
|switch|p1a: Dragapult|Dragapult, M|21/100
|turn|14
|
|t:|1743832329
|switch|p2a: Pecharunt|Pecharunt|100/100
|move|p1a: Dragapult|U-turn|p2a: Pecharunt
|-resisted|p2a: Pecharunt
|-damage|p2a: Pecharunt|99/100
|
|t:|1743832332
|switch|p1a: Iron Treads|Iron Treads|100/100|[from] U-turn
|
|upkeep
|turn|15
|
|t:|1743832336
|move|p1a: Iron Treads|Knock Off|p2a: Pecharunt
|-supereffective|p2a: Pecharunt
|-damage|p2a: Pecharunt|76/100
|-enditem|p2a: Pecharunt|Heavy-Duty Boots|[from] move: Knock Off|[of] p1a: Iron Treads
|move|p2a: Pecharunt|Malignant Chain|p1a: Iron Treads
|-immune|p1a: Iron Treads
|
|upkeep
|turn|16
|
|t:|1743832347
|move|p1a: Iron Treads|Stealth Rock|p2a: Pecharunt
|-sidestart|p2: salgaiii404|move: Stealth Rock
|move|p2a: Pecharunt|Recover|p2a: Pecharunt
|-heal|p2a: Pecharunt|100/100
|
|upkeep
|turn|17
|
|t:|1743832352
|-end|p1a: Iron Treads|Quark Drive|[silent]
|switch|p1a: Dragapult|Dragapult, M|21/100
|move|p2a: Pecharunt|Malignant Chain|p1a: Dragapult
|-resisted|p1a: Dragapult
|-damage|p1a: Dragapult|0 fnt
|faint|p1a: Dragapult
|
|upkeep
|
|t:|1743832354
|switch|p1a: Enamorus|Enamorus, F|100/100
|turn|18
|
|t:|1743832360
|move|p1a: Enamorus|Earth Power|p2a: Pecharunt
|-supereffective|p2a: Pecharunt
|-damage|p2a: Pecharunt|33/100
|move|p2a: Pecharunt|Malignant Chain|p1a: Enamorus
|-supereffective|p1a: Enamorus
|-crit|p1a: Enamorus
|-damage|p1a: Enamorus|0 fnt
|faint|p1a: Enamorus
|
|upkeep
|
|t:|1743832366
|switch|p1a: Zamazenta|Zamazenta|100/100
|-ability|p1a: Zamazenta|Dauntless Shield|boost
|-boost|p1a: Zamazenta|def|1
|turn|19
|
|t:|1743832367
|move|p1a: Zamazenta|Crunch|p2a: Pecharunt
|-supereffective|p2a: Pecharunt
|-damage|p2a: Pecharunt|3/100
|-damage|p1a: Zamazenta|91/100|[from] item: Life Orb
|move|p2a: Pecharunt|Recover|p2a: Pecharunt
|-heal|p2a: Pecharunt|53/100
|
|upkeep
|turn|20
|
|t:|1743832371
|switch|p1a: Iron Treads|Iron Treads|100/100
|move|p2a: Pecharunt|Recover|p2a: Pecharunt
|-heal|p2a: Pecharunt|100/100
|
|upkeep
|turn|21
|
|t:|1743832372
|move|p1a: Iron Treads|Earthquake|p2a: Pecharunt
|-supereffective|p2a: Pecharunt
|-damage|p2a: Pecharunt|64/100
|move|p2a: Pecharunt|Parting Shot|p1a: Iron Treads
|-unboost|p1a: Iron Treads|atk|1
|-unboost|p1a: Iron Treads|spa|1
|
|t:|1743832375
|switch|p2a: Great Tusk|Great Tusk|100/100|[from] Parting Shot
|
|upkeep
|turn|22
|
|t:|1743832379
|-end|p1a: Iron Treads|Quark Drive|[silent]
|switch|p1a: Alomomola|Alomomola, M|78/100
|move|p2a: Great Tusk|Rapid Spin|p1a: Alomomola
|-damage|p1a: Alomomola|66/100
|-boost|p2a: Great Tusk|spe|1
|-sideend|p2: salgaiii404|Stealth Rock|[from] move: Rapid Spin|[of] p2a: Great Tusk
|
|upkeep
|turn|23
|
|t:|1743832389
|-end|p2a: Great Tusk|Protosynthesis|[silent]
|switch|p2a: Ogerpon|Ogerpon-Wellspring, F|100/100
|switch|p1a: Zamazenta|Zamazenta|91/100
|
|upkeep
|turn|24
|
|t:|1743832393
|switch|p2a: Pecharunt|Pecharunt|64/100
|move|p1a: Zamazenta|Crunch|p2a: Pecharunt
|-supereffective|p2a: Pecharunt
|-damage|p2a: Pecharunt|33/100
|-unboost|p2a: Pecharunt|def|1
|-damage|p1a: Zamazenta|81/100|[from] item: Life Orb
|
|upkeep
|turn|25
|
|t:|1743832395
|switch|p2a: Tauros|Tauros-Paldea-Blaze, M|100/100
|-ability|p2a: Tauros|Intimidate|boost
|-unboost|p1a: Zamazenta|atk|1
|move|p1a: Zamazenta|Crunch|p2a: Tauros
|-resisted|p2a: Tauros
|-damage|p2a: Tauros|87/100
|-damage|p1a: Zamazenta|71/100|[from] item: Life Orb
|
|upkeep
|turn|26
|
|t:|1743832399
|switch|p1a: Alomomola|Alomomola, M|99/100
|move|p2a: Tauros|Close Combat|p1a: Alomomola
|-damage|p1a: Alomomola|45/100
|-unboost|p2a: Tauros|def|1
|-unboost|p2a: Tauros|spd|1
|
|upkeep
|turn|27
|
|t:|1743832411
|-terastallize|p1a: Alomomola|Fairy
|move|p2a: Tauros|Close Combat|p1a: Alomomola
|-resisted|p1a: Alomomola
|-damage|p1a: Alomomola|20/100
|-unboost|p2a: Tauros|def|1
|-unboost|p2a: Tauros|spd|1
|move|p1a: Alomomola|Flip Turn|p2a: Tauros
|-supereffective|p2a: Tauros
|-damage|p2a: Tauros|15/100
|
|t:|1743832415
|switch|p1a: Zamazenta|Zamazenta|71/100|[from] Flip Turn
|
|upkeep
|turn|28
|
|t:|1743832419
|switch|p2a: Pecharunt|Pecharunt|33/100
|move|p1a: Zamazenta|Close Combat|p2a: Pecharunt
|-immune|p2a: Pecharunt
|
|upkeep
|turn|29
|
|t:|1743832421
|move|p1a: Zamazenta|Crunch|p2a: Pecharunt
|-supereffective|p2a: Pecharunt
|-damage|p2a: Pecharunt|3/100
|-damage|p1a: Zamazenta|61/100|[from] item: Life Orb
|move|p2a: Pecharunt|Recover|p2a: Pecharunt
|-heal|p2a: Pecharunt|53/100
|
|upkeep
|turn|30
|
|t:|1743832423
|switch|p1a: Iron Treads|Iron Treads|100/100
|move|p2a: Pecharunt|Recover|p2a: Pecharunt
|-heal|p2a: Pecharunt|100/100
|
|upkeep
|turn|31
|
|t:|1743832425
|move|p1a: Iron Treads|Earthquake|p2a: Pecharunt
|-supereffective|p2a: Pecharunt
|-damage|p2a: Pecharunt|67/100
|move|p2a: Pecharunt|Parting Shot|p1a: Iron Treads
|-unboost|p1a: Iron Treads|atk|1
|-unboost|p1a: Iron Treads|spa|1
|
|t:|1743832428
|switch|p2a: Tauros|Tauros-Paldea-Blaze, M|15/100|[from] Parting Shot
|-ability|p2a: Tauros|Intimidate|boost
|-unboost|p1a: Iron Treads|atk|1
|
|upkeep
|turn|32
|
|t:|1743832433
|move|p2a: Tauros|Close Combat|p1a: Iron Treads
|-supereffective|p1a: Iron Treads
|-damage|p1a: Iron Treads|0 fnt
|-unboost|p2a: Tauros|def|1
|-unboost|p2a: Tauros|spd|1
|faint|p1a: Iron Treads
|-end|p1a: Iron Treads|Quark Drive|[silent]
|
|upkeep
|
|t:|1743832436
|switch|p1a: Zamazenta|Zamazenta|61/100
|turn|33
|
|t:|1743832438
|switch|p2a: Pecharunt|Pecharunt|67/100
|move|p1a: Zamazenta|Crunch|p2a: Pecharunt
|-supereffective|p2a: Pecharunt
|-damage|p2a: Pecharunt|33/100
|-damage|p1a: Zamazenta|51/100|[from] item: Life Orb
|
|upkeep
|turn|34
|
|t:|1743832440
|move|p1a: Zamazenta|Crunch|p2a: Pecharunt
|-supereffective|p2a: Pecharunt
|-damage|p2a: Pecharunt|3/100
|-damage|p1a: Zamazenta|41/100|[from] item: Life Orb
|move|p2a: Pecharunt|Recover|p2a: Pecharunt
|-heal|p2a: Pecharunt|53/100
|
|upkeep
|turn|35
|-message|Rocktar Made forfeited.
|
|win|salgaiii404
|raw|Rocktar Made's rating: 1696 &rarr; <strong>1675</strong><br />(-21 for losing)
|raw|salgaiii404's rating: 1686 &rarr; <strong>1707</strong><br />(+21 for winning)
|l|☆salgaiii404
|player|p2|
|l|☆Rocktar Made
|player|p1|
