|j|☆Princessjosie1001
|j|☆Muk Blaster
|t:|1743884650
|gametype|singles
|player|p1|Princessjosie1001|nurse|1198
|player|p2|Muk Blaster|101|1160
|teamsize|p1|6
|teamsize|p2|6
|gen|9
|tier|[Gen 9] OU
|rated|
|rule|HP Percentage Mod: HP is shown in percentages
|rule|Endless Battle Clause: Forcing endless battles is banned
|rule|Species Clause: Limit one of each Pokémon
|rule|OHKO Clause: OHKO moves are banned
|rule|Evasion Items Clause: Evasion items are banned
|rule|Evasion Moves Clause: Evasion moves are banned
|rule|Sleep Moves Clause: Sleep-inducing moves are banned
|clearpoke
|poke|p1|Cinderace, F|
|poke|p1|Cloyster, M|
|poke|p1|Hatterene, F|
|poke|p1|Espeon, F|
|poke|p1|Jirachi|
|poke|p1|Yanmega, F|
|poke|p2|Tinkaton, F|
|poke|p2|Ninetales, M|
|poke|p2|Gliscor, F|
|poke|p2|Latias, F|
|poke|p2|Charjabug, M|
|poke|p2|Blastoise, F|
|teampreview
|inactive|Battle timer is ON: inactive players will automatically lose when time's up. (requested by Muk Blaster)
|inactive|Muk Blaster has 120 seconds left.
|
|t:|1743884701
|start
|switch|p1a: Jirachi|Jirachi|100/100
|switch|p2a: Ninetales|Ninetales, M, shiny|100/100
|turn|1
|
|t:|1743884716
|move|p1a: Jirachi|Body Slam|p2a: Ninetales
|-damage|p2a: Ninetales|56/100
|-status|p2a: Ninetales|par
|cant|p2a: Ninetales|par
|
|upkeep
|turn|2
|
|t:|1743884723
|switch|p1a: No hazard allowed|Espeon, F|100/100
|cant|p2a: Ninetales|par
|
|upkeep
|turn|3
|
|t:|1743884728
|move|p1a: No hazard allowed|Trick|p2a: Ninetales
|-activate|p1a: No hazard allowed|move: Trick|[of] p2a: Ninetales
|-item|p2a: Ninetales|Choice Scarf|[from] move: Trick
|-item|p1a: No hazard allowed|Heavy-Duty Boots|[from] move: Trick
|move|p2a: Ninetales|Encore|p1a: No hazard allowed
|move|p1a: No hazard allowed|Encore||[from] ability: Magic Bounce|[still]
|-fail|p1a: No hazard allowed
|
|upkeep
|turn|4
|
|t:|1743884740
|switch|p2a: Charjabug|Charjabug, M, shiny|100/100
|move|p1a: No hazard allowed|Trick|p2a: Charjabug
|-activate|p1a: No hazard allowed|move: Trick|[of] p2a: Charjabug
|-item|p2a: Charjabug|Heavy-Duty Boots|[from] move: Trick
|-item|p1a: No hazard allowed|Eviolite|[from] move: Trick
|
|upkeep
|turn|5
|
|t:|1743884748
|move|p1a: No hazard allowed|Psychic|p2a: Charjabug
|-damage|p2a: Charjabug|44/100
|move|p2a: Charjabug|Skitter Smack|p1a: No hazard allowed|[miss]
|-miss|p2a: Charjabug|p1a: No hazard allowed
|
|upkeep
|turn|6
|
|t:|1743884754
|move|p1a: No hazard allowed|Psychic|p2a: Charjabug
|-damage|p2a: Charjabug|0 fnt
|faint|p2a: Charjabug
|
|upkeep
|
|t:|1743884760
|switch|p2a: Tinkaton|Tinkaton, F|100/100
|turn|7
|
|t:|1743884765
|move|p1a: No hazard allowed|Thunder Wave|p2a: Tinkaton
|-status|p2a: Tinkaton|par
|cant|p2a: Tinkaton|par
|
|upkeep
|turn|8
|
|t:|1743884771
|move|p1a: No hazard allowed|Shadow Ball|p2a: Tinkaton
|-damage|p2a: Tinkaton|68/100 par
|-unboost|p2a: Tinkaton|spd|1
|move|p2a: Tinkaton|Gigaton Hammer|p1a: No hazard allowed
|-damage|p1a: No hazard allowed|0 fnt
|faint|p1a: No hazard allowed
|
|upkeep
|
|t:|1743884781
|switch|p1a: Cloyster|Cloyster, M|100/100
|turn|9
|
|t:|1743884786
|switch|p2a: Ninetales|Ninetales, M, shiny|56/100 par
|move|p1a: Cloyster|Shell Smash|p1a: Cloyster
|-unboost|p1a: Cloyster|def|1
|-unboost|p1a: Cloyster|spd|1
|-boost|p1a: Cloyster|atk|2
|-boost|p1a: Cloyster|spa|2
|-boost|p1a: Cloyster|spe|2
|
|upkeep
|turn|10
|
|t:|1743884794
|move|p1a: Cloyster|Icicle Spear|p2a: Ninetales
|-resisted|p2a: Ninetales
|-damage|p2a: Ninetales|40/100 par
|-resisted|p2a: Ninetales
|-damage|p2a: Ninetales|22/100 par
|-resisted|p2a: Ninetales
|-crit|p2a: Ninetales
|-damage|p2a: Ninetales|0 fnt
|faint|p2a: Ninetales
|-hitcount|p2: Ninetales|3
|
|upkeep
|
|t:|1743884808
|switch|p2a: Tinkaton|Tinkaton, F|68/100 par
|turn|11
|
|t:|1743884814
|move|p1a: Cloyster|Icicle Spear|p2a: Tinkaton
|-resisted|p2a: Tinkaton
|-damage|p2a: Tinkaton|53/100 par
|-resisted|p2a: Tinkaton
|-damage|p2a: Tinkaton|37/100 par
|-resisted|p2a: Tinkaton
|-damage|p2a: Tinkaton|22/100 par
|-resisted|p2a: Tinkaton
|-damage|p2a: Tinkaton|6/100 par
|-resisted|p2a: Tinkaton
|-damage|p2a: Tinkaton|0 fnt
|faint|p2a: Tinkaton
|-hitcount|p2: Tinkaton|5
|
|upkeep
|
|t:|1743884830
|switch|p2a: Blastoise|Blastoise, F|100/100
|turn|12
|
|t:|1743884836
|move|p1a: Cloyster|Shell Smash|p1a: Cloyster
|-unboost|p1a: Cloyster|def|1
|-unboost|p1a: Cloyster|spd|1
|-boost|p1a: Cloyster|atk|2
|-boost|p1a: Cloyster|spa|2
|-boost|p1a: Cloyster|spe|2
|move|p2a: Blastoise|Body Press|p1a: Cloyster
|-supereffective|p1a: Cloyster
|-damage|p1a: Cloyster|7/100
|
|upkeep
|turn|13
|
|t:|1743884854
|-terastallize|p2a: Blastoise|Fighting
|move|p1a: Cloyster|Rock Blast|p2a: Blastoise
|-resisted|p2a: Blastoise
|-damage|p2a: Blastoise|92/100
|-resisted|p2a: Blastoise
|-damage|p2a: Blastoise|85/100
|-resisted|p2a: Blastoise
|-damage|p2a: Blastoise|77/100
|-resisted|p2a: Blastoise
|-damage|p2a: Blastoise|70/100
|-resisted|p2a: Blastoise
|-damage|p2a: Blastoise|62/100
|-hitcount|p2a: Blastoise|5
|move|p2a: Blastoise|Body Press|p1a: Cloyster
|-supereffective|p1a: Cloyster
|-crit|p1a: Cloyster
|-damage|p1a: Cloyster|0 fnt
|faint|p1a: Cloyster
|
|upkeep
|
|t:|1743884868
|switch|p1a: Yanmega|Yanmega, F|100/100
|turn|14
|
|t:|1743884872
|move|p1a: Yanmega|Air Slash|p2a: Blastoise
|-supereffective|p2a: Blastoise
|-damage|p2a: Blastoise|3/100
|-damage|p1a: Yanmega|91/100|[from] item: Life Orb
|move|p2a: Blastoise|Hydro Pump|p1a: Yanmega|[miss]
|-miss|p2a: Blastoise|p1a: Yanmega
|
|-ability|p1a: Yanmega|Speed Boost|boost
|-boost|p1a: Yanmega|spe|1
|upkeep
|turn|15
|
|t:|1743884883
|move|p1a: Yanmega|Ancient Power|p2a: Blastoise
|-resisted|p2a: Blastoise
|-damage|p2a: Blastoise|0 fnt
|faint|p2a: Blastoise
|-damage|p1a: Yanmega|81/100|[from] item: Life Orb
|
|-ability|p1a: Yanmega|Speed Boost|boost
|-boost|p1a: Yanmega|spe|1
|upkeep
|
|t:|1743884890
|switch|p2a: Gliscor|Gliscor, F|100/100
|turn|16
|
|t:|1743884895
|move|p1a: Yanmega|Air Slash|p2a: Gliscor
|-damage|p2a: Gliscor|22/100
|-damage|p1a: Yanmega|71/100|[from] item: Life Orb
|move|p2a: Gliscor|Acrobatics|p1a: Yanmega
|-supereffective|p1a: Yanmega
|-damage|p1a: Yanmega|0 fnt
|faint|p1a: Yanmega
|
|upkeep
|
|t:|1743884905
|switch|p1a: Jirachi|Jirachi|100/100
|turn|17
|
|t:|1743884909
|-terastallize|p1a: Jirachi|Steel
|move|p1a: Jirachi|Iron Head|p2a: Gliscor
|-damage|p2a: Gliscor|0 fnt
|faint|p2a: Gliscor
|
|upkeep
|
|t:|1743884915
|switch|p2a: Latias|Latias, F|100/100
|turn|18
|
|t:|1743884927
|switch|p1a: Cinderace|Cinderace, F|100/100
|move|p2a: Latias|Mist Ball|p1a: Cinderace
|-damage|p1a: Cinderace|28/100
|-unboost|p1a: Cinderace|spa|1
|
|upkeep
|turn|19
|
|t:|1743884936
|move|p1a: Cinderace|Sucker Punch||[still]
|-fail|p1a: Cinderace
|move|p2a: Latias|Calm Mind|p2a: Latias
|-boost|p2a: Latias|spa|1
|-boost|p2a: Latias|spd|1
|
|upkeep
|turn|20
|
|t:|1743884941
|switch|p1a: Hatterene|Hatterene, F|100/100
|move|p2a: Latias|Mist Ball|p1a: Hatterene
|-resisted|p1a: Hatterene
|-damage|p1a: Hatterene|60/100
|
|upkeep
|turn|21
|
|t:|1743884961
|move|p2a: Latias|Mist Ball|p1a: Hatterene
|-resisted|p1a: Hatterene
|-damage|p1a: Hatterene|17/100
|move|p1a: Hatterene|Nuzzle|p2a: Latias
|-resisted|p2a: Latias
|-damage|p2a: Latias|98/100
|-status|p2a: Latias|par
|
|upkeep
|turn|22
|
|t:|1743884970
|move|p2a: Latias|Mist Ball|p1a: Hatterene
|-resisted|p1a: Hatterene
|-damage|p1a: Hatterene|0 fnt
|faint|p1a: Hatterene
|
|upkeep
|
|t:|1743884975
|switch|p1a: Jirachi|Jirachi, tera:Steel|100/100
|turn|23
|
|t:|1743884978
|move|p1a: Jirachi|Iron Head|p2a: Latias
|-damage|p2a: Latias|34/100 par
|cant|p2a: Latias|flinch
|
|upkeep
|turn|24
|
|t:|1743884983
|move|p1a: Jirachi|Iron Head|p2a: Latias
|-damage|p2a: Latias|0 fnt
|faint|p2a: Latias
|
|win|Princessjosie1001
|raw|Princessjosie1001's rating: 1198 &rarr; <strong>1220</strong><br />(+22 for winning)
|raw|Muk Blaster's rating: 1160 &rarr; <strong>1138</strong><br />(-22 for losing)
|c|☆Muk Blaster|gg
|c|☆Princessjosie1001|Gg
|l|☆Muk Blaster
|player|p2|
|l|☆Princessjosie1001
|player|p1|
