|j|☆RyvalMD
|j|☆cheerin
|t:|1743917554
|gametype|singles
|player|p1|RyvalMD|169|1537
|player|p2|cheerin|266|1553
|teamsize|p1|6
|teamsize|p2|6
|gen|9
|tier|[Gen 9] OU
|rated|
|rule|HP Percentage Mod: HP is shown in percentages
|rule|Endless Battle Clause: Forcing endless battles is banned
|rule|Species Clause: Limit one of each Pokémon
|rule|OHKO Clause: OHKO moves are banned
|rule|Evasion Items Clause: Evasion items are banned
|rule|Evasion Moves Clause: Evasion moves are banned
|rule|Sleep Moves Clause: Sleep-inducing moves are banned
|clearpoke
|poke|p1|Clefable, F|
|poke|p1|Gliscor, M|
|poke|p1|Dragapult, F|
|poke|p1|Kingambit, M|
|poke|p1|Slowking-Galar, F|
|poke|p1|Iron Valiant|
|poke|p2|Samurott-Hisui, M|
|poke|p2|Ting-Lu|
|poke|p2|Clefable, M|
|poke|p2|Corviknight, M|
|poke|p2|Darkrai|
|poke|p2|Zamazenta-*|
|teampreview
|inactive|Battle timer is ON: inactive players will automatically lose when time's up. (requested by cheerin)
|
|t:|1743917569
|start
|switch|p1a: Clefable|Clefable, F|100/100
|switch|p2a: Darkrai|Darkrai|100/100
|turn|1
|
|t:|1743917574
|switch|p2a: Clefable|Clefable, M|100/100
|move|p1a: Clefable|Stealth Rock|p2a: Clefable
|-sidestart|p2: cheerin|move: Stealth Rock
|
|upkeep
|turn|2
|
|t:|1743917578
|move|p1a: Clefable|Thunder Wave|p2a: Clefable
|-status|p2a: Clefable|par
|move|p2a: Clefable|Stealth Rock|p1a: Clefable
|-sidestart|p1: RyvalMD|move: Stealth Rock
|
|upkeep
|turn|3
|
|t:|1743917584
|switch|p2a: Corviknight|Corviknight, M|100/100
|-damage|p2a: Corviknight|88/100|[from] Stealth Rock
|-ability|p2a: Corviknight|Pressure
|move|p1a: Clefable|Moonblast|p2a: Corviknight
|-resisted|p2a: Corviknight
|-damage|p2a: Corviknight|73/100
|
|-heal|p2a: Corviknight|79/100|[from] item: Leftovers
|upkeep
|turn|4
|
|t:|1743917591
|move|p2a: Corviknight|U-turn|p1a: Clefable
|-resisted|p1a: Clefable
|-damage|p1a: Clefable|95/100
|-damage|p2a: Corviknight|63/100|[from] item: Rocky Helmet|[of] p1a: Clefable
|
|t:|1743917595
|switch|p2a: Clefable|Clefable, M|100/100 par|[from] U-turn
|move|p1a: Clefable|Thunder Wave|p2a: Clefable
|-fail|p2a: Clefable|par
|
|upkeep
|turn|5
|
|t:|1743917604
|switch|p1a: Gliscor|Gliscor, M|100/100
|-damage|p1a: Gliscor|88/100|[from] Stealth Rock
|cant|p2a: Clefable|par
|
|-status|p1a: Gliscor|tox|[from] item: Toxic Orb
|upkeep
|turn|6
|
|t:|1743917611
|switch|p2a: Corviknight|Corviknight, M|63/100
|-damage|p2a: Corviknight|51/100|[from] Stealth Rock
|-ability|p2a: Corviknight|Pressure
|move|p1a: Gliscor|Spikes|p2a: Corviknight
|-sidestart|p2: cheerin|Spikes
|
|-heal|p2a: Corviknight|57/100|[from] item: Leftovers
|-heal|p1a: Gliscor|100/100 tox|[from] ability: Poison Heal
|upkeep
|turn|7
|
|t:|1743917617
|move|p1a: Gliscor|Spikes|p2a: Corviknight
|-sidestart|p2: cheerin|Spikes
|move|p2a: Corviknight|Roost|p2a: Corviknight
|-heal|p2a: Corviknight|100/100
|-singleturn|p2a: Corviknight|move: Roost
|
|upkeep
|turn|8
|
|t:|1743917621
|move|p1a: Gliscor|Protect|p1a: Gliscor
|-singleturn|p1a: Gliscor|Protect
|move|p2a: Corviknight|Defog|p1a: Gliscor
|-activate|p1a: Gliscor|move: Protect
|
|upkeep
|turn|9
|
|t:|1743917628
|move|p1a: Gliscor|Spikes|p2a: Corviknight
|-sidestart|p2: cheerin|Spikes
|move|p2a: Corviknight|Brave Bird|p1a: Gliscor
|-damage|p1a: Gliscor|79/100 tox
|-damage|p2a: Corviknight|94/100|[from] Recoil
|
|-heal|p2a: Corviknight|99/100|[from] item: Leftovers
|-heal|p1a: Gliscor|91/100 tox|[from] ability: Poison Heal
|upkeep
|turn|10
|
|t:|1743917635
|switch|p1a: Iron Valiant|Iron Valiant|100/100
|move|p2a: Corviknight|Defog|p1a: Iron Valiant
|-unboost|p1a: Iron Valiant|evasion|1
|-sideend|p1: RyvalMD|Stealth Rock|[from] move: Defog|[of] p2a: Corviknight
|-sideend|p2: cheerin|Spikes|[from] move: Defog|[of] p2a: Corviknight
|-sideend|p2: cheerin|Stealth Rock|[from] move: Defog|[of] p2a: Corviknight
|
|-heal|p2a: Corviknight|100/100|[from] item: Leftovers
|upkeep
|turn|11
|
|t:|1743917644
|move|p1a: Iron Valiant|Knock Off|p2a: Corviknight
|-damage|p2a: Corviknight|84/100
|-enditem|p2a: Corviknight|Leftovers|[from] move: Knock Off|[of] p1a: Iron Valiant
|move|p2a: Corviknight|Brave Bird|p1a: Iron Valiant
|-supereffective|p1a: Iron Valiant
|-damage|p1a: Iron Valiant|0 fnt
|faint|p1a: Iron Valiant
|-end|p1a: Iron Valiant|Quark Drive|[silent]
|-damage|p2a: Corviknight|61/100|[from] Recoil
|
|upkeep
|l|☆RyvalMD
|inactive|RyvalMD disconnected and has a minute to reconnect!
|player|p1|
|j|☆RyvalMD
|inactive|RyvalMD reconnected and has 130 seconds left.
|player|p1|RyvalMD|169|
|
|t:|1743917665
|switch|p1a: Slowking|Slowking-Galar, F|100/100
|turn|12
|j| i registered this
|
|t:|1743917669
|move|p2a: Corviknight|U-turn|p1a: Slowking
|-damage|p1a: Slowking|87/100
|
|t:|1743917670
|switch|p2a: Ting-Lu|Ting-Lu|100/100|[from] U-turn
|-ability|p2a: Ting-Lu|Vessel of Ruin
|move|p1a: Slowking|Flamethrower|p2a: Ting-Lu
|-damage|p2a: Ting-Lu|92/100
|
|-heal|p2a: Ting-Lu|98/100|[from] item: Leftovers
|upkeep
|turn|13
|
|t:|1743917677
|switch|p2a: Darkrai|Darkrai|100/100
|-prepare|p1a: Slowking|Chilly Reception|[premajor]
|move|p1a: Slowking|Chilly Reception|p1a: Slowking
|-weather|Snowscape
|
|t:|1743917683
|switch|p1a: Kingambit|Kingambit, M|100/100|[from] Chilly Reception
|-activate|p1a: Kingambit|ability: Supreme Overlord
|-start|p1a: Kingambit|fallen1|[silent]
|
|-weather|Snowscape|[upkeep]
|upkeep
|turn|14
|
|t:|1743917685
|move|p2a: Darkrai|Will-O-Wisp|p1a: Kingambit
|-status|p1a: Kingambit|brn
|move|p1a: Kingambit|Low Kick|p2a: Darkrai
|-supereffective|p2a: Darkrai
|-damage|p2a: Darkrai|56/100
|
|-weather|Snowscape|[upkeep]
|-damage|p1a: Kingambit|94/100 brn|[from] brn
|upkeep
|turn|15
|
|t:|1743917688
|move|p2a: Darkrai|Knock Off|p1a: Kingambit
|-resisted|p1a: Kingambit
|-damage|p1a: Kingambit|84/100 brn
|-enditem|p1a: Kingambit|Heavy-Duty Boots|[from] move: Knock Off|[of] p2a: Darkrai
|move|p1a: Kingambit|Low Kick|p2a: Darkrai
|-supereffective|p2a: Darkrai
|-damage|p2a: Darkrai|9/100
|
|-weather|Snowscape|[upkeep]
|-damage|p1a: Kingambit|78/100 brn|[from] brn
|upkeep
|turn|16
|
|t:|1743917693
|switch|p2a: Corviknight|Corviknight, M|61/100
|-ability|p2a: Corviknight|Pressure
|move|p1a: Kingambit|Sucker Punch||[still]
|-fail|p1a: Kingambit
|
|-weather|Snowscape|[upkeep]
|-damage|p1a: Kingambit|71/100 brn|[from] brn
|upkeep
|turn|17
|
|t:|1743917695
|move|p2a: Corviknight|U-turn|p1a: Kingambit
|-damage|p1a: Kingambit|62/100 brn
|
|t:|1743917700
|switch|p2a: Clefable|Clefable, M|100/100 par|[from] U-turn
|move|p1a: Kingambit|Swords Dance|p1a: Kingambit
|-boost|p1a: Kingambit|atk|2
|
|-weather|none
|-damage|p1a: Kingambit|55/100 brn|[from] brn
|upkeep
|turn|18
|
|t:|1743917703
|switch|p2a: Zamazenta|Zamazenta|100/100
|-ability|p2a: Zamazenta|Dauntless Shield|boost
|-boost|p2a: Zamazenta|def|1
|move|p1a: Kingambit|Iron Head|p2a: Zamazenta
|-damage|p2a: Zamazenta|76/100
|
|-heal|p2a: Zamazenta|82/100|[from] item: Leftovers
|-damage|p1a: Kingambit|49/100 brn|[from] brn
|upkeep
|turn|19
|
|t:|1743917708
|move|p1a: Kingambit|Sucker Punch|p2a: Zamazenta
|-resisted|p2a: Zamazenta
|-damage|p2a: Zamazenta|71/100
|move|p2a: Zamazenta|Crunch|p1a: Kingambit
|-resisted|p1a: Kingambit
|-damage|p1a: Kingambit|41/100 brn
|
|-heal|p2a: Zamazenta|78/100|[from] item: Leftovers
|-damage|p1a: Kingambit|35/100 brn|[from] brn
|upkeep
|turn|20
|
|t:|1743917716
|-end|p1a: Kingambit|fallen1|[silent]
|switch|p1a: Dragapult|Dragapult, F|100/100
|move|p2a: Zamazenta|Body Press|p1a: Dragapult
|-immune|p1a: Dragapult
|
|-heal|p2a: Zamazenta|84/100|[from] item: Leftovers
|upkeep
|turn|21
|
|t:|1743917721
|switch|p2a: Clefable|Clefable, M|100/100 par
|move|p1a: Dragapult|Will-O-Wisp||[still]
|-fail|p1a: Dragapult
|
|upkeep
|turn|22
|
|t:|1743917723
|move|p1a: Dragapult|Hex|p2a: Clefable
|-damage|p2a: Clefable|46/100 par
|move|p2a: Clefable|Stealth Rock|p1a: Dragapult
|-sidestart|p1: RyvalMD|move: Stealth Rock
|
|-heal|p2a: Clefable|52/100 par|[from] item: Leftovers
|upkeep
|turn|23
|
|t:|1743917727
|switch|p2a: Ting-Lu|Ting-Lu|98/100
|-ability|p2a: Ting-Lu|Vessel of Ruin
|move|p1a: Dragapult|Hex|p2a: Ting-Lu
|-resisted|p2a: Ting-Lu
|-damage|p2a: Ting-Lu|92/100
|
|-heal|p2a: Ting-Lu|98/100|[from] item: Leftovers
|upkeep
|turn|24
|
|t:|1743917731
|move|p1a: Dragapult|U-turn|p2a: Ting-Lu
|-supereffective|p2a: Ting-Lu
|-damage|p2a: Ting-Lu|77/100
|
|t:|1743917732
|switch|p1a: Gliscor|Gliscor, M|91/100 tox|[from] U-turn
|-damage|p1a: Gliscor|79/100 tox|[from] Stealth Rock
|move|p2a: Ting-Lu|Earthquake|p1a: Gliscor
|-immune|p1a: Gliscor
|
|-heal|p2a: Ting-Lu|83/100|[from] item: Leftovers
|-heal|p1a: Gliscor|91/100 tox|[from] ability: Poison Heal
|upkeep
|turn|25
|
|t:|1743917736
|switch|p2a: Darkrai|Darkrai|9/100
|move|p1a: Gliscor|Spikes|p2a: Darkrai
|-sidestart|p2: cheerin|Spikes
|
|-heal|p1a: Gliscor|100/100 tox|[from] ability: Poison Heal
|upkeep
|turn|26
|
|t:|1743917740
|move|p2a: Darkrai|Ice Beam|p1a: Gliscor
|-supereffective|p1a: Gliscor
|-crit|p1a: Gliscor
|-damage|p1a: Gliscor|0 fnt
|faint|p1a: Gliscor
|
|upkeep
|
|t:|1743917743
|switch|p1a: Dragapult|Dragapult, F|100/100
|turn|27
|
|t:|1743917747
|switch|p2a: Ting-Lu|Ting-Lu|83/100
|-damage|p2a: Ting-Lu|70/100|[from] Spikes
|-ability|p2a: Ting-Lu|Vessel of Ruin
|move|p1a: Dragapult|U-turn|p2a: Ting-Lu
|-supereffective|p2a: Ting-Lu
|-damage|p2a: Ting-Lu|49/100
|
|t:|1743917752
|switch|p1a: Clefable|Clefable, F|95/100|[from] U-turn
|
|-heal|p2a: Ting-Lu|55/100|[from] item: Leftovers
|upkeep
|turn|28
|
|t:|1743917754
|move|p1a: Clefable|Moonblast|p2a: Ting-Lu
|-supereffective|p2a: Ting-Lu
|-damage|p2a: Ting-Lu|28/100
|move|p2a: Ting-Lu|Rest|p2a: Ting-Lu
|-status|p2a: Ting-Lu|slp|[from] move: Rest
|-heal|p2a: Ting-Lu|100/100 slp|[silent]
|
|upkeep
|turn|29
|
|t:|1743917761
|move|p1a: Clefable|Stealth Rock|p2a: Ting-Lu
|-sidestart|p2: cheerin|move: Stealth Rock
|cant|p2a: Ting-Lu|slp
|move|p2a: Ting-Lu|Sleep Talk|p2a: Ting-Lu
|move|p2a: Ting-Lu|Whirlwind|p1a: Clefable|[from] move: Sleep Talk
|drag|p1a: Slowking|Slowking-Galar, F|100/100
|
|upkeep
|turn|30
|
|t:|1743917769
|cant|p2a: Ting-Lu|slp
|move|p2a: Ting-Lu|Sleep Talk|p2a: Ting-Lu
|move|p2a: Ting-Lu|Rest||[from] move: Sleep Talk|[still]
|-fail|p2a: Ting-Lu
|move|p1a: Slowking|Future Sight|p2a: Ting-Lu
|-start|p1a: Slowking|move: Future Sight
|
|upkeep
|turn|31
|
|t:|1743917771
|-curestatus|p2a: Ting-Lu|slp|[msg]
|move|p2a: Ting-Lu|Earthquake|p1a: Slowking
|-supereffective|p1a: Slowking
|-damage|p1a: Slowking|17/100
|-prepare|p1a: Slowking|Chilly Reception|[premajor]
|move|p1a: Slowking|Chilly Reception|p1a: Slowking
|-weather|Snowscape
|
|t:|1743917779
|switch|p1a: Clefable|Clefable, F|95/100|[from] Chilly Reception
|
|-weather|Snowscape|[upkeep]
|upkeep
|turn|32
|
|t:|1743917785
|switch|p2a: Corviknight|Corviknight, M|61/100
|-damage|p2a: Corviknight|48/100|[from] Stealth Rock
|-ability|p2a: Corviknight|Pressure
|move|p1a: Clefable|Moonblast|p2a: Corviknight
|-resisted|p2a: Corviknight
|-damage|p2a: Corviknight|34/100
|
|-weather|Snowscape|[upkeep]
|-end|p2a: Corviknight|move: Future Sight
|-resisted|p2a: Corviknight
|-damage|p2a: Corviknight|12/100
|upkeep
|turn|33
|
|t:|1743917797
|move|p2a: Corviknight|Roost|p2a: Corviknight
|-heal|p2a: Corviknight|62/100
|-singleturn|p2a: Corviknight|move: Roost
|move|p1a: Clefable|Thunder Wave|p2a: Corviknight
|-status|p2a: Corviknight|par
|
|-weather|Snowscape|[upkeep]
|upkeep
|turn|34
|
|t:|1743917800
|move|p1a: Clefable|Moonblast|p2a: Corviknight
|-resisted|p2a: Corviknight
|-damage|p2a: Corviknight|46/100 par
|-unboost|p2a: Corviknight|spa|1
|move|p2a: Corviknight|Roost|p2a: Corviknight
|-heal|p2a: Corviknight|96/100 par
|-singleturn|p2a: Corviknight|move: Roost
|
|-weather|Snowscape|[upkeep]
|upkeep
|turn|35
|
|t:|1743917806
|switch|p1a: Dragapult|Dragapult, F|100/100
|cant|p2a: Corviknight|par
|
|-weather|none
|upkeep
|turn|36
|
|t:|1743917811
|switch|p2a: Ting-Lu|Ting-Lu|100/100
|-damage|p2a: Ting-Lu|88/100|[from] Spikes
|-damage|p2a: Ting-Lu|82/100|[from] Stealth Rock
|-ability|p2a: Ting-Lu|Vessel of Ruin
|move|p1a: Dragapult|Will-O-Wisp|p2a: Ting-Lu
|-status|p2a: Ting-Lu|brn
|
|-heal|p2a: Ting-Lu|88/100 brn|[from] item: Leftovers
|-damage|p2a: Ting-Lu|82/100 brn|[from] brn
|upkeep
|turn|37
|
|t:|1743917819
|move|p1a: Dragapult|U-turn|p2a: Ting-Lu
|-supereffective|p2a: Ting-Lu
|-damage|p2a: Ting-Lu|62/100 brn
|
|t:|1743917823
|switch|p1a: Clefable|Clefable, F|95/100|[from] U-turn
|move|p2a: Ting-Lu|Rest|p2a: Ting-Lu
|-status|p2a: Ting-Lu|slp|[from] move: Rest
|-heal|p2a: Ting-Lu|100/100 slp|[silent]
|
|upkeep
|turn|38
|
|t:|1743917829
|move|p1a: Clefable|Moonblast|p2a: Ting-Lu
|-supereffective|p2a: Ting-Lu
|-damage|p2a: Ting-Lu|75/100 slp
|cant|p2a: Ting-Lu|slp
|move|p2a: Ting-Lu|Sleep Talk|p2a: Ting-Lu
|move|p2a: Ting-Lu|Earthquake|p1a: Clefable|[from] move: Sleep Talk
|-damage|p1a: Clefable|69/100
|
|-heal|p2a: Ting-Lu|81/100 slp|[from] item: Leftovers
|upkeep
|turn|39
|
|t:|1743917838
|move|p1a: Clefable|Moonblast|p2a: Ting-Lu
|-supereffective|p2a: Ting-Lu
|-damage|p2a: Ting-Lu|55/100 slp
|-unboost|p2a: Ting-Lu|spa|1
|cant|p2a: Ting-Lu|slp
|move|p2a: Ting-Lu|Sleep Talk|p2a: Ting-Lu
|move|p2a: Ting-Lu|Whirlwind|p1a: Clefable|[from] move: Sleep Talk
|drag|p1a: Slowking|Slowking-Galar, F|50/100
|
|-heal|p2a: Ting-Lu|61/100 slp|[from] item: Leftovers
|upkeep
|turn|40
|
|t:|1743917842
|-curestatus|p2a: Ting-Lu|slp|[msg]
|move|p2a: Ting-Lu|Earthquake|p1a: Slowking
|-supereffective|p1a: Slowking
|-damage|p1a: Slowking|0 fnt
|faint|p1a: Slowking
|
|-heal|p2a: Ting-Lu|67/100|[from] item: Leftovers
|upkeep
|
|t:|1743917846
|switch|p1a: Kingambit|Kingambit, M|35/100 brn
|-damage|p1a: Kingambit|28/100 brn|[from] Stealth Rock
|-activate|p1a: Kingambit|ability: Supreme Overlord
|-start|p1a: Kingambit|fallen3|[silent]
|turn|41
|
|t:|1743917852
|move|p1a: Kingambit|Low Kick|p2a: Ting-Lu
|-supereffective|p2a: Ting-Lu
|-damage|p2a: Ting-Lu|34/100
|move|p2a: Ting-Lu|Earthquake|p1a: Kingambit
|-supereffective|p1a: Kingambit
|-damage|p1a: Kingambit|0 fnt
|faint|p1a: Kingambit
|-end|p1a: Kingambit|fallen3|[silent]
|
|-heal|p2a: Ting-Lu|40/100|[from] item: Leftovers
|upkeep
|
|t:|1743917855
|switch|p1a: Clefable|Clefable, F|69/100
|turn|42
|
|t:|1743917857
|move|p1a: Clefable|Moonblast|p2a: Ting-Lu
|-supereffective|p2a: Ting-Lu
|-damage|p2a: Ting-Lu|14/100
|-unboost|p2a: Ting-Lu|spa|1
|move|p2a: Ting-Lu|Rest|p2a: Ting-Lu
|-status|p2a: Ting-Lu|slp|[from] move: Rest
|-heal|p2a: Ting-Lu|100/100 slp|[silent]
|
|upkeep
|turn|43
|-message|RyvalMD forfeited.
|
|win|cheerin
|raw|RyvalMD's rating: 1537 &rarr; <strong>1518</strong><br />(-19 for losing)
|raw|cheerin's rating: 1553 &rarr; <strong>1572</strong><br />(+19 for winning)
|l|☆RyvalMD
|player|p1|
|l|☆cheerin
|player|p2|
|l| i registered this
