|j|☆ian_yo
|j|☆45worldd
|t:|1743891049
|gametype|singles
|player|p1|ian_yo|skier|1490
|player|p2|45worldd|jupiter|1535
|teamsize|p1|6
|teamsize|p2|6
|gen|9
|tier|[Gen 9] OU
|rated|
|rule|HP Percentage Mod: HP is shown in percentages
|rule|Endless Battle Clause: Forcing endless battles is banned
|rule|Species Clause: Limit one of each Pokémon
|rule|OHKO Clause: OHKO moves are banned
|rule|Evasion Items Clause: Evasion items are banned
|rule|Evasion Moves Clause: Evasion moves are banned
|rule|Sleep Moves Clause: Sleep-inducing moves are banned
|clearpoke
|poke|p1|Torkoal, M|
|poke|p1|Klefki, M|
|poke|p1|Hatterene, F|
|poke|p1|Cresselia, F|
|poke|p1|Rabsca, M|
|poke|p1|Hattrem, F|
|poke|p2|Garganacl, F|
|poke|p2|Shiftry, F|
|poke|p2|Brambleghast, F|
|poke|p2|Braviary-Hisui, M|
|poke|p2|Dragapult, F|
|poke|p2|Iron Hands|
|teampreview
|inactive|Battle timer is ON: inactive players will automatically lose when time's up. (requested by ian_yo)
|
|t:|1743891069
|start
|switch|p1a: Hattrem|Hattrem, F|100/100
|switch|p2a: Shiftry|Shiftry, F|100/100
|turn|1
|
|t:|1743891079
|move|p2a: Shiftry|Knock Off|p1a: Hattrem
|-supereffective|p1a: Hattrem
|-damage|p1a: Hattrem|11/100
|-enditem|p1a: Hattrem|Focus Sash|[from] move: Knock Off|[of] p2a: Shiftry
|move|p1a: Hattrem|Trick Room|p1a: Hattrem
|-fieldstart|move: Trick Room|[of] p1a: Hattrem
|
|upkeep
|turn|2
|
|t:|1743891088
|move|p1a: Hattrem|Healing Wish|p1a: Hattrem
|faint|p1a: Hattrem
|move|p2a: Shiftry|Knock Off|p1: Hattrem|[notarget]
|-fail|p2a: Shiftry
|
|upkeep
|
|t:|1743891095
|switch|p1a: Torkoal|Torkoal, M|100/100
|-weather|SunnyDay|[from] ability: Drought|[of] p1a: Torkoal
|turn|3
|
|t:|1743891097
|-terastallize|p1a: Torkoal|Fire
|move|p1a: Torkoal|Eruption|p2a: Shiftry
|-supereffective|p2a: Shiftry
|-enditem|p2a: Shiftry|Focus Sash
|-damage|p2a: Shiftry|1/100
|move|p2a: Shiftry|Knock Off|p1a: Torkoal
|-damage|p1a: Torkoal|66/100
|-enditem|p1a: Torkoal|Choice Specs|[from] move: Knock Off|[of] p2a: Shiftry
|
|-weather|SunnyDay|[upkeep]
|upkeep
|turn|4
|
|t:|1743891114
|move|p1a: Torkoal|Weather Ball|p2a: Shiftry
|-supereffective|p2a: Shiftry
|-damage|p2a: Shiftry|0 fnt
|faint|p2a: Shiftry
|
|-weather|SunnyDay|[upkeep]
|upkeep
|
|t:|1743891122
|switch|p2a: Garganacl|Garganacl, F|100/100
|turn|5
|
|t:|1743891136
|switch|p2a: Dragapult|Dragapult, F, shiny|100/100
|move|p1a: Torkoal|Solar Beam||[still]
|-prepare|p1a: Torkoal|Solar Beam
|-anim|p1a: Torkoal|Solar Beam|p2a: Dragapult
|-resisted|p2a: Dragapult
|-damage|p2a: Dragapult|80/100
|
|-weather|SunnyDay|[upkeep]
|-fieldend|move: Trick Room
|upkeep
|turn|6
|
|t:|1743891148
|switch|p1a: Klefki|Klefki, M|100/100
|move|p2a: Dragapult|Light Screen|p2a: Dragapult
|-sidestart|p2: 45worldd|move: Light Screen
|
|-weather|SunnyDay|[upkeep]
|upkeep
|turn|7
|
|t:|1743891163
|move|p2a: Dragapult|Curse|p1a: Klefki
|-start|p1a: Klefki|Curse|[of] p2a: Dragapult
|-damage|p2a: Dragapult|30/100
|move|p1a: Klefki|Trick Room|p1a: Klefki
|-fieldstart|move: Trick Room|[of] p1a: Klefki
|
|-weather|none
|-damage|p1a: Klefki|76/100|[from] Curse
|upkeep
|turn|8
|
|t:|1743891184
|move|p1a: Klefki|Spikes|p2a: Dragapult
|-sidestart|p2: 45worldd|Spikes
|move|p2a: Dragapult|Reflect|p2a: Dragapult
|-sidestart|p2: 45worldd|Reflect
|
|-damage|p1a: Klefki|51/100|[from] Curse
|upkeep
|turn|9
|
|t:|1743891188
|switch|p2a: Brambleghast|Brambleghast, F|100/100
|-damage|p2a: Brambleghast|88/100|[from] Spikes
|move|p1a: Klefki|Spikes|p2a: Brambleghast
|-sidestart|p2: 45worldd|Spikes
|
|-damage|p1a: Klefki|26/100|[from] Curse
|upkeep
|turn|10
|
|t:|1743891190
|move|p1a: Klefki|Steel Beam|p2a: Brambleghast
|-damage|p2a: Brambleghast|38/100
|-damage|p1a: Klefki|0 fnt|[from] steelbeam
|faint|p1a: Klefki
|move|p2a: Brambleghast|Rapid Spin|p1: Klefki|[notarget]
|-fail|p2a: Brambleghast
|
|upkeep
|
|t:|1743891192
|switch|p1a: Torkoal|Torkoal, M, tera:Fire|66/100
|-heal|p1a: Torkoal|100/100|[from] move: Healing Wish
|-weather|SunnyDay|[from] ability: Drought|[of] p1a: Torkoal
|turn|11
|
|t:|1743891197
|move|p1a: Torkoal|Eruption|p2a: Brambleghast
|-supereffective|p2a: Brambleghast
|-damage|p2a: Brambleghast|0 fnt
|faint|p2a: Brambleghast
|
|-weather|SunnyDay|[upkeep]
|-fieldend|move: Trick Room
|upkeep
|
|t:|1743891207
|switch|p2a: Braviary|Braviary-Hisui, M|100/100
|turn|12
|
|t:|1743891214
|switch|p1a: Cresselia|Cresselia, F|100/100
|move|p2a: Braviary|Calm Mind|p2a: Braviary
|-boost|p2a: Braviary|spa|1
|-boost|p2a: Braviary|spd|1
|
|-weather|SunnyDay|[upkeep]
|upkeep
|turn|13
|
|t:|1743891220
|move|p2a: Braviary|Calm Mind|p2a: Braviary
|-boost|p2a: Braviary|spa|1
|-boost|p2a: Braviary|spd|1
|move|p1a: Cresselia|Trick Room|p1a: Cresselia
|-fieldstart|move: Trick Room|[of] p1a: Cresselia
|
|-weather|SunnyDay|[upkeep]
|-sideend|p2: 45worldd|move: Light Screen
|upkeep
|turn|14
|
|t:|1743891230
|move|p1a: Cresselia|Lunar Dance|p1a: Cresselia
|faint|p1a: Cresselia
|move|p2a: Braviary|Calm Mind|p2a: Braviary
|-boost|p2a: Braviary|spa|1
|-boost|p2a: Braviary|spd|1
|
|-weather|SunnyDay|[upkeep]
|upkeep
|
|t:|1743891231
|switch|p1a: Torkoal|Torkoal, M, tera:Fire|100/100
|-heal|p1a: Torkoal|100/100|[from] move: Lunar Dance
|turn|15
|
|t:|1743891234
|move|p1a: Torkoal|Eruption|p2a: Braviary
|-damage|p2a: Braviary|31/100
|move|p2a: Braviary|Esper Wing|p1a: Torkoal
|-damage|p1a: Torkoal|0 fnt
|-boost|p2a: Braviary|spe|1
|faint|p1a: Torkoal
|
|-weather|none
|-sideend|p2: 45worldd|Reflect
|upkeep
|
|t:|1743891245
|switch|p1a: Hatterene|Hatterene, F|100/100
|turn|16
|
|t:|1743891250
|move|p1a: Hatterene|Psyshock|p2a: Braviary
|-resisted|p2a: Braviary
|-damage|p2a: Braviary|3/100
|move|p2a: Braviary|Psyshock|p1a: Hatterene
|-resisted|p1a: Hatterene
|-enditem|p1a: Hatterene|Focus Sash
|-damage|p1a: Hatterene|1/100
|
|upkeep
|turn|17
|
|t:|1743891272
|move|p1a: Hatterene|Psyshock|p2a: Braviary
|-resisted|p2a: Braviary
|-damage|p2a: Braviary|0 fnt
|faint|p2a: Braviary
|
|-fieldend|move: Trick Room
|upkeep
|
|t:|1743891274
|switch|p2a: Iron Hands|Iron Hands|100/100
|-damage|p2a: Iron Hands|84/100|[from] Spikes
|turn|18
|
|t:|1743891279
|move|p2a: Iron Hands|Thunder Punch|p1a: Hatterene
|-damage|p1a: Hatterene|0 fnt
|faint|p1a: Hatterene
|
|-heal|p2a: Iron Hands|90/100|[from] item: Leftovers
|upkeep
|
|t:|1743891281
|switch|p1a: Rabsca|Rabsca, M|100/100
|turn|19
|
|t:|1743891287
|-terastallize|p2a: Iron Hands|Steel
|move|p2a: Iron Hands|Swords Dance|p2a: Iron Hands
|-boost|p2a: Iron Hands|atk|2
|move|p1a: Rabsca|Trick Room|p1a: Rabsca
|-fieldstart|move: Trick Room|[of] p1a: Rabsca
|
|-heal|p2a: Iron Hands|96/100|[from] item: Leftovers
|upkeep
|turn|20
|
|t:|1743891291
|move|p1a: Rabsca|Revival Blessing|p1a: Rabsca
|
|t:|1743891293
|-heal|p1: Torkoal|50/100|[from] move: Revival Blessing
|move|p2a: Iron Hands|Thunder Punch|p1a: Rabsca
|-damage|p1a: Rabsca|39/100
|-status|p1a: Rabsca|par
|-activate|p1a: Rabsca|ability: Synchronize
|-status|p2a: Iron Hands|par
|
|-heal|p2a: Iron Hands|100/100 par|[from] item: Leftovers
|upkeep
|turn|21
|
|t:|1743891300
|move|p1a: Rabsca|Memento|p2a: Iron Hands
|-unboost|p2a: Iron Hands|atk|2
|-unboost|p2a: Iron Hands|spa|2
|faint|p1a: Rabsca
|move|p2a: Iron Hands|Swords Dance|p2a: Iron Hands
|-boost|p2a: Iron Hands|atk|2
|
|upkeep
|
|t:|1743891307
|switch|p1a: Torkoal|Torkoal, M|50/100
|-weather|SunnyDay|[from] ability: Drought|[of] p1a: Torkoal
|turn|22
|
|t:|1743891310
|move|p1a: Torkoal|Weather Ball|p2a: Iron Hands
|-supereffective|p2a: Iron Hands
|-damage|p2a: Iron Hands|0 fnt
|faint|p2a: Iron Hands
|-end|p2a: Iron Hands|Quark Drive|[silent]
|
|-weather|SunnyDay|[upkeep]
|upkeep
|
|t:|1743891326
|switch|p2a: Garganacl|Garganacl, F|100/100
|-damage|p2a: Garganacl|84/100|[from] Spikes
|turn|23
|
|t:|1743891334
|move|p1a: Torkoal|Solar Beam||[still]
|-prepare|p1a: Torkoal|Solar Beam
|-anim|p1a: Torkoal|Solar Beam|p2a: Garganacl
|-supereffective|p2a: Garganacl
|-damage|p2a: Garganacl|40/100
|move|p2a: Garganacl|Salt Cure|p1a: Torkoal
|-supereffective|p1a: Torkoal
|-damage|p1a: Torkoal|29/100
|-start|p1a: Torkoal|Salt Cure
|
|-weather|SunnyDay|[upkeep]
|-heal|p2a: Garganacl|47/100|[from] item: Leftovers
|-damage|p1a: Torkoal|17/100|[from] Salt Cure
|-fieldend|move: Trick Room
|upkeep
|turn|24
|
|t:|1743891340
|move|p2a: Garganacl|Salt Cure|p1a: Torkoal
|-supereffective|p1a: Torkoal
|-damage|p1a: Torkoal|0 fnt
|faint|p1a: Torkoal
|
|win|45worldd
|raw|ian_yo's rating: 1506 &rarr; <strong>1488</strong><br />(-18 for losing)
|raw|45worldd's rating: 1535 &rarr; <strong>1553</strong><br />(+18 for winning)
|l|☆45worldd
|player|p2|
|l|☆ian_yo
|player|p1|
