|j|☆juli-mc365
|j|☆false as sad 多龙
|t:|1743937108
|gametype|singles
|player|p1|juli-mc365|dawn-gen4pt|1368
|player|p2|false as sad 多龙|caitlin|1322
|teamsize|p1|6
|teamsize|p2|6
|gen|9
|tier|[Gen 9] OU
|rated|
|rule|HP Percentage Mod: HP is shown in percentages
|rule|Endless Battle Clause: Forcing endless battles is banned
|rule|Species Clause: Limit one of each Pokémon
|rule|OHKO Clause: OHKO moves are banned
|rule|Evasion Items Clause: Evasion items are banned
|rule|Evasion Moves Clause: Evasion moves are banned
|rule|Sleep Moves Clause: Sleep-inducing moves are banned
|clearpoke
|poke|p1|Araquanid, M|
|poke|p1|Dragapult, F|
|poke|p1|Ogerpon-Wellspring, F|
|poke|p1|Gholdengo|
|poke|p1|Enamorus, F|
|poke|p1|Iron Treads|
|poke|p2|Glimmora, M|
|poke|p2|Darkrai|
|poke|p2|Beartic, F|
|poke|p2|Zoroark-Hisui, M|
|poke|p2|Salamence, M|
|poke|p2|Dragapult, M|
|teampreview
|inactive|Battle timer is ON: inactive players will automatically lose when time's up. (requested by false as sad 多龙)
|
|t:|1743937138
|start
|switch|p1a: Gholdengo|Gholdengo|100/100
|switch|p2a: 冻原熊|Beartic, F, shiny|100/100
|-item|p1a: Gholdengo|Air Balloon
|turn|1
|
|t:|1743937147
|move|p1a: Gholdengo|Make It Rain|p2a: 冻原熊
|-supereffective|p2a: 冻原熊
|-damage|p2a: 冻原熊|0 fnt
|-unboost|p1a: Gholdengo|spa|1
|faint|p2a: 冻原熊
|
|upkeep
|
|t:|1743937154
|switch|p2a: 晶光花|Glimmora, M|100/100
|turn|2
|
|t:|1743937184
|move|p2a: 晶光花|Bitter Malice|p1a: Gholdengo
|-supereffective|p1a: Gholdengo
|-damage|p1a: Gholdengo|23/100
|-unboost|p1a: Gholdengo|atk|1
|-enditem|p1a: Gholdengo|Air Balloon
|move|p1a: Gholdengo|Make It Rain|p2a: 晶光花
|-damage|p2a: 晶光花|24/100
|-unboost|p1a: Gholdengo|spa|1
|replace|p2a: 千魂约|Zoroark-Hisui, M, shiny
|-end|p2a: 千魂约|Illusion
|
|upkeep
|turn|3
|inactive|juli-mc365 has 120 seconds left.
|
|t:|1743937216
|move|p2a: 千魂约|Bitter Malice|p1a: Gholdengo
|-supereffective|p1a: Gholdengo
|-damage|p1a: Gholdengo|0 fnt
|faint|p1a: Gholdengo
|
|upkeep
|
|t:|1743937226
|switch|p1a: Araquanid|Araquanid, M|100/100
|turn|4
|
|t:|1743937235
|move|p2a: 千魂约|Hyper Voice|p1a: Araquanid
|-damage|p1a: Araquanid|58/100
|move|p1a: Araquanid|Liquidation|p2a: 千魂约
|-damage|p2a: 千魂约|0 fnt
|faint|p2a: 千魂约
|
|upkeep
|
|t:|1743937241
|switch|p2a: 晶光花|Glimmora, M|100/100
|turn|5
|
|t:|1743937268
|move|p2a: 晶光花|Substitute|p2a: 晶光花
|-start|p2a: 晶光花|Substitute
|-damage|p2a: 晶光花|76/100
|move|p1a: Araquanid|Liquidation|p2a: 晶光花
|-supereffective|p2a: 晶光花
|-end|p2a: 晶光花|Substitute
|
|upkeep
|turn|6
|
|t:|1743937274
|move|p2a: 晶光花|Meteor Beam||[still]
|-prepare|p2a: 晶光花|Meteor Beam
|-boost|p2a: 晶光花|spa|1
|-enditem|p2a: 晶光花|Power Herb
|-anim|p2a: 晶光花|Meteor Beam|p1a: Araquanid
|-supereffective|p1a: Araquanid
|-damage|p1a: Araquanid|0 fnt
|faint|p1a: Araquanid
|
|upkeep
|
|t:|1743937280
|switch|p1a: Enamorus|Enamorus, F|100/100
|turn|7
|
|t:|1743937284
|move|p1a: Enamorus|Earth Power|p2a: 晶光花
|-supereffective|p2a: 晶光花
|-damage|p2a: 晶光花|0 fnt
|faint|p2a: 晶光花
|
|upkeep
|
|t:|1743937291
|switch|p2a: 噩梦神|Darkrai, shiny|100/100
|turn|8
|
|t:|1743937295
|switch|p1a: Iron Treads|Iron Treads|100/100
|-item|p1a: Iron Treads|Air Balloon
|move|p2a: 噩梦神|Sludge Bomb|p1a: Iron Treads
|-immune|p1a: Iron Treads
|
|upkeep
|turn|9
|
|t:|1743937309
|switch|p2a: 暴飞龙|Salamence, M|100/100
|move|p1a: Iron Treads|Earthquake|p2a: 暴飞龙
|-immune|p2a: 暴飞龙
|
|upkeep
|turn|10
|
|t:|1743937315
|switch|p2a: 噩梦神|Darkrai, shiny|100/100
|move|p1a: Iron Treads|Knock Off|p2a: 噩梦神
|-resisted|p2a: 噩梦神
|-damage|p2a: 噩梦神|84/100
|-enditem|p2a: 噩梦神|Choice Specs|[from] move: Knock Off|[of] p1a: Iron Treads
|
|upkeep
|turn|11
|
|t:|1743937330
|move|p2a: 噩梦神|Dark Pulse|p1a: Iron Treads
|-damage|p1a: Iron Treads|48/100
|-enditem|p1a: Iron Treads|Air Balloon
|move|p1a: Iron Treads|Rapid Spin|p2a: 噩梦神
|-damage|p2a: 噩梦神|67/100
|-boost|p1a: Iron Treads|spe|1
|
|upkeep
|turn|12
|
|t:|1743937339
|move|p1a: Iron Treads|Earthquake|p2a: 噩梦神
|-damage|p2a: 噩梦神|15/100
|move|p2a: 噩梦神|Dark Pulse|p1a: Iron Treads
|-damage|p1a: Iron Treads|0 fnt
|faint|p1a: Iron Treads
|-end|p1a: Iron Treads|Quark Drive|[silent]
|
|upkeep
|
|t:|1743937346
|switch|p1a: Dragapult|Dragapult, F|100/100
|turn|13
|
|t:|1743937350
|move|p1a: Dragapult|Flamethrower|p2a: 噩梦神
|-damage|p2a: 噩梦神|0 fnt
|faint|p2a: 噩梦神
|
|upkeep
|
|t:|1743937354
|switch|p2a: 多龙贡|Dragapult, M, shiny|100/100
|turn|14
|
|t:|1743937364
|move|p2a: 多龙贡|Phantom Force||[still]
|-prepare|p2a: 多龙贡|Phantom Force
|move|p1a: Dragapult|Draco Meteor|p2a: 多龙贡|[miss]
|-miss|p1a: Dragapult|p2a: 多龙贡
|
|upkeep
|turn|15
|
|t:|1743937369
|move|p2a: 多龙贡|Phantom Force|p1a: Dragapult|[from] lockedmove
|-supereffective|p1a: Dragapult
|-damage|p1a: Dragapult|0 fnt
|faint|p1a: Dragapult
|
|upkeep
|
|t:|1743937374
|switch|p1a: Enamorus|Enamorus, F|100/100
|turn|16
|
|t:|1743937392
|move|p2a: 多龙贡|Phantom Force||[still]
|-prepare|p2a: 多龙贡|Phantom Force
|move|p1a: Enamorus|Moonblast|p2a: 多龙贡|[miss]
|-miss|p1a: Enamorus|p2a: 多龙贡
|
|upkeep
|turn|17
|
|t:|1743937412
|move|p2a: 多龙贡|Phantom Force|p1a: Enamorus|[from] lockedmove
|-damage|p1a: Enamorus|0 fnt
|faint|p1a: Enamorus
|
|upkeep
|-message|juli-mc365 forfeited.
|
|win|false as sad 多龙
|raw|juli-mc365's rating: 1368 &rarr; <strong>1345</strong><br />(-23 for losing)
|raw|false as sad 多龙's rating: 1322 &rarr; <strong>1345</strong><br />(+23 for winning)
|l|☆juli-mc365
|player|p1|
|l|☆false as sad 多龙
|player|p2|
