|j|☆SL1003
|j|☆ricethegrain
|t:|1743907715
|gametype|singles
|player|p1|SL1003|n|1419
|player|p2|ricethegrain|allister|1420
|teamsize|p1|6
|teamsize|p2|6
|gen|9
|tier|[Gen 9] OU
|rated|
|rule|HP Percentage Mod: HP is shown in percentages
|rule|Endless Battle Clause: Forcing endless battles is banned
|rule|Species Clause: Limit one of each Pokémon
|rule|OHKO Clause: OHKO moves are banned
|rule|Evasion Items Clause: Evasion items are banned
|rule|Evasion Moves Clause: Evasion moves are banned
|rule|Sleep Moves Clause: Sleep-inducing moves are banned
|clearpoke
|poke|p1|Blissey, F|
|poke|p1|Hoopa-Unbound|
|poke|p1|Quagsire, F|
|poke|p1|Alomomola, F|
|poke|p1|Corviknight, M|
|poke|p1|Weezing-Galar, M|
|poke|p2|Landorus-Therian, M|
|poke|p2|Meowscarada, F|
|poke|p2|Maushold-Four|
|poke|p2|Kingambit, F|
|poke|p2|Slowking-Galar, F|
|poke|p2|Volcanion|
|teampreview
|
|t:|1743907727
|start
|switch|p1a: Corviknight|Corviknight, M|100/100
|switch|p2a: Landorus|Landorus-Therian, M|100/100
|-ability|p2a: Landorus|Intimidate|boost
|-unboost|p1a: Corviknight|atk|1
|-ability|p1a: Corviknight|Pressure
|turn|1
|inactive|Battle timer is ON: inactive players will automatically lose when time's up. (requested by SL1003)
|inactive|ricethegrain also wants the timer to be on.
|
|t:|1743907747
|switch|p1a: Alomomola|Alomomola, F|100/100
|move|p2a: Landorus|U-turn|p1a: Alomomola
|-damage|p1a: Alomomola|77/100
|-damage|p2a: Landorus|84/100|[from] item: Rocky Helmet|[of] p1a: Alomomola
|
|t:|1743907751
|switch|p2a: Volcanion|Volcanion|100/100|[from] U-turn
|
|upkeep
|turn|2
|
|t:|1743907760
|switch|p2a: Kingambit|Kingambit, F|100/100
|switch|p1a: Blissey|Blissey, F|100/100
|
|upkeep
|turn|3
|
|t:|1743907766
|switch|p1a: Corviknight|Corviknight, M|100/100
|-ability|p1a: Corviknight|Pressure
|move|p2a: Kingambit|Kowtow Cleave|p1a: Corviknight
|-damage|p1a: Corviknight|69/100
|
|-heal|p1a: Corviknight|75/100|[from] item: Leftovers
|upkeep
|turn|4
|
|t:|1743907775
|-end|p2a: Kingambit|fallenundefined|[silent]
|switch|p2a: Slowking|Slowking-Galar, F|100/100
|move|p1a: Corviknight|Body Press|p2a: Slowking
|-resisted|p2a: Slowking
|-damage|p2a: Slowking|96/100
|
|-heal|p1a: Corviknight|81/100|[from] item: Leftovers
|upkeep
|turn|5
|
|t:|1743907783
|switch|p1a: Weezing|Weezing-Galar, M|100/100
|-ability|p1a: Weezing|Neutralizing Gas
|move|p2a: Slowking|Future Sight|p1a: Weezing
|-start|p2a: Slowking|move: Future Sight
|
|upkeep
|turn|6
|
|t:|1743907790
|move|p1a: Weezing|Will-O-Wisp|p2a: Slowking
|-status|p2a: Slowking|brn
|move|p2a: Slowking|Sludge Bomb|p1a: Weezing
|-damage|p1a: Weezing|55/100
|
|-damage|p2a: Slowking|90/100 brn|[from] brn
|upkeep
|turn|7
|
|t:|1743907798
|-end|p1a: Weezing|ability: Neutralizing Gas
|switch|p1a: Hoopa|Hoopa-Unbound|100/100
|-prepare|p2a: Slowking|Chilly Reception|[premajor]
|move|p2a: Slowking|Chilly Reception|p2a: Slowking
|-weather|Snowscape
|
|t:|1743907800
|switch|p2a: Meowscarada|Meowscarada, F|100/100|[from] Chilly Reception
|
|-weather|Snowscape|[upkeep]
|-end|p1a: Hoopa|move: Future Sight
|-immune|p1a: Hoopa
|upkeep
|turn|8
|
|t:|1743907809
|switch|p1a: Corviknight|Corviknight, M|81/100
|-ability|p1a: Corviknight|Pressure
|move|p2a: Meowscarada|Knock Off|p1a: Corviknight
|-start|p2a: Meowscarada|typechange|Dark|[from] ability: Protean
|-damage|p1a: Corviknight|50/100
|-enditem|p1a: Corviknight|Leftovers|[from] move: Knock Off|[of] p2a: Meowscarada
|
|-weather|Snowscape|[upkeep]
|upkeep
|turn|9
|
|t:|1743907819
|switch|p2a: Slowking|Slowking-Galar, F|100/100 brn
|move|p1a: Corviknight|Roost|p1a: Corviknight
|-heal|p1a: Corviknight|99/100
|-singleturn|p1a: Corviknight|move: Roost
|
|-weather|Snowscape|[upkeep]
|-damage|p2a: Slowking|94/100 brn|[from] brn
|upkeep
|turn|10
|
|t:|1743907828
|switch|p1a: Blissey|Blissey, F|100/100
|move|p2a: Slowking|Future Sight|p1a: Blissey
|-start|p2a: Slowking|move: Future Sight
|
|-weather|Snowscape|[upkeep]
|-damage|p2a: Slowking|88/100 brn|[from] brn
|upkeep
|turn|11
|
|t:|1743907834
|move|p1a: Blissey|Stealth Rock|p2a: Slowking
|-sidestart|p2: ricethegrain|move: Stealth Rock
|-prepare|p2a: Slowking|Chilly Reception|[premajor]
|move|p2a: Slowking|Chilly Reception|p2a: Slowking
|
|t:|1743907836
|switch|p2a: Maushold|Maushold-Four|100/100|[from] Chilly Reception
|-damage|p2a: Maushold|88/100|[from] Stealth Rock
|
|-weather|none
|upkeep
|turn|12
|
|t:|1743907843
|switch|p1a: Corviknight|Corviknight, M|99/100
|-ability|p1a: Corviknight|Pressure
|move|p2a: Maushold|Tidy Up|p2a: Maushold
|-sideend|p2: ricethegrain|Stealth Rock
|-activate|p2a: Maushold|move: Tidy Up
|-boost|p2a: Maushold|atk|1
|-boost|p2a: Maushold|spe|1
|
|-end|p1a: Corviknight|move: Future Sight
|-resisted|p1a: Corviknight
|-damage|p1a: Corviknight|77/100
|upkeep
|turn|13
|
|t:|1743907853
|switch|p2a: Slowking|Slowking-Galar, F|100/100 brn
|move|p1a: Corviknight|Body Press|p2a: Slowking
|-resisted|p2a: Slowking
|-damage|p2a: Slowking|96/100 brn
|
|-damage|p2a: Slowking|90/100 brn|[from] brn
|upkeep
|turn|14
|
|t:|1743907866
|switch|p1a: Blissey|Blissey, F|100/100
|-prepare|p2a: Slowking|Chilly Reception|[premajor]
|move|p2a: Slowking|Chilly Reception|p2a: Slowking
|-weather|Snowscape
|
|t:|1743907872
|switch|p2a: Kingambit|Kingambit, F|100/100|[from] Chilly Reception
|
|-weather|Snowscape|[upkeep]
|upkeep
|turn|15
|
|t:|1743907880
|switch|p1a: Corviknight|Corviknight, M|77/100
|-ability|p1a: Corviknight|Pressure
|move|p2a: Kingambit|Kowtow Cleave|p1a: Corviknight
|-damage|p1a: Corviknight|45/100
|
|-weather|Snowscape|[upkeep]
|upkeep
|turn|16
|
|t:|1743907887
|move|p1a: Corviknight|Roost|p1a: Corviknight
|-heal|p1a: Corviknight|95/100
|-singleturn|p1a: Corviknight|move: Roost
|move|p2a: Kingambit|Kowtow Cleave|p1a: Corviknight
|-damage|p1a: Corviknight|61/100
|
|-weather|Snowscape|[upkeep]
|upkeep
|turn|17
|
|t:|1743907905
|switch|p1a: Hoopa|Hoopa-Unbound|100/100
|-end|p2a: Kingambit|fallenundefined|[silent]
|switch|p2a: Slowking|Slowking-Galar, F|100/100 brn
|
|-weather|Snowscape|[upkeep]
|-damage|p2a: Slowking|94/100 brn|[from] brn
|upkeep
|turn|18
|inactive|ricethegrain has 120 seconds left.
|
|t:|1743907940
|switch|p2a: Meowscarada|Meowscarada, F|100/100
|move|p1a: Hoopa|Knock Off|p2a: Meowscarada
|-resisted|p2a: Meowscarada
|-damage|p2a: Meowscarada|59/100
|-enditem|p2a: Meowscarada|Choice Scarf|[from] move: Knock Off|[of] p1a: Hoopa
|
|-weather|none
|upkeep
|turn|19
|inactive|ricethegrain has 120 seconds left.
|
|t:|1743907975
|switch|p1a: Corviknight|Corviknight, M|61/100
|-ability|p1a: Corviknight|Pressure
|move|p2a: Meowscarada|U-turn|p1a: Corviknight
|-start|p2a: Meowscarada|typechange|Bug|[from] ability: Protean
|-resisted|p1a: Corviknight
|-damage|p1a: Corviknight|56/100
|
|t:|1743907980
|switch|p2a: Landorus|Landorus-Therian, M|84/100|[from] U-turn
|-ability|p2a: Landorus|Intimidate|boost
|-unboost|p1a: Corviknight|atk|1
|
|upkeep
|turn|20
|
|t:|1743907994
|move|p2a: Landorus|Stealth Rock|p1a: Corviknight
|-sidestart|p1: SL1003|move: Stealth Rock
|move|p1a: Corviknight|Roost|p1a: Corviknight
|-heal|p1a: Corviknight|100/100
|-singleturn|p1a: Corviknight|move: Roost
|
|upkeep
|turn|21
|
|t:|1743908000
|switch|p2a: Slowking|Slowking-Galar, F|100/100 brn
|move|p1a: Corviknight|Defog|p2a: Slowking
|-unboost|p2a: Slowking|evasion|1
|-sideend|p1: SL1003|Stealth Rock|[from] move: Defog|[of] p1a: Corviknight
|
|-damage|p2a: Slowking|94/100 brn|[from] brn
|upkeep
|turn|22
|
|t:|1743908012
|switch|p1a: Blissey|Blissey, F|100/100
|move|p2a: Slowking|Future Sight|p1a: Blissey
|-start|p2a: Slowking|move: Future Sight
|
|-damage|p2a: Slowking|88/100 brn|[from] brn
|upkeep
|turn|23
|
|t:|1743908019
|move|p1a: Blissey|Stealth Rock|p2a: Slowking
|-sidestart|p2: ricethegrain|move: Stealth Rock
|-prepare|p2a: Slowking|Chilly Reception|[premajor]
|move|p2a: Slowking|Chilly Reception|p2a: Slowking
|-weather|Snowscape
|
|t:|1743908029
|switch|p2a: Maushold|Maushold-Four|88/100|[from] Chilly Reception
|-damage|p2a: Maushold|76/100|[from] Stealth Rock
|
|-weather|Snowscape|[upkeep]
|upkeep
|turn|24
|
|t:|1743908040
|switch|p1a: Alomomola|Alomomola, F|100/100
|move|p2a: Maushold|Population Bomb|p1a: Alomomola
|-damage|p1a: Alomomola|94/100
|-damage|p2a: Maushold|59/100|[from] item: Rocky Helmet|[of] p1a: Alomomola
|-damage|p1a: Alomomola|87/100
|-damage|p2a: Maushold|42/100|[from] item: Rocky Helmet|[of] p1a: Alomomola
|-damage|p1a: Alomomola|79/100
|-damage|p2a: Maushold|26/100|[from] item: Rocky Helmet|[of] p1a: Alomomola
|-damage|p1a: Alomomola|72/100
|-damage|p2a: Maushold|9/100|[from] item: Rocky Helmet|[of] p1a: Alomomola
|-damage|p1a: Alomomola|65/100
|-damage|p2a: Maushold|0 fnt|[from] item: Rocky Helmet|[of] p1a: Alomomola
|faint|p2a: Maushold
|-hitcount|p1a: Alomomola|5
|
|-weather|Snowscape|[upkeep]
|-end|p1a: Alomomola|move: Future Sight
|-damage|p1a: Alomomola|21/100
|upkeep
|c|☆ricethegrain|Broo
|c|☆SL1003|nice one
|inactive|ricethegrain has 120 seconds left.
|
|t:|1743908077
|switch|p2a: Kingambit|Kingambit, F|100/100
|-damage|p2a: Kingambit|94/100|[from] Stealth Rock
|-activate|p2a: Kingambit|ability: Supreme Overlord
|-start|p2a: Kingambit|fallen1|[silent]
|turn|25
|
|t:|1743908082
|switch|p1a: Corviknight|Corviknight, M|100/100
|-ability|p1a: Corviknight|Pressure
|move|p2a: Kingambit|Kowtow Cleave|p1a: Corviknight
|-damage|p1a: Corviknight|64/100
|
|-weather|Snowscape|[upkeep]
|upkeep
|turn|26
|
|t:|1743908090
|-end|p2a: Kingambit|fallen1|[silent]
|switch|p2a: Slowking|Slowking-Galar, F|100/100 brn
|move|p1a: Corviknight|Body Press|p2a: Slowking
|-resisted|p2a: Slowking
|-damage|p2a: Slowking|95/100 brn
|
|-weather|Snowscape|[upkeep]
|-damage|p2a: Slowking|89/100 brn|[from] brn
|upkeep
|turn|27
|
|t:|1743908097
|move|p1a: Corviknight|Roost|p1a: Corviknight
|-heal|p1a: Corviknight|100/100
|-singleturn|p1a: Corviknight|move: Roost
|move|p2a: Slowking|Future Sight|p1a: Corviknight
|-start|p2a: Slowking|move: Future Sight
|
|-weather|none
|-damage|p2a: Slowking|83/100 brn|[from] brn
|upkeep
|turn|28
|
|t:|1743908105
|switch|p1a: Hoopa|Hoopa-Unbound|100/100
|-prepare|p2a: Slowking|Chilly Reception|[premajor]
|move|p2a: Slowking|Chilly Reception|p2a: Slowking
|-weather|Snowscape
|
|t:|1743908107
|switch|p2a: Meowscarada|Meowscarada, F|59/100|[from] Chilly Reception
|-damage|p2a: Meowscarada|47/100|[from] Stealth Rock
|
|-weather|Snowscape|[upkeep]
|upkeep
|turn|29
|
|t:|1743908123
|switch|p1a: Corviknight|Corviknight, M|100/100
|-ability|p1a: Corviknight|Pressure
|move|p2a: Meowscarada|Trick||[still]
|-start|p2a: Meowscarada|typechange|Psychic|[from] ability: Protean
|-fail|p2a: Meowscarada
|
|-weather|Snowscape|[upkeep]
|-end|p1a: Corviknight|move: Future Sight
|-resisted|p1a: Corviknight
|-damage|p1a: Corviknight|76/100
|upkeep
|turn|30
|c|☆ricethegrain|Wait i forgot i got knocked off
|
|t:|1743908145
|move|p2a: Meowscarada|U-turn|p1a: Corviknight
|-resisted|p1a: Corviknight
|-damage|p1a: Corviknight|73/100
|c|☆SL1003|lol
|
|t:|1743908150
|switch|p2a: Slowking|Slowking-Galar, F|100/100 brn|[from] U-turn
|move|p1a: Corviknight|Body Press|p2a: Slowking
|-resisted|p2a: Slowking
|-damage|p2a: Slowking|95/100 brn
|
|-weather|Snowscape|[upkeep]
|-damage|p2a: Slowking|89/100 brn|[from] brn
|upkeep
|turn|31
|
|t:|1743908160
|switch|p1a: Hoopa|Hoopa-Unbound|100/100
|move|p2a: Slowking|Future Sight|p1a: Hoopa
|-start|p2a: Slowking|move: Future Sight
|
|-weather|Snowscape|[upkeep]
|-damage|p2a: Slowking|83/100 brn|[from] brn
|upkeep
|turn|32
|
|t:|1743908169
|move|p1a: Hoopa|Knock Off|p2a: Slowking
|-supereffective|p2a: Slowking
|-damage|p2a: Slowking|10/100 brn
|-enditem|p2a: Slowking|Heavy-Duty Boots|[from] move: Knock Off|[of] p1a: Hoopa
|-prepare|p2a: Slowking|Chilly Reception|[premajor]
|move|p2a: Slowking|Chilly Reception|p2a: Slowking
|
|t:|1743908171
|switch|p2a: Meowscarada|Meowscarada, F|47/100|[from] Chilly Reception
|-damage|p2a: Meowscarada|35/100|[from] Stealth Rock
|
|-weather|none
|upkeep
|turn|33
|
|t:|1743908180
|switch|p2a: Volcanion|Volcanion|100/100
|switch|p1a: Corviknight|Corviknight, M|73/100
|-ability|p1a: Corviknight|Pressure
|
|-end|p1a: Corviknight|move: Future Sight
|-resisted|p1a: Corviknight
|-damage|p1a: Corviknight|50/100
|upkeep
|turn|34
|
|t:|1743908189
|switch|p1a: Blissey|Blissey, F|100/100
|switch|p2a: Landorus|Landorus-Therian, M|84/100
|-damage|p2a: Landorus|72/100|[from] Stealth Rock
|-ability|p2a: Landorus|Intimidate|boost
|-unboost|p1a: Blissey|atk|1
|
|upkeep
|turn|35
|
|t:|1743908196
|switch|p1a: Corviknight|Corviknight, M|50/100
|-ability|p1a: Corviknight|Pressure
|move|p2a: Landorus|Stone Edge|p1a: Corviknight|[miss]
|-miss|p2a: Landorus|p1a: Corviknight
|
|upkeep
|turn|36
|c|☆ricethegrain|BROO
|
|t:|1743908206
|move|p2a: Landorus|Stone Edge|p1a: Corviknight
|-crit|p1a: Corviknight
|-damage|p1a: Corviknight|0 fnt
|faint|p1a: Corviknight
|
|upkeep
|c|☆ricethegrain|lfg
|c|☆SL1003|crit :(
|
|t:|1743908232
|switch|p1a: Alomomola|Alomomola, F|55/100
|turn|37
|
|t:|1743908236
|switch|p2a: Volcanion|Volcanion|100/100
|move|p1a: Alomomola|Wish|p1a: Alomomola
|
|upkeep
|turn|38
|
|t:|1743908241
|move|p1a: Alomomola|Protect|p1a: Alomomola
|-singleturn|p1a: Alomomola|Protect
|move|p2a: Volcanion|Sludge Bomb|p1a: Alomomola
|-activate|p1a: Alomomola|move: Protect
|
|-heal|p1a: Alomomola|100/100|[from] move: Wish|[wisher] Alomomola
|upkeep
|turn|39
|
|t:|1743908248
|switch|p2a: Slowking|Slowking-Galar, F|43/100 brn
|-damage|p2a: Slowking|30/100 brn|[from] Stealth Rock
|switch|p1a: Blissey|Blissey, F|100/100
|
|-damage|p2a: Slowking|24/100 brn|[from] brn
|upkeep
|turn|40
|
|t:|1743908265
|move|p1a: Blissey|Shadow Ball|p2a: Slowking
|-supereffective|p2a: Slowking
|-damage|p2a: Slowking|2/100 brn
|move|p2a: Slowking|Slack Off|p2a: Slowking
|-heal|p2a: Slowking|52/100 brn
|
|-damage|p2a: Slowking|46/100 brn|[from] brn
|upkeep
|turn|41
|
|t:|1743908289
|switch|p1a: Hoopa|Hoopa-Unbound|100/100
|move|p2a: Slowking|Slack Off|p2a: Slowking
|-heal|p2a: Slowking|96/100 brn
|
|-damage|p2a: Slowking|90/100 brn|[from] brn
|upkeep
|turn|42
|
|t:|1743908306
|move|p1a: Hoopa|Psychic Noise|p2a: Slowking
|-damage|p2a: Slowking|52/100 brn
|-start|p2a: Slowking|move: Heal Block
|-prepare|p2a: Slowking|Chilly Reception|[premajor]
|move|p2a: Slowking|Chilly Reception|p2a: Slowking
|-weather|Snowscape
|
|t:|1743908315
|switch|p2a: Landorus|Landorus-Therian, M|72/100|[from] Chilly Reception
|-damage|p2a: Landorus|59/100|[from] Stealth Rock
|-ability|p2a: Landorus|Intimidate|boost
|-unboost|p1a: Hoopa|atk|1
|
|-weather|Snowscape|[upkeep]
|upkeep
|turn|43
|
|t:|1743908323
|switch|p1a: Quagsire|Quagsire, F|100/100
|-terastallize|p2a: Landorus|Ground
|move|p2a: Landorus|Earthquake|p1a: Quagsire
|-damage|p1a: Quagsire|21/100
|
|-weather|Snowscape|[upkeep]
|-heal|p1a: Quagsire|27/100|[from] item: Leftovers
|upkeep
|turn|44
|
|t:|1743908346
|move|p2a: Landorus|Earthquake|p1a: Quagsire
|-damage|p1a: Quagsire|0 fnt
|faint|p1a: Quagsire
|
|-weather|Snowscape|[upkeep]
|upkeep
|
|t:|1743908350
|switch|p1a: Alomomola|Alomomola, F|100/100
|turn|45
|
|t:|1743908355
|switch|p2a: Volcanion|Volcanion|100/100
|move|p1a: Alomomola|Flip Turn|p2a: Volcanion
|-immune|p2a: Volcanion|[from] ability: Water Absorb
|
|-weather|Snowscape|[upkeep]
|upkeep
|turn|46
|
|t:|1743908362
|switch|p1a: Blissey|Blissey, F|100/100
|move|p2a: Volcanion|Sludge Bomb|p1a: Blissey
|-damage|p1a: Blissey|90/100
|-status|p1a: Blissey|psn
|
|-weather|none
|-heal|p1a: Blissey|96/100 psn|[from] item: Leftovers
|-damage|p1a: Blissey|84/100 psn|[from] psn
|upkeep
|turn|47
|
|t:|1743908382
|switch|p2a: Slowking|Slowking-Galar, F|85/100 brn
|-damage|p2a: Slowking|72/100 brn|[from] Stealth Rock
|move|p1a: Blissey|Shadow Ball|p2a: Slowking
|-supereffective|p2a: Slowking
|-damage|p2a: Slowking|49/100 brn
|
|-heal|p1a: Blissey|90/100 psn|[from] item: Leftovers
|-damage|p1a: Blissey|77/100 psn|[from] psn
|-damage|p2a: Slowking|43/100 brn|[from] brn
|upkeep
|turn|48
|
|t:|1743908392
|-curestatus|p1a: Blissey|psn|[from] ability: Natural Cure
|switch|p1a: Hoopa|Hoopa-Unbound|100/100
|-prepare|p2a: Slowking|Chilly Reception|[premajor]
|move|p2a: Slowking|Chilly Reception|p2a: Slowking
|-weather|Snowscape
|
|t:|1743908395
|switch|p2a: Landorus|Landorus-Therian, M, tera:Ground|59/100|[from] Chilly Reception
|-damage|p2a: Landorus|53/100|[from] Stealth Rock
|-ability|p2a: Landorus|Intimidate|boost
|-unboost|p1a: Hoopa|atk|1
|
|-weather|Snowscape|[upkeep]
|upkeep
|turn|49
|
|t:|1743908405
|-terastallize|p1a: Hoopa|Fairy
|move|p2a: Landorus|Earthquake|p1a: Hoopa
|-damage|p1a: Hoopa|0 fnt
|faint|p1a: Hoopa
|
|-weather|Snowscape|[upkeep]
|upkeep
|-message|SL1003 forfeited.
|
|win|ricethegrain
|raw|SL1003's rating: 1419 &rarr; <strong>1399</strong><br />(-20 for losing)
|raw|ricethegrain's rating: 1420 &rarr; <strong>1440</strong><br />(+20 for winning)
|l|☆SL1003
|player|p1|
|l|☆ricethegrain
|player|p2|
