|j|☆Chengdu24
|j|☆Leader bryant
|t:|1743829733
|gametype|singles
|player|p1|Chengdu24|1|1206
|player|p2|Leader bryant|morty|1181
|teamsize|p1|6
|teamsize|p2|6
|gen|9
|tier|[Gen 9] OU
|rated|
|rule|HP Percentage Mod: HP is shown in percentages
|rule|Endless Battle Clause: Forcing endless battles is banned
|rule|Species Clause: Limit one of each Pokémon
|rule|OHKO Clause: OHKO moves are banned
|rule|Evasion Items Clause: Evasion items are banned
|rule|Evasion Moves Clause: Evasion moves are banned
|rule|Sleep Moves Clause: Sleep-inducing moves are banned
|clearpoke
|poke|p1|Gallade, M|
|poke|p1|Ninetales-Alola, M|
|poke|p1|Cetitan, M|
|poke|p1|Cloyster, F|
|poke|p1|Skeledirge, F|
|poke|p1|Great Tusk|
|poke|p2|Pecharunt|
|poke|p2|Ceruledge, M|
|poke|p2|Zoroark-Hisui, M|
|poke|p2|Gholdengo|
|poke|p2|Gengar, F|
|poke|p2|Drifblim, M|
|teampreview
|inactive|Battle timer is ON: inactive players will automatically lose when time's up. (requested by Leader bryant)
|
|t:|1743829760
|start
|switch|p1a: Ninetales|Ninetales-Alola, M|100/100
|switch|p2a: Pecharunt|Pecharunt|100/100
|-weather|Snowscape|[from] ability: Snow Warning|[of] p1a: Ninetales
|turn|1
|
|t:|1743829770
|move|p2a: Pecharunt|Hex|p1a: Ninetales
|-damage|p1a: Ninetales|60/100
|move|p1a: Ninetales|Aurora Veil|p1a: Ninetales
|-sidestart|p1: Chengdu24|move: Aurora Veil
|
|-weather|Snowscape|[upkeep]
|upkeep
|turn|2
|
|t:|1743829783
|move|p2a: Pecharunt|Hex|p1a: Ninetales
|-damage|p1a: Ninetales|40/100
|move|p1a: Ninetales|Encore|p2a: Pecharunt
|-start|p2a: Pecharunt|Encore
|
|-weather|Snowscape|[upkeep]
|upkeep
|turn|3
|
|t:|1743829790
|switch|p1a: Cloyster|Cloyster, F|100/100
|move|p2a: Pecharunt|Hex|p1a: Cloyster
|-damage|p1a: Cloyster|67/100
|
|-weather|Snowscape|[upkeep]
|upkeep
|turn|4
|
|t:|1743829804
|move|p2a: Pecharunt|Hex|p1a: Cloyster
|-damage|p1a: Cloyster|37/100
|move|p1a: Cloyster|Shell Smash|p1a: Cloyster
|-unboost|p1a: Cloyster|def|1
|-unboost|p1a: Cloyster|spd|1
|-boost|p1a: Cloyster|atk|2
|-boost|p1a: Cloyster|spa|2
|-boost|p1a: Cloyster|spe|2
|-enditem|p1a: Cloyster|White Herb
|-clearnegativeboost|p1a: Cloyster|[silent]
|
|-weather|Snowscape|[upkeep]
|upkeep
|turn|5
|
|t:|1743829816
|move|p1a: Cloyster|Icicle Spear|p2a: Pecharunt
|-damage|p2a: Pecharunt|59/100
|replace|p2a: Zoroark|Zoroark-Hisui, M
|-end|p2a: Zoroark|Illusion
|-damage|p2a: Zoroark|14/100
|-damage|p2a: Zoroark|0 fnt
|faint|p2a: Zoroark
|-hitcount|p2: Zoroark|3
|
|-weather|Snowscape|[upkeep]
|-sideend|p1: Chengdu24|move: Aurora Veil
|upkeep
|
|t:|1743829821
|switch|p2a: Gholdengo|Gholdengo|100/100
|turn|6
|
|t:|1743829837
|move|p1a: Cloyster|Razor Shell|p2a: Gholdengo
|-damage|p2a: Gholdengo|30/100
|move|p2a: Gholdengo|Shadow Ball|p1a: Cloyster
|-damage|p1a: Cloyster|0 fnt
|faint|p1a: Cloyster
|
|-weather|Snowscape|[upkeep]
|upkeep
|
|t:|1743829850
|switch|p1a: Great Tusk|Great Tusk|100/100
|turn|7
|
|t:|1743829856
|move|p1a: Great Tusk|Headlong Rush|p2a: Gholdengo
|-supereffective|p2a: Gholdengo
|-crit|p2a: Gholdengo
|-damage|p2a: Gholdengo|0 fnt
|-unboost|p1a: Great Tusk|def|1
|-unboost|p1a: Great Tusk|spd|1
|faint|p2a: Gholdengo
|
|-weather|Snowscape|[upkeep]
|upkeep
|
|t:|1743829861
|switch|p2a: Drifblim|Drifblim, M|100/100
|turn|8
|
|t:|1743829869
|move|p1a: Great Tusk|Ice Spinner|p2a: Drifblim
|-supereffective|p2a: Drifblim
|-damage|p2a: Drifblim|12/100
|-enditem|p2a: Drifblim|Red Card|[of] p1a: Great Tusk
|-end|p1a: Great Tusk|Protosynthesis|[silent]
|drag|p1a: Skeledirge|Skeledirge, F|100/100
|move|p2a: Drifblim|Calm Mind|p2a: Drifblim
|-boost|p2a: Drifblim|spa|1
|-boost|p2a: Drifblim|spd|1
|
|-weather|none
|upkeep
|turn|9
|
|t:|1743829888
|-terastallize|p2a: Drifblim|Ghost
|move|p2a: Drifblim|Shadow Ball|p1a: Skeledirge
|-supereffective|p1a: Skeledirge
|-damage|p1a: Skeledirge|17/100
|move|p1a: Skeledirge|Torch Song|p2a: Drifblim
|-damage|p2a: Drifblim|0 fnt
|-boost|p1a: Skeledirge|spa|1
|faint|p2a: Drifblim
|
|upkeep
|
|t:|1743829899
|switch|p2a: Ceruledge|Ceruledge, M, shiny|100/100
|turn|10
|
|t:|1743829904
|move|p2a: Ceruledge|Swords Dance|p2a: Ceruledge
|-boost|p2a: Ceruledge|atk|2
|move|p1a: Skeledirge|Hex|p2a: Ceruledge
|-supereffective|p2a: Ceruledge
|-damage|p2a: Ceruledge|21/100
|
|upkeep
|turn|11
|
|t:|1743829912
|move|p2a: Ceruledge|Shadow Sneak|p1a: Skeledirge
|-supereffective|p1a: Skeledirge
|-damage|p1a: Skeledirge|0 fnt
|-damage|p2a: Ceruledge|5/100|[from] item: Rocky Helmet|[of] p1a: Skeledirge
|faint|p1a: Skeledirge
|
|upkeep
|
|t:|1743829915
|switch|p1a: Ninetales|Ninetales-Alola, M|40/100
|-weather|Snowscape|[from] ability: Snow Warning|[of] p1a: Ninetales
|turn|12
|
|t:|1743829929
|move|p2a: Ceruledge|Shadow Sneak|p1a: Ninetales
|-crit|p1a: Ninetales
|-damage|p1a: Ninetales|0 fnt
|faint|p1a: Ninetales
|
|-weather|Snowscape|[upkeep]
|upkeep
|
|t:|1743829934
|switch|p1a: Cetitan|Cetitan, M|100/100
|turn|13
|
|t:|1743829942
|move|p1a: Cetitan|Ice Shard|p2a: Ceruledge
|-resisted|p2a: Ceruledge
|-damage|p2a: Ceruledge|0 fnt
|faint|p2a: Ceruledge
|
|-weather|Snowscape|[upkeep]
|upkeep
|
|t:|1743829951
|switch|p2a: Pecharunt|Pecharunt|100/100
|turn|14
|
|t:|1743829958
|move|p1a: Cetitan|Earthquake|p2a: Pecharunt
|-supereffective|p2a: Pecharunt
|-damage|p2a: Pecharunt|65/100
|move|p2a: Pecharunt|Malignant Chain|p1a: Cetitan
|-damage|p1a: Cetitan|50/100
|-status|p1a: Cetitan|tox
|-start|p1a: Cetitan|confusion|[from] ability: Poison Puppeteer|[of] p2a: Pecharunt
|-enditem|p1a: Cetitan|Sitrus Berry|[eat]
|-heal|p1a: Cetitan|75/100 tox|[from] item: Sitrus Berry
|
|-weather|Snowscape|[upkeep]
|-damage|p1a: Cetitan|69/100 tox|[from] psn
|upkeep
|turn|15
|
|t:|1743829971
|-activate|p1a: Cetitan|confusion
|-damage|p1a: Cetitan|55/100 tox|[from] confusion
|move|p2a: Pecharunt|Hex|p1a: Cetitan
|-damage|p1a: Cetitan|0 fnt
|faint|p1a: Cetitan
|
|-weather|Snowscape|[upkeep]
|upkeep
|
|t:|1743829974
|switch|p1a: Great Tusk|Great Tusk|100/100
|turn|16
|
|t:|1743829983
|move|p1a: Great Tusk|Headlong Rush|p2a: Pecharunt
|-supereffective|p2a: Pecharunt
|-damage|p2a: Pecharunt|0 fnt
|-unboost|p1a: Great Tusk|def|1
|-unboost|p1a: Great Tusk|spd|1
|faint|p2a: Pecharunt
|
|-weather|Snowscape|[upkeep]
|upkeep
|
|t:|1743829986
|switch|p2a: Gengar|Gengar, F|100/100
|turn|17
|
|t:|1743829998
|move|p2a: Gengar|Shadow Ball|p1a: Great Tusk
|-damage|p1a: Great Tusk|4/100
|-unboost|p1a: Great Tusk|spd|1
|move|p1a: Great Tusk|Headlong Rush|p2a: Gengar
|-supereffective|p2a: Gengar
|-enditem|p2a: Gengar|Focus Sash
|-damage|p2a: Gengar|1/100
|-unboost|p1a: Great Tusk|def|1
|-unboost|p1a: Great Tusk|spd|1
|-start|p1a: Great Tusk|Disable|Headlong Rush|[from] ability: Cursed Body|[of] p2a: Gengar
|
|-weather|Snowscape|[upkeep]
|upkeep
|turn|18
|
|t:|1743830013
|move|p2a: Gengar|Shadow Ball|p1a: Great Tusk
|-damage|p1a: Great Tusk|0 fnt
|faint|p1a: Great Tusk
|-end|p1a: Great Tusk|Protosynthesis|[silent]
|
|-weather|Snowscape|[upkeep]
|upkeep
|
|t:|1743830014
|switch|p1a: Gallade|Gallade, M|100/100
|turn|19
|
|t:|1743830026
|move|p1a: Gallade|Aqua Cutter|p2a: Gengar
|-damage|p2a: Gengar|0 fnt
|faint|p2a: Gengar
|
|win|Chengdu24
|raw|Chengdu24's rating: 1206 &rarr; <strong>1229</strong><br />(+23 for winning)
|raw|Leader bryant's rating: 1181 &rarr; <strong>1158</strong><br />(-23 for losing)
|l|☆Leader bryant
|player|p2|
|l|☆Chengdu24
|player|p1|
