|j|☆LucaLLD
|j|☆yangde
|t:|1743916100
|gametype|singles
|player|p1|LucaLLD|102|1302
|player|p2|yangde|101|1270
|teamsize|p1|6
|teamsize|p2|6
|gen|9
|tier|[Gen 9] OU
|rated|
|rule|HP Percentage Mod: HP is shown in percentages
|rule|Endless Battle Clause: Forcing endless battles is banned
|rule|Species Clause: Limit one of each Pokémon
|rule|OHKO Clause: OHKO moves are banned
|rule|Evasion Items Clause: Evasion items are banned
|rule|Evasion Moves Clause: Evasion moves are banned
|rule|Sleep Moves Clause: Sleep-inducing moves are banned
|clearpoke
|poke|p1|Gholdengo|
|poke|p1|Latias, F|
|poke|p1|Tyranitar, M|
|poke|p1|Gliscor, M|
|poke|p1|Weezing-Galar, M|
|poke|p1|Ogerpon-Wellspring, F|
|poke|p2|Ogerpon-Wellspring, F|
|poke|p2|Iron Moth|
|poke|p2|Pecharunt|
|poke|p2|Raging Bolt|
|poke|p2|Kingambit, F|
|poke|p2|Landorus-Therian, M|
|teampreview
|inactive|Battle timer is ON: inactive players will automatically lose when time's up. (requested by yangde)
|inactive|LucaLLD has 120 seconds left.
|inactive|LucaLLD has 90 seconds left.
|
|t:|1743916352
|start
|switch|p1a: Gliscor|Gliscor, M|100/100
|switch|p2a: Ogerpon|Ogerpon-Wellspring, F|100/100
|turn|1
|
|t:|1743916378
|move|p1a: Gliscor|Protect|p1a: Gliscor
|-singleturn|p1a: Gliscor|Protect
|move|p2a: Ogerpon|Power Whip|p1a: Gliscor
|-activate|p1a: Gliscor|move: Protect
|
|-status|p1a: Gliscor|tox|[from] item: Toxic Orb
|upkeep
|turn|2
|
|t:|1743916389
|move|p2a: Ogerpon|Power Whip|p1a: Gliscor
|-damage|p1a: Gliscor|53/100 tox
|move|p1a: Gliscor|Toxic|p2a: Ogerpon
|-status|p2a: Ogerpon|tox
|
|-damage|p2a: Ogerpon|95/100 tox|[from] psn
|-heal|p1a: Gliscor|65/100 tox|[from] ability: Poison Heal
|upkeep
|turn|3
|
|t:|1743916400
|move|p1a: Gliscor|Protect|p1a: Gliscor
|-singleturn|p1a: Gliscor|Protect
|move|p2a: Ogerpon|Power Whip|p1a: Gliscor
|-activate|p1a: Gliscor|move: Protect
|
|-damage|p2a: Ogerpon|83/100 tox|[from] psn
|-heal|p1a: Gliscor|77/100 tox|[from] ability: Poison Heal
|upkeep
|turn|4
|
|t:|1743916411
|move|p2a: Ogerpon|Power Whip|p1a: Gliscor
|-damage|p1a: Gliscor|32/100 tox
|move|p1a: Gliscor|Lunge|p2a: Ogerpon
|-supereffective|p2a: Ogerpon
|-damage|p2a: Ogerpon|34/100 tox
|-unboost|p2a: Ogerpon|atk|1
|
|-damage|p2a: Ogerpon|16/100 tox|[from] psn
|-heal|p1a: Gliscor|44/100 tox|[from] ability: Poison Heal
|upkeep
|turn|5
|
|t:|1743916435
|switch|p2a: Landorus|Landorus-Therian, M|100/100
|-ability|p2a: Landorus|Intimidate|boost
|-unboost|p1a: Gliscor|atk|1
|move|p1a: Gliscor|Protect||[still]
|-fail|p1a: Gliscor
|
|-heal|p1a: Gliscor|57/100 tox|[from] ability: Poison Heal
|upkeep
|turn|6
|
|t:|1743916442
|-terastallize|p2a: Landorus|Ice
|move|p2a: Landorus|Tera Blast|p1a: Gliscor|[anim] Tera Blast Ice
|-supereffective|p1a: Gliscor
|-damage|p1a: Gliscor|0 fnt
|faint|p1a: Gliscor
|
|upkeep
|
|t:|1743916456
|switch|p1a: Fugly|Ogerpon-Wellspring, F|100/100
|turn|7
|
|t:|1743916470
|move|p2a: Landorus|Tera Blast|p1a: Fugly|[anim] Tera Blast Ice
|-damage|p1a: Fugly|46/100
|move|p1a: Fugly|Ivy Cudgel|p2a: Landorus|[anim] Ivy Cudgel Water
|-damage|p2a: Landorus|36/100
|
|upkeep
|turn|8
|
|t:|1743916486
|-terastallize|p1a: Fugly|Water
|detailschange|p1a: Fugly|Ogerpon-Wellspring-Tera, F, tera:Water
|-ability|p1a: Fugly|Embody Aspect (Wellspring)|boost
|-boost|p1a: Fugly|spd|1
|move|p2a: Landorus|Tera Blast|p1a: Fugly|[anim] Tera Blast Ice
|-resisted|p1a: Fugly
|-damage|p1a: Fugly|18/100
|move|p1a: Fugly|Ivy Cudgel|p2a: Landorus|[anim] Ivy Cudgel Water
|-damage|p2a: Landorus|0 fnt
|faint|p2a: Landorus
|
|upkeep
|
|t:|1743916500
|switch|p2a: Raging Bolt|Raging Bolt|100/100
|-enditem|p2a: Raging Bolt|Booster Energy
|-activate|p2a: Raging Bolt|ability: Protosynthesis|[fromitem]
|-start|p2a: Raging Bolt|protosynthesisspa
|turn|9
|
|t:|1743916511
|switch|p1a: Zilla|Tyranitar, M|100/100
|-weather|Sandstorm|[from] ability: Sand Stream|[of] p1a: Zilla
|move|p2a: Raging Bolt|Thunderbolt|p1a: Zilla
|-damage|p1a: Zilla|79/100
|
|-weather|Sandstorm|[upkeep]
|-damage|p2a: Raging Bolt|94/100|[from] Sandstorm
|upkeep
|turn|10
|
|t:|1743916539
|move|p2a: Raging Bolt|Thunderbolt|p1a: Zilla
|-damage|p1a: Zilla|58/100
|move|p1a: Zilla|Knock Off|p2a: Raging Bolt
|-damage|p2a: Raging Bolt|66/100
|
|-weather|Sandstorm|[upkeep]
|-damage|p2a: Raging Bolt|60/100|[from] Sandstorm
|upkeep
|turn|11
|
|t:|1743916549
|move|p2a: Raging Bolt|Thunderbolt|p1a: Zilla
|-damage|p1a: Zilla|36/100
|move|p1a: Zilla|Earthquake|p2a: Raging Bolt
|-supereffective|p2a: Raging Bolt
|-damage|p2a: Raging Bolt|0 fnt
|faint|p2a: Raging Bolt
|-end|p2a: Raging Bolt|Protosynthesis|[silent]
|
|-weather|Sandstorm|[upkeep]
|upkeep
|
|t:|1743916556
|switch|p2a: Ogerpon|Ogerpon-Wellspring, F|16/100 tox
|turn|12
|
|t:|1743916563
|switch|p1a: Weezing|Weezing-Galar, M|100/100
|move|p2a: Ogerpon|Ivy Cudgel|p1a: Weezing|[anim] Ivy Cudgel Water
|-damage|p1a: Weezing|60/100
|
|-weather|Sandstorm|[upkeep]
|-damage|p2a: Ogerpon|10/100 tox|[from] Sandstorm
|-damage|p1a: Weezing|54/100|[from] Sandstorm
|-heal|p1a: Weezing|60/100|[from] item: Leftovers
|-damage|p2a: Ogerpon|4/100 tox|[from] psn
|upkeep
|turn|13
|
|t:|1743916576
|switch|p1a: Fugly|Ogerpon-Wellspring-Tera, F, tera:Water|18/100
|-ability|p1a: Fugly|Embody Aspect (Wellspring)|boost
|-boost|p1a: Fugly|spd|1
|move|p2a: Ogerpon|Ivy Cudgel|p1a: Fugly|[anim] Ivy Cudgel Water
|-resisted|p1a: Fugly
|-crit|p1a: Fugly
|-damage|p1a: Fugly|0 fnt
|faint|p1a: Fugly
|
|-weather|none
|-damage|p2a: Ogerpon|0 fnt|[from] psn
|faint|p2a: Ogerpon
|upkeep
|inactive|LucaLLD has 120 seconds left.
|
|t:|1743916625
|switch|p2a: Iron Moth|Iron Moth|100/100
|switch|p1a: Clown|Gholdengo|100/100
|-enditem|p2a: Iron Moth|Booster Energy
|-activate|p2a: Iron Moth|ability: Quark Drive|[fromitem]
|-start|p2a: Iron Moth|quarkdrivespe
|turn|14
|
|t:|1743916643
|switch|p1a: Tracer|Latias, F, shiny|100/100
|move|p2a: Iron Moth|Fiery Dance|p1a: Tracer
|-resisted|p1a: Tracer
|-damage|p1a: Tracer|93/100
|
|upkeep
|turn|15
|
|t:|1743916654
|move|p2a: Iron Moth|Dazzling Gleam|p1a: Tracer
|-supereffective|p1a: Tracer
|-damage|p1a: Tracer|71/100
|move|p1a: Tracer|Thunderbolt|p2a: Iron Moth
|-damage|p2a: Iron Moth|74/100
|
|upkeep
|turn|16
|
|t:|1743916662
|move|p2a: Iron Moth|Dazzling Gleam|p1a: Tracer
|-supereffective|p1a: Tracer
|-damage|p1a: Tracer|50/100
|move|p1a: Tracer|Mist Ball|p2a: Iron Moth
|-supereffective|p2a: Iron Moth
|-damage|p2a: Iron Moth|0 fnt
|faint|p2a: Iron Moth
|-end|p2a: Iron Moth|Quark Drive|[silent]
|
|upkeep
|
|t:|1743916669
|switch|p2a: Pecharunt|Pecharunt|100/100
|turn|17
|
|t:|1743916675
|move|p1a: Tracer|Mist Ball|p2a: Pecharunt
|-supereffective|p2a: Pecharunt
|-damage|p2a: Pecharunt|18/100
|move|p2a: Pecharunt|Malignant Chain|p1a: Tracer
|-damage|p1a: Tracer|36/100
|
|upkeep
|turn|18
|
|t:|1743916685
|move|p1a: Tracer|Thunderbolt|p2a: Pecharunt
|-damage|p2a: Pecharunt|0 fnt
|faint|p2a: Pecharunt
|
|upkeep
|
|t:|1743916689
|switch|p2a: Kingambit|Kingambit, F|100/100
|-activate|p2a: Kingambit|ability: Supreme Overlord
|-start|p2a: Kingambit|fallen5|[silent]
|turn|19
|
|t:|1743916708
|move|p1a: Tracer|Thunderbolt|p2a: Kingambit
|-damage|p2a: Kingambit|77/100
|-status|p2a: Kingambit|par
|move|p2a: Kingambit|Swords Dance|p2a: Kingambit
|-boost|p2a: Kingambit|atk|2
|
|-heal|p2a: Kingambit|83/100 par|[from] item: Leftovers
|upkeep
|turn|20
|
|t:|1743916723
|move|p1a: Tracer|Thunderbolt|p2a: Kingambit
|-damage|p2a: Kingambit|59/100 par
|move|p2a: Kingambit|Kowtow Cleave|p1a: Tracer
|-supereffective|p1a: Tracer
|-damage|p1a: Tracer|0 fnt
|faint|p1a: Tracer
|
|-heal|p2a: Kingambit|65/100 par|[from] item: Leftovers
|upkeep
|
|t:|1743916733
|switch|p1a: Zilla|Tyranitar, M|36/100
|-weather|Sandstorm|[from] ability: Sand Stream|[of] p1a: Zilla
|turn|21
|
|t:|1743916739
|move|p2a: Kingambit|Sucker Punch|p1a: Zilla
|-resisted|p1a: Zilla
|-damage|p1a: Zilla|0 fnt
|faint|p1a: Zilla
|
|-weather|Sandstorm|[upkeep]
|-heal|p2a: Kingambit|72/100 par|[from] item: Leftovers
|upkeep
|
|t:|1743916745
|switch|p1a: Weezing|Weezing-Galar, M|60/100
|turn|22
|
|t:|1743916749
|move|p2a: Kingambit|Sucker Punch|p1a: Weezing
|-resisted|p1a: Weezing
|-damage|p1a: Weezing|18/100
|move|p1a: Weezing|Fire Blast|p2a: Kingambit
|-supereffective|p2a: Kingambit
|-damage|p2a: Kingambit|22/100 par
|
|-weather|Sandstorm|[upkeep]
|-damage|p1a: Weezing|12/100|[from] Sandstorm
|-heal|p1a: Weezing|18/100|[from] item: Leftovers
|-heal|p2a: Kingambit|28/100 par|[from] item: Leftovers
|upkeep
|turn|23
|
|t:|1743916759
|move|p2a: Kingambit|Sucker Punch|p1a: Weezing
|-resisted|p1a: Weezing
|-damage|p1a: Weezing|0 fnt
|faint|p1a: Weezing
|
|-weather|Sandstorm|[upkeep]
|-heal|p2a: Kingambit|34/100 par|[from] item: Leftovers
|upkeep
|
|t:|1743916765
|switch|p1a: Clown|Gholdengo|100/100
|turn|24
|
|t:|1743916774
|move|p2a: Kingambit|Sucker Punch|p1a: Clown
|-supereffective|p1a: Clown
|-damage|p1a: Clown|0 fnt
|faint|p1a: Clown
|
|win|yangde
|raw|LucaLLD's rating: 1302 &rarr; <strong>1280</strong><br />(-22 for losing)
|raw|yangde's rating: 1270 &rarr; <strong>1297</strong><br />(+27 for winning)
|l|☆LucaLLD
|player|p1|
|l|☆yangde
|player|p2|
