|j|☆alegthegoat
|j|☆thvrybstno1evrws69
|t:|1743829679
|gametype|singles
|player|p1|alegthegoat|volkner|1143
|player|p2|thvrybstno1evrws69|pokemonranger-gen4|1104
|teamsize|p1|6
|teamsize|p2|6
|gen|9
|tier|[Gen 9] OU
|rated|
|rule|HP Percentage Mod: HP is shown in percentages
|rule|Endless Battle Clause: Forcing endless battles is banned
|rule|Species Clause: Limit one of each Pokémon
|rule|OHKO Clause: OHKO moves are banned
|rule|Evasion Items Clause: Evasion items are banned
|rule|Evasion Moves Clause: Evasion moves are banned
|rule|Sleep Moves Clause: Sleep-inducing moves are banned
|clearpoke
|poke|p1|Zamazenta-*|
|poke|p1|Rillaboom, F|
|poke|p1|Zarude-Dada|
|poke|p1|Hatterene, F|
|poke|p1|Landorus-Therian, M|
|poke|p1|Pecharunt|
|poke|p2|Kingambit, F|
|poke|p2|Landorus-Therian, M|
|poke|p2|Zapdos|
|poke|p2|Rillaboom, F|
|poke|p2|Enamorus, F|
|poke|p2|Meowscarada, M|
|teampreview
|inactive|Battle timer is ON: inactive players will automatically lose when time's up. (requested by alegthegoat)
|
|t:|1743829699
|start
|switch|p1a: Pecharunt|Pecharunt|100/100
|switch|p2a: Meowscarada|Meowscarada, M|100/100
|-item|p1a: Pecharunt|Air Balloon
|turn|1
|
|t:|1743829705
|move|p2a: Meowscarada|Knock Off|p1a: Pecharunt
|-supereffective|p1a: Pecharunt
|-damage|p1a: Pecharunt|12/100
|-enditem|p1a: Pecharunt|Air Balloon
|move|p1a: Pecharunt|Parting Shot|p2a: Meowscarada
|-unboost|p2a: Meowscarada|atk|1
|-unboost|p2a: Meowscarada|spa|1
|
|t:|1743829722
|switch|p1a: Hatterene|Hatterene, F|100/100|[from] Parting Shot
|
|upkeep
|turn|2
|
|t:|1743829731
|switch|p2a: Zapdos|Zapdos|100/100
|move|p1a: Hatterene|Nuzzle|p2a: Zapdos
|-damage|p2a: Zapdos|96/100
|
|upkeep
|turn|3
|
|t:|1743829737
|move|p2a: Zapdos|Discharge|p1a: Hatterene
|-damage|p1a: Hatterene|76/100
|move|p1a: Hatterene|Psychic|p2a: Zapdos
|-damage|p2a: Zapdos|34/100
|-unboost|p2a: Zapdos|spd|1
|
|upkeep
|turn|4
|
|t:|1743829752
|move|p2a: Zapdos|Discharge|p1a: Hatterene
|-damage|p1a: Hatterene|50/100
|move|p1a: Hatterene|Mystical Fire|p2a: Zapdos
|-damage|p2a: Zapdos|0 fnt
|faint|p2a: Zapdos
|
|upkeep
|
|t:|1743829757
|switch|p2a: Kingambit|Kingambit, F|100/100
|turn|5
|
|t:|1743829763
|switch|p1a: Pecharunt|Pecharunt|12/100
|move|p2a: Kingambit|Iron Head|p1a: Pecharunt
|-damage|p1a: Pecharunt|0 fnt
|faint|p1a: Pecharunt
|
|upkeep
|
|t:|1743829766
|switch|p1a: Landorus|Landorus-Therian, M|100/100
|-ability|p1a: Landorus|Intimidate|boost
|-unboost|p2a: Kingambit|atk|1
|-ability|p2a: Kingambit|Defiant|boost
|-boost|p2a: Kingambit|atk|2
|turn|6
|
|t:|1743829772
|move|p1a: Landorus|Earth Power|p2a: Kingambit
|-supereffective|p2a: Kingambit
|-damage|p2a: Kingambit|23/100
|move|p2a: Kingambit|Swords Dance|p2a: Kingambit
|-boost|p2a: Kingambit|atk|2
|
|-heal|p2a: Kingambit|29/100|[from] item: Leftovers
|upkeep
|turn|7
|
|t:|1743829776
|-terastallize|p2a: Kingambit|Flying
|move|p1a: Landorus|Stealth Rock|p2a: Kingambit
|-sidestart|p2: thvrybstno1evrws69|move: Stealth Rock
|move|p2a: Kingambit|Iron Head|p1a: Landorus
|-crit|p1a: Landorus
|-damage|p1a: Landorus|0 fnt
|-damage|p2a: Kingambit|12/100|[from] item: Rocky Helmet|[of] p1a: Landorus
|faint|p1a: Landorus
|
|-heal|p2a: Kingambit|18/100|[from] item: Leftovers
|upkeep
|
|t:|1743829786
|switch|p1a: Rillaboom|Rillaboom, F|100/100
|-fieldstart|move: Grassy Terrain|[from] ability: Grassy Surge|[of] p1a: Rillaboom
|turn|8
|
|t:|1743829791
|move|p1a: Rillaboom|Grassy Glide|p2a: Kingambit
|-resisted|p2a: Kingambit
|-damage|p2a: Kingambit|2/100
|move|p2a: Kingambit|Sucker Punch||[still]
|-fail|p2a: Kingambit
|
|-heal|p2a: Kingambit|8/100|[from] item: Leftovers
|upkeep
|turn|9
|
|t:|1743829802
|switch|p2a: Rillaboom|Rillaboom, F|100/100
|-damage|p2a: Rillaboom|88/100|[from] Stealth Rock
|move|p1a: Rillaboom|Grassy Glide|p2a: Rillaboom
|-resisted|p2a: Rillaboom
|-damage|p2a: Rillaboom|67/100
|
|-heal|p2a: Rillaboom|73/100|[from] Grassy Terrain
|upkeep
|turn|10
|
|t:|1743829805
|move|p2a: Rillaboom|Grassy Glide|p1a: Rillaboom
|-resisted|p1a: Rillaboom
|-crit|p1a: Rillaboom
|-damage|p1a: Rillaboom|55/100
|move|p1a: Rillaboom|U-turn|p2a: Rillaboom
|-supereffective|p2a: Rillaboom
|-damage|p2a: Rillaboom|17/100
|
|t:|1743829809
|switch|p1a: Zarude|Zarude-Dada|100/100|[from] U-turn
|
|-heal|p2a: Rillaboom|24/100|[from] Grassy Terrain
|upkeep
|turn|11
|
|t:|1743829814
|move|p2a: Rillaboom|Grassy Glide|p1a: Zarude
|-resisted|p1a: Zarude
|-damage|p1a: Zarude|73/100
|move|p1a: Zarude|Bulk Up|p1a: Zarude
|-boost|p1a: Zarude|atk|1
|-boost|p1a: Zarude|def|1
|
|-heal|p1a: Zarude|79/100|[from] Grassy Terrain
|-heal|p2a: Rillaboom|30/100|[from] Grassy Terrain
|upkeep
|turn|12
|
|t:|1743829825
|switch|p2a: Kingambit|Kingambit, F, tera:Flying|8/100
|-damage|p2a: Kingambit|0 fnt|[from] Stealth Rock
|faint|p2a: Kingambit
|move|p1a: Zarude|Drain Punch|p2: Kingambit|[notarget]
|-fail|p1a: Zarude
|
|-heal|p1a: Zarude|85/100|[from] Grassy Terrain
|upkeep
|
|t:|1743829829
|switch|p2a: Landorus|Landorus-Therian, M|100/100
|-damage|p2a: Landorus|88/100|[from] Stealth Rock
|-ability|p2a: Landorus|Intimidate|boost
|-unboost|p1a: Zarude|atk|1
|turn|13
|
|t:|1743829834
|switch|p1a: Hatterene|Hatterene, F|50/100
|move|p2a: Landorus|U-turn|p1a: Hatterene
|-damage|p1a: Hatterene|5/100
|
|t:|1743829839
|switch|p2a: Meowscarada|Meowscarada, M|100/100|[from] U-turn
|-damage|p2a: Meowscarada|88/100|[from] Stealth Rock
|
|-heal|p2a: Meowscarada|94/100|[from] Grassy Terrain
|-heal|p1a: Hatterene|11/100|[from] Grassy Terrain
|upkeep
|turn|14
|
|t:|1743829852
|move|p2a: Meowscarada|U-turn|p1a: Hatterene
|-damage|p1a: Hatterene|0 fnt
|faint|p1a: Hatterene
|
|t:|1743829864
|switch|p2a: Enamorus|Enamorus, F|100/100|[from] U-turn
|-damage|p2a: Enamorus|76/100|[from] Stealth Rock
|
|upkeep
|
|t:|1743829877
|switch|p1a: Zamazenta|Zamazenta|100/100
|-ability|p1a: Zamazenta|Dauntless Shield|boost
|-boost|p1a: Zamazenta|def|1
|-enditem|p1a: Zamazenta|Grassy Seed
|-boost|p1a: Zamazenta|def|1|[from] item: Grassy Seed
|turn|15
|
|t:|1743829892
|move|p2a: Enamorus|Play Rough|p1a: Zamazenta
|-supereffective|p1a: Zamazenta
|-damage|p1a: Zamazenta|64/100
|move|p1a: Zamazenta|Heavy Slam|p2a: Enamorus
|-supereffective|p2a: Enamorus
|-damage|p2a: Enamorus|0 fnt
|faint|p2a: Enamorus
|
|-heal|p1a: Zamazenta|70/100|[from] Grassy Terrain
|-fieldend|move: Grassy Terrain
|upkeep
|
|t:|1743829907
|switch|p2a: Landorus|Landorus-Therian, M|88/100
|-damage|p2a: Landorus|75/100|[from] Stealth Rock
|-ability|p2a: Landorus|Intimidate|boost
|-unboost|p1a: Zamazenta|atk|1
|turn|16
|
|t:|1743829914
|move|p1a: Zamazenta|Body Press|p2a: Landorus
|-resisted|p2a: Landorus
|-damage|p2a: Landorus|27/100
|move|p2a: Landorus|Earthquake|p1a: Zamazenta
|-damage|p1a: Zamazenta|40/100
|
|upkeep
|turn|17
|
|t:|1743829920
|move|p1a: Zamazenta|Body Press|p2a: Landorus
|-resisted|p2a: Landorus
|-damage|p2a: Landorus|0 fnt
|faint|p2a: Landorus
|
|upkeep
|
|t:|1743829924
|switch|p2a: Meowscarada|Meowscarada, M|94/100
|-damage|p2a: Meowscarada|82/100|[from] Stealth Rock
|turn|18
|
|t:|1743829926
|move|p1a: Zamazenta|Body Press|p2a: Meowscarada
|-supereffective|p2a: Meowscarada
|-damage|p2a: Meowscarada|0 fnt
|faint|p2a: Meowscarada
|
|upkeep
|-message|thvrybstno1evrws69 forfeited.
|
|win|alegthegoat
|raw|alegthegoat's rating: 1143 &rarr; <strong>1165</strong><br />(+22 for winning)
|raw|thvrybstno1evrws69's rating: 1104 &rarr; <strong>1082</strong><br />(-22 for losing)
|l|☆thvrybstno1evrws69
|player|p2|
|l|☆alegthegoat
|player|p1|
