|j|☆caijin
|j|☆boyyyyyyyyyyyy
|t:|1743916888
|gametype|singles
|player|p1|caijin|bianca|1050
|player|p2|boyyyyyyyyyyyy|2|1033
|teamsize|p1|6
|teamsize|p2|6
|gen|9
|tier|[Gen 9] OU
|rated|
|rule|HP Percentage Mod: HP is shown in percentages
|rule|Endless Battle Clause: Forcing endless battles is banned
|rule|Species Clause: Limit one of each Pokémon
|rule|OHKO Clause: OHKO moves are banned
|rule|Evasion Items Clause: Evasion items are banned
|rule|Evasion Moves Clause: Evasion moves are banned
|rule|Sleep Moves Clause: Sleep-inducing moves are banned
|clearpoke
|poke|p1|Serperior, F|
|poke|p1|Meowstic, M|
|poke|p1|Alcremie-Rainbow-Swirl, F|
|poke|p1|Cinccino, F|
|poke|p1|Chandelure, M|
|poke|p1|Umbreon, F|
|poke|p2|Goodra-Hisui, M|
|poke|p2|Skeledirge, F|
|poke|p2|Krookodile, F|
|poke|p2|Lapras, F|
|poke|p2|Decidueye-Hisui, F|
|poke|p2|Latias, F|
|teampreview
|inactive|Battle timer is ON: inactive players will automatically lose when time's up. (requested by caijin)
|
|t:|1743916897
|start
|switch|p1a: Meowstic|Meowstic, M|100/100
|switch|p2a: Lapras|Lapras, F|100/100
|turn|1
|
|t:|1743916911
|move|p1a: Meowstic|Thunder Wave|p2a: Lapras
|-status|p2a: Lapras|par
|move|p2a: Lapras|Hydro Pump|p1a: Meowstic
|-damage|p1a: Meowstic|54/100
|
|upkeep
|turn|2
|
|t:|1743916926
|move|p1a: Meowstic|Reflect|p1a: Meowstic
|-sidestart|p1: caijin|Reflect
|move|p2a: Lapras|Freeze-Dry|p1a: Meowstic
|-damage|p1a: Meowstic|27/100
|
|upkeep
|turn|3
|
|t:|1743916931
|move|p1a: Meowstic|Light Screen|p1a: Meowstic
|-sidestart|p1: caijin|move: Light Screen
|move|p2a: Lapras|Earthquake|p1a: Meowstic
|-damage|p1a: Meowstic|14/100
|
|upkeep
|turn|4
|
|t:|1743916937
|switch|p1a: Serperior|Serperior, F|100/100
|cant|p2a: Lapras|par
|
|upkeep
|turn|5
|
|t:|1743916958
|switch|p2a: Skeledirge|Skeledirge, F|100/100
|move|p1a: Serperior|Knock Off|p2a: Skeledirge
|-supereffective|p2a: Skeledirge
|-damage|p2a: Skeledirge|67/100
|-enditem|p2a: Skeledirge|Heavy-Duty Boots|[from] move: Knock Off|[of] p1a: Serperior
|
|upkeep
|turn|6
|
|t:|1743916966
|move|p1a: Serperior|Knock Off|p2a: Skeledirge
|-supereffective|p2a: Skeledirge
|-damage|p2a: Skeledirge|37/100
|move|p2a: Skeledirge|Torch Song|p1a: Serperior
|-supereffective|p1a: Serperior
|-damage|p1a: Serperior|57/100
|-boost|p2a: Skeledirge|spa|1
|
|upkeep
|turn|7
|
|t:|1743916974
|move|p1a: Serperior|Knock Off|p2a: Skeledirge
|-supereffective|p2a: Skeledirge
|-damage|p2a: Skeledirge|2/100
|move|p2a: Skeledirge|Torch Song|p1a: Serperior
|-supereffective|p1a: Serperior
|-damage|p1a: Serperior|0 fnt
|-boost|p2a: Skeledirge|spa|1
|faint|p1a: Serperior
|
|upkeep
|
|t:|1743916993
|switch|p1a: Cinccino|Cinccino, F|100/100
|turn|8
|
|t:|1743917000
|move|p1a: Cinccino|Knock Off|p2a: Skeledirge
|-supereffective|p2a: Skeledirge
|-damage|p2a: Skeledirge|0 fnt
|faint|p2a: Skeledirge
|
|upkeep
|
|t:|1743917005
|switch|p2a: Decidueye|Decidueye-Hisui, F|100/100
|turn|9
|
|t:|1743917016
|-terastallize|p1a: Cinccino|Ghost
|move|p1a: Cinccino|Tidy Up|p1a: Cinccino
|-boost|p1a: Cinccino|atk|1
|-boost|p1a: Cinccino|spe|1
|move|p2a: Decidueye|Knock Off|p1a: Cinccino
|-supereffective|p1a: Cinccino
|-damage|p1a: Cinccino|37/100
|-enditem|p1a: Cinccino|Heavy-Duty Boots|[from] move: Knock Off|[of] p2a: Decidueye
|
|-sideend|p1: caijin|Reflect
|upkeep
|turn|10
|
|t:|1743917032
|move|p1a: Cinccino|Triple Axel|p2a: Decidueye
|-supereffective|p2a: Decidueye
|-damage|p2a: Decidueye|80/100
|-supereffective|p2a: Decidueye
|-damage|p2a: Decidueye|44/100
|-supereffective|p2a: Decidueye
|-damage|p2a: Decidueye|0 fnt
|faint|p2a: Decidueye
|-hitcount|p2: Decidueye|3
|
|-sideend|p1: caijin|move: Light Screen
|upkeep
|
|t:|1743917043
|switch|p2a: Krookodile|Krookodile, F|100/100
|-ability|p2a: Krookodile|Intimidate|boost
|-unboost|p1a: Cinccino|atk|1
|turn|11
|
|t:|1743917051
|move|p1a: Cinccino|Triple Axel|p2a: Krookodile
|-supereffective|p2a: Krookodile
|-damage|p2a: Krookodile|90/100
|-supereffective|p2a: Krookodile
|-damage|p2a: Krookodile|68/100
|-supereffective|p2a: Krookodile
|-damage|p2a: Krookodile|30/100
|-hitcount|p2a: Krookodile|3
|move|p2a: Krookodile|Lash Out|p1a: Cinccino
|-supereffective|p1a: Cinccino
|-damage|p1a: Cinccino|0 fnt
|faint|p1a: Cinccino
|
|upkeep
|
|t:|1743917064
|switch|p1a: Alcremie|Alcremie-Rainbow-Swirl, F|100/100
|turn|12
|
|t:|1743917071
|move|p2a: Krookodile|Gunk Shot|p1a: Alcremie|[miss]
|-miss|p2a: Krookodile|p1a: Alcremie
|move|p1a: Alcremie|Acid Armor|p1a: Alcremie
|-boost|p1a: Alcremie|def|2
|
|upkeep
|turn|13
|
|t:|1743917078
|move|p2a: Krookodile|Gunk Shot|p1a: Alcremie
|-supereffective|p1a: Alcremie
|-damage|p1a: Alcremie|62/100
|-status|p1a: Alcremie|psn
|move|p1a: Alcremie|Acid Armor|p1a: Alcremie
|-boost|p1a: Alcremie|def|2
|
|-heal|p1a: Alcremie|68/100 psn|[from] item: Leftovers
|-damage|p1a: Alcremie|56/100 psn|[from] psn
|upkeep
|turn|14
|
|t:|1743917091
|move|p2a: Krookodile|Gunk Shot|p1a: Alcremie
|-supereffective|p1a: Alcremie
|-damage|p1a: Alcremie|30/100 psn
|move|p1a: Alcremie|Draining Kiss|p2a: Krookodile
|-supereffective|p2a: Krookodile
|-damage|p2a: Krookodile|0 fnt
|-heal|p1a: Alcremie|51/100 psn|[from] drain|[of] p2a: Krookodile
|faint|p2a: Krookodile
|
|-heal|p1a: Alcremie|57/100 psn|[from] item: Leftovers
|-damage|p1a: Alcremie|45/100 psn|[from] psn
|upkeep
|
|t:|1743917110
|switch|p2a: Goodra|Goodra-Hisui, M|100/100
|turn|15
|
|t:|1743917123
|move|p1a: Alcremie|Draining Kiss|p2a: Goodra
|-damage|p2a: Goodra|86/100
|-heal|p1a: Alcremie|56/100 psn|[from] drain|[of] p2a: Goodra
|move|p2a: Goodra|Iron Head|p1a: Alcremie
|-supereffective|p1a: Alcremie
|-damage|p1a: Alcremie|35/100 psn
|
|-heal|p1a: Alcremie|41/100 psn|[from] item: Leftovers
|-damage|p1a: Alcremie|29/100 psn|[from] psn
|upkeep
|turn|16
|
|t:|1743917138
|move|p1a: Alcremie|Calm Mind|p1a: Alcremie
|-boost|p1a: Alcremie|spa|1
|-boost|p1a: Alcremie|spd|1
|move|p2a: Goodra|Hydro Pump|p1a: Alcremie|[miss]
|-miss|p2a: Goodra|p1a: Alcremie
|
|-heal|p1a: Alcremie|35/100 psn|[from] item: Leftovers
|-damage|p1a: Alcremie|23/100 psn|[from] psn
|upkeep
|turn|17
|
|t:|1743917150
|move|p1a: Alcremie|Draining Kiss|p2a: Goodra
|-damage|p2a: Goodra|63/100
|-heal|p1a: Alcremie|39/100 psn|[from] drain|[of] p2a: Goodra
|move|p2a: Goodra|Hydro Pump|p1a: Alcremie
|-damage|p1a: Alcremie|19/100 psn
|
|-heal|p1a: Alcremie|25/100 psn|[from] item: Leftovers
|-damage|p1a: Alcremie|13/100 psn|[from] psn
|upkeep
|turn|18
|
|t:|1743917170
|move|p1a: Alcremie|Draining Kiss|p2a: Goodra
|-damage|p2a: Goodra|42/100
|-heal|p1a: Alcremie|29/100 psn|[from] drain|[of] p2a: Goodra
|move|p2a: Goodra|Iron Head|p1a: Alcremie
|-supereffective|p1a: Alcremie
|-damage|p1a: Alcremie|9/100 psn
|
|-heal|p1a: Alcremie|15/100 psn|[from] item: Leftovers
|-damage|p1a: Alcremie|3/100 psn|[from] psn
|upkeep
|turn|19
|
|t:|1743917183
|move|p1a: Alcremie|Draining Kiss|p2a: Goodra
|-damage|p2a: Goodra|20/100
|-heal|p1a: Alcremie|18/100 psn|[from] drain|[of] p2a: Goodra
|move|p2a: Goodra|Iron Head|p1a: Alcremie
|-supereffective|p1a: Alcremie
|-damage|p1a: Alcremie|0 fnt
|faint|p1a: Alcremie
|
|upkeep
|
|t:|1743917192
|switch|p1a: Chandelure|Chandelure, M|100/100
|turn|20
|
|t:|1743917198
|move|p1a: Chandelure|Flamethrower|p2a: Goodra
|-crit|p2a: Goodra
|-damage|p2a: Goodra|0 fnt
|faint|p2a: Goodra
|
|upkeep
|
|t:|1743917204
|switch|p2a: Lapras|Lapras, F|100/100 par
|turn|21
|
|t:|1743917215
|move|p1a: Chandelure|Flamethrower|p2a: Lapras
|-damage|p2a: Lapras|37/100 par
|-enditem|p2a: Lapras|Maranga Berry|[eat]
|-boost|p2a: Lapras|spd|1|[from] item: Maranga Berry
|move|p2a: Lapras|Earthquake|p1a: Chandelure
|-supereffective|p1a: Chandelure
|-damage|p1a: Chandelure|41/100
|
|upkeep
|turn|22
|
|t:|1743917226
|move|p1a: Chandelure|Flamethrower|p2a: Lapras
|-damage|p2a: Lapras|0 fnt
|faint|p2a: Lapras
|
|upkeep
|
|t:|1743917231
|switch|p2a: Latias|Latias, F|100/100
|turn|23
|
|t:|1743917237
|move|p2a: Latias|Reflect Type|p1a: Chandelure
|-start|p2a: Latias|typechange|[from] move: Reflect Type|[of] p1a: Chandelure
|move|p1a: Chandelure|Flamethrower|p2a: Latias
|-resisted|p2a: Latias
|-damage|p2a: Latias|65/100
|
|upkeep
|-start|p2a: Latias|typechange|Ghost/Fire|[silent]
|turn|24
|
|t:|1743917252
|move|p2a: Latias|Thunder|p1a: Chandelure
|-damage|p1a: Chandelure|0 fnt
|faint|p1a: Chandelure
|
|upkeep
|
|t:|1743917258
|switch|p1a: Umbreon|Umbreon, F|100/100
|turn|25
|
|t:|1743917269
|move|p2a: Latias|Reflect Type|p1a: Umbreon
|-start|p2a: Latias|typechange|[from] move: Reflect Type|[of] p1a: Umbreon
|move|p1a: Umbreon|Foul Play|p2a: Latias
|-resisted|p2a: Latias
|-damage|p2a: Latias|53/100
|
|upkeep
|-start|p2a: Latias|typechange|Dark|[silent]
|turn|26
|
|t:|1743917279
|move|p2a: Latias|Thunder|p1a: Umbreon
|-damage|p1a: Umbreon|79/100
|move|p1a: Umbreon|Toxic|p2a: Latias
|-status|p2a: Latias|tox
|
|-damage|p2a: Latias|47/100 tox|[from] psn
|upkeep
|turn|27
|
|t:|1743917302
|move|p2a: Latias|Draco Meteor|p1a: Umbreon
|-damage|p1a: Umbreon|54/100
|-unboost|p2a: Latias|spa|2
|move|p1a: Umbreon|Foul Play|p2a: Latias
|-resisted|p2a: Latias
|-damage|p2a: Latias|36/100 tox
|
|-damage|p2a: Latias|24/100 tox|[from] psn
|upkeep
|turn|28
|-message|boyyyyyyyyyyyy forfeited.
|
|win|caijin
|raw|caijin's rating: 1050 &rarr; <strong>1081</strong><br />(+31 for winning)
|raw|boyyyyyyyyyyyy's rating: 1033 &rarr; <strong>1019</strong><br />(-14 for losing)
|l|☆boyyyyyyyyyyyy
|player|p2|
