|j|☆morggort
|j|‽Koolkidss
|t:|1743826388
|gametype|singles
|player|p1|morggort|giovanni|1110
|player|p2|Koolkidss|102|1107
|teamsize|p1|6
|teamsize|p2|6
|gen|9
|tier|[Gen 9] OU
|rated|
|rule|HP Percentage Mod: HP is shown in percentages
|rule|Endless Battle Clause: Forcing endless battles is banned
|rule|Species Clause: Limit one of each Pokémon
|rule|OHKO Clause: OHKO moves are banned
|rule|Evasion Items Clause: Evasion items are banned
|rule|Evasion Moves Clause: Evasion moves are banned
|rule|Sleep Moves Clause: Sleep-inducing moves are banned
|clearpoke
|poke|p1|Slowking-Galar, F|
|poke|p1|Ursaluna, M|
|poke|p1|Greninja-*, M|
|poke|p1|Gallade, M|
|poke|p1|Skarmory, F|
|poke|p1|Mamoswine, M|
|poke|p2|Torkoal, F|
|poke|p2|Raging Bolt|
|poke|p2|Venusaur, F|
|poke|p2|Alomomola, M|
|poke|p2|Great Tusk|
|poke|p2|Heatran, M|
|teampreview
|
|t:|1743826395
|start
|switch|p1a: Greninja|Greninja, M|100/100
|switch|p2a: Great Tusk|Great Tusk|100/100
|turn|1
|
|t:|1743826401
|move|p1a: Greninja|Toxic Spikes|p2a: Great Tusk
|-sidestart|p2: Koolkidss|move: Toxic Spikes
|move|p2a: Great Tusk|Knock Off|p1a: Greninja
|-resisted|p1a: Greninja
|-crit|p1a: Greninja
|-damage|p1a: Greninja|57/100
|-enditem|p1a: Greninja|Leftovers|[from] move: Knock Off|[of] p2a: Great Tusk
|
|upkeep
|turn|2
|
|t:|1743826425
|move|p1a: Greninja|Hydro Pump|p2a: Great Tusk
|-supereffective|p2a: Great Tusk
|-damage|p2a: Great Tusk|29/100
|move|p2a: Great Tusk|Earthquake|p1a: Greninja
|-damage|p1a: Greninja|0 fnt
|faint|p1a: Greninja
|
|upkeep
|
|t:|1743826437
|switch|p1a: Mamoswine|Mamoswine, M|100/100
|turn|3
|
|t:|1743826443
|move|p1a: Mamoswine|Icicle Crash|p2a: Great Tusk
|-supereffective|p2a: Great Tusk
|-damage|p2a: Great Tusk|0 fnt
|faint|p2a: Great Tusk
|-end|p2a: Great Tusk|Protosynthesis|[silent]
|
|upkeep
|
|t:|1743826448
|switch|p2a: Venusaur|Venusaur, F, shiny|100/100
|-sideend|p2: Koolkidss|move: Toxic Spikes|[of] p2a: Venusaur
|turn|4
|
|t:|1743826458
|move|p1a: Mamoswine|Icicle Crash|p2a: Venusaur|[miss]
|-miss|p1a: Mamoswine|p2a: Venusaur
|move|p2a: Venusaur|Giga Drain|p1a: Mamoswine
|-supereffective|p1a: Mamoswine
|-damage|p1a: Mamoswine|2/100
|
|upkeep
|turn|5
|
|t:|1743826473
|switch|p2a: Alomomola|Alomomola, M|100/100
|move|p1a: Mamoswine|Icicle Crash|p2a: Alomomola
|-resisted|p2a: Alomomola
|-damage|p2a: Alomomola|89/100
|
|upkeep
|turn|6
|
|t:|1743826482
|switch|p1a: Gallade|Gallade, M|100/100
|move|p2a: Alomomola|Flip Turn|p1a: Gallade
|-damage|p1a: Gallade|76/100
|
|t:|1743826488
|switch|p2a: Torkoal|Torkoal, F, shiny|100/100|[from] Flip Turn
|-weather|SunnyDay|[from] ability: Drought|[of] p2a: Torkoal
|
|-weather|SunnyDay|[upkeep]
|upkeep
|turn|7
|
|t:|1743826495
|move|p1a: Gallade|Bulk Up|p1a: Gallade
|-boost|p1a: Gallade|atk|1
|-boost|p1a: Gallade|def|1
|move|p2a: Torkoal|Stealth Rock|p1a: Gallade
|-sidestart|p1: morggort|move: Stealth Rock
|
|-weather|SunnyDay|[upkeep]
|upkeep
|turn|8
|
|t:|1743826503
|move|p1a: Gallade|Psycho Cut|p2a: Torkoal
|-crit|p2a: Torkoal
|-damage|p2a: Torkoal|30/100
|move|p2a: Torkoal|Lava Plume|p1a: Gallade
|-damage|p1a: Gallade|43/100
|
|-weather|SunnyDay|[upkeep]
|upkeep
|turn|9
|
|t:|1743826511
|switch|p2a: Alomomola|Alomomola, M|100/100
|move|p1a: Gallade|Psycho Cut|p2a: Alomomola
|-damage|p2a: Alomomola|61/100
|
|-weather|SunnyDay|[upkeep]
|upkeep
|turn|10
|
|t:|1743826521
|move|p1a: Gallade|Drain Punch|p2a: Alomomola
|-damage|p2a: Alomomola|30/100
|-heal|p1a: Gallade|70/100|[from] drain|[of] p2a: Alomomola
|-damage|p1a: Gallade|53/100|[from] item: Rocky Helmet|[of] p2a: Alomomola
|move|p2a: Alomomola|Flip Turn|p1a: Gallade
|-damage|p1a: Gallade|46/100
|
|t:|1743826532
|switch|p2a: Venusaur|Venusaur, F, shiny|100/100|[from] Flip Turn
|
|-weather|SunnyDay|[upkeep]
|upkeep
|turn|11
|
|t:|1743826538
|move|p2a: Venusaur|Sludge Bomb|p1a: Gallade
|-damage|p1a: Gallade|1/100
|move|p1a: Gallade|Psycho Cut|p2a: Venusaur
|-supereffective|p2a: Venusaur
|-damage|p2a: Venusaur|0 fnt
|faint|p2a: Venusaur
|
|-weather|SunnyDay|[upkeep]
|upkeep
|
|t:|1743826564
|switch|p2a: Heatran|Heatran, M|100/100
|turn|12
|
|t:|1743826569
|-terastallize|p2a: Heatran|Flying
|move|p1a: Gallade|Drain Punch|p2a: Heatran
|-resisted|p2a: Heatran
|-crit|p2a: Heatran
|-damage|p2a: Heatran|64/100
|-heal|p1a: Gallade|24/100|[from] drain|[of] p2a: Heatran
|move|p2a: Heatran|Lava Plume|p1a: Gallade
|-damage|p1a: Gallade|0 fnt
|faint|p1a: Gallade
|
|-weather|SunnyDay|[upkeep]
|upkeep
|inactive|Battle timer is ON: inactive players will automatically lose when time's up. (requested by Koolkidss)
|
|t:|1743826592
|switch|p1a: Skarmory|Skarmory, F|100/100
|-damage|p1a: Skarmory|88/100|[from] Stealth Rock
|turn|13
|
|t:|1743826599
|move|p2a: Heatran|Magma Storm|p1a: Skarmory
|-supereffective|p1a: Skarmory
|-damage|p1a: Skarmory|0 fnt
|faint|p1a: Skarmory
|
|-weather|none
|upkeep
|
|t:|1743826605
|switch|p1a: Ursaluna|Ursaluna, M|100/100
|-damage|p1a: Ursaluna|94/100|[from] Stealth Rock
|turn|14
|
|t:|1743826612
|move|p2a: Heatran|Magma Storm|p1a: Ursaluna|[miss]
|-miss|p2a: Heatran|p1a: Ursaluna
|move|p1a: Ursaluna|Earthquake|p2a: Heatran
|-immune|p2a: Heatran
|
|-status|p1a: Ursaluna|brn|[from] item: Flame Orb
|upkeep
|turn|15
|
|t:|1743826622
|move|p2a: Heatran|Magma Storm|p1a: Ursaluna
|-damage|p1a: Ursaluna|50/100 brn
|-activate|p1a: Ursaluna|move: Magma Storm|[of] p2a: Heatran
|move|p1a: Ursaluna|Avalanche|p2a: Heatran
|-supereffective|p2a: Heatran
|-damage|p2a: Heatran|0 fnt
|faint|p2a: Heatran
|
|-damage|p1a: Ursaluna|44/100 brn|[from] brn
|-end|p1a: Ursaluna|Magma Storm|[partiallytrapped]|[silent]
|upkeep
|
|t:|1743826635
|switch|p2a: Torkoal|Torkoal, F, shiny|30/100
|-weather|SunnyDay|[from] ability: Drought|[of] p2a: Torkoal
|turn|16
|
|t:|1743826641
|move|p1a: Ursaluna|Earthquake|p2a: Torkoal
|-supereffective|p2a: Torkoal
|-damage|p2a: Torkoal|0 fnt
|faint|p2a: Torkoal
|
|-weather|SunnyDay|[upkeep]
|-damage|p1a: Ursaluna|38/100 brn|[from] brn
|upkeep
|
|t:|1743826645
|switch|p2a: Raging Bolt|Raging Bolt|100/100
|-activate|p2a: Raging Bolt|ability: Protosynthesis
|-start|p2a: Raging Bolt|protosynthesisspa
|turn|17
|
|t:|1743826652
|move|p2a: Raging Bolt|Draco Meteor|p1a: Ursaluna
|-damage|p1a: Ursaluna|0 fnt
|-unboost|p2a: Raging Bolt|spa|2
|faint|p1a: Ursaluna
|
|-weather|SunnyDay|[upkeep]
|upkeep
|
|t:|1743826658
|switch|p1a: Mamoswine|Mamoswine, M|2/100
|-damage|p1a: Mamoswine|0 fnt|[from] Stealth Rock
|faint|p1a: Mamoswine
|
|t:|1743826662
|switch|p1a: Slowking|Slowking-Galar, F|100/100
|-damage|p1a: Slowking|88/100|[from] Stealth Rock
|turn|18
|
|t:|1743826671
|-end|p2a: Raging Bolt|Protosynthesis|[silent]
|switch|p2a: Alomomola|Alomomola, M|63/100
|move|p1a: Slowking|Psychic|p2a: Alomomola
|-crit|p2a: Alomomola
|-damage|p2a: Alomomola|0 fnt
|faint|p2a: Alomomola
|
|-weather|SunnyDay|[upkeep]
|-heal|p1a: Slowking|94/100|[from] item: Leftovers
|upkeep
|
|t:|1743826679
|switch|p2a: Raging Bolt|Raging Bolt|100/100
|-activate|p2a: Raging Bolt|ability: Protosynthesis
|-start|p2a: Raging Bolt|protosynthesisspa
|turn|19
|
|t:|1743826685
|move|p2a: Raging Bolt|Thunderbolt|p1a: Slowking
|-damage|p1a: Slowking|51/100
|move|p1a: Slowking|Calm Mind|p1a: Slowking
|-boost|p1a: Slowking|spa|1
|-boost|p1a: Slowking|spd|1
|
|-weather|SunnyDay|[upkeep]
|-heal|p1a: Slowking|57/100|[from] item: Leftovers
|upkeep
|turn|20
|
|t:|1743826695
|move|p2a: Raging Bolt|Thunderbolt|p1a: Slowking
|-damage|p1a: Slowking|29/100
|move|p1a: Slowking|Psychic|p2a: Raging Bolt
|-damage|p2a: Raging Bolt|44/100
|
|-weather|SunnyDay|[upkeep]
|-heal|p1a: Slowking|35/100|[from] item: Leftovers
|upkeep
|turn|21
|
|t:|1743826703
|move|p2a: Raging Bolt|Thunderbolt|p1a: Slowking
|-damage|p1a: Slowking|5/100
|-status|p1a: Slowking|par
|cant|p1a: Slowking|par
|
|-weather|SunnyDay|[upkeep]
|-heal|p1a: Slowking|11/100 par|[from] item: Leftovers
|upkeep
|turn|22
|
|t:|1743826714
|move|p2a: Raging Bolt|Thunderbolt|p1a: Slowking
|-damage|p1a: Slowking|0 fnt
|faint|p1a: Slowking
|
|win|Koolkidss
|raw|morggort's rating: 1110 &rarr; <strong>1085</strong><br />(-25 for losing)
|raw|Koolkidss's rating: 1107 &rarr; <strong>1132</strong><br />(+25 for winning)
|l|‽Koolkidss
|player|p2|
|l|☆morggort
|player|p1|
