|j|☆ffej_luisao
|j|☆awerefgrgrg
|t:|1743840122
|gametype|singles
|player|p1|ffej_luisao|101|1345
|player|p2|awerefgrgrg|265|1474
|teamsize|p1|6
|teamsize|p2|6
|gen|9
|tier|[Gen 9] OU
|rated|
|rule|HP Percentage Mod: HP is shown in percentages
|rule|Endless Battle Clause: Forcing endless battles is banned
|rule|Species Clause: Limit one of each Pokémon
|rule|OHKO Clause: OHKO moves are banned
|rule|Evasion Items Clause: Evasion items are banned
|rule|Evasion Moves Clause: Evasion moves are banned
|rule|Sleep Moves Clause: Sleep-inducing moves are banned
|clearpoke
|poke|p1|Primarina, M|
|poke|p1|Great Tusk|
|poke|p1|Dragapult, F|
|poke|p1|Gholdengo|
|poke|p1|Heatran, F|
|poke|p1|Dragonite, F|
|poke|p2|Garganacl, M|
|poke|p2|Cinderace, M|
|poke|p2|Great Tusk|
|poke|p2|Dragapult, M|
|poke|p2|Tornadus-Therian, M|
|poke|p2|Iron Valiant|
|teampreview
|inactive|Battle timer is ON: inactive players will automatically lose when time's up. (requested by ffej_luisao)
|
|t:|1743840150
|start
|switch|p1a: Primarina|Primarina, M|100/100
|switch|p2a: Tornadus|Tornadus-Therian, M|100/100
|turn|1
|
|t:|1743840165
|move|p2a: Tornadus|Knock Off|p1a: Primarina
|-resisted|p1a: Primarina
|-damage|p1a: Primarina|86/100
|-enditem|p1a: Primarina|Assault Vest|[from] move: Knock Off|[of] p2a: Tornadus
|move|p1a: Primarina|Moonblast|p2a: Tornadus
|-damage|p2a: Tornadus|32/100
|-unboost|p2a: Tornadus|spa|1
|
|upkeep
|turn|2
|inactive|awerefgrgrg has 120 seconds left.
|
|t:|1743840199
|move|p2a: Tornadus|U-turn|p1a: Primarina
|-resisted|p1a: Primarina
|-damage|p1a: Primarina|77/100
|
|t:|1743840201
|switch|p2a: Dragapult|Dragapult, M|100/100|[from] U-turn
|move|p1a: Primarina|Surf|p2a: Dragapult
|-resisted|p2a: Dragapult
|-damage|p2a: Dragapult|63/100
|
|upkeep
|turn|3
|
|t:|1743840213
|move|p2a: Dragapult|U-turn|p1a: Primarina
|-resisted|p1a: Primarina
|-damage|p1a: Primarina|64/100
|
|t:|1743840215
|switch|p2a: Garganacl|Garganacl, M|100/100|[from] U-turn
|move|p1a: Primarina|Moonblast|p2a: Garganacl
|-damage|p2a: Garganacl|65/100
|
|-heal|p2a: Garganacl|71/100|[from] item: Leftovers
|upkeep
|turn|4
|
|t:|1743840222
|-terastallize|p2a: Garganacl|Water
|move|p1a: Primarina|Surf|p2a: Garganacl
|-resisted|p2a: Garganacl
|-damage|p2a: Garganacl|53/100
|move|p2a: Garganacl|Salt Cure|p1a: Primarina
|-damage|p1a: Primarina|45/100
|-start|p1a: Primarina|Salt Cure
|
|-heal|p2a: Garganacl|60/100|[from] item: Leftovers
|-damage|p1a: Primarina|20/100|[from] Salt Cure
|upkeep
|turn|5
|
|t:|1743840232
|switch|p1a: Great Tusk|Great Tusk|100/100
|move|p2a: Garganacl|Salt Cure|p1a: Great Tusk
|-resisted|p1a: Great Tusk
|-damage|p1a: Great Tusk|98/100
|-start|p1a: Great Tusk|Salt Cure
|
|-heal|p1a: Great Tusk|100/100|[from] item: Leftovers
|-heal|p2a: Garganacl|66/100|[from] item: Leftovers
|-damage|p1a: Great Tusk|88/100|[from] Salt Cure
|upkeep
|turn|6
|
|t:|1743840241
|move|p1a: Great Tusk|Knock Off|p2a: Garganacl
|-damage|p2a: Garganacl|46/100
|-enditem|p2a: Garganacl|Leftovers|[from] move: Knock Off|[of] p1a: Great Tusk
|move|p2a: Garganacl|Stealth Rock|p1a: Great Tusk
|-sidestart|p1: ffej_luisao|move: Stealth Rock
|
|-heal|p1a: Great Tusk|94/100|[from] item: Leftovers
|-damage|p1a: Great Tusk|82/100|[from] Salt Cure
|upkeep
|turn|7
|
|t:|1743840248
|move|p1a: Great Tusk|Rapid Spin|p2a: Garganacl
|-damage|p2a: Garganacl|34/100
|-boost|p1a: Great Tusk|spe|1
|-sideend|p1: ffej_luisao|Stealth Rock|[from] move: Rapid Spin|[of] p1a: Great Tusk
|move|p2a: Garganacl|Recover|p2a: Garganacl
|-heal|p2a: Garganacl|84/100
|
|-heal|p1a: Great Tusk|88/100|[from] item: Leftovers
|-damage|p1a: Great Tusk|76/100|[from] Salt Cure
|upkeep
|turn|8
|
|t:|1743840265
|-end|p1a: Great Tusk|Protosynthesis|[silent]
|switch|p1a: Gholdengo|Gholdengo|100/100
|move|p2a: Garganacl|Stealth Rock|p1a: Gholdengo
|-sidestart|p1: ffej_luisao|move: Stealth Rock
|
|upkeep
|turn|9
|
|t:|1743840271
|move|p1a: Gholdengo|Trick|p2a: Garganacl
|-activate|p1a: Gholdengo|move: Trick|[of] p2a: Garganacl
|-item|p2a: Garganacl|Choice Scarf|[from] move: Trick
|-enditem|p1a: Gholdengo|Choice Scarf|[silent]|[from] move: Trick
|move|p2a: Garganacl|Salt Cure|p1a: Gholdengo
|-resisted|p1a: Gholdengo
|-damage|p1a: Gholdengo|93/100
|-start|p1a: Gholdengo|Salt Cure
|
|-damage|p1a: Gholdengo|68/100|[from] Salt Cure
|upkeep
|turn|10
|
|t:|1743840287
|switch|p1a: Great Tusk|Great Tusk|76/100
|-damage|p1a: Great Tusk|73/100|[from] Stealth Rock
|move|p2a: Garganacl|Salt Cure|p1a: Great Tusk
|-resisted|p1a: Great Tusk
|-damage|p1a: Great Tusk|70/100
|-start|p1a: Great Tusk|Salt Cure
|
|-heal|p1a: Great Tusk|77/100|[from] item: Leftovers
|-damage|p1a: Great Tusk|64/100|[from] Salt Cure
|upkeep
|turn|11
|
|t:|1743840296
|switch|p2a: Dragapult|Dragapult, M|63/100
|move|p1a: Great Tusk|Rapid Spin|p2a: Dragapult
|-immune|p2a: Dragapult
|
|-heal|p1a: Great Tusk|70/100|[from] item: Leftovers
|-damage|p1a: Great Tusk|58/100|[from] Salt Cure
|upkeep
|turn|12
|
|t:|1743840302
|-end|p1a: Great Tusk|Protosynthesis|[silent]
|switch|p1a: Primarina|Primarina, M|20/100
|-damage|p1a: Primarina|8/100|[from] Stealth Rock
|move|p2a: Dragapult|U-turn|p1a: Primarina
|-resisted|p1a: Primarina
|-damage|p1a: Primarina|0 fnt
|faint|p1a: Primarina
|
|t:|1743840308
|switch|p2a: Tornadus|Tornadus-Therian, M|65/100|[from] U-turn
|
|upkeep
|
|t:|1743840315
|switch|p1a: Dragonite|Dragonite, F|100/100
|turn|13
|
|t:|1743840319
|move|p2a: Tornadus|U-turn|p1a: Dragonite
|-resisted|p1a: Dragonite
|-damage|p1a: Dragonite|97/100
|
|t:|1743840324
|switch|p2a: Iron Valiant|Iron Valiant|100/100|[from] U-turn
|-enditem|p2a: Iron Valiant|Booster Energy
|-activate|p2a: Iron Valiant|ability: Quark Drive|[fromitem]
|-start|p2a: Iron Valiant|quarkdrivespe
|move|p1a: Dragonite|Dragon Dance|p1a: Dragonite
|-boost|p1a: Dragonite|atk|1
|-boost|p1a: Dragonite|spe|1
|
|upkeep
|turn|14
|
|t:|1743840336
|-terastallize|p1a: Dragonite|Normal
|move|p1a: Dragonite|Extreme Speed|p2a: Iron Valiant
|-damage|p2a: Iron Valiant|14/100
|move|p2a: Iron Valiant|Moonblast|p1a: Dragonite
|-damage|p1a: Dragonite|46/100
|
|upkeep
|turn|15
|
|t:|1743840348
|move|p1a: Dragonite|Extreme Speed|p2a: Iron Valiant
|-damage|p2a: Iron Valiant|0 fnt
|faint|p2a: Iron Valiant
|-end|p2a: Iron Valiant|Quark Drive|[silent]
|
|upkeep
|
|t:|1743840362
|switch|p2a: Garganacl|Garganacl, M, tera:Water|84/100
|turn|16
|
|t:|1743840367
|move|p1a: Dragonite|Roost|p1a: Dragonite
|-heal|p1a: Dragonite|96/100
|move|p2a: Garganacl|Salt Cure|p1a: Dragonite
|-damage|p1a: Dragonite|83/100
|-start|p1a: Dragonite|Salt Cure
|
|-damage|p1a: Dragonite|70/100|[from] Salt Cure
|upkeep
|turn|17
|
|t:|1743840377
|switch|p2a: Great Tusk|Great Tusk|100/100
|-enditem|p2a: Great Tusk|Booster Energy
|-activate|p2a: Great Tusk|ability: Protosynthesis|[fromitem]
|-start|p2a: Great Tusk|protosynthesisatk
|move|p1a: Dragonite|Extreme Speed|p2a: Great Tusk
|-damage|p2a: Great Tusk|46/100
|
|-damage|p1a: Dragonite|58/100|[from] Salt Cure
|upkeep
|turn|18
|
|t:|1743840383
|-end|p2a: Great Tusk|Protosynthesis|[silent]
|switch|p2a: Dragapult|Dragapult, M|63/100
|move|p1a: Dragonite|Extreme Speed|p2a: Dragapult
|-immune|p2a: Dragapult
|
|-damage|p1a: Dragonite|45/100|[from] Salt Cure
|upkeep
|turn|19
|
|t:|1743840394
|move|p2a: Dragapult|Will-O-Wisp|p1a: Dragonite
|-status|p1a: Dragonite|brn
|move|p1a: Dragonite|Roost|p1a: Dragonite
|-heal|p1a: Dragonite|96/100 brn
|
|-damage|p1a: Dragonite|89/100 brn|[from] brn
|-damage|p1a: Dragonite|77/100 brn|[from] Salt Cure
|upkeep
|turn|20
|
|t:|1743840401
|move|p2a: Dragapult|U-turn|p1a: Dragonite
|-damage|p1a: Dragonite|58/100 brn
|
|t:|1743840403
|switch|p2a: Great Tusk|Great Tusk|46/100|[from] U-turn
|move|p1a: Dragonite|Dragon Dance|p1a: Dragonite
|-boost|p1a: Dragonite|atk|1
|-boost|p1a: Dragonite|spe|1
|
|-damage|p1a: Dragonite|52/100 brn|[from] brn
|-damage|p1a: Dragonite|40/100 brn|[from] Salt Cure
|upkeep
|turn|21
|
|t:|1743840421
|move|p1a: Dragonite|Extreme Speed|p2a: Great Tusk
|-damage|p2a: Great Tusk|10/100
|move|p2a: Great Tusk|Headlong Rush|p1a: Dragonite
|-damage|p1a: Dragonite|0 fnt
|-unboost|p2a: Great Tusk|def|1
|-unboost|p2a: Great Tusk|spd|1
|faint|p1a: Dragonite
|
|upkeep
|
|t:|1743840429
|switch|p1a: Great Tusk|Great Tusk|58/100
|-damage|p1a: Great Tusk|55/100|[from] Stealth Rock
|turn|22
|
|t:|1743840457
|-end|p2a: Great Tusk|Protosynthesis|[silent]
|switch|p2a: Tornadus|Tornadus-Therian, M|98/100
|move|p1a: Great Tusk|Knock Off|p2a: Tornadus
|-damage|p2a: Tornadus|51/100
|-enditem|p2a: Tornadus|Heavy-Duty Boots|[from] move: Knock Off|[of] p1a: Great Tusk
|
|-heal|p1a: Great Tusk|61/100|[from] item: Leftovers
|upkeep
|turn|23
|
|t:|1743840474
|-end|p1a: Great Tusk|Protosynthesis|[silent]
|switch|p1a: Gholdengo|Gholdengo|68/100
|-damage|p1a: Gholdengo|62/100|[from] Stealth Rock
|move|p2a: Tornadus|Bleakwind Storm|p1a: Gholdengo
|-resisted|p1a: Gholdengo
|-damage|p1a: Gholdengo|37/100
|-unboost|p1a: Gholdengo|spe|1
|
|upkeep
|turn|24
|
|t:|1743840481
|move|p2a: Tornadus|Heat Wave|p1a: Gholdengo
|-supereffective|p1a: Gholdengo
|-damage|p1a: Gholdengo|0 fnt
|faint|p1a: Gholdengo
|
|upkeep
|
|t:|1743840491
|switch|p1a: Heatran|Heatran, F|100/100
|-damage|p1a: Heatran|88/100|[from] Stealth Rock
|-item|p1a: Heatran|Air Balloon
|turn|25
|
|t:|1743840496
|move|p2a: Tornadus|U-turn|p1a: Heatran
|-resisted|p1a: Heatran
|-crit|p1a: Heatran
|-damage|p1a: Heatran|82/100
|-enditem|p1a: Heatran|Air Balloon
|
|t:|1743840502
|switch|p2a: Garganacl|Garganacl, M, tera:Water|84/100|[from] U-turn
|move|p1a: Heatran|Magma Storm|p2a: Garganacl
|-resisted|p2a: Garganacl
|-damage|p2a: Garganacl|68/100
|-activate|p2a: Garganacl|move: Magma Storm|[of] p1a: Heatran
|
|-damage|p2a: Garganacl|55/100|[from] move: Magma Storm|[partiallytrapped]
|upkeep
|turn|26
|
|t:|1743840513
|move|p1a: Heatran|Earth Power|p2a: Garganacl
|-damage|p2a: Garganacl|34/100
|move|p2a: Garganacl|Salt Cure|p1a: Heatran
|-damage|p1a: Heatran|69/100
|-start|p1a: Heatran|Salt Cure
|
|-damage|p1a: Heatran|44/100|[from] Salt Cure
|-damage|p2a: Garganacl|22/100|[from] move: Magma Storm|[partiallytrapped]
|upkeep
|turn|27
|
|t:|1743840518
|move|p1a: Heatran|Earth Power|p2a: Garganacl
|-damage|p2a: Garganacl|2/100
|move|p2a: Garganacl|Salt Cure|p1a: Heatran
|-damage|p1a: Heatran|31/100
|
|-damage|p1a: Heatran|6/100|[from] Salt Cure
|-damage|p2a: Garganacl|0 fnt|[from] move: Magma Storm|[partiallytrapped]
|faint|p2a: Garganacl
|upkeep
|
|t:|1743840535
|switch|p2a: Tornadus|Tornadus-Therian, M|84/100
|turn|28
|
|t:|1743840539
|move|p2a: Tornadus|Knock Off|p1a: Heatran
|-damage|p1a: Heatran|0 fnt
|faint|p1a: Heatran
|
|upkeep
|
|t:|1743840542
|switch|p1a: Dragapult|Dragapult, F|100/100
|turn|29
|
|t:|1743840567
|move|p1a: Dragapult|Draco Meteor|p2a: Tornadus
|-damage|p2a: Tornadus|11/100
|-unboost|p1a: Dragapult|spa|2
|move|p2a: Tornadus|Knock Off|p1a: Dragapult
|-supereffective|p1a: Dragapult
|-damage|p1a: Dragapult|49/100
|-enditem|p1a: Dragapult|Heavy-Duty Boots|[from] move: Knock Off|[of] p2a: Tornadus
|
|upkeep
|turn|30
|
|t:|1743840578
|switch|p2a: Great Tusk|Great Tusk|10/100
|move|p1a: Dragapult|Draco Meteor|p2a: Great Tusk
|-damage|p2a: Great Tusk|0 fnt
|-unboost|p1a: Dragapult|spa|2
|faint|p2a: Great Tusk
|-end|p2a: Great Tusk|Protosynthesis|[silent]
|
|upkeep
|
|t:|1743840582
|switch|p2a: Cinderace|Cinderace, M|100/100
|turn|31
|
|t:|1743840596
|switch|p1a: Great Tusk|Great Tusk|61/100
|-damage|p1a: Great Tusk|58/100|[from] Stealth Rock
|move|p2a: Cinderace|Pyro Ball|p1a: Great Tusk
|-damage|p1a: Great Tusk|18/100
|
|-heal|p1a: Great Tusk|24/100|[from] item: Leftovers
|upkeep
|turn|32
|
|t:|1743840606
|move|p2a: Cinderace|Pyro Ball|p1a: Great Tusk
|-damage|p1a: Great Tusk|0 fnt
|faint|p1a: Great Tusk
|-end|p1a: Great Tusk|Protosynthesis|[silent]
|
|upkeep
|
|t:|1743840609
|switch|p1a: Dragapult|Dragapult, F|49/100
|-damage|p1a: Dragapult|36/100|[from] Stealth Rock
|turn|33
|
|t:|1743840620
|move|p2a: Cinderace|Sucker Punch|p1a: Dragapult
|-start|p2a: Cinderace|typechange|Dark|[from] ability: Libero
|-supereffective|p1a: Dragapult
|-damage|p1a: Dragapult|0 fnt
|faint|p1a: Dragapult
|
|win|awerefgrgrg
|raw|ffej_luisao's rating: 1345 &rarr; <strong>1332</strong><br />(-13 for losing)
|raw|awerefgrgrg's rating: 1474 &rarr; <strong>1487</strong><br />(+13 for winning)
|l|☆ffej_luisao
|player|p1|
