|j|☆Peekochu
|j|☆phlar-navi
|t:|1743857006
|gametype|singles
|player|p1|Peekochu|266|1628
|player|p2|phlar-navi|buck|1705
|teamsize|p1|6
|teamsize|p2|6
|gen|9
|tier|[Gen 9] OU
|rated|
|rule|HP Percentage Mod: HP is shown in percentages
|rule|Endless Battle Clause: Forcing endless battles is banned
|rule|Species Clause: Limit one of each Pokémon
|rule|OHKO Clause: OHKO moves are banned
|rule|Evasion Items Clause: Evasion items are banned
|rule|Evasion Moves Clause: Evasion moves are banned
|rule|Sleep Moves Clause: Sleep-inducing moves are banned
|clearpoke
|poke|p1|Dragonite, M|
|poke|p1|Revavroom, F|
|poke|p1|Great Tusk|
|poke|p1|Rotom-Wash|
|poke|p1|Cinderace, F|
|poke|p1|Primarina, M|
|poke|p2|Samurott-Hisui, M|
|poke|p2|Corviknight, F|
|poke|p2|Great Tusk|
|poke|p2|Darkrai|
|poke|p2|Ursaluna, F|
|poke|p2|Hatterene, F|
|teampreview
|inactive|Battle timer is ON: inactive players will automatically lose when time's up. (requested by Peekochu)
|j| Zeyrho
|j| AveryRadiant
|inactive|phlar-navi has 120 seconds left.
|
|t:|1743857050
|start
|switch|p1a: Rotom|Rotom-Wash|100/100
|switch|p2a: Great Tusk|Great Tusk|100/100
|turn|1
|
|t:|1743857070
|-end|p2a: Great Tusk|Protosynthesis|[silent]
|switch|p2a: Hatterene|Hatterene, F|100/100
|move|p1a: Rotom|Hydro Pump|p2a: Hatterene
|-damage|p2a: Hatterene|73/100
|
|upkeep
|turn|2
|
|t:|1743857078
|move|p1a: Rotom|Volt Switch|p2a: Hatterene
|-crit|p2a: Hatterene
|-damage|p2a: Hatterene|45/100
|
|t:|1743857093
|switch|p1a: Primarina|Primarina, M|100/100|[from] Volt Switch
|move|p2a: Hatterene|Nuzzle|p1a: Primarina
|-supereffective|p1a: Primarina
|-damage|p1a: Primarina|94/100
|-status|p1a: Primarina|par
|
|-heal|p1a: Primarina|99/100 par|[from] item: Leftovers
|upkeep
|turn|3
|
|t:|1743857101
|move|p2a: Hatterene|Psyshock|p1a: Primarina
|-damage|p1a: Primarina|68/100 par
|cant|p1a: Primarina|par
|
|-heal|p1a: Primarina|74/100 par|[from] item: Leftovers
|upkeep
|turn|4
|
|t:|1743857107
|move|p2a: Hatterene|Psyshock|p1a: Primarina
|-damage|p1a: Primarina|46/100 par
|move|p1a: Primarina|Draining Kiss|p2a: Hatterene
|-damage|p2a: Hatterene|31/100
|-heal|p1a: Primarina|56/100 par|[from] drain|[of] p2a: Hatterene
|
|-heal|p1a: Primarina|62/100 par|[from] item: Leftovers
|upkeep
|turn|5
|
|t:|1743857117
|move|p2a: Hatterene|Psyshock|p1a: Primarina
|-damage|p1a: Primarina|30/100 par
|move|p1a: Primarina|Psychic Noise|p2a: Hatterene
|-damage|p2a: Hatterene|8/100
|-start|p2a: Hatterene|move: Heal Block
|
|-heal|p1a: Primarina|36/100 par|[from] item: Leftovers
|upkeep
|turn|6
|
|t:|1743857126
|move|p2a: Hatterene|Psyshock|p1a: Primarina
|-damage|p1a: Primarina|8/100 par
|move|p1a: Primarina|Draining Kiss|p2a: Hatterene
|-damage|p2a: Hatterene|0 fnt
|-heal|p1a: Primarina|13/100 par|[from] drain|[of] p2a: Hatterene
|faint|p2a: Hatterene
|
|-heal|p1a: Primarina|19/100 par|[from] item: Leftovers
|upkeep
|
|t:|1743857137
|switch|p2a: Samurott|Samurott-Hisui, M|100/100
|turn|7
|
|t:|1743857148
|move|p2a: Samurott|Sacred Sword|p1a: Primarina
|-resisted|p1a: Primarina
|-damage|p1a: Primarina|0 fnt
|faint|p1a: Primarina
|-damage|p2a: Samurott|91/100|[from] item: Life Orb
|
|upkeep
|
|t:|1743857158
|switch|p1a: Rotom|Rotom-Wash|100/100
|turn|8
|
|t:|1743857170
|switch|p2a: Ursaluna|Ursaluna, F|100/100
|move|p1a: Rotom|Will-O-Wisp|p2a: Ursaluna|[miss]
|-miss|p1a: Rotom|p2a: Ursaluna
|
|-status|p2a: Ursaluna|brn|[from] item: Flame Orb
|upkeep
|turn|9
|
|t:|1743857178
|move|p1a: Rotom|Hydro Pump|p2a: Ursaluna
|-supereffective|p2a: Ursaluna
|-damage|p2a: Ursaluna|33/100 brn
|move|p2a: Ursaluna|Facade|p1a: Rotom
|-damage|p1a: Rotom|0 fnt
|faint|p1a: Rotom
|
|-damage|p2a: Ursaluna|27/100 brn|[from] brn
|upkeep
|j| kingambit player
|l| kingambit player
|
|t:|1743857189
|switch|p1a: Cinderace|Cinderace, F|100/100
|turn|10
|
|t:|1743857194
|move|p1a: Cinderace|U-turn|p2a: Ursaluna
|-start|p1a: Cinderace|typechange|Bug|[from] ability: Libero
|-damage|p2a: Ursaluna|0 fnt
|faint|p2a: Ursaluna
|
|t:|1743857209
|switch|p1a: Dragonite|Dragonite, M|100/100|[from] U-turn
|
|upkeep
|
|t:|1743857218
|switch|p2a: Corviknight|Corviknight, F|100/100
|turn|11
|l| AveryRadiant
|
|t:|1743857225
|switch|p1a: Cinderace|Cinderace, F|100/100
|move|p2a: Corviknight|Iron Defense|p2a: Corviknight
|-boost|p2a: Corviknight|def|2
|
|upkeep
|turn|12
|
|t:|1743857231
|move|p1a: Cinderace|Pyro Ball|p2a: Corviknight
|-supereffective|p2a: Corviknight
|-damage|p2a: Corviknight|57/100
|move|p2a: Corviknight|Iron Defense|p2a: Corviknight
|-boost|p2a: Corviknight|def|2
|
|upkeep
|turn|13
|
|t:|1743857236
|move|p1a: Cinderace|Pyro Ball|p2a: Corviknight|[miss]
|-miss|p1a: Cinderace|p2a: Corviknight
|move|p2a: Corviknight|Roost|p2a: Corviknight
|-heal|p2a: Corviknight|100/100
|-singleturn|p2a: Corviknight|move: Roost
|
|upkeep
|turn|14
|
|t:|1743857243
|move|p1a: Cinderace|Pyro Ball|p2a: Corviknight
|-supereffective|p2a: Corviknight
|-damage|p2a: Corviknight|72/100
|move|p2a: Corviknight|Body Press|p1a: Cinderace
|-damage|p1a: Cinderace|0 fnt
|faint|p1a: Cinderace
|
|upkeep
|
|t:|1743857255
|switch|p1a: Great Tusk|Great Tusk|100/100
|-enditem|p1a: Great Tusk|Booster Energy
|-activate|p1a: Great Tusk|ability: Protosynthesis|[fromitem]
|-start|p1a: Great Tusk|protosynthesisspe
|turn|15
|
|t:|1743857259
|move|p1a: Great Tusk|Bulk Up|p1a: Great Tusk
|-boost|p1a: Great Tusk|atk|1
|-boost|p1a: Great Tusk|def|1
|move|p2a: Corviknight|Body Press|p1a: Great Tusk
|-crit|p1a: Great Tusk
|-damage|p1a: Great Tusk|23/100
|
|upkeep
|turn|16
|
|t:|1743857267
|move|p1a: Great Tusk|Bulk Up|p1a: Great Tusk
|-boost|p1a: Great Tusk|atk|1
|-boost|p1a: Great Tusk|def|1
|move|p2a: Corviknight|Body Press|p1a: Great Tusk
|-damage|p1a: Great Tusk|0 fnt
|faint|p1a: Great Tusk
|-end|p1a: Great Tusk|Protosynthesis|[silent]
|
|upkeep
|
|t:|1743857276
|switch|p1a: Dragonite|Dragonite, M|100/100
|turn|17
|
|t:|1743857279
|move|p1a: Dragonite|Dragon Dance|p1a: Dragonite
|-boost|p1a: Dragonite|atk|1
|-boost|p1a: Dragonite|spe|1
|move|p2a: Corviknight|Body Press|p1a: Dragonite
|-resisted|p1a: Dragonite
|-damage|p1a: Dragonite|84/100
|
|upkeep
|turn|18
|
|t:|1743857292
|move|p1a: Dragonite|Dragon Dance|p1a: Dragonite
|-boost|p1a: Dragonite|atk|1
|-boost|p1a: Dragonite|spe|1
|move|p2a: Corviknight|Body Press|p1a: Dragonite
|-resisted|p1a: Dragonite
|-damage|p1a: Dragonite|47/100
|
|upkeep
|turn|19
|
|t:|1743857300
|-terastallize|p1a: Dragonite|Flying
|move|p1a: Dragonite|Roost|p1a: Dragonite
|-heal|p1a: Dragonite|97/100
|-hint|If a Terastallized Pokemon uses Roost, it remains Flying-type.
|move|p2a: Corviknight|Body Press|p1a: Dragonite
|-resisted|p1a: Dragonite
|-damage|p1a: Dragonite|59/100
|
|upkeep
|turn|20
|
|t:|1743857309
|move|p1a: Dragonite|Roost|p1a: Dragonite
|-heal|p1a: Dragonite|100/100
|-hint|If a Terastallized Pokemon uses Roost, it remains Flying-type.
|move|p2a: Corviknight|Iron Defense|p2a: Corviknight
|-boost|p2a: Corviknight|def|2
|
|upkeep
|turn|21
|
|t:|1743857314
|move|p1a: Dragonite|Dragon Dance|p1a: Dragonite
|-boost|p1a: Dragonite|atk|1
|-boost|p1a: Dragonite|spe|1
|move|p2a: Corviknight|Body Press|p1a: Dragonite
|-resisted|p1a: Dragonite
|-damage|p1a: Dragonite|77/100
|
|upkeep
|turn|22
|
|t:|1743857321
|move|p1a: Dragonite|Tera Blast|p2a: Corviknight|[anim] Tera Blast Flying
|-resisted|p2a: Corviknight
|-damage|p2a: Corviknight|61/100
|move|p2a: Corviknight|Body Press|p1a: Dragonite
|-resisted|p1a: Dragonite
|-damage|p1a: Dragonite|32/100
|
|upkeep
|turn|23
|
|t:|1743857328
|move|p1a: Dragonite|Roost|p1a: Dragonite
|-heal|p1a: Dragonite|82/100
|-hint|If a Terastallized Pokemon uses Roost, it remains Flying-type.
|move|p2a: Corviknight|Body Press|p1a: Dragonite
|-resisted|p1a: Dragonite
|-damage|p1a: Dragonite|34/100
|
|upkeep
|turn|24
|j| jyrfcv
|j| xRaekwon
|
|t:|1743857337
|move|p1a: Dragonite|Roost|p1a: Dragonite
|-heal|p1a: Dragonite|84/100
|-hint|If a Terastallized Pokemon uses Roost, it remains Flying-type.
|move|p2a: Corviknight|Body Press|p1a: Dragonite
|-resisted|p1a: Dragonite
|-damage|p1a: Dragonite|39/100
|
|upkeep
|turn|25
|l| jyrfcv
|
|t:|1743857344
|move|p1a: Dragonite|Roost|p1a: Dragonite
|-heal|p1a: Dragonite|89/100
|-hint|If a Terastallized Pokemon uses Roost, it remains Flying-type.
|move|p2a: Corviknight|Body Press|p1a: Dragonite
|-resisted|p1a: Dragonite
|-damage|p1a: Dragonite|38/100
|
|upkeep
|turn|26
|
|t:|1743857352
|move|p1a: Dragonite|Roost|p1a: Dragonite
|-heal|p1a: Dragonite|88/100
|-hint|If a Terastallized Pokemon uses Roost, it remains Flying-type.
|move|p2a: Corviknight|Body Press|p1a: Dragonite
|-resisted|p1a: Dragonite
|-damage|p1a: Dragonite|41/100
|
|upkeep
|turn|27
|
|t:|1743857359
|move|p1a: Dragonite|Roost|p1a: Dragonite
|-heal|p1a: Dragonite|91/100
|-hint|If a Terastallized Pokemon uses Roost, it remains Flying-type.
|move|p2a: Corviknight|Body Press|p1a: Dragonite
|-resisted|p1a: Dragonite
|-damage|p1a: Dragonite|44/100
|
|upkeep
|turn|28
|
|t:|1743857367
|move|p1a: Dragonite|Roost|p1a: Dragonite
|-heal|p1a: Dragonite|94/100
|-hint|If a Terastallized Pokemon uses Roost, it remains Flying-type.
|move|p2a: Corviknight|Body Press|p1a: Dragonite
|-resisted|p1a: Dragonite
|-damage|p1a: Dragonite|49/100
|
|upkeep
|turn|29
|
|t:|1743857376
|move|p1a: Dragonite|Tera Blast|p2a: Corviknight|[anim] Tera Blast Flying
|-resisted|p2a: Corviknight
|-damage|p2a: Corviknight|50/100
|move|p2a: Corviknight|Body Press|p1a: Dragonite
|-resisted|p1a: Dragonite
|-damage|p1a: Dragonite|4/100
|
|upkeep
|turn|30
|
|t:|1743857385
|move|p1a: Dragonite|Tera Blast|p2a: Corviknight|[anim] Tera Blast Flying
|-resisted|p2a: Corviknight
|-damage|p2a: Corviknight|39/100
|move|p2a: Corviknight|U-turn|p1a: Dragonite
|-resisted|p1a: Dragonite
|-damage|p1a: Dragonite|0 fnt
|faint|p1a: Dragonite
|
|t:|1743857392
|switch|p2a: Great Tusk|Great Tusk|100/100|[from] U-turn
|
|upkeep
|
|t:|1743857395
|switch|p1a: Revavroom|Revavroom, F|100/100
|-item|p1a: Revavroom|Air Balloon
|turn|31
|
|t:|1743857402
|move|p1a: Revavroom|Shift Gear|p1a: Revavroom
|-boost|p1a: Revavroom|spe|2
|-boost|p1a: Revavroom|atk|1
|move|p2a: Great Tusk|Rapid Spin|p1a: Revavroom
|-resisted|p1a: Revavroom
|-damage|p1a: Revavroom|90/100
|-boost|p2a: Great Tusk|spe|1
|-enditem|p1a: Revavroom|Air Balloon
|
|upkeep
|turn|32
|
|t:|1743857419
|move|p1a: Revavroom|Iron Head|p2a: Great Tusk
|-damage|p2a: Great Tusk|57/100
|move|p2a: Great Tusk|Headlong Rush|p1a: Revavroom
|-supereffective|p1a: Revavroom
|-damage|p1a: Revavroom|0 fnt
|-unboost|p2a: Great Tusk|def|1
|-unboost|p2a: Great Tusk|spd|1
|faint|p1a: Revavroom
|
|win|phlar-navi
|raw|Peekochu's rating: 1628 &rarr; <strong>1612</strong><br />(-16 for losing)
|raw|phlar-navi's rating: 1705 &rarr; <strong>1721</strong><br />(+16 for winning)
|l| xRaekwon
|l|☆phlar-navi
|player|p2|
|l|☆Peekochu
|player|p1|
|l| Zeyrho
