|j|☆pellagius the wise
|j|☆CVgarchompbr2025
|t:|1743849260
|gametype|singles
|player|p1|pellagius the wise|ghetsis|1135
|player|p2|CVgarchompbr2025|red|1067
|teamsize|p1|6
|teamsize|p2|6
|gen|9
|tier|[Gen 9] OU
|rated|
|rule|HP Percentage Mod: HP is shown in percentages
|rule|Endless Battle Clause: Forcing endless battles is banned
|rule|Species Clause: Limit one of each Pokémon
|rule|OHKO Clause: OHKO moves are banned
|rule|Evasion Items Clause: Evasion items are banned
|rule|Evasion Moves Clause: Evasion moves are banned
|rule|Sleep Moves Clause: Sleep-inducing moves are banned
|clearpoke
|poke|p1|Typhlosion-Hisui, M|
|poke|p1|Weavile, M|
|poke|p1|Quaquaval, M|
|poke|p1|Ribombee, M|
|poke|p1|Dragalge, M|
|poke|p1|Corviknight, M|
|poke|p2|Lurantis, F|
|poke|p2|Milotic, F|
|poke|p2|Dragapult, F|
|poke|p2|Krookodile, F|
|poke|p2|Armarouge, F|
|poke|p2|Tinkaton, F|
|teampreview
|inactive|Battle timer is ON: inactive players will automatically lose when time's up. (requested by CVgarchompbr2025)
|
|t:|1743849276
|start
|switch|p1a: Dragalge|Dragalge, M|100/100
|switch|p2a: Milotic|Milotic, F, shiny|100/100
|turn|1
|
|t:|1743849282
|move|p2a: Milotic|Attract|p1a: Dragalge
|-start|p1a: Dragalge|Attract
|-activate|p1a: Dragalge|move: Attract|[of] p2a: Milotic
|move|p1a: Dragalge|Toxic Spikes|p2a: Milotic
|-sidestart|p2: CVgarchompbr2025|move: Toxic Spikes
|
|upkeep
|turn|2
|
|t:|1743849292
|move|p2a: Milotic|Ice Beam|p1a: Dragalge
|-supereffective|p1a: Dragalge
|-damage|p1a: Dragalge|69/100
|-activate|p1a: Dragalge|move: Attract|[of] p2a: Milotic
|move|p1a: Dragalge|Thunderbolt|p2a: Milotic
|-supereffective|p2a: Milotic
|-damage|p2a: Milotic|73/100
|
|-heal|p2a: Milotic|79/100|[from] item: Leftovers
|-heal|p1a: Dragalge|75/100|[from] item: Black Sludge
|upkeep
|turn|3
|
|t:|1743849309
|move|p2a: Milotic|Ice Beam|p1a: Dragalge
|-supereffective|p1a: Dragalge
|-damage|p1a: Dragalge|44/100
|-activate|p1a: Dragalge|move: Attract|[of] p2a: Milotic
|move|p1a: Dragalge|Sludge Wave|p2a: Milotic
|-damage|p2a: Milotic|52/100
|
|-heal|p2a: Milotic|58/100|[from] item: Leftovers
|-heal|p1a: Dragalge|50/100|[from] item: Black Sludge
|upkeep
|turn|4
|
|t:|1743849320
|move|p2a: Milotic|Ice Beam|p1a: Dragalge
|-supereffective|p1a: Dragalge
|-crit|p1a: Dragalge
|-damage|p1a: Dragalge|0 fnt
|faint|p1a: Dragalge
|
|-heal|p2a: Milotic|64/100|[from] item: Leftovers
|upkeep
|
|t:|1743849331
|switch|p1a: Ribombee|Ribombee, M, shiny|100/100
|turn|5
|
|t:|1743849339
|switch|p2a: Tinkaton|Tinkaton, F|100/100
|-ability|p2a: Tinkaton|Mold Breaker
|move|p1a: Ribombee|Quiver Dance|p1a: Ribombee
|-boost|p1a: Ribombee|spa|1
|-boost|p1a: Ribombee|spd|1
|-boost|p1a: Ribombee|spe|1
|
|upkeep
|turn|6
|
|t:|1743849351
|-terastallize|p2a: Tinkaton|Steel
|move|p1a: Ribombee|U-turn|p2a: Tinkaton
|-resisted|p2a: Tinkaton
|-crit|p2a: Tinkaton
|-damage|p2a: Tinkaton|86/100
|
|t:|1743849359
|switch|p1a: Corviknight|Corviknight, M, shiny|100/100|[from] U-turn
|move|p2a: Tinkaton|Gigaton Hammer|p1a: Corviknight
|-resisted|p1a: Corviknight
|-damage|p1a: Corviknight|68/100
|
|upkeep
|turn|7
|c|☆CVgarchompbr2025|kkkkk
|
|t:|1743849370
|-activate|p2a: Tinkaton|move: Struggle
|move|p2a: Tinkaton|Struggle|p1a: Corviknight
|-damage|p1a: Corviknight|58/100
|-damage|p2a: Tinkaton|70/100|[from] item: Rocky Helmet|[of] p1a: Corviknight
|-damage|p2a: Tinkaton|45/100|[from] recoil
|move|p1a: Corviknight|Body Press|p2a: Tinkaton
|-supereffective|p2a: Tinkaton
|-damage|p2a: Tinkaton|0 fnt
|faint|p2a: Tinkaton
|
|upkeep
|
|t:|1743849388
|switch|p2a: Armarouge|Armarouge, F|100/100
|-status|p2a: Armarouge|psn
|turn|8
|
|t:|1743849395
|switch|p1a: Typhlosion|Typhlosion-Hisui, M|100/100
|-item|p2a: Armarouge|Focus Sash|[from] ability: Frisk|[of] p1a: Typhlosion
|move|p2a: Armarouge|Armor Cannon|p1a: Typhlosion
|-resisted|p1a: Typhlosion
|-damage|p1a: Typhlosion|62/100
|-unboost|p2a: Armarouge|def|1
|-unboost|p2a: Armarouge|spd|1
|
|-damage|p2a: Armarouge|88/100 psn|[from] psn
|upkeep
|turn|9
|
|t:|1743849406
|move|p1a: Typhlosion|Infernal Parade|p2a: Armarouge
|-supereffective|p2a: Armarouge
|-damage|p2a: Armarouge|0 fnt
|faint|p2a: Armarouge
|
|upkeep
|
|t:|1743849414
|switch|p2a: Dragapult|Dragapult, F|100/100
|-status|p2a: Dragapult|psn
|turn|10
|
|t:|1743849419
|move|p2a: Dragapult|Phantom Force||[still]
|-prepare|p2a: Dragapult|Phantom Force
|move|p1a: Typhlosion|Infernal Parade|p2a: Dragapult|[miss]
|-miss|p1a: Typhlosion|p2a: Dragapult
|
|-damage|p2a: Dragapult|88/100 psn|[from] psn
|upkeep
|turn|11
|
|t:|1743849427
|switch|p1a: Corviknight|Corviknight, M, shiny|58/100
|move|p2a: Dragapult|Phantom Force|p1a: Corviknight|[from] lockedmove
|-damage|p1a: Corviknight|37/100
|-damage|p2a: Dragapult|72/100 psn|[from] item: Rocky Helmet|[of] p1a: Corviknight
|
|-damage|p2a: Dragapult|59/100 psn|[from] psn
|upkeep
|turn|12
|-message|CVgarchompbr2025 forfeited.
|
|win|pellagius the wise
|raw|pellagius the wise's rating: 1135 &rarr; <strong>1155</strong><br />(+20 for winning)
|raw|CVgarchompbr2025's rating: 1067 &rarr; <strong>1051</strong><br />(-16 for losing)
|l|☆CVgarchompbr2025
|player|p2|
|l|☆pellagius the wise
|player|p1|
