|j|☆ZhuaZi
|j|☆Dreballin3x
|t:|1743917911
|gametype|singles
|player|p1|ZhuaZi|266|1130
|player|p2|Dreballin3x|marshal|1227
|teamsize|p1|6
|teamsize|p2|6
|gen|9
|tier|[Gen 9] OU
|rated|
|rule|HP Percentage Mod: HP is shown in percentages
|rule|Endless Battle Clause: Forcing endless battles is banned
|rule|Species Clause: Limit one of each Pokémon
|rule|OHKO Clause: OHKO moves are banned
|rule|Evasion Items Clause: Evasion items are banned
|rule|Evasion Moves Clause: Evasion moves are banned
|rule|Sleep Moves Clause: Sleep-inducing moves are banned
|clearpoke
|poke|p1|Dragapult, M|
|poke|p1|Gholdengo|
|poke|p1|Zamazenta-*|
|poke|p1|Skarmory, F|
|poke|p1|Chansey, F|
|poke|p1|Landorus-Therian, M|
|poke|p2|Salamence, M|
|poke|p2|Araquanid, F|
|poke|p2|Iron Treads|
|poke|p2|Latias, F|
|poke|p2|Kingambit, M|
|poke|p2|Dragapult, M|
|teampreview
|
|t:|1743917925
|start
|switch|p1a: Landorus|Landorus-Therian, M|100/100
|switch|p2a: Dragapult|Dragapult, M|100/100
|-ability|p1a: Landorus|Intimidate|boost
|-unboost|p2a: Dragapult|atk|1
|turn|1
|
|t:|1743917940
|-terastallize|p1a: Landorus|Ice
|move|p1a: Landorus|Tera Blast|p2a: Dragapult|[anim] Tera Blast Ice
|-supereffective|p2a: Dragapult
|-damage|p2a: Dragapult|0 fnt
|faint|p2a: Dragapult
|
|upkeep
|
|t:|1743917949
|switch|p2a: Iron Treads|Iron Treads|100/100
|-enditem|p2a: Iron Treads|Booster Energy
|-activate|p2a: Iron Treads|ability: Quark Drive|[fromitem]
|-start|p2a: Iron Treads|quarkdrivespe
|turn|2
|
|t:|1743917969
|switch|p1a: Zamazenta|Zamazenta|100/100
|-ability|p1a: Zamazenta|Dauntless Shield|boost
|-boost|p1a: Zamazenta|def|1
|move|p2a: Iron Treads|Iron Head|p1a: Zamazenta
|-damage|p1a: Zamazenta|84/100
|
|-heal|p1a: Zamazenta|90/100|[from] item: Leftovers
|upkeep
|turn|3
|
|t:|1743917979
|move|p2a: Iron Treads|Volt Switch|p1a: Zamazenta
|-damage|p1a: Zamazenta|80/100
|
|t:|1743917982
|-end|p2a: Iron Treads|Quark Drive|[silent]
|switch|p2a: Latias|Latias, F|100/100|[from] Volt Switch
|move|p1a: Zamazenta|Iron Defense|p1a: Zamazenta
|-boost|p1a: Zamazenta|def|2
|
|-heal|p1a: Zamazenta|86/100|[from] item: Leftovers
|upkeep
|turn|4
|
|t:|1743917990
|-terastallize|p2a: Latias|Poison
|move|p1a: Zamazenta|Crunch|p2a: Latias
|-damage|p2a: Latias|84/100
|move|p2a: Latias|Agility|p2a: Latias
|-boost|p2a: Latias|spe|2
|
|-heal|p2a: Latias|90/100|[from] item: Leftovers
|-heal|p1a: Zamazenta|92/100|[from] item: Leftovers
|upkeep
|turn|5
|
|t:|1743918006
|switch|p1a: Gholdengo|Gholdengo|100/100
|-item|p1a: Gholdengo|Air Balloon
|move|p2a: Latias|Calm Mind|p2a: Latias
|-boost|p2a: Latias|spa|1
|-boost|p2a: Latias|spd|1
|
|-heal|p2a: Latias|96/100|[from] item: Leftovers
|upkeep
|turn|6
|
|t:|1743918015
|move|p2a: Latias|Calm Mind|p2a: Latias
|-boost|p2a: Latias|spa|1
|-boost|p2a: Latias|spd|1
|move|p1a: Gholdengo|Make It Rain|p2a: Latias
|-damage|p2a: Latias|78/100
|-unboost|p1a: Gholdengo|spa|1
|
|-heal|p2a: Latias|84/100|[from] item: Leftovers
|upkeep
|turn|7
|
|t:|1743918028
|move|p2a: Latias|Stored Power|p1a: Gholdengo
|-resisted|p1a: Gholdengo
|-damage|p1a: Gholdengo|59/100
|-enditem|p1a: Gholdengo|Air Balloon
|move|p1a: Gholdengo|Thunder Wave|p2a: Latias
|-status|p2a: Latias|par
|
|-heal|p2a: Latias|90/100 par|[from] item: Leftovers
|upkeep
|turn|8
|
|t:|1743918036
|move|p2a: Latias|Agility|p2a: Latias
|-boost|p2a: Latias|spe|2
|move|p1a: Gholdengo|Recover|p1a: Gholdengo
|-heal|p1a: Gholdengo|100/100
|
|-heal|p2a: Latias|96/100 par|[from] item: Leftovers
|upkeep
|turn|9
|
|t:|1743918046
|switch|p1a: Chansey|Chansey, F|100/100
|move|p2a: Latias|Calm Mind|p2a: Latias
|-boost|p2a: Latias|spa|1
|-boost|p2a: Latias|spd|1
|
|-heal|p2a: Latias|100/100 par|[from] item: Leftovers
|upkeep
|turn|10
|
|t:|1743918053
|move|p2a: Latias|Stored Power|p1a: Chansey
|-damage|p1a: Chansey|57/100
|move|p1a: Chansey|Seismic Toss|p2a: Latias
|-damage|p2a: Latias|73/100 par
|
|-heal|p2a: Latias|79/100 par|[from] item: Leftovers
|upkeep
|turn|11
|
|t:|1743918060
|move|p2a: Latias|Stored Power|p1a: Chansey
|-damage|p1a: Chansey|10/100
|move|p1a: Chansey|Soft-Boiled|p1a: Chansey
|-heal|p1a: Chansey|60/100
|
|-heal|p2a: Latias|85/100 par|[from] item: Leftovers
|upkeep
|turn|12
|
|t:|1743918068
|move|p2a: Latias|Calm Mind|p2a: Latias
|-boost|p2a: Latias|spa|1
|-boost|p2a: Latias|spd|1
|move|p1a: Chansey|Soft-Boiled|p1a: Chansey
|-heal|p1a: Chansey|100/100
|
|-heal|p2a: Latias|91/100 par|[from] item: Leftovers
|upkeep
|turn|13
|
|t:|1743918076
|move|p2a: Latias|Stored Power|p1a: Chansey
|-damage|p1a: Chansey|32/100
|move|p1a: Chansey|Seismic Toss|p2a: Latias
|-damage|p2a: Latias|64/100 par
|
|-heal|p2a: Latias|70/100 par|[from] item: Leftovers
|upkeep
|turn|14
|
|t:|1743918093
|move|p2a: Latias|Stored Power|p1a: Chansey
|-damage|p1a: Chansey|0 fnt
|faint|p1a: Chansey
|
|-heal|p2a: Latias|76/100 par|[from] item: Leftovers
|upkeep
|
|t:|1743918099
|switch|p1a: Skarmory|Skarmory, F|100/100
|turn|15
|
|t:|1743918104
|cant|p2a: Latias|par
|move|p1a: Skarmory|Whirlwind|p2a: Latias
|drag|p2a: 50/50|Kingambit, M|100/100
|-activate|p2a: 50/50|ability: Supreme Overlord
|-start|p2a: 50/50|fallen1|[silent]
|
|upkeep
|turn|16
|
|t:|1743918115
|-end|p2a: 50/50|fallen1|[silent]
|switch|p2a: Ara Ara~|Araquanid, F|100/100
|switch|p1a: Zamazenta|Zamazenta|92/100
|
|-heal|p1a: Zamazenta|98/100|[from] item: Leftovers
|upkeep
|turn|17
|
|t:|1743918145
|move|p1a: Zamazenta|Iron Defense|p1a: Zamazenta
|-boost|p1a: Zamazenta|def|2
|move|p2a: Ara Ara~|Liquidation|p1a: Zamazenta
|-damage|p1a: Zamazenta|71/100
|
|-heal|p1a: Zamazenta|77/100|[from] item: Leftovers
|upkeep
|turn|18
|
|t:|1743918152
|move|p1a: Zamazenta|Iron Defense|p1a: Zamazenta
|-boost|p1a: Zamazenta|def|2
|move|p2a: Ara Ara~|Liquidation|p1a: Zamazenta
|-damage|p1a: Zamazenta|61/100
|
|-heal|p1a: Zamazenta|67/100|[from] item: Leftovers
|upkeep
|turn|19
|
|t:|1743918159
|move|p1a: Zamazenta|Body Press|p2a: Ara Ara~
|-resisted|p2a: Ara Ara~
|-damage|p2a: Ara Ara~|33/100
|move|p2a: Ara Ara~|Liquidation|p1a: Zamazenta
|-damage|p1a: Zamazenta|48/100
|
|-heal|p1a: Zamazenta|54/100|[from] item: Leftovers
|upkeep
|turn|20
|
|t:|1743918167
|move|p1a: Zamazenta|Body Press|p2a: Ara Ara~
|-resisted|p2a: Ara Ara~
|-damage|p2a: Ara Ara~|0 fnt
|faint|p2a: Ara Ara~
|
|-heal|p1a: Zamazenta|60/100|[from] item: Leftovers
|upkeep
|
|t:|1743918174
|switch|p2a: Salamence|Salamence, M|100/100
|turn|21
|
|t:|1743918191
|move|p1a: Zamazenta|Body Press|p2a: Salamence
|-resisted|p2a: Salamence
|-damage|p2a: Salamence|16/100
|move|p2a: Salamence|Dual Wingbeat|p1a: Zamazenta
|-supereffective|p1a: Zamazenta
|-damage|p1a: Zamazenta|47/100
|-supereffective|p1a: Zamazenta
|-damage|p1a: Zamazenta|34/100
|-hitcount|p1a: Zamazenta|2
|-damage|p2a: Salamence|6/100|[from] item: Life Orb
|
|-heal|p1a: Zamazenta|40/100|[from] item: Leftovers
|upkeep
|turn|22
|
|t:|1743918203
|move|p1a: Zamazenta|Body Press|p2a: Salamence
|-resisted|p2a: Salamence
|-damage|p2a: Salamence|0 fnt
|faint|p2a: Salamence
|
|-heal|p1a: Zamazenta|47/100|[from] item: Leftovers
|upkeep
|
|t:|1743918207
|switch|p2a: Latias|Latias, F, tera:Poison|76/100 par
|turn|23
|
|t:|1743918213
|move|p1a: Zamazenta|Body Press|p2a: Latias
|-resisted|p2a: Latias
|-damage|p2a: Latias|28/100 par
|cant|p2a: Latias|par
|
|-heal|p1a: Zamazenta|53/100|[from] item: Leftovers
|-heal|p2a: Latias|34/100 par|[from] item: Leftovers
|upkeep
|turn|24
|
|t:|1743918221
|move|p1a: Zamazenta|Body Press|p2a: Latias
|-resisted|p2a: Latias
|-damage|p2a: Latias|0 fnt
|faint|p2a: Latias
|
|-heal|p1a: Zamazenta|59/100|[from] item: Leftovers
|upkeep
|
|t:|1743918224
|switch|p2a: Iron Treads|Iron Treads|100/100
|turn|25
|c|☆Dreballin3x|Gg
|
|t:|1743918273
|move|p1a: Zamazenta|Body Press|p2a: Iron Treads
|-supereffective|p2a: Iron Treads
|-damage|p2a: Iron Treads|0 fnt
|faint|p2a: Iron Treads
|-end|p2a: Iron Treads|Quark Drive|[silent]
|
|-heal|p1a: Zamazenta|65/100|[from] item: Leftovers
|upkeep
|
|t:|1743918275
|switch|p2a: 50/50|Kingambit, M|100/100
|-activate|p2a: 50/50|ability: Supreme Overlord
|-start|p2a: 50/50|fallen5|[silent]
|turn|26
|
|t:|1743918283
|move|p2a: 50/50|Sucker Punch|p1a: Zamazenta
|-resisted|p1a: Zamazenta
|-damage|p1a: Zamazenta|56/100
|move|p1a: Zamazenta|Body Press|p2a: 50/50
|-supereffective|p2a: 50/50
|-damage|p2a: 50/50|0 fnt
|faint|p2a: 50/50
|-end|p2a: 50/50|fallen5|[silent]
|
|win|ZhuaZi
|raw|ZhuaZi's rating: 1130 &rarr; <strong>1162</strong><br />(+32 for winning)
|raw|Dreballin3x's rating: 1227 &rarr; <strong>1195</strong><br />(-32 for losing)
|l|☆ZhuaZi
|player|p1|
|l|☆Dreballin3x
|player|p2|
