|j|☆Saowhit
|j|☆Bor3dlol
|t:|1743880394
|gametype|singles
|player|p1|Saowhit|guitarist|1212
|player|p2|Bor3dlol|102|1161
|teamsize|p1|6
|teamsize|p2|6
|gen|9
|tier|[Gen 9] OU
|rated|
|rule|HP Percentage Mod: HP is shown in percentages
|rule|Endless Battle Clause: Forcing endless battles is banned
|rule|Species Clause: Limit one of each Pokémon
|rule|OHKO Clause: OHKO moves are banned
|rule|Evasion Items Clause: Evasion items are banned
|rule|Evasion Moves Clause: Evasion moves are banned
|rule|Sleep Moves Clause: Sleep-inducing moves are banned
|clearpoke
|poke|p1|Raging Bolt|
|poke|p1|Landorus-Therian, M|
|poke|p1|Incineroar, F|
|poke|p1|Indeedee, M|
|poke|p1|Mew|
|poke|p1|Ogerpon-Wellspring, F|
|poke|p2|Landorus-Therian, M|
|poke|p2|Scizor, F|
|poke|p2|Primarina, M|
|poke|p2|Raging Bolt|
|poke|p2|Pecharunt|
|poke|p2|Ogerpon-Wellspring, F|
|teampreview
|inactive|Battle timer is ON: inactive players will automatically lose when time's up. (requested by Bor3dlol)
|
|t:|1743880414
|start
|switch|p1a: Mew|Mew|100/100
|switch|p2a: Primarina|Primarina, M|100/100
|turn|1
|
|t:|1743880431
|move|p1a: Mew|Thunder Wave|p2a: Primarina|[miss]
|-miss|p1a: Mew|p2a: Primarina
|move|p2a: Primarina|Moonblast|p1a: Mew
|-damage|p1a: Mew|59/100
|-unboost|p1a: Mew|spa|1
|
|-heal|p1a: Mew|65/100|[from] item: Leftovers
|upkeep
|turn|2
|
|t:|1743880450
|switch|p2a: Raging Bolt|Raging Bolt|100/100
|-enditem|p2a: Raging Bolt|Booster Energy
|-activate|p2a: Raging Bolt|ability: Protosynthesis|[fromitem]
|-start|p2a: Raging Bolt|protosynthesisspa
|move|p1a: Mew|Light Screen|p1a: Mew
|-sidestart|p1: Saowhit|move: Light Screen
|
|-heal|p1a: Mew|71/100|[from] item: Leftovers
|upkeep
|turn|3
|
|t:|1743880470
|switch|p1a: Raging Bolt|Raging Bolt|100/100
|-enditem|p1a: Raging Bolt|Booster Energy
|-activate|p1a: Raging Bolt|ability: Protosynthesis|[fromitem]
|-start|p1a: Raging Bolt|protosynthesisspa
|move|p2a: Raging Bolt|Calm Mind|p2a: Raging Bolt
|-boost|p2a: Raging Bolt|spa|1
|-boost|p2a: Raging Bolt|spd|1
|
|upkeep
|turn|4
|
|t:|1743880490
|-terastallize|p1a: Raging Bolt|Fairy
|-terastallize|p2a: Raging Bolt|Fairy
|move|p2a: Raging Bolt|Calm Mind|p2a: Raging Bolt
|-boost|p2a: Raging Bolt|spa|1
|-boost|p2a: Raging Bolt|spd|1
|move|p1a: Raging Bolt|Dragon Pulse|p2a: Raging Bolt
|-immune|p2a: Raging Bolt
|
|upkeep
|turn|5
|
|t:|1743880504
|-end|p1a: Raging Bolt|Protosynthesis|[silent]
|switch|p1a: Incineroar|Incineroar, F|100/100
|-ability|p1a: Incineroar|Intimidate|boost
|-unboost|p2a: Raging Bolt|atk|1
|move|p2a: Raging Bolt|Thunderbolt|p1a: Incineroar
|-damage|p1a: Incineroar|21/100
|
|upkeep
|turn|6
|
|t:|1743880514
|move|p2a: Raging Bolt|Dragon Pulse|p1a: Incineroar
|-damage|p1a: Incineroar|0 fnt
|faint|p1a: Incineroar
|
|-sideend|p1: Saowhit|move: Light Screen
|upkeep
|
|t:|1743880524
|switch|p1a: Indeedee|Indeedee, M|100/100
|-fieldstart|move: Psychic Terrain|[from] ability: Psychic Surge|[of] p1a: Indeedee
|turn|7
|
|t:|1743880536
|move|p1a: Indeedee|Expanding Force|p2a: Raging Bolt
|-damage|p2a: Raging Bolt|51/100
|move|p2a: Raging Bolt|Calm Mind|p2a: Raging Bolt
|-boost|p2a: Raging Bolt|spa|1
|-boost|p2a: Raging Bolt|spd|1
|
|upkeep
|turn|8
|
|t:|1743880543
|move|p1a: Indeedee|Expanding Force|p2a: Raging Bolt
|-damage|p2a: Raging Bolt|12/100
|move|p2a: Raging Bolt|Thunderbolt|p1a: Indeedee
|-damage|p1a: Indeedee|0 fnt
|faint|p1a: Indeedee
|
|upkeep
|
|t:|1743880551
|switch|p1a: Landorus|Landorus-Therian, M|100/100
|-ability|p1a: Landorus|Intimidate|boost
|-unboost|p2a: Raging Bolt|atk|1
|turn|9
|
|t:|1743880556
|move|p2a: Raging Bolt|Dragon Pulse|p1a: Landorus
|-damage|p1a: Landorus|0 fnt
|faint|p1a: Landorus
|
|upkeep
|
|t:|1743880563
|switch|p1a: Raging Bolt|Raging Bolt, tera:Fairy|100/100
|turn|10
|
|t:|1743880566
|move|p1a: Raging Bolt|Thunderclap|p2a: Raging Bolt
|-activate|p2a: Raging Bolt|move: Psychic Terrain
|move|p2a: Raging Bolt|Thunderbolt|p1a: Raging Bolt
|-damage|p1a: Raging Bolt|0 fnt
|faint|p1a: Raging Bolt
|-end|p1a: Raging Bolt|Protosynthesis|[silent]
|
|upkeep
|
|t:|1743880578
|switch|p1a: Ogerpon|Ogerpon-Wellspring, F|100/100
|turn|11
|
|t:|1743880582
|move|p1a: Ogerpon|Ivy Cudgel|p2a: Raging Bolt|[anim] Ivy Cudgel Water
|-damage|p2a: Raging Bolt|0 fnt
|faint|p2a: Raging Bolt
|-end|p2a: Raging Bolt|Protosynthesis|[silent]
|
|-fieldend|move: Psychic Terrain
|upkeep
|
|t:|1743880591
|switch|p2a: Ogerpon|Ogerpon-Wellspring, F|100/100
|turn|12
|
|t:|1743880595
|switch|p1a: Mew|Mew|71/100
|move|p2a: Ogerpon|Wood Hammer|p1a: Mew
|-damage|p1a: Mew|3/100
|-damage|p2a: Ogerpon|73/100|[from] Recoil
|
|-heal|p1a: Mew|9/100|[from] item: Leftovers
|upkeep
|turn|13
|
|t:|1743880606
|move|p2a: Ogerpon|U-turn|p1a: Mew
|-supereffective|p1a: Mew
|-damage|p1a: Mew|0 fnt
|faint|p1a: Mew
|
|t:|1743880611
|switch|p2a: Pecharunt|Pecharunt|100/100|[from] U-turn
|
|upkeep
|
|t:|1743880615
|switch|p1a: Ogerpon|Ogerpon-Wellspring, F|100/100
|turn|14
|
|t:|1743880620
|move|p1a: Ogerpon|Ivy Cudgel|p2a: Pecharunt|[anim] Ivy Cudgel Water
|-damage|p2a: Pecharunt|61/100
|move|p2a: Pecharunt|Parting Shot|p1a: Ogerpon
|-unboost|p1a: Ogerpon|atk|1
|-unboost|p1a: Ogerpon|spa|1
|
|t:|1743880626
|switch|p2a: Landorus|Landorus-Therian, M|100/100|[from] Parting Shot
|-ability|p2a: Landorus|Intimidate|boost
|-unboost|p1a: Ogerpon|atk|1
|
|upkeep
|turn|15
|-message|Saowhit forfeited.
|
|win|Bor3dlol
|raw|Saowhit's rating: 1212 &rarr; <strong>1183</strong><br />(-29 for losing)
|raw|Bor3dlol's rating: 1161 &rarr; <strong>1190</strong><br />(+29 for winning)
|l|☆Saowhit
|player|p1|
