|j|☆mustinj
|j|☆Sadie1996
|t:|1743836697
|gametype|singles
|player|p1|mustinj|cynthia-gen4|1174
|player|p2|Sadie1996|102|1157
|teamsize|p1|6
|teamsize|p2|6
|gen|9
|tier|[Gen 9] OU
|rated|
|rule|HP Percentage Mod: HP is shown in percentages
|rule|Endless Battle Clause: Forcing endless battles is banned
|rule|Species Clause: Limit one of each Pokémon
|rule|OHKO Clause: OHKO moves are banned
|rule|Evasion Items Clause: Evasion items are banned
|rule|Evasion Moves Clause: Evasion moves are banned
|rule|Sleep Moves Clause: Sleep-inducing moves are banned
|clearpoke
|poke|p1|Dragonite, F|
|poke|p1|Ting-Lu|
|poke|p1|Gholdengo|
|poke|p1|Iron Valiant|
|poke|p1|Zamazenta-*|
|poke|p1|Kingambit, F|
|poke|p2|Ogerpon-Cornerstone, F|
|poke|p2|Donphan, M|
|poke|p2|Avalugg-Hisui, F|
|poke|p2|Magnezone|
|poke|p2|Golem-Alola, M|
|poke|p2|Hitmonlee, M|
|teampreview
|inactive|Battle timer is ON: inactive players will automatically lose when time's up. (requested by Sadie1996)
|inactive|mustinj has 120 seconds left.
|
|t:|1743836786
|start
|switch|p1a: Ting-Lu|Ting-Lu|100/100
|switch|p2a: Magnezone|Magnezone|100/100
|-ability|p1a: Ting-Lu|Vessel of Ruin
|turn|1
|inactive|mustinj has 120 seconds left.
|inactive|Sadie1996 has 120 seconds left.
|
|t:|1743836822
|switch|p2a: Avalugg|Avalugg-Hisui, F|100/100
|move|p1a: Ting-Lu|Stealth Rock|p2a: Avalugg
|-sidestart|p2: Sadie1996|move: Stealth Rock
|
|upkeep
|turn|2
|inactive|Sadie1996 has 120 seconds left.
|
|t:|1743836834
|move|p1a: Ting-Lu|Taunt|p2a: Avalugg
|-start|p2a: Avalugg|move: Taunt
|move|p2a: Avalugg|Mountain Gale|p1a: Ting-Lu
|-supereffective|p1a: Ting-Lu
|-damage|p1a: Ting-Lu|39/100
|-enditem|p1a: Ting-Lu|Red Card|[of] p2a: Avalugg
|drag|p2a: Golem|Golem-Alola, M|100/100
|-damage|p2a: Golem|88/100|[from] Stealth Rock
|
|upkeep
|turn|3
|inactive|Sadie1996 has 120 seconds left.
|inactive|mustinj has 120 seconds left.
|
|t:|1743836861
|switch|p2a: Avalugg|Avalugg-Hisui, F|100/100
|-damage|p2a: Avalugg|76/100|[from] Stealth Rock
|move|p1a: Ting-Lu|Earthquake|p2a: Avalugg
|-supereffective|p2a: Avalugg
|-damage|p2a: Avalugg|36/100
|
|upkeep
|turn|4
|
|t:|1743836891
|switch|p1a: Zamazenta|Zamazenta|100/100
|-ability|p1a: Zamazenta|Dauntless Shield|boost
|-boost|p1a: Zamazenta|def|1
|move|p2a: Avalugg|Rapid Spin|p1a: Zamazenta
|-damage|p1a: Zamazenta|89/100
|-boost|p2a: Avalugg|spe|1
|-sideend|p2: Sadie1996|Stealth Rock|[from] move: Rapid Spin|[of] p2a: Avalugg
|
|upkeep
|turn|5
|inactive|mustinj has 90 seconds left.
|
|t:|1743836907
|move|p1a: Zamazenta|Close Combat|p2a: Avalugg
|-supereffective|p2a: Avalugg
|-damage|p2a: Avalugg|0 fnt
|-unboost|p1a: Zamazenta|def|1
|-unboost|p1a: Zamazenta|spd|1
|faint|p2a: Avalugg
|
|upkeep
|
|t:|1743836917
|switch|p2a: Golem|Golem-Alola, M|88/100
|turn|6
|
|t:|1743836927
|switch|p1a: Gholdengo|Gholdengo|100/100
|-item|p1a: Gholdengo|Air Balloon
|move|p2a: Golem|Counter||[still]
|-fail|p2a: Golem
|
|upkeep
|turn|7
|inactive|mustinj has 90 seconds left.
|
|t:|1743836948
|switch|p1a: Ting-Lu|Ting-Lu|39/100
|-ability|p1a: Ting-Lu|Vessel of Ruin
|move|p2a: Golem|Supercell Slam|p1a: Ting-Lu
|-immune|p1a: Ting-Lu
|-damage|p2a: Golem|38/100|[from] supercellslam
|
|upkeep
|turn|8
|inactive|mustinj has 90 seconds left.
|
|t:|1743836959
|move|p1a: Ting-Lu|Earthquake|p2a: Golem
|-supereffective|p2a: Golem
|-damage|p2a: Golem|0 fnt
|faint|p2a: Golem
|
|upkeep
|
|t:|1743836966
|switch|p2a: Donphan|Donphan, M|100/100
|turn|9
|inactive|mustinj has 90 seconds left.
|
|t:|1743836985
|move|p2a: Donphan|Ice Spinner|p1a: Ting-Lu
|-supereffective|p1a: Ting-Lu
|-damage|p1a: Ting-Lu|10/100
|move|p1a: Ting-Lu|Stealth Rock|p2a: Donphan
|-sidestart|p2: Sadie1996|move: Stealth Rock
|
|upkeep
|turn|10
|inactive|mustinj has 90 seconds left.
|
|t:|1743837006
|switch|p1a: Gholdengo|Gholdengo|100/100
|-item|p1a: Gholdengo|Air Balloon
|move|p2a: Donphan|Ice Spinner|p1a: Gholdengo
|-resisted|p1a: Gholdengo
|-damage|p1a: Gholdengo|85/100
|-enditem|p1a: Gholdengo|Air Balloon
|
|upkeep
|turn|11
|
|t:|1743837028
|move|p1a: Gholdengo|Make It Rain|p2a: Donphan
|-ability|p2a: Donphan|Sturdy
|-damage|p2a: Donphan|1/100
|-unboost|p1a: Gholdengo|spa|1
|-enditem|p2a: Donphan|Salac Berry|[eat]
|-boost|p2a: Donphan|spe|1|[from] item: Salac Berry
|move|p2a: Donphan|Earthquake|p1a: Gholdengo
|-supereffective|p1a: Gholdengo
|-damage|p1a: Gholdengo|0 fnt
|faint|p1a: Gholdengo
|
|upkeep
|
|t:|1743837041
|switch|p1a: Iron Valiant|Iron Valiant|100/100
|-enditem|p1a: Iron Valiant|Booster Energy
|-activate|p1a: Iron Valiant|ability: Quark Drive|[fromitem]
|-start|p1a: Iron Valiant|quarkdrivespe
|turn|12
|
|t:|1743837047
|move|p1a: Iron Valiant|Vacuum Wave|p2a: Donphan
|-damage|p2a: Donphan|0 fnt
|faint|p2a: Donphan
|
|upkeep
|
|t:|1743837063
|switch|p2a: Ogerpon|Ogerpon-Cornerstone, F|100/100
|-damage|p2a: Ogerpon|88/100|[from] Stealth Rock
|turn|13
|-message|Sadie1996 forfeited.
|
|win|mustinj
|raw|mustinj's rating: 1174 &rarr; <strong>1198</strong><br />(+24 for winning)
|raw|Sadie1996's rating: 1157 &rarr; <strong>1133</strong><br />(-24 for losing)
|l|☆Sadie1996
|player|p2|
|c|☆mustinj|ggs
|l|☆mustinj
|player|p1|
