|j|☆Blacksylinder
|j|☆shalazizi
|t:|1743912694
|gametype|singles
|player|p1|Blacksylinder|1|1189
|player|p2|shalazizi|n|1130
|teamsize|p1|6
|teamsize|p2|6
|gen|9
|tier|[Gen 9] OU
|rated|
|rule|HP Percentage Mod: HP is shown in percentages
|rule|Endless Battle Clause: Forcing endless battles is banned
|rule|Species Clause: Limit one of each Pokémon
|rule|OHKO Clause: OHKO moves are banned
|rule|Evasion Items Clause: Evasion items are banned
|rule|Evasion Moves Clause: Evasion moves are banned
|rule|Sleep Moves Clause: Sleep-inducing moves are banned
|clearpoke
|poke|p1|Great Tusk|
|poke|p1|Dragapult, M|
|poke|p1|Dragonite, M|
|poke|p1|Kleavor, M|
|poke|p1|Ribombee, M|
|poke|p1|Gholdengo|
|poke|p2|Pecharunt|
|poke|p2|Latias, F|
|poke|p2|Tyranitar, F|
|poke|p2|Goodra-Hisui, M|
|poke|p2|Ting-Lu|
|poke|p2|Corviknight, F|
|teampreview
|inactive|Battle timer is ON: inactive players will automatically lose when time's up. (requested by shalazizi)
|
|t:|1743912715
|start
|switch|p1a: Ribombee|Ribombee, M|100/100
|switch|p2a: Ting-Lu|Ting-Lu|100/100
|-ability|p2a: Ting-Lu|Vessel of Ruin
|turn|1
|l|☆Blacksylinder
|inactive|Blacksylinder disconnected and has a minute to reconnect!
|player|p1|
|inactive|Blacksylinder has 30 seconds to reconnect!
|j|☆Blacksylinder
|inactive|Blacksylinder reconnected and has 90 seconds left.
|player|p1|Blacksylinder|1|
|
|t:|1743912785
|move|p1a: Ribombee|Stun Spore|p2a: Ting-Lu
|-status|p2a: Ting-Lu|par
|move|p2a: Ting-Lu|Stealth Rock|p1a: Ribombee
|-sidestart|p1: Blacksylinder|move: Stealth Rock
|
|upkeep
|turn|2
|
|t:|1743912797
|move|p1a: Ribombee|Sticky Web|p2a: Ting-Lu
|-sidestart|p2: shalazizi|move: Sticky Web
|move|p2a: Ting-Lu|Ruination|p1a: Ribombee
|-damage|p1a: Ribombee|51/100
|
|upkeep
|turn|3
|inactive|Blacksylinder has 90 seconds left.
|inactive|shalazizi has 120 seconds left.
|
|t:|1743912831
|move|p1a: Ribombee|Moonblast|p2a: Ting-Lu
|-supereffective|p2a: Ting-Lu
|-damage|p2a: Ting-Lu|65/100 par
|-unboost|p2a: Ting-Lu|spa|1
|move|p2a: Ting-Lu|Spikes|p1a: Ribombee
|-sidestart|p1: Blacksylinder|Spikes
|
|-heal|p2a: Ting-Lu|72/100 par|[from] item: Leftovers
|upkeep
|turn|4
|inactive|shalazizi has 120 seconds left.
|inactive|Blacksylinder has 90 seconds left.
|
|t:|1743912846
|move|p1a: Ribombee|Moonblast|p2a: Ting-Lu
|-supereffective|p2a: Ting-Lu
|-damage|p2a: Ting-Lu|39/100 par
|move|p2a: Ting-Lu|Ruination|p1a: Ribombee
|-damage|p1a: Ribombee|26/100
|
|-heal|p2a: Ting-Lu|45/100 par|[from] item: Leftovers
|upkeep
|turn|5
|inactive|Blacksylinder has 90 seconds left.
|inactive|shalazizi has 120 seconds left.
|
|t:|1743912857
|move|p1a: Ribombee|Skill Swap|p2a: Ting-Lu
|-activate|p1a: Ribombee|move: Skill Swap|Vessel of Ruin|Shield Dust|[of] p2a: Ting-Lu
|-ability|p1a: Ribombee|Vessel of Ruin
|move|p2a: Ting-Lu|Spikes|p1a: Ribombee
|-sidestart|p1: Blacksylinder|Spikes
|
|-heal|p2a: Ting-Lu|51/100 par|[from] item: Leftovers
|upkeep
|turn|6
|inactive|shalazizi has 120 seconds left.
|
|t:|1743912868
|move|p1a: Ribombee|Moonblast|p2a: Ting-Lu
|-supereffective|p2a: Ting-Lu
|-damage|p2a: Ting-Lu|5/100 par
|move|p2a: Ting-Lu|Spikes|p1a: Ribombee
|-sidestart|p1: Blacksylinder|Spikes
|
|-heal|p2a: Ting-Lu|11/100 par|[from] item: Leftovers
|upkeep
|turn|7
|inactive|shalazizi has 120 seconds left.
|
|t:|1743912881
|move|p1a: Ribombee|Moonblast|p2a: Ting-Lu
|-supereffective|p2a: Ting-Lu
|-damage|p2a: Ting-Lu|0 fnt
|faint|p2a: Ting-Lu
|
|upkeep
|
|t:|1743912890
|switch|p2a: Latias|Latias, F|100/100
|turn|8
|
|t:|1743912895
|move|p2a: Latias|Mist Ball|p1a: Ribombee
|-damage|p1a: Ribombee|0 fnt
|faint|p1a: Ribombee
|
|upkeep
|
|t:|1743912915
|switch|p1a: Great Tusk|Great Tusk|100/100
|-damage|p1a: Great Tusk|98/100|[from] Stealth Rock
|-damage|p1a: Great Tusk|73/100|[from] Spikes
|-enditem|p1a: Great Tusk|Booster Energy
|-activate|p1a: Great Tusk|ability: Protosynthesis|[fromitem]
|-start|p1a: Great Tusk|protosynthesisatk
|turn|9
|
|t:|1743912926
|-terastallize|p2a: Latias|Fairy
|move|p2a: Latias|Mist Ball|p1a: Great Tusk
|-supereffective|p1a: Great Tusk
|-damage|p1a: Great Tusk|0 fnt
|faint|p1a: Great Tusk
|-end|p1a: Great Tusk|Protosynthesis|[silent]
|
|upkeep
|
|t:|1743912936
|switch|p1a: Gholdengo|Gholdengo|100/100
|-damage|p1a: Gholdengo|94/100|[from] Stealth Rock
|-item|p1a: Gholdengo|Air Balloon
|turn|10
|
|t:|1743912944
|switch|p2a: Goodra|Goodra-Hisui, M|100/100
|-activate|p2a: Goodra|move: Sticky Web
|-unboost|p2a: Goodra|spe|1
|move|p1a: Gholdengo|Nasty Plot|p1a: Gholdengo
|-boost|p1a: Gholdengo|spa|2
|
|upkeep
|turn|11
|
|t:|1743912963
|move|p1a: Gholdengo|Shadow Ball|p2a: Goodra
|-damage|p2a: Goodra|70/100
|move|p2a: Goodra|Flamethrower|p1a: Gholdengo
|-supereffective|p1a: Gholdengo
|-crit|p1a: Gholdengo
|-damage|p1a: Gholdengo|0 fnt
|-enditem|p1a: Gholdengo|Air Balloon
|faint|p1a: Gholdengo
|
|upkeep
|inactive|Blacksylinder has 120 seconds left.
|
|t:|1743912990
|switch|p1a: Dragapult|Dragapult, M|100/100
|-damage|p1a: Dragapult|88/100|[from] Stealth Rock
|-damage|p1a: Dragapult|63/100|[from] Spikes
|turn|12
|
|t:|1743913000
|move|p1a: Dragapult|Fire Blast|p2a: Goodra
|-damage|p2a: Goodra|48/100
|-damage|p1a: Dragapult|53/100|[from] item: Life Orb
|move|p2a: Goodra|Dragon Pulse|p1a: Dragapult
|-supereffective|p1a: Dragapult
|-damage|p1a: Dragapult|0 fnt
|faint|p1a: Dragapult
|
|upkeep
|
|t:|1743913019
|switch|p1a: Dragonite|Dragonite, M, shiny|100/100
|-damage|p1a: Dragonite|76/100|[from] Stealth Rock
|turn|13
|
|t:|1743913033
|switch|p2a: Pecharunt|Pecharunt|100/100
|-item|p2a: Pecharunt|Air Balloon
|move|p1a: Dragonite|Dragon Dance|p1a: Dragonite
|-boost|p1a: Dragonite|atk|1
|-boost|p1a: Dragonite|spe|1
|
|upkeep
|turn|14
|
|t:|1743913040
|move|p1a: Dragonite|Scale Shot|p2a: Pecharunt
|-damage|p2a: Pecharunt|89/100
|-enditem|p2a: Pecharunt|Air Balloon
|-damage|p2a: Pecharunt|80/100
|-damage|p2a: Pecharunt|69/100
|-damage|p2a: Pecharunt|59/100
|-hitcount|p2a: Pecharunt|4
|-unboost|p1a: Dragonite|def|1
|-boost|p1a: Dragonite|spe|1
|move|p2a: Pecharunt|Toxic|p1a: Dragonite
|-status|p1a: Dragonite|tox
|-start|p1a: Dragonite|confusion|[from] ability: Poison Puppeteer|[of] p2a: Pecharunt
|
|-damage|p1a: Dragonite|70/100 tox|[from] psn
|upkeep
|turn|15
|inactive|Blacksylinder has 120 seconds left.
|
|t:|1743913055
|-activate|p1a: Dragonite|confusion
|-damage|p1a: Dragonite|30/100 tox|[from] confusion
|move|p2a: Pecharunt|Recover|p2a: Pecharunt
|-heal|p2a: Pecharunt|100/100
|
|-damage|p1a: Dragonite|17/100 tox|[from] psn
|upkeep
|turn|16
|
|t:|1743913062
|-activate|p1a: Dragonite|confusion
|-damage|p1a: Dragonite|0 fnt|[from] confusion
|faint|p1a: Dragonite
|move|p2a: Pecharunt|Recover||[still]
|-fail|p2a: Pecharunt|heal
|
|upkeep
|
|t:|1743913064
|switch|p1a: Kleavor|Kleavor, M|100/100
|turn|17
|
|t:|1743913072
|move|p1a: Kleavor|Night Slash|p2a: Pecharunt
|-supereffective|p2a: Pecharunt
|-damage|p2a: Pecharunt|65/100
|move|p2a: Pecharunt|Toxic|p1a: Kleavor
|-status|p1a: Kleavor|tox
|-start|p1a: Kleavor|confusion|[from] ability: Poison Puppeteer|[of] p2a: Pecharunt
|
|-damage|p1a: Kleavor|94/100 tox|[from] psn
|upkeep
|turn|18
|inactive|Blacksylinder has 120 seconds left.
|l|☆Blacksylinder
|inactive|Blacksylinder disconnected and has a minute to reconnect!
|player|p1|
|inactive|Blacksylinder has 30 seconds to reconnect!
|inactive|Blacksylinder has 20 seconds to reconnect!
|inactive|Blacksylinder has 15 seconds to reconnect!
|inactive|Blacksylinder has 10 seconds to reconnect!
|inactive|Blacksylinder has 5 seconds to reconnect!
|-message|Blacksylinder lost due to inactivity.
|
|win|shalazizi
|raw|Blacksylinder's rating: 1189 &rarr; <strong>1160</strong><br />(-29 for losing)
|raw|shalazizi's rating: 1130 &rarr; <strong>1159</strong><br />(+29 for winning)
