|j|☆theyashifier
|j|☆Be happy every
|t:|1743831218
|gametype|singles
|player|p1|theyashifier|bellelba|1299
|player|p2|Be happy every|n|1242
|teamsize|p1|6
|teamsize|p2|6
|gen|9
|tier|[Gen 9] OU
|rated|
|rule|HP Percentage Mod: HP is shown in percentages
|rule|Endless Battle Clause: Forcing endless battles is banned
|rule|Species Clause: Limit one of each Pokémon
|rule|OHKO Clause: OHKO moves are banned
|rule|Evasion Items Clause: Evasion items are banned
|rule|Evasion Moves Clause: Evasion moves are banned
|rule|Sleep Moves Clause: Sleep-inducing moves are banned
|clearpoke
|poke|p1|Dragapult, F|
|poke|p1|Meowscarada, F|
|poke|p1|Raging Bolt|
|poke|p1|Skeledirge, M|
|poke|p1|Ogerpon-Wellspring, F|
|poke|p1|Great Tusk|
|poke|p2|Primarina, F|
|poke|p2|Dragapult, M|
|poke|p2|Great Tusk|
|poke|p2|Tinkaton, F|
|poke|p2|Kingambit, F|
|poke|p2|Dondozo, M|
|teampreview
|inactive|Battle timer is ON: inactive players will automatically lose when time's up. (requested by Be happy every)
|
|t:|1743831227
|start
|switch|p1a: Mascara|Meowscarada, F, shiny|100/100
|switch|p2a: Tinkaton|Tinkaton, F|100/100
|-item|p2a: Tinkaton|Air Balloon
|turn|1
|
|t:|1743831232
|switch|p1a: Sideburn|Skeledirge, M, shiny|100/100
|move|p2a: Tinkaton|Stealth Rock|p1a: Sideburn
|-sidestart|p1: theyashifier|move: Stealth Rock
|
|upkeep
|turn|2
|
|t:|1743831243
|switch|p2a: Primarina|Primarina, F|100/100
|move|p1a: Sideburn|Will-O-Wisp|p2a: Primarina
|-status|p2a: Primarina|brn
|
|-damage|p2a: Primarina|94/100 brn|[from] brn
|upkeep
|turn|3
|
|t:|1743831249
|switch|p1a: It's All Oger|Ogerpon-Wellspring, F|100/100
|-damage|p1a: It's All Oger|88/100|[from] Stealth Rock
|move|p2a: Primarina|Flip Turn|p1a: It's All Oger
|-heal|p1a: It's All Oger|100/100|[from] ability: Water Absorb|[of] p2a: Primarina
|
|-heal|p2a: Primarina|100/100 brn|[from] item: Leftovers
|-damage|p2a: Primarina|94/100 brn|[from] brn
|upkeep
|turn|4
|
|t:|1743831259
|switch|p2a: Dragapult|Dragapult, M|100/100
|move|p1a: It's All Oger|Swords Dance|p1a: It's All Oger
|-boost|p1a: It's All Oger|atk|2
|
|upkeep
|turn|5
|
|t:|1743831268
|-terastallize|p2a: Dragapult|Dragon
|-terastallize|p1a: It's All Oger|Water
|detailschange|p1a: It's All Oger|Ogerpon-Wellspring-Tera, F, tera:Water
|-ability|p1a: It's All Oger|Embody Aspect (Wellspring)|boost
|-boost|p1a: It's All Oger|spd|1
|move|p2a: Dragapult|Dragon Darts|p1a: It's All Oger
|-damage|p1a: It's All Oger|33/100
|-anim|p2a: Dragapult|Dragon Darts|p1a: It's All Oger
|-damage|p1a: It's All Oger|0 fnt
|faint|p1a: It's All Oger
|
|upkeep
|c|☆theyashifier|:0
|
|t:|1743831293
|switch|p1a: Yeetus the fetus|Dragapult, F, shiny|100/100
|-damage|p1a: Yeetus the fetus|88/100|[from] Stealth Rock
|turn|6
|
|t:|1743831302
|switch|p2a: Kingambit|Kingambit, F|100/100
|move|p1a: Yeetus the fetus|Dragon Darts|p2a: Kingambit
|-resisted|p2a: Kingambit
|-damage|p2a: Kingambit|92/100
|-anim|p1a: Yeetus the fetus|Dragon Darts|p2a: Kingambit
|-resisted|p2a: Kingambit
|-damage|p2a: Kingambit|83/100
|
|-heal|p2a: Kingambit|90/100|[from] item: Leftovers
|upkeep
|turn|7
|
|t:|1743831315
|-end|p2a: Kingambit|fallenundefined|[silent]
|switch|p2a: Dondozo|Dondozo, M|100/100
|move|p1a: Yeetus the fetus|Thunder Wave|p2a: Dondozo
|-status|p2a: Dondozo|par
|
|upkeep
|turn|8
|
|t:|1743831325
|switch|p2a: Kingambit|Kingambit, F|90/100
|move|p1a: Yeetus the fetus|Hex|p2a: Kingambit
|-resisted|p2a: Kingambit
|-damage|p2a: Kingambit|72/100
|
|-heal|p2a: Kingambit|78/100|[from] item: Leftovers
|upkeep
|turn|9
|
|t:|1743831332
|move|p1a: Yeetus the fetus|U-turn|p2a: Kingambit
|-damage|p2a: Kingambit|61/100
|
|t:|1743831335
|switch|p1a: Pink|Great Tusk, shiny|100/100|[from] U-turn
|move|p2a: Kingambit|Kowtow Cleave|p1a: Pink
|-resisted|p1a: Pink
|-damage|p1a: Pink|82/100
|
|-heal|p2a: Kingambit|68/100|[from] item: Leftovers
|upkeep
|turn|10
|
|t:|1743831340
|-end|p2a: Kingambit|fallenundefined|[silent]
|switch|p2a: Dondozo|Dondozo, M|100/100 par
|move|p1a: Pink|Ice Spinner|p2a: Dondozo
|-resisted|p2a: Dondozo
|-damage|p2a: Dondozo|95/100 par
|
|-heal|p2a: Dondozo|100/100 par|[from] item: Leftovers
|upkeep
|turn|11
|
|t:|1743831343
|move|p1a: Pink|Rapid Spin|p2a: Dondozo
|-damage|p2a: Dondozo|93/100 par
|-boost|p1a: Pink|spe|1
|-sideend|p1: theyashifier|Stealth Rock|[from] move: Rapid Spin|[of] p1a: Pink
|move|p2a: Dondozo|Liquidation|p1a: Pink
|-supereffective|p1a: Pink
|-damage|p1a: Pink|40/100
|-unboost|p1a: Pink|def|1
|
|-heal|p2a: Dondozo|99/100 par|[from] item: Leftovers
|upkeep
|turn|12
|
|t:|1743831352
|-end|p1a: Pink|Protosynthesis|[silent]
|switch|p1a: U r Necks Victim|Raging Bolt|100/100
|-enditem|p1a: U r Necks Victim|Booster Energy
|-activate|p1a: U r Necks Victim|ability: Protosynthesis|[fromitem]
|-start|p1a: U r Necks Victim|protosynthesisspa
|move|p2a: Dondozo|Liquidation|p1a: U r Necks Victim
|-resisted|p1a: U r Necks Victim
|-damage|p1a: U r Necks Victim|88/100
|
|-heal|p2a: Dondozo|100/100 par|[from] item: Leftovers
|upkeep
|turn|13
|
|t:|1743831364
|switch|p2a: Great Tusk|Great Tusk|100/100
|move|p1a: U r Necks Victim|Dragon Pulse|p2a: Great Tusk
|-damage|p2a: Great Tusk|14/100
|
|-heal|p2a: Great Tusk|20/100|[from] item: Leftovers
|upkeep
|turn|14
|
|t:|1743831373
|-end|p1a: U r Necks Victim|Protosynthesis|[silent]
|switch|p1a: Mascara|Meowscarada, F, shiny|100/100
|move|p2a: Great Tusk|Rapid Spin|p1a: Mascara
|-damage|p1a: Mascara|76/100
|-boost|p2a: Great Tusk|spe|1
|
|-heal|p2a: Great Tusk|26/100|[from] item: Leftovers
|upkeep
|turn|15
|
|t:|1743831381
|-end|p2a: Great Tusk|Protosynthesis|[silent]
|switch|p2a: Kingambit|Kingambit, F|68/100
|move|p1a: Mascara|Flower Trick|p2a: Kingambit
|-start|p1a: Mascara|typechange|Grass|[from] ability: Protean
|-resisted|p2a: Kingambit
|-crit|p2a: Kingambit
|-damage|p2a: Kingambit|48/100
|
|-heal|p2a: Kingambit|54/100|[from] item: Leftovers
|upkeep
|turn|16
|
|t:|1743831388
|move|p1a: Mascara|U-turn|p2a: Kingambit
|-damage|p2a: Kingambit|35/100
|
|t:|1743831395
|switch|p1a: Pink|Great Tusk, shiny|40/100|[from] U-turn
|move|p2a: Kingambit|Kowtow Cleave|p1a: Pink
|-resisted|p1a: Pink
|-damage|p1a: Pink|22/100
|
|-heal|p2a: Kingambit|41/100|[from] item: Leftovers
|upkeep
|turn|17
|
|t:|1743831414
|-end|p1a: Pink|Protosynthesis|[silent]
|switch|p1a: U r Necks Victim|Raging Bolt|88/100
|-end|p2a: Kingambit|fallenundefined|[silent]
|switch|p2a: Dragapult|Dragapult, M, tera:Dragon|100/100
|
|upkeep
|turn|18
|
|t:|1743831420
|-end|p1a: U r Necks Victim|Protosynthesis|[silent]
|switch|p1a: Sideburn|Skeledirge, M, shiny|100/100
|move|p2a: Dragapult|Dragon Darts|p1a: Sideburn
|-damage|p1a: Sideburn|62/100
|-anim|p2a: Dragapult|Dragon Darts|p1a: Sideburn
|-damage|p1a: Sideburn|23/100
|
|upkeep
|turn|19
|
|t:|1743831429
|move|p2a: Dragapult|Dragon Darts|p1a: Sideburn
|-damage|p1a: Sideburn|0 fnt
|faint|p1a: Sideburn
|
|upkeep
|
|t:|1743831431
|switch|p1a: Yeetus the fetus|Dragapult, F, shiny|88/100
|turn|20
|
|t:|1743831442
|switch|p2a: Primarina|Primarina, F|94/100 brn
|move|p1a: Yeetus the fetus|Dragon Darts|p2a: Primarina
|-immune|p2a: Primarina
|
|-heal|p2a: Primarina|100/100 brn|[from] item: Leftovers
|-damage|p2a: Primarina|94/100 brn|[from] brn
|upkeep
|turn|21
|
|t:|1743831471
|move|p1a: Yeetus the fetus|U-turn|p2a: Primarina
|-resisted|p2a: Primarina
|-damage|p2a: Primarina|83/100 brn
|
|t:|1743831477
|switch|p1a: U r Necks Victim|Raging Bolt|88/100|[from] U-turn
|move|p2a: Primarina|Moonblast|p1a: U r Necks Victim
|-supereffective|p1a: U r Necks Victim
|-damage|p1a: U r Necks Victim|0 fnt
|faint|p1a: U r Necks Victim
|-end|p1a: U r Necks Victim|Protosynthesis|[silent]
|
|-heal|p2a: Primarina|89/100 brn|[from] item: Leftovers
|-damage|p2a: Primarina|83/100 brn|[from] brn
|upkeep
|
|t:|1743831483
|switch|p1a: Mascara|Meowscarada, F, shiny|76/100
|turn|22
|-message|theyashifier forfeited.
|
|win|Be happy every
|raw|theyashifier's rating: 1299 &rarr; <strong>1270</strong><br />(-29 for losing)
|raw|Be happy every's rating: 1242 &rarr; <strong>1271</strong><br />(+29 for winning)
|l|☆theyashifier
|player|p1|
