|j|☆Dinolugia
|j|☆manutrattt
|t:|1743797209
|gametype|singles
|player|p1|Dinolugia|volkner|1211
|player|p2|manutrattt|li|1225
|teamsize|p1|6
|teamsize|p2|6
|gen|9
|tier|[Gen 9] OU
|rated|
|rule|HP Percentage Mod: HP is shown in percentages
|rule|Endless Battle Clause: Forcing endless battles is banned
|rule|Species Clause: Limit one of each Pokémon
|rule|OHKO Clause: OHKO moves are banned
|rule|Evasion Items Clause: Evasion items are banned
|rule|Evasion Moves Clause: Evasion moves are banned
|rule|Sleep Moves Clause: Sleep-inducing moves are banned
|clearpoke
|poke|p1|Samurott-Hisui, M|
|poke|p1|Landorus-Therian, M|
|poke|p1|Kyurem|
|poke|p1|Ceruledge, F|
|poke|p1|Iron Valiant|
|poke|p1|Scizor, M|
|poke|p2|Ninetales-Alola, M|
|poke|p2|Chandelure, M|
|poke|p2|Metagross|
|poke|p2|Lurantis, F|
|poke|p2|Gastrodon-East, M|
|poke|p2|Salamence, M|
|teampreview
|inactive|Battle timer is ON: inactive players will automatically lose when time's up. (requested by Dinolugia)
|
|t:|1743797219
|start
|switch|p1a: Ceruledge|Ceruledge, F|100/100
|switch|p2a: Ninetales|Ninetales-Alola, M|100/100
|-weather|Snowscape|[from] ability: Snow Warning|[of] p2a: Ninetales
|turn|1
|
|t:|1743797226
|move|p2a: Ninetales|Aurora Veil|p2a: Ninetales
|-sidestart|p2: manutrattt|move: Aurora Veil
|move|p1a: Ceruledge|Bitter Blade|p2a: Ninetales
|-supereffective|p2a: Ninetales
|-damage|p2a: Ninetales|64/100
|
|-weather|Snowscape|[upkeep]
|upkeep
|turn|2
|
|t:|1743797238
|switch|p2a: Chandelure|Chandelure, M, shiny|100/100
|move|p1a: Ceruledge|Swords Dance|p1a: Ceruledge
|-boost|p1a: Ceruledge|atk|2
|
|-weather|Snowscape|[upkeep]
|upkeep
|turn|3
|
|t:|1743797244
|move|p1a: Ceruledge|Shadow Sneak|p2a: Chandelure
|-supereffective|p2a: Chandelure
|-damage|p2a: Chandelure|42/100
|move|p2a: Chandelure|Shadow Ball|p1a: Ceruledge
|-supereffective|p1a: Ceruledge
|-damage|p1a: Ceruledge|3/100
|
|-weather|Snowscape|[upkeep]
|upkeep
|turn|4
|
|t:|1743797252
|move|p1a: Ceruledge|Shadow Sneak|p2a: Chandelure
|-supereffective|p2a: Chandelure
|-damage|p2a: Chandelure|0 fnt
|faint|p2a: Chandelure
|
|-weather|Snowscape|[upkeep]
|upkeep
|
|t:|1743797269
|switch|p2a: Gastrodon|Gastrodon-East, M|100/100
|turn|5
|
|t:|1743797283
|switch|p1a: Landorus|Landorus-Therian, M|100/100
|-ability|p1a: Landorus|Intimidate|boost
|-unboost|p2a: Gastrodon|atk|1
|move|p2a: Gastrodon|Surf|p1a: Landorus
|-supereffective|p1a: Landorus
|-damage|p1a: Landorus|39/100
|
|-weather|none
|upkeep
|turn|6
|
|t:|1743797292
|move|p1a: Landorus|Stealth Rock|p2a: Gastrodon
|-sidestart|p2: manutrattt|move: Stealth Rock
|move|p2a: Gastrodon|Surf|p1a: Landorus
|-supereffective|p1a: Landorus
|-damage|p1a: Landorus|0 fnt
|faint|p1a: Landorus
|
|upkeep
|
|t:|1743797297
|switch|p1a: Samurott|Samurott-Hisui, M|100/100
|turn|7
|inactive|manutrattt has 120 seconds left.
|
|t:|1743797334
|switch|p2a: Lurantis|Lurantis, F, shiny|100/100
|move|p1a: Samurott|Ceaseless Edge|p2a: Lurantis|[miss]
|-miss|p1a: Samurott|p2a: Lurantis
|
|upkeep
|turn|8
|inactive|manutrattt has 120 seconds left.
|
|t:|1743797342
|switch|p1a: Scizor|Scizor, M|100/100
|move|p2a: Lurantis|Superpower|p1a: Scizor
|-damage|p1a: Scizor|69/100
|-boost|p2a: Lurantis|atk|1
|-boost|p2a: Lurantis|def|1
|
|-sideend|p2: manutrattt|move: Aurora Veil
|upkeep
|turn|9
|
|t:|1743797350
|-terastallize|p2a: Lurantis|Poison
|move|p1a: Scizor|Swords Dance|p1a: Scizor
|-boost|p1a: Scizor|atk|2
|move|p2a: Lurantis|Defog|p1a: Scizor
|-unboost|p1a: Scizor|evasion|1
|-sideend|p2: manutrattt|Stealth Rock|[from] move: Defog|[of] p2a: Lurantis
|
|upkeep
|turn|10
|inactive|manutrattt has 120 seconds left.
|
|t:|1743797367
|move|p1a: Scizor|Close Combat|p2a: Lurantis
|-resisted|p2a: Lurantis
|-damage|p2a: Lurantis|60/100
|-unboost|p1a: Scizor|def|1
|-unboost|p1a: Scizor|spd|1
|-damage|p1a: Scizor|59/100|[from] item: Life Orb
|move|p2a: Lurantis|Superpower|p1a: Scizor
|-damage|p1a: Scizor|0 fnt
|-boost|p2a: Lurantis|atk|1
|-boost|p2a: Lurantis|def|1
|faint|p1a: Scizor
|
|upkeep
|
|t:|1743797376
|switch|p1a: Iron Valiant|Iron Valiant|100/100
|turn|11
|
|t:|1743797388
|move|p1a: Iron Valiant|Psyshock|p2a: Lurantis
|-supereffective|p2a: Lurantis
|-damage|p2a: Lurantis|14/100
|move|p2a: Lurantis|Leaf Storm|p1a: Iron Valiant
|-damage|p1a: Iron Valiant|36/100
|-boost|p2a: Lurantis|spa|2
|
|upkeep
|turn|12
|
|t:|1743797396
|move|p1a: Iron Valiant|Psyshock|p2a: Lurantis
|-supereffective|p2a: Lurantis
|-damage|p2a: Lurantis|0 fnt
|faint|p2a: Lurantis
|
|upkeep
|
|t:|1743797404
|switch|p2a: Metagross|Metagross|100/100
|turn|13
|
|t:|1743797409
|-end|p1a: Iron Valiant|Quark Drive|[silent]
|switch|p1a: Samurott|Samurott-Hisui, M|100/100
|move|p2a: Metagross|Bullet Punch|p1a: Samurott
|-resisted|p1a: Samurott
|-damage|p1a: Samurott|83/100
|-damage|p2a: Metagross|91/100|[from] item: Life Orb
|
|upkeep
|turn|14
|
|t:|1743797421
|switch|p2a: Salamence|Salamence, M|100/100
|move|p1a: Samurott|Knock Off|p2a: Salamence
|-damage|p2a: Salamence|45/100
|-enditem|p2a: Salamence|Lum Berry|[from] move: Knock Off|[of] p1a: Samurott
|
|upkeep
|turn|15
|
|t:|1743797429
|move|p1a: Samurott|Sucker Punch||[still]
|-fail|p1a: Samurott
|move|p2a: Salamence|Dragon Dance|p2a: Salamence
|-boost|p2a: Salamence|atk|1
|-boost|p2a: Salamence|spe|1
|
|upkeep
|turn|16
|
|t:|1743797439
|move|p1a: Samurott|Sucker Punch|p2a: Salamence
|-damage|p2a: Salamence|7/100
|move|p2a: Salamence|Outrage|p1a: Samurott
|-damage|p1a: Samurott|0 fnt
|faint|p1a: Samurott
|-ability|p2a: Salamence|Moxie|boost
|-boost|p2a: Salamence|atk|1
|
|upkeep
|
|t:|1743797446
|switch|p1a: Iron Valiant|Iron Valiant|36/100
|turn|17
|
|t:|1743797455
|move|p2a: Salamence|Outrage|p1a: Iron Valiant|[from] lockedmove
|-immune|p1a: Iron Valiant
|-start|p2a: Salamence|confusion|[fatigue]
|move|p1a: Iron Valiant|Trick|p2a: Salamence
|-activate|p1a: Iron Valiant|move: Trick|[of] p2a: Salamence
|-item|p2a: Salamence|Choice Specs|[from] move: Trick
|-enditem|p1a: Iron Valiant|Choice Specs|[silent]|[from] move: Trick
|
|upkeep
|turn|18
|
|t:|1743797472
|-end|p1a: Iron Valiant|Quark Drive|[silent]
|switch|p1a: Ceruledge|Ceruledge, F|3/100
|-activate|p2a: Salamence|confusion
|-damage|p2a: Salamence|0 fnt|[from] confusion
|faint|p2a: Salamence
|
|upkeep
|
|t:|1743797485
|switch|p2a: Gastrodon|Gastrodon-East, M|100/100
|turn|19
|
|t:|1743797489
|move|p1a: Ceruledge|Shadow Sneak|p2a: Gastrodon
|-damage|p2a: Gastrodon|85/100
|-damage|p1a: Ceruledge|0 fnt|[from] item: Rocky Helmet|[of] p2a: Gastrodon
|faint|p1a: Ceruledge
|move|p2a: Gastrodon|Earth Power|p1: Ceruledge|[notarget]
|-fail|p2a: Gastrodon
|
|upkeep
|
|t:|1743797495
|switch|p1a: Kyurem|Kyurem|100/100
|-ability|p1a: Kyurem|Pressure
|turn|20
|
|t:|1743797508
|move|p1a: Kyurem|Dragon Dance|p1a: Kyurem
|-boost|p1a: Kyurem|atk|1
|-boost|p1a: Kyurem|spe|1
|move|p2a: Gastrodon|Stealth Rock|p1a: Kyurem
|-sidestart|p1: Dinolugia|move: Stealth Rock
|
|upkeep
|turn|21
|
|t:|1743797513
|switch|p2a: Ninetales|Ninetales-Alola, M|64/100
|-weather|Snowscape|[from] ability: Snow Warning|[of] p2a: Ninetales
|move|p1a: Kyurem|Dragon Dance|p1a: Kyurem
|-boost|p1a: Kyurem|atk|1
|-boost|p1a: Kyurem|spe|1
|
|-weather|Snowscape|[upkeep]
|upkeep
|turn|22
|
|t:|1743797523
|move|p1a: Kyurem|Icicle Spear|p2a: Ninetales
|-resisted|p2a: Ninetales
|-damage|p2a: Ninetales|53/100
|-resisted|p2a: Ninetales
|-damage|p2a: Ninetales|43/100
|-resisted|p2a: Ninetales
|-damage|p2a: Ninetales|32/100
|-resisted|p2a: Ninetales
|-damage|p2a: Ninetales|20/100
|-resisted|p2a: Ninetales
|-damage|p2a: Ninetales|9/100
|-hitcount|p2a: Ninetales|5
|move|p2a: Ninetales|Aurora Veil|p2a: Ninetales
|-sidestart|p2: manutrattt|move: Aurora Veil
|
|-weather|Snowscape|[upkeep]
|upkeep
|turn|23
|
|t:|1743797538
|move|p1a: Kyurem|Dragon Dance|p1a: Kyurem
|-boost|p1a: Kyurem|atk|1
|-boost|p1a: Kyurem|spe|1
|move|p2a: Ninetales|Draining Kiss|p1a: Kyurem
|-supereffective|p1a: Kyurem
|-crit|p1a: Kyurem
|-damage|p1a: Kyurem|60/100
|-heal|p2a: Ninetales|43/100|[from] drain|[of] p1a: Kyurem
|
|-weather|Snowscape|[upkeep]
|upkeep
|turn|24
|
|t:|1743797550
|-terastallize|p1a: Kyurem|Ground
|move|p1a: Kyurem|Dragon Dance|p1a: Kyurem
|-boost|p1a: Kyurem|atk|1
|-boost|p1a: Kyurem|spe|1
|move|p2a: Ninetales|Draining Kiss|p1a: Kyurem
|-damage|p1a: Kyurem|47/100
|-heal|p2a: Ninetales|54/100|[from] drain|[of] p1a: Kyurem
|
|-weather|Snowscape|[upkeep]
|upkeep
|turn|25
|
|t:|1743797556
|move|p1a: Kyurem|Icicle Spear|p2a: Ninetales
|-resisted|p2a: Ninetales
|-damage|p2a: Ninetales|46/100
|-resisted|p2a: Ninetales
|-damage|p2a: Ninetales|38/100
|-resisted|p2a: Ninetales
|-damage|p2a: Ninetales|31/100
|-resisted|p2a: Ninetales
|-crit|p2a: Ninetales
|-damage|p2a: Ninetales|5/100
|-resisted|p2a: Ninetales
|-damage|p2a: Ninetales|0 fnt
|faint|p2a: Ninetales
|-hitcount|p2: Ninetales|5
|
|-weather|none
|upkeep
|
|t:|1743797562
|switch|p2a: Gastrodon|Gastrodon-East, M|85/100
|turn|26
|
|t:|1743797572
|move|p1a: Kyurem|Icicle Spear|p2a: Gastrodon
|-damage|p2a: Gastrodon|72/100
|-damage|p2a: Gastrodon|59/100
|-damage|p2a: Gastrodon|45/100
|-damage|p2a: Gastrodon|30/100
|-damage|p2a: Gastrodon|15/100
|-hitcount|p2a: Gastrodon|5
|move|p2a: Gastrodon|Surf|p1a: Kyurem
|-supereffective|p1a: Kyurem
|-damage|p1a: Kyurem|0 fnt
|faint|p1a: Kyurem
|
|upkeep
|
|t:|1743797581
|switch|p1a: Iron Valiant|Iron Valiant|36/100
|-damage|p1a: Iron Valiant|30/100|[from] Stealth Rock
|turn|27
|
|t:|1743797591
|move|p1a: Iron Valiant|Moonblast|p2a: Gastrodon
|-damage|p2a: Gastrodon|0 fnt
|faint|p2a: Gastrodon
|
|upkeep
|-message|Dinolugia forfeited.
|
|win|manutrattt
|raw|Dinolugia's rating: 1211 &rarr; <strong>1187</strong><br />(-24 for losing)
|raw|manutrattt's rating: 1225 &rarr; <strong>1249</strong><br />(+24 for winning)
|l|☆Dinolugia
|player|p1|
|l|☆manutrattt
|player|p2|
