|j|☆testaltlol
|j|☆MsterB8T3r
|t:|1743828714
|gametype|singles
|player|p1|testaltlol|101|1217
|player|p2|MsterB8T3r|infielder|1166
|teamsize|p1|6
|teamsize|p2|6
|gen|9
|tier|[Gen 9] OU
|rated|
|rule|HP Percentage Mod: HP is shown in percentages
|rule|Endless Battle Clause: Forcing endless battles is banned
|rule|Species Clause: Limit one of each Pokémon
|rule|OHKO Clause: OHKO moves are banned
|rule|Evasion Items Clause: Evasion items are banned
|rule|Evasion Moves Clause: Evasion moves are banned
|rule|Sleep Moves Clause: Sleep-inducing moves are banned
|clearpoke
|poke|p1|Glimmora, M|
|poke|p1|Skeledirge, F|
|poke|p1|Landorus-Therian, M|
|poke|p1|Grimmsnarl, M|
|poke|p1|Bronzong|
|poke|p1|Kommo-o, M|
|poke|p2|Iron Moth|
|poke|p2|Zamazenta-*|
|poke|p2|Ting-Lu|
|poke|p2|Thundurus-Therian, M|
|poke|p2|Dragapult, M|
|poke|p2|Iron Valiant|
|teampreview
|
|t:|1743828730
|start
|switch|p1a: Grimmsnarl|Grimmsnarl, M|100/100
|switch|p2a: Dragapult|Dragapult, M|100/100
|turn|1
|
|t:|1743828755
|move|p1a: Grimmsnarl|Light Screen|p1a: Grimmsnarl
|-sidestart|p1: testaltlol|move: Light Screen
|move|p2a: Dragapult|Will-O-Wisp|p1a: Grimmsnarl
|-status|p1a: Grimmsnarl|brn
|
|-damage|p1a: Grimmsnarl|94/100 brn|[from] brn
|upkeep
|turn|2
|
|t:|1743828767
|switch|p2a: Yes Im Obese|Ting-Lu|100/100
|-ability|p2a: Yes Im Obese|Vessel of Ruin
|move|p1a: Grimmsnarl|Reflect|p1a: Grimmsnarl
|-sidestart|p1: testaltlol|Reflect
|
|-damage|p1a: Grimmsnarl|88/100 brn|[from] brn
|upkeep
|turn|3
|
|t:|1743828790
|switch|p1a: Skeledirge|Skeledirge, F|100/100
|move|p2a: Yes Im Obese|Stealth Rock|p1a: Skeledirge
|-sidestart|p1: testaltlol|move: Stealth Rock
|
|upkeep
|turn|4
|
|t:|1743828795
|move|p1a: Skeledirge|Will-O-Wisp|p2a: Yes Im Obese
|-status|p2a: Yes Im Obese|brn
|move|p2a: Yes Im Obese|Ruination|p1a: Skeledirge
|-damage|p1a: Skeledirge|51/100
|
|-damage|p2a: Yes Im Obese|94/100 brn|[from] brn
|upkeep
|turn|5
|
|t:|1743828798
|move|p1a: Skeledirge|Slack Off|p1a: Skeledirge
|-heal|p1a: Skeledirge|100/100
|move|p2a: Yes Im Obese|Whirlwind|p1a: Skeledirge
|drag|p1a: Glimmora|Glimmora, M|100/100
|-damage|p1a: Glimmora|88/100|[from] Stealth Rock
|
|-damage|p2a: Yes Im Obese|88/100 brn|[from] brn
|upkeep
|turn|6
|
|t:|1743828815
|move|p1a: Glimmora|Energy Ball|p2a: Yes Im Obese
|-supereffective|p2a: Yes Im Obese
|-damage|p2a: Yes Im Obese|47/100 brn
|-damage|p1a: Glimmora|78/100|[from] item: Life Orb
|move|p2a: Yes Im Obese|Ruination|p1a: Glimmora
|-damage|p1a: Glimmora|40/100
|
|-damage|p2a: Yes Im Obese|41/100 brn|[from] brn
|upkeep
|turn|7
|
|t:|1743828825
|move|p1a: Glimmora|Power Gem|p2a: Yes Im Obese
|-resisted|p2a: Yes Im Obese
|-damage|p2a: Yes Im Obese|27/100 brn
|-damage|p1a: Glimmora|30/100|[from] item: Life Orb
|move|p2a: Yes Im Obese|Rest|p2a: Yes Im Obese
|-status|p2a: Yes Im Obese|slp|[from] move: Rest
|-heal|p2a: Yes Im Obese|100/100 slp|[silent]
|-enditem|p2a: Yes Im Obese|Chesto Berry|[eat]
|-curestatus|p2a: Yes Im Obese|slp|[msg]
|
|upkeep
|turn|8
|
|t:|1743828830
|move|p1a: Glimmora|Energy Ball|p2a: Yes Im Obese
|-supereffective|p2a: Yes Im Obese
|-damage|p2a: Yes Im Obese|62/100
|-damage|p1a: Glimmora|20/100|[from] item: Life Orb
|move|p2a: Yes Im Obese|Whirlwind|p1a: Glimmora
|drag|p1a: Skeledirge|Skeledirge, F|100/100
|
|-sideend|p1: testaltlol|move: Light Screen
|upkeep
|turn|9
|
|t:|1743828838
|move|p1a: Skeledirge|Will-O-Wisp|p2a: Yes Im Obese|[miss]
|-miss|p1a: Skeledirge|p2a: Yes Im Obese
|move|p2a: Yes Im Obese|Whirlwind|p1a: Skeledirge
|drag|p1a: Grimmsnarl|Grimmsnarl, M|88/100 brn
|-damage|p1a: Grimmsnarl|76/100 brn|[from] Stealth Rock
|
|-damage|p1a: Grimmsnarl|70/100 brn|[from] brn
|-sideend|p1: testaltlol|Reflect
|upkeep
|turn|10
|
|t:|1743828843
|move|p1a: Grimmsnarl|Reflect|p1a: Grimmsnarl
|-sidestart|p1: testaltlol|Reflect
|move|p2a: Yes Im Obese|Whirlwind|p1a: Grimmsnarl
|drag|p1a: Kommo-o|Kommo-o, M|100/100
|-damage|p1a: Kommo-o|94/100|[from] Stealth Rock
|
|upkeep
|turn|11
|
|t:|1743828849
|move|p1a: Kommo-o|Clanging Scales|p2a: Yes Im Obese
|-damage|p2a: Yes Im Obese|40/100
|-unboost|p1a: Kommo-o|def|1
|-enditem|p1a: Kommo-o|Throat Spray
|-boost|p1a: Kommo-o|spa|1|[from] item: Throat Spray
|move|p2a: Yes Im Obese|Ruination|p1a: Kommo-o
|-damage|p1a: Kommo-o|48/100
|
|upkeep
|turn|12
|
|t:|1743828859
|switch|p2a: Iron Valiant|Iron Valiant|100/100
|-enditem|p2a: Iron Valiant|Booster Energy
|-activate|p2a: Iron Valiant|ability: Quark Drive|[fromitem]
|-start|p2a: Iron Valiant|quarkdrivespe
|move|p1a: Kommo-o|Clanging Scales|p2a: Iron Valiant
|-immune|p2a: Iron Valiant
|
|upkeep
|turn|13
|
|t:|1743828866
|switch|p1a: Grimmsnarl|Grimmsnarl, M|70/100 brn
|-damage|p1a: Grimmsnarl|57/100 brn|[from] Stealth Rock
|move|p2a: Iron Valiant|Spirit Break|p1a: Grimmsnarl
|-supereffective|p1a: Grimmsnarl
|-damage|p1a: Grimmsnarl|12/100 brn
|-unboost|p1a: Grimmsnarl|spa|1
|
|-damage|p1a: Grimmsnarl|6/100 brn|[from] brn
|upkeep
|turn|14
|
|t:|1743828870
|move|p1a: Grimmsnarl|Light Screen|p1a: Grimmsnarl
|-sidestart|p1: testaltlol|move: Light Screen
|move|p2a: Iron Valiant|Spirit Break|p1a: Grimmsnarl
|-supereffective|p1a: Grimmsnarl
|-damage|p1a: Grimmsnarl|0 fnt
|faint|p1a: Grimmsnarl
|
|upkeep
|
|t:|1743828882
|switch|p1a: Kommo-o|Kommo-o, M|48/100
|-damage|p1a: Kommo-o|41/100|[from] Stealth Rock
|turn|15
|
|t:|1743828892
|-terastallize|p1a: Kommo-o|Normal
|move|p2a: Iron Valiant|Swords Dance|p2a: Iron Valiant
|-boost|p2a: Iron Valiant|atk|2
|move|p1a: Kommo-o|Boomburst|p2a: Iron Valiant
|-damage|p2a: Iron Valiant|0 fnt
|faint|p2a: Iron Valiant
|-end|p2a: Iron Valiant|Quark Drive|[silent]
|
|upkeep
|
|t:|1743828906
|switch|p2a: Dragapult|Dragapult, M|100/100
|turn|16
|
|t:|1743828918
|switch|p1a: Glimmora|Glimmora, M|20/100
|-damage|p1a: Glimmora|8/100|[from] Stealth Rock
|move|p2a: Dragapult|Draco Meteor|p1a: Glimmora
|-damage|p1a: Glimmora|0 fnt
|-unboost|p2a: Dragapult|spa|2
|faint|p1a: Glimmora
|-damage|p2a: Dragapult|91/100|[from] item: Life Orb
|
|upkeep
|
|t:|1743828935
|switch|p1a: Bronzong|Bronzong|100/100
|-damage|p1a: Bronzong|94/100|[from] Stealth Rock
|turn|17
|
|t:|1743828940
|switch|p2a: Yes Im Obese|Ting-Lu|40/100
|-ability|p2a: Yes Im Obese|Vessel of Ruin
|move|p1a: Bronzong|Calm Mind|p1a: Bronzong
|-boost|p1a: Bronzong|spa|1
|-boost|p1a: Bronzong|spd|1
|
|-heal|p1a: Bronzong|100/100|[from] item: Leftovers
|-sideend|p1: testaltlol|Reflect
|upkeep
|turn|18
|
|t:|1743828944
|move|p1a: Bronzong|Iron Defense|p1a: Bronzong
|-boost|p1a: Bronzong|def|2
|move|p2a: Yes Im Obese|Whirlwind|p1a: Bronzong
|drag|p1a: Skeledirge|Skeledirge, F|100/100
|
|upkeep
|turn|19
|l|☆testaltlol
|player|p1|
|inactive|Battle timer is ON: inactive players will automatically lose when time's up. (requested by MsterB8T3r)
|inactive|testaltlol has 30 seconds to reconnect!
|inactive|testaltlol has 20 seconds to reconnect!
|inactive|testaltlol has 15 seconds to reconnect!
|inactive|testaltlol has 10 seconds to reconnect!
|inactive|testaltlol has 5 seconds to reconnect!
|-message|testaltlol lost due to inactivity.
|
|win|MsterB8T3r
|raw|testaltlol's rating: 1217 &rarr; <strong>1188</strong><br />(-29 for losing)
|raw|MsterB8T3r's rating: 1166 &rarr; <strong>1195</strong><br />(+29 for winning)
|l|☆MsterB8T3r
|player|p2|
