|j|☆Camelia228
|j|☆angerybee
|t:|1743900229
|gametype|singles
|player|p1|Camelia228|1|1367
|player|p2|angerybee|170|1375
|teamsize|p1|6
|teamsize|p2|6
|gen|9
|tier|[Gen 9] OU
|rated|
|rule|HP Percentage Mod: HP is shown in percentages
|rule|Endless Battle Clause: Forcing endless battles is banned
|rule|Species Clause: Limit one of each Pokémon
|rule|OHKO Clause: OHKO moves are banned
|rule|Evasion Items Clause: Evasion items are banned
|rule|Evasion Moves Clause: Evasion moves are banned
|rule|Sleep Moves Clause: Sleep-inducing moves are banned
|clearpoke
|poke|p1|Garganacl, M|
|poke|p1|Toxapex, F|
|poke|p1|Meowscarada, F|
|poke|p1|Iron Valiant|
|poke|p1|Dragapult, F|
|poke|p1|Cryogonal|
|poke|p2|Regidrago|
|poke|p2|Iron Valiant|
|poke|p2|Serperior, F|
|poke|p2|Samurott-Hisui, M|
|poke|p2|Pecharunt|
|poke|p2|Iron Treads|
|teampreview
|
|t:|1743900246
|start
|switch|p1a: Garganacl|Garganacl, M|100/100
|switch|p2a: Mirror force|Serperior, F|100/100
|turn|1
|
|t:|1743900266
|switch|p1a: Cryogonal|Cryogonal|100/100
|move|p2a: Mirror force|Leaf Storm|p1a: Cryogonal
|-damage|p1a: Cryogonal|69/100
|-boost|p2a: Mirror force|spa|2
|
|upkeep
|turn|2
|inactive|Battle timer is ON: inactive players will automatically lose when time's up. (requested by Camelia228)
|
|t:|1743900273
|move|p1a: Cryogonal|Freeze-Dry|p2a: Mirror force
|-supereffective|p2a: Mirror force
|-crit|p2a: Mirror force
|-enditem|p2a: Mirror force|Focus Sash
|-damage|p2a: Mirror force|1/100
|move|p2a: Mirror force|Dragon Pulse|p1a: Cryogonal
|-damage|p1a: Cryogonal|41/100
|
|upkeep
|turn|3
|
|t:|1743900281
|move|p1a: Cryogonal|Freeze-Dry|p2a: Mirror force
|-supereffective|p2a: Mirror force
|-damage|p2a: Mirror force|0 fnt
|faint|p2a: Mirror force
|
|upkeep
|
|t:|1743900286
|switch|p2a: The eye|Samurott-Hisui, M|100/100
|turn|4
|
|t:|1743900290
|move|p1a: Cryogonal|Freeze-Dry|p2a: The eye
|-supereffective|p2a: The eye
|-damage|p2a: The eye|47/100
|move|p2a: The eye|Ceaseless Edge|p1a: Cryogonal
|-damage|p1a: Cryogonal|0 fnt
|-sidestart|p1: Camelia228|Spikes
|faint|p1a: Cryogonal
|
|upkeep
|
|t:|1743900304
|switch|p1a: Meowscarada|Meowscarada, F|100/100
|-damage|p1a: Meowscarada|88/100|[from] Spikes
|turn|5
|
|t:|1743900311
|move|p1a: Meowscarada|Flower Trick|p2a: The eye
|-start|p1a: Meowscarada|typechange|Grass|[from] ability: Protean
|-supereffective|p2a: The eye
|-crit|p2a: The eye
|-damage|p2a: The eye|0 fnt
|faint|p2a: The eye
|
|upkeep
|
|t:|1743900316
|switch|p2a: Harpies|Pecharunt|100/100
|-item|p2a: Harpies|Air Balloon
|turn|6
|
|t:|1743900320
|switch|p1a: Garganacl|Garganacl, M|100/100
|-damage|p1a: Garganacl|88/100|[from] Spikes
|move|p2a: Harpies|Malignant Chain|p1a: Garganacl
|-resisted|p1a: Garganacl
|-damage|p1a: Garganacl|71/100
|
|upkeep
|turn|7
|
|t:|1743900328
|move|p2a: Harpies|Nasty Plot|p2a: Harpies
|-boost|p2a: Harpies|spa|2
|move|p1a: Garganacl|Stealth Rock|p2a: Harpies
|-sidestart|p2: angerybee|move: Stealth Rock
|
|upkeep
|turn|8
|
|t:|1743900332
|move|p2a: Harpies|Malignant Chain|p1a: Garganacl
|-resisted|p1a: Garganacl
|-damage|p1a: Garganacl|39/100
|move|p1a: Garganacl|Salt Cure|p2a: Harpies
|-damage|p2a: Harpies|93/100
|-start|p2a: Harpies|Salt Cure
|-enditem|p2a: Harpies|Air Balloon
|
|-damage|p2a: Harpies|81/100|[from] Salt Cure
|upkeep
|turn|9
|
|t:|1743900338
|move|p2a: Harpies|Malignant Chain|p1a: Garganacl
|-resisted|p1a: Garganacl
|-damage|p1a: Garganacl|8/100
|move|p1a: Garganacl|Recover|p1a: Garganacl
|-heal|p1a: Garganacl|58/100
|
|-damage|p2a: Harpies|69/100|[from] Salt Cure
|upkeep
|turn|10
|
|t:|1743900343
|move|p2a: Harpies|Malignant Chain|p1a: Garganacl
|-resisted|p1a: Garganacl
|-damage|p1a: Garganacl|25/100
|move|p1a: Garganacl|Recover|p1a: Garganacl
|-heal|p1a: Garganacl|75/100
|
|-damage|p2a: Harpies|56/100|[from] Salt Cure
|upkeep
|turn|11
|
|t:|1743900352
|move|p2a: Harpies|Recover|p2a: Harpies
|-heal|p2a: Harpies|100/100
|move|p1a: Garganacl|Salt Cure|p2a: Harpies
|-damage|p2a: Harpies|93/100
|
|-damage|p2a: Harpies|81/100|[from] Salt Cure
|upkeep
|turn|12
|
|t:|1743900361
|move|p2a: Harpies|Malignant Chain|p1a: Garganacl
|-resisted|p1a: Garganacl
|-damage|p1a: Garganacl|41/100
|move|p1a: Garganacl|Curse|p1a: Garganacl
|-unboost|p1a: Garganacl|spe|1
|-boost|p1a: Garganacl|atk|1
|-boost|p1a: Garganacl|def|1
|
|-damage|p2a: Harpies|69/100|[from] Salt Cure
|upkeep
|turn|13
|
|t:|1743900365
|move|p2a: Harpies|Hex|p1a: Garganacl
|-damage|p1a: Garganacl|21/100
|move|p1a: Garganacl|Recover|p1a: Garganacl
|-heal|p1a: Garganacl|71/100
|
|-damage|p2a: Harpies|56/100|[from] Salt Cure
|upkeep
|turn|14
|
|t:|1743900371
|move|p2a: Harpies|Malignant Chain|p1a: Garganacl
|-resisted|p1a: Garganacl
|-damage|p1a: Garganacl|39/100
|move|p1a: Garganacl|Curse|p1a: Garganacl
|-unboost|p1a: Garganacl|spe|1
|-boost|p1a: Garganacl|atk|1
|-boost|p1a: Garganacl|def|1
|
|-damage|p2a: Harpies|44/100|[from] Salt Cure
|upkeep
|turn|15
|
|t:|1743900375
|move|p2a: Harpies|Malignant Chain|p1a: Garganacl
|-resisted|p1a: Garganacl
|-damage|p1a: Garganacl|7/100
|move|p1a: Garganacl|Recover|p1a: Garganacl
|-heal|p1a: Garganacl|57/100
|
|-damage|p2a: Harpies|32/100|[from] Salt Cure
|upkeep
|turn|16
|
|t:|1743900381
|move|p2a: Harpies|Recover|p2a: Harpies
|-heal|p2a: Harpies|82/100
|move|p1a: Garganacl|Recover|p1a: Garganacl
|-heal|p1a: Garganacl|100/100
|
|-damage|p2a: Harpies|69/100|[from] Salt Cure
|upkeep
|turn|17
|
|t:|1743900383
|move|p2a: Harpies|Nasty Plot|p2a: Harpies
|-boost|p2a: Harpies|spa|2
|move|p1a: Garganacl|Curse|p1a: Garganacl
|-unboost|p1a: Garganacl|spe|1
|-boost|p1a: Garganacl|atk|1
|-boost|p1a: Garganacl|def|1
|
|-damage|p2a: Harpies|57/100|[from] Salt Cure
|upkeep
|turn|18
|
|t:|1743900388
|move|p2a: Harpies|Nasty Plot|p2a: Harpies
|-boost|p2a: Harpies|spa|2
|move|p1a: Garganacl|Salt Cure|p2a: Harpies
|-damage|p2a: Harpies|39/100
|
|-damage|p2a: Harpies|27/100|[from] Salt Cure
|upkeep
|turn|19
|
|t:|1743900396
|move|p2a: Harpies|Recover|p2a: Harpies
|-heal|p2a: Harpies|77/100
|move|p1a: Garganacl|Salt Cure|p2a: Harpies
|-damage|p2a: Harpies|59/100
|
|-damage|p2a: Harpies|47/100|[from] Salt Cure
|upkeep
|turn|20
|
|t:|1743900399
|move|p2a: Harpies|Hex|p1a: Garganacl
|-damage|p1a: Garganacl|57/100
|move|p1a: Garganacl|Salt Cure|p2a: Harpies
|-damage|p2a: Harpies|29/100
|
|-damage|p2a: Harpies|17/100|[from] Salt Cure
|upkeep
|turn|21
|
|t:|1743900402
|move|p2a: Harpies|Malignant Chain|p1a: Garganacl
|-resisted|p1a: Garganacl
|-damage|p1a: Garganacl|0 fnt
|faint|p1a: Garganacl
|
|-damage|p2a: Harpies|4/100|[from] Salt Cure
|upkeep
|
|t:|1743900413
|switch|p1a: Dragapult|Dragapult, F|100/100
|-damage|p1a: Dragapult|88/100|[from] Spikes
|turn|22
|
|t:|1743900419
|move|p1a: Dragapult|Psychic Fangs|p2a: Harpies
|-supereffective|p2a: Harpies
|-damage|p2a: Harpies|0 fnt
|faint|p2a: Harpies
|-damage|p1a: Dragapult|78/100|[from] item: Life Orb
|
|upkeep
|
|t:|1743900422
|switch|p2a: Bayblade|Iron Treads|100/100
|-damage|p2a: Bayblade|97/100|[from] Stealth Rock
|-enditem|p2a: Bayblade|Booster Energy
|-activate|p2a: Bayblade|ability: Quark Drive|[fromitem]
|-start|p2a: Bayblade|quarkdrivespe
|turn|23
|
|t:|1743900433
|move|p2a: Bayblade|Earth Power|p1a: Dragapult
|-damage|p1a: Dragapult|31/100
|move|p1a: Dragapult|Dragon Dance|p1a: Dragapult
|-boost|p1a: Dragapult|atk|1
|-boost|p1a: Dragapult|spe|1
|
|upkeep
|turn|24
|
|t:|1743900438
|move|p1a: Dragapult|Dragon Darts|p2a: Bayblade
|-resisted|p2a: Bayblade
|-damage|p2a: Bayblade|75/100
|-anim|p1a: Dragapult|Dragon Darts|p2a: Bayblade
|-resisted|p2a: Bayblade
|-damage|p2a: Bayblade|52/100
|-damage|p1a: Dragapult|21/100|[from] item: Life Orb
|move|p2a: Bayblade|Steel Beam|p1a: Dragapult
|-damage|p1a: Dragapult|0 fnt
|-damage|p2a: Bayblade|1/100|[from] steelbeam
|faint|p1a: Dragapult
|
|upkeep
|
|t:|1743900456
|switch|p1a: Meowscarada|Meowscarada, F|88/100
|-damage|p1a: Meowscarada|76/100|[from] Spikes
|turn|25
|
|t:|1743900464
|move|p2a: Bayblade|Steel Beam|p1a: Meowscarada
|-damage|p1a: Meowscarada|0 fnt
|-damage|p2a: Bayblade|0 fnt|[from] steelbeam
|faint|p2a: Bayblade
|-end|p2a: Bayblade|Quark Drive|[silent]
|faint|p1a: Meowscarada
|
|upkeep
|
|t:|1743900469
|switch|p1a: Toxapex|Toxapex, F|100/100
|switch|p2a: Dual disk|Iron Valiant|100/100
|-damage|p2a: Dual disk|94/100|[from] Stealth Rock
|-damage|p1a: Toxapex|88/100|[from] Spikes
|-enditem|p2a: Dual disk|Booster Energy
|-activate|p2a: Dual disk|ability: Quark Drive|[fromitem]
|-start|p2a: Dual disk|quarkdrivespe
|turn|26
|
|t:|1743900474
|-terastallize|p2a: Dual disk|Dark
|move|p2a: Dual disk|Swords Dance|p2a: Dual disk
|-boost|p2a: Dual disk|atk|2
|move|p1a: Toxapex|Toxic|p2a: Dual disk
|-status|p2a: Dual disk|tox
|
|-heal|p1a: Toxapex|94/100|[from] item: Black Sludge
|-damage|p2a: Dual disk|88/100 tox|[from] psn
|upkeep
|turn|27
|
|t:|1743900485
|move|p2a: Dual disk|Swords Dance|p2a: Dual disk
|-boost|p2a: Dual disk|atk|2
|move|p1a: Toxapex|Venoshock|p2a: Dual disk
|-damage|p2a: Dual disk|40/100 tox
|
|-heal|p1a: Toxapex|100/100|[from] item: Black Sludge
|-damage|p2a: Dual disk|27/100 tox|[from] psn
|upkeep
|turn|28
|
|t:|1743900489
|move|p2a: Dual disk|Knock Off|p1a: Toxapex
|-damage|p1a: Toxapex|0 fnt
|-enditem|p1a: Toxapex|Black Sludge|[from] move: Knock Off|[of] p2a: Dual disk
|faint|p1a: Toxapex
|
|-damage|p2a: Dual disk|9/100 tox|[from] psn
|upkeep
|
|t:|1743900493
|switch|p1a: Iron Valiant|Iron Valiant|100/100
|-damage|p1a: Iron Valiant|88/100|[from] Spikes
|-enditem|p1a: Iron Valiant|Booster Energy
|-activate|p1a: Iron Valiant|ability: Quark Drive|[fromitem]
|-start|p1a: Iron Valiant|quarkdrivespe
|turn|29
|
|t:|1743900498
|-terastallize|p1a: Iron Valiant|Fairy
|move|p2a: Dual disk|Spirit Break|p1a: Iron Valiant
|-damage|p1a: Iron Valiant|0 fnt
|faint|p1a: Iron Valiant
|-end|p1a: Iron Valiant|Quark Drive|[silent]
|
|win|angerybee
|raw|Camelia228's rating: 1367 &rarr; <strong>1347</strong><br />(-20 for losing)
|raw|angerybee's rating: 1375 &rarr; <strong>1395</strong><br />(+20 for winning)
|l|☆Camelia228
|player|p1|
|l|☆angerybee
|player|p2|
