|j|☆17bees53
|j|☆An!elt0n D
|t:|1743893064
|gametype|singles
|player|p1|17bees53|clerkf|1494
|player|p2|An!elt0n D|grimsley|1438
|teamsize|p1|6
|teamsize|p2|6
|gen|9
|tier|[Gen 9] OU
|rated|
|rule|HP Percentage Mod: HP is shown in percentages
|rule|Endless Battle Clause: Forcing endless battles is banned
|rule|Species Clause: Limit one of each Pokémon
|rule|OHKO Clause: OHKO moves are banned
|rule|Evasion Items Clause: Evasion items are banned
|rule|Evasion Moves Clause: Evasion moves are banned
|rule|Sleep Moves Clause: Sleep-inducing moves are banned
|clearpoke
|poke|p1|Moltres|
|poke|p1|Slowking-Galar, F|
|poke|p1|Samurott-Hisui, M|
|poke|p1|Kingambit, M|
|poke|p1|Great Tusk|
|poke|p1|Raging Bolt|
|poke|p2|Iron Treads|
|poke|p2|Cloyster, M|
|poke|p2|Garchomp, M|
|poke|p2|Glimmora, F|
|poke|p2|Garganacl, M|
|poke|p2|Mimikyu, M|
|teampreview
|inactive|Battle timer is ON: inactive players will automatically lose when time's up. (requested by An!elt0n D)
|
|t:|1743893088
|start
|switch|p1a: Great Tusk|Great Tusk|100/100
|switch|p2a: Toxic friend|Glimmora, F, shiny|100/100
|turn|1
|
|t:|1743893101
|move|p1a: Great Tusk|Headlong Rush|p2a: Toxic friend
|-supereffective|p2a: Toxic friend
|-enditem|p2a: Toxic friend|Focus Sash
|-damage|p2a: Toxic friend|1/100
|-unboost|p1a: Great Tusk|def|1
|-unboost|p1a: Great Tusk|spd|1
|-activate|p2a: Toxic friend|ability: Toxic Debris
|-sidestart|p1: 17bees53|move: Toxic Spikes
|move|p2a: Toxic friend|Mortal Spin|p1a: Great Tusk
|-resisted|p1a: Great Tusk
|-damage|p1a: Great Tusk|97/100
|-status|p1a: Great Tusk|psn
|
|-damage|p1a: Great Tusk|85/100 psn|[from] psn
|upkeep
|turn|2
|
|t:|1743893114
|switch|p2a: Fakechu|Mimikyu, M|100/100
|move|p1a: Great Tusk|Knock Off|p2a: Fakechu
|-activate|p2a: Fakechu|ability: Disguise
|-damage|p2a: Fakechu|100/100
|-enditem|p2a: Fakechu|Life Orb|[from] move: Knock Off|[of] p1a: Great Tusk
|detailschange|p2a: Fakechu|Mimikyu-Busted, M
|-damage|p2a: Fakechu|88/100|[from] pokemon: Mimikyu-Busted
|
|-damage|p1a: Great Tusk|72/100 psn|[from] psn
|upkeep
|turn|3
|
|t:|1743893127
|-end|p1a: Great Tusk|Protosynthesis|[silent]
|switch|p1a: Slowking|Slowking-Galar, F|100/100
|-sideend|p1: 17bees53|move: Toxic Spikes|[of] p1a: Slowking
|move|p2a: Fakechu|Play Rough|p1a: Slowking
|-resisted|p1a: Slowking
|-damage|p1a: Slowking|83/100
|
|upkeep
|turn|4
|
|t:|1743893134
|switch|p1a: Moltres|Moltres|100/100
|move|p2a: Fakechu|Shadow Claw|p1a: Moltres
|-damage|p1a: Moltres|82/100
|
|upkeep
|turn|5
|
|t:|1743893144
|move|p2a: Fakechu|Swords Dance|p2a: Fakechu
|-boost|p2a: Fakechu|atk|2
|move|p1a: Moltres|Flamethrower|p2a: Fakechu
|-damage|p2a: Fakechu|41/100
|
|upkeep
|turn|6
|
|t:|1743893151
|move|p2a: Fakechu|Shadow Claw|p1a: Moltres
|-damage|p1a: Moltres|39/100
|move|p1a: Moltres|Flamethrower|p2a: Fakechu
|-damage|p2a: Fakechu|0 fnt
|faint|p2a: Fakechu
|
|upkeep
|
|t:|1743893160
|switch|p2a: Hello :D|Cloyster, M, shiny|100/100
|turn|7
|
|t:|1743893164
|move|p2a: Hello :D|Shell Smash|p2a: Hello :D
|-unboost|p2a: Hello :D|def|1
|-unboost|p2a: Hello :D|spd|1
|-boost|p2a: Hello :D|atk|2
|-boost|p2a: Hello :D|spa|2
|-boost|p2a: Hello :D|spe|2
|move|p1a: Moltres|Roar|p2a: Hello :D
|drag|p2a: The Garchomp|Garchomp, M, shiny|100/100
|
|upkeep
|turn|8
|
|t:|1743893174
|move|p2a: The Garchomp|Swords Dance|p2a: The Garchomp
|-boost|p2a: The Garchomp|atk|2
|move|p1a: Moltres|Roost|p1a: Moltres
|-heal|p1a: Moltres|89/100
|-singleturn|p1a: Moltres|move: Roost
|
|upkeep
|turn|9
|
|t:|1743893185
|move|p2a: The Garchomp|Scale Shot|p1a: Moltres|[miss]
|-miss|p2a: The Garchomp|p1a: Moltres
|move|p1a: Moltres|Roar|p2a: The Garchomp
|drag|p2a: Ugly thing|Iron Treads, shiny|100/100
|-enditem|p2a: Ugly thing|Booster Energy
|-activate|p2a: Ugly thing|ability: Quark Drive|[fromitem]
|-start|p2a: Ugly thing|quarkdrivespe
|
|upkeep
|turn|10
|
|t:|1743893196
|move|p2a: Ugly thing|Knock Off|p1a: Moltres
|-damage|p1a: Moltres|69/100
|-status|p2a: Ugly thing|brn|[from] ability: Flame Body|[of] p1a: Moltres
|-enditem|p1a: Moltres|Heavy-Duty Boots|[from] move: Knock Off|[of] p2a: Ugly thing
|move|p1a: Moltres|Flamethrower|p2a: Ugly thing
|-supereffective|p2a: Ugly thing
|-damage|p2a: Ugly thing|0 fnt
|faint|p2a: Ugly thing
|-end|p2a: Ugly thing|Quark Drive|[silent]
|
|upkeep
|
|t:|1743893207
|switch|p2a: The Garchomp|Garchomp, M, shiny|100/100
|turn|11
|
|t:|1743893211
|move|p2a: The Garchomp|Swords Dance|p2a: The Garchomp
|-boost|p2a: The Garchomp|atk|2
|move|p1a: Moltres|Roost|p1a: Moltres
|-heal|p1a: Moltres|100/100
|-singleturn|p1a: Moltres|move: Roost
|
|upkeep
|turn|12
|
|t:|1743893218
|move|p2a: The Garchomp|Scale Shot|p1a: Moltres|[miss]
|-miss|p2a: The Garchomp|p1a: Moltres
|move|p1a: Moltres|Roar|p2a: The Garchomp
|drag|p2a: Sodium|Garganacl, M, shiny|100/100
|
|upkeep
|turn|13
|c|☆An!elt0n D|Jezz garchomp
|
|t:|1743893230
|switch|p1a: Samurott|Samurott-Hisui, M|100/100
|move|p2a: Sodium|Salt Cure|p1a: Samurott
|-crit|p1a: Samurott
|-damage|p1a: Samurott|75/100
|-start|p1a: Samurott|Salt Cure
|
|-damage|p1a: Samurott|50/100|[from] Salt Cure
|upkeep
|turn|14
|
|t:|1743893240
|switch|p2a: Toxic friend|Glimmora, F, shiny|1/100
|move|p1a: Samurott|Flip Turn|p2a: Toxic friend
|-supereffective|p2a: Toxic friend
|-damage|p2a: Toxic friend|0 fnt
|-activate|p2a: Toxic friend|ability: Toxic Debris
|-sidestart|p1: 17bees53|move: Toxic Spikes
|faint|p2a: Toxic friend
|
|t:|1743893247
|switch|p1a: Slowking|Slowking-Galar, F|100/100|[from] Flip Turn
|-sideend|p1: 17bees53|move: Toxic Spikes|[of] p1a: Slowking
|
|upkeep
|
|t:|1743893253
|switch|p2a: The Garchomp|Garchomp, M, shiny|100/100
|turn|15
|
|t:|1743893256
|move|p2a: The Garchomp|Swords Dance|p2a: The Garchomp
|-boost|p2a: The Garchomp|atk|2
|move|p1a: Slowking|Toxic|p2a: The Garchomp
|-status|p2a: The Garchomp|tox
|
|-damage|p2a: The Garchomp|94/100 tox|[from] psn
|upkeep
|turn|16
|
|t:|1743893263
|switch|p1a: Moltres|Moltres|100/100
|move|p2a: The Garchomp|Scale Shot|p1a: Moltres
|-damage|p1a: Moltres|83/100
|-damage|p1a: Moltres|65/100
|-damage|p1a: Moltres|47/100
|-damage|p1a: Moltres|30/100
|-hitcount|p1a: Moltres|4
|-unboost|p2a: The Garchomp|def|1
|-boost|p2a: The Garchomp|spe|1
|
|-damage|p2a: The Garchomp|82/100 tox|[from] psn
|upkeep
|turn|17
|
|t:|1743893281
|switch|p1a: Great Tusk|Great Tusk|72/100 psn
|move|p2a: The Garchomp|Scale Shot|p1a: Great Tusk
|-damage|p1a: Great Tusk|54/100 psn
|-crit|p1a: Great Tusk
|-damage|p1a: Great Tusk|27/100 psn
|-damage|p1a: Great Tusk|7/100 psn
|-damage|p1a: Great Tusk|0 fnt
|faint|p1a: Great Tusk
|-end|p1a: Great Tusk|Protosynthesis|[silent]
|-hitcount|p1: Great Tusk|4
|-unboost|p2a: The Garchomp|def|1
|-boost|p2a: The Garchomp|spe|1
|
|-damage|p2a: The Garchomp|64/100 tox|[from] psn
|upkeep
|inactive|17bees53 has 120 seconds left.
|
|t:|1743893303
|switch|p1a: Kingambit|Kingambit, M|100/100
|-activate|p1a: Kingambit|ability: Supreme Overlord
|-start|p1a: Kingambit|fallen1|[silent]
|-item|p1a: Kingambit|Air Balloon
|turn|18
|
|t:|1743893313
|move|p2a: The Garchomp|Fire Fang|p1a: Kingambit
|-supereffective|p1a: Kingambit
|-damage|p1a: Kingambit|22/100
|-enditem|p1a: Kingambit|Air Balloon
|move|p1a: Kingambit|Kowtow Cleave|p2a: The Garchomp
|-damage|p2a: The Garchomp|0 fnt
|-damage|p1a: Kingambit|10/100|[from] ability: Rough Skin|[of] p2a: The Garchomp
|faint|p2a: The Garchomp
|
|upkeep
|
|t:|1743893323
|switch|p2a: Hello :D|Cloyster, M, shiny|100/100
|turn|19
|
|t:|1743893328
|move|p2a: Hello :D|Shell Smash|p2a: Hello :D
|-unboost|p2a: Hello :D|def|1
|-unboost|p2a: Hello :D|spd|1
|-boost|p2a: Hello :D|atk|2
|-boost|p2a: Hello :D|spa|2
|-boost|p2a: Hello :D|spe|2
|move|p1a: Kingambit|Kowtow Cleave|p2a: Hello :D
|-damage|p2a: Hello :D|34/100
|
|upkeep
|turn|20
|
|t:|1743893337
|move|p2a: Hello :D|Ice Shard|p1a: Kingambit
|-resisted|p1a: Kingambit
|-damage|p1a: Kingambit|0 fnt
|faint|p1a: Kingambit
|-end|p1a: Kingambit|fallen1|[silent]
|
|upkeep
|
|t:|1743893364
|switch|p1a: Samurott|Samurott-Hisui, M|50/100
|turn|21
|
|t:|1743893369
|-terastallize|p1a: Samurott|Water
|move|p1a: Samurott|Aqua Jet|p2a: Hello :D
|-resisted|p2a: Hello :D
|-damage|p2a: Hello :D|12/100
|move|p2a: Hello :D|Rock Blast|p1a: Samurott
|-damage|p1a: Samurott|31/100
|-damage|p1a: Samurott|14/100
|-damage|p1a: Samurott|0 fnt
|faint|p1a: Samurott
|-hitcount|p1: Samurott|3
|
|upkeep
|inactive|17bees53 has 120 seconds left.
|
|t:|1743893385
|switch|p1a: Raging Bolt|Raging Bolt|100/100
|turn|22
|
|t:|1743893389
|move|p1a: Raging Bolt|Thunderclap|p2a: Hello :D
|-supereffective|p2a: Hello :D
|-damage|p2a: Hello :D|0 fnt
|faint|p2a: Hello :D
|
|upkeep
|
|t:|1743893393
|switch|p2a: Sodium|Garganacl, M, shiny|100/100
|turn|23
|
|t:|1743893398
|-end|p1a: Raging Bolt|Protosynthesis|[silent]
|switch|p1a: Slowking|Slowking-Galar, F|100/100
|move|p2a: Sodium|Salt Cure|p1a: Slowking
|-damage|p1a: Slowking|88/100
|-start|p1a: Slowking|Salt Cure
|
|-damage|p1a: Slowking|75/100|[from] Salt Cure
|upkeep
|turn|24
|
|t:|1743893412
|move|p2a: Sodium|Protect|p2a: Sodium
|-singleturn|p2a: Sodium|Protect
|move|p1a: Slowking|Sludge Bomb|p2a: Sodium
|-activate|p2a: Sodium|move: Protect
|
|-damage|p1a: Slowking|63/100|[from] Salt Cure
|upkeep
|turn|25
|
|t:|1743893420
|move|p2a: Sodium|Salt Cure|p1a: Slowking
|-damage|p1a: Slowking|48/100
|move|p1a: Slowking|Sludge Bomb|p2a: Sodium
|-resisted|p2a: Sodium
|-damage|p2a: Sodium|86/100
|
|-heal|p2a: Sodium|93/100|[from] item: Leftovers
|-damage|p1a: Slowking|36/100|[from] Salt Cure
|upkeep
|turn|26
|
|t:|1743893430
|move|p2a: Sodium|Substitute|p2a: Sodium
|-start|p2a: Sodium|Substitute
|-damage|p2a: Sodium|68/100
|-prepare|p1a: Slowking|Chilly Reception|[premajor]
|move|p1a: Slowking|Chilly Reception|p1a: Slowking
|-weather|Snowscape
|
|t:|1743893436
|switch|p1a: Raging Bolt|Raging Bolt|100/100|[from] Chilly Reception
|
|-weather|Snowscape|[upkeep]
|-heal|p2a: Sodium|74/100|[from] item: Leftovers
|upkeep
|turn|27
|
|t:|1743893442
|move|p1a: Raging Bolt|Volt Switch|p2a: Sodium
|-end|p2a: Sodium|Substitute
|
|t:|1743893445
|-end|p1a: Raging Bolt|Protosynthesis|[silent]
|switch|p1a: Slowking|Slowking-Galar, F|69/100|[from] Volt Switch
|move|p2a: Sodium|Salt Cure|p1a: Slowking
|-crit|p1a: Slowking
|-damage|p1a: Slowking|49/100
|-start|p1a: Slowking|Salt Cure
|
|-weather|Snowscape|[upkeep]
|-heal|p2a: Sodium|80/100|[from] item: Leftovers
|-damage|p1a: Slowking|37/100|[from] Salt Cure
|upkeep
|turn|28
|
|t:|1743893464
|move|p2a: Sodium|Substitute|p2a: Sodium
|-start|p2a: Sodium|Substitute
|-damage|p2a: Sodium|55/100
|move|p1a: Slowking|Future Sight|p2a: Sodium
|-start|p1a: Slowking|move: Future Sight
|
|-weather|Snowscape|[upkeep]
|-heal|p2a: Sodium|61/100|[from] item: Leftovers
|-damage|p1a: Slowking|25/100|[from] Salt Cure
|upkeep
|turn|29
|
|t:|1743893488
|move|p2a: Sodium|Salt Cure|p1a: Slowking
|-damage|p1a: Slowking|9/100
|-prepare|p1a: Slowking|Chilly Reception|[premajor]
|move|p1a: Slowking|Chilly Reception|p1a: Slowking
|
|t:|1743893494
|switch|p1a: Raging Bolt|Raging Bolt|100/100|[from] Chilly Reception
|
|-weather|Snowscape|[upkeep]
|-heal|p2a: Sodium|67/100|[from] item: Leftovers
|upkeep
|turn|30
|
|t:|1743893499
|move|p1a: Raging Bolt|Volt Switch|p2a: Sodium
|-end|p2a: Sodium|Substitute
|
|t:|1743893503
|-end|p1a: Raging Bolt|Protosynthesis|[silent]
|switch|p1a: Slowking|Slowking-Galar, F|43/100|[from] Volt Switch
|move|p2a: Sodium|Salt Cure|p1a: Slowking
|-damage|p1a: Slowking|28/100
|-start|p1a: Slowking|Salt Cure
|
|-weather|none
|-end|p2a: Sodium|move: Future Sight
|-damage|p2a: Sodium|30/100
|-heal|p2a: Sodium|37/100|[from] item: Leftovers
|-damage|p1a: Slowking|15/100|[from] Salt Cure
|upkeep
|turn|31
|
|t:|1743893514
|switch|p1a: Moltres|Moltres|30/100
|move|p2a: Sodium|Recover|p2a: Sodium
|-heal|p2a: Sodium|87/100
|
|-heal|p2a: Sodium|93/100|[from] item: Leftovers
|upkeep
|turn|32
|
|t:|1743893529
|switch|p1a: Slowking|Slowking-Galar, F|49/100
|move|p2a: Sodium|Salt Cure|p1a: Slowking
|-crit|p1a: Slowking
|-damage|p1a: Slowking|27/100
|-start|p1a: Slowking|Salt Cure
|
|-heal|p2a: Sodium|99/100|[from] item: Leftovers
|-damage|p1a: Slowking|15/100|[from] Salt Cure
|upkeep
|turn|33
|
|t:|1743893538
|switch|p1a: Moltres|Moltres|30/100
|move|p2a: Sodium|Salt Cure|p1a: Moltres
|-supereffective|p1a: Moltres
|-damage|p1a: Moltres|0 fnt
|faint|p1a: Moltres
|
|-heal|p2a: Sodium|100/100|[from] item: Leftovers
|upkeep
|
|t:|1743893546
|switch|p1a: Raging Bolt|Raging Bolt|100/100
|turn|34
|
|t:|1743893563
|move|p1a: Raging Bolt|Thunderbolt|p2a: Sodium
|-damage|p2a: Sodium|60/100
|move|p2a: Sodium|Salt Cure|p1a: Raging Bolt
|-damage|p1a: Raging Bolt|87/100
|-start|p1a: Raging Bolt|Salt Cure
|
|-heal|p2a: Sodium|66/100|[from] item: Leftovers
|-damage|p1a: Raging Bolt|74/100|[from] Salt Cure
|upkeep
|turn|35
|
|t:|1743893571
|-end|p1a: Raging Bolt|Protosynthesis|[silent]
|switch|p1a: Slowking|Slowking-Galar, F|48/100
|move|p2a: Sodium|Recover|p2a: Sodium
|-heal|p2a: Sodium|100/100
|
|upkeep
|turn|36
|
|t:|1743893578
|move|p2a: Sodium|Salt Cure|p1a: Slowking
|-damage|p1a: Slowking|33/100
|-start|p1a: Slowking|Salt Cure
|move|p1a: Slowking|Sludge Bomb|p2a: Sodium
|-resisted|p2a: Sodium
|-damage|p2a: Sodium|86/100
|
|-heal|p2a: Sodium|92/100|[from] item: Leftovers
|-damage|p1a: Slowking|21/100|[from] Salt Cure
|upkeep
|turn|37
|
|t:|1743893587
|move|p2a: Sodium|Salt Cure|p1a: Slowking
|-damage|p1a: Slowking|5/100
|-prepare|p1a: Slowking|Chilly Reception|[premajor]
|move|p1a: Slowking|Chilly Reception|p1a: Slowking
|-weather|Snowscape
|
|t:|1743893593
|switch|p1a: Raging Bolt|Raging Bolt|74/100|[from] Chilly Reception
|
|-weather|Snowscape|[upkeep]
|-heal|p2a: Sodium|98/100|[from] item: Leftovers
|upkeep
|turn|38
|
|t:|1743893599
|move|p1a: Raging Bolt|Draco Meteor|p2a: Sodium
|-damage|p2a: Sodium|35/100
|-unboost|p1a: Raging Bolt|spa|2
|move|p2a: Sodium|Salt Cure|p1a: Raging Bolt
|-damage|p1a: Raging Bolt|61/100
|-start|p1a: Raging Bolt|Salt Cure
|
|-weather|Snowscape|[upkeep]
|-heal|p2a: Sodium|41/100|[from] item: Leftovers
|-damage|p1a: Raging Bolt|49/100|[from] Salt Cure
|upkeep
|turn|39
|
|t:|1743893610
|-end|p1a: Raging Bolt|Protosynthesis|[silent]
|switch|p1a: Slowking|Slowking-Galar, F|39/100
|move|p2a: Sodium|Protect||[still]
|-fail|p2a: Sodium
|
|-weather|Snowscape|[upkeep]
|-heal|p2a: Sodium|47/100|[from] item: Leftovers
|upkeep
|turn|40
|
|t:|1743893622
|move|p2a: Sodium|Salt Cure|p1a: Slowking
|-damage|p1a: Slowking|26/100
|-start|p1a: Slowking|Salt Cure
|move|p1a: Slowking|Sludge Bomb|p2a: Sodium
|-resisted|p2a: Sodium
|-damage|p2a: Sodium|31/100
|
|-weather|Snowscape|[upkeep]
|-heal|p2a: Sodium|37/100|[from] item: Leftovers
|-damage|p1a: Slowking|13/100|[from] Salt Cure
|upkeep
|turn|41
|
|t:|1743893633
|switch|p1a: Raging Bolt|Raging Bolt|49/100
|move|p2a: Sodium|Recover|p2a: Sodium
|-heal|p2a: Sodium|88/100
|
|-weather|none
|-heal|p2a: Sodium|94/100|[from] item: Leftovers
|upkeep
|turn|42
|
|t:|1743893641
|move|p1a: Raging Bolt|Volt Switch|p2a: Sodium
|-damage|p2a: Sodium|59/100
|
|t:|1743893644
|-end|p1a: Raging Bolt|Protosynthesis|[silent]
|switch|p1a: Slowking|Slowking-Galar, F|46/100|[from] Volt Switch
|move|p2a: Sodium|Salt Cure|p1a: Slowking
|-damage|p1a: Slowking|32/100
|-start|p1a: Slowking|Salt Cure
|
|-heal|p2a: Sodium|65/100|[from] item: Leftovers
|-damage|p1a: Slowking|20/100|[from] Salt Cure
|upkeep
|turn|43
|
|t:|1743893653
|move|p2a: Sodium|Salt Cure|p1a: Slowking
|-damage|p1a: Slowking|6/100
|move|p1a: Slowking|Sludge Bomb|p2a: Sodium
|-resisted|p2a: Sodium
|-damage|p2a: Sodium|51/100
|
|-heal|p2a: Sodium|57/100|[from] item: Leftovers
|-damage|p1a: Slowking|0 fnt|[from] Salt Cure
|faint|p1a: Slowking
|upkeep
|
|t:|1743893663
|switch|p1a: Raging Bolt|Raging Bolt|49/100
|turn|44
|
|t:|1743893669
|move|p2a: Sodium|Protect|p2a: Sodium
|-singleturn|p2a: Sodium|Protect
|move|p1a: Raging Bolt|Draco Meteor|p2a: Sodium
|-activate|p2a: Sodium|move: Protect
|
|-heal|p2a: Sodium|63/100|[from] item: Leftovers
|upkeep
|turn|45
|
|t:|1743893681
|move|p1a: Raging Bolt|Draco Meteor|p2a: Sodium
|-damage|p2a: Sodium|2/100
|-unboost|p1a: Raging Bolt|spa|2
|move|p2a: Sodium|Recover|p2a: Sodium
|-heal|p2a: Sodium|52/100
|
|-heal|p2a: Sodium|59/100|[from] item: Leftovers
|upkeep
|turn|46
|-message|17bees53 forfeited.
|
|win|An!elt0n D
|raw|17bees53's rating: 1494 &rarr; <strong>1471</strong><br />(-23 for losing)
|raw|An!elt0n D's rating: 1438 &rarr; <strong>1461</strong><br />(+23 for winning)
|l|☆17bees53
|player|p1|
|c|☆An!elt0n D|Finaly
|l|☆An!elt0n D
|player|p2|
