|j|☆jojosworld
|j|☆CrazedJuggernaut
|t:|1743789635
|gametype|singles
|player|p1|jojosworld|bellelba|1397
|player|p2|CrazedJuggernaut|marshal|1414
|teamsize|p1|6
|teamsize|p2|6
|gen|9
|tier|[Gen 9] OU
|rated|
|rule|HP Percentage Mod: HP is shown in percentages
|rule|Endless Battle Clause: Forcing endless battles is banned
|rule|Species Clause: Limit one of each Pokémon
|rule|OHKO Clause: OHKO moves are banned
|rule|Evasion Items Clause: Evasion items are banned
|rule|Evasion Moves Clause: Evasion moves are banned
|rule|Sleep Moves Clause: Sleep-inducing moves are banned
|clearpoke
|poke|p1|Latios, M|
|poke|p1|Clefable, F|
|poke|p1|Corviknight, M|
|poke|p1|Alomomola, F|
|poke|p1|Cacturne, F|
|poke|p1|Galvantula, F|
|poke|p2|Ting-Lu|
|poke|p2|Great Tusk|
|poke|p2|Corviknight, M|
|poke|p2|Ogerpon-Wellspring, F|
|poke|p2|Chandelure, F|
|poke|p2|Iron Valiant|
|teampreview
|inactive|Battle timer is ON: inactive players will automatically lose when time's up. (requested by jojosworld)
|
|t:|1743789665
|start
|switch|p1a: Galvantula|Galvantula, F, shiny|100/100
|switch|p2a: Great Tusk|Great Tusk|100/100
|-enditem|p2a: Great Tusk|Booster Energy
|-activate|p2a: Great Tusk|ability: Protosynthesis|[fromitem]
|-start|p2a: Great Tusk|protosynthesisspe
|turn|1
|
|t:|1743789679
|switch|p1a: Corviknight|Corviknight, M, shiny|100/100
|-ability|p1a: Corviknight|Pressure
|move|p2a: Great Tusk|Headlong Rush|p1a: Corviknight
|-immune|p1a: Corviknight
|
|upkeep
|turn|2
|
|t:|1743789700
|-end|p2a: Great Tusk|Protosynthesis|[silent]
|switch|p2a: Corviknight|Corviknight, M|100/100
|-ability|p2a: Corviknight|Pressure
|move|p1a: Corviknight|Brave Bird|p2a: Corviknight
|-resisted|p2a: Corviknight
|-damage|p2a: Corviknight|85/100
|-damage|p1a: Corviknight|95/100|[from] Recoil
|
|-heal|p2a: Corviknight|91/100|[from] item: Leftovers
|upkeep
|turn|3
|
|t:|1743789706
|move|p1a: Corviknight|U-turn|p2a: Corviknight
|-resisted|p2a: Corviknight
|-damage|p2a: Corviknight|89/100
|
|t:|1743789709
|switch|p1a: Clefable|Clefable, F, shiny|100/100|[from] U-turn
|move|p2a: Corviknight|U-turn|p1a: Clefable
|-resisted|p1a: Clefable
|-damage|p1a: Clefable|95/100
|
|t:|1743789712
|switch|p2a: Chandelure|Chandelure, F, shiny|100/100|[from] U-turn
|
|-heal|p1a: Clefable|100/100|[from] item: Leftovers
|upkeep
|turn|4
|
|t:|1743789720
|move|p2a: Chandelure|Flamethrower|p1a: Clefable
|-damage|p1a: Clefable|26/100
|move|p1a: Clefable|Knock Off|p2a: Chandelure
|-supereffective|p2a: Chandelure
|-damage|p2a: Chandelure|55/100
|-enditem|p2a: Chandelure|Choice Specs|[from] move: Knock Off|[of] p1a: Clefable
|
|-heal|p1a: Clefable|32/100|[from] item: Leftovers
|upkeep
|turn|5
|
|t:|1743789727
|switch|p1a: Alomomola|Alomomola, F, shiny|100/100
|move|p2a: Chandelure|Shadow Ball|p1a: Alomomola
|-damage|p1a: Alomomola|43/100
|
|upkeep
|turn|6
|
|t:|1743789731
|move|p1a: Alomomola|Protect|p1a: Alomomola
|-singleturn|p1a: Alomomola|Protect
|move|p2a: Chandelure|Shadow Ball|p1a: Alomomola
|-activate|p1a: Alomomola|move: Protect
|
|upkeep
|turn|7
|
|t:|1743789738
|move|p2a: Chandelure|Shadow Ball|p1a: Alomomola
|-damage|p1a: Alomomola|0 fnt
|faint|p1a: Alomomola
|
|upkeep
|
|t:|1743789741
|switch|p1a: Latios|Latios, M, shiny|100/100
|turn|8
|
|t:|1743789747
|switch|p2a: Ting-Lu|Ting-Lu|100/100
|-ability|p2a: Ting-Lu|Vessel of Ruin
|move|p1a: Latios|Flip Turn|p2a: Ting-Lu
|-supereffective|p2a: Ting-Lu
|-damage|p2a: Ting-Lu|88/100
|
|t:|1743789752
|switch|p1a: Cacturne|Cacturne, F, shiny|100/100|[from] Flip Turn
|
|-heal|p2a: Ting-Lu|95/100|[from] item: Leftovers
|upkeep
|turn|9
|
|t:|1743789762
|move|p1a: Cacturne|Block|p2a: Ting-Lu
|-activate|p2a: Ting-Lu|trapped
|move|p2a: Ting-Lu|Stealth Rock|p1a: Cacturne
|-sidestart|p1: jojosworld|move: Stealth Rock
|
|-heal|p2a: Ting-Lu|100/100|[from] item: Leftovers
|upkeep
|turn|10
|
|t:|1743789765
|move|p1a: Cacturne|Bullet Seed|p2a: Ting-Lu
|-supereffective|p2a: Ting-Lu
|-damage|p2a: Ting-Lu|86/100
|-supereffective|p2a: Ting-Lu
|-damage|p2a: Ting-Lu|72/100
|-supereffective|p2a: Ting-Lu
|-damage|p2a: Ting-Lu|58/100
|-supereffective|p2a: Ting-Lu
|-damage|p2a: Ting-Lu|43/100
|-supereffective|p2a: Ting-Lu
|-damage|p2a: Ting-Lu|28/100
|-hitcount|p2a: Ting-Lu|5
|move|p2a: Ting-Lu|Whirlwind|p1a: Cacturne
|drag|p1a: Corviknight|Corviknight, M, shiny|95/100
|-damage|p1a: Corviknight|83/100|[from] Stealth Rock
|-ability|p1a: Corviknight|Pressure
|
|-heal|p2a: Ting-Lu|34/100|[from] item: Leftovers
|upkeep
|turn|11
|
|t:|1743789777
|move|p1a: Corviknight|Defog|p2a: Ting-Lu
|-unboost|p2a: Ting-Lu|evasion|1
|-sideend|p1: jojosworld|Stealth Rock|[from] move: Defog|[of] p1a: Corviknight
|move|p2a: Ting-Lu|Whirlwind|p1a: Corviknight
|drag|p1a: Latios|Latios, M, shiny|100/100
|
|-heal|p2a: Ting-Lu|40/100|[from] item: Leftovers
|upkeep
|turn|12
|
|t:|1743789779
|move|p1a: Latios|Draco Meteor|p2a: Ting-Lu
|-damage|p2a: Ting-Lu|0 fnt
|-unboost|p1a: Latios|spa|2
|faint|p2a: Ting-Lu
|
|upkeep
|
|t:|1743789797
|switch|p2a: Iron Valiant|Iron Valiant|100/100
|-enditem|p2a: Iron Valiant|Booster Energy
|-activate|p2a: Iron Valiant|ability: Quark Drive|[fromitem]
|-start|p2a: Iron Valiant|quarkdrivespe
|turn|13
|
|t:|1743789805
|switch|p1a: Corviknight|Corviknight, M, shiny|83/100
|-ability|p1a: Corviknight|Pressure
|move|p2a: Iron Valiant|Shadow Ball|p1a: Corviknight
|-damage|p1a: Corviknight|59/100
|
|upkeep
|turn|14
|
|t:|1743789813
|-end|p2a: Iron Valiant|Quark Drive|[silent]
|switch|p2a: Corviknight|Corviknight, M|89/100
|-ability|p2a: Corviknight|Pressure
|move|p1a: Corviknight|Roost|p1a: Corviknight
|-heal|p1a: Corviknight|100/100
|-singleturn|p1a: Corviknight|move: Roost
|
|-heal|p2a: Corviknight|95/100|[from] item: Leftovers
|upkeep
|turn|15
|
|t:|1743789816
|move|p2a: Corviknight|U-turn|p1a: Corviknight
|-resisted|p1a: Corviknight
|-damage|p1a: Corviknight|98/100
|-damage|p2a: Corviknight|78/100|[from] item: Rocky Helmet|[of] p1a: Corviknight
|
|t:|1743789820
|switch|p2a: Great Tusk|Great Tusk|100/100|[from] U-turn
|move|p1a: Corviknight|U-turn|p2a: Great Tusk
|-resisted|p2a: Great Tusk
|-damage|p2a: Great Tusk|96/100
|
|t:|1743789825
|switch|p1a: Latios|Latios, M, shiny|100/100|[from] U-turn
|
|upkeep
|turn|16
|
|t:|1743789836
|-end|p2a: Great Tusk|Protosynthesis|[silent]
|switch|p2a: Corviknight|Corviknight, M|78/100
|-ability|p2a: Corviknight|Pressure
|move|p1a: Latios|Luster Purge|p2a: Corviknight
|-resisted|p2a: Corviknight
|-damage|p2a: Corviknight|55/100
|-unboost|p2a: Corviknight|spd|1
|
|-heal|p2a: Corviknight|61/100|[from] item: Leftovers
|upkeep
|turn|17
|
|t:|1743789839
|move|p1a: Latios|Luster Purge|p2a: Corviknight
|-resisted|p2a: Corviknight
|-damage|p2a: Corviknight|23/100
|-unboost|p2a: Corviknight|spd|1
|move|p2a: Corviknight|U-turn|p1a: Latios
|-supereffective|p1a: Latios
|-damage|p1a: Latios|61/100
|
|t:|1743789844
|switch|p2a: Ogerpon|Ogerpon-Wellspring, F|100/100|[from] U-turn
|
|upkeep
|turn|18
|
|t:|1743789847
|move|p2a: Ogerpon|U-turn|p1a: Latios
|-supereffective|p1a: Latios
|-damage|p1a: Latios|0 fnt
|faint|p1a: Latios
|
|t:|1743789853
|switch|p2a: Iron Valiant|Iron Valiant|100/100|[from] U-turn
|
|upkeep
|
|t:|1743789858
|switch|p1a: Galvantula|Galvantula, F, shiny|100/100
|turn|19
|
|t:|1743789861
|move|p2a: Iron Valiant|Moonblast|p1a: Galvantula
|-damage|p1a: Galvantula|20/100
|move|p1a: Galvantula|Thunder Wave|p2a: Iron Valiant
|-status|p2a: Iron Valiant|par
|
|upkeep
|turn|20
|
|t:|1743789871
|-end|p2a: Iron Valiant|Quark Drive|[silent]
|switch|p2a: Great Tusk|Great Tusk|96/100
|move|p1a: Galvantula|Sticky Web|p2a: Great Tusk
|-sidestart|p2: CrazedJuggernaut|move: Sticky Web
|
|upkeep
|turn|21
|
|t:|1743789875
|switch|p1a: Corviknight|Corviknight, M, shiny|98/100
|-ability|p1a: Corviknight|Pressure
|move|p2a: Great Tusk|Rapid Spin|p1a: Corviknight
|-resisted|p1a: Corviknight
|-damage|p1a: Corviknight|94/100
|-boost|p2a: Great Tusk|spe|1
|-damage|p2a: Great Tusk|79/100|[from] item: Rocky Helmet|[of] p1a: Corviknight
|-sideend|p2: CrazedJuggernaut|Sticky Web|[from] move: Rapid Spin|[of] p2a: Great Tusk
|
|upkeep
|turn|22
|
|t:|1743789887
|-end|p2a: Great Tusk|Protosynthesis|[silent]
|switch|p2a: Corviknight|Corviknight, M|23/100
|-ability|p2a: Corviknight|Pressure
|move|p1a: Corviknight|U-turn|p2a: Corviknight
|-resisted|p2a: Corviknight
|-damage|p2a: Corviknight|20/100
|
|t:|1743789889
|switch|p1a: Galvantula|Galvantula, F, shiny|20/100|[from] U-turn
|
|-heal|p2a: Corviknight|26/100|[from] item: Leftovers
|upkeep
|turn|23
|
|t:|1743789893
|switch|p2a: Great Tusk|Great Tusk|79/100
|move|p1a: Galvantula|Bug Buzz|p2a: Great Tusk
|-resisted|p2a: Great Tusk
|-damage|p2a: Great Tusk|54/100
|
|upkeep
|turn|24
|-message|jojosworld forfeited.
|
|win|CrazedJuggernaut
|raw|jojosworld's rating: 1397 &rarr; <strong>1378</strong><br />(-19 for losing)
|raw|CrazedJuggernaut's rating: 1414 &rarr; <strong>1433</strong><br />(+19 for winning)
|l|☆jojosworld
|player|p1|
|l|☆CrazedJuggernaut
|player|p2|
