|j|☆Kingdra all day
|j|☆DBest04
|t:|1743905273
|gametype|singles
|player|p1|Kingdra all day|clair|1612
|player|p2|DBest04|1|1580
|teamsize|p1|6
|teamsize|p2|6
|gen|9
|tier|[Gen 9] OU
|rated|
|rule|HP Percentage Mod: HP is shown in percentages
|rule|Endless Battle Clause: Forcing endless battles is banned
|rule|Species Clause: Limit one of each Pokémon
|rule|OHKO Clause: OHKO moves are banned
|rule|Evasion Items Clause: Evasion items are banned
|rule|Evasion Moves Clause: Evasion moves are banned
|rule|Sleep Moves Clause: Sleep-inducing moves are banned
|clearpoke
|poke|p1|Ninetales-Alola, F|
|poke|p1|Klefki, M|
|poke|p1|Maushold-Four|
|poke|p1|Latias, F|
|poke|p1|Kyurem|
|poke|p1|Darkrai|
|poke|p2|Cinderace, M|
|poke|p2|Kingambit, M|
|poke|p2|Ribombee, F|
|poke|p2|Gholdengo|
|poke|p2|Empoleon, M|
|poke|p2|Serperior, F|
|teampreview
|inactive|Battle timer is ON: inactive players will automatically lose when time's up. (requested by Kingdra all day)
|
|t:|1743905280
|start
|switch|p1a: Klefki|Klefki, M|100/100
|switch|p2a: Bumblebee|Ribombee, F, shiny|100/100
|turn|1
|
|t:|1743905287
|move|p1a: Klefki|Thunder Wave|p2a: Bumblebee
|-status|p2a: Bumblebee|par
|move|p2a: Bumblebee|Sticky Web|p1a: Klefki
|-sidestart|p1: Kingdra all day|move: Sticky Web
|
|upkeep
|turn|2
|
|t:|1743905292
|move|p1a: Klefki|Light Screen|p1a: Klefki
|-sidestart|p1: Kingdra all day|move: Light Screen
|move|p2a: Bumblebee|Stun Spore|p1a: Klefki|[miss]
|-miss|p2a: Bumblebee|p1a: Klefki
|
|upkeep
|turn|3
|
|t:|1743905298
|switch|p2a: Ace|Cinderace, M|100/100
|switch|p1a: Maushold|Maushold-Four|100/100
|-activate|p1a: Maushold|move: Sticky Web
|-unboost|p1a: Maushold|spe|1
|
|upkeep
|turn|4
|
|t:|1743905305
|move|p2a: Ace|Will-O-Wisp|p1a: Maushold
|-status|p1a: Maushold|brn
|move|p1a: Maushold|Tidy Up|p1a: Maushold
|-sideend|p1: Kingdra all day|Sticky Web
|-activate|p1a: Maushold|move: Tidy Up
|-boost|p1a: Maushold|atk|1
|-boost|p1a: Maushold|spe|1
|
|-damage|p1a: Maushold|94/100 brn|[from] brn
|upkeep
|turn|5
|
|t:|1743905317
|switch|p2a: Lemillion|Gholdengo|100/100
|-item|p2a: Lemillion|Air Balloon
|move|p1a: Maushold|Tidy Up|p1a: Maushold
|-boost|p1a: Maushold|atk|1
|-boost|p1a: Maushold|spe|1
|
|-damage|p1a: Maushold|88/100 brn|[from] brn
|upkeep
|turn|6
|
|t:|1743905328
|switch|p2a: A Man's World|Kingambit, M, shiny|100/100
|move|p1a: Maushold|Tidy Up|p1a: Maushold
|-boost|p1a: Maushold|atk|1
|-boost|p1a: Maushold|spe|1
|
|-damage|p1a: Maushold|82/100 brn|[from] brn
|upkeep
|turn|7
|
|t:|1743905335
|move|p1a: Maushold|Population Bomb|p2a: A Man's World
|-resisted|p2a: A Man's World
|-damage|p2a: A Man's World|95/100
|-resisted|p2a: A Man's World
|-damage|p2a: A Man's World|89/100
|-resisted|p2a: A Man's World
|-damage|p2a: A Man's World|83/100
|-resisted|p2a: A Man's World
|-damage|p2a: A Man's World|77/100
|-resisted|p2a: A Man's World
|-damage|p2a: A Man's World|71/100
|-resisted|p2a: A Man's World
|-damage|p2a: A Man's World|65/100
|-resisted|p2a: A Man's World
|-damage|p2a: A Man's World|59/100
|-resisted|p2a: A Man's World
|-damage|p2a: A Man's World|54/100
|-resisted|p2a: A Man's World
|-damage|p2a: A Man's World|47/100
|-resisted|p2a: A Man's World
|-damage|p2a: A Man's World|41/100
|-hitcount|p2a: A Man's World|10
|move|p2a: A Man's World|Kowtow Cleave|p1a: Maushold
|-damage|p1a: Maushold|7/100 brn
|
|-damage|p1a: Maushold|1/100 brn|[from] brn
|upkeep
|turn|8
|
|t:|1743905359
|switch|p1a: Ninetales|Ninetales-Alola, F|100/100
|-weather|Snowscape|[from] ability: Snow Warning|[of] p1a: Ninetales
|move|p2a: A Man's World|Sucker Punch||[still]
|-fail|p2a: A Man's World
|
|-weather|Snowscape|[upkeep]
|upkeep
|turn|9
|
|t:|1743905366
|switch|p2a: Bumblebee|Ribombee, F, shiny|100/100 par
|move|p1a: Ninetales|Encore||[still]
|-fail|p1a: Ninetales
|
|-weather|Snowscape|[upkeep]
|-sideend|p1: Kingdra all day|move: Light Screen
|upkeep
|turn|10
|
|t:|1743905374
|move|p1a: Ninetales|Aurora Veil|p1a: Ninetales
|-sidestart|p1: Kingdra all day|move: Aurora Veil
|move|p2a: Bumblebee|Sticky Web|p1a: Ninetales
|-sidestart|p1: Kingdra all day|move: Sticky Web
|
|-weather|Snowscape|[upkeep]
|upkeep
|turn|11
|
|t:|1743905381
|move|p1a: Ninetales|Misty Terrain|p1a: Ninetales
|-fieldstart|move: Misty Terrain
|move|p2a: Bumblebee|U-turn|p1a: Ninetales
|-resisted|p1a: Ninetales
|-damage|p1a: Ninetales|98/100
|
|t:|1743905385
|switch|p2a: Ace|Cinderace, M|100/100|[from] U-turn
|
|-weather|Snowscape|[upkeep]
|upkeep
|turn|12
|
|t:|1743905389
|move|p2a: Ace|Court Change|p2a: Ace
|-swapsideconditions
|-activate|p2a: Ace|move: Court Change
|move|p1a: Ninetales|Encore|p2a: Ace
|-start|p2a: Ace|Encore
|
|-weather|none
|upkeep
|turn|13
|
|t:|1743905400
|switch|p2a: Kingpen|Empoleon, M, shiny|100/100
|-activate|p2a: Kingpen|move: Sticky Web
|-unboost|p2a: Kingpen|spe|1
|-ability|p2a: Kingpen|Competitive|boost
|-boost|p2a: Kingpen|spa|2
|switch|p1a: Klefki|Klefki, M|100/100
|
|upkeep
|turn|14
|
|t:|1743905408
|move|p1a: Klefki|Light Screen|p1a: Klefki
|-sidestart|p1: Kingdra all day|move: Light Screen
|move|p2a: Kingpen|Surf|p1a: Klefki
|-damage|p1a: Klefki|47/100
|
|upkeep
|turn|15
|
|t:|1743905414
|move|p1a: Klefki|Reflect|p1a: Klefki
|-sidestart|p1: Kingdra all day|Reflect
|move|p2a: Kingpen|Surf|p1a: Klefki
|-damage|p1a: Klefki|0 fnt
|faint|p1a: Klefki
|
|-fieldend|Misty Terrain
|upkeep
|
|t:|1743905421
|switch|p1a: Latias|Latias, F|100/100
|turn|16
|
|t:|1743905423
|move|p1a: Latias|Agility|p1a: Latias
|-boost|p1a: Latias|spe|2
|move|p2a: Kingpen|Ice Beam|p1a: Latias
|-supereffective|p1a: Latias
|-damage|p1a: Latias|44/100
|-enditem|p1a: Latias|Weakness Policy
|-boost|p1a: Latias|atk|2|[from] item: Weakness Policy
|-boost|p1a: Latias|spa|2|[from] item: Weakness Policy
|
|upkeep
|turn|17
|
|t:|1743905431
|move|p1a: Latias|Calm Mind|p1a: Latias
|-boost|p1a: Latias|spa|1
|-boost|p1a: Latias|spd|1
|move|p2a: Kingpen|Ice Beam|p1a: Latias
|-supereffective|p1a: Latias
|-damage|p1a: Latias|5/100
|
|-sideend|p2: DBest04|move: Aurora Veil
|upkeep
|turn|18
|
|t:|1743905448
|move|p2a: Kingpen|Vacuum Wave|p1a: Latias
|-resisted|p1a: Latias
|-damage|p1a: Latias|1/100
|move|p1a: Latias|Aura Sphere|p2a: Kingpen
|-supereffective|p2a: Kingpen
|-damage|p2a: Kingpen|24/100
|
|upkeep
|turn|19
|
|t:|1743905454
|switch|p1a: Ninetales|Ninetales-Alola, F|98/100
|-weather|Snowscape|[from] ability: Snow Warning|[of] p1a: Ninetales
|move|p2a: Kingpen|Vacuum Wave|p1a: Ninetales
|-damage|p1a: Ninetales|81/100
|
|-weather|Snowscape|[upkeep]
|upkeep
|turn|20
|
|t:|1743905461
|move|p1a: Ninetales|Aurora Veil|p1a: Ninetales
|-sidestart|p1: Kingdra all day|move: Aurora Veil
|move|p2a: Kingpen|Flip Turn|p1a: Ninetales
|-damage|p1a: Ninetales|76/100
|
|t:|1743905472
|switch|p2a: Bumblebee|Ribombee, F, shiny|100/100 par|[from] Flip Turn
|-activate|p2a: Bumblebee|move: Sticky Web
|-unboost|p2a: Bumblebee|spe|1
|
|-weather|Snowscape|[upkeep]
|upkeep
|turn|21
|
|t:|1743905479
|move|p1a: Ninetales|Misty Terrain|p1a: Ninetales
|-fieldstart|move: Misty Terrain
|move|p2a: Bumblebee|Sticky Web|p1a: Ninetales
|-sidestart|p1: Kingdra all day|move: Sticky Web
|
|-weather|Snowscape|[upkeep]
|-sideend|p1: Kingdra all day|move: Light Screen
|upkeep
|turn|22
|
|t:|1743905488
|switch|p1a: Kyurem|Kyurem, shiny|100/100
|-activate|p1a: Kyurem|move: Sticky Web
|-unboost|p1a: Kyurem|spe|1
|-ability|p1a: Kyurem|Pressure
|move|p2a: Bumblebee|U-turn|p1a: Kyurem
|-damage|p1a: Kyurem|96/100
|
|t:|1743905496
|switch|p2a: Ace|Cinderace, M|100/100|[from] U-turn
|
|-weather|Snowscape|[upkeep]
|-sideend|p1: Kingdra all day|Reflect
|upkeep
|turn|23
|
|t:|1743905500
|move|p2a: Ace|Court Change|p2a: Ace
|-swapsideconditions
|-activate|p2a: Ace|move: Court Change
|move|p1a: Kyurem|Dragon Dance|p1a: Kyurem
|-boost|p1a: Kyurem|atk|1
|-boost|p1a: Kyurem|spe|1
|
|-weather|none
|upkeep
|turn|24
|
|t:|1743905505
|move|p2a: Ace|Will-O-Wisp|p1a: Kyurem
|-activate|p1a: Kyurem|move: Misty Terrain
|move|p1a: Kyurem|Dragon Dance|p1a: Kyurem
|-boost|p1a: Kyurem|atk|1
|-boost|p1a: Kyurem|spe|1
|
|upkeep
|turn|25
|
|t:|1743905511
|move|p1a: Kyurem|Dragon Dance|p1a: Kyurem
|-boost|p1a: Kyurem|atk|1
|-boost|p1a: Kyurem|spe|1
|move|p2a: Ace|U-turn|p1a: Kyurem
|-damage|p1a: Kyurem|77/100
|
|t:|1743905516
|switch|p2a: Lemillion|Gholdengo|100/100|[from] U-turn
|-item|p2a: Lemillion|Air Balloon
|
|-fieldend|Misty Terrain
|upkeep
|turn|26
|
|t:|1743905521
|-terastallize|p1a: Kyurem|Fire
|move|p1a: Kyurem|Tera Blast|p2a: Lemillion|[anim] Tera Blast Fire
|-supereffective|p2a: Lemillion
|-damage|p2a: Lemillion|1/100
|-enditem|p2a: Lemillion|Air Balloon
|move|p2a: Lemillion|Make It Rain|p1a: Kyurem
|-resisted|p1a: Kyurem
|-damage|p1a: Kyurem|42/100
|-unboost|p2a: Lemillion|spa|1
|
|upkeep
|turn|27
|
|t:|1743905528
|move|p1a: Kyurem|Tera Blast|p2a: Lemillion|[anim] Tera Blast Fire
|-supereffective|p2a: Lemillion
|-damage|p2a: Lemillion|0 fnt
|faint|p2a: Lemillion
|
|-sideend|p2: DBest04|move: Aurora Veil
|upkeep
|
|t:|1743905548
|switch|p2a: A Man's World|Kingambit, M, shiny|41/100
|-activate|p2a: A Man's World|move: Sticky Web
|-unboost|p2a: A Man's World|spe|1
|-ability|p2a: A Man's World|Defiant|boost
|-boost|p2a: A Man's World|atk|2
|turn|28
|
|t:|1743905553
|move|p1a: Kyurem|Dragon Dance|p1a: Kyurem
|-boost|p1a: Kyurem|atk|1
|-boost|p1a: Kyurem|spe|1
|move|p2a: A Man's World|Kowtow Cleave|p1a: Kyurem
|-damage|p1a: Kyurem|0 fnt
|faint|p1a: Kyurem
|
|upkeep
|
|t:|1743905556
|switch|p1a: Ninetales|Ninetales-Alola, F|76/100
|-activate|p1a: Ninetales|move: Sticky Web
|-unboost|p1a: Ninetales|spe|1
|-weather|Snowscape|[from] ability: Snow Warning|[of] p1a: Ninetales
|turn|29
|
|t:|1743905561
|move|p1a: Ninetales|Aurora Veil|p1a: Ninetales
|-sidestart|p1: Kingdra all day|move: Aurora Veil
|move|p2a: A Man's World|Iron Head|p1a: Ninetales
|-supereffective|p1a: Ninetales
|-damage|p1a: Ninetales|0 fnt
|faint|p1a: Ninetales
|
|-weather|Snowscape|[upkeep]
|upkeep
|
|t:|1743905565
|switch|p1a: Latias|Latias, F|1/100
|turn|30
|
|t:|1743905569
|move|p1a: Latias|Aura Sphere|p2a: A Man's World
|-supereffective|p2a: A Man's World
|-damage|p2a: A Man's World|0 fnt
|faint|p2a: A Man's World
|
|-weather|Snowscape|[upkeep]
|upkeep
|
|t:|1743905574
|switch|p2a: Ace|Cinderace, M|100/100
|turn|31
|
|t:|1743905577
|move|p2a: Ace|Pyro Ball|p1a: Latias
|-resisted|p1a: Latias
|-damage|p1a: Latias|0 fnt
|faint|p1a: Latias
|
|-weather|Snowscape|[upkeep]
|upkeep
|
|t:|1743905579
|switch|p1a: Darkrai|Darkrai, shiny|100/100
|-activate|p1a: Darkrai|move: Sticky Web
|-unboost|p1a: Darkrai|spe|1
|turn|32
|
|t:|1743905583
|move|p2a: Ace|Court Change|p2a: Ace
|-swapsideconditions
|-activate|p2a: Ace|move: Court Change
|move|p1a: Darkrai|Focus Blast|p2a: Ace
|-damage|p2a: Ace|63/100
|-damage|p1a: Darkrai|91/100|[from] item: Life Orb
|
|-weather|Snowscape|[upkeep]
|upkeep
|turn|33
|
|t:|1743905590
|switch|p1a: Maushold|Maushold-Four|1/100 brn
|-activate|p1a: Maushold|move: Sticky Web
|-unboost|p1a: Maushold|spe|1
|move|p2a: Ace|Pyro Ball|p1a: Maushold
|-damage|p1a: Maushold|0 fnt
|faint|p1a: Maushold
|
|-weather|none
|upkeep
|
|t:|1743905598
|switch|p1a: Darkrai|Darkrai, shiny|91/100
|-activate|p1a: Darkrai|move: Sticky Web
|-unboost|p1a: Darkrai|spe|1
|turn|34
|
|t:|1743905602
|move|p2a: Ace|Pyro Ball|p1a: Darkrai
|-damage|p1a: Darkrai|30/100
|move|p1a: Darkrai|Dark Pulse|p2a: Ace
|-damage|p2a: Ace|21/100
|-damage|p1a: Darkrai|20/100|[from] item: Life Orb
|
|upkeep
|turn|35
|
|t:|1743905607
|-terastallize|p2a: Ace|Ghost
|move|p2a: Ace|U-turn|p1a: Darkrai
|-supereffective|p1a: Darkrai
|-damage|p1a: Darkrai|0 fnt
|faint|p1a: Darkrai
|
|win|DBest04
|raw|Kingdra all day's rating: 1612 &rarr; <strong>1590</strong><br />(-22 for losing)
|raw|DBest04's rating: 1580 &rarr; <strong>1602</strong><br />(+22 for winning)
|l|☆Kingdra all day
|player|p1|
|c|☆DBest04|Gg
|l|☆DBest04
|player|p2|
