|j|☆GoldenHer0
|j|☆sauceybake
|t:|1743819477
|gametype|singles
|player|p1|GoldenHer0|fantina|1130
|player|p2|sauceybake|riley|1130
|teamsize|p1|6
|teamsize|p2|6
|gen|9
|tier|[Gen 9] OU
|rated|
|rule|HP Percentage Mod: HP is shown in percentages
|rule|Endless Battle Clause: Forcing endless battles is banned
|rule|Species Clause: Limit one of each Pokémon
|rule|OHKO Clause: OHKO moves are banned
|rule|Evasion Items Clause: Evasion items are banned
|rule|Evasion Moves Clause: Evasion moves are banned
|rule|Sleep Moves Clause: Sleep-inducing moves are banned
|clearpoke
|poke|p1|Dondozo, F|
|poke|p1|Glimmora, M|
|poke|p1|Alomomola, F|
|poke|p1|Landorus-Therian, M|
|poke|p1|Cinderace, M|
|poke|p1|Dragapult, F|
|poke|p2|Marill, M|
|poke|p2|Mudkip, F|
|poke|p2|Flygon, F|
|poke|p2|Sandslash, M|
|poke|p2|Blastoise, M|
|poke|p2|Tyranitar, M|
|teampreview
|inactive|Battle timer is ON: inactive players will automatically lose when time's up. (requested by GoldenHer0)
|
|t:|1743819493
|start
|switch|p1a: Glimmora|Glimmora, M|100/100
|switch|p2a: Flygon|Flygon, F|100/100
|turn|1
|
|t:|1743819500
|move|p2a: Flygon|Earthquake|p1a: Glimmora
|-supereffective|p1a: Glimmora
|-enditem|p1a: Glimmora|Focus Sash
|-damage|p1a: Glimmora|1/100
|-activate|p1a: Glimmora|ability: Toxic Debris
|-sidestart|p2: sauceybake|move: Toxic Spikes
|move|p1a: Glimmora|Stealth Rock|p2a: Flygon
|-sidestart|p2: sauceybake|move: Stealth Rock
|
|upkeep
|turn|2
|
|t:|1743819507
|move|p2a: Flygon|Stealth Rock|p1a: Glimmora
|-sidestart|p1: GoldenHer0|move: Stealth Rock
|move|p1a: Glimmora|Spikes|p2a: Flygon
|-sidestart|p2: sauceybake|Spikes
|
|upkeep
|turn|3
|
|t:|1743819512
|move|p2a: Flygon|U-turn|p1a: Glimmora
|-resisted|p1a: Glimmora
|-damage|p1a: Glimmora|0 fnt
|-activate|p1a: Glimmora|ability: Toxic Debris
|-sidestart|p2: sauceybake|move: Toxic Spikes
|faint|p1a: Glimmora
|
|t:|1743819514
|switch|p2a: Sandslash|Sandslash, M|100/100|[from] U-turn
|-status|p2a: Sandslash|tox
|-damage|p2a: Sandslash|94/100 tox|[from] Stealth Rock
|-damage|p2a: Sandslash|82/100 tox|[from] Spikes
|
|-damage|p2a: Sandslash|76/100 tox|[from] psn
|upkeep
|
|t:|1743819537
|switch|p1a: Landorus|Landorus-Therian, M|100/100
|-damage|p1a: Landorus|88/100|[from] Stealth Rock
|-ability|p1a: Landorus|Intimidate|boost
|-unboost|p2a: Sandslash|atk|1
|turn|4
|
|t:|1743819544
|move|p1a: Landorus|Earthquake|p2a: Sandslash
|-damage|p2a: Sandslash|28/100 tox
|move|p2a: Sandslash|Rapid Spin|p1a: Landorus
|-damage|p1a: Landorus|77/100
|-boost|p2a: Sandslash|spe|1
|-sideend|p2: sauceybake|Spikes|[from] move: Rapid Spin|[of] p2a: Sandslash
|-sideend|p2: sauceybake|Toxic Spikes|[from] move: Rapid Spin|[of] p2a: Sandslash
|-sideend|p2: sauceybake|Stealth Rock|[from] move: Rapid Spin|[of] p2a: Sandslash
|
|-damage|p2a: Sandslash|15/100 tox|[from] psn
|upkeep
|turn|5
|
|t:|1743819550
|move|p1a: Landorus|U-turn|p2a: Sandslash
|-damage|p2a: Sandslash|0 fnt
|faint|p2a: Sandslash
|
|t:|1743819553
|switch|p1a: Cinderace|Cinderace, M|100/100|[from] U-turn
|
|upkeep
|
|t:|1743819568
|switch|p2a: Blastoise|Blastoise, M|100/100
|turn|6
|
|t:|1743819572
|move|p1a: Cinderace|Court Change|p1a: Cinderace
|-start|p1a: Cinderace|typechange|Normal|[from] ability: Libero
|-swapsideconditions
|-activate|p1a: Cinderace|move: Court Change
|move|p2a: Blastoise|Shell Smash|p2a: Blastoise
|-unboost|p2a: Blastoise|def|1
|-unboost|p2a: Blastoise|spd|1
|-boost|p2a: Blastoise|atk|2
|-boost|p2a: Blastoise|spa|2
|-boost|p2a: Blastoise|spe|2
|-enditem|p2a: Blastoise|White Herb
|-clearnegativeboost|p2a: Blastoise|[silent]
|
|upkeep
|turn|7
|
|t:|1743819577
|move|p2a: Blastoise|Surf|p1a: Cinderace
|-damage|p1a: Cinderace|0 fnt
|faint|p1a: Cinderace
|
|upkeep
|
|t:|1743819588
|switch|p1a: Dragapult|Dragapult, F|100/100
|turn|8
|
|t:|1743819593
|move|p2a: Blastoise|Ice Beam|p1a: Dragapult
|-supereffective|p1a: Dragapult
|-damage|p1a: Dragapult|0 fnt
|faint|p1a: Dragapult
|
|upkeep
|
|t:|1743819595
|switch|p1a: Dondozo|Dondozo, F|100/100
|turn|9
|
|t:|1743819598
|-terastallize|p2a: Blastoise|Electric
|move|p2a: Blastoise|Tera Blast|p1a: Dondozo|[anim] Tera Blast Electric
|-supereffective|p1a: Dondozo
|-damage|p1a: Dondozo|56/100
|move|p1a: Dondozo|Body Press|p2a: Blastoise
|-damage|p2a: Blastoise|78/100
|
|-heal|p1a: Dondozo|62/100|[from] item: Leftovers
|upkeep
|turn|10
|
|t:|1743819610
|move|p2a: Blastoise|Ice Beam|p1a: Dondozo
|-resisted|p1a: Dondozo
|-damage|p1a: Dondozo|54/100
|move|p1a: Dondozo|Body Press|p2a: Blastoise
|-crit|p2a: Blastoise
|-damage|p2a: Blastoise|45/100
|
|-heal|p1a: Dondozo|60/100|[from] item: Leftovers
|upkeep
|turn|11
|
|t:|1743819613
|move|p2a: Blastoise|Tera Blast|p1a: Dondozo|[anim] Tera Blast Electric
|-supereffective|p1a: Dondozo
|-damage|p1a: Dondozo|17/100
|move|p1a: Dondozo|Body Press|p2a: Blastoise
|-damage|p2a: Blastoise|21/100
|
|-heal|p1a: Dondozo|23/100|[from] item: Leftovers
|upkeep
|turn|12
|
|t:|1743819617
|move|p2a: Blastoise|Tera Blast|p1a: Dondozo|[anim] Tera Blast Electric
|-supereffective|p1a: Dondozo
|-damage|p1a: Dondozo|0 fnt
|faint|p1a: Dondozo
|
|upkeep
|
|t:|1743819623
|switch|p1a: Alomomola|Alomomola, F|100/100
|turn|13
|
|t:|1743819631
|move|p2a: Blastoise|Tera Blast|p1a: Alomomola|[anim] Tera Blast Electric
|-supereffective|p1a: Alomomola
|-damage|p1a: Alomomola|0 fnt
|faint|p1a: Alomomola
|
|upkeep
|
|t:|1743819633
|switch|p1a: Landorus|Landorus-Therian, M|77/100
|-ability|p1a: Landorus|Intimidate|boost
|-unboost|p2a: Blastoise|atk|1
|turn|14
|
|t:|1743819635
|move|p2a: Blastoise|Ice Beam|p1a: Landorus
|-supereffective|p1a: Landorus
|-damage|p1a: Landorus|0 fnt
|faint|p1a: Landorus
|
|win|sauceybake
|raw|GoldenHer0's rating: 1130 &rarr; <strong>1105</strong><br />(-25 for losing)
|raw|sauceybake's rating: 1130 &rarr; <strong>1155</strong><br />(+25 for winning)
|l|☆GoldenHer0
|player|p1|
