|j|☆ive77
|j|☆Esctasies
|t:|1743927720
|gametype|singles
|player|p1|ive77|bellelba|1157
|player|p2|Esctasies|101|1174
|teamsize|p1|6
|teamsize|p2|6
|gen|9
|tier|[Gen 9] OU
|rated|
|rule|HP Percentage Mod: HP is shown in percentages
|rule|Endless Battle Clause: Forcing endless battles is banned
|rule|Species Clause: Limit one of each Pokémon
|rule|OHKO Clause: OHKO moves are banned
|rule|Evasion Items Clause: Evasion items are banned
|rule|Evasion Moves Clause: Evasion moves are banned
|rule|Sleep Moves Clause: Sleep-inducing moves are banned
|clearpoke
|poke|p1|Torkoal, M|
|poke|p1|Walking Wake|
|poke|p1|Raging Bolt|
|poke|p1|Hatterene, F|
|poke|p1|Great Tusk|
|poke|p1|Corviknight, F|
|poke|p2|Thundurus, M|
|poke|p2|Ribombee, F|
|poke|p2|Rillaboom, F|
|poke|p2|Great Tusk|
|poke|p2|Samurott-Hisui, M|
|poke|p2|Slowking-Galar, F|
|teampreview
|
|t:|1743927738
|start
|switch|p1a: Torkoal|Torkoal, M|100/100
|switch|p2a: Ribombee|Ribombee, F|100/100
|-weather|SunnyDay|[from] ability: Drought|[of] p1a: Torkoal
|turn|1
|inactive|Battle timer is ON: inactive players will automatically lose when time's up. (requested by ive77)
|
|t:|1743927761
|move|p2a: Ribombee|Moonblast|p1a: Torkoal
|-resisted|p1a: Torkoal
|-damage|p1a: Torkoal|73/100
|move|p1a: Torkoal|Rapid Spin|p2a: Ribombee
|-damage|p2a: Ribombee|81/100
|-boost|p1a: Torkoal|spe|1
|
|-weather|SunnyDay|[upkeep]
|upkeep
|turn|2
|
|t:|1743927769
|move|p2a: Ribombee|Moonblast|p1a: Torkoal
|-resisted|p1a: Torkoal
|-crit|p1a: Torkoal
|-damage|p1a: Torkoal|34/100
|move|p1a: Torkoal|Stealth Rock|p2a: Ribombee
|-sidestart|p2: Esctasies|move: Stealth Rock
|
|-weather|SunnyDay|[upkeep]
|upkeep
|turn|3
|
|t:|1743927779
|switch|p1a: Corviknight|Corviknight, F|100/100
|-ability|p1a: Corviknight|Pressure
|move|p2a: Ribombee|Sticky Web|p1a: Corviknight
|-sidestart|p1: ive77|move: Sticky Web
|
|-weather|SunnyDay|[upkeep]
|upkeep
|turn|4
|
|t:|1743927788
|move|p2a: Ribombee|Switcheroo|p1a: Corviknight
|-activate|p2a: Ribombee|move: Trick|[of] p1a: Corviknight
|-item|p1a: Corviknight|Focus Sash|[from] move: Switcheroo
|-item|p2a: Ribombee|Covert Cloak|[from] move: Switcheroo
|move|p1a: Corviknight|U-turn|p2a: Ribombee
|-resisted|p2a: Ribombee
|-damage|p2a: Ribombee|66/100
|
|t:|1743927813
|switch|p1a: Torkoal|Torkoal, M|34/100|[from] U-turn
|-activate|p1a: Torkoal|move: Sticky Web
|-unboost|p1a: Torkoal|spe|1
|
|-weather|SunnyDay|[upkeep]
|upkeep
|turn|5
|
|t:|1743927819
|move|p2a: Ribombee|Moonblast|p1a: Torkoal
|-resisted|p1a: Torkoal
|-damage|p1a: Torkoal|7/100
|move|p1a: Torkoal|Rapid Spin|p2a: Ribombee
|-damage|p2a: Ribombee|45/100
|-boost|p1a: Torkoal|spe|1
|-sideend|p1: ive77|Sticky Web|[from] move: Rapid Spin|[of] p1a: Torkoal
|
|-weather|SunnyDay|[upkeep]
|upkeep
|turn|6
|inactive|ive77 has 120 seconds left.
|
|t:|1743927854
|move|p2a: Ribombee|Sticky Web|p1a: Torkoal
|-sidestart|p1: ive77|move: Sticky Web
|move|p1a: Torkoal|Rapid Spin|p2a: Ribombee
|-damage|p2a: Ribombee|24/100
|-boost|p1a: Torkoal|spe|1
|-sideend|p1: ive77|Sticky Web|[from] move: Rapid Spin|[of] p1a: Torkoal
|
|-weather|SunnyDay|[upkeep]
|upkeep
|turn|7
|inactive|ive77 has 120 seconds left.
|
|t:|1743927877
|switch|p1a: Great Tusk|Great Tusk|100/100
|-activate|p1a: Great Tusk|ability: Protosynthesis
|-start|p1a: Great Tusk|protosynthesisatk
|move|p2a: Ribombee|Moonblast|p1a: Great Tusk
|-supereffective|p1a: Great Tusk
|-damage|p1a: Great Tusk|0 fnt
|faint|p1a: Great Tusk
|-end|p1a: Great Tusk|Protosynthesis|[silent]
|
|-weather|SunnyDay|[upkeep]
|upkeep
|
|t:|1743927885
|switch|p1a: Walking Wake|Walking Wake|100/100
|-activate|p1a: Walking Wake|ability: Protosynthesis
|-start|p1a: Walking Wake|protosynthesisspe
|turn|8
|
|t:|1743927907
|switch|p2a: Slowking|Slowking-Galar, F|100/100
|-damage|p2a: Slowking|88/100|[from] Stealth Rock
|move|p1a: Walking Wake|Hydro Steam|p2a: Slowking
|-damage|p2a: Slowking|28/100
|
|-weather|none
|-end|p1a: Walking Wake|Protosynthesis
|-heal|p2a: Slowking|34/100|[from] item: Leftovers
|upkeep
|turn|9
|
|t:|1743927927
|-end|p1a: Walking Wake|Protosynthesis|[silent]
|switch|p1a: Corviknight|Corviknight, F|100/100
|-ability|p1a: Corviknight|Pressure
|-prepare|p2a: Slowking|Chilly Reception|[premajor]
|move|p2a: Slowking|Chilly Reception|p2a: Slowking
|-weather|Snowscape
|
|t:|1743927942
|switch|p2a: Great Tusk|Great Tusk|100/100|[from] Chilly Reception
|
|-weather|Snowscape|[upkeep]
|upkeep
|turn|10
|inactive|ive77 has 120 seconds left.
|
|t:|1743927951
|move|p2a: Great Tusk|Rapid Spin|p1a: Corviknight
|-resisted|p1a: Corviknight
|-damage|p1a: Corviknight|95/100
|-boost|p2a: Great Tusk|spe|1
|-sideend|p2: Esctasies|Stealth Rock|[from] move: Rapid Spin|[of] p2a: Great Tusk
|move|p1a: Corviknight|U-turn|p2a: Great Tusk
|-resisted|p2a: Great Tusk
|-damage|p2a: Great Tusk|96/100
|inactive|ive77 has 120 seconds left.
|
|t:|1743927957
|switch|p1a: Torkoal|Torkoal, M|7/100|[from] U-turn
|-weather|SunnyDay|[from] ability: Drought|[of] p1a: Torkoal
|-activate|p2a: Great Tusk|ability: Protosynthesis
|-start|p2a: Great Tusk|protosynthesisspe
|
|-weather|SunnyDay|[upkeep]
|upkeep
|turn|11
|
|t:|1743927963
|move|p2a: Great Tusk|Rapid Spin|p1a: Torkoal
|-damage|p1a: Torkoal|0 fnt
|-boost|p2a: Great Tusk|spe|1
|faint|p1a: Torkoal
|
|-weather|SunnyDay|[upkeep]
|upkeep
|
|t:|1743927975
|switch|p1a: Walking Wake|Walking Wake|100/100
|-activate|p1a: Walking Wake|ability: Protosynthesis
|-start|p1a: Walking Wake|protosynthesisspe
|turn|12
|
|t:|1743927983
|-terastallize|p2a: Great Tusk|Water
|-terastallize|p1a: Walking Wake|Water
|move|p2a: Great Tusk|Knock Off|p1a: Walking Wake
|-damage|p1a: Walking Wake|62/100
|-enditem|p1a: Walking Wake|Choice Specs|[from] move: Knock Off|[of] p2a: Great Tusk
|move|p1a: Walking Wake|Hydro Steam|p2a: Great Tusk
|-resisted|p2a: Great Tusk
|-damage|p2a: Great Tusk|33/100
|
|-weather|SunnyDay|[upkeep]
|upkeep
|turn|13
|
|t:|1743927998
|move|p2a: Great Tusk|Close Combat|p1a: Walking Wake
|-damage|p1a: Walking Wake|0 fnt
|-unboost|p2a: Great Tusk|def|1
|-unboost|p2a: Great Tusk|spd|1
|faint|p1a: Walking Wake
|-end|p1a: Walking Wake|Protosynthesis|[silent]
|
|-weather|SunnyDay|[upkeep]
|upkeep
|
|t:|1743928004
|switch|p1a: Raging Bolt|Raging Bolt|100/100
|-item|p1a: Raging Bolt|Air Balloon
|-activate|p1a: Raging Bolt|ability: Protosynthesis
|-start|p1a: Raging Bolt|protosynthesisspa
|turn|14
|
|t:|1743928009
|move|p1a: Raging Bolt|Thunderclap|p2a: Great Tusk
|-supereffective|p2a: Great Tusk
|-damage|p2a: Great Tusk|0 fnt
|faint|p2a: Great Tusk
|-end|p2a: Great Tusk|Protosynthesis|[silent]
|
|-weather|SunnyDay|[upkeep]
|upkeep
|
|t:|1743928022
|switch|p2a: Ribombee|Ribombee, F|24/100
|turn|15
|
|t:|1743928032
|move|p2a: Ribombee|Moonblast|p1a: Raging Bolt
|-supereffective|p1a: Raging Bolt
|-damage|p1a: Raging Bolt|35/100
|-unboost|p1a: Raging Bolt|spa|1
|-enditem|p1a: Raging Bolt|Air Balloon
|move|p1a: Raging Bolt|Weather Ball|p2a: Ribombee
|-supereffective|p2a: Ribombee
|-damage|p2a: Ribombee|0 fnt
|faint|p2a: Ribombee
|
|-weather|SunnyDay|[upkeep]
|upkeep
|
|t:|1743928042
|switch|p2a: Slowking|Slowking-Galar, F|67/100
|turn|16
|
|t:|1743928046
|move|p1a: Raging Bolt|Volt Switch|p2a: Slowking
|-damage|p2a: Slowking|44/100
|
|t:|1743928048
|-end|p1a: Raging Bolt|Protosynthesis|[silent]
|switch|p1a: Corviknight|Corviknight, F|95/100|[from] Volt Switch
|-ability|p1a: Corviknight|Pressure
|-prepare|p2a: Slowking|Chilly Reception|[premajor]
|move|p2a: Slowking|Chilly Reception|p2a: Slowking
|-weather|Snowscape
|
|t:|1743928073
|switch|p2a: Rillaboom|Rillaboom, F|100/100|[from] Chilly Reception
|-fieldstart|move: Grassy Terrain|[from] ability: Grassy Surge|[of] p2a: Rillaboom
|
|-weather|Snowscape|[upkeep]
|upkeep
|turn|17
|
|t:|1743928078
|move|p2a: Rillaboom|Knock Off|p1a: Corviknight
|-damage|p1a: Corviknight|63/100
|-enditem|p1a: Corviknight|Focus Sash|[from] move: Knock Off|[of] p2a: Rillaboom
|move|p1a: Corviknight|Iron Defense|p1a: Corviknight
|-boost|p1a: Corviknight|def|2
|
|-weather|Snowscape|[upkeep]
|upkeep
|turn|18
|
|t:|1743928094
|switch|p2a: Samurott|Samurott-Hisui, M|100/100
|move|p1a: Corviknight|Roost|p1a: Corviknight
|-heal|p1a: Corviknight|100/100
|-singleturn|p1a: Corviknight|move: Roost
|
|-weather|Snowscape|[upkeep]
|upkeep
|turn|19
|
|t:|1743928103
|move|p2a: Samurott|Sacred Sword|p1a: Corviknight
|-damage|p1a: Corviknight|75/100
|move|p1a: Corviknight|Body Press|p2a: Samurott
|-supereffective|p2a: Samurott
|-damage|p2a: Samurott|0 fnt
|faint|p2a: Samurott
|
|-weather|Snowscape|[upkeep]
|upkeep
|
|t:|1743928109
|switch|p2a: Thundurus|Thundurus, M|100/100
|turn|20
|-message|ive77 forfeited.
|
|win|Esctasies
|raw|ive77's rating: 1157 &rarr; <strong>1133</strong><br />(-24 for losing)
|raw|Esctasies's rating: 1174 &rarr; <strong>1198</strong><br />(+24 for winning)
|l|☆ive77
|player|p1|
|l|☆Esctasies
|player|p2|
