|j|☆d4ni3lb3rry
|j|☆Ball17
|t:|1743828308
|gametype|singles
|player|p1|d4ni3lb3rry|aaron|1106
|player|p2|Ball17|102|1153
|teamsize|p1|6
|teamsize|p2|6
|gen|9
|tier|[Gen 9] OU
|rated|
|rule|HP Percentage Mod: HP is shown in percentages
|rule|Endless Battle Clause: Forcing endless battles is banned
|rule|Species Clause: Limit one of each Pokémon
|rule|OHKO Clause: OHKO moves are banned
|rule|Evasion Items Clause: Evasion items are banned
|rule|Evasion Moves Clause: Evasion moves are banned
|rule|Sleep Moves Clause: Sleep-inducing moves are banned
|clearpoke
|poke|p1|Glimmora, F|
|poke|p1|Kyurem|
|poke|p1|Dragonite, M|
|poke|p1|Hoopa-Unbound|
|poke|p1|Azumarill, F|
|poke|p1|Cinderace, F|
|poke|p2|Barraskewda, M|
|poke|p2|Delibird, F|
|poke|p2|Hatterene, F|
|poke|p2|Infernape, M|
|poke|p2|Orthworm, F|
|poke|p2|Iron Hands|
|teampreview
|inactive|Battle timer is ON: inactive players will automatically lose when time's up. (requested by d4ni3lb3rry)
|
|t:|1743828318
|start
|switch|p1a: Glimmora|Glimmora, F|100/100
|switch|p2a: Barraskewda|Barraskewda, M|100/100
|turn|1
|
|t:|1743828325
|move|p2a: Barraskewda|Flip Turn|p1a: Glimmora
|-supereffective|p1a: Glimmora
|-enditem|p1a: Glimmora|Focus Sash
|-damage|p1a: Glimmora|1/100
|-activate|p1a: Glimmora|ability: Toxic Debris
|-sidestart|p2: Ball17|move: Toxic Spikes
|
|t:|1743828331
|switch|p2a: Delibird|Delibird, F|100/100|[from] Flip Turn
|move|p1a: Glimmora|Stealth Rock|p2a: Delibird
|-sidestart|p2: Ball17|move: Stealth Rock
|
|upkeep
|turn|2
|
|t:|1743828337
|move|p1a: Glimmora|Spikes|p2a: Delibird
|-sidestart|p2: Ball17|Spikes
|move|p2a: Delibird|Rapid Spin|p1a: Glimmora|[miss]
|-miss|p2a: Delibird|p1a: Glimmora
|
|upkeep
|turn|3
|
|t:|1743828341
|move|p1a: Glimmora|Memento|p2a: Delibird
|-unboost|p2a: Delibird|atk|2
|-unboost|p2a: Delibird|spa|2
|faint|p1a: Glimmora
|move|p2a: Delibird|Rapid Spin|p1: Glimmora|[notarget]
|-fail|p2a: Delibird
|
|upkeep
|
|t:|1743828351
|switch|p1a: Cinderace|Cinderace, F|100/100
|turn|4
|
|t:|1743828353
|move|p1a: Cinderace|Pyro Ball|p2a: Delibird
|-supereffective|p2a: Delibird
|-damage|p2a: Delibird|0 fnt
|faint|p2a: Delibird
|
|upkeep
|
|t:|1743828358
|switch|p2a: Barraskewda|Barraskewda, M|100/100
|-status|p2a: Barraskewda|psn
|-damage|p2a: Barraskewda|88/100 psn|[from] Stealth Rock
|-damage|p2a: Barraskewda|76/100 psn|[from] Spikes
|turn|5
|
|t:|1743828364
|switch|p1a: Azumarill|Azumarill, F|100/100
|move|p2a: Barraskewda|Liquidation|p1a: Azumarill
|-resisted|p1a: Azumarill
|-damage|p1a: Azumarill|67/100
|
|-heal|p1a: Azumarill|73/100|[from] item: Leftovers
|-damage|p2a: Barraskewda|64/100 psn|[from] psn
|upkeep
|turn|6
|
|t:|1743828375
|switch|p2a: Iron Hands|Iron Hands|100/100
|-status|p2a: Iron Hands|psn
|-damage|p2a: Iron Hands|94/100 psn|[from] Stealth Rock
|-damage|p2a: Iron Hands|82/100 psn|[from] Spikes
|move|p1a: Azumarill|Play Rough|p2a: Iron Hands
|-supereffective|p2a: Iron Hands
|-damage|p2a: Iron Hands|8/100 psn
|
|-heal|p1a: Azumarill|79/100|[from] item: Leftovers
|-damage|p2a: Iron Hands|0 fnt|[from] psn
|faint|p2a: Iron Hands
|-end|p2a: Iron Hands|Quark Drive|[silent]
|upkeep
|
|t:|1743828384
|switch|p2a: Orthworm|Orthworm, F|100/100
|-damage|p2a: Orthworm|94/100|[from] Stealth Rock
|-damage|p2a: Orthworm|82/100|[from] Spikes
|turn|7
|
|t:|1743828393
|switch|p1a: Cinderace|Cinderace, F|100/100
|move|p2a: Orthworm|Coil|p2a: Orthworm
|-boost|p2a: Orthworm|atk|1
|-boost|p2a: Orthworm|def|1
|-boost|p2a: Orthworm|accuracy|1
|
|-heal|p2a: Orthworm|88/100|[from] item: Leftovers
|upkeep
|turn|8
|
|t:|1743828397
|move|p1a: Cinderace|Pyro Ball|p2a: Orthworm
|-supereffective|p2a: Orthworm
|-damage|p2a: Orthworm|35/100
|move|p2a: Orthworm|Earthquake|p1a: Cinderace
|-supereffective|p1a: Cinderace
|-damage|p1a: Cinderace|0 fnt
|faint|p1a: Cinderace
|
|-heal|p2a: Orthworm|41/100|[from] item: Leftovers
|upkeep
|
|t:|1743828404
|switch|p1a: Dragonite|Dragonite, M|100/100
|turn|9
|
|t:|1743828410
|move|p1a: Dragonite|Earthquake|p2a: Orthworm
|-heal|p2a: Orthworm|66/100|[from] ability: Earth Eater|[of] p1a: Dragonite
|move|p2a: Orthworm|Iron Head|p1a: Dragonite
|-damage|p1a: Dragonite|72/100
|
|-heal|p1a: Dragonite|79/100|[from] item: Leftovers
|-heal|p2a: Orthworm|72/100|[from] item: Leftovers
|upkeep
|turn|10
|
|t:|1743828416
|move|p1a: Dragonite|Dragon Dance|p1a: Dragonite
|-boost|p1a: Dragonite|atk|1
|-boost|p1a: Dragonite|spe|1
|move|p2a: Orthworm|Coil|p2a: Orthworm
|-boost|p2a: Orthworm|atk|1
|-boost|p2a: Orthworm|def|1
|-boost|p2a: Orthworm|accuracy|1
|
|-heal|p1a: Dragonite|85/100|[from] item: Leftovers
|-heal|p2a: Orthworm|78/100|[from] item: Leftovers
|upkeep
|turn|11
|
|t:|1743828420
|move|p1a: Dragonite|Dragon Dance|p1a: Dragonite
|-boost|p1a: Dragonite|atk|1
|-boost|p1a: Dragonite|spe|1
|move|p2a: Orthworm|Coil|p2a: Orthworm
|-boost|p2a: Orthworm|atk|1
|-boost|p2a: Orthworm|def|1
|-boost|p2a: Orthworm|accuracy|1
|
|-heal|p1a: Dragonite|91/100|[from] item: Leftovers
|-heal|p2a: Orthworm|84/100|[from] item: Leftovers
|upkeep
|turn|12
|
|t:|1743828423
|-terastallize|p1a: Dragonite|Dragon
|move|p1a: Dragonite|Outrage|p2a: Orthworm
|-resisted|p2a: Orthworm
|-damage|p2a: Orthworm|58/100
|move|p2a: Orthworm|Coil|p2a: Orthworm
|-boost|p2a: Orthworm|atk|1
|-boost|p2a: Orthworm|def|1
|-boost|p2a: Orthworm|accuracy|1
|
|-heal|p1a: Dragonite|97/100|[from] item: Leftovers
|-heal|p2a: Orthworm|64/100|[from] item: Leftovers
|upkeep
|turn|13
|
|t:|1743828432
|move|p1a: Dragonite|Outrage|p2a: Orthworm|[from] lockedmove
|-resisted|p2a: Orthworm
|-damage|p2a: Orthworm|42/100
|-start|p1a: Dragonite|confusion|[fatigue]
|move|p2a: Orthworm|Body Press|p1a: Dragonite
|-damage|p1a: Dragonite|13/100
|
|-heal|p1a: Dragonite|19/100|[from] item: Leftovers
|-heal|p2a: Orthworm|49/100|[from] item: Leftovers
|upkeep
|turn|14
|
|t:|1743828443
|-activate|p1a: Dragonite|confusion
|move|p1a: Dragonite|Outrage|p2a: Orthworm
|-resisted|p2a: Orthworm
|-damage|p2a: Orthworm|26/100
|move|p2a: Orthworm|Body Press|p1a: Dragonite
|-damage|p1a: Dragonite|0 fnt
|faint|p1a: Dragonite
|
|-heal|p2a: Orthworm|33/100|[from] item: Leftovers
|upkeep
|
|t:|1743828449
|switch|p1a: Kyurem|Kyurem|100/100
|-ability|p1a: Kyurem|Pressure
|turn|15
|
|t:|1743828462
|move|p1a: Kyurem|Ice Beam|p2a: Orthworm
|-resisted|p2a: Orthworm
|-damage|p2a: Orthworm|0 fnt
|faint|p2a: Orthworm
|
|upkeep
|
|t:|1743828467
|switch|p2a: Infernape|Infernape, M|100/100
|-status|p2a: Infernape|psn
|-damage|p2a: Infernape|88/100 psn|[from] Stealth Rock
|-damage|p2a: Infernape|76/100 psn|[from] Spikes
|turn|16
|
|t:|1743828476
|move|p2a: Infernape|Drain Punch|p1a: Kyurem
|-supereffective|p1a: Kyurem
|-damage|p1a: Kyurem|0 fnt
|-heal|p2a: Infernape|100/100 psn|[from] drain|[of] p1a: Kyurem
|faint|p1a: Kyurem
|
|-damage|p2a: Infernape|88/100 psn|[from] psn
|upkeep
|
|t:|1743828479
|switch|p1a: Azumarill|Azumarill, F|79/100
|turn|17
|
|t:|1743828484
|-terastallize|p2a: Infernape|Fire
|move|p1a: Azumarill|Aqua Jet|p2a: Infernape
|-supereffective|p2a: Infernape
|-crit|p2a: Infernape
|-damage|p2a: Infernape|0 fnt
|faint|p2a: Infernape
|
|-heal|p1a: Azumarill|85/100|[from] item: Leftovers
|upkeep
|
|t:|1743828498
|switch|p2a: Hatterene|Hatterene, F|100/100
|-status|p2a: Hatterene|psn
|-damage|p2a: Hatterene|88/100 psn|[from] Stealth Rock
|-damage|p2a: Hatterene|76/100 psn|[from] Spikes
|turn|18
|
|t:|1743828510
|move|p1a: Azumarill|Knock Off|p2a: Hatterene
|-damage|p2a: Hatterene|27/100 psn
|-enditem|p2a: Hatterene|Focus Sash|[from] move: Knock Off|[of] p1a: Azumarill
|move|p2a: Hatterene|Trick Room|p2a: Hatterene
|-fieldstart|move: Trick Room|[of] p2a: Hatterene
|
|-heal|p1a: Azumarill|91/100|[from] item: Leftovers
|-damage|p2a: Hatterene|15/100 psn|[from] psn
|upkeep
|turn|19
|
|t:|1743828518
|move|p1a: Azumarill|Aqua Jet|p2a: Hatterene
|-damage|p2a: Hatterene|0 fnt
|faint|p2a: Hatterene
|
|-heal|p1a: Azumarill|98/100|[from] item: Leftovers
|upkeep
|
|t:|1743828520
|switch|p2a: Barraskewda|Barraskewda, M|64/100 psn
|-damage|p2a: Barraskewda|52/100 psn|[from] Stealth Rock
|-damage|p2a: Barraskewda|40/100 psn|[from] Spikes
|turn|20
|
|t:|1743828527
|move|p1a: Azumarill|Knock Off|p2a: Barraskewda
|-damage|p2a: Barraskewda|0 fnt
|-enditem|p2a: Barraskewda|Choice Band|[from] move: Knock Off|[of] p1a: Azumarill
|faint|p2a: Barraskewda
|
|win|d4ni3lb3rry
|raw|d4ni3lb3rry's rating: 1106 &rarr; <strong>1134</strong><br />(+28 for winning)
|raw|Ball17's rating: 1153 &rarr; <strong>1125</strong><br />(-28 for losing)
|l|☆Ball17
|player|p2|
|l|☆d4ni3lb3rry
|player|p1|
