|j|☆slk n compensa
|j|☆DrakeDoesGamez
|t:|1743918408
|gametype|singles
|player|p1|slk n compensa|lady|1103
|player|p2|DrakeDoesGamez|169|1120
|teamsize|p1|6
|teamsize|p2|6
|gen|9
|tier|[Gen 9] OU
|rated|
|rule|HP Percentage Mod: HP is shown in percentages
|rule|Endless Battle Clause: Forcing endless battles is banned
|rule|Species Clause: Limit one of each Pokémon
|rule|OHKO Clause: OHKO moves are banned
|rule|Evasion Items Clause: Evasion items are banned
|rule|Evasion Moves Clause: Evasion moves are banned
|rule|Sleep Moves Clause: Sleep-inducing moves are banned
|clearpoke
|poke|p1|Tauros-Paldea-Blaze, M|
|poke|p1|Kingambit, M|
|poke|p1|Ting-Lu|
|poke|p1|Pecharunt|
|poke|p1|Ogerpon-Wellspring, F|
|poke|p1|Great Tusk|
|poke|p2|Ceruledge, F|
|poke|p2|Gliscor, M|
|poke|p2|Zamazenta-*|
|poke|p2|Slowking-Galar, F|
|poke|p2|Kingambit, M|
|poke|p2|Primarina, M|
|teampreview
|inactive|Battle timer is ON: inactive players will automatically lose when time's up. (requested by slk n compensa)
|
|t:|1743918430
|start
|switch|p1a: Ting-Lu|Ting-Lu|100/100
|switch|p2a: Slowking|Slowking-Galar, F|100/100
|-ability|p1a: Ting-Lu|Vessel of Ruin
|turn|1
|
|t:|1743918445
|switch|p2a: Gliscor|Gliscor, M|100/100
|move|p1a: Ting-Lu|Stealth Rock|p2a: Gliscor
|-sidestart|p2: DrakeDoesGamez|move: Stealth Rock
|
|-status|p2a: Gliscor|tox|[from] item: Toxic Orb
|upkeep
|turn|2
|
|t:|1743918449
|move|p2a: Gliscor|Stealth Rock|p1a: Ting-Lu
|-sidestart|p1: slk n compensa|move: Stealth Rock
|move|p1a: Ting-Lu|Ruination|p2a: Gliscor
|-damage|p2a: Gliscor|50/100 tox
|
|-heal|p2a: Gliscor|63/100 tox|[from] ability: Poison Heal
|upkeep
|turn|3
|
|t:|1743918459
|move|p2a: Gliscor|U-turn|p1a: Ting-Lu
|-supereffective|p1a: Ting-Lu
|-damage|p1a: Ting-Lu|75/100
|
|t:|1743918462
|switch|p2a: Primarina|Primarina, M|100/100|[from] U-turn
|-damage|p2a: Primarina|88/100|[from] Stealth Rock
|move|p1a: Ting-Lu|Whirlwind|p2a: Primarina
|drag|p2a: Gliscor|Gliscor, M|63/100 tox
|-damage|p2a: Gliscor|50/100 tox|[from] Stealth Rock
|
|-heal|p1a: Ting-Lu|82/100|[from] item: Leftovers
|-heal|p2a: Gliscor|63/100 tox|[from] ability: Poison Heal
|upkeep
|turn|4
|
|t:|1743918473
|move|p2a: Gliscor|U-turn|p1a: Ting-Lu
|-supereffective|p1a: Ting-Lu
|-damage|p1a: Ting-Lu|60/100
|
|t:|1743918476
|switch|p2a: Zamazenta|Zamazenta|100/100|[from] U-turn
|-damage|p2a: Zamazenta|94/100|[from] Stealth Rock
|-ability|p2a: Zamazenta|Dauntless Shield|boost
|-boost|p2a: Zamazenta|def|1
|move|p1a: Ting-Lu|Ruination|p2a: Zamazenta
|-damage|p2a: Zamazenta|47/100
|
|-heal|p1a: Ting-Lu|66/100|[from] item: Leftovers
|upkeep
|turn|5
|
|t:|1743918488
|switch|p1a: Pecharunt|Pecharunt|100/100
|move|p2a: Zamazenta|Iron Head|p1a: Pecharunt
|-damage|p1a: Pecharunt|86/100
|
|upkeep
|turn|6
|
|t:|1743918509
|switch|p2a: Kingambit|Kingambit, M|100/100
|-damage|p2a: Kingambit|94/100|[from] Stealth Rock
|move|p1a: Pecharunt|Malignant Chain|p2a: Kingambit
|-immune|p2a: Kingambit
|
|upkeep
|turn|7
|
|t:|1743918516
|move|p1a: Pecharunt|Parting Shot|p2a: Kingambit
|-unboost|p2a: Kingambit|atk|1
|-unboost|p2a: Kingambit|spa|1
|
|t:|1743918542
|switch|p1a: Tauros|Tauros-Paldea-Blaze, M|100/100|[from] Parting Shot
|-damage|p1a: Tauros|88/100|[from] Stealth Rock
|-ability|p1a: Tauros|Intimidate|boost
|-unboost|p2a: Kingambit|atk|1
|move|p2a: Kingambit|Swords Dance|p2a: Kingambit
|-boost|p2a: Kingambit|atk|2
|
|upkeep
|turn|8
|
|t:|1743918556
|-end|p2a: Kingambit|fallenundefined|[silent]
|switch|p2a: Slowking|Slowking-Galar, F|100/100
|-damage|p2a: Slowking|88/100|[from] Stealth Rock
|move|p1a: Tauros|Raging Bull|p2a: Slowking
|-damage|p2a: Slowking|26/100
|
|-heal|p2a: Slowking|32/100|[from] item: Leftovers
|upkeep
|turn|9
|
|t:|1743918563
|switch|p2a: Primarina|Primarina, M|88/100
|-damage|p2a: Primarina|76/100|[from] Stealth Rock
|move|p1a: Tauros|Raging Bull|p2a: Primarina
|-resisted|p2a: Primarina
|-damage|p2a: Primarina|36/100
|
|upkeep
|turn|10
|
|t:|1743918572
|move|p1a: Tauros|Raging Bull|p2a: Primarina
|-resisted|p2a: Primarina
|-damage|p2a: Primarina|0 fnt
|faint|p2a: Primarina
|
|upkeep
|
|t:|1743918577
|switch|p2a: Gliscor|Gliscor, M|63/100 tox
|-damage|p2a: Gliscor|50/100 tox|[from] Stealth Rock
|turn|11
|
|t:|1743918592
|switch|p1a: Ogerpon|Ogerpon-Wellspring, F|100/100
|-damage|p1a: Ogerpon|88/100|[from] Stealth Rock
|move|p2a: Gliscor|Earthquake|p1a: Ogerpon
|-resisted|p1a: Ogerpon
|-damage|p1a: Ogerpon|59/100
|
|-heal|p2a: Gliscor|63/100 tox|[from] ability: Poison Heal
|upkeep
|turn|12
|
|t:|1743918617
|switch|p2a: Kingambit|Kingambit, M|94/100
|-damage|p2a: Kingambit|88/100|[from] Stealth Rock
|-activate|p2a: Kingambit|ability: Supreme Overlord
|-start|p2a: Kingambit|fallen1|[silent]
|move|p1a: Ogerpon|Swords Dance|p1a: Ogerpon
|-boost|p1a: Ogerpon|atk|2
|
|upkeep
|turn|13
|
|t:|1743918629
|move|p2a: Kingambit|Sucker Punch|p1a: Ogerpon
|-damage|p1a: Ogerpon|0 fnt
|faint|p1a: Ogerpon
|-damage|p2a: Kingambit|78/100|[from] item: Life Orb
|
|upkeep
|inactive|slk n compensa has 120 seconds left.
|
|t:|1743918641
|switch|p1a: Tauros|Tauros-Paldea-Blaze, M|88/100
|-damage|p1a: Tauros|76/100|[from] Stealth Rock
|-ability|p1a: Tauros|Intimidate|boost
|-unboost|p2a: Kingambit|atk|1
|turn|14
|
|t:|1743918649
|-end|p2a: Kingambit|fallen1|[silent]
|switch|p2a: Ceruledge|Ceruledge, F|100/100
|-damage|p2a: Ceruledge|76/100|[from] Stealth Rock
|move|p1a: Tauros|Raging Bull|p2a: Ceruledge
|-start|p2a: Ceruledge|ability: Flash Fire
|
|upkeep
|turn|15
|inactive|slk n compensa has 120 seconds left.
|
|t:|1743918675
|switch|p1a: Ting-Lu|Ting-Lu|66/100
|-damage|p1a: Ting-Lu|60/100|[from] Stealth Rock
|-ability|p1a: Ting-Lu|Vessel of Ruin
|move|p2a: Ceruledge|Bitter Blade|p1a: Ting-Lu
|-damage|p1a: Ting-Lu|23/100
|-heal|p2a: Ceruledge|100/100|[from] drain|[of] p1a: Ting-Lu
|
|-heal|p1a: Ting-Lu|29/100|[from] item: Leftovers
|upkeep
|turn|16
|inactive|slk n compensa has 120 seconds left.
|
|t:|1743918687
|move|p2a: Ceruledge|Bitter Blade|p1a: Ting-Lu
|-damage|p1a: Ting-Lu|0 fnt
|faint|p1a: Ting-Lu
|
|upkeep
|
|t:|1743918690
|switch|p1a: Great Tusk|Great Tusk|100/100
|turn|17
|inactive|slk n compensa has 120 seconds left.
|
|t:|1743918700
|-end|p2a: Ceruledge|ability: Flash Fire|[silent]
|switch|p2a: Gliscor|Gliscor, M|63/100 tox
|-damage|p2a: Gliscor|50/100 tox|[from] Stealth Rock
|move|p1a: Great Tusk|Headlong Rush|p2a: Gliscor
|-immune|p2a: Gliscor
|
|-heal|p2a: Gliscor|63/100 tox|[from] ability: Poison Heal
|upkeep
|turn|18
|
|t:|1743918708
|move|p1a: Great Tusk|Ice Spinner|p2a: Gliscor
|-supereffective|p2a: Gliscor
|-damage|p2a: Gliscor|0 fnt
|faint|p2a: Gliscor
|
|upkeep
|
|t:|1743918716
|switch|p2a: Zamazenta|Zamazenta|47/100
|-damage|p2a: Zamazenta|41/100|[from] Stealth Rock
|turn|19
|
|t:|1743918721
|move|p2a: Zamazenta|Play Rough|p1a: Great Tusk
|-supereffective|p1a: Great Tusk
|-damage|p1a: Great Tusk|50/100
|move|p1a: Great Tusk|Headlong Rush|p2a: Zamazenta
|-damage|p2a: Zamazenta|0 fnt
|-unboost|p1a: Great Tusk|def|1
|-unboost|p1a: Great Tusk|spd|1
|-damage|p1a: Great Tusk|33/100|[from] item: Rocky Helmet|[of] p2a: Zamazenta
|faint|p2a: Zamazenta
|
|upkeep
|
|t:|1743918728
|switch|p2a: Ceruledge|Ceruledge, F|100/100
|-damage|p2a: Ceruledge|76/100|[from] Stealth Rock
|turn|20
|
|t:|1743918739
|-end|p1a: Great Tusk|Protosynthesis|[silent]
|switch|p1a: Tauros|Tauros-Paldea-Blaze, M|76/100
|-damage|p1a: Tauros|63/100|[from] Stealth Rock
|-ability|p1a: Tauros|Intimidate|boost
|-unboost|p2a: Ceruledge|atk|1
|move|p2a: Ceruledge|Poltergeist|p1a: Tauros
|-activate|p1a: Tauros|move: Poltergeist|Choice Band
|-damage|p1a: Tauros|22/100
|
|upkeep
|turn|21
|
|t:|1743918749
|move|p2a: Ceruledge|Poltergeist|p1a: Tauros
|-activate|p1a: Tauros|move: Poltergeist|Choice Band
|-damage|p1a: Tauros|0 fnt
|faint|p1a: Tauros
|
|upkeep
|
|t:|1743918757
|switch|p1a: Kingambit|Kingambit, M|100/100
|-damage|p1a: Kingambit|94/100|[from] Stealth Rock
|-activate|p1a: Kingambit|ability: Supreme Overlord
|-start|p1a: Kingambit|fallen3|[silent]
|-item|p1a: Kingambit|Air Balloon
|turn|22
|
|t:|1743918769
|switch|p2a: Kingambit|Kingambit, M|78/100
|-damage|p2a: Kingambit|72/100|[from] Stealth Rock
|-activate|p2a: Kingambit|ability: Supreme Overlord
|-start|p2a: Kingambit|fallen3|[silent]
|move|p1a: Kingambit|Swords Dance|p1a: Kingambit
|-boost|p1a: Kingambit|atk|2
|
|upkeep
|turn|23
|
|t:|1743918778
|move|p1a: Kingambit|Low Kick|p2a: Kingambit
|-supereffective|p2a: Kingambit
|-damage|p2a: Kingambit|0 fnt
|faint|p2a: Kingambit
|-end|p2a: Kingambit|fallen3|[silent]
|
|upkeep
|
|t:|1743918781
|switch|p2a: Slowking|Slowking-Galar, F|65/100
|-damage|p2a: Slowking|53/100|[from] Stealth Rock
|turn|24
|
|t:|1743918786
|move|p1a: Kingambit|Kowtow Cleave|p2a: Slowking
|-supereffective|p2a: Slowking
|-damage|p2a: Slowking|0 fnt
|faint|p2a: Slowking
|
|upkeep
|
|t:|1743918788
|switch|p2a: Ceruledge|Ceruledge, F|76/100
|-damage|p2a: Ceruledge|51/100|[from] Stealth Rock
|turn|25
|
|t:|1743918794
|move|p1a: Kingambit|Sucker Punch|p2a: Ceruledge
|-supereffective|p2a: Ceruledge
|-damage|p2a: Ceruledge|0 fnt
|faint|p2a: Ceruledge
|
|win|slk n compensa
|raw|slk n compensa's rating: 1103 &rarr; <strong>1129</strong><br />(+26 for winning)
|raw|DrakeDoesGamez's rating: 1120 &rarr; <strong>1094</strong><br />(-26 for losing)
|l|☆DrakeDoesGamez
|player|p2|
|l|☆slk n compensa
|player|p1|
