|j|☆Open666
|j|☆marquillosmd
|t:|1743858451
|gametype|singles
|player|p1|Open666|gambler|1058
|player|p2|marquillosmd|hilbert|1069
|teamsize|p1|6
|teamsize|p2|6
|gen|9
|tier|[Gen 9] OU
|rated|
|rule|HP Percentage Mod: HP is shown in percentages
|rule|Endless Battle Clause: Forcing endless battles is banned
|rule|Species Clause: Limit one of each Pokémon
|rule|OHKO Clause: OHKO moves are banned
|rule|Evasion Items Clause: Evasion items are banned
|rule|Evasion Moves Clause: Evasion moves are banned
|rule|Sleep Moves Clause: Sleep-inducing moves are banned
|clearpoke
|poke|p1|Kingambit, F|
|poke|p1|Mimikyu, M|
|poke|p1|Walking Wake|
|poke|p1|Iron Moth|
|poke|p1|Torkoal, F|
|poke|p1|Venusaur, M|
|poke|p2|Infernape, M|
|poke|p2|Gastrodon-East, F|
|poke|p2|Trevenant, M|
|poke|p2|Krookodile, M|
|poke|p2|Dachsbun, F|
|poke|p2|Gliscor, M|
|teampreview
|inactive|Battle timer is ON: inactive players will automatically lose when time's up. (requested by Open666)
|
|t:|1743858468
|start
|switch|p1a: Walking Wake|Walking Wake|100/100
|switch|p2a: Gliscor|Gliscor, M|100/100
|turn|1
|
|t:|1743858478
|switch|p2a: Gastrodon|Gastrodon-East, F|100/100
|move|p1a: Walking Wake|Hydro Steam|p2a: Gastrodon
|-ability|p2a: Gastrodon|Storm Drain|boost
|-boost|p2a: Gastrodon|spa|1
|
|upkeep
|turn|2
|
|t:|1743858489
|-end|p1a: Walking Wake|Protosynthesis|[silent]
|switch|p1a: Torkoal|Torkoal, F|100/100
|-weather|SunnyDay|[from] ability: Drought|[of] p1a: Torkoal
|move|p2a: Gastrodon|Earth Power|p1a: Torkoal
|-supereffective|p1a: Torkoal
|-damage|p1a: Torkoal|48/100
|
|-weather|SunnyDay|[upkeep]
|upkeep
|turn|3
|
|t:|1743858508
|switch|p1a: Kingambit|Kingambit, F|100/100
|-item|p1a: Kingambit|Air Balloon
|-terastallize|p2a: Gastrodon|Fire
|move|p2a: Gastrodon|Earth Power|p1a: Kingambit
|-immune|p1a: Kingambit
|
|-weather|SunnyDay|[upkeep]
|upkeep
|turn|4
|
|t:|1743858526
|-end|p1a: Kingambit|fallenundefined|[silent]
|switch|p1a: Walking Wake|Walking Wake|100/100
|-activate|p1a: Walking Wake|ability: Protosynthesis
|-start|p1a: Walking Wake|protosynthesisspa
|move|p2a: Gastrodon|Surf|p1a: Walking Wake
|-resisted|p1a: Walking Wake
|-damage|p1a: Walking Wake|95/100
|
|-weather|SunnyDay|[upkeep]
|upkeep
|turn|5
|
|t:|1743858537
|move|p1a: Walking Wake|Hydro Steam|p2a: Gastrodon
|-ability|p2a: Gastrodon|Storm Drain|boost
|-boost|p2a: Gastrodon|spa|1
|move|p2a: Gastrodon|Earth Power|p1a: Walking Wake
|-damage|p1a: Walking Wake|31/100
|
|-weather|SunnyDay|[upkeep]
|upkeep
|turn|6
|
|t:|1743858558
|-end|p1a: Walking Wake|Protosynthesis|[silent]
|switch|p1a: Torkoal|Torkoal, F|48/100
|move|p2a: Gastrodon|Earth Power|p1a: Torkoal
|-supereffective|p1a: Torkoal
|-damage|p1a: Torkoal|0 fnt
|faint|p1a: Torkoal
|
|-weather|none
|upkeep
|inactive|Open666 has 120 seconds left.
|
|t:|1743858570
|switch|p1a: Mimikyu|Mimikyu, M|100/100
|turn|7
|
|t:|1743858577
|move|p1a: Mimikyu|Drain Punch|p2a: Gastrodon
|-damage|p2a: Gastrodon|72/100
|-damage|p1a: Mimikyu|91/100|[from] item: Life Orb
|move|p2a: Gastrodon|Surf|p1a: Mimikyu
|-activate|p1a: Mimikyu|ability: Disguise
|-damage|p1a: Mimikyu|91/100
|detailschange|p1a: Mimikyu|Mimikyu-Busted, M
|-damage|p1a: Mimikyu|78/100|[from] pokemon: Mimikyu-Busted
|
|-heal|p2a: Gastrodon|78/100|[from] item: Leftovers
|upkeep
|turn|8
|
|t:|1743858590
|move|p1a: Mimikyu|Destiny Bond|p1a: Mimikyu
|-singlemove|p1a: Mimikyu|Destiny Bond
|move|p2a: Gastrodon|Surf|p1a: Mimikyu
|-damage|p1a: Mimikyu|5/100
|
|-heal|p2a: Gastrodon|84/100|[from] item: Leftovers
|upkeep
|turn|9
|
|t:|1743858599
|move|p1a: Mimikyu|Drain Punch|p2a: Gastrodon
|-damage|p2a: Gastrodon|57/100
|-heal|p1a: Mimikyu|28/100|[from] drain|[of] p2a: Gastrodon
|-damage|p1a: Mimikyu|18/100|[from] item: Life Orb
|move|p2a: Gastrodon|Recover|p2a: Gastrodon
|-heal|p2a: Gastrodon|100/100
|
|upkeep
|turn|10
|
|t:|1743858621
|switch|p2a: Gliscor|Gliscor, M|100/100
|move|p1a: Mimikyu|Destiny Bond|p1a: Mimikyu
|-singlemove|p1a: Mimikyu|Destiny Bond
|
|-status|p2a: Gliscor|tox|[from] item: Toxic Orb
|upkeep
|turn|11
|inactive|Open666 has 120 seconds left.
|
|t:|1743858663
|move|p1a: Mimikyu|Drain Punch|p2a: Gliscor
|-resisted|p2a: Gliscor
|-damage|p2a: Gliscor|92/100 tox
|-heal|p1a: Mimikyu|24/100|[from] drain|[of] p2a: Gliscor
|-damage|p1a: Mimikyu|14/100|[from] item: Life Orb
|move|p2a: Gliscor|Taunt|p1a: Mimikyu
|-start|p1a: Mimikyu|move: Taunt
|
|-heal|p2a: Gliscor|100/100 tox|[from] ability: Poison Heal
|upkeep
|turn|12
|
|t:|1743858683
|switch|p1a: Venusaur|Venusaur, M|100/100
|move|p2a: Gliscor|Stealth Rock|p1a: Venusaur
|-sidestart|p1: Open666|move: Stealth Rock
|
|upkeep
|turn|13
|inactive|marquillosmd has 120 seconds left.
|
|t:|1743858711
|switch|p2a: Trevenant|Trevenant, M|100/100
|move|p1a: Venusaur|Growth|p1a: Venusaur
|-boost|p1a: Venusaur|atk|1
|-boost|p1a: Venusaur|spa|1
|
|upkeep
|turn|14
|
|t:|1743858721
|move|p1a: Venusaur|Sludge Bomb|p2a: Trevenant
|-crit|p2a: Trevenant
|-damage|p2a: Trevenant|20/100
|-enditem|p2a: Trevenant|Aguav Berry|[eat]
|-heal|p2a: Trevenant|53/100|[from] item: Aguav Berry
|move|p2a: Trevenant|Will-O-Wisp|p1a: Venusaur
|-status|p1a: Venusaur|brn
|
|-damage|p1a: Venusaur|94/100 brn|[from] brn
|upkeep
|turn|15
|inactive|marquillosmd has 120 seconds left.
|
|t:|1743858745
|switch|p2a: Gastrodon|Gastrodon-East, F, tera:Fire|100/100
|move|p1a: Venusaur|Sludge Bomb|p2a: Gastrodon
|-damage|p2a: Gastrodon|61/100
|
|-heal|p1a: Venusaur|100/100 brn|[from] item: Leftovers
|-heal|p2a: Gastrodon|67/100|[from] item: Leftovers
|-damage|p1a: Venusaur|94/100 brn|[from] brn
|upkeep
|turn|16
|inactive|marquillosmd has 120 seconds left.
|
|t:|1743858764
|move|p1a: Venusaur|Sludge Bomb|p2a: Gastrodon
|-damage|p2a: Gastrodon|31/100
|move|p2a: Gastrodon|Ice Beam|p1a: Venusaur
|-supereffective|p1a: Venusaur
|-damage|p1a: Venusaur|57/100 brn
|
|-heal|p1a: Venusaur|63/100 brn|[from] item: Leftovers
|-heal|p2a: Gastrodon|38/100|[from] item: Leftovers
|-damage|p1a: Venusaur|57/100 brn|[from] brn
|upkeep
|turn|17
|inactive|marquillosmd has 120 seconds left.
|
|t:|1743858777
|move|p1a: Venusaur|Sludge Bomb|p2a: Gastrodon
|-damage|p2a: Gastrodon|2/100
|-status|p2a: Gastrodon|psn
|move|p2a: Gastrodon|Recover|p2a: Gastrodon
|-heal|p2a: Gastrodon|52/100 psn
|
|-heal|p1a: Venusaur|63/100 brn|[from] item: Leftovers
|-heal|p2a: Gastrodon|58/100 psn|[from] item: Leftovers
|-damage|p2a: Gastrodon|46/100 psn|[from] psn
|-damage|p1a: Venusaur|57/100 brn|[from] brn
|upkeep
|turn|18
|inactive|marquillosmd has 120 seconds left.
|
|t:|1743858791
|move|p1a: Venusaur|Growth|p1a: Venusaur
|-boost|p1a: Venusaur|atk|1
|-boost|p1a: Venusaur|spa|1
|move|p2a: Gastrodon|Recover|p2a: Gastrodon
|-heal|p2a: Gastrodon|96/100 psn
|
|-heal|p1a: Venusaur|63/100 brn|[from] item: Leftovers
|-heal|p2a: Gastrodon|100/100 psn|[from] item: Leftovers
|-damage|p2a: Gastrodon|88/100 psn|[from] psn
|-damage|p1a: Venusaur|57/100 brn|[from] brn
|upkeep
|turn|19
|inactive|marquillosmd has 120 seconds left.
|inactive|Open666 has 90 seconds left.
|
|t:|1743858814
|move|p1a: Venusaur|Sludge Bomb|p2a: Gastrodon
|-damage|p2a: Gastrodon|41/100 psn
|move|p2a: Gastrodon|Ice Beam|p1a: Venusaur
|-supereffective|p1a: Venusaur
|-damage|p1a: Venusaur|21/100 brn
|
|-heal|p1a: Venusaur|28/100 brn|[from] item: Leftovers
|-heal|p2a: Gastrodon|47/100 psn|[from] item: Leftovers
|-damage|p2a: Gastrodon|34/100 psn|[from] psn
|-damage|p1a: Venusaur|21/100 brn|[from] brn
|upkeep
|turn|20
|inactive|Open666 has 90 seconds left.
|inactive|marquillosmd has 120 seconds left.
|
|t:|1743858842
|switch|p2a: Gliscor|Gliscor, M|100/100 tox
|move|p1a: Venusaur|Sludge Bomb|p2a: Gliscor
|-resisted|p2a: Gliscor
|-damage|p2a: Gliscor|52/100 tox
|
|-heal|p1a: Venusaur|28/100 brn|[from] item: Leftovers
|-heal|p2a: Gliscor|65/100 tox|[from] ability: Poison Heal
|-damage|p1a: Venusaur|21/100 brn|[from] brn
|upkeep
|turn|21
|inactive|Open666 has 90 seconds left.
|
|t:|1743858854
|move|p1a: Venusaur|Giga Drain|p2a: Gliscor
|-damage|p2a: Gliscor|0 fnt
|-heal|p1a: Venusaur|55/100 brn|[from] drain|[of] p2a: Gliscor
|faint|p2a: Gliscor
|
|-heal|p1a: Venusaur|61/100 brn|[from] item: Leftovers
|-damage|p1a: Venusaur|55/100 brn|[from] brn
|upkeep
|
|t:|1743858863
|switch|p2a: Infernape|Infernape, M|100/100
|turn|22
|
|t:|1743858872
|-terastallize|p1a: Venusaur|Fire
|move|p2a: Infernape|Fire Punch|p1a: Venusaur
|-resisted|p1a: Venusaur
|-damage|p1a: Venusaur|28/100 brn
|move|p1a: Venusaur|Sludge Bomb|p2a: Infernape
|-damage|p2a: Infernape|0 fnt
|faint|p2a: Infernape
|
|-heal|p1a: Venusaur|35/100 brn|[from] item: Leftovers
|-damage|p1a: Venusaur|28/100 brn|[from] brn
|upkeep
|
|t:|1743858887
|switch|p2a: Krookodile|Krookodile, M|100/100
|turn|23
|
|t:|1743858890
|move|p2a: Krookodile|Earthquake|p1a: Venusaur
|-supereffective|p1a: Venusaur
|-damage|p1a: Venusaur|0 fnt
|faint|p1a: Venusaur
|-ability|p2a: Krookodile|Moxie|boost
|-boost|p2a: Krookodile|atk|1
|
|upkeep
|
|t:|1743858903
|switch|p1a: Walking Wake|Walking Wake|31/100
|-damage|p1a: Walking Wake|19/100|[from] Stealth Rock
|turn|24
|
|t:|1743858910
|move|p1a: Walking Wake|Draco Meteor|p2a: Krookodile
|-damage|p2a: Krookodile|9/100
|-unboost|p1a: Walking Wake|spa|2
|move|p2a: Krookodile|Earthquake|p1a: Walking Wake
|-damage|p1a: Walking Wake|0 fnt
|faint|p1a: Walking Wake
|-end|p1a: Walking Wake|Protosynthesis|[silent]
|-ability|p2a: Krookodile|Moxie|boost
|-boost|p2a: Krookodile|atk|1
|
|upkeep
|
|t:|1743858928
|switch|p1a: Iron Moth|Iron Moth|100/100
|-damage|p1a: Iron Moth|76/100|[from] Stealth Rock
|turn|25
|
|t:|1743858938
|move|p2a: Krookodile|Earthquake|p1a: Iron Moth
|-supereffective|p1a: Iron Moth
|-damage|p1a: Iron Moth|0 fnt
|faint|p1a: Iron Moth
|-end|p1a: Iron Moth|Quark Drive|[silent]
|-ability|p2a: Krookodile|Moxie|boost
|-boost|p2a: Krookodile|atk|1
|
|upkeep
|
|t:|1743858945
|switch|p1a: Kingambit|Kingambit, F|100/100
|-damage|p1a: Kingambit|94/100|[from] Stealth Rock
|-activate|p1a: Kingambit|ability: Supreme Overlord
|-start|p1a: Kingambit|fallen4|[silent]
|-item|p1a: Kingambit|Air Balloon
|turn|26
|
|t:|1743858953
|move|p2a: Krookodile|Earthquake|p1a: Kingambit
|-immune|p1a: Kingambit
|move|p1a: Kingambit|Swords Dance|p1a: Kingambit
|-boost|p1a: Kingambit|atk|2
|
|upkeep
|turn|27
|
|t:|1743858968
|switch|p2a: Trevenant|Trevenant, M|53/100
|move|p1a: Kingambit|Swords Dance|p1a: Kingambit
|-boost|p1a: Kingambit|atk|2
|
|-item|p2a: Trevenant|Aguav Berry|[from] ability: Harvest
|upkeep
|turn|28
|
|t:|1743858977
|move|p2a: Trevenant|Will-O-Wisp|p1a: Kingambit
|-status|p1a: Kingambit|brn
|move|p1a: Kingambit|Iron Head|p2a: Trevenant
|-damage|p2a: Trevenant|0 fnt
|faint|p2a: Trevenant
|
|-damage|p1a: Kingambit|88/100 brn|[from] brn
|upkeep
|
|t:|1743858989
|switch|p2a: Dachsbun|Dachsbun, F|100/100
|turn|29
|
|t:|1743858993
|move|p2a: Dachsbun|Body Press|p1a: Kingambit
|-supereffective|p1a: Kingambit
|-damage|p1a: Kingambit|3/100 brn
|-enditem|p1a: Kingambit|Air Balloon
|move|p1a: Kingambit|Iron Head|p2a: Dachsbun
|-supereffective|p2a: Dachsbun
|-damage|p2a: Dachsbun|0 fnt
|-damage|p1a: Kingambit|0 fnt|[from] item: Rocky Helmet|[of] p2a: Dachsbun
|faint|p2a: Dachsbun
|faint|p1a: Kingambit
|-end|p1a: Kingambit|fallen4|[silent]
|
|upkeep
|
|t:|1743859005
|switch|p2a: Krookodile|Krookodile, M|9/100
|switch|p1a: Mimikyu|Mimikyu-Busted, M|14/100
|-damage|p1a: Mimikyu|2/100|[from] Stealth Rock
|turn|30
|
|t:|1743859012
|move|p2a: Krookodile|Earthquake|p1a: Mimikyu
|-damage|p1a: Mimikyu|0 fnt
|faint|p1a: Mimikyu
|
|win|marquillosmd
|raw|Open666's rating: 1058 &rarr; <strong>1040</strong><br />(-18 for losing)
|raw|marquillosmd's rating: 1069 &rarr; <strong>1098</strong><br />(+29 for winning)
|l|☆Open666
|player|p1|
|l|☆marquillosmd
|player|p2|
