|j|☆Pablofromportluis
|j|☆PokeChampTroy
|t:|1743825830
|gametype|singles
|player|p1|Pablofromportluis|scientist-gen4|1267
|player|p2|PokeChampTroy|byron|1249
|teamsize|p1|6
|teamsize|p2|6
|gen|9
|tier|[Gen 9] OU
|rated|
|rule|HP Percentage Mod: HP is shown in percentages
|rule|Endless Battle Clause: Forcing endless battles is banned
|rule|Species Clause: Limit one of each Pokémon
|rule|OHKO Clause: OHKO moves are banned
|rule|Evasion Items Clause: Evasion items are banned
|rule|Evasion Moves Clause: Evasion moves are banned
|rule|Sleep Moves Clause: Sleep-inducing moves are banned
|clearpoke
|poke|p1|Garganacl, M|
|poke|p1|Weezing-Galar, F|
|poke|p1|Corviknight, M|
|poke|p1|Dragapult, M|
|poke|p1|Slowking-Galar, F|
|poke|p1|Samurott-Hisui, F|
|poke|p2|Iron Valiant|
|poke|p2|Corviknight, F|
|poke|p2|Goodra, M|
|poke|p2|Iron Treads|
|poke|p2|Noivern, F|
|poke|p2|Slowking-Galar, M|
|teampreview
|
|t:|1743825855
|start
|switch|p1a: Acupuncturist|Samurott-Hisui, F|100/100
|switch|p2a: Iron Valiant|Iron Valiant|100/100
|turn|1
|inactive|Battle timer is ON: inactive players will automatically lose when time's up. (requested by Pablofromportluis)
|
|t:|1743825867
|switch|p1a: Trudeau-king|Slowking-Galar, F|100/100
|move|p2a: Iron Valiant|Close Combat|p1a: Trudeau-king
|-resisted|p1a: Trudeau-king
|-damage|p1a: Trudeau-king|88/100
|-unboost|p2a: Iron Valiant|def|1
|-unboost|p2a: Iron Valiant|spd|1
|
|upkeep
|turn|2
|
|t:|1743825881
|-end|p2a: Iron Valiant|Quark Drive|[silent]
|switch|p2a: Corviknight|Corviknight, F|100/100
|-ability|p2a: Corviknight|Pressure
|move|p1a: Trudeau-king|Flamethrower|p2a: Corviknight
|-supereffective|p2a: Corviknight
|-damage|p2a: Corviknight|54/100
|
|-heal|p2a: Corviknight|60/100|[from] item: Leftovers
|upkeep
|turn|3
|
|t:|1743825900
|switch|p2a: Slowking|Slowking-Galar, M|100/100
|switch|p1a: Plague Doctor|Corviknight, M|100/100
|-ability|p1a: Plague Doctor|Pressure
|
|upkeep
|turn|4
|
|t:|1743825910
|switch|p1a: Dr. Garg|Garganacl, M|100/100
|move|p2a: Slowking|Thunder Wave|p1a: Dr. Garg
|-immune|p1a: Dr. Garg|[from] ability: Purifying Salt
|
|upkeep
|turn|5
|
|t:|1743825919
|move|p1a: Dr. Garg|Stealth Rock|p2a: Slowking
|-sidestart|p2: PokeChampTroy|move: Stealth Rock
|move|p2a: Slowking|Light Screen|p2a: Slowking
|-sidestart|p2: PokeChampTroy|move: Light Screen
|
|upkeep
|turn|6
|
|t:|1743825928
|switch|p2a: Iron Treads|Iron Treads|100/100
|-damage|p2a: Iron Treads|97/100|[from] Stealth Rock
|-enditem|p2a: Iron Treads|Booster Energy
|-activate|p2a: Iron Treads|ability: Quark Drive|[fromitem]
|-start|p2a: Iron Treads|quarkdrivespe
|move|p1a: Dr. Garg|Salt Cure|p2a: Iron Treads
|-resisted|p2a: Iron Treads
|-damage|p2a: Iron Treads|94/100
|-start|p2a: Iron Treads|Salt Cure
|
|-damage|p2a: Iron Treads|69/100|[from] Salt Cure
|upkeep
|turn|7
|
|t:|1743825940
|move|p1a: Dr. Garg|Protect|p1a: Dr. Garg
|-singleturn|p1a: Dr. Garg|Protect
|move|p2a: Iron Treads|Rapid Spin|p1a: Dr. Garg
|-activate|p1a: Dr. Garg|move: Protect
|
|-damage|p2a: Iron Treads|44/100|[from] Salt Cure
|upkeep
|turn|8
|
|t:|1743825959
|switch|p1a: Specialist|Dragapult, M|100/100
|move|p2a: Iron Treads|Rapid Spin|p1a: Specialist
|-immune|p1a: Specialist
|
|-damage|p2a: Iron Treads|20/100|[from] Salt Cure
|upkeep
|turn|9
|
|t:|1743825975
|-end|p2a: Iron Treads|Quark Drive|[silent]
|switch|p2a: Slowking|Slowking-Galar, M|100/100
|-damage|p2a: Slowking|88/100|[from] Stealth Rock
|move|p1a: Specialist|Will-O-Wisp|p2a: Slowking
|-status|p2a: Slowking|brn
|
|-heal|p2a: Slowking|94/100 brn|[from] item: Black Sludge
|-damage|p2a: Slowking|88/100 brn|[from] brn
|-sideend|p2: PokeChampTroy|move: Light Screen
|upkeep
|turn|10
|
|t:|1743825987
|move|p1a: Specialist|U-turn|p2a: Slowking
|-damage|p2a: Slowking|63/100 brn
|
|t:|1743825992
|switch|p1a: Dr. Garg|Garganacl, M|100/100|[from] U-turn
|move|p2a: Slowking|Thunder Wave|p1a: Dr. Garg
|-immune|p1a: Dr. Garg|[from] ability: Purifying Salt
|
|-heal|p2a: Slowking|69/100 brn|[from] item: Black Sludge
|-damage|p2a: Slowking|63/100 brn|[from] brn
|upkeep
|turn|11
|
|t:|1743826001
|switch|p1a: Acupuncturist|Samurott-Hisui, F|100/100
|move|p2a: Slowking|Psyshock|p1a: Acupuncturist
|-immune|p1a: Acupuncturist
|
|-heal|p2a: Slowking|69/100 brn|[from] item: Black Sludge
|-damage|p2a: Slowking|63/100 brn|[from] brn
|upkeep
|turn|12
|
|t:|1743826009
|move|p1a: Acupuncturist|Ceaseless Edge|p2a: Slowking
|-supereffective|p2a: Slowking
|-damage|p2a: Slowking|0 fnt
|-sidestart|p2: PokeChampTroy|Spikes
|faint|p2a: Slowking
|
|upkeep
|
|t:|1743826023
|switch|p2a: Goodra|Goodra, M|100/100
|-damage|p2a: Goodra|88/100|[from] Stealth Rock
|-damage|p2a: Goodra|76/100|[from] Spikes
|turn|13
|
|t:|1743826035
|switch|p1a: Trudeau-king|Slowking-Galar, F|100/100
|move|p2a: Goodra|Thunderbolt|p1a: Trudeau-king
|-damage|p1a: Trudeau-king|89/100
|
|upkeep
|turn|14
|
|t:|1743826062
|move|p2a: Goodra|Fire Blast|p1a: Trudeau-king
|-damage|p1a: Trudeau-king|75/100
|move|p1a: Trudeau-king|Sludge Bomb|p2a: Goodra
|-damage|p2a: Goodra|48/100
|
|upkeep
|turn|15
|
|t:|1743826079
|move|p2a: Goodra|Thunderbolt|p1a: Trudeau-king
|-damage|p1a: Trudeau-king|63/100
|move|p1a: Trudeau-king|Sludge Bomb|p2a: Goodra
|-damage|p2a: Goodra|21/100
|
|upkeep
|turn|16
|
|t:|1743826097
|move|p2a: Goodra|Draco Meteor|p1a: Trudeau-king
|-damage|p1a: Trudeau-king|36/100
|-unboost|p2a: Goodra|spa|2
|move|p1a: Trudeau-king|Psychic Noise|p2a: Goodra
|-damage|p2a: Goodra|0 fnt
|faint|p2a: Goodra
|
|upkeep
|
|t:|1743826105
|switch|p2a: Noivern|Noivern, F|100/100
|turn|17
|inactive|Pablofromportluis has 120 seconds left.
|inactive|Pablofromportluis has 90 seconds left.
|
|t:|1743826181
|switch|p1a: Dr. Garg|Garganacl, M|100/100
|move|p2a: Noivern|U-turn|p1a: Dr. Garg
|-damage|p1a: Dr. Garg|93/100
|
|t:|1743826190
|switch|p2a: Corviknight|Corviknight, F|60/100|[from] U-turn
|-damage|p2a: Corviknight|48/100|[from] Stealth Rock
|-ability|p2a: Corviknight|Pressure
|
|-heal|p2a: Corviknight|54/100|[from] item: Leftovers
|-heal|p1a: Dr. Garg|99/100|[from] item: Leftovers
|upkeep
|turn|18
|
|t:|1743826198
|move|p2a: Corviknight|Roost|p2a: Corviknight
|-heal|p2a: Corviknight|100/100
|-singleturn|p2a: Corviknight|move: Roost
|move|p1a: Dr. Garg|Salt Cure|p2a: Corviknight
|-resisted|p2a: Corviknight
|-damage|p2a: Corviknight|96/100
|-start|p2a: Corviknight|Salt Cure
|
|-heal|p2a: Corviknight|100/100|[from] item: Leftovers
|-heal|p1a: Dr. Garg|100/100|[from] item: Leftovers
|-damage|p2a: Corviknight|76/100|[from] Salt Cure
|upkeep
|turn|19
|
|t:|1743826223
|switch|p2a: Iron Treads|Iron Treads|20/100
|-damage|p2a: Iron Treads|16/100|[from] Stealth Rock
|-damage|p2a: Iron Treads|4/100|[from] Spikes
|switch|p1a: Nurse|Weezing-Galar, F|100/100
|-ability|p1a: Nurse|Neutralizing Gas
|
|upkeep
|turn|20
|
|t:|1743826232
|-end|p1a: Nurse|ability: Neutralizing Gas
|switch|p1a: Plague Doctor|Corviknight, M|100/100
|-ability|p1a: Plague Doctor|Pressure
|move|p2a: Iron Treads|Steel Beam|p1a: Plague Doctor
|-resisted|p1a: Plague Doctor
|-damage|p1a: Plague Doctor|77/100
|-damage|p2a: Iron Treads|0 fnt|[from] steelbeam
|faint|p2a: Iron Treads
|-end|p2a: Iron Treads|Quark Drive|[silent]
|
|upkeep
|
|t:|1743826245
|switch|p2a: Noivern|Noivern, F|100/100
|turn|21
|inactive|Pablofromportluis has 90 seconds left.
|
|t:|1743826253
|move|p2a: Noivern|U-turn|p1a: Plague Doctor
|-resisted|p1a: Plague Doctor
|-damage|p1a: Plague Doctor|76/100
|-damage|p2a: Noivern|84/100|[from] item: Rocky Helmet|[of] p1a: Plague Doctor
|
|t:|1743826259
|switch|p2a: Corviknight|Corviknight, F|76/100|[from] U-turn
|-damage|p2a: Corviknight|63/100|[from] Stealth Rock
|-ability|p2a: Corviknight|Pressure
|move|p1a: Plague Doctor|Brave Bird|p2a: Corviknight
|-resisted|p2a: Corviknight
|-damage|p2a: Corviknight|53/100
|-damage|p1a: Plague Doctor|72/100|[from] Recoil
|
|-heal|p2a: Corviknight|59/100|[from] item: Leftovers
|upkeep
|turn|22
|
|t:|1743826270
|switch|p1a: Nurse|Weezing-Galar, F|100/100
|-ability|p1a: Nurse|Neutralizing Gas
|move|p2a: Corviknight|Iron Defense|p2a: Corviknight
|-boost|p2a: Corviknight|def|2
|
|-heal|p2a: Corviknight|65/100|[from] item: Leftovers
|upkeep
|turn|23
|
|t:|1743826280
|move|p2a: Corviknight|Defog|p1a: Nurse
|-unboost|p1a: Nurse|evasion|1
|-sideend|p2: PokeChampTroy|Spikes|[from] move: Defog|[of] p2a: Corviknight
|-sideend|p2: PokeChampTroy|Stealth Rock|[from] move: Defog|[of] p2a: Corviknight
|move|p1a: Nurse|Will-O-Wisp|p2a: Corviknight
|-status|p2a: Corviknight|brn
|
|-heal|p2a: Corviknight|71/100 brn|[from] item: Leftovers
|-damage|p2a: Corviknight|65/100 brn|[from] brn
|upkeep
|turn|24
|
|t:|1743826295
|-end|p1a: Nurse|ability: Neutralizing Gas
|-ability|p2a: Corviknight|Pressure
|switch|p1a: Dr. Garg|Garganacl, M|100/100
|move|p2a: Corviknight|Body Press|p1a: Dr. Garg
|-supereffective|p1a: Dr. Garg
|-damage|p1a: Dr. Garg|69/100
|
|-heal|p2a: Corviknight|71/100 brn|[from] item: Leftovers
|-heal|p1a: Dr. Garg|75/100|[from] item: Leftovers
|-damage|p2a: Corviknight|65/100 brn|[from] brn
|upkeep
|turn|25
|
|t:|1743826307
|move|p2a: Corviknight|Body Press|p1a: Dr. Garg
|-supereffective|p1a: Dr. Garg
|-damage|p1a: Dr. Garg|44/100
|move|p1a: Dr. Garg|Salt Cure|p2a: Corviknight
|-damage|p2a: Corviknight|60/100 brn
|-start|p2a: Corviknight|Salt Cure
|
|-heal|p2a: Corviknight|66/100 brn|[from] item: Leftovers
|-heal|p1a: Dr. Garg|50/100|[from] item: Leftovers
|-damage|p2a: Corviknight|60/100 brn|[from] brn
|-damage|p2a: Corviknight|36/100 brn|[from] Salt Cure
|upkeep
|turn|26
|
|t:|1743826318
|move|p2a: Corviknight|Body Press|p1a: Dr. Garg
|-supereffective|p1a: Dr. Garg
|-damage|p1a: Dr. Garg|16/100
|move|p1a: Dr. Garg|Recover|p1a: Dr. Garg
|-heal|p1a: Dr. Garg|66/100
|
|-heal|p2a: Corviknight|42/100 brn|[from] item: Leftovers
|-heal|p1a: Dr. Garg|72/100|[from] item: Leftovers
|-damage|p2a: Corviknight|36/100 brn|[from] brn
|-damage|p2a: Corviknight|11/100 brn|[from] Salt Cure
|upkeep
|turn|27
|
|t:|1743826329
|switch|p1a: Acupuncturist|Samurott-Hisui, F|100/100
|move|p2a: Corviknight|Body Press|p1a: Acupuncturist
|-supereffective|p1a: Acupuncturist
|-damage|p1a: Acupuncturist|36/100
|
|-heal|p2a: Corviknight|17/100 brn|[from] item: Leftovers
|-damage|p2a: Corviknight|11/100 brn|[from] brn
|-damage|p2a: Corviknight|0 fnt|[from] Salt Cure
|faint|p2a: Corviknight
|upkeep
|
|t:|1743826341
|switch|p2a: Iron Valiant|Iron Valiant|100/100
|turn|28
|inactive|Pablofromportluis has 120 seconds left.
|
|t:|1743826384
|switch|p1a: Nurse|Weezing-Galar, F|100/100
|-ability|p1a: Nurse|Neutralizing Gas
|move|p2a: Iron Valiant|Moonblast|p1a: Nurse
|-resisted|p1a: Nurse
|-damage|p1a: Nurse|70/100
|
|-heal|p1a: Nurse|76/100|[from] item: Leftovers
|upkeep
|turn|29
|
|t:|1743826393
|move|p2a: Iron Valiant|Moonblast|p1a: Nurse
|-resisted|p1a: Nurse
|-damage|p1a: Nurse|45/100
|-unboost|p1a: Nurse|spa|1
|move|p1a: Nurse|Strange Steam|p2a: Iron Valiant
|-supereffective|p2a: Iron Valiant
|-damage|p2a: Iron Valiant|26/100
|
|-heal|p1a: Nurse|51/100|[from] item: Leftovers
|upkeep
|turn|30
|
|t:|1743826402
|move|p2a: Iron Valiant|Destiny Bond|p2a: Iron Valiant
|-singlemove|p2a: Iron Valiant|Destiny Bond
|move|p1a: Nurse|Strange Steam|p2a: Iron Valiant
|-supereffective|p2a: Iron Valiant
|-damage|p2a: Iron Valiant|0 fnt
|faint|p2a: Iron Valiant
|-activate|p2a: Iron Valiant|move: Destiny Bond
|-end|p2a: Iron Valiant|Quark Drive|[silent]
|faint|p1a: Nurse
|-end|p1a: Nurse|ability: Neutralizing Gas
|
|upkeep
|inactive|Pablofromportluis has 120 seconds left.
|
|t:|1743826421
|switch|p2a: Noivern|Noivern, F|84/100
|switch|p1a: Dr. Garg|Garganacl, M|72/100
|turn|31
|-message|PokeChampTroy forfeited.
|
|win|Pablofromportluis
|raw|Pablofromportluis's rating: 1267 &rarr; <strong>1291</strong><br />(+24 for winning)
|raw|PokeChampTroy's rating: 1249 &rarr; <strong>1225</strong><br />(-24 for losing)
|l|☆PokeChampTroy
|player|p2|
|l|☆Pablofromportluis
|player|p1|
