|j|☆Ashina Splints
|j|☆MarMarteau
|t:|1743880382
|gametype|singles
|player|p1|Ashina Splints|gentleman-gen4|1471
|player|p2|MarMarteau|collector|1462
|teamsize|p1|6
|teamsize|p2|6
|gen|9
|tier|[Gen 9] OU
|rated|
|rule|HP Percentage Mod: HP is shown in percentages
|rule|Endless Battle Clause: Forcing endless battles is banned
|rule|Species Clause: Limit one of each Pokémon
|rule|OHKO Clause: OHKO moves are banned
|rule|Evasion Items Clause: Evasion items are banned
|rule|Evasion Moves Clause: Evasion moves are banned
|rule|Sleep Moves Clause: Sleep-inducing moves are banned
|clearpoke
|poke|p1|Great Tusk|
|poke|p1|Landorus-Therian, M|
|poke|p1|Slowking-Galar, F|
|poke|p1|Ogerpon-Wellspring, F|
|poke|p1|Raging Bolt|
|poke|p1|Kingambit, F|
|poke|p2|Moltres|
|poke|p2|Ogerpon-Wellspring, F|
|poke|p2|Iron Valiant|
|poke|p2|Landorus-Therian, M|
|poke|p2|Kingambit, M|
|poke|p2|Weavile, F|
|teampreview
|inactive|Battle timer is ON: inactive players will automatically lose when time's up. (requested by Ashina Splints)
|inactive|Ashina Splints has 120 seconds left.
|inactive|Ashina Splints has 90 seconds left.
|
|t:|1743880463
|start
|switch|p1a: Landorus|Landorus-Therian, M|100/100
|switch|p2a: Landorus|Landorus-Therian, M|100/100
|-ability|p1a: Landorus|Intimidate|boost
|-unboost|p2a: Landorus|atk|1
|-ability|p2a: Landorus|Intimidate|boost
|-unboost|p1a: Landorus|atk|1
|turn|1
|
|t:|1743880485
|switch|p1a: Great Tusk|Great Tusk|100/100
|move|p2a: Landorus|Taunt|p1a: Great Tusk
|-start|p1a: Great Tusk|move: Taunt
|
|upkeep
|turn|2
|
|t:|1743880493
|switch|p2a: Moltres|Moltres|100/100
|-end|p1a: Great Tusk|Protosynthesis|[silent]
|switch|p1a: Ogerpon|Ogerpon-Wellspring, F|100/100
|
|upkeep
|turn|3
|
|t:|1743880515
|switch|p2a: Ogerpon|Ogerpon-Wellspring, F|100/100
|move|p1a: Ogerpon|Ivy Cudgel|p2a: Ogerpon|[anim] Ivy Cudgel Water
|-immune|p2a: Ogerpon|[from] ability: Water Absorb
|
|upkeep
|turn|4
|
|t:|1743880529
|switch|p1a: Landorus|Landorus-Therian, M|100/100
|-ability|p1a: Landorus|Intimidate|boost
|-unboost|p2a: Ogerpon|atk|1
|move|p2a: Ogerpon|Encore||[still]
|-fail|p2a: Ogerpon
|
|upkeep
|turn|5
|
|t:|1743880536
|switch|p2a: Weavile|Weavile, F|100/100
|-ability|p2a: Weavile|Pressure
|move|p1a: Landorus|U-turn|p2a: Weavile
|-supereffective|p2a: Weavile
|-damage|p2a: Weavile|12/100
|
|t:|1743880541
|switch|p1a: Great Tusk|Great Tusk|100/100|[from] U-turn
|
|upkeep
|turn|6
|
|t:|1743880548
|move|p2a: Weavile|Triple Axel|p1a: Great Tusk
|-supereffective|p1a: Great Tusk
|-damage|p1a: Great Tusk|83/100
|-damage|p2a: Weavile|0 fnt|[from] item: Rocky Helmet|[of] p1a: Great Tusk
|faint|p2a: Weavile
|-hitcount|p1a: Great Tusk|1
|move|p1a: Great Tusk|Stealth Rock|p2: Weavile
|-sidestart|p2: MarMarteau|move: Stealth Rock
|
|upkeep
|
|t:|1743880559
|switch|p2a: Ogerpon|Ogerpon-Wellspring, F|100/100
|-damage|p2a: Ogerpon|88/100|[from] Stealth Rock
|turn|7
|
|t:|1743880567
|-end|p1a: Great Tusk|Protosynthesis|[silent]
|switch|p1a: Raging Bolt|Raging Bolt|100/100
|-enditem|p1a: Raging Bolt|Booster Energy
|-activate|p1a: Raging Bolt|ability: Protosynthesis|[fromitem]
|-start|p1a: Raging Bolt|protosynthesisspa
|move|p2a: Ogerpon|Ivy Cudgel|p1a: Raging Bolt|[anim] Ivy Cudgel Water
|-resisted|p1a: Raging Bolt
|-damage|p1a: Raging Bolt|73/100
|
|upkeep
|turn|8
|
|t:|1743880574
|switch|p2a: Landorus|Landorus-Therian, M|100/100
|-damage|p2a: Landorus|88/100|[from] Stealth Rock
|-ability|p2a: Landorus|Intimidate|boost
|-unboost|p1a: Raging Bolt|atk|1
|move|p1a: Raging Bolt|Dragon Pulse|p2a: Landorus
|-crit|p2a: Landorus
|-damage|p2a: Landorus|0 fnt
|faint|p2a: Landorus
|
|upkeep
|c|☆Ashina Splints|MB
|c|☆Ashina Splints|tf is caps lock on for
|
|t:|1743880592
|switch|p2a: Ogerpon|Ogerpon-Wellspring, F|88/100
|-damage|p2a: Ogerpon|76/100|[from] Stealth Rock
|turn|9
|
|t:|1743880605
|move|p2a: Ogerpon|Horn Leech|p1a: Raging Bolt
|-resisted|p1a: Raging Bolt
|-damage|p1a: Raging Bolt|55/100
|-heal|p2a: Ogerpon|89/100|[from] drain|[of] p1a: Raging Bolt
|move|p1a: Raging Bolt|Thunderbolt|p2a: Ogerpon
|-damage|p2a: Ogerpon|4/100
|
|upkeep
|turn|10
|
|t:|1743880614
|move|p2a: Ogerpon|Swords Dance|p2a: Ogerpon
|-boost|p2a: Ogerpon|atk|2
|move|p1a: Raging Bolt|Thunderbolt|p2a: Ogerpon
|-damage|p2a: Ogerpon|0 fnt
|faint|p2a: Ogerpon
|
|upkeep
|
|t:|1743880619
|switch|p2a: Iron Valiant|Iron Valiant|100/100
|-damage|p2a: Iron Valiant|94/100|[from] Stealth Rock
|-enditem|p2a: Iron Valiant|Booster Energy
|-activate|p2a: Iron Valiant|ability: Quark Drive|[fromitem]
|-start|p2a: Iron Valiant|quarkdrivespe
|turn|11
|
|t:|1743880624
|-end|p1a: Raging Bolt|Protosynthesis|[silent]
|switch|p1a: Slowking|Slowking-Galar, F|100/100
|move|p2a: Iron Valiant|Moonblast|p1a: Slowking
|-resisted|p1a: Slowking
|-damage|p1a: Slowking|88/100
|-unboost|p1a: Slowking|spa|1
|
|upkeep
|turn|12
|
|t:|1743880632
|-end|p2a: Iron Valiant|Quark Drive|[silent]
|switch|p2a: Kingambit|Kingambit, M|100/100
|-damage|p2a: Kingambit|94/100|[from] Stealth Rock
|-activate|p2a: Kingambit|ability: Supreme Overlord
|-start|p2a: Kingambit|fallen3|[silent]
|switch|p1a: Landorus|Landorus-Therian, M|100/100
|-ability|p1a: Landorus|Intimidate|boost
|-unboost|p2a: Kingambit|atk|1
|
|-heal|p2a: Kingambit|100/100|[from] item: Leftovers
|upkeep
|turn|13
|
|t:|1743880644
|switch|p1a: Great Tusk|Great Tusk|83/100
|-end|p2a: Kingambit|fallen3|[silent]
|switch|p2a: Moltres|Moltres|100/100
|
|upkeep
|turn|14
|
|t:|1743880650
|-end|p1a: Great Tusk|Protosynthesis|[silent]
|switch|p1a: Slowking|Slowking-Galar, F|100/100
|move|p2a: Moltres|Flamethrower|p1a: Slowking
|-damage|p1a: Slowking|81/100
|
|upkeep
|turn|15
|
|t:|1743880656
|move|p2a: Moltres|Flamethrower|p1a: Slowking
|-damage|p1a: Slowking|63/100
|move|p1a: Slowking|Flamethrower|p2a: Moltres
|-resisted|p2a: Moltres
|-damage|p2a: Moltres|90/100
|
|upkeep
|turn|16
|
|t:|1743880661
|move|p2a: Moltres|Flamethrower|p1a: Slowking
|-damage|p1a: Slowking|42/100
|move|p1a: Slowking|Flamethrower|p2a: Moltres
|-resisted|p2a: Moltres
|-damage|p2a: Moltres|79/100
|
|upkeep
|turn|17
|
|t:|1743880664
|move|p2a: Moltres|Flamethrower|p1a: Slowking
|-damage|p1a: Slowking|24/100
|move|p1a: Slowking|Sludge Bomb|p2a: Moltres
|-damage|p2a: Moltres|46/100
|
|upkeep
|turn|18
|
|t:|1743880669
|move|p2a: Moltres|Flamethrower|p1a: Slowking
|-damage|p1a: Slowking|5/100
|move|p1a: Slowking|Sludge Bomb|p2a: Moltres
|-damage|p2a: Moltres|12/100
|
|upkeep
|turn|19
|
|t:|1743880673
|move|p2a: Moltres|Roost|p2a: Moltres
|-heal|p2a: Moltres|62/100
|-singleturn|p2a: Moltres|move: Roost
|move|p1a: Slowking|Sludge Bomb|p2a: Moltres
|-damage|p2a: Moltres|29/100
|
|upkeep
|turn|20
|
|t:|1743880677
|switch|p1a: Raging Bolt|Raging Bolt|55/100
|move|p2a: Moltres|Roost|p2a: Moltres
|-heal|p2a: Moltres|79/100
|-singleturn|p2a: Moltres|move: Roost
|
|upkeep
|turn|21
|
|t:|1743880698
|switch|p2a: Kingambit|Kingambit, M|100/100
|-damage|p2a: Kingambit|94/100|[from] Stealth Rock
|-activate|p2a: Kingambit|ability: Supreme Overlord
|-start|p2a: Kingambit|fallen3|[silent]
|move|p1a: Raging Bolt|Thunderbolt|p2a: Kingambit
|-damage|p2a: Kingambit|43/100
|
|-heal|p2a: Kingambit|49/100|[from] item: Leftovers
|upkeep
|turn|22
|
|t:|1743880709
|move|p1a: Raging Bolt|Thunderbolt|p2a: Kingambit
|-damage|p2a: Kingambit|0 fnt
|faint|p2a: Kingambit
|-end|p2a: Kingambit|fallen3|[silent]
|
|upkeep
|
|t:|1743880712
|switch|p2a: Iron Valiant|Iron Valiant|94/100
|-damage|p2a: Iron Valiant|88/100|[from] Stealth Rock
|turn|23
|
|t:|1743880721
|-end|p1a: Raging Bolt|Protosynthesis|[silent]
|switch|p1a: Landorus|Landorus-Therian, M|100/100
|-ability|p1a: Landorus|Intimidate|boost
|-unboost|p2a: Iron Valiant|atk|1
|move|p2a: Iron Valiant|Moonblast|p1a: Landorus
|-damage|p1a: Landorus|41/100
|
|upkeep
|turn|24
|
|t:|1743880723
|move|p1a: Landorus|Earthquake|p2a: Iron Valiant
|-crit|p2a: Iron Valiant
|-damage|p2a: Iron Valiant|0 fnt
|faint|p2a: Iron Valiant
|-end|p2a: Iron Valiant|Quark Drive|[silent]
|
|upkeep
|-message|MarMarteau forfeited.
|
|win|Ashina Splints
|raw|Ashina Splints's rating: 1471 &rarr; <strong>1490</strong><br />(+19 for winning)
|raw|MarMarteau's rating: 1462 &rarr; <strong>1443</strong><br />(-19 for losing)
|l|☆MarMarteau
|player|p2|
