|j|☆No_OverUsed?
|j|☆Jebus1989_
|t:|1743848821
|gametype|singles
|player|p1|No_OverUsed?|marlon|1644
|player|p2|Jebus1989_|ethan|1757
|teamsize|p1|6
|teamsize|p2|6
|gen|9
|tier|[Gen 9] OU
|rated|
|rule|HP Percentage Mod: HP is shown in percentages
|rule|Endless Battle Clause: Forcing endless battles is banned
|rule|Species Clause: Limit one of each Pokémon
|rule|OHKO Clause: OHKO moves are banned
|rule|Evasion Items Clause: Evasion items are banned
|rule|Evasion Moves Clause: Evasion moves are banned
|rule|Sleep Moves Clause: Sleep-inducing moves are banned
|clearpoke
|poke|p1|Scizor, M|
|poke|p1|Thundurus-Therian, M|
|poke|p1|Reuniclus, M|
|poke|p1|Decidueye-Hisui, M|
|poke|p1|Incineroar, M|
|poke|p1|Keldeo-Resolute|
|poke|p2|Hawlucha, M|
|poke|p2|Weezing-Galar, M|
|poke|p2|Kingambit, M|
|poke|p2|Frosmoth, F|
|poke|p2|Vaporeon, F|
|poke|p2|Great Tusk|
|teampreview
|inactive|Battle timer is ON: inactive players will automatically lose when time's up. (requested by No_OverUsed?)
|
|t:|1743848832
|start
|switch|p1a: Zeus|Thundurus-Therian, M|100/100
|switch|p2a: Frosmoth|Frosmoth, F|100/100
|turn|1
|
|t:|1743848837
|-terastallize|p2a: Frosmoth|Ground
|move|p1a: Zeus|Volt Switch|p2a: Frosmoth
|-immune|p2a: Frosmoth
|move|p2a: Frosmoth|Ice Beam|p1a: Zeus
|-supereffective|p1a: Zeus
|-damage|p1a: Zeus|0 fnt
|faint|p1a: Zeus
|
|upkeep
|
|t:|1743848840
|switch|p1a: Guts|Keldeo-Resolute|100/100
|turn|2
|
|t:|1743848844
|switch|p2a: Vaporeon|Vaporeon, F|100/100
|move|p1a: Guts|Secret Sword|p2a: Vaporeon
|-damage|p2a: Vaporeon|45/100
|
|-heal|p2a: Vaporeon|51/100|[from] item: Leftovers
|upkeep
|turn|3
|
|t:|1743848849
|switch|p1a: Amber|Scizor, M, shiny|100/100
|move|p2a: Vaporeon|Protect||[still]
|-fail|p2a: Vaporeon
|
|-heal|p2a: Vaporeon|57/100|[from] item: Leftovers
|upkeep
|turn|4
|
|t:|1743848853
|move|p2a: Vaporeon|Protect|p2a: Vaporeon
|-singleturn|p2a: Vaporeon|Protect
|move|p1a: Amber|Knock Off|p2a: Vaporeon
|-activate|p2a: Vaporeon|move: Protect
|
|-heal|p2a: Vaporeon|64/100|[from] item: Leftovers
|upkeep
|turn|5
|
|t:|1743848862
|switch|p2a: Weezing|Weezing-Galar, M, shiny|100/100
|-fieldstart|move: Misty Terrain|[from] ability: Misty Surge|[of] p2a: Weezing
|move|p1a: Amber|Knock Off|p2a: Weezing
|-resisted|p2a: Weezing
|-damage|p2a: Weezing|74/100
|-enditem|p2a: Weezing|Terrain Extender|[from] move: Knock Off|[of] p1a: Amber
|
|upkeep
|turn|6
|
|t:|1743848867
|switch|p1a: VGC|Incineroar, M|100/100
|-ability|p1a: VGC|Intimidate|boost
|-unboost|p2a: Weezing|atk|1
|move|p2a: Weezing|Strange Steam|p1a: VGC
|-damage|p1a: VGC|75/100
|
|-heal|p1a: VGC|81/100|[from] item: Leftovers
|upkeep
|turn|7
|
|t:|1743848874
|switch|p2a: Great Tusk|Great Tusk|100/100
|move|p1a: VGC|Parting Shot|p2a: Great Tusk
|-unboost|p2a: Great Tusk|atk|1
|-unboost|p2a: Great Tusk|spa|1
|
|t:|1743848876
|switch|p1a: Guts|Keldeo-Resolute|100/100|[from] Parting Shot
|
|upkeep
|turn|8
|
|t:|1743848881
|move|p1a: Guts|Secret Sword|p2a: Great Tusk
|-damage|p2a: Great Tusk|69/100
|move|p2a: Great Tusk|Stealth Rock|p1a: Guts
|-sidestart|p1: No_OverUsed?|move: Stealth Rock
|
|upkeep
|turn|9
|
|t:|1743848883
|move|p1a: Guts|Secret Sword|p2a: Great Tusk
|-damage|p2a: Great Tusk|34/100
|move|p2a: Great Tusk|Knock Off|p1a: Guts
|-resisted|p1a: Guts
|-damage|p1a: Guts|89/100
|-ability|p1a: Guts|Justified|boost
|-boost|p1a: Guts|atk|1
|-enditem|p1a: Guts|Choice Specs|[from] move: Knock Off|[of] p2a: Great Tusk
|
|upkeep
|turn|10
|
|t:|1743848891
|-end|p2a: Great Tusk|Protosynthesis|[silent]
|switch|p2a: Vaporeon|Vaporeon, F|64/100
|move|p1a: Guts|Surf|p2a: Vaporeon
|-heal|p2a: Vaporeon|89/100|[from] ability: Water Absorb|[of] p1a: Guts
|
|-heal|p2a: Vaporeon|95/100|[from] item: Leftovers
|upkeep
|turn|11
|
|t:|1743848897
|switch|p1a: Hawkeye|Decidueye-Hisui, M, shiny|100/100
|-damage|p1a: Hawkeye|94/100|[from] Stealth Rock
|move|p2a: Vaporeon|Scald|p1a: Hawkeye
|-resisted|p1a: Hawkeye
|-damage|p1a: Hawkeye|81/100
|
|-heal|p2a: Vaporeon|100/100|[from] item: Leftovers
|upkeep
|turn|12
|
|t:|1743848905
|switch|p2a: Hawlucha|Hawlucha, M, shiny|100/100
|-enditem|p2a: Hawlucha|Misty Seed
|-boost|p2a: Hawlucha|spd|1|[from] item: Misty Seed
|move|p1a: Hawkeye|Defog|p2a: Hawlucha
|-unboost|p2a: Hawlucha|evasion|1
|-sideend|p1: No_OverUsed?|Stealth Rock|[from] move: Defog|[of] p1a: Hawkeye
|-fieldend|Misty Terrain
|
|upkeep
|turn|13
|
|t:|1743848916
|switch|p1a: VGC|Incineroar, M|81/100
|-ability|p1a: VGC|Intimidate|boost
|-unboost|p2a: Hawlucha|atk|1
|move|p2a: Hawlucha|Encore||[still]
|-fail|p2a: Hawlucha
|
|-heal|p1a: VGC|88/100|[from] item: Leftovers
|upkeep
|turn|14
|
|t:|1743848923
|switch|p2a: Great Tusk|Great Tusk|34/100
|move|p1a: VGC|Parting Shot|p2a: Great Tusk
|-unboost|p2a: Great Tusk|atk|1
|-unboost|p2a: Great Tusk|spa|1
|
|t:|1743848925
|switch|p1a: Guts|Keldeo-Resolute|89/100|[from] Parting Shot
|
|upkeep
|turn|15
|
|t:|1743848928
|-end|p2a: Great Tusk|Protosynthesis|[silent]
|switch|p2a: Vaporeon|Vaporeon, F|100/100
|move|p1a: Guts|Secret Sword|p2a: Vaporeon
|-damage|p2a: Vaporeon|67/100
|
|-heal|p2a: Vaporeon|74/100|[from] item: Leftovers
|upkeep
|turn|16
|
|t:|1743848934
|move|p1a: Guts|Secret Sword|p2a: Vaporeon
|-damage|p2a: Vaporeon|40/100
|move|p2a: Vaporeon|Scald|p1a: Guts
|-resisted|p1a: Guts
|-damage|p1a: Guts|73/100
|
|-heal|p2a: Vaporeon|46/100|[from] item: Leftovers
|upkeep
|turn|17
|
|t:|1743848939
|switch|p1a: Amber|Scizor, M, shiny|100/100
|move|p2a: Vaporeon|Wish|p2a: Vaporeon
|
|-heal|p2a: Vaporeon|52/100|[from] item: Leftovers
|upkeep
|turn|18
|
|t:|1743848945
|switch|p2a: Great Tusk|Great Tusk|34/100
|move|p1a: Amber|U-turn|p2a: Great Tusk
|-resisted|p2a: Great Tusk
|-crit|p2a: Great Tusk
|-damage|p2a: Great Tusk|11/100
|-damage|p1a: Amber|84/100|[from] item: Rocky Helmet|[of] p2a: Great Tusk
|
|t:|1743848951
|switch|p1a: Guts|Keldeo-Resolute|73/100|[from] U-turn
|
|-heal|p2a: Great Tusk|66/100|[from] move: Wish|[wisher] Vaporeon
|upkeep
|turn|19
|
|t:|1743848956
|-end|p2a: Great Tusk|Protosynthesis|[silent]
|switch|p2a: Vaporeon|Vaporeon, F|52/100
|move|p1a: Guts|Secret Sword|p2a: Vaporeon
|-damage|p2a: Vaporeon|18/100
|
|-heal|p2a: Vaporeon|24/100|[from] item: Leftovers
|upkeep
|turn|20
|
|t:|1743848960
|move|p2a: Vaporeon|Protect|p2a: Vaporeon
|-singleturn|p2a: Vaporeon|Protect
|move|p1a: Guts|Secret Sword|p2a: Vaporeon
|-activate|p2a: Vaporeon|move: Protect
|
|-heal|p2a: Vaporeon|30/100|[from] item: Leftovers
|upkeep
|turn|21
|
|t:|1743848970
|switch|p2a: Weezing|Weezing-Galar, M, shiny|74/100
|-fieldstart|move: Misty Terrain|[from] ability: Misty Surge|[of] p2a: Weezing
|move|p1a: Guts|Secret Sword|p2a: Weezing
|-resisted|p2a: Weezing
|-damage|p2a: Weezing|64/100
|
|upkeep
|turn|22
|
|t:|1743848975
|switch|p2a: Vaporeon|Vaporeon, F|30/100
|move|p1a: Guts|Surf|p2a: Vaporeon
|-heal|p2a: Vaporeon|55/100|[from] ability: Water Absorb|[of] p1a: Guts
|
|-heal|p2a: Vaporeon|61/100|[from] item: Leftovers
|upkeep
|turn|23
|
|t:|1743848977
|move|p1a: Guts|Secret Sword|p2a: Vaporeon
|-damage|p2a: Vaporeon|27/100
|move|p2a: Vaporeon|Wish|p2a: Vaporeon
|
|-heal|p2a: Vaporeon|33/100|[from] item: Leftovers
|upkeep
|turn|24
|
|t:|1743848986
|move|p2a: Vaporeon|Protect|p2a: Vaporeon
|-singleturn|p2a: Vaporeon|Protect
|move|p1a: Guts|Surf|p2a: Vaporeon
|-activate|p2a: Vaporeon|move: Protect
|
|-heal|p2a: Vaporeon|83/100|[from] move: Wish|[wisher] Vaporeon
|-heal|p2a: Vaporeon|90/100|[from] item: Leftovers
|upkeep
|turn|25
|
|t:|1743848991
|move|p1a: Guts|Secret Sword|p2a: Vaporeon
|-damage|p2a: Vaporeon|55/100
|move|p2a: Vaporeon|Scald|p1a: Guts
|-resisted|p1a: Guts
|-damage|p1a: Guts|55/100
|
|-heal|p2a: Vaporeon|61/100|[from] item: Leftovers
|-fieldend|Misty Terrain
|upkeep
|turn|26
|
|t:|1743848997
|move|p1a: Guts|Secret Sword|p2a: Vaporeon
|-damage|p2a: Vaporeon|29/100
|move|p2a: Vaporeon|Wish|p2a: Vaporeon
|
|-heal|p2a: Vaporeon|35/100|[from] item: Leftovers
|upkeep
|turn|27
|
|t:|1743849002
|move|p1a: Guts|Secret Sword|p2a: Vaporeon
|-damage|p2a: Vaporeon|0 fnt
|faint|p2a: Vaporeon
|
|upkeep
|
|t:|1743849007
|switch|p2a: Hawlucha|Hawlucha, M, shiny|100/100
|turn|28
|
|t:|1743849013
|switch|p1a: VGC|Incineroar, M|88/100
|-ability|p1a: VGC|Intimidate|boost
|-unboost|p2a: Hawlucha|atk|1
|move|p2a: Hawlucha|Acrobatics|p1a: VGC
|-damage|p1a: VGC|60/100
|
|-heal|p1a: VGC|66/100|[from] item: Leftovers
|upkeep
|turn|29
|
|t:|1743849018
|move|p2a: Hawlucha|Close Combat|p1a: VGC
|-supereffective|p1a: VGC
|-damage|p1a: VGC|8/100
|-unboost|p2a: Hawlucha|def|1
|-unboost|p2a: Hawlucha|spd|1
|move|p1a: VGC|Parting Shot|p2a: Hawlucha
|-unboost|p2a: Hawlucha|atk|1
|-unboost|p2a: Hawlucha|spa|1
|
|t:|1743849021
|switch|p1a: Guts|Keldeo-Resolute|55/100|[from] Parting Shot
|
|upkeep
|turn|30
|
|t:|1743849023
|move|p2a: Hawlucha|Acrobatics|p1a: Guts
|-supereffective|p1a: Guts
|-damage|p1a: Guts|4/100
|move|p1a: Guts|Surf|p2a: Hawlucha
|-damage|p2a: Hawlucha|0 fnt
|faint|p2a: Hawlucha
|
|upkeep
|
|t:|1743849039
|switch|p2a: Kingambit|Kingambit, M|100/100
|-activate|p2a: Kingambit|ability: Supreme Overlord
|-start|p2a: Kingambit|fallen2|[silent]
|turn|31
|l|☆Jebus1989_
|inactive|Jebus1989_ disconnected and has a minute to reconnect!
|player|p2|
|j|☆Jebus1989_
|inactive|Jebus1989_ reconnected and has 120 seconds left.
|player|p2|Jebus1989_|ethan|
|
|t:|1743849076
|move|p1a: Guts|Vacuum Wave|p2a: Kingambit
|-supereffective|p2a: Kingambit
|-damage|p2a: Kingambit|9/100
|move|p2a: Kingambit|Sucker Punch||[still]
|-fail|p2a: Kingambit
|
|-heal|p2a: Kingambit|15/100|[from] item: Leftovers
|upkeep
|turn|32
|
|t:|1743849087
|move|p1a: Guts|Vacuum Wave|p2a: Kingambit
|-supereffective|p2a: Kingambit
|-damage|p2a: Kingambit|0 fnt
|faint|p2a: Kingambit
|-end|p2a: Kingambit|fallen2|[silent]
|
|upkeep
|
|t:|1743849089
|switch|p2a: Frosmoth|Frosmoth, F, tera:Ground|100/100
|turn|33
|
|t:|1743849098
|switch|p1a: Genosis|Reuniclus, M, shiny|100/100
|move|p2a: Frosmoth|Quiver Dance|p2a: Frosmoth
|-boost|p2a: Frosmoth|spa|1
|-boost|p2a: Frosmoth|spd|1
|-boost|p2a: Frosmoth|spe|1
|
|upkeep
|turn|34
|
|t:|1743849102
|move|p2a: Frosmoth|Ice Beam|p1a: Genosis
|-damage|p1a: Genosis|70/100
|move|p1a: Genosis|Psyshock|p2a: Frosmoth
|-damage|p2a: Frosmoth|75/100
|
|-heal|p2a: Frosmoth|81/100|[from] item: Leftovers
|upkeep
|turn|35
|
|t:|1743849110
|move|p2a: Frosmoth|Quiver Dance|p2a: Frosmoth
|-boost|p2a: Frosmoth|spa|1
|-boost|p2a: Frosmoth|spd|1
|-boost|p2a: Frosmoth|spe|1
|move|p1a: Genosis|Psyshock|p2a: Frosmoth
|-damage|p2a: Frosmoth|52/100
|
|-heal|p2a: Frosmoth|58/100|[from] item: Leftovers
|upkeep
|turn|36
|
|t:|1743849118
|move|p2a: Frosmoth|Ice Beam|p1a: Genosis
|-damage|p1a: Genosis|29/100
|move|p1a: Genosis|Psyshock|p2a: Frosmoth
|-damage|p2a: Frosmoth|30/100
|
|-heal|p2a: Frosmoth|36/100|[from] item: Leftovers
|upkeep
|turn|37
|
|t:|1743849131
|move|p2a: Frosmoth|Ice Beam|p1a: Genosis
|-damage|p1a: Genosis|0 fnt
|faint|p1a: Genosis
|
|-heal|p2a: Frosmoth|42/100|[from] item: Leftovers
|upkeep
|
|t:|1743849133
|switch|p1a: Amber|Scizor, M, shiny|84/100
|turn|38
|
|t:|1743849139
|switch|p2a: Great Tusk|Great Tusk|66/100
|move|p1a: Amber|Bullet Punch|p2a: Great Tusk
|-damage|p2a: Great Tusk|41/100
|-damage|p1a: Amber|68/100|[from] item: Rocky Helmet|[of] p2a: Great Tusk
|
|upkeep
|turn|39
|
|t:|1743849146
|switch|p1a: Hawkeye|Decidueye-Hisui, M, shiny|81/100
|move|p2a: Great Tusk|Stealth Rock|p1a: Hawkeye
|-sidestart|p1: No_OverUsed?|move: Stealth Rock
|
|upkeep
|turn|40
|
|t:|1743849156
|move|p2a: Great Tusk|Knock Off|p1a: Hawkeye
|-resisted|p1a: Hawkeye
|-damage|p1a: Hawkeye|70/100
|-damage|p2a: Great Tusk|24/100|[from] item: Rocky Helmet|[of] p1a: Hawkeye
|-enditem|p1a: Hawkeye|Rocky Helmet|[from] move: Knock Off|[of] p2a: Great Tusk
|move|p1a: Hawkeye|Defog|p2a: Great Tusk
|-unboost|p2a: Great Tusk|evasion|1
|-sideend|p1: No_OverUsed?|Stealth Rock|[from] move: Defog|[of] p1a: Hawkeye
|
|upkeep
|turn|41
|
|t:|1743849160
|-end|p2a: Great Tusk|Protosynthesis|[silent]
|switch|p2a: Weezing|Weezing-Galar, M, shiny|64/100
|-fieldstart|move: Misty Terrain|[from] ability: Misty Surge|[of] p2a: Weezing
|move|p1a: Hawkeye|Grass Knot|p2a: Weezing
|-resisted|p2a: Weezing
|-damage|p2a: Weezing|53/100
|
|upkeep
|turn|42
|
|t:|1743849168
|switch|p1a: VGC|Incineroar, M|8/100
|-ability|p1a: VGC|Intimidate|boost
|-unboost|p2a: Weezing|atk|1
|move|p2a: Weezing|Strange Steam|p1a: VGC
|-damage|p1a: VGC|0 fnt
|faint|p1a: VGC
|
|upkeep
|
|t:|1743849170
|switch|p1a: Guts|Keldeo-Resolute|4/100
|turn|43
|
|t:|1743849175
|move|p1a: Guts|Surf|p2a: Weezing
|-damage|p2a: Weezing|0 fnt
|faint|p2a: Weezing
|
|upkeep
|
|t:|1743849177
|switch|p2a: Frosmoth|Frosmoth, F, tera:Ground|42/100
|turn|44
|
|t:|1743849178
|move|p1a: Guts|Secret Sword|p2a: Frosmoth
|-crit|p2a: Frosmoth
|-damage|p2a: Frosmoth|0 fnt
|faint|p2a: Frosmoth
|
|upkeep
|-message|Jebus1989_ forfeited.
|
|win|No_OverUsed?
|raw|No_OverUsed?'s rating: 1644 &rarr; <strong>1670</strong><br />(+26 for winning)
|raw|Jebus1989_'s rating: 1757 &rarr; <strong>1731</strong><br />(-26 for losing)
|l|☆Jebus1989_
|player|p2|
|l|☆No_OverUsed?
|player|p1|
|j|☆Jebus1989_
|player|p2|Jebus1989_|ethan|
