|j|☆Capitao General ll
|j|☆Sanesa8724
|t:|1743799058
|gametype|singles
|player|p1|Capitao General ll|dexio|
|player|p2|Sanesa8724|265|
|teamsize|p1|6
|teamsize|p2|6
|gen|9
|tier|[Gen 9] OU
|rule|HP Percentage Mod: HP is shown in percentages
|rule|Endless Battle Clause: Forcing endless battles is banned
|rule|Species Clause: Limit one of each Pokémon
|rule|OHKO Clause: OHKO moves are banned
|rule|Evasion Items Clause: Evasion items are banned
|rule|Evasion Moves Clause: Evasion moves are banned
|rule|Sleep Moves Clause: Sleep-inducing moves are banned
|clearpoke
|poke|p1|Ting-Lu|
|poke|p1|Sinistcha|
|poke|p1|Clefable, M|
|poke|p1|Weavile, M|
|poke|p1|Slowking-Galar, F|
|poke|p1|Raging Bolt|
|poke|p2|Blissey, F|
|poke|p2|Corviknight, F|
|poke|p2|Dondozo, F|
|poke|p2|Clefable, F|
|poke|p2|Clodsire, F|
|poke|p2|Wo-Chien|
|teampreview
|
|t:|1743799095
|start
|switch|p1a: Eternal Pink Blob|Clefable, M|100/100
|switch|p2a: Clefable|Clefable, F, shiny|100/100
|turn|1
|
|t:|1743799101
|move|p2a: Clefable|Knock Off|p1a: Eternal Pink Blob
|-resisted|p1a: Eternal Pink Blob
|-damage|p1a: Eternal Pink Blob|95/100
|-enditem|p1a: Eternal Pink Blob|Leftovers|[from] move: Knock Off|[of] p2a: Clefable
|move|p1a: Eternal Pink Blob|Stealth Rock|p2a: Clefable
|-sidestart|p2: Sanesa8724|move: Stealth Rock
|
|upkeep
|turn|2
|
|t:|1743799126
|move|p2a: Clefable|Moonblast|p1a: Eternal Pink Blob
|-damage|p1a: Eternal Pink Blob|66/100
|-unboost|p1a: Eternal Pink Blob|spa|1
|move|p1a: Eternal Pink Blob|Moonblast|p2a: Clefable
|-damage|p2a: Clefable|81/100
|
|upkeep
|turn|3
|
|t:|1743799153
|move|p1a: Eternal Pink Blob|Wish|p1a: Eternal Pink Blob
|move|p2a: Clefable|Moonblast|p1a: Eternal Pink Blob
|-damage|p1a: Eternal Pink Blob|35/100
|-unboost|p1a: Eternal Pink Blob|spa|1
|
|upkeep
|turn|4
|
|t:|1743799162
|move|p1a: Eternal Pink Blob|Protect|p1a: Eternal Pink Blob
|-singleturn|p1a: Eternal Pink Blob|Protect
|move|p2a: Clefable|Knock Off|p1a: Eternal Pink Blob
|-activate|p1a: Eternal Pink Blob|move: Protect
|
|-heal|p1a: Eternal Pink Blob|85/100|[from] move: Wish|[wisher] Eternal Pink Blob
|upkeep
|turn|5
|
|t:|1743799166
|move|p1a: Eternal Pink Blob|Moonblast|p2a: Clefable
|-damage|p2a: Clefable|65/100
|-unboost|p2a: Clefable|spa|1
|move|p2a: Clefable|Moonblast|p1a: Eternal Pink Blob
|-damage|p1a: Eternal Pink Blob|66/100
|
|upkeep
|turn|6
|c|☆Sanesa8724|This match will take a while lol
|c|☆Capitao General ll|yeah
|c|☆Capitao General ll|but I think it is winnable
|c|☆Capitao General ll|just need to manage weavile well
|c|☆Sanesa8724|Defitnely
|c|☆Sanesa8724|you can win this
|
|t:|1743799224
|move|p1a: Eternal Pink Blob|Wish|p1a: Eternal Pink Blob
|move|p2a: Clefable|Wish|p2a: Clefable
|
|upkeep
|turn|7
|
|t:|1743799246
|move|p1a: Eternal Pink Blob|Moonblast|p2a: Clefable
|-damage|p2a: Clefable|51/100
|move|p2a: Clefable|Knock Off|p1a: Eternal Pink Blob
|-resisted|p1a: Eternal Pink Blob
|-damage|p1a: Eternal Pink Blob|62/100
|
|-heal|p2a: Clefable|100/100|[from] move: Wish|[wisher] Clefable
|-heal|p1a: Eternal Pink Blob|100/100|[from] move: Wish|[wisher] Eternal Pink Blob
|upkeep
|turn|8
|
|t:|1743799265
|switch|p2a: Corviknight|Corviknight, F, shiny|100/100
|-ability|p2a: Corviknight|Pressure
|switch|p1a: SV Rotom-Wash|Slowking-Galar, F|100/100
|
|upkeep
|turn|9
|
|t:|1743799277
|switch|p2a: Wo-Chien|Wo-Chien|100/100
|-ability|p2a: Wo-Chien|Tablets of Ruin
|move|p1a: SV Rotom-Wash|Thunder Wave|p2a: Wo-Chien
|-status|p2a: Wo-Chien|par
|
|upkeep
|turn|10
|
|t:|1743799290
|switch|p1a: Eternal Pink Blob|Clefable, M|100/100
|move|p2a: Wo-Chien|Knock Off|p1a: Eternal Pink Blob
|-resisted|p1a: Eternal Pink Blob
|-damage|p1a: Eternal Pink Blob|93/100
|
|upkeep
|turn|11
|
|t:|1743799301
|switch|p1a: Raging Bolt|Raging Bolt|100/100
|switch|p2a: Clodsire|Clodsire, F, shiny|100/100
|
|upkeep
|turn|12
|
|t:|1743799311
|-end|p1a: Raging Bolt|Protosynthesis|[silent]
|switch|p1a: SV Rotom-Wash|Slowking-Galar, F|100/100
|move|p2a: Clodsire|Toxic|p1a: SV Rotom-Wash
|-immune|p1a: SV Rotom-Wash
|
|upkeep
|turn|13
|
|t:|1743799321
|switch|p1a: SV Aerodactyl|Weavile, M|100/100
|-ability|p1a: SV Aerodactyl|Pressure
|move|p2a: Clodsire|Earthquake|p1a: SV Aerodactyl
|-damage|p1a: SV Aerodactyl|55/100
|
|upkeep
|turn|14
|
|t:|1743799338
|switch|p2a: Clefable|Clefable, F, shiny|100/100
|move|p1a: SV Aerodactyl|Knock Off|p2a: Clefable
|-resisted|p2a: Clefable
|-crit|p2a: Clefable
|-damage|p2a: Clefable|71/100
|-enditem|p2a: Clefable|Sticky Barb|[from] move: Knock Off|[of] p1a: SV Aerodactyl
|
|upkeep
|turn|15
|
|t:|1743799351
|switch|p1a: Eternal Pink Blob|Clefable, M|93/100
|move|p2a: Clefable|Wish|p2a: Clefable
|
|upkeep
|turn|16
|
|t:|1743799368
|switch|p1a: SV Rotom-Wash|Slowking-Galar, F|100/100
|move|p2a: Clefable|Moonblast|p1a: SV Rotom-Wash
|-resisted|p1a: SV Rotom-Wash
|-damage|p1a: SV Rotom-Wash|91/100
|
|-heal|p2a: Clefable|100/100|[from] move: Wish|[wisher] Clefable
|upkeep
|turn|17
|
|t:|1743799383
|switch|p2a: Blissey|Blissey, F, shiny|100/100
|switch|p1a: Eternal Pink Blob|Clefable, M|93/100
|
|upkeep
|turn|18
|
|t:|1743799392
|move|p1a: Eternal Pink Blob|Wish|p1a: Eternal Pink Blob
|move|p2a: Blissey|Stealth Rock|p1a: Eternal Pink Blob
|-sidestart|p1: Capitao General ll|move: Stealth Rock
|
|upkeep
|turn|19
|
|t:|1743799404
|switch|p1a: SV Aerodactyl|Weavile, M|55/100
|-ability|p1a: SV Aerodactyl|Pressure
|switch|p2a: Clefable|Clefable, F, shiny|100/100
|
|-heal|p1a: SV Aerodactyl|100/100|[from] move: Wish|[wisher] Eternal Pink Blob
|upkeep
|turn|20
|
|t:|1743799414
|switch|p1a: Eternal Pink Blob|Clefable, M|93/100
|move|p2a: Clefable|Moonblast|p1a: Eternal Pink Blob
|-damage|p1a: Eternal Pink Blob|62/100
|-unboost|p1a: Eternal Pink Blob|spa|1
|
|upkeep
|turn|21
|
|t:|1743799423
|switch|p2a: Corviknight|Corviknight, F, shiny|100/100
|-ability|p2a: Corviknight|Pressure
|move|p1a: Eternal Pink Blob|Wish|p1a: Eternal Pink Blob
|
|upkeep
|turn|22
|
|t:|1743799438
|move|p1a: Eternal Pink Blob|Protect|p1a: Eternal Pink Blob
|-singleturn|p1a: Eternal Pink Blob|Protect
|move|p2a: Corviknight|Defog|p1a: Eternal Pink Blob
|-activate|p1a: Eternal Pink Blob|move: Protect
|
|-heal|p1a: Eternal Pink Blob|100/100|[from] move: Wish|[wisher] Eternal Pink Blob
|upkeep
|turn|23
|
|t:|1743799451
|switch|p2a: Blissey|Blissey, F, shiny|100/100
|move|p1a: Eternal Pink Blob|Stealth Rock||[still]
|-fail|p1a: Eternal Pink Blob
|
|upkeep
|turn|24
|
|t:|1743799460
|switch|p1a: SV Aerodactyl|Weavile, M|100/100
|-ability|p1a: SV Aerodactyl|Pressure
|move|p2a: Blissey|Calm Mind|p2a: Blissey
|-boost|p2a: Blissey|spa|1
|-boost|p2a: Blissey|spd|1
|
|upkeep
|turn|25
|
|t:|1743799466
|switch|p2a: Clefable|Clefable, F, shiny|100/100
|move|p1a: SV Aerodactyl|Knock Off|p2a: Clefable
|-resisted|p2a: Clefable
|-damage|p2a: Clefable|89/100
|
|upkeep
|turn|26
|
|t:|1743799473
|switch|p1a: Eternal Pink Blob|Clefable, M|100/100
|move|p2a: Clefable|Moonblast|p1a: Eternal Pink Blob
|-damage|p1a: Eternal Pink Blob|73/100
|
|upkeep
|turn|27
|
|t:|1743799501
|move|p1a: Eternal Pink Blob|Moonblast|p2a: Clefable
|-damage|p2a: Clefable|61/100
|move|p2a: Clefable|Moonblast|p1a: Eternal Pink Blob
|-damage|p1a: Eternal Pink Blob|43/100
|-unboost|p1a: Eternal Pink Blob|spa|1
|
|upkeep
|turn|28
|
|t:|1743799508
|switch|p2a: Corviknight|Corviknight, F, shiny|100/100
|-ability|p2a: Corviknight|Pressure
|move|p1a: Eternal Pink Blob|Wish|p1a: Eternal Pink Blob
|
|upkeep
|turn|29
|
|t:|1743799516
|switch|p2a: Clefable|Clefable, F, shiny|61/100
|move|p1a: Eternal Pink Blob|Protect||[still]
|-fail|p1a: Eternal Pink Blob
|
|-heal|p1a: Eternal Pink Blob|93/100|[from] move: Wish|[wisher] Eternal Pink Blob
|upkeep
|turn|30
|
|t:|1743799521
|switch|p1a: SV Rotom-Wash|Slowking-Galar, F|100/100
|move|p2a: Clefable|Wish|p2a: Clefable
|
|upkeep
|turn|31
|
|t:|1743799532
|switch|p2a: Corviknight|Corviknight, F, shiny|100/100
|-ability|p2a: Corviknight|Pressure
|switch|p1a: Eternal Pink Blob|Clefable, M|93/100
|
|upkeep
|turn|32
|
|t:|1743799540
|switch|p2a: Clefable|Clefable, F, shiny|61/100
|switch|p1a: Raging Bolt|Raging Bolt|100/100
|
|upkeep
|turn|33
|
|t:|1743799558
|switch|p2a: Clodsire|Clodsire, F, shiny|100/100
|move|p1a: Raging Bolt|Volt Switch|p2a: Clodsire
|-immune|p2a: Clodsire
|
|upkeep
|turn|34
|
|t:|1743799574
|-end|p1a: Raging Bolt|Protosynthesis|[silent]
|switch|p1a: SV Rotom-Wash|Slowking-Galar, F|100/100
|move|p2a: Clodsire|Toxic|p1a: SV Rotom-Wash
|-immune|p1a: SV Rotom-Wash
|
|upkeep
|turn|35
|
|t:|1743799586
|move|p2a: Clodsire|Earthquake|p1a: SV Rotom-Wash
|-supereffective|p1a: SV Rotom-Wash
|-damage|p1a: SV Rotom-Wash|39/100
|-prepare|p1a: SV Rotom-Wash|Chilly Reception|[premajor]
|move|p1a: SV Rotom-Wash|Chilly Reception|p1a: SV Rotom-Wash
|-weather|Snowscape
|
|t:|1743799591
|switch|p1a: SV Aerodactyl|Weavile, M|100/100|[from] Chilly Reception
|-ability|p1a: SV Aerodactyl|Pressure
|
|-weather|Snowscape|[upkeep]
|upkeep
|turn|36
|
|t:|1743799642
|switch|p2a: Dondozo|Dondozo, F, shiny|100/100
|move|p1a: SV Aerodactyl|Knock Off|p2a: Dondozo
|-damage|p2a: Dondozo|81/100
|-enditem|p2a: Dondozo|Heavy-Duty Boots|[from] move: Knock Off|[of] p1a: SV Aerodactyl
|
|-weather|Snowscape|[upkeep]
|upkeep
|turn|37
|
|t:|1743799652
|switch|p1a: Raging Bolt|Raging Bolt|100/100
|switch|p2a: Clefable|Clefable, F, shiny|61/100
|
|-weather|Snowscape|[upkeep]
|upkeep
|turn|38
|
|t:|1743799705
|move|p1a: Raging Bolt|Volt Switch|p2a: Clefable
|-damage|p2a: Clefable|21/100
|
|t:|1743799716
|-end|p1a: Raging Bolt|Protosynthesis|[silent]
|switch|p1a: SV Ferrothorn|Ting-Lu|100/100|[from] Volt Switch
|-damage|p1a: SV Ferrothorn|94/100|[from] Stealth Rock
|-ability|p1a: SV Ferrothorn|Vessel of Ruin
|move|p2a: Clefable|Wish|p2a: Clefable
|
|-weather|Snowscape|[upkeep]
|-heal|p1a: SV Ferrothorn|100/100|[from] item: Leftovers
|upkeep
|turn|39
|
|t:|1743799725
|move|p2a: Clefable|Protect|p2a: Clefable
|-singleturn|p2a: Clefable|Protect
|move|p1a: SV Ferrothorn|Whirlwind|p2a: Clefable
|drag|p2a: Corviknight|Corviknight, F, shiny|100/100
|-ability|p2a: Corviknight|Pressure
|
|-weather|none
|upkeep
|turn|40
|
|t:|1743799756
|switch|p1a: Raging Bolt|Raging Bolt|100/100
|move|p2a: Corviknight|Defog|p1a: Raging Bolt
|-unboost|p1a: Raging Bolt|evasion|1
|-sideend|p1: Capitao General ll|Stealth Rock|[from] move: Defog|[of] p2a: Corviknight
|-sideend|p2: Sanesa8724|Stealth Rock|[from] move: Defog|[of] p2a: Corviknight
|
|upkeep
|turn|41
|c|☆Sanesa8724|Fuck that's mean
|c|☆Capitao General ll|yup, got proud of the whirlwind play
|
|t:|1743799776
|-end|p1a: Raging Bolt|Protosynthesis|[silent]
|switch|p1a: SV Aerodactyl|Weavile, M|100/100
|-ability|p1a: SV Aerodactyl|Pressure
|switch|p2a: Clodsire|Clodsire, F, shiny|100/100
|
|upkeep
|turn|42
|c|☆Sanesa8724|It was a very good play
|
|t:|1743799821
|move|p1a: SV Aerodactyl|Knock Off|p2a: Clodsire
|-damage|p2a: Clodsire|45/100
|-enditem|p2a: Clodsire|Heavy-Duty Boots|[from] move: Knock Off|[of] p1a: SV Aerodactyl
|move|p2a: Clodsire|Toxic|p1a: SV Aerodactyl
|-status|p1a: SV Aerodactyl|tox
|
|-damage|p1a: SV Aerodactyl|94/100 tox|[from] psn
|upkeep
|turn|43
|
|t:|1743799827
|switch|p2a: Dondozo|Dondozo, F, shiny|81/100
|move|p1a: SV Aerodactyl|Knock Off|p2a: Dondozo
|-damage|p2a: Dondozo|66/100
|
|-damage|p1a: SV Aerodactyl|82/100 tox|[from] psn
|upkeep
|turn|44
|
|t:|1743799840
|switch|p1a: Raging Bolt|Raging Bolt|100/100
|move|p2a: Dondozo|Waterfall|p1a: Raging Bolt
|-resisted|p1a: Raging Bolt
|-damage|p1a: Raging Bolt|87/100
|
|upkeep
|turn|45
|
|t:|1743799851
|switch|p2a: Clodsire|Clodsire, F, shiny|45/100
|move|p1a: Raging Bolt|Dragon Pulse|p2a: Clodsire
|-damage|p2a: Clodsire|20/100
|
|upkeep
|turn|46
|c|☆Sanesa8724|That deals this much?
|c|☆Capitao General ll|yup
|
|t:|1743799879
|switch|p2a: Corviknight|Corviknight, F, shiny|100/100
|-ability|p2a: Corviknight|Pressure
|move|p1a: Raging Bolt|Volt Switch|p2a: Corviknight
|-supereffective|p2a: Corviknight
|-damage|p2a: Corviknight|20/100
|c|☆Sanesa8724|Gg
|-message|Sanesa8724 forfeited.
|
|win|Capitao General ll
|c|☆Sanesa8724|Do you shouldn't lose to stall
|c|☆Sanesa8724|Nice
|c|☆Sanesa8724|U wanna test again 1 more different team?
|c|☆Capitao General ll|1 different team from me or you?
|c|☆Sanesa8724|Me
|c|☆Capitao General ll|ok
|c|☆Capitao General ll|sure
|l|☆Sanesa8724
|player|p2|
