|j|☆Phanthom_Ex4
|j|☆dgmnlld ungry
|t:|1743791711
|gametype|singles
|player|p1|Phanthom_Ex4|burglar|1458
|player|p2|dgmnlld ungry|169|1481
|teamsize|p1|6
|teamsize|p2|6
|gen|9
|tier|[Gen 9] OU
|rated|
|rule|HP Percentage Mod: HP is shown in percentages
|rule|Endless Battle Clause: Forcing endless battles is banned
|rule|Species Clause: Limit one of each Pokémon
|rule|OHKO Clause: OHKO moves are banned
|rule|Evasion Items Clause: Evasion items are banned
|rule|Evasion Moves Clause: Evasion moves are banned
|rule|Sleep Moves Clause: Sleep-inducing moves are banned
|clearpoke
|poke|p1|Ditto|
|poke|p1|Dondozo, M|
|poke|p1|Cinderace, F|
|poke|p1|Latios, M|
|poke|p1|Clodsire, M|
|poke|p1|Houndstone, M|
|poke|p2|Dragonite, M|
|poke|p2|Kingambit, F|
|poke|p2|Iron Moth|
|poke|p2|Iron Valiant|
|poke|p2|Samurott-Hisui, M|
|poke|p2|Moltres-Galar|
|teampreview
|inactive|Battle timer is ON: inactive players will automatically lose when time's up. (requested by dgmnlld ungry)
|
|t:|1743791728
|start
|switch|p1a: Ditto|Ditto|100/100
|switch|p2a: Samurott|Samurott-Hisui, M|100/100
|-transform|p1a: Ditto|p2a: Samurott|[from] ability: Imposter
|turn|1
|
|t:|1743791737
|move|p1a: Ditto|Ceaseless Edge|p2a: Samurott
|-resisted|p2a: Samurott
|-damage|p2a: Samurott|73/100
|-sidestart|p2: dgmnlld ungry|Spikes
|move|p2a: Samurott|Ceaseless Edge|p1a: Ditto
|-resisted|p1a: Ditto
|-damage|p1a: Ditto|68/100
|-sidestart|p1: Phanthom_Ex4|Spikes
|
|upkeep
|turn|2
|
|t:|1743791746
|move|p1a: Ditto|Ceaseless Edge|p2a: Samurott|[miss]
|-miss|p1a: Ditto|p2a: Samurott
|move|p2a: Samurott|Ceaseless Edge|p1a: Ditto
|-resisted|p1a: Ditto
|-damage|p1a: Ditto|39/100
|-sidestart|p1: Phanthom_Ex4|Spikes
|
|upkeep
|turn|3
|
|t:|1743791754
|move|p1a: Ditto|Ceaseless Edge|p2a: Samurott
|-resisted|p2a: Samurott
|-damage|p2a: Samurott|43/100
|-sidestart|p2: dgmnlld ungry|Spikes
|move|p2a: Samurott|Ceaseless Edge|p1a: Ditto
|-resisted|p1a: Ditto
|-damage|p1a: Ditto|8/100
|-sidestart|p1: Phanthom_Ex4|Spikes
|
|upkeep
|turn|4
|
|t:|1743791762
|switch|p1a: Cinderace|Cinderace, F|100/100
|move|p2a: Samurott|Sucker Punch||[still]
|-fail|p2a: Samurott
|
|upkeep
|turn|5
|
|t:|1743791771
|move|p1a: Cinderace|U-turn|p2a: Samurott
|-start|p1a: Cinderace|typechange|Bug|[from] ability: Libero
|-supereffective|p2a: Samurott
|-damage|p2a: Samurott|0 fnt
|faint|p2a: Samurott
|
|t:|1743791780
|switch|p1a: Latios|Latios, M|100/100|[from] U-turn
|
|upkeep
|
|t:|1743791785
|switch|p2a: Iron Valiant|Iron Valiant|100/100
|-damage|p2a: Iron Valiant|84/100|[from] Spikes
|-enditem|p2a: Iron Valiant|Booster Energy
|-activate|p2a: Iron Valiant|ability: Quark Drive|[fromitem]
|-start|p2a: Iron Valiant|quarkdrivespe
|turn|6
|
|t:|1743791793
|switch|p1a: Clodsire|Clodsire, M|100/100
|-damage|p1a: Clodsire|75/100|[from] Spikes
|move|p2a: Iron Valiant|Knock Off|p1a: Clodsire
|-damage|p1a: Clodsire|46/100
|-enditem|p1a: Clodsire|Leftovers|[from] move: Knock Off|[of] p2a: Iron Valiant
|
|upkeep
|turn|7
|
|t:|1743791804
|switch|p1a: Ditto|Ditto|8/100
|-damage|p1a: Ditto|0 fnt|[from] Spikes
|faint|p1a: Ditto
|move|p2a: Iron Valiant|Knock Off|p1: Ditto|[notarget]
|-fail|p2a: Iron Valiant
|
|upkeep
|
|t:|1743791819
|switch|p1a: Dondozo|Dondozo, M|100/100
|-damage|p1a: Dondozo|76/100|[from] Spikes
|turn|8
|
|t:|1743791824
|move|p2a: Iron Valiant|Moonblast|p1a: Dondozo
|-damage|p1a: Dondozo|34/100
|-unboost|p1a: Dondozo|spa|1
|move|p1a: Dondozo|Curse|p1a: Dondozo
|-unboost|p1a: Dondozo|spe|1
|-boost|p1a: Dondozo|atk|1
|-boost|p1a: Dondozo|def|1
|
|-heal|p1a: Dondozo|40/100|[from] item: Leftovers
|upkeep
|turn|9
|
|t:|1743791834
|move|p2a: Iron Valiant|Moonblast|p1a: Dondozo
|-damage|p1a: Dondozo|0 fnt
|faint|p1a: Dondozo
|
|upkeep
|
|t:|1743791841
|switch|p1a: Cinderace|Cinderace, F|100/100
|turn|10
|
|t:|1743791848
|move|p2a: Iron Valiant|Knock Off|p1a: Cinderace
|-damage|p1a: Cinderace|63/100
|-enditem|p1a: Cinderace|Heavy-Duty Boots|[from] move: Knock Off|[of] p2a: Iron Valiant
|move|p1a: Cinderace|Pyro Ball|p2a: Iron Valiant
|-damage|p2a: Iron Valiant|5/100
|-status|p2a: Iron Valiant|brn
|
|-damage|p2a: Iron Valiant|0 fnt|[from] brn
|faint|p2a: Iron Valiant
|-end|p2a: Iron Valiant|Quark Drive|[silent]
|upkeep
|
|t:|1743791861
|switch|p2a: Dragonite|Dragonite, M|100/100
|turn|11
|
|t:|1743791865
|move|p1a: Cinderace|U-turn|p2a: Dragonite
|-start|p1a: Cinderace|typechange|Bug|[from] ability: Libero
|-resisted|p2a: Dragonite
|-damage|p2a: Dragonite|91/100
|
|t:|1743791869
|switch|p1a: Houndstone|Houndstone, M|100/100|[from] U-turn
|-damage|p1a: Houndstone|75/100|[from] Spikes
|move|p2a: Dragonite|Dragon Dance|p2a: Dragonite
|-boost|p2a: Dragonite|atk|1
|-boost|p2a: Dragonite|spe|1
|
|-heal|p1a: Houndstone|82/100|[from] item: Leftovers
|upkeep
|turn|12
|
|t:|1743791880
|move|p2a: Dragonite|Outrage|p1a: Houndstone
|-damage|p1a: Houndstone|42/100
|move|p1a: Houndstone|Will-O-Wisp|p2a: Dragonite
|-status|p2a: Dragonite|brn
|
|-heal|p1a: Houndstone|48/100|[from] item: Leftovers
|-damage|p2a: Dragonite|85/100 brn|[from] brn
|upkeep
|turn|13
|inactive|Phanthom_Ex4 has 120 seconds left.
|
|t:|1743791916
|switch|p1a: Cinderace|Cinderace, F|63/100
|-damage|p1a: Cinderace|38/100|[from] Spikes
|move|p2a: Dragonite|Outrage|p1a: Cinderace|[from] lockedmove
|-damage|p1a: Cinderace|0 fnt
|faint|p1a: Cinderace
|
|-damage|p2a: Dragonite|79/100 brn|[from] brn
|upkeep
|
|t:|1743791922
|switch|p1a: Clodsire|Clodsire, M|46/100
|-damage|p1a: Clodsire|21/100|[from] Spikes
|turn|14
|
|t:|1743791931
|-terastallize|p1a: Clodsire|Fairy
|move|p2a: Dragonite|Outrage|p1a: Clodsire|[from] lockedmove
|-immune|p1a: Clodsire
|-start|p2a: Dragonite|confusion|[fatigue]
|move|p1a: Clodsire|Recover|p1a: Clodsire
|-heal|p1a: Clodsire|71/100
|
|-damage|p2a: Dragonite|72/100 brn|[from] brn
|upkeep
|turn|15
|inactive|Phanthom_Ex4 has 120 seconds left.
|
|t:|1743791956
|switch|p1a: Houndstone|Houndstone, M|48/100
|-damage|p1a: Houndstone|23/100|[from] Spikes
|-activate|p2a: Dragonite|confusion
|move|p2a: Dragonite|Earthquake|p1a: Houndstone
|-damage|p1a: Houndstone|1/100
|
|-heal|p1a: Houndstone|7/100|[from] item: Leftovers
|-damage|p2a: Dragonite|66/100 brn|[from] brn
|upkeep
|turn|16
|
|t:|1743791968
|switch|p1a: Latios|Latios, M|100/100
|-activate|p2a: Dragonite|confusion
|move|p2a: Dragonite|Earthquake|p1a: Latios
|-immune|p1a: Latios|[from] ability: Levitate
|
|-damage|p2a: Dragonite|60/100 brn|[from] brn
|upkeep
|turn|17
|
|t:|1743791979
|-activate|p2a: Dragonite|confusion
|move|p2a: Dragonite|Extreme Speed|p1a: Latios
|-damage|p1a: Latios|71/100
|move|p1a: Latios|Ice Beam|p2a: Dragonite
|-supereffective|p2a: Dragonite
|-damage|p2a: Dragonite|0 fnt
|faint|p2a: Dragonite
|
|upkeep
|
|t:|1743791988
|switch|p2a: Iron Moth|Iron Moth|100/100
|-damage|p2a: Iron Moth|84/100|[from] Spikes
|-enditem|p2a: Iron Moth|Booster Energy
|-activate|p2a: Iron Moth|ability: Quark Drive|[fromitem]
|-start|p2a: Iron Moth|quarkdrivespe
|turn|18
|
|t:|1743791997
|switch|p1a: Houndstone|Houndstone, M|7/100
|-damage|p1a: Houndstone|0 fnt|[from] Spikes
|faint|p1a: Houndstone
|move|p2a: Iron Moth|Dazzling Gleam|p1: Houndstone|[notarget]
|-fail|p2a: Iron Moth
|
|upkeep
|
|t:|1743792009
|switch|p1a: Clodsire|Clodsire, M, tera:Fairy|71/100
|-damage|p1a: Clodsire|46/100|[from] Spikes
|turn|19
|
|t:|1743792035
|move|p2a: Iron Moth|Sludge Wave|p1a: Clodsire
|-supereffective|p1a: Clodsire
|-damage|p1a: Clodsire|0 fnt
|faint|p1a: Clodsire
|
|upkeep
|
|t:|1743792041
|switch|p1a: Latios|Latios, M|71/100
|turn|20
|-message|Phanthom_Ex4 forfeited.
|
|win|dgmnlld ungry
|raw|Phanthom_Ex4's rating: 1458 &rarr; <strong>1439</strong><br />(-19 for losing)
|raw|dgmnlld ungry's rating: 1481 &rarr; <strong>1500</strong><br />(+19 for winning)
|l|☆Phanthom_Ex4
|player|p1|
|l|☆dgmnlld ungry
|player|p2|
