|j|☆healmostbangedme
|j|☆fiery dances
|t:|1743899700
|gametype|singles
|player|p1|healmostbangedme|miku-flying|1357
|player|p2|fiery dances|gardenia-masters|1364
|teamsize|p1|6
|teamsize|p2|6
|gen|9
|tier|[Gen 9] OU
|rated|
|rule|HP Percentage Mod: HP is shown in percentages
|rule|Endless Battle Clause: Forcing endless battles is banned
|rule|Species Clause: Limit one of each Pokémon
|rule|OHKO Clause: OHKO moves are banned
|rule|Evasion Items Clause: Evasion items are banned
|rule|Evasion Moves Clause: Evasion moves are banned
|rule|Sleep Moves Clause: Sleep-inducing moves are banned
|clearpoke
|poke|p1|Mienshao, F|
|poke|p1|Kyurem|
|poke|p1|Dragapult, F|
|poke|p1|Dragonite, F|
|poke|p1|Keldeo-Resolute|
|poke|p1|Zapdos|
|poke|p2|Darkrai|
|poke|p2|Gholdengo|
|poke|p2|Iron Treads|
|poke|p2|Ogerpon-Wellspring, F|
|poke|p2|Dragonite, F|
|poke|p2|Iron Valiant|
|teampreview
|inactive|Battle timer is ON: inactive players will automatically lose when time's up. (requested by fiery dances)
|inactive|healmostbangedme also wants the timer to be on.
|inactive|fiery dances has 120 seconds left.
|
|t:|1743899731
|start
|switch|p1a: mien fuher|Mienshao, F|100/100
|switch|p2a: Iron Treads|Iron Treads|100/100
|-enditem|p2a: Iron Treads|Booster Energy
|-activate|p2a: Iron Treads|ability: Quark Drive|[fromitem]
|-start|p2a: Iron Treads|quarkdrivespe
|turn|1
|
|t:|1743899741
|-end|p2a: Iron Treads|Quark Drive|[silent]
|switch|p2a: Gholdengo|Gholdengo|100/100
|-item|p2a: Gholdengo|Air Balloon
|move|p1a: mien fuher|Ice Spinner|p2a: Gholdengo
|-resisted|p2a: Gholdengo
|-damage|p2a: Gholdengo|86/100
|-enditem|p2a: Gholdengo|Air Balloon
|
|upkeep
|turn|2
|
|t:|1743899750
|switch|p1a: zappy|Zapdos|100/100
|move|p2a: Gholdengo|Nasty Plot|p2a: Gholdengo
|-boost|p2a: Gholdengo|spa|2
|
|upkeep
|turn|3
|
|t:|1743899759
|move|p1a: zappy|Volt Switch|p2a: Gholdengo
|-damage|p2a: Gholdengo|58/100
|
|t:|1743899761
|switch|p1a: nite nite|Dragonite, F|100/100|[from] Volt Switch
|move|p2a: Gholdengo|Shadow Ball|p1a: nite nite
|-damage|p1a: nite nite|63/100
|
|upkeep
|turn|4
|inactive|fiery dances has 120 seconds left.
|
|t:|1743899814
|-terastallize|p2a: Gholdengo|Fairy
|move|p2a: Gholdengo|Recover|p2a: Gholdengo
|-heal|p2a: Gholdengo|100/100
|move|p1a: nite nite|Earthquake|p2a: Gholdengo
|-damage|p2a: Gholdengo|71/100
|
|upkeep
|turn|5
|
|t:|1743899835
|move|p2a: Gholdengo|Recover|p2a: Gholdengo
|-heal|p2a: Gholdengo|100/100
|move|p1a: nite nite|Roost|p1a: nite nite
|-heal|p1a: nite nite|100/100
|-singleturn|p1a: nite nite|move: Roost
|
|upkeep
|turn|6
|
|t:|1743899840
|move|p2a: Gholdengo|Nasty Plot|p2a: Gholdengo
|-boost|p2a: Gholdengo|spa|2
|move|p1a: nite nite|Hurricane|p2a: Gholdengo|[miss]
|-miss|p1a: nite nite|p2a: Gholdengo
|
|upkeep
|turn|7
|
|t:|1743899843
|move|p2a: Gholdengo|Dazzling Gleam|p1a: nite nite
|-supereffective|p1a: nite nite
|-damage|p1a: nite nite|0 fnt
|faint|p1a: nite nite
|
|upkeep
|
|t:|1743899853
|switch|p1a: zappy|Zapdos|100/100
|turn|8
|
|t:|1743899862
|move|p1a: zappy|Hurricane|p2a: Gholdengo
|-damage|p2a: Gholdengo|52/100
|move|p2a: Gholdengo|Shadow Ball|p1a: zappy
|-crit|p1a: zappy
|-damage|p1a: zappy|0 fnt
|faint|p1a: zappy
|
|upkeep
|
|t:|1743899866
|switch|p1a: Keldi|Keldeo-Resolute|100/100
|turn|9
|
|t:|1743899869
|move|p1a: Keldi|Hydro Pump|p2a: Gholdengo
|-damage|p2a: Gholdengo|0 fnt
|faint|p2a: Gholdengo
|
|upkeep
|
|t:|1743899872
|switch|p2a: Ogerpon|Ogerpon-Wellspring, F|100/100
|turn|10
|
|t:|1743899878
|switch|p1a: kiri|Kyurem|100/100
|-ability|p1a: kiri|Pressure
|move|p2a: Ogerpon|Swords Dance|p2a: Ogerpon
|-boost|p2a: Ogerpon|atk|2
|
|upkeep
|turn|11
|
|t:|1743899886
|move|p2a: Ogerpon|Knock Off|p1a: kiri
|-damage|p1a: kiri|24/100
|-enditem|p1a: kiri|Loaded Dice|[from] move: Knock Off|[of] p2a: Ogerpon
|move|p1a: kiri|Dragon Dance|p1a: kiri
|-boost|p1a: kiri|atk|1
|-boost|p1a: kiri|spe|1
|
|upkeep
|turn|12
|
|t:|1743899892
|move|p1a: kiri|Icicle Spear|p2a: Ogerpon
|-damage|p2a: Ogerpon|76/100
|-damage|p2a: Ogerpon|49/100
|-damage|p2a: Ogerpon|25/100
|-crit|p2a: Ogerpon
|-damage|p2a: Ogerpon|0 fnt
|faint|p2a: Ogerpon
|-hitcount|p2: Ogerpon|4
|
|upkeep
|
|t:|1743899894
|switch|p2a: Iron Treads|Iron Treads|100/100
|turn|13
|
|t:|1743899901
|move|p1a: kiri|Icicle Spear|p2a: Iron Treads
|-damage|p2a: Iron Treads|84/100
|-damage|p2a: Iron Treads|66/100
|-hitcount|p2a: Iron Treads|2
|move|p2a: Iron Treads|Earthquake|p1a: kiri
|-damage|p1a: kiri|0 fnt
|faint|p1a: kiri
|
|upkeep
|
|t:|1743899904
|switch|p1a: Keldi|Keldeo-Resolute|100/100
|turn|14
|
|t:|1743899911
|-end|p2a: Iron Treads|Quark Drive|[silent]
|switch|p2a: Dragonite|Dragonite, F, shiny|100/100
|move|p1a: Keldi|Hydro Pump|p2a: Dragonite
|-resisted|p2a: Dragonite
|-damage|p2a: Dragonite|84/100
|
|upkeep
|turn|15
|
|t:|1743899916
|switch|p1a: pulter|Dragapult, F|100/100
|move|p2a: Dragonite|Dragon Dance|p2a: Dragonite
|-boost|p2a: Dragonite|atk|1
|-boost|p2a: Dragonite|spe|1
|
|upkeep
|turn|16
|
|t:|1743899923
|switch|p2a: Darkrai|Darkrai|100/100
|move|p1a: pulter|Thunder Wave|p2a: Darkrai
|-status|p2a: Darkrai|par
|
|upkeep
|turn|17
|
|t:|1743899931
|switch|p1a: mien fuher|Mienshao, F|100/100
|move|p2a: Darkrai|Dark Pulse|p1a: mien fuher
|-resisted|p1a: mien fuher
|-damage|p1a: mien fuher|60/100
|
|upkeep
|turn|18
|inactive|fiery dances has 120 seconds left.
|inactive|fiery dances has 90 seconds left.
|
|t:|1743899994
|switch|p2a: Iron Treads|Iron Treads|66/100
|move|p1a: mien fuher|U-turn|p2a: Iron Treads
|-resisted|p2a: Iron Treads
|-damage|p2a: Iron Treads|49/100
|
|t:|1743899998
|switch|p1a: Keldi|Keldeo-Resolute|100/100|[from] U-turn
|
|upkeep
|turn|19
|inactive|fiery dances has 90 seconds left.
|
|t:|1743900019
|move|p1a: Keldi|Hydro Pump|p2a: Iron Treads
|-supereffective|p2a: Iron Treads
|-damage|p2a: Iron Treads|0 fnt
|faint|p2a: Iron Treads
|-end|p2a: Iron Treads|Quark Drive|[silent]
|
|upkeep
|
|t:|1743900021
|switch|p2a: Dragonite|Dragonite, F, shiny|84/100
|turn|20
|
|t:|1743900029
|move|p1a: Keldi|Flip Turn|p2a: Dragonite
|-resisted|p2a: Dragonite
|-damage|p2a: Dragonite|77/100
|
|t:|1743900031
|switch|p1a: pulter|Dragapult, F|100/100|[from] Flip Turn
|move|p2a: Dragonite|Earthquake|p1a: pulter
|-crit|p1a: pulter
|-damage|p1a: pulter|27/100
|
|upkeep
|turn|21
|
|t:|1743900037
|switch|p2a: Darkrai|Darkrai|100/100 par
|move|p1a: pulter|Thunder Wave|p2a: Darkrai
|-fail|p2a: Darkrai|par
|
|upkeep
|turn|22
|
|t:|1743900043
|move|p1a: pulter|Draco Meteor|p2a: Darkrai
|-damage|p2a: Darkrai|25/100 par
|-unboost|p1a: pulter|spa|2
|move|p2a: Darkrai|Sludge Bomb|p1a: pulter
|-resisted|p1a: pulter
|-damage|p1a: pulter|7/100
|-status|p1a: pulter|psn
|
|-damage|p1a: pulter|0 fnt|[from] psn
|faint|p1a: pulter
|upkeep
|
|t:|1743900051
|switch|p1a: mien fuher|Mienshao, F|93/100
|turn|23
|
|t:|1743900054
|move|p1a: mien fuher|U-turn|p2a: Darkrai
|-supereffective|p2a: Darkrai
|-damage|p2a: Darkrai|0 fnt
|faint|p2a: Darkrai
|
|t:|1743900055
|switch|p1a: Keldi|Keldeo-Resolute|100/100|[from] U-turn
|
|upkeep
|
|t:|1743900059
|switch|p2a: Iron Valiant|Iron Valiant|100/100
|-enditem|p2a: Iron Valiant|Booster Energy
|-activate|p2a: Iron Valiant|ability: Quark Drive|[fromitem]
|-start|p2a: Iron Valiant|quarkdrivespe
|turn|24
|
|t:|1743900062
|move|p2a: Iron Valiant|Moonblast|p1a: Keldi
|-supereffective|p1a: Keldi
|-damage|p1a: Keldi|0 fnt
|faint|p1a: Keldi
|
|upkeep
|c|☆healmostbangedme|gg i forgot to change tera on keld
|c|☆fiery dances|gg
|c|☆healmostbangedme|copied from ctc team keld
|
|t:|1743900084
|switch|p1a: mien fuher|Mienshao, F|100/100
|turn|25
|
|t:|1743900088
|move|p2a: Iron Valiant|Moonblast|p1a: mien fuher
|-supereffective|p1a: mien fuher
|-damage|p1a: mien fuher|0 fnt
|faint|p1a: mien fuher
|
|win|fiery dances
|raw|healmostbangedme's rating: 1357 &rarr; <strong>1337</strong><br />(-20 for losing)
|raw|fiery dances's rating: 1364 &rarr; <strong>1384</strong><br />(+20 for winning)
|l|☆fiery dances
|player|p2|
|l|☆healmostbangedme
|player|p1|
