|j|☆pokemonFan1.4M
|j|☆BigBadBabadook
|t:|1743935570
|gametype|singles
|player|p1|pokemonFan1.4M|ghetsis|1102
|player|p2|BigBadBabadook|bellelba|1088
|teamsize|p1|6
|teamsize|p2|6
|gen|9
|tier|[Gen 9] OU
|rated|
|rule|HP Percentage Mod: HP is shown in percentages
|rule|Endless Battle Clause: Forcing endless battles is banned
|rule|Species Clause: Limit one of each Pokémon
|rule|OHKO Clause: OHKO moves are banned
|rule|Evasion Items Clause: Evasion items are banned
|rule|Evasion Moves Clause: Evasion moves are banned
|rule|Sleep Moves Clause: Sleep-inducing moves are banned
|clearpoke
|poke|p1|Gliscor, F|
|poke|p1|Glimmora, M|
|poke|p1|Primarina, F|
|poke|p1|Cinderace, F|
|poke|p1|Dragapult, M|
|poke|p1|Araquanid, M|
|poke|p2|Klefki, M|
|poke|p2|Hatterene, F|
|poke|p2|Corviknight, F|
|poke|p2|Appletun, F|
|poke|p2|Chandelure, F|
|poke|p2|Gyarados, M|
|teampreview
|inactive|Battle timer is ON: inactive players will automatically lose when time's up. (requested by BigBadBabadook)
|inactive|pokemonFan1.4M also wants the timer to be on.
|
|t:|1743935583
|start
|switch|p1a: Cringe 2|Glimmora, M, shiny|100/100
|switch|p2a: Klefki|Klefki, M|100/100
|turn|1
|
|t:|1743935590
|move|p1a: Cringe 2|Stealth Rock|p2a: Klefki
|-sidestart|p2: BigBadBabadook|move: Stealth Rock
|move|p2a: Klefki|Flash Cannon|p1a: Cringe 2
|-supereffective|p1a: Cringe 2
|-damage|p1a: Cringe 2|48/100
|
|upkeep
|turn|2
|
|t:|1743935601
|switch|p1a: Kinda fast ig|Cinderace, F|100/100
|move|p2a: Klefki|Flash Cannon|p1a: Kinda fast ig
|-resisted|p1a: Kinda fast ig
|-damage|p1a: Kinda fast ig|83/100
|
|upkeep
|turn|3
|
|t:|1743935611
|switch|p2a: Gyarados|Gyarados, M|100/100
|-damage|p2a: Gyarados|75/100|[from] Stealth Rock
|-ability|p2a: Gyarados|Intimidate|boost
|-unboost|p1a: Kinda fast ig|atk|1
|move|p1a: Kinda fast ig|U-turn|p2a: Gyarados
|-start|p1a: Kinda fast ig|typechange|Bug|[from] ability: Libero
|-resisted|p2a: Gyarados
|-damage|p2a: Gyarados|61/100
|
|t:|1743935628
|switch|p1a: Cringe 1|Araquanid, M|100/100|[from] U-turn
|
|upkeep
|turn|4
|
|t:|1743935637
|switch|p2a: Hatterene|Hatterene, F|100/100
|-damage|p2a: Hatterene|88/100|[from] Stealth Rock
|move|p1a: Cringe 1|Sticky Web|p2a: Hatterene
|move|p2a: Hatterene|Sticky Web|p1a: Cringe 1|[from] ability: Magic Bounce
|-sidestart|p1: pokemonFan1.4M|move: Sticky Web
|
|upkeep
|turn|5
|
|t:|1743935648
|move|p1a: Cringe 1|Infestation|p2a: Hatterene
|-damage|p2a: Hatterene|84/100
|-activate|p2a: Hatterene|move: Infestation|[of] p1a: Cringe 1
|move|p2a: Hatterene|Trick Room|p2a: Hatterene
|-fieldstart|move: Trick Room|[of] p2a: Hatterene
|
|-damage|p2a: Hatterene|71/100|[from] move: Infestation|[partiallytrapped]
|upkeep
|turn|6
|
|t:|1743935654
|move|p2a: Hatterene|Giga Drain|p1a: Cringe 1
|-damage|p1a: Cringe 1|76/100
|-heal|p2a: Hatterene|88/100|[from] drain|[of] p1a: Cringe 1
|move|p1a: Cringe 1|Chilling Water|p2a: Hatterene
|-damage|p2a: Hatterene|65/100
|-unboost|p2a: Hatterene|atk|1
|
|-damage|p2a: Hatterene|53/100|[from] move: Infestation|[partiallytrapped]
|upkeep
|turn|7
|
|t:|1743935660
|move|p2a: Hatterene|Giga Drain|p1a: Cringe 1
|-damage|p1a: Cringe 1|50/100
|-heal|p2a: Hatterene|69/100|[from] drain|[of] p1a: Cringe 1
|move|p1a: Cringe 1|Chilling Water|p2a: Hatterene
|-damage|p2a: Hatterene|47/100
|-unboost|p2a: Hatterene|atk|1
|
|-damage|p2a: Hatterene|35/100|[from] move: Infestation|[partiallytrapped]
|upkeep
|turn|8
|
|t:|1743935664
|move|p2a: Hatterene|Giga Drain|p1a: Cringe 1
|-damage|p1a: Cringe 1|24/100
|-heal|p2a: Hatterene|52/100|[from] drain|[of] p1a: Cringe 1
|move|p1a: Cringe 1|Endeavor|p2a: Hatterene
|-damage|p2a: Hatterene|24/100
|
|-damage|p2a: Hatterene|12/100|[from] move: Infestation|[partiallytrapped]
|upkeep
|turn|9
|
|t:|1743935672
|move|p2a: Hatterene|Giga Drain|p1a: Cringe 1
|-damage|p1a: Cringe 1|0 fnt
|-heal|p2a: Hatterene|28/100|[from] drain|[of] p1a: Cringe 1
|faint|p1a: Cringe 1
|
|-end|p2a: Hatterene|Infestation|[partiallytrapped]|[silent]
|-fieldend|move: Trick Room
|upkeep
|
|t:|1743935681
|switch|p1a: Having fun?|Gliscor, F, shiny|100/100
|turn|10
|
|t:|1743935688
|move|p1a: Having fun?|Earthquake|p2a: Hatterene
|-crit|p2a: Hatterene
|-damage|p2a: Hatterene|0 fnt
|faint|p2a: Hatterene
|
|-status|p1a: Having fun?|tox|[from] item: Toxic Orb
|upkeep
|
|t:|1743935695
|switch|p2a: Corviknight|Corviknight, F|100/100
|-damage|p2a: Corviknight|88/100|[from] Stealth Rock
|turn|11
|
|t:|1743935702
|move|p1a: Having fun?|Fire Fang|p2a: Corviknight
|-supereffective|p2a: Corviknight
|-damage|p2a: Corviknight|62/100
|-status|p2a: Corviknight|brn
|move|p2a: Corviknight|Iron Defense|p2a: Corviknight
|-boost|p2a: Corviknight|def|2
|
|-heal|p2a: Corviknight|69/100 brn|[from] item: Leftovers
|-damage|p2a: Corviknight|62/100 brn|[from] brn
|upkeep
|turn|12
|
|t:|1743935712
|move|p1a: Having fun?|Fire Fang|p2a: Corviknight
|-supereffective|p2a: Corviknight
|-damage|p2a: Corviknight|49/100 brn
|move|p2a: Corviknight|Body Press|p1a: Having fun?
|-resisted|p1a: Having fun?
|-damage|p1a: Having fun?|93/100 tox
|
|-heal|p2a: Corviknight|55/100 brn|[from] item: Leftovers
|-heal|p1a: Having fun?|100/100 tox|[from] ability: Poison Heal
|-damage|p2a: Corviknight|49/100 brn|[from] brn
|upkeep
|turn|13
|
|t:|1743935719
|move|p1a: Having fun?|Fire Fang|p2a: Corviknight|[miss]
|-miss|p1a: Having fun?|p2a: Corviknight
|move|p2a: Corviknight|Roost|p2a: Corviknight
|-heal|p2a: Corviknight|99/100 brn
|-singleturn|p2a: Corviknight|move: Roost
|
|-heal|p2a: Corviknight|100/100 brn|[from] item: Leftovers
|-damage|p2a: Corviknight|94/100 brn|[from] brn
|upkeep
|turn|14
|
|t:|1743935725
|switch|p2a: Chandelure|Chandelure, F|100/100
|-damage|p2a: Chandelure|76/100|[from] Stealth Rock
|move|p1a: Having fun?|Fire Fang|p2a: Chandelure
|-start|p2a: Chandelure|ability: Flash Fire
|
|upkeep
|turn|15
|
|t:|1743935736
|move|p2a: Chandelure|Flamethrower|p1a: Having fun?
|-damage|p1a: Having fun?|17/100 tox
|move|p1a: Having fun?|Earthquake|p2a: Chandelure
|-supereffective|p2a: Chandelure
|-damage|p2a: Chandelure|0 fnt
|faint|p2a: Chandelure
|
|-heal|p1a: Having fun?|30/100 tox|[from] ability: Poison Heal
|upkeep
|
|t:|1743935739
|switch|p2a: Gyarados|Gyarados, M|61/100
|-damage|p2a: Gyarados|36/100|[from] Stealth Rock
|-ability|p2a: Gyarados|Intimidate|boost
|-unboost|p1a: Having fun?|atk|1
|turn|16
|
|t:|1743935742
|move|p1a: Having fun?|Protect|p1a: Having fun?
|-singleturn|p1a: Having fun?|Protect
|move|p2a: Gyarados|Dragon Dance|p2a: Gyarados
|-boost|p2a: Gyarados|atk|1
|-boost|p2a: Gyarados|spe|1
|
|-heal|p1a: Having fun?|42/100 tox|[from] ability: Poison Heal
|upkeep
|turn|17
|
|t:|1743935759
|switch|p1a: Cringe 2|Glimmora, M, shiny|48/100
|-activate|p1a: Cringe 2|move: Sticky Web
|-unboost|p1a: Cringe 2|spe|1
|move|p2a: Gyarados|Waterfall|p1a: Cringe 2
|-supereffective|p1a: Cringe 2
|-damage|p1a: Cringe 2|0 fnt
|-activate|p1a: Cringe 2|ability: Toxic Debris
|-sidestart|p2: BigBadBabadook|move: Toxic Spikes
|faint|p1a: Cringe 2
|
|upkeep
|
|t:|1743935766
|switch|p1a: Fatty Fatty Fatty|Primarina, F, shiny|100/100
|-activate|p1a: Fatty Fatty Fatty|move: Sticky Web
|-unboost|p1a: Fatty Fatty Fatty|spe|1
|turn|18
|
|t:|1743935776
|switch|p2a: Klefki|Klefki, M|100/100
|-damage|p2a: Klefki|95/100|[from] Stealth Rock
|move|p1a: Fatty Fatty Fatty|Moonblast|p2a: Klefki
|-resisted|p2a: Klefki
|-damage|p2a: Klefki|63/100
|
|upkeep
|turn|19
|
|t:|1743935784
|-terastallize|p1a: Fatty Fatty Fatty|Fire
|move|p2a: Klefki|Switcheroo|p1a: Fatty Fatty Fatty
|-activate|p2a: Klefki|move: Trick|[of] p1a: Fatty Fatty Fatty
|-item|p1a: Fatty Fatty Fatty|Toxic Orb|[from] move: Switcheroo
|-item|p2a: Klefki|Assault Vest|[from] move: Switcheroo
|move|p1a: Fatty Fatty Fatty|Tera Blast|p2a: Klefki|[anim] Tera Blast Fire
|-supereffective|p2a: Klefki
|-damage|p2a: Klefki|0 fnt
|faint|p2a: Klefki
|
|-status|p1a: Fatty Fatty Fatty|tox|[from] item: Toxic Orb
|upkeep
|
|t:|1743935793
|switch|p2a: Appletun|Appletun, F|100/100
|-damage|p2a: Appletun|88/100|[from] Stealth Rock
|-status|p2a: Appletun|psn
|turn|20
|
|t:|1743935797
|move|p1a: Fatty Fatty Fatty|Moonblast|p2a: Appletun
|-supereffective|p2a: Appletun
|-damage|p2a: Appletun|12/100 psn
|-activate|p2a: Appletun|ability: Ripen
|-enditem|p2a: Appletun|Sitrus Berry|[eat]
|-heal|p2a: Appletun|61/100 psn|[from] item: Sitrus Berry
|move|p2a: Appletun|Leech Seed|p1a: Fatty Fatty Fatty
|-start|p1a: Fatty Fatty Fatty|move: Leech Seed
|
|-damage|p1a: Fatty Fatty Fatty|88/100 tox|[from] Leech Seed|[of] p2a: Appletun
|-heal|p2a: Appletun|72/100 psn|[silent]
|-damage|p1a: Fatty Fatty Fatty|82/100 tox|[from] psn
|-damage|p2a: Appletun|60/100 psn|[from] psn
|upkeep
|turn|21
|
|t:|1743935805
|-terastallize|p2a: Appletun|Fairy
|move|p1a: Fatty Fatty Fatty|Moonblast|p2a: Appletun
|-damage|p2a: Appletun|24/100 psn
|-unboost|p2a: Appletun|spa|1
|move|p2a: Appletun|Recover|p2a: Appletun
|-heal|p2a: Appletun|74/100 psn
|
|-damage|p1a: Fatty Fatty Fatty|70/100 tox|[from] Leech Seed|[of] p2a: Appletun
|-heal|p2a: Appletun|85/100 psn|[silent]
|-damage|p1a: Fatty Fatty Fatty|58/100 tox|[from] psn
|-damage|p2a: Appletun|73/100 psn|[from] psn
|upkeep
|turn|22
|
|t:|1743935824
|switch|p1a: Having fun?|Gliscor, F, shiny|42/100 tox
|switch|p2a: Corviknight|Corviknight, F|94/100 brn
|-damage|p2a: Corviknight|82/100 brn|[from] Stealth Rock
|
|-heal|p2a: Corviknight|88/100 brn|[from] item: Leftovers
|-heal|p1a: Having fun?|55/100 tox|[from] ability: Poison Heal
|-damage|p2a: Corviknight|82/100 brn|[from] brn
|upkeep
|turn|23
|
|t:|1743935831
|move|p1a: Having fun?|Fire Fang|p2a: Corviknight
|-supereffective|p2a: Corviknight
|-damage|p2a: Corviknight|53/100 brn
|move|p2a: Corviknight|Iron Defense|p2a: Corviknight
|-boost|p2a: Corviknight|def|2
|
|-heal|p2a: Corviknight|59/100 brn|[from] item: Leftovers
|-heal|p1a: Having fun?|67/100 tox|[from] ability: Poison Heal
|-damage|p2a: Corviknight|53/100 brn|[from] brn
|upkeep
|turn|24
|
|t:|1743935836
|move|p1a: Having fun?|Fire Fang|p2a: Corviknight
|-supereffective|p2a: Corviknight
|-damage|p2a: Corviknight|39/100 brn
|move|p2a: Corviknight|Iron Defense|p2a: Corviknight
|-boost|p2a: Corviknight|def|2
|
|-heal|p2a: Corviknight|45/100 brn|[from] item: Leftovers
|-heal|p1a: Having fun?|80/100 tox|[from] ability: Poison Heal
|-damage|p2a: Corviknight|39/100 brn|[from] brn
|upkeep
|turn|25
|
|t:|1743935841
|move|p1a: Having fun?|Fire Fang|p2a: Corviknight
|-supereffective|p2a: Corviknight
|-damage|p2a: Corviknight|29/100 brn
|move|p2a: Corviknight|Roost|p2a: Corviknight
|-heal|p2a: Corviknight|79/100 brn
|-singleturn|p2a: Corviknight|move: Roost
|
|-heal|p2a: Corviknight|85/100 brn|[from] item: Leftovers
|-heal|p1a: Having fun?|92/100 tox|[from] ability: Poison Heal
|-damage|p2a: Corviknight|79/100 brn|[from] brn
|upkeep
|turn|26
|
|t:|1743935847
|move|p1a: Having fun?|Fire Fang|p2a: Corviknight
|-supereffective|p2a: Corviknight
|-damage|p2a: Corviknight|69/100 brn
|move|p2a: Corviknight|Iron Defense|p2a: Corviknight
|-boost|p2a: Corviknight|def|2
|
|-heal|p2a: Corviknight|75/100 brn|[from] item: Leftovers
|-heal|p1a: Having fun?|100/100 tox|[from] ability: Poison Heal
|-damage|p2a: Corviknight|69/100 brn|[from] brn
|upkeep
|turn|27
|
|t:|1743935852
|move|p1a: Having fun?|Fire Fang|p2a: Corviknight
|-supereffective|p2a: Corviknight
|-damage|p2a: Corviknight|62/100 brn
|move|p2a: Corviknight|Body Press|p1a: Having fun?
|-resisted|p1a: Having fun?
|-damage|p1a: Having fun?|86/100 tox
|
|-heal|p2a: Corviknight|68/100 brn|[from] item: Leftovers
|-heal|p1a: Having fun?|98/100 tox|[from] ability: Poison Heal
|-damage|p2a: Corviknight|62/100 brn|[from] brn
|upkeep
|turn|28
|
|t:|1743935857
|move|p1a: Having fun?|Fire Fang|p2a: Corviknight
|-supereffective|p2a: Corviknight
|-crit|p2a: Corviknight
|-damage|p2a: Corviknight|22/100 brn
|cant|p2a: Corviknight|flinch
|
|-heal|p2a: Corviknight|28/100 brn|[from] item: Leftovers
|-heal|p1a: Having fun?|100/100 tox|[from] ability: Poison Heal
|-damage|p2a: Corviknight|22/100 brn|[from] brn
|upkeep
|turn|29
|
|t:|1743935860
|move|p1a: Having fun?|Fire Fang|p2a: Corviknight
|-supereffective|p2a: Corviknight
|-damage|p2a: Corviknight|15/100 brn
|move|p2a: Corviknight|Roost|p2a: Corviknight
|-heal|p2a: Corviknight|65/100 brn
|-singleturn|p2a: Corviknight|move: Roost
|
|-heal|p2a: Corviknight|71/100 brn|[from] item: Leftovers
|-damage|p2a: Corviknight|65/100 brn|[from] brn
|upkeep
|turn|30
|
|t:|1743935866
|move|p1a: Having fun?|Fire Fang|p2a: Corviknight
|-supereffective|p2a: Corviknight
|-damage|p2a: Corviknight|58/100 brn
|move|p2a: Corviknight|Body Press|p1a: Having fun?
|-resisted|p1a: Having fun?
|-damage|p1a: Having fun?|86/100 tox
|
|-heal|p2a: Corviknight|64/100 brn|[from] item: Leftovers
|-heal|p1a: Having fun?|99/100 tox|[from] ability: Poison Heal
|-damage|p2a: Corviknight|58/100 brn|[from] brn
|upkeep
|turn|31
|-message|BigBadBabadook forfeited.
|
|win|pokemonFan1.4M
|raw|pokemonFan1.4M's rating: 1102 &rarr; <strong>1126</strong><br />(+24 for winning)
|raw|BigBadBabadook's rating: 1088 &rarr; <strong>1066</strong><br />(-22 for losing)
|l|☆BigBadBabadook
|player|p2|
|l|☆pokemonFan1.4M
|player|p1|
