|j|☆myree
|j|☆the original power
|t:|1743871693
|gametype|singles
|player|p1|myree|266|1310
|player|p2|the original power|lance|1312
|teamsize|p1|6
|teamsize|p2|6
|gen|9
|tier|[Gen 9] OU
|rated|
|rule|HP Percentage Mod: HP is shown in percentages
|rule|Endless Battle Clause: Forcing endless battles is banned
|rule|Species Clause: Limit one of each Pokémon
|rule|OHKO Clause: OHKO moves are banned
|rule|Evasion Items Clause: Evasion items are banned
|rule|Evasion Moves Clause: Evasion moves are banned
|rule|Sleep Moves Clause: Sleep-inducing moves are banned
|clearpoke
|poke|p1|Ting-Lu|
|poke|p1|Tinkaton, F|
|poke|p1|Iron Treads|
|poke|p1|Ogerpon-Wellspring, F|
|poke|p1|Pecharunt|
|poke|p1|Iron Hands|
|poke|p2|Raichu, F|
|poke|p2|Gengar, F|
|poke|p2|Blastoise, M|
|poke|p2|Mew|
|poke|p2|Dragonite, F|
|poke|p2|Clefable, F|
|teampreview
|inactive|Battle timer is ON: inactive players will automatically lose when time's up. (requested by the original power)
|c|☆the original power|hf
|inactive|myree has 120 seconds left.
|
|t:|1743871739
|start
|switch|p1a: Tinkaton|Tinkaton, F|100/100
|switch|p2a: Raichu|Raichu, F|100/100
|-item|p1a: Tinkaton|Air Balloon
|turn|1
|inactive|the original power has 120 seconds left.
|
|t:|1743871778
|switch|p1a: Ting-Lu|Ting-Lu|100/100
|-ability|p1a: Ting-Lu|Vessel of Ruin
|move|p2a: Raichu|Reflect|p2a: Raichu
|-sidestart|p2: the original power|Reflect
|
|upkeep
|turn|2
|inactive|myree has 120 seconds left.
|
|t:|1743871817
|move|p2a: Raichu|Light Screen|p2a: Raichu
|-sidestart|p2: the original power|move: Light Screen
|move|p1a: Ting-Lu|Spikes|p2a: Raichu
|-sidestart|p2: the original power|Spikes
|
|upkeep
|turn|3
|inactive|the original power has 120 seconds left.
|
|t:|1743871836
|move|p2a: Raichu|Grass Knot|p1a: Ting-Lu
|-supereffective|p1a: Ting-Lu
|-damage|p1a: Ting-Lu|81/100
|move|p1a: Ting-Lu|Spikes|p2a: Raichu
|-sidestart|p2: the original power|Spikes
|
|-heal|p1a: Ting-Lu|88/100|[from] item: Leftovers
|upkeep
|turn|4
|
|t:|1743871845
|switch|p2a: Gengar|Gengar, F|100/100
|-item|p2a: Gengar|Air Balloon
|move|p1a: Ting-Lu|Ruination|p2a: Gengar
|-damage|p2a: Gengar|51/100
|-enditem|p2a: Gengar|Air Balloon
|
|-heal|p1a: Ting-Lu|94/100|[from] item: Leftovers
|upkeep
|turn|5
|
|t:|1743871850
|move|p2a: Gengar|Encore|p1a: Ting-Lu
|-start|p1a: Ting-Lu|Encore
|move|p1a: Ting-Lu|Ruination|p2a: Gengar
|-damage|p2a: Gengar|26/100
|
|-heal|p1a: Ting-Lu|99/100|[from] item: Leftovers
|upkeep
|turn|6
|
|t:|1743871860
|switch|p1a: Iron Treads|Iron Treads|100/100
|move|p2a: Gengar|Nasty Plot|p2a: Gengar
|-boost|p2a: Gengar|spa|2
|
|upkeep
|turn|7
|
|t:|1743871865
|-end|p1a: Iron Treads|Quark Drive|[silent]
|switch|p1a: Ting-Lu|Ting-Lu|99/100
|-ability|p1a: Ting-Lu|Vessel of Ruin
|move|p2a: Gengar|Shadow Ball|p1a: Ting-Lu
|-resisted|p1a: Ting-Lu
|-damage|p1a: Ting-Lu|83/100
|
|-heal|p1a: Ting-Lu|89/100|[from] item: Leftovers
|upkeep
|turn|8
|
|t:|1743871870
|move|p2a: Gengar|Sludge Wave|p1a: Ting-Lu
|-resisted|p1a: Ting-Lu
|-crit|p1a: Ting-Lu
|-damage|p1a: Ting-Lu|60/100
|move|p1a: Ting-Lu|Whirlwind|p2a: Gengar
|drag|p2a: Clefable|Clefable, F|100/100
|
|-heal|p1a: Ting-Lu|66/100|[from] item: Leftovers
|-sideend|p2: the original power|Reflect
|upkeep
|turn|9
|
|t:|1743871880
|switch|p1a: Pecharunt|Pecharunt|100/100
|move|p2a: Clefable|Moonblast|p1a: Pecharunt
|-resisted|p1a: Pecharunt
|-damage|p1a: Pecharunt|84/100
|-unboost|p1a: Pecharunt|spa|1
|
|-sideend|p2: the original power|move: Light Screen
|upkeep
|turn|10
|
|t:|1743871888
|switch|p2a: Gengar|Gengar, F|26/100
|-damage|p2a: Gengar|9/100|[from] Spikes
|move|p1a: Pecharunt|Malignant Chain|p2a: Gengar
|-resisted|p2a: Gengar
|-damage|p2a: Gengar|0 fnt
|faint|p2a: Gengar
|
|upkeep
|
|t:|1743871893
|switch|p2a: Raichu|Raichu, F|100/100
|-damage|p2a: Raichu|84/100|[from] Spikes
|turn|11
|
|t:|1743871902
|switch|p1a: Ting-Lu|Ting-Lu|66/100
|-ability|p1a: Ting-Lu|Vessel of Ruin
|move|p2a: Raichu|Light Screen|p2a: Raichu
|-sidestart|p2: the original power|move: Light Screen
|
|-heal|p1a: Ting-Lu|72/100|[from] item: Leftovers
|upkeep
|turn|12
|
|t:|1743871905
|move|p2a: Raichu|Reflect|p2a: Raichu
|-sidestart|p2: the original power|Reflect
|move|p1a: Ting-Lu|Spikes|p2a: Raichu
|-sidestart|p2: the original power|Spikes
|
|-heal|p1a: Ting-Lu|79/100|[from] item: Leftovers
|upkeep
|turn|13
|
|t:|1743871908
|move|p2a: Raichu|Grass Knot|p1a: Ting-Lu
|-supereffective|p1a: Ting-Lu
|-damage|p1a: Ting-Lu|61/100
|move|p1a: Ting-Lu|Whirlwind|p2a: Raichu
|drag|p2a: Clefable|Clefable, F|100/100
|
|-heal|p1a: Ting-Lu|67/100|[from] item: Leftovers
|upkeep
|turn|14
|
|t:|1743871913
|switch|p1a: Pecharunt|Pecharunt|84/100
|move|p2a: Clefable|Moonblast|p1a: Pecharunt
|-resisted|p1a: Pecharunt
|-damage|p1a: Pecharunt|68/100
|
|upkeep
|turn|15
|
|t:|1743871930
|-terastallize|p2a: Clefable|Poison
|move|p1a: Pecharunt|Malignant Chain|p2a: Clefable
|-resisted|p2a: Clefable
|-damage|p2a: Clefable|93/100
|move|p2a: Clefable|Calm Mind|p2a: Clefable
|-boost|p2a: Clefable|spa|1
|-boost|p2a: Clefable|spd|1
|
|upkeep
|turn|16
|
|t:|1743871938
|move|p1a: Pecharunt|Recover|p1a: Pecharunt
|-heal|p1a: Pecharunt|100/100
|move|p2a: Clefable|Flamethrower|p1a: Pecharunt
|-damage|p1a: Pecharunt|71/100
|
|upkeep
|turn|17
|
|t:|1743871954
|move|p1a: Pecharunt|Night Shade|p2a: Clefable
|-damage|p2a: Clefable|68/100
|move|p2a: Clefable|Calm Mind|p2a: Clefable
|-boost|p2a: Clefable|spa|1
|-boost|p2a: Clefable|spd|1
|
|upkeep
|turn|18
|
|t:|1743871959
|move|p1a: Pecharunt|Night Shade|p2a: Clefable
|-damage|p2a: Clefable|42/100
|move|p2a: Clefable|Wish|p2a: Clefable
|
|-sideend|p2: the original power|move: Light Screen
|upkeep
|turn|19
|
|t:|1743871970
|move|p1a: Pecharunt|Curse|p2a: Clefable
|-start|p2a: Clefable|Curse|[of] p1a: Pecharunt
|-damage|p1a: Pecharunt|21/100
|move|p2a: Clefable|Flamethrower|p1a: Pecharunt
|-damage|p1a: Pecharunt|0 fnt
|faint|p1a: Pecharunt
|
|-heal|p2a: Clefable|92/100|[from] move: Wish|[wisher] Clefable
|-damage|p2a: Clefable|68/100|[from] Curse
|-sideend|p2: the original power|Reflect
|upkeep
|
|t:|1743871995
|switch|p1a: Ogerpon|Ogerpon-Wellspring, F|100/100
|turn|20
|
|t:|1743872006
|switch|p2a: Raichu|Raichu, F|84/100
|-damage|p2a: Raichu|59/100|[from] Spikes
|move|p1a: Ogerpon|Ivy Cudgel|p2a: Raichu|[anim] Ivy Cudgel Water
|-damage|p2a: Raichu|0 fnt
|faint|p2a: Raichu
|
|upkeep
|
|t:|1743872014
|switch|p2a: Dragonite|Dragonite, F|100/100
|turn|21
|
|t:|1743872029
|switch|p1a: Tinkaton|Tinkaton, F|100/100
|-item|p1a: Tinkaton|Air Balloon
|move|p2a: Dragonite|Dragon Dance|p2a: Dragonite
|-boost|p2a: Dragonite|atk|1
|-boost|p2a: Dragonite|spe|1
|
|upkeep
|turn|22
|
|t:|1743872036
|move|p2a: Dragonite|Ice Spinner|p1a: Tinkaton
|-resisted|p1a: Tinkaton
|-damage|p1a: Tinkaton|76/100
|-enditem|p1a: Tinkaton|Air Balloon
|-enditem|p2a: Dragonite|Heavy-Duty Boots|[silent]|[from] ability: Pickpocket|[of] p2a: Dragonite
|-item|p1a: Tinkaton|Heavy-Duty Boots|[from] ability: Pickpocket|[of] p2a: Dragonite
|move|p1a: Tinkaton|Thunder Wave|p2a: Dragonite
|-status|p2a: Dragonite|par
|
|upkeep
|turn|23
|
|t:|1743872039
|move|p1a: Tinkaton|Encore|p2a: Dragonite
|-start|p2a: Dragonite|Encore
|move|p2a: Dragonite|Ice Spinner|p1a: Tinkaton
|-resisted|p1a: Tinkaton
|-damage|p1a: Tinkaton|51/100
|
|upkeep
|turn|24
|
|t:|1743872063
|move|p1a: Tinkaton|Stealth Rock|p2a: Dragonite
|-sidestart|p2: the original power|move: Stealth Rock
|move|p2a: Dragonite|Ice Spinner|p1a: Tinkaton
|-resisted|p1a: Tinkaton
|-damage|p1a: Tinkaton|23/100
|
|upkeep
|turn|25
|
|t:|1743872073
|move|p1a: Tinkaton|Gigaton Hammer|p2a: Dragonite
|-damage|p2a: Dragonite|75/100 par
|move|p2a: Dragonite|Ice Spinner|p1a: Tinkaton
|-resisted|p1a: Tinkaton
|-damage|p1a: Tinkaton|0 fnt
|faint|p1a: Tinkaton
|
|-end|p2a: Dragonite|Encore
|upkeep
|
|t:|1743872076
|switch|p1a: Iron Treads|Iron Treads|100/100
|turn|26
|
|t:|1743872083
|move|p1a: Iron Treads|Ice Spinner|p2a: Dragonite
|-supereffective|p2a: Dragonite
|-damage|p2a: Dragonite|0 fnt
|faint|p2a: Dragonite
|
|upkeep
|
|t:|1743872088
|switch|p2a: Blastoise|Blastoise, M|100/100
|-damage|p2a: Blastoise|76/100|[from] Spikes
|-damage|p2a: Blastoise|63/100|[from] Stealth Rock
|turn|27
|
|t:|1743872098
|-end|p1a: Iron Treads|Quark Drive|[silent]
|switch|p1a: Ogerpon|Ogerpon-Wellspring, F|100/100
|move|p2a: Blastoise|Shell Smash|p2a: Blastoise
|-unboost|p2a: Blastoise|def|1
|-unboost|p2a: Blastoise|spd|1
|-boost|p2a: Blastoise|atk|2
|-boost|p2a: Blastoise|spa|2
|-boost|p2a: Blastoise|spe|2
|-enditem|p2a: Blastoise|White Herb
|-clearnegativeboost|p2a: Blastoise|[silent]
|
|upkeep
|turn|28
|
|t:|1743872104
|move|p2a: Blastoise|Ice Beam|p1a: Ogerpon
|-damage|p1a: Ogerpon|55/100
|move|p1a: Ogerpon|Ivy Cudgel|p2a: Blastoise|[anim] Ivy Cudgel Water
|-resisted|p2a: Blastoise
|-damage|p2a: Blastoise|33/100
|
|upkeep
|turn|29
|
|t:|1743872115
|-terastallize|p1a: Ogerpon|Water
|detailschange|p1a: Ogerpon|Ogerpon-Wellspring-Tera, F, tera:Water
|-ability|p1a: Ogerpon|Embody Aspect (Wellspring)|boost
|-boost|p1a: Ogerpon|spd|1
|move|p2a: Blastoise|Ice Beam|p1a: Ogerpon
|-resisted|p1a: Ogerpon
|-damage|p1a: Ogerpon|39/100
|-status|p1a: Ogerpon|frz
|cant|p1a: Ogerpon|frz
|
|upkeep
|turn|30
|
|t:|1743872128
|move|p2a: Blastoise|Shell Smash|p2a: Blastoise
|-unboost|p2a: Blastoise|def|1
|-unboost|p2a: Blastoise|spd|1
|-boost|p2a: Blastoise|atk|2
|-boost|p2a: Blastoise|spa|2
|-boost|p2a: Blastoise|spe|2
|cant|p1a: Ogerpon|frz
|
|upkeep
|turn|31
|
|t:|1743872135
|move|p2a: Blastoise|Aura Sphere|p1a: Ogerpon
|-damage|p1a: Ogerpon|0 fnt
|faint|p1a: Ogerpon
|
|upkeep
|
|t:|1743872138
|switch|p1a: Iron Hands|Iron Hands|100/100
|turn|32
|
|t:|1743872142
|move|p2a: Blastoise|Hydro Pump|p1a: Iron Hands
|-damage|p1a: Iron Hands|0 fnt
|faint|p1a: Iron Hands
|-end|p1a: Iron Hands|Quark Drive|[silent]
|
|upkeep
|-message|myree forfeited.
|
|win|the original power
|raw|myree's rating: 1310 &rarr; <strong>1290</strong><br />(-20 for losing)
|raw|the original power's rating: 1312 &rarr; <strong>1332</strong><br />(+20 for winning)
|l|☆the original power
|player|p2|
|l|☆myree
|player|p1|
