|j|☆fdasvfda
|j|☆kabutopzboy
|t:|1743809473
|gametype|singles
|player|p1|fdasvfda|266|1151
|player|p2|kabutopzboy|n|1142
|teamsize|p1|6
|teamsize|p2|6
|gen|9
|tier|[Gen 9] OU
|rated|
|rule|HP Percentage Mod: HP is shown in percentages
|rule|Endless Battle Clause: Forcing endless battles is banned
|rule|Species Clause: Limit one of each Pokémon
|rule|OHKO Clause: OHKO moves are banned
|rule|Evasion Items Clause: Evasion items are banned
|rule|Evasion Moves Clause: Evasion moves are banned
|rule|Sleep Moves Clause: Sleep-inducing moves are banned
|clearpoke
|poke|p1|Garchomp, F|
|poke|p1|Weavile, M|
|poke|p1|Zamazenta-*|
|poke|p1|Kingambit, F|
|poke|p1|Darkrai|
|poke|p1|Dragapult, M|
|poke|p2|Politoed, M|
|poke|p2|Zapdos|
|poke|p2|Overqwil, M|
|poke|p2|Blastoise, M|
|poke|p2|Registeel|
|poke|p2|Luxray, F|
|teampreview
|
|t:|1743809480
|start
|switch|p1a: Dragapult|Dragapult, M|100/100
|switch|p2a: Luxray|Luxray, F|100/100
|-ability|p2a: Luxray|Intimidate|boost
|-unboost|p1a: Dragapult|atk|1
|turn|1
|
|t:|1743809491
|move|p1a: Dragapult|Draco Meteor|p2a: Luxray
|-damage|p2a: Luxray|0 fnt
|-unboost|p1a: Dragapult|spa|2
|faint|p2a: Luxray
|
|upkeep
|
|t:|1743809497
|switch|p2a: Bla$t|Blastoise, M|100/100
|turn|2
|
|t:|1743809514
|switch|p1a: Garchomp|Garchomp, F|100/100
|move|p2a: Bla$t|Shell Smash|p2a: Bla$t
|-unboost|p2a: Bla$t|def|1
|-unboost|p2a: Bla$t|spd|1
|-boost|p2a: Bla$t|atk|2
|-boost|p2a: Bla$t|spa|2
|-boost|p2a: Bla$t|spe|2
|-enditem|p2a: Bla$t|White Herb
|-clearnegativeboost|p2a: Bla$t|[silent]
|
|upkeep
|turn|3
|
|t:|1743809524
|move|p2a: Bla$t|Ice Beam|p1a: Garchomp
|-supereffective|p1a: Garchomp
|-damage|p1a: Garchomp|0 fnt
|faint|p1a: Garchomp
|
|upkeep
|
|t:|1743809529
|switch|p1a: Dragapult|Dragapult, M|100/100
|turn|4
|
|t:|1743809536
|-terastallize|p2a: Bla$t|Ground
|move|p2a: Bla$t|Earthquake|p1a: Dragapult
|-damage|p1a: Dragapult|0 fnt
|faint|p1a: Dragapult
|
|upkeep
|
|t:|1743809546
|switch|p1a: Weavile|Weavile, M|100/100
|-ability|p1a: Weavile|Pressure
|turn|5
|
|t:|1743809551
|move|p1a: Weavile|Ice Shard|p2a: Bla$t
|-supereffective|p2a: Bla$t
|-damage|p2a: Bla$t|56/100
|move|p2a: Bla$t|Earthquake|p1a: Weavile
|-damage|p1a: Weavile|0 fnt
|faint|p1a: Weavile
|
|upkeep
|c|☆fdasvfda|gg
|-message|fdasvfda forfeited.
|
|win|kabutopzboy
|raw|fdasvfda's rating: 1151 &rarr; <strong>1125</strong><br />(-26 for losing)
|raw|kabutopzboy's rating: 1142 &rarr; <strong>1168</strong><br />(+26 for winning)
|l|☆fdasvfda
|player|p1|
|l|☆kabutopzboy
|player|p2|
