|j|☆ghdfgh45
|j|☆UTF4N
|t:|1743840404
|gametype|singles
|player|p1|ghdfgh45|266|1262
|player|p2|UTF4N|palmer|1235
|teamsize|p1|6
|teamsize|p2|6
|gen|9
|tier|[Gen 9] OU
|rated|
|rule|HP Percentage Mod: HP is shown in percentages
|rule|Endless Battle Clause: Forcing endless battles is banned
|rule|Species Clause: Limit one of each Pokémon
|rule|OHKO Clause: OHKO moves are banned
|rule|Evasion Items Clause: Evasion items are banned
|rule|Evasion Moves Clause: Evasion moves are banned
|rule|Sleep Moves Clause: Sleep-inducing moves are banned
|clearpoke
|poke|p1|Rampardos, F|
|poke|p1|Kingambit, M|
|poke|p1|Greninja-*, M|
|poke|p1|Hoopa-Unbound|
|poke|p1|Conkeldurr, M|
|poke|p1|Corviknight, L98, F|
|poke|p2|Cyclizar, F|
|poke|p2|Volcanion|
|poke|p2|Chesnaught, F|
|poke|p2|Fezandipiti, M|
|poke|p2|Azelf|
|poke|p2|Quagsire, M|
|teampreview
|inactive|Battle timer is ON: inactive players will automatically lose when time's up. (requested by ghdfgh45)
|
|t:|1743840409
|start
|switch|p1a: Hoopa|Hoopa-Unbound|100/100
|switch|p2a: Fezandipiti|Fezandipiti, M|100/100
|turn|1
|
|t:|1743840413
|move|p2a: Fezandipiti|U-turn|p1a: Hoopa
|-supereffective|p1a: Hoopa
|-damage|p1a: Hoopa|0 fnt
|faint|p1a: Hoopa
|
|t:|1743840417
|switch|p2a: Azelf|Azelf|100/100|[from] U-turn
|
|upkeep
|c|☆ghdfgh45|oh yeah 4x super effective
|
|t:|1743840443
|switch|p1a: Rampardos|Rampardos, F|100/100
|turn|2
|c|☆UTF4N|also, Hoopa got crap physical defense
|
|t:|1743840455
|move|p2a: Azelf|Stealth Rock|p1a: Rampardos
|-sidestart|p1: ghdfgh45|move: Stealth Rock
|move|p1a: Rampardos|Head Smash|p2a: Azelf|[miss]
|-miss|p1a: Rampardos|p2a: Azelf
|
|upkeep
|turn|3
|
|t:|1743840460
|move|p2a: Azelf|Psychic|p1a: Rampardos
|-damage|p1a: Rampardos|41/100
|move|p1a: Rampardos|Head Smash|p2a: Azelf
|-enditem|p2a: Azelf|Focus Sash
|-damage|p2a: Azelf|1/100
|-damage|p1a: Rampardos|0 fnt|[from] Recoil
|faint|p1a: Rampardos
|
|upkeep
|
|t:|1743840475
|switch|p1a: Greninja|Greninja, M|100/100
|-damage|p1a: Greninja|88/100|[from] Stealth Rock
|turn|4
|
|t:|1743840483
|switch|p2a: Fezandipiti|Fezandipiti, M|100/100
|move|p1a: Greninja|Dark Pulse|p2a: Fezandipiti
|-resisted|p2a: Fezandipiti
|-damage|p2a: Fezandipiti|86/100
|
|upkeep
|turn|5
|
|t:|1743840493
|switch|p1a: Corviknight|Corviknight, L98, F|100/100
|-damage|p1a: Corviknight|88/100|[from] Stealth Rock
|move|p2a: Fezandipiti|Play Rough|p1a: Corviknight
|-resisted|p1a: Corviknight
|-damage|p1a: Corviknight|78/100
|-enditem|p1a: Corviknight|Eject Button
|
|t:|1743840500
|switch|p1a: Conkeldurr|Conkeldurr, M|100/100
|-damage|p1a: Conkeldurr|94/100|[from] Stealth Rock
|
|upkeep
|turn|6
|
|t:|1743840506
|move|p2a: Fezandipiti|Play Rough|p1a: Conkeldurr
|-supereffective|p1a: Conkeldurr
|-damage|p1a: Conkeldurr|26/100
|move|p1a: Conkeldurr|Earthquake|p2a: Fezandipiti
|-supereffective|p2a: Fezandipiti
|-damage|p2a: Fezandipiti|0 fnt
|faint|p2a: Fezandipiti
|-damage|p1a: Conkeldurr|16/100|[from] item: Life Orb
|
|upkeep
|
|t:|1743840523
|switch|p2a: Volcanion|Volcanion|100/100
|turn|7
|
|t:|1743840529
|switch|p1a: Corviknight|Corviknight, L98, F|78/100
|-damage|p1a: Corviknight|65/100|[from] Stealth Rock
|move|p2a: Volcanion|Steam Eruption|p1a: Corviknight
|-damage|p1a: Corviknight|6/100
|
|upkeep
|turn|8
|
|t:|1743840538
|move|p2a: Volcanion|Steam Eruption|p1a: Corviknight
|-damage|p1a: Corviknight|0 fnt
|faint|p1a: Corviknight
|
|upkeep
|
|t:|1743840545
|switch|p1a: Kingambit|Kingambit, M|100/100
|-damage|p1a: Kingambit|94/100|[from] Stealth Rock
|-activate|p1a: Kingambit|ability: Supreme Overlord
|-start|p1a: Kingambit|fallen3|[silent]
|turn|9
|
|t:|1743840552
|move|p1a: Kingambit|Sucker Punch|p2a: Volcanion
|-damage|p2a: Volcanion|47/100
|move|p2a: Volcanion|Fire Blast|p1a: Kingambit
|-supereffective|p1a: Kingambit
|-damage|p1a: Kingambit|0 fnt
|faint|p1a: Kingambit
|-end|p1a: Kingambit|fallen3|[silent]
|
|-heal|p2a: Volcanion|53/100|[from] item: Leftovers
|upkeep
|
|t:|1743840564
|switch|p1a: Greninja|Greninja, M|88/100
|-damage|p1a: Greninja|76/100|[from] Stealth Rock
|turn|10
|
|t:|1743840571
|move|p1a: Greninja|Dark Pulse|p2a: Volcanion
|-damage|p2a: Volcanion|16/100
|move|p2a: Volcanion|Steam Eruption|p1a: Greninja
|-resisted|p1a: Greninja
|-damage|p1a: Greninja|23/100
|-status|p1a: Greninja|brn
|
|-heal|p2a: Volcanion|23/100|[from] item: Leftovers
|-damage|p1a: Greninja|17/100 brn|[from] brn
|upkeep
|turn|11
|
|t:|1743840583
|switch|p2a: Chesnaught|Chesnaught, F|100/100
|move|p1a: Greninja|Dark Pulse|p2a: Chesnaught
|-resisted|p2a: Chesnaught
|-damage|p2a: Chesnaught|87/100
|
|-heal|p2a: Chesnaught|93/100|[from] item: Leftovers
|-damage|p1a: Greninja|11/100 brn|[from] brn
|upkeep
|turn|12
|
|t:|1743840589
|move|p2a: Chesnaught|Spiky Shield|p2a: Chesnaught
|-singleturn|p2a: Chesnaught|move: Protect
|move|p1a: Greninja|Blizzard|p2a: Chesnaught
|-activate|p2a: Chesnaught|move: Protect
|
|-heal|p2a: Chesnaught|99/100|[from] item: Leftovers
|-damage|p1a: Greninja|5/100 brn|[from] brn
|upkeep
|turn|13
|
|t:|1743840600
|switch|p2a: Quagsire|Quagsire, M|100/100
|-terastallize|p1a: Greninja|Water
|move|p1a: Greninja|Hydro Pump|p2a: Quagsire
|-damage|p2a: Quagsire|0 fnt
|faint|p2a: Quagsire
|
|-damage|p1a: Greninja|0 fnt|[from] brn
|faint|p1a: Greninja
|upkeep
|-message|ghdfgh45 forfeited.
|
|win|UTF4N
|raw|ghdfgh45's rating: 1262 &rarr; <strong>1235</strong><br />(-27 for losing)
|raw|UTF4N's rating: 1235 &rarr; <strong>1262</strong><br />(+27 for winning)
|l|☆ghdfgh45
|player|p1|
|l|☆UTF4N
|player|p2|
