|j|☆Hyde-D-Rastom
|j|☆LeDauphinRoi
|t:|1743864545
|gametype|singles
|player|p1|Hyde-D-Rastom|calem|1365
|player|p2|LeDauphinRoi|skierf|1366
|teamsize|p1|6
|teamsize|p2|6
|gen|9
|tier|[Gen 9] OU
|rated|
|rule|HP Percentage Mod: HP is shown in percentages
|rule|Endless Battle Clause: Forcing endless battles is banned
|rule|Species Clause: Limit one of each Pokémon
|rule|OHKO Clause: OHKO moves are banned
|rule|Evasion Items Clause: Evasion items are banned
|rule|Evasion Moves Clause: Evasion moves are banned
|rule|Sleep Moves Clause: Sleep-inducing moves are banned
|clearpoke
|poke|p1|Empoleon, M|
|poke|p1|Weavile, M|
|poke|p1|Torterra, M|
|poke|p1|Drifblim, F|
|poke|p1|Electivire, M|
|poke|p1|Heatran, M|
|poke|p2|Ribombee, M|
|poke|p2|Cinderace, M|
|poke|p2|Serperior, M|
|poke|p2|Mimikyu, M|
|poke|p2|Dragapult, F|
|poke|p2|Bisharp, M|
|teampreview
|inactive|Battle timer is ON: inactive players will automatically lose when time's up. (requested by Hyde-D-Rastom)
|
|t:|1743864556
|start
|switch|p1a: Weavile|Weavile, M|100/100
|switch|p2a: Ribombee|Ribombee, M|100/100
|-ability|p1a: Weavile|Pressure
|turn|1
|
|t:|1743864560
|move|p1a: Weavile|Triple Axel|p2a: Ribombee
|-damage|p2a: Ribombee|68/100
|-damage|p2a: Ribombee|12/100
|-damage|p2a: Ribombee|0 fnt
|faint|p2a: Ribombee
|-hitcount|p2: Ribombee|3
|
|upkeep
|
|t:|1743864566
|switch|p2a: Cinderace|Cinderace, M|100/100
|turn|2
|inactive|Hyde-D-Rastom has 120 seconds left.
|
|t:|1743864598
|move|p1a: Weavile|Triple Axel|p2a: Cinderace
|-resisted|p2a: Cinderace
|-damage|p2a: Cinderace|89/100
|-resisted|p2a: Cinderace
|-damage|p2a: Cinderace|67/100
|-resisted|p2a: Cinderace
|-damage|p2a: Cinderace|37/100
|-hitcount|p2a: Cinderace|3
|move|p2a: Cinderace|U-turn|p1a: Weavile
|-supereffective|p1a: Weavile
|-damage|p1a: Weavile|19/100
|inactive|LeDauphinRoi has 120 seconds left.
|
|t:|1743864631
|switch|p2a: Dragapult|Dragapult, F|100/100|[from] U-turn
|
|upkeep
|turn|3
|inactive|Hyde-D-Rastom has 120 seconds left.
|
|t:|1743864657
|switch|p1a: Empoleon|Empoleon, M|100/100
|move|p2a: Dragapult|Dragon Darts|p1a: Empoleon
|-resisted|p1a: Empoleon
|-damage|p1a: Empoleon|84/100
|-anim|p2a: Dragapult|Dragon Darts|p1a: Empoleon
|-resisted|p1a: Empoleon
|-damage|p1a: Empoleon|68/100
|-damage|p2a: Dragapult|91/100|[from] item: Life Orb
|
|upkeep
|turn|4
|
|t:|1743864665
|move|p2a: Dragapult|Thunderbolt|p1a: Empoleon
|-supereffective|p1a: Empoleon
|-damage|p1a: Empoleon|0 fnt
|faint|p1a: Empoleon
|-damage|p2a: Dragapult|81/100|[from] item: Life Orb
|
|upkeep
|
|t:|1743864670
|switch|p1a: Weavile|Weavile, M|19/100
|-ability|p1a: Weavile|Pressure
|turn|5
|
|t:|1743864675
|switch|p2a: Cinderace|Cinderace, M|37/100
|move|p1a: Weavile|Ice Shard|p2a: Cinderace
|-resisted|p2a: Cinderace
|-damage|p2a: Cinderace|18/100
|
|upkeep
|turn|6
|
|t:|1743864683
|switch|p2a: Bisharp|Bisharp, M|100/100
|move|p1a: Weavile|Ice Shard|p2a: Bisharp
|-resisted|p2a: Bisharp
|-damage|p2a: Bisharp|89/100
|
|upkeep
|turn|7
|
|t:|1743864689
|switch|p1a: Electivire|Electivire, M|100/100
|move|p2a: Bisharp|Throat Chop|p1a: Electivire
|-damage|p1a: Electivire|24/100
|-start|p1a: Electivire|Throat Chop|[silent]
|
|upkeep
|turn|8
|
|t:|1743864696
|move|p1a: Electivire|Supercell Slam|p2a: Bisharp
|-damage|p2a: Bisharp|40/100
|-damage|p1a: Electivire|14/100|[from] item: Life Orb
|move|p2a: Bisharp|Swords Dance|p2a: Bisharp
|-boost|p2a: Bisharp|atk|2
|
|-end|p1a: Electivire|Throat Chop|[silent]
|upkeep
|turn|9
|
|t:|1743864702
|move|p2a: Bisharp|Sucker Punch||[still]
|-fail|p2a: Bisharp
|move|p1a: Electivire|Bulk Up|p1a: Electivire
|-boost|p1a: Electivire|atk|1
|-boost|p1a: Electivire|def|1
|
|upkeep
|turn|10
|
|t:|1743864709
|move|p2a: Bisharp|Sucker Punch|p1a: Electivire
|-damage|p1a: Electivire|0 fnt
|faint|p1a: Electivire
|
|upkeep
|
|t:|1743864712
|switch|p1a: Heatran|Heatran, M|100/100
|-item|p1a: Heatran|Air Balloon
|turn|11
|
|t:|1743864720
|move|p2a: Bisharp|Sucker Punch|p1a: Heatran
|-damage|p1a: Heatran|24/100
|-enditem|p1a: Heatran|Air Balloon
|move|p1a: Heatran|Magma Storm|p2a: Bisharp|[miss]
|-miss|p1a: Heatran|p2a: Bisharp
|
|upkeep
|turn|12
|
|t:|1743864725
|move|p2a: Bisharp|Sucker Punch||[still]
|-fail|p2a: Bisharp
|move|p1a: Heatran|Stealth Rock|p2a: Bisharp
|-sidestart|p2: LeDauphinRoi|move: Stealth Rock
|
|upkeep
|turn|13
|
|t:|1743864731
|switch|p1a: Weavile|Weavile, M|19/100
|-ability|p1a: Weavile|Pressure
|move|p2a: Bisharp|Sucker Punch||[still]
|-fail|p2a: Bisharp
|
|upkeep
|turn|14
|
|t:|1743864735
|move|p1a: Weavile|Ice Shard|p2a: Bisharp
|-resisted|p2a: Bisharp
|-damage|p2a: Bisharp|29/100
|move|p2a: Bisharp|Throat Chop|p1a: Weavile
|-resisted|p1a: Weavile
|-damage|p1a: Weavile|0 fnt
|faint|p1a: Weavile
|
|upkeep
|
|t:|1743864738
|switch|p1a: Drifblim|Drifblim, F|100/100
|turn|15
|
|t:|1743864742
|-terastallize|p1a: Drifblim|Fairy
|move|p2a: Bisharp|Throat Chop|p1a: Drifblim
|-resisted|p1a: Drifblim
|-damage|p1a: Drifblim|65/100
|-start|p1a: Drifblim|Throat Chop|[silent]
|move|p1a: Drifblim|Will-O-Wisp|p2a: Bisharp
|-status|p2a: Bisharp|brn
|
|-damage|p2a: Bisharp|23/100 brn|[from] brn
|upkeep
|turn|16
|
|t:|1743864756
|switch|p1a: Heatran|Heatran, M|24/100
|move|p2a: Bisharp|Throat Chop|p1a: Heatran
|-damage|p1a: Heatran|0 fnt
|faint|p1a: Heatran
|
|-damage|p2a: Bisharp|17/100 brn|[from] brn
|upkeep
|
|t:|1743864762
|switch|p1a: Torterra|Torterra, M|100/100
|turn|17
|
|t:|1743864769
|move|p1a: Torterra|Bullet Seed|p2a: Bisharp
|-resisted|p2a: Bisharp
|-damage|p2a: Bisharp|12/100 brn
|-resisted|p2a: Bisharp
|-damage|p2a: Bisharp|8/100 brn
|-resisted|p2a: Bisharp
|-damage|p2a: Bisharp|4/100 brn
|-resisted|p2a: Bisharp
|-damage|p2a: Bisharp|0 fnt
|faint|p2a: Bisharp
|-hitcount|p2: Bisharp|4
|
|upkeep
|
|t:|1743864790
|switch|p2a: Cinderace|Cinderace, M|18/100
|turn|18
|
|t:|1743864800
|move|p2a: Cinderace|U-turn|p1a: Torterra
|-supereffective|p1a: Torterra
|-damage|p1a: Torterra|56/100
|
|t:|1743864814
|switch|p2a: Mimikyu|Mimikyu, M|100/100|[from] U-turn
|-damage|p2a: Mimikyu|88/100|[from] Stealth Rock
|move|p1a: Torterra|Shell Smash|p1a: Torterra
|-unboost|p1a: Torterra|def|1
|-unboost|p1a: Torterra|spd|1
|-boost|p1a: Torterra|atk|2
|-boost|p1a: Torterra|spa|2
|-boost|p1a: Torterra|spe|2
|
|upkeep
|turn|19
|
|t:|1743864821
|move|p1a: Torterra|Bullet Seed|p2a: Mimikyu
|-activate|p2a: Mimikyu|ability: Disguise
|-damage|p2a: Mimikyu|88/100
|detailschange|p2a: Mimikyu|Mimikyu-Busted, M
|-damage|p2a: Mimikyu|76/100|[from] pokemon: Mimikyu-Busted
|-damage|p2a: Mimikyu|35/100
|-damage|p2a: Mimikyu|0 fnt
|faint|p2a: Mimikyu
|-hitcount|p2: Mimikyu|3
|
|upkeep
|
|t:|1743864829
|switch|p2a: Serperior|Serperior, M|100/100
|-damage|p2a: Serperior|88/100|[from] Stealth Rock
|turn|20
|
|t:|1743864838
|move|p1a: Torterra|Headlong Rush|p2a: Serperior
|-resisted|p2a: Serperior
|-damage|p2a: Serperior|19/100
|-unboost|p1a: Torterra|def|1
|-unboost|p1a: Torterra|spd|1
|move|p2a: Serperior|Leaf Storm|p1a: Torterra
|-damage|p1a: Torterra|0 fnt
|-boost|p2a: Serperior|spa|2
|faint|p1a: Torterra
|
|-heal|p2a: Serperior|25/100|[from] item: Leftovers
|upkeep
|
|t:|1743864841
|switch|p1a: Drifblim|Drifblim, F, tera:Fairy|65/100
|turn|21
|inactive|LeDauphinRoi has 120 seconds left.
|
|t:|1743864890
|move|p2a: Serperior|Leaf Storm|p1a: Drifblim
|-damage|p1a: Drifblim|0 fnt
|-boost|p2a: Serperior|spa|2
|faint|p1a: Drifblim
|
|win|LeDauphinRoi
|raw|Hyde-D-Rastom's rating: 1342 &rarr; <strong>1323</strong><br />(-19 for losing)
|raw|LeDauphinRoi's rating: 1366 &rarr; <strong>1385</strong><br />(+19 for winning)
|l|☆Hyde-D-Rastom
|player|p1|
|l|☆LeDauphinRoi
|player|p2|
