|j|☆nikolajokicburner
|j|☆LetsgoBrandonJ
|t:|1743901425
|gametype|singles
|player|p1|nikolajokicburner|ethan|1513
|player|p2|LetsgoBrandonJ|170|1468
|teamsize|p1|6
|teamsize|p2|6
|gen|9
|tier|[Gen 9] OU
|rated|
|rule|HP Percentage Mod: HP is shown in percentages
|rule|Endless Battle Clause: Forcing endless battles is banned
|rule|Species Clause: Limit one of each Pokémon
|rule|OHKO Clause: OHKO moves are banned
|rule|Evasion Items Clause: Evasion items are banned
|rule|Evasion Moves Clause: Evasion moves are banned
|rule|Sleep Moves Clause: Sleep-inducing moves are banned
|clearpoke
|poke|p1|Tyranitar, F|
|poke|p1|Great Tusk|
|poke|p1|Gholdengo|
|poke|p1|Excadrill, M|
|poke|p1|Clodsire, M|
|poke|p1|Corviknight, F|
|poke|p2|Brute Bonnet|
|poke|p2|Hatterene, F|
|poke|p2|Torkoal, F|
|poke|p2|Walking Wake|
|poke|p2|Kingambit, M|
|poke|p2|Raging Bolt|
|teampreview
|inactive|Battle timer is ON: inactive players will automatically lose when time's up. (requested by nikolajokicburner)
|
|t:|1743901440
|start
|switch|p1a: Excadrill|Excadrill, M|100/100
|switch|p2a: Torkoal|Torkoal, F|100/100
|-weather|SunnyDay|[from] ability: Drought|[of] p2a: Torkoal
|turn|1
|
|t:|1743901453
|switch|p2a: Acid Trip|Brute Bonnet|100/100
|-activate|p2a: Acid Trip|ability: Protosynthesis
|-start|p2a: Acid Trip|protosynthesisatk
|move|p1a: Excadrill|Earthquake|p2a: Acid Trip
|-resisted|p2a: Acid Trip
|-damage|p2a: Acid Trip|68/100
|
|-weather|SunnyDay|[upkeep]
|upkeep
|turn|2
|
|t:|1743901462
|switch|p1a: Corviknight|Corviknight, F|100/100
|-ability|p1a: Corviknight|Pressure
|move|p2a: Acid Trip|Bullet Seed|p1a: Corviknight
|-resisted|p1a: Corviknight
|-damage|p1a: Corviknight|98/100
|-resisted|p1a: Corviknight
|-damage|p1a: Corviknight|95/100
|-resisted|p1a: Corviknight
|-damage|p1a: Corviknight|92/100
|-resisted|p1a: Corviknight
|-damage|p1a: Corviknight|90/100
|-hitcount|p1a: Corviknight|4
|
|-weather|SunnyDay|[upkeep]
|upkeep
|turn|3
|
|t:|1743901476
|-terastallize|p2a: Acid Trip|Fire
|move|p2a: Acid Trip|Tera Blast|p1a: Corviknight|[anim] Tera Blast Fire
|-supereffective|p1a: Corviknight
|-damage|p1a: Corviknight|0 fnt
|faint|p1a: Corviknight
|
|-weather|SunnyDay|[upkeep]
|upkeep
|
|t:|1743901488
|switch|p1a: Great Tusk|Great Tusk|100/100
|-activate|p1a: Great Tusk|ability: Protosynthesis
|-start|p1a: Great Tusk|protosynthesisspe
|turn|4
|
|t:|1743901497
|-end|p2a: Acid Trip|Protosynthesis|[silent]
|switch|p2a: Hatterene|Hatterene, F|100/100
|move|p1a: Great Tusk|Headlong Rush|p2a: Hatterene
|-damage|p2a: Hatterene|53/100
|-unboost|p1a: Great Tusk|def|1
|-unboost|p1a: Great Tusk|spd|1
|-enditem|p2a: Hatterene|Eject Button
|
|t:|1743901504
|switch|p2a: Walking Wake|Walking Wake|100/100
|-activate|p2a: Walking Wake|ability: Protosynthesis
|-start|p2a: Walking Wake|protosynthesisspe
|
|-weather|SunnyDay|[upkeep]
|upkeep
|turn|5
|
|t:|1743901511
|-end|p1a: Great Tusk|Protosynthesis|[silent]
|switch|p1a: Clodsire|Clodsire, M|100/100
|move|p2a: Walking Wake|Hydro Steam|p1a: Clodsire
|-immune|p1a: Clodsire|[from] ability: Water Absorb
|
|-weather|SunnyDay|[upkeep]
|upkeep
|turn|6
|
|t:|1743901525
|-end|p2a: Walking Wake|Protosynthesis|[silent]
|switch|p2a: Hatterene|Hatterene, F|53/100
|switch|p1a: Tyranitar|Tyranitar, F, shiny|100/100
|-weather|Sandstorm|[from] ability: Sand Stream|[of] p1a: Tyranitar
|
|-weather|Sandstorm|[upkeep]
|-damage|p2a: Hatterene|47/100|[from] Sandstorm
|upkeep
|turn|7
|
|t:|1743901537
|move|p1a: Tyranitar|Stone Edge|p2a: Hatterene
|-damage|p2a: Hatterene|0 fnt
|faint|p2a: Hatterene
|
|-weather|Sandstorm|[upkeep]
|upkeep
|
|t:|1743901543
|switch|p2a: Acid Trip|Brute Bonnet, tera:Fire|68/100
|turn|8
|
|t:|1743901564
|switch|p1a: Clodsire|Clodsire, M|100/100
|move|p2a: Acid Trip|Bullet Seed|p1a: Clodsire
|-damage|p1a: Clodsire|86/100
|-damage|p1a: Clodsire|71/100
|-damage|p1a: Clodsire|56/100
|-damage|p1a: Clodsire|39/100
|-hitcount|p1a: Clodsire|4
|
|-weather|Sandstorm|[upkeep]
|-damage|p2a: Acid Trip|61/100|[from] Sandstorm
|-heal|p1a: Clodsire|45/100|[from] item: Leftovers
|upkeep
|turn|9
|
|t:|1743901576
|move|p2a: Acid Trip|Bullet Seed|p1a: Clodsire
|-damage|p1a: Clodsire|29/100
|-damage|p1a: Clodsire|13/100
|-damage|p1a: Clodsire|0 fnt
|faint|p1a: Clodsire
|-hitcount|p1: Clodsire|3
|
|-weather|Sandstorm|[upkeep]
|-damage|p2a: Acid Trip|55/100|[from] Sandstorm
|upkeep
|
|t:|1743901583
|switch|p1a: Great Tusk|Great Tusk|100/100
|-enditem|p1a: Great Tusk|Booster Energy
|-activate|p1a: Great Tusk|ability: Protosynthesis|[fromitem]
|-start|p1a: Great Tusk|protosynthesisspe
|turn|10
|
|t:|1743901596
|move|p1a: Great Tusk|Headlong Rush|p2a: Acid Trip
|-supereffective|p2a: Acid Trip
|-damage|p2a: Acid Trip|0 fnt
|-unboost|p1a: Great Tusk|def|1
|-unboost|p1a: Great Tusk|spd|1
|faint|p2a: Acid Trip
|-end|p2a: Acid Trip|Protosynthesis|[silent]
|
|-weather|Sandstorm|[upkeep]
|upkeep
|
|t:|1743901604
|switch|p2a: Walking Wake|Walking Wake|100/100
|turn|11
|
|t:|1743901631
|-end|p1a: Great Tusk|Protosynthesis|[silent]
|switch|p1a: Gholdengo|Gholdengo|100/100
|-item|p1a: Gholdengo|Air Balloon
|move|p2a: Walking Wake|Hydro Steam|p1a: Gholdengo
|-damage|p1a: Gholdengo|30/100
|-enditem|p1a: Gholdengo|Air Balloon
|
|-weather|Sandstorm|[upkeep]
|-damage|p2a: Walking Wake|94/100|[from] Sandstorm
|upkeep
|turn|12
|
|t:|1743901642
|move|p2a: Walking Wake|Hydro Steam|p1a: Gholdengo
|-damage|p1a: Gholdengo|0 fnt
|faint|p1a: Gholdengo
|
|-weather|Sandstorm|[upkeep]
|-damage|p2a: Walking Wake|88/100|[from] Sandstorm
|upkeep
|
|t:|1743901645
|switch|p1a: Excadrill|Excadrill, M|100/100
|turn|13
|
|t:|1743901663
|-end|p2a: Walking Wake|Protosynthesis|[silent]
|switch|p2a: Torkoal|Torkoal, F|100/100
|-weather|SunnyDay|[from] ability: Drought|[of] p2a: Torkoal
|move|p1a: Excadrill|Earthquake|p2a: Torkoal
|-supereffective|p2a: Torkoal
|-damage|p2a: Torkoal|15/100
|
|-weather|SunnyDay|[upkeep]
|upkeep
|turn|14
|
|t:|1743901673
|move|p1a: Excadrill|Earthquake|p2a: Torkoal
|-supereffective|p2a: Torkoal
|-damage|p2a: Torkoal|0 fnt
|faint|p2a: Torkoal
|
|-weather|SunnyDay|[upkeep]
|upkeep
|
|t:|1743901680
|switch|p2a: Walking Wake|Walking Wake|88/100
|-activate|p2a: Walking Wake|ability: Protosynthesis
|-start|p2a: Walking Wake|protosynthesisspe
|turn|15
|
|t:|1743901685
|switch|p1a: Tyranitar|Tyranitar, F, shiny|100/100
|-weather|Sandstorm|[from] ability: Sand Stream|[of] p1a: Tyranitar
|-end|p2a: Walking Wake|Protosynthesis
|move|p2a: Walking Wake|Hydro Steam|p1a: Tyranitar
|-supereffective|p1a: Tyranitar
|-damage|p1a: Tyranitar|25/100
|
|-weather|Sandstorm|[upkeep]
|-damage|p2a: Walking Wake|82/100|[from] Sandstorm
|upkeep
|turn|16
|
|t:|1743901697
|move|p2a: Walking Wake|Hydro Steam|p1a: Tyranitar
|-supereffective|p1a: Tyranitar
|-damage|p1a: Tyranitar|0 fnt
|faint|p1a: Tyranitar
|
|-weather|Sandstorm|[upkeep]
|-damage|p2a: Walking Wake|76/100|[from] Sandstorm
|upkeep
|
|t:|1743901700
|switch|p1a: Excadrill|Excadrill, M|100/100
|turn|17
|
|t:|1743901707
|move|p1a: Excadrill|Earthquake|p2a: Walking Wake
|-damage|p2a: Walking Wake|0 fnt
|faint|p2a: Walking Wake
|-end|p2a: Walking Wake|Protosynthesis|[silent]
|
|-weather|Sandstorm|[upkeep]
|upkeep
|
|t:|1743901715
|switch|p2a: Raging Bolt|Raging Bolt|100/100
|turn|18
|
|t:|1743901730
|move|p1a: Excadrill|Earthquake|p2a: Raging Bolt
|-supereffective|p2a: Raging Bolt
|-damage|p2a: Raging Bolt|0 fnt
|faint|p2a: Raging Bolt
|-end|p2a: Raging Bolt|Protosynthesis|[silent]
|
|-weather|Sandstorm|[upkeep]
|upkeep
|
|t:|1743901736
|switch|p2a: Kingambit|Kingambit, M|100/100
|-activate|p2a: Kingambit|ability: Supreme Overlord
|-start|p2a: Kingambit|fallen5|[silent]
|turn|19
|
|t:|1743901743
|move|p2a: Kingambit|Sucker Punch|p1a: Excadrill
|-damage|p1a: Excadrill|3/100
|move|p1a: Excadrill|Earthquake|p2a: Kingambit
|-supereffective|p2a: Kingambit
|-damage|p2a: Kingambit|0 fnt
|faint|p2a: Kingambit
|-end|p2a: Kingambit|fallen5|[silent]
|
|win|nikolajokicburner
|raw|nikolajokicburner's rating: 1513 &rarr; <strong>1530</strong><br />(+17 for winning)
|raw|LetsgoBrandonJ's rating: 1468 &rarr; <strong>1451</strong><br />(-17 for losing)
|c|☆nikolajokicburner|gg
|l|☆LetsgoBrandonJ
|player|p2|
|l|☆nikolajokicburner
|player|p1|
