|j|☆Johnnytravs1
|j|☆dumbdumbstrikeback
|t:|1743907998
|gametype|singles
|player|p1|Johnnytravs1|266|1245
|player|p2|dumbdumbstrikeback|supernerd|1263
|teamsize|p1|6
|teamsize|p2|6
|gen|9
|tier|[Gen 9] OU
|rated|
|rule|HP Percentage Mod: HP is shown in percentages
|rule|Endless Battle Clause: Forcing endless battles is banned
|rule|Species Clause: Limit one of each Pokémon
|rule|OHKO Clause: OHKO moves are banned
|rule|Evasion Items Clause: Evasion items are banned
|rule|Evasion Moves Clause: Evasion moves are banned
|rule|Sleep Moves Clause: Sleep-inducing moves are banned
|clearpoke
|poke|p1|Misdreavus, M|
|poke|p1|Primarina, F|
|poke|p1|Weavile, M|
|poke|p1|Cinderace, M|
|poke|p1|Corviknight, F|
|poke|p1|Gurdurr, F|
|poke|p2|Slowking-Galar, F|
|poke|p2|Meowscarada, F|
|poke|p2|Dondozo, F|
|poke|p2|Corviknight, F|
|poke|p2|Raging Bolt|
|poke|p2|Cinderace, F|
|teampreview
|inactive|Battle timer is ON: inactive players will automatically lose when time's up. (requested by Johnnytravs1)
|
|t:|1743908030
|start
|switch|p1a: Weavile|Weavile, M|100/100
|switch|p2a: Cinderace|Cinderace, F|100/100
|-ability|p1a: Weavile|Pressure
|turn|1
|
|t:|1743908036
|move|p1a: Weavile|Fake Out|p2a: Cinderace
|-damage|p2a: Cinderace|77/100
|-damage|p1a: Weavile|91/100|[from] item: Life Orb
|cant|p2a: Cinderace|flinch
|
|upkeep
|turn|2
|
|t:|1743908042
|move|p2a: Cinderace|U-turn|p1a: Weavile
|-start|p2a: Cinderace|typechange|Bug|[from] ability: Libero
|-supereffective|p1a: Weavile
|-damage|p1a: Weavile|0 fnt
|faint|p1a: Weavile
|
|t:|1743908054
|switch|p2a: Raging Bolt|Raging Bolt|100/100|[from] U-turn
|
|upkeep
|
|t:|1743908060
|switch|p1a: Misdreavus|Misdreavus, M|100/100
|turn|3
|
|t:|1743908068
|move|p1a: Misdreavus|Calm Mind|p1a: Misdreavus
|-boost|p1a: Misdreavus|spa|1
|-boost|p1a: Misdreavus|spd|1
|move|p2a: Raging Bolt|Volt Switch|p1a: Misdreavus
|-damage|p1a: Misdreavus|59/100
|
|t:|1743908075
|-end|p2a: Raging Bolt|Protosynthesis|[silent]
|switch|p2a: Meowscarada|Meowscarada, F|100/100|[from] Volt Switch
|
|upkeep
|turn|4
|
|t:|1743908081
|-terastallize|p1a: Misdreavus|Fairy
|move|p2a: Meowscarada|Knock Off|p1a: Misdreavus
|-start|p2a: Meowscarada|typechange|Dark|[from] ability: Protean
|-resisted|p1a: Misdreavus
|-damage|p1a: Misdreavus|11/100
|-enditem|p1a: Misdreavus|Eviolite|[from] move: Knock Off|[of] p2a: Meowscarada
|move|p1a: Misdreavus|Draining Kiss|p2a: Meowscarada
|-supereffective|p2a: Meowscarada
|-damage|p2a: Meowscarada|0 fnt
|-heal|p1a: Misdreavus|96/100|[from] drain|[of] p2a: Meowscarada
|faint|p2a: Meowscarada
|
|upkeep
|
|t:|1743908094
|switch|p2a: Slowking|Slowking-Galar, F|100/100
|turn|5
|
|t:|1743908100
|move|p1a: Misdreavus|Calm Mind|p1a: Misdreavus
|-boost|p1a: Misdreavus|spa|1
|-boost|p1a: Misdreavus|spd|1
|move|p2a: Slowking|Toxic|p1a: Misdreavus
|-status|p1a: Misdreavus|tox
|
|-damage|p1a: Misdreavus|89/100 tox|[from] psn
|upkeep
|turn|6
|
|t:|1743908107
|move|p1a: Misdreavus|Calm Mind|p1a: Misdreavus
|-boost|p1a: Misdreavus|spa|1
|-boost|p1a: Misdreavus|spd|1
|move|p2a: Slowking|Trick|p1a: Misdreavus
|-activate|p2a: Slowking|move: Trick|[of] p1a: Misdreavus
|-item|p1a: Misdreavus|Black Sludge|[from] move: Trick
|-enditem|p2a: Slowking|Black Sludge|[silent]|[from] move: Trick
|
|-damage|p1a: Misdreavus|77/100 tox|[from] item: Black Sludge
|-damage|p1a: Misdreavus|65/100 tox|[from] psn
|upkeep
|turn|7
|
|t:|1743908117
|move|p1a: Misdreavus|Shadow Ball|p2a: Slowking
|-supereffective|p2a: Slowking
|-damage|p2a: Slowking|13/100
|-prepare|p2a: Slowking|Chilly Reception|[premajor]
|move|p2a: Slowking|Chilly Reception|p2a: Slowking
|-weather|Snowscape
|
|t:|1743908128
|switch|p2a: Dondozo|Dondozo, F, shiny|100/100|[from] Chilly Reception
|
|-weather|Snowscape|[upkeep]
|-damage|p1a: Misdreavus|53/100 tox|[from] item: Black Sludge
|-damage|p1a: Misdreavus|34/100 tox|[from] psn
|upkeep
|turn|8
|
|t:|1743908138
|move|p1a: Misdreavus|Draining Kiss|p2a: Dondozo
|-damage|p2a: Dondozo|79/100
|-heal|p1a: Misdreavus|66/100 tox|[from] drain|[of] p2a: Dondozo
|move|p2a: Dondozo|Liquidation|p1a: Misdreavus
|-damage|p1a: Misdreavus|4/100 tox
|
|-weather|Snowscape|[upkeep]
|-damage|p1a: Misdreavus|0 fnt|[from] item: Black Sludge
|faint|p1a: Misdreavus
|-heal|p2a: Dondozo|85/100|[from] item: Leftovers
|upkeep
|
|t:|1743908155
|switch|p1a: Primarina|Primarina, F|100/100
|turn|9
|
|t:|1743908164
|switch|p2a: Corviknight|Corviknight, F, shiny|100/100
|-ability|p2a: Corviknight|Pressure
|move|p1a: Primarina|Calm Mind|p1a: Primarina
|-boost|p1a: Primarina|spa|1
|-boost|p1a: Primarina|spd|1
|
|-weather|Snowscape|[upkeep]
|upkeep
|turn|10
|
|t:|1743908172
|move|p1a: Primarina|Hyper Voice|p2a: Corviknight
|-damage|p2a: Corviknight|33/100
|move|p2a: Corviknight|U-turn|p1a: Primarina
|-resisted|p1a: Primarina
|-damage|p1a: Primarina|91/100
|
|t:|1743908178
|switch|p2a: Raging Bolt|Raging Bolt|100/100|[from] U-turn
|
|-weather|Snowscape|[upkeep]
|-heal|p1a: Primarina|97/100|[from] item: Leftovers
|upkeep
|turn|11
|
|t:|1743908186
|-terastallize|p2a: Raging Bolt|Electric
|move|p2a: Raging Bolt|Volt Switch|p1a: Primarina
|-supereffective|p1a: Primarina
|-damage|p1a: Primarina|0 fnt
|faint|p1a: Primarina
|
|t:|1743908192
|-end|p2a: Raging Bolt|Protosynthesis|[silent]
|switch|p2a: Cinderace|Cinderace, F|77/100|[from] Volt Switch
|
|-weather|none
|upkeep
|
|t:|1743908198
|switch|p1a: Gurdurr|Gurdurr, F|100/100
|turn|12
|
|t:|1743908202
|move|p2a: Cinderace|U-turn|p1a: Gurdurr
|-start|p2a: Cinderace|typechange|Bug|[from] ability: Libero
|-resisted|p1a: Gurdurr
|-damage|p1a: Gurdurr|90/100
|
|t:|1743908208
|switch|p2a: Corviknight|Corviknight, F, shiny|33/100|[from] U-turn
|-ability|p2a: Corviknight|Pressure
|move|p1a: Gurdurr|Bulk Up|p1a: Gurdurr
|-boost|p1a: Gurdurr|atk|1
|-boost|p1a: Gurdurr|def|1
|
|upkeep
|turn|13
|
|t:|1743908216
|move|p2a: Corviknight|U-turn|p1a: Gurdurr
|-resisted|p1a: Gurdurr
|-damage|p1a: Gurdurr|87/100
|
|t:|1743908219
|switch|p2a: Dondozo|Dondozo, F, shiny|85/100|[from] U-turn
|move|p1a: Gurdurr|Bulk Up|p1a: Gurdurr
|-boost|p1a: Gurdurr|atk|1
|-boost|p1a: Gurdurr|def|1
|
|-heal|p2a: Dondozo|91/100|[from] item: Leftovers
|upkeep
|turn|14
|
|t:|1743908228
|move|p1a: Gurdurr|Mach Punch|p2a: Dondozo
|-damage|p2a: Dondozo|81/100
|move|p2a: Dondozo|Liquidation|p1a: Gurdurr
|-damage|p1a: Gurdurr|69/100
|
|-heal|p2a: Dondozo|87/100|[from] item: Leftovers
|upkeep
|turn|15
|
|t:|1743908235
|move|p1a: Gurdurr|Drain Punch|p2a: Dondozo
|-damage|p2a: Dondozo|69/100
|-heal|p1a: Gurdurr|84/100|[from] drain|[of] p2a: Dondozo
|move|p2a: Dondozo|Liquidation|p1a: Gurdurr
|-damage|p1a: Gurdurr|66/100
|-unboost|p1a: Gurdurr|def|1
|
|-heal|p2a: Dondozo|75/100|[from] item: Leftovers
|upkeep
|turn|16
|
|t:|1743908245
|move|p1a: Gurdurr|Drain Punch|p2a: Dondozo
|-damage|p2a: Dondozo|59/100
|-heal|p1a: Gurdurr|80/100|[from] drain|[of] p2a: Dondozo
|move|p2a: Dondozo|Liquidation|p1a: Gurdurr
|-damage|p1a: Gurdurr|61/100
|
|-heal|p2a: Dondozo|65/100|[from] item: Leftovers
|upkeep
|turn|17
|
|t:|1743908257
|move|p1a: Gurdurr|Bulk Up|p1a: Gurdurr
|-boost|p1a: Gurdurr|atk|1
|-boost|p1a: Gurdurr|def|1
|move|p2a: Dondozo|Body Press|p1a: Gurdurr
|-damage|p1a: Gurdurr|46/100
|
|-heal|p2a: Dondozo|71/100|[from] item: Leftovers
|upkeep
|turn|18
|
|t:|1743908264
|move|p1a: Gurdurr|Drain Punch|p2a: Dondozo
|-damage|p2a: Dondozo|53/100
|-heal|p1a: Gurdurr|60/100|[from] drain|[of] p2a: Dondozo
|move|p2a: Dondozo|Liquidation|p1a: Gurdurr
|-damage|p1a: Gurdurr|44/100
|
|-heal|p2a: Dondozo|59/100|[from] item: Leftovers
|upkeep
|turn|19
|
|t:|1743908273
|move|p1a: Gurdurr|Drain Punch|p2a: Dondozo
|-damage|p2a: Dondozo|42/100
|-heal|p1a: Gurdurr|57/100|[from] drain|[of] p2a: Dondozo
|move|p2a: Dondozo|Liquidation|p1a: Gurdurr
|-damage|p1a: Gurdurr|39/100
|
|-heal|p2a: Dondozo|49/100|[from] item: Leftovers
|upkeep
|turn|20
|
|t:|1743908284
|move|p1a: Gurdurr|Drain Punch|p2a: Dondozo
|-damage|p2a: Dondozo|30/100
|-heal|p1a: Gurdurr|54/100|[from] drain|[of] p2a: Dondozo
|move|p2a: Dondozo|Liquidation|p1a: Gurdurr
|-damage|p1a: Gurdurr|37/100
|
|-heal|p2a: Dondozo|36/100|[from] item: Leftovers
|upkeep
|turn|21
|
|t:|1743908294
|move|p1a: Gurdurr|Drain Punch|p2a: Dondozo
|-damage|p2a: Dondozo|18/100
|-heal|p1a: Gurdurr|51/100|[from] drain|[of] p2a: Dondozo
|move|p2a: Dondozo|Rest|p2a: Dondozo
|-status|p2a: Dondozo|slp|[from] move: Rest
|-heal|p2a: Dondozo|100/100 slp|[silent]
|
|upkeep
|turn|22
|-message|Johnnytravs1 forfeited.
|
|win|dumbdumbstrikeback
|raw|Johnnytravs1's rating: 1245 &rarr; <strong>1221</strong><br />(-24 for losing)
|raw|dumbdumbstrikeback's rating: 1263 &rarr; <strong>1287</strong><br />(+24 for winning)
|l|☆Johnnytravs1
|player|p1|
|l|☆dumbdumbstrikeback
|player|p2|
