|j|☆Poop shit crap
|j|☆reduxniceyes
|t:|1743937930
|gametype|singles
|player|p1|Poop shit crap|170|1184
|player|p2|reduxniceyes|2|1213
|teamsize|p1|6
|teamsize|p2|6
|gen|9
|tier|[Gen 9] OU
|rated|
|rule|HP Percentage Mod: HP is shown in percentages
|rule|Endless Battle Clause: Forcing endless battles is banned
|rule|Species Clause: Limit one of each Pokémon
|rule|OHKO Clause: OHKO moves are banned
|rule|Evasion Items Clause: Evasion items are banned
|rule|Evasion Moves Clause: Evasion moves are banned
|rule|Sleep Moves Clause: Sleep-inducing moves are banned
|clearpoke
|poke|p1|Conkeldurr, F|
|poke|p1|Blissey, F|
|poke|p1|Skarmory, M|
|poke|p1|Mandibuzz, F|
|poke|p1|Latios, M|
|poke|p1|Zarude-Dada|
|poke|p2|Dragapult, F|
|poke|p2|Rotom-Wash|
|poke|p2|Landorus-Therian, M|
|poke|p2|Clefable, M|
|poke|p2|Zamazenta-*|
|poke|p2|Samurott-Hisui, F|
|teampreview
|inactive|Battle timer is ON: inactive players will automatically lose when time's up. (requested by Poop shit crap)
|
|t:|1743937945
|start
|switch|p1a: Latios|Latios, M|100/100
|switch|p2a: Samurott|Samurott-Hisui, F|100/100
|turn|1
|
|t:|1743937962
|move|p1a: Latios|Draco Meteor|p2a: Samurott
|-damage|p2a: Samurott|0 fnt
|-unboost|p1a: Latios|spa|2
|faint|p2a: Samurott
|
|upkeep
|
|t:|1743937979
|switch|p2a: Rotom|Rotom-Wash|100/100
|turn|2
|
|t:|1743937986
|switch|p1a: Blissey|Blissey, F|100/100
|move|p2a: Rotom|Thunder Wave|p1a: Blissey
|-status|p1a: Blissey|par
|
|upkeep
|turn|3
|inactive|Poop shit crap has 120 seconds left.
|inactive|reduxniceyes has 120 seconds left.
|
|t:|1743938039
|switch|p2a: Clefable|Clefable, M|100/100
|move|p1a: Blissey|Calm Mind|p1a: Blissey
|-boost|p1a: Blissey|spa|1
|-boost|p1a: Blissey|spd|1
|
|upkeep
|turn|4
|
|t:|1743938058
|-curestatus|p1a: Blissey|par|[from] ability: Natural Cure
|switch|p1a: Latios|Latios, M|100/100
|move|p2a: Clefable|Calm Mind|p2a: Clefable
|-boost|p2a: Clefable|spa|1
|-boost|p2a: Clefable|spd|1
|
|upkeep
|turn|5
|
|t:|1743938068
|move|p1a: Latios|Trick|p2a: Clefable
|-activate|p1a: Latios|move: Trick|[of] p2a: Clefable
|-item|p2a: Clefable|Choice Scarf|[from] move: Trick
|-item|p1a: Latios|Sticky Barb|[from] move: Trick
|move|p2a: Clefable|Moonblast|p1a: Latios
|-supereffective|p1a: Latios
|-damage|p1a: Latios|7/100
|
|-damage|p1a: Latios|0 fnt|[from] item: Sticky Barb
|faint|p1a: Latios
|upkeep
|inactive|Poop shit crap has 90 seconds left.
|
|t:|1743938102
|switch|p1a: Blissey|Blissey, F|100/100
|turn|6
|inactive|reduxniceyes has 120 seconds left.
|
|t:|1743938110
|switch|p2a: Rotom|Rotom-Wash|100/100
|move|p1a: Blissey|Hyper Voice|p2a: Rotom
|-damage|p2a: Rotom|76/100
|
|-heal|p2a: Rotom|83/100|[from] item: Leftovers
|upkeep
|turn|7
|
|t:|1743938119
|move|p2a: Rotom|Pain Split|p1a: Blissey
|-sethp|p1a: Blissey|68/100|[from] move: Pain Split|[silent]
|-sethp|p2a: Rotom|100/100|[from] move: Pain Split
|move|p1a: Blissey|Hyper Voice|p2a: Rotom
|-damage|p2a: Rotom|75/100
|
|-heal|p2a: Rotom|81/100|[from] item: Leftovers
|-heal|p1a: Blissey|74/100|[from] item: Leftovers
|upkeep
|turn|8
|
|t:|1743938128
|move|p2a: Rotom|Thunder Wave|p1a: Blissey
|-status|p1a: Blissey|par
|move|p1a: Blissey|Calm Mind|p1a: Blissey
|-boost|p1a: Blissey|spa|1
|-boost|p1a: Blissey|spd|1
|
|-heal|p2a: Rotom|87/100|[from] item: Leftovers
|-heal|p1a: Blissey|80/100 par|[from] item: Leftovers
|upkeep
|turn|9
|
|t:|1743938140
|move|p2a: Rotom|Volt Switch|p1a: Blissey
|-damage|p1a: Blissey|76/100 par
|
|t:|1743938146
|switch|p2a: Zamazenta|Zamazenta|100/100|[from] Volt Switch
|-ability|p2a: Zamazenta|Dauntless Shield|boost
|-boost|p2a: Zamazenta|def|1
|move|p1a: Blissey|Hyper Voice|p2a: Zamazenta
|-damage|p2a: Zamazenta|69/100
|
|-heal|p1a: Blissey|82/100 par|[from] item: Leftovers
|upkeep
|turn|10
|inactive|reduxniceyes has 120 seconds left.
|
|t:|1743938168
|-curestatus|p1a: Blissey|par|[from] ability: Natural Cure
|switch|p1a: Conkeldurr|Conkeldurr, F|100/100
|move|p2a: Zamazenta|Close Combat|p1a: Conkeldurr
|-damage|p1a: Conkeldurr|29/100
|-unboost|p2a: Zamazenta|def|1
|-unboost|p2a: Zamazenta|spd|1
|-damage|p2a: Zamazenta|59/100|[from] item: Life Orb
|
|-heal|p1a: Conkeldurr|35/100|[from] item: Leftovers
|upkeep
|turn|11
|
|t:|1743938175
|move|p2a: Zamazenta|Close Combat|p1a: Conkeldurr
|-damage|p1a: Conkeldurr|0 fnt
|-unboost|p2a: Zamazenta|def|1
|-unboost|p2a: Zamazenta|spd|1
|faint|p1a: Conkeldurr
|-damage|p2a: Zamazenta|49/100|[from] item: Life Orb
|
|upkeep
|
|t:|1743938180
|switch|p1a: Skarmory|Skarmory, M|100/100
|turn|12
|
|t:|1743938184
|switch|p2a: Landorus|Landorus-Therian, M|100/100
|-ability|p2a: Landorus|Intimidate|boost
|-unboost|p1a: Skarmory|atk|1
|move|p1a: Skarmory|Spikes|p2a: Landorus
|-sidestart|p2: reduxniceyes|Spikes
|
|upkeep
|turn|13
|
|t:|1743938196
|move|p2a: Landorus|Stealth Rock|p1a: Skarmory
|-sidestart|p1: Poop shit crap|move: Stealth Rock
|move|p1a: Skarmory|Spikes|p2a: Landorus
|-sidestart|p2: reduxniceyes|Spikes
|
|upkeep
|turn|14
|
|t:|1743938200
|move|p2a: Landorus|Smack Down|p1a: Skarmory
|-damage|p1a: Skarmory|89/100
|-start|p1a: Skarmory|Smack Down
|move|p1a: Skarmory|Spikes|p2a: Landorus
|-sidestart|p2: reduxniceyes|Spikes
|
|upkeep
|turn|15
|
|t:|1743938207
|switch|p1a: Mandibuzz|Mandibuzz, F|100/100
|-damage|p1a: Mandibuzz|75/100|[from] Stealth Rock
|move|p2a: Landorus|Earthquake|p1a: Mandibuzz
|-immune|p1a: Mandibuzz
|
|-heal|p1a: Mandibuzz|82/100|[from] item: Leftovers
|upkeep
|turn|16
|
|t:|1743938213
|move|p2a: Landorus|Smack Down|p1a: Mandibuzz
|-supereffective|p1a: Mandibuzz
|-damage|p1a: Mandibuzz|61/100
|-start|p1a: Mandibuzz|Smack Down
|move|p1a: Mandibuzz|Foul Play|p2a: Landorus
|-damage|p2a: Landorus|43/100
|
|-heal|p1a: Mandibuzz|67/100|[from] item: Leftovers
|upkeep
|turn|17
|
|t:|1743938228
|move|p2a: Landorus|Earthquake|p1a: Mandibuzz
|-damage|p1a: Mandibuzz|32/100
|move|p1a: Mandibuzz|Foul Play|p2a: Landorus
|-damage|p2a: Landorus|0 fnt
|faint|p2a: Landorus
|
|-heal|p1a: Mandibuzz|38/100|[from] item: Leftovers
|upkeep
|
|t:|1743938247
|switch|p2a: Zamazenta|Zamazenta|49/100
|-damage|p2a: Zamazenta|24/100|[from] Spikes
|turn|18
|inactive|reduxniceyes has 120 seconds left.
|
|t:|1743938262
|move|p2a: Zamazenta|Close Combat|p1a: Mandibuzz
|-damage|p1a: Mandibuzz|0 fnt
|-unboost|p2a: Zamazenta|def|1
|-unboost|p2a: Zamazenta|spd|1
|faint|p1a: Mandibuzz
|-damage|p2a: Zamazenta|14/100|[from] item: Life Orb
|
|upkeep
|
|t:|1743938272
|switch|p1a: Skarmory|Skarmory, M|89/100
|-damage|p1a: Skarmory|76/100|[from] Stealth Rock
|turn|19
|inactive|reduxniceyes has 120 seconds left.
|
|t:|1743938289
|move|p2a: Zamazenta|Close Combat|p1a: Skarmory
|-damage|p1a: Skarmory|30/100
|-unboost|p2a: Zamazenta|def|1
|-unboost|p2a: Zamazenta|spd|1
|-damage|p2a: Zamazenta|0 fnt|[from] item: Rocky Helmet|[of] p1a: Skarmory
|faint|p2a: Zamazenta
|move|p1a: Skarmory|Iron Defense|p1a: Skarmory
|-boost|p1a: Skarmory|def|2
|
|upkeep
|inactive|reduxniceyes has 120 seconds left.
|
|t:|1743938302
|switch|p2a: Rotom|Rotom-Wash|87/100
|turn|20
|inactive|reduxniceyes has 120 seconds left.
|
|t:|1743938312
|-terastallize|p1a: Skarmory|Dragon
|move|p2a: Rotom|Thunder Wave|p1a: Skarmory
|-status|p1a: Skarmory|par
|move|p1a: Skarmory|Roost|p1a: Skarmory
|-heal|p1a: Skarmory|80/100 par
|
|-heal|p2a: Rotom|94/100|[from] item: Leftovers
|upkeep
|turn|21
|
|t:|1743938320
|move|p2a: Rotom|Hydro Pump|p1a: Skarmory
|-resisted|p1a: Skarmory
|-damage|p1a: Skarmory|55/100 par
|move|p1a: Skarmory|Body Press|p2a: Rotom
|-damage|p2a: Rotom|38/100
|
|-heal|p2a: Rotom|44/100|[from] item: Leftovers
|upkeep
|turn|22
|
|t:|1743938326
|move|p2a: Rotom|Pain Split|p1a: Skarmory
|-sethp|p1a: Skarmory|48/100 par|[from] move: Pain Split|[silent]
|-sethp|p2a: Rotom|52/100|[from] move: Pain Split
|move|p1a: Skarmory|Body Press|p2a: Rotom
|-damage|p2a: Rotom|0 fnt
|faint|p2a: Rotom
|
|upkeep
|
|t:|1743938333
|switch|p2a: Clefable|Clefable, M|100/100
|turn|23
|
|t:|1743938345
|move|p2a: Clefable|Moonblast|p1a: Skarmory
|-supereffective|p1a: Skarmory
|-damage|p1a: Skarmory|0 fnt
|faint|p1a: Skarmory
|
|upkeep
|
|t:|1743938347
|switch|p1a: Blissey|Blissey, F|82/100
|-damage|p1a: Blissey|69/100|[from] Stealth Rock
|turn|24
|
|t:|1743938359
|move|p2a: Clefable|Moonblast|p1a: Blissey
|-damage|p1a: Blissey|60/100
|-unboost|p1a: Blissey|spa|1
|move|p1a: Blissey|Flamethrower|p2a: Clefable
|-damage|p2a: Clefable|90/100
|
|-heal|p1a: Blissey|66/100|[from] item: Leftovers
|upkeep
|turn|25
|
|t:|1743938366
|switch|p2a: Dragapult|Dragapult, F|100/100
|move|p1a: Blissey|Calm Mind|p1a: Blissey
|-boost|p1a: Blissey|spa|1
|-boost|p1a: Blissey|spd|1
|
|-heal|p1a: Blissey|72/100|[from] item: Leftovers
|upkeep
|turn|26
|
|t:|1743938375
|switch|p1a: Zarude|Zarude-Dada|100/100
|-damage|p1a: Zarude|88/100|[from] Stealth Rock
|move|p2a: Dragapult|Dragon Darts|p1a: Zarude
|-damage|p1a: Zarude|70/100
|-anim|p2a: Dragapult|Dragon Darts|p1a: Zarude
|-damage|p1a: Zarude|50/100
|
|-heal|p1a: Zarude|55/100|[from] item: Leftovers
|upkeep
|turn|27
|
|t:|1743938388
|move|p2a: Dragapult|U-turn|p1a: Zarude
|-supereffective|p1a: Zarude
|-damage|p1a: Zarude|0 fnt
|faint|p1a: Zarude
|
|t:|1743938391
|switch|p2a: Clefable|Clefable, M|90/100|[from] U-turn
|
|upkeep
|-message|Poop shit crap forfeited.
|
|win|reduxniceyes
|raw|Poop shit crap's rating: 1184 &rarr; <strong>1161</strong><br />(-23 for losing)
|raw|reduxniceyes's rating: 1213 &rarr; <strong>1236</strong><br />(+23 for winning)
|l|☆Poop shit crap
|player|p1|
|l|☆reduxniceyes
|player|p2|
