|j|☆AlphaOnDc
|j|☆pingu28
|t:|1743929424
|gametype|singles
|player|p1|AlphaOnDc|dawn|1244
|player|p2|pingu28|flannery|1319
|teamsize|p1|6
|teamsize|p2|6
|gen|9
|tier|[Gen 9] OU
|rated|
|rule|HP Percentage Mod: HP is shown in percentages
|rule|Endless Battle Clause: Forcing endless battles is banned
|rule|Species Clause: Limit one of each Pokémon
|rule|OHKO Clause: OHKO moves are banned
|rule|Evasion Items Clause: Evasion items are banned
|rule|Evasion Moves Clause: Evasion moves are banned
|rule|Sleep Moves Clause: Sleep-inducing moves are banned
|clearpoke
|poke|p1|Quaquaval, F|
|poke|p1|Clodsire, F|
|poke|p1|Great Tusk|
|poke|p1|Iron Valiant|
|poke|p1|Zapdos|
|poke|p1|Garganacl, M|
|poke|p2|Garganacl, M|
|poke|p2|Kingambit, M|
|poke|p2|Infernape, M|
|poke|p2|Great Tusk|
|poke|p2|Walking Wake|
|poke|p2|Torkoal, M|
|teampreview
|inactive|Battle timer is ON: inactive players will automatically lose when time's up. (requested by pingu28)
|inactive|pingu28 has 120 seconds left.
|inactive|pingu28 has 90 seconds left.
|
|t:|1743929495
|start
|switch|p1a: Garganacl|Garganacl, M|100/100
|switch|p2a: Moist Garp|Infernape, M|100/100
|turn|1
|
|t:|1743929504
|move|p1a: Garganacl|Protect|p1a: Garganacl
|-singleturn|p1a: Garganacl|Protect
|move|p2a: Moist Garp|U-turn|p1a: Garganacl
|-activate|p1a: Garganacl|move: Protect
|
|upkeep
|turn|2
|
|t:|1743929511
|move|p2a: Moist Garp|U-turn|p1a: Garganacl
|-damage|p1a: Garganacl|92/100
|
|t:|1743929515
|switch|p2a: Forest|Garganacl, M|100/100|[from] U-turn
|move|p1a: Garganacl|Salt Cure|p2a: Forest
|-damage|p2a: Forest|91/100
|-start|p2a: Forest|Salt Cure
|
|-heal|p1a: Garganacl|99/100|[from] item: Leftovers
|-heal|p2a: Forest|97/100|[from] item: Leftovers
|-damage|p2a: Forest|85/100|[from] Salt Cure
|upkeep
|turn|3
|
|t:|1743929528
|move|p2a: Forest|Earthquake|p1a: Garganacl
|-supereffective|p1a: Garganacl
|-damage|p1a: Garganacl|65/100
|move|p1a: Garganacl|Stealth Rock|p2a: Forest
|-sidestart|p2: pingu28|move: Stealth Rock
|
|-heal|p1a: Garganacl|71/100|[from] item: Leftovers
|-heal|p2a: Forest|91/100|[from] item: Leftovers
|-damage|p2a: Forest|78/100|[from] Salt Cure
|upkeep
|turn|4
|
|t:|1743929539
|move|p1a: Garganacl|Protect|p1a: Garganacl
|-singleturn|p1a: Garganacl|Protect
|move|p2a: Forest|Earthquake|p1a: Garganacl
|-activate|p1a: Garganacl|move: Protect
|
|-heal|p2a: Forest|85/100|[from] item: Leftovers
|-heal|p1a: Garganacl|77/100|[from] item: Leftovers
|-damage|p2a: Forest|72/100|[from] Salt Cure
|upkeep
|turn|5
|
|t:|1743929559
|switch|p1a: Quaquaval|Quaquaval, F|100/100
|-item|p1a: Quaquaval|Air Balloon
|move|p2a: Forest|Salt Cure|p1a: Quaquaval
|-resisted|p1a: Quaquaval
|-crit|p1a: Quaquaval
|-damage|p1a: Quaquaval|83/100
|-start|p1a: Quaquaval|Salt Cure
|-enditem|p1a: Quaquaval|Air Balloon
|
|-heal|p2a: Forest|78/100|[from] item: Leftovers
|-damage|p1a: Quaquaval|58/100|[from] Salt Cure
|-damage|p2a: Forest|66/100|[from] Salt Cure
|upkeep
|turn|6
|inactive|pingu28 has 120 seconds left.
|
|t:|1743929584
|switch|p2a: Torkoal|Torkoal, M|100/100
|-damage|p2a: Torkoal|76/100|[from] Stealth Rock
|-weather|SunnyDay|[from] ability: Drought|[of] p2a: Torkoal
|move|p1a: Quaquaval|Close Combat|p2a: Torkoal
|-damage|p2a: Torkoal|36/100
|-unboost|p1a: Quaquaval|def|1
|-unboost|p1a: Quaquaval|spd|1
|
|-weather|SunnyDay|[upkeep]
|-damage|p1a: Quaquaval|33/100|[from] Salt Cure
|upkeep
|turn|7
|
|t:|1743929597
|switch|p2a: Yona|Walking Wake|100/100
|-damage|p2a: Yona|88/100|[from] Stealth Rock
|-activate|p2a: Yona|ability: Protosynthesis
|-start|p2a: Yona|protosynthesisspe
|move|p1a: Quaquaval|Close Combat|p2a: Yona
|-damage|p2a: Yona|18/100
|-unboost|p1a: Quaquaval|def|1
|-unboost|p1a: Quaquaval|spd|1
|
|-weather|SunnyDay|[upkeep]
|-damage|p1a: Quaquaval|9/100|[from] Salt Cure
|upkeep
|turn|8
|inactive|pingu28 has 120 seconds left.
|
|t:|1743929630
|move|p2a: Yona|Dragon Pulse|p1a: Quaquaval
|-damage|p1a: Quaquaval|0 fnt
|faint|p1a: Quaquaval
|
|-weather|SunnyDay|[upkeep]
|upkeep
|
|t:|1743929646
|switch|p1a: Zapdos|Zapdos|100/100
|turn|9
|
|t:|1743929654
|move|p2a: Yona|Dragon Pulse|p1a: Zapdos
|-damage|p1a: Zapdos|21/100
|move|p1a: Zapdos|Volt Switch|p2a: Yona
|-damage|p2a: Yona|0 fnt
|faint|p2a: Yona
|-end|p2a: Yona|Protosynthesis|[silent]
|
|t:|1743929665
|switch|p1a: Great Tusk|Great Tusk|100/100|[from] Volt Switch
|-activate|p1a: Great Tusk|ability: Protosynthesis
|-start|p1a: Great Tusk|protosynthesisatk
|
|-weather|SunnyDay|[upkeep]
|upkeep
|inactive|pingu28 has 120 seconds left.
|
|t:|1743929682
|switch|p2a: Dap|Great Tusk|100/100
|-damage|p2a: Dap|98/100|[from] Stealth Rock
|-activate|p2a: Dap|ability: Protosynthesis
|-start|p2a: Dap|protosynthesisatk
|turn|10
|
|t:|1743929694
|move|p2a: Dap|Ice Spinner|p1a: Great Tusk
|-supereffective|p1a: Great Tusk
|-damage|p1a: Great Tusk|54/100
|move|p1a: Great Tusk|Headlong Rush|p2a: Dap
|-damage|p2a: Dap|39/100
|-unboost|p1a: Great Tusk|def|1
|-unboost|p1a: Great Tusk|spd|1
|-damage|p1a: Great Tusk|38/100|[from] item: Rocky Helmet|[of] p2a: Dap
|
|-weather|SunnyDay|[upkeep]
|-heal|p1a: Great Tusk|44/100|[from] item: Leftovers
|upkeep
|turn|11
|inactive|pingu28 has 120 seconds left.
|
|t:|1743929714
|move|p2a: Dap|Ice Spinner|p1a: Great Tusk
|-supereffective|p1a: Great Tusk
|-damage|p1a: Great Tusk|0 fnt
|faint|p1a: Great Tusk
|-end|p1a: Great Tusk|Protosynthesis|[silent]
|
|-weather|SunnyDay|[upkeep]
|upkeep
|
|t:|1743929723
|switch|p1a: Iron Valiant|Iron Valiant|100/100
|-enditem|p1a: Iron Valiant|Booster Energy
|-activate|p1a: Iron Valiant|ability: Quark Drive|[fromitem]
|-start|p1a: Iron Valiant|quarkdrivespe
|turn|12
|inactive|pingu28 has 120 seconds left.
|
|t:|1743929739
|-end|p2a: Dap|Protosynthesis|[silent]
|switch|p2a: Forest|Garganacl, M|66/100
|-damage|p2a: Forest|54/100|[from] Stealth Rock
|move|p1a: Iron Valiant|Moonblast|p2a: Forest
|-damage|p2a: Forest|8/100
|-unboost|p2a: Forest|spa|1
|
|-weather|SunnyDay|[upkeep]
|-heal|p2a: Forest|15/100|[from] item: Leftovers
|upkeep
|turn|13
|inactive|pingu28 has 120 seconds left.
|
|t:|1743929756
|move|p1a: Iron Valiant|Moonblast|p2a: Forest
|-damage|p2a: Forest|0 fnt
|faint|p2a: Forest
|
|-weather|none
|upkeep
|inactive|pingu28 has 90 seconds left.
|
|t:|1743929797
|switch|p2a: Ice bear|Kingambit, M|100/100
|-damage|p2a: Ice bear|94/100|[from] Stealth Rock
|-activate|p2a: Ice bear|ability: Supreme Overlord
|-start|p2a: Ice bear|fallen2|[silent]
|turn|14
|
|t:|1743929802
|-terastallize|p2a: Ice bear|Ghost
|move|p1a: Iron Valiant|Focus Blast|p2a: Ice bear
|-immune|p2a: Ice bear
|move|p2a: Ice bear|Iron Head|p1a: Iron Valiant
|-supereffective|p1a: Iron Valiant
|-damage|p1a: Iron Valiant|0 fnt
|faint|p1a: Iron Valiant
|-end|p1a: Iron Valiant|Quark Drive|[silent]
|
|-heal|p2a: Ice bear|100/100|[from] item: Leftovers
|upkeep
|
|t:|1743929807
|switch|p1a: Garganacl|Garganacl, M|77/100
|turn|15
|inactive|pingu28 has 90 seconds left.
|
|t:|1743929822
|move|p2a: Ice bear|Iron Head|p1a: Garganacl
|-supereffective|p1a: Garganacl
|-damage|p1a: Garganacl|21/100
|move|p1a: Garganacl|Salt Cure|p2a: Ice bear
|-damage|p2a: Ice bear|88/100
|-start|p2a: Ice bear|Salt Cure
|
|-heal|p2a: Ice bear|94/100|[from] item: Leftovers
|-heal|p1a: Garganacl|27/100|[from] item: Leftovers
|-damage|p2a: Ice bear|82/100|[from] Salt Cure
|upkeep
|turn|16
|
|t:|1743929833
|move|p1a: Garganacl|Protect|p1a: Garganacl
|-singleturn|p1a: Garganacl|Protect
|move|p2a: Ice bear|Iron Head|p1a: Garganacl
|-activate|p1a: Garganacl|move: Protect
|
|-heal|p2a: Ice bear|88/100|[from] item: Leftovers
|-heal|p1a: Garganacl|33/100|[from] item: Leftovers
|-damage|p2a: Ice bear|76/100|[from] Salt Cure
|upkeep
|turn|17
|
|t:|1743929844
|switch|p1a: Zapdos|Zapdos|21/100
|move|p2a: Ice bear|Iron Head|p1a: Zapdos
|-resisted|p1a: Zapdos
|-damage|p1a: Zapdos|0 fnt
|faint|p1a: Zapdos
|
|-heal|p2a: Ice bear|82/100|[from] item: Leftovers
|-damage|p2a: Ice bear|69/100|[from] Salt Cure
|upkeep
|
|t:|1743929855
|switch|p1a: Clodsire|Clodsire, F, shiny|100/100
|turn|18
|inactive|pingu28 has 120 seconds left.
|
|t:|1743929869
|-end|p2a: Ice bear|fallen2|[silent]
|switch|p2a: Torkoal|Torkoal, M|36/100
|-damage|p2a: Torkoal|12/100|[from] Stealth Rock
|-weather|SunnyDay|[from] ability: Drought|[of] p2a: Torkoal
|move|p1a: Clodsire|Toxic|p2a: Torkoal
|-status|p2a: Torkoal|tox
|
|-weather|SunnyDay|[upkeep]
|-damage|p2a: Torkoal|5/100 tox|[from] psn
|upkeep
|turn|19
|
|t:|1743929885
|move|p1a: Clodsire|Protect|p1a: Clodsire
|-singleturn|p1a: Clodsire|Protect
|move|p2a: Torkoal|Rapid Spin|p1a: Clodsire
|-activate|p1a: Clodsire|move: Protect
|
|-weather|SunnyDay|[upkeep]
|-damage|p2a: Torkoal|0 fnt|[from] psn
|faint|p2a: Torkoal
|upkeep
|inactive|pingu28 has 120 seconds left.
|
|t:|1743929907
|switch|p2a: Dap|Great Tusk|39/100
|-damage|p2a: Dap|36/100|[from] Stealth Rock
|-activate|p2a: Dap|ability: Protosynthesis
|-start|p2a: Dap|protosynthesisatk
|turn|20
|
|t:|1743929914
|move|p2a: Dap|Headlong Rush|p1a: Clodsire
|-supereffective|p1a: Clodsire
|-damage|p1a: Clodsire|0 fnt
|-unboost|p2a: Dap|def|1
|-unboost|p2a: Dap|spd|1
|faint|p1a: Clodsire
|
|-weather|SunnyDay|[upkeep]
|upkeep
|
|t:|1743929923
|switch|p1a: Garganacl|Garganacl, M|33/100
|turn|21
|
|t:|1743929928
|move|p2a: Dap|Rapid Spin|p1a: Garganacl
|-resisted|p1a: Garganacl
|-damage|p1a: Garganacl|27/100
|-boost|p2a: Dap|spe|1
|-sideend|p2: pingu28|Stealth Rock|[from] move: Rapid Spin|[of] p2a: Dap
|move|p1a: Garganacl|Recover|p1a: Garganacl
|-heal|p1a: Garganacl|77/100
|
|-weather|SunnyDay|[upkeep]
|-heal|p1a: Garganacl|84/100|[from] item: Leftovers
|upkeep
|turn|22
|
|t:|1743929938
|move|p2a: Dap|Close Combat|p1a: Garganacl
|-supereffective|p1a: Garganacl
|-damage|p1a: Garganacl|3/100
|-unboost|p2a: Dap|def|1
|-unboost|p2a: Dap|spd|1
|move|p1a: Garganacl|Salt Cure|p2a: Dap
|-resisted|p2a: Dap
|-damage|p2a: Dap|31/100
|-start|p2a: Dap|Salt Cure
|
|-weather|SunnyDay|[upkeep]
|-heal|p1a: Garganacl|10/100|[from] item: Leftovers
|-damage|p2a: Dap|18/100|[from] Salt Cure
|upkeep
|turn|23
|
|t:|1743929952
|-end|p2a: Dap|Protosynthesis|[silent]
|switch|p2a: Moist Garp|Infernape, M|100/100
|move|p1a: Garganacl|Recover|p1a: Garganacl
|-heal|p1a: Garganacl|60/100
|
|-weather|SunnyDay|[upkeep]
|-heal|p1a: Garganacl|66/100|[from] item: Leftovers
|upkeep
|turn|24
|
|t:|1743929962
|move|p2a: Moist Garp|Aura Sphere|p1a: Garganacl
|-supereffective|p1a: Garganacl
|-damage|p1a: Garganacl|0 fnt
|faint|p1a: Garganacl
|
|win|pingu28
|raw|AlphaOnDc's rating: 1244 &rarr; <strong>1224</strong><br />(-20 for losing)
|raw|pingu28's rating: 1319 &rarr; <strong>1335</strong><br />(+16 for winning)
|l|☆AlphaOnDc
|player|p1|
|l|☆pingu28
|player|p2|
