|j|☆aaron2damoon
|j|☆Vangnex
|t:|1743862215
|gametype|singles
|player|p1|aaron2damoon|ninjaboy|1147
|player|p2|Vangnex|lady|1103
|teamsize|p1|6
|teamsize|p2|6
|gen|9
|tier|[Gen 9] OU
|rated|
|rule|HP Percentage Mod: HP is shown in percentages
|rule|Endless Battle Clause: Forcing endless battles is banned
|rule|Species Clause: Limit one of each Pokémon
|rule|OHKO Clause: OHKO moves are banned
|rule|Evasion Items Clause: Evasion items are banned
|rule|Evasion Moves Clause: Evasion moves are banned
|rule|Sleep Moves Clause: Sleep-inducing moves are banned
|clearpoke
|poke|p1|Azumarill, M|
|poke|p1|Garganacl, M|
|poke|p1|Glimmora, F|
|poke|p1|Rillaboom, F|
|poke|p1|Iron Moth|
|poke|p1|Raging Bolt|
|poke|p2|Blaziken, M|
|poke|p2|Smeargle, M|
|poke|p2|Golem, M|
|poke|p2|Squawkabilly-Blue, M|
|poke|p2|Cyclizar, F|
|poke|p2|Whimsicott, F|
|teampreview
|
|t:|1743862242
|start
|switch|p1a: Azumarill|Azumarill, M, shiny|100/100
|switch|p2a: Smeargle|Smeargle, M|100/100
|turn|1
|
|t:|1743862250
|move|p2a: Smeargle|Sticky Web|p1a: Azumarill
|-sidestart|p1: aaron2damoon|move: Sticky Web
|move|p1a: Azumarill|Belly Drum|p1a: Azumarill
|-damage|p1a: Azumarill|50/100
|-setboost|p1a: Azumarill|atk|6|[from] move: Belly Drum
|-enditem|p1a: Azumarill|Sitrus Berry|[eat]
|-heal|p1a: Azumarill|75/100|[from] item: Sitrus Berry
|
|upkeep
|turn|2
|
|t:|1743862257
|-terastallize|p1a: Azumarill|Water
|move|p2a: Smeargle|Burning Bulwark|p2a: Smeargle
|-singleturn|p2a: Smeargle|move: Protect
|move|p1a: Azumarill|Aqua Jet|p2a: Smeargle
|-activate|p2a: Smeargle|move: Protect
|-status|p1a: Azumarill|brn
|
|-damage|p1a: Azumarill|69/100 brn|[from] brn
|upkeep
|turn|3
|
|t:|1743862265
|move|p1a: Azumarill|Aqua Jet|p2a: Smeargle
|-enditem|p2a: Smeargle|Focus Sash
|-damage|p2a: Smeargle|1/100
|move|p2a: Smeargle|Ceaseless Edge|p1a: Azumarill
|-damage|p1a: Azumarill|59/100 brn
|-sidestart|p1: aaron2damoon|Spikes
|
|-damage|p1a: Azumarill|53/100 brn|[from] brn
|upkeep
|turn|4
|
|t:|1743862271
|move|p1a: Azumarill|Aqua Jet|p2a: Smeargle
|-damage|p2a: Smeargle|0 fnt
|faint|p2a: Smeargle
|
|-damage|p1a: Azumarill|47/100 brn|[from] brn
|upkeep
|c|☆aaron2damoon|thats pretty annoying tbh
|
|t:|1743862296
|switch|p2a: Whimsicott|Whimsicott, F|100/100
|turn|5
|
|t:|1743862300
|move|p2a: Whimsicott|Encore|p1a: Azumarill
|-start|p1a: Azumarill|Encore
|move|p1a: Azumarill|Aqua Jet|p2a: Whimsicott
|-resisted|p2a: Whimsicott
|-damage|p2a: Whimsicott|63/100
|
|-damage|p1a: Azumarill|41/100 brn|[from] brn
|upkeep
|turn|6
|
|t:|1743862310
|move|p1a: Azumarill|Aqua Jet|p2a: Whimsicott
|-resisted|p2a: Whimsicott
|-damage|p2a: Whimsicott|25/100
|move|p2a: Whimsicott|Moonblast|p1a: Azumarill
|-damage|p1a: Azumarill|14/100 brn
|
|-damage|p1a: Azumarill|8/100 brn|[from] brn
|upkeep
|turn|7
|
|t:|1743862336
|switch|p2a: Cyclizar|Cyclizar, F|100/100
|move|p1a: Azumarill|Aqua Jet|p2a: Cyclizar
|-resisted|p2a: Cyclizar
|-damage|p2a: Cyclizar|45/100
|
|-damage|p1a: Azumarill|2/100 brn|[from] brn
|-end|p1a: Azumarill|Encore
|upkeep
|turn|8
|
|t:|1743862346
|move|p1a: Azumarill|Aqua Jet|p2a: Cyclizar
|-resisted|p2a: Cyclizar
|-damage|p2a: Cyclizar|0 fnt
|faint|p2a: Cyclizar
|
|-damage|p1a: Azumarill|0 fnt|[from] brn
|faint|p1a: Azumarill
|upkeep
|
|t:|1743862351
|switch|p2a: Golem|Golem, M|100/100
|switch|p1a: Glimmora|Glimmora, F, shiny|100/100
|-activate|p1a: Glimmora|move: Sticky Web
|-unboost|p1a: Glimmora|spe|1
|-damage|p1a: Glimmora|88/100|[from] Spikes
|turn|9
|
|t:|1743862358
|move|p1a: Glimmora|Mortal Spin|p2a: Golem
|-resisted|p2a: Golem
|-damage|p2a: Golem|99/100
|-status|p2a: Golem|psn
|-sideend|p1: aaron2damoon|Spikes|[from] move: Mortal Spin|[of] p1a: Glimmora
|-sideend|p1: aaron2damoon|Sticky Web|[from] move: Mortal Spin|[of] p1a: Glimmora
|move|p2a: Golem|Earthquake|p1a: Glimmora
|-supereffective|p1a: Glimmora
|-damage|p1a: Glimmora|0 fnt
|-activate|p1a: Glimmora|ability: Toxic Debris
|-sidestart|p2: Vangnex|move: Toxic Spikes
|faint|p1a: Glimmora
|
|-damage|p2a: Golem|87/100 psn|[from] psn
|upkeep
|
|t:|1743862366
|switch|p1a: Rillaboom|Rillaboom, F|100/100
|-fieldstart|move: Grassy Terrain|[from] ability: Grassy Surge|[of] p1a: Rillaboom
|turn|10
|
|t:|1743862373
|move|p1a: Rillaboom|Wood Hammer|p2a: Golem
|-supereffective|p2a: Golem
|-damage|p2a: Golem|0 fnt
|faint|p2a: Golem
|-damage|p1a: Rillaboom|70/100|[from] Recoil
|
|-heal|p1a: Rillaboom|76/100|[from] Grassy Terrain
|upkeep
|
|t:|1743862385
|switch|p2a: Squawkabilly|Squawkabilly-Blue, M|100/100
|turn|11
|
|t:|1743862395
|move|p2a: Squawkabilly|Parting Shot|p1a: Rillaboom
|-unboost|p1a: Rillaboom|atk|1
|-unboost|p1a: Rillaboom|spa|1
|
|t:|1743862405
|switch|p2a: Blaziken|Blaziken, M|100/100|[from] Parting Shot
|-status|p2a: Blaziken|psn
|move|p1a: Rillaboom|Wood Hammer|p2a: Blaziken
|-resisted|p2a: Blaziken
|-damage|p2a: Blaziken|31/100 psn
|-damage|p1a: Rillaboom|56/100|[from] Recoil
|
|-heal|p2a: Blaziken|37/100 psn|[from] Grassy Terrain
|-heal|p1a: Rillaboom|62/100|[from] Grassy Terrain
|-damage|p2a: Blaziken|25/100 psn|[from] psn
|upkeep
|turn|12
|
|t:|1743862416
|move|p2a: Blaziken|Overheat|p1a: Rillaboom
|-supereffective|p1a: Rillaboom
|-damage|p1a: Rillaboom|0 fnt
|-unboost|p2a: Blaziken|spa|2
|faint|p1a: Rillaboom
|
|-heal|p2a: Blaziken|31/100 psn|[from] Grassy Terrain
|-damage|p2a: Blaziken|18/100 psn|[from] psn
|-ability|p2a: Blaziken|Speed Boost|boost
|-boost|p2a: Blaziken|spe|1
|upkeep
|
|t:|1743862424
|switch|p1a: Iron Moth|Iron Moth, shiny|100/100
|-enditem|p1a: Iron Moth|Booster Energy
|-activate|p1a: Iron Moth|ability: Quark Drive|[fromitem]
|-start|p1a: Iron Moth|quarkdrivespe
|turn|13
|-message|Vangnex forfeited.
|
|win|aaron2damoon
|raw|aaron2damoon's rating: 1147 &rarr; <strong>1169</strong><br />(+22 for winning)
|raw|Vangnex's rating: 1103 &rarr; <strong>1081</strong><br />(-22 for losing)
|l|☆Vangnex
|player|p2|
|c|☆aaron2damoon|gg
|l|☆aaron2damoon
|player|p1|
