|j|☆the guy245
|j|☆Te Desenamoraste
|t:|1743874534
|gametype|singles
|player|p1|the guy245|volkner|1363
|player|p2|Te Desenamoraste|rika|1371
|teamsize|p1|6
|teamsize|p2|6
|gen|9
|tier|[Gen 9] OU
|rated|
|rule|HP Percentage Mod: HP is shown in percentages
|rule|Endless Battle Clause: Forcing endless battles is banned
|rule|Species Clause: Limit one of each Pokémon
|rule|OHKO Clause: OHKO moves are banned
|rule|Evasion Items Clause: Evasion items are banned
|rule|Evasion Moves Clause: Evasion moves are banned
|rule|Sleep Moves Clause: Sleep-inducing moves are banned
|clearpoke
|poke|p1|Electrode-Hisui|
|poke|p1|Samurott-Hisui, F|
|poke|p1|Hydreigon, F|
|poke|p1|Great Tusk|
|poke|p1|Sinistcha-Masterpiece|
|poke|p1|Kingambit, M|
|poke|p2|Clefable, M|
|poke|p2|Pecharunt|
|poke|p2|Ogerpon-Wellspring, F|
|poke|p2|Tornadus-Therian, M|
|poke|p2|Great Tusk|
|poke|p2|Kingambit, M|
|teampreview
|inactive|Battle timer is ON: inactive players will automatically lose when time's up. (requested by Te Desenamoraste)
|inactive|Te Desenamoraste has 120 seconds left.
|
|t:|1743874574
|start
|switch|p1a: The Baller|Electrode-Hisui|100/100
|switch|p2a: Clefable|Clefable, M|100/100
|turn|1
|
|t:|1743874586
|move|p1a: The Baller|Volt Switch|p2a: Clefable
|-damage|p2a: Clefable|72/100
|-damage|p1a: The Baller|91/100|[from] item: Life Orb
|
|t:|1743874591
|switch|p1a: Sinistcha|Sinistcha-Masterpiece|100/100|[from] Volt Switch
|move|p2a: Clefable|Flamethrower|p1a: Sinistcha
|-supereffective|p1a: Sinistcha
|-damage|p1a: Sinistcha|57/100
|
|upkeep
|turn|2
|
|t:|1743874604
|move|p1a: Sinistcha|Calm Mind|p1a: Sinistcha
|-boost|p1a: Sinistcha|spa|1
|-boost|p1a: Sinistcha|spd|1
|move|p2a: Clefable|Flamethrower|p1a: Sinistcha
|-supereffective|p1a: Sinistcha
|-damage|p1a: Sinistcha|28/100
|
|upkeep
|turn|3
|
|t:|1743874616
|move|p1a: Sinistcha|Matcha Gotcha|p2a: Clefable|[miss]
|-miss|p1a: Sinistcha|p2a: Clefable
|move|p2a: Clefable|Flamethrower|p1a: Sinistcha
|-supereffective|p1a: Sinistcha
|-damage|p1a: Sinistcha|0 fnt
|faint|p1a: Sinistcha
|
|upkeep
|
|t:|1743874622
|switch|p1a: Hydreigon|Hydreigon, F|100/100
|turn|4
|
|t:|1743874627
|switch|p2a: Tornadus|Tornadus-Therian, M|100/100
|move|p1a: Hydreigon|Flash Cannon|p2a: Tornadus
|-damage|p2a: Tornadus|84/100
|
|upkeep
|turn|5
|
|t:|1743874634
|move|p2a: Tornadus|Bleakwind Storm|p1a: Hydreigon
|-damage|p1a: Hydreigon|60/100
|move|p1a: Hydreigon|Nasty Plot|p1a: Hydreigon
|-boost|p1a: Hydreigon|spa|2
|
|-heal|p1a: Hydreigon|66/100|[from] item: Leftovers
|upkeep
|turn|6
|
|t:|1743874657
|move|p2a: Tornadus|Bleakwind Storm|p1a: Hydreigon
|-crit|p1a: Hydreigon
|-damage|p1a: Hydreigon|0 fnt
|faint|p1a: Hydreigon
|
|upkeep
|
|t:|1743874663
|switch|p1a: The Baller|Electrode-Hisui|91/100
|turn|7
|
|t:|1743874675
|move|p1a: The Baller|Volt Switch|p2a: Tornadus
|-supereffective|p2a: Tornadus
|-damage|p2a: Tornadus|34/100
|-damage|p1a: The Baller|81/100|[from] item: Life Orb
|
|t:|1743874678
|switch|p1a: Samurott|Samurott-Hisui, F|100/100|[from] Volt Switch
|move|p2a: Tornadus|U-turn|p1a: Samurott
|-supereffective|p1a: Samurott
|-damage|p1a: Samurott|61/100
|
|t:|1743874687
|switch|p2a: Ogerpon|Ogerpon-Wellspring, F|100/100|[from] U-turn
|
|upkeep
|turn|8
|
|t:|1743874695
|move|p1a: Samurott|Sucker Punch|p2a: Ogerpon
|-damage|p2a: Ogerpon|61/100
|move|p2a: Ogerpon|Ivy Cudgel|p1a: Samurott|[anim] Ivy Cudgel Water
|-resisted|p1a: Samurott
|-damage|p1a: Samurott|24/100
|
|upkeep
|turn|9
|
|t:|1743874701
|move|p1a: Samurott|Sucker Punch||[still]
|-fail|p1a: Samurott
|move|p2a: Ogerpon|Synthesis|p2a: Ogerpon
|-heal|p2a: Ogerpon|100/100
|
|upkeep
|turn|10
|
|t:|1743874705
|move|p1a: Samurott|Sucker Punch|p2a: Ogerpon
|-damage|p2a: Ogerpon|61/100
|move|p2a: Ogerpon|U-turn|p1a: Samurott
|-supereffective|p1a: Samurott
|-damage|p1a: Samurott|0 fnt
|faint|p1a: Samurott
|
|t:|1743874708
|switch|p2a: Tornadus|Tornadus-Therian, M|67/100|[from] U-turn
|
|upkeep
|
|t:|1743874711
|switch|p1a: The Baller|Electrode-Hisui|81/100
|turn|11
|
|t:|1743874736
|switch|p2a: Pecharunt|Pecharunt|100/100
|-terastallize|p1a: The Baller|Ice
|move|p1a: The Baller|Tera Blast|p2a: Pecharunt|[anim] Tera Blast Ice
|-damage|p2a: Pecharunt|64/100
|-damage|p1a: The Baller|71/100|[from] item: Life Orb
|
|upkeep
|turn|12
|
|t:|1743874746
|move|p1a: The Baller|Volt Switch|p2a: Pecharunt
|-damage|p2a: Pecharunt|31/100
|-damage|p1a: The Baller|61/100|[from] item: Life Orb
|
|t:|1743874749
|switch|p1a: Kingambit|Kingambit, M, shiny|100/100|[from] Volt Switch
|-activate|p1a: Kingambit|ability: Supreme Overlord
|-start|p1a: Kingambit|fallen3|[silent]
|move|p2a: Pecharunt|Recover|p2a: Pecharunt
|-heal|p2a: Pecharunt|81/100
|
|upkeep
|turn|13
|
|t:|1743874754
|move|p2a: Pecharunt|Parting Shot|p1a: Kingambit
|-unboost|p1a: Kingambit|atk|1
|-unboost|p1a: Kingambit|spa|1
|
|t:|1743874756
|switch|p2a: Great Tusk|Great Tusk|100/100|[from] Parting Shot
|move|p1a: Kingambit|Swords Dance|p1a: Kingambit
|-boost|p1a: Kingambit|atk|2
|
|upkeep
|turn|14
|
|t:|1743874761
|move|p2a: Great Tusk|Headlong Rush|p1a: Kingambit
|-supereffective|p1a: Kingambit
|-damage|p1a: Kingambit|9/100
|-unboost|p2a: Great Tusk|def|1
|-unboost|p2a: Great Tusk|spd|1
|move|p1a: Kingambit|Iron Head|p2a: Great Tusk
|-damage|p2a: Great Tusk|6/100
|-damage|p1a: Kingambit|0 fnt|[from] item: Rocky Helmet|[of] p2a: Great Tusk
|faint|p1a: Kingambit
|-end|p1a: Kingambit|fallen3|[silent]
|
|upkeep
|
|t:|1743874765
|switch|p1a: The Baller|Electrode-Hisui, tera:Ice|61/100
|turn|15
|-message|the guy245 forfeited.
|
|win|Te Desenamoraste
|raw|the guy245's rating: 1363 &rarr; <strong>1343</strong><br />(-20 for losing)
|raw|Te Desenamoraste's rating: 1371 &rarr; <strong>1391</strong><br />(+20 for winning)
|l|☆the guy245
|player|p1|
|l|☆Te Desenamoraste
|player|p2|
