|j|☆breadfishin
|j|☆yorushika1
|t:|1743821110
|gametype|singles
|player|p1|breadfishin|266|1467
|player|p2|yorushika1|pokemonbreederf-gen4|1539
|teamsize|p1|6
|teamsize|p2|6
|gen|9
|tier|[Gen 9] OU
|rated|
|rule|HP Percentage Mod: HP is shown in percentages
|rule|Endless Battle Clause: Forcing endless battles is banned
|rule|Species Clause: Limit one of each Pokémon
|rule|OHKO Clause: OHKO moves are banned
|rule|Evasion Items Clause: Evasion items are banned
|rule|Evasion Moves Clause: Evasion moves are banned
|rule|Sleep Moves Clause: Sleep-inducing moves are banned
|clearpoke
|poke|p1|Gholdengo|
|poke|p1|Glimmora, M|
|poke|p1|Dondozo, F|
|poke|p1|Garganacl, F|
|poke|p1|Dragonite, M|
|poke|p1|Slowking-Galar, F|
|poke|p2|Ogerpon, F|
|poke|p2|Garganacl, M|
|poke|p2|Kingambit, F|
|poke|p2|Raging Bolt|
|poke|p2|Great Tusk|
|poke|p2|Slowking-Galar, M|
|teampreview
|inactive|Battle timer is ON: inactive players will automatically lose when time's up. (requested by yorushika1)
|
|t:|1743821124
|start
|switch|p1a: Glimmora|Glimmora, M|100/100
|switch|p2a: Garganacl|Garganacl, M|100/100
|turn|1
|
|t:|1743821134
|move|p1a: Glimmora|Toxic|p2a: Garganacl
|-immune|p2a: Garganacl|[from] ability: Purifying Salt
|move|p2a: Garganacl|Salt Cure|p1a: Glimmora
|-damage|p1a: Glimmora|86/100
|-start|p1a: Glimmora|Salt Cure
|-activate|p1a: Glimmora|ability: Toxic Debris
|-sidestart|p2: yorushika1|move: Toxic Spikes
|
|-damage|p1a: Glimmora|74/100|[from] Salt Cure
|upkeep
|turn|2
|
|t:|1743821141
|switch|p2a: Slowking|Slowking-Galar, M|100/100
|-sideend|p2: yorushika1|move: Toxic Spikes|[of] p2a: Slowking
|move|p1a: Glimmora|Stealth Rock|p2a: Slowking
|-sidestart|p2: yorushika1|move: Stealth Rock
|
|-damage|p1a: Glimmora|62/100|[from] Salt Cure
|upkeep
|turn|3
|
|t:|1743821153
|switch|p1a: Slowking|Slowking-Galar, F|100/100
|move|p2a: Slowking|Ice Beam|p1a: Slowking
|-damage|p1a: Slowking|82/100
|-status|p1a: Slowking|frz
|
|upkeep
|turn|4
|
|t:|1743821159
|-prepare|p2a: Slowking|Chilly Reception|[premajor]
|move|p2a: Slowking|Chilly Reception|p2a: Slowking
|-weather|Snowscape
|
|t:|1743821164
|switch|p2a: Garganacl|Garganacl, M|100/100|[from] Chilly Reception
|-damage|p2a: Garganacl|88/100|[from] Stealth Rock
|cant|p1a: Slowking|frz
|
|-weather|Snowscape|[upkeep]
|-heal|p2a: Garganacl|94/100|[from] item: Leftovers
|upkeep
|turn|5
|
|t:|1743821170
|move|p2a: Garganacl|Curse|p2a: Garganacl
|-unboost|p2a: Garganacl|spe|1
|-boost|p2a: Garganacl|atk|1
|-boost|p2a: Garganacl|def|1
|cant|p1a: Slowking|frz
|
|-weather|Snowscape|[upkeep]
|-heal|p2a: Garganacl|100/100|[from] item: Leftovers
|upkeep
|turn|6
|
|t:|1743821175
|cant|p1a: Slowking|frz
|move|p2a: Garganacl|Curse|p2a: Garganacl
|-unboost|p2a: Garganacl|spe|1
|-boost|p2a: Garganacl|atk|1
|-boost|p2a: Garganacl|def|1
|
|-weather|Snowscape|[upkeep]
|upkeep
|turn|7
|
|t:|1743821178
|cant|p1a: Slowking|frz
|move|p2a: Garganacl|Salt Cure|p1a: Slowking
|-damage|p1a: Slowking|51/100 frz
|-start|p1a: Slowking|Salt Cure
|
|-weather|Snowscape|[upkeep]
|-damage|p1a: Slowking|39/100 frz|[from] Salt Cure
|upkeep
|turn|8
|
|t:|1743821185
|switch|p1a: Dondozo|Dondozo, F|100/100
|move|p2a: Garganacl|Curse|p2a: Garganacl
|-unboost|p2a: Garganacl|spe|1
|-boost|p2a: Garganacl|atk|1
|-boost|p2a: Garganacl|def|1
|
|-weather|none
|upkeep
|turn|9
|
|t:|1743821192
|move|p1a: Dondozo|Wave Crash|p2a: Garganacl
|-supereffective|p2a: Garganacl
|-damage|p2a: Garganacl|41/100
|-damage|p1a: Dondozo|85/100|[from] Recoil
|move|p2a: Garganacl|Salt Cure|p1a: Dondozo
|-damage|p1a: Dondozo|79/100
|-start|p1a: Dondozo|Salt Cure
|
|-heal|p1a: Dondozo|85/100|[from] item: Leftovers
|-heal|p2a: Garganacl|47/100|[from] item: Leftovers
|-damage|p1a: Dondozo|60/100|[from] Salt Cure
|upkeep
|turn|10
|
|t:|1743821200
|-terastallize|p2a: Garganacl|Water
|move|p1a: Dondozo|Wave Crash|p2a: Garganacl
|-resisted|p2a: Garganacl
|-damage|p2a: Garganacl|33/100
|-damage|p1a: Dondozo|56/100|[from] Recoil
|move|p2a: Garganacl|Recover|p2a: Garganacl
|-heal|p2a: Garganacl|83/100
|
|-heal|p1a: Dondozo|62/100|[from] item: Leftovers
|-heal|p2a: Garganacl|90/100|[from] item: Leftovers
|-damage|p1a: Dondozo|37/100|[from] Salt Cure
|upkeep
|turn|11
|
|t:|1743821208
|switch|p1a: Slowking|Slowking-Galar, F|72/100 frz
|move|p2a: Garganacl|Salt Cure|p1a: Slowking
|-damage|p1a: Slowking|39/100 frz
|-start|p1a: Slowking|Salt Cure
|
|-heal|p2a: Garganacl|96/100|[from] item: Leftovers
|-damage|p1a: Slowking|26/100 frz|[from] Salt Cure
|upkeep
|turn|12
|
|t:|1743821214
|cant|p1a: Slowking|frz
|move|p2a: Garganacl|Salt Cure|p1a: Slowking
|-damage|p1a: Slowking|0 fnt
|faint|p1a: Slowking
|
|-heal|p2a: Garganacl|100/100|[from] item: Leftovers
|upkeep
|
|t:|1743821217
|switch|p1a: Dondozo|Dondozo, F|37/100
|turn|13
|
|t:|1743821221
|move|p1a: Dondozo|Rest|p1a: Dondozo
|-status|p1a: Dondozo|slp|[from] move: Rest
|-heal|p1a: Dondozo|100/100 slp|[silent]
|move|p2a: Garganacl|Salt Cure|p1a: Dondozo
|-damage|p1a: Dondozo|94/100 slp
|-start|p1a: Dondozo|Salt Cure
|
|-heal|p1a: Dondozo|99/100 slp|[from] item: Leftovers
|-damage|p1a: Dondozo|75/100 slp|[from] Salt Cure
|upkeep
|turn|14
|
|t:|1743821228
|cant|p1a: Dondozo|slp
|move|p1a: Dondozo|Sleep Talk|p1a: Dondozo
|move|p1a: Dondozo|Curse|p1a: Dondozo|[from] move: Sleep Talk
|-unboost|p1a: Dondozo|spe|1
|-boost|p1a: Dondozo|atk|1
|-boost|p1a: Dondozo|def|1
|move|p2a: Garganacl|Curse|p2a: Garganacl
|-unboost|p2a: Garganacl|spe|1
|-boost|p2a: Garganacl|atk|1
|-boost|p2a: Garganacl|def|1
|
|-heal|p1a: Dondozo|81/100 slp|[from] item: Leftovers
|-damage|p1a: Dondozo|56/100 slp|[from] Salt Cure
|upkeep
|turn|15
|
|t:|1743821239
|cant|p1a: Dondozo|slp
|move|p1a: Dondozo|Sleep Talk|p1a: Dondozo
|move|p1a: Dondozo|Curse|p1a: Dondozo|[from] move: Sleep Talk
|-unboost|p1a: Dondozo|spe|1
|-boost|p1a: Dondozo|atk|1
|-boost|p1a: Dondozo|def|1
|move|p2a: Garganacl|Curse|p2a: Garganacl
|-unboost|p2a: Garganacl|spe|1
|-boost|p2a: Garganacl|atk|1
|-boost|p2a: Garganacl|def|1
|
|-heal|p1a: Dondozo|62/100 slp|[from] item: Leftovers
|-damage|p1a: Dondozo|37/100 slp|[from] Salt Cure
|upkeep
|turn|16
|
|t:|1743821247
|-curestatus|p1a: Dondozo|slp|[msg]
|move|p1a: Dondozo|Rest|p1a: Dondozo
|-status|p1a: Dondozo|slp|[from] move: Rest
|-heal|p1a: Dondozo|100/100 slp|[silent]
|move|p2a: Garganacl|Body Press|p1a: Dondozo
|-damage|p1a: Dondozo|96/100 slp
|
|-heal|p1a: Dondozo|100/100 slp|[from] item: Leftovers
|-damage|p1a: Dondozo|75/100 slp|[from] Salt Cure
|upkeep
|turn|17
|
|t:|1743821256
|cant|p1a: Dondozo|slp
|move|p1a: Dondozo|Sleep Talk|p1a: Dondozo
|move|p1a: Dondozo|Rest||[from] move: Sleep Talk|[still]
|-fail|p1a: Dondozo
|move|p2a: Garganacl|Body Press|p1a: Dondozo
|-damage|p1a: Dondozo|70/100 slp
|
|-heal|p1a: Dondozo|76/100 slp|[from] item: Leftovers
|-damage|p1a: Dondozo|51/100 slp|[from] Salt Cure
|upkeep
|turn|18
|
|t:|1743821261
|cant|p1a: Dondozo|slp
|move|p1a: Dondozo|Sleep Talk|p1a: Dondozo
|move|p1a: Dondozo|Rest||[from] move: Sleep Talk|[still]
|-fail|p1a: Dondozo
|move|p2a: Garganacl|Curse|p2a: Garganacl
|-unboost|p2a: Garganacl|spe|1
|-boost|p2a: Garganacl|atk|1
|-boost|p2a: Garganacl|def|1
|
|-heal|p1a: Dondozo|58/100 slp|[from] item: Leftovers
|-damage|p1a: Dondozo|33/100 slp|[from] Salt Cure
|upkeep
|turn|19
|
|t:|1743821265
|-curestatus|p1a: Dondozo|slp|[msg]
|move|p1a: Dondozo|Rest|p1a: Dondozo
|-status|p1a: Dondozo|slp|[from] move: Rest
|-heal|p1a: Dondozo|100/100 slp|[silent]
|move|p2a: Garganacl|Body Press|p1a: Dondozo
|-damage|p1a: Dondozo|96/100 slp
|
|-heal|p1a: Dondozo|100/100 slp|[from] item: Leftovers
|-damage|p1a: Dondozo|75/100 slp|[from] Salt Cure
|upkeep
|turn|20
|
|t:|1743821270
|cant|p1a: Dondozo|slp
|move|p1a: Dondozo|Sleep Talk|p1a: Dondozo
|move|p1a: Dondozo|Rest||[from] move: Sleep Talk|[still]
|-fail|p1a: Dondozo
|move|p2a: Garganacl|Body Press|p1a: Dondozo
|-damage|p1a: Dondozo|70/100 slp
|
|-heal|p1a: Dondozo|76/100 slp|[from] item: Leftovers
|-damage|p1a: Dondozo|51/100 slp|[from] Salt Cure
|upkeep
|turn|21
|
|t:|1743821276
|cant|p1a: Dondozo|slp
|move|p1a: Dondozo|Sleep Talk|p1a: Dondozo
|move|p1a: Dondozo|Rest||[from] move: Sleep Talk|[still]
|-fail|p1a: Dondozo
|move|p2a: Garganacl|Body Press|p1a: Dondozo
|-damage|p1a: Dondozo|46/100 slp
|
|-heal|p1a: Dondozo|52/100 slp|[from] item: Leftovers
|-damage|p1a: Dondozo|27/100 slp|[from] Salt Cure
|upkeep
|turn|22
|
|t:|1743821280
|-curestatus|p1a: Dondozo|slp|[msg]
|move|p1a: Dondozo|Rest|p1a: Dondozo
|-status|p1a: Dondozo|slp|[from] move: Rest
|-heal|p1a: Dondozo|100/100 slp|[silent]
|move|p2a: Garganacl|Body Press|p1a: Dondozo
|-damage|p1a: Dondozo|96/100 slp
|
|-heal|p1a: Dondozo|100/100 slp|[from] item: Leftovers
|-damage|p1a: Dondozo|75/100 slp|[from] Salt Cure
|upkeep
|turn|23
|
|t:|1743821284
|cant|p1a: Dondozo|slp
|move|p1a: Dondozo|Sleep Talk|p1a: Dondozo
|move|p1a: Dondozo|Curse|p1a: Dondozo|[from] move: Sleep Talk
|-unboost|p1a: Dondozo|spe|1
|-boost|p1a: Dondozo|atk|1
|-boost|p1a: Dondozo|def|1
|move|p2a: Garganacl|Body Press|p1a: Dondozo
|-damage|p1a: Dondozo|71/100 slp
|
|-heal|p1a: Dondozo|77/100 slp|[from] item: Leftovers
|-damage|p1a: Dondozo|52/100 slp|[from] Salt Cure
|upkeep
|turn|24
|
|t:|1743821292
|cant|p1a: Dondozo|slp
|move|p2a: Garganacl|Salt Cure|p1a: Dondozo
|-damage|p1a: Dondozo|50/100 slp
|
|-heal|p1a: Dondozo|56/100 slp|[from] item: Leftovers
|-damage|p1a: Dondozo|31/100 slp|[from] Salt Cure
|upkeep
|turn|25
|
|t:|1743821296
|-curestatus|p1a: Dondozo|slp|[msg]
|move|p1a: Dondozo|Rest|p1a: Dondozo
|-status|p1a: Dondozo|slp|[from] move: Rest
|-heal|p1a: Dondozo|100/100 slp|[silent]
|move|p2a: Garganacl|Curse|p2a: Garganacl
|
|-damage|p1a: Dondozo|75/100 slp|[from] Salt Cure
|upkeep
|turn|26
|
|t:|1743821299
|cant|p1a: Dondozo|slp
|move|p1a: Dondozo|Sleep Talk|p1a: Dondozo
|move|p1a: Dondozo|Rest||[from] move: Sleep Talk|[still]
|-fail|p1a: Dondozo
|move|p2a: Garganacl|Salt Cure|p1a: Dondozo
|-damage|p1a: Dondozo|73/100 slp
|
|-heal|p1a: Dondozo|79/100 slp|[from] item: Leftovers
|-damage|p1a: Dondozo|54/100 slp|[from] Salt Cure
|upkeep
|turn|27
|
|t:|1743821307
|cant|p1a: Dondozo|slp
|move|p1a: Dondozo|Sleep Talk|p1a: Dondozo
|move|p1a: Dondozo|Curse|p1a: Dondozo|[from] move: Sleep Talk
|-unboost|p1a: Dondozo|spe|1
|-boost|p1a: Dondozo|atk|1
|-boost|p1a: Dondozo|def|1
|move|p2a: Garganacl|Curse|p2a: Garganacl
|
|-heal|p1a: Dondozo|60/100 slp|[from] item: Leftovers
|-damage|p1a: Dondozo|35/100 slp|[from] Salt Cure
|upkeep
|turn|28
|
|t:|1743821313
|-curestatus|p1a: Dondozo|slp|[msg]
|move|p1a: Dondozo|Rest|p1a: Dondozo
|-status|p1a: Dondozo|slp|[from] move: Rest
|-heal|p1a: Dondozo|100/100 slp|[silent]
|move|p2a: Garganacl|Curse|p2a: Garganacl
|
|-damage|p1a: Dondozo|75/100 slp|[from] Salt Cure
|upkeep
|turn|29
|
|t:|1743821319
|cant|p1a: Dondozo|slp
|move|p1a: Dondozo|Sleep Talk|p1a: Dondozo
|move|p1a: Dondozo|Wave Crash|p2a: Garganacl|[from] move: Sleep Talk
|-resisted|p2a: Garganacl
|-damage|p2a: Garganacl|60/100
|-damage|p1a: Dondozo|65/100 slp|[from] Recoil
|move|p2a: Garganacl|Salt Cure|p1a: Dondozo
|-damage|p1a: Dondozo|63/100 slp
|
|-heal|p1a: Dondozo|69/100 slp|[from] item: Leftovers
|-heal|p2a: Garganacl|67/100|[from] item: Leftovers
|-damage|p1a: Dondozo|44/100 slp|[from] Salt Cure
|upkeep
|turn|30
|
|t:|1743821328
|cant|p1a: Dondozo|slp
|move|p1a: Dondozo|Sleep Talk|p1a: Dondozo
|move|p1a: Dondozo|Curse|p1a: Dondozo|[from] move: Sleep Talk
|-unboost|p1a: Dondozo|spe|1
|-boost|p1a: Dondozo|atk|1
|-boost|p1a: Dondozo|def|1
|move|p2a: Garganacl|Recover|p2a: Garganacl
|-heal|p2a: Garganacl|100/100
|
|-heal|p1a: Dondozo|50/100 slp|[from] item: Leftovers
|-damage|p1a: Dondozo|25/100 slp|[from] Salt Cure
|upkeep
|turn|31
|
|t:|1743821333
|-curestatus|p1a: Dondozo|slp|[msg]
|move|p1a: Dondozo|Rest|p1a: Dondozo
|-status|p1a: Dondozo|slp|[from] move: Rest
|-heal|p1a: Dondozo|100/100 slp|[silent]
|move|p2a: Garganacl|Salt Cure|p1a: Dondozo
|-damage|p1a: Dondozo|99/100 slp
|
|-heal|p1a: Dondozo|100/100 slp|[from] item: Leftovers
|-damage|p1a: Dondozo|75/100 slp|[from] Salt Cure
|upkeep
|turn|32
|
|t:|1743821341
|cant|p1a: Dondozo|slp
|move|p1a: Dondozo|Sleep Talk|p1a: Dondozo
|move|p1a: Dondozo|Curse|p1a: Dondozo|[from] move: Sleep Talk
|-unboost|p1a: Dondozo|spe|1
|-boost|p1a: Dondozo|atk|1
|-boost|p1a: Dondozo|def|1
|move|p2a: Garganacl|Salt Cure|p1a: Dondozo
|-damage|p1a: Dondozo|74/100 slp
|
|-heal|p1a: Dondozo|80/100 slp|[from] item: Leftovers
|-damage|p1a: Dondozo|55/100 slp|[from] Salt Cure
|upkeep
|turn|33
|
|t:|1743821352
|cant|p1a: Dondozo|slp
|move|p1a: Dondozo|Sleep Talk|p1a: Dondozo
|move|p1a: Dondozo|Wave Crash|p2a: Garganacl|[from] move: Sleep Talk
|-resisted|p2a: Garganacl
|-damage|p2a: Garganacl|42/100
|-damage|p1a: Dondozo|39/100 slp|[from] Recoil
|move|p2a: Garganacl|Salt Cure|p1a: Dondozo
|-damage|p1a: Dondozo|38/100 slp
|
|-heal|p1a: Dondozo|44/100 slp|[from] item: Leftovers
|-heal|p2a: Garganacl|48/100|[from] item: Leftovers
|-damage|p1a: Dondozo|19/100 slp|[from] Salt Cure
|upkeep
|turn|34
|
|t:|1743821358
|move|p2a: Garganacl|Recover|p2a: Garganacl
|-heal|p2a: Garganacl|98/100
|-curestatus|p1a: Dondozo|slp|[msg]
|move|p1a: Dondozo|Rest|p1a: Dondozo
|-status|p1a: Dondozo|slp|[from] move: Rest
|-heal|p1a: Dondozo|100/100 slp|[silent]
|
|-heal|p2a: Garganacl|100/100|[from] item: Leftovers
|-damage|p1a: Dondozo|75/100 slp|[from] Salt Cure
|upkeep
|turn|35
|
|t:|1743821369
|move|p2a: Garganacl|Salt Cure|p1a: Dondozo
|-damage|p1a: Dondozo|74/100 slp
|cant|p1a: Dondozo|slp
|move|p1a: Dondozo|Sleep Talk|p1a: Dondozo
|move|p1a: Dondozo|Wave Crash|p2a: Garganacl|[from] move: Sleep Talk
|-resisted|p2a: Garganacl
|-damage|p2a: Garganacl|43/100
|-damage|p1a: Dondozo|59/100 slp|[from] Recoil
|
|-heal|p1a: Dondozo|65/100 slp|[from] item: Leftovers
|-heal|p2a: Garganacl|50/100|[from] item: Leftovers
|-damage|p1a: Dondozo|40/100 slp|[from] Salt Cure
|upkeep
|turn|36
|
|t:|1743821381
|cant|p1a: Dondozo|slp
|move|p2a: Garganacl|Recover|p2a: Garganacl
|-heal|p2a: Garganacl|99/100
|
|-heal|p1a: Dondozo|46/100 slp|[from] item: Leftovers
|-heal|p2a: Garganacl|100/100|[from] item: Leftovers
|-damage|p1a: Dondozo|21/100 slp|[from] Salt Cure
|upkeep
|turn|37
|
|t:|1743821388
|-curestatus|p1a: Dondozo|slp|[msg]
|move|p1a: Dondozo|Wave Crash|p2a: Garganacl
|-resisted|p2a: Garganacl
|-damage|p2a: Garganacl|46/100
|-damage|p1a: Dondozo|7/100|[from] Recoil
|move|p2a: Garganacl|Salt Cure|p1a: Dondozo
|-damage|p1a: Dondozo|5/100
|
|-heal|p2a: Garganacl|52/100|[from] item: Leftovers
|-heal|p1a: Dondozo|11/100|[from] item: Leftovers
|-damage|p1a: Dondozo|0 fnt|[from] Salt Cure
|faint|p1a: Dondozo
|upkeep
|
|t:|1743821404
|switch|p1a: Gholdengo|Gholdengo|100/100
|turn|38
|
|t:|1743821407
|move|p1a: Gholdengo|Shadow Ball|p2a: Garganacl
|-damage|p2a: Garganacl|38/100
|move|p2a: Garganacl|Salt Cure|p1a: Gholdengo
|-resisted|p1a: Gholdengo
|-damage|p1a: Gholdengo|72/100
|-start|p1a: Gholdengo|Salt Cure
|
|-heal|p1a: Gholdengo|78/100|[from] item: Leftovers
|-heal|p2a: Garganacl|45/100|[from] item: Leftovers
|-damage|p1a: Gholdengo|53/100|[from] Salt Cure
|upkeep
|turn|39
|
|t:|1743821419
|move|p1a: Gholdengo|Shadow Ball|p2a: Garganacl
|-damage|p2a: Garganacl|30/100
|move|p2a: Garganacl|Recover|p2a: Garganacl
|-heal|p2a: Garganacl|80/100
|
|-heal|p1a: Gholdengo|59/100|[from] item: Leftovers
|-heal|p2a: Garganacl|86/100|[from] item: Leftovers
|-damage|p1a: Gholdengo|34/100|[from] Salt Cure
|upkeep
|turn|40
|
|t:|1743821440
|switch|p1a: Glimmora|Glimmora, M|62/100
|move|p2a: Garganacl|Salt Cure|p1a: Glimmora
|-damage|p1a: Glimmora|10/100
|-start|p1a: Glimmora|Salt Cure
|-activate|p1a: Glimmora|ability: Toxic Debris
|-sidestart|p2: yorushika1|move: Toxic Spikes
|
|-heal|p2a: Garganacl|93/100|[from] item: Leftovers
|-damage|p1a: Glimmora|0 fnt|[from] Salt Cure
|faint|p1a: Glimmora
|upkeep
|
|t:|1743821444
|switch|p1a: Garganacl|Garganacl, F|100/100
|turn|41
|
|t:|1743821455
|-terastallize|p1a: Garganacl|Ghost
|move|p1a: Garganacl|Salt Cure|p2a: Garganacl
|-damage|p2a: Garganacl|90/100
|-start|p2a: Garganacl|Salt Cure
|move|p2a: Garganacl|Body Press|p1a: Garganacl
|-immune|p1a: Garganacl
|
|-heal|p2a: Garganacl|96/100|[from] item: Leftovers
|-damage|p2a: Garganacl|71/100|[from] Salt Cure
|upkeep
|turn|42
|
|t:|1743821466
|move|p1a: Garganacl|Iron Defense|p1a: Garganacl
|-boost|p1a: Garganacl|def|2
|move|p2a: Garganacl|Salt Cure|p1a: Garganacl
|-damage|p1a: Garganacl|82/100
|-start|p1a: Garganacl|Salt Cure
|
|-heal|p2a: Garganacl|77/100|[from] item: Leftovers
|-damage|p1a: Garganacl|70/100|[from] Salt Cure
|-damage|p2a: Garganacl|52/100|[from] Salt Cure
|upkeep
|turn|43
|
|t:|1743821478
|switch|p2a: Slowking|Slowking-Galar, M|100/100
|-sideend|p2: yorushika1|move: Toxic Spikes|[of] p2a: Slowking
|move|p1a: Garganacl|Body Press|p2a: Slowking
|-resisted|p2a: Slowking
|-crit|p2a: Slowking
|-damage|p2a: Slowking|83/100
|
|-damage|p1a: Garganacl|57/100|[from] Salt Cure
|upkeep
|turn|44
|
|t:|1743821486
|switch|p1a: Gholdengo|Gholdengo|34/100
|-prepare|p2a: Slowking|Chilly Reception|[premajor]
|move|p2a: Slowking|Chilly Reception|p2a: Slowking
|-weather|Snowscape
|
|t:|1743821491
|switch|p2a: Ogerpon|Ogerpon, F|100/100|[from] Chilly Reception
|-damage|p2a: Ogerpon|88/100|[from] Stealth Rock
|
|-weather|Snowscape|[upkeep]
|-heal|p1a: Gholdengo|40/100|[from] item: Leftovers
|upkeep
|turn|45
|
|t:|1743821498
|move|p2a: Ogerpon|Knock Off|p1a: Gholdengo
|-supereffective|p1a: Gholdengo
|-damage|p1a: Gholdengo|0 fnt
|-enditem|p1a: Gholdengo|Leftovers|[from] move: Knock Off|[of] p2a: Ogerpon
|faint|p1a: Gholdengo
|
|-weather|Snowscape|[upkeep]
|upkeep
|
|t:|1743821501
|switch|p1a: Dragonite|Dragonite, M|100/100
|turn|46
|
|t:|1743821505
|switch|p2a: Great Tusk|Great Tusk|100/100
|-damage|p2a: Great Tusk|98/100|[from] Stealth Rock
|move|p1a: Dragonite|Dragon Dance|p1a: Dragonite
|-boost|p1a: Dragonite|atk|1
|-boost|p1a: Dragonite|spe|1
|
|-weather|Snowscape|[upkeep]
|upkeep
|turn|47
|
|t:|1743821512
|move|p1a: Dragonite|Dragon Dance|p1a: Dragonite
|-boost|p1a: Dragonite|atk|1
|-boost|p1a: Dragonite|spe|1
|move|p2a: Great Tusk|Rapid Spin|p1a: Dragonite
|-damage|p1a: Dragonite|93/100
|-boost|p2a: Great Tusk|spe|1
|-sideend|p2: yorushika1|Stealth Rock|[from] move: Rapid Spin|[of] p2a: Great Tusk
|
|-weather|Snowscape|[upkeep]
|upkeep
|turn|48
|
|t:|1743821523
|move|p1a: Dragonite|Dragon Dance|p1a: Dragonite
|-boost|p1a: Dragonite|atk|1
|-boost|p1a: Dragonite|spe|1
|move|p2a: Great Tusk|Knock Off|p1a: Dragonite
|-damage|p1a: Dragonite|60/100
|-enditem|p1a: Dragonite|Heavy-Duty Boots|[from] move: Knock Off|[of] p2a: Great Tusk
|
|-weather|none
|upkeep
|turn|49
|
|t:|1743821527
|move|p1a: Dragonite|Roost|p1a: Dragonite
|-heal|p1a: Dragonite|100/100
|-singleturn|p1a: Dragonite|move: Roost
|move|p2a: Great Tusk|Knock Off|p1a: Dragonite
|-damage|p1a: Dragonite|89/100
|
|upkeep
|turn|50
|
|t:|1743821532
|move|p1a: Dragonite|Dragon Dance|p1a: Dragonite
|-boost|p1a: Dragonite|atk|1
|-boost|p1a: Dragonite|spe|1
|move|p2a: Great Tusk|Rapid Spin|p1a: Dragonite
|-damage|p1a: Dragonite|72/100
|-boost|p2a: Great Tusk|spe|1
|
|upkeep
|turn|51
|
|t:|1743821544
|move|p1a: Dragonite|Dragon Dance|p1a: Dragonite
|-boost|p1a: Dragonite|atk|1
|-boost|p1a: Dragonite|spe|1
|move|p2a: Great Tusk|Knock Off|p1a: Dragonite
|-damage|p1a: Dragonite|53/100
|
|upkeep
|turn|52
|
|t:|1743821548
|move|p1a: Dragonite|Roost|p1a: Dragonite
|-heal|p1a: Dragonite|100/100
|-singleturn|p1a: Dragonite|move: Roost
|move|p2a: Great Tusk|Rapid Spin|p1a: Dragonite
|-damage|p1a: Dragonite|93/100
|-boost|p2a: Great Tusk|spe|1
|
|upkeep
|turn|53
|
|t:|1743821555
|move|p1a: Dragonite|Outrage|p2a: Great Tusk
|-damage|p2a: Great Tusk|0 fnt
|-damage|p1a: Dragonite|76/100|[from] item: Rocky Helmet|[of] p2a: Great Tusk
|faint|p2a: Great Tusk
|-end|p2a: Great Tusk|Protosynthesis|[silent]
|
|upkeep
|
|t:|1743821567
|switch|p2a: Kingambit|Kingambit, F|100/100
|-activate|p2a: Kingambit|ability: Supreme Overlord
|-start|p2a: Kingambit|fallen1|[silent]
|turn|54
|
|t:|1743821572
|move|p1a: Dragonite|Outrage|p2a: Kingambit|[from] lockedmove
|-resisted|p2a: Kingambit
|-damage|p2a: Kingambit|18/100
|move|p2a: Kingambit|Kowtow Cleave|p1a: Dragonite
|-damage|p1a: Dragonite|15/100
|
|upkeep
|turn|55
|
|t:|1743821577
|move|p2a: Kingambit|Sucker Punch|p1a: Dragonite
|-damage|p1a: Dragonite|0 fnt
|faint|p1a: Dragonite
|
|upkeep
|
|t:|1743821579
|switch|p1a: Garganacl|Garganacl, F, tera:Ghost|57/100
|turn|56
|
|t:|1743821589
|move|p2a: Kingambit|Kowtow Cleave|p1a: Garganacl
|-supereffective|p1a: Garganacl
|-damage|p1a: Garganacl|0 fnt
|faint|p1a: Garganacl
|
|win|yorushika1
|raw|breadfishin's rating: 1467 &rarr; <strong>1452</strong><br />(-15 for losing)
|raw|yorushika1's rating: 1561 &rarr; <strong>1576</strong><br />(+15 for winning)
|l|☆breadfishin
|player|p1|
