|j|☆mansonabuluting
|j|☆Flex Plays Only
|t:|1743864092
|gametype|singles
|player|p1|mansonabuluting|169|1638
|player|p2|Flex Plays Only|miku-water|1688
|teamsize|p1|6
|teamsize|p2|6
|gen|9
|tier|[Gen 9] OU
|rated|
|rule|HP Percentage Mod: HP is shown in percentages
|rule|Endless Battle Clause: Forcing endless battles is banned
|rule|Species Clause: Limit one of each Pokémon
|rule|OHKO Clause: OHKO moves are banned
|rule|Evasion Items Clause: Evasion items are banned
|rule|Evasion Moves Clause: Evasion moves are banned
|rule|Sleep Moves Clause: Sleep-inducing moves are banned
|clearpoke
|poke|p1|Volcanion|
|poke|p1|Rillaboom, M|
|poke|p1|Hawlucha, F|
|poke|p1|Goodra-Hisui, F|
|poke|p1|Thundurus-Therian, M|
|poke|p1|Great Tusk|
|poke|p2|Great Tusk|
|poke|p2|Raging Bolt|
|poke|p2|Landorus-Therian, M|
|poke|p2|Heatran, M|
|poke|p2|Ogerpon-Wellspring, F|
|poke|p2|Pecharunt|
|teampreview
|inactive|Battle timer is ON: inactive players will automatically lose when time's up. (requested by mansonabuluting)
|
|t:|1743864115
|start
|switch|p1a: Thundurus|Thundurus-Therian, M|100/100
|switch|p2a: Landorus|Landorus-Therian, M|100/100
|-ability|p2a: Landorus|Intimidate|boost
|-unboost|p1a: Thundurus|atk|1
|turn|1
|
|t:|1743864128
|-terastallize|p1a: Thundurus|Flying
|move|p2a: Landorus|Stone Edge|p1a: Thundurus
|-supereffective|p1a: Thundurus
|-damage|p1a: Thundurus|0 fnt
|faint|p1a: Thundurus
|
|upkeep
|
|t:|1743864134
|switch|p1a: Great Tusk|Great Tusk|100/100
|turn|2
|
|t:|1743864138
|switch|p2a: Great Tusk|Great Tusk|100/100
|move|p1a: Great Tusk|Stealth Rock|p2a: Great Tusk
|-sidestart|p2: Flex Plays Only|move: Stealth Rock
|
|upkeep
|turn|3
|
|t:|1743864150
|move|p2a: Great Tusk|Rapid Spin|p1a: Great Tusk
|-damage|p1a: Great Tusk|94/100
|-boost|p2a: Great Tusk|spe|1
|-damage|p2a: Great Tusk|84/100|[from] item: Rocky Helmet|[of] p1a: Great Tusk
|-sideend|p2: Flex Plays Only|Stealth Rock|[from] move: Rapid Spin|[of] p2a: Great Tusk
|move|p1a: Great Tusk|Ice Spinner|p2a: Great Tusk
|-supereffective|p2a: Great Tusk
|-damage|p2a: Great Tusk|52/100
|
|upkeep
|turn|4
|
|t:|1743864155
|move|p2a: Great Tusk|Knock Off|p1a: Great Tusk
|-resisted|p1a: Great Tusk
|-damage|p1a: Great Tusk|87/100
|-damage|p2a: Great Tusk|35/100|[from] item: Rocky Helmet|[of] p1a: Great Tusk
|-enditem|p1a: Great Tusk|Rocky Helmet|[from] move: Knock Off|[of] p2a: Great Tusk
|move|p1a: Great Tusk|Ice Spinner|p2a: Great Tusk
|-supereffective|p2a: Great Tusk
|-crit|p2a: Great Tusk
|-damage|p2a: Great Tusk|0 fnt
|faint|p2a: Great Tusk
|-end|p2a: Great Tusk|Protosynthesis|[silent]
|
|upkeep
|
|t:|1743864159
|switch|p2a: Ogerpon|Ogerpon-Wellspring, F|100/100
|turn|5
|
|t:|1743864165
|-end|p1a: Great Tusk|Protosynthesis|[silent]
|switch|p1a: Rillaboom|Rillaboom, M|100/100
|-fieldstart|move: Grassy Terrain|[from] ability: Grassy Surge|[of] p1a: Rillaboom
|move|p2a: Ogerpon|Ivy Cudgel|p1a: Rillaboom|[anim] Ivy Cudgel Water
|-resisted|p1a: Rillaboom
|-damage|p1a: Rillaboom|74/100
|
|-heal|p1a: Rillaboom|80/100|[from] Grassy Terrain
|upkeep
|turn|6
|
|t:|1743864169
|move|p2a: Ogerpon|U-turn|p1a: Rillaboom
|-supereffective|p1a: Rillaboom
|-damage|p1a: Rillaboom|32/100
|
|t:|1743864170
|switch|p2a: Landorus|Landorus-Therian, M|100/100|[from] U-turn
|-ability|p2a: Landorus|Intimidate|boost
|-unboost|p1a: Rillaboom|atk|1
|move|p1a: Rillaboom|U-turn|p2a: Landorus
|-resisted|p2a: Landorus
|-damage|p2a: Landorus|86/100
|
|t:|1743864177
|switch|p1a: Hawlucha|Hawlucha, F|100/100|[from] U-turn
|-enditem|p1a: Hawlucha|Grassy Seed
|-boost|p1a: Hawlucha|def|1|[from] item: Grassy Seed
|
|upkeep
|turn|7
|
|t:|1743864180
|move|p1a: Hawlucha|Substitute|p1a: Hawlucha
|-start|p1a: Hawlucha|Substitute
|-damage|p1a: Hawlucha|76/100
|move|p2a: Landorus|U-turn|p1a: Hawlucha
|-resisted|p1a: Hawlucha
|-activate|p1a: Hawlucha|move: Substitute|[damage]
|
|t:|1743864183
|switch|p2a: Pecharunt|Pecharunt|100/100|[from] U-turn
|
|upkeep
|turn|8
|
|t:|1743864187
|move|p1a: Hawlucha|Swords Dance|p1a: Hawlucha
|-boost|p1a: Hawlucha|atk|2
|move|p2a: Pecharunt|Malignant Chain|p1a: Hawlucha
|-end|p1a: Hawlucha|Substitute
|
|upkeep
|turn|9
|
|t:|1743864190
|move|p1a: Hawlucha|Acrobatics|p2a: Pecharunt
|-damage|p2a: Pecharunt|40/100
|move|p2a: Pecharunt|Malignant Chain|p1a: Hawlucha
|-damage|p1a: Hawlucha|32/100
|
|-heal|p2a: Pecharunt|46/100|[from] Grassy Terrain
|-fieldend|move: Grassy Terrain
|upkeep
|turn|10
|
|t:|1743864198
|move|p1a: Hawlucha|Acrobatics|p2a: Pecharunt
|-damage|p2a: Pecharunt|0 fnt
|faint|p2a: Pecharunt
|
|upkeep
|
|t:|1743864200
|switch|p2a: Raging Bolt|Raging Bolt|100/100
|turn|11
|
|t:|1743864203
|move|p1a: Hawlucha|Substitute|p1a: Hawlucha
|-start|p1a: Hawlucha|Substitute
|-damage|p1a: Hawlucha|7/100
|move|p2a: Raging Bolt|Volt Switch|p1a: Hawlucha
|-supereffective|p1a: Hawlucha
|-end|p1a: Hawlucha|Substitute
|
|t:|1743864205
|-end|p2a: Raging Bolt|Protosynthesis|[silent]
|switch|p2a: Landorus|Landorus-Therian, M|86/100|[from] Volt Switch
|-ability|p2a: Landorus|Intimidate|boost
|-unboost|p1a: Hawlucha|atk|1
|
|upkeep
|turn|12
|
|t:|1743864209
|move|p1a: Hawlucha|Acrobatics|p2a: Landorus
|-damage|p2a: Landorus|2/100
|move|p2a: Landorus|U-turn|p1a: Hawlucha
|-resisted|p1a: Hawlucha
|-damage|p1a: Hawlucha|2/100
|
|t:|1743864212
|switch|p2a: Raging Bolt|Raging Bolt|100/100|[from] U-turn
|
|upkeep
|turn|13
|
|t:|1743864214
|move|p1a: Hawlucha|Close Combat|p2a: Raging Bolt
|-damage|p2a: Raging Bolt|21/100
|-unboost|p1a: Hawlucha|def|1
|-unboost|p1a: Hawlucha|spd|1
|move|p2a: Raging Bolt|Volt Switch|p1a: Hawlucha
|-supereffective|p1a: Hawlucha
|-damage|p1a: Hawlucha|0 fnt
|faint|p1a: Hawlucha
|
|t:|1743864220
|-end|p2a: Raging Bolt|Protosynthesis|[silent]
|switch|p2a: Ogerpon|Ogerpon-Wellspring, F|100/100|[from] Volt Switch
|
|upkeep
|
|t:|1743864224
|switch|p1a: Rillaboom|Rillaboom, M|32/100
|-fieldstart|move: Grassy Terrain|[from] ability: Grassy Surge|[of] p1a: Rillaboom
|turn|14
|
|t:|1743864232
|move|p1a: Rillaboom|Grassy Glide|p2a: Ogerpon
|-damage|p2a: Ogerpon|18/100
|move|p2a: Ogerpon|U-turn|p1a: Rillaboom
|-supereffective|p1a: Rillaboom
|-damage|p1a: Rillaboom|0 fnt
|faint|p1a: Rillaboom
|
|t:|1743864239
|switch|p2a: Raging Bolt|Raging Bolt|21/100|[from] U-turn
|
|-heal|p2a: Raging Bolt|27/100|[from] Grassy Terrain
|upkeep
|
|t:|1743864242
|switch|p1a: Goodra|Goodra-Hisui, F|100/100
|turn|15
|j| kingambit player
|
|t:|1743864245
|move|p2a: Raging Bolt|Volt Switch|p1a: Goodra
|-resisted|p1a: Goodra
|-damage|p1a: Goodra|86/100
|
|t:|1743864247
|-end|p2a: Raging Bolt|Protosynthesis|[silent]
|switch|p2a: Heatran|Heatran, M|100/100|[from] Volt Switch
|-item|p2a: Heatran|Air Balloon
|move|p1a: Goodra|Draco Meteor|p2a: Heatran
|-resisted|p2a: Heatran
|-damage|p2a: Heatran|71/100
|-unboost|p1a: Goodra|spa|2
|-enditem|p2a: Heatran|Air Balloon
|
|-heal|p2a: Heatran|77/100|[from] Grassy Terrain
|-heal|p1a: Goodra|92/100|[from] Grassy Terrain
|upkeep
|turn|16
|l| kingambit player
|
|t:|1743864254
|switch|p1a: Volcanion|Volcanion|100/100
|move|p2a: Heatran|Magma Storm|p1a: Volcanion
|-resisted|p1a: Volcanion
|-damage|p1a: Volcanion|86/100
|-activate|p1a: Volcanion|move: Magma Storm|[of] p2a: Heatran
|
|-heal|p2a: Heatran|83/100|[from] Grassy Terrain
|-heal|p1a: Volcanion|92/100|[from] Grassy Terrain
|-damage|p1a: Volcanion|80/100|[from] move: Magma Storm|[partiallytrapped]
|upkeep
|turn|17
|
|t:|1743864261
|move|p2a: Heatran|Earth Power|p1a: Volcanion
|-supereffective|p1a: Volcanion
|-damage|p1a: Volcanion|12/100
|move|p1a: Volcanion|Steam Eruption|p2a: Heatran
|-supereffective|p2a: Heatran
|-damage|p2a: Heatran|0 fnt
|faint|p2a: Heatran
|
|-heal|p1a: Volcanion|18/100|[from] Grassy Terrain
|-end|p1a: Volcanion|Magma Storm|[partiallytrapped]|[silent]
|upkeep
|
|t:|1743864267
|switch|p2a: Ogerpon|Ogerpon-Wellspring, F|18/100
|turn|18
|
|t:|1743864276
|switch|p1a: Great Tusk|Great Tusk|87/100
|move|p2a: Ogerpon|Power Whip|p1a: Great Tusk
|-supereffective|p1a: Great Tusk
|-damage|p1a: Great Tusk|0 fnt
|faint|p1a: Great Tusk
|-end|p1a: Great Tusk|Protosynthesis|[silent]
|
|-heal|p2a: Ogerpon|24/100|[from] Grassy Terrain
|-fieldend|move: Grassy Terrain
|upkeep
|
|t:|1743864280
|switch|p1a: Goodra|Goodra-Hisui, F|92/100
|turn|19
|
|t:|1743864288
|switch|p2a: Raging Bolt|Raging Bolt|27/100
|move|p1a: Goodra|Flamethrower|p2a: Raging Bolt
|-resisted|p2a: Raging Bolt
|-damage|p2a: Raging Bolt|12/100
|
|upkeep
|turn|20
|
|t:|1743864293
|move|p2a: Raging Bolt|Thunderbolt|p1a: Goodra
|-resisted|p1a: Goodra
|-damage|p1a: Goodra|75/100
|move|p1a: Goodra|Flash Cannon|p2a: Raging Bolt
|-resisted|p2a: Raging Bolt
|-damage|p2a: Raging Bolt|0 fnt
|faint|p2a: Raging Bolt
|-end|p2a: Raging Bolt|Protosynthesis|[silent]
|
|upkeep
|
|t:|1743864296
|switch|p2a: Landorus|Landorus-Therian, M|2/100
|-ability|p2a: Landorus|Intimidate|boost
|-unboost|p1a: Goodra|atk|1
|turn|21
|
|t:|1743864308
|move|p2a: Landorus|Earthquake|p1a: Goodra
|-supereffective|p1a: Goodra
|-damage|p1a: Goodra|0 fnt
|faint|p1a: Goodra
|
|upkeep
|
|t:|1743864311
|switch|p1a: Volcanion|Volcanion|18/100
|turn|22
|
|t:|1743864315
|move|p2a: Landorus|Earthquake|p1a: Volcanion
|-supereffective|p1a: Volcanion
|-damage|p1a: Volcanion|0 fnt
|faint|p1a: Volcanion
|
|win|Flex Plays Only
|raw|mansonabuluting's rating: 1638 &rarr; <strong>1621</strong><br />(-17 for losing)
|raw|Flex Plays Only's rating: 1688 &rarr; <strong>1705</strong><br />(+17 for winning)
|l|☆mansonabuluting
|player|p1|
|l|☆Flex Plays Only
|player|p2|
