|j|☆denglinhuiliu
|j|☆thathomiesapien
|t:|1743834026
|gametype|singles
|player|p1|denglinhuiliu|266|1259
|player|p2|thathomiesapien|102|1244
|teamsize|p1|6
|teamsize|p2|6
|gen|9
|tier|[Gen 9] OU
|rated|
|rule|HP Percentage Mod: HP is shown in percentages
|rule|Endless Battle Clause: Forcing endless battles is banned
|rule|Species Clause: Limit one of each Pokémon
|rule|OHKO Clause: OHKO moves are banned
|rule|Evasion Items Clause: Evasion items are banned
|rule|Evasion Moves Clause: Evasion moves are banned
|rule|Sleep Moves Clause: Sleep-inducing moves are banned
|clearpoke
|poke|p1|Glimmora, F|
|poke|p1|Primarina, M|
|poke|p1|Zapdos|
|poke|p1|Weavile, F|
|poke|p1|Kingambit, F|
|poke|p1|Gholdengo|
|poke|p2|Tyranitar, M|
|poke|p2|Hydrapple, F|
|poke|p2|Arcanine-Hisui, M|
|poke|p2|Gliscor, F|
|poke|p2|Alomomola, F|
|poke|p2|Forretress, M|
|teampreview
|
|t:|1743834033
|start
|switch|p1a: Glimmora|Glimmora, F|100/100
|switch|p2a: Forretress|Forretress, M|100/100
|turn|1
|
|t:|1743834040
|switch|p1a: Zapdos|Zapdos|100/100
|move|p2a: Forretress|Stealth Rock|p1a: Zapdos
|-sidestart|p1: denglinhuiliu|move: Stealth Rock
|
|upkeep
|turn|2
|
|t:|1743834045
|switch|p2a: My Favewit|Tyranitar, M|100/100
|-weather|Sandstorm|[from] ability: Sand Stream|[of] p2a: My Favewit
|move|p1a: Zapdos|Heat Wave|p2a: My Favewit
|-resisted|p2a: My Favewit
|-damage|p2a: My Favewit|95/100
|
|-weather|Sandstorm|[upkeep]
|-damage|p1a: Zapdos|94/100|[from] Sandstorm
|upkeep
|turn|3
|
|t:|1743834051
|move|p1a: Zapdos|Volt Switch|p2a: My Favewit
|-damage|p2a: My Favewit|82/100
|
|t:|1743834059
|switch|p1a: Glimmora|Glimmora, F|100/100|[from] Volt Switch
|-damage|p1a: Glimmora|88/100|[from] Stealth Rock
|move|p2a: My Favewit|Knock Off|p1a: Glimmora
|-damage|p1a: Glimmora|23/100
|-activate|p1a: Glimmora|ability: Toxic Debris
|-sidestart|p2: thathomiesapien|move: Toxic Spikes
|-enditem|p1a: Glimmora|Focus Sash|[from] move: Knock Off|[of] p2a: My Favewit
|
|-weather|Sandstorm|[upkeep]
|upkeep
|turn|4
|
|t:|1743834071
|move|p1a: Glimmora|Mortal Spin|p2a: My Favewit
|-resisted|p2a: My Favewit
|-crit|p2a: My Favewit
|-damage|p2a: My Favewit|78/100
|-status|p2a: My Favewit|psn
|-sideend|p1: denglinhuiliu|Stealth Rock|[from] move: Mortal Spin|[of] p1a: Glimmora
|move|p2a: My Favewit|Dragon Tail|p1a: Glimmora
|-damage|p1a: Glimmora|0 fnt
|-activate|p1a: Glimmora|ability: Toxic Debris
|-sidestart|p2: thathomiesapien|move: Toxic Spikes
|faint|p1a: Glimmora
|
|-weather|Sandstorm|[upkeep]
|-damage|p2a: My Favewit|66/100 psn|[from] psn
|upkeep
|
|t:|1743834084
|switch|p1a: Gholdengo|Gholdengo|100/100
|-item|p1a: Gholdengo|Air Balloon
|turn|5
|
|t:|1743834088
|move|p1a: Gholdengo|Make It Rain|p2a: My Favewit
|-supereffective|p2a: My Favewit
|-damage|p2a: My Favewit|24/100 psn
|-unboost|p1a: Gholdengo|spa|1
|move|p2a: My Favewit|Knock Off|p1a: Gholdengo
|-supereffective|p1a: Gholdengo
|-damage|p1a: Gholdengo|0 fnt
|-enditem|p1a: Gholdengo|Air Balloon
|faint|p1a: Gholdengo
|
|-weather|Sandstorm|[upkeep]
|-damage|p2a: My Favewit|12/100 psn|[from] psn
|upkeep
|
|t:|1743834094
|switch|p1a: Zapdos|Zapdos|94/100
|turn|6
|
|t:|1743834101
|switch|p2a: He Don't Die|Gliscor, F|100/100
|move|p1a: Zapdos|Volt Switch|p2a: He Don't Die
|-immune|p2a: He Don't Die
|
|-weather|none
|-status|p2a: He Don't Die|tox|[from] item: Toxic Orb
|upkeep
|turn|7
|
|t:|1743834110
|switch|p1a: Primarina|Primarina, M|100/100
|move|p2a: He Don't Die|Substitute|p2a: He Don't Die
|-start|p2a: He Don't Die|Substitute
|-damage|p2a: He Don't Die|76/100 tox
|
|-heal|p2a: He Don't Die|88/100 tox|[from] ability: Poison Heal
|upkeep
|turn|8
|
|t:|1743834116
|move|p2a: He Don't Die|Toxic|p1a: Primarina
|-status|p1a: Primarina|tox
|move|p1a: Primarina|Sparkling Aria|p2a: He Don't Die
|-supereffective|p2a: He Don't Die
|-damage|p2a: He Don't Die|0 fnt
|faint|p2a: He Don't Die
|
|-damage|p1a: Primarina|94/100 tox|[from] psn
|upkeep
|
|t:|1743834120
|switch|p2a: Alomomola|Alomomola, F|100/100
|-status|p2a: Alomomola|tox
|turn|9
|
|t:|1743834124
|move|p1a: Primarina|Calm Mind|p1a: Primarina
|-boost|p1a: Primarina|spa|1
|-boost|p1a: Primarina|spd|1
|move|p2a: Alomomola|Wish|p2a: Alomomola
|
|-heal|p1a: Primarina|100/100 tox|[from] item: Leftovers
|-damage|p1a: Primarina|88/100 tox|[from] psn
|-damage|p2a: Alomomola|94/100 tox|[from] psn
|upkeep
|turn|10
|
|t:|1743834129
|move|p1a: Primarina|Energy Ball|p2a: Alomomola
|-supereffective|p2a: Alomomola
|-crit|p2a: Alomomola
|-damage|p2a: Alomomola|0 fnt
|faint|p2a: Alomomola
|
|-heal|p1a: Primarina|94/100 tox|[from] item: Leftovers
|-damage|p1a: Primarina|76/100 tox|[from] psn
|upkeep
|
|t:|1743834134
|switch|p2a: HeyApple|Hydrapple, F|100/100
|-status|p2a: HeyApple|tox
|turn|11
|
|t:|1743834141
|-terastallize|p1a: Primarina|Steel
|move|p1a: Primarina|Moonblast|p2a: HeyApple
|-supereffective|p2a: HeyApple
|-damage|p2a: HeyApple|0 fnt
|faint|p2a: HeyApple
|
|-heal|p1a: Primarina|82/100 tox|[from] item: Leftovers
|-damage|p1a: Primarina|57/100 tox|[from] psn
|upkeep
|
|t:|1743834151
|switch|p2a: My Favewit|Tyranitar, M|12/100 psn
|-weather|Sandstorm|[from] ability: Sand Stream|[of] p2a: My Favewit
|turn|12
|
|t:|1743834155
|move|p2a: My Favewit|Knock Off|p1a: Primarina
|-damage|p1a: Primarina|0 fnt
|-enditem|p1a: Primarina|Leftovers|[from] move: Knock Off|[of] p2a: My Favewit
|faint|p1a: Primarina
|
|-weather|Sandstorm|[upkeep]
|-damage|p2a: My Favewit|0 fnt|[from] psn
|faint|p2a: My Favewit
|upkeep
|
|t:|1743834176
|switch|p2a: Hurty|Arcanine-Hisui, M|100/100
|switch|p1a: Weavile|Weavile, F|100/100
|-ability|p1a: Weavile|Pressure
|-status|p2a: Hurty|tox
|turn|13
|
|t:|1743834191
|switch|p2a: Forretress|Forretress, M|100/100
|move|p1a: Weavile|Knock Off|p2a: Forretress
|-damage|p2a: Forretress|73/100
|-enditem|p2a: Forretress|Heavy-Duty Boots|[from] move: Knock Off|[of] p1a: Weavile
|
|-weather|Sandstorm|[upkeep]
|-damage|p1a: Weavile|94/100|[from] Sandstorm
|upkeep
|turn|14
|
|t:|1743834202
|switch|p1a: Zapdos|Zapdos|94/100
|move|p2a: Forretress|Body Press|p1a: Zapdos
|-resisted|p1a: Zapdos
|-damage|p1a: Zapdos|77/100
|
|-weather|Sandstorm|[upkeep]
|-damage|p1a: Zapdos|71/100|[from] Sandstorm
|upkeep
|turn|15
|
|t:|1743834211
|switch|p2a: Hurty|Arcanine-Hisui, M|100/100 tox
|move|p1a: Zapdos|Volt Switch|p2a: Hurty
|-damage|p2a: Hurty|71/100 tox
|
|t:|1743834218
|switch|p1a: Weavile|Weavile, F|94/100|[from] Volt Switch
|-ability|p1a: Weavile|Pressure
|
|-weather|Sandstorm|[upkeep]
|-damage|p1a: Weavile|88/100|[from] Sandstorm
|-damage|p2a: Hurty|65/100 tox|[from] psn
|upkeep
|turn|16
|
|t:|1743834225
|switch|p2a: Forretress|Forretress, M|73/100
|move|p1a: Weavile|Knock Off|p2a: Forretress
|-damage|p2a: Forretress|55/100
|
|-weather|none
|upkeep
|turn|17
|
|t:|1743834231
|switch|p1a: Zapdos|Zapdos|71/100
|move|p2a: Forretress|Body Press|p1a: Zapdos
|-resisted|p1a: Zapdos
|-damage|p1a: Zapdos|53/100
|
|upkeep
|turn|18
|
|t:|1743834237
|move|p1a: Zapdos|Roost|p1a: Zapdos
|-heal|p1a: Zapdos|100/100
|-singleturn|p1a: Zapdos|move: Roost
|move|p2a: Forretress|Body Press|p1a: Zapdos
|-damage|p1a: Zapdos|65/100
|
|upkeep
|turn|19
|
|t:|1743834254
|move|p1a: Zapdos|Volt Switch|p2a: Forretress
|-damage|p2a: Forretress|8/100
|
|t:|1743834259
|switch|p1a: Weavile|Weavile, F|88/100|[from] Volt Switch
|-ability|p1a: Weavile|Pressure
|move|p2a: Forretress|Body Press|p1a: Weavile
|-supereffective|p1a: Weavile
|-damage|p1a: Weavile|0 fnt
|faint|p1a: Weavile
|
|upkeep
|
|t:|1743834267
|switch|p1a: Zapdos|Zapdos|65/100
|turn|20
|
|t:|1743834273
|move|p1a: Zapdos|Volt Switch|p2a: Forretress
|-damage|p2a: Forretress|0 fnt
|faint|p2a: Forretress
|
|t:|1743834276
|switch|p1a: Kingambit|Kingambit, F|100/100|[from] Volt Switch
|-activate|p1a: Kingambit|ability: Supreme Overlord
|-start|p1a: Kingambit|fallen4|[silent]
|
|upkeep
|-message|thathomiesapien forfeited.
|
|win|denglinhuiliu
|raw|denglinhuiliu's rating: 1259 &rarr; <strong>1283</strong><br />(+24 for winning)
|raw|thathomiesapien's rating: 1244 &rarr; <strong>1220</strong><br />(-24 for losing)
|l|☆thathomiesapien
|player|p2|
|l|☆denglinhuiliu
|player|p1|
