|j|☆ciderbuzz
|j|☆flyingtaco43
|t:|1743833485
|gametype|singles
|player|p1|ciderbuzz|169|1673
|player|p2|flyingtaco43|elesa|1831
|teamsize|p1|6
|teamsize|p2|6
|gen|9
|tier|[Gen 9] OU
|rated|
|rule|HP Percentage Mod: HP is shown in percentages
|rule|Endless Battle Clause: Forcing endless battles is banned
|rule|Species Clause: Limit one of each Pokémon
|rule|OHKO Clause: OHKO moves are banned
|rule|Evasion Items Clause: Evasion items are banned
|rule|Evasion Moves Clause: Evasion moves are banned
|rule|Sleep Moves Clause: Sleep-inducing moves are banned
|clearpoke
|poke|p1|Enamorus, F|
|poke|p1|Araquanid, M|
|poke|p1|Gholdengo|
|poke|p1|Pawmot, F|
|poke|p1|Iron Treads|
|poke|p1|Salamence, F|
|poke|p2|Ting-Lu|
|poke|p2|Corviknight, M|
|poke|p2|Darkrai|
|poke|p2|Cinderace, F|
|poke|p2|Kyurem|
|poke|p2|Slowking-Galar, M|
|teampreview
|inactive|Battle timer is ON: inactive players will automatically lose when time's up. (requested by ciderbuzz)
|inactive|ciderbuzz has 120 seconds left.
|
|t:|1743833542
|start
|switch|p1a: Deceiver|Pawmot, F|100/100
|switch|p2a: Daylight Robbery|Cinderace, F|100/100
|turn|1
|j| Kovumon
|
|t:|1743833546
|move|p2a: Daylight Robbery|Will-O-Wisp|p1a: Deceiver
|-status|p1a: Deceiver|brn
|move|p1a: Deceiver|Double Shock|p2a: Daylight Robbery
|-damage|p2a: Daylight Robbery|65/100
|-start|p1a: Deceiver|typechange|???/Fighting|[from] move: Double Shock
|
|-damage|p1a: Deceiver|94/100 brn|[from] brn
|upkeep
|turn|2
|
|t:|1743833560
|-curestatus|p1a: Deceiver|brn|[from] ability: Natural Cure
|switch|p1a: Lusty|Enamorus, F, shiny|100/100
|move|p2a: Daylight Robbery|U-turn|p1a: Lusty
|-resisted|p1a: Lusty
|-damage|p1a: Lusty|94/100
|
|t:|1743833564
|switch|p2a: Hide and Seek|Slowking-Galar, M|100/100|[from] U-turn
|
|upkeep
|turn|3
|l| Kovumon
|
|t:|1743833570
|switch|p1a: Treasurer|Gholdengo, shiny|100/100
|-prepare|p2a: Hide and Seek|Chilly Reception|[premajor]
|move|p2a: Hide and Seek|Chilly Reception|p2a: Hide and Seek
|-weather|Snowscape
|
|t:|1743833572
|switch|p2a: Daylight Robbery|Cinderace, F|65/100|[from] Chilly Reception
|
|-weather|Snowscape|[upkeep]
|upkeep
|turn|4
|
|t:|1743833579
|switch|p1a: Araquanid|Araquanid, M, shiny|100/100
|move|p2a: Daylight Robbery|Pyro Ball|p1a: Araquanid
|-damage|p1a: Araquanid|73/100
|
|-weather|Snowscape|[upkeep]
|upkeep
|turn|5
|
|t:|1743833585
|move|p2a: Daylight Robbery|U-turn|p1a: Araquanid
|-damage|p1a: Araquanid|53/100
|
|t:|1743833587
|switch|p2a: The Walk|Kyurem|100/100|[from] U-turn
|-ability|p2a: The Walk|Pressure
|move|p1a: Araquanid|Liquidation|p2a: The Walk
|-resisted|p2a: The Walk
|-damage|p2a: The Walk|83/100
|
|-weather|Snowscape|[upkeep]
|upkeep
|turn|6
|
|t:|1743833593
|move|p2a: The Walk|Freeze-Dry|p1a: Araquanid
|-supereffective|p1a: Araquanid
|-damage|p1a: Araquanid|0 fnt
|faint|p1a: Araquanid
|
|-weather|Snowscape|[upkeep]
|upkeep
|
|t:|1743833602
|switch|p1a: Deceiver|Pawmot, F|94/100
|turn|7
|
|t:|1743833607
|move|p1a: Deceiver|Close Combat|p2a: The Walk
|-supereffective|p2a: The Walk
|-damage|p2a: The Walk|14/100
|-unboost|p1a: Deceiver|def|1
|-unboost|p1a: Deceiver|spd|1
|move|p2a: The Walk|Freeze-Dry|p1a: Deceiver
|-damage|p1a: Deceiver|0 fnt
|faint|p1a: Deceiver
|
|-weather|none
|upkeep
|
|t:|1743833617
|switch|p1a: Salamence|Salamence, F|100/100
|-ability|p1a: Salamence|Intimidate|boost
|-unboost|p2a: The Walk|atk|1
|turn|8
|
|t:|1743833622
|switch|p2a: Clear the Area|Corviknight, M|100/100
|-ability|p2a: Clear the Area|Pressure
|move|p1a: Salamence|Dragon Dance|p1a: Salamence
|-boost|p1a: Salamence|atk|1
|-boost|p1a: Salamence|spe|1
|
|upkeep
|turn|9
|
|t:|1743833626
|move|p1a: Salamence|Dragon Dance|p1a: Salamence
|-boost|p1a: Salamence|atk|1
|-boost|p1a: Salamence|spe|1
|move|p2a: Clear the Area|Iron Defense|p2a: Clear the Area
|-boost|p2a: Clear the Area|def|2
|
|upkeep
|turn|10
|
|t:|1743833630
|switch|p1a: Treasurer|Gholdengo, shiny|100/100
|move|p2a: Clear the Area|Iron Defense|p2a: Clear the Area
|-boost|p2a: Clear the Area|def|2
|
|upkeep
|turn|11
|
|t:|1743833638
|switch|p2a: Hide and Seek|Slowking-Galar, M|100/100
|move|p1a: Treasurer|Trick|p2a: Hide and Seek
|-activate|p1a: Treasurer|move: Trick|[of] p2a: Hide and Seek
|-item|p2a: Hide and Seek|Choice Specs|[from] move: Trick
|-item|p1a: Treasurer|Heavy-Duty Boots|[from] move: Trick
|
|upkeep
|turn|12
|
|t:|1743833652
|move|p1a: Treasurer|Trick|p2a: Hide and Seek
|-activate|p1a: Treasurer|move: Trick|[of] p2a: Hide and Seek
|-item|p2a: Hide and Seek|Heavy-Duty Boots|[from] move: Trick
|-item|p1a: Treasurer|Choice Specs|[from] move: Trick
|-prepare|p2a: Hide and Seek|Chilly Reception|[premajor]
|move|p2a: Hide and Seek|Chilly Reception|p2a: Hide and Seek
|-weather|Snowscape
|
|t:|1743833655
|switch|p2a: Goodnight and Go|Darkrai|100/100|[from] Chilly Reception
|
|-weather|Snowscape|[upkeep]
|upkeep
|turn|13
|
|t:|1743833663
|move|p2a: Goodnight and Go|Dark Pulse|p1a: Treasurer
|-supereffective|p1a: Treasurer
|-damage|p1a: Treasurer|0 fnt
|faint|p1a: Treasurer
|
|-weather|Snowscape|[upkeep]
|upkeep
|
|t:|1743833666
|switch|p1a: Lusty|Enamorus, F, shiny|94/100
|turn|14
|
|t:|1743833669
|switch|p2a: Hide and Seek|Slowking-Galar, M|100/100
|move|p1a: Lusty|Earth Power|p2a: Hide and Seek
|-supereffective|p2a: Hide and Seek
|-damage|p2a: Hide and Seek|60/100
|
|-weather|Snowscape|[upkeep]
|upkeep
|turn|15
|
|t:|1743833676
|switch|p1a: Iron Treads|Iron Treads|100/100
|-prepare|p2a: Hide and Seek|Chilly Reception|[premajor]
|move|p2a: Hide and Seek|Chilly Reception|p2a: Hide and Seek
|
|t:|1743833683
|switch|p2a: Daylight Robbery|Cinderace, F|65/100|[from] Chilly Reception
|
|-weather|Snowscape|[upkeep]
|upkeep
|turn|16
|
|t:|1743833687
|-end|p1a: Iron Treads|Quark Drive|[silent]
|switch|p1a: Lusty|Enamorus, F, shiny|94/100
|move|p2a: Daylight Robbery|U-turn|p1a: Lusty
|-resisted|p1a: Lusty
|-damage|p1a: Lusty|87/100
|
|t:|1743833693
|switch|p2a: Hide and Seek|Slowking-Galar, M|93/100|[from] U-turn
|
|-weather|none
|upkeep
|turn|17
|
|t:|1743833697
|switch|p1a: Salamence|Salamence, F|100/100
|-ability|p1a: Salamence|Intimidate|boost
|-unboost|p2a: Hide and Seek|atk|1
|-prepare|p2a: Hide and Seek|Chilly Reception|[premajor]
|move|p2a: Hide and Seek|Chilly Reception|p2a: Hide and Seek
|-weather|Snowscape
|
|t:|1743833701
|switch|p2a: Goodnight and Go|Darkrai|100/100|[from] Chilly Reception
|
|-weather|Snowscape|[upkeep]
|upkeep
|turn|18
|
|t:|1743833709
|-terastallize|p1a: Salamence|Fire
|move|p2a: Goodnight and Go|Ice Beam|p1a: Salamence
|-resisted|p1a: Salamence
|-crit|p1a: Salamence
|-damage|p1a: Salamence|72/100
|move|p1a: Salamence|Dragon Dance|p1a: Salamence
|-boost|p1a: Salamence|atk|1
|-boost|p1a: Salamence|spe|1
|
|-weather|Snowscape|[upkeep]
|upkeep
|turn|19
|
|t:|1743833714
|switch|p2a: The Walk|Kyurem|14/100
|-ability|p2a: The Walk|Pressure
|move|p1a: Salamence|Temper Flare|p2a: The Walk
|-damage|p2a: The Walk|0 fnt
|faint|p2a: The Walk
|
|-weather|Snowscape|[upkeep]
|upkeep
|
|t:|1743833716
|switch|p2a: Headlock|Ting-Lu|100/100
|-ability|p2a: Headlock|Vessel of Ruin
|turn|20
|
|t:|1743833723
|move|p1a: Salamence|Outrage|p2a: Headlock
|-crit|p2a: Headlock
|-damage|p2a: Headlock|17/100
|move|p2a: Headlock|Whirlwind|p1a: Salamence
|drag|p1a: Iron Treads|Iron Treads|100/100
|
|-weather|Snowscape|[upkeep]
|-heal|p2a: Headlock|24/100|[from] item: Leftovers
|upkeep
|turn|21
|
|t:|1743833733
|move|p1a: Iron Treads|Ice Spinner|p2a: Headlock
|-supereffective|p2a: Headlock
|-damage|p2a: Headlock|0 fnt
|faint|p2a: Headlock
|
|-weather|none
|upkeep
|
|t:|1743833736
|switch|p2a: Daylight Robbery|Cinderace, F|65/100
|turn|22
|
|t:|1743833743
|-end|p1a: Iron Treads|Quark Drive|[silent]
|switch|p1a: Salamence|Salamence, F, tera:Fire|72/100
|-ability|p1a: Salamence|Intimidate|boost
|-unboost|p2a: Daylight Robbery|atk|1
|move|p2a: Daylight Robbery|Pyro Ball|p1a: Salamence
|-resisted|p1a: Salamence
|-damage|p1a: Salamence|53/100
|
|upkeep
|turn|23
|
|t:|1743833747
|move|p2a: Daylight Robbery|U-turn|p1a: Salamence
|-resisted|p1a: Salamence
|-damage|p1a: Salamence|46/100
|
|t:|1743833751
|switch|p2a: Clear the Area|Corviknight, M|100/100|[from] U-turn
|-ability|p2a: Clear the Area|Pressure
|move|p1a: Salamence|Roost|p1a: Salamence
|-heal|p1a: Salamence|96/100
|
|upkeep
|turn|24
|
|t:|1743833755
|move|p1a: Salamence|Temper Flare|p2a: Clear the Area
|-supereffective|p2a: Clear the Area
|-damage|p2a: Clear the Area|51/100
|-damage|p1a: Salamence|80/100|[from] item: Rocky Helmet|[of] p2a: Clear the Area
|move|p2a: Clear the Area|Iron Defense|p2a: Clear the Area
|-boost|p2a: Clear the Area|def|2
|
|upkeep
|turn|25
|
|t:|1743833762
|switch|p1a: Lusty|Enamorus, F, shiny|87/100
|move|p2a: Clear the Area|Roost|p2a: Clear the Area
|-heal|p2a: Clear the Area|100/100
|-singleturn|p2a: Clear the Area|move: Roost
|
|upkeep
|turn|26
|
|t:|1743833768
|move|p1a: Lusty|Moonblast|p2a: Clear the Area
|-resisted|p2a: Clear the Area
|-damage|p2a: Clear the Area|76/100
|move|p2a: Clear the Area|Roost|p2a: Clear the Area
|-heal|p2a: Clear the Area|100/100
|-singleturn|p2a: Clear the Area|move: Roost
|
|upkeep
|turn|27
|
|t:|1743833772
|move|p1a: Lusty|Moonblast|p2a: Clear the Area
|-resisted|p2a: Clear the Area
|-damage|p2a: Clear the Area|75/100
|move|p2a: Clear the Area|Brave Bird|p1a: Lusty
|-damage|p1a: Lusty|33/100
|-damage|p2a: Clear the Area|62/100|[from] Recoil
|
|upkeep
|turn|28
|-message|ciderbuzz forfeited.
|
|win|flyingtaco43
|raw|ciderbuzz's rating: 1673 &rarr; <strong>1662</strong><br />(-11 for losing)
|raw|flyingtaco43's rating: 1831 &rarr; <strong>1842</strong><br />(+11 for winning)
|l|☆ciderbuzz
|player|p1|
|l|☆flyingtaco43
|player|p2|
