|j|☆pichin
|j|☆UrFratdbe
|t:|1743826764
|gametype|singles
|player|p1|pichin|mira|1084
|player|p2|UrFratdbe|bugcatcher-gen4dp|1056
|teamsize|p1|6
|teamsize|p2|6
|gen|9
|tier|[Gen 9] OU
|rated|
|rule|HP Percentage Mod: HP is shown in percentages
|rule|Endless Battle Clause: Forcing endless battles is banned
|rule|Species Clause: Limit one of each Pokémon
|rule|OHKO Clause: OHKO moves are banned
|rule|Evasion Items Clause: Evasion items are banned
|rule|Evasion Moves Clause: Evasion moves are banned
|rule|Sleep Moves Clause: Sleep-inducing moves are banned
|clearpoke
|poke|p1|Girafarig, M|
|poke|p1|Ursaring, M|
|poke|p1|Arcanine, M|
|poke|p1|Landorus-Therian, M|
|poke|p1|Arbok, M|
|poke|p1|Altaria, M|
|poke|p2|Lilligant-Hisui, F|
|poke|p2|Torkoal, F|
|poke|p2|Gliscor, F|
|poke|p2|Primarina, F|
|poke|p2|Minior|
|poke|p2|Iron Moth|
|teampreview
|
|t:|1743826768
|start
|switch|p1a: Landorus|Landorus-Therian, M|100/100
|switch|p2a: Gliscor|Gliscor, F, shiny|100/100
|-ability|p1a: Landorus|Intimidate|boost
|-unboost|p2a: Gliscor|atk|1
|turn|1
|inactive|Battle timer is ON: inactive players will automatically lose when time's up. (requested by UrFratdbe)
|
|t:|1743826776
|move|p1a: Landorus|Taunt|p2a: Gliscor
|-start|p2a: Gliscor|move: Taunt
|cant|p2a: Gliscor|move: Taunt|Toxic Spikes
|
|-status|p2a: Gliscor|tox|[from] item: Toxic Orb
|upkeep
|turn|2
|c|☆UrFratdbe|ah
|
|t:|1743826784
|switch|p2a: Primarina|Primarina, F, shiny|100/100
|move|p1a: Landorus|U-turn|p2a: Primarina
|-resisted|p2a: Primarina
|-damage|p2a: Primarina|81/100
|
|t:|1743826791
|switch|p1a: Ursaring|Ursaring, M|100/100|[from] U-turn
|
|-status|p1a: Ursaring|brn|[from] item: Flame Orb
|upkeep
|turn|3
|c|☆UrFratdbe|OH
|c|☆UrFratdbe|THIS IS PERFECT
|
|t:|1743826802
|-terastallize|p2a: Primarina|Fairy
|move|p2a: Primarina|Sparkling Aria|p1a: Ursaring
|-damage|p1a: Ursaring|18/100 brn
|-curestatus|p1a: Ursaring|brn|[msg]
|move|p1a: Ursaring|Facade|p2a: Primarina
|-damage|p2a: Primarina|25/100
|
|-status|p1a: Ursaring|brn|[from] item: Flame Orb
|upkeep
|turn|4
|
|t:|1743826815
|switch|p1a: Altaria|Altaria, M|100/100
|move|p2a: Primarina|Sparkling Aria|p1a: Altaria
|-resisted|p1a: Altaria
|-damage|p1a: Altaria|66/100
|
|-heal|p1a: Altaria|72/100|[from] item: Leftovers
|upkeep
|turn|5
|
|t:|1743826824
|switch|p2a: Gliscor|Gliscor, F, shiny|100/100 tox
|-terastallize|p1a: Altaria|Fairy
|move|p1a: Altaria|Fire Spin|p2a: Gliscor
|-damage|p2a: Gliscor|93/100 tox
|-activate|p2a: Gliscor|move: Fire Spin|[of] p1a: Altaria
|
|-heal|p1a: Altaria|78/100|[from] item: Leftovers
|-heal|p2a: Gliscor|100/100 tox|[from] ability: Poison Heal
|-damage|p2a: Gliscor|88/100 tox|[from] move: Fire Spin|[partiallytrapped]
|upkeep
|turn|6
|
|t:|1743826837
|move|p2a: Gliscor|Toxic Spikes|p1a: Altaria
|-sidestart|p1: pichin|move: Toxic Spikes
|move|p1a: Altaria|Perish Song|p1a: Altaria
|-start|p1a: Altaria|perish3|[silent]
|-start|p2a: Gliscor|perish3|[silent]
|-fieldactivate|move: Perish Song
|
|-heal|p1a: Altaria|84/100|[from] item: Leftovers
|-heal|p2a: Gliscor|100/100 tox|[from] ability: Poison Heal
|-damage|p2a: Gliscor|88/100 tox|[from] move: Fire Spin|[partiallytrapped]
|-start|p2a: Gliscor|perish3
|-start|p1a: Altaria|perish3
|upkeep
|turn|7
|
|t:|1743826849
|move|p2a: Gliscor|Spikes|p1a: Altaria
|-sidestart|p1: pichin|Spikes
|move|p1a: Altaria|Roost|p1a: Altaria
|-heal|p1a: Altaria|100/100
|
|-heal|p2a: Gliscor|100/100 tox|[from] ability: Poison Heal
|-damage|p2a: Gliscor|88/100 tox|[from] move: Fire Spin|[partiallytrapped]
|-start|p2a: Gliscor|perish2
|-start|p1a: Altaria|perish2
|upkeep
|turn|8
|
|t:|1743826860
|move|p2a: Gliscor|Toxic Spikes|p1a: Altaria
|-sidestart|p1: pichin|move: Toxic Spikes
|move|p1a: Altaria|Defog|p2a: Gliscor
|-unboost|p2a: Gliscor|evasion|1
|-sideend|p1: pichin|Spikes|[from] move: Defog|[of] p1a: Altaria
|-sideend|p1: pichin|Toxic Spikes|[from] move: Defog|[of] p1a: Altaria
|
|-heal|p2a: Gliscor|100/100 tox|[from] ability: Poison Heal
|-damage|p2a: Gliscor|88/100 tox|[from] move: Fire Spin|[partiallytrapped]
|-start|p2a: Gliscor|perish1
|-start|p1a: Altaria|perish1
|upkeep
|turn|9
|
|t:|1743826873
|switch|p1a: Landorus|Landorus-Therian, M|100/100
|-ability|p1a: Landorus|Intimidate|boost
|-unboost|p2a: Gliscor|atk|1
|move|p2a: Gliscor|Spikes|p1a: Landorus
|-sidestart|p1: pichin|Spikes
|
|-heal|p2a: Gliscor|100/100 tox|[from] ability: Poison Heal
|-end|p2a: Gliscor|Fire Spin|[partiallytrapped]|[silent]
|-start|p2a: Gliscor|perish0
|faint|p2a: Gliscor
|upkeep
|
|t:|1743826892
|switch|p2a: Torkoal|Torkoal, F|100/100
|-weather|SunnyDay|[from] ability: Drought|[of] p2a: Torkoal
|turn|10
|c|☆pichin|:0
|
|t:|1743826899
|move|p1a: Landorus|Taunt|p2a: Torkoal
|-start|p2a: Torkoal|move: Taunt
|move|p2a: Torkoal|Weather Ball|p1a: Landorus
|-damage|p1a: Landorus|38/100
|
|-weather|SunnyDay|[upkeep]
|upkeep
|turn|11
|
|t:|1743826909
|move|p1a: Landorus|U-turn|p2a: Torkoal
|-resisted|p2a: Torkoal
|-damage|p2a: Torkoal|90/100
|
|t:|1743826912
|switch|p1a: Altaria|Altaria, M, tera:Fairy|100/100|[from] U-turn
|-damage|p1a: Altaria|88/100|[from] Spikes
|move|p2a: Torkoal|Weather Ball|p1a: Altaria
|-damage|p1a: Altaria|58/100
|
|-weather|SunnyDay|[upkeep]
|-heal|p1a: Altaria|64/100|[from] item: Leftovers
|upkeep
|turn|12
|
|t:|1743826923
|switch|p2a: Lilligant|Lilligant-Hisui, F, shiny|100/100
|move|p1a: Altaria|Fire Spin|p2a: Lilligant
|-supereffective|p2a: Lilligant
|-damage|p2a: Lilligant|73/100
|-activate|p2a: Lilligant|move: Fire Spin|[of] p1a: Altaria
|
|-weather|SunnyDay|[upkeep]
|-heal|p1a: Altaria|71/100|[from] item: Leftovers
|-damage|p2a: Lilligant|60/100|[from] move: Fire Spin|[partiallytrapped]
|upkeep
|turn|13
|
|t:|1743826935
|switch|p1a: Arcanine|Arcanine, M|100/100
|-damage|p1a: Arcanine|88/100|[from] Spikes
|-ability|p1a: Arcanine|Intimidate|boost
|-unboost|p2a: Lilligant|atk|1
|move|p2a: Lilligant|Triple Axel|p1a: Arcanine
|-resisted|p1a: Arcanine
|-damage|p1a: Arcanine|86/100
|-damage|p2a: Lilligant|44/100|[from] item: Rocky Helmet|[of] p1a: Arcanine
|-hitcount|p1a: Arcanine|1
|-heal|p2a: Lilligant|44/100|[from] item: Shell Bell|[of] p1a: Arcanine
|
|-weather|SunnyDay|[upkeep]
|-end|p2a: Lilligant|Fire Spin|[partiallytrapped]|[silent]
|upkeep
|turn|14
|
|t:|1743826950
|switch|p2a: Torkoal|Torkoal, F|90/100
|move|p1a: Arcanine|Fire Spin|p2a: Torkoal
|-resisted|p2a: Torkoal
|-damage|p2a: Torkoal|80/100
|-activate|p2a: Torkoal|move: Fire Spin|[of] p1a: Arcanine
|
|-weather|SunnyDay|[upkeep]
|-damage|p2a: Torkoal|67/100|[from] move: Fire Spin|[partiallytrapped]
|upkeep
|turn|15
|
|t:|1743826962
|switch|p1a: Altaria|Altaria, M, tera:Fairy|71/100
|-damage|p1a: Altaria|58/100|[from] Spikes
|move|p2a: Torkoal|Stealth Rock|p1a: Altaria
|-sidestart|p1: pichin|move: Stealth Rock
|
|-weather|SunnyDay|[upkeep]
|-heal|p1a: Altaria|64/100|[from] item: Leftovers
|-end|p2a: Torkoal|Fire Spin|[partiallytrapped]|[silent]
|upkeep
|turn|16
|
|t:|1743826976
|switch|p2a: Primarina|Primarina, F, shiny, tera:Fairy|25/100
|move|p1a: Altaria|Defog|p2a: Primarina
|-unboost|p2a: Primarina|evasion|1
|-sideend|p1: pichin|Spikes|[from] move: Defog|[of] p1a: Altaria
|-sideend|p1: pichin|Stealth Rock|[from] move: Defog|[of] p1a: Altaria
|
|-weather|SunnyDay|[upkeep]
|-heal|p1a: Altaria|71/100|[from] item: Leftovers
|upkeep
|turn|17
|
|t:|1743826985
|move|p1a: Altaria|Fire Spin|p2a: Primarina
|-damage|p2a: Primarina|17/100
|-activate|p2a: Primarina|move: Fire Spin|[of] p1a: Altaria
|move|p2a: Primarina|Ice Beam|p1a: Altaria
|-damage|p1a: Altaria|36/100
|
|-weather|none
|-heal|p1a: Altaria|42/100|[from] item: Leftovers
|-damage|p2a: Primarina|5/100|[from] move: Fire Spin|[partiallytrapped]
|upkeep
|turn|18
|
|t:|1743826996
|move|p1a: Altaria|Roost|p1a: Altaria
|-heal|p1a: Altaria|92/100
|move|p2a: Primarina|Ice Beam|p1a: Altaria
|-damage|p1a: Altaria|57/100
|
|-heal|p1a: Altaria|63/100|[from] item: Leftovers
|-damage|p2a: Primarina|0 fnt|[from] move: Fire Spin|[partiallytrapped]
|faint|p2a: Primarina
|upkeep
|
|t:|1743827004
|switch|p2a: Minior|Minior, shiny|100/100
|-formechange|p2a: Minior|Minior-Meteor||[from] ability: Shields Down
|turn|19
|
|t:|1743827017
|move|p2a: Minior|Shell Smash|p2a: Minior
|-unboost|p2a: Minior|def|1
|-unboost|p2a: Minior|spd|1
|-boost|p2a: Minior|atk|2
|-boost|p2a: Minior|spa|2
|-boost|p2a: Minior|spe|2
|-enditem|p2a: Minior|White Herb
|-clearnegativeboost|p2a: Minior|[silent]
|move|p1a: Altaria|Perish Song|p1a: Altaria
|-start|p1a: Altaria|perish3|[silent]
|-start|p2a: Minior|perish3|[silent]
|-fieldactivate|move: Perish Song
|
|-heal|p1a: Altaria|69/100|[from] item: Leftovers
|-start|p2a: Minior|perish3
|-start|p1a: Altaria|perish3
|upkeep
|turn|20
|
|t:|1743827036
|switch|p1a: Girafarig|Girafarig, M|100/100
|move|p2a: Minior|Earthquake|p1a: Girafarig
|-damage|p1a: Girafarig|35/100
|
|-start|p2a: Minior|perish2
|upkeep
|turn|21
|
|t:|1743827046
|switch|p1a: Landorus|Landorus-Therian, M|38/100
|-ability|p1a: Landorus|Intimidate|boost
|-unboost|p2a: Minior|atk|1
|move|p2a: Minior|Earthquake|p1a: Landorus
|-immune|p1a: Landorus
|
|-start|p2a: Minior|perish1
|upkeep
|turn|22
|c|☆UrFratdbe|hmm
|c|☆UrFratdbe|should i switch out
|c|☆UrFratdbe|or should i try to kill landorus
|inactive|UrFratdbe has 120 seconds left.
|
|t:|1743827082
|switch|p2a: Iron Moth|Iron Moth|100/100
|-enditem|p2a: Iron Moth|Booster Energy
|-activate|p2a: Iron Moth|ability: Quark Drive|[fromitem]
|-start|p2a: Iron Moth|quarkdrivespa
|switch|p1a: Arbok|Arbok, M|100/100
|-ability|p1a: Arbok|Intimidate|boost
|-unboost|p2a: Iron Moth|atk|1
|
|upkeep
|turn|23
|c|☆pichin|Mmm
|inactive|UrFratdbe has 120 seconds left.
|
|t:|1743827098
|switch|p1a: Girafarig|Girafarig, M|35/100
|move|p2a: Iron Moth|Substitute|p2a: Iron Moth
|-start|p2a: Iron Moth|Substitute
|-damage|p2a: Iron Moth|76/100
|
|upkeep
|turn|24
|inactive|UrFratdbe has 120 seconds left.
|
|t:|1743827106
|move|p2a: Iron Moth|Fiery Dance|p1a: Girafarig
|-damage|p1a: Girafarig|0 fnt
|-boost|p2a: Iron Moth|spa|1
|faint|p1a: Girafarig
|
|upkeep
|
|t:|1743827113
|switch|p1a: Altaria|Altaria, M, tera:Fairy|69/100
|turn|25
|
|t:|1743827118
|move|p2a: Iron Moth|Fiery Dance|p1a: Altaria
|-damage|p1a: Altaria|16/100
|move|p1a: Altaria|Perish Song|p1a: Altaria
|-start|p1a: Altaria|perish3|[silent]
|-start|p2a: Iron Moth|perish3|[silent]
|-fieldactivate|move: Perish Song
|
|-heal|p1a: Altaria|23/100|[from] item: Leftovers
|-start|p2a: Iron Moth|perish3
|-start|p1a: Altaria|perish3
|upkeep
|turn|26
|
|t:|1743827135
|move|p2a: Iron Moth|Fiery Dance|p1a: Altaria
|-damage|p1a: Altaria|0 fnt
|faint|p1a: Altaria
|
|-start|p2a: Iron Moth|perish2
|upkeep
|
|t:|1743827147
|switch|p1a: Ursaring|Ursaring, M|18/100 brn
|turn|27
|
|t:|1743827153
|switch|p1a: Arcanine|Arcanine, M|86/100
|-ability|p1a: Arcanine|Intimidate|boost
|-immune|p2a: Iron Moth
|move|p2a: Iron Moth|Fiery Dance|p1a: Arcanine
|-resisted|p1a: Arcanine
|-damage|p1a: Arcanine|46/100
|-boost|p2a: Iron Moth|spa|1
|
|-start|p2a: Iron Moth|perish1
|upkeep
|turn|28
|
|t:|1743827167
|-end|p2a: Iron Moth|Quark Drive|[silent]
|switch|p2a: Minior|Minior, shiny|100/100
|-formechange|p2a: Minior|Minior-Meteor||[from] ability: Shields Down
|move|p1a: Arcanine|Morning Sun|p1a: Arcanine
|-heal|p1a: Arcanine|96/100
|
|upkeep
|turn|29
|
|t:|1743827176
|move|p1a: Arcanine|Will-O-Wisp|p2a: Minior
|-immune|p2a: Minior|[from] ability: Shields Down
|move|p2a: Minior|Earthquake|p1a: Arcanine
|-supereffective|p1a: Arcanine
|-damage|p1a: Arcanine|65/100
|
|upkeep
|turn|30
|
|t:|1743827186
|switch|p1a: Landorus|Landorus-Therian, M|38/100
|-ability|p1a: Landorus|Intimidate|boost
|-unboost|p2a: Minior|atk|1
|move|p2a: Minior|Shell Smash|p2a: Minior
|-unboost|p2a: Minior|def|1
|-unboost|p2a: Minior|spd|1
|-boost|p2a: Minior|atk|2
|-boost|p2a: Minior|spa|2
|-boost|p2a: Minior|spe|2
|
|upkeep
|turn|31
|
|t:|1743827200
|switch|p1a: Arbok|Arbok, M|100/100
|-ability|p1a: Arbok|Intimidate|boost
|-unboost|p2a: Minior|atk|1
|move|p2a: Minior|Tera Blast|p1a: Arbok
|-damage|p1a: Arbok|71/100
|
|-heal|p1a: Arbok|78/100|[from] item: Black Sludge
|upkeep
|turn|32
|
|t:|1743827212
|move|p2a: Minior|Earthquake|p1a: Arbok
|-supereffective|p1a: Arbok
|-damage|p1a: Arbok|33/100
|move|p1a: Arbok|Switcheroo|p2a: Minior
|-activate|p1a: Arbok|move: Trick|[of] p2a: Minior
|-item|p2a: Minior|Black Sludge|[from] move: Switcheroo
|-enditem|p1a: Arbok|Black Sludge|[silent]|[from] move: Switcheroo
|
|-damage|p2a: Minior|88/100|[from] item: Black Sludge
|upkeep
|turn|33
|
|t:|1743827221
|switch|p1a: Landorus|Landorus-Therian, M|38/100
|-ability|p1a: Landorus|Intimidate|boost
|-unboost|p2a: Minior|atk|1
|move|p2a: Minior|Earthquake|p1a: Landorus
|-immune|p1a: Landorus
|
|-damage|p2a: Minior|76/100|[from] item: Black Sludge
|upkeep
|turn|34
|c|☆UrFratdbe|ig an item is better than no item
|
|t:|1743827238
|move|p2a: Minior|Iron Head|p1a: Landorus
|-damage|p1a: Landorus|24/100
|-damage|p2a: Minior|59/100|[from] item: Rocky Helmet|[of] p1a: Landorus
|move|p1a: Landorus|Stealth Rock|p2a: Minior
|-sidestart|p2: UrFratdbe|move: Stealth Rock
|
|-damage|p2a: Minior|47/100|[from] item: Black Sludge
|-formechange|p2a: Minior|Minior||[from] ability: Shields Down
|upkeep
|turn|35
|
|t:|1743827254
|move|p2a: Minior|Tera Blast|p1a: Landorus
|-damage|p1a: Landorus|0 fnt
|faint|p1a: Landorus
|
|-damage|p2a: Minior|35/100|[from] item: Black Sludge
|upkeep
|
|t:|1743827263
|switch|p1a: Arcanine|Arcanine, M|65/100
|-ability|p1a: Arcanine|Intimidate|boost
|-unboost|p2a: Minior|atk|1
|turn|36
|
|t:|1743827270
|move|p2a: Minior|Earthquake|p1a: Arcanine
|-supereffective|p1a: Arcanine
|-damage|p1a: Arcanine|44/100
|move|p1a: Arcanine|Morning Sun|p1a: Arcanine
|-heal|p1a: Arcanine|94/100
|
|-damage|p2a: Minior|23/100|[from] item: Black Sludge
|upkeep
|turn|37
|
|t:|1743827298
|switch|p2a: Torkoal|Torkoal, F|67/100
|-damage|p2a: Torkoal|42/100|[from] Stealth Rock
|-weather|SunnyDay|[from] ability: Drought|[of] p2a: Torkoal
|move|p1a: Arcanine|Charm|p2a: Torkoal
|-unboost|p2a: Torkoal|atk|2
|
|-weather|SunnyDay|[upkeep]
|upkeep
|turn|38
|inactive|pichin has 120 seconds left.
|
|t:|1743827319
|move|p1a: Arcanine|Fire Spin|p2a: Torkoal
|-resisted|p2a: Torkoal
|-damage|p2a: Torkoal|31/100
|-activate|p2a: Torkoal|move: Fire Spin|[of] p1a: Arcanine
|move|p2a: Torkoal|Rapid Spin|p1a: Arcanine
|-damage|p1a: Arcanine|90/100
|-boost|p2a: Torkoal|spe|1
|-damage|p2a: Torkoal|15/100|[from] item: Rocky Helmet|[of] p1a: Arcanine
|-sideend|p2: UrFratdbe|Stealth Rock|[from] move: Rapid Spin|[of] p2a: Torkoal
|-end|p2a: Torkoal|Fire Spin|[partiallytrapped]
|
|-weather|SunnyDay|[upkeep]
|upkeep
|turn|39
|inactive|pichin has 120 seconds left.
|
|t:|1743827333
|move|p1a: Arcanine|Fire Spin|p2a: Torkoal
|-resisted|p2a: Torkoal
|-damage|p2a: Torkoal|3/100
|-activate|p2a: Torkoal|move: Fire Spin|[of] p1a: Arcanine
|move|p2a: Torkoal|Stealth Rock|p1a: Arcanine
|-sidestart|p1: pichin|move: Stealth Rock
|
|-weather|SunnyDay|[upkeep]
|-damage|p2a: Torkoal|0 fnt|[from] move: Fire Spin|[partiallytrapped]
|faint|p2a: Torkoal
|upkeep
|
|t:|1743827341
|switch|p2a: Iron Moth|Iron Moth|76/100
|turn|40
|
|t:|1743827345
|move|p2a: Iron Moth|Substitute|p2a: Iron Moth
|-start|p2a: Iron Moth|Substitute
|-damage|p2a: Iron Moth|51/100
|move|p1a: Arcanine|Fire Spin|p2a: Iron Moth
|-resisted|p2a: Iron Moth
|-activate|p2a: Iron Moth|move: Substitute|[damage]
|
|-weather|SunnyDay|[upkeep]
|upkeep
|turn|41
|
|t:|1743827354
|move|p2a: Iron Moth|Morning Sun|p2a: Iron Moth
|-heal|p2a: Iron Moth|100/100
|move|p1a: Arcanine|Fire Spin|p2a: Iron Moth
|-resisted|p2a: Iron Moth
|-activate|p2a: Iron Moth|move: Substitute|[damage]
|
|-weather|SunnyDay|[upkeep]
|upkeep
|turn|42
|
|t:|1743827369
|move|p2a: Iron Moth|Fiery Dance|p1a: Arcanine
|-resisted|p1a: Arcanine
|-damage|p1a: Arcanine|60/100
|move|p1a: Arcanine|Fire Spin|p2a: Iron Moth
|-resisted|p2a: Iron Moth
|-end|p2a: Iron Moth|Substitute
|
|-weather|SunnyDay|[upkeep]
|upkeep
|turn|43
|
|t:|1743827379
|move|p2a: Iron Moth|Substitute|p2a: Iron Moth
|-start|p2a: Iron Moth|Substitute
|-damage|p2a: Iron Moth|76/100
|move|p1a: Arcanine|Morning Sun|p1a: Arcanine
|-heal|p1a: Arcanine|100/100
|
|-weather|SunnyDay|[upkeep]
|upkeep
|turn|44
|
|t:|1743827387
|move|p2a: Iron Moth|Fiery Dance|p1a: Arcanine
|-resisted|p1a: Arcanine
|-damage|p1a: Arcanine|67/100
|move|p1a: Arcanine|Fire Spin|p2a: Iron Moth
|-resisted|p2a: Iron Moth
|-activate|p2a: Iron Moth|move: Substitute|[damage]
|
|-weather|none
|upkeep
|turn|45
|
|t:|1743827398
|move|p2a: Iron Moth|Fiery Dance|p1a: Arcanine
|-resisted|p1a: Arcanine
|-damage|p1a: Arcanine|47/100
|-boost|p2a: Iron Moth|spa|1
|move|p1a: Arcanine|Morning Sun|p1a: Arcanine
|-heal|p1a: Arcanine|97/100
|
|upkeep
|turn|46
|
|t:|1743827407
|move|p2a: Iron Moth|Fiery Dance|p1a: Arcanine
|-resisted|p1a: Arcanine
|-damage|p1a: Arcanine|66/100
|-boost|p2a: Iron Moth|spa|1
|move|p1a: Arcanine|Fire Spin|p2a: Iron Moth
|-resisted|p2a: Iron Moth
|-activate|p2a: Iron Moth|move: Substitute|[damage]
|
|upkeep
|turn|47
|
|t:|1743827420
|move|p2a: Iron Moth|Fiery Dance|p1a: Arcanine
|-resisted|p1a: Arcanine
|-damage|p1a: Arcanine|22/100
|move|p1a: Arcanine|Morning Sun|p1a: Arcanine
|-heal|p1a: Arcanine|72/100
|
|upkeep
|turn|48
|
|t:|1743827429
|move|p2a: Iron Moth|Fiery Dance|p1a: Arcanine
|-resisted|p1a: Arcanine
|-damage|p1a: Arcanine|32/100
|move|p1a: Arcanine|Morning Sun|p1a: Arcanine
|-heal|p1a: Arcanine|82/100
|
|upkeep
|turn|49
|
|t:|1743827440
|move|p2a: Iron Moth|Fiery Dance|p1a: Arcanine
|-resisted|p1a: Arcanine
|-damage|p1a: Arcanine|40/100
|move|p1a: Arcanine|Morning Sun|p1a: Arcanine
|-heal|p1a: Arcanine|90/100
|
|upkeep
|turn|50
|
|t:|1743827455
|move|p2a: Iron Moth|Fiery Dance|p1a: Arcanine
|-resisted|p1a: Arcanine
|-damage|p1a: Arcanine|47/100
|-boost|p2a: Iron Moth|spa|1
|move|p1a: Arcanine|Morning Sun|p1a: Arcanine
|-heal|p1a: Arcanine|97/100
|
|upkeep
|turn|51
|
|t:|1743827464
|move|p2a: Iron Moth|Fiery Dance|p1a: Arcanine
|-resisted|p1a: Arcanine
|-damage|p1a: Arcanine|43/100
|-boost|p2a: Iron Moth|spa|1
|move|p1a: Arcanine|Fire Spin|p2a: Iron Moth
|-resisted|p2a: Iron Moth
|-activate|p2a: Iron Moth|move: Substitute|[damage]
|
|upkeep
|turn|52
|
|t:|1743827476
|move|p2a: Iron Moth|Dazzling Gleam|p1a: Arcanine
|-resisted|p1a: Arcanine
|-damage|p1a: Arcanine|0 fnt
|faint|p1a: Arcanine
|
|upkeep
|
|t:|1743827483
|switch|p1a: Arbok|Arbok, M|33/100
|-damage|p1a: Arbok|21/100|[from] Stealth Rock
|-ability|p1a: Arbok|Intimidate|boost
|-immune|p2a: Iron Moth
|turn|53
|
|t:|1743827490
|move|p2a: Iron Moth|Fiery Dance|p1a: Arbok
|-damage|p1a: Arbok|0 fnt
|-boost|p2a: Iron Moth|spa|1
|faint|p1a: Arbok
|
|upkeep
|
|t:|1743827496
|switch|p1a: Ursaring|Ursaring, M|18/100 brn
|-damage|p1a: Ursaring|6/100 brn|[from] Stealth Rock
|turn|54
|
|t:|1743827501
|move|p2a: Iron Moth|Dazzling Gleam|p1a: Ursaring
|-damage|p1a: Ursaring|0 fnt
|faint|p1a: Ursaring
|
|win|UrFratdbe
|raw|pichin's rating: 1084 &rarr; <strong>1060</strong><br />(-24 for losing)
|raw|UrFratdbe's rating: 1056 &rarr; <strong>1090</strong><br />(+34 for winning)
|l|☆UrFratdbe
|player|p2|
|l|☆pichin
|player|p1|
