|j|☆btagrere
|j|☆chewfive
|t:|1743877219
|gametype|singles
|player|p1|btagrere|silver|1159
|player|p2|chewfive|265|1135
|teamsize|p1|6
|teamsize|p2|6
|gen|9
|tier|[Gen 9] OU
|rated|
|rule|HP Percentage Mod: HP is shown in percentages
|rule|Endless Battle Clause: Forcing endless battles is banned
|rule|Species Clause: Limit one of each Pokémon
|rule|OHKO Clause: OHKO moves are banned
|rule|Evasion Items Clause: Evasion items are banned
|rule|Evasion Moves Clause: Evasion moves are banned
|rule|Sleep Moves Clause: Sleep-inducing moves are banned
|clearpoke
|poke|p1|Landorus-Therian, M|
|poke|p1|Primarina, F|
|poke|p1|Rotom-Wash|
|poke|p1|Glimmora, F|
|poke|p1|Slowking-Galar, M|
|poke|p1|Beartic, F|
|poke|p2|Hoopa-Unbound|
|poke|p2|Torterra, M|
|poke|p2|Snorlax, M|
|poke|p2|Sinistcha|
|poke|p2|Hitmonlee, M|
|poke|p2|Smeargle, M|
|teampreview
|inactive|Battle timer is ON: inactive players will automatically lose when time's up. (requested by btagrere)
|inactive|chewfive also wants the timer to be on.
|
|t:|1743877234
|start
|switch|p1a: Rotom|Rotom-Wash|100/100
|switch|p2a: critter skitter|Hoopa-Unbound|100/100
|turn|1
|
|t:|1743877241
|move|p1a: Rotom|Will-O-Wisp|p2a: critter skitter
|-status|p2a: critter skitter|brn
|move|p2a: critter skitter|Trick Room|p2a: critter skitter
|-fieldstart|move: Trick Room|[of] p2a: critter skitter
|
|-damage|p2a: critter skitter|94/100 brn|[from] brn
|upkeep
|turn|2
|
|t:|1743877249
|switch|p1a: Primarina|Primarina, F, shiny|100/100
|move|p2a: critter skitter|Psychic|p1a: Primarina
|-damage|p1a: Primarina|75/100
|
|-damage|p2a: critter skitter|88/100 brn|[from] brn
|upkeep
|turn|3
|
|t:|1743877257
|switch|p2a: u ready?|Sinistcha|100/100
|move|p1a: Primarina|Moonblast|p2a: u ready?
|-damage|p2a: u ready?|36/100
|
|upkeep
|turn|4
|
|t:|1743877268
|-terastallize|p1a: Primarina|Fairy
|move|p2a: u ready?|Hex|p1a: Primarina
|-damage|p1a: Primarina|54/100
|move|p1a: Primarina|Ice Beam|p2a: u ready?
|-supereffective|p2a: u ready?
|-damage|p2a: u ready?|0 fnt
|faint|p2a: u ready?
|
|upkeep
|
|t:|1743877277
|switch|p2a: the pivot|Snorlax, M|100/100
|turn|5
|
|t:|1743877281
|move|p2a: the pivot|Stockpile|p2a: the pivot
|-start|p2a: the pivot|stockpile1
|-boost|p2a: the pivot|def|1
|-boost|p2a: the pivot|spd|1
|move|p1a: Primarina|Flip Turn|p2a: the pivot
|-damage|p2a: the pivot|93/100
|
|t:|1743877288
|switch|p1a: Rotom|Rotom-Wash|100/100|[from] Flip Turn
|
|-fieldend|move: Trick Room
|upkeep
|turn|6
|
|t:|1743877294
|move|p1a: Rotom|Trick|p2a: the pivot
|-activate|p1a: Rotom|move: Trick|[of] p2a: the pivot
|-item|p2a: the pivot|Choice Scarf|[from] move: Trick
|-item|p1a: Rotom|Silk Scarf|[from] move: Trick
|move|p2a: the pivot|Stockpile|p2a: the pivot
|-start|p2a: the pivot|stockpile2
|-boost|p2a: the pivot|def|1
|-boost|p2a: the pivot|spd|1
|
|upkeep
|turn|7
|
|t:|1743877304
|switch|p2a: critter skitter|Hoopa-Unbound|88/100 brn
|move|p1a: Rotom|Will-O-Wisp|p2a: critter skitter|[miss]
|-miss|p1a: Rotom|p2a: critter skitter
|
|-damage|p2a: critter skitter|82/100 brn|[from] brn
|upkeep
|turn|8
|
|t:|1743877317
|move|p1a: Rotom|Trick|p2a: critter skitter
|-activate|p1a: Rotom|move: Trick|[of] p2a: critter skitter
|-item|p2a: critter skitter|Silk Scarf|[from] move: Trick
|-item|p1a: Rotom|Iron Ball|[from] move: Trick
|move|p2a: critter skitter|Trick Room|p2a: critter skitter
|-fieldstart|move: Trick Room|[of] p2a: critter skitter
|
|-damage|p2a: critter skitter|76/100 brn|[from] brn
|upkeep
|turn|9
|
|t:|1743877328
|move|p2a: critter skitter|Psychic|p1a: Rotom
|-damage|p1a: Rotom|30/100
|move|p1a: Rotom|Volt Switch|p2a: critter skitter
|-damage|p2a: critter skitter|53/100 brn
|
|t:|1743877335
|switch|p1a: Primarina|Primarina, F, shiny, tera:Fairy|54/100|[from] Volt Switch
|
|-damage|p2a: critter skitter|47/100 brn|[from] brn
|upkeep
|turn|10
|
|t:|1743877345
|move|p2a: critter skitter|Destiny Bond|p2a: critter skitter
|-singlemove|p2a: critter skitter|Destiny Bond
|move|p1a: Primarina|Moonblast|p2a: critter skitter
|-supereffective|p2a: critter skitter
|-damage|p2a: critter skitter|0 fnt
|faint|p2a: critter skitter
|-activate|p2a: critter skitter|move: Destiny Bond
|faint|p1a: Primarina
|
|upkeep
|inactive|chewfive has 120 seconds left.
|
|t:|1743877379
|switch|p2a: TERA DEATH|Torterra, M|100/100
|switch|p1a: Glimmora|Glimmora, F|100/100
|turn|11
|
|t:|1743877385
|move|p2a: TERA DEATH|Stockpile|p2a: TERA DEATH
|-start|p2a: TERA DEATH|stockpile1
|-boost|p2a: TERA DEATH|def|1
|-boost|p2a: TERA DEATH|spd|1
|move|p1a: Glimmora|Sludge Wave|p2a: TERA DEATH
|-damage|p2a: TERA DEATH|70/100
|-enditem|p2a: TERA DEATH|Maranga Berry|[eat]
|-boost|p2a: TERA DEATH|spd|1|[from] item: Maranga Berry
|
|upkeep
|turn|12
|
|t:|1743877395
|move|p2a: TERA DEATH|Leech Seed|p1a: Glimmora
|-start|p1a: Glimmora|move: Leech Seed
|move|p1a: Glimmora|Toxic|p2a: TERA DEATH
|-status|p2a: TERA DEATH|tox
|
|-damage|p1a: Glimmora|88/100|[from] Leech Seed|[of] p2a: TERA DEATH
|-heal|p2a: TERA DEATH|79/100 tox|[silent]
|-damage|p2a: TERA DEATH|73/100 tox|[from] psn
|-fieldend|move: Trick Room
|upkeep
|turn|13
|
|t:|1743877405
|move|p1a: Glimmora|Mortal Spin|p2a: TERA DEATH
|-damage|p2a: TERA DEATH|70/100 tox
|-end|p1a: Glimmora|Leech Seed|[from] move: Mortal Spin|[of] p1a: Glimmora
|move|p2a: TERA DEATH|Crunch|p1a: Glimmora
|-damage|p1a: Glimmora|65/100
|
|-damage|p2a: TERA DEATH|58/100 tox|[from] psn
|upkeep
|turn|14
|
|t:|1743877414
|move|p1a: Glimmora|Spikes|p2a: TERA DEATH
|-sidestart|p2: chewfive|Spikes
|move|p2a: TERA DEATH|Crunch|p1a: Glimmora
|-damage|p1a: Glimmora|43/100
|
|-damage|p2a: TERA DEATH|40/100 tox|[from] psn
|upkeep
|turn|15
|
|t:|1743877422
|move|p1a: Glimmora|Spikes|p2a: TERA DEATH
|-sidestart|p2: chewfive|Spikes
|move|p2a: TERA DEATH|Crunch|p1a: Glimmora
|-damage|p1a: Glimmora|18/100
|
|-damage|p2a: TERA DEATH|15/100 tox|[from] psn
|upkeep
|turn|16
|
|t:|1743877429
|move|p1a: Glimmora|Spikes|p2a: TERA DEATH
|-sidestart|p2: chewfive|Spikes
|move|p2a: TERA DEATH|Crunch|p1a: Glimmora
|-damage|p1a: Glimmora|0 fnt
|faint|p1a: Glimmora
|
|-damage|p2a: TERA DEATH|0 fnt|[from] psn
|faint|p2a: TERA DEATH
|upkeep
|
|t:|1743877439
|switch|p1a: Slowking|Slowking-Galar, M|100/100
|switch|p2a: glegle|Smeargle, M|100/100
|-damage|p2a: glegle|76/100|[from] Spikes
|turn|17
|
|t:|1743877446
|move|p2a: glegle|Rapid Spin|p1a: Slowking
|-damage|p1a: Slowking|81/100
|-boost|p2a: glegle|spe|1
|-sideend|p2: chewfive|Spikes|[from] move: Rapid Spin|[of] p2a: glegle
|-prepare|p1a: Slowking|Chilly Reception|[premajor]
|move|p1a: Slowking|Chilly Reception|p1a: Slowking
|-weather|Snowscape
|
|t:|1743877453
|switch|p1a: Beartic|Beartic, F, shiny|100/100|[from] Chilly Reception
|
|-weather|Snowscape|[upkeep]
|upkeep
|turn|18
|
|t:|1743877460
|move|p2a: glegle|Belly Drum|p2a: glegle
|-damage|p2a: glegle|26/100
|-setboost|p2a: glegle|atk|6|[from] move: Belly Drum
|move|p1a: Beartic|Close Combat|p2a: glegle
|-supereffective|p2a: glegle
|-damage|p2a: glegle|0 fnt
|-unboost|p1a: Beartic|def|1
|-unboost|p1a: Beartic|spd|1
|faint|p2a: glegle
|
|-weather|Snowscape|[upkeep]
|upkeep
|
|t:|1743877470
|switch|p2a: the trump card|Hitmonlee, M|100/100
|turn|19
|
|t:|1743877476
|switch|p1a: Landorus|Landorus-Therian, M, shiny|100/100
|-ability|p1a: Landorus|Intimidate|boost
|-unboost|p2a: the trump card|atk|1
|move|p2a: the trump card|Endure||[still]
|-fail|p2a: the trump card
|
|-weather|Snowscape|[upkeep]
|upkeep
|turn|20
|
|t:|1743877484
|switch|p2a: the pivot|Snorlax, M|93/100
|move|p1a: Landorus|Earthquake|p2a: the pivot
|-damage|p2a: the pivot|29/100
|
|-weather|Snowscape|[upkeep]
|upkeep
|turn|21
|
|t:|1743877491
|move|p1a: Landorus|Earthquake|p2a: the pivot
|-crit|p2a: the pivot
|-damage|p2a: the pivot|0 fnt
|faint|p2a: the pivot
|
|-weather|none
|upkeep
|
|t:|1743877496
|switch|p2a: the trump card|Hitmonlee, M|100/100
|turn|22
|
|t:|1743877500
|move|p2a: the trump card|Endure|p2a: the trump card
|-singleturn|p2a: the trump card|move: Endure
|move|p1a: Landorus|Earthquake|p2a: the trump card
|-activate|p2a: the trump card|move: Endure
|-damage|p2a: the trump card|1/100
|-enditem|p2a: the trump card|Liechi Berry|[eat]
|-boost|p2a: the trump card|atk|1|[from] item: Liechi Berry
|
|upkeep
|turn|23
|
|t:|1743877509
|-terastallize|p2a: the trump card|Fighting
|move|p2a: the trump card|Reversal|p1a: Landorus
|-resisted|p1a: Landorus
|-damage|p1a: Landorus|0 fnt
|faint|p1a: Landorus
|
|upkeep
|
|t:|1743877521
|switch|p1a: Slowking|Slowking-Galar, M|100/100
|turn|24
|
|t:|1743877525
|move|p2a: the trump card|Reversal|p1a: Slowking
|-resisted|p1a: Slowking
|-damage|p1a: Slowking|47/100
|move|p1a: Slowking|Trick Room|p1a: Slowking
|-fieldstart|move: Trick Room|[of] p1a: Slowking
|
|-heal|p1a: Slowking|53/100|[from] item: Leftovers
|upkeep
|turn|25
|
|t:|1743877533
|move|p1a: Slowking|Sludge Bomb|p2a: the trump card
|-damage|p2a: the trump card|0 fnt
|faint|p2a: the trump card
|
|win|btagrere
|raw|btagrere's rating: 1159 &rarr; <strong>1182</strong><br />(+23 for winning)
|raw|chewfive's rating: 1135 &rarr; <strong>1112</strong><br />(-23 for losing)
|l|☆chewfive
|player|p2|
|l|☆btagrere
|player|p1|
