|j|☆some-piplup-fan
|j|☆Victeam1610
|t:|1743788063
|gametype|singles
|player|p1|some-piplup-fan|dawn|1133
|player|p2|Victeam1610|scientist|1094
|teamsize|p1|6
|teamsize|p2|6
|gen|9
|tier|[Gen 9] OU
|rated|
|rule|HP Percentage Mod: HP is shown in percentages
|rule|Endless Battle Clause: Forcing endless battles is banned
|rule|Species Clause: Limit one of each Pokémon
|rule|OHKO Clause: OHKO moves are banned
|rule|Evasion Items Clause: Evasion items are banned
|rule|Evasion Moves Clause: Evasion moves are banned
|rule|Sleep Moves Clause: Sleep-inducing moves are banned
|clearpoke
|poke|p1|Ogerpon-Wellspring, F|
|poke|p1|Pecharunt|
|poke|p1|Cinderace, M|
|poke|p1|Dragonite, M|
|poke|p1|Weavile, F|
|poke|p1|Lucario, M|
|poke|p2|Clodsire, M|
|poke|p2|Samurott-Hisui, M|
|poke|p2|Scizor, F|
|poke|p2|Raichu-Alola, M|
|poke|p2|Kyurem|
|poke|p2|Chandelure, F|
|teampreview
|inactive|Battle timer is ON: inactive players will automatically lose when time's up. (requested by Victeam1610)
|
|t:|1743788071
|start
|switch|p1a: Ogerpon|Ogerpon-Wellspring, F|100/100
|switch|p2a: Baxalibur|Kyurem, shiny|100/100
|-ability|p2a: Baxalibur|Pressure
|turn|1
|
|t:|1743788079
|move|p1a: Ogerpon|Protect|p1a: Ogerpon
|-singleturn|p1a: Ogerpon|Protect
|move|p2a: Baxalibur|Reflect|p2a: Baxalibur
|-sidestart|p2: Victeam1610|Reflect
|
|upkeep
|turn|2
|
|t:|1743788085
|move|p1a: Ogerpon|U-turn|p2a: Baxalibur
|-damage|p2a: Baxalibur|90/100
|
|t:|1743788095
|switch|p1a: Lucario|Lucario, M, shiny|100/100|[from] U-turn
|move|p2a: Baxalibur|Freeze-Dry|p1a: Lucario
|-resisted|p1a: Lucario
|-damage|p1a: Lucario|77/100
|
|upkeep
|turn|3
|
|t:|1743788105
|move|p1a: Lucario|Meteor Mash|p2a: Baxalibur
|-supereffective|p2a: Baxalibur
|-damage|p2a: Baxalibur|41/100
|-damage|p1a: Lucario|67/100|[from] item: Life Orb
|move|p2a: Baxalibur|Light Screen|p2a: Baxalibur
|-sidestart|p2: Victeam1610|move: Light Screen
|
|upkeep
|turn|4
|
|t:|1743788122
|switch|p2a: Chance-lier|Chandelure, F, shiny|100/100
|move|p1a: Lucario|Swords Dance|p1a: Lucario
|-boost|p1a: Lucario|atk|2
|
|upkeep
|turn|5
|
|t:|1743788145
|switch|p1a: Dragonite|Dragonite, M|100/100
|move|p2a: Chance-lier|Overheat|p1a: Dragonite
|-resisted|p1a: Dragonite
|-damage|p1a: Dragonite|62/100
|-unboost|p2a: Chance-lier|spa|2
|
|upkeep
|turn|6
|
|t:|1743788157
|switch|p2a: Roronoa|Samurott-Hisui, M|100/100
|switch|p1a: Weavile|Weavile, F|100/100
|-ability|p1a: Weavile|Pressure
|
|upkeep
|turn|7
|
|t:|1743788164
|move|p1a: Weavile|Fake Out|p2a: Roronoa
|-damage|p2a: Roronoa|92/100
|cant|p2a: Roronoa|flinch
|
|upkeep
|turn|8
|
|t:|1743788181
|move|p1a: Weavile|Knock Off|p2a: Roronoa
|-resisted|p2a: Roronoa
|-damage|p2a: Roronoa|76/100
|-enditem|p2a: Roronoa|Life Orb|[from] move: Knock Off|[of] p1a: Weavile
|move|p2a: Roronoa|Ceaseless Edge|p1a: Weavile|[miss]
|-miss|p2a: Roronoa|p1a: Weavile
|
|-sideend|p2: Victeam1610|Reflect
|upkeep
|turn|9
|
|t:|1743788192
|switch|p1a: Ogerpon|Ogerpon-Wellspring, F|100/100
|move|p2a: Roronoa|Ceaseless Edge|p1a: Ogerpon
|-damage|p1a: Ogerpon|39/100
|-sidestart|p1: some-piplup-fan|Spikes
|
|upkeep
|turn|10
|
|t:|1743788201
|move|p1a: Ogerpon|Horn Leech|p2a: Roronoa
|-supereffective|p2a: Roronoa
|-damage|p2a: Roronoa|0 fnt
|-heal|p1a: Ogerpon|79/100|[from] drain|[of] p2a: Roronoa
|faint|p2a: Roronoa
|
|-sideend|p2: Victeam1610|move: Light Screen
|upkeep
|
|t:|1743788206
|switch|p2a: Baxalibur|Kyurem, shiny|41/100
|-ability|p2a: Baxalibur|Pressure
|turn|11
|
|t:|1743788212
|move|p1a: Ogerpon|Ivy Cudgel|p2a: Baxalibur|[anim] Ivy Cudgel Water
|-resisted|p2a: Baxalibur
|-damage|p2a: Baxalibur|15/100
|move|p2a: Baxalibur|Freeze-Dry|p1a: Ogerpon
|-supereffective|p1a: Ogerpon
|-damage|p1a: Ogerpon|0 fnt
|faint|p1a: Ogerpon
|
|upkeep
|
|t:|1743788221
|switch|p1a: Dragonite|Dragonite, M|62/100
|turn|12
|
|t:|1743788235
|switch|p2a: Chance-lier|Chandelure, F, shiny|100/100
|-terastallize|p1a: Dragonite|Normal
|move|p1a: Dragonite|Extreme Speed|p2a: Chance-lier
|-immune|p2a: Chance-lier
|
|upkeep
|turn|13
|
|t:|1743788264
|switch|p1a: Pecharunt|Pecharunt|100/100
|-damage|p1a: Pecharunt|88/100|[from] Spikes
|move|p2a: Chance-lier|Shadow Ball|p1a: Pecharunt
|-supereffective|p1a: Pecharunt
|-damage|p1a: Pecharunt|0 fnt
|faint|p1a: Pecharunt
|
|upkeep
|
|t:|1743788272
|switch|p1a: Weavile|Weavile, F|100/100
|-damage|p1a: Weavile|88/100|[from] Spikes
|-ability|p1a: Weavile|Pressure
|turn|14
|
|t:|1743788278
|switch|p2a: Dame mante|Scizor, F, shiny|100/100
|move|p1a: Weavile|Substitute|p1a: Weavile
|-start|p1a: Weavile|Substitute
|-damage|p1a: Weavile|63/100
|
|upkeep
|turn|15
|
|t:|1743788286
|move|p2a: Dame mante|Bullet Punch|p1a: Weavile
|-supereffective|p1a: Weavile
|-end|p1a: Weavile|Substitute
|move|p1a: Weavile|Knock Off|p2a: Dame mante
|-damage|p2a: Dame mante|42/100
|-enditem|p2a: Dame mante|Choice Band|[from] move: Knock Off|[of] p1a: Weavile
|
|upkeep
|turn|16
|
|t:|1743788299
|move|p2a: Dame mante|Bullet Punch|p1a: Weavile
|-supereffective|p1a: Weavile
|-damage|p1a: Weavile|0 fnt
|faint|p1a: Weavile
|
|upkeep
|
|t:|1743788306
|switch|p1a: Dragonite|Dragonite, M, tera:Normal|62/100
|-damage|p1a: Dragonite|50/100|[from] Spikes
|turn|17
|
|t:|1743788318
|switch|p1a: Cinderace|Cinderace, M|100/100
|move|p2a: Dame mante|Bullet Punch|p1a: Cinderace
|-resisted|p1a: Cinderace
|-damage|p1a: Cinderace|77/100
|
|upkeep
|turn|18
|
|t:|1743788329
|switch|p2a: Non détestable|Clodsire, M|100/100
|move|p1a: Cinderace|Trailblaze|p2a: Non détestable
|-start|p1a: Cinderace|typechange|Grass|[from] ability: Libero
|-damage|p2a: Non détestable|72/100
|-boost|p1a: Cinderace|spe|1
|
|-heal|p2a: Non détestable|79/100|[from] item: Leftovers
|upkeep
|turn|19
|
|t:|1743788341
|move|p1a: Cinderace|U-turn|p2a: Non détestable
|-resisted|p2a: Non détestable
|-damage|p2a: Non détestable|67/100
|
|t:|1743788344
|switch|p1a: Dragonite|Dragonite, M, tera:Normal|50/100|[from] U-turn
|-damage|p1a: Dragonite|38/100|[from] Spikes
|move|p2a: Non détestable|Earthquake|p1a: Dragonite
|-damage|p1a: Dragonite|13/100
|
|-heal|p2a: Non détestable|73/100|[from] item: Leftovers
|upkeep
|turn|20
|inactive|Victeam1610 has 120 seconds left.
|
|t:|1743788380
|move|p1a: Dragonite|Extreme Speed|p2a: Non détestable
|-damage|p2a: Non détestable|0 fnt
|faint|p2a: Non détestable
|
|upkeep
|
|t:|1743788385
|switch|p2a: Chance-lier|Chandelure, F, shiny|100/100
|turn|21
|inactive|Victeam1610 has 120 seconds left.
|
|t:|1743788412
|switch|p1a: Cinderace|Cinderace, M|77/100
|move|p2a: Chance-lier|Overheat|p1a: Cinderace
|-resisted|p1a: Cinderace
|-damage|p1a: Cinderace|14/100
|-unboost|p2a: Chance-lier|spa|2
|
|upkeep
|turn|22
|
|t:|1743788425
|move|p1a: Cinderace|Pyro Ball|p2a: Chance-lier|[miss]
|-miss|p1a: Cinderace|p2a: Chance-lier
|move|p2a: Chance-lier|Overheat|p1a: Cinderace
|-resisted|p1a: Cinderace
|-damage|p1a: Cinderace|0 fnt
|-unboost|p2a: Chance-lier|spa|2
|faint|p1a: Cinderace
|
|upkeep
|
|t:|1743788433
|switch|p1a: Lucario|Lucario, M, shiny|67/100
|-damage|p1a: Lucario|55/100|[from] Spikes
|turn|23
|
|t:|1743788439
|switch|p2a: Abdou|Raichu-Alola, M, shiny|100/100
|move|p1a: Lucario|High Jump Kick|p2a: Abdou
|-resisted|p2a: Abdou
|-damage|p2a: Abdou|18/100
|-damage|p1a: Lucario|45/100|[from] item: Life Orb
|
|upkeep
|turn|24
|inactive|Victeam1610 has 120 seconds left.
|
|t:|1743788448
|move|p2a: Abdou|Psychic|p1a: Lucario
|-damage|p1a: Lucario|0 fnt
|faint|p1a: Lucario
|
|upkeep
|
|t:|1743788451
|switch|p1a: Dragonite|Dragonite, M, tera:Normal|13/100
|-damage|p1a: Dragonite|0 fnt|[from] Spikes
|faint|p1a: Dragonite
|
|win|Victeam1610
|raw|some-piplup-fan's rating: 1133 &rarr; <strong>1105</strong><br />(-28 for losing)
|raw|Victeam1610's rating: 1094 &rarr; <strong>1123</strong><br />(+29 for winning)
|l|☆Victeam1610
|player|p2|
|l|☆some-piplup-fan
|player|p1|
