|j|☆sardinerobin21
|j|☆123lyf
|t:|1743844283
|gametype|singles
|player|p1|sardinerobin21|266|1289
|player|p2|123lyf|265|1249
|teamsize|p1|6
|teamsize|p2|6
|gen|9
|tier|[Gen 9] OU
|rated|
|rule|HP Percentage Mod: HP is shown in percentages
|rule|Endless Battle Clause: Forcing endless battles is banned
|rule|Species Clause: Limit one of each Pokémon
|rule|OHKO Clause: OHKO moves are banned
|rule|Evasion Items Clause: Evasion items are banned
|rule|Evasion Moves Clause: Evasion moves are banned
|rule|Sleep Moves Clause: Sleep-inducing moves are banned
|clearpoke
|poke|p1|Rillaboom, F|
|poke|p1|Alomomola, F|
|poke|p1|Tinkaton, F|
|poke|p1|Great Tusk|
|poke|p1|Dragapult, M|
|poke|p1|Bellibolt, M|
|poke|p2|Araquanid, M|
|poke|p2|Dragapult, M|
|poke|p2|Great Tusk|
|poke|p2|Kingambit, F|
|poke|p2|Primarina, F|
|poke|p2|Gholdengo|
|teampreview
|inactive|Battle timer is ON: inactive players will automatically lose when time's up. (requested by 123lyf)
|
|t:|1743844298
|start
|switch|p1a: RAGNAROK|Tinkaton, F|100/100
|switch|p2a: Araquanid|Araquanid, M|100/100
|-item|p1a: RAGNAROK|Air Balloon
|turn|1
|
|t:|1743844312
|move|p1a: RAGNAROK|Stealth Rock|p2a: Araquanid
|-sidestart|p2: 123lyf|move: Stealth Rock
|move|p2a: Araquanid|Sticky Web|p1a: RAGNAROK
|-sidestart|p1: sardinerobin21|move: Sticky Web
|
|upkeep
|turn|2
|
|t:|1743844317
|move|p1a: RAGNAROK|Encore|p2a: Araquanid
|-start|p2a: Araquanid|Encore
|move|p2a: Araquanid|Sticky Web||[still]
|-fail|p2a: Araquanid
|
|upkeep
|turn|3
|
|t:|1743844332
|switch|p1a: ASAC TANK SCHRADER|Great Tusk|100/100
|switch|p2a: Great Tusk|Great Tusk|100/100
|-damage|p2a: Great Tusk|98/100|[from] Stealth Rock
|-enditem|p2a: Great Tusk|Booster Energy
|-activate|p2a: Great Tusk|ability: Protosynthesis|[fromitem]
|-start|p2a: Great Tusk|protosynthesisatk
|
|upkeep
|turn|4
|
|t:|1743844341
|move|p1a: ASAC TANK SCHRADER|Ice Spinner|p2a: Great Tusk
|-supereffective|p2a: Great Tusk
|-damage|p2a: Great Tusk|57/100
|move|p2a: Great Tusk|Ice Spinner|p1a: ASAC TANK SCHRADER
|-supereffective|p1a: ASAC TANK SCHRADER
|-crit|p1a: ASAC TANK SCHRADER
|-damage|p1a: ASAC TANK SCHRADER|12/100
|
|upkeep
|turn|5
|inactive|123lyf has 120 seconds left.
|
|t:|1743844373
|-end|p1a: ASAC TANK SCHRADER|Protosynthesis|[silent]
|switch|p1a: SHAMONEAMOLA|Alomomola, F|100/100
|move|p2a: Great Tusk|Headlong Rush|p1a: SHAMONEAMOLA
|-damage|p1a: SHAMONEAMOLA|46/100
|-unboost|p2a: Great Tusk|def|1
|-unboost|p2a: Great Tusk|spd|1
|
|upkeep
|turn|6
|
|t:|1743844384
|switch|p1a: RAGNAROK|Tinkaton, F|100/100
|-item|p1a: RAGNAROK|Air Balloon
|move|p2a: Great Tusk|Stealth Rock|p1a: RAGNAROK
|-sidestart|p1: sardinerobin21|move: Stealth Rock
|
|upkeep
|turn|7
|
|t:|1743844401
|move|p2a: Great Tusk|Close Combat|p1a: RAGNAROK
|-damage|p1a: RAGNAROK|0 fnt
|-unboost|p2a: Great Tusk|def|1
|-unboost|p2a: Great Tusk|spd|1
|-enditem|p1a: RAGNAROK|Air Balloon
|faint|p1a: RAGNAROK
|
|upkeep
|
|t:|1743844411
|switch|p1a: ASAC TANK SCHRADER|Great Tusk|12/100
|turn|8
|inactive|123lyf has 120 seconds left.
|c|☆sardinerobin21|speed tie pls
|
|t:|1743844450
|-end|p2a: Great Tusk|Protosynthesis|[silent]
|switch|p2a: Araquanid|Araquanid, M|100/100
|-damage|p2a: Araquanid|76/100|[from] Stealth Rock
|move|p1a: ASAC TANK SCHRADER|Headlong Rush|p2a: Araquanid
|-resisted|p2a: Araquanid
|-damage|p2a: Araquanid|40/100
|-unboost|p1a: ASAC TANK SCHRADER|def|1
|-unboost|p1a: ASAC TANK SCHRADER|spd|1
|-enditem|p2a: Araquanid|Red Card|[of] p1a: ASAC TANK SCHRADER
|-end|p1a: ASAC TANK SCHRADER|Protosynthesis|[silent]
|drag|p1a: Bellibolt|Bellibolt, M|100/100
|-activate|p1a: Bellibolt|move: Sticky Web
|-unboost|p1a: Bellibolt|spe|1
|-damage|p1a: Bellibolt|88/100|[from] Stealth Rock
|
|-heal|p1a: Bellibolt|94/100|[from] item: Leftovers
|upkeep
|turn|9
|
|t:|1743844468
|move|p2a: Araquanid|Leech Life|p1a: Bellibolt
|-damage|p1a: Bellibolt|74/100
|-heal|p2a: Araquanid|53/100|[from] drain|[of] p1a: Bellibolt
|-start|p1a: Bellibolt|Charge|Leech Life|[from] ability: Electromorphosis
|move|p1a: Bellibolt|Toxic|p2a: Araquanid
|-status|p2a: Araquanid|tox
|
|-heal|p1a: Bellibolt|81/100|[from] item: Leftovers
|-damage|p2a: Araquanid|47/100 tox|[from] psn
|upkeep
|turn|10
|
|t:|1743844477
|move|p2a: Araquanid|Liquidation|p1a: Bellibolt
|-damage|p1a: Bellibolt|40/100
|-start|p1a: Bellibolt|Charge|Liquidation|[from] ability: Electromorphosis
|move|p1a: Bellibolt|Soak|p2a: Araquanid
|-start|p2a: Araquanid|typechange|Water
|
|-heal|p1a: Bellibolt|46/100|[from] item: Leftovers
|-damage|p2a: Araquanid|34/100 tox|[from] psn
|upkeep
|turn|11
|
|t:|1743844481
|move|p2a: Araquanid|Liquidation|p1a: Bellibolt
|-damage|p1a: Bellibolt|3/100
|-start|p1a: Bellibolt|Charge|Liquidation|[from] ability: Electromorphosis
|move|p1a: Bellibolt|Slack Off|p1a: Bellibolt
|-heal|p1a: Bellibolt|53/100
|
|-heal|p1a: Bellibolt|59/100|[from] item: Leftovers
|-damage|p2a: Araquanid|16/100 tox|[from] psn
|upkeep
|turn|12
|
|t:|1743844488
|move|p2a: Araquanid|Liquidation|p1a: Bellibolt
|-damage|p1a: Bellibolt|21/100
|-start|p1a: Bellibolt|Charge|Liquidation|[from] ability: Electromorphosis
|move|p1a: Bellibolt|Slack Off|p1a: Bellibolt
|-heal|p1a: Bellibolt|71/100
|
|-heal|p1a: Bellibolt|77/100|[from] item: Leftovers
|-damage|p2a: Araquanid|0 fnt|[from] psn
|faint|p2a: Araquanid
|upkeep
|inactive|123lyf has 120 seconds left.
|
|t:|1743844499
|switch|p2a: Dragapult|Dragapult, M|100/100
|-damage|p2a: Dragapult|88/100|[from] Stealth Rock
|turn|13
|inactive|123lyf has 120 seconds left.
|
|t:|1743844530
|move|p2a: Dragapult|Dragon Darts|p1a: Bellibolt
|-damage|p1a: Bellibolt|50/100
|-start|p1a: Bellibolt|Charge|Dragon Darts|[from] ability: Electromorphosis
|-anim|p2a: Dragapult|Dragon Darts|p1a: Bellibolt
|-damage|p1a: Bellibolt|24/100
|-start|p1a: Bellibolt|Charge|Dragon Darts|[from] ability: Electromorphosis
|move|p1a: Bellibolt|Toxic|p2a: Dragapult
|-status|p2a: Dragapult|tox
|
|-heal|p1a: Bellibolt|30/100|[from] item: Leftovers
|-damage|p2a: Dragapult|82/100 tox|[from] psn
|upkeep
|turn|14
|
|t:|1743844554
|switch|p1a: SHAMONEAMOLA|Alomomola, F|79/100
|move|p2a: Dragapult|Dragon Darts|p1a: SHAMONEAMOLA
|-crit|p1a: SHAMONEAMOLA
|-damage|p1a: SHAMONEAMOLA|41/100
|-anim|p2a: Dragapult|Dragon Darts|p1a: SHAMONEAMOLA
|-damage|p1a: SHAMONEAMOLA|17/100
|
|-damage|p2a: Dragapult|70/100 tox|[from] psn
|upkeep
|turn|15
|
|t:|1743844561
|move|p1a: SHAMONEAMOLA|Protect|p1a: SHAMONEAMOLA
|-singleturn|p1a: SHAMONEAMOLA|Protect
|move|p2a: Dragapult|Dragon Darts|p1a: SHAMONEAMOLA
|-activate|p1a: SHAMONEAMOLA|move: Protect
|
|-damage|p2a: Dragapult|52/100 tox|[from] psn
|upkeep
|turn|16
|
|t:|1743844573
|switch|p1a: Bellibolt|Bellibolt, M|30/100
|-activate|p1a: Bellibolt|move: Sticky Web
|-unboost|p1a: Bellibolt|spe|1
|-damage|p1a: Bellibolt|18/100|[from] Stealth Rock
|move|p2a: Dragapult|Dragon Darts|p1a: Bellibolt
|-damage|p1a: Bellibolt|0 fnt
|faint|p1a: Bellibolt
|
|-damage|p2a: Dragapult|28/100 tox|[from] psn
|upkeep
|
|t:|1743844592
|switch|p1a: METRO BOOMER|Rillaboom, F|100/100
|-activate|p1a: METRO BOOMER|move: Sticky Web
|-unboost|p1a: METRO BOOMER|spe|1
|-damage|p1a: METRO BOOMER|88/100|[from] Stealth Rock
|-fieldstart|move: Grassy Terrain|[from] ability: Grassy Surge|[of] p1a: METRO BOOMER
|turn|17
|
|t:|1743844603
|switch|p2a: Kingambit|Kingambit, F|100/100
|-damage|p2a: Kingambit|94/100|[from] Stealth Rock
|-activate|p2a: Kingambit|ability: Supreme Overlord
|-start|p2a: Kingambit|fallen1|[silent]
|move|p1a: METRO BOOMER|Grassy Glide|p2a: Kingambit
|-resisted|p2a: Kingambit
|-damage|p2a: Kingambit|73/100
|
|-heal|p1a: METRO BOOMER|94/100|[from] Grassy Terrain
|-heal|p2a: Kingambit|79/100|[from] Grassy Terrain
|upkeep
|turn|18
|
|t:|1743844614
|switch|p1a: SHAMONEAMOLA|Alomomola, F|50/100
|move|p2a: Kingambit|Kowtow Cleave|p1a: SHAMONEAMOLA
|-damage|p1a: SHAMONEAMOLA|7/100
|
|-heal|p2a: Kingambit|85/100|[from] Grassy Terrain
|-heal|p1a: SHAMONEAMOLA|13/100|[from] Grassy Terrain
|upkeep
|turn|19
|inactive|123lyf has 120 seconds left.
|
|t:|1743844632
|move|p2a: Kingambit|Swords Dance|p2a: Kingambit
|-boost|p2a: Kingambit|atk|2
|move|p1a: SHAMONEAMOLA|Tickle|p2a: Kingambit
|-unboost|p2a: Kingambit|atk|1
|-unboost|p2a: Kingambit|def|1
|
|-heal|p2a: Kingambit|91/100|[from] Grassy Terrain
|-heal|p1a: SHAMONEAMOLA|19/100|[from] Grassy Terrain
|upkeep
|turn|20
|inactive|123lyf has 120 seconds left.
|
|t:|1743844647
|move|p2a: Kingambit|Kowtow Cleave|p1a: SHAMONEAMOLA
|-damage|p1a: SHAMONEAMOLA|0 fnt
|faint|p1a: SHAMONEAMOLA
|
|-heal|p2a: Kingambit|98/100|[from] Grassy Terrain
|upkeep
|inactive|sardinerobin21 has 120 seconds left.
|
|t:|1743844700
|switch|p1a: ASAC TANK SCHRADER|Great Tusk|12/100
|turn|21
|
|t:|1743844707
|move|p2a: Kingambit|Sucker Punch|p1a: ASAC TANK SCHRADER
|-resisted|p1a: ASAC TANK SCHRADER
|-damage|p1a: ASAC TANK SCHRADER|0 fnt
|faint|p1a: ASAC TANK SCHRADER
|-end|p1a: ASAC TANK SCHRADER|Protosynthesis|[silent]
|
|-heal|p2a: Kingambit|100/100|[from] Grassy Terrain
|-fieldend|move: Grassy Terrain
|upkeep
|
|t:|1743844725
|switch|p1a: NIGHTWING|Dragapult, M|100/100
|-activate|p1a: NIGHTWING|move: Sticky Web
|-unboost|p1a: NIGHTWING|spe|1
|-damage|p1a: NIGHTWING|88/100|[from] Stealth Rock
|turn|22
|
|t:|1743844732
|move|p2a: Kingambit|Sucker Punch|p1a: NIGHTWING
|-supereffective|p1a: NIGHTWING
|-damage|p1a: NIGHTWING|0 fnt
|faint|p1a: NIGHTWING
|
|upkeep
|-message|sardinerobin21 forfeited.
|
|win|123lyf
|raw|sardinerobin21's rating: 1289 &rarr; <strong>1261</strong><br />(-28 for losing)
|raw|123lyf's rating: 1249 &rarr; <strong>1277</strong><br />(+28 for winning)
|l|☆sardinerobin21
|player|p1|
|l|☆123lyf
|player|p2|
