|j|☆sleep or study
|j|☆1WunnaGunna
|t:|1743825550
|gametype|singles
|player|p1|sleep or study|265|1193
|player|p2|1WunnaGunna|unknown|1132
|teamsize|p1|6
|teamsize|p2|6
|gen|9
|tier|[Gen 9] OU
|rated|
|rule|HP Percentage Mod: HP is shown in percentages
|rule|Endless Battle Clause: Forcing endless battles is banned
|rule|Species Clause: Limit one of each Pokémon
|rule|OHKO Clause: OHKO moves are banned
|rule|Evasion Items Clause: Evasion items are banned
|rule|Evasion Moves Clause: Evasion moves are banned
|rule|Sleep Moves Clause: Sleep-inducing moves are banned
|clearpoke
|poke|p1|Glimmora, F|
|poke|p1|Zamazenta-*|
|poke|p1|Latias, F|
|poke|p1|Gholdengo|
|poke|p1|Dragonite, M|
|poke|p1|Weavile, F|
|poke|p2|Decidueye-Hisui, M|
|poke|p2|Heatran, M|
|poke|p2|Ceruledge, M|
|poke|p2|Hydreigon, M|
|poke|p2|Espeon, F|
|poke|p2|Iron Moth|
|teampreview
|inactive|Battle timer is ON: inactive players will automatically lose when time's up. (requested by 1WunnaGunna)
|
|t:|1743825579
|start
|switch|p1a: Glimmora|Glimmora, F|100/100
|switch|p2a: Uzi|Espeon, F, shiny|100/100
|turn|1
|
|t:|1743825592
|move|p2a: Uzi|Psyshock|p1a: Glimmora
|-supereffective|p1a: Glimmora
|-damage|p1a: Glimmora|26/100
|-enditem|p1a: Glimmora|Red Card|[of] p2a: Uzi
|drag|p2a: JEFFERY|Decidueye-Hisui, M, shiny|100/100
|move|p1a: Glimmora|Power Gem|p2a: JEFFERY
|-resisted|p2a: JEFFERY
|-damage|p2a: JEFFERY|89/100
|
|upkeep
|turn|2
|
|t:|1743825606
|switch|p1a: Weavile|Weavile, F|100/100
|switch|p2a: Uzi|Espeon, F, shiny|100/100
|
|upkeep
|turn|3
|
|t:|1743825615
|switch|p2a: Vulcan|Heatran, M|100/100
|move|p1a: Weavile|Knock Off|p2a: Vulcan
|-damage|p2a: Vulcan|57/100
|-enditem|p2a: Vulcan|Leftovers|[from] move: Knock Off|[of] p1a: Weavile
|-damage|p1a: Weavile|91/100|[from] item: Life Orb
|
|upkeep
|turn|4
|
|t:|1743825634
|switch|p1a: Latias|Latias, F|100/100
|move|p2a: Vulcan|Stealth Rock|p1a: Latias
|-sidestart|p1: sleep or study|move: Stealth Rock
|
|upkeep
|turn|5
|
|t:|1743825652
|switch|p2a: Uzi|Espeon, F, shiny|100/100
|move|p1a: Latias|Agility|p1a: Latias
|-boost|p1a: Latias|spe|2
|
|upkeep
|turn|6
|
|t:|1743825657
|move|p1a: Latias|Calm Mind|p1a: Latias
|-boost|p1a: Latias|spa|1
|-boost|p1a: Latias|spd|1
|move|p2a: Uzi|Shadow Ball|p1a: Latias
|-supereffective|p1a: Latias
|-damage|p1a: Latias|72/100
|
|-heal|p1a: Latias|78/100|[from] item: Leftovers
|upkeep
|turn|7
|
|t:|1743825667
|move|p1a: Latias|Calm Mind|p1a: Latias
|-boost|p1a: Latias|spa|1
|-boost|p1a: Latias|spd|1
|move|p2a: Uzi|Shadow Ball|p1a: Latias
|-supereffective|p1a: Latias
|-damage|p1a: Latias|56/100
|
|-heal|p1a: Latias|62/100|[from] item: Leftovers
|upkeep
|turn|8
|
|t:|1743825675
|move|p1a: Latias|Calm Mind|p1a: Latias
|-boost|p1a: Latias|spa|1
|-boost|p1a: Latias|spd|1
|move|p2a: Uzi|Shadow Ball|p1a: Latias
|-supereffective|p1a: Latias
|-damage|p1a: Latias|43/100
|
|-heal|p1a: Latias|50/100|[from] item: Leftovers
|upkeep
|turn|9
|
|t:|1743825681
|move|p1a: Latias|Draining Kiss|p2a: Uzi
|-damage|p2a: Uzi|55/100
|-heal|p1a: Latias|76/100|[from] drain|[of] p2a: Uzi
|move|p2a: Uzi|Shadow Ball|p1a: Latias
|-supereffective|p1a: Latias
|-damage|p1a: Latias|57/100
|-unboost|p1a: Latias|spd|1
|
|-heal|p1a: Latias|63/100|[from] item: Leftovers
|upkeep
|turn|10
|
|t:|1743825687
|move|p1a: Latias|Draining Kiss|p2a: Uzi
|-damage|p2a: Uzi|14/100
|-heal|p1a: Latias|87/100|[from] drain|[of] p2a: Uzi
|move|p2a: Uzi|Shadow Ball|p1a: Latias
|-supereffective|p1a: Latias
|-damage|p1a: Latias|64/100
|
|-heal|p1a: Latias|70/100|[from] item: Leftovers
|upkeep
|turn|11
|
|t:|1743825697
|move|p1a: Latias|Calm Mind|p1a: Latias
|-boost|p1a: Latias|spa|1
|-boost|p1a: Latias|spd|1
|move|p2a: Uzi|Shadow Ball|p1a: Latias
|-supereffective|p1a: Latias
|-damage|p1a: Latias|51/100
|-unboost|p1a: Latias|spd|1
|
|-heal|p1a: Latias|57/100|[from] item: Leftovers
|upkeep
|turn|12
|
|t:|1743825704
|move|p1a: Latias|Draining Kiss|p2a: Uzi
|-damage|p2a: Uzi|0 fnt
|-heal|p1a: Latias|65/100|[from] drain|[of] p2a: Uzi
|faint|p2a: Uzi
|
|-heal|p1a: Latias|72/100|[from] item: Leftovers
|upkeep
|
|t:|1743825707
|switch|p2a: Benimaru|Ceruledge, M, shiny|100/100
|turn|13
|
|t:|1743825720
|-terastallize|p1a: Latias|Fairy
|move|p1a: Latias|Stored Power|p2a: Benimaru
|-enditem|p2a: Benimaru|Focus Sash
|-damage|p2a: Benimaru|1/100
|move|p2a: Benimaru|Swords Dance|p2a: Benimaru
|-boost|p2a: Benimaru|atk|2
|
|-heal|p1a: Latias|78/100|[from] item: Leftovers
|upkeep
|turn|14
|
|t:|1743825731
|move|p2a: Benimaru|Shadow Sneak|p1a: Latias
|-damage|p1a: Latias|39/100
|move|p1a: Latias|Stored Power|p2a: Benimaru
|-damage|p2a: Benimaru|0 fnt
|faint|p2a: Benimaru
|
|-heal|p1a: Latias|46/100|[from] item: Leftovers
|upkeep
|
|t:|1743825755
|switch|p2a: Veldanava|Hydreigon, M|100/100
|turn|15
|inactive|1WunnaGunna has 120 seconds left.
|
|t:|1743825772
|-terastallize|p2a: Veldanava|Steel
|move|p1a: Latias|Draining Kiss|p2a: Veldanava
|-resisted|p2a: Veldanava
|-damage|p2a: Veldanava|62/100
|-heal|p1a: Latias|72/100|[from] drain|[of] p2a: Veldanava
|move|p2a: Veldanava|Crunch|p1a: Latias
|-resisted|p1a: Latias
|-damage|p1a: Latias|53/100
|-unboost|p1a: Latias|def|1
|
|-heal|p1a: Latias|60/100|[from] item: Leftovers
|upkeep
|turn|16
|-message|1WunnaGunna forfeited.
|
|win|sleep or study
|raw|sleep or study's rating: 1193 &rarr; <strong>1214</strong><br />(+21 for winning)
|raw|1WunnaGunna's rating: 1132 &rarr; <strong>1111</strong><br />(-21 for losing)
|l|☆1WunnaGunna
|player|p2|
|l|☆sleep or study
|player|p1|
