|j|☆apoiguespm
|j|☆Trainer #39
|t:|1743863629
|gametype|singles
|player|p1|apoiguespm|169|1742
|player|p2|Trainer #39|pokemonbreeder|1756
|teamsize|p1|6
|teamsize|p2|6
|gen|9
|tier|[Gen 9] OU
|rated|
|rule|HP Percentage Mod: HP is shown in percentages
|rule|Endless Battle Clause: Forcing endless battles is banned
|rule|Species Clause: Limit one of each Pokémon
|rule|OHKO Clause: OHKO moves are banned
|rule|Evasion Items Clause: Evasion items are banned
|rule|Evasion Moves Clause: Evasion moves are banned
|rule|Sleep Moves Clause: Sleep-inducing moves are banned
|clearpoke
|poke|p1|Kingambit, M|
|poke|p1|Iron Valiant|
|poke|p1|Gholdengo|
|poke|p1|Samurott-Hisui, F|
|poke|p1|Landorus-Therian, M|
|poke|p1|Iron Moth|
|poke|p2|Blissey, F|
|poke|p2|Corviknight, F|
|poke|p2|Dondozo, M|
|poke|p2|Gliscor, M|
|poke|p2|Clefable, M|
|poke|p2|Slowking-Galar, M|
|teampreview
|inactive|Battle timer is ON: inactive players will automatically lose when time's up. (requested by apoiguespm)
|
|t:|1743863649
|start
|switch|p1a: Samurott|Samurott-Hisui, F, shiny|100/100
|switch|p2a: 🇮🇱=ter*orists|Gliscor, M|100/100
|turn|1
|l|☆apoiguespm
|inactive|apoiguespm disconnected and has a minute to reconnect!
|player|p1|
|j|☆apoiguespm
|inactive|apoiguespm reconnected and has 135 seconds left.
|player|p1|apoiguespm|169|
|
|t:|1743863669
|move|p2a: 🇮🇱=ter*orists|Protect|p2a: 🇮🇱=ter*orists
|-singleturn|p2a: 🇮🇱=ter*orists|Protect
|move|p1a: Samurott|Ceaseless Edge|p2a: 🇮🇱=ter*orists
|-activate|p2a: 🇮🇱=ter*orists|move: Protect
|
|-status|p2a: 🇮🇱=ter*orists|tox|[from] item: Toxic Orb
|upkeep
|turn|2
|
|t:|1743863673
|move|p1a: Samurott|Ceaseless Edge|p2a: 🇮🇱=ter*orists
|-damage|p2a: 🇮🇱=ter*orists|78/100 tox
|-sidestart|p2: Trainer #39|Spikes
|move|p2a: 🇮🇱=ter*orists|Toxic|p1a: Samurott
|-status|p1a: Samurott|tox
|
|-damage|p1a: Samurott|94/100 tox|[from] psn
|-heal|p2a: 🇮🇱=ter*orists|90/100 tox|[from] ability: Poison Heal
|upkeep
|turn|3
|
|t:|1743863677
|move|p1a: Samurott|Ceaseless Edge|p2a: 🇮🇱=ter*orists
|-damage|p2a: 🇮🇱=ter*orists|69/100 tox
|-sidestart|p2: Trainer #39|Spikes
|move|p2a: 🇮🇱=ter*orists|Earthquake|p1a: Samurott
|-damage|p1a: Samurott|58/100 tox
|
|-damage|p1a: Samurott|46/100 tox|[from] psn
|-heal|p2a: 🇮🇱=ter*orists|81/100 tox|[from] ability: Poison Heal
|upkeep
|turn|4
|
|t:|1743863681
|move|p2a: 🇮🇱=ter*orists|Protect|p2a: 🇮🇱=ter*orists
|-singleturn|p2a: 🇮🇱=ter*orists|Protect
|move|p1a: Samurott|Ceaseless Edge|p2a: 🇮🇱=ter*orists
|-activate|p2a: 🇮🇱=ter*orists|move: Protect
|
|-damage|p1a: Samurott|27/100 tox|[from] psn
|-heal|p2a: 🇮🇱=ter*orists|93/100 tox|[from] ability: Poison Heal
|upkeep
|turn|5
|
|t:|1743863684
|move|p1a: Samurott|Ice Beam|p2a: 🇮🇱=ter*orists
|-supereffective|p2a: 🇮🇱=ter*orists
|-damage|p2a: 🇮🇱=ter*orists|0 fnt
|faint|p2a: 🇮🇱=ter*orists
|
|-damage|p1a: Samurott|2/100 tox|[from] psn
|upkeep
|
|t:|1743863689
|switch|p2a: Charli xcx|Clefable, M|100/100
|turn|6
|
|t:|1743863690
|move|p2a: Charli xcx|Protect|p2a: Charli xcx
|-singleturn|p2a: Charli xcx|Protect
|move|p1a: Samurott|Ceaseless Edge|p2a: Charli xcx
|-activate|p2a: Charli xcx|move: Protect
|
|-damage|p1a: Samurott|0 fnt|[from] psn
|faint|p1a: Samurott
|upkeep
|
|t:|1743863696
|switch|p1a: Gholdengo|Gholdengo, shiny|100/100
|turn|7
|
|t:|1743863700
|switch|p2a: Kanye|Slowking-Galar, M|100/100
|-damage|p2a: Kanye|84/100|[from] Spikes
|move|p1a: Gholdengo|Make It Rain|p2a: Kanye
|-damage|p2a: Kanye|4/100
|-unboost|p1a: Gholdengo|spa|1
|
|upkeep
|turn|8
|
|t:|1743863711
|switch|p1a: Iron Moth|Iron Moth|100/100
|-enditem|p1a: Iron Moth|Booster Energy
|-activate|p1a: Iron Moth|ability: Quark Drive|[fromitem]
|-start|p1a: Iron Moth|quarkdrivespe
|switch|p2a: BIRDS OF A FEATHER|Corviknight, F|100/100
|-ability|p2a: BIRDS OF A FEATHER|Pressure
|
|upkeep
|turn|9
|j| DozoTheGozo
|
|t:|1743863714
|switch|p2a: brat|Blissey, F|100/100
|move|p1a: Iron Moth|Fiery Dance|p2a: brat
|-damage|p2a: brat|87/100
|
|upkeep
|turn|10
|
|t:|1743863716
|move|p1a: Iron Moth|Fiery Dance|p2a: brat
|-damage|p2a: brat|74/100
|move|p2a: brat|Stealth Rock|p1a: Iron Moth
|-sidestart|p1: apoiguespm|move: Stealth Rock
|
|upkeep
|turn|11
|
|t:|1743863718
|move|p1a: Iron Moth|Fiery Dance|p2a: brat
|-damage|p2a: brat|60/100
|-boost|p1a: Iron Moth|spa|1
|move|p2a: brat|Calm Mind|p2a: brat
|-boost|p2a: brat|spa|1
|-boost|p2a: brat|spd|1
|
|upkeep
|turn|12
|
|t:|1743863720
|move|p1a: Iron Moth|Fiery Dance|p2a: brat
|-damage|p2a: brat|46/100
|move|p2a: brat|Soft-Boiled|p2a: brat
|-heal|p2a: brat|96/100
|
|upkeep
|turn|13
|
|t:|1743863722
|-end|p1a: Iron Moth|Quark Drive|[silent]
|switch|p1a: Landorus|Landorus-Therian, M|100/100
|-damage|p1a: Landorus|88/100|[from] Stealth Rock
|-ability|p1a: Landorus|Intimidate|boost
|-unboost|p2a: brat|atk|1
|move|p2a: brat|Calm Mind|p2a: brat
|-boost|p2a: brat|spa|1
|-boost|p2a: brat|spd|1
|
|upkeep
|turn|14
|
|t:|1743863725
|switch|p2a: BIRDS OF A FEATHER|Corviknight, F|100/100
|-ability|p2a: BIRDS OF A FEATHER|Pressure
|move|p1a: Landorus|Stealth Rock|p2a: BIRDS OF A FEATHER
|-sidestart|p2: Trainer #39|move: Stealth Rock
|
|upkeep
|turn|15
|
|t:|1743863728
|switch|p1a: Gholdengo|Gholdengo, shiny|100/100
|-damage|p1a: Gholdengo|94/100|[from] Stealth Rock
|move|p2a: BIRDS OF A FEATHER|Defog|p1a: Gholdengo
|-immune|p1a: Gholdengo|[from] ability: Good as Gold
|
|upkeep
|turn|16
|j| linkin_at
|
|t:|1743863739
|move|p1a: Gholdengo|Focus Blast|p2a: BIRDS OF A FEATHER|[miss]
|-miss|p1a: Gholdengo|p2a: BIRDS OF A FEATHER
|move|p2a: BIRDS OF A FEATHER|U-turn|p1a: Gholdengo
|-resisted|p1a: Gholdengo
|-crit|p1a: Gholdengo
|-damage|p1a: Gholdengo|88/100
|
|t:|1743863743
|switch|p2a: brat|Blissey, F|96/100|[from] U-turn
|
|upkeep
|turn|17
|
|t:|1743863749
|switch|p1a: Kingambit|Kingambit, M, shiny|100/100
|-damage|p1a: Kingambit|94/100|[from] Stealth Rock
|-activate|p1a: Kingambit|ability: Supreme Overlord
|-start|p1a: Kingambit|fallen1|[silent]
|move|p2a: brat|Shadow Ball|p1a: Kingambit
|-resisted|p1a: Kingambit
|-damage|p1a: Kingambit|87/100
|
|-heal|p1a: Kingambit|94/100|[from] item: Leftovers
|upkeep
|turn|18
|
|t:|1743863753
|switch|p2a: BIRDS OF A FEATHER|Corviknight, F|100/100
|-damage|p2a: BIRDS OF A FEATHER|88/100|[from] Stealth Rock
|-ability|p2a: BIRDS OF A FEATHER|Pressure
|move|p1a: Kingambit|Kowtow Cleave|p2a: BIRDS OF A FEATHER
|-damage|p2a: BIRDS OF A FEATHER|53/100
|-damage|p1a: Kingambit|77/100|[from] item: Rocky Helmet|[of] p2a: BIRDS OF A FEATHER
|
|-heal|p1a: Kingambit|83/100|[from] item: Leftovers
|upkeep
|turn|19
|
|t:|1743863761
|-end|p1a: Kingambit|fallen1|[silent]
|switch|p1a: Gholdengo|Gholdengo, shiny|88/100
|-damage|p1a: Gholdengo|82/100|[from] Stealth Rock
|move|p2a: BIRDS OF A FEATHER|Roost|p2a: BIRDS OF A FEATHER
|-heal|p2a: BIRDS OF A FEATHER|100/100
|-singleturn|p2a: BIRDS OF A FEATHER|move: Roost
|
|upkeep
|turn|20
|
|t:|1743863765
|switch|p2a: brat|Blissey, F|96/100
|move|p1a: Gholdengo|Shadow Ball|p2a: brat
|-immune|p2a: brat
|
|upkeep
|turn|21
|
|t:|1743863769
|switch|p1a: Landorus|Landorus-Therian, M|88/100
|-damage|p1a: Landorus|76/100|[from] Stealth Rock
|-ability|p1a: Landorus|Intimidate|boost
|-unboost|p2a: brat|atk|1
|move|p2a: brat|Shadow Ball|p1a: Landorus
|-damage|p1a: Landorus|59/100
|
|upkeep
|turn|22
|
|t:|1743863773
|switch|p2a: BIRDS OF A FEATHER|Corviknight, F|100/100
|-damage|p2a: BIRDS OF A FEATHER|88/100|[from] Stealth Rock
|-ability|p2a: BIRDS OF A FEATHER|Pressure
|move|p1a: Landorus|U-turn|p2a: BIRDS OF A FEATHER
|-resisted|p2a: BIRDS OF A FEATHER
|-damage|p2a: BIRDS OF A FEATHER|85/100
|-damage|p1a: Landorus|42/100|[from] item: Rocky Helmet|[of] p2a: BIRDS OF A FEATHER
|
|t:|1743863775
|switch|p1a: Gholdengo|Gholdengo, shiny|82/100|[from] U-turn
|-damage|p1a: Gholdengo|76/100|[from] Stealth Rock
|
|upkeep
|turn|23
|
|t:|1743863780
|move|p1a: Gholdengo|Make It Rain|p2a: BIRDS OF A FEATHER
|-resisted|p2a: BIRDS OF A FEATHER
|-damage|p2a: BIRDS OF A FEATHER|37/100
|-unboost|p1a: Gholdengo|spa|1
|move|p2a: BIRDS OF A FEATHER|Roost|p2a: BIRDS OF A FEATHER
|-heal|p2a: BIRDS OF A FEATHER|87/100
|-singleturn|p2a: BIRDS OF A FEATHER|move: Roost
|
|upkeep
|turn|24
|
|t:|1743863783
|move|p1a: Gholdengo|Make It Rain|p2a: BIRDS OF A FEATHER
|-resisted|p2a: BIRDS OF A FEATHER
|-damage|p2a: BIRDS OF A FEATHER|51/100
|-unboost|p1a: Gholdengo|spa|1
|move|p2a: BIRDS OF A FEATHER|U-turn|p1a: Gholdengo
|-resisted|p1a: Gholdengo
|-damage|p1a: Gholdengo|72/100
|
|t:|1743863786
|switch|p2a: Charli xcx|Clefable, M|100/100|[from] U-turn
|
|upkeep
|turn|25
|
|t:|1743863790
|switch|p1a: Iron Moth|Iron Moth|100/100
|-damage|p1a: Iron Moth|76/100|[from] Stealth Rock
|move|p2a: Charli xcx|Protect||[still]
|-fail|p2a: Charli xcx
|
|upkeep
|turn|26
|
|t:|1743863792
|move|p2a: Charli xcx|Protect|p2a: Charli xcx
|-singleturn|p2a: Charli xcx|Protect
|move|p1a: Iron Moth|Fiery Dance|p2a: Charli xcx
|-activate|p2a: Charli xcx|move: Protect
|
|upkeep
|turn|27
|
|t:|1743863794
|switch|p2a: brat|Blissey, F|96/100
|move|p1a: Iron Moth|Fiery Dance|p2a: brat
|-damage|p2a: brat|81/100
|-boost|p1a: Iron Moth|spa|1
|
|upkeep
|turn|28
|
|t:|1743863796
|move|p1a: Iron Moth|Fiery Dance|p2a: brat
|-damage|p2a: brat|59/100
|-boost|p1a: Iron Moth|spa|1
|move|p2a: brat|Calm Mind|p2a: brat
|-boost|p2a: brat|spa|1
|-boost|p2a: brat|spd|1
|
|upkeep
|turn|29
|
|t:|1743863799
|-end|p1a: Iron Moth|Quark Drive|[silent]
|switch|p1a: Iron Valiant|Iron Valiant, shiny|100/100
|-damage|p1a: Iron Valiant|94/100|[from] Stealth Rock
|-enditem|p1a: Iron Valiant|Booster Energy
|-activate|p1a: Iron Valiant|ability: Quark Drive|[fromitem]
|-start|p1a: Iron Valiant|quarkdrivespe
|move|p2a: brat|Soft-Boiled|p2a: brat
|-heal|p2a: brat|100/100
|
|upkeep
|turn|30
|
|t:|1743863802
|switch|p2a: Charli xcx|Clefable, M|100/100
|move|p1a: Iron Valiant|Moonblast|p2a: Charli xcx
|-damage|p2a: Charli xcx|66/100
|
|upkeep
|turn|31
|
|t:|1743863807
|-end|p1a: Iron Valiant|Quark Drive|[silent]
|switch|p1a: Kingambit|Kingambit, M, shiny|83/100
|-damage|p1a: Kingambit|77/100|[from] Stealth Rock
|-activate|p1a: Kingambit|ability: Supreme Overlord
|-start|p1a: Kingambit|fallen1|[silent]
|move|p2a: Charli xcx|Wish|p2a: Charli xcx
|
|-heal|p1a: Kingambit|83/100|[from] item: Leftovers
|upkeep
|turn|32
|
|t:|1743863812
|switch|p2a: BIRDS OF A FEATHER|Corviknight, F|51/100
|-damage|p2a: BIRDS OF A FEATHER|38/100|[from] Stealth Rock
|-ability|p2a: BIRDS OF A FEATHER|Pressure
|move|p1a: Kingambit|Kowtow Cleave|p2a: BIRDS OF A FEATHER
|-damage|p2a: BIRDS OF A FEATHER|4/100
|-damage|p1a: Kingambit|67/100|[from] item: Rocky Helmet|[of] p2a: BIRDS OF A FEATHER
|
|-heal|p2a: BIRDS OF A FEATHER|53/100|[from] move: Wish|[wisher] Charli xcx
|-heal|p1a: Kingambit|73/100|[from] item: Leftovers
|upkeep
|turn|33
|
|t:|1743863819
|move|p2a: BIRDS OF A FEATHER|Roost|p2a: BIRDS OF A FEATHER
|-heal|p2a: BIRDS OF A FEATHER|100/100
|-singleturn|p2a: BIRDS OF A FEATHER|move: Roost
|move|p1a: Kingambit|Kowtow Cleave|p2a: BIRDS OF A FEATHER
|-damage|p2a: BIRDS OF A FEATHER|67/100
|-damage|p1a: Kingambit|56/100|[from] item: Rocky Helmet|[of] p2a: BIRDS OF A FEATHER
|
|-heal|p1a: Kingambit|62/100|[from] item: Leftovers
|upkeep
|turn|34
|
|t:|1743863823
|-end|p1a: Kingambit|fallen1|[silent]
|switch|p1a: Gholdengo|Gholdengo, shiny|72/100
|-damage|p1a: Gholdengo|66/100|[from] Stealth Rock
|move|p2a: BIRDS OF A FEATHER|U-turn|p1a: Gholdengo
|-resisted|p1a: Gholdengo
|-damage|p1a: Gholdengo|62/100
|
|t:|1743863825
|switch|p2a: Charli xcx|Clefable, M|66/100|[from] U-turn
|
|upkeep
|turn|35
|
|t:|1743863828
|move|p2a: Charli xcx|Protect|p2a: Charli xcx
|-singleturn|p2a: Charli xcx|Protect
|move|p1a: Gholdengo|Shadow Ball|p2a: Charli xcx
|-activate|p2a: Charli xcx|move: Protect
|
|upkeep
|turn|36
|
|t:|1743863837
|switch|p1a: Kingambit|Kingambit, M, shiny|62/100
|-damage|p1a: Kingambit|56/100|[from] Stealth Rock
|-activate|p1a: Kingambit|ability: Supreme Overlord
|-start|p1a: Kingambit|fallen1|[silent]
|switch|p2a: brat|Blissey, F|100/100
|
|-heal|p1a: Kingambit|62/100|[from] item: Leftovers
|upkeep
|turn|37
|
|t:|1743863841
|switch|p2a: 808 and curses|Dondozo, M|100/100
|-damage|p2a: 808 and curses|84/100|[from] Spikes
|-damage|p2a: 808 and curses|71/100|[from] Stealth Rock
|move|p1a: Kingambit|Kowtow Cleave|p2a: 808 and curses
|-damage|p2a: 808 and curses|45/100
|
|-heal|p1a: Kingambit|69/100|[from] item: Leftovers
|-heal|p2a: 808 and curses|51/100|[from] item: Leftovers
|upkeep
|turn|38
|
|t:|1743863847
|-end|p1a: Kingambit|fallen1|[silent]
|switch|p1a: Gholdengo|Gholdengo, shiny|62/100
|-damage|p1a: Gholdengo|56/100|[from] Stealth Rock
|move|p2a: 808 and curses|Waterfall|p1a: Gholdengo
|-damage|p1a: Gholdengo|24/100
|
|-heal|p2a: 808 and curses|57/100|[from] item: Leftovers
|upkeep
|turn|39
|
|t:|1743863851
|move|p1a: Gholdengo|Trick|p2a: 808 and curses
|-activate|p1a: Gholdengo|move: Trick|[of] p2a: 808 and curses
|-item|p2a: 808 and curses|Choice Specs|[from] move: Trick
|-item|p1a: Gholdengo|Leftovers|[from] move: Trick
|move|p2a: 808 and curses|Rest|p2a: 808 and curses
|-status|p2a: 808 and curses|slp|[from] move: Rest
|-heal|p2a: 808 and curses|100/100 slp|[silent]
|
|-heal|p1a: Gholdengo|30/100|[from] item: Leftovers
|upkeep
|turn|40
|
|t:|1743863857
|switch|p2a: brat|Blissey, F|100/100
|move|p1a: Gholdengo|Focus Blast|p2a: brat
|-supereffective|p2a: brat
|-damage|p2a: brat|70/100
|
|-heal|p1a: Gholdengo|36/100|[from] item: Leftovers
|upkeep
|turn|41
|
|t:|1743863876
|switch|p1a: Iron Valiant|Iron Valiant, shiny|94/100
|-damage|p1a: Iron Valiant|88/100|[from] Stealth Rock
|move|p2a: brat|Shadow Ball|p1a: Iron Valiant
|-damage|p1a: Iron Valiant|60/100
|
|upkeep
|turn|42
|
|t:|1743863882
|switch|p2a: Charli xcx|Clefable, M|66/100
|move|p1a: Iron Valiant|Close Combat|p2a: Charli xcx
|-resisted|p2a: Charli xcx
|-damage|p2a: Charli xcx|39/100
|-unboost|p1a: Iron Valiant|def|1
|-unboost|p1a: Iron Valiant|spd|1
|
|upkeep
|turn|43
|
|t:|1743863885
|move|p1a: Iron Valiant|Moonblast|p2a: Charli xcx
|-damage|p2a: Charli xcx|9/100
|move|p2a: Charli xcx|Wish|p2a: Charli xcx
|
|upkeep
|turn|44
|
|t:|1743863890
|-end|p1a: Iron Valiant|Quark Drive|[silent]
|switch|p1a: Kingambit|Kingambit, M, shiny|69/100
|-damage|p1a: Kingambit|62/100|[from] Stealth Rock
|-activate|p1a: Kingambit|ability: Supreme Overlord
|-start|p1a: Kingambit|fallen1|[silent]
|move|p2a: Charli xcx|Protect||[still]
|-fail|p2a: Charli xcx
|
|-heal|p2a: Charli xcx|59/100|[from] move: Wish|[wisher] Charli xcx
|-heal|p1a: Kingambit|69/100|[from] item: Leftovers
|upkeep
|turn|45
|
|t:|1743863893
|move|p2a: Charli xcx|Wish|p2a: Charli xcx
|move|p1a: Kingambit|Iron Head|p2a: Charli xcx
|-supereffective|p2a: Charli xcx
|-damage|p2a: Charli xcx|0 fnt
|faint|p2a: Charli xcx
|
|-heal|p1a: Kingambit|75/100|[from] item: Leftovers
|upkeep
|
|t:|1743863895
|switch|p2a: BIRDS OF A FEATHER|Corviknight, F|67/100
|-damage|p2a: BIRDS OF A FEATHER|54/100|[from] Stealth Rock
|-ability|p2a: BIRDS OF A FEATHER|Pressure
|turn|46
|
|t:|1743863898
|-end|p1a: Kingambit|fallen1|[silent]
|switch|p1a: Gholdengo|Gholdengo, shiny|36/100
|-damage|p1a: Gholdengo|30/100|[from] Stealth Rock
|move|p2a: BIRDS OF A FEATHER|Defog|p1a: Gholdengo
|-immune|p1a: Gholdengo|[from] ability: Good as Gold
|
|-heal|p2a: BIRDS OF A FEATHER|100/100|[from] move: Wish|[wisher] Charli xcx
|-heal|p1a: Gholdengo|36/100|[from] item: Leftovers
|upkeep
|turn|47
|
|t:|1743863903
|switch|p2a: brat|Blissey, F|70/100
|move|p1a: Gholdengo|Focus Blast|p2a: brat
|-supereffective|p2a: brat
|-damage|p2a: brat|38/100
|
|-heal|p1a: Gholdengo|42/100|[from] item: Leftovers
|upkeep
|turn|48
|
|t:|1743863913
|switch|p1a: Iron Valiant|Iron Valiant, shiny|60/100
|-damage|p1a: Iron Valiant|54/100|[from] Stealth Rock
|move|p2a: brat|Soft-Boiled|p2a: brat
|-heal|p2a: brat|88/100
|
|upkeep
|turn|49
|
|t:|1743863915
|switch|p2a: BIRDS OF A FEATHER|Corviknight, F|100/100
|-damage|p2a: BIRDS OF A FEATHER|88/100|[from] Stealth Rock
|-ability|p2a: BIRDS OF A FEATHER|Pressure
|move|p1a: Iron Valiant|Knock Off|p2a: BIRDS OF A FEATHER
|-damage|p2a: BIRDS OF A FEATHER|71/100
|-damage|p1a: Iron Valiant|38/100|[from] item: Rocky Helmet|[of] p2a: BIRDS OF A FEATHER
|-enditem|p2a: BIRDS OF A FEATHER|Rocky Helmet|[from] move: Knock Off|[of] p1a: Iron Valiant
|
|upkeep
|turn|50
|
|t:|1743863919
|move|p1a: Iron Valiant|Thunderbolt|p2a: BIRDS OF A FEATHER
|-supereffective|p2a: BIRDS OF A FEATHER
|-damage|p2a: BIRDS OF A FEATHER|14/100
|move|p2a: BIRDS OF A FEATHER|Brave Bird|p1a: Iron Valiant
|-supereffective|p1a: Iron Valiant
|-damage|p1a: Iron Valiant|0 fnt
|faint|p1a: Iron Valiant
|-end|p1a: Iron Valiant|Quark Drive|[silent]
|-damage|p2a: BIRDS OF A FEATHER|5/100|[from] Recoil
|
|upkeep
|l| linkin_at
|
|t:|1743863927
|switch|p1a: Iron Moth|Iron Moth|76/100
|-damage|p1a: Iron Moth|51/100|[from] Stealth Rock
|turn|51
|
|t:|1743863930
|switch|p2a: brat|Blissey, F|88/100
|move|p1a: Iron Moth|Fiery Dance|p2a: brat
|-damage|p2a: brat|74/100
|
|upkeep
|turn|52
|
|t:|1743863933
|-end|p1a: Iron Moth|Quark Drive|[silent]
|switch|p1a: Kingambit|Kingambit, M, shiny|75/100
|-damage|p1a: Kingambit|69/100|[from] Stealth Rock
|-activate|p1a: Kingambit|ability: Supreme Overlord
|-start|p1a: Kingambit|fallen2|[silent]
|move|p2a: brat|Shadow Ball|p1a: Kingambit
|-resisted|p1a: Kingambit
|-damage|p1a: Kingambit|61/100
|
|-heal|p1a: Kingambit|67/100|[from] item: Leftovers
|upkeep
|turn|53
|
|t:|1743863935
|switch|p2a: BIRDS OF A FEATHER|Corviknight, F|5/100
|-damage|p2a: BIRDS OF A FEATHER|0 fnt|[from] Stealth Rock
|faint|p2a: BIRDS OF A FEATHER
|move|p1a: Kingambit|Kowtow Cleave|p2: BIRDS OF A FEATHER|[notarget]
|-fail|p1a: Kingambit
|
|-heal|p1a: Kingambit|74/100|[from] item: Leftovers
|upkeep
|
|t:|1743863937
|switch|p2a: 808 and curses|Dondozo, M|100/100 slp
|-damage|p2a: 808 and curses|84/100 slp|[from] Spikes
|-damage|p2a: 808 and curses|71/100 slp|[from] Stealth Rock
|turn|54
|
|t:|1743863952
|move|p1a: Kingambit|Kowtow Cleave|p2a: 808 and curses
|-damage|p2a: 808 and curses|46/100 slp
|cant|p2a: 808 and curses|slp
|move|p2a: 808 and curses|Sleep Talk|p2a: 808 and curses
|move|p2a: 808 and curses|Waterfall|p1a: Kingambit|[from] move: Sleep Talk
|-crit|p1a: Kingambit
|-damage|p1a: Kingambit|45/100
|
|-heal|p1a: Kingambit|51/100|[from] item: Leftovers
|upkeep
|turn|55
|inactive|Trainer #39 has 120 seconds left.
|
|t:|1743863993
|move|p1a: Kingambit|Kowtow Cleave|p2a: 808 and curses
|-damage|p2a: 808 and curses|21/100 slp
|cant|p2a: 808 and curses|slp
|move|p2a: 808 and curses|Sleep Talk|p2a: 808 and curses
|move|p2a: 808 and curses|Curse|p2a: 808 and curses|[from] move: Sleep Talk
|-unboost|p2a: 808 and curses|spe|1
|-boost|p2a: 808 and curses|atk|1
|-boost|p2a: 808 and curses|def|1
|
|-heal|p1a: Kingambit|58/100|[from] item: Leftovers
|upkeep
|turn|56
|inactive|Trainer #39 has 90 seconds left.
|inactive|Trainer #39 has 60 seconds left.
|inactive|Trainer #39 has 30 seconds left.
|inactive|Trainer #39 has 20 seconds left.
|inactive|Trainer #39 has 15 seconds left.
|inactive|Trainer #39 has 10 seconds left.
|inactive|Trainer #39 has 5 seconds left.
|-message|Trainer #39 lost due to inactivity.
|
|win|apoiguespm
|raw|apoiguespm's rating: 1742 &rarr; <strong>1763</strong><br />(+21 for winning)
|raw|Trainer #39's rating: 1756 &rarr; <strong>1735</strong><br />(-21 for losing)
|l|☆Trainer #39
|player|p2|
|l|☆apoiguespm
|player|p1|
