|j|☆MREUhjrwuje
|j|☆ImScaf
|t:|1743811073
|gametype|singles
|player|p1|MREUhjrwuje|102|1370
|player|p2|ImScaf|brycenman|1401
|teamsize|p1|6
|teamsize|p2|6
|gen|9
|tier|[Gen 9] OU
|rated|
|rule|HP Percentage Mod: HP is shown in percentages
|rule|Endless Battle Clause: Forcing endless battles is banned
|rule|Species Clause: Limit one of each Pokémon
|rule|OHKO Clause: OHKO moves are banned
|rule|Evasion Items Clause: Evasion items are banned
|rule|Evasion Moves Clause: Evasion moves are banned
|rule|Sleep Moves Clause: Sleep-inducing moves are banned
|clearpoke
|poke|p1|Araquanid, M|
|poke|p1|Slowking-Galar, F|
|poke|p1|Hatterene, F|
|poke|p1|Ursaluna, F|
|poke|p1|Diancie|
|poke|p1|Kingambit, M|
|poke|p2|Comfey, M|
|poke|p2|Whimsicott, M|
|poke|p2|Iron Moth|
|poke|p2|Walking Wake|
|poke|p2|Great Tusk|
|poke|p2|Ninetales, M|
|teampreview
|inactive|Battle timer is ON: inactive players will automatically lose when time's up. (requested by MREUhjrwuje)
|
|t:|1743811079
|start
|switch|p1a: Diancie|Diancie|100/100
|switch|p2a: Ninetales|Ninetales, M|100/100
|-weather|SunnyDay|[from] ability: Drought|[of] p2a: Ninetales
|turn|1
|inactive|ImScaf has 120 seconds left.
|
|t:|1743811134
|switch|p2a: Walking Wake|Walking Wake|100/100
|-activate|p2a: Walking Wake|ability: Protosynthesis
|-start|p2a: Walking Wake|protosynthesisspe
|move|p1a: Diancie|Trick Room|p1a: Diancie
|-fieldstart|move: Trick Room|[of] p1a: Diancie
|
|-weather|SunnyDay|[upkeep]
|upkeep
|turn|2
|
|t:|1743811141
|-terastallize|p2a: Walking Wake|Steel
|move|p1a: Diancie|Meteor Beam||[still]
|-prepare|p1a: Diancie|Meteor Beam
|-boost|p1a: Diancie|spa|1
|-enditem|p1a: Diancie|Power Herb
|-anim|p1a: Diancie|Meteor Beam|p2a: Walking Wake
|-resisted|p2a: Walking Wake
|-damage|p2a: Walking Wake|70/100
|move|p2a: Walking Wake|Hydro Steam|p1a: Diancie
|-supereffective|p1a: Diancie
|-damage|p1a: Diancie|7/100
|
|-weather|SunnyDay|[upkeep]
|upkeep
|turn|3
|
|t:|1743811155
|move|p1a: Diancie|Misty Explosion|p2a: Walking Wake
|-resisted|p2a: Walking Wake
|-damage|p2a: Walking Wake|44/100
|faint|p1a: Diancie
|move|p2a: Walking Wake|Flip Turn|p1: Diancie|[notarget]
|-fail|p2a: Walking Wake
|
|-weather|SunnyDay|[upkeep]
|upkeep
|
|t:|1743811161
|switch|p1a: Ursaluna|Ursaluna, F|100/100
|turn|4
|inactive|ImScaf has 90 seconds left.
|
|t:|1743811212
|move|p1a: Ursaluna|Fire Punch|p2a: Walking Wake
|-supereffective|p2a: Walking Wake
|-damage|p2a: Walking Wake|0 fnt
|faint|p2a: Walking Wake
|-end|p2a: Walking Wake|Protosynthesis|[silent]
|
|-weather|SunnyDay|[upkeep]
|-status|p1a: Ursaluna|brn|[from] item: Flame Orb
|upkeep
|inactive|ImScaf has 60 seconds left.
|
|t:|1743811231
|switch|p2a: Comfey|Comfey, M|100/100
|turn|5
|
|t:|1743811237
|move|p1a: Ursaluna|Facade|p2a: Comfey
|-damage|p2a: Comfey|0 fnt
|faint|p2a: Comfey
|
|-weather|SunnyDay|[upkeep]
|-damage|p1a: Ursaluna|94/100 brn|[from] brn
|-fieldend|move: Trick Room
|upkeep
|
|t:|1743811245
|switch|p2a: Whimsicott|Whimsicott, M|100/100
|turn|6
|
|t:|1743811253
|switch|p1a: Slowking|Slowking-Galar, F|100/100
|move|p2a: Whimsicott|Giga Drain|p1a: Slowking
|-resisted|p1a: Slowking
|-crit|p1a: Slowking
|-damage|p1a: Slowking|84/100
|-damage|p2a: Whimsicott|91/100|[from] item: Life Orb
|
|-weather|SunnyDay|[upkeep]
|upkeep
|turn|7
|
|t:|1743811256
|move|p2a: Whimsicott|Growth|p2a: Whimsicott
|-boost|p2a: Whimsicott|atk|2
|-boost|p2a: Whimsicott|spa|2
|move|p1a: Slowking|Sludge Bomb|p2a: Whimsicott
|-supereffective|p2a: Whimsicott
|-damage|p2a: Whimsicott|0 fnt
|faint|p2a: Whimsicott
|-damage|p1a: Slowking|74/100|[from] item: Life Orb
|
|-weather|SunnyDay|[upkeep]
|upkeep
|-message|ImScaf forfeited.
|
|win|MREUhjrwuje
|raw|MREUhjrwuje's rating: 1350 &rarr; <strong>1373</strong><br />(+23 for winning)
|raw|ImScaf's rating: 1401 &rarr; <strong>1378</strong><br />(-23 for losing)
|l|☆ImScaf
|player|p2|
