|j|☆Gutoso
|j|☆lilyamikai
|t:|1743899163
|gametype|singles
|player|p1|Gutoso|blue-gen3two|1338
|player|p2|lilyamikai|ltsurge|1320
|teamsize|p1|6
|teamsize|p2|6
|gen|9
|tier|[Gen 9] OU
|rated|
|rule|HP Percentage Mod: HP is shown in percentages
|rule|Endless Battle Clause: Forcing endless battles is banned
|rule|Species Clause: Limit one of each Pokémon
|rule|OHKO Clause: OHKO moves are banned
|rule|Evasion Items Clause: Evasion items are banned
|rule|Evasion Moves Clause: Evasion moves are banned
|rule|Sleep Moves Clause: Sleep-inducing moves are banned
|clearpoke
|poke|p1|Jirachi|
|poke|p1|Darkrai|
|poke|p1|Mew|
|poke|p1|Thundurus, M|
|poke|p1|Dragonite, F|
|poke|p1|Porygon2|
|poke|p2|Araquanid, F|
|poke|p2|Dragapult, M|
|poke|p2|Great Tusk|
|poke|p2|Iron Moth|
|poke|p2|Pawmot, M|
|poke|p2|Iron Valiant|
|teampreview
|inactive|Battle timer is ON: inactive players will automatically lose when time's up. (requested by lilyamikai)
|
|t:|1743899185
|start
|switch|p1a: Thundurus|Thundurus, M|100/100
|switch|p2a: Iron Moth|Iron Moth, shiny|100/100
|-enditem|p2a: Iron Moth|Booster Energy
|-activate|p2a: Iron Moth|ability: Quark Drive|[fromitem]
|-start|p2a: Iron Moth|quarkdrivespe
|turn|1
|
|t:|1743899200
|move|p1a: Thundurus|Thunder Wave|p2a: Iron Moth
|-status|p2a: Iron Moth|par
|cant|p2a: Iron Moth|par
|
|upkeep
|turn|2
|
|t:|1743899211
|move|p1a: Thundurus|Thunderbolt|p2a: Iron Moth
|-damage|p2a: Iron Moth|51/100 par
|move|p2a: Iron Moth|Fiery Dance|p1a: Thundurus
|-damage|p1a: Thundurus|42/100
|-boost|p2a: Iron Moth|spa|1
|
|upkeep
|turn|3
|
|t:|1743899221
|move|p1a: Thundurus|Thunderbolt|p2a: Iron Moth
|-damage|p2a: Iron Moth|1/100 par
|move|p2a: Iron Moth|Sludge Wave|p1a: Thundurus
|-damage|p1a: Thundurus|0 fnt
|faint|p1a: Thundurus
|
|upkeep
|
|t:|1743899242
|switch|p1a: Darkrai|Darkrai|100/100
|turn|4
|
|t:|1743899247
|move|p1a: Darkrai|Dark Pulse|p2a: Iron Moth
|-damage|p2a: Iron Moth|0 fnt
|faint|p2a: Iron Moth
|-end|p2a: Iron Moth|Quark Drive|[silent]
|
|upkeep
|
|t:|1743899259
|switch|p2a: Araquanid|Araquanid, F, shiny|100/100
|turn|5
|
|t:|1743899265
|move|p1a: Darkrai|Nasty Plot|p1a: Darkrai
|-boost|p1a: Darkrai|spa|2
|move|p2a: Araquanid|Liquidation|p1a: Darkrai
|-damage|p1a: Darkrai|21/100
|
|upkeep
|turn|6
|
|t:|1743899271
|move|p1a: Darkrai|Dark Pulse|p2a: Araquanid
|-damage|p2a: Araquanid|30/100
|move|p2a: Araquanid|Liquidation|p1a: Darkrai
|-damage|p1a: Darkrai|0 fnt
|faint|p1a: Darkrai
|
|upkeep
|
|t:|1743899279
|switch|p1a: Dragonite|Dragonite, F|100/100
|turn|7
|
|t:|1743899285
|move|p1a: Dragonite|Dragon Dance|p1a: Dragonite
|-boost|p1a: Dragonite|atk|1
|-boost|p1a: Dragonite|spe|1
|move|p2a: Araquanid|Endeavor|p1a: Dragonite
|-damage|p1a: Dragonite|31/100
|
|upkeep
|turn|8
|
|t:|1743899300
|move|p1a: Dragonite|Dragon Dance|p1a: Dragonite
|-boost|p1a: Dragonite|atk|1
|-boost|p1a: Dragonite|spe|1
|move|p2a: Araquanid|Liquidation|p1a: Dragonite
|-resisted|p1a: Dragonite
|-damage|p1a: Dragonite|0 fnt
|faint|p1a: Dragonite
|
|upkeep
|
|t:|1743899309
|switch|p1a: Mew|Mew|100/100
|turn|9
|
|t:|1743899318
|move|p1a: Mew|Dragon Dance|p1a: Mew
|-boost|p1a: Mew|atk|1
|-boost|p1a: Mew|spe|1
|move|p2a: Araquanid|Endeavor|p1a: Mew
|-damage|p1a: Mew|30/100
|
|upkeep
|turn|10
|
|t:|1743899327
|move|p1a: Mew|Crunch|p2a: Araquanid
|-damage|p2a: Araquanid|0 fnt
|faint|p2a: Araquanid
|
|upkeep
|
|t:|1743899340
|switch|p2a: Iron Valiant|Iron Valiant, shiny|100/100
|-enditem|p2a: Iron Valiant|Booster Energy
|-activate|p2a: Iron Valiant|ability: Quark Drive|[fromitem]
|-start|p2a: Iron Valiant|quarkdrivespe
|turn|11
|
|t:|1743899347
|move|p2a: Iron Valiant|Knock Off|p1a: Mew
|-supereffective|p1a: Mew
|-damage|p1a: Mew|0 fnt
|-enditem|p1a: Mew|Heavy-Duty Boots|[from] move: Knock Off|[of] p2a: Iron Valiant
|faint|p1a: Mew
|
|upkeep
|
|t:|1743899350
|switch|p1a: Porygon2|Porygon2|100/100
|turn|12
|
|t:|1743899355
|move|p2a: Iron Valiant|Close Combat|p1a: Porygon2
|-supereffective|p1a: Porygon2
|-damage|p1a: Porygon2|45/100
|-unboost|p2a: Iron Valiant|def|1
|-unboost|p2a: Iron Valiant|spd|1
|move|p1a: Porygon2|Thunder Wave|p2a: Iron Valiant
|-status|p2a: Iron Valiant|par
|
|upkeep
|turn|13
|
|t:|1743899359
|cant|p2a: Iron Valiant|par
|move|p1a: Porygon2|Recover|p1a: Porygon2
|-heal|p1a: Porygon2|95/100
|
|upkeep
|turn|14
|
|t:|1743899363
|move|p2a: Iron Valiant|Encore|p1a: Porygon2
|-start|p1a: Porygon2|Encore
|move|p1a: Porygon2|Recover|p1a: Porygon2
|-heal|p1a: Porygon2|100/100
|
|upkeep
|turn|15
|
|t:|1743899367
|move|p2a: Iron Valiant|Knock Off|p1a: Porygon2
|-damage|p1a: Porygon2|85/100
|-enditem|p1a: Porygon2|Eviolite|[from] move: Knock Off|[of] p2a: Iron Valiant
|move|p1a: Porygon2|Recover|p1a: Porygon2
|-heal|p1a: Porygon2|100/100
|
|upkeep
|turn|16
|
|t:|1743899372
|cant|p2a: Iron Valiant|par
|move|p1a: Porygon2|Recover||[still]
|-fail|p1a: Porygon2|heal
|
|-end|p1a: Porygon2|Encore
|upkeep
|turn|17
|
|t:|1743899374
|move|p2a: Iron Valiant|Encore|p1a: Porygon2
|-start|p1a: Porygon2|Encore
|move|p1a: Porygon2|Recover||[still]
|-fail|p1a: Porygon2|heal
|
|upkeep
|turn|18
|
|t:|1743899378
|move|p2a: Iron Valiant|Close Combat|p1a: Porygon2
|-supereffective|p1a: Porygon2
|-damage|p1a: Porygon2|20/100
|-unboost|p2a: Iron Valiant|def|1
|-unboost|p2a: Iron Valiant|spd|1
|move|p1a: Porygon2|Recover|p1a: Porygon2
|-heal|p1a: Porygon2|70/100
|
|upkeep
|turn|19
|
|t:|1743899388
|move|p2a: Iron Valiant|Close Combat|p1a: Porygon2
|-supereffective|p1a: Porygon2
|-damage|p1a: Porygon2|0 fnt
|-unboost|p2a: Iron Valiant|def|1
|-unboost|p2a: Iron Valiant|spd|1
|faint|p1a: Porygon2
|
|upkeep
|
|t:|1743899390
|switch|p1a: Jirachi|Jirachi|100/100
|turn|20
|
|t:|1743899393
|move|p1a: Jirachi|Iron Head|p2a: Iron Valiant
|-supereffective|p2a: Iron Valiant
|-damage|p2a: Iron Valiant|0 fnt
|faint|p2a: Iron Valiant
|-end|p2a: Iron Valiant|Quark Drive|[silent]
|
|upkeep
|
|t:|1743899415
|switch|p2a: Great Tusk|Great Tusk, shiny|100/100
|-enditem|p2a: Great Tusk|Booster Energy
|-activate|p2a: Great Tusk|ability: Protosynthesis|[fromitem]
|-start|p2a: Great Tusk|protosynthesisspe
|turn|21
|
|t:|1743899423
|move|p2a: Great Tusk|Knock Off|p1a: Jirachi
|-supereffective|p1a: Jirachi
|-damage|p1a: Jirachi|44/100
|-enditem|p1a: Jirachi|Choice Scarf|[from] move: Knock Off|[of] p2a: Great Tusk
|move|p1a: Jirachi|Iron Head|p2a: Great Tusk
|-damage|p2a: Great Tusk|76/100
|
|upkeep
|turn|22
|
|t:|1743899430
|move|p2a: Great Tusk|Headlong Rush|p1a: Jirachi
|-supereffective|p1a: Jirachi
|-damage|p1a: Jirachi|0 fnt
|-unboost|p2a: Great Tusk|def|1
|-unboost|p2a: Great Tusk|spd|1
|faint|p1a: Jirachi
|
|win|lilyamikai
|raw|Gutoso's rating: 1338 &rarr; <strong>1317</strong><br />(-21 for losing)
|raw|lilyamikai's rating: 1320 &rarr; <strong>1341</strong><br />(+21 for winning)
|c|☆lilyamikai|gg
|l|☆lilyamikai
|player|p2|
|l|☆Gutoso
|player|p1|
