|j|☆poyo plus ultra
|j|☆Ruler of the Sand
|t:|1743793517
|gametype|singles
|player|p1|poyo plus ultra|ingo|1107
|player|p2|Ruler of the Sand|marshal|1188
|teamsize|p1|6
|teamsize|p2|6
|gen|9
|tier|[Gen 9] OU
|rated|
|rule|HP Percentage Mod: HP is shown in percentages
|rule|Endless Battle Clause: Forcing endless battles is banned
|rule|Species Clause: Limit one of each Pokémon
|rule|OHKO Clause: OHKO moves are banned
|rule|Evasion Items Clause: Evasion items are banned
|rule|Evasion Moves Clause: Evasion moves are banned
|rule|Sleep Moves Clause: Sleep-inducing moves are banned
|clearpoke
|poke|p1|Crabominable, M|
|poke|p1|Magmortar, M|
|poke|p1|Weezing, F|
|poke|p1|Cacturne, F|
|poke|p1|Sandaconda, F|
|poke|p1|Hypno, M|
|poke|p2|Hippowdon, F|
|poke|p2|Tyranitar, F|
|poke|p2|Garganacl, F|
|poke|p2|Quagsire, F|
|poke|p2|Excadrill, M|
|poke|p2|Gholdengo|
|teampreview
|inactive|Battle timer is ON: inactive players will automatically lose when time's up. (requested by poyo plus ultra)
|
|t:|1743793539
|start
|switch|p1a: YouMindIfI HONK|Sandaconda, F|100/100
|switch|p2a: Tyranitar|Tyranitar, F|100/100
|-weather|Sandstorm|[from] ability: Sand Stream|[of] p2a: Tyranitar
|turn|1
|c|☆Ruler of the Sand|I’m gonna bury your team in sand
|
|t:|1743793558
|switch|p2a: Quagsire|Quagsire, F|100/100
|move|p1a: YouMindIfI HONK|Glare|p2a: Quagsire
|-status|p2a: Quagsire|par
|
|-weather|Sandstorm|[upkeep]
|upkeep
|turn|2
|
|t:|1743793566
|move|p1a: YouMindIfI HONK|Stealth Rock|p2a: Quagsire
|-sidestart|p2: Ruler of the Sand|move: Stealth Rock
|move|p2a: Quagsire|Whirlpool|p1a: YouMindIfI HONK
|-supereffective|p1a: YouMindIfI HONK
|-damage|p1a: YouMindIfI HONK|80/100
|-activate|p1a: YouMindIfI HONK|move: Whirlpool|[of] p2a: Quagsire
|
|-weather|Sandstorm|[upkeep]
|-heal|p1a: YouMindIfI HONK|86/100|[from] item: Leftovers
|-damage|p1a: YouMindIfI HONK|73/100|[from] move: Whirlpool|[partiallytrapped]
|upkeep
|turn|3
|
|t:|1743793576
|move|p1a: YouMindIfI HONK|Earthquake|p2a: Quagsire
|-crit|p2a: Quagsire
|-damage|p2a: Quagsire|46/100 par
|move|p2a: Quagsire|Toxic|p1a: YouMindIfI HONK
|-status|p1a: YouMindIfI HONK|tox
|
|-weather|Sandstorm|[upkeep]
|-heal|p1a: YouMindIfI HONK|80/100 tox|[from] item: Leftovers
|-heal|p2a: Quagsire|52/100 par|[from] item: Leftovers
|-damage|p1a: YouMindIfI HONK|73/100 tox|[from] psn
|-damage|p1a: YouMindIfI HONK|61/100 tox|[from] move: Whirlpool|[partiallytrapped]
|upkeep
|turn|4
|
|t:|1743793588
|move|p2a: Quagsire|Protect|p2a: Quagsire
|-singleturn|p2a: Quagsire|Protect
|move|p1a: YouMindIfI HONK|Earthquake|p2a: Quagsire
|-activate|p2a: Quagsire|move: Protect
|
|-weather|Sandstorm|[upkeep]
|-heal|p1a: YouMindIfI HONK|67/100 tox|[from] item: Leftovers
|-heal|p2a: Quagsire|58/100 par|[from] item: Leftovers
|-damage|p1a: YouMindIfI HONK|55/100 tox|[from] psn
|-damage|p1a: YouMindIfI HONK|43/100 tox|[from] move: Whirlpool|[partiallytrapped]
|upkeep
|turn|5
|
|t:|1743793601
|move|p1a: YouMindIfI HONK|Earthquake|p2a: Quagsire
|-damage|p2a: Quagsire|26/100 par
|move|p2a: Quagsire|Whirlpool|p1a: YouMindIfI HONK
|-supereffective|p1a: YouMindIfI HONK
|-damage|p1a: YouMindIfI HONK|20/100 tox
|
|-weather|none
|-activate|p1a: YouMindIfI HONK|ability: Shed Skin
|-curestatus|p1a: YouMindIfI HONK|tox|[msg]
|-heal|p1a: YouMindIfI HONK|26/100|[from] item: Leftovers
|-heal|p2a: Quagsire|32/100 par|[from] item: Leftovers
|-damage|p1a: YouMindIfI HONK|14/100|[from] move: Whirlpool|[partiallytrapped]
|upkeep
|turn|6
|
|t:|1743793623
|move|p1a: YouMindIfI HONK|Earthquake|p2a: Quagsire
|-damage|p2a: Quagsire|0 fnt
|faint|p2a: Quagsire
|
|-heal|p1a: YouMindIfI HONK|20/100|[from] item: Leftovers
|-end|p1a: YouMindIfI HONK|Whirlpool|[partiallytrapped]
|upkeep
|
|t:|1743793633
|switch|p2a: Excadrill|Excadrill, M|100/100
|-damage|p2a: Excadrill|97/100|[from] Stealth Rock
|turn|7
|
|t:|1743793639
|move|p2a: Excadrill|Rapid Spin|p1a: YouMindIfI HONK
|-damage|p1a: YouMindIfI HONK|0 fnt
|-boost|p2a: Excadrill|spe|1
|-sideend|p2: Ruler of the Sand|Stealth Rock|[from] move: Rapid Spin|[of] p2a: Excadrill
|faint|p1a: YouMindIfI HONK
|-damage|p2a: Excadrill|87/100|[from] item: Life Orb
|
|upkeep
|
|t:|1743793646
|switch|p1a: DoubleAirPollution|Weezing, F|100/100
|turn|8
|
|t:|1743793650
|move|p2a: Excadrill|Swords Dance|p2a: Excadrill
|-boost|p2a: Excadrill|atk|2
|move|p1a: DoubleAirPollution|Will-O-Wisp|p2a: Excadrill
|-status|p2a: Excadrill|brn
|
|-damage|p2a: Excadrill|81/100 brn|[from] brn
|upkeep
|turn|9
|
|t:|1743793664
|move|p2a: Excadrill|Iron Head|p1a: DoubleAirPollution
|-damage|p1a: DoubleAirPollution|64/100
|-damage|p2a: Excadrill|71/100 brn|[from] item: Life Orb
|move|p1a: DoubleAirPollution|Toxic Spikes|p2a: Excadrill
|-sidestart|p2: Ruler of the Sand|move: Toxic Spikes
|
|-heal|p1a: DoubleAirPollution|70/100|[from] item: Black Sludge
|-damage|p2a: Excadrill|65/100 brn|[from] brn
|upkeep
|turn|10
|
|t:|1743793677
|move|p2a: Excadrill|Swords Dance|p2a: Excadrill
|-boost|p2a: Excadrill|atk|2
|move|p1a: DoubleAirPollution|Pain Split|p2a: Excadrill
|-sethp|p2a: Excadrill|65/100 brn|[from] move: Pain Split|[silent]
|-sethp|p1a: DoubleAirPollution|70/100|[from] move: Pain Split
|
|-heal|p1a: DoubleAirPollution|76/100|[from] item: Black Sludge
|-damage|p2a: Excadrill|59/100 brn|[from] brn
|upkeep
|turn|11
|
|t:|1743793689
|switch|p1a: 10 000 needles|Cacturne, F|100/100
|move|p2a: Excadrill|Iron Head|p1a: 10 000 needles
|-damage|p1a: 10 000 needles|0 fnt
|faint|p1a: 10 000 needles
|-damage|p2a: Excadrill|49/100 brn|[from] item: Life Orb
|
|-damage|p2a: Excadrill|43/100 brn|[from] brn
|upkeep
|
|t:|1743793699
|switch|p1a: MyTorsoIsAnEgg|Magmortar, M|100/100
|turn|12
|
|t:|1743793703
|move|p2a: Excadrill|Earthquake|p1a: MyTorsoIsAnEgg
|-supereffective|p1a: MyTorsoIsAnEgg
|-damage|p1a: MyTorsoIsAnEgg|0 fnt
|faint|p1a: MyTorsoIsAnEgg
|-damage|p2a: Excadrill|33/100 brn|[from] item: Life Orb
|
|-damage|p2a: Excadrill|27/100 brn|[from] brn
|upkeep
|-message|poyo plus ultra forfeited.
|
|win|Ruler of the Sand
|raw|poyo plus ultra's rating: 1107 &rarr; <strong>1088</strong><br />(-19 for losing)
|raw|Ruler of the Sand's rating: 1188 &rarr; <strong>1207</strong><br />(+19 for winning)
|l|☆poyo plus ultra
|player|p1|
|l|☆Ruler of the Sand
|player|p2|
