|j|☆PumpkinShadow
|j|☆YIN SUN SHIN
|t:|1743857503
|gametype|singles
|player|p1|PumpkinShadow|drayden|1462
|player|p2|YIN SUN SHIN|harlequin|1433
|teamsize|p1|6
|teamsize|p2|6
|gen|9
|tier|[Gen 9] OU
|rated|
|rule|HP Percentage Mod: HP is shown in percentages
|rule|Endless Battle Clause: Forcing endless battles is banned
|rule|Species Clause: Limit one of each Pokémon
|rule|OHKO Clause: OHKO moves are banned
|rule|Evasion Items Clause: Evasion items are banned
|rule|Evasion Moves Clause: Evasion moves are banned
|rule|Sleep Moves Clause: Sleep-inducing moves are banned
|clearpoke
|poke|p1|Pelipper, M|
|poke|p1|Barraskewda, M|
|poke|p1|Zapdos|
|poke|p1|Corviknight, M|
|poke|p1|Clodsire, M|
|poke|p1|Incineroar, F|
|poke|p2|Blastoise, M|
|poke|p2|Magnezone|
|poke|p2|Landorus-Therian, M|
|poke|p2|Clefable, F|
|poke|p2|Zarude-Dada|
|poke|p2|Tatsugiri-Stretchy, M|
|teampreview
|
|t:|1743857528
|start
|switch|p1a: Pelipper|Pelipper, M|100/100
|switch|p2a: Tatsugiri|Tatsugiri-Stretchy, M|100/100
|-weather|RainDance|[from] ability: Drizzle|[of] p1a: Pelipper
|turn|1
|
|t:|1743857531
|move|p2a: Tatsugiri|Draco Meteor|p1a: Pelipper
|-damage|p1a: Pelipper|18/100
|-unboost|p2a: Tatsugiri|spa|2
|move|p1a: Pelipper|U-turn|p2a: Tatsugiri
|-damage|p2a: Tatsugiri|81/100
|
|t:|1743857539
|switch|p1a: Zapdos|Zapdos, shiny|100/100|[from] U-turn
|
|-weather|RainDance|[upkeep]
|-heal|p2a: Tatsugiri|88/100|[from] item: Leftovers
|upkeep
|turn|2
|
|t:|1743857548
|switch|p2a: Magnezone|Magnezone|100/100
|move|p1a: Zapdos|Thunder|p2a: Magnezone
|-resisted|p2a: Magnezone
|-damage|p2a: Magnezone|64/100
|
|-weather|RainDance|[upkeep]
|upkeep
|turn|3
|
|t:|1743857558
|switch|p2a: Tatsugiri|Tatsugiri-Stretchy, M|88/100
|move|p1a: Zapdos|Weather Ball|p2a: Tatsugiri
|-ability|p2a: Tatsugiri|Storm Drain|boost
|-boost|p2a: Tatsugiri|spa|1
|
|-weather|RainDance|[upkeep]
|-heal|p2a: Tatsugiri|94/100|[from] item: Leftovers
|upkeep
|turn|4
|
|t:|1743857566
|move|p1a: Zapdos|Volt Switch|p2a: Tatsugiri
|-damage|p2a: Tatsugiri|48/100
|
|t:|1743857569
|switch|p1a: Clodsire|Clodsire, M|100/100|[from] Volt Switch
|move|p2a: Tatsugiri|Draco Meteor|p1a: Clodsire
|-crit|p1a: Clodsire
|-damage|p1a: Clodsire|29/100
|-unboost|p2a: Tatsugiri|spa|2
|
|-weather|RainDance|[upkeep]
|-heal|p2a: Tatsugiri|54/100|[from] item: Leftovers
|-heal|p1a: Clodsire|36/100|[from] item: Leftovers
|upkeep
|turn|5
|
|t:|1743857578
|move|p2a: Tatsugiri|Surf|p1a: Clodsire
|-heal|p1a: Clodsire|61/100|[from] ability: Water Absorb|[of] p2a: Tatsugiri
|move|p1a: Clodsire|Recover|p1a: Clodsire
|-heal|p1a: Clodsire|100/100
|
|-weather|RainDance|[upkeep]
|-heal|p2a: Tatsugiri|61/100|[from] item: Leftovers
|upkeep
|turn|6
|
|t:|1743857584
|switch|p2a: Landorus|Landorus-Therian, M|100/100
|-ability|p2a: Landorus|Intimidate|boost
|-unboost|p1a: Clodsire|atk|1
|move|p1a: Clodsire|Toxic|p2a: Landorus
|-status|p2a: Landorus|tox
|
|-weather|RainDance|[upkeep]
|-damage|p2a: Landorus|94/100 tox|[from] psn
|upkeep
|turn|7
|
|t:|1743857590
|switch|p1a: Corviknight|Corviknight, M, shiny|100/100
|-ability|p1a: Corviknight|Pressure
|move|p2a: Landorus|Stealth Rock|p1a: Corviknight
|-sidestart|p1: PumpkinShadow|move: Stealth Rock
|
|-weather|RainDance|[upkeep]
|-damage|p2a: Landorus|82/100 tox|[from] psn
|upkeep
|turn|8
|
|t:|1743857601
|switch|p2a: Magnezone|Magnezone|64/100
|move|p1a: Corviknight|U-turn|p2a: Magnezone
|-resisted|p2a: Magnezone
|-damage|p2a: Magnezone|57/100
|
|t:|1743857605
|switch|p1a: Barraskewda|Barraskewda, M|100/100|[from] U-turn
|-damage|p1a: Barraskewda|88/100|[from] Stealth Rock
|
|-weather|none
|upkeep
|turn|9
|
|t:|1743857609
|move|p1a: Barraskewda|Close Combat|p2a: Magnezone
|-supereffective|p2a: Magnezone
|-damage|p2a: Magnezone|0 fnt
|-unboost|p1a: Barraskewda|def|1
|-unboost|p1a: Barraskewda|spd|1
|faint|p2a: Magnezone
|
|upkeep
|
|t:|1743857627
|switch|p2a: Tatsugiri|Tatsugiri-Stretchy, M|61/100
|turn|10
|
|t:|1743857632
|move|p1a: Barraskewda|Close Combat|p2a: Tatsugiri
|-damage|p2a: Tatsugiri|0 fnt
|-unboost|p1a: Barraskewda|def|1
|-unboost|p1a: Barraskewda|spd|1
|faint|p2a: Tatsugiri
|
|upkeep
|
|t:|1743857636
|switch|p2a: Blastoise|Blastoise, M|100/100
|turn|11
|
|t:|1743857641
|move|p1a: Barraskewda|Close Combat|p2a: Blastoise
|-damage|p2a: Blastoise|28/100
|-unboost|p1a: Barraskewda|def|1
|-unboost|p1a: Barraskewda|spd|1
|move|p2a: Blastoise|Shell Smash|p2a: Blastoise
|-unboost|p2a: Blastoise|def|1
|-unboost|p2a: Blastoise|spd|1
|-boost|p2a: Blastoise|atk|2
|-boost|p2a: Blastoise|spa|2
|-boost|p2a: Blastoise|spe|2
|-enditem|p2a: Blastoise|White Herb
|-clearnegativeboost|p2a: Blastoise|[silent]
|
|upkeep
|turn|12
|
|t:|1743857646
|switch|p1a: Clodsire|Clodsire, M|100/100
|-damage|p1a: Clodsire|94/100|[from] Stealth Rock
|move|p2a: Blastoise|Tera Blast|p1a: Clodsire
|-damage|p1a: Clodsire|79/100
|
|-heal|p1a: Clodsire|85/100|[from] item: Leftovers
|upkeep
|turn|13
|
|t:|1743857651
|move|p2a: Blastoise|Ice Spinner|p1a: Clodsire
|-supereffective|p1a: Clodsire
|-damage|p1a: Clodsire|0 fnt
|faint|p1a: Clodsire
|
|upkeep
|
|t:|1743857655
|switch|p1a: Corviknight|Corviknight, M, shiny|100/100
|-damage|p1a: Corviknight|88/100|[from] Stealth Rock
|-ability|p1a: Corviknight|Pressure
|turn|14
|
|t:|1743857669
|-terastallize|p2a: Blastoise|Electric
|-terastallize|p1a: Corviknight|Dragon
|move|p2a: Blastoise|Tera Blast|p1a: Corviknight|[anim] Tera Blast Electric
|-resisted|p1a: Corviknight
|-damage|p1a: Corviknight|69/100
|move|p1a: Corviknight|Defog|p2a: Blastoise
|-unboost|p2a: Blastoise|evasion|1
|-sideend|p1: PumpkinShadow|Stealth Rock|[from] move: Defog|[of] p1a: Corviknight
|
|upkeep
|turn|15
|
|t:|1743857676
|move|p2a: Blastoise|Ice Spinner|p1a: Corviknight
|-supereffective|p1a: Corviknight
|-damage|p1a: Corviknight|17/100
|-damage|p2a: Blastoise|11/100|[from] item: Rocky Helmet|[of] p1a: Corviknight
|move|p1a: Corviknight|U-turn|p2a: Blastoise
|-damage|p2a: Blastoise|0 fnt
|faint|p2a: Blastoise
|
|t:|1743857684
|switch|p1a: Pelipper|Pelipper, M|18/100|[from] U-turn
|-weather|RainDance|[from] ability: Drizzle|[of] p1a: Pelipper
|
|-weather|RainDance|[upkeep]
|upkeep
|
|t:|1743857688
|switch|p2a: Landorus|Landorus-Therian, M|82/100 tox
|-ability|p2a: Landorus|Intimidate|boost
|-unboost|p1a: Pelipper|atk|1
|turn|16
|
|t:|1743857694
|move|p2a: Landorus|Stone Edge|p1a: Pelipper|[miss]
|-miss|p2a: Landorus|p1a: Pelipper
|move|p1a: Pelipper|Roost|p1a: Pelipper
|-heal|p1a: Pelipper|69/100
|-singleturn|p1a: Pelipper|move: Roost
|
|-weather|RainDance|[upkeep]
|-damage|p2a: Landorus|75/100 tox|[from] psn
|upkeep
|turn|17
|
|t:|1743857703
|switch|p1a: Corviknight|Corviknight, M, shiny, tera:Dragon|17/100
|-ability|p1a: Corviknight|Pressure
|move|p2a: Landorus|Stone Edge|p1a: Corviknight
|-damage|p1a: Corviknight|0 fnt
|faint|p1a: Corviknight
|
|-weather|RainDance|[upkeep]
|-damage|p2a: Landorus|63/100 tox|[from] psn
|upkeep
|
|t:|1743857705
|switch|p1a: Barraskewda|Barraskewda, M|88/100
|turn|18
|
|t:|1743857711
|move|p1a: Barraskewda|Liquidation|p2a: Landorus
|-supereffective|p2a: Landorus
|-damage|p2a: Landorus|0 fnt
|-damage|p1a: Barraskewda|72/100|[from] item: Rocky Helmet|[of] p2a: Landorus
|faint|p2a: Landorus
|
|-weather|RainDance|[upkeep]
|upkeep
|
|t:|1743857715
|switch|p2a: Zarude|Zarude-Dada|100/100
|turn|19
|
|t:|1743857721
|switch|p1a: Incineroar|Incineroar, F, shiny|100/100
|-ability|p1a: Incineroar|Intimidate|boost
|-unboost|p2a: Zarude|atk|1
|move|p2a: Zarude|Swords Dance|p2a: Zarude
|-boost|p2a: Zarude|atk|2
|
|-weather|RainDance|[upkeep]
|upkeep
|turn|20
|
|t:|1743857730
|move|p2a: Zarude|Close Combat|p1a: Incineroar
|-supereffective|p1a: Incineroar
|-damage|p1a: Incineroar|0 fnt
|-unboost|p2a: Zarude|def|1
|-unboost|p2a: Zarude|spd|1
|faint|p1a: Incineroar
|-damage|p2a: Zarude|91/100|[from] item: Life Orb
|
|-weather|RainDance|[upkeep]
|upkeep
|
|t:|1743857735
|switch|p1a: Barraskewda|Barraskewda, M|72/100
|turn|21
|
|t:|1743857739
|switch|p2a: Clefable|Clefable, F|100/100
|move|p1a: Barraskewda|Liquidation|p2a: Clefable
|-damage|p2a: Clefable|0 fnt
|faint|p2a: Clefable
|
|-weather|RainDance|[upkeep]
|upkeep
|
|t:|1743857742
|switch|p2a: Zarude|Zarude-Dada|91/100
|turn|22
|
|t:|1743857746
|switch|p1a: Zapdos|Zapdos, shiny|100/100
|move|p2a: Zarude|Knock Off|p1a: Zapdos
|-damage|p1a: Zapdos|29/100
|-status|p2a: Zarude|par|[from] ability: Static|[of] p1a: Zapdos
|-enditem|p1a: Zapdos|Heavy-Duty Boots|[from] move: Knock Off|[of] p2a: Zarude
|-damage|p2a: Zarude|81/100 par|[from] item: Life Orb
|
|-weather|none
|upkeep
|turn|23
|
|t:|1743857753
|move|p1a: Zapdos|Volt Switch|p2a: Zarude
|-resisted|p2a: Zarude
|-damage|p2a: Zarude|62/100 par
|
|t:|1743857756
|switch|p1a: Pelipper|Pelipper, M|69/100|[from] Volt Switch
|-weather|RainDance|[from] ability: Drizzle|[of] p1a: Pelipper
|move|p2a: Zarude|Knock Off|p1a: Pelipper
|-damage|p1a: Pelipper|23/100
|-enditem|p1a: Pelipper|Damp Rock|[from] move: Knock Off|[of] p2a: Zarude
|-damage|p2a: Zarude|52/100 par|[from] item: Life Orb
|
|-weather|RainDance|[upkeep]
|upkeep
|turn|24
|-message|YIN SUN SHIN forfeited.
|
|win|PumpkinShadow
|raw|PumpkinShadow's rating: 1462 &rarr; <strong>1480</strong><br />(+18 for winning)
|raw|YIN SUN SHIN's rating: 1433 &rarr; <strong>1415</strong><br />(-18 for losing)
|l|☆YIN SUN SHIN
|player|p2|
