|j|☆sagelapage
|j|☆david guaperas
|t:|1743933407
|gametype|singles
|player|p1|sagelapage|theroyal|1354
|player|p2|david guaperas|170|1361
|teamsize|p1|6
|teamsize|p2|6
|gen|9
|tier|[Gen 9] OU
|rated|
|rule|HP Percentage Mod: HP is shown in percentages
|rule|Endless Battle Clause: Forcing endless battles is banned
|rule|Species Clause: Limit one of each Pokémon
|rule|OHKO Clause: OHKO moves are banned
|rule|Evasion Items Clause: Evasion items are banned
|rule|Evasion Moves Clause: Evasion moves are banned
|rule|Sleep Moves Clause: Sleep-inducing moves are banned
|clearpoke
|poke|p1|Ribombee, M|
|poke|p1|Cinderace, M|
|poke|p1|Serperior, M|
|poke|p1|Mimikyu, F|
|poke|p1|Dragapult, F|
|poke|p1|Bisharp, F|
|poke|p2|Kyurem|
|poke|p2|Ting-Lu|
|poke|p2|Corviknight, M|
|poke|p2|Weezing-Galar, M|
|poke|p2|Zamazenta-*|
|poke|p2|Toxapex, M|
|teampreview
|
|t:|1743933432
|start
|switch|p1a: Ribombee|Ribombee, M|100/100
|switch|p2a: Yami|Corviknight, M, shiny|100/100
|-ability|p2a: Yami|Pressure
|turn|1
|inactive|Battle timer is ON: inactive players will automatically lose when time's up. (requested by sagelapage)
|
|t:|1743933440
|move|p1a: Ribombee|Sticky Web|p2a: Yami
|-sidestart|p2: david guaperas|move: Sticky Web
|move|p2a: Yami|Brave Bird|p1a: Ribombee
|-supereffective|p1a: Ribombee
|-enditem|p1a: Ribombee|Focus Sash
|-damage|p1a: Ribombee|1/100
|-damage|p2a: Yami|79/100|[from] Recoil
|
|upkeep
|turn|2
|
|t:|1743933446
|move|p1a: Ribombee|Stun Spore|p2a: Yami|[miss]
|-miss|p1a: Ribombee|p2a: Yami
|move|p2a: Yami|U-turn|p1a: Ribombee
|-resisted|p1a: Ribombee
|-damage|p1a: Ribombee|0 fnt
|faint|p1a: Ribombee
|
|t:|1743933448
|switch|p2a: Sentinel|Weezing-Galar, M, shiny|100/100|[from] U-turn
|-ability|p2a: Sentinel|Neutralizing Gas
|
|upkeep
|
|t:|1743933456
|switch|p1a: Bisharp|Bisharp, F|100/100
|turn|3
|
|t:|1743933460
|-end|p2a: Sentinel|ability: Neutralizing Gas
|switch|p2a: Yami|Corviknight, M, shiny|79/100
|-ability|p2a: Yami|Pressure
|move|p1a: Bisharp|Iron Head|p2a: Yami
|-resisted|p2a: Yami
|-damage|p2a: Yami|67/100
|-damage|p1a: Bisharp|84/100|[from] item: Rocky Helmet|[of] p2a: Yami
|
|upkeep
|turn|4
|
|t:|1743933468
|switch|p1a: Cinderace|Cinderace, M|100/100
|move|p2a: Yami|Roost|p2a: Yami
|-heal|p2a: Yami|100/100
|-singleturn|p2a: Yami|move: Roost
|
|upkeep
|turn|5
|
|t:|1743933472
|switch|p2a: Serpentine|Toxapex, M, shiny|100/100
|-activate|p2a: Serpentine|move: Sticky Web
|-unboost|p2a: Serpentine|spe|1
|move|p1a: Cinderace|Court Change|p1a: Cinderace
|-swapsideconditions
|-activate|p1a: Cinderace|move: Court Change
|
|upkeep
|turn|6
|
|t:|1743933491
|move|p1a: Cinderace|U-turn|p2a: Serpentine
|-resisted|p2a: Serpentine
|-damage|p2a: Serpentine|92/100
|
|t:|1743933494
|switch|p1a: Mimikyu|Mimikyu, F|100/100|[from] U-turn
|-activate|p1a: Mimikyu|move: Sticky Web
|-unboost|p1a: Mimikyu|spe|1
|move|p2a: Serpentine|Acid Spray|p1a: Mimikyu
|-activate|p1a: Mimikyu|ability: Disguise
|-damage|p1a: Mimikyu|100/100
|-unboost|p1a: Mimikyu|spd|2
|detailschange|p1a: Mimikyu|Mimikyu-Busted, F
|-damage|p1a: Mimikyu|88/100|[from] pokemon: Mimikyu-Busted
|-enditem|p1a: Mimikyu|Red Card|[of] p2a: Serpentine
|drag|p2a: Trojan|Zamazenta, shiny|100/100
|-ability|p2a: Trojan|Dauntless Shield|boost
|-boost|p2a: Trojan|def|1
|
|upkeep
|turn|7
|
|t:|1743933508
|move|p2a: Trojan|Heavy Slam|p1a: Mimikyu
|-supereffective|p1a: Mimikyu
|-damage|p1a: Mimikyu|0 fnt
|faint|p1a: Mimikyu
|
|upkeep
|
|t:|1743933518
|switch|p1a: Serperior|Serperior, M|100/100
|-activate|p1a: Serperior|move: Sticky Web
|-boost|p1a: Serperior|spe|1
|turn|8
|
|t:|1743933523
|switch|p2a: Yami|Corviknight, M, shiny|100/100
|-ability|p2a: Yami|Pressure
|move|p1a: Serperior|Leaf Storm|p2a: Yami
|-resisted|p2a: Yami
|-damage|p2a: Yami|89/100
|-boost|p1a: Serperior|spa|2
|
|upkeep
|turn|9
|
|t:|1743933532
|-terastallize|p1a: Serperior|Fire
|move|p1a: Serperior|Tera Blast|p2a: Yami|[anim] Tera Blast Fire
|-supereffective|p2a: Yami
|-damage|p2a: Yami|0 fnt
|faint|p2a: Yami
|
|upkeep
|
|t:|1743933541
|switch|p2a: Serpentine|Toxapex, M, shiny|100/100
|turn|10
|
|t:|1743933546
|move|p1a: Serperior|Leaf Storm|p2a: Serpentine|[miss]
|-miss|p1a: Serperior|p2a: Serpentine
|move|p2a: Serpentine|Surf|p1a: Serperior
|-supereffective|p1a: Serperior
|-damage|p1a: Serperior|34/100
|
|-heal|p1a: Serperior|40/100|[from] item: Leftovers
|upkeep
|turn|11
|
|t:|1743933556
|switch|p1a: Dragapult|Dragapult, F|100/100
|-activate|p1a: Dragapult|move: Sticky Web
|-fail|p1a: Dragapult|unboost|[from] ability: Clear Body|[of] p1a: Dragapult
|move|p2a: Serpentine|Surf|p1a: Dragapult
|-resisted|p1a: Dragapult
|-damage|p1a: Dragapult|80/100
|
|upkeep
|turn|12
|
|t:|1743933565
|move|p1a: Dragapult|Dragon Darts|p2a: Serpentine
|-damage|p2a: Serpentine|74/100
|-anim|p1a: Dragapult|Dragon Darts|p2a: Serpentine
|-damage|p2a: Serpentine|47/100
|move|p2a: Serpentine|Ice Beam|p1a: Dragapult
|-supereffective|p1a: Dragapult
|-damage|p1a: Dragapult|24/100
|
|upkeep
|turn|13
|
|t:|1743933572
|switch|p1a: Bisharp|Bisharp, F|84/100
|-activate|p1a: Bisharp|move: Sticky Web
|-unboost|p1a: Bisharp|spe|1
|-ability|p1a: Bisharp|Defiant|boost
|-boost|p1a: Bisharp|atk|2
|switch|p2a: Sentinel|Weezing-Galar, M, shiny|100/100
|-ability|p2a: Sentinel|Neutralizing Gas
|
|upkeep
|turn|14
|
|t:|1743933579
|move|p2a: Sentinel|Will-O-Wisp|p1a: Bisharp
|-status|p1a: Bisharp|brn
|move|p1a: Bisharp|Iron Head|p2a: Sentinel
|-supereffective|p2a: Sentinel
|-damage|p2a: Sentinel|45/100
|
|-damage|p1a: Bisharp|78/100 brn|[from] brn
|upkeep
|turn|15
|
|t:|1743933588
|move|p2a: Sentinel|Pain Split|p1a: Bisharp
|-sethp|p1a: Bisharp|63/100 brn|[from] move: Pain Split|[silent]
|-sethp|p2a: Sentinel|58/100|[from] move: Pain Split
|move|p1a: Bisharp|Swords Dance|p1a: Bisharp
|-boost|p1a: Bisharp|atk|2
|
|-damage|p1a: Bisharp|57/100 brn|[from] brn
|upkeep
|turn|16
|
|t:|1743933594
|move|p2a: Sentinel|Strange Steam|p1a: Bisharp
|-damage|p1a: Bisharp|30/100 brn
|-start|p1a: Bisharp|confusion
|-activate|p1a: Bisharp|confusion
|move|p1a: Bisharp|Iron Head|p2a: Sentinel
|-supereffective|p2a: Sentinel
|-damage|p2a: Sentinel|0 fnt
|faint|p2a: Sentinel
|-end|p2a: Sentinel|ability: Neutralizing Gas
|
|-damage|p1a: Bisharp|24/100 brn|[from] brn
|upkeep
|
|t:|1743933601
|switch|p2a: Kyotaro|Kyurem, shiny|100/100
|-ability|p2a: Kyotaro|Pressure
|turn|17
|
|t:|1743933603
|move|p2a: Kyotaro|Substitute|p2a: Kyotaro
|-start|p2a: Kyotaro|Substitute
|-damage|p2a: Kyotaro|76/100
|-activate|p1a: Bisharp|confusion
|move|p1a: Bisharp|Iron Head|p2a: Kyotaro
|-supereffective|p2a: Kyotaro
|-end|p2a: Kyotaro|Substitute
|
|-heal|p2a: Kyotaro|82/100|[from] item: Leftovers
|-damage|p1a: Bisharp|18/100 brn|[from] brn
|upkeep
|turn|18
|
|t:|1743933606
|move|p2a: Kyotaro|Protect|p2a: Kyotaro
|-singleturn|p2a: Kyotaro|Protect
|-end|p1a: Bisharp|confusion
|move|p1a: Bisharp|Iron Head|p2a: Kyotaro
|-activate|p2a: Kyotaro|move: Protect
|
|-heal|p2a: Kyotaro|88/100|[from] item: Leftovers
|-damage|p1a: Bisharp|12/100 brn|[from] brn
|upkeep
|turn|19
|
|t:|1743933613
|move|p2a: Kyotaro|Substitute|p2a: Kyotaro
|-start|p2a: Kyotaro|Substitute
|-damage|p2a: Kyotaro|63/100
|move|p1a: Bisharp|Iron Head|p2a: Kyotaro
|-supereffective|p2a: Kyotaro
|-end|p2a: Kyotaro|Substitute
|
|-heal|p2a: Kyotaro|69/100|[from] item: Leftovers
|-damage|p1a: Bisharp|6/100 brn|[from] brn
|upkeep
|turn|20
|
|t:|1743933620
|switch|p1a: Dragapult|Dragapult, F|24/100
|-activate|p1a: Dragapult|move: Sticky Web
|-fail|p1a: Dragapult|unboost|[from] ability: Clear Body|[of] p1a: Dragapult
|move|p2a: Kyotaro|Protect||[still]
|-fail|p2a: Kyotaro
|
|-heal|p2a: Kyotaro|75/100|[from] item: Leftovers
|upkeep
|turn|21
|
|t:|1743933629
|-terastallize|p2a: Kyotaro|Ground
|move|p1a: Dragapult|Dragon Darts|p2a: Kyotaro
|-damage|p2a: Kyotaro|42/100
|-anim|p1a: Dragapult|Dragon Darts|p2a: Kyotaro
|-damage|p2a: Kyotaro|6/100
|move|p2a: Kyotaro|Freeze-Dry|p1a: Dragapult
|-supereffective|p1a: Dragapult
|-damage|p1a: Dragapult|0 fnt
|faint|p1a: Dragapult
|
|-heal|p2a: Kyotaro|12/100|[from] item: Leftovers
|upkeep
|
|t:|1743933635
|switch|p1a: Serperior|Serperior, M, tera:Fire|40/100
|-activate|p1a: Serperior|move: Sticky Web
|-boost|p1a: Serperior|spe|1
|turn|22
|
|t:|1743933640
|move|p1a: Serperior|Leaf Storm|p2a: Kyotaro
|-supereffective|p2a: Kyotaro
|-damage|p2a: Kyotaro|0 fnt
|-boost|p1a: Serperior|spa|2
|faint|p2a: Kyotaro
|
|-heal|p1a: Serperior|46/100|[from] item: Leftovers
|upkeep
|
|t:|1743933642
|switch|p2a: Serpentine|Toxapex, M, shiny|80/100
|turn|23
|
|t:|1743933655
|move|p1a: Serperior|Leaf Storm|p2a: Serpentine|[miss]
|-miss|p1a: Serperior|p2a: Serpentine
|move|p2a: Serpentine|Surf|p1a: Serperior
|-supereffective|p1a: Serperior
|-damage|p1a: Serperior|0 fnt
|faint|p1a: Serperior
|
|upkeep
|
|t:|1743933658
|switch|p1a: Bisharp|Bisharp, F|6/100 brn
|-activate|p1a: Bisharp|move: Sticky Web
|-unboost|p1a: Bisharp|spe|1
|-ability|p1a: Bisharp|Defiant|boost
|-boost|p1a: Bisharp|atk|2
|turn|24
|
|t:|1743933671
|move|p1a: Bisharp|Throat Chop|p2a: Serpentine
|-damage|p2a: Serpentine|47/100
|-start|p2a: Serpentine|Throat Chop|[silent]
|move|p2a: Serpentine|Surf|p1a: Bisharp
|-damage|p1a: Bisharp|0 fnt
|faint|p1a: Bisharp
|
|upkeep
|
|t:|1743933674
|switch|p1a: Cinderace|Cinderace, M|100/100
|turn|25
|-message|sagelapage forfeited.
|
|win|david guaperas
|raw|sagelapage's rating: 1354 &rarr; <strong>1334</strong><br />(-20 for losing)
|raw|david guaperas's rating: 1361 &rarr; <strong>1381</strong><br />(+20 for winning)
|l|☆sagelapage
|player|p1|
|l|☆david guaperas
|player|p2|
