|j|☆lupiit
|j|☆dashmaster1
|t:|1743833814
|gametype|singles
|player|p1|lupiit|dragontamer|1164
|player|p2|dashmaster1|170|1127
|teamsize|p1|6
|teamsize|p2|6
|gen|9
|tier|[Gen 9] OU
|rated|
|rule|HP Percentage Mod: HP is shown in percentages
|rule|Endless Battle Clause: Forcing endless battles is banned
|rule|Species Clause: Limit one of each Pokémon
|rule|OHKO Clause: OHKO moves are banned
|rule|Evasion Items Clause: Evasion items are banned
|rule|Evasion Moves Clause: Evasion moves are banned
|rule|Sleep Moves Clause: Sleep-inducing moves are banned
|clearpoke
|poke|p1|Kyurem|
|poke|p1|Cinderace, F|
|poke|p1|Electrode-Hisui|
|poke|p1|Scizor, M|
|poke|p1|Smeargle, M|
|poke|p1|Mew|
|poke|p2|Garchomp, M|
|poke|p2|Metagross|
|poke|p2|Gengar, M|
|poke|p2|Gallade, M|
|poke|p2|Iron Valiant|
|poke|p2|Pincurchin, F|
|teampreview
|inactive|Battle timer is ON: inactive players will automatically lose when time's up. (requested by lupiit)
|
|t:|1743833821
|start
|switch|p1a: SONIC BALL|Electrode-Hisui|100/100
|switch|p2a: Pincurchin|Pincurchin, F, shiny|100/100
|-fieldstart|move: Electric Terrain|[from] ability: Electric Surge|[of] p2a: Pincurchin
|turn|1
|inactive|dashmaster1 has 120 seconds left.
|
|t:|1743833854
|switch|p2a: Garchomp|Garchomp, M, shiny|100/100
|move|p1a: SONIC BALL|Charge Beam|p2a: Garchomp
|-immune|p2a: Garchomp
|
|upkeep
|turn|2
|
|t:|1743833861
|move|p1a: SONIC BALL|Giga Drain|p2a: Garchomp
|-damage|p2a: Garchomp|64/100
|-damage|p1a: SONIC BALL|91/100|[from] item: Life Orb
|move|p2a: Garchomp|Stealth Rock|p1a: SONIC BALL
|-sidestart|p1: lupiit|move: Stealth Rock
|
|upkeep
|turn|3
|
|t:|1743833868
|move|p1a: SONIC BALL|Chloroblast|p2a: Garchomp
|-damage|p2a: Garchomp|0 fnt
|faint|p2a: Garchomp
|-damage|p1a: SONIC BALL|40/100|[from] Recoil
|-damage|p1a: SONIC BALL|30/100|[from] item: Life Orb
|
|upkeep
|
|t:|1743833877
|switch|p2a: Metagross|Metagross, shiny|100/100
|turn|4
|
|t:|1743833882
|move|p2a: Metagross|Bullet Punch|p1a: SONIC BALL
|-resisted|p1a: SONIC BALL
|-damage|p1a: SONIC BALL|9/100
|move|p1a: SONIC BALL|Volt Switch|p2a: Metagross
|-damage|p2a: Metagross|48/100
|-damage|p1a: SONIC BALL|0 fnt|[from] item: Life Orb
|faint|p1a: SONIC BALL
|
|upkeep
|
|t:|1743833888
|switch|p1a: GOAL!|Cinderace, F|100/100
|-damage|p1a: GOAL!|76/100|[from] Stealth Rock
|turn|5
|
|t:|1743833909
|move|p1a: GOAL!|Court Change|p1a: GOAL!
|-start|p1a: GOAL!|typechange|Normal|[from] ability: Libero
|-swapsideconditions
|-activate|p1a: GOAL!|move: Court Change
|move|p2a: Metagross|Explosion|p1a: GOAL!
|-enditem|p2a: Metagross|Normal Gem|[from] gem
|-damage|p1a: GOAL!|0 fnt
|faint|p2a: Metagross
|faint|p1a: GOAL!
|
|upkeep
|
|t:|1743833920
|switch|p1a: CHILLYYYYYYYY|Kyurem|100/100
|switch|p2a: Gallade|Gallade, M, shiny|100/100
|-ability|p1a: CHILLYYYYYYYY|Pressure
|-damage|p2a: Gallade|94/100|[from] Stealth Rock
|turn|6
|
|t:|1743833927
|switch|p1a: U-TURN EZPZ|Scizor, M|100/100
|move|p2a: Gallade|Sacred Sword|p1a: U-TURN EZPZ
|-damage|p1a: U-TURN EZPZ|10/100
|
|upkeep
|turn|7
|
|t:|1743833934
|move|p1a: U-TURN EZPZ|Bullet Punch|p2a: Gallade
|-damage|p2a: Gallade|30/100
|move|p2a: Gallade|Sacred Sword|p1a: U-TURN EZPZ
|-damage|p1a: U-TURN EZPZ|0 fnt
|faint|p1a: U-TURN EZPZ
|
|upkeep
|
|t:|1743833945
|switch|p1a: CHILLYYYYYYYY|Kyurem|100/100
|-ability|p1a: CHILLYYYYYYYY|Pressure
|turn|8
|
|t:|1743833956
|move|p1a: CHILLYYYYYYYY|Ice Beam|p2a: Gallade
|-damage|p2a: Gallade|0 fnt
|faint|p2a: Gallade
|
|-fieldend|move: Electric Terrain
|upkeep
|
|t:|1743833966
|switch|p2a: Pincurchin|Pincurchin, F, shiny|100/100
|-damage|p2a: Pincurchin|88/100|[from] Stealth Rock
|-fieldstart|move: Electric Terrain|[from] ability: Electric Surge|[of] p2a: Pincurchin
|turn|9
|
|t:|1743833971
|move|p1a: CHILLYYYYYYYY|Ice Beam|p2a: Pincurchin
|-damage|p2a: Pincurchin|16/100
|move|p2a: Pincurchin|Toxic Spikes|p1a: CHILLYYYYYYYY
|-sidestart|p1: lupiit|move: Toxic Spikes
|
|upkeep
|turn|10
|
|t:|1743833976
|move|p1a: CHILLYYYYYYYY|Ice Beam|p2a: Pincurchin
|-damage|p2a: Pincurchin|0 fnt
|faint|p2a: Pincurchin
|
|upkeep
|
|t:|1743833978
|switch|p2a: Iron Valiant|Iron Valiant, shiny|100/100
|-damage|p2a: Iron Valiant|94/100|[from] Stealth Rock
|-activate|p2a: Iron Valiant|ability: Quark Drive
|-start|p2a: Iron Valiant|quarkdrivespe
|turn|11
|
|t:|1743833982
|move|p2a: Iron Valiant|Moonblast|p1a: CHILLYYYYYYYY
|-supereffective|p1a: CHILLYYYYYYYY
|-crit|p1a: CHILLYYYYYYYY
|-damage|p1a: CHILLYYYYYYYY|0 fnt
|faint|p1a: CHILLYYYYYYYY
|
|upkeep
|
|t:|1743833988
|switch|p1a: PICASSO|Smeargle, M|100/100
|-status|p1a: PICASSO|psn
|turn|12
|
|t:|1743834005
|move|p2a: Iron Valiant|Aura Sphere|p1a: PICASSO
|-supereffective|p1a: PICASSO
|-enditem|p1a: PICASSO|Focus Sash
|-damage|p1a: PICASSO|1/100 psn
|move|p1a: PICASSO|Thunder Wave|p2a: Iron Valiant
|-status|p2a: Iron Valiant|par
|
|-damage|p1a: PICASSO|0 fnt|[from] psn
|faint|p1a: PICASSO
|upkeep
|
|t:|1743834008
|switch|p1a: Mew|Mew|100/100
|-status|p1a: Mew|psn
|turn|13
|
|t:|1743834018
|move|p1a: Mew|Transform|p2a: Iron Valiant
|-transform|p1a: Mew|p2a: Iron Valiant
|move|p2a: Iron Valiant|Moonblast|p1a: Mew
|-supereffective|p1a: Mew
|-damage|p1a: Mew|0 fnt
|faint|p1a: Mew
|-end|p1a: Mew|Quark Drive|[silent]
|
|win|dashmaster1
|raw|lupiit's rating: 1164 &rarr; <strong>1136</strong><br />(-28 for losing)
|raw|dashmaster1's rating: 1127 &rarr; <strong>1155</strong><br />(+28 for winning)
|l|☆lupiit
|player|p1|
|l|☆dashmaster1
|player|p2|
