|j|☆maj2102
|j|☆Fr3korLeNoob
|t:|1743783764
|gametype|singles
|player|p1|maj2102|170|1149
|player|p2|Fr3korLeNoob|elesa|1163
|teamsize|p1|6
|teamsize|p2|6
|gen|9
|tier|[Gen 9] OU
|rated|
|rule|HP Percentage Mod: HP is shown in percentages
|rule|Endless Battle Clause: Forcing endless battles is banned
|rule|Species Clause: Limit one of each Pokémon
|rule|OHKO Clause: OHKO moves are banned
|rule|Evasion Items Clause: Evasion items are banned
|rule|Evasion Moves Clause: Evasion moves are banned
|rule|Sleep Moves Clause: Sleep-inducing moves are banned
|clearpoke
|poke|p1|Primeape, F|
|poke|p1|Araquanid, M|
|poke|p1|Mandibuzz, F|
|poke|p1|Skeledirge, M|
|poke|p1|Scizor, M|
|poke|p1|Rillaboom, M|
|poke|p2|Dragapult, F|
|poke|p2|Kingambit, F|
|poke|p2|Primarina, M|
|poke|p2|Clodsire, F|
|poke|p2|Zamazenta-*|
|poke|p2|Ceruledge, F|
|teampreview
|inactive|Battle timer is ON: inactive players will automatically lose when time's up. (requested by Fr3korLeNoob)
|
|t:|1743783776
|start
|switch|p1a: Primeape|Primeape, F|100/100
|switch|p2a: Clodsire|Clodsire, F|100/100
|turn|1
|
|t:|1743783782
|move|p1a: Primeape|Ice Punch|p2a: Clodsire
|-supereffective|p2a: Clodsire
|-damage|p2a: Clodsire|60/100
|move|p2a: Clodsire|Stealth Rock|p1a: Primeape
|-sidestart|p1: maj2102|move: Stealth Rock
|
|-heal|p2a: Clodsire|66/100|[from] item: Leftovers
|upkeep
|turn|2
|
|t:|1743783797
|switch|p2a: Primarina|Primarina, M|100/100
|move|p1a: Primeape|Ice Punch|p2a: Primarina
|-resisted|p2a: Primarina
|-damage|p2a: Primarina|85/100
|
|-heal|p2a: Primarina|91/100|[from] item: Leftovers
|upkeep
|turn|3
|
|t:|1743783803
|-terastallize|p1a: Primeape|Ghost
|move|p1a: Primeape|Thunder Punch|p2a: Primarina
|-supereffective|p2a: Primarina
|-damage|p2a: Primarina|28/100
|move|p2a: Primarina|Moonblast|p1a: Primeape
|-damage|p1a: Primeape|45/100
|
|-heal|p2a: Primarina|34/100|[from] item: Leftovers
|upkeep
|turn|4
|
|t:|1743783819
|move|p1a: Primeape|Thunder Punch|p2a: Primarina
|-supereffective|p2a: Primarina
|-damage|p2a: Primarina|0 fnt
|faint|p2a: Primarina
|
|upkeep
|
|t:|1743783822
|switch|p2a: Ceruledge|Ceruledge, F|100/100
|turn|5
|
|t:|1743783829
|move|p2a: Ceruledge|Shadow Sneak|p1a: Primeape
|-supereffective|p1a: Primeape
|-damage|p1a: Primeape|0 fnt
|faint|p1a: Primeape
|
|upkeep
|
|t:|1743783834
|switch|p1a: Mandibuzz|Mandibuzz, F|100/100
|-damage|p1a: Mandibuzz|75/100|[from] Stealth Rock
|turn|6
|
|t:|1743783841
|switch|p2a: Dragapult|Dragapult, F|100/100
|move|p1a: Mandibuzz|Defog|p2a: Dragapult
|-unboost|p2a: Dragapult|evasion|1
|-sideend|p1: maj2102|Stealth Rock|[from] move: Defog|[of] p1a: Mandibuzz
|
|-heal|p1a: Mandibuzz|82/100|[from] item: Leftovers
|upkeep
|turn|7
|
|t:|1743783849
|move|p2a: Dragapult|Thunderbolt|p1a: Mandibuzz
|-supereffective|p1a: Mandibuzz
|-damage|p1a: Mandibuzz|21/100
|move|p1a: Mandibuzz|Foul Play|p2a: Dragapult
|-supereffective|p2a: Dragapult
|-damage|p2a: Dragapult|0 fnt
|faint|p2a: Dragapult
|
|-heal|p1a: Mandibuzz|27/100|[from] item: Leftovers
|upkeep
|
|t:|1743783854
|switch|p2a: Zamazenta|Zamazenta|100/100
|-ability|p2a: Zamazenta|Dauntless Shield|boost
|-boost|p2a: Zamazenta|def|1
|turn|8
|
|t:|1743783863
|move|p2a: Zamazenta|Body Press|p1a: Mandibuzz
|-crit|p1a: Mandibuzz
|-damage|p1a: Mandibuzz|0 fnt
|faint|p1a: Mandibuzz
|
|upkeep
|
|t:|1743783870
|switch|p1a: Skeledirge|Skeledirge, M|100/100
|turn|9
|
|t:|1743783873
|move|p2a: Zamazenta|Crunch|p1a: Skeledirge
|-supereffective|p1a: Skeledirge
|-damage|p1a: Skeledirge|63/100
|-unboost|p1a: Skeledirge|def|1
|move|p1a: Skeledirge|Will-O-Wisp|p2a: Zamazenta
|-status|p2a: Zamazenta|brn
|
|-heal|p1a: Skeledirge|69/100|[from] item: Leftovers
|-damage|p2a: Zamazenta|94/100 brn|[from] brn
|upkeep
|turn|10
|
|t:|1743783884
|switch|p2a: Clodsire|Clodsire, F|66/100
|move|p1a: Skeledirge|Slack Off|p1a: Skeledirge
|-heal|p1a: Skeledirge|100/100
|
|-heal|p2a: Clodsire|73/100|[from] item: Leftovers
|upkeep
|turn|11
|
|t:|1743783891
|switch|p1a: Rillaboom|Rillaboom, M|100/100
|-fieldstart|move: Grassy Terrain|[from] ability: Grassy Surge|[of] p1a: Rillaboom
|move|p2a: Clodsire|Toxic|p1a: Rillaboom
|-status|p1a: Rillaboom|tox
|
|-heal|p2a: Clodsire|79/100|[from] Grassy Terrain
|-heal|p2a: Clodsire|85/100|[from] item: Leftovers
|-damage|p1a: Rillaboom|94/100 tox|[from] psn
|upkeep
|turn|12
|
|t:|1743783901
|switch|p2a: Ceruledge|Ceruledge, F|100/100
|move|p1a: Rillaboom|High Horsepower|p2a: Ceruledge|[miss]
|-miss|p1a: Rillaboom|p2a: Ceruledge
|
|-heal|p1a: Rillaboom|100/100 tox|[from] Grassy Terrain
|-damage|p1a: Rillaboom|88/100 tox|[from] psn
|upkeep
|turn|13
|
|t:|1743783910
|move|p1a: Rillaboom|High Horsepower|p2a: Ceruledge
|-supereffective|p2a: Ceruledge
|-enditem|p2a: Ceruledge|Focus Sash
|-damage|p2a: Ceruledge|1/100
|-ability|p2a: Ceruledge|Weak Armor|boost
|-unboost|p2a: Ceruledge|def|1
|-boost|p2a: Ceruledge|spe|2
|-damage|p1a: Rillaboom|78/100 tox|[from] item: Life Orb
|move|p2a: Ceruledge|Swords Dance|p2a: Ceruledge
|-boost|p2a: Ceruledge|atk|2
|
|-heal|p2a: Ceruledge|7/100|[from] Grassy Terrain
|-heal|p1a: Rillaboom|84/100 tox|[from] Grassy Terrain
|-damage|p1a: Rillaboom|66/100 tox|[from] psn
|upkeep
|turn|14
|
|t:|1743783919
|move|p2a: Ceruledge|Shadow Sneak|p1a: Rillaboom
|-damage|p1a: Rillaboom|22/100 tox
|move|p1a: Rillaboom|Grassy Glide|p2a: Ceruledge
|-resisted|p2a: Ceruledge
|-damage|p2a: Ceruledge|0 fnt
|faint|p2a: Ceruledge
|-damage|p1a: Rillaboom|12/100 tox|[from] item: Life Orb
|
|-heal|p1a: Rillaboom|18/100 tox|[from] Grassy Terrain
|-damage|p1a: Rillaboom|0 fnt|[from] psn
|faint|p1a: Rillaboom
|upkeep
|
|t:|1743783933
|switch|p1a: Araquanid|Araquanid, M|100/100
|switch|p2a: Clodsire|Clodsire, F|85/100
|turn|15
|
|t:|1743783938
|move|p1a: Araquanid|Liquidation|p2a: Clodsire
|-heal|p2a: Clodsire|100/100|[from] ability: Water Absorb|[of] p1a: Araquanid
|move|p2a: Clodsire|Toxic|p1a: Araquanid
|-status|p1a: Araquanid|tox
|
|-damage|p1a: Araquanid|94/100 tox|[from] psn
|-fieldend|move: Grassy Terrain
|upkeep
|turn|16
|
|t:|1743783947
|move|p1a: Araquanid|Sticky Web|p2a: Clodsire
|-sidestart|p2: Fr3korLeNoob|move: Sticky Web
|move|p2a: Clodsire|Stealth Rock|p1a: Araquanid
|-sidestart|p1: maj2102|move: Stealth Rock
|
|-damage|p1a: Araquanid|82/100 tox|[from] psn
|upkeep
|turn|17
|
|t:|1743783952
|switch|p1a: Scizor|Scizor, M|100/100
|-damage|p1a: Scizor|88/100|[from] Stealth Rock
|move|p2a: Clodsire|Earthquake|p1a: Scizor
|-damage|p1a: Scizor|63/100
|
|upkeep
|turn|18
|
|t:|1743783962
|move|p1a: Scizor|Swords Dance|p1a: Scizor
|-boost|p1a: Scizor|atk|2
|move|p2a: Clodsire|Earthquake|p1a: Scizor
|-damage|p1a: Scizor|34/100
|
|upkeep
|turn|19
|
|t:|1743783967
|switch|p2a: Zamazenta|Zamazenta|94/100 brn
|-activate|p2a: Zamazenta|move: Sticky Web
|-unboost|p2a: Zamazenta|spe|1
|move|p1a: Scizor|Bullet Punch|p2a: Zamazenta
|-damage|p2a: Zamazenta|29/100 brn
|-damage|p1a: Scizor|24/100|[from] item: Life Orb
|
|-heal|p2a: Zamazenta|35/100 brn|[from] item: Leftovers
|-damage|p2a: Zamazenta|29/100 brn|[from] brn
|upkeep
|turn|20
|
|t:|1743783972
|move|p1a: Scizor|Bullet Punch|p2a: Zamazenta
|-damage|p2a: Zamazenta|0 fnt
|faint|p2a: Zamazenta
|-damage|p1a: Scizor|14/100|[from] item: Life Orb
|
|upkeep
|
|t:|1743783975
|switch|p2a: Clodsire|Clodsire, F|100/100
|-activate|p2a: Clodsire|move: Sticky Web
|-unboost|p2a: Clodsire|spe|1
|turn|21
|
|t:|1743783980
|move|p1a: Scizor|Bullet Punch|p2a: Clodsire
|-damage|p2a: Clodsire|16/100
|-damage|p1a: Scizor|5/100|[from] item: Life Orb
|move|p2a: Clodsire|Earthquake|p1a: Scizor
|-damage|p1a: Scizor|0 fnt
|faint|p1a: Scizor
|
|-heal|p2a: Clodsire|22/100|[from] item: Leftovers
|upkeep
|
|t:|1743783985
|switch|p1a: Skeledirge|Skeledirge, M|100/100
|-damage|p1a: Skeledirge|76/100|[from] Stealth Rock
|turn|22
|
|t:|1743783989
|move|p1a: Skeledirge|Torch Song|p2a: Clodsire
|-damage|p2a: Clodsire|5/100
|-boost|p1a: Skeledirge|spa|1
|move|p2a: Clodsire|Recover|p2a: Clodsire
|-heal|p2a: Clodsire|55/100
|
|-heal|p1a: Skeledirge|82/100|[from] item: Leftovers
|-heal|p2a: Clodsire|61/100|[from] item: Leftovers
|upkeep
|turn|23
|
|t:|1743784000
|move|p1a: Skeledirge|Will-O-Wisp|p2a: Clodsire
|-status|p2a: Clodsire|brn
|move|p2a: Clodsire|Recover|p2a: Clodsire
|-heal|p2a: Clodsire|100/100 brn
|
|-heal|p1a: Skeledirge|88/100|[from] item: Leftovers
|-damage|p2a: Clodsire|94/100 brn|[from] brn
|upkeep
|turn|24
|
|t:|1743784006
|move|p1a: Skeledirge|Hex|p2a: Clodsire
|-damage|p2a: Clodsire|53/100 brn
|move|p2a: Clodsire|Toxic|p1a: Skeledirge
|-status|p1a: Skeledirge|tox
|
|-heal|p1a: Skeledirge|94/100 tox|[from] item: Leftovers
|-heal|p2a: Clodsire|59/100 brn|[from] item: Leftovers
|-damage|p1a: Skeledirge|88/100 tox|[from] psn
|-damage|p2a: Clodsire|53/100 brn|[from] brn
|upkeep
|turn|25
|
|t:|1743784014
|move|p1a: Skeledirge|Torch Song|p2a: Clodsire
|-damage|p2a: Clodsire|27/100 brn
|-boost|p1a: Skeledirge|spa|1
|move|p2a: Clodsire|Recover|p2a: Clodsire
|-heal|p2a: Clodsire|77/100 brn
|
|-heal|p1a: Skeledirge|94/100 tox|[from] item: Leftovers
|-heal|p2a: Clodsire|83/100 brn|[from] item: Leftovers
|-damage|p1a: Skeledirge|82/100 tox|[from] psn
|-damage|p2a: Clodsire|77/100 brn|[from] brn
|upkeep
|turn|26
|
|t:|1743784028
|move|p1a: Skeledirge|Hex|p2a: Clodsire
|-damage|p2a: Clodsire|17/100 brn
|move|p2a: Clodsire|Recover|p2a: Clodsire
|-heal|p2a: Clodsire|67/100 brn
|
|-heal|p1a: Skeledirge|88/100 tox|[from] item: Leftovers
|-heal|p2a: Clodsire|73/100 brn|[from] item: Leftovers
|-damage|p1a: Skeledirge|70/100 tox|[from] psn
|-damage|p2a: Clodsire|67/100 brn|[from] brn
|upkeep
|turn|27
|
|t:|1743784038
|move|p1a: Skeledirge|Hex|p2a: Clodsire
|-damage|p2a: Clodsire|12/100 brn
|move|p2a: Clodsire|Recover|p2a: Clodsire
|-heal|p2a: Clodsire|62/100 brn
|
|-heal|p1a: Skeledirge|76/100 tox|[from] item: Leftovers
|-heal|p2a: Clodsire|68/100 brn|[from] item: Leftovers
|-damage|p1a: Skeledirge|51/100 tox|[from] psn
|-damage|p2a: Clodsire|62/100 brn|[from] brn
|upkeep
|turn|28
|
|t:|1743784047
|move|p1a: Skeledirge|Hex|p2a: Clodsire
|-damage|p2a: Clodsire|7/100 brn
|move|p2a: Clodsire|Recover|p2a: Clodsire
|-heal|p2a: Clodsire|57/100 brn
|
|-heal|p1a: Skeledirge|57/100 tox|[from] item: Leftovers
|-heal|p2a: Clodsire|64/100 brn|[from] item: Leftovers
|-damage|p1a: Skeledirge|27/100 tox|[from] psn
|-damage|p2a: Clodsire|57/100 brn|[from] brn
|upkeep
|turn|29
|
|t:|1743784057
|move|p1a: Skeledirge|Hex|p2a: Clodsire
|-damage|p2a: Clodsire|0 fnt
|faint|p2a: Clodsire
|
|-heal|p1a: Skeledirge|33/100 tox|[from] item: Leftovers
|-damage|p1a: Skeledirge|0 fnt|[from] psn
|faint|p1a: Skeledirge
|upkeep
|
|t:|1743784063
|switch|p1a: Araquanid|Araquanid, M|82/100 tox
|switch|p2a: Kingambit|Kingambit, F|100/100
|-activate|p2a: Kingambit|ability: Supreme Overlord
|-start|p2a: Kingambit|fallen5|[silent]
|-item|p2a: Kingambit|Air Balloon
|-damage|p1a: Araquanid|57/100 tox|[from] Stealth Rock
|turn|30
|
|t:|1743784071
|move|p2a: Kingambit|Swords Dance|p2a: Kingambit
|-boost|p2a: Kingambit|atk|2
|move|p1a: Araquanid|Liquidation|p2a: Kingambit
|-damage|p2a: Kingambit|25/100
|-enditem|p2a: Kingambit|Air Balloon
|-damage|p1a: Araquanid|47/100 tox|[from] item: Life Orb
|
|-damage|p1a: Araquanid|41/100 tox|[from] psn
|upkeep
|turn|31
|
|t:|1743784075
|move|p2a: Kingambit|Iron Head|p1a: Araquanid
|-resisted|p1a: Araquanid
|-damage|p1a: Araquanid|0 fnt
|faint|p1a: Araquanid
|
|win|Fr3korLeNoob
|raw|maj2102's rating: 1149 &rarr; <strong>1125</strong><br />(-24 for losing)
|raw|Fr3korLeNoob's rating: 1163 &rarr; <strong>1187</strong><br />(+24 for winning)
|l|☆Fr3korLeNoob
|player|p2|
|l|☆maj2102
|player|p1|
