|j|☆jjconesa
|j|☆Morvana
|t:|1743930388
|gametype|singles
|player|p1|jjconesa|lucas|1286
|player|p2|Morvana|169|1222
|teamsize|p1|6
|teamsize|p2|6
|gen|9
|tier|[Gen 9] OU
|rated|
|rule|HP Percentage Mod: HP is shown in percentages
|rule|Endless Battle Clause: Forcing endless battles is banned
|rule|Species Clause: Limit one of each Pokémon
|rule|OHKO Clause: OHKO moves are banned
|rule|Evasion Items Clause: Evasion items are banned
|rule|Evasion Moves Clause: Evasion moves are banned
|rule|Sleep Moves Clause: Sleep-inducing moves are banned
|clearpoke
|poke|p1|Ogerpon-Wellspring, F|
|poke|p1|Vileplume, M|
|poke|p1|Lilligant-Hisui, F|
|poke|p1|Hydrapple, F|
|poke|p1|Rotom-Mow|
|poke|p1|Zarude|
|poke|p2|Serperior, M|
|poke|p2|Dragonite, M|
|poke|p2|Primarina, F|
|poke|p2|Samurott-Hisui, M|
|poke|p2|Blaziken, F|
|poke|p2|Quaquaval, M|
|teampreview
|
|t:|1743930403
|start
|switch|p1a: Vileplume|Vileplume, M|100/100
|switch|p2a: Blaziken|Blaziken, F|100/100
|turn|1
|
|t:|1743930427
|move|p2a: Blaziken|Protect|p2a: Blaziken
|-singleturn|p2a: Blaziken|Protect
|move|p1a: Vileplume|Strength Sap|p2a: Blaziken
|-activate|p2a: Blaziken|move: Protect
|
|-ability|p2a: Blaziken|Speed Boost|boost
|-boost|p2a: Blaziken|spe|1
|upkeep
|turn|2
|
|t:|1743930453
|move|p2a: Blaziken|Swords Dance|p2a: Blaziken
|-boost|p2a: Blaziken|atk|2
|move|p1a: Vileplume|Strength Sap|p2a: Blaziken
|-unboost|p2a: Blaziken|atk|1
|
|-ability|p2a: Blaziken|Speed Boost|boost
|-boost|p2a: Blaziken|spe|1
|upkeep
|turn|3
|
|t:|1743930470
|move|p2a: Blaziken|Swords Dance|p2a: Blaziken
|-boost|p2a: Blaziken|atk|2
|move|p1a: Vileplume|Leech Seed|p2a: Blaziken
|-start|p2a: Blaziken|move: Leech Seed
|
|-damage|p2a: Blaziken|88/100|[from] Leech Seed|[of] p1a: Vileplume
|-ability|p2a: Blaziken|Speed Boost|boost
|-boost|p2a: Blaziken|spe|1
|upkeep
|turn|4
|
|t:|1743930480
|switch|p1a: Hydrapple|Hydrapple, F|100/100
|move|p2a: Blaziken|Blaze Kick|p1a: Hydrapple
|-damage|p1a: Hydrapple|16/100
|
|-damage|p2a: Blaziken|76/100|[from] Leech Seed|[of] p1a: Hydrapple
|-heal|p1a: Hydrapple|25/100|[silent]
|-ability|p2a: Blaziken|Speed Boost|boost
|-boost|p2a: Blaziken|spe|1
|upkeep
|turn|5
|inactive|Battle timer is ON: inactive players will automatically lose when time's up. (requested by Morvana)
|
|t:|1743930505
|switch|p1a: Vileplume|Vileplume, M|100/100
|move|p2a: Blaziken|Close Combat|p1a: Vileplume
|-resisted|p1a: Vileplume
|-damage|p1a: Vileplume|33/100
|-unboost|p2a: Blaziken|def|1
|-unboost|p2a: Blaziken|spd|1
|
|-heal|p1a: Vileplume|39/100|[from] item: Leftovers
|-damage|p2a: Blaziken|64/100|[from] Leech Seed|[of] p1a: Vileplume
|-heal|p1a: Vileplume|50/100|[silent]
|-ability|p2a: Blaziken|Speed Boost|boost
|-boost|p2a: Blaziken|spe|1
|upkeep
|turn|6
|inactive|jjconesa has 120 seconds left.
|
|t:|1743930538
|move|p2a: Blaziken|Blaze Kick|p1a: Vileplume
|-supereffective|p1a: Vileplume
|-damage|p1a: Vileplume|0 fnt
|-status|p2a: Blaziken|slp|[from] ability: Effect Spore|[of] p1a: Vileplume
|faint|p1a: Vileplume
|
|-ability|p2a: Blaziken|Speed Boost|boost
|-boost|p2a: Blaziken|spe|1
|upkeep
|inactive|jjconesa has 120 seconds left.
|
|t:|1743930558
|switch|p1a: Ogerpon|Ogerpon-Wellspring, F|100/100
|turn|7
|
|t:|1743930573
|switch|p2a: Serperior|Serperior, M|100/100
|move|p1a: Ogerpon|Horn Leech|p2a: Serperior
|-resisted|p2a: Serperior
|-damage|p2a: Serperior|73/100
|
|-heal|p2a: Serperior|79/100|[from] item: Leftovers
|upkeep
|turn|8
|
|t:|1743930583
|move|p2a: Serperior|Glare|p1a: Ogerpon
|-status|p1a: Ogerpon|par
|move|p1a: Ogerpon|U-turn|p2a: Serperior
|-supereffective|p2a: Serperior
|-damage|p2a: Serperior|11/100
|inactive|jjconesa has 90 seconds left.
|
|t:|1743930603
|switch|p1a: Hydrapple|Hydrapple, F|58/100|[from] U-turn
|
|-heal|p2a: Serperior|18/100|[from] item: Leftovers
|upkeep
|turn|9
|
|t:|1743930612
|move|p2a: Serperior|Glare|p1a: Hydrapple
|-status|p1a: Hydrapple|par
|cant|p1a: Hydrapple|par
|
|-heal|p2a: Serperior|24/100|[from] item: Leftovers
|upkeep
|turn|10
|
|t:|1743930639
|switch|p2a: Samurott|Samurott-Hisui, M|100/100
|cant|p1a: Hydrapple|par
|
|upkeep
|turn|11
|
|t:|1743930648
|move|p2a: Samurott|Ceaseless Edge|p1a: Hydrapple
|-damage|p1a: Hydrapple|29/100 par
|-sidestart|p1: jjconesa|Spikes
|move|p1a: Hydrapple|Leaf Storm|p2a: Samurott
|-supereffective|p2a: Samurott
|-damage|p2a: Samurott|0 fnt
|-unboost|p1a: Hydrapple|spa|2
|faint|p2a: Samurott
|
|upkeep
|
|t:|1743930662
|switch|p2a: Quaquaval|Quaquaval, M|100/100
|turn|12
|inactive|Morvana has 120 seconds left.
|
|t:|1743930688
|switch|p1a: Rotom|Rotom-Mow|100/100
|move|p2a: Quaquaval|Close Combat|p1a: Rotom
|-damage|p1a: Rotom|0 fnt
|-unboost|p2a: Quaquaval|def|1
|-unboost|p2a: Quaquaval|spd|1
|faint|p1a: Rotom
|-ability|p2a: Quaquaval|Moxie|boost
|-boost|p2a: Quaquaval|atk|1
|-damage|p2a: Quaquaval|91/100|[from] item: Life Orb
|
|upkeep
|inactive|jjconesa has 90 seconds left.
|
|t:|1743930708
|switch|p1a: Lilligant|Lilligant-Hisui, F|100/100
|-damage|p1a: Lilligant|88/100|[from] Spikes
|turn|13
|inactive|jjconesa has 90 seconds left.
|inactive|Morvana has 120 seconds left.
|
|t:|1743930732
|move|p1a: Lilligant|Victory Dance|p1a: Lilligant
|-boost|p1a: Lilligant|atk|1
|-boost|p1a: Lilligant|def|1
|-boost|p1a: Lilligant|spe|1
|move|p2a: Quaquaval|Close Combat|p1a: Lilligant
|-damage|p1a: Lilligant|0 fnt
|-unboost|p2a: Quaquaval|def|1
|-unboost|p2a: Quaquaval|spd|1
|faint|p1a: Lilligant
|-ability|p2a: Quaquaval|Moxie|boost
|-boost|p2a: Quaquaval|atk|1
|-damage|p2a: Quaquaval|81/100|[from] item: Life Orb
|
|upkeep
|inactive|jjconesa has 90 seconds left.
|
|t:|1743930747
|switch|p1a: Zarude|Zarude|100/100
|-damage|p1a: Zarude|88/100|[from] Spikes
|turn|14
|inactive|Morvana has 120 seconds left.
|
|t:|1743930758
|move|p1a: Zarude|Power Whip|p2a: Quaquaval
|-supereffective|p2a: Quaquaval
|-damage|p2a: Quaquaval|0 fnt
|faint|p2a: Quaquaval
|
|upkeep
|
|t:|1743930776
|switch|p2a: Serperior|Serperior, M|24/100
|turn|15
|
|t:|1743930782
|move|p1a: Zarude|Power Whip|p2a: Serperior
|-resisted|p2a: Serperior
|-damage|p2a: Serperior|0 fnt
|faint|p2a: Serperior
|
|upkeep
|
|t:|1743930793
|switch|p2a: Dragonite|Dragonite, M|100/100
|turn|16
|
|t:|1743930800
|move|p1a: Zarude|Power Whip|p2a: Dragonite
|-resisted|p2a: Dragonite
|-damage|p2a: Dragonite|92/100
|move|p2a: Dragonite|Dragon Dance|p2a: Dragonite
|-boost|p2a: Dragonite|atk|1
|-boost|p2a: Dragonite|spe|1
|
|-heal|p2a: Dragonite|98/100|[from] item: Leftovers
|upkeep
|turn|17
|inactive|jjconesa has 120 seconds left.
|
|t:|1743930814
|switch|p1a: Hydrapple|Hydrapple, F|62/100 par
|-damage|p1a: Hydrapple|49/100 par|[from] Spikes
|move|p2a: Dragonite|Dragon Dance|p2a: Dragonite
|-boost|p2a: Dragonite|atk|1
|-boost|p2a: Dragonite|spe|1
|
|-heal|p2a: Dragonite|100/100|[from] item: Leftovers
|upkeep
|turn|18
|inactive|jjconesa has 120 seconds left.
|inactive|Morvana has 120 seconds left.
|
|t:|1743930835
|-terastallize|p1a: Hydrapple|Steel
|move|p2a: Dragonite|Outrage|p1a: Hydrapple
|-resisted|p1a: Hydrapple
|-damage|p1a: Hydrapple|0 fnt
|faint|p1a: Hydrapple
|
|upkeep
|-message|jjconesa forfeited.
|
|win|Morvana
|raw|jjconesa's rating: 1286 &rarr; <strong>1256</strong><br />(-30 for losing)
|raw|Morvana's rating: 1222 &rarr; <strong>1252</strong><br />(+30 for winning)
|l|☆jjconesa
|player|p1|
|l|☆Morvana
|player|p2|
