|j|☆MiaTaylor612
|j|☆mansonabuluting
|t:|1743791664
|gametype|singles
|player|p1|MiaTaylor612|idol|1646
|player|p2|mansonabuluting|169|1598
|teamsize|p1|6
|teamsize|p2|6
|gen|9
|tier|[Gen 9] OU
|rated|
|rule|HP Percentage Mod: HP is shown in percentages
|rule|Endless Battle Clause: Forcing endless battles is banned
|rule|Species Clause: Limit one of each Pokémon
|rule|OHKO Clause: OHKO moves are banned
|rule|Evasion Items Clause: Evasion items are banned
|rule|Evasion Moves Clause: Evasion moves are banned
|rule|Sleep Moves Clause: Sleep-inducing moves are banned
|clearpoke
|poke|p1|Garchomp, F|
|poke|p1|Slowking-Galar, F|
|poke|p1|Gholdengo|
|poke|p1|Moltres|
|poke|p1|Iron Valiant|
|poke|p1|Kingambit, M|
|poke|p2|Volcanion|
|poke|p2|Rillaboom, F|
|poke|p2|Hawlucha, M|
|poke|p2|Goodra-Hisui, M|
|poke|p2|Thundurus-Therian, M|
|poke|p2|Great Tusk|
|teampreview
|inactive|Battle timer is ON: inactive players will automatically lose when time's up. (requested by MiaTaylor612)
|
|t:|1743791678
|start
|switch|p1a: Garchomp|Garchomp, F|100/100
|switch|p2a: Rillaboom|Rillaboom, F|100/100
|-fieldstart|move: Grassy Terrain|[from] ability: Grassy Surge|[of] p2a: Rillaboom
|turn|1
|inactive|MiaTaylor612 has 120 seconds left.
|
|t:|1743791719
|move|p1a: Garchomp|Stealth Rock|p2a: Rillaboom
|-sidestart|p2: mansonabuluting|move: Stealth Rock
|move|p2a: Rillaboom|Knock Off|p1a: Garchomp
|-damage|p1a: Garchomp|65/100
|-damage|p2a: Rillaboom|88/100|[from] ability: Rough Skin|[of] p1a: Garchomp
|-damage|p2a: Rillaboom|71/100|[from] item: Rocky Helmet|[of] p1a: Garchomp
|-enditem|p1a: Garchomp|Rocky Helmet|[from] move: Knock Off|[of] p2a: Rillaboom
|
|-heal|p1a: Garchomp|71/100|[from] Grassy Terrain
|-heal|p2a: Rillaboom|78/100|[from] Grassy Terrain
|upkeep
|turn|2
|
|t:|1743791734
|switch|p2a: Great Tusk|Great Tusk|100/100
|-damage|p2a: Great Tusk|97/100|[from] Stealth Rock
|move|p1a: Garchomp|Dragon Tail|p2a: Great Tusk
|-damage|p2a: Great Tusk|85/100
|-damage|p1a: Garchomp|55/100|[from] item: Rocky Helmet|[of] p2a: Great Tusk
|-end|p2a: Great Tusk|Protosynthesis|[silent]
|drag|p2a: Volcanion|Volcanion|100/100
|-damage|p2a: Volcanion|76/100|[from] Stealth Rock
|
|-heal|p1a: Garchomp|61/100|[from] Grassy Terrain
|-heal|p2a: Volcanion|82/100|[from] Grassy Terrain
|upkeep
|turn|3
|
|t:|1743791742
|switch|p2a: Rillaboom|Rillaboom, F|78/100
|-damage|p2a: Rillaboom|65/100|[from] Stealth Rock
|move|p1a: Garchomp|Spikes|p2a: Rillaboom
|-sidestart|p2: mansonabuluting|Spikes
|
|-heal|p1a: Garchomp|67/100|[from] Grassy Terrain
|-heal|p2a: Rillaboom|71/100|[from] Grassy Terrain
|upkeep
|turn|4
|
|t:|1743791747
|move|p1a: Garchomp|Spikes|p2a: Rillaboom
|-sidestart|p2: mansonabuluting|Spikes
|move|p2a: Rillaboom|Wood Hammer|p1a: Garchomp
|-damage|p1a: Garchomp|0 fnt
|-damage|p2a: Rillaboom|59/100|[from] ability: Rough Skin|[of] p1a: Garchomp
|faint|p1a: Garchomp
|-damage|p2a: Rillaboom|36/100|[from] Recoil
|
|-heal|p2a: Rillaboom|42/100|[from] Grassy Terrain
|upkeep
|
|t:|1743791755
|switch|p1a: Iron Valiant|Iron Valiant|100/100
|turn|5
|
|t:|1743791775
|switch|p2a: Hawlucha|Hawlucha, M|100/100
|-damage|p2a: Hawlucha|88/100|[from] Stealth Rock
|-enditem|p2a: Hawlucha|Grassy Seed
|-boost|p2a: Hawlucha|def|1|[from] item: Grassy Seed
|move|p1a: Iron Valiant|Close Combat|p2a: Hawlucha
|-resisted|p2a: Hawlucha
|-damage|p2a: Hawlucha|63/100
|-unboost|p1a: Iron Valiant|def|1
|-unboost|p1a: Iron Valiant|spd|1
|
|-fieldend|move: Grassy Terrain
|upkeep
|turn|6
|
|t:|1743791781
|-end|p1a: Iron Valiant|Quark Drive|[silent]
|switch|p1a: Moltres|Moltres|100/100
|move|p2a: Hawlucha|Acrobatics|p1a: Moltres
|-damage|p1a: Moltres|51/100
|-status|p2a: Hawlucha|brn|[from] ability: Flame Body|[of] p1a: Moltres
|
|-damage|p2a: Hawlucha|57/100 brn|[from] brn
|upkeep
|turn|7
|
|t:|1743791786
|move|p2a: Hawlucha|Swords Dance|p2a: Hawlucha
|-boost|p2a: Hawlucha|atk|2
|move|p1a: Moltres|Roost|p1a: Moltres
|-heal|p1a: Moltres|100/100
|-singleturn|p1a: Moltres|move: Roost
|
|-damage|p2a: Hawlucha|50/100 brn|[from] brn
|upkeep
|turn|8
|
|t:|1743791793
|switch|p1a: Gholdengo|Gholdengo|100/100
|move|p2a: Hawlucha|Acrobatics|p1a: Gholdengo
|-resisted|p1a: Gholdengo
|-damage|p1a: Gholdengo|82/100
|
|-damage|p2a: Hawlucha|44/100 brn|[from] brn
|upkeep
|turn|9
|
|t:|1743791799
|move|p2a: Hawlucha|Acrobatics|p1a: Gholdengo
|-resisted|p1a: Gholdengo
|-damage|p1a: Gholdengo|65/100
|move|p1a: Gholdengo|Hex|p2a: Hawlucha
|-crit|p2a: Hawlucha
|-damage|p2a: Hawlucha|0 fnt
|faint|p2a: Hawlucha
|
|upkeep
|
|t:|1743791803
|switch|p2a: Goodra|Goodra-Hisui, M|100/100
|-damage|p2a: Goodra|94/100|[from] Stealth Rock
|-damage|p2a: Goodra|78/100|[from] Spikes
|turn|10
|
|t:|1743791807
|switch|p1a: Slowking|Slowking-Galar, F|100/100
|move|p2a: Goodra|Flamethrower|p1a: Slowking
|-damage|p1a: Slowking|82/100
|
|upkeep
|turn|11
|
|t:|1743791829
|switch|p2a: Volcanion|Volcanion|82/100
|-damage|p2a: Volcanion|57/100|[from] Stealth Rock
|-damage|p2a: Volcanion|40/100|[from] Spikes
|-prepare|p1a: Slowking|Chilly Reception|[premajor]
|move|p1a: Slowking|Chilly Reception|p1a: Slowking
|-weather|Snowscape
|
|t:|1743791833
|switch|p1a: Kingambit|Kingambit, M|100/100|[from] Chilly Reception
|-activate|p1a: Kingambit|ability: Supreme Overlord
|-start|p1a: Kingambit|fallen1|[silent]
|
|-weather|Snowscape|[upkeep]
|upkeep
|turn|12
|
|t:|1743791845
|-end|p1a: Kingambit|fallen1|[silent]
|switch|p1a: Slowking|Slowking-Galar, F|100/100
|move|p2a: Volcanion|Steam Eruption|p1a: Slowking
|-damage|p1a: Slowking|46/100
|
|-weather|Snowscape|[upkeep]
|upkeep
|turn|13
|
|t:|1743791855
|-terastallize|p1a: Slowking|Water
|move|p2a: Volcanion|Steam Eruption|p1a: Slowking
|-resisted|p1a: Slowking
|-damage|p1a: Slowking|19/100
|-status|p1a: Slowking|brn
|-prepare|p1a: Slowking|Chilly Reception|[premajor]
|move|p1a: Slowking|Chilly Reception|p1a: Slowking
|
|t:|1743791860
|switch|p1a: Iron Valiant|Iron Valiant|100/100|[from] Chilly Reception
|
|-weather|Snowscape|[upkeep]
|upkeep
|turn|14
|
|t:|1743791868
|move|p1a: Iron Valiant|Close Combat|p2a: Volcanion
|-damage|p2a: Volcanion|0 fnt
|-unboost|p1a: Iron Valiant|def|1
|-unboost|p1a: Iron Valiant|spd|1
|faint|p2a: Volcanion
|
|-weather|Snowscape|[upkeep]
|upkeep
|
|t:|1743791874
|switch|p2a: Thundurus|Thundurus-Therian, M|100/100
|-damage|p2a: Thundurus|76/100|[from] Stealth Rock
|turn|15
|
|t:|1743791882
|-end|p1a: Iron Valiant|Quark Drive|[silent]
|switch|p1a: Slowking|Slowking-Galar, F, tera:Water|52/100 brn
|move|p2a: Thundurus|Volt Switch|p1a: Slowking
|-supereffective|p1a: Slowking
|-damage|p1a: Slowking|3/100 brn
|
|t:|1743791887
|switch|p2a: Rillaboom|Rillaboom, F|42/100|[from] Volt Switch
|-damage|p2a: Rillaboom|30/100|[from] Stealth Rock
|-damage|p2a: Rillaboom|13/100|[from] Spikes
|-fieldstart|move: Grassy Terrain|[from] ability: Grassy Surge|[of] p2a: Rillaboom
|
|-weather|none
|-heal|p2a: Rillaboom|20/100|[from] Grassy Terrain
|-heal|p1a: Slowking|9/100 brn|[from] Grassy Terrain
|-damage|p1a: Slowking|3/100 brn|[from] brn
|upkeep
|turn|16
|
|t:|1743791909
|switch|p1a: Moltres|Moltres|100/100
|move|p2a: Rillaboom|Knock Off|p1a: Moltres
|-damage|p1a: Moltres|48/100
|-status|p2a: Rillaboom|brn|[from] ability: Flame Body|[of] p1a: Moltres
|-enditem|p1a: Moltres|Heavy-Duty Boots|[from] move: Knock Off|[of] p2a: Rillaboom
|
|-heal|p2a: Rillaboom|26/100 brn|[from] Grassy Terrain
|-damage|p2a: Rillaboom|20/100 brn|[from] brn
|upkeep
|turn|17
|
|t:|1743791919
|switch|p2a: Great Tusk|Great Tusk|85/100
|-damage|p2a: Great Tusk|82/100|[from] Stealth Rock
|-damage|p2a: Great Tusk|65/100|[from] Spikes
|move|p1a: Moltres|Roost|p1a: Moltres
|-heal|p1a: Moltres|98/100
|-singleturn|p1a: Moltres|move: Roost
|
|-heal|p1a: Moltres|100/100|[from] Grassy Terrain
|-heal|p2a: Great Tusk|72/100|[from] Grassy Terrain
|upkeep
|turn|18
|
|t:|1743791931
|-end|p2a: Great Tusk|Protosynthesis|[silent]
|switch|p2a: Rillaboom|Rillaboom, F|20/100 brn
|-damage|p2a: Rillaboom|7/100 brn|[from] Stealth Rock
|-damage|p2a: Rillaboom|0 fnt|[from] Spikes
|faint|p2a: Rillaboom
|move|p1a: Moltres|Flamethrower|p2: Rillaboom|[notarget]
|-fail|p1a: Moltres
|
|upkeep
|
|t:|1743791935
|switch|p2a: Goodra|Goodra-Hisui, M|78/100
|-damage|p2a: Goodra|72/100|[from] Stealth Rock
|-damage|p2a: Goodra|55/100|[from] Spikes
|turn|19
|
|t:|1743791941
|move|p2a: Goodra|Surf|p1a: Moltres
|-supereffective|p1a: Moltres
|-damage|p1a: Moltres|54/100
|move|p1a: Moltres|Roar|p2a: Goodra
|drag|p2a: Great Tusk|Great Tusk|72/100
|-damage|p2a: Great Tusk|69/100|[from] Stealth Rock
|-damage|p2a: Great Tusk|52/100|[from] Spikes
|
|-heal|p2a: Great Tusk|58/100|[from] Grassy Terrain
|-fieldend|move: Grassy Terrain
|upkeep
|turn|20
|
|t:|1743791956
|switch|p1a: Gholdengo|Gholdengo|65/100
|-end|p2a: Great Tusk|Protosynthesis|[silent]
|switch|p2a: Thundurus|Thundurus-Therian, M|76/100
|-damage|p2a: Thundurus|51/100|[from] Stealth Rock
|
|upkeep
|turn|21
|
|t:|1743791962
|switch|p1a: Slowking|Slowking-Galar, F, tera:Water|36/100 brn
|move|p2a: Thundurus|Volt Switch|p1a: Slowking
|-supereffective|p1a: Slowking
|-damage|p1a: Slowking|0 fnt
|faint|p1a: Slowking
|
|t:|1743791970
|switch|p2a: Goodra|Goodra-Hisui, M|55/100|[from] Volt Switch
|-damage|p2a: Goodra|49/100|[from] Stealth Rock
|-damage|p2a: Goodra|33/100|[from] Spikes
|
|upkeep
|
|t:|1743791979
|switch|p1a: Iron Valiant|Iron Valiant|100/100
|turn|22
|
|t:|1743791986
|move|p1a: Iron Valiant|Close Combat|p2a: Goodra
|-supereffective|p2a: Goodra
|-damage|p2a: Goodra|0 fnt
|-unboost|p1a: Iron Valiant|def|1
|-unboost|p1a: Iron Valiant|spd|1
|-ability|p2a: Goodra|Gooey
|-unboost|p1a: Iron Valiant|spe|1
|faint|p2a: Goodra
|
|upkeep
|
|t:|1743791991
|switch|p2a: Thundurus|Thundurus-Therian, M|51/100
|-damage|p2a: Thundurus|26/100|[from] Stealth Rock
|turn|23
|
|t:|1743791997
|-terastallize|p2a: Thundurus|Flying
|move|p2a: Thundurus|Tera Blast|p1a: Iron Valiant|[anim] Tera Blast Flying
|-supereffective|p1a: Iron Valiant
|-damage|p1a: Iron Valiant|0 fnt
|faint|p1a: Iron Valiant
|-end|p1a: Iron Valiant|Quark Drive|[silent]
|
|upkeep
|
|t:|1743792001
|switch|p1a: Kingambit|Kingambit, M|100/100
|-activate|p1a: Kingambit|ability: Supreme Overlord
|-start|p1a: Kingambit|fallen3|[silent]
|turn|24
|
|t:|1743792007
|switch|p2a: Great Tusk|Great Tusk|58/100
|-damage|p2a: Great Tusk|55/100|[from] Stealth Rock
|-damage|p2a: Great Tusk|39/100|[from] Spikes
|move|p1a: Kingambit|Swords Dance|p1a: Kingambit
|-boost|p1a: Kingambit|atk|2
|
|upkeep
|turn|25
|
|t:|1743792012
|-end|p1a: Kingambit|fallen3|[silent]
|switch|p1a: Moltres|Moltres|54/100
|move|p2a: Great Tusk|Headlong Rush|p1a: Moltres
|-immune|p1a: Moltres
|
|upkeep
|turn|26
|
|t:|1743792017
|move|p1a: Moltres|Flamethrower|p2a: Great Tusk
|-damage|p2a: Great Tusk|0 fnt
|faint|p2a: Great Tusk
|-end|p2a: Great Tusk|Protosynthesis|[silent]
|
|upkeep
|-message|mansonabuluting forfeited.
|
|win|MiaTaylor612
|raw|MiaTaylor612's rating: 1646 &rarr; <strong>1663</strong><br />(+17 for winning)
|raw|mansonabuluting's rating: 1598 &rarr; <strong>1581</strong><br />(-17 for losing)
|l|☆mansonabuluting
|player|p2|
|l|☆MiaTaylor612
|player|p1|
