|j|☆Yori_uzui
|j|☆bade bunningham
|t:|1743861042
|gametype|singles
|player|p1|Yori_uzui|winona|1665
|player|p2|bade bunningham|1|1675
|teamsize|p1|6
|teamsize|p2|6
|gen|9
|tier|[Gen 9] OU
|rated|
|rule|HP Percentage Mod: HP is shown in percentages
|rule|Endless Battle Clause: Forcing endless battles is banned
|rule|Species Clause: Limit one of each Pokémon
|rule|OHKO Clause: OHKO moves are banned
|rule|Evasion Items Clause: Evasion items are banned
|rule|Evasion Moves Clause: Evasion moves are banned
|rule|Sleep Moves Clause: Sleep-inducing moves are banned
|clearpoke
|poke|p1|Great Tusk|
|poke|p1|Ogerpon-Wellspring, F|
|poke|p1|Corviknight, M|
|poke|p1|Iron Valiant|
|poke|p1|Slowking-Galar, F|
|poke|p1|Darkrai|
|poke|p2|Iron Moth|
|poke|p2|Great Tusk|
|poke|p2|Primarina, M|
|poke|p2|Iron Crown|
|poke|p2|Meowscarada, M|
|poke|p2|Dragonite, M|
|teampreview
|inactive|Battle timer is ON: inactive players will automatically lose when time's up. (requested by Yori_uzui)
|
|t:|1743861061
|start
|switch|p1a: Slowking|Slowking-Galar, F|100/100
|switch|p2a: Meowscarada|Meowscarada, M, shiny|100/100
|turn|1
|
|t:|1743861069
|switch|p1a: Corviknight|Corviknight, M, shiny|100/100
|-ability|p1a: Corviknight|Pressure
|move|p2a: Meowscarada|Trick|p1a: Corviknight
|-start|p2a: Meowscarada|typechange|Psychic|[from] ability: Protean
|-activate|p2a: Meowscarada|move: Trick|[of] p1a: Corviknight
|-item|p1a: Corviknight|Choice Scarf|[from] move: Trick
|-item|p2a: Meowscarada|Covert Cloak|[from] move: Trick
|
|upkeep
|turn|2
|
|t:|1743861079
|move|p2a: Meowscarada|U-turn|p1a: Corviknight
|-resisted|p1a: Corviknight
|-damage|p1a: Corviknight|97/100
|
|t:|1743861082
|switch|p2a: Great Tusk|Great Tusk, shiny|100/100|[from] U-turn
|move|p1a: Corviknight|Brave Bird|p2a: Great Tusk
|-supereffective|p2a: Great Tusk
|-damage|p2a: Great Tusk|50/100
|-damage|p1a: Corviknight|81/100|[from] item: Rocky Helmet|[of] p2a: Great Tusk
|-damage|p1a: Corviknight|65/100|[from] Recoil
|
|upkeep
|turn|3
|
|t:|1743861088
|-end|p2a: Great Tusk|Protosynthesis|[silent]
|switch|p2a: Iron Crown|Iron Crown|100/100
|move|p1a: Corviknight|Brave Bird|p2a: Iron Crown
|-resisted|p2a: Iron Crown
|-damage|p2a: Iron Crown|82/100
|-damage|p1a: Corviknight|60/100|[from] Recoil
|
|upkeep
|turn|4
|
|t:|1743861093
|switch|p1a: Slowking|Slowking-Galar, F|100/100
|move|p2a: Iron Crown|Psychic Noise|p1a: Slowking
|-damage|p1a: Slowking|69/100
|-start|p1a: Slowking|move: Heal Block
|
|upkeep
|turn|5
|
|t:|1743861097
|-end|p2a: Iron Crown|Quark Drive|[silent]
|switch|p2a: Great Tusk|Great Tusk, shiny|50/100
|-prepare|p1a: Slowking|Chilly Reception|[premajor]
|move|p1a: Slowking|Chilly Reception|p1a: Slowking
|-weather|Snowscape
|
|t:|1743861100
|switch|p1a: Corviknight|Corviknight, M, shiny|60/100|[from] Chilly Reception
|-ability|p1a: Corviknight|Pressure
|
|-weather|Snowscape|[upkeep]
|upkeep
|turn|6
|
|t:|1743861111
|-end|p2a: Great Tusk|Protosynthesis|[silent]
|switch|p2a: Iron Crown|Iron Crown|82/100
|move|p1a: Corviknight|Roost|p1a: Corviknight
|-heal|p1a: Corviknight|100/100
|-singleturn|p1a: Corviknight|move: Roost
|
|-weather|Snowscape|[upkeep]
|upkeep
|turn|7
|
|t:|1743861121
|-end|p2a: Iron Crown|Quark Drive|[silent]
|switch|p2a: Great Tusk|Great Tusk, shiny|50/100
|switch|p1a: Slowking|Slowking-Galar, F|100/100
|
|-weather|Snowscape|[upkeep]
|upkeep
|turn|8
|
|t:|1743861125
|switch|p1a: Corviknight|Corviknight, M, shiny|100/100
|-ability|p1a: Corviknight|Pressure
|move|p2a: Great Tusk|Stealth Rock|p1a: Corviknight
|-sidestart|p1: Yori_uzui|move: Stealth Rock
|
|-weather|Snowscape|[upkeep]
|upkeep
|turn|9
|
|t:|1743861136
|-end|p2a: Great Tusk|Protosynthesis|[silent]
|switch|p2a: Meowscarada|Meowscarada, M, shiny|100/100
|move|p1a: Corviknight|Brave Bird|p2a: Meowscarada
|-supereffective|p2a: Meowscarada
|-damage|p2a: Meowscarada|0 fnt
|faint|p2a: Meowscarada
|-damage|p1a: Corviknight|76/100|[from] Recoil
|
|-weather|none
|upkeep
|j| AzovSTALL
|
|t:|1743861150
|switch|p2a: Primarina|Primarina, M, shiny|100/100
|turn|10
|
|t:|1743861154
|switch|p1a: Slowking|Slowking-Galar, F|100/100
|move|p2a: Primarina|Calm Mind|p2a: Primarina
|-boost|p2a: Primarina|spa|1
|-boost|p2a: Primarina|spd|1
|
|upkeep
|turn|11
|
|t:|1743861159
|-terastallize|p2a: Primarina|Ghost
|move|p2a: Primarina|Substitute|p2a: Primarina
|-start|p2a: Primarina|Substitute
|-damage|p2a: Primarina|76/100
|move|p1a: Slowking|Sludge Bomb|p2a: Primarina
|-resisted|p2a: Primarina
|-activate|p2a: Primarina|move: Substitute|[damage]
|
|-heal|p2a: Primarina|82/100|[from] item: Leftovers
|upkeep
|turn|12
|
|t:|1743861165
|move|p2a: Primarina|Calm Mind|p2a: Primarina
|-boost|p2a: Primarina|spa|1
|-boost|p2a: Primarina|spd|1
|move|p1a: Slowking|Future Sight|p2a: Primarina
|-start|p1a: Slowking|move: Future Sight
|
|-heal|p2a: Primarina|88/100|[from] item: Leftovers
|upkeep
|turn|13
|
|t:|1743861167
|move|p2a: Primarina|Calm Mind|p2a: Primarina
|-boost|p2a: Primarina|spa|1
|-boost|p2a: Primarina|spd|1
|-prepare|p1a: Slowking|Chilly Reception|[premajor]
|move|p1a: Slowking|Chilly Reception|p1a: Slowking
|-weather|Snowscape
|
|t:|1743861170
|switch|p1a: Ogerpon|Ogerpon-Wellspring, F|100/100|[from] Chilly Reception
|-damage|p1a: Ogerpon|88/100|[from] Stealth Rock
|
|-weather|Snowscape|[upkeep]
|-heal|p2a: Primarina|94/100|[from] item: Leftovers
|upkeep
|turn|14
|
|t:|1743861172
|-terastallize|p1a: Ogerpon|Water
|detailschange|p1a: Ogerpon|Ogerpon-Wellspring-Tera, F, tera:Water
|-ability|p1a: Ogerpon|Embody Aspect (Wellspring)|boost
|-boost|p1a: Ogerpon|spd|1
|move|p1a: Ogerpon|Horn Leech|p2a: Primarina
|-end|p2a: Primarina|Substitute
|-heal|p1a: Ogerpon|98/100|[from] drain|[of] p2a: Primarina
|move|p2a: Primarina|Draining Kiss|p1a: Ogerpon
|-crit|p1a: Ogerpon
|-damage|p1a: Ogerpon|3/100
|-heal|p2a: Primarina|100/100|[from] drain|[of] p1a: Ogerpon
|
|-weather|Snowscape|[upkeep]
|-end|p2a: Primarina|move: Future Sight
|-damage|p2a: Primarina|84/100
|-heal|p2a: Primarina|90/100|[from] item: Leftovers
|upkeep
|turn|15
|j| Fifo drummer
|
|t:|1743861183
|move|p1a: Ogerpon|Ivy Cudgel|p2a: Primarina|[anim] Ivy Cudgel Water
|-damage|p2a: Primarina|28/100
|move|p2a: Primarina|Draining Kiss|p1a: Ogerpon
|-damage|p1a: Ogerpon|0 fnt
|-heal|p2a: Primarina|30/100|[from] drain|[of] p1a: Ogerpon
|faint|p1a: Ogerpon
|
|-weather|Snowscape|[upkeep]
|-heal|p2a: Primarina|36/100|[from] item: Leftovers
|upkeep
|c| AzovSTALL|Yori_uzui
|c| AzovSTALL|its ggs
|
|t:|1743861195
|switch|p1a: Great Tusk|Great Tusk|100/100
|turn|16
|
|t:|1743861203
|switch|p2a: Dragonite|Dragonite, M, shiny|100/100
|move|p1a: Great Tusk|Headlong Rush|p2a: Dragonite
|-immune|p2a: Dragonite
|
|-weather|Snowscape|[upkeep]
|upkeep
|turn|17
|
|t:|1743861211
|move|p1a: Great Tusk|Rapid Spin|p2a: Dragonite
|-damage|p2a: Dragonite|91/100
|-boost|p1a: Great Tusk|spe|1
|-sideend|p1: Yori_uzui|Stealth Rock|[from] move: Rapid Spin|[of] p1a: Great Tusk
|move|p2a: Dragonite|Ice Spinner|p1a: Great Tusk
|-supereffective|p1a: Great Tusk
|-damage|p1a: Great Tusk|32/100
|
|-weather|none
|upkeep
|turn|18
|
|t:|1743861234
|switch|p2a: Iron Moth|Iron Moth, shiny|100/100
|-enditem|p2a: Iron Moth|Booster Energy
|-activate|p2a: Iron Moth|ability: Quark Drive|[fromitem]
|-start|p2a: Iron Moth|quarkdrivespe
|move|p1a: Great Tusk|Ice Spinner|p2a: Iron Moth
|-resisted|p2a: Iron Moth
|-damage|p2a: Iron Moth|81/100
|
|upkeep
|turn|19
|
|t:|1743861249
|-end|p2a: Iron Moth|Quark Drive|[silent]
|switch|p2a: Great Tusk|Great Tusk, shiny|50/100
|-end|p1a: Great Tusk|Protosynthesis|[silent]
|switch|p1a: Slowking|Slowking-Galar, F|100/100
|
|upkeep
|turn|20
|
|t:|1743861252
|switch|p1a: Corviknight|Corviknight, M, shiny|76/100
|-ability|p1a: Corviknight|Pressure
|move|p2a: Great Tusk|Stealth Rock|p1a: Corviknight
|-sidestart|p1: Yori_uzui|move: Stealth Rock
|
|upkeep
|turn|21
|
|t:|1743861263
|-end|p2a: Great Tusk|Protosynthesis|[silent]
|switch|p2a: Iron Crown|Iron Crown|82/100
|switch|p1a: Darkrai|Darkrai|100/100
|-damage|p1a: Darkrai|88/100|[from] Stealth Rock
|
|upkeep
|turn|22
|c|☆Yori_uzui|Are you sure?
|
|t:|1743861287
|move|p1a: Darkrai|Dark Pulse|p2a: Iron Crown
|-supereffective|p2a: Iron Crown
|-damage|p2a: Iron Crown|1/100
|move|p2a: Iron Crown|Tachyon Cutter|p1a: Darkrai
|-damage|p1a: Darkrai|37/100
|-damage|p1a: Darkrai|0 fnt
|faint|p1a: Darkrai
|-hitcount|p1: Darkrai|2
|
|upkeep
|
|t:|1743861304
|switch|p1a: Iron Valiant|Iron Valiant|100/100
|-damage|p1a: Iron Valiant|94/100|[from] Stealth Rock
|-enditem|p1a: Iron Valiant|Booster Energy
|-activate|p1a: Iron Valiant|ability: Quark Drive|[fromitem]
|-start|p1a: Iron Valiant|quarkdrivespe
|turn|23
|c| AzovSTALL|close now
|inactive|bade bunningham has 120 seconds left.
|
|t:|1743861333
|-end|p2a: Iron Crown|Quark Drive|[silent]
|switch|p2a: Primarina|Primarina, M, shiny, tera:Ghost|36/100
|move|p1a: Iron Valiant|Knock Off|p2a: Primarina
|-supereffective|p2a: Primarina
|-damage|p2a: Primarina|0 fnt
|-enditem|p2a: Primarina|Leftovers|[from] move: Knock Off|[of] p1a: Iron Valiant
|faint|p2a: Primarina
|
|upkeep
|inactive|bade bunningham has 120 seconds left.
|
|t:|1743861343
|switch|p2a: Iron Moth|Iron Moth, shiny|81/100
|turn|24
|
|t:|1743861353
|-end|p1a: Iron Valiant|Quark Drive|[silent]
|switch|p1a: Great Tusk|Great Tusk|32/100
|move|p2a: Iron Moth|Sludge Wave|p1a: Great Tusk
|-resisted|p1a: Great Tusk
|-damage|p1a: Great Tusk|0 fnt
|faint|p1a: Great Tusk
|-end|p1a: Great Tusk|Protosynthesis|[silent]
|
|upkeep
|
|t:|1743861354
|switch|p1a: Slowking|Slowking-Galar, F|100/100
|turn|25
|inactive|bade bunningham has 120 seconds left.
|
|t:|1743861390
|move|p2a: Iron Moth|Substitute|p2a: Iron Moth
|-start|p2a: Iron Moth|Substitute
|-damage|p2a: Iron Moth|56/100
|move|p1a: Slowking|Future Sight|p2a: Iron Moth
|-start|p1a: Slowking|move: Future Sight
|
|upkeep
|turn|26
|
|t:|1743861395
|move|p2a: Iron Moth|Fiery Dance|p1a: Slowking
|-damage|p1a: Slowking|78/100
|move|p1a: Slowking|Sludge Bomb|p2a: Iron Moth
|-resisted|p2a: Iron Moth
|-activate|p2a: Iron Moth|move: Substitute|[damage]
|
|upkeep
|turn|27
|inactive|bade bunningham has 120 seconds left.
|inactive|bade bunningham has 90 seconds left.
|
|t:|1743861439
|-end|p2a: Iron Moth|Quark Drive|[silent]
|switch|p2a: Iron Crown|Iron Crown|1/100
|-prepare|p1a: Slowking|Chilly Reception|[premajor]
|move|p1a: Slowking|Chilly Reception|p1a: Slowking
|-weather|Snowscape
|
|t:|1743861462
|switch|p1a: Corviknight|Corviknight, M, shiny|76/100|[from] Chilly Reception
|-damage|p1a: Corviknight|64/100|[from] Stealth Rock
|-ability|p1a: Corviknight|Pressure
|
|-weather|Snowscape|[upkeep]
|-end|p2a: Iron Crown|move: Future Sight
|-resisted|p2a: Iron Crown
|-damage|p2a: Iron Crown|0 fnt
|faint|p2a: Iron Crown
|-end|p2a: Iron Crown|Quark Drive|[silent]
|upkeep
|inactive|bade bunningham has 90 seconds left.
|
|t:|1743861483
|switch|p2a: Iron Moth|Iron Moth, shiny|56/100
|turn|28
|
|t:|1743861491
|move|p2a: Iron Moth|Fiery Dance|p1a: Corviknight
|-supereffective|p1a: Corviknight
|-damage|p1a: Corviknight|0 fnt
|faint|p1a: Corviknight
|
|-weather|Snowscape|[upkeep]
|upkeep
|
|t:|1743861493
|switch|p1a: Slowking|Slowking-Galar, F|100/100
|turn|29
|inactive|bade bunningham has 90 seconds left.
|
|t:|1743861504
|-end|p2a: Iron Moth|Quark Drive|[silent]
|switch|p2a: Great Tusk|Great Tusk, shiny|50/100
|move|p1a: Slowking|Future Sight|p2a: Great Tusk
|-start|p1a: Slowking|move: Future Sight
|
|-weather|Snowscape|[upkeep]
|upkeep
|turn|30
|
|t:|1743861510
|move|p2a: Great Tusk|Headlong Rush|p1a: Slowking
|-supereffective|p1a: Slowking
|-damage|p1a: Slowking|0 fnt
|-unboost|p2a: Great Tusk|def|1
|-unboost|p2a: Great Tusk|spd|1
|faint|p1a: Slowking
|
|-weather|Snowscape|[upkeep]
|upkeep
|
|t:|1743861512
|switch|p1a: Iron Valiant|Iron Valiant|94/100
|-damage|p1a: Iron Valiant|88/100|[from] Stealth Rock
|turn|31
|c|☆Yori_uzui|Chat, I sold, I thought I did NOT need Corvi.
|c|☆Yori_uzui|💔
|c|☆Yori_uzui|Gg's tho, wp
|
|t:|1743861536
|move|p1a: Iron Valiant|Moonblast|p2a: Great Tusk
|-supereffective|p2a: Great Tusk
|-damage|p2a: Great Tusk|0 fnt
|faint|p2a: Great Tusk
|-end|p2a: Great Tusk|Protosynthesis|[silent]
|
|-weather|none
|-hint|Future Sight did not hit because the target is fainted.
|upkeep
|c|☆bade bunningham|gg
|
|t:|1743861544
|switch|p2a: Iron Moth|Iron Moth, shiny|56/100
|turn|32
|
|t:|1743861547
|move|p1a: Iron Valiant|Moonblast|p2a: Iron Moth
|-resisted|p2a: Iron Moth
|-damage|p2a: Iron Moth|43/100
|-unboost|p2a: Iron Moth|spa|1
|move|p2a: Iron Moth|Sludge Wave|p1a: Iron Valiant
|-supereffective|p1a: Iron Valiant
|-crit|p1a: Iron Valiant
|-damage|p1a: Iron Valiant|0 fnt
|faint|p1a: Iron Valiant
|-end|p1a: Iron Valiant|Quark Drive|[silent]
|
|win|bade bunningham
|raw|Yori_uzui's rating: 1665 &rarr; <strong>1646</strong><br />(-19 for losing)
|raw|bade bunningham's rating: 1675 &rarr; <strong>1694</strong><br />(+19 for winning)
|l|☆Yori_uzui
|player|p1|
|l|☆bade bunningham
|player|p2|
|l| AzovSTALL
|l| Fifo drummer
