|j|☆RockPaperScisors
|j|☆Be happy every
|t:|1743831508
|gametype|singles
|player|p1|RockPaperScisors|hiker-gen4|1221
|player|p2|Be happy every|n|1271
|teamsize|p1|6
|teamsize|p2|6
|gen|9
|tier|[Gen 9] OU
|rated|
|rule|HP Percentage Mod: HP is shown in percentages
|rule|Endless Battle Clause: Forcing endless battles is banned
|rule|Species Clause: Limit one of each Pokémon
|rule|OHKO Clause: OHKO moves are banned
|rule|Evasion Items Clause: Evasion items are banned
|rule|Evasion Moves Clause: Evasion moves are banned
|rule|Sleep Moves Clause: Sleep-inducing moves are banned
|clearpoke
|poke|p1|Primarina, F|
|poke|p1|Glimmora, F|
|poke|p1|Ogerpon-Wellspring, F|
|poke|p1|Iron Moth|
|poke|p1|Pikachu, M|
|poke|p1|Gliscor, M|
|poke|p2|Primarina, M|
|poke|p2|Dragapult, F|
|poke|p2|Great Tusk|
|poke|p2|Tinkaton, F|
|poke|p2|Kingambit, F|
|poke|p2|Dondozo, M|
|teampreview
|inactive|Battle timer is ON: inactive players will automatically lose when time's up. (requested by Be happy every)
|
|t:|1743831538
|start
|switch|p1a: Glimmora|Glimmora, F|100/100
|switch|p2a: Kingambit|Kingambit, F|100/100
|turn|1
|
|t:|1743831554
|move|p1a: Glimmora|Stealth Rock|p2a: Kingambit
|-sidestart|p2: Be happy every|move: Stealth Rock
|move|p2a: Kingambit|Kowtow Cleave|p1a: Glimmora
|-damage|p1a: Glimmora|39/100
|-activate|p1a: Glimmora|ability: Toxic Debris
|-sidestart|p2: Be happy every|move: Toxic Spikes
|
|upkeep
|turn|2
|
|t:|1743831561
|move|p2a: Kingambit|Sucker Punch||[still]
|-fail|p2a: Kingambit
|move|p1a: Glimmora|Memento|p2a: Kingambit
|-unboost|p2a: Kingambit|atk|2
|-unboost|p2a: Kingambit|spa|2
|faint|p1a: Glimmora
|
|upkeep
|
|t:|1743831585
|switch|p1a: Iron Moth|Iron Moth|100/100
|-enditem|p1a: Iron Moth|Booster Energy
|-activate|p1a: Iron Moth|ability: Quark Drive|[fromitem]
|-start|p1a: Iron Moth|quarkdrivespa
|turn|3
|
|t:|1743831592
|-end|p2a: Kingambit|fallenundefined|[silent]
|switch|p2a: Dragapult|Dragapult, F|100/100
|-damage|p2a: Dragapult|88/100|[from] Stealth Rock
|-status|p2a: Dragapult|psn
|move|p1a: Iron Moth|Fiery Dance|p2a: Dragapult
|-resisted|p2a: Dragapult
|-damage|p2a: Dragapult|48/100 psn
|-boost|p1a: Iron Moth|spa|1
|
|-damage|p2a: Dragapult|36/100 psn|[from] psn
|upkeep
|turn|4
|
|t:|1743831605
|move|p2a: Dragapult|U-turn|p1a: Iron Moth
|-resisted|p1a: Iron Moth
|-damage|p1a: Iron Moth|86/100
|
|t:|1743831609
|switch|p2a: Primarina|Primarina, M|100/100|[from] U-turn
|-damage|p2a: Primarina|88/100|[from] Stealth Rock
|-status|p2a: Primarina|psn
|move|p1a: Iron Moth|Agility|p1a: Iron Moth
|-boost|p1a: Iron Moth|spe|2
|
|-heal|p2a: Primarina|94/100 psn|[from] item: Leftovers
|-damage|p2a: Primarina|82/100 psn|[from] psn
|upkeep
|turn|5
|
|t:|1743831626
|-terastallize|p2a: Primarina|Steel
|move|p1a: Iron Moth|Energy Ball|p2a: Primarina
|-resisted|p2a: Primarina
|-damage|p2a: Primarina|51/100 psn
|move|p2a: Primarina|Surf|p1a: Iron Moth
|-supereffective|p1a: Iron Moth
|-crit|p1a: Iron Moth
|-damage|p1a: Iron Moth|0 fnt
|faint|p1a: Iron Moth
|-end|p1a: Iron Moth|Quark Drive|[silent]
|
|-heal|p2a: Primarina|57/100 psn|[from] item: Leftovers
|-damage|p2a: Primarina|44/100 psn|[from] psn
|upkeep
|inactive|RockPaperScisors has 120 seconds left.
|
|t:|1743831643
|switch|p1a: Gliscor|Gliscor, M|100/100
|turn|6
|inactive|RockPaperScisors has 120 seconds left.
|
|t:|1743831657
|switch|p2a: Tinkaton|Tinkaton, F|100/100
|-damage|p2a: Tinkaton|94/100|[from] Stealth Rock
|-item|p2a: Tinkaton|Air Balloon
|move|p1a: Gliscor|Earthquake|p2a: Tinkaton
|-immune|p2a: Tinkaton
|
|-status|p1a: Gliscor|tox|[from] item: Toxic Orb
|upkeep
|turn|7
|inactive|RockPaperScisors has 120 seconds left.
|
|t:|1743831684
|move|p1a: Gliscor|Facade|p2a: Tinkaton
|-resisted|p2a: Tinkaton
|-damage|p2a: Tinkaton|71/100
|-enditem|p2a: Tinkaton|Air Balloon
|-enditem|p1a: Gliscor|Toxic Orb|[silent]|[from] ability: Pickpocket|[of] p1a: Gliscor
|-item|p2a: Tinkaton|Toxic Orb|[from] ability: Pickpocket|[of] p1a: Gliscor
|move|p2a: Tinkaton|Stealth Rock|p1a: Gliscor
|-sidestart|p1: RockPaperScisors|move: Stealth Rock
|
|upkeep
|turn|8
|
|t:|1743831693
|switch|p2a: Great Tusk|Great Tusk|100/100
|-damage|p2a: Great Tusk|98/100|[from] Stealth Rock
|-status|p2a: Great Tusk|psn
|move|p1a: Gliscor|Earthquake|p2a: Great Tusk
|-damage|p2a: Great Tusk|78/100 psn
|
|-heal|p2a: Great Tusk|84/100 psn|[from] item: Leftovers
|-damage|p2a: Great Tusk|72/100 psn|[from] psn
|upkeep
|turn|9
|
|t:|1743831711
|move|p1a: Gliscor|Protect|p1a: Gliscor
|-singleturn|p1a: Gliscor|Protect
|move|p2a: Great Tusk|Rapid Spin|p1a: Gliscor
|-activate|p1a: Gliscor|move: Protect
|
|-heal|p2a: Great Tusk|78/100 psn|[from] item: Leftovers
|-damage|p2a: Great Tusk|65/100 psn|[from] psn
|upkeep
|turn|10
|
|t:|1743831733
|move|p1a: Gliscor|Swords Dance|p1a: Gliscor
|-boost|p1a: Gliscor|atk|2
|move|p2a: Great Tusk|Rapid Spin|p1a: Gliscor
|-damage|p1a: Gliscor|85/100 tox
|-boost|p2a: Great Tusk|spe|1
|-sideend|p2: Be happy every|Toxic Spikes|[from] move: Rapid Spin|[of] p2a: Great Tusk
|-sideend|p2: Be happy every|Stealth Rock|[from] move: Rapid Spin|[of] p2a: Great Tusk
|
|-heal|p2a: Great Tusk|72/100 psn|[from] item: Leftovers
|-heal|p1a: Gliscor|97/100 tox|[from] ability: Poison Heal
|-damage|p2a: Great Tusk|59/100 psn|[from] psn
|upkeep
|turn|11
|
|t:|1743831746
|move|p1a: Gliscor|Protect|p1a: Gliscor
|-singleturn|p1a: Gliscor|Protect
|move|p2a: Great Tusk|Ice Spinner|p1a: Gliscor
|-activate|p1a: Gliscor|move: Protect
|
|-heal|p2a: Great Tusk|65/100 psn|[from] item: Leftovers
|-heal|p1a: Gliscor|100/100 tox|[from] ability: Poison Heal
|-damage|p2a: Great Tusk|53/100 psn|[from] psn
|upkeep
|turn|12
|
|t:|1743831762
|-terastallize|p1a: Gliscor|Normal
|move|p1a: Gliscor|Facade|p2a: Great Tusk
|-damage|p2a: Great Tusk|1/100 psn
|move|p2a: Great Tusk|Ice Spinner|p1a: Gliscor
|-damage|p1a: Gliscor|79/100 tox
|
|-heal|p2a: Great Tusk|7/100 psn|[from] item: Leftovers
|-heal|p1a: Gliscor|91/100 tox|[from] ability: Poison Heal
|-damage|p2a: Great Tusk|0 fnt|[from] psn
|faint|p2a: Great Tusk
|-end|p2a: Great Tusk|Protosynthesis|[silent]
|upkeep
|
|t:|1743831772
|switch|p2a: Dondozo|Dondozo, M|100/100
|turn|13
|
|t:|1743831786
|switch|p1a: Ogerpon|Ogerpon-Wellspring, F|100/100
|-damage|p1a: Ogerpon|88/100|[from] Stealth Rock
|move|p2a: Dondozo|Body Press|p1a: Ogerpon
|-damage|p1a: Ogerpon|54/100
|
|upkeep
|turn|14
|
|t:|1743831802
|switch|p2a: Tinkaton|Tinkaton, F|71/100
|move|p1a: Ogerpon|Horn Leech|p2a: Tinkaton
|-resisted|p2a: Tinkaton
|-crit|p2a: Tinkaton
|-damage|p2a: Tinkaton|36/100
|-heal|p1a: Ogerpon|76/100|[from] drain|[of] p2a: Tinkaton
|
|upkeep
|turn|15
|
|t:|1743831812
|move|p1a: Ogerpon|Ivy Cudgel|p2a: Tinkaton|[anim] Ivy Cudgel Water
|-damage|p2a: Tinkaton|0 fnt
|faint|p2a: Tinkaton
|
|upkeep
|
|t:|1743831815
|switch|p2a: Dragapult|Dragapult, F|36/100 psn
|turn|16
|
|t:|1743831825
|move|p2a: Dragapult|U-turn|p1a: Ogerpon
|-supereffective|p1a: Ogerpon
|-damage|p1a: Ogerpon|0 fnt
|faint|p1a: Ogerpon
|
|t:|1743831833
|switch|p2a: Primarina|Primarina, M, tera:Steel|44/100 psn|[from] U-turn
|
|-heal|p2a: Primarina|50/100 psn|[from] item: Leftovers
|-damage|p2a: Primarina|38/100 psn|[from] psn
|upkeep
|
|t:|1743831842
|switch|p1a: Gliscor|Gliscor, M, tera:Normal|91/100 tox
|-damage|p1a: Gliscor|79/100 tox|[from] Stealth Rock
|turn|17
|inactive|RockPaperScisors has 120 seconds left.
|
|t:|1743831852
|switch|p1a: Pikachu|Pikachu, M|100/100
|-damage|p1a: Pikachu|88/100|[from] Stealth Rock
|move|p2a: Primarina|Moonblast|p1a: Pikachu
|-damage|p1a: Pikachu|0 fnt
|faint|p1a: Pikachu
|
|-heal|p2a: Primarina|44/100 psn|[from] item: Leftovers
|-damage|p2a: Primarina|32/100 psn|[from] psn
|upkeep
|
|t:|1743831859
|switch|p1a: Gliscor|Gliscor, M, tera:Normal|79/100 tox
|-damage|p1a: Gliscor|66/100 tox|[from] Stealth Rock
|turn|18
|
|t:|1743831863
|switch|p2a: Dondozo|Dondozo, M|100/100
|move|p1a: Gliscor|Earthquake|p2a: Dondozo
|-damage|p2a: Dondozo|82/100
|
|-heal|p2a: Dondozo|88/100|[from] item: Leftovers
|-heal|p1a: Gliscor|79/100 tox|[from] ability: Poison Heal
|upkeep
|turn|19
|
|t:|1743831878
|switch|p1a: Primarina|Primarina, F|100/100
|-damage|p1a: Primarina|88/100|[from] Stealth Rock
|move|p2a: Dondozo|Body Press|p1a: Primarina
|-resisted|p1a: Primarina
|-damage|p1a: Primarina|72/100
|
|-heal|p1a: Primarina|78/100|[from] item: Leftovers
|-heal|p2a: Dondozo|94/100|[from] item: Leftovers
|upkeep
|turn|20
|
|t:|1743831889
|switch|p2a: Primarina|Primarina, M, tera:Steel|32/100 psn
|move|p1a: Primarina|Substitute|p1a: Primarina
|-start|p1a: Primarina|Substitute
|-damage|p1a: Primarina|53/100
|
|-heal|p1a: Primarina|59/100|[from] item: Leftovers
|-heal|p2a: Primarina|38/100 psn|[from] item: Leftovers
|-damage|p2a: Primarina|25/100 psn|[from] psn
|upkeep
|turn|21
|
|t:|1743831901
|move|p1a: Primarina|Psychic Noise|p2a: Primarina
|-damage|p2a: Primarina|0 fnt
|faint|p2a: Primarina
|
|-heal|p1a: Primarina|65/100|[from] item: Leftovers
|upkeep
|
|t:|1743831911
|switch|p2a: Dragapult|Dragapult, F|36/100 psn
|turn|22
|
|t:|1743831925
|move|p2a: Dragapult|Phantom Force||[still]
|-prepare|p2a: Dragapult|Phantom Force
|move|p1a: Primarina|Substitute|p1a: Primarina
|-fail|p1a: Primarina|move: Substitute
|
|-heal|p1a: Primarina|71/100|[from] item: Leftovers
|-damage|p2a: Dragapult|24/100 psn|[from] psn
|upkeep
|turn|23
|
|t:|1743831934
|move|p2a: Dragapult|Phantom Force|p1a: Primarina|[from] lockedmove
|-damage|p1a: Primarina|0 fnt
|faint|p1a: Primarina
|
|-damage|p2a: Dragapult|11/100 psn|[from] psn
|upkeep
|
|t:|1743831941
|switch|p1a: Gliscor|Gliscor, M, tera:Normal|79/100 tox
|-damage|p1a: Gliscor|66/100 tox|[from] Stealth Rock
|turn|24
|
|t:|1743831961
|switch|p2a: Dondozo|Dondozo, M|94/100
|move|p1a: Gliscor|Facade|p2a: Dondozo
|-damage|p2a: Dondozo|68/100
|
|-heal|p2a: Dondozo|74/100|[from] item: Leftovers
|-heal|p1a: Gliscor|79/100 tox|[from] ability: Poison Heal
|upkeep
|turn|25
|inactive|RockPaperScisors has 120 seconds left.
|
|t:|1743832016
|move|p1a: Gliscor|Protect|p1a: Gliscor
|-singleturn|p1a: Gliscor|Protect
|move|p2a: Dondozo|Body Press|p1a: Gliscor
|-activate|p1a: Gliscor|move: Protect
|
|-heal|p2a: Dondozo|80/100|[from] item: Leftovers
|-heal|p1a: Gliscor|91/100 tox|[from] ability: Poison Heal
|upkeep
|turn|26
|
|t:|1743832023
|move|p1a: Gliscor|Swords Dance|p1a: Gliscor
|-boost|p1a: Gliscor|atk|2
|move|p2a: Dondozo|Body Press|p1a: Gliscor
|-supereffective|p1a: Gliscor
|-damage|p1a: Gliscor|36/100 tox
|
|-heal|p2a: Dondozo|87/100|[from] item: Leftovers
|-heal|p1a: Gliscor|49/100 tox|[from] ability: Poison Heal
|upkeep
|turn|27
|
|t:|1743832031
|move|p1a: Gliscor|Protect|p1a: Gliscor
|-singleturn|p1a: Gliscor|Protect
|move|p2a: Dondozo|Body Press|p1a: Gliscor
|-activate|p1a: Gliscor|move: Protect
|
|-heal|p2a: Dondozo|93/100|[from] item: Leftovers
|-heal|p1a: Gliscor|61/100 tox|[from] ability: Poison Heal
|upkeep
|turn|28
|
|t:|1743832039
|move|p1a: Gliscor|Protect|p1a: Gliscor
|-singleturn|p1a: Gliscor|Protect
|move|p2a: Dondozo|Body Press|p1a: Gliscor
|-activate|p1a: Gliscor|move: Protect
|
|-heal|p2a: Dondozo|99/100|[from] item: Leftovers
|-heal|p1a: Gliscor|73/100 tox|[from] ability: Poison Heal
|upkeep
|turn|29
|inactive|RockPaperScisors has 90 seconds left.
|
|t:|1743832073
|move|p1a: Gliscor|Protect||[still]
|-fail|p1a: Gliscor
|move|p2a: Dondozo|Body Press|p1a: Gliscor
|-supereffective|p1a: Gliscor
|-damage|p1a: Gliscor|16/100 tox
|
|-heal|p2a: Dondozo|100/100|[from] item: Leftovers
|-heal|p1a: Gliscor|28/100 tox|[from] ability: Poison Heal
|upkeep
|turn|30
|
|t:|1743832088
|move|p1a: Gliscor|Protect|p1a: Gliscor
|-singleturn|p1a: Gliscor|Protect
|move|p2a: Dondozo|Body Press|p1a: Gliscor
|-activate|p1a: Gliscor|move: Protect
|
|-heal|p1a: Gliscor|40/100 tox|[from] ability: Poison Heal
|upkeep
|turn|31
|
|t:|1743832093
|move|p1a: Gliscor|Protect||[still]
|-fail|p1a: Gliscor
|move|p2a: Dondozo|Body Press|p1a: Gliscor
|-supereffective|p1a: Gliscor
|-damage|p1a: Gliscor|0 fnt
|faint|p1a: Gliscor
|
|win|Be happy every
|raw|RockPaperScisors's rating: 1221 &rarr; <strong>1200</strong><br />(-21 for losing)
|raw|Be happy every's rating: 1271 &rarr; <strong>1292</strong><br />(+21 for winning)
|l|☆Be happy every
|player|p2|
|l|☆RockPaperScisors
|player|p1|
