|j|‽KishonIWNL
|j|☆maverick365
|t:|1743836956
|gametype|singles
|player|p1|KishonIWNL|265|1601
|player|p2|maverick365|1|1635
|teamsize|p1|6
|teamsize|p2|6
|gen|9
|tier|[Gen 9] OU
|rated|
|rule|HP Percentage Mod: HP is shown in percentages
|rule|Endless Battle Clause: Forcing endless battles is banned
|rule|Species Clause: Limit one of each Pokémon
|rule|OHKO Clause: OHKO moves are banned
|rule|Evasion Items Clause: Evasion items are banned
|rule|Evasion Moves Clause: Evasion moves are banned
|rule|Sleep Moves Clause: Sleep-inducing moves are banned
|clearpoke
|poke|p1|Kingambit, M|
|poke|p1|Zapdos|
|poke|p1|Slowking-Galar, F|
|poke|p1|Great Tusk|
|poke|p1|Zamazenta-*|
|poke|p1|Ogerpon-Wellspring, F|
|poke|p2|Landorus-Therian, M|
|poke|p2|Corviknight, M|
|poke|p2|Latios, M|
|poke|p2|Zapdos|
|poke|p2|Dragonite, M|
|poke|p2|Incineroar, M|
|teampreview
|inactive|Battle timer is ON: inactive players will automatically lose when time's up. (requested by maverick365)
|
|t:|1743837007
|start
|switch|p1a: Ogerpon|Ogerpon-Wellspring, F|100/100
|switch|p2a: Latios|Latios, M|100/100
|turn|1
|
|t:|1743837015
|switch|p1a: Slowking|Slowking-Galar, F|100/100
|move|p2a: Latios|Draco Meteor|p1a: Slowking
|-damage|p1a: Slowking|45/100
|-unboost|p2a: Latios|spa|2
|
|upkeep
|turn|2
|
|t:|1743837034
|switch|p2a: Incineroar|Incineroar, M, shiny|100/100
|-ability|p2a: Incineroar|Intimidate|boost
|-unboost|p1a: Slowking|atk|1
|move|p1a: Slowking|Flamethrower|p2a: Incineroar
|-resisted|p2a: Incineroar
|-damage|p2a: Incineroar|87/100
|
|upkeep
|turn|3
|
|t:|1743837043
|switch|p1a: Zapdos|Zapdos|100/100
|move|p2a: Incineroar|Knock Off|p1a: Zapdos
|-damage|p1a: Zapdos|74/100
|-enditem|p1a: Zapdos|Heavy-Duty Boots|[from] move: Knock Off|[of] p2a: Incineroar
|
|upkeep
|turn|4
|
|t:|1743837053
|move|p1a: Zapdos|Hurricane|p2a: Incineroar|[miss]
|-miss|p1a: Zapdos|p2a: Incineroar
|move|p2a: Incineroar|Will-O-Wisp|p1a: Zapdos
|-status|p1a: Zapdos|brn
|
|-damage|p1a: Zapdos|68/100 brn|[from] brn
|upkeep
|turn|5
|
|t:|1743837060
|move|p1a: Zapdos|Hurricane|p2a: Incineroar
|-crit|p2a: Incineroar
|-damage|p2a: Incineroar|20/100
|move|p2a: Incineroar|Parting Shot|p1a: Zapdos
|-unboost|p1a: Zapdos|atk|1
|-unboost|p1a: Zapdos|spa|1
|
|t:|1743837067
|switch|p2a: Latios|Latios, M|100/100|[from] Parting Shot
|
|-damage|p1a: Zapdos|62/100 brn|[from] brn
|upkeep
|turn|6
|
|t:|1743837072
|switch|p1a: Slowking|Slowking-Galar, F|79/100
|move|p2a: Latios|Draco Meteor|p1a: Slowking
|-damage|p1a: Slowking|23/100
|-unboost|p2a: Latios|spa|2
|
|upkeep
|turn|7
|
|t:|1743837080
|switch|p1a: Kingambit|Kingambit, M|100/100
|move|p2a: Latios|Draco Meteor|p1a: Kingambit
|-resisted|p1a: Kingambit
|-damage|p1a: Kingambit|76/100
|-unboost|p2a: Latios|spa|2
|
|upkeep
|turn|8
|
|t:|1743837085
|switch|p2a: Incineroar|Incineroar, M, shiny|20/100
|-ability|p2a: Incineroar|Intimidate|boost
|-unboost|p1a: Kingambit|atk|1
|-end|p1a: Kingambit|fallenundefined|[silent]
|switch|p1a: Ogerpon|Ogerpon-Wellspring, F|100/100
|
|upkeep
|turn|9
|
|t:|1743837099
|move|p1a: Ogerpon|Ivy Cudgel|p2a: Incineroar|[anim] Ivy Cudgel Water
|-supereffective|p2a: Incineroar
|-damage|p2a: Incineroar|0 fnt
|faint|p2a: Incineroar
|
|upkeep
|
|t:|1743837103
|switch|p2a: Zapdos|Zapdos, shiny|100/100
|turn|10
|
|t:|1743837113
|switch|p1a: Slowking|Slowking-Galar, F|57/100
|move|p2a: Zapdos|U-turn|p1a: Slowking
|-damage|p1a: Slowking|42/100
|
|t:|1743837126
|switch|p2a: Latios|Latios, M|100/100|[from] U-turn
|
|upkeep
|turn|11
|
|t:|1743837151
|switch|p1a: Zamazenta|Zamazenta|100/100
|-ability|p1a: Zamazenta|Dauntless Shield|boost
|-boost|p1a: Zamazenta|def|1
|move|p2a: Latios|Draco Meteor|p1a: Zamazenta|[miss]
|-miss|p2a: Latios|p1a: Zamazenta
|
|upkeep
|turn|12
|inactive|KishonIWNL has 120 seconds left.
|
|t:|1743837172
|switch|p1a: Zapdos|Zapdos|62/100 brn
|move|p2a: Latios|Draco Meteor|p1a: Zapdos|[miss]
|-miss|p2a: Latios|p1a: Zapdos
|
|-damage|p1a: Zapdos|56/100 brn|[from] brn
|upkeep
|turn|13
|
|t:|1743837180
|switch|p1a: Slowking|Slowking-Galar, F|75/100
|move|p2a: Latios|Draco Meteor|p1a: Slowking
|-damage|p1a: Slowking|25/100
|-unboost|p2a: Latios|spa|2
|
|upkeep
|turn|14
|
|t:|1743837184
|switch|p1a: Zamazenta|Zamazenta|100/100
|move|p2a: Latios|Draco Meteor|p1a: Zamazenta
|-damage|p1a: Zamazenta|52/100
|-unboost|p2a: Latios|spa|2
|
|upkeep
|turn|15
|j| atlas tales
|
|t:|1743837189
|switch|p2a: Stan|Landorus-Therian, M|100/100
|-ability|p2a: Stan|Intimidate|boost
|-unboost|p1a: Zamazenta|atk|1
|move|p1a: Zamazenta|Crunch|p2a: Stan
|-damage|p2a: Stan|86/100
|-unboost|p2a: Stan|def|1
|
|-heal|p2a: Stan|92/100|[from] item: Leftovers
|upkeep
|turn|16
|
|t:|1743837199
|switch|p2a: Zapdos|Zapdos, shiny|100/100
|move|p1a: Zamazenta|Ice Fang|p2a: Zapdos
|-supereffective|p2a: Zapdos
|-damage|p2a: Zapdos|75/100
|
|upkeep
|turn|17
|
|t:|1743837206
|switch|p1a: Slowking|Slowking-Galar, F|58/100
|switch|p2a: Stan|Landorus-Therian, M|92/100
|-ability|p2a: Stan|Intimidate|boost
|-unboost|p1a: Slowking|atk|1
|
|-heal|p2a: Stan|98/100|[from] item: Leftovers
|upkeep
|turn|18
|
|t:|1743837212
|switch|p1a: Zapdos|Zapdos|56/100 brn
|move|p2a: Stan|Substitute|p2a: Stan
|-start|p2a: Stan|Substitute
|-damage|p2a: Stan|73/100
|
|-heal|p2a: Stan|79/100|[from] item: Leftovers
|-damage|p1a: Zapdos|50/100 brn|[from] brn
|upkeep
|turn|19
|
|t:|1743837215
|move|p2a: Stan|Smack Down|p1a: Zapdos
|-supereffective|p1a: Zapdos
|-damage|p1a: Zapdos|25/100 brn
|-start|p1a: Zapdos|Smack Down
|move|p1a: Zapdos|Hurricane|p2a: Stan|[miss]
|-miss|p1a: Zapdos|p2a: Stan
|
|-heal|p2a: Stan|86/100|[from] item: Leftovers
|-damage|p1a: Zapdos|19/100 brn|[from] brn
|upkeep
|turn|20
|
|t:|1743837224
|move|p2a: Stan|Earthquake|p1a: Zapdos
|-supereffective|p1a: Zapdos
|-damage|p1a: Zapdos|0 fnt
|faint|p1a: Zapdos
|
|-heal|p2a: Stan|92/100|[from] item: Leftovers
|upkeep
|l| atlas tales
|
|t:|1743837230
|switch|p1a: Zamazenta|Zamazenta|52/100
|turn|21
|
|t:|1743837233
|move|p1a: Zamazenta|Ice Fang|p2a: Stan|[miss]
|-miss|p1a: Zamazenta|p2a: Stan
|move|p2a: Stan|Earthquake|p1a: Zamazenta
|-damage|p1a: Zamazenta|7/100
|
|-heal|p2a: Stan|98/100|[from] item: Leftovers
|upkeep
|turn|22
|
|t:|1743837241
|move|p1a: Zamazenta|Ice Fang|p2a: Stan
|-supereffective|p2a: Stan
|-end|p2a: Stan|Substitute
|move|p2a: Stan|Earthquake|p1a: Zamazenta
|-damage|p1a: Zamazenta|0 fnt
|faint|p1a: Zamazenta
|
|-heal|p2a: Stan|100/100|[from] item: Leftovers
|upkeep
|
|t:|1743837249
|switch|p1a: Ogerpon|Ogerpon-Wellspring, F|100/100
|turn|23
|
|t:|1743837253
|switch|p2a: Zapdos|Zapdos, shiny|75/100
|-terastallize|p1a: Ogerpon|Water
|detailschange|p1a: Ogerpon|Ogerpon-Wellspring-Tera, F, tera:Water
|-ability|p1a: Ogerpon|Embody Aspect (Wellspring)|boost
|-boost|p1a: Ogerpon|spd|1
|move|p1a: Ogerpon|Ivy Cudgel|p2a: Zapdos|[anim] Ivy Cudgel Water
|-damage|p2a: Zapdos|20/100
|
|upkeep
|turn|24
|
|t:|1743837263
|move|p1a: Ogerpon|Ivy Cudgel|p2a: Zapdos|[anim] Ivy Cudgel Water
|-damage|p2a: Zapdos|0 fnt
|faint|p2a: Zapdos
|
|upkeep
|
|t:|1743837278
|switch|p2a: Latios|Latios, M|100/100
|turn|25
|
|t:|1743837285
|switch|p1a: Slowking|Slowking-Galar, F|91/100
|move|p2a: Latios|Luster Purge|p1a: Slowking
|-damage|p1a: Slowking|56/100
|-unboost|p1a: Slowking|spd|1
|
|upkeep
|turn|26
|
|t:|1743837294
|switch|p2a: Stan|Landorus-Therian, M|100/100
|-ability|p2a: Stan|Intimidate|boost
|-unboost|p1a: Slowking|atk|1
|switch|p1a: Kingambit|Kingambit, M|76/100
|-activate|p1a: Kingambit|ability: Supreme Overlord
|-start|p1a: Kingambit|fallen2|[silent]
|
|upkeep
|turn|27
|
|t:|1743837304
|-end|p1a: Kingambit|fallen2|[silent]
|switch|p1a: Great Tusk|Great Tusk|100/100
|move|p2a: Stan|Substitute|p2a: Stan
|-start|p2a: Stan|Substitute
|-damage|p2a: Stan|75/100
|
|-heal|p2a: Stan|82/100|[from] item: Leftovers
|upkeep
|turn|28
|
|t:|1743837307
|move|p1a: Great Tusk|Ice Spinner|p2a: Stan
|-supereffective|p2a: Stan
|-end|p2a: Stan|Substitute
|move|p2a: Stan|Bulk Up|p2a: Stan
|-boost|p2a: Stan|atk|1
|-boost|p2a: Stan|def|1
|
|-heal|p2a: Stan|88/100|[from] item: Leftovers
|upkeep
|turn|29
|
|t:|1743837322
|-terastallize|p2a: Stan|Water
|move|p1a: Great Tusk|Ice Spinner|p2a: Stan
|-resisted|p2a: Stan
|-damage|p2a: Stan|80/100
|move|p2a: Stan|Bulk Up|p2a: Stan
|-boost|p2a: Stan|atk|1
|-boost|p2a: Stan|def|1
|
|-heal|p2a: Stan|86/100|[from] item: Leftovers
|upkeep
|turn|30
|
|t:|1743837328
|move|p1a: Great Tusk|Headlong Rush|p2a: Stan
|-damage|p2a: Stan|59/100
|-unboost|p1a: Great Tusk|def|1
|-unboost|p1a: Great Tusk|spd|1
|move|p2a: Stan|Earthquake|p1a: Great Tusk
|-damage|p1a: Great Tusk|4/100
|
|-heal|p2a: Stan|65/100|[from] item: Leftovers
|upkeep
|turn|31
|
|t:|1743837337
|move|p1a: Great Tusk|Headlong Rush|p2a: Stan
|-damage|p2a: Stan|37/100
|-unboost|p1a: Great Tusk|def|1
|-unboost|p1a: Great Tusk|spd|1
|move|p2a: Stan|Earthquake|p1a: Great Tusk
|-damage|p1a: Great Tusk|0 fnt
|faint|p1a: Great Tusk
|-end|p1a: Great Tusk|Protosynthesis|[silent]
|
|-heal|p2a: Stan|43/100|[from] item: Leftovers
|upkeep
|
|t:|1743837341
|switch|p1a: Ogerpon|Ogerpon-Wellspring-Tera, F, tera:Water|100/100
|-ability|p1a: Ogerpon|Embody Aspect (Wellspring)|boost
|-boost|p1a: Ogerpon|spd|1
|turn|32
|
|t:|1743837346
|move|p1a: Ogerpon|Power Whip|p2a: Stan
|-supereffective|p2a: Stan
|-damage|p2a: Stan|0 fnt
|faint|p2a: Stan
|
|upkeep
|
|t:|1743837354
|switch|p2a: Latios|Latios, M|100/100
|turn|33
|
|t:|1743837361
|switch|p1a: Slowking|Slowking-Galar, F|89/100
|move|p2a: Latios|Draco Meteor|p1a: Slowking
|-damage|p1a: Slowking|36/100
|-unboost|p2a: Latios|spa|2
|
|upkeep
|turn|34
|
|t:|1743837371
|switch|p2a: Corviknight|Corviknight, M, shiny|100/100
|-ability|p2a: Corviknight|Pressure
|move|p1a: Slowking|Ice Beam|p2a: Corviknight
|-damage|p2a: Corviknight|78/100
|
|upkeep
|turn|35
|
|t:|1743837381
|switch|p1a: Kingambit|Kingambit, M|76/100
|-activate|p1a: Kingambit|ability: Supreme Overlord
|-start|p1a: Kingambit|fallen3|[silent]
|move|p2a: Corviknight|Agility|p2a: Corviknight
|-boost|p2a: Corviknight|spe|2
|
|upkeep
|turn|36
|
|t:|1743837386
|move|p2a: Corviknight|Bulk Up|p2a: Corviknight
|-boost|p2a: Corviknight|atk|1
|-boost|p2a: Corviknight|def|1
|move|p1a: Kingambit|Kowtow Cleave|p2a: Corviknight
|-damage|p2a: Corviknight|42/100
|
|upkeep
|turn|37
|
|t:|1743837389
|move|p2a: Corviknight|Roost|p2a: Corviknight
|-heal|p2a: Corviknight|92/100
|-singleturn|p2a: Corviknight|move: Roost
|move|p1a: Kingambit|Kowtow Cleave|p2a: Corviknight
|-damage|p2a: Corviknight|58/100
|
|upkeep
|turn|38
|
|t:|1743837392
|move|p2a: Corviknight|Bulk Up|p2a: Corviknight
|-boost|p2a: Corviknight|atk|1
|-boost|p2a: Corviknight|def|1
|move|p1a: Kingambit|Kowtow Cleave|p2a: Corviknight
|-damage|p2a: Corviknight|30/100
|
|upkeep
|turn|39
|
|t:|1743837396
|move|p2a: Corviknight|Roost|p2a: Corviknight
|-heal|p2a: Corviknight|80/100
|-singleturn|p2a: Corviknight|move: Roost
|move|p1a: Kingambit|Swords Dance|p1a: Kingambit
|-boost|p1a: Kingambit|atk|2
|
|upkeep
|turn|40
|
|t:|1743837401
|move|p2a: Corviknight|Bulk Up|p2a: Corviknight
|-boost|p2a: Corviknight|atk|1
|-boost|p2a: Corviknight|def|1
|move|p1a: Kingambit|Kowtow Cleave|p2a: Corviknight
|-damage|p2a: Corviknight|41/100
|
|upkeep
|turn|41
|
|t:|1743837408
|move|p2a: Corviknight|Power Trip|p1a: Kingambit
|-resisted|p1a: Kingambit
|-damage|p1a: Kingambit|42/100
|move|p1a: Kingambit|Swords Dance|p1a: Kingambit
|-boost|p1a: Kingambit|atk|2
|
|upkeep
|turn|42
|
|t:|1743837416
|move|p2a: Corviknight|Power Trip|p1a: Kingambit
|-resisted|p1a: Kingambit
|-damage|p1a: Kingambit|8/100
|move|p1a: Kingambit|Kowtow Cleave|p2a: Corviknight
|-damage|p2a: Corviknight|0 fnt
|faint|p2a: Corviknight
|
|upkeep
|
|t:|1743837422
|switch|p2a: Dragonite|Dragonite, M|100/100
|turn|43
|
|t:|1743837441
|move|p2a: Dragonite|Extreme Speed|p1a: Kingambit
|-resisted|p1a: Kingambit
|-damage|p1a: Kingambit|0 fnt
|faint|p1a: Kingambit
|-end|p1a: Kingambit|fallen3|[silent]
|
|upkeep
|
|t:|1743837443
|switch|p1a: Ogerpon|Ogerpon-Wellspring-Tera, F, tera:Water|100/100
|-ability|p1a: Ogerpon|Embody Aspect (Wellspring)|boost
|-boost|p1a: Ogerpon|spd|1
|turn|44
|
|t:|1743837451
|move|p1a: Ogerpon|Ivy Cudgel|p2a: Dragonite|[anim] Ivy Cudgel Water
|-resisted|p2a: Dragonite
|-damage|p2a: Dragonite|79/100
|move|p2a: Dragonite|Dragon Dance|p2a: Dragonite
|-boost|p2a: Dragonite|atk|1
|-boost|p2a: Dragonite|spe|1
|
|upkeep
|turn|45
|
|t:|1743837457
|move|p2a: Dragonite|Dragon Dance|p2a: Dragonite
|-boost|p2a: Dragonite|atk|1
|-boost|p2a: Dragonite|spe|1
|move|p1a: Ogerpon|Knock Off|p2a: Dragonite
|-damage|p2a: Dragonite|35/100
|-enditem|p2a: Dragonite|Heavy-Duty Boots|[from] move: Knock Off|[of] p1a: Ogerpon
|
|upkeep
|turn|46
|
|t:|1743837461
|move|p2a: Dragonite|Roost|p2a: Dragonite
|-heal|p2a: Dragonite|85/100
|-singleturn|p2a: Dragonite|move: Roost
|move|p1a: Ogerpon|Knock Off|p2a: Dragonite
|-damage|p2a: Dragonite|56/100
|
|upkeep
|turn|47
|
|t:|1743837468
|move|p2a: Dragonite|Roost|p2a: Dragonite
|-heal|p2a: Dragonite|100/100
|-singleturn|p2a: Dragonite|move: Roost
|move|p1a: Ogerpon|U-turn|p2a: Dragonite
|-damage|p2a: Dragonite|84/100
|
|t:|1743837469
|switch|p1a: Slowking|Slowking-Galar, F|69/100|[from] U-turn
|
|upkeep
|turn|48
|
|t:|1743837474
|move|p2a: Dragonite|Earthquake|p1a: Slowking
|-supereffective|p1a: Slowking
|-damage|p1a: Slowking|0 fnt
|faint|p1a: Slowking
|
|upkeep
|-message|KishonIWNL forfeited.
|
|win|maverick365
|raw|KishonIWNL's rating: 1601 &rarr; <strong>1583</strong><br />(-18 for losing)
|raw|maverick365's rating: 1635 &rarr; <strong>1653</strong><br />(+18 for winning)
|l|‽KishonIWNL
|player|p1|
|l|☆maverick365
|player|p2|
