|j|☆Emirr
|j|☆ironplayer8967
|t:|1743830499
|gametype|singles
|player|p1|Emirr|266|1070
|player|p2|ironplayer8967|steven|1080
|teamsize|p1|6
|teamsize|p2|6
|gen|9
|tier|[Gen 9] OU
|rated|
|rule|HP Percentage Mod: HP is shown in percentages
|rule|Endless Battle Clause: Forcing endless battles is banned
|rule|Species Clause: Limit one of each Pokémon
|rule|OHKO Clause: OHKO moves are banned
|rule|Evasion Items Clause: Evasion items are banned
|rule|Evasion Moves Clause: Evasion moves are banned
|rule|Sleep Moves Clause: Sleep-inducing moves are banned
|clearpoke
|poke|p1|Great Tusk|
|poke|p1|Dragonite, M|
|poke|p1|Pecharunt|
|poke|p1|Garchomp, M|
|poke|p1|Incineroar, M|
|poke|p1|Iron Crown|
|poke|p2|Spiritomb, M|
|poke|p2|Porygon-Z|
|poke|p2|Lucario, F|
|poke|p2|Milotic, M|
|poke|p2|Great Tusk|
|poke|p2|Garchomp, F|
|teampreview
|inactive|Battle timer is ON: inactive players will automatically lose when time's up. (requested by Emirr)
|c|☆ironplayer8967|glhf
|
|t:|1743830509
|start
|switch|p1a: Incineroar|Incineroar, M, shiny|100/100
|switch|p2a: Spiritomb|Spiritomb, M|100/100
|-ability|p1a: Incineroar|Intimidate|boost
|-unboost|p2a: Spiritomb|atk|1
|turn|1
|
|t:|1743830520
|switch|p2a: Milotic|Milotic, M|100/100
|move|p1a: Incineroar|Swords Dance|p1a: Incineroar
|-boost|p1a: Incineroar|atk|2
|
|upkeep
|turn|2
|
|t:|1743830528
|switch|p1a: Iron Crown|Iron Crown|100/100
|move|p2a: Milotic|Scald|p1a: Iron Crown
|-damage|p1a: Iron Crown|70/100
|
|-heal|p1a: Iron Crown|77/100|[from] item: Leftovers
|upkeep
|turn|3
|
|t:|1743830538
|move|p1a: Iron Crown|Calm Mind|p1a: Iron Crown
|-boost|p1a: Iron Crown|spa|1
|-boost|p1a: Iron Crown|spd|1
|move|p2a: Milotic|Recover||[still]
|-fail|p2a: Milotic|heal
|
|-heal|p1a: Iron Crown|83/100|[from] item: Leftovers
|upkeep
|turn|4
|
|t:|1743830546
|move|p1a: Iron Crown|Calm Mind|p1a: Iron Crown
|-boost|p1a: Iron Crown|spa|1
|-boost|p1a: Iron Crown|spd|1
|move|p2a: Milotic|Scald|p1a: Iron Crown
|-damage|p1a: Iron Crown|68/100
|
|-heal|p1a: Iron Crown|75/100|[from] item: Leftovers
|upkeep
|turn|5
|
|t:|1743830555
|switch|p2a: Great Tusk|Great Tusk|100/100
|move|p1a: Iron Crown|Psychic|p2a: Great Tusk
|-supereffective|p2a: Great Tusk
|-damage|p2a: Great Tusk|0 fnt
|faint|p2a: Great Tusk
|-end|p2a: Great Tusk|Protosynthesis|[silent]
|
|-heal|p1a: Iron Crown|81/100|[from] item: Leftovers
|upkeep
|
|t:|1743830564
|switch|p2a: Milotic|Milotic, M|100/100
|turn|6
|
|t:|1743830568
|move|p1a: Iron Crown|Psychic|p2a: Milotic
|-damage|p2a: Milotic|38/100
|move|p2a: Milotic|Ice Beam|p1a: Iron Crown
|-resisted|p1a: Iron Crown
|-damage|p1a: Iron Crown|75/100
|
|-heal|p1a: Iron Crown|81/100|[from] item: Leftovers
|-heal|p2a: Milotic|44/100|[from] item: Leftovers
|upkeep
|turn|7
|
|t:|1743830577
|switch|p2a: Spiritomb|Spiritomb, M|100/100
|move|p1a: Iron Crown|Psychic|p2a: Spiritomb
|-immune|p2a: Spiritomb
|
|-heal|p1a: Iron Crown|88/100|[from] item: Leftovers
|upkeep
|turn|8
|
|t:|1743830585
|move|p2a: Spiritomb|Sucker Punch|p1a: Iron Crown
|-supereffective|p1a: Iron Crown
|-damage|p1a: Iron Crown|42/100
|move|p1a: Iron Crown|Tachyon Cutter|p2a: Spiritomb
|-damage|p2a: Spiritomb|59/100
|-damage|p2a: Spiritomb|22/100
|-enditem|p2a: Spiritomb|Sitrus Berry|[eat]
|-heal|p2a: Spiritomb|46/100|[from] item: Sitrus Berry
|-hitcount|p2a: Spiritomb|2
|
|-heal|p1a: Iron Crown|48/100|[from] item: Leftovers
|upkeep
|turn|9
|
|t:|1743830597
|move|p1a: Iron Crown|Tachyon Cutter|p2a: Spiritomb
|-damage|p2a: Spiritomb|10/100
|-damage|p2a: Spiritomb|0 fnt
|faint|p2a: Spiritomb
|-hitcount|p2: Spiritomb|2
|
|-heal|p1a: Iron Crown|55/100|[from] item: Leftovers
|upkeep
|
|t:|1743830602
|switch|p2a: Garchomp|Garchomp, F|100/100
|turn|10
|
|t:|1743830607
|move|p1a: Iron Crown|Psychic|p2a: Garchomp
|-damage|p2a: Garchomp|13/100
|move|p2a: Garchomp|Earthquake|p1a: Iron Crown
|-supereffective|p1a: Iron Crown
|-damage|p1a: Iron Crown|0 fnt
|faint|p1a: Iron Crown
|-end|p1a: Iron Crown|Quark Drive|[silent]
|
|upkeep
|-message|ironplayer8967 forfeited.
|
|win|Emirr
|raw|Emirr's rating: 1070 &rarr; <strong>1100</strong><br />(+30 for winning)
|raw|ironplayer8967's rating: 1080 &rarr; <strong>1057</strong><br />(-23 for losing)
|l|☆ironplayer8967
|player|p2|
|l|☆Emirr
|player|p1|
