|j|☆Da Nuclear ♡
|j|☆random tera ghost
|t:|1743787225
|gametype|singles
|player|p1|Da Nuclear ♡|cynthia-masters|1296
|player|p2|random tera ghost|2|1241
|teamsize|p1|6
|teamsize|p2|6
|gen|9
|tier|[Gen 9] OU
|rated|
|rule|HP Percentage Mod: HP is shown in percentages
|rule|Endless Battle Clause: Forcing endless battles is banned
|rule|Species Clause: Limit one of each Pokémon
|rule|OHKO Clause: OHKO moves are banned
|rule|Evasion Items Clause: Evasion items are banned
|rule|Evasion Moves Clause: Evasion moves are banned
|rule|Sleep Moves Clause: Sleep-inducing moves are banned
|clearpoke
|poke|p1|Ribombee, M|
|poke|p1|Cinderace, F|
|poke|p1|Malamar, F|
|poke|p1|Serperior, F|
|poke|p1|Kingambit, F|
|poke|p1|Empoleon, M|
|poke|p2|Ninetales, M|
|poke|p2|Scovillain, F|
|poke|p2|Walking Wake|
|poke|p2|Hatterene, F|
|poke|p2|Great Tusk|
|poke|p2|Ceruledge, M|
|teampreview
|inactive|Battle timer is ON: inactive players will automatically lose when time's up. (requested by random tera ghost)
|
|t:|1743787233
|start
|switch|p1a: Honeypie|Ribombee, M|100/100
|switch|p2a: Ninetales|Ninetales, M|100/100
|-weather|SunnyDay|[from] ability: Drought|[of] p2a: Ninetales
|turn|1
|
|t:|1743787248
|move|p1a: Honeypie|Sticky Web|p2a: Ninetales
|-sidestart|p2: random tera ghost|move: Sticky Web
|move|p2a: Ninetales|Weather Ball|p1a: Honeypie
|-supereffective|p1a: Honeypie
|-enditem|p1a: Honeypie|Focus Sash
|-damage|p1a: Honeypie|1/100
|
|-weather|SunnyDay|[upkeep]
|upkeep
|turn|2
|
|t:|1743787254
|move|p1a: Honeypie|Thief|p2a: Ninetales
|-damage|p2a: Ninetales|86/100
|-enditem|p2a: Ninetales|Heat Rock|[silent]|[from] move: Thief|[of] p1a: Honeypie
|-item|p1a: Honeypie|Heat Rock|[from] move: Thief|[of] p2a: Ninetales
|move|p2a: Ninetales|Weather Ball|p1a: Honeypie
|-supereffective|p1a: Honeypie
|-crit|p1a: Honeypie
|-damage|p1a: Honeypie|0 fnt
|faint|p1a: Honeypie
|
|-weather|SunnyDay|[upkeep]
|upkeep
|
|t:|1743787258
|switch|p1a: Swappin' Around|Cinderace, F, shiny|100/100
|turn|3
|
|t:|1743787266
|switch|p2a: Don|Great Tusk|100/100
|-activate|p2a: Don|move: Sticky Web
|-unboost|p2a: Don|spe|1
|-activate|p2a: Don|ability: Protosynthesis
|-start|p2a: Don|protosynthesisatk
|move|p1a: Swappin' Around|Court Change|p1a: Swappin' Around
|-start|p1a: Swappin' Around|typechange|Normal|[from] ability: Libero
|-swapsideconditions
|-activate|p1a: Swappin' Around|move: Court Change
|
|-weather|SunnyDay|[upkeep]
|upkeep
|turn|4
|
|t:|1743787285
|move|p1a: Swappin' Around|Pyro Ball|p2a: Don
|-damage|p2a: Don|60/100
|move|p2a: Don|Headlong Rush|p1a: Swappin' Around
|-damage|p1a: Swappin' Around|0 fnt
|-unboost|p2a: Don|def|1
|-unboost|p2a: Don|spd|1
|faint|p1a: Swappin' Around
|
|-weather|SunnyDay|[upkeep]
|upkeep
|
|t:|1743787295
|switch|p1a: Squidward|Malamar, F, shiny|100/100
|-activate|p1a: Squidward|move: Sticky Web
|-boost|p1a: Squidward|spe|1
|turn|5
|
|t:|1743787303
|move|p1a: Squidward|Superpower|p2a: Don
|-damage|p2a: Don|26/100
|-boost|p1a: Squidward|atk|1
|-boost|p1a: Squidward|def|1
|-damage|p1a: Squidward|84/100|[from] item: Rocky Helmet|[of] p2a: Don
|move|p2a: Don|Headlong Rush|p1a: Squidward
|-damage|p1a: Squidward|11/100
|-unboost|p2a: Don|def|1
|-unboost|p2a: Don|spd|1
|
|-weather|SunnyDay|[upkeep]
|-heal|p1a: Squidward|17/100|[from] item: Leftovers
|upkeep
|turn|6
|
|t:|1743787313
|move|p1a: Squidward|Superpower|p2a: Don
|-damage|p2a: Don|0 fnt
|-boost|p1a: Squidward|atk|1
|-boost|p1a: Squidward|def|1
|-damage|p1a: Squidward|0 fnt|[from] item: Rocky Helmet|[of] p2a: Don
|faint|p2a: Don
|-end|p2a: Don|Protosynthesis|[silent]
|faint|p1a: Squidward
|
|-weather|SunnyDay|[upkeep]
|upkeep
|
|t:|1743787324
|switch|p2a: Ceruledge|Ceruledge, M|100/100
|switch|p1a: Snek|Serperior, F, shiny|100/100
|-activate|p1a: Snek|move: Sticky Web
|-boost|p1a: Snek|spe|1
|turn|7
|
|t:|1743787330
|-terastallize|p1a: Snek|Fire
|move|p1a: Snek|Dragon Pulse|p2a: Ceruledge
|-damage|p2a: Ceruledge|71/100
|-damage|p1a: Snek|91/100|[from] item: Life Orb
|move|p2a: Ceruledge|Swords Dance|p2a: Ceruledge
|-boost|p2a: Ceruledge|atk|2
|
|-weather|SunnyDay|[upkeep]
|upkeep
|turn|8
|
|t:|1743787340
|move|p1a: Snek|Leaf Storm|p2a: Ceruledge
|-resisted|p2a: Ceruledge
|-damage|p2a: Ceruledge|36/100
|-boost|p1a: Snek|spa|2
|-damage|p1a: Snek|81/100|[from] item: Life Orb
|move|p2a: Ceruledge|Bitter Blade|p1a: Snek
|-resisted|p1a: Snek
|-damage|p1a: Snek|0 fnt
|-heal|p2a: Ceruledge|76/100|[from] drain|[of] p1a: Snek
|faint|p1a: Snek
|
|-weather|none
|upkeep
|
|t:|1743787344
|switch|p1a: Chess Enjoyer|Kingambit, F|100/100
|-activate|p1a: Chess Enjoyer|move: Sticky Web
|-unboost|p1a: Chess Enjoyer|spe|1
|-ability|p1a: Chess Enjoyer|Defiant|boost
|-boost|p1a: Chess Enjoyer|atk|2
|turn|9
|
|t:|1743787360
|move|p2a: Ceruledge|Shadow Sneak|p1a: Chess Enjoyer
|-resisted|p1a: Chess Enjoyer
|-damage|p1a: Chess Enjoyer|85/100
|move|p1a: Chess Enjoyer|Swords Dance|p1a: Chess Enjoyer
|-boost|p1a: Chess Enjoyer|atk|2
|
|upkeep
|turn|10
|
|t:|1743787368
|switch|p2a: Hatterene|Hatterene, F|100/100
|move|p1a: Chess Enjoyer|Sucker Punch||[still]
|-fail|p1a: Chess Enjoyer
|
|upkeep
|turn|11
|
|t:|1743787376
|move|p2a: Hatterene|Nuzzle|p1a: Chess Enjoyer
|-damage|p1a: Chess Enjoyer|82/100
|-status|p1a: Chess Enjoyer|par
|move|p1a: Chess Enjoyer|Iron Head|p2a: Hatterene
|-supereffective|p2a: Hatterene
|-damage|p2a: Hatterene|0 fnt
|faint|p2a: Hatterene
|
|upkeep
|
|t:|1743787387
|switch|p2a: Ninetales|Ninetales, M|86/100
|-weather|SunnyDay|[from] ability: Drought|[of] p2a: Ninetales
|turn|12
|
|t:|1743787401
|move|p1a: Chess Enjoyer|Sucker Punch||[still]
|-fail|p1a: Chess Enjoyer
|move|p2a: Ninetales|Encore|p1a: Chess Enjoyer
|-start|p1a: Chess Enjoyer|Encore
|
|-weather|SunnyDay|[upkeep]
|upkeep
|turn|13
|c|☆Da Nuclear ♡|wp man
|
|t:|1743787410
|move|p1a: Chess Enjoyer|Sucker Punch||[still]
|-fail|p1a: Chess Enjoyer
|move|p2a: Ninetales|Will-O-Wisp||[still]
|-fail|p2a: Ninetales
|
|-weather|SunnyDay|[upkeep]
|upkeep
|turn|14
|
|t:|1743787421
|move|p1a: Chess Enjoyer|Sucker Punch||[still]
|-fail|p1a: Chess Enjoyer
|move|p2a: Ninetales|Will-O-Wisp||[still]
|-fail|p2a: Ninetales
|
|-weather|SunnyDay|[upkeep]
|upkeep
|turn|15
|
|t:|1743787431
|move|p1a: Chess Enjoyer|Sucker Punch||[still]
|-fail|p1a: Chess Enjoyer
|move|p2a: Ninetales|Will-O-Wisp||[still]
|-fail|p2a: Ninetales
|
|-weather|SunnyDay|[upkeep]
|-end|p1a: Chess Enjoyer|Encore
|upkeep
|turn|16
|
|t:|1743787433
|move|p1a: Chess Enjoyer|Sucker Punch||[still]
|-fail|p1a: Chess Enjoyer
|move|p2a: Ninetales|Encore|p1a: Chess Enjoyer
|-start|p1a: Chess Enjoyer|Encore
|
|-weather|none
|upkeep
|turn|17
|
|t:|1743787437
|switch|p1a: Mr. Emperor|Empoleon, M|100/100
|-activate|p1a: Mr. Emperor|move: Sticky Web
|-unboost|p1a: Mr. Emperor|spe|1
|-ability|p1a: Mr. Emperor|Competitive|boost
|-boost|p1a: Mr. Emperor|spa|2
|move|p2a: Ninetales|Will-O-Wisp|p1a: Mr. Emperor
|-status|p1a: Mr. Emperor|brn
|
|-damage|p1a: Mr. Emperor|94/100 brn|[from] brn
|upkeep
|turn|18
|
|t:|1743787448
|switch|p2a: Walking Wake|Walking Wake|100/100
|move|p1a: Mr. Emperor|Surf|p2a: Walking Wake
|-resisted|p2a: Walking Wake
|-damage|p2a: Walking Wake|75/100
|
|-damage|p1a: Mr. Emperor|88/100 brn|[from] brn
|upkeep
|turn|19
|
|t:|1743787452
|move|p2a: Walking Wake|Flip Turn|p1a: Mr. Emperor
|-resisted|p1a: Mr. Emperor
|-damage|p1a: Mr. Emperor|80/100 brn
|
|t:|1743787454
|-end|p2a: Walking Wake|Protosynthesis|[silent]
|switch|p2a: Ninetales|Ninetales, M|86/100|[from] Flip Turn
|-weather|SunnyDay|[from] ability: Drought|[of] p2a: Ninetales
|move|p1a: Mr. Emperor|Ice Beam|p2a: Ninetales
|-resisted|p2a: Ninetales
|-damage|p2a: Ninetales|55/100
|
|-weather|SunnyDay|[upkeep]
|-damage|p1a: Mr. Emperor|74/100 brn|[from] brn
|upkeep
|turn|20
|
|t:|1743787458
|move|p2a: Ninetales|Encore|p1a: Mr. Emperor
|-start|p1a: Mr. Emperor|Encore
|move|p1a: Mr. Emperor|Ice Beam|p2a: Ninetales
|-resisted|p2a: Ninetales
|-damage|p2a: Ninetales|28/100
|
|-weather|SunnyDay|[upkeep]
|-damage|p1a: Mr. Emperor|68/100 brn|[from] brn
|upkeep
|turn|21
|
|t:|1743787477
|move|p2a: Ninetales|Healing Wish|p2a: Ninetales
|faint|p2a: Ninetales
|move|p1a: Mr. Emperor|Ice Beam|p2: Ninetales|[notarget]
|-fail|p1a: Mr. Emperor
|
|-weather|SunnyDay|[upkeep]
|-damage|p1a: Mr. Emperor|62/100 brn|[from] brn
|upkeep
|
|t:|1743787489
|switch|p2a: Scovillain|Scovillain, F, shiny|100/100
|turn|22
|
|t:|1743787499
|move|p2a: Scovillain|Flamethrower|p1a: Mr. Emperor
|-damage|p1a: Mr. Emperor|14/100 brn
|-damage|p2a: Scovillain|91/100|[from] item: Life Orb
|move|p1a: Mr. Emperor|Ice Beam|p2a: Scovillain
|-damage|p2a: Scovillain|0 fnt
|faint|p2a: Scovillain
|
|-weather|SunnyDay|[upkeep]
|-damage|p1a: Mr. Emperor|8/100 brn|[from] brn
|-end|p1a: Mr. Emperor|Encore
|upkeep
|
|t:|1743787506
|switch|p2a: Ceruledge|Ceruledge, M|76/100
|-heal|p2a: Ceruledge|100/100|[from] move: Healing Wish
|turn|23
|c|☆Da Nuclear ♡|assault vest was a great investment
|
|t:|1743787511
|move|p2a: Ceruledge|Bitter Blade|p1a: Mr. Emperor
|-damage|p1a: Mr. Emperor|0 fnt
|faint|p1a: Mr. Emperor
|
|-weather|none
|upkeep
|
|t:|1743787514
|switch|p1a: Chess Enjoyer|Kingambit, F|82/100 par
|-activate|p1a: Chess Enjoyer|move: Sticky Web
|-unboost|p1a: Chess Enjoyer|spe|1
|-ability|p1a: Chess Enjoyer|Defiant|boost
|-boost|p1a: Chess Enjoyer|atk|2
|turn|24
|
|t:|1743787519
|move|p1a: Chess Enjoyer|Sucker Punch|p2a: Ceruledge
|-supereffective|p2a: Ceruledge
|-enditem|p2a: Ceruledge|Focus Sash
|-damage|p2a: Ceruledge|1/100
|-ability|p2a: Ceruledge|Weak Armor|boost
|-unboost|p2a: Ceruledge|def|1
|-boost|p2a: Ceruledge|spe|2
|move|p2a: Ceruledge|Bitter Blade|p1a: Chess Enjoyer
|-supereffective|p1a: Chess Enjoyer
|-crit|p1a: Chess Enjoyer
|-damage|p1a: Chess Enjoyer|0 fnt
|-heal|p2a: Ceruledge|58/100|[from] drain|[of] p1a: Chess Enjoyer
|faint|p1a: Chess Enjoyer
|
|win|random tera ghost
|raw|Da Nuclear ♡'s rating: 1296 &rarr; <strong>1267</strong><br />(-29 for losing)
|raw|random tera ghost's rating: 1241 &rarr; <strong>1270</strong><br />(+29 for winning)
|l|☆Da Nuclear ♡
|player|p1|
|l|☆random tera ghost
|player|p2|
