|j|☆Dribblz
|j|☆EvoLbt
|t:|1743886543
|gametype|singles
|player|p1|Dribblz|roxanne|1221
|player|p2|EvoLbt|crasherwake|1224
|teamsize|p1|6
|teamsize|p2|6
|gen|9
|tier|[Gen 9] OU
|rated|
|rule|HP Percentage Mod: HP is shown in percentages
|rule|Endless Battle Clause: Forcing endless battles is banned
|rule|Species Clause: Limit one of each Pokémon
|rule|OHKO Clause: OHKO moves are banned
|rule|Evasion Items Clause: Evasion items are banned
|rule|Evasion Moves Clause: Evasion moves are banned
|rule|Sleep Moves Clause: Sleep-inducing moves are banned
|clearpoke
|poke|p1|Toucannon, F|
|poke|p1|Gholdengo|
|poke|p1|Masquerain, M|
|poke|p1|Garganacl, M|
|poke|p1|Espeon, F|
|poke|p1|Kleavor, M|
|poke|p2|Weavile, F|
|poke|p2|Cinderace, F|
|poke|p2|Raging Bolt|
|poke|p2|Gliscor, M|
|poke|p2|Araquanid, M|
|poke|p2|Iron Crown|
|teampreview
|
|t:|1743886558
|start
|switch|p1a: Masquerain|Masquerain, M|100/100
|switch|p2a: Araquanid|Araquanid, M|100/100
|-ability|p1a: Masquerain|Intimidate|boost
|-unboost|p2a: Araquanid|atk|1
|turn|1
|
|t:|1743886568
|switch|p1a: Espeon|Espeon, F|100/100
|move|p2a: Araquanid|Body Slam|p1a: Espeon
|-damage|p1a: Espeon|67/100
|-damage|p2a: Araquanid|90/100|[from] item: Life Orb
|
|upkeep
|turn|2
|
|t:|1743886578
|move|p1a: Espeon|Power Gem|p2a: Araquanid
|-supereffective|p2a: Araquanid
|-crit|p2a: Araquanid
|-damage|p2a: Araquanid|27/100
|move|p2a: Araquanid|Leech Life|p1a: Espeon
|-supereffective|p1a: Espeon
|-damage|p1a: Espeon|0 fnt
|-heal|p2a: Araquanid|53/100|[from] drain|[of] p1a: Espeon
|faint|p1a: Espeon
|-damage|p2a: Araquanid|43/100|[from] item: Life Orb
|
|upkeep
|
|t:|1743886589
|switch|p1a: Kleavor|Kleavor, M|100/100
|turn|3
|inactive|Battle timer is ON: inactive players will automatically lose when time's up. (requested by Dribblz)
|
|t:|1743886628
|move|p1a: Kleavor|Stone Axe|p2a: Araquanid
|-supereffective|p2a: Araquanid
|-damage|p2a: Araquanid|0 fnt
|-sidestart|p2: EvoLbt|move: Stealth Rock
|faint|p2a: Araquanid
|
|upkeep
|
|t:|1743886637
|switch|p2a: Cinderace|Cinderace, F|100/100
|turn|4
|
|t:|1743886644
|move|p1a: Kleavor|Stone Axe|p2a: Cinderace
|-supereffective|p2a: Cinderace
|-damage|p2a: Cinderace|0 fnt
|faint|p2a: Cinderace
|
|upkeep
|
|t:|1743886663
|switch|p2a: Iron Crown|Iron Crown|100/100
|-damage|p2a: Iron Crown|94/100|[from] Stealth Rock
|-enditem|p2a: Iron Crown|Booster Energy
|-activate|p2a: Iron Crown|ability: Quark Drive|[fromitem]
|-start|p2a: Iron Crown|quarkdrivespe
|turn|5
|
|t:|1743886678
|switch|p1a: Garganacl|Garganacl, M|100/100
|move|p2a: Iron Crown|Tachyon Cutter|p1a: Garganacl
|-supereffective|p1a: Garganacl
|-damage|p1a: Garganacl|55/100
|-supereffective|p1a: Garganacl
|-damage|p1a: Garganacl|15/100
|-hitcount|p1a: Garganacl|2
|
|-heal|p1a: Garganacl|21/100|[from] item: Leftovers
|upkeep
|turn|6
|
|t:|1743886689
|move|p1a: Garganacl|Protect|p1a: Garganacl
|-singleturn|p1a: Garganacl|Protect
|move|p2a: Iron Crown|Tachyon Cutter|p1a: Garganacl
|-activate|p1a: Garganacl|move: Protect
|
|-heal|p1a: Garganacl|27/100|[from] item: Leftovers
|upkeep
|turn|7
|
|t:|1743886701
|-terastallize|p1a: Garganacl|Ghost
|move|p2a: Iron Crown|Tachyon Cutter|p1a: Garganacl
|-damage|p1a: Garganacl|7/100
|-damage|p1a: Garganacl|0 fnt
|faint|p1a: Garganacl
|-hitcount|p1: Garganacl|2
|
|upkeep
|
|t:|1743886717
|switch|p1a: Gholdengo|Gholdengo|100/100
|turn|8
|inactive|EvoLbt has 120 seconds left.
|
|t:|1743886753
|-terastallize|p2a: Iron Crown|Fighting
|move|p2a: Iron Crown|Psyshock|p1a: Gholdengo
|-resisted|p1a: Gholdengo
|-damage|p1a: Gholdengo|83/100
|move|p1a: Gholdengo|Thunder Wave|p2a: Iron Crown
|-status|p2a: Iron Crown|par
|
|-heal|p1a: Gholdengo|89/100|[from] item: Leftovers
|upkeep
|turn|9
|inactive|EvoLbt has 120 seconds left.
|inactive|Dribblz has 120 seconds left.
|
|t:|1743886783
|move|p2a: Iron Crown|Tachyon Cutter|p1a: Gholdengo
|-resisted|p1a: Gholdengo
|-damage|p1a: Gholdengo|81/100
|-resisted|p1a: Gholdengo
|-damage|p1a: Gholdengo|73/100
|-hitcount|p1a: Gholdengo|2
|move|p1a: Gholdengo|Hex|p2a: Iron Crown
|-damage|p2a: Iron Crown|40/100 par
|
|-heal|p1a: Gholdengo|79/100|[from] item: Leftovers
|upkeep
|turn|10
|inactive|Dribblz has 120 seconds left.
|-message|EvoLbt forfeited.
|
|win|Dribblz
|raw|Dribblz's rating: 1221 &rarr; <strong>1246</strong><br />(+25 for winning)
|raw|EvoLbt's rating: 1224 &rarr; <strong>1199</strong><br />(-25 for losing)
|l|☆EvoLbt
|player|p2|
|l|☆Dribblz
|player|p1|
