|j|☆B.Clintonele10eux
|j|☆45worldd
|t:|1743791339
|gametype|singles
|player|p1|B.Clintonele10eux|101|1527
|player|p2|45worldd|jupiter|1473
|teamsize|p1|6
|teamsize|p2|6
|gen|9
|tier|[Gen 9] OU
|rated|
|rule|HP Percentage Mod: HP is shown in percentages
|rule|Endless Battle Clause: Forcing endless battles is banned
|rule|Species Clause: Limit one of each Pokémon
|rule|OHKO Clause: OHKO moves are banned
|rule|Evasion Items Clause: Evasion items are banned
|rule|Evasion Moves Clause: Evasion moves are banned
|rule|Sleep Moves Clause: Sleep-inducing moves are banned
|clearpoke
|poke|p1|Pecharunt|
|poke|p1|Enamorus, F|
|poke|p1|Ogerpon-Wellspring, F|
|poke|p1|Ting-Lu|
|poke|p1|Cinderace, F|
|poke|p1|Dragonite, M|
|poke|p2|Garganacl, F|
|poke|p2|Shiftry, F|
|poke|p2|Brambleghast, F|
|poke|p2|Braviary-Hisui, M|
|poke|p2|Dragapult, F|
|poke|p2|Iron Hands|
|teampreview
|
|t:|1743791355
|start
|switch|p1a: Enamorus|Enamorus, F|100/100
|switch|p2a: Shiftry|Shiftry, F|100/100
|turn|1
|
|t:|1743791361
|move|p1a: Enamorus|Moonblast|p2a: Shiftry
|-supereffective|p2a: Shiftry
|-enditem|p2a: Shiftry|Focus Sash
|-damage|p2a: Shiftry|1/100
|move|p2a: Shiftry|Tailwind|p2a: Shiftry
|-sidestart|p2: 45worldd|move: Tailwind
|-ability|p2a: Shiftry|Wind Rider|boost
|-boost|p2a: Shiftry|atk|1
|
|upkeep
|turn|2
|
|t:|1743791371
|switch|p1a: Pecharunt|Pecharunt|100/100
|move|p2a: Shiftry|Explosion|p1a: Pecharunt
|-immune|p1a: Pecharunt
|faint|p2a: Shiftry
|
|upkeep
|
|t:|1743791373
|switch|p2a: Brambleghast|Brambleghast, F|100/100
|-ability|p2a: Brambleghast|Wind Rider|boost
|-boost|p2a: Brambleghast|atk|1
|turn|3
|
|t:|1743791389
|switch|p1a: Dragonite|Dragonite, M|100/100
|move|p2a: Brambleghast|Poltergeist|p1a: Dragonite
|-activate|p1a: Dragonite|move: Poltergeist|Heavy-Duty Boots
|-damage|p1a: Dragonite|47/100
|-damage|p2a: Brambleghast|91/100|[from] item: Life Orb
|
|upkeep
|turn|4
|
|t:|1743791398
|switch|p1a: Ting-Lu|Ting-Lu|100/100
|-ability|p1a: Ting-Lu|Vessel of Ruin
|move|p2a: Brambleghast|Poltergeist|p1a: Ting-Lu|[miss]
|-miss|p2a: Brambleghast|p1a: Ting-Lu
|
|-sideend|p2: 45worldd|move: Tailwind
|upkeep
|turn|5
|
|t:|1743791416
|switch|p1a: Dragonite|Dragonite, M|47/100
|move|p2a: Brambleghast|Power Whip|p1a: Dragonite
|-resisted|p1a: Dragonite
|-damage|p1a: Dragonite|16/100
|-damage|p2a: Brambleghast|81/100|[from] item: Life Orb
|
|upkeep
|turn|6
|
|t:|1743791424
|move|p2a: Brambleghast|Rapid Spin|p1a: Dragonite
|-damage|p1a: Dragonite|0 fnt
|-boost|p2a: Brambleghast|spe|1
|faint|p1a: Dragonite
|-damage|p2a: Brambleghast|71/100|[from] item: Life Orb
|
|upkeep
|
|t:|1743791460
|switch|p1a: Enamorus|Enamorus, F|100/100
|turn|7
|
|t:|1743791464
|move|p1a: Enamorus|Moonblast|p2a: Brambleghast
|-damage|p2a: Brambleghast|0 fnt
|faint|p2a: Brambleghast
|
|upkeep
|inactive|Battle timer is ON: inactive players will automatically lose when time's up. (requested by B.Clintonele10eux)
|
|t:|1743791501
|switch|p2a: Braviary|Braviary-Hisui, M|100/100
|turn|8
|
|t:|1743791510
|switch|p1a: Ting-Lu|Ting-Lu|100/100
|-ability|p1a: Ting-Lu|Vessel of Ruin
|move|p2a: Braviary|Esper Wing|p1a: Ting-Lu
|-immune|p1a: Ting-Lu
|
|upkeep
|turn|9
|
|t:|1743791522
|switch|p2a: Dragapult|Dragapult, F, shiny|100/100
|move|p1a: Ting-Lu|Ruination|p2a: Dragapult
|-damage|p2a: Dragapult|50/100
|
|upkeep
|turn|10
|
|t:|1743791534
|move|p2a: Dragapult|Reflect|p2a: Dragapult
|-sidestart|p2: 45worldd|Reflect
|move|p1a: Ting-Lu|Earthquake|p2a: Dragapult
|-damage|p2a: Dragapult|30/100
|-start|p1a: Ting-Lu|Disable|Earthquake|[from] ability: Cursed Body|[of] p2a: Dragapult
|
|upkeep
|turn|11
|
|t:|1743791541
|move|p2a: Dragapult|Light Screen|p2a: Dragapult
|-sidestart|p2: 45worldd|move: Light Screen
|move|p1a: Ting-Lu|Spikes|p2a: Dragapult
|-sidestart|p2: 45worldd|Spikes
|
|upkeep
|turn|12
|
|t:|1743791546
|move|p2a: Dragapult|Curse|p1a: Ting-Lu
|-start|p1a: Ting-Lu|Curse|[of] p2a: Dragapult
|-damage|p2a: Dragapult|0 fnt
|faint|p2a: Dragapult
|move|p1a: Ting-Lu|Whirlwind|p2: Dragapult|[notarget]
|-fail|p1a: Ting-Lu
|
|-damage|p1a: Ting-Lu|76/100|[from] Curse
|upkeep
|
|t:|1743791550
|switch|p2a: Iron Hands|Iron Hands|100/100
|-damage|p2a: Iron Hands|88/100|[from] Spikes
|turn|13
|
|t:|1743791562
|-terastallize|p1a: Ting-Lu|Poison
|move|p2a: Iron Hands|Swords Dance|p2a: Iron Hands
|-boost|p2a: Iron Hands|atk|2
|move|p1a: Ting-Lu|Whirlwind|p2a: Iron Hands
|-end|p2a: Iron Hands|Quark Drive|[silent]
|drag|p2a: Garganacl|Garganacl, F|100/100
|-damage|p2a: Garganacl|88/100|[from] Spikes
|
|-heal|p1a: Ting-Lu|82/100|[from] item: Leftovers
|-heal|p2a: Garganacl|94/100|[from] item: Leftovers
|-damage|p1a: Ting-Lu|57/100|[from] Curse
|-end|p1a: Ting-Lu|Disable
|upkeep
|turn|14
|
|t:|1743791577
|switch|p1a: Pecharunt|Pecharunt|100/100
|move|p2a: Garganacl|Salt Cure|p1a: Pecharunt
|-damage|p1a: Pecharunt|91/100
|-start|p1a: Pecharunt|Salt Cure
|
|-heal|p2a: Garganacl|100/100|[from] item: Leftovers
|-damage|p1a: Pecharunt|78/100|[from] Salt Cure
|upkeep
|turn|15
|
|t:|1743791587
|move|p1a: Pecharunt|Nasty Plot|p1a: Pecharunt
|-boost|p1a: Pecharunt|spa|2
|move|p2a: Garganacl|Iron Defense|p2a: Garganacl
|-boost|p2a: Garganacl|def|2
|
|-damage|p1a: Pecharunt|66/100|[from] Salt Cure
|upkeep
|turn|16
|
|t:|1743791608
|switch|p2a: Braviary|Braviary-Hisui, M|100/100
|move|p1a: Pecharunt|Recover|p1a: Pecharunt
|-heal|p1a: Pecharunt|100/100
|
|-damage|p1a: Pecharunt|88/100|[from] Salt Cure
|upkeep
|turn|17
|
|t:|1743791626
|switch|p1a: Cinderace|Cinderace, F|100/100
|move|p2a: Braviary|Esper Wing|p1a: Cinderace
|-crit|p1a: Cinderace
|-damage|p1a: Cinderace|0 fnt
|-boost|p2a: Braviary|spe|1
|faint|p1a: Cinderace
|
|-sideend|p2: 45worldd|Reflect
|upkeep
|
|t:|1743791640
|switch|p1a: Ogerpon|Ogerpon-Wellspring, F|100/100
|turn|18
|inactive|45worldd has 120 seconds left.
|
|t:|1743791686
|switch|p2a: Iron Hands|Iron Hands|88/100
|-damage|p2a: Iron Hands|76/100|[from] Spikes
|move|p1a: Ogerpon|Knock Off|p2a: Iron Hands
|-resisted|p2a: Iron Hands
|-damage|p2a: Iron Hands|64/100
|-enditem|p2a: Iron Hands|Leftovers|[from] move: Knock Off|[of] p1a: Ogerpon
|
|-sideend|p2: 45worldd|move: Light Screen
|upkeep
|turn|19
|inactive|45worldd has 90 seconds left.
|
|t:|1743791737
|switch|p1a: Pecharunt|Pecharunt|88/100
|move|p2a: Iron Hands|Thunder Punch|p1a: Pecharunt
|-damage|p1a: Pecharunt|59/100
|
|upkeep
|turn|20
|
|t:|1743791744
|move|p1a: Pecharunt|Malignant Chain|p2a: Iron Hands
|-damage|p2a: Iron Hands|34/100
|move|p2a: Iron Hands|Swords Dance|p2a: Iron Hands
|-boost|p2a: Iron Hands|atk|2
|
|upkeep
|turn|21
|inactive|45worldd has 60 seconds left.
|
|t:|1743791779
|-terastallize|p2a: Iron Hands|Steel
|move|p1a: Pecharunt|Malignant Chain|p2a: Iron Hands
|-immune|p2a: Iron Hands
|move|p2a: Iron Hands|Thunder Punch|p1a: Pecharunt
|-damage|p1a: Pecharunt|3/100
|
|upkeep
|turn|22
|
|t:|1743791789
|move|p1a: Pecharunt|Shadow Ball|p2a: Iron Hands
|-damage|p2a: Iron Hands|8/100
|move|p2a: Iron Hands|Thunder Punch|p1a: Pecharunt
|-damage|p1a: Pecharunt|0 fnt
|faint|p1a: Pecharunt
|
|upkeep
|
|t:|1743791798
|switch|p1a: Ogerpon|Ogerpon-Wellspring, F|100/100
|turn|23
|
|t:|1743791801
|move|p1a: Ogerpon|Ivy Cudgel|p2a: Iron Hands|[anim] Ivy Cudgel Water
|-damage|p2a: Iron Hands|0 fnt
|faint|p2a: Iron Hands
|-end|p2a: Iron Hands|Quark Drive|[silent]
|
|upkeep
|
|t:|1743791805
|switch|p2a: Braviary|Braviary-Hisui, M|100/100
|turn|24
|
|t:|1743791810
|switch|p1a: Ting-Lu|Ting-Lu, tera:Poison|57/100
|-ability|p1a: Ting-Lu|Vessel of Ruin
|move|p2a: Braviary|Esper Wing|p1a: Ting-Lu
|-supereffective|p1a: Ting-Lu
|-damage|p1a: Ting-Lu|20/100
|-boost|p2a: Braviary|spe|1
|
|-heal|p1a: Ting-Lu|26/100|[from] item: Leftovers
|upkeep
|turn|25
|
|t:|1743791821
|move|p2a: Braviary|Esper Wing|p1a: Ting-Lu
|-supereffective|p1a: Ting-Lu
|-damage|p1a: Ting-Lu|0 fnt
|-boost|p2a: Braviary|spe|1
|faint|p1a: Ting-Lu
|
|upkeep
|
|t:|1743791828
|switch|p1a: Ogerpon|Ogerpon-Wellspring, F|100/100
|turn|26
|
|t:|1743791831
|move|p2a: Braviary|Esper Wing|p1a: Ogerpon
|-crit|p1a: Ogerpon
|-damage|p1a: Ogerpon|23/100
|-boost|p2a: Braviary|spe|1
|move|p1a: Ogerpon|Knock Off|p2a: Braviary
|-supereffective|p2a: Braviary
|-damage|p2a: Braviary|7/100
|-enditem|p2a: Braviary|Twisted Spoon|[from] move: Knock Off|[of] p1a: Ogerpon
|
|upkeep
|turn|27
|
|t:|1743791853
|switch|p1a: Enamorus|Enamorus, F|100/100
|move|p2a: Braviary|Esper Wing|p1a: Enamorus
|-crit|p1a: Enamorus
|-damage|p1a: Enamorus|24/100
|-boost|p2a: Braviary|spe|1
|
|upkeep
|turn|28
|inactive|45worldd has 120 seconds left.
|
|t:|1743791861
|move|p2a: Braviary|Esper Wing|p1a: Enamorus
|-damage|p1a: Enamorus|0 fnt
|-boost|p2a: Braviary|spe|1
|faint|p1a: Enamorus
|
|upkeep
|
|t:|1743791868
|switch|p1a: Ogerpon|Ogerpon-Wellspring, F|23/100
|turn|29
|
|t:|1743791871
|move|p2a: Braviary|Psyshock|p1a: Ogerpon
|-damage|p1a: Ogerpon|0 fnt
|faint|p1a: Ogerpon
|
|win|45worldd
|raw|B.Clintonele10eux's rating: 1527 &rarr; <strong>1504</strong><br />(-23 for losing)
|raw|45worldd's rating: 1473 &rarr; <strong>1496</strong><br />(+23 for winning)
|l|☆B.Clintonele10eux
|player|p1|
|l|☆45worldd
|player|p2|
