|j|☆gsgdgdgd
|j|☆Lug1aBoi64
|t:|1743846505
|gametype|singles
|player|p1|gsgdgdgd|2|1086
|player|p2|Lug1aBoi64|gloria-league|1149
|teamsize|p1|6
|teamsize|p2|6
|gen|9
|tier|[Gen 9] OU
|rated|
|rule|HP Percentage Mod: HP is shown in percentages
|rule|Endless Battle Clause: Forcing endless battles is banned
|rule|Species Clause: Limit one of each Pokémon
|rule|OHKO Clause: OHKO moves are banned
|rule|Evasion Items Clause: Evasion items are banned
|rule|Evasion Moves Clause: Evasion moves are banned
|rule|Sleep Moves Clause: Sleep-inducing moves are banned
|clearpoke
|poke|p1|Drednaw, F|
|poke|p1|Toxtricity-Low-Key, F|
|poke|p1|Gogoat, M|
|poke|p1|Lycanroc-Midnight, F|
|poke|p1|Scrafty, M|
|poke|p1|Chesnaught, F|
|poke|p2|Ninetales, F|
|poke|p2|Walking Wake|
|poke|p2|Charizard, M|
|poke|p2|Great Tusk|
|poke|p2|Brute Bonnet|
|poke|p2|Hatterene, F|
|teampreview
|c|☆Lug1aBoi64|Glhf
|inactive|Battle timer is ON: inactive players will automatically lose when time's up. (requested by Lug1aBoi64)
|
|t:|1743846549
|start
|switch|p1a: Gogoat|Gogoat, M|100/100
|switch|p2a: Sixtyninetales|Ninetales, F|100/100
|-weather|SunnyDay|[from] ability: Drought|[of] p2a: Sixtyninetales
|turn|1
|inactive|Lug1aBoi64 has 120 seconds left.
|
|t:|1743846593
|switch|p1a: Drednaw|Drednaw, F|100/100
|move|p2a: Sixtyninetales|Weather Ball|p1a: Drednaw
|-resisted|p1a: Drednaw
|-damage|p1a: Drednaw|84/100
|
|-weather|SunnyDay|[upkeep]
|upkeep
|turn|2
|
|t:|1743846602
|move|p2a: Sixtyninetales|Will-O-Wisp|p1a: Drednaw|[miss]
|-miss|p2a: Sixtyninetales|p1a: Drednaw
|move|p1a: Drednaw|Shell Smash|p1a: Drednaw
|-unboost|p1a: Drednaw|def|1
|-unboost|p1a: Drednaw|spd|1
|-boost|p1a: Drednaw|atk|2
|-boost|p1a: Drednaw|spa|2
|-boost|p1a: Drednaw|spe|2
|-enditem|p1a: Drednaw|White Herb
|-clearnegativeboost|p1a: Drednaw|[silent]
|
|-weather|SunnyDay|[upkeep]
|upkeep
|turn|3
|inactive|Lug1aBoi64 has 120 seconds left.
|
|t:|1743846625
|-terastallize|p2a: Sixtyninetales|Grass
|move|p1a: Drednaw|Liquidation|p2a: Sixtyninetales
|-resisted|p2a: Sixtyninetales
|-damage|p2a: Sixtyninetales|75/100
|move|p2a: Sixtyninetales|Will-O-Wisp|p1a: Drednaw
|-status|p1a: Drednaw|brn
|
|-weather|SunnyDay|[upkeep]
|-damage|p1a: Drednaw|78/100 brn|[from] brn
|upkeep
|turn|4
|
|t:|1743846633
|switch|p2a: MrBeast|Walking Wake|100/100
|-activate|p2a: MrBeast|ability: Protosynthesis
|-start|p2a: MrBeast|protosynthesisspe
|move|p1a: Drednaw|Ice Fang|p2a: MrBeast
|-damage|p2a: MrBeast|70/100
|
|-weather|SunnyDay|[upkeep]
|-damage|p1a: Drednaw|72/100 brn|[from] brn
|upkeep
|turn|5
|
|t:|1743846643
|-terastallize|p1a: Drednaw|Dark
|move|p2a: MrBeast|Hydro Steam|p1a: Drednaw
|-damage|p1a: Drednaw|0 fnt
|faint|p1a: Drednaw
|-damage|p2a: MrBeast|60/100|[from] item: Life Orb
|
|-weather|SunnyDay|[upkeep]
|upkeep
|
|t:|1743846661
|switch|p1a: Lycanroc|Lycanroc-Midnight, F|100/100
|turn|6
|inactive|Lug1aBoi64 has 120 seconds left.
|
|t:|1743846682
|move|p2a: MrBeast|Hydro Steam|p1a: Lycanroc
|-supereffective|p1a: Lycanroc
|-enditem|p1a: Lycanroc|Focus Sash
|-damage|p1a: Lycanroc|1/100
|-damage|p2a: MrBeast|50/100|[from] item: Life Orb
|move|p1a: Lycanroc|Play Rough|p2a: MrBeast
|-supereffective|p2a: MrBeast
|-damage|p2a: MrBeast|0 fnt
|faint|p2a: MrBeast
|-end|p2a: MrBeast|Protosynthesis|[silent]
|
|-weather|SunnyDay|[upkeep]
|upkeep
|inactive|Lug1aBoi64 has 120 seconds left.
|
|t:|1743846687
|switch|p2a: steroids|Great Tusk|100/100
|-activate|p2a: steroids|ability: Protosynthesis
|-start|p2a: steroids|protosynthesisspe
|turn|7
|
|t:|1743846706
|switch|p1a: Chesnaught|Chesnaught, F|100/100
|move|p2a: steroids|Rapid Spin|p1a: Chesnaught
|-damage|p1a: Chesnaught|89/100
|-boost|p2a: steroids|spe|1
|
|-weather|SunnyDay|[upkeep]
|-heal|p1a: Chesnaught|95/100|[from] item: Leftovers
|upkeep
|turn|8
|
|t:|1743846722
|move|p2a: steroids|Bulk Up|p2a: steroids
|-boost|p2a: steroids|atk|1
|-boost|p2a: steroids|def|1
|move|p1a: Chesnaught|Iron Defense|p1a: Chesnaught
|-boost|p1a: Chesnaught|def|2
|
|-weather|none
|-end|p2a: steroids|Protosynthesis
|-heal|p1a: Chesnaught|100/100|[from] item: Leftovers
|upkeep
|-enditem|p2a: steroids|Booster Energy
|-activate|p2a: steroids|ability: Protosynthesis|[fromitem]
|-start|p2a: steroids|protosynthesisspe
|turn|9
|
|t:|1743846735
|move|p2a: steroids|Bulk Up|p2a: steroids
|-boost|p2a: steroids|atk|1
|-boost|p2a: steroids|def|1
|move|p1a: Chesnaught|Leech Seed|p2a: steroids
|-start|p2a: steroids|move: Leech Seed
|
|-damage|p2a: steroids|88/100|[from] Leech Seed|[of] p1a: Chesnaught
|upkeep
|turn|10
|
|t:|1743846746
|move|p2a: steroids|Ice Spinner|p1a: Chesnaught
|-supereffective|p1a: Chesnaught
|-crit|p1a: Chesnaught
|-damage|p1a: Chesnaught|0 fnt
|faint|p1a: Chesnaught
|
|upkeep
|-message|gsgdgdgd forfeited.
|
|win|Lug1aBoi64
|raw|gsgdgdgd's rating: 1086 &rarr; <strong>1067</strong><br />(-19 for losing)
|raw|Lug1aBoi64's rating: 1149 &rarr; <strong>1170</strong><br />(+21 for winning)
|l|☆gsgdgdgd
|player|p1|
|l|☆Lug1aBoi64
|player|p2|
