|j|☆Ep1c_Squ1d
|j|☆guizinhuk
|t:|1743893940
|gametype|singles
|player|p1|Ep1c_Squ1d|hiker-gen4|1091
|player|p2|guizinhuk|koga|1139
|teamsize|p1|6
|teamsize|p2|6
|gen|9
|tier|[Gen 9] OU
|rated|
|rule|HP Percentage Mod: HP is shown in percentages
|rule|Endless Battle Clause: Forcing endless battles is banned
|rule|Species Clause: Limit one of each Pokémon
|rule|OHKO Clause: OHKO moves are banned
|rule|Evasion Items Clause: Evasion items are banned
|rule|Evasion Moves Clause: Evasion moves are banned
|rule|Sleep Moves Clause: Sleep-inducing moves are banned
|clearpoke
|poke|p1|Oranguru, M|
|poke|p1|Abomasnow, F|
|poke|p1|Polteageist|
|poke|p1|Houndoom, F|
|poke|p1|Amoonguss, M|
|poke|p1|Quaquaval, M|
|poke|p2|Gliscor, F|
|poke|p2|Ogerpon-Wellspring, F|
|poke|p2|Gholdengo|
|poke|p2|Dragapult, M|
|poke|p2|Alomomola, F|
|poke|p2|Salamence, M|
|teampreview
|inactive|Battle timer is ON: inactive players will automatically lose when time's up. (requested by Ep1c_Squ1d)
|
|t:|1743893962
|start
|switch|p1a: Oranguru|Oranguru, M|100/100
|switch|p2a: Gliscor|Gliscor, F, shiny|100/100
|turn|1
|
|t:|1743893970
|move|p2a: Gliscor|Toxic|p1a: Oranguru
|-status|p1a: Oranguru|tox
|move|p1a: Oranguru|Trick Room|p1a: Oranguru
|-fieldstart|move: Trick Room|[of] p1a: Oranguru
|
|-damage|p1a: Oranguru|94/100 tox|[from] psn
|-status|p2a: Gliscor|tox|[from] item: Toxic Orb
|upkeep
|turn|2
|
|t:|1743893985
|move|p1a: Oranguru|Psychic|p2a: Gliscor
|-damage|p2a: Gliscor|48/100 tox
|-unboost|p2a: Gliscor|spd|1
|move|p2a: Gliscor|Knock Off|p1a: Oranguru
|-supereffective|p1a: Oranguru
|-enditem|p1a: Oranguru|Colbur Berry|[eat]
|-enditem|p1a: Oranguru|Colbur Berry|[weaken]
|-damage|p1a: Oranguru|71/100 tox
|
|-damage|p1a: Oranguru|59/100 tox|[from] psn
|-heal|p2a: Gliscor|61/100 tox|[from] ability: Poison Heal
|upkeep
|turn|3
|
|t:|1743893996
|move|p2a: Gliscor|Protect|p2a: Gliscor
|-singleturn|p2a: Gliscor|Protect
|move|p1a: Oranguru|Psychic|p2a: Gliscor
|-activate|p2a: Gliscor|move: Protect
|
|-damage|p1a: Oranguru|41/100 tox|[from] psn
|-heal|p2a: Gliscor|73/100 tox|[from] ability: Poison Heal
|upkeep
|turn|4
|
|t:|1743894003
|move|p1a: Oranguru|Psychic|p2a: Gliscor
|-damage|p2a: Gliscor|0 fnt
|faint|p2a: Gliscor
|
|-damage|p1a: Oranguru|17/100 tox|[from] psn
|upkeep
|
|t:|1743894014
|switch|p2a: Ogerpon|Ogerpon-Wellspring, F|100/100
|turn|5
|
|t:|1743894020
|move|p1a: Oranguru|Psychic|p2a: Ogerpon
|-damage|p2a: Ogerpon|49/100
|-unboost|p2a: Ogerpon|spd|1
|move|p2a: Ogerpon|Swords Dance|p2a: Ogerpon
|-boost|p2a: Ogerpon|atk|2
|
|-damage|p1a: Oranguru|0 fnt|[from] psn
|faint|p1a: Oranguru
|-fieldend|move: Trick Room
|upkeep
|
|t:|1743894035
|switch|p1a: Houndoom|Houndoom, F|100/100
|turn|6
|
|t:|1743894050
|move|p1a: Houndoom|Sludge Bomb|p2a: Ogerpon
|-supereffective|p2a: Ogerpon
|-damage|p2a: Ogerpon|0 fnt
|faint|p2a: Ogerpon
|
|upkeep
|
|t:|1743894058
|switch|p2a: Gholdengo|Gholdengo, shiny|100/100
|-item|p2a: Gholdengo|Air Balloon
|turn|7
|
|t:|1743894067
|switch|p1a: Quaquaval|Quaquaval, M|100/100
|move|p2a: Gholdengo|Nasty Plot|p2a: Gholdengo
|-boost|p2a: Gholdengo|spa|2
|
|upkeep
|turn|8
|
|t:|1743894085
|move|p1a: Quaquaval|Brick Break|p2a: Gholdengo
|-immune|p2a: Gholdengo
|move|p2a: Gholdengo|Dazzling Gleam|p1a: Quaquaval
|-supereffective|p1a: Quaquaval
|-damage|p1a: Quaquaval|19/100
|
|upkeep
|turn|9
|
|t:|1743894096
|move|p1a: Quaquaval|Aqua Step|p2a: Gholdengo
|-damage|p2a: Gholdengo|49/100
|-boost|p1a: Quaquaval|spe|1
|-enditem|p2a: Gholdengo|Air Balloon
|move|p2a: Gholdengo|Shadow Ball|p1a: Quaquaval
|-damage|p1a: Quaquaval|0 fnt
|faint|p1a: Quaquaval
|
|upkeep
|
|t:|1743894106
|switch|p1a: Houndoom|Houndoom, F|100/100
|turn|10
|
|t:|1743894116
|switch|p2a: Alomomola|Alomomola, F|100/100
|move|p1a: Houndoom|Fire Blast|p2a: Alomomola
|-resisted|p2a: Alomomola
|-damage|p2a: Alomomola|73/100
|
|-heal|p2a: Alomomola|79/100|[from] item: Leftovers
|upkeep
|turn|11
|
|t:|1743894125
|switch|p1a: Abomasnow|Abomasnow, F|100/100
|-weather|Snowscape|[from] ability: Snow Warning|[of] p1a: Abomasnow
|move|p2a: Alomomola|Scald|p1a: Abomasnow
|-resisted|p1a: Abomasnow
|-damage|p1a: Abomasnow|94/100
|
|-weather|Snowscape|[upkeep]
|-heal|p2a: Alomomola|85/100|[from] item: Leftovers
|upkeep
|turn|12
|
|t:|1743894134
|move|p1a: Abomasnow|Aurora Veil|p1a: Abomasnow
|-sidestart|p1: Ep1c_Squ1d|move: Aurora Veil
|move|p2a: Alomomola|Wish|p2a: Alomomola
|
|-weather|Snowscape|[upkeep]
|-heal|p2a: Alomomola|91/100|[from] item: Leftovers
|upkeep
|turn|13
|
|t:|1743894142
|move|p1a: Abomasnow|Giga Drain|p2a: Alomomola
|-supereffective|p2a: Alomomola
|-damage|p2a: Alomomola|14/100
|-heal|p1a: Abomasnow|100/100|[from] drain|[of] p2a: Alomomola
|move|p2a: Alomomola|Flip Turn|p1a: Abomasnow
|-resisted|p1a: Abomasnow
|-damage|p1a: Abomasnow|97/100
|
|t:|1743894146
|switch|p2a: Gholdengo|Gholdengo, shiny|49/100|[from] Flip Turn
|
|-weather|Snowscape|[upkeep]
|-heal|p2a: Gholdengo|100/100|[from] move: Wish|[wisher] Alomomola
|upkeep
|turn|14
|
|t:|1743894157
|move|p2a: Gholdengo|Shadow Ball|p1a: Abomasnow
|-damage|p1a: Abomasnow|80/100
|move|p1a: Abomasnow|Blizzard|p2a: Gholdengo
|-resisted|p2a: Gholdengo
|-damage|p2a: Gholdengo|77/100
|
|-weather|Snowscape|[upkeep]
|upkeep
|turn|15
|
|t:|1743894166
|move|p2a: Gholdengo|Nasty Plot|p2a: Gholdengo
|-boost|p2a: Gholdengo|spa|2
|move|p1a: Abomasnow|Blizzard|p2a: Gholdengo
|-resisted|p2a: Gholdengo
|-damage|p2a: Gholdengo|56/100
|
|-weather|none
|upkeep
|turn|16
|
|t:|1743894175
|switch|p1a: Houndoom|Houndoom, F|100/100
|move|p2a: Gholdengo|Shadow Ball|p1a: Houndoom
|-resisted|p1a: Houndoom
|-damage|p1a: Houndoom|76/100
|
|-sideend|p1: Ep1c_Squ1d|move: Aurora Veil
|upkeep
|turn|17
|
|t:|1743894191
|switch|p2a: Alomomola|Alomomola, F|47/100
|move|p1a: Houndoom|Fire Blast|p2a: Alomomola
|-resisted|p2a: Alomomola
|-damage|p2a: Alomomola|17/100
|
|-heal|p2a: Alomomola|24/100|[from] item: Leftovers
|upkeep
|turn|18
|
|t:|1743894199
|move|p1a: Houndoom|Fire Blast|p2a: Alomomola
|-resisted|p2a: Alomomola
|-damage|p2a: Alomomola|0 fnt
|faint|p2a: Alomomola
|
|upkeep
|
|t:|1743894208
|switch|p2a: Salamence|Salamence, M|100/100
|turn|19
|
|t:|1743894212
|switch|p1a: Abomasnow|Abomasnow, F|80/100
|-weather|Snowscape|[from] ability: Snow Warning|[of] p1a: Abomasnow
|move|p2a: Salamence|Dragon Dance|p2a: Salamence
|-boost|p2a: Salamence|atk|1
|-boost|p2a: Salamence|spe|1
|
|-weather|Snowscape|[upkeep]
|upkeep
|turn|20
|
|t:|1743894229
|move|p2a: Salamence|Iron Head|p1a: Abomasnow
|-supereffective|p1a: Abomasnow
|-damage|p1a: Abomasnow|5/100
|move|p1a: Abomasnow|Aurora Veil|p1a: Abomasnow
|-sidestart|p1: Ep1c_Squ1d|move: Aurora Veil
|
|-weather|Snowscape|[upkeep]
|upkeep
|turn|21
|
|t:|1743894235
|move|p1a: Abomasnow|Ice Shard|p2a: Salamence
|-supereffective|p2a: Salamence
|-damage|p2a: Salamence|35/100
|move|p2a: Salamence|Iron Head|p1a: Abomasnow
|-supereffective|p1a: Abomasnow
|-damage|p1a: Abomasnow|0 fnt
|faint|p1a: Abomasnow
|-ability|p2a: Salamence|Moxie|boost
|-boost|p2a: Salamence|atk|1
|
|-weather|Snowscape|[upkeep]
|upkeep
|
|t:|1743894244
|switch|p1a: Houndoom|Houndoom, F|76/100
|turn|22
|inactive|guizinhuk has 120 seconds left.
|inactive|guizinhuk has 90 seconds left.
|
|t:|1743894306
|move|p1a: Houndoom|Thunder Fang|p2a: Salamence
|-damage|p2a: Salamence|19/100
|move|p2a: Salamence|Earthquake|p1a: Houndoom
|-supereffective|p1a: Houndoom
|-damage|p1a: Houndoom|0 fnt
|faint|p1a: Houndoom
|-ability|p2a: Salamence|Moxie|boost
|-boost|p2a: Salamence|atk|1
|
|-weather|Snowscape|[upkeep]
|upkeep
|
|t:|1743894319
|switch|p1a: Polteageist|Polteageist|100/100
|turn|23
|inactive|guizinhuk has 90 seconds left.
|
|t:|1743894344
|move|p2a: Salamence|Earthquake|p1a: Polteageist
|-damage|p1a: Polteageist|11/100
|-ability|p1a: Polteageist|Weak Armor|boost
|-unboost|p1a: Polteageist|def|1
|-boost|p1a: Polteageist|spe|2
|-enditem|p1a: Polteageist|White Herb
|-clearnegativeboost|p1a: Polteageist|[silent]
|move|p1a: Polteageist|Shell Smash|p1a: Polteageist
|-unboost|p1a: Polteageist|def|1
|-unboost|p1a: Polteageist|spd|1
|-boost|p1a: Polteageist|atk|2
|-boost|p1a: Polteageist|spa|2
|-boost|p1a: Polteageist|spe|2
|
|-weather|none
|upkeep
|turn|24
|inactive|guizinhuk has 90 seconds left.
|
|t:|1743894364
|move|p1a: Polteageist|Stored Power|p2a: Salamence
|-damage|p2a: Salamence|0 fnt
|faint|p2a: Salamence
|
|-sideend|p1: Ep1c_Squ1d|move: Aurora Veil
|upkeep
|
|t:|1743894373
|switch|p2a: Dragapult|Dragapult, M, shiny|100/100
|turn|25
|
|t:|1743894379
|-terastallize|p1a: Polteageist|Ghost
|-terastallize|p2a: Dragapult|Fairy
|move|p1a: Polteageist|Shadow Ball|p2a: Dragapult
|-damage|p2a: Dragapult|0 fnt
|faint|p2a: Dragapult
|
|upkeep
|
|t:|1743894388
|switch|p2a: Gholdengo|Gholdengo, shiny|56/100
|turn|26
|
|t:|1743894392
|move|p1a: Polteageist|Shadow Ball|p2a: Gholdengo
|-supereffective|p2a: Gholdengo
|-damage|p2a: Gholdengo|0 fnt
|faint|p2a: Gholdengo
|
|win|Ep1c_Squ1d
|raw|Ep1c_Squ1d's rating: 1091 &rarr; <strong>1121</strong><br />(+30 for winning)
|raw|guizinhuk's rating: 1139 &rarr; <strong>1111</strong><br />(-28 for losing)
|c|☆Ep1c_Squ1d|gg
|l|☆guizinhuk
|player|p2|
|l|☆Ep1c_Squ1d
|player|p1|
