|j|☆xbatman1709x
|j|☆Osberlin
|t:|1743852808
|gametype|singles
|player|p1|xbatman1709x|cynthia|1507
|player|p2|Osberlin|lucas|1502
|teamsize|p1|6
|teamsize|p2|6
|gen|9
|tier|[Gen 9] OU
|rated|
|rule|HP Percentage Mod: HP is shown in percentages
|rule|Endless Battle Clause: Forcing endless battles is banned
|rule|Species Clause: Limit one of each Pokémon
|rule|OHKO Clause: OHKO moves are banned
|rule|Evasion Items Clause: Evasion items are banned
|rule|Evasion Moves Clause: Evasion moves are banned
|rule|Sleep Moves Clause: Sleep-inducing moves are banned
|clearpoke
|poke|p1|Hoopa-Unbound|
|poke|p1|Ogerpon-Wellspring, F|
|poke|p1|Cinderace, F|
|poke|p1|Primarina, F|
|poke|p1|Corviknight, F|
|poke|p1|Landorus-Therian, M|
|poke|p2|Manaphy|
|poke|p2|Great Tusk|
|poke|p2|Grimmsnarl, M|
|poke|p2|Dragonite, F|
|poke|p2|Ampharos, F|
|poke|p2|Tinkaton, F|
|teampreview
|inactive|Battle timer is ON: inactive players will automatically lose when time's up. (requested by xbatman1709x)
|
|t:|1743852819
|start
|switch|p1a: Corviknight|Corviknight, F|100/100
|switch|p2a: Grimmsnarl|Grimmsnarl, M|100/100
|-ability|p1a: Corviknight|Pressure
|turn|1
|
|t:|1743852825
|move|p2a: Grimmsnarl|Reflect|p2a: Grimmsnarl
|-sidestart|p2: Osberlin|Reflect
|move|p1a: Corviknight|U-turn|p2a: Grimmsnarl
|-damage|p2a: Grimmsnarl|94/100
|
|t:|1743852837
|switch|p1a: Landorus|Landorus-Therian, M|100/100|[from] U-turn
|-ability|p1a: Landorus|Intimidate|boost
|-unboost|p2a: Grimmsnarl|atk|1
|
|upkeep
|turn|2
|
|t:|1743852845
|switch|p2a: Great Tusk|Great Tusk|100/100
|-enditem|p2a: Great Tusk|Booster Energy
|-activate|p2a: Great Tusk|ability: Protosynthesis|[fromitem]
|-start|p2a: Great Tusk|protosynthesisspe
|move|p1a: Landorus|U-turn|p2a: Great Tusk
|-resisted|p2a: Great Tusk
|-damage|p2a: Great Tusk|96/100
|
|t:|1743852859
|switch|p1a: Primarina|Primarina, F|100/100|[from] U-turn
|
|upkeep
|turn|3
|
|t:|1743852869
|-end|p2a: Great Tusk|Protosynthesis|[silent]
|switch|p2a: Manaphy|Manaphy, shiny|100/100
|move|p1a: Primarina|Moonblast|p2a: Manaphy
|-damage|p2a: Manaphy|58/100
|
|-heal|p2a: Manaphy|64/100|[from] item: Leftovers
|upkeep
|turn|4
|
|t:|1743852878
|move|p2a: Manaphy|Take Heart|p2a: Manaphy
|-boost|p2a: Manaphy|spa|1
|-boost|p2a: Manaphy|spd|1
|move|p1a: Primarina|Psychic Noise|p2a: Manaphy
|-damage|p2a: Manaphy|48/100
|-start|p2a: Manaphy|move: Heal Block
|
|upkeep
|turn|5
|
|t:|1743852905
|move|p2a: Manaphy|Acid Armor|p2a: Manaphy
|-boost|p2a: Manaphy|def|2
|move|p1a: Primarina|Moonblast|p2a: Manaphy
|-damage|p2a: Manaphy|15/100
|
|-end|p2a: Manaphy|move: Heal Block
|upkeep
|turn|6
|
|t:|1743852928
|move|p2a: Manaphy|Stored Power|p1a: Primarina
|-damage|p1a: Primarina|80/100
|move|p1a: Primarina|Moonblast|p2a: Manaphy
|-damage|p2a: Manaphy|0 fnt
|faint|p2a: Manaphy
|
|upkeep
|
|t:|1743852936
|switch|p2a: Grimmsnarl|Grimmsnarl, M|94/100
|turn|7
|
|t:|1743852939
|move|p2a: Grimmsnarl|Thunder Wave|p1a: Primarina
|-status|p1a: Primarina|par
|move|p1a: Primarina|Moonblast|p2a: Grimmsnarl
|-supereffective|p2a: Grimmsnarl
|-damage|p2a: Grimmsnarl|0 fnt
|faint|p2a: Grimmsnarl
|
|upkeep
|
|t:|1743852951
|switch|p2a: Ampharos|Ampharos, F|100/100
|turn|8
|
|t:|1743852964
|switch|p1a: Landorus|Landorus-Therian, M|100/100
|-ability|p1a: Landorus|Intimidate|boost
|-unboost|p2a: Ampharos|atk|1
|move|p2a: Ampharos|Meteor Beam||[still]
|-prepare|p2a: Ampharos|Meteor Beam
|-boost|p2a: Ampharos|spa|1
|-enditem|p2a: Ampharos|Power Herb
|-anim|p2a: Ampharos|Meteor Beam|p1a: Landorus
|-damage|p1a: Landorus|28/100
|
|-sideend|p2: Osberlin|Reflect
|upkeep
|turn|9
|
|t:|1743852976
|-terastallize|p2a: Ampharos|Fairy
|move|p1a: Landorus|U-turn|p2a: Ampharos
|-resisted|p2a: Ampharos
|-damage|p2a: Ampharos|84/100
|
|t:|1743852999
|switch|p1a: Hoopa|Hoopa-Unbound|100/100|[from] U-turn
|move|p2a: Ampharos|Dazzling Gleam|p1a: Hoopa
|-supereffective|p1a: Hoopa
|-crit|p1a: Hoopa
|-damage|p1a: Hoopa|0 fnt
|faint|p1a: Hoopa
|
|upkeep
|
|t:|1743853007
|switch|p1a: Cinderace|Cinderace, F|100/100
|turn|10
|
|t:|1743853019
|move|p1a: Cinderace|Pyro Ball|p2a: Ampharos
|-damage|p2a: Ampharos|28/100
|move|p2a: Ampharos|Thunderbolt|p1a: Cinderace
|-damage|p1a: Cinderace|21/100
|
|upkeep
|turn|11
|
|t:|1743853025
|move|p1a: Cinderace|Pyro Ball|p2a: Ampharos
|-damage|p2a: Ampharos|0 fnt
|faint|p2a: Ampharos
|
|upkeep
|
|t:|1743853031
|switch|p2a: Dragonite|Dragonite, F|100/100
|turn|12
|
|t:|1743853034
|move|p1a: Cinderace|Will-O-Wisp|p2a: Dragonite
|-status|p2a: Dragonite|brn
|move|p2a: Dragonite|Dragon Dance|p2a: Dragonite
|-boost|p2a: Dragonite|atk|1
|-boost|p2a: Dragonite|spe|1
|
|-damage|p2a: Dragonite|94/100 brn|[from] brn
|upkeep
|turn|13
|
|t:|1743853043
|switch|p1a: Landorus|Landorus-Therian, M|28/100
|-ability|p1a: Landorus|Intimidate|boost
|-unboost|p2a: Dragonite|atk|1
|move|p2a: Dragonite|Dragon Dance|p2a: Dragonite
|-boost|p2a: Dragonite|atk|1
|-boost|p2a: Dragonite|spe|1
|
|-damage|p2a: Dragonite|88/100 brn|[from] brn
|upkeep
|turn|14
|
|t:|1743853053
|move|p2a: Dragonite|Scale Shot|p1a: Landorus
|-damage|p1a: Landorus|15/100
|-damage|p1a: Landorus|1/100
|-damage|p1a: Landorus|0 fnt
|faint|p1a: Landorus
|-hitcount|p1: Landorus|3
|-unboost|p2a: Dragonite|def|1
|-boost|p2a: Dragonite|spe|1
|
|-damage|p2a: Dragonite|82/100 brn|[from] brn
|upkeep
|
|t:|1743853058
|switch|p1a: Primarina|Primarina, F|80/100 par
|turn|15
|
|t:|1743853070
|switch|p2a: Tinkaton|Tinkaton, F|100/100
|-ability|p2a: Tinkaton|Mold Breaker
|move|p1a: Primarina|Moonblast|p2a: Tinkaton
|-resisted|p2a: Tinkaton
|-damage|p2a: Tinkaton|74/100
|
|upkeep
|turn|16
|
|t:|1743853082
|switch|p1a: Corviknight|Corviknight, F|100/100
|-ability|p1a: Corviknight|Pressure
|move|p2a: Tinkaton|Stone Edge|p1a: Corviknight
|-damage|p1a: Corviknight|87/100
|
|upkeep
|turn|17
|
|t:|1743853092
|switch|p2a: Dragonite|Dragonite, F|82/100 brn
|move|p1a: Corviknight|Body Press|p2a: Dragonite
|-resisted|p2a: Dragonite
|-damage|p2a: Dragonite|69/100 brn
|
|-damage|p2a: Dragonite|62/100 brn|[from] brn
|upkeep
|turn|18
|
|t:|1743853096
|move|p2a: Dragonite|Encore|p1a: Corviknight
|-start|p1a: Corviknight|Encore
|move|p1a: Corviknight|Body Press|p2a: Dragonite
|-resisted|p2a: Dragonite
|-damage|p2a: Dragonite|47/100 brn
|
|-damage|p2a: Dragonite|40/100 brn|[from] brn
|upkeep
|turn|19
|
|t:|1743853099
|move|p2a: Dragonite|Dragon Dance|p2a: Dragonite
|-boost|p2a: Dragonite|atk|1
|-boost|p2a: Dragonite|spe|1
|move|p1a: Corviknight|Body Press|p2a: Dragonite
|-resisted|p2a: Dragonite
|-damage|p2a: Dragonite|27/100 brn
|
|-damage|p2a: Dragonite|21/100 brn|[from] brn
|upkeep
|turn|20
|
|t:|1743853104
|move|p2a: Dragonite|Fire Punch|p1a: Corviknight
|-supereffective|p1a: Corviknight
|-damage|p1a: Corviknight|59/100
|-damage|p2a: Dragonite|5/100 brn|[from] item: Rocky Helmet|[of] p1a: Corviknight
|move|p1a: Corviknight|Body Press|p2a: Dragonite
|-resisted|p2a: Dragonite
|-damage|p2a: Dragonite|0 fnt
|faint|p2a: Dragonite
|
|-end|p1a: Corviknight|Encore
|upkeep
|
|t:|1743853111
|switch|p2a: Great Tusk|Great Tusk|96/100
|turn|21
|
|t:|1743853119
|move|p2a: Great Tusk|Bulk Up|p2a: Great Tusk
|-boost|p2a: Great Tusk|atk|1
|-boost|p2a: Great Tusk|def|1
|move|p1a: Corviknight|Iron Defense|p1a: Corviknight
|-boost|p1a: Corviknight|def|2
|
|upkeep
|turn|22
|
|t:|1743853126
|switch|p1a: Primarina|Primarina, F|80/100 par
|move|p2a: Great Tusk|Rapid Spin|p1a: Primarina
|-damage|p1a: Primarina|53/100 par
|-boost|p2a: Great Tusk|spe|1
|
|upkeep
|turn|23
|
|t:|1743853130
|move|p2a: Great Tusk|Headlong Rush|p1a: Primarina
|-damage|p1a: Primarina|0 fnt
|-unboost|p2a: Great Tusk|def|1
|-unboost|p2a: Great Tusk|spd|1
|faint|p1a: Primarina
|
|upkeep
|
|t:|1743853137
|switch|p1a: Ogerpon|Ogerpon-Wellspring, F|100/100
|turn|24
|
|t:|1743853144
|move|p2a: Great Tusk|Headlong Rush|p1a: Ogerpon
|-resisted|p1a: Ogerpon
|-damage|p1a: Ogerpon|47/100
|-unboost|p2a: Great Tusk|def|1
|-unboost|p2a: Great Tusk|spd|1
|move|p1a: Ogerpon|Swords Dance|p1a: Ogerpon
|-boost|p1a: Ogerpon|atk|2
|
|upkeep
|turn|25
|-message|Osberlin forfeited.
|
|win|xbatman1709x
|raw|xbatman1709x's rating: 1507 &rarr; <strong>1527</strong><br />(+20 for winning)
|raw|Osberlin's rating: 1502 &rarr; <strong>1482</strong><br />(-20 for losing)
|l|☆Osberlin
|player|p2|
|l|☆xbatman1709x
|player|p1|
