|j|☆lupiit
|j|☆DaAceBandit
|t:|1743815056
|gametype|singles
|player|p1|lupiit|dragontamer|1355
|player|p2|DaAceBandit|gambler|1305
|teamsize|p1|6
|teamsize|p2|6
|gen|9
|tier|[Gen 9] OU
|rated|
|rule|HP Percentage Mod: HP is shown in percentages
|rule|Endless Battle Clause: Forcing endless battles is banned
|rule|Species Clause: Limit one of each Pokémon
|rule|OHKO Clause: OHKO moves are banned
|rule|Evasion Items Clause: Evasion items are banned
|rule|Evasion Moves Clause: Evasion moves are banned
|rule|Sleep Moves Clause: Sleep-inducing moves are banned
|clearpoke
|poke|p1|Mew|
|poke|p1|Tinkaton, F|
|poke|p1|Glimmora, M|
|poke|p1|Toxapex, F|
|poke|p1|Serperior, M|
|poke|p1|Rillaboom, F|
|poke|p2|Toucannon, M|
|poke|p2|Great Tusk|
|poke|p2|Raging Bolt|
|poke|p2|Rotom-Frost|
|poke|p2|Clefable, F|
|poke|p2|Heatran, M|
|teampreview
|inactive|Battle timer is ON: inactive players will automatically lose when time's up. (requested by lupiit)
|
|t:|1743815078
|start
|switch|p1a: Glimmora|Glimmora, M|100/100
|switch|p2a: Great Tusk|Great Tusk|100/100
|turn|1
|
|t:|1743815087
|move|p2a: Great Tusk|Headlong Rush|p1a: Glimmora
|-supereffective|p1a: Glimmora
|-enditem|p1a: Glimmora|Focus Sash
|-damage|p1a: Glimmora|1/100
|-unboost|p2a: Great Tusk|def|1
|-unboost|p2a: Great Tusk|spd|1
|-activate|p1a: Glimmora|ability: Toxic Debris
|-sidestart|p2: DaAceBandit|move: Toxic Spikes
|move|p1a: Glimmora|Mortal Spin|p2a: Great Tusk
|-resisted|p2a: Great Tusk
|-damage|p2a: Great Tusk|98/100
|-status|p2a: Great Tusk|psn
|
|-heal|p2a: Great Tusk|100/100 psn|[from] item: Leftovers
|-damage|p2a: Great Tusk|88/100 psn|[from] psn
|upkeep
|turn|2
|
|t:|1743815096
|switch|p1a: Peace|Rillaboom, F|100/100
|-fieldstart|move: Grassy Terrain|[from] ability: Grassy Surge|[of] p1a: Peace
|move|p2a: Great Tusk|Rapid Spin|p1a: Peace
|-damage|p1a: Peace|79/100
|-boost|p2a: Great Tusk|spe|1
|-sideend|p2: DaAceBandit|Toxic Spikes|[from] move: Rapid Spin|[of] p2a: Great Tusk
|
|-heal|p2a: Great Tusk|94/100 psn|[from] Grassy Terrain
|-heal|p2a: Great Tusk|100/100 psn|[from] item: Leftovers
|-heal|p1a: Peace|86/100|[from] Grassy Terrain
|-damage|p2a: Great Tusk|88/100 psn|[from] psn
|upkeep
|turn|3
|
|t:|1743815108
|move|p1a: Peace|Grassy Glide|p2a: Great Tusk
|-supereffective|p2a: Great Tusk
|-damage|p2a: Great Tusk|2/100 psn
|move|p2a: Great Tusk|Close Combat|p1a: Peace
|-damage|p1a: Peace|14/100
|-unboost|p2a: Great Tusk|def|1
|-unboost|p2a: Great Tusk|spd|1
|
|-heal|p2a: Great Tusk|9/100 psn|[from] Grassy Terrain
|-heal|p2a: Great Tusk|15/100 psn|[from] item: Leftovers
|-heal|p1a: Peace|20/100|[from] Grassy Terrain
|-damage|p2a: Great Tusk|2/100 psn|[from] psn
|upkeep
|turn|4
|
|t:|1743815127
|move|p1a: Peace|Grassy Glide|p2a: Great Tusk
|-supereffective|p2a: Great Tusk
|-damage|p2a: Great Tusk|0 fnt
|faint|p2a: Great Tusk
|-end|p2a: Great Tusk|Protosynthesis|[silent]
|
|-heal|p1a: Peace|26/100|[from] Grassy Terrain
|upkeep
|
|t:|1743815138
|switch|p2a: Heatran|Heatran, M|100/100
|turn|5
|
|t:|1743815144
|switch|p2a: Rotom|Rotom-Frost|100/100
|move|p1a: Peace|High Horsepower|p2a: Rotom
|-immune|p2a: Rotom|[from] ability: Levitate
|
|-heal|p1a: Peace|32/100|[from] Grassy Terrain
|upkeep
|turn|6
|
|t:|1743815152
|switch|p1a: Toxapex|Toxapex, F|100/100
|move|p2a: Rotom|Substitute|p2a: Rotom
|-start|p2a: Rotom|Substitute
|-damage|p2a: Rotom|76/100
|
|-heal|p2a: Rotom|82/100|[from] item: Leftovers
|upkeep
|turn|7
|
|t:|1743815155
|move|p2a: Rotom|Thunderbolt|p1a: Toxapex
|-supereffective|p1a: Toxapex
|-damage|p1a: Toxapex|33/100
|move|p1a: Toxapex|Gunk Shot|p2a: Rotom
|-crit|p2a: Rotom
|-end|p2a: Rotom|Substitute
|
|-heal|p2a: Rotom|88/100|[from] item: Leftovers
|-heal|p1a: Toxapex|39/100|[from] Grassy Terrain
|upkeep
|turn|8
|
|t:|1743815161
|switch|p1a: Glimmora|Glimmora, M|1/100
|move|p2a: Rotom|Thunderbolt|p1a: Glimmora
|-damage|p1a: Glimmora|0 fnt
|faint|p1a: Glimmora
|
|-heal|p2a: Rotom|94/100|[from] item: Leftovers
|upkeep
|
|t:|1743815165
|switch|p1a: Tinkaton|Tinkaton, F|100/100
|-item|p1a: Tinkaton|Air Balloon
|turn|9
|
|t:|1743815170
|switch|p2a: Heatran|Heatran, M|100/100
|move|p1a: Tinkaton|Stealth Rock|p2a: Heatran
|-sidestart|p2: DaAceBandit|move: Stealth Rock
|
|-fieldend|move: Grassy Terrain
|upkeep
|turn|10
|
|t:|1743815176
|switch|p1a: Peace|Rillaboom, F|32/100
|-fieldstart|move: Grassy Terrain|[from] ability: Grassy Surge|[of] p1a: Peace
|move|p2a: Heatran|Magma Storm|p1a: Peace
|-supereffective|p1a: Peace
|-damage|p1a: Peace|0 fnt
|faint|p1a: Peace
|
|upkeep
|
|t:|1743815182
|switch|p1a: Mew|Mew|100/100
|turn|11
|
|t:|1743815185
|move|p1a: Mew|Aura Sphere|p2a: Heatran
|-supereffective|p2a: Heatran
|-damage|p2a: Heatran|68/100
|move|p2a: Heatran|Taunt|p1a: Mew
|-start|p1a: Mew|move: Taunt
|
|-heal|p2a: Heatran|74/100|[from] Grassy Terrain
|-heal|p2a: Heatran|81/100|[from] item: Leftovers
|upkeep
|turn|12
|
|t:|1743815188
|move|p1a: Mew|Aura Sphere|p2a: Heatran
|-supereffective|p2a: Heatran
|-damage|p2a: Heatran|51/100
|move|p2a: Heatran|Magma Storm|p1a: Mew
|-damage|p1a: Mew|59/100
|-activate|p1a: Mew|move: Magma Storm|[of] p2a: Heatran
|
|-heal|p1a: Mew|65/100|[from] Grassy Terrain
|-heal|p2a: Heatran|57/100|[from] Grassy Terrain
|-heal|p2a: Heatran|64/100|[from] item: Leftovers
|-damage|p1a: Mew|53/100|[from] move: Magma Storm|[partiallytrapped]
|upkeep
|turn|13
|
|t:|1743815195
|move|p1a: Mew|Knock Off|p2a: Heatran
|-damage|p2a: Heatran|40/100
|-enditem|p2a: Heatran|Leftovers|[from] move: Knock Off|[of] p1a: Mew
|move|p2a: Heatran|Magma Storm|p1a: Mew
|-damage|p1a: Mew|10/100
|
|-heal|p1a: Mew|17/100|[from] Grassy Terrain
|-heal|p2a: Heatran|47/100|[from] Grassy Terrain
|-damage|p1a: Mew|4/100|[from] move: Magma Storm|[partiallytrapped]
|upkeep
|turn|14
|
|t:|1743815204
|move|p1a: Mew|Aura Sphere|p2a: Heatran
|-supereffective|p2a: Heatran
|-damage|p2a: Heatran|12/100
|move|p2a: Heatran|Earth Power|p1a: Mew
|-damage|p1a: Mew|0 fnt
|faint|p1a: Mew
|
|-heal|p2a: Heatran|19/100|[from] Grassy Terrain
|upkeep
|
|t:|1743815206
|switch|p1a: LEAF STORM BRRR|Serperior, M|100/100
|turn|15
|
|t:|1743815216
|move|p1a: LEAF STORM BRRR|Substitute|p1a: LEAF STORM BRRR
|-start|p1a: LEAF STORM BRRR|Substitute
|-damage|p1a: LEAF STORM BRRR|76/100
|move|p2a: Heatran|Taunt|p1a: LEAF STORM BRRR
|-start|p1a: LEAF STORM BRRR|move: Taunt
|
|-heal|p1a: LEAF STORM BRRR|82/100|[from] Grassy Terrain
|-heal|p2a: Heatran|25/100|[from] Grassy Terrain
|upkeep
|turn|16
|
|t:|1743815219
|move|p1a: LEAF STORM BRRR|Leaf Storm|p2a: Heatran
|-resisted|p2a: Heatran
|-damage|p2a: Heatran|15/100
|-boost|p1a: LEAF STORM BRRR|spa|2
|move|p2a: Heatran|Magma Storm|p1a: LEAF STORM BRRR
|-supereffective|p1a: LEAF STORM BRRR
|-end|p1a: LEAF STORM BRRR|Substitute
|
|-heal|p1a: LEAF STORM BRRR|88/100|[from] Grassy Terrain
|-heal|p2a: Heatran|21/100|[from] Grassy Terrain
|upkeep
|turn|17
|
|t:|1743815226
|-terastallize|p1a: LEAF STORM BRRR|Rock
|move|p1a: LEAF STORM BRRR|Tera Blast|p2a: Heatran|[anim] Tera Blast Rock
|-damage|p2a: Heatran|0 fnt
|faint|p2a: Heatran
|
|-heal|p1a: LEAF STORM BRRR|94/100|[from] Grassy Terrain
|-fieldend|move: Grassy Terrain
|upkeep
|c|☆lupiit|gg
|
|t:|1743815241
|switch|p2a: Toucannon|Toucannon, M|100/100
|turn|18
|
|t:|1743815249
|-terastallize|p2a: Toucannon|Steel
|move|p1a: LEAF STORM BRRR|Leaf Storm|p2a: Toucannon
|-resisted|p2a: Toucannon
|-damage|p2a: Toucannon|47/100
|-boost|p1a: LEAF STORM BRRR|spa|2
|move|p2a: Toucannon|Bullet Seed|p1a: LEAF STORM BRRR
|-supereffective|p1a: LEAF STORM BRRR
|-damage|p1a: LEAF STORM BRRR|71/100
|-supereffective|p1a: LEAF STORM BRRR
|-damage|p1a: LEAF STORM BRRR|48/100
|-supereffective|p1a: LEAF STORM BRRR
|-damage|p1a: LEAF STORM BRRR|28/100
|-supereffective|p1a: LEAF STORM BRRR
|-damage|p1a: LEAF STORM BRRR|7/100
|-supereffective|p1a: LEAF STORM BRRR
|-damage|p1a: LEAF STORM BRRR|0 fnt
|faint|p1a: LEAF STORM BRRR
|-hitcount|p1: LEAF STORM BRRR|5
|
|upkeep
|
|t:|1743815258
|switch|p1a: Tinkaton|Tinkaton, F|100/100
|-item|p1a: Tinkaton|Air Balloon
|turn|19
|
|t:|1743815266
|-singleturn|p2a: Toucannon|move: Beak Blast
|move|p1a: Tinkaton|Brick Break|p2a: Toucannon
|-supereffective|p2a: Toucannon
|-damage|p2a: Toucannon|2/100
|-status|p1a: Tinkaton|brn
|move|p2a: Toucannon|Beak Blast|p1a: Tinkaton
|-resisted|p1a: Tinkaton
|-damage|p1a: Tinkaton|66/100 brn
|-enditem|p1a: Tinkaton|Air Balloon
|
|-damage|p1a: Tinkaton|60/100 brn|[from] brn
|upkeep
|turn|20
|-message|lupiit forfeited.
|
|win|DaAceBandit
|raw|lupiit's rating: 1355 &rarr; <strong>1332</strong><br />(-23 for losing)
|raw|DaAceBandit's rating: 1305 &rarr; <strong>1328</strong><br />(+23 for winning)
|l|☆lupiit
|player|p1|
|l|☆DaAceBandit
|player|p2|
