|j|☆MysticGekkougaZ
|j|☆rvon
|t:|1743936229
|gametype|singles
|player|p1|MysticGekkougaZ|red-gen1rb|1121
|player|p2|rvon|2|1158
|teamsize|p1|6
|teamsize|p2|6
|gen|9
|tier|[Gen 9] OU
|rated|
|rule|HP Percentage Mod: HP is shown in percentages
|rule|Endless Battle Clause: Forcing endless battles is banned
|rule|Species Clause: Limit one of each Pokémon
|rule|OHKO Clause: OHKO moves are banned
|rule|Evasion Items Clause: Evasion items are banned
|rule|Evasion Moves Clause: Evasion moves are banned
|rule|Sleep Moves Clause: Sleep-inducing moves are banned
|clearpoke
|poke|p1|Noivern, M|
|poke|p1|Weavile, F|
|poke|p1|Armarouge, M|
|poke|p1|Gardevoir, M|
|poke|p1|Kingambit, F|
|poke|p1|Landorus-Therian, M|
|poke|p2|Great Tusk|
|poke|p2|Gholdengo|
|poke|p2|Dragonite, F|
|poke|p2|Iron Valiant|
|poke|p2|Ting-Lu|
|poke|p2|Rotom-Wash|
|teampreview
|
|t:|1743936234
|start
|switch|p1a: Landorus|Landorus-Therian, M|100/100
|switch|p2a: Ting-Lu|Ting-Lu|100/100
|-ability|p1a: Landorus|Intimidate|boost
|-unboost|p2a: Ting-Lu|atk|1
|-ability|p2a: Ting-Lu|Vessel of Ruin
|turn|1
|
|t:|1743936246
|move|p1a: Landorus|Earthquake|p2a: Ting-Lu
|-damage|p2a: Ting-Lu|65/100
|-damage|p1a: Landorus|91/100|[from] item: Life Orb
|move|p2a: Ting-Lu|Spikes|p1a: Landorus
|-sidestart|p1: MysticGekkougaZ|Spikes
|
|-heal|p2a: Ting-Lu|71/100|[from] item: Leftovers
|upkeep
|turn|2
|
|t:|1743936255
|move|p1a: Landorus|U-turn|p2a: Ting-Lu
|-supereffective|p2a: Ting-Lu
|-damage|p2a: Ting-Lu|42/100
|-damage|p1a: Landorus|81/100|[from] item: Life Orb
|
|t:|1743936259
|switch|p1a: Weavile|Weavile, F|100/100|[from] U-turn
|-damage|p1a: Weavile|88/100|[from] Spikes
|-ability|p1a: Weavile|Pressure
|move|p2a: Ting-Lu|Whirlwind|p1a: Weavile
|drag|p1a: Noivern|Noivern, M|100/100
|
|-heal|p2a: Ting-Lu|49/100|[from] item: Leftovers
|upkeep
|turn|3
|
|t:|1743936279
|move|p1a: Noivern|Hurricane|p2a: Ting-Lu
|-damage|p2a: Ting-Lu|19/100
|-start|p2a: Ting-Lu|confusion
|-activate|p2a: Ting-Lu|confusion
|move|p2a: Ting-Lu|Spikes|p1a: Noivern
|-sidestart|p1: MysticGekkougaZ|Spikes
|
|-heal|p2a: Ting-Lu|26/100|[from] item: Leftovers
|upkeep
|turn|4
|inactive|Battle timer is ON: inactive players will automatically lose when time's up. (requested by MysticGekkougaZ)
|
|t:|1743936301
|move|p1a: Noivern|Hurricane|p2a: Ting-Lu
|-damage|p2a: Ting-Lu|0 fnt
|faint|p2a: Ting-Lu
|
|upkeep
|
|t:|1743936313
|switch|p2a: Rotom|Rotom-Wash|100/100
|turn|5
|
|t:|1743936324
|move|p1a: Noivern|Boomburst|p2a: Rotom
|-damage|p2a: Rotom|57/100
|-enditem|p1a: Noivern|Throat Spray
|-boost|p1a: Noivern|spa|1|[from] item: Throat Spray
|move|p2a: Rotom|Volt Switch|p1a: Noivern
|-damage|p1a: Noivern|66/100
|
|t:|1743936333
|switch|p2a: Iron Valiant|Iron Valiant|100/100|[from] Volt Switch
|-enditem|p2a: Iron Valiant|Booster Energy
|-activate|p2a: Iron Valiant|ability: Quark Drive|[fromitem]
|-start|p2a: Iron Valiant|quarkdrivespe
|
|upkeep
|turn|6
|
|t:|1743936341
|-terastallize|p2a: Iron Valiant|Fairy
|-terastallize|p1a: Noivern|Flying
|move|p2a: Iron Valiant|Moonblast|p1a: Noivern
|-damage|p1a: Noivern|0 fnt
|faint|p1a: Noivern
|
|upkeep
|
|t:|1743936352
|switch|p1a: Kingambit|Kingambit, F|100/100
|-damage|p1a: Kingambit|84/100|[from] Spikes
|-activate|p1a: Kingambit|ability: Supreme Overlord
|-start|p1a: Kingambit|fallen1|[silent]
|turn|7
|
|t:|1743936378
|-end|p2a: Iron Valiant|Quark Drive|[silent]
|switch|p2a: Great Tusk|Great Tusk|100/100
|move|p1a: Kingambit|Iron Head|p2a: Great Tusk
|-damage|p2a: Great Tusk|67/100
|
|-heal|p2a: Great Tusk|73/100|[from] item: Leftovers
|-heal|p1a: Kingambit|90/100|[from] item: Leftovers
|upkeep
|turn|8
|
|t:|1743936389
|-end|p1a: Kingambit|fallen1|[silent]
|switch|p1a: Landorus|Landorus-Therian, M|81/100
|-ability|p1a: Landorus|Intimidate|boost
|-unboost|p2a: Great Tusk|atk|1
|move|p2a: Great Tusk|Stealth Rock|p1a: Landorus
|-sidestart|p1: MysticGekkougaZ|move: Stealth Rock
|
|-heal|p2a: Great Tusk|80/100|[from] item: Leftovers
|upkeep
|turn|9
|
|t:|1743936401
|move|p1a: Landorus|Earthquake|p2a: Great Tusk
|-damage|p2a: Great Tusk|26/100
|-damage|p1a: Landorus|71/100|[from] item: Life Orb
|move|p2a: Great Tusk|Knock Off|p1a: Landorus
|-damage|p1a: Landorus|43/100
|-enditem|p1a: Landorus|Life Orb|[from] move: Knock Off|[of] p2a: Great Tusk
|
|-heal|p2a: Great Tusk|33/100|[from] item: Leftovers
|upkeep
|turn|10
|inactive|rvon has 120 seconds left.
|
|t:|1743936420
|-end|p2a: Great Tusk|Protosynthesis|[silent]
|switch|p2a: Rotom|Rotom-Wash|57/100
|move|p1a: Landorus|Earthquake|p2a: Rotom
|-immune|p2a: Rotom|[from] ability: Levitate
|
|-heal|p2a: Rotom|63/100|[from] item: Leftovers
|upkeep
|turn|11
|
|t:|1743936430
|move|p1a: Landorus|U-turn|p2a: Rotom
|-damage|p2a: Rotom|41/100
|
|t:|1743936436
|switch|p1a: Gardevoir|Gardevoir, M|100/100|[from] U-turn
|-damage|p1a: Gardevoir|84/100|[from] Spikes
|-damage|p1a: Gardevoir|72/100|[from] Stealth Rock
|move|p2a: Rotom|Hydro Pump|p1a: Gardevoir
|-damage|p1a: Gardevoir|38/100
|
|-heal|p2a: Rotom|48/100|[from] item: Leftovers
|upkeep
|turn|12
|
|t:|1743936453
|move|p2a: Rotom|Volt Switch|p1a: Gardevoir
|-damage|p1a: Gardevoir|14/100
|
|t:|1743936461
|switch|p2a: Gholdengo|Gholdengo|100/100|[from] Volt Switch
|move|p1a: Gardevoir|Moonblast|p2a: Gholdengo
|-resisted|p2a: Gholdengo
|-damage|p2a: Gholdengo|68/100
|-unboost|p2a: Gholdengo|spa|1
|
|upkeep
|turn|13
|
|t:|1743936475
|move|p2a: Gholdengo|Make It Rain|p1a: Gardevoir
|-supereffective|p1a: Gardevoir
|-damage|p1a: Gardevoir|0 fnt
|-unboost|p2a: Gholdengo|spa|1
|faint|p1a: Gardevoir
|
|upkeep
|
|t:|1743936497
|switch|p1a: Armarouge|Armarouge, M|100/100
|-damage|p1a: Armarouge|84/100|[from] Spikes
|-damage|p1a: Armarouge|59/100|[from] Stealth Rock
|turn|14
|
|t:|1743936507
|switch|p2a: Rotom|Rotom-Wash|48/100
|move|p1a: Armarouge|Energy Ball|p2a: Rotom
|-supereffective|p2a: Rotom
|-damage|p2a: Rotom|0 fnt
|faint|p2a: Rotom
|-damage|p1a: Armarouge|49/100|[from] item: Life Orb
|
|upkeep
|
|t:|1743936521
|switch|p2a: Great Tusk|Great Tusk|33/100
|turn|15
|
|t:|1743936527
|move|p1a: Armarouge|Energy Ball|p2a: Great Tusk
|-supereffective|p2a: Great Tusk
|-damage|p2a: Great Tusk|0 fnt
|faint|p2a: Great Tusk
|-end|p2a: Great Tusk|Protosynthesis|[silent]
|-damage|p1a: Armarouge|39/100|[from] item: Life Orb
|
|upkeep
|
|t:|1743936541
|switch|p2a: Iron Valiant|Iron Valiant, tera:Fairy|100/100
|turn|16
|
|t:|1743936549
|move|p2a: Iron Valiant|Shadow Ball|p1a: Armarouge
|-supereffective|p1a: Armarouge
|-damage|p1a: Armarouge|0 fnt
|faint|p1a: Armarouge
|
|upkeep
|
|t:|1743936555
|switch|p1a: Kingambit|Kingambit, F|90/100
|-damage|p1a: Kingambit|74/100|[from] Spikes
|-damage|p1a: Kingambit|68/100|[from] Stealth Rock
|-activate|p1a: Kingambit|ability: Supreme Overlord
|-start|p1a: Kingambit|fallen3|[silent]
|turn|17
|
|t:|1743936585
|-end|p2a: Iron Valiant|Quark Drive|[silent]
|switch|p2a: Dragonite|Dragonite, F|100/100
|move|p1a: Kingambit|Iron Head|p2a: Dragonite
|-damage|p2a: Dragonite|66/100
|
|-heal|p1a: Kingambit|74/100|[from] item: Leftovers
|upkeep
|turn|18
|
|t:|1743936593
|move|p2a: Dragonite|Dragon Dance|p2a: Dragonite
|-boost|p2a: Dragonite|atk|1
|-boost|p2a: Dragonite|spe|1
|move|p1a: Kingambit|Kowtow Cleave|p2a: Dragonite
|-damage|p2a: Dragonite|0 fnt
|faint|p2a: Dragonite
|
|-heal|p1a: Kingambit|80/100|[from] item: Leftovers
|upkeep
|
|t:|1743936605
|switch|p2a: Iron Valiant|Iron Valiant, tera:Fairy|100/100
|turn|19
|
|t:|1743936610
|move|p2a: Iron Valiant|Moonblast|p1a: Kingambit
|-damage|p1a: Kingambit|11/100
|-unboost|p1a: Kingambit|spa|1
|move|p1a: Kingambit|Iron Head|p2a: Iron Valiant
|-supereffective|p2a: Iron Valiant
|-damage|p2a: Iron Valiant|0 fnt
|faint|p2a: Iron Valiant
|-end|p2a: Iron Valiant|Quark Drive|[silent]
|
|-heal|p1a: Kingambit|17/100|[from] item: Leftovers
|upkeep
|
|t:|1743936621
|switch|p2a: Gholdengo|Gholdengo|68/100
|turn|20
|
|t:|1743936629
|move|p1a: Kingambit|Protect|p1a: Kingambit
|-singleturn|p1a: Kingambit|Protect
|move|p2a: Gholdengo|Thunderbolt|p1a: Kingambit
|-activate|p1a: Kingambit|move: Protect
|
|-heal|p1a: Kingambit|23/100|[from] item: Leftovers
|upkeep
|turn|21
|
|t:|1743936643
|move|p1a: Kingambit|Protect||[still]
|-fail|p1a: Kingambit
|move|p2a: Gholdengo|Thunderbolt|p1a: Kingambit
|-damage|p1a: Kingambit|0 fnt
|faint|p1a: Kingambit
|-end|p1a: Kingambit|fallen3|[silent]
|
|upkeep
|
|t:|1743936653
|switch|p1a: Landorus|Landorus-Therian, M|43/100
|-damage|p1a: Landorus|31/100|[from] Stealth Rock
|-ability|p1a: Landorus|Intimidate|boost
|-unboost|p2a: Gholdengo|atk|1
|turn|22
|-message|rvon forfeited.
|
|win|MysticGekkougaZ
|raw|MysticGekkougaZ's rating: 1121 &rarr; <strong>1149</strong><br />(+28 for winning)
|raw|rvon's rating: 1158 &rarr; <strong>1130</strong><br />(-28 for losing)
|l|☆rvon
|player|p2|
|l|☆MysticGekkougaZ
|player|p1|
