|j|☆Wer223
|j|☆DXSandstormsXD
|t:|1743813494
|gametype|singles
|player|p1|Wer223|102|1474
|player|p2|DXSandstormsXD|101|1440
|teamsize|p1|6
|teamsize|p2|6
|gen|9
|tier|[Gen 9] OU
|rated|
|rule|HP Percentage Mod: HP is shown in percentages
|rule|Endless Battle Clause: Forcing endless battles is banned
|rule|Species Clause: Limit one of each Pokémon
|rule|OHKO Clause: OHKO moves are banned
|rule|Evasion Items Clause: Evasion items are banned
|rule|Evasion Moves Clause: Evasion moves are banned
|rule|Sleep Moves Clause: Sleep-inducing moves are banned
|clearpoke
|poke|p1|Araquanid, M|
|poke|p1|Raging Bolt|
|poke|p1|Iron Moth|
|poke|p1|Great Tusk|
|poke|p1|Gholdengo|
|poke|p1|Kingambit, M|
|poke|p2|Tinkaton, F|
|poke|p2|Cinderace, F|
|poke|p2|Goodra-Hisui, F|
|poke|p2|Gholdengo|
|poke|p2|Oricorio-Pom-Pom, F|
|poke|p2|Raging Bolt|
|teampreview
|inactive|Battle timer is ON: inactive players will automatically lose when time's up. (requested by Wer223)
|
|t:|1743813504
|start
|switch|p1a: Araquanid|Araquanid, M|100/100
|switch|p2a: Cinderace|Cinderace, F|100/100
|turn|1
|
|t:|1743813514
|move|p2a: Cinderace|U-turn|p1a: Araquanid
|-start|p2a: Cinderace|typechange|Bug|[from] ability: Libero
|-damage|p1a: Araquanid|55/100
|
|t:|1743813530
|switch|p2a: Oricorio|Oricorio-Pom-Pom, F|100/100|[from] U-turn
|move|p1a: Araquanid|Liquidation|p2a: Oricorio
|-damage|p2a: Oricorio|49/100
|
|upkeep
|turn|2
|
|t:|1743813537
|move|p2a: Oricorio|Taunt|p1a: Araquanid
|-start|p1a: Araquanid|move: Taunt
|cant|p1a: Araquanid|move: Taunt|Sticky Web
|
|upkeep
|turn|3
|
|t:|1743813542
|move|p2a: Oricorio|Hurricane|p1a: Araquanid
|-supereffective|p1a: Araquanid
|-damage|p1a: Araquanid|5/100
|move|p1a: Araquanid|Mirror Coat|p2a: Oricorio
|-damage|p2a: Oricorio|0 fnt
|faint|p2a: Oricorio
|
|upkeep
|
|t:|1743813551
|switch|p2a: Cinderace|Cinderace, F|100/100
|turn|4
|-enditem|p1a: Araquanid|Custap Berry|[eat]
|-activate|p1a: Araquanid|item: Custap Berry|[consumed]
|
|t:|1743813554
|move|p1a: Araquanid|Liquidation|p2a: Cinderace
|-supereffective|p2a: Cinderace
|-damage|p2a: Cinderace|0 fnt
|faint|p2a: Cinderace
|
|-end|p1a: Araquanid|move: Taunt
|upkeep
|
|t:|1743813562
|switch|p2a: Tinkaton|Tinkaton, F|100/100
|-ability|p2a: Tinkaton|Mold Breaker
|turn|5
|
|t:|1743813565
|move|p2a: Tinkaton|Knock Off|p1a: Araquanid
|-damage|p1a: Araquanid|0 fnt
|faint|p1a: Araquanid
|
|upkeep
|
|t:|1743813568
|switch|p1a: Iron Moth|Iron Moth|100/100
|-enditem|p1a: Iron Moth|Booster Energy
|-activate|p1a: Iron Moth|ability: Quark Drive|[fromitem]
|-start|p1a: Iron Moth|quarkdrivespa
|turn|6
|
|t:|1743813576
|-terastallize|p2a: Tinkaton|Water
|move|p1a: Iron Moth|Fiery Dance|p2a: Tinkaton
|-resisted|p2a: Tinkaton
|-damage|p2a: Tinkaton|74/100
|-boost|p1a: Iron Moth|spa|1
|move|p2a: Tinkaton|Thunder Wave|p1a: Iron Moth
|-status|p1a: Iron Moth|par
|
|upkeep
|turn|7
|
|t:|1743813582
|move|p2a: Tinkaton|Stealth Rock|p1a: Iron Moth
|-sidestart|p1: Wer223|move: Stealth Rock
|cant|p1a: Iron Moth|par
|
|upkeep
|turn|8
|
|t:|1743813587
|switch|p2a: Goodra|Goodra-Hisui, F|100/100
|move|p1a: Iron Moth|Sludge Wave|p2a: Goodra
|-immune|p2a: Goodra
|
|upkeep
|turn|9
|
|t:|1743813594
|move|p1a: Iron Moth|Fiery Dance|p2a: Goodra
|-damage|p2a: Goodra|62/100
|-boost|p1a: Iron Moth|spa|1
|move|p2a: Goodra|Draco Meteor|p1a: Iron Moth
|-damage|p1a: Iron Moth|33/100 par
|-unboost|p2a: Goodra|spa|2
|
|upkeep
|turn|10
|
|t:|1743813606
|move|p1a: Iron Moth|Fiery Dance|p2a: Goodra
|-crit|p2a: Goodra
|-damage|p2a: Goodra|0 fnt
|faint|p2a: Goodra
|
|upkeep
|
|t:|1743813609
|switch|p2a: Gholdengo|Gholdengo|100/100
|turn|11
|
|t:|1743813613
|move|p2a: Gholdengo|Shadow Ball|p1a: Iron Moth
|-damage|p1a: Iron Moth|0 fnt
|faint|p1a: Iron Moth
|-end|p1a: Iron Moth|Quark Drive|[silent]
|
|upkeep
|
|t:|1743813618
|switch|p1a: Kingambit|Kingambit, M|100/100
|-damage|p1a: Kingambit|94/100|[from] Stealth Rock
|-activate|p1a: Kingambit|ability: Supreme Overlord
|-start|p1a: Kingambit|fallen2|[silent]
|turn|12
|
|t:|1743813623
|switch|p2a: Tinkaton|Tinkaton, F, tera:Water|74/100
|-ability|p2a: Tinkaton|Mold Breaker
|move|p1a: Kingambit|Kowtow Cleave|p2a: Tinkaton
|-damage|p2a: Tinkaton|0 fnt
|faint|p2a: Tinkaton
|
|upkeep
|
|t:|1743813629
|switch|p2a: Gholdengo|Gholdengo|100/100
|turn|13
|
|t:|1743813632
|move|p2a: Gholdengo|Trick|p1a: Kingambit
|-activate|p2a: Gholdengo|move: Trick|[of] p1a: Kingambit
|-item|p1a: Kingambit|Choice Specs|[from] move: Trick
|-item|p2a: Gholdengo|Lum Berry|[from] move: Trick
|move|p1a: Kingambit|Kowtow Cleave|p2a: Gholdengo
|-supereffective|p2a: Gholdengo
|-damage|p2a: Gholdengo|0 fnt
|faint|p2a: Gholdengo
|
|upkeep
|
|t:|1743813637
|switch|p2a: Raging Bolt|Raging Bolt|100/100
|turn|14
|
|t:|1743813643
|move|p1a: Kingambit|Kowtow Cleave|p2a: Raging Bolt
|-damage|p2a: Raging Bolt|54/100
|move|p2a: Raging Bolt|Draco Meteor|p1a: Kingambit
|-resisted|p1a: Kingambit
|-damage|p1a: Kingambit|52/100
|-unboost|p2a: Raging Bolt|spa|2
|
|-heal|p2a: Raging Bolt|60/100|[from] item: Leftovers
|upkeep
|turn|15
|-message|DXSandstormsXD forfeited.
|
|win|Wer223
|raw|Wer223's rating: 1474 &rarr; <strong>1492</strong><br />(+18 for winning)
|raw|DXSandstormsXD's rating: 1440 &rarr; <strong>1422</strong><br />(-18 for losing)
|l|☆DXSandstormsXD
|player|p2|
|l|☆Wer223
|player|p1|
