|j|☆tdd20070517兹伏奇三吾
|j|☆haruka number 1
|t:|1743830237
|gametype|singles
|player|p1|tdd20070517兹伏奇三吾|steven|1647
|player|p2|haruka number 1|dawn|1677
|teamsize|p1|6
|teamsize|p2|6
|gen|9
|tier|[Gen 9] OU
|rated|
|rule|HP Percentage Mod: HP is shown in percentages
|rule|Endless Battle Clause: Forcing endless battles is banned
|rule|Species Clause: Limit one of each Pokémon
|rule|OHKO Clause: OHKO moves are banned
|rule|Evasion Items Clause: Evasion items are banned
|rule|Evasion Moves Clause: Evasion moves are banned
|rule|Sleep Moves Clause: Sleep-inducing moves are banned
|clearpoke
|poke|p1|Zamazenta-*|
|poke|p1|Walking Wake|
|poke|p1|Ting-Lu|
|poke|p1|Goodra-Hisui, M|
|poke|p1|Skeledirge, M|
|poke|p1|Corviknight, F|
|poke|p2|Gholdengo|
|poke|p2|Primarina, M|
|poke|p2|Cinderace, F|
|poke|p2|Raging Bolt|
|poke|p2|Landorus-Therian, M|
|poke|p2|Ogerpon-Cornerstone, F|
|teampreview
|inactive|Battle timer is ON: inactive players will automatically lose when time's up. (requested by haruka number 1)
|
|t:|1743830242
|start
|switch|p1a: 我需要格子|Zamazenta|100/100
|switch|p2a: Cinderace|Cinderace, F|100/100
|-ability|p1a: 我需要格子|Dauntless Shield|boost
|-boost|p1a: 我需要格子|def|1
|turn|1
|
|t:|1743830253
|switch|p2a: Landorus|Landorus-Therian, M|100/100
|-ability|p2a: Landorus|Intimidate|boost
|-unboost|p1a: 我需要格子|atk|1
|move|p1a: 我需要格子|Ice Fang|p2a: Landorus|[miss]
|-miss|p1a: 我需要格子|p2a: Landorus
|
|upkeep
|turn|2
|
|t:|1743830258
|switch|p2a: Gholdengo|Gholdengo|100/100
|move|p1a: 我需要格子|Ice Fang|p2a: Gholdengo
|-resisted|p2a: Gholdengo
|-damage|p2a: Gholdengo|88/100
|
|upkeep
|turn|3
|
|t:|1743830261
|switch|p1a: 前面忘了|Ting-Lu|100/100
|-ability|p1a: 前面忘了|Vessel of Ruin
|switch|p2a: Landorus|Landorus-Therian, M|100/100
|-ability|p2a: Landorus|Intimidate|boost
|-unboost|p1a: 前面忘了|atk|1
|
|upkeep
|turn|4
|
|t:|1743830270
|move|p2a: Landorus|Taunt|p1a: 前面忘了
|-start|p1a: 前面忘了|move: Taunt
|move|p1a: 前面忘了|Ruination|p2a: Landorus
|-damage|p2a: Landorus|51/100
|
|upkeep
|turn|5
|
|t:|1743830275
|move|p2a: Landorus|Stealth Rock|p1a: 前面忘了
|-sidestart|p1: tdd20070517兹伏奇三吾|move: Stealth Rock
|move|p1a: 前面忘了|Ruination|p2a: Landorus
|-damage|p2a: Landorus|26/100
|
|upkeep
|turn|6
|
|t:|1743830279
|move|p2a: Landorus|U-turn|p1a: 前面忘了
|-supereffective|p1a: 前面忘了
|-damage|p1a: 前面忘了|74/100
|
|t:|1743830283
|switch|p2a: Ogerpon|Ogerpon-Cornerstone, F|100/100|[from] U-turn
|move|p1a: 前面忘了|Earthquake|p2a: Ogerpon
|-damage|p2a: Ogerpon|63/100
|
|-end|p1a: 前面忘了|move: Taunt
|upkeep
|turn|7
|
|t:|1743830288
|switch|p1a: 我需要格子|Zamazenta|100/100
|-damage|p1a: 我需要格子|94/100|[from] Stealth Rock
|move|p2a: Ogerpon|Knock Off|p1a: 我需要格子
|-resisted|p1a: 我需要格子
|-damage|p1a: 我需要格子|77/100
|-enditem|p1a: 我需要格子|Choice Band|[from] move: Knock Off|[of] p2a: Ogerpon
|
|upkeep
|turn|8
|j| atlas tales
|
|t:|1743830293
|switch|p2a: Landorus|Landorus-Therian, M|26/100
|-ability|p2a: Landorus|Intimidate|boost
|-unboost|p1a: 我需要格子|atk|1
|move|p1a: 我需要格子|Close Combat|p2a: Landorus
|-resisted|p2a: Landorus
|-damage|p2a: Landorus|11/100
|-unboost|p1a: 我需要格子|def|1
|-unboost|p1a: 我需要格子|spd|1
|-damage|p1a: 我需要格子|60/100|[from] item: Rocky Helmet|[of] p2a: Landorus
|
|upkeep
|turn|9
|j| lehoang24121992
|
|t:|1743830301
|switch|p2a: Primarina|Primarina, M|100/100
|move|p1a: 我需要格子|Heavy Slam|p2a: Primarina
|-damage|p2a: Primarina|71/100
|
|upkeep
|turn|10
|
|t:|1743830307
|switch|p1a: 我需要再生力|Goodra-Hisui, M|100/100
|-damage|p1a: 我需要再生力|94/100|[from] Stealth Rock
|switch|p2a: Landorus|Landorus-Therian, M|11/100
|-ability|p2a: Landorus|Intimidate|boost
|-unboost|p1a: 我需要再生力|atk|1
|
|upkeep
|turn|11
|
|t:|1743830312
|switch|p1a: 后面忘了|Corviknight, F|100/100
|-damage|p1a: 后面忘了|88/100|[from] Stealth Rock
|move|p2a: Landorus|Taunt|p1a: 后面忘了
|-start|p1a: 后面忘了|move: Taunt
|
|upkeep
|turn|12
|
|t:|1743830318
|switch|p2a: Raging Bolt|Raging Bolt|100/100
|move|p1a: 后面忘了|Body Press|p2a: Raging Bolt
|-damage|p2a: Raging Bolt|81/100
|
|upkeep
|turn|13
|
|t:|1743830326
|switch|p1a: 我需要再生力|Goodra-Hisui, M|94/100
|-damage|p1a: 我需要再生力|88/100|[from] Stealth Rock
|move|p2a: Raging Bolt|Draco Meteor|p1a: 我需要再生力
|-damage|p1a: 我需要再生力|42/100
|-unboost|p2a: Raging Bolt|spa|2
|
|upkeep
|turn|14
|
|t:|1743830330
|-end|p2a: Raging Bolt|Protosynthesis|[silent]
|switch|p2a: Landorus|Landorus-Therian, M|11/100
|-ability|p2a: Landorus|Intimidate|boost
|-unboost|p1a: 我需要再生力|atk|1
|move|p1a: 我需要再生力|Flash Cannon|p2a: Landorus
|-crit|p2a: Landorus
|-damage|p2a: Landorus|0 fnt
|faint|p2a: Landorus
|
|upkeep
|
|t:|1743830348
|switch|p2a: Cinderace|Cinderace, F|100/100
|turn|15
|
|t:|1743830352
|switch|p1a: 中间忘了|Skeledirge, M|100/100
|move|p2a: Cinderace|U-turn|p1a: 中间忘了
|-start|p2a: Cinderace|typechange|Bug|[from] ability: Libero
|-resisted|p1a: 中间忘了
|-crit|p1a: 中间忘了
|-damage|p1a: 中间忘了|93/100
|
|t:|1743830354
|switch|p2a: Ogerpon|Ogerpon-Cornerstone, F|63/100|[from] U-turn
|
|upkeep
|turn|16
|
|t:|1743830357
|-terastallize|p1a: 中间忘了|Fairy
|move|p2a: Ogerpon|Ivy Cudgel|p1a: 中间忘了|[anim] Ivy Cudgel Rock
|-damage|p1a: 中间忘了|60/100
|move|p1a: 中间忘了|Will-O-Wisp|p2a: Ogerpon
|-status|p2a: Ogerpon|brn
|
|-damage|p2a: Ogerpon|57/100 brn|[from] brn
|upkeep
|turn|17
|
|t:|1743830360
|move|p2a: Ogerpon|Knock Off|p1a: 中间忘了
|-resisted|p1a: 中间忘了
|-damage|p1a: 中间忘了|54/100
|-enditem|p1a: 中间忘了|Heavy-Duty Boots|[from] move: Knock Off|[of] p2a: Ogerpon
|move|p1a: 中间忘了|Slack Off|p1a: 中间忘了
|-heal|p1a: 中间忘了|100/100
|
|-damage|p2a: Ogerpon|51/100 brn|[from] brn
|upkeep
|turn|18
|
|t:|1743830363
|switch|p2a: Cinderace|Cinderace, F|100/100
|move|p1a: 中间忘了|Will-O-Wisp|p2a: Cinderace
|-immune|p2a: Cinderace
|
|upkeep
|turn|19
|
|t:|1743830367
|move|p2a: Cinderace|U-turn|p1a: 中间忘了
|-start|p2a: Cinderace|typechange|Bug|[from] ability: Libero
|-resisted|p1a: 中间忘了
|-damage|p1a: 中间忘了|90/100
|
|t:|1743830372
|switch|p2a: Gholdengo|Gholdengo|88/100|[from] U-turn
|move|p1a: 中间忘了|Hex|p2a: Gholdengo
|-supereffective|p2a: Gholdengo
|-damage|p2a: Gholdengo|42/100
|
|upkeep
|turn|20
|
|t:|1743830379
|switch|p1a: Walking Wake|Walking Wake|100/100
|-damage|p1a: Walking Wake|88/100|[from] Stealth Rock
|move|p2a: Gholdengo|Nasty Plot|p2a: Gholdengo
|-boost|p2a: Gholdengo|spa|2
|
|upkeep
|turn|21
|j| MiniLarry
|
|t:|1743830389
|move|p1a: Walking Wake|Surf|p2a: Gholdengo
|-damage|p2a: Gholdengo|0 fnt
|faint|p2a: Gholdengo
|
|upkeep
|
|t:|1743830393
|switch|p2a: Primarina|Primarina, M|71/100
|turn|22
|
|t:|1743830397
|-end|p1a: Walking Wake|Protosynthesis|[silent]
|switch|p1a: 我需要再生力|Goodra-Hisui, M|42/100
|-damage|p1a: 我需要再生力|36/100|[from] Stealth Rock
|move|p2a: Primarina|Moonblast|p1a: 我需要再生力
|-damage|p1a: 我需要再生力|0 fnt
|faint|p1a: 我需要再生力
|
|upkeep
|
|t:|1743830402
|switch|p1a: 前面忘了|Ting-Lu|74/100
|-damage|p1a: 前面忘了|68/100|[from] Stealth Rock
|-ability|p1a: 前面忘了|Vessel of Ruin
|turn|23
|
|t:|1743830428
|move|p2a: Primarina|Moonblast|p1a: 前面忘了
|-supereffective|p1a: 前面忘了
|-damage|p1a: 前面忘了|30/100
|-unboost|p1a: 前面忘了|spa|1
|move|p1a: 前面忘了|Earthquake|p2a: Primarina
|-damage|p2a: Primarina|19/100
|
|upkeep
|turn|24
|
|t:|1743830430
|move|p2a: Primarina|Surf|p1a: 前面忘了
|-supereffective|p1a: 前面忘了
|-damage|p1a: 前面忘了|0 fnt
|faint|p1a: 前面忘了
|
|upkeep
|
|t:|1743830432
|switch|p1a: Walking Wake|Walking Wake|88/100
|-damage|p1a: Walking Wake|76/100|[from] Stealth Rock
|turn|25
|inactive|haruka number 1 has 120 seconds left.
|
|t:|1743830475
|move|p1a: Walking Wake|Surf|p2a: Primarina
|-resisted|p2a: Primarina
|-damage|p2a: Primarina|0 fnt
|faint|p2a: Primarina
|
|upkeep
|
|t:|1743830478
|switch|p2a: Raging Bolt|Raging Bolt|81/100
|turn|26
|
|t:|1743830482
|move|p1a: Walking Wake|Surf|p2a: Raging Bolt
|-resisted|p2a: Raging Bolt
|-damage|p2a: Raging Bolt|62/100
|move|p2a: Raging Bolt|Thunderbolt|p1a: Walking Wake
|-damage|p1a: Walking Wake|17/100
|
|upkeep
|turn|27
|
|t:|1743830485
|move|p2a: Raging Bolt|Thunderclap|p1a: Walking Wake
|-crit|p1a: Walking Wake
|-damage|p1a: Walking Wake|0 fnt
|faint|p1a: Walking Wake
|-end|p1a: Walking Wake|Protosynthesis|[silent]
|
|upkeep
|
|t:|1743830488
|switch|p1a: 我需要格子|Zamazenta|60/100
|-damage|p1a: 我需要格子|54/100|[from] Stealth Rock
|turn|28
|inactive|haruka number 1 has 120 seconds left.
|
|t:|1743830524
|-end|p2a: Raging Bolt|Protosynthesis|[silent]
|switch|p2a: Ogerpon|Ogerpon-Cornerstone, F|51/100 brn
|move|p1a: 我需要格子|Close Combat|p2a: Ogerpon
|-supereffective|p2a: Ogerpon
|-damage|p2a: Ogerpon|0 fnt
|-unboost|p1a: 我需要格子|def|1
|-unboost|p1a: 我需要格子|spd|1
|faint|p2a: Ogerpon
|
|upkeep
|
|t:|1743830530
|switch|p2a: Cinderace|Cinderace, F|100/100
|turn|29
|
|t:|1743830535
|switch|p1a: 后面忘了|Corviknight, F|88/100
|-damage|p1a: 后面忘了|75/100|[from] Stealth Rock
|move|p2a: Cinderace|Pyro Ball|p1a: 后面忘了
|-supereffective|p1a: 后面忘了
|-damage|p1a: 后面忘了|12/100
|
|upkeep
|turn|30
|
|t:|1743830538
|move|p2a: Cinderace|Pyro Ball|p1a: 后面忘了
|-supereffective|p1a: 后面忘了
|-damage|p1a: 后面忘了|0 fnt
|faint|p1a: 后面忘了
|
|upkeep
|
|t:|1743830541
|switch|p1a: 中间忘了|Skeledirge, M, tera:Fairy|90/100
|-damage|p1a: 中间忘了|77/100|[from] Stealth Rock
|turn|31
|
|t:|1743830548
|move|p2a: Cinderace|Pyro Ball|p1a: 中间忘了|[miss]
|-miss|p2a: Cinderace|p1a: 中间忘了
|move|p1a: 中间忘了|Slack Off|p1a: 中间忘了
|-heal|p1a: 中间忘了|100/100
|
|upkeep
|turn|32
|
|t:|1743830551
|move|p2a: Cinderace|Pyro Ball|p1a: 中间忘了
|-damage|p1a: 中间忘了|67/100
|move|p1a: 中间忘了|Hex|p2a: Cinderace
|-damage|p2a: Cinderace|66/100
|
|upkeep
|turn|33
|
|t:|1743830553
|move|p2a: Cinderace|U-turn|p1a: 中间忘了
|-start|p2a: Cinderace|typechange|Bug|[from] ability: Libero
|-resisted|p1a: 中间忘了
|-damage|p1a: 中间忘了|57/100
|
|t:|1743830554
|switch|p2a: Raging Bolt|Raging Bolt|62/100|[from] U-turn
|move|p1a: 中间忘了|Slack Off|p1a: 中间忘了
|-heal|p1a: 中间忘了|100/100
|
|upkeep
|turn|34
|
|t:|1743830557
|move|p2a: Raging Bolt|Thunderbolt|p1a: 中间忘了
|-damage|p1a: 中间忘了|48/100
|move|p1a: 中间忘了|Hex|p2a: Raging Bolt
|-damage|p2a: Raging Bolt|48/100
|
|upkeep
|turn|35
|
|t:|1743830560
|move|p2a: Raging Bolt|Thunderbolt|p1a: 中间忘了
|-damage|p1a: 中间忘了|0 fnt
|faint|p1a: 中间忘了
|
|upkeep
|
|t:|1743830562
|switch|p1a: 我需要格子|Zamazenta|54/100
|-damage|p1a: 我需要格子|48/100|[from] Stealth Rock
|turn|36
|
|t:|1743830573
|-terastallize|p2a: Raging Bolt|Flying
|move|p1a: 我需要格子|Crunch|p2a: Raging Bolt
|-damage|p2a: Raging Bolt|26/100
|move|p2a: Raging Bolt|Thunderbolt|p1a: 我需要格子
|-damage|p1a: 我需要格子|2/100
|-status|p1a: 我需要格子|par
|
|upkeep
|turn|37
|
|t:|1743830580
|move|p2a: Raging Bolt|Thunderclap|p1a: 我需要格子
|-damage|p1a: 我需要格子|0 fnt
|faint|p1a: 我需要格子
|
|win|haruka number 1
|raw|tdd20070517兹伏奇三吾's rating: 1647 &rarr; <strong>1628</strong><br />(-19 for losing)
|raw|haruka number 1's rating: 1657 &rarr; <strong>1676</strong><br />(+19 for winning)
|l|☆tdd20070517兹伏奇三吾
|player|p1|
|l|☆haruka number 1
|player|p2|
|l| atlas tales
