|j|☆Proutaxe
|j|☆archemiist
|t:|1743851426
|gametype|singles
|player|p1|Proutaxe|2|1163
|player|p2|archemiist|169|1133
|teamsize|p1|6
|teamsize|p2|6
|gen|9
|tier|[Gen 9] OU
|rated|
|rule|HP Percentage Mod: HP is shown in percentages
|rule|Endless Battle Clause: Forcing endless battles is banned
|rule|Species Clause: Limit one of each Pokémon
|rule|OHKO Clause: OHKO moves are banned
|rule|Evasion Items Clause: Evasion items are banned
|rule|Evasion Moves Clause: Evasion moves are banned
|rule|Sleep Moves Clause: Sleep-inducing moves are banned
|clearpoke
|poke|p1|Hoopa|
|poke|p1|Ting-Lu|
|poke|p1|Kingambit, M|
|poke|p1|Landorus-Therian, M|
|poke|p1|Slowking-Galar, M|
|poke|p1|Iron Moth|
|poke|p2|Hatterene, F|
|poke|p2|Ursaluna, M|
|poke|p2|Iron Hands|
|poke|p2|Ninetales-Alola, M|
|poke|p2|Slowking-Galar, F|
|poke|p2|Kingambit, M|
|teampreview
|c|☆Proutaxe|do you also play tr ?
|
|t:|1743851467
|start
|switch|p1a: Hoopa|Hoopa|100/100
|switch|p2a: Ninetales|Ninetales-Alola, M|100/100
|-weather|Snowscape|[from] ability: Snow Warning|[of] p2a: Ninetales
|turn|1
|inactive|Battle timer is ON: inactive players will automatically lose when time's up. (requested by Proutaxe)
|
|t:|1743851510
|move|p2a: Ninetales|Aurora Veil|p2a: Ninetales
|-sidestart|p2: archemiist|move: Aurora Veil
|move|p1a: Hoopa|Knock Off|p2a: Ninetales
|-resisted|p2a: Ninetales
|-damage|p2a: Ninetales|96/100
|-enditem|p2a: Ninetales|Light Clay|[from] move: Knock Off|[of] p1a: Hoopa
|
|-weather|Snowscape|[upkeep]
|upkeep
|turn|2
|
|t:|1743851525
|switch|p2a: Hatterene|Hatterene, F, shiny|100/100
|move|p1a: Hoopa|Trick Room|p1a: Hoopa
|-fieldstart|move: Trick Room|[of] p1a: Hoopa
|
|-weather|Snowscape|[upkeep]
|upkeep
|turn|3
|
|t:|1743851548
|switch|p1a: Kingambit|Kingambit, M|100/100
|move|p2a: Hatterene|Dazzling Gleam|p1a: Kingambit
|-damage|p1a: Kingambit|51/100
|
|-weather|Snowscape|[upkeep]
|upkeep
|turn|4
|
|t:|1743851559
|switch|p2a: i'm glad we're out|Iron Hands|100/100
|-enditem|p2a: i'm glad we're out|Booster Energy
|-activate|p2a: i'm glad we're out|ability: Quark Drive|[fromitem]
|-start|p2a: i'm glad we're out|quarkdriveatk
|move|p1a: Kingambit|Iron Head|p2a: i'm glad we're out
|-resisted|p2a: i'm glad we're out
|-damage|p2a: i'm glad we're out|89/100
|
|-weather|Snowscape|[upkeep]
|upkeep
|turn|5
|
|t:|1743851571
|-end|p1a: Kingambit|fallenundefined|[silent]
|switch|p1a: Landorus|Landorus-Therian, M|100/100
|-ability|p1a: Landorus|Intimidate|boost
|-unboost|p2a: i'm glad we're out|atk|1
|move|p2a: i'm glad we're out|Swords Dance|p2a: i'm glad we're out
|-boost|p2a: i'm glad we're out|atk|2
|
|-weather|none
|upkeep
|turn|6
|
|t:|1743851583
|move|p2a: i'm glad we're out|Ice Punch|p1a: Landorus
|-supereffective|p1a: Landorus
|-damage|p1a: Landorus|0 fnt
|-damage|p2a: i'm glad we're out|72/100|[from] item: Rocky Helmet|[of] p1a: Landorus
|faint|p1a: Landorus
|
|-fieldend|move: Trick Room
|upkeep
|-message|Proutaxe forfeited.
|
|win|archemiist
|raw|Proutaxe's rating: 1163 &rarr; <strong>1136</strong><br />(-27 for losing)
|raw|archemiist's rating: 1133 &rarr; <strong>1160</strong><br />(+27 for winning)
|l|☆Proutaxe
|player|p1|
|l|☆archemiist
|player|p2|
