|j|☆heyitsruku
|j|☆CRPCgaming.TTV
|t:|1743865101
|gametype|singles
|player|p1|heyitsruku|brendan-contest|1343
|player|p2|CRPCgaming.TTV|backersf|1354
|teamsize|p1|6
|teamsize|p2|6
|gen|9
|tier|[Gen 9] OU
|rated|
|rule|HP Percentage Mod: HP is shown in percentages
|rule|Endless Battle Clause: Forcing endless battles is banned
|rule|Species Clause: Limit one of each Pokémon
|rule|OHKO Clause: OHKO moves are banned
|rule|Evasion Items Clause: Evasion items are banned
|rule|Evasion Moves Clause: Evasion moves are banned
|rule|Sleep Moves Clause: Sleep-inducing moves are banned
|clearpoke
|poke|p1|Landorus-Therian, M|
|poke|p1|Samurott-Hisui, M|
|poke|p1|Iron Moth|
|poke|p1|Zamazenta-*|
|poke|p1|Hatterene, F|
|poke|p1|Gholdengo|
|poke|p2|Dragonite, F|
|poke|p2|Glimmora, M|
|poke|p2|Iron Moth|
|poke|p2|Cloyster, F|
|poke|p2|Latias, F|
|poke|p2|Hatterene, F|
|teampreview
|inactive|Battle timer is ON: inactive players will automatically lose when time's up. (requested by CRPCgaming.TTV)
|inactive|heyitsruku also wants the timer to be on.
|
|t:|1743865118
|start
|switch|p1a: Landorus|Landorus-Therian, M, shiny|100/100
|switch|p2a: Latias|Latias, F|100/100
|-ability|p1a: Landorus|Intimidate|boost
|-unboost|p2a: Latias|atk|1
|turn|1
|
|t:|1743865124
|move|p1a: Landorus|Taunt|p2a: Latias
|-start|p2a: Latias|move: Taunt
|cant|p2a: Latias|move: Taunt|Agility
|
|upkeep
|turn|2
|
|t:|1743865129
|switch|p2a: Hatterene|Hatterene, F|100/100
|move|p1a: Landorus|Stealth Rock|p2a: Hatterene
|move|p2a: Hatterene|Stealth Rock|p1a: Landorus|[from] ability: Magic Bounce
|-sidestart|p1: heyitsruku|move: Stealth Rock
|
|upkeep
|turn|3
|
|t:|1743865136
|move|p1a: Landorus|U-turn|p2a: Hatterene
|-damage|p2a: Hatterene|81/100
|
|t:|1743865141
|switch|p1a: Gholdengo|Gholdengo, shiny|100/100|[from] U-turn
|-damage|p1a: Gholdengo|94/100|[from] Stealth Rock
|move|p2a: Hatterene|Calm Mind|p2a: Hatterene
|-boost|p2a: Hatterene|spa|1
|-boost|p2a: Hatterene|spd|1
|
|-heal|p2a: Hatterene|87/100|[from] item: Leftovers
|upkeep
|turn|4
|
|t:|1743865150
|move|p1a: Gholdengo|Trick|p2a: Hatterene
|-activate|p1a: Gholdengo|move: Trick|[of] p2a: Hatterene
|-item|p2a: Hatterene|Choice Scarf|[from] move: Trick
|-item|p1a: Gholdengo|Leftovers|[from] move: Trick
|move|p2a: Hatterene|Mystical Fire|p1a: Gholdengo
|-supereffective|p1a: Gholdengo
|-damage|p1a: Gholdengo|12/100
|-unboost|p1a: Gholdengo|spa|1
|
|-heal|p1a: Gholdengo|18/100|[from] item: Leftovers
|upkeep
|turn|5
|
|t:|1743865170
|move|p1a: Gholdengo|Make It Rain|p2a: Hatterene
|-supereffective|p2a: Hatterene
|-damage|p2a: Hatterene|22/100
|-unboost|p1a: Gholdengo|spa|1
|move|p2a: Hatterene|Mystical Fire|p1a: Gholdengo
|-supereffective|p1a: Gholdengo
|-damage|p1a: Gholdengo|0 fnt
|faint|p1a: Gholdengo
|
|upkeep
|
|t:|1743865181
|switch|p1a: Samurott|Samurott-Hisui, M, shiny|100/100
|-damage|p1a: Samurott|88/100|[from] Stealth Rock
|turn|6
|
|t:|1743865185
|move|p1a: Samurott|Ceaseless Edge|p2a: Hatterene|[miss]
|-miss|p1a: Samurott|p2a: Hatterene
|move|p2a: Hatterene|Mystical Fire|p1a: Samurott
|-resisted|p1a: Samurott
|-damage|p1a: Samurott|65/100
|-unboost|p1a: Samurott|spa|1
|
|upkeep
|turn|7
|c|☆heyitsruku|istg
|
|t:|1743865193
|move|p1a: Samurott|Ceaseless Edge|p2a: Hatterene|[miss]
|-miss|p1a: Samurott|p2a: Hatterene
|move|p2a: Hatterene|Mystical Fire|p1a: Samurott
|-resisted|p1a: Samurott
|-damage|p1a: Samurott|41/100
|-unboost|p1a: Samurott|spa|1
|
|upkeep
|turn|8
|c|☆heyitsruku|WHAT IS GOING ON
|
|t:|1743865202
|move|p1a: Samurott|Ceaseless Edge|p2a: Hatterene
|-damage|p2a: Hatterene|0 fnt
|-sidestart|p2: CRPCgaming.TTV|Spikes
|faint|p2a: Hatterene
|
|upkeep
|
|t:|1743865210
|switch|p2a: Puff|Dragonite, F, shiny|100/100
|turn|9
|
|t:|1743865217
|switch|p2a: Glimmora|Glimmora, M|100/100
|-damage|p2a: Glimmora|88/100|[from] Spikes
|move|p1a: Samurott|Sucker Punch||[still]
|-fail|p1a: Samurott
|
|upkeep
|turn|10
|
|t:|1743865225
|switch|p1a: Hatterene|Hatterene, F, shiny|100/100
|-damage|p1a: Hatterene|88/100|[from] Stealth Rock
|move|p2a: Glimmora|Mortal Spin|p1a: Hatterene
|-supereffective|p1a: Hatterene
|-damage|p1a: Hatterene|79/100
|-status|p1a: Hatterene|psn
|-sideend|p2: CRPCgaming.TTV|Spikes|[from] move: Mortal Spin|[of] p2a: Glimmora
|
|-damage|p1a: Hatterene|67/100 psn|[from] psn
|upkeep
|turn|11
|
|t:|1743865236
|move|p2a: Glimmora|Power Gem|p1a: Hatterene
|-damage|p1a: Hatterene|34/100 psn
|move|p1a: Hatterene|Psychic Noise|p2a: Glimmora
|-supereffective|p2a: Glimmora
|-damage|p2a: Glimmora|0 fnt
|faint|p2a: Glimmora
|
|-damage|p1a: Hatterene|22/100 psn|[from] psn
|upkeep
|
|t:|1743865246
|switch|p2a: Cloyster|Cloyster, F, shiny|100/100
|turn|12
|
|t:|1743865249
|move|p2a: Cloyster|Shell Smash|p2a: Cloyster
|-unboost|p2a: Cloyster|def|1
|-unboost|p2a: Cloyster|spd|1
|-boost|p2a: Cloyster|atk|2
|-boost|p2a: Cloyster|spa|2
|-boost|p2a: Cloyster|spe|2
|move|p1a: Hatterene|Nuzzle|p2a: Cloyster
|-supereffective|p2a: Cloyster
|-damage|p2a: Cloyster|90/100
|-status|p2a: Cloyster|par
|
|-damage|p1a: Hatterene|10/100 psn|[from] psn
|upkeep
|turn|13
|
|t:|1743865260
|move|p2a: Cloyster|Shell Smash|p2a: Cloyster
|-unboost|p2a: Cloyster|def|1
|-unboost|p2a: Cloyster|spd|1
|-boost|p2a: Cloyster|atk|2
|-boost|p2a: Cloyster|spa|2
|-boost|p2a: Cloyster|spe|2
|move|p1a: Hatterene|Draining Kiss|p2a: Cloyster
|-damage|p2a: Cloyster|0 fnt
|-heal|p1a: Hatterene|61/100 psn|[from] drain|[of] p2a: Cloyster
|faint|p2a: Cloyster
|
|-damage|p1a: Hatterene|48/100 psn|[from] psn
|upkeep
|
|t:|1743865271
|switch|p2a: Latias|Latias, F|100/100
|turn|14
|
|t:|1743865275
|-terastallize|p2a: Latias|Electric
|move|p2a: Latias|Agility|p2a: Latias
|-boost|p2a: Latias|spe|2
|move|p1a: Hatterene|Nuzzle|p2a: Latias
|-resisted|p2a: Latias
|-damage|p2a: Latias|99/100
|
|-damage|p1a: Hatterene|36/100 psn|[from] psn
|upkeep
|turn|15
|
|t:|1743865284
|move|p2a: Latias|Calm Mind|p2a: Latias
|-boost|p2a: Latias|spa|1
|-boost|p2a: Latias|spd|1
|move|p1a: Hatterene|Mystical Fire|p2a: Latias
|-damage|p2a: Latias|85/100
|-unboost|p2a: Latias|spa|1
|
|-damage|p1a: Hatterene|24/100 psn|[from] psn
|upkeep
|turn|16
|
|t:|1743865292
|move|p2a: Latias|Calm Mind|p2a: Latias
|-boost|p2a: Latias|spa|1
|-boost|p2a: Latias|spd|1
|move|p1a: Hatterene|Mystical Fire|p2a: Latias
|-damage|p2a: Latias|74/100
|-unboost|p2a: Latias|spa|1
|
|-damage|p1a: Hatterene|12/100 psn|[from] psn
|upkeep
|turn|17
|
|t:|1743865301
|move|p2a: Latias|Calm Mind|p2a: Latias
|-boost|p2a: Latias|spa|1
|-boost|p2a: Latias|spd|1
|move|p1a: Hatterene|Mystical Fire|p2a: Latias
|-damage|p2a: Latias|65/100
|-unboost|p2a: Latias|spa|1
|
|-damage|p1a: Hatterene|0 fnt|[from] psn
|faint|p1a: Hatterene
|upkeep
|
|t:|1743865312
|switch|p1a: Zamazenta|Zamazenta, shiny|100/100
|-damage|p1a: Zamazenta|94/100|[from] Stealth Rock
|-ability|p1a: Zamazenta|Dauntless Shield|boost
|-boost|p1a: Zamazenta|def|1
|turn|18
|
|t:|1743865318
|-terastallize|p1a: Zamazenta|Fire
|move|p2a: Latias|Stored Power|p1a: Zamazenta
|-damage|p1a: Zamazenta|46/100
|move|p1a: Zamazenta|Close Combat|p2a: Latias
|-damage|p2a: Latias|9/100
|-unboost|p1a: Zamazenta|def|1
|-unboost|p1a: Zamazenta|spd|1
|
|upkeep
|turn|19
|
|t:|1743865328
|switch|p1a: Samurott|Samurott-Hisui, M, shiny|41/100
|-damage|p1a: Samurott|29/100|[from] Stealth Rock
|move|p2a: Latias|Stored Power|p1a: Samurott
|-immune|p1a: Samurott
|
|upkeep
|turn|20
|
|t:|1743865336
|move|p1a: Samurott|Sucker Punch||[still]
|-fail|p1a: Samurott
|move|p2a: Latias|Calm Mind|p2a: Latias
|-boost|p2a: Latias|spa|1
|-boost|p2a: Latias|spd|1
|
|upkeep
|turn|21
|
|t:|1743865341
|move|p1a: Samurott|Sucker Punch||[still]
|-fail|p1a: Samurott
|move|p2a: Latias|Agility|p2a: Latias
|-boost|p2a: Latias|spe|2
|
|upkeep
|turn|22
|
|t:|1743865347
|move|p1a: Samurott|Sucker Punch||[still]
|-fail|p1a: Samurott
|move|p2a: Latias|Agility|p2a: Latias
|-boost|p2a: Latias|spe|2
|
|upkeep
|turn|23
|
|t:|1743865353
|move|p1a: Samurott|Sucker Punch||[still]
|-fail|p1a: Samurott
|move|p2a: Latias|Agility|p2a: Latias
|-boost|p2a: Latias|spe|0
|
|upkeep
|turn|24
|
|t:|1743865359
|move|p2a: Latias|Aura Sphere|p1a: Samurott
|-supereffective|p1a: Samurott
|-damage|p1a: Samurott|0 fnt
|faint|p1a: Samurott
|
|upkeep
|
|t:|1743865374
|switch|p1a: Iron Moth|Iron Moth, shiny|100/100
|-damage|p1a: Iron Moth|75/100|[from] Stealth Rock
|-enditem|p1a: Iron Moth|Booster Energy
|-activate|p1a: Iron Moth|ability: Quark Drive|[fromitem]
|-start|p1a: Iron Moth|quarkdrivespe
|turn|25
|inactive|heyitsruku has 120 seconds left.
|-message|heyitsruku forfeited.
|
|win|CRPCgaming.TTV
|raw|heyitsruku's rating: 1343 &rarr; <strong>1324</strong><br />(-19 for losing)
|raw|CRPCgaming.TTV's rating: 1354 &rarr; <strong>1373</strong><br />(+19 for winning)
|l|☆heyitsruku
|player|p1|
|l|☆CRPCgaming.TTV
|player|p2|
