|j|☆BadSinBad
|j|☆mio3777
|t:|1743795151
|gametype|singles
|player|p1|BadSinBad|roughneck-gen4|1453
|player|p2|mio3777|102|1454
|teamsize|p1|6
|teamsize|p2|6
|gen|9
|tier|[Gen 9] OU
|rated|
|rule|HP Percentage Mod: HP is shown in percentages
|rule|Endless Battle Clause: Forcing endless battles is banned
|rule|Species Clause: Limit one of each Pokémon
|rule|OHKO Clause: OHKO moves are banned
|rule|Evasion Items Clause: Evasion items are banned
|rule|Evasion Moves Clause: Evasion moves are banned
|rule|Sleep Moves Clause: Sleep-inducing moves are banned
|clearpoke
|poke|p1|Meowscarada, F|
|poke|p1|Gliscor, M|
|poke|p1|Ursaluna, F|
|poke|p1|Skarmory, F|
|poke|p1|Dragapult, F|
|poke|p1|Slowking-Galar, F|
|poke|p2|Glimmora, M|
|poke|p2|Gholdengo|
|poke|p2|Dondozo, F|
|poke|p2|Blissey, F|
|poke|p2|Rotom-Heat|
|poke|p2|Hoopa-Unbound|
|teampreview
|inactive|Battle timer is ON: inactive players will automatically lose when time's up. (requested by mio3777)
|
|t:|1743795171
|start
|switch|p1a: Slowking|Slowking-Galar, F|100/100
|switch|p2a: Rotom|Rotom-Heat|100/100
|turn|1
|
|t:|1743795182
|move|p2a: Rotom|Trick|p1a: Slowking
|-activate|p2a: Rotom|move: Trick|[of] p1a: Slowking
|-item|p1a: Slowking|Choice Scarf|[from] move: Trick
|-item|p2a: Rotom|Heavy-Duty Boots|[from] move: Trick
|move|p1a: Slowking|Sludge Bomb|p2a: Rotom
|-damage|p2a: Rotom|59/100
|
|upkeep
|turn|2
|
|t:|1743795191
|switch|p2a: Blissey|Blissey, F|100/100
|move|p1a: Slowking|Sludge Bomb|p2a: Blissey
|-damage|p2a: Blissey|90/100
|
|upkeep
|turn|3
|
|t:|1743795205
|move|p2a: Blissey|Trick|p1a: Slowking
|-activate|p2a: Blissey|move: Trick|[of] p1a: Slowking
|-item|p1a: Slowking|Choice Specs|[from] move: Trick
|-item|p2a: Blissey|Choice Scarf|[from] move: Trick
|move|p1a: Slowking|Sludge Bomb|p2a: Blissey
|-damage|p2a: Blissey|74/100
|
|upkeep
|turn|4
|
|t:|1743795217
|move|p2a: Blissey|Soft-Boiled|p2a: Blissey
|-heal|p2a: Blissey|100/100
|move|p1a: Slowking|Sludge Bomb|p2a: Blissey
|-crit|p2a: Blissey
|-damage|p2a: Blissey|79/100
|
|upkeep
|turn|5
|
|t:|1743795227
|switch|p2a: Hoopa|Hoopa-Unbound|100/100
|switch|p1a: Gliscor|Gliscor, M|100/100
|
|-status|p1a: Gliscor|tox|[from] item: Toxic Orb
|upkeep
|turn|6
|
|t:|1743795243
|move|p1a: Gliscor|Protect|p1a: Gliscor
|-singleturn|p1a: Gliscor|Protect
|move|p2a: Hoopa|Psychic|p1a: Gliscor
|-activate|p1a: Gliscor|move: Protect
|
|upkeep
|turn|7
|
|t:|1743795252
|switch|p2a: Glimmora|Glimmora, M|100/100
|switch|p1a: Skarmory|Skarmory, F|100/100
|
|upkeep
|turn|8
|
|t:|1743795262
|move|p2a: Glimmora|Stealth Rock|p1a: Skarmory
|-sidestart|p1: BadSinBad|move: Stealth Rock
|move|p1a: Skarmory|Stealth Rock|p2a: Glimmora
|-sidestart|p2: mio3777|move: Stealth Rock
|
|upkeep
|turn|9
|
|t:|1743795266
|move|p2a: Glimmora|Spikes|p1a: Skarmory
|-sidestart|p1: BadSinBad|Spikes
|move|p1a: Skarmory|Whirlwind|p2a: Glimmora
|drag|p2a: Gholdengo|Gholdengo|100/100
|-damage|p2a: Gholdengo|94/100|[from] Stealth Rock
|
|upkeep
|turn|10
|
|t:|1743795278
|switch|p1a: Slowking|Slowking-Galar, F|100/100
|-damage|p1a: Slowking|88/100|[from] Stealth Rock
|-damage|p1a: Slowking|76/100|[from] Spikes
|move|p2a: Gholdengo|Trick|p1a: Slowking
|-activate|p2a: Gholdengo|move: Trick|[of] p1a: Slowking
|-item|p1a: Slowking|Choice Scarf|[from] move: Trick
|-item|p2a: Gholdengo|Choice Specs|[from] move: Trick
|
|upkeep
|turn|11
|
|t:|1743795289
|move|p2a: Gholdengo|Make It Rain|p1a: Slowking
|-damage|p1a: Slowking|11/100
|-unboost|p2a: Gholdengo|spa|1
|-prepare|p1a: Slowking|Chilly Reception|[premajor]
|move|p1a: Slowking|Chilly Reception|p1a: Slowking
|-weather|Snowscape
|inactive|BadSinBad has 120 seconds left.
|
|t:|1743795321
|switch|p1a: Gliscor|Gliscor, M|100/100 tox|[from] Chilly Reception
|-damage|p1a: Gliscor|88/100 tox|[from] Stealth Rock
|
|-weather|Snowscape|[upkeep]
|-heal|p1a: Gliscor|100/100 tox|[from] ability: Poison Heal
|upkeep
|turn|12
|
|t:|1743795335
|switch|p2a: Dondozo|Dondozo, F|100/100
|-damage|p2a: Dondozo|88/100|[from] Stealth Rock
|move|p1a: Gliscor|Knock Off|p2a: Dondozo
|-damage|p2a: Dondozo|77/100
|-damage|p1a: Gliscor|84/100 tox|[from] item: Rocky Helmet|[of] p2a: Dondozo
|-enditem|p2a: Dondozo|Rocky Helmet|[from] move: Knock Off|[of] p1a: Gliscor
|
|-weather|Snowscape|[upkeep]
|-heal|p1a: Gliscor|96/100 tox|[from] ability: Poison Heal
|upkeep
|turn|13
|
|t:|1743795346
|switch|p1a: Meowscarada|Meowscarada, F|100/100
|move|p2a: Dondozo|Curse|p2a: Dondozo
|-unboost|p2a: Dondozo|spe|1
|-boost|p2a: Dondozo|atk|1
|-boost|p2a: Dondozo|def|1
|
|-weather|Snowscape|[upkeep]
|upkeep
|turn|14
|
|t:|1743795362
|-terastallize|p2a: Dondozo|Dragon
|move|p1a: Meowscarada|U-turn|p2a: Dondozo
|-start|p1a: Meowscarada|typechange|Bug|[from] ability: Protean
|-damage|p2a: Dondozo|65/100
|
|t:|1743795367
|switch|p1a: Dragapult|Dragapult, F|100/100|[from] U-turn
|move|p2a: Dondozo|Liquidation|p1a: Dragapult
|-resisted|p1a: Dragapult
|-damage|p1a: Dragapult|58/100
|
|-weather|Snowscape|[upkeep]
|upkeep
|turn|15
|
|t:|1743795376
|switch|p2a: Blissey|Blissey, F|79/100
|-damage|p2a: Blissey|67/100|[from] Stealth Rock
|move|p1a: Dragapult|U-turn|p2a: Blissey
|-damage|p2a: Blissey|24/100
|
|t:|1743795381
|switch|p1a: Meowscarada|Meowscarada, F|100/100|[from] U-turn
|
|-weather|none
|upkeep
|turn|16
|
|t:|1743795389
|move|p1a: Meowscarada|Spikes|p2a: Blissey
|-start|p1a: Meowscarada|typechange|Ground|[from] ability: Protean
|-sidestart|p2: mio3777|Spikes
|move|p2a: Blissey|Trick|p1a: Meowscarada
|-activate|p2a: Blissey|move: Trick|[of] p1a: Meowscarada
|-item|p1a: Meowscarada|Choice Scarf|[from] move: Trick
|-item|p2a: Blissey|Heavy-Duty Boots|[from] move: Trick
|
|upkeep
|turn|17
|
|t:|1743795408
|switch|p2a: Glimmora|Glimmora, M|100/100
|-damage|p2a: Glimmora|88/100|[from] Stealth Rock
|-damage|p2a: Glimmora|76/100|[from] Spikes
|move|p1a: Meowscarada|U-turn|p2a: Glimmora
|-resisted|p2a: Glimmora
|-damage|p2a: Glimmora|65/100
|-activate|p2a: Glimmora|ability: Toxic Debris
|-sidestart|p1: BadSinBad|move: Toxic Spikes
|-enditem|p2a: Glimmora|Red Card|[of] p1a: Meowscarada
|drag|p1a: Slowking|Slowking-Galar, F|45/100
|-damage|p1a: Slowking|32/100|[from] Stealth Rock
|-damage|p1a: Slowking|20/100|[from] Spikes
|-sideend|p1: BadSinBad|move: Toxic Spikes|[of] p1a: Slowking
|
|upkeep
|turn|18
|
|t:|1743795423
|switch|p1a: Skarmory|Skarmory, F|100/100
|-damage|p1a: Skarmory|88/100|[from] Stealth Rock
|move|p2a: Glimmora|Mortal Spin|p1a: Skarmory
|-immune|p1a: Skarmory
|
|upkeep
|turn|19
|
|t:|1743795431
|move|p2a: Glimmora|Spikes|p1a: Skarmory
|-sidestart|p1: BadSinBad|Spikes
|move|p1a: Skarmory|Whirlwind|p2a: Glimmora
|drag|p2a: Dondozo|Dondozo, F, tera:Dragon|65/100
|-damage|p2a: Dondozo|53/100|[from] Stealth Rock
|-damage|p2a: Dondozo|41/100|[from] Spikes
|
|upkeep
|turn|20
|
|t:|1743795440
|switch|p1a: Dragapult|Dragapult, F|58/100
|move|p2a: Dondozo|Rest|p2a: Dondozo
|-status|p2a: Dondozo|slp|[from] move: Rest
|-heal|p2a: Dondozo|100/100 slp|[silent]
|
|upkeep
|turn|21
|
|t:|1743795447
|move|p1a: Dragapult|Draco Meteor|p2a: Dondozo
|-supereffective|p2a: Dondozo
|-damage|p2a: Dondozo|0 fnt
|-unboost|p1a: Dragapult|spa|2
|faint|p2a: Dondozo
|
|upkeep
|
|t:|1743795466
|switch|p2a: Blissey|Blissey, F|24/100
|turn|22
|
|t:|1743795470
|move|p1a: Dragapult|U-turn|p2a: Blissey
|-damage|p2a: Blissey|0 fnt
|faint|p2a: Blissey
|
|t:|1743795494
|switch|p1a: Ursaluna|Ursaluna, F|100/100|[from] U-turn
|
|upkeep
|
|t:|1743795504
|switch|p2a: Glimmora|Glimmora, M|65/100
|-damage|p2a: Glimmora|52/100|[from] Stealth Rock
|-damage|p2a: Glimmora|40/100|[from] Spikes
|turn|23
|
|t:|1743795511
|switch|p1a: Skarmory|Skarmory, F|88/100
|-damage|p1a: Skarmory|76/100|[from] Stealth Rock
|move|p2a: Glimmora|Spikes|p1a: Skarmory
|-sidestart|p1: BadSinBad|Spikes
|
|upkeep
|turn|24
|
|t:|1743795519
|switch|p2a: Gholdengo|Gholdengo|94/100
|-damage|p2a: Gholdengo|88/100|[from] Stealth Rock
|-damage|p2a: Gholdengo|76/100|[from] Spikes
|move|p1a: Skarmory|Whirlwind|p2a: Gholdengo
|-immune|p2a: Gholdengo|[from] ability: Good as Gold
|
|upkeep
|turn|25
|
|t:|1743795531
|switch|p1a: Ursaluna|Ursaluna, F|100/100
|move|p2a: Gholdengo|Make It Rain|p1a: Ursaluna
|-damage|p1a: Ursaluna|27/100
|-unboost|p2a: Gholdengo|spa|1
|
|upkeep
|turn|26
|
|t:|1743795547
|switch|p2a: Hoopa|Hoopa-Unbound|100/100
|-damage|p2a: Hoopa|88/100|[from] Stealth Rock
|-damage|p2a: Hoopa|76/100|[from] Spikes
|switch|p1a: Slowking|Slowking-Galar, F|53/100
|-damage|p1a: Slowking|41/100|[from] Stealth Rock
|-damage|p1a: Slowking|16/100|[from] Spikes
|
|upkeep
|turn|27
|
|t:|1743795565
|move|p2a: Hoopa|Hyperspace Fury|p1a: Slowking
|-supereffective|p1a: Slowking
|-damage|p1a: Slowking|0 fnt
|-unboost|p2a: Hoopa|def|1
|faint|p1a: Slowking
|
|upkeep
|
|t:|1743795577
|switch|p1a: Meowscarada|Meowscarada, F|100/100
|-damage|p1a: Meowscarada|88/100|[from] Stealth Rock
|-damage|p1a: Meowscarada|63/100|[from] Spikes
|turn|28
|
|t:|1743795587
|switch|p2a: Glimmora|Glimmora, M|40/100
|-damage|p2a: Glimmora|28/100|[from] Stealth Rock
|-damage|p2a: Glimmora|15/100|[from] Spikes
|move|p1a: Meowscarada|Spikes|p2a: Glimmora
|-start|p1a: Meowscarada|typechange|Ground|[from] ability: Protean
|-sidestart|p2: mio3777|Spikes
|
|upkeep
|turn|29
|
|t:|1743795616
|switch|p1a: Skarmory|Skarmory, F|76/100
|-damage|p1a: Skarmory|63/100|[from] Stealth Rock
|move|p2a: Glimmora|Mortal Spin|p1a: Skarmory
|-immune|p1a: Skarmory
|
|upkeep
|turn|30
|inactive|mio3777 has 120 seconds left.
|
|t:|1743795635
|switch|p2a: Gholdengo|Gholdengo|76/100
|-damage|p2a: Gholdengo|70/100|[from] Stealth Rock
|-damage|p2a: Gholdengo|54/100|[from] Spikes
|move|p1a: Skarmory|Roost|p1a: Skarmory
|-heal|p1a: Skarmory|100/100
|-singleturn|p1a: Skarmory|move: Roost
|
|upkeep
|turn|31
|inactive|mio3777 has 120 seconds left.
|
|t:|1743795650
|move|p2a: Gholdengo|Trick|p1a: Skarmory
|-activate|p2a: Gholdengo|move: Trick|[of] p1a: Skarmory
|-item|p1a: Skarmory|Choice Specs|[from] move: Trick
|-item|p2a: Gholdengo|Rocky Helmet|[from] move: Trick
|move|p1a: Skarmory|Roost||[still]
|-fail|p1a: Skarmory|heal
|
|upkeep
|turn|32
|inactive|mio3777 has 120 seconds left.
|
|t:|1743795666
|switch|p1a: Gliscor|Gliscor, M|96/100 tox
|-damage|p1a: Gliscor|84/100 tox|[from] Stealth Rock
|move|p2a: Gholdengo|Make It Rain|p1a: Gliscor
|-damage|p1a: Gliscor|0 fnt
|-unboost|p2a: Gholdengo|spa|1
|faint|p1a: Gliscor
|
|upkeep
|
|t:|1743795672
|switch|p1a: Dragapult|Dragapult, F|58/100
|turn|33
|inactive|mio3777 has 120 seconds left.
|
|t:|1743795682
|switch|p2a: Glimmora|Glimmora, M|15/100
|-damage|p2a: Glimmora|3/100|[from] Stealth Rock
|-damage|p2a: Glimmora|0 fnt|[from] Spikes
|faint|p2a: Glimmora
|move|p1a: Dragapult|Hex|p2: Glimmora|[notarget]
|-fail|p1a: Dragapult
|
|upkeep
|inactive|mio3777 has 120 seconds left.
|
|t:|1743795701
|switch|p2a: Gholdengo|Gholdengo|54/100
|-damage|p2a: Gholdengo|48/100|[from] Stealth Rock
|-damage|p2a: Gholdengo|31/100|[from] Spikes
|turn|34
|
|t:|1743795708
|move|p1a: Dragapult|U-turn|p2a: Gholdengo
|-resisted|p2a: Gholdengo
|-damage|p2a: Gholdengo|26/100
|-damage|p1a: Dragapult|41/100|[from] item: Rocky Helmet|[of] p2a: Gholdengo
|
|t:|1743795712
|switch|p1a: Ursaluna|Ursaluna, F|27/100|[from] U-turn
|move|p2a: Gholdengo|Shadow Ball|p1a: Ursaluna
|-immune|p1a: Ursaluna|[from] ability: Bulletproof
|
|upkeep
|turn|35
|
|t:|1743795719
|move|p2a: Gholdengo|Make It Rain|p1a: Ursaluna
|-damage|p1a: Ursaluna|0 fnt
|-unboost|p2a: Gholdengo|spa|1
|faint|p1a: Ursaluna
|
|upkeep
|
|t:|1743795725
|switch|p1a: Meowscarada|Meowscarada, F|63/100
|-damage|p1a: Meowscarada|51/100|[from] Stealth Rock
|-damage|p1a: Meowscarada|26/100|[from] Spikes
|turn|36
|
|t:|1743795739
|move|p1a: Meowscarada|Knock Off|p2a: Gholdengo
|-start|p1a: Meowscarada|typechange|Dark|[from] ability: Protean
|-supereffective|p2a: Gholdengo
|-damage|p2a: Gholdengo|0 fnt
|-damage|p1a: Meowscarada|10/100|[from] item: Rocky Helmet|[of] p2a: Gholdengo
|-enditem|p2a: Gholdengo|Rocky Helmet|[from] move: Knock Off|[of] p1a: Meowscarada
|faint|p2a: Gholdengo
|
|upkeep
|
|t:|1743795751
|switch|p2a: Rotom|Rotom-Heat|59/100
|turn|37
|
|t:|1743795759
|move|p1a: Meowscarada|Knock Off|p2a: Rotom
|-damage|p2a: Rotom|0 fnt
|-enditem|p2a: Rotom|Heavy-Duty Boots|[from] move: Knock Off|[of] p1a: Meowscarada
|faint|p2a: Rotom
|
|upkeep
|
|t:|1743795765
|switch|p2a: Hoopa|Hoopa-Unbound|76/100
|-damage|p2a: Hoopa|64/100|[from] Stealth Rock
|-damage|p2a: Hoopa|47/100|[from] Spikes
|turn|38
|
|t:|1743795773
|move|p1a: Meowscarada|Knock Off|p2a: Hoopa
|-damage|p2a: Hoopa|0 fnt
|-enditem|p2a: Hoopa|Choice Scarf|[from] move: Knock Off|[of] p1a: Meowscarada
|faint|p2a: Hoopa
|
|win|BadSinBad
|raw|BadSinBad's rating: 1453 &rarr; <strong>1473</strong><br />(+20 for winning)
|raw|mio3777's rating: 1454 &rarr; <strong>1434</strong><br />(-20 for losing)
|l|☆mio3777
|player|p2|
|c|☆BadSinBad|Gg
