|j|☆Sammyjtb
|j|☆niginggig
|t:|1743849143
|gametype|singles
|player|p1|Sammyjtb|102|1149
|player|p2|niginggig|2|1137
|teamsize|p1|6
|teamsize|p2|6
|gen|9
|tier|[Gen 9] OU
|rated|
|rule|HP Percentage Mod: HP is shown in percentages
|rule|Endless Battle Clause: Forcing endless battles is banned
|rule|Species Clause: Limit one of each Pokémon
|rule|OHKO Clause: OHKO moves are banned
|rule|Evasion Items Clause: Evasion items are banned
|rule|Evasion Moves Clause: Evasion moves are banned
|rule|Sleep Moves Clause: Sleep-inducing moves are banned
|clearpoke
|poke|p1|Spidops, F|
|poke|p1|Great Tusk|
|poke|p1|Scizor, F|
|poke|p1|Pawmot, F|
|poke|p1|Gholdengo|
|poke|p1|Tsareena, F|
|poke|p2|Iron Crown|
|poke|p2|Iron Valiant|
|poke|p2|Dragonite, M|
|poke|p2|Cinderace, F|
|poke|p2|Corviknight, F|
|poke|p2|Clodsire, F|
|teampreview
|
|t:|1743849166
|start
|switch|p1a: Spidops|Spidops, F|100/100
|switch|p2a: Cinderace|Cinderace, F|100/100
|turn|1
|
|t:|1743849189
|move|p2a: Cinderace|Swords Dance|p2a: Cinderace
|-start|p2a: Cinderace|typechange|Normal|[from] ability: Libero
|-boost|p2a: Cinderace|atk|2
|move|p1a: Spidops|U-turn|p2a: Cinderace
|-damage|p2a: Cinderace|74/100
|
|t:|1743849205
|switch|p1a: Great Tusk|Great Tusk|100/100|[from] U-turn
|-enditem|p1a: Great Tusk|Booster Energy
|-activate|p1a: Great Tusk|ability: Protosynthesis|[fromitem]
|-start|p1a: Great Tusk|protosynthesisdef
|
|upkeep
|turn|2
|
|t:|1743849226
|-terastallize|p2a: Cinderace|Fire
|move|p2a: Cinderace|Pyro Ball|p1a: Great Tusk
|-damage|p1a: Great Tusk|43/100
|move|p1a: Great Tusk|Body Press|p2a: Cinderace
|-damage|p2a: Cinderace|16/100
|-enditem|p2a: Cinderace|Salac Berry|[eat]
|-boost|p2a: Cinderace|spe|1|[from] item: Salac Berry
|
|upkeep
|turn|3
|
|t:|1743849241
|move|p2a: Cinderace|Pyro Ball|p1a: Great Tusk
|-damage|p1a: Great Tusk|0 fnt
|faint|p1a: Great Tusk
|-end|p1a: Great Tusk|Protosynthesis|[silent]
|
|upkeep
|
|t:|1743849244
|switch|p1a: Pawmot|Pawmot, F|100/100
|turn|4
|
|t:|1743849250
|move|p1a: Pawmot|Mach Punch|p2a: Cinderace
|-damage|p2a: Cinderace|0 fnt
|faint|p2a: Cinderace
|
|upkeep
|
|t:|1743849252
|switch|p2a: Clodsire|Clodsire, F|100/100
|turn|5
|
|t:|1743849270
|switch|p1a: Spidops|Spidops, F|100/100
|move|p2a: Clodsire|Toxic Spikes|p1a: Spidops
|-sidestart|p1: Sammyjtb|move: Toxic Spikes
|
|upkeep
|turn|6
|
|t:|1743849278
|switch|p2a: Dragonite|Dragonite, M|100/100
|move|p1a: Spidops|Sticky Web|p2a: Dragonite
|-sidestart|p2: niginggig|move: Sticky Web
|
|upkeep
|turn|7
|
|t:|1743849282
|move|p2a: Dragonite|Scale Shot|p1a: Spidops
|-crit|p1a: Spidops
|-damage|p1a: Spidops|74/100
|-damage|p1a: Spidops|56/100
|-hitcount|p1a: Spidops|2
|-unboost|p2a: Dragonite|def|1
|-boost|p2a: Dragonite|spe|1
|move|p1a: Spidops|Circle Throw|p2a: Dragonite
|-resisted|p2a: Dragonite
|-damage|p2a: Dragonite|96/100
|drag|p2a: Iron Crown|Iron Crown|100/100
|-activate|p2a: Iron Crown|move: Sticky Web
|-unboost|p2a: Iron Crown|spe|1
|
|upkeep
|turn|8
|
|t:|1743849297
|move|p2a: Iron Crown|Tachyon Cutter|p1a: Spidops
|-damage|p1a: Spidops|13/100
|-damage|p1a: Spidops|0 fnt
|faint|p1a: Spidops
|-hitcount|p1: Spidops|2
|
|upkeep
|
|t:|1743849312
|switch|p1a: Tsareena|Tsareena, F|100/100
|turn|9
|
|t:|1743849320
|move|p1a: Tsareena|Rapid Spin|p2a: Iron Crown
|-resisted|p2a: Iron Crown
|-damage|p2a: Iron Crown|92/100
|-boost|p1a: Tsareena|spe|1
|-sideend|p1: Sammyjtb|Toxic Spikes|[from] move: Rapid Spin|[of] p1a: Tsareena
|move|p2a: Iron Crown|Tachyon Cutter|p1a: Tsareena
|-damage|p1a: Tsareena|58/100
|-damage|p1a: Tsareena|16/100
|-hitcount|p1a: Tsareena|2
|
|upkeep
|turn|10
|
|t:|1743849337
|move|p1a: Tsareena|High Jump Kick|p2a: Iron Crown
|-damage|p2a: Iron Crown|44/100
|move|p2a: Iron Crown|Tachyon Cutter|p1a: Tsareena
|-damage|p1a: Tsareena|0 fnt
|faint|p1a: Tsareena
|-hitcount|p1: Tsareena|1
|
|upkeep
|
|t:|1743849362
|switch|p1a: Pawmot|Pawmot, F|100/100
|turn|11
|
|t:|1743849376
|move|p1a: Pawmot|Revival Blessing|p1a: Pawmot
|
|t:|1743849381
|-heal|p1: Great Tusk|50/100|[from] move: Revival Blessing
|move|p2a: Iron Crown|Tachyon Cutter|p1a: Pawmot
|-resisted|p1a: Pawmot
|-damage|p1a: Pawmot|68/100
|-resisted|p1a: Pawmot
|-damage|p1a: Pawmot|32/100
|-hitcount|p1a: Pawmot|2
|
|upkeep
|turn|12
|
|t:|1743849388
|switch|p1a: Gholdengo|Gholdengo|100/100
|-item|p1a: Gholdengo|Air Balloon
|-end|p2a: Iron Crown|Quark Drive|[silent]
|switch|p2a: Clodsire|Clodsire, F|100/100
|-activate|p2a: Clodsire|move: Sticky Web
|-unboost|p2a: Clodsire|spe|1
|
|upkeep
|turn|13
|
|t:|1743849410
|switch|p1a: Pawmot|Pawmot, F|32/100
|switch|p2a: Corviknight|Corviknight, F|100/100
|-ability|p2a: Corviknight|Pressure
|
|upkeep
|turn|14
|
|t:|1743849420
|switch|p2a: Clodsire|Clodsire, F|100/100
|-activate|p2a: Clodsire|move: Sticky Web
|-unboost|p2a: Clodsire|spe|1
|move|p1a: Pawmot|Thunder Punch|p2a: Clodsire
|-immune|p2a: Clodsire
|
|upkeep
|turn|15
|
|t:|1743849427
|switch|p1a: Great Tusk|Great Tusk|50/100
|switch|p2a: Corviknight|Corviknight, F|100/100
|-ability|p2a: Corviknight|Pressure
|
|upkeep
|turn|16
|
|t:|1743849433
|move|p1a: Great Tusk|Stealth Rock|p2a: Corviknight
|-sidestart|p2: niginggig|move: Stealth Rock
|move|p2a: Corviknight|Brave Bird|p1a: Great Tusk
|-supereffective|p1a: Great Tusk
|-damage|p1a: Great Tusk|7/100
|-damage|p2a: Corviknight|87/100|[from] Recoil
|
|-heal|p2a: Corviknight|93/100|[from] item: Leftovers
|upkeep
|turn|17
|
|t:|1743849443
|move|p1a: Great Tusk|Body Press|p2a: Corviknight
|-damage|p2a: Corviknight|66/100
|move|p2a: Corviknight|Brave Bird|p1a: Great Tusk
|-supereffective|p1a: Great Tusk
|-damage|p1a: Great Tusk|0 fnt
|faint|p1a: Great Tusk
|-end|p1a: Great Tusk|Protosynthesis|[silent]
|-damage|p2a: Corviknight|64/100|[from] Recoil
|
|-heal|p2a: Corviknight|70/100|[from] item: Leftovers
|upkeep
|
|t:|1743849446
|switch|p1a: Pawmot|Pawmot, F|32/100
|turn|18
|
|t:|1743849456
|move|p1a: Pawmot|Ice Punch|p2a: Corviknight
|-damage|p2a: Corviknight|40/100
|move|p2a: Corviknight|Brave Bird|p1a: Pawmot
|-damage|p1a: Pawmot|0 fnt
|faint|p1a: Pawmot
|-damage|p2a: Corviknight|33/100|[from] Recoil
|
|-heal|p2a: Corviknight|39/100|[from] item: Leftovers
|upkeep
|
|t:|1743849461
|switch|p1a: Scizor|Scizor, F|100/100
|turn|19
|
|t:|1743849469
|move|p2a: Corviknight|Reflect|p2a: Corviknight
|-sidestart|p2: niginggig|Reflect
|move|p1a: Scizor|Swords Dance|p1a: Scizor
|-boost|p1a: Scizor|atk|2
|
|-heal|p2a: Corviknight|45/100|[from] item: Leftovers
|upkeep
|turn|20
|
|t:|1743849478
|move|p2a: Corviknight|Brave Bird|p1a: Scizor
|-damage|p1a: Scizor|58/100
|-damage|p2a: Corviknight|35/100|[from] Recoil
|move|p1a: Scizor|Swords Dance|p1a: Scizor
|-boost|p1a: Scizor|atk|2
|
|-heal|p2a: Corviknight|41/100|[from] item: Leftovers
|upkeep
|turn|21
|
|t:|1743849484
|move|p2a: Corviknight|Brave Bird|p1a: Scizor
|-damage|p1a: Scizor|14/100
|-damage|p2a: Corviknight|30/100|[from] Recoil
|move|p1a: Scizor|Knock Off|p2a: Corviknight
|-damage|p2a: Corviknight|0 fnt
|-enditem|p2a: Corviknight|Leftovers|[from] move: Knock Off|[of] p1a: Scizor
|faint|p2a: Corviknight
|
|upkeep
|
|t:|1743849502
|switch|p2a: Dragonite|Dragonite, M|96/100
|-damage|p2a: Dragonite|71/100|[from] Stealth Rock
|turn|22
|
|t:|1743849510
|move|p2a: Dragonite|Extreme Speed|p1a: Scizor
|-resisted|p1a: Scizor
|-damage|p1a: Scizor|0 fnt
|faint|p1a: Scizor
|
|upkeep
|
|t:|1743849511
|switch|p1a: Gholdengo|Gholdengo|100/100
|-item|p1a: Gholdengo|Air Balloon
|turn|23
|
|t:|1743849533
|switch|p2a: Iron Valiant|Iron Valiant|100/100
|-activate|p2a: Iron Valiant|move: Sticky Web
|-unboost|p2a: Iron Valiant|spe|1
|-damage|p2a: Iron Valiant|94/100|[from] Stealth Rock
|-enditem|p2a: Iron Valiant|Booster Energy
|-activate|p2a: Iron Valiant|ability: Quark Drive|[fromitem]
|-start|p2a: Iron Valiant|quarkdriveatk
|move|p1a: Gholdengo|Thunderbolt|p2a: Iron Valiant
|-damage|p2a: Iron Valiant|35/100
|
|-sideend|p2: niginggig|Reflect
|upkeep
|turn|24
|
|t:|1743849551
|move|p2a: Iron Valiant|Spirit Break|p1a: Gholdengo
|-resisted|p1a: Gholdengo
|-crit|p1a: Gholdengo
|-damage|p1a: Gholdengo|59/100
|-unboost|p1a: Gholdengo|spa|1
|-enditem|p1a: Gholdengo|Air Balloon
|move|p1a: Gholdengo|Shadow Ball|p2a: Iron Valiant
|-damage|p2a: Iron Valiant|0 fnt
|faint|p2a: Iron Valiant
|-end|p2a: Iron Valiant|Quark Drive|[silent]
|
|upkeep
|
|t:|1743849560
|switch|p2a: Clodsire|Clodsire, F|100/100
|-activate|p2a: Clodsire|move: Sticky Web
|-unboost|p2a: Clodsire|spe|1
|-damage|p2a: Clodsire|94/100|[from] Stealth Rock
|turn|25
|
|t:|1743849567
|move|p1a: Gholdengo|Substitute|p1a: Gholdengo
|-start|p1a: Gholdengo|Substitute
|-damage|p1a: Gholdengo|34/100
|move|p2a: Clodsire|Earthquake|p1a: Gholdengo
|-supereffective|p1a: Gholdengo
|-end|p1a: Gholdengo|Substitute
|
|upkeep
|turn|26
|
|t:|1743849572
|move|p1a: Gholdengo|Shadow Ball|p2a: Clodsire
|-damage|p2a: Clodsire|70/100
|move|p2a: Clodsire|Earthquake|p1a: Gholdengo
|-supereffective|p1a: Gholdengo
|-damage|p1a: Gholdengo|0 fnt
|faint|p1a: Gholdengo
|
|win|niginggig
|raw|Sammyjtb's rating: 1149 &rarr; <strong>1123</strong><br />(-26 for losing)
|raw|niginggig's rating: 1137 &rarr; <strong>1163</strong><br />(+26 for winning)
|c|☆niginggig|gg
|c|☆Sammyjtb|gg
|l|☆Sammyjtb
|player|p1|
|l|☆niginggig
|player|p2|
