|j|‽XIXINANA
|j|☆kate10956
|t:|1743798647
|gametype|singles
|player|p1|XIXINANA|hilbert|1349
|player|p2|kate10956|birdkeeper-gen4dp|1326
|teamsize|p1|6
|teamsize|p2|6
|gen|9
|tier|[Gen 9] OU
|rated|
|rule|HP Percentage Mod: HP is shown in percentages
|rule|Endless Battle Clause: Forcing endless battles is banned
|rule|Species Clause: Limit one of each Pokémon
|rule|OHKO Clause: OHKO moves are banned
|rule|Evasion Items Clause: Evasion items are banned
|rule|Evasion Moves Clause: Evasion moves are banned
|rule|Sleep Moves Clause: Sleep-inducing moves are banned
|clearpoke
|poke|p1|Iron Valiant|
|poke|p1|Braviary-Hisui, M|
|poke|p1|Enamorus-Therian, F|
|poke|p1|Fezandipiti, M|
|poke|p1|Brute Bonnet|
|poke|p1|Magmortar, F|
|poke|p2|Arcanine-Hisui, F|
|poke|p2|Blastoise, F|
|poke|p2|Mamoswine, M|
|poke|p2|Zarude|
|poke|p2|Infernape, M|
|poke|p2|Toedscruel, M|
|teampreview
|
|t:|1743798660
|start
|switch|p1a: Braviary|Braviary-Hisui, M|100/100
|switch|p2a: Arcanine|Arcanine-Hisui, F|100/100
|turn|1
|
|t:|1743798670
|-terastallize|p1a: Braviary|Psychic
|move|p2a: Arcanine|Stealth Rock|p1a: Braviary
|-sidestart|p1: XIXINANA|move: Stealth Rock
|move|p1a: Braviary|Psychic|p2a: Arcanine
|-enditem|p2a: Arcanine|Focus Sash
|-damage|p2a: Arcanine|1/100
|
|upkeep
|turn|2
|
|t:|1743798678
|move|p1a: Braviary|Vacuum Wave|p2a: Arcanine
|-supereffective|p2a: Arcanine
|-damage|p2a: Arcanine|0 fnt
|faint|p2a: Arcanine
|-damage|p1a: Braviary|91/100|[from] item: Life Orb
|
|upkeep
|inactive|Battle timer is ON: inactive players will automatically lose when time's up. (requested by XIXINANA)
|
|t:|1743798688
|switch|p2a: Zarude|Zarude|100/100
|turn|3
|
|t:|1743798694
|switch|p1a: Fezandipiti|Fezandipiti, M|100/100
|-damage|p1a: Fezandipiti|88/100|[from] Stealth Rock
|move|p2a: Zarude|Knock Off|p1a: Fezandipiti
|-resisted|p1a: Fezandipiti
|-damage|p1a: Fezandipiti|43/100
|-enditem|p1a: Fezandipiti|Weakness Policy|[from] move: Knock Off|[of] p2a: Zarude
|
|upkeep
|turn|4
|
|t:|1743798714
|switch|p2a: Mamoswine|Mamoswine, M|100/100
|move|p1a: Fezandipiti|Agility|p1a: Fezandipiti
|-boost|p1a: Fezandipiti|spe|2
|
|upkeep
|turn|5
|
|t:|1743798726
|move|p1a: Fezandipiti|Play Rough|p2a: Mamoswine
|-damage|p2a: Mamoswine|52/100
|-status|p2a: Mamoswine|tox|[from] ability: Toxic Chain|[of] p1a: Fezandipiti
|move|p2a: Mamoswine|Icicle Crash|p1a: Fezandipiti
|-damage|p1a: Fezandipiti|0 fnt
|faint|p1a: Fezandipiti
|
|-damage|p2a: Mamoswine|46/100 tox|[from] psn
|upkeep
|
|t:|1743798736
|switch|p1a: Iron Valiant|Iron Valiant|100/100
|-damage|p1a: Iron Valiant|94/100|[from] Stealth Rock
|turn|6
|
|t:|1743798739
|move|p2a: Mamoswine|Ice Shard|p1a: Iron Valiant
|-damage|p1a: Iron Valiant|66/100
|move|p1a: Iron Valiant|Moonblast|p2a: Mamoswine
|-damage|p2a: Mamoswine|5/100 tox
|-damage|p1a: Iron Valiant|56/100|[from] item: Life Orb
|
|-damage|p2a: Mamoswine|0 fnt|[from] psn
|faint|p2a: Mamoswine
|upkeep
|
|t:|1743798743
|switch|p2a: Infernape|Infernape, M|100/100
|turn|7
|
|t:|1743798752
|move|p1a: Iron Valiant|Psychic|p2a: Infernape
|-supereffective|p2a: Infernape
|-enditem|p2a: Infernape|Focus Sash
|-damage|p2a: Infernape|1/100
|-damage|p1a: Iron Valiant|47/100|[from] item: Life Orb
|move|p2a: Infernape|Flamethrower|p1a: Iron Valiant
|-damage|p1a: Iron Valiant|0 fnt
|faint|p1a: Iron Valiant
|-end|p1a: Iron Valiant|Quark Drive|[silent]
|
|upkeep
|
|t:|1743798771
|switch|p1a: Brute Bonnet|Brute Bonnet|100/100
|-damage|p1a: Brute Bonnet|88/100|[from] Stealth Rock
|turn|8
|
|t:|1743798778
|move|p1a: Brute Bonnet|Sucker Punch||[still]
|-fail|p1a: Brute Bonnet
|move|p2a: Infernape|Encore|p1a: Brute Bonnet
|-start|p1a: Brute Bonnet|Encore
|
|upkeep
|turn|9
|
|t:|1743798785
|move|p2a: Infernape|Vacuum Wave|p1a: Brute Bonnet
|-supereffective|p1a: Brute Bonnet
|-damage|p1a: Brute Bonnet|57/100
|move|p1a: Brute Bonnet|Sucker Punch||[still]
|-fail|p1a: Brute Bonnet
|
|upkeep
|turn|10
|
|t:|1743798788
|-end|p1a: Brute Bonnet|Protosynthesis|[silent]
|switch|p1a: Braviary|Braviary-Hisui, M, tera:Psychic|91/100
|-damage|p1a: Braviary|78/100|[from] Stealth Rock
|move|p2a: Infernape|Vacuum Wave|p1a: Braviary
|-resisted|p1a: Braviary
|-damage|p1a: Braviary|67/100
|
|upkeep
|turn|11
|
|t:|1743798813
|move|p1a: Braviary|Vacuum Wave|p2a: Infernape
|-damage|p2a: Infernape|0 fnt
|faint|p2a: Infernape
|-damage|p1a: Braviary|57/100|[from] item: Life Orb
|
|upkeep
|
|t:|1743798819
|switch|p2a: Zarude|Zarude|100/100
|turn|12
|
|t:|1743798826
|switch|p1a: Magmortar|Magmortar, F|100/100
|-damage|p1a: Magmortar|76/100|[from] Stealth Rock
|move|p2a: Zarude|U-turn|p1a: Magmortar
|-resisted|p1a: Magmortar
|-damage|p1a: Magmortar|43/100
|
|t:|1743798831
|switch|p2a: Toedscruel|Toedscruel, M|100/100|[from] U-turn
|
|upkeep
|turn|13
|
|t:|1743798838
|move|p2a: Toedscruel|Earth Power|p1a: Magmortar
|-supereffective|p1a: Magmortar
|-damage|p1a: Magmortar|0 fnt
|faint|p1a: Magmortar
|
|upkeep
|
|t:|1743798854
|switch|p1a: Enamorus|Enamorus-Therian, F|100/100
|-damage|p1a: Enamorus|76/100|[from] Stealth Rock
|turn|14
|
|t:|1743798864
|move|p1a: Enamorus|Draining Kiss|p2a: Toedscruel
|-damage|p2a: Toedscruel|75/100
|-heal|p1a: Enamorus|97/100|[from] drain|[of] p2a: Toedscruel
|move|p2a: Toedscruel|Spikes|p1a: Enamorus
|-sidestart|p1: XIXINANA|Spikes
|
|-heal|p1a: Enamorus|100/100|[from] item: Leftovers
|upkeep
|turn|15
|
|t:|1743798880
|move|p1a: Enamorus|Moonblast|p2a: Toedscruel
|-damage|p2a: Toedscruel|33/100
|-unboost|p2a: Toedscruel|spa|1
|move|p2a: Toedscruel|Spikes|p1a: Enamorus
|-sidestart|p1: XIXINANA|Spikes
|
|upkeep
|turn|16
|
|t:|1743798887
|move|p1a: Enamorus|Moonblast|p2a: Toedscruel
|-damage|p2a: Toedscruel|0 fnt
|faint|p2a: Toedscruel
|
|upkeep
|
|t:|1743798896
|switch|p2a: Blastoise|Blastoise, F|100/100
|turn|17
|
|t:|1743798907
|move|p2a: Blastoise|Shell Smash|p2a: Blastoise
|-unboost|p2a: Blastoise|def|1
|-unboost|p2a: Blastoise|spd|1
|-boost|p2a: Blastoise|atk|2
|-boost|p2a: Blastoise|spa|2
|-boost|p2a: Blastoise|spe|2
|-enditem|p2a: Blastoise|White Herb
|-clearnegativeboost|p2a: Blastoise|[silent]
|move|p1a: Enamorus|Moonblast|p2a: Blastoise
|-damage|p2a: Blastoise|41/100
|
|upkeep
|turn|18
|
|t:|1743798919
|move|p2a: Blastoise|Ice Beam|p1a: Enamorus
|-supereffective|p1a: Enamorus
|-damage|p1a: Enamorus|1/100
|move|p1a: Enamorus|Moonblast|p2a: Blastoise
|-damage|p2a: Blastoise|0 fnt
|faint|p2a: Blastoise
|
|-heal|p1a: Enamorus|7/100|[from] item: Leftovers
|upkeep
|
|t:|1743798927
|switch|p2a: Zarude|Zarude|100/100
|turn|19
|
|t:|1743798940
|move|p2a: Zarude|Knock Off|p1a: Enamorus
|-resisted|p1a: Enamorus
|-damage|p1a: Enamorus|0 fnt
|-enditem|p1a: Enamorus|Leftovers|[from] move: Knock Off|[of] p2a: Zarude
|faint|p1a: Enamorus
|
|upkeep
|
|t:|1743798952
|switch|p1a: Brute Bonnet|Brute Bonnet|57/100
|-damage|p1a: Brute Bonnet|45/100|[from] Stealth Rock
|-damage|p1a: Brute Bonnet|28/100|[from] Spikes
|turn|20
|
|t:|1743798960
|-terastallize|p2a: Zarude|Dark
|move|p2a: Zarude|Knock Off|p1a: Brute Bonnet
|-resisted|p1a: Brute Bonnet
|-damage|p1a: Brute Bonnet|0 fnt
|-enditem|p1a: Brute Bonnet|Life Orb|[from] move: Knock Off|[of] p2a: Zarude
|faint|p1a: Brute Bonnet
|-end|p1a: Brute Bonnet|Protosynthesis|[silent]
|
|upkeep
|
|t:|1743798965
|switch|p1a: Braviary|Braviary-Hisui, M, tera:Psychic|57/100
|-damage|p1a: Braviary|45/100|[from] Stealth Rock
|-damage|p1a: Braviary|28/100|[from] Spikes
|turn|21
|
|t:|1743798969
|move|p1a: Braviary|Vacuum Wave|p2a: Zarude
|-supereffective|p2a: Zarude
|-damage|p2a: Zarude|63/100
|-damage|p1a: Braviary|18/100|[from] item: Life Orb
|move|p2a: Zarude|Knock Off|p1a: Braviary
|-supereffective|p1a: Braviary
|-damage|p1a: Braviary|0 fnt
|-enditem|p1a: Braviary|Life Orb|[from] move: Knock Off|[of] p2a: Zarude
|faint|p1a: Braviary
|
|win|kate10956
|raw|XIXINANA's rating: 1367 &rarr; <strong>1345</strong><br />(-22 for losing)
|raw|kate10956's rating: 1326 &rarr; <strong>1348</strong><br />(+22 for winning)
|l|‽XIXINANA
|player|p1|
|l|☆kate10956
|player|p2|
