|j|☆rei husabnd
|j|☆Confettimaker
|t:|1743801960
|gametype|singles
|player|p1|rei husabnd|erika-masters|1411
|player|p2|Confettimaker|volkner|1366
|teamsize|p1|6
|teamsize|p2|6
|gen|9
|tier|[Gen 9] OU
|rated|
|rule|HP Percentage Mod: HP is shown in percentages
|rule|Endless Battle Clause: Forcing endless battles is banned
|rule|Species Clause: Limit one of each Pokémon
|rule|OHKO Clause: OHKO moves are banned
|rule|Evasion Items Clause: Evasion items are banned
|rule|Evasion Moves Clause: Evasion moves are banned
|rule|Sleep Moves Clause: Sleep-inducing moves are banned
|clearpoke
|poke|p1|Gholdengo|
|poke|p1|Samurott-Hisui, F|
|poke|p1|Great Tusk|
|poke|p1|Iron Valiant|
|poke|p1|Slowking-Galar, M|
|poke|p1|Ogerpon-Wellspring, F|
|poke|p2|Slowking-Galar, F|
|poke|p2|Landorus-Therian, M|
|poke|p2|Kyurem|
|poke|p2|Iron Valiant|
|poke|p2|Cinderace, F|
|poke|p2|Kingambit, F|
|teampreview
|inactive|Battle timer is ON: inactive players will automatically lose when time's up. (requested by Confettimaker)
|inactive|Confettimaker has 120 seconds left.
|
|t:|1743802017
|start
|switch|p1a: Great Tusk|Great Tusk|100/100
|switch|p2a: Slowking|Slowking-Galar, F|100/100
|turn|1
|inactive|Confettimaker has 120 seconds left.
|
|t:|1743802062
|move|p1a: Great Tusk|Stealth Rock|p2a: Slowking
|-sidestart|p2: Confettimaker|move: Stealth Rock
|-prepare|p2a: Slowking|Chilly Reception|[premajor]
|move|p2a: Slowking|Chilly Reception|p2a: Slowking
|-weather|Snowscape
|
|t:|1743802077
|switch|p2a: Cinderace|Cinderace, F|100/100|[from] Chilly Reception
|
|-weather|Snowscape|[upkeep]
|upkeep
|turn|2
|
|t:|1743802085
|move|p2a: Cinderace|Will-O-Wisp|p1a: Great Tusk
|-status|p1a: Great Tusk|brn
|move|p1a: Great Tusk|Stealth Rock||[still]
|-fail|p1a: Great Tusk
|
|-weather|Snowscape|[upkeep]
|-damage|p1a: Great Tusk|94/100 brn|[from] brn
|upkeep
|turn|3
|
|t:|1743802106
|move|p2a: Cinderace|Pyro Ball|p1a: Great Tusk
|-damage|p1a: Great Tusk|58/100 brn
|move|p1a: Great Tusk|Rapid Spin|p2a: Cinderace
|-damage|p2a: Cinderace|91/100
|-boost|p1a: Great Tusk|spe|1
|
|-weather|Snowscape|[upkeep]
|-heal|p1a: Great Tusk|64/100 brn|[from] item: Leftovers
|-damage|p1a: Great Tusk|58/100 brn|[from] brn
|upkeep
|turn|4
|
|t:|1743802117
|move|p1a: Great Tusk|Headlong Rush|p2a: Cinderace
|-supereffective|p2a: Cinderace
|-damage|p2a: Cinderace|12/100
|-unboost|p1a: Great Tusk|def|1
|-unboost|p1a: Great Tusk|spd|1
|move|p2a: Cinderace|U-turn|p1a: Great Tusk
|-start|p2a: Cinderace|typechange|Bug|[from] ability: Libero
|-resisted|p1a: Great Tusk
|-damage|p1a: Great Tusk|43/100 brn
|inactive|Confettimaker has 90 seconds left.
|
|t:|1743802132
|switch|p2a: Kyurem|Kyurem|100/100|[from] U-turn
|-damage|p2a: Kyurem|76/100|[from] Stealth Rock
|-ability|p2a: Kyurem|Pressure
|
|-weather|Snowscape|[upkeep]
|-heal|p1a: Great Tusk|49/100 brn|[from] item: Leftovers
|-damage|p1a: Great Tusk|43/100 brn|[from] brn
|upkeep
|turn|5
|inactive|Confettimaker has 90 seconds left.
|
|t:|1743802151
|-end|p1a: Great Tusk|Protosynthesis|[silent]
|switch|p1a: Gholdengo|Gholdengo|100/100
|-item|p1a: Gholdengo|Air Balloon
|move|p2a: Kyurem|Blizzard|p1a: Gholdengo
|-resisted|p1a: Gholdengo
|-damage|p1a: Gholdengo|55/100
|-enditem|p1a: Gholdengo|Air Balloon
|
|-weather|none
|upkeep
|turn|6
|inactive|Confettimaker has 90 seconds left.
|
|t:|1743802172
|switch|p2a: Kingambit|Kingambit, F|100/100
|-damage|p2a: Kingambit|94/100|[from] Stealth Rock
|move|p1a: Gholdengo|Recover|p1a: Gholdengo
|-heal|p1a: Gholdengo|100/100
|
|-heal|p2a: Kingambit|100/100|[from] item: Leftovers
|upkeep
|turn|7
|inactive|rei husabnd has 120 seconds left.
|
|t:|1743802200
|switch|p1a: Samurott|Samurott-Hisui, F|100/100
|move|p2a: Kingambit|Kowtow Cleave|p1a: Samurott
|-resisted|p1a: Samurott
|-damage|p1a: Samurott|68/100
|
|upkeep
|turn|8
|inactive|rei husabnd has 120 seconds left.
|inactive|Confettimaker has 60 seconds left.
|
|t:|1743802233
|move|p1a: Samurott|Ceaseless Edge|p2a: Kingambit
|-resisted|p2a: Kingambit
|-damage|p2a: Kingambit|83/100
|-sidestart|p2: Confettimaker|Spikes
|move|p2a: Kingambit|Kowtow Cleave|p1a: Samurott
|-resisted|p1a: Samurott
|-damage|p1a: Samurott|36/100
|
|-heal|p2a: Kingambit|90/100|[from] item: Leftovers
|upkeep
|turn|9
|
|t:|1743802248
|-end|p2a: Kingambit|fallenundefined|[silent]
|switch|p2a: Landorus|Landorus-Therian, M|100/100
|-damage|p2a: Landorus|88/100|[from] Stealth Rock
|-ability|p2a: Landorus|Intimidate|boost
|-unboost|p1a: Samurott|atk|1
|move|p1a: Samurott|Sacred Sword|p2a: Landorus
|-resisted|p2a: Landorus
|-damage|p2a: Landorus|76/100
|-damage|p1a: Samurott|20/100|[from] item: Rocky Helmet|[of] p2a: Landorus
|
|upkeep
|turn|10
|
|t:|1743802259
|move|p2a: Landorus|U-turn|p1a: Samurott
|-supereffective|p1a: Samurott
|-damage|p1a: Samurott|0 fnt
|faint|p1a: Samurott
|
|t:|1743802266
|switch|p2a: Cinderace|Cinderace, F|12/100|[from] U-turn
|
|upkeep
|
|t:|1743802279
|switch|p1a: Iron Valiant|Iron Valiant|100/100
|turn|11
|inactive|Confettimaker has 60 seconds left.
|
|t:|1743802292
|switch|p2a: Landorus|Landorus-Therian, M|76/100
|-damage|p2a: Landorus|63/100|[from] Stealth Rock
|-ability|p2a: Landorus|Intimidate|boost
|-unboost|p1a: Iron Valiant|atk|1
|move|p1a: Iron Valiant|Moonblast|p2a: Landorus
|-damage|p2a: Landorus|0 fnt
|faint|p2a: Landorus
|
|upkeep
|inactive|Confettimaker has 60 seconds left.
|
|t:|1743802304
|switch|p2a: Slowking|Slowking-Galar, F|100/100
|turn|12
|inactive|Confettimaker has 60 seconds left.
|
|t:|1743802314
|-end|p1a: Iron Valiant|Quark Drive|[silent]
|switch|p1a: Great Tusk|Great Tusk|43/100 brn
|move|p2a: Slowking|Future Sight|p1a: Great Tusk
|-start|p2a: Slowking|move: Future Sight
|
|-heal|p1a: Great Tusk|49/100 brn|[from] item: Leftovers
|-damage|p1a: Great Tusk|43/100 brn|[from] brn
|upkeep
|turn|13
|
|t:|1743802323
|move|p1a: Great Tusk|Headlong Rush|p2a: Slowking
|-supereffective|p2a: Slowking
|-damage|p2a: Slowking|43/100
|-unboost|p1a: Great Tusk|def|1
|-unboost|p1a: Great Tusk|spd|1
|-prepare|p2a: Slowking|Chilly Reception|[premajor]
|move|p2a: Slowking|Chilly Reception|p2a: Slowking
|-weather|Snowscape
|
|t:|1743802331
|switch|p2a: Cinderace|Cinderace, F|12/100|[from] Chilly Reception
|
|-weather|Snowscape|[upkeep]
|-heal|p1a: Great Tusk|49/100 brn|[from] item: Leftovers
|-damage|p1a: Great Tusk|43/100 brn|[from] brn
|upkeep
|turn|14
|
|t:|1743802341
|move|p2a: Cinderace|Pyro Ball|p1a: Great Tusk
|-damage|p1a: Great Tusk|0 fnt
|faint|p1a: Great Tusk
|-end|p1a: Great Tusk|Protosynthesis|[silent]
|
|-weather|Snowscape|[upkeep]
|-hint|Future Sight did not hit because the target is fainted.
|upkeep
|
|t:|1743802344
|switch|p1a: Iron Valiant|Iron Valiant|100/100
|turn|15
|
|t:|1743802365
|switch|p2a: Slowking|Slowking-Galar, F|76/100
|move|p1a: Iron Valiant|Knock Off|p2a: Slowking
|-supereffective|p2a: Slowking
|-damage|p2a: Slowking|17/100
|-enditem|p2a: Slowking|Heavy-Duty Boots|[from] move: Knock Off|[of] p1a: Iron Valiant
|
|-weather|Snowscape|[upkeep]
|upkeep
|turn|16
|inactive|Confettimaker has 60 seconds left.
|
|t:|1743802380
|switch|p2a: Iron Valiant|Iron Valiant|100/100
|-damage|p2a: Iron Valiant|94/100|[from] Stealth Rock
|-damage|p2a: Iron Valiant|82/100|[from] Spikes
|-enditem|p2a: Iron Valiant|Booster Energy
|-activate|p2a: Iron Valiant|ability: Quark Drive|[fromitem]
|-start|p2a: Iron Valiant|quarkdrivespe
|move|p1a: Iron Valiant|Knock Off|p2a: Iron Valiant
|-resisted|p2a: Iron Valiant
|-damage|p2a: Iron Valiant|76/100
|
|-weather|Snowscape|[upkeep]
|upkeep
|turn|17
|inactive|Confettimaker has 60 seconds left.
|
|t:|1743802420
|-end|p1a: Iron Valiant|Quark Drive|[silent]
|switch|p1a: Slowking|Slowking-Galar, M|100/100
|move|p2a: Iron Valiant|Encore||[still]
|-fail|p2a: Iron Valiant
|
|-weather|none
|upkeep
|turn|18
|
|t:|1743802433
|-end|p2a: Iron Valiant|Quark Drive|[silent]
|switch|p2a: Slowking|Slowking-Galar, F|50/100
|-damage|p2a: Slowking|38/100|[from] Stealth Rock
|-damage|p2a: Slowking|25/100|[from] Spikes
|move|p1a: Slowking|Thunder Wave|p2a: Slowking
|-status|p2a: Slowking|par
|
|upkeep
|turn|19
|inactive|Confettimaker has 30 seconds left.
|
|t:|1743802458
|-prepare|p1a: Slowking|Chilly Reception|[premajor]
|move|p1a: Slowking|Chilly Reception|p1a: Slowking
|-weather|Snowscape
|
|t:|1743802462
|switch|p1a: Iron Valiant|Iron Valiant|100/100|[from] Chilly Reception
|cant|p2a: Slowking|par
|
|-weather|Snowscape|[upkeep]
|upkeep
|turn|20
|
|t:|1743802472
|move|p1a: Iron Valiant|Moonblast|p2a: Slowking
|-resisted|p2a: Slowking
|-damage|p2a: Slowking|6/100 par
|move|p2a: Slowking|Future Sight|p1a: Iron Valiant
|-start|p2a: Slowking|move: Future Sight
|
|-weather|Snowscape|[upkeep]
|upkeep
|turn|21
|
|t:|1743802489
|move|p1a: Iron Valiant|Moonblast|p2a: Slowking
|-resisted|p2a: Slowking
|-damage|p2a: Slowking|0 fnt
|faint|p2a: Slowking
|
|-weather|Snowscape|[upkeep]
|upkeep
|inactive|Confettimaker has 30 seconds left.
|
|t:|1743802505
|switch|p2a: Kingambit|Kingambit, F|90/100
|-damage|p2a: Kingambit|83/100|[from] Stealth Rock
|-damage|p2a: Kingambit|71/100|[from] Spikes
|-activate|p2a: Kingambit|ability: Supreme Overlord
|-start|p2a: Kingambit|fallen2|[silent]
|turn|22
|inactive|Confettimaker has 30 seconds left.
|inactive|Confettimaker has 20 seconds left.
|
|t:|1743802528
|move|p1a: Iron Valiant|Moonblast|p2a: Kingambit
|-damage|p2a: Kingambit|0 fnt
|faint|p2a: Kingambit
|-end|p2a: Kingambit|fallen2|[silent]
|
|-weather|Snowscape|[upkeep]
|-end|p1a: Iron Valiant|move: Future Sight
|-supereffective|p1a: Iron Valiant
|-damage|p1a: Iron Valiant|0 fnt
|faint|p1a: Iron Valiant
|-end|p1a: Iron Valiant|Quark Drive|[silent]
|upkeep
|inactive|Confettimaker has 30 seconds left this turn.
|inactive|Confettimaker has 20 seconds left.
|
|t:|1743802539
|switch|p1a: Ogerpon|Ogerpon-Wellspring, F|100/100
|switch|p2a: Cinderace|Cinderace, F|12/100
|turn|23
|inactive|Confettimaker has 30 seconds left this turn.
|inactive|rei husabnd has 120 seconds left.
|
|t:|1743802561
|-terastallize|p1a: Ogerpon|Water
|detailschange|p1a: Ogerpon|Ogerpon-Wellspring-Tera, F, tera:Water
|-ability|p1a: Ogerpon|Embody Aspect (Wellspring)|boost
|-boost|p1a: Ogerpon|spd|1
|move|p2a: Cinderace|Court Change|p2a: Cinderace
|-start|p2a: Cinderace|typechange|Normal|[from] ability: Libero
|-swapsideconditions
|-activate|p2a: Cinderace|move: Court Change
|move|p1a: Ogerpon|Swords Dance|p1a: Ogerpon
|-boost|p1a: Ogerpon|atk|2
|
|-weather|none
|upkeep
|turn|24
|inactive|Confettimaker has 30 seconds left.
|inactive|rei husabnd has 120 seconds left.
|
|t:|1743802572
|move|p2a: Cinderace|Will-O-Wisp|p1a: Ogerpon
|-status|p1a: Ogerpon|brn
|move|p1a: Ogerpon|Horn Leech|p2a: Cinderace
|-damage|p2a: Cinderace|0 fnt
|faint|p2a: Cinderace
|
|-damage|p1a: Ogerpon|95/100 brn|[from] brn
|upkeep
|inactive|Confettimaker has 30 seconds left this turn.
|inactive|Confettimaker has 20 seconds left.
|inactive|Confettimaker has 15 seconds left.
|inactive|Confettimaker has 10 seconds left.
|
|t:|1743802594
|switch|p2a: Iron Valiant|Iron Valiant|76/100
|turn|25
|inactive|Confettimaker has 20 seconds left this turn.
|inactive|Confettimaker has 15 seconds left.
|inactive|Confettimaker has 10 seconds left.
|
|t:|1743802607
|move|p2a: Iron Valiant|Close Combat|p1a: Ogerpon
|-crit|p1a: Ogerpon
|-damage|p1a: Ogerpon|0 fnt
|-unboost|p2a: Iron Valiant|def|1
|-unboost|p2a: Iron Valiant|spd|1
|faint|p1a: Ogerpon
|
|upkeep
|inactive|Confettimaker has 15 seconds left this turn.
|c|☆rei husabnd|lol?
|c|☆Confettimaker|Unfortunate lol
|
|t:|1743802618
|switch|p1a: Slowking|Slowking-Galar, M|100/100
|turn|26
|inactive|Confettimaker has 25 seconds left this turn.
|inactive|Confettimaker has 20 seconds left.
|
|t:|1743802627
|move|p2a: Iron Valiant|Knock Off|p1a: Slowking
|-supereffective|p1a: Slowking
|-damage|p1a: Slowking|41/100
|-enditem|p1a: Slowking|Heavy-Duty Boots|[from] move: Knock Off|[of] p2a: Iron Valiant
|move|p1a: Slowking|Thunder Wave|p2a: Iron Valiant
|-status|p2a: Iron Valiant|par
|
|upkeep
|turn|27
|inactive|Confettimaker has 30 seconds left this turn.
|
|t:|1743802634
|move|p2a: Iron Valiant|Knock Off|p1a: Slowking
|-supereffective|p1a: Slowking
|-damage|p1a: Slowking|4/100
|-prepare|p1a: Slowking|Chilly Reception|[premajor]
|move|p1a: Slowking|Chilly Reception|p1a: Slowking
|-weather|Snowscape
|inactive|Confettimaker has 30 seconds left this turn.
|
|t:|1743802636
|switch|p1a: Gholdengo|Gholdengo|100/100|[from] Chilly Reception
|-damage|p1a: Gholdengo|94/100|[from] Stealth Rock
|-damage|p1a: Gholdengo|82/100|[from] Spikes
|
|-weather|Snowscape|[upkeep]
|upkeep
|turn|28
|
|t:|1743802647
|move|p1a: Gholdengo|Shadow Ball|p2a: Iron Valiant
|-damage|p2a: Iron Valiant|0 fnt
|faint|p2a: Iron Valiant
|-end|p2a: Iron Valiant|Quark Drive|[silent]
|
|-weather|Snowscape|[upkeep]
|upkeep
|
|t:|1743802651
|switch|p2a: Kyurem|Kyurem|76/100
|-ability|p2a: Kyurem|Pressure
|turn|29
|
|t:|1743802657
|move|p2a: Kyurem|Earth Power|p1a: Gholdengo
|-supereffective|p1a: Gholdengo
|-damage|p1a: Gholdengo|0 fnt
|faint|p1a: Gholdengo
|
|-weather|Snowscape|[upkeep]
|upkeep
|c|☆Confettimaker|gg
|c|☆rei husabnd|i mean u played really well
|c|☆rei husabnd|ggs
|
|t:|1743802665
|switch|p1a: Slowking|Slowking-Galar, M|37/100
|-damage|p1a: Slowking|25/100|[from] Stealth Rock
|-damage|p1a: Slowking|12/100|[from] Spikes
|turn|30
|c|☆Confettimaker|Thanks, you too
|inactive|Confettimaker has 60 seconds left.
|
|t:|1743802670
|move|p2a: Kyurem|Earth Power|p1a: Slowking
|-supereffective|p1a: Slowking
|-crit|p1a: Slowking
|-damage|p1a: Slowking|0 fnt
|faint|p1a: Slowking
|
|win|Confettimaker
|raw|rei husabnd's rating: 1411 &rarr; <strong>1388</strong><br />(-23 for losing)
|raw|Confettimaker's rating: 1366 &rarr; <strong>1389</strong><br />(+23 for winning)
