|j|☆gaasss
|j|☆Luigitime4
|t:|1743917804
|gametype|singles
|player|p1|gaasss|nate|1218
|player|p2|Luigitime4|teamrocket|1270
|teamsize|p1|6
|teamsize|p2|6
|gen|9
|tier|[Gen 9] OU
|rated|
|rule|HP Percentage Mod: HP is shown in percentages
|rule|Endless Battle Clause: Forcing endless battles is banned
|rule|Species Clause: Limit one of each Pokémon
|rule|OHKO Clause: OHKO moves are banned
|rule|Evasion Items Clause: Evasion items are banned
|rule|Evasion Moves Clause: Evasion moves are banned
|rule|Sleep Moves Clause: Sleep-inducing moves are banned
|clearpoke
|poke|p1|Landorus-Therian, M|
|poke|p1|Dragonite, M|
|poke|p1|Dondozo, M|
|poke|p1|Ninetales-Alola, F|
|poke|p1|Iron Moth|
|poke|p1|Kingambit, F|
|poke|p2|Darkrai|
|poke|p2|Skeledirge, F|
|poke|p2|Corviknight, F|
|poke|p2|Rillaboom, F|
|poke|p2|Primarina, M|
|poke|p2|Garchomp, F|
|teampreview
|
|t:|1743917810
|start
|switch|p1a: Ninetales|Ninetales-Alola, F|100/100
|switch|p2a: Skeledirge|Skeledirge, F|100/100
|-weather|Snowscape|[from] ability: Snow Warning|[of] p1a: Ninetales
|turn|1
|inactive|Battle timer is ON: inactive players will automatically lose when time's up. (requested by gaasss)
|
|t:|1743917817
|move|p1a: Ninetales|Aurora Veil|p1a: Ninetales
|-sidestart|p1: gaasss|move: Aurora Veil
|move|p2a: Skeledirge|Torch Song|p1a: Ninetales
|-supereffective|p1a: Ninetales
|-crit|p1a: Ninetales
|-damage|p1a: Ninetales|0 fnt
|-boost|p2a: Skeledirge|spa|1
|faint|p1a: Ninetales
|
|-weather|Snowscape|[upkeep]
|upkeep
|
|t:|1743917824
|switch|p1a: Kingambit|Kingambit, F|100/100
|turn|2
|
|t:|1743917830
|-terastallize|p1a: Kingambit|Water
|move|p2a: Skeledirge|Will-O-Wisp|p1a: Kingambit
|-status|p1a: Kingambit|brn
|move|p1a: Kingambit|Swords Dance|p1a: Kingambit
|-boost|p1a: Kingambit|atk|2
|
|-weather|Snowscape|[upkeep]
|-damage|p1a: Kingambit|94/100 brn|[from] brn
|upkeep
|turn|3
|
|t:|1743917840
|move|p2a: Skeledirge|Hex|p1a: Kingambit
|-damage|p1a: Kingambit|59/100 brn
|move|p1a: Kingambit|Kowtow Cleave|p2a: Skeledirge
|-supereffective|p2a: Skeledirge
|-damage|p2a: Skeledirge|62/100
|
|-weather|Snowscape|[upkeep]
|-damage|p1a: Kingambit|53/100 brn|[from] brn
|upkeep
|turn|4
|inactive|Luigitime4 has 120 seconds left.
|
|t:|1743917872
|move|p1a: Kingambit|Sucker Punch|p2a: Skeledirge
|-supereffective|p2a: Skeledirge
|-damage|p2a: Skeledirge|29/100
|move|p2a: Skeledirge|Hex|p1a: Kingambit
|-damage|p1a: Kingambit|18/100 brn
|
|-weather|Snowscape|[upkeep]
|-damage|p1a: Kingambit|12/100 brn|[from] brn
|upkeep
|turn|5
|
|t:|1743917882
|move|p1a: Kingambit|Sucker Punch||[still]
|-fail|p1a: Kingambit
|move|p2a: Skeledirge|Slack Off|p2a: Skeledirge
|-heal|p2a: Skeledirge|79/100
|
|-weather|none
|-damage|p1a: Kingambit|6/100 brn|[from] brn
|upkeep
|turn|6
|
|t:|1743917892
|move|p2a: Skeledirge|Hex|p1a: Kingambit
|-damage|p1a: Kingambit|0 fnt
|faint|p1a: Kingambit
|
|upkeep
|
|t:|1743917898
|switch|p1a: Dondozo|Dondozo, M|100/100
|turn|7
|
|t:|1743917922
|switch|p2a: Rillaboom|Rillaboom, F|100/100
|-fieldstart|move: Grassy Terrain|[from] ability: Grassy Surge|[of] p2a: Rillaboom
|move|p1a: Dondozo|Earthquake|p2a: Rillaboom
|-resisted|p2a: Rillaboom
|-damage|p2a: Rillaboom|95/100
|
|-heal|p2a: Rillaboom|100/100|[from] Grassy Terrain
|upkeep
|turn|8
|
|t:|1743917931
|switch|p1a: Dragonite|Dragonite, M|100/100
|move|p2a: Rillaboom|Wood Hammer|p1a: Dragonite
|-resisted|p1a: Dragonite
|-damage|p1a: Dragonite|84/100
|-damage|p2a: Rillaboom|96/100|[from] Recoil
|
|-heal|p2a: Rillaboom|100/100|[from] Grassy Terrain
|-sideend|p1: gaasss|move: Aurora Veil
|upkeep
|turn|9
|
|t:|1743917940
|switch|p2a: Primarina|Primarina, M|100/100
|move|p1a: Dragonite|Dragon Dance|p1a: Dragonite
|-boost|p1a: Dragonite|atk|1
|-boost|p1a: Dragonite|spe|1
|
|upkeep
|turn|10
|
|t:|1743917951
|move|p1a: Dragonite|Extreme Speed|p2a: Primarina
|-damage|p2a: Primarina|40/100
|move|p2a: Primarina|Moonblast|p1a: Dragonite
|-supereffective|p1a: Dragonite
|-damage|p1a: Dragonite|0 fnt
|faint|p1a: Dragonite
|
|-heal|p2a: Primarina|46/100|[from] Grassy Terrain
|upkeep
|-message|gaasss forfeited.
|
|win|Luigitime4
|raw|gaasss's rating: 1218 &rarr; <strong>1197</strong><br />(-21 for losing)
|raw|Luigitime4's rating: 1270 &rarr; <strong>1291</strong><br />(+21 for winning)
|l|☆gaasss
|player|p1|
|l|☆Luigitime4
|player|p2|
