|j|☆bodilyse
|j|☆kittensnax
|t:|1743887946
|gametype|singles
|player|p1|bodilyse|blue|1185
|player|p2|kittensnax|pokekid|1249
|teamsize|p1|6
|teamsize|p2|6
|gen|9
|tier|[Gen 9] OU
|rated|
|rule|HP Percentage Mod: HP is shown in percentages
|rule|Endless Battle Clause: Forcing endless battles is banned
|rule|Species Clause: Limit one of each Pokémon
|rule|OHKO Clause: OHKO moves are banned
|rule|Evasion Items Clause: Evasion items are banned
|rule|Evasion Moves Clause: Evasion moves are banned
|rule|Sleep Moves Clause: Sleep-inducing moves are banned
|clearpoke
|poke|p1|Iron Moth|
|poke|p1|Kingambit, M|
|poke|p1|Iron Valiant|
|poke|p1|Rillaboom, M|
|poke|p1|Ogerpon-Cornerstone, F|
|poke|p1|Raging Bolt|
|poke|p2|Porygon2|
|poke|p2|Farigiraf, F|
|poke|p2|Dragonite, F|
|poke|p2|Primarina, F|
|poke|p2|Ursaluna, M|
|poke|p2|Meowscarada, M|
|teampreview
|inactive|Battle timer is ON: inactive players will automatically lose when time's up. (requested by bodilyse)
|c|☆bodilyse|glhf
|
|t:|1743887960
|start
|switch|p1a: Spirit Monger|Ogerpon-Cornerstone, F|100/100
|switch|p2a: FaRiGiЯaꟻ|Farigiraf, F, shiny|100/100
|turn|1
|inactive|bodilyse has 120 seconds left.
|c|☆kittensnax|Oh you too!
|inactive|bodilyse has 90 seconds left.
|inactive|bodilyse has 60 seconds left.
|
|t:|1743888053
|move|p1a: Spirit Monger|Spikes|p2a: FaRiGiЯaꟻ
|-sidestart|p2: kittensnax|Spikes
|move|p2a: FaRiGiЯaꟻ|Trick Room|p2a: FaRiGiЯaꟻ
|-fieldstart|move: Trick Room|[of] p2a: FaRiGiЯaꟻ
|
|upkeep
|turn|2
|
|t:|1743888061
|move|p2a: FaRiGiЯaꟻ|Nasty Plot|p2a: FaRiGiЯaꟻ
|-boost|p2a: FaRiGiЯaꟻ|spa|2
|move|p1a: Spirit Monger|Power Whip|p2a: FaRiGiЯaꟻ
|-damage|p2a: FaRiGiЯaꟻ|29/100
|
|upkeep
|turn|3
|
|t:|1743888070
|move|p2a: FaRiGiЯaꟻ|Psyshock|p1a: Spirit Monger
|-ability|p1a: Spirit Monger|Sturdy
|-damage|p1a: Spirit Monger|1/100
|move|p1a: Spirit Monger|Ivy Cudgel|p2a: FaRiGiЯaꟻ|[anim] Ivy Cudgel Rock
|-damage|p2a: FaRiGiЯaꟻ|0 fnt
|faint|p2a: FaRiGiЯaꟻ
|
|upkeep
|
|t:|1743888079
|switch|p2a: Ursaluna|Ursaluna, M|100/100
|-damage|p2a: Ursaluna|88/100|[from] Spikes
|turn|4
|
|t:|1743888089
|move|p2a: Ursaluna|Drain Punch|p1a: Spirit Monger
|-supereffective|p1a: Spirit Monger
|-damage|p1a: Spirit Monger|0 fnt
|-heal|p2a: Ursaluna|88/100|[from] drain|[of] p1a: Spirit Monger
|faint|p1a: Spirit Monger
|
|-status|p2a: Ursaluna|brn|[from] item: Flame Orb
|upkeep
|
|t:|1743888095
|switch|p1a: Kong|Rillaboom, M, shiny|100/100
|-fieldstart|move: Grassy Terrain|[from] ability: Grassy Surge|[of] p1a: Kong
|turn|5
|
|t:|1743888108
|-terastallize|p2a: Ursaluna|Normal
|move|p1a: Kong|Grassy Glide|p2a: Ursaluna
|-damage|p2a: Ursaluna|48/100 brn
|move|p2a: Ursaluna|Facade|p1a: Kong
|-damage|p1a: Kong|0 fnt
|faint|p1a: Kong
|
|-heal|p2a: Ursaluna|55/100 brn|[from] Grassy Terrain
|-damage|p2a: Ursaluna|48/100 brn|[from] brn
|-fieldend|move: Trick Room
|upkeep
|inactive|bodilyse has 90 seconds left.
|
|t:|1743888125
|switch|p1a: Calamity|Iron Valiant, shiny|100/100
|-enditem|p1a: Calamity|Booster Energy
|-activate|p1a: Calamity|ability: Quark Drive|[fromitem]
|-start|p1a: Calamity|quarkdrivespe
|turn|6
|
|t:|1743888131
|-terastallize|p1a: Calamity|Ghost
|move|p1a: Calamity|Substitute|p1a: Calamity
|-start|p1a: Calamity|Substitute
|-damage|p1a: Calamity|76/100
|move|p2a: Ursaluna|Facade|p1a: Calamity
|-immune|p1a: Calamity
|
|-heal|p1a: Calamity|82/100|[from] Grassy Terrain
|-heal|p2a: Ursaluna|55/100 brn|[from] Grassy Terrain
|-damage|p2a: Ursaluna|48/100 brn|[from] brn
|upkeep
|turn|7
|inactive|bodilyse has 90 seconds left.
|
|t:|1743888137
|move|p1a: Calamity|Moonblast|p2a: Ursaluna
|-damage|p2a: Ursaluna|6/100 brn
|move|p2a: Ursaluna|Earthquake|p1a: Calamity
|-crit|p1a: Calamity
|-end|p1a: Calamity|Substitute
|
|-heal|p1a: Calamity|88/100|[from] Grassy Terrain
|-heal|p2a: Ursaluna|12/100 brn|[from] Grassy Terrain
|-damage|p2a: Ursaluna|6/100 brn|[from] brn
|upkeep
|turn|8
|
|t:|1743888145
|move|p1a: Calamity|Moonblast|p2a: Ursaluna
|-damage|p2a: Ursaluna|0 fnt
|faint|p2a: Ursaluna
|
|-heal|p1a: Calamity|94/100|[from] Grassy Terrain
|upkeep
|
|t:|1743888148
|switch|p2a: Primarina|Primarina, F|100/100
|-damage|p2a: Primarina|88/100|[from] Spikes
|turn|9
|
|t:|1743888153
|move|p1a: Calamity|Calm Mind|p1a: Calamity
|-boost|p1a: Calamity|spa|1
|-boost|p1a: Calamity|spd|1
|move|p2a: Primarina|Psychic Noise|p1a: Calamity
|-damage|p1a: Calamity|47/100
|-start|p1a: Calamity|move: Heal Block
|
|-heal|p2a: Primarina|94/100|[from] Grassy Terrain
|-fieldend|move: Grassy Terrain
|upkeep
|turn|10
|
|t:|1743888167
|move|p1a: Calamity|Calm Mind|p1a: Calamity
|-boost|p1a: Calamity|spa|1
|-boost|p1a: Calamity|spd|1
|move|p2a: Primarina|Psychic Noise|p1a: Calamity
|-damage|p1a: Calamity|11/100
|
|-end|p1a: Calamity|move: Heal Block
|upkeep
|turn|11
|inactive|bodilyse has 120 seconds left.
|
|t:|1743888178
|move|p1a: Calamity|Shadow Ball|p2a: Primarina
|-damage|p2a: Primarina|43/100
|move|p2a: Primarina|Draining Kiss|p1a: Calamity
|-damage|p1a: Calamity|0 fnt
|-heal|p2a: Primarina|51/100|[from] drain|[of] p1a: Calamity
|faint|p1a: Calamity
|-end|p1a: Calamity|Quark Drive|[silent]
|
|upkeep
|inactive|bodilyse has 120 seconds left.
|
|t:|1743888189
|switch|p1a: Symbolism|Iron Moth, shiny|100/100
|-enditem|p1a: Symbolism|Booster Energy
|-activate|p1a: Symbolism|ability: Quark Drive|[fromitem]
|-start|p1a: Symbolism|quarkdrivespe
|turn|12
|
|t:|1743888196
|move|p1a: Symbolism|Sludge Wave|p2a: Primarina
|-supereffective|p2a: Primarina
|-damage|p2a: Primarina|0 fnt
|faint|p2a: Primarina
|
|upkeep
|
|t:|1743888202
|switch|p2a: Porygambling2|Porygon2|100/100
|-damage|p2a: Porygambling2|88/100|[from] Spikes
|-ability|p2a: Porygambling2|Download|boost
|-boost|p2a: Porygambling2|atk|1
|turn|13
|
|t:|1743888217
|move|p1a: Symbolism|Substitute|p1a: Symbolism
|-start|p1a: Symbolism|Substitute
|-damage|p1a: Symbolism|76/100
|move|p2a: Porygambling2|Tera Blast|p1a: Symbolism
|-end|p1a: Symbolism|Substitute
|
|upkeep
|turn|14
|
|t:|1743888225
|move|p1a: Symbolism|Fiery Dance|p2a: Porygambling2
|-damage|p2a: Porygambling2|63/100
|-boost|p1a: Symbolism|spa|1
|move|p2a: Porygambling2|Tera Blast|p1a: Symbolism
|-damage|p1a: Symbolism|37/100
|
|upkeep
|turn|15
|inactive|bodilyse has 120 seconds left.
|
|t:|1743888252
|move|p1a: Symbolism|Fiery Dance|p2a: Porygambling2
|-damage|p2a: Porygambling2|25/100
|move|p2a: Porygambling2|Tera Blast|p1a: Symbolism
|-damage|p1a: Symbolism|0 fnt
|faint|p1a: Symbolism
|-end|p1a: Symbolism|Quark Drive|[silent]
|
|upkeep
|inactive|bodilyse has 120 seconds left.
|
|t:|1743888274
|switch|p1a: Byakko|Raging Bolt|100/100
|-enditem|p1a: Byakko|Booster Energy
|-activate|p1a: Byakko|ability: Protosynthesis|[fromitem]
|-start|p1a: Byakko|protosynthesisspa
|turn|16
|
|t:|1743888279
|move|p1a: Byakko|Calm Mind|p1a: Byakko
|-boost|p1a: Byakko|spa|1
|-boost|p1a: Byakko|spd|1
|move|p2a: Porygambling2|Ice Beam|p1a: Byakko
|-supereffective|p1a: Byakko
|-damage|p1a: Byakko|62/100
|
|upkeep
|turn|17
|
|t:|1743888286
|move|p1a: Byakko|Thunderclap|p2a: Porygambling2
|-damage|p2a: Porygambling2|0 fnt
|faint|p2a: Porygambling2
|
|upkeep
|
|t:|1743888290
|switch|p2a: Meowscarada|Meowscarada, M|100/100
|-damage|p2a: Meowscarada|88/100|[from] Spikes
|turn|18
|
|t:|1743888302
|move|p1a: Byakko|Thunderclap|p2a: Meowscarada
|-resisted|p2a: Meowscarada
|-damage|p2a: Meowscarada|26/100
|move|p2a: Meowscarada|Knock Off|p1a: Byakko
|-damage|p1a: Byakko|23/100
|-damage|p2a: Meowscarada|17/100|[from] item: Life Orb
|
|upkeep
|turn|19
|
|t:|1743888311
|move|p1a: Byakko|Thunderclap||[still]
|-fail|p1a: Byakko
|move|p2a: Meowscarada|Skill Swap||[still]
|-fail|p2a: Meowscarada
|
|upkeep
|turn|20
|
|t:|1743888334
|move|p1a: Byakko|Thunderclap||[still]
|-fail|p1a: Byakko
|move|p2a: Meowscarada|Taunt|p1a: Byakko
|-start|p1a: Byakko|move: Taunt
|
|upkeep
|turn|21
|
|t:|1743888346
|move|p1a: Byakko|Thunderclap|p2a: Meowscarada
|-resisted|p2a: Meowscarada
|-damage|p2a: Meowscarada|0 fnt
|faint|p2a: Meowscarada
|
|upkeep
|
|t:|1743888347
|switch|p2a: Dragonite|Dragonite, F|100/100
|turn|22
|
|t:|1743888353
|move|p2a: Dragonite|Extreme Speed|p1a: Byakko
|-damage|p1a: Byakko|0 fnt
|faint|p1a: Byakko
|-end|p1a: Byakko|Protosynthesis|[silent]
|
|upkeep
|
|t:|1743888355
|switch|p1a: Overgod|Kingambit, M, shiny|100/100
|-activate|p1a: Overgod|ability: Supreme Overlord
|-start|p1a: Overgod|fallen5|[silent]
|turn|23
|
|t:|1743888359
|move|p1a: Overgod|Sucker Punch|p2a: Dragonite
|-damage|p2a: Dragonite|73/100
|move|p2a: Dragonite|Low Kick|p1a: Overgod
|-supereffective|p1a: Overgod
|-damage|p1a: Overgod|0 fnt
|faint|p1a: Overgod
|-end|p1a: Overgod|fallen5|[silent]
|
|win|kittensnax
|raw|bodilyse's rating: 1185 &rarr; <strong>1165</strong><br />(-20 for losing)
|raw|kittensnax's rating: 1249 &rarr; <strong>1269</strong><br />(+20 for winning)
|c|☆bodilyse|gg
|c|☆kittensnax|Gg
|l|☆bodilyse
|player|p1|
|l|☆kittensnax
|player|p2|
