|j|☆YFN Ghetsis
|j|☆stevstacks
|t:|1743877995
|gametype|singles
|player|p1|YFN Ghetsis|266|1545
|player|p2|stevstacks|2|1601
|teamsize|p1|6
|teamsize|p2|6
|gen|9
|tier|[Gen 9] OU
|rated|
|rule|HP Percentage Mod: HP is shown in percentages
|rule|Endless Battle Clause: Forcing endless battles is banned
|rule|Species Clause: Limit one of each Pokémon
|rule|OHKO Clause: OHKO moves are banned
|rule|Evasion Items Clause: Evasion items are banned
|rule|Evasion Moves Clause: Evasion moves are banned
|rule|Sleep Moves Clause: Sleep-inducing moves are banned
|clearpoke
|poke|p1|Iron Boulder|
|poke|p1|Raging Bolt|
|poke|p1|Araquanid, F|
|poke|p1|Gholdengo|
|poke|p1|Great Tusk|
|poke|p1|Blaziken, F|
|poke|p2|Kyurem|
|poke|p2|Dragapult, M|
|poke|p2|Iron Treads|
|poke|p2|Corviknight, M|
|poke|p2|Primarina, F|
|poke|p2|Iron Valiant|
|teampreview
|inactive|Battle timer is ON: inactive players will automatically lose when time's up. (requested by stevstacks)
|inactive|YFN Ghetsis has 120 seconds left.
|inactive|stevstacks has 120 seconds left.
|inactive|YFN Ghetsis has 90 seconds left.
|inactive|stevstacks has 90 seconds left.
|inactive|stevstacks has 60 seconds left.
|
|t:|1743878100
|start
|switch|p1a: Araquanid|Araquanid, F|100/100
|switch|p2a: Corviknight|Corviknight, M|100/100
|-ability|p2a: Corviknight|Pressure
|turn|1
|
|t:|1743878114
|switch|p1a: Raging Bolt|Raging Bolt|100/100
|-enditem|p1a: Raging Bolt|Booster Energy
|-activate|p1a: Raging Bolt|ability: Protosynthesis|[fromitem]
|-start|p1a: Raging Bolt|protosynthesisspa
|move|p2a: Corviknight|Brave Bird|p1a: Raging Bolt
|-resisted|p1a: Raging Bolt
|-damage|p1a: Raging Bolt|84/100
|-damage|p2a: Corviknight|95/100|[from] Recoil
|
|upkeep
|turn|2
|
|t:|1743878126
|switch|p2a: Iron Treads|Iron Treads|100/100
|-enditem|p2a: Iron Treads|Booster Energy
|-activate|p2a: Iron Treads|ability: Quark Drive|[fromitem]
|-start|p2a: Iron Treads|quarkdrivespe
|move|p1a: Raging Bolt|Draco Meteor|p2a: Iron Treads
|-resisted|p2a: Iron Treads
|-damage|p2a: Iron Treads|34/100
|-unboost|p1a: Raging Bolt|spa|2
|
|upkeep
|turn|3
|
|t:|1743878139
|-end|p2a: Iron Treads|Quark Drive|[silent]
|switch|p2a: Corviknight|Corviknight, M|95/100
|-ability|p2a: Corviknight|Pressure
|-end|p1a: Raging Bolt|Protosynthesis|[silent]
|switch|p1a: Araquanid|Araquanid, F|100/100
|
|upkeep
|turn|4
|
|t:|1743878148
|switch|p1a: Raging Bolt|Raging Bolt|84/100
|move|p2a: Corviknight|U-turn|p1a: Raging Bolt
|-damage|p1a: Raging Bolt|71/100
|
|t:|1743878152
|switch|p2a: Iron Treads|Iron Treads|34/100|[from] U-turn
|
|upkeep
|turn|5
|
|t:|1743878156
|-end|p1a: Raging Bolt|Protosynthesis|[silent]
|switch|p1a: Araquanid|Araquanid, F|100/100
|move|p2a: Iron Treads|Earthquake|p1a: Araquanid
|-resisted|p1a: Araquanid
|-damage|p1a: Araquanid|76/100
|
|upkeep
|turn|6
|
|t:|1743878164
|-end|p2a: Iron Treads|Quark Drive|[silent]
|switch|p2a: Corviknight|Corviknight, M|95/100
|-ability|p2a: Corviknight|Pressure
|move|p1a: Araquanid|Sticky Web|p2a: Corviknight
|-sidestart|p2: stevstacks|move: Sticky Web
|
|upkeep
|turn|7
|
|t:|1743878187
|switch|p1a: Raging Bolt|Raging Bolt|71/100
|move|p2a: Corviknight|Defog|p1a: Raging Bolt
|-unboost|p1a: Raging Bolt|evasion|1
|-sideend|p2: stevstacks|Sticky Web|[from] move: Defog|[of] p2a: Corviknight
|
|upkeep
|turn|8
|
|t:|1743878197
|move|p1a: Raging Bolt|Draco Meteor|p2a: Corviknight
|-resisted|p2a: Corviknight
|-damage|p2a: Corviknight|71/100
|-unboost|p1a: Raging Bolt|spa|2
|move|p2a: Corviknight|Roost|p2a: Corviknight
|-heal|p2a: Corviknight|100/100
|-singleturn|p2a: Corviknight|move: Roost
|
|upkeep
|turn|9
|
|t:|1743878213
|move|p1a: Raging Bolt|Thunderbolt|p2a: Corviknight
|-supereffective|p2a: Corviknight
|-damage|p2a: Corviknight|67/100
|move|p2a: Corviknight|U-turn|p1a: Raging Bolt
|-damage|p1a: Raging Bolt|57/100
|
|t:|1743878222
|switch|p2a: Iron Treads|Iron Treads|34/100|[from] U-turn
|
|upkeep
|turn|10
|
|t:|1743878227
|-end|p1a: Raging Bolt|Protosynthesis|[silent]
|switch|p1a: Araquanid|Araquanid, F|76/100
|move|p2a: Iron Treads|Stealth Rock|p1a: Araquanid
|-sidestart|p1: YFN Ghetsis|move: Stealth Rock
|
|upkeep
|turn|11
|
|t:|1743878232
|move|p2a: Iron Treads|Knock Off|p1a: Araquanid
|-damage|p1a: Araquanid|45/100
|-enditem|p1a: Araquanid|Custap Berry|[from] move: Knock Off|[of] p2a: Iron Treads
|move|p1a: Araquanid|Sticky Web|p2a: Iron Treads
|-sidestart|p2: stevstacks|move: Sticky Web
|
|upkeep
|turn|12
|
|t:|1743878251
|move|p2a: Iron Treads|Rapid Spin|p1a: Araquanid
|-damage|p1a: Araquanid|27/100
|-boost|p2a: Iron Treads|spe|1
|-sideend|p2: stevstacks|Sticky Web|[from] move: Rapid Spin|[of] p2a: Iron Treads
|move|p1a: Araquanid|Liquidation|p2a: Iron Treads
|-supereffective|p2a: Iron Treads
|-damage|p2a: Iron Treads|0 fnt
|faint|p2a: Iron Treads
|-end|p2a: Iron Treads|Quark Drive|[silent]
|
|upkeep
|
|t:|1743878276
|switch|p2a: Dragapult|Dragapult, M|100/100
|turn|13
|inactive|YFN Ghetsis has 120 seconds left.
|
|t:|1743878318
|move|p2a: Dragapult|U-turn|p1a: Araquanid
|-damage|p1a: Araquanid|0 fnt
|faint|p1a: Araquanid
|
|t:|1743878331
|switch|p2a: Kyurem|Kyurem|100/100|[from] U-turn
|-ability|p2a: Kyurem|Pressure
|
|upkeep
|
|t:|1743878358
|switch|p1a: Blaziken|Blaziken, F|100/100
|-damage|p1a: Blaziken|88/100|[from] Stealth Rock
|-item|p1a: Blaziken|Air Balloon
|turn|14
|
|t:|1743878369
|switch|p2a: Dragapult|Dragapult, M|100/100
|move|p1a: Blaziken|Swords Dance|p1a: Blaziken
|-boost|p1a: Blaziken|atk|2
|
|-ability|p1a: Blaziken|Speed Boost|boost
|-boost|p1a: Blaziken|spe|1
|upkeep
|turn|15
|
|t:|1743878377
|move|p1a: Blaziken|Protect|p1a: Blaziken
|-singleturn|p1a: Blaziken|Protect
|move|p2a: Dragapult|Dragon Darts|p1a: Blaziken
|-activate|p1a: Blaziken|move: Protect
|
|-ability|p1a: Blaziken|Speed Boost|boost
|-boost|p1a: Blaziken|spe|1
|upkeep
|turn|16
|
|t:|1743878391
|move|p1a: Blaziken|Flare Blitz|p2a: Dragapult
|-resisted|p2a: Dragapult
|-damage|p2a: Dragapult|10/100
|-damage|p1a: Blaziken|57/100|[from] Recoil
|move|p2a: Dragapult|Dragon Darts|p1a: Blaziken
|-damage|p1a: Blaziken|0 fnt
|-enditem|p1a: Blaziken|Air Balloon
|faint|p1a: Blaziken
|
|upkeep
|inactive|YFN Ghetsis has 90 seconds left.
|
|t:|1743878444
|switch|p1a: Raging Bolt|Raging Bolt|57/100
|-damage|p1a: Raging Bolt|45/100|[from] Stealth Rock
|turn|17
|inactive|YFN Ghetsis has 60 seconds left.
|inactive|stevstacks has 120 seconds left.
|inactive|YFN Ghetsis has 30 seconds left.
|j| ASilentKingambitX
|inactive|YFN Ghetsis has 20 seconds left.
|
|t:|1743878502
|switch|p2a: Iron Valiant|Iron Valiant|100/100
|-enditem|p2a: Iron Valiant|Booster Energy
|-activate|p2a: Iron Valiant|ability: Quark Drive|[fromitem]
|-start|p2a: Iron Valiant|quarkdrivespe
|-terastallize|p1a: Raging Bolt|Fairy
|move|p1a: Raging Bolt|Thunderbolt|p2a: Iron Valiant
|-damage|p2a: Iron Valiant|3/100
|-status|p2a: Iron Valiant|par
|
|upkeep
|turn|18
|inactive|YFN Ghetsis has 30 seconds left this turn.
|inactive|YFN Ghetsis has 20 seconds left.
|inactive|YFN Ghetsis has 15 seconds left.
|
|t:|1743878518
|move|p2a: Iron Valiant|Encore|p1a: Raging Bolt
|-start|p1a: Raging Bolt|Encore
|move|p1a: Raging Bolt|Thunderbolt|p2a: Iron Valiant
|-crit|p2a: Iron Valiant
|-damage|p2a: Iron Valiant|0 fnt
|faint|p2a: Iron Valiant
|-end|p2a: Iron Valiant|Quark Drive|[silent]
|
|upkeep
|inactive|YFN Ghetsis has 20 seconds left this turn.
|
|t:|1743878536
|switch|p2a: Kyurem|Kyurem|100/100
|-ability|p2a: Kyurem|Pressure
|turn|19
|inactive|YFN Ghetsis has 30 seconds left this turn.
|inactive|YFN Ghetsis has 20 seconds left.
|inactive|YFN Ghetsis has 15 seconds left.
|
|t:|1743878555
|-end|p1a: Raging Bolt|Protosynthesis|[silent]
|switch|p1a: Great Tusk|Great Tusk|100/100
|-damage|p1a: Great Tusk|98/100|[from] Stealth Rock
|-enditem|p1a: Great Tusk|Booster Energy
|-activate|p1a: Great Tusk|ability: Protosynthesis|[fromitem]
|-start|p1a: Great Tusk|protosynthesisatk
|-terastallize|p2a: Kyurem|Ground
|move|p2a: Kyurem|Dragon Dance|p2a: Kyurem
|-boost|p2a: Kyurem|atk|1
|-boost|p2a: Kyurem|spe|1
|
|upkeep
|turn|20
|inactive|YFN Ghetsis has 25 seconds left this turn.
|inactive|YFN Ghetsis has 20 seconds left.
|inactive|YFN Ghetsis has 15 seconds left.
|inactive|YFN Ghetsis has 10 seconds left.
|
|t:|1743878573
|move|p2a: Kyurem|Freeze-Dry|p1a: Great Tusk
|-supereffective|p1a: Great Tusk
|-damage|p1a: Great Tusk|0 fnt
|faint|p1a: Great Tusk
|-end|p1a: Great Tusk|Protosynthesis|[silent]
|
|upkeep
|inactive|YFN Ghetsis has 15 seconds left this turn.
|inactive|YFN Ghetsis has 10 seconds left.
|
|t:|1743878580
|switch|p1a: Gholdengo|Gholdengo|100/100
|-damage|p1a: Gholdengo|94/100|[from] Stealth Rock
|-item|p1a: Gholdengo|Air Balloon
|turn|21
|inactive|YFN Ghetsis has 20 seconds left this turn.
|inactive|YFN Ghetsis has 15 seconds left.
|inactive|YFN Ghetsis has 10 seconds left.
|inactive|YFN Ghetsis has 5 seconds left.
|
|t:|1743878597
|move|p2a: Kyurem|Freeze-Dry|p1a: Gholdengo
|-resisted|p1a: Gholdengo
|-damage|p1a: Gholdengo|72/100
|-enditem|p1a: Gholdengo|Air Balloon
|move|p1a: Gholdengo|Make It Rain|p2a: Kyurem
|-damage|p2a: Kyurem|35/100
|-unboost|p1a: Gholdengo|spa|1
|
|upkeep
|turn|22
|inactive|YFN Ghetsis has 15 seconds left this turn.
|inactive|YFN Ghetsis has 10 seconds left.
|inactive|YFN Ghetsis has 5 seconds left.
|
|t:|1743878609
|move|p2a: Kyurem|Earth Power|p1a: Gholdengo
|-supereffective|p1a: Gholdengo
|-damage|p1a: Gholdengo|0 fnt
|faint|p1a: Gholdengo
|
|upkeep
|inactive|YFN Ghetsis has 10 seconds left this turn.
|
|t:|1743878612
|switch|p1a: Iron Boulder|Iron Boulder|100/100
|-damage|p1a: Iron Boulder|88/100|[from] Stealth Rock
|-enditem|p1a: Iron Boulder|Booster Energy
|-activate|p1a: Iron Boulder|ability: Quark Drive|[fromitem]
|-start|p1a: Iron Boulder|quarkdriveatk
|turn|23
|inactive|YFN Ghetsis has 20 seconds left this turn.
|
|t:|1743878617
|move|p2a: Kyurem|Earth Power|p1a: Iron Boulder
|-supereffective|p1a: Iron Boulder
|-damage|p1a: Iron Boulder|0 fnt
|faint|p1a: Iron Boulder
|-end|p1a: Iron Boulder|Quark Drive|[silent]
|
|upkeep
|inactive|YFN Ghetsis has 25 seconds left this turn.
|l| ASilentKingambitX
|inactive|YFN Ghetsis has 20 seconds left.
|-message|YFN Ghetsis forfeited.
|
|win|stevstacks
|inactive|YFN Ghetsis has 25 seconds left this turn.
|raw|YFN Ghetsis's rating: 1525 &rarr; <strong>1509</strong><br />(-16 for losing)
|raw|stevstacks's rating: 1601 &rarr; <strong>1617</strong><br />(+16 for winning)
|l|☆YFN Ghetsis
|player|p1|
|l|☆stevstacks
|player|p2|
