|j|☆TipDik
|j|☆xfyr3x
|t:|1743778441
|gametype|singles
|player|p1|TipDik|emmet|1473
|player|p2|xfyr3x|2|1551
|teamsize|p1|6
|teamsize|p2|6
|gen|9
|tier|[Gen 9] OU
|rated|
|rule|HP Percentage Mod: HP is shown in percentages
|rule|Endless Battle Clause: Forcing endless battles is banned
|rule|Species Clause: Limit one of each Pokémon
|rule|OHKO Clause: OHKO moves are banned
|rule|Evasion Items Clause: Evasion items are banned
|rule|Evasion Moves Clause: Evasion moves are banned
|rule|Sleep Moves Clause: Sleep-inducing moves are banned
|clearpoke
|poke|p1|Armarouge, M|
|poke|p1|Torkoal, F|
|poke|p1|Iron Moth|
|poke|p1|Zarude|
|poke|p1|Great Tusk|
|poke|p1|Zapdos|
|poke|p2|Pelipper, M|
|poke|p2|Iron Treads|
|poke|p2|Barraskewda, F|
|poke|p2|Raging Bolt|
|poke|p2|Rillaboom, M|
|poke|p2|Kingambit, M|
|teampreview
|inactive|Battle timer is ON: inactive players will automatically lose when time's up. (requested by xfyr3x)
|
|t:|1743778452
|start
|switch|p1a: Zapdos|Zapdos|100/100
|switch|p2a: Raging Bolt|Raging Bolt|100/100
|turn|1
|
|t:|1743778459
|move|p1a: Zapdos|Volt Switch|p2a: Raging Bolt
|-resisted|p2a: Raging Bolt
|-damage|p2a: Raging Bolt|94/100
|
|t:|1743778463
|switch|p1a: Zarude|Zarude|100/100|[from] Volt Switch
|move|p2a: Raging Bolt|Draco Meteor|p1a: Zarude
|-damage|p1a: Zarude|0 fnt
|-unboost|p2a: Raging Bolt|spa|2
|faint|p1a: Zarude
|
|upkeep
|
|t:|1743778470
|switch|p1a: Great Tusk|Great Tusk|100/100
|turn|2
|
|t:|1743778475
|-end|p2a: Raging Bolt|Protosynthesis|[silent]
|switch|p2a: Pelipper|Pelipper, M|100/100
|-weather|RainDance|[from] ability: Drizzle|[of] p2a: Pelipper
|move|p1a: Great Tusk|Knock Off|p2a: Pelipper
|-damage|p2a: Pelipper|75/100
|-enditem|p2a: Pelipper|Damp Rock|[from] move: Knock Off|[of] p1a: Great Tusk
|
|-weather|RainDance|[upkeep]
|upkeep
|turn|3
|
|t:|1743778479
|-end|p1a: Great Tusk|Protosynthesis|[silent]
|switch|p1a: Torkoal|Torkoal, F|100/100
|-weather|SunnyDay|[from] ability: Drought|[of] p1a: Torkoal
|move|p2a: Pelipper|U-turn|p1a: Torkoal
|-resisted|p1a: Torkoal
|-damage|p1a: Torkoal|97/100
|
|t:|1743778481
|switch|p2a: Raging Bolt|Raging Bolt|94/100|[from] U-turn
|-activate|p2a: Raging Bolt|ability: Protosynthesis
|-start|p2a: Raging Bolt|protosynthesisspa
|
|-weather|SunnyDay|[upkeep]
|upkeep
|turn|4
|
|t:|1743778492
|move|p2a: Raging Bolt|Draco Meteor|p1a: Torkoal
|-damage|p1a: Torkoal|0 fnt
|-unboost|p2a: Raging Bolt|spa|2
|faint|p1a: Torkoal
|
|-weather|SunnyDay|[upkeep]
|upkeep
|
|t:|1743778506
|switch|p1a: Armarouge|Armarouge, M|100/100
|turn|5
|
|t:|1743778515
|-end|p2a: Raging Bolt|Protosynthesis|[silent]
|switch|p2a: Pelipper|Pelipper, M|75/100
|-weather|RainDance|[from] ability: Drizzle|[of] p2a: Pelipper
|move|p1a: Armarouge|Psyshock|p2a: Pelipper
|-damage|p2a: Pelipper|24/100
|
|-weather|RainDance|[upkeep]
|upkeep
|turn|6
|
|t:|1743778526
|switch|p2a: Iron Treads|Iron Treads|100/100
|-terastallize|p1a: Armarouge|Grass
|move|p1a: Armarouge|Psyshock|p2a: Iron Treads
|-resisted|p2a: Iron Treads
|-damage|p2a: Iron Treads|77/100
|
|-weather|RainDance|[upkeep]
|-heal|p2a: Iron Treads|83/100|[from] item: Leftovers
|upkeep
|turn|7
|
|t:|1743778539
|switch|p1a: Zapdos|Zapdos|100/100
|move|p2a: Iron Treads|Stealth Rock|p1a: Zapdos
|-sidestart|p1: TipDik|move: Stealth Rock
|
|-weather|RainDance|[upkeep]
|-heal|p2a: Iron Treads|89/100|[from] item: Leftovers
|upkeep
|turn|8
|-message|TipDik forfeited.
|
|win|xfyr3x
|raw|TipDik's rating: 1473 &rarr; <strong>1457</strong><br />(-16 for losing)
|raw|xfyr3x's rating: 1551 &rarr; <strong>1567</strong><br />(+16 for winning)
|l|☆TipDik
|player|p1|
|l|☆xfyr3x
|player|p2|
