|j|‽SDF is gay
|j|☆ShittyHole69
|t:|1743916404
|gametype|singles
|player|p1|SDF is gay|265|1286
|player|p2|ShittyHole69|drayden|1303
|teamsize|p1|6
|teamsize|p2|6
|gen|9
|tier|[Gen 9] OU
|rated|
|rule|HP Percentage Mod: HP is shown in percentages
|rule|Endless Battle Clause: Forcing endless battles is banned
|rule|Species Clause: Limit one of each Pokémon
|rule|OHKO Clause: OHKO moves are banned
|rule|Evasion Items Clause: Evasion items are banned
|rule|Evasion Moves Clause: Evasion moves are banned
|rule|Sleep Moves Clause: Sleep-inducing moves are banned
|clearpoke
|poke|p1|Araquanid, F|
|poke|p1|Gholdengo|
|poke|p1|Iron Moth|
|poke|p1|Iron Valiant|
|poke|p1|Raging Bolt|
|poke|p1|Kingambit, F|
|poke|p2|Ogerpon, F|
|poke|p2|Chandelure, F|
|poke|p2|Mandibuzz, F|
|poke|p2|Moltres-Galar|
|poke|p2|Landorus-Therian, M|
|poke|p2|Comfey, F|
|teampreview
|
|t:|1743916415
|start
|switch|p1a: Araquanid|Araquanid, F|100/100
|switch|p2a: Moltres|Moltres-Galar|100/100
|turn|1
|
|t:|1743916422
|move|p2a: Moltres|Brave Bird|p1a: Araquanid
|-supereffective|p1a: Araquanid
|-damage|p1a: Araquanid|0 fnt
|faint|p1a: Araquanid
|-damage|p2a: Moltres|66/100|[from] Recoil
|
|upkeep
|
|t:|1743916425
|switch|p1a: Iron Moth|Iron Moth|100/100
|-enditem|p1a: Iron Moth|Booster Energy
|-activate|p1a: Iron Moth|ability: Quark Drive|[fromitem]
|-start|p1a: Iron Moth|quarkdrivespa
|turn|2
|
|t:|1743916430
|move|p1a: Iron Moth|Fiery Dance|p2a: Moltres
|-damage|p2a: Moltres|16/100
|-boost|p1a: Iron Moth|spa|1
|-ability|p2a: Moltres|Berserk|boost
|-boost|p2a: Moltres|spa|1
|move|p2a: Moltres|Brave Bird|p1a: Iron Moth
|-damage|p1a: Iron Moth|0 fnt
|faint|p1a: Iron Moth
|-end|p1a: Iron Moth|Quark Drive|[silent]
|-damage|p2a: Moltres|0 fnt|[from] Recoil
|faint|p2a: Moltres
|
|upkeep
|
|t:|1743916438
|switch|p1a: Gholdengo|Gholdengo|100/100
|switch|p2a: Cancerous-Therian|Landorus-Therian, M|100/100
|-ability|p2a: Cancerous-Therian|Intimidate|boost
|-unboost|p1a: Gholdengo|atk|1
|-item|p1a: Gholdengo|Air Balloon
|turn|3
|
|t:|1743916441
|move|p2a: Cancerous-Therian|U-turn|p1a: Gholdengo
|-resisted|p1a: Gholdengo
|-damage|p1a: Gholdengo|89/100
|-enditem|p1a: Gholdengo|Air Balloon
|
|t:|1743916445
|switch|p2a: Mandibuzz|Mandibuzz, F|100/100|[from] U-turn
|move|p1a: Gholdengo|Nasty Plot|p1a: Gholdengo
|-boost|p1a: Gholdengo|spa|2
|
|upkeep
|turn|4
|
|t:|1743916452
|move|p1a: Gholdengo|Make It Rain|p2a: Mandibuzz
|-damage|p2a: Mandibuzz|0 fnt
|-unboost|p1a: Gholdengo|spa|1
|faint|p2a: Mandibuzz
|
|upkeep
|
|t:|1743916455
|switch|p2a: Cancerous-Therian|Landorus-Therian, M|100/100
|-ability|p2a: Cancerous-Therian|Intimidate|boost
|-unboost|p1a: Gholdengo|atk|1
|turn|5
|
|t:|1743916473
|move|p2a: Cancerous-Therian|Earthquake|p1a: Gholdengo
|-supereffective|p1a: Gholdengo
|-damage|p1a: Gholdengo|0 fnt
|faint|p1a: Gholdengo
|
|upkeep
|
|t:|1743916475
|switch|p1a: Iron Valiant|Iron Valiant|100/100
|-enditem|p1a: Iron Valiant|Booster Energy
|-activate|p1a: Iron Valiant|ability: Quark Drive|[fromitem]
|-start|p1a: Iron Valiant|quarkdrivespa
|turn|6
|
|t:|1743916479
|move|p1a: Iron Valiant|Moonblast|p2a: Cancerous-Therian
|-damage|p2a: Cancerous-Therian|0 fnt
|faint|p2a: Cancerous-Therian
|
|upkeep
|
|t:|1743916487
|switch|p2a: Comfey|Comfey, F|100/100
|turn|7
|
|t:|1743916489
|move|p2a: Comfey|Draining Kiss|p1a: Iron Valiant
|-supereffective|p1a: Iron Valiant
|-damage|p1a: Iron Valiant|0 fnt
|faint|p1a: Iron Valiant
|-end|p1a: Iron Valiant|Quark Drive|[silent]
|
|upkeep
|
|t:|1743916491
|switch|p1a: Kingambit|Kingambit, F|100/100
|-activate|p1a: Kingambit|ability: Supreme Overlord
|-start|p1a: Kingambit|fallen4|[silent]
|-item|p1a: Kingambit|Air Balloon
|turn|8
|
|t:|1743916494
|switch|p2a: Chandy|Chandelure, F|100/100
|move|p1a: Kingambit|Iron Head|p2a: Chandy
|-resisted|p2a: Chandy
|-damage|p2a: Chandy|56/100
|
|upkeep
|turn|9
|
|t:|1743916498
|move|p1a: Kingambit|Sucker Punch||[still]
|-fail|p1a: Kingambit
|move|p2a: Chandy|Trick|p1a: Kingambit
|-activate|p2a: Chandy|move: Trick|[of] p1a: Kingambit
|-item|p1a: Kingambit|Choice Specs|[from] move: Trick
|-item|p2a: Chandy|Air Balloon
|-item|p2a: Chandy|Air Balloon|[from] move: Trick
|
|upkeep
|turn|10
|
|t:|1743916503
|move|p1a: Kingambit|Sucker Punch|p2a: Chandy
|-supereffective|p2a: Chandy
|-damage|p2a: Chandy|0 fnt
|-enditem|p2a: Chandy|Air Balloon
|faint|p2a: Chandy
|
|upkeep
|
|t:|1743916505
|switch|p2a: Comfey|Comfey, F|100/100
|turn|11
|
|t:|1743916507
|-end|p1a: Kingambit|fallen4|[silent]
|switch|p1a: Raging Bolt|Raging Bolt|100/100
|-enditem|p1a: Raging Bolt|Booster Energy
|-activate|p1a: Raging Bolt|ability: Protosynthesis|[fromitem]
|-start|p1a: Raging Bolt|protosynthesisspa
|move|p2a: Comfey|Draining Kiss|p1a: Raging Bolt
|-supereffective|p1a: Raging Bolt
|-damage|p1a: Raging Bolt|35/100
|
|upkeep
|turn|12
|
|t:|1743916514
|move|p2a: Comfey|Draining Kiss|p1a: Raging Bolt
|-supereffective|p1a: Raging Bolt
|-damage|p1a: Raging Bolt|0 fnt
|faint|p1a: Raging Bolt
|-end|p1a: Raging Bolt|Protosynthesis|[silent]
|
|upkeep
|
|t:|1743916518
|switch|p1a: Kingambit|Kingambit, F|100/100
|-activate|p1a: Kingambit|ability: Supreme Overlord
|-start|p1a: Kingambit|fallen5|[silent]
|turn|13
|
|t:|1743916521
|-terastallize|p1a: Kingambit|Fire
|move|p2a: Comfey|Draining Kiss|p1a: Kingambit
|-resisted|p1a: Kingambit
|-damage|p1a: Kingambit|84/100
|move|p1a: Kingambit|Iron Head|p2a: Comfey
|-supereffective|p2a: Comfey
|-damage|p2a: Comfey|0 fnt
|faint|p2a: Comfey
|
|upkeep
|
|t:|1743916526
|switch|p2a: Ogerpon-Shitspring|Ogerpon, F|100/100
|turn|14
|
|t:|1743916534
|move|p2a: Ogerpon-Shitspring|Superpower|p1a: Kingambit
|-damage|p1a: Kingambit|33/100
|-unboost|p2a: Ogerpon-Shitspring|atk|1
|-unboost|p2a: Ogerpon-Shitspring|def|1
|move|p1a: Kingambit|Iron Head|p2a: Ogerpon-Shitspring
|-damage|p2a: Ogerpon-Shitspring|0 fnt
|faint|p2a: Ogerpon-Shitspring
|
|win|SDF is gay
|raw|SDF is gay's rating: 1286 &rarr; <strong>1312</strong><br />(+26 for winning)
|raw|ShittyHole69's rating: 1303 &rarr; <strong>1282</strong><br />(-21 for losing)
|l|☆ShittyHole69
|player|p2|
|l|‽SDF is gay
|player|p1|
