|j|☆iamfrhaan007
|j|☆asdfjklqwert
|t:|1743862853
|gametype|singles
|player|p1|iamfrhaan007|blue|1487
|player|p2|asdfjklqwert|winona|1446
|teamsize|p1|6
|teamsize|p2|6
|gen|9
|tier|[Gen 9] OU
|rated|
|rule|HP Percentage Mod: HP is shown in percentages
|rule|Endless Battle Clause: Forcing endless battles is banned
|rule|Species Clause: Limit one of each Pokémon
|rule|OHKO Clause: OHKO moves are banned
|rule|Evasion Items Clause: Evasion items are banned
|rule|Evasion Moves Clause: Evasion moves are banned
|rule|Sleep Moves Clause: Sleep-inducing moves are banned
|clearpoke
|poke|p1|Great Tusk|
|poke|p1|Landorus-Therian, M|
|poke|p1|Slowking-Galar, F|
|poke|p1|Ogerpon-Wellspring, F|
|poke|p1|Raging Bolt|
|poke|p1|Kingambit, F|
|poke|p2|Latios, M|
|poke|p2|Hydrapple, M|
|poke|p2|Tornadus-Therian, M|
|poke|p2|Weezing-Galar, F|
|poke|p2|Cinderace, M|
|poke|p2|Swampert, F|
|teampreview
|inactive|Battle timer is ON: inactive players will automatically lose when time's up. (requested by iamfrhaan007)
|
|t:|1743862862
|start
|switch|p1a: Landorus|Landorus-Therian, M|100/100
|switch|p2a: Tornadus|Tornadus-Therian, M|100/100
|-ability|p1a: Landorus|Intimidate|boost
|-unboost|p2a: Tornadus|atk|1
|turn|1
|
|t:|1743862872
|switch|p1a: Slowking|Slowking-Galar, F|100/100
|switch|p2a: Hydrapple|Hydrapple, M|100/100
|
|upkeep
|turn|2
|
|t:|1743862879
|switch|p2a: Swampert|Swampert, F|100/100
|move|p1a: Slowking|Sludge Bomb|p2a: Swampert
|-resisted|p2a: Swampert
|-damage|p2a: Swampert|85/100
|-status|p2a: Swampert|psn
|
|-heal|p2a: Swampert|91/100 psn|[from] item: Leftovers
|-damage|p2a: Swampert|78/100 psn|[from] psn
|upkeep
|turn|3
|
|t:|1743862889
|switch|p1a: Ogerpon|Ogerpon-Wellspring, F|100/100
|move|p2a: Swampert|Stealth Rock|p1a: Ogerpon
|-sidestart|p1: iamfrhaan007|move: Stealth Rock
|
|-heal|p2a: Swampert|85/100 psn|[from] item: Leftovers
|-damage|p2a: Swampert|72/100 psn|[from] psn
|upkeep
|turn|4
|
|t:|1743862898
|switch|p2a: Hydrapple|Hydrapple, M|100/100
|move|p1a: Ogerpon|Knock Off|p2a: Hydrapple
|-damage|p2a: Hydrapple|72/100
|-damage|p1a: Ogerpon|84/100|[from] item: Rocky Helmet|[of] p2a: Hydrapple
|-enditem|p2a: Hydrapple|Rocky Helmet|[from] move: Knock Off|[of] p1a: Ogerpon
|
|upkeep
|turn|5
|
|t:|1743862907
|move|p1a: Ogerpon|U-turn|p2a: Hydrapple
|-supereffective|p2a: Hydrapple
|-damage|p2a: Hydrapple|24/100
|
|t:|1743862910
|switch|p1a: Landorus|Landorus-Therian, M|100/100|[from] U-turn
|-damage|p1a: Landorus|88/100|[from] Stealth Rock
|-ability|p1a: Landorus|Intimidate|boost
|-unboost|p2a: Hydrapple|atk|1
|move|p2a: Hydrapple|Energy Ball|p1a: Landorus
|-damage|p1a: Landorus|27/100
|
|upkeep
|turn|6
|
|t:|1743862920
|switch|p2a: Swampert|Swampert, F|72/100 psn
|move|p1a: Landorus|U-turn|p2a: Swampert
|-damage|p2a: Swampert|47/100 psn
|
|t:|1743862926
|switch|p1a: Ogerpon|Ogerpon-Wellspring, F|84/100|[from] U-turn
|-damage|p1a: Ogerpon|72/100|[from] Stealth Rock
|
|-heal|p2a: Swampert|53/100 psn|[from] item: Leftovers
|-damage|p2a: Swampert|41/100 psn|[from] psn
|upkeep
|turn|7
|
|t:|1743862934
|move|p1a: Ogerpon|Ivy Cudgel|p2a: Swampert|[anim] Ivy Cudgel Water
|-damage|p2a: Swampert|0 fnt
|faint|p2a: Swampert
|
|upkeep
|
|t:|1743862940
|switch|p2a: Latios|Latios, M|100/100
|turn|8
|
|t:|1743862945
|move|p2a: Latios|Luster Purge|p1a: Ogerpon
|-damage|p1a: Ogerpon|7/100
|-unboost|p1a: Ogerpon|spd|1
|move|p1a: Ogerpon|Knock Off|p2a: Latios
|-supereffective|p2a: Latios
|-damage|p2a: Latios|0 fnt
|-enditem|p2a: Latios|Soul Dew|[from] move: Knock Off|[of] p1a: Ogerpon
|faint|p2a: Latios
|
|upkeep
|
|t:|1743862954
|switch|p2a: Cinderace|Cinderace, M|100/100
|turn|9
|
|t:|1743862958
|move|p2a: Cinderace|U-turn|p1a: Ogerpon
|-start|p2a: Cinderace|typechange|Bug|[from] ability: Libero
|-supereffective|p1a: Ogerpon
|-damage|p1a: Ogerpon|0 fnt
|faint|p1a: Ogerpon
|
|t:|1743862961
|switch|p2a: Hydrapple|Hydrapple, M|57/100|[from] U-turn
|
|upkeep
|-message|asdfjklqwert forfeited.
|
|win|iamfrhaan007
|raw|iamfrhaan007's rating: 1487 &rarr; <strong>1505</strong><br />(+18 for winning)
|raw|asdfjklqwert's rating: 1446 &rarr; <strong>1428</strong><br />(-18 for losing)
|l|☆asdfjklqwert
|player|p2|
|l|☆iamfrhaan007
|player|p1|
