|j|☆babassss
|j|☆BurgerThing
|t:|1743875416
|gametype|singles
|player|p1|babassss|170|1553
|player|p2|BurgerThing|lucas-gen4pt|1566
|teamsize|p1|6
|teamsize|p2|6
|gen|9
|tier|[Gen 9] OU
|rated|
|rule|HP Percentage Mod: HP is shown in percentages
|rule|Endless Battle Clause: Forcing endless battles is banned
|rule|Species Clause: Limit one of each Pokémon
|rule|OHKO Clause: OHKO moves are banned
|rule|Evasion Items Clause: Evasion items are banned
|rule|Evasion Moves Clause: Evasion moves are banned
|rule|Sleep Moves Clause: Sleep-inducing moves are banned
|clearpoke
|poke|p1|Ninetales, F|
|poke|p1|Iron Moth|
|poke|p1|Walking Wake|
|poke|p1|Hatterene, F|
|poke|p1|Great Tusk|
|poke|p1|Typhlosion-Hisui, M|
|poke|p2|Rillaboom, M|
|poke|p2|Great Tusk|
|poke|p2|Garganacl, M|
|poke|p2|Altaria, F|
|poke|p2|Iron Valiant|
|poke|p2|Ogerpon-Wellspring, F|
|teampreview
|
|t:|1743875419
|start
|switch|p1a: Ninetales|Ninetales, F, shiny|100/100
|switch|p2a: Rillaboom|Rillaboom, M, shiny|100/100
|-weather|SunnyDay|[from] ability: Drought|[of] p1a: Ninetales
|-fieldstart|move: Grassy Terrain|[from] ability: Grassy Surge|[of] p2a: Rillaboom
|turn|1
|
|t:|1743875423
|switch|p1a: Hatterene|Hatterene, F|100/100
|switch|p2a: Altaria|Altaria, F, shiny|100/100
|
|-weather|SunnyDay|[upkeep]
|upkeep
|turn|2
|inactive|Battle timer is ON: inactive players will automatically lose when time's up. (requested by babassss)
|
|t:|1743875430
|switch|p2a: Garganacl|Garganacl, M, shiny|100/100
|move|p1a: Hatterene|Psyshock|p2a: Garganacl
|-damage|p2a: Garganacl|78/100
|
|-weather|SunnyDay|[upkeep]
|-heal|p2a: Garganacl|84/100|[from] Grassy Terrain
|-heal|p2a: Garganacl|91/100|[from] item: Leftovers
|upkeep
|turn|3
|
|t:|1743875435
|move|p2a: Garganacl|Salt Cure|p1a: Hatterene
|-damage|p1a: Hatterene|87/100
|-start|p1a: Hatterene|Salt Cure
|-enditem|p1a: Hatterene|Eject Button
|
|t:|1743875437
|switch|p1a: Walking Wake|Walking Wake|100/100
|-activate|p1a: Walking Wake|ability: Protosynthesis
|-start|p1a: Walking Wake|protosynthesisspe
|
|-weather|SunnyDay|[upkeep]
|-heal|p2a: Garganacl|97/100|[from] Grassy Terrain
|-heal|p2a: Garganacl|100/100|[from] item: Leftovers
|upkeep
|turn|4
|
|t:|1743875443
|switch|p2a: Altaria|Altaria, F, shiny|100/100
|move|p1a: Walking Wake|Hydro Steam|p2a: Altaria
|-resisted|p2a: Altaria
|-damage|p2a: Altaria|71/100
|
|-weather|SunnyDay|[upkeep]
|-heal|p2a: Altaria|77/100|[from] item: Leftovers
|upkeep
|turn|5
|
|t:|1743875451
|-end|p1a: Walking Wake|Protosynthesis|[silent]
|switch|p1a: Hatterene|Hatterene, F|87/100
|move|p2a: Altaria|Fire Spin|p1a: Hatterene
|-damage|p1a: Hatterene|78/100
|-activate|p1a: Hatterene|move: Fire Spin|[of] p2a: Altaria
|
|-weather|SunnyDay|[upkeep]
|-heal|p2a: Altaria|84/100|[from] item: Leftovers
|-heal|p1a: Hatterene|84/100|[from] Grassy Terrain
|-damage|p1a: Hatterene|72/100|[from] move: Fire Spin|[partiallytrapped]
|-fieldend|move: Grassy Terrain
|upkeep
|turn|6
|
|t:|1743875462
|move|p2a: Altaria|Perish Song|p2a: Altaria
|-start|p1a: Hatterene|perish3|[silent]
|-start|p2a: Altaria|perish3|[silent]
|-fieldactivate|move: Perish Song
|move|p1a: Hatterene|Healing Wish|p1a: Hatterene
|faint|p1a: Hatterene
|
|-weather|SunnyDay|[upkeep]
|-heal|p2a: Altaria|90/100|[from] item: Leftovers
|-start|p2a: Altaria|perish3
|upkeep
|
|t:|1743875467
|switch|p1a: Ninetales|Ninetales, F, shiny|100/100
|turn|7
|
|t:|1743875490
|switch|p1a: Walking Wake|Walking Wake|100/100
|-activate|p1a: Walking Wake|ability: Protosynthesis
|-start|p1a: Walking Wake|protosynthesisspe
|move|p2a: Altaria|Fire Spin|p1a: Walking Wake
|-resisted|p1a: Walking Wake
|-damage|p1a: Walking Wake|98/100
|-activate|p1a: Walking Wake|move: Fire Spin|[of] p2a: Altaria
|
|-weather|SunnyDay|[upkeep]
|-heal|p2a: Altaria|96/100|[from] item: Leftovers
|-damage|p1a: Walking Wake|86/100|[from] move: Fire Spin|[partiallytrapped]
|-start|p2a: Altaria|perish2
|upkeep
|turn|8
|
|t:|1743875503
|switch|p2a: Rillaboom|Rillaboom, M, shiny|100/100
|-fieldstart|move: Grassy Terrain|[from] ability: Grassy Surge|[of] p2a: Rillaboom
|move|p1a: Walking Wake|Draco Meteor|p2a: Rillaboom
|-damage|p2a: Rillaboom|40/100
|-unboost|p1a: Walking Wake|spa|2
|
|-weather|none
|-end|p1a: Walking Wake|Protosynthesis
|-heal|p1a: Walking Wake|92/100|[from] Grassy Terrain
|-heal|p2a: Rillaboom|46/100|[from] Grassy Terrain
|-end|p1a: Walking Wake|Fire Spin|[partiallytrapped]|[silent]
|upkeep
|turn|9
|j| lowladderubersnoob
|
|t:|1743875512
|-end|p1a: Walking Wake|Protosynthesis|[silent]
|switch|p1a: Iron Moth|Iron Moth|100/100
|-enditem|p1a: Iron Moth|Booster Energy
|-activate|p1a: Iron Moth|ability: Quark Drive|[fromitem]
|-start|p1a: Iron Moth|quarkdrivespa
|move|p2a: Rillaboom|High Horsepower|p1a: Iron Moth
|-supereffective|p1a: Iron Moth
|-damage|p1a: Iron Moth|0 fnt
|faint|p1a: Iron Moth
|-end|p1a: Iron Moth|Quark Drive|[silent]
|
|-heal|p2a: Rillaboom|52/100|[from] Grassy Terrain
|upkeep
|
|t:|1743875515
|switch|p1a: Typhlosion|Typhlosion-Hisui, M, shiny|100/100
|turn|10
|
|t:|1743875527
|switch|p2a: Garganacl|Garganacl, M, shiny|100/100
|move|p1a: Typhlosion|Eruption|p2a: Garganacl
|-resisted|p2a: Garganacl
|-damage|p2a: Garganacl|63/100
|
|-heal|p2a: Garganacl|69/100|[from] Grassy Terrain
|-heal|p2a: Garganacl|75/100|[from] item: Leftovers
|upkeep
|turn|11
|
|t:|1743875533
|switch|p1a: Ninetales|Ninetales, F, shiny|100/100
|-weather|SunnyDay|[from] ability: Drought|[of] p1a: Ninetales
|move|p2a: Garganacl|Salt Cure|p1a: Ninetales
|-supereffective|p1a: Ninetales
|-damage|p1a: Ninetales|63/100
|-start|p1a: Ninetales|Salt Cure
|
|-weather|SunnyDay|[upkeep]
|-heal|p1a: Ninetales|69/100|[from] Grassy Terrain
|-heal|p2a: Garganacl|82/100|[from] Grassy Terrain
|-heal|p2a: Garganacl|88/100|[from] item: Leftovers
|-damage|p1a: Ninetales|57/100|[from] Salt Cure
|upkeep
|turn|12
|
|t:|1743875537
|switch|p1a: Great Tusk|Great Tusk|100/100
|-activate|p1a: Great Tusk|ability: Protosynthesis
|-start|p1a: Great Tusk|protosynthesisatk
|move|p2a: Garganacl|Salt Cure|p1a: Great Tusk
|-resisted|p1a: Great Tusk
|-damage|p1a: Great Tusk|98/100
|-start|p1a: Great Tusk|Salt Cure
|
|-weather|SunnyDay|[upkeep]
|-heal|p1a: Great Tusk|100/100|[from] Grassy Terrain
|-heal|p2a: Garganacl|94/100|[from] Grassy Terrain
|-heal|p2a: Garganacl|99/100|[from] item: Leftovers
|-damage|p1a: Great Tusk|88/100|[from] Salt Cure
|-fieldend|move: Grassy Terrain
|upkeep
|turn|13
|
|t:|1743875544
|-end|p1a: Great Tusk|Protosynthesis|[silent]
|switch|p1a: Walking Wake|Walking Wake|92/100
|-heal|p1a: Walking Wake|100/100|[from] move: Healing Wish
|-activate|p1a: Walking Wake|ability: Protosynthesis
|-start|p1a: Walking Wake|protosynthesisspe
|switch|p2a: Iron Valiant|Iron Valiant, shiny|100/100
|
|-weather|SunnyDay|[upkeep]
|upkeep
|turn|14
|
|t:|1743875552
|-end|p2a: Iron Valiant|Quark Drive|[silent]
|switch|p2a: Ogerpon|Ogerpon-Wellspring, F|100/100
|move|p1a: Walking Wake|Flamethrower|p2a: Ogerpon
|-damage|p2a: Ogerpon|21/100
|
|-weather|SunnyDay|[upkeep]
|upkeep
|turn|15
|
|t:|1743875559
|-end|p1a: Walking Wake|Protosynthesis|[silent]
|switch|p1a: Great Tusk|Great Tusk|88/100
|-activate|p1a: Great Tusk|ability: Protosynthesis
|-start|p1a: Great Tusk|protosynthesisatk
|switch|p2a: Garganacl|Garganacl, M, shiny|99/100
|
|-weather|SunnyDay|[upkeep]
|-heal|p2a: Garganacl|100/100|[from] item: Leftovers
|upkeep
|turn|16
|
|t:|1743875565
|switch|p2a: Great Tusk|Great Tusk|100/100
|-activate|p2a: Great Tusk|ability: Protosynthesis
|-start|p2a: Great Tusk|protosynthesisatk
|move|p1a: Great Tusk|Headlong Rush|p2a: Great Tusk
|-damage|p2a: Great Tusk|49/100
|-unboost|p1a: Great Tusk|def|1
|-unboost|p1a: Great Tusk|spd|1
|
|-weather|SunnyDay|[upkeep]
|-heal|p2a: Great Tusk|55/100|[from] item: Leftovers
|upkeep
|turn|17
|
|t:|1743875573
|move|p1a: Great Tusk|Rapid Spin|p2a: Great Tusk
|-damage|p2a: Great Tusk|40/100
|-boost|p1a: Great Tusk|spe|1
|move|p2a: Great Tusk|Stealth Rock|p1a: Great Tusk
|-sidestart|p1: babassss|move: Stealth Rock
|
|-weather|SunnyDay|[upkeep]
|-heal|p2a: Great Tusk|47/100|[from] item: Leftovers
|upkeep
|turn|18
|
|t:|1743875583
|-end|p2a: Great Tusk|Protosynthesis|[silent]
|switch|p2a: Rillaboom|Rillaboom, M, shiny|52/100
|-fieldstart|move: Grassy Terrain|[from] ability: Grassy Surge|[of] p2a: Rillaboom
|move|p1a: Great Tusk|Ice Spinner|p2a: Rillaboom
|-supereffective|p2a: Rillaboom
|-damage|p2a: Rillaboom|0 fnt
|-fieldend|move: Grassy Terrain
|faint|p2a: Rillaboom
|
|-weather|none
|-end|p1a: Great Tusk|Protosynthesis
|upkeep
|
|t:|1743875589
|switch|p2a: Iron Valiant|Iron Valiant, shiny|100/100
|turn|19
|
|t:|1743875592
|-end|p1a: Great Tusk|Protosynthesis|[silent]
|switch|p1a: Ninetales|Ninetales, F, shiny|57/100
|-damage|p1a: Ninetales|32/100|[from] Stealth Rock
|-weather|SunnyDay|[from] ability: Drought|[of] p1a: Ninetales
|move|p2a: Iron Valiant|Aura Sphere|p1a: Ninetales
|-damage|p1a: Ninetales|0 fnt
|faint|p1a: Ninetales
|
|-weather|SunnyDay|[upkeep]
|upkeep
|
|t:|1743875604
|switch|p1a: Walking Wake|Walking Wake|100/100
|-damage|p1a: Walking Wake|88/100|[from] Stealth Rock
|-activate|p1a: Walking Wake|ability: Protosynthesis
|-start|p1a: Walking Wake|protosynthesisspe
|turn|20
|
|t:|1743875612
|-end|p2a: Iron Valiant|Quark Drive|[silent]
|switch|p2a: Altaria|Altaria, F, shiny|96/100
|move|p1a: Walking Wake|Flamethrower|p2a: Altaria
|-resisted|p2a: Altaria
|-damage|p2a: Altaria|72/100
|
|-weather|SunnyDay|[upkeep]
|-heal|p2a: Altaria|78/100|[from] item: Leftovers
|upkeep
|turn|21
|
|t:|1743875619
|-end|p1a: Walking Wake|Protosynthesis|[silent]
|switch|p1a: Great Tusk|Great Tusk|88/100
|-damage|p1a: Great Tusk|85/100|[from] Stealth Rock
|-activate|p1a: Great Tusk|ability: Protosynthesis
|-start|p1a: Great Tusk|protosynthesisatk
|move|p2a: Altaria|Will-O-Wisp|p1a: Great Tusk
|-status|p1a: Great Tusk|brn
|
|-weather|SunnyDay|[upkeep]
|-heal|p2a: Altaria|84/100|[from] item: Leftovers
|-damage|p1a: Great Tusk|79/100 brn|[from] brn
|upkeep
|turn|22
|
|t:|1743875629
|switch|p2a: Great Tusk|Great Tusk|47/100
|-activate|p2a: Great Tusk|ability: Protosynthesis
|-start|p2a: Great Tusk|protosynthesisatk
|move|p1a: Great Tusk|Rapid Spin|p2a: Great Tusk
|-damage|p2a: Great Tusk|39/100
|-boost|p1a: Great Tusk|spe|1
|-sideend|p1: babassss|Stealth Rock|[from] move: Rapid Spin|[of] p1a: Great Tusk
|
|-weather|SunnyDay|[upkeep]
|-heal|p2a: Great Tusk|46/100|[from] item: Leftovers
|-damage|p1a: Great Tusk|73/100 brn|[from] brn
|upkeep
|turn|23
|
|t:|1743875634
|move|p1a: Great Tusk|Ice Spinner|p2a: Great Tusk
|-supereffective|p2a: Great Tusk
|-damage|p2a: Great Tusk|22/100
|move|p2a: Great Tusk|Rapid Spin|p1a: Great Tusk
|-damage|p1a: Great Tusk|59/100 brn
|-boost|p2a: Great Tusk|spe|1
|-damage|p2a: Great Tusk|6/100|[from] item: Rocky Helmet|[of] p1a: Great Tusk
|
|-weather|SunnyDay|[upkeep]
|-heal|p2a: Great Tusk|12/100|[from] item: Leftovers
|-damage|p1a: Great Tusk|53/100 brn|[from] brn
|upkeep
|turn|24
|
|t:|1743875638
|move|p1a: Great Tusk|Ice Spinner|p2a: Great Tusk
|-supereffective|p2a: Great Tusk
|-damage|p2a: Great Tusk|0 fnt
|faint|p2a: Great Tusk
|-end|p2a: Great Tusk|Protosynthesis|[silent]
|
|-weather|SunnyDay|[upkeep]
|-damage|p1a: Great Tusk|46/100 brn|[from] brn
|upkeep
|
|t:|1743875641
|switch|p2a: Iron Valiant|Iron Valiant, shiny|100/100
|turn|25
|
|t:|1743875646
|move|p2a: Iron Valiant|Shadow Ball|p1a: Great Tusk
|-damage|p1a: Great Tusk|2/100 brn
|move|p1a: Great Tusk|Headlong Rush|p2a: Iron Valiant
|-damage|p2a: Iron Valiant|51/100
|-unboost|p1a: Great Tusk|def|1
|-unboost|p1a: Great Tusk|spd|1
|
|-weather|SunnyDay|[upkeep]
|-damage|p1a: Great Tusk|0 fnt|[from] brn
|faint|p1a: Great Tusk
|-end|p1a: Great Tusk|Protosynthesis|[silent]
|upkeep
|
|t:|1743875655
|switch|p1a: Walking Wake|Walking Wake|88/100
|-activate|p1a: Walking Wake|ability: Protosynthesis
|-start|p1a: Walking Wake|protosynthesisspe
|turn|26
|
|t:|1743875661
|-end|p2a: Iron Valiant|Quark Drive|[silent]
|switch|p2a: Altaria|Altaria, F, shiny|84/100
|move|p1a: Walking Wake|Dragon Pulse|p2a: Altaria
|-supereffective|p2a: Altaria
|-damage|p2a: Altaria|0 fnt
|faint|p2a: Altaria
|
|-weather|none
|-end|p1a: Walking Wake|Protosynthesis
|upkeep
|
|t:|1743875665
|switch|p2a: Iron Valiant|Iron Valiant, shiny|51/100
|turn|27
|
|t:|1743875669
|-end|p1a: Walking Wake|Protosynthesis|[silent]
|switch|p1a: Typhlosion|Typhlosion-Hisui, M, shiny|100/100
|move|p2a: Iron Valiant|Shadow Ball|p1a: Typhlosion
|-supereffective|p1a: Typhlosion
|-damage|p1a: Typhlosion|22/100
|
|upkeep
|turn|28
|
|t:|1743875673
|-end|p2a: Iron Valiant|Quark Drive|[silent]
|switch|p2a: Garganacl|Garganacl, M, shiny|100/100
|move|p1a: Typhlosion|Flamethrower|p2a: Garganacl
|-resisted|p2a: Garganacl
|-damage|p2a: Garganacl|71/100
|
|-heal|p2a: Garganacl|77/100|[from] item: Leftovers
|upkeep
|turn|29
|
|t:|1743875676
|switch|p1a: Walking Wake|Walking Wake|88/100
|move|p2a: Garganacl|Salt Cure|p1a: Walking Wake
|-damage|p1a: Walking Wake|73/100
|-start|p1a: Walking Wake|Salt Cure
|
|-heal|p2a: Garganacl|83/100|[from] item: Leftovers
|-damage|p1a: Walking Wake|48/100|[from] Salt Cure
|upkeep
|turn|30
|-message|babassss forfeited.
|
|win|BurgerThing
|raw|babassss's rating: 1553 &rarr; <strong>1534</strong><br />(-19 for losing)
|raw|BurgerThing's rating: 1566 &rarr; <strong>1585</strong><br />(+19 for winning)
|l|☆babassss
|player|p1|
|c|☆BurgerThing|gg
|l| lowladderubersnoob
|l|☆BurgerThing
|player|p2|
