|j|☆Kanto's Finest
|j|☆aarav1616
|t:|1743800644
|gametype|singles
|player|p1|Kanto's Finest|tamer-gen1rb|1133
|player|p2|aarav1616|pokemonranger-gen4|1103
|teamsize|p1|6
|teamsize|p2|6
|gen|9
|tier|[Gen 9] OU
|rated|
|rule|HP Percentage Mod: HP is shown in percentages
|rule|Endless Battle Clause: Forcing endless battles is banned
|rule|Species Clause: Limit one of each Pokémon
|rule|OHKO Clause: OHKO moves are banned
|rule|Evasion Items Clause: Evasion items are banned
|rule|Evasion Moves Clause: Evasion moves are banned
|rule|Sleep Moves Clause: Sleep-inducing moves are banned
|clearpoke
|poke|p1|Clefable, F|
|poke|p1|Golduck, F|
|poke|p1|Tentacruel, M|
|poke|p1|Chansey, F|
|poke|p1|Exeggutor, M|
|poke|p1|Electrode|
|poke|p2|Gliscor, M|
|poke|p2|Basculegion-F, F|
|poke|p2|Volcanion|
|poke|p2|Iron Leaves|
|poke|p2|Kyurem|
|poke|p2|Hatterene, F|
|teampreview
|inactive|Battle timer is ON: inactive players will automatically lose when time's up. (requested by Kanto's Finest)
|
|t:|1743800650
|start
|switch|p1a: Electrode|Electrode|100/100
|switch|p2a: Hatterene|Hatterene, F, shiny|100/100
|turn|1
|
|t:|1743800661
|move|p1a: Electrode|Light Screen|p1a: Electrode
|-sidestart|p1: Kanto's Finest|move: Light Screen
|move|p2a: Hatterene|Trick Room|p2a: Hatterene
|-fieldstart|move: Trick Room|[of] p2a: Hatterene
|
|upkeep
|turn|2
|
|t:|1743800677
|move|p2a: Hatterene|Psychic|p1a: Electrode
|-damage|p1a: Electrode|50/100
|-damage|p2a: Hatterene|91/100|[from] item: Life Orb
|move|p1a: Electrode|Discharge|p2a: Hatterene
|-damage|p2a: Hatterene|55/100
|
|upkeep
|turn|3
|
|t:|1743800684
|move|p2a: Hatterene|Psychic|p1a: Electrode
|-damage|p1a: Electrode|0 fnt
|faint|p1a: Electrode
|-damage|p2a: Hatterene|45/100|[from] item: Life Orb
|
|upkeep
|
|t:|1743800690
|switch|p1a: Exeggutor|Exeggutor, M|100/100
|turn|4
|
|t:|1743800694
|move|p2a: Hatterene|Mystical Fire|p1a: Exeggutor
|-supereffective|p1a: Exeggutor
|-damage|p1a: Exeggutor|57/100
|-unboost|p1a: Exeggutor|spa|1
|-damage|p2a: Hatterene|35/100|[from] item: Life Orb
|move|p1a: Exeggutor|Curse|p1a: Exeggutor
|-unboost|p1a: Exeggutor|spe|1
|-boost|p1a: Exeggutor|atk|1
|-boost|p1a: Exeggutor|def|1
|
|upkeep
|turn|5
|
|t:|1743800703
|move|p2a: Hatterene|Mystical Fire|p1a: Exeggutor
|-supereffective|p1a: Exeggutor
|-damage|p1a: Exeggutor|17/100
|-unboost|p1a: Exeggutor|spa|1
|-enditem|p1a: Exeggutor|Sitrus Berry|[eat]
|-heal|p1a: Exeggutor|42/100|[from] item: Sitrus Berry
|-damage|p2a: Hatterene|26/100|[from] item: Life Orb
|move|p1a: Exeggutor|Giga Drain|p2a: Hatterene
|-damage|p2a: Hatterene|9/100
|-heal|p1a: Exeggutor|49/100|[from] drain|[of] p2a: Hatterene
|
|-fieldend|move: Trick Room
|-item|p1a: Exeggutor|Sitrus Berry|[from] ability: Harvest
|upkeep
|-enditem|p1a: Exeggutor|Sitrus Berry|[eat]
|-heal|p1a: Exeggutor|74/100|[from] item: Sitrus Berry
|turn|6
|
|t:|1743800722
|move|p1a: Exeggutor|Giga Drain|p2a: Hatterene
|-crit|p2a: Hatterene
|-damage|p2a: Hatterene|0 fnt
|-heal|p1a: Exeggutor|77/100|[from] drain|[of] p2a: Hatterene
|faint|p2a: Hatterene
|
|-item|p1a: Exeggutor|Sitrus Berry|[from] ability: Harvest
|upkeep
|
|t:|1743800726
|switch|p2a: Volcanion|Volcanion|100/100
|turn|7
|
|t:|1743800738
|-terastallize|p1a: Exeggutor|Ghost
|move|p2a: Volcanion|Flamethrower|p1a: Exeggutor
|-damage|p1a: Exeggutor|49/100
|-enditem|p1a: Exeggutor|Sitrus Berry|[eat]
|-heal|p1a: Exeggutor|74/100|[from] item: Sitrus Berry
|move|p1a: Exeggutor|Leech Seed|p2a: Volcanion
|-start|p2a: Volcanion|move: Leech Seed
|
|-damage|p2a: Volcanion|88/100|[from] Leech Seed|[of] p1a: Exeggutor
|-heal|p1a: Exeggutor|85/100|[silent]
|-item|p1a: Exeggutor|Sitrus Berry|[from] ability: Harvest
|upkeep
|turn|8
|
|t:|1743800747
|move|p2a: Volcanion|Sludge Bomb|p1a: Exeggutor
|-resisted|p1a: Exeggutor
|-damage|p1a: Exeggutor|76/100
|-status|p1a: Exeggutor|psn
|move|p1a: Exeggutor|Curse|p2a: Volcanion
|-start|p2a: Volcanion|Curse|[of] p1a: Exeggutor
|-damage|p1a: Exeggutor|26/100 psn
|-enditem|p1a: Exeggutor|Sitrus Berry|[eat]
|-heal|p1a: Exeggutor|50/100 psn|[from] item: Sitrus Berry
|
|-heal|p2a: Volcanion|94/100|[from] item: Leftovers
|-damage|p2a: Volcanion|82/100|[from] Leech Seed|[of] p1a: Exeggutor
|-heal|p1a: Exeggutor|61/100 psn|[silent]
|-damage|p1a: Exeggutor|49/100 psn|[from] psn
|-damage|p2a: Volcanion|57/100|[from] Curse
|-sideend|p1: Kanto's Finest|move: Light Screen
|-item|p1a: Exeggutor|Sitrus Berry|[from] ability: Harvest
|upkeep
|-enditem|p1a: Exeggutor|Sitrus Berry|[eat]
|-heal|p1a: Exeggutor|74/100 psn|[from] item: Sitrus Berry
|turn|9
|
|t:|1743800767
|switch|p2a: Basculegion|Basculegion-F, F, shiny|100/100
|move|p1a: Exeggutor|Leech Seed|p2a: Basculegion
|-start|p2a: Basculegion|move: Leech Seed
|
|-damage|p2a: Basculegion|88/100|[from] Leech Seed|[of] p1a: Exeggutor
|-heal|p1a: Exeggutor|86/100 psn|[silent]
|-damage|p1a: Exeggutor|73/100 psn|[from] psn
|-item|p1a: Exeggutor|Sitrus Berry|[from] ability: Harvest
|upkeep
|turn|10
|
|t:|1743800773
|move|p1a: Exeggutor|Protect|p1a: Exeggutor
|-singleturn|p1a: Exeggutor|Protect
|move|p2a: Basculegion|Shadow Ball|p1a: Exeggutor
|-activate|p1a: Exeggutor|move: Protect
|
|-damage|p2a: Basculegion|76/100|[from] Leech Seed|[of] p1a: Exeggutor
|-heal|p1a: Exeggutor|85/100 psn|[silent]
|-damage|p1a: Exeggutor|73/100 psn|[from] psn
|upkeep
|turn|11
|
|t:|1743800782
|switch|p1a: Chansey|Chansey, F|100/100
|move|p2a: Basculegion|Shadow Ball|p1a: Chansey
|-immune|p1a: Chansey
|
|-damage|p2a: Basculegion|63/100|[from] Leech Seed|[of] p1a: Chansey
|upkeep
|turn|12
|
|t:|1743800801
|switch|p2a: Kyurem|Kyurem|100/100
|-ability|p2a: Kyurem|Pressure
|move|p1a: Chansey|Stealth Rock|p2a: Kyurem
|-sidestart|p2: aarav1616|move: Stealth Rock
|
|upkeep
|turn|13
|
|t:|1743800809
|move|p1a: Chansey|Seismic Toss|p2a: Kyurem
|-damage|p2a: Kyurem|75/100
|move|p2a: Kyurem|Dragon Tail|p1a: Chansey|[miss]
|-miss|p2a: Kyurem|p1a: Chansey
|
|upkeep
|turn|14
|
|t:|1743800816
|move|p1a: Chansey|Seismic Toss|p2a: Kyurem
|-damage|p2a: Kyurem|49/100
|move|p2a: Kyurem|Dragon Tail|p1a: Chansey
|-damage|p1a: Chansey|78/100
|drag|p1a: Golduck|Golduck, F, shiny|100/100
|-ability|p1a: Golduck|Cloud Nine
|
|upkeep
|turn|15
|
|t:|1743800826
|move|p1a: Golduck|Encore|p2a: Kyurem
|-start|p2a: Kyurem|Encore
|move|p2a: Kyurem|Dragon Tail|p1a: Golduck
|-crit|p1a: Golduck
|-damage|p1a: Golduck|36/100
|drag|p1a: Tentacruel|Tentacruel, M|100/100
|
|upkeep
|turn|16
|
|t:|1743800834
|move|p1a: Tentacruel|Toxic Spikes|p2a: Kyurem
|-sidestart|p2: aarav1616|move: Toxic Spikes
|move|p2a: Kyurem|Dragon Tail|p1a: Tentacruel
|-damage|p1a: Tentacruel|61/100
|drag|p1a: Chansey|Chansey, F|78/100
|
|upkeep
|turn|17
|
|t:|1743800842
|move|p1a: Chansey|Healing Wish|p1a: Chansey
|faint|p1a: Chansey
|move|p2a: Kyurem|Dragon Tail|p1: Chansey|[notarget]
|-fail|p2a: Kyurem
|
|-end|p2a: Kyurem|Encore
|upkeep
|
|t:|1743800847
|switch|p1a: Golduck|Golduck, F, shiny|36/100
|-heal|p1a: Golduck|100/100|[from] move: Healing Wish
|-ability|p1a: Golduck|Cloud Nine
|turn|18
|
|t:|1743800851
|move|p1a: Golduck|Protect|p1a: Golduck
|-singleturn|p1a: Golduck|Protect
|move|p2a: Kyurem|Dragon Dance|p2a: Kyurem
|-boost|p2a: Kyurem|atk|1
|-boost|p2a: Kyurem|spe|1
|
|upkeep
|turn|19
|
|t:|1743800859
|switch|p1a: Mr. Moonlight|Clefable, F|100/100
|move|p2a: Kyurem|Dragon Tail|p1a: Mr. Moonlight
|-immune|p1a: Mr. Moonlight
|
|upkeep
|turn|20
|
|t:|1743800867
|move|p2a: Kyurem|Iron Head|p1a: Mr. Moonlight
|-supereffective|p1a: Mr. Moonlight
|-damage|p1a: Mr. Moonlight|50/100
|move|p1a: Mr. Moonlight|Cosmic Power|p1a: Mr. Moonlight
|-boost|p1a: Mr. Moonlight|def|1
|-boost|p1a: Mr. Moonlight|spd|1
|
|upkeep
|turn|21
|
|t:|1743800873
|move|p2a: Kyurem|Iron Head|p1a: Mr. Moonlight
|-supereffective|p1a: Mr. Moonlight
|-crit|p1a: Mr. Moonlight
|-damage|p1a: Mr. Moonlight|0 fnt
|faint|p1a: Mr. Moonlight
|
|upkeep
|inactive|Kanto's Finest has 120 seconds left.
|
|t:|1743800906
|switch|p1a: Golduck|Golduck, F, shiny|100/100
|-ability|p1a: Golduck|Cloud Nine
|turn|22
|inactive|Kanto's Finest has 120 seconds left.
|
|t:|1743800917
|move|p1a: Golduck|Encore|p2a: Kyurem
|-start|p2a: Kyurem|Encore
|move|p2a: Kyurem|Iron Head|p1a: Golduck
|-resisted|p1a: Golduck
|-damage|p1a: Golduck|74/100
|
|upkeep
|turn|23
|
|t:|1743800927
|switch|p2a: Volcanion|Volcanion|57/100
|-damage|p2a: Volcanion|32/100|[from] Stealth Rock
|-status|p2a: Volcanion|psn
|move|p1a: Golduck|Disable||[still]
|-fail|p1a: Golduck
|
|-heal|p2a: Volcanion|38/100 psn|[from] item: Leftovers
|-damage|p2a: Volcanion|26/100 psn|[from] psn
|upkeep
|turn|24
|
|t:|1743800938
|move|p1a: Golduck|Protect|p1a: Golduck
|-singleturn|p1a: Golduck|Protect
|move|p2a: Volcanion|Sludge Bomb|p1a: Golduck
|-activate|p1a: Golduck|move: Protect
|
|-heal|p2a: Volcanion|32/100 psn|[from] item: Leftovers
|-damage|p2a: Volcanion|20/100 psn|[from] psn
|upkeep
|turn|25
|
|t:|1743800957
|switch|p1a: Tentacruel|Tentacruel, M|61/100
|move|p2a: Volcanion|Sludge Bomb|p1a: Tentacruel
|-resisted|p1a: Tentacruel
|-damage|p1a: Tentacruel|48/100
|
|-heal|p1a: Tentacruel|54/100|[from] item: Leftovers
|-heal|p2a: Volcanion|26/100 psn|[from] item: Leftovers
|-damage|p2a: Volcanion|14/100 psn|[from] psn
|upkeep
|turn|26
|
|t:|1743800968
|switch|p2a: Gliscor|Gliscor, M, shiny|100/100
|-damage|p2a: Gliscor|88/100|[from] Stealth Rock
|move|p1a: Tentacruel|Toxic Spikes|p2a: Gliscor
|-sidestart|p2: aarav1616|move: Toxic Spikes
|
|-heal|p1a: Tentacruel|60/100|[from] item: Leftovers
|-status|p2a: Gliscor|tox|[from] item: Toxic Orb
|upkeep
|turn|27
|
|t:|1743800973
|move|p2a: Gliscor|Swords Dance|p2a: Gliscor
|-boost|p2a: Gliscor|atk|2
|move|p1a: Tentacruel|Flip Turn|p2a: Gliscor
|-supereffective|p2a: Gliscor
|-damage|p2a: Gliscor|61/100 tox
|
|t:|1743800979
|switch|p1a: Golduck|Golduck, F, shiny|74/100|[from] Flip Turn
|-ability|p1a: Golduck|Cloud Nine
|
|-heal|p2a: Gliscor|74/100 tox|[from] ability: Poison Heal
|upkeep
|turn|28
|
|t:|1743800986
|move|p2a: Gliscor|Fling|p1a: Golduck
|-damage|p1a: Golduck|57/100
|-status|p1a: Golduck|tox
|-enditem|p2a: Gliscor|Toxic Orb|[from] move: Fling
|move|p1a: Golduck|Encore|p2a: Gliscor
|-start|p2a: Gliscor|Encore
|
|-heal|p2a: Gliscor|86/100 tox|[from] ability: Poison Heal
|-damage|p1a: Golduck|50/100 tox|[from] psn
|upkeep
|turn|29
|
|t:|1743801005
|switch|p2a: Iron Leaves|Iron Leaves|100/100
|-damage|p2a: Iron Leaves|88/100|[from] Stealth Rock
|-status|p2a: Iron Leaves|tox
|switch|p1a: Exeggutor|Exeggutor, M, tera:Ghost|73/100 psn
|
|-damage|p2a: Iron Leaves|82/100 tox|[from] psn
|-damage|p1a: Exeggutor|60/100 psn|[from] psn
|upkeep
|turn|30
|
|t:|1743801020
|move|p2a: Iron Leaves|Night Slash|p1a: Exeggutor
|-supereffective|p1a: Exeggutor
|-crit|p1a: Exeggutor
|-damage|p1a: Exeggutor|0 fnt
|faint|p1a: Exeggutor
|
|-damage|p2a: Iron Leaves|69/100 tox|[from] psn
|upkeep
|
|t:|1743801025
|switch|p1a: Golduck|Golduck, F, shiny|50/100 tox
|-ability|p1a: Golduck|Cloud Nine
|turn|31
|
|t:|1743801028
|move|p1a: Golduck|Protect|p1a: Golduck
|-singleturn|p1a: Golduck|Protect
|move|p2a: Iron Leaves|Night Slash|p1a: Golduck
|-activate|p1a: Golduck|move: Protect
|
|-damage|p2a: Iron Leaves|51/100 tox|[from] psn
|-damage|p1a: Golduck|44/100 tox|[from] psn
|upkeep
|turn|32
|
|t:|1743801036
|move|p2a: Iron Leaves|Night Slash|p1a: Golduck
|-damage|p1a: Golduck|3/100 tox
|move|p1a: Golduck|Disable|p2a: Iron Leaves
|-start|p2a: Iron Leaves|Disable|Night Slash
|
|-damage|p2a: Iron Leaves|26/100 tox|[from] psn
|-damage|p1a: Golduck|0 fnt|[from] psn
|faint|p1a: Golduck
|upkeep
|
|t:|1743801043
|switch|p1a: Tentacruel|Tentacruel, M|60/100
|turn|33
|
|t:|1743801052
|-end|p2a: Iron Leaves|Quark Drive|[silent]
|switch|p2a: Gliscor|Gliscor, M, shiny|86/100 tox
|-damage|p2a: Gliscor|74/100 tox|[from] Stealth Rock
|move|p1a: Tentacruel|Rapid Spin|p2a: Gliscor
|-damage|p2a: Gliscor|66/100 tox
|-boost|p1a: Tentacruel|spe|1
|
|-heal|p1a: Tentacruel|66/100|[from] item: Leftovers
|-heal|p2a: Gliscor|79/100 tox|[from] ability: Poison Heal
|upkeep
|turn|34
|
|t:|1743801061
|move|p1a: Tentacruel|Flip Turn|p2a: Gliscor
|-supereffective|p2a: Gliscor
|-damage|p2a: Gliscor|52/100 tox
|move|p2a: Gliscor|Acrobatics|p1a: Tentacruel
|-damage|p1a: Tentacruel|19/100
|
|-heal|p1a: Tentacruel|25/100|[from] item: Leftovers
|-heal|p2a: Gliscor|64/100 tox|[from] ability: Poison Heal
|upkeep
|turn|35
|
|t:|1743801070
|move|p1a: Tentacruel|Flip Turn|p2a: Gliscor
|-supereffective|p2a: Gliscor
|-damage|p2a: Gliscor|37/100 tox
|move|p2a: Gliscor|Acrobatics|p1a: Tentacruel
|-damage|p1a: Tentacruel|0 fnt
|faint|p1a: Tentacruel
|
|win|aarav1616
|raw|Kanto&apos;s Finest's rating: 1133 &rarr; <strong>1106</strong><br />(-27 for losing)
|raw|aarav1616's rating: 1103 &rarr; <strong>1130</strong><br />(+27 for winning)
|l|☆Kanto's Finest
|player|p1|
|l|☆aarav1616
|player|p2|
