|j|☆jxrx
|j|☆the.ramen.gang
|t:|1743884827
|gametype|singles
|player|p1|jxrx|norman|1244
|player|p2|the.ramen.gang|170|1201
|teamsize|p1|6
|teamsize|p2|6
|gen|9
|tier|[Gen 9] OU
|rated|
|rule|HP Percentage Mod: HP is shown in percentages
|rule|Endless Battle Clause: Forcing endless battles is banned
|rule|Species Clause: Limit one of each Pokémon
|rule|OHKO Clause: OHKO moves are banned
|rule|Evasion Items Clause: Evasion items are banned
|rule|Evasion Moves Clause: Evasion moves are banned
|rule|Sleep Moves Clause: Sleep-inducing moves are banned
|clearpoke
|poke|p1|Great Tusk|
|poke|p1|Muk-Alola, F|
|poke|p1|Dragapult, M|
|poke|p1|Vileplume, M|
|poke|p1|Magnezone|
|poke|p1|Altaria, F|
|poke|p2|Scrafty, F|
|poke|p2|Florges, F|
|poke|p2|Houndstone, F|
|poke|p2|Rotom-Wash|
|poke|p2|Oricorio-Pom-Pom, M|
|poke|p2|Clawitzer, F|
|teampreview
|inactive|Battle timer is ON: inactive players will automatically lose when time's up. (requested by jxrx)
|
|t:|1743884841
|start
|switch|p1a: Altaria|Altaria, F, shiny|100/100
|switch|p2a: Clawitzer|Clawitzer, F|100/100
|turn|1
|inactive|jxrx has 120 seconds left.
|
|t:|1743884901
|switch|p1a: Muk|Muk-Alola, F|100/100
|move|p2a: Clawitzer|Dragon Pulse|p1a: Muk
|-damage|p1a: Muk|72/100
|
|upkeep
|turn|2
|inactive|jxrx has 90 seconds left.
|inactive|jxrx has 60 seconds left.
|
|t:|1743884958
|switch|p2a: Oricorio|Oricorio-Pom-Pom, M|100/100
|move|p1a: Muk|Knock Off|p2a: Oricorio
|-damage|p2a: Oricorio|50/100
|-enditem|p2a: Oricorio|Focus Sash|[from] move: Knock Off|[of] p1a: Muk
|
|upkeep
|turn|3
|
|t:|1743884966
|move|p2a: Oricorio|Roost|p2a: Oricorio
|-heal|p2a: Oricorio|99/100
|-singleturn|p2a: Oricorio|move: Roost
|move|p1a: Muk|Poison Fang|p2a: Oricorio
|-damage|p2a: Oricorio|72/100
|-status|p2a: Oricorio|tox
|
|-damage|p2a: Oricorio|66/100 tox|[from] psn
|upkeep
|turn|4
|
|t:|1743884976
|move|p2a: Oricorio|Quiver Dance|p2a: Oricorio
|-boost|p2a: Oricorio|spa|1
|-boost|p2a: Oricorio|spd|1
|-boost|p2a: Oricorio|spe|1
|move|p1a: Muk|Knock Off|p2a: Oricorio
|-damage|p2a: Oricorio|27/100 tox
|
|-damage|p2a: Oricorio|15/100 tox|[from] psn
|upkeep
|turn|5
|inactive|jxrx has 60 seconds left.
|
|t:|1743885008
|move|p1a: Muk|Shadow Sneak|p2a: Oricorio
|-damage|p2a: Oricorio|0 fnt
|faint|p2a: Oricorio
|
|upkeep
|
|t:|1743885016
|switch|p2a: Florges|Florges, F|100/100
|turn|6
|
|t:|1743885031
|-terastallize|p2a: Florges|Ground
|move|p2a: Florges|Tera Blast|p1a: Muk|[anim] Tera Blast Ground
|-supereffective|p1a: Muk
|-damage|p1a: Muk|38/100
|move|p1a: Muk|Poison Fang|p2a: Florges
|-resisted|p2a: Florges
|-damage|p2a: Florges|88/100
|
|upkeep
|turn|7
|
|t:|1743885038
|move|p2a: Florges|Tera Blast|p1a: Muk|[anim] Tera Blast Ground
|-supereffective|p1a: Muk
|-damage|p1a: Muk|5/100
|move|p1a: Muk|Poison Fang|p2a: Florges
|-resisted|p2a: Florges
|-damage|p2a: Florges|77/100
|-status|p2a: Florges|tox
|
|-damage|p2a: Florges|71/100 tox|[from] psn
|upkeep
|turn|8
|
|t:|1743885043
|move|p2a: Florges|Tera Blast|p1a: Muk|[anim] Tera Blast Ground
|-supereffective|p1a: Muk
|-damage|p1a: Muk|0 fnt
|faint|p1a: Muk
|
|-damage|p2a: Florges|59/100 tox|[from] psn
|upkeep
|inactive|jxrx has 60 seconds left.
|
|t:|1743885049
|switch|p1a: Dragapult|Dragapult, M|100/100
|turn|9
|
|t:|1743885057
|switch|p1a: Vileplume|Vileplume, M|100/100
|move|p2a: Florges|Moonblast|p1a: Vileplume
|-resisted|p1a: Vileplume
|-damage|p1a: Vileplume|77/100
|
|-damage|p2a: Florges|40/100 tox|[from] psn
|upkeep
|turn|10
|
|t:|1743885062
|move|p2a: Florges|Tera Blast|p1a: Vileplume|[anim] Tera Blast Ground
|-damage|p1a: Vileplume|31/100
|move|p1a: Vileplume|Giga Drain|p2a: Florges
|-supereffective|p2a: Florges
|-damage|p2a: Florges|7/100 tox
|-heal|p1a: Vileplume|48/100|[from] drain|[of] p2a: Florges
|
|-damage|p2a: Florges|0 fnt|[from] psn
|faint|p2a: Florges
|upkeep
|
|t:|1743885081
|switch|p2a: Clawitzer|Clawitzer, F|100/100
|turn|11
|
|t:|1743885097
|switch|p1a: Magnezone|Magnezone|100/100
|move|p2a: Clawitzer|Dragon Pulse|p1a: Magnezone
|-resisted|p1a: Magnezone
|-damage|p1a: Magnezone|58/100
|
|upkeep
|turn|12
|
|t:|1743885103
|switch|p2a: Rotom|Rotom-Wash|100/100
|move|p1a: Magnezone|Volt Switch|p2a: Rotom
|-damage|p2a: Rotom|54/100
|inactive|jxrx has 60 seconds left.
|inactive|jxrx has 30 seconds left.
|inactive|jxrx has 20 seconds left.
|inactive|jxrx has 15 seconds left.
|
|t:|1743885180
|switch|p1a: Vileplume|Vileplume, M|48/100|[from] Volt Switch
|
|upkeep
|turn|13
|inactive|jxrx has 25 seconds left this turn.
|
|t:|1743885194
|move|p2a: Rotom|Hydro Pump|p1a: Vileplume|[miss]
|-miss|p2a: Rotom|p1a: Vileplume
|move|p1a: Vileplume|Giga Drain|p2a: Rotom
|-supereffective|p2a: Rotom
|-damage|p2a: Rotom|8/100
|-heal|p1a: Vileplume|68/100|[from] drain|[of] p2a: Rotom
|
|upkeep
|turn|14
|inactive|jxrx has 30 seconds left.
|inactive|jxrx has 20 seconds left.
|inactive|jxrx has 15 seconds left.
|inactive|jxrx has 10 seconds left.
|
|t:|1743885222
|switch|p1a: Altaria|Altaria, F, shiny|100/100
|move|p2a: Rotom|Pain Split|p1a: Altaria
|-sethp|p1a: Altaria|54/100|[from] move: Pain Split|[silent]
|-sethp|p2a: Rotom|59/100|[from] move: Pain Split
|
|upkeep
|turn|15
|inactive|jxrx has 20 seconds left this turn.
|inactive|jxrx has 15 seconds left.
|
|t:|1743885228
|move|p2a: Rotom|Thunder|p1a: Altaria|[miss]
|-miss|p2a: Rotom|p1a: Altaria
|move|p1a: Altaria|Will-O-Wisp|p2a: Rotom
|-status|p2a: Rotom|brn
|
|-damage|p2a: Rotom|52/100 brn|[from] brn
|upkeep
|turn|16
|inactive|jxrx has 25 seconds left this turn.
|
|t:|1743885233
|move|p2a: Rotom|Thunder|p1a: Altaria
|-damage|p1a: Altaria|20/100
|-status|p1a: Altaria|par
|cant|p1a: Altaria|par
|
|-damage|p2a: Rotom|46/100 brn|[from] brn
|upkeep
|turn|17
|inactive|jxrx has 30 seconds left.
|
|t:|1743885246
|move|p2a: Rotom|Thunder|p1a: Altaria
|-crit|p1a: Altaria
|-damage|p1a: Altaria|0 fnt
|faint|p1a: Altaria
|
|-damage|p2a: Rotom|40/100 brn|[from] brn
|upkeep
|inactive|jxrx has 30 seconds left this turn.
|
|t:|1743885249
|switch|p1a: Magnezone|Magnezone|58/100
|turn|18
|
|t:|1743885253
|move|p2a: Rotom|Pain Split|p1a: Magnezone
|-sethp|p1a: Magnezone|49/100|[from] move: Pain Split|[silent]
|-sethp|p2a: Rotom|49/100 brn|[from] move: Pain Split
|move|p1a: Magnezone|Thunderbolt|p2a: Rotom
|-damage|p2a: Rotom|0 fnt
|faint|p2a: Rotom
|
|upkeep
|
|t:|1743885258
|switch|p2a: Scrafty|Scrafty, F|100/100
|turn|19
|
|t:|1743885275
|move|p1a: Magnezone|Thunderbolt|p2a: Scrafty
|-damage|p2a: Scrafty|47/100
|move|p2a: Scrafty|Bulk Up|p2a: Scrafty
|-boost|p2a: Scrafty|atk|1
|-boost|p2a: Scrafty|def|1
|
|upkeep
|turn|20
|
|t:|1743885278
|move|p1a: Magnezone|Thunderbolt|p2a: Scrafty
|-damage|p2a: Scrafty|0 fnt
|faint|p2a: Scrafty
|
|upkeep
|
|t:|1743885281
|switch|p2a: Houndstone|Houndstone, F|100/100
|turn|21
|inactive|jxrx has 60 seconds left.
|
|t:|1743885305
|move|p1a: Magnezone|Thunderbolt|p2a: Houndstone
|-damage|p2a: Houndstone|24/100
|move|p2a: Houndstone|Body Press|p1a: Magnezone
|-supereffective|p1a: Magnezone
|-damage|p1a: Magnezone|0 fnt
|faint|p1a: Magnezone
|
|upkeep
|
|t:|1743885309
|switch|p1a: Great Tusk|Great Tusk|100/100
|turn|22
|
|t:|1743885312
|move|p1a: Great Tusk|Headlong Rush|p2a: Houndstone
|-damage|p2a: Houndstone|3/100
|-unboost|p1a: Great Tusk|def|1
|-unboost|p1a: Great Tusk|spd|1
|-damage|p1a: Great Tusk|84/100|[from] item: Rocky Helmet|[of] p2a: Houndstone
|move|p2a: Houndstone|Will-O-Wisp|p1a: Great Tusk|[miss]
|-miss|p2a: Houndstone|p1a: Great Tusk
|
|upkeep
|turn|23
|inactive|jxrx has 60 seconds left.
|
|t:|1743885349
|move|p1a: Great Tusk|Headlong Rush|p2a: Houndstone
|-damage|p2a: Houndstone|0 fnt
|-unboost|p1a: Great Tusk|def|1
|-unboost|p1a: Great Tusk|spd|1
|-damage|p1a: Great Tusk|68/100|[from] item: Rocky Helmet|[of] p2a: Houndstone
|faint|p2a: Houndstone
|
|upkeep
|
|t:|1743885353
|switch|p2a: Clawitzer|Clawitzer, F|100/100
|turn|24
|
|t:|1743885362
|move|p1a: Great Tusk|Headlong Rush|p2a: Clawitzer
|-damage|p2a: Clawitzer|26/100
|-unboost|p1a: Great Tusk|def|1
|-unboost|p1a: Great Tusk|spd|1
|move|p2a: Clawitzer|Dragon Pulse|p1a: Great Tusk
|-damage|p1a: Great Tusk|0 fnt
|faint|p1a: Great Tusk
|-end|p1a: Great Tusk|Protosynthesis|[silent]
|
|upkeep
|
|t:|1743885365
|switch|p1a: Dragapult|Dragapult, M|100/100
|turn|25
|
|t:|1743885369
|move|p1a: Dragapult|Dragon Darts|p2a: Clawitzer
|-damage|p2a: Clawitzer|0 fnt
|faint|p2a: Clawitzer
|
|win|jxrx
|raw|jxrx's rating: 1264 &rarr; <strong>1285</strong><br />(+21 for winning)
|raw|the.ramen.gang's rating: 1201 &rarr; <strong>1180</strong><br />(-21 for losing)
|l|☆the.ramen.gang
|player|p2|
|l|☆jxrx
|player|p1|
