|j|☆Tapuuuuuuu
|j|☆Crabish29
|t:|1743891471
|gametype|singles
|player|p1|Tapuuuuuuu|2|1267
|player|p2|Crabish29|brycenman|1214
|teamsize|p1|6
|teamsize|p2|6
|gen|9
|tier|[Gen 9] OU
|rated|
|rule|HP Percentage Mod: HP is shown in percentages
|rule|Endless Battle Clause: Forcing endless battles is banned
|rule|Species Clause: Limit one of each Pokémon
|rule|OHKO Clause: OHKO moves are banned
|rule|Evasion Items Clause: Evasion items are banned
|rule|Evasion Moves Clause: Evasion moves are banned
|rule|Sleep Moves Clause: Sleep-inducing moves are banned
|clearpoke
|poke|p1|Ambipom, F|
|poke|p1|Meowscarada, M|
|poke|p1|Garganacl, M|
|poke|p1|Zapdos|
|poke|p1|Iron Valiant|
|poke|p1|Rotom-Wash|
|poke|p2|Chandelure, F|
|poke|p2|Conkeldurr, F|
|poke|p2|Torterra, M|
|poke|p2|Grimmsnarl, M|
|poke|p2|Tentacruel, F|
|poke|p2|Salamence, F|
|teampreview
|inactive|Battle timer is ON: inactive players will automatically lose when time's up. (requested by Tapuuuuuuu)
|
|t:|1743891490
|start
|switch|p1a: Ambipom|Ambipom, F|100/100
|switch|p2a: Squidward|Tentacruel, F|100/100
|turn|1
|
|t:|1743891499
|move|p1a: Ambipom|Fake Out|p2a: Squidward
|-damage|p2a: Squidward|60/100
|cant|p2a: Squidward|flinch
|
|-heal|p2a: Squidward|66/100|[from] item: Leftovers
|upkeep
|turn|2
|
|t:|1743891506
|switch|p2a: The big liz|Salamence, F|100/100
|-ability|p2a: The big liz|Intimidate|boost
|-unboost|p1a: Ambipom|atk|1
|move|p1a: Ambipom|U-turn|p2a: The big liz
|-resisted|p2a: The big liz
|-damage|p2a: The big liz|92/100
|
|t:|1743891512
|switch|p1a: Meowscarada|Meowscarada, M|100/100|[from] U-turn
|
|upkeep
|turn|3
|
|t:|1743891523
|switch|p2a: Squidward|Tentacruel, F|66/100
|move|p1a: Meowscarada|Triple Axel|p2a: Squidward
|-start|p1a: Meowscarada|typechange|Ice|[from] ability: Protean
|-resisted|p2a: Squidward
|-damage|p2a: Squidward|60/100
|-resisted|p2a: Squidward
|-damage|p2a: Squidward|48/100
|-hitcount|p2a: Squidward|2
|
|-heal|p2a: Squidward|54/100|[from] item: Leftovers
|upkeep
|turn|4
|
|t:|1743891544
|move|p1a: Meowscarada|Knock Off|p2a: Squidward
|-damage|p2a: Squidward|12/100
|-enditem|p2a: Squidward|Leftovers|[from] move: Knock Off|[of] p1a: Meowscarada
|move|p2a: Squidward|Sludge Bomb|p1a: Meowscarada
|-damage|p1a: Meowscarada|47/100
|
|upkeep
|turn|5
|
|t:|1743891556
|move|p1a: Meowscarada|Knock Off|p2a: Squidward
|-damage|p2a: Squidward|0 fnt
|faint|p2a: Squidward
|
|upkeep
|
|t:|1743891564
|switch|p2a: Bayblade|Chandelure, F|100/100
|turn|6
|
|t:|1743891570
|switch|p1a: Rotom|Rotom-Wash|100/100
|move|p2a: Bayblade|Flamethrower|p1a: Rotom
|-resisted|p1a: Rotom
|-damage|p1a: Rotom|62/100
|
|-heal|p1a: Rotom|69/100|[from] item: Leftovers
|upkeep
|turn|7
|
|t:|1743891584
|switch|p2a: Reddit mod|Grimmsnarl, M|100/100
|move|p1a: Rotom|Volt Switch|p2a: Reddit mod
|-damage|p2a: Reddit mod|72/100
|
|t:|1743891593
|switch|p1a: Iron Valiant|Iron Valiant|100/100|[from] Volt Switch
|-enditem|p1a: Iron Valiant|Booster Energy
|-activate|p1a: Iron Valiant|ability: Quark Drive|[fromitem]
|-start|p1a: Iron Valiant|quarkdrivespe
|
|upkeep
|turn|8
|
|t:|1743891600
|move|p2a: Reddit mod|Trick|p1a: Iron Valiant
|-activate|p2a: Reddit mod|move: Trick|[of] p1a: Iron Valiant
|-item|p1a: Iron Valiant|Choice Scarf|[from] move: Trick
|-enditem|p2a: Reddit mod|Choice Scarf|[silent]|[from] move: Trick
|move|p1a: Iron Valiant|Calm Mind|p1a: Iron Valiant
|-boost|p1a: Iron Valiant|spa|1
|-boost|p1a: Iron Valiant|spd|1
|
|upkeep
|turn|9
|
|t:|1743891614
|-end|p1a: Iron Valiant|Quark Drive|[silent]
|switch|p1a: Rotom|Rotom-Wash|69/100
|move|p2a: Reddit mod|Play Rough|p1a: Rotom|[miss]
|-miss|p2a: Reddit mod|p1a: Rotom
|
|-heal|p1a: Rotom|75/100|[from] item: Leftovers
|upkeep
|turn|10
|
|t:|1743891629
|move|p2a: Reddit mod|Trick|p1a: Rotom
|-activate|p2a: Reddit mod|move: Trick|[of] p1a: Rotom
|-enditem|p1a: Rotom|Leftovers|[silent]|[from] move: Trick
|-item|p2a: Reddit mod|Leftovers|[from] move: Trick
|move|p1a: Rotom|Will-O-Wisp|p2a: Reddit mod
|-status|p2a: Reddit mod|brn
|
|-heal|p2a: Reddit mod|78/100 brn|[from] item: Leftovers
|-damage|p2a: Reddit mod|72/100 brn|[from] brn
|upkeep
|turn|11
|
|t:|1743891640
|switch|p2a: Turt boi|Torterra, M|100/100
|move|p1a: Rotom|Volt Switch|p2a: Turt boi
|-immune|p2a: Turt boi
|
|upkeep
|turn|12
|
|t:|1743891647
|move|p1a: Rotom|Will-O-Wisp|p2a: Turt boi
|-status|p2a: Turt boi|brn
|move|p2a: Turt boi|Stealth Rock|p1a: Rotom
|-sidestart|p1: Tapuuuuuuu|move: Stealth Rock
|
|-damage|p2a: Turt boi|94/100 brn|[from] brn
|upkeep
|turn|13
|
|t:|1743891655
|move|p1a: Rotom|Hydro Pump|p2a: Turt boi
|-damage|p2a: Turt boi|60/100 brn
|move|p2a: Turt boi|Seed Bomb|p1a: Rotom
|-supereffective|p1a: Rotom
|-crit|p1a: Rotom
|-damage|p1a: Rotom|16/100
|
|-damage|p2a: Turt boi|54/100 brn|[from] brn
|upkeep
|turn|14
|
|t:|1743891665
|move|p1a: Rotom|Protect|p1a: Rotom
|-singleturn|p1a: Rotom|Protect
|move|p2a: Turt boi|Seed Bomb|p1a: Rotom
|-activate|p1a: Rotom|move: Protect
|
|-damage|p2a: Turt boi|48/100 brn|[from] brn
|upkeep
|turn|15
|
|t:|1743891674
|move|p1a: Rotom|Hydro Pump|p2a: Turt boi
|-damage|p2a: Turt boi|12/100 brn
|move|p2a: Turt boi|Seed Bomb|p1a: Rotom
|-supereffective|p1a: Rotom
|-damage|p1a: Rotom|0 fnt
|faint|p1a: Rotom
|
|-damage|p2a: Turt boi|6/100 brn|[from] brn
|upkeep
|
|t:|1743891680
|switch|p1a: Ambipom|Ambipom, F|100/100
|-damage|p1a: Ambipom|88/100|[from] Stealth Rock
|turn|16
|
|t:|1743891688
|move|p1a: Ambipom|U-turn|p2a: Turt boi
|-supereffective|p2a: Turt boi
|-damage|p2a: Turt boi|0 fnt
|-damage|p1a: Ambipom|72/100|[from] item: Rocky Helmet|[of] p2a: Turt boi
|faint|p2a: Turt boi
|
|t:|1743891697
|switch|p1a: Zapdos|Zapdos|100/100|[from] U-turn
|
|upkeep
|
|t:|1743891708
|switch|p2a: Mr.gains|Conkeldurr, F|100/100
|turn|17
|
|t:|1743891718
|-terastallize|p2a: Mr.gains|Steel
|move|p1a: Zapdos|Hurricane|p2a: Mr.gains
|-resisted|p2a: Mr.gains
|-damage|p2a: Mr.gains|74/100
|move|p2a: Mr.gains|Stone Edge|p1a: Zapdos
|-supereffective|p1a: Zapdos
|-damage|p1a: Zapdos|39/100
|
|-status|p2a: Mr.gains|brn|[from] item: Flame Orb
|upkeep
|turn|18
|
|t:|1743891729
|move|p1a: Zapdos|Volt Switch|p2a: Mr.gains
|-damage|p2a: Mr.gains|41/100 brn
|
|t:|1743891736
|switch|p1a: Iron Valiant|Iron Valiant|100/100|[from] Volt Switch
|-damage|p1a: Iron Valiant|94/100|[from] Stealth Rock
|move|p2a: Mr.gains|Knock Off|p1a: Iron Valiant
|-resisted|p1a: Iron Valiant
|-damage|p1a: Iron Valiant|75/100
|-enditem|p1a: Iron Valiant|Choice Scarf|[from] move: Knock Off|[of] p2a: Mr.gains
|
|-damage|p2a: Mr.gains|35/100 brn|[from] brn
|upkeep
|turn|19
|
|t:|1743891757
|switch|p2a: Bayblade|Chandelure, F|100/100
|move|p1a: Iron Valiant|Calm Mind|p1a: Iron Valiant
|-boost|p1a: Iron Valiant|spa|1
|-boost|p1a: Iron Valiant|spd|1
|
|upkeep
|turn|20
|
|t:|1743891767
|move|p2a: Bayblade|Flamethrower|p1a: Iron Valiant
|-damage|p1a: Iron Valiant|13/100
|move|p1a: Iron Valiant|Shadow Ball|p2a: Bayblade
|-supereffective|p2a: Bayblade
|-damage|p2a: Bayblade|0 fnt
|faint|p2a: Bayblade
|
|upkeep
|
|t:|1743891779
|switch|p2a: Reddit mod|Grimmsnarl, M|72/100 brn
|turn|21
|
|t:|1743891785
|move|p1a: Iron Valiant|Moonblast|p2a: Reddit mod
|-supereffective|p2a: Reddit mod
|-damage|p2a: Reddit mod|0 fnt
|faint|p2a: Reddit mod
|
|upkeep
|-message|Crabish29 forfeited.
|
|win|Tapuuuuuuu
|raw|Tapuuuuuuu's rating: 1267 &rarr; <strong>1288</strong><br />(+21 for winning)
|raw|Crabish29's rating: 1214 &rarr; <strong>1193</strong><br />(-21 for losing)
|l|☆Crabish29
|player|p2|
|l|☆Tapuuuuuuu
|player|p1|
