|j|☆GenderQueerados
|j|☆ChrisSweeps
|t:|1743905468
|gametype|singles
|player|p1|GenderQueerados|wallace|1329
|player|p2|ChrisSweeps|veteran|1358
|teamsize|p1|6
|teamsize|p2|6
|gen|9
|tier|[Gen 9] OU
|rated|
|rule|HP Percentage Mod: HP is shown in percentages
|rule|Endless Battle Clause: Forcing endless battles is banned
|rule|Species Clause: Limit one of each Pokémon
|rule|OHKO Clause: OHKO moves are banned
|rule|Evasion Items Clause: Evasion items are banned
|rule|Evasion Moves Clause: Evasion moves are banned
|rule|Sleep Moves Clause: Sleep-inducing moves are banned
|clearpoke
|poke|p1|Empoleon, F|
|poke|p1|Gholdengo|
|poke|p1|Garchomp, F|
|poke|p1|Zapdos|
|poke|p1|Skeledirge, F|
|poke|p1|Darkrai|
|poke|p2|Blaziken, M|
|poke|p2|Dragapult, M|
|poke|p2|Dragonite, M|
|poke|p2|Great Tusk|
|poke|p2|Raging Bolt|
|poke|p2|Glimmora, M|
|teampreview
|inactive|Battle timer is ON: inactive players will automatically lose when time's up. (requested by ChrisSweeps)
|
|t:|1743905493
|start
|switch|p1a: Cynthia|Garchomp, F|100/100
|switch|p2a: Glimmora|Glimmora, M|100/100
|turn|1
|
|t:|1743905502
|move|p1a: Cynthia|Stealth Rock|p2a: Glimmora
|-sidestart|p2: ChrisSweeps|move: Stealth Rock
|move|p2a: Glimmora|Mortal Spin|p1a: Cynthia
|-resisted|p1a: Cynthia
|-damage|p1a: Cynthia|98/100
|-status|p1a: Cynthia|psn
|-damage|p2a: Glimmora|88/100|[from] ability: Rough Skin|[of] p1a: Cynthia
|-damage|p2a: Glimmora|72/100|[from] item: Rocky Helmet|[of] p1a: Cynthia
|-sideend|p2: ChrisSweeps|Stealth Rock|[from] move: Mortal Spin|[of] p2a: Glimmora
|
|-damage|p1a: Cynthia|85/100 psn|[from] psn
|upkeep
|turn|2
|
|t:|1743905518
|move|p1a: Cynthia|Stealth Rock|p2a: Glimmora
|-sidestart|p2: ChrisSweeps|move: Stealth Rock
|move|p2a: Glimmora|Stealth Rock|p1a: Cynthia
|-sidestart|p1: GenderQueerados|move: Stealth Rock
|
|-damage|p1a: Cynthia|73/100 psn|[from] psn
|upkeep
|turn|3
|
|t:|1743905533
|move|p1a: Cynthia|Earthquake|p2a: Glimmora
|-supereffective|p2a: Glimmora
|-damage|p2a: Glimmora|0 fnt
|-activate|p2a: Glimmora|ability: Toxic Debris
|-sidestart|p1: GenderQueerados|move: Toxic Spikes
|faint|p2a: Glimmora
|
|-damage|p1a: Cynthia|61/100 psn|[from] psn
|upkeep
|
|t:|1743905542
|switch|p2a: Dragapult|Dragapult, M|100/100
|turn|4
|
|t:|1743905548
|move|p2a: Dragapult|Draco Meteor|p1a: Cynthia
|-supereffective|p1a: Cynthia
|-damage|p1a: Cynthia|0 fnt
|-unboost|p2a: Dragapult|spa|2
|faint|p1a: Cynthia
|
|upkeep
|
|t:|1743905555
|switch|p1a: Gojo|Gholdengo|100/100
|-damage|p1a: Gojo|94/100|[from] Stealth Rock
|-item|p1a: Gojo|Air Balloon
|turn|5
|
|t:|1743905562
|move|p2a: Dragapult|U-turn|p1a: Gojo
|-resisted|p1a: Gojo
|-damage|p1a: Gojo|92/100
|-enditem|p1a: Gojo|Air Balloon
|
|t:|1743905569
|switch|p2a: Great Tusk|Great Tusk|100/100|[from] U-turn
|move|p1a: Gojo|Nasty Plot|p1a: Gojo
|-boost|p1a: Gojo|spa|2
|
|upkeep
|turn|6
|
|t:|1743905583
|-terastallize|p1a: Gojo|Ghost
|move|p2a: Great Tusk|Headlong Rush|p1a: Gojo
|-damage|p1a: Gojo|48/100
|-unboost|p2a: Great Tusk|def|1
|-unboost|p2a: Great Tusk|spd|1
|move|p1a: Gojo|Dazzling Gleam|p2a: Great Tusk
|-supereffective|p2a: Great Tusk
|-damage|p2a: Great Tusk|0 fnt
|faint|p2a: Great Tusk
|-end|p2a: Great Tusk|Protosynthesis|[silent]
|
|upkeep
|
|t:|1743905601
|switch|p2a: Blaziken|Blaziken, M, shiny|100/100
|-damage|p2a: Blaziken|88/100|[from] Stealth Rock
|turn|7
|
|t:|1743905611
|move|p2a: Blaziken|Protect|p2a: Blaziken
|-singleturn|p2a: Blaziken|Protect
|move|p1a: Gojo|Shadow Ball|p2a: Blaziken
|-activate|p2a: Blaziken|move: Protect
|
|-heal|p2a: Blaziken|94/100|[from] item: Leftovers
|-ability|p2a: Blaziken|Speed Boost|boost
|-boost|p2a: Blaziken|spe|1
|upkeep
|turn|8
|
|t:|1743905630
|switch|p1a: Coco|Skeledirge, F|100/100
|move|p2a: Blaziken|Flare Blitz|p1a: Coco
|-resisted|p1a: Coco
|-damage|p1a: Coco|81/100
|-damage|p2a: Blaziken|86/100|[from] Recoil
|
|-heal|p2a: Blaziken|92/100|[from] item: Leftovers
|-ability|p2a: Blaziken|Speed Boost|boost
|-boost|p2a: Blaziken|spe|1
|upkeep
|turn|9
|
|t:|1743905644
|move|p2a: Blaziken|Protect|p2a: Blaziken
|-singleturn|p2a: Blaziken|Protect
|move|p1a: Coco|Torch Song|p2a: Blaziken
|-activate|p2a: Blaziken|move: Protect
|
|-heal|p2a: Blaziken|98/100|[from] item: Leftovers
|-ability|p2a: Blaziken|Speed Boost|boost
|-boost|p2a: Blaziken|spe|1
|upkeep
|turn|10
|
|t:|1743905655
|switch|p2a: Dragapult|Dragapult, M|100/100
|move|p1a: Coco|Torch Song|p2a: Dragapult
|-resisted|p2a: Dragapult
|-crit|p2a: Dragapult
|-damage|p2a: Dragapult|68/100
|-boost|p1a: Coco|spa|1
|
|upkeep
|turn|11
|
|t:|1743905664
|move|p2a: Dragapult|Shadow Ball|p1a: Coco
|-supereffective|p1a: Coco
|-damage|p1a: Coco|5/100
|move|p1a: Coco|Will-O-Wisp|p2a: Dragapult
|-status|p2a: Dragapult|brn
|
|-damage|p2a: Dragapult|62/100 brn|[from] brn
|upkeep
|turn|12
|
|t:|1743905677
|switch|p1a: sapdoZ|Zapdos|100/100
|move|p2a: Dragapult|Shadow Ball|p1a: sapdoZ
|-damage|p1a: sapdoZ|78/100
|
|-damage|p2a: Dragapult|56/100 brn|[from] brn
|upkeep
|turn|13
|
|t:|1743905688
|move|p2a: Dragapult|Will-O-Wisp|p1a: sapdoZ
|-status|p1a: sapdoZ|brn
|move|p1a: sapdoZ|Roost|p1a: sapdoZ
|-heal|p1a: sapdoZ|100/100 brn
|-singleturn|p1a: sapdoZ|move: Roost
|
|-damage|p2a: Dragapult|50/100 brn|[from] brn
|-damage|p1a: sapdoZ|94/100 brn|[from] brn
|upkeep
|turn|14
|
|t:|1743905700
|move|p2a: Dragapult|Draco Meteor|p1a: sapdoZ
|-damage|p1a: sapdoZ|52/100 brn
|-unboost|p2a: Dragapult|spa|2
|move|p1a: sapdoZ|Discharge|p2a: Dragapult
|-resisted|p2a: Dragapult
|-damage|p2a: Dragapult|29/100 brn
|
|-damage|p2a: Dragapult|23/100 brn|[from] brn
|-damage|p1a: sapdoZ|46/100 brn|[from] brn
|upkeep
|turn|15
|
|t:|1743905710
|move|p2a: Dragapult|U-turn|p1a: sapdoZ
|-resisted|p1a: sapdoZ
|-damage|p1a: sapdoZ|42/100 brn
|
|t:|1743905713
|switch|p2a: Raging Bolt|Raging Bolt|100/100|[from] U-turn
|-damage|p2a: Raging Bolt|88/100|[from] Stealth Rock
|move|p1a: sapdoZ|Roost|p1a: sapdoZ
|-heal|p1a: sapdoZ|92/100 brn
|-singleturn|p1a: sapdoZ|move: Roost
|
|-heal|p2a: Raging Bolt|94/100|[from] item: Leftovers
|-damage|p1a: sapdoZ|85/100 brn|[from] brn
|upkeep
|turn|16
|
|t:|1743905725
|move|p1a: sapdoZ|U-turn|p2a: Raging Bolt
|-damage|p2a: Raging Bolt|89/100
|
|t:|1743905732
|switch|p1a: Coco|Skeledirge, F|5/100|[from] U-turn
|move|p2a: Raging Bolt|Calm Mind|p2a: Raging Bolt
|-boost|p2a: Raging Bolt|spa|1
|-boost|p2a: Raging Bolt|spd|1
|
|-heal|p2a: Raging Bolt|95/100|[from] item: Leftovers
|upkeep
|turn|17
|
|t:|1743905742
|move|p2a: Raging Bolt|Thunderbolt|p1a: Coco
|-damage|p1a: Coco|0 fnt
|faint|p1a: Coco
|
|-heal|p2a: Raging Bolt|100/100|[from] item: Leftovers
|upkeep
|
|t:|1743905752
|switch|p1a: Pippi|Empoleon, F|100/100
|-damage|p1a: Pippi|94/100|[from] Stealth Rock
|turn|18
|
|t:|1743905776
|move|p2a: Raging Bolt|Calm Mind|p2a: Raging Bolt
|-boost|p2a: Raging Bolt|spa|1
|-boost|p2a: Raging Bolt|spd|1
|move|p1a: Pippi|Ice Beam|p2a: Raging Bolt
|-supereffective|p2a: Raging Bolt
|-damage|p2a: Raging Bolt|72/100
|-status|p2a: Raging Bolt|frz
|
|-heal|p2a: Raging Bolt|78/100 frz|[from] item: Leftovers
|upkeep
|turn|19
|c|☆ChrisSweeps|WHAT IS THAT
|c|☆ChrisSweeps|BRO
|inactive|ChrisSweeps has 120 seconds left.
|c|☆ChrisSweeps|LUCKIEST KID OAT
|c|☆GenderQueerados|FEMINISM
|
|t:|1743905807
|switch|p1a: Halsey|Darkrai|100/100
|-damage|p1a: Halsey|88/100|[from] Stealth Rock
|-status|p1a: Halsey|psn
|cant|p2a: Raging Bolt|frz
|
|-heal|p1a: Halsey|94/100 psn|[from] item: Leftovers
|-heal|p2a: Raging Bolt|84/100 frz|[from] item: Leftovers
|-damage|p1a: Halsey|82/100 psn|[from] psn
|upkeep
|turn|20
|
|t:|1743905818
|-curestatus|p2a: Raging Bolt|frz|[msg]
|move|p2a: Raging Bolt|Thunderclap||[still]
|-fail|p2a: Raging Bolt
|move|p1a: Halsey|Nasty Plot|p1a: Halsey
|-boost|p1a: Halsey|spa|2
|
|-heal|p1a: Halsey|88/100 psn|[from] item: Leftovers
|-heal|p2a: Raging Bolt|90/100|[from] item: Leftovers
|-damage|p1a: Halsey|75/100 psn|[from] psn
|upkeep
|turn|21
|inactive|ChrisSweeps has 90 seconds left.
|
|t:|1743905858
|move|p2a: Raging Bolt|Thunderclap|p1a: Halsey
|-damage|p1a: Halsey|0 fnt
|faint|p1a: Halsey
|
|-heal|p2a: Raging Bolt|96/100|[from] item: Leftovers
|upkeep
|c|☆GenderQueerados|BRO
|c|☆GenderQueerados|WHAT
|c|☆GenderQueerados|LUCKIEST KID OAT
|c|☆GenderQueerados|jk
|inactive|GenderQueerados has 120 seconds left.
|
|t:|1743905886
|switch|p1a: sapdoZ|Zapdos|85/100 brn
|turn|22
|c|☆ChrisSweeps|ggs
|inactive|ChrisSweeps has 90 seconds left.
|c|☆GenderQueerados|Gg
|
|t:|1743905901
|move|p1a: sapdoZ|Hurricane|p2a: Raging Bolt
|-resisted|p2a: Raging Bolt
|-damage|p2a: Raging Bolt|85/100
|move|p2a: Raging Bolt|Thunderbolt|p1a: sapdoZ
|-damage|p1a: sapdoZ|6/100 brn
|
|-heal|p2a: Raging Bolt|91/100|[from] item: Leftovers
|-damage|p1a: sapdoZ|0 fnt|[from] brn
|faint|p1a: sapdoZ
|upkeep
|inactive|GenderQueerados has 120 seconds left.
|
|t:|1743905912
|switch|p1a: Gojo|Gholdengo, tera:Ghost|48/100
|-damage|p1a: Gojo|36/100|[from] Stealth Rock
|-status|p1a: Gojo|psn
|turn|23
|
|t:|1743905921
|move|p1a: Gojo|Dazzling Gleam|p2a: Raging Bolt
|-supereffective|p2a: Raging Bolt
|-damage|p2a: Raging Bolt|70/100
|move|p2a: Raging Bolt|Thunderbolt|p1a: Gojo
|-damage|p1a: Gojo|0 fnt
|faint|p1a: Gojo
|
|-heal|p2a: Raging Bolt|76/100|[from] item: Leftovers
|upkeep
|
|t:|1743905931
|switch|p1a: Pippi|Empoleon, F|94/100
|-damage|p1a: Pippi|88/100|[from] Stealth Rock
|turn|24
|
|t:|1743905936
|move|p2a: Raging Bolt|Thunderbolt|p1a: Pippi
|-supereffective|p1a: Pippi
|-damage|p1a: Pippi|0 fnt
|faint|p1a: Pippi
|
|win|ChrisSweeps
|raw|GenderQueerados's rating: 1329 &rarr; <strong>1311</strong><br />(-18 for losing)
|raw|ChrisSweeps's rating: 1358 &rarr; <strong>1376</strong><br />(+18 for winning)
