|j|☆fgodd
|j|☆tdd20070515兹伏奇大吾
|t:|1743850130
|gametype|singles
|player|p1|fgodd|169|1545
|player|p2|tdd20070515兹伏奇大吾|steven-masters2|1612
|teamsize|p1|6
|teamsize|p2|6
|gen|9
|tier|[Gen 9] OU
|rated|
|rule|HP Percentage Mod: HP is shown in percentages
|rule|Endless Battle Clause: Forcing endless battles is banned
|rule|Species Clause: Limit one of each Pokémon
|rule|OHKO Clause: OHKO moves are banned
|rule|Evasion Items Clause: Evasion items are banned
|rule|Evasion Moves Clause: Evasion moves are banned
|rule|Sleep Moves Clause: Sleep-inducing moves are banned
|clearpoke
|poke|p1|Zamazenta-*|
|poke|p1|Gholdengo|
|poke|p1|Ting-Lu|
|poke|p1|Primarina, F|
|poke|p1|Great Tusk|
|poke|p1|Ogerpon-Wellspring, F|
|poke|p2|Corviknight, F|
|poke|p2|Darkrai|
|poke|p2|Sinistcha|
|poke|p2|Enamorus-Therian, F|
|poke|p2|Alomomola, F|
|poke|p2|Iron Treads|
|teampreview
|inactive|Battle timer is ON: inactive players will automatically lose when time's up. (requested by fgodd)
|
|t:|1743850139
|start
|switch|p1a: Primarina|Primarina, F|100/100
|switch|p2a: 在这里你将扮演|Enamorus-Therian, F|100/100
|turn|1
|
|t:|1743850145
|move|p1a: Primarina|Surf|p2a: 在这里你将扮演
|-damage|p2a: 在这里你将扮演|50/100
|move|p2a: 在这里你将扮演|Sludge Bomb|p1a: Primarina
|-supereffective|p1a: Primarina
|-damage|p1a: Primarina|44/100
|
|upkeep
|turn|2
|
|t:|1743850155
|switch|p2a: 旅行者|Alomomola, F|100/100
|move|p1a: Primarina|Surf|p2a: 旅行者
|-resisted|p2a: 旅行者
|-damage|p2a: 旅行者|84/100
|
|upkeep
|turn|3
|
|t:|1743850162
|switch|p1a: Ogerpon|Ogerpon-Wellspring, F|100/100
|move|p2a: 旅行者|Wish|p2a: 旅行者
|
|upkeep
|turn|4
|
|t:|1743850174
|switch|p2a: 在这里你将扮演|Enamorus-Therian, F|50/100
|move|p1a: Ogerpon|Power Whip|p2a: 在这里你将扮演
|-resisted|p2a: 在这里你将扮演
|-damage|p2a: 在这里你将扮演|21/100
|
|-heal|p2a: 在这里你将扮演|97/100|[from] move: Wish|[wisher] 旅行者
|upkeep
|turn|5
|
|t:|1743850187
|switch|p1a: Gholdengo|Gholdengo|100/100
|-item|p1a: Gholdengo|Air Balloon
|move|p2a: 在这里你将扮演|Earth Power|p1a: Gholdengo
|-immune|p1a: Gholdengo
|
|upkeep
|turn|6
|
|t:|1743850195
|switch|p2a: 在提瓦特大陆|Iron Treads|100/100
|move|p1a: Gholdengo|Make It Rain|p2a: 在提瓦特大陆
|-resisted|p2a: 在提瓦特大陆
|-damage|p2a: 在提瓦特大陆|82/100
|-unboost|p1a: Gholdengo|spa|1
|
|upkeep
|turn|7
|
|t:|1743850204
|switch|p1a: Primarina|Primarina, F|44/100
|move|p2a: 在提瓦特大陆|Knock Off|p1a: Primarina
|-resisted|p1a: Primarina
|-damage|p1a: Primarina|30/100
|-enditem|p1a: Primarina|Assault Vest|[from] move: Knock Off|[of] p2a: 在提瓦特大陆
|
|upkeep
|turn|8
|
|t:|1743850208
|move|p2a: 在提瓦特大陆|Iron Head|p1a: Primarina
|-damage|p1a: Primarina|0 fnt
|faint|p1a: Primarina
|
|upkeep
|
|t:|1743850216
|switch|p1a: Ogerpon|Ogerpon-Wellspring, F|100/100
|turn|9
|
|t:|1743850226
|-end|p2a: 在提瓦特大陆|Quark Drive|[silent]
|switch|p2a: 是由米哈游自主开发|Corviknight, F|100/100
|-ability|p2a: 是由米哈游自主开发|Pressure
|move|p1a: Ogerpon|Swords Dance|p1a: Ogerpon
|-boost|p1a: Ogerpon|atk|2
|
|upkeep
|turn|10
|
|t:|1743850231
|-terastallize|p1a: Ogerpon|Water
|detailschange|p1a: Ogerpon|Ogerpon-Wellspring-Tera, F, tera:Water
|-ability|p1a: Ogerpon|Embody Aspect (Wellspring)|boost
|-boost|p1a: Ogerpon|spd|1
|move|p1a: Ogerpon|Ivy Cudgel|p2a: 是由米哈游自主开发|[anim] Ivy Cudgel Water
|-damage|p2a: 是由米哈游自主开发|5/100
|move|p2a: 是由米哈游自主开发|Iron Defense|p2a: 是由米哈游自主开发
|-boost|p2a: 是由米哈游自主开发|def|2
|
|upkeep
|turn|11
|
|t:|1743850240
|switch|p2a: 原神|Sinistcha|100/100
|move|p1a: Ogerpon|Ivy Cudgel|p2a: 原神|[anim] Ivy Cudgel Water
|-resisted|p2a: 原神
|-damage|p2a: 原神|44/100
|
|upkeep
|turn|12
|
|t:|1743850249
|switch|p2a: 是由米哈游自主开发|Corviknight, F|5/100
|-ability|p2a: 是由米哈游自主开发|Pressure
|move|p1a: Ogerpon|Ivy Cudgel|p2a: 是由米哈游自主开发|[anim] Ivy Cudgel Water
|-damage|p2a: 是由米哈游自主开发|0 fnt
|faint|p2a: 是由米哈游自主开发
|
|upkeep
|
|t:|1743850252
|switch|p2a: 在这里你将扮演|Enamorus-Therian, F|97/100
|turn|13
|
|t:|1743850255
|move|p1a: Ogerpon|Ivy Cudgel|p2a: 在这里你将扮演|[anim] Ivy Cudgel Water
|-damage|p2a: 在这里你将扮演|0 fnt
|faint|p2a: 在这里你将扮演
|
|upkeep
|
|t:|1743850260
|switch|p2a: 旅行者|Alomomola, F|100/100
|turn|14
|
|t:|1743850265
|-terastallize|p2a: 旅行者|Dragon
|move|p1a: Ogerpon|Power Whip|p2a: 旅行者
|-resisted|p2a: 旅行者
|-damage|p2a: 旅行者|48/100
|move|p2a: 旅行者|Wish|p2a: 旅行者
|
|upkeep
|turn|15
|
|t:|1743850276
|switch|p2a: 原神|Sinistcha|44/100
|move|p1a: Ogerpon|Power Whip|p2a: 原神
|-resisted|p2a: 原神
|-damage|p2a: 原神|0 fnt
|faint|p2a: 原神
|
|upkeep
|-message|tdd20070515兹伏奇大吾 forfeited.
|
|win|fgodd
|raw|fgodd's rating: 1545 &rarr; <strong>1570</strong><br />(+25 for winning)
|raw|tdd20070515兹伏奇大吾's rating: 1628 &rarr; <strong>1603</strong><br />(-25 for losing)
|l|☆tdd20070515兹伏奇大吾
|player|p2|
|l|☆fgodd
|player|p1|
