|j|☆Ornaug
|j|☆Madolche1102
|t:|1743895686
|gametype|singles
|player|p1|Ornaug|swimmer|1339
|player|p2|Madolche1102|265|1360
|teamsize|p1|6
|teamsize|p2|6
|gen|9
|tier|[Gen 9] OU
|rated|
|rule|HP Percentage Mod: HP is shown in percentages
|rule|Endless Battle Clause: Forcing endless battles is banned
|rule|Species Clause: Limit one of each Pokémon
|rule|OHKO Clause: OHKO moves are banned
|rule|Evasion Items Clause: Evasion items are banned
|rule|Evasion Moves Clause: Evasion moves are banned
|rule|Sleep Moves Clause: Sleep-inducing moves are banned
|clearpoke
|poke|p1|Cinderace, F|
|poke|p1|Frosmoth, M|
|poke|p1|Gliscor, M|
|poke|p1|Primarina, F|
|poke|p1|Regidrago|
|poke|p1|Dondozo, M|
|poke|p2|Torkoal, F|
|poke|p2|Lilligant-Hisui, F|
|poke|p2|Whimsicott, F|
|poke|p2|Sawsbuck, F|
|poke|p2|Leavanny, F|
|poke|p2|Venusaur, F|
|teampreview
|inactive|Battle timer is ON: inactive players will automatically lose when time's up. (requested by Ornaug)
|
|t:|1743895692
|start
|switch|p1a: Regidrago|Regidrago|100/100
|switch|p2a: Sol|Torkoal, F, shiny|100/100
|-weather|SunnyDay|[from] ability: Drought|[of] p2a: Sol
|turn|1
|
|t:|1743895700
|move|p1a: Regidrago|Dragon Energy|p2a: Sol
|-damage|p2a: Sol|0 fnt
|faint|p2a: Sol
|
|-weather|SunnyDay|[upkeep]
|upkeep
|
|t:|1743895715
|switch|p2a: Ramas|Sawsbuck, F, shiny|100/100
|turn|2
|
|t:|1743895739
|switch|p1a: Cinderace|Cinderace, F|100/100
|move|p2a: Ramas|Swords Dance|p2a: Ramas
|-boost|p2a: Ramas|atk|2
|
|-weather|SunnyDay|[upkeep]
|upkeep
|turn|3
|
|t:|1743895748
|move|p2a: Ramas|High Horsepower|p1a: Cinderace
|-supereffective|p1a: Cinderace
|-damage|p1a: Cinderace|0 fnt
|faint|p1a: Cinderace
|-damage|p2a: Ramas|91/100|[from] item: Life Orb
|
|-weather|SunnyDay|[upkeep]
|upkeep
|
|t:|1743895760
|switch|p1a: Dondozo|Dondozo, M|100/100
|turn|4
|
|t:|1743895766
|-terastallize|p1a: Dondozo|Dragon
|move|p2a: Ramas|Horn Leech|p1a: Dondozo
|-resisted|p1a: Dondozo
|-damage|p1a: Dondozo|90/100
|-heal|p2a: Ramas|99/100|[from] drain|[of] p1a: Dondozo
|-damage|p2a: Ramas|89/100|[from] item: Life Orb
|move|p1a: Dondozo|Curse|p1a: Dondozo
|-unboost|p1a: Dondozo|spe|1
|-boost|p1a: Dondozo|atk|1
|-boost|p1a: Dondozo|def|1
|
|-weather|SunnyDay|[upkeep]
|-heal|p1a: Dondozo|96/100|[from] item: Leftovers
|upkeep
|turn|5
|
|t:|1743895780
|move|p2a: Ramas|Double-Edge|p1a: Dondozo
|-damage|p1a: Dondozo|75/100
|-damage|p2a: Ramas|77/100|[from] Recoil
|-damage|p2a: Ramas|67/100|[from] item: Life Orb
|move|p1a: Dondozo|Wave Crash|p2a: Ramas
|-resisted|p2a: Ramas
|-damage|p2a: Ramas|45/100
|-damage|p1a: Dondozo|70/100|[from] Recoil
|
|-weather|SunnyDay|[upkeep]
|-heal|p1a: Dondozo|76/100|[from] item: Leftovers
|upkeep
|turn|6
|
|t:|1743895792
|move|p2a: Ramas|Double-Edge|p1a: Dondozo
|-damage|p1a: Dondozo|54/100
|-damage|p2a: Ramas|33/100|[from] Recoil
|-damage|p2a: Ramas|23/100|[from] item: Life Orb
|move|p1a: Dondozo|Wave Crash|p2a: Ramas
|-resisted|p2a: Ramas
|-damage|p2a: Ramas|0 fnt
|faint|p2a: Ramas
|-damage|p1a: Dondozo|50/100|[from] Recoil
|
|-weather|SunnyDay|[upkeep]
|-heal|p1a: Dondozo|56/100|[from] item: Leftovers
|upkeep
|
|t:|1743895806
|switch|p2a: Hojas|Leavanny, F|100/100
|turn|7
|
|t:|1743895810
|move|p2a: Hojas|Sticky Web|p1a: Dondozo
|-sidestart|p1: Ornaug|move: Sticky Web
|move|p1a: Dondozo|Rest|p1a: Dondozo
|-status|p1a: Dondozo|slp|[from] move: Rest
|-heal|p1a: Dondozo|100/100 slp|[silent]
|
|-weather|SunnyDay|[upkeep]
|upkeep
|turn|8
|
|t:|1743895819
|switch|p2a: Frutos|Whimsicott, F|100/100
|cant|p1a: Dondozo|slp
|move|p1a: Dondozo|Sleep Talk|p1a: Dondozo
|move|p1a: Dondozo|Rest||[from] move: Sleep Talk|[still]
|-fail|p1a: Dondozo
|
|-weather|none
|upkeep
|turn|9
|
|t:|1743895829
|move|p2a: Frutos|Moonblast|p1a: Dondozo
|-supereffective|p1a: Dondozo
|-damage|p1a: Dondozo|8/100 slp
|-damage|p2a: Frutos|91/100|[from] item: Life Orb
|cant|p1a: Dondozo|slp
|move|p1a: Dondozo|Sleep Talk|p1a: Dondozo
|move|p1a: Dondozo|Rest||[from] move: Sleep Talk|[still]
|-fail|p1a: Dondozo
|
|-heal|p1a: Dondozo|14/100 slp|[from] item: Leftovers
|upkeep
|turn|10
|
|t:|1743895842
|switch|p1a: Frosmoth|Frosmoth, M|100/100
|move|p2a: Frutos|Moonblast|p1a: Frosmoth
|-damage|p1a: Frosmoth|83/100
|-damage|p2a: Frutos|81/100|[from] item: Life Orb
|
|upkeep
|turn|11
|
|t:|1743895850
|-terastallize|p2a: Frutos|Fire
|move|p2a: Frutos|Tera Blast|p1a: Frosmoth|[anim] Tera Blast Fire
|-supereffective|p1a: Frosmoth
|-damage|p1a: Frosmoth|16/100
|-damage|p2a: Frutos|71/100|[from] item: Life Orb
|move|p1a: Frosmoth|Quiver Dance|p1a: Frosmoth
|-boost|p1a: Frosmoth|spa|1
|-boost|p1a: Frosmoth|spd|1
|-boost|p1a: Frosmoth|spe|1
|
|upkeep
|turn|12
|
|t:|1743895862
|move|p2a: Frutos|Tera Blast|p1a: Frosmoth|[anim] Tera Blast Fire
|-supereffective|p1a: Frosmoth
|-crit|p1a: Frosmoth
|-damage|p1a: Frosmoth|0 fnt
|faint|p1a: Frosmoth
|-damage|p2a: Frutos|61/100|[from] item: Life Orb
|
|upkeep
|
|t:|1743895866
|switch|p1a: Primarina|Primarina, F|100/100
|-activate|p1a: Primarina|move: Sticky Web
|-unboost|p1a: Primarina|spe|1
|turn|13
|
|t:|1743895874
|move|p2a: Frutos|Moonblast|p1a: Primarina
|-damage|p1a: Primarina|62/100
|-unboost|p1a: Primarina|spa|1
|-damage|p2a: Frutos|51/100|[from] item: Life Orb
|move|p1a: Primarina|Psychic Noise|p2a: Frutos
|-supereffective|p2a: Frutos
|-damage|p2a: Frutos|0 fnt
|faint|p2a: Frutos
|
|-heal|p1a: Primarina|68/100|[from] item: Leftovers
|upkeep
|
|t:|1743895887
|switch|p2a: Tronco|Venusaur, F, shiny|100/100
|turn|14
|
|t:|1743895899
|switch|p1a: Dondozo|Dondozo, M, tera:Dragon|14/100 slp
|-activate|p1a: Dondozo|move: Sticky Web
|-unboost|p1a: Dondozo|spe|1
|move|p2a: Tronco|Sludge Bomb|p1a: Dondozo
|-damage|p1a: Dondozo|0 fnt
|faint|p1a: Dondozo
|-damage|p2a: Tronco|91/100|[from] item: Life Orb
|
|upkeep
|
|t:|1743895903
|switch|p1a: Gliscor|Gliscor, M|100/100
|turn|15
|
|t:|1743895913
|switch|p2a: Hojas|Leavanny, F|100/100
|move|p1a: Gliscor|Knock Off|p2a: Hojas
|-damage|p2a: Hojas|69/100
|-enditem|p2a: Hojas|Life Orb|[from] move: Knock Off|[of] p1a: Gliscor
|
|-status|p1a: Gliscor|tox|[from] item: Toxic Orb
|upkeep
|turn|16
|
|t:|1743895924
|move|p2a: Hojas|Triple Axel|p1a: Gliscor
|-supereffective|p1a: Gliscor
|-damage|p1a: Gliscor|84/100 tox
|-supereffective|p1a: Gliscor
|-damage|p1a: Gliscor|54/100 tox
|-supereffective|p1a: Gliscor
|-damage|p1a: Gliscor|4/100 tox
|-hitcount|p1a: Gliscor|3
|move|p1a: Gliscor|Toxic|p2a: Hojas
|-status|p2a: Hojas|tox
|
|-damage|p2a: Hojas|62/100 tox|[from] psn
|-heal|p1a: Gliscor|17/100 tox|[from] ability: Poison Heal
|upkeep
|turn|17
|
|t:|1743895938
|move|p1a: Gliscor|Protect|p1a: Gliscor
|-singleturn|p1a: Gliscor|Protect
|move|p2a: Hojas|Knock Off|p1a: Gliscor
|-activate|p1a: Gliscor|move: Protect
|
|-damage|p2a: Hojas|50/100 tox|[from] psn
|-heal|p1a: Gliscor|29/100 tox|[from] ability: Poison Heal
|upkeep
|turn|18
|
|t:|1743895947
|switch|p1a: Primarina|Primarina, F|68/100
|-activate|p1a: Primarina|move: Sticky Web
|-unboost|p1a: Primarina|spe|1
|move|p2a: Hojas|Knock Off|p1a: Primarina
|-resisted|p1a: Primarina
|-damage|p1a: Primarina|55/100
|-enditem|p1a: Primarina|Leftovers|[from] move: Knock Off|[of] p2a: Hojas
|
|-damage|p2a: Hojas|31/100 tox|[from] psn
|upkeep
|turn|19
|
|t:|1743895966
|move|p2a: Hojas|Tera Blast|p1a: Primarina
|-damage|p1a: Primarina|44/100
|move|p1a: Primarina|Draining Kiss|p2a: Hojas
|-damage|p2a: Hojas|3/100 tox
|-heal|p1a: Primarina|61/100|[from] drain|[of] p2a: Hojas
|
|-damage|p2a: Hojas|0 fnt|[from] psn
|faint|p2a: Hojas
|upkeep
|
|t:|1743895977
|switch|p2a: Tronco|Venusaur, F, shiny|91/100
|turn|20
|
|t:|1743895982
|switch|p1a: Gliscor|Gliscor, M|29/100 tox
|move|p2a: Tronco|Sludge Bomb|p1a: Gliscor
|-resisted|p1a: Gliscor
|-damage|p1a: Gliscor|0 fnt
|faint|p1a: Gliscor
|-damage|p2a: Tronco|81/100|[from] item: Life Orb
|
|upkeep
|
|t:|1743895988
|switch|p1a: Regidrago|Regidrago|100/100
|-activate|p1a: Regidrago|move: Sticky Web
|-unboost|p1a: Regidrago|spe|1
|turn|21
|
|t:|1743895996
|move|p2a: Tronco|Sludge Bomb|p1a: Regidrago
|-damage|p1a: Regidrago|44/100
|-status|p1a: Regidrago|psn
|-damage|p2a: Tronco|71/100|[from] item: Life Orb
|move|p1a: Regidrago|Draco Meteor|p2a: Tronco
|-damage|p2a: Tronco|0 fnt
|-unboost|p1a: Regidrago|spa|2
|faint|p2a: Tronco
|
|-damage|p1a: Regidrago|32/100 psn|[from] psn
|upkeep
|
|t:|1743896008
|switch|p2a: Flores|Lilligant-Hisui, F|100/100
|turn|22
|
|t:|1743896020
|move|p2a: Flores|Victory Dance|p2a: Flores
|-boost|p2a: Flores|atk|1
|-boost|p2a: Flores|def|1
|-boost|p2a: Flores|spe|1
|move|p1a: Regidrago|Draco Meteor|p2a: Flores
|-damage|p2a: Flores|30/100
|-unboost|p1a: Regidrago|spa|2
|
|-damage|p1a: Regidrago|20/100 psn|[from] psn
|upkeep
|turn|23
|
|t:|1743896031
|move|p2a: Flores|Close Combat|p1a: Regidrago
|-damage|p1a: Regidrago|0 fnt
|-unboost|p2a: Flores|def|1
|-unboost|p2a: Flores|spd|1
|faint|p1a: Regidrago
|-damage|p2a: Flores|20/100|[from] item: Life Orb
|
|upkeep
|
|t:|1743896035
|switch|p1a: Primarina|Primarina, F|61/100
|-activate|p1a: Primarina|move: Sticky Web
|-unboost|p1a: Primarina|spe|1
|turn|24
|
|t:|1743896042
|move|p2a: Flores|Close Combat|p1a: Primarina
|-resisted|p1a: Primarina
|-damage|p1a: Primarina|12/100
|-unboost|p2a: Flores|def|1
|-unboost|p2a: Flores|spd|1
|-damage|p2a: Flores|10/100|[from] item: Life Orb
|move|p1a: Primarina|Draining Kiss|p2a: Flores
|-supereffective|p2a: Flores
|-damage|p2a: Flores|0 fnt
|-heal|p1a: Primarina|18/100|[from] drain|[of] p2a: Flores
|faint|p2a: Flores
|
|win|Ornaug
|raw|Ornaug's rating: 1339 &rarr; <strong>1360</strong><br />(+21 for winning)
|raw|Madolche1102's rating: 1360 &rarr; <strong>1339</strong><br />(-21 for losing)
|l|☆Madolche1102
|player|p2|
|l|☆Ornaug
|player|p1|
