|j|☆dr.wahwiee
|j|☆so aperto botoes
|t:|1743861453
|gametype|singles
|player|p1|dr.wahwiee|blaine-gen2|1220
|player|p2|so aperto botoes|swimmerf|1235
|teamsize|p1|6
|teamsize|p2|6
|gen|9
|tier|[Gen 9] OU
|rated|
|rule|HP Percentage Mod: HP is shown in percentages
|rule|Endless Battle Clause: Forcing endless battles is banned
|rule|Species Clause: Limit one of each Pokémon
|rule|OHKO Clause: OHKO moves are banned
|rule|Evasion Items Clause: Evasion items are banned
|rule|Evasion Moves Clause: Evasion moves are banned
|rule|Sleep Moves Clause: Sleep-inducing moves are banned
|clearpoke
|poke|p1|Lapras, F|
|poke|p1|Rotom-Heat|
|poke|p1|Zapdos|
|poke|p1|Lurantis, F|
|poke|p1|Golurk|
|poke|p1|Tyranitar, F|
|poke|p2|Weezing, F|
|poke|p2|Deoxys-Speed|
|poke|p2|Iron Treads|
|poke|p2|Kyurem|
|poke|p2|Dragonite, F|
|poke|p2|Ogerpon-Wellspring, F|
|teampreview
|
|t:|1743861465
|start
|switch|p1a: Godhand|Golurk|100/100
|switch|p2a: rogerio|Deoxys-Speed, shiny|100/100
|-ability|p2a: rogerio|Pressure
|turn|1
|inactive|Battle timer is ON: inactive players will automatically lose when time's up. (requested by so aperto botoes)
|c|☆so aperto botoes|gl
|
|t:|1743861477
|move|p2a: rogerio|Trick|p1a: Godhand
|-activate|p2a: rogerio|move: Trick|[of] p1a: Godhand
|-item|p1a: Godhand|Choice Scarf|[from] move: Trick
|-item|p2a: rogerio|Focus Sash|[from] move: Trick
|move|p1a: Godhand|Poltergeist|p2a: rogerio
|-activate|p2a: rogerio|move: Poltergeist|Focus Sash
|-supereffective|p2a: rogerio
|-enditem|p2a: rogerio|Focus Sash
|-damage|p2a: rogerio|1/100
|
|upkeep
|turn|2
|
|t:|1743861487
|move|p2a: rogerio|Ice Beam|p1a: Godhand
|-supereffective|p1a: Godhand
|-damage|p1a: Godhand|44/100
|move|p1a: Godhand|Poltergeist||[still]
|-fail|p1a: Godhand
|
|upkeep
|turn|3
|
|t:|1743861497
|switch|p2a: rogeria&companhia|Weezing, F, shiny|100/100
|move|p1a: Godhand|Poltergeist|p2a: rogeria&companhia
|-activate|p2a: rogeria&companhia|move: Poltergeist|Black Sludge
|-damage|p2a: rogeria&companhia|58/100
|
|-heal|p2a: rogeria&companhia|64/100|[from] item: Black Sludge
|upkeep
|turn|4
|
|t:|1743861504
|switch|p1a: Tyranitar|Tyranitar, F|100/100
|-weather|Sandstorm|[from] ability: Sand Stream|[of] p1a: Tyranitar
|move|p2a: rogeria&companhia|Will-O-Wisp|p1a: Tyranitar
|-status|p1a: Tyranitar|brn
|
|-weather|Sandstorm|[upkeep]
|-damage|p2a: rogeria&companhia|58/100|[from] Sandstorm
|-heal|p2a: rogeria&companhia|64/100|[from] item: Black Sludge
|-damage|p1a: Tyranitar|94/100 brn|[from] brn
|upkeep
|turn|5
|
|t:|1743861513
|switch|p2a: rodolfo|Iron Treads|100/100
|-enditem|p2a: rodolfo|Booster Energy
|-activate|p2a: rodolfo|ability: Quark Drive|[fromitem]
|-start|p2a: rodolfo|quarkdrivespe
|move|p1a: Tyranitar|Stone Edge|p2a: rodolfo
|-resisted|p2a: rodolfo
|-damage|p2a: rodolfo|92/100
|
|-weather|Sandstorm|[upkeep]
|-damage|p1a: Tyranitar|88/100 brn|[from] brn
|upkeep
|turn|6
|
|t:|1743861524
|switch|p1a: Rotom|Rotom-Heat|100/100
|move|p2a: rodolfo|Stealth Rock|p1a: Rotom
|-sidestart|p1: dr.wahwiee|move: Stealth Rock
|
|-weather|Sandstorm|[upkeep]
|-damage|p1a: Rotom|94/100|[from] Sandstorm
|upkeep
|turn|7
|
|t:|1743861530
|move|p2a: rodolfo|Volt Switch|p1a: Rotom
|-resisted|p1a: Rotom
|-crit|p1a: Rotom
|-damage|p1a: Rotom|83/100
|
|t:|1743861534
|-end|p2a: rodolfo|Quark Drive|[silent]
|switch|p2a: rogeria&companhia|Weezing, F, shiny|64/100|[from] Volt Switch
|move|p1a: Rotom|Will-O-Wisp|p2a: rogeria&companhia
|-status|p2a: rogeria&companhia|brn
|
|-weather|Sandstorm|[upkeep]
|-damage|p1a: Rotom|77/100|[from] Sandstorm
|-damage|p2a: rogeria&companhia|58/100 brn|[from] Sandstorm
|-heal|p2a: rogeria&companhia|64/100 brn|[from] item: Black Sludge
|-damage|p2a: rogeria&companhia|58/100 brn|[from] brn
|upkeep
|turn|8
|
|t:|1743861541
|switch|p1a: Godhand|Golurk|44/100
|-damage|p1a: Godhand|38/100|[from] Stealth Rock
|move|p2a: rogeria&companhia|Toxic|p1a: Godhand
|-status|p1a: Godhand|tox
|
|-weather|none
|-heal|p2a: rogeria&companhia|64/100 brn|[from] item: Black Sludge
|-damage|p1a: Godhand|32/100 tox|[from] psn
|-damage|p2a: rogeria&companhia|58/100 brn|[from] brn
|upkeep
|turn|9
|
|t:|1743861546
|move|p2a: rogeria&companhia|Protect|p2a: rogeria&companhia
|-singleturn|p2a: rogeria&companhia|Protect
|move|p1a: Godhand|Dynamic Punch|p2a: rogeria&companhia
|-activate|p2a: rogeria&companhia|move: Protect
|
|-heal|p2a: rogeria&companhia|64/100 brn|[from] item: Black Sludge
|-damage|p1a: Godhand|20/100 tox|[from] psn
|-damage|p2a: rogeria&companhia|58/100 brn|[from] brn
|upkeep
|turn|10
|
|t:|1743861555
|move|p1a: Godhand|Dynamic Punch|p2a: rogeria&companhia
|-resisted|p2a: rogeria&companhia
|-damage|p2a: rogeria&companhia|45/100 brn
|-start|p2a: rogeria&companhia|confusion
|-activate|p2a: rogeria&companhia|confusion
|move|p2a: rogeria&companhia|Dark Pulse|p1a: Godhand
|-supereffective|p1a: Godhand
|-crit|p1a: Godhand
|-damage|p1a: Godhand|0 fnt
|faint|p1a: Godhand
|
|-heal|p2a: rogeria&companhia|51/100 brn|[from] item: Black Sludge
|-damage|p2a: rogeria&companhia|45/100 brn|[from] brn
|upkeep
|
|t:|1743861567
|switch|p1a: Lurantis|Lurantis, F|100/100
|-damage|p1a: Lurantis|88/100|[from] Stealth Rock
|turn|11
|
|t:|1743861571
|-activate|p2a: rogeria&companhia|confusion
|move|p2a: rogeria&companhia|Toxic|p1a: Lurantis
|-status|p1a: Lurantis|tox
|move|p1a: Lurantis|Defog|p2a: rogeria&companhia
|-unboost|p2a: rogeria&companhia|evasion|1
|-sideend|p1: dr.wahwiee|Stealth Rock|[from] move: Defog|[of] p1a: Lurantis
|
|-heal|p2a: rogeria&companhia|51/100 brn|[from] item: Black Sludge
|-heal|p1a: Lurantis|94/100 tox|[from] item: Leftovers
|-damage|p1a: Lurantis|88/100 tox|[from] psn
|-damage|p2a: rogeria&companhia|45/100 brn|[from] brn
|upkeep
|turn|12
|
|t:|1743861576
|-activate|p2a: rogeria&companhia|confusion
|move|p2a: rogeria&companhia|Protect|p2a: rogeria&companhia
|-singleturn|p2a: rogeria&companhia|Protect
|move|p1a: Lurantis|Superpower|p2a: rogeria&companhia
|-activate|p2a: rogeria&companhia|move: Protect
|
|-heal|p2a: rogeria&companhia|51/100 brn|[from] item: Black Sludge
|-heal|p1a: Lurantis|94/100 tox|[from] item: Leftovers
|-damage|p1a: Lurantis|82/100 tox|[from] psn
|-damage|p2a: rogeria&companhia|45/100 brn|[from] brn
|upkeep
|turn|13
|
|t:|1743861597
|switch|p2a: angelotti|Dragonite, F|100/100
|move|p1a: Lurantis|Superpower|p2a: angelotti
|-resisted|p2a: angelotti
|-damage|p2a: angelotti|90/100
|-boost|p1a: Lurantis|atk|1
|-boost|p1a: Lurantis|def|1
|
|-heal|p1a: Lurantis|88/100 tox|[from] item: Leftovers
|-damage|p1a: Lurantis|70/100 tox|[from] psn
|upkeep
|turn|14
|
|t:|1743861606
|move|p2a: angelotti|Dragon Dance|p2a: angelotti
|-boost|p2a: angelotti|atk|1
|-boost|p2a: angelotti|spe|1
|move|p1a: Lurantis|Leaf Blade|p2a: angelotti
|-resisted|p2a: angelotti
|-damage|p2a: angelotti|73/100
|
|-heal|p1a: Lurantis|76/100 tox|[from] item: Leftovers
|-damage|p1a: Lurantis|52/100 tox|[from] psn
|upkeep
|turn|15
|
|t:|1743861621
|move|p2a: angelotti|Ice Spinner|p1a: Lurantis
|-supereffective|p1a: Lurantis
|-damage|p1a: Lurantis|0 fnt
|faint|p1a: Lurantis
|
|upkeep
|
|t:|1743861624
|switch|p1a: Ice drago|Lapras, F|100/100
|turn|16
|
|t:|1743861629
|move|p2a: angelotti|Dragon Dance|p2a: angelotti
|-boost|p2a: angelotti|atk|1
|-boost|p2a: angelotti|spe|1
|move|p1a: Ice drago|Freeze-Dry|p2a: angelotti
|-supereffective|p2a: angelotti
|-damage|p2a: angelotti|0 fnt
|faint|p2a: angelotti
|
|upkeep
|
|t:|1743861638
|switch|p2a: rodolfo|Iron Treads|92/100
|turn|17
|
|t:|1743861645
|switch|p1a: Rotom|Rotom-Heat|77/100
|move|p2a: rodolfo|Stealth Rock|p1a: Rotom
|-sidestart|p1: dr.wahwiee|move: Stealth Rock
|
|upkeep
|turn|18
|
|t:|1743861653
|move|p2a: rodolfo|Volt Switch|p1a: Rotom
|-resisted|p1a: Rotom
|-damage|p1a: Rotom|69/100
|
|t:|1743861661
|-end|p2a: rodolfo|Quark Drive|[silent]
|switch|p2a: rogeria&companhia|Weezing, F, shiny|45/100 brn|[from] Volt Switch
|move|p1a: Rotom|Overheat|p2a: rogeria&companhia
|-damage|p2a: rogeria&companhia|0 fnt
|-unboost|p1a: Rotom|spa|2
|faint|p2a: rogeria&companhia
|
|upkeep
|
|t:|1743861673
|switch|p2a: rogerio|Deoxys-Speed, shiny|1/100
|-ability|p2a: rogerio|Pressure
|turn|19
|
|t:|1743861675
|switch|p1a: Tyranitar|Tyranitar, F|88/100 brn
|-damage|p1a: Tyranitar|76/100 brn|[from] Stealth Rock
|-weather|Sandstorm|[from] ability: Sand Stream|[of] p1a: Tyranitar
|move|p2a: rogerio|Psyshock|p1a: Tyranitar
|-immune|p1a: Tyranitar
|
|-weather|Sandstorm|[upkeep]
|-damage|p2a: rogerio|0 fnt|[from] Sandstorm
|faint|p2a: rogerio
|-damage|p1a: Tyranitar|70/100 brn|[from] brn
|upkeep
|
|t:|1743861679
|switch|p2a: roberto|Kyurem, shiny|100/100
|-ability|p2a: roberto|Pressure
|turn|20
|
|t:|1743861686
|move|p2a: roberto|Flash Cannon|p1a: Tyranitar
|-supereffective|p1a: Tyranitar
|-damage|p1a: Tyranitar|22/100 brn
|move|p1a: Tyranitar|Outrage|p2a: roberto
|-supereffective|p2a: roberto
|-damage|p2a: roberto|38/100
|
|-weather|Sandstorm|[upkeep]
|-damage|p2a: roberto|31/100|[from] Sandstorm
|-damage|p1a: Tyranitar|15/100 brn|[from] brn
|upkeep
|turn|21
|
|t:|1743861707
|move|p2a: roberto|Flash Cannon|p1a: Tyranitar
|-supereffective|p1a: Tyranitar
|-damage|p1a: Tyranitar|0 fnt
|faint|p1a: Tyranitar
|
|-weather|Sandstorm|[upkeep]
|-damage|p2a: roberto|25/100|[from] Sandstorm
|upkeep
|
|t:|1743861713
|switch|p1a: Rotom|Rotom-Heat|69/100
|-damage|p1a: Rotom|44/100|[from] Stealth Rock
|turn|22
|
|t:|1743861723
|move|p2a: roberto|Flash Cannon|p1a: Rotom
|-resisted|p1a: Rotom
|-damage|p1a: Rotom|31/100
|-unboost|p1a: Rotom|spd|1
|move|p1a: Rotom|Dark Pulse|p2a: roberto
|-damage|p2a: roberto|0 fnt
|faint|p2a: roberto
|
|-weather|Sandstorm|[upkeep]
|-damage|p1a: Rotom|25/100|[from] Sandstorm
|upkeep
|
|t:|1743861726
|switch|p2a: ronaldo|Ogerpon-Wellspring, F|100/100
|turn|23
|
|t:|1743861733
|-terastallize|p2a: ronaldo|Water
|detailschange|p2a: ronaldo|Ogerpon-Wellspring-Tera, F, tera:Water
|-ability|p2a: ronaldo|Embody Aspect (Wellspring)|boost
|-boost|p2a: ronaldo|spd|1
|move|p2a: ronaldo|Swords Dance|p2a: ronaldo
|-boost|p2a: ronaldo|atk|2
|move|p1a: Rotom|Dark Pulse|p2a: ronaldo
|-damage|p2a: ronaldo|73/100
|
|-weather|none
|upkeep
|turn|24
|
|t:|1743861740
|move|p2a: ronaldo|Ivy Cudgel|p1a: Rotom|[anim] Ivy Cudgel Water
|-supereffective|p1a: Rotom
|-damage|p1a: Rotom|0 fnt
|faint|p1a: Rotom
|
|upkeep
|
|t:|1743861743
|switch|p1a: Ice drago|Lapras, F|100/100
|-damage|p1a: Ice drago|75/100|[from] Stealth Rock
|turn|25
|
|t:|1743861746
|move|p2a: ronaldo|Horn Leech|p1a: Ice drago
|-supereffective|p1a: Ice drago
|-damage|p1a: Ice drago|0 fnt
|-heal|p2a: ronaldo|100/100|[from] drain|[of] p1a: Ice drago
|faint|p1a: Ice drago
|
|upkeep
|
|t:|1743861748
|switch|p1a: Zapdos|Zapdos|100/100
|-ability|p1a: Zapdos|Pressure
|turn|26
|
|t:|1743861751
|move|p2a: ronaldo|Ivy Cudgel|p1a: Zapdos|[anim] Ivy Cudgel Water
|-damage|p1a: Zapdos|0 fnt
|faint|p1a: Zapdos
|
|win|so aperto botoes
|raw|dr.wahwiee's rating: 1220 &rarr; <strong>1196</strong><br />(-24 for losing)
|raw|so aperto botoes's rating: 1235 &rarr; <strong>1259</strong><br />(+24 for winning)
|l|☆dr.wahwiee
|player|p1|
|l|☆so aperto botoes
|player|p2|
