|j|☆mechamakachino
|j|☆tbt123
|t:|1743828811
|gametype|singles
|player|p1|mechamakachino|aromalady|1461
|player|p2|tbt123|veteran|1481
|teamsize|p1|6
|teamsize|p2|6
|gen|9
|tier|[Gen 9] OU
|rated|
|rule|HP Percentage Mod: HP is shown in percentages
|rule|Endless Battle Clause: Forcing endless battles is banned
|rule|Species Clause: Limit one of each Pokémon
|rule|OHKO Clause: OHKO moves are banned
|rule|Evasion Items Clause: Evasion items are banned
|rule|Evasion Moves Clause: Evasion moves are banned
|rule|Sleep Moves Clause: Sleep-inducing moves are banned
|clearpoke
|poke|p1|Rotom-Wash|
|poke|p1|Moltres|
|poke|p1|Tinkaton, F|
|poke|p1|Ting-Lu|
|poke|p1|Dragapult, M|
|poke|p1|Ogerpon-Wellspring, F|
|poke|p2|Hatterene, F|
|poke|p2|Hoopa-Unbound|
|poke|p2|Cresselia, F|
|poke|p2|Enamorus-Therian, F|
|poke|p2|Kingambit, F|
|poke|p2|Ursaluna, M|
|teampreview
|j| QuanWilliams19
|
|t:|1743828820
|start
|switch|p1a: Tinkaton|Tinkaton, F, shiny|100/100
|switch|p2a: Hatterene|Hatterene, F|100/100
|-ability|p1a: Tinkaton|Mold Breaker
|turn|1
|
|t:|1743828828
|switch|p2a: Kingambit|Kingambit, F|100/100
|move|p1a: Tinkaton|Stealth Rock|p2a: Kingambit
|-sidestart|p2: tbt123|move: Stealth Rock
|
|upkeep
|turn|2
|
|t:|1743828837
|switch|p1a: Rotom|Rotom-Wash|100/100
|move|p2a: Kingambit|Iron Head|p1a: Rotom
|-resisted|p1a: Rotom
|-damage|p1a: Rotom|92/100
|-damage|p2a: Kingambit|84/100|[from] item: Rocky Helmet|[of] p1a: Rotom
|
|upkeep
|turn|3
|
|t:|1743828847
|-end|p2a: Kingambit|fallenundefined|[silent]
|switch|p2a: Ursaluna|Ursaluna, M|100/100
|-damage|p2a: Ursaluna|94/100|[from] Stealth Rock
|move|p1a: Rotom|Hydro Pump|p2a: Ursaluna
|-supereffective|p2a: Ursaluna
|-damage|p2a: Ursaluna|30/100
|
|-status|p2a: Ursaluna|brn|[from] item: Flame Orb
|upkeep
|turn|4
|
|t:|1743828856
|switch|p2a: Hatterene|Hatterene, F|100/100
|-damage|p2a: Hatterene|88/100|[from] Stealth Rock
|move|p1a: Rotom|Hydro Pump|p2a: Hatterene
|-damage|p2a: Hatterene|50/100
|
|upkeep
|turn|5
|
|t:|1743828862
|move|p1a: Rotom|Volt Switch|p2a: Hatterene
|-damage|p2a: Hatterene|25/100
|
|t:|1743828864
|switch|p1a: Tinkaton|Tinkaton, F, shiny|100/100|[from] Volt Switch
|-ability|p1a: Tinkaton|Mold Breaker
|move|p2a: Hatterene|Trick Room|p2a: Hatterene
|-fieldstart|move: Trick Room|[of] p2a: Hatterene
|
|upkeep
|turn|6
|
|t:|1743828872
|switch|p1a: Ting-Lu|Ting-Lu|100/100
|-ability|p1a: Ting-Lu|Vessel of Ruin
|move|p2a: Hatterene|Healing Wish|p2a: Hatterene
|faint|p2a: Hatterene
|
|upkeep
|
|t:|1743828877
|switch|p2a: Ursaluna|Ursaluna, M|30/100 brn
|-heal|p2a: Ursaluna|100/100|[from] move: Healing Wish
|-damage|p2a: Ursaluna|94/100|[from] Stealth Rock
|turn|7
|
|t:|1743828883
|switch|p1a: Rotom|Rotom-Wash|92/100
|move|p2a: Ursaluna|Swords Dance|p2a: Ursaluna
|-boost|p2a: Ursaluna|atk|2
|
|-status|p2a: Ursaluna|brn|[from] item: Flame Orb
|upkeep
|turn|8
|
|t:|1743828888
|switch|p1a: Dragapult|Dragapult, M|100/100
|move|p2a: Ursaluna|Facade|p1a: Dragapult
|-immune|p1a: Dragapult
|
|-damage|p2a: Ursaluna|88/100 brn|[from] brn
|upkeep
|turn|9
|
|t:|1743828892
|switch|p1a: Rotom|Rotom-Wash|92/100
|move|p2a: Ursaluna|Earthquake|p1a: Rotom
|-immune|p1a: Rotom|[from] ability: Levitate
|
|-damage|p2a: Ursaluna|82/100 brn|[from] brn
|-fieldend|move: Trick Room
|upkeep
|turn|10
|
|t:|1743828896
|-terastallize|p2a: Ursaluna|Normal
|move|p1a: Rotom|Hydro Pump|p2a: Ursaluna
|-damage|p2a: Ursaluna|47/100 brn
|move|p2a: Ursaluna|Facade|p1a: Rotom
|-damage|p1a: Rotom|0 fnt
|-damage|p2a: Ursaluna|31/100 brn|[from] item: Rocky Helmet|[of] p1a: Rotom
|faint|p1a: Rotom
|
|-damage|p2a: Ursaluna|24/100 brn|[from] brn
|upkeep
|
|t:|1743828899
|switch|p1a: Tinkaton|Tinkaton, F, shiny|100/100
|-ability|p1a: Tinkaton|Mold Breaker
|turn|11
|
|t:|1743828906
|switch|p2a: Kingambit|Kingambit, F|84/100
|-damage|p2a: Kingambit|78/100|[from] Stealth Rock
|-activate|p2a: Kingambit|ability: Supreme Overlord
|-start|p2a: Kingambit|fallen1|[silent]
|move|p1a: Tinkaton|Gigaton Hammer|p2a: Kingambit
|-resisted|p2a: Kingambit
|-damage|p2a: Kingambit|63/100
|
|upkeep
|turn|12
|
|t:|1743828913
|switch|p1a: Moltres|Moltres|100/100
|move|p2a: Kingambit|Swords Dance|p2a: Kingambit
|-boost|p2a: Kingambit|atk|2
|
|upkeep
|turn|13
|
|t:|1743828918
|move|p2a: Kingambit|Sucker Punch|p1a: Moltres
|-damage|p1a: Moltres|29/100
|move|p1a: Moltres|Flamethrower|p2a: Kingambit
|-supereffective|p2a: Kingambit
|-damage|p2a: Kingambit|0 fnt
|faint|p2a: Kingambit
|-end|p2a: Kingambit|fallen1|[silent]
|
|upkeep
|
|t:|1743828925
|switch|p2a: Hoopa|Hoopa-Unbound|100/100
|-damage|p2a: Hoopa|88/100|[from] Stealth Rock
|turn|14
|
|t:|1743828930
|switch|p1a: Ting-Lu|Ting-Lu|100/100
|-ability|p1a: Ting-Lu|Vessel of Ruin
|move|p2a: Hoopa|Trick Room|p2a: Hoopa
|-fieldstart|move: Trick Room|[of] p2a: Hoopa
|
|upkeep
|turn|15
|
|t:|1743828945
|move|p1a: Ting-Lu|Earthquake|p2a: Hoopa
|-damage|p2a: Hoopa|31/100
|move|p2a: Hoopa|Hyperspace Fury|p1a: Ting-Lu
|-resisted|p1a: Ting-Lu
|-damage|p1a: Ting-Lu|83/100
|-unboost|p2a: Hoopa|def|1
|-enditem|p2a: Hoopa|Eject Pack
|
|t:|1743828949
|switch|p2a: Enamorus|Enamorus-Therian, F|100/100
|-damage|p2a: Enamorus|75/100|[from] Stealth Rock
|
|upkeep
|turn|16
|
|t:|1743828955
|switch|p1a: Moltres|Moltres|29/100
|move|p2a: Enamorus|Moonblast|p1a: Moltres
|-resisted|p1a: Moltres
|-damage|p1a: Moltres|0 fnt
|faint|p1a: Moltres
|
|upkeep
|
|t:|1743828957
|switch|p1a: Ogerpon|Ogerpon-Wellspring, F|100/100
|turn|17
|
|t:|1743828960
|-terastallize|p1a: Ogerpon|Water
|detailschange|p1a: Ogerpon|Ogerpon-Wellspring-Tera, F, tera:Water
|-ability|p1a: Ogerpon|Embody Aspect (Wellspring)|boost
|-boost|p1a: Ogerpon|spd|1
|move|p2a: Enamorus|Moonblast|p1a: Ogerpon
|-damage|p1a: Ogerpon|40/100
|-unboost|p1a: Ogerpon|spa|1
|move|p1a: Ogerpon|Ivy Cudgel|p2a: Enamorus|[anim] Ivy Cudgel Water
|-damage|p2a: Enamorus|6/100
|
|upkeep
|turn|18
|
|t:|1743828971
|move|p2a: Enamorus|Moonblast|p1a: Ogerpon
|-damage|p1a: Ogerpon|0 fnt
|faint|p1a: Ogerpon
|
|-fieldend|move: Trick Room
|upkeep
|
|t:|1743828973
|switch|p1a: Dragapult|Dragapult, M|100/100
|turn|19
|
|t:|1743828977
|move|p1a: Dragapult|Hex|p2a: Enamorus
|-damage|p2a: Enamorus|0 fnt
|faint|p2a: Enamorus
|
|upkeep
|
|t:|1743828982
|switch|p2a: Cresselia|Cresselia, F|100/100
|-damage|p2a: Cresselia|88/100|[from] Stealth Rock
|turn|20
|
|t:|1743828985
|move|p1a: Dragapult|Thunder Wave|p2a: Cresselia
|-status|p2a: Cresselia|par
|move|p2a: Cresselia|Trick Room|p2a: Cresselia
|-fieldstart|move: Trick Room|[of] p2a: Cresselia
|
|upkeep
|turn|21
|
|t:|1743828995
|switch|p2a: Ursaluna|Ursaluna, M, tera:Normal|24/100 brn
|-damage|p2a: Ursaluna|12/100 brn|[from] Stealth Rock
|move|p1a: Dragapult|Thunder Wave||[still]
|-fail|p1a: Dragapult
|
|-damage|p2a: Ursaluna|6/100 brn|[from] brn
|upkeep
|turn|22
|
|t:|1743829001
|switch|p1a: Ting-Lu|Ting-Lu|83/100
|-ability|p1a: Ting-Lu|Vessel of Ruin
|move|p2a: Ursaluna|Earthquake|p1a: Ting-Lu
|-damage|p1a: Ting-Lu|31/100
|
|-damage|p2a: Ursaluna|0 fnt|[from] brn
|faint|p2a: Ursaluna
|upkeep
|
|t:|1743829005
|switch|p2a: Hoopa|Hoopa-Unbound|31/100
|-damage|p2a: Hoopa|19/100|[from] Stealth Rock
|turn|23
|
|t:|1743829007
|move|p1a: Ting-Lu|Earthquake|p2a: Hoopa
|-damage|p2a: Hoopa|0 fnt
|faint|p2a: Hoopa
|
|upkeep
|
|t:|1743829011
|switch|p2a: Cresselia|Cresselia, F|88/100 par
|-damage|p2a: Cresselia|76/100 par|[from] Stealth Rock
|turn|24
|
|t:|1743829013
|switch|p1a: Tinkaton|Tinkaton, F, shiny|100/100
|-ability|p1a: Tinkaton|Mold Breaker
|cant|p2a: Cresselia|par
|
|-fieldend|move: Trick Room
|upkeep
|turn|25
|-message|tbt123 forfeited.
|
|win|mechamakachino
|raw|mechamakachino's rating: 1478 &rarr; <strong>1498</strong><br />(+20 for winning)
|raw|tbt123's rating: 1481 &rarr; <strong>1461</strong><br />(-20 for losing)
|l|☆mechamakachino
|player|p1|
|l|☆tbt123
|player|p2|
|l| QuanWilliams19
