|j|☆Coldwiii
|j|☆jrandallzzz
|t:|1743894070
|gametype|singles
|player|p1|Coldwiii|wattson|1559
|player|p2|jrandallzzz|cynthia-gen4|1495
|teamsize|p1|6
|teamsize|p2|6
|gen|9
|tier|[Gen 9] OU
|rated|
|rule|HP Percentage Mod: HP is shown in percentages
|rule|Endless Battle Clause: Forcing endless battles is banned
|rule|Species Clause: Limit one of each Pokémon
|rule|OHKO Clause: OHKO moves are banned
|rule|Evasion Items Clause: Evasion items are banned
|rule|Evasion Moves Clause: Evasion moves are banned
|rule|Sleep Moves Clause: Sleep-inducing moves are banned
|clearpoke
|poke|p1|Latios, M|
|poke|p1|Toxapex, F|
|poke|p1|Mandibuzz, F|
|poke|p1|Iron Treads|
|poke|p1|Arcanine-Hisui, F|
|poke|p1|Sinistcha|
|poke|p2|Garganacl, M|
|poke|p2|Weezing-Galar, F|
|poke|p2|Corviknight, M|
|poke|p2|Dragapult, M|
|poke|p2|Slowking-Galar, M|
|poke|p2|Samurott-Hisui, F|
|teampreview
|c|☆Coldwiii|glhf
|inactive|Battle timer is ON: inactive players will automatically lose when time's up. (requested by jrandallzzz)
|
|t:|1743894105
|start
|switch|p1a: Mandibuzz|Mandibuzz, F|100/100
|switch|p2a: Samurott|Samurott-Hisui, F|100/100
|turn|1
|c|☆jrandallzzz|Glhf
|
|t:|1743894123
|move|p2a: Samurott|Knock Off|p1a: Mandibuzz
|-resisted|p1a: Mandibuzz
|-damage|p1a: Mandibuzz|87/100
|-damage|p2a: Samurott|84/100|[from] item: Rocky Helmet|[of] p1a: Mandibuzz
|-enditem|p1a: Mandibuzz|Rocky Helmet|[from] move: Knock Off|[of] p2a: Samurott
|move|p1a: Mandibuzz|Toxic|p2a: Samurott
|-status|p2a: Samurott|tox
|
|-damage|p2a: Samurott|78/100 tox|[from] psn
|upkeep
|turn|2
|
|t:|1743894148
|switch|p2a: Garganacl|Garganacl, M|100/100
|move|p1a: Mandibuzz|Foul Play|p2a: Garganacl
|-damage|p2a: Garganacl|78/100
|
|-heal|p2a: Garganacl|84/100|[from] item: Leftovers
|upkeep
|turn|3
|inactive|Coldwiii has 120 seconds left.
|
|t:|1743894167
|switch|p1a: Latios|Latios, M, shiny|100/100
|move|p2a: Garganacl|Stealth Rock|p1a: Latios
|-sidestart|p1: Coldwiii|move: Stealth Rock
|
|-heal|p2a: Garganacl|91/100|[from] item: Leftovers
|upkeep
|turn|4
|inactive|Coldwiii has 120 seconds left.
|
|t:|1743894178
|move|p1a: Latios|Calm Mind|p1a: Latios
|-boost|p1a: Latios|spa|1
|-boost|p1a: Latios|spd|1
|move|p2a: Garganacl|Salt Cure|p1a: Latios
|-damage|p1a: Latios|83/100
|-start|p1a: Latios|Salt Cure
|
|-heal|p2a: Garganacl|97/100|[from] item: Leftovers
|-damage|p1a: Latios|71/100|[from] Salt Cure
|upkeep
|turn|5
|inactive|Coldwiii has 120 seconds left.
|
|t:|1743894191
|move|p1a: Latios|Psychic Noise|p2a: Garganacl
|-damage|p2a: Garganacl|46/100
|-start|p2a: Garganacl|move: Heal Block
|move|p2a: Garganacl|Salt Cure|p1a: Latios
|-damage|p1a: Latios|52/100
|
|-damage|p1a: Latios|40/100|[from] Salt Cure
|upkeep
|turn|6
|
|t:|1743894201
|switch|p2a: Samurott|Samurott-Hisui, F|78/100 tox
|move|p1a: Latios|Recover|p1a: Latios
|-heal|p1a: Latios|90/100
|
|-damage|p2a: Samurott|72/100 tox|[from] psn
|-damage|p1a: Latios|78/100|[from] Salt Cure
|upkeep
|turn|7
|inactive|Coldwiii has 120 seconds left.
|
|t:|1743894218
|-terastallize|p1a: Latios|Steel
|move|p2a: Samurott|Knock Off|p1a: Latios
|-damage|p1a: Latios|22/100
|-enditem|p1a: Latios|Soul Dew|[from] move: Knock Off|[of] p2a: Samurott
|move|p1a: Latios|Draco Meteor|p2a: Samurott
|-damage|p2a: Samurott|0 fnt
|-unboost|p1a: Latios|spa|2
|faint|p2a: Samurott
|
|-damage|p1a: Latios|0 fnt|[from] Salt Cure
|faint|p1a: Latios
|upkeep
|inactive|Coldwiii has 120 seconds left.
|
|t:|1743894238
|switch|p1a: Iron Treads|Iron Treads|100/100
|switch|p2a: Dragapult|Dragapult, M|100/100
|-damage|p1a: Iron Treads|98/100|[from] Stealth Rock
|turn|8
|inactive|Coldwiii has 120 seconds left.
|
|t:|1743894245
|move|p2a: Dragapult|Will-O-Wisp|p1a: Iron Treads
|-status|p1a: Iron Treads|brn
|move|p1a: Iron Treads|Knock Off|p2a: Dragapult
|-supereffective|p2a: Dragapult
|-damage|p2a: Dragapult|65/100
|-enditem|p2a: Dragapult|Heavy-Duty Boots|[from] move: Knock Off|[of] p1a: Iron Treads
|
|-heal|p1a: Iron Treads|100/100 brn|[from] item: Leftovers
|-damage|p1a: Iron Treads|94/100 brn|[from] brn
|upkeep
|turn|9
|
|t:|1743894255
|move|p2a: Dragapult|Hex|p1a: Iron Treads
|-damage|p1a: Iron Treads|56/100 brn
|move|p1a: Iron Treads|Stealth Rock|p2a: Dragapult
|-sidestart|p2: jrandallzzz|move: Stealth Rock
|
|-heal|p1a: Iron Treads|62/100 brn|[from] item: Leftovers
|-damage|p1a: Iron Treads|56/100 brn|[from] brn
|upkeep
|turn|10
|
|t:|1743894265
|move|p2a: Dragapult|Hex|p1a: Iron Treads
|-damage|p1a: Iron Treads|13/100 brn
|move|p1a: Iron Treads|Earthquake|p2a: Dragapult
|-damage|p2a: Dragapult|40/100
|
|-heal|p1a: Iron Treads|19/100 brn|[from] item: Leftovers
|-damage|p1a: Iron Treads|13/100 brn|[from] brn
|upkeep
|turn|11
|
|t:|1743894274
|move|p2a: Dragapult|Dragon Darts|p1a: Iron Treads
|-resisted|p1a: Iron Treads
|-damage|p1a: Iron Treads|2/100 brn
|-anim|p2a: Dragapult|Dragon Darts|p1a: Iron Treads
|-resisted|p1a: Iron Treads
|-damage|p1a: Iron Treads|0 fnt
|faint|p1a: Iron Treads
|-end|p1a: Iron Treads|Quark Drive|[silent]
|
|upkeep
|
|t:|1743894280
|switch|p1a: Mandibuzz|Mandibuzz, F|87/100
|-damage|p1a: Mandibuzz|63/100|[from] Stealth Rock
|turn|12
|
|t:|1743894289
|move|p2a: Dragapult|U-turn|p1a: Mandibuzz
|-damage|p1a: Mandibuzz|49/100
|
|t:|1743894292
|switch|p2a: Garganacl|Garganacl, M|46/100|[from] U-turn
|-damage|p2a: Garganacl|33/100|[from] Stealth Rock
|move|p1a: Mandibuzz|Roost|p1a: Mandibuzz
|-heal|p1a: Mandibuzz|99/100
|-singleturn|p1a: Mandibuzz|move: Roost
|
|-heal|p2a: Garganacl|39/100|[from] item: Leftovers
|upkeep
|turn|13
|
|t:|1743894306
|switch|p1a: Sinistcha|Sinistcha, shiny|100/100
|move|p2a: Garganacl|Recover|p2a: Garganacl
|-heal|p2a: Garganacl|89/100
|
|-heal|p2a: Garganacl|96/100|[from] item: Leftovers
|upkeep
|turn|14
|
|t:|1743894316
|switch|p2a: Weezing|Weezing-Galar, F|100/100
|-ability|p2a: Weezing|Neutralizing Gas
|move|p1a: Sinistcha|Calm Mind|p1a: Sinistcha
|-boost|p1a: Sinistcha|spa|1
|-boost|p1a: Sinistcha|spd|1
|
|upkeep
|turn|15
|
|t:|1743894329
|move|p1a: Sinistcha|Calm Mind|p1a: Sinistcha
|-boost|p1a: Sinistcha|spa|1
|-boost|p1a: Sinistcha|spd|1
|move|p2a: Weezing|Strange Steam|p1a: Sinistcha
|-damage|p1a: Sinistcha|83/100
|
|upkeep
|turn|16
|
|t:|1743894336
|move|p1a: Sinistcha|Calm Mind|p1a: Sinistcha
|-boost|p1a: Sinistcha|spa|1
|-boost|p1a: Sinistcha|spd|1
|move|p2a: Weezing|Will-O-Wisp|p1a: Sinistcha
|-status|p1a: Sinistcha|brn
|
|-damage|p1a: Sinistcha|77/100 brn|[from] brn
|upkeep
|turn|17
|
|t:|1743894345
|move|p1a: Sinistcha|Matcha Gotcha|p2a: Weezing|[miss]
|-miss|p1a: Sinistcha|p2a: Weezing
|move|p2a: Weezing|Pain Split|p1a: Sinistcha
|-sethp|p1a: Sinistcha|87/100 brn|[from] move: Pain Split|[silent]
|-sethp|p2a: Weezing|90/100|[from] move: Pain Split
|
|-damage|p1a: Sinistcha|81/100 brn|[from] brn
|upkeep
|turn|18
|
|t:|1743894357
|move|p1a: Sinistcha|Shadow Ball|p2a: Weezing
|-damage|p2a: Weezing|0 fnt
|faint|p2a: Weezing
|-end|p2a: Weezing|ability: Neutralizing Gas
|
|-damage|p1a: Sinistcha|78/100 brn|[from] brn
|upkeep
|
|t:|1743894378
|switch|p2a: Dragapult|Dragapult, M|40/100
|-damage|p2a: Dragapult|28/100|[from] Stealth Rock
|turn|19
|
|t:|1743894393
|move|p2a: Dragapult|U-turn|p1a: Sinistcha
|-damage|p1a: Sinistcha|61/100 brn
|
|t:|1743894396
|switch|p2a: Corviknight|Corviknight, M|100/100|[from] U-turn
|-damage|p2a: Corviknight|88/100|[from] Stealth Rock
|-ability|p2a: Corviknight|Pressure
|move|p1a: Sinistcha|Shadow Ball|p2a: Corviknight
|-crit|p2a: Corviknight
|-damage|p2a: Corviknight|0 fnt
|faint|p2a: Corviknight
|
|-damage|p1a: Sinistcha|59/100 brn|[from] brn
|upkeep
|
|t:|1743894405
|switch|p2a: Dragapult|Dragapult, M|28/100
|-damage|p2a: Dragapult|16/100|[from] Stealth Rock
|turn|20
|
|t:|1743894412
|move|p2a: Dragapult|Hex|p1a: Sinistcha
|-supereffective|p1a: Sinistcha
|-damage|p1a: Sinistcha|14/100 brn
|move|p1a: Sinistcha|Strength Sap|p2a: Dragapult
|-unboost|p2a: Dragapult|atk|1
|-heal|p1a: Sinistcha|100/100 brn
|
|-damage|p1a: Sinistcha|98/100 brn|[from] brn
|upkeep
|turn|21
|
|t:|1743894428
|-terastallize|p2a: Dragapult|Dragon
|move|p2a: Dragapult|Dragon Darts|p1a: Sinistcha
|-damage|p1a: Sinistcha|83/100 brn
|-anim|p2a: Dragapult|Dragon Darts|p1a: Sinistcha
|-damage|p1a: Sinistcha|67/100 brn
|move|p1a: Sinistcha|Matcha Gotcha|p2a: Dragapult
|-resisted|p2a: Dragapult
|-damage|p2a: Dragapult|0 fnt
|-heal|p1a: Sinistcha|74/100 brn|[from] drain|[of] p2a: Dragapult
|faint|p2a: Dragapult
|
|-damage|p1a: Sinistcha|71/100 brn|[from] brn
|upkeep
|-message|jrandallzzz forfeited.
|
|win|Coldwiii
|raw|Coldwiii's rating: 1559 &rarr; <strong>1575</strong><br />(+16 for winning)
|raw|jrandallzzz's rating: 1495 &rarr; <strong>1479</strong><br />(-16 for losing)
|l|☆jrandallzzz
|player|p2|
|c|☆Coldwiii|gg
