|j|☆psnewman
|j|☆huanghunqingyue
|t:|1743840494
|gametype|singles
|player|p1|psnewman|101|1318
|player|p2|huanghunqingyue|102|1271
|teamsize|p1|6
|teamsize|p2|6
|gen|9
|tier|[Gen 9] OU
|rated|
|rule|HP Percentage Mod: HP is shown in percentages
|rule|Endless Battle Clause: Forcing endless battles is banned
|rule|Species Clause: Limit one of each Pokémon
|rule|OHKO Clause: OHKO moves are banned
|rule|Evasion Items Clause: Evasion items are banned
|rule|Evasion Moves Clause: Evasion moves are banned
|rule|Sleep Moves Clause: Sleep-inducing moves are banned
|clearpoke
|poke|p1|Pelipper, M|
|poke|p1|Kingdra, F|
|poke|p1|Kingambit, M|
|poke|p1|Thundurus-Therian, M|
|poke|p1|Scizor, M|
|poke|p1|Floatzel, F|
|poke|p2|Gliscor, M|
|poke|p2|Toxapex, F|
|poke|p2|Great Tusk|
|poke|p2|Gholdengo|
|poke|p2|Dondozo, M|
|poke|p2|Chansey, F|
|teampreview
|inactive|Battle timer is ON: inactive players will automatically lose when time's up. (requested by psnewman)
|inactive|huanghunqingyue also wants the timer to be on.
|
|t:|1743840500
|start
|switch|p1a: 欧～|Pelipper, M|100/100
|switch|p2a: Toxapex|Toxapex, F|100/100
|-weather|RainDance|[from] ability: Drizzle|[of] p1a: 欧～
|turn|1
|
|t:|1743840504
|move|p1a: 欧～|U-turn|p2a: Toxapex
|-resisted|p2a: Toxapex
|-damage|p2a: Toxapex|98/100
|
|t:|1743840510
|switch|p1a: 云|Thundurus-Therian, M|100/100|[from] U-turn
|move|p2a: Toxapex|Toxic Spikes|p1a: 云
|-sidestart|p1: psnewman|move: Toxic Spikes
|
|-weather|RainDance|[upkeep]
|-heal|p2a: Toxapex|100/100|[from] item: Leftovers
|upkeep
|turn|2
|
|t:|1743840519
|move|p2a: Toxapex|Baneful Bunker|p2a: Toxapex
|-singleturn|p2a: Toxapex|move: Protect
|move|p1a: 云|Thunder|p2a: Toxapex
|-activate|p2a: Toxapex|move: Protect
|
|-weather|RainDance|[upkeep]
|upkeep
|turn|3
|
|t:|1743840524
|switch|p2a: Chansey|Chansey, F|100/100
|move|p1a: 云|Thunder|p2a: Chansey
|-damage|p2a: Chansey|81/100
|-damage|p1a: 云|91/100|[from] item: Life Orb
|
|-weather|RainDance|[upkeep]
|upkeep
|turn|4
|
|t:|1743840530
|switch|p1a: 大酱|Kingambit, M, shiny|100/100
|move|p2a: Chansey|Stealth Rock|p1a: 大酱
|-sidestart|p1: psnewman|move: Stealth Rock
|
|-weather|RainDance|[upkeep]
|upkeep
|turn|5
|
|t:|1743840535
|switch|p2a: Gliscor|Gliscor, M|100/100
|move|p1a: 大酱|Swords Dance|p1a: 大酱
|-boost|p1a: 大酱|atk|2
|
|-weather|RainDance|[upkeep]
|-status|p2a: Gliscor|tox|[from] item: Toxic Orb
|upkeep
|turn|6
|
|t:|1743840543
|-terastallize|p1a: 大酱|Fairy
|move|p2a: Gliscor|Knock Off|p1a: 大酱
|-resisted|p1a: 大酱
|-damage|p1a: 大酱|91/100
|-enditem|p1a: 大酱|Black Glasses|[from] move: Knock Off|[of] p2a: Gliscor
|move|p1a: 大酱|Kowtow Cleave|p2a: Gliscor
|-damage|p2a: Gliscor|20/100 tox
|
|-weather|RainDance|[upkeep]
|-heal|p2a: Gliscor|32/100 tox|[from] ability: Poison Heal
|upkeep
|turn|7
|
|t:|1743840553
|move|p2a: Gliscor|Protect|p2a: Gliscor
|-singleturn|p2a: Gliscor|Protect
|move|p1a: 大酱|Swords Dance|p1a: 大酱
|-boost|p1a: 大酱|atk|2
|
|-weather|RainDance|[upkeep]
|-heal|p2a: Gliscor|45/100 tox|[from] ability: Poison Heal
|upkeep
|turn|8
|l|☆huanghunqingyue
|inactive|huanghunqingyue disconnected and has a minute to reconnect!
|player|p2|
|j|☆huanghunqingyue
|inactive|huanghunqingyue reconnected and has 135 seconds left.
|player|p2|huanghunqingyue|102|
|
|t:|1743840572
|switch|p2a: Dondozo|Dondozo, M|100/100
|move|p1a: 大酱|Iron Head|p2a: Dondozo
|-resisted|p2a: Dondozo
|-damage|p2a: Dondozo|90/100
|
|-weather|none
|-heal|p2a: Dondozo|96/100|[from] item: Leftovers
|upkeep
|turn|9
|
|t:|1743840578
|move|p1a: 大酱|Kowtow Cleave|p2a: Dondozo
|-damage|p2a: Dondozo|76/100
|move|p2a: Dondozo|Avalanche|p1a: 大酱
|-damage|p1a: 大酱|65/100
|
|-heal|p2a: Dondozo|82/100|[from] item: Leftovers
|upkeep
|turn|10
|
|t:|1743840588
|-end|p1a: 大酱|fallenundefined|[silent]
|switch|p1a: 欧～|Pelipper, M|100/100
|-damage|p1a: 欧～|76/100|[from] Stealth Rock
|-weather|RainDance|[from] ability: Drizzle|[of] p1a: 欧～
|move|p2a: Dondozo|Avalanche|p1a: 欧～
|-damage|p1a: 欧～|61/100
|
|-weather|RainDance|[upkeep]
|-heal|p2a: Dondozo|88/100|[from] item: Leftovers
|upkeep
|turn|11
|
|t:|1743840596
|switch|p2a: Toxapex|Toxapex, F|100/100
|move|p1a: 欧～|Roost|p1a: 欧～
|-heal|p1a: 欧～|100/100
|-singleturn|p1a: 欧～|move: Roost
|
|-weather|RainDance|[upkeep]
|upkeep
|turn|12
|
|t:|1743840602
|move|p2a: Toxapex|Baneful Bunker|p2a: Toxapex
|-singleturn|p2a: Toxapex|move: Protect
|move|p1a: 欧～|U-turn|p2a: Toxapex
|-activate|p2a: Toxapex|move: Protect
|-status|p1a: 欧～|psn
|
|-weather|RainDance|[upkeep]
|-damage|p1a: 欧～|88/100 psn|[from] psn
|upkeep
|turn|13
|
|t:|1743840604
|move|p1a: 欧～|U-turn|p2a: Toxapex
|-resisted|p2a: Toxapex
|-damage|p2a: Toxapex|98/100
|
|t:|1743840612
|switch|p1a: 红色有角三倍速|Scizor, M|100/100|[from] U-turn
|-damage|p1a: 红色有角三倍速|88/100|[from] Stealth Rock
|move|p2a: Toxapex|Toxic Spikes|p1a: 红色有角三倍速
|-sidestart|p1: psnewman|move: Toxic Spikes
|
|-weather|RainDance|[upkeep]
|-heal|p2a: Toxapex|100/100|[from] item: Leftovers
|upkeep
|turn|14
|
|t:|1743840617
|switch|p2a: Gholdengo|Gholdengo|100/100
|-item|p2a: Gholdengo|Air Balloon
|move|p1a: 红色有角三倍速|Knock Off|p2a: Gholdengo
|-supereffective|p2a: Gholdengo
|-damage|p2a: Gholdengo|44/100
|-enditem|p2a: Gholdengo|Air Balloon
|
|-weather|RainDance|[upkeep]
|upkeep
|turn|15
|
|t:|1743840624
|move|p1a: 红色有角三倍速|Knock Off|p2a: Gholdengo
|-supereffective|p2a: Gholdengo
|-crit|p2a: Gholdengo
|-damage|p2a: Gholdengo|0 fnt
|faint|p2a: Gholdengo
|
|-weather|RainDance|[upkeep]
|upkeep
|
|t:|1743840629
|switch|p2a: Gliscor|Gliscor, M|45/100 tox
|turn|16
|
|t:|1743840632
|move|p2a: Gliscor|Protect|p2a: Gliscor
|-singleturn|p2a: Gliscor|Protect
|move|p1a: 红色有角三倍速|Bullet Punch|p2a: Gliscor
|-activate|p2a: Gliscor|move: Protect
|
|-weather|RainDance|[upkeep]
|-heal|p2a: Gliscor|57/100 tox|[from] ability: Poison Heal
|upkeep
|turn|17
|
|t:|1743840637
|move|p1a: 红色有角三倍速|Bullet Punch|p2a: Gliscor
|-damage|p2a: Gliscor|31/100 tox
|move|p2a: Gliscor|Knock Off|p1a: 红色有角三倍速
|-crit|p1a: 红色有角三倍速
|-damage|p1a: 红色有角三倍速|52/100
|-enditem|p1a: 红色有角三倍速|Expert Belt|[from] move: Knock Off|[of] p2a: Gliscor
|
|-weather|none
|-heal|p2a: Gliscor|43/100 tox|[from] ability: Poison Heal
|upkeep
|turn|18
|
|t:|1743840645
|move|p2a: Gliscor|Protect|p2a: Gliscor
|-singleturn|p2a: Gliscor|Protect
|move|p1a: 红色有角三倍速|U-turn|p2a: Gliscor
|-activate|p2a: Gliscor|move: Protect
|
|-heal|p2a: Gliscor|56/100 tox|[from] ability: Poison Heal
|upkeep
|turn|19
|
|t:|1743840650
|move|p1a: 红色有角三倍速|Bullet Punch|p2a: Gliscor
|-damage|p2a: Gliscor|26/100 tox
|move|p2a: Gliscor|Spikes|p1a: 红色有角三倍速
|-sidestart|p1: psnewman|Spikes
|
|-heal|p2a: Gliscor|39/100 tox|[from] ability: Poison Heal
|upkeep
|turn|20
|
|t:|1743840655
|move|p2a: Gliscor|Protect|p2a: Gliscor
|-singleturn|p2a: Gliscor|Protect
|move|p1a: 红色有角三倍速|U-turn|p2a: Gliscor
|-activate|p2a: Gliscor|move: Protect
|
|-heal|p2a: Gliscor|51/100 tox|[from] ability: Poison Heal
|upkeep
|turn|21
|
|t:|1743840660
|move|p2a: Gliscor|Spikes|p1a: 红色有角三倍速
|-sidestart|p1: psnewman|Spikes
|move|p1a: 红色有角三倍速|U-turn|p2a: Gliscor
|-resisted|p2a: Gliscor
|-crit|p2a: Gliscor
|-damage|p2a: Gliscor|25/100 tox
|
|t:|1743840667
|switch|p1a: 开！|Floatzel, F|100/100|[from] U-turn
|-status|p1a: 开！|tox
|-damage|p1a: 开！|88/100 tox|[from] Stealth Rock
|-damage|p1a: 开！|71/100 tox|[from] Spikes
|
|-damage|p1a: 开！|65/100 tox|[from] psn
|-heal|p2a: Gliscor|38/100 tox|[from] ability: Poison Heal
|upkeep
|turn|22
|
|t:|1743840672
|move|p2a: Gliscor|Protect|p2a: Gliscor
|-singleturn|p2a: Gliscor|Protect
|move|p1a: 开！|Wave Crash|p2a: Gliscor
|-activate|p2a: Gliscor|move: Protect
|
|-damage|p1a: 开！|53/100 tox|[from] psn
|-heal|p2a: Gliscor|50/100 tox|[from] ability: Poison Heal
|upkeep
|turn|23
|
|t:|1743840677
|switch|p2a: Toxapex|Toxapex, F|100/100
|move|p1a: 开！|Wave Crash|p2a: Toxapex
|-resisted|p2a: Toxapex
|-damage|p2a: Toxapex|75/100
|-damage|p1a: 开！|45/100 tox|[from] Recoil
|
|-heal|p2a: Toxapex|81/100|[from] item: Leftovers
|-damage|p1a: 开！|26/100 tox|[from] psn
|upkeep
|turn|24
|
|t:|1743840683
|switch|p1a: 龙王传说|Kingdra, F|100/100
|-status|p1a: 龙王传说|tox
|-damage|p1a: 龙王传说|88/100 tox|[from] Stealth Rock
|-damage|p1a: 龙王传说|72/100 tox|[from] Spikes
|move|p2a: Toxapex|Baneful Bunker||[still]
|-fail|p2a: Toxapex
|
|-heal|p2a: Toxapex|87/100|[from] item: Leftovers
|-damage|p1a: 龙王传说|65/100 tox|[from] psn
|upkeep
|turn|25
|
|t:|1743840693
|switch|p2a: Gliscor|Gliscor, M|50/100 tox
|move|p1a: 龙王传说|Dragon Pulse|p2a: Gliscor
|-damage|p2a: Gliscor|0 fnt
|faint|p2a: Gliscor
|
|-damage|p1a: 龙王传说|53/100 tox|[from] psn
|upkeep
|
|t:|1743840698
|switch|p2a: Toxapex|Toxapex, F|100/100
|turn|26
|
|t:|1743840701
|move|p2a: Toxapex|Baneful Bunker|p2a: Toxapex
|-singleturn|p2a: Toxapex|move: Protect
|move|p1a: 龙王传说|Dragon Pulse|p2a: Toxapex
|-activate|p2a: Toxapex|move: Protect
|
|-damage|p1a: 龙王传说|35/100 tox|[from] psn
|upkeep
|turn|27
|
|t:|1743840707
|switch|p2a: Chansey|Chansey, F|81/100
|move|p1a: 龙王传说|Dragon Pulse|p2a: Chansey
|-damage|p2a: Chansey|69/100
|
|-damage|p1a: 龙王传说|10/100 tox|[from] psn
|upkeep
|turn|28
|
|t:|1743840712
|move|p1a: 龙王传说|Dragon Pulse|p2a: Chansey
|-damage|p2a: Chansey|57/100
|move|p2a: Chansey|Soft-Boiled|p2a: Chansey
|-heal|p2a: Chansey|100/100
|
|-damage|p1a: 龙王传说|0 fnt|[from] psn
|faint|p1a: 龙王传说
|upkeep
|-message|psnewman forfeited.
|
|win|huanghunqingyue
|raw|psnewman's rating: 1318 &rarr; <strong>1295</strong><br />(-23 for losing)
|raw|huanghunqingyue's rating: 1271 &rarr; <strong>1299</strong><br />(+28 for winning)
|l|☆psnewman
|player|p1|
|l|☆huanghunqingyue
|player|p2|
