|j|☆smashbros87878
|j|‽bigblacknunruly
|t:|1743913674
|gametype|singles
|player|p1|smashbros87878|2|1136
|player|p2|bigblacknunruly|sage|1206
|teamsize|p1|6
|teamsize|p2|6
|gen|9
|tier|[Gen 9] OU
|rated|
|rule|HP Percentage Mod: HP is shown in percentages
|rule|Endless Battle Clause: Forcing endless battles is banned
|rule|Species Clause: Limit one of each Pokémon
|rule|OHKO Clause: OHKO moves are banned
|rule|Evasion Items Clause: Evasion items are banned
|rule|Evasion Moves Clause: Evasion moves are banned
|rule|Sleep Moves Clause: Sleep-inducing moves are banned
|clearpoke
|poke|p1|Dondozo, M|
|poke|p1|Dragonite, F|
|poke|p1|Gholdengo|
|poke|p1|Kingambit, F|
|poke|p1|Porygon2|
|poke|p1|Kommo-o, M|
|poke|p2|Okidogi, M|
|poke|p2|Rotom-Wash|
|poke|p2|Heatran, M|
|poke|p2|Corviknight, F|
|poke|p2|Great Tusk|
|poke|p2|Gholdengo|
|teampreview
|inactive|Battle timer is ON: inactive players will automatically lose when time's up. (requested by smashbros87878)
|
|t:|1743913685
|start
|switch|p1a: Dragonite|Dragonite, F, shiny|100/100
|switch|p2a: Gholdengo|Gholdengo|100/100
|turn|1
|c|☆smashbros87878|Can you sub to my channel
|
|t:|1743913695
|move|p2a: Gholdengo|Dazzling Gleam|p1a: Dragonite
|-supereffective|p1a: Dragonite
|-damage|p1a: Dragonite|57/100
|move|p1a: Dragonite|Earthquake|p2a: Gholdengo
|-supereffective|p2a: Gholdengo
|-damage|p2a: Gholdengo|0 fnt
|faint|p2a: Gholdengo
|-damage|p1a: Dragonite|47/100|[from] item: Life Orb
|
|upkeep
|
|t:|1743913705
|switch|p2a: Great Tusk|Great Tusk|100/100
|turn|2
|
|t:|1743913711
|move|p1a: Dragonite|Extreme Speed|p2a: Great Tusk
|-damage|p2a: Great Tusk|81/100
|-damage|p1a: Dragonite|37/100|[from] item: Life Orb
|move|p2a: Great Tusk|Ice Spinner|p1a: Dragonite
|-supereffective|p1a: Dragonite
|-damage|p1a: Dragonite|0 fnt
|faint|p1a: Dragonite
|
|-heal|p2a: Great Tusk|87/100|[from] item: Leftovers
|upkeep
|
|t:|1743913725
|switch|p1a: Porygon2|Porygon2|100/100
|-ability|p1a: Porygon2|Download|boost
|-boost|p1a: Porygon2|spa|1
|turn|3
|
|t:|1743913737
|-end|p2a: Great Tusk|Protosynthesis|[silent]
|switch|p2a: Heatran|Heatran, M|100/100
|move|p1a: Porygon2|Trick Room|p1a: Porygon2
|-fieldstart|move: Trick Room|[of] p1a: Porygon2
|
|upkeep
|turn|4
|
|t:|1743913744
|move|p1a: Porygon2|Thunderbolt|p2a: Heatran
|-damage|p2a: Heatran|72/100
|move|p2a: Heatran|Taunt|p1a: Porygon2
|-start|p1a: Porygon2|move: Taunt
|
|-heal|p2a: Heatran|78/100|[from] item: Leftovers
|upkeep
|turn|5
|
|t:|1743913753
|move|p1a: Porygon2|Thunderbolt|p2a: Heatran
|-damage|p2a: Heatran|52/100
|move|p2a: Heatran|Stealth Rock|p1a: Porygon2
|-sidestart|p1: smashbros87878|move: Stealth Rock
|
|-heal|p2a: Heatran|58/100|[from] item: Leftovers
|upkeep
|turn|6
|
|t:|1743913763
|move|p1a: Porygon2|Thunderbolt|p2a: Heatran
|-damage|p2a: Heatran|30/100
|move|p2a: Heatran|Magma Storm|p1a: Porygon2|[miss]
|-miss|p2a: Heatran|p1a: Porygon2
|
|-heal|p2a: Heatran|36/100|[from] item: Leftovers
|upkeep
|turn|7
|
|t:|1743913771
|move|p1a: Porygon2|Thunderbolt|p2a: Heatran
|-damage|p2a: Heatran|11/100
|move|p2a: Heatran|Magma Storm|p1a: Porygon2|[miss]
|-miss|p2a: Heatran|p1a: Porygon2
|
|-heal|p2a: Heatran|17/100|[from] item: Leftovers
|-end|p1a: Porygon2|move: Taunt
|-fieldend|move: Trick Room
|upkeep
|turn|8
|
|t:|1743913787
|move|p2a: Heatran|Magma Storm|p1a: Porygon2
|-damage|p1a: Porygon2|73/100
|-activate|p1a: Porygon2|move: Magma Storm|[of] p2a: Heatran
|move|p1a: Porygon2|Trick Room|p1a: Porygon2
|-fieldstart|move: Trick Room|[of] p1a: Porygon2
|
|-heal|p2a: Heatran|23/100|[from] item: Leftovers
|-damage|p1a: Porygon2|61/100|[from] move: Magma Storm|[partiallytrapped]
|upkeep
|turn|9
|
|t:|1743913797
|move|p1a: Porygon2|Thunderbolt|p2a: Heatran
|-damage|p2a: Heatran|0 fnt
|faint|p2a: Heatran
|
|-end|p1a: Porygon2|Magma Storm|[partiallytrapped]|[silent]
|upkeep
|
|t:|1743913803
|switch|p2a: Rotom|Rotom-Wash|100/100
|turn|10
|
|t:|1743913811
|-terastallize|p1a: Porygon2|Normal
|move|p1a: Porygon2|Tri Attack|p2a: Rotom
|-damage|p2a: Rotom|14/100
|-status|p2a: Rotom|frz
|-enditem|p2a: Rotom|Eject Button
|
|t:|1743913820
|switch|p2a: Okidogi|Okidogi, M|100/100
|
|upkeep
|turn|11
|c|☆smashbros87878|What the hell
|
|t:|1743913833
|move|p1a: Porygon2|Tri Attack|p2a: Okidogi
|-damage|p2a: Okidogi|35/100
|move|p2a: Okidogi|Drain Punch|p1a: Porygon2
|-supereffective|p1a: Porygon2
|-damage|p1a: Porygon2|16/100
|-heal|p2a: Okidogi|57/100|[from] drain|[of] p1a: Porygon2
|-status|p1a: Porygon2|tox|[from] ability: Toxic Chain|[of] p2a: Okidogi
|
|-damage|p1a: Porygon2|10/100 tox|[from] psn
|upkeep
|turn|12
|
|t:|1743913844
|switch|p2a: Rotom|Rotom-Wash|14/100 frz
|move|p1a: Porygon2|Tri Attack|p2a: Rotom
|-damage|p2a: Rotom|0 fnt
|faint|p2a: Rotom
|
|-damage|p1a: Porygon2|0 fnt|[from] psn
|faint|p1a: Porygon2
|-fieldend|move: Trick Room
|upkeep
|
|t:|1743913858
|switch|p2a: Okidogi|Okidogi, M|57/100
|switch|p1a: Dondozo|Dondozo, M|100/100
|-damage|p1a: Dondozo|88/100|[from] Stealth Rock
|turn|13
|c|☆smashbros87878|Gg
|
|t:|1743913865
|move|p2a: Okidogi|Bulk Up|p2a: Okidogi
|-boost|p2a: Okidogi|atk|1
|-boost|p2a: Okidogi|def|1
|move|p1a: Dondozo|Wave Crash|p2a: Okidogi
|-damage|p2a: Okidogi|27/100
|-damage|p1a: Dondozo|81/100|[from] Recoil
|
|upkeep
|turn|14
|
|t:|1743913876
|move|p2a: Okidogi|Drain Punch|p1a: Dondozo
|-damage|p1a: Dondozo|67/100
|-heal|p2a: Okidogi|36/100|[from] drain|[of] p1a: Dondozo
|-damage|p2a: Okidogi|19/100|[from] item: Rocky Helmet|[of] p1a: Dondozo
|-status|p1a: Dondozo|tox|[from] ability: Toxic Chain|[of] p2a: Okidogi
|move|p1a: Dondozo|Wave Crash|p2a: Okidogi
|-damage|p2a: Okidogi|0 fnt
|faint|p2a: Okidogi
|-damage|p1a: Dondozo|63/100 tox|[from] Recoil
|
|-damage|p1a: Dondozo|57/100 tox|[from] psn
|upkeep
|l|☆smashbros87878
|inactive|smashbros87878 disconnected and has a minute to reconnect!
|player|p1|
|
|t:|1743913889
|switch|p2a: Great Tusk|Great Tusk|87/100
|turn|15
|inactive|smashbros87878 has 30 seconds to reconnect!
|inactive|smashbros87878 has 20 seconds to reconnect!
|inactive|smashbros87878 has 15 seconds to reconnect!
|inactive|smashbros87878 has 10 seconds to reconnect!
|inactive|smashbros87878 has 5 seconds to reconnect!
|-message|smashbros87878 lost due to inactivity.
|
|win|bigblacknunruly
|raw|smashbros87878's rating: 1136 &rarr; <strong>1116</strong><br />(-20 for losing)
|raw|bigblacknunruly's rating: 1206 &rarr; <strong>1226</strong><br />(+20 for winning)
