|j|☆Thenix12
|j|☆Morvana
|t:|1743934829
|gametype|singles
|player|p1|Thenix12|nurse|1335
|player|p2|Morvana|169|1282
|teamsize|p1|6
|teamsize|p2|6
|gen|9
|tier|[Gen 9] OU
|rated|
|rule|HP Percentage Mod: HP is shown in percentages
|rule|Endless Battle Clause: Forcing endless battles is banned
|rule|Species Clause: Limit one of each Pokémon
|rule|OHKO Clause: OHKO moves are banned
|rule|Evasion Items Clause: Evasion items are banned
|rule|Evasion Moves Clause: Evasion moves are banned
|rule|Sleep Moves Clause: Sleep-inducing moves are banned
|clearpoke
|poke|p1|Emboar, M|
|poke|p1|Cinccino, M|
|poke|p1|Hydrapple, M|
|poke|p1|Iron Crown|
|poke|p1|Basculin-Blue-Striped, F|
|poke|p1|Clodsire, M|
|poke|p2|Serperior, M|
|poke|p2|Dragonite, F|
|poke|p2|Blaziken, M|
|poke|p2|Quaquaval, M|
|poke|p2|Hoopa-Unbound|
|poke|p2|Dragapult, M|
|teampreview
|inactive|Battle timer is ON: inactive players will automatically lose when time's up. (requested by Morvana)
|
|t:|1743934839
|start
|switch|p1a: Cinccino|Cinccino, M|100/100
|switch|p2a: Serperior|Serperior, M|100/100
|turn|1
|
|t:|1743934855
|switch|p2a: Dragapult|Dragapult, M|100/100
|switch|p1a: Clodsire|Clodsire, M|100/100
|
|upkeep
|turn|2
|
|t:|1743934873
|move|p2a: Dragapult|U-turn|p1a: Clodsire
|-resisted|p1a: Clodsire
|-damage|p1a: Clodsire|84/100
|-damage|p2a: Dragapult|91/100|[from] item: Life Orb
|
|t:|1743934878
|switch|p2a: Serperior|Serperior, M|100/100|[from] U-turn
|move|p1a: Clodsire|Toxic|p2a: Serperior
|-status|p2a: Serperior|tox
|
|-heal|p1a: Clodsire|91/100|[from] item: Leftovers
|-damage|p2a: Serperior|94/100 tox|[from] psn
|upkeep
|turn|3
|
|t:|1743934884
|move|p2a: Serperior|Leaf Storm|p1a: Clodsire
|-damage|p1a: Clodsire|67/100
|-boost|p2a: Serperior|spa|2
|move|p1a: Clodsire|Recover|p1a: Clodsire
|-heal|p1a: Clodsire|100/100
|
|-heal|p2a: Serperior|100/100 tox|[from] item: Leftovers
|-damage|p2a: Serperior|88/100 tox|[from] psn
|upkeep
|turn|4
|
|t:|1743934890
|move|p2a: Serperior|Glare|p1a: Clodsire
|-status|p1a: Clodsire|par
|cant|p1a: Clodsire|par
|
|-heal|p2a: Serperior|94/100 tox|[from] item: Leftovers
|-damage|p2a: Serperior|76/100 tox|[from] psn
|upkeep
|turn|5
|
|t:|1743934900
|move|p2a: Serperior|Leaf Storm|p1a: Clodsire
|-damage|p1a: Clodsire|75/100 par
|-boost|p2a: Serperior|spa|2
|move|p1a: Clodsire|Stealth Rock|p2a: Serperior
|-sidestart|p2: Morvana|move: Stealth Rock
|
|-heal|p2a: Serperior|82/100 tox|[from] item: Leftovers
|-heal|p1a: Clodsire|82/100 par|[from] item: Leftovers
|-damage|p2a: Serperior|57/100 tox|[from] psn
|upkeep
|turn|6
|
|t:|1743934910
|move|p2a: Serperior|Leaf Storm|p1a: Clodsire|[miss]
|-miss|p2a: Serperior|p1a: Clodsire
|move|p1a: Clodsire|Recover|p1a: Clodsire
|-heal|p1a: Clodsire|100/100 par
|
|-heal|p2a: Serperior|63/100 tox|[from] item: Leftovers
|-damage|p2a: Serperior|32/100 tox|[from] psn
|upkeep
|turn|7
|
|t:|1743934916
|move|p2a: Serperior|Leaf Storm|p1a: Clodsire|[miss]
|-miss|p2a: Serperior|p1a: Clodsire
|move|p1a: Clodsire|Recover||[still]
|-fail|p1a: Clodsire|heal
|
|-heal|p2a: Serperior|39/100 tox|[from] item: Leftovers
|-damage|p2a: Serperior|2/100 tox|[from] psn
|upkeep
|turn|8
|
|t:|1743934922
|move|p2a: Serperior|Leaf Storm|p1a: Clodsire
|-damage|p1a: Clodsire|76/100 par
|-boost|p2a: Serperior|spa|2
|move|p1a: Clodsire|Recover|p1a: Clodsire
|-heal|p1a: Clodsire|100/100 par
|
|-heal|p2a: Serperior|8/100 tox|[from] item: Leftovers
|-damage|p2a: Serperior|0 fnt|[from] psn
|faint|p2a: Serperior
|upkeep
|
|t:|1743934945
|switch|p2a: Hoopa|Hoopa-Unbound|100/100
|-damage|p2a: Hoopa|88/100|[from] Stealth Rock
|turn|9
|
|t:|1743934954
|move|p2a: Hoopa|Psyshock|p1a: Clodsire
|-supereffective|p1a: Clodsire
|-damage|p1a: Clodsire|0 fnt
|faint|p1a: Clodsire
|
|upkeep
|inactive|Thenix12 has 120 seconds left.
|
|t:|1743935006
|switch|p1a: Cinccino|Cinccino, M|100/100
|turn|10
|
|t:|1743935015
|switch|p2a: Dragapult|Dragapult, M|91/100
|-damage|p2a: Dragapult|78/100|[from] Stealth Rock
|move|p1a: Cinccino|Tail Slap|p2a: Dragapult
|-immune|p2a: Dragapult
|
|upkeep
|turn|11
|
|t:|1743935029
|move|p2a: Dragapult|Shadow Ball|p1a: Cinccino
|-immune|p1a: Cinccino
|move|p1a: Cinccino|Triple Axel|p2a: Dragapult
|-supereffective|p2a: Dragapult
|-damage|p2a: Dragapult|53/100
|-supereffective|p2a: Dragapult
|-damage|p2a: Dragapult|0 fnt
|faint|p2a: Dragapult
|-hitcount|p2: Dragapult|2
|
|upkeep
|inactive|Morvana has 120 seconds left.
|
|t:|1743935059
|switch|p2a: Quaquaval|Quaquaval, M|100/100
|-damage|p2a: Quaquaval|94/100|[from] Stealth Rock
|turn|12
|inactive|Morvana has 120 seconds left.
|
|t:|1743935067
|move|p2a: Quaquaval|Rapid Spin|p1a: Cinccino
|-damage|p1a: Cinccino|74/100
|-boost|p2a: Quaquaval|spe|1
|-sideend|p2: Morvana|Stealth Rock|[from] move: Rapid Spin|[of] p2a: Quaquaval
|move|p1a: Cinccino|Bullet Seed|p2a: Quaquaval
|-supereffective|p2a: Quaquaval
|-damage|p2a: Quaquaval|69/100
|-supereffective|p2a: Quaquaval
|-damage|p2a: Quaquaval|43/100
|-supereffective|p2a: Quaquaval
|-crit|p2a: Quaquaval
|-damage|p2a: Quaquaval|1/100
|-supereffective|p2a: Quaquaval
|-crit|p2a: Quaquaval
|-damage|p2a: Quaquaval|0 fnt
|faint|p2a: Quaquaval
|-hitcount|p2: Quaquaval|4
|
|upkeep
|inactive|Morvana has 120 seconds left.
|
|t:|1743935072
|switch|p2a: Blaziken|Blaziken, M|100/100
|turn|13
|
|t:|1743935080
|-terastallize|p1a: Cinccino|Ghost
|move|p1a: Cinccino|Tidy Up|p1a: Cinccino
|-boost|p1a: Cinccino|atk|1
|-boost|p1a: Cinccino|spe|1
|move|p2a: Blaziken|Swords Dance|p2a: Blaziken
|-boost|p2a: Blaziken|atk|2
|
|-ability|p2a: Blaziken|Speed Boost|boost
|-boost|p2a: Blaziken|spe|1
|upkeep
|turn|14
|
|t:|1743935093
|move|p2a: Blaziken|Protect|p2a: Blaziken
|-singleturn|p2a: Blaziken|Protect
|move|p1a: Cinccino|Tail Slap|p2a: Blaziken
|-activate|p2a: Blaziken|move: Protect
|
|-ability|p2a: Blaziken|Speed Boost|boost
|-boost|p2a: Blaziken|spe|1
|upkeep
|turn|15
|
|t:|1743935105
|move|p1a: Cinccino|Tail Slap|p2a: Blaziken
|-damage|p2a: Blaziken|63/100
|-damage|p2a: Blaziken|27/100
|-damage|p2a: Blaziken|0 fnt
|faint|p2a: Blaziken
|-hitcount|p2: Blaziken|3
|
|upkeep
|inactive|Morvana has 120 seconds left.
|
|t:|1743935117
|switch|p2a: Hoopa|Hoopa-Unbound|88/100
|turn|16
|inactive|Morvana has 120 seconds left.
|
|t:|1743935133
|move|p2a: Hoopa|Endure|p2a: Hoopa
|-singleturn|p2a: Hoopa|move: Endure
|move|p1a: Cinccino|Tail Slap|p2a: Hoopa
|-damage|p2a: Hoopa|39/100
|-activate|p2a: Hoopa|move: Endure
|-damage|p2a: Hoopa|1/100
|-activate|p2a: Hoopa|move: Endure
|-damage|p2a: Hoopa|1/100
|-activate|p2a: Hoopa|move: Endure
|-damage|p2a: Hoopa|1/100
|-hitcount|p2a: Hoopa|4
|
|upkeep
|turn|17
|inactive|Morvana has 120 seconds left.
|-enditem|p2a: Hoopa|Custap Berry|[eat]
|-activate|p2a: Hoopa|item: Custap Berry|[consumed]
|
|t:|1743935146
|move|p2a: Hoopa|Dark Pulse|p1a: Cinccino
|-supereffective|p1a: Cinccino
|-damage|p1a: Cinccino|0 fnt
|faint|p1a: Cinccino
|-item|p2a: Hoopa|Loaded Dice|[from] ability: Magician|[of] p1: Cinccino
|
|upkeep
|
|t:|1743935160
|switch|p1a: Iron Crown|Iron Crown|100/100
|-enditem|p1a: Iron Crown|Booster Energy
|-activate|p1a: Iron Crown|ability: Quark Drive|[fromitem]
|-start|p1a: Iron Crown|quarkdrivespa
|turn|18
|
|t:|1743935168
|move|p1a: Iron Crown|Tachyon Cutter|p2a: Hoopa
|-damage|p2a: Hoopa|0 fnt
|faint|p2a: Hoopa
|-hitcount|p2: Hoopa|1
|
|upkeep
|
|t:|1743935171
|switch|p2a: Dragonite|Dragonite, F|100/100
|turn|19
|
|t:|1743935178
|move|p1a: Iron Crown|Tachyon Cutter|p2a: Dragonite
|-damage|p2a: Dragonite|83/100
|-damage|p2a: Dragonite|51/100
|-hitcount|p2a: Dragonite|2
|move|p2a: Dragonite|Dragon Dance|p2a: Dragonite
|-boost|p2a: Dragonite|atk|1
|-boost|p2a: Dragonite|spe|1
|
|-heal|p2a: Dragonite|57/100|[from] item: Leftovers
|upkeep
|turn|20
|
|t:|1743935193
|move|p2a: Dragonite|Earthquake|p1a: Iron Crown
|-supereffective|p1a: Iron Crown
|-damage|p1a: Iron Crown|0 fnt
|faint|p1a: Iron Crown
|-end|p1a: Iron Crown|Quark Drive|[silent]
|
|-heal|p2a: Dragonite|63/100|[from] item: Leftovers
|upkeep
|
|t:|1743935197
|switch|p1a: Basculin|Basculin-Blue-Striped, F|100/100
|turn|21
|
|t:|1743935209
|move|p2a: Dragonite|Outrage|p1a: Basculin
|-enditem|p1a: Basculin|Focus Sash
|-damage|p1a: Basculin|1/100
|move|p1a: Basculin|Blizzard|p2a: Dragonite|[miss]
|-miss|p1a: Basculin|p2a: Dragonite
|
|-heal|p2a: Dragonite|70/100|[from] item: Leftovers
|upkeep
|turn|22
|
|t:|1743935214
|move|p1a: Basculin|Aqua Jet|p2a: Dragonite
|-resisted|p2a: Dragonite
|-damage|p2a: Dragonite|59/100
|move|p2a: Dragonite|Outrage|p1a: Basculin|[from] lockedmove
|-damage|p1a: Basculin|0 fnt
|faint|p1a: Basculin
|
|-heal|p2a: Dragonite|66/100|[from] item: Leftovers
|upkeep
|
|t:|1743935217
|switch|p1a: Emboar|Emboar, M|100/100
|turn|23
|
|t:|1743935227
|move|p1a: Emboar|Sucker Punch|p2a: Dragonite
|-damage|p2a: Dragonite|26/100
|move|p2a: Dragonite|Outrage|p1a: Emboar|[from] lockedmove
|-damage|p1a: Emboar|0 fnt
|faint|p1a: Emboar
|-start|p2a: Dragonite|confusion|[fatigue]
|
|-heal|p2a: Dragonite|32/100|[from] item: Leftovers
|upkeep
|
|t:|1743935231
|switch|p1a: Hydrapple|Hydrapple, M|100/100
|turn|24
|
|t:|1743935246
|-activate|p2a: Dragonite|confusion
|-damage|p2a: Dragonite|5/100|[from] confusion
|move|p1a: Hydrapple|Recover||[still]
|-fail|p1a: Hydrapple|heal
|
|-heal|p2a: Dragonite|11/100|[from] item: Leftovers
|upkeep
|turn|25
|
|t:|1743935254
|-activate|p2a: Dragonite|confusion
|-damage|p2a: Dragonite|0 fnt|[from] confusion
|faint|p2a: Dragonite
|
|win|Thenix12
|raw|Thenix12's rating: 1335 &rarr; <strong>1352</strong><br />(+17 for winning)
|raw|Morvana's rating: 1282 &rarr; <strong>1261</strong><br />(-21 for losing)
|c|☆Thenix12|gg
|c|☆Morvana|gg
|l|☆Thenix12
|player|p1|
|l|☆Morvana
|player|p2|
