|j|☆MrSlowbroski
|j|☆rodolfomendes00
|t:|1743780698
|gametype|singles
|player|p1|MrSlowbroski|pokemaniac|1357
|player|p2|rodolfomendes00|101|1389
|teamsize|p1|6
|teamsize|p2|6
|gen|9
|tier|[Gen 9] OU
|rated|
|rule|HP Percentage Mod: HP is shown in percentages
|rule|Endless Battle Clause: Forcing endless battles is banned
|rule|Species Clause: Limit one of each Pokémon
|rule|OHKO Clause: OHKO moves are banned
|rule|Evasion Items Clause: Evasion items are banned
|rule|Evasion Moves Clause: Evasion moves are banned
|rule|Sleep Moves Clause: Sleep-inducing moves are banned
|clearpoke
|poke|p1|Iron Thorns|
|poke|p1|Iron Treads|
|poke|p1|Samurott-Hisui, F|
|poke|p1|Hatterene, F|
|poke|p1|Sinistcha|
|poke|p1|Weavile, M|
|poke|p2|Dragonite, M|
|poke|p2|Gengar, M|
|poke|p2|Keldeo-Resolute|
|poke|p2|Zapdos|
|poke|p2|Tyranitar, F|
|poke|p2|Scizor, M|
|teampreview
|inactive|Battle timer is ON: inactive players will automatically lose when time's up. (requested by rodolfomendes00)
|
|t:|1743780706
|start
|switch|p1a: Iron Treads|Iron Treads|100/100
|switch|p2a: Gengar|Gengar, M|100/100
|turn|1
|
|t:|1743780712
|move|p2a: Gengar|Nasty Plot|p2a: Gengar
|-boost|p2a: Gengar|spa|2
|move|p1a: Iron Treads|Earthquake|p2a: Gengar
|-supereffective|p2a: Gengar
|-enditem|p2a: Gengar|Focus Sash
|-damage|p2a: Gengar|1/100
|-start|p1a: Iron Treads|Disable|Earthquake|[from] ability: Cursed Body|[of] p2a: Gengar
|
|upkeep
|turn|2
|
|t:|1743780720
|move|p2a: Gengar|Shadow Ball|p1a: Iron Treads
|-damage|p1a: Iron Treads|25/100
|move|p1a: Iron Treads|Knock Off|p2a: Gengar
|-supereffective|p2a: Gengar
|-damage|p2a: Gengar|0 fnt
|faint|p2a: Gengar
|
|upkeep
|
|t:|1743780729
|switch|p2a: Scizor|Scizor, M|100/100
|turn|3
|
|t:|1743780736
|move|p1a: Iron Treads|Volt Switch|p2a: Scizor
|-crit|p2a: Scizor
|-damage|p2a: Scizor|80/100
|
|t:|1743780744
|-end|p1a: Iron Treads|Quark Drive|[silent]
|switch|p1a: Samurott|Samurott-Hisui, F|100/100|[from] Volt Switch
|move|p2a: Scizor|Swords Dance|p2a: Scizor
|-boost|p2a: Scizor|atk|2
|
|upkeep
|turn|4
|
|t:|1743780750
|move|p1a: Samurott|Ceaseless Edge|p2a: Scizor
|-damage|p2a: Scizor|32/100
|-sidestart|p2: rodolfomendes00|Spikes
|move|p2a: Scizor|Lunge|p1a: Samurott
|-supereffective|p1a: Samurott
|-enditem|p1a: Samurott|Focus Sash
|-damage|p1a: Samurott|1/100
|-unboost|p1a: Samurott|atk|1
|
|upkeep
|turn|5
|
|t:|1743780761
|move|p1a: Samurott|Sucker Punch|p2a: Scizor
|-damage|p2a: Scizor|11/100
|move|p2a: Scizor|Bullet Punch|p1a: Samurott
|-resisted|p1a: Samurott
|-damage|p1a: Samurott|0 fnt
|faint|p1a: Samurott
|
|upkeep
|
|t:|1743780766
|switch|p1a: Weavile|Weavile, M|100/100
|turn|6
|
|t:|1743780768
|move|p1a: Weavile|Ice Shard|p2a: Scizor
|-resisted|p2a: Scizor
|-damage|p2a: Scizor|1/100
|move|p2a: Scizor|Bullet Punch|p1a: Weavile
|-supereffective|p1a: Weavile
|-crit|p1a: Weavile
|-damage|p1a: Weavile|0 fnt
|faint|p1a: Weavile
|
|upkeep
|
|t:|1743780777
|switch|p1a: Iron Treads|Iron Treads|25/100
|turn|7
|
|t:|1743780781
|move|p2a: Scizor|Bullet Punch|p1a: Iron Treads
|-resisted|p1a: Iron Treads
|-damage|p1a: Iron Treads|0 fnt
|faint|p1a: Iron Treads
|-end|p1a: Iron Treads|Quark Drive|[silent]
|
|upkeep
|
|t:|1743780785
|switch|p1a: Sinistcha|Sinistcha|100/100
|turn|8
|
|t:|1743780790
|move|p1a: Sinistcha|Matcha Gotcha|p2a: Scizor
|-resisted|p2a: Scizor
|-damage|p2a: Scizor|0 fnt
|faint|p2a: Scizor
|
|upkeep
|
|t:|1743780797
|switch|p2a: Zapdos|Zapdos|100/100
|turn|9
|
|t:|1743780801
|move|p2a: Zapdos|Hurricane|p1a: Sinistcha|[miss]
|-miss|p2a: Zapdos|p1a: Sinistcha
|move|p1a: Sinistcha|Calm Mind|p1a: Sinistcha
|-boost|p1a: Sinistcha|spa|1
|-boost|p1a: Sinistcha|spd|1
|
|upkeep
|turn|10
|
|t:|1743780806
|move|p2a: Zapdos|Hurricane|p1a: Sinistcha
|-supereffective|p1a: Sinistcha
|-damage|p1a: Sinistcha|8/100
|move|p1a: Sinistcha|Calm Mind|p1a: Sinistcha
|-boost|p1a: Sinistcha|spa|1
|-boost|p1a: Sinistcha|spd|1
|
|upkeep
|turn|11
|
|t:|1743780813
|move|p2a: Zapdos|Thunderbolt|p1a: Sinistcha
|-resisted|p1a: Sinistcha
|-damage|p1a: Sinistcha|0 fnt
|faint|p1a: Sinistcha
|
|upkeep
|
|t:|1743780816
|switch|p1a: Iron Thorns|Iron Thorns, shiny|100/100
|-enditem|p1a: Iron Thorns|Booster Energy
|-activate|p1a: Iron Thorns|ability: Quark Drive|[fromitem]
|-start|p1a: Iron Thorns|quarkdriveatk
|turn|12
|
|t:|1743780824
|switch|p2a: Dragonite|Dragonite, M|100/100
|move|p1a: Iron Thorns|Dragon Dance|p1a: Iron Thorns
|-boost|p1a: Iron Thorns|atk|1
|-boost|p1a: Iron Thorns|spe|1
|
|upkeep
|turn|13
|
|t:|1743780830
|move|p1a: Iron Thorns|Ice Punch|p2a: Dragonite
|-supereffective|p2a: Dragonite
|-damage|p2a: Dragonite|0 fnt
|faint|p2a: Dragonite
|
|upkeep
|
|t:|1743780836
|switch|p2a: Keldeo|Keldeo-Resolute|100/100
|-damage|p2a: Keldeo|88/100|[from] Spikes
|turn|14
|
|t:|1743780844
|move|p1a: Iron Thorns|Supercell Slam|p2a: Keldeo
|-supereffective|p2a: Keldeo
|-damage|p2a: Keldeo|0 fnt
|faint|p2a: Keldeo
|
|upkeep
|
|t:|1743780849
|switch|p2a: Zapdos|Zapdos|100/100
|turn|15
|
|t:|1743780856
|move|p1a: Iron Thorns|Supercell Slam|p2a: Zapdos
|-damage|p2a: Zapdos|0 fnt
|faint|p2a: Zapdos
|
|upkeep
|-message|rodolfomendes00 forfeited.
|
|win|MrSlowbroski
|raw|MrSlowbroski's rating: 1357 &rarr; <strong>1379</strong><br />(+22 for winning)
|raw|rodolfomendes00's rating: 1389 &rarr; <strong>1367</strong><br />(-22 for losing)
|l|☆rodolfomendes00
|player|p2|
|l|☆MrSlowbroski
|player|p1|
