|j|☆abclsy123456789
|j|☆TOXICccccccccccccc
|t:|1743875726
|gametype|singles
|player|p1|abclsy123456789|170|1152
|player|p2|TOXICccccccccccccc|hiker-gen4|1201
|teamsize|p1|6
|teamsize|p2|6
|gen|9
|tier|[Gen 9] OU
|rated|
|rule|HP Percentage Mod: HP is shown in percentages
|rule|Endless Battle Clause: Forcing endless battles is banned
|rule|Species Clause: Limit one of each Pokémon
|rule|OHKO Clause: OHKO moves are banned
|rule|Evasion Items Clause: Evasion items are banned
|rule|Evasion Moves Clause: Evasion moves are banned
|rule|Sleep Moves Clause: Sleep-inducing moves are banned
|clearpoke
|poke|p1|Gliscor, M|
|poke|p1|Dragonite, F|
|poke|p1|Zamazenta-*|
|poke|p1|Hatterene, F|
|poke|p1|Latias, F|
|poke|p1|Toxapex, F|
|poke|p2|Glimmora, M|
|poke|p2|Salazzle, F|
|poke|p2|Pecharunt|
|poke|p2|Alomomola, F|
|poke|p2|Samurott-Hisui, M|
|poke|p2|Garchomp, M|
|teampreview
|inactive|Battle timer is ON: inactive players will automatically lose when time's up. (requested by TOXICccccccccccccc)
|
|t:|1743875731
|start
|switch|p1a: Gliscor|Gliscor, M, shiny|100/100
|switch|p2a: Samurott|Samurott-Hisui, M|100/100
|turn|1
|
|t:|1743875741
|move|p2a: Samurott|Aqua Cutter|p1a: Gliscor
|-supereffective|p1a: Gliscor
|-damage|p1a: Gliscor|6/100
|move|p1a: Gliscor|U-turn|p2a: Samurott
|-supereffective|p2a: Samurott
|-damage|p2a: Samurott|53/100
|
|t:|1743875748
|switch|p1a: Toxapex|Toxapex, F, shiny|100/100|[from] U-turn
|
|upkeep
|turn|2
|
|t:|1743875756
|switch|p2a: Glimmora|Glimmora, M|100/100
|move|p1a: Toxapex|Toxic Spikes|p2a: Glimmora
|-sidestart|p2: TOXICccccccccccccc|move: Toxic Spikes
|
|upkeep
|turn|3
|
|t:|1743875762
|move|p2a: Glimmora|Toxic|p1a: Toxapex
|-status|p1a: Toxapex|tox
|move|p1a: Toxapex|Toxic Spikes|p2a: Glimmora
|-sidestart|p2: TOXICccccccccccccc|move: Toxic Spikes
|
|-damage|p1a: Toxapex|94/100 tox|[from] psn
|upkeep
|turn|4
|
|t:|1743875773
|switch|p1a: Gliscor|Gliscor, M, shiny|6/100
|move|p2a: Glimmora|Sludge Wave|p1a: Gliscor
|-resisted|p1a: Gliscor
|-damage|p1a: Gliscor|0 fnt
|faint|p1a: Gliscor
|
|upkeep
|
|t:|1743875786
|switch|p1a: Zamazenta|Zamazenta|100/100
|-ability|p1a: Zamazenta|Dauntless Shield|boost
|-boost|p1a: Zamazenta|def|1
|turn|5
|
|t:|1743875791
|switch|p2a: Pecharunt|Pecharunt|100/100
|-item|p2a: Pecharunt|Air Balloon
|move|p1a: Zamazenta|Iron Defense|p1a: Zamazenta
|-boost|p1a: Zamazenta|def|2
|
|upkeep
|turn|6
|
|t:|1743875799
|move|p1a: Zamazenta|Iron Defense|p1a: Zamazenta
|-boost|p1a: Zamazenta|def|2
|move|p2a: Pecharunt|Malignant Chain|p1a: Zamazenta
|-damage|p1a: Zamazenta|73/100
|-status|p1a: Zamazenta|tox
|-start|p1a: Zamazenta|confusion|[from] ability: Poison Puppeteer|[of] p2a: Pecharunt
|
|-heal|p1a: Zamazenta|80/100 tox|[from] item: Leftovers
|-damage|p1a: Zamazenta|73/100 tox|[from] psn
|upkeep
|turn|7
|
|t:|1743875824
|-activate|p1a: Zamazenta|confusion
|move|p1a: Zamazenta|Body Press|p2a: Pecharunt
|-immune|p2a: Pecharunt
|move|p2a: Pecharunt|Shadow Ball|p1a: Zamazenta
|-damage|p1a: Zamazenta|48/100 tox
|-unboost|p1a: Zamazenta|spd|1
|
|-heal|p1a: Zamazenta|54/100 tox|[from] item: Leftovers
|-damage|p1a: Zamazenta|42/100 tox|[from] psn
|upkeep
|turn|8
|-message|abclsy123456789 forfeited.
|
|win|TOXICccccccccccccc
|raw|abclsy123456789's rating: 1152 &rarr; <strong>1131</strong><br />(-21 for losing)
|raw|TOXICccccccccccccc's rating: 1201 &rarr; <strong>1222</strong><br />(+21 for winning)
|l|☆abclsy123456789
|player|p1|
