|j|☆spudcutter
|j|☆kshuaib734
|t:|1743868523
|gametype|singles
|player|p1|spudcutter|ghetsis-gen5bw|1641
|player|p2|kshuaib734|steven|1632
|teamsize|p1|6
|teamsize|p2|6
|gen|9
|tier|[Gen 9] OU
|rated|
|rule|HP Percentage Mod: HP is shown in percentages
|rule|Endless Battle Clause: Forcing endless battles is banned
|rule|Species Clause: Limit one of each Pokémon
|rule|OHKO Clause: OHKO moves are banned
|rule|Evasion Items Clause: Evasion items are banned
|rule|Evasion Moves Clause: Evasion moves are banned
|rule|Sleep Moves Clause: Sleep-inducing moves are banned
|clearpoke
|poke|p1|Toxapex, F|
|poke|p1|Dragapult, M|
|poke|p1|Great Tusk|
|poke|p1|Kingambit, F|
|poke|p1|Iron Valiant|
|poke|p1|Dondozo, M|
|poke|p2|Tyranitar, M|
|poke|p2|Jolteon, F|
|poke|p2|Pelipper, M|
|poke|p2|Quaquaval, F|
|poke|p2|Overqwil, M|
|poke|p2|Excadrill, F|
|teampreview
|inactive|Battle timer is ON: inactive players will automatically lose when time's up. (requested by kshuaib734)
|inactive|spudcutter also wants the timer to be on.
|
|t:|1743868546
|start
|switch|p1a: Iron Valiant|Iron Valiant|100/100
|switch|p2a: King Tyrant|Tyranitar, M|100/100
|-weather|Sandstorm|[from] ability: Sand Stream|[of] p2a: King Tyrant
|-enditem|p1a: Iron Valiant|Booster Energy
|-activate|p1a: Iron Valiant|ability: Quark Drive|[fromitem]
|-start|p1a: Iron Valiant|quarkdrivespe
|turn|1
|
|t:|1743868569
|-terastallize|p2a: King Tyrant|Ghost
|move|p1a: Iron Valiant|Swords Dance|p1a: Iron Valiant
|-boost|p1a: Iron Valiant|atk|2
|move|p2a: King Tyrant|Stealth Rock|p1a: Iron Valiant
|-sidestart|p1: spudcutter|move: Stealth Rock
|
|-weather|Sandstorm|[upkeep]
|-damage|p1a: Iron Valiant|94/100|[from] Sandstorm
|-damage|p2a: King Tyrant|94/100|[from] Sandstorm
|upkeep
|turn|2
|
|t:|1743868589
|move|p1a: Iron Valiant|Knock Off|p2a: King Tyrant
|-supereffective|p2a: King Tyrant
|-damage|p2a: King Tyrant|6/100
|-enditem|p2a: King Tyrant|Weakness Policy
|-boost|p2a: King Tyrant|atk|2|[from] item: Weakness Policy
|-boost|p2a: King Tyrant|spa|2|[from] item: Weakness Policy
|move|p2a: King Tyrant|Ice Beam|p1a: Iron Valiant
|-damage|p1a: Iron Valiant|22/100
|
|-weather|Sandstorm|[upkeep]
|-damage|p1a: Iron Valiant|15/100|[from] Sandstorm
|-damage|p2a: King Tyrant|0 fnt|[from] Sandstorm
|faint|p2a: King Tyrant
|upkeep
|
|t:|1743868599
|switch|p2a: Tyrant's Legacy|Excadrill, F|100/100
|turn|3
|
|t:|1743868604
|move|p2a: Tyrant's Legacy|Rapid Spin|p1a: Iron Valiant
|-damage|p1a: Iron Valiant|0 fnt
|-boost|p2a: Tyrant's Legacy|spe|1
|faint|p1a: Iron Valiant
|-end|p1a: Iron Valiant|Quark Drive|[silent]
|-damage|p2a: Tyrant's Legacy|91/100|[from] item: Life Orb
|
|-weather|Sandstorm|[upkeep]
|upkeep
|
|t:|1743868606
|switch|p1a: Great Tusk|Great Tusk|100/100
|-damage|p1a: Great Tusk|98/100|[from] Stealth Rock
|turn|4
|
|t:|1743868613
|move|p2a: Tyrant's Legacy|Earthquake|p1a: Great Tusk
|-damage|p1a: Great Tusk|43/100
|-damage|p2a: Tyrant's Legacy|81/100|[from] item: Life Orb
|move|p1a: Great Tusk|Rapid Spin|p2a: Tyrant's Legacy
|-resisted|p2a: Tyrant's Legacy
|-damage|p2a: Tyrant's Legacy|67/100
|-boost|p1a: Great Tusk|spe|1
|-sideend|p1: spudcutter|Stealth Rock|[from] move: Rapid Spin|[of] p1a: Great Tusk
|
|-weather|Sandstorm|[upkeep]
|-heal|p1a: Great Tusk|49/100|[from] item: Leftovers
|upkeep
|turn|5
|
|t:|1743868623
|move|p2a: Tyrant's Legacy|Earthquake|p1a: Great Tusk
|-damage|p1a: Great Tusk|0 fnt
|faint|p1a: Great Tusk
|-end|p1a: Great Tusk|Protosynthesis|[silent]
|-damage|p2a: Tyrant's Legacy|57/100|[from] item: Life Orb
|
|-weather|none
|upkeep
|
|t:|1743868627
|switch|p1a: Dondozo|Dondozo, M|100/100
|turn|6
|inactive|kshuaib734 has 120 seconds left.
|
|t:|1743868676
|move|p2a: Tyrant's Legacy|Earthquake|p1a: Dondozo
|-damage|p1a: Dondozo|65/100
|-damage|p2a: Tyrant's Legacy|47/100|[from] item: Life Orb
|move|p1a: Dondozo|Waterfall|p2a: Tyrant's Legacy
|-supereffective|p2a: Tyrant's Legacy
|-damage|p2a: Tyrant's Legacy|0 fnt
|faint|p2a: Tyrant's Legacy
|
|upkeep
|
|t:|1743868689
|switch|p2a: Tyrant's Envoy|Jolteon, F|100/100
|turn|7
|
|t:|1743868696
|switch|p1a: Dragapult|Dragapult, M|100/100
|move|p2a: Tyrant's Envoy|Volt Switch|p1a: Dragapult
|-resisted|p1a: Dragapult
|-damage|p1a: Dragapult|80/100
|
|t:|1743868701
|switch|p2a: Tyrant's Downpour|Pelipper, M|100/100|[from] Volt Switch
|-weather|RainDance|[from] ability: Drizzle|[of] p2a: Tyrant's Downpour
|
|-weather|RainDance|[upkeep]
|-heal|p1a: Dragapult|86/100|[from] item: Leftovers
|upkeep
|turn|8
|
|t:|1743868709
|move|p1a: Dragapult|Dragon Darts|p2a: Tyrant's Downpour
|-damage|p2a: Tyrant's Downpour|78/100
|-anim|p1a: Dragapult|Dragon Darts|p2a: Tyrant's Downpour
|-damage|p2a: Tyrant's Downpour|56/100
|move|p2a: Tyrant's Downpour|Knock Off|p1a: Dragapult
|-supereffective|p1a: Dragapult
|-damage|p1a: Dragapult|49/100
|-enditem|p1a: Dragapult|Leftovers|[from] move: Knock Off|[of] p2a: Tyrant's Downpour
|
|-weather|RainDance|[upkeep]
|upkeep
|turn|9
|inactive|kshuaib734 has 120 seconds left.
|
|t:|1743868719
|move|p1a: Dragapult|Dragon Darts|p2a: Tyrant's Downpour
|-crit|p2a: Tyrant's Downpour
|-damage|p2a: Tyrant's Downpour|26/100
|-anim|p1a: Dragapult|Dragon Darts|p2a: Tyrant's Downpour
|-damage|p2a: Tyrant's Downpour|7/100
|move|p2a: Tyrant's Downpour|U-turn|p1a: Dragapult
|-resisted|p1a: Dragapult
|-damage|p1a: Dragapult|42/100
|inactive|kshuaib734 has 120 seconds left.
|
|t:|1743868729
|switch|p2a: Tyrant's Envoy|Jolteon, F|100/100|[from] U-turn
|
|-weather|RainDance|[upkeep]
|-status|p2a: Tyrant's Envoy|brn|[from] item: Flame Orb
|upkeep
|turn|10
|inactive|kshuaib734 has 120 seconds left.
|
|t:|1743868735
|move|p2a: Tyrant's Envoy|Alluring Voice|p1a: Dragapult
|-supereffective|p1a: Dragapult
|-damage|p1a: Dragapult|0 fnt
|faint|p1a: Dragapult
|
|-weather|RainDance|[upkeep]
|-damage|p2a: Tyrant's Envoy|94/100 brn|[from] brn
|upkeep
|
|t:|1743868737
|switch|p1a: Toxapex|Toxapex, F|100/100
|turn|11
|
|t:|1743868745
|move|p2a: Tyrant's Envoy|Thunder|p1a: Toxapex
|-supereffective|p1a: Toxapex
|-damage|p1a: Toxapex|47/100
|move|p1a: Toxapex|Surf|p2a: Tyrant's Envoy
|-damage|p2a: Tyrant's Envoy|40/100 brn
|
|-weather|RainDance|[upkeep]
|-damage|p2a: Tyrant's Envoy|34/100 brn|[from] brn
|upkeep
|turn|12
|
|t:|1743868755
|switch|p1a: Kingambit|Kingambit, F|100/100
|move|p2a: Tyrant's Envoy|Thunder|p1a: Kingambit
|-damage|p1a: Kingambit|54/100
|
|-weather|RainDance|[upkeep]
|-heal|p1a: Kingambit|60/100|[from] item: Leftovers
|-damage|p2a: Tyrant's Envoy|28/100 brn|[from] brn
|upkeep
|turn|13
|
|t:|1743868764
|switch|p2a: Tyrant's Endgame|Quaquaval, F|100/100
|move|p1a: Kingambit|Iron Head|p2a: Tyrant's Endgame
|-resisted|p2a: Tyrant's Endgame
|-damage|p2a: Tyrant's Endgame|72/100
|
|-weather|RainDance|[upkeep]
|-heal|p1a: Kingambit|67/100|[from] item: Leftovers
|upkeep
|turn|14
|
|t:|1743868771
|switch|p1a: Toxapex|Toxapex, F|80/100
|move|p2a: Tyrant's Endgame|Wave Crash|p1a: Toxapex
|-resisted|p1a: Toxapex
|-damage|p1a: Toxapex|32/100
|-damage|p2a: Tyrant's Endgame|56/100|[from] Recoil
|
|-weather|none
|upkeep
|turn|15
|
|t:|1743868780
|switch|p2a: Tyrant's Downpour|Pelipper, M|7/100
|-weather|RainDance|[from] ability: Drizzle|[of] p2a: Tyrant's Downpour
|move|p1a: Toxapex|Sludge Bomb|p2a: Tyrant's Downpour
|-damage|p2a: Tyrant's Downpour|0 fnt
|faint|p2a: Tyrant's Downpour
|
|-weather|RainDance|[upkeep]
|upkeep
|
|t:|1743868790
|switch|p2a: Tyrant's Envoy|Jolteon, F|28/100 brn
|turn|16
|
|t:|1743868798
|switch|p1a: Kingambit|Kingambit, F|67/100
|move|p2a: Tyrant's Envoy|Volt Switch|p1a: Kingambit
|-damage|p1a: Kingambit|34/100
|
|t:|1743868804
|switch|p2a: Tyrant's Endgame|Quaquaval, F|56/100|[from] Volt Switch
|
|-weather|RainDance|[upkeep]
|-heal|p1a: Kingambit|41/100|[from] item: Leftovers
|upkeep
|turn|17
|
|t:|1743868813
|switch|p1a: Toxapex|Toxapex, F|65/100
|move|p2a: Tyrant's Endgame|Wave Crash|p1a: Toxapex
|-resisted|p1a: Toxapex
|-damage|p1a: Toxapex|17/100
|-damage|p2a: Tyrant's Endgame|41/100|[from] Recoil
|
|-weather|RainDance|[upkeep]
|upkeep
|turn|18
|
|t:|1743868824
|switch|p1a: Dondozo|Dondozo, M|65/100
|move|p2a: Tyrant's Endgame|Close Combat|p1a: Dondozo
|-damage|p1a: Dondozo|36/100
|-unboost|p2a: Tyrant's Endgame|def|1
|-unboost|p2a: Tyrant's Endgame|spd|1
|-damage|p2a: Tyrant's Endgame|24/100|[from] item: Rocky Helmet|[of] p1a: Dondozo
|
|-weather|RainDance|[upkeep]
|upkeep
|turn|19
|
|t:|1743868837
|switch|p2a: Tyrant's Enforcer|Overqwil, M|100/100
|switch|p1a: Kingambit|Kingambit, F|41/100
|
|-weather|RainDance|[upkeep]
|-heal|p1a: Kingambit|47/100|[from] item: Leftovers
|upkeep
|turn|20
|
|t:|1743868845
|move|p2a: Tyrant's Enforcer|Liquidation|p1a: Kingambit
|-damage|p1a: Kingambit|25/100
|-unboost|p1a: Kingambit|def|1
|-ability|p1a: Kingambit|Defiant|boost
|-boost|p1a: Kingambit|atk|2
|move|p1a: Kingambit|Iron Head|p2a: Tyrant's Enforcer
|-damage|p2a: Tyrant's Enforcer|17/100
|
|-weather|RainDance|[upkeep]
|-heal|p2a: Tyrant's Enforcer|23/100|[from] item: Leftovers
|-heal|p1a: Kingambit|31/100|[from] item: Leftovers
|upkeep
|turn|21
|
|t:|1743868859
|switch|p2a: Tyrant's Envoy|Jolteon, F|28/100 brn
|move|p1a: Kingambit|Sucker Punch||[still]
|-fail|p1a: Kingambit
|
|-weather|RainDance|[upkeep]
|-heal|p1a: Kingambit|37/100|[from] item: Leftovers
|-damage|p2a: Tyrant's Envoy|21/100 brn|[from] brn
|upkeep
|turn|22
|
|t:|1743868867
|move|p1a: Kingambit|Sucker Punch|p2a: Tyrant's Envoy
|-damage|p2a: Tyrant's Envoy|0 fnt
|faint|p2a: Tyrant's Envoy
|
|-weather|none
|-heal|p1a: Kingambit|43/100|[from] item: Leftovers
|upkeep
|
|t:|1743868873
|switch|p2a: Tyrant's Endgame|Quaquaval, F|24/100
|turn|23
|c|☆kshuaib734|ggwp
|
|t:|1743868878
|move|p2a: Tyrant's Endgame|Aqua Jet|p1a: Kingambit
|-damage|p1a: Kingambit|16/100
|move|p1a: Kingambit|Sucker Punch||[still]
|-fail|p1a: Kingambit
|
|-heal|p1a: Kingambit|22/100|[from] item: Leftovers
|upkeep
|turn|24
|
|t:|1743868884
|move|p2a: Tyrant's Endgame|Aqua Jet|p1a: Kingambit
|-damage|p1a: Kingambit|0 fnt
|faint|p1a: Kingambit
|-ability|p2a: Tyrant's Endgame|Moxie|boost
|-boost|p2a: Tyrant's Endgame|atk|1
|
|upkeep
|
|t:|1743868886
|switch|p1a: Dondozo|Dondozo, M|36/100
|turn|25
|
|t:|1743868897
|switch|p2a: Tyrant's Enforcer|Overqwil, M|23/100
|move|p1a: Dondozo|Rest|p1a: Dondozo
|-status|p1a: Dondozo|slp|[from] move: Rest
|-heal|p1a: Dondozo|100/100 slp|[silent]
|
|-heal|p2a: Tyrant's Enforcer|29/100|[from] item: Leftovers
|upkeep
|turn|26
|
|t:|1743868905
|move|p2a: Tyrant's Enforcer|Pain Split|p1a: Dondozo
|-sethp|p1a: Dondozo|61/100 slp|[from] move: Pain Split|[silent]
|-sethp|p2a: Tyrant's Enforcer|82/100|[from] move: Pain Split
|cant|p1a: Dondozo|slp
|move|p1a: Dondozo|Sleep Talk|p1a: Dondozo
|move|p1a: Dondozo|Waterfall|p2a: Tyrant's Enforcer|[from] move: Sleep Talk
|-damage|p2a: Tyrant's Enforcer|56/100
|
|-heal|p2a: Tyrant's Enforcer|63/100|[from] item: Leftovers
|upkeep
|turn|27
|
|t:|1743868919
|move|p2a: Tyrant's Enforcer|Swords Dance|p2a: Tyrant's Enforcer
|-boost|p2a: Tyrant's Enforcer|atk|2
|cant|p1a: Dondozo|slp
|move|p1a: Dondozo|Sleep Talk|p1a: Dondozo
|move|p1a: Dondozo|Waterfall|p2a: Tyrant's Enforcer|[from] move: Sleep Talk
|-damage|p2a: Tyrant's Enforcer|39/100
|
|-heal|p2a: Tyrant's Enforcer|45/100|[from] item: Leftovers
|upkeep
|turn|28
|
|t:|1743868932
|move|p2a: Tyrant's Enforcer|Pain Split|p1a: Dondozo
|-sethp|p1a: Dondozo|47/100 slp|[from] move: Pain Split|[silent]
|-sethp|p2a: Tyrant's Enforcer|64/100|[from] move: Pain Split
|-curestatus|p1a: Dondozo|slp|[msg]
|move|p1a: Dondozo|Curse|p1a: Dondozo
|-unboost|p1a: Dondozo|spe|1
|-boost|p1a: Dondozo|atk|1
|-boost|p1a: Dondozo|def|1
|
|-heal|p2a: Tyrant's Enforcer|70/100|[from] item: Leftovers
|upkeep
|turn|29
|
|t:|1743868945
|move|p2a: Tyrant's Enforcer|Crunch|p1a: Dondozo
|-damage|p1a: Dondozo|38/100
|-damage|p2a: Tyrant's Enforcer|53/100|[from] item: Rocky Helmet|[of] p1a: Dondozo
|move|p1a: Dondozo|Curse|p1a: Dondozo
|-unboost|p1a: Dondozo|spe|1
|-boost|p1a: Dondozo|atk|1
|-boost|p1a: Dondozo|def|1
|
|-heal|p2a: Tyrant's Enforcer|59/100|[from] item: Leftovers
|upkeep
|turn|30
|j| SpiderKing3261
|
|t:|1743868956
|move|p2a: Tyrant's Enforcer|Swords Dance|p2a: Tyrant's Enforcer
|-boost|p2a: Tyrant's Enforcer|atk|2
|move|p1a: Dondozo|Curse|p1a: Dondozo
|-unboost|p1a: Dondozo|spe|1
|-boost|p1a: Dondozo|atk|1
|-boost|p1a: Dondozo|def|1
|
|-heal|p2a: Tyrant's Enforcer|65/100|[from] item: Leftovers
|upkeep
|turn|31
|
|t:|1743868966
|move|p2a: Tyrant's Enforcer|Crunch|p1a: Dondozo
|-damage|p1a: Dondozo|33/100
|-damage|p2a: Tyrant's Enforcer|49/100|[from] item: Rocky Helmet|[of] p1a: Dondozo
|move|p1a: Dondozo|Curse|p1a: Dondozo
|-unboost|p1a: Dondozo|spe|1
|-boost|p1a: Dondozo|atk|1
|-boost|p1a: Dondozo|def|1
|
|-heal|p2a: Tyrant's Enforcer|55/100|[from] item: Leftovers
|upkeep
|turn|32
|
|t:|1743868975
|move|p2a: Tyrant's Enforcer|Crunch|p1a: Dondozo
|-damage|p1a: Dondozo|28/100
|-damage|p2a: Tyrant's Enforcer|38/100|[from] item: Rocky Helmet|[of] p1a: Dondozo
|move|p1a: Dondozo|Rest|p1a: Dondozo
|-status|p1a: Dondozo|slp|[from] move: Rest
|-heal|p1a: Dondozo|100/100 slp|[silent]
|
|-heal|p2a: Tyrant's Enforcer|45/100|[from] item: Leftovers
|upkeep
|turn|33
|
|t:|1743868984
|move|p2a: Tyrant's Enforcer|Pain Split|p1a: Dondozo
|-sethp|p1a: Dondozo|67/100 slp|[from] move: Pain Split|[silent]
|-sethp|p2a: Tyrant's Enforcer|90/100|[from] move: Pain Split
|cant|p1a: Dondozo|slp
|move|p1a: Dondozo|Sleep Talk|p1a: Dondozo
|move|p1a: Dondozo|Waterfall|p2a: Tyrant's Enforcer|[from] move: Sleep Talk
|-damage|p2a: Tyrant's Enforcer|17/100
|
|-heal|p2a: Tyrant's Enforcer|23/100|[from] item: Leftovers
|upkeep
|turn|34
|
|t:|1743868994
|move|p2a: Tyrant's Enforcer|Pain Split|p1a: Dondozo
|-sethp|p1a: Dondozo|42/100 slp|[from] move: Pain Split|[silent]
|-sethp|p2a: Tyrant's Enforcer|56/100|[from] move: Pain Split
|cant|p1a: Dondozo|slp
|move|p1a: Dondozo|Sleep Talk|p1a: Dondozo
|move|p1a: Dondozo|Waterfall|p2a: Tyrant's Enforcer|[from] move: Sleep Talk
|-damage|p2a: Tyrant's Enforcer|0 fnt
|faint|p2a: Tyrant's Enforcer
|
|upkeep
|
|t:|1743869004
|switch|p2a: Tyrant's Endgame|Quaquaval, F|24/100
|turn|35
|c|☆spudcutter|Wanna make a deal?
|c|☆kshuaib734|!!
|c|☆kshuaib734|what deal
|l| SpiderKing3261
|c|☆spudcutter|Call me daddy and ill forfeit
|c|☆kshuaib734|never
|inactive|spudcutter has 120 seconds left.
|c|☆spudcutter|Gg then
|
|t:|1743869036
|move|p2a: Tyrant's Endgame|Close Combat|p1a: Dondozo
|-damage|p1a: Dondozo|32/100 slp
|-unboost|p2a: Tyrant's Endgame|def|1
|-unboost|p2a: Tyrant's Endgame|spd|1
|-damage|p2a: Tyrant's Endgame|8/100|[from] item: Rocky Helmet|[of] p1a: Dondozo
|-curestatus|p1a: Dondozo|slp|[msg]
|move|p1a: Dondozo|Rest|p1a: Dondozo
|-status|p1a: Dondozo|slp|[from] move: Rest
|-heal|p1a: Dondozo|100/100 slp|[silent]
|
|upkeep
|turn|36
|
|t:|1743869046
|move|p2a: Tyrant's Endgame|Close Combat|p1a: Dondozo
|-damage|p1a: Dondozo|90/100 slp
|-unboost|p2a: Tyrant's Endgame|def|1
|-unboost|p2a: Tyrant's Endgame|spd|1
|-damage|p2a: Tyrant's Endgame|0 fnt|[from] item: Rocky Helmet|[of] p1a: Dondozo
|faint|p2a: Tyrant's Endgame
|
|win|spudcutter
|raw|spudcutter's rating: 1641 &rarr; <strong>1660</strong><br />(+19 for winning)
|raw|kshuaib734's rating: 1632 &rarr; <strong>1613</strong><br />(-19 for losing)
|c|☆kshuaib734|gg daddy
|l|☆spudcutter
|player|p1|
|l|☆kshuaib734
|player|p2|
