|j|☆EchoFlex
|j|☆DrinkerofWater2
|t:|1743874861
|gametype|singles
|player|p1|EchoFlex|1|1105
|player|p2|DrinkerofWater2|101|1114
|teamsize|p1|6
|teamsize|p2|6
|gen|9
|tier|[Gen 9] OU
|rated|
|rule|HP Percentage Mod: HP is shown in percentages
|rule|Endless Battle Clause: Forcing endless battles is banned
|rule|Species Clause: Limit one of each Pokémon
|rule|OHKO Clause: OHKO moves are banned
|rule|Evasion Items Clause: Evasion items are banned
|rule|Evasion Moves Clause: Evasion moves are banned
|rule|Sleep Moves Clause: Sleep-inducing moves are banned
|clearpoke
|poke|p1|Slowking-Galar, F|
|poke|p1|Garganacl, M|
|poke|p1|Iron Moth|
|poke|p1|Ogerpon-Wellspring, F|
|poke|p1|Gliscor, M|
|poke|p1|Shaymin|
|poke|p2|Clawitzer, F|
|poke|p2|Minior|
|poke|p2|Brambleghast, F|
|poke|p2|Pecharunt|
|poke|p2|Garganacl, F|
|poke|p2|Ribombee, F|
|teampreview
|inactive|Battle timer is ON: inactive players will automatically lose when time's up. (requested by EchoFlex)
|
|t:|1743874884
|start
|switch|p1a: Slowking|Slowking-Galar, F|100/100
|switch|p2a: Garganacl|Garganacl, F|100/100
|turn|1
|
|t:|1743874903
|move|p1a: Slowking|Toxic Spikes|p2a: Garganacl
|-sidestart|p2: DrinkerofWater2|move: Toxic Spikes
|move|p2a: Garganacl|Salt Cure|p1a: Slowking
|-damage|p1a: Slowking|86/100
|-start|p1a: Slowking|Salt Cure
|
|-damage|p1a: Slowking|73/100|[from] Salt Cure
|upkeep
|turn|2
|
|t:|1743874914
|move|p1a: Slowking|Future Sight|p2a: Garganacl
|-start|p1a: Slowking|move: Future Sight
|move|p2a: Garganacl|Stealth Rock|p1a: Slowking
|-sidestart|p1: EchoFlex|move: Stealth Rock
|
|-damage|p1a: Slowking|61/100|[from] Salt Cure
|upkeep
|turn|3
|
|t:|1743874921
|-prepare|p1a: Slowking|Chilly Reception|[premajor]
|move|p1a: Slowking|Chilly Reception|p1a: Slowking
|-weather|Snowscape
|
|t:|1743874936
|switch|p1a: Gliscor|Gliscor, M|100/100|[from] Chilly Reception
|-damage|p1a: Gliscor|88/100|[from] Stealth Rock
|move|p2a: Garganacl|Salt Cure|p1a: Gliscor
|-damage|p1a: Gliscor|76/100
|-start|p1a: Gliscor|Salt Cure
|
|-weather|Snowscape|[upkeep]
|-damage|p1a: Gliscor|64/100|[from] Salt Cure
|-status|p1a: Gliscor|tox|[from] item: Toxic Orb
|upkeep
|turn|4
|
|t:|1743874948
|-terastallize|p2a: Garganacl|Steel
|move|p1a: Gliscor|Stealth Rock|p2a: Garganacl
|-sidestart|p2: DrinkerofWater2|move: Stealth Rock
|move|p2a: Garganacl|Ice Punch|p1a: Gliscor
|-supereffective|p1a: Gliscor
|-damage|p1a: Gliscor|5/100 tox
|
|-weather|Snowscape|[upkeep]
|-end|p2a: Garganacl|move: Future Sight
|-resisted|p2a: Garganacl
|-damage|p2a: Garganacl|86/100
|-heal|p2a: Garganacl|92/100|[from] item: Leftovers
|-heal|p1a: Gliscor|17/100 tox|[from] ability: Poison Heal
|-damage|p1a: Gliscor|5/100 tox|[from] Salt Cure
|upkeep
|turn|5
|inactive|EchoFlex has 120 seconds left.
|inactive|EchoFlex has 90 seconds left.
|
|t:|1743875006
|move|p1a: Gliscor|U-turn|p2a: Garganacl
|-resisted|p2a: Garganacl
|-damage|p2a: Garganacl|86/100
|inactive|EchoFlex has 90 seconds left.
|
|t:|1743875017
|switch|p1a: Shaymin|Shaymin|100/100|[from] U-turn
|-damage|p1a: Shaymin|88/100|[from] Stealth Rock
|move|p2a: Garganacl|Salt Cure|p1a: Shaymin
|-damage|p1a: Shaymin|79/100
|-start|p1a: Shaymin|Salt Cure
|
|-weather|Snowscape|[upkeep]
|-heal|p1a: Shaymin|85/100|[from] item: Leftovers
|-heal|p2a: Garganacl|93/100|[from] item: Leftovers
|-damage|p1a: Shaymin|72/100|[from] Salt Cure
|upkeep
|turn|6
|inactive|EchoFlex has 90 seconds left.
|
|t:|1743875031
|move|p1a: Shaymin|Substitute|p1a: Shaymin
|-start|p1a: Shaymin|Substitute
|-damage|p1a: Shaymin|48/100
|move|p2a: Garganacl|Ice Punch|p1a: Shaymin
|-supereffective|p1a: Shaymin
|-end|p1a: Shaymin|Substitute
|
|-weather|Snowscape|[upkeep]
|-heal|p1a: Shaymin|54/100|[from] item: Leftovers
|-heal|p2a: Garganacl|99/100|[from] item: Leftovers
|-damage|p1a: Shaymin|41/100|[from] Salt Cure
|upkeep
|turn|7
|inactive|EchoFlex has 90 seconds left.
|
|t:|1743875049
|move|p1a: Shaymin|Leech Seed|p2a: Garganacl
|-start|p2a: Garganacl|move: Leech Seed
|move|p2a: Garganacl|Ice Punch|p1a: Shaymin
|-supereffective|p1a: Shaymin
|-damage|p1a: Shaymin|15/100
|
|-weather|none
|-heal|p1a: Shaymin|21/100|[from] item: Leftovers
|-heal|p2a: Garganacl|100/100|[from] item: Leftovers
|-damage|p2a: Garganacl|88/100|[from] Leech Seed|[of] p1a: Shaymin
|-heal|p1a: Shaymin|36/100|[silent]
|-damage|p1a: Shaymin|24/100|[from] Salt Cure
|upkeep
|turn|8
|
|t:|1743875072
|move|p1a: Shaymin|Synthesis|p1a: Shaymin
|-heal|p1a: Shaymin|74/100
|move|p2a: Garganacl|Ice Punch|p1a: Shaymin
|-supereffective|p1a: Shaymin
|-crit|p1a: Shaymin
|-damage|p1a: Shaymin|36/100
|-status|p1a: Shaymin|frz
|
|-heal|p1a: Shaymin|42/100 frz|[from] item: Leftovers
|-heal|p2a: Garganacl|94/100|[from] item: Leftovers
|-damage|p2a: Garganacl|82/100|[from] Leech Seed|[of] p1a: Shaymin
|-heal|p1a: Shaymin|56/100 frz|[silent]
|-damage|p1a: Shaymin|44/100 frz|[from] Salt Cure
|upkeep
|turn|9
|inactive|EchoFlex has 60 seconds left.
|
|t:|1743875096
|-curestatus|p1a: Shaymin|frz|[msg]
|move|p1a: Shaymin|Synthesis|p1a: Shaymin
|-heal|p1a: Shaymin|94/100
|move|p2a: Garganacl|Ice Punch|p1a: Shaymin
|-supereffective|p1a: Shaymin
|-damage|p1a: Shaymin|68/100
|
|-heal|p1a: Shaymin|74/100|[from] item: Leftovers
|-heal|p2a: Garganacl|88/100|[from] item: Leftovers
|-damage|p2a: Garganacl|76/100|[from] Leech Seed|[of] p1a: Shaymin
|-heal|p1a: Shaymin|89/100|[silent]
|-damage|p1a: Shaymin|76/100|[from] Salt Cure
|upkeep
|turn|10
|inactive|EchoFlex has 60 seconds left.
|
|t:|1743875113
|move|p1a: Shaymin|Trailblaze|p2a: Garganacl
|-resisted|p2a: Garganacl
|-damage|p2a: Garganacl|70/100
|-boost|p1a: Shaymin|spe|1
|move|p2a: Garganacl|Ice Punch|p1a: Shaymin
|-supereffective|p1a: Shaymin
|-damage|p1a: Shaymin|50/100
|
|-heal|p1a: Shaymin|57/100|[from] item: Leftovers
|-heal|p2a: Garganacl|76/100|[from] item: Leftovers
|-damage|p2a: Garganacl|64/100|[from] Leech Seed|[of] p1a: Shaymin
|-heal|p1a: Shaymin|71/100|[silent]
|-damage|p1a: Shaymin|59/100|[from] Salt Cure
|upkeep
|turn|11
|inactive|EchoFlex has 60 seconds left.
|
|t:|1743875126
|move|p1a: Shaymin|Trailblaze|p2a: Garganacl
|-resisted|p2a: Garganacl
|-damage|p2a: Garganacl|58/100
|-boost|p1a: Shaymin|spe|1
|move|p2a: Garganacl|Recover|p2a: Garganacl
|-heal|p2a: Garganacl|100/100
|
|-heal|p1a: Shaymin|65/100|[from] item: Leftovers
|-damage|p2a: Garganacl|88/100|[from] Leech Seed|[of] p1a: Shaymin
|-heal|p1a: Shaymin|80/100|[silent]
|-damage|p1a: Shaymin|67/100|[from] Salt Cure
|upkeep
|turn|12
|inactive|EchoFlex has 60 seconds left.
|
|t:|1743875140
|move|p1a: Shaymin|Trailblaze|p2a: Garganacl
|-resisted|p2a: Garganacl
|-damage|p2a: Garganacl|82/100
|-boost|p1a: Shaymin|spe|1
|move|p2a: Garganacl|Ice Punch|p1a: Shaymin
|-supereffective|p1a: Shaymin
|-damage|p1a: Shaymin|41/100
|
|-heal|p1a: Shaymin|47/100|[from] item: Leftovers
|-heal|p2a: Garganacl|88/100|[from] item: Leftovers
|-damage|p2a: Garganacl|76/100|[from] Leech Seed|[of] p1a: Shaymin
|-heal|p1a: Shaymin|62/100|[silent]
|-damage|p1a: Shaymin|50/100|[from] Salt Cure
|upkeep
|turn|13
|inactive|EchoFlex has 60 seconds left.
|
|t:|1743875162
|move|p1a: Shaymin|Synthesis|p1a: Shaymin
|-heal|p1a: Shaymin|99/100
|move|p2a: Garganacl|Ice Punch|p1a: Shaymin
|-supereffective|p1a: Shaymin
|-damage|p1a: Shaymin|76/100
|
|-heal|p1a: Shaymin|82/100|[from] item: Leftovers
|-heal|p2a: Garganacl|82/100|[from] item: Leftovers
|-damage|p2a: Garganacl|70/100|[from] Leech Seed|[of] p1a: Shaymin
|-heal|p1a: Shaymin|96/100|[silent]
|-damage|p1a: Shaymin|84/100|[from] Salt Cure
|upkeep
|turn|14
|
|t:|1743875177
|move|p1a: Shaymin|Substitute|p1a: Shaymin
|-start|p1a: Shaymin|Substitute
|-damage|p1a: Shaymin|59/100
|move|p2a: Garganacl|Recover|p2a: Garganacl
|-heal|p2a: Garganacl|100/100
|
|-heal|p1a: Shaymin|65/100|[from] item: Leftovers
|-damage|p2a: Garganacl|88/100|[from] Leech Seed|[of] p1a: Shaymin
|-heal|p1a: Shaymin|80/100|[silent]
|-damage|p1a: Shaymin|68/100|[from] Salt Cure
|upkeep
|turn|15
|
|t:|1743875188
|move|p1a: Shaymin|Trailblaze|p2a: Garganacl
|-resisted|p2a: Garganacl
|-damage|p2a: Garganacl|82/100
|-boost|p1a: Shaymin|spe|1
|move|p2a: Garganacl|Ice Punch|p1a: Shaymin
|-supereffective|p1a: Shaymin
|-end|p1a: Shaymin|Substitute
|
|-heal|p1a: Shaymin|74/100|[from] item: Leftovers
|-heal|p2a: Garganacl|88/100|[from] item: Leftovers
|-damage|p2a: Garganacl|76/100|[from] Leech Seed|[of] p1a: Shaymin
|-heal|p1a: Shaymin|89/100|[silent]
|-damage|p1a: Shaymin|76/100|[from] Salt Cure
|upkeep
|turn|16
|
|t:|1743875201
|switch|p2a: Brambleghast|Brambleghast, F|100/100
|move|p1a: Shaymin|Substitute|p1a: Shaymin
|-start|p1a: Shaymin|Substitute
|-damage|p1a: Shaymin|51/100
|
|-heal|p1a: Shaymin|58/100|[from] item: Leftovers
|-damage|p1a: Shaymin|45/100|[from] Salt Cure
|upkeep
|turn|17
|
|t:|1743875216
|move|p1a: Shaymin|Synthesis|p1a: Shaymin
|-heal|p1a: Shaymin|95/100
|move|p2a: Brambleghast|Rapid Spin|p1a: Shaymin
|-activate|p1a: Shaymin|move: Substitute|[damage]
|-sideend|p2: DrinkerofWater2|Toxic Spikes|[from] move: Rapid Spin|[of] p2a: Brambleghast
|-sideend|p2: DrinkerofWater2|Stealth Rock|[from] move: Rapid Spin|[of] p2a: Brambleghast
|-boost|p2a: Brambleghast|spe|1
|
|-heal|p1a: Shaymin|100/100|[from] item: Leftovers
|-damage|p1a: Shaymin|88/100|[from] Salt Cure
|upkeep
|turn|18
|
|t:|1743875230
|move|p2a: Brambleghast|Shadow Sneak|p1a: Shaymin
|-end|p1a: Shaymin|Substitute
|move|p1a: Shaymin|Trailblaze|p2a: Brambleghast
|-resisted|p2a: Brambleghast
|-damage|p2a: Brambleghast|85/100
|-boost|p1a: Shaymin|spe|1
|
|-heal|p1a: Shaymin|94/100|[from] item: Leftovers
|-damage|p1a: Shaymin|82/100|[from] Salt Cure
|upkeep
|turn|19
|inactive|EchoFlex has 30 seconds left.
|
|t:|1743875259
|switch|p1a: Garganacl|Garganacl, M|100/100
|-damage|p1a: Garganacl|88/100|[from] Stealth Rock
|move|p2a: Brambleghast|Poltergeist|p1a: Garganacl
|-activate|p1a: Garganacl|move: Poltergeist|Leftovers
|-damage|p1a: Garganacl|73/100
|
|-heal|p1a: Garganacl|79/100|[from] item: Leftovers
|upkeep
|turn|20
|inactive|EchoFlex has 30 seconds left.
|inactive|EchoFlex has 20 seconds left.
|inactive|EchoFlex has 15 seconds left.
|inactive|EchoFlex has 10 seconds left.
|inactive|EchoFlex has 5 seconds left.
|-message|EchoFlex lost due to inactivity.
|
|win|DrinkerofWater2
|raw|EchoFlex's rating: 1105 &rarr; <strong>1081</strong><br />(-24 for losing)
|raw|DrinkerofWater2's rating: 1114 &rarr; <strong>1138</strong><br />(+24 for winning)
|l|☆DrinkerofWater2
|player|p2|
