|j|☆vific
|j|☆xxabirxx123
|t:|1743893592
|gametype|singles
|player|p1|vific|clown|1285
|player|p2|xxabirxx123|170|1244
|teamsize|p1|6
|teamsize|p2|6
|gen|9
|tier|[Gen 9] OU
|rated|
|rule|HP Percentage Mod: HP is shown in percentages
|rule|Endless Battle Clause: Forcing endless battles is banned
|rule|Species Clause: Limit one of each Pokémon
|rule|OHKO Clause: OHKO moves are banned
|rule|Evasion Items Clause: Evasion items are banned
|rule|Evasion Moves Clause: Evasion moves are banned
|rule|Sleep Moves Clause: Sleep-inducing moves are banned
|clearpoke
|poke|p1|Mienshao, F|
|poke|p1|Slowking-Galar, F|
|poke|p1|Lapras, M|
|poke|p1|Landorus-Therian, M|
|poke|p1|Heatran, M|
|poke|p1|Metagross|
|poke|p2|Garganacl, M|
|poke|p2|Weezing-Galar, F|
|poke|p2|Corviknight, M|
|poke|p2|Dragapult, M|
|poke|p2|Slowking-Galar, M|
|poke|p2|Samurott-Hisui, F|
|teampreview
|inactive|Battle timer is ON: inactive players will automatically lose when time's up. (requested by xxabirxx123)
|inactive|vific also wants the timer to be on.
|
|t:|1743893598
|start
|switch|p1a: Lapras|Lapras, M|100/100
|switch|p2a: FreeSpiker|Samurott-Hisui, F|100/100
|turn|1
|
|t:|1743893604
|move|p2a: FreeSpiker|Ceaseless Edge|p1a: Lapras
|-damage|p1a: Lapras|64/100
|-sidestart|p1: vific|Spikes
|move|p1a: Lapras|Freeze-Dry|p2a: FreeSpiker
|-supereffective|p2a: FreeSpiker
|-crit|p2a: FreeSpiker
|-damage|p2a: FreeSpiker|0 fnt
|faint|p2a: FreeSpiker
|
|upkeep
|
|t:|1743893616
|switch|p2a: Trudeau-king|Slowking-Galar, M|100/100
|turn|2
|
|t:|1743893621
|switch|p1a: Metagross|Metagross|100/100
|-damage|p1a: Metagross|88/100|[from] Spikes
|move|p2a: Trudeau-king|Future Sight|p1a: Metagross
|-start|p2a: Trudeau-king|move: Future Sight
|
|upkeep
|turn|3
|
|t:|1743893628
|switch|p2a: Plague Doctor|Corviknight, M|100/100
|-ability|p2a: Plague Doctor|Pressure
|move|p1a: Metagross|Bullet Punch|p2a: Plague Doctor
|-resisted|p2a: Plague Doctor
|-damage|p2a: Plague Doctor|93/100
|-damage|p1a: Metagross|72/100|[from] item: Rocky Helmet|[of] p2a: Plague Doctor
|
|upkeep
|turn|4
|
|t:|1743893643
|move|p1a: Metagross|Psychic Noise|p2a: Plague Doctor
|-resisted|p2a: Plague Doctor
|-damage|p2a: Plague Doctor|80/100
|-start|p2a: Plague Doctor|move: Heal Block
|move|p2a: Plague Doctor|Iron Defense|p2a: Plague Doctor
|-boost|p2a: Plague Doctor|def|2
|
|-end|p1a: Metagross|move: Future Sight
|-resisted|p1a: Metagross
|-damage|p1a: Metagross|58/100
|upkeep
|turn|5
|
|t:|1743893652
|switch|p1a: Heatran|Heatran, M|100/100
|-item|p1a: Heatran|Air Balloon
|move|p2a: Plague Doctor|Body Press|p1a: Heatran
|-supereffective|p1a: Heatran
|-damage|p1a: Heatran|17/100
|-enditem|p1a: Heatran|Air Balloon
|
|-end|p2a: Plague Doctor|move: Heal Block
|upkeep
|turn|6
|
|t:|1743893666
|switch|p2a: Trudeau-king|Slowking-Galar, M|100/100
|move|p1a: Heatran|Magma Storm|p2a: Trudeau-king
|-damage|p2a: Trudeau-king|77/100
|-activate|p2a: Trudeau-king|move: Magma Storm|[of] p1a: Heatran
|
|-damage|p2a: Trudeau-king|64/100|[from] move: Magma Storm|[partiallytrapped]
|upkeep
|turn|7
|
|t:|1743893676
|move|p1a: Heatran|Taunt|p2a: Trudeau-king
|-start|p2a: Trudeau-king|move: Taunt
|move|p2a: Trudeau-king|Psychic Noise|p1a: Heatran
|-resisted|p1a: Heatran
|-damage|p1a: Heatran|3/100
|-start|p1a: Heatran|move: Heal Block
|
|-damage|p2a: Trudeau-king|52/100|[from] move: Magma Storm|[partiallytrapped]
|upkeep
|turn|8
|
|t:|1743893685
|move|p1a: Heatran|Earth Power|p2a: Trudeau-king
|-supereffective|p2a: Trudeau-king
|-damage|p2a: Trudeau-king|22/100
|move|p2a: Trudeau-king|Psychic Noise|p1a: Heatran
|-resisted|p1a: Heatran
|-damage|p1a: Heatran|0 fnt
|faint|p1a: Heatran
|
|-end|p2a: Trudeau-king|Magma Storm|[partiallytrapped]|[silent]
|upkeep
|
|t:|1743893696
|switch|p1a: Mienshao|Mienshao, F|100/100
|-damage|p1a: Mienshao|88/100|[from] Spikes
|turn|9
|
|t:|1743893698
|switch|p2a: Plague Doctor|Corviknight, M|80/100
|-ability|p2a: Plague Doctor|Pressure
|move|p1a: Mienshao|Knock Off|p2a: Plague Doctor
|-damage|p2a: Plague Doctor|57/100
|-damage|p1a: Mienshao|72/100|[from] item: Rocky Helmet|[of] p2a: Plague Doctor
|-enditem|p2a: Plague Doctor|Rocky Helmet|[from] move: Knock Off|[of] p1a: Mienshao
|-damage|p1a: Mienshao|62/100|[from] item: Life Orb
|
|upkeep
|turn|10
|
|t:|1743893705
|switch|p1a: Landorus|Landorus-Therian, M|100/100
|-ability|p1a: Landorus|Intimidate|boost
|-unboost|p2a: Plague Doctor|atk|1
|move|p2a: Plague Doctor|Roost|p2a: Plague Doctor
|-heal|p2a: Plague Doctor|100/100
|-singleturn|p2a: Plague Doctor|move: Roost
|
|upkeep
|turn|11
|
|t:|1743893714
|switch|p2a: Tea enjoyer|Weezing-Galar, F|100/100
|-ability|p2a: Tea enjoyer|Neutralizing Gas
|move|p1a: Landorus|Stealth Rock|p2a: Tea enjoyer
|-sidestart|p2: xxabirxx123|move: Stealth Rock
|
|upkeep
|turn|12
|
|t:|1743893721
|move|p1a: Landorus|Earth Power|p2a: Tea enjoyer
|-supereffective|p2a: Tea enjoyer
|-damage|p2a: Tea enjoyer|20/100
|move|p2a: Tea enjoyer|Will-O-Wisp|p1a: Landorus
|-status|p1a: Landorus|brn
|
|-heal|p2a: Tea enjoyer|26/100|[from] item: Black Sludge
|-damage|p1a: Landorus|94/100 brn|[from] brn
|upkeep
|turn|13
|
|t:|1743893730
|-end|p2a: Tea enjoyer|ability: Neutralizing Gas
|-ability|p1a: Landorus|Intimidate|boost
|-unboost|p2a: Tea enjoyer|atk|1
|switch|p2a: Plague Doctor|Corviknight, M|100/100
|-damage|p2a: Plague Doctor|88/100|[from] Stealth Rock
|-ability|p2a: Plague Doctor|Pressure
|move|p1a: Landorus|Earth Power|p2a: Plague Doctor
|-immune|p2a: Plague Doctor
|
|-damage|p1a: Landorus|88/100 brn|[from] brn
|upkeep
|turn|14
|
|t:|1743893740
|move|p1a: Landorus|Taunt|p2a: Plague Doctor
|-start|p2a: Plague Doctor|move: Taunt
|move|p2a: Plague Doctor|Brave Bird|p1a: Landorus
|-damage|p1a: Landorus|54/100 brn
|-damage|p2a: Plague Doctor|71/100|[from] item: Rocky Helmet|[of] p1a: Landorus
|-damage|p2a: Plague Doctor|60/100|[from] Recoil
|
|-damage|p1a: Landorus|48/100 brn|[from] brn
|upkeep
|turn|15
|
|t:|1743893759
|switch|p1a: Slowking|Slowking-Galar, F|100/100
|-damage|p1a: Slowking|88/100|[from] Spikes
|move|p2a: Plague Doctor|Brave Bird|p1a: Slowking
|-damage|p1a: Slowking|47/100
|-damage|p2a: Plague Doctor|47/100|[from] Recoil
|
|upkeep
|turn|16
|
|t:|1743893769
|switch|p2a: Trudeau-king|Slowking-Galar, M|55/100
|-damage|p2a: Trudeau-king|43/100|[from] Stealth Rock
|move|p1a: Slowking|Thunder Wave|p2a: Trudeau-king
|-status|p2a: Trudeau-king|par
|
|upkeep
|turn|17
|
|t:|1743893776
|-prepare|p1a: Slowking|Chilly Reception|[premajor]
|move|p1a: Slowking|Chilly Reception|p1a: Slowking
|-weather|Snowscape
|
|t:|1743893782
|switch|p1a: Mienshao|Mienshao, F|95/100|[from] Chilly Reception
|-damage|p1a: Mienshao|83/100|[from] Spikes
|move|p2a: Trudeau-king|Future Sight|p1a: Mienshao
|-start|p2a: Trudeau-king|move: Future Sight
|
|-weather|Snowscape|[upkeep]
|upkeep
|turn|18
|
|t:|1743893789
|switch|p2a: Plague Doctor|Corviknight, M|47/100
|-damage|p2a: Plague Doctor|35/100|[from] Stealth Rock
|-ability|p2a: Plague Doctor|Pressure
|move|p1a: Mienshao|Close Combat|p2a: Plague Doctor
|-damage|p2a: Plague Doctor|0 fnt
|-unboost|p1a: Mienshao|def|1
|-unboost|p1a: Mienshao|spd|1
|faint|p2a: Plague Doctor
|-damage|p1a: Mienshao|73/100|[from] item: Life Orb
|
|-weather|Snowscape|[upkeep]
|upkeep
|
|t:|1743893802
|switch|p2a: Tea enjoyer|Weezing-Galar, F|26/100
|-ability|p2a: Tea enjoyer|Neutralizing Gas
|-damage|p2a: Tea enjoyer|13/100|[from] Stealth Rock
|turn|19
|
|t:|1743893808
|move|p1a: Mienshao|U-turn|p2a: Tea enjoyer
|-resisted|p2a: Tea enjoyer
|-damage|p2a: Tea enjoyer|9/100
|-damage|p1a: Mienshao|63/100|[from] item: Life Orb
|
|t:|1743893812
|switch|p1a: Landorus|Landorus-Therian, M|48/100 brn|[from] U-turn
|move|p2a: Tea enjoyer|Defog|p1a: Landorus
|-unboost|p1a: Landorus|evasion|1
|-sideend|p1: vific|Spikes|[from] move: Defog|[of] p2a: Tea enjoyer
|-sideend|p2: xxabirxx123|Stealth Rock|[from] move: Defog|[of] p2a: Tea enjoyer
|
|-weather|Snowscape|[upkeep]
|-end|p1a: Landorus|move: Future Sight
|-damage|p1a: Landorus|0 fnt
|faint|p1a: Landorus
|-heal|p2a: Tea enjoyer|15/100|[from] item: Black Sludge
|upkeep
|
|t:|1743893817
|switch|p1a: Metagross|Metagross|58/100
|turn|20
|
|t:|1743893828
|-end|p2a: Tea enjoyer|ability: Neutralizing Gas
|switch|p2a: Trudeau-king|Slowking-Galar, M|76/100 par
|move|p1a: Metagross|Bullet Punch|p2a: Trudeau-king
|-damage|p2a: Trudeau-king|54/100 par
|
|-weather|Snowscape|[upkeep]
|upkeep
|turn|21
|
|t:|1743893850
|move|p1a: Metagross|Psychic Noise|p2a: Trudeau-king
|-damage|p2a: Trudeau-king|44/100 par
|-start|p2a: Trudeau-king|move: Heal Block
|cant|p2a: Trudeau-king|par
|
|-weather|none
|upkeep
|turn|22
|
|t:|1743893857
|move|p1a: Metagross|Bullet Punch|p2a: Trudeau-king
|-damage|p2a: Trudeau-king|21/100 par
|move|p2a: Trudeau-king|Flamethrower|p1a: Metagross
|-supereffective|p1a: Metagross
|-damage|p1a: Metagross|7/100
|
|-end|p2a: Trudeau-king|move: Heal Block
|upkeep
|turn|23
|
|t:|1743893864
|move|p1a: Metagross|Bullet Punch|p2a: Trudeau-king
|-damage|p2a: Trudeau-king|0 fnt
|faint|p2a: Trudeau-king
|
|upkeep
|
|t:|1743893870
|switch|p2a: Dont miss|Dragapult, M|100/100
|turn|24
|
|t:|1743893874
|move|p2a: Dont miss|U-turn|p1a: Metagross
|-damage|p1a: Metagross|0 fnt
|faint|p1a: Metagross
|
|t:|1743893879
|switch|p2a: Tea enjoyer|Weezing-Galar, F|15/100|[from] U-turn
|-ability|p2a: Tea enjoyer|Neutralizing Gas
|
|-heal|p2a: Tea enjoyer|21/100|[from] item: Black Sludge
|upkeep
|
|t:|1743893883
|switch|p1a: Mienshao|Mienshao, F|63/100
|turn|25
|
|t:|1743893887
|move|p1a: Mienshao|Fake Out|p2a: Tea enjoyer
|-damage|p2a: Tea enjoyer|10/100
|-damage|p1a: Mienshao|53/100|[from] item: Life Orb
|cant|p2a: Tea enjoyer|flinch
|
|-heal|p2a: Tea enjoyer|16/100|[from] item: Black Sludge
|upkeep
|turn|26
|
|t:|1743893895
|move|p1a: Mienshao|Close Combat|p2a: Tea enjoyer
|-resisted|p2a: Tea enjoyer
|-damage|p2a: Tea enjoyer|3/100
|-unboost|p1a: Mienshao|def|1
|-unboost|p1a: Mienshao|spd|1
|-damage|p1a: Mienshao|43/100|[from] item: Life Orb
|move|p2a: Tea enjoyer|Pain Split|p1a: Mienshao
|-sethp|p1a: Mienshao|23/100|[from] move: Pain Split|[silent]
|-sethp|p2a: Tea enjoyer|19/100|[from] move: Pain Split
|
|-heal|p2a: Tea enjoyer|25/100|[from] item: Black Sludge
|upkeep
|turn|27
|
|t:|1743893901
|move|p1a: Mienshao|U-turn|p2a: Tea enjoyer
|-resisted|p2a: Tea enjoyer
|-damage|p2a: Tea enjoyer|20/100
|-damage|p1a: Mienshao|13/100|[from] item: Life Orb
|
|t:|1743893905
|switch|p1a: Slowking|Slowking-Galar, F|80/100|[from] U-turn
|move|p2a: Tea enjoyer|Strange Steam|p1a: Slowking
|-resisted|p1a: Slowking
|-damage|p1a: Slowking|73/100
|-start|p1a: Slowking|confusion
|
|-heal|p2a: Tea enjoyer|26/100|[from] item: Black Sludge
|upkeep
|turn|28
|
|t:|1743893911
|move|p2a: Tea enjoyer|Pain Split|p1a: Slowking
|-sethp|p1a: Slowking|47/100|[from] move: Pain Split|[silent]
|-sethp|p2a: Tea enjoyer|56/100|[from] move: Pain Split
|-prepare|p1a: Slowking|Chilly Reception|[premajor]
|-activate|p1a: Slowking|confusion
|move|p1a: Slowking|Chilly Reception|p1a: Slowking
|-weather|Snowscape
|
|t:|1743893922
|switch|p1a: Lapras|Lapras, M|64/100|[from] Chilly Reception
|
|-weather|Snowscape|[upkeep]
|-heal|p2a: Tea enjoyer|62/100|[from] item: Black Sludge
|upkeep
|turn|29
|
|t:|1743893928
|switch|p1a: Mienshao|Mienshao, F|13/100
|move|p2a: Tea enjoyer|Will-O-Wisp|p1a: Mienshao
|-status|p1a: Mienshao|brn
|
|-weather|Snowscape|[upkeep]
|-heal|p2a: Tea enjoyer|68/100|[from] item: Black Sludge
|-damage|p1a: Mienshao|7/100 brn|[from] brn
|upkeep
|turn|30
|
|t:|1743893936
|move|p1a: Mienshao|Knock Off|p2a: Tea enjoyer
|-resisted|p2a: Tea enjoyer
|-damage|p2a: Tea enjoyer|61/100
|-enditem|p2a: Tea enjoyer|Black Sludge|[from] move: Knock Off|[of] p1a: Mienshao
|-damage|p1a: Mienshao|0 fnt|[from] item: Life Orb
|faint|p1a: Mienshao
|move|p2a: Tea enjoyer|Strange Steam|p1: Mienshao|[notarget]
|-fail|p2a: Tea enjoyer
|
|-weather|Snowscape|[upkeep]
|upkeep
|
|t:|1743893939
|switch|p1a: Lapras|Lapras, M|64/100
|turn|31
|
|t:|1743893943
|move|p2a: Tea enjoyer|Will-O-Wisp|p1a: Lapras
|-status|p1a: Lapras|brn
|move|p1a: Lapras|Freeze-Dry|p2a: Tea enjoyer
|-damage|p2a: Tea enjoyer|18/100
|
|-weather|Snowscape|[upkeep]
|-damage|p1a: Lapras|58/100 brn|[from] brn
|upkeep
|turn|32
|
|t:|1743893949
|-end|p2a: Tea enjoyer|ability: Neutralizing Gas
|switch|p2a: Saltbae|Garganacl, M|100/100
|move|p1a: Lapras|Freeze-Dry|p2a: Saltbae
|-damage|p2a: Saltbae|79/100
|
|-weather|none
|-heal|p2a: Saltbae|85/100|[from] item: Leftovers
|-damage|p1a: Lapras|52/100 brn|[from] brn
|upkeep
|turn|33
|
|t:|1743893953
|move|p1a: Lapras|Hydro Pump|p2a: Saltbae
|-supereffective|p2a: Saltbae
|-damage|p2a: Saltbae|0 fnt
|faint|p2a: Saltbae
|
|-damage|p1a: Lapras|46/100 brn|[from] brn
|upkeep
|
|t:|1743893960
|switch|p2a: Dont miss|Dragapult, M|100/100
|turn|34
|
|t:|1743893974
|move|p2a: Dont miss|Dragon Darts|p1a: Lapras
|-damage|p1a: Lapras|26/100 brn
|-anim|p2a: Dont miss|Dragon Darts|p1a: Lapras
|-crit|p1a: Lapras
|-damage|p1a: Lapras|0 fnt
|faint|p1a: Lapras
|
|upkeep
|c|☆vific|bru
|-message|vific forfeited.
|
|win|xxabirxx123
|raw|vific's rating: 1285 &rarr; <strong>1257</strong><br />(-28 for losing)
|raw|xxabirxx123's rating: 1244 &rarr; <strong>1272</strong><br />(+28 for winning)
|l|☆vific
|player|p1|
|l|☆xxabirxx123
|player|p2|
