|j|☆McFreaky69
|j|☆dragonfan96
|t:|1743917279
|gametype|singles
|player|p1|McFreaky69|roughneck-gen4|1088
|player|p2|dragonfan96|dragontamer|1150
|teamsize|p1|6
|teamsize|p2|6
|gen|9
|tier|[Gen 9] OU
|rated|
|rule|HP Percentage Mod: HP is shown in percentages
|rule|Endless Battle Clause: Forcing endless battles is banned
|rule|Species Clause: Limit one of each Pokémon
|rule|OHKO Clause: OHKO moves are banned
|rule|Evasion Items Clause: Evasion items are banned
|rule|Evasion Moves Clause: Evasion moves are banned
|rule|Sleep Moves Clause: Sleep-inducing moves are banned
|clearpoke
|poke|p1|Mismagius, M|
|poke|p1|Ninetales-Alola, F|
|poke|p1|Quagsire, F|
|poke|p1|Bronzong|
|poke|p1|Mabosstiff, F|
|poke|p1|Gallade, M|
|poke|p2|Rotom-Wash|
|poke|p2|Cresselia, F|
|poke|p2|Raging Bolt|
|poke|p2|Galvantula, M|
|poke|p2|Iron Thorns|
|poke|p2|Bellibolt, M|
|teampreview
|inactive|Battle timer is ON: inactive players will automatically lose when time's up. (requested by McFreaky69)
|
|t:|1743917302
|start
|switch|p1a: Ninetales|Ninetales-Alola, F|100/100
|switch|p2a: Cresselia|Cresselia, F|100/100
|-weather|Snowscape|[from] ability: Snow Warning|[of] p1a: Ninetales
|turn|1
|
|t:|1743917327
|-terastallize|p2a: Cresselia|Electric
|move|p1a: Ninetales|Aurora Veil|p1a: Ninetales
|-sidestart|p1: McFreaky69|move: Aurora Veil
|move|p2a: Cresselia|Psychic|p1a: Ninetales
|-damage|p1a: Ninetales|82/100
|
|-weather|Snowscape|[upkeep]
|upkeep
|turn|2
|
|t:|1743917338
|switch|p1a: Mabosstiff|Mabosstiff, F|100/100
|move|p2a: Cresselia|Dazzling Gleam|p1a: Mabosstiff
|-supereffective|p1a: Mabosstiff
|-damage|p1a: Mabosstiff|69/100
|
|-weather|Snowscape|[upkeep]
|upkeep
|turn|3
|
|t:|1743917348
|move|p1a: Mabosstiff|Crunch|p2a: Cresselia
|-damage|p2a: Cresselia|57/100
|-unboost|p2a: Cresselia|def|1
|move|p2a: Cresselia|Dazzling Gleam|p1a: Mabosstiff
|-supereffective|p1a: Mabosstiff
|-damage|p1a: Mabosstiff|39/100
|
|-weather|Snowscape|[upkeep]
|upkeep
|turn|4
|
|t:|1743917358
|move|p1a: Mabosstiff|Crunch|p2a: Cresselia
|-damage|p2a: Cresselia|0 fnt
|faint|p2a: Cresselia
|
|-weather|Snowscape|[upkeep]
|upkeep
|
|t:|1743917362
|switch|p2a: Galvantula|Galvantula, M|100/100
|-ability|p2a: Galvantula|Unnerve
|turn|5
|
|t:|1743917375
|switch|p1a: Gallade|Gallade, M|100/100
|move|p2a: Galvantula|Sticky Web|p1a: Gallade
|-sidestart|p1: McFreaky69|move: Sticky Web
|
|-weather|none
|upkeep
|turn|6
|
|t:|1743917397
|switch|p2a: Bellibolt|Bellibolt, M|100/100
|move|p1a: Gallade|Psycho Cut|p2a: Bellibolt
|-damage|p2a: Bellibolt|53/100
|-start|p2a: Bellibolt|Charge|Psycho Cut|[from] ability: Electromorphosis
|
|upkeep
|turn|7
|
|t:|1743917412
|move|p1a: Gallade|Psycho Cut|p2a: Bellibolt
|-damage|p2a: Bellibolt|2/100
|-start|p2a: Bellibolt|Charge|Psycho Cut|[from] ability: Electromorphosis
|move|p2a: Bellibolt|Chilling Water|p1a: Gallade
|-damage|p1a: Gallade|91/100
|-unboost|p1a: Gallade|atk|1
|
|upkeep
|turn|8
|
|t:|1743917424
|move|p2a: Bellibolt|Sucker Punch|p1a: Gallade
|-damage|p1a: Gallade|80/100
|move|p1a: Gallade|Psycho Cut|p2a: Bellibolt
|-damage|p2a: Bellibolt|0 fnt
|faint|p2a: Bellibolt
|
|-sideend|p1: McFreaky69|move: Aurora Veil
|upkeep
|inactive|dragonfan96 has 120 seconds left.
|
|t:|1743917435
|switch|p2a: Iron Thorns|Iron Thorns|100/100
|turn|9
|
|t:|1743917450
|switch|p1a: Quagsire|Quagsire, F|100/100
|move|p2a: Iron Thorns|Stealth Rock|p1a: Quagsire
|-sidestart|p1: McFreaky69|move: Stealth Rock
|
|upkeep
|turn|10
|
|t:|1743917458
|-end|p2a: Iron Thorns|Quark Drive|[silent]
|switch|p2a: Rotom|Rotom-Wash|100/100
|move|p1a: Quagsire|Toxic|p2a: Rotom
|-status|p2a: Rotom|tox
|
|-damage|p2a: Rotom|94/100 tox|[from] psn
|upkeep
|turn|11
|
|t:|1743917471
|move|p2a: Rotom|Shadow Ball|p1a: Quagsire
|-damage|p1a: Quagsire|70/100
|-unboost|p1a: Quagsire|spd|1
|move|p1a: Quagsire|Spikes|p2a: Rotom
|-sidestart|p2: dragonfan96|Spikes
|
|-damage|p2a: Rotom|82/100 tox|[from] psn
|upkeep
|turn|12
|
|t:|1743917479
|move|p2a: Rotom|Shadow Ball|p1a: Quagsire
|-damage|p1a: Quagsire|19/100
|move|p1a: Quagsire|Recover|p1a: Quagsire
|-heal|p1a: Quagsire|69/100
|
|-damage|p2a: Rotom|63/100 tox|[from] psn
|upkeep
|turn|13
|
|t:|1743917489
|switch|p1a: Ninetales|Ninetales-Alola, F|82/100
|-activate|p1a: Ninetales|move: Sticky Web
|-unboost|p1a: Ninetales|spe|1
|-damage|p1a: Ninetales|58/100|[from] Stealth Rock
|-weather|Snowscape|[from] ability: Snow Warning|[of] p1a: Ninetales
|move|p2a: Rotom|Shadow Ball|p1a: Ninetales
|-damage|p1a: Ninetales|31/100
|
|-weather|Snowscape|[upkeep]
|-damage|p2a: Rotom|38/100 tox|[from] psn
|upkeep
|turn|14
|
|t:|1743917511
|move|p2a: Rotom|Volt Switch|p1a: Ninetales
|-damage|p1a: Ninetales|0 fnt
|faint|p1a: Ninetales
|
|t:|1743917520
|switch|p2a: Galvantula|Galvantula, M|100/100|[from] Volt Switch
|-ability|p2a: Galvantula|Unnerve
|
|-weather|Snowscape|[upkeep]
|upkeep
|
|t:|1743917533
|switch|p1a: Mabosstiff|Mabosstiff, F|39/100
|-activate|p1a: Mabosstiff|move: Sticky Web
|-unboost|p1a: Mabosstiff|spe|1
|-damage|p1a: Mabosstiff|27/100|[from] Stealth Rock
|turn|15
|
|t:|1743917541
|move|p2a: Galvantula|Bug Buzz|p1a: Mabosstiff
|-supereffective|p1a: Mabosstiff
|-damage|p1a: Mabosstiff|0 fnt
|faint|p1a: Mabosstiff
|
|-weather|Snowscape|[upkeep]
|upkeep
|
|t:|1743917551
|switch|p1a: Gallade|Gallade, M|80/100
|-activate|p1a: Gallade|move: Sticky Web
|-unboost|p1a: Gallade|spe|1
|-damage|p1a: Gallade|74/100|[from] Stealth Rock
|turn|16
|
|t:|1743917563
|move|p2a: Galvantula|Bug Buzz|p1a: Gallade
|-damage|p1a: Gallade|34/100
|move|p1a: Gallade|Psycho Cut|p2a: Galvantula
|-damage|p2a: Galvantula|2/100
|
|-weather|Snowscape|[upkeep]
|upkeep
|turn|17
|
|t:|1743917573
|move|p2a: Galvantula|Discharge|p1a: Gallade
|-damage|p1a: Gallade|0 fnt
|faint|p1a: Gallade
|
|-weather|none
|upkeep
|
|t:|1743917578
|switch|p1a: Quagsire|Quagsire, F|69/100
|turn|18
|
|t:|1743917585
|move|p2a: Galvantula|Energy Ball|p1a: Quagsire
|-supereffective|p1a: Quagsire
|-damage|p1a: Quagsire|0 fnt
|faint|p1a: Quagsire
|
|upkeep
|
|t:|1743917589
|switch|p1a: Mismagius|Mismagius, M|100/100
|-damage|p1a: Mismagius|88/100|[from] Stealth Rock
|turn|19
|
|t:|1743917598
|-terastallize|p1a: Mismagius|Fairy
|move|p2a: Galvantula|Discharge|p1a: Mismagius
|-damage|p1a: Mismagius|49/100
|move|p1a: Mismagius|Nasty Plot|p1a: Mismagius
|-boost|p1a: Mismagius|spa|2
|
|-heal|p1a: Mismagius|55/100|[from] item: Leftovers
|upkeep
|turn|20
|
|t:|1743917607
|move|p2a: Galvantula|Discharge|p1a: Mismagius
|-damage|p1a: Mismagius|14/100
|-status|p1a: Mismagius|par
|move|p1a: Mismagius|Draining Kiss|p2a: Galvantula
|-damage|p2a: Galvantula|0 fnt
|-heal|p1a: Mismagius|15/100 par|[from] drain|[of] p2a: Galvantula
|faint|p2a: Galvantula
|
|-heal|p1a: Mismagius|21/100 par|[from] item: Leftovers
|upkeep
|
|t:|1743917630
|switch|p2a: Rotom|Rotom-Wash|38/100 tox
|turn|21
|
|t:|1743917636
|move|p2a: Rotom|Thunderbolt|p1a: Mismagius
|-damage|p1a: Mismagius|0 fnt
|faint|p1a: Mismagius
|
|-damage|p2a: Rotom|32/100 tox|[from] psn
|upkeep
|
|t:|1743917639
|switch|p1a: Bronzong|Bronzong|100/100
|-damage|p1a: Bronzong|94/100|[from] Stealth Rock
|turn|22
|
|t:|1743917648
|move|p2a: Rotom|Shadow Ball|p1a: Bronzong
|-supereffective|p1a: Bronzong
|-damage|p1a: Bronzong|58/100
|move|p1a: Bronzong|Night Shade|p2a: Rotom
|-damage|p2a: Rotom|0 fnt
|faint|p2a: Rotom
|
|-heal|p1a: Bronzong|64/100|[from] item: Leftovers
|upkeep
|
|t:|1743917660
|switch|p2a: Iron Thorns|Iron Thorns|100/100
|-damage|p2a: Iron Thorns|88/100|[from] Spikes
|turn|23
|
|t:|1743917666
|move|p2a: Iron Thorns|Crunch|p1a: Bronzong
|-supereffective|p1a: Bronzong
|-damage|p1a: Bronzong|8/100
|move|p1a: Bronzong|Body Press|p2a: Iron Thorns
|-supereffective|p2a: Iron Thorns
|-damage|p2a: Iron Thorns|53/100
|
|-heal|p1a: Bronzong|14/100|[from] item: Leftovers
|upkeep
|turn|24
|
|t:|1743917674
|move|p2a: Iron Thorns|Crunch|p1a: Bronzong
|-supereffective|p1a: Bronzong
|-damage|p1a: Bronzong|0 fnt
|faint|p1a: Bronzong
|
|win|dragonfan96
|raw|McFreaky69's rating: 1088 &rarr; <strong>1069</strong><br />(-19 for losing)
|raw|dragonfan96's rating: 1150 &rarr; <strong>1171</strong><br />(+21 for winning)
|c|☆dragonfan96|ggs
|l|☆McFreaky69
|player|p1|
|l|☆dragonfan96
|player|p2|
