|j|☆suparsayajin
|j|☆Superhjkdetective
|t:|1743783344
|gametype|singles
|player|p1|suparsayajin|1|1607
|player|p2|Superhjkdetective|170|1668
|teamsize|p1|6
|teamsize|p2|6
|gen|9
|tier|[Gen 9] OU
|rated|
|rule|HP Percentage Mod: HP is shown in percentages
|rule|Endless Battle Clause: Forcing endless battles is banned
|rule|Species Clause: Limit one of each Pokémon
|rule|OHKO Clause: OHKO moves are banned
|rule|Evasion Items Clause: Evasion items are banned
|rule|Evasion Moves Clause: Evasion moves are banned
|rule|Sleep Moves Clause: Sleep-inducing moves are banned
|clearpoke
|poke|p1|Zapdos|
|poke|p1|Greninja-*, M|
|poke|p1|Weavile, M|
|poke|p1|Garchomp, M|
|poke|p1|Snorlax, M|
|poke|p1|Excadrill, M|
|poke|p2|Great Tusk|
|poke|p2|Corviknight, M|
|poke|p2|Ogerpon-Wellspring, F|
|poke|p2|Weavile, M|
|poke|p2|Raging Bolt|
|poke|p2|Slowking-Galar, F|
|teampreview
|inactive|Battle timer is ON: inactive players will automatically lose when time's up. (requested by suparsayajin)
|j| liamthewalrus
|
|t:|1743783359
|start
|switch|p1a: Weavile|Weavile, M|100/100
|switch|p2a: Ogerpon|Ogerpon-Wellspring, F|100/100
|-ability|p1a: Weavile|Pressure
|turn|1
|
|t:|1743783361
|move|p1a: Weavile|Knock Off|p2a: Ogerpon
|-damage|p2a: Ogerpon|57/100
|move|p2a: Ogerpon|Play Rough|p1a: Weavile
|-supereffective|p1a: Weavile
|-enditem|p1a: Weavile|Focus Sash
|-damage|p1a: Weavile|1/100
|
|upkeep
|turn|2
|
|t:|1743783366
|switch|p2a: Corviknight|Corviknight, M|100/100
|-ability|p2a: Corviknight|Pressure
|move|p1a: Weavile|Triple Axel|p2a: Corviknight
|-damage|p2a: Corviknight|94/100
|-damage|p1a: Weavile|0 fnt|[from] item: Rocky Helmet|[of] p2a: Corviknight
|faint|p1a: Weavile
|-hitcount|p2a: Corviknight|1
|
|upkeep
|
|t:|1743783374
|switch|p1a: Garchomp|Garchomp, M|100/100
|turn|3
|
|t:|1743783380
|switch|p2a: Weavile|Weavile, M|100/100
|-ability|p2a: Weavile|Pressure
|move|p1a: Garchomp|Stealth Rock|p2a: Weavile
|-sidestart|p2: Superhjkdetective|move: Stealth Rock
|
|upkeep
|turn|4
|
|t:|1743783385
|move|p2a: Weavile|Triple Axel|p1a: Garchomp
|-supereffective|p1a: Garchomp
|-damage|p1a: Garchomp|49/100
|-damage|p2a: Weavile|88/100|[from] ability: Rough Skin|[of] p1a: Garchomp
|-damage|p2a: Weavile|72/100|[from] item: Rocky Helmet|[of] p1a: Garchomp
|-supereffective|p1a: Garchomp
|-damage|p1a: Garchomp|0 fnt
|-damage|p2a: Weavile|59/100|[from] ability: Rough Skin|[of] p1a: Garchomp
|-damage|p2a: Weavile|43/100|[from] item: Rocky Helmet|[of] p1a: Garchomp
|faint|p1a: Garchomp
|-hitcount|p1: Garchomp|2
|
|upkeep
|
|t:|1743783399
|switch|p1a: Snorlax|Snorlax, M|100/100
|turn|5
|
|t:|1743783402
|move|p2a: Weavile|Triple Axel|p1a: Snorlax
|-damage|p1a: Snorlax|95/100
|-damage|p1a: Snorlax|82/100
|-damage|p1a: Snorlax|63/100
|-hitcount|p1a: Snorlax|3
|move|p1a: Snorlax|Curse|p1a: Snorlax
|-unboost|p1a: Snorlax|spe|1
|-boost|p1a: Snorlax|atk|1
|-boost|p1a: Snorlax|def|1
|
|-heal|p1a: Snorlax|69/100|[from] item: Leftovers
|upkeep
|turn|6
|
|t:|1743783421
|switch|p2a: Great Tusk|Great Tusk|100/100
|move|p1a: Snorlax|Curse|p1a: Snorlax
|-unboost|p1a: Snorlax|spe|1
|-boost|p1a: Snorlax|atk|1
|-boost|p1a: Snorlax|def|1
|
|-heal|p1a: Snorlax|75/100|[from] item: Leftovers
|upkeep
|turn|7
|
|t:|1743783433
|move|p2a: Great Tusk|Headlong Rush|p1a: Snorlax
|-damage|p1a: Snorlax|50/100
|-unboost|p2a: Great Tusk|def|1
|-unboost|p2a: Great Tusk|spd|1
|move|p1a: Snorlax|Curse|p1a: Snorlax
|-unboost|p1a: Snorlax|spe|1
|-boost|p1a: Snorlax|atk|1
|-boost|p1a: Snorlax|def|1
|
|-heal|p1a: Snorlax|56/100|[from] item: Leftovers
|upkeep
|turn|8
|
|t:|1743783437
|move|p2a: Great Tusk|Rapid Spin|p1a: Snorlax
|-damage|p1a: Snorlax|50/100
|-boost|p2a: Great Tusk|spe|1
|-sideend|p2: Superhjkdetective|Stealth Rock|[from] move: Rapid Spin|[of] p2a: Great Tusk
|move|p1a: Snorlax|Curse|p1a: Snorlax
|-unboost|p1a: Snorlax|spe|1
|-boost|p1a: Snorlax|atk|1
|-boost|p1a: Snorlax|def|1
|
|-heal|p1a: Snorlax|56/100|[from] item: Leftovers
|upkeep
|turn|9
|
|t:|1743783442
|move|p2a: Great Tusk|Stealth Rock|p1a: Snorlax
|-sidestart|p1: suparsayajin|move: Stealth Rock
|move|p1a: Snorlax|Body Slam|p2a: Great Tusk
|-crit|p2a: Great Tusk
|-damage|p2a: Great Tusk|0 fnt
|faint|p2a: Great Tusk
|-end|p2a: Great Tusk|Protosynthesis|[silent]
|
|-heal|p1a: Snorlax|62/100|[from] item: Leftovers
|upkeep
|
|t:|1743783444
|switch|p2a: Raging Bolt|Raging Bolt|100/100
|turn|10
|
|t:|1743783446
|move|p2a: Raging Bolt|Draco Meteor|p1a: Snorlax
|-damage|p1a: Snorlax|5/100
|-unboost|p2a: Raging Bolt|spa|2
|move|p1a: Snorlax|Body Slam|p2a: Raging Bolt
|-damage|p2a: Raging Bolt|23/100
|
|-heal|p1a: Snorlax|11/100|[from] item: Leftovers
|upkeep
|turn|11
|
|t:|1743783449
|move|p2a: Raging Bolt|Draco Meteor|p1a: Snorlax
|-damage|p1a: Snorlax|0 fnt
|-unboost|p2a: Raging Bolt|spa|2
|faint|p1a: Snorlax
|
|upkeep
|
|t:|1743783450
|switch|p1a: Excadrill|Excadrill, M|100/100
|-damage|p1a: Excadrill|97/100|[from] Stealth Rock
|-ability|p1a: Excadrill|Mold Breaker
|-item|p1a: Excadrill|Air Balloon
|turn|12
|
|t:|1743783457
|-end|p2a: Raging Bolt|Protosynthesis|[silent]
|switch|p2a: Corviknight|Corviknight, M|94/100
|-ability|p2a: Corviknight|Pressure
|move|p1a: Excadrill|Rapid Spin|p2a: Corviknight
|-resisted|p2a: Corviknight
|-damage|p2a: Corviknight|89/100
|-boost|p1a: Excadrill|spe|1
|-damage|p1a: Excadrill|81/100|[from] item: Rocky Helmet|[of] p2a: Corviknight
|-sideend|p1: suparsayajin|Stealth Rock|[from] move: Rapid Spin|[of] p1a: Excadrill
|
|upkeep
|turn|13
|
|t:|1743783461
|move|p1a: Excadrill|Stealth Rock|p2a: Corviknight
|-sidestart|p2: Superhjkdetective|move: Stealth Rock
|move|p2a: Corviknight|Brave Bird|p1a: Excadrill
|-resisted|p1a: Excadrill
|-damage|p1a: Excadrill|56/100
|-enditem|p1a: Excadrill|Air Balloon
|-damage|p2a: Corviknight|82/100|[from] Recoil
|
|upkeep
|turn|14
|
|t:|1743783467
|switch|p1a: Zapdos|Zapdos|100/100
|move|p2a: Corviknight|Defog|p1a: Zapdos
|-unboost|p1a: Zapdos|evasion|1
|-sideend|p2: Superhjkdetective|Stealth Rock|[from] move: Defog|[of] p2a: Corviknight
|
|upkeep
|turn|15
|
|t:|1743783471
|switch|p2a: Raging Bolt|Raging Bolt|23/100
|move|p1a: Zapdos|Volt Switch|p2a: Raging Bolt
|-resisted|p2a: Raging Bolt
|-damage|p2a: Raging Bolt|14/100
|
|t:|1743783473
|switch|p1a: Excadrill|Excadrill, M|56/100|[from] Volt Switch
|-ability|p1a: Excadrill|Mold Breaker
|
|upkeep
|turn|16
|
|t:|1743783477
|-end|p2a: Raging Bolt|Protosynthesis|[silent]
|switch|p2a: Corviknight|Corviknight, M|82/100
|-ability|p2a: Corviknight|Pressure
|move|p1a: Excadrill|Stealth Rock|p2a: Corviknight
|-sidestart|p2: Superhjkdetective|move: Stealth Rock
|
|upkeep
|turn|17
|
|t:|1743783479
|switch|p1a: Zapdos|Zapdos|100/100
|move|p2a: Corviknight|Defog|p1a: Zapdos
|-unboost|p1a: Zapdos|evasion|1
|-sideend|p2: Superhjkdetective|Stealth Rock|[from] move: Defog|[of] p2a: Corviknight
|
|upkeep
|turn|18
|
|t:|1743783485
|move|p1a: Zapdos|Volt Switch|p2a: Corviknight
|-supereffective|p2a: Corviknight
|-damage|p2a: Corviknight|4/100
|
|t:|1743783490
|switch|p1a: Excadrill|Excadrill, M|56/100|[from] Volt Switch
|-ability|p1a: Excadrill|Mold Breaker
|move|p2a: Corviknight|U-turn|p1a: Excadrill
|-resisted|p1a: Excadrill
|-damage|p1a: Excadrill|46/100
|
|t:|1743783495
|switch|p2a: Ogerpon|Ogerpon-Wellspring, F|57/100|[from] U-turn
|
|upkeep
|turn|19
|
|t:|1743783498
|switch|p1a: Zapdos|Zapdos|100/100
|move|p2a: Ogerpon|Ivy Cudgel|p1a: Zapdos|[anim] Ivy Cudgel Water
|-damage|p1a: Zapdos|28/100
|
|upkeep
|turn|20
|
|t:|1743783500
|move|p1a: Zapdos|Hurricane|p2a: Ogerpon
|-supereffective|p2a: Ogerpon
|-damage|p2a: Ogerpon|0 fnt
|faint|p2a: Ogerpon
|
|upkeep
|
|t:|1743783505
|switch|p2a: Weavile|Weavile, M|43/100
|-ability|p2a: Weavile|Pressure
|turn|21
|
|t:|1743783508
|move|p2a: Weavile|Ice Shard|p1a: Zapdos
|-supereffective|p1a: Zapdos
|-damage|p1a: Zapdos|0 fnt
|faint|p1a: Zapdos
|
|upkeep
|
|t:|1743783512
|switch|p1a: Excadrill|Excadrill, M|46/100
|-ability|p1a: Excadrill|Mold Breaker
|turn|22
|
|t:|1743783516
|switch|p2a: Corviknight|Corviknight, M|4/100
|-ability|p2a: Corviknight|Pressure
|move|p1a: Excadrill|Stealth Rock|p2a: Corviknight
|-sidestart|p2: Superhjkdetective|move: Stealth Rock
|
|upkeep
|turn|23
|
|t:|1743783519
|move|p1a: Excadrill|Iron Head|p2a: Corviknight
|-resisted|p2a: Corviknight
|-damage|p2a: Corviknight|0 fnt
|-damage|p1a: Excadrill|29/100|[from] item: Rocky Helmet|[of] p2a: Corviknight
|faint|p2a: Corviknight
|
|upkeep
|
|t:|1743783522
|switch|p2a: Weavile|Weavile, M|43/100
|-damage|p2a: Weavile|18/100|[from] Stealth Rock
|-ability|p2a: Weavile|Pressure
|turn|24
|
|t:|1743783524
|move|p2a: Weavile|Ice Shard|p1a: Excadrill
|-damage|p1a: Excadrill|0 fnt
|faint|p1a: Excadrill
|
|upkeep
|
|t:|1743783526
|switch|p1a: Greninja|Greninja, M|100/100
|turn|25
|
|t:|1743783539
|-terastallize|p2a: Weavile|Ice
|move|p2a: Weavile|Ice Shard|p1a: Greninja
|-resisted|p1a: Greninja
|-damage|p1a: Greninja|68/100
|move|p1a: Greninja|Water Shuriken|p2a: Weavile
|-damage|p2a: Weavile|9/100
|-damage|p2a: Weavile|0 fnt
|faint|p2a: Weavile
|-ability|p1a: Greninja|Battle Bond|boost
|-boost|p1a: Greninja|atk|1
|-boost|p1a: Greninja|spa|1
|-boost|p1a: Greninja|spe|1
|-activate|p1a: Greninja|ability: Battle Bond
|-hitcount|p2: Weavile|2
|
|upkeep
|
|t:|1743783542
|switch|p2a: Slowking|Slowking-Galar, F|100/100
|turn|26
|
|t:|1743783550
|move|p1a: Greninja|Dark Pulse|p2a: Slowking
|-supereffective|p2a: Slowking
|-damage|p2a: Slowking|40/100
|move|p2a: Slowking|Sludge Bomb|p1a: Greninja
|-damage|p1a: Greninja|11/100
|-status|p1a: Greninja|psn
|
|-damage|p1a: Greninja|0 fnt|[from] psn
|faint|p1a: Greninja
|
|win|Superhjkdetective
|raw|suparsayajin's rating: 1607 &rarr; <strong>1590</strong><br />(-17 for losing)
|raw|Superhjkdetective's rating: 1668 &rarr; <strong>1685</strong><br />(+17 for winning)
|l|☆suparsayajin
|player|p1|
|l|☆Superhjkdetective
|player|p2|
|l| liamthewalrus
