|j|☆Skakakak
|j|☆infernapedeath
|t:|1743805994
|gametype|singles
|player|p1|Skakakak|101|1173
|player|p2|infernapedeath|hiker-gen4|1143
|teamsize|p1|6
|teamsize|p2|6
|gen|9
|tier|[Gen 9] OU
|rated|
|rule|HP Percentage Mod: HP is shown in percentages
|rule|Endless Battle Clause: Forcing endless battles is banned
|rule|Species Clause: Limit one of each Pokémon
|rule|OHKO Clause: OHKO moves are banned
|rule|Evasion Items Clause: Evasion items are banned
|rule|Evasion Moves Clause: Evasion moves are banned
|rule|Sleep Moves Clause: Sleep-inducing moves are banned
|clearpoke
|poke|p1|Blissey, F|
|poke|p1|Amoonguss, M|
|poke|p1|Bronzong|
|poke|p1|Gliscor, M|
|poke|p1|Dondozo, F|
|poke|p1|Alomomola, M|
|poke|p2|Landorus-Therian, M|
|poke|p2|Dragapult, F|
|poke|p2|Araquanid, M|
|poke|p2|Kingambit, M|
|poke|p2|Raging Bolt|
|poke|p2|Conkeldurr, M|
|teampreview
|
|t:|1743806004
|start
|switch|p1a: Gliscor|Gliscor, M|100/100
|switch|p2a: Araquanid|Araquanid, M|100/100
|turn|1
|
|t:|1743806015
|move|p1a: Gliscor|Protect|p1a: Gliscor
|-singleturn|p1a: Gliscor|Protect
|move|p2a: Araquanid|Liquidation|p1a: Gliscor
|-activate|p1a: Gliscor|move: Protect
|
|-status|p1a: Gliscor|tox|[from] item: Toxic Orb
|upkeep
|turn|2
|
|t:|1743806018
|move|p1a: Gliscor|Knock Off|p2a: Araquanid
|-damage|p2a: Araquanid|77/100
|-enditem|p2a: Araquanid|Focus Sash|[from] move: Knock Off|[of] p1a: Gliscor
|move|p2a: Araquanid|Sticky Web|p1a: Gliscor
|-sidestart|p1: Skakakak|move: Sticky Web
|
|upkeep
|turn|3
|
|t:|1743806027
|switch|p1a: Amoonguss|Amoonguss, M|100/100
|move|p2a: Araquanid|Liquidation|p1a: Amoonguss
|-resisted|p1a: Amoonguss
|-damage|p1a: Amoonguss|76/100
|-unboost|p1a: Amoonguss|def|1
|
|upkeep
|turn|4
|
|t:|1743806035
|switch|p2a: Landorus|Landorus-Therian, M|100/100
|-ability|p2a: Landorus|Intimidate|boost
|-unboost|p1a: Amoonguss|atk|1
|move|p1a: Amoonguss|Toxic|p2a: Landorus
|-status|p2a: Landorus|tox
|
|-damage|p2a: Landorus|94/100 tox|[from] psn
|upkeep
|turn|5
|
|t:|1743806041
|switch|p1a: Gliscor|Gliscor, M|100/100 tox
|move|p2a: Landorus|Swords Dance|p2a: Landorus
|-boost|p2a: Landorus|atk|2
|
|-heal|p2a: Landorus|100/100 tox|[from] item: Leftovers
|-damage|p2a: Landorus|88/100 tox|[from] psn
|upkeep
|turn|6
|
|t:|1743806052
|switch|p1a: Alomomola|Alomomola, M|100/100
|move|p2a: Landorus|Stealth Rock|p1a: Alomomola
|-sidestart|p1: Skakakak|move: Stealth Rock
|
|-heal|p2a: Landorus|94/100 tox|[from] item: Leftovers
|-damage|p2a: Landorus|76/100 tox|[from] psn
|upkeep
|turn|7
|
|t:|1743806059
|switch|p2a: Raging Bolt|Raging Bolt|100/100
|-enditem|p2a: Raging Bolt|Booster Energy
|-activate|p2a: Raging Bolt|ability: Protosynthesis|[fromitem]
|-start|p2a: Raging Bolt|protosynthesisspa
|move|p1a: Alomomola|Scald|p2a: Raging Bolt
|-resisted|p2a: Raging Bolt
|-damage|p2a: Raging Bolt|95/100
|
|upkeep
|turn|8
|
|t:|1743806064
|switch|p1a: Gliscor|Gliscor, M|100/100 tox
|-damage|p1a: Gliscor|88/100 tox|[from] Stealth Rock
|move|p2a: Raging Bolt|Thunderbolt|p1a: Gliscor
|-immune|p1a: Gliscor
|
|-heal|p1a: Gliscor|100/100 tox|[from] ability: Poison Heal
|upkeep
|turn|9
|
|t:|1743806075
|move|p1a: Gliscor|Earthquake|p2a: Raging Bolt
|-supereffective|p2a: Raging Bolt
|-damage|p2a: Raging Bolt|36/100
|move|p2a: Raging Bolt|Draco Meteor|p1a: Gliscor
|-damage|p1a: Gliscor|3/100 tox
|-unboost|p2a: Raging Bolt|spa|2
|
|-heal|p1a: Gliscor|16/100 tox|[from] ability: Poison Heal
|upkeep
|turn|10
|
|t:|1743806084
|-end|p2a: Raging Bolt|Protosynthesis|[silent]
|switch|p2a: Conkeldurr|Conkeldurr, M|100/100
|move|p1a: Gliscor|Protect||[still]
|-fail|p1a: Gliscor
|
|-heal|p1a: Gliscor|28/100 tox|[from] ability: Poison Heal
|-status|p2a: Conkeldurr|brn|[from] item: Flame Orb
|upkeep
|turn|11
|
|t:|1743806094
|move|p1a: Gliscor|Protect|p1a: Gliscor
|-singleturn|p1a: Gliscor|Protect
|move|p2a: Conkeldurr|Mach Punch|p1a: Gliscor
|-activate|p1a: Gliscor|move: Protect
|
|-heal|p1a: Gliscor|41/100 tox|[from] ability: Poison Heal
|-damage|p2a: Conkeldurr|94/100 brn|[from] brn
|upkeep
|turn|12
|
|t:|1743806101
|switch|p1a: Dondozo|Dondozo, F|100/100
|move|p2a: Conkeldurr|Drain Punch|p1a: Dondozo
|-damage|p1a: Dondozo|70/100
|-heal|p2a: Conkeldurr|100/100 brn|[from] drain|[of] p1a: Dondozo
|
|-damage|p2a: Conkeldurr|94/100 brn|[from] brn
|upkeep
|turn|13
|
|t:|1743806109
|move|p2a: Conkeldurr|Knock Off|p1a: Dondozo
|-damage|p1a: Dondozo|43/100
|-enditem|p1a: Dondozo|Heavy-Duty Boots|[from] move: Knock Off|[of] p2a: Conkeldurr
|move|p1a: Dondozo|Curse|p1a: Dondozo
|-unboost|p1a: Dondozo|spe|1
|-boost|p1a: Dondozo|atk|1
|-boost|p1a: Dondozo|def|1
|
|-damage|p2a: Conkeldurr|88/100 brn|[from] brn
|upkeep
|turn|14
|
|t:|1743806116
|move|p2a: Conkeldurr|Drain Punch|p1a: Dondozo
|-damage|p1a: Dondozo|22/100
|-heal|p2a: Conkeldurr|100/100 brn|[from] drain|[of] p1a: Dondozo
|move|p1a: Dondozo|Rest|p1a: Dondozo
|-status|p1a: Dondozo|slp|[from] move: Rest
|-heal|p1a: Dondozo|100/100 slp|[silent]
|
|-damage|p2a: Conkeldurr|94/100 brn|[from] brn
|upkeep
|turn|15
|inactive|Battle timer is ON: inactive players will automatically lose when time's up. (requested by infernapedeath)
|
|t:|1743806165
|switch|p2a: Raging Bolt|Raging Bolt|36/100
|cant|p1a: Dondozo|slp
|move|p1a: Dondozo|Sleep Talk|p1a: Dondozo
|move|p1a: Dondozo|Avalanche|p2a: Raging Bolt|[from] move: Sleep Talk
|-supereffective|p2a: Raging Bolt
|-damage|p2a: Raging Bolt|2/100
|
|upkeep
|turn|16
|
|t:|1743806188
|switch|p1a: Blissey|Blissey, F|100/100
|move|p2a: Raging Bolt|Draco Meteor|p1a: Blissey
|-damage|p1a: Blissey|75/100
|-unboost|p2a: Raging Bolt|spa|2
|
|upkeep
|turn|17
|inactive|Skakakak has 120 seconds left.
|
|t:|1743806218
|-end|p2a: Raging Bolt|Protosynthesis|[silent]
|switch|p2a: Dragapult|Dragapult, F|100/100
|move|p1a: Blissey|Seismic Toss|p2a: Dragapult
|-immune|p2a: Dragapult
|
|upkeep
|turn|18
|
|t:|1743806228
|switch|p1a: Alomomola|Alomomola, M|100/100
|move|p2a: Dragapult|Dragon Dance|p2a: Dragapult
|-boost|p2a: Dragapult|atk|1
|-boost|p2a: Dragapult|spe|1
|
|upkeep
|turn|19
|
|t:|1743806234
|move|p2a: Dragapult|Dragon Dance|p2a: Dragapult
|-boost|p2a: Dragapult|atk|1
|-boost|p2a: Dragapult|spe|1
|move|p1a: Alomomola|Scald|p2a: Dragapult
|-resisted|p2a: Dragapult
|-damage|p2a: Dragapult|90/100
|
|-heal|p2a: Dragapult|96/100|[from] item: Leftovers
|upkeep
|turn|20
|
|t:|1743806239
|-terastallize|p2a: Dragapult|Dragon
|move|p2a: Dragapult|Dragon Darts|p1a: Alomomola
|-damage|p1a: Alomomola|56/100
|-anim|p2a: Dragapult|Dragon Darts|p1a: Alomomola
|-damage|p1a: Alomomola|13/100
|move|p1a: Alomomola|Scald|p2a: Dragapult
|-resisted|p2a: Dragapult
|-damage|p2a: Dragapult|87/100
|-status|p2a: Dragapult|brn
|
|-heal|p2a: Dragapult|93/100 brn|[from] item: Leftovers
|-damage|p2a: Dragapult|87/100 brn|[from] brn
|upkeep
|turn|21
|
|t:|1743806250
|switch|p1a: Dondozo|Dondozo, F|100/100 slp
|-activate|p1a: Dondozo|move: Sticky Web
|-unboost|p1a: Dondozo|spe|1
|-damage|p1a: Dondozo|88/100 slp|[from] Stealth Rock
|move|p2a: Dragapult|Dragon Dance|p2a: Dragapult
|-boost|p2a: Dragapult|atk|1
|-boost|p2a: Dragapult|spe|1
|
|-heal|p2a: Dragapult|93/100 brn|[from] item: Leftovers
|-damage|p2a: Dragapult|87/100 brn|[from] brn
|upkeep
|turn|22
|
|t:|1743806254
|move|p2a: Dragapult|Dragon Dance|p2a: Dragapult
|-boost|p2a: Dragapult|atk|1
|-boost|p2a: Dragapult|spe|1
|cant|p1a: Dondozo|slp
|move|p1a: Dondozo|Sleep Talk|p1a: Dondozo
|move|p1a: Dondozo|Rest||[from] move: Sleep Talk|[still]
|-fail|p1a: Dondozo
|
|-heal|p2a: Dragapult|93/100 brn|[from] item: Leftovers
|-damage|p2a: Dragapult|87/100 brn|[from] brn
|upkeep
|turn|23
|
|t:|1743806263
|move|p2a: Dragapult|Dragon Dance|p2a: Dragapult
|-boost|p2a: Dragapult|atk|1
|-boost|p2a: Dragapult|spe|1
|-curestatus|p1a: Dondozo|slp|[msg]
|move|p1a: Dondozo|Avalanche|p2a: Dragapult
|-supereffective|p2a: Dragapult
|-damage|p2a: Dragapult|52/100 brn
|
|-heal|p2a: Dragapult|58/100 brn|[from] item: Leftovers
|-damage|p2a: Dragapult|52/100 brn|[from] brn
|upkeep
|turn|24
|
|t:|1743806274
|move|p2a: Dragapult|Dragon Darts|p1a: Dondozo
|-damage|p1a: Dondozo|80/100
|-anim|p2a: Dragapult|Dragon Darts|p1a: Dondozo
|-crit|p1a: Dondozo
|-damage|p1a: Dondozo|68/100
|move|p1a: Dondozo|Avalanche|p2a: Dragapult
|-supereffective|p2a: Dragapult
|-damage|p2a: Dragapult|0 fnt
|faint|p2a: Dragapult
|
|upkeep
|
|t:|1743806293
|switch|p2a: Raging Bolt|Raging Bolt|2/100
|turn|25
|
|t:|1743806299
|-end|p2a: Raging Bolt|Protosynthesis|[silent]
|switch|p2a: Conkeldurr|Conkeldurr, M|94/100 brn
|switch|p1a: Blissey|Blissey, F|75/100
|
|-damage|p2a: Conkeldurr|88/100 brn|[from] brn
|upkeep
|turn|26
|
|t:|1743806317
|switch|p1a: Gliscor|Gliscor, M|41/100 tox
|-damage|p1a: Gliscor|28/100 tox|[from] Stealth Rock
|move|p2a: Conkeldurr|Knock Off|p1a: Gliscor
|-damage|p1a: Gliscor|0 fnt
|-enditem|p1a: Gliscor|Toxic Orb|[from] move: Knock Off|[of] p2a: Conkeldurr
|faint|p1a: Gliscor
|
|-damage|p2a: Conkeldurr|82/100 brn|[from] brn
|upkeep
|
|t:|1743806322
|switch|p1a: Dondozo|Dondozo, F|68/100
|-activate|p1a: Dondozo|move: Sticky Web
|-unboost|p1a: Dondozo|spe|1
|-damage|p1a: Dondozo|56/100|[from] Stealth Rock
|turn|27
|
|t:|1743806330
|move|p2a: Conkeldurr|Knock Off|p1a: Dondozo
|-damage|p1a: Dondozo|37/100
|move|p1a: Dondozo|Curse|p1a: Dondozo
|-unboost|p1a: Dondozo|spe|1
|-boost|p1a: Dondozo|atk|1
|-boost|p1a: Dondozo|def|1
|
|-damage|p2a: Conkeldurr|76/100 brn|[from] brn
|upkeep
|turn|28
|
|t:|1743806335
|move|p2a: Conkeldurr|Drain Punch|p1a: Dondozo
|-damage|p1a: Dondozo|17/100
|-heal|p2a: Conkeldurr|88/100 brn|[from] drain|[of] p1a: Dondozo
|move|p1a: Dondozo|Rest|p1a: Dondozo
|-status|p1a: Dondozo|slp|[from] move: Rest
|-heal|p1a: Dondozo|100/100 slp|[silent]
|
|-damage|p2a: Conkeldurr|82/100 brn|[from] brn
|upkeep
|turn|29
|
|t:|1743806343
|move|p2a: Conkeldurr|Bulk Up|p2a: Conkeldurr
|-boost|p2a: Conkeldurr|atk|1
|-boost|p2a: Conkeldurr|def|1
|cant|p1a: Dondozo|slp
|move|p1a: Dondozo|Sleep Talk|p1a: Dondozo
|move|p1a: Dondozo|Avalanche|p2a: Conkeldurr|[from] move: Sleep Talk
|-damage|p2a: Conkeldurr|65/100 brn
|
|-damage|p2a: Conkeldurr|59/100 brn|[from] brn
|upkeep
|turn|30
|
|t:|1743806357
|move|p2a: Conkeldurr|Bulk Up|p2a: Conkeldurr
|-boost|p2a: Conkeldurr|atk|1
|-boost|p2a: Conkeldurr|def|1
|cant|p1a: Dondozo|slp
|move|p1a: Dondozo|Sleep Talk|p1a: Dondozo
|move|p1a: Dondozo|Avalanche|p2a: Conkeldurr|[from] move: Sleep Talk
|-damage|p2a: Conkeldurr|40/100 brn
|
|-damage|p2a: Conkeldurr|34/100 brn|[from] brn
|upkeep
|turn|31
|
|t:|1743806367
|move|p2a: Conkeldurr|Drain Punch|p1a: Dondozo
|-damage|p1a: Dondozo|82/100 slp
|-heal|p2a: Conkeldurr|45/100 brn|[from] drain|[of] p1a: Dondozo
|-curestatus|p1a: Dondozo|slp|[msg]
|move|p1a: Dondozo|Avalanche|p2a: Conkeldurr
|-damage|p2a: Conkeldurr|11/100 brn
|
|-damage|p2a: Conkeldurr|5/100 brn|[from] brn
|upkeep
|turn|32
|
|t:|1743806383
|move|p2a: Conkeldurr|Drain Punch|p1a: Dondozo
|-damage|p1a: Dondozo|63/100
|-heal|p2a: Conkeldurr|16/100 brn|[from] drain|[of] p1a: Dondozo
|move|p1a: Dondozo|Avalanche|p2a: Conkeldurr
|-damage|p2a: Conkeldurr|0 fnt
|faint|p2a: Conkeldurr
|
|upkeep
|
|t:|1743806390
|switch|p2a: Raging Bolt|Raging Bolt|2/100
|turn|33
|
|t:|1743806395
|switch|p1a: Blissey|Blissey, F|75/100
|move|p2a: Raging Bolt|Thunderbolt|p1a: Blissey
|-damage|p1a: Blissey|57/100
|-status|p1a: Blissey|par
|
|upkeep
|turn|34
|
|t:|1743806401
|-end|p2a: Raging Bolt|Protosynthesis|[silent]
|switch|p2a: Kingambit|Kingambit, M|100/100
|-activate|p2a: Kingambit|ability: Supreme Overlord
|-start|p2a: Kingambit|fallen2|[silent]
|move|p1a: Blissey|Soft-Boiled|p1a: Blissey
|-heal|p1a: Blissey|100/100 par
|
|upkeep
|turn|35
|
|t:|1743806411
|-curestatus|p1a: Blissey|par|[from] ability: Natural Cure
|switch|p1a: Dondozo|Dondozo, F|63/100
|-activate|p1a: Dondozo|move: Sticky Web
|-unboost|p1a: Dondozo|spe|1
|-damage|p1a: Dondozo|50/100|[from] Stealth Rock
|move|p2a: Kingambit|Swords Dance|p2a: Kingambit
|-boost|p2a: Kingambit|atk|2
|
|upkeep
|turn|36
|
|t:|1743806418
|move|p2a: Kingambit|Swords Dance|p2a: Kingambit
|-boost|p2a: Kingambit|atk|2
|move|p1a: Dondozo|Rest|p1a: Dondozo
|-status|p1a: Dondozo|slp|[from] move: Rest
|-heal|p1a: Dondozo|100/100 slp|[silent]
|
|upkeep
|turn|37
|
|t:|1743806422
|move|p2a: Kingambit|Kowtow Cleave|p1a: Dondozo
|-damage|p1a: Dondozo|70/100 slp
|cant|p1a: Dondozo|slp
|move|p1a: Dondozo|Sleep Talk|p1a: Dondozo
|move|p1a: Dondozo|Rest||[from] move: Sleep Talk|[still]
|-fail|p1a: Dondozo
|
|upkeep
|turn|38
|
|t:|1743806430
|move|p2a: Kingambit|Swords Dance|p2a: Kingambit
|-boost|p2a: Kingambit|atk|2
|cant|p1a: Dondozo|slp
|move|p1a: Dondozo|Sleep Talk|p1a: Dondozo
|move|p1a: Dondozo|Rest||[from] move: Sleep Talk|[still]
|-fail|p1a: Dondozo
|
|upkeep
|turn|39
|
|t:|1743806436
|move|p2a: Kingambit|Kowtow Cleave|p1a: Dondozo
|-damage|p1a: Dondozo|38/100 slp
|-curestatus|p1a: Dondozo|slp|[msg]
|move|p1a: Dondozo|Curse|p1a: Dondozo
|-unboost|p1a: Dondozo|spe|1
|-boost|p1a: Dondozo|atk|1
|-boost|p1a: Dondozo|def|1
|
|upkeep
|turn|40
|
|t:|1743806442
|move|p2a: Kingambit|Kowtow Cleave|p1a: Dondozo
|-damage|p1a: Dondozo|17/100
|move|p1a: Dondozo|Rest|p1a: Dondozo
|-status|p1a: Dondozo|slp|[from] move: Rest
|-heal|p1a: Dondozo|100/100 slp|[silent]
|
|upkeep
|turn|41
|
|t:|1743806451
|move|p2a: Kingambit|Kowtow Cleave|p1a: Dondozo
|-damage|p1a: Dondozo|78/100 slp
|cant|p1a: Dondozo|slp
|move|p1a: Dondozo|Sleep Talk|p1a: Dondozo
|move|p1a: Dondozo|Avalanche|p2a: Kingambit|[from] move: Sleep Talk
|-resisted|p2a: Kingambit
|-damage|p2a: Kingambit|85/100
|
|upkeep
|turn|42
|
|t:|1743806460
|move|p2a: Kingambit|Iron Head|p1a: Dondozo
|-resisted|p1a: Dondozo
|-damage|p1a: Dondozo|69/100 slp
|cant|p1a: Dondozo|slp
|cant|p1a: Dondozo|flinch
|
|upkeep
|turn|43
|
|t:|1743806468
|move|p2a: Kingambit|Kowtow Cleave|p1a: Dondozo
|-damage|p1a: Dondozo|49/100 slp
|-curestatus|p1a: Dondozo|slp|[msg]
|move|p1a: Dondozo|Curse|p1a: Dondozo
|-unboost|p1a: Dondozo|spe|1
|-boost|p1a: Dondozo|atk|1
|-boost|p1a: Dondozo|def|1
|
|upkeep
|turn|44
|
|t:|1743806474
|move|p2a: Kingambit|Kowtow Cleave|p1a: Dondozo
|-damage|p1a: Dondozo|34/100
|move|p1a: Dondozo|Curse|p1a: Dondozo
|-unboost|p1a: Dondozo|spe|1
|-boost|p1a: Dondozo|atk|1
|-boost|p1a: Dondozo|def|1
|
|upkeep
|turn|45
|
|t:|1743806481
|move|p2a: Kingambit|Iron Head|p1a: Dondozo
|-resisted|p1a: Dondozo
|-damage|p1a: Dondozo|28/100
|cant|p1a: Dondozo|flinch
|
|upkeep
|turn|46
|
|t:|1743806485
|move|p2a: Kingambit|Iron Head|p1a: Dondozo
|-resisted|p1a: Dondozo
|-damage|p1a: Dondozo|23/100
|move|p1a: Dondozo|Rest|p1a: Dondozo
|-status|p1a: Dondozo|slp|[from] move: Rest
|-heal|p1a: Dondozo|100/100 slp|[silent]
|
|upkeep
|turn|47
|
|t:|1743806493
|-end|p2a: Kingambit|fallen2|[silent]
|switch|p2a: Raging Bolt|Raging Bolt|2/100
|cant|p1a: Dondozo|slp
|move|p1a: Dondozo|Sleep Talk|p1a: Dondozo
|move|p1a: Dondozo|Rest||[from] move: Sleep Talk|[still]
|-fail|p1a: Dondozo
|
|upkeep
|turn|48
|
|t:|1743806503
|switch|p1a: Blissey|Blissey, F|100/100
|move|p2a: Raging Bolt|Thunderbolt|p1a: Blissey
|-damage|p1a: Blissey|83/100
|
|upkeep
|turn|49
|
|t:|1743806514
|-end|p2a: Raging Bolt|Protosynthesis|[silent]
|switch|p2a: Kingambit|Kingambit, M|85/100
|-activate|p2a: Kingambit|ability: Supreme Overlord
|-start|p2a: Kingambit|fallen2|[silent]
|move|p1a: Blissey|Flamethrower|p2a: Kingambit
|-supereffective|p2a: Kingambit
|-damage|p2a: Kingambit|53/100
|
|upkeep
|turn|50
|
|t:|1743806521
|switch|p1a: Dondozo|Dondozo, F|100/100 slp
|-activate|p1a: Dondozo|move: Sticky Web
|-unboost|p1a: Dondozo|spe|1
|-damage|p1a: Dondozo|88/100 slp|[from] Stealth Rock
|move|p2a: Kingambit|Swords Dance|p2a: Kingambit
|-boost|p2a: Kingambit|atk|2
|
|upkeep
|turn|51
|
|t:|1743806531
|move|p2a: Kingambit|Kowtow Cleave|p1a: Dondozo
|-damage|p1a: Dondozo|55/100 slp
|cant|p1a: Dondozo|slp
|move|p1a: Dondozo|Sleep Talk|p1a: Dondozo
|move|p1a: Dondozo|Curse|p1a: Dondozo|[from] move: Sleep Talk
|-unboost|p1a: Dondozo|spe|1
|-boost|p1a: Dondozo|atk|1
|-boost|p1a: Dondozo|def|1
|
|upkeep
|turn|52
|
|t:|1743806539
|move|p2a: Kingambit|Kowtow Cleave|p1a: Dondozo
|-damage|p1a: Dondozo|32/100 slp
|-curestatus|p1a: Dondozo|slp|[msg]
|move|p1a: Dondozo|Curse|p1a: Dondozo
|-unboost|p1a: Dondozo|spe|1
|-boost|p1a: Dondozo|atk|1
|-boost|p1a: Dondozo|def|1
|
|upkeep
|turn|53
|
|t:|1743806546
|move|p2a: Kingambit|Kowtow Cleave|p1a: Dondozo
|-damage|p1a: Dondozo|16/100
|move|p1a: Dondozo|Avalanche|p2a: Kingambit
|-resisted|p2a: Kingambit
|-damage|p2a: Kingambit|31/100
|
|upkeep
|turn|54
|
|t:|1743806551
|move|p2a: Kingambit|Kowtow Cleave|p1a: Dondozo
|-damage|p1a: Dondozo|0 fnt
|faint|p1a: Dondozo
|
|upkeep
|
|t:|1743806563
|switch|p1a: Amoonguss|Amoonguss, M|100/100
|turn|55
|
|t:|1743806567
|move|p2a: Kingambit|Swords Dance|p2a: Kingambit
|-boost|p2a: Kingambit|atk|2
|move|p1a: Amoonguss|Foul Play|p2a: Kingambit
|-resisted|p2a: Kingambit
|-damage|p2a: Kingambit|0 fnt
|faint|p2a: Kingambit
|-end|p2a: Kingambit|fallen2|[silent]
|
|upkeep
|
|t:|1743806573
|switch|p2a: Landorus|Landorus-Therian, M|76/100 tox
|-ability|p2a: Landorus|Intimidate|boost
|-unboost|p1a: Amoonguss|atk|1
|turn|56
|
|t:|1743806580
|move|p2a: Landorus|Earthquake|p1a: Amoonguss
|-damage|p1a: Amoonguss|65/100
|move|p1a: Amoonguss|Foul Play|p2a: Landorus
|-damage|p2a: Landorus|42/100 tox
|
|-heal|p2a: Landorus|48/100 tox|[from] item: Leftovers
|-damage|p2a: Landorus|42/100 tox|[from] psn
|upkeep
|turn|57
|
|t:|1743806586
|move|p2a: Landorus|Rock Slide|p1a: Amoonguss
|-damage|p1a: Amoonguss|48/100
|move|p1a: Amoonguss|Synthesis|p1a: Amoonguss
|-heal|p1a: Amoonguss|97/100
|
|-heal|p2a: Landorus|48/100 tox|[from] item: Leftovers
|-damage|p2a: Landorus|36/100 tox|[from] psn
|upkeep
|turn|58
|-message|infernapedeath forfeited.
|
|win|Skakakak
|raw|Skakakak's rating: 1173 &rarr; <strong>1196</strong><br />(+23 for winning)
|raw|infernapedeath's rating: 1143 &rarr; <strong>1120</strong><br />(-23 for losing)
|l|☆infernapedeath
|player|p2|
