|j|☆leihuo
|j|☆YaBoiDon
|t:|1743843039
|gametype|singles
|player|p1|leihuo|170|1244
|player|p2|YaBoiDon|2|1231
|teamsize|p1|6
|teamsize|p2|6
|gen|9
|tier|[Gen 9] OU
|rated|
|rule|HP Percentage Mod: HP is shown in percentages
|rule|Endless Battle Clause: Forcing endless battles is banned
|rule|Species Clause: Limit one of each Pokémon
|rule|OHKO Clause: OHKO moves are banned
|rule|Evasion Items Clause: Evasion items are banned
|rule|Evasion Moves Clause: Evasion moves are banned
|rule|Sleep Moves Clause: Sleep-inducing moves are banned
|clearpoke
|poke|p1|Great Tusk|
|poke|p1|Ninetales, F|
|poke|p1|Kingambit, F|
|poke|p1|Walking Wake|
|poke|p1|Pecharunt|
|poke|p1|Arcanine-Hisui, F|
|poke|p2|Incineroar, M|
|poke|p2|Lycanroc-Dusk, F|
|poke|p2|Ninetales-Alola, F|
|poke|p2|Kommo-o, F|
|poke|p2|Mimikyu, M|
|poke|p2|Primarina, M|
|teampreview
|
|t:|1743843051
|start
|switch|p1a: Ninetales|Ninetales, F|100/100
|switch|p2a: Incineroar|Incineroar, M|100/100
|-weather|SunnyDay|[from] ability: Drought|[of] p1a: Ninetales
|-ability|p2a: Incineroar|Intimidate|boost
|-unboost|p1a: Ninetales|atk|1
|turn|1
|
|t:|1743843069
|switch|p1a: Walking Wake|Walking Wake|100/100
|-activate|p1a: Walking Wake|ability: Protosynthesis
|-start|p1a: Walking Wake|protosynthesisspa
|move|p2a: Incineroar|Knock Off|p1a: Walking Wake
|-damage|p1a: Walking Wake|60/100
|-enditem|p1a: Walking Wake|Life Orb|[from] move: Knock Off|[of] p2a: Incineroar
|
|-weather|SunnyDay|[upkeep]
|upkeep
|turn|2
|
|t:|1743843086
|switch|p2a: Ninetales|Ninetales-Alola, F|100/100
|-weather|Snowscape|[from] ability: Snow Warning|[of] p2a: Ninetales
|-end|p1a: Walking Wake|Protosynthesis
|move|p1a: Walking Wake|Hydro Steam|p2a: Ninetales
|-crit|p2a: Ninetales
|-damage|p2a: Ninetales|18/100
|
|-weather|Snowscape|[upkeep]
|upkeep
|turn|3
|
|t:|1743843124
|switch|p2a: Primarina|Primarina, M|100/100
|-end|p1a: Walking Wake|Protosynthesis|[silent]
|switch|p1a: Ninetales|Ninetales, F|100/100
|-weather|SunnyDay|[from] ability: Drought|[of] p1a: Ninetales
|
|-weather|SunnyDay|[upkeep]
|upkeep
|turn|4
|
|t:|1743843142
|switch|p1a: Pecharunt|Pecharunt|100/100
|switch|p2a: Incineroar|Incineroar, M|100/100
|-ability|p2a: Incineroar|Intimidate|boost
|-unboost|p1a: Pecharunt|atk|1
|
|-weather|SunnyDay|[upkeep]
|upkeep
|turn|5
|
|t:|1743843159
|move|p1a: Pecharunt|Parting Shot|p2a: Incineroar
|-unboost|p2a: Incineroar|atk|1
|-unboost|p2a: Incineroar|spa|1
|
|t:|1743843165
|switch|p1a: Walking Wake|Walking Wake|60/100|[from] Parting Shot
|-activate|p1a: Walking Wake|ability: Protosynthesis
|-start|p1a: Walking Wake|protosynthesisspa
|move|p2a: Incineroar|Knock Off|p1a: Walking Wake
|-damage|p1a: Walking Wake|42/100
|
|-weather|SunnyDay|[upkeep]
|upkeep
|turn|6
|
|t:|1743843180
|switch|p2a: Primarina|Primarina, M|100/100
|move|p1a: Walking Wake|Hydro Steam|p2a: Primarina
|-resisted|p2a: Primarina
|-damage|p2a: Primarina|78/100
|
|-weather|SunnyDay|[upkeep]
|upkeep
|turn|7
|
|t:|1743843190
|move|p1a: Walking Wake|Hydro Steam|p2a: Primarina
|-resisted|p2a: Primarina
|-damage|p2a: Primarina|52/100
|move|p2a: Primarina|Moonblast|p1a: Walking Wake
|-supereffective|p1a: Walking Wake
|-damage|p1a: Walking Wake|0 fnt
|faint|p1a: Walking Wake
|-end|p1a: Walking Wake|Protosynthesis|[silent]
|
|-weather|SunnyDay|[upkeep]
|upkeep
|
|t:|1743843197
|switch|p1a: Arcanine|Arcanine-Hisui, F|100/100
|turn|8
|
|t:|1743843218
|-terastallize|p1a: Arcanine|Fire
|move|p1a: Arcanine|Flare Blitz|p2a: Primarina
|-resisted|p2a: Primarina
|-damage|p2a: Primarina|0 fnt
|faint|p2a: Primarina
|
|-weather|SunnyDay|[upkeep]
|upkeep
|
|t:|1743843237
|switch|p2a: Incineroar|Incineroar, M|100/100
|-ability|p2a: Incineroar|Intimidate|boost
|-unboost|p1a: Arcanine|atk|1
|turn|9
|
|t:|1743843246
|move|p1a: Arcanine|Flare Blitz|p2a: Incineroar
|-resisted|p2a: Incineroar
|-damage|p2a: Incineroar|61/100
|move|p2a: Incineroar|Knock Off|p1a: Arcanine
|-damage|p1a: Arcanine|51/100
|-enditem|p1a: Arcanine|Choice Band|[from] move: Knock Off|[of] p2a: Incineroar
|
|-weather|SunnyDay|[upkeep]
|upkeep
|turn|10
|
|t:|1743843267
|switch|p2a: Lycanroc|Lycanroc-Dusk, F|100/100
|move|p1a: Arcanine|Head Smash|p2a: Lycanroc
|-damage|p2a: Lycanroc|14/100
|
|-weather|none
|upkeep
|turn|11
|
|t:|1743843280
|switch|p1a: Pecharunt|Pecharunt|100/100
|move|p2a: Lycanroc|Drill Run|p1a: Pecharunt
|-supereffective|p1a: Pecharunt
|-damage|p1a: Pecharunt|50/100
|-damage|p2a: Lycanroc|4/100|[from] item: Life Orb
|
|upkeep
|turn|12
|
|t:|1743843293
|move|p2a: Lycanroc|Drill Run|p1a: Pecharunt
|-supereffective|p1a: Pecharunt
|-damage|p1a: Pecharunt|0 fnt
|faint|p1a: Pecharunt
|-damage|p2a: Lycanroc|0 fnt|[from] item: Life Orb
|faint|p2a: Lycanroc
|
|upkeep
|
|t:|1743843311
|switch|p2a: Incineroar|Incineroar, M|61/100
|switch|p1a: Arcanine|Arcanine-Hisui, F, tera:Fire|51/100
|-ability|p2a: Incineroar|Intimidate|boost
|-unboost|p1a: Arcanine|atk|1
|turn|13
|
|t:|1743843336
|switch|p2a: Kommo-o|Kommo-o, F|100/100
|move|p1a: Arcanine|Head Smash|p2a: Kommo-o|[miss]
|-miss|p1a: Arcanine|p2a: Kommo-o
|
|upkeep
|turn|14
|
|t:|1743843345
|move|p1a: Arcanine|Flare Blitz|p2a: Kommo-o
|-resisted|p2a: Kommo-o
|-damage|p2a: Kommo-o|77/100
|move|p2a: Kommo-o|Clangorous Soul|p2a: Kommo-o
|-boost|p2a: Kommo-o|atk|1
|-boost|p2a: Kommo-o|def|1
|-boost|p2a: Kommo-o|spa|1
|-boost|p2a: Kommo-o|spd|1
|-boost|p2a: Kommo-o|spe|1
|-damage|p2a: Kommo-o|44/100
|-enditem|p2a: Kommo-o|Sitrus Berry|[eat]
|-heal|p2a: Kommo-o|69/100|[from] item: Sitrus Berry
|
|upkeep
|turn|15
|
|t:|1743843360
|move|p2a: Kommo-o|Clangorous Soul|p2a: Kommo-o
|-boost|p2a: Kommo-o|atk|1
|-boost|p2a: Kommo-o|def|1
|-boost|p2a: Kommo-o|spa|1
|-boost|p2a: Kommo-o|spd|1
|-boost|p2a: Kommo-o|spe|1
|-damage|p2a: Kommo-o|36/100
|move|p1a: Arcanine|Double-Edge|p2a: Kommo-o
|-damage|p2a: Kommo-o|24/100
|
|upkeep
|turn|16
|
|t:|1743843364
|move|p2a: Kommo-o|Drain Punch|p1a: Arcanine
|-damage|p1a: Arcanine|0 fnt
|-heal|p2a: Kommo-o|53/100|[from] drain|[of] p1a: Arcanine
|faint|p1a: Arcanine
|
|upkeep
|
|t:|1743843368
|switch|p1a: Ninetales|Ninetales, F|100/100
|-weather|SunnyDay|[from] ability: Drought|[of] p1a: Ninetales
|turn|17
|
|t:|1743843374
|move|p2a: Kommo-o|Drain Punch|p1a: Ninetales
|-damage|p1a: Ninetales|20/100
|-heal|p2a: Kommo-o|93/100|[from] drain|[of] p1a: Ninetales
|move|p1a: Ninetales|Memento|p2a: Kommo-o
|-unboost|p2a: Kommo-o|atk|2
|-unboost|p2a: Kommo-o|spa|2
|faint|p1a: Ninetales
|
|-weather|SunnyDay|[upkeep]
|upkeep
|
|t:|1743843378
|switch|p1a: Great Tusk|Great Tusk|100/100
|-activate|p1a: Great Tusk|ability: Protosynthesis
|-start|p1a: Great Tusk|protosynthesisatk
|turn|18
|
|t:|1743843385
|move|p2a: Kommo-o|Clangorous Soul|p2a: Kommo-o
|-boost|p2a: Kommo-o|atk|1
|-boost|p2a: Kommo-o|def|1
|-boost|p2a: Kommo-o|spa|1
|-boost|p2a: Kommo-o|spd|1
|-boost|p2a: Kommo-o|spe|1
|-damage|p2a: Kommo-o|60/100
|move|p1a: Great Tusk|Ice Spinner|p2a: Kommo-o
|-supereffective|p2a: Kommo-o
|-damage|p2a: Kommo-o|30/100
|
|-weather|SunnyDay|[upkeep]
|upkeep
|turn|19
|
|t:|1743843406
|move|p2a: Kommo-o|Drain Punch|p1a: Great Tusk
|-damage|p1a: Great Tusk|71/100
|-heal|p2a: Kommo-o|49/100|[from] drain|[of] p1a: Great Tusk
|move|p1a: Great Tusk|Ice Spinner|p2a: Kommo-o
|-supereffective|p2a: Kommo-o
|-crit|p2a: Kommo-o
|-damage|p2a: Kommo-o|0 fnt
|faint|p2a: Kommo-o
|
|-weather|SunnyDay|[upkeep]
|-heal|p1a: Great Tusk|77/100|[from] item: Leftovers
|upkeep
|
|t:|1743843415
|switch|p2a: Ninetales|Ninetales-Alola, F|18/100
|-weather|Snowscape|[from] ability: Snow Warning|[of] p2a: Ninetales
|-end|p1a: Great Tusk|Protosynthesis
|turn|20
|
|t:|1743843427
|move|p2a: Ninetales|Moonblast|p1a: Great Tusk
|-supereffective|p1a: Great Tusk
|-damage|p1a: Great Tusk|0 fnt
|faint|p1a: Great Tusk
|-end|p1a: Great Tusk|Protosynthesis|[silent]
|
|-weather|Snowscape|[upkeep]
|upkeep
|
|t:|1743843430
|switch|p1a: Kingambit|Kingambit, F|100/100
|-activate|p1a: Kingambit|ability: Supreme Overlord
|-start|p1a: Kingambit|fallen5|[silent]
|turn|21
|
|t:|1743843436
|move|p2a: Ninetales|Aurora Veil|p2a: Ninetales
|-sidestart|p2: YaBoiDon|move: Aurora Veil
|move|p1a: Kingambit|Kowtow Cleave|p2a: Ninetales
|-resisted|p2a: Ninetales
|-damage|p2a: Ninetales|0 fnt
|faint|p2a: Ninetales
|
|-weather|Snowscape|[upkeep]
|upkeep
|
|t:|1743843440
|switch|p2a: Incineroar|Incineroar, M|61/100
|-ability|p2a: Incineroar|Intimidate|boost
|-unboost|p1a: Kingambit|atk|1
|turn|22
|
|t:|1743843453
|move|p2a: Incineroar|Will-O-Wisp|p1a: Kingambit
|-status|p1a: Kingambit|brn
|move|p1a: Kingambit|Swords Dance|p1a: Kingambit
|-boost|p1a: Kingambit|atk|2
|
|-weather|Snowscape|[upkeep]
|-damage|p1a: Kingambit|94/100 brn|[from] brn
|upkeep
|turn|23
|
|t:|1743843460
|move|p2a: Incineroar|Knock Off|p1a: Kingambit
|-resisted|p1a: Kingambit
|-damage|p1a: Kingambit|81/100 brn
|-enditem|p1a: Kingambit|Black Glasses|[from] move: Knock Off|[of] p2a: Incineroar
|move|p1a: Kingambit|Swords Dance|p1a: Kingambit
|-boost|p1a: Kingambit|atk|2
|
|-weather|Snowscape|[upkeep]
|-damage|p1a: Kingambit|75/100 brn|[from] brn
|upkeep
|turn|24
|
|t:|1743843464
|move|p2a: Incineroar|Flare Blitz|p1a: Kingambit
|-supereffective|p1a: Kingambit
|-damage|p1a: Kingambit|5/100 brn
|-damage|p2a: Incineroar|38/100|[from] Recoil
|move|p1a: Kingambit|Swords Dance|p1a: Kingambit
|-boost|p1a: Kingambit|atk|2
|
|-weather|none
|-damage|p1a: Kingambit|0 fnt|[from] brn
|faint|p1a: Kingambit
|-end|p1a: Kingambit|fallen5|[silent]
|
|win|YaBoiDon
|raw|leihuo's rating: 1244 &rarr; <strong>1218</strong><br />(-26 for losing)
|raw|YaBoiDon's rating: 1231 &rarr; <strong>1257</strong><br />(+26 for winning)
|l|☆leihuo
|player|p1|
|l|☆YaBoiDon
|player|p2|
