|j|☆Meagles10
|j|☆WBAMO!
|t:|1743921288
|gametype|singles
|player|p1|Meagles10|266|1264
|player|p2|WBAMO!|1|1214
|teamsize|p1|6
|teamsize|p2|6
|gen|9
|tier|[Gen 9] OU
|rated|
|rule|HP Percentage Mod: HP is shown in percentages
|rule|Endless Battle Clause: Forcing endless battles is banned
|rule|Species Clause: Limit one of each Pokémon
|rule|OHKO Clause: OHKO moves are banned
|rule|Evasion Items Clause: Evasion items are banned
|rule|Evasion Moves Clause: Evasion moves are banned
|rule|Sleep Moves Clause: Sleep-inducing moves are banned
|clearpoke
|poke|p1|Alomomola, F|
|poke|p1|Darkrai|
|poke|p1|Corviknight, M|
|poke|p1|Landorus-Therian, M|
|poke|p1|Hoopa-Unbound|
|poke|p1|Blastoise, M|
|poke|p2|Iron Treads|
|poke|p2|Great Tusk|
|poke|p2|Iron Moth|
|poke|p2|Slither Wing|
|poke|p2|Iron Boulder|
|poke|p2|Garchomp, F|
|teampreview
|
|t:|1743921304
|start
|switch|p1a: Landorus|Landorus-Therian, M|100/100
|switch|p2a: Garchomp|Garchomp, F, shiny|100/100
|-ability|p1a: Landorus|Intimidate|boost
|-unboost|p2a: Garchomp|atk|1
|turn|1
|inactive|Battle timer is ON: inactive players will automatically lose when time's up. (requested by Meagles10)
|
|t:|1743921312
|move|p1a: Landorus|Earthquake|p2a: Garchomp
|-damage|p2a: Garchomp|38/100
|move|p2a: Garchomp|Swords Dance|p2a: Garchomp
|-boost|p2a: Garchomp|atk|2
|
|upkeep
|turn|2
|
|t:|1743921318
|move|p1a: Landorus|Earthquake|p2a: Garchomp
|-damage|p2a: Garchomp|0 fnt
|faint|p2a: Garchomp
|
|upkeep
|
|t:|1743921322
|switch|p2a: Iron Treads|Iron Treads, shiny|100/100
|-enditem|p2a: Iron Treads|Booster Energy
|-activate|p2a: Iron Treads|ability: Quark Drive|[fromitem]
|-start|p2a: Iron Treads|quarkdrivespe
|turn|3
|
|t:|1743921337
|switch|p1a: Corviknight|Corviknight, M|100/100
|-ability|p1a: Corviknight|Pressure
|move|p2a: Iron Treads|Ice Spinner|p1a: Corviknight
|-damage|p1a: Corviknight|86/100
|-damage|p2a: Iron Treads|84/100|[from] item: Rocky Helmet|[of] p1a: Corviknight
|
|upkeep
|turn|4
|
|t:|1743921346
|move|p2a: Iron Treads|Stealth Rock|p1a: Corviknight
|-sidestart|p1: Meagles10|move: Stealth Rock
|move|p1a: Corviknight|U-turn|p2a: Iron Treads
|-resisted|p2a: Iron Treads
|-damage|p2a: Iron Treads|77/100
|
|t:|1743921360
|switch|p1a: Hoopa|Hoopa-Unbound|100/100|[from] U-turn
|-damage|p1a: Hoopa|88/100|[from] Stealth Rock
|
|upkeep
|turn|5
|
|t:|1743921365
|move|p2a: Iron Treads|Earthquake|p1a: Hoopa
|-damage|p1a: Hoopa|31/100
|move|p1a: Hoopa|Drain Punch|p2a: Iron Treads
|-supereffective|p2a: Iron Treads
|-damage|p2a: Iron Treads|30/100
|-heal|p1a: Hoopa|52/100|[from] drain|[of] p2a: Iron Treads
|
|upkeep
|turn|6
|
|t:|1743921375
|switch|p1a: Corviknight|Corviknight, M|86/100
|-damage|p1a: Corviknight|73/100|[from] Stealth Rock
|-ability|p1a: Corviknight|Pressure
|move|p2a: Iron Treads|Earthquake|p1a: Corviknight
|-immune|p1a: Corviknight
|
|upkeep
|turn|7
|
|t:|1743921383
|-end|p2a: Iron Treads|Quark Drive|[silent]
|switch|p2a: Iron Moth|Iron Moth|100/100
|-enditem|p2a: Iron Moth|Booster Energy
|-activate|p2a: Iron Moth|ability: Quark Drive|[fromitem]
|-start|p2a: Iron Moth|quarkdrivespa
|move|p1a: Corviknight|Defog|p2a: Iron Moth
|-unboost|p2a: Iron Moth|evasion|1
|-sideend|p1: Meagles10|Stealth Rock|[from] move: Defog|[of] p1a: Corviknight
|
|upkeep
|turn|8
|
|t:|1743921397
|move|p2a: Iron Moth|Substitute|p2a: Iron Moth
|-start|p2a: Iron Moth|Substitute
|-damage|p2a: Iron Moth|76/100
|move|p1a: Corviknight|U-turn|p2a: Iron Moth
|-resisted|p2a: Iron Moth
|-activate|p2a: Iron Moth|move: Substitute|[damage]
|
|t:|1743921406
|switch|p1a: Hoopa|Hoopa-Unbound|52/100|[from] U-turn
|
|upkeep
|turn|9
|
|t:|1743921412
|move|p2a: Iron Moth|Fiery Dance|p1a: Hoopa
|-damage|p1a: Hoopa|21/100
|-boost|p2a: Iron Moth|spa|1
|move|p1a: Hoopa|Psychic Noise|p2a: Iron Moth
|-supereffective|p2a: Iron Moth
|-damage|p2a: Iron Moth|0 fnt
|faint|p2a: Iron Moth
|-end|p2a: Iron Moth|Quark Drive|[silent]
|
|upkeep
|
|t:|1743921420
|switch|p2a: Iron Boulder|Iron Boulder|100/100
|-enditem|p2a: Iron Boulder|Booster Energy
|-activate|p2a: Iron Boulder|ability: Quark Drive|[fromitem]
|-start|p2a: Iron Boulder|quarkdrivespe
|turn|10
|
|t:|1743921426
|switch|p1a: Landorus|Landorus-Therian, M|100/100
|-ability|p1a: Landorus|Intimidate|boost
|-unboost|p2a: Iron Boulder|atk|1
|move|p2a: Iron Boulder|Mighty Cleave|p1a: Landorus
|-damage|p1a: Landorus|65/100
|
|upkeep
|turn|11
|
|t:|1743921438
|-terastallize|p2a: Iron Boulder|Ice
|move|p2a: Iron Boulder|Tera Blast|p1a: Landorus|[anim] Tera Blast Ice
|-supereffective|p1a: Landorus
|-damage|p1a: Landorus|0 fnt
|faint|p1a: Landorus
|
|upkeep
|
|t:|1743921447
|switch|p1a: Corviknight|Corviknight, M|73/100
|-ability|p1a: Corviknight|Pressure
|turn|12
|
|t:|1743921452
|-end|p2a: Iron Boulder|Quark Drive|[silent]
|switch|p2a: Iron Treads|Iron Treads, shiny|30/100
|move|p1a: Corviknight|U-turn|p2a: Iron Treads
|-resisted|p2a: Iron Treads
|-damage|p2a: Iron Treads|24/100
|
|t:|1743921458
|switch|p1a: Alomomola|Alomomola, F|100/100|[from] U-turn
|
|upkeep
|turn|13
|
|t:|1743921463
|move|p2a: Iron Treads|Earthquake|p1a: Alomomola
|-damage|p1a: Alomomola|75/100
|move|p1a: Alomomola|Wish|p1a: Alomomola
|
|upkeep
|turn|14
|
|t:|1743921468
|move|p2a: Iron Treads|Stealth Rock|p1a: Alomomola
|-sidestart|p1: Meagles10|move: Stealth Rock
|move|p1a: Alomomola|Flip Turn|p2a: Iron Treads
|-supereffective|p2a: Iron Treads
|-damage|p2a: Iron Treads|0 fnt
|faint|p2a: Iron Treads
|-end|p2a: Iron Treads|Quark Drive|[silent]
|
|t:|1743921475
|switch|p1a: Hoopa|Hoopa-Unbound|21/100|[from] Flip Turn
|-damage|p1a: Hoopa|9/100|[from] Stealth Rock
|
|-heal|p1a: Hoopa|82/100|[from] move: Wish|[wisher] Alomomola
|upkeep
|
|t:|1743921478
|switch|p2a: Slither Wing|Slither Wing|100/100
|turn|15
|
|t:|1743921489
|switch|p1a: Corviknight|Corviknight, M|73/100
|-damage|p1a: Corviknight|61/100|[from] Stealth Rock
|-ability|p1a: Corviknight|Pressure
|move|p2a: Slither Wing|First Impression|p1a: Corviknight
|-resisted|p1a: Corviknight
|-crit|p1a: Corviknight
|-damage|p1a: Corviknight|49/100
|-damage|p2a: Slither Wing|84/100|[from] item: Rocky Helmet|[of] p1a: Corviknight
|
|upkeep
|turn|16
|
|t:|1743921500
|move|p2a: Slither Wing|Flare Blitz|p1a: Corviknight
|-supereffective|p1a: Corviknight
|-damage|p1a: Corviknight|0 fnt
|-damage|p2a: Slither Wing|68/100|[from] item: Rocky Helmet|[of] p1a: Corviknight
|faint|p1a: Corviknight
|-damage|p2a: Slither Wing|47/100|[from] Recoil
|
|upkeep
|
|t:|1743921512
|switch|p1a: Darkrai|Darkrai|100/100
|turn|17
|
|t:|1743921519
|-end|p2a: Slither Wing|Protosynthesis|[silent]
|switch|p2a: Iron Boulder|Iron Boulder, tera:Ice|100/100
|move|p1a: Darkrai|Will-O-Wisp|p2a: Iron Boulder
|-status|p2a: Iron Boulder|brn
|
|-damage|p2a: Iron Boulder|94/100 brn|[from] brn
|upkeep
|turn|18
|
|t:|1743921528
|switch|p1a: Alomomola|Alomomola, F|100/100
|move|p2a: Iron Boulder|Earthquake|p1a: Alomomola
|-damage|p1a: Alomomola|91/100
|
|-damage|p2a: Iron Boulder|88/100 brn|[from] brn
|upkeep
|turn|19
|
|t:|1743921539
|move|p2a: Iron Boulder|Mighty Cleave|p1a: Alomomola
|-damage|p1a: Alomomola|80/100
|move|p1a: Alomomola|Wish|p1a: Alomomola
|
|-damage|p2a: Iron Boulder|82/100 brn|[from] brn
|upkeep
|turn|20
|
|t:|1743921547
|move|p2a: Iron Boulder|Mighty Cleave|p1a: Alomomola
|-damage|p1a: Alomomola|67/100
|move|p1a: Alomomola|Flip Turn|p2a: Iron Boulder
|-damage|p2a: Iron Boulder|60/100 brn
|
|t:|1743921561
|switch|p1a: BIG MAN BLASTOISE|Blastoise, M|100/100|[from] Flip Turn
|-damage|p1a: BIG MAN BLASTOISE|88/100|[from] Stealth Rock
|
|-heal|p1a: BIG MAN BLASTOISE|100/100|[from] move: Wish|[wisher] Alomomola
|-damage|p2a: Iron Boulder|54/100 brn|[from] brn
|upkeep
|turn|21
|
|t:|1743921571
|move|p2a: Iron Boulder|Mighty Cleave|p1a: BIG MAN BLASTOISE
|-damage|p1a: BIG MAN BLASTOISE|76/100
|move|p1a: BIG MAN BLASTOISE|Shell Smash|p1a: BIG MAN BLASTOISE
|-unboost|p1a: BIG MAN BLASTOISE|def|1
|-unboost|p1a: BIG MAN BLASTOISE|spd|1
|-boost|p1a: BIG MAN BLASTOISE|atk|2
|-boost|p1a: BIG MAN BLASTOISE|spa|2
|-boost|p1a: BIG MAN BLASTOISE|spe|2
|-enditem|p1a: BIG MAN BLASTOISE|White Herb
|-clearnegativeboost|p1a: BIG MAN BLASTOISE|[silent]
|
|-damage|p2a: Iron Boulder|48/100 brn|[from] brn
|upkeep
|turn|22
|
|t:|1743921583
|move|p1a: BIG MAN BLASTOISE|Surf|p2a: Iron Boulder
|-damage|p2a: Iron Boulder|0 fnt
|faint|p2a: Iron Boulder
|-end|p2a: Iron Boulder|Quark Drive|[silent]
|
|upkeep
|
|t:|1743921585
|switch|p2a: Slither Wing|Slither Wing|47/100
|turn|23
|
|t:|1743921590
|move|p2a: Slither Wing|First Impression|p1a: BIG MAN BLASTOISE
|-damage|p1a: BIG MAN BLASTOISE|17/100
|move|p1a: BIG MAN BLASTOISE|Surf|p2a: Slither Wing
|-damage|p2a: Slither Wing|0 fnt
|faint|p2a: Slither Wing
|-end|p2a: Slither Wing|Protosynthesis|[silent]
|
|upkeep
|
|t:|1743921593
|switch|p2a: Great Tusk|Great Tusk|100/100
|turn|24
|c|☆WBAMO!|gg
|
|t:|1743921600
|move|p1a: BIG MAN BLASTOISE|Surf|p2a: Great Tusk
|-supereffective|p2a: Great Tusk
|-damage|p2a: Great Tusk|0 fnt
|faint|p2a: Great Tusk
|-end|p2a: Great Tusk|Protosynthesis|[silent]
|
|win|Meagles10
|raw|Meagles10's rating: 1264 &rarr; <strong>1285</strong><br />(+21 for winning)
|raw|WBAMO!'s rating: 1214 &rarr; <strong>1193</strong><br />(-21 for losing)
|l|☆WBAMO!
|player|p2|
|l|☆Meagles10
|player|p1|
|j|☆Meagles10
|player|p1|Meagles10|266|
|l|☆Meagles10
|player|p1|
