|j|☆quetzuma
|j|☆love is simple
|t:|1743902184
|gametype|singles
|player|p1|quetzuma|swimmer-gen4dp|1393
|player|p2|love is simple|dawn|1398
|teamsize|p1|6
|teamsize|p2|6
|gen|9
|tier|[Gen 9] OU
|rated|
|rule|HP Percentage Mod: HP is shown in percentages
|rule|Endless Battle Clause: Forcing endless battles is banned
|rule|Species Clause: Limit one of each Pokémon
|rule|OHKO Clause: OHKO moves are banned
|rule|Evasion Items Clause: Evasion items are banned
|rule|Evasion Moves Clause: Evasion moves are banned
|rule|Sleep Moves Clause: Sleep-inducing moves are banned
|clearpoke
|poke|p1|Dragapult, M|
|poke|p1|Braviary-Hisui, M|
|poke|p1|Kingambit, F|
|poke|p1|Great Tusk|
|poke|p1|Azumarill, M|
|poke|p1|Slowking-Galar, M|
|poke|p2|Samurott-Hisui, F|
|poke|p2|Kingambit, F|
|poke|p2|Slowking-Galar, M|
|poke|p2|Keldeo|
|poke|p2|Dragapult, M|
|poke|p2|Gliscor, F|
|teampreview
|inactive|Battle timer is ON: inactive players will automatically lose when time's up. (requested by love is simple)
|
|t:|1743902195
|start
|switch|p1a: Azumarill|Azumarill, M|100/100
|switch|p2a: Slowking|Slowking-Galar, M|100/100
|turn|1
|
|t:|1743902200
|move|p1a: Azumarill|Liquidation|p2a: Slowking
|-damage|p2a: Slowking|13/100
|move|p2a: Slowking|Thunder Wave|p1a: Azumarill
|-status|p1a: Azumarill|par
|
|upkeep
|turn|2
|
|t:|1743902215
|move|p1a: Azumarill|Liquidation|p2a: Slowking
|-damage|p2a: Slowking|0 fnt
|faint|p2a: Slowking
|
|upkeep
|
|t:|1743902221
|switch|p2a: Dragapult|Dragapult, M|100/100
|turn|3
|
|t:|1743902238
|switch|p1a: Slowking|Slowking-Galar, M|100/100
|-terastallize|p2a: Dragapult|Fairy
|move|p2a: Dragapult|Hex|p1a: Slowking
|-supereffective|p1a: Slowking
|-damage|p1a: Slowking|75/100
|
|upkeep
|turn|4
|
|t:|1743902243
|move|p2a: Dragapult|Will-O-Wisp|p1a: Slowking
|-status|p1a: Slowking|brn
|move|p1a: Slowking|Ice Beam|p2a: Dragapult
|-damage|p2a: Dragapult|66/100
|
|-damage|p1a: Slowking|69/100 brn|[from] brn
|upkeep
|turn|5
|
|t:|1743902249
|switch|p2a: Gliscor|Gliscor, F|100/100
|move|p1a: Slowking|Sludge Bomb|p2a: Gliscor
|-resisted|p2a: Gliscor
|-damage|p2a: Gliscor|87/100
|
|-damage|p1a: Slowking|62/100 brn|[from] brn
|-status|p2a: Gliscor|tox|[from] item: Toxic Orb
|upkeep
|turn|6
|
|t:|1743902256
|switch|p2a: Kingambit|Kingambit, F|100/100
|-activate|p2a: Kingambit|ability: Supreme Overlord
|-start|p2a: Kingambit|fallen1|[silent]
|move|p1a: Slowking|Ice Beam|p2a: Kingambit
|-resisted|p2a: Kingambit
|-damage|p2a: Kingambit|88/100
|
|-heal|p2a: Kingambit|95/100|[from] item: Leftovers
|-damage|p1a: Slowking|56/100 brn|[from] brn
|upkeep
|turn|7
|
|t:|1743902267
|switch|p1a: Great Tusk|Great Tusk|100/100
|move|p2a: Kingambit|Kowtow Cleave|p1a: Great Tusk
|-resisted|p1a: Great Tusk
|-damage|p1a: Great Tusk|79/100
|
|-heal|p2a: Kingambit|100/100|[from] item: Leftovers
|upkeep
|turn|8
|
|t:|1743902276
|-end|p1a: Great Tusk|Protosynthesis|[silent]
|switch|p1a: Braviary|Braviary-Hisui, M|100/100
|-end|p2a: Kingambit|fallen1|[silent]
|switch|p2a: Keldeo|Keldeo|100/100
|
|upkeep
|turn|9
|
|t:|1743902281
|move|p2a: Keldeo|Flip Turn|p1a: Braviary
|-damage|p1a: Braviary|82/100
|
|t:|1743902284
|switch|p2a: Samurott|Samurott-Hisui, F|100/100|[from] Flip Turn
|move|p1a: Braviary|Esper Wing|p2a: Samurott
|-immune|p2a: Samurott
|
|upkeep
|turn|10
|
|t:|1743902287
|switch|p1a: Azumarill|Azumarill, M|100/100 par
|move|p2a: Samurott|Ceaseless Edge|p1a: Azumarill
|-resisted|p1a: Azumarill
|-damage|p1a: Azumarill|77/100 par
|-sidestart|p1: quetzuma|Spikes
|
|upkeep
|turn|11
|
|t:|1743902305
|move|p2a: Samurott|Knock Off|p1a: Azumarill
|-resisted|p1a: Azumarill
|-damage|p1a: Azumarill|54/100 par
|-enditem|p1a: Azumarill|Choice Band|[from] move: Knock Off|[of] p2a: Samurott
|move|p1a: Azumarill|Liquidation|p2a: Samurott
|-resisted|p2a: Samurott
|-damage|p2a: Samurott|65/100
|
|upkeep
|turn|12
|
|t:|1743902312
|move|p2a: Samurott|Ceaseless Edge|p1a: Azumarill
|-resisted|p1a: Azumarill
|-crit|p1a: Azumarill
|-damage|p1a: Azumarill|22/100 par
|-sidestart|p1: quetzuma|Spikes
|move|p1a: Azumarill|Play Rough|p2a: Samurott
|-supereffective|p2a: Samurott
|-damage|p2a: Samurott|0 fnt
|faint|p2a: Samurott
|
|upkeep
|
|t:|1743902320
|switch|p2a: Dragapult|Dragapult, M, tera:Fairy|66/100
|turn|13
|
|t:|1743902345
|move|p1a: Azumarill|Aqua Jet|p2a: Dragapult
|-damage|p2a: Dragapult|30/100
|move|p2a: Dragapult|Hex|p1a: Azumarill
|-damage|p1a: Azumarill|0 fnt
|faint|p1a: Azumarill
|
|upkeep
|
|t:|1743902354
|switch|p1a: Dragapult|Dragapult, M|100/100
|turn|14
|
|t:|1743902367
|move|p2a: Dragapult|Dragon Darts|p1a: Dragapult
|-supereffective|p1a: Dragapult
|-damage|p1a: Dragapult|34/100
|-anim|p2a: Dragapult|Dragon Darts|p1a: Dragapult
|-supereffective|p1a: Dragapult
|-damage|p1a: Dragapult|0 fnt
|faint|p1a: Dragapult
|
|upkeep
|
|t:|1743902375
|switch|p1a: Kingambit|Kingambit, F|100/100
|-damage|p1a: Kingambit|84/100|[from] Spikes
|turn|15
|
|t:|1743902383
|switch|p2a: Kingambit|Kingambit, F|100/100
|-activate|p2a: Kingambit|ability: Supreme Overlord
|-start|p2a: Kingambit|fallen2|[silent]
|-terastallize|p1a: Kingambit|Fire
|move|p1a: Kingambit|Kowtow Cleave|p2a: Kingambit
|-resisted|p2a: Kingambit
|-damage|p2a: Kingambit|80/100
|
|-heal|p2a: Kingambit|86/100|[from] item: Leftovers
|-heal|p1a: Kingambit|90/100|[from] item: Leftovers
|upkeep
|turn|16
|
|t:|1743902408
|switch|p1a: Great Tusk|Great Tusk|79/100
|move|p2a: Kingambit|Kowtow Cleave|p1a: Great Tusk
|-resisted|p1a: Great Tusk
|-damage|p1a: Great Tusk|57/100
|
|-heal|p2a: Kingambit|92/100|[from] item: Leftovers
|upkeep
|turn|17
|inactive|love is simple has 120 seconds left.
|
|t:|1743902439
|-end|p2a: Kingambit|fallen2|[silent]
|switch|p2a: Gliscor|Gliscor, F|87/100 tox
|move|p1a: Great Tusk|Rapid Spin|p2a: Gliscor
|-damage|p2a: Gliscor|72/100 tox
|-boost|p1a: Great Tusk|spe|1
|-sideend|p1: quetzuma|Spikes|[from] move: Rapid Spin|[of] p1a: Great Tusk
|
|-heal|p2a: Gliscor|84/100 tox|[from] ability: Poison Heal
|upkeep
|turn|18
|
|t:|1743902448
|switch|p2a: Keldeo|Keldeo|100/100
|move|p1a: Great Tusk|Ice Spinner|p2a: Keldeo
|-resisted|p2a: Keldeo
|-damage|p2a: Keldeo|83/100
|
|upkeep
|turn|19
|
|t:|1743902450
|-end|p1a: Great Tusk|Protosynthesis|[silent]
|switch|p1a: Slowking|Slowking-Galar, M|90/100 brn
|move|p2a: Keldeo|Surf|p1a: Slowking
|-damage|p1a: Slowking|66/100 brn
|
|-damage|p1a: Slowking|60/100 brn|[from] brn
|upkeep
|turn|20
|
|t:|1743902455
|switch|p2a: Kingambit|Kingambit, F|92/100
|-activate|p2a: Kingambit|ability: Supreme Overlord
|-start|p2a: Kingambit|fallen2|[silent]
|move|p1a: Slowking|Fire Blast|p2a: Kingambit
|-supereffective|p2a: Kingambit
|-damage|p2a: Kingambit|28/100
|
|-heal|p2a: Kingambit|35/100|[from] item: Leftovers
|-damage|p1a: Slowking|54/100 brn|[from] brn
|upkeep
|turn|21
|
|t:|1743902465
|switch|p1a: Kingambit|Kingambit, F, tera:Fire|90/100
|move|p2a: Kingambit|Low Kick|p1a: Kingambit
|-damage|p1a: Kingambit|52/100
|
|-heal|p2a: Kingambit|41/100|[from] item: Leftovers
|-heal|p1a: Kingambit|58/100|[from] item: Leftovers
|upkeep
|turn|22
|inactive|love is simple has 120 seconds left.
|
|t:|1743902496
|-end|p2a: Kingambit|fallen2|[silent]
|switch|p2a: Gliscor|Gliscor, F|84/100 tox
|move|p1a: Kingambit|Iron Head|p2a: Gliscor
|-damage|p2a: Gliscor|49/100 tox
|
|-heal|p1a: Kingambit|64/100|[from] item: Leftovers
|-heal|p2a: Gliscor|62/100 tox|[from] ability: Poison Heal
|upkeep
|turn|23
|
|t:|1743902502
|switch|p1a: Braviary|Braviary-Hisui, M|82/100
|move|p2a: Gliscor|Swords Dance|p2a: Gliscor
|-boost|p2a: Gliscor|atk|2
|
|-heal|p2a: Gliscor|74/100 tox|[from] ability: Poison Heal
|upkeep
|turn|24
|
|t:|1743902508
|move|p2a: Gliscor|Protect|p2a: Gliscor
|-singleturn|p2a: Gliscor|Protect
|move|p1a: Braviary|Hurricane|p2a: Gliscor
|-activate|p2a: Gliscor|move: Protect
|
|-heal|p2a: Gliscor|87/100 tox|[from] ability: Poison Heal
|upkeep
|turn|25
|
|t:|1743902512
|move|p1a: Braviary|Hurricane|p2a: Gliscor|[miss]
|-miss|p1a: Braviary|p2a: Gliscor
|move|p2a: Gliscor|Knock Off|p1a: Braviary
|-supereffective|p1a: Braviary
|-damage|p1a: Braviary|0 fnt
|-enditem|p1a: Braviary|Heavy-Duty Boots|[from] move: Knock Off|[of] p2a: Gliscor
|faint|p1a: Braviary
|
|-heal|p2a: Gliscor|99/100 tox|[from] ability: Poison Heal
|upkeep
|
|t:|1743902516
|switch|p1a: Great Tusk|Great Tusk|57/100
|turn|26
|
|t:|1743902520
|move|p1a: Great Tusk|Ice Spinner|p2a: Gliscor
|-supereffective|p2a: Gliscor
|-damage|p2a: Gliscor|6/100 tox
|move|p2a: Gliscor|Facade|p1a: Great Tusk
|-damage|p1a: Great Tusk|16/100
|
|-heal|p2a: Gliscor|18/100 tox|[from] ability: Poison Heal
|upkeep
|turn|27
|
|t:|1743902528
|move|p2a: Gliscor|Protect|p2a: Gliscor
|-singleturn|p2a: Gliscor|Protect
|move|p1a: Great Tusk|Ice Spinner|p2a: Gliscor
|-activate|p2a: Gliscor|move: Protect
|
|-heal|p2a: Gliscor|31/100 tox|[from] ability: Poison Heal
|upkeep
|turn|28
|
|t:|1743902535
|move|p1a: Great Tusk|Ice Spinner|p2a: Gliscor
|-supereffective|p2a: Gliscor
|-damage|p2a: Gliscor|0 fnt
|faint|p2a: Gliscor
|
|upkeep
|
|t:|1743902538
|switch|p2a: Keldeo|Keldeo|83/100
|turn|29
|
|t:|1743902545
|move|p2a: Keldeo|Flip Turn|p1a: Great Tusk
|-supereffective|p1a: Great Tusk
|-damage|p1a: Great Tusk|0 fnt
|faint|p1a: Great Tusk
|-end|p1a: Great Tusk|Protosynthesis|[silent]
|
|t:|1743902551
|switch|p2a: Kingambit|Kingambit, F|41/100|[from] Flip Turn
|-activate|p2a: Kingambit|ability: Supreme Overlord
|-start|p2a: Kingambit|fallen3|[silent]
|
|-heal|p2a: Kingambit|47/100|[from] item: Leftovers
|upkeep
|
|t:|1743902559
|switch|p1a: Kingambit|Kingambit, F, tera:Fire|64/100
|turn|30
|
|t:|1743902562
|move|p2a: Kingambit|Kowtow Cleave|p1a: Kingambit
|-damage|p1a: Kingambit|9/100
|move|p1a: Kingambit|Iron Head|p2a: Kingambit
|-resisted|p2a: Kingambit
|-damage|p2a: Kingambit|25/100
|
|-heal|p2a: Kingambit|31/100|[from] item: Leftovers
|-heal|p1a: Kingambit|15/100|[from] item: Leftovers
|upkeep
|turn|31
|
|t:|1743902568
|move|p2a: Kingambit|Sucker Punch||[still]
|-fail|p2a: Kingambit
|move|p1a: Kingambit|Swords Dance|p1a: Kingambit
|-boost|p1a: Kingambit|atk|2
|
|-heal|p2a: Kingambit|37/100|[from] item: Leftovers
|-heal|p1a: Kingambit|21/100|[from] item: Leftovers
|upkeep
|turn|32
|
|t:|1743902572
|move|p2a: Kingambit|Sucker Punch|p1a: Kingambit
|-damage|p1a: Kingambit|0 fnt
|faint|p1a: Kingambit
|
|-heal|p2a: Kingambit|43/100|[from] item: Leftovers
|upkeep
|-message|quetzuma forfeited.
|
|win|love is simple
|raw|quetzuma's rating: 1393 &rarr; <strong>1373</strong><br />(-20 for losing)
|raw|love is simple's rating: 1398 &rarr; <strong>1418</strong><br />(+20 for winning)
|l|☆quetzuma
|player|p1|
|l|☆love is simple
|player|p2|
