|j|☆jmac2206
|j|☆sxlsxsxlsxsxlsx
|t:|1743872731
|gametype|singles
|player|p1|jmac2206|veteran|1134
|player|p2|sxlsxsxlsxsxlsx|burglar|1075
|teamsize|p1|6
|teamsize|p2|6
|gen|9
|tier|[Gen 9] OU
|rated|
|rule|HP Percentage Mod: HP is shown in percentages
|rule|Endless Battle Clause: Forcing endless battles is banned
|rule|Species Clause: Limit one of each Pokémon
|rule|OHKO Clause: OHKO moves are banned
|rule|Evasion Items Clause: Evasion items are banned
|rule|Evasion Moves Clause: Evasion moves are banned
|rule|Sleep Moves Clause: Sleep-inducing moves are banned
|clearpoke
|poke|p1|Electivire, F|
|poke|p1|Fezandipiti, M|
|poke|p1|Rampardos, F|
|poke|p1|Dragapult, M|
|poke|p1|Blastoise, F|
|poke|p1|Samurott-Hisui, F|
|poke|p2|Spiritomb, M|
|poke|p2|Muk-Alola, F|
|poke|p2|Kleavor, F|
|poke|p2|Flygon, M|
|poke|p2|Trevenant, F|
|poke|p2|Ceruledge, M|
|teampreview
|inactive|Battle timer is ON: inactive players will automatically lose when time's up. (requested by jmac2206)
|
|t:|1743872738
|start
|switch|p1a: Samurott|Samurott-Hisui, F|100/100
|switch|p2a: Kleavor|Kleavor, F|100/100
|turn|1
|
|t:|1743872746
|move|p1a: Samurott|Ceaseless Edge|p2a: Kleavor
|-damage|p2a: Kleavor|42/100
|-sidestart|p2: sxlsxsxlsxsxlsx|Spikes
|move|p2a: Kleavor|Stone Axe|p1a: Samurott
|-damage|p1a: Samurott|35/100
|-sidestart|p1: jmac2206|move: Stealth Rock
|
|upkeep
|turn|2
|
|t:|1743872754
|move|p2a: Kleavor|U-turn|p1a: Samurott
|-supereffective|p1a: Samurott
|-damage|p1a: Samurott|0 fnt
|faint|p1a: Samurott
|
|t:|1743872762
|switch|p2a: Trevenant|Trevenant, F|100/100|[from] U-turn
|-damage|p2a: Trevenant|88/100|[from] Spikes
|
|upkeep
|
|t:|1743872769
|switch|p1a: Fezandipiti|Fezandipiti, M|100/100
|-damage|p1a: Fezandipiti|88/100|[from] Stealth Rock
|turn|3
|
|t:|1743872777
|move|p1a: Fezandipiti|Swords Dance|p1a: Fezandipiti
|-boost|p1a: Fezandipiti|atk|2
|move|p2a: Trevenant|Shadow Claw|p1a: Fezandipiti
|-damage|p1a: Fezandipiti|52/100
|
|upkeep
|turn|4
|
|t:|1743872803
|move|p2a: Trevenant|Sucker Punch|p1a: Fezandipiti
|-resisted|p1a: Fezandipiti
|-damage|p1a: Fezandipiti|41/100
|move|p1a: Fezandipiti|Poison Tail|p2a: Trevenant
|-damage|p2a: Trevenant|18/100
|-damage|p1a: Fezandipiti|31/100|[from] item: Life Orb
|
|upkeep
|turn|5
|
|t:|1743872817
|move|p2a: Trevenant|Sucker Punch|p1a: Fezandipiti
|-resisted|p1a: Fezandipiti
|-damage|p1a: Fezandipiti|21/100
|move|p1a: Fezandipiti|Poison Tail|p2a: Trevenant
|-damage|p2a: Trevenant|0 fnt
|faint|p2a: Trevenant
|-damage|p1a: Fezandipiti|11/100|[from] item: Life Orb
|
|upkeep
|
|t:|1743872829
|switch|p2a: Flygon|Flygon, M|100/100
|turn|6
|
|t:|1743872835
|move|p2a: Flygon|Earthquake|p1a: Fezandipiti
|-supereffective|p1a: Fezandipiti
|-damage|p1a: Fezandipiti|0 fnt
|faint|p1a: Fezandipiti
|-damage|p2a: Flygon|91/100|[from] item: Life Orb
|
|upkeep
|
|t:|1743872842
|switch|p1a: Blastoise|Blastoise, F|100/100
|-damage|p1a: Blastoise|88/100|[from] Stealth Rock
|turn|7
|
|t:|1743872849
|move|p1a: Blastoise|Fake Out|p2a: Flygon
|-damage|p2a: Flygon|79/100
|cant|p2a: Flygon|flinch
|
|upkeep
|turn|8
|
|t:|1743872854
|move|p2a: Flygon|U-turn|p1a: Blastoise
|-damage|p1a: Blastoise|57/100
|-damage|p2a: Flygon|69/100|[from] item: Life Orb
|
|t:|1743872860
|switch|p2a: Muk|Muk-Alola, F|100/100|[from] U-turn
|-damage|p2a: Muk|88/100|[from] Spikes
|move|p1a: Blastoise|Shell Smash|p1a: Blastoise
|-unboost|p1a: Blastoise|def|1
|-unboost|p1a: Blastoise|spd|1
|-boost|p1a: Blastoise|atk|2
|-boost|p1a: Blastoise|spa|2
|-boost|p1a: Blastoise|spe|2
|-enditem|p1a: Blastoise|White Herb
|-clearnegativeboost|p1a: Blastoise|[silent]
|
|-heal|p2a: Muk|94/100|[from] item: Black Sludge
|upkeep
|turn|9
|
|t:|1743872872
|move|p1a: Blastoise|Hydro Pump|p2a: Muk
|-damage|p2a: Muk|28/100
|move|p2a: Muk|Poison Jab|p1a: Blastoise
|-damage|p1a: Blastoise|19/100
|-status|p1a: Blastoise|psn
|
|-heal|p2a: Muk|34/100|[from] item: Black Sludge
|-damage|p1a: Blastoise|7/100 psn|[from] psn
|upkeep
|turn|10
|
|t:|1743872892
|move|p1a: Blastoise|Hydro Pump|p2a: Muk
|-damage|p2a: Muk|0 fnt
|faint|p2a: Muk
|
|-damage|p1a: Blastoise|0 fnt|[from] psn
|faint|p1a: Blastoise
|upkeep
|
|t:|1743872904
|switch|p1a: Dragapult|Dragapult, M|100/100
|switch|p2a: Kleavor|Kleavor, F|42/100
|-damage|p1a: Dragapult|88/100|[from] Stealth Rock
|turn|11
|
|t:|1743872910
|move|p1a: Dragapult|Will-O-Wisp|p2a: Kleavor
|-status|p2a: Kleavor|brn
|move|p2a: Kleavor|Night Slash|p1a: Dragapult
|-supereffective|p1a: Dragapult
|-damage|p1a: Dragapult|48/100
|
|-damage|p2a: Kleavor|36/100 brn|[from] brn
|upkeep
|turn|12
|
|t:|1743872923
|move|p1a: Dragapult|Hex|p2a: Kleavor
|-damage|p2a: Kleavor|0 fnt
|faint|p2a: Kleavor
|-damage|p1a: Dragapult|38/100|[from] item: Life Orb
|
|upkeep
|
|t:|1743872931
|switch|p2a: Spiritomb|Spiritomb, M|100/100
|-damage|p2a: Spiritomb|88/100|[from] Spikes
|-ability|p2a: Spiritomb|Pressure
|turn|13
|
|t:|1743872939
|move|p1a: Dragapult|Will-O-Wisp|p2a: Spiritomb
|-status|p2a: Spiritomb|brn
|move|p2a: Spiritomb|Shadow Ball|p1a: Dragapult
|-supereffective|p1a: Dragapult
|-damage|p1a: Dragapult|0 fnt
|-start|p2a: Spiritomb|Disable|Shadow Ball|[from] ability: Cursed Body|[of] p1a: Dragapult
|faint|p1a: Dragapult
|
|-heal|p2a: Spiritomb|94/100 brn|[from] item: Leftovers
|-damage|p2a: Spiritomb|88/100 brn|[from] brn
|upkeep
|
|t:|1743872946
|switch|p1a: Electivire|Electivire, F|100/100
|-damage|p1a: Electivire|88/100|[from] Stealth Rock
|-item|p1a: Electivire|Air Balloon
|turn|14
|
|t:|1743872952
|move|p1a: Electivire|Bulk Up|p1a: Electivire
|-boost|p1a: Electivire|atk|1
|-boost|p1a: Electivire|def|1
|move|p2a: Spiritomb|Psychic|p1a: Electivire
|-damage|p1a: Electivire|61/100
|-enditem|p1a: Electivire|Air Balloon
|
|-heal|p2a: Spiritomb|94/100 brn|[from] item: Leftovers
|-damage|p2a: Spiritomb|88/100 brn|[from] brn
|upkeep
|turn|15
|
|t:|1743872960
|move|p1a: Electivire|Bulk Up|p1a: Electivire
|-boost|p1a: Electivire|atk|1
|-boost|p1a: Electivire|def|1
|move|p2a: Spiritomb|Psychic|p1a: Electivire
|-damage|p1a: Electivire|33/100
|
|-heal|p2a: Spiritomb|94/100 brn|[from] item: Leftovers
|-damage|p2a: Spiritomb|88/100 brn|[from] brn
|upkeep
|turn|16
|
|t:|1743872972
|move|p1a: Electivire|Supercell Slam|p2a: Spiritomb
|-damage|p2a: Spiritomb|0 fnt
|faint|p2a: Spiritomb
|
|upkeep
|
|t:|1743872977
|switch|p2a: Flygon|Flygon, M|69/100
|turn|17
|
|t:|1743872982
|move|p2a: Flygon|Earthquake|p1a: Electivire
|-supereffective|p1a: Electivire
|-damage|p1a: Electivire|0 fnt
|faint|p1a: Electivire
|-damage|p2a: Flygon|59/100|[from] item: Life Orb
|
|upkeep
|
|t:|1743872985
|switch|p1a: Rampardos|Rampardos, F, shiny|100/100
|-damage|p1a: Rampardos|88/100|[from] Stealth Rock
|turn|18
|
|t:|1743873002
|-terastallize|p2a: Flygon|Steel
|move|p1a: Rampardos|Head Smash|p2a: Flygon
|-resisted|p2a: Flygon
|-damage|p2a: Flygon|0 fnt
|faint|p2a: Flygon
|-damage|p1a: Rampardos|62/100|[from] Recoil
|
|upkeep
|
|t:|1743873007
|switch|p2a: Ceruledge|Ceruledge, M|100/100
|-damage|p2a: Ceruledge|88/100|[from] Spikes
|turn|19
|
|t:|1743873015
|-terastallize|p1a: Rampardos|Rock
|move|p1a: Rampardos|Head Smash|p2a: Ceruledge
|-supereffective|p2a: Ceruledge
|-damage|p2a: Ceruledge|0 fnt
|faint|p2a: Ceruledge
|-damage|p1a: Rampardos|15/100|[from] Recoil
|
|win|jmac2206
|raw|jmac2206's rating: 1134 &rarr; <strong>1155</strong><br />(+21 for winning)
|raw|sxlsxsxlsxsxlsx's rating: 1075 &rarr; <strong>1057</strong><br />(-18 for losing)
|l|☆jmac2206
|player|p1|
|l|☆sxlsxsxlsxsxlsx
|player|p2|
|j|☆sxlsxsxlsxsxlsx
|player|p2|sxlsxsxlsxsxlsx|burglar|
|l|☆sxlsxsxlsxsxlsx
|player|p2|
