|j|☆ryansindoors
|j|☆Araciel
|t:|1743814572
|gametype|singles
|player|p1|ryansindoors|dancer|1184
|player|p2|Araciel|169|1189
|teamsize|p1|6
|teamsize|p2|6
|gen|9
|tier|[Gen 9] OU
|rated|
|rule|HP Percentage Mod: HP is shown in percentages
|rule|Endless Battle Clause: Forcing endless battles is banned
|rule|Species Clause: Limit one of each Pokémon
|rule|OHKO Clause: OHKO moves are banned
|rule|Evasion Items Clause: Evasion items are banned
|rule|Evasion Moves Clause: Evasion moves are banned
|rule|Sleep Moves Clause: Sleep-inducing moves are banned
|clearpoke
|poke|p1|Glimmora, M|
|poke|p1|Zamazenta-*|
|poke|p1|Latias, F|
|poke|p1|Gholdengo|
|poke|p1|Dragonite, F|
|poke|p1|Weavile, F|
|poke|p2|Articuno|
|poke|p2|Greninja-*, M|
|poke|p2|Iron Valiant|
|poke|p2|Iron Moth|
|poke|p2|Excadrill, M|
|poke|p2|Rillaboom, F|
|teampreview
|inactive|Battle timer is ON: inactive players will automatically lose when time's up. (requested by ryansindoors)
|
|t:|1743814581
|start
|switch|p1a: Glimmora|Glimmora, M|100/100
|switch|p2a: Greninja|Greninja, M|100/100
|turn|1
|
|t:|1743814603
|move|p2a: Greninja|Water Shuriken|p1a: Glimmora
|-supereffective|p1a: Glimmora
|-damage|p1a: Glimmora|89/100
|-supereffective|p1a: Glimmora
|-damage|p1a: Glimmora|77/100
|-supereffective|p1a: Glimmora
|-damage|p1a: Glimmora|66/100
|-supereffective|p1a: Glimmora
|-damage|p1a: Glimmora|55/100
|-supereffective|p1a: Glimmora
|-damage|p1a: Glimmora|44/100
|-hitcount|p1a: Glimmora|5
|-enditem|p1a: Glimmora|Red Card|[of] p2a: Greninja
|drag|p2a: Excadrill|Excadrill, M|100/100
|-ability|p2a: Excadrill|Mold Breaker
|move|p1a: Glimmora|Stealth Rock|p2a: Excadrill
|-sidestart|p2: Araciel|move: Stealth Rock
|
|upkeep
|turn|2
|
|t:|1743814631
|switch|p1a: Gholdengo|Gholdengo|100/100
|move|p2a: Excadrill|Stealth Rock|p1a: Gholdengo
|-sidestart|p1: ryansindoors|move: Stealth Rock
|
|upkeep
|turn|3
|
|t:|1743814645
|move|p2a: Excadrill|Earthquake|p1a: Gholdengo
|-supereffective|p1a: Gholdengo
|-damage|p1a: Gholdengo|0 fnt
|faint|p1a: Gholdengo
|
|upkeep
|
|t:|1743814653
|switch|p1a: Zamazenta|Zamazenta|100/100
|-damage|p1a: Zamazenta|94/100|[from] Stealth Rock
|-ability|p1a: Zamazenta|Dauntless Shield|boost
|-boost|p1a: Zamazenta|def|1
|turn|4
|
|t:|1743814671
|-terastallize|p2a: Excadrill|Fairy
|move|p1a: Zamazenta|Substitute|p1a: Zamazenta
|-start|p1a: Zamazenta|Substitute
|-damage|p1a: Zamazenta|69/100
|move|p2a: Excadrill|Rapid Spin|p1a: Zamazenta
|-activate|p1a: Zamazenta|move: Substitute|[damage]
|-sideend|p2: Araciel|Stealth Rock|[from] move: Rapid Spin|[of] p2a: Excadrill
|-boost|p2a: Excadrill|spe|1
|
|-heal|p1a: Zamazenta|76/100|[from] item: Leftovers
|upkeep
|turn|5
|
|t:|1743814685
|move|p2a: Excadrill|Earthquake|p1a: Zamazenta
|-end|p1a: Zamazenta|Substitute
|move|p1a: Zamazenta|Iron Defense|p1a: Zamazenta
|-boost|p1a: Zamazenta|def|2
|
|-heal|p1a: Zamazenta|82/100|[from] item: Leftovers
|upkeep
|turn|6
|
|t:|1743814698
|move|p2a: Excadrill|Iron Head|p1a: Zamazenta
|-crit|p1a: Zamazenta
|-damage|p1a: Zamazenta|34/100
|move|p1a: Zamazenta|Iron Defense|p1a: Zamazenta
|-boost|p1a: Zamazenta|def|2
|
|-heal|p1a: Zamazenta|40/100|[from] item: Leftovers
|upkeep
|turn|7
|
|t:|1743814706
|move|p2a: Excadrill|Iron Head|p1a: Zamazenta
|-damage|p1a: Zamazenta|30/100
|move|p1a: Zamazenta|Body Press|p2a: Excadrill
|-resisted|p2a: Excadrill
|-damage|p2a: Excadrill|19/100
|
|-heal|p1a: Zamazenta|36/100|[from] item: Leftovers
|upkeep
|turn|8
|
|t:|1743814715
|move|p2a: Excadrill|Earthquake|p1a: Zamazenta
|-damage|p1a: Zamazenta|24/100
|move|p1a: Zamazenta|Body Press|p2a: Excadrill
|-resisted|p2a: Excadrill
|-damage|p2a: Excadrill|0 fnt
|faint|p2a: Excadrill
|
|-heal|p1a: Zamazenta|30/100|[from] item: Leftovers
|upkeep
|
|t:|1743814726
|switch|p2a: Iron Moth|Iron Moth|100/100
|-enditem|p2a: Iron Moth|Booster Energy
|-activate|p2a: Iron Moth|ability: Quark Drive|[fromitem]
|-start|p2a: Iron Moth|quarkdrivespe
|turn|9
|
|t:|1743814739
|move|p2a: Iron Moth|Fiery Dance|p1a: Zamazenta
|-damage|p1a: Zamazenta|0 fnt
|faint|p1a: Zamazenta
|
|upkeep
|
|t:|1743814744
|switch|p1a: Latias|Latias, F|100/100
|-damage|p1a: Latias|88/100|[from] Stealth Rock
|turn|10
|
|t:|1743814757
|move|p2a: Iron Moth|Sludge Wave|p1a: Latias
|-damage|p1a: Latias|51/100
|move|p1a: Latias|Calm Mind|p1a: Latias
|-boost|p1a: Latias|spa|1
|-boost|p1a: Latias|spd|1
|
|-heal|p1a: Latias|57/100|[from] item: Leftovers
|upkeep
|turn|11
|
|t:|1743814766
|move|p2a: Iron Moth|Sludge Wave|p1a: Latias
|-damage|p1a: Latias|32/100
|move|p1a: Latias|Agility|p1a: Latias
|-boost|p1a: Latias|spe|2
|
|-heal|p1a: Latias|38/100|[from] item: Leftovers
|upkeep
|turn|12
|
|t:|1743814776
|move|p1a: Latias|Stored Power|p2a: Iron Moth
|-supereffective|p2a: Iron Moth
|-damage|p2a: Iron Moth|0 fnt
|faint|p2a: Iron Moth
|-end|p2a: Iron Moth|Quark Drive|[silent]
|
|-heal|p1a: Latias|44/100|[from] item: Leftovers
|upkeep
|
|t:|1743814783
|switch|p2a: Articuno|Articuno, shiny|100/100
|-ability|p2a: Articuno|Pressure
|turn|13
|
|t:|1743814794
|-terastallize|p1a: Latias|Fairy
|move|p1a: Latias|Calm Mind|p1a: Latias
|-boost|p1a: Latias|spa|1
|-boost|p1a: Latias|spd|1
|move|p2a: Articuno|Freeze-Dry|p1a: Latias
|-damage|p1a: Latias|32/100
|
|-heal|p1a: Latias|38/100|[from] item: Leftovers
|upkeep
|turn|14
|
|t:|1743814804
|move|p1a: Latias|Draining Kiss|p2a: Articuno
|-damage|p2a: Articuno|61/100
|-heal|p1a: Latias|65/100|[from] drain|[of] p2a: Articuno
|move|p2a: Articuno|Freeze-Dry|p1a: Latias
|-damage|p1a: Latias|54/100
|
|-heal|p1a: Latias|60/100|[from] item: Leftovers
|upkeep
|turn|15
|
|t:|1743814817
|switch|p2a: Rillaboom|Rillaboom, F|100/100
|-fieldstart|move: Grassy Terrain|[from] ability: Grassy Surge|[of] p2a: Rillaboom
|move|p1a: Latias|Stored Power|p2a: Rillaboom
|-damage|p2a: Rillaboom|0 fnt
|faint|p2a: Rillaboom
|
|-heal|p1a: Latias|67/100|[from] item: Leftovers
|upkeep
|
|t:|1743814827
|switch|p2a: Iron Valiant|Iron Valiant|100/100
|-enditem|p2a: Iron Valiant|Booster Energy
|-activate|p2a: Iron Valiant|ability: Quark Drive|[fromitem]
|-start|p2a: Iron Valiant|quarkdrivespe
|turn|16
|
|t:|1743814839
|move|p1a: Latias|Draining Kiss|p2a: Iron Valiant
|-supereffective|p2a: Iron Valiant
|-damage|p2a: Iron Valiant|0 fnt
|-heal|p1a: Latias|100/100|[from] drain|[of] p2a: Iron Valiant
|faint|p2a: Iron Valiant
|-end|p2a: Iron Valiant|Quark Drive|[silent]
|
|upkeep
|-message|Araciel forfeited.
|
|win|ryansindoors
|raw|ryansindoors's rating: 1184 &rarr; <strong>1209</strong><br />(+25 for winning)
|raw|Araciel's rating: 1189 &rarr; <strong>1164</strong><br />(-25 for losing)
|l|☆Araciel
|player|p2|
|l|☆ryansindoors
|player|p1|
