|j|☆zhiyongyici
|j|☆sleepdeprevation
|t:|1743831977
|gametype|singles
|player|p1|zhiyongyici|169|1390
|player|p2|sleepdeprevation|ruinmaniac|1417
|teamsize|p1|6
|teamsize|p2|6
|gen|9
|tier|[Gen 9] OU
|rated|
|rule|HP Percentage Mod: HP is shown in percentages
|rule|Endless Battle Clause: Forcing endless battles is banned
|rule|Species Clause: Limit one of each Pokémon
|rule|OHKO Clause: OHKO moves are banned
|rule|Evasion Items Clause: Evasion items are banned
|rule|Evasion Moves Clause: Evasion moves are banned
|rule|Sleep Moves Clause: Sleep-inducing moves are banned
|clearpoke
|poke|p1|Walking Wake|
|poke|p1|Torkoal, F|
|poke|p1|Hatterene, F|
|poke|p1|Corviknight, F|
|poke|p1|Sandy Shocks|
|poke|p1|Blaziken, F|
|poke|p2|Hydrapple, M|
|poke|p2|Excadrill, F|
|poke|p2|Hippowdon, F|
|poke|p2|Garganacl, M|
|poke|p2|Samurott-Hisui, F|
|poke|p2|Skeledirge, M|
|teampreview
|
|t:|1743831992
|start
|switch|p1a: Torkoal|Torkoal, F|100/100
|switch|p2a: Garganacl|Garganacl, M|100/100
|-weather|SunnyDay|[from] ability: Drought|[of] p1a: Torkoal
|turn|1
|inactive|Battle timer is ON: inactive players will automatically lose when time's up. (requested by sleepdeprevation)
|
|t:|1743832003
|switch|p1a: Corviknight|Corviknight, F|100/100
|-ability|p1a: Corviknight|Pressure
|move|p2a: Garganacl|Salt Cure|p1a: Corviknight
|-crit|p1a: Corviknight
|-damage|p1a: Corviknight|89/100
|
|-weather|SunnyDay|[upkeep]
|upkeep
|turn|2
|
|t:|1743832015
|switch|p2a: Hippowdon|Hippowdon, F|100/100
|-weather|Sandstorm|[from] ability: Sand Stream|[of] p2a: Hippowdon
|move|p1a: Corviknight|U-turn|p2a: Hippowdon
|-damage|p2a: Hippowdon|90/100
|
|t:|1743832028
|switch|p1a: Torkoal|Torkoal, F|100/100|[from] U-turn
|-weather|SunnyDay|[from] ability: Drought|[of] p1a: Torkoal
|
|-weather|SunnyDay|[upkeep]
|-heal|p2a: Hippowdon|97/100|[from] item: Leftovers
|upkeep
|turn|3
|
|t:|1743832036
|switch|p2a: Garganacl|Garganacl, M|100/100
|switch|p1a: Hatterene|Hatterene, F|100/100
|
|-weather|SunnyDay|[upkeep]
|upkeep
|turn|4
|
|t:|1743832047
|switch|p1a: Corviknight|Corviknight, F|89/100
|-ability|p1a: Corviknight|Pressure
|move|p2a: Garganacl|Curse|p2a: Garganacl
|-unboost|p2a: Garganacl|spe|1
|-boost|p2a: Garganacl|atk|1
|-boost|p2a: Garganacl|def|1
|
|-weather|SunnyDay|[upkeep]
|upkeep
|turn|5
|
|t:|1743832055
|move|p1a: Corviknight|Iron Defense|p1a: Corviknight
|-boost|p1a: Corviknight|def|2
|move|p2a: Garganacl|Curse|p2a: Garganacl
|-unboost|p2a: Garganacl|spe|1
|-boost|p2a: Garganacl|atk|1
|-boost|p2a: Garganacl|def|1
|
|-weather|SunnyDay|[upkeep]
|upkeep
|turn|6
|
|t:|1743832059
|switch|p2a: Skeledirge|Skeledirge, M|100/100
|move|p1a: Corviknight|Iron Defense|p1a: Corviknight
|-boost|p1a: Corviknight|def|2
|
|-weather|SunnyDay|[upkeep]
|upkeep
|turn|7
|
|t:|1743832066
|switch|p1a: Walking Wake|Walking Wake|100/100
|-activate|p1a: Walking Wake|ability: Protosynthesis
|-start|p1a: Walking Wake|protosynthesisspe
|move|p2a: Skeledirge|Torch Song|p1a: Walking Wake
|-resisted|p1a: Walking Wake
|-damage|p1a: Walking Wake|87/100
|-boost|p2a: Skeledirge|spa|1
|
|-weather|SunnyDay|[upkeep]
|upkeep
|turn|8
|
|t:|1743832073
|switch|p2a: Hippowdon|Hippowdon, F|97/100
|-weather|Sandstorm|[from] ability: Sand Stream|[of] p2a: Hippowdon
|-end|p1a: Walking Wake|Protosynthesis
|move|p1a: Walking Wake|Draco Meteor|p2a: Hippowdon
|-damage|p2a: Hippowdon|30/100
|-unboost|p1a: Walking Wake|spa|2
|
|-weather|Sandstorm|[upkeep]
|-damage|p1a: Walking Wake|81/100|[from] Sandstorm
|-heal|p2a: Hippowdon|36/100|[from] item: Leftovers
|upkeep
|turn|9
|
|t:|1743832083
|-end|p1a: Walking Wake|Protosynthesis|[silent]
|switch|p1a: Corviknight|Corviknight, F|89/100
|-ability|p1a: Corviknight|Pressure
|move|p2a: Hippowdon|Slack Off|p2a: Hippowdon
|-heal|p2a: Hippowdon|86/100
|
|-weather|Sandstorm|[upkeep]
|-heal|p2a: Hippowdon|93/100|[from] item: Leftovers
|upkeep
|turn|10
|
|t:|1743832090
|move|p1a: Corviknight|U-turn|p2a: Hippowdon
|-damage|p2a: Hippowdon|82/100
|
|t:|1743832094
|switch|p1a: Torkoal|Torkoal, F|100/100|[from] U-turn
|-weather|SunnyDay|[from] ability: Drought|[of] p1a: Torkoal
|move|p2a: Hippowdon|Whirlwind|p1a: Torkoal
|drag|p1a: Walking Wake|Walking Wake|81/100
|-activate|p1a: Walking Wake|ability: Protosynthesis
|-start|p1a: Walking Wake|protosynthesisspe
|
|-weather|SunnyDay|[upkeep]
|-heal|p2a: Hippowdon|88/100|[from] item: Leftovers
|upkeep
|turn|11
|inactive|sleepdeprevation has 120 seconds left.
|
|t:|1743832141
|switch|p2a: Garganacl|Garganacl, M|100/100
|move|p1a: Walking Wake|Hydro Steam|p2a: Garganacl
|-supereffective|p2a: Garganacl
|-damage|p2a: Garganacl|0 fnt
|faint|p2a: Garganacl
|
|-weather|SunnyDay|[upkeep]
|upkeep
|
|t:|1743832149
|switch|p2a: Samurott|Samurott-Hisui, F|100/100
|turn|12
|
|t:|1743832158
|move|p1a: Walking Wake|Hydro Steam|p2a: Samurott
|-resisted|p2a: Samurott
|-damage|p2a: Samurott|28/100
|move|p2a: Samurott|Ceaseless Edge|p1a: Walking Wake
|-damage|p1a: Walking Wake|32/100
|-sidestart|p1: zhiyongyici|Spikes
|
|-weather|SunnyDay|[upkeep]
|upkeep
|turn|13
|inactive|sleepdeprevation has 120 seconds left.
|
|t:|1743832168
|switch|p2a: Hydrapple|Hydrapple, M|100/100
|move|p1a: Walking Wake|Hydro Steam|p2a: Hydrapple
|-resisted|p2a: Hydrapple
|-damage|p2a: Hydrapple|79/100
|
|-weather|SunnyDay|[upkeep]
|upkeep
|turn|14
|inactive|sleepdeprevation has 120 seconds left.
|
|t:|1743832182
|-end|p1a: Walking Wake|Protosynthesis|[silent]
|switch|p1a: Hatterene|Hatterene, F|100/100
|-damage|p1a: Hatterene|88/100|[from] Spikes
|switch|p2a: Hippowdon|Hippowdon, F|88/100
|-weather|Sandstorm|[from] ability: Sand Stream|[of] p2a: Hippowdon
|
|-weather|Sandstorm|[upkeep]
|-damage|p1a: Hatterene|82/100|[from] Sandstorm
|-heal|p2a: Hippowdon|94/100|[from] item: Leftovers
|upkeep
|turn|15
|
|t:|1743832198
|move|p2a: Hippowdon|Earthquake|p1a: Hatterene
|-damage|p1a: Hatterene|49/100
|-enditem|p1a: Hatterene|Eject Button
|
|t:|1743832212
|switch|p1a: Torkoal|Torkoal, F|100/100
|-damage|p1a: Torkoal|88/100|[from] Spikes
|-weather|SunnyDay|[from] ability: Drought|[of] p1a: Torkoal
|
|-weather|SunnyDay|[upkeep]
|-heal|p2a: Hippowdon|99/100|[from] item: Leftovers
|upkeep
|turn|16
|
|t:|1743832223
|switch|p1a: Corviknight|Corviknight, F|89/100
|-ability|p1a: Corviknight|Pressure
|move|p2a: Hippowdon|Stealth Rock|p1a: Corviknight
|-sidestart|p1: zhiyongyici|move: Stealth Rock
|
|-weather|SunnyDay|[upkeep]
|-heal|p2a: Hippowdon|100/100|[from] item: Leftovers
|upkeep
|turn|17
|
|t:|1743832229
|move|p1a: Corviknight|U-turn|p2a: Hippowdon
|-damage|p2a: Hippowdon|90/100
|
|t:|1743832237
|switch|p1a: Torkoal|Torkoal, F|88/100|[from] U-turn
|-damage|p1a: Torkoal|76/100|[from] Spikes
|-damage|p1a: Torkoal|51/100|[from] Stealth Rock
|move|p2a: Hippowdon|Whirlwind|p1a: Torkoal
|drag|p1a: Sandy Shocks|Sandy Shocks|100/100
|-damage|p1a: Sandy Shocks|88/100|[from] Spikes
|-damage|p1a: Sandy Shocks|82/100|[from] Stealth Rock
|-activate|p1a: Sandy Shocks|ability: Protosynthesis
|-start|p1a: Sandy Shocks|protosynthesisspa
|
|-weather|SunnyDay|[upkeep]
|-heal|p2a: Hippowdon|96/100|[from] item: Leftovers
|upkeep
|turn|18
|inactive|zhiyongyici has 120 seconds left.
|inactive|zhiyongyici has 90 seconds left.
|
|t:|1743832306
|-end|p1a: Sandy Shocks|Protosynthesis|[silent]
|switch|p1a: Corviknight|Corviknight, F|89/100
|-damage|p1a: Corviknight|77/100|[from] Stealth Rock
|-ability|p1a: Corviknight|Pressure
|move|p2a: Hippowdon|Whirlwind|p1a: Corviknight
|drag|p1a: Torkoal|Torkoal, F|51/100
|-damage|p1a: Torkoal|39/100|[from] Spikes
|-damage|p1a: Torkoal|14/100|[from] Stealth Rock
|
|-weather|SunnyDay|[upkeep]
|-heal|p2a: Hippowdon|100/100|[from] item: Leftovers
|upkeep
|turn|19
|inactive|zhiyongyici has 90 seconds left.
|
|t:|1743832317
|move|p2a: Hippowdon|Earthquake|p1a: Torkoal
|-supereffective|p1a: Torkoal
|-damage|p1a: Torkoal|0 fnt
|faint|p1a: Torkoal
|
|-weather|SunnyDay|[upkeep]
|upkeep
|
|t:|1743832320
|switch|p1a: Walking Wake|Walking Wake|32/100
|-damage|p1a: Walking Wake|19/100|[from] Spikes
|-damage|p1a: Walking Wake|7/100|[from] Stealth Rock
|-activate|p1a: Walking Wake|ability: Protosynthesis
|-start|p1a: Walking Wake|protosynthesisspe
|turn|20
|
|t:|1743832326
|switch|p2a: Hydrapple|Hydrapple, M|100/100
|move|p1a: Walking Wake|Draco Meteor|p2a: Hydrapple|[miss]
|-miss|p1a: Walking Wake|p2a: Hydrapple
|
|-weather|SunnyDay|[upkeep]
|upkeep
|turn|21
|
|t:|1743832330
|switch|p2a: Hippowdon|Hippowdon, F|100/100
|-weather|Sandstorm|[from] ability: Sand Stream|[of] p2a: Hippowdon
|-end|p1a: Walking Wake|Protosynthesis
|move|p1a: Walking Wake|Draco Meteor|p2a: Hippowdon
|-crit|p2a: Hippowdon
|-damage|p2a: Hippowdon|0 fnt
|-unboost|p1a: Walking Wake|spa|2
|faint|p2a: Hippowdon
|
|-weather|Sandstorm|[upkeep]
|-damage|p1a: Walking Wake|1/100|[from] Sandstorm
|upkeep
|
|t:|1743832339
|switch|p2a: Excadrill|Excadrill, F|100/100
|-item|p2a: Excadrill|Air Balloon
|turn|22
|
|t:|1743832343
|move|p2a: Excadrill|Rapid Spin|p1a: Walking Wake
|-damage|p1a: Walking Wake|0 fnt
|-boost|p2a: Excadrill|spe|1
|faint|p1a: Walking Wake
|-end|p1a: Walking Wake|Protosynthesis|[silent]
|
|-weather|Sandstorm|[upkeep]
|upkeep
|inactive|zhiyongyici has 120 seconds left.
|
|t:|1743832352
|switch|p1a: Corviknight|Corviknight, F|77/100
|-damage|p1a: Corviknight|64/100|[from] Stealth Rock
|-ability|p1a: Corviknight|Pressure
|turn|23
|
|t:|1743832356
|switch|p2a: Skeledirge|Skeledirge, M|100/100
|move|p1a: Corviknight|U-turn|p2a: Skeledirge
|-resisted|p2a: Skeledirge
|-damage|p2a: Skeledirge|98/100
|
|t:|1743832364
|switch|p1a: Blaziken|Blaziken, F|100/100|[from] U-turn
|-damage|p1a: Blaziken|88/100|[from] Spikes
|-damage|p1a: Blaziken|76/100|[from] Stealth Rock
|
|-weather|Sandstorm|[upkeep]
|-damage|p1a: Blaziken|70/100|[from] Sandstorm
|-damage|p2a: Skeledirge|92/100|[from] Sandstorm
|upkeep
|turn|24
|
|t:|1743832372
|switch|p2a: Hydrapple|Hydrapple, M|100/100
|move|p1a: Blaziken|Focus Energy|p1a: Blaziken
|-start|p1a: Blaziken|move: Focus Energy
|
|-weather|Sandstorm|[upkeep]
|-damage|p1a: Blaziken|64/100|[from] Sandstorm
|-damage|p2a: Hydrapple|94/100|[from] Sandstorm
|-ability|p1a: Blaziken|Speed Boost|boost
|-boost|p1a: Blaziken|spe|1
|upkeep
|turn|25
|
|t:|1743832386
|move|p1a: Blaziken|Overheat|p2a: Hydrapple
|-damage|p2a: Hydrapple|21/100
|-unboost|p1a: Blaziken|spa|2
|-damage|p1a: Blaziken|54/100|[from] item: Life Orb
|move|p2a: Hydrapple|Earth Power|p1a: Blaziken
|-supereffective|p1a: Blaziken
|-damage|p1a: Blaziken|0 fnt
|faint|p1a: Blaziken
|
|-weather|none
|upkeep
|c|☆sleepdeprevation|wait I thought that was supposed to be garunteed crit
|inactive|zhiyongyici has 120 seconds left.
|c|☆sleepdeprevation|u not scope lense?
|
|t:|1743832429
|switch|p1a: Hatterene|Hatterene, F|49/100
|-damage|p1a: Hatterene|36/100|[from] Spikes
|-damage|p1a: Hatterene|24/100|[from] Stealth Rock
|turn|26
|
|t:|1743832442
|move|p2a: Hydrapple|Giga Drain|p1a: Hatterene
|-damage|p1a: Hatterene|0 fnt
|-heal|p2a: Hydrapple|30/100|[from] drain|[of] p1a: Hatterene
|faint|p1a: Hatterene
|
|upkeep
|
|t:|1743832444
|switch|p1a: Sandy Shocks|Sandy Shocks|82/100
|-damage|p1a: Sandy Shocks|69/100|[from] Spikes
|-damage|p1a: Sandy Shocks|63/100|[from] Stealth Rock
|turn|27
|
|t:|1743832448
|-terastallize|p1a: Sandy Shocks|Ice
|move|p1a: Sandy Shocks|Tera Blast|p2a: Hydrapple|[anim] Tera Blast Ice
|-supereffective|p2a: Hydrapple
|-damage|p2a: Hydrapple|0 fnt
|faint|p2a: Hydrapple
|
|upkeep
|
|t:|1743832451
|switch|p2a: Excadrill|Excadrill, F|100/100
|-item|p2a: Excadrill|Air Balloon
|turn|28
|
|t:|1743832457
|-end|p1a: Sandy Shocks|Protosynthesis|[silent]
|switch|p1a: Corviknight|Corviknight, F|64/100
|-damage|p1a: Corviknight|52/100|[from] Stealth Rock
|-ability|p1a: Corviknight|Pressure
|move|p2a: Excadrill|Iron Head|p1a: Corviknight
|-resisted|p1a: Corviknight
|-damage|p1a: Corviknight|39/100
|
|upkeep
|turn|29
|
|t:|1743832464
|switch|p2a: Skeledirge|Skeledirge, M|92/100
|move|p1a: Corviknight|Roost|p1a: Corviknight
|-heal|p1a: Corviknight|89/100
|-singleturn|p1a: Corviknight|move: Roost
|
|upkeep
|turn|30
|
|t:|1743832470
|move|p1a: Corviknight|U-turn|p2a: Skeledirge
|-resisted|p2a: Skeledirge
|-damage|p2a: Skeledirge|90/100
|
|t:|1743832473
|switch|p1a: Sandy Shocks|Sandy Shocks, tera:Ice|63/100|[from] U-turn
|-damage|p1a: Sandy Shocks|51/100|[from] Spikes
|-damage|p1a: Sandy Shocks|26/100|[from] Stealth Rock
|move|p2a: Skeledirge|Torch Song|p1a: Sandy Shocks
|-supereffective|p1a: Sandy Shocks
|-damage|p1a: Sandy Shocks|0 fnt
|-boost|p2a: Skeledirge|spa|1
|faint|p1a: Sandy Shocks
|-end|p1a: Sandy Shocks|Protosynthesis|[silent]
|
|upkeep
|
|t:|1743832475
|switch|p1a: Corviknight|Corviknight, F|89/100
|-damage|p1a: Corviknight|77/100|[from] Stealth Rock
|-ability|p1a: Corviknight|Pressure
|turn|31
|c|☆sleepdeprevation|ggs
|
|t:|1743832484
|move|p1a: Corviknight|U-turn|p2a: Skeledirge
|-resisted|p2a: Skeledirge
|-damage|p2a: Skeledirge|88/100
|move|p2a: Skeledirge|Torch Song|p1a: Corviknight
|-supereffective|p1a: Corviknight
|-damage|p1a: Corviknight|0 fnt
|-boost|p2a: Skeledirge|spa|1
|faint|p1a: Corviknight
|
|win|sleepdeprevation
|raw|zhiyongyici's rating: 1390 &rarr; <strong>1372</strong><br />(-18 for losing)
|raw|sleepdeprevation's rating: 1417 &rarr; <strong>1435</strong><br />(+18 for winning)
|l|☆zhiyongyici
|player|p1|
|l|☆sleepdeprevation
|player|p2|
