|j|☆shedinja57
|j|☆gospel88
|t:|1743805017
|gametype|singles
|player|p1|shedinja57|101|1162
|player|p2|gospel88|acetrainer-gen4dp|1159
|teamsize|p1|6
|teamsize|p2|6
|gen|9
|tier|[Gen 9] OU
|rated|
|rule|HP Percentage Mod: HP is shown in percentages
|rule|Endless Battle Clause: Forcing endless battles is banned
|rule|Species Clause: Limit one of each Pokémon
|rule|OHKO Clause: OHKO moves are banned
|rule|Evasion Items Clause: Evasion items are banned
|rule|Evasion Moves Clause: Evasion moves are banned
|rule|Sleep Moves Clause: Sleep-inducing moves are banned
|clearpoke
|poke|p1|Hatterene, F|
|poke|p1|Garganacl, F|
|poke|p1|Cresselia, F|
|poke|p1|Ursaluna, L99, M|
|poke|p1|Kingambit, M|
|poke|p1|Hoopa-Unbound|
|poke|p2|Venusaur, M|
|poke|p2|Zapdos|
|poke|p2|Feraligatr, M|
|poke|p2|Ariados, M|
|poke|p2|Kingdra, M|
|poke|p2|Ceruledge, F|
|teampreview
|
|t:|1743805030
|start
|switch|p1a: Garganacl|Garganacl, F|100/100
|switch|p2a: Feraligatr|Feraligatr, M|100/100
|turn|1
|
|t:|1743805040
|move|p2a: Feraligatr|Liquidation|p1a: Garganacl
|-supereffective|p1a: Garganacl
|-damage|p1a: Garganacl|15/100
|move|p1a: Garganacl|Salt Cure|p2a: Feraligatr
|-damage|p2a: Feraligatr|86/100
|-start|p2a: Feraligatr|Salt Cure
|
|-heal|p1a: Garganacl|21/100|[from] item: Leftovers
|-damage|p2a: Feraligatr|61/100|[from] Salt Cure
|upkeep
|turn|2
|
|t:|1743805056
|switch|p2a: Venusaur|Venusaur, M|100/100
|switch|p1a: Cresselia|Cresselia, F|100/100
|
|upkeep
|turn|3
|
|t:|1743805070
|switch|p2a: Feraligatr|Feraligatr, M|61/100
|move|p1a: Cresselia|Trick Room|p1a: Cresselia
|-fieldstart|move: Trick Room|[of] p1a: Cresselia
|
|upkeep
|turn|4
|
|t:|1743805082
|switch|p1a: Ursaluna|Ursaluna, L99, M|100/100
|move|p2a: Feraligatr|Liquidation|p1a: Ursaluna
|-supereffective|p1a: Ursaluna
|-damage|p1a: Ursaluna|3/100
|
|-status|p1a: Ursaluna|brn|[from] item: Flame Orb
|upkeep
|turn|5
|
|t:|1743805095
|switch|p2a: Ceruledge|Ceruledge, F|100/100
|move|p1a: Ursaluna|Facade|p2a: Ceruledge
|-immune|p2a: Ceruledge
|
|-damage|p1a: Ursaluna|0 fnt|[from] brn
|faint|p1a: Ursaluna
|upkeep
|
|t:|1743805103
|switch|p1a: Garganacl|Garganacl, F|21/100
|turn|6
|
|t:|1743805109
|switch|p2a: Venusaur|Venusaur, M|100/100
|move|p1a: Garganacl|Salt Cure|p2a: Venusaur
|-damage|p2a: Venusaur|85/100
|-start|p2a: Venusaur|Salt Cure
|
|-heal|p1a: Garganacl|27/100|[from] item: Leftovers
|-heal|p2a: Venusaur|91/100|[from] item: Leftovers
|-damage|p2a: Venusaur|79/100|[from] Salt Cure
|upkeep
|turn|7
|
|t:|1743805120
|move|p1a: Garganacl|Earthquake|p2a: Venusaur
|-damage|p2a: Venusaur|53/100
|move|p2a: Venusaur|Giga Drain|p1a: Garganacl
|-supereffective|p1a: Garganacl
|-damage|p1a: Garganacl|0 fnt
|-heal|p2a: Venusaur|68/100|[from] drain|[of] p1a: Garganacl
|faint|p1a: Garganacl
|
|-heal|p2a: Venusaur|74/100|[from] item: Leftovers
|-damage|p2a: Venusaur|62/100|[from] Salt Cure
|-fieldend|move: Trick Room
|upkeep
|
|t:|1743805131
|switch|p1a: Hoopa|Hoopa-Unbound|100/100
|turn|8
|
|t:|1743805140
|switch|p2a: Zapdos|Zapdos|100/100
|move|p1a: Hoopa|Trick Room|p1a: Hoopa
|-fieldstart|move: Trick Room|[of] p1a: Hoopa
|
|upkeep
|turn|9
|
|t:|1743805151
|move|p1a: Hoopa|Dark Pulse|p2a: Zapdos
|-damage|p2a: Zapdos|46/100
|cant|p2a: Zapdos|flinch
|
|upkeep
|turn|10
|
|t:|1743805174
|switch|p2a: Feraligatr|Feraligatr, M|61/100
|move|p1a: Hoopa|Psychic|p2a: Feraligatr
|-damage|p2a: Feraligatr|0 fnt
|faint|p2a: Feraligatr
|
|upkeep
|
|t:|1743805182
|switch|p2a: Ariados|Ariados, M, shiny|100/100
|turn|11
|
|t:|1743805189
|-terastallize|p2a: Ariados|Bug
|move|p2a: Ariados|Leech Life|p1a: Hoopa
|-supereffective|p1a: Hoopa
|-damage|p1a: Hoopa|0 fnt
|faint|p1a: Hoopa
|
|upkeep
|
|t:|1743805197
|switch|p1a: Hatterene|Hatterene, F|100/100
|turn|12
|
|t:|1743805202
|move|p1a: Hatterene|Psychic Noise|p2a: Ariados
|-damage|p2a: Ariados|40/100
|-start|p2a: Ariados|move: Heal Block
|cant|p2a: Ariados|move: Heal Block|Leech Life
|
|-fieldend|move: Trick Room
|upkeep
|turn|13
|
|t:|1743805216
|move|p2a: Ariados|Sucker Punch||[still]
|-fail|p2a: Ariados
|move|p1a: Hatterene|Trick Room|p1a: Hatterene
|-fieldstart|move: Trick Room|[of] p1a: Hatterene
|
|-end|p2a: Ariados|move: Heal Block
|upkeep
|turn|14
|
|t:|1743805224
|move|p2a: Ariados|Sucker Punch|p1a: Hatterene
|-damage|p1a: Hatterene|78/100
|move|p1a: Hatterene|Psychic Noise|p2a: Ariados
|-damage|p2a: Ariados|0 fnt
|faint|p2a: Ariados
|
|upkeep
|inactive|Battle timer is ON: inactive players will automatically lose when time's up. (requested by shedinja57)
|
|t:|1743805246
|switch|p2a: Zapdos|Zapdos|46/100
|turn|15
|
|t:|1743805256
|move|p1a: Hatterene|Dazzling Gleam|p2a: Zapdos
|-damage|p2a: Zapdos|0 fnt
|faint|p2a: Zapdos
|
|upkeep
|
|t:|1743805265
|switch|p2a: Venusaur|Venusaur, M|62/100
|turn|16
|
|t:|1743805273
|move|p1a: Hatterene|Psychic Noise|p2a: Venusaur
|-supereffective|p2a: Venusaur
|-damage|p2a: Venusaur|0 fnt
|faint|p2a: Venusaur
|
|upkeep
|
|t:|1743805281
|switch|p2a: Kingdra|Kingdra, M|100/100
|turn|17
|
|t:|1743805289
|switch|p2a: Ceruledge|Ceruledge, F|100/100
|move|p1a: Hatterene|Psychic Noise|p2a: Ceruledge
|-damage|p2a: Ceruledge|53/100
|-start|p2a: Ceruledge|move: Heal Block
|
|-fieldend|move: Trick Room
|upkeep
|turn|18
|
|t:|1743805302
|move|p2a: Ceruledge|Flare Blitz|p1a: Hatterene
|-damage|p1a: Hatterene|12/100
|-damage|p2a: Ceruledge|29/100|[from] Recoil
|move|p1a: Hatterene|Trick Room|p1a: Hatterene
|-fieldstart|move: Trick Room|[of] p1a: Hatterene
|
|-end|p2a: Ceruledge|move: Heal Block
|upkeep
|turn|19
|
|t:|1743805310
|move|p1a: Hatterene|Psychic Noise|p2a: Ceruledge
|-damage|p2a: Ceruledge|0 fnt
|faint|p2a: Ceruledge
|
|upkeep
|
|t:|1743805316
|switch|p2a: Kingdra|Kingdra, M|100/100
|turn|20
|
|t:|1743805320
|move|p1a: Hatterene|Psychic Noise|p2a: Kingdra
|-damage|p2a: Kingdra|57/100
|-start|p2a: Kingdra|move: Heal Block
|move|p2a: Kingdra|Scald|p1a: Hatterene
|-damage|p1a: Hatterene|0 fnt
|faint|p1a: Hatterene
|
|upkeep
|
|t:|1743805324
|switch|p1a: Kingambit|Kingambit, M|100/100
|-activate|p1a: Kingambit|ability: Supreme Overlord
|-start|p1a: Kingambit|fallen4|[silent]
|turn|21
|
|t:|1743805333
|move|p1a: Kingambit|Iron Head|p2a: Kingdra
|-resisted|p2a: Kingdra
|-damage|p2a: Kingdra|22/100
|move|p2a: Kingdra|Scald|p1a: Kingambit
|-damage|p1a: Kingambit|66/100
|-status|p1a: Kingambit|brn
|
|-damage|p1a: Kingambit|60/100 brn|[from] brn
|-end|p2a: Kingdra|move: Heal Block
|upkeep
|turn|22
|
|t:|1743805345
|move|p1a: Kingambit|Sucker Punch||[still]
|-fail|p1a: Kingambit
|move|p2a: Kingdra|Focus Energy|p2a: Kingdra
|-start|p2a: Kingdra|move: Focus Energy
|
|-damage|p1a: Kingambit|54/100 brn|[from] brn
|-fieldend|move: Trick Room
|upkeep
|turn|23
|
|t:|1743805356
|move|p1a: Kingambit|Sucker Punch|p2a: Kingdra
|-damage|p2a: Kingdra|0 fnt
|faint|p2a: Kingdra
|
|win|shedinja57
|raw|shedinja57's rating: 1162 &rarr; <strong>1187</strong><br />(+25 for winning)
|raw|gospel88's rating: 1159 &rarr; <strong>1134</strong><br />(-25 for losing)
|l|☆shedinja57
|player|p1|
|l|☆gospel88
|player|p2|
