|j|☆actualonion
|j|☆haruka number 1
|t:|1743915625
|gametype|singles
|player|p1|actualonion|hexmaniac-gen6|1685
|player|p2|haruka number 1|dawn|1701
|teamsize|p1|6
|teamsize|p2|6
|gen|9
|tier|[Gen 9] OU
|rated|
|rule|HP Percentage Mod: HP is shown in percentages
|rule|Endless Battle Clause: Forcing endless battles is banned
|rule|Species Clause: Limit one of each Pokémon
|rule|OHKO Clause: OHKO moves are banned
|rule|Evasion Items Clause: Evasion items are banned
|rule|Evasion Moves Clause: Evasion moves are banned
|rule|Sleep Moves Clause: Sleep-inducing moves are banned
|clearpoke
|poke|p1|Glimmora, F|
|poke|p1|Ting-Lu|
|poke|p1|Iron Crown|
|poke|p1|Sinistcha|
|poke|p1|Dragonite, M|
|poke|p1|Iron Valiant|
|poke|p2|Gholdengo|
|poke|p2|Primarina, M|
|poke|p2|Cinderace, M|
|poke|p2|Raging Bolt|
|poke|p2|Landorus-Therian, M|
|poke|p2|Ogerpon-Cornerstone, F|
|teampreview
|inactive|Battle timer is ON: inactive players will automatically lose when time's up. (requested by haruka number 1)
|j| Iron Michael 66
|inactive|actualonion has 120 seconds left.
|j| archpapus
|
|t:|1743915669
|start
|switch|p1a: Iron Crow|Iron Crown|100/100
|switch|p2a: Primarina|Primarina, M|100/100
|turn|1
|
|t:|1743915674
|switch|p2a: Raging Bolt|Raging Bolt|100/100
|move|p1a: Iron Crow|Psyshock|p2a: Raging Bolt
|-damage|p2a: Raging Bolt|71/100
|
|upkeep
|turn|2
|
|t:|1743915684
|move|p1a: Iron Crow|Volt Switch|p2a: Raging Bolt
|-resisted|p2a: Raging Bolt
|-damage|p2a: Raging Bolt|68/100
|
|t:|1743915686
|-end|p1a: Iron Crow|Quark Drive|[silent]
|switch|p1a: Ting-L|Ting-Lu|100/100|[from] Volt Switch
|-ability|p1a: Ting-L|Vessel of Ruin
|move|p2a: Raging Bolt|Draco Meteor|p1a: Ting-L
|-damage|p1a: Ting-L|52/100
|-unboost|p2a: Raging Bolt|spa|2
|
|upkeep
|turn|3
|
|t:|1743915693
|-end|p2a: Raging Bolt|Protosynthesis|[silent]
|switch|p2a: Landorus|Landorus-Therian, M|100/100
|-ability|p2a: Landorus|Intimidate|boost
|-unboost|p1a: Ting-L|atk|1
|move|p1a: Ting-L|Ruination|p2a: Landorus
|-damage|p2a: Landorus|51/100
|
|upkeep
|turn|4
|
|t:|1743915699
|move|p2a: Landorus|Taunt|p1a: Ting-L
|-start|p1a: Ting-L|move: Taunt
|cant|p1a: Ting-L|move: Taunt|Spikes
|
|upkeep
|turn|5
|
|t:|1743915704
|move|p2a: Landorus|Stealth Rock|p1a: Ting-L
|-sidestart|p1: actualonion|move: Stealth Rock
|move|p1a: Ting-L|Ruination|p2a: Landorus
|-damage|p2a: Landorus|26/100
|
|upkeep
|turn|6
|j| novafish21
|
|t:|1743915706
|move|p2a: Landorus|U-turn|p1a: Ting-L
|-supereffective|p1a: Ting-L
|-damage|p1a: Ting-L|27/100
|-damage|p2a: Landorus|9/100|[from] item: Rocky Helmet|[of] p1a: Ting-L
|
|t:|1743915712
|switch|p2a: Raging Bolt|Raging Bolt|68/100|[from] U-turn
|move|p1a: Ting-L|Ruination|p2a: Raging Bolt
|-damage|p2a: Raging Bolt|34/100
|
|-end|p1a: Ting-L|move: Taunt
|upkeep
|turn|7
|
|t:|1743915720
|move|p1a: Ting-L|Spikes|p2a: Raging Bolt
|-sidestart|p2: haruka number 1|Spikes
|move|p2a: Raging Bolt|Draco Meteor|p1a: Ting-L
|-damage|p1a: Ting-L|0 fnt
|-unboost|p2a: Raging Bolt|spa|2
|faint|p1a: Ting-L
|
|upkeep
|
|t:|1743915724
|switch|p1a: Glimmor|Glimmora, F|100/100
|-damage|p1a: Glimmor|88/100|[from] Stealth Rock
|turn|8
|
|t:|1743915728
|move|p1a: Glimmor|Mortal Spin|p2a: Raging Bolt
|-damage|p2a: Raging Bolt|29/100
|-status|p2a: Raging Bolt|psn
|-sideend|p1: actualonion|Stealth Rock|[from] move: Mortal Spin|[of] p1a: Glimmor
|move|p2a: Raging Bolt|Draco Meteor|p1a: Glimmor
|-damage|p1a: Glimmor|33/100
|-unboost|p2a: Raging Bolt|spa|2
|
|-damage|p2a: Raging Bolt|17/100 psn|[from] psn
|upkeep
|turn|9
|
|t:|1743915731
|move|p1a: Glimmor|Stealth Rock|p2a: Raging Bolt
|-sidestart|p2: haruka number 1|move: Stealth Rock
|move|p2a: Raging Bolt|Draco Meteor|p1a: Glimmor
|-damage|p1a: Glimmor|1/100
|-unboost|p2a: Raging Bolt|spa|2
|
|-damage|p2a: Raging Bolt|4/100 psn|[from] psn
|upkeep
|turn|10
|
|t:|1743915736
|move|p2a: Raging Bolt|Thunderclap|p1a: Glimmor
|-damage|p1a: Glimmor|0 fnt
|faint|p1a: Glimmor
|
|-damage|p2a: Raging Bolt|0 fnt|[from] psn
|faint|p2a: Raging Bolt
|-end|p2a: Raging Bolt|Protosynthesis|[silent]
|upkeep
|j| l3ss3r4f1m
|
|t:|1743915741
|switch|p1a: Iron Valian|Iron Valiant|100/100
|switch|p2a: Cinderace|Cinderace, M|100/100
|-enditem|p1a: Iron Valian|Booster Energy
|-activate|p1a: Iron Valian|ability: Quark Drive|[fromitem]
|-start|p1a: Iron Valian|quarkdrivespe
|turn|11
|
|t:|1743915743
|move|p1a: Iron Valian|Swords Dance|p1a: Iron Valian
|-boost|p1a: Iron Valian|atk|2
|move|p2a: Cinderace|Court Change|p2a: Cinderace
|-start|p2a: Cinderace|typechange|Normal|[from] ability: Libero
|-swapsideconditions
|-activate|p2a: Cinderace|move: Court Change
|
|upkeep
|turn|12
|
|t:|1743915745
|switch|p2a: Landorus|Landorus-Therian, M|9/100
|-ability|p2a: Landorus|Intimidate|boost
|-unboost|p1a: Iron Valian|atk|1
|move|p1a: Iron Valian|Encore||[still]
|-fail|p1a: Iron Valian
|
|upkeep
|turn|13
|l| l3ss3r4f1m
|
|t:|1743915754
|move|p1a: Iron Valian|Swords Dance|p1a: Iron Valian
|-boost|p1a: Iron Valian|atk|2
|move|p2a: Landorus|Earthquake|p1a: Iron Valian
|-damage|p1a: Iron Valian|43/100
|
|upkeep
|turn|14
|
|t:|1743915760
|move|p1a: Iron Valian|Knock Off|p2a: Landorus
|-damage|p2a: Landorus|0 fnt
|-damage|p1a: Iron Valian|27/100|[from] item: Rocky Helmet|[of] p2a: Landorus
|-enditem|p2a: Landorus|Rocky Helmet|[from] move: Knock Off|[of] p1a: Iron Valian
|faint|p2a: Landorus
|
|upkeep
|
|t:|1743915762
|switch|p2a: Ogerpon|Ogerpon-Cornerstone, F|100/100
|turn|15
|
|t:|1743915765
|move|p1a: Iron Valian|Knock Off|p2a: Ogerpon
|-damage|p2a: Ogerpon|24/100
|move|p2a: Ogerpon|Horn Leech|p1a: Iron Valian
|-damage|p1a: Iron Valian|0 fnt
|-heal|p2a: Ogerpon|37/100|[from] drain|[of] p1a: Iron Valian
|faint|p1a: Iron Valian
|-end|p1a: Iron Valian|Quark Drive|[silent]
|
|upkeep
|
|t:|1743915773
|switch|p1a: Sinistch|Sinistcha|100/100
|turn|16
|
|t:|1743915776
|move|p2a: Ogerpon|Knock Off|p1a: Sinistch
|-supereffective|p1a: Sinistch
|-damage|p1a: Sinistch|39/100
|-enditem|p1a: Sinistch|Heavy-Duty Boots|[from] move: Knock Off|[of] p2a: Ogerpon
|move|p1a: Sinistch|Matcha Gotcha|p2a: Ogerpon
|-damage|p2a: Ogerpon|2/100
|-heal|p1a: Sinistch|54/100|[from] drain|[of] p2a: Ogerpon
|
|upkeep
|turn|17
|
|t:|1743915783
|move|p2a: Ogerpon|Ivy Cudgel|p1a: Sinistch|[anim] Ivy Cudgel Rock
|-crit|p1a: Sinistch
|-damage|p1a: Sinistch|0 fnt
|faint|p1a: Sinistch
|
|upkeep
|
|t:|1743915787
|switch|p1a: Dragonit|Dragonite, M|100/100
|-damage|p1a: Dragonit|76/100|[from] Stealth Rock
|turn|18
|
|t:|1743915792
|move|p1a: Dragonit|Extreme Speed|p2a: Ogerpon
|-resisted|p2a: Ogerpon
|-damage|p2a: Ogerpon|0 fnt
|faint|p2a: Ogerpon
|
|upkeep
|
|t:|1743915795
|switch|p2a: Primarina|Primarina, M|100/100
|turn|19
|
|t:|1743915798
|-terastallize|p1a: Dragonit|Normal
|move|p1a: Dragonit|Extreme Speed|p2a: Primarina
|-damage|p2a: Primarina|11/100
|move|p2a: Primarina|Moonblast|p1a: Dragonit
|-damage|p1a: Dragonit|29/100
|
|upkeep
|turn|20
|
|t:|1743915807
|switch|p1a: Iron Crow|Iron Crown|100/100
|-damage|p1a: Iron Crow|88/100|[from] Spikes
|-damage|p1a: Iron Crow|82/100|[from] Stealth Rock
|switch|p2a: Gholdengo|Gholdengo|100/100
|
|upkeep
|turn|21
|
|t:|1743915824
|-end|p1a: Iron Crow|Quark Drive|[silent]
|switch|p1a: Dragonit|Dragonite, M, tera:Normal|29/100
|-damage|p1a: Dragonit|17/100|[from] Spikes
|-damage|p1a: Dragonit|4/100|[from] Stealth Rock
|move|p2a: Gholdengo|Shadow Ball|p1a: Dragonit
|-immune|p1a: Dragonit
|
|upkeep
|turn|22
|
|t:|1743915828
|switch|p2a: Primarina|Primarina, M|11/100
|move|p1a: Dragonit|Earthquake|p2a: Primarina
|-damage|p2a: Primarina|0 fnt
|faint|p2a: Primarina
|
|upkeep
|
|t:|1743915833
|switch|p2a: Cinderace|Cinderace, M|100/100
|turn|23
|
|t:|1743915834
|move|p2a: Cinderace|U-turn|p1a: Dragonit
|-start|p2a: Cinderace|typechange|Bug|[from] ability: Libero
|-damage|p1a: Dragonit|0 fnt
|faint|p1a: Dragonit
|
|t:|1743915835
|switch|p2a: Gholdengo|Gholdengo|100/100|[from] U-turn
|
|upkeep
|-message|actualonion forfeited.
|
|win|haruka number 1
|raw|actualonion's rating: 1685 &rarr; <strong>1666</strong><br />(-19 for losing)
|raw|haruka number 1's rating: 1701 &rarr; <strong>1720</strong><br />(+19 for winning)
|l|☆actualonion
|player|p1|
|l| archpapus
|l| novafish21
|l|☆haruka number 1
|player|p2|
|l| Iron Michael 66
