|j|☆LegendRed9999
|j|☆ShawnHim
|t:|1743922580
|gametype|singles
|player|p1|LegendRed9999|wallace|1142
|player|p2|ShawnHim|giovanni|1162
|teamsize|p1|6
|teamsize|p2|6
|gen|9
|tier|[Gen 9] OU
|rated|
|rule|HP Percentage Mod: HP is shown in percentages
|rule|Endless Battle Clause: Forcing endless battles is banned
|rule|Species Clause: Limit one of each Pokémon
|rule|OHKO Clause: OHKO moves are banned
|rule|Evasion Items Clause: Evasion items are banned
|rule|Evasion Moves Clause: Evasion moves are banned
|rule|Sleep Moves Clause: Sleep-inducing moves are banned
|clearpoke
|poke|p1|Serperior, M|
|poke|p1|Greninja-*, M|
|poke|p1|Delphox, F|
|poke|p1|Torterra, M|
|poke|p1|Samurott-Hisui, M|
|poke|p1|Infernape, M|
|poke|p2|Milotic, F|
|poke|p2|Gliscor, F|
|poke|p2|Blaziken, M|
|poke|p2|Gengar, M|
|poke|p2|Meowscarada, F|
|poke|p2|Chansey, F|
|teampreview
|inactive|Battle timer is ON: inactive players will automatically lose when time's up. (requested by ShawnHim)
|
|t:|1743922587
|start
|switch|p1a: Samurott|Samurott-Hisui, M, shiny|100/100
|switch|p2a: Chansey|Chansey, F|100/100
|turn|1
|
|t:|1743922595
|move|p1a: Samurott|Swords Dance|p1a: Samurott
|-boost|p1a: Samurott|atk|2
|move|p2a: Chansey|Stealth Rock|p1a: Samurott
|-sidestart|p1: LegendRed9999|move: Stealth Rock
|
|upkeep
|turn|2
|
|t:|1743922612
|switch|p2a: Milotic|Milotic, F|100/100
|move|p1a: Samurott|Sacred Sword|p2a: Milotic
|-crit|p2a: Milotic
|-damage|p2a: Milotic|7/100
|
|-heal|p2a: Milotic|13/100|[from] item: Leftovers
|upkeep
|turn|3
|
|t:|1743922623
|move|p2a: Milotic|Protect|p2a: Milotic
|-singleturn|p2a: Milotic|Protect
|move|p1a: Samurott|Sacred Sword|p2a: Milotic
|-activate|p2a: Milotic|move: Protect
|
|-heal|p2a: Milotic|19/100|[from] item: Leftovers
|upkeep
|turn|4
|
|t:|1743922631
|switch|p2a: Gliscor|Gliscor, F|100/100
|move|p1a: Samurott|Sacred Sword|p2a: Gliscor
|-resisted|p2a: Gliscor
|-damage|p2a: Gliscor|73/100
|
|-status|p2a: Gliscor|tox|[from] item: Toxic Orb
|upkeep
|turn|5
|
|t:|1743922641
|move|p1a: Samurott|Razor Shell|p2a: Gliscor
|-supereffective|p2a: Gliscor
|-damage|p2a: Gliscor|0 fnt
|faint|p2a: Gliscor
|
|upkeep
|
|t:|1743922648
|switch|p2a: Gengar|Gengar, M|100/100
|turn|6
|
|t:|1743922653
|move|p2a: Gengar|Thunderbolt|p1a: Samurott
|-supereffective|p1a: Samurott
|-damage|p1a: Samurott|0 fnt
|faint|p1a: Samurott
|-damage|p2a: Gengar|91/100|[from] item: Life Orb
|
|upkeep
|
|t:|1743922665
|switch|p1a: Greninja|Greninja, M|100/100
|-damage|p1a: Greninja|88/100|[from] Stealth Rock
|turn|7
|
|t:|1743922675
|switch|p2a: Chansey|Chansey, F|100/100
|-terastallize|p1a: Greninja|Steel
|move|p1a: Greninja|Extrasensory|p2a: Chansey
|-damage|p2a: Chansey|93/100
|
|-heal|p1a: Greninja|94/100|[from] item: Leftovers
|upkeep
|turn|8
|
|t:|1743922685
|switch|p1a: Infernape|Infernape, M, shiny|100/100
|-damage|p1a: Infernape|88/100|[from] Stealth Rock
|move|p2a: Chansey|Thunder Wave|p1a: Infernape
|-status|p1a: Infernape|par
|
|-heal|p1a: Infernape|94/100 par|[from] item: Leftovers
|upkeep
|turn|9
|
|t:|1743922696
|switch|p2a: Gengar|Gengar, M|91/100
|move|p1a: Infernape|Swords Dance|p1a: Infernape
|-boost|p1a: Infernape|atk|2
|
|-heal|p1a: Infernape|100/100 par|[from] item: Leftovers
|upkeep
|turn|10
|
|t:|1743922705
|move|p2a: Gengar|Sludge Wave|p1a: Infernape
|-damage|p1a: Infernape|24/100 par
|-damage|p2a: Gengar|81/100|[from] item: Life Orb
|move|p1a: Infernape|Fire Punch|p2a: Gengar
|-damage|p2a: Gengar|0 fnt
|faint|p2a: Gengar
|
|-heal|p1a: Infernape|30/100 par|[from] item: Leftovers
|upkeep
|
|t:|1743922707
|switch|p2a: Meowscarada|Meowscarada, F|100/100
|turn|11
|
|t:|1743922718
|move|p2a: Meowscarada|Flower Trick|p1a: Infernape
|-start|p2a: Meowscarada|typechange|Grass|[from] ability: Protean
|-resisted|p1a: Infernape
|-crit|p1a: Infernape
|-damage|p1a: Infernape|0 fnt
|faint|p1a: Infernape
|
|upkeep
|
|t:|1743922732
|switch|p1a: Delphox|Delphox, F, shiny|100/100
|-damage|p1a: Delphox|76/100|[from] Stealth Rock
|turn|12
|
|t:|1743922738
|move|p2a: Meowscarada|U-turn|p1a: Delphox
|-damage|p1a: Delphox|45/100
|
|t:|1743922742
|switch|p2a: Chansey|Chansey, F|93/100|[from] U-turn
|move|p1a: Delphox|Nasty Plot|p1a: Delphox
|-boost|p1a: Delphox|spa|2
|
|upkeep
|turn|13
|
|t:|1743922750
|move|p1a: Delphox|Hyper Beam|p2a: Chansey
|-damage|p2a: Chansey|64/100
|-mustrecharge|p1a: Delphox
|move|p2a: Chansey|Seismic Toss|p1a: Delphox
|-damage|p1a: Delphox|10/100
|
|upkeep
|turn|14
|
|t:|1743922760
|cant|p1a: Delphox|recharge
|move|p2a: Chansey|Seismic Toss|p1a: Delphox
|-damage|p1a: Delphox|0 fnt
|faint|p1a: Delphox
|
|upkeep
|
|t:|1743922770
|switch|p1a: Torterra|Torterra, M, shiny|100/100
|-damage|p1a: Torterra|94/100|[from] Stealth Rock
|turn|15
|
|t:|1743922781
|switch|p2a: Meowscarada|Meowscarada, F|100/100
|move|p1a: Torterra|Shell Smash|p1a: Torterra
|-unboost|p1a: Torterra|def|1
|-unboost|p1a: Torterra|spd|1
|-boost|p1a: Torterra|atk|2
|-boost|p1a: Torterra|spa|2
|-boost|p1a: Torterra|spe|2
|-enditem|p1a: Torterra|White Herb
|-clearnegativeboost|p1a: Torterra|[silent]
|
|upkeep
|turn|16
|
|t:|1743922797
|move|p1a: Torterra|Rock Blast|p2a: Meowscarada
|-damage|p2a: Meowscarada|76/100
|-damage|p2a: Meowscarada|47/100
|-damage|p2a: Meowscarada|21/100
|-hitcount|p2a: Meowscarada|3
|move|p2a: Meowscarada|Triple Axel|p1a: Torterra|[miss]
|-start|p2a: Meowscarada|typechange|Ice|[from] ability: Protean
|-miss|p2a: Meowscarada|p1a: Torterra
|
|upkeep
|turn|17
|
|t:|1743922808
|move|p1a: Torterra|Rock Blast|p2a: Meowscarada
|-supereffective|p2a: Meowscarada
|-damage|p2a: Meowscarada|0 fnt
|faint|p2a: Meowscarada
|-hitcount|p2: Meowscarada|1
|
|upkeep
|
|t:|1743922814
|switch|p2a: Blaziken|Blaziken, M|100/100
|turn|18
|
|t:|1743922820
|move|p2a: Blaziken|Protect|p2a: Blaziken
|-singleturn|p2a: Blaziken|Protect
|move|p1a: Torterra|Headlong Rush|p2a: Blaziken
|-activate|p2a: Blaziken|move: Protect
|
|-ability|p2a: Blaziken|Speed Boost|boost
|-boost|p2a: Blaziken|spe|1
|upkeep
|turn|19
|
|t:|1743922829
|move|p1a: Torterra|Headlong Rush|p2a: Blaziken
|-supereffective|p2a: Blaziken
|-damage|p2a: Blaziken|0 fnt
|-unboost|p1a: Torterra|def|1
|-unboost|p1a: Torterra|spd|1
|faint|p2a: Blaziken
|
|upkeep
|-message|ShawnHim forfeited.
|
|win|LegendRed9999
|raw|LegendRed9999's rating: 1142 &rarr; <strong>1168</strong><br />(+26 for winning)
|raw|ShawnHim's rating: 1162 &rarr; <strong>1136</strong><br />(-26 for losing)
|l|☆ShawnHim
|player|p2|
|l|☆LegendRed9999
|player|p1|
