|j|☆waterdrinker48
|j|☆Velvety Worm
|t:|1743851721
|gametype|singles
|player|p1|waterdrinker48|pokemaniac|1128
|player|p2|Velvety Worm|pokemaniac|1163
|teamsize|p1|6
|teamsize|p2|6
|gen|9
|tier|[Gen 9] OU
|rated|
|rule|HP Percentage Mod: HP is shown in percentages
|rule|Endless Battle Clause: Forcing endless battles is banned
|rule|Species Clause: Limit one of each Pokémon
|rule|OHKO Clause: OHKO moves are banned
|rule|Evasion Items Clause: Evasion items are banned
|rule|Evasion Moves Clause: Evasion moves are banned
|rule|Sleep Moves Clause: Sleep-inducing moves are banned
|clearpoke
|poke|p1|Bellibolt, M|
|poke|p1|Great Tusk|
|poke|p1|Slowking-Galar, F|
|poke|p1|Kyurem|
|poke|p1|Corviknight, M|
|poke|p1|Maushold|
|poke|p2|Goodra-Hisui, F|
|poke|p2|Gastrodon, M|
|poke|p2|Comfey, F|
|poke|p2|Ceruledge, M|
|poke|p2|Weavile, F|
|poke|p2|Weezing-Galar, F|
|teampreview
|inactive|Battle timer is ON: inactive players will automatically lose when time's up. (requested by waterdrinker48)
|
|t:|1743851732
|start
|switch|p1a: Slowking|Slowking-Galar, F|100/100
|switch|p2a: Weavile|Weavile, F|100/100
|-ability|p2a: Weavile|Pressure
|turn|1
|
|t:|1743851737
|switch|p1a: Corviknight|Corviknight, M|100/100
|-ability|p1a: Corviknight|Pressure
|move|p2a: Weavile|Knock Off|p1a: Corviknight
|-damage|p1a: Corviknight|49/100
|-damage|p2a: Weavile|84/100|[from] item: Rocky Helmet|[of] p1a: Corviknight
|-enditem|p1a: Corviknight|Rocky Helmet|[from] move: Knock Off|[of] p2a: Weavile
|-damage|p2a: Weavile|74/100|[from] item: Life Orb
|
|upkeep
|turn|2
|
|t:|1743851753
|move|p2a: Weavile|Low Kick|p1a: Corviknight
|-crit|p1a: Corviknight
|-damage|p1a: Corviknight|9/100
|-damage|p2a: Weavile|64/100|[from] item: Life Orb
|move|p1a: Corviknight|Roost|p1a: Corviknight
|-heal|p1a: Corviknight|59/100
|-singleturn|p1a: Corviknight|move: Roost
|
|upkeep
|turn|3
|
|t:|1743851778
|switch|p2a: Ceruledge|Ceruledge, M|100/100
|move|p1a: Corviknight|Bulk Up|p1a: Corviknight
|-boost|p1a: Corviknight|atk|1
|-boost|p1a: Corviknight|def|1
|
|upkeep
|turn|4
|
|t:|1743851786
|move|p2a: Ceruledge|Swords Dance|p2a: Ceruledge
|-boost|p2a: Ceruledge|atk|2
|move|p1a: Corviknight|Bulk Up|p1a: Corviknight
|-boost|p1a: Corviknight|atk|1
|-boost|p1a: Corviknight|def|1
|
|upkeep
|turn|5
|
|t:|1743851792
|-terastallize|p1a: Corviknight|Dragon
|move|p2a: Ceruledge|Bitter Blade|p1a: Corviknight
|-resisted|p1a: Corviknight
|-damage|p1a: Corviknight|39/100
|move|p1a: Corviknight|Power Trip|p2a: Ceruledge
|-supereffective|p2a: Ceruledge
|-enditem|p2a: Ceruledge|Focus Sash
|-damage|p2a: Ceruledge|1/100
|-ability|p2a: Ceruledge|Weak Armor|boost
|-unboost|p2a: Ceruledge|def|1
|-boost|p2a: Ceruledge|spe|2
|
|upkeep
|turn|6
|
|t:|1743851807
|switch|p2a: Comfey|Comfey, F|100/100
|move|p1a: Corviknight|Power Trip|p2a: Comfey
|-resisted|p2a: Comfey
|-damage|p2a: Comfey|67/100
|
|upkeep
|turn|7
|
|t:|1743851814
|switch|p1a: Bellibolt|Bellibolt, M|100/100
|move|p2a: Comfey|Calm Mind|p2a: Comfey
|-boost|p2a: Comfey|spa|1
|-boost|p2a: Comfey|spd|1
|
|upkeep
|turn|8
|
|t:|1743851821
|move|p2a: Comfey|Calm Mind|p2a: Comfey
|-boost|p2a: Comfey|spa|1
|-boost|p2a: Comfey|spd|1
|move|p1a: Bellibolt|Soak|p2a: Comfey
|-start|p2a: Comfey|typechange|Water
|
|upkeep
|turn|9
|
|t:|1743851828
|-terastallize|p2a: Comfey|Ground
|move|p2a: Comfey|Tera Blast|p1a: Bellibolt|[anim] Tera Blast Ground
|-supereffective|p1a: Bellibolt
|-damage|p1a: Bellibolt|0 fnt
|faint|p1a: Bellibolt
|-damage|p2a: Comfey|57/100|[from] item: Life Orb
|
|upkeep
|
|t:|1743851833
|switch|p1a: Kyurem|Kyurem|100/100
|-ability|p1a: Kyurem|Pressure
|turn|10
|
|t:|1743851838
|move|p2a: Comfey|Draining Kiss|p1a: Kyurem
|-supereffective|p1a: Kyurem
|-damage|p1a: Kyurem|35/100
|-heal|p2a: Comfey|100/100|[from] drain|[of] p1a: Kyurem
|-damage|p2a: Comfey|91/100|[from] item: Life Orb
|move|p1a: Kyurem|Blizzard|p2a: Comfey
|-supereffective|p2a: Comfey
|-damage|p2a: Comfey|0 fnt
|faint|p2a: Comfey
|
|upkeep
|
|t:|1743851851
|switch|p2a: Weezing|Weezing-Galar, F|100/100
|-ability|p2a: Weezing|Neutralizing Gas
|turn|11
|
|t:|1743851854
|move|p1a: Kyurem|Blizzard|p2a: Weezing
|-damage|p2a: Weezing|19/100
|move|p2a: Weezing|Strange Steam|p1a: Kyurem
|-supereffective|p1a: Kyurem
|-damage|p1a: Kyurem|0 fnt
|faint|p1a: Kyurem
|
|upkeep
|
|t:|1743851865
|switch|p1a: Slowking|Slowking-Galar, F|100/100
|turn|12
|
|t:|1743851874
|move|p2a: Weezing|Pain Split|p1a: Slowking
|-sethp|p1a: Slowking|58/100|[from] move: Pain Split|[silent]
|-sethp|p2a: Weezing|69/100|[from] move: Pain Split
|move|p1a: Slowking|Future Sight|p2a: Weezing
|-start|p1a: Slowking|move: Future Sight
|
|upkeep
|turn|13
|
|t:|1743851883
|-end|p2a: Weezing|ability: Neutralizing Gas
|switch|p2a: Ceruledge|Ceruledge, M|1/100
|-prepare|p1a: Slowking|Chilly Reception|[premajor]
|move|p1a: Slowking|Chilly Reception|p1a: Slowking
|-weather|Snowscape
|
|t:|1743851890
|switch|p1a: Maushold|Maushold|100/100|[from] Chilly Reception
|
|-weather|Snowscape|[upkeep]
|upkeep
|turn|14
|
|t:|1743851896
|move|p1a: Maushold|Bite|p2a: Ceruledge
|-supereffective|p2a: Ceruledge
|-damage|p2a: Ceruledge|0 fnt
|faint|p2a: Ceruledge
|
|-weather|Snowscape|[upkeep]
|-hint|Future Sight did not hit because the target is fainted.
|upkeep
|
|t:|1743851903
|switch|p2a: Goodra|Goodra-Hisui, F|100/100
|turn|15
|
|t:|1743851908
|switch|p1a: Corviknight|Corviknight, M, tera:Dragon|39/100
|-ability|p1a: Corviknight|Pressure
|move|p2a: Goodra|Gyro Ball|p1a: Corviknight
|-damage|p1a: Corviknight|25/100
|
|-weather|Snowscape|[upkeep]
|upkeep
|turn|16
|
|t:|1743851913
|move|p1a: Corviknight|Roost|p1a: Corviknight
|-heal|p1a: Corviknight|75/100
|move|p2a: Goodra|Dragon Tail|p1a: Corviknight
|-supereffective|p1a: Corviknight
|-damage|p1a: Corviknight|30/100
|drag|p1a: Maushold|Maushold|100/100
|
|-weather|Snowscape|[upkeep]
|upkeep
|turn|17
|
|t:|1743851920
|switch|p1a: Slowking|Slowking-Galar, F|92/100
|move|p2a: Goodra|Dragon Tail|p1a: Slowking
|-damage|p1a: Slowking|62/100
|drag|p1a: Great Tusk|Great Tusk|100/100
|
|-weather|none
|upkeep
|turn|18
|
|t:|1743851928
|switch|p2a: Gastrodon|Gastrodon, M|100/100
|move|p1a: Great Tusk|Headlong Rush|p2a: Gastrodon
|-damage|p2a: Gastrodon|37/100
|-unboost|p1a: Great Tusk|def|1
|-unboost|p1a: Great Tusk|spd|1
|
|-heal|p2a: Gastrodon|43/100|[from] item: Leftovers
|upkeep
|turn|19
|
|t:|1743851933
|move|p1a: Great Tusk|Headlong Rush|p2a: Gastrodon
|-damage|p2a: Gastrodon|0 fnt
|-unboost|p1a: Great Tusk|def|1
|-unboost|p1a: Great Tusk|spd|1
|faint|p2a: Gastrodon
|
|upkeep
|
|t:|1743851936
|switch|p2a: Weavile|Weavile, F|64/100
|-ability|p2a: Weavile|Pressure
|turn|20
|
|t:|1743851943
|-end|p1a: Great Tusk|Protosynthesis|[silent]
|switch|p1a: Corviknight|Corviknight, M, tera:Dragon|30/100
|-ability|p1a: Corviknight|Pressure
|move|p2a: Weavile|Icicle Crash|p1a: Corviknight|[miss]
|-miss|p2a: Weavile|p1a: Corviknight
|
|upkeep
|turn|21
|
|t:|1743851948
|move|p2a: Weavile|Icicle Crash|p1a: Corviknight|[miss]
|-miss|p2a: Weavile|p1a: Corviknight
|move|p1a: Corviknight|Roost|p1a: Corviknight
|-heal|p1a: Corviknight|80/100
|
|upkeep
|turn|22
|
|t:|1743851956
|switch|p1a: Slowking|Slowking-Galar, F|95/100
|move|p2a: Weavile|Icicle Crash|p1a: Slowking|[miss]
|-miss|p2a: Weavile|p1a: Slowking
|
|upkeep
|turn|23
|
|t:|1743851962
|switch|p1a: Corviknight|Corviknight, M, tera:Dragon|80/100
|-ability|p1a: Corviknight|Pressure
|move|p2a: Weavile|Knock Off|p1a: Corviknight
|-damage|p1a: Corviknight|44/100
|-damage|p2a: Weavile|54/100|[from] item: Life Orb
|
|upkeep
|turn|24
|
|t:|1743851969
|move|p2a: Weavile|Icicle Crash|p1a: Corviknight
|-supereffective|p1a: Corviknight
|-damage|p1a: Corviknight|0 fnt
|faint|p1a: Corviknight
|-damage|p2a: Weavile|44/100|[from] item: Life Orb
|
|upkeep
|
|t:|1743851975
|switch|p1a: Great Tusk|Great Tusk|100/100
|turn|25
|
|t:|1743851979
|move|p2a: Weavile|Icicle Crash|p1a: Great Tusk
|-supereffective|p1a: Great Tusk
|-damage|p1a: Great Tusk|27/100
|-damage|p2a: Weavile|34/100|[from] item: Life Orb
|cant|p1a: Great Tusk|flinch
|
|upkeep
|turn|26
|
|t:|1743851989
|-end|p1a: Great Tusk|Protosynthesis|[silent]
|switch|p1a: Slowking|Slowking-Galar, F|100/100
|move|p2a: Weavile|Icicle Crash|p1a: Slowking|[miss]
|-miss|p2a: Weavile|p1a: Slowking
|
|upkeep
|turn|27
|
|t:|1743851993
|move|p2a: Weavile|Knock Off|p1a: Slowking
|-supereffective|p1a: Slowking
|-damage|p1a: Slowking|0 fnt
|-enditem|p1a: Slowking|Heavy-Duty Boots|[from] move: Knock Off|[of] p2a: Weavile
|faint|p1a: Slowking
|-damage|p2a: Weavile|24/100|[from] item: Life Orb
|
|upkeep
|
|t:|1743851996
|switch|p1a: Great Tusk|Great Tusk|27/100
|turn|28
|
|t:|1743852001
|move|p2a: Weavile|Ice Shard|p1a: Great Tusk
|-supereffective|p1a: Great Tusk
|-damage|p1a: Great Tusk|0 fnt
|faint|p1a: Great Tusk
|-end|p1a: Great Tusk|Protosynthesis|[silent]
|-damage|p2a: Weavile|14/100|[from] item: Life Orb
|
|upkeep
|
|t:|1743852004
|switch|p1a: Maushold|Maushold|100/100
|turn|29
|
|t:|1743852010
|move|p2a: Weavile|Knock Off|p1a: Maushold
|-damage|p1a: Maushold|0 fnt
|-enditem|p1a: Maushold|Wide Lens|[from] move: Knock Off|[of] p2a: Weavile
|faint|p1a: Maushold
|-damage|p2a: Weavile|4/100|[from] item: Life Orb
|
|win|Velvety Worm
|raw|waterdrinker48's rating: 1128 &rarr; <strong>1106</strong><br />(-22 for losing)
|raw|Velvety Worm's rating: 1163 &rarr; <strong>1185</strong><br />(+22 for winning)
|l|☆waterdrinker48
|player|p1|
|l|☆Velvety Worm
|player|p2|
