|j|☆Bum_Muncha
|j|☆vacheron
|t:|1743789642
|gametype|singles
|player|p1|Bum_Muncha|169|1695
|player|p2|vacheron|170|1852
|teamsize|p1|6
|teamsize|p2|6
|gen|9
|tier|[Gen 9] OU
|rated|
|rule|HP Percentage Mod: HP is shown in percentages
|rule|Endless Battle Clause: Forcing endless battles is banned
|rule|Species Clause: Limit one of each Pokémon
|rule|OHKO Clause: OHKO moves are banned
|rule|Evasion Items Clause: Evasion items are banned
|rule|Evasion Moves Clause: Evasion moves are banned
|rule|Sleep Moves Clause: Sleep-inducing moves are banned
|clearpoke
|poke|p1|Ting-Lu|
|poke|p1|Gliscor, M|
|poke|p1|Sinistcha|
|poke|p1|Keldeo-Resolute|
|poke|p1|Tinkaton, F|
|poke|p1|Dragonite, F|
|poke|p2|Samurott-Hisui, F|
|poke|p2|Iron Valiant|
|poke|p2|Pecharunt|
|poke|p2|Reuniclus, F|
|poke|p2|Darkrai|
|poke|p2|Kingambit, F|
|teampreview
|j| m0chaman_829
|j| TrainerGoldAlt
|
|t:|1743789666
|start
|switch|p1a: Tinkaton|Tinkaton, F|100/100
|switch|p2a: Valediction|Samurott-Hisui, F|100/100
|-ability|p1a: Tinkaton|Mold Breaker
|-item|p1a: Tinkaton|Air Balloon
|turn|1
|inactive|Battle timer is ON: inactive players will automatically lose when time's up. (requested by vacheron)
|
|t:|1743789672
|move|p1a: Tinkaton|Stealth Rock|p2a: Valediction
|-sidestart|p2: vacheron|move: Stealth Rock
|move|p2a: Valediction|Razor Shell|p1a: Tinkaton
|-damage|p1a: Tinkaton|49/100
|-enditem|p1a: Tinkaton|Air Balloon
|
|upkeep
|turn|2
|
|t:|1743789678
|move|p1a: Tinkaton|Knock Off|p2a: Valediction
|-resisted|p2a: Valediction
|-damage|p2a: Valediction|90/100
|-enditem|p2a: Valediction|Focus Sash|[from] move: Knock Off|[of] p1a: Tinkaton
|move|p2a: Valediction|Razor Shell|p1a: Tinkaton
|-damage|p1a: Tinkaton|0 fnt
|faint|p1a: Tinkaton
|
|upkeep
|
|t:|1743789681
|switch|p1a: Keldeo|Keldeo-Resolute|100/100
|turn|3
|
|t:|1743789686
|switch|p2a: Azathoth|Pecharunt|100/100
|-damage|p2a: Azathoth|88/100|[from] Stealth Rock
|move|p1a: Keldeo|Secret Sword|p2a: Azathoth
|-immune|p2a: Azathoth
|
|upkeep
|turn|4
|
|t:|1743789689
|switch|p2a: Valediction|Samurott-Hisui, F|90/100
|-damage|p2a: Valediction|77/100|[from] Stealth Rock
|move|p1a: Keldeo|Flip Turn|p2a: Valediction
|-resisted|p2a: Valediction
|-damage|p2a: Valediction|68/100
|j| p0k3_v13rn35
|
|t:|1743789696
|switch|p1a: Dragonite|Dragonite, F|100/100|[from] Flip Turn
|
|upkeep
|turn|5
|
|t:|1743789699
|move|p2a: Valediction|Taunt|p1a: Dragonite
|-start|p1a: Dragonite|move: Taunt
|move|p1a: Dragonite|Dragon Tail|p2a: Valediction
|-damage|p2a: Valediction|27/100
|drag|p2a: Murasama|Kingambit, F|100/100
|-damage|p2a: Murasama|94/100|[from] Stealth Rock
|
|upkeep
|turn|6
|
|t:|1743789704
|move|p1a: Dragonite|Earthquake|p2a: Murasama
|-supereffective|p2a: Murasama
|-damage|p2a: Murasama|39/100
|-enditem|p2a: Murasama|Weakness Policy
|-boost|p2a: Murasama|atk|2|[from] item: Weakness Policy
|-boost|p2a: Murasama|spa|2|[from] item: Weakness Policy
|move|p2a: Murasama|Kowtow Cleave|p1a: Dragonite
|-damage|p1a: Dragonite|55/100
|
|upkeep
|turn|7
|
|t:|1743789710
|move|p1a: Dragonite|Earthquake|p2a: Murasama
|-supereffective|p2a: Murasama
|-damage|p2a: Murasama|0 fnt
|faint|p2a: Murasama
|-end|p2a: Murasama|fallenundefined|[silent]
|
|-end|p1a: Dragonite|move: Taunt
|upkeep
|
|t:|1743789718
|switch|p2a: Scarlet Devil|Darkrai|100/100
|-damage|p2a: Scarlet Devil|88/100|[from] Stealth Rock
|turn|8
|
|t:|1743789726
|move|p1a: Dragonite|Extreme Speed|p2a: Scarlet Devil
|-damage|p2a: Scarlet Devil|50/100
|move|p2a: Scarlet Devil|Knock Off|p1a: Dragonite
|-damage|p1a: Dragonite|18/100
|-enditem|p1a: Dragonite|Heavy-Duty Boots|[from] move: Knock Off|[of] p2a: Scarlet Devil
|
|upkeep
|turn|9
|
|t:|1743789731
|move|p1a: Dragonite|Extreme Speed|p2a: Scarlet Devil
|-damage|p2a: Scarlet Devil|6/100
|move|p2a: Scarlet Devil|Dark Pulse|p1a: Dragonite
|-damage|p1a: Dragonite|0 fnt
|faint|p1a: Dragonite
|
|upkeep
|
|t:|1743789733
|switch|p1a: Keldeo|Keldeo-Resolute|100/100
|turn|10
|
|t:|1743789737
|move|p1a: Keldeo|Vacuum Wave|p2a: Scarlet Devil
|-supereffective|p2a: Scarlet Devil
|-damage|p2a: Scarlet Devil|0 fnt
|faint|p2a: Scarlet Devil
|
|upkeep
|
|t:|1743789741
|switch|p2a: Metastasis|Reuniclus, F|100/100
|turn|11
|
|t:|1743789746
|move|p1a: Keldeo|Flip Turn|p2a: Metastasis
|-damage|p2a: Metastasis|86/100
|
|t:|1743789748
|switch|p1a: Ting-Lu|Ting-Lu|100/100|[from] Flip Turn
|-ability|p1a: Ting-Lu|Vessel of Ruin
|move|p2a: Metastasis|Focus Blast|p1a: Ting-Lu
|-supereffective|p1a: Ting-Lu
|-damage|p1a: Ting-Lu|54/100
|
|-heal|p1a: Ting-Lu|60/100|[from] item: Leftovers
|upkeep
|turn|12
|j| bobify
|
|t:|1743789757
|switch|p1a: Sinistcha|Sinistcha|100/100
|switch|p2a: Valediction|Samurott-Hisui, F|27/100
|-damage|p2a: Valediction|14/100|[from] Stealth Rock
|
|upkeep
|turn|13
|
|t:|1743789762
|move|p2a: Valediction|Ceaseless Edge|p1a: Sinistcha
|-supereffective|p1a: Sinistcha
|-damage|p1a: Sinistcha|40/100
|-sidestart|p1: Bum_Muncha|Spikes
|move|p1a: Sinistcha|Matcha Gotcha|p2a: Valediction
|-supereffective|p2a: Valediction
|-damage|p2a: Valediction|0 fnt
|-heal|p1a: Sinistcha|46/100|[from] drain|[of] p2a: Valediction
|faint|p2a: Valediction
|
|upkeep
|
|t:|1743789771
|switch|p2a: Mani Katti|Iron Valiant|100/100
|-damage|p2a: Mani Katti|94/100|[from] Stealth Rock
|-enditem|p2a: Mani Katti|Booster Energy
|-activate|p2a: Mani Katti|ability: Quark Drive|[fromitem]
|-start|p2a: Mani Katti|quarkdrivespa
|turn|14
|
|t:|1743789776
|move|p2a: Mani Katti|Shadow Ball|p1a: Sinistcha
|-supereffective|p1a: Sinistcha
|-damage|p1a: Sinistcha|0 fnt
|faint|p1a: Sinistcha
|
|upkeep
|
|t:|1743789779
|switch|p1a: Keldeo|Keldeo-Resolute|100/100
|turn|15
|
|t:|1743789783
|-terastallize|p1a: Keldeo|Water
|move|p1a: Keldeo|Surf|p2a: Mani Katti
|-damage|p2a: Mani Katti|0 fnt
|faint|p2a: Mani Katti
|-end|p2a: Mani Katti|Quark Drive|[silent]
|
|upkeep
|j| rehgRH
|
|t:|1743789789
|switch|p2a: Azathoth|Pecharunt|88/100
|-damage|p2a: Azathoth|76/100|[from] Stealth Rock
|turn|16
|
|t:|1743789793
|move|p1a: Keldeo|Surf|p2a: Azathoth
|-damage|p2a: Azathoth|0 fnt
|faint|p2a: Azathoth
|
|upkeep
|
|t:|1743789797
|switch|p2a: Metastasis|Reuniclus, F|86/100
|turn|17
|
|t:|1743789800
|move|p1a: Keldeo|Surf|p2a: Metastasis
|-damage|p2a: Metastasis|32/100
|move|p2a: Metastasis|Trick Room|p2a: Metastasis
|-fieldstart|move: Trick Room|[of] p2a: Metastasis
|
|upkeep
|turn|18
|
|t:|1743789804
|-terastallize|p2a: Metastasis|Fighting
|move|p2a: Metastasis|Focus Blast|p1a: Keldeo|[miss]
|-miss|p2a: Metastasis|p1a: Keldeo
|move|p1a: Keldeo|Surf|p2a: Metastasis
|-damage|p2a: Metastasis|0 fnt
|faint|p2a: Metastasis
|
|win|Bum_Muncha
|raw|Bum_Muncha's rating: 1695 &rarr; <strong>1723</strong><br />(+28 for winning)
|raw|vacheron's rating: 1852 &rarr; <strong>1824</strong><br />(-28 for losing)
|l|☆vacheron
|player|p2|
|l|☆Bum_Muncha
|player|p1|
|l| bobify
|l| m0chaman_829
|l| p0k3_v13rn35
|l| rehgRH
