|j|☆JamalMixon
|j|☆EchoFlex
|t:|1743883766
|gametype|singles
|player|p1|JamalMixon|linebacker|1174
|player|p2|EchoFlex|1|1134
|teamsize|p1|6
|teamsize|p2|6
|gen|9
|tier|[Gen 9] OU
|rated|
|rule|HP Percentage Mod: HP is shown in percentages
|rule|Endless Battle Clause: Forcing endless battles is banned
|rule|Species Clause: Limit one of each Pokémon
|rule|OHKO Clause: OHKO moves are banned
|rule|Evasion Items Clause: Evasion items are banned
|rule|Evasion Moves Clause: Evasion moves are banned
|rule|Sleep Moves Clause: Sleep-inducing moves are banned
|clearpoke
|poke|p1|Galvantula, F|
|poke|p1|Cinderace, F|
|poke|p1|Malamar, F|
|poke|p1|Serperior, F|
|poke|p1|Garganacl, F|
|poke|p1|Kingambit, M|
|poke|p2|Slowking-Galar, M|
|poke|p2|Garganacl, F|
|poke|p2|Iron Moth|
|poke|p2|Ogerpon-Wellspring, F|
|poke|p2|Gliscor, F|
|poke|p2|Shaymin|
|teampreview
|inactive|Battle timer is ON: inactive players will automatically lose when time's up. (requested by EchoFlex)
|j| Trguyh VGC 2025
|l| Trguyh VGC 2025
|
|t:|1743883775
|start
|switch|p1a: Galvantula|Galvantula, F|100/100
|switch|p2a: Slowking|Slowking-Galar, M|100/100
|turn|1
|
|t:|1743883790
|move|p1a: Galvantula|Sticky Web|p2a: Slowking
|-sidestart|p2: EchoFlex|move: Sticky Web
|move|p2a: Slowking|Toxic Spikes|p1a: Galvantula
|-sidestart|p1: JamalMixon|move: Toxic Spikes
|
|upkeep
|turn|2
|
|t:|1743883800
|switch|p1a: Cinderace|Cinderace, F|100/100
|move|p2a: Slowking|Toxic Spikes|p1a: Cinderace
|-sidestart|p1: JamalMixon|move: Toxic Spikes
|
|upkeep
|turn|3
|
|t:|1743883807
|move|p1a: Cinderace|Court Change|p1a: Cinderace
|-swapsideconditions
|-activate|p1a: Cinderace|move: Court Change
|move|p2a: Slowking|Trick|p1a: Cinderace
|-activate|p2a: Slowking|move: Trick|[of] p1a: Cinderace
|-item|p1a: Cinderace|Toxic Orb|[from] move: Trick
|-item|p2a: Slowking|Heavy-Duty Boots|[from] move: Trick
|
|-status|p1a: Cinderace|tox|[from] item: Toxic Orb
|upkeep
|turn|4
|
|t:|1743883818
|switch|p1a: Galvantula|Galvantula, F|100/100
|-activate|p1a: Galvantula|move: Sticky Web
|-unboost|p1a: Galvantula|spe|1
|move|p2a: Slowking|Future Sight|p1a: Galvantula
|-start|p2a: Slowking|move: Future Sight
|
|upkeep
|turn|5
|
|t:|1743883826
|move|p1a: Galvantula|Sticky Web|p2a: Slowking
|-sidestart|p2: EchoFlex|move: Sticky Web
|move|p2a: Slowking|Toxic Spikes|p1a: Galvantula
|-sidestart|p1: JamalMixon|move: Toxic Spikes
|
|upkeep
|turn|6
|
|t:|1743883831
|move|p1a: Galvantula|Thunder Wave|p2a: Slowking
|-status|p2a: Slowking|par
|cant|p2a: Slowking|par
|
|-end|p1a: Galvantula|move: Future Sight
|-damage|p1a: Galvantula|17/100
|upkeep
|turn|7
|
|t:|1743883841
|move|p1a: Galvantula|Thunder|p2a: Slowking
|-damage|p2a: Slowking|74/100 par
|move|p2a: Slowking|Toxic Spikes|p1a: Galvantula
|-sidestart|p1: JamalMixon|move: Toxic Spikes
|
|upkeep
|turn|8
|
|t:|1743883848
|move|p1a: Galvantula|Thunder|p2a: Slowking
|-damage|p2a: Slowking|46/100 par
|-prepare|p2a: Slowking|Chilly Reception|[premajor]
|move|p2a: Slowking|Chilly Reception|p2a: Slowking
|-weather|Snowscape
|
|t:|1743883855
|switch|p2a: Gliscor|Gliscor, F|100/100|[from] Chilly Reception
|
|-weather|Snowscape|[upkeep]
|-status|p2a: Gliscor|tox|[from] item: Toxic Orb
|upkeep
|turn|9
|
|t:|1743883874
|move|p1a: Galvantula|Energy Ball|p2a: Gliscor
|-damage|p2a: Gliscor|74/100 tox
|move|p2a: Gliscor|Earthquake|p1a: Galvantula
|-damage|p1a: Galvantula|0 fnt
|faint|p1a: Galvantula
|
|-weather|Snowscape|[upkeep]
|-heal|p2a: Gliscor|86/100 tox|[from] ability: Poison Heal
|upkeep
|
|t:|1743883885
|switch|p1a: Serperior|Serperior, F|100/100
|-activate|p1a: Serperior|move: Sticky Web
|-boost|p1a: Serperior|spe|1
|-status|p1a: Serperior|tox
|turn|10
|
|t:|1743883900
|move|p1a: Serperior|Substitute|p1a: Serperior
|-start|p1a: Serperior|Substitute
|-damage|p1a: Serperior|76/100 tox
|move|p2a: Gliscor|Stealth Rock|p1a: Serperior
|-sidestart|p1: JamalMixon|move: Stealth Rock
|
|-weather|Snowscape|[upkeep]
|-damage|p1a: Serperior|70/100 tox|[from] psn
|-heal|p2a: Gliscor|99/100 tox|[from] ability: Poison Heal
|upkeep
|turn|11
|
|t:|1743883914
|switch|p2a: Slowking|Slowking-Galar, M|79/100 par
|-sideend|p2: EchoFlex|move: Toxic Spikes|[of] p2a: Slowking
|move|p1a: Serperior|Leaf Storm|p2a: Slowking
|-resisted|p2a: Slowking
|-damage|p2a: Slowking|65/100 par
|-boost|p1a: Serperior|spa|2
|
|-weather|Snowscape|[upkeep]
|-damage|p1a: Serperior|57/100 tox|[from] psn
|upkeep
|turn|12
|inactive|EchoFlex has 120 seconds left.
|
|t:|1743883967
|move|p1a: Serperior|Leaf Storm|p2a: Slowking
|-resisted|p2a: Slowking
|-damage|p2a: Slowking|35/100 par
|-boost|p1a: Serperior|spa|2
|move|p2a: Slowking|Future Sight|p1a: Serperior
|-start|p2a: Slowking|move: Future Sight
|
|-weather|none
|-damage|p1a: Serperior|39/100 tox|[from] psn
|upkeep
|turn|13
|
|t:|1743883977
|move|p1a: Serperior|Leaf Storm|p2a: Slowking
|-resisted|p2a: Slowking
|-damage|p2a: Slowking|0 fnt
|-boost|p1a: Serperior|spa|2
|faint|p2a: Slowking
|
|-damage|p1a: Serperior|14/100 tox|[from] psn
|upkeep
|
|t:|1743883994
|switch|p2a: Shaymin|Shaymin|100/100
|-activate|p2a: Shaymin|move: Sticky Web
|-unboost|p2a: Shaymin|spe|1
|turn|14
|
|t:|1743884001
|move|p1a: Serperior|Dragon Pulse|p2a: Shaymin
|-damage|p2a: Shaymin|32/100
|move|p2a: Shaymin|Substitute|p2a: Shaymin
|-start|p2a: Shaymin|Substitute
|-damage|p2a: Shaymin|7/100
|
|-end|p1a: Serperior|move: Future Sight
|-end|p1a: Serperior|Substitute
|-heal|p2a: Shaymin|13/100|[from] item: Leftovers
|-damage|p1a: Serperior|0 fnt|[from] psn
|faint|p1a: Serperior
|upkeep
|
|t:|1743884014
|switch|p1a: Malamar|Malamar, F|100/100
|-activate|p1a: Malamar|move: Sticky Web
|-boost|p1a: Malamar|spe|1
|-status|p1a: Malamar|tox
|-damage|p1a: Malamar|88/100 tox|[from] Stealth Rock
|turn|15
|
|t:|1743884023
|move|p1a: Malamar|Superpower|p2a: Shaymin
|-activate|p2a: Shaymin|move: Substitute|[damage]
|-boost|p1a: Malamar|atk|1
|-boost|p1a: Malamar|def|1
|move|p2a: Shaymin|Leech Seed|p1a: Malamar
|-start|p1a: Malamar|move: Leech Seed
|
|-heal|p2a: Shaymin|19/100|[from] item: Leftovers
|-damage|p1a: Malamar|76/100 tox|[from] Leech Seed|[of] p2a: Shaymin
|-heal|p2a: Shaymin|31/100|[silent]
|-damage|p1a: Malamar|70/100 tox|[from] psn
|upkeep
|turn|16
|
|t:|1743884040
|move|p1a: Malamar|Superpower|p2a: Shaymin
|-end|p2a: Shaymin|Substitute
|-boost|p1a: Malamar|atk|1
|-boost|p1a: Malamar|def|1
|move|p2a: Shaymin|Synthesis|p2a: Shaymin
|-heal|p2a: Shaymin|81/100
|
|-heal|p2a: Shaymin|87/100|[from] item: Leftovers
|-damage|p1a: Malamar|57/100 tox|[from] Leech Seed|[of] p2a: Shaymin
|-heal|p2a: Shaymin|98/100|[silent]
|-damage|p1a: Malamar|45/100 tox|[from] psn
|upkeep
|turn|17
|
|t:|1743884054
|move|p1a: Malamar|Knock Off|p2a: Shaymin
|-damage|p2a: Shaymin|44/100
|-enditem|p2a: Shaymin|Leftovers|[from] move: Knock Off|[of] p1a: Malamar
|move|p2a: Shaymin|Substitute|p2a: Shaymin
|-start|p2a: Shaymin|Substitute
|-damage|p2a: Shaymin|20/100
|
|-damage|p1a: Malamar|33/100 tox|[from] Leech Seed|[of] p2a: Shaymin
|-heal|p2a: Shaymin|31/100|[silent]
|-damage|p1a: Malamar|15/100 tox|[from] psn
|upkeep
|turn|18
|
|t:|1743884065
|move|p1a: Malamar|Psycho Cut|p2a: Shaymin
|-end|p2a: Shaymin|Substitute
|move|p2a: Shaymin|Trailblaze|p1a: Malamar
|-damage|p1a: Malamar|3/100 tox
|-boost|p2a: Shaymin|spe|1
|-enditem|p1a: Malamar|Red Card|[of] p2a: Shaymin
|drag|p2a: Iron Moth|Iron Moth|100/100
|-activate|p2a: Iron Moth|move: Sticky Web
|-unboost|p2a: Iron Moth|spe|1
|-enditem|p2a: Iron Moth|Booster Energy
|-activate|p2a: Iron Moth|ability: Quark Drive|[fromitem]
|-start|p2a: Iron Moth|quarkdrivespa
|
|-damage|p1a: Malamar|0 fnt|[from] Leech Seed|[of] p2a: Iron Moth
|faint|p1a: Malamar
|upkeep
|
|t:|1743884082
|switch|p1a: Garganacl|Garganacl, F|100/100
|-activate|p1a: Garganacl|move: Sticky Web
|-unboost|p1a: Garganacl|spe|1
|-damage|p1a: Garganacl|88/100|[from] Stealth Rock
|turn|19
|
|t:|1743884094
|move|p2a: Iron Moth|Energy Ball|p1a: Garganacl
|-supereffective|p1a: Garganacl
|-damage|p1a: Garganacl|39/100
|move|p1a: Garganacl|Salt Cure|p2a: Iron Moth
|-supereffective|p2a: Iron Moth
|-damage|p2a: Iron Moth|61/100
|-start|p2a: Iron Moth|Salt Cure
|
|-heal|p1a: Garganacl|45/100|[from] item: Leftovers
|-damage|p2a: Iron Moth|48/100|[from] Salt Cure
|upkeep
|turn|20
|
|t:|1743884106
|-terastallize|p1a: Garganacl|Ghost
|move|p2a: Iron Moth|Energy Ball|p1a: Garganacl
|-damage|p1a: Garganacl|20/100
|move|p1a: Garganacl|Recover|p1a: Garganacl
|-heal|p1a: Garganacl|70/100
|
|-heal|p1a: Garganacl|76/100|[from] item: Leftovers
|-damage|p2a: Iron Moth|36/100|[from] Salt Cure
|upkeep
|turn|21
|
|t:|1743884121
|move|p2a: Iron Moth|Sludge Wave|p1a: Garganacl
|-resisted|p1a: Garganacl
|-damage|p1a: Garganacl|55/100
|move|p1a: Garganacl|Iron Defense|p1a: Garganacl
|-boost|p1a: Garganacl|def|2
|
|-heal|p1a: Garganacl|61/100|[from] item: Leftovers
|-damage|p2a: Iron Moth|24/100|[from] Salt Cure
|upkeep
|turn|22
|inactive|EchoFlex has 90 seconds left.
|
|t:|1743884167
|move|p2a: Iron Moth|Fiery Dance|p1a: Garganacl
|-damage|p1a: Garganacl|28/100
|move|p1a: Garganacl|Recover|p1a: Garganacl
|-heal|p1a: Garganacl|78/100
|
|-heal|p1a: Garganacl|84/100|[from] item: Leftovers
|-damage|p2a: Iron Moth|11/100|[from] Salt Cure
|upkeep
|turn|23
|
|t:|1743884178
|move|p2a: Iron Moth|Fiery Dance|p1a: Garganacl
|-damage|p1a: Garganacl|53/100
|-boost|p2a: Iron Moth|spa|1
|move|p1a: Garganacl|Iron Defense|p1a: Garganacl
|-boost|p1a: Garganacl|def|2
|
|-heal|p1a: Garganacl|59/100|[from] item: Leftovers
|-damage|p2a: Iron Moth|0 fnt|[from] Salt Cure
|faint|p2a: Iron Moth
|-end|p2a: Iron Moth|Quark Drive|[silent]
|upkeep
|
|t:|1743884203
|switch|p2a: Gliscor|Gliscor, F|99/100 tox
|turn|24
|
|t:|1743884209
|move|p2a: Gliscor|Knock Off|p1a: Garganacl
|-supereffective|p1a: Garganacl
|-damage|p1a: Garganacl|49/100
|-enditem|p1a: Garganacl|Leftovers|[from] move: Knock Off|[of] p2a: Gliscor
|move|p1a: Garganacl|Recover|p1a: Garganacl
|-heal|p1a: Garganacl|99/100
|
|-heal|p2a: Gliscor|100/100 tox|[from] ability: Poison Heal
|upkeep
|turn|25
|
|t:|1743884220
|move|p2a: Gliscor|Earthquake|p1a: Garganacl
|-damage|p1a: Garganacl|92/100
|move|p1a: Garganacl|Salt Cure|p2a: Gliscor
|-damage|p2a: Gliscor|89/100 tox
|-start|p2a: Gliscor|Salt Cure
|
|-heal|p2a: Gliscor|100/100 tox|[from] ability: Poison Heal
|-damage|p2a: Gliscor|88/100 tox|[from] Salt Cure
|upkeep
|turn|26
|
|t:|1743884231
|move|p2a: Gliscor|Knock Off|p1a: Garganacl
|-supereffective|p1a: Garganacl
|-damage|p1a: Garganacl|85/100
|move|p1a: Garganacl|Iron Defense|p1a: Garganacl
|-boost|p1a: Garganacl|def|2
|
|-heal|p2a: Gliscor|100/100 tox|[from] ability: Poison Heal
|-damage|p2a: Gliscor|88/100 tox|[from] Salt Cure
|upkeep
|turn|27
|
|t:|1743884246
|move|p2a: Gliscor|U-turn|p1a: Garganacl
|-resisted|p1a: Garganacl
|-damage|p1a: Garganacl|83/100
|
|t:|1743884258
|switch|p2a: Garganacl|Garganacl, F|100/100|[from] U-turn
|-activate|p2a: Garganacl|move: Sticky Web
|-unboost|p2a: Garganacl|spe|1
|move|p1a: Garganacl|Body Press|p2a: Garganacl
|-supereffective|p2a: Garganacl
|-damage|p2a: Garganacl|1/100
|
|-heal|p2a: Garganacl|8/100|[from] item: Leftovers
|upkeep
|turn|28
|
|t:|1743884271
|move|p1a: Garganacl|Body Press|p2a: Garganacl
|-supereffective|p2a: Garganacl
|-damage|p2a: Garganacl|0 fnt
|faint|p2a: Garganacl
|
|upkeep
|inactive|EchoFlex has 60 seconds left.
|
|t:|1743884300
|switch|p2a: Shaymin|Shaymin|31/100
|-activate|p2a: Shaymin|move: Sticky Web
|-unboost|p2a: Shaymin|spe|1
|turn|29
|inactive|EchoFlex has 60 seconds left.
|
|t:|1743884311
|-terastallize|p2a: Shaymin|Steel
|move|p2a: Shaymin|Synthesis|p2a: Shaymin
|-heal|p2a: Shaymin|81/100
|move|p1a: Garganacl|Body Press|p2a: Shaymin
|-supereffective|p2a: Shaymin
|-damage|p2a: Shaymin|0 fnt
|faint|p2a: Shaymin
|
|upkeep
|
|t:|1743884318
|switch|p2a: Ogerpon|Ogerpon-Wellspring, F|100/100
|-activate|p2a: Ogerpon|move: Sticky Web
|-unboost|p2a: Ogerpon|spe|1
|turn|30
|inactive|EchoFlex has 60 seconds left.
|
|t:|1743884326
|move|p2a: Ogerpon|Ivy Cudgel|p1a: Garganacl|[anim] Ivy Cudgel Water
|-damage|p1a: Garganacl|71/100
|move|p1a: Garganacl|Salt Cure|p2a: Ogerpon
|-damage|p2a: Ogerpon|82/100
|-start|p2a: Ogerpon|Salt Cure
|
|-damage|p2a: Ogerpon|57/100|[from] Salt Cure
|upkeep
|turn|31
|
|t:|1743884336
|move|p2a: Ogerpon|Ivy Cudgel|p1a: Garganacl|[anim] Ivy Cudgel Water
|-damage|p1a: Garganacl|61/100
|move|p1a: Garganacl|Recover|p1a: Garganacl
|-heal|p1a: Garganacl|100/100
|
|-damage|p2a: Ogerpon|32/100|[from] Salt Cure
|upkeep
|turn|32
|
|t:|1743884346
|move|p2a: Ogerpon|Ivy Cudgel|p1a: Garganacl|[anim] Ivy Cudgel Water
|-damage|p1a: Garganacl|88/100
|move|p1a: Garganacl|Body Press|p2a: Ogerpon
|-crit|p2a: Ogerpon
|-damage|p2a: Ogerpon|0 fnt
|faint|p2a: Ogerpon
|
|upkeep
|
|t:|1743884351
|switch|p2a: Gliscor|Gliscor, F|88/100 tox
|turn|33
|
|t:|1743884357
|move|p2a: Gliscor|Earthquake|p1a: Garganacl
|-damage|p1a: Garganacl|82/100
|move|p1a: Garganacl|Salt Cure|p2a: Gliscor
|-damage|p2a: Gliscor|78/100 tox
|-start|p2a: Gliscor|Salt Cure
|
|-heal|p2a: Gliscor|90/100 tox|[from] ability: Poison Heal
|-damage|p2a: Gliscor|78/100 tox|[from] Salt Cure
|upkeep
|turn|34
|-message|EchoFlex forfeited.
|
|win|JamalMixon
|raw|JamalMixon's rating: 1174 &rarr; <strong>1196</strong><br />(+22 for winning)
|raw|EchoFlex's rating: 1134 &rarr; <strong>1112</strong><br />(-22 for losing)
|l|☆EchoFlex
|player|p2|
|l|☆JamalMixon
|player|p1|
