|j|☆trovincea
|j|☆razz1011
|t:|1743828783
|gametype|singles
|player|p1|trovincea|hiker|1094
|player|p2|razz1011|nate|1062
|teamsize|p1|6
|teamsize|p2|6
|gen|9
|tier|[Gen 9] OU
|rated|
|rule|HP Percentage Mod: HP is shown in percentages
|rule|Endless Battle Clause: Forcing endless battles is banned
|rule|Species Clause: Limit one of each Pokémon
|rule|OHKO Clause: OHKO moves are banned
|rule|Evasion Items Clause: Evasion items are banned
|rule|Evasion Moves Clause: Evasion moves are banned
|rule|Sleep Moves Clause: Sleep-inducing moves are banned
|clearpoke
|poke|p1|Salazzle, F|
|poke|p1|Slither Wing|
|poke|p1|Skarmory, M|
|poke|p1|Gardevoir, F|
|poke|p1|Incineroar, M|
|poke|p1|Sinistcha|
|poke|p2|Greninja-*, M|
|poke|p2|Krookodile, F|
|poke|p2|Electivire, F|
|poke|p2|Metagross|
|poke|p2|Iron Valiant|
|poke|p2|Emboar, F|
|teampreview
|
|t:|1743828799
|start
|switch|p1a: Salazzle|Salazzle, F|100/100
|switch|p2a: Greninja|Greninja, M|100/100
|turn|1
|
|t:|1743828814
|switch|p1a: Skarmory|Skarmory, M|100/100
|move|p2a: Greninja|Water Shuriken|p1a: Skarmory
|-damage|p1a: Skarmory|95/100
|-damage|p1a: Skarmory|88/100
|-damage|p1a: Skarmory|82/100
|-hitcount|p1a: Skarmory|3
|
|-heal|p1a: Skarmory|88/100|[from] item: Leftovers
|upkeep
|turn|2
|
|t:|1743828824
|move|p2a: Greninja|Night Slash|p1a: Skarmory
|-damage|p1a: Skarmory|71/100
|move|p1a: Skarmory|Stealth Rock|p2a: Greninja
|-sidestart|p2: razz1011|move: Stealth Rock
|
|-heal|p1a: Skarmory|77/100|[from] item: Leftovers
|upkeep
|turn|3
|
|t:|1743828834
|move|p2a: Greninja|Night Slash|p1a: Skarmory
|-damage|p1a: Skarmory|60/100
|move|p1a: Skarmory|Spikes|p2a: Greninja
|-sidestart|p2: razz1011|Spikes
|
|-heal|p1a: Skarmory|66/100|[from] item: Leftovers
|upkeep
|turn|4
|
|t:|1743828844
|move|p2a: Greninja|Night Slash|p1a: Skarmory
|-damage|p1a: Skarmory|46/100
|move|p1a: Skarmory|Body Press|p2a: Greninja
|-supereffective|p2a: Greninja
|-damage|p2a: Greninja|33/100
|
|-heal|p1a: Skarmory|52/100|[from] item: Leftovers
|upkeep
|turn|5
|
|t:|1743828852
|move|p2a: Greninja|Night Slash|p1a: Skarmory
|-damage|p1a: Skarmory|36/100
|move|p1a: Skarmory|Body Press|p2a: Greninja
|-supereffective|p2a: Greninja
|-crit|p2a: Greninja
|-damage|p2a: Greninja|0 fnt
|faint|p2a: Greninja
|
|-heal|p1a: Skarmory|42/100|[from] item: Leftovers
|upkeep
|
|t:|1743828861
|switch|p2a: Emboar|Emboar, F|100/100
|-damage|p2a: Emboar|88/100|[from] Stealth Rock
|-item|p2a: Emboar|Air Balloon
|turn|6
|
|t:|1743828867
|switch|p1a: Incineroar|Incineroar, M|100/100
|-ability|p1a: Incineroar|Intimidate|boost
|-unboost|p2a: Emboar|atk|1
|move|p2a: Emboar|Flamethrower|p1a: Incineroar
|-resisted|p1a: Incineroar
|-damage|p1a: Incineroar|90/100
|
|upkeep
|turn|7
|
|t:|1743828876
|move|p1a: Incineroar|Fake Out|p2a: Emboar
|-damage|p2a: Emboar|72/100
|-enditem|p2a: Emboar|Air Balloon
|cant|p2a: Emboar|flinch
|
|upkeep
|turn|8
|
|t:|1743828887
|move|p2a: Emboar|High Horsepower|p1a: Incineroar
|-supereffective|p1a: Incineroar
|-damage|p1a: Incineroar|57/100
|move|p1a: Incineroar|U-turn|p2a: Emboar
|-resisted|p2a: Emboar
|-damage|p2a: Emboar|65/100
|
|t:|1743828904
|switch|p1a: Slither Wing|Slither Wing|100/100|[from] U-turn
|
|upkeep
|turn|9
|
|t:|1743828909
|move|p1a: Slither Wing|Earthquake|p2a: Emboar
|-supereffective|p2a: Emboar
|-damage|p2a: Emboar|0 fnt
|faint|p2a: Emboar
|
|upkeep
|
|t:|1743828919
|switch|p2a: Iron Valiant|Iron Valiant|100/100
|-damage|p2a: Iron Valiant|94/100|[from] Stealth Rock
|-item|p2a: Iron Valiant|Air Balloon
|turn|10
|
|t:|1743828925
|-end|p1a: Slither Wing|Protosynthesis|[silent]
|switch|p1a: Skarmory|Skarmory, M|42/100
|move|p2a: Iron Valiant|Fire Punch|p1a: Skarmory
|-supereffective|p1a: Skarmory
|-damage|p1a: Skarmory|6/100
|
|-heal|p1a: Skarmory|12/100|[from] item: Leftovers
|upkeep
|turn|11
|
|t:|1743828933
|move|p2a: Iron Valiant|Fire Punch|p1a: Skarmory
|-supereffective|p1a: Skarmory
|-damage|p1a: Skarmory|0 fnt
|faint|p1a: Skarmory
|
|upkeep
|
|t:|1743828936
|switch|p1a: Incineroar|Incineroar, M|57/100
|-ability|p1a: Incineroar|Intimidate|boost
|-unboost|p2a: Iron Valiant|atk|1
|turn|12
|
|t:|1743828947
|-end|p2a: Iron Valiant|Quark Drive|[silent]
|switch|p2a: Krookodile|Krookodile, F|100/100
|-damage|p2a: Krookodile|94/100|[from] Stealth Rock
|-damage|p2a: Krookodile|82/100|[from] Spikes
|-ability|p2a: Krookodile|Intimidate|boost
|-unboost|p1a: Incineroar|atk|1
|move|p1a: Incineroar|Fake Out|p2a: Krookodile
|-damage|p2a: Krookodile|72/100
|
|-heal|p2a: Krookodile|78/100|[from] item: Leftovers
|upkeep
|turn|13
|
|t:|1743828971
|switch|p1a: Sinistcha|Sinistcha|100/100
|move|p2a: Krookodile|Earthquake|p1a: Sinistcha
|-resisted|p1a: Sinistcha
|-damage|p1a: Sinistcha|82/100
|
|-heal|p2a: Krookodile|85/100|[from] item: Leftovers
|upkeep
|turn|14
|
|t:|1743828982
|switch|p2a: Iron Valiant|Iron Valiant|94/100
|-damage|p2a: Iron Valiant|88/100|[from] Stealth Rock
|-item|p2a: Iron Valiant|Air Balloon
|move|p1a: Sinistcha|Matcha Gotcha|p2a: Iron Valiant
|-damage|p2a: Iron Valiant|25/100
|-heal|p1a: Sinistcha|100/100|[from] drain|[of] p2a: Iron Valiant
|-enditem|p2a: Iron Valiant|Air Balloon
|
|upkeep
|turn|15
|
|t:|1743828992
|move|p2a: Iron Valiant|Fire Punch|p1a: Sinistcha
|-supereffective|p1a: Sinistcha
|-damage|p1a: Sinistcha|76/100
|-enditem|p1a: Sinistcha|Weakness Policy
|-boost|p1a: Sinistcha|atk|2|[from] item: Weakness Policy
|-boost|p1a: Sinistcha|spa|2|[from] item: Weakness Policy
|move|p1a: Sinistcha|Matcha Gotcha|p2a: Iron Valiant
|-damage|p2a: Iron Valiant|0 fnt
|-heal|p1a: Sinistcha|87/100|[from] drain|[of] p2a: Iron Valiant
|faint|p2a: Iron Valiant
|-end|p2a: Iron Valiant|Quark Drive|[silent]
|
|upkeep
|
|t:|1743829007
|switch|p2a: Electivire|Electivire, F|100/100
|-damage|p2a: Electivire|88/100|[from] Stealth Rock
|-item|p2a: Electivire|Air Balloon
|turn|16
|
|t:|1743829013
|move|p2a: Electivire|Flamethrower|p1a: Sinistcha
|-supereffective|p1a: Sinistcha
|-damage|p1a: Sinistcha|61/100
|move|p1a: Sinistcha|Matcha Gotcha|p2a: Electivire
|-damage|p2a: Electivire|0 fnt
|-heal|p1a: Sinistcha|100/100|[from] drain|[of] p2a: Electivire
|-enditem|p2a: Electivire|Air Balloon
|faint|p2a: Electivire
|
|upkeep
|-message|razz1011 forfeited.
|
|win|trovincea
|raw|trovincea's rating: 1094 &rarr; <strong>1118</strong><br />(+24 for winning)
|raw|razz1011's rating: 1062 &rarr; <strong>1044</strong><br />(-18 for losing)
|l|☆razz1011
|player|p2|
|c|☆trovincea|Sinischa has heat proof
|l|☆trovincea
|player|p1|
