|j|☆Mourien
|j|☆Mostofmyday
|t:|1743821376
|gametype|singles
|player|p1|Mourien|hilbert-wonderlauncher|1016
|player|p2|Mostofmyday|sage|1045
|teamsize|p1|6
|teamsize|p2|6
|gen|9
|tier|[Gen 9] OU
|rated|
|rule|HP Percentage Mod: HP is shown in percentages
|rule|Endless Battle Clause: Forcing endless battles is banned
|rule|Species Clause: Limit one of each Pokémon
|rule|OHKO Clause: OHKO moves are banned
|rule|Evasion Items Clause: Evasion items are banned
|rule|Evasion Moves Clause: Evasion moves are banned
|rule|Sleep Moves Clause: Sleep-inducing moves are banned
|clearpoke
|poke|p1|Samurott-Hisui, F|
|poke|p1|Meowscarada, F|
|poke|p1|Iron Moth|
|poke|p1|Mimikyu, M|
|poke|p1|Kingambit, F|
|poke|p1|Araquanid, F|
|poke|p2|Garganacl, M|
|poke|p2|Glimmora, F|
|poke|p2|Gholdengo|
|poke|p2|Gliscor, M|
|poke|p2|Blaziken, M|
|poke|p2|Volcanion|
|teampreview
|inactive|Battle timer is ON: inactive players will automatically lose when time's up. (requested by Mostofmyday)
|inactive|Mourien has 120 seconds left.
|
|t:|1743821411
|start
|switch|p1a: Araquanid|Araquanid, F|100/100
|switch|p2a: Banshee|Glimmora, F|100/100
|turn|1
|
|t:|1743821417
|move|p2a: Banshee|Power Gem|p1a: Araquanid
|-supereffective|p1a: Araquanid
|-damage|p1a: Araquanid|51/100
|move|p1a: Araquanid|Sticky Web|p2a: Banshee
|-sidestart|p2: Mostofmyday|move: Sticky Web
|
|upkeep
|turn|2
|
|t:|1743821429
|move|p2a: Banshee|Mortal Spin|p1a: Araquanid
|-damage|p1a: Araquanid|44/100
|-status|p1a: Araquanid|psn
|-sideend|p2: Mostofmyday|Sticky Web|[from] move: Mortal Spin|[of] p2a: Banshee
|move|p1a: Araquanid|Giga Drain|p2a: Banshee
|-damage|p2a: Banshee|88/100
|-heal|p1a: Araquanid|50/100 psn|[from] drain|[of] p2a: Banshee
|
|-damage|p1a: Araquanid|37/100 psn|[from] psn
|upkeep
|turn|3
|
|t:|1743821437
|move|p2a: Banshee|Power Gem|p1a: Araquanid
|-supereffective|p1a: Araquanid
|-damage|p1a: Araquanid|0 fnt
|faint|p1a: Araquanid
|
|upkeep
|
|t:|1743821447
|switch|p1a: Meowscarada|Meowscarada, F, shiny|100/100
|turn|4
|
|t:|1743821453
|move|p1a: Meowscarada|Trick|p2a: Banshee
|-start|p1a: Meowscarada|typechange|Psychic|[from] ability: Protean
|-activate|p1a: Meowscarada|move: Trick|[of] p2a: Banshee
|-item|p2a: Banshee|Choice Scarf|[from] move: Trick
|-item|p1a: Meowscarada|Focus Sash|[from] move: Trick
|move|p2a: Banshee|Stealth Rock|p1a: Meowscarada
|-sidestart|p1: Mourien|move: Stealth Rock
|
|upkeep
|turn|5
|inactive|Mourien has 120 seconds left.
|
|t:|1743821485
|move|p2a: Banshee|Stealth Rock||[still]
|-fail|p2a: Banshee
|move|p1a: Meowscarada|Flower Trick|p2a: Banshee
|-crit|p2a: Banshee
|-damage|p2a: Banshee|50/100
|-activate|p2a: Banshee|ability: Toxic Debris
|-sidestart|p1: Mourien|move: Toxic Spikes
|
|upkeep
|turn|6
|
|t:|1743821490
|move|p2a: Banshee|Stealth Rock||[still]
|-fail|p2a: Banshee
|move|p1a: Meowscarada|Flower Trick|p2a: Banshee
|-crit|p2a: Banshee
|-damage|p2a: Banshee|9/100
|-activate|p2a: Banshee|ability: Toxic Debris
|-sidestart|p1: Mourien|move: Toxic Spikes
|
|upkeep
|turn|7
|
|t:|1743821506
|switch|p2a: Money Mane|Gholdengo|100/100
|-item|p2a: Money Mane|Air Balloon
|move|p1a: Meowscarada|Flower Trick|p2a: Money Mane
|-resisted|p2a: Money Mane
|-crit|p2a: Money Mane
|-damage|p2a: Money Mane|88/100
|-enditem|p2a: Money Mane|Air Balloon
|
|upkeep
|turn|8
|
|t:|1743821516
|move|p1a: Meowscarada|Knock Off|p2a: Money Mane
|-supereffective|p2a: Money Mane
|-damage|p2a: Money Mane|61/100
|move|p2a: Money Mane|Thunder Wave|p1a: Meowscarada
|-status|p1a: Meowscarada|par
|
|upkeep
|turn|9
|
|t:|1743821524
|move|p2a: Money Mane|Hex|p1a: Meowscarada
|-supereffective|p1a: Meowscarada
|-enditem|p1a: Meowscarada|Focus Sash
|-damage|p1a: Meowscarada|1/100 par
|move|p1a: Meowscarada|Flower Trick|p2a: Money Mane
|-resisted|p2a: Money Mane
|-crit|p2a: Money Mane
|-damage|p2a: Money Mane|50/100
|
|upkeep
|turn|10
|
|t:|1743821537
|switch|p1a: Iron Moth|Iron Moth, shiny|100/100
|-damage|p1a: Iron Moth|76/100|[from] Stealth Rock
|-sideend|p1: Mourien|move: Toxic Spikes|[of] p1a: Iron Moth
|-enditem|p1a: Iron Moth|Booster Energy
|-activate|p1a: Iron Moth|ability: Quark Drive|[fromitem]
|-start|p1a: Iron Moth|quarkdrivespa
|move|p2a: Money Mane|Recover|p2a: Money Mane
|-heal|p2a: Money Mane|99/100
|
|upkeep
|turn|11
|
|t:|1743821556
|switch|p2a: Banshee|Glimmora, F|9/100
|move|p1a: Iron Moth|Fiery Dance|p2a: Banshee
|-resisted|p2a: Banshee
|-damage|p2a: Banshee|0 fnt
|-boost|p1a: Iron Moth|spa|1
|faint|p2a: Banshee
|
|upkeep
|
|t:|1743821566
|switch|p2a: KGB|Volcanion|100/100
|turn|12
|
|t:|1743821577
|-terastallize|p1a: Iron Moth|Ground
|move|p1a: Iron Moth|Tera Blast|p2a: KGB|[anim] Tera Blast Ground
|-supereffective|p2a: KGB
|-damage|p2a: KGB|0 fnt
|faint|p2a: KGB
|
|upkeep
|
|t:|1743821587
|switch|p2a: EST LuBlaze|Blaziken, M, shiny|100/100
|turn|13
|
|t:|1743821591
|move|p2a: EST LuBlaze|Endure|p2a: EST LuBlaze
|-singleturn|p2a: EST LuBlaze|move: Endure
|move|p1a: Iron Moth|Tera Blast|p2a: EST LuBlaze|[anim] Tera Blast Ground
|-supereffective|p2a: EST LuBlaze
|-activate|p2a: EST LuBlaze|move: Endure
|-damage|p2a: EST LuBlaze|1/100
|-enditem|p2a: EST LuBlaze|Lansat Berry|[eat]
|-start|p2a: EST LuBlaze|move: Focus Energy
|
|-ability|p2a: EST LuBlaze|Speed Boost|boost
|-boost|p2a: EST LuBlaze|spe|1
|upkeep
|turn|14
|
|t:|1743821600
|move|p2a: EST LuBlaze|Reversal|p1a: Iron Moth
|-crit|p1a: Iron Moth
|-damage|p1a: Iron Moth|0 fnt
|faint|p1a: Iron Moth
|-end|p1a: Iron Moth|Quark Drive|[silent]
|
|-ability|p2a: EST LuBlaze|Speed Boost|boost
|-boost|p2a: EST LuBlaze|spe|1
|upkeep
|
|t:|1743821606
|switch|p1a: Mimikyu|Mimikyu, M|100/100
|-damage|p1a: Mimikyu|88/100|[from] Stealth Rock
|turn|15
|
|t:|1743821621
|switch|p2a: PinchUrNips|Gliscor, M, shiny|100/100
|move|p1a: Mimikyu|Drain Punch|p2a: PinchUrNips
|-resisted|p2a: PinchUrNips
|-damage|p2a: PinchUrNips|93/100
|-heal|p1a: Mimikyu|92/100|[from] drain|[of] p2a: PinchUrNips
|
|-heal|p1a: Mimikyu|98/100|[from] item: Leftovers
|-status|p2a: PinchUrNips|tox|[from] item: Toxic Orb
|upkeep
|turn|16
|
|t:|1743821631
|move|p1a: Mimikyu|Thunder Wave|p2a: PinchUrNips
|-immune|p2a: PinchUrNips
|move|p2a: PinchUrNips|Spikes|p1a: Mimikyu
|-sidestart|p1: Mourien|Spikes
|
|-heal|p1a: Mimikyu|100/100|[from] item: Leftovers
|-heal|p2a: PinchUrNips|100/100 tox|[from] ability: Poison Heal
|upkeep
|turn|17
|
|t:|1743821638
|move|p1a: Mimikyu|Play Rough|p2a: PinchUrNips
|-damage|p2a: PinchUrNips|77/100 tox
|move|p2a: PinchUrNips|Toxic|p1a: Mimikyu|[miss]
|-miss|p2a: PinchUrNips|p1a: Mimikyu
|
|-heal|p2a: PinchUrNips|89/100 tox|[from] ability: Poison Heal
|upkeep
|turn|18
|
|t:|1743821642
|move|p1a: Mimikyu|Play Rough|p2a: PinchUrNips
|-damage|p2a: PinchUrNips|62/100 tox
|move|p2a: PinchUrNips|Spikes|p1a: Mimikyu
|-sidestart|p1: Mourien|Spikes
|
|-heal|p2a: PinchUrNips|75/100 tox|[from] ability: Poison Heal
|upkeep
|turn|19
|
|t:|1743821646
|move|p1a: Mimikyu|Play Rough|p2a: PinchUrNips
|-damage|p2a: PinchUrNips|51/100 tox
|move|p2a: PinchUrNips|Toxic|p1a: Mimikyu|[miss]
|-miss|p2a: PinchUrNips|p1a: Mimikyu
|
|-heal|p2a: PinchUrNips|63/100 tox|[from] ability: Poison Heal
|upkeep
|turn|20
|
|t:|1743821652
|move|p1a: Mimikyu|Play Rough|p2a: PinchUrNips
|-damage|p2a: PinchUrNips|40/100 tox
|move|p2a: PinchUrNips|Toxic|p1a: Mimikyu
|-status|p1a: Mimikyu|tox
|
|-damage|p1a: Mimikyu|94/100 tox|[from] psn
|-heal|p2a: PinchUrNips|52/100 tox|[from] ability: Poison Heal
|upkeep
|turn|21
|
|t:|1743821663
|move|p1a: Mimikyu|Play Rough|p2a: PinchUrNips
|-damage|p2a: PinchUrNips|28/100 tox
|move|p2a: PinchUrNips|Knock Off|p1a: Mimikyu
|-activate|p1a: Mimikyu|ability: Disguise
|-damage|p1a: Mimikyu|94/100 tox
|-enditem|p1a: Mimikyu|Leftovers|[from] move: Knock Off|[of] p2a: PinchUrNips
|detailschange|p1a: Mimikyu|Mimikyu-Busted, M
|-damage|p1a: Mimikyu|82/100 tox|[from] pokemon: Mimikyu-Busted
|
|-damage|p1a: Mimikyu|70/100 tox|[from] psn
|-heal|p2a: PinchUrNips|40/100 tox|[from] ability: Poison Heal
|upkeep
|turn|22
|
|t:|1743821669
|move|p2a: PinchUrNips|Protect|p2a: PinchUrNips
|-singleturn|p2a: PinchUrNips|Protect
|move|p1a: Mimikyu|Play Rough|p2a: PinchUrNips
|-activate|p2a: PinchUrNips|move: Protect
|
|-damage|p1a: Mimikyu|52/100 tox|[from] psn
|-heal|p2a: PinchUrNips|52/100 tox|[from] ability: Poison Heal
|upkeep
|turn|23
|
|t:|1743821677
|move|p1a: Mimikyu|Play Rough|p2a: PinchUrNips
|-damage|p2a: PinchUrNips|29/100 tox
|move|p2a: PinchUrNips|Toxic|p1a: Mimikyu|[miss]
|-miss|p2a: PinchUrNips|p1a: Mimikyu
|
|-damage|p1a: Mimikyu|28/100 tox|[from] psn
|-heal|p2a: PinchUrNips|41/100 tox|[from] ability: Poison Heal
|upkeep
|turn|24
|
|t:|1743821683
|move|p2a: PinchUrNips|Protect|p2a: PinchUrNips
|-singleturn|p2a: PinchUrNips|Protect
|move|p1a: Mimikyu|Pain Split|p2a: PinchUrNips
|-activate|p2a: PinchUrNips|move: Protect
|
|-damage|p1a: Mimikyu|0 fnt|[from] psn
|faint|p1a: Mimikyu
|-heal|p2a: PinchUrNips|53/100 tox|[from] ability: Poison Heal
|upkeep
|
|t:|1743821691
|switch|p1a: Kingambit|Kingambit, F|100/100
|-damage|p1a: Kingambit|94/100|[from] Stealth Rock
|-damage|p1a: Kingambit|78/100|[from] Spikes
|-activate|p1a: Kingambit|ability: Supreme Overlord
|-start|p1a: Kingambit|fallen3|[silent]
|turn|25
|
|t:|1743821699
|switch|p2a: Money Mane|Gholdengo|99/100
|move|p1a: Kingambit|Zen Headbutt|p2a: Money Mane
|-resisted|p2a: Money Mane
|-damage|p2a: Money Mane|86/100
|
|-heal|p1a: Kingambit|84/100|[from] item: Leftovers
|upkeep
|turn|26
|
|t:|1743821707
|move|p2a: Money Mane|Thunder Wave|p1a: Kingambit
|-status|p1a: Kingambit|par
|move|p1a: Kingambit|Iron Defense|p1a: Kingambit
|-boost|p1a: Kingambit|def|2
|
|-heal|p1a: Kingambit|90/100 par|[from] item: Leftovers
|upkeep
|turn|27
|
|t:|1743821711
|move|p2a: Money Mane|Hex|p1a: Kingambit
|-resisted|p1a: Kingambit
|-damage|p1a: Kingambit|63/100 par
|move|p1a: Kingambit|Kowtow Cleave|p2a: Money Mane
|-supereffective|p2a: Money Mane
|-damage|p2a: Money Mane|0 fnt
|faint|p2a: Money Mane
|
|-heal|p1a: Kingambit|69/100 par|[from] item: Leftovers
|upkeep
|
|t:|1743821719
|switch|p2a: A Salting Ape|Garganacl, M, shiny|100/100
|turn|28
|
|t:|1743821727
|move|p2a: A Salting Ape|Protect|p2a: A Salting Ape
|-singleturn|p2a: A Salting Ape|Protect
|cant|p1a: Kingambit|par
|
|-heal|p1a: Kingambit|75/100 par|[from] item: Leftovers
|upkeep
|turn|29
|
|t:|1743821740
|move|p2a: A Salting Ape|Salt Cure|p1a: Kingambit
|-resisted|p1a: Kingambit
|-damage|p1a: Kingambit|73/100 par
|-start|p1a: Kingambit|Salt Cure
|cant|p1a: Kingambit|par
|
|-heal|p1a: Kingambit|79/100 par|[from] item: Leftovers
|-damage|p1a: Kingambit|54/100 par|[from] Salt Cure
|upkeep
|turn|30
|
|t:|1743821749
|move|p2a: A Salting Ape|Curse|p2a: A Salting Ape
|-unboost|p2a: A Salting Ape|spe|1
|-boost|p2a: A Salting Ape|atk|1
|-boost|p2a: A Salting Ape|def|1
|cant|p1a: Kingambit|par
|
|-heal|p1a: Kingambit|60/100 par|[from] item: Leftovers
|-damage|p1a: Kingambit|35/100 par|[from] Salt Cure
|upkeep
|turn|31
|
|t:|1743821757
|move|p2a: A Salting Ape|Curse|p2a: A Salting Ape
|-unboost|p2a: A Salting Ape|spe|1
|-boost|p2a: A Salting Ape|atk|1
|-boost|p2a: A Salting Ape|def|1
|cant|p1a: Kingambit|par
|
|-heal|p1a: Kingambit|41/100 par|[from] item: Leftovers
|-damage|p1a: Kingambit|16/100 par|[from] Salt Cure
|upkeep
|turn|32
|
|t:|1743821766
|-end|p1a: Kingambit|fallen3|[silent]
|switch|p1a: Samurott|Samurott-Hisui, F|100/100
|-damage|p1a: Samurott|88/100|[from] Stealth Rock
|-damage|p1a: Samurott|72/100|[from] Spikes
|move|p2a: A Salting Ape|Protect||[still]
|-fail|p2a: A Salting Ape
|
|upkeep
|turn|33
|
|t:|1743821774
|move|p1a: Samurott|Air Slash|p2a: A Salting Ape
|-resisted|p2a: A Salting Ape
|-crit|p2a: A Salting Ape
|-damage|p2a: A Salting Ape|87/100
|move|p2a: A Salting Ape|Salt Cure|p1a: Samurott
|-damage|p1a: Samurott|39/100
|-start|p1a: Samurott|Salt Cure
|
|-heal|p2a: A Salting Ape|93/100|[from] item: Leftovers
|-damage|p1a: Samurott|14/100|[from] Salt Cure
|upkeep
|-enditem|p1a: Samurott|Salac Berry|[eat]
|-boost|p1a: Samurott|spe|1|[from] item: Salac Berry
|turn|34
|
|t:|1743821779
|move|p1a: Samurott|Ceaseless Edge|p2a: A Salting Ape
|-damage|p2a: A Salting Ape|78/100
|-sidestart|p2: Mostofmyday|Spikes
|move|p2a: A Salting Ape|Curse|p2a: A Salting Ape
|-unboost|p2a: A Salting Ape|spe|1
|-boost|p2a: A Salting Ape|atk|1
|-boost|p2a: A Salting Ape|def|1
|
|-heal|p2a: A Salting Ape|84/100|[from] item: Leftovers
|-damage|p1a: Samurott|0 fnt|[from] Salt Cure
|faint|p1a: Samurott
|upkeep
|-message|Mourien forfeited.
|
|win|Mostofmyday
|raw|Mourien's rating: 1016 &rarr; <strong>1005</strong><br />(-11 for losing)
|raw|Mostofmyday's rating: 1045 &rarr; <strong>1075</strong><br />(+30 for winning)
|l|☆Mourien
|player|p1|
