|j|☆Louhitar
|j|☆lobomil
|t:|1743858290
|gametype|singles
|player|p1|Louhitar|jupiter|1177
|player|p2|lobomil|cynthia-gen4|1194
|teamsize|p1|6
|teamsize|p2|6
|gen|9
|tier|[Gen 9] OU
|rated|
|rule|HP Percentage Mod: HP is shown in percentages
|rule|Endless Battle Clause: Forcing endless battles is banned
|rule|Species Clause: Limit one of each Pokémon
|rule|OHKO Clause: OHKO moves are banned
|rule|Evasion Items Clause: Evasion items are banned
|rule|Evasion Moves Clause: Evasion moves are banned
|rule|Sleep Moves Clause: Sleep-inducing moves are banned
|clearpoke
|poke|p1|Ninetales-Alola, M|
|poke|p1|Kyurem|
|poke|p1|Great Tusk|
|poke|p1|Iron Moth|
|poke|p1|Manaphy|
|poke|p1|Rillaboom, M|
|poke|p2|Florges-Blue, F|
|poke|p2|Empoleon, M|
|poke|p2|Talonflame, M|
|poke|p2|Zapdos-Galar|
|poke|p2|Arcanine-Hisui, M|
|poke|p2|Slowking, M|
|teampreview
|inactive|Battle timer is ON: inactive players will automatically lose when time's up. (requested by Louhitar)
|
|t:|1743858305
|start
|switch|p1a: Finn|Ninetales-Alola, M|100/100
|switch|p2a: Empoleon|Empoleon, M|100/100
|-weather|Snowscape|[from] ability: Snow Warning|[of] p1a: Finn
|-item|p2a: Empoleon|Air Balloon
|turn|1
|
|t:|1743858313
|move|p1a: Finn|Aurora Veil|p1a: Finn
|-sidestart|p1: Louhitar|move: Aurora Veil
|move|p2a: Empoleon|Agility|p2a: Empoleon
|-boost|p2a: Empoleon|spe|2
|
|-weather|Snowscape|[upkeep]
|upkeep
|turn|2
|
|t:|1743858321
|move|p2a: Empoleon|Flash Cannon|p1a: Finn
|-supereffective|p1a: Finn
|-damage|p1a: Finn|16/100
|-unboost|p1a: Finn|spd|1
|move|p1a: Finn|Freeze-Dry|p2a: Empoleon
|-damage|p2a: Empoleon|78/100
|-enditem|p2a: Empoleon|Air Balloon
|
|-weather|Snowscape|[upkeep]
|upkeep
|turn|3
|
|t:|1743858331
|switch|p1a: Rory|Rillaboom, M|100/100
|-fieldstart|move: Grassy Terrain|[from] ability: Grassy Surge|[of] p1a: Rory
|move|p2a: Empoleon|Flash Cannon|p1a: Rory
|-damage|p1a: Rory|74/100
|
|-weather|Snowscape|[upkeep]
|-heal|p2a: Empoleon|84/100|[from] Grassy Terrain
|-heal|p1a: Rory|80/100|[from] Grassy Terrain
|upkeep
|turn|4
|
|t:|1743858343
|switch|p2a: Talonflame|Talonflame, M|100/100
|move|p1a: Rory|Knock Off|p2a: Talonflame
|-damage|p2a: Talonflame|31/100
|-status|p1a: Rory|brn|[from] ability: Flame Body|[of] p2a: Talonflame
|-enditem|p2a: Talonflame|Wide Lens|[from] move: Knock Off|[of] p1a: Rory
|
|-weather|Snowscape|[upkeep]
|-heal|p1a: Rory|86/100 brn|[from] Grassy Terrain
|-damage|p1a: Rory|80/100 brn|[from] brn
|upkeep
|turn|5
|
|t:|1743858357
|switch|p1a: Manny|Manaphy|100/100
|move|p2a: Talonflame|Defog|p1a: Manny
|-unboost|p1a: Manny|evasion|1
|-sideend|p1: Louhitar|move: Aurora Veil
|-fieldend|move: Grassy Terrain
|
|-weather|none
|upkeep
|turn|6
|
|t:|1743858368
|move|p2a: Talonflame|U-turn|p1a: Manny
|-damage|p1a: Manny|86/100
|
|t:|1743858373
|switch|p2a: Arcanine|Arcanine-Hisui, M|100/100|[from] U-turn
|move|p1a: Manny|Tail Glow|p1a: Manny
|-boost|p1a: Manny|spa|3
|
|-heal|p1a: Manny|92/100|[from] item: Leftovers
|upkeep
|turn|7
|
|t:|1743858383
|move|p2a: Arcanine|Wild Charge|p1a: Manny
|-supereffective|p1a: Manny
|-damage|p1a: Manny|34/100
|move|p1a: Manny|Surf|p2a: Arcanine
|-supereffective|p2a: Arcanine
|-damage|p2a: Arcanine|0 fnt
|faint|p2a: Arcanine
|
|-heal|p1a: Manny|40/100|[from] item: Leftovers
|upkeep
|
|t:|1743858394
|switch|p2a: Zapdos|Zapdos-Galar|100/100
|turn|8
|
|t:|1743858406
|move|p2a: Zapdos|Thunderous Kick|p1a: Manny
|-damage|p1a: Manny|0 fnt
|faint|p1a: Manny
|
|upkeep
|
|t:|1743858413
|switch|p1a: Rory|Rillaboom, M|80/100 brn
|-fieldstart|move: Grassy Terrain|[from] ability: Grassy Surge|[of] p1a: Rory
|turn|9
|
|t:|1743858419
|move|p2a: Zapdos|Bulk Up|p2a: Zapdos
|-boost|p2a: Zapdos|atk|1
|-boost|p2a: Zapdos|def|1
|move|p1a: Rory|U-turn|p2a: Zapdos
|-resisted|p2a: Zapdos
|-damage|p2a: Zapdos|96/100
|
|t:|1743858426
|switch|p1a: Finn|Ninetales-Alola, M|16/100|[from] U-turn
|-weather|Snowscape|[from] ability: Snow Warning|[of] p1a: Finn
|
|-weather|Snowscape|[upkeep]
|-heal|p1a: Finn|22/100|[from] Grassy Terrain
|-heal|p2a: Zapdos|100/100|[from] item: Leftovers
|upkeep
|turn|10
|
|t:|1743858437
|switch|p2a: Talonflame|Talonflame, M|31/100
|move|p1a: Finn|Aurora Veil|p1a: Finn
|-sidestart|p1: Louhitar|move: Aurora Veil
|
|-weather|Snowscape|[upkeep]
|-heal|p1a: Finn|28/100|[from] Grassy Terrain
|upkeep
|turn|11
|
|t:|1743858449
|move|p2a: Talonflame|Defog|p1a: Finn
|-unboost|p1a: Finn|evasion|1
|-sideend|p1: Louhitar|move: Aurora Veil
|-fieldend|move: Grassy Terrain
|move|p1a: Finn|Freeze-Dry|p2a: Talonflame
|-damage|p2a: Talonflame|6/100
|
|-weather|Snowscape|[upkeep]
|upkeep
|turn|12
|
|t:|1743858458
|move|p2a: Talonflame|Taunt|p1a: Finn
|-start|p1a: Finn|move: Taunt
|cant|p1a: Finn|move: Taunt|Aurora Veil
|
|-weather|Snowscape|[upkeep]
|upkeep
|turn|13
|
|t:|1743858467
|move|p2a: Talonflame|U-turn|p1a: Finn
|-resisted|p1a: Finn
|-damage|p1a: Finn|22/100
|
|t:|1743858473
|switch|p2a: Florges|Florges-Blue, F|100/100|[from] U-turn
|move|p1a: Finn|Freeze-Dry|p2a: Florges
|-damage|p2a: Florges|88/100
|
|-weather|none
|-heal|p2a: Florges|94/100|[from] item: Leftovers
|upkeep
|turn|14
|
|t:|1743858482
|switch|p1a: Rory|Rillaboom, M|80/100 brn
|-fieldstart|move: Grassy Terrain|[from] ability: Grassy Surge|[of] p1a: Rory
|move|p2a: Florges|Psychic Noise|p1a: Rory
|-damage|p1a: Rory|43/100 brn
|-start|p1a: Rory|move: Heal Block
|
|-heal|p2a: Florges|99/100|[from] Grassy Terrain
|-heal|p2a: Florges|100/100|[from] item: Leftovers
|-damage|p1a: Rory|37/100 brn|[from] brn
|upkeep
|turn|15
|
|t:|1743858498
|switch|p2a: Zapdos|Zapdos-Galar|100/100
|move|p1a: Rory|U-turn|p2a: Zapdos
|-resisted|p2a: Zapdos
|-damage|p2a: Zapdos|95/100
|
|t:|1743858504
|switch|p1a: Finn|Ninetales-Alola, M|22/100|[from] U-turn
|-weather|Snowscape|[from] ability: Snow Warning|[of] p1a: Finn
|
|-weather|Snowscape|[upkeep]
|-heal|p1a: Finn|29/100|[from] Grassy Terrain
|-heal|p2a: Zapdos|100/100|[from] item: Leftovers
|upkeep
|turn|16
|
|t:|1743858512
|move|p1a: Finn|Aurora Veil|p1a: Finn
|-sidestart|p1: Louhitar|move: Aurora Veil
|move|p2a: Zapdos|Drill Peck|p1a: Finn
|-damage|p1a: Finn|11/100
|
|-weather|Snowscape|[upkeep]
|-heal|p1a: Finn|17/100|[from] Grassy Terrain
|upkeep
|turn|17
|
|t:|1743858522
|switch|p1a: Corey|Kyurem|100/100
|-ability|p1a: Corey|Pressure
|switch|p2a: Empoleon|Empoleon, M|84/100
|
|-weather|Snowscape|[upkeep]
|-heal|p2a: Empoleon|90/100|[from] Grassy Terrain
|upkeep
|turn|18
|
|t:|1743858532
|move|p1a: Corey|Dragon Dance|p1a: Corey
|-boost|p1a: Corey|atk|1
|-boost|p1a: Corey|spe|1
|move|p2a: Empoleon|Agility|p2a: Empoleon
|-boost|p2a: Empoleon|spe|2
|
|-weather|Snowscape|[upkeep]
|-heal|p2a: Empoleon|97/100|[from] Grassy Terrain
|-fieldend|move: Grassy Terrain
|upkeep
|turn|19
|
|t:|1743858540
|move|p1a: Corey|Dragon Dance|p1a: Corey
|-boost|p1a: Corey|atk|1
|-boost|p1a: Corey|spe|1
|move|p2a: Empoleon|Flash Cannon|p1a: Corey
|-supereffective|p1a: Corey
|-damage|p1a: Corey|60/100
|
|-weather|none
|upkeep
|turn|20
|
|t:|1743858549
|move|p1a: Corey|Scale Shot|p2a: Empoleon
|-resisted|p2a: Empoleon
|-damage|p2a: Empoleon|79/100
|-resisted|p2a: Empoleon
|-damage|p2a: Empoleon|64/100
|-resisted|p2a: Empoleon
|-damage|p2a: Empoleon|47/100
|-resisted|p2a: Empoleon
|-damage|p2a: Empoleon|31/100
|-resisted|p2a: Empoleon
|-damage|p2a: Empoleon|16/100
|-hitcount|p2a: Empoleon|5
|-unboost|p1a: Corey|def|1
|-boost|p1a: Corey|spe|1
|move|p2a: Empoleon|Flash Cannon|p1a: Corey
|-supereffective|p1a: Corey
|-damage|p1a: Corey|24/100
|
|upkeep
|turn|21
|
|t:|1743858565
|move|p1a: Corey|Icicle Spear|p2a: Empoleon
|-resisted|p2a: Empoleon
|-damage|p2a: Empoleon|8/100
|-resisted|p2a: Empoleon
|-damage|p2a: Empoleon|0 fnt
|faint|p2a: Empoleon
|-hitcount|p2: Empoleon|2
|
|upkeep
|
|t:|1743858574
|switch|p2a: Talonflame|Talonflame, M|6/100
|turn|22
|
|t:|1743858582
|move|p1a: Corey|Scale Shot|p2a: Talonflame
|-damage|p2a: Talonflame|0 fnt
|faint|p2a: Talonflame
|-hitcount|p2: Talonflame|1
|-unboost|p1a: Corey|def|1
|-boost|p1a: Corey|spe|1
|
|upkeep
|-message|lobomil forfeited.
|
|win|Louhitar
|raw|Louhitar's rating: 1177 &rarr; <strong>1203</strong><br />(+26 for winning)
|raw|lobomil's rating: 1194 &rarr; <strong>1168</strong><br />(-26 for losing)
|l|☆lobomil
|player|p2|
|l|☆Louhitar
|player|p1|
