|j|☆brabrasese
|j|☆hey you're
|t:|1743939318
|gametype|singles
|player|p1|brabrasese|hilbert|1438
|player|p2|hey you're|blackbelt-gen4dp|1470
|teamsize|p1|6
|teamsize|p2|6
|gen|9
|tier|[Gen 9] OU
|rated|
|rule|HP Percentage Mod: HP is shown in percentages
|rule|Endless Battle Clause: Forcing endless battles is banned
|rule|Species Clause: Limit one of each Pokémon
|rule|OHKO Clause: OHKO moves are banned
|rule|Evasion Items Clause: Evasion items are banned
|rule|Evasion Moves Clause: Evasion moves are banned
|rule|Sleep Moves Clause: Sleep-inducing moves are banned
|clearpoke
|poke|p1|Pecharunt|
|poke|p1|Mandibuzz, F|
|poke|p1|Samurott-Hisui, M|
|poke|p1|Scizor, F|
|poke|p1|Raging Bolt|
|poke|p1|Glimmora, M|
|poke|p2|Iron Hands|
|poke|p2|Ogerpon-Wellspring, F|
|poke|p2|Scizor, F|
|poke|p2|Polteageist|
|poke|p2|Indeedee, M|
|poke|p2|Iron Boulder|
|teampreview
|inactive|Battle timer is ON: inactive players will automatically lose when time's up. (requested by brabrasese)
|j| Midknighty
|
|t:|1743939324
|start
|switch|p1a: Glimmora|Glimmora, M|100/100
|switch|p2a: Indeedee|Indeedee, M|100/100
|-fieldstart|move: Psychic Terrain|[from] ability: Psychic Surge|[of] p2a: Indeedee
|turn|1
|
|t:|1743939329
|move|p2a: Indeedee|Expanding Force|p1a: Glimmora
|-supereffective|p1a: Glimmora
|-enditem|p1a: Glimmora|Focus Sash
|-damage|p1a: Glimmora|1/100
|move|p1a: Glimmora|Stealth Rock|p2a: Indeedee
|-sidestart|p2: hey you're|move: Stealth Rock
|
|upkeep
|turn|2
|
|t:|1743939337
|switch|p1a: Samurott|Samurott-Hisui, M|100/100
|move|p2a: Indeedee|Encore||[still]
|-fail|p2a: Indeedee
|
|upkeep
|turn|3
|
|t:|1743939342
|move|p1a: Samurott|Ceaseless Edge|p2a: Indeedee
|-supereffective|p2a: Indeedee
|-damage|p2a: Indeedee|0 fnt
|-sidestart|p2: hey you're|Spikes
|faint|p2a: Indeedee
|
|upkeep
|
|t:|1743939346
|switch|p2a: Scizor|Scizor, F|100/100
|turn|4
|
|t:|1743939351
|move|p1a: Samurott|Ceaseless Edge|p2a: Scizor
|-damage|p2a: Scizor|55/100
|-sidestart|p2: hey you're|Spikes
|move|p2a: Scizor|Defog|p1a: Samurott
|-unboost|p1a: Samurott|evasion|1
|-sideend|p2: hey you're|Spikes|[from] move: Defog|[of] p2a: Scizor
|-sideend|p2: hey you're|Stealth Rock|[from] move: Defog|[of] p2a: Scizor
|-fieldend|move: Psychic Terrain
|
|upkeep
|turn|5
|
|t:|1743939358
|switch|p1a: Glimmora|Glimmora, M|1/100
|move|p2a: Scizor|Swords Dance|p2a: Scizor
|-boost|p2a: Scizor|atk|2
|
|upkeep
|turn|6
|
|t:|1743939364
|move|p2a: Scizor|Bullet Punch|p1a: Glimmora
|-supereffective|p1a: Glimmora
|-damage|p1a: Glimmora|0 fnt
|-activate|p1a: Glimmora|ability: Toxic Debris
|-sidestart|p2: hey you're|move: Toxic Spikes
|faint|p1a: Glimmora
|
|upkeep
|
|t:|1743939383
|switch|p1a: Raging Bolt|Raging Bolt|100/100
|turn|7
|
|t:|1743939388
|move|p1a: Raging Bolt|Volt Switch|p2a: Scizor
|-damage|p2a: Scizor|1/100
|
|t:|1743939394
|-end|p1a: Raging Bolt|Protosynthesis|[silent]
|switch|p1a: Scizor|Scizor, F|100/100|[from] Volt Switch
|move|p2a: Scizor|Defog|p1a: Scizor
|-unboost|p1a: Scizor|evasion|1
|-sideend|p2: hey you're|Toxic Spikes|[from] move: Defog|[of] p2a: Scizor
|
|upkeep
|turn|8
|
|t:|1743939399
|move|p1a: Scizor|Bullet Punch|p2a: Scizor
|-resisted|p2a: Scizor
|-damage|p2a: Scizor|0 fnt
|faint|p2a: Scizor
|
|upkeep
|
|t:|1743939405
|switch|p2a: Iron Hands|Iron Hands, shiny|100/100
|turn|9
|
|t:|1743939419
|switch|p1a: Mandibuzz|Mandibuzz, F|100/100
|move|p2a: Iron Hands|Drain Punch|p1a: Mandibuzz
|-damage|p1a: Mandibuzz|73/100
|
|upkeep
|turn|10
|
|t:|1743939423
|move|p1a: Mandibuzz|U-turn|p2a: Iron Hands
|-resisted|p2a: Iron Hands
|-damage|p2a: Iron Hands|97/100
|
|t:|1743939427
|switch|p1a: Raging Bolt|Raging Bolt|100/100|[from] U-turn
|move|p2a: Iron Hands|Supercell Slam|p1a: Raging Bolt
|-resisted|p1a: Raging Bolt
|-damage|p1a: Raging Bolt|86/100
|
|-heal|p2a: Iron Hands|100/100|[from] item: Leftovers
|upkeep
|turn|11
|
|t:|1743939432
|move|p1a: Raging Bolt|Dragon Pulse|p2a: Iron Hands
|-damage|p2a: Iron Hands|55/100
|move|p2a: Iron Hands|Ice Punch|p1a: Raging Bolt
|-supereffective|p1a: Raging Bolt
|-damage|p1a: Raging Bolt|33/100
|
|-heal|p2a: Iron Hands|61/100|[from] item: Leftovers
|upkeep
|turn|12
|
|t:|1743939442
|move|p1a: Raging Bolt|Volt Switch|p2a: Iron Hands
|-resisted|p2a: Iron Hands
|-crit|p2a: Iron Hands
|-damage|p2a: Iron Hands|33/100
|
|t:|1743939448
|-end|p1a: Raging Bolt|Protosynthesis|[silent]
|switch|p1a: Samurott|Samurott-Hisui, M|100/100|[from] Volt Switch
|move|p2a: Iron Hands|Ice Punch|p1a: Samurott
|-resisted|p1a: Samurott
|-damage|p1a: Samurott|80/100
|
|-heal|p2a: Iron Hands|39/100|[from] item: Leftovers
|upkeep
|turn|13
|
|t:|1743939453
|move|p1a: Samurott|Flip Turn|p2a: Iron Hands
|-damage|p2a: Iron Hands|19/100
|
|t:|1743939457
|switch|p1a: Raging Bolt|Raging Bolt|33/100|[from] Flip Turn
|move|p2a: Iron Hands|Drain Punch|p1a: Raging Bolt
|-damage|p1a: Raging Bolt|0 fnt
|-heal|p2a: Iron Hands|33/100|[from] drain|[of] p1a: Raging Bolt
|faint|p1a: Raging Bolt
|-end|p1a: Raging Bolt|Protosynthesis|[silent]
|
|-heal|p2a: Iron Hands|39/100|[from] item: Leftovers
|upkeep
|
|t:|1743939460
|switch|p1a: Pecharunt|Pecharunt|100/100
|turn|14
|
|t:|1743939464
|move|p1a: Pecharunt|Nasty Plot|p1a: Pecharunt
|-boost|p1a: Pecharunt|spa|2
|move|p2a: Iron Hands|Earthquake|p1a: Pecharunt
|-supereffective|p1a: Pecharunt
|-damage|p1a: Pecharunt|42/100
|
|-heal|p2a: Iron Hands|45/100|[from] item: Leftovers
|upkeep
|turn|15
|
|t:|1743939468
|-terastallize|p1a: Pecharunt|Ghost
|move|p1a: Pecharunt|Malignant Chain|p2a: Iron Hands
|-damage|p2a: Iron Hands|0 fnt
|faint|p2a: Iron Hands
|-end|p2a: Iron Hands|Quark Drive|[silent]
|
|upkeep
|
|t:|1743939473
|switch|p2a: Polteageist|Polteageist|100/100
|turn|16
|
|t:|1743939477
|move|p1a: Pecharunt|Malignant Chain|p2a: Polteageist
|-resisted|p2a: Polteageist
|-damage|p2a: Polteageist|58/100
|move|p2a: Polteageist|Shadow Ball|p1a: Pecharunt
|-supereffective|p1a: Pecharunt
|-damage|p1a: Pecharunt|0 fnt
|faint|p1a: Pecharunt
|
|upkeep
|
|t:|1743939482
|switch|p1a: Samurott|Samurott-Hisui, M|80/100
|turn|17
|
|t:|1743939492
|move|p1a: Samurott|Ceaseless Edge|p2a: Polteageist
|-supereffective|p2a: Polteageist
|-damage|p2a: Polteageist|0 fnt
|-sidestart|p2: hey you're|Spikes
|faint|p2a: Polteageist
|
|upkeep
|
|t:|1743939499
|switch|p2a: Iron Boulder|Iron Boulder|100/100
|-damage|p2a: Iron Boulder|88/100|[from] Spikes
|-enditem|p2a: Iron Boulder|Booster Energy
|-activate|p2a: Iron Boulder|ability: Quark Drive|[fromitem]
|-start|p2a: Iron Boulder|quarkdrivespe
|turn|18
|
|t:|1743939502
|move|p2a: Iron Boulder|Close Combat|p1a: Samurott
|-supereffective|p1a: Samurott
|-damage|p1a: Samurott|0 fnt
|-unboost|p2a: Iron Boulder|def|1
|-unboost|p2a: Iron Boulder|spd|1
|faint|p1a: Samurott
|
|upkeep
|
|t:|1743939504
|switch|p1a: Scizor|Scizor, F|100/100
|turn|19
|
|t:|1743939510
|move|p2a: Iron Boulder|Close Combat|p1a: Scizor
|-damage|p1a: Scizor|55/100
|-unboost|p2a: Iron Boulder|def|1
|-unboost|p2a: Iron Boulder|spd|1
|move|p1a: Scizor|U-turn|p2a: Iron Boulder
|-supereffective|p2a: Iron Boulder
|-damage|p2a: Iron Boulder|0 fnt
|faint|p2a: Iron Boulder
|-end|p2a: Iron Boulder|Quark Drive|[silent]
|
|t:|1743939512
|switch|p1a: Mandibuzz|Mandibuzz, F|73/100|[from] U-turn
|
|upkeep
|
|t:|1743939514
|switch|p2a: Ogerpon|Ogerpon-Wellspring, F|100/100
|-damage|p2a: Ogerpon|88/100|[from] Spikes
|turn|20
|
|t:|1743939519
|-terastallize|p2a: Ogerpon|Water
|detailschange|p2a: Ogerpon|Ogerpon-Wellspring-Tera, F, tera:Water
|-ability|p2a: Ogerpon|Embody Aspect (Wellspring)|boost
|-boost|p2a: Ogerpon|spd|1
|move|p2a: Ogerpon|Swords Dance|p2a: Ogerpon
|-boost|p2a: Ogerpon|atk|2
|move|p1a: Mandibuzz|U-turn|p2a: Ogerpon
|-damage|p2a: Ogerpon|76/100
|
|t:|1743939524
|switch|p1a: Scizor|Scizor, F|55/100|[from] U-turn
|
|upkeep
|turn|21
|
|t:|1743939530
|move|p2a: Ogerpon|Ivy Cudgel|p1a: Scizor|[anim] Ivy Cudgel Water
|-damage|p1a: Scizor|0 fnt
|faint|p1a: Scizor
|
|upkeep
|
|t:|1743939533
|switch|p1a: Mandibuzz|Mandibuzz, F|73/100
|turn|22
|
|t:|1743939538
|move|p2a: Ogerpon|Ivy Cudgel|p1a: Mandibuzz|[anim] Ivy Cudgel Water
|-damage|p1a: Mandibuzz|0 fnt
|faint|p1a: Mandibuzz
|
|win|hey you're
|raw|brabrasese's rating: 1438 &rarr; <strong>1420</strong><br />(-18 for losing)
|raw|hey you&apos;re's rating: 1470 &rarr; <strong>1488</strong><br />(+18 for winning)
|l|☆brabrasese
|player|p1|
|c|☆hey you're|gg
|l|☆hey you're
|player|p2|
