|j|☆Eliano030
|j|☆Luca1996
|t:|1743786283
|gametype|singles
|player|p1|Eliano030|102|1398
|player|p2|Luca1996|boarder|1389
|teamsize|p1|6
|teamsize|p2|6
|gen|9
|tier|[Gen 9] OU
|rated|
|rule|HP Percentage Mod: HP is shown in percentages
|rule|Endless Battle Clause: Forcing endless battles is banned
|rule|Species Clause: Limit one of each Pokémon
|rule|OHKO Clause: OHKO moves are banned
|rule|Evasion Items Clause: Evasion items are banned
|rule|Evasion Moves Clause: Evasion moves are banned
|rule|Sleep Moves Clause: Sleep-inducing moves are banned
|clearpoke
|poke|p1|Meowscarada, F|
|poke|p1|Cinderace, F|
|poke|p1|Greninja-*, M|
|poke|p1|Garganacl, M|
|poke|p1|Bronzong|
|poke|p1|Donphan, L1, M|
|poke|p2|Goodra, F|
|poke|p2|Snorlax, F|
|poke|p2|Breloom, M|
|poke|p2|Primarina, F|
|poke|p2|Cinderace, M|
|poke|p2|Salazzle, F|
|teampreview
|inactive|Battle timer is ON: inactive players will automatically lose when time's up. (requested by Luca1996)
|
|t:|1743786289
|start
|switch|p1a: Meowscarada|Meowscarada, F|100/100
|switch|p2a: Breloom|Breloom, M|100/100
|turn|1
|
|t:|1743786298
|move|p2a: Breloom|Mach Punch|p1a: Meowscarada
|-supereffective|p1a: Meowscarada
|-damage|p1a: Meowscarada|10/100
|move|p1a: Meowscarada|U-turn|p2a: Breloom
|-start|p1a: Meowscarada|typechange|Bug|[from] ability: Protean
|-damage|p2a: Breloom|49/100
|
|t:|1743786304
|switch|p1a: Cinderace|Cinderace, F|100/100|[from] U-turn
|
|upkeep
|turn|2
|
|t:|1743786322
|move|p2a: Breloom|Mach Punch|p1a: Cinderace
|-damage|p1a: Cinderace|57/100
|move|p1a: Cinderace|U-turn|p2a: Breloom
|-start|p1a: Cinderace|typechange|Bug|[from] ability: Libero
|-damage|p2a: Breloom|0 fnt
|faint|p2a: Breloom
|
|t:|1743786326
|switch|p1a: Meowscarada|Meowscarada, F|10/100|[from] U-turn
|
|upkeep
|
|t:|1743786344
|switch|p2a: Cinderace|Cinderace, M|100/100
|turn|3
|
|t:|1743786353
|move|p2a: Cinderace|Sucker Punch|p1a: Meowscarada
|-start|p2a: Cinderace|typechange|Dark|[from] ability: Libero
|-resisted|p1a: Meowscarada
|-damage|p1a: Meowscarada|0 fnt
|faint|p1a: Meowscarada
|-damage|p2a: Cinderace|91/100|[from] item: Life Orb
|
|upkeep
|
|t:|1743786358
|switch|p1a: Garganacl|Garganacl, M|100/100
|turn|4
|
|t:|1743786364
|switch|p2a: Salazzle|Salazzle, F|100/100
|move|p1a: Garganacl|Salt Cure|p2a: Salazzle
|-supereffective|p2a: Salazzle
|-damage|p2a: Salazzle|51/100
|-start|p2a: Salazzle|Salt Cure
|
|-damage|p2a: Salazzle|38/100|[from] Salt Cure
|upkeep
|turn|5
|
|t:|1743786372
|move|p1a: Garganacl|Protect|p1a: Garganacl
|-singleturn|p1a: Garganacl|Protect
|move|p2a: Salazzle|Endeavor|p1a: Garganacl
|-activate|p1a: Garganacl|move: Protect
|
|-damage|p2a: Salazzle|26/100|[from] Salt Cure
|upkeep
|turn|6
|
|t:|1743786376
|switch|p1a: Cinderace|Cinderace, F|57/100
|move|p2a: Salazzle|Endeavor|p1a: Cinderace
|-damage|p1a: Cinderace|24/100
|
|-damage|p2a: Salazzle|14/100|[from] Salt Cure
|upkeep
|turn|7
|
|t:|1743786381
|switch|p2a: Goodra|Goodra, F|100/100
|move|p1a: Cinderace|U-turn|p2a: Goodra
|-start|p1a: Cinderace|typechange|Bug|[from] ability: Libero
|-damage|p2a: Goodra|63/100
|-ability|p2a: Goodra|Gooey
|-unboost|p1a: Cinderace|spe|1
|
|t:|1743786387
|switch|p1a: Garganacl|Garganacl, M|100/100|[from] U-turn
|
|upkeep
|turn|8
|
|t:|1743786397
|move|p2a: Goodra|Dragon Pulse|p1a: Garganacl
|-damage|p1a: Garganacl|62/100
|move|p1a: Garganacl|Salt Cure|p2a: Goodra
|-damage|p2a: Goodra|45/100
|-start|p2a: Goodra|Salt Cure
|
|-heal|p1a: Garganacl|68/100|[from] item: Leftovers
|-damage|p2a: Goodra|33/100|[from] Salt Cure
|upkeep
|turn|9
|
|t:|1743786403
|move|p2a: Goodra|Dragon Pulse|p1a: Garganacl
|-damage|p1a: Garganacl|25/100
|move|p1a: Garganacl|Recover|p1a: Garganacl
|-heal|p1a: Garganacl|75/100
|
|-heal|p1a: Garganacl|82/100|[from] item: Leftovers
|-damage|p2a: Goodra|21/100|[from] Salt Cure
|upkeep
|turn|10
|
|t:|1743786409
|move|p2a: Goodra|Dragon Pulse|p1a: Garganacl
|-damage|p1a: Garganacl|41/100
|move|p1a: Garganacl|Recover|p1a: Garganacl
|-heal|p1a: Garganacl|91/100
|
|-heal|p1a: Garganacl|97/100|[from] item: Leftovers
|-damage|p2a: Goodra|9/100|[from] Salt Cure
|upkeep
|turn|11
|
|t:|1743786412
|move|p1a: Garganacl|Protect|p1a: Garganacl
|-singleturn|p1a: Garganacl|Protect
|move|p2a: Goodra|Dragon Pulse|p1a: Garganacl
|-activate|p1a: Garganacl|move: Protect
|
|-heal|p1a: Garganacl|100/100|[from] item: Leftovers
|-damage|p2a: Goodra|0 fnt|[from] Salt Cure
|faint|p2a: Goodra
|upkeep
|
|t:|1743786415
|switch|p2a: Cinderace|Cinderace, M|91/100
|turn|12
|
|t:|1743786426
|move|p2a: Cinderace|High Jump Kick|p1a: Garganacl
|-start|p2a: Cinderace|typechange|Fighting|[from] ability: Libero
|-supereffective|p1a: Garganacl
|-crit|p1a: Garganacl
|-damage|p1a: Garganacl|0 fnt
|faint|p1a: Garganacl
|-damage|p2a: Cinderace|81/100|[from] item: Life Orb
|
|upkeep
|
|t:|1743786431
|switch|p1a: Cheatofant|Donphan, L1, M|100/100
|turn|13
|
|t:|1743786435
|switch|p2a: Primarina|Primarina, F|100/100
|move|p1a: Cheatofant|Endeavor|p2a: Primarina
|-damage|p2a: Primarina|4/100
|
|-heal|p2a: Primarina|10/100|[from] item: Leftovers
|upkeep
|turn|14
|
|t:|1743786442
|switch|p1a: Bronzong|Bronzong, shiny|100/100
|move|p2a: Primarina|Surf|p1a: Bronzong
|-damage|p1a: Bronzong|50/100
|
|-heal|p2a: Primarina|16/100|[from] item: Leftovers
|-heal|p1a: Bronzong|57/100|[from] item: Leftovers
|upkeep
|turn|15
|
|t:|1743786449
|move|p2a: Primarina|Surf|p1a: Bronzong
|-damage|p1a: Bronzong|7/100
|move|p1a: Bronzong|Gyro Ball|p2a: Primarina
|-damage|p2a: Primarina|0 fnt
|faint|p2a: Primarina
|
|-heal|p1a: Bronzong|13/100|[from] item: Leftovers
|upkeep
|
|t:|1743786456
|switch|p2a: Snorlax|Snorlax, F|100/100
|turn|16
|
|t:|1743786464
|move|p2a: Snorlax|Earthquake|p1a: Bronzong
|-immune|p1a: Bronzong|[from] ability: Levitate
|move|p1a: Bronzong|Body Press|p2a: Snorlax
|-supereffective|p2a: Snorlax
|-damage|p2a: Snorlax|61/100
|
|-heal|p2a: Snorlax|67/100|[from] item: Leftovers
|-heal|p1a: Bronzong|19/100|[from] item: Leftovers
|upkeep
|turn|17
|
|t:|1743786467
|move|p2a: Snorlax|Heat Crash|p1a: Bronzong
|-supereffective|p1a: Bronzong
|-damage|p1a: Bronzong|0 fnt
|faint|p1a: Bronzong
|
|-heal|p2a: Snorlax|73/100|[from] item: Leftovers
|upkeep
|
|t:|1743786470
|switch|p1a: Cinderace|Cinderace, F|24/100
|turn|18
|
|t:|1743786473
|move|p1a: Cinderace|High Jump Kick|p2a: Snorlax
|-start|p1a: Cinderace|typechange|Fighting|[from] ability: Libero
|-supereffective|p2a: Snorlax
|-damage|p2a: Snorlax|0 fnt
|faint|p2a: Snorlax
|
|upkeep
|
|t:|1743786476
|switch|p2a: Cinderace|Cinderace, M|81/100
|turn|19
|
|t:|1743786479
|move|p2a: Cinderace|Sucker Punch|p1a: Cinderace
|-start|p2a: Cinderace|typechange|Dark|[from] ability: Libero
|-resisted|p1a: Cinderace
|-damage|p1a: Cinderace|0 fnt
|faint|p1a: Cinderace
|-damage|p2a: Cinderace|71/100|[from] item: Life Orb
|
|upkeep
|
|t:|1743786483
|switch|p1a: Cheatofant|Donphan, L1, M|100/100
|turn|20
|
|t:|1743786490
|move|p2a: Cinderace|Pyro Ball|p1a: Cheatofant
|-ability|p1a: Cheatofant|Sturdy
|-damage|p1a: Cheatofant|8/100
|-damage|p2a: Cinderace|61/100|[from] item: Life Orb
|move|p1a: Cheatofant|Endeavor|p2a: Cinderace
|-damage|p2a: Cinderace|1/100
|-heal|p1a: Cheatofant|100/100|[from] item: Shell Bell|[of] p2a: Cinderace
|
|upkeep
|turn|21
|
|t:|1743786497
|move|p1a: Cheatofant|Ice Shard|p2a: Cinderace
|-damage|p2a: Cinderace|0 fnt
|faint|p2a: Cinderace
|
|upkeep
|
|t:|1743786499
|switch|p2a: Salazzle|Salazzle, F|14/100
|turn|22
|
|t:|1743786502
|move|p2a: Salazzle|Toxic|p1a: Cheatofant
|-status|p1a: Cheatofant|tox
|move|p1a: Cheatofant|Sandstorm|p1a: Cheatofant
|-weather|Sandstorm
|
|-weather|Sandstorm|[upkeep]
|-damage|p2a: Salazzle|8/100|[from] Sandstorm
|-damage|p1a: Cheatofant|93/100 tox|[from] psn
|upkeep
|turn|23
|
|t:|1743786507
|move|p1a: Cheatofant|Protect|p1a: Cheatofant
|-singleturn|p1a: Cheatofant|Protect
|move|p2a: Salazzle|Fire Blast|p1a: Cheatofant
|-activate|p1a: Cheatofant|move: Protect
|
|-weather|Sandstorm|[upkeep]
|-damage|p2a: Salazzle|2/100|[from] Sandstorm
|-damage|p1a: Cheatofant|77/100 tox|[from] psn
|upkeep
|turn|24
|
|t:|1743786510
|move|p1a: Cheatofant|Protect||[still]
|-fail|p1a: Cheatofant
|move|p2a: Salazzle|Fire Blast|p1a: Cheatofant
|-damage|p1a: Cheatofant|0 fnt
|faint|p1a: Cheatofant
|
|-weather|Sandstorm|[upkeep]
|-damage|p2a: Salazzle|0 fnt|[from] Sandstorm
|faint|p2a: Salazzle
|
|win|Eliano030
|raw|Eliano030's rating: 1398 &rarr; <strong>1417</strong><br />(+19 for winning)
|raw|Luca1996's rating: 1389 &rarr; <strong>1370</strong><br />(-19 for losing)
|l|☆Luca1996
|player|p2|
|l|☆Eliano030
|player|p1|
