|j|☆FranLaws
|j|☆GALUNKIS
|t:|1743875632
|gametype|singles
|player|p1|FranLaws|102|1127
|player|p2|GALUNKIS|266|1070
|teamsize|p1|6
|teamsize|p2|6
|gen|9
|tier|[Gen 9] OU
|rated|
|rule|HP Percentage Mod: HP is shown in percentages
|rule|Endless Battle Clause: Forcing endless battles is banned
|rule|Species Clause: Limit one of each Pokémon
|rule|OHKO Clause: OHKO moves are banned
|rule|Evasion Items Clause: Evasion items are banned
|rule|Evasion Moves Clause: Evasion moves are banned
|rule|Sleep Moves Clause: Sleep-inducing moves are banned
|clearpoke
|poke|p1|Zamazenta-*|
|poke|p1|Morpeko, M|
|poke|p1|Corviknight, F|
|poke|p1|Slowking-Galar, F|
|poke|p1|Latias, F|
|poke|p1|Enamorus, F|
|poke|p2|Typhlosion, M|
|poke|p2|Haunter, F|
|poke|p2|Kommo-o, M|
|poke|p2|Galvantula, M|
|poke|p2|Cramorant, F|
|poke|p2|Umbreon, F|
|teampreview
|inactive|Battle timer is ON: inactive players will automatically lose when time's up. (requested by FranLaws)
|inactive|GALUNKIS has 120 seconds left.
|
|t:|1743875692
|start
|switch|p1a: Morpeko|Morpeko, M, shiny|100/100
|switch|p2a: Galvantula|Galvantula, M|100/100
|turn|1
|
|t:|1743875702
|move|p1a: Morpeko|Fake Out|p2a: Galvantula
|-damage|p2a: Galvantula|79/100
|cant|p2a: Galvantula|flinch
|
|-formechange|p1a: Morpeko|Morpeko-Hangry||[from] ability: Hunger Switch
|upkeep
|turn|2
|
|t:|1743875709
|move|p2a: Galvantula|Sticky Web|p1a: Morpeko
|-sidestart|p1: FranLaws|move: Sticky Web
|move|p1a: Morpeko|Aura Wheel|p2a: Galvantula
|-damage|p2a: Galvantula|0 fnt
|-boost|p1a: Morpeko|spe|1
|faint|p2a: Galvantula
|
|-formechange|p1a: Morpeko|Morpeko||[from] ability: Hunger Switch
|upkeep
|
|t:|1743875719
|switch|p2a: Umbreon|Umbreon, F|100/100
|turn|3
|
|t:|1743875724
|move|p1a: Morpeko|Rapid Spin|p2a: Umbreon
|-damage|p2a: Umbreon|90/100
|-boost|p1a: Morpeko|spe|1
|-sideend|p1: FranLaws|Sticky Web|[from] move: Rapid Spin|[of] p1a: Morpeko
|move|p2a: Umbreon|Toxic|p1a: Morpeko
|-status|p1a: Morpeko|tox
|
|-heal|p2a: Umbreon|96/100|[from] item: Leftovers
|-damage|p1a: Morpeko|94/100 tox|[from] psn
|-formechange|p1a: Morpeko|Morpeko-Hangry||[from] ability: Hunger Switch
|upkeep
|turn|4
|
|t:|1743875736
|move|p1a: Morpeko|Protect|p1a: Morpeko
|-singleturn|p1a: Morpeko|Protect
|move|p2a: Umbreon|Foul Play|p1a: Morpeko
|-activate|p1a: Morpeko|move: Protect
|
|-heal|p2a: Umbreon|100/100|[from] item: Leftovers
|-damage|p1a: Morpeko|82/100 tox|[from] psn
|-formechange|p1a: Morpeko|Morpeko||[from] ability: Hunger Switch
|upkeep
|turn|5
|
|t:|1743875746
|move|p1a: Morpeko|Aura Wheel|p2a: Umbreon
|-damage|p2a: Umbreon|71/100
|-boost|p1a: Morpeko|spe|1
|move|p2a: Umbreon|Foul Play|p1a: Morpeko
|-resisted|p1a: Morpeko
|-damage|p1a: Morpeko|41/100 tox
|
|-heal|p2a: Umbreon|77/100|[from] item: Leftovers
|-damage|p1a: Morpeko|23/100 tox|[from] psn
|-formechange|p1a: Morpeko|Morpeko-Hangry||[from] ability: Hunger Switch
|upkeep
|turn|6
|
|t:|1743875759
|move|p2a: Umbreon|Protect|p2a: Umbreon
|-singleturn|p2a: Umbreon|Protect
|move|p1a: Morpeko|Aura Wheel|p2a: Umbreon
|-activate|p2a: Umbreon|move: Protect
|
|-heal|p2a: Umbreon|83/100|[from] item: Leftovers
|-damage|p1a: Morpeko|0 fnt|[from] psn
|faint|p1a: Morpeko
|upkeep
|
|t:|1743875764
|switch|p1a: Zamazenta|Zamazenta, shiny|100/100
|-ability|p1a: Zamazenta|Dauntless Shield|boost
|-boost|p1a: Zamazenta|def|1
|turn|7
|
|t:|1743875770
|move|p1a: Zamazenta|Body Press|p2a: Umbreon
|-supereffective|p2a: Umbreon
|-damage|p2a: Umbreon|5/100
|move|p2a: Umbreon|Toxic|p1a: Zamazenta
|-status|p1a: Zamazenta|tox
|
|-heal|p2a: Umbreon|11/100|[from] item: Leftovers
|-damage|p1a: Zamazenta|94/100 tox|[from] psn
|upkeep
|turn|8
|
|t:|1743875782
|switch|p1a: Latias|Latias, F, shiny|100/100
|switch|p2a: Haunter|Haunter, F|100/100
|
|upkeep
|turn|9
|
|t:|1743875797
|move|p2a: Haunter|Shadow Ball|p1a: Latias
|-supereffective|p1a: Latias
|-damage|p1a: Latias|53/100
|move|p1a: Latias|Trick|p2a: Haunter
|-activate|p1a: Latias|move: Trick|[of] p2a: Haunter
|-item|p2a: Haunter|Choice Scarf|[from] move: Trick
|-item|p1a: Latias|Choice Scarf|[from] move: Trick
|
|upkeep
|turn|10
|
|t:|1743875808
|switch|p1a: Corviknight|Corviknight, F, shiny|100/100
|-ability|p1a: Corviknight|Pressure
|move|p2a: Haunter|Shadow Ball|p1a: Corviknight
|-damage|p1a: Corviknight|60/100
|
|upkeep
|turn|11
|
|t:|1743875821
|switch|p1a: Enamorus|Enamorus, F|100/100
|move|p2a: Haunter|Shadow Ball|p1a: Enamorus
|-damage|p1a: Enamorus|42/100
|
|upkeep
|turn|12
|
|t:|1743875830
|move|p1a: Enamorus|Mystical Fire|p2a: Haunter
|-damage|p2a: Haunter|39/100
|-unboost|p2a: Haunter|spa|1
|move|p2a: Haunter|Shadow Ball|p1a: Enamorus
|-damage|p1a: Enamorus|5/100
|
|upkeep
|turn|13
|
|t:|1743875837
|switch|p2a: Typhlosion|Typhlosion, M|100/100
|move|p1a: Enamorus|Mystical Fire|p2a: Typhlosion
|-start|p2a: Typhlosion|ability: Flash Fire
|
|upkeep
|turn|14
|
|t:|1743875846
|switch|p1a: Slowking|Slowking-Galar, F, shiny|100/100
|move|p2a: Typhlosion|Flamethrower|p1a: Slowking
|-damage|p1a: Slowking|37/100
|
|-heal|p1a: Slowking|43/100|[from] item: Leftovers
|upkeep
|turn|15
|
|t:|1743875853
|move|p2a: Typhlosion|Flamethrower|p1a: Slowking
|-damage|p1a: Slowking|0 fnt
|faint|p1a: Slowking
|
|upkeep
|
|t:|1743875857
|switch|p1a: Latias|Latias, F, shiny|53/100
|turn|16
|
|t:|1743875862
|-end|p2a: Typhlosion|ability: Flash Fire|[silent]
|switch|p2a: Umbreon|Umbreon, F|11/100
|move|p1a: Latias|Thunder Wave|p2a: Umbreon
|-status|p2a: Umbreon|par
|-activate|p2a: Umbreon|ability: Synchronize
|-status|p1a: Latias|par
|
|-heal|p2a: Umbreon|17/100 par|[from] item: Leftovers
|upkeep
|turn|17
|-message|FranLaws forfeited.
|
|win|GALUNKIS
|raw|FranLaws's rating: 1127 &rarr; <strong>1098</strong><br />(-29 for losing)
|raw|GALUNKIS's rating: 1070 &rarr; <strong>1104</strong><br />(+34 for winning)
|l|☆FranLaws
|player|p1|
