|j|☆TipDik
|j|☆Rocketlife
|t:|1743778552
|gametype|singles
|player|p1|TipDik|emmet|1457
|player|p2|Rocketlife|170|1425
|teamsize|p1|6
|teamsize|p2|6
|gen|9
|tier|[Gen 9] OU
|rated|
|rule|HP Percentage Mod: HP is shown in percentages
|rule|Endless Battle Clause: Forcing endless battles is banned
|rule|Species Clause: Limit one of each Pokémon
|rule|OHKO Clause: OHKO moves are banned
|rule|Evasion Items Clause: Evasion items are banned
|rule|Evasion Moves Clause: Evasion moves are banned
|rule|Sleep Moves Clause: Sleep-inducing moves are banned
|clearpoke
|poke|p1|Armarouge, F|
|poke|p1|Torkoal, M|
|poke|p1|Iron Moth|
|poke|p1|Zarude|
|poke|p1|Great Tusk|
|poke|p1|Zapdos|
|poke|p2|Hatterene, F|
|poke|p2|Dragapult, M|
|poke|p2|Dragonite, M|
|poke|p2|Iron Valiant|
|poke|p2|Hoopa-Unbound|
|poke|p2|Corviknight, F|
|teampreview
|inactive|Battle timer is ON: inactive players will automatically lose when time's up. (requested by Rocketlife)
|c|☆TipDik|please tell me that is room service hoopa
|c|☆TipDik|best set
|inactive|TipDik has 120 seconds left.
|
|t:|1743778592
|start
|switch|p1a: Zarude|Zarude|100/100
|switch|p2a: Iron Valiant|Iron Valiant|100/100
|-enditem|p2a: Iron Valiant|Booster Energy
|-activate|p2a: Iron Valiant|ability: Quark Drive|[fromitem]
|-start|p2a: Iron Valiant|quarkdrivespe
|turn|1
|inactive|Rocketlife has 120 seconds left.
|
|t:|1743778647
|switch|p1a: Torkoal|Torkoal, M|100/100
|-weather|SunnyDay|[from] ability: Drought|[of] p1a: Torkoal
|move|p2a: Iron Valiant|Close Combat|p1a: Torkoal
|-damage|p1a: Torkoal|52/100
|-unboost|p2a: Iron Valiant|def|1
|-unboost|p2a: Iron Valiant|spd|1
|
|-weather|SunnyDay|[upkeep]
|upkeep
|turn|2
|
|t:|1743778659
|move|p2a: Iron Valiant|Destiny Bond|p2a: Iron Valiant
|-singlemove|p2a: Iron Valiant|Destiny Bond
|move|p1a: Torkoal|Lava Plume|p2a: Iron Valiant
|-damage|p2a: Iron Valiant|0 fnt
|faint|p2a: Iron Valiant
|-activate|p2a: Iron Valiant|move: Destiny Bond
|-end|p2a: Iron Valiant|Quark Drive|[silent]
|faint|p1a: Torkoal
|
|-weather|SunnyDay|[upkeep]
|upkeep
|
|t:|1743778669
|switch|p2a: Dragapult|Dragapult, M|100/100
|switch|p1a: Armarouge|Armarouge, F|100/100
|turn|3
|
|t:|1743778682
|-terastallize|p1a: Armarouge|Grass
|move|p2a: Dragapult|Dragon Darts|p1a: Armarouge
|-damage|p1a: Armarouge|69/100
|-anim|p2a: Dragapult|Dragon Darts|p1a: Armarouge
|-crit|p1a: Armarouge
|-damage|p1a: Armarouge|27/100
|-damage|p2a: Dragapult|91/100|[from] item: Life Orb
|move|p1a: Armarouge|Armor Cannon|p2a: Dragapult
|-resisted|p2a: Dragapult
|-damage|p2a: Dragapult|0 fnt
|-unboost|p1a: Armarouge|def|1
|-unboost|p1a: Armarouge|spd|1
|faint|p2a: Dragapult
|
|-weather|SunnyDay|[upkeep]
|upkeep
|
|t:|1743778700
|switch|p2a: Dragonite|Dragonite, M|100/100
|turn|4
|
|t:|1743778705
|switch|p1a: Zapdos|Zapdos|100/100
|move|p2a: Dragonite|Dragon Dance|p2a: Dragonite
|-boost|p2a: Dragonite|atk|1
|-boost|p2a: Dragonite|spe|1
|
|-weather|SunnyDay|[upkeep]
|upkeep
|turn|5
|
|t:|1743778709
|move|p2a: Dragonite|Fire Punch|p1a: Zapdos
|-damage|p1a: Zapdos|39/100
|-status|p1a: Zapdos|brn
|move|p1a: Zapdos|Thunder Wave|p2a: Dragonite
|-status|p2a: Dragonite|par
|
|-weather|SunnyDay|[upkeep]
|-damage|p1a: Zapdos|33/100 brn|[from] brn
|upkeep
|turn|6
|
|t:|1743778717
|move|p1a: Zapdos|Volt Switch|p2a: Dragonite
|-damage|p2a: Dragonite|86/100 par
|
|t:|1743778719
|switch|p1a: Great Tusk|Great Tusk|100/100|[from] Volt Switch
|-activate|p1a: Great Tusk|ability: Protosynthesis
|-start|p1a: Great Tusk|protosynthesisatk
|move|p2a: Dragonite|Dragon Dance|p2a: Dragonite
|-boost|p2a: Dragonite|atk|1
|-boost|p2a: Dragonite|spe|1
|
|-weather|SunnyDay|[upkeep]
|upkeep
|turn|7
|
|t:|1743778727
|-terastallize|p2a: Dragonite|Flying
|move|p1a: Great Tusk|Ice Spinner|p2a: Dragonite
|-supereffective|p2a: Dragonite
|-damage|p2a: Dragonite|0 fnt
|faint|p2a: Dragonite
|
|-weather|SunnyDay|[upkeep]
|upkeep
|
|t:|1743778735
|switch|p2a: Hatterene|Hatterene, F|100/100
|turn|8
|
|t:|1743778739
|move|p1a: Great Tusk|Headlong Rush|p2a: Hatterene
|-damage|p2a: Hatterene|38/100
|-unboost|p1a: Great Tusk|def|1
|-unboost|p1a: Great Tusk|spd|1
|move|p2a: Hatterene|Draining Kiss|p1a: Great Tusk
|-supereffective|p1a: Great Tusk
|-damage|p1a: Great Tusk|0 fnt
|-heal|p2a: Hatterene|100/100|[from] drain|[of] p1a: Great Tusk
|faint|p1a: Great Tusk
|-end|p1a: Great Tusk|Protosynthesis|[silent]
|
|-weather|none
|upkeep
|
|t:|1743778748
|switch|p1a: Armarouge|Armarouge, F, tera:Grass|27/100
|turn|9
|
|t:|1743778753
|switch|p2a: Hoopa|Hoopa-Unbound|100/100
|move|p1a: Armarouge|Armor Cannon|p2a: Hoopa
|-damage|p2a: Hoopa|45/100
|-unboost|p1a: Armarouge|def|1
|-unboost|p1a: Armarouge|spd|1
|
|upkeep
|turn|10
|
|t:|1743778779
|switch|p1a: Zapdos|Zapdos|33/100 brn
|move|p2a: Hoopa|Future Sight|p1a: Zapdos
|-start|p2a: Hoopa|move: Future Sight
|
|-damage|p1a: Zapdos|27/100 brn|[from] brn
|upkeep
|turn|11
|inactive|TipDik has 120 seconds left.
|
|t:|1743778794
|move|p1a: Zapdos|Volt Switch|p2a: Hoopa
|-damage|p2a: Hoopa|27/100
|inactive|TipDik has 120 seconds left.
|
|t:|1743778804
|switch|p1a: Zarude|Zarude|100/100|[from] Volt Switch
|move|p2a: Hoopa|Psychic Noise|p1a: Zarude
|-immune|p1a: Zarude
|
|upkeep
|turn|12
|inactive|TipDik has 120 seconds left.
|
|t:|1743778812
|move|p1a: Zarude|Knock Off|p2a: Hoopa
|-damage|p2a: Hoopa|0 fnt
|-enditem|p2a: Hoopa|Assault Vest|[from] move: Knock Off|[of] p1a: Zarude
|faint|p2a: Hoopa
|
|-end|p1a: Zarude|move: Future Sight
|-immune|p1a: Zarude
|upkeep
|
|t:|1743778819
|switch|p2a: Corviknight|Corviknight, F|100/100
|-ability|p2a: Corviknight|Pressure
|turn|13
|
|t:|1743778825
|move|p1a: Zarude|U-turn|p2a: Corviknight
|-resisted|p2a: Corviknight
|-damage|p2a: Corviknight|96/100
|
|t:|1743778827
|switch|p1a: Armarouge|Armarouge, F, tera:Grass|27/100|[from] U-turn
|move|p2a: Corviknight|Bulk Up|p2a: Corviknight
|-boost|p2a: Corviknight|atk|1
|-boost|p2a: Corviknight|def|1
|
|-heal|p2a: Corviknight|100/100|[from] item: Leftovers
|upkeep
|turn|14
|
|t:|1743778832
|move|p1a: Armarouge|Armor Cannon|p2a: Corviknight
|-supereffective|p2a: Corviknight
|-damage|p2a: Corviknight|0 fnt
|-unboost|p1a: Armarouge|def|1
|-unboost|p1a: Armarouge|spd|1
|faint|p2a: Corviknight
|
|upkeep
|
|t:|1743778835
|switch|p2a: Hatterene|Hatterene, F|100/100
|turn|15
|
|t:|1743778838
|move|p1a: Armarouge|Armor Cannon|p2a: Hatterene
|-damage|p2a: Hatterene|0 fnt
|-unboost|p1a: Armarouge|def|1
|-unboost|p1a: Armarouge|spd|1
|faint|p2a: Hatterene
|
|win|TipDik
|raw|TipDik's rating: 1457 &rarr; <strong>1475</strong><br />(+18 for winning)
|raw|Rocketlife's rating: 1425 &rarr; <strong>1407</strong><br />(-18 for losing)
|l|☆Rocketlife
|player|p2|
