|j|☆TheFitzzz
|j|☆Lemonale
|t:|1743895735
|gametype|singles
|player|p1|TheFitzzz|bianca|1076
|player|p2|Lemonale|drayden|1110
|teamsize|p1|6
|teamsize|p2|6
|gen|9
|tier|[Gen 9] OU
|rated|
|rule|HP Percentage Mod: HP is shown in percentages
|rule|Endless Battle Clause: Forcing endless battles is banned
|rule|Species Clause: Limit one of each Pokémon
|rule|OHKO Clause: OHKO moves are banned
|rule|Evasion Items Clause: Evasion items are banned
|rule|Evasion Moves Clause: Evasion moves are banned
|rule|Sleep Moves Clause: Sleep-inducing moves are banned
|clearpoke
|poke|p1|Tyranitar, M|
|poke|p1|Dragonite, F|
|poke|p1|Salazzle, F|
|poke|p1|Meloetta|
|poke|p1|Mimikyu, M|
|poke|p1|Gastrodon-East, M|
|poke|p2|Glimmora, M|
|poke|p2|Zamazenta-*|
|poke|p2|Latias, F|
|poke|p2|Gholdengo|
|poke|p2|Dragonite, F|
|poke|p2|Weavile, F|
|teampreview
|inactive|Battle timer is ON: inactive players will automatically lose when time's up. (requested by TheFitzzz)
|
|t:|1743895748
|start
|switch|p1a: Maud|Mimikyu, M|100/100
|switch|p2a: Dragonite|Dragonite, F|100/100
|turn|1
|
|t:|1743895755
|-terastallize|p2a: Dragonite|Normal
|move|p1a: Maud|Swords Dance|p1a: Maud
|-boost|p1a: Maud|atk|2
|move|p2a: Dragonite|Dragon Dance|p2a: Dragonite
|-boost|p2a: Dragonite|atk|1
|-boost|p2a: Dragonite|spe|1
|
|upkeep
|turn|2
|
|t:|1743895760
|move|p2a: Dragonite|Dragon Dance|p2a: Dragonite
|-boost|p2a: Dragonite|atk|1
|-boost|p2a: Dragonite|spe|1
|move|p1a: Maud|Play Rough|p2a: Dragonite
|-damage|p2a: Dragonite|61/100
|
|upkeep
|turn|3
|
|t:|1743895765
|move|p2a: Dragonite|Ice Spinner|p1a: Maud
|-activate|p1a: Maud|ability: Disguise
|-damage|p1a: Maud|100/100
|detailschange|p1a: Maud|Mimikyu-Busted, M
|-damage|p1a: Maud|88/100|[from] pokemon: Mimikyu-Busted
|-enditem|p1a: Maud|Red Card|[of] p2a: Dragonite
|drag|p2a: Weavile|Weavile, F|100/100
|move|p1a: Maud|Play Rough|p2a: Weavile
|-supereffective|p2a: Weavile
|-damage|p2a: Weavile|0 fnt
|faint|p2a: Weavile
|
|upkeep
|
|t:|1743895779
|switch|p2a: Dragonite|Dragonite, F, tera:Normal|61/100
|turn|4
|
|t:|1743895787
|move|p1a: Maud|Play Rough|p2a: Dragonite
|-damage|p2a: Dragonite|0 fnt
|faint|p2a: Dragonite
|
|upkeep
|
|t:|1743895793
|switch|p2a: Glimmora|Glimmora, M|100/100
|turn|5
|
|t:|1743895801
|move|p1a: Maud|Shadow Claw|p2a: Glimmora
|-damage|p2a: Glimmora|45/100
|-activate|p2a: Glimmora|ability: Toxic Debris
|-sidestart|p1: TheFitzzz|move: Toxic Spikes
|-enditem|p2a: Glimmora|Red Card|[of] p1a: Maud
|drag|p1a: Shady|Dragonite, F|100/100
|move|p2a: Glimmora|Earth Power|p1a: Shady
|-immune|p1a: Shady
|
|upkeep
|turn|6
|
|t:|1743895813
|move|p1a: Shady|Draco Meteor|p2a: Glimmora
|-damage|p2a: Glimmora|0 fnt
|-unboost|p1a: Shady|spa|2
|faint|p2a: Glimmora
|
|upkeep
|-message|Lemonale forfeited.
|
|win|TheFitzzz
|raw|TheFitzzz's rating: 1076 &rarr; <strong>1107</strong><br />(+31 for winning)
|raw|Lemonale's rating: 1110 &rarr; <strong>1083</strong><br />(-27 for losing)
|l|☆Lemonale
|player|p2|
