|j|☆bnk1801
|j|☆mio3777
|t:|1743841166
|gametype|singles
|player|p1|bnk1801|acetrainer|1305
|player|p2|mio3777|266|1393
|teamsize|p1|6
|teamsize|p2|6
|gen|9
|tier|[Gen 9] OU
|rated|
|rule|HP Percentage Mod: HP is shown in percentages
|rule|Endless Battle Clause: Forcing endless battles is banned
|rule|Species Clause: Limit one of each Pokémon
|rule|OHKO Clause: OHKO moves are banned
|rule|Evasion Items Clause: Evasion items are banned
|rule|Evasion Moves Clause: Evasion moves are banned
|rule|Sleep Moves Clause: Sleep-inducing moves are banned
|clearpoke
|poke|p1|Slowking-Galar, F|
|poke|p1|Hatterene, F|
|poke|p1|Ursaluna, M|
|poke|p1|Indeedee-F, F|
|poke|p1|Kingambit, M|
|poke|p1|Torkoal, F|
|poke|p2|Glimmora, F|
|poke|p2|Gholdengo|
|poke|p2|Dondozo, F|
|poke|p2|Blissey, F|
|poke|p2|Rotom-Heat|
|poke|p2|Hoopa-Unbound|
|teampreview
|inactive|Battle timer is ON: inactive players will automatically lose when time's up. (requested by bnk1801)
|
|t:|1743841182
|start
|switch|p1a: Slowking|Slowking-Galar, F|100/100
|switch|p2a: Glimmora|Glimmora, F|100/100
|turn|1
|
|t:|1743841188
|move|p2a: Glimmora|Mortal Spin|p1a: Slowking
|-resisted|p1a: Slowking
|-damage|p1a: Slowking|98/100
|move|p1a: Slowking|Trick Room|p1a: Slowking
|-fieldstart|move: Trick Room|[of] p1a: Slowking
|
|upkeep
|turn|2
|
|t:|1743841195
|-prepare|p1a: Slowking|Chilly Reception|[premajor]
|move|p1a: Slowking|Chilly Reception|p1a: Slowking
|-weather|Snowscape
|
|t:|1743841224
|switch|p1a: Torkoal|Torkoal, F|100/100|[from] Chilly Reception
|-weather|SunnyDay|[from] ability: Drought|[of] p1a: Torkoal
|move|p2a: Glimmora|Mortal Spin|p1a: Torkoal
|-damage|p1a: Torkoal|96/100
|-status|p1a: Torkoal|psn
|
|-weather|SunnyDay|[upkeep]
|-damage|p1a: Torkoal|84/100 psn|[from] psn
|upkeep
|turn|3
|inactive|bnk1801 has 120 seconds left.
|
|t:|1743841246
|move|p1a: Torkoal|Eruption|p2a: Glimmora
|-resisted|p2a: Glimmora
|-damage|p2a: Glimmora|39/100
|-enditem|p2a: Glimmora|Red Card|[of] p1a: Torkoal
|drag|p1a: Kingambit|Kingambit, M|100/100
|move|p2a: Glimmora|Stealth Rock|p1a: Kingambit
|-sidestart|p1: bnk1801|move: Stealth Rock
|
|-weather|SunnyDay|[upkeep]
|upkeep
|turn|4
|inactive|bnk1801 has 120 seconds left.
|
|t:|1743841260
|move|p1a: Kingambit|Kowtow Cleave|p2a: Glimmora
|-damage|p2a: Glimmora|0 fnt
|-activate|p2a: Glimmora|ability: Toxic Debris
|-sidestart|p1: bnk1801|move: Toxic Spikes
|faint|p2a: Glimmora
|-damage|p1a: Kingambit|91/100|[from] item: Life Orb
|
|-weather|SunnyDay|[upkeep]
|upkeep
|
|t:|1743841272
|switch|p2a: Dondozo|Dondozo, F|100/100
|turn|5
|
|t:|1743841280
|move|p1a: Kingambit|Kowtow Cleave|p2a: Dondozo
|-damage|p2a: Dondozo|65/100
|-damage|p1a: Kingambit|74/100|[from] item: Rocky Helmet|[of] p2a: Dondozo
|-damage|p1a: Kingambit|64/100|[from] item: Life Orb
|move|p2a: Dondozo|Curse|p2a: Dondozo
|-unboost|p2a: Dondozo|spe|1
|-boost|p2a: Dondozo|atk|1
|-boost|p2a: Dondozo|def|1
|
|-weather|SunnyDay|[upkeep]
|-fieldend|move: Trick Room
|upkeep
|turn|6
|
|t:|1743841295
|-end|p1a: Kingambit|fallenundefined|[silent]
|switch|p1a: Slowking|Slowking-Galar, F|100/100
|-sideend|p1: bnk1801|move: Toxic Spikes|[of] p1a: Slowking
|move|p2a: Dondozo|Liquidation|p1a: Slowking
|-crit|p1a: Slowking
|-damage|p1a: Slowking|53/100
|
|-weather|none
|upkeep
|turn|7
|
|t:|1743841302
|move|p2a: Dondozo|Liquidation|p1a: Slowking
|-damage|p1a: Slowking|0 fnt
|faint|p1a: Slowking
|
|upkeep
|c|☆bnk1801|ok what the f?
|c|☆bnk1801|47% is a crit
|inactive|bnk1801 has 120 seconds left.
|c|☆bnk1801|but 52% isn't one?
|
|t:|1743841340
|switch|p1a: Hatterene|Hatterene, F|100/100
|-damage|p1a: Hatterene|88/100|[from] Stealth Rock
|turn|8
|inactive|bnk1801 has 120 seconds left.
|
|t:|1743841346
|move|p2a: Dondozo|Liquidation|p1a: Hatterene
|-damage|p1a: Hatterene|41/100
|move|p1a: Hatterene|Draining Kiss|p2a: Dondozo
|-damage|p2a: Dondozo|43/100
|-heal|p1a: Hatterene|64/100|[from] drain|[of] p2a: Dondozo
|-damage|p1a: Hatterene|48/100|[from] item: Rocky Helmet|[of] p2a: Dondozo
|
|-heal|p1a: Hatterene|54/100|[from] item: Leftovers
|upkeep
|turn|9
|inactive|bnk1801 has 120 seconds left.
|
|t:|1743841372
|switch|p2a: Hoopa|Hoopa-Unbound|100/100
|-terastallize|p1a: Hatterene|Water
|move|p1a: Hatterene|Trick Room|p1a: Hatterene
|-fieldstart|move: Trick Room|[of] p1a: Hatterene
|
|-heal|p1a: Hatterene|60/100|[from] item: Leftovers
|upkeep
|turn|10
|
|t:|1743841380
|switch|p2a: Blissey|Blissey, F|100/100
|move|p1a: Hatterene|Draining Kiss|p2a: Blissey
|-damage|p2a: Blissey|93/100
|-heal|p1a: Hatterene|71/100|[from] drain|[of] p2a: Blissey
|
|-heal|p1a: Hatterene|77/100|[from] item: Leftovers
|upkeep
|turn|11
|
|t:|1743841389
|switch|p1a: Ursaluna|Ursaluna, M|100/100
|-damage|p1a: Ursaluna|94/100|[from] Stealth Rock
|move|p2a: Blissey|Trick|p1a: Ursaluna
|-activate|p2a: Blissey|move: Trick|[of] p1a: Ursaluna
|-item|p1a: Ursaluna|Choice Specs|[from] move: Trick
|-item|p2a: Blissey|Flame Orb|[from] move: Trick
|
|-status|p2a: Blissey|brn|[from] item: Flame Orb
|upkeep
|turn|12
|
|t:|1743841405
|-curestatus|p2a: Blissey|brn|[from] ability: Natural Cure
|switch|p2a: Rotom|Rotom-Heat|100/100
|move|p1a: Ursaluna|Headlong Rush|p2a: Rotom
|-immune|p2a: Rotom|[from] ability: Levitate
|
|upkeep
|turn|13
|
|t:|1743841427
|switch|p1a: Kingambit|Kingambit, M|64/100
|-damage|p1a: Kingambit|58/100|[from] Stealth Rock
|-activate|p1a: Kingambit|ability: Supreme Overlord
|-start|p1a: Kingambit|fallen1|[silent]
|move|p2a: Rotom|Overheat|p1a: Kingambit
|-supereffective|p1a: Kingambit
|-damage|p1a: Kingambit|0 fnt
|-unboost|p2a: Rotom|spa|2
|faint|p1a: Kingambit
|-end|p1a: Kingambit|fallen1|[silent]
|
|-fieldend|move: Trick Room
|upkeep
|
|t:|1743841431
|switch|p1a: Hatterene|Hatterene, F, tera:Water|77/100
|-damage|p1a: Hatterene|65/100|[from] Stealth Rock
|turn|14
|
|t:|1743841442
|switch|p2a: Blissey|Blissey, F|93/100
|move|p1a: Hatterene|Calm Mind|p1a: Hatterene
|-boost|p1a: Hatterene|spa|1
|-boost|p1a: Hatterene|spd|1
|
|-heal|p1a: Hatterene|71/100|[from] item: Leftovers
|-status|p2a: Blissey|brn|[from] item: Flame Orb
|upkeep
|turn|15
|
|t:|1743841455
|move|p2a: Blissey|Trick|p1a: Hatterene
|-activate|p2a: Blissey|move: Trick|[of] p1a: Hatterene
|-item|p1a: Hatterene|Flame Orb|[from] move: Trick
|-item|p2a: Blissey|Leftovers|[from] move: Trick
|move|p1a: Hatterene|Calm Mind|p1a: Hatterene
|-boost|p1a: Hatterene|spa|1
|-boost|p1a: Hatterene|spd|1
|
|-heal|p2a: Blissey|99/100 brn|[from] item: Leftovers
|-damage|p2a: Blissey|93/100 brn|[from] brn
|-status|p1a: Hatterene|brn|[from] item: Flame Orb
|upkeep
|turn|16
|
|t:|1743841468
|move|p2a: Blissey|Calm Mind|p2a: Blissey
|-boost|p2a: Blissey|spa|1
|-boost|p2a: Blissey|spd|1
|move|p1a: Hatterene|Calm Mind|p1a: Hatterene
|-boost|p1a: Hatterene|spa|1
|-boost|p1a: Hatterene|spd|1
|
|-heal|p2a: Blissey|99/100 brn|[from] item: Leftovers
|-damage|p2a: Blissey|93/100 brn|[from] brn
|-damage|p1a: Hatterene|65/100 brn|[from] brn
|upkeep
|turn|17
|
|t:|1743841481
|-terastallize|p2a: Blissey|Dark
|move|p2a: Blissey|Calm Mind|p2a: Blissey
|-boost|p2a: Blissey|spa|1
|-boost|p2a: Blissey|spd|1
|move|p1a: Hatterene|Draining Kiss|p2a: Blissey
|-supereffective|p2a: Blissey
|-damage|p2a: Blissey|77/100 brn
|-heal|p1a: Hatterene|89/100 brn|[from] drain|[of] p2a: Blissey
|
|-heal|p2a: Blissey|84/100 brn|[from] item: Leftovers
|-damage|p2a: Blissey|77/100 brn|[from] brn
|-damage|p1a: Hatterene|83/100 brn|[from] brn
|upkeep
|turn|18
|
|t:|1743841492
|move|p2a: Blissey|Calm Mind|p2a: Blissey
|-boost|p2a: Blissey|spa|1
|-boost|p2a: Blissey|spd|1
|move|p1a: Hatterene|Calm Mind|p1a: Hatterene
|-boost|p1a: Hatterene|spa|1
|-boost|p1a: Hatterene|spd|1
|
|-heal|p2a: Blissey|84/100 brn|[from] item: Leftovers
|-damage|p2a: Blissey|77/100 brn|[from] brn
|-damage|p1a: Hatterene|77/100 brn|[from] brn
|upkeep
|turn|19
|
|t:|1743841506
|move|p2a: Blissey|Calm Mind|p2a: Blissey
|-boost|p2a: Blissey|spa|1
|-boost|p2a: Blissey|spd|1
|move|p1a: Hatterene|Calm Mind|p1a: Hatterene
|-boost|p1a: Hatterene|spa|1
|-boost|p1a: Hatterene|spd|1
|
|-heal|p2a: Blissey|84/100 brn|[from] item: Leftovers
|-damage|p2a: Blissey|77/100 brn|[from] brn
|-damage|p1a: Hatterene|71/100 brn|[from] brn
|upkeep
|turn|20
|
|t:|1743841516
|move|p2a: Blissey|Calm Mind|p2a: Blissey
|-boost|p2a: Blissey|spa|1
|-boost|p2a: Blissey|spd|1
|move|p1a: Hatterene|Calm Mind|p1a: Hatterene
|-boost|p1a: Hatterene|spa|1
|-boost|p1a: Hatterene|spd|1
|
|-heal|p2a: Blissey|84/100 brn|[from] item: Leftovers
|-damage|p2a: Blissey|77/100 brn|[from] brn
|-damage|p1a: Hatterene|65/100 brn|[from] brn
|upkeep
|turn|21
|
|t:|1743841524
|move|p2a: Blissey|Calm Mind|p2a: Blissey
|-boost|p2a: Blissey|spa|1
|-boost|p2a: Blissey|spd|1
|move|p1a: Hatterene|Draining Kiss|p2a: Blissey
|-supereffective|p2a: Blissey
|-damage|p2a: Blissey|63/100 brn
|-heal|p1a: Hatterene|88/100 brn|[from] drain|[of] p2a: Blissey
|
|-heal|p2a: Blissey|69/100 brn|[from] item: Leftovers
|-damage|p2a: Blissey|63/100 brn|[from] brn
|-damage|p1a: Hatterene|82/100 brn|[from] brn
|upkeep
|turn|22
|
|t:|1743841535
|move|p2a: Blissey|Ice Beam|p1a: Hatterene
|-resisted|p1a: Hatterene
|-damage|p1a: Hatterene|71/100 brn
|move|p1a: Hatterene|Mystical Fire|p2a: Blissey
|-damage|p2a: Blissey|56/100 brn
|-unboost|p2a: Blissey|spa|1
|
|-heal|p2a: Blissey|62/100 brn|[from] item: Leftovers
|-damage|p2a: Blissey|56/100 brn|[from] brn
|-damage|p1a: Hatterene|65/100 brn|[from] brn
|upkeep
|turn|23
|
|t:|1743841547
|move|p2a: Blissey|Soft-Boiled|p2a: Blissey
|-heal|p2a: Blissey|100/100 brn
|move|p1a: Hatterene|Mystical Fire|p2a: Blissey
|-damage|p2a: Blissey|94/100 brn
|-unboost|p2a: Blissey|spa|1
|
|-heal|p2a: Blissey|99/100 brn|[from] item: Leftovers
|-damage|p2a: Blissey|94/100 brn|[from] brn
|-damage|p1a: Hatterene|59/100 brn|[from] brn
|upkeep
|turn|24
|
|t:|1743841560
|move|p2a: Blissey|Calm Mind|p2a: Blissey
|-boost|p2a: Blissey|spa|1
|-boost|p2a: Blissey|spd|0
|move|p1a: Hatterene|Mystical Fire|p2a: Blissey
|-damage|p2a: Blissey|87/100 brn
|-unboost|p2a: Blissey|spa|1
|
|-heal|p2a: Blissey|93/100 brn|[from] item: Leftovers
|-damage|p2a: Blissey|87/100 brn|[from] brn
|-damage|p1a: Hatterene|53/100 brn|[from] brn
|upkeep
|turn|25
|
|t:|1743841570
|move|p2a: Blissey|Calm Mind|p2a: Blissey
|-boost|p2a: Blissey|spa|1
|-boost|p2a: Blissey|spd|0
|move|p1a: Hatterene|Draining Kiss|p2a: Blissey
|-supereffective|p2a: Blissey
|-damage|p2a: Blissey|72/100 brn
|-heal|p1a: Hatterene|76/100 brn|[from] drain|[of] p2a: Blissey
|
|-heal|p2a: Blissey|78/100 brn|[from] item: Leftovers
|-damage|p2a: Blissey|72/100 brn|[from] brn
|-damage|p1a: Hatterene|70/100 brn|[from] brn
|upkeep
|turn|26
|
|t:|1743841580
|move|p2a: Blissey|Calm Mind|p2a: Blissey
|-boost|p2a: Blissey|spa|1
|-boost|p2a: Blissey|spd|0
|move|p1a: Hatterene|Draining Kiss|p2a: Blissey
|-supereffective|p2a: Blissey
|-damage|p2a: Blissey|59/100 brn
|-heal|p1a: Hatterene|90/100 brn|[from] drain|[of] p2a: Blissey
|
|-heal|p2a: Blissey|65/100 brn|[from] item: Leftovers
|-damage|p2a: Blissey|59/100 brn|[from] brn
|-damage|p1a: Hatterene|84/100 brn|[from] brn
|upkeep
|turn|27
|
|t:|1743841591
|move|p2a: Blissey|Ice Beam|p1a: Hatterene
|-resisted|p1a: Hatterene
|-damage|p1a: Hatterene|72/100 brn
|move|p1a: Hatterene|Draining Kiss|p2a: Blissey
|-supereffective|p2a: Blissey
|-damage|p2a: Blissey|45/100 brn
|-heal|p1a: Hatterene|94/100 brn|[from] drain|[of] p2a: Blissey
|
|-heal|p2a: Blissey|51/100 brn|[from] item: Leftovers
|-damage|p2a: Blissey|45/100 brn|[from] brn
|-damage|p1a: Hatterene|88/100 brn|[from] brn
|upkeep
|turn|28
|
|t:|1743841614
|move|p2a: Blissey|Soft-Boiled|p2a: Blissey
|-heal|p2a: Blissey|95/100 brn
|move|p1a: Hatterene|Trick Room|p1a: Hatterene
|-fieldstart|move: Trick Room|[of] p1a: Hatterene
|
|-heal|p2a: Blissey|100/100 brn|[from] item: Leftovers
|-damage|p1a: Hatterene|82/100 brn|[from] brn
|-damage|p2a: Blissey|94/100 brn|[from] brn
|upkeep
|turn|29
|
|t:|1743841622
|move|p1a: Hatterene|Draining Kiss|p2a: Blissey
|-supereffective|p2a: Blissey
|-damage|p2a: Blissey|80/100 brn
|-heal|p1a: Hatterene|100/100 brn|[from] drain|[of] p2a: Blissey
|move|p2a: Blissey|Ice Beam|p1a: Hatterene
|-resisted|p1a: Hatterene
|-damage|p1a: Hatterene|88/100 brn
|
|-heal|p2a: Blissey|86/100 brn|[from] item: Leftovers
|-damage|p1a: Hatterene|82/100 brn|[from] brn
|-damage|p2a: Blissey|80/100 brn|[from] brn
|upkeep
|turn|30
|
|t:|1743841633
|move|p1a: Hatterene|Mystical Fire|p2a: Blissey
|-damage|p2a: Blissey|72/100 brn
|-unboost|p2a: Blissey|spa|1
|move|p2a: Blissey|Ice Beam|p1a: Hatterene
|-resisted|p1a: Hatterene
|-damage|p1a: Hatterene|73/100 brn
|
|-heal|p2a: Blissey|78/100 brn|[from] item: Leftovers
|-damage|p1a: Hatterene|67/100 brn|[from] brn
|-damage|p2a: Blissey|72/100 brn|[from] brn
|upkeep
|turn|31
|
|t:|1743841643
|move|p1a: Hatterene|Draining Kiss|p2a: Blissey
|-supereffective|p2a: Blissey
|-damage|p2a: Blissey|57/100 brn
|-heal|p1a: Hatterene|90/100 brn|[from] drain|[of] p2a: Blissey
|move|p2a: Blissey|Calm Mind|p2a: Blissey
|-boost|p2a: Blissey|spa|1
|-boost|p2a: Blissey|spd|0
|
|-heal|p2a: Blissey|63/100 brn|[from] item: Leftovers
|-damage|p1a: Hatterene|84/100 brn|[from] brn
|-damage|p2a: Blissey|57/100 brn|[from] brn
|upkeep
|turn|32
|
|t:|1743841653
|move|p1a: Hatterene|Draining Kiss|p2a: Blissey
|-supereffective|p2a: Blissey
|-damage|p2a: Blissey|43/100 brn
|-heal|p1a: Hatterene|100/100 brn|[from] drain|[of] p2a: Blissey
|move|p2a: Blissey|Soft-Boiled|p2a: Blissey
|-heal|p2a: Blissey|93/100 brn
|
|-heal|p2a: Blissey|99/100 brn|[from] item: Leftovers
|-damage|p1a: Hatterene|95/100 brn|[from] brn
|-damage|p2a: Blissey|93/100 brn|[from] brn
|-fieldend|move: Trick Room
|upkeep
|turn|33
|
|t:|1743841663
|move|p2a: Blissey|Ice Beam|p1a: Hatterene
|-resisted|p1a: Hatterene
|-damage|p1a: Hatterene|84/100 brn
|move|p1a: Hatterene|Draining Kiss|p2a: Blissey
|-supereffective|p2a: Blissey
|-damage|p2a: Blissey|80/100 brn
|-heal|p1a: Hatterene|100/100 brn|[from] drain|[of] p2a: Blissey
|
|-heal|p2a: Blissey|86/100 brn|[from] item: Leftovers
|-damage|p2a: Blissey|80/100 brn|[from] brn
|-damage|p1a: Hatterene|95/100 brn|[from] brn
|upkeep
|turn|34
|
|t:|1743841673
|move|p2a: Blissey|Ice Beam|p1a: Hatterene
|-resisted|p1a: Hatterene
|-damage|p1a: Hatterene|84/100 brn
|move|p1a: Hatterene|Draining Kiss|p2a: Blissey
|-supereffective|p2a: Blissey
|-damage|p2a: Blissey|66/100 brn
|-heal|p1a: Hatterene|100/100 brn|[from] drain|[of] p2a: Blissey
|
|-heal|p2a: Blissey|72/100 brn|[from] item: Leftovers
|-damage|p2a: Blissey|66/100 brn|[from] brn
|-damage|p1a: Hatterene|95/100 brn|[from] brn
|upkeep
|turn|35
|
|t:|1743841682
|move|p2a: Blissey|Ice Beam|p1a: Hatterene
|-resisted|p1a: Hatterene
|-damage|p1a: Hatterene|83/100 brn
|move|p1a: Hatterene|Trick Room|p1a: Hatterene
|-fieldstart|move: Trick Room|[of] p1a: Hatterene
|
|-heal|p2a: Blissey|72/100 brn|[from] item: Leftovers
|-damage|p1a: Hatterene|77/100 brn|[from] brn
|-damage|p2a: Blissey|66/100 brn|[from] brn
|upkeep
|turn|36
|
|t:|1743841690
|move|p1a: Hatterene|Mystical Fire|p2a: Blissey
|-damage|p2a: Blissey|59/100 brn
|-unboost|p2a: Blissey|spa|1
|move|p2a: Blissey|Ice Beam|p1a: Hatterene
|-resisted|p1a: Hatterene
|-damage|p1a: Hatterene|67/100 brn
|
|-heal|p2a: Blissey|65/100 brn|[from] item: Leftovers
|-damage|p1a: Hatterene|61/100 brn|[from] brn
|-damage|p2a: Blissey|59/100 brn|[from] brn
|upkeep
|turn|37
|
|t:|1743841701
|move|p1a: Hatterene|Draining Kiss|p2a: Blissey
|-supereffective|p2a: Blissey
|-damage|p2a: Blissey|45/100 brn
|-heal|p1a: Hatterene|82/100 brn|[from] drain|[of] p2a: Blissey
|move|p2a: Blissey|Soft-Boiled|p2a: Blissey
|-heal|p2a: Blissey|95/100 brn
|
|-heal|p2a: Blissey|100/100 brn|[from] item: Leftovers
|-damage|p1a: Hatterene|76/100 brn|[from] brn
|-damage|p2a: Blissey|94/100 brn|[from] brn
|upkeep
|turn|38
|
|t:|1743841713
|move|p1a: Hatterene|Mystical Fire|p2a: Blissey
|-damage|p2a: Blissey|88/100 brn
|-unboost|p2a: Blissey|spa|1
|move|p2a: Blissey|Calm Mind|p2a: Blissey
|-boost|p2a: Blissey|spa|1
|-boost|p2a: Blissey|spd|0
|
|-heal|p2a: Blissey|94/100 brn|[from] item: Leftovers
|-damage|p1a: Hatterene|70/100 brn|[from] brn
|-damage|p2a: Blissey|88/100 brn|[from] brn
|upkeep
|turn|39
|
|t:|1743841735
|move|p1a: Hatterene|Draining Kiss|p2a: Blissey
|-supereffective|p2a: Blissey
|-damage|p2a: Blissey|73/100 brn
|-heal|p1a: Hatterene|93/100 brn|[from] drain|[of] p2a: Blissey
|move|p2a: Blissey|Ice Beam|p1a: Hatterene
|-resisted|p1a: Hatterene
|-damage|p1a: Hatterene|83/100 brn
|
|-heal|p2a: Blissey|79/100 brn|[from] item: Leftovers
|-damage|p1a: Hatterene|77/100 brn|[from] brn
|-damage|p2a: Blissey|73/100 brn|[from] brn
|-fieldend|move: Trick Room
|upkeep
|turn|40
|
|t:|1743841746
|move|p2a: Blissey|Ice Beam|p1a: Hatterene
|-resisted|p1a: Hatterene
|-damage|p1a: Hatterene|67/100 brn
|move|p1a: Hatterene|Draining Kiss|p2a: Blissey
|-supereffective|p2a: Blissey
|-crit|p2a: Blissey
|-damage|p2a: Blissey|0 fnt
|-heal|p1a: Hatterene|100/100 brn|[from] drain|[of] p2a: Blissey
|faint|p2a: Blissey
|
|-damage|p1a: Hatterene|95/100 brn|[from] brn
|upkeep
|
|t:|1743841770
|switch|p2a: Dondozo|Dondozo, F|43/100
|turn|41
|
|t:|1743841776
|move|p2a: Dondozo|Tera Blast|p1a: Hatterene
|-damage|p1a: Hatterene|83/100 brn
|move|p1a: Hatterene|Draining Kiss|p2a: Dondozo
|-damage|p2a: Dondozo|18/100
|-heal|p1a: Hatterene|100/100 brn|[from] drain|[of] p2a: Dondozo
|-damage|p1a: Hatterene|84/100 brn|[from] item: Rocky Helmet|[of] p2a: Dondozo
|
|-damage|p1a: Hatterene|78/100 brn|[from] brn
|upkeep
|turn|42
|
|t:|1743841791
|move|p2a: Dondozo|Tera Blast|p1a: Hatterene
|-damage|p1a: Hatterene|65/100 brn
|move|p1a: Hatterene|Mystical Fire|p2a: Dondozo
|-resisted|p2a: Dondozo
|-damage|p2a: Dondozo|7/100
|-unboost|p2a: Dondozo|spa|1
|
|-damage|p1a: Hatterene|59/100 brn|[from] brn
|upkeep
|turn|43
|
|t:|1743841805
|move|p2a: Dondozo|Rest|p2a: Dondozo
|-status|p2a: Dondozo|slp|[from] move: Rest
|-heal|p2a: Dondozo|100/100 slp|[silent]
|move|p1a: Hatterene|Mystical Fire|p2a: Dondozo
|-resisted|p2a: Dondozo
|-damage|p2a: Dondozo|88/100 slp
|-unboost|p2a: Dondozo|spa|1
|
|-damage|p1a: Hatterene|53/100 brn|[from] brn
|upkeep
|turn|44
|
|t:|1743841817
|cant|p2a: Dondozo|slp
|move|p1a: Hatterene|Trick Room|p1a: Hatterene
|-fieldstart|move: Trick Room|[of] p1a: Hatterene
|
|-damage|p1a: Hatterene|47/100 brn|[from] brn
|upkeep
|turn|45
|
|t:|1743841822
|switch|p1a: Ursaluna|Ursaluna, M|94/100
|-damage|p1a: Ursaluna|88/100|[from] Stealth Rock
|cant|p2a: Dondozo|slp
|
|upkeep
|turn|46
|
|t:|1743841834
|move|p1a: Ursaluna|Smack Down|p2a: Dondozo
|-damage|p2a: Dondozo|77/100 slp
|-curestatus|p2a: Dondozo|slp|[msg]
|move|p2a: Dondozo|Curse|p2a: Dondozo
|-unboost|p2a: Dondozo|spe|1
|-boost|p2a: Dondozo|atk|1
|-boost|p2a: Dondozo|def|1
|
|upkeep
|turn|47
|
|t:|1743841845
|move|p2a: Dondozo|Liquidation|p1a: Ursaluna
|-supereffective|p1a: Ursaluna
|-damage|p1a: Ursaluna|9/100
|move|p1a: Ursaluna|Smack Down|p2a: Dondozo
|-damage|p2a: Dondozo|70/100
|
|upkeep
|turn|48
|
|t:|1743841851
|move|p2a: Dondozo|Curse|p2a: Dondozo
|-unboost|p2a: Dondozo|spe|1
|-boost|p2a: Dondozo|atk|1
|-boost|p2a: Dondozo|def|1
|move|p1a: Ursaluna|Smack Down|p2a: Dondozo
|-damage|p2a: Dondozo|63/100
|
|-fieldend|move: Trick Room
|upkeep
|turn|49
|
|t:|1743841859
|move|p1a: Ursaluna|Smack Down|p2a: Dondozo
|-damage|p2a: Dondozo|58/100
|move|p2a: Dondozo|Curse|p2a: Dondozo
|-unboost|p2a: Dondozo|spe|1
|-boost|p2a: Dondozo|atk|1
|-boost|p2a: Dondozo|def|1
|
|upkeep
|turn|50
|
|t:|1743841866
|move|p1a: Ursaluna|Smack Down|p2a: Dondozo
|-damage|p2a: Dondozo|53/100
|move|p2a: Dondozo|Liquidation|p1a: Ursaluna
|-supereffective|p1a: Ursaluna
|-damage|p1a: Ursaluna|0 fnt
|faint|p1a: Ursaluna
|
|upkeep
|
|t:|1743841869
|switch|p1a: Indeedee|Indeedee-F, F|100/100
|-damage|p1a: Indeedee|88/100|[from] Stealth Rock
|-fieldstart|move: Psychic Terrain|[from] ability: Psychic Surge|[of] p1a: Indeedee
|turn|51
|
|t:|1743841879
|move|p1a: Indeedee|Healing Wish|p1a: Indeedee
|faint|p1a: Indeedee
|move|p2a: Dondozo|Curse|p2a: Dondozo
|-unboost|p2a: Dondozo|spe|1
|-boost|p2a: Dondozo|atk|1
|-boost|p2a: Dondozo|def|1
|
|upkeep
|
|t:|1743841882
|switch|p1a: Torkoal|Torkoal, F|84/100 psn
|-heal|p1a: Torkoal|100/100|[from] move: Healing Wish
|-damage|p1a: Torkoal|75/100|[from] Stealth Rock
|-weather|SunnyDay|[from] ability: Drought|[of] p1a: Torkoal
|turn|52
|
|t:|1743841890
|move|p1a: Torkoal|Solar Beam||[still]
|-prepare|p1a: Torkoal|Solar Beam
|-anim|p1a: Torkoal|Solar Beam|p2a: Dondozo
|-supereffective|p2a: Dondozo
|-damage|p2a: Dondozo|0 fnt
|faint|p2a: Dondozo
|
|-weather|SunnyDay|[upkeep]
|upkeep
|
|t:|1743841914
|switch|p2a: Hoopa|Hoopa-Unbound|100/100
|turn|53
|
|t:|1743841917
|switch|p1a: Hatterene|Hatterene, F, tera:Water|47/100 brn
|-damage|p1a: Hatterene|34/100 brn|[from] Stealth Rock
|move|p2a: Hoopa|Psychic|p1a: Hatterene
|-damage|p1a: Hatterene|0 fnt
|faint|p1a: Hatterene
|
|-weather|SunnyDay|[upkeep]
|upkeep
|
|t:|1743841919
|switch|p1a: Torkoal|Torkoal, F|75/100
|-damage|p1a: Torkoal|50/100|[from] Stealth Rock
|turn|54
|
|t:|1743841927
|move|p2a: Hoopa|Psychic|p1a: Torkoal
|-damage|p1a: Torkoal|0 fnt
|faint|p1a: Torkoal
|
|win|mio3777
|raw|bnk1801's rating: 1305 &rarr; <strong>1290</strong><br />(-15 for losing)
|raw|mio3777's rating: 1393 &rarr; <strong>1408</strong><br />(+15 for winning)
|l|☆bnk1801
|player|p1|
|l|☆mio3777
|player|p2|
