|j|☆stallkiller393
|j|‽Uvah
|t:|1743868885
|gametype|singles
|player|p1|stallkiller393|rocketgrunt|1130
|player|p2|Uvah|clown|1163
|teamsize|p1|6
|teamsize|p2|6
|gen|9
|tier|[Gen 9] OU
|rated|
|rule|HP Percentage Mod: HP is shown in percentages
|rule|Endless Battle Clause: Forcing endless battles is banned
|rule|Species Clause: Limit one of each Pokémon
|rule|OHKO Clause: OHKO moves are banned
|rule|Evasion Items Clause: Evasion items are banned
|rule|Evasion Moves Clause: Evasion moves are banned
|rule|Sleep Moves Clause: Sleep-inducing moves are banned
|clearpoke
|poke|p1|Iron Hands|
|poke|p1|Ninetales, F|
|poke|p1|Scream Tail|
|poke|p1|Pecharunt|
|poke|p1|Pincurchin, M|
|poke|p1|Great Tusk|
|poke|p2|Corviknight, M|
|poke|p2|Torkoal, F|
|poke|p2|Scizor, F|
|poke|p2|Raging Bolt|
|poke|p2|Pachirisu, F|
|poke|p2|Typhlosion, M|
|teampreview
|inactive|Battle timer is ON: inactive players will automatically lose when time's up. (requested by Uvah)
|
|t:|1743868912
|start
|switch|p1a: Ninetales|Ninetales, F|100/100
|switch|p2a: Corviknight|Corviknight, M|100/100
|-weather|SunnyDay|[from] ability: Drought|[of] p1a: Ninetales
|turn|1
|
|t:|1743868924
|switch|p2a: Typhlosion|Typhlosion, M|100/100
|move|p1a: Ninetales|Calm Mind|p1a: Ninetales
|-boost|p1a: Ninetales|spa|1
|-boost|p1a: Ninetales|spd|1
|
|-weather|SunnyDay|[upkeep]
|upkeep
|turn|2
|
|t:|1743868942
|move|p2a: Typhlosion|Scorching Sands|p1a: Ninetales
|-supereffective|p1a: Ninetales
|-damage|p1a: Ninetales|51/100
|move|p1a: Ninetales|Roar|p2a: Typhlosion
|drag|p2a: Corviknight|Corviknight, M|100/100
|
|-weather|SunnyDay|[upkeep]
|upkeep
|turn|3
|inactive|Uvah has 120 seconds left.
|
|t:|1743868967
|move|p1a: Ninetales|Overheat|p2a: Corviknight
|-supereffective|p2a: Corviknight
|-damage|p2a: Corviknight|0 fnt
|-unboost|p1a: Ninetales|spa|2
|faint|p2a: Corviknight
|
|-weather|SunnyDay|[upkeep]
|upkeep
|
|t:|1743868971
|switch|p2a: Torkoal|Torkoal, F|100/100
|turn|4
|
|t:|1743868982
|switch|p1a: Great Tusk|Great Tusk|100/100
|-activate|p1a: Great Tusk|ability: Protosynthesis
|-start|p1a: Great Tusk|protosynthesisatk
|move|p2a: Torkoal|Earthquake|p1a: Great Tusk
|-damage|p1a: Great Tusk|87/100
|
|-weather|SunnyDay|[upkeep]
|upkeep
|turn|5
|
|t:|1743868989
|move|p1a: Great Tusk|Substitute|p1a: Great Tusk
|-start|p1a: Great Tusk|Substitute
|-damage|p1a: Great Tusk|62/100
|move|p2a: Torkoal|Lava Plume|p1a: Great Tusk
|-end|p1a: Great Tusk|Substitute
|
|-weather|none
|-end|p1a: Great Tusk|Protosynthesis
|upkeep
|-enditem|p1a: Great Tusk|Booster Energy
|-activate|p1a: Great Tusk|ability: Protosynthesis|[fromitem]
|-start|p1a: Great Tusk|protosynthesisatk
|turn|6
|
|t:|1743869001
|move|p1a: Great Tusk|Substitute|p1a: Great Tusk
|-start|p1a: Great Tusk|Substitute
|-damage|p1a: Great Tusk|37/100
|move|p2a: Torkoal|Stealth Rock|p1a: Great Tusk
|-sidestart|p1: stallkiller393|move: Stealth Rock
|
|upkeep
|turn|7
|
|t:|1743869007
|move|p1a: Great Tusk|Bulk Up|p1a: Great Tusk
|-boost|p1a: Great Tusk|atk|1
|-boost|p1a: Great Tusk|def|1
|move|p2a: Torkoal|Lava Plume|p1a: Great Tusk
|-end|p1a: Great Tusk|Substitute
|
|upkeep
|turn|8
|
|t:|1743869015
|move|p1a: Great Tusk|Headlong Rush|p2a: Torkoal
|-supereffective|p2a: Torkoal
|-damage|p2a: Torkoal|0 fnt
|-unboost|p1a: Great Tusk|def|1
|-unboost|p1a: Great Tusk|spd|1
|faint|p2a: Torkoal
|
|upkeep
|
|t:|1743869022
|switch|p2a: Typhlosion|Typhlosion, M|100/100
|turn|9
|
|t:|1743869029
|move|p2a: Typhlosion|Eruption|p1a: Great Tusk
|-damage|p1a: Great Tusk|0 fnt
|faint|p1a: Great Tusk
|-end|p1a: Great Tusk|Protosynthesis|[silent]
|
|upkeep
|
|t:|1743869044
|switch|p1a: Pincurchin|Pincurchin, M|100/100
|-damage|p1a: Pincurchin|88/100|[from] Stealth Rock
|-fieldstart|move: Electric Terrain|[from] ability: Electric Surge|[of] p1a: Pincurchin
|turn|10
|
|t:|1743869053
|switch|p2a: Pachirisu|Pachirisu, F|100/100
|move|p1a: Pincurchin|Discharge|p2a: Pachirisu
|-immune|p2a: Pachirisu|[from] ability: Volt Absorb
|
|upkeep
|turn|11
|
|t:|1743869062
|move|p2a: Pachirisu|Super Fang|p1a: Pincurchin
|-damage|p1a: Pincurchin|44/100
|move|p1a: Pincurchin|Spikes|p2a: Pachirisu
|-sidestart|p2: Uvah|Spikes
|
|upkeep
|turn|12
|
|t:|1743869080
|move|p2a: Pachirisu|U-turn|p1a: Pincurchin
|-damage|p1a: Pincurchin|37/100
|
|t:|1743869083
|switch|p2a: Raging Bolt|Raging Bolt|100/100|[from] U-turn
|-damage|p2a: Raging Bolt|88/100|[from] Spikes
|move|p1a: Pincurchin|Recover|p1a: Pincurchin
|-heal|p1a: Pincurchin|87/100
|
|-heal|p2a: Raging Bolt|94/100|[from] item: Leftovers
|upkeep
|turn|13
|
|t:|1743869091
|switch|p1a: Ninetales|Ninetales, F|51/100
|-weather|SunnyDay|[from] ability: Drought|[of] p1a: Ninetales
|-activate|p2a: Raging Bolt|ability: Protosynthesis
|-start|p2a: Raging Bolt|protosynthesisspa
|move|p2a: Raging Bolt|Calm Mind|p2a: Raging Bolt
|-boost|p2a: Raging Bolt|spa|1
|-boost|p2a: Raging Bolt|spd|1
|
|-weather|SunnyDay|[upkeep]
|-heal|p2a: Raging Bolt|100/100|[from] item: Leftovers
|upkeep
|turn|14
|
|t:|1743869101
|move|p2a: Raging Bolt|Thunderbolt|p1a: Ninetales
|-damage|p1a: Ninetales|0 fnt
|faint|p1a: Ninetales
|
|-weather|SunnyDay|[upkeep]
|-fieldend|move: Electric Terrain
|upkeep
|
|t:|1743869127
|switch|p1a: Scream Tail|Scream Tail|100/100
|-damage|p1a: Scream Tail|88/100|[from] Stealth Rock
|-activate|p1a: Scream Tail|ability: Protosynthesis
|-start|p1a: Scream Tail|protosynthesisspe
|turn|15
|
|t:|1743869141
|move|p1a: Scream Tail|Dazzling Gleam|p2a: Raging Bolt
|-supereffective|p2a: Raging Bolt
|-damage|p2a: Raging Bolt|65/100
|move|p2a: Raging Bolt|Thunderbolt|p1a: Scream Tail
|-damage|p1a: Scream Tail|14/100
|
|-weather|SunnyDay|[upkeep]
|-heal|p2a: Raging Bolt|71/100|[from] item: Leftovers
|upkeep
|turn|16
|
|t:|1743869153
|move|p1a: Scream Tail|Psychic Noise|p2a: Raging Bolt
|-damage|p2a: Raging Bolt|54/100
|-start|p2a: Raging Bolt|move: Heal Block
|-enditem|p1a: Scream Tail|Throat Spray
|-boost|p1a: Scream Tail|spa|1|[from] item: Throat Spray
|move|p2a: Raging Bolt|Thunderbolt|p1a: Scream Tail
|-damage|p1a: Scream Tail|0 fnt
|faint|p1a: Scream Tail
|-end|p1a: Scream Tail|Protosynthesis|[silent]
|
|-weather|SunnyDay|[upkeep]
|upkeep
|
|t:|1743869165
|switch|p1a: Iron Hands|Iron Hands|100/100
|-damage|p1a: Iron Hands|94/100|[from] Stealth Rock
|turn|17
|
|t:|1743869173
|move|p2a: Raging Bolt|Dragon Pulse|p1a: Iron Hands
|-damage|p1a: Iron Hands|9/100
|-enditem|p1a: Iron Hands|Salac Berry|[eat]
|-boost|p1a: Iron Hands|spe|1|[from] item: Salac Berry
|move|p1a: Iron Hands|Swords Dance|p1a: Iron Hands
|-boost|p1a: Iron Hands|atk|2
|
|-weather|none
|-end|p2a: Raging Bolt|Protosynthesis
|-end|p2a: Raging Bolt|move: Heal Block
|upkeep
|turn|18
|
|t:|1743869183
|move|p2a: Raging Bolt|Thunderclap|p1a: Iron Hands
|-resisted|p1a: Iron Hands
|-damage|p1a: Iron Hands|0 fnt
|faint|p1a: Iron Hands
|-end|p1a: Iron Hands|Quark Drive|[silent]
|
|-heal|p2a: Raging Bolt|60/100|[from] item: Leftovers
|upkeep
|inactive|stallkiller393 has 120 seconds left.
|inactive|stallkiller393 has 90 seconds left.
|
|t:|1743869245
|switch|p1a: Pecharunt|Pecharunt|100/100
|-damage|p1a: Pecharunt|88/100|[from] Stealth Rock
|-item|p1a: Pecharunt|Air Balloon
|turn|19
|
|t:|1743869263
|move|p1a: Pecharunt|Malignant Chain|p2a: Raging Bolt
|-damage|p2a: Raging Bolt|33/100
|move|p2a: Raging Bolt|Thunderbolt|p1a: Pecharunt
|-damage|p1a: Pecharunt|0 fnt
|-enditem|p1a: Pecharunt|Air Balloon
|faint|p1a: Pecharunt
|
|-heal|p2a: Raging Bolt|39/100|[from] item: Leftovers
|upkeep
|inactive|stallkiller393 has 60 seconds left.
|
|t:|1743869308
|switch|p1a: Pincurchin|Pincurchin, M|87/100
|-damage|p1a: Pincurchin|75/100|[from] Stealth Rock
|-fieldstart|move: Electric Terrain|[from] ability: Electric Surge|[of] p1a: Pincurchin
|turn|20
|
|t:|1743869320
|move|p2a: Raging Bolt|Calm Mind|p2a: Raging Bolt
|-boost|p2a: Raging Bolt|spa|1
|-boost|p2a: Raging Bolt|spd|1
|move|p1a: Pincurchin|Discharge|p2a: Raging Bolt
|-resisted|p2a: Raging Bolt
|-damage|p2a: Raging Bolt|35/100
|
|-heal|p2a: Raging Bolt|41/100|[from] item: Leftovers
|upkeep
|turn|21
|inactive|stallkiller393 has 60 seconds left.
|
|t:|1743869333
|move|p2a: Raging Bolt|Dragon Pulse|p1a: Pincurchin
|-damage|p1a: Pincurchin|0 fnt
|faint|p1a: Pincurchin
|
|win|Uvah
|raw|stallkiller393's rating: 1130 &rarr; <strong>1107</strong><br />(-23 for losing)
|raw|Uvah's rating: 1163 &rarr; <strong>1186</strong><br />(+23 for winning)
|l|☆stallkiller393
|player|p1|
|l|‽Uvah
|player|p2|
