|j|☆WDF123
|j|☆rderor19
|t:|1743918340
|gametype|singles
|player|p1|WDF123|steven|1154
|player|p2|rderor19|ninjaboy|1157
|teamsize|p1|6
|teamsize|p2|6
|gen|9
|tier|[Gen 9] OU
|rated|
|rule|HP Percentage Mod: HP is shown in percentages
|rule|Endless Battle Clause: Forcing endless battles is banned
|rule|Species Clause: Limit one of each Pokémon
|rule|OHKO Clause: OHKO moves are banned
|rule|Evasion Items Clause: Evasion items are banned
|rule|Evasion Moves Clause: Evasion moves are banned
|rule|Sleep Moves Clause: Sleep-inducing moves are banned
|clearpoke
|poke|p1|Corviknight, F|
|poke|p1|Excadrill, F|
|poke|p1|Metagross|
|poke|p1|Tyranitar, M|
|poke|p1|Chansey, F|
|poke|p1|Inteleon, M|
|poke|p2|Incineroar, M|
|poke|p2|Excadrill, M|
|poke|p2|Pelipper, M|
|poke|p2|Kilowattrel, M|
|poke|p2|Tyranitar, M|
|poke|p2|Moltres-Galar|
|teampreview
|
|t:|1743918353
|start
|switch|p1a: Corviknight|Corviknight, F, shiny|100/100
|switch|p2a: Trueno|Kilowattrel, M, shiny|100/100
|turn|1
|
|t:|1743918359
|switch|p1a: Chansey|Chansey, F|100/100
|move|p2a: Trueno|Volt Switch|p1a: Chansey
|-damage|p1a: Chansey|86/100
|
|t:|1743918365
|switch|p2a: Chancho|Tyranitar, M, shiny|100/100|[from] Volt Switch
|-weather|Sandstorm|[from] ability: Sand Stream|[of] p2a: Chancho
|
|-weather|Sandstorm|[upkeep]
|-damage|p1a: Chansey|80/100|[from] Sandstorm
|upkeep
|turn|2
|
|t:|1743918372
|switch|p1a: Corviknight|Corviknight, F, shiny|100/100
|move|p2a: Chancho|Knock Off|p1a: Corviknight
|-damage|p1a: Corviknight|67/100
|-damage|p2a: Chancho|84/100|[from] item: Rocky Helmet|[of] p1a: Corviknight
|-enditem|p1a: Corviknight|Rocky Helmet|[from] move: Knock Off|[of] p2a: Chancho
|
|-weather|Sandstorm|[upkeep]
|upkeep
|turn|3
|
|t:|1743918382
|move|p2a: Chancho|Stone Edge|p1a: Corviknight|[miss]
|-miss|p2a: Chancho|p1a: Corviknight
|move|p1a: Corviknight|Iron Defense|p1a: Corviknight
|-boost|p1a: Corviknight|def|2
|
|-weather|Sandstorm|[upkeep]
|upkeep
|turn|4
|
|t:|1743918390
|switch|p2a: Trueno|Kilowattrel, M, shiny|100/100
|move|p1a: Corviknight|Iron Defense|p1a: Corviknight
|-boost|p1a: Corviknight|def|2
|
|-weather|Sandstorm|[upkeep]
|-damage|p2a: Trueno|94/100|[from] Sandstorm
|upkeep
|turn|5
|
|t:|1743918396
|move|p2a: Trueno|Volt Switch|p1a: Corviknight
|-supereffective|p1a: Corviknight
|-damage|p1a: Corviknight|0 fnt
|faint|p1a: Corviknight
|
|t:|1743918400
|switch|p2a: Chancho|Tyranitar, M, shiny|84/100|[from] Volt Switch
|
|-weather|none
|upkeep
|c|☆rderor19|lol
|
|t:|1743918405
|switch|p1a: Excadrill|Excadrill, F|100/100
|turn|6
|c|☆rderor19|its satk
|
|t:|1743918416
|move|p1a: Excadrill|Earthquake|p2a: Chancho
|-supereffective|p2a: Chancho
|-damage|p2a: Chancho|0 fnt
|faint|p2a: Chancho
|-damage|p1a: Excadrill|91/100|[from] item: Life Orb
|
|upkeep
|
|t:|1743918420
|switch|p2a: Escombro|Excadrill, M, shiny|100/100
|-item|p2a: Escombro|Air Balloon
|turn|7
|
|t:|1743918433
|switch|p1a: Chansey|Chansey, F|80/100
|move|p2a: Escombro|Earthquake|p1a: Chansey
|-damage|p1a: Chansey|46/100
|
|upkeep
|turn|8
|
|t:|1743918440
|move|p2a: Escombro|Swords Dance|p2a: Escombro
|-boost|p2a: Escombro|atk|2
|move|p1a: Chansey|Soft-Boiled|p1a: Chansey
|-heal|p1a: Chansey|96/100
|
|upkeep
|turn|9
|
|t:|1743918448
|move|p2a: Escombro|Rapid Spin|p1a: Chansey
|-damage|p1a: Chansey|72/100
|-boost|p2a: Escombro|spe|1
|move|p1a: Chansey|Charm|p2a: Escombro
|-unboost|p2a: Escombro|atk|2
|
|upkeep
|turn|10
|
|t:|1743918454
|move|p2a: Escombro|Swords Dance|p2a: Escombro
|-boost|p2a: Escombro|atk|2
|move|p1a: Chansey|Charm|p2a: Escombro
|-unboost|p2a: Escombro|atk|2
|
|upkeep
|turn|11
|
|t:|1743918459
|move|p2a: Escombro|Swords Dance|p2a: Escombro
|-boost|p2a: Escombro|atk|2
|move|p1a: Chansey|Charm|p2a: Escombro
|-unboost|p2a: Escombro|atk|2
|
|upkeep
|turn|12
|
|t:|1743918465
|move|p2a: Escombro|Iron Head|p1a: Chansey
|-damage|p1a: Chansey|45/100
|cant|p1a: Chansey|flinch
|
|upkeep
|turn|13
|
|t:|1743918471
|move|p2a: Escombro|Swords Dance|p2a: Escombro
|-boost|p2a: Escombro|atk|2
|move|p1a: Chansey|Soft-Boiled|p1a: Chansey
|-heal|p1a: Chansey|95/100
|
|upkeep
|turn|14
|
|t:|1743918476
|move|p2a: Escombro|Iron Head|p1a: Chansey
|-damage|p1a: Chansey|43/100
|cant|p1a: Chansey|flinch
|
|upkeep
|turn|15
|
|t:|1743918482
|move|p2a: Escombro|Iron Head|p1a: Chansey
|-damage|p1a: Chansey|0 fnt
|faint|p1a: Chansey
|
|upkeep
|c|☆rderor19|lol
|
|t:|1743918487
|switch|p1a: Tyranitar|Tyranitar, M|100/100
|-weather|Sandstorm|[from] ability: Sand Stream|[of] p1a: Tyranitar
|turn|16
|-message|WDF123 forfeited.
|
|win|rderor19
|raw|WDF123's rating: 1154 &rarr; <strong>1129</strong><br />(-25 for losing)
|raw|rderor19's rating: 1157 &rarr; <strong>1182</strong><br />(+25 for winning)
|l|☆WDF123
|player|p1|
|l|☆rderor19
|player|p2|
