|j|☆GN Radahn
|j|☆Giveup2me
|t:|1743826401
|gametype|singles
|player|p1|GN Radahn|2|1067
|player|p2|Giveup2me|1|1051
|teamsize|p1|6
|teamsize|p2|6
|gen|9
|tier|[Gen 9] OU
|rated|
|rule|HP Percentage Mod: HP is shown in percentages
|rule|Endless Battle Clause: Forcing endless battles is banned
|rule|Species Clause: Limit one of each Pokémon
|rule|OHKO Clause: OHKO moves are banned
|rule|Evasion Items Clause: Evasion items are banned
|rule|Evasion Moves Clause: Evasion moves are banned
|rule|Sleep Moves Clause: Sleep-inducing moves are banned
|clearpoke
|poke|p1|Primeape, F|
|poke|p1|Swampert, M|
|poke|p1|Corviknight, M|
|poke|p1|Galvantula, M|
|poke|p1|Ceruledge, M|
|poke|p1|Gardevoir, M|
|poke|p2|Hatterene, F|
|poke|p2|Slowking-Galar, F|
|poke|p2|Ursaluna, F|
|poke|p2|Rhyperior, F|
|poke|p2|Deoxys-Defense|
|poke|p2|Torterra, F|
|teampreview
|
|t:|1743826407
|start
|switch|p1a: Ceruledge|Ceruledge, M|100/100
|switch|p2a: Deoxys|Deoxys-Defense|100/100
|-ability|p2a: Deoxys|Pressure
|turn|1
|
|t:|1743826423
|move|p1a: Ceruledge|Shadow Claw|p2a: Deoxys
|-supereffective|p2a: Deoxys
|-damage|p2a: Deoxys|56/100
|move|p2a: Deoxys|Cosmic Power|p2a: Deoxys
|-boost|p2a: Deoxys|def|1
|-boost|p2a: Deoxys|spd|1
|
|-heal|p2a: Deoxys|62/100|[from] item: Leftovers
|upkeep
|turn|2
|
|t:|1743826437
|move|p1a: Ceruledge|Shadow Claw|p2a: Deoxys
|-supereffective|p2a: Deoxys
|-damage|p2a: Deoxys|32/100
|move|p2a: Deoxys|Trick Room|p2a: Deoxys
|-fieldstart|move: Trick Room|[of] p2a: Deoxys
|
|-heal|p2a: Deoxys|38/100|[from] item: Leftovers
|upkeep
|turn|3
|
|t:|1743826458
|switch|p2a: The razy friend|Ursaluna, F|100/100
|move|p1a: Ceruledge|Shadow Claw|p2a: The razy friend
|-immune|p2a: The razy friend
|
|-status|p2a: The razy friend|brn|[from] item: Flame Orb
|upkeep
|turn|4
|
|t:|1743826475
|switch|p1a: Corviknight|Corviknight, M|100/100
|-ability|p1a: Corviknight|Pressure
|move|p2a: The razy friend|Headlong Rush|p1a: Corviknight
|-immune|p1a: Corviknight
|
|-damage|p2a: The razy friend|94/100 brn|[from] brn
|upkeep
|turn|5
|
|t:|1743826485
|move|p2a: The razy friend|Supercell Slam|p1a: Corviknight
|-supereffective|p1a: Corviknight
|-damage|p1a: Corviknight|32/100
|-enditem|p1a: Corviknight|Red Card|[of] p2a: The razy friend
|drag|p2a: The driver|Rhyperior, F|100/100
|move|p1a: Corviknight|Iron Defense|p1a: Corviknight
|-boost|p1a: Corviknight|def|2
|
|upkeep
|turn|6
|
|t:|1743826500
|move|p2a: The driver|Fire Punch|p1a: Corviknight
|-supereffective|p1a: Corviknight
|-damage|p1a: Corviknight|14/100
|move|p1a: Corviknight|Roost|p1a: Corviknight
|-heal|p1a: Corviknight|64/100
|-singleturn|p1a: Corviknight|move: Roost
|
|-fieldend|move: Trick Room
|upkeep
|turn|7
|
|t:|1743826513
|move|p1a: Corviknight|Iron Defense|p1a: Corviknight
|-boost|p1a: Corviknight|def|2
|move|p2a: The driver|Thunder Punch|p1a: Corviknight
|-supereffective|p1a: Corviknight
|-damage|p1a: Corviknight|51/100
|
|upkeep
|turn|8
|
|t:|1743826549
|switch|p2a: Blue mushrooms|Hatterene, F|100/100
|move|p1a: Corviknight|Roost|p1a: Corviknight
|-heal|p1a: Corviknight|100/100
|-singleturn|p1a: Corviknight|move: Roost
|
|upkeep
|turn|9
|
|t:|1743826595
|switch|p1a: Ceruledge|Ceruledge, M|100/100
|move|p2a: Blue mushrooms|Calm Mind|p2a: Blue mushrooms
|-boost|p2a: Blue mushrooms|spa|1
|-boost|p2a: Blue mushrooms|spd|1
|
|upkeep
|turn|10
|
|t:|1743826610
|move|p1a: Ceruledge|Shadow Claw|p2a: Blue mushrooms
|-supereffective|p2a: Blue mushrooms
|-damage|p2a: Blue mushrooms|33/100
|move|p2a: Blue mushrooms|Calm Mind|p2a: Blue mushrooms
|-boost|p2a: Blue mushrooms|spa|1
|-boost|p2a: Blue mushrooms|spd|1
|
|-heal|p2a: Blue mushrooms|39/100|[from] item: Leftovers
|upkeep
|turn|11
|
|t:|1743826632
|switch|p2a: Mushroom Trip|Slowking-Galar, F|100/100
|move|p1a: Ceruledge|Bitter Blade|p2a: Mushroom Trip
|-crit|p2a: Mushroom Trip
|-damage|p2a: Mushroom Trip|38/100
|
|upkeep
|turn|12
|
|t:|1743826642
|move|p1a: Ceruledge|Shadow Claw|p2a: Mushroom Trip
|-supereffective|p2a: Mushroom Trip
|-damage|p2a: Mushroom Trip|0 fnt
|faint|p2a: Mushroom Trip
|
|upkeep
|-message|Giveup2me forfeited.
|
|win|GN Radahn
|raw|GN Radahn's rating: 1067 &rarr; <strong>1096</strong><br />(+29 for winning)
|raw|Giveup2me's rating: 1051 &rarr; <strong>1034</strong><br />(-17 for losing)
|l|☆Giveup2me
|player|p2|
|l|☆GN Radahn
|player|p1|
