|j|☆TheLump
|j|☆DubbleR
|t:|1743858148
|gametype|singles
|player|p1|TheLump|102|1121
|player|p2|DubbleR|101|1074
|teamsize|p1|6
|teamsize|p2|6
|gen|9
|tier|[Gen 9] OU
|rated|
|rule|HP Percentage Mod: HP is shown in percentages
|rule|Endless Battle Clause: Forcing endless battles is banned
|rule|Species Clause: Limit one of each Pokémon
|rule|OHKO Clause: OHKO moves are banned
|rule|Evasion Items Clause: Evasion items are banned
|rule|Evasion Moves Clause: Evasion moves are banned
|rule|Sleep Moves Clause: Sleep-inducing moves are banned
|clearpoke
|poke|p1|Venomoth, M|
|poke|p1|Victreebel, M|
|poke|p1|Torkoal, F|
|poke|p1|Iron Moth|
|poke|p1|Revavroom, M|
|poke|p1|Swalot, F|
|poke|p2|Torkoal, F|
|poke|p2|Sawsbuck, M|
|poke|p2|Tyranitar, M|
|poke|p2|Scrafty, F|
|poke|p2|Reuniclus, F|
|poke|p2|Excadrill, M|
|teampreview
|c|☆DubbleR|You gonna send something out?
|inactive|Battle timer is ON: inactive players will automatically lose when time's up. (requested by DubbleR)
|
|t:|1743858217
|start
|switch|p1a: Torkoal|Torkoal, F, shiny|100/100
|switch|p2a: Scrafty|Scrafty, F|100/100
|-ability|p2a: Scrafty|Intimidate|boost
|-unboost|p1a: Torkoal|atk|1
|-weather|SunnyDay|[from] ability: Drought|[of] p1a: Torkoal
|turn|1
|
|t:|1743858224
|move|p2a: Scrafty|Dragon Dance|p2a: Scrafty
|-boost|p2a: Scrafty|atk|1
|-boost|p2a: Scrafty|spe|1
|move|p1a: Torkoal|Will-O-Wisp|p2a: Scrafty
|-status|p2a: Scrafty|brn
|
|-weather|SunnyDay|[upkeep]
|-damage|p2a: Scrafty|95/100 brn|[from] brn
|upkeep
|turn|2
|
|t:|1743858247
|move|p1a: Torkoal|Lava Plume|p2a: Scrafty
|-damage|p2a: Scrafty|58/100 brn
|move|p2a: Scrafty|Counter||[still]
|-fail|p2a: Scrafty
|
|-weather|SunnyDay|[upkeep]
|-damage|p2a: Scrafty|52/100 brn|[from] brn
|upkeep
|turn|3
|
|t:|1743858254
|move|p2a: Scrafty|Close Combat|p1a: Torkoal
|-damage|p1a: Torkoal|72/100
|-unboost|p2a: Scrafty|def|1
|-unboost|p2a: Scrafty|spd|1
|move|p1a: Torkoal|Lava Plume|p2a: Scrafty
|-damage|p2a: Scrafty|0 fnt
|faint|p2a: Scrafty
|
|-weather|SunnyDay|[upkeep]
|upkeep
|
|t:|1743858263
|switch|p2a: Tyranitar|Tyranitar, M|100/100
|-weather|Sandstorm|[from] ability: Sand Stream|[of] p2a: Tyranitar
|turn|4
|
|t:|1743858270
|move|p2a: Tyranitar|Earthquake|p1a: Torkoal
|-supereffective|p1a: Torkoal
|-damage|p1a: Torkoal|26/100
|move|p1a: Torkoal|Will-O-Wisp|p2a: Tyranitar
|-status|p2a: Tyranitar|brn
|
|-weather|Sandstorm|[upkeep]
|-damage|p1a: Torkoal|19/100|[from] Sandstorm
|-damage|p2a: Tyranitar|94/100 brn|[from] brn
|upkeep
|turn|5
|
|t:|1743858279
|switch|p1a: Swalot|Swalot, F|100/100
|move|p2a: Tyranitar|Earthquake|p1a: Swalot
|-supereffective|p1a: Swalot
|-damage|p1a: Swalot|64/100
|
|-weather|Sandstorm|[upkeep]
|-damage|p1a: Swalot|57/100|[from] Sandstorm
|-heal|p1a: Swalot|64/100|[from] item: Black Sludge
|-damage|p2a: Tyranitar|88/100 brn|[from] brn
|upkeep
|turn|6
|
|t:|1743858289
|switch|p2a: Excadrill|Excadrill, M|100/100
|switch|p1a: Torkoal|Torkoal, F, shiny|19/100
|-weather|SunnyDay|[from] ability: Drought|[of] p1a: Torkoal
|
|-weather|SunnyDay|[upkeep]
|upkeep
|turn|7
|
|t:|1743858297
|move|p2a: Excadrill|Earthquake|p1a: Torkoal
|-supereffective|p1a: Torkoal
|-damage|p1a: Torkoal|0 fnt
|faint|p1a: Torkoal
|
|-weather|SunnyDay|[upkeep]
|upkeep
|inactive|TheLump has 120 seconds left.
|
|t:|1743858337
|switch|p1a: Revavroom|Revavroom, M|100/100
|turn|8
|
|t:|1743858344
|-terastallize|p1a: Revavroom|Flying
|move|p1a: Revavroom|Shift Gear|p1a: Revavroom
|-boost|p1a: Revavroom|spe|2
|-boost|p1a: Revavroom|atk|1
|move|p2a: Excadrill|Earthquake|p1a: Revavroom
|-immune|p1a: Revavroom
|
|-weather|SunnyDay|[upkeep]
|upkeep
|turn|9
|inactive|TheLump has 120 seconds left.
|
|t:|1743858372
|move|p1a: Revavroom|High Horsepower|p2a: Excadrill
|-supereffective|p2a: Excadrill
|-damage|p2a: Excadrill|0 fnt
|faint|p2a: Excadrill
|
|-weather|SunnyDay|[upkeep]
|upkeep
|
|t:|1743858378
|switch|p2a: Tyranitar|Tyranitar, M|88/100 brn
|-weather|Sandstorm|[from] ability: Sand Stream|[of] p2a: Tyranitar
|turn|10
|
|t:|1743858385
|move|p1a: Revavroom|Iron Head|p2a: Tyranitar
|-supereffective|p2a: Tyranitar
|-damage|p2a: Tyranitar|0 fnt
|faint|p2a: Tyranitar
|
|-weather|Sandstorm|[upkeep]
|upkeep
|
|t:|1743858390
|switch|p2a: Sawsbuck|Sawsbuck, M|100/100
|turn|11
|
|t:|1743858401
|-terastallize|p2a: Sawsbuck|Normal
|move|p1a: Revavroom|Poison Jab|p2a: Sawsbuck
|-damage|p2a: Sawsbuck|1/100
|move|p2a: Sawsbuck|Body Slam|p1a: Revavroom
|-damage|p1a: Revavroom|24/100
|-damage|p2a: Sawsbuck|0 fnt|[from] item: Life Orb
|faint|p2a: Sawsbuck
|
|-weather|Sandstorm|[upkeep]
|-heal|p1a: Revavroom|30/100|[from] item: Leftovers
|upkeep
|
|t:|1743858411
|switch|p2a: Reuniclus|Reuniclus, F|100/100
|turn|12
|
|t:|1743858415
|move|p1a: Revavroom|Iron Head|p2a: Reuniclus
|-damage|p2a: Reuniclus|30/100
|move|p2a: Reuniclus|Substitute|p2a: Reuniclus
|-start|p2a: Reuniclus|Substitute
|-damage|p2a: Reuniclus|5/100
|
|-weather|Sandstorm|[upkeep]
|-heal|p1a: Revavroom|36/100|[from] item: Leftovers
|-heal|p2a: Reuniclus|11/100|[from] item: Leftovers
|upkeep
|turn|13
|
|t:|1743858424
|move|p1a: Revavroom|Iron Head|p2a: Reuniclus
|-end|p2a: Reuniclus|Substitute
|move|p2a: Reuniclus|Recover|p2a: Reuniclus
|-heal|p2a: Reuniclus|61/100
|
|-weather|Sandstorm|[upkeep]
|-heal|p1a: Revavroom|42/100|[from] item: Leftovers
|-heal|p2a: Reuniclus|68/100|[from] item: Leftovers
|upkeep
|turn|14
|
|t:|1743858433
|move|p1a: Revavroom|Iron Head|p2a: Reuniclus
|-damage|p2a: Reuniclus|2/100
|move|p2a: Reuniclus|Drain Punch|p1a: Revavroom
|-resisted|p1a: Revavroom
|-damage|p1a: Revavroom|33/100
|-heal|p2a: Reuniclus|5/100|[from] drain|[of] p1a: Revavroom
|
|-weather|none
|-heal|p1a: Revavroom|39/100|[from] item: Leftovers
|-heal|p2a: Reuniclus|11/100|[from] item: Leftovers
|upkeep
|turn|15
|
|t:|1743858443
|move|p1a: Revavroom|Iron Head|p2a: Reuniclus
|-damage|p2a: Reuniclus|0 fnt
|faint|p2a: Reuniclus
|
|-heal|p1a: Revavroom|45/100|[from] item: Leftovers
|upkeep
|
|t:|1743858449
|switch|p2a: Torkoal|Torkoal, F|100/100
|-weather|SunnyDay|[from] ability: Drought|[of] p2a: Torkoal
|turn|16
|
|t:|1743858456
|move|p1a: Revavroom|High Horsepower|p2a: Torkoal
|-supereffective|p2a: Torkoal
|-damage|p2a: Torkoal|42/100
|move|p2a: Torkoal|Fire Blast|p1a: Revavroom
|-damage|p1a: Revavroom|0 fnt
|faint|p1a: Revavroom
|
|-weather|SunnyDay|[upkeep]
|upkeep
|
|t:|1743858464
|switch|p1a: Swalot|Swalot, F|64/100
|turn|17
|
|t:|1743858467
|move|p1a: Swalot|Toxic|p2a: Torkoal
|-status|p2a: Torkoal|tox
|move|p2a: Torkoal|Earthquake|p1a: Swalot
|-supereffective|p1a: Swalot
|-damage|p1a: Swalot|22/100
|
|-weather|SunnyDay|[upkeep]
|-heal|p1a: Swalot|28/100|[from] item: Black Sludge
|-damage|p2a: Torkoal|36/100 tox|[from] psn
|upkeep
|turn|18
|
|t:|1743858475
|move|p1a: Swalot|Ice Beam|p2a: Torkoal
|-resisted|p2a: Torkoal
|-damage|p2a: Torkoal|26/100 tox
|move|p2a: Torkoal|Earthquake|p1a: Swalot
|-supereffective|p1a: Swalot
|-damage|p1a: Swalot|0 fnt
|faint|p1a: Swalot
|
|-weather|SunnyDay|[upkeep]
|-damage|p2a: Torkoal|14/100 tox|[from] psn
|upkeep
|
|t:|1743858481
|switch|p1a: Iron Moth|Iron Moth|100/100
|-enditem|p1a: Iron Moth|Booster Energy
|-activate|p1a: Iron Moth|ability: Quark Drive|[fromitem]
|-start|p1a: Iron Moth|quarkdrivespe
|turn|19
|
|t:|1743858490
|move|p1a: Iron Moth|Sludge Wave|p2a: Torkoal
|-damage|p2a: Torkoal|0 fnt
|faint|p2a: Torkoal
|
|win|TheLump
|raw|TheLump's rating: 1121 &rarr; <strong>1143</strong><br />(+22 for winning)
|raw|DubbleR's rating: 1074 &rarr; <strong>1056</strong><br />(-18 for losing)
|l|☆TheLump
|player|p1|
|l|☆DubbleR
|player|p2|
