|j|☆kocotai
|j|☆showbegin
|t:|1743916190
|gametype|singles
|player|p1|kocotai|alec-anime|1493
|player|p2|showbegin|lucas|1544
|teamsize|p1|6
|teamsize|p2|6
|gen|9
|tier|[Gen 9] OU
|rated|
|rule|HP Percentage Mod: HP is shown in percentages
|rule|Endless Battle Clause: Forcing endless battles is banned
|rule|Species Clause: Limit one of each Pokémon
|rule|OHKO Clause: OHKO moves are banned
|rule|Evasion Items Clause: Evasion items are banned
|rule|Evasion Moves Clause: Evasion moves are banned
|rule|Sleep Moves Clause: Sleep-inducing moves are banned
|clearpoke
|poke|p1|Dragapult, F|
|poke|p1|Iron Moth|
|poke|p1|Serperior, F|
|poke|p1|Iron Treads|
|poke|p1|Dragonite, F|
|poke|p1|Greninja-*, M|
|poke|p2|Pelipper, F|
|poke|p2|Clodsire, F|
|poke|p2|Incineroar, F|
|poke|p2|Zapdos|
|poke|p2|Corviknight, M|
|poke|p2|Basculegion, M|
|teampreview
|inactive|Battle timer is ON: inactive players will automatically lose when time's up. (requested by kocotai)
|
|t:|1743916196
|start
|switch|p1a: Iron Treads|Iron Treads|100/100
|switch|p2a: Corviknight|Corviknight, M, shiny|100/100
|-ability|p2a: Corviknight|Pressure
|-enditem|p1a: Iron Treads|Booster Energy
|-activate|p1a: Iron Treads|ability: Quark Drive|[fromitem]
|-start|p1a: Iron Treads|quarkdrivespe
|turn|1
|
|t:|1743916198
|move|p1a: Iron Treads|Stealth Rock|p2a: Corviknight
|-sidestart|p2: showbegin|move: Stealth Rock
|move|p2a: Corviknight|Body Press|p1a: Iron Treads
|-supereffective|p1a: Iron Treads
|-damage|p1a: Iron Treads|56/100
|
|upkeep
|turn|2
|
|t:|1743916201
|-end|p1a: Iron Treads|Quark Drive|[silent]
|switch|p1a: Dragonite|Dragonite, F|100/100
|move|p2a: Corviknight|Body Press|p1a: Dragonite
|-resisted|p1a: Dragonite
|-damage|p1a: Dragonite|93/100
|
|upkeep
|turn|3
|
|t:|1743916205
|move|p1a: Dragonite|Dragon Dance|p1a: Dragonite
|-boost|p1a: Dragonite|atk|1
|-boost|p1a: Dragonite|spe|1
|move|p2a: Corviknight|Defog|p1a: Dragonite
|-unboost|p1a: Dragonite|evasion|1
|-sideend|p2: showbegin|Stealth Rock|[from] move: Defog|[of] p2a: Corviknight
|
|upkeep
|turn|4
|
|t:|1743916209
|move|p1a: Dragonite|Dragon Dance|p1a: Dragonite
|-boost|p1a: Dragonite|atk|1
|-boost|p1a: Dragonite|spe|1
|move|p2a: Corviknight|U-turn|p1a: Dragonite
|-resisted|p1a: Dragonite
|-damage|p1a: Dragonite|86/100
|
|t:|1743916212
|switch|p2a: Incineroar|Incineroar, F, shiny|100/100|[from] U-turn
|-ability|p2a: Incineroar|Intimidate|boost
|-unboost|p1a: Dragonite|atk|1
|
|upkeep
|turn|5
|
|t:|1743916217
|move|p1a: Dragonite|Scale Shot|p2a: Incineroar
|-damage|p2a: Incineroar|86/100
|-damage|p2a: Incineroar|71/100
|-damage|p2a: Incineroar|57/100
|-damage|p2a: Incineroar|44/100
|-hitcount|p2a: Incineroar|4
|-unboost|p1a: Dragonite|def|1
|-boost|p1a: Dragonite|spe|1
|move|p2a: Incineroar|Will-O-Wisp|p1a: Dragonite
|-status|p1a: Dragonite|brn
|
|-damage|p1a: Dragonite|80/100 brn|[from] brn
|upkeep
|turn|6
|
|t:|1743916223
|switch|p2a: Corviknight|Corviknight, M, shiny|100/100
|-ability|p2a: Corviknight|Pressure
|move|p1a: Dragonite|Encore||[still]
|-fail|p1a: Dragonite
|
|-damage|p1a: Dragonite|74/100 brn|[from] brn
|upkeep
|turn|7
|
|t:|1743916226
|move|p1a: Dragonite|Dragon Dance|p1a: Dragonite
|-boost|p1a: Dragonite|atk|1
|-boost|p1a: Dragonite|spe|1
|move|p2a: Corviknight|U-turn|p1a: Dragonite
|-resisted|p1a: Dragonite
|-damage|p1a: Dragonite|62/100 brn
|
|t:|1743916230
|switch|p2a: Incineroar|Incineroar, F, shiny|44/100|[from] U-turn
|-ability|p2a: Incineroar|Intimidate|boost
|-unboost|p1a: Dragonite|atk|1
|
|-damage|p1a: Dragonite|56/100 brn|[from] brn
|upkeep
|turn|8
|
|t:|1743916233
|switch|p2a: Corviknight|Corviknight, M, shiny|100/100
|-ability|p2a: Corviknight|Pressure
|move|p1a: Dragonite|Scale Shot|p2a: Corviknight
|-resisted|p2a: Corviknight
|-damage|p2a: Corviknight|97/100
|-resisted|p2a: Corviknight
|-damage|p2a: Corviknight|94/100
|-resisted|p2a: Corviknight
|-damage|p2a: Corviknight|91/100
|-resisted|p2a: Corviknight
|-damage|p2a: Corviknight|88/100
|-hitcount|p2a: Corviknight|4
|-unboost|p1a: Dragonite|def|1
|-boost|p1a: Dragonite|spe|1
|
|-damage|p1a: Dragonite|50/100 brn|[from] brn
|upkeep
|turn|9
|
|t:|1743916238
|move|p1a: Dragonite|Scale Shot|p2a: Corviknight
|-resisted|p2a: Corviknight
|-damage|p2a: Corviknight|85/100
|-resisted|p2a: Corviknight
|-damage|p2a: Corviknight|81/100
|-resisted|p2a: Corviknight
|-damage|p2a: Corviknight|78/100
|-resisted|p2a: Corviknight
|-damage|p2a: Corviknight|75/100
|-resisted|p2a: Corviknight
|-damage|p2a: Corviknight|72/100
|-hitcount|p2a: Corviknight|5
|-unboost|p1a: Dragonite|def|1
|-boost|p1a: Dragonite|spe|1
|move|p2a: Corviknight|U-turn|p1a: Dragonite
|-resisted|p1a: Dragonite
|-damage|p1a: Dragonite|29/100 brn
|
|t:|1743916240
|switch|p2a: Incineroar|Incineroar, F, shiny|44/100|[from] U-turn
|-ability|p2a: Incineroar|Intimidate|boost
|-unboost|p1a: Dragonite|atk|1
|
|-damage|p1a: Dragonite|23/100 brn|[from] brn
|upkeep
|turn|10
|
|t:|1743916245
|switch|p2a: Corviknight|Corviknight, M, shiny|72/100
|-ability|p2a: Corviknight|Pressure
|move|p1a: Dragonite|Scale Shot|p2a: Corviknight
|-resisted|p2a: Corviknight
|-damage|p2a: Corviknight|69/100
|-resisted|p2a: Corviknight
|-damage|p2a: Corviknight|67/100
|-resisted|p2a: Corviknight
|-damage|p2a: Corviknight|65/100
|-resisted|p2a: Corviknight
|-damage|p2a: Corviknight|63/100
|-resisted|p2a: Corviknight
|-damage|p2a: Corviknight|61/100
|-hitcount|p2a: Corviknight|5
|-unboost|p1a: Dragonite|def|1
|
|-damage|p1a: Dragonite|17/100 brn|[from] brn
|upkeep
|turn|11
|
|t:|1743916251
|move|p1a: Dragonite|Dragon Dance|p1a: Dragonite
|-boost|p1a: Dragonite|atk|1
|-boost|p1a: Dragonite|spe|0
|move|p2a: Corviknight|U-turn|p1a: Dragonite
|-resisted|p1a: Dragonite
|-damage|p1a: Dragonite|0 fnt
|faint|p1a: Dragonite
|
|t:|1743916262
|switch|p2a: Pelipper|Pelipper, F|100/100|[from] U-turn
|-weather|RainDance|[from] ability: Drizzle|[of] p2a: Pelipper
|
|-weather|RainDance|[upkeep]
|upkeep
|
|t:|1743916276
|switch|p1a: Greninja|Greninja, M|100/100
|turn|12
|
|t:|1743916280
|move|p1a: Greninja|Dark Pulse|p2a: Pelipper
|-damage|p2a: Pelipper|40/100
|-damage|p1a: Greninja|91/100|[from] item: Life Orb
|cant|p2a: Pelipper|flinch
|
|-weather|RainDance|[upkeep]
|upkeep
|turn|13
|
|t:|1743916286
|switch|p2a: Clodsire|Clodsire, F|100/100
|move|p1a: Greninja|Dark Pulse|p2a: Clodsire
|-damage|p2a: Clodsire|78/100
|-damage|p1a: Greninja|81/100|[from] item: Life Orb
|
|-weather|RainDance|[upkeep]
|-heal|p2a: Clodsire|84/100|[from] item: Leftovers
|upkeep
|turn|14
|
|t:|1743916290
|move|p1a: Greninja|Ice Beam|p2a: Clodsire
|-supereffective|p2a: Clodsire
|-damage|p2a: Clodsire|49/100
|-damage|p1a: Greninja|71/100|[from] item: Life Orb
|move|p2a: Clodsire|Toxic|p1a: Greninja
|-status|p1a: Greninja|tox
|
|-weather|RainDance|[upkeep]
|-heal|p2a: Clodsire|56/100|[from] item: Leftovers
|-damage|p1a: Greninja|65/100 tox|[from] psn
|upkeep
|turn|15
|
|t:|1743916295
|switch|p1a: Dragapult|Dragapult, F|100/100
|move|p2a: Clodsire|Recover|p2a: Clodsire
|-heal|p2a: Clodsire|100/100
|
|-weather|RainDance|[upkeep]
|upkeep
|turn|16
|
|t:|1743916301
|move|p1a: Dragapult|Will-O-Wisp|p2a: Clodsire
|-status|p2a: Clodsire|brn
|move|p2a: Clodsire|Toxic|p1a: Dragapult
|-status|p1a: Dragapult|tox
|
|-weather|RainDance|[upkeep]
|-damage|p1a: Dragapult|95/100 tox|[from] psn
|-damage|p2a: Clodsire|94/100 brn|[from] brn
|upkeep
|turn|17
|
|t:|1743916305
|move|p1a: Dragapult|Hex|p2a: Clodsire
|-crit|p2a: Clodsire
|-damage|p2a: Clodsire|50/100 brn
|move|p2a: Clodsire|Stealth Rock|p1a: Dragapult
|-sidestart|p1: kocotai|move: Stealth Rock
|
|-weather|RainDance|[upkeep]
|-heal|p2a: Clodsire|57/100 brn|[from] item: Leftovers
|-damage|p1a: Dragapult|83/100 tox|[from] psn
|-damage|p2a: Clodsire|50/100 brn|[from] brn
|upkeep
|turn|18
|
|t:|1743916315
|switch|p1a: Iron Treads|Iron Treads|56/100
|-damage|p1a: Iron Treads|53/100|[from] Stealth Rock
|switch|p2a: Incineroar|Incineroar, F, shiny|44/100
|-ability|p2a: Incineroar|Intimidate|boost
|-unboost|p1a: Iron Treads|atk|1
|
|-weather|none
|upkeep
|turn|19
|
|t:|1743916320
|move|p1a: Iron Treads|Rapid Spin|p2a: Incineroar
|-damage|p2a: Incineroar|36/100
|-boost|p1a: Iron Treads|spe|1
|-sideend|p1: kocotai|Stealth Rock|[from] move: Rapid Spin|[of] p1a: Iron Treads
|move|p2a: Incineroar|Drain Punch|p1a: Iron Treads
|-supereffective|p1a: Iron Treads
|-damage|p1a: Iron Treads|20/100
|-heal|p2a: Incineroar|49/100|[from] drain|[of] p1a: Iron Treads
|
|upkeep
|turn|20
|
|t:|1743916327
|move|p1a: Iron Treads|Earthquake|p2a: Incineroar
|-supereffective|p2a: Incineroar
|-damage|p2a: Incineroar|4/100
|move|p2a: Incineroar|Drain Punch|p1a: Iron Treads
|-supereffective|p1a: Iron Treads
|-damage|p1a: Iron Treads|0 fnt
|-heal|p2a: Incineroar|12/100|[from] drain|[of] p1a: Iron Treads
|faint|p1a: Iron Treads
|-end|p1a: Iron Treads|Quark Drive|[silent]
|
|upkeep
|
|t:|1743916330
|switch|p1a: Serperior|Serperior, F|100/100
|turn|21
|
|t:|1743916340
|switch|p2a: Corviknight|Corviknight, M, shiny|61/100
|-ability|p2a: Corviknight|Pressure
|move|p1a: Serperior|Leaf Storm|p2a: Corviknight
|-resisted|p2a: Corviknight
|-damage|p2a: Corviknight|50/100
|-boost|p1a: Serperior|spa|2
|
|upkeep
|turn|22
|
|t:|1743916350
|-terastallize|p1a: Serperior|Ground
|move|p1a: Serperior|Leaf Storm|p2a: Corviknight
|-resisted|p2a: Corviknight
|-damage|p2a: Corviknight|29/100
|-boost|p1a: Serperior|spa|2
|move|p2a: Corviknight|U-turn|p1a: Serperior
|-damage|p1a: Serperior|84/100
|
|t:|1743916354
|switch|p2a: Pelipper|Pelipper, F|40/100|[from] U-turn
|-weather|RainDance|[from] ability: Drizzle|[of] p2a: Pelipper
|
|-weather|RainDance|[upkeep]
|upkeep
|turn|23
|
|t:|1743916357
|switch|p2a: Incineroar|Incineroar, F, shiny|12/100
|-ability|p2a: Incineroar|Intimidate|boost
|-boost|p1a: Serperior|atk|1
|move|p1a: Serperior|Leaf Storm|p2a: Incineroar
|-resisted|p2a: Incineroar
|-damage|p2a: Incineroar|0 fnt
|-boost|p1a: Serperior|spa|2
|faint|p2a: Incineroar
|
|-weather|RainDance|[upkeep]
|upkeep
|
|t:|1743916359
|switch|p2a: Basculegion|Basculegion, M|100/100
|turn|24
|
|t:|1743916365
|move|p1a: Serperior|Endure|p1a: Serperior
|-singleturn|p1a: Serperior|move: Endure
|move|p2a: Basculegion|Flip Turn|p1a: Serperior
|-supereffective|p1a: Serperior
|-activate|p1a: Serperior|move: Endure
|-damage|p1a: Serperior|1/100
|
|t:|1743916370
|switch|p2a: Corviknight|Corviknight, M, shiny|29/100|[from] Flip Turn
|-ability|p2a: Corviknight|Pressure
|
|-weather|RainDance|[upkeep]
|upkeep
|turn|25
|-enditem|p1a: Serperior|Custap Berry|[eat]
|-activate|p1a: Serperior|item: Custap Berry|[consumed]
|
|t:|1743916373
|move|p1a: Serperior|Leaf Storm|p2a: Corviknight|[miss]
|-miss|p1a: Serperior|p2a: Corviknight
|move|p2a: Corviknight|U-turn|p1a: Serperior
|-damage|p1a: Serperior|0 fnt
|faint|p1a: Serperior
|
|t:|1743916377
|switch|p2a: Basculegion|Basculegion, M|100/100|[from] U-turn
|
|-weather|RainDance|[upkeep]
|upkeep
|
|t:|1743916380
|switch|p1a: Greninja|Greninja, M|65/100 tox
|turn|26
|
|t:|1743916386
|-terastallize|p2a: Basculegion|Water
|move|p2a: Basculegion|Wave Crash|p1a: Greninja
|-resisted|p1a: Greninja
|-damage|p1a: Greninja|0 fnt
|faint|p1a: Greninja
|-damage|p2a: Basculegion|84/100|[from] Recoil
|
|-weather|RainDance|[upkeep]
|upkeep
|
|t:|1743916391
|switch|p1a: Dragapult|Dragapult, F|83/100 tox
|turn|27
|
|t:|1743916394
|move|p2a: Basculegion|Wave Crash|p1a: Dragapult
|-resisted|p1a: Dragapult
|-damage|p1a: Dragapult|0 fnt
|faint|p1a: Dragapult
|-damage|p2a: Basculegion|62/100|[from] Recoil
|
|-weather|RainDance|[upkeep]
|upkeep
|
|t:|1743916397
|switch|p1a: Iron Moth|Iron Moth|100/100
|-enditem|p1a: Iron Moth|Booster Energy
|-activate|p1a: Iron Moth|ability: Quark Drive|[fromitem]
|-start|p1a: Iron Moth|quarkdrivespe
|turn|28
|
|t:|1743916403
|switch|p2a: Clodsire|Clodsire, F|50/100 brn
|move|p1a: Iron Moth|Energy Ball|p2a: Clodsire
|-damage|p2a: Clodsire|34/100 brn
|
|-weather|RainDance|[upkeep]
|-heal|p2a: Clodsire|41/100 brn|[from] item: Leftovers
|-damage|p2a: Clodsire|34/100 brn|[from] brn
|upkeep
|turn|29
|
|t:|1743916409
|move|p1a: Iron Moth|Fiery Dance|p2a: Clodsire
|-crit|p2a: Clodsire
|-damage|p2a: Clodsire|17/100 brn
|move|p2a: Clodsire|Recover|p2a: Clodsire
|-heal|p2a: Clodsire|67/100 brn
|
|-weather|none
|-heal|p2a: Clodsire|74/100 brn|[from] item: Leftovers
|-damage|p2a: Clodsire|67/100 brn|[from] brn
|upkeep
|turn|30
|
|t:|1743916411
|move|p1a: Iron Moth|Fiery Dance|p2a: Clodsire
|-crit|p2a: Clodsire
|-damage|p2a: Clodsire|35/100 brn
|-boost|p1a: Iron Moth|spa|1
|move|p2a: Clodsire|Earthquake|p1a: Iron Moth
|-supereffective|p1a: Iron Moth
|-damage|p1a: Iron Moth|11/100
|
|-heal|p2a: Clodsire|41/100 brn|[from] item: Leftovers
|-damage|p2a: Clodsire|35/100 brn|[from] brn
|upkeep
|turn|31
|
|t:|1743916415
|move|p1a: Iron Moth|Fiery Dance|p2a: Clodsire
|-damage|p2a: Clodsire|5/100 brn
|move|p2a: Clodsire|Earthquake|p1a: Iron Moth
|-supereffective|p1a: Iron Moth
|-damage|p1a: Iron Moth|0 fnt
|faint|p1a: Iron Moth
|-end|p1a: Iron Moth|Quark Drive|[silent]
|
|win|showbegin
|raw|kocotai's rating: 1493 &rarr; <strong>1476</strong><br />(-17 for losing)
|raw|showbegin's rating: 1544 &rarr; <strong>1561</strong><br />(+17 for winning)
|l|☆kocotai
|player|p1|
|l|☆showbegin
|player|p2|
