|j|☆papayarikky
|j|☆El_Chourico
|t:|1743916254
|gametype|singles
|player|p1|papayarikky|burglar|1208
|player|p2|El_Chourico|hilbert|1234
|teamsize|p1|6
|teamsize|p2|6
|gen|9
|tier|[Gen 9] OU
|rated|
|rule|HP Percentage Mod: HP is shown in percentages
|rule|Endless Battle Clause: Forcing endless battles is banned
|rule|Species Clause: Limit one of each Pokémon
|rule|OHKO Clause: OHKO moves are banned
|rule|Evasion Items Clause: Evasion items are banned
|rule|Evasion Moves Clause: Evasion moves are banned
|rule|Sleep Moves Clause: Sleep-inducing moves are banned
|clearpoke
|poke|p1|Polteageist|
|poke|p1|Electrode-Hisui|
|poke|p1|Incineroar, M|
|poke|p1|Krookodile, F|
|poke|p1|Hitmontop, M|
|poke|p1|Slowbro, M|
|poke|p2|Great Tusk|
|poke|p2|Serperior, M|
|poke|p2|Skeledirge, M|
|poke|p2|Raging Bolt|
|poke|p2|Kingambit, M|
|poke|p2|Skarmory, M|
|teampreview
|inactive|Battle timer is ON: inactive players will automatically lose when time's up. (requested by El_Chourico)
|inactive|papayarikky has 120 seconds left.
|inactive|El_Chourico has 120 seconds left.
|
|t:|1743916295
|start
|switch|p1a: dwb|Incineroar, M, shiny|100/100
|switch|p2a: Kaiba|Skarmory, M|100/100
|-ability|p1a: dwb|Intimidate|boost
|-unboost|p2a: Kaiba|atk|1
|turn|1
|
|t:|1743916312
|switch|p2a: Pumba|Great Tusk|100/100
|move|p1a: dwb|Knock Off|p2a: Pumba
|-resisted|p2a: Pumba
|-damage|p2a: Pumba|86/100
|-enditem|p2a: Pumba|Heavy-Duty Boots|[from] move: Knock Off|[of] p1a: dwb
|
|upkeep
|turn|2
|
|t:|1743916325
|switch|p1a: dope|Slowbro, M, shiny|100/100
|move|p2a: Pumba|Earthquake|p1a: dope
|-damage|p1a: dope|59/100
|
|-heal|p1a: dope|65/100|[from] item: Leftovers
|upkeep
|turn|3
|inactive|papayarikky has 120 seconds left.
|
|t:|1743916358
|-end|p2a: Pumba|Protosynthesis|[silent]
|switch|p2a: Kaiba|Skarmory, M|100/100
|move|p1a: dope|Future Sight|p2a: Kaiba
|-start|p1a: dope|move: Future Sight
|
|-heal|p1a: dope|71/100|[from] item: Leftovers
|upkeep
|turn|4
|
|t:|1743916367
|move|p2a: Kaiba|Spikes|p1a: dope
|-sidestart|p1: papayarikky|Spikes
|move|p1a: dope|Thunder Wave|p2a: Kaiba
|-status|p2a: Kaiba|par
|
|-heal|p1a: dope|77/100|[from] item: Leftovers
|upkeep
|turn|5
|inactive|papayarikky has 120 seconds left.
|
|t:|1743916386
|move|p1a: dope|Calm Mind|p1a: dope
|-boost|p1a: dope|spa|1
|-boost|p1a: dope|spd|1
|move|p2a: Kaiba|Spikes|p1a: dope
|-sidestart|p1: papayarikky|Spikes
|
|-end|p2a: Kaiba|move: Future Sight
|-resisted|p2a: Kaiba
|-damage|p2a: Kaiba|54/100 par
|-heal|p1a: dope|83/100|[from] item: Leftovers
|upkeep
|turn|6
|
|t:|1743916396
|move|p1a: dope|Calm Mind|p1a: dope
|-boost|p1a: dope|spa|1
|-boost|p1a: dope|spd|1
|cant|p2a: Kaiba|par
|
|-heal|p1a: dope|89/100|[from] item: Leftovers
|upkeep
|turn|7
|inactive|papayarikky has 120 seconds left.
|
|t:|1743916425
|move|p1a: dope|Calm Mind|p1a: dope
|-boost|p1a: dope|spa|1
|-boost|p1a: dope|spd|1
|move|p2a: Kaiba|Whirlwind|p1a: dope
|drag|p1a: ocho loko|Electrode-Hisui, shiny|100/100
|-damage|p1a: ocho loko|84/100|[from] Spikes
|
|upkeep
|turn|8
|inactive|papayarikky has 120 seconds left.
|
|t:|1743916437
|switch|p2a: Banana Clip|Raging Bolt|100/100
|move|p1a: ocho loko|Leech Seed|p2a: Banana Clip
|-start|p2a: Banana Clip|move: Leech Seed
|
|-damage|p2a: Banana Clip|88/100|[from] Leech Seed|[of] p1a: ocho loko
|-heal|p1a: ocho loko|100/100|[silent]
|upkeep
|turn|9
|inactive|papayarikky has 120 seconds left.
|
|t:|1743916455
|move|p1a: ocho loko|Volt Switch|p2a: Banana Clip
|-resisted|p2a: Banana Clip
|-damage|p2a: Banana Clip|83/100
|
|t:|1743916460
|switch|p1a: wiley|Krookodile, F, shiny|100/100|[from] Volt Switch
|-damage|p1a: wiley|84/100|[from] Spikes
|-ability|p1a: wiley|Intimidate|boost
|-unboost|p2a: Banana Clip|atk|1
|move|p2a: Banana Clip|Dragon Pulse|p1a: wiley
|-damage|p1a: wiley|54/100
|
|-heal|p2a: Banana Clip|89/100|[from] item: Leftovers
|-damage|p2a: Banana Clip|77/100|[from] Leech Seed|[of] p1a: wiley
|-heal|p1a: wiley|69/100|[silent]
|upkeep
|turn|10
|
|t:|1743916473
|-end|p2a: Banana Clip|Protosynthesis|[silent]
|switch|p2a: Kaiba|Skarmory, M|54/100 par
|move|p1a: wiley|Knock Off|p2a: Kaiba
|-damage|p2a: Kaiba|28/100 par
|-damage|p1a: wiley|52/100|[from] item: Rocky Helmet|[of] p2a: Kaiba
|-enditem|p2a: Kaiba|Rocky Helmet|[from] move: Knock Off|[of] p1a: wiley
|
|upkeep
|turn|11
|inactive|papayarikky has 120 seconds left.
|
|t:|1743916504
|move|p1a: wiley|Knock Off|p2a: Kaiba
|-damage|p2a: Kaiba|12/100 par
|move|p2a: Kaiba|Roost|p2a: Kaiba
|-heal|p2a: Kaiba|62/100 par
|-singleturn|p2a: Kaiba|move: Roost
|
|upkeep
|turn|12
|
|t:|1743916511
|switch|p1a: blaka|Hitmontop, M, shiny|100/100
|move|p2a: Kaiba|Spikes|p1a: blaka
|-sidestart|p1: papayarikky|Spikes
|
|upkeep
|turn|13
|
|t:|1743916517
|switch|p2a: Akinari|Skeledirge, M|100/100
|move|p1a: blaka|Bulldoze|p2a: Akinari
|-supereffective|p2a: Akinari
|-damage|p2a: Akinari|63/100
|-unboost|p2a: Akinari|spe|1
|
|upkeep
|turn|14
|inactive|papayarikky has 120 seconds left.
|
|t:|1743916548
|move|p1a: blaka|Bulldoze|p2a: Akinari
|-supereffective|p2a: Akinari
|-damage|p2a: Akinari|26/100
|-unboost|p2a: Akinari|spe|1
|move|p2a: Akinari|Slack Off|p2a: Akinari
|-heal|p2a: Akinari|76/100
|
|upkeep
|turn|15
|
|t:|1743916556
|move|p1a: blaka|Bulldoze|p2a: Akinari
|-supereffective|p2a: Akinari
|-damage|p2a: Akinari|35/100
|-unboost|p2a: Akinari|spe|1
|move|p2a: Akinari|Alluring Voice|p1a: blaka
|-supereffective|p1a: blaka
|-damage|p1a: blaka|56/100
|
|upkeep
|turn|16
|
|t:|1743916562
|-terastallize|p2a: Akinari|Fairy
|move|p1a: blaka|Bulldoze|p2a: Akinari
|-damage|p2a: Akinari|17/100
|-unboost|p2a: Akinari|spe|1
|move|p2a: Akinari|Alluring Voice|p1a: blaka
|-supereffective|p1a: blaka
|-damage|p1a: blaka|0 fnt
|faint|p1a: blaka
|
|upkeep
|inactive|papayarikky has 120 seconds left.
|
|t:|1743916577
|switch|p1a: ocho loko|Electrode-Hisui, shiny|100/100
|-damage|p1a: ocho loko|76/100|[from] Spikes
|turn|17
|
|t:|1743916583
|move|p1a: ocho loko|Giga Drain|p2a: Akinari
|-damage|p2a: Akinari|0 fnt
|-heal|p1a: ocho loko|89/100|[from] drain|[of] p2a: Akinari
|faint|p2a: Akinari
|
|upkeep
|
|t:|1743916603
|switch|p2a: Kaiba|Skarmory, M|62/100 par
|turn|18
|
|t:|1743916614
|switch|p2a: Orochimaru|Serperior, M|100/100
|move|p1a: ocho loko|Volt Switch|p2a: Orochimaru
|-resisted|p2a: Orochimaru
|-damage|p2a: Orochimaru|83/100
|inactive|papayarikky has 120 seconds left.
|
|t:|1743916627
|switch|p1a: dwb|Incineroar, M, shiny|100/100|[from] Volt Switch
|-damage|p1a: dwb|76/100|[from] Spikes
|-ability|p1a: dwb|Intimidate|boost
|-boost|p2a: Orochimaru|atk|1
|
|-heal|p2a: Orochimaru|90/100|[from] item: Leftovers
|upkeep
|turn|19
|
|t:|1743916638
|switch|p2a: Pumba|Great Tusk|86/100
|move|p1a: dwb|Fake Out|p2a: Pumba
|-damage|p2a: Pumba|79/100
|
|upkeep
|turn|20
|inactive|papayarikky has 120 seconds left.
|
|t:|1743916658
|move|p2a: Pumba|Earthquake|p1a: dwb
|-supereffective|p1a: dwb
|-damage|p1a: dwb|0 fnt
|faint|p1a: dwb
|
|upkeep
|inactive|papayarikky has 120 seconds left.
|
|t:|1743916669
|switch|p1a: ocho loko|Electrode-Hisui, shiny|89/100
|-damage|p1a: ocho loko|64/100|[from] Spikes
|turn|21
|inactive|papayarikky has 120 seconds left.
|
|t:|1743916681
|-end|p2a: Pumba|Protosynthesis|[silent]
|switch|p2a: Kaiba|Skarmory, M|62/100 par
|move|p1a: ocho loko|Leech Seed|p2a: Kaiba
|-start|p2a: Kaiba|move: Leech Seed
|
|-damage|p2a: Kaiba|49/100 par|[from] Leech Seed|[of] p1a: ocho loko
|-heal|p1a: ocho loko|80/100|[silent]
|upkeep
|turn|22
|
|t:|1743916689
|move|p1a: ocho loko|Giga Drain|p2a: Kaiba
|-resisted|p2a: Kaiba
|-damage|p2a: Kaiba|39/100 par
|-heal|p1a: ocho loko|86/100|[from] drain|[of] p2a: Kaiba
|move|p2a: Kaiba|Whirlwind|p1a: ocho loko
|drag|p1a: wiley|Krookodile, F, shiny|52/100
|-damage|p1a: wiley|27/100|[from] Spikes
|-ability|p1a: wiley|Intimidate|boost
|-unboost|p2a: Kaiba|atk|1
|
|-damage|p2a: Kaiba|27/100 par|[from] Leech Seed|[of] p1a: wiley
|-heal|p1a: wiley|39/100|[silent]
|upkeep
|turn|23
|
|t:|1743916698
|move|p1a: wiley|Knock Off|p2a: Kaiba
|-damage|p2a: Kaiba|12/100 par
|cant|p2a: Kaiba|par
|
|-damage|p2a: Kaiba|0 fnt|[from] Leech Seed|[of] p1a: wiley
|-heal|p1a: wiley|49/100|[silent]
|faint|p2a: Kaiba
|upkeep
|
|t:|1743916713
|switch|p2a: Orochimaru|Serperior, M|90/100
|turn|24
|
|t:|1743916729
|switch|p1a: ocho loko|Electrode-Hisui, shiny|86/100
|-damage|p1a: ocho loko|61/100|[from] Spikes
|move|p2a: Orochimaru|Leaf Storm|p1a: ocho loko
|-resisted|p1a: ocho loko
|-damage|p1a: ocho loko|21/100
|-boost|p2a: Orochimaru|spa|2
|
|-heal|p2a: Orochimaru|96/100|[from] item: Leftovers
|upkeep
|turn|25
|
|t:|1743916740
|move|p1a: ocho loko|Thunder Wave|p2a: Orochimaru
|-status|p2a: Orochimaru|par
|move|p2a: Orochimaru|Leaf Storm|p1a: ocho loko
|-resisted|p1a: ocho loko
|-damage|p1a: ocho loko|0 fnt
|-boost|p2a: Orochimaru|spa|2
|faint|p1a: ocho loko
|
|-heal|p2a: Orochimaru|100/100 par|[from] item: Leftovers
|upkeep
|inactive|papayarikky has 120 seconds left.
|
|t:|1743916766
|switch|p1a: entitea|Polteageist, shiny|100/100
|-damage|p1a: entitea|76/100|[from] Spikes
|turn|26
|
|t:|1743916776
|move|p1a: entitea|Shell Smash|p1a: entitea
|-unboost|p1a: entitea|def|1
|-unboost|p1a: entitea|spd|1
|-boost|p1a: entitea|atk|2
|-boost|p1a: entitea|spa|2
|-boost|p1a: entitea|spe|2
|move|p2a: Orochimaru|Leaf Storm|p1a: entitea
|-damage|p1a: entitea|0 fnt
|-boost|p2a: Orochimaru|spa|2
|faint|p1a: entitea
|
|upkeep
|
|t:|1743916789
|switch|p1a: wiley|Krookodile, F, shiny|49/100
|-damage|p1a: wiley|24/100|[from] Spikes
|-ability|p1a: wiley|Intimidate|boost
|-boost|p2a: Orochimaru|atk|1
|turn|27
|
|t:|1743916794
|move|p1a: wiley|Gunk Shot|p2a: Orochimaru|[miss]
|-miss|p1a: wiley|p2a: Orochimaru
|move|p2a: Orochimaru|Leaf Storm|p1a: wiley
|-supereffective|p1a: wiley
|-damage|p1a: wiley|0 fnt
|faint|p1a: wiley
|
|upkeep
|l|☆papayarikky
|inactive|papayarikky disconnected and has a minute to reconnect!
|player|p1|
|inactive|papayarikky has 30 seconds to reconnect!
|inactive|papayarikky has 20 seconds to reconnect!
|inactive|papayarikky has 15 seconds to reconnect!
|inactive|papayarikky has 10 seconds to reconnect!
|inactive|papayarikky has 5 seconds to reconnect!
|-message|papayarikky lost due to inactivity.
|
|win|El_Chourico
|raw|papayarikky's rating: 1208 &rarr; <strong>1185</strong><br />(-23 for losing)
|raw|El_Chourico's rating: 1234 &rarr; <strong>1257</strong><br />(+23 for winning)
|l|☆El_Chourico
|player|p2|
