|j|☆Inthefun08
|j|☆impsilver
|inactive|Battle timer is ON: inactive players will automatically lose when time's up.
|t:|1743863462
|gametype|singles
|j|*Lady Monita ❄
|player|p1|Inthefun08|101|
|player|p2|impsilver|1|
|teamsize|p1|6
|teamsize|p2|6
|gen|9
|tier|[Gen 9] OU
|rated|Tournament battle
|rule|HP Percentage Mod: HP is shown in percentages
|rule|Endless Battle Clause: Forcing endless battles is banned
|rule|Species Clause: Limit one of each Pokémon
|rule|OHKO Clause: OHKO moves are banned
|rule|Evasion Items Clause: Evasion items are banned
|rule|Evasion Moves Clause: Evasion moves are banned
|rule|Sleep Moves Clause: Sleep-inducing moves are banned
|clearpoke
|poke|p1|Furret, F|
|poke|p1|Electivire, F|
|poke|p1|Houndoom, M|
|poke|p1|Perrserker, F|
|poke|p1|Chandelure, F|
|poke|p1|Mamoswine, M|
|poke|p2|Furret, M|
|poke|p2|Electivire, F|
|poke|p2|Houndoom, M|
|poke|p2|Perrserker, F|
|poke|p2|Chandelure, F|
|poke|p2|Mamoswine, F|
|teampreview
|
|t:|1743863481
|start
|switch|p1a: Electivire|Electivire, F|100/100
|switch|p2a: Perrserker|Perrserker, F|100/100
|turn|1
|
|t:|1743863492
|move|p1a: Electivire|Fire Punch|p2a: Perrserker
|-supereffective|p2a: Perrserker
|-damage|p2a: Perrserker|27/100
|move|p2a: Perrserker|Trailblaze|p1a: Electivire
|-damage|p1a: Electivire|65/100
|-boost|p2a: Perrserker|spe|1
|
|upkeep
|turn|2
|
|t:|1743863511
|move|p2a: Perrserker|Close Combat|p1a: Electivire
|-damage|p1a: Electivire|0 fnt
|-unboost|p2a: Perrserker|def|1
|-unboost|p2a: Perrserker|spd|1
|faint|p1a: Electivire
|
|upkeep
|
|t:|1743863524
|switch|p1a: Furret|Furret, F|100/100
|-item|p2a: Perrserker|Focus Sash|[from] ability: Frisk|[of] p1a: Furret
|turn|3
|
|t:|1743863529
|switch|p1a: Chandelure|Chandelure, F|100/100
|move|p2a: Perrserker|Knock Off|p1a: Chandelure
|-supereffective|p1a: Chandelure
|-damage|p1a: Chandelure|0 fnt
|-enditem|p1a: Chandelure|Expert Belt|[from] move: Knock Off|[of] p2a: Perrserker
|faint|p1a: Chandelure
|
|upkeep
|
|t:|1743863534
|switch|p1a: Houndoom|Houndoom, M|100/100
|turn|4
|
|t:|1743863536
|move|p2a: Perrserker|Close Combat|p1a: Houndoom
|-supereffective|p1a: Houndoom
|-enditem|p1a: Houndoom|Focus Sash
|-damage|p1a: Houndoom|1/100
|-unboost|p2a: Perrserker|def|1
|-unboost|p2a: Perrserker|spd|1
|move|p1a: Houndoom|Counter|p2a: Perrserker
|-damage|p2a: Perrserker|0 fnt
|faint|p2a: Perrserker
|
|upkeep
|c|☆impsilver|nice thats awesome
|c|☆Inthefun08|Thank you
|
|t:|1743863558
|switch|p2a: Mamoswine|Mamoswine, F|100/100
|turn|5
|
|t:|1743863562
|move|p1a: Houndoom|Flamethrower|p2a: Mamoswine
|-supereffective|p2a: Mamoswine
|-damage|p2a: Mamoswine|45/100
|move|p2a: Mamoswine|Trailblaze|p1a: Houndoom
|-resisted|p1a: Houndoom
|-damage|p1a: Houndoom|0 fnt
|-boost|p2a: Mamoswine|spe|1
|faint|p1a: Houndoom
|
|upkeep
|c|☆Inthefun08|Not again
|
|t:|1743863571
|switch|p1a: Mamoswine|Mamoswine, M|100/100
|turn|6
|c|☆impsilver|call me the trailblazer
|
|t:|1743863579
|move|p2a: Mamoswine|Earthquake|p1a: Mamoswine
|-crit|p1a: Mamoswine
|-damage|p1a: Mamoswine|25/100
|move|p1a: Mamoswine|Iron Head|p2a: Mamoswine
|-supereffective|p2a: Mamoswine
|-damage|p2a: Mamoswine|0 fnt
|faint|p2a: Mamoswine
|
|upkeep
|
|t:|1743863593
|switch|p2a: Chandelure|Chandelure, F|100/100
|turn|7
|
|t:|1743863596
|move|p2a: Chandelure|Flamethrower|p1a: Mamoswine
|-supereffective|p1a: Mamoswine
|-damage|p1a: Mamoswine|0 fnt
|faint|p1a: Mamoswine
|
|upkeep
|
|t:|1743863597
|switch|p1a: Furret|Furret, F|100/100
|-item|p2a: Chandelure|Choice Scarf|[from] ability: Frisk|[of] p1a: Furret
|turn|8
|
|t:|1743863600
|move|p2a: Chandelure|Flamethrower|p1a: Furret
|-damage|p1a: Furret|8/100
|move|p1a: Furret|Knock Off|p2a: Chandelure
|-supereffective|p2a: Chandelure
|-damage|p2a: Chandelure|32/100
|-enditem|p2a: Chandelure|Choice Scarf|[from] move: Knock Off|[of] p1a: Furret
|
|upkeep
|turn|9
|c|☆impsilver|ok rude
|
|t:|1743863607
|move|p1a: Furret|Knock Off|p2a: Chandelure
|-supereffective|p2a: Chandelure
|-damage|p2a: Chandelure|0 fnt
|faint|p2a: Chandelure
|
|upkeep
|c|☆impsilver|ahha
|
|t:|1743863619
|switch|p2a: Electivire|Electivire, F|100/100
|turn|10
|
|t:|1743863623
|move|p2a: Electivire|Earthquake|p1a: Furret
|-damage|p1a: Furret|0 fnt
|faint|p1a: Furret
|
|upkeep
|
|t:|1743863628
|switch|p1a: Perrserker|Perrserker, F|100/100
|turn|11
|
|t:|1743863634
|-terastallize|p1a: Perrserker|Steel
|move|p2a: Electivire|Earthquake|p1a: Perrserker
|-supereffective|p1a: Perrserker
|-damage|p1a: Perrserker|8/100
|move|p1a: Perrserker|Gyro Ball|p2a: Electivire
|-resisted|p2a: Electivire
|-damage|p2a: Electivire|11/100
|
|upkeep
|turn|12
|c|☆Inthefun08|How
|c|☆impsilver|how what?
|c|☆Inthefun08|I am steely spirit
|c|☆Inthefun08|tera steel
|c|☆Inthefun08|metal coat
|c|☆Inthefun08|you should be dead
|c|☆impsilver|!showset 2
|c| impsilver|/raw <div class="infobox">Electivire (F) @ Choice Band  <br />Ability: Motor Drive  <br />Tera Type: Flying  <br />EVs: 252 Atk &#x2f; 4 Def &#x2f; 252 Spe  <br />Jolly Nature  <br />- Earthquake  <br />- Cross Chop  <br />- Light Screen  <br />- Reflect  <br /><br /></div>
|inactive|Inthefun08 has 120 seconds left.
|c|☆impsilver|i have 4 def EVs
|c|☆Inthefun08|Still
|c|☆impsilver|maybe that moves the needle lol
|c|☆Inthefun08|you are max speed
|c|☆impsilver|its true
|c|☆Inthefun08|I am minimum speed
|c|☆impsilver|thats wild
|c|☆impsilver|are you sure you're steely spirit?
|inactive|Inthefun08 has 90 seconds left.
|c|☆Inthefun08|151.2 attack
|c|☆Inthefun08|yes
|c|☆impsilver|wow
|c|☆impsilver|i mean thats pretty good
|inactive|Inthefun08 has 60 seconds left.
|c|☆Inthefun08|I should have digged
|
|t:|1743863730
|move|p2a: Electivire|Earthquake|p1a: Perrserker
|-supereffective|p1a: Perrserker
|-damage|p1a: Perrserker|0 fnt
|faint|p1a: Perrserker
|
|win|impsilver
|n|☆Inthefun08|inthefun08
|n|☆impsilver|impsilver
|n|*Lady Monita ❄|ladymonita
|l|*Lady Monita ❄
|c|☆impsilver|oof
|c|☆impsilver|if only
|c|☆impsilver|well gg
|c|☆Inthefun08|160
|c|☆impsilver|!
|c|☆impsilver|yeah
