|j|☆Thelastdudemanpp
|j|☆Kanto's Finest
|t:|1743783401
|gametype|singles
|player|p1|Thelastdudemanpp|wattson|1233
|player|p2|Kanto's Finest|blue-gen1rbtwo|1180
|teamsize|p1|6
|teamsize|p2|6
|gen|9
|tier|[Gen 9] OU
|rated|
|rule|HP Percentage Mod: HP is shown in percentages
|rule|Endless Battle Clause: Forcing endless battles is banned
|rule|Species Clause: Limit one of each Pokémon
|rule|OHKO Clause: OHKO moves are banned
|rule|Evasion Items Clause: Evasion items are banned
|rule|Evasion Moves Clause: Evasion moves are banned
|rule|Sleep Moves Clause: Sleep-inducing moves are banned
|clearpoke
|poke|p1|Komala, M|
|poke|p1|Great Tusk|
|poke|p1|Scizor, F|
|poke|p1|Comfey, M|
|poke|p1|Salazzle, F|
|poke|p1|Mew|
|poke|p2|Clefable, F|
|poke|p2|Golduck, M|
|poke|p2|Vileplume, M|
|poke|p2|Hitmonlee, M|
|poke|p2|Chansey, F|
|poke|p2|Weezing, F|
|teampreview
|inactive|Battle timer is ON: inactive players will automatically lose when time's up. (requested by Thelastdudemanpp)
|
|t:|1743783423
|start
|switch|p1a: Lizard Economy|Salazzle, F|100/100
|switch|p2a: Weezing|Weezing, F|100/100
|turn|1
|
|t:|1743783432
|move|p1a: Lizard Economy|Will-O-Wisp|p2a: Weezing
|-status|p2a: Weezing|brn
|move|p2a: Weezing|Toxic Spikes|p1a: Lizard Economy
|-sidestart|p1: Thelastdudemanpp|move: Toxic Spikes
|
|-damage|p2a: Weezing|94/100 brn|[from] brn
|upkeep
|turn|2
|
|t:|1743783443
|move|p1a: Lizard Economy|Overheat|p2a: Weezing
|-damage|p2a: Weezing|14/100 brn
|-unboost|p1a: Lizard Economy|spa|2
|-enditem|p1a: Lizard Economy|Eject Pack
|
|t:|1743783448
|switch|p1a: Dave|Komala, M|100/100
|-ability|p1a: Dave|Comatose
|move|p2a: Weezing|Toxic Spikes|p1a: Dave
|-sidestart|p1: Thelastdudemanpp|move: Toxic Spikes
|
|-damage|p2a: Weezing|8/100 brn|[from] brn
|upkeep
|turn|3
|-enditem|p2a: Weezing|Custap Berry|[eat]
|-activate|p2a: Weezing|item: Custap Berry|[consumed]
|
|t:|1743783466
|move|p2a: Weezing|Destiny Bond|p2a: Weezing
|-singlemove|p2a: Weezing|Destiny Bond
|move|p1a: Dave|Substitute|p1a: Dave
|-start|p1a: Dave|Substitute
|-damage|p1a: Dave|76/100
|
|-damage|p2a: Weezing|2/100 brn|[from] brn
|upkeep
|turn|4
|
|t:|1743783476
|switch|p2a: Golduck|Golduck, M, shiny|100/100
|-ability|p2a: Golduck|Cloud Nine
|move|p1a: Dave|Swords Dance|p1a: Dave
|-boost|p1a: Dave|atk|2
|
|upkeep
|turn|5
|
|t:|1743783483
|move|p2a: Golduck|Encore|p1a: Dave
|-start|p1a: Dave|Encore
|move|p1a: Dave|Swords Dance|p1a: Dave
|-boost|p1a: Dave|atk|2
|
|upkeep
|turn|6
|
|t:|1743783499
|move|p2a: Golduck|Disable|p1a: Dave
|-start|p1a: Dave|Disable|Swords Dance
|cant|p1a: Dave|Disable|Swords Dance
|
|upkeep
|turn|7
|
|t:|1743783505
|move|p2a: Golduck|Whirlpool|p1a: Dave
|-activate|p1a: Dave|move: Substitute|[damage]
|-activate|p1a: Dave|move: Struggle
|move|p1a: Dave|Struggle|p2a: Golduck
|-damage|p2a: Golduck|37/100
|-damage|p1a: Dave|50/100|[from] recoil
|
|-end|p1a: Dave|Encore
|upkeep
|turn|8
|inactive|Kanto's Finest has 120 seconds left.
|c|☆Thelastdudemanpp|Big fan
|c|☆Thelastdudemanpp|Your team rocks man
|
|t:|1743783562
|move|p2a: Golduck|Encore||[still]
|-fail|p2a: Golduck
|move|p1a: Dave|Rapid Spin|p2a: Golduck
|-damage|p2a: Golduck|0 fnt
|-boost|p1a: Dave|spe|1
|-sideend|p1: Thelastdudemanpp|Toxic Spikes|[from] move: Rapid Spin|[of] p1a: Dave
|faint|p2a: Golduck
|
|upkeep
|
|t:|1743783567
|switch|p2a: Clefable|Clefable, F|100/100
|turn|9
|
|t:|1743783577
|move|p1a: Dave|Rapid Spin|p2a: Clefable
|-damage|p2a: Clefable|79/100
|-boost|p1a: Dave|spe|1
|move|p2a: Clefable|Cosmic Power|p2a: Clefable
|-boost|p2a: Clefable|def|1
|-boost|p2a: Clefable|spd|1
|
|-end|p1a: Dave|Disable
|upkeep
|turn|10
|inactive|Kanto's Finest has 90 seconds left.
|inactive|Thelastdudemanpp has 120 seconds left.
|
|t:|1743783619
|move|p1a: Dave|Rapid Spin|p2a: Clefable
|-damage|p2a: Clefable|64/100
|-boost|p1a: Dave|spe|1
|move|p2a: Clefable|Cosmic Power|p2a: Clefable
|-boost|p2a: Clefable|def|1
|-boost|p2a: Clefable|spd|1
|
|upkeep
|turn|11
|inactive|Thelastdudemanpp has 120 seconds left.
|
|t:|1743783626
|move|p1a: Dave|Rapid Spin|p2a: Clefable
|-damage|p2a: Clefable|52/100
|-boost|p1a: Dave|spe|1
|move|p2a: Clefable|Cosmic Power|p2a: Clefable
|-boost|p2a: Clefable|def|1
|-boost|p2a: Clefable|spd|1
|
|upkeep
|turn|12
|
|t:|1743783632
|move|p1a: Dave|Swords Dance|p1a: Dave
|-boost|p1a: Dave|atk|2
|move|p2a: Clefable|Moonlight|p2a: Clefable
|-heal|p2a: Clefable|100/100
|
|upkeep
|turn|13
|inactive|Kanto's Finest has 90 seconds left.
|
|t:|1743783639
|move|p1a: Dave|Rapid Spin|p2a: Clefable
|-damage|p2a: Clefable|92/100
|-boost|p1a: Dave|spe|1
|move|p2a: Clefable|Cosmic Power|p2a: Clefable
|-boost|p2a: Clefable|def|1
|-boost|p2a: Clefable|spd|1
|
|upkeep
|turn|14
|inactive|Kanto's Finest has 90 seconds left.
|
|t:|1743783667
|move|p1a: Dave|Rapid Spin|p2a: Clefable
|-damage|p2a: Clefable|85/100
|-boost|p1a: Dave|spe|1
|move|p2a: Clefable|Stored Power|p1a: Dave
|-end|p1a: Dave|Substitute
|
|upkeep
|turn|15
|
|t:|1743783677
|move|p1a: Dave|Sucker Punch||[still]
|-fail|p1a: Dave
|move|p2a: Clefable|Cosmic Power|p2a: Clefable
|-boost|p2a: Clefable|def|1
|-boost|p2a: Clefable|spd|1
|
|upkeep
|turn|16
|
|t:|1743783688
|move|p1a: Dave|Sucker Punch||[still]
|-fail|p1a: Dave
|move|p2a: Clefable|Cosmic Power|p2a: Clefable
|-boost|p2a: Clefable|def|1
|-boost|p2a: Clefable|spd|1
|
|upkeep
|turn|17
|inactive|Kanto's Finest has 90 seconds left.
|
|t:|1743783704
|move|p1a: Dave|Sucker Punch|p2a: Clefable
|-resisted|p2a: Clefable
|-damage|p2a: Clefable|82/100
|move|p2a: Clefable|Stored Power|p1a: Dave
|-damage|p1a: Dave|0 fnt
|faint|p1a: Dave
|
|upkeep
|
|t:|1743783727
|switch|p1a: Lizard Economy|Salazzle, F|100/100
|turn|18
|inactive|Kanto's Finest has 90 seconds left.
|
|t:|1743783737
|move|p1a: Lizard Economy|Toxic|p2a: Clefable
|-status|p2a: Clefable|tox
|move|p2a: Clefable|Stored Power|p1a: Lizard Economy
|-supereffective|p1a: Lizard Economy
|-damage|p1a: Lizard Economy|0 fnt
|faint|p1a: Lizard Economy
|
|-damage|p2a: Clefable|76/100 tox|[from] psn
|upkeep
|
|t:|1743783755
|switch|p1a: Cat man|Mew|100/100
|turn|19
|inactive|Kanto's Finest has 90 seconds left.
|
|t:|1743783772
|move|p1a: Cat man|Trick|p2a: Clefable
|-activate|p1a: Cat man|move: Trick|[of] p2a: Clefable
|-item|p2a: Clefable|Choice Scarf|[from] move: Trick
|-item|p1a: Cat man|Leppa Berry|[from] move: Trick
|move|p2a: Clefable|Stored Power|p1a: Cat man
|-resisted|p1a: Cat man
|-damage|p1a: Cat man|69/100
|
|-damage|p2a: Clefable|64/100 tox|[from] psn
|upkeep
|turn|20
|inactive|Kanto's Finest has 90 seconds left.
|
|t:|1743783791
|move|p1a: Cat man|Triple Axel|p2a: Clefable|[miss]
|-miss|p1a: Cat man|p2a: Clefable
|move|p2a: Clefable|Stored Power|p1a: Cat man
|-resisted|p1a: Cat man
|-damage|p1a: Cat man|38/100
|
|-damage|p2a: Clefable|45/100 tox|[from] psn
|upkeep
|turn|21
|
|t:|1743783803
|switch|p2a: Weezing|Weezing, F|2/100 brn
|move|p1a: Cat man|Triple Axel|p2a: Weezing
|-damage|p2a: Weezing|0 fnt
|faint|p2a: Weezing
|-hitcount|p2: Weezing|1
|
|upkeep
|
|t:|1743783813
|switch|p2a: Hitmonlee|Hitmonlee, M|100/100
|turn|22
|
|t:|1743783824
|switch|p1a: God of Flower|Comfey, M|100/100
|move|p2a: Hitmonlee|Fake Out|p1a: God of Flower
|-enditem|p2a: Hitmonlee|Normal Gem|[from] gem
|-damage|p1a: God of Flower|75/100
|
|-heal|p1a: God of Flower|81/100|[from] item: Leftovers
|upkeep
|turn|23
|inactive|Kanto's Finest has 90 seconds left.
|
|t:|1743783839
|switch|p2a: Vileplume|Vileplume, M|100/100
|move|p1a: God of Flower|Draining Kiss|p2a: Vileplume
|-resisted|p2a: Vileplume
|-damage|p2a: Vileplume|90/100
|-heal|p1a: God of Flower|92/100|[from] drain|[of] p2a: Vileplume
|-damage|p1a: God of Flower|76/100|[from] item: Rocky Helmet|[of] p2a: Vileplume
|
|-heal|p1a: God of Flower|82/100|[from] item: Leftovers
|upkeep
|turn|24
|inactive|Kanto's Finest has 90 seconds left.
|
|t:|1743783851
|switch|p1a: Iron Scissors|Scizor, F|100/100
|move|p2a: Vileplume|Sludge Wave|p1a: Iron Scissors
|-immune|p1a: Iron Scissors
|
|upkeep
|turn|25
|
|t:|1743783866
|move|p1a: Iron Scissors|Knock Off|p2a: Vileplume
|-damage|p2a: Vileplume|64/100
|-damage|p1a: Iron Scissors|84/100|[from] item: Rocky Helmet|[of] p2a: Vileplume
|-enditem|p2a: Vileplume|Rocky Helmet|[from] move: Knock Off|[of] p1a: Iron Scissors
|move|p2a: Vileplume|Strength Sap|p1a: Iron Scissors
|-unboost|p1a: Iron Scissors|atk|1
|-heal|p2a: Vileplume|100/100
|
|upkeep
|turn|26
|
|t:|1743783888
|move|p1a: Iron Scissors|Sunny Day|p1a: Iron Scissors
|-weather|SunnyDay
|move|p2a: Vileplume|Leech Seed|p1a: Iron Scissors
|-start|p1a: Iron Scissors|move: Leech Seed
|
|-weather|SunnyDay|[upkeep]
|-damage|p1a: Iron Scissors|72/100|[from] Leech Seed|[of] p2a: Vileplume
|upkeep
|turn|27
|
|t:|1743783905
|move|p1a: Iron Scissors|U-turn|p2a: Vileplume
|-damage|p2a: Vileplume|80/100
|
|t:|1743783919
|switch|p1a: Cat man|Mew|38/100|[from] U-turn
|move|p2a: Vileplume|Strength Sap|p1a: Cat man
|-unboost|p1a: Cat man|atk|1
|-heal|p2a: Vileplume|100/100
|
|-weather|SunnyDay|[upkeep]
|upkeep
|turn|28
|c|☆Kanto's Finest|Thanks!! Just saw your message
|inactive|Kanto's Finest has 90 seconds left.
|
|t:|1743783940
|switch|p2a: Chansey|Chansey, F|100/100
|-terastallize|p1a: Cat man|Psychic
|move|p1a: Cat man|Psychic|p2a: Chansey
|-damage|p2a: Chansey|88/100
|
|-weather|SunnyDay|[upkeep]
|upkeep
|turn|29
|
|t:|1743783948
|switch|p1a: God of Flower|Comfey, M|82/100
|move|p2a: Chansey|Stealth Rock|p1a: God of Flower
|-sidestart|p1: Thelastdudemanpp|move: Stealth Rock
|
|-weather|SunnyDay|[upkeep]
|-heal|p1a: God of Flower|88/100|[from] item: Leftovers
|upkeep
|turn|30
|
|t:|1743783954
|move|p1a: God of Flower|Growth|p1a: God of Flower
|-boost|p1a: God of Flower|atk|2
|-boost|p1a: God of Flower|spa|2
|move|p2a: Chansey|Healing Wish|p2a: Chansey
|faint|p2a: Chansey
|
|-weather|none
|-heal|p1a: God of Flower|94/100|[from] item: Leftovers
|upkeep
|
|t:|1743783956
|switch|p2a: Clefable|Clefable, F|45/100 tox
|-heal|p2a: Clefable|100/100|[from] move: Healing Wish
|turn|31
|
|t:|1743783961
|move|p1a: God of Flower|Calm Mind|p1a: God of Flower
|-boost|p1a: God of Flower|spa|1
|-boost|p1a: God of Flower|spd|1
|move|p2a: Clefable|Cosmic Power|p2a: Clefable
|-boost|p2a: Clefable|def|1
|-boost|p2a: Clefable|spd|1
|
|-heal|p1a: God of Flower|100/100|[from] item: Leftovers
|upkeep
|turn|32
|inactive|Kanto's Finest has 120 seconds left.
|
|t:|1743783976
|switch|p2a: Vileplume|Vileplume, M|100/100
|move|p1a: God of Flower|Calm Mind|p1a: God of Flower
|-boost|p1a: God of Flower|spa|1
|-boost|p1a: God of Flower|spd|1
|
|upkeep
|turn|33
|inactive|Kanto's Finest has 120 seconds left.
|
|t:|1743783986
|switch|p2a: Clefable|Clefable, F|100/100
|move|p1a: God of Flower|Stored Power|p2a: Clefable
|-damage|p2a: Clefable|61/100
|
|upkeep
|turn|34
|inactive|Kanto's Finest has 120 seconds left.
|
|t:|1743784004
|move|p1a: God of Flower|Stored Power|p2a: Clefable
|-damage|p2a: Clefable|26/100
|move|p2a: Clefable|Flamethrower|p1a: God of Flower
|-damage|p1a: God of Flower|78/100
|
|-heal|p1a: God of Flower|84/100|[from] item: Leftovers
|upkeep
|turn|35
|
|t:|1743784010
|move|p1a: God of Flower|Calm Mind|p1a: God of Flower
|-boost|p1a: God of Flower|spa|1
|-boost|p1a: God of Flower|spd|1
|move|p2a: Clefable|Flamethrower|p1a: God of Flower
|-damage|p1a: God of Flower|61/100
|
|-heal|p1a: God of Flower|68/100|[from] item: Leftovers
|upkeep
|turn|36
|
|t:|1743784016
|move|p1a: God of Flower|Calm Mind|p1a: God of Flower
|-boost|p1a: God of Flower|spa|1
|-boost|p1a: God of Flower|spd|1
|move|p2a: Clefable|Flamethrower|p1a: God of Flower
|-damage|p1a: God of Flower|47/100
|
|-heal|p1a: God of Flower|53/100|[from] item: Leftovers
|upkeep
|turn|37
|
|t:|1743784018
|move|p1a: God of Flower|Draining Kiss|p2a: Clefable
|-damage|p2a: Clefable|11/100
|-heal|p1a: God of Flower|72/100|[from] drain|[of] p2a: Clefable
|move|p2a: Clefable|Flamethrower|p1a: God of Flower
|-damage|p1a: God of Flower|51/100
|
|-heal|p1a: God of Flower|57/100|[from] item: Leftovers
|upkeep
|turn|38
|
|t:|1743784021
|move|p1a: God of Flower|Draining Kiss|p2a: Clefable
|-damage|p2a: Clefable|0 fnt
|-heal|p1a: God of Flower|70/100|[from] drain|[of] p2a: Clefable
|faint|p2a: Clefable
|
|-heal|p1a: God of Flower|76/100|[from] item: Leftovers
|upkeep
|
|t:|1743784024
|switch|p2a: Hitmonlee|Hitmonlee, M|100/100
|turn|39
|
|t:|1743784028
|move|p1a: God of Flower|Draining Kiss|p2a: Hitmonlee
|-supereffective|p2a: Hitmonlee
|-damage|p2a: Hitmonlee|0 fnt
|-heal|p1a: God of Flower|100/100|[from] drain|[of] p2a: Hitmonlee
|faint|p2a: Hitmonlee
|
|upkeep
|
|t:|1743784030
|switch|p2a: Vileplume|Vileplume, M|100/100
|turn|40
|
|t:|1743784034
|move|p1a: God of Flower|Stored Power|p2a: Vileplume
|-supereffective|p2a: Vileplume
|-damage|p2a: Vileplume|0 fnt
|faint|p2a: Vileplume
|
|win|Thelastdudemanpp
|raw|Thelastdudemanpp's rating: 1233 &rarr; <strong>1254</strong><br />(+21 for winning)
|raw|Kanto&apos;s Finest's rating: 1180 &rarr; <strong>1159</strong><br />(-21 for losing)
|c|☆Kanto's Finest|Gg
|c|☆Thelastdudemanpp|gg
|c|☆Thelastdudemanpp|added friend
