|j|☆beamedbycustard
|j|☆Soaps1324
|t:|1743918462
|gametype|singles
|player|p1|beamedbycustard|265|1045
|player|p2|Soaps1324|clown|1026
|teamsize|p1|6
|teamsize|p2|6
|gen|9
|tier|[Gen 9] OU
|rated|
|rule|HP Percentage Mod: HP is shown in percentages
|rule|Endless Battle Clause: Forcing endless battles is banned
|rule|Species Clause: Limit one of each Pokémon
|rule|OHKO Clause: OHKO moves are banned
|rule|Evasion Items Clause: Evasion items are banned
|rule|Evasion Moves Clause: Evasion moves are banned
|rule|Sleep Moves Clause: Sleep-inducing moves are banned
|clearpoke
|poke|p1|Clodsire, F|
|poke|p1|Dondozo, M|
|poke|p1|Corviknight, M|
|poke|p1|Amoonguss, M|
|poke|p1|Alomomola, F|
|poke|p1|Blissey, F|
|poke|p2|Dragapult, F|
|poke|p2|Corviknight, M|
|poke|p2|Tinkaton, F|
|poke|p2|Iron Hands|
|poke|p2|Deoxys-Speed|
|poke|p2|Heatran, M|
|teampreview
|
|t:|1743918490
|start
|switch|p1a: Clodsire|Clodsire, F|100/100
|switch|p2a: Heatran|Heatran, M, shiny|100/100
|turn|1
|
|t:|1743918499
|move|p2a: Heatran|Protect|p2a: Heatran
|-singleturn|p2a: Heatran|Protect
|move|p1a: Clodsire|Stealth Rock|p2a: Heatran
|-sidestart|p2: Soaps1324|move: Stealth Rock
|
|upkeep
|turn|2
|
|t:|1743918506
|move|p2a: Heatran|Earthquake|p1a: Clodsire
|-supereffective|p1a: Clodsire
|-damage|p1a: Clodsire|54/100
|move|p1a: Clodsire|Toxic|p2a: Heatran
|-immune|p2a: Heatran
|
|-heal|p1a: Clodsire|61/100|[from] item: Leftovers
|upkeep
|turn|3
|
|t:|1743918514
|move|p2a: Heatran|Earthquake|p1a: Clodsire
|-supereffective|p1a: Clodsire
|-damage|p1a: Clodsire|11/100
|move|p1a: Clodsire|Recover|p1a: Clodsire
|-heal|p1a: Clodsire|61/100
|
|-heal|p1a: Clodsire|68/100|[from] item: Leftovers
|upkeep
|turn|4
|
|t:|1743918529
|move|p2a: Heatran|Earthquake|p1a: Clodsire
|-supereffective|p1a: Clodsire
|-damage|p1a: Clodsire|24/100
|move|p1a: Clodsire|Earthquake|p2a: Heatran
|-supereffective|p2a: Heatran
|-damage|p2a: Heatran|6/100
|
|-heal|p2a: Heatran|12/100|[from] item: Leftovers
|-heal|p1a: Clodsire|30/100|[from] item: Leftovers
|upkeep
|turn|5
|
|t:|1743918541
|switch|p2a: Iron Hands|Iron Hands, shiny|100/100
|-damage|p2a: Iron Hands|94/100|[from] Stealth Rock
|switch|p1a: Corviknight|Corviknight, M|100/100
|-ability|p1a: Corviknight|Pressure
|
|-heal|p2a: Iron Hands|100/100|[from] item: Leftovers
|upkeep
|turn|6
|
|t:|1743918566
|move|p1a: Corviknight|U-turn|p2a: Iron Hands
|-resisted|p2a: Iron Hands
|-damage|p2a: Iron Hands|96/100
|
|t:|1743918570
|switch|p1a: Amoonguss|Amoonguss, M|100/100|[from] U-turn
|move|p2a: Iron Hands|Ice Punch|p1a: Amoonguss
|-supereffective|p1a: Amoonguss
|-damage|p1a: Amoonguss|55/100
|
|-heal|p2a: Iron Hands|100/100|[from] item: Leftovers
|-heal|p1a: Amoonguss|61/100|[from] item: Black Sludge
|upkeep
|turn|7
|
|t:|1743918583
|move|p2a: Iron Hands|Ice Punch|p1a: Amoonguss
|-supereffective|p1a: Amoonguss
|-damage|p1a: Amoonguss|11/100
|-status|p1a: Amoonguss|frz
|cant|p1a: Amoonguss|frz
|
|-heal|p1a: Amoonguss|17/100 frz|[from] item: Black Sludge
|upkeep
|turn|8
|
|t:|1743918601
|cant|p1a: Amoonguss|frz
|move|p2a: Iron Hands|Swords Dance|p2a: Iron Hands
|-boost|p2a: Iron Hands|atk|2
|
|-heal|p1a: Amoonguss|23/100 frz|[from] item: Black Sludge
|upkeep
|turn|9
|
|t:|1743918609
|move|p2a: Iron Hands|Ice Punch|p1a: Amoonguss
|-supereffective|p1a: Amoonguss
|-crit|p1a: Amoonguss
|-damage|p1a: Amoonguss|0 fnt
|faint|p1a: Amoonguss
|
|upkeep
|
|t:|1743918627
|switch|p1a: Clodsire|Clodsire, F|30/100
|turn|10
|
|t:|1743918635
|move|p2a: Iron Hands|Ice Punch|p1a: Clodsire
|-supereffective|p1a: Clodsire
|-damage|p1a: Clodsire|0 fnt
|faint|p1a: Clodsire
|
|upkeep
|
|t:|1743918646
|switch|p1a: Corviknight|Corviknight, M|100/100
|-ability|p1a: Corviknight|Pressure
|turn|11
|
|t:|1743918673
|move|p1a: Corviknight|Body Press|p2a: Iron Hands
|-damage|p2a: Iron Hands|85/100
|move|p2a: Iron Hands|Ice Punch|p1a: Corviknight
|-damage|p1a: Corviknight|63/100
|
|-heal|p2a: Iron Hands|91/100|[from] item: Leftovers
|upkeep
|turn|12
|
|t:|1743918683
|switch|p1a: Alomomola|Alomomola, F|100/100
|move|p2a: Iron Hands|Ice Punch|p1a: Alomomola
|-resisted|p1a: Alomomola
|-damage|p1a: Alomomola|84/100
|-damage|p2a: Iron Hands|75/100|[from] item: Rocky Helmet|[of] p1a: Alomomola
|
|-heal|p2a: Iron Hands|81/100|[from] item: Leftovers
|upkeep
|turn|13
|
|t:|1743918705
|move|p1a: Alomomola|Wish|p1a: Alomomola
|move|p2a: Iron Hands|Thunder Punch|p1a: Alomomola
|-supereffective|p1a: Alomomola
|-damage|p1a: Alomomola|0 fnt
|-damage|p2a: Iron Hands|64/100|[from] item: Rocky Helmet|[of] p1a: Alomomola
|faint|p1a: Alomomola
|
|-heal|p2a: Iron Hands|71/100|[from] item: Leftovers
|upkeep
|
|t:|1743918713
|switch|p1a: Corviknight|Corviknight, M|63/100
|-ability|p1a: Corviknight|Pressure
|turn|14
|
|t:|1743918720
|move|p1a: Corviknight|Roost|p1a: Corviknight
|-heal|p1a: Corviknight|100/100
|-singleturn|p1a: Corviknight|move: Roost
|move|p2a: Iron Hands|Swords Dance|p2a: Iron Hands
|-boost|p2a: Iron Hands|atk|2
|
|-heal|p2a: Iron Hands|77/100|[from] item: Leftovers
|upkeep
|turn|15
|
|t:|1743918731
|switch|p1a: Blissey|Blissey, F|100/100
|move|p2a: Iron Hands|Swords Dance|p2a: Iron Hands
|-boost|p2a: Iron Hands|atk|2
|
|-heal|p2a: Iron Hands|83/100|[from] item: Leftovers
|upkeep
|turn|16
|
|t:|1743918740
|move|p1a: Blissey|Seismic Toss|p2a: Iron Hands
|-damage|p2a: Iron Hands|64/100
|move|p2a: Iron Hands|Drain Punch|p1a: Blissey
|-supereffective|p1a: Blissey
|-damage|p1a: Blissey|0 fnt
|-heal|p2a: Iron Hands|100/100|[from] drain|[of] p1a: Blissey
|faint|p1a: Blissey
|
|upkeep
|
|t:|1743918749
|switch|p1a: Dondozo|Dondozo, M|100/100
|turn|17
|
|t:|1743918755
|move|p2a: Iron Hands|Thunder Punch|p1a: Dondozo
|-supereffective|p1a: Dondozo
|-damage|p1a: Dondozo|62/100
|move|p1a: Dondozo|Rest|p1a: Dondozo
|-status|p1a: Dondozo|slp|[from] move: Rest
|-heal|p1a: Dondozo|100/100 slp|[silent]
|
|upkeep
|turn|18
|
|t:|1743918762
|move|p2a: Iron Hands|Thunder Punch|p1a: Dondozo
|-supereffective|p1a: Dondozo
|-damage|p1a: Dondozo|58/100 slp
|cant|p1a: Dondozo|slp
|move|p1a: Dondozo|Sleep Talk|p1a: Dondozo
|move|p1a: Dondozo|Curse|p1a: Dondozo|[from] move: Sleep Talk
|-unboost|p1a: Dondozo|spe|1
|-boost|p1a: Dondozo|atk|1
|-boost|p1a: Dondozo|def|1
|
|-heal|p1a: Dondozo|64/100 slp|[from] item: Leftovers
|upkeep
|turn|19
|
|t:|1743918772
|move|p2a: Iron Hands|Thunder Punch|p1a: Dondozo
|-supereffective|p1a: Dondozo
|-damage|p1a: Dondozo|36/100 slp
|cant|p1a: Dondozo|slp
|move|p1a: Dondozo|Sleep Talk|p1a: Dondozo
|move|p1a: Dondozo|Curse|p1a: Dondozo|[from] move: Sleep Talk
|-unboost|p1a: Dondozo|spe|1
|-boost|p1a: Dondozo|atk|1
|-boost|p1a: Dondozo|def|1
|
|-heal|p1a: Dondozo|42/100 slp|[from] item: Leftovers
|upkeep
|turn|20
|
|t:|1743918783
|move|p2a: Iron Hands|Thunder Punch|p1a: Dondozo
|-supereffective|p1a: Dondozo
|-damage|p1a: Dondozo|20/100 slp
|-curestatus|p1a: Dondozo|slp|[msg]
|move|p1a: Dondozo|Sleep Talk||[still]
|-fail|p1a: Dondozo
|
|-heal|p1a: Dondozo|26/100|[from] item: Leftovers
|upkeep
|turn|21
|
|t:|1743918791
|move|p2a: Iron Hands|Thunder Punch|p1a: Dondozo
|-supereffective|p1a: Dondozo
|-damage|p1a: Dondozo|5/100
|-status|p1a: Dondozo|par
|cant|p1a: Dondozo|par
|
|-heal|p1a: Dondozo|11/100 par|[from] item: Leftovers
|upkeep
|turn|22
|
|t:|1743918809
|move|p2a: Iron Hands|Thunder Punch|p1a: Dondozo
|-supereffective|p1a: Dondozo
|-damage|p1a: Dondozo|0 fnt
|faint|p1a: Dondozo
|
|upkeep
|
|t:|1743918819
|switch|p1a: Corviknight|Corviknight, M|100/100
|-ability|p1a: Corviknight|Pressure
|turn|23
|
|t:|1743918830
|move|p1a: Corviknight|U-turn|p2a: Iron Hands
|-resisted|p2a: Iron Hands
|-damage|p2a: Iron Hands|96/100
|move|p2a: Iron Hands|Thunder Punch|p1a: Corviknight
|-supereffective|p1a: Corviknight
|-damage|p1a: Corviknight|0 fnt
|faint|p1a: Corviknight
|
|win|Soaps1324
|raw|beamedbycustard's rating: 1045 &rarr; <strong>1027</strong><br />(-18 for losing)
|raw|Soaps1324's rating: 1026 &rarr; <strong>1064</strong><br />(+38 for winning)
