|j|☆jh de los jh
|j|☆Matatex
|t:|1743872758
|gametype|singles
|player|p1|jh de los jh|ghetsis-gen5bw|1169
|player|p2|Matatex|hiker|1173
|teamsize|p1|6
|teamsize|p2|6
|gen|9
|tier|[Gen 9] OU
|rated|
|rule|HP Percentage Mod: HP is shown in percentages
|rule|Endless Battle Clause: Forcing endless battles is banned
|rule|Species Clause: Limit one of each Pokémon
|rule|OHKO Clause: OHKO moves are banned
|rule|Evasion Items Clause: Evasion items are banned
|rule|Evasion Moves Clause: Evasion moves are banned
|rule|Sleep Moves Clause: Sleep-inducing moves are banned
|clearpoke
|poke|p1|Electivire, F|
|poke|p1|Poliwrath, M|
|poke|p1|Cramorant, M|
|poke|p1|Bellibolt, M|
|poke|p1|Granbull, F|
|poke|p1|Greedent, M|
|poke|p2|Darkrai|
|poke|p2|Blaziken, F|
|poke|p2|Great Tusk|
|poke|p2|Primarina, M|
|poke|p2|Raging Bolt|
|poke|p2|Ogerpon-Cornerstone, F|
|teampreview
|
|t:|1743872793
|start
|switch|p1a: Cramorant|Cramorant, M|100/100
|switch|p2a: Darkrai|Darkrai|100/100
|turn|1
|
|t:|1743872811
|move|p2a: Darkrai|Dark Pulse|p1a: Cramorant
|-damage|p1a: Cramorant|42/100
|cant|p1a: Cramorant|flinch
|
|upkeep
|turn|2
|
|t:|1743872838
|move|p2a: Darkrai|Dark Pulse|p1a: Cramorant
|-damage|p1a: Cramorant|0 fnt
|faint|p1a: Cramorant
|
|upkeep
|
|t:|1743872844
|switch|p1a: Poliwrath|Poliwrath, M|100/100
|turn|3
|
|t:|1743872851
|switch|p2a: Great Tusk|Great Tusk|100/100
|move|p1a: Poliwrath|Bulk Up|p1a: Poliwrath
|-boost|p1a: Poliwrath|atk|1
|-boost|p1a: Poliwrath|def|1
|
|upkeep
|turn|4
|
|t:|1743872867
|move|p2a: Great Tusk|Knock Off|p1a: Poliwrath
|-resisted|p1a: Poliwrath
|-damage|p1a: Poliwrath|92/100
|-enditem|p1a: Poliwrath|Leftovers|[from] move: Knock Off|[of] p2a: Great Tusk
|move|p1a: Poliwrath|Liquidation|p2a: Great Tusk
|-supereffective|p2a: Great Tusk
|-damage|p2a: Great Tusk|44/100
|-damage|p1a: Poliwrath|76/100|[from] item: Rocky Helmet|[of] p2a: Great Tusk
|
|upkeep
|turn|5
|
|t:|1743872879
|-terastallize|p2a: Great Tusk|Water
|move|p2a: Great Tusk|Rapid Spin|p1a: Poliwrath
|-damage|p1a: Poliwrath|67/100
|-boost|p2a: Great Tusk|spe|1
|move|p1a: Poliwrath|Liquidation|p2a: Great Tusk
|-resisted|p2a: Great Tusk
|-damage|p2a: Great Tusk|30/100
|-unboost|p2a: Great Tusk|def|1
|-damage|p1a: Poliwrath|51/100|[from] item: Rocky Helmet|[of] p2a: Great Tusk
|
|upkeep
|turn|6
|
|t:|1743872893
|move|p2a: Great Tusk|Headlong Rush|p1a: Poliwrath
|-damage|p1a: Poliwrath|19/100
|-unboost|p2a: Great Tusk|def|1
|-unboost|p2a: Great Tusk|spd|1
|move|p1a: Poliwrath|Drain Punch|p2a: Great Tusk
|-damage|p2a: Great Tusk|0 fnt
|-heal|p1a: Poliwrath|35/100|[from] drain|[of] p2a: Great Tusk
|-damage|p1a: Poliwrath|19/100|[from] item: Rocky Helmet|[of] p2a: Great Tusk
|faint|p2a: Great Tusk
|-end|p2a: Great Tusk|Protosynthesis|[silent]
|
|upkeep
|
|t:|1743872902
|switch|p2a: Ogerpon|Ogerpon-Cornerstone, F|100/100
|turn|7
|
|t:|1743872921
|move|p2a: Ogerpon|Ivy Cudgel|p1a: Poliwrath|[anim] Ivy Cudgel Rock
|-resisted|p1a: Poliwrath
|-damage|p1a: Poliwrath|0 fnt
|faint|p1a: Poliwrath
|
|upkeep
|
|t:|1743872944
|switch|p1a: Granbull|Granbull, F|100/100
|-ability|p1a: Granbull|Intimidate|boost
|-unboost|p2a: Ogerpon|atk|1
|turn|8
|inactive|Battle timer is ON: inactive players will automatically lose when time's up. (requested by Matatex)
|
|t:|1743872976
|-terastallize|p1a: Granbull|Steel
|move|p2a: Ogerpon|Ivy Cudgel|p1a: Granbull|[anim] Ivy Cudgel Rock
|-resisted|p1a: Granbull
|-damage|p1a: Granbull|80/100
|move|p1a: Granbull|Close Combat|p2a: Ogerpon
|-supereffective|p2a: Ogerpon
|-ability|p2a: Ogerpon|Sturdy
|-damage|p2a: Ogerpon|1/100
|-unboost|p1a: Granbull|def|1
|-unboost|p1a: Granbull|spd|1
|
|upkeep
|turn|9
|
|t:|1743873005
|move|p2a: Ogerpon|Swords Dance|p2a: Ogerpon
|-boost|p2a: Ogerpon|atk|2
|move|p1a: Granbull|Close Combat|p2a: Ogerpon
|-supereffective|p2a: Ogerpon
|-crit|p2a: Ogerpon
|-damage|p2a: Ogerpon|0 fnt
|-unboost|p1a: Granbull|def|1
|-unboost|p1a: Granbull|spd|1
|faint|p2a: Ogerpon
|
|upkeep
|
|t:|1743873008
|switch|p2a: Blaziken|Blaziken, F|100/100
|turn|10
|
|t:|1743873028
|move|p2a: Blaziken|Swords Dance|p2a: Blaziken
|-boost|p2a: Blaziken|atk|2
|move|p1a: Granbull|Close Combat|p2a: Blaziken
|-damage|p2a: Blaziken|9/100
|-unboost|p1a: Granbull|def|1
|-unboost|p1a: Granbull|spd|1
|
|-heal|p2a: Blaziken|15/100|[from] item: Leftovers
|-ability|p2a: Blaziken|Speed Boost|boost
|-boost|p2a: Blaziken|spe|1
|upkeep
|turn|11
|inactive|jh de los jh has 120 seconds left.
|
|t:|1743873048
|move|p2a: Blaziken|Close Combat|p1a: Granbull
|-supereffective|p1a: Granbull
|-damage|p1a: Granbull|0 fnt
|-unboost|p2a: Blaziken|def|1
|-unboost|p2a: Blaziken|spd|1
|faint|p1a: Granbull
|
|-heal|p2a: Blaziken|21/100|[from] item: Leftovers
|-ability|p2a: Blaziken|Speed Boost|boost
|-boost|p2a: Blaziken|spe|1
|upkeep
|inactive|jh de los jh has 120 seconds left.
|
|t:|1743873066
|switch|p1a: Bellibolt|Bellibolt, M|100/100
|turn|12
|
|t:|1743873080
|move|p2a: Blaziken|Protect|p2a: Blaziken
|-singleturn|p2a: Blaziken|Protect
|move|p1a: Bellibolt|Hyper Voice|p2a: Blaziken
|-activate|p2a: Blaziken|move: Protect
|
|-heal|p2a: Blaziken|27/100|[from] item: Leftovers
|-ability|p2a: Blaziken|Speed Boost|boost
|-boost|p2a: Blaziken|spe|1
|upkeep
|turn|13
|inactive|jh de los jh has 120 seconds left.
|
|t:|1743873091
|move|p2a: Blaziken|Close Combat|p1a: Bellibolt
|-damage|p1a: Bellibolt|0 fnt
|-unboost|p2a: Blaziken|def|1
|-unboost|p2a: Blaziken|spd|1
|faint|p1a: Bellibolt
|
|-heal|p2a: Blaziken|33/100|[from] item: Leftovers
|-ability|p2a: Blaziken|Speed Boost|boost
|-boost|p2a: Blaziken|spe|1
|upkeep
|inactive|jh de los jh has 120 seconds left.
|-message|jh de los jh forfeited.
|
|win|Matatex
|raw|jh de los jh's rating: 1169 &rarr; <strong>1144</strong><br />(-25 for losing)
|raw|Matatex's rating: 1173 &rarr; <strong>1198</strong><br />(+25 for winning)
|l|☆jh de los jh
|player|p1|
|l|☆Matatex
|player|p2|
