|j|☆Creedoballin
|j|☆JustaJoni
|t:|1743886650
|gametype|singles
|player|p1|Creedoballin|blaine|1111
|player|p2|JustaJoni|pokemonrangerf|1063
|teamsize|p1|6
|teamsize|p2|6
|gen|9
|tier|[Gen 9] OU
|rated|
|rule|HP Percentage Mod: HP is shown in percentages
|rule|Endless Battle Clause: Forcing endless battles is banned
|rule|Species Clause: Limit one of each Pokémon
|rule|OHKO Clause: OHKO moves are banned
|rule|Evasion Items Clause: Evasion items are banned
|rule|Evasion Moves Clause: Evasion moves are banned
|rule|Sleep Moves Clause: Sleep-inducing moves are banned
|clearpoke
|poke|p1|Ursaluna, F|
|poke|p1|Ceruledge, F|
|poke|p1|Rotom-Wash|
|poke|p1|Hydreigon, M|
|poke|p1|Kleavor, F|
|poke|p1|Serperior, F|
|poke|p2|Glaceon, F|
|poke|p2|Meowstic-F, F|
|poke|p2|Mimikyu, M|
|poke|p2|Clodsire, M|
|poke|p2|Dragonite, F|
|poke|p2|Scizor, M|
|teampreview
|
|t:|1743886664
|start
|switch|p1a: Kleavor|Kleavor, F, shiny|100/100
|switch|p2a: Ms Mistopheles|Meowstic-F, F|100/100
|turn|1
|
|t:|1743886672
|move|p2a: Ms Mistopheles|Reflect|p2a: Ms Mistopheles
|-sidestart|p2: JustaJoni|Reflect
|move|p1a: Kleavor|U-turn|p2a: Ms Mistopheles
|-supereffective|p2a: Ms Mistopheles
|-damage|p2a: Ms Mistopheles|46/100
|
|t:|1743886678
|switch|p1a: Hydreigon|Hydreigon, M|100/100|[from] U-turn
|
|upkeep
|turn|2
|
|t:|1743886684
|switch|p2a: Sir Clod|Clodsire, M, shiny|100/100
|move|p1a: Hydreigon|Dark Pulse|p2a: Sir Clod
|-damage|p2a: Sir Clod|78/100
|
|-heal|p2a: Sir Clod|84/100|[from] item: Leftovers
|upkeep
|turn|3
|
|t:|1743886691
|move|p1a: Hydreigon|Nasty Plot|p1a: Hydreigon
|-boost|p1a: Hydreigon|spa|2
|move|p2a: Sir Clod|Stealth Rock|p1a: Hydreigon
|-sidestart|p1: Creedoballin|move: Stealth Rock
|
|-heal|p2a: Sir Clod|90/100|[from] item: Leftovers
|upkeep
|turn|4
|
|t:|1743886700
|move|p1a: Hydreigon|Earth Power|p2a: Sir Clod
|-supereffective|p2a: Sir Clod
|-damage|p2a: Sir Clod|24/100
|move|p2a: Sir Clod|Toxic|p1a: Hydreigon
|-status|p1a: Hydreigon|tox
|
|-heal|p2a: Sir Clod|30/100|[from] item: Leftovers
|-damage|p1a: Hydreigon|94/100 tox|[from] psn
|upkeep
|turn|5
|
|t:|1743886709
|move|p2a: Sir Clod|Protect|p2a: Sir Clod
|-singleturn|p2a: Sir Clod|Protect
|move|p1a: Hydreigon|Draco Meteor|p2a: Sir Clod
|-activate|p2a: Sir Clod|move: Protect
|
|-heal|p1a: Hydreigon|100/100 tox|[from] item: Leftovers
|-heal|p2a: Sir Clod|36/100|[from] item: Leftovers
|-damage|p1a: Hydreigon|88/100 tox|[from] psn
|upkeep
|turn|6
|
|t:|1743886728
|switch|p2a: Eve Grace|Glaceon, F, shiny|100/100
|move|p1a: Hydreigon|Dark Pulse|p2a: Eve Grace
|-crit|p2a: Eve Grace
|-damage|p2a: Eve Grace|8/100
|
|-heal|p1a: Hydreigon|94/100 tox|[from] item: Leftovers
|-heal|p2a: Eve Grace|14/100|[from] item: Leftovers
|-damage|p1a: Hydreigon|76/100 tox|[from] psn
|upkeep
|turn|7
|
|t:|1743886739
|move|p2a: Eve Grace|Protect|p2a: Eve Grace
|-singleturn|p2a: Eve Grace|Protect
|move|p1a: Hydreigon|Dark Pulse|p2a: Eve Grace
|-activate|p2a: Eve Grace|move: Protect
|
|-heal|p1a: Hydreigon|82/100 tox|[from] item: Leftovers
|-heal|p2a: Eve Grace|20/100|[from] item: Leftovers
|-damage|p1a: Hydreigon|58/100 tox|[from] psn
|upkeep
|turn|8
|
|t:|1743886762
|switch|p2a: Mimicyou|Mimikyu, M, shiny|100/100
|move|p1a: Hydreigon|Dark Pulse|p2a: Mimicyou
|-activate|p2a: Mimicyou|ability: Disguise
|-damage|p2a: Mimicyou|100/100
|detailschange|p2a: Mimicyou|Mimikyu-Busted, M, shiny
|-damage|p2a: Mimicyou|88/100|[from] pokemon: Mimikyu-Busted
|
|-heal|p1a: Hydreigon|64/100 tox|[from] item: Leftovers
|-damage|p1a: Hydreigon|33/100 tox|[from] psn
|-sideend|p2: JustaJoni|Reflect
|upkeep
|turn|9
|
|t:|1743886773
|move|p2a: Mimicyou|Drain Punch|p1a: Hydreigon
|-supereffective|p1a: Hydreigon
|-damage|p1a: Hydreigon|0 fnt
|-heal|p2a: Mimicyou|100/100|[from] drain|[of] p1a: Hydreigon
|faint|p1a: Hydreigon
|
|upkeep
|
|t:|1743886798
|switch|p1a: Ceruledge|Ceruledge, F|100/100
|-damage|p1a: Ceruledge|75/100|[from] Stealth Rock
|turn|10
|
|t:|1743886806
|-terastallize|p1a: Ceruledge|Normal
|move|p2a: Mimicyou|Bulk Up|p2a: Mimicyou
|-boost|p2a: Mimicyou|atk|1
|-boost|p2a: Mimicyou|def|1
|move|p1a: Ceruledge|Swords Dance|p1a: Ceruledge
|-boost|p1a: Ceruledge|atk|2
|
|upkeep
|turn|11
|
|t:|1743886813
|move|p2a: Mimicyou|Drain Punch|p1a: Ceruledge
|-supereffective|p1a: Ceruledge
|-damage|p1a: Ceruledge|7/100
|-ability|p1a: Ceruledge|Weak Armor|boost
|-unboost|p1a: Ceruledge|def|1
|-boost|p1a: Ceruledge|spe|2
|move|p1a: Ceruledge|Poltergeist|p2a: Mimicyou
|-activate|p2a: Mimicyou|move: Poltergeist|Heavy-Duty Boots
|-supereffective|p2a: Mimicyou
|-damage|p2a: Mimicyou|0 fnt
|faint|p2a: Mimicyou
|
|upkeep
|
|t:|1743886828
|switch|p2a: Scissors|Scizor, M|100/100
|turn|12
|
|t:|1743886833
|move|p1a: Ceruledge|Shadow Sneak|p2a: Scissors
|-damage|p2a: Scissors|60/100
|move|p2a: Scissors|Bullet Punch|p1a: Ceruledge
|-damage|p1a: Ceruledge|0 fnt
|faint|p1a: Ceruledge
|
|upkeep
|
|t:|1743886843
|switch|p1a: Ursaluna|Ursaluna, F, shiny|100/100
|-damage|p1a: Ursaluna|94/100|[from] Stealth Rock
|turn|13
|
|t:|1743886851
|move|p2a: Scissors|Tailwind|p2a: Scissors
|-sidestart|p2: JustaJoni|move: Tailwind
|move|p1a: Ursaluna|Drain Punch|p2a: Scissors
|-damage|p2a: Scissors|30/100
|-heal|p1a: Ursaluna|100/100|[from] drain|[of] p2a: Scissors
|
|-status|p1a: Ursaluna|brn|[from] item: Flame Orb
|upkeep
|turn|14
|
|t:|1743886872
|switch|p2a: Puff|Dragonite, F|100/100
|move|p1a: Ursaluna|Earthquake|p2a: Puff
|-immune|p2a: Puff
|
|-damage|p1a: Ursaluna|94/100 brn|[from] brn
|upkeep
|turn|15
|
|t:|1743886887
|move|p1a: Ursaluna|Facade|p2a: Puff
|-damage|p2a: Puff|49/100
|move|p2a: Puff|Dragon Tail|p1a: Ursaluna
|-damage|p1a: Ursaluna|74/100 brn
|-heal|p2a: Puff|52/100|[from] item: Shell Bell|[of] p1a: Ursaluna
|drag|p1a: Serperior|Serperior, F|100/100
|-damage|p1a: Serperior|88/100|[from] Stealth Rock
|
|upkeep
|turn|16
|
|t:|1743886905
|move|p1a: Serperior|Glare|p2a: Puff
|-status|p2a: Puff|par
|cant|p2a: Puff|par
|
|-sideend|p2: JustaJoni|move: Tailwind
|upkeep
|turn|17
|
|t:|1743886914
|move|p1a: Serperior|Leaf Storm|p2a: Puff
|-resisted|p2a: Puff
|-damage|p2a: Puff|44/100 par
|-boost|p1a: Serperior|spa|2
|move|p2a: Puff|Roost|p2a: Puff
|-heal|p2a: Puff|94/100 par
|-singleturn|p2a: Puff|move: Roost
|
|upkeep
|turn|18
|
|t:|1743886925
|move|p1a: Serperior|Leaf Storm|p2a: Puff
|-resisted|p2a: Puff
|-damage|p2a: Puff|77/100 par
|-boost|p1a: Serperior|spa|2
|move|p2a: Puff|Dragon Tail|p1a: Serperior
|-damage|p1a: Serperior|56/100
|-heal|p2a: Puff|80/100 par|[from] item: Shell Bell|[of] p1a: Serperior
|drag|p1a: Kleavor|Kleavor, F, shiny|100/100
|
|upkeep
|turn|19
|
|t:|1743886950
|move|p1a: Kleavor|Defog|p2a: Puff
|-unboost|p2a: Puff|evasion|1
|-sideend|p1: Creedoballin|Stealth Rock|[from] move: Defog|[of] p1a: Kleavor
|move|p2a: Puff|Dragon Dance|p2a: Puff
|-boost|p2a: Puff|atk|1
|-boost|p2a: Puff|spe|1
|
|upkeep
|turn|20
|
|t:|1743886958
|move|p1a: Kleavor|Stone Axe|p2a: Puff
|-supereffective|p2a: Puff
|-damage|p2a: Puff|0 fnt
|-sidestart|p2: JustaJoni|move: Stealth Rock
|faint|p2a: Puff
|
|upkeep
|
|t:|1743886971
|switch|p2a: Ms Mistopheles|Meowstic-F, F|46/100
|-damage|p2a: Ms Mistopheles|34/100|[from] Stealth Rock
|turn|21
|
|t:|1743886976
|move|p2a: Ms Mistopheles|Reflect|p2a: Ms Mistopheles
|-sidestart|p2: JustaJoni|Reflect
|move|p1a: Kleavor|U-turn|p2a: Ms Mistopheles
|-supereffective|p2a: Ms Mistopheles
|-damage|p2a: Ms Mistopheles|0 fnt
|faint|p2a: Ms Mistopheles
|
|t:|1743886982
|switch|p1a: Rotom|Rotom-Wash|100/100|[from] U-turn
|
|upkeep
|
|t:|1743886991
|switch|p2a: Scissors|Scizor, M|30/100
|turn|22
|
|t:|1743886997
|move|p1a: Rotom|Will-O-Wisp|p2a: Scissors
|-status|p2a: Scissors|brn
|move|p2a: Scissors|Defog|p1a: Rotom
|-unboost|p1a: Rotom|evasion|1
|-sideend|p2: JustaJoni|Stealth Rock|[from] move: Defog|[of] p2a: Scissors
|
|-damage|p2a: Scissors|23/100 brn|[from] brn
|upkeep
|turn|23
|
|t:|1743887009
|move|p2a: Scissors|Bullet Punch|p1a: Rotom
|-resisted|p1a: Rotom
|-damage|p1a: Rotom|97/100
|move|p1a: Rotom|Volt Switch|p2a: Scissors
|-damage|p2a: Scissors|0 fnt
|faint|p2a: Scissors
|
|t:|1743887017
|switch|p1a: Kleavor|Kleavor, F, shiny|100/100|[from] Volt Switch
|
|upkeep
|
|t:|1743887021
|switch|p2a: Eve Grace|Glaceon, F, shiny|20/100
|turn|24
|
|t:|1743887026
|move|p1a: Kleavor|Stone Axe|p2a: Eve Grace
|-supereffective|p2a: Eve Grace
|-damage|p2a: Eve Grace|0 fnt
|-sidestart|p2: JustaJoni|move: Stealth Rock
|faint|p2a: Eve Grace
|
|upkeep
|-message|JustaJoni forfeited.
|
|win|Creedoballin
|raw|Creedoballin's rating: 1111 &rarr; <strong>1133</strong><br />(+22 for winning)
|raw|JustaJoni's rating: 1063 &rarr; <strong>1046</strong><br />(-17 for losing)
|l|☆JustaJoni
|player|p2|
|l|☆Creedoballin
|player|p1|
