|j|‽lorditachii
|j|☆moosemooseman
|t:|1743872142
|gametype|singles
|player|p1|lorditachii|lance|1261
|player|p2|moosemooseman|swimmer-gen4|1342
|teamsize|p1|6
|teamsize|p2|6
|gen|9
|tier|[Gen 9] OU
|rated|
|rule|HP Percentage Mod: HP is shown in percentages
|rule|Endless Battle Clause: Forcing endless battles is banned
|rule|Species Clause: Limit one of each Pokémon
|rule|OHKO Clause: OHKO moves are banned
|rule|Evasion Items Clause: Evasion items are banned
|rule|Evasion Moves Clause: Evasion moves are banned
|rule|Sleep Moves Clause: Sleep-inducing moves are banned
|clearpoke
|poke|p1|Thundurus-Therian, M|
|poke|p1|Clefable, F|
|poke|p1|Tropius, F|
|poke|p1|Ninetales, F|
|poke|p1|Tornadus-Therian, M|
|poke|p1|Walking Wake|
|poke|p2|Gliscor, M|
|poke|p2|Garganacl, M|
|poke|p2|Ogerpon-Wellspring, F|
|poke|p2|Gholdengo|
|poke|p2|Moltres|
|poke|p2|Great Tusk|
|teampreview
|
|t:|1743872151
|start
|switch|p1a: Tornadus|Tornadus-Therian, M|100/100
|switch|p2a: Great Tusk|Great Tusk|100/100
|turn|1
|inactive|Battle timer is ON: inactive players will automatically lose when time's up. (requested by moosemooseman)
|
|t:|1743872182
|-end|p2a: Great Tusk|Protosynthesis|[silent]
|switch|p2a: Garganacl|Garganacl, M|100/100
|move|p1a: Tornadus|Air Slash|p2a: Garganacl
|-resisted|p2a: Garganacl
|-damage|p2a: Garganacl|89/100
|
|-heal|p2a: Garganacl|96/100|[from] item: Leftovers
|upkeep
|turn|2
|
|t:|1743872187
|move|p1a: Tornadus|U-turn|p2a: Garganacl
|-damage|p2a: Garganacl|87/100
|
|t:|1743872201
|switch|p1a: Clefable|Clefable, F|100/100|[from] U-turn
|move|p2a: Garganacl|Salt Cure|p1a: Clefable
|-damage|p1a: Clefable|83/100
|-start|p1a: Clefable|Salt Cure
|
|-heal|p1a: Clefable|89/100|[from] item: Leftovers
|-heal|p2a: Garganacl|93/100|[from] item: Leftovers
|upkeep
|turn|3
|
|t:|1743872210
|move|p1a: Clefable|Calm Mind|p1a: Clefable
|-boost|p1a: Clefable|spa|1
|-boost|p1a: Clefable|spd|1
|move|p2a: Garganacl|Stealth Rock|p1a: Clefable
|-sidestart|p1: lorditachii|move: Stealth Rock
|
|-heal|p1a: Clefable|95/100|[from] item: Leftovers
|-heal|p2a: Garganacl|99/100|[from] item: Leftovers
|upkeep
|turn|4
|
|t:|1743872222
|switch|p2a: Gholdengo|Gholdengo|100/100
|move|p1a: Clefable|Thunderbolt|p2a: Gholdengo
|-damage|p2a: Gholdengo|54/100
|
|-heal|p1a: Clefable|100/100|[from] item: Leftovers
|upkeep
|turn|5
|
|t:|1743872227
|move|p2a: Gholdengo|Trick|p1a: Clefable
|-activate|p2a: Gholdengo|move: Trick|[of] p1a: Clefable
|-item|p1a: Clefable|Choice Scarf|[from] move: Trick
|-item|p2a: Gholdengo|Leftovers|[from] move: Trick
|move|p1a: Clefable|Thunderbolt|p2a: Gholdengo
|-damage|p2a: Gholdengo|3/100
|
|-heal|p2a: Gholdengo|9/100|[from] item: Leftovers
|upkeep
|turn|6
|
|t:|1743872234
|switch|p2a: Gliscor|Gliscor, M|100/100
|move|p1a: Clefable|Thunderbolt|p2a: Gliscor
|-immune|p2a: Gliscor
|
|-status|p2a: Gliscor|tox|[from] item: Toxic Orb
|upkeep
|turn|7
|
|t:|1743872249
|move|p1a: Clefable|Thunderbolt|p2a: Gliscor
|-immune|p2a: Gliscor
|move|p2a: Gliscor|Spikes|p1a: Clefable
|-sidestart|p1: lorditachii|Spikes
|
|upkeep
|turn|8
|
|t:|1743872257
|switch|p1a: Ninetales|Ninetales, F, shiny|100/100
|-damage|p1a: Ninetales|76/100|[from] Stealth Rock
|-damage|p1a: Ninetales|64/100|[from] Spikes
|-weather|SunnyDay|[from] ability: Drought|[of] p1a: Ninetales
|move|p2a: Gliscor|Spikes|p1a: Ninetales
|-sidestart|p1: lorditachii|Spikes
|
|-weather|SunnyDay|[upkeep]
|upkeep
|turn|9
|
|t:|1743872267
|move|p1a: Ninetales|Weather Ball|p2a: Gliscor
|-damage|p2a: Gliscor|52/100 tox
|move|p2a: Gliscor|Earthquake|p1a: Ninetales
|-supereffective|p1a: Ninetales
|-damage|p1a: Ninetales|0 fnt
|faint|p1a: Ninetales
|
|-weather|SunnyDay|[upkeep]
|-heal|p2a: Gliscor|65/100 tox|[from] ability: Poison Heal
|upkeep
|
|t:|1743872285
|switch|p1a: Walking Wake|Walking Wake|100/100
|-damage|p1a: Walking Wake|88/100|[from] Stealth Rock
|-damage|p1a: Walking Wake|72/100|[from] Spikes
|-activate|p1a: Walking Wake|ability: Protosynthesis
|-start|p1a: Walking Wake|protosynthesisspe
|turn|10
|
|t:|1743872301
|switch|p2a: Ogerpon|Ogerpon-Wellspring, F|100/100
|move|p1a: Walking Wake|Dragon Pulse|p2a: Ogerpon
|-damage|p2a: Ogerpon|25/100
|
|-weather|SunnyDay|[upkeep]
|upkeep
|turn|11
|
|t:|1743872312
|move|p1a: Walking Wake|Dragon Pulse|p2a: Ogerpon
|-damage|p2a: Ogerpon|0 fnt
|faint|p2a: Ogerpon
|
|-weather|SunnyDay|[upkeep]
|upkeep
|
|t:|1743872315
|switch|p2a: Garganacl|Garganacl, M|99/100
|turn|12
|
|t:|1743872317
|-terastallize|p2a: Garganacl|Water
|move|p1a: Walking Wake|Dragon Pulse|p2a: Garganacl
|-damage|p2a: Garganacl|57/100
|move|p2a: Garganacl|Salt Cure|p1a: Walking Wake
|-damage|p1a: Walking Wake|56/100
|-start|p1a: Walking Wake|Salt Cure
|
|-weather|SunnyDay|[upkeep]
|-heal|p2a: Garganacl|64/100|[from] item: Leftovers
|-damage|p1a: Walking Wake|31/100|[from] Salt Cure
|upkeep
|turn|13
|
|t:|1743872323
|move|p1a: Walking Wake|Dragon Pulse|p2a: Garganacl
|-damage|p2a: Garganacl|21/100
|move|p2a: Garganacl|Recover|p2a: Garganacl
|-heal|p2a: Garganacl|71/100
|
|-weather|SunnyDay|[upkeep]
|-heal|p2a: Garganacl|77/100|[from] item: Leftovers
|-damage|p1a: Walking Wake|7/100|[from] Salt Cure
|upkeep
|turn|14
|
|t:|1743872327
|move|p2a: Garganacl|Protect|p2a: Garganacl
|-singleturn|p2a: Garganacl|Protect
|move|p1a: Walking Wake|Dragon Pulse|p2a: Garganacl
|-activate|p2a: Garganacl|move: Protect
|
|-weather|SunnyDay|[upkeep]
|-heal|p2a: Garganacl|83/100|[from] item: Leftovers
|-damage|p1a: Walking Wake|0 fnt|[from] Salt Cure
|faint|p1a: Walking Wake
|-end|p1a: Walking Wake|Protosynthesis|[silent]
|upkeep
|
|t:|1743872331
|switch|p1a: Tropius|Tropius, F|100/100
|-damage|p1a: Tropius|76/100|[from] Stealth Rock
|turn|15
|
|t:|1743872348
|move|p1a: Tropius|Substitute|p1a: Tropius
|-start|p1a: Tropius|Substitute
|-damage|p1a: Tropius|51/100
|move|p2a: Garganacl|Salt Cure|p1a: Tropius
|-supereffective|p1a: Tropius
|-end|p1a: Tropius|Substitute
|
|-weather|none
|-heal|p2a: Garganacl|90/100|[from] item: Leftovers
|upkeep
|turn|16
|
|t:|1743872357
|move|p1a: Tropius|Leech Seed|p2a: Garganacl
|-start|p2a: Garganacl|move: Leech Seed
|move|p2a: Garganacl|Salt Cure|p1a: Tropius
|-supereffective|p1a: Tropius
|-damage|p1a: Tropius|22/100
|-start|p1a: Tropius|Salt Cure
|-enditem|p1a: Tropius|Sitrus Berry|[eat]
|-heal|p1a: Tropius|47/100|[from] item: Sitrus Berry
|
|-heal|p2a: Garganacl|96/100|[from] item: Leftovers
|-damage|p2a: Garganacl|83/100|[from] Leech Seed|[of] p1a: Tropius
|-heal|p1a: Tropius|61/100|[silent]
|-damage|p1a: Tropius|48/100|[from] Salt Cure
|upkeep
|turn|17
|inactive|moosemooseman has 120 seconds left.
|
|t:|1743872395
|switch|p2a: Gholdengo|Gholdengo|9/100
|move|p1a: Tropius|Substitute|p1a: Tropius
|-start|p1a: Tropius|Substitute
|-damage|p1a: Tropius|23/100
|
|-heal|p2a: Gholdengo|15/100|[from] item: Leftovers
|-damage|p1a: Tropius|11/100|[from] Salt Cure
|-item|p1a: Tropius|Sitrus Berry|[from] ability: Harvest
|upkeep
|-enditem|p1a: Tropius|Sitrus Berry|[eat]
|-heal|p1a: Tropius|36/100|[from] item: Sitrus Berry
|turn|18
|inactive|moosemooseman has 120 seconds left.
|inactive|lorditachii has 120 seconds left.
|l|‽lorditachii
|inactive|lorditachii disconnected and has a minute to reconnect!
|player|p1|
|j|‽lorditachii
|inactive|lorditachii reconnected and has 100 seconds left.
|player|p1|lorditachii|lance|
|n|‽lorditachii|lorditachii
|
|t:|1743872455
|move|p1a: Tropius|Protect|p1a: Tropius
|-singleturn|p1a: Tropius|Protect
|move|p2a: Gholdengo|Shadow Ball|p1a: Tropius
|-activate|p1a: Tropius|move: Protect
|
|-heal|p2a: Gholdengo|21/100|[from] item: Leftovers
|-damage|p1a: Tropius|24/100|[from] Salt Cure
|upkeep
|turn|19
|l|‽lorditachii
|inactive|lorditachii disconnected and has a minute to reconnect!
|player|p1|
|inactive|moosemooseman has 120 seconds left.
|j|‽lorditachii
|inactive|lorditachii reconnected.
|player|p1|lorditachii|lance|
|n|‽lorditachii|lorditachii
|
|t:|1743872472
|move|p2a: Gholdengo|Shadow Ball|p1a: Tropius
|-end|p1a: Tropius|Substitute
|move|p1a: Tropius|Air Slash|p2a: Gholdengo
|-resisted|p2a: Gholdengo
|-damage|p2a: Gholdengo|8/100
|
|-heal|p2a: Gholdengo|14/100|[from] item: Leftovers
|-damage|p1a: Tropius|11/100|[from] Salt Cure
|-item|p1a: Tropius|Sitrus Berry|[from] ability: Harvest
|upkeep
|-enditem|p1a: Tropius|Sitrus Berry|[eat]
|-heal|p1a: Tropius|36/100|[from] item: Sitrus Berry
|turn|20
|inactive|moosemooseman has 120 seconds left.
|
|t:|1743872479
|move|p1a: Tropius|Protect|p1a: Tropius
|-singleturn|p1a: Tropius|Protect
|move|p2a: Gholdengo|Shadow Ball|p1a: Tropius
|-activate|p1a: Tropius|move: Protect
|
|-heal|p2a: Gholdengo|20/100|[from] item: Leftovers
|-damage|p1a: Tropius|24/100|[from] Salt Cure
|-item|p1a: Tropius|Sitrus Berry|[from] ability: Harvest
|upkeep
|-enditem|p1a: Tropius|Sitrus Berry|[eat]
|-heal|p1a: Tropius|49/100|[from] item: Sitrus Berry
|turn|21
|
|t:|1743872502
|move|p2a: Gholdengo|Shadow Ball|p1a: Tropius
|-damage|p1a: Tropius|19/100
|move|p1a: Tropius|Air Slash|p2a: Gholdengo
|-resisted|p2a: Gholdengo
|-damage|p2a: Gholdengo|7/100
|
|-heal|p2a: Gholdengo|13/100|[from] item: Leftovers
|-damage|p1a: Tropius|6/100|[from] Salt Cure
|upkeep
|turn|22
|
|t:|1743872519
|move|p1a: Tropius|Protect|p1a: Tropius
|-singleturn|p1a: Tropius|Protect
|move|p2a: Gholdengo|Shadow Ball|p1a: Tropius
|-activate|p1a: Tropius|move: Protect
|
|-heal|p2a: Gholdengo|19/100|[from] item: Leftovers
|-damage|p1a: Tropius|0 fnt|[from] Salt Cure
|faint|p1a: Tropius
|upkeep
|inactive|lorditachii has 90 seconds left.
|
|t:|1743872538
|switch|p1a: Tornadus|Tornadus-Therian, M|100/100
|turn|23
|
|t:|1743872548
|move|p1a: Tornadus|Heat Wave|p2a: Gholdengo
|-supereffective|p2a: Gholdengo
|-damage|p2a: Gholdengo|0 fnt
|faint|p2a: Gholdengo
|
|upkeep
|
|t:|1743872562
|switch|p2a: Garganacl|Garganacl, M, tera:Water|83/100
|turn|24
|
|t:|1743872569
|move|p1a: Tornadus|U-turn|p2a: Garganacl
|-damage|p2a: Garganacl|74/100
|
|t:|1743872573
|switch|p1a: Clefable|Clefable, F|100/100|[from] U-turn
|move|p2a: Garganacl|Salt Cure|p1a: Clefable
|-damage|p1a: Clefable|83/100
|-start|p1a: Clefable|Salt Cure
|
|-heal|p2a: Garganacl|80/100|[from] item: Leftovers
|upkeep
|turn|25
|inactive|lorditachii has 120 seconds left.
|
|t:|1743872587
|move|p2a: Garganacl|Protect|p2a: Garganacl
|-singleturn|p2a: Garganacl|Protect
|move|p1a: Clefable|Ice Beam|p2a: Garganacl
|-activate|p2a: Garganacl|move: Protect
|
|-heal|p2a: Garganacl|86/100|[from] item: Leftovers
|upkeep
|turn|26
|inactive|lorditachii has 120 seconds left.
|
|t:|1743872597
|switch|p1a: Thundurus|Thundurus-Therian, M|100/100
|-damage|p1a: Thundurus|76/100|[from] Stealth Rock
|move|p2a: Garganacl|Salt Cure|p1a: Thundurus
|-supereffective|p1a: Thundurus
|-damage|p1a: Thundurus|30/100
|-start|p1a: Thundurus|Salt Cure
|
|-heal|p2a: Garganacl|93/100|[from] item: Leftovers
|-damage|p1a: Thundurus|17/100|[from] Salt Cure
|upkeep
|turn|27
|inactive|lorditachii has 120 seconds left.
|
|t:|1743872614
|move|p2a: Garganacl|Protect|p2a: Garganacl
|-singleturn|p2a: Garganacl|Protect
|move|p1a: Thundurus|Discharge|p2a: Garganacl
|-activate|p2a: Garganacl|move: Protect
|
|-heal|p2a: Garganacl|99/100|[from] item: Leftovers
|-damage|p1a: Thundurus|5/100|[from] Salt Cure
|upkeep
|turn|28
|
|t:|1743872639
|switch|p2a: Moltres|Moltres|100/100
|move|p1a: Thundurus|Grass Knot|p2a: Moltres
|-resisted|p2a: Moltres
|-damage|p2a: Moltres|92/100
|
|-damage|p1a: Thundurus|0 fnt|[from] Salt Cure
|faint|p1a: Thundurus
|upkeep
|inactive|lorditachii has 120 seconds left.
|
|t:|1743872649
|switch|p1a: Tornadus|Tornadus-Therian, M|100/100
|turn|29
|
|t:|1743872667
|move|p1a: Tornadus|Air Slash|p2a: Moltres
|-damage|p2a: Moltres|58/100
|move|p2a: Moltres|Flamethrower|p1a: Tornadus
|-damage|p1a: Tornadus|57/100
|
|upkeep
|turn|30
|
|t:|1743872674
|move|p1a: Tornadus|Air Slash|p2a: Moltres
|-damage|p2a: Moltres|24/100
|cant|p2a: Moltres|flinch
|
|upkeep
|turn|31
|
|t:|1743872679
|move|p1a: Tornadus|Air Slash|p2a: Moltres
|-damage|p2a: Moltres|0 fnt
|faint|p2a: Moltres
|
|upkeep
|
|t:|1743872684
|switch|p2a: Garganacl|Garganacl, M, tera:Water|99/100
|turn|32
|
|t:|1743872689
|move|p1a: Tornadus|U-turn|p2a: Garganacl
|-damage|p2a: Garganacl|89/100
|
|t:|1743872692
|switch|p1a: Clefable|Clefable, F|83/100|[from] U-turn
|move|p2a: Garganacl|Salt Cure|p1a: Clefable
|-damage|p1a: Clefable|64/100
|-start|p1a: Clefable|Salt Cure
|
|-heal|p2a: Garganacl|95/100|[from] item: Leftovers
|upkeep
|turn|33
|
|t:|1743872705
|move|p2a: Garganacl|Protect|p2a: Garganacl
|-singleturn|p2a: Garganacl|Protect
|move|p1a: Clefable|Moonlight|p1a: Clefable
|-heal|p1a: Clefable|100/100
|
|-heal|p2a: Garganacl|100/100|[from] item: Leftovers
|upkeep
|turn|34
|
|t:|1743872710
|switch|p1a: Tornadus|Tornadus-Therian, M|90/100
|move|p2a: Garganacl|Stealth Rock||[still]
|-fail|p2a: Garganacl
|
|upkeep
|turn|35
|
|t:|1743872724
|move|p1a: Tornadus|Air Slash|p2a: Garganacl|[miss]
|-miss|p1a: Tornadus|p2a: Garganacl
|move|p2a: Garganacl|Salt Cure|p1a: Tornadus
|-supereffective|p1a: Tornadus
|-damage|p1a: Tornadus|48/100
|-start|p1a: Tornadus|Salt Cure
|
|-damage|p1a: Tornadus|36/100|[from] Salt Cure
|upkeep
|turn|36
|
|t:|1743872737
|switch|p1a: Clefable|Clefable, F|100/100
|move|p2a: Garganacl|Salt Cure|p1a: Clefable
|-crit|p1a: Clefable
|-damage|p1a: Clefable|72/100
|-start|p1a: Clefable|Salt Cure
|
|upkeep
|turn|37
|
|t:|1743872755
|move|p2a: Garganacl|Protect|p2a: Garganacl
|-singleturn|p2a: Garganacl|Protect
|move|p1a: Clefable|Thunderbolt|p2a: Garganacl
|-activate|p2a: Garganacl|move: Protect
|
|upkeep
|turn|38
|
|t:|1743872760
|switch|p1a: Tornadus|Tornadus-Therian, M|69/100
|switch|p2a: Gliscor|Gliscor, M|65/100 tox
|
|-heal|p2a: Gliscor|77/100 tox|[from] ability: Poison Heal
|upkeep
|turn|39
|
|t:|1743872767
|move|p1a: Tornadus|U-turn|p2a: Gliscor
|-resisted|p2a: Gliscor
|-damage|p2a: Gliscor|72/100 tox
|
|t:|1743872771
|switch|p1a: Clefable|Clefable, F|72/100|[from] U-turn
|move|p2a: Gliscor|Toxic|p1a: Clefable|[miss]
|-miss|p2a: Gliscor|p1a: Clefable
|
|-heal|p2a: Gliscor|85/100 tox|[from] ability: Poison Heal
|upkeep
|turn|40
|
|t:|1743872779
|switch|p2a: Garganacl|Garganacl, M, tera:Water|100/100
|move|p1a: Clefable|Ice Beam|p2a: Garganacl
|-resisted|p2a: Garganacl
|-damage|p2a: Garganacl|91/100
|
|-heal|p2a: Garganacl|97/100|[from] item: Leftovers
|upkeep
|turn|41
|
|t:|1743872786
|switch|p1a: Tornadus|Tornadus-Therian, M|100/100
|move|p2a: Garganacl|Salt Cure|p1a: Tornadus
|-supereffective|p1a: Tornadus
|-damage|p1a: Tornadus|64/100
|-start|p1a: Tornadus|Salt Cure
|
|-heal|p2a: Garganacl|100/100|[from] item: Leftovers
|-damage|p1a: Tornadus|52/100|[from] Salt Cure
|upkeep
|turn|42
|
|t:|1743872792
|switch|p2a: Great Tusk|Great Tusk|100/100
|move|p1a: Tornadus|U-turn|p2a: Great Tusk
|-resisted|p2a: Great Tusk
|-damage|p2a: Great Tusk|96/100
|-damage|p1a: Tornadus|36/100|[from] item: Rocky Helmet|[of] p2a: Great Tusk
|
|t:|1743872796
|switch|p1a: Clefable|Clefable, F|72/100|[from] U-turn
|
|upkeep
|turn|43
|
|t:|1743872800
|-end|p2a: Great Tusk|Protosynthesis|[silent]
|switch|p2a: Garganacl|Garganacl, M, tera:Water|100/100
|move|p1a: Clefable|Ice Beam|p2a: Garganacl
|-resisted|p2a: Garganacl
|-damage|p2a: Garganacl|92/100
|
|-heal|p2a: Garganacl|98/100|[from] item: Leftovers
|upkeep
|turn|44
|
|t:|1743872810
|switch|p1a: Tornadus|Tornadus-Therian, M|69/100
|move|p2a: Garganacl|Salt Cure|p1a: Tornadus
|-supereffective|p1a: Tornadus
|-damage|p1a: Tornadus|30/100
|-start|p1a: Tornadus|Salt Cure
|
|-heal|p2a: Garganacl|100/100|[from] item: Leftovers
|-damage|p1a: Tornadus|18/100|[from] Salt Cure
|upkeep
|turn|45
|
|t:|1743872822
|switch|p1a: Clefable|Clefable, F|72/100
|switch|p2a: Great Tusk|Great Tusk|96/100
|
|upkeep
|turn|46
|
|t:|1743872830
|move|p2a: Great Tusk|Headlong Rush|p1a: Clefable
|-damage|p1a: Clefable|4/100
|-unboost|p2a: Great Tusk|def|1
|-unboost|p2a: Great Tusk|spd|1
|move|p1a: Clefable|Thunderbolt|p2a: Great Tusk
|-immune|p2a: Great Tusk
|
|upkeep
|turn|47
|
|t:|1743872838
|move|p2a: Great Tusk|Knock Off|p1a: Clefable
|-resisted|p1a: Clefable
|-damage|p1a: Clefable|0 fnt
|-enditem|p1a: Clefable|Choice Scarf|[from] move: Knock Off|[of] p2a: Great Tusk
|faint|p1a: Clefable
|
|upkeep
|
|t:|1743872839
|switch|p1a: Tornadus|Tornadus-Therian, M|51/100
|turn|48
|
|t:|1743872843
|-end|p2a: Great Tusk|Protosynthesis|[silent]
|switch|p2a: Garganacl|Garganacl, M, tera:Water|100/100
|move|p1a: Tornadus|Air Slash|p2a: Garganacl
|-damage|p2a: Garganacl|75/100
|
|-heal|p2a: Garganacl|81/100|[from] item: Leftovers
|upkeep
|turn|49
|
|t:|1743872849
|-terastallize|p1a: Tornadus|Ground
|move|p1a: Tornadus|Sludge Bomb|p2a: Garganacl
|-damage|p2a: Garganacl|63/100
|move|p2a: Garganacl|Salt Cure|p1a: Tornadus
|-resisted|p1a: Tornadus
|-damage|p1a: Tornadus|42/100
|-start|p1a: Tornadus|Salt Cure
|
|-heal|p2a: Garganacl|69/100|[from] item: Leftovers
|-damage|p1a: Tornadus|29/100|[from] Salt Cure
|upkeep
|turn|50
|
|t:|1743872865
|move|p2a: Garganacl|Protect|p2a: Garganacl
|-singleturn|p2a: Garganacl|Protect
|move|p1a: Tornadus|Air Slash|p2a: Garganacl
|-activate|p2a: Garganacl|move: Protect
|
|-heal|p2a: Garganacl|75/100|[from] item: Leftovers
|-damage|p1a: Tornadus|17/100|[from] Salt Cure
|upkeep
|turn|51
|
|t:|1743872870
|move|p1a: Tornadus|Air Slash|p2a: Garganacl
|-damage|p2a: Garganacl|50/100
|move|p2a: Garganacl|Salt Cure|p1a: Tornadus
|-resisted|p1a: Tornadus
|-damage|p1a: Tornadus|7/100
|
|-heal|p2a: Garganacl|56/100|[from] item: Leftovers
|-damage|p1a: Tornadus|0 fnt|[from] Salt Cure
|faint|p1a: Tornadus
|
|win|moosemooseman
|raw|lorditachii's rating: 1261 &rarr; <strong>1242</strong><br />(-19 for losing)
|raw|moosemooseman's rating: 1342 &rarr; <strong>1357</strong><br />(+15 for winning)
|l|☆moosemooseman
|player|p2|
|l|‽lorditachii
|player|p1|
