|j|☆newt404
|j|☆Team BBIO 38
|t:|1743884911
|gametype|singles
|player|p1|newt404|janitor|1464
|player|p2|Team BBIO 38|dragontamer|1421
|teamsize|p1|6
|teamsize|p2|6
|gen|9
|tier|[Gen 9] OU
|rated|
|rule|HP Percentage Mod: HP is shown in percentages
|rule|Endless Battle Clause: Forcing endless battles is banned
|rule|Species Clause: Limit one of each Pokémon
|rule|OHKO Clause: OHKO moves are banned
|rule|Evasion Items Clause: Evasion items are banned
|rule|Evasion Moves Clause: Evasion moves are banned
|rule|Sleep Moves Clause: Sleep-inducing moves are banned
|clearpoke
|poke|p1|Cinderace, F|
|poke|p1|Kingambit, M|
|poke|p1|Great Tusk|
|poke|p1|Hatterene, F|
|poke|p1|Pecharunt|
|poke|p1|Garchomp, M|
|poke|p2|Dusclops, M|
|poke|p2|Blissey, F|
|poke|p2|Flamigo, M|
|poke|p2|Mimikyu, M|
|poke|p2|Rotom-Wash|
|poke|p2|Alcremie, F|
|teampreview
|inactive|Battle timer is ON: inactive players will automatically lose when time's up. (requested by Team BBIO 38)
|
|t:|1743884932
|start
|switch|p1a: Hatterene|Hatterene, F|100/100
|switch|p2a: Blissey|Blissey, F|100/100
|turn|1
|
|t:|1743884946
|switch|p1a: Great Tusk|Great Tusk|100/100
|move|p2a: Blissey|Stealth Rock|p1a: Great Tusk
|-sidestart|p1: newt404|move: Stealth Rock
|
|upkeep
|turn|2
|
|t:|1743884952
|switch|p2a: Dusclops|Dusclops, M|100/100
|-item|p1a: Great Tusk|Leftovers|[from] ability: Frisk|[of] p2a: Dusclops
|move|p1a: Great Tusk|Headlong Rush|p2a: Dusclops
|-damage|p2a: Dusclops|77/100
|-unboost|p1a: Great Tusk|def|1
|-unboost|p1a: Great Tusk|spd|1
|
|upkeep
|turn|3
|
|t:|1743884960
|-end|p1a: Great Tusk|Protosynthesis|[silent]
|switch|p1a: Pecharunt|Pecharunt|100/100
|move|p2a: Dusclops|Will-O-Wisp|p1a: Pecharunt
|-status|p1a: Pecharunt|brn
|
|-damage|p1a: Pecharunt|94/100 brn|[from] brn
|upkeep
|turn|4
|
|t:|1743884970
|switch|p2a: Blissey|Blissey, F|100/100
|move|p1a: Pecharunt|Parting Shot|p2a: Blissey
|-unboost|p2a: Blissey|atk|1
|-unboost|p2a: Blissey|spa|1
|
|t:|1743884974
|switch|p1a: Garchomp|Garchomp, M|100/100|[from] Parting Shot
|-damage|p1a: Garchomp|94/100|[from] Stealth Rock
|
|upkeep
|turn|5
|
|t:|1743884979
|switch|p2a: Dusclops|Dusclops, M|77/100
|-item|p1a: Garchomp|Rocky Helmet|[from] ability: Frisk|[of] p2a: Dusclops
|move|p1a: Garchomp|Stealth Rock|p2a: Dusclops
|-sidestart|p2: Team BBIO 38|move: Stealth Rock
|
|upkeep
|turn|6
|
|t:|1743884985
|switch|p1a: Pecharunt|Pecharunt|94/100 brn
|move|p2a: Dusclops|Night Shade|p1a: Pecharunt
|-damage|p1a: Pecharunt|68/100 brn
|
|-damage|p1a: Pecharunt|62/100 brn|[from] brn
|upkeep
|turn|7
|
|t:|1743884994
|move|p1a: Pecharunt|Malignant Chain|p2a: Dusclops
|-resisted|p2a: Dusclops
|-damage|p2a: Dusclops|64/100
|-status|p2a: Dusclops|tox
|-start|p2a: Dusclops|confusion|[from] ability: Poison Puppeteer|[of] p1a: Pecharunt
|-activate|p2a: Dusclops|confusion
|-damage|p2a: Dusclops|60/100 tox|[from] confusion
|
|-damage|p2a: Dusclops|54/100 tox|[from] psn
|-damage|p1a: Pecharunt|56/100 brn|[from] brn
|upkeep
|turn|8
|
|t:|1743885008
|switch|p2a: Blissey|Blissey, F|100/100
|-damage|p2a: Blissey|88/100|[from] Stealth Rock
|move|p1a: Pecharunt|Recover|p1a: Pecharunt
|-heal|p1a: Pecharunt|100/100 brn
|
|-heal|p2a: Blissey|94/100|[from] item: Leftovers
|-damage|p1a: Pecharunt|94/100 brn|[from] brn
|upkeep
|turn|9
|inactive|newt404 has 120 seconds left.
|
|t:|1743885040
|switch|p1a: Great Tusk|Great Tusk|100/100
|-damage|p1a: Great Tusk|98/100|[from] Stealth Rock
|move|p2a: Blissey|Heal Bell|p2a: Blissey
|-activate|p2a: Blissey|move: Heal Bell
|-curestatus|p2: Dusclops|tox|[msg]
|
|-heal|p1a: Great Tusk|100/100|[from] item: Leftovers
|-heal|p2a: Blissey|99/100|[from] item: Leftovers
|upkeep
|turn|10
|
|t:|1743885050
|switch|p2a: Dusclops|Dusclops, M|54/100
|-damage|p2a: Dusclops|42/100|[from] Stealth Rock
|-item|p1a: Great Tusk|Leftovers|[from] ability: Frisk|[of] p2a: Dusclops
|move|p1a: Great Tusk|Headlong Rush|p2a: Dusclops
|-damage|p2a: Dusclops|17/100
|-unboost|p1a: Great Tusk|def|1
|-unboost|p1a: Great Tusk|spd|1
|
|upkeep
|turn|11
|
|t:|1743885060
|move|p1a: Great Tusk|Headlong Rush|p2a: Dusclops
|-crit|p2a: Dusclops
|-damage|p2a: Dusclops|0 fnt
|-unboost|p1a: Great Tusk|def|1
|-unboost|p1a: Great Tusk|spd|1
|faint|p2a: Dusclops
|
|upkeep
|
|t:|1743885066
|switch|p2a: Flamigo|Flamigo, M|100/100
|-damage|p2a: Flamigo|88/100|[from] Stealth Rock
|turn|12
|
|t:|1743885070
|-end|p1a: Great Tusk|Protosynthesis|[silent]
|switch|p1a: Pecharunt|Pecharunt|94/100 brn
|move|p2a: Flamigo|Brave Bird|p1a: Pecharunt
|-damage|p1a: Pecharunt|59/100 brn
|-damage|p2a: Flamigo|74/100|[from] Recoil
|
|-damage|p1a: Pecharunt|53/100 brn|[from] brn
|upkeep
|turn|13
|
|t:|1743885080
|move|p2a: Flamigo|Brave Bird|p1a: Pecharunt
|-damage|p1a: Pecharunt|19/100 brn
|-damage|p2a: Flamigo|60/100|[from] Recoil
|move|p1a: Pecharunt|Recover|p1a: Pecharunt
|-heal|p1a: Pecharunt|69/100 brn
|
|-damage|p1a: Pecharunt|63/100 brn|[from] brn
|upkeep
|turn|14
|
|t:|1743885089
|switch|p2a: Blissey|Blissey, F|99/100
|-damage|p2a: Blissey|88/100|[from] Stealth Rock
|move|p1a: Pecharunt|Recover|p1a: Pecharunt
|-heal|p1a: Pecharunt|100/100 brn
|
|-heal|p2a: Blissey|94/100|[from] item: Leftovers
|-damage|p1a: Pecharunt|94/100 brn|[from] brn
|upkeep
|turn|15
|
|t:|1743885098
|move|p1a: Pecharunt|Parting Shot|p2a: Blissey
|-unboost|p2a: Blissey|atk|1
|-unboost|p2a: Blissey|spa|1
|
|t:|1743885105
|switch|p1a: Great Tusk|Great Tusk|100/100|[from] Parting Shot
|-damage|p1a: Great Tusk|98/100|[from] Stealth Rock
|move|p2a: Blissey|Seismic Toss|p1a: Great Tusk
|-damage|p1a: Great Tusk|74/100
|
|-heal|p1a: Great Tusk|81/100|[from] item: Leftovers
|-heal|p2a: Blissey|99/100|[from] item: Leftovers
|upkeep
|turn|16
|
|t:|1743885115
|switch|p2a: Rotom|Rotom-Wash|100/100
|-damage|p2a: Rotom|88/100|[from] Stealth Rock
|move|p1a: Great Tusk|Rapid Spin|p2a: Rotom
|-damage|p2a: Rotom|71/100
|-boost|p1a: Great Tusk|spe|1
|-sideend|p1: newt404|Stealth Rock|[from] move: Rapid Spin|[of] p1a: Great Tusk
|
|-heal|p1a: Great Tusk|87/100|[from] item: Leftovers
|upkeep
|turn|17
|
|t:|1743885135
|-end|p1a: Great Tusk|Protosynthesis|[silent]
|switch|p1a: Hatterene|Hatterene, F|100/100
|move|p2a: Rotom|Trick|p1a: Hatterene
|-activate|p2a: Rotom|move: Trick|[of] p1a: Hatterene
|-item|p1a: Hatterene|Choice Specs|[from] move: Trick
|-item|p2a: Rotom|Focus Sash|[from] move: Trick
|
|upkeep
|turn|18
|
|t:|1743885144
|move|p2a: Rotom|Pain Split|p1a: Hatterene
|-sethp|p1a: Hatterene|84/100|[from] move: Pain Split|[silent]
|-sethp|p2a: Rotom|88/100|[from] move: Pain Split
|move|p1a: Hatterene|Psychic Noise|p2a: Rotom
|-crit|p2a: Rotom
|-damage|p2a: Rotom|0 fnt
|faint|p2a: Rotom
|
|upkeep
|
|t:|1743885153
|switch|p2a: Blissey|Blissey, F|99/100
|-damage|p2a: Blissey|88/100|[from] Stealth Rock
|turn|19
|
|t:|1743885160
|move|p2a: Blissey|Seismic Toss|p1a: Hatterene
|-damage|p1a: Hatterene|53/100
|move|p1a: Hatterene|Psychic Noise|p2a: Blissey
|-crit|p2a: Blissey
|-damage|p2a: Blissey|50/100
|-start|p2a: Blissey|move: Heal Block
|
|upkeep
|turn|20
|
|t:|1743885170
|switch|p1a: Cinderace|Cinderace, F|100/100
|move|p2a: Blissey|Seismic Toss|p1a: Cinderace
|-damage|p1a: Cinderace|67/100
|
|-end|p2a: Blissey|move: Heal Block
|upkeep
|turn|21
|
|t:|1743885179
|move|p1a: Cinderace|Pyro Ball|p2a: Blissey
|-damage|p2a: Blissey|0 fnt
|faint|p2a: Blissey
|-damage|p1a: Cinderace|57/100|[from] item: Life Orb
|
|upkeep
|
|t:|1743885184
|switch|p2a: Mimikyu|Mimikyu, M|100/100
|-damage|p2a: Mimikyu|88/100|[from] Stealth Rock
|turn|22
|
|t:|1743885191
|move|p1a: Cinderace|Pyro Ball|p2a: Mimikyu
|-activate|p2a: Mimikyu|ability: Disguise
|-damage|p2a: Mimikyu|88/100
|detailschange|p2a: Mimikyu|Mimikyu-Busted, M
|-damage|p2a: Mimikyu|76/100|[from] pokemon: Mimikyu-Busted
|-enditem|p2a: Mimikyu|Red Card|[of] p1a: Cinderace
|drag|p1a: Hatterene|Hatterene, F|53/100
|move|p2a: Mimikyu|Shadow Claw|p1a: Hatterene
|-supereffective|p1a: Hatterene
|-damage|p1a: Hatterene|0 fnt
|faint|p1a: Hatterene
|
|upkeep
|
|t:|1743885206
|switch|p1a: Garchomp|Garchomp, M|94/100
|turn|23
|
|t:|1743885210
|move|p1a: Garchomp|Earthquake|p2a: Mimikyu
|-damage|p2a: Mimikyu|0 fnt
|faint|p2a: Mimikyu
|
|upkeep
|
|t:|1743885216
|switch|p2a: Alcremie|Alcremie, F|100/100
|-damage|p2a: Alcremie|88/100|[from] Stealth Rock
|turn|24
|
|t:|1743885221
|move|p1a: Garchomp|Earthquake|p2a: Alcremie
|-damage|p2a: Alcremie|41/100
|move|p2a: Alcremie|Acid Armor|p2a: Alcremie
|-boost|p2a: Alcremie|def|2
|
|-heal|p2a: Alcremie|47/100|[from] item: Leftovers
|upkeep
|turn|25
|
|t:|1743885229
|switch|p1a: Pecharunt|Pecharunt|94/100 brn
|move|p2a: Alcremie|Draining Kiss|p1a: Pecharunt
|-resisted|p1a: Pecharunt
|-damage|p1a: Pecharunt|85/100 brn
|-heal|p2a: Alcremie|55/100|[from] drain|[of] p1a: Pecharunt
|
|-heal|p2a: Alcremie|61/100|[from] item: Leftovers
|-damage|p1a: Pecharunt|79/100 brn|[from] brn
|upkeep
|turn|26
|
|t:|1743885239
|-terastallize|p2a: Alcremie|Steel
|move|p1a: Pecharunt|Malignant Chain|p2a: Alcremie
|-immune|p2a: Alcremie
|move|p2a: Alcremie|Acid Armor|p2a: Alcremie
|-boost|p2a: Alcremie|def|2
|
|-heal|p2a: Alcremie|67/100|[from] item: Leftovers
|-damage|p1a: Pecharunt|73/100 brn|[from] brn
|upkeep
|turn|27
|
|t:|1743885252
|move|p1a: Pecharunt|Parting Shot|p2a: Alcremie
|-unboost|p2a: Alcremie|atk|1
|-unboost|p2a: Alcremie|spa|1
|
|t:|1743885254
|switch|p1a: Cinderace|Cinderace, F|57/100|[from] Parting Shot
|move|p2a: Alcremie|Acid Armor|p2a: Alcremie
|-boost|p2a: Alcremie|def|2
|
|-heal|p2a: Alcremie|73/100|[from] item: Leftovers
|upkeep
|turn|28
|
|t:|1743885262
|move|p1a: Cinderace|Swords Dance|p1a: Cinderace
|-start|p1a: Cinderace|typechange|Normal|[from] ability: Libero
|-boost|p1a: Cinderace|atk|2
|move|p2a: Alcremie|Calm Mind|p2a: Alcremie
|-boost|p2a: Alcremie|spa|1
|-boost|p2a: Alcremie|spd|1
|
|-heal|p2a: Alcremie|79/100|[from] item: Leftovers
|upkeep
|turn|29
|
|t:|1743885270
|move|p1a: Cinderace|Pyro Ball|p2a: Alcremie
|-supereffective|p2a: Alcremie
|-damage|p2a: Alcremie|32/100
|-damage|p1a: Cinderace|47/100|[from] item: Life Orb
|move|p2a: Alcremie|Draining Kiss|p1a: Cinderace
|-damage|p1a: Cinderace|20/100
|-heal|p2a: Alcremie|50/100|[from] drain|[of] p1a: Cinderace
|
|-heal|p2a: Alcremie|56/100|[from] item: Leftovers
|upkeep
|turn|30
|
|t:|1743885279
|move|p1a: Cinderace|Pyro Ball|p2a: Alcremie
|-supereffective|p2a: Alcremie
|-damage|p2a: Alcremie|12/100
|-damage|p1a: Cinderace|10/100|[from] item: Life Orb
|move|p2a: Alcremie|Draining Kiss|p1a: Cinderace
|-damage|p1a: Cinderace|0 fnt
|-heal|p2a: Alcremie|18/100|[from] drain|[of] p1a: Cinderace
|faint|p1a: Cinderace
|
|-heal|p2a: Alcremie|24/100|[from] item: Leftovers
|upkeep
|
|t:|1743885283
|switch|p1a: Great Tusk|Great Tusk|87/100
|turn|31
|
|t:|1743885291
|move|p1a: Great Tusk|Headlong Rush|p2a: Alcremie
|-supereffective|p2a: Alcremie
|-damage|p2a: Alcremie|0 fnt
|-unboost|p1a: Great Tusk|def|1
|-unboost|p1a: Great Tusk|spd|1
|faint|p2a: Alcremie
|
|-heal|p1a: Great Tusk|93/100|[from] item: Leftovers
|upkeep
|
|t:|1743885299
|switch|p2a: Flamigo|Flamigo, M|60/100
|-damage|p2a: Flamigo|48/100|[from] Stealth Rock
|turn|32
|
|t:|1743885302
|-end|p1a: Great Tusk|Protosynthesis|[silent]
|switch|p1a: Pecharunt|Pecharunt|73/100 brn
|move|p2a: Flamigo|Brave Bird|p1a: Pecharunt
|-crit|p1a: Pecharunt
|-damage|p1a: Pecharunt|23/100 brn
|-damage|p2a: Flamigo|28/100|[from] Recoil
|
|-damage|p1a: Pecharunt|17/100 brn|[from] brn
|upkeep
|turn|33
|
|t:|1743885310
|move|p2a: Flamigo|Brave Bird|p1a: Pecharunt
|-damage|p1a: Pecharunt|0 fnt
|faint|p1a: Pecharunt
|-damage|p2a: Flamigo|21/100|[from] Recoil
|
|upkeep
|
|t:|1743885313
|switch|p1a: Garchomp|Garchomp, M|94/100
|turn|34
|
|t:|1743885317
|move|p2a: Flamigo|Brave Bird|p1a: Garchomp
|-damage|p1a: Garchomp|40/100
|-damage|p2a: Flamigo|9/100|[from] ability: Rough Skin|[of] p1a: Garchomp
|-damage|p2a: Flamigo|0 fnt|[from] item: Rocky Helmet|[of] p1a: Garchomp
|faint|p2a: Flamigo
|
|win|newt404
|raw|newt404's rating: 1464 &rarr; <strong>1482</strong><br />(+18 for winning)
|raw|Team BBIO 38's rating: 1421 &rarr; <strong>1403</strong><br />(-18 for losing)
|l|☆Team BBIO 38
|player|p2|
|l|☆newt404
|player|p1|
