|j|☆BigRich24
|j|☆TestAccount0619
|t:|1743787973
|gametype|singles
|player|p1|BigRich24|2|1156
|player|p2|TestAccount0619|170|1133
|teamsize|p1|6
|teamsize|p2|6
|gen|9
|tier|[Gen 9] OU
|rated|
|rule|HP Percentage Mod: HP is shown in percentages
|rule|Endless Battle Clause: Forcing endless battles is banned
|rule|Species Clause: Limit one of each Pokémon
|rule|OHKO Clause: OHKO moves are banned
|rule|Evasion Items Clause: Evasion items are banned
|rule|Evasion Moves Clause: Evasion moves are banned
|rule|Sleep Moves Clause: Sleep-inducing moves are banned
|clearpoke
|poke|p1|Hydrapple, M|
|poke|p1|Skarmory, F|
|poke|p1|Tyranitar, M|
|poke|p1|Alomomola, F|
|poke|p1|Clodsire, F|
|poke|p1|Clefable, F|
|poke|p2|Tinkaton, F|
|poke|p2|Ting-Lu|
|poke|p2|Skeledirge, M|
|poke|p2|Gholdengo|
|poke|p2|Alomomola, M|
|poke|p2|Hydrapple, M|
|teampreview
|inactive|Battle timer is ON: inactive players will automatically lose when time's up. (requested by TestAccount0619)
|
|t:|1743787983
|start
|switch|p1a: Clefable|Clefable, F|100/100
|switch|p2a: Tinkaton|Tinkaton, F|100/100
|-ability|p2a: Tinkaton|Mold Breaker
|turn|1
|
|t:|1743787999
|move|p2a: Tinkaton|Stealth Rock|p1a: Clefable
|-sidestart|p1: BigRich24|move: Stealth Rock
|move|p1a: Clefable|Knock Off|p2a: Tinkaton
|-resisted|p2a: Tinkaton
|-damage|p2a: Tinkaton|92/100
|-enditem|p2a: Tinkaton|Leftovers|[from] move: Knock Off|[of] p1a: Clefable
|
|upkeep
|turn|2
|
|t:|1743788009
|move|p1a: Clefable|Protect|p1a: Clefable
|-singleturn|p1a: Clefable|Protect
|move|p2a: Tinkaton|Gigaton Hammer|p1a: Clefable
|-activate|p1a: Clefable|move: Protect
|
|upkeep
|turn|3
|c|☆BigRich24|if i protect
|c|☆BigRich24|can u gigaton again
|c|☆BigRich24|or does that count
|c|☆BigRich24|as a use?
|inactive|BigRich24 has 120 seconds left.
|
|t:|1743788048
|switch|p1a: Clodsire|Clodsire, F|100/100
|move|p2a: Tinkaton|Knock Off|p1a: Clodsire
|-damage|p1a: Clodsire|86/100
|-enditem|p1a: Clodsire|Heavy-Duty Boots|[from] move: Knock Off|[of] p2a: Tinkaton
|
|upkeep
|turn|4
|inactive|BigRich24 has 120 seconds left.
|
|t:|1743788061
|switch|p2a: Ting-Lu|Ting-Lu|100/100
|-ability|p2a: Ting-Lu|Vessel of Ruin
|move|p1a: Clodsire|Earthquake|p2a: Ting-Lu
|-damage|p2a: Ting-Lu|90/100
|
|-heal|p2a: Ting-Lu|96/100|[from] item: Leftovers
|upkeep
|turn|5
|
|t:|1743788068
|move|p2a: Ting-Lu|Spikes|p1a: Clodsire
|-sidestart|p1: BigRich24|Spikes
|move|p1a: Clodsire|Toxic|p2a: Ting-Lu
|-status|p2a: Ting-Lu|tox
|
|-heal|p2a: Ting-Lu|100/100 tox|[from] item: Leftovers
|-damage|p2a: Ting-Lu|94/100 tox|[from] psn
|upkeep
|turn|6
|
|t:|1743788083
|switch|p1a: Hydrapple|Hydrapple, M|100/100
|move|p2a: Ting-Lu|Spikes|p1a: Hydrapple
|-sidestart|p1: BigRich24|Spikes
|
|-heal|p2a: Ting-Lu|100/100 tox|[from] item: Leftovers
|-damage|p2a: Ting-Lu|88/100 tox|[from] psn
|upkeep
|turn|7
|
|t:|1743788090
|switch|p2a: Skeledirge|Skeledirge, M|100/100
|move|p1a: Hydrapple|Nasty Plot|p1a: Hydrapple
|-boost|p1a: Hydrapple|spa|2
|
|upkeep
|turn|8
|
|t:|1743788100
|move|p2a: Skeledirge|Will-O-Wisp|p1a: Hydrapple
|-status|p1a: Hydrapple|brn
|move|p1a: Hydrapple|Earth Power|p2a: Skeledirge
|-supereffective|p2a: Skeledirge
|-damage|p2a: Skeledirge|65/100
|-unboost|p2a: Skeledirge|spd|1
|
|-damage|p1a: Hydrapple|94/100 brn|[from] brn
|upkeep
|turn|9
|
|t:|1743788113
|switch|p2a: Tinkaton|Tinkaton, F|92/100
|-ability|p2a: Tinkaton|Mold Breaker
|move|p1a: Hydrapple|Earth Power|p2a: Tinkaton
|-supereffective|p2a: Tinkaton
|-damage|p2a: Tinkaton|30/100
|-unboost|p2a: Tinkaton|spd|1
|
|-damage|p1a: Hydrapple|88/100 brn|[from] brn
|upkeep
|turn|10
|
|t:|1743788120
|switch|p2a: Skeledirge|Skeledirge, M|65/100
|move|p1a: Hydrapple|Earth Power|p2a: Skeledirge
|-supereffective|p2a: Skeledirge
|-damage|p2a: Skeledirge|30/100
|
|-damage|p1a: Hydrapple|82/100 brn|[from] brn
|upkeep
|turn|11
|
|t:|1743788129
|switch|p2a: Hydrapple|Hydrapple, M|100/100
|move|p1a: Hydrapple|Earth Power|p2a: Hydrapple
|-resisted|p2a: Hydrapple
|-damage|p2a: Hydrapple|77/100
|
|-damage|p1a: Hydrapple|76/100 brn|[from] brn
|upkeep
|turn|12
|
|t:|1743788142
|-terastallize|p2a: Hydrapple|Steel
|move|p1a: Hydrapple|Fickle Beam|p2a: Hydrapple|[anim] Fickle Beam All Out
|-activate|p1a: Hydrapple|move: Fickle Beam
|-resisted|p2a: Hydrapple
|-damage|p2a: Hydrapple|11/100
|move|p2a: Hydrapple|Fickle Beam|p1a: Hydrapple
|-supereffective|p1a: Hydrapple
|-damage|p1a: Hydrapple|0 fnt
|faint|p1a: Hydrapple
|
|upkeep
|
|t:|1743788156
|switch|p1a: Tyranitar|Tyranitar, M|100/100
|-weather|Sandstorm|[from] ability: Sand Stream|[of] p1a: Tyranitar
|turn|13
|
|t:|1743788161
|switch|p2a: Alomomola|Alomomola, M|100/100
|move|p1a: Tyranitar|Stealth Rock|p2a: Alomomola
|-sidestart|p2: TestAccount0619|move: Stealth Rock
|
|-weather|Sandstorm|[upkeep]
|-damage|p2a: Alomomola|94/100|[from] Sandstorm
|upkeep
|turn|14
|
|t:|1743788165
|move|p2a: Alomomola|Wish|p2a: Alomomola
|move|p1a: Tyranitar|Knock Off|p2a: Alomomola
|-damage|p2a: Alomomola|71/100
|-enditem|p2a: Alomomola|Heavy-Duty Boots|[from] move: Knock Off|[of] p1a: Tyranitar
|
|-weather|Sandstorm|[upkeep]
|-damage|p2a: Alomomola|65/100|[from] Sandstorm
|upkeep
|turn|15
|
|t:|1743788170
|move|p2a: Alomomola|Flip Turn|p1a: Tyranitar
|-supereffective|p1a: Tyranitar
|-damage|p1a: Tyranitar|77/100
|
|t:|1743788174
|switch|p2a: Hydrapple|Hydrapple, M, tera:Steel|44/100|[from] Flip Turn
|move|p1a: Tyranitar|Roar|p2a: Hydrapple
|drag|p2a: Gholdengo|Gholdengo|100/100
|-damage|p2a: Gholdengo|94/100|[from] Stealth Rock
|
|-weather|Sandstorm|[upkeep]
|-heal|p2a: Gholdengo|100/100|[from] move: Wish|[wisher] Alomomola
|upkeep
|turn|16
|
|t:|1743788182
|move|p2a: Gholdengo|Make It Rain|p1a: Tyranitar
|-supereffective|p1a: Tyranitar
|-damage|p1a: Tyranitar|32/100
|-unboost|p2a: Gholdengo|spa|1
|move|p1a: Tyranitar|Knock Off|p2a: Gholdengo
|-supereffective|p2a: Gholdengo
|-damage|p2a: Gholdengo|40/100
|-enditem|p2a: Gholdengo|Leftovers|[from] move: Knock Off|[of] p1a: Tyranitar
|
|-weather|Sandstorm|[upkeep]
|upkeep
|turn|17
|
|t:|1743788206
|move|p2a: Gholdengo|Make It Rain|p1a: Tyranitar
|-supereffective|p1a: Tyranitar
|-damage|p1a: Tyranitar|3/100
|-unboost|p2a: Gholdengo|spa|1
|move|p1a: Tyranitar|Knock Off|p2a: Gholdengo
|-supereffective|p2a: Gholdengo
|-crit|p2a: Gholdengo
|-damage|p2a: Gholdengo|0 fnt
|faint|p2a: Gholdengo
|
|-weather|none
|upkeep
|
|t:|1743788212
|switch|p2a: Alomomola|Alomomola, M|98/100
|-damage|p2a: Alomomola|86/100|[from] Stealth Rock
|turn|18
|
|t:|1743788221
|move|p2a: Alomomola|Flip Turn|p1a: Tyranitar
|-supereffective|p1a: Tyranitar
|-damage|p1a: Tyranitar|0 fnt
|faint|p1a: Tyranitar
|
|t:|1743788228
|switch|p2a: Hydrapple|Hydrapple, M, tera:Steel|77/100|[from] Flip Turn
|
|upkeep
|
|t:|1743788244
|switch|p1a: Skarmory|Skarmory, F|100/100
|-damage|p1a: Skarmory|88/100|[from] Stealth Rock
|turn|19
|
|t:|1743788253
|switch|p2a: Skeledirge|Skeledirge, M|30/100
|move|p1a: Skarmory|Body Press|p2a: Skeledirge
|-immune|p2a: Skeledirge
|
|upkeep
|turn|20
|
|t:|1743788261
|switch|p1a: Clodsire|Clodsire, F|86/100
|-damage|p1a: Clodsire|80/100|[from] Stealth Rock
|-damage|p1a: Clodsire|64/100|[from] Spikes
|move|p2a: Skeledirge|Slack Off|p2a: Skeledirge
|-heal|p2a: Skeledirge|80/100
|
|upkeep
|turn|21
|
|t:|1743788271
|switch|p2a: Alomomola|Alomomola, M|100/100
|-damage|p2a: Alomomola|88/100|[from] Stealth Rock
|move|p1a: Clodsire|Rock Tomb|p2a: Alomomola
|-damage|p2a: Alomomola|82/100
|-unboost|p2a: Alomomola|spe|1
|
|upkeep
|turn|22
|
|t:|1743788277
|move|p2a: Alomomola|Scald|p1a: Clodsire
|-supereffective|p1a: Clodsire
|-damage|p1a: Clodsire|46/100
|move|p1a: Clodsire|Toxic|p2a: Alomomola
|-status|p2a: Alomomola|tox
|
|-damage|p2a: Alomomola|76/100 tox|[from] psn
|upkeep
|turn|23
|
|t:|1743788282
|move|p2a: Alomomola|Flip Turn|p1a: Clodsire
|-supereffective|p1a: Clodsire
|-damage|p1a: Clodsire|23/100
|
|t:|1743788286
|switch|p2a: Hydrapple|Hydrapple, M, tera:Steel|100/100|[from] Flip Turn
|move|p1a: Clodsire|Recover|p1a: Clodsire
|-heal|p1a: Clodsire|73/100
|
|upkeep
|turn|24
|
|t:|1743788307
|switch|p1a: Skarmory|Skarmory, F|88/100
|-damage|p1a: Skarmory|76/100|[from] Stealth Rock
|move|p2a: Hydrapple|Nasty Plot|p2a: Hydrapple
|-boost|p2a: Hydrapple|spa|2
|
|upkeep
|turn|25
|
|t:|1743788319
|move|p1a: Skarmory|Body Press|p2a: Hydrapple
|-supereffective|p2a: Hydrapple
|-damage|p2a: Hydrapple|53/100
|move|p2a: Hydrapple|Fickle Beam|p1a: Skarmory
|-resisted|p1a: Skarmory
|-damage|p1a: Skarmory|12/100
|
|upkeep
|turn|26
|
|t:|1743788326
|move|p1a: Skarmory|Spikes|p2a: Hydrapple
|-sidestart|p2: TestAccount0619|Spikes
|move|p2a: Hydrapple|Fickle Beam|p1a: Skarmory
|-resisted|p1a: Skarmory
|-damage|p1a: Skarmory|0 fnt
|faint|p1a: Skarmory
|
|upkeep
|
|t:|1743788334
|switch|p1a: Clodsire|Clodsire, F|73/100
|-damage|p1a: Clodsire|67/100|[from] Stealth Rock
|-damage|p1a: Clodsire|50/100|[from] Spikes
|turn|27
|
|t:|1743788337
|move|p2a: Hydrapple|Earth Power|p1a: Clodsire
|-supereffective|p1a: Clodsire
|-damage|p1a: Clodsire|10/100
|move|p1a: Clodsire|Recover|p1a: Clodsire
|-heal|p1a: Clodsire|60/100
|
|upkeep
|turn|28
|
|t:|1743788343
|move|p2a: Hydrapple|Giga Drain|p1a: Clodsire
|-damage|p1a: Clodsire|32/100
|-heal|p2a: Hydrapple|69/100|[from] drain|[of] p1a: Clodsire
|move|p1a: Clodsire|Recover|p1a: Clodsire
|-heal|p1a: Clodsire|83/100
|
|upkeep
|turn|29
|
|t:|1743788348
|move|p2a: Hydrapple|Giga Drain|p1a: Clodsire
|-damage|p1a: Clodsire|54/100
|-heal|p2a: Hydrapple|85/100|[from] drain|[of] p1a: Clodsire
|move|p1a: Clodsire|Earthquake|p2a: Hydrapple
|-supereffective|p2a: Hydrapple
|-damage|p2a: Hydrapple|45/100
|
|upkeep
|turn|30
|
|t:|1743788354
|move|p2a: Hydrapple|Giga Drain|p1a: Clodsire
|-damage|p1a: Clodsire|26/100
|-heal|p2a: Hydrapple|61/100|[from] drain|[of] p1a: Clodsire
|move|p1a: Clodsire|Recover|p1a: Clodsire
|-heal|p1a: Clodsire|77/100
|
|upkeep
|turn|31
|
|t:|1743788359
|move|p2a: Hydrapple|Giga Drain|p1a: Clodsire
|-damage|p1a: Clodsire|48/100
|-heal|p2a: Hydrapple|77/100|[from] drain|[of] p1a: Clodsire
|move|p1a: Clodsire|Earthquake|p2a: Hydrapple
|-supereffective|p2a: Hydrapple
|-damage|p2a: Hydrapple|34/100
|
|upkeep
|turn|32
|
|t:|1743788364
|move|p2a: Hydrapple|Giga Drain|p1a: Clodsire
|-crit|p1a: Clodsire
|-damage|p1a: Clodsire|9/100
|-heal|p2a: Hydrapple|56/100|[from] drain|[of] p1a: Clodsire
|move|p1a: Clodsire|Recover|p1a: Clodsire
|-heal|p1a: Clodsire|59/100
|
|upkeep
|turn|33
|
|t:|1743788369
|move|p2a: Hydrapple|Giga Drain|p1a: Clodsire
|-damage|p1a: Clodsire|33/100
|-heal|p2a: Hydrapple|70/100|[from] drain|[of] p1a: Clodsire
|move|p1a: Clodsire|Recover|p1a: Clodsire
|-heal|p1a: Clodsire|83/100
|
|upkeep
|turn|34
|
|t:|1743788376
|move|p2a: Hydrapple|Giga Drain|p1a: Clodsire
|-damage|p1a: Clodsire|55/100
|-heal|p2a: Hydrapple|86/100|[from] drain|[of] p1a: Clodsire
|move|p1a: Clodsire|Earthquake|p2a: Hydrapple
|-supereffective|p2a: Hydrapple
|-damage|p2a: Hydrapple|45/100
|
|upkeep
|turn|35
|
|t:|1743788383
|move|p2a: Hydrapple|Giga Drain|p1a: Clodsire
|-damage|p1a: Clodsire|30/100
|-heal|p2a: Hydrapple|59/100|[from] drain|[of] p1a: Clodsire
|move|p1a: Clodsire|Recover|p1a: Clodsire
|-heal|p1a: Clodsire|80/100
|
|upkeep
|turn|36
|
|t:|1743788390
|move|p2a: Hydrapple|Giga Drain|p1a: Clodsire
|-damage|p1a: Clodsire|53/100
|-heal|p2a: Hydrapple|74/100|[from] drain|[of] p1a: Clodsire
|move|p1a: Clodsire|Earthquake|p2a: Hydrapple
|-supereffective|p2a: Hydrapple
|-damage|p2a: Hydrapple|35/100
|
|upkeep
|turn|37
|
|t:|1743788397
|move|p2a: Hydrapple|Giga Drain|p1a: Clodsire
|-damage|p1a: Clodsire|26/100
|-heal|p2a: Hydrapple|50/100|[from] drain|[of] p1a: Clodsire
|move|p1a: Clodsire|Recover|p1a: Clodsire
|-heal|p1a: Clodsire|76/100
|
|upkeep
|turn|38
|
|t:|1743788408
|move|p2a: Hydrapple|Giga Drain|p1a: Clodsire
|-damage|p1a: Clodsire|50/100
|-heal|p2a: Hydrapple|64/100|[from] drain|[of] p1a: Clodsire
|move|p1a: Clodsire|Earthquake|p2a: Hydrapple
|-supereffective|p2a: Hydrapple
|-damage|p2a: Hydrapple|21/100
|
|upkeep
|turn|39
|
|t:|1743788414
|move|p2a: Hydrapple|Giga Drain|p1a: Clodsire
|-damage|p1a: Clodsire|22/100
|-heal|p2a: Hydrapple|37/100|[from] drain|[of] p1a: Clodsire
|move|p1a: Clodsire|Earthquake|p2a: Hydrapple
|-supereffective|p2a: Hydrapple
|-damage|p2a: Hydrapple|0 fnt
|faint|p2a: Hydrapple
|
|upkeep
|
|t:|1743788427
|switch|p2a: Alomomola|Alomomola, M|100/100 tox
|-damage|p2a: Alomomola|88/100 tox|[from] Stealth Rock
|-damage|p2a: Alomomola|76/100 tox|[from] Spikes
|turn|40
|
|t:|1743788446
|switch|p1a: Alomomola|Alomomola, F, shiny|100/100
|move|p2a: Alomomola|Flip Turn|p1a: Alomomola
|-resisted|p1a: Alomomola
|-damage|p1a: Alomomola|96/100
|
|t:|1743788454
|switch|p2a: Skeledirge|Skeledirge, M|80/100|[from] Flip Turn
|
|upkeep
|turn|41
|
|t:|1743788463
|move|p2a: Skeledirge|Will-O-Wisp|p1a: Alomomola
|-status|p1a: Alomomola|brn
|move|p1a: Alomomola|Flip Turn|p2a: Skeledirge
|-supereffective|p2a: Skeledirge
|-damage|p2a: Skeledirge|67/100
|
|t:|1743788474
|switch|p1a: Clefable|Clefable, F|100/100|[from] Flip Turn
|
|upkeep
|turn|42
|
|t:|1743788482
|move|p2a: Skeledirge|Torch Song|p1a: Clefable
|-damage|p1a: Clefable|73/100
|-boost|p2a: Skeledirge|spa|1
|move|p1a: Clefable|Knock Off|p2a: Skeledirge
|-supereffective|p2a: Skeledirge
|-damage|p2a: Skeledirge|44/100
|-enditem|p2a: Skeledirge|Heavy-Duty Boots|[from] move: Knock Off|[of] p1a: Clefable
|
|upkeep
|turn|43
|
|t:|1743788490
|move|p2a: Skeledirge|Slack Off|p2a: Skeledirge
|-heal|p2a: Skeledirge|94/100
|move|p1a: Clefable|Wish|p1a: Clefable
|
|upkeep
|turn|44
|
|t:|1743788498
|move|p2a: Skeledirge|Torch Song|p1a: Clefable
|-damage|p1a: Clefable|33/100
|-boost|p2a: Skeledirge|spa|1
|move|p1a: Clefable|Moonblast|p2a: Skeledirge
|-resisted|p2a: Skeledirge
|-damage|p2a: Skeledirge|82/100
|
|-heal|p1a: Clefable|83/100|[from] move: Wish|[wisher] Clefable
|upkeep
|turn|45
|
|t:|1743788526
|-terastallize|p1a: Clefable|Water
|move|p2a: Skeledirge|Torch Song|p1a: Clefable
|-resisted|p1a: Clefable
|-damage|p1a: Clefable|55/100
|-boost|p2a: Skeledirge|spa|1
|move|p1a: Clefable|Knock Off|p2a: Skeledirge
|-supereffective|p2a: Skeledirge
|-damage|p2a: Skeledirge|65/100
|
|upkeep
|turn|46
|
|t:|1743788534
|move|p2a: Skeledirge|Will-O-Wisp|p1a: Clefable
|-status|p1a: Clefable|brn
|move|p1a: Clefable|Wish|p1a: Clefable
|
|upkeep
|turn|47
|
|t:|1743788543
|switch|p1a: Clodsire|Clodsire, F|22/100
|-damage|p1a: Clodsire|16/100|[from] Stealth Rock
|-damage|p1a: Clodsire|0 fnt|[from] Spikes
|faint|p1a: Clodsire
|move|p2a: Skeledirge|Hex|p1: Clodsire|[notarget]
|-fail|p2a: Skeledirge
|
|upkeep
|
|t:|1743788553
|switch|p1a: Alomomola|Alomomola, F, shiny|100/100 brn
|turn|48
|
|t:|1743788557
|move|p2a: Skeledirge|Hex|p1a: Alomomola
|-damage|p1a: Alomomola|0 fnt
|faint|p1a: Alomomola
|
|upkeep
|l|☆BigRich24
|inactive|BigRich24 disconnected and has a minute to reconnect!
|player|p1|
|inactive|BigRich24 has 30 seconds to reconnect!
|inactive|BigRich24 has 20 seconds to reconnect!
|inactive|BigRich24 has 15 seconds to reconnect!
|inactive|BigRich24 has 10 seconds to reconnect!
|inactive|BigRich24 has 5 seconds to reconnect!
|-message|BigRich24 lost due to inactivity.
|
|win|TestAccount0619
|raw|BigRich24's rating: 1156 &rarr; <strong>1129</strong><br />(-27 for losing)
|raw|TestAccount0619's rating: 1133 &rarr; <strong>1160</strong><br />(+27 for winning)
