|j|☆Thibault56
|j|☆vacheron
|t:|1743789941
|gametype|singles
|player|p1|Thibault56|acetrainer|1779
|player|p2|vacheron|170|1799
|teamsize|p1|6
|teamsize|p2|6
|gen|9
|tier|[Gen 9] OU
|rated|
|rule|HP Percentage Mod: HP is shown in percentages
|rule|Endless Battle Clause: Forcing endless battles is banned
|rule|Species Clause: Limit one of each Pokémon
|rule|OHKO Clause: OHKO moves are banned
|rule|Evasion Items Clause: Evasion items are banned
|rule|Evasion Moves Clause: Evasion moves are banned
|rule|Sleep Moves Clause: Sleep-inducing moves are banned
|clearpoke
|poke|p1|Clodsire, F|
|poke|p1|Incineroar, M|
|poke|p1|Pelipper, M|
|poke|p1|Barraskewda, M|
|poke|p1|Zapdos|
|poke|p1|Corviknight, M|
|poke|p2|Samurott-Hisui, F|
|poke|p2|Iron Valiant|
|poke|p2|Pecharunt|
|poke|p2|Reuniclus, F|
|poke|p2|Darkrai|
|poke|p2|Kingambit, F|
|teampreview
|inactive|Battle timer is ON: inactive players will automatically lose when time's up. (requested by Thibault56)
|
|t:|1743789950
|start
|switch|p1a: Zapdos|Zapdos|100/100
|switch|p2a: Valediction|Samurott-Hisui, F|100/100
|turn|1
|
|t:|1743789952
|move|p1a: Zapdos|Volt Switch|p2a: Valediction
|-supereffective|p2a: Valediction
|-enditem|p2a: Valediction|Focus Sash
|-damage|p2a: Valediction|1/100
|j| Tabata tyrogue
|
|t:|1743789956
|switch|p1a: Corviknight|Corviknight, M|100/100|[from] Volt Switch
|-ability|p1a: Corviknight|Pressure
|move|p2a: Valediction|Ceaseless Edge|p1a: Corviknight
|-damage|p1a: Corviknight|73/100
|-damage|p2a: Valediction|0 fnt|[from] item: Rocky Helmet|[of] p1a: Corviknight
|faint|p2a: Valediction
|
|upkeep
|
|t:|1743789970
|switch|p2a: Mani Katti|Iron Valiant|100/100
|-enditem|p2a: Mani Katti|Booster Energy
|-activate|p2a: Mani Katti|ability: Quark Drive|[fromitem]
|-start|p2a: Mani Katti|quarkdrivespa
|turn|2
|
|t:|1743789973
|switch|p1a: Clodsire|Clodsire, F|100/100
|move|p2a: Mani Katti|Calm Mind|p2a: Mani Katti
|-boost|p2a: Mani Katti|spa|1
|-boost|p2a: Mani Katti|spd|1
|
|upkeep
|turn|3
|
|t:|1743789977
|-end|p2a: Mani Katti|Quark Drive|[silent]
|switch|p2a: Metastasis|Reuniclus, F|100/100
|move|p1a: Clodsire|Gunk Shot|p2a: Metastasis
|-damage|p2a: Metastasis|69/100
|
|upkeep
|turn|4
|
|t:|1743789986
|move|p1a: Clodsire|Gunk Shot|p2a: Metastasis|[miss]
|-miss|p1a: Clodsire|p2a: Metastasis
|move|p2a: Metastasis|Focus Blast|p1a: Clodsire
|-resisted|p1a: Clodsire
|-damage|p1a: Clodsire|87/100
|
|-heal|p1a: Clodsire|93/100|[from] item: Leftovers
|upkeep
|turn|5
|
|t:|1743789992
|switch|p1a: Incineroar|Incineroar, M|100/100
|-ability|p1a: Incineroar|Intimidate|boost
|-unboost|p2a: Metastasis|atk|1
|move|p2a: Metastasis|Psychic Noise|p1a: Incineroar
|-immune|p1a: Incineroar
|
|upkeep
|turn|6
|
|t:|1743789999
|move|p1a: Incineroar|Knock Off|p2a: Metastasis
|-supereffective|p2a: Metastasis
|-damage|p2a: Metastasis|0 fnt
|-enditem|p2a: Metastasis|Life Orb|[from] move: Knock Off|[of] p1a: Incineroar
|faint|p2a: Metastasis
|
|upkeep
|
|t:|1743790003
|switch|p2a: Mani Katti|Iron Valiant|100/100
|turn|7
|j| catcussucks
|
|t:|1743790007
|switch|p1a: Clodsire|Clodsire, F|93/100
|-terastallize|p2a: Mani Katti|Ghost
|move|p2a: Mani Katti|Shadow Ball|p1a: Clodsire
|-crit|p1a: Clodsire
|-damage|p1a: Clodsire|58/100
|
|-heal|p1a: Clodsire|64/100|[from] item: Leftovers
|upkeep
|turn|8
|
|t:|1743790014
|-end|p2a: Mani Katti|Quark Drive|[silent]
|switch|p2a: Murasama|Kingambit, F|100/100
|-activate|p2a: Murasama|ability: Supreme Overlord
|-start|p2a: Murasama|fallen2|[silent]
|move|p1a: Clodsire|Recover|p1a: Clodsire
|-heal|p1a: Clodsire|100/100
|
|upkeep
|turn|9
|j| bobify
|
|t:|1743790016
|switch|p1a: Incineroar|Incineroar, M|100/100
|-ability|p1a: Incineroar|Intimidate|boost
|-unboost|p2a: Murasama|atk|1
|move|p2a: Murasama|Kowtow Cleave|p1a: Incineroar
|-resisted|p1a: Incineroar
|-damage|p1a: Incineroar|82/100
|
|upkeep
|turn|10
|
|t:|1743790023
|move|p1a: Incineroar|Parting Shot|p2a: Murasama
|-unboost|p2a: Murasama|atk|1
|-unboost|p2a: Murasama|spa|1
|
|t:|1743790026
|switch|p1a: Pelipper|Pelipper, M|100/100|[from] Parting Shot
|-weather|RainDance|[from] ability: Drizzle|[of] p1a: Pelipper
|move|p2a: Murasama|Kowtow Cleave|p1a: Pelipper
|-damage|p1a: Pelipper|71/100
|
|-weather|RainDance|[upkeep]
|upkeep
|turn|11
|-message|vacheron forfeited.
|
|win|Thibault56
|raw|Thibault56's rating: 1779 &rarr; <strong>1800</strong><br />(+21 for winning)
|raw|vacheron's rating: 1799 &rarr; <strong>1778</strong><br />(-21 for losing)
|l|☆vacheron
|player|p2|
|l|☆Thibault56
|player|p1|
|l| catcussucks
|l| bobify
|l| Tabata tyrogue
