|j|☆owainj76344
|j|☆01zx
|t:|1743852471
|gametype|singles
|player|p1|owainj76344|2|1338
|player|p2|01zx|cyrus|1345
|teamsize|p1|6
|teamsize|p2|6
|gen|9
|tier|[Gen 9] OU
|rated|
|rule|HP Percentage Mod: HP is shown in percentages
|rule|Endless Battle Clause: Forcing endless battles is banned
|rule|Species Clause: Limit one of each Pokémon
|rule|OHKO Clause: OHKO moves are banned
|rule|Evasion Items Clause: Evasion items are banned
|rule|Evasion Moves Clause: Evasion moves are banned
|rule|Sleep Moves Clause: Sleep-inducing moves are banned
|clearpoke
|poke|p1|Clefable, M|
|poke|p1|Great Tusk|
|poke|p1|Heatran, F|
|poke|p1|Dragapult, M|
|poke|p1|Rillaboom, F|
|poke|p1|Kingambit, F|
|poke|p2|Sinistcha-Masterpiece|
|poke|p2|Kleavor, M|
|poke|p2|Ursaluna, M|
|poke|p2|Alomomola, M|
|poke|p2|Samurott-Hisui, F|
|poke|p2|Glimmora, M|
|teampreview
|
|t:|1743852475
|start
|switch|p1a: Clefable|Clefable, M|100/100
|switch|p2a: Kleavor|Kleavor, M, shiny|100/100
|turn|1
|
|t:|1743852482
|move|p2a: Kleavor|Stone Axe|p1a: Clefable
|-damage|p1a: Clefable|37/100
|-sidestart|p1: owainj76344|move: Stealth Rock
|move|p1a: Clefable|Thunder Wave|p2a: Kleavor
|-status|p2a: Kleavor|par
|
|upkeep
|turn|2
|
|t:|1743852495
|switch|p1a: Great Tusk|Great Tusk|100/100
|cant|p2a: Kleavor|par
|
|upkeep
|turn|3
|
|t:|1743852503
|switch|p2a: Sinistcha|Sinistcha-Masterpiece, shiny|100/100
|move|p1a: Great Tusk|Rapid Spin|p2a: Sinistcha
|-immune|p2a: Sinistcha
|
|upkeep
|turn|4
|
|t:|1743852519
|-end|p1a: Great Tusk|Protosynthesis|[silent]
|switch|p1a: Heatran|Heatran, F|100/100
|-damage|p1a: Heatran|88/100|[from] Stealth Rock
|move|p2a: Sinistcha|Strength Sap|p1a: Heatran
|-unboost|p1a: Heatran|atk|1
|
|-heal|p1a: Heatran|94/100|[from] item: Leftovers
|upkeep
|turn|5
|
|t:|1743852527
|switch|p2a: 无限|Alomomola, M, shiny|100/100
|move|p1a: Heatran|Magma Storm|p2a: 无限
|-resisted|p2a: 无限
|-damage|p2a: 无限|85/100
|-activate|p2a: 无限|move: Magma Storm|[of] p1a: Heatran
|
|-heal|p1a: Heatran|100/100|[from] item: Leftovers
|-heal|p2a: 无限|92/100|[from] item: Leftovers
|-damage|p2a: 无限|79/100|[from] move: Magma Storm|[partiallytrapped]
|upkeep
|turn|6
|
|t:|1743852533
|move|p1a: Heatran|Protect|p1a: Heatran
|-singleturn|p1a: Heatran|Protect
|move|p2a: 无限|Flip Turn|p1a: Heatran
|-activate|p1a: Heatran|move: Protect
|
|-heal|p2a: 无限|85/100|[from] item: Leftovers
|-damage|p2a: 无限|73/100|[from] move: Magma Storm|[partiallytrapped]
|upkeep
|turn|7
|
|t:|1743852540
|move|p1a: Heatran|Magma Storm|p2a: 无限
|-resisted|p2a: 无限
|-damage|p2a: 无限|56/100
|move|p2a: 无限|Flip Turn|p1a: Heatran
|-supereffective|p1a: Heatran
|-damage|p1a: Heatran|74/100
|
|t:|1743852544
|switch|p2a: Samurott|Samurott-Hisui, F, shiny|100/100|[from] Flip Turn
|
|-heal|p1a: Heatran|80/100|[from] item: Leftovers
|upkeep
|turn|8
|
|t:|1743852553
|-terastallize|p1a: Heatran|Grass
|move|p2a: Samurott|Ceaseless Edge|p1a: Heatran
|-damage|p1a: Heatran|21/100
|-sidestart|p1: owainj76344|Spikes
|move|p1a: Heatran|Magma Storm|p2a: Samurott
|-resisted|p2a: Samurott
|-damage|p2a: Samurott|70/100
|-activate|p2a: Samurott|move: Magma Storm|[of] p1a: Heatran
|
|-heal|p1a: Heatran|27/100|[from] item: Leftovers
|-damage|p2a: Samurott|57/100|[from] move: Magma Storm|[partiallytrapped]
|upkeep
|turn|9
|
|t:|1743852561
|move|p1a: Heatran|Protect|p1a: Heatran
|-singleturn|p1a: Heatran|Protect
|move|p2a: Samurott|Ceaseless Edge|p1a: Heatran
|-activate|p1a: Heatran|move: Protect
|
|-heal|p1a: Heatran|33/100|[from] item: Leftovers
|-damage|p2a: Samurott|45/100|[from] move: Magma Storm|[partiallytrapped]
|upkeep
|turn|10
|
|t:|1743852571
|move|p1a: Heatran|Protect|p1a: Heatran
|-singleturn|p1a: Heatran|Protect
|move|p2a: Samurott|Ceaseless Edge|p1a: Heatran
|-activate|p1a: Heatran|move: Protect
|
|-heal|p1a: Heatran|40/100|[from] item: Leftovers
|-damage|p2a: Samurott|32/100|[from] move: Magma Storm|[partiallytrapped]
|upkeep
|turn|11
|
|t:|1743852576
|move|p2a: Samurott|Ceaseless Edge|p1a: Heatran|[miss]
|-miss|p2a: Samurott|p1a: Heatran
|move|p1a: Heatran|Earth Power|p2a: Samurott
|-damage|p2a: Samurott|0 fnt
|faint|p2a: Samurott
|
|-heal|p1a: Heatran|46/100|[from] item: Leftovers
|upkeep
|
|t:|1743852587
|switch|p2a: Kleavor|Kleavor, M, shiny|100/100 par
|turn|12
|
|t:|1743852600
|move|p1a: Heatran|Magma Storm|p2a: Kleavor
|-damage|p2a: Kleavor|36/100 par
|-activate|p2a: Kleavor|move: Magma Storm|[of] p1a: Heatran
|move|p2a: Kleavor|Stone Axe|p1a: Heatran
|-damage|p1a: Heatran|0 fnt
|faint|p1a: Heatran
|
|-end|p2a: Kleavor|Magma Storm|[partiallytrapped]|[silent]
|upkeep
|
|t:|1743852609
|switch|p1a: Great Tusk|Great Tusk|100/100
|turn|13
|
|t:|1743852620
|switch|p2a: Sinistcha|Sinistcha-Masterpiece, shiny|100/100
|move|p1a: Great Tusk|Knock Off|p2a: Sinistcha
|-supereffective|p2a: Sinistcha
|-damage|p2a: Sinistcha|55/100
|-enditem|p2a: Sinistcha|Leftovers|[from] move: Knock Off|[of] p1a: Great Tusk
|
|upkeep
|turn|14
|
|t:|1743852631
|-end|p1a: Great Tusk|Protosynthesis|[silent]
|switch|p1a: Clefable|Clefable, M|37/100
|move|p2a: Sinistcha|Strength Sap|p1a: Clefable
|-unboost|p1a: Clefable|atk|1
|-heal|p2a: Sinistcha|100/100
|
|upkeep
|turn|15
|
|t:|1743852640
|switch|p2a: Ursaluna|Ursaluna, M, shiny|100/100
|move|p1a: Clefable|Trick|p2a: Ursaluna
|-activate|p1a: Clefable|move: Trick|[of] p2a: Ursaluna
|-item|p2a: Ursaluna|Sticky Barb|[from] move: Trick
|-item|p1a: Clefable|Flame Orb|[from] move: Trick
|
|-status|p1a: Clefable|brn|[from] item: Flame Orb
|-damage|p2a: Ursaluna|88/100|[from] item: Sticky Barb
|upkeep
|turn|16
|
|t:|1743852676
|move|p1a: Clefable|Moonlight|p1a: Clefable
|-heal|p1a: Clefable|87/100 brn
|move|p2a: Ursaluna|Facade|p1a: Clefable
|-damage|p1a: Clefable|55/100 brn
|
|-damage|p2a: Ursaluna|76/100|[from] item: Sticky Barb
|upkeep
|turn|17
|
|t:|1743852683
|move|p1a: Clefable|Chilling Water|p2a: Ursaluna
|-supereffective|p2a: Ursaluna
|-damage|p2a: Ursaluna|55/100
|-unboost|p2a: Ursaluna|atk|1
|move|p2a: Ursaluna|Swords Dance|p2a: Ursaluna
|-boost|p2a: Ursaluna|atk|2
|
|-damage|p2a: Ursaluna|42/100|[from] item: Sticky Barb
|upkeep
|turn|18
|
|t:|1743852687
|move|p1a: Clefable|Chilling Water|p2a: Ursaluna
|-supereffective|p2a: Ursaluna
|-damage|p2a: Ursaluna|20/100
|-unboost|p2a: Ursaluna|atk|1
|move|p2a: Ursaluna|Headlong Rush|p1a: Clefable
|-damage|p1a: Clefable|0 fnt
|-unboost|p2a: Ursaluna|def|1
|-unboost|p2a: Ursaluna|spd|1
|faint|p1a: Clefable
|
|-damage|p2a: Ursaluna|7/100|[from] item: Sticky Barb
|upkeep
|
|t:|1743852697
|switch|p1a: Great Tusk|Great Tusk|100/100
|turn|19
|
|t:|1743852707
|switch|p2a: Sinistcha|Sinistcha-Masterpiece, shiny|100/100
|move|p1a: Great Tusk|Rapid Spin|p2a: Sinistcha
|-immune|p2a: Sinistcha
|
|upkeep
|turn|20
|
|t:|1743852712
|move|p1a: Great Tusk|Ice Spinner|p2a: Sinistcha
|-supereffective|p2a: Sinistcha
|-damage|p2a: Sinistcha|62/100
|move|p2a: Sinistcha|Strength Sap|p1a: Great Tusk
|-unboost|p1a: Great Tusk|atk|1
|-heal|p2a: Sinistcha|100/100
|
|upkeep
|turn|21
|
|t:|1743852725
|-end|p1a: Great Tusk|Protosynthesis|[silent]
|switch|p1a: Dragapult|Dragapult, M|100/100
|-damage|p1a: Dragapult|88/100|[from] Stealth Rock
|-damage|p1a: Dragapult|76/100|[from] Spikes
|move|p2a: Sinistcha|Calm Mind|p2a: Sinistcha
|-boost|p2a: Sinistcha|spa|1
|-boost|p2a: Sinistcha|spd|1
|
|upkeep
|turn|22
|inactive|Battle timer is ON: inactive players will automatically lose when time's up. (requested by owainj76344)
|
|t:|1743852732
|move|p1a: Dragapult|Draco Meteor|p2a: Sinistcha
|-damage|p2a: Sinistcha|43/100
|-unboost|p1a: Dragapult|spa|2
|move|p2a: Sinistcha|Strength Sap|p1a: Dragapult
|-unboost|p1a: Dragapult|atk|1
|-heal|p2a: Sinistcha|100/100
|
|upkeep
|turn|23
|
|t:|1743852736
|move|p1a: Dragapult|Draco Meteor|p2a: Sinistcha
|-damage|p2a: Sinistcha|68/100
|-unboost|p1a: Dragapult|spa|2
|move|p2a: Sinistcha|Hex|p1a: Dragapult
|-supereffective|p1a: Dragapult
|-damage|p1a: Dragapult|0 fnt
|faint|p1a: Dragapult
|
|upkeep
|-message|owainj76344 forfeited.
|
|win|01zx
|raw|owainj76344's rating: 1338 &rarr; <strong>1318</strong><br />(-20 for losing)
|raw|01zx's rating: 1345 &rarr; <strong>1365</strong><br />(+20 for winning)
|l|☆owainj76344
|player|p1|
|l|☆01zx
|player|p2|
