|j|☆jiotave
|j|☆love is simple
|t:|1743843661
|gametype|singles
|player|p1|jiotave|hilbert|1471
|player|p2|love is simple|dawn|1414
|teamsize|p1|6
|teamsize|p2|6
|gen|9
|tier|[Gen 9] OU
|rated|
|rule|HP Percentage Mod: HP is shown in percentages
|rule|Endless Battle Clause: Forcing endless battles is banned
|rule|Species Clause: Limit one of each Pokémon
|rule|OHKO Clause: OHKO moves are banned
|rule|Evasion Items Clause: Evasion items are banned
|rule|Evasion Moves Clause: Evasion moves are banned
|rule|Sleep Moves Clause: Sleep-inducing moves are banned
|clearpoke
|poke|p1|Kyurem|
|poke|p1|Slowking-Galar, M|
|poke|p1|Great Tusk|
|poke|p1|Landorus-Therian, M|
|poke|p1|Samurott-Hisui, M|
|poke|p1|Kingambit, M|
|poke|p2|Blissey, F|
|poke|p2|Amoonguss, F|
|poke|p2|Bronzong|
|poke|p2|Gliscor, M|
|poke|p2|Dondozo, F|
|poke|p2|Alomomola, F|
|teampreview
|inactive|Battle timer is ON: inactive players will automatically lose when time's up. (requested by love is simple)
|
|t:|1743843670
|start
|switch|p1a: Slowking|Slowking-Galar, M|100/100
|switch|p2a: Gliscor|Gliscor, M|100/100
|turn|1
|
|t:|1743843680
|move|p2a: Gliscor|Protect|p2a: Gliscor
|-singleturn|p2a: Gliscor|Protect
|-prepare|p1a: Slowking|Chilly Reception|[premajor]
|move|p1a: Slowking|Chilly Reception|p1a: Slowking
|-weather|Snowscape
|
|t:|1743843686
|switch|p1a: Kyurem|Kyurem|100/100|[from] Chilly Reception
|-ability|p1a: Kyurem|Pressure
|
|-weather|Snowscape|[upkeep]
|-status|p2a: Gliscor|tox|[from] item: Toxic Orb
|upkeep
|turn|2
|
|t:|1743843695
|switch|p2a: Bronzong|Bronzong|100/100
|-terastallize|p1a: Kyurem|Ice
|move|p1a: Kyurem|Blizzard|p2a: Bronzong
|-resisted|p2a: Bronzong
|-damage|p2a: Bronzong|60/100
|
|-weather|Snowscape|[upkeep]
|-heal|p2a: Bronzong|66/100|[from] item: Leftovers
|upkeep
|turn|3
|
|t:|1743843707
|switch|p1a: Samurott|Samurott-Hisui, M|100/100
|move|p2a: Bronzong|Stealth Rock|p1a: Samurott
|-sidestart|p1: jiotave|move: Stealth Rock
|
|-weather|Snowscape|[upkeep]
|-heal|p2a: Bronzong|72/100|[from] item: Leftovers
|upkeep
|turn|4
|
|t:|1743843715
|move|p2a: Bronzong|Protect|p2a: Bronzong
|-singleturn|p2a: Bronzong|Protect
|move|p1a: Samurott|Ceaseless Edge|p2a: Bronzong
|-activate|p2a: Bronzong|move: Protect
|
|-weather|Snowscape|[upkeep]
|-heal|p2a: Bronzong|78/100|[from] item: Leftovers
|upkeep
|turn|5
|
|t:|1743843725
|switch|p2a: Gliscor|Gliscor, M|100/100 tox
|move|p1a: Samurott|Ceaseless Edge|p2a: Gliscor
|-damage|p2a: Gliscor|69/100 tox
|-sidestart|p2: love is simple|Spikes
|
|-weather|none
|-heal|p2a: Gliscor|81/100 tox|[from] ability: Poison Heal
|upkeep
|turn|6
|
|t:|1743843734
|move|p2a: Gliscor|Protect|p2a: Gliscor
|-singleturn|p2a: Gliscor|Protect
|move|p1a: Samurott|Ceaseless Edge|p2a: Gliscor
|-activate|p2a: Gliscor|move: Protect
|
|-heal|p2a: Gliscor|94/100 tox|[from] ability: Poison Heal
|upkeep
|turn|7
|
|t:|1743843743
|move|p2a: Gliscor|Earthquake|p1a: Samurott
|-crit|p1a: Samurott
|-damage|p1a: Samurott|48/100
|move|p1a: Samurott|Ceaseless Edge|p2a: Gliscor
|-damage|p2a: Gliscor|63/100 tox
|-sidestart|p2: love is simple|Spikes
|
|-heal|p2a: Gliscor|75/100 tox|[from] ability: Poison Heal
|upkeep
|turn|8
|
|t:|1743843753
|move|p2a: Gliscor|Protect|p2a: Gliscor
|-singleturn|p2a: Gliscor|Protect
|move|p1a: Samurott|Ceaseless Edge|p2a: Gliscor
|-activate|p2a: Gliscor|move: Protect
|
|-heal|p2a: Gliscor|88/100 tox|[from] ability: Poison Heal
|upkeep
|turn|9
|
|t:|1743843763
|switch|p2a: Amoonguss|Amoonguss, F|100/100
|move|p1a: Samurott|Aqua Cutter|p2a: Amoonguss
|-resisted|p2a: Amoonguss
|-damage|p2a: Amoonguss|84/100
|
|upkeep
|turn|10
|
|t:|1743843771
|move|p1a: Samurott|Ceaseless Edge|p2a: Amoonguss
|-damage|p2a: Amoonguss|54/100
|-sidestart|p2: love is simple|Spikes
|move|p2a: Amoonguss|Toxic|p1a: Samurott
|-status|p1a: Samurott|tox
|
|-damage|p1a: Samurott|42/100 tox|[from] psn
|upkeep
|turn|11
|
|t:|1743843780
|move|p1a: Samurott|Flip Turn|p2a: Amoonguss
|-resisted|p2a: Amoonguss
|-damage|p2a: Amoonguss|44/100
|
|t:|1743843787
|switch|p1a: Slowking|Slowking-Galar, M|100/100|[from] Flip Turn
|-damage|p1a: Slowking|88/100|[from] Stealth Rock
|move|p2a: Amoonguss|Synthesis|p2a: Amoonguss
|-heal|p2a: Amoonguss|94/100
|
|-heal|p1a: Slowking|94/100|[from] item: Black Sludge
|upkeep
|turn|12
|
|t:|1743843816
|move|p2a: Amoonguss|Foul Play|p1a: Slowking
|-supereffective|p1a: Slowking
|-damage|p1a: Slowking|67/100
|move|p1a: Slowking|Trick|p2a: Amoonguss
|-activate|p1a: Slowking|move: Trick|[of] p2a: Amoonguss
|-item|p2a: Amoonguss|Black Sludge|[from] move: Trick
|-item|p1a: Slowking|Heavy-Duty Boots|[from] move: Trick
|
|-heal|p2a: Amoonguss|99/100|[from] item: Black Sludge
|upkeep
|turn|13
|
|t:|1743843829
|switch|p2a: Gliscor|Gliscor, M|88/100 tox
|move|p1a: Slowking|Future Sight|p2a: Gliscor
|-start|p1a: Slowking|move: Future Sight
|
|-heal|p2a: Gliscor|100/100 tox|[from] ability: Poison Heal
|upkeep
|turn|14
|
|t:|1743843842
|switch|p1a: Samurott|Samurott-Hisui, M|42/100 tox
|-damage|p1a: Samurott|29/100 tox|[from] Stealth Rock
|move|p2a: Gliscor|Earthquake|p1a: Samurott
|-damage|p1a: Samurott|0 fnt
|faint|p1a: Samurott
|
|upkeep
|
|t:|1743843853
|switch|p1a: Great Tusk|Great Tusk|100/100
|-damage|p1a: Great Tusk|98/100|[from] Stealth Rock
|turn|15
|
|t:|1743843859
|move|p2a: Gliscor|Protect|p2a: Gliscor
|-singleturn|p2a: Gliscor|Protect
|move|p1a: Great Tusk|Stealth Rock|p2a: Gliscor
|-sidestart|p2: love is simple|move: Stealth Rock
|
|-end|p2a: Gliscor|move: Future Sight
|-damage|p2a: Gliscor|58/100 tox
|-heal|p2a: Gliscor|70/100 tox|[from] ability: Poison Heal
|upkeep
|turn|16
|
|t:|1743843870
|switch|p2a: Bronzong|Bronzong|78/100
|-damage|p2a: Bronzong|72/100|[from] Stealth Rock
|move|p1a: Great Tusk|Rapid Spin|p2a: Bronzong
|-resisted|p2a: Bronzong
|-damage|p2a: Bronzong|64/100
|-boost|p1a: Great Tusk|spe|1
|-sideend|p1: jiotave|Stealth Rock|[from] move: Rapid Spin|[of] p1a: Great Tusk
|
|-heal|p2a: Bronzong|70/100|[from] item: Leftovers
|upkeep
|turn|17
|
|t:|1743843881
|move|p1a: Great Tusk|Headlong Rush|p2a: Bronzong
|-immune|p2a: Bronzong|[from] ability: Levitate
|move|p2a: Bronzong|Psychic Noise|p1a: Great Tusk
|-supereffective|p1a: Great Tusk
|-damage|p1a: Great Tusk|26/100
|-start|p1a: Great Tusk|move: Heal Block
|
|-heal|p2a: Bronzong|76/100|[from] item: Leftovers
|upkeep
|turn|18
|
|t:|1743843892
|move|p1a: Great Tusk|Knock Off|p2a: Bronzong
|-supereffective|p2a: Bronzong
|-damage|p2a: Bronzong|19/100
|-enditem|p2a: Bronzong|Leftovers|[from] move: Knock Off|[of] p1a: Great Tusk
|move|p2a: Bronzong|Body Press|p1a: Great Tusk
|-damage|p1a: Great Tusk|10/100
|-damage|p2a: Bronzong|2/100|[from] item: Rocky Helmet|[of] p1a: Great Tusk
|
|-end|p1a: Great Tusk|move: Heal Block
|upkeep
|turn|19
|
|t:|1743843903
|move|p1a: Great Tusk|Rapid Spin|p2a: Bronzong
|-resisted|p2a: Bronzong
|-damage|p2a: Bronzong|0 fnt
|-boost|p1a: Great Tusk|spe|1
|faint|p2a: Bronzong
|
|upkeep
|
|t:|1743843910
|switch|p2a: Gliscor|Gliscor, M|70/100 tox
|-damage|p2a: Gliscor|58/100 tox|[from] Stealth Rock
|turn|20
|
|t:|1743843930
|move|p2a: Gliscor|Protect|p2a: Gliscor
|-singleturn|p2a: Gliscor|Protect
|move|p1a: Great Tusk|Knock Off|p2a: Gliscor
|-activate|p2a: Gliscor|move: Protect
|
|-heal|p2a: Gliscor|70/100 tox|[from] ability: Poison Heal
|upkeep
|turn|21
|
|t:|1743843939
|move|p1a: Great Tusk|Knock Off|p2a: Gliscor
|-damage|p2a: Gliscor|45/100 tox
|-enditem|p2a: Gliscor|Toxic Orb|[from] move: Knock Off|[of] p1a: Great Tusk
|move|p2a: Gliscor|Spikes|p1a: Great Tusk
|-sidestart|p1: jiotave|Spikes
|
|-heal|p2a: Gliscor|57/100 tox|[from] ability: Poison Heal
|upkeep
|turn|22
|
|t:|1743843948
|move|p1a: Great Tusk|Rapid Spin|p2a: Gliscor
|-damage|p2a: Gliscor|43/100 tox
|-boost|p1a: Great Tusk|spe|1
|-sideend|p1: jiotave|Spikes|[from] move: Rapid Spin|[of] p1a: Great Tusk
|move|p2a: Gliscor|Earthquake|p1a: Great Tusk
|-damage|p1a: Great Tusk|0 fnt
|faint|p1a: Great Tusk
|-end|p1a: Great Tusk|Protosynthesis|[silent]
|
|-heal|p2a: Gliscor|55/100 tox|[from] ability: Poison Heal
|upkeep
|
|t:|1743843959
|switch|p1a: Kyurem|Kyurem, tera:Ice|100/100
|-ability|p1a: Kyurem|Pressure
|turn|23
|
|t:|1743843965
|move|p2a: Gliscor|Protect|p2a: Gliscor
|-singleturn|p2a: Gliscor|Protect
|move|p1a: Kyurem|Freeze-Dry|p2a: Gliscor
|-activate|p2a: Gliscor|move: Protect
|
|-heal|p2a: Gliscor|68/100 tox|[from] ability: Poison Heal
|upkeep
|turn|24
|
|t:|1743843975
|switch|p1a: Slowking|Slowking-Galar, M|99/100
|switch|p2a: Blissey|Blissey, F|100/100
|
|upkeep
|turn|25
|
|t:|1743843993
|switch|p2a: Gliscor|Gliscor, M|68/100 tox
|-damage|p2a: Gliscor|55/100 tox|[from] Stealth Rock
|move|p1a: Slowking|Future Sight|p2a: Gliscor
|-start|p1a: Slowking|move: Future Sight
|
|-heal|p2a: Gliscor|68/100 tox|[from] ability: Poison Heal
|upkeep
|turn|26
|
|t:|1743844002
|move|p2a: Gliscor|Spikes|p1a: Slowking
|-sidestart|p1: jiotave|Spikes
|-prepare|p1a: Slowking|Chilly Reception|[premajor]
|move|p1a: Slowking|Chilly Reception|p1a: Slowking
|-weather|Snowscape
|
|t:|1743844007
|switch|p1a: Kyurem|Kyurem, tera:Ice|100/100|[from] Chilly Reception
|-damage|p1a: Kyurem|88/100|[from] Spikes
|-ability|p1a: Kyurem|Pressure
|
|-weather|Snowscape|[upkeep]
|-heal|p2a: Gliscor|80/100 tox|[from] ability: Poison Heal
|upkeep
|turn|27
|
|t:|1743844018
|switch|p2a: Blissey|Blissey, F|100/100
|move|p1a: Kyurem|Blizzard|p2a: Blissey
|-damage|p2a: Blissey|62/100
|
|-weather|Snowscape|[upkeep]
|-end|p2a: Blissey|move: Future Sight
|-damage|p2a: Blissey|49/100
|upkeep
|turn|28
|
|t:|1743844028
|move|p1a: Kyurem|Blizzard|p2a: Blissey
|-damage|p2a: Blissey|14/100
|move|p2a: Blissey|Soft-Boiled|p2a: Blissey
|-heal|p2a: Blissey|64/100
|
|-weather|Snowscape|[upkeep]
|upkeep
|turn|29
|
|t:|1743844036
|switch|p2a: Gliscor|Gliscor, M|80/100 tox
|-damage|p2a: Gliscor|68/100 tox|[from] Stealth Rock
|move|p1a: Kyurem|Blizzard|p2a: Gliscor
|-supereffective|p2a: Gliscor
|-damage|p2a: Gliscor|0 fnt
|faint|p2a: Gliscor
|
|-weather|Snowscape|[upkeep]
|upkeep
|-message|love is simple forfeited.
|
|win|jiotave
|raw|jiotave's rating: 1471 &rarr; <strong>1488</strong><br />(+17 for winning)
|raw|love is simple's rating: 1414 &rarr; <strong>1397</strong><br />(-17 for losing)
|l|☆love is simple
|player|p2|
|l|☆jiotave
|player|p1|
