|j|☆lyk394
|j|☆LeSalve
|t:|1743924146
|gametype|singles
|player|p1|lyk394|clown|1191
|player|p2|LeSalve|170|1169
|teamsize|p1|6
|teamsize|p2|6
|gen|9
|tier|[Gen 9] OU
|rated|
|rule|HP Percentage Mod: HP is shown in percentages
|rule|Endless Battle Clause: Forcing endless battles is banned
|rule|Species Clause: Limit one of each Pokémon
|rule|OHKO Clause: OHKO moves are banned
|rule|Evasion Items Clause: Evasion items are banned
|rule|Evasion Moves Clause: Evasion moves are banned
|rule|Sleep Moves Clause: Sleep-inducing moves are banned
|clearpoke
|poke|p1|Venomoth, M|
|poke|p1|Iron Treads|
|poke|p1|Alomomola, F|
|poke|p1|Salazzle, F|
|poke|p1|Dragonite, F|
|poke|p1|Abomasnow, F|
|poke|p2|Volcanion|
|poke|p2|Zamazenta-*|
|poke|p2|Rotom-Heat|
|poke|p2|Mandibuzz, F|
|poke|p2|Dragapult, M|
|poke|p2|Sinistcha-Masterpiece|
|teampreview
|inactive|Battle timer is ON: inactive players will automatically lose when time's up. (requested by LeSalve)
|
|t:|1743924166
|start
|switch|p1a: Dragonite|Dragonite, F|100/100
|switch|p2a: Mandibuzz|Mandibuzz, F|100/100
|turn|1
|
|t:|1743924184
|move|p1a: Dragonite|Ice Beam|p2a: Mandibuzz
|-supereffective|p2a: Mandibuzz
|-damage|p2a: Mandibuzz|46/100
|move|p2a: Mandibuzz|Toxic|p1a: Dragonite
|-status|p1a: Dragonite|tox
|
|-damage|p1a: Dragonite|94/100 tox|[from] psn
|upkeep
|turn|2
|
|t:|1743924201
|switch|p1a: Iron Treads|Iron Treads|100/100
|-enditem|p1a: Iron Treads|Booster Energy
|-activate|p1a: Iron Treads|ability: Quark Drive|[fromitem]
|-start|p1a: Iron Treads|quarkdrivespe
|switch|p2a: Rotom|Rotom-Heat|100/100
|
|upkeep
|turn|3
|inactive|lyk394 has 120 seconds left.
|
|t:|1743924225
|-terastallize|p1a: Iron Treads|Ghost
|move|p1a: Iron Treads|Stealth Rock|p2a: Rotom
|-sidestart|p2: LeSalve|move: Stealth Rock
|move|p2a: Rotom|Nasty Plot|p2a: Rotom
|-boost|p2a: Rotom|spa|2
|
|upkeep
|turn|4
|inactive|lyk394 has 120 seconds left.
|
|t:|1743924252
|move|p1a: Iron Treads|Rapid Spin|p2a: Rotom
|-damage|p2a: Rotom|83/100
|-boost|p1a: Iron Treads|spe|1
|move|p2a: Rotom|Thunderbolt|p1a: Iron Treads
|-damage|p1a: Iron Treads|0 fnt
|faint|p1a: Iron Treads
|-end|p1a: Iron Treads|Quark Drive|[silent]
|
|upkeep
|inactive|lyk394 has 90 seconds left.
|l|☆LeSalve
|inactive|LeSalve disconnected and has a minute to reconnect!
|player|p2|
|
|t:|1743924274
|switch|p1a: Abomasnow|Abomasnow, F|100/100
|-weather|Snowscape|[from] ability: Snow Warning|[of] p1a: Abomasnow
|turn|5
|j|☆LeSalve
|inactive|LeSalve reconnected and has 150 seconds left.
|player|p2|LeSalve|170|
|inactive|lyk394 has 90 seconds left.
|
|t:|1743924285
|move|p2a: Rotom|Overheat|p1a: Abomasnow
|-supereffective|p1a: Abomasnow
|-damage|p1a: Abomasnow|0 fnt
|-unboost|p2a: Rotom|spa|2
|faint|p1a: Abomasnow
|
|-weather|Snowscape|[upkeep]
|upkeep
|inactive|lyk394 has 90 seconds left.
|
|t:|1743924295
|switch|p1a: Salazzle|Salazzle, F|100/100
|-item|p1a: Salazzle|Air Balloon
|turn|6
|inactive|lyk394 has 90 seconds left.
|
|t:|1743924310
|switch|p2a: Mandibuzz|Mandibuzz, F|46/100
|move|p1a: Salazzle|Dragon Dance|p1a: Salazzle
|-boost|p1a: Salazzle|atk|1
|-boost|p1a: Salazzle|spe|1
|
|-weather|Snowscape|[upkeep]
|upkeep
|turn|7
|
|t:|1743924319
|move|p1a: Salazzle|Substitute|p1a: Salazzle
|-start|p1a: Salazzle|Substitute
|-damage|p1a: Salazzle|76/100
|move|p2a: Mandibuzz|Knock Off|p1a: Salazzle
|-end|p1a: Salazzle|Substitute
|-enditem|p1a: Salazzle|Air Balloon
|
|-weather|Snowscape|[upkeep]
|upkeep
|turn|8
|inactive|lyk394 has 90 seconds left.
|
|t:|1743924340
|move|p1a: Salazzle|Substitute|p1a: Salazzle
|-start|p1a: Salazzle|Substitute
|-damage|p1a: Salazzle|51/100
|move|p2a: Mandibuzz|Roost|p2a: Mandibuzz
|-heal|p2a: Mandibuzz|96/100
|-singleturn|p2a: Mandibuzz|move: Roost
|
|-weather|Snowscape|[upkeep]
|upkeep
|turn|9
|inactive|lyk394 has 90 seconds left.
|
|t:|1743924349
|move|p1a: Salazzle|Dragon Dance|p1a: Salazzle
|-boost|p1a: Salazzle|atk|1
|-boost|p1a: Salazzle|spe|1
|move|p2a: Mandibuzz|Knock Off|p1a: Salazzle
|-end|p1a: Salazzle|Substitute
|
|-weather|none
|upkeep
|turn|10
|inactive|lyk394 has 90 seconds left.
|
|t:|1743924366
|move|p1a: Salazzle|Gunk Shot|p2a: Mandibuzz
|-damage|p2a: Mandibuzz|23/100
|-status|p2a: Mandibuzz|psn
|move|p2a: Mandibuzz|Knock Off|p1a: Salazzle
|-damage|p1a: Salazzle|19/100
|
|-damage|p2a: Mandibuzz|11/100 psn|[from] psn
|upkeep
|turn|11
|inactive|lyk394 has 90 seconds left.
|
|t:|1743924378
|move|p1a: Salazzle|Dragon Dance|p1a: Salazzle
|-boost|p1a: Salazzle|atk|1
|-boost|p1a: Salazzle|spe|1
|move|p2a: Mandibuzz|Defog|p1a: Salazzle
|-unboost|p1a: Salazzle|evasion|1
|-sideend|p2: LeSalve|Stealth Rock|[from] move: Defog|[of] p2a: Mandibuzz
|
|-damage|p2a: Mandibuzz|0 fnt|[from] psn
|faint|p2a: Mandibuzz
|upkeep
|
|t:|1743924391
|switch|p2a: Dragapult|Dragapult, M|100/100
|turn|12
|inactive|lyk394 has 90 seconds left.
|
|t:|1743924402
|move|p1a: Salazzle|Flare Blitz|p2a: Dragapult
|-resisted|p2a: Dragapult
|-damage|p2a: Dragapult|25/100
|-damage|p1a: Salazzle|0 fnt|[from] Recoil
|faint|p1a: Salazzle
|move|p2a: Dragapult|Dragon Darts|p1: Salazzle|[notarget]
|-fail|p2a: Dragapult
|
|upkeep
|inactive|lyk394 has 90 seconds left.
|
|t:|1743924423
|switch|p1a: Alomomola|Alomomola, F|100/100
|turn|13
|
|t:|1743924429
|move|p2a: Dragapult|Dragon Dance|p2a: Dragapult
|-boost|p2a: Dragapult|atk|1
|-boost|p2a: Dragapult|spe|1
|move|p1a: Alomomola|Flip Turn|p2a: Dragapult
|-resisted|p2a: Dragapult
|-damage|p2a: Dragapult|15/100
|
|t:|1743924437
|switch|p1a: Venomoth|Venomoth, M|100/100|[from] Flip Turn
|
|upkeep
|turn|14
|inactive|lyk394 has 90 seconds left.
|
|t:|1743924445
|move|p2a: Dragapult|Dragon Darts|p1a: Venomoth
|-damage|p1a: Venomoth|24/100
|-anim|p2a: Dragapult|Dragon Darts|p1a: Venomoth
|-damage|p1a: Venomoth|0 fnt
|faint|p1a: Venomoth
|
|upkeep
|-message|lyk394 forfeited.
|
|win|LeSalve
|raw|lyk394's rating: 1191 &rarr; <strong>1164</strong><br />(-27 for losing)
|raw|LeSalve's rating: 1169 &rarr; <strong>1196</strong><br />(+27 for winning)
|l|☆lyk394
|player|p1|
|l|☆LeSalve
|player|p2|
