|j|☆brockenr
|j|☆SPINAL133
|t:|1743778215
|gametype|singles
|player|p1|brockenr|biker|1201
|player|p2|SPINAL133|cheryl|1218
|teamsize|p1|6
|teamsize|p2|6
|gen|9
|tier|[Gen 9] OU
|rated|
|rule|HP Percentage Mod: HP is shown in percentages
|rule|Endless Battle Clause: Forcing endless battles is banned
|rule|Species Clause: Limit one of each Pokémon
|rule|OHKO Clause: OHKO moves are banned
|rule|Evasion Items Clause: Evasion items are banned
|rule|Evasion Moves Clause: Evasion moves are banned
|rule|Sleep Moves Clause: Sleep-inducing moves are banned
|clearpoke
|poke|p1|Slowking-Galar, F|
|poke|p1|Arcanine-Hisui, F|
|poke|p1|Corviknight, F|
|poke|p1|Ting-Lu|
|poke|p1|Ogerpon-Wellspring, F|
|poke|p1|Iron Valiant|
|poke|p2|Gliscor, F|
|poke|p2|Hydreigon, F|
|poke|p2|Lokix, F|
|poke|p2|Quaquaval, F|
|poke|p2|Rotom-Frost|
|poke|p2|Iron Moth|
|teampreview
|inactive|Battle timer is ON: inactive players will automatically lose when time's up. (requested by SPINAL133)
|
|t:|1743778239
|start
|switch|p1a: Slowking|Slowking-Galar, F|100/100
|switch|p2a: Rotom|Rotom-Frost, shiny|100/100
|turn|1
|
|t:|1743778257
|move|p2a: Rotom|Thunder Wave|p1a: Slowking
|-status|p1a: Slowking|par
|cant|p1a: Slowking|par
|
|upkeep
|turn|2
|
|t:|1743778275
|switch|p2a: Gliscor|Gliscor, F|100/100
|move|p1a: Slowking|Toxic|p2a: Gliscor
|-status|p2a: Gliscor|tox
|
|upkeep
|turn|3
|
|t:|1743778284
|move|p2a: Gliscor|Stealth Rock|p1a: Slowking
|-sidestart|p1: brockenr|move: Stealth Rock
|-prepare|p1a: Slowking|Chilly Reception|[premajor]
|move|p1a: Slowking|Chilly Reception|p1a: Slowking
|-weather|Snowscape
|c|☆SPINAL133|Thanks bro
|
|t:|1743778296
|switch|p1a: Ting-Lu|Ting-Lu|100/100|[from] Chilly Reception
|-damage|p1a: Ting-Lu|94/100|[from] Stealth Rock
|-ability|p1a: Ting-Lu|Vessel of Ruin
|
|-weather|Snowscape|[upkeep]
|-heal|p1a: Ting-Lu|100/100|[from] item: Leftovers
|upkeep
|turn|4
|
|t:|1743778303
|move|p2a: Gliscor|Toxic|p1a: Ting-Lu
|-status|p1a: Ting-Lu|tox
|move|p1a: Ting-Lu|Stealth Rock|p2a: Gliscor
|-sidestart|p2: SPINAL133|move: Stealth Rock
|
|-weather|Snowscape|[upkeep]
|-damage|p1a: Ting-Lu|94/100 tox|[from] psn
|upkeep
|turn|5
|
|t:|1743778319
|switch|p1a: Iron Valiant|Iron Valiant|100/100
|-damage|p1a: Iron Valiant|94/100|[from] Stealth Rock
|-enditem|p1a: Iron Valiant|Booster Energy
|-activate|p1a: Iron Valiant|ability: Quark Drive|[fromitem]
|-start|p1a: Iron Valiant|quarkdrivespe
|move|p2a: Gliscor|U-turn|p1a: Iron Valiant
|-resisted|p1a: Iron Valiant
|-damage|p1a: Iron Valiant|90/100
|
|t:|1743778335
|switch|p2a: Iron Moth|Iron Moth|100/100|[from] U-turn
|-damage|p2a: Iron Moth|76/100|[from] Stealth Rock
|-enditem|p2a: Iron Moth|Booster Energy
|-activate|p2a: Iron Moth|ability: Quark Drive|[fromitem]
|-start|p2a: Iron Moth|quarkdrivespa
|
|-weather|Snowscape|[upkeep]
|upkeep
|turn|6
|
|t:|1743778349
|move|p1a: Iron Valiant|Shadow Ball|p2a: Iron Moth
|-damage|p2a: Iron Moth|48/100
|move|p2a: Iron Moth|Sludge Wave|p1a: Iron Valiant
|-supereffective|p1a: Iron Valiant
|-damage|p1a: Iron Valiant|0 fnt
|faint|p1a: Iron Valiant
|-end|p1a: Iron Valiant|Quark Drive|[silent]
|
|-weather|Snowscape|[upkeep]
|upkeep
|
|t:|1743778361
|switch|p1a: Arcanine|Arcanine-Hisui, F|100/100
|-damage|p1a: Arcanine|76/100|[from] Stealth Rock
|turn|7
|
|t:|1743778375
|-end|p2a: Iron Moth|Quark Drive|[silent]
|switch|p2a: Gliscor|Gliscor, F|100/100 tox
|-damage|p2a: Gliscor|88/100 tox|[from] Stealth Rock
|move|p1a: Arcanine|Head Smash|p2a: Gliscor
|-damage|p2a: Gliscor|47/100 tox
|
|-weather|none
|-heal|p2a: Gliscor|60/100 tox|[from] ability: Poison Heal
|upkeep
|turn|8
|
|t:|1743778387
|switch|p1a: Corviknight|Corviknight, F|100/100
|-damage|p1a: Corviknight|88/100|[from] Stealth Rock
|move|p2a: Gliscor|Protect||[still]
|-fail|p2a: Gliscor
|
|-heal|p2a: Gliscor|72/100 tox|[from] ability: Poison Heal
|upkeep
|turn|9
|
|t:|1743778393
|move|p2a: Gliscor|U-turn|p1a: Corviknight
|-resisted|p1a: Corviknight
|-damage|p1a: Corviknight|85/100
|-damage|p2a: Gliscor|55/100 tox|[from] item: Rocky Helmet|[of] p1a: Corviknight
|
|t:|1743778398
|switch|p2a: Hydreigon|Hydreigon, F, shiny|100/100|[from] U-turn
|-damage|p2a: Hydreigon|88/100|[from] Stealth Rock
|move|p1a: Corviknight|Defog|p2a: Hydreigon
|-unboost|p2a: Hydreigon|evasion|1
|-sideend|p2: SPINAL133|Stealth Rock|[from] move: Defog|[of] p1a: Corviknight
|-sideend|p1: brockenr|Stealth Rock|[from] move: Defog|[of] p1a: Corviknight
|
|upkeep
|turn|10
|
|t:|1743778407
|-terastallize|p2a: Hydreigon|Poison
|move|p2a: Hydreigon|Nasty Plot|p2a: Hydreigon
|-boost|p2a: Hydreigon|spa|2
|move|p1a: Corviknight|U-turn|p2a: Hydreigon
|-resisted|p2a: Hydreigon
|-damage|p2a: Hydreigon|82/100
|inactive|brockenr has 120 seconds left.
|
|t:|1743778438
|switch|p1a: Ogerpon|Ogerpon-Wellspring, F|100/100|[from] U-turn
|
|upkeep
|turn|11
|
|t:|1743778447
|-terastallize|p1a: Ogerpon|Water
|detailschange|p1a: Ogerpon|Ogerpon-Wellspring-Tera, F, tera:Water
|-ability|p1a: Ogerpon|Embody Aspect (Wellspring)|boost
|-boost|p1a: Ogerpon|spd|1
|move|p1a: Ogerpon|Swords Dance|p1a: Ogerpon
|-boost|p1a: Ogerpon|atk|2
|move|p2a: Hydreigon|Dark Pulse|p1a: Ogerpon
|-damage|p1a: Ogerpon|53/100
|
|upkeep
|turn|12
|
|t:|1743778455
|move|p1a: Ogerpon|Ivy Cudgel|p2a: Hydreigon|[anim] Ivy Cudgel Water
|-damage|p2a: Hydreigon|0 fnt
|faint|p2a: Hydreigon
|
|upkeep
|
|t:|1743778458
|switch|p2a: Lokix|Lokix, F|100/100
|turn|13
|
|t:|1743778463
|move|p2a: Lokix|First Impression|p1a: Ogerpon
|-damage|p1a: Ogerpon|0 fnt
|faint|p1a: Ogerpon
|-damage|p2a: Lokix|91/100|[from] item: Life Orb
|
|upkeep
|
|t:|1743778472
|switch|p1a: Arcanine|Arcanine-Hisui, F|76/100
|turn|14
|
|t:|1743778483
|switch|p2a: Gliscor|Gliscor, F|55/100 tox
|move|p1a: Arcanine|Head Smash|p2a: Gliscor
|-damage|p2a: Gliscor|12/100 tox
|
|-heal|p2a: Gliscor|24/100 tox|[from] ability: Poison Heal
|upkeep
|turn|15
|
|t:|1743778487
|move|p2a: Gliscor|Protect|p2a: Gliscor
|-singleturn|p2a: Gliscor|Protect
|move|p1a: Arcanine|Head Smash|p2a: Gliscor
|-activate|p2a: Gliscor|move: Protect
|
|-heal|p2a: Gliscor|37/100 tox|[from] ability: Poison Heal
|upkeep
|turn|16
|
|t:|1743778493
|move|p1a: Arcanine|Head Smash|p2a: Gliscor
|-damage|p2a: Gliscor|0 fnt
|faint|p2a: Gliscor
|
|upkeep
|
|t:|1743778497
|switch|p2a: Quaquaval|Quaquaval, F|100/100
|turn|17
|
|t:|1743778503
|switch|p1a: Corviknight|Corviknight, F|85/100
|move|p2a: Quaquaval|Aqua Step|p1a: Corviknight
|-damage|p1a: Corviknight|61/100
|-boost|p2a: Quaquaval|spe|1
|-damage|p2a: Quaquaval|84/100|[from] item: Rocky Helmet|[of] p1a: Corviknight
|
|upkeep
|turn|18
|
|t:|1743778519
|switch|p2a: Rotom|Rotom-Frost, shiny|100/100
|move|p1a: Corviknight|Brave Bird|p2a: Rotom
|-resisted|p2a: Rotom
|-damage|p2a: Rotom|81/100
|-damage|p1a: Corviknight|57/100|[from] Recoil
|
|-heal|p2a: Rotom|87/100|[from] item: Leftovers
|upkeep
|turn|19
|
|t:|1743778525
|switch|p1a: Ting-Lu|Ting-Lu|94/100 tox
|-ability|p1a: Ting-Lu|Vessel of Ruin
|move|p2a: Rotom|Will-O-Wisp||[still]
|-fail|p2a: Rotom
|
|-heal|p2a: Rotom|93/100|[from] item: Leftovers
|-heal|p1a: Ting-Lu|100/100 tox|[from] item: Leftovers
|-damage|p1a: Ting-Lu|94/100 tox|[from] psn
|upkeep
|turn|20
|
|t:|1743778533
|move|p2a: Rotom|Blizzard|p1a: Ting-Lu|[miss]
|-miss|p2a: Rotom|p1a: Ting-Lu
|move|p1a: Ting-Lu|Stealth Rock|p2a: Rotom
|-sidestart|p2: SPINAL133|move: Stealth Rock
|
|-heal|p2a: Rotom|99/100|[from] item: Leftovers
|-heal|p1a: Ting-Lu|100/100 tox|[from] item: Leftovers
|-damage|p1a: Ting-Lu|88/100 tox|[from] psn
|upkeep
|turn|21
|
|t:|1743778540
|switch|p1a: Arcanine|Arcanine-Hisui, F|76/100
|move|p2a: Rotom|Blizzard|p1a: Arcanine
|-resisted|p1a: Arcanine
|-damage|p1a: Arcanine|51/100
|
|-heal|p2a: Rotom|100/100|[from] item: Leftovers
|upkeep
|turn|22
|
|t:|1743778551
|move|p1a: Arcanine|Wild Charge|p2a: Rotom
|-resisted|p2a: Rotom
|-crit|p2a: Rotom
|-damage|p2a: Rotom|78/100
|move|p2a: Rotom|Thunder Wave|p1a: Arcanine
|-status|p1a: Arcanine|par
|
|-heal|p2a: Rotom|84/100|[from] item: Leftovers
|upkeep
|turn|23
|
|t:|1743778559
|switch|p1a: Ting-Lu|Ting-Lu|88/100 tox
|-ability|p1a: Ting-Lu|Vessel of Ruin
|move|p2a: Rotom|Hex|p1a: Ting-Lu
|-resisted|p1a: Ting-Lu
|-damage|p1a: Ting-Lu|79/100 tox
|
|-heal|p2a: Rotom|90/100|[from] item: Leftovers
|-heal|p1a: Ting-Lu|85/100 tox|[from] item: Leftovers
|-damage|p1a: Ting-Lu|79/100 tox|[from] psn
|upkeep
|turn|24
|
|t:|1743778565
|move|p2a: Rotom|Blizzard|p1a: Ting-Lu
|-supereffective|p1a: Ting-Lu
|-damage|p1a: Ting-Lu|36/100 tox
|move|p1a: Ting-Lu|Whirlwind|p2a: Rotom
|drag|p2a: Quaquaval|Quaquaval, F|84/100
|
|-heal|p1a: Ting-Lu|42/100 tox|[from] item: Leftovers
|-damage|p1a: Ting-Lu|29/100 tox|[from] psn
|upkeep
|turn|25
|
|t:|1743778575
|switch|p1a: Corviknight|Corviknight, F|57/100
|move|p2a: Quaquaval|Swords Dance|p2a: Quaquaval
|-boost|p2a: Quaquaval|atk|2
|
|upkeep
|turn|26
|
|t:|1743778581
|switch|p2a: Rotom|Rotom-Frost, shiny|90/100
|-damage|p2a: Rotom|65/100|[from] Stealth Rock
|move|p1a: Corviknight|Brave Bird|p2a: Rotom
|-resisted|p2a: Rotom
|-damage|p2a: Rotom|46/100
|-damage|p1a: Corviknight|51/100|[from] Recoil
|
|-heal|p2a: Rotom|52/100|[from] item: Leftovers
|upkeep
|turn|27
|
|t:|1743778586
|switch|p1a: Ting-Lu|Ting-Lu|29/100 tox
|-ability|p1a: Ting-Lu|Vessel of Ruin
|move|p2a: Rotom|Blizzard|p1a: Ting-Lu
|-supereffective|p1a: Ting-Lu
|-damage|p1a: Ting-Lu|0 fnt
|faint|p1a: Ting-Lu
|
|-heal|p2a: Rotom|58/100|[from] item: Leftovers
|upkeep
|
|t:|1743778592
|switch|p1a: Slowking|Slowking-Galar, F|100/100 par
|turn|28
|
|t:|1743778598
|move|p2a: Rotom|Hex|p1a: Slowking
|-supereffective|p1a: Slowking
|-damage|p1a: Slowking|60/100 par
|cant|p1a: Slowking|par
|
|-heal|p2a: Rotom|64/100|[from] item: Leftovers
|-heal|p1a: Slowking|66/100 par|[from] item: Leftovers
|upkeep
|turn|29
|
|t:|1743778602
|move|p2a: Rotom|Hex|p1a: Slowking
|-supereffective|p1a: Slowking
|-damage|p1a: Slowking|32/100 par
|move|p1a: Slowking|Toxic|p2a: Rotom
|-status|p2a: Rotom|tox
|
|-heal|p2a: Rotom|71/100 tox|[from] item: Leftovers
|-heal|p1a: Slowking|38/100 par|[from] item: Leftovers
|-damage|p2a: Rotom|64/100 tox|[from] psn
|upkeep
|turn|30
|
|t:|1743778611
|switch|p1a: Arcanine|Arcanine-Hisui, F|51/100 par
|move|p2a: Rotom|Hex|p1a: Arcanine
|-damage|p1a: Arcanine|15/100 par
|
|-heal|p2a: Rotom|71/100 tox|[from] item: Leftovers
|-damage|p2a: Rotom|58/100 tox|[from] psn
|upkeep
|turn|31
|
|t:|1743778618
|move|p1a: Arcanine|Flare Blitz|p2a: Rotom
|-supereffective|p2a: Rotom
|-damage|p2a: Rotom|0 fnt
|faint|p2a: Rotom
|
|upkeep
|
|t:|1743778625
|switch|p2a: Lokix|Lokix, F|91/100
|-damage|p2a: Lokix|66/100|[from] Stealth Rock
|turn|32
|
|t:|1743778628
|switch|p1a: Corviknight|Corviknight, F|51/100
|move|p2a: Lokix|First Impression|p1a: Corviknight
|-resisted|p1a: Corviknight
|-damage|p1a: Corviknight|35/100
|-damage|p2a: Lokix|49/100|[from] item: Rocky Helmet|[of] p1a: Corviknight
|-damage|p2a: Lokix|39/100|[from] item: Life Orb
|
|upkeep
|turn|33
|
|t:|1743778641
|move|p2a: Lokix|Knock Off|p1a: Corviknight
|-damage|p1a: Corviknight|4/100
|-damage|p2a: Lokix|23/100|[from] item: Rocky Helmet|[of] p1a: Corviknight
|-enditem|p1a: Corviknight|Rocky Helmet|[from] move: Knock Off|[of] p2a: Lokix
|-damage|p2a: Lokix|13/100|[from] item: Life Orb
|move|p1a: Corviknight|Roost|p1a: Corviknight
|-heal|p1a: Corviknight|54/100
|-singleturn|p1a: Corviknight|move: Roost
|
|upkeep
|turn|34
|
|t:|1743778657
|move|p2a: Lokix|Leech Life|p1a: Corviknight
|-resisted|p1a: Corviknight
|-damage|p1a: Corviknight|41/100
|-heal|p2a: Lokix|22/100|[from] drain|[of] p1a: Corviknight
|-damage|p2a: Lokix|12/100|[from] item: Life Orb
|move|p1a: Corviknight|Roost|p1a: Corviknight
|-heal|p1a: Corviknight|91/100
|-singleturn|p1a: Corviknight|move: Roost
|
|upkeep
|turn|35
|
|t:|1743778665
|move|p2a: Lokix|Leech Life|p1a: Corviknight
|-resisted|p1a: Corviknight
|-damage|p1a: Corviknight|78/100
|-heal|p2a: Lokix|21/100|[from] drain|[of] p1a: Corviknight
|-damage|p2a: Lokix|11/100|[from] item: Life Orb
|move|p1a: Corviknight|U-turn|p2a: Lokix
|-supereffective|p2a: Lokix
|-damage|p2a: Lokix|0 fnt
|faint|p2a: Lokix
|
|t:|1743778668
|switch|p1a: Arcanine|Arcanine-Hisui, F|15/100 par|[from] U-turn
|
|upkeep
|
|t:|1743778671
|switch|p2a: Quaquaval|Quaquaval, F|84/100
|turn|36
|
|t:|1743778674
|move|p2a: Quaquaval|Aqua Step|p1a: Arcanine
|-supereffective|p1a: Arcanine
|-damage|p1a: Arcanine|0 fnt
|-boost|p2a: Quaquaval|spe|1
|faint|p1a: Arcanine
|-ability|p2a: Quaquaval|Moxie|boost
|-boost|p2a: Quaquaval|atk|1
|
|upkeep
|
|t:|1743778686
|switch|p1a: Corviknight|Corviknight, F|78/100
|turn|37
|c|☆SPINAL133|!weakness Corviknight
|c| SPINAL133|/raw <div class="infobox">Corviknight (ignoring abilities):<br /><span class="message-effect-weak">Weaknesses</span>: Electric, Fire<br /><span class="message-effect-resist">Resistances</span>: <b>Bug</b>, Dragon, Fairy, Flying, <b>Grass</b>, Normal, Psychic, Steel<br /><span class="message-effect-immune">Immunities</span>: Ground, Poison, Sandstorm damage, Toxic</div>
|inactive|SPINAL133 has 120 seconds left.
|
|t:|1743778723
|move|p2a: Quaquaval|Triple Axel|p1a: Corviknight
|-crit|p1a: Corviknight
|-damage|p1a: Corviknight|69/100
|-damage|p1a: Corviknight|56/100
|-damage|p1a: Corviknight|40/100
|-hitcount|p1a: Corviknight|3
|move|p1a: Corviknight|Brave Bird|p2a: Quaquaval
|-supereffective|p2a: Quaquaval
|-crit|p2a: Quaquaval
|-damage|p2a: Quaquaval|0 fnt
|faint|p2a: Quaquaval
|-damage|p1a: Corviknight|18/100|[from] Recoil
|
|upkeep
|
|t:|1743778729
|switch|p2a: Iron Moth|Iron Moth|48/100
|-damage|p2a: Iron Moth|23/100|[from] Stealth Rock
|turn|38
|
|t:|1743778737
|move|p2a: Iron Moth|Fiery Dance|p1a: Corviknight
|-supereffective|p1a: Corviknight
|-damage|p1a: Corviknight|0 fnt
|faint|p1a: Corviknight
|
|upkeep
|
|t:|1743778739
|switch|p1a: Slowking|Slowking-Galar, F|71/100 par
|turn|39
|
|t:|1743778746
|move|p2a: Iron Moth|Fiery Dance|p1a: Slowking
|-damage|p1a: Slowking|44/100 par
|move|p1a: Slowking|Sludge Wave|p2a: Iron Moth
|-resisted|p2a: Iron Moth
|-damage|p2a: Iron Moth|4/100
|
|-heal|p1a: Slowking|50/100 par|[from] item: Leftovers
|upkeep
|turn|40
|
|t:|1743778751
|move|p2a: Iron Moth|Fiery Dance|p1a: Slowking
|-damage|p1a: Slowking|26/100 par
|move|p1a: Slowking|Sludge Wave|p2a: Iron Moth
|-resisted|p2a: Iron Moth
|-damage|p2a: Iron Moth|0 fnt
|faint|p2a: Iron Moth
|-end|p2a: Iron Moth|Quark Drive|[silent]
|
|win|brockenr
|raw|brockenr's rating: 1201 &rarr; <strong>1227</strong><br />(+26 for winning)
|raw|SPINAL133's rating: 1218 &rarr; <strong>1192</strong><br />(-26 for losing)
|l|☆brockenr
|player|p1|
|c|☆SPINAL133|Gg
|l|☆SPINAL133
|player|p2|
