|j|☆Imranthegoat
|j|☆Nbr1bleachfan
|t:|1743836560
|gametype|singles
|player|p1|Imranthegoat|volkner|1136
|player|p2|Nbr1bleachfan|unknown|1083
|teamsize|p1|6
|teamsize|p2|6
|gen|9
|tier|[Gen 9] OU
|rated|
|rule|HP Percentage Mod: HP is shown in percentages
|rule|Endless Battle Clause: Forcing endless battles is banned
|rule|Species Clause: Limit one of each Pokémon
|rule|OHKO Clause: OHKO moves are banned
|rule|Evasion Items Clause: Evasion items are banned
|rule|Evasion Moves Clause: Evasion moves are banned
|rule|Sleep Moves Clause: Sleep-inducing moves are banned
|clearpoke
|poke|p1|Galvantula, F|
|poke|p1|Electrode-Hisui|
|poke|p1|Rotom-Wash|
|poke|p1|Eelektross, F|
|poke|p1|Magnezone|
|poke|p1|Pikachu-Alola, M|
|poke|p2|Zamazenta-*|
|poke|p2|Kingambit, M|
|poke|p2|Samurott-Hisui, M|
|poke|p2|Landorus-Therian, M|
|poke|p2|Iron Valiant|
|poke|p2|Iron Moth|
|teampreview
|
|t:|1743836568
|start
|switch|p1a: Galvantula|Galvantula, F|100/100
|switch|p2a: Samurott|Samurott-Hisui, M|100/100
|turn|1
|
|t:|1743836576
|move|p1a: Galvantula|Sticky Web|p2a: Samurott
|-sidestart|p2: Nbr1bleachfan|move: Sticky Web
|move|p2a: Samurott|Ceaseless Edge|p1a: Galvantula
|-damage|p1a: Galvantula|8/100
|-sidestart|p1: Imranthegoat|Spikes
|
|upkeep
|turn|2
|
|t:|1743836584
|move|p1a: Galvantula|Thunder|p2a: Samurott
|-supereffective|p2a: Samurott
|-enditem|p2a: Samurott|Focus Sash
|-damage|p2a: Samurott|1/100
|-status|p2a: Samurott|par
|move|p2a: Samurott|Ceaseless Edge|p1a: Galvantula
|-damage|p1a: Galvantula|0 fnt
|-sidestart|p1: Imranthegoat|Spikes
|faint|p1a: Galvantula
|
|upkeep
|
|t:|1743836595
|switch|p1a: Electrode|Electrode-Hisui|100/100
|-damage|p1a: Electrode|84/100|[from] Spikes
|turn|3
|
|t:|1743836600
|move|p1a: Electrode|Giga Drain|p2a: Samurott
|-supereffective|p2a: Samurott
|-damage|p2a: Samurott|0 fnt
|-heal|p1a: Electrode|84/100|[from] drain|[of] p2a: Samurott
|faint|p2a: Samurott
|-damage|p1a: Electrode|74/100|[from] item: Life Orb
|
|upkeep
|
|t:|1743836608
|switch|p2a: Landorus|Landorus-Therian, M|100/100
|-ability|p2a: Landorus|Intimidate|boost
|-unboost|p1a: Electrode|atk|1
|turn|4
|inactive|Battle timer is ON: inactive players will automatically lose when time's up. (requested by Nbr1bleachfan)
|
|t:|1743836627
|move|p1a: Electrode|Grassy Terrain|p1a: Electrode
|-fieldstart|move: Grassy Terrain
|move|p2a: Landorus|Stealth Rock|p1a: Electrode
|-sidestart|p1: Imranthegoat|move: Stealth Rock
|
|-heal|p1a: Electrode|81/100|[from] Grassy Terrain
|upkeep
|turn|5
|
|t:|1743836635
|move|p1a: Electrode|Giga Drain|p2a: Landorus
|-damage|p2a: Landorus|48/100
|-heal|p1a: Electrode|100/100|[from] drain|[of] p2a: Landorus
|-damage|p1a: Electrode|91/100|[from] item: Life Orb
|move|p2a: Landorus|Earthquake|p1a: Electrode
|-damage|p1a: Electrode|49/100
|
|-heal|p1a: Electrode|55/100|[from] Grassy Terrain
|upkeep
|turn|6
|
|t:|1743836659
|move|p1a: Electrode|Giga Drain|p2a: Landorus
|-damage|p2a: Landorus|0 fnt
|-heal|p1a: Electrode|91/100|[from] drain|[of] p2a: Landorus
|faint|p2a: Landorus
|-damage|p1a: Electrode|81/100|[from] item: Life Orb
|
|-heal|p1a: Electrode|87/100|[from] Grassy Terrain
|upkeep
|
|t:|1743836671
|switch|p2a: Iron Valiant|Iron Valiant|100/100
|-activate|p2a: Iron Valiant|move: Sticky Web
|-unboost|p2a: Iron Valiant|spe|1
|-enditem|p2a: Iron Valiant|Booster Energy
|-activate|p2a: Iron Valiant|ability: Quark Drive|[fromitem]
|-start|p2a: Iron Valiant|quarkdrivespa
|turn|7
|
|t:|1743836692
|move|p1a: Electrode|Giga Drain|p2a: Iron Valiant
|-damage|p2a: Iron Valiant|20/100
|-heal|p1a: Electrode|100/100|[from] drain|[of] p2a: Iron Valiant
|-damage|p1a: Electrode|91/100|[from] item: Life Orb
|move|p2a: Iron Valiant|Calm Mind|p2a: Iron Valiant
|-boost|p2a: Iron Valiant|spa|1
|-boost|p2a: Iron Valiant|spd|1
|
|-heal|p1a: Electrode|97/100|[from] Grassy Terrain
|-heal|p2a: Iron Valiant|26/100|[from] Grassy Terrain
|upkeep
|turn|8
|
|t:|1743836705
|-terastallize|p2a: Iron Valiant|Electric
|move|p1a: Electrode|Giga Drain|p2a: Iron Valiant
|-damage|p2a: Iron Valiant|0 fnt
|-heal|p1a: Electrode|100/100|[from] drain|[of] p2a: Iron Valiant
|faint|p2a: Iron Valiant
|-end|p2a: Iron Valiant|Quark Drive|[silent]
|-damage|p1a: Electrode|91/100|[from] item: Life Orb
|
|-heal|p1a: Electrode|97/100|[from] Grassy Terrain
|-fieldend|move: Grassy Terrain
|upkeep
|
|t:|1743836717
|switch|p2a: Iron Moth|Iron Moth|100/100
|-activate|p2a: Iron Moth|move: Sticky Web
|-unboost|p2a: Iron Moth|spe|1
|-enditem|p2a: Iron Moth|Booster Energy
|-activate|p2a: Iron Moth|ability: Quark Drive|[fromitem]
|-start|p2a: Iron Moth|quarkdrivespa
|turn|9
|
|t:|1743836727
|move|p1a: Electrode|Electro Ball|p2a: Iron Moth
|-damage|p2a: Iron Moth|68/100
|-damage|p1a: Electrode|87/100|[from] item: Life Orb
|move|p2a: Iron Moth|Sludge Wave|p1a: Electrode
|-supereffective|p1a: Electrode
|-damage|p1a: Electrode|0 fnt
|faint|p1a: Electrode
|
|upkeep
|
|t:|1743836742
|switch|p1a: Rotom|Rotom-Wash|100/100
|-damage|p1a: Rotom|88/100|[from] Stealth Rock
|turn|10
|
|t:|1743836749
|move|p2a: Iron Moth|Sludge Wave|p1a: Rotom
|-damage|p1a: Rotom|22/100
|move|p1a: Rotom|Hydro Pump|p2a: Iron Moth
|-supereffective|p2a: Iron Moth
|-damage|p2a: Iron Moth|0 fnt
|faint|p2a: Iron Moth
|-end|p2a: Iron Moth|Quark Drive|[silent]
|
|-heal|p1a: Rotom|28/100|[from] item: Leftovers
|upkeep
|
|t:|1743836760
|switch|p2a: Kingambit|Kingambit, M|100/100
|-activate|p2a: Kingambit|move: Sticky Web
|-unboost|p2a: Kingambit|spe|1
|-activate|p2a: Kingambit|ability: Supreme Overlord
|-start|p2a: Kingambit|fallen4|[silent]
|turn|11
|
|t:|1743836769
|move|p2a: Kingambit|Sucker Punch||[still]
|-fail|p2a: Kingambit
|move|p1a: Rotom|Pain Split|p2a: Kingambit
|-sethp|p2a: Kingambit|61/100|[from] move: Pain Split|[silent]
|-sethp|p1a: Rotom|79/100|[from] move: Pain Split
|
|-heal|p1a: Rotom|85/100|[from] item: Leftovers
|-heal|p2a: Kingambit|67/100|[from] item: Leftovers
|upkeep
|turn|12
|
|t:|1743836784
|move|p1a: Rotom|Thunder Wave|p2a: Kingambit
|-status|p2a: Kingambit|par
|cant|p2a: Kingambit|par
|
|-heal|p1a: Rotom|91/100|[from] item: Leftovers
|-heal|p2a: Kingambit|73/100 par|[from] item: Leftovers
|upkeep
|turn|13
|
|t:|1743836793
|move|p1a: Rotom|Hydro Pump|p2a: Kingambit
|-damage|p2a: Kingambit|24/100 par
|move|p2a: Kingambit|Kowtow Cleave|p1a: Rotom
|-damage|p1a: Rotom|21/100
|
|-heal|p1a: Rotom|27/100|[from] item: Leftovers
|-heal|p2a: Kingambit|30/100 par|[from] item: Leftovers
|upkeep
|turn|14
|
|t:|1743836803
|cant|p2a: Kingambit|par
|move|p1a: Rotom|Volt Switch|p2a: Kingambit
|-damage|p2a: Kingambit|0 fnt
|faint|p2a: Kingambit
|-end|p2a: Kingambit|fallen4|[silent]
|
|t:|1743836812
|switch|p1a: Pikachu|Pikachu-Alola, M|100/100|[from] Volt Switch
|-damage|p1a: Pikachu|84/100|[from] Spikes
|-damage|p1a: Pikachu|72/100|[from] Stealth Rock
|
|upkeep
|
|t:|1743836819
|switch|p2a: Zamazenta|Zamazenta|100/100
|-activate|p2a: Zamazenta|move: Sticky Web
|-unboost|p2a: Zamazenta|spe|1
|-ability|p2a: Zamazenta|Dauntless Shield|boost
|-boost|p2a: Zamazenta|def|1
|turn|15
|
|t:|1743836828
|move|p1a: Pikachu|Alluring Voice|p2a: Zamazenta
|-supereffective|p2a: Zamazenta
|-damage|p2a: Zamazenta|52/100
|move|p2a: Zamazenta|Iron Defense|p2a: Zamazenta
|-boost|p2a: Zamazenta|def|2
|
|-heal|p2a: Zamazenta|58/100|[from] item: Leftovers
|upkeep
|turn|16
|
|t:|1743836839
|move|p1a: Pikachu|Alluring Voice|p2a: Zamazenta
|-supereffective|p2a: Zamazenta
|-damage|p2a: Zamazenta|12/100
|move|p2a: Zamazenta|Iron Defense|p2a: Zamazenta
|-boost|p2a: Zamazenta|def|2
|
|-heal|p2a: Zamazenta|18/100|[from] item: Leftovers
|upkeep
|turn|17
|
|t:|1743836851
|move|p1a: Pikachu|Alluring Voice|p2a: Zamazenta
|-supereffective|p2a: Zamazenta
|-damage|p2a: Zamazenta|0 fnt
|faint|p2a: Zamazenta
|
|win|Imranthegoat
|raw|Imranthegoat's rating: 1136 &rarr; <strong>1157</strong><br />(+21 for winning)
|raw|Nbr1bleachfan's rating: 1083 &rarr; <strong>1064</strong><br />(-19 for losing)
|l|☆Nbr1bleachfan
|player|p2|
|l|☆Imranthegoat
|player|p1|
