|j|☆zelkz
|j|☆Aliverra
|t:|1743875388
|gametype|singles
|player|p1|zelkz|ghetsis-gen5bw|1312
|player|p2|Aliverra|dawn|1300
|teamsize|p1|6
|teamsize|p2|6
|gen|9
|tier|[Gen 9] OU
|rated|
|rule|HP Percentage Mod: HP is shown in percentages
|rule|Endless Battle Clause: Forcing endless battles is banned
|rule|Species Clause: Limit one of each Pokémon
|rule|OHKO Clause: OHKO moves are banned
|rule|Evasion Items Clause: Evasion items are banned
|rule|Evasion Moves Clause: Evasion moves are banned
|rule|Sleep Moves Clause: Sleep-inducing moves are banned
|clearpoke
|poke|p1|Iron Moth|
|poke|p1|Kingambit, F|
|poke|p1|Dragonite, F|
|poke|p1|Ogerpon-Cornerstone, F|
|poke|p1|Iron Valiant|
|poke|p1|Raging Bolt|
|poke|p2|Avalugg-Hisui, M|
|poke|p2|Orthworm, F|
|poke|p2|Moltres|
|poke|p2|Alomomola, M|
|poke|p2|Hatterene, F|
|poke|p2|Ursaluna, M|
|teampreview
|inactive|Battle timer is ON: inactive players will automatically lose when time's up. (requested by zelkz)
|c|☆Aliverra|hf
|inactive|zelkz has 120 seconds left.
|inactive|zelkz has 90 seconds left.
|inactive|zelkz has 60 seconds left.
|
|t:|1743875479
|start
|switch|p1a: Kingambit|Kingambit, F|100/100
|switch|p2a: GOAT|Orthworm, F, shiny|100/100
|turn|1
|inactive|zelkz has 120 seconds left.
|
|t:|1743875490
|move|p1a: Kingambit|Kowtow Cleave|p2a: GOAT
|-damage|p2a: GOAT|73/100
|-damage|p1a: Kingambit|84/100|[from] item: Rocky Helmet|[of] p2a: GOAT
|move|p2a: GOAT|Stealth Rock|p1a: Kingambit
|-sidestart|p1: zelkz|move: Stealth Rock
|
|upkeep
|turn|2
|
|t:|1743875496
|move|p1a: Kingambit|Kowtow Cleave|p2a: GOAT
|-damage|p2a: GOAT|46/100
|-damage|p1a: Kingambit|68/100|[from] item: Rocky Helmet|[of] p2a: GOAT
|move|p2a: GOAT|Body Press|p1a: Kingambit
|-supereffective|p1a: Kingambit
|-damage|p1a: Kingambit|0 fnt
|faint|p1a: Kingambit
|-end|p1a: Kingambit|fallenundefined|[silent]
|
|upkeep
|
|t:|1743875502
|switch|p1a: Iron Moth|Iron Moth|100/100
|-damage|p1a: Iron Moth|76/100|[from] Stealth Rock
|-enditem|p1a: Iron Moth|Booster Energy
|-activate|p1a: Iron Moth|ability: Quark Drive|[fromitem]
|-start|p1a: Iron Moth|quarkdrivespe
|turn|3
|
|t:|1743875507
|switch|p2a: Moltres|Moltres|100/100
|move|p1a: Iron Moth|Fiery Dance|p2a: Moltres
|-resisted|p2a: Moltres
|-damage|p2a: Moltres|85/100
|-boost|p1a: Iron Moth|spa|1
|
|upkeep
|turn|4
|
|t:|1743875511
|move|p1a: Iron Moth|Sludge Wave|p2a: Moltres
|-damage|p2a: Moltres|35/100
|move|p2a: Moltres|U-turn|p1a: Iron Moth
|-resisted|p1a: Iron Moth
|-damage|p1a: Iron Moth|71/100
|
|t:|1743875515
|switch|p2a: Hatterene|Hatterene, F, shiny|100/100|[from] U-turn
|
|upkeep
|turn|5
|
|t:|1743875519
|-terastallize|p2a: Hatterene|Water
|move|p1a: Iron Moth|Sludge Wave|p2a: Hatterene
|-damage|p2a: Hatterene|25/100
|-status|p2a: Hatterene|psn
|move|p2a: Hatterene|Trick Room|p2a: Hatterene
|-fieldstart|move: Trick Room|[of] p2a: Hatterene
|
|-damage|p2a: Hatterene|13/100 psn|[from] psn
|upkeep
|turn|6
|
|t:|1743875537
|move|p2a: Hatterene|Healing Wish|p2a: Hatterene
|faint|p2a: Hatterene
|move|p1a: Iron Moth|Energy Ball|p2: Hatterene|[notarget]
|-fail|p1a: Iron Moth
|
|upkeep
|
|t:|1743875542
|switch|p2a: Ursaluna|Ursaluna, M|100/100
|turn|7
|
|t:|1743875546
|-terastallize|p1a: Iron Moth|Grass
|move|p2a: Ursaluna|Swords Dance|p2a: Ursaluna
|-boost|p2a: Ursaluna|atk|2
|move|p1a: Iron Moth|Energy Ball|p2a: Ursaluna
|-supereffective|p2a: Ursaluna
|-damage|p2a: Ursaluna|0 fnt
|faint|p2a: Ursaluna
|
|upkeep
|
|t:|1743875554
|switch|p2a: Avalugg|Avalugg-Hisui, M, shiny|100/100
|turn|8
|
|t:|1743875560
|move|p2a: Avalugg|Mountain Gale|p1a: Iron Moth
|-supereffective|p1a: Iron Moth
|-damage|p1a: Iron Moth|0 fnt
|faint|p1a: Iron Moth
|-end|p1a: Iron Moth|Quark Drive|[silent]
|
|upkeep
|
|t:|1743875571
|switch|p1a: Ogerpon|Ogerpon-Cornerstone, F|100/100
|-damage|p1a: Ogerpon|88/100|[from] Stealth Rock
|turn|9
|
|t:|1743875575
|move|p2a: Avalugg|Mountain Gale|p1a: Ogerpon
|-supereffective|p1a: Ogerpon
|-damage|p1a: Ogerpon|0 fnt
|faint|p1a: Ogerpon
|
|-fieldend|move: Trick Room
|upkeep
|
|t:|1743875578
|switch|p1a: Iron Valiant|Iron Valiant|100/100
|-damage|p1a: Iron Valiant|94/100|[from] Stealth Rock
|-enditem|p1a: Iron Valiant|Booster Energy
|-activate|p1a: Iron Valiant|ability: Quark Drive|[fromitem]
|-start|p1a: Iron Valiant|quarkdrivespe
|turn|10
|
|t:|1743875584
|move|p1a: Iron Valiant|Swords Dance|p1a: Iron Valiant
|-boost|p1a: Iron Valiant|atk|2
|move|p2a: Avalugg|Mountain Gale|p1a: Iron Valiant
|-damage|p1a: Iron Valiant|0 fnt
|faint|p1a: Iron Valiant
|-end|p1a: Iron Valiant|Quark Drive|[silent]
|
|upkeep
|
|t:|1743875586
|switch|p1a: Raging Bolt|Raging Bolt|100/100
|-damage|p1a: Raging Bolt|88/100|[from] Stealth Rock
|-enditem|p1a: Raging Bolt|Booster Energy
|-activate|p1a: Raging Bolt|ability: Protosynthesis|[fromitem]
|-start|p1a: Raging Bolt|protosynthesisspa
|turn|11
|
|t:|1743875589
|move|p1a: Raging Bolt|Thunderbolt|p2a: Avalugg
|-damage|p2a: Avalugg|0 fnt
|faint|p2a: Avalugg
|
|upkeep
|-message|Aliverra forfeited.
|
|win|zelkz
|raw|zelkz's rating: 1312 &rarr; <strong>1331</strong><br />(+19 for winning)
|raw|Aliverra's rating: 1300 &rarr; <strong>1276</strong><br />(-24 for losing)
|l|☆Aliverra
|player|p2|
