|j|☆ChrisSweeps
|j|☆boltblazt
|t:|1743886112
|gametype|singles
|player|p1|ChrisSweeps|veteran|1385
|player|p2|boltblazt|rosa|1330
|teamsize|p1|6
|teamsize|p2|6
|gen|9
|tier|[Gen 9] OU
|rated|
|rule|HP Percentage Mod: HP is shown in percentages
|rule|Endless Battle Clause: Forcing endless battles is banned
|rule|Species Clause: Limit one of each Pokémon
|rule|OHKO Clause: OHKO moves are banned
|rule|Evasion Items Clause: Evasion items are banned
|rule|Evasion Moves Clause: Evasion moves are banned
|rule|Sleep Moves Clause: Sleep-inducing moves are banned
|clearpoke
|poke|p1|Blaziken, M|
|poke|p1|Dragapult, M|
|poke|p1|Dragonite, M|
|poke|p1|Great Tusk|
|poke|p1|Raging Bolt|
|poke|p1|Glimmora, M|
|poke|p2|Weavile, F|
|poke|p2|Landorus-Therian, M|
|poke|p2|Zamazenta-*|
|poke|p2|Corviknight, F|
|poke|p2|Iron Valiant|
|poke|p2|Iron Crown|
|teampreview
|inactive|Battle timer is ON: inactive players will automatically lose when time's up. (requested by ChrisSweeps)
|
|t:|1743886135
|start
|switch|p1a: Glimmora|Glimmora, M|100/100
|switch|p2a: Landorus|Landorus-Therian, M|100/100
|-ability|p2a: Landorus|Intimidate|boost
|-unboost|p1a: Glimmora|atk|1
|turn|1
|
|t:|1743886144
|move|p2a: Landorus|Earthquake|p1a: Glimmora
|-supereffective|p1a: Glimmora
|-enditem|p1a: Glimmora|Focus Sash
|-damage|p1a: Glimmora|1/100
|-activate|p1a: Glimmora|ability: Toxic Debris
|-sidestart|p2: boltblazt|move: Toxic Spikes
|move|p1a: Glimmora|Mortal Spin|p2a: Landorus
|-resisted|p2a: Landorus
|-damage|p2a: Landorus|98/100
|-status|p2a: Landorus|psn
|
|-damage|p2a: Landorus|85/100 psn|[from] psn
|upkeep
|turn|2
|inactive|ChrisSweeps has 120 seconds left.
|
|t:|1743886181
|switch|p2a: Corviknight|Corviknight, F|100/100
|move|p1a: Glimmora|Stealth Rock|p2a: Corviknight
|-sidestart|p2: boltblazt|move: Stealth Rock
|
|upkeep
|turn|3
|inactive|ChrisSweeps has 120 seconds left.
|
|t:|1743886189
|move|p1a: Glimmora|Power Gem|p2a: Corviknight
|-damage|p2a: Corviknight|57/100
|move|p2a: Corviknight|Defog|p1a: Glimmora
|-unboost|p1a: Glimmora|evasion|1
|-sideend|p2: boltblazt|Toxic Spikes|[from] move: Defog|[of] p2a: Corviknight
|-sideend|p2: boltblazt|Stealth Rock|[from] move: Defog|[of] p2a: Corviknight
|
|upkeep
|turn|4
|
|t:|1743886199
|move|p1a: Glimmora|Power Gem|p2a: Corviknight
|-damage|p2a: Corviknight|16/100
|move|p2a: Corviknight|U-turn|p1a: Glimmora
|-resisted|p1a: Glimmora
|-damage|p1a: Glimmora|0 fnt
|-activate|p1a: Glimmora|ability: Toxic Debris
|-sidestart|p2: boltblazt|move: Toxic Spikes
|faint|p1a: Glimmora
|
|t:|1743886208
|switch|p2a: Landorus|Landorus-Therian, M|85/100 psn|[from] U-turn
|
|-damage|p2a: Landorus|73/100 psn|[from] psn
|upkeep
|inactive|ChrisSweeps has 120 seconds left.
|
|t:|1743886224
|switch|p1a: Dragapult|Dragapult, M|100/100
|turn|5
|
|t:|1743886234
|-terastallize|p2a: Landorus|Ice
|move|p2a: Landorus|Tera Blast|p1a: Dragapult|[anim] Tera Blast Ice
|-supereffective|p1a: Dragapult
|-damage|p1a: Dragapult|0 fnt
|faint|p1a: Dragapult
|
|-damage|p2a: Landorus|60/100 psn|[from] psn
|upkeep
|
|t:|1743886243
|switch|p1a: Blaziken|Blaziken, M, shiny|100/100
|turn|6
|
|t:|1743886247
|switch|p2a: Corviknight|Corviknight, F|16/100
|move|p1a: Blaziken|Swords Dance|p1a: Blaziken
|-boost|p1a: Blaziken|atk|2
|
|-ability|p1a: Blaziken|Speed Boost|boost
|-boost|p1a: Blaziken|spe|1
|upkeep
|turn|7
|
|t:|1743886257
|move|p1a: Blaziken|Flare Blitz|p2a: Corviknight
|-supereffective|p2a: Corviknight
|-damage|p2a: Corviknight|0 fnt
|-damage|p1a: Blaziken|84/100|[from] item: Rocky Helmet|[of] p2a: Corviknight
|faint|p2a: Corviknight
|-damage|p1a: Blaziken|77/100|[from] Recoil
|
|-heal|p1a: Blaziken|83/100|[from] item: Leftovers
|-ability|p1a: Blaziken|Speed Boost|boost
|-boost|p1a: Blaziken|spe|1
|upkeep
|c|☆ChrisSweeps|ggs
|
|t:|1743886277
|switch|p2a: Zamazenta|Zamazenta|100/100
|-status|p2a: Zamazenta|psn
|-ability|p2a: Zamazenta|Dauntless Shield|boost
|-boost|p2a: Zamazenta|def|1
|turn|8
|
|t:|1743886285
|move|p1a: Blaziken|Protect|p1a: Blaziken
|-singleturn|p1a: Blaziken|Protect
|move|p2a: Zamazenta|Stone Edge|p1a: Blaziken
|-activate|p1a: Blaziken|move: Protect
|
|-heal|p1a: Blaziken|89/100|[from] item: Leftovers
|-damage|p2a: Zamazenta|88/100 psn|[from] psn
|-ability|p1a: Blaziken|Speed Boost|boost
|-boost|p1a: Blaziken|spe|1
|upkeep
|turn|9
|
|t:|1743886306
|move|p1a: Blaziken|Flare Blitz|p2a: Zamazenta
|-damage|p2a: Zamazenta|14/100 psn
|-damage|p1a: Blaziken|63/100|[from] Recoil
|move|p2a: Zamazenta|Close Combat|p1a: Blaziken
|-damage|p1a: Blaziken|0 fnt
|-unboost|p2a: Zamazenta|def|1
|-unboost|p2a: Zamazenta|spd|1
|faint|p1a: Blaziken
|-damage|p2a: Zamazenta|4/100 psn|[from] item: Life Orb
|
|-damage|p2a: Zamazenta|0 fnt|[from] psn
|faint|p2a: Zamazenta
|upkeep
|inactive|ChrisSweeps has 120 seconds left.
|
|t:|1743886329
|switch|p2a: Weavile|Weavile, F|100/100
|switch|p1a: Dragonite|Dragonite, M|100/100
|-ability|p2a: Weavile|Pressure
|turn|10
|inactive|ChrisSweeps has 120 seconds left.
|
|t:|1743886342
|-terastallize|p1a: Dragonite|Normal
|move|p2a: Weavile|Triple Axel|p1a: Dragonite
|-damage|p1a: Dragonite|95/100
|-damage|p1a: Dragonite|74/100
|-damage|p1a: Dragonite|42/100
|-hitcount|p1a: Dragonite|3
|move|p1a: Dragonite|Dragon Dance|p1a: Dragonite
|-boost|p1a: Dragonite|atk|1
|-boost|p1a: Dragonite|spe|1
|
|upkeep
|turn|11
|inactive|ChrisSweeps has 120 seconds left.
|
|t:|1743886354
|move|p1a: Dragonite|Extreme Speed|p2a: Weavile
|-damage|p2a: Weavile|0 fnt
|faint|p2a: Weavile
|
|upkeep
|
|t:|1743886360
|switch|p2a: Iron Valiant|Iron Valiant|100/100
|-status|p2a: Iron Valiant|psn
|-enditem|p2a: Iron Valiant|Booster Energy
|-activate|p2a: Iron Valiant|ability: Quark Drive|[fromitem]
|-start|p2a: Iron Valiant|quarkdrivespe
|turn|12
|
|t:|1743886368
|move|p1a: Dragonite|Extreme Speed|p2a: Iron Valiant
|-damage|p2a: Iron Valiant|18/100 psn
|move|p2a: Iron Valiant|Aura Sphere|p1a: Dragonite
|-supereffective|p1a: Dragonite
|-damage|p1a: Dragonite|0 fnt
|faint|p1a: Dragonite
|
|-damage|p2a: Iron Valiant|6/100 psn|[from] psn
|upkeep
|inactive|ChrisSweeps has 120 seconds left.
|
|t:|1743886384
|switch|p1a: Raging Bolt|Raging Bolt|100/100
|turn|13
|
|t:|1743886394
|-end|p2a: Iron Valiant|Quark Drive|[silent]
|switch|p2a: Landorus|Landorus-Therian, M, tera:Ice|60/100 psn
|-ability|p2a: Landorus|Intimidate|boost
|-unboost|p1a: Raging Bolt|atk|1
|move|p1a: Raging Bolt|Calm Mind|p1a: Raging Bolt
|-boost|p1a: Raging Bolt|spa|1
|-boost|p1a: Raging Bolt|spd|1
|
|-damage|p2a: Landorus|48/100 psn|[from] psn
|upkeep
|turn|14
|
|t:|1743886405
|move|p1a: Raging Bolt|Thunderclap|p2a: Landorus
|-damage|p2a: Landorus|0 fnt
|faint|p2a: Landorus
|
|upkeep
|
|t:|1743886410
|switch|p2a: Iron Crown|Iron Crown|100/100
|-enditem|p2a: Iron Crown|Booster Energy
|-activate|p2a: Iron Crown|ability: Quark Drive|[fromitem]
|-start|p2a: Iron Crown|quarkdrivespa
|turn|15
|
|t:|1743886418
|move|p2a: Iron Crown|Psychic|p1a: Raging Bolt
|-damage|p1a: Raging Bolt|64/100
|move|p1a: Raging Bolt|Thunderbolt|p2a: Iron Crown
|-damage|p2a: Iron Crown|38/100
|-status|p2a: Iron Crown|par
|
|-heal|p1a: Raging Bolt|70/100|[from] item: Leftovers
|upkeep
|turn|16
|
|t:|1743886430
|move|p1a: Raging Bolt|Thunderbolt|p2a: Iron Crown
|-damage|p2a: Iron Crown|0 fnt
|faint|p2a: Iron Crown
|-end|p2a: Iron Crown|Quark Drive|[silent]
|
|-heal|p1a: Raging Bolt|76/100|[from] item: Leftovers
|upkeep
|
|t:|1743886435
|switch|p2a: Iron Valiant|Iron Valiant|6/100 psn
|turn|17
|
|t:|1743886440
|move|p2a: Iron Valiant|Aura Sphere|p1a: Raging Bolt
|-damage|p1a: Raging Bolt|54/100
|move|p1a: Raging Bolt|Calm Mind|p1a: Raging Bolt
|-boost|p1a: Raging Bolt|spa|1
|-boost|p1a: Raging Bolt|spd|1
|
|-heal|p1a: Raging Bolt|60/100|[from] item: Leftovers
|-damage|p2a: Iron Valiant|0 fnt|[from] psn
|faint|p2a: Iron Valiant
|-end|p2a: Iron Valiant|Quark Drive|[silent]
|
|win|ChrisSweeps
|raw|ChrisSweeps's rating: 1385 &rarr; <strong>1402</strong><br />(+17 for winning)
|raw|boltblazt's rating: 1330 &rarr; <strong>1313</strong><br />(-17 for losing)
|l|☆boltblazt
|player|p2|
