|j|☆Mayeda
|j|‽Nate658
|t:|1743922706
|gametype|singles
|player|p1|Mayeda|pokemonbreederf-gen4|1113
|player|p2|Nate658|266|1181
|teamsize|p1|6
|teamsize|p2|6
|gen|9
|tier|[Gen 9] OU
|rated|
|rule|HP Percentage Mod: HP is shown in percentages
|rule|Endless Battle Clause: Forcing endless battles is banned
|rule|Species Clause: Limit one of each Pokémon
|rule|OHKO Clause: OHKO moves are banned
|rule|Evasion Items Clause: Evasion items are banned
|rule|Evasion Moves Clause: Evasion moves are banned
|rule|Sleep Moves Clause: Sleep-inducing moves are banned
|clearpoke
|poke|p1|Wo-Chien|
|poke|p1|Iron Hands|
|poke|p1|Okidogi, M|
|poke|p1|Kilowattrel, M|
|poke|p1|Brambleghast, M|
|poke|p1|Toxtricity-Low-Key, F|
|poke|p2|Garchomp, F|
|poke|p2|Ceruledge, F|
|poke|p2|Gyarados, F|
|poke|p2|Iron Crown|
|poke|p2|Raging Bolt|
|poke|p2|Dragonite, F|
|teampreview
|
|t:|1743922715
|start
|switch|p1a: Wo-Chien|Wo-Chien|100/100
|switch|p2a: Gyarados|Gyarados, F, shiny|100/100
|-ability|p1a: Wo-Chien|Tablets of Ruin
|turn|1
|
|t:|1743922719
|move|p2a: Gyarados|Dragon Dance|p2a: Gyarados
|-boost|p2a: Gyarados|atk|1
|-boost|p2a: Gyarados|spe|1
|move|p1a: Wo-Chien|Mean Look|p2a: Gyarados
|-activate|p2a: Gyarados|trapped
|
|upkeep
|turn|2
|
|t:|1743922729
|move|p2a: Gyarados|Dragon Dance|p2a: Gyarados
|-boost|p2a: Gyarados|atk|1
|-boost|p2a: Gyarados|spe|1
|move|p1a: Wo-Chien|Leech Seed|p2a: Gyarados
|-start|p2a: Gyarados|move: Leech Seed
|
|-damage|p2a: Gyarados|88/100|[from] Leech Seed|[of] p1a: Wo-Chien
|upkeep
|turn|3
|
|t:|1743922736
|-terastallize|p1a: Wo-Chien|Electric
|move|p2a: Gyarados|Ice Fang|p1a: Wo-Chien
|-damage|p1a: Wo-Chien|68/100
|move|p1a: Wo-Chien|Ruination|p2a: Gyarados
|-damage|p2a: Gyarados|44/100
|-enditem|p2a: Gyarados|Sitrus Berry|[eat]
|-heal|p2a: Gyarados|69/100|[from] item: Sitrus Berry
|
|-damage|p2a: Gyarados|57/100|[from] Leech Seed|[of] p1a: Wo-Chien
|-heal|p1a: Wo-Chien|83/100|[silent]
|upkeep
|turn|4
|
|t:|1743922743
|move|p2a: Gyarados|Earthquake|p1a: Wo-Chien
|-supereffective|p1a: Wo-Chien
|-damage|p1a: Wo-Chien|0 fnt
|faint|p1a: Wo-Chien
|-ability|p2a: Gyarados|Moxie|boost
|-boost|p2a: Gyarados|atk|1
|
|upkeep
|
|t:|1743922749
|switch|p1a: Zaptrecuno|Kilowattrel, M, shiny|100/100
|turn|5
|
|t:|1743922760
|move|p2a: Gyarados|Ice Fang|p1a: Zaptrecuno
|-supereffective|p1a: Zaptrecuno
|-damage|p1a: Zaptrecuno|0 fnt
|faint|p1a: Zaptrecuno
|-ability|p2a: Gyarados|Moxie|boost
|-boost|p2a: Gyarados|atk|1
|
|upkeep
|
|t:|1743922765
|switch|p1a: Iron Hands|Iron Hands|100/100
|turn|6
|
|t:|1743922768
|move|p2a: Gyarados|Earthquake|p1a: Iron Hands
|-supereffective|p1a: Iron Hands
|-damage|p1a: Iron Hands|0 fnt
|faint|p1a: Iron Hands
|-end|p1a: Iron Hands|Quark Drive|[silent]
|-ability|p2a: Gyarados|Moxie|boost
|-boost|p2a: Gyarados|atk|1
|
|upkeep
|-message|Mayeda forfeited.
|
|win|Nate658
|raw|Mayeda's rating: 1113 &rarr; <strong>1093</strong><br />(-20 for losing)
|raw|Nate658's rating: 1181 &rarr; <strong>1201</strong><br />(+20 for winning)
|l|☆Mayeda
|player|p1|
|l|‽Nate658
|player|p2|
