|j|☆MyGoodBuddyMason
|j|☆Cafegamer2017
|t:|1743906068
|gametype|singles
|player|p1|MyGoodBuddyMason|ghetsis|1336
|player|p2|Cafegamer2017|169|1308
|teamsize|p1|6
|teamsize|p2|6
|gen|9
|tier|[Gen 9] OU
|rated|
|rule|HP Percentage Mod: HP is shown in percentages
|rule|Endless Battle Clause: Forcing endless battles is banned
|rule|Species Clause: Limit one of each Pokémon
|rule|OHKO Clause: OHKO moves are banned
|rule|Evasion Items Clause: Evasion items are banned
|rule|Evasion Moves Clause: Evasion moves are banned
|rule|Sleep Moves Clause: Sleep-inducing moves are banned
|clearpoke
|poke|p1|Zapdos|
|poke|p1|Eiscue, M|
|poke|p1|Empoleon, F|
|poke|p1|Garchomp, F|
|poke|p1|Donphan, M|
|poke|p1|Lokix, M|
|poke|p2|Great Tusk|
|poke|p2|Heatran, M|
|poke|p2|Clefable, M|
|poke|p2|Moltres|
|poke|p2|Ogerpon-Wellspring, F|
|poke|p2|Scizor, F|
|teampreview
|
|t:|1743906094
|start
|switch|p1a: Steel Beam Enjoyer|Empoleon, F|100/100
|switch|p2a: Moltres|Moltres|100/100
|turn|1
|
|t:|1743906103
|move|p2a: Moltres|U-turn|p1a: Steel Beam Enjoyer
|-resisted|p1a: Steel Beam Enjoyer
|-damage|p1a: Steel Beam Enjoyer|92/100
|
|t:|1743906127
|switch|p2a: Heatran|Heatran, M|100/100|[from] U-turn
|move|p1a: Steel Beam Enjoyer|Surf|p2a: Heatran
|-supereffective|p2a: Heatran
|-damage|p2a: Heatran|58/100
|
|-heal|p2a: Heatran|64/100|[from] item: Leftovers
|-heal|p1a: Steel Beam Enjoyer|98/100|[from] item: Leftovers
|upkeep
|turn|2
|inactive|Battle timer is ON: inactive players will automatically lose when time's up. (requested by MyGoodBuddyMason)
|
|t:|1743906137
|move|p2a: Heatran|Stealth Rock|p1a: Steel Beam Enjoyer
|-sidestart|p1: MyGoodBuddyMason|move: Stealth Rock
|move|p1a: Steel Beam Enjoyer|Flip Turn|p2a: Heatran
|-supereffective|p2a: Heatran
|-damage|p2a: Heatran|36/100
|
|t:|1743906140
|switch|p1a: Sharkry|Garchomp, F|100/100|[from] Flip Turn
|-damage|p1a: Sharkry|94/100|[from] Stealth Rock
|
|-heal|p2a: Heatran|42/100|[from] item: Leftovers
|upkeep
|turn|3
|
|t:|1743906157
|switch|p2a: Great Tusk|Great Tusk|100/100
|move|p1a: Sharkry|Stealth Rock|p2a: Great Tusk
|-sidestart|p2: Cafegamer2017|move: Stealth Rock
|
|upkeep
|turn|4
|
|t:|1743906165
|move|p2a: Great Tusk|Ice Fang|p1a: Sharkry
|-supereffective|p1a: Sharkry
|-damage|p1a: Sharkry|44/100
|-damage|p2a: Great Tusk|88/100|[from] ability: Rough Skin|[of] p1a: Sharkry
|-damage|p2a: Great Tusk|72/100|[from] item: Rocky Helmet|[of] p1a: Sharkry
|move|p1a: Sharkry|Dragon Tail|p2a: Great Tusk
|-damage|p2a: Great Tusk|56/100
|-end|p2a: Great Tusk|Protosynthesis|[silent]
|drag|p2a: Heatran|Heatran, M|42/100
|-damage|p2a: Heatran|30/100|[from] Stealth Rock
|
|-heal|p2a: Heatran|36/100|[from] item: Leftovers
|upkeep
|turn|5
|
|t:|1743906178
|switch|p2a: Clefable|Clefable, M|100/100
|-damage|p2a: Clefable|88/100|[from] Stealth Rock
|move|p1a: Sharkry|Earthquake|p2a: Clefable
|-damage|p2a: Clefable|40/100
|
|-heal|p2a: Clefable|47/100|[from] item: Leftovers
|upkeep
|turn|6
|
|t:|1743906193
|switch|p1a: Steel Beam Enjoyer|Empoleon, F|98/100
|-damage|p1a: Steel Beam Enjoyer|92/100|[from] Stealth Rock
|move|p2a: Clefable|Moonlight|p2a: Clefable
|-heal|p2a: Clefable|96/100
|
|-heal|p2a: Clefable|100/100|[from] item: Leftovers
|-heal|p1a: Steel Beam Enjoyer|98/100|[from] item: Leftovers
|upkeep
|turn|7
|inactive|MyGoodBuddyMason has 120 seconds left.
|
|t:|1743906232
|move|p2a: Clefable|Knock Off|p1a: Steel Beam Enjoyer
|-damage|p1a: Steel Beam Enjoyer|85/100
|-enditem|p1a: Steel Beam Enjoyer|Leftovers|[from] move: Knock Off|[of] p2a: Clefable
|move|p1a: Steel Beam Enjoyer|Flip Turn|p2a: Clefable
|-damage|p2a: Clefable|81/100
|
|t:|1743906243
|switch|p1a: Shock Tuah|Zapdos|100/100|[from] Flip Turn
|
|-heal|p2a: Clefable|87/100|[from] item: Leftovers
|upkeep
|turn|8
|
|t:|1743906250
|move|p1a: Shock Tuah|Discharge|p2a: Clefable
|-damage|p2a: Clefable|64/100
|move|p2a: Clefable|Knock Off|p1a: Shock Tuah
|-damage|p1a: Shock Tuah|89/100
|-enditem|p1a: Shock Tuah|Heavy-Duty Boots|[from] move: Knock Off|[of] p2a: Clefable
|
|-heal|p2a: Clefable|70/100|[from] item: Leftovers
|upkeep
|turn|9
|inactive|MyGoodBuddyMason has 120 seconds left.
|
|t:|1743906261
|move|p1a: Shock Tuah|Discharge|p2a: Clefable
|-crit|p2a: Clefable
|-damage|p2a: Clefable|38/100
|-status|p2a: Clefable|par
|move|p2a: Clefable|Moonlight|p2a: Clefable
|-heal|p2a: Clefable|88/100 par
|
|-heal|p2a: Clefable|94/100 par|[from] item: Leftovers
|upkeep
|turn|10
|inactive|MyGoodBuddyMason has 120 seconds left.
|
|t:|1743906292
|move|p1a: Shock Tuah|Hurricane|p2a: Clefable
|-damage|p2a: Clefable|63/100 par
|move|p2a: Clefable|Moonblast|p1a: Shock Tuah
|-damage|p1a: Shock Tuah|56/100
|-unboost|p1a: Shock Tuah|spa|1
|
|-heal|p2a: Clefable|69/100 par|[from] item: Leftovers
|upkeep
|turn|11
|inactive|MyGoodBuddyMason has 90 seconds left.
|
|t:|1743906308
|move|p1a: Shock Tuah|Roost|p1a: Shock Tuah
|-heal|p1a: Shock Tuah|100/100
|-singleturn|p1a: Shock Tuah|move: Roost
|move|p2a: Clefable|Moonlight|p2a: Clefable
|-heal|p2a: Clefable|100/100 par
|
|upkeep
|turn|12
|
|t:|1743906315
|move|p1a: Shock Tuah|U-turn|p2a: Clefable
|-resisted|p2a: Clefable
|-damage|p2a: Clefable|94/100 par
|
|t:|1743906327
|switch|p1a: Steel Beam Enjoyer|Empoleon, F|85/100|[from] U-turn
|-damage|p1a: Steel Beam Enjoyer|78/100|[from] Stealth Rock
|move|p2a: Clefable|Calm Mind|p2a: Clefable
|-boost|p2a: Clefable|spa|1
|-boost|p2a: Clefable|spd|1
|
|-heal|p2a: Clefable|99/100 par|[from] item: Leftovers
|upkeep
|turn|13
|inactive|MyGoodBuddyMason has 90 seconds left.
|inactive|MyGoodBuddyMason has 60 seconds left.
|inactive|Cafegamer2017 has 120 seconds left.
|
|t:|1743906384
|move|p1a: Steel Beam Enjoyer|Flip Turn|p2a: Clefable
|-damage|p2a: Clefable|79/100 par
|
|t:|1743906389
|switch|p1a: Long Snout|Donphan, M, shiny|100/100|[from] Flip Turn
|cant|p2a: Clefable|par
|
|-heal|p2a: Clefable|85/100 par|[from] item: Leftovers
|upkeep
|turn|14
|inactive|MyGoodBuddyMason has 60 seconds left.
|inactive|Cafegamer2017 has 120 seconds left.
|
|t:|1743906399
|-terastallize|p2a: Clefable|Ghost
|move|p1a: Long Snout|Knock Off|p2a: Clefable
|-supereffective|p2a: Clefable
|-damage|p2a: Clefable|18/100 par
|-enditem|p2a: Clefable|Leftovers|[from] move: Knock Off|[of] p1a: Long Snout
|move|p2a: Clefable|Moonblast|p1a: Long Snout
|-damage|p1a: Long Snout|36/100
|
|upkeep
|turn|15
|inactive|MyGoodBuddyMason has 60 seconds left.
|inactive|Cafegamer2017 has 120 seconds left.
|
|t:|1743906430
|switch|p2a: Ogerpon|Ogerpon-Wellspring, F|100/100
|-damage|p2a: Ogerpon|88/100|[from] Stealth Rock
|move|p1a: Long Snout|Earthquake|p2a: Ogerpon
|-resisted|p2a: Ogerpon
|-damage|p2a: Ogerpon|57/100
|
|upkeep
|turn|16
|
|t:|1743906438
|switch|p1a: Mr. Freeze|Eiscue, M|100/100
|-damage|p1a: Mr. Freeze|76/100|[from] Stealth Rock
|move|p2a: Ogerpon|Ivy Cudgel|p1a: Mr. Freeze|[anim] Ivy Cudgel Water
|-activate|p1a: Mr. Freeze|ability: Ice Face
|-damage|p1a: Mr. Freeze|76/100
|detailschange|p1a: Mr. Freeze|Eiscue-Noice, M
|
|upkeep
|turn|17
|inactive|Cafegamer2017 has 120 seconds left.
|
|t:|1743906466
|switch|p2a: Moltres|Moltres|100/100
|move|p1a: Mr. Freeze|Freeze-Dry|p2a: Moltres
|-damage|p2a: Moltres|77/100
|-status|p2a: Moltres|frz
|
|upkeep
|turn|18
|
|t:|1743906475
|move|p1a: Mr. Freeze|Snowscape|p1a: Mr. Freeze
|-weather|Snowscape
|-activate|p1a: Mr. Freeze|ability: Ice Face
|detailschange|p1a: Mr. Freeze|Eiscue, M
|-curestatus|p2a: Moltres|frz|[msg]
|move|p2a: Moltres|Flamethrower|p1a: Mr. Freeze
|-supereffective|p1a: Mr. Freeze
|-damage|p1a: Mr. Freeze|0 fnt
|faint|p1a: Mr. Freeze
|
|-weather|Snowscape|[upkeep]
|upkeep
|
|t:|1743906483
|switch|p1a: Shock Tuah|Zapdos|100/100
|-damage|p1a: Shock Tuah|76/100|[from] Stealth Rock
|turn|19
|
|t:|1743906489
|move|p1a: Shock Tuah|Discharge|p2a: Moltres
|-supereffective|p2a: Moltres
|-damage|p2a: Moltres|5/100
|move|p2a: Moltres|Flamethrower|p1a: Shock Tuah
|-damage|p1a: Shock Tuah|40/100
|
|-weather|Snowscape|[upkeep]
|upkeep
|turn|20
|inactive|Cafegamer2017 has 120 seconds left.
|inactive|Cafegamer2017 has 90 seconds left.
|
|t:|1743906530
|move|p1a: Shock Tuah|Hurricane|p2a: Moltres
|-damage|p2a: Moltres|0 fnt
|faint|p2a: Moltres
|
|-weather|Snowscape|[upkeep]
|upkeep
|
|t:|1743906539
|switch|p2a: Heatran|Heatran, M|36/100
|-damage|p2a: Heatran|24/100|[from] Stealth Rock
|turn|21
|inactive|MyGoodBuddyMason has 90 seconds left.
|
|t:|1743906551
|move|p1a: Shock Tuah|Roost|p1a: Shock Tuah
|-heal|p1a: Shock Tuah|90/100
|-singleturn|p1a: Shock Tuah|move: Roost
|move|p2a: Heatran|Magma Storm|p1a: Shock Tuah
|-damage|p1a: Shock Tuah|50/100
|-activate|p1a: Shock Tuah|move: Magma Storm|[of] p2a: Heatran
|
|-weather|Snowscape|[upkeep]
|-heal|p2a: Heatran|30/100|[from] item: Leftovers
|-damage|p1a: Shock Tuah|37/100|[from] move: Magma Storm|[partiallytrapped]
|upkeep
|turn|22
|
|t:|1743906561
|move|p1a: Shock Tuah|Discharge|p2a: Heatran
|-damage|p2a: Heatran|7/100
|move|p2a: Heatran|Taunt|p1a: Shock Tuah
|-start|p1a: Shock Tuah|move: Taunt
|
|-weather|none
|-heal|p2a: Heatran|13/100|[from] item: Leftovers
|-damage|p1a: Shock Tuah|25/100|[from] move: Magma Storm|[partiallytrapped]
|upkeep
|turn|23
|
|t:|1743906576
|move|p2a: Heatran|Protect|p2a: Heatran
|-singleturn|p2a: Heatran|Protect
|move|p1a: Shock Tuah|Discharge|p2a: Heatran
|-activate|p2a: Heatran|move: Protect
|
|-heal|p2a: Heatran|20/100|[from] item: Leftovers
|-damage|p1a: Shock Tuah|13/100|[from] move: Magma Storm|[partiallytrapped]
|upkeep
|turn|24
|
|t:|1743906589
|move|p1a: Shock Tuah|Hurricane|p2a: Heatran
|-resisted|p2a: Heatran
|-damage|p2a: Heatran|5/100
|-start|p2a: Heatran|confusion
|-activate|p2a: Heatran|confusion
|move|p2a: Heatran|Magma Storm|p1a: Shock Tuah
|-damage|p1a: Shock Tuah|0 fnt
|faint|p1a: Shock Tuah
|
|-heal|p2a: Heatran|11/100|[from] item: Leftovers
|upkeep
|
|t:|1743906609
|switch|p1a: Sharkry|Garchomp, F|44/100
|-damage|p1a: Sharkry|38/100|[from] Stealth Rock
|turn|25
|
|t:|1743906620
|move|p1a: Sharkry|Spikes|p2a: Heatran
|-sidestart|p2: Cafegamer2017|Spikes
|-activate|p2a: Heatran|confusion
|-damage|p2a: Heatran|5/100|[from] confusion
|
|-heal|p2a: Heatran|12/100|[from] item: Leftovers
|upkeep
|turn|26
|
|t:|1743906630
|move|p1a: Sharkry|Earthquake|p2a: Heatran
|-supereffective|p2a: Heatran
|-damage|p2a: Heatran|0 fnt
|faint|p2a: Heatran
|
|upkeep
|
|t:|1743906649
|switch|p2a: Great Tusk|Great Tusk|56/100
|-damage|p2a: Great Tusk|53/100|[from] Stealth Rock
|-damage|p2a: Great Tusk|41/100|[from] Spikes
|turn|27
|inactive|MyGoodBuddyMason has 120 seconds left.
|
|t:|1743906656
|move|p2a: Great Tusk|Rapid Spin|p1a: Sharkry
|-damage|p1a: Sharkry|28/100
|-boost|p2a: Great Tusk|spe|1
|-damage|p2a: Great Tusk|29/100|[from] ability: Rough Skin|[of] p1a: Sharkry
|-damage|p2a: Great Tusk|12/100|[from] item: Rocky Helmet|[of] p1a: Sharkry
|-sideend|p2: Cafegamer2017|Spikes|[from] move: Rapid Spin|[of] p2a: Great Tusk
|-sideend|p2: Cafegamer2017|Stealth Rock|[from] move: Rapid Spin|[of] p2a: Great Tusk
|move|p1a: Sharkry|Earthquake|p2a: Great Tusk
|-damage|p2a: Great Tusk|0 fnt
|faint|p2a: Great Tusk
|-end|p2a: Great Tusk|Protosynthesis|[silent]
|
|upkeep
|
|t:|1743906677
|switch|p2a: Ogerpon|Ogerpon-Wellspring, F|57/100
|turn|28
|
|t:|1743906690
|move|p2a: Ogerpon|Ivy Cudgel|p1a: Sharkry|[anim] Ivy Cudgel Water
|-damage|p1a: Sharkry|0 fnt
|faint|p1a: Sharkry
|
|upkeep
|
|t:|1743906693
|switch|p1a: The Kicker|Lokix, M|100/100
|-damage|p1a: The Kicker|76/100|[from] Stealth Rock
|turn|29
|
|t:|1743906698
|switch|p2a: Clefable|Clefable, M, tera:Ghost|18/100 par
|move|p1a: The Kicker|U-turn|p2a: Clefable
|-resisted|p2a: Clefable
|-damage|p2a: Clefable|0 fnt
|faint|p2a: Clefable
|
|t:|1743906710
|switch|p1a: Steel Beam Enjoyer|Empoleon, F|78/100|[from] U-turn
|-damage|p1a: Steel Beam Enjoyer|72/100|[from] Stealth Rock
|
|upkeep
|
|t:|1743906715
|switch|p2a: Scizor|Scizor, F|100/100
|turn|30
|
|t:|1743906719
|move|p2a: Scizor|Swords Dance|p2a: Scizor
|-boost|p2a: Scizor|atk|2
|move|p1a: Steel Beam Enjoyer|Surf|p2a: Scizor
|-damage|p2a: Scizor|59/100
|
|upkeep
|turn|31
|
|t:|1743906735
|move|p2a: Scizor|Knock Off|p1a: Steel Beam Enjoyer
|-damage|p1a: Steel Beam Enjoyer|21/100
|move|p1a: Steel Beam Enjoyer|Flip Turn|p2a: Scizor
|-damage|p2a: Scizor|39/100
|
|t:|1743906740
|switch|p1a: The Kicker|Lokix, M|76/100|[from] Flip Turn
|-damage|p1a: The Kicker|51/100|[from] Stealth Rock
|
|upkeep
|turn|32
|
|t:|1743906750
|-terastallize|p1a: The Kicker|Bug
|move|p1a: The Kicker|First Impression|p2a: Scizor
|-resisted|p2a: Scizor
|-damage|p2a: Scizor|0 fnt
|faint|p2a: Scizor
|
|upkeep
|
|t:|1743906757
|switch|p2a: Ogerpon|Ogerpon-Wellspring, F|57/100
|turn|33
|
|t:|1743906761
|switch|p1a: Steel Beam Enjoyer|Empoleon, F|21/100
|-damage|p1a: Steel Beam Enjoyer|15/100|[from] Stealth Rock
|move|p2a: Ogerpon|Ivy Cudgel|p1a: Steel Beam Enjoyer|[anim] Ivy Cudgel Water
|-resisted|p1a: Steel Beam Enjoyer
|-damage|p1a: Steel Beam Enjoyer|0 fnt
|faint|p1a: Steel Beam Enjoyer
|
|upkeep
|
|t:|1743906763
|switch|p1a: The Kicker|Lokix, M, tera:Bug|51/100
|-damage|p1a: The Kicker|26/100|[from] Stealth Rock
|turn|34
|
|t:|1743906773
|move|p1a: The Kicker|First Impression|p2a: Ogerpon
|-supereffective|p2a: Ogerpon
|-damage|p2a: Ogerpon|0 fnt
|faint|p2a: Ogerpon
|
|win|MyGoodBuddyMason
|raw|MyGoodBuddyMason's rating: 1336 &rarr; <strong>1354</strong><br />(+18 for winning)
|raw|Cafegamer2017's rating: 1308 &rarr; <strong>1290</strong><br />(-18 for losing)
|l|☆Cafegamer2017
|player|p2|
|l|☆MyGoodBuddyMason
|player|p1|
