|j|☆Asapcoccy
|j|☆ikthoizzykil
|t:|1743892443
|gametype|singles
|player|p1|Asapcoccy|265|1285
|player|p2|ikthoizzykil|101|1323
|teamsize|p1|6
|teamsize|p2|6
|gen|9
|tier|[Gen 9] OU
|rated|
|rule|HP Percentage Mod: HP is shown in percentages
|rule|Endless Battle Clause: Forcing endless battles is banned
|rule|Species Clause: Limit one of each Pokémon
|rule|OHKO Clause: OHKO moves are banned
|rule|Evasion Items Clause: Evasion items are banned
|rule|Evasion Moves Clause: Evasion moves are banned
|rule|Sleep Moves Clause: Sleep-inducing moves are banned
|clearpoke
|poke|p1|Glimmora, F|
|poke|p1|Gholdengo|
|poke|p1|Dragapult, F|
|poke|p1|Skarmory, M|
|poke|p1|Garchomp, M|
|poke|p1|Great Tusk|
|poke|p2|Garchomp, M|
|poke|p2|Moltres|
|poke|p2|Slowking-Galar, F|
|poke|p2|Gholdengo|
|poke|p2|Kingambit, M|
|poke|p2|Iron Valiant|
|teampreview
|inactive|Battle timer is ON: inactive players will automatically lose when time's up. (requested by ikthoizzykil)
|
|t:|1743892455
|start
|switch|p1a: her|Dragapult, F|100/100
|switch|p2a: Garchomp|Garchomp, M|100/100
|turn|1
|
|t:|1743892466
|switch|p2a: Moltres|Moltres|100/100
|move|p1a: her|U-turn|p2a: Moltres
|-resisted|p2a: Moltres
|-damage|p2a: Moltres|97/100
|-status|p1a: her|brn|[from] ability: Flame Body|[of] p2a: Moltres
|
|t:|1743892473
|switch|p1a: gunnar|Garchomp, M|100/100|[from] U-turn
|
|upkeep
|turn|2
|inactive|ikthoizzykil has 120 seconds left.
|
|t:|1743892512
|switch|p2a: Iron Valiant|Iron Valiant|100/100
|-enditem|p2a: Iron Valiant|Booster Energy
|-activate|p2a: Iron Valiant|ability: Quark Drive|[fromitem]
|-start|p2a: Iron Valiant|quarkdrivespe
|move|p1a: gunnar|Spikes|p2a: Iron Valiant
|-sidestart|p2: ikthoizzykil|Spikes
|
|upkeep
|turn|3
|inactive|ikthoizzykil has 120 seconds left.
|
|t:|1743892520
|switch|p1a: slime shady|Gholdengo|100/100
|move|p2a: Iron Valiant|Moonblast|p1a: slime shady
|-resisted|p1a: slime shady
|-damage|p1a: slime shady|72/100
|-unboost|p1a: slime shady|spa|1
|
|upkeep
|turn|4
|inactive|ikthoizzykil has 120 seconds left.
|
|t:|1743892549
|-end|p2a: Iron Valiant|Quark Drive|[silent]
|switch|p2a: Slowking|Slowking-Galar, F|100/100
|move|p1a: slime shady|Thunder Wave|p2a: Slowking|[miss]
|-miss|p1a: slime shady|p2a: Slowking
|
|upkeep
|turn|5
|
|t:|1743892562
|switch|p2a: Garchomp|Garchomp, M|100/100
|-damage|p2a: Garchomp|88/100|[from] Spikes
|move|p1a: slime shady|Thunder Wave|p2a: Garchomp
|-immune|p2a: Garchomp
|
|upkeep
|turn|6
|
|t:|1743892576
|switch|p1a: bane of chaos|Skarmory, M|100/100
|move|p2a: Garchomp|Stealth Rock|p1a: bane of chaos
|-sidestart|p1: Asapcoccy|move: Stealth Rock
|
|upkeep
|turn|7
|
|t:|1743892582
|move|p2a: Garchomp|Dragon Tail|p1a: bane of chaos
|-resisted|p1a: bane of chaos
|-damage|p1a: bane of chaos|93/100
|-damage|p2a: Garchomp|72/100|[from] item: Rocky Helmet|[of] p1a: bane of chaos
|drag|p1a: him|Great Tusk|100/100
|-damage|p1a: him|98/100|[from] Stealth Rock
|-enditem|p1a: him|Booster Energy
|-activate|p1a: him|ability: Protosynthesis|[fromitem]
|-start|p1a: him|protosynthesisspe
|
|upkeep
|turn|8
|inactive|ikthoizzykil has 120 seconds left.
|
|t:|1743892594
|switch|p2a: Gholdengo|Gholdengo|100/100
|-item|p2a: Gholdengo|Air Balloon
|move|p1a: him|Knock Off|p2a: Gholdengo
|-supereffective|p2a: Gholdengo
|-damage|p2a: Gholdengo|57/100
|-enditem|p2a: Gholdengo|Air Balloon
|
|upkeep
|turn|9
|inactive|ikthoizzykil has 120 seconds left.
|
|t:|1743892603
|-end|p1a: him|Protosynthesis|[silent]
|switch|p1a: bane of chaos|Skarmory, M|93/100
|-damage|p1a: bane of chaos|80/100|[from] Stealth Rock
|switch|p2a: Moltres|Moltres|97/100
|
|upkeep
|turn|10
|inactive|ikthoizzykil has 120 seconds left.
|
|t:|1743892615
|switch|p1a: gunnar|Garchomp, M|100/100
|-damage|p1a: gunnar|94/100|[from] Stealth Rock
|move|p2a: Moltres|Flamethrower|p1a: gunnar
|-resisted|p1a: gunnar
|-damage|p1a: gunnar|76/100
|
|upkeep
|turn|11
|inactive|ikthoizzykil has 120 seconds left.
|
|t:|1743892634
|switch|p2a: Iron Valiant|Iron Valiant|100/100
|-damage|p2a: Iron Valiant|88/100|[from] Spikes
|move|p1a: gunnar|Spikes|p2a: Iron Valiant
|-sidestart|p2: ikthoizzykil|Spikes
|
|upkeep
|turn|12
|inactive|ikthoizzykil has 120 seconds left.
|
|t:|1743892641
|switch|p1a: bane of chaos|Skarmory, M|80/100
|-damage|p1a: bane of chaos|68/100|[from] Stealth Rock
|move|p2a: Iron Valiant|Knock Off|p1a: bane of chaos
|-damage|p1a: bane of chaos|49/100
|-damage|p2a: Iron Valiant|71/100|[from] item: Rocky Helmet|[of] p1a: bane of chaos
|-enditem|p1a: bane of chaos|Rocky Helmet|[from] move: Knock Off|[of] p2a: Iron Valiant
|
|upkeep
|turn|13
|inactive|ikthoizzykil has 120 seconds left.
|
|t:|1743892663
|move|p2a: Iron Valiant|Close Combat|p1a: bane of chaos
|-damage|p1a: bane of chaos|15/100
|-unboost|p2a: Iron Valiant|def|1
|-unboost|p2a: Iron Valiant|spd|1
|move|p1a: bane of chaos|Roost|p1a: bane of chaos
|-heal|p1a: bane of chaos|65/100
|-singleturn|p1a: bane of chaos|move: Roost
|
|upkeep
|turn|14
|
|t:|1743892671
|move|p2a: Iron Valiant|Encore|p1a: bane of chaos
|-start|p1a: bane of chaos|Encore
|move|p1a: bane of chaos|Roost|p1a: bane of chaos
|-heal|p1a: bane of chaos|100/100
|-singleturn|p1a: bane of chaos|move: Roost
|
|upkeep
|turn|15
|inactive|ikthoizzykil has 120 seconds left.
|
|t:|1743892685
|switch|p1a: no u|Glimmora, F|100/100
|-damage|p1a: no u|88/100|[from] Stealth Rock
|move|p2a: Iron Valiant|Knock Off|p1a: no u
|-damage|p1a: no u|54/100
|-activate|p1a: no u|ability: Toxic Debris
|-sidestart|p2: ikthoizzykil|move: Toxic Spikes
|-enditem|p1a: no u|Focus Sash|[from] move: Knock Off|[of] p2a: Iron Valiant
|
|upkeep
|turn|16
|inactive|ikthoizzykil has 120 seconds left.
|
|t:|1743892697
|-end|p2a: Iron Valiant|Quark Drive|[silent]
|switch|p2a: Slowking|Slowking-Galar, F|100/100
|-sideend|p2: ikthoizzykil|move: Toxic Spikes|[of] p2a: Slowking
|move|p1a: no u|Stealth Rock|p2a: Slowking
|-sidestart|p2: ikthoizzykil|move: Stealth Rock
|
|upkeep
|turn|17
|inactive|ikthoizzykil has 120 seconds left.
|
|t:|1743892702
|move|p1a: no u|Mortal Spin|p2a: Slowking
|-resisted|p2a: Slowking
|-damage|p2a: Slowking|97/100
|-sideend|p1: Asapcoccy|Stealth Rock|[from] move: Mortal Spin|[of] p1a: no u
|move|p2a: Slowking|Psychic Noise|p1a: no u
|-supereffective|p1a: no u
|-damage|p1a: no u|0 fnt
|faint|p1a: no u
|
|upkeep
|
|t:|1743892713
|switch|p1a: her|Dragapult, F|100/100 brn
|turn|18
|
|t:|1743892724
|move|p1a: her|Shadow Ball|p2a: Slowking
|-supereffective|p2a: Slowking
|-damage|p2a: Slowking|31/100
|move|p2a: Slowking|Ice Beam|p1a: her
|-supereffective|p1a: her
|-crit|p1a: her
|-damage|p1a: her|7/100 brn
|
|-damage|p1a: her|1/100 brn|[from] brn
|upkeep
|turn|19
|
|t:|1743892736
|switch|p2a: Kingambit|Kingambit, M|100/100
|-damage|p2a: Kingambit|84/100|[from] Spikes
|-damage|p2a: Kingambit|78/100|[from] Stealth Rock
|move|p1a: her|Shadow Ball|p2a: Kingambit
|-resisted|p2a: Kingambit
|-damage|p2a: Kingambit|51/100
|
|-heal|p2a: Kingambit|57/100|[from] item: Leftovers
|-damage|p1a: her|0 fnt|[from] brn
|faint|p1a: her
|upkeep
|
|t:|1743892746
|switch|p1a: gunnar|Garchomp, M|76/100
|turn|20
|
|t:|1743892762
|-end|p2a: Kingambit|fallenundefined|[silent]
|switch|p2a: Moltres|Moltres|97/100
|move|p1a: gunnar|Dragon Tail|p2a: Moltres
|-damage|p2a: Moltres|79/100
|drag|p2a: Kingambit|Kingambit, M|57/100
|-damage|p2a: Kingambit|40/100|[from] Spikes
|-damage|p2a: Kingambit|34/100|[from] Stealth Rock
|
|-heal|p2a: Kingambit|40/100|[from] item: Leftovers
|upkeep
|turn|21
|
|t:|1743892772
|-end|p2a: Kingambit|fallenundefined|[silent]
|switch|p2a: Moltres|Moltres|79/100
|move|p1a: gunnar|Spikes|p2a: Moltres
|-sidestart|p2: ikthoizzykil|Spikes
|
|upkeep
|turn|22
|
|t:|1743892780
|move|p2a: Moltres|Flamethrower|p1a: gunnar
|-resisted|p1a: gunnar
|-damage|p1a: gunnar|57/100
|-status|p1a: gunnar|brn
|move|p1a: gunnar|Dragon Tail|p2a: Moltres
|-damage|p2a: Moltres|69/100
|drag|p2a: Garchomp|Garchomp, M|72/100
|-damage|p2a: Garchomp|47/100|[from] Spikes
|-damage|p2a: Garchomp|41/100|[from] Stealth Rock
|
|-damage|p1a: gunnar|51/100 brn|[from] brn
|upkeep
|turn|23
|
|t:|1743892794
|switch|p1a: bane of chaos|Skarmory, M|100/100
|move|p2a: Garchomp|Dragon Tail|p1a: bane of chaos
|-resisted|p1a: bane of chaos
|-damage|p1a: bane of chaos|92/100
|drag|p1a: slime shady|Gholdengo|72/100
|
|upkeep
|turn|24
|inactive|ikthoizzykil has 120 seconds left.
|
|t:|1743892841
|move|p1a: slime shady|Make It Rain|p2a: Garchomp
|-crit|p2a: Garchomp
|-damage|p2a: Garchomp|0 fnt
|-unboost|p1a: slime shady|spa|1
|faint|p2a: Garchomp
|
|upkeep
|
|t:|1743892850
|switch|p2a: Moltres|Moltres|69/100
|turn|25
|
|t:|1743892855
|switch|p1a: gunnar|Garchomp, M|51/100 brn
|move|p2a: Moltres|Flamethrower|p1a: gunnar
|-resisted|p1a: gunnar
|-damage|p1a: gunnar|33/100 brn
|
|-damage|p1a: gunnar|27/100 brn|[from] brn
|upkeep
|turn|26
|
|t:|1743892862
|move|p2a: Moltres|Flamethrower|p1a: gunnar
|-resisted|p1a: gunnar
|-damage|p1a: gunnar|9/100 brn
|move|p1a: gunnar|Dragon Tail|p2a: Moltres
|-damage|p2a: Moltres|60/100
|drag|p2a: Kingambit|Kingambit, M|40/100
|-damage|p2a: Kingambit|16/100|[from] Spikes
|-damage|p2a: Kingambit|9/100|[from] Stealth Rock
|-activate|p2a: Kingambit|ability: Supreme Overlord
|-start|p2a: Kingambit|fallen1|[silent]
|
|-heal|p2a: Kingambit|16/100|[from] item: Leftovers
|-damage|p1a: gunnar|2/100 brn|[from] brn
|upkeep
|turn|27
|
|t:|1743892878
|move|p2a: Kingambit|Sucker Punch|p1a: gunnar
|-damage|p1a: gunnar|0 fnt
|-damage|p2a: Kingambit|3/100|[from] ability: Rough Skin|[of] p1a: gunnar
|-damage|p2a: Kingambit|0 fnt|[from] item: Rocky Helmet|[of] p1a: gunnar
|faint|p1a: gunnar
|faint|p2a: Kingambit
|-end|p2a: Kingambit|fallen1|[silent]
|
|upkeep
|
|t:|1743892892
|switch|p1a: him|Great Tusk|98/100
|switch|p2a: Moltres|Moltres|60/100
|turn|28
|
|t:|1743892901
|-terastallize|p1a: him|Water
|move|p1a: him|Bulk Up|p1a: him
|-boost|p1a: him|atk|1
|-boost|p1a: him|def|1
|move|p2a: Moltres|Roost|p2a: Moltres
|-heal|p2a: Moltres|100/100
|-singleturn|p2a: Moltres|move: Roost
|
|upkeep
|turn|29
|
|t:|1743892909
|move|p1a: him|Bulk Up|p1a: him
|-boost|p1a: him|atk|1
|-boost|p1a: him|def|1
|move|p2a: Moltres|Roar|p1a: him
|-end|p1a: him|Protosynthesis|[silent]
|drag|p1a: slime shady|Gholdengo|72/100
|
|upkeep
|turn|30
|inactive|ikthoizzykil has 120 seconds left.
|
|t:|1743892928
|move|p1a: slime shady|Thunder Wave|p2a: Moltres
|-status|p2a: Moltres|par
|move|p2a: Moltres|U-turn|p1a: slime shady
|-resisted|p1a: slime shady
|-damage|p1a: slime shady|68/100
|inactive|ikthoizzykil has 90 seconds left.
|
|t:|1743892969
|switch|p2a: Gholdengo|Gholdengo|57/100|[from] U-turn
|-damage|p2a: Gholdengo|32/100|[from] Spikes
|-damage|p2a: Gholdengo|26/100|[from] Stealth Rock
|
|upkeep
|turn|31
|
|t:|1743892978
|switch|p1a: bane of chaos|Skarmory, M|92/100
|move|p2a: Gholdengo|Hex|p1a: bane of chaos
|-damage|p1a: bane of chaos|59/100
|
|upkeep
|turn|32
|
|t:|1743892984
|switch|p1a: him|Great Tusk, tera:Water|98/100
|move|p2a: Gholdengo|Recover|p2a: Gholdengo
|-heal|p2a: Gholdengo|76/100
|
|upkeep
|turn|33
|inactive|ikthoizzykil has 90 seconds left.
|
|t:|1743892994
|-terastallize|p2a: Gholdengo|Water
|move|p1a: him|Bulk Up|p1a: him
|-boost|p1a: him|atk|1
|-boost|p1a: him|def|1
|move|p2a: Gholdengo|Thunder Wave|p1a: him
|-status|p1a: him|par
|
|upkeep
|turn|34
|inactive|ikthoizzykil has 90 seconds left.
|
|t:|1743893015
|switch|p2a: Moltres|Moltres|100/100 par
|cant|p1a: him|par
|
|upkeep
|turn|35
|
|t:|1743893020
|move|p1a: him|Bulk Up|p1a: him
|-boost|p1a: him|atk|1
|-boost|p1a: him|def|1
|move|p2a: Moltres|Roar|p1a: him
|-end|p1a: him|Protosynthesis|[silent]
|drag|p1a: bane of chaos|Skarmory, M|59/100
|
|upkeep
|turn|36
|-message|Asapcoccy forfeited.
|
|win|ikthoizzykil
|raw|Asapcoccy's rating: 1285 &rarr; <strong>1263</strong><br />(-22 for losing)
|raw|ikthoizzykil's rating: 1323 &rarr; <strong>1341</strong><br />(+18 for winning)
|l|☆Asapcoccy
|player|p1|
