|j|☆yylz
|j|☆akumoa
|t:|1743781734
|gametype|singles
|player|p1|yylz|dawn|1242
|player|p2|akumoa|266|1232
|teamsize|p1|6
|teamsize|p2|6
|gen|9
|tier|[Gen 9] OU
|rated|
|rule|HP Percentage Mod: HP is shown in percentages
|rule|Endless Battle Clause: Forcing endless battles is banned
|rule|Species Clause: Limit one of each Pokémon
|rule|OHKO Clause: OHKO moves are banned
|rule|Evasion Items Clause: Evasion items are banned
|rule|Evasion Moves Clause: Evasion moves are banned
|rule|Sleep Moves Clause: Sleep-inducing moves are banned
|clearpoke
|poke|p1|Pelipper, M|
|poke|p1|Barraskewda, M|
|poke|p1|Zapdos|
|poke|p1|Corviknight, F|
|poke|p1|Clodsire, M|
|poke|p1|Incineroar, F|
|poke|p2|Dragapult, F|
|poke|p2|Kingambit, F|
|poke|p2|Ogerpon-Wellspring, F|
|poke|p2|Kyurem|
|poke|p2|Hoopa-Unbound|
|poke|p2|Landorus-Therian, M|
|teampreview
|inactive|Battle timer is ON: inactive players will automatically lose when time's up. (requested by yylz)
|
|t:|1743781750
|start
|switch|p1a: Pelipper|Pelipper, M|100/100
|switch|p2a: Queen's Gambit|Kingambit, F|100/100
|-weather|RainDance|[from] ability: Drizzle|[of] p1a: Pelipper
|turn|1
|
|t:|1743781759
|switch|p1a: Incineroar|Incineroar, F, shiny|100/100
|-ability|p1a: Incineroar|Intimidate|boost
|-unboost|p2a: Queen's Gambit|atk|1
|-ability|p2a: Queen's Gambit|Defiant|boost
|-boost|p2a: Queen's Gambit|atk|2
|move|p2a: Queen's Gambit|Stealth Rock|p1a: Incineroar
|-sidestart|p1: yylz|move: Stealth Rock
|
|-weather|RainDance|[upkeep]
|upkeep
|turn|2
|
|t:|1743781768
|move|p1a: Incineroar|Will-O-Wisp|p2a: Queen's Gambit
|-status|p2a: Queen's Gambit|brn
|move|p2a: Queen's Gambit|Brick Break|p1a: Incineroar
|-supereffective|p1a: Incineroar
|-damage|p1a: Incineroar|61/100
|-damage|p2a: Queen's Gambit|91/100 brn|[from] item: Life Orb
|
|-weather|RainDance|[upkeep]
|-damage|p2a: Queen's Gambit|84/100 brn|[from] brn
|upkeep
|turn|3
|
|t:|1743781778
|switch|p2a: Ogre Pond|Ogerpon-Wellspring, F|100/100
|move|p1a: Incineroar|Drain Punch|p2a: Ogre Pond
|-damage|p2a: Ogre Pond|74/100
|-heal|p1a: Incineroar|71/100|[from] drain|[of] p2a: Ogre Pond
|
|-weather|RainDance|[upkeep]
|upkeep
|turn|4
|
|t:|1743781789
|switch|p1a: Clodsire|Clodsire, M|100/100
|-damage|p1a: Clodsire|94/100|[from] Stealth Rock
|move|p2a: Ogre Pond|U-turn|p1a: Clodsire
|-resisted|p1a: Clodsire
|-damage|p1a: Clodsire|78/100
|
|t:|1743781797
|switch|p2a: Poopa-Unbound|Hoopa-Unbound|100/100|[from] U-turn
|
|-weather|RainDance|[upkeep]
|-heal|p1a: Clodsire|84/100|[from] item: Leftovers
|upkeep
|turn|5
|
|t:|1743781809
|move|p2a: Poopa-Unbound|Psychic Noise|p1a: Clodsire
|-supereffective|p1a: Clodsire
|-damage|p1a: Clodsire|33/100
|-start|p1a: Clodsire|move: Heal Block
|move|p1a: Clodsire|Toxic|p2a: Poopa-Unbound
|-status|p2a: Poopa-Unbound|tox
|
|-weather|RainDance|[upkeep]
|-damage|p2a: Poopa-Unbound|95/100 tox|[from] psn
|upkeep
|turn|6
|
|t:|1743781821
|switch|p1a: Corviknight|Corviknight, F, shiny|100/100
|-damage|p1a: Corviknight|88/100|[from] Stealth Rock
|-ability|p1a: Corviknight|Pressure
|move|p2a: Poopa-Unbound|Psychic Noise|p1a: Corviknight
|-resisted|p1a: Corviknight
|-damage|p1a: Corviknight|65/100
|-start|p1a: Corviknight|move: Heal Block
|
|-weather|RainDance|[upkeep]
|-damage|p2a: Poopa-Unbound|83/100 tox|[from] psn
|upkeep
|turn|7
|
|t:|1743781835
|switch|p2a: Cloudy|Landorus-Therian, M|100/100
|-ability|p2a: Cloudy|Intimidate|boost
|-unboost|p1a: Corviknight|atk|1
|move|p1a: Corviknight|Defog|p2a: Cloudy
|-unboost|p2a: Cloudy|evasion|1
|-sideend|p1: yylz|Stealth Rock|[from] move: Defog|[of] p1a: Corviknight
|
|-weather|RainDance|[upkeep]
|-end|p1a: Corviknight|move: Heal Block
|upkeep
|turn|8
|
|t:|1743781844
|move|p2a: Cloudy|U-turn|p1a: Corviknight
|-resisted|p1a: Corviknight
|-damage|p1a: Corviknight|61/100
|-damage|p2a: Cloudy|84/100|[from] item: Rocky Helmet|[of] p1a: Corviknight
|
|t:|1743781849
|switch|p2a: Queen's Gambit|Kingambit, F|84/100 brn|[from] U-turn
|move|p1a: Corviknight|Roost|p1a: Corviknight
|-heal|p1a: Corviknight|100/100
|-singleturn|p1a: Corviknight|move: Roost
|
|-weather|none
|-damage|p2a: Queen's Gambit|78/100 brn|[from] brn
|upkeep
|turn|9
|
|t:|1743781855
|move|p2a: Queen's Gambit|Stealth Rock|p1a: Corviknight
|-sidestart|p1: yylz|move: Stealth Rock
|move|p1a: Corviknight|Body Press|p2a: Queen's Gambit
|-supereffective|p2a: Queen's Gambit
|-damage|p2a: Queen's Gambit|5/100 brn
|
|-damage|p2a: Queen's Gambit|0 fnt|[from] brn
|faint|p2a: Queen's Gambit
|upkeep
|
|t:|1743781865
|switch|p2a: Dragmag|Dragapult, F|100/100
|turn|10
|
|t:|1743781877
|move|p2a: Dragmag|Thunder Wave|p1a: Corviknight
|-status|p1a: Corviknight|par
|move|p1a: Corviknight|Defog|p2a: Dragmag
|-unboost|p2a: Dragmag|evasion|1
|-sideend|p1: yylz|Stealth Rock|[from] move: Defog|[of] p1a: Corviknight
|
|upkeep
|turn|11
|
|t:|1743781884
|move|p2a: Dragmag|Hex|p1a: Corviknight
|-damage|p1a: Corviknight|47/100 par
|move|p1a: Corviknight|U-turn|p2a: Dragmag
|-resisted|p2a: Dragmag
|-damage|p2a: Dragmag|94/100
|
|t:|1743781888
|switch|p1a: Incineroar|Incineroar, F, shiny|71/100|[from] U-turn
|-ability|p1a: Incineroar|Intimidate|boost
|-unboost|p2a: Dragmag|atk|1
|
|upkeep
|turn|12
|
|t:|1743781895
|move|p2a: Dragmag|U-turn|p1a: Incineroar
|-damage|p1a: Incineroar|62/100
|
|t:|1743781899
|switch|p2a: Cloudy|Landorus-Therian, M|84/100|[from] U-turn
|-ability|p2a: Cloudy|Intimidate|boost
|-unboost|p1a: Incineroar|atk|1
|move|p1a: Incineroar|Knock Off|p2a: Cloudy
|-damage|p2a: Cloudy|56/100
|-enditem|p2a: Cloudy|Choice Scarf|[from] move: Knock Off|[of] p1a: Incineroar
|
|upkeep
|turn|13
|
|t:|1743781920
|switch|p1a: Pelipper|Pelipper, M|100/100
|-weather|RainDance|[from] ability: Drizzle|[of] p1a: Pelipper
|move|p2a: Cloudy|Stone Edge|p1a: Pelipper
|-supereffective|p1a: Pelipper
|-damage|p1a: Pelipper|39/100
|
|-weather|RainDance|[upkeep]
|upkeep
|turn|14
|
|t:|1743781928
|move|p2a: Cloudy|Stone Edge|p1a: Pelipper|[miss]
|-miss|p2a: Cloudy|p1a: Pelipper
|move|p1a: Pelipper|Weather Ball|p2a: Cloudy
|-supereffective|p2a: Cloudy
|-damage|p2a: Cloudy|0 fnt
|faint|p2a: Cloudy
|
|-weather|RainDance|[upkeep]
|upkeep
|
|t:|1743781941
|switch|p2a: Frieza|Kyurem|100/100
|-ability|p2a: Frieza|Pressure
|turn|15
|
|t:|1743781948
|move|p2a: Frieza|Freeze-Dry|p1a: Pelipper
|-supereffective|p1a: Pelipper
|-damage|p1a: Pelipper|0 fnt
|faint|p1a: Pelipper
|
|-weather|RainDance|[upkeep]
|upkeep
|
|t:|1743781966
|switch|p1a: Zapdos|Zapdos, shiny|100/100
|turn|16
|
|t:|1743781970
|move|p2a: Frieza|Freeze-Dry|p1a: Zapdos
|-supereffective|p1a: Zapdos
|-damage|p1a: Zapdos|22/100
|move|p1a: Zapdos|Thunder|p2a: Frieza
|-resisted|p2a: Frieza
|-damage|p2a: Frieza|76/100
|
|-weather|RainDance|[upkeep]
|upkeep
|turn|17
|
|t:|1743781979
|move|p2a: Frieza|Freeze-Dry|p1a: Zapdos
|-supereffective|p1a: Zapdos
|-damage|p1a: Zapdos|0 fnt
|faint|p1a: Zapdos
|
|-weather|RainDance|[upkeep]
|upkeep
|
|t:|1743781986
|switch|p1a: Incineroar|Incineroar, F, shiny|62/100
|-ability|p1a: Incineroar|Intimidate|boost
|-unboost|p2a: Frieza|atk|1
|turn|18
|
|t:|1743781995
|switch|p2a: Dragmag|Dragapult, F|94/100
|move|p1a: Incineroar|Drain Punch|p2a: Dragmag
|-immune|p2a: Dragmag
|
|-weather|RainDance|[upkeep]
|upkeep
|turn|19
|
|t:|1743782004
|move|p2a: Dragmag|U-turn|p1a: Incineroar
|-damage|p1a: Incineroar|49/100
|
|t:|1743782008
|switch|p2a: Ogre Pond|Ogerpon-Wellspring, F|74/100|[from] U-turn
|move|p1a: Incineroar|Drain Punch|p2a: Ogre Pond
|-damage|p2a: Ogre Pond|50/100
|-heal|p1a: Incineroar|58/100|[from] drain|[of] p2a: Ogre Pond
|
|-weather|RainDance|[upkeep]
|upkeep
|turn|20
|
|t:|1743782019
|switch|p1a: Clodsire|Clodsire, M|33/100
|move|p2a: Ogre Pond|Ivy Cudgel|p1a: Clodsire|[anim] Ivy Cudgel Water
|-heal|p1a: Clodsire|58/100|[from] ability: Water Absorb|[of] p2a: Ogre Pond
|
|-weather|none
|-heal|p1a: Clodsire|65/100|[from] item: Leftovers
|upkeep
|turn|21
|
|t:|1743782033
|move|p2a: Ogre Pond|U-turn|p1a: Clodsire
|-resisted|p1a: Clodsire
|-damage|p1a: Clodsire|48/100
|
|t:|1743782036
|switch|p2a: Poopa-Unbound|Hoopa-Unbound|83/100 tox|[from] U-turn
|move|p1a: Clodsire|Stealth Rock|p2a: Poopa-Unbound
|-sidestart|p2: akumoa|move: Stealth Rock
|
|-heal|p1a: Clodsire|55/100|[from] item: Leftovers
|-damage|p2a: Poopa-Unbound|77/100 tox|[from] psn
|upkeep
|turn|22
|
|t:|1743782049
|switch|p1a: Incineroar|Incineroar, F, shiny|58/100
|-ability|p1a: Incineroar|Intimidate|boost
|-unboost|p2a: Poopa-Unbound|atk|1
|move|p2a: Poopa-Unbound|Trick|p1a: Incineroar
|-activate|p2a: Poopa-Unbound|move: Trick|[of] p1a: Incineroar
|-item|p1a: Incineroar|Choice Scarf|[from] move: Trick
|-item|p2a: Poopa-Unbound|Heavy-Duty Boots|[from] move: Trick
|
|-damage|p2a: Poopa-Unbound|65/100 tox|[from] psn
|upkeep
|turn|23
|
|t:|1743782065
|switch|p2a: Ogre Pond|Ogerpon-Wellspring, F|50/100
|-damage|p2a: Ogre Pond|38/100|[from] Stealth Rock
|move|p1a: Incineroar|Knock Off|p2a: Ogre Pond
|-damage|p2a: Ogre Pond|7/100
|
|upkeep
|turn|24
|
|t:|1743782075
|move|p2a: Ogre Pond|Ivy Cudgel|p1a: Incineroar|[anim] Ivy Cudgel Water
|-supereffective|p1a: Incineroar
|-damage|p1a: Incineroar|0 fnt
|faint|p1a: Incineroar
|
|upkeep
|
|t:|1743782081
|switch|p1a: Clodsire|Clodsire, M|55/100
|turn|25
|
|t:|1743782086
|move|p2a: Ogre Pond|Horn Leech|p1a: Clodsire
|-damage|p1a: Clodsire|5/100
|-heal|p2a: Ogre Pond|45/100|[from] drain|[of] p1a: Clodsire
|move|p1a: Clodsire|Recover|p1a: Clodsire
|-heal|p1a: Clodsire|55/100
|
|-heal|p1a: Clodsire|61/100|[from] item: Leftovers
|upkeep
|turn|26
|
|t:|1743782098
|-terastallize|p1a: Clodsire|Flying
|move|p2a: Ogre Pond|Horn Leech|p1a: Clodsire
|-resisted|p1a: Clodsire
|-damage|p1a: Clodsire|37/100
|-heal|p2a: Ogre Pond|64/100|[from] drain|[of] p1a: Clodsire
|move|p1a: Clodsire|Recover|p1a: Clodsire
|-heal|p1a: Clodsire|87/100
|
|-heal|p1a: Clodsire|94/100|[from] item: Leftovers
|upkeep
|turn|27
|
|t:|1743782107
|move|p2a: Ogre Pond|Encore|p1a: Clodsire
|-start|p1a: Clodsire|Encore
|move|p1a: Clodsire|Recover|p1a: Clodsire
|-heal|p1a: Clodsire|100/100
|
|upkeep
|turn|28
|
|t:|1743782117
|move|p2a: Ogre Pond|Ivy Cudgel|p1a: Clodsire|[anim] Ivy Cudgel Water
|-immune|p1a: Clodsire|[from] ability: Water Absorb
|move|p1a: Clodsire|Recover||[still]
|-fail|p1a: Clodsire|heal
|
|upkeep
|turn|29
|
|t:|1743782129
|move|p2a: Ogre Pond|Horn Leech|p1a: Clodsire
|-resisted|p1a: Clodsire
|-damage|p1a: Clodsire|75/100
|-heal|p2a: Ogre Pond|84/100|[from] drain|[of] p1a: Clodsire
|move|p1a: Clodsire|Recover|p1a: Clodsire
|-heal|p1a: Clodsire|100/100
|
|-end|p1a: Clodsire|Encore
|upkeep
|turn|30
|
|t:|1743782140
|switch|p1a: Corviknight|Corviknight, F, shiny|47/100 par
|-ability|p1a: Corviknight|Pressure
|move|p2a: Ogre Pond|Encore||[still]
|-fail|p2a: Ogre Pond
|
|upkeep
|turn|31
|
|t:|1743782147
|move|p2a: Ogre Pond|Ivy Cudgel|p1a: Corviknight|[anim] Ivy Cudgel Water
|-damage|p1a: Corviknight|14/100 par
|cant|p1a: Corviknight|par
|
|upkeep
|turn|32
|
|t:|1743782154
|move|p2a: Ogre Pond|Horn Leech|p1a: Corviknight
|-resisted|p1a: Corviknight
|-damage|p1a: Corviknight|8/100 par
|-heal|p2a: Ogre Pond|88/100|[from] drain|[of] p1a: Corviknight
|-damage|p2a: Ogre Pond|71/100|[from] item: Rocky Helmet|[of] p1a: Corviknight
|move|p1a: Corviknight|Roost|p1a: Corviknight
|-heal|p1a: Corviknight|58/100 par
|-singleturn|p1a: Corviknight|move: Roost
|
|upkeep
|turn|33
|
|t:|1743782162
|switch|p1a: Clodsire|Clodsire, M, tera:Flying|100/100
|move|p2a: Ogre Pond|Ivy Cudgel|p1a: Clodsire|[anim] Ivy Cudgel Water
|-immune|p1a: Clodsire|[from] ability: Water Absorb
|
|upkeep
|turn|34
|
|t:|1743782169
|move|p2a: Ogre Pond|U-turn|p1a: Clodsire
|-resisted|p1a: Clodsire
|-damage|p1a: Clodsire|86/100
|
|t:|1743782172
|switch|p2a: Frieza|Kyurem|76/100|[from] U-turn
|-damage|p2a: Frieza|51/100|[from] Stealth Rock
|-ability|p2a: Frieza|Pressure
|move|p1a: Clodsire|Toxic|p2a: Frieza|[miss]
|-miss|p1a: Clodsire|p2a: Frieza
|
|-heal|p1a: Clodsire|93/100|[from] item: Leftovers
|upkeep
|turn|35
|
|t:|1743782184
|move|p2a: Frieza|Freeze-Dry|p1a: Clodsire
|-supereffective|p1a: Clodsire
|-damage|p1a: Clodsire|55/100
|-status|p1a: Clodsire|frz
|-curestatus|p1a: Clodsire|frz|[msg]
|move|p1a: Clodsire|Toxic|p2a: Frieza
|-status|p2a: Frieza|tox
|
|-heal|p1a: Clodsire|61/100|[from] item: Leftovers
|-damage|p2a: Frieza|45/100 tox|[from] psn
|upkeep
|turn|36
|
|t:|1743782195
|move|p2a: Frieza|Freeze-Dry|p1a: Clodsire
|-supereffective|p1a: Clodsire
|-damage|p1a: Clodsire|24/100
|move|p1a: Clodsire|Recover|p1a: Clodsire
|-heal|p1a: Clodsire|74/100
|
|-heal|p1a: Clodsire|80/100|[from] item: Leftovers
|-damage|p2a: Frieza|33/100 tox|[from] psn
|upkeep
|turn|37
|
|t:|1743782204
|move|p2a: Frieza|Freeze-Dry|p1a: Clodsire
|-supereffective|p1a: Clodsire
|-crit|p1a: Clodsire
|-damage|p1a: Clodsire|18/100
|move|p1a: Clodsire|Recover|p1a: Clodsire
|-heal|p1a: Clodsire|68/100
|
|-heal|p1a: Clodsire|74/100|[from] item: Leftovers
|-damage|p2a: Frieza|15/100 tox|[from] psn
|upkeep
|turn|38
|
|t:|1743782213
|move|p2a: Frieza|Freeze-Dry|p1a: Clodsire
|-supereffective|p1a: Clodsire
|-damage|p1a: Clodsire|38/100
|move|p1a: Clodsire|Recover|p1a: Clodsire
|-heal|p1a: Clodsire|88/100
|
|-heal|p1a: Clodsire|94/100|[from] item: Leftovers
|-damage|p2a: Frieza|0 fnt|[from] psn
|faint|p2a: Frieza
|upkeep
|
|t:|1743782222
|switch|p2a: Poopa-Unbound|Hoopa-Unbound|65/100 tox
|turn|39
|
|t:|1743782226
|move|p2a: Poopa-Unbound|Thunderbolt|p1a: Clodsire
|-supereffective|p1a: Clodsire
|-crit|p1a: Clodsire
|-damage|p1a: Clodsire|37/100
|move|p1a: Clodsire|Earthquake|p2a: Poopa-Unbound
|-damage|p2a: Poopa-Unbound|10/100 tox
|
|-heal|p1a: Clodsire|43/100|[from] item: Leftovers
|-damage|p2a: Poopa-Unbound|4/100 tox|[from] psn
|upkeep
|turn|40
|
|t:|1743782235
|switch|p1a: Corviknight|Corviknight, F, shiny|58/100 par
|-ability|p1a: Corviknight|Pressure
|move|p2a: Poopa-Unbound|Thunderbolt|p1a: Corviknight
|-supereffective|p1a: Corviknight
|-damage|p1a: Corviknight|0 fnt
|faint|p1a: Corviknight
|
|-damage|p2a: Poopa-Unbound|0 fnt|[from] psn
|faint|p2a: Poopa-Unbound
|upkeep
|
|t:|1743782249
|switch|p2a: Dragmag|Dragapult, F|94/100
|switch|p1a: Barraskewda|Barraskewda, M|100/100
|turn|41
|
|t:|1743782260
|move|p2a: Dragmag|Thunder Wave|p1a: Barraskewda
|-status|p1a: Barraskewda|par
|move|p1a: Barraskewda|Liquidation|p2a: Dragmag
|-resisted|p2a: Dragmag
|-damage|p2a: Dragmag|43/100
|
|upkeep
|turn|42
|
|t:|1743782266
|move|p2a: Dragmag|U-turn|p1a: Barraskewda
|-damage|p1a: Barraskewda|64/100 par
|
|t:|1743782269
|switch|p2a: Ogre Pond|Ogerpon-Wellspring, F|71/100|[from] U-turn
|-damage|p2a: Ogre Pond|59/100|[from] Stealth Rock
|cant|p1a: Barraskewda|par
|
|upkeep
|turn|43
|
|t:|1743782275
|move|p2a: Ogre Pond|Horn Leech|p1a: Barraskewda
|-supereffective|p1a: Barraskewda
|-damage|p1a: Barraskewda|0 fnt
|-heal|p2a: Ogre Pond|86/100|[from] drain|[of] p1a: Barraskewda
|faint|p1a: Barraskewda
|
|upkeep
|
|t:|1743782278
|switch|p1a: Clodsire|Clodsire, M, tera:Flying|43/100
|turn|44
|
|t:|1743782284
|move|p2a: Ogre Pond|U-turn|p1a: Clodsire
|-resisted|p1a: Clodsire
|-damage|p1a: Clodsire|27/100
|
|t:|1743782288
|switch|p2a: Dragmag|Dragapult, F|43/100|[from] U-turn
|move|p1a: Clodsire|Toxic|p2a: Dragmag
|-status|p2a: Dragmag|tox
|
|-heal|p1a: Clodsire|33/100|[from] item: Leftovers
|-damage|p2a: Dragmag|37/100 tox|[from] psn
|upkeep
|turn|45
|
|t:|1743782294
|move|p2a: Dragmag|Thunder Wave|p1a: Clodsire
|-status|p1a: Clodsire|par
|move|p1a: Clodsire|Earthquake|p2a: Dragmag
|-crit|p2a: Dragmag
|-damage|p2a: Dragmag|0 fnt
|faint|p2a: Dragmag
|
|-heal|p1a: Clodsire|40/100 par|[from] item: Leftovers
|upkeep
|
|t:|1743782300
|switch|p2a: Ogre Pond|Ogerpon-Wellspring, F|86/100
|-damage|p2a: Ogre Pond|74/100|[from] Stealth Rock
|turn|46
|
|t:|1743782303
|move|p2a: Ogre Pond|Horn Leech|p1a: Clodsire
|-resisted|p1a: Clodsire
|-damage|p1a: Clodsire|14/100 par
|-heal|p2a: Ogre Pond|94/100|[from] drain|[of] p1a: Clodsire
|move|p1a: Clodsire|Toxic|p2a: Ogre Pond
|-status|p2a: Ogre Pond|tox
|
|-heal|p1a: Clodsire|20/100 par|[from] item: Leftovers
|-damage|p2a: Ogre Pond|88/100 tox|[from] psn
|upkeep
|turn|47
|
|t:|1743782309
|move|p2a: Ogre Pond|Horn Leech|p1a: Clodsire
|-resisted|p1a: Clodsire
|-damage|p1a: Clodsire|0 fnt
|-heal|p2a: Ogre Pond|100/100 tox|[from] drain|[of] p1a: Clodsire
|faint|p1a: Clodsire
|
|win|akumoa
|raw|yylz's rating: 1242 &rarr; <strong>1216</strong><br />(-26 for losing)
|raw|akumoa's rating: 1232 &rarr; <strong>1258</strong><br />(+26 for winning)
