|j|‽bigkatt96
|j|☆Qxirky_Okatu
|t:|1743804579
|gametype|singles
|player|p1|bigkatt96|giovanni-gen1|1294
|player|p2|Qxirky_Okatu|raihan|1240
|teamsize|p1|6
|teamsize|p2|6
|gen|9
|tier|[Gen 9] OU
|rated|
|rule|HP Percentage Mod: HP is shown in percentages
|rule|Endless Battle Clause: Forcing endless battles is banned
|rule|Species Clause: Limit one of each Pokémon
|rule|OHKO Clause: OHKO moves are banned
|rule|Evasion Items Clause: Evasion items are banned
|rule|Evasion Moves Clause: Evasion moves are banned
|rule|Sleep Moves Clause: Sleep-inducing moves are banned
|clearpoke
|poke|p1|Seadra, M|
|poke|p1|Araquanid, M|
|poke|p1|Vikavolt, M|
|poke|p1|Cetitan, M|
|poke|p1|Gogoat, M|
|poke|p1|Garchomp, M|
|poke|p2|Ting-Lu|
|poke|p2|Gliscor, F|
|poke|p2|Sinistcha|
|poke|p2|Keldeo|
|poke|p2|Tinkaton, F|
|poke|p2|Dragonite, F|
|teampreview
|
|t:|1743804599
|start
|switch|p1a: Araquanid|Araquanid, M|100/100
|switch|p2a: Tinkaton|Tinkaton, F|100/100
|-ability|p2a: Tinkaton|Mold Breaker
|-item|p2a: Tinkaton|Air Balloon
|turn|1
|
|t:|1743804614
|move|p2a: Tinkaton|Stealth Rock|p1a: Araquanid
|-sidestart|p1: bigkatt96|move: Stealth Rock
|move|p1a: Araquanid|Sticky Web|p2a: Tinkaton
|-sidestart|p2: Qxirky_Okatu|move: Sticky Web
|
|upkeep
|turn|2
|
|t:|1743804620
|move|p2a: Tinkaton|Encore|p1a: Araquanid
|-start|p1a: Araquanid|Encore
|move|p1a: Araquanid|Sticky Web||[still]
|-fail|p1a: Araquanid
|
|upkeep
|turn|3
|
|t:|1743804633
|switch|p2a: Sinistcha|Sinistcha|100/100
|switch|p1a: Vikavolt|Vikavolt, M, shiny|100/100
|-damage|p1a: Vikavolt|75/100|[from] Stealth Rock
|
|upkeep
|turn|4
|
|t:|1743804649
|switch|p2a: Gliscor|Gliscor, F|100/100
|move|p1a: Vikavolt|Bug Buzz|p2a: Gliscor
|-resisted|p2a: Gliscor
|-damage|p2a: Gliscor|65/100
|-enditem|p1a: Vikavolt|Throat Spray
|-boost|p1a: Vikavolt|spa|1|[from] item: Throat Spray
|
|-status|p2a: Gliscor|tox|[from] item: Toxic Orb
|upkeep
|turn|5
|
|t:|1743804661
|move|p2a: Gliscor|Protect|p2a: Gliscor
|-singleturn|p2a: Gliscor|Protect
|move|p1a: Vikavolt|Energy Ball|p2a: Gliscor
|-activate|p2a: Gliscor|move: Protect
|
|-heal|p2a: Gliscor|77/100 tox|[from] ability: Poison Heal
|upkeep
|turn|6
|
|t:|1743804673
|move|p2a: Gliscor|Facade|p1a: Vikavolt
|-damage|p1a: Vikavolt|39/100
|move|p1a: Vikavolt|Energy Ball|p2a: Gliscor
|-damage|p2a: Gliscor|4/100 tox
|
|-heal|p2a: Gliscor|17/100 tox|[from] ability: Poison Heal
|upkeep
|turn|7
|
|t:|1743804686
|move|p2a: Gliscor|Facade|p1a: Vikavolt
|-damage|p1a: Vikavolt|0 fnt
|faint|p1a: Vikavolt
|
|-heal|p2a: Gliscor|29/100 tox|[from] ability: Poison Heal
|upkeep
|
|t:|1743804693
|switch|p1a: Garchomp|Garchomp, M|100/100
|-damage|p1a: Garchomp|94/100|[from] Stealth Rock
|turn|8
|
|t:|1743804705
|switch|p2a: Tinkaton|Tinkaton, F|100/100
|-ability|p2a: Tinkaton|Mold Breaker
|-item|p2a: Tinkaton|Air Balloon
|move|p1a: Garchomp|Swords Dance|p1a: Garchomp
|-boost|p1a: Garchomp|atk|2
|
|upkeep
|turn|9
|
|t:|1743804716
|move|p2a: Tinkaton|Encore|p1a: Garchomp
|-start|p1a: Garchomp|Encore
|move|p1a: Garchomp|Swords Dance|p1a: Garchomp
|-boost|p1a: Garchomp|atk|2
|
|upkeep
|turn|10
|
|t:|1743804730
|switch|p2a: Dragonite|Dragonite, F|100/100
|switch|p1a: Seadra|Seadra, M, shiny|100/100
|-damage|p1a: Seadra|88/100|[from] Stealth Rock
|
|upkeep
|turn|11
|
|t:|1743804738
|move|p1a: Seadra|Focus Energy|p1a: Seadra
|-start|p1a: Seadra|move: Focus Energy
|move|p2a: Dragonite|Roost||[still]
|-fail|p2a: Dragonite|heal
|
|upkeep
|turn|12
|
|t:|1743804744
|move|p1a: Seadra|Ice Beam|p2a: Dragonite
|-supereffective|p2a: Dragonite
|-crit|p2a: Dragonite
|-damage|p2a: Dragonite|0 fnt
|faint|p2a: Dragonite
|
|upkeep
|
|t:|1743804748
|switch|p2a: Keldeo|Keldeo|100/100
|turn|13
|
|t:|1743804752
|move|p2a: Keldeo|Aura Sphere|p1a: Seadra
|-damage|p1a: Seadra|0 fnt
|faint|p1a: Seadra
|
|upkeep
|
|t:|1743804758
|switch|p1a: Garchomp|Garchomp, M|94/100
|-damage|p1a: Garchomp|88/100|[from] Stealth Rock
|turn|14
|
|t:|1743804762
|move|p2a: Keldeo|Flip Turn|p1a: Garchomp
|-damage|p1a: Garchomp|74/100
|-damage|p2a: Keldeo|88/100|[from] ability: Rough Skin|[of] p1a: Garchomp
|
|t:|1743804767
|switch|p2a: Tinkaton|Tinkaton, F|100/100|[from] Flip Turn
|-ability|p2a: Tinkaton|Mold Breaker
|-item|p2a: Tinkaton|Air Balloon
|move|p1a: Garchomp|Fire Fang|p2a: Tinkaton
|-supereffective|p2a: Tinkaton
|-damage|p2a: Tinkaton|50/100
|-enditem|p2a: Tinkaton|Air Balloon
|
|upkeep
|turn|15
|
|t:|1743804782
|move|p2a: Tinkaton|Encore|p1a: Garchomp
|-start|p1a: Garchomp|Encore
|move|p1a: Garchomp|Fire Fang|p2a: Tinkaton
|-supereffective|p2a: Tinkaton
|-damage|p2a: Tinkaton|0 fnt
|faint|p2a: Tinkaton
|
|upkeep
|
|t:|1743804784
|switch|p2a: Keldeo|Keldeo|88/100
|turn|16
|
|t:|1743804799
|switch|p1a: Araquanid|Araquanid, M|100/100
|-damage|p1a: Araquanid|75/100|[from] Stealth Rock
|move|p2a: Keldeo|Aura Sphere|p1a: Araquanid
|-resisted|p1a: Araquanid
|-damage|p1a: Araquanid|61/100
|
|-heal|p1a: Araquanid|67/100|[from] item: Leftovers
|upkeep
|turn|17
|
|t:|1743804810
|move|p2a: Keldeo|Flip Turn|p1a: Araquanid
|-resisted|p1a: Araquanid
|-damage|p1a: Araquanid|61/100
|
|t:|1743804816
|switch|p2a: Sinistcha|Sinistcha|100/100|[from] Flip Turn
|move|p1a: Araquanid|Leech Life|p2a: Sinistcha
|-damage|p2a: Sinistcha|87/100
|-heal|p1a: Araquanid|68/100|[from] drain|[of] p2a: Sinistcha
|
|-heal|p1a: Araquanid|74/100|[from] item: Leftovers
|upkeep
|turn|18
|
|t:|1743804827
|move|p2a: Sinistcha|Strength Sap|p1a: Araquanid
|-unboost|p1a: Araquanid|atk|1
|-heal|p2a: Sinistcha|100/100
|move|p1a: Araquanid|Liquidation|p2a: Sinistcha
|-resisted|p2a: Sinistcha
|-damage|p2a: Sinistcha|91/100
|-unboost|p2a: Sinistcha|def|1
|
|-heal|p1a: Araquanid|80/100|[from] item: Leftovers
|upkeep
|turn|19
|
|t:|1743804838
|move|p2a: Sinistcha|Calm Mind|p2a: Sinistcha
|-boost|p2a: Sinistcha|spa|1
|-boost|p2a: Sinistcha|spd|1
|move|p1a: Araquanid|Liquidation|p2a: Sinistcha
|-resisted|p2a: Sinistcha
|-damage|p2a: Sinistcha|76/100
|
|-heal|p1a: Araquanid|87/100|[from] item: Leftovers
|upkeep
|turn|20
|
|t:|1743804848
|move|p2a: Sinistcha|Matcha Gotcha|p1a: Araquanid
|-damage|p1a: Araquanid|48/100
|-heal|p2a: Sinistcha|95/100|[from] drain|[of] p1a: Araquanid
|move|p1a: Araquanid|Liquidation|p2a: Sinistcha
|-resisted|p2a: Sinistcha
|-damage|p2a: Sinistcha|79/100
|
|-heal|p1a: Araquanid|54/100|[from] item: Leftovers
|upkeep
|turn|21
|
|t:|1743804862
|move|p2a: Sinistcha|Matcha Gotcha|p1a: Araquanid
|-damage|p1a: Araquanid|14/100
|-heal|p2a: Sinistcha|99/100|[from] drain|[of] p1a: Araquanid
|move|p1a: Araquanid|Endeavor|p2a: Sinistcha
|-immune|p2a: Sinistcha
|
|-heal|p1a: Araquanid|20/100|[from] item: Leftovers
|upkeep
|turn|22
|
|t:|1743804876
|move|p2a: Sinistcha|Shadow Ball|p1a: Araquanid
|-crit|p1a: Araquanid
|-damage|p1a: Araquanid|0 fnt
|faint|p1a: Araquanid
|
|upkeep
|
|t:|1743804885
|switch|p1a: Cetitan|Cetitan, M, shiny|100/100
|-damage|p1a: Cetitan|76/100|[from] Stealth Rock
|turn|23
|
|t:|1743804892
|switch|p2a: Keldeo|Keldeo|88/100
|move|p1a: Cetitan|Belly Drum|p1a: Cetitan
|-damage|p1a: Cetitan|26/100
|-setboost|p1a: Cetitan|atk|6|[from] move: Belly Drum
|
|-heal|p1a: Cetitan|32/100|[from] item: Leftovers
|upkeep
|turn|24
|
|t:|1743804903
|-terastallize|p1a: Cetitan|Ghost
|move|p2a: Keldeo|Vacuum Wave|p1a: Cetitan
|-immune|p1a: Cetitan
|move|p1a: Cetitan|Earthquake|p2a: Keldeo
|-damage|p2a: Keldeo|0 fnt
|faint|p2a: Keldeo
|
|-heal|p1a: Cetitan|38/100|[from] item: Leftovers
|upkeep
|
|t:|1743804928
|switch|p2a: Gliscor|Gliscor, F|29/100 tox
|turn|25
|
|t:|1743804933
|move|p2a: Gliscor|Protect|p2a: Gliscor
|-singleturn|p2a: Gliscor|Protect
|move|p1a: Cetitan|Ice Spinner|p2a: Gliscor
|-activate|p2a: Gliscor|move: Protect
|
|-heal|p1a: Cetitan|44/100|[from] item: Leftovers
|-heal|p2a: Gliscor|42/100 tox|[from] ability: Poison Heal
|upkeep
|turn|26
|
|t:|1743804942
|move|p2a: Gliscor|Knock Off|p1a: Cetitan
|-supereffective|p1a: Cetitan
|-damage|p1a: Cetitan|4/100
|-enditem|p1a: Cetitan|Leftovers|[from] move: Knock Off|[of] p2a: Gliscor
|move|p1a: Cetitan|Knock Off|p2a: Gliscor
|-damage|p2a: Gliscor|0 fnt
|-enditem|p2a: Gliscor|Toxic Orb|[from] move: Knock Off|[of] p1a: Cetitan
|faint|p2a: Gliscor
|
|upkeep
|
|t:|1743804963
|switch|p2a: Sinistcha|Sinistcha|99/100
|turn|27
|
|t:|1743804968
|-terastallize|p2a: Sinistcha|Poison
|move|p1a: Cetitan|Ice Spinner|p2a: Sinistcha
|-damage|p2a: Sinistcha|0 fnt
|faint|p2a: Sinistcha
|
|upkeep
|c|☆Qxirky_Okatu|ggs
|-message|Qxirky_Okatu forfeited.
|
|win|bigkatt96
|raw|bigkatt96's rating: 1294 &rarr; <strong>1315</strong><br />(+21 for winning)
|raw|Qxirky_Okatu's rating: 1240 &rarr; <strong>1219</strong><br />(-21 for losing)
|l|☆Qxirky_Okatu
|player|p2|
|l|‽bigkatt96
|player|p1|
