|j|☆Tai Hizzy
|j|☆Team BBIO 38
|t:|1743912558
|gametype|singles
|player|p1|Tai Hizzy|iris|1387
|player|p2|Team BBIO 38|dragontamer|1408
|teamsize|p1|6
|teamsize|p2|6
|gen|9
|tier|[Gen 9] OU
|rated|
|rule|HP Percentage Mod: HP is shown in percentages
|rule|Endless Battle Clause: Forcing endless battles is banned
|rule|Species Clause: Limit one of each Pokémon
|rule|OHKO Clause: OHKO moves are banned
|rule|Evasion Items Clause: Evasion items are banned
|rule|Evasion Moves Clause: Evasion moves are banned
|rule|Sleep Moves Clause: Sleep-inducing moves are banned
|clearpoke
|poke|p1|Great Tusk|
|poke|p1|Dragapult, M|
|poke|p1|Samurott-Hisui, F|
|poke|p1|Dragonite, M|
|poke|p1|Slowking-Galar, F|
|poke|p1|Ogerpon, F|
|poke|p2|Dusclops, M|
|poke|p2|Blissey, F|
|poke|p2|Flamigo, M|
|poke|p2|Mimikyu, M|
|poke|p2|Rotom-Wash|
|poke|p2|Alcremie-Rainbow-Swirl, F|
|teampreview
|inactive|Battle timer is ON: inactive players will automatically lose when time's up. (requested by Team BBIO 38)
|
|t:|1743912573
|start
|switch|p1a: Ogerpon|Ogerpon, F|100/100
|switch|p2a: Alcremie|Alcremie-Rainbow-Swirl, F|100/100
|turn|1
|
|t:|1743912580
|switch|p2a: Dusclops|Dusclops, M|100/100
|-item|p1a: Ogerpon|Choice Band|[from] ability: Frisk|[of] p2a: Dusclops
|move|p1a: Ogerpon|Ivy Cudgel|p2a: Dusclops
|-damage|p2a: Dusclops|67/100
|
|upkeep
|turn|2
|
|t:|1743912589
|switch|p1a: Slowking|Slowking-Galar, F|100/100
|move|p2a: Dusclops|Will-O-Wisp|p1a: Slowking
|-status|p1a: Slowking|brn
|
|-damage|p1a: Slowking|94/100 brn|[from] brn
|upkeep
|turn|3
|
|t:|1743912596
|move|p2a: Dusclops|Pain Split|p1a: Slowking
|-sethp|p1a: Slowking|71/100 brn|[from] move: Pain Split|[silent]
|-sethp|p2a: Dusclops|99/100|[from] move: Pain Split
|move|p1a: Slowking|Trick|p2a: Dusclops
|-activate|p1a: Slowking|move: Trick|[of] p2a: Dusclops
|-item|p2a: Dusclops|Choice Specs|[from] move: Trick
|-item|p1a: Slowking|Eviolite|[from] move: Trick
|
|-damage|p1a: Slowking|65/100 brn|[from] brn
|upkeep
|turn|4
|
|t:|1743912605
|move|p2a: Dusclops|Night Shade|p1a: Slowking
|-damage|p1a: Slowking|40/100 brn
|-prepare|p1a: Slowking|Chilly Reception|[premajor]
|move|p1a: Slowking|Chilly Reception|p1a: Slowking
|-weather|Snowscape
|
|t:|1743912607
|switch|p1a: Samurott|Samurott-Hisui, F|100/100|[from] Chilly Reception
|
|-weather|Snowscape|[upkeep]
|upkeep
|turn|5
|
|t:|1743912614
|switch|p2a: Alcremie|Alcremie-Rainbow-Swirl, F|100/100
|move|p1a: Samurott|Ceaseless Edge|p2a: Alcremie|[miss]
|-miss|p1a: Samurott|p2a: Alcremie
|
|-weather|Snowscape|[upkeep]
|upkeep
|turn|6
|
|t:|1743912620
|switch|p1a: Slowking|Slowking-Galar, F|73/100 brn
|move|p2a: Alcremie|Acid Armor|p2a: Alcremie
|-boost|p2a: Alcremie|def|2
|
|-weather|Snowscape|[upkeep]
|-damage|p1a: Slowking|67/100 brn|[from] brn
|upkeep
|turn|7
|
|t:|1743912629
|-terastallize|p2a: Alcremie|Steel
|move|p2a: Alcremie|Calm Mind|p2a: Alcremie
|-boost|p2a: Alcremie|spa|1
|-boost|p2a: Alcremie|spd|1
|-prepare|p1a: Slowking|Chilly Reception|[premajor]
|move|p1a: Slowking|Chilly Reception|p1a: Slowking
|
|t:|1743912634
|switch|p1a: Tate Grusk|Great Tusk|100/100|[from] Chilly Reception
|
|-weather|Snowscape|[upkeep]
|upkeep
|turn|8
|
|t:|1743912641
|move|p1a: Tate Grusk|Close Combat|p2a: Alcremie
|-supereffective|p2a: Alcremie
|-damage|p2a: Alcremie|21/100
|-unboost|p1a: Tate Grusk|def|1
|-unboost|p1a: Tate Grusk|spd|1
|move|p2a: Alcremie|Acid Armor|p2a: Alcremie
|-boost|p2a: Alcremie|def|2
|
|-weather|none
|upkeep
|turn|9
|
|t:|1743912654
|switch|p2a: Flamigo|Flamigo, M|100/100
|move|p1a: Tate Grusk|Close Combat|p2a: Flamigo
|-resisted|p2a: Flamigo
|-damage|p2a: Flamigo|33/100
|-unboost|p1a: Tate Grusk|def|1
|-unboost|p1a: Tate Grusk|spd|1
|
|upkeep
|turn|10
|inactive|Tai Hizzy has 120 seconds left.
|
|t:|1743912687
|move|p2a: Flamigo|Close Combat|p1a: Tate Grusk
|-damage|p1a: Tate Grusk|24/100
|-unboost|p2a: Flamigo|def|1
|-unboost|p2a: Flamigo|spd|1
|move|p1a: Tate Grusk|Close Combat|p2a: Flamigo
|-resisted|p2a: Flamigo
|-damage|p2a: Flamigo|0 fnt
|-unboost|p1a: Tate Grusk|def|1
|-unboost|p1a: Tate Grusk|spd|1
|faint|p2a: Flamigo
|
|upkeep
|
|t:|1743912700
|switch|p2a: Mimikyu|Mimikyu, M|100/100
|turn|11
|
|t:|1743912707
|-end|p1a: Tate Grusk|Protosynthesis|[silent]
|switch|p1a: Slowking|Slowking-Galar, F|99/100 brn
|move|p2a: Mimikyu|Play Rough|p1a: Slowking
|-resisted|p1a: Slowking
|-damage|p1a: Slowking|87/100 brn
|
|-damage|p1a: Slowking|81/100 brn|[from] brn
|upkeep
|turn|12
|
|t:|1743912714
|move|p2a: Mimikyu|Shadow Claw|p1a: Slowking
|-supereffective|p1a: Slowking
|-damage|p1a: Slowking|39/100 brn
|move|p1a: Slowking|Sludge Bomb|p2a: Mimikyu
|-activate|p2a: Mimikyu|ability: Disguise
|-damage|p2a: Mimikyu|100/100
|detailschange|p2a: Mimikyu|Mimikyu-Busted, M
|-damage|p2a: Mimikyu|88/100|[from] pokemon: Mimikyu-Busted
|-enditem|p2a: Mimikyu|Red Card|[of] p1a: Slowking
|drag|p1a: Ogerpon|Ogerpon, F|100/100
|
|upkeep
|turn|13
|
|t:|1743912727
|switch|p2a: Dusclops|Dusclops, M|99/100
|-item|p1a: Ogerpon|Choice Band|[from] ability: Frisk|[of] p2a: Dusclops
|move|p1a: Ogerpon|U-turn|p2a: Dusclops
|-resisted|p2a: Dusclops
|-damage|p2a: Dusclops|86/100
|
|t:|1743912734
|switch|p1a: Samurott|Samurott-Hisui, F|100/100|[from] U-turn
|
|upkeep
|turn|14
|
|t:|1743912739
|move|p1a: Samurott|Ceaseless Edge|p2a: Dusclops
|-supereffective|p2a: Dusclops
|-damage|p2a: Dusclops|0 fnt
|-sidestart|p2: Team BBIO 38|Spikes
|faint|p2a: Dusclops
|
|upkeep
|
|t:|1743912746
|switch|p2a: Alcremie|Alcremie-Rainbow-Swirl, F, tera:Steel|21/100
|-damage|p2a: Alcremie|9/100|[from] Spikes
|turn|15
|
|t:|1743912751
|move|p1a: Samurott|Ceaseless Edge|p2a: Alcremie
|-damage|p2a: Alcremie|0 fnt
|-sidestart|p2: Team BBIO 38|Spikes
|faint|p2a: Alcremie
|
|upkeep
|
|t:|1743912758
|switch|p2a: Rotom|Rotom-Wash|100/100
|turn|16
|
|t:|1743912766
|-terastallize|p1a: Samurott|Poison
|move|p1a: Samurott|Ceaseless Edge|p2a: Rotom
|-damage|p2a: Rotom|35/100
|-sidestart|p2: Team BBIO 38|Spikes
|move|p2a: Rotom|Thunderbolt|p1a: Samurott
|-damage|p1a: Samurott|5/100
|
|upkeep
|turn|17
|
|t:|1743912773
|move|p1a: Samurott|Ceaseless Edge|p2a: Rotom
|-damage|p2a: Rotom|0 fnt
|faint|p2a: Rotom
|
|upkeep
|
|t:|1743912780
|switch|p2a: Mimikyu|Mimikyu-Busted, M|88/100
|-damage|p2a: Mimikyu|63/100|[from] Spikes
|turn|18
|
|t:|1743912785
|switch|p1a: Ogerpon|Ogerpon, F|100/100
|move|p2a: Mimikyu|Shadow Sneak|p1a: Ogerpon
|-crit|p1a: Ogerpon
|-damage|p1a: Ogerpon|67/100
|
|upkeep
|turn|19
|
|t:|1743912794
|move|p1a: Ogerpon|Ivy Cudgel|p2a: Mimikyu
|-damage|p2a: Mimikyu|0 fnt
|faint|p2a: Mimikyu
|
|upkeep
|
|t:|1743912799
|switch|p2a: Blissey|Blissey, F|100/100
|-damage|p2a: Blissey|76/100|[from] Spikes
|turn|20
|
|t:|1743912802
|move|p1a: Ogerpon|Ivy Cudgel|p2a: Blissey
|-damage|p2a: Blissey|15/100
|move|p2a: Blissey|Seismic Toss|p1a: Ogerpon
|-damage|p1a: Ogerpon|34/100
|
|-heal|p2a: Blissey|21/100|[from] item: Leftovers
|upkeep
|turn|21
|
|t:|1743912809
|move|p1a: Ogerpon|Ivy Cudgel|p2a: Blissey
|-damage|p2a: Blissey|0 fnt
|faint|p2a: Blissey
|
|win|Tai Hizzy
|raw|Tai Hizzy's rating: 1387 &rarr; <strong>1408</strong><br />(+21 for winning)
|raw|Team BBIO 38's rating: 1408 &rarr; <strong>1387</strong><br />(-21 for losing)
|l|☆Team BBIO 38
|player|p2|
|l|☆Tai Hizzy
|player|p1|
