|j|☆magmablaster
|j|☆fuxiaoLuna
|t:|1743917572
|gametype|singles
|player|p1|magmablaster|170|1088
|player|p2|fuxiaoLuna|cynthia|1110
|teamsize|p1|6
|teamsize|p2|6
|gen|9
|tier|[Gen 9] OU
|rated|
|rule|HP Percentage Mod: HP is shown in percentages
|rule|Endless Battle Clause: Forcing endless battles is banned
|rule|Species Clause: Limit one of each Pokémon
|rule|OHKO Clause: OHKO moves are banned
|rule|Evasion Items Clause: Evasion items are banned
|rule|Evasion Moves Clause: Evasion moves are banned
|rule|Sleep Moves Clause: Sleep-inducing moves are banned
|clearpoke
|poke|p1|Cyclizar, F|
|poke|p1|Spidops, F|
|poke|p1|Bastiodon, M|
|poke|p1|Munkidori, M|
|poke|p1|Bellibolt, F|
|poke|p1|Torracat, M|
|poke|p2|Gholdengo|
|poke|p2|Enamorus, F|
|poke|p2|Dragonite, F|
|poke|p2|Ogerpon-Wellspring, F|
|poke|p2|Ting-Lu|
|poke|p2|Iron Moth|
|teampreview
|
|t:|1743917586
|start
|switch|p1a: Bastiodon|Bastiodon, M|100/100
|switch|p2a: Ting-Lu|Ting-Lu|100/100
|-ability|p2a: Ting-Lu|Vessel of Ruin
|turn|1
|
|t:|1743917598
|move|p2a: Ting-Lu|Earthquake|p1a: Bastiodon
|-supereffective|p1a: Bastiodon
|-damage|p1a: Bastiodon|8/100
|move|p1a: Bastiodon|Stealth Rock|p2a: Ting-Lu
|-sidestart|p2: fuxiaoLuna|move: Stealth Rock
|
|-heal|p1a: Bastiodon|14/100|[from] item: Leftovers
|upkeep
|turn|2
|
|t:|1743917610
|move|p2a: Ting-Lu|Earthquake|p1a: Bastiodon
|-supereffective|p1a: Bastiodon
|-damage|p1a: Bastiodon|0 fnt
|faint|p1a: Bastiodon
|
|upkeep
|
|t:|1743917616
|switch|p1a: Spidops|Spidops, F|100/100
|turn|3
|
|t:|1743917621
|move|p2a: Ting-Lu|Stealth Rock|p1a: Spidops
|-sidestart|p1: magmablaster|move: Stealth Rock
|move|p1a: Spidops|Sticky Web|p2a: Ting-Lu
|-sidestart|p2: fuxiaoLuna|move: Sticky Web
|
|upkeep
|turn|4
|
|t:|1743917630
|move|p2a: Ting-Lu|Spikes|p1a: Spidops
|-sidestart|p1: magmablaster|Spikes
|move|p1a: Spidops|Toxic Spikes|p2a: Ting-Lu
|-sidestart|p2: fuxiaoLuna|move: Toxic Spikes
|
|upkeep
|turn|5
|
|t:|1743917636
|move|p2a: Ting-Lu|Earthquake|p1a: Spidops
|-resisted|p1a: Spidops
|-damage|p1a: Spidops|88/100
|move|p1a: Spidops|Circle Throw|p2a: Ting-Lu
|-supereffective|p2a: Ting-Lu
|-damage|p2a: Ting-Lu|91/100
|drag|p2a: Enamorus|Enamorus, F|100/100
|-damage|p2a: Enamorus|76/100|[from] Stealth Rock
|
|upkeep
|turn|6
|
|t:|1743917649
|move|p1a: Spidops|Silk Trap|p1a: Spidops
|-singleturn|p1a: Spidops|Protect
|move|p2a: Enamorus|Moonblast|p1a: Spidops
|-activate|p1a: Spidops|move: Protect
|
|upkeep
|turn|7
|
|t:|1743917656
|move|p2a: Enamorus|Moonblast|p1a: Spidops
|-damage|p1a: Spidops|9/100
|-damage|p2a: Enamorus|66/100|[from] item: Life Orb
|move|p1a: Spidops|Circle Throw|p2a: Enamorus
|-resisted|p2a: Enamorus
|-damage|p2a: Enamorus|61/100
|drag|p2a: Gholdengo|Gholdengo|100/100
|-damage|p2a: Gholdengo|94/100|[from] Stealth Rock
|-activate|p2a: Gholdengo|move: Sticky Web
|-unboost|p2a: Gholdengo|spe|1
|
|upkeep
|turn|8
|
|t:|1743917670
|move|p2a: Gholdengo|Shadow Ball|p1a: Spidops
|-damage|p1a: Spidops|0 fnt
|faint|p1a: Spidops
|
|upkeep
|
|t:|1743917677
|switch|p1a: Bellibolt|Bellibolt, F|100/100
|-damage|p1a: Bellibolt|88/100|[from] Stealth Rock
|-damage|p1a: Bellibolt|76/100|[from] Spikes
|turn|9
|
|t:|1743917689
|move|p1a: Bellibolt|Protect|p1a: Bellibolt
|-singleturn|p1a: Bellibolt|Protect
|move|p2a: Gholdengo|Make It Rain|p1a: Bellibolt
|-activate|p1a: Bellibolt|move: Protect
|
|-heal|p1a: Bellibolt|82/100|[from] item: Leftovers
|upkeep
|turn|10
|
|t:|1743917700
|move|p2a: Gholdengo|Make It Rain|p1a: Bellibolt
|-resisted|p1a: Bellibolt
|-damage|p1a: Bellibolt|52/100
|-unboost|p2a: Gholdengo|spa|1
|-start|p1a: Bellibolt|Charge|Make It Rain|[from] ability: Electromorphosis
|move|p1a: Bellibolt|Parabolic Charge|p2a: Gholdengo
|-damage|p2a: Gholdengo|52/100
|-heal|p1a: Bellibolt|70/100|[from] drain|[of] p2a: Gholdengo
|-end|p1a: Bellibolt|Charge|[silent]
|
|-heal|p1a: Bellibolt|77/100|[from] item: Leftovers
|upkeep
|turn|11
|
|t:|1743917714
|move|p1a: Bellibolt|Protect|p1a: Bellibolt
|-singleturn|p1a: Bellibolt|Protect
|move|p2a: Gholdengo|Thunder Wave|p1a: Bellibolt
|-activate|p1a: Bellibolt|move: Protect
|
|-heal|p1a: Bellibolt|83/100|[from] item: Leftovers
|upkeep
|turn|12
|
|t:|1743917723
|move|p2a: Gholdengo|Shadow Ball|p1a: Bellibolt
|-damage|p1a: Bellibolt|54/100
|-start|p1a: Bellibolt|Charge|Shadow Ball|[from] ability: Electromorphosis
|move|p1a: Bellibolt|Parabolic Charge|p2a: Gholdengo
|-damage|p2a: Gholdengo|7/100
|-heal|p1a: Bellibolt|74/100|[from] drain|[of] p2a: Gholdengo
|-end|p1a: Bellibolt|Charge|[silent]
|
|-heal|p1a: Bellibolt|80/100|[from] item: Leftovers
|upkeep
|turn|13
|
|t:|1743917742
|move|p2a: Gholdengo|Thunder Wave|p1a: Bellibolt
|-immune|p1a: Bellibolt
|move|p1a: Bellibolt|Parabolic Charge|p2a: Gholdengo
|-damage|p2a: Gholdengo|0 fnt
|-heal|p1a: Bellibolt|83/100|[from] drain|[of] p2a: Gholdengo
|faint|p2a: Gholdengo
|
|-heal|p1a: Bellibolt|89/100|[from] item: Leftovers
|upkeep
|
|t:|1743917754
|switch|p2a: Ting-Lu|Ting-Lu|91/100
|-damage|p2a: Ting-Lu|85/100|[from] Stealth Rock
|-activate|p2a: Ting-Lu|move: Sticky Web
|-unboost|p2a: Ting-Lu|spe|1
|-status|p2a: Ting-Lu|psn
|-ability|p2a: Ting-Lu|Vessel of Ruin
|turn|14
|
|t:|1743917769
|switch|p1a: Cyclizar|Cyclizar, F|100/100
|-damage|p1a: Cyclizar|88/100|[from] Stealth Rock
|-damage|p1a: Cyclizar|76/100|[from] Spikes
|-terastallize|p2a: Ting-Lu|Poison
|move|p2a: Ting-Lu|Spikes|p1a: Cyclizar
|-sidestart|p1: magmablaster|Spikes
|
|-heal|p2a: Ting-Lu|91/100 psn|[from] item: Leftovers
|-damage|p2a: Ting-Lu|78/100 psn|[from] psn
|upkeep
|turn|15
|
|t:|1743917783
|move|p1a: Cyclizar|Rapid Spin|p2a: Ting-Lu
|-damage|p2a: Ting-Lu|65/100 psn
|-boost|p1a: Cyclizar|spe|1
|-sideend|p1: magmablaster|Spikes|[from] move: Rapid Spin|[of] p1a: Cyclizar
|-sideend|p1: magmablaster|Stealth Rock|[from] move: Rapid Spin|[of] p1a: Cyclizar
|-damage|p1a: Cyclizar|66/100|[from] item: Life Orb
|move|p2a: Ting-Lu|Earthquake|p1a: Cyclizar
|-damage|p1a: Cyclizar|8/100
|
|-heal|p2a: Ting-Lu|71/100 psn|[from] item: Leftovers
|-damage|p2a: Ting-Lu|59/100 psn|[from] psn
|upkeep
|turn|16
|
|t:|1743917809
|switch|p1a: Bellibolt|Bellibolt, F|89/100
|move|p2a: Ting-Lu|Earthquake|p1a: Bellibolt
|-supereffective|p1a: Bellibolt
|-damage|p1a: Bellibolt|44/100
|-start|p1a: Bellibolt|Charge|Earthquake|[from] ability: Electromorphosis
|
|-heal|p1a: Bellibolt|50/100|[from] item: Leftovers
|-heal|p2a: Ting-Lu|65/100 psn|[from] item: Leftovers
|-damage|p2a: Ting-Lu|53/100 psn|[from] psn
|upkeep
|turn|17
|
|t:|1743917822
|move|p1a: Bellibolt|Protect|p1a: Bellibolt
|-singleturn|p1a: Bellibolt|Protect
|move|p2a: Ting-Lu|Earthquake|p1a: Bellibolt
|-activate|p1a: Bellibolt|move: Protect
|
|-heal|p1a: Bellibolt|56/100|[from] item: Leftovers
|-heal|p2a: Ting-Lu|59/100 psn|[from] item: Leftovers
|-damage|p2a: Ting-Lu|46/100 psn|[from] psn
|upkeep
|turn|18
|
|t:|1743917833
|move|p1a: Bellibolt|Slack Off|p1a: Bellibolt
|-heal|p1a: Bellibolt|100/100
|move|p2a: Ting-Lu|Earthquake|p1a: Bellibolt
|-supereffective|p1a: Bellibolt
|-damage|p1a: Bellibolt|57/100
|-start|p1a: Bellibolt|Charge|Earthquake|[from] ability: Electromorphosis
|
|-heal|p1a: Bellibolt|64/100|[from] item: Leftovers
|-heal|p2a: Ting-Lu|53/100 psn|[from] item: Leftovers
|-damage|p2a: Ting-Lu|40/100 psn|[from] psn
|upkeep
|turn|19
|
|t:|1743917846
|move|p1a: Bellibolt|Parabolic Charge|p2a: Ting-Lu
|-damage|p2a: Ting-Lu|18/100 psn
|-heal|p1a: Bellibolt|77/100|[from] drain|[of] p2a: Ting-Lu
|-end|p1a: Bellibolt|Charge|[silent]
|move|p2a: Ting-Lu|Stealth Rock|p1a: Bellibolt
|-sidestart|p1: magmablaster|move: Stealth Rock
|
|-heal|p1a: Bellibolt|83/100|[from] item: Leftovers
|-heal|p2a: Ting-Lu|24/100 psn|[from] item: Leftovers
|-damage|p2a: Ting-Lu|12/100 psn|[from] psn
|upkeep
|turn|20
|
|t:|1743917858
|move|p1a: Bellibolt|Parabolic Charge|p2a: Ting-Lu
|-damage|p2a: Ting-Lu|0 fnt
|-heal|p1a: Bellibolt|90/100|[from] drain|[of] p2a: Ting-Lu
|faint|p2a: Ting-Lu
|
|-heal|p1a: Bellibolt|96/100|[from] item: Leftovers
|upkeep
|
|t:|1743917866
|switch|p2a: Dragonite|Dragonite, F|100/100
|turn|21
|
|t:|1743917870
|move|p2a: Dragonite|Earthquake|p1a: Bellibolt
|-supereffective|p1a: Bellibolt
|-damage|p1a: Bellibolt|50/100
|-start|p1a: Bellibolt|Charge|Earthquake|[from] ability: Electromorphosis
|move|p1a: Bellibolt|Toxic|p2a: Dragonite
|-status|p2a: Dragonite|tox
|
|-heal|p1a: Bellibolt|56/100|[from] item: Leftovers
|-damage|p2a: Dragonite|94/100 tox|[from] psn
|upkeep
|turn|22
|
|t:|1743917882
|move|p1a: Bellibolt|Protect|p1a: Bellibolt
|-singleturn|p1a: Bellibolt|Protect
|move|p2a: Dragonite|Earthquake|p1a: Bellibolt
|-activate|p1a: Bellibolt|move: Protect
|
|-heal|p1a: Bellibolt|63/100|[from] item: Leftovers
|-damage|p2a: Dragonite|82/100 tox|[from] psn
|upkeep
|turn|23
|
|t:|1743917893
|move|p2a: Dragonite|Earthquake|p1a: Bellibolt
|-supereffective|p1a: Bellibolt
|-damage|p1a: Bellibolt|17/100
|-start|p1a: Bellibolt|Charge|Earthquake|[from] ability: Electromorphosis
|move|p1a: Bellibolt|Slack Off|p1a: Bellibolt
|-heal|p1a: Bellibolt|67/100
|
|-heal|p1a: Bellibolt|73/100|[from] item: Leftovers
|-damage|p2a: Dragonite|63/100 tox|[from] psn
|upkeep
|turn|24
|
|t:|1743917910
|move|p1a: Bellibolt|Protect|p1a: Bellibolt
|-singleturn|p1a: Bellibolt|Protect
|move|p2a: Dragonite|Dragon Tail|p1a: Bellibolt
|-activate|p1a: Bellibolt|move: Protect
|
|-heal|p1a: Bellibolt|79/100|[from] item: Leftovers
|-damage|p2a: Dragonite|39/100 tox|[from] psn
|upkeep
|turn|25
|
|t:|1743917920
|move|p1a: Bellibolt|Parabolic Charge|p2a: Dragonite
|-damage|p2a: Dragonite|0 fnt
|-heal|p1a: Bellibolt|94/100|[from] drain|[of] p2a: Dragonite
|faint|p2a: Dragonite
|-end|p1a: Bellibolt|Charge|[silent]
|
|-heal|p1a: Bellibolt|99/100|[from] item: Leftovers
|upkeep
|
|t:|1743917932
|switch|p2a: Iron Moth|Iron Moth|100/100
|-damage|p2a: Iron Moth|75/100|[from] Stealth Rock
|-activate|p2a: Iron Moth|move: Sticky Web
|-unboost|p2a: Iron Moth|spe|1
|-sideend|p2: fuxiaoLuna|move: Toxic Spikes|[of] p2a: Iron Moth
|-enditem|p2a: Iron Moth|Booster Energy
|-activate|p2a: Iron Moth|ability: Quark Drive|[fromitem]
|-start|p2a: Iron Moth|quarkdrivespa
|turn|26
|
|t:|1743917944
|move|p2a: Iron Moth|Fiery Dance|p1a: Bellibolt
|-damage|p1a: Bellibolt|48/100
|-start|p1a: Bellibolt|Charge|Fiery Dance|[from] ability: Electromorphosis
|move|p1a: Bellibolt|Parabolic Charge|p2a: Iron Moth
|-damage|p2a: Iron Moth|32/100
|-heal|p1a: Bellibolt|65/100|[from] drain|[of] p2a: Iron Moth
|-end|p1a: Bellibolt|Charge|[silent]
|
|-heal|p1a: Bellibolt|72/100|[from] item: Leftovers
|upkeep
|turn|27
|
|t:|1743917969
|move|p2a: Iron Moth|Fiery Dance|p1a: Bellibolt
|-damage|p1a: Bellibolt|23/100
|-boost|p2a: Iron Moth|spa|1
|-start|p1a: Bellibolt|Charge|Fiery Dance|[from] ability: Electromorphosis
|move|p1a: Bellibolt|Parabolic Charge|p2a: Iron Moth
|-damage|p2a: Iron Moth|0 fnt
|-heal|p1a: Bellibolt|36/100|[from] drain|[of] p2a: Iron Moth
|faint|p2a: Iron Moth
|-end|p2a: Iron Moth|Quark Drive|[silent]
|-end|p1a: Bellibolt|Charge|[silent]
|
|-heal|p1a: Bellibolt|42/100|[from] item: Leftovers
|upkeep
|
|t:|1743917988
|switch|p2a: Ogerpon|Ogerpon-Wellspring, F|100/100
|-damage|p2a: Ogerpon|88/100|[from] Stealth Rock
|-activate|p2a: Ogerpon|move: Sticky Web
|-unboost|p2a: Ogerpon|spe|1
|turn|28
|
|t:|1743918002
|move|p2a: Ogerpon|Ivy Cudgel|p1a: Bellibolt|[anim] Ivy Cudgel Water
|-damage|p1a: Bellibolt|8/100
|-start|p1a: Bellibolt|Charge|Ivy Cudgel|[from] ability: Electromorphosis
|move|p1a: Bellibolt|Slack Off|p1a: Bellibolt
|-heal|p1a: Bellibolt|58/100
|
|-heal|p1a: Bellibolt|64/100|[from] item: Leftovers
|upkeep
|turn|29
|
|t:|1743918015
|move|p2a: Ogerpon|Leech Seed|p1a: Bellibolt
|-start|p1a: Bellibolt|move: Leech Seed
|move|p1a: Bellibolt|Parabolic Charge|p2a: Ogerpon
|-damage|p2a: Ogerpon|43/100
|-heal|p1a: Bellibolt|83/100|[from] drain|[of] p2a: Ogerpon
|-end|p1a: Bellibolt|Charge|[silent]
|
|-heal|p1a: Bellibolt|90/100|[from] item: Leftovers
|-damage|p1a: Bellibolt|77/100|[from] Leech Seed|[of] p2a: Ogerpon
|-heal|p2a: Ogerpon|57/100|[silent]
|upkeep
|turn|30
|
|t:|1743918027
|move|p2a: Ogerpon|Giga Drain|p1a: Bellibolt
|-damage|p1a: Bellibolt|58/100
|-heal|p2a: Ogerpon|68/100|[from] drain|[of] p1a: Bellibolt
|-start|p1a: Bellibolt|Charge|Giga Drain|[from] ability: Electromorphosis
|move|p1a: Bellibolt|Toxic|p2a: Ogerpon|[miss]
|-miss|p1a: Bellibolt|p2a: Ogerpon
|
|-heal|p1a: Bellibolt|64/100|[from] item: Leftovers
|-damage|p1a: Bellibolt|52/100|[from] Leech Seed|[of] p2a: Ogerpon
|-heal|p2a: Ogerpon|83/100|[silent]
|upkeep
|turn|31
|
|t:|1743918040
|move|p2a: Ogerpon|Ivy Cudgel|p1a: Bellibolt|[anim] Ivy Cudgel Water
|-damage|p1a: Bellibolt|18/100
|-start|p1a: Bellibolt|Charge|Ivy Cudgel|[from] ability: Electromorphosis
|move|p1a: Bellibolt|Slack Off|p1a: Bellibolt
|-heal|p1a: Bellibolt|68/100
|
|-heal|p1a: Bellibolt|74/100|[from] item: Leftovers
|-damage|p1a: Bellibolt|61/100|[from] Leech Seed|[of] p2a: Ogerpon
|-heal|p2a: Ogerpon|97/100|[silent]
|upkeep
|turn|32
|
|t:|1743918054
|move|p2a: Ogerpon|Ivy Cudgel|p1a: Bellibolt|[anim] Ivy Cudgel Water
|-damage|p1a: Bellibolt|23/100
|-start|p1a: Bellibolt|Charge|Ivy Cudgel|[from] ability: Electromorphosis
|move|p1a: Bellibolt|Slack Off|p1a: Bellibolt
|-heal|p1a: Bellibolt|73/100
|
|-heal|p1a: Bellibolt|80/100|[from] item: Leftovers
|-damage|p1a: Bellibolt|67/100|[from] Leech Seed|[of] p2a: Ogerpon
|-heal|p2a: Ogerpon|100/100|[silent]
|upkeep
|turn|33
|
|t:|1743918066
|move|p2a: Ogerpon|Ivy Cudgel|p1a: Bellibolt|[anim] Ivy Cudgel Water
|-damage|p1a: Bellibolt|32/100
|-start|p1a: Bellibolt|Charge|Ivy Cudgel|[from] ability: Electromorphosis
|move|p1a: Bellibolt|Toxic|p2a: Ogerpon
|-status|p2a: Ogerpon|tox
|
|-heal|p1a: Bellibolt|38/100|[from] item: Leftovers
|-damage|p1a: Bellibolt|25/100|[from] Leech Seed|[of] p2a: Ogerpon
|-damage|p2a: Ogerpon|94/100 tox|[from] psn
|upkeep
|turn|34
|
|t:|1743918085
|switch|p1a: Torracat|Torracat, M|100/100
|-damage|p1a: Torracat|76/100|[from] Stealth Rock
|-ability|p1a: Torracat|Intimidate|boost
|-unboost|p2a: Ogerpon|atk|1
|move|p2a: Ogerpon|Ivy Cudgel|p1a: Torracat|[anim] Ivy Cudgel Water
|-supereffective|p1a: Torracat
|-damage|p1a: Torracat|0 fnt
|faint|p1a: Torracat
|
|-damage|p2a: Ogerpon|82/100 tox|[from] psn
|upkeep
|
|t:|1743918101
|switch|p1a: Munkidori|Munkidori, M|100/100
|-damage|p1a: Munkidori|88/100|[from] Stealth Rock
|turn|35
|
|t:|1743918106
|move|p1a: Munkidori|Sludge Wave|p2a: Ogerpon
|-supereffective|p2a: Ogerpon
|-damage|p2a: Ogerpon|0 fnt
|faint|p2a: Ogerpon
|
|upkeep
|
|t:|1743918112
|switch|p2a: Enamorus|Enamorus, F|61/100
|-damage|p2a: Enamorus|36/100|[from] Stealth Rock
|turn|36
|
|t:|1743918127
|move|p2a: Enamorus|Moonblast|p1a: Munkidori
|-resisted|p1a: Munkidori
|-damage|p1a: Munkidori|62/100
|-damage|p2a: Enamorus|26/100|[from] item: Life Orb
|move|p1a: Munkidori|Sludge Wave|p2a: Enamorus
|-supereffective|p2a: Enamorus
|-damage|p2a: Enamorus|0 fnt
|faint|p2a: Enamorus
|
|win|magmablaster
|raw|magmablaster's rating: 1088 &rarr; <strong>1116</strong><br />(+28 for winning)
|raw|fuxiaoLuna's rating: 1110 &rarr; <strong>1083</strong><br />(-27 for losing)
|l|☆fuxiaoLuna
|player|p2|
