|j|☆DangerMouse2
|j|☆polefoxz
|t:|1743825654
|gametype|singles
|player|p1|DangerMouse2|dragontamer|1293
|player|p2|polefoxz|170|1244
|teamsize|p1|6
|teamsize|p2|6
|gen|9
|tier|[Gen 9] OU
|rated|
|rule|HP Percentage Mod: HP is shown in percentages
|rule|Endless Battle Clause: Forcing endless battles is banned
|rule|Species Clause: Limit one of each Pokémon
|rule|OHKO Clause: OHKO moves are banned
|rule|Evasion Items Clause: Evasion items are banned
|rule|Evasion Moves Clause: Evasion moves are banned
|rule|Sleep Moves Clause: Sleep-inducing moves are banned
|clearpoke
|poke|p1|Pelipper, F|
|poke|p1|Zapdos|
|poke|p1|Iron Crown|
|poke|p1|Iron Jugulis|
|poke|p1|Iron Treads|
|poke|p1|Barraskewda, F|
|poke|p2|Ursaluna, F|
|poke|p2|Mimikyu, F|
|poke|p2|Cresselia, F|
|poke|p2|Enamorus-Therian, F|
|poke|p2|Hatterene, F|
|poke|p2|Hoopa-Unbound|
|teampreview
|
|t:|1743825673
|start
|switch|p1a: Iron Crown|Iron Crown|100/100
|switch|p2a: Hoopa|Hoopa-Unbound|100/100
|turn|1
|
|t:|1743825683
|move|p1a: Iron Crown|Volt Switch|p2a: Hoopa
|-damage|p2a: Hoopa|76/100
|
|t:|1743825687
|-end|p1a: Iron Crown|Quark Drive|[silent]
|switch|p1a: Pelipper|Pelipper, F|100/100|[from] Volt Switch
|-weather|RainDance|[from] ability: Drizzle|[of] p1a: Pelipper
|move|p2a: Hoopa|Hyperspace Fury|p1a: Pelipper
|-damage|p1a: Pelipper|50/100
|-unboost|p2a: Hoopa|def|1
|-enditem|p2a: Hoopa|Eject Pack
|
|t:|1743825705
|switch|p2a: Hatterene|Hatterene, F|100/100
|
|-weather|RainDance|[upkeep]
|upkeep
|turn|2
|
|t:|1743825714
|move|p1a: Pelipper|U-turn|p2a: Hatterene
|-damage|p2a: Hatterene|92/100
|
|t:|1743825723
|switch|p1a: Zapdos|Zapdos|100/100|[from] U-turn
|move|p2a: Hatterene|Trick Room|p2a: Hatterene
|-fieldstart|move: Trick Room|[of] p2a: Hatterene
|
|-weather|RainDance|[upkeep]
|upkeep
|turn|3
|
|t:|1743825744
|move|p2a: Hatterene|Mystical Fire|p1a: Zapdos
|-damage|p1a: Zapdos|90/100
|-unboost|p1a: Zapdos|spa|1
|move|p1a: Zapdos|Electric Terrain|p1a: Zapdos
|-fieldstart|move: Electric Terrain
|
|-weather|RainDance|[upkeep]
|upkeep
|turn|4
|
|t:|1743825772
|move|p2a: Hatterene|Psychic|p1a: Zapdos
|-damage|p1a: Zapdos|46/100
|move|p1a: Zapdos|Hurricane|p2a: Hatterene
|-damage|p2a: Hatterene|49/100
|-start|p2a: Hatterene|confusion
|
|-weather|RainDance|[upkeep]
|upkeep
|turn|5
|
|t:|1743825783
|-activate|p2a: Hatterene|confusion
|move|p2a: Hatterene|Psychic|p1a: Zapdos
|-damage|p1a: Zapdos|2/100
|move|p1a: Zapdos|Roost|p1a: Zapdos
|-heal|p1a: Zapdos|52/100
|-singleturn|p1a: Zapdos|move: Roost
|
|-weather|RainDance|[upkeep]
|upkeep
|turn|6
|
|t:|1743825795
|switch|p1a: Iron Crown|Iron Crown|100/100
|-activate|p1a: Iron Crown|ability: Quark Drive
|-start|p1a: Iron Crown|quarkdrivespe
|-activate|p2a: Hatterene|confusion
|move|p2a: Hatterene|Mystical Fire|p1a: Iron Crown
|-supereffective|p1a: Iron Crown
|-damage|p1a: Iron Crown|80/100
|-unboost|p1a: Iron Crown|spa|1
|
|-weather|RainDance|[upkeep]
|-fieldend|move: Trick Room
|upkeep
|turn|7
|
|t:|1743825809
|move|p1a: Iron Crown|Tachyon Cutter|p2a: Hatterene
|-supereffective|p2a: Hatterene
|-damage|p2a: Hatterene|1/100
|-supereffective|p2a: Hatterene
|-damage|p2a: Hatterene|0 fnt
|faint|p2a: Hatterene
|-hitcount|p2: Hatterene|2
|
|-weather|RainDance|[upkeep]
|upkeep
|
|t:|1743825825
|switch|p2a: Hoopa|Hoopa-Unbound|76/100
|turn|8
|
|t:|1743825850
|-end|p1a: Iron Crown|Quark Drive|[silent]
|switch|p1a: Iron Jugulis|Iron Jugulis|100/100
|-activate|p1a: Iron Jugulis|ability: Quark Drive
|-start|p1a: Iron Jugulis|quarkdrivespe
|move|p2a: Hoopa|Trick Room|p2a: Hoopa
|-fieldstart|move: Trick Room|[of] p2a: Hoopa
|
|-weather|none
|upkeep
|turn|9
|
|t:|1743825881
|switch|p2a: Enamorus|Enamorus-Therian, F|100/100
|-end|p1a: Iron Jugulis|Quark Drive|[silent]
|switch|p1a: Pelipper|Pelipper, F|50/100
|-weather|RainDance|[from] ability: Drizzle|[of] p1a: Pelipper
|
|-weather|RainDance|[upkeep]
|upkeep
|turn|10
|
|t:|1743825893
|move|p2a: Enamorus|Moonblast|p1a: Pelipper
|-damage|p1a: Pelipper|0 fnt
|faint|p1a: Pelipper
|
|-weather|RainDance|[upkeep]
|-fieldend|move: Electric Terrain
|upkeep
|
|t:|1743825919
|switch|p1a: Iron Crown|Iron Crown|80/100
|turn|11
|
|t:|1743825939
|-end|p1a: Iron Crown|Quark Drive|[silent]
|switch|p1a: Zapdos|Zapdos|52/100
|move|p2a: Enamorus|Moonblast|p1a: Zapdos
|-damage|p1a: Zapdos|0 fnt
|faint|p1a: Zapdos
|
|-weather|RainDance|[upkeep]
|upkeep
|
|t:|1743825945
|switch|p1a: Iron Crown|Iron Crown|80/100
|turn|12
|
|t:|1743825951
|move|p2a: Enamorus|Moonblast|p1a: Iron Crown
|-resisted|p1a: Iron Crown
|-damage|p1a: Iron Crown|40/100
|move|p1a: Iron Crown|Tachyon Cutter|p2a: Enamorus
|-supereffective|p2a: Enamorus
|-damage|p2a: Enamorus|28/100
|-supereffective|p2a: Enamorus
|-damage|p2a: Enamorus|0 fnt
|faint|p2a: Enamorus
|-hitcount|p2: Enamorus|2
|
|-weather|RainDance|[upkeep]
|-fieldend|move: Trick Room
|upkeep
|
|t:|1743825962
|switch|p2a: Hoopa|Hoopa-Unbound|76/100
|turn|13
|
|t:|1743825969
|move|p1a: Iron Crown|Tachyon Cutter|p2a: Hoopa
|-damage|p2a: Hoopa|51/100
|-damage|p2a: Hoopa|26/100
|-hitcount|p2a: Hoopa|2
|move|p2a: Hoopa|Trick Room|p2a: Hoopa
|-fieldstart|move: Trick Room|[of] p2a: Hoopa
|
|-weather|RainDance|[upkeep]
|upkeep
|turn|14
|
|t:|1743825991
|-end|p1a: Iron Crown|Quark Drive|[silent]
|switch|p1a: Iron Jugulis|Iron Jugulis|100/100
|move|p2a: Hoopa|Hyperspace Fury|p1a: Iron Jugulis
|-resisted|p1a: Iron Jugulis
|-damage|p1a: Iron Jugulis|65/100
|-unboost|p2a: Hoopa|def|1
|-item|p2a: Hoopa|Heavy-Duty Boots|[from] ability: Magician|[of] p1a: Iron Jugulis
|
|-weather|RainDance|[upkeep]
|upkeep
|turn|15
|
|t:|1743826010
|move|p2a: Hoopa|Hyperspace Fury|p1a: Iron Jugulis
|-resisted|p1a: Iron Jugulis
|-damage|p1a: Iron Jugulis|24/100
|-unboost|p2a: Hoopa|def|1
|move|p1a: Iron Jugulis|Hurricane|p2a: Hoopa
|-damage|p2a: Hoopa|0 fnt
|faint|p2a: Hoopa
|
|-weather|RainDance|[upkeep]
|upkeep
|
|t:|1743826021
|switch|p2a: Ursaluna|Ursaluna, F|100/100
|turn|16
|
|t:|1743826037
|-terastallize|p2a: Ursaluna|Normal
|move|p2a: Ursaluna|Facade|p1a: Iron Jugulis
|-damage|p1a: Iron Jugulis|0 fnt
|faint|p1a: Iron Jugulis
|-end|p1a: Iron Jugulis|Quark Drive|[silent]
|
|-weather|none
|-status|p2a: Ursaluna|brn|[from] item: Flame Orb
|upkeep
|
|t:|1743826051
|switch|p1a: Iron Treads|Iron Treads|100/100
|turn|17
|
|t:|1743826057
|move|p2a: Ursaluna|Headlong Rush|p1a: Iron Treads
|-supereffective|p1a: Iron Treads
|-damage|p1a: Iron Treads|0 fnt
|-unboost|p2a: Ursaluna|def|1
|-unboost|p2a: Ursaluna|spd|1
|faint|p1a: Iron Treads
|-end|p1a: Iron Treads|Quark Drive|[silent]
|
|-damage|p2a: Ursaluna|94/100 brn|[from] brn
|-fieldend|move: Trick Room
|upkeep
|
|t:|1743826085
|switch|p1a: Iron Crown|Iron Crown|40/100
|turn|18
|
|t:|1743826120
|move|p1a: Iron Crown|Tachyon Cutter|p2a: Ursaluna
|-damage|p2a: Ursaluna|50/100 brn
|-damage|p2a: Ursaluna|6/100 brn
|-hitcount|p2a: Ursaluna|2
|move|p2a: Ursaluna|Headlong Rush|p1a: Iron Crown
|-supereffective|p1a: Iron Crown
|-damage|p1a: Iron Crown|0 fnt
|-unboost|p2a: Ursaluna|def|1
|-unboost|p2a: Ursaluna|spd|1
|faint|p1a: Iron Crown
|-end|p1a: Iron Crown|Quark Drive|[silent]
|
|-damage|p2a: Ursaluna|0 fnt|[from] brn
|faint|p2a: Ursaluna
|upkeep
|
|t:|1743826141
|switch|p1a: Barraskewda|Barraskewda, F|100/100
|switch|p2a: Mimikyu|Mimikyu, F|100/100
|turn|19
|
|t:|1743826149
|-terastallize|p1a: Barraskewda|Water
|move|p1a: Barraskewda|Liquidation|p2a: Mimikyu
|-activate|p2a: Mimikyu|ability: Disguise
|-damage|p2a: Mimikyu|100/100
|detailschange|p2a: Mimikyu|Mimikyu-Busted, F
|-damage|p2a: Mimikyu|88/100|[from] pokemon: Mimikyu-Busted
|move|p2a: Mimikyu|Trick Room|p2a: Mimikyu
|-fieldstart|move: Trick Room|[of] p2a: Mimikyu
|
|upkeep
|turn|20
|
|t:|1743826159
|move|p2a: Mimikyu|Destiny Bond|p2a: Mimikyu
|-singlemove|p2a: Mimikyu|Destiny Bond
|move|p1a: Barraskewda|Liquidation|p2a: Mimikyu
|-damage|p2a: Mimikyu|0 fnt
|faint|p2a: Mimikyu
|-activate|p2a: Mimikyu|move: Destiny Bond
|faint|p1a: Barraskewda
|
|win|polefoxz
|raw|DangerMouse2's rating: 1293 &rarr; <strong>1264</strong><br />(-29 for losing)
|raw|polefoxz's rating: 1244 &rarr; <strong>1273</strong><br />(+29 for winning)
|l|☆DangerMouse2
|player|p1|
