|j|☆shrevon7c
|j|☆iamaguyprobably
|inactive|Battle timer is ON: inactive players will automatically lose when time's up.
|t:|1743830560
|gametype|singles
|player|p1|shrevon7c|1|
|player|p2|iamaguyprobably|1|
|teamsize|p1|3
|teamsize|p2|3
|gen|9
|tier|[Gen 9] OU
|rated|Tournament battle
|rule|HP Percentage Mod: HP is shown in percentages
|rule|Endless Battle Clause: Forcing endless battles is banned
|rule|Species Clause: Limit one of each Pokémon
|rule|OHKO Clause: OHKO moves are banned
|rule|Evasion Items Clause: Evasion items are banned
|rule|Evasion Moves Clause: Evasion moves are banned
|rule|Sleep Moves Clause: Sleep-inducing moves are banned
|clearpoke
|poke|p1|Qwilfish, M|
|poke|p1|Sobble, M|
|poke|p1|Chimecho, F|
|poke|p2|Pawniard, F|
|poke|p2|Psyduck, M|
|poke|p2|Braviary-Hisui, M|
|teampreview
|j|*Lady Monita ❄
|inactive|iamaguyprobably also wants the timer to be on.
|
|t:|1743830569
|start
|switch|p1a: Qwilfish|Qwilfish, M|100/100
|switch|p2a: Braviary|Braviary-Hisui, M|100/100
|-ability|p1a: Qwilfish|Intimidate|boost
|-unboost|p2a: Braviary|atk|1
|turn|1
|j| Harrison.sholler
|
|t:|1743830579
|move|p1a: Qwilfish|Toxic Spikes|p2a: Braviary
|-sidestart|p2: iamaguyprobably|move: Toxic Spikes
|move|p2a: Braviary|Esper Wing|p1a: Qwilfish
|-supereffective|p1a: Qwilfish
|-enditem|p1a: Qwilfish|Focus Sash
|-damage|p1a: Qwilfish|1/100
|-boost|p2a: Braviary|spe|1
|
|upkeep
|turn|2
|
|t:|1743830588
|move|p2a: Braviary|Esper Wing|p1a: Qwilfish
|-supereffective|p1a: Qwilfish
|-damage|p1a: Qwilfish|0 fnt
|-boost|p2a: Braviary|spe|1
|faint|p1a: Qwilfish
|
|upkeep
|
|t:|1743830605
|switch|p1a: Chimecho|Chimecho, F|100/100
|turn|3
|
|t:|1743830619
|-terastallize|p2a: Braviary|Psychic
|move|p2a: Braviary|Esper Wing|p1a: Chimecho
|-resisted|p1a: Chimecho
|-damage|p1a: Chimecho|40/100
|-boost|p2a: Braviary|spe|1
|move|p1a: Chimecho|Shadow Ball|p2a: Braviary
|-supereffective|p2a: Braviary
|-damage|p2a: Braviary|50/100
|
|upkeep
|turn|4
|
|t:|1743830630
|move|p2a: Braviary|Esper Wing|p1a: Chimecho
|-resisted|p1a: Chimecho
|-damage|p1a: Chimecho|0 fnt
|-boost|p2a: Braviary|spe|1
|faint|p1a: Chimecho
|
|upkeep
|
|t:|1743830633
|switch|p1a: Sobble|Sobble, M|100/100
|turn|5
|
|t:|1743830640
|move|p2a: Braviary|Esper Wing|p1a: Sobble
|-enditem|p1a: Sobble|Focus Sash
|-damage|p1a: Sobble|1/100
|-boost|p2a: Braviary|spe|1
|move|p1a: Sobble|Fell Stinger|p2a: Braviary
|-supereffective|p2a: Braviary
|-damage|p2a: Braviary|32/100
|
|upkeep
|turn|6
|c|☆iamaguyprobably|gg
|
|t:|1743830650
|move|p2a: Braviary|Esper Wing|p1a: Sobble
|-crit|p1a: Sobble
|-damage|p1a: Sobble|0 fnt
|-boost|p2a: Braviary|spe|1
|faint|p1a: Sobble
|
|win|iamaguyprobably
|n|☆shrevon7c|shrevon7c
|n|☆iamaguyprobably|iamaguyprobably
|n|*Lady Monita ❄|ladymonita
|n| Harrison.sholler|harrisonsholler
