|j|☆k2kaytwo
|j|☆Jmoneyzzzzz
|t:|1743893153
|gametype|singles
|player|p1|k2kaytwo|cynthia-gen4|1117
|player|p2|Jmoneyzzzzz|swimmer|1174
|teamsize|p1|6
|teamsize|p2|6
|gen|9
|tier|[Gen 9] OU
|rated|
|rule|HP Percentage Mod: HP is shown in percentages
|rule|Endless Battle Clause: Forcing endless battles is banned
|rule|Species Clause: Limit one of each Pokémon
|rule|OHKO Clause: OHKO moves are banned
|rule|Evasion Items Clause: Evasion items are banned
|rule|Evasion Moves Clause: Evasion moves are banned
|rule|Sleep Moves Clause: Sleep-inducing moves are banned
|clearpoke
|poke|p1|Dragonite, M|
|poke|p1|Ting-Lu|
|poke|p1|Iron Moth|
|poke|p1|Iron Valiant|
|poke|p1|Kyurem|
|poke|p1|Gholdengo|
|poke|p2|Garganacl, M|
|poke|p2|Zamazenta-*|
|poke|p2|Corviknight, F|
|poke|p2|Tyranitar, M|
|poke|p2|Kyurem|
|poke|p2|Landorus-Therian, M|
|teampreview
|inactive|Battle timer is ON: inactive players will automatically lose when time's up. (requested by Jmoneyzzzzz)
|
|t:|1743893226
|start
|switch|p1a: Ting-Lu|Ting-Lu|100/100
|switch|p2a: KEVIN-LOVE|Landorus-Therian, M|100/100
|-ability|p2a: KEVIN-LOVE|Intimidate|boost
|-unboost|p1a: Ting-Lu|atk|1
|-ability|p1a: Ting-Lu|Vessel of Ruin
|turn|1
|
|t:|1743893252
|move|p2a: KEVIN-LOVE|U-turn|p1a: Ting-Lu
|-supereffective|p1a: Ting-Lu
|-damage|p1a: Ting-Lu|72/100
|-damage|p2a: KEVIN-LOVE|84/100|[from] item: Rocky Helmet|[of] p1a: Ting-Lu
|
|t:|1743893259
|switch|p2a: DS3|Corviknight, F|100/100|[from] U-turn
|-ability|p2a: DS3|Pressure
|move|p1a: Ting-Lu|Ruination|p2a: DS3
|-damage|p2a: DS3|51/100
|
|upkeep
|turn|2
|inactive|Jmoneyzzzzz has 120 seconds left.
|
|t:|1743893277
|move|p1a: Ting-Lu|Stealth Rock|p2a: DS3
|-sidestart|p2: Jmoneyzzzzz|move: Stealth Rock
|move|p2a: DS3|Roost|p2a: DS3
|-heal|p2a: DS3|100/100
|-singleturn|p2a: DS3|move: Roost
|
|upkeep
|turn|3
|
|t:|1743893287
|switch|p1a: Iron Moth|Iron Moth|100/100
|-enditem|p1a: Iron Moth|Booster Energy
|-activate|p1a: Iron Moth|ability: Quark Drive|[fromitem]
|-start|p1a: Iron Moth|quarkdrivespe
|move|p2a: DS3|Defog|p1a: Iron Moth
|-unboost|p1a: Iron Moth|evasion|1
|-sideend|p2: Jmoneyzzzzz|Stealth Rock|[from] move: Defog|[of] p2a: DS3
|
|upkeep
|turn|4
|inactive|k2kaytwo has 120 seconds left.
|
|t:|1743893313
|switch|p2a: LEBRON|Tyranitar, M|100/100
|-weather|Sandstorm|[from] ability: Sand Stream|[of] p2a: LEBRON
|-item|p2a: LEBRON|Air Balloon
|move|p1a: Iron Moth|Substitute|p1a: Iron Moth
|-start|p1a: Iron Moth|Substitute
|-damage|p1a: Iron Moth|76/100
|
|-weather|Sandstorm|[upkeep]
|-damage|p1a: Iron Moth|70/100|[from] Sandstorm
|upkeep
|turn|5
|inactive|k2kaytwo has 120 seconds left.
|inactive|Jmoneyzzzzz has 120 seconds left.
|
|t:|1743893345
|-end|p1a: Iron Moth|Quark Drive|[silent]
|switch|p1a: Iron Valiant|Iron Valiant|100/100
|-enditem|p1a: Iron Valiant|Booster Energy
|-activate|p1a: Iron Valiant|ability: Quark Drive|[fromitem]
|-start|p1a: Iron Valiant|quarkdrivespe
|move|p2a: LEBRON|Knock Off|p1a: Iron Valiant
|-resisted|p1a: Iron Valiant
|-damage|p1a: Iron Valiant|92/100
|
|-weather|Sandstorm|[upkeep]
|-damage|p1a: Iron Valiant|86/100|[from] Sandstorm
|upkeep
|turn|6
|inactive|Jmoneyzzzzz has 120 seconds left.
|
|t:|1743893356
|switch|p2a: DS3|Corviknight, F|100/100
|-ability|p2a: DS3|Pressure
|move|p1a: Iron Valiant|Close Combat|p2a: DS3
|-crit|p2a: DS3
|-damage|p2a: DS3|51/100
|-unboost|p1a: Iron Valiant|def|1
|-unboost|p1a: Iron Valiant|spd|1
|-damage|p1a: Iron Valiant|69/100|[from] item: Rocky Helmet|[of] p2a: DS3
|
|-weather|Sandstorm|[upkeep]
|-damage|p1a: Iron Valiant|63/100|[from] Sandstorm
|upkeep
|turn|7
|inactive|Jmoneyzzzzz has 120 seconds left.
|
|t:|1743893370
|-end|p1a: Iron Valiant|Quark Drive|[silent]
|switch|p1a: Iron Moth|Iron Moth|70/100
|move|p2a: DS3|Roost|p2a: DS3
|-heal|p2a: DS3|100/100
|-singleturn|p2a: DS3|move: Roost
|
|-weather|Sandstorm|[upkeep]
|-damage|p1a: Iron Moth|64/100|[from] Sandstorm
|upkeep
|turn|8
|inactive|Jmoneyzzzzz has 120 seconds left.
|
|t:|1743893389
|switch|p2a: Salt Gargler|Garganacl, M|100/100
|move|p1a: Iron Moth|Fiery Dance|p2a: Salt Gargler
|-resisted|p2a: Salt Gargler
|-damage|p2a: Salt Gargler|90/100
|-boost|p1a: Iron Moth|spa|1
|
|-weather|none
|-heal|p2a: Salt Gargler|96/100|[from] item: Leftovers
|upkeep
|turn|9
|
|t:|1743893415
|-end|p1a: Iron Moth|Quark Drive|[silent]
|switch|p1a: Iron Valiant|Iron Valiant|63/100
|switch|p2a: LEBRON|Tyranitar, M|100/100
|-weather|Sandstorm|[from] ability: Sand Stream|[of] p2a: LEBRON
|-item|p2a: LEBRON|Air Balloon
|
|-weather|Sandstorm|[upkeep]
|-damage|p1a: Iron Valiant|57/100|[from] Sandstorm
|upkeep
|turn|10
|inactive|Jmoneyzzzzz has 120 seconds left.
|
|t:|1743893425
|switch|p2a: DS3|Corviknight, F|100/100
|-ability|p2a: DS3|Pressure
|move|p1a: Iron Valiant|Close Combat|p2a: DS3
|-damage|p2a: DS3|65/100
|-unboost|p1a: Iron Valiant|def|1
|-unboost|p1a: Iron Valiant|spd|1
|-damage|p1a: Iron Valiant|40/100|[from] item: Rocky Helmet|[of] p2a: DS3
|
|-weather|Sandstorm|[upkeep]
|-damage|p1a: Iron Valiant|34/100|[from] Sandstorm
|upkeep
|turn|11
|inactive|Jmoneyzzzzz has 120 seconds left.
|
|t:|1743893439
|move|p1a: Iron Valiant|Knock Off|p2a: DS3
|-damage|p2a: DS3|46/100
|-damage|p1a: Iron Valiant|17/100|[from] item: Rocky Helmet|[of] p2a: DS3
|-enditem|p2a: DS3|Rocky Helmet|[from] move: Knock Off|[of] p1a: Iron Valiant
|move|p2a: DS3|Brave Bird|p1a: Iron Valiant
|-supereffective|p1a: Iron Valiant
|-crit|p1a: Iron Valiant
|-damage|p1a: Iron Valiant|0 fnt
|faint|p1a: Iron Valiant
|-end|p1a: Iron Valiant|Quark Drive|[silent]
|-damage|p2a: DS3|42/100|[from] Recoil
|
|-weather|Sandstorm|[upkeep]
|upkeep
|
|t:|1743893453
|switch|p1a: Ting-Lu|Ting-Lu|72/100
|-ability|p1a: Ting-Lu|Vessel of Ruin
|turn|12
|
|t:|1743893461
|move|p1a: Ting-Lu|Stealth Rock|p2a: DS3
|-sidestart|p2: Jmoneyzzzzz|move: Stealth Rock
|move|p2a: DS3|Roost|p2a: DS3
|-heal|p2a: DS3|92/100
|-singleturn|p2a: DS3|move: Roost
|
|-weather|Sandstorm|[upkeep]
|upkeep
|turn|13
|
|t:|1743893469
|move|p1a: Ting-Lu|Ruination|p2a: DS3
|-damage|p2a: DS3|46/100
|move|p2a: DS3|Defog|p1a: Ting-Lu
|-unboost|p1a: Ting-Lu|evasion|1
|-sideend|p2: Jmoneyzzzzz|Stealth Rock|[from] move: Defog|[of] p2a: DS3
|
|-weather|none
|upkeep
|turn|14
|
|t:|1743893476
|move|p1a: Ting-Lu|Taunt|p2a: DS3
|-start|p2a: DS3|move: Taunt
|cant|p2a: DS3|move: Taunt|Roost
|
|upkeep
|turn|15
|
|t:|1743893490
|switch|p1a: Kyurem|Kyurem|100/100
|-ability|p1a: Kyurem|Pressure
|switch|p2a: Salt Gargler|Garganacl, M|96/100
|
|-heal|p2a: Salt Gargler|100/100|[from] item: Leftovers
|upkeep
|turn|16
|inactive|k2kaytwo has 120 seconds left.
|
|t:|1743893514
|switch|p2a: LEBRON|Tyranitar, M|100/100
|-weather|Sandstorm|[from] ability: Sand Stream|[of] p2a: LEBRON
|-item|p2a: LEBRON|Air Balloon
|move|p1a: Kyurem|Dragon Dance|p1a: Kyurem
|-boost|p1a: Kyurem|atk|1
|-boost|p1a: Kyurem|spe|1
|
|-weather|Sandstorm|[upkeep]
|-damage|p1a: Kyurem|94/100|[from] Sandstorm
|upkeep
|turn|17
|inactive|k2kaytwo has 120 seconds left.
|
|t:|1743893541
|move|p1a: Kyurem|Dragon Dance|p1a: Kyurem
|-boost|p1a: Kyurem|atk|1
|-boost|p1a: Kyurem|spe|1
|move|p2a: LEBRON|Thunder Wave|p1a: Kyurem
|-status|p1a: Kyurem|par
|
|-weather|Sandstorm|[upkeep]
|-damage|p1a: Kyurem|88/100 par|[from] Sandstorm
|upkeep
|turn|18
|
|t:|1743893553
|move|p1a: Kyurem|Icicle Spear|p2a: LEBRON
|-damage|p2a: LEBRON|79/100
|-enditem|p2a: LEBRON|Air Balloon
|-damage|p2a: LEBRON|58/100
|-damage|p2a: LEBRON|37/100
|-damage|p2a: LEBRON|15/100
|-hitcount|p2a: LEBRON|4
|move|p2a: LEBRON|Knock Off|p1a: Kyurem
|-damage|p1a: Kyurem|45/100 par
|-enditem|p1a: Kyurem|Loaded Dice|[from] move: Knock Off|[of] p2a: LEBRON
|
|-weather|Sandstorm|[upkeep]
|-damage|p1a: Kyurem|39/100 par|[from] Sandstorm
|upkeep
|turn|19
|
|t:|1743893579
|switch|p2a: KEVIN-LOVE|Landorus-Therian, M|84/100
|-ability|p2a: KEVIN-LOVE|Intimidate|boost
|-unboost|p1a: Kyurem|atk|1
|-terastallize|p1a: Kyurem|Fire
|move|p1a: Kyurem|Tera Blast|p2a: KEVIN-LOVE|[anim] Tera Blast Fire
|-damage|p2a: KEVIN-LOVE|4/100
|
|-weather|Sandstorm|[upkeep]
|-damage|p1a: Kyurem|33/100 par|[from] Sandstorm
|upkeep
|turn|20
|inactive|Jmoneyzzzzz has 120 seconds left.
|
|t:|1743893620
|switch|p1a: Ting-Lu|Ting-Lu|72/100
|-ability|p1a: Ting-Lu|Vessel of Ruin
|move|p2a: KEVIN-LOVE|Earthquake|p1a: Ting-Lu
|-damage|p1a: Ting-Lu|38/100
|
|-weather|none
|upkeep
|turn|21
|inactive|Jmoneyzzzzz has 90 seconds left.
|inactive|k2kaytwo has 90 seconds left.
|
|t:|1743893663
|move|p2a: KEVIN-LOVE|Earthquake|p1a: Ting-Lu
|-damage|p1a: Ting-Lu|7/100
|move|p1a: Ting-Lu|Ruination|p2a: KEVIN-LOVE
|-damage|p2a: KEVIN-LOVE|2/100
|
|upkeep
|turn|22
|
|t:|1743893671
|switch|p1a: Dragonite|Dragonite, M|100/100
|move|p2a: KEVIN-LOVE|Earthquake|p1a: Dragonite
|-immune|p1a: Dragonite
|
|upkeep
|turn|23
|
|t:|1743893683
|switch|p2a: LEBRON|Tyranitar, M|15/100
|-weather|Sandstorm|[from] ability: Sand Stream|[of] p2a: LEBRON
|move|p1a: Dragonite|Dragon Dance|p1a: Dragonite
|-boost|p1a: Dragonite|atk|1
|-boost|p1a: Dragonite|spe|1
|
|-weather|Sandstorm|[upkeep]
|-damage|p1a: Dragonite|94/100|[from] Sandstorm
|upkeep
|turn|24
|inactive|Jmoneyzzzzz has 90 seconds left.
|
|t:|1743893706
|move|p1a: Dragonite|Ice Spinner|p2a: LEBRON
|-damage|p2a: LEBRON|0 fnt
|faint|p2a: LEBRON
|
|-weather|Sandstorm|[upkeep]
|-damage|p1a: Dragonite|88/100|[from] Sandstorm
|upkeep
|inactive|Jmoneyzzzzz has 90 seconds left.
|inactive|Jmoneyzzzzz has 60 seconds left.
|
|t:|1743893748
|switch|p2a: Salt Gargler|Garganacl, M|100/100
|turn|25
|inactive|Jmoneyzzzzz has 60 seconds left.
|
|t:|1743893757
|-terastallize|p2a: Salt Gargler|Water
|move|p1a: Dragonite|Earthquake|p2a: Salt Gargler
|-damage|p2a: Salt Gargler|69/100
|move|p2a: Salt Gargler|Salt Cure|p1a: Dragonite
|-supereffective|p1a: Dragonite
|-damage|p1a: Dragonite|58/100
|-start|p1a: Dragonite|Salt Cure
|
|-weather|Sandstorm|[upkeep]
|-damage|p1a: Dragonite|52/100|[from] Sandstorm
|-damage|p2a: Salt Gargler|63/100|[from] Sandstorm
|-heal|p2a: Salt Gargler|69/100|[from] item: Leftovers
|-damage|p1a: Dragonite|39/100|[from] Salt Cure
|upkeep
|turn|26
|inactive|Jmoneyzzzzz has 60 seconds left.
|
|t:|1743893783
|switch|p1a: Gholdengo|Gholdengo|100/100
|move|p2a: Salt Gargler|Salt Cure|p1a: Gholdengo
|-resisted|p1a: Gholdengo
|-damage|p1a: Gholdengo|92/100
|-start|p1a: Gholdengo|Salt Cure
|
|-weather|Sandstorm|[upkeep]
|-damage|p2a: Salt Gargler|63/100|[from] Sandstorm
|-heal|p2a: Salt Gargler|69/100|[from] item: Leftovers
|-damage|p1a: Gholdengo|67/100|[from] Salt Cure
|upkeep
|turn|27
|
|t:|1743893808
|switch|p2a: KEVIN-LOVE|Landorus-Therian, M|2/100
|-ability|p2a: KEVIN-LOVE|Intimidate|boost
|-unboost|p1a: Gholdengo|atk|1
|move|p1a: Gholdengo|Make It Rain|p2a: KEVIN-LOVE
|-damage|p2a: KEVIN-LOVE|0 fnt
|-unboost|p1a: Gholdengo|spa|1
|faint|p2a: KEVIN-LOVE
|
|-weather|none
|-damage|p1a: Gholdengo|42/100|[from] Salt Cure
|upkeep
|inactive|Jmoneyzzzzz has 30 seconds left.
|
|t:|1743893828
|switch|p2a: DS3|Corviknight, F|46/100
|-ability|p2a: DS3|Pressure
|turn|28
|inactive|Jmoneyzzzzz has 30 seconds left.
|inactive|Jmoneyzzzzz has 20 seconds left.
|
|t:|1743893852
|switch|p1a: Iron Moth|Iron Moth|64/100
|switch|p2a: Salt Gargler|Garganacl, M, tera:Water|69/100
|
|-heal|p2a: Salt Gargler|75/100|[from] item: Leftovers
|upkeep
|turn|29
|inactive|Jmoneyzzzzz has 30 seconds left this turn.
|
|t:|1743893864
|move|p1a: Iron Moth|Substitute|p1a: Iron Moth
|-start|p1a: Iron Moth|Substitute
|-damage|p1a: Iron Moth|39/100
|move|p2a: Salt Gargler|Salt Cure|p1a: Iron Moth
|-supereffective|p1a: Iron Moth
|-end|p1a: Iron Moth|Substitute
|
|-heal|p2a: Salt Gargler|82/100|[from] item: Leftovers
|upkeep
|turn|30
|inactive|k2kaytwo has 60 seconds left.
|
|t:|1743893888
|-end|p1a: Iron Moth|Quark Drive|[silent]
|switch|p1a: Ting-Lu|Ting-Lu|7/100
|-ability|p1a: Ting-Lu|Vessel of Ruin
|move|p2a: Salt Gargler|Salt Cure|p1a: Ting-Lu
|-resisted|p1a: Ting-Lu
|-damage|p1a: Ting-Lu|3/100
|-start|p1a: Ting-Lu|Salt Cure
|
|-heal|p2a: Salt Gargler|88/100|[from] item: Leftovers
|-damage|p1a: Ting-Lu|0 fnt|[from] Salt Cure
|faint|p1a: Ting-Lu
|upkeep
|inactive|k2kaytwo has 60 seconds left.
|
|t:|1743893899
|switch|p1a: Kyurem|Kyurem, tera:Fire|33/100 par
|-ability|p1a: Kyurem|Pressure
|turn|31
|inactive|k2kaytwo has 60 seconds left.
|
|t:|1743893905
|move|p1a: Kyurem|Tera Blast|p2a: Salt Gargler|[anim] Tera Blast Fire
|-resisted|p2a: Salt Gargler
|-damage|p2a: Salt Gargler|75/100
|move|p2a: Salt Gargler|Salt Cure|p1a: Kyurem
|-supereffective|p1a: Kyurem
|-damage|p1a: Kyurem|5/100 par
|-start|p1a: Kyurem|Salt Cure
|
|-heal|p2a: Salt Gargler|81/100|[from] item: Leftovers
|-damage|p1a: Kyurem|0 fnt|[from] Salt Cure
|faint|p1a: Kyurem
|upkeep
|inactive|k2kaytwo has 60 seconds left.
|
|t:|1743893927
|switch|p1a: Gholdengo|Gholdengo|42/100
|turn|32
|inactive|Jmoneyzzzzz has 60 seconds left.
|
|t:|1743893960
|move|p1a: Gholdengo|Make It Rain|p2a: Salt Gargler
|-resisted|p2a: Salt Gargler
|-damage|p2a: Salt Gargler|58/100
|-unboost|p1a: Gholdengo|spa|1
|move|p2a: Salt Gargler|Salt Cure|p1a: Gholdengo
|-resisted|p1a: Gholdengo
|-damage|p1a: Gholdengo|35/100
|-start|p1a: Gholdengo|Salt Cure
|
|-heal|p2a: Salt Gargler|64/100|[from] item: Leftovers
|-damage|p1a: Gholdengo|10/100|[from] Salt Cure
|upkeep
|turn|33
|inactive|k2kaytwo has 60 seconds left.
|
|t:|1743893983
|switch|p1a: Iron Moth|Iron Moth|39/100
|move|p2a: Salt Gargler|Recover|p2a: Salt Gargler
|-heal|p2a: Salt Gargler|100/100
|
|upkeep
|turn|34
|
|t:|1743894002
|move|p1a: Iron Moth|Sludge Wave|p2a: Salt Gargler
|-damage|p2a: Salt Gargler|67/100
|move|p2a: Salt Gargler|Salt Cure|p1a: Iron Moth
|-supereffective|p1a: Iron Moth
|-damage|p1a: Iron Moth|0 fnt
|faint|p1a: Iron Moth
|-end|p1a: Iron Moth|Quark Drive|[silent]
|
|-heal|p2a: Salt Gargler|73/100|[from] item: Leftovers
|upkeep
|
|t:|1743894010
|switch|p1a: Gholdengo|Gholdengo|10/100
|turn|35
|
|t:|1743894016
|move|p1a: Gholdengo|Trick|p2a: Salt Gargler
|-activate|p1a: Gholdengo|move: Trick|[of] p2a: Salt Gargler
|-item|p2a: Salt Gargler|Choice Scarf|[from] move: Trick
|-item|p1a: Gholdengo|Leftovers|[from] move: Trick
|move|p2a: Salt Gargler|Salt Cure|p1a: Gholdengo
|-resisted|p1a: Gholdengo
|-damage|p1a: Gholdengo|2/100
|-start|p1a: Gholdengo|Salt Cure
|
|-heal|p1a: Gholdengo|8/100|[from] item: Leftovers
|-damage|p1a: Gholdengo|0 fnt|[from] Salt Cure
|faint|p1a: Gholdengo
|upkeep
|
|t:|1743894025
|switch|p1a: Dragonite|Dragonite, M|39/100
|turn|36
|
|t:|1743894029
|move|p1a: Dragonite|Earthquake|p2a: Salt Gargler
|-damage|p2a: Salt Gargler|50/100
|move|p2a: Salt Gargler|Salt Cure|p1a: Dragonite
|-supereffective|p1a: Dragonite
|-damage|p1a: Dragonite|7/100
|-start|p1a: Dragonite|Salt Cure
|
|-damage|p1a: Dragonite|0 fnt|[from] Salt Cure
|faint|p1a: Dragonite
|
|win|Jmoneyzzzzz
|raw|k2kaytwo's rating: 1117 &rarr; <strong>1096</strong><br />(-21 for losing)
|raw|Jmoneyzzzzz's rating: 1174 &rarr; <strong>1195</strong><br />(+21 for winning)
|l|☆k2kaytwo
|player|p1|
