|j|☆rooberto.perezz
|j|☆alan456
|t:|1743784766
|gametype|singles
|player|p1|rooberto.perezz|170|1300
|player|p2|alan456|169|1326
|teamsize|p1|6
|teamsize|p2|6
|gen|9
|tier|[Gen 9] OU
|rated|
|rule|HP Percentage Mod: HP is shown in percentages
|rule|Endless Battle Clause: Forcing endless battles is banned
|rule|Species Clause: Limit one of each Pokémon
|rule|OHKO Clause: OHKO moves are banned
|rule|Evasion Items Clause: Evasion items are banned
|rule|Evasion Moves Clause: Evasion moves are banned
|rule|Sleep Moves Clause: Sleep-inducing moves are banned
|clearpoke
|poke|p1|Slaking, F|
|poke|p1|Inteleon, M|
|poke|p1|Dragapult, F|
|poke|p1|Great Tusk|
|poke|p1|Umbreon, F|
|poke|p1|Scizor, F|
|poke|p2|Staraptor, F|
|poke|p2|Serperior, F|
|poke|p2|Torterra, M|
|poke|p2|Mew|
|poke|p2|Corviknight, F|
|poke|p2|Ting-Lu|
|teampreview
|
|t:|1743784775
|start
|switch|p1a: Slaking|Slaking, F|100/100
|switch|p2a: Serperior|Serperior, F|100/100
|turn|1
|
|t:|1743784783
|switch|p2a: Corviknight|Corviknight, F|100/100
|-ability|p2a: Corviknight|Pressure
|move|p1a: Slaking|Gunk Shot|p2a: Corviknight
|-immune|p2a: Corviknight
|
|upkeep
|turn|2
|
|t:|1743784796
|switch|p1a: Great Tusk|Great Tusk|100/100
|-enditem|p1a: Great Tusk|Booster Energy
|-activate|p1a: Great Tusk|ability: Protosynthesis|[fromitem]
|-start|p1a: Great Tusk|protosynthesisatk
|move|p2a: Corviknight|U-turn|p1a: Great Tusk
|-resisted|p1a: Great Tusk
|-damage|p1a: Great Tusk|96/100
|
|t:|1743784811
|switch|p2a: Staraptor|Staraptor, F|100/100|[from] U-turn
|
|upkeep
|turn|3
|
|t:|1743784817
|-terastallize|p1a: Great Tusk|Ice
|move|p2a: Staraptor|U-turn|p1a: Great Tusk
|-damage|p1a: Great Tusk|80/100
|
|t:|1743784821
|switch|p2a: Corviknight|Corviknight, F|100/100|[from] U-turn
|-ability|p2a: Corviknight|Pressure
|move|p1a: Great Tusk|Ice Spinner|p2a: Corviknight
|-damage|p2a: Corviknight|64/100
|-damage|p1a: Great Tusk|63/100|[from] item: Rocky Helmet|[of] p2a: Corviknight
|
|upkeep
|turn|4
|
|t:|1743784829
|move|p1a: Great Tusk|Stealth Rock|p2a: Corviknight
|-sidestart|p2: alan456|move: Stealth Rock
|move|p2a: Corviknight|Roost|p2a: Corviknight
|-heal|p2a: Corviknight|100/100
|-singleturn|p2a: Corviknight|move: Roost
|
|upkeep
|turn|5
|
|t:|1743784845
|-end|p1a: Great Tusk|Protosynthesis|[silent]
|switch|p1a: Dragapult|Dragapult, F|100/100
|move|p2a: Corviknight|Defog|p1a: Dragapult
|-unboost|p1a: Dragapult|evasion|1
|-sideend|p2: alan456|Stealth Rock|[from] move: Defog|[of] p2a: Corviknight
|
|upkeep
|turn|6
|
|t:|1743784857
|switch|p2a: Ting-Lu|Ting-Lu|100/100
|-ability|p2a: Ting-Lu|Vessel of Ruin
|move|p1a: Dragapult|Fire Blast|p2a: Ting-Lu
|-damage|p2a: Ting-Lu|81/100
|
|-heal|p2a: Ting-Lu|87/100|[from] item: Leftovers
|upkeep
|turn|7
|
|t:|1743784872
|switch|p1a: Inteleon|Inteleon, M|100/100
|move|p2a: Ting-Lu|Ruination|p1a: Inteleon
|-damage|p1a: Inteleon|51/100
|
|-heal|p2a: Ting-Lu|94/100|[from] item: Leftovers
|upkeep
|turn|8
|
|t:|1743784879
|move|p1a: Inteleon|Snipe Shot|p2a: Ting-Lu
|-supereffective|p2a: Ting-Lu
|-damage|p2a: Ting-Lu|58/100
|move|p2a: Ting-Lu|Earthquake|p1a: Inteleon
|-damage|p1a: Inteleon|0 fnt
|faint|p1a: Inteleon
|
|-heal|p2a: Ting-Lu|65/100|[from] item: Leftovers
|upkeep
|
|t:|1743784893
|switch|p1a: Umbreon|Umbreon, F|100/100
|turn|9
|
|t:|1743784901
|move|p1a: Umbreon|Calm Mind|p1a: Umbreon
|-boost|p1a: Umbreon|spa|1
|-boost|p1a: Umbreon|spd|1
|move|p2a: Ting-Lu|Ruination|p1a: Umbreon
|-damage|p1a: Umbreon|51/100
|
|-heal|p1a: Umbreon|57/100|[from] item: Leftovers
|-heal|p2a: Ting-Lu|71/100|[from] item: Leftovers
|upkeep
|turn|10
|
|t:|1743784912
|switch|p2a: Serperior|Serperior, F|100/100
|move|p1a: Umbreon|Alluring Voice|p2a: Serperior
|-damage|p2a: Serperior|72/100
|
|-heal|p2a: Serperior|78/100|[from] item: Leftovers
|-heal|p1a: Umbreon|63/100|[from] item: Leftovers
|upkeep
|turn|11
|
|t:|1743784920
|move|p2a: Serperior|Leech Seed|p1a: Umbreon
|-start|p1a: Umbreon|move: Leech Seed
|move|p1a: Umbreon|Dark Pulse|p2a: Serperior
|-damage|p2a: Serperior|41/100
|
|-heal|p2a: Serperior|47/100|[from] item: Leftovers
|-heal|p1a: Umbreon|69/100|[from] item: Leftovers
|-damage|p1a: Umbreon|56/100|[from] Leech Seed|[of] p2a: Serperior
|-heal|p2a: Serperior|60/100|[silent]
|upkeep
|turn|12
|
|t:|1743784930
|switch|p1a: Great Tusk|Great Tusk, tera:Ice|63/100
|move|p2a: Serperior|Substitute|p2a: Serperior
|-start|p2a: Serperior|Substitute
|-damage|p2a: Serperior|35/100
|
|-heal|p2a: Serperior|41/100|[from] item: Leftovers
|upkeep
|turn|13
|
|t:|1743784938
|move|p2a: Serperior|Leech Seed|p1a: Great Tusk
|-start|p1a: Great Tusk|move: Leech Seed
|move|p1a: Great Tusk|Ice Spinner|p2a: Serperior
|-supereffective|p2a: Serperior
|-end|p2a: Serperior|Substitute
|
|-heal|p2a: Serperior|48/100|[from] item: Leftovers
|-damage|p1a: Great Tusk|51/100|[from] Leech Seed|[of] p2a: Serperior
|-heal|p2a: Serperior|62/100|[silent]
|upkeep
|turn|14
|
|t:|1743784948
|switch|p2a: Corviknight|Corviknight, F|100/100
|-ability|p2a: Corviknight|Pressure
|-end|p1a: Great Tusk|Protosynthesis|[silent]
|switch|p1a: Dragapult|Dragapult, F|100/100
|
|upkeep
|turn|15
|
|t:|1743784956
|switch|p2a: Ting-Lu|Ting-Lu|71/100
|-ability|p2a: Ting-Lu|Vessel of Ruin
|move|p1a: Dragapult|Draco Meteor|p2a: Ting-Lu
|-damage|p2a: Ting-Lu|34/100
|-unboost|p1a: Dragapult|spa|2
|
|-heal|p2a: Ting-Lu|41/100|[from] item: Leftovers
|upkeep
|turn|16
|
|t:|1743784966
|switch|p1a: Slaking|Slaking, F|100/100
|move|p2a: Ting-Lu|Earthquake|p1a: Slaking
|-damage|p1a: Slaking|70/100
|
|-heal|p1a: Slaking|76/100|[from] item: Leftovers
|-heal|p2a: Ting-Lu|47/100|[from] item: Leftovers
|upkeep
|turn|17
|
|t:|1743784976
|switch|p2a: Corviknight|Corviknight, F|100/100
|-ability|p2a: Corviknight|Pressure
|move|p1a: Slaking|Drain Punch|p2a: Corviknight
|-damage|p2a: Corviknight|84/100
|-heal|p1a: Slaking|83/100|[from] drain|[of] p2a: Corviknight
|-damage|p1a: Slaking|67/100|[from] item: Rocky Helmet|[of] p2a: Corviknight
|
|-heal|p1a: Slaking|73/100|[from] item: Leftovers
|upkeep
|turn|18
|
|t:|1743784990
|switch|p1a: Scizor|Scizor, F|100/100
|move|p2a: Corviknight|U-turn|p1a: Scizor
|-resisted|p1a: Scizor
|-damage|p1a: Scizor|93/100
|
|t:|1743785008
|switch|p2a: Staraptor|Staraptor, F|100/100|[from] U-turn
|
|upkeep
|turn|19
|
|t:|1743785014
|move|p2a: Staraptor|Brave Bird|p1a: Scizor
|-damage|p1a: Scizor|12/100
|-damage|p2a: Staraptor|71/100|[from] Recoil
|move|p1a: Scizor|Swords Dance|p1a: Scizor
|-boost|p1a: Scizor|atk|2
|
|upkeep
|turn|20
|
|t:|1743785026
|switch|p2a: Corviknight|Corviknight, F|84/100
|-ability|p2a: Corviknight|Pressure
|move|p1a: Scizor|Bullet Punch|p2a: Corviknight
|-resisted|p2a: Corviknight
|-damage|p2a: Corviknight|56/100
|-damage|p1a: Scizor|0 fnt|[from] item: Rocky Helmet|[of] p2a: Corviknight
|faint|p1a: Scizor
|
|upkeep
|
|t:|1743785036
|switch|p1a: Dragapult|Dragapult, F|100/100
|turn|21
|
|t:|1743785044
|switch|p2a: Serperior|Serperior, F|62/100
|move|p1a: Dragapult|Fire Blast|p2a: Serperior
|-supereffective|p2a: Serperior
|-damage|p2a: Serperior|0 fnt
|faint|p2a: Serperior
|
|upkeep
|
|t:|1743785046
|switch|p2a: Corviknight|Corviknight, F|56/100
|-ability|p2a: Corviknight|Pressure
|turn|22
|
|t:|1743785054
|switch|p2a: Ting-Lu|Ting-Lu|47/100
|-ability|p2a: Ting-Lu|Vessel of Ruin
|move|p1a: Dragapult|Fire Blast|p2a: Ting-Lu
|-damage|p2a: Ting-Lu|26/100
|
|-heal|p2a: Ting-Lu|32/100|[from] item: Leftovers
|upkeep
|turn|23
|
|t:|1743785065
|switch|p2a: Corviknight|Corviknight, F|56/100
|-ability|p2a: Corviknight|Pressure
|move|p1a: Dragapult|Fire Blast|p2a: Corviknight|[miss]
|-miss|p1a: Dragapult|p2a: Corviknight
|
|upkeep
|turn|24
|
|t:|1743785072
|switch|p2a: Ting-Lu|Ting-Lu|32/100
|-ability|p2a: Ting-Lu|Vessel of Ruin
|move|p1a: Dragapult|Fire Blast|p2a: Ting-Lu|[miss]
|-miss|p1a: Dragapult|p2a: Ting-Lu
|
|-heal|p2a: Ting-Lu|38/100|[from] item: Leftovers
|upkeep
|turn|25
|
|t:|1743785080
|move|p1a: Dragapult|Fire Blast|p2a: Ting-Lu
|-damage|p2a: Ting-Lu|18/100
|move|p2a: Ting-Lu|Earthquake|p1a: Dragapult
|-damage|p1a: Dragapult|49/100
|
|-heal|p2a: Ting-Lu|24/100|[from] item: Leftovers
|upkeep
|turn|26
|
|t:|1743785089
|switch|p1a: Great Tusk|Great Tusk, tera:Ice|51/100
|move|p2a: Ting-Lu|Earthquake|p1a: Great Tusk
|-damage|p1a: Great Tusk|26/100
|
|-heal|p2a: Ting-Lu|31/100|[from] item: Leftovers
|upkeep
|turn|27
|
|t:|1743785096
|switch|p2a: Corviknight|Corviknight, F|56/100
|-ability|p2a: Corviknight|Pressure
|move|p1a: Great Tusk|Headlong Rush|p2a: Corviknight
|-immune|p2a: Corviknight
|
|upkeep
|turn|28
|
|t:|1743785103
|move|p1a: Great Tusk|Ice Spinner|p2a: Corviknight
|-damage|p2a: Corviknight|29/100
|-damage|p1a: Great Tusk|10/100|[from] item: Rocky Helmet|[of] p2a: Corviknight
|move|p2a: Corviknight|Roost|p2a: Corviknight
|-heal|p2a: Corviknight|79/100
|-singleturn|p2a: Corviknight|move: Roost
|
|upkeep
|turn|29
|
|t:|1743785112
|-end|p1a: Great Tusk|Protosynthesis|[silent]
|switch|p1a: Dragapult|Dragapult, F|49/100
|move|p2a: Corviknight|Roost|p2a: Corviknight
|-heal|p2a: Corviknight|100/100
|-singleturn|p2a: Corviknight|move: Roost
|
|upkeep
|turn|30
|
|t:|1743785118
|switch|p2a: Ting-Lu|Ting-Lu|31/100
|-ability|p2a: Ting-Lu|Vessel of Ruin
|move|p1a: Dragapult|Fire Blast|p2a: Ting-Lu
|-damage|p2a: Ting-Lu|11/100
|
|-heal|p2a: Ting-Lu|18/100|[from] item: Leftovers
|upkeep
|turn|31
|
|t:|1743785136
|switch|p1a: Great Tusk|Great Tusk, tera:Ice|10/100
|move|p2a: Ting-Lu|Earthquake|p1a: Great Tusk
|-damage|p1a: Great Tusk|0 fnt
|faint|p1a: Great Tusk
|-end|p1a: Great Tusk|Protosynthesis|[silent]
|
|-heal|p2a: Ting-Lu|24/100|[from] item: Leftovers
|upkeep
|
|t:|1743785145
|switch|p1a: Slaking|Slaking, F|73/100
|turn|32
|inactive|Battle timer is ON: inactive players will automatically lose when time's up. (requested by rooberto.perezz)
|
|t:|1743785160
|switch|p1a: Dragapult|Dragapult, F|49/100
|switch|p2a: Corviknight|Corviknight, F|100/100
|-ability|p2a: Corviknight|Pressure
|
|upkeep
|turn|33
|
|t:|1743785171
|move|p1a: Dragapult|Thunderbolt|p2a: Corviknight
|-supereffective|p2a: Corviknight
|-damage|p2a: Corviknight|25/100
|move|p2a: Corviknight|Brave Bird|p1a: Dragapult
|-damage|p1a: Dragapult|0 fnt
|faint|p1a: Dragapult
|-damage|p2a: Corviknight|12/100|[from] Recoil
|
|upkeep
|
|t:|1743785179
|switch|p1a: Slaking|Slaking, F|73/100
|turn|34
|
|t:|1743785190
|move|p1a: Slaking|Giga Impact|p2a: Corviknight
|-resisted|p2a: Corviknight
|-damage|p2a: Corviknight|0 fnt
|-mustrecharge|p1a: Slaking
|-damage|p1a: Slaking|57/100|[from] item: Rocky Helmet|[of] p2a: Corviknight
|faint|p2a: Corviknight
|
|-heal|p1a: Slaking|63/100|[from] item: Leftovers
|upkeep
|
|t:|1743785194
|switch|p2a: Torterra|Torterra, M|100/100
|turn|35
|
|t:|1743785207
|cant|p1a: Slaking|recharge
|move|p2a: Torterra|Shell Smash|p2a: Torterra
|-unboost|p2a: Torterra|def|1
|-unboost|p2a: Torterra|spd|1
|-boost|p2a: Torterra|atk|2
|-boost|p2a: Torterra|spa|2
|-boost|p2a: Torterra|spe|2
|
|-heal|p1a: Slaking|69/100|[from] item: Leftovers
|upkeep
|turn|36
|
|t:|1743785218
|move|p2a: Torterra|Bullet Seed|p1a: Slaking
|-damage|p1a: Slaking|51/100
|-damage|p1a: Slaking|33/100
|-damage|p1a: Slaking|15/100
|-damage|p1a: Slaking|0 fnt
|faint|p1a: Slaking
|-hitcount|p1: Slaking|4
|
|upkeep
|-message|rooberto.perezz forfeited.
|
|win|alan456
|raw|rooberto.perezz's rating: 1300 &rarr; <strong>1277</strong><br />(-23 for losing)
|raw|alan456's rating: 1326 &rarr; <strong>1345</strong><br />(+19 for winning)
|l|☆rooberto.perezz
|player|p1|
|l|☆alan456
|player|p2|
