|j|☆dajiangbanlema
|j|☆MY爱莉希雅SAMA
|t:|1743928286
|gametype|singles
|player|p1|dajiangbanlema|101|1652
|player|p2|MY爱莉希雅SAMA|lacey|1629
|teamsize|p1|6
|teamsize|p2|6
|gen|9
|tier|[Gen 9] OU
|rated|
|rule|HP Percentage Mod: HP is shown in percentages
|rule|Endless Battle Clause: Forcing endless battles is banned
|rule|Species Clause: Limit one of each Pokémon
|rule|OHKO Clause: OHKO moves are banned
|rule|Evasion Items Clause: Evasion items are banned
|rule|Evasion Moves Clause: Evasion moves are banned
|rule|Sleep Moves Clause: Sleep-inducing moves are banned
|clearpoke
|poke|p1|Ninetales, F|
|poke|p1|Walking Wake|
|poke|p1|Tornadus, M|
|poke|p1|Great Tusk|
|poke|p1|Cinderace, M|
|poke|p1|Glimmora, M|
|poke|p2|Glimmora, M|
|poke|p2|Zamazenta-*|
|poke|p2|Latias, F|
|poke|p2|Gholdengo|
|poke|p2|Dragonite, F|
|poke|p2|Weavile, M|
|teampreview
|
|t:|1743928304
|start
|switch|p1a: Cinderace|Cinderace, M|100/100
|switch|p2a: Weavile|Weavile, M|100/100
|turn|1
|
|t:|1743928309
|switch|p2a: Glimmora|Glimmora, M|100/100
|move|p1a: Cinderace|Pyro Ball|p2a: Glimmora
|-resisted|p2a: Glimmora
|-damage|p2a: Glimmora|59/100
|-activate|p2a: Glimmora|ability: Toxic Debris
|-sidestart|p1: dajiangbanlema|move: Toxic Spikes
|-enditem|p2a: Glimmora|Red Card|[of] p1a: Cinderace
|drag|p1a: Glimmora|Glimmora, M|100/100
|-sideend|p1: dajiangbanlema|move: Toxic Spikes|[of] p1a: Glimmora
|
|upkeep
|turn|2
|
|t:|1743928318
|move|p1a: Glimmora|Rock Polish|p1a: Glimmora
|-boost|p1a: Glimmora|spe|2
|move|p2a: Glimmora|Earth Power|p1a: Glimmora
|-supereffective|p1a: Glimmora
|-damage|p1a: Glimmora|0 fnt
|faint|p1a: Glimmora
|
|upkeep
|
|t:|1743928323
|switch|p1a: Walking Wake|Walking Wake|100/100
|turn|3
|
|t:|1743928330
|switch|p2a: Gholdengo|Gholdengo|100/100
|move|p1a: Walking Wake|Hydro Steam|p2a: Gholdengo
|-crit|p2a: Gholdengo
|-damage|p2a: Gholdengo|25/100
|
|upkeep
|turn|4
|-enditem|p2a: Gholdengo|Custap Berry|[eat]
|-activate|p2a: Gholdengo|item: Custap Berry|[consumed]
|
|t:|1743928339
|-end|p1a: Walking Wake|Protosynthesis|[silent]
|switch|p1a: Ninetales|Ninetales, F|100/100
|-weather|SunnyDay|[from] ability: Drought|[of] p1a: Ninetales
|move|p2a: Gholdengo|Dazzling Gleam|p1a: Ninetales
|-resisted|p1a: Ninetales
|-damage|p1a: Ninetales|85/100
|
|-weather|SunnyDay|[upkeep]
|upkeep
|turn|5
|j| LoodewhX
|l| LoodewhX
|
|t:|1743928347
|switch|p1a: Tornadus|Tornadus, M|100/100
|move|p2a: Gholdengo|Shadow Ball|p1a: Tornadus
|-damage|p1a: Tornadus|60/100
|-enditem|p1a: Tornadus|Eject Button
|
|t:|1743928353
|switch|p1a: Walking Wake|Walking Wake|100/100
|-activate|p1a: Walking Wake|ability: Protosynthesis
|-start|p1a: Walking Wake|protosynthesisspa
|
|-weather|SunnyDay|[upkeep]
|upkeep
|turn|6
|
|t:|1743928359
|move|p1a: Walking Wake|Hydro Steam|p2a: Gholdengo
|-damage|p2a: Gholdengo|0 fnt
|faint|p2a: Gholdengo
|
|-weather|SunnyDay|[upkeep]
|upkeep
|
|t:|1743928364
|switch|p2a: Latias|Latias, F|100/100
|turn|7
|
|t:|1743928369
|-end|p1a: Walking Wake|Protosynthesis|[silent]
|switch|p1a: Cinderace|Cinderace, M|100/100
|move|p2a: Latias|Calm Mind|p2a: Latias
|-boost|p2a: Latias|spa|1
|-boost|p2a: Latias|spd|1
|
|-weather|SunnyDay|[upkeep]
|upkeep
|turn|8
|
|t:|1743928373
|switch|p2a: Glimmora|Glimmora, M|59/100
|move|p1a: Cinderace|Pyro Ball|p2a: Glimmora
|-resisted|p2a: Glimmora
|-damage|p2a: Glimmora|1/100
|-activate|p2a: Glimmora|ability: Toxic Debris
|-sidestart|p1: dajiangbanlema|move: Toxic Spikes
|
|-weather|SunnyDay|[upkeep]
|upkeep
|turn|9
|
|t:|1743928378
|move|p1a: Cinderace|Pyro Ball|p2a: Glimmora
|-resisted|p2a: Glimmora
|-damage|p2a: Glimmora|0 fnt
|-activate|p2a: Glimmora|ability: Toxic Debris
|-sidestart|p1: dajiangbanlema|move: Toxic Spikes
|faint|p2a: Glimmora
|
|-weather|SunnyDay|[upkeep]
|upkeep
|
|t:|1743928385
|switch|p2a: Dragonite|Dragonite, F|100/100
|turn|10
|
|t:|1743928387
|switch|p1a: Great Tusk|Great Tusk|100/100
|-status|p1a: Great Tusk|tox
|-activate|p1a: Great Tusk|ability: Protosynthesis
|-start|p1a: Great Tusk|protosynthesisatk
|move|p2a: Dragonite|Dragon Dance|p2a: Dragonite
|-boost|p2a: Dragonite|atk|1
|-boost|p2a: Dragonite|spe|1
|
|-weather|SunnyDay|[upkeep]
|-damage|p1a: Great Tusk|94/100 tox|[from] psn
|upkeep
|turn|11
|
|t:|1743928402
|-terastallize|p2a: Dragonite|Normal
|move|p2a: Dragonite|Dragon Dance|p2a: Dragonite
|-boost|p2a: Dragonite|atk|1
|-boost|p2a: Dragonite|spe|1
|move|p1a: Great Tusk|Ice Spinner|p2a: Dragonite
|-damage|p2a: Dragonite|70/100
|-damage|p1a: Great Tusk|84/100 tox|[from] item: Life Orb
|
|-weather|none
|-end|p1a: Great Tusk|Protosynthesis
|-damage|p1a: Great Tusk|72/100 tox|[from] psn
|upkeep
|turn|12
|
|t:|1743928410
|move|p2a: Dragonite|Ice Spinner|p1a: Great Tusk
|-supereffective|p1a: Great Tusk
|-damage|p1a: Great Tusk|0 fnt
|faint|p1a: Great Tusk
|-end|p1a: Great Tusk|Protosynthesis|[silent]
|
|upkeep
|j| ND dmemenrn
|
|t:|1743928416
|switch|p1a: Walking Wake|Walking Wake|100/100
|-status|p1a: Walking Wake|tox
|turn|13
|
|t:|1743928423
|move|p2a: Dragonite|Extreme Speed|p1a: Walking Wake
|-damage|p1a: Walking Wake|0 fnt
|faint|p1a: Walking Wake
|-end|p1a: Walking Wake|Protosynthesis|[silent]
|
|upkeep
|j| majorrelic
|-message|dajiangbanlema forfeited.
|
|win|MY爱莉希雅SAMA
|raw|dajiangbanlema's rating: 1652 &rarr; <strong>1631</strong><br />(-21 for losing)
|raw|MY爱莉希雅SAMA's rating: 1629 &rarr; <strong>1650</strong><br />(+21 for winning)
|c|☆MY爱莉希雅SAMA|QWQ
|l|☆dajiangbanlema
|player|p1|
|l| ND dmemenrn
|l|☆MY爱莉希雅SAMA
|player|p2|
