|j|☆Futz1
|j|☆impotent wretch
|t:|1743869066
|gametype|singles
|player|p1|Futz1|iris|1518
|player|p2|impotent wretch|265|1572
|teamsize|p1|6
|teamsize|p2|6
|gen|9
|tier|[Gen 9] OU
|rated|
|rule|HP Percentage Mod: HP is shown in percentages
|rule|Endless Battle Clause: Forcing endless battles is banned
|rule|Species Clause: Limit one of each Pokémon
|rule|OHKO Clause: OHKO moves are banned
|rule|Evasion Items Clause: Evasion items are banned
|rule|Evasion Moves Clause: Evasion moves are banned
|rule|Sleep Moves Clause: Sleep-inducing moves are banned
|clearpoke
|poke|p1|Landorus-Therian, M|
|poke|p1|Pawmot, M|
|poke|p1|Ogerpon-Wellspring, F|
|poke|p1|Heatran, M|
|poke|p1|Clefable, M|
|poke|p1|Iron Valiant|
|poke|p2|Deoxys-Speed|
|poke|p2|Cinderace, M|
|poke|p2|Tinkaton, F|
|poke|p2|Rotom-Wash|
|poke|p2|Gliscor, F|
|poke|p2|Kommo-o, M|
|teampreview
|
|t:|1743869084
|start
|switch|p1a: Pawmot|Pawmot, M|100/100
|switch|p2a: Cinderace|Cinderace, M|100/100
|turn|1
|
|t:|1743869102
|switch|p2a: Gliscor|Gliscor, F|100/100
|move|p1a: Pawmot|Close Combat|p2a: Gliscor
|-resisted|p2a: Gliscor
|-damage|p2a: Gliscor|79/100
|-unboost|p1a: Pawmot|def|1
|-unboost|p1a: Pawmot|spd|1
|
|-status|p2a: Gliscor|tox|[from] item: Toxic Orb
|upkeep
|turn|2
|
|t:|1743869116
|switch|p1a: Ogerpon|Ogerpon-Wellspring, F|100/100
|move|p2a: Gliscor|Protect||[still]
|-fail|p2a: Gliscor
|
|-heal|p2a: Gliscor|91/100 tox|[from] ability: Poison Heal
|upkeep
|turn|3
|
|t:|1743869125
|switch|p2a: Kommo-o|Kommo-o, M|100/100
|move|p1a: Ogerpon|Ivy Cudgel|p2a: Kommo-o|[anim] Ivy Cudgel Water
|-resisted|p2a: Kommo-o
|-damage|p2a: Kommo-o|69/100
|
|upkeep
|turn|4
|
|t:|1743869132
|move|p1a: Ogerpon|U-turn|p2a: Kommo-o
|-resisted|p2a: Kommo-o
|-damage|p2a: Kommo-o|53/100
|
|t:|1743869136
|switch|p1a: Clefable|Clefable, M|100/100|[from] U-turn
|move|p2a: Kommo-o|Drain Punch|p1a: Clefable
|-resisted|p1a: Clefable
|-crit|p1a: Clefable
|-damage|p1a: Clefable|84/100
|-heal|p2a: Kommo-o|65/100|[from] drain|[of] p1a: Clefable
|-damage|p2a: Kommo-o|48/100|[from] item: Rocky Helmet|[of] p1a: Clefable
|
|upkeep
|turn|5
|
|t:|1743869149
|switch|p2a: Cinderace|Cinderace, M|100/100
|switch|p1a: Ogerpon|Ogerpon-Wellspring, F|100/100
|
|upkeep
|turn|6
|
|t:|1743869158
|switch|p1a: Heatran|Heatran, M|100/100
|move|p2a: Cinderace|Gunk Shot|p1a: Heatran
|-start|p2a: Cinderace|typechange|Poison|[from] ability: Libero
|-immune|p1a: Heatran
|
|upkeep
|turn|7
|
|t:|1743869163
|move|p2a: Cinderace|U-turn|p1a: Heatran
|-resisted|p1a: Heatran
|-damage|p1a: Heatran|96/100
|inactive|Battle timer is ON: inactive players will automatically lose when time's up. (requested by Futz1)
|
|t:|1743869172
|switch|p2a: Kommo-o|Kommo-o, M|48/100|[from] U-turn
|move|p1a: Heatran|Stealth Rock|p2a: Kommo-o
|-sidestart|p2: impotent wretch|move: Stealth Rock
|
|-heal|p1a: Heatran|100/100|[from] item: Leftovers
|upkeep
|turn|8
|
|t:|1743869181
|switch|p2a: Tinkaton|Tinkaton, F|100/100
|-damage|p2a: Tinkaton|94/100|[from] Stealth Rock
|-item|p2a: Tinkaton|Air Balloon
|switch|p1a: Clefable|Clefable, M|84/100
|
|upkeep
|turn|9
|
|t:|1743869199
|move|p2a: Tinkaton|Thunder Wave|p1a: Clefable
|-status|p1a: Clefable|par
|move|p1a: Clefable|Thunder Wave|p2a: Tinkaton
|-status|p2a: Tinkaton|par
|
|upkeep
|turn|10
|
|t:|1743869206
|switch|p1a: Ogerpon|Ogerpon-Wellspring, F|100/100
|move|p2a: Tinkaton|Stealth Rock|p1a: Ogerpon
|-sidestart|p1: Futz1|move: Stealth Rock
|
|upkeep
|turn|11
|
|t:|1743869214
|move|p1a: Ogerpon|U-turn|p2a: Tinkaton
|-resisted|p2a: Tinkaton
|-damage|p2a: Tinkaton|85/100 par
|-enditem|p2a: Tinkaton|Air Balloon
|
|t:|1743869224
|switch|p1a: Landorus|Landorus-Therian, M|100/100|[from] U-turn
|-damage|p1a: Landorus|88/100|[from] Stealth Rock
|-ability|p1a: Landorus|Intimidate|boost
|-unboost|p2a: Tinkaton|atk|1
|move|p2a: Tinkaton|Thunder Wave|p1a: Landorus
|-immune|p1a: Landorus
|
|upkeep
|turn|12
|
|t:|1743869231
|switch|p2a: Gliscor|Gliscor, F|91/100 tox
|-damage|p2a: Gliscor|79/100 tox|[from] Stealth Rock
|move|p1a: Landorus|U-turn|p2a: Gliscor
|-resisted|p2a: Gliscor
|-damage|p2a: Gliscor|64/100 tox
|
|t:|1743869236
|switch|p1a: Ogerpon|Ogerpon-Wellspring, F|100/100|[from] U-turn
|-damage|p1a: Ogerpon|88/100|[from] Stealth Rock
|
|-heal|p2a: Gliscor|77/100 tox|[from] ability: Poison Heal
|upkeep
|turn|13
|
|t:|1743869243
|switch|p2a: Kommo-o|Kommo-o, M|48/100
|-damage|p2a: Kommo-o|42/100|[from] Stealth Rock
|move|p1a: Ogerpon|Ivy Cudgel|p2a: Kommo-o|[anim] Ivy Cudgel Water
|-resisted|p2a: Kommo-o
|-damage|p2a: Kommo-o|13/100
|
|upkeep
|turn|14
|
|t:|1743869247
|move|p1a: Ogerpon|Horn Leech|p2a: Kommo-o
|-resisted|p2a: Kommo-o
|-damage|p2a: Kommo-o|0 fnt
|-heal|p1a: Ogerpon|94/100|[from] drain|[of] p2a: Kommo-o
|faint|p2a: Kommo-o
|
|upkeep
|
|t:|1743869262
|switch|p2a: Deoxys|Deoxys-Speed|100/100
|-damage|p2a: Deoxys|88/100|[from] Stealth Rock
|-ability|p2a: Deoxys|Pressure
|turn|15
|j| lowladderubersnoob
|
|t:|1743869292
|-terastallize|p1a: Ogerpon|Water
|detailschange|p1a: Ogerpon|Ogerpon-Wellspring-Tera, F, tera:Water
|-ability|p1a: Ogerpon|Embody Aspect (Wellspring)|boost
|-boost|p1a: Ogerpon|spd|1
|move|p2a: Deoxys|Psycho Boost|p1a: Ogerpon
|-damage|p1a: Ogerpon|24/100
|-unboost|p2a: Deoxys|spa|2
|-damage|p2a: Deoxys|78/100|[from] item: Life Orb
|move|p1a: Ogerpon|Ivy Cudgel|p2a: Deoxys|[anim] Ivy Cudgel Water
|-crit|p2a: Deoxys
|-damage|p2a: Deoxys|0 fnt
|faint|p2a: Deoxys
|
|upkeep
|
|t:|1743869297
|switch|p2a: Cinderace|Cinderace, M|100/100
|turn|16
|
|t:|1743869306
|switch|p1a: Heatran|Heatran, M|100/100
|-damage|p1a: Heatran|88/100|[from] Stealth Rock
|move|p2a: Cinderace|U-turn|p1a: Heatran
|-start|p2a: Cinderace|typechange|Bug|[from] ability: Libero
|-resisted|p1a: Heatran
|-damage|p1a: Heatran|81/100
|
|t:|1743869311
|switch|p2a: Gliscor|Gliscor, F|77/100 tox|[from] U-turn
|-damage|p2a: Gliscor|64/100 tox|[from] Stealth Rock
|
|-heal|p1a: Heatran|88/100|[from] item: Leftovers
|-heal|p2a: Gliscor|77/100 tox|[from] ability: Poison Heal
|upkeep
|turn|17
|
|t:|1743869316
|switch|p1a: Clefable|Clefable, M|84/100 par
|move|p2a: Gliscor|Earthquake|p1a: Clefable
|-damage|p1a: Clefable|60/100 par
|
|-heal|p2a: Gliscor|89/100 tox|[from] ability: Poison Heal
|upkeep
|turn|18
|
|t:|1743869325
|switch|p2a: Tinkaton|Tinkaton, F|85/100 par
|-damage|p2a: Tinkaton|79/100 par|[from] Stealth Rock
|cant|p1a: Clefable|par
|
|upkeep
|turn|19
|
|t:|1743869331
|switch|p2a: Gliscor|Gliscor, F|89/100 tox
|-damage|p2a: Gliscor|77/100 tox|[from] Stealth Rock
|move|p1a: Clefable|Moonlight|p1a: Clefable
|-heal|p1a: Clefable|100/100 par
|
|-heal|p2a: Gliscor|89/100 tox|[from] ability: Poison Heal
|upkeep
|turn|20
|
|t:|1743869336
|switch|p2a: Tinkaton|Tinkaton, F|79/100 par
|-damage|p2a: Tinkaton|73/100 par|[from] Stealth Rock
|move|p1a: Clefable|Moonblast|p2a: Tinkaton
|-resisted|p2a: Tinkaton
|-damage|p2a: Tinkaton|60/100 par
|-unboost|p2a: Tinkaton|spa|1
|
|upkeep
|turn|21
|j| bikingtotop100
|
|t:|1743869342
|switch|p2a: Gliscor|Gliscor, F|89/100 tox
|-damage|p2a: Gliscor|77/100 tox|[from] Stealth Rock
|move|p1a: Clefable|Moonlight|p1a: Clefable
|-fail|p1a: Clefable|heal
|
|-heal|p2a: Gliscor|89/100 tox|[from] ability: Poison Heal
|upkeep
|turn|22
|
|t:|1743869345
|switch|p2a: Tinkaton|Tinkaton, F|60/100 par
|-damage|p2a: Tinkaton|53/100 par|[from] Stealth Rock
|cant|p1a: Clefable|par
|
|upkeep
|turn|23
|l| bikingtotop100
|
|t:|1743869351
|switch|p2a: Gliscor|Gliscor, F|89/100 tox
|-damage|p2a: Gliscor|77/100 tox|[from] Stealth Rock
|move|p1a: Clefable|Moonlight|p1a: Clefable
|-fail|p1a: Clefable|heal
|
|-heal|p2a: Gliscor|89/100 tox|[from] ability: Poison Heal
|upkeep
|turn|24
|
|t:|1743869358
|switch|p2a: Tinkaton|Tinkaton, F|53/100 par
|-damage|p2a: Tinkaton|47/100 par|[from] Stealth Rock
|move|p1a: Clefable|Moonblast|p2a: Tinkaton
|-resisted|p2a: Tinkaton
|-damage|p2a: Tinkaton|34/100 par
|-unboost|p2a: Tinkaton|spa|1
|
|upkeep
|turn|25
|
|t:|1743869371
|move|p2a: Tinkaton|Gigaton Hammer|p1a: Clefable
|-supereffective|p1a: Clefable
|-damage|p1a: Clefable|25/100 par
|move|p1a: Clefable|Moonlight|p1a: Clefable
|-heal|p1a: Clefable|75/100 par
|
|upkeep
|turn|26
|
|t:|1743869386
|switch|p1a: Pawmot|Pawmot, M|100/100
|-damage|p1a: Pawmot|94/100|[from] Stealth Rock
|move|p2a: Tinkaton|Encore||[still]
|-fail|p2a: Tinkaton
|
|upkeep
|turn|27
|-message|impotent wretch forfeited.
|
|win|Futz1
|raw|Futz1's rating: 1518 &rarr; <strong>1541</strong><br />(+23 for winning)
|raw|impotent wretch's rating: 1572 &rarr; <strong>1549</strong><br />(-23 for losing)
|l|☆impotent wretch
|player|p2|
|l|☆Futz1
|player|p1|
|l| lowladderubersnoob
