|j|☆Vieilbisail
|j|☆CktheTruth
|t:|1743827646
|gametype|singles
|player|p1|Vieilbisail|rood|1095
|player|p2|CktheTruth|2|1156
|teamsize|p1|6
|teamsize|p2|6
|gen|9
|tier|[Gen 9] OU
|rated|
|rule|HP Percentage Mod: HP is shown in percentages
|rule|Endless Battle Clause: Forcing endless battles is banned
|rule|Species Clause: Limit one of each Pokémon
|rule|OHKO Clause: OHKO moves are banned
|rule|Evasion Items Clause: Evasion items are banned
|rule|Evasion Moves Clause: Evasion moves are banned
|rule|Sleep Moves Clause: Sleep-inducing moves are banned
|clearpoke
|poke|p1|Iron Valiant|
|poke|p1|Glimmora, M|
|poke|p1|Dragonite, M|
|poke|p1|Pecharunt|
|poke|p1|Great Tusk|
|poke|p1|Kingambit, F|
|poke|p2|Decidueye-Hisui, F|
|poke|p2|Zapdos|
|poke|p2|Slowking-Galar, F|
|poke|p2|Iron Treads|
|poke|p2|Dondozo, F|
|poke|p2|Weavile, M|
|teampreview
|inactive|Battle timer is ON: inactive players will automatically lose when time's up. (requested by CktheTruth)
|
|t:|1743827670
|start
|switch|p1a: Samwell|Dragonite, M|100/100
|switch|p2a: Iron Treads|Iron Treads|100/100
|turn|1
|
|t:|1743827682
|-terastallize|p1a: Samwell|Normal
|move|p2a: Iron Treads|Ice Spinner|p1a: Samwell
|-damage|p1a: Samwell|91/100
|move|p1a: Samwell|Earthquake|p2a: Iron Treads
|-supereffective|p2a: Iron Treads
|-damage|p2a: Iron Treads|39/100
|
|-heal|p2a: Iron Treads|45/100|[from] item: Leftovers
|upkeep
|turn|2
|
|t:|1743827702
|-end|p2a: Iron Treads|Quark Drive|[silent]
|switch|p2a: Dondozo|Dondozo, F|100/100
|move|p1a: Samwell|Extreme Speed|p2a: Dondozo
|-damage|p2a: Dondozo|81/100
|-damage|p1a: Samwell|74/100|[from] item: Rocky Helmet|[of] p2a: Dondozo
|
|upkeep
|turn|3
|
|t:|1743827710
|move|p1a: Samwell|Thunder|p2a: Dondozo|[miss]
|-miss|p1a: Samwell|p2a: Dondozo
|move|p2a: Dondozo|Body Press|p1a: Samwell
|-supereffective|p1a: Samwell
|-damage|p1a: Samwell|19/100
|
|upkeep
|turn|4
|
|t:|1743827739
|switch|p2a: Iron Treads|Iron Treads|45/100
|move|p1a: Samwell|Thunder|p2a: Iron Treads
|-immune|p2a: Iron Treads
|
|-heal|p2a: Iron Treads|51/100|[from] item: Leftovers
|upkeep
|turn|5
|
|t:|1743827749
|switch|p1a: Zaxesic|Glimmora, M, shiny|100/100
|move|p2a: Iron Treads|Knock Off|p1a: Zaxesic
|-damage|p1a: Zaxesic|79/100
|-damage|p2a: Iron Treads|34/100|[from] item: Rocky Helmet|[of] p1a: Zaxesic
|-activate|p1a: Zaxesic|ability: Toxic Debris
|-sidestart|p2: CktheTruth|move: Toxic Spikes
|-enditem|p1a: Zaxesic|Rocky Helmet|[from] move: Knock Off|[of] p2a: Iron Treads
|
|-heal|p2a: Iron Treads|40/100|[from] item: Leftovers
|upkeep
|turn|6
|inactive|CktheTruth has 120 seconds left.
|
|t:|1743827768
|-end|p2a: Iron Treads|Quark Drive|[silent]
|switch|p2a: Slowking|Slowking-Galar, F|100/100
|-sideend|p2: CktheTruth|move: Toxic Spikes|[of] p2a: Slowking
|move|p1a: Zaxesic|Earth Power|p2a: Slowking
|-supereffective|p2a: Slowking
|-damage|p2a: Slowking|71/100
|
|upkeep
|turn|7
|inactive|CktheTruth has 120 seconds left.
|
|t:|1743827781
|move|p1a: Zaxesic|Mortal Spin|p2a: Slowking
|-resisted|p2a: Slowking
|-damage|p2a: Slowking|68/100
|move|p2a: Slowking|Surf|p1a: Zaxesic
|-supereffective|p1a: Zaxesic
|-damage|p1a: Zaxesic|37/100
|
|upkeep
|turn|8
|
|t:|1743827798
|switch|p1a: Delivulg|Pecharunt|100/100
|move|p2a: Slowking|Surf|p1a: Delivulg
|-damage|p1a: Delivulg|79/100
|
|upkeep
|turn|9
|inactive|CktheTruth has 120 seconds left.
|
|t:|1743827827
|switch|p2a: Iron Treads|Iron Treads|40/100
|move|p1a: Delivulg|Foul Play|p2a: Iron Treads
|-damage|p2a: Iron Treads|23/100
|
|-heal|p2a: Iron Treads|29/100|[from] item: Leftovers
|upkeep
|turn|10
|
|t:|1743827836
|switch|p1a: Zaxesic|Glimmora, M, shiny|37/100
|move|p2a: Iron Treads|Stealth Rock|p1a: Zaxesic
|-sidestart|p1: Vieilbisail|move: Stealth Rock
|
|-heal|p2a: Iron Treads|35/100|[from] item: Leftovers
|upkeep
|turn|11
|inactive|CktheTruth has 120 seconds left.
|
|t:|1743827854
|-end|p2a: Iron Treads|Quark Drive|[silent]
|switch|p2a: Slowking|Slowking-Galar, F|100/100
|move|p1a: Zaxesic|Earth Power|p2a: Slowking
|-supereffective|p2a: Slowking
|-damage|p2a: Slowking|70/100
|
|upkeep
|turn|12
|
|t:|1743827867
|switch|p1a: Delivulg|Pecharunt|79/100
|move|p2a: Slowking|Thunder Wave|p1a: Delivulg
|-status|p1a: Delivulg|par
|
|upkeep
|turn|13
|
|t:|1743827875
|move|p1a: Delivulg|Foul Play|p2a: Slowking
|-supereffective|p2a: Slowking
|-damage|p2a: Slowking|43/100
|-prepare|p2a: Slowking|Chilly Reception|[premajor]
|move|p2a: Slowking|Chilly Reception|p2a: Slowking
|-weather|Snowscape
|
|t:|1743827898
|switch|p2a: Weavile|Weavile, M|100/100|[from] Chilly Reception
|-ability|p2a: Weavile|Pressure
|
|-weather|Snowscape|[upkeep]
|upkeep
|turn|14
|
|t:|1743827908
|move|p2a: Weavile|Swords Dance|p2a: Weavile
|-boost|p2a: Weavile|atk|2
|move|p1a: Delivulg|Parting Shot|p2a: Weavile
|-unboost|p2a: Weavile|atk|1
|-unboost|p2a: Weavile|spa|1
|
|t:|1743827917
|switch|p1a: Fyulapp|Iron Valiant|100/100|[from] Parting Shot
|-damage|p1a: Fyulapp|94/100|[from] Stealth Rock
|
|-weather|Snowscape|[upkeep]
|upkeep
|turn|15
|
|t:|1743827937
|move|p2a: Weavile|Triple Axel|p1a: Fyulapp
|-damage|p1a: Fyulapp|76/100
|-hitcount|p1a: Fyulapp|1
|move|p1a: Fyulapp|Aura Sphere|p2a: Weavile
|-supereffective|p2a: Weavile
|-damage|p2a: Weavile|0 fnt
|faint|p2a: Weavile
|
|-weather|Snowscape|[upkeep]
|upkeep
|inactive|CktheTruth has 90 seconds left.
|
|t:|1743827961
|switch|p2a: Zapdos|Zapdos, shiny|100/100
|turn|16
|inactive|CktheTruth has 90 seconds left.
|
|t:|1743827972
|-end|p1a: Fyulapp|Quark Drive|[silent]
|switch|p1a: Zaxesic|Glimmora, M, shiny|37/100
|-damage|p1a: Zaxesic|25/100|[from] Stealth Rock
|move|p2a: Zapdos|Hurricane|p1a: Zaxesic
|-resisted|p1a: Zaxesic
|-damage|p1a: Zaxesic|5/100
|
|-weather|Snowscape|[upkeep]
|upkeep
|turn|17
|inactive|CktheTruth has 90 seconds left.
|
|t:|1743827984
|switch|p2a: Iron Treads|Iron Treads|35/100
|move|p1a: Zaxesic|Smack Down|p2a: Iron Treads
|-resisted|p2a: Iron Treads
|-damage|p2a: Iron Treads|33/100
|
|-weather|none
|-heal|p2a: Iron Treads|39/100|[from] item: Leftovers
|upkeep
|turn|18
|
|t:|1743828003
|switch|p1a: Arkh|Great Tusk, shiny|100/100
|move|p2a: Iron Treads|Knock Off|p1a: Arkh
|-resisted|p1a: Arkh
|-damage|p1a: Arkh|92/100
|-enditem|p1a: Arkh|Heavy-Duty Boots|[from] move: Knock Off|[of] p2a: Iron Treads
|
|-heal|p2a: Iron Treads|45/100|[from] item: Leftovers
|upkeep
|turn|19
|inactive|CktheTruth has 90 seconds left.
|
|t:|1743828022
|-end|p2a: Iron Treads|Quark Drive|[silent]
|switch|p2a: Zapdos|Zapdos, shiny|100/100
|move|p1a: Arkh|Earthquake|p2a: Zapdos
|-immune|p2a: Zapdos
|
|upkeep
|turn|20
|
|t:|1743828029
|move|p1a: Arkh|Smack Down|p2a: Zapdos
|-supereffective|p2a: Zapdos
|-damage|p2a: Zapdos|78/100
|-start|p2a: Zapdos|Smack Down
|move|p2a: Zapdos|Hurricane|p1a: Arkh
|-supereffective|p1a: Arkh
|-damage|p1a: Arkh|0 fnt
|faint|p1a: Arkh
|-end|p1a: Arkh|Protosynthesis|[silent]
|
|upkeep
|
|t:|1743828040
|switch|p1a: Fyulapp|Iron Valiant|76/100
|-damage|p1a: Fyulapp|70/100|[from] Stealth Rock
|turn|21
|
|t:|1743828057
|switch|p2a: Slowking|Slowking-Galar, F|76/100
|move|p1a: Fyulapp|Aura Sphere|p2a: Slowking
|-resisted|p2a: Slowking
|-damage|p2a: Slowking|67/100
|
|upkeep
|turn|22
|
|t:|1743828069
|-end|p1a: Fyulapp|Quark Drive|[silent]
|switch|p1a: Cymbal|Kingambit, F, shiny|100/100
|-damage|p1a: Cymbal|94/100|[from] Stealth Rock
|-activate|p1a: Cymbal|ability: Supreme Overlord
|-start|p1a: Cymbal|fallen1|[silent]
|move|p2a: Slowking|Sludge Bomb|p1a: Cymbal
|-immune|p1a: Cymbal
|
|-heal|p1a: Cymbal|100/100|[from] item: Leftovers
|upkeep
|turn|23
|inactive|CktheTruth has 90 seconds left.
|
|t:|1743828086
|switch|p2a: Dondozo|Dondozo, F|81/100
|move|p1a: Cymbal|Thunder Wave|p2a: Dondozo
|-status|p2a: Dondozo|par
|
|upkeep
|turn|24
|
|t:|1743828098
|-end|p1a: Cymbal|fallen1|[silent]
|switch|p1a: Fyulapp|Iron Valiant|70/100
|-damage|p1a: Fyulapp|64/100|[from] Stealth Rock
|move|p2a: Dondozo|Rest|p2a: Dondozo
|-status|p2a: Dondozo|slp|[from] move: Rest
|-heal|p2a: Dondozo|100/100 slp|[silent]
|
|upkeep
|turn|25
|
|t:|1743828106
|move|p1a: Fyulapp|Thunderbolt|p2a: Dondozo
|-supereffective|p2a: Dondozo
|-damage|p2a: Dondozo|23/100 slp
|cant|p2a: Dondozo|slp
|move|p2a: Dondozo|Sleep Talk|p2a: Dondozo
|move|p2a: Dondozo|Rest||[from] move: Sleep Talk|[still]
|-fail|p2a: Dondozo
|
|upkeep
|turn|26
|
|t:|1743828119
|-end|p1a: Fyulapp|Quark Drive|[silent]
|switch|p1a: Samwell|Dragonite, M, tera:Normal|19/100
|switch|p2a: Iron Treads|Iron Treads|45/100
|
|-heal|p2a: Iron Treads|51/100|[from] item: Leftovers
|upkeep
|turn|27
|
|t:|1743828133
|switch|p1a: Cymbal|Kingambit, F, shiny|100/100
|-damage|p1a: Cymbal|94/100|[from] Stealth Rock
|-activate|p1a: Cymbal|ability: Supreme Overlord
|-start|p1a: Cymbal|fallen1|[silent]
|move|p2a: Iron Treads|Ice Spinner|p1a: Cymbal
|-resisted|p1a: Cymbal
|-damage|p1a: Cymbal|86/100
|
|-heal|p2a: Iron Treads|57/100|[from] item: Leftovers
|-heal|p1a: Cymbal|92/100|[from] item: Leftovers
|upkeep
|turn|28
|
|t:|1743828152
|-end|p2a: Iron Treads|Quark Drive|[silent]
|switch|p2a: Decidueye|Decidueye-Hisui, F|100/100
|move|p1a: Cymbal|Thunder Wave|p2a: Decidueye
|-status|p2a: Decidueye|par
|
|-heal|p1a: Cymbal|98/100|[from] item: Leftovers
|upkeep
|turn|29
|
|t:|1743828163
|-end|p1a: Cymbal|fallen1|[silent]
|switch|p1a: Delivulg|Pecharunt|79/100 par
|move|p2a: Decidueye|Leaf Blade|p1a: Delivulg
|-resisted|p1a: Delivulg
|-damage|p1a: Delivulg|58/100 par
|
|upkeep
|turn|30
|inactive|CktheTruth has 90 seconds left.
|
|t:|1743828179
|switch|p2a: Iron Treads|Iron Treads|57/100
|move|p1a: Delivulg|Malignant Chain|p2a: Iron Treads
|-immune|p2a: Iron Treads
|
|-heal|p2a: Iron Treads|63/100|[from] item: Leftovers
|upkeep
|turn|31
|
|t:|1743828186
|move|p2a: Iron Treads|Knock Off|p1a: Delivulg
|-supereffective|p1a: Delivulg
|-crit|p1a: Delivulg
|-damage|p1a: Delivulg|16/100 par
|-enditem|p1a: Delivulg|Heavy-Duty Boots|[from] move: Knock Off|[of] p2a: Iron Treads
|cant|p1a: Delivulg|par
|
|-heal|p2a: Iron Treads|69/100|[from] item: Leftovers
|upkeep
|turn|32
|
|t:|1743828196
|switch|p1a: Cymbal|Kingambit, F, shiny|98/100
|-damage|p1a: Cymbal|92/100|[from] Stealth Rock
|-activate|p1a: Cymbal|ability: Supreme Overlord
|-start|p1a: Cymbal|fallen1|[silent]
|move|p2a: Iron Treads|Knock Off|p1a: Cymbal
|-resisted|p1a: Cymbal
|-damage|p1a: Cymbal|83/100
|-enditem|p1a: Cymbal|Leftovers|[from] move: Knock Off|[of] p2a: Iron Treads
|
|-heal|p2a: Iron Treads|75/100|[from] item: Leftovers
|upkeep
|turn|33
|
|t:|1743828215
|-end|p2a: Iron Treads|Quark Drive|[silent]
|switch|p2a: Decidueye|Decidueye-Hisui, F|100/100 par
|move|p1a: Cymbal|Iron Head|p2a: Decidueye
|-damage|p2a: Decidueye|33/100 par
|
|upkeep
|turn|34
|
|t:|1743828225
|switch|p2a: Zapdos|Zapdos, shiny|78/100
|move|p1a: Cymbal|Thunder Wave|p2a: Zapdos
|-immune|p2a: Zapdos
|
|upkeep
|turn|35
|
|t:|1743828238
|-end|p1a: Cymbal|fallen1|[silent]
|switch|p1a: Zaxesic|Glimmora, M, shiny|5/100
|-damage|p1a: Zaxesic|0 fnt|[from] Stealth Rock
|faint|p1a: Zaxesic
|move|p2a: Zapdos|Discharge|p1: Zaxesic|[notarget]
|-fail|p2a: Zapdos
|
|upkeep
|
|t:|1743828245
|switch|p1a: Samwell|Dragonite, M, tera:Normal|19/100
|turn|36
|
|t:|1743828252
|move|p1a: Samwell|Extreme Speed|p2a: Zapdos
|-damage|p2a: Zapdos|47/100
|move|p2a: Zapdos|Discharge|p1a: Samwell
|-damage|p1a: Samwell|0 fnt
|faint|p1a: Samwell
|
|upkeep
|
|t:|1743828273
|switch|p1a: Delivulg|Pecharunt|16/100 par
|-damage|p1a: Delivulg|3/100 par|[from] Stealth Rock
|turn|37
|inactive|CktheTruth has 120 seconds left.
|
|t:|1743828281
|move|p2a: Zapdos|U-turn|p1a: Delivulg
|-resisted|p1a: Delivulg
|-damage|p1a: Delivulg|2/100 par
|
|t:|1743828286
|switch|p2a: Iron Treads|Iron Treads|75/100|[from] U-turn
|move|p1a: Delivulg|Parting Shot|p2a: Iron Treads
|-unboost|p2a: Iron Treads|atk|1
|-unboost|p2a: Iron Treads|spa|1
|
|t:|1743828292
|switch|p1a: Fyulapp|Iron Valiant|64/100|[from] Parting Shot
|-damage|p1a: Fyulapp|58/100|[from] Stealth Rock
|
|-heal|p2a: Iron Treads|81/100|[from] item: Leftovers
|upkeep
|turn|38
|
|t:|1743828304
|-end|p2a: Iron Treads|Quark Drive|[silent]
|switch|p2a: Slowking|Slowking-Galar, F|100/100
|move|p1a: Fyulapp|Aura Sphere|p2a: Slowking
|-resisted|p2a: Slowking
|-damage|p2a: Slowking|92/100
|
|upkeep
|turn|39
|
|t:|1743828315
|-end|p1a: Fyulapp|Quark Drive|[silent]
|switch|p1a: Delivulg|Pecharunt|2/100 par
|-damage|p1a: Delivulg|0 fnt|[from] Stealth Rock
|faint|p1a: Delivulg
|move|p2a: Slowking|Thunder Wave|p1: Delivulg|[notarget]
|-fail|p2a: Slowking
|
|upkeep
|
|t:|1743828322
|switch|p1a: Cymbal|Kingambit, F, shiny|83/100
|-damage|p1a: Cymbal|77/100|[from] Stealth Rock
|-activate|p1a: Cymbal|ability: Supreme Overlord
|-start|p1a: Cymbal|fallen4|[silent]
|turn|40
|
|t:|1743828331
|move|p1a: Cymbal|Kowtow Cleave|p2a: Slowking
|-supereffective|p2a: Slowking
|-damage|p2a: Slowking|0 fnt
|faint|p2a: Slowking
|
|upkeep
|inactive|CktheTruth has 120 seconds left.
|
|t:|1743828356
|switch|p2a: Dondozo|Dondozo, F|23/100 slp
|turn|41
|
|t:|1743828362
|move|p1a: Cymbal|Kowtow Cleave|p2a: Dondozo
|-damage|p2a: Dondozo|0 fnt
|-damage|p1a: Cymbal|61/100|[from] item: Rocky Helmet|[of] p2a: Dondozo
|faint|p2a: Dondozo
|
|upkeep
|
|t:|1743828370
|switch|p2a: Zapdos|Zapdos, shiny|47/100
|turn|42
|
|t:|1743828387
|-terastallize|p2a: Zapdos|Fairy
|move|p1a: Cymbal|Sucker Punch||[still]
|-fail|p1a: Cymbal
|move|p2a: Zapdos|Roost|p2a: Zapdos
|-heal|p2a: Zapdos|97/100
|
|upkeep
|turn|43
|
|t:|1743828393
|move|p2a: Zapdos|Hurricane|p1a: Cymbal
|-resisted|p1a: Cymbal
|-damage|p1a: Cymbal|38/100
|-start|p1a: Cymbal|confusion
|-activate|p1a: Cymbal|confusion
|move|p1a: Cymbal|Kowtow Cleave|p2a: Zapdos
|-resisted|p2a: Zapdos
|-damage|p2a: Zapdos|70/100
|
|upkeep
|turn|44
|
|t:|1743828401
|move|p2a: Zapdos|Discharge|p1a: Cymbal
|-damage|p1a: Cymbal|8/100
|-activate|p1a: Cymbal|confusion
|move|p1a: Cymbal|Thunder Wave|p2a: Zapdos
|-status|p2a: Zapdos|par
|
|upkeep
|turn|45
|
|t:|1743828413
|-activate|p1a: Cymbal|confusion
|-damage|p1a: Cymbal|0 fnt|[from] confusion
|faint|p1a: Cymbal
|-end|p1a: Cymbal|fallen4|[silent]
|move|p2a: Zapdos|Discharge|p1: Cymbal|[notarget]
|-fail|p2a: Zapdos
|
|upkeep
|
|t:|1743828418
|switch|p1a: Fyulapp|Iron Valiant|58/100
|-damage|p1a: Fyulapp|51/100|[from] Stealth Rock
|turn|46
|
|t:|1743828433
|move|p1a: Fyulapp|Psychic|p2a: Zapdos
|-damage|p2a: Zapdos|26/100 par
|move|p2a: Zapdos|Hurricane|p1a: Fyulapp
|-supereffective|p1a: Fyulapp
|-damage|p1a: Fyulapp|0 fnt
|faint|p1a: Fyulapp
|-end|p1a: Fyulapp|Quark Drive|[silent]
|
|win|CktheTruth
|raw|Vieilbisail's rating: 1095 &rarr; <strong>1075</strong><br />(-20 for losing)
|raw|CktheTruth's rating: 1156 &rarr; <strong>1177</strong><br />(+21 for winning)
|c|☆CktheTruth|gg good game fr
|c|☆Vieilbisail|gg
|c|☆Vieilbisail|^^
