|j|☆Kanto's Finest
|j|☆porchemonkey
|t:|1743801386
|gametype|singles
|player|p1|Kanto's Finest|tamer-gen1rb|1106
|player|p2|porchemonkey|170|1188
|teamsize|p1|6
|teamsize|p2|6
|gen|9
|tier|[Gen 9] OU
|rated|
|rule|HP Percentage Mod: HP is shown in percentages
|rule|Endless Battle Clause: Forcing endless battles is banned
|rule|Species Clause: Limit one of each Pokémon
|rule|OHKO Clause: OHKO moves are banned
|rule|Evasion Items Clause: Evasion items are banned
|rule|Evasion Moves Clause: Evasion moves are banned
|rule|Sleep Moves Clause: Sleep-inducing moves are banned
|clearpoke
|poke|p1|Clefable, F|
|poke|p1|Golduck, F|
|poke|p1|Tentacruel, F|
|poke|p1|Chansey, F|
|poke|p1|Exeggutor, F|
|poke|p1|Electrode|
|poke|p2|Great Tusk|
|poke|p2|Greninja-*, M|
|poke|p2|Ceruledge, F|
|poke|p2|Dragapult, M|
|poke|p2|Deoxys-Speed|
|poke|p2|Kingambit, M|
|teampreview
|
|t:|1743801397
|start
|switch|p1a: Joo Joo Eyeballs|Electrode|100/100
|switch|p2a: Great Tusk|Great Tusk|100/100
|turn|1
|inactive|Battle timer is ON: inactive players will automatically lose when time's up. (requested by Kanto's Finest)
|
|t:|1743801416
|move|p1a: Joo Joo Eyeballs|Taunt|p2a: Great Tusk
|-start|p2a: Great Tusk|move: Taunt
|move|p2a: Great Tusk|Rapid Spin|p1a: Joo Joo Eyeballs
|-damage|p1a: Joo Joo Eyeballs|71/100
|-boost|p2a: Great Tusk|spe|1
|
|upkeep
|turn|2
|
|t:|1743801428
|move|p2a: Great Tusk|Headlong Rush|p1a: Joo Joo Eyeballs
|-supereffective|p1a: Joo Joo Eyeballs
|-damage|p1a: Joo Joo Eyeballs|0 fnt
|-unboost|p2a: Great Tusk|def|1
|-unboost|p2a: Great Tusk|spd|1
|-damage|p2a: Great Tusk|76/100|[from] ability: Aftermath|[of] p1a: Joo Joo Eyeballs
|faint|p1a: Joo Joo Eyeballs
|
|-heal|p2a: Great Tusk|82/100|[from] item: Leftovers
|upkeep
|
|t:|1743801433
|switch|p1a: Lemon Tree|Exeggutor, F|100/100
|turn|3
|
|t:|1743801452
|-end|p2a: Great Tusk|Protosynthesis|[silent]
|switch|p2a: Ceruledge|Ceruledge, F|100/100
|move|p1a: Lemon Tree|Curse|p1a: Lemon Tree
|-unboost|p1a: Lemon Tree|spe|1
|-boost|p1a: Lemon Tree|atk|1
|-boost|p1a: Lemon Tree|def|1
|
|upkeep
|turn|4
|inactive|Kanto's Finest has 120 seconds left.
|
|t:|1743801498
|move|p2a: Ceruledge|Poltergeist|p1a: Lemon Tree
|-activate|p1a: Lemon Tree|move: Poltergeist|Sitrus Berry
|-supereffective|p1a: Lemon Tree
|-damage|p1a: Lemon Tree|35/100
|-enditem|p1a: Lemon Tree|Sitrus Berry|[eat]
|-heal|p1a: Lemon Tree|59/100|[from] item: Sitrus Berry
|move|p1a: Lemon Tree|Leech Seed|p2a: Ceruledge
|-start|p2a: Ceruledge|move: Leech Seed
|
|-damage|p2a: Ceruledge|88/100|[from] Leech Seed|[of] p1a: Lemon Tree
|-heal|p1a: Lemon Tree|69/100|[silent]
|upkeep
|turn|5
|inactive|Kanto's Finest has 90 seconds left.
|
|t:|1743801532
|move|p2a: Ceruledge|Swords Dance|p2a: Ceruledge
|-boost|p2a: Ceruledge|atk|2
|move|p1a: Lemon Tree|Giga Drain|p2a: Ceruledge
|-resisted|p2a: Ceruledge
|-damage|p2a: Ceruledge|69/100
|-heal|p1a: Lemon Tree|76/100|[from] drain|[of] p2a: Ceruledge
|
|-damage|p2a: Ceruledge|57/100|[from] Leech Seed|[of] p1a: Lemon Tree
|-heal|p1a: Lemon Tree|85/100|[silent]
|upkeep
|turn|6
|inactive|Kanto's Finest has 90 seconds left.
|
|t:|1743801549
|move|p1a: Lemon Tree|Protect|p1a: Lemon Tree
|-singleturn|p1a: Lemon Tree|Protect
|move|p2a: Ceruledge|Poltergeist||[still]
|-fail|p2a: Ceruledge
|
|-damage|p2a: Ceruledge|44/100|[from] Leech Seed|[of] p1a: Lemon Tree
|-heal|p1a: Lemon Tree|94/100|[silent]
|upkeep
|turn|7
|inactive|Kanto's Finest has 90 seconds left.
|
|t:|1743801557
|move|p2a: Ceruledge|Bitter Blade|p1a: Lemon Tree
|-supereffective|p1a: Lemon Tree
|-damage|p1a: Lemon Tree|4/100
|-heal|p2a: Ceruledge|100/100|[from] drain|[of] p1a: Lemon Tree
|move|p1a: Lemon Tree|Curse|p1a: Lemon Tree
|-unboost|p1a: Lemon Tree|spe|1
|-boost|p1a: Lemon Tree|atk|1
|-boost|p1a: Lemon Tree|def|1
|
|-damage|p2a: Ceruledge|88/100|[from] Leech Seed|[of] p1a: Lemon Tree
|-heal|p1a: Lemon Tree|13/100|[silent]
|upkeep
|turn|8
|inactive|Kanto's Finest has 90 seconds left.
|
|t:|1743801567
|move|p1a: Lemon Tree|Protect|p1a: Lemon Tree
|-singleturn|p1a: Lemon Tree|Protect
|move|p2a: Ceruledge|Bitter Blade|p1a: Lemon Tree
|-activate|p1a: Lemon Tree|move: Protect
|
|-damage|p2a: Ceruledge|76/100|[from] Leech Seed|[of] p1a: Lemon Tree
|-heal|p1a: Lemon Tree|22/100|[silent]
|-item|p1a: Lemon Tree|Sitrus Berry|[from] ability: Harvest
|upkeep
|-enditem|p1a: Lemon Tree|Sitrus Berry|[eat]
|-heal|p1a: Lemon Tree|47/100|[from] item: Sitrus Berry
|turn|9
|inactive|Kanto's Finest has 90 seconds left.
|inactive|Kanto's Finest has 60 seconds left.
|
|t:|1743801623
|-terastallize|p1a: Lemon Tree|Ghost
|move|p2a: Ceruledge|Bitter Blade|p1a: Lemon Tree
|-damage|p1a: Lemon Tree|15/100
|-heal|p2a: Ceruledge|97/100|[from] drain|[of] p1a: Lemon Tree
|move|p1a: Lemon Tree|Giga Drain|p2a: Ceruledge
|-resisted|p2a: Ceruledge
|-damage|p2a: Ceruledge|79/100
|-heal|p1a: Lemon Tree|22/100|[from] drain|[of] p2a: Ceruledge
|
|-damage|p2a: Ceruledge|66/100|[from] Leech Seed|[of] p1a: Lemon Tree
|-heal|p1a: Lemon Tree|31/100|[silent]
|upkeep
|turn|10
|
|t:|1743801634
|move|p1a: Lemon Tree|Protect|p1a: Lemon Tree
|-singleturn|p1a: Lemon Tree|Protect
|move|p2a: Ceruledge|Swords Dance|p2a: Ceruledge
|-boost|p2a: Ceruledge|atk|2
|
|-damage|p2a: Ceruledge|54/100|[from] Leech Seed|[of] p1a: Lemon Tree
|-heal|p1a: Lemon Tree|41/100|[silent]
|-item|p1a: Lemon Tree|Sitrus Berry|[from] ability: Harvest
|upkeep
|-enditem|p1a: Lemon Tree|Sitrus Berry|[eat]
|-heal|p1a: Lemon Tree|65/100|[from] item: Sitrus Berry
|turn|11
|
|t:|1743801659
|switch|p1a: Mr. Moonlight|Clefable, F|100/100
|move|p2a: Ceruledge|Shadow Sneak|p1a: Mr. Moonlight
|-damage|p1a: Mr. Moonlight|79/100
|
|-damage|p2a: Ceruledge|42/100|[from] Leech Seed|[of] p1a: Mr. Moonlight
|-heal|p1a: Mr. Moonlight|88/100|[silent]
|upkeep
|turn|12
|
|t:|1743801670
|switch|p2a: Deoxys|Deoxys-Speed|100/100
|-ability|p2a: Deoxys|Pressure
|move|p1a: Mr. Moonlight|Cosmic Power|p1a: Mr. Moonlight
|-boost|p1a: Mr. Moonlight|def|1
|-boost|p1a: Mr. Moonlight|spd|1
|
|upkeep
|turn|13
|
|t:|1743801691
|move|p2a: Deoxys|Zen Headbutt|p1a: Mr. Moonlight
|-damage|p1a: Mr. Moonlight|58/100
|move|p1a: Mr. Moonlight|Cosmic Power|p1a: Mr. Moonlight
|-boost|p1a: Mr. Moonlight|def|1
|-boost|p1a: Mr. Moonlight|spd|1
|
|upkeep
|turn|14
|
|t:|1743801711
|switch|p2a: Dragapult|Dragapult, M|100/100
|move|p1a: Mr. Moonlight|Cosmic Power|p1a: Mr. Moonlight
|-boost|p1a: Mr. Moonlight|def|1
|-boost|p1a: Mr. Moonlight|spd|1
|
|upkeep
|turn|15
|
|t:|1743801717
|move|p2a: Dragapult|Substitute|p2a: Dragapult
|-start|p2a: Dragapult|Substitute
|-damage|p2a: Dragapult|76/100
|move|p1a: Mr. Moonlight|Moonlight|p1a: Mr. Moonlight
|-heal|p1a: Mr. Moonlight|100/100
|
|-heal|p2a: Dragapult|82/100|[from] item: Leftovers
|upkeep
|turn|16
|
|t:|1743801722
|move|p2a: Dragapult|Dragon Dance|p2a: Dragapult
|-boost|p2a: Dragapult|atk|1
|-boost|p2a: Dragapult|spe|1
|move|p1a: Mr. Moonlight|Stored Power|p2a: Dragapult
|-end|p2a: Dragapult|Substitute
|
|-heal|p2a: Dragapult|88/100|[from] item: Leftovers
|upkeep
|turn|17
|
|t:|1743801731
|move|p2a: Dragapult|Disable|p1a: Mr. Moonlight
|-start|p1a: Mr. Moonlight|Disable|Stored Power
|cant|p1a: Mr. Moonlight|Disable|Stored Power
|
|-heal|p2a: Dragapult|94/100|[from] item: Leftovers
|upkeep
|turn|18
|inactive|Kanto's Finest has 60 seconds left.
|
|t:|1743801769
|move|p2a: Dragapult|Substitute|p2a: Dragapult
|-start|p2a: Dragapult|Substitute
|-damage|p2a: Dragapult|69/100
|move|p1a: Mr. Moonlight|Flamethrower|p2a: Dragapult
|-resisted|p2a: Dragapult
|-activate|p2a: Dragapult|move: Substitute|[damage]
|
|-heal|p2a: Dragapult|75/100|[from] item: Leftovers
|upkeep
|turn|19
|
|t:|1743801795
|move|p2a: Dragapult|Dragon Dance|p2a: Dragapult
|-boost|p2a: Dragapult|atk|1
|-boost|p2a: Dragapult|spe|1
|move|p1a: Mr. Moonlight|Cosmic Power|p1a: Mr. Moonlight
|-boost|p1a: Mr. Moonlight|def|1
|-boost|p1a: Mr. Moonlight|spd|1
|
|-heal|p2a: Dragapult|81/100|[from] item: Leftovers
|upkeep
|turn|20
|
|t:|1743801802
|move|p2a: Dragapult|Dragon Dance|p2a: Dragapult
|-boost|p2a: Dragapult|atk|1
|-boost|p2a: Dragapult|spe|1
|move|p1a: Mr. Moonlight|Cosmic Power|p1a: Mr. Moonlight
|-boost|p1a: Mr. Moonlight|def|1
|-boost|p1a: Mr. Moonlight|spd|1
|
|-heal|p2a: Dragapult|87/100|[from] item: Leftovers
|-end|p1a: Mr. Moonlight|Disable
|upkeep
|turn|21
|
|t:|1743801808
|move|p2a: Dragapult|Dragon Dance|p2a: Dragapult
|-boost|p2a: Dragapult|atk|1
|-boost|p2a: Dragapult|spe|1
|move|p1a: Mr. Moonlight|Flamethrower|p2a: Dragapult
|-resisted|p2a: Dragapult
|-end|p2a: Dragapult|Substitute
|
|-heal|p2a: Dragapult|93/100|[from] item: Leftovers
|upkeep
|turn|22
|
|t:|1743801816
|move|p2a: Dragapult|Substitute|p2a: Dragapult
|-start|p2a: Dragapult|Substitute
|-damage|p2a: Dragapult|68/100
|move|p1a: Mr. Moonlight|Cosmic Power|p1a: Mr. Moonlight
|-boost|p1a: Mr. Moonlight|def|1
|-boost|p1a: Mr. Moonlight|spd|1
|
|-heal|p2a: Dragapult|74/100|[from] item: Leftovers
|upkeep
|turn|23
|
|t:|1743801820
|move|p2a: Dragapult|Dragon Dance|p2a: Dragapult
|-boost|p2a: Dragapult|atk|1
|-boost|p2a: Dragapult|spe|1
|move|p1a: Mr. Moonlight|Flamethrower|p2a: Dragapult
|-resisted|p2a: Dragapult
|-activate|p2a: Dragapult|move: Substitute|[damage]
|
|-heal|p2a: Dragapult|80/100|[from] item: Leftovers
|upkeep
|turn|24
|
|t:|1743801823
|move|p2a: Dragapult|Dragon Dance|p2a: Dragapult
|-boost|p2a: Dragapult|atk|1
|-boost|p2a: Dragapult|spe|1
|move|p1a: Mr. Moonlight|Flamethrower|p2a: Dragapult
|-resisted|p2a: Dragapult
|-activate|p2a: Dragapult|move: Substitute|[damage]
|
|-heal|p2a: Dragapult|86/100|[from] item: Leftovers
|upkeep
|turn|25
|
|t:|1743801828
|move|p2a: Dragapult|Phantom Force||[still]
|-prepare|p2a: Dragapult|Phantom Force
|move|p1a: Mr. Moonlight|Flamethrower|p2a: Dragapult|[miss]
|-miss|p1a: Mr. Moonlight|p2a: Dragapult
|
|-heal|p2a: Dragapult|92/100|[from] item: Leftovers
|upkeep
|turn|26
|
|t:|1743801834
|move|p2a: Dragapult|Phantom Force|p1a: Mr. Moonlight|[from] lockedmove
|-damage|p1a: Mr. Moonlight|91/100
|move|p1a: Mr. Moonlight|Flamethrower|p2a: Dragapult
|-resisted|p2a: Dragapult
|-end|p2a: Dragapult|Substitute
|
|-heal|p2a: Dragapult|98/100|[from] item: Leftovers
|upkeep
|turn|27
|
|t:|1743801840
|move|p2a: Dragapult|Substitute|p2a: Dragapult
|-start|p2a: Dragapult|Substitute
|-damage|p2a: Dragapult|73/100
|move|p1a: Mr. Moonlight|Stored Power|p2a: Dragapult
|-end|p2a: Dragapult|Substitute
|
|-heal|p2a: Dragapult|79/100|[from] item: Leftovers
|upkeep
|turn|28
|
|t:|1743801843
|move|p2a: Dragapult|Disable|p1a: Mr. Moonlight
|-start|p1a: Mr. Moonlight|Disable|Stored Power
|move|p1a: Mr. Moonlight|Flamethrower|p2a: Dragapult
|-resisted|p2a: Dragapult
|-damage|p2a: Dragapult|66/100
|
|-heal|p2a: Dragapult|72/100|[from] item: Leftovers
|upkeep
|turn|29
|inactive|porchemonkey has 120 seconds left.
|
|t:|1743801882
|move|p2a: Dragapult|Dragon Dance|p2a: Dragapult
|-boost|p2a: Dragapult|atk|0
|-boost|p2a: Dragapult|spe|0
|move|p1a: Mr. Moonlight|Flamethrower|p2a: Dragapult
|-resisted|p2a: Dragapult
|-damage|p2a: Dragapult|59/100
|
|-heal|p2a: Dragapult|65/100|[from] item: Leftovers
|upkeep
|turn|30
|inactive|porchemonkey has 120 seconds left.
|
|t:|1743801895
|move|p2a: Dragapult|Dragon Dance|p2a: Dragapult
|-boost|p2a: Dragapult|atk|0
|-boost|p2a: Dragapult|spe|0
|move|p1a: Mr. Moonlight|Flamethrower|p2a: Dragapult
|-resisted|p2a: Dragapult
|-damage|p2a: Dragapult|52/100
|
|-heal|p2a: Dragapult|58/100|[from] item: Leftovers
|upkeep
|turn|31
|inactive|porchemonkey has 120 seconds left.
|
|t:|1743801903
|move|p2a: Dragapult|Substitute|p2a: Dragapult
|-start|p2a: Dragapult|Substitute
|-damage|p2a: Dragapult|33/100
|move|p1a: Mr. Moonlight|Flamethrower|p2a: Dragapult
|-resisted|p2a: Dragapult
|-activate|p2a: Dragapult|move: Substitute|[damage]
|
|-heal|p2a: Dragapult|39/100|[from] item: Leftovers
|-end|p1a: Mr. Moonlight|Disable
|upkeep
|turn|32
|
|t:|1743801909
|move|p2a: Dragapult|Phantom Force||[still]
|-prepare|p2a: Dragapult|Phantom Force
|move|p1a: Mr. Moonlight|Flamethrower|p2a: Dragapult|[miss]
|-miss|p1a: Mr. Moonlight|p2a: Dragapult
|
|-heal|p2a: Dragapult|45/100|[from] item: Leftovers
|upkeep
|turn|33
|
|t:|1743801913
|move|p2a: Dragapult|Phantom Force|p1a: Mr. Moonlight|[from] lockedmove
|-crit|p1a: Mr. Moonlight
|-damage|p1a: Mr. Moonlight|36/100
|move|p1a: Mr. Moonlight|Flamethrower|p2a: Dragapult
|-resisted|p2a: Dragapult
|-activate|p2a: Dragapult|move: Substitute|[damage]
|
|-heal|p2a: Dragapult|51/100|[from] item: Leftovers
|upkeep
|turn|34
|
|t:|1743801928
|move|p2a: Dragapult|Phantom Force||[still]
|-prepare|p2a: Dragapult|Phantom Force
|move|p1a: Mr. Moonlight|Moonlight|p1a: Mr. Moonlight
|-heal|p1a: Mr. Moonlight|86/100
|
|-heal|p2a: Dragapult|57/100|[from] item: Leftovers
|upkeep
|turn|35
|
|t:|1743801932
|move|p2a: Dragapult|Phantom Force|p1a: Mr. Moonlight|[from] lockedmove
|-damage|p1a: Mr. Moonlight|77/100
|move|p1a: Mr. Moonlight|Flamethrower|p2a: Dragapult
|-resisted|p2a: Dragapult
|-end|p2a: Dragapult|Substitute
|
|-heal|p2a: Dragapult|63/100|[from] item: Leftovers
|upkeep
|turn|36
|
|t:|1743801939
|move|p2a: Dragapult|Substitute|p2a: Dragapult
|-start|p2a: Dragapult|Substitute
|-damage|p2a: Dragapult|38/100
|move|p1a: Mr. Moonlight|Stored Power|p2a: Dragapult
|-end|p2a: Dragapult|Substitute
|
|-heal|p2a: Dragapult|44/100|[from] item: Leftovers
|upkeep
|turn|37
|
|t:|1743801944
|move|p2a: Dragapult|Disable|p1a: Mr. Moonlight
|-start|p1a: Mr. Moonlight|Disable|Stored Power
|move|p1a: Mr. Moonlight|Flamethrower|p2a: Dragapult
|-resisted|p2a: Dragapult
|-damage|p2a: Dragapult|30/100
|
|-heal|p2a: Dragapult|36/100|[from] item: Leftovers
|upkeep
|turn|38
|
|t:|1743801952
|move|p2a: Dragapult|Phantom Force||[still]
|-prepare|p2a: Dragapult|Phantom Force
|move|p1a: Mr. Moonlight|Flamethrower|p2a: Dragapult|[miss]
|-miss|p1a: Mr. Moonlight|p2a: Dragapult
|
|-heal|p2a: Dragapult|42/100|[from] item: Leftovers
|upkeep
|turn|39
|
|t:|1743801955
|move|p2a: Dragapult|Phantom Force|p1a: Mr. Moonlight|[from] lockedmove
|-damage|p1a: Mr. Moonlight|69/100
|move|p1a: Mr. Moonlight|Flamethrower|p2a: Dragapult
|-resisted|p2a: Dragapult
|-damage|p2a: Dragapult|29/100
|
|-heal|p2a: Dragapult|35/100|[from] item: Leftovers
|upkeep
|turn|40
|
|t:|1743801964
|move|p2a: Dragapult|Substitute|p2a: Dragapult
|-start|p2a: Dragapult|Substitute
|-damage|p2a: Dragapult|10/100
|move|p1a: Mr. Moonlight|Flamethrower|p2a: Dragapult
|-resisted|p2a: Dragapult
|-activate|p2a: Dragapult|move: Substitute|[damage]
|
|-heal|p2a: Dragapult|16/100|[from] item: Leftovers
|-end|p1a: Mr. Moonlight|Disable
|upkeep
|turn|41
|
|t:|1743801988
|move|p2a: Dragapult|Disable|p1a: Mr. Moonlight
|-start|p1a: Mr. Moonlight|Disable|Flamethrower
|cant|p1a: Mr. Moonlight|Disable|Flamethrower
|
|-heal|p2a: Dragapult|22/100|[from] item: Leftovers
|upkeep
|turn|42
|
|t:|1743801995
|move|p2a: Dragapult|Dragon Dance|p2a: Dragapult
|-boost|p2a: Dragapult|atk|0
|-boost|p2a: Dragapult|spe|0
|move|p1a: Mr. Moonlight|Stored Power|p2a: Dragapult
|-end|p2a: Dragapult|Substitute
|
|-heal|p2a: Dragapult|28/100|[from] item: Leftovers
|upkeep
|turn|43
|
|t:|1743802012
|move|p2a: Dragapult|Substitute|p2a: Dragapult
|-start|p2a: Dragapult|Substitute
|-damage|p2a: Dragapult|3/100
|move|p1a: Mr. Moonlight|Stored Power|p2a: Dragapult
|-end|p2a: Dragapult|Substitute
|
|-heal|p2a: Dragapult|9/100|[from] item: Leftovers
|upkeep
|turn|44
|
|t:|1743802020
|move|p2a: Dragapult|Phantom Force||[still]
|-prepare|p2a: Dragapult|Phantom Force
|move|p1a: Mr. Moonlight|Stored Power|p2a: Dragapult|[miss]
|-miss|p1a: Mr. Moonlight|p2a: Dragapult
|
|-heal|p2a: Dragapult|15/100|[from] item: Leftovers
|-end|p1a: Mr. Moonlight|Disable
|upkeep
|turn|45
|
|t:|1743802023
|move|p2a: Dragapult|Phantom Force|p1a: Mr. Moonlight|[from] lockedmove
|-damage|p1a: Mr. Moonlight|60/100
|move|p1a: Mr. Moonlight|Stored Power|p2a: Dragapult
|-damage|p2a: Dragapult|0 fnt
|faint|p2a: Dragapult
|
|upkeep
|c|☆Kanto's Finest|whata struggl
|
|t:|1743802037
|switch|p2a: Ceruledge|Ceruledge, F|42/100
|turn|46
|
|t:|1743802043
|move|p2a: Ceruledge|Poltergeist|p1a: Mr. Moonlight
|-activate|p1a: Mr. Moonlight|move: Poltergeist|Leppa Berry
|-damage|p1a: Mr. Moonlight|46/100
|move|p1a: Mr. Moonlight|Moonlight|p1a: Mr. Moonlight
|-heal|p1a: Mr. Moonlight|95/100
|
|upkeep
|turn|47
|
|t:|1743802050
|move|p2a: Ceruledge|Poltergeist|p1a: Mr. Moonlight
|-activate|p1a: Mr. Moonlight|move: Poltergeist|Leppa Berry
|-damage|p1a: Mr. Moonlight|79/100
|move|p1a: Mr. Moonlight|Stored Power|p2a: Ceruledge
|-damage|p2a: Ceruledge|0 fnt
|faint|p2a: Ceruledge
|
|upkeep
|
|t:|1743802067
|switch|p2a: Greninja|Greninja, M|100/100
|turn|48
|
|t:|1743802070
|move|p2a: Greninja|Hydro Pump|p1a: Mr. Moonlight
|-damage|p1a: Mr. Moonlight|69/100
|move|p1a: Mr. Moonlight|Stored Power|p2a: Greninja
|-immune|p2a: Greninja
|
|upkeep
|turn|49
|
|t:|1743802076
|move|p2a: Greninja|Blizzard|p1a: Mr. Moonlight|[miss]
|-miss|p2a: Greninja|p1a: Mr. Moonlight
|move|p1a: Mr. Moonlight|Flamethrower|p2a: Greninja
|-resisted|p2a: Greninja
|-damage|p2a: Greninja|83/100
|
|upkeep
|turn|50
|
|t:|1743802081
|move|p2a: Greninja|Blizzard|p1a: Mr. Moonlight
|-damage|p1a: Mr. Moonlight|63/100
|move|p1a: Mr. Moonlight|Flamethrower|p2a: Greninja
|-resisted|p2a: Greninja
|-damage|p2a: Greninja|68/100
|
|upkeep
|turn|51
|
|t:|1743802088
|move|p2a: Greninja|Hydro Pump|p1a: Mr. Moonlight
|-damage|p1a: Mr. Moonlight|52/100
|move|p1a: Mr. Moonlight|Flamethrower|p2a: Greninja
|-resisted|p2a: Greninja
|-damage|p2a: Greninja|52/100
|
|upkeep
|turn|52
|
|t:|1743802092
|move|p2a: Greninja|Blizzard|p1a: Mr. Moonlight
|-damage|p1a: Mr. Moonlight|45/100
|move|p1a: Mr. Moonlight|Flamethrower|p2a: Greninja
|-resisted|p2a: Greninja
|-damage|p2a: Greninja|37/100
|
|upkeep
|turn|53
|
|t:|1743802098
|move|p2a: Greninja|Blizzard|p1a: Mr. Moonlight
|-damage|p1a: Mr. Moonlight|38/100
|move|p1a: Mr. Moonlight|Moonlight|p1a: Mr. Moonlight
|-heal|p1a: Mr. Moonlight|88/100
|
|upkeep
|turn|54
|
|t:|1743802107
|move|p2a: Greninja|Blizzard|p1a: Mr. Moonlight
|-damage|p1a: Mr. Moonlight|81/100
|move|p1a: Mr. Moonlight|Flamethrower|p2a: Greninja
|-resisted|p2a: Greninja
|-damage|p2a: Greninja|20/100
|
|upkeep
|turn|55
|
|t:|1743802114
|switch|p2a: Great Tusk|Great Tusk|82/100
|move|p1a: Mr. Moonlight|Flamethrower|p2a: Great Tusk
|-damage|p2a: Great Tusk|54/100
|
|-heal|p2a: Great Tusk|60/100|[from] item: Leftovers
|upkeep
|turn|56
|
|t:|1743802116
|-end|p2a: Great Tusk|Protosynthesis|[silent]
|switch|p2a: Greninja|Greninja, M|20/100
|move|p1a: Mr. Moonlight|Stored Power|p2a: Greninja
|-immune|p2a: Greninja
|
|upkeep
|turn|57
|
|t:|1743802118
|move|p2a: Greninja|Blizzard|p1a: Mr. Moonlight
|-damage|p1a: Mr. Moonlight|75/100
|move|p1a: Mr. Moonlight|Flamethrower|p2a: Greninja
|-resisted|p2a: Greninja
|-damage|p2a: Greninja|4/100
|-enditem|p1a: Mr. Moonlight|Leppa Berry|[eat]
|-activate|p1a: Mr. Moonlight|item: Leppa Berry|Flamethrower|[consumed]
|
|upkeep
|turn|58
|
|t:|1743802136
|move|p2a: Greninja|Blizzard|p1a: Mr. Moonlight
|-damage|p1a: Mr. Moonlight|68/100
|move|p1a: Mr. Moonlight|Flamethrower|p2a: Greninja
|-resisted|p2a: Greninja
|-damage|p2a: Greninja|0 fnt
|faint|p2a: Greninja
|
|upkeep
|c|☆Kanto's Finest|gg
|
|t:|1743802146
|switch|p2a: Kingambit|Kingambit, M|100/100
|-activate|p2a: Kingambit|ability: Supreme Overlord
|-start|p2a: Kingambit|fallen3|[silent]
|turn|59
|
|t:|1743802154
|move|p1a: Mr. Moonlight|Flamethrower|p2a: Kingambit
|-supereffective|p2a: Kingambit
|-damage|p2a: Kingambit|66/100
|move|p2a: Kingambit|Iron Head|p1a: Mr. Moonlight
|-supereffective|p1a: Mr. Moonlight
|-damage|p1a: Mr. Moonlight|31/100
|
|upkeep
|turn|60
|
|t:|1743802163
|move|p1a: Mr. Moonlight|Moonlight|p1a: Mr. Moonlight
|-heal|p1a: Mr. Moonlight|81/100
|move|p2a: Kingambit|Iron Head|p1a: Mr. Moonlight
|-supereffective|p1a: Mr. Moonlight
|-damage|p1a: Mr. Moonlight|39/100
|
|upkeep
|turn|61
|
|t:|1743802172
|move|p1a: Mr. Moonlight|Moonlight|p1a: Mr. Moonlight
|-heal|p1a: Mr. Moonlight|89/100
|move|p2a: Kingambit|Iron Head|p1a: Mr. Moonlight
|-supereffective|p1a: Mr. Moonlight
|-damage|p1a: Mr. Moonlight|46/100
|
|upkeep
|turn|62
|
|t:|1743802177
|move|p1a: Mr. Moonlight|Flamethrower|p2a: Kingambit
|-supereffective|p2a: Kingambit
|-damage|p2a: Kingambit|33/100
|move|p2a: Kingambit|Iron Head|p1a: Mr. Moonlight
|-supereffective|p1a: Mr. Moonlight
|-damage|p1a: Mr. Moonlight|8/100
|
|upkeep
|turn|63
|
|t:|1743802184
|move|p1a: Mr. Moonlight|Moonlight|p1a: Mr. Moonlight
|-heal|p1a: Mr. Moonlight|58/100
|move|p2a: Kingambit|Iron Head|p1a: Mr. Moonlight
|-supereffective|p1a: Mr. Moonlight
|-damage|p1a: Mr. Moonlight|19/100
|
|upkeep
|turn|64
|
|t:|1743802193
|move|p1a: Mr. Moonlight|Moonlight|p1a: Mr. Moonlight
|-heal|p1a: Mr. Moonlight|69/100
|move|p2a: Kingambit|Iron Head|p1a: Mr. Moonlight
|-supereffective|p1a: Mr. Moonlight
|-damage|p1a: Mr. Moonlight|28/100
|
|upkeep
|turn|65
|
|t:|1743802217
|-terastallize|p2a: Kingambit|Flying
|move|p1a: Mr. Moonlight|Flamethrower|p2a: Kingambit
|-damage|p2a: Kingambit|14/100
|move|p2a: Kingambit|Iron Head|p1a: Mr. Moonlight
|-supereffective|p1a: Mr. Moonlight
|-damage|p1a: Mr. Moonlight|0 fnt
|faint|p1a: Mr. Moonlight
|
|upkeep
|
|t:|1743802227
|switch|p1a: FuckaDuck|Golduck, F, shiny|100/100
|-ability|p1a: FuckaDuck|Cloud Nine
|turn|66
|
|t:|1743802234
|-end|p2a: Kingambit|fallen3|[silent]
|switch|p2a: Great Tusk|Great Tusk|60/100
|move|p1a: FuckaDuck|Protect||[still]
|-fail|p1a: FuckaDuck
|
|-heal|p2a: Great Tusk|66/100|[from] item: Leftovers
|upkeep
|turn|67
|
|t:|1743802245
|move|p2a: Great Tusk|Stealth Rock|p1a: FuckaDuck
|-sidestart|p1: Kanto's Finest|move: Stealth Rock
|move|p1a: FuckaDuck|Whirlpool|p2a: Great Tusk
|-supereffective|p2a: Great Tusk
|-damage|p2a: Great Tusk|27/100
|-activate|p2a: Great Tusk|move: Whirlpool|[of] p1a: FuckaDuck
|
|-heal|p2a: Great Tusk|34/100|[from] item: Leftovers
|-damage|p2a: Great Tusk|21/100|[from] move: Whirlpool|[partiallytrapped]
|upkeep
|turn|68
|
|t:|1743802254
|move|p1a: FuckaDuck|Protect|p1a: FuckaDuck
|-singleturn|p1a: FuckaDuck|Protect
|move|p2a: Great Tusk|Headlong Rush|p1a: FuckaDuck
|-activate|p1a: FuckaDuck|move: Protect
|
|-heal|p2a: Great Tusk|27/100|[from] item: Leftovers
|-damage|p2a: Great Tusk|15/100|[from] move: Whirlpool|[partiallytrapped]
|upkeep
|turn|69
|
|t:|1743802267
|move|p2a: Great Tusk|Headlong Rush|p1a: FuckaDuck
|-damage|p1a: FuckaDuck|35/100
|-unboost|p2a: Great Tusk|def|1
|-unboost|p2a: Great Tusk|spd|1
|move|p1a: FuckaDuck|Disable|p2a: Great Tusk
|-start|p2a: Great Tusk|Disable|Headlong Rush
|
|-heal|p2a: Great Tusk|21/100|[from] item: Leftovers
|-damage|p2a: Great Tusk|9/100|[from] move: Whirlpool|[partiallytrapped]
|upkeep
|turn|70
|
|t:|1743802277
|move|p1a: FuckaDuck|Protect|p1a: FuckaDuck
|-singleturn|p1a: FuckaDuck|Protect
|move|p2a: Great Tusk|Close Combat|p1a: FuckaDuck
|-activate|p1a: FuckaDuck|move: Protect
|
|-heal|p2a: Great Tusk|15/100|[from] item: Leftovers
|-damage|p2a: Great Tusk|3/100|[from] move: Whirlpool|[partiallytrapped]
|upkeep
|turn|71
|
|t:|1743802283
|move|p1a: FuckaDuck|Protect||[still]
|-fail|p1a: FuckaDuck
|move|p2a: Great Tusk|Close Combat|p1a: FuckaDuck
|-damage|p1a: FuckaDuck|0 fnt
|-unboost|p2a: Great Tusk|def|1
|-unboost|p2a: Great Tusk|spd|1
|faint|p1a: FuckaDuck
|
|-heal|p2a: Great Tusk|9/100|[from] item: Leftovers
|-end|p2a: Great Tusk|Whirlpool|[partiallytrapped]|[silent]
|upkeep
|
|t:|1743802289
|switch|p1a: Octopus's Garden|Tentacruel, F|100/100
|-damage|p1a: Octopus's Garden|88/100|[from] Stealth Rock
|turn|72
|
|t:|1743802293
|move|p2a: Great Tusk|Rapid Spin|p1a: Octopus's Garden
|-damage|p1a: Octopus's Garden|70/100
|-boost|p2a: Great Tusk|spe|1
|move|p1a: Octopus's Garden|Rapid Spin|p2a: Great Tusk
|-damage|p2a: Great Tusk|0 fnt
|-boost|p1a: Octopus's Garden|spe|1
|-sideend|p1: Kanto's Finest|Stealth Rock|[from] move: Rapid Spin|[of] p1a: Octopus's Garden
|faint|p2a: Great Tusk
|-end|p2a: Great Tusk|Protosynthesis|[silent]
|
|-heal|p1a: Octopus's Garden|76/100|[from] item: Leftovers
|upkeep
|
|t:|1743802300
|switch|p2a: Deoxys|Deoxys-Speed|100/100
|-ability|p2a: Deoxys|Pressure
|turn|73
|
|t:|1743802307
|move|p2a: Deoxys|Zen Headbutt|p1a: Octopus's Garden
|-supereffective|p1a: Octopus's Garden
|-damage|p1a: Octopus's Garden|0 fnt
|faint|p1a: Octopus's Garden
|
|upkeep
|
|t:|1743802309
|switch|p1a: Lemon Tree|Exeggutor, F, tera:Ghost|65/100
|turn|74
|
|t:|1743802317
|move|p2a: Deoxys|Zen Headbutt|p1a: Lemon Tree
|-damage|p1a: Lemon Tree|26/100
|cant|p1a: Lemon Tree|flinch
|
|-item|p1a: Lemon Tree|Sitrus Berry|[from] ability: Harvest
|upkeep
|-enditem|p1a: Lemon Tree|Sitrus Berry|[eat]
|-heal|p1a: Lemon Tree|51/100|[from] item: Sitrus Berry
|turn|75
|
|t:|1743802327
|move|p1a: Lemon Tree|Protect|p1a: Lemon Tree
|-singleturn|p1a: Lemon Tree|Protect
|move|p2a: Deoxys|Zen Headbutt|p1a: Lemon Tree
|-activate|p1a: Lemon Tree|move: Protect
|
|-item|p1a: Lemon Tree|Sitrus Berry|[from] ability: Harvest
|upkeep
|turn|76
|
|t:|1743802337
|switch|p2a: Kingambit|Kingambit, M, tera:Flying|14/100
|-activate|p2a: Kingambit|ability: Supreme Overlord
|-start|p2a: Kingambit|fallen4|[silent]
|move|p1a: Lemon Tree|Leech Seed|p2a: Kingambit
|-start|p2a: Kingambit|move: Leech Seed
|
|-damage|p2a: Kingambit|1/100|[from] Leech Seed|[of] p1a: Lemon Tree
|-heal|p1a: Lemon Tree|61/100|[silent]
|upkeep
|turn|77
|
|t:|1743802347
|-end|p2a: Kingambit|fallen4|[silent]
|switch|p2a: Deoxys|Deoxys-Speed|100/100
|-ability|p2a: Deoxys|Pressure
|move|p1a: Lemon Tree|Protect||[still]
|-fail|p1a: Lemon Tree
|
|upkeep
|turn|78
|
|t:|1743802352
|move|p2a: Deoxys|Zen Headbutt|p1a: Lemon Tree
|-damage|p1a: Lemon Tree|23/100
|-enditem|p1a: Lemon Tree|Sitrus Berry|[eat]
|-heal|p1a: Lemon Tree|48/100|[from] item: Sitrus Berry
|move|p1a: Lemon Tree|Leech Seed|p2a: Deoxys
|-start|p2a: Deoxys|move: Leech Seed
|
|-damage|p2a: Deoxys|88/100|[from] Leech Seed|[of] p1a: Lemon Tree
|-heal|p1a: Lemon Tree|56/100|[silent]
|-item|p1a: Lemon Tree|Sitrus Berry|[from] ability: Harvest
|upkeep
|turn|79
|
|t:|1743802363
|move|p2a: Deoxys|Zen Headbutt|p1a: Lemon Tree
|-crit|p1a: Lemon Tree
|-damage|p1a: Lemon Tree|0 fnt
|faint|p1a: Lemon Tree
|
|upkeep
|
|t:|1743802367
|switch|p1a: The Eggman|Chansey, F|100/100
|turn|80
|
|t:|1743802370
|move|p2a: Deoxys|Zen Headbutt|p1a: The Eggman
|-damage|p1a: The Eggman|62/100
|move|p1a: The Eggman|Stealth Rock|p2a: Deoxys
|-sidestart|p2: porchemonkey|move: Stealth Rock
|
|-damage|p2a: Deoxys|76/100|[from] Leech Seed|[of] p1a: The Eggman
|-heal|p1a: The Eggman|67/100|[silent]
|upkeep
|turn|81
|
|t:|1743802375
|move|p2a: Deoxys|Zen Headbutt|p1a: The Eggman
|-damage|p1a: The Eggman|30/100
|move|p1a: The Eggman|Soft-Boiled|p1a: The Eggman
|-heal|p1a: The Eggman|80/100
|
|-damage|p2a: Deoxys|63/100|[from] Leech Seed|[of] p1a: The Eggman
|-heal|p1a: The Eggman|85/100|[silent]
|upkeep
|turn|82
|
|t:|1743802383
|switch|p2a: Kingambit|Kingambit, M, tera:Flying|1/100
|-damage|p2a: Kingambit|0 fnt|[from] Stealth Rock
|faint|p2a: Kingambit
|-end|p2a: Kingambit|fallen4|[silent]
|move|p1a: The Eggman|Soft-Boiled|p1a: The Eggman
|-heal|p1a: The Eggman|100/100
|
|upkeep
|
|t:|1743802385
|switch|p2a: Deoxys|Deoxys-Speed|63/100
|-damage|p2a: Deoxys|51/100|[from] Stealth Rock
|-ability|p2a: Deoxys|Pressure
|turn|83
|
|t:|1743802388
|move|p2a: Deoxys|Drain Punch|p1a: The Eggman
|-supereffective|p1a: The Eggman
|-damage|p1a: The Eggman|57/100
|-heal|p2a: Deoxys|100/100|[from] drain|[of] p1a: The Eggman
|move|p1a: The Eggman|Seismic Toss|p2a: Deoxys
|-damage|p2a: Deoxys|59/100
|
|upkeep
|turn|84
|
|t:|1743802393
|move|p2a: Deoxys|Drain Punch|p1a: The Eggman
|-supereffective|p1a: The Eggman
|-damage|p1a: The Eggman|15/100
|-heal|p2a: Deoxys|100/100|[from] drain|[of] p1a: The Eggman
|move|p1a: The Eggman|Seismic Toss|p2a: Deoxys
|-damage|p2a: Deoxys|59/100
|
|upkeep
|turn|85
|c|☆porchemonkey|gg
|
|t:|1743802398
|move|p2a: Deoxys|Drain Punch|p1a: The Eggman
|-supereffective|p1a: The Eggman
|-damage|p1a: The Eggman|0 fnt
|-heal|p2a: Deoxys|81/100|[from] drain|[of] p1a: The Eggman
|faint|p1a: The Eggman
|
|win|porchemonkey
|raw|Kanto&apos;s Finest's rating: 1106 &rarr; <strong>1087</strong><br />(-19 for losing)
|raw|porchemonkey's rating: 1188 &rarr; <strong>1207</strong><br />(+19 for winning)
|c|☆Kanto's Finest|dang bruther
|l|☆Kanto's Finest
|player|p1|
