|j|☆spidawida07
|j|☆sleep or study
|t:|1743858950
|gametype|singles
|player|p1|spidawida07|265|1220
|player|p2|sleep or study|2|1257
|teamsize|p1|6
|teamsize|p2|6
|gen|9
|tier|[Gen 9] OU
|rated|
|rule|HP Percentage Mod: HP is shown in percentages
|rule|Endless Battle Clause: Forcing endless battles is banned
|rule|Species Clause: Limit one of each Pokémon
|rule|OHKO Clause: OHKO moves are banned
|rule|Evasion Items Clause: Evasion items are banned
|rule|Evasion Moves Clause: Evasion moves are banned
|rule|Sleep Moves Clause: Sleep-inducing moves are banned
|clearpoke
|poke|p1|Kyurem|
|poke|p1|Iron Thorns|
|poke|p1|Primarina, M|
|poke|p1|Great Tusk|
|poke|p1|Ting-Lu|
|poke|p1|Sinistcha|
|poke|p2|Glimmora, M|
|poke|p2|Zamazenta-*|
|poke|p2|Latias, F|
|poke|p2|Gholdengo|
|poke|p2|Dragonite, F|
|poke|p2|Weavile, M|
|teampreview
|inactive|Battle timer is ON: inactive players will automatically lose when time's up. (requested by sleep or study)
|inactive|spidawida07 has 120 seconds left.
|
|t:|1743858987
|start
|switch|p1a: Ting-Lu|Ting-Lu|100/100
|switch|p2a: Weavile|Weavile, M|100/100
|-ability|p1a: Ting-Lu|Vessel of Ruin
|turn|1
|inactive|spidawida07 has 120 seconds left.
|
|t:|1743859019
|switch|p1a: Great Tusk|Great Tusk|100/100
|move|p2a: Weavile|Triple Axel|p1a: Great Tusk|[miss]
|-miss|p2a: Weavile|p1a: Great Tusk
|
|upkeep
|turn|2
|inactive|spidawida07 has 120 seconds left.
|
|t:|1743859032
|move|p2a: Weavile|Triple Axel|p1a: Great Tusk
|-supereffective|p1a: Great Tusk
|-damage|p1a: Great Tusk|82/100
|-damage|p2a: Weavile|84/100|[from] item: Rocky Helmet|[of] p1a: Great Tusk
|-supereffective|p1a: Great Tusk
|-damage|p1a: Great Tusk|46/100
|-damage|p2a: Weavile|68/100|[from] item: Rocky Helmet|[of] p1a: Great Tusk
|-supereffective|p1a: Great Tusk
|-damage|p1a: Great Tusk|0 fnt
|-damage|p2a: Weavile|51/100|[from] item: Rocky Helmet|[of] p1a: Great Tusk
|faint|p1a: Great Tusk
|-end|p1a: Great Tusk|Protosynthesis|[silent]
|-hitcount|p1: Great Tusk|3
|-damage|p2a: Weavile|41/100|[from] item: Life Orb
|
|upkeep
|inactive|spidawida07 has 120 seconds left.
|
|t:|1743859050
|switch|p1a: Primarina|Primarina, M|100/100
|turn|3
|
|t:|1743859067
|switch|p2a: Gholdengo|Gholdengo|100/100
|move|p1a: Primarina|Surf|p2a: Gholdengo
|-damage|p2a: Gholdengo|47/100
|
|upkeep
|turn|4
|
|t:|1743859087
|move|p2a: Gholdengo|Thunderbolt|p1a: Primarina
|-supereffective|p1a: Primarina
|-damage|p1a: Primarina|62/100
|move|p1a: Primarina|Surf|p2a: Gholdengo
|-damage|p2a: Gholdengo|0 fnt
|faint|p2a: Gholdengo
|
|upkeep
|
|t:|1743859093
|switch|p2a: Latias|Latias, F|100/100
|turn|5
|
|t:|1743859098
|move|p2a: Latias|Calm Mind|p2a: Latias
|-boost|p2a: Latias|spa|1
|-boost|p2a: Latias|spd|1
|move|p1a: Primarina|Moonblast|p2a: Latias
|-supereffective|p2a: Latias
|-damage|p2a: Latias|46/100
|
|-heal|p2a: Latias|52/100|[from] item: Leftovers
|upkeep
|turn|6
|
|t:|1743859114
|-terastallize|p2a: Latias|Fairy
|move|p2a: Latias|Calm Mind|p2a: Latias
|-boost|p2a: Latias|spa|1
|-boost|p2a: Latias|spd|1
|move|p1a: Primarina|Moonblast|p2a: Latias
|-crit|p2a: Latias
|-damage|p2a: Latias|0 fnt
|faint|p2a: Latias
|
|upkeep
|
|t:|1743859128
|switch|p2a: Weavile|Weavile, M|41/100
|turn|7
|
|t:|1743859132
|move|p2a: Weavile|Knock Off|p1a: Primarina
|-resisted|p1a: Primarina
|-damage|p1a: Primarina|20/100
|-enditem|p1a: Primarina|Assault Vest|[from] move: Knock Off|[of] p2a: Weavile
|-damage|p2a: Weavile|31/100|[from] item: Life Orb
|move|p1a: Primarina|Surf|p2a: Weavile
|-damage|p2a: Weavile|0 fnt
|faint|p2a: Weavile
|
|upkeep
|
|t:|1743859142
|switch|p2a: Dragonite|Dragonite, F|100/100
|turn|8
|
|t:|1743859151
|move|p2a: Dragonite|Dragon Dance|p2a: Dragonite
|-boost|p2a: Dragonite|atk|1
|-boost|p2a: Dragonite|spe|1
|move|p1a: Primarina|Moonblast|p2a: Dragonite
|-supereffective|p2a: Dragonite
|-damage|p2a: Dragonite|47/100
|
|upkeep
|turn|9
|
|t:|1743859159
|move|p2a: Dragonite|Earthquake|p1a: Primarina
|-damage|p1a: Primarina|0 fnt
|faint|p1a: Primarina
|
|upkeep
|
|t:|1743859170
|switch|p1a: Sinistcha|Sinistcha|100/100
|turn|10
|
|t:|1743859178
|move|p2a: Dragonite|Ice Spinner|p1a: Sinistcha
|-supereffective|p1a: Sinistcha
|-damage|p1a: Sinistcha|34/100
|move|p1a: Sinistcha|Shadow Ball|p2a: Dragonite
|-damage|p2a: Dragonite|13/100
|
|upkeep
|turn|11
|
|t:|1743859194
|move|p2a: Dragonite|Ice Spinner|p1a: Sinistcha
|-supereffective|p1a: Sinistcha
|-damage|p1a: Sinistcha|0 fnt
|faint|p1a: Sinistcha
|
|upkeep
|
|t:|1743859199
|switch|p1a: Iron Thorns|Iron Thorns|100/100
|turn|12
|
|t:|1743859203
|-terastallize|p1a: Iron Thorns|Bug
|move|p2a: Dragonite|Earthquake|p1a: Iron Thorns
|-resisted|p1a: Iron Thorns
|-damage|p1a: Iron Thorns|75/100
|move|p1a: Iron Thorns|Dragon Dance|p1a: Iron Thorns
|-boost|p1a: Iron Thorns|atk|1
|-boost|p1a: Iron Thorns|spe|1
|
|upkeep
|turn|13
|
|t:|1743859220
|switch|p2a: Glimmora|Glimmora, M|100/100
|move|p1a: Iron Thorns|Pin Missile|p2a: Glimmora
|-resisted|p2a: Glimmora
|-damage|p2a: Glimmora|91/100
|-activate|p2a: Glimmora|ability: Toxic Debris
|-sidestart|p1: spidawida07|move: Toxic Spikes
|-resisted|p2a: Glimmora
|-damage|p2a: Glimmora|82/100
|-activate|p2a: Glimmora|ability: Toxic Debris
|-sidestart|p1: spidawida07|move: Toxic Spikes
|-resisted|p2a: Glimmora
|-damage|p2a: Glimmora|72/100
|-resisted|p2a: Glimmora
|-damage|p2a: Glimmora|62/100
|-hitcount|p2a: Glimmora|4
|-enditem|p2a: Glimmora|Red Card|[of] p1a: Iron Thorns
|-end|p1a: Iron Thorns|Quark Drive|[silent]
|drag|p1a: Kyurem|Kyurem|100/100
|-status|p1a: Kyurem|tox
|-ability|p1a: Kyurem|Pressure
|
|-damage|p1a: Kyurem|94/100 tox|[from] psn
|upkeep
|turn|14
|inactive|spidawida07 has 120 seconds left.
|
|t:|1743859249
|switch|p2a: Dragonite|Dragonite, F|13/100
|move|p1a: Kyurem|Scale Shot|p2a: Dragonite
|-supereffective|p2a: Dragonite
|-damage|p2a: Dragonite|0 fnt
|faint|p2a: Dragonite
|-hitcount|p2: Dragonite|1
|-unboost|p1a: Kyurem|def|1
|-boost|p1a: Kyurem|spe|1
|
|-damage|p1a: Kyurem|82/100 tox|[from] psn
|upkeep
|
|t:|1743859256
|switch|p2a: Zamazenta|Zamazenta|100/100
|-ability|p2a: Zamazenta|Dauntless Shield|boost
|-boost|p2a: Zamazenta|def|1
|turn|15
|
|t:|1743859268
|move|p1a: Kyurem|Icicle Spear|p2a: Zamazenta
|-damage|p2a: Zamazenta|93/100
|-damage|p2a: Zamazenta|86/100
|-damage|p2a: Zamazenta|78/100
|-damage|p2a: Zamazenta|70/100
|-hitcount|p2a: Zamazenta|4
|move|p2a: Zamazenta|Substitute|p2a: Zamazenta
|-start|p2a: Zamazenta|Substitute
|-damage|p2a: Zamazenta|46/100
|
|-heal|p2a: Zamazenta|52/100|[from] item: Leftovers
|-damage|p1a: Kyurem|64/100 tox|[from] psn
|upkeep
|turn|16
|
|t:|1743859283
|move|p1a: Kyurem|Icicle Spear|p2a: Zamazenta
|-activate|p2a: Zamazenta|move: Substitute|[damage]
|-activate|p2a: Zamazenta|move: Substitute|[damage]
|-activate|p2a: Zamazenta|move: Substitute|[damage]
|-crit|p2a: Zamazenta
|-end|p2a: Zamazenta|Substitute
|-hitcount|p2a: Zamazenta|4
|move|p2a: Zamazenta|Body Press|p1a: Kyurem
|-supereffective|p1a: Kyurem
|-damage|p1a: Kyurem|0 fnt
|faint|p1a: Kyurem
|
|-heal|p2a: Zamazenta|58/100|[from] item: Leftovers
|upkeep
|
|t:|1743859295
|switch|p1a: Ting-Lu|Ting-Lu|100/100
|-status|p1a: Ting-Lu|tox
|-ability|p1a: Ting-Lu|Vessel of Ruin
|turn|17
|
|t:|1743859300
|move|p2a: Zamazenta|Substitute|p2a: Zamazenta
|-start|p2a: Zamazenta|Substitute
|-damage|p2a: Zamazenta|33/100
|move|p1a: Ting-Lu|Whirlwind|p2a: Zamazenta
|drag|p2a: Glimmora|Glimmora, M|62/100
|
|-damage|p1a: Ting-Lu|94/100 tox|[from] psn
|upkeep
|turn|18
|
|t:|1743859329
|move|p2a: Glimmora|Earth Power|p1a: Ting-Lu
|-damage|p1a: Ting-Lu|83/100 tox
|move|p1a: Ting-Lu|Spikes|p2a: Glimmora
|-sidestart|p2: sleep or study|Spikes
|
|-heal|p1a: Ting-Lu|89/100 tox|[from] item: Leftovers
|-damage|p1a: Ting-Lu|77/100 tox|[from] psn
|upkeep
|turn|19
|
|t:|1743859335
|switch|p2a: Zamazenta|Zamazenta|33/100
|-damage|p2a: Zamazenta|21/100|[from] Spikes
|move|p1a: Ting-Lu|Spikes|p2a: Zamazenta
|-sidestart|p2: sleep or study|Spikes
|
|-heal|p2a: Zamazenta|27/100|[from] item: Leftovers
|-heal|p1a: Ting-Lu|83/100 tox|[from] item: Leftovers
|-damage|p1a: Ting-Lu|64/100 tox|[from] psn
|upkeep
|turn|20
|
|t:|1743859344
|move|p2a: Zamazenta|Body Press|p1a: Ting-Lu
|-supereffective|p1a: Ting-Lu
|-damage|p1a: Ting-Lu|27/100 tox
|move|p1a: Ting-Lu|Whirlwind|p2a: Zamazenta
|drag|p2a: Glimmora|Glimmora, M|62/100
|-damage|p2a: Glimmora|45/100|[from] Spikes
|
|-heal|p1a: Ting-Lu|33/100 tox|[from] item: Leftovers
|-damage|p1a: Ting-Lu|8/100 tox|[from] psn
|upkeep
|turn|21
|
|t:|1743859363
|move|p2a: Glimmora|Stealth Rock|p1a: Ting-Lu
|-sidestart|p1: spidawida07|move: Stealth Rock
|move|p1a: Ting-Lu|Spikes|p2a: Glimmora
|-sidestart|p2: sleep or study|Spikes
|
|-heal|p1a: Ting-Lu|15/100 tox|[from] item: Leftovers
|-damage|p1a: Ting-Lu|0 fnt|[from] psn
|faint|p1a: Ting-Lu
|upkeep
|
|t:|1743859365
|switch|p1a: Iron Thorns|Iron Thorns, tera:Bug|75/100
|-status|p1a: Iron Thorns|tox
|-damage|p1a: Iron Thorns|50/100 tox|[from] Stealth Rock
|turn|22
|
|t:|1743859372
|move|p1a: Iron Thorns|Dragon Dance|p1a: Iron Thorns
|-boost|p1a: Iron Thorns|atk|1
|-boost|p1a: Iron Thorns|spe|1
|move|p2a: Glimmora|Power Gem|p1a: Iron Thorns
|-supereffective|p1a: Iron Thorns
|-damage|p1a: Iron Thorns|0 fnt
|faint|p1a: Iron Thorns
|-end|p1a: Iron Thorns|Quark Drive|[silent]
|
|win|sleep or study
|raw|spidawida07's rating: 1220 &rarr; <strong>1198</strong><br />(-22 for losing)
|raw|sleep or study's rating: 1257 &rarr; <strong>1279</strong><br />(+22 for winning)
|l|☆spidawida07
|player|p1|
