|j|☆hugobui0105
|j|☆Khari
|t:|1743865160
|gametype|singles
|player|p1|hugobui0105|scientist-gen4dp|1592
|player|p2|Khari|miku-ground|1539
|teamsize|p1|6
|teamsize|p2|6
|gen|9
|tier|[Gen 9] OU
|rated|
|rule|HP Percentage Mod: HP is shown in percentages
|rule|Endless Battle Clause: Forcing endless battles is banned
|rule|Species Clause: Limit one of each Pokémon
|rule|OHKO Clause: OHKO moves are banned
|rule|Evasion Items Clause: Evasion items are banned
|rule|Evasion Moves Clause: Evasion moves are banned
|rule|Sleep Moves Clause: Sleep-inducing moves are banned
|clearpoke
|poke|p1|Kyurem|
|poke|p1|Ting-Lu|
|poke|p1|Corviknight, M|
|poke|p1|Weezing-Galar, F|
|poke|p1|Zamazenta-*|
|poke|p1|Toxapex, M|
|poke|p2|Blaziken, M|
|poke|p2|Corviknight, F|
|poke|p2|Kyurem|
|poke|p2|Great Tusk|
|poke|p2|Iron Valiant|
|poke|p2|Araquanid, F|
|teampreview
|inactive|Battle timer is ON: inactive players will automatically lose when time's up. (requested by Khari)
|inactive|hugobui0105 has 120 seconds left.
|inactive|hugobui0105 has 90 seconds left.
|
|t:|1743865230
|start
|switch|p1a: Trojan|Zamazenta, shiny|100/100
|switch|p2a: Araquanid|Araquanid, F|100/100
|-ability|p1a: Trojan|Dauntless Shield|boost
|-boost|p1a: Trojan|def|1
|turn|1
|
|t:|1743865243
|switch|p2a: Corviknight|Corviknight, F|100/100
|-ability|p2a: Corviknight|Pressure
|move|p1a: Trojan|Stone Edge|p2a: Corviknight
|-damage|p2a: Corviknight|70/100
|
|upkeep
|turn|2
|
|t:|1743865254
|switch|p1a: Weezing|Weezing-Galar, F|100/100
|-ability|p1a: Weezing|Neutralizing Gas
|move|p2a: Corviknight|Roost|p2a: Corviknight
|-heal|p2a: Corviknight|100/100
|-singleturn|p2a: Corviknight|move: Roost
|
|upkeep
|turn|3
|
|t:|1743865259
|switch|p2a: Araquanid|Araquanid, F|100/100
|move|p1a: Weezing|Will-O-Wisp|p2a: Araquanid
|-status|p2a: Araquanid|brn
|
|-damage|p2a: Araquanid|94/100 brn|[from] brn
|upkeep
|turn|4
|
|t:|1743865268
|move|p1a: Weezing|Strange Steam|p2a: Araquanid
|-damage|p2a: Araquanid|71/100 brn
|move|p2a: Araquanid|Sticky Web|p1a: Weezing
|-sidestart|p1: hugobui0105|move: Sticky Web
|
|-damage|p2a: Araquanid|65/100 brn|[from] brn
|upkeep
|turn|5
|
|t:|1743865278
|switch|p2a: Corviknight|Corviknight, F|100/100
|move|p1a: Weezing|Defog|p2a: Corviknight
|-unboost|p2a: Corviknight|evasion|1
|-sideend|p1: hugobui0105|Sticky Web|[from] move: Defog|[of] p1a: Weezing
|
|upkeep
|turn|6
|
|t:|1743865283
|switch|p2a: Kyurem|Kyurem|100/100
|move|p1a: Weezing|Will-O-Wisp|p2a: Kyurem
|-status|p2a: Kyurem|brn
|
|-damage|p2a: Kyurem|94/100 brn|[from] brn
|upkeep
|turn|7
|
|t:|1743865296
|-end|p1a: Weezing|ability: Neutralizing Gas
|-ability|p2a: Kyurem|Pressure
|switch|p1a: Serpentine|Toxapex, M, shiny|100/100
|move|p2a: Kyurem|Freeze-Dry|p1a: Serpentine
|-supereffective|p1a: Serpentine
|-damage|p1a: Serpentine|41/100
|
|-damage|p2a: Kyurem|88/100 brn|[from] brn
|upkeep
|turn|8
|inactive|hugobui0105 has 120 seconds left.
|
|t:|1743865332
|switch|p1a: Goliath|Ting-Lu|100/100
|-ability|p1a: Goliath|Vessel of Ruin
|move|p2a: Kyurem|Freeze-Dry|p1a: Goliath
|-supereffective|p1a: Goliath
|-damage|p1a: Goliath|57/100
|
|-heal|p1a: Goliath|63/100|[from] item: Leftovers
|-damage|p2a: Kyurem|82/100 brn|[from] brn
|upkeep
|turn|9
|inactive|hugobui0105 has 120 seconds left.
|
|t:|1743865339
|move|p2a: Kyurem|Freeze-Dry|p1a: Goliath
|-supereffective|p1a: Goliath
|-damage|p1a: Goliath|18/100
|move|p1a: Goliath|Earthquake|p2a: Kyurem
|-damage|p2a: Kyurem|48/100 brn
|
|-heal|p1a: Goliath|24/100|[from] item: Leftovers
|-damage|p2a: Kyurem|41/100 brn|[from] brn
|upkeep
|turn|10
|
|t:|1743865344
|move|p2a: Kyurem|Freeze-Dry|p1a: Goliath
|-supereffective|p1a: Goliath
|-damage|p1a: Goliath|0 fnt
|faint|p1a: Goliath
|
|-damage|p2a: Kyurem|35/100 brn|[from] brn
|upkeep
|
|t:|1743865347
|switch|p1a: Trojan|Zamazenta, shiny|100/100
|turn|11
|
|t:|1743865352
|switch|p2a: Great Tusk|Great Tusk|100/100
|move|p1a: Trojan|Close Combat|p2a: Great Tusk
|-damage|p2a: Great Tusk|34/100
|-unboost|p1a: Trojan|def|1
|-unboost|p1a: Trojan|spd|1
|
|upkeep
|turn|12
|
|t:|1743865356
|-end|p2a: Great Tusk|Protosynthesis|[silent]
|switch|p2a: Iron Valiant|Iron Valiant|100/100
|move|p1a: Trojan|Close Combat|p2a: Iron Valiant
|-resisted|p2a: Iron Valiant
|-damage|p2a: Iron Valiant|48/100
|-unboost|p1a: Trojan|def|1
|-unboost|p1a: Trojan|spd|1
|
|upkeep
|turn|13
|
|t:|1743865368
|switch|p1a: Serpentine|Toxapex, M, shiny|74/100
|-end|p2a: Iron Valiant|Quark Drive|[silent]
|switch|p2a: Araquanid|Araquanid, F|65/100 brn
|-activate|p2a: Araquanid|ability: Water Bubble
|-curestatus|p2a: Araquanid|brn|[msg]
|
|upkeep
|turn|14
|
|t:|1743865375
|switch|p2a: Corviknight|Corviknight, F|100/100
|-ability|p2a: Corviknight|Pressure
|move|p1a: Serpentine|Sludge Bomb|p2a: Corviknight
|-immune|p2a: Corviknight
|
|upkeep
|turn|15
|
|t:|1743865380
|switch|p1a: Yami|Corviknight, M, shiny|100/100
|-ability|p1a: Yami|Pressure
|move|p2a: Corviknight|Brave Bird|p1a: Yami
|-resisted|p1a: Yami
|-damage|p1a: Yami|89/100
|-damage|p2a: Corviknight|84/100|[from] item: Rocky Helmet|[of] p1a: Yami
|-damage|p2a: Corviknight|80/100|[from] Recoil
|
|upkeep
|turn|16
|
|t:|1743865386
|switch|p2a: joltee|Blaziken, M|100/100
|-item|p2a: joltee|Air Balloon
|move|p1a: Yami|Iron Defense|p1a: Yami
|-boost|p1a: Yami|def|2
|
|upkeep
|turn|17
|inactive|hugobui0105 has 120 seconds left.
|
|t:|1743865434
|switch|p1a: Serpentine|Toxapex, M, shiny|100/100
|move|p2a: joltee|Swords Dance|p2a: joltee
|-boost|p2a: joltee|atk|2
|
|-ability|p2a: joltee|Speed Boost|boost
|-boost|p2a: joltee|spe|1
|upkeep
|turn|18
|
|t:|1743865458
|switch|p2a: Corviknight|Corviknight, F|80/100
|-ability|p2a: Corviknight|Pressure
|-terastallize|p1a: Serpentine|Water
|move|p1a: Serpentine|Surf|p2a: Corviknight
|-damage|p2a: Corviknight|43/100
|
|upkeep
|turn|19
|
|t:|1743865469
|switch|p1a: Weezing|Weezing-Galar, F|100/100
|-ability|p1a: Weezing|Neutralizing Gas
|move|p2a: Corviknight|Roost|p2a: Corviknight
|-heal|p2a: Corviknight|93/100
|-singleturn|p2a: Corviknight|move: Roost
|
|upkeep
|turn|20
|
|t:|1743865477
|move|p1a: Weezing|Will-O-Wisp|p2a: Corviknight
|-status|p2a: Corviknight|brn
|move|p2a: Corviknight|U-turn|p1a: Weezing
|-resisted|p1a: Weezing
|-damage|p1a: Weezing|99/100
|
|t:|1743865484
|switch|p2a: joltee|Blaziken, M|100/100|[from] U-turn
|-item|p2a: joltee|Air Balloon
|
|upkeep
|turn|21
|inactive|hugobui0105 has 120 seconds left.
|
|t:|1743865494
|-end|p1a: Weezing|ability: Neutralizing Gas
|switch|p1a: Serpentine|Toxapex, M, shiny, tera:Water|100/100
|move|p2a: joltee|Swords Dance|p2a: joltee
|-boost|p2a: joltee|atk|2
|
|-ability|p2a: joltee|Speed Boost|boost
|-boost|p2a: joltee|spe|1
|upkeep
|turn|22
|
|t:|1743865502
|switch|p2a: Araquanid|Araquanid, F|65/100
|move|p1a: Serpentine|Surf|p2a: Araquanid
|-resisted|p2a: Araquanid
|-damage|p2a: Araquanid|48/100
|
|upkeep
|turn|23
|
|t:|1743865507
|switch|p1a: Yami|Corviknight, M, shiny|89/100
|-ability|p1a: Yami|Pressure
|move|p2a: Araquanid|Sticky Web|p1a: Yami
|-sidestart|p1: hugobui0105|move: Sticky Web
|
|upkeep
|turn|24
|
|t:|1743865511
|move|p1a: Yami|Iron Defense|p1a: Yami
|-boost|p1a: Yami|def|2
|move|p2a: Araquanid|Hydro Pump|p1a: Yami|[miss]
|-miss|p2a: Araquanid|p1a: Yami
|
|upkeep
|turn|25
|
|t:|1743865520
|switch|p1a: Serpentine|Toxapex, M, shiny, tera:Water|100/100
|-activate|p1a: Serpentine|move: Sticky Web
|-unboost|p1a: Serpentine|spe|1
|move|p2a: Araquanid|Hydro Pump|p1a: Serpentine
|-resisted|p1a: Serpentine
|-damage|p1a: Serpentine|88/100
|
|upkeep
|turn|26
|
|t:|1743865524
|switch|p2a: Corviknight|Corviknight, F|93/100 brn
|-ability|p2a: Corviknight|Pressure
|move|p1a: Serpentine|Sludge Bomb|p2a: Corviknight
|-immune|p2a: Corviknight
|
|-damage|p2a: Corviknight|87/100 brn|[from] brn
|upkeep
|turn|27
|
|t:|1743865530
|move|p2a: Corviknight|Brave Bird|p1a: Serpentine
|-damage|p1a: Serpentine|73/100
|-damage|p2a: Corviknight|83/100 brn|[from] Recoil
|move|p1a: Serpentine|Surf|p2a: Corviknight
|-damage|p2a: Corviknight|45/100 brn
|
|-damage|p2a: Corviknight|39/100 brn|[from] brn
|upkeep
|turn|28
|
|t:|1743865536
|move|p2a: Corviknight|Roost|p2a: Corviknight
|-heal|p2a: Corviknight|89/100 brn
|-singleturn|p2a: Corviknight|move: Roost
|move|p1a: Serpentine|Surf|p2a: Corviknight
|-damage|p2a: Corviknight|53/100 brn
|
|-damage|p2a: Corviknight|47/100 brn|[from] brn
|upkeep
|turn|29
|
|t:|1743865543
|move|p2a: Corviknight|Roost|p2a: Corviknight
|-heal|p2a: Corviknight|97/100 brn
|-singleturn|p2a: Corviknight|move: Roost
|move|p1a: Serpentine|Surf|p2a: Corviknight
|-damage|p2a: Corviknight|61/100 brn
|
|-damage|p2a: Corviknight|55/100 brn|[from] brn
|upkeep
|turn|30
|
|t:|1743865553
|move|p2a: Corviknight|Roost|p2a: Corviknight
|-heal|p2a: Corviknight|100/100 brn
|-singleturn|p2a: Corviknight|move: Roost
|move|p1a: Serpentine|Sludge Bomb|p2a: Corviknight
|-immune|p2a: Corviknight
|
|-damage|p2a: Corviknight|94/100 brn|[from] brn
|upkeep
|turn|31
|
|t:|1743865561
|switch|p1a: Yami|Corviknight, M, shiny|89/100
|-ability|p1a: Yami|Pressure
|move|p2a: Corviknight|U-turn|p1a: Yami
|-resisted|p1a: Yami
|-damage|p1a: Yami|88/100
|-damage|p2a: Corviknight|78/100 brn|[from] item: Rocky Helmet|[of] p1a: Yami
|
|t:|1743865565
|switch|p2a: Kyurem|Kyurem|35/100 brn|[from] U-turn
|-ability|p2a: Kyurem|Pressure
|
|-damage|p2a: Kyurem|29/100 brn|[from] brn
|upkeep
|turn|32
|
|t:|1743865574
|move|p2a: Kyurem|Ice Beam|p1a: Yami
|-damage|p1a: Yami|25/100
|move|p1a: Yami|Body Press|p2a: Kyurem
|-supereffective|p2a: Kyurem
|-damage|p2a: Kyurem|0 fnt
|faint|p2a: Kyurem
|
|upkeep
|
|t:|1743865580
|switch|p2a: joltee|Blaziken, M|100/100
|-item|p2a: joltee|Air Balloon
|turn|33
|
|t:|1743865586
|move|p2a: joltee|Swords Dance|p2a: joltee
|-boost|p2a: joltee|atk|2
|move|p1a: Yami|Body Press|p2a: joltee
|-damage|p2a: joltee|58/100
|-enditem|p2a: joltee|Air Balloon
|
|-ability|p2a: joltee|Speed Boost|boost
|-boost|p2a: joltee|spe|1
|upkeep
|turn|34
|
|t:|1743865591
|move|p2a: joltee|Flare Blitz|p1a: Yami
|-supereffective|p1a: Yami
|-damage|p1a: Yami|0 fnt
|-damage|p2a: joltee|42/100|[from] item: Rocky Helmet|[of] p1a: Yami
|faint|p1a: Yami
|-damage|p2a: joltee|31/100|[from] Recoil
|
|-ability|p2a: joltee|Speed Boost|boost
|-boost|p2a: joltee|spe|1
|upkeep
|
|t:|1743865600
|switch|p1a: Weezing|Weezing-Galar, F|99/100
|-ability|p1a: Weezing|Neutralizing Gas
|turn|35
|
|t:|1743865603
|move|p2a: joltee|Flare Blitz|p1a: Weezing
|-damage|p1a: Weezing|29/100
|-damage|p2a: joltee|5/100|[from] Recoil
|move|p1a: Weezing|Strange Steam|p2a: joltee
|-damage|p2a: joltee|0 fnt
|faint|p2a: joltee
|
|upkeep
|
|t:|1743865606
|switch|p2a: Great Tusk|Great Tusk|34/100
|turn|36
|inactive|hugobui0105 has 120 seconds left.
|
|t:|1743865644
|move|p2a: Great Tusk|Headlong Rush|p1a: Weezing
|-supereffective|p1a: Weezing
|-damage|p1a: Weezing|0 fnt
|-unboost|p2a: Great Tusk|def|1
|-unboost|p2a: Great Tusk|spd|1
|faint|p1a: Weezing
|-end|p1a: Weezing|ability: Neutralizing Gas
|
|upkeep
|j| AzovSTALL
|
|t:|1743865665
|switch|p1a: Trojan|Zamazenta, shiny|100/100
|-activate|p1a: Trojan|move: Sticky Web
|-unboost|p1a: Trojan|spe|1
|turn|37
|
|t:|1743865675
|-end|p2a: Great Tusk|Protosynthesis|[silent]
|switch|p2a: Corviknight|Corviknight, F|78/100 brn
|-ability|p2a: Corviknight|Pressure
|move|p1a: Trojan|Close Combat|p2a: Corviknight
|-damage|p2a: Corviknight|26/100 brn
|-unboost|p1a: Trojan|def|1
|-unboost|p1a: Trojan|spd|1
|-damage|p1a: Trojan|84/100|[from] item: Rocky Helmet|[of] p2a: Corviknight
|
|-damage|p2a: Corviknight|20/100 brn|[from] brn
|upkeep
|turn|38
|
|t:|1743865678
|move|p1a: Trojan|Close Combat|p2a: Corviknight
|-damage|p2a: Corviknight|0 fnt
|-unboost|p1a: Trojan|def|1
|-unboost|p1a: Trojan|spd|1
|-damage|p1a: Trojan|67/100|[from] item: Rocky Helmet|[of] p2a: Corviknight
|faint|p2a: Corviknight
|
|upkeep
|
|t:|1743865681
|switch|p2a: Iron Valiant|Iron Valiant|48/100
|turn|39
|
|t:|1743865685
|-terastallize|p2a: Iron Valiant|Fairy
|move|p2a: Iron Valiant|Moonblast|p1a: Trojan
|-supereffective|p1a: Trojan
|-damage|p1a: Trojan|0 fnt
|faint|p1a: Trojan
|
|upkeep
|
|t:|1743865688
|switch|p1a: Serpentine|Toxapex, M, shiny, tera:Water|100/100
|-activate|p1a: Serpentine|move: Sticky Web
|-unboost|p1a: Serpentine|spe|1
|turn|40
|
|t:|1743865693
|-end|p2a: Iron Valiant|Quark Drive|[silent]
|switch|p2a: Araquanid|Araquanid, F|48/100
|move|p1a: Serpentine|Surf|p2a: Araquanid
|-resisted|p2a: Araquanid
|-damage|p2a: Araquanid|31/100
|
|upkeep
|turn|41
|
|t:|1743865697
|move|p2a: Araquanid|Leech Life|p1a: Serpentine
|-damage|p1a: Serpentine|78/100
|-heal|p2a: Araquanid|42/100|[from] drain|[of] p1a: Serpentine
|move|p1a: Serpentine|Sludge Bomb|p2a: Araquanid
|-damage|p2a: Araquanid|16/100
|
|upkeep
|turn|42
|-enditem|p2a: Araquanid|Custap Berry|[eat]
|-activate|p2a: Araquanid|item: Custap Berry|[consumed]
|
|t:|1743865705
|move|p2a: Araquanid|Liquidation|p1a: Serpentine
|-resisted|p1a: Serpentine
|-damage|p1a: Serpentine|52/100
|move|p1a: Serpentine|Sludge Bomb|p2a: Araquanid
|-damage|p2a: Araquanid|0 fnt
|faint|p2a: Araquanid
|
|upkeep
|
|t:|1743865708
|switch|p2a: Iron Valiant|Iron Valiant, tera:Fairy|48/100
|turn|43
|
|t:|1743865717
|switch|p1a: Kyurem|Kyurem|100/100
|-activate|p1a: Kyurem|move: Sticky Web
|-unboost|p1a: Kyurem|spe|1
|-ability|p1a: Kyurem|Pressure
|move|p2a: Iron Valiant|Moonblast|p1a: Kyurem
|-supereffective|p1a: Kyurem
|-damage|p1a: Kyurem|0 fnt
|faint|p1a: Kyurem
|
|upkeep
|
|t:|1743865719
|switch|p1a: Serpentine|Toxapex, M, shiny, tera:Water|85/100
|-activate|p1a: Serpentine|move: Sticky Web
|-unboost|p1a: Serpentine|spe|1
|turn|44
|
|t:|1743865724
|move|p2a: Iron Valiant|Moonblast|p1a: Serpentine
|-damage|p1a: Serpentine|47/100
|-unboost|p1a: Serpentine|spa|1
|move|p1a: Serpentine|Surf|p2a: Iron Valiant
|-damage|p2a: Iron Valiant|0 fnt
|faint|p2a: Iron Valiant
|-end|p2a: Iron Valiant|Quark Drive|[silent]
|
|upkeep
|
|t:|1743865727
|switch|p2a: Great Tusk|Great Tusk|34/100
|turn|45
|
|t:|1743865731
|move|p2a: Great Tusk|Headlong Rush|p1a: Serpentine
|-damage|p1a: Serpentine|0 fnt
|-unboost|p2a: Great Tusk|def|1
|-unboost|p2a: Great Tusk|spd|1
|faint|p1a: Serpentine
|
|win|Khari
|raw|hugobui0105's rating: 1592 &rarr; <strong>1569</strong><br />(-23 for losing)
|raw|Khari's rating: 1539 &rarr; <strong>1562</strong><br />(+23 for winning)
|l|☆Khari
|player|p2|
|l|☆hugobui0105
|player|p1|
