|j|☆ace returns
|j|☆RagingSquirtleXD
|t:|1743936578
|gametype|singles
|player|p1|ace returns|2|1463
|player|p2|RagingSquirtleXD|169|1450
|teamsize|p1|6
|teamsize|p2|6
|gen|9
|tier|[Gen 9] OU
|rated|
|rule|HP Percentage Mod: HP is shown in percentages
|rule|Endless Battle Clause: Forcing endless battles is banned
|rule|Species Clause: Limit one of each Pokémon
|rule|OHKO Clause: OHKO moves are banned
|rule|Evasion Items Clause: Evasion items are banned
|rule|Evasion Moves Clause: Evasion moves are banned
|rule|Sleep Moves Clause: Sleep-inducing moves are banned
|clearpoke
|poke|p1|Garganacl, F|
|poke|p1|Slowking-Galar, M|
|poke|p1|Gliscor, F|
|poke|p1|Ogerpon-Wellspring, F|
|poke|p1|Corviknight, F|
|poke|p1|Darkrai|
|poke|p2|Landorus-Therian, M|
|poke|p2|Zamazenta-*|
|poke|p2|Kingambit, F|
|poke|p2|Samurott-Hisui, M|
|poke|p2|Pecharunt|
|poke|p2|Hydreigon, F|
|teampreview
|
|t:|1743936613
|start
|switch|p1a: Ogerpon|Ogerpon-Wellspring, F|100/100
|switch|p2a: Samurott|Samurott-Hisui, M|100/100
|turn|1
|
|t:|1743936628
|switch|p2a: Pecharunt|Pecharunt|100/100
|move|p1a: Ogerpon|U-turn|p2a: Pecharunt
|-resisted|p2a: Pecharunt
|-damage|p2a: Pecharunt|96/100
|
|t:|1743936632
|switch|p1a: Gliscor|Gliscor, F|100/100|[from] U-turn
|
|-status|p1a: Gliscor|tox|[from] item: Toxic Orb
|upkeep
|turn|2
|
|t:|1743936641
|move|p2a: Pecharunt|Parting Shot|p1a: Gliscor
|-unboost|p1a: Gliscor|atk|1
|-unboost|p1a: Gliscor|spa|1
|
|t:|1743936651
|switch|p2a: Hydreigon|Hydreigon, F|100/100|[from] Parting Shot
|move|p1a: Gliscor|Swords Dance|p1a: Gliscor
|-boost|p1a: Gliscor|atk|2
|
|upkeep
|turn|3
|
|t:|1743936656
|move|p2a: Hydreigon|Substitute|p2a: Hydreigon
|-start|p2a: Hydreigon|Substitute
|-damage|p2a: Hydreigon|76/100
|move|p1a: Gliscor|Facade|p2a: Hydreigon
|-end|p2a: Hydreigon|Substitute
|
|-heal|p2a: Hydreigon|82/100|[from] item: Leftovers
|upkeep
|turn|4
|
|t:|1743936665
|-terastallize|p2a: Hydreigon|Steel
|move|p2a: Hydreigon|Nasty Plot|p2a: Hydreigon
|-boost|p2a: Hydreigon|spa|2
|move|p1a: Gliscor|Facade|p2a: Hydreigon
|-resisted|p2a: Hydreigon
|-damage|p2a: Hydreigon|57/100
|
|-heal|p2a: Hydreigon|63/100|[from] item: Leftovers
|upkeep
|turn|5
|
|t:|1743936680
|move|p2a: Hydreigon|Substitute|p2a: Hydreigon
|-start|p2a: Hydreigon|Substitute
|-damage|p2a: Hydreigon|38/100
|move|p1a: Gliscor|Facade|p2a: Hydreigon
|-resisted|p2a: Hydreigon
|-end|p2a: Hydreigon|Substitute
|
|-heal|p2a: Hydreigon|44/100|[from] item: Leftovers
|upkeep
|turn|6
|
|t:|1743936687
|switch|p1a: Darkrai|Darkrai|100/100
|move|p2a: Hydreigon|Draco Meteor|p1a: Darkrai
|-damage|p1a: Darkrai|0 fnt
|-unboost|p2a: Hydreigon|spa|2
|faint|p1a: Darkrai
|
|-heal|p2a: Hydreigon|50/100|[from] item: Leftovers
|upkeep
|
|t:|1743936690
|switch|p1a: Ogerpon|Ogerpon-Wellspring, F|100/100
|turn|7
|
|t:|1743936693
|switch|p2a: Pecharunt|Pecharunt|96/100
|move|p1a: Ogerpon|Ivy Cudgel|p2a: Pecharunt|[anim] Ivy Cudgel Water
|-damage|p2a: Pecharunt|63/100
|
|upkeep
|turn|8
|
|t:|1743936699
|move|p1a: Ogerpon|Knock Off|p2a: Pecharunt
|-supereffective|p2a: Pecharunt
|-damage|p2a: Pecharunt|17/100
|-enditem|p2a: Pecharunt|Heavy-Duty Boots|[from] move: Knock Off|[of] p1a: Ogerpon
|move|p2a: Pecharunt|Parting Shot|p1a: Ogerpon
|-unboost|p1a: Ogerpon|atk|1
|-unboost|p1a: Ogerpon|spa|1
|
|t:|1743936710
|switch|p2a: Zamazenta|Zamazenta|100/100|[from] Parting Shot
|-ability|p2a: Zamazenta|Dauntless Shield|boost
|-boost|p2a: Zamazenta|def|1
|
|upkeep
|turn|9
|
|t:|1743936729
|switch|p1a: Slowking|Slowking-Galar, M|100/100
|move|p2a: Zamazenta|Close Combat|p1a: Slowking
|-resisted|p1a: Slowking
|-damage|p1a: Slowking|89/100
|-unboost|p2a: Zamazenta|def|1
|-unboost|p2a: Zamazenta|spd|1
|
|-heal|p1a: Slowking|95/100|[from] item: Black Sludge
|upkeep
|turn|10
|
|t:|1743936736
|switch|p2a: Landorus|Landorus-Therian, M|100/100
|-ability|p2a: Landorus|Intimidate|boost
|-unboost|p1a: Slowking|atk|1
|move|p1a: Slowking|Trick|p2a: Landorus
|-activate|p1a: Slowking|move: Trick|[of] p2a: Landorus
|-item|p2a: Landorus|Black Sludge|[from] move: Trick
|-item|p1a: Slowking|Rocky Helmet|[from] move: Trick
|
|-damage|p2a: Landorus|88/100|[from] item: Black Sludge
|upkeep
|turn|11
|
|t:|1743936758
|switch|p1a: Gliscor|Gliscor, F|100/100 tox
|move|p2a: Landorus|Stealth Rock|p1a: Gliscor
|-sidestart|p1: ace returns|move: Stealth Rock
|
|-damage|p2a: Landorus|76/100|[from] item: Black Sludge
|upkeep
|turn|12
|
|t:|1743936792
|move|p2a: Landorus|U-turn|p1a: Gliscor
|-resisted|p1a: Gliscor
|-damage|p1a: Gliscor|92/100 tox
|
|t:|1743936795
|switch|p2a: Samurott|Samurott-Hisui, M|100/100|[from] U-turn
|move|p1a: Gliscor|Swords Dance|p1a: Gliscor
|-boost|p1a: Gliscor|atk|2
|
|-heal|p1a: Gliscor|100/100 tox|[from] ability: Poison Heal
|upkeep
|turn|13
|
|t:|1743936798
|switch|p1a: Ogerpon|Ogerpon-Wellspring, F|100/100
|-damage|p1a: Ogerpon|88/100|[from] Stealth Rock
|move|p2a: Samurott|Razor Shell|p1a: Ogerpon
|-heal|p1a: Ogerpon|100/100|[from] ability: Water Absorb|[of] p2a: Samurott
|
|upkeep
|turn|14
|
|t:|1743936802
|switch|p2a: Pecharunt|Pecharunt|17/100
|move|p1a: Ogerpon|U-turn|p2a: Pecharunt
|-resisted|p2a: Pecharunt
|-damage|p2a: Pecharunt|13/100
|inactive|Battle timer is ON: inactive players will automatically lose when time's up. (requested by RagingSquirtleXD)
|
|t:|1743936838
|switch|p1a: Slowking|Slowking-Galar, M|100/100|[from] U-turn
|-damage|p1a: Slowking|88/100|[from] Stealth Rock
|
|upkeep
|turn|15
|
|t:|1743936842
|move|p2a: Pecharunt|Recover|p2a: Pecharunt
|-heal|p2a: Pecharunt|63/100
|move|p1a: Slowking|Future Sight|p2a: Pecharunt
|-start|p1a: Slowking|move: Future Sight
|
|upkeep
|turn|16
|
|t:|1743936846
|move|p2a: Pecharunt|Recover|p2a: Pecharunt
|-heal|p2a: Pecharunt|100/100
|-prepare|p1a: Slowking|Chilly Reception|[premajor]
|move|p1a: Slowking|Chilly Reception|p1a: Slowking
|-weather|Snowscape
|
|t:|1743936851
|switch|p1a: Gliscor|Gliscor, F|100/100 tox|[from] Chilly Reception
|-damage|p1a: Gliscor|88/100 tox|[from] Stealth Rock
|
|-weather|Snowscape|[upkeep]
|-heal|p1a: Gliscor|100/100 tox|[from] ability: Poison Heal
|upkeep
|turn|17
|
|t:|1743936854
|move|p2a: Pecharunt|Parting Shot|p1a: Gliscor
|-unboost|p1a: Gliscor|atk|1
|-unboost|p1a: Gliscor|spa|1
|
|t:|1743936859
|switch|p2a: Samurott|Samurott-Hisui, M|100/100|[from] Parting Shot
|move|p1a: Gliscor|Swords Dance|p1a: Gliscor
|-boost|p1a: Gliscor|atk|2
|
|-weather|Snowscape|[upkeep]
|-end|p2a: Samurott|move: Future Sight
|-immune|p2a: Samurott
|upkeep
|turn|18
|inactive|ace returns has 120 seconds left.
|
|t:|1743936904
|move|p1a: Gliscor|Earthquake|p2a: Samurott
|-damage|p2a: Samurott|44/100
|move|p2a: Samurott|Ceaseless Edge|p1a: Gliscor
|-damage|p1a: Gliscor|68/100 tox
|-sidestart|p1: ace returns|Spikes
|
|-weather|Snowscape|[upkeep]
|-heal|p1a: Gliscor|80/100 tox|[from] ability: Poison Heal
|upkeep
|turn|19
|
|t:|1743936911
|switch|p2a: Landorus|Landorus-Therian, M|76/100
|-ability|p2a: Landorus|Intimidate|boost
|-unboost|p1a: Gliscor|atk|1
|move|p1a: Gliscor|Swords Dance|p1a: Gliscor
|-boost|p1a: Gliscor|atk|2
|
|-weather|Snowscape|[upkeep]
|-damage|p2a: Landorus|63/100|[from] item: Black Sludge
|-heal|p1a: Gliscor|93/100 tox|[from] ability: Poison Heal
|upkeep
|turn|20
|
|t:|1743936915
|move|p2a: Landorus|U-turn|p1a: Gliscor
|-resisted|p1a: Gliscor
|-damage|p1a: Gliscor|85/100 tox
|
|t:|1743936925
|switch|p2a: Pecharunt|Pecharunt|100/100|[from] U-turn
|move|p1a: Gliscor|Swords Dance|p1a: Gliscor
|-boost|p1a: Gliscor|atk|2
|
|-weather|none
|-heal|p1a: Gliscor|97/100 tox|[from] ability: Poison Heal
|upkeep
|turn|21
|
|t:|1743936930
|move|p2a: Pecharunt|Hex|p1a: Gliscor
|-damage|p1a: Gliscor|62/100 tox
|move|p1a: Gliscor|Earthquake|p2a: Pecharunt
|-supereffective|p2a: Pecharunt
|-damage|p2a: Pecharunt|0 fnt
|faint|p2a: Pecharunt
|
|-heal|p1a: Gliscor|75/100 tox|[from] ability: Poison Heal
|upkeep
|
|t:|1743936951
|switch|p2a: Hydreigon|Hydreigon, F, tera:Steel|50/100
|turn|22
|
|t:|1743936961
|move|p2a: Hydreigon|Draco Meteor|p1a: Gliscor
|-damage|p1a: Gliscor|20/100 tox
|-unboost|p2a: Hydreigon|spa|2
|move|p1a: Gliscor|Facade|p2a: Hydreigon
|-resisted|p2a: Hydreigon
|-damage|p2a: Hydreigon|2/100
|
|-heal|p2a: Hydreigon|8/100|[from] item: Leftovers
|-heal|p1a: Gliscor|32/100 tox|[from] ability: Poison Heal
|upkeep
|turn|23
|
|t:|1743936971
|move|p1a: Gliscor|Protect|p1a: Gliscor
|-singleturn|p1a: Gliscor|Protect
|move|p2a: Hydreigon|Nasty Plot|p2a: Hydreigon
|-boost|p2a: Hydreigon|spa|2
|
|-heal|p2a: Hydreigon|14/100|[from] item: Leftovers
|-heal|p1a: Gliscor|45/100 tox|[from] ability: Poison Heal
|upkeep
|turn|24
|
|t:|1743936984
|switch|p1a: Corviknight|Corviknight, F|100/100
|-damage|p1a: Corviknight|88/100|[from] Stealth Rock
|-ability|p1a: Corviknight|Pressure
|move|p2a: Hydreigon|Draco Meteor|p1a: Corviknight
|-resisted|p1a: Corviknight
|-damage|p1a: Corviknight|60/100
|-unboost|p2a: Hydreigon|spa|2
|
|-heal|p2a: Hydreigon|21/100|[from] item: Leftovers
|upkeep
|turn|25
|
|t:|1743937001
|move|p2a: Hydreigon|Nasty Plot|p2a: Hydreigon
|-boost|p2a: Hydreigon|spa|2
|move|p1a: Corviknight|Defog|p2a: Hydreigon
|-unboost|p2a: Hydreigon|evasion|1
|-sideend|p1: ace returns|Spikes|[from] move: Defog|[of] p1a: Corviknight
|-sideend|p1: ace returns|Stealth Rock|[from] move: Defog|[of] p1a: Corviknight
|
|-heal|p2a: Hydreigon|27/100|[from] item: Leftovers
|upkeep
|turn|26
|
|t:|1743937009
|switch|p1a: Garganacl|Garganacl, F|100/100
|move|p2a: Hydreigon|Substitute|p2a: Hydreigon
|-start|p2a: Hydreigon|Substitute
|-damage|p2a: Hydreigon|2/100
|
|-heal|p2a: Hydreigon|8/100|[from] item: Leftovers
|upkeep
|turn|27
|inactive|ace returns has 120 seconds left.
|
|t:|1743937042
|move|p2a: Hydreigon|Nasty Plot|p2a: Hydreigon
|-boost|p2a: Hydreigon|spa|2
|move|p1a: Garganacl|Salt Cure|p2a: Hydreigon
|-resisted|p2a: Hydreigon
|-activate|p2a: Hydreigon|move: Substitute|[damage]
|
|-heal|p2a: Hydreigon|14/100|[from] item: Leftovers
|upkeep
|turn|28
|
|t:|1743937059
|move|p2a: Hydreigon|Draco Meteor|p1a: Garganacl
|-damage|p1a: Garganacl|16/100
|-unboost|p2a: Hydreigon|spa|2
|move|p1a: Garganacl|Salt Cure|p2a: Hydreigon
|-resisted|p2a: Hydreigon
|-activate|p2a: Hydreigon|move: Substitute|[damage]
|
|-heal|p2a: Hydreigon|21/100|[from] item: Leftovers
|-heal|p1a: Garganacl|23/100|[from] item: Leftovers
|upkeep
|turn|29
|
|t:|1743937067
|move|p2a: Hydreigon|Nasty Plot|p2a: Hydreigon
|-boost|p2a: Hydreigon|spa|2
|move|p1a: Garganacl|Salt Cure|p2a: Hydreigon
|-resisted|p2a: Hydreigon
|-activate|p2a: Hydreigon|move: Substitute|[damage]
|
|-heal|p2a: Hydreigon|27/100|[from] item: Leftovers
|-heal|p1a: Garganacl|29/100|[from] item: Leftovers
|upkeep
|turn|30
|-message|ace returns forfeited.
|
|win|RagingSquirtleXD
|raw|ace returns's rating: 1463 &rarr; <strong>1442</strong><br />(-21 for losing)
|raw|RagingSquirtleXD's rating: 1450 &rarr; <strong>1471</strong><br />(+21 for winning)
|l|☆ace returns
|player|p1|
|l|☆RagingSquirtleXD
|player|p2|
