|j|☆coconutwader
|j|☆Crabish29
|t:|1743914872
|gametype|singles
|player|p1|coconutwader|blue|1088
|player|p2|Crabish29|brycenman|1180
|teamsize|p1|6
|teamsize|p2|6
|gen|9
|tier|[Gen 9] OU
|rated|
|rule|HP Percentage Mod: HP is shown in percentages
|rule|Endless Battle Clause: Forcing endless battles is banned
|rule|Species Clause: Limit one of each Pokémon
|rule|OHKO Clause: OHKO moves are banned
|rule|Evasion Items Clause: Evasion items are banned
|rule|Evasion Moves Clause: Evasion moves are banned
|rule|Sleep Moves Clause: Sleep-inducing moves are banned
|clearpoke
|poke|p1|Darkrai|
|poke|p1|Manaphy|
|poke|p1|Landorus-Therian, M|
|poke|p1|Gholdengo|
|poke|p1|Raging Bolt|
|poke|p1|Iron Valiant|
|poke|p2|Gliscor, M|
|poke|p2|Metagross|
|poke|p2|Rotom-Wash|
|poke|p2|Venusaur, F|
|poke|p2|Scrafty, M|
|poke|p2|Clefable, M|
|teampreview
|
|t:|1743914882
|start
|switch|p1a: Landorus|Landorus-Therian, M|100/100
|switch|p2a: Spin cycle|Rotom-Wash|100/100
|-ability|p1a: Landorus|Intimidate|boost
|-unboost|p2a: Spin cycle|atk|1
|turn|1
|
|t:|1743914903
|switch|p1a: Manaphy|Manaphy|100/100
|move|p2a: Spin cycle|Hydro Pump|p1a: Manaphy|[miss]
|-miss|p2a: Spin cycle|p1a: Manaphy
|
|upkeep
|turn|2
|
|t:|1743914912
|-terastallize|p1a: Manaphy|Fairy
|move|p1a: Manaphy|Tail Glow|p1a: Manaphy
|-boost|p1a: Manaphy|spa|3
|move|p2a: Spin cycle|Thunderbolt|p1a: Manaphy
|-damage|p1a: Manaphy|63/100
|
|upkeep
|turn|3
|
|t:|1743914921
|move|p1a: Manaphy|Energy Ball|p2a: Spin cycle
|-supereffective|p2a: Spin cycle
|-crit|p2a: Spin cycle
|-damage|p2a: Spin cycle|0 fnt
|faint|p2a: Spin cycle
|
|upkeep
|
|t:|1743914926
|switch|p2a: Daddy metal legs|Metagross|100/100
|turn|4
|
|t:|1743914933
|move|p1a: Manaphy|Surf|p2a: Daddy metal legs
|-crit|p2a: Daddy metal legs
|-damage|p2a: Daddy metal legs|5/100
|move|p2a: Daddy metal legs|Meteor Mash|p1a: Manaphy
|-supereffective|p1a: Manaphy
|-damage|p1a: Manaphy|0 fnt
|faint|p1a: Manaphy
|
|upkeep
|
|t:|1743914948
|switch|p1a: Landorus|Landorus-Therian, M|100/100
|-ability|p1a: Landorus|Intimidate|boost
|-fail|p2a: Daddy metal legs|unboost|[from] ability: Clear Body|[of] p2a: Daddy metal legs
|turn|5
|
|t:|1743914954
|move|p1a: Landorus|Stealth Rock|p2a: Daddy metal legs
|-sidestart|p2: Crabish29|move: Stealth Rock
|move|p2a: Daddy metal legs|Explosion|p1a: Landorus
|-damage|p1a: Landorus|14/100
|faint|p2a: Daddy metal legs
|
|upkeep
|
|t:|1743914962
|switch|p2a: Thugnifacint|Scrafty, M|100/100
|-damage|p2a: Thugnifacint|95/100|[from] Stealth Rock
|-ability|p2a: Thugnifacint|Intimidate|boost
|-unboost|p1a: Landorus|atk|1
|turn|6
|
|t:|1743914968
|move|p1a: Landorus|U-turn|p2a: Thugnifacint
|-damage|p2a: Thugnifacint|81/100
|
|t:|1743914975
|switch|p1a: Darkrai|Darkrai|100/100|[from] U-turn
|move|p2a: Thugnifacint|Knock Off|p1a: Darkrai
|-resisted|p1a: Darkrai
|-damage|p1a: Darkrai|70/100
|-enditem|p1a: Darkrai|Heavy-Duty Boots|[from] move: Knock Off|[of] p2a: Thugnifacint
|
|-heal|p2a: Thugnifacint|86/100|[from] item: Leftovers
|upkeep
|turn|7
|
|t:|1743914986
|move|p1a: Darkrai|Focus Blast|p2a: Thugnifacint
|-supereffective|p2a: Thugnifacint
|-damage|p2a: Thugnifacint|0 fnt
|faint|p2a: Thugnifacint
|
|upkeep
|-message|Crabish29 forfeited.
|
|win|coconutwader
|raw|coconutwader's rating: 1088 &rarr; <strong>1122</strong><br />(+34 for winning)
|raw|Crabish29's rating: 1180 &rarr; <strong>1149</strong><br />(-31 for losing)
|l|☆Crabish29
|player|p2|
|l|☆coconutwader
|player|p1|
