|j|☆CRPCgaming.TTV
|j|☆ceruledge999
|t:|1743875864
|gametype|singles
|player|p1|CRPCgaming.TTV|backersf|1361
|player|p2|ceruledge999|265|1396
|teamsize|p1|6
|teamsize|p2|6
|gen|9
|tier|[Gen 9] OU
|rated|
|rule|HP Percentage Mod: HP is shown in percentages
|rule|Endless Battle Clause: Forcing endless battles is banned
|rule|Species Clause: Limit one of each Pokémon
|rule|OHKO Clause: OHKO moves are banned
|rule|Evasion Items Clause: Evasion items are banned
|rule|Evasion Moves Clause: Evasion moves are banned
|rule|Sleep Moves Clause: Sleep-inducing moves are banned
|clearpoke
|poke|p1|Iron Moth|
|poke|p1|Cloyster, F|
|poke|p1|Latias, F|
|poke|p1|Hatterene, F|
|poke|p1|Garchomp, F|
|poke|p1|Iron Crown|
|poke|p2|Ninetales-Alola, M|
|poke|p2|Ceruledge, M|
|poke|p2|Moltres-Galar|
|poke|p2|Cloyster, M|
|poke|p2|Zoroark-Hisui, F|
|poke|p2|Espeon, M|
|teampreview
|inactive|Battle timer is ON: inactive players will automatically lose when time's up. (requested by CRPCgaming.TTV)
|
|t:|1743875893
|start
|switch|p1a: Iron Crown|Iron Crown|100/100
|switch|p2a: Ninetales|Ninetales-Alola, M, shiny|100/100
|-weather|Snowscape|[from] ability: Snow Warning|[of] p2a: Ninetales
|turn|1
|
|t:|1743875899
|move|p2a: Ninetales|Aurora Veil|p2a: Ninetales
|-sidestart|p2: ceruledge999|move: Aurora Veil
|move|p1a: Iron Crown|Agility|p1a: Iron Crown
|-boost|p1a: Iron Crown|spe|2
|
|-weather|Snowscape|[upkeep]
|upkeep
|turn|2
|
|t:|1743875908
|move|p1a: Iron Crown|Calm Mind|p1a: Iron Crown
|-boost|p1a: Iron Crown|spa|1
|-boost|p1a: Iron Crown|spd|1
|move|p2a: Ninetales|Encore|p1a: Iron Crown
|-start|p1a: Iron Crown|Encore
|
|-weather|Snowscape|[upkeep]
|upkeep
|turn|3
|
|t:|1743875915
|switch|p2a: Dark Knight|Ceruledge, M, shiny|100/100
|move|p1a: Iron Crown|Calm Mind|p1a: Iron Crown
|-boost|p1a: Iron Crown|spa|1
|-boost|p1a: Iron Crown|spd|1
|
|-weather|Snowscape|[upkeep]
|upkeep
|turn|4
|
|t:|1743875922
|move|p1a: Iron Crown|Calm Mind|p1a: Iron Crown
|-boost|p1a: Iron Crown|spa|1
|-boost|p1a: Iron Crown|spd|1
|move|p2a: Dark Knight|Bitter Blade|p1a: Iron Crown
|-supereffective|p1a: Iron Crown
|-damage|p1a: Iron Crown|0 fnt
|faint|p1a: Iron Crown
|-end|p1a: Iron Crown|Quark Drive|[silent]
|
|-weather|Snowscape|[upkeep]
|upkeep
|
|t:|1743875933
|switch|p1a: Iron Moth|Iron Moth, shiny|100/100
|-enditem|p1a: Iron Moth|Booster Energy
|-activate|p1a: Iron Moth|ability: Quark Drive|[fromitem]
|-start|p1a: Iron Moth|quarkdrivespe
|turn|5
|
|t:|1743875939
|move|p1a: Iron Moth|Sludge Wave|p2a: Dark Knight
|-resisted|p2a: Dark Knight
|-damage|p2a: Dark Knight|86/100
|move|p2a: Dark Knight|Swords Dance|p2a: Dark Knight
|-boost|p2a: Dark Knight|atk|2
|
|-weather|none
|upkeep
|turn|6
|
|t:|1743875946
|move|p1a: Iron Moth|Sludge Wave|p2a: Dark Knight
|-resisted|p2a: Dark Knight
|-damage|p2a: Dark Knight|72/100
|-status|p2a: Dark Knight|psn
|move|p2a: Dark Knight|Bitter Blade|p1a: Iron Moth
|-resisted|p1a: Iron Moth
|-damage|p1a: Iron Moth|30/100
|-heal|p2a: Dark Knight|100/100 psn|[from] drain|[of] p1a: Iron Moth
|
|-damage|p2a: Dark Knight|88/100 psn|[from] psn
|upkeep
|turn|7
|
|t:|1743875957
|move|p2a: Dark Knight|Shadow Sneak|p1a: Iron Moth
|-damage|p1a: Iron Moth|0 fnt
|faint|p1a: Iron Moth
|-end|p1a: Iron Moth|Quark Drive|[silent]
|
|-damage|p2a: Dark Knight|76/100 psn|[from] psn
|upkeep
|
|t:|1743875964
|switch|p1a: Hatterene|Hatterene, F|100/100
|turn|8
|
|t:|1743875971
|move|p2a: Dark Knight|Close Combat|p1a: Hatterene
|-resisted|p1a: Hatterene
|-damage|p1a: Hatterene|83/100
|-unboost|p2a: Dark Knight|def|1
|-unboost|p2a: Dark Knight|spd|1
|move|p1a: Hatterene|Draining Kiss|p2a: Dark Knight
|-resisted|p2a: Dark Knight
|-damage|p2a: Dark Knight|66/100 psn
|-heal|p1a: Hatterene|90/100|[from] drain|[of] p2a: Dark Knight
|
|-heal|p1a: Hatterene|96/100|[from] item: Leftovers
|-damage|p2a: Dark Knight|54/100 psn|[from] psn
|-sideend|p2: ceruledge999|move: Aurora Veil
|upkeep
|turn|9
|
|t:|1743875983
|move|p2a: Dark Knight|Bitter Blade|p1a: Hatterene
|-damage|p1a: Hatterene|17/100
|-heal|p2a: Dark Knight|97/100 psn|[from] drain|[of] p1a: Hatterene
|move|p1a: Hatterene|Draining Kiss|p2a: Dark Knight
|-resisted|p2a: Dark Knight
|-damage|p2a: Dark Knight|76/100 psn
|-heal|p1a: Hatterene|31/100|[from] drain|[of] p2a: Dark Knight
|
|-heal|p1a: Hatterene|37/100|[from] item: Leftovers
|-damage|p2a: Dark Knight|64/100 psn|[from] psn
|upkeep
|turn|10
|
|t:|1743875994
|move|p2a: Dark Knight|Swords Dance|p2a: Dark Knight
|-boost|p2a: Dark Knight|atk|2
|move|p1a: Hatterene|Draining Kiss|p2a: Dark Knight
|-resisted|p2a: Dark Knight
|-damage|p2a: Dark Knight|43/100 psn
|-heal|p1a: Hatterene|51/100|[from] drain|[of] p2a: Dark Knight
|
|-heal|p1a: Hatterene|57/100|[from] item: Leftovers
|-damage|p2a: Dark Knight|31/100 psn|[from] psn
|upkeep
|turn|11
|
|t:|1743876004
|-terastallize|p1a: Hatterene|Water
|move|p2a: Dark Knight|Bitter Blade|p1a: Hatterene
|-resisted|p1a: Hatterene
|-damage|p1a: Hatterene|0 fnt
|-heal|p2a: Dark Knight|62/100 psn|[from] drain|[of] p1a: Hatterene
|faint|p1a: Hatterene
|
|-damage|p2a: Dark Knight|49/100 psn|[from] psn
|upkeep
|
|t:|1743876013
|switch|p1a: Latias|Latias, F|100/100
|turn|12
|
|t:|1743876019
|move|p2a: Dark Knight|Shadow Sneak|p1a: Latias
|-supereffective|p1a: Latias
|-damage|p1a: Latias|0 fnt
|faint|p1a: Latias
|
|-damage|p2a: Dark Knight|37/100 psn|[from] psn
|upkeep
|
|t:|1743876024
|switch|p1a: Cloyster|Cloyster, F, shiny|100/100
|turn|13
|
|t:|1743876033
|move|p2a: Dark Knight|Close Combat|p1a: Cloyster
|-supereffective|p1a: Cloyster
|-enditem|p1a: Cloyster|Focus Sash
|-damage|p1a: Cloyster|1/100
|-unboost|p2a: Dark Knight|def|1
|-unboost|p2a: Dark Knight|spd|1
|move|p1a: Cloyster|Drill Run|p2a: Dark Knight
|-supereffective|p2a: Dark Knight
|-damage|p2a: Dark Knight|0 fnt
|faint|p2a: Dark Knight
|
|upkeep
|
|t:|1743876040
|switch|p2a: Ice spice|Espeon, M, shiny|100/100
|turn|14
|
|t:|1743876045
|move|p2a: Ice spice|Bitter Malice|p1a: Cloyster
|-damage|p1a: Cloyster|0 fnt
|faint|p1a: Cloyster
|
|upkeep
|
|t:|1743876051
|switch|p1a: Garchomp|Garchomp, F, shiny|100/100
|turn|15
|
|t:|1743876054
|move|p2a: Ice spice|Bitter Malice|p1a: Garchomp
|-crit|p1a: Garchomp
|-damage|p1a: Garchomp|35/100
|-unboost|p1a: Garchomp|atk|1
|move|p1a: Garchomp|Swords Dance|p1a: Garchomp
|-boost|p1a: Garchomp|atk|2
|
|upkeep
|turn|16
|
|t:|1743876063
|move|p2a: Ice spice|Bitter Malice|p1a: Garchomp
|-damage|p1a: Garchomp|0 fnt
|faint|p1a: Garchomp
|
|win|ceruledge999
|raw|CRPCgaming.TTV's rating: 1361 &rarr; <strong>1343</strong><br />(-18 for losing)
|raw|ceruledge999's rating: 1396 &rarr; <strong>1414</strong><br />(+18 for winning)
|l|☆CRPCgaming.TTV
|player|p1|
|l|☆ceruledge999
|player|p2|
|j|☆ceruledge999
|player|p2|ceruledge999|265|
|l|☆ceruledge999
|player|p2|
