|j|☆Havestol
|j|☆Gallade88
|t:|1743802142
|gametype|singles
|player|p1|Havestol|mars|1330
|player|p2|Gallade88|morty|1340
|teamsize|p1|6
|teamsize|p2|6
|gen|9
|tier|[Gen 9] OU
|rated|
|rule|HP Percentage Mod: HP is shown in percentages
|rule|Endless Battle Clause: Forcing endless battles is banned
|rule|Species Clause: Limit one of each Pokémon
|rule|OHKO Clause: OHKO moves are banned
|rule|Evasion Items Clause: Evasion items are banned
|rule|Evasion Moves Clause: Evasion moves are banned
|rule|Sleep Moves Clause: Sleep-inducing moves are banned
|clearpoke
|poke|p1|Mismagius, F|
|poke|p1|Ting-Lu|
|poke|p1|Alomomola, F|
|poke|p1|Tentacruel, M|
|poke|p1|Corviknight, M|
|poke|p1|Clefable, F|
|poke|p2|Politoed, F|
|poke|p2|Raging Bolt|
|poke|p2|Kingdra, M|
|poke|p2|Espeon, F|
|poke|p2|Blastoise, F|
|poke|p2|Scizor, F|
|teampreview
|inactive|Battle timer is ON: inactive players will automatically lose when time's up. (requested by Gallade88)
|
|t:|1743802162
|start
|switch|p1a: Mismagius|Mismagius, F|100/100
|switch|p2a: Politoed|Politoed, F|100/100
|-weather|RainDance|[from] ability: Drizzle|[of] p2a: Politoed
|turn|1
|
|t:|1743802168
|move|p1a: Mismagius|Substitute|p1a: Mismagius
|-start|p1a: Mismagius|Substitute
|-damage|p1a: Mismagius|76/100
|move|p2a: Politoed|Weather Ball|p1a: Mismagius
|-end|p1a: Mismagius|Substitute
|
|-weather|RainDance|[upkeep]
|-heal|p1a: Mismagius|82/100|[from] item: Leftovers
|upkeep
|turn|2
|
|t:|1743802178
|move|p1a: Mismagius|Substitute|p1a: Mismagius
|-start|p1a: Mismagius|Substitute
|-damage|p1a: Mismagius|57/100
|move|p2a: Politoed|Weather Ball|p1a: Mismagius
|-end|p1a: Mismagius|Substitute
|
|-weather|RainDance|[upkeep]
|-heal|p1a: Mismagius|63/100|[from] item: Leftovers
|upkeep
|turn|3
|
|t:|1743802195
|move|p1a: Mismagius|Substitute|p1a: Mismagius
|-start|p1a: Mismagius|Substitute
|-damage|p1a: Mismagius|38/100
|move|p2a: Politoed|Weather Ball|p1a: Mismagius
|-end|p1a: Mismagius|Substitute
|
|-weather|RainDance|[upkeep]
|-heal|p1a: Mismagius|44/100|[from] item: Leftovers
|upkeep
|turn|4
|
|t:|1743802209
|switch|p2a: Raging Bolt|Raging Bolt|100/100
|move|p1a: Mismagius|Substitute|p1a: Mismagius
|-start|p1a: Mismagius|Substitute
|-damage|p1a: Mismagius|19/100
|
|-weather|RainDance|[upkeep]
|-heal|p1a: Mismagius|25/100|[from] item: Leftovers
|upkeep
|turn|5
|
|t:|1743802217
|move|p1a: Mismagius|Will-O-Wisp|p2a: Raging Bolt
|-status|p2a: Raging Bolt|brn
|move|p2a: Raging Bolt|Volt Switch|p1a: Mismagius
|-end|p1a: Mismagius|Substitute
|inactive|Gallade88 has 120 seconds left.
|
|t:|1743802256
|-end|p2a: Raging Bolt|Protosynthesis|[silent]
|switch|p2a: Scizor|Scizor, F|100/100|[from] Volt Switch
|
|-weather|RainDance|[upkeep]
|-heal|p1a: Mismagius|32/100|[from] item: Leftovers
|upkeep
|turn|6
|
|t:|1743802270
|-terastallize|p1a: Mismagius|Steel
|move|p2a: Scizor|Bullet Punch|p1a: Mismagius
|-resisted|p1a: Mismagius
|-damage|p1a: Mismagius|15/100
|move|p1a: Mismagius|Will-O-Wisp|p2a: Scizor|[miss]
|-miss|p1a: Mismagius|p2a: Scizor
|
|-weather|RainDance|[upkeep]
|-heal|p1a: Mismagius|21/100|[from] item: Leftovers
|upkeep
|turn|7
|inactive|Gallade88 has 120 seconds left.
|
|t:|1743802287
|switch|p1a: Corviknight|Corviknight, M|100/100
|-ability|p1a: Corviknight|Pressure
|move|p2a: Scizor|U-turn|p1a: Corviknight
|-resisted|p1a: Corviknight
|-damage|p1a: Corviknight|96/100
|-damage|p2a: Scizor|84/100|[from] item: Rocky Helmet|[of] p1a: Corviknight
|
|t:|1743802295
|switch|p2a: Kingdra|Kingdra, M|100/100|[from] U-turn
|
|-weather|RainDance|[upkeep]
|upkeep
|turn|8
|
|t:|1743802301
|switch|p1a: Clefable|Clefable, F|100/100
|move|p2a: Kingdra|Weather Ball|p1a: Clefable
|-damage|p1a: Clefable|33/100
|
|-weather|none
|-heal|p1a: Clefable|39/100|[from] item: Leftovers
|upkeep
|turn|9
|
|t:|1743802310
|switch|p2a: Scizor|Scizor, F|84/100
|move|p1a: Clefable|Stealth Rock|p2a: Scizor
|-sidestart|p2: Gallade88|move: Stealth Rock
|
|-heal|p2a: Scizor|90/100|[from] item: Leftovers
|-heal|p1a: Clefable|45/100|[from] item: Leftovers
|upkeep
|turn|10
|
|t:|1743802318
|switch|p1a: Corviknight|Corviknight, M|96/100
|-ability|p1a: Corviknight|Pressure
|move|p2a: Scizor|Defog|p1a: Corviknight
|-unboost|p1a: Corviknight|evasion|1
|-sideend|p2: Gallade88|Stealth Rock|[from] move: Defog|[of] p2a: Scizor
|
|-heal|p2a: Scizor|96/100|[from] item: Leftovers
|upkeep
|turn|11
|
|t:|1743802327
|move|p1a: Corviknight|Body Press|p2a: Scizor
|-damage|p2a: Scizor|80/100
|move|p2a: Scizor|U-turn|p1a: Corviknight
|-resisted|p1a: Corviknight
|-damage|p1a: Corviknight|91/100
|-damage|p2a: Scizor|63/100|[from] item: Rocky Helmet|[of] p1a: Corviknight
|
|t:|1743802335
|switch|p2a: Raging Bolt|Raging Bolt|100/100 brn|[from] U-turn
|
|-damage|p2a: Raging Bolt|94/100 brn|[from] brn
|upkeep
|turn|12
|
|t:|1743802341
|switch|p1a: Ting-Lu|Ting-Lu|100/100
|-ability|p1a: Ting-Lu|Vessel of Ruin
|move|p2a: Raging Bolt|Draco Meteor|p1a: Ting-Lu
|-crit|p1a: Ting-Lu
|-damage|p1a: Ting-Lu|57/100
|-unboost|p2a: Raging Bolt|spa|2
|
|-heal|p1a: Ting-Lu|63/100|[from] item: Leftovers
|-damage|p2a: Raging Bolt|88/100 brn|[from] brn
|upkeep
|turn|13
|
|t:|1743802353
|-end|p2a: Raging Bolt|Protosynthesis|[silent]
|switch|p2a: Espeon|Espeon, F|100/100
|move|p1a: Ting-Lu|Earthquake|p2a: Espeon
|-damage|p2a: Espeon|31/100
|
|-heal|p1a: Ting-Lu|69/100|[from] item: Leftovers
|upkeep
|turn|14
|
|t:|1743802361
|switch|p2a: Politoed|Politoed, F|100/100
|-weather|RainDance|[from] ability: Drizzle|[of] p2a: Politoed
|move|p1a: Ting-Lu|Earthquake|p2a: Politoed
|-damage|p2a: Politoed|63/100
|
|-weather|RainDance|[upkeep]
|-heal|p1a: Ting-Lu|75/100|[from] item: Leftovers
|upkeep
|turn|15
|
|t:|1743802369
|switch|p1a: Tentacruel|Tentacruel, M|100/100
|move|p2a: Politoed|Weather Ball|p1a: Tentacruel
|-resisted|p1a: Tentacruel
|-damage|p1a: Tentacruel|83/100
|
|-weather|RainDance|[upkeep]
|upkeep
|turn|16
|
|t:|1743802376
|move|p1a: Tentacruel|Flip Turn|p2a: Politoed
|-resisted|p2a: Politoed
|-damage|p2a: Politoed|52/100
|
|t:|1743802379
|switch|p1a: Alomomola|Alomomola, F|100/100|[from] Flip Turn
|move|p2a: Politoed|Encore||[still]
|-fail|p2a: Politoed
|
|-weather|RainDance|[upkeep]
|upkeep
|turn|17
|
|t:|1743802387
|switch|p2a: Raging Bolt|Raging Bolt|88/100 brn
|move|p1a: Alomomola|Flip Turn|p2a: Raging Bolt
|-resisted|p2a: Raging Bolt
|-damage|p2a: Raging Bolt|78/100 brn
|
|t:|1743802398
|switch|p1a: Ting-Lu|Ting-Lu|75/100|[from] Flip Turn
|-ability|p1a: Ting-Lu|Vessel of Ruin
|
|-weather|RainDance|[upkeep]
|-heal|p1a: Ting-Lu|82/100|[from] item: Leftovers
|-damage|p2a: Raging Bolt|72/100 brn|[from] brn
|upkeep
|turn|18
|
|t:|1743802408
|switch|p1a: Alomomola|Alomomola, F|100/100
|move|p2a: Raging Bolt|Draco Meteor|p1a: Alomomola
|-damage|p1a: Alomomola|26/100
|-unboost|p2a: Raging Bolt|spa|2
|
|-weather|RainDance|[upkeep]
|-damage|p2a: Raging Bolt|66/100 brn|[from] brn
|upkeep
|turn|19
|
|t:|1743802416
|switch|p1a: Ting-Lu|Ting-Lu|82/100
|-ability|p1a: Ting-Lu|Vessel of Ruin
|move|p2a: Raging Bolt|Draco Meteor|p1a: Ting-Lu
|-damage|p1a: Ting-Lu|69/100
|-unboost|p2a: Raging Bolt|spa|2
|
|-weather|RainDance|[upkeep]
|-heal|p1a: Ting-Lu|75/100|[from] item: Leftovers
|-damage|p2a: Raging Bolt|60/100 brn|[from] brn
|upkeep
|turn|20
|
|t:|1743802429
|-end|p2a: Raging Bolt|Protosynthesis|[silent]
|switch|p2a: Espeon|Espeon, F|31/100
|move|p1a: Ting-Lu|Earthquake|p2a: Espeon
|-damage|p2a: Espeon|0 fnt
|faint|p2a: Espeon
|
|-weather|RainDance|[upkeep]
|-heal|p1a: Ting-Lu|81/100|[from] item: Leftovers
|upkeep
|
|t:|1743802438
|switch|p2a: Kingdra|Kingdra, M|100/100
|turn|21
|
|t:|1743802444
|move|p2a: Kingdra|Weather Ball|p1a: Ting-Lu
|-supereffective|p1a: Ting-Lu
|-damage|p1a: Ting-Lu|1/100
|move|p1a: Ting-Lu|Earthquake|p2a: Kingdra
|-damage|p2a: Kingdra|52/100
|
|-weather|none
|-heal|p1a: Ting-Lu|8/100|[from] item: Leftovers
|upkeep
|turn|22
|
|t:|1743802452
|switch|p1a: Clefable|Clefable, F|45/100
|move|p2a: Kingdra|Weather Ball|p1a: Clefable
|-damage|p1a: Clefable|31/100
|
|-heal|p1a: Clefable|37/100|[from] item: Leftovers
|upkeep
|turn|23
|
|t:|1743802460
|switch|p2a: Scizor|Scizor, F|63/100
|move|p1a: Clefable|Moonlight|p1a: Clefable
|-heal|p1a: Clefable|87/100
|
|-heal|p2a: Scizor|69/100|[from] item: Leftovers
|-heal|p1a: Clefable|93/100|[from] item: Leftovers
|upkeep
|turn|24
|
|t:|1743802468
|switch|p2a: Raging Bolt|Raging Bolt|60/100 brn
|switch|p1a: Alomomola|Alomomola, F|59/100
|
|-damage|p2a: Raging Bolt|54/100 brn|[from] brn
|upkeep
|turn|25
|
|t:|1743802483
|switch|p1a: Tentacruel|Tentacruel, M|83/100
|move|p2a: Raging Bolt|Volt Switch|p1a: Tentacruel
|-supereffective|p1a: Tentacruel
|-damage|p1a: Tentacruel|30/100
|
|t:|1743802495
|-end|p2a: Raging Bolt|Protosynthesis|[silent]
|switch|p2a: Scizor|Scizor, F|69/100|[from] Volt Switch
|
|-heal|p2a: Scizor|75/100|[from] item: Leftovers
|upkeep
|turn|26
|
|t:|1743802499
|move|p1a: Tentacruel|Flip Turn|p2a: Scizor
|-damage|p2a: Scizor|64/100
|
|t:|1743802502
|switch|p1a: Alomomola|Alomomola, F|93/100|[from] Flip Turn
|move|p2a: Scizor|U-turn|p1a: Alomomola
|-damage|p1a: Alomomola|77/100
|
|t:|1743802506
|switch|p2a: Raging Bolt|Raging Bolt|54/100 brn|[from] U-turn
|
|-damage|p2a: Raging Bolt|47/100 brn|[from] brn
|upkeep
|turn|27
|
|t:|1743802511
|move|p1a: Alomomola|Protect|p1a: Alomomola
|-singleturn|p1a: Alomomola|Protect
|move|p2a: Raging Bolt|Weather Ball|p1a: Alomomola
|-activate|p1a: Alomomola|move: Protect
|
|-damage|p2a: Raging Bolt|41/100 brn|[from] brn
|upkeep
|turn|28
|
|t:|1743802519
|move|p2a: Raging Bolt|Draco Meteor|p1a: Alomomola
|-damage|p1a: Alomomola|0 fnt
|-unboost|p2a: Raging Bolt|spa|2
|faint|p1a: Alomomola
|
|-damage|p2a: Raging Bolt|35/100 brn|[from] brn
|upkeep
|
|t:|1743802525
|switch|p1a: Clefable|Clefable, F|93/100
|turn|29
|c|☆Havestol|wtf set is that
|c|☆Havestol|boots?
|
|t:|1743802539
|move|p2a: Raging Bolt|Volt Switch|p1a: Clefable
|-damage|p1a: Clefable|81/100
|
|t:|1743802550
|-end|p2a: Raging Bolt|Protosynthesis|[silent]
|switch|p2a: Scizor|Scizor, F|64/100|[from] Volt Switch
|move|p1a: Clefable|Knock Off|p2a: Scizor
|-damage|p2a: Scizor|54/100
|-enditem|p2a: Scizor|Leftovers|[from] move: Knock Off|[of] p1a: Clefable
|
|-heal|p1a: Clefable|88/100|[from] item: Leftovers
|upkeep
|turn|30
|
|t:|1743802561
|switch|p1a: Corviknight|Corviknight, M|91/100
|-ability|p1a: Corviknight|Pressure
|move|p2a: Scizor|Bullet Punch|p1a: Corviknight
|-resisted|p1a: Corviknight
|-crit|p1a: Corviknight
|-damage|p1a: Corviknight|79/100
|-damage|p2a: Scizor|37/100|[from] item: Rocky Helmet|[of] p1a: Corviknight
|
|upkeep
|turn|31
|
|t:|1743802569
|move|p1a: Corviknight|Body Press|p2a: Scizor
|-damage|p2a: Scizor|19/100
|move|p2a: Scizor|U-turn|p1a: Corviknight
|-resisted|p1a: Corviknight
|-damage|p1a: Corviknight|74/100
|-damage|p2a: Scizor|3/100|[from] item: Rocky Helmet|[of] p1a: Corviknight
|
|t:|1743802577
|switch|p2a: Politoed|Politoed, F|52/100|[from] U-turn
|-weather|RainDance|[from] ability: Drizzle|[of] p2a: Politoed
|
|-weather|RainDance|[upkeep]
|upkeep
|turn|32
|
|t:|1743802583
|switch|p1a: Tentacruel|Tentacruel, M|30/100
|move|p2a: Politoed|Weather Ball|p1a: Tentacruel
|-resisted|p1a: Tentacruel
|-damage|p1a: Tentacruel|13/100
|
|-weather|RainDance|[upkeep]
|upkeep
|turn|33
|
|t:|1743802590
|move|p1a: Tentacruel|Gunk Shot|p2a: Politoed|[miss]
|-miss|p1a: Tentacruel|p2a: Politoed
|move|p2a: Politoed|Weather Ball|p1a: Tentacruel
|-resisted|p1a: Tentacruel
|-damage|p1a: Tentacruel|0 fnt
|faint|p1a: Tentacruel
|
|-weather|RainDance|[upkeep]
|upkeep
|
|t:|1743802595
|switch|p1a: Clefable|Clefable, F|88/100
|turn|34
|
|t:|1743802614
|switch|p2a: Scizor|Scizor, F|3/100
|move|p1a: Clefable|Moonlight|p1a: Clefable
|-heal|p1a: Clefable|100/100
|
|-weather|RainDance|[upkeep]
|upkeep
|turn|35
|
|t:|1743802626
|switch|p2a: Kingdra|Kingdra, M|52/100
|move|p1a: Clefable|Moonblast|p2a: Kingdra
|-supereffective|p2a: Kingdra
|-damage|p2a: Kingdra|0 fnt
|faint|p2a: Kingdra
|
|-weather|RainDance|[upkeep]
|upkeep
|
|t:|1743802635
|switch|p2a: Blastoise|Blastoise, F|100/100
|turn|36
|
|t:|1743802643
|move|p2a: Blastoise|Shell Smash|p2a: Blastoise
|-unboost|p2a: Blastoise|def|1
|-unboost|p2a: Blastoise|spd|1
|-boost|p2a: Blastoise|atk|2
|-boost|p2a: Blastoise|spa|2
|-boost|p2a: Blastoise|spe|2
|-enditem|p2a: Blastoise|White Herb
|-clearnegativeboost|p2a: Blastoise|[silent]
|move|p1a: Clefable|Moonblast|p2a: Blastoise
|-crit|p2a: Blastoise
|-damage|p2a: Blastoise|48/100
|-unboost|p2a: Blastoise|spa|1
|
|-weather|RainDance|[upkeep]
|upkeep
|turn|37
|
|t:|1743802654
|move|p2a: Blastoise|Liquidation|p1a: Clefable
|-damage|p1a: Clefable|0 fnt
|faint|p1a: Clefable
|
|-weather|RainDance|[upkeep]
|upkeep
|
|t:|1743802656
|switch|p1a: Corviknight|Corviknight, M|74/100
|-ability|p1a: Corviknight|Pressure
|turn|38
|
|t:|1743802661
|move|p2a: Blastoise|Liquidation|p1a: Corviknight
|-damage|p1a: Corviknight|3/100
|-damage|p2a: Blastoise|32/100|[from] item: Rocky Helmet|[of] p1a: Corviknight
|move|p1a: Corviknight|Roost|p1a: Corviknight
|-heal|p1a: Corviknight|53/100
|-singleturn|p1a: Corviknight|move: Roost
|
|-weather|none
|upkeep
|turn|39
|
|t:|1743802672
|move|p2a: Blastoise|Liquidation|p1a: Corviknight
|-damage|p1a: Corviknight|0 fnt
|-damage|p2a: Blastoise|16/100|[from] item: Rocky Helmet|[of] p1a: Corviknight
|faint|p1a: Corviknight
|
|upkeep
|-message|Havestol forfeited.
|
|win|Gallade88
|raw|Havestol's rating: 1330 &rarr; <strong>1311</strong><br />(-19 for losing)
|raw|Gallade88's rating: 1340 &rarr; <strong>1359</strong><br />(+19 for winning)
|l|☆Havestol
|player|p1|
|l|☆Gallade88
|player|p2|
