|j|☆PekPicPek
|j|☆monohue
|t:|1743913156
|gametype|singles
|player|p1|PekPicPek|chuck|1703
|player|p2|monohue|scientist-gen4dp|1694
|teamsize|p1|6
|teamsize|p2|6
|gen|9
|tier|[Gen 9] OU
|rated|
|rule|HP Percentage Mod: HP is shown in percentages
|rule|Endless Battle Clause: Forcing endless battles is banned
|rule|Species Clause: Limit one of each Pokémon
|rule|OHKO Clause: OHKO moves are banned
|rule|Evasion Items Clause: Evasion items are banned
|rule|Evasion Moves Clause: Evasion moves are banned
|rule|Sleep Moves Clause: Sleep-inducing moves are banned
|clearpoke
|poke|p1|Dragapult, M|
|poke|p1|Great Tusk|
|poke|p1|Moltres|
|poke|p1|Azumarill, F|
|poke|p1|Kingambit, M|
|poke|p1|Klawf, F|
|poke|p2|Zamazenta-*|
|poke|p2|Deoxys-Defense|
|poke|p2|Darkrai|
|poke|p2|Enamorus, F|
|poke|p2|Corviknight, F|
|poke|p2|Dragonite, F|
|teampreview
|c|☆monohue|crab
|c|☆PekPicPek|KLAWWFF
|c|☆PekPicPek|that deoxys-defense is horrfying because I have forgotten what it does
|
|t:|1743913205
|start
|switch|p1a: Its U-turn|Dragapult, M, shiny|100/100
|switch|p2a: Dragonite|Dragonite, F|100/100
|turn|1
|j| Trucker Hat Mew
|j| ibnebatuta3
|j| LiDaPang
|
|t:|1743913237
|switch|p2a: Corviknight|Corviknight, F|100/100
|-ability|p2a: Corviknight|Pressure
|move|p1a: Its U-turn|U-turn|p2a: Corviknight
|-resisted|p2a: Corviknight
|-damage|p2a: Corviknight|97/100
|
|t:|1743913242
|switch|p1a: Emily|Moltres|100/100|[from] U-turn
|
|-heal|p2a: Corviknight|100/100|[from] item: Leftovers
|upkeep
|turn|2
|c|☆monohue|hes honest
|j| rroge
|j| p0k3_v13rn35
|
|t:|1743913251
|move|p1a: Emily|Will-O-Wisp|p2a: Corviknight
|-status|p2a: Corviknight|brn
|move|p2a: Corviknight|U-turn|p1a: Emily
|-resisted|p1a: Emily
|-damage|p1a: Emily|99/100
|
|t:|1743913259
|switch|p2a: Deoxys|Deoxys-Defense|100/100|[from] U-turn
|-ability|p2a: Deoxys|Pressure
|
|upkeep
|turn|3
|
|t:|1743913265
|switch|p1a: Mr Bushido|Kingambit, M|100/100
|move|p2a: Deoxys|Spikes|p1a: Mr Bushido
|-sidestart|p1: PekPicPek|Spikes
|
|upkeep
|turn|4
|l| rroge
|
|t:|1743913270
|move|p1a: Mr Bushido|Swords Dance|p1a: Mr Bushido
|-boost|p1a: Mr Bushido|atk|2
|move|p2a: Deoxys|Teleport|p2a: Deoxys
|
|t:|1743913276
|switch|p2a: Zamazenta|Zamazenta, shiny|100/100|[from] Teleport
|-ability|p2a: Zamazenta|Dauntless Shield|boost
|-boost|p2a: Zamazenta|def|1
|
|upkeep
|turn|5
|
|t:|1743913279
|-end|p1a: Mr Bushido|fallenundefined|[silent]
|switch|p1a: Its U-turn|Dragapult, M, shiny|100/100
|-damage|p1a: Its U-turn|88/100|[from] Spikes
|move|p2a: Zamazenta|Body Press|p1a: Its U-turn
|-immune|p1a: Its U-turn
|
|upkeep
|turn|6
|
|t:|1743913282
|move|p1a: Its U-turn|Shadow Ball|p2a: Zamazenta
|-damage|p2a: Zamazenta|56/100
|-unboost|p2a: Zamazenta|spd|1
|move|p2a: Zamazenta|Crunch|p1a: Its U-turn
|-supereffective|p1a: Its U-turn
|-damage|p1a: Its U-turn|14/100
|
|-heal|p2a: Zamazenta|62/100|[from] item: Leftovers
|upkeep
|turn|7
|
|t:|1743913295
|move|p1a: Its U-turn|Shadow Ball|p2a: Zamazenta
|-damage|p2a: Zamazenta|0 fnt
|faint|p2a: Zamazenta
|
|upkeep
|
|t:|1743913305
|switch|p2a: Darkrai|Darkrai|100/100
|turn|8
|
|t:|1743913308
|move|p1a: Its U-turn|Shadow Ball|p2a: Darkrai
|-resisted|p2a: Darkrai
|-damage|p2a: Darkrai|67/100
|move|p2a: Darkrai|Nasty Plot|p2a: Darkrai
|-boost|p2a: Darkrai|spa|2
|
|upkeep
|turn|9
|
|t:|1743913312
|move|p1a: Its U-turn|Shadow Ball|p2a: Darkrai
|-resisted|p2a: Darkrai
|-crit|p2a: Darkrai
|-damage|p2a: Darkrai|21/100
|move|p2a: Darkrai|Dark Pulse|p1a: Its U-turn
|-supereffective|p1a: Its U-turn
|-damage|p1a: Its U-turn|0 fnt
|faint|p1a: Its U-turn
|
|upkeep
|
|t:|1743913316
|switch|p1a: Lucia|Azumarill, F|100/100
|-damage|p1a: Lucia|88/100|[from] Spikes
|turn|10
|
|t:|1743913322
|move|p1a: Lucia|Aqua Jet|p2a: Darkrai
|-damage|p2a: Darkrai|0 fnt
|faint|p2a: Darkrai
|
|upkeep
|
|t:|1743913336
|switch|p2a: Deoxys|Deoxys-Defense|100/100
|-ability|p2a: Deoxys|Pressure
|turn|11
|
|t:|1743913340
|switch|p1a: Mr Bushido|Kingambit, M|100/100
|-damage|p1a: Mr Bushido|88/100|[from] Spikes
|-activate|p1a: Mr Bushido|ability: Supreme Overlord
|-start|p1a: Mr Bushido|fallen1|[silent]
|move|p2a: Deoxys|Teleport|p2a: Deoxys
|
|t:|1743913353
|switch|p2a: Dragonite|Dragonite, F|100/100|[from] Teleport
|
|upkeep
|turn|12
|
|t:|1743913361
|move|p2a: Dragonite|Dragon Dance|p2a: Dragonite
|-boost|p2a: Dragonite|atk|1
|-boost|p2a: Dragonite|spe|1
|move|p1a: Mr Bushido|Kowtow Cleave|p2a: Dragonite
|-damage|p2a: Dragonite|63/100
|
|upkeep
|turn|13
|
|t:|1743913368
|-terastallize|p1a: Mr Bushido|Dark
|move|p2a: Dragonite|Fire Blast|p1a: Mr Bushido
|-damage|p1a: Mr Bushido|62/100
|move|p1a: Mr Bushido|Kowtow Cleave|p2a: Dragonite
|-damage|p2a: Dragonite|0 fnt
|faint|p2a: Dragonite
|
|upkeep
|l| p0k3_v13rn35
|c|☆monohue|WHAT
|c|☆monohue|its supposed to be fire punch LOOL
|j| Gen 9 Pozzle
|c|☆PekPicPek|LOL
|
|t:|1743913412
|switch|p2a: Enamorus|Enamorus, F|100/100
|turn|14
|j| rroge
|l| rroge
|c|☆PekPicPek|I SAW 25% thought "this man got that fake beat corv set"
|j| lowladderubersnoob
|
|t:|1743913450
|move|p2a: Enamorus|Moonblast|p1a: Mr Bushido
|-supereffective|p1a: Mr Bushido
|-damage|p1a: Mr Bushido|0 fnt
|faint|p1a: Mr Bushido
|-end|p1a: Mr Bushido|fallen1|[silent]
|
|upkeep
|
|t:|1743913455
|switch|p1a: Emily|Moltres|99/100
|turn|15
|c|☆monohue|I didnt even notice till I saw the animation
|
|t:|1743913473
|switch|p2a: Deoxys|Deoxys-Defense|100/100
|-ability|p2a: Deoxys|Pressure
|move|p1a: Emily|Flamethrower|p2a: Deoxys
|-damage|p2a: Deoxys|74/100
|
|upkeep
|turn|16
|
|t:|1743913480
|move|p1a: Emily|Will-O-Wisp|p2a: Deoxys
|-status|p2a: Deoxys|brn
|move|p2a: Deoxys|Teleport|p2a: Deoxys
|
|t:|1743913482
|switch|p2a: Enamorus|Enamorus, F|100/100|[from] Teleport
|
|upkeep
|turn|17
|
|t:|1743913486
|switch|p2a: Deoxys|Deoxys-Defense|74/100 brn
|-ability|p2a: Deoxys|Pressure
|move|p1a: Emily|Flamethrower|p2a: Deoxys
|-damage|p2a: Deoxys|47/100 brn
|
|-damage|p2a: Deoxys|41/100 brn|[from] brn
|upkeep
|turn|18
|
|t:|1743913490
|move|p1a: Emily|Hurricane|p2a: Deoxys
|-damage|p2a: Deoxys|10/100 brn
|move|p2a: Deoxys|Recover|p2a: Deoxys
|-heal|p2a: Deoxys|60/100 brn
|
|-damage|p2a: Deoxys|54/100 brn|[from] brn
|upkeep
|turn|19
|
|t:|1743913502
|switch|p1a: Lucia|Azumarill, F|88/100
|-damage|p1a: Lucia|76/100|[from] Spikes
|move|p2a: Deoxys|Recover|p2a: Deoxys
|-heal|p2a: Deoxys|100/100 brn
|
|-damage|p2a: Deoxys|94/100 brn|[from] brn
|upkeep
|turn|20
|
|t:|1743913510
|move|p2a: Deoxys|Knock Off|p1a: Lucia
|-resisted|p1a: Lucia
|-damage|p1a: Lucia|72/100
|-enditem|p1a: Lucia|Assault Vest|[from] move: Knock Off|[of] p2a: Deoxys
|move|p1a: Lucia|Liquidation|p2a: Deoxys
|-damage|p2a: Deoxys|64/100 brn
|-unboost|p2a: Deoxys|def|1
|
|-damage|p2a: Deoxys|58/100 brn|[from] brn
|upkeep
|turn|21
|
|t:|1743913521
|switch|p2a: Corviknight|Corviknight, F|100/100 brn
|-ability|p2a: Corviknight|Pressure
|switch|p1a: Mr T|Great Tusk|100/100
|-damage|p1a: Mr T|88/100|[from] Spikes
|-enditem|p1a: Mr T|Booster Energy
|-activate|p1a: Mr T|ability: Protosynthesis|[fromitem]
|-start|p1a: Mr T|protosynthesisatk
|
|-damage|p2a: Corviknight|94/100 brn|[from] brn
|upkeep
|turn|22
|
|t:|1743913533
|move|p1a: Mr T|Rapid Spin|p2a: Corviknight
|-resisted|p2a: Corviknight
|-damage|p2a: Corviknight|85/100 brn
|-boost|p1a: Mr T|spe|1
|-sideend|p1: PekPicPek|Spikes|[from] move: Rapid Spin|[of] p1a: Mr T
|move|p2a: Corviknight|Brave Bird|p1a: Mr T
|-supereffective|p1a: Mr T
|-damage|p1a: Mr T|63/100
|-damage|p2a: Corviknight|77/100 brn|[from] Recoil
|
|-heal|p2a: Corviknight|84/100 brn|[from] item: Leftovers
|-damage|p2a: Corviknight|77/100 brn|[from] brn
|upkeep
|turn|23
|
|t:|1743913540
|move|p1a: Mr T|Close Combat|p2a: Corviknight
|-damage|p2a: Corviknight|14/100 brn
|-unboost|p1a: Mr T|def|1
|-unboost|p1a: Mr T|spd|1
|move|p2a: Corviknight|U-turn|p1a: Mr T
|-resisted|p1a: Mr T
|-damage|p1a: Mr T|59/100
|j| bybvdn
|l| bybvdn
|
|t:|1743913547
|switch|p2a: Enamorus|Enamorus, F|100/100|[from] U-turn
|
|upkeep
|turn|24
|
|t:|1743913556
|-end|p1a: Mr T|Protosynthesis|[silent]
|switch|p1a: Emily|Moltres|99/100
|-terastallize|p2a: Enamorus|Stellar
|move|p2a: Enamorus|Tera Blast|p1a: Emily|[anim] Tera Blast Stellar
|-damage|p1a: Emily|56/100
|-unboost|p2a: Enamorus|atk|1
|-unboost|p2a: Enamorus|spa|1
|
|upkeep
|turn|25
|c|☆monohue|omg
|c|☆PekPicPek|OH NO
|c|☆monohue|wrong ability
|c|☆monohue|gg
|-message|monohue forfeited.
|c|☆PekPicPek|gg
|
|win|PekPicPek
|raw|PekPicPek's rating: 1703 &rarr; <strong>1722</strong><br />(+19 for winning)
|raw|monohue's rating: 1694 &rarr; <strong>1675</strong><br />(-19 for losing)
|l|☆monohue
|player|p2|
|c|☆PekPicPek|I thought I needed the sash klawf to stop that
|l| lowladderubersnoob
|l|☆PekPicPek
|player|p1|
|l| Trucker Hat Mew
