|j|☆UCB0
|j|☆baizhi>jinshi
|t:|1743778549
|gametype|singles
|player|p1|UCB0|n|1250
|player|p2|baizhi>jinshi|acetrainerf|1285
|teamsize|p1|6
|teamsize|p2|6
|gen|9
|tier|[Gen 9] OU
|rated|
|rule|HP Percentage Mod: HP is shown in percentages
|rule|Endless Battle Clause: Forcing endless battles is banned
|rule|Species Clause: Limit one of each Pokémon
|rule|OHKO Clause: OHKO moves are banned
|rule|Evasion Items Clause: Evasion items are banned
|rule|Evasion Moves Clause: Evasion moves are banned
|rule|Sleep Moves Clause: Sleep-inducing moves are banned
|clearpoke
|poke|p1|Excadrill, M|
|poke|p1|Abomasnow, M|
|poke|p1|Gastrodon-East, F|
|poke|p1|Iron Moth|
|poke|p1|Skarmory, F|
|poke|p1|Morpeko, F|
|poke|p2|Serperior, M|
|poke|p2|Weavile, M|
|poke|p2|Haxorus, M|
|poke|p2|Gardevoir, F|
|poke|p2|Skarmory, M|
|poke|p2|Lucario, M|
|teampreview
|
|t:|1743778564
|start
|switch|p1a: Morpeko|Morpeko, F, shiny|100/100
|switch|p2a: Weavile|Weavile, M|100/100
|turn|1
|
|t:|1743778570
|move|p1a: Morpeko|Fake Out|p2a: Weavile
|-crit|p2a: Weavile
|-damage|p2a: Weavile|71/100
|cant|p2a: Weavile|flinch
|
|-formechange|p1a: Morpeko|Morpeko-Hangry||[from] ability: Hunger Switch
|upkeep
|turn|2
|
|t:|1743778579
|switch|p1a: Skarmory|Skarmory, F|100/100
|move|p2a: Weavile|Swords Dance|p2a: Weavile
|-boost|p2a: Weavile|atk|2
|
|upkeep
|turn|3
|
|t:|1743778587
|move|p2a: Weavile|Knock Off|p1a: Skarmory
|-damage|p1a: Skarmory|41/100
|-damage|p2a: Weavile|54/100|[from] item: Rocky Helmet|[of] p1a: Skarmory
|-enditem|p1a: Skarmory|Rocky Helmet|[from] move: Knock Off|[of] p2a: Weavile
|move|p1a: Skarmory|Stealth Rock|p2a: Weavile
|-sidestart|p2: baizhi>jinshi|move: Stealth Rock
|
|upkeep
|turn|4
|
|t:|1743778594
|move|p2a: Weavile|Triple Axel|p1a: Skarmory
|-damage|p1a: Skarmory|30/100
|-damage|p1a: Skarmory|6/100
|-damage|p1a: Skarmory|0 fnt
|faint|p1a: Skarmory
|-hitcount|p1: Skarmory|3
|
|upkeep
|
|t:|1743778602
|switch|p1a: Morpeko|Morpeko, F, shiny|100/100
|turn|5
|
|t:|1743778609
|move|p1a: Morpeko|Fake Out|p2a: Weavile
|-damage|p2a: Weavile|36/100
|cant|p2a: Weavile|flinch
|
|-formechange|p1a: Morpeko|Morpeko-Hangry||[from] ability: Hunger Switch
|upkeep
|turn|6
|
|t:|1743778617
|move|p2a: Weavile|Triple Axel|p1a: Morpeko
|-crit|p1a: Morpeko
|-damage|p1a: Morpeko|43/100
|-damage|p1a: Morpeko|0 fnt
|faint|p1a: Morpeko
|-hitcount|p1: Morpeko|2
|
|upkeep
|
|t:|1743778624
|switch|p1a: Mothra|Iron Moth, shiny|100/100
|-enditem|p1a: Mothra|Booster Energy
|-activate|p1a: Mothra|ability: Quark Drive|[fromitem]
|-start|p1a: Mothra|quarkdrivespe
|turn|7
|
|t:|1743778631
|move|p2a: Weavile|Ice Shard|p1a: Mothra
|-resisted|p1a: Mothra
|-damage|p1a: Mothra|64/100
|move|p1a: Mothra|Fiery Dance|p2a: Weavile
|-supereffective|p2a: Weavile
|-damage|p2a: Weavile|0 fnt
|faint|p2a: Weavile
|
|upkeep
|
|t:|1743778646
|switch|p2a: Haxorus|Haxorus, M|100/100
|-damage|p2a: Haxorus|88/100|[from] Stealth Rock
|-ability|p2a: Haxorus|Mold Breaker
|turn|8
|
|t:|1743778652
|move|p1a: Mothra|Sludge Wave|p2a: Haxorus
|-damage|p2a: Haxorus|15/100
|move|p2a: Haxorus|Earthquake|p1a: Mothra
|-supereffective|p1a: Mothra
|-damage|p1a: Mothra|0 fnt
|faint|p1a: Mothra
|-end|p1a: Mothra|Quark Drive|[silent]
|
|upkeep
|
|t:|1743778661
|switch|p1a: Excadrill|Excadrill, M|100/100
|-ability|p1a: Excadrill|Mold Breaker
|turn|9
|
|t:|1743778667
|move|p1a: Excadrill|Iron Head|p2a: Haxorus
|-damage|p2a: Haxorus|0 fnt
|faint|p2a: Haxorus
|
|upkeep
|
|t:|1743778675
|switch|p2a: Serperior|Serperior, M|100/100
|-damage|p2a: Serperior|88/100|[from] Stealth Rock
|turn|10
|
|t:|1743778681
|switch|p1a: Abomasnow|Abomasnow, M, shiny|100/100
|-weather|Snowscape|[from] ability: Snow Warning|[of] p1a: Abomasnow
|move|p2a: Serperior|Glare|p1a: Abomasnow
|-status|p1a: Abomasnow|par
|
|-weather|Snowscape|[upkeep]
|-heal|p2a: Serperior|94/100|[from] item: Leftovers
|upkeep
|turn|11
|
|t:|1743778690
|move|p2a: Serperior|Substitute|p2a: Serperior
|-start|p2a: Serperior|Substitute
|-damage|p2a: Serperior|70/100
|cant|p1a: Abomasnow|par
|
|-weather|Snowscape|[upkeep]
|-heal|p2a: Serperior|76/100|[from] item: Leftovers
|upkeep
|turn|12
|
|t:|1743778699
|move|p2a: Serperior|Leaf Storm|p1a: Abomasnow
|-resisted|p1a: Abomasnow
|-damage|p1a: Abomasnow|73/100 par
|-boost|p2a: Serperior|spa|2
|move|p1a: Abomasnow|Icicle Spear|p2a: Serperior
|-supereffective|p2a: Serperior
|-end|p2a: Serperior|Substitute
|-supereffective|p2a: Serperior
|-damage|p2a: Serperior|47/100
|-supereffective|p2a: Serperior
|-damage|p2a: Serperior|21/100
|-supereffective|p2a: Serperior
|-damage|p2a: Serperior|0 fnt
|faint|p2a: Serperior
|-hitcount|p2: Serperior|4
|
|-weather|Snowscape|[upkeep]
|upkeep
|
|t:|1743778715
|switch|p2a: Skarmory|Skarmory, M|100/100
|-damage|p2a: Skarmory|88/100|[from] Stealth Rock
|turn|13
|
|t:|1743778723
|move|p2a: Skarmory|Stealth Rock|p1a: Abomasnow
|-sidestart|p1: UCB0|move: Stealth Rock
|move|p1a: Abomasnow|Aurora Veil|p1a: Abomasnow
|-sidestart|p1: UCB0|move: Aurora Veil
|
|-weather|Snowscape|[upkeep]
|upkeep
|turn|14
|
|t:|1743778729
|move|p2a: Skarmory|Spikes|p1a: Abomasnow
|-sidestart|p1: UCB0|Spikes
|move|p1a: Abomasnow|Icicle Spear|p2a: Skarmory
|-damage|p2a: Skarmory|78/100
|-damage|p2a: Skarmory|67/100
|-crit|p2a: Skarmory
|-damage|p2a: Skarmory|50/100
|-damage|p2a: Skarmory|39/100
|-hitcount|p2a: Skarmory|4
|
|-weather|none
|upkeep
|turn|15
|
|t:|1743778740
|move|p2a: Skarmory|Spikes|p1a: Abomasnow
|-sidestart|p1: UCB0|Spikes
|move|p1a: Abomasnow|Icicle Spear|p2a: Skarmory
|-crit|p2a: Skarmory
|-damage|p2a: Skarmory|21/100
|-damage|p2a: Skarmory|11/100
|-damage|p2a: Skarmory|1/100
|-damage|p2a: Skarmory|0 fnt
|faint|p2a: Skarmory
|-hitcount|p2: Skarmory|4
|
|upkeep
|
|t:|1743778752
|switch|p2a: Lucario|Lucario, M|100/100
|-damage|p2a: Lucario|98/100|[from] Stealth Rock
|turn|16
|
|t:|1743778757
|move|p2a: Lucario|Swords Dance|p2a: Lucario
|-boost|p2a: Lucario|atk|2
|move|p1a: Abomasnow|Earthquake|p2a: Lucario
|-supereffective|p2a: Lucario
|-damage|p2a: Lucario|0 fnt
|faint|p2a: Lucario
|
|upkeep
|
|t:|1743778760
|switch|p2a: Gardevoir|Gardevoir, F|100/100
|-damage|p2a: Gardevoir|88/100|[from] Stealth Rock
|-weather|Snowscape|[from] ability: Snow Warning|[of] p2a: Gardevoir
|-ability|p2a: Gardevoir|Snow Warning|[from] ability: Trace|[of] p1a: Abomasnow
|turn|17
|
|t:|1743778772
|move|p2a: Gardevoir|Moonblast|p1a: Abomasnow
|-crit|p1a: Abomasnow
|-damage|p1a: Abomasnow|0 fnt
|faint|p1a: Abomasnow
|
|-weather|Snowscape|[upkeep]
|-sideend|p1: UCB0|move: Aurora Veil
|upkeep
|
|t:|1743778778
|switch|p1a: Gastrodon|Gastrodon-East, F|100/100
|-damage|p1a: Gastrodon|94/100|[from] Stealth Rock
|-damage|p1a: Gastrodon|78/100|[from] Spikes
|turn|18
|
|t:|1743778784
|move|p2a: Gardevoir|Moonblast|p1a: Gastrodon
|-damage|p1a: Gastrodon|52/100
|move|p1a: Gastrodon|Sludge Bomb|p2a: Gardevoir
|-supereffective|p2a: Gardevoir
|-damage|p2a: Gardevoir|34/100
|
|-weather|Snowscape|[upkeep]
|upkeep
|turn|19
|-message|baizhi>jinshi forfeited.
|
|win|UCB0
|raw|UCB0's rating: 1250 &rarr; <strong>1278</strong><br />(+28 for winning)
|raw|baizhi&gt;jinshi's rating: 1285 &rarr; <strong>1257</strong><br />(-28 for losing)
|l|☆baizhi>jinshi
|player|p2|
|j|☆baizhi>jinshi
|player|p2|baizhi>jinshi|acetrainerf|
|l|☆baizhi>jinshi
|player|p2|
|l|☆UCB0
|player|p1|
|j|☆baizhi>jinshi
|player|p2|baizhi>jinshi|acetrainerf|
|l|☆baizhi>jinshi
|player|p2|
