|j|☆nyxreborn
|j|☆MeAndTheBorthers
|t:|1743923776
|gametype|singles
|player|p1|nyxreborn|lady-gen4|1273
|player|p2|MeAndTheBorthers|iris-gen5bw2|1322
|teamsize|p1|6
|teamsize|p2|6
|gen|9
|tier|[Gen 9] OU
|rated|
|rule|HP Percentage Mod: HP is shown in percentages
|rule|Endless Battle Clause: Forcing endless battles is banned
|rule|Species Clause: Limit one of each Pokémon
|rule|OHKO Clause: OHKO moves are banned
|rule|Evasion Items Clause: Evasion items are banned
|rule|Evasion Moves Clause: Evasion moves are banned
|rule|Sleep Moves Clause: Sleep-inducing moves are banned
|clearpoke
|poke|p1|Enamorus, F|
|poke|p1|Ogerpon-Wellspring, F|
|poke|p1|Blaziken, M|
|poke|p1|Glimmora, F|
|poke|p1|Great Tusk|
|poke|p1|Kyurem|
|poke|p2|Meowscarada, F|
|poke|p2|Dondozo, F|
|poke|p2|Zapdos|
|poke|p2|Iron Treads|
|poke|p2|Gholdengo|
|poke|p2|Slowking-Galar, F|
|teampreview
|inactive|Battle timer is ON: inactive players will automatically lose when time's up. (requested by nyxreborn)
|
|t:|1743923787
|start
|switch|p1a: Ogerpon|Ogerpon-Wellspring, F|100/100
|switch|p2a: A headache|Slowking-Galar, F|100/100
|turn|1
|
|t:|1743923799
|move|p1a: Ogerpon|Knock Off|p2a: A headache
|-supereffective|p2a: A headache
|-damage|p2a: A headache|27/100
|-enditem|p2a: A headache|Black Sludge|[from] move: Knock Off|[of] p1a: Ogerpon
|move|p2a: A headache|Sludge Bomb|p1a: Ogerpon
|-supereffective|p1a: Ogerpon
|-damage|p1a: Ogerpon|20/100
|
|upkeep
|turn|2
|
|t:|1743923807
|switch|p2a: A Gen 1 OU Staple|Zapdos|100/100
|-ability|p2a: A Gen 1 OU Staple|Pressure
|move|p1a: Ogerpon|Ivy Cudgel|p2a: A Gen 1 OU Staple|[anim] Ivy Cudgel Water
|-crit|p2a: A Gen 1 OU Staple
|-damage|p2a: A Gen 1 OU Staple|36/100
|
|upkeep
|turn|3
|
|t:|1743923826
|move|p1a: Ogerpon|Knock Off|p2a: A Gen 1 OU Staple
|-damage|p2a: A Gen 1 OU Staple|7/100
|-enditem|p2a: A Gen 1 OU Staple|Heavy-Duty Boots|[from] move: Knock Off|[of] p1a: Ogerpon
|move|p2a: A Gen 1 OU Staple|U-turn|p1a: Ogerpon
|-supereffective|p1a: Ogerpon
|-crit|p1a: Ogerpon
|-damage|p1a: Ogerpon|0 fnt
|faint|p1a: Ogerpon
|
|t:|1743923832
|switch|p2a: A headache|Slowking-Galar, F|61/100|[from] U-turn
|
|upkeep
|
|t:|1743923835
|switch|p1a: Great Tusk|Great Tusk|100/100
|-enditem|p1a: Great Tusk|Booster Energy
|-activate|p1a: Great Tusk|ability: Protosynthesis|[fromitem]
|-start|p1a: Great Tusk|protosynthesisatk
|turn|4
|
|t:|1743923841
|move|p1a: Great Tusk|Rapid Spin|p2a: A headache
|-damage|p2a: A headache|36/100
|-boost|p1a: Great Tusk|spe|1
|-prepare|p2a: A headache|Chilly Reception|[premajor]
|move|p2a: A headache|Chilly Reception|p2a: A headache
|-weather|Snowscape
|
|t:|1743923858
|switch|p2a: A Gen 1 OU Staple|Zapdos|7/100|[from] Chilly Reception
|-ability|p2a: A Gen 1 OU Staple|Pressure
|
|-weather|Snowscape|[upkeep]
|upkeep
|turn|5
|
|t:|1743923872
|move|p1a: Great Tusk|Rapid Spin|p2a: A Gen 1 OU Staple
|-damage|p2a: A Gen 1 OU Staple|0 fnt
|-boost|p1a: Great Tusk|spe|1
|faint|p2a: A Gen 1 OU Staple
|
|-weather|Snowscape|[upkeep]
|upkeep
|
|t:|1743923876
|switch|p2a: My Brother|Dondozo, F|100/100
|turn|6
|
|t:|1743923884
|-terastallize|p1a: Great Tusk|Psychic
|move|p1a: Great Tusk|Zen Headbutt|p2a: My Brother|[miss]
|-miss|p1a: Great Tusk|p2a: My Brother
|move|p2a: My Brother|Waterfall|p1a: Great Tusk
|-damage|p1a: Great Tusk|82/100
|
|-weather|Snowscape|[upkeep]
|upkeep
|turn|7
|
|t:|1743923889
|move|p1a: Great Tusk|Zen Headbutt|p2a: My Brother
|-damage|p2a: My Brother|76/100
|cant|p2a: My Brother|flinch
|
|-weather|Snowscape|[upkeep]
|-heal|p2a: My Brother|83/100|[from] item: Leftovers
|upkeep
|turn|8
|
|t:|1743923895
|move|p1a: Great Tusk|Earthquake|p2a: My Brother
|-damage|p2a: My Brother|51/100
|move|p2a: My Brother|Curse|p2a: My Brother
|-unboost|p2a: My Brother|spe|1
|-boost|p2a: My Brother|atk|1
|-boost|p2a: My Brother|def|1
|
|-weather|none
|-heal|p2a: My Brother|58/100|[from] item: Leftovers
|upkeep
|turn|9
|
|t:|1743923906
|-end|p1a: Great Tusk|Protosynthesis|[silent]
|switch|p1a: Enamorus|Enamorus, F|100/100
|move|p2a: My Brother|Waterfall|p1a: Enamorus
|-damage|p1a: Enamorus|39/100
|
|-heal|p2a: My Brother|64/100|[from] item: Leftovers
|upkeep
|turn|10
|
|t:|1743923920
|move|p1a: Enamorus|Grass Knot|p2a: My Brother
|-supereffective|p2a: My Brother
|-damage|p2a: My Brother|0 fnt
|faint|p2a: My Brother
|
|upkeep
|
|t:|1743923927
|switch|p2a: Critty Cat|Meowscarada, F|100/100
|turn|11
|
|t:|1743923934
|switch|p1a: Glimmora|Glimmora, F|100/100
|-item|p1a: Glimmora|Air Balloon
|move|p2a: Critty Cat|Triple Axel|p1a: Glimmora
|-start|p2a: Critty Cat|typechange|Ice|[from] ability: Protean
|-damage|p1a: Glimmora|93/100
|-activate|p1a: Glimmora|ability: Toxic Debris
|-sidestart|p2: MeAndTheBorthers|move: Toxic Spikes
|-enditem|p1a: Glimmora|Air Balloon
|-damage|p1a: Glimmora|81/100
|-activate|p1a: Glimmora|ability: Toxic Debris
|-sidestart|p2: MeAndTheBorthers|move: Toxic Spikes
|-damage|p1a: Glimmora|60/100
|-hitcount|p1a: Glimmora|3
|
|upkeep
|turn|12
|
|t:|1743923942
|move|p2a: Critty Cat|Triple Axel|p1a: Glimmora
|-damage|p1a: Glimmora|54/100
|-damage|p1a: Glimmora|41/100
|-damage|p1a: Glimmora|20/100
|-hitcount|p1a: Glimmora|3
|move|p1a: Glimmora|Power Gem|p2a: Critty Cat
|-supereffective|p2a: Critty Cat
|-damage|p2a: Critty Cat|0 fnt
|faint|p2a: Critty Cat
|
|upkeep
|
|t:|1743923952
|switch|p2a: A headache|Slowking-Galar, F|70/100
|-sideend|p2: MeAndTheBorthers|move: Toxic Spikes|[of] p2a: A headache
|turn|13
|
|t:|1743923957
|move|p1a: Glimmora|Stealth Rock|p2a: A headache
|-sidestart|p2: MeAndTheBorthers|move: Stealth Rock
|move|p2a: A headache|Psychic Noise|p1a: Glimmora
|-supereffective|p1a: Glimmora
|-damage|p1a: Glimmora|0 fnt
|faint|p1a: Glimmora
|
|upkeep
|
|t:|1743923959
|switch|p1a: Great Tusk|Great Tusk, tera:Psychic|82/100
|turn|14
|
|t:|1743923974
|switch|p2a: Dick Dale|Gholdengo|100/100
|-damage|p2a: Dick Dale|94/100|[from] Stealth Rock
|move|p1a: Great Tusk|Rapid Spin|p2a: Dick Dale
|-immune|p2a: Dick Dale
|
|-heal|p2a: Dick Dale|100/100|[from] item: Leftovers
|upkeep
|turn|15
|
|t:|1743923982
|move|p1a: Great Tusk|Earthquake|p2a: Dick Dale
|-supereffective|p2a: Dick Dale
|-damage|p2a: Dick Dale|0 fnt
|faint|p2a: Dick Dale
|
|upkeep
|
|t:|1743923988
|switch|p2a: Dunlop|Iron Treads|100/100
|-damage|p2a: Dunlop|97/100|[from] Stealth Rock
|turn|16
|
|t:|1743923993
|-terastallize|p2a: Dunlop|Ghost
|move|p2a: Dunlop|Rapid Spin|p1a: Great Tusk
|-damage|p1a: Great Tusk|70/100
|-boost|p2a: Dunlop|spe|1
|-sideend|p2: MeAndTheBorthers|Stealth Rock|[from] move: Rapid Spin|[of] p2a: Dunlop
|move|p1a: Great Tusk|Earthquake|p2a: Dunlop
|-damage|p2a: Dunlop|48/100
|
|upkeep
|turn|17
|
|t:|1743924008
|move|p2a: Dunlop|Earthquake|p1a: Great Tusk
|-damage|p1a: Great Tusk|37/100
|move|p1a: Great Tusk|Earthquake|p2a: Dunlop
|-damage|p2a: Dunlop|5/100
|
|upkeep
|turn|18
|
|t:|1743924016
|move|p2a: Dunlop|Earthquake|p1a: Great Tusk
|-damage|p1a: Great Tusk|3/100
|move|p1a: Great Tusk|Earthquake|p2a: Dunlop
|-damage|p2a: Dunlop|0 fnt
|faint|p2a: Dunlop
|-end|p2a: Dunlop|Quark Drive|[silent]
|
|upkeep
|
|t:|1743924020
|switch|p2a: A headache|Slowking-Galar, F|100/100
|turn|19
|
|t:|1743924023
|move|p1a: Great Tusk|Earthquake|p2a: A headache
|-supereffective|p2a: A headache
|-damage|p2a: A headache|0 fnt
|faint|p2a: A headache
|
|win|nyxreborn
|raw|nyxreborn's rating: 1273 &rarr; <strong>1302</strong><br />(+29 for winning)
|raw|MeAndTheBorthers's rating: 1322 &rarr; <strong>1299</strong><br />(-23 for losing)
|l|☆MeAndTheBorthers
|player|p2|
