|j|☆Mussolenin
|j|☆timcheesejohnpork
|t:|1743933181
|gametype|singles
|player|p1|Mussolenin|102|1261
|player|p2|timcheesejohnpork|102|1270
|teamsize|p1|6
|teamsize|p2|6
|gen|9
|tier|[Gen 9] OU
|rated|
|rule|HP Percentage Mod: HP is shown in percentages
|rule|Endless Battle Clause: Forcing endless battles is banned
|rule|Species Clause: Limit one of each Pokémon
|rule|OHKO Clause: OHKO moves are banned
|rule|Evasion Items Clause: Evasion items are banned
|rule|Evasion Moves Clause: Evasion moves are banned
|rule|Sleep Moves Clause: Sleep-inducing moves are banned
|clearpoke
|poke|p1|Landorus-Therian, M|
|poke|p1|Kingambit, M|
|poke|p1|Pecharunt|
|poke|p1|Zapdos-Galar|
|poke|p1|Sylveon, F|
|poke|p1|Kyurem|
|poke|p2|Darkrai|
|poke|p2|Gholdengo|
|poke|p2|Dragapult, F|
|poke|p2|Iron Valiant|
|poke|p2|Ogerpon-Wellspring, F|
|poke|p2|Rotom-Heat|
|teampreview
|inactive|Battle timer is ON: inactive players will automatically lose when time's up. (requested by Mussolenin)
|
|t:|1743933194
|start
|switch|p1a: Landorus|Landorus-Therian, M|100/100
|switch|p2a: Ogerpon|Ogerpon-Wellspring, F|100/100
|-ability|p1a: Landorus|Intimidate|boost
|-unboost|p2a: Ogerpon|atk|1
|turn|1
|
|t:|1743933202
|move|p2a: Ogerpon|Ivy Cudgel|p1a: Landorus|[anim] Ivy Cudgel Water
|-supereffective|p1a: Landorus
|-crit|p1a: Landorus
|-damage|p1a: Landorus|0 fnt
|faint|p1a: Landorus
|
|upkeep
|
|t:|1743933212
|switch|p1a: Pecharunt|Pecharunt|100/100
|turn|2
|
|t:|1743933220
|-terastallize|p2a: Ogerpon|Water
|detailschange|p2a: Ogerpon|Ogerpon-Wellspring-Tera, F, tera:Water
|-ability|p2a: Ogerpon|Embody Aspect (Wellspring)|boost
|-boost|p2a: Ogerpon|spd|1
|move|p2a: Ogerpon|Stomping Tantrum|p1a: Pecharunt
|-supereffective|p1a: Pecharunt
|-damage|p1a: Pecharunt|76/100
|move|p1a: Pecharunt|Parting Shot|p2a: Ogerpon
|-unboost|p2a: Ogerpon|atk|1
|-unboost|p2a: Ogerpon|spa|1
|
|t:|1743933234
|switch|p1a: Kyurem|Kyurem|100/100|[from] Parting Shot
|-ability|p1a: Kyurem|Pressure
|
|upkeep
|turn|3
|
|t:|1743933262
|move|p2a: Ogerpon|Stomping Tantrum|p1a: Kyurem
|-damage|p1a: Kyurem|84/100
|move|p1a: Kyurem|Draco Meteor|p2a: Ogerpon
|-damage|p2a: Ogerpon|51/100
|-unboost|p1a: Kyurem|spa|2
|
|upkeep
|turn|4
|
|t:|1743933274
|switch|p2a: Iron Valiant|Iron Valiant|100/100
|switch|p1a: Zapdos|Zapdos-Galar|100/100
|
|upkeep
|turn|5
|inactive|timcheesejohnpork has 120 seconds left.
|
|t:|1743933311
|switch|p1a: Pecharunt|Pecharunt|76/100
|move|p2a: Iron Valiant|Moonblast|p1a: Pecharunt
|-resisted|p1a: Pecharunt
|-damage|p1a: Pecharunt|46/100
|-damage|p2a: Iron Valiant|91/100|[from] item: Life Orb
|
|upkeep
|turn|6
|
|t:|1743933321
|move|p2a: Iron Valiant|Shadow Ball|p1a: Pecharunt
|-supereffective|p1a: Pecharunt
|-damage|p1a: Pecharunt|0 fnt
|faint|p1a: Pecharunt
|-damage|p2a: Iron Valiant|81/100|[from] item: Life Orb
|
|upkeep
|
|t:|1743933328
|switch|p1a: Sylveon|Sylveon, F|100/100
|turn|7
|
|t:|1743933337
|-end|p2a: Iron Valiant|Quark Drive|[silent]
|switch|p2a: Gholdengo|Gholdengo|100/100
|move|p1a: Sylveon|Calm Mind|p1a: Sylveon
|-boost|p1a: Sylveon|spa|1
|-boost|p1a: Sylveon|spd|1
|
|upkeep
|turn|8
|
|t:|1743933352
|switch|p1a: Kingambit|Kingambit, M|100/100
|-activate|p1a: Kingambit|ability: Supreme Overlord
|-start|p1a: Kingambit|fallen2|[silent]
|move|p2a: Gholdengo|Make It Rain|p1a: Kingambit
|-resisted|p1a: Kingambit
|-damage|p1a: Kingambit|57/100
|-unboost|p2a: Gholdengo|spa|1
|-damage|p2a: Gholdengo|91/100|[from] item: Life Orb
|
|-heal|p1a: Kingambit|63/100|[from] item: Leftovers
|upkeep
|turn|9
|inactive|timcheesejohnpork has 120 seconds left.
|
|t:|1743933369
|switch|p2a: Rotom|Rotom-Heat|100/100
|move|p1a: Kingambit|Kowtow Cleave|p2a: Rotom
|-damage|p2a: Rotom|32/100
|
|-heal|p2a: Rotom|38/100|[from] item: Leftovers
|-heal|p1a: Kingambit|69/100|[from] item: Leftovers
|upkeep
|turn|10
|
|t:|1743933379
|move|p1a: Kingambit|Sucker Punch|p2a: Rotom
|-damage|p2a: Rotom|0 fnt
|faint|p2a: Rotom
|
|-heal|p1a: Kingambit|75/100|[from] item: Leftovers
|upkeep
|
|t:|1743933401
|switch|p2a: Iron Valiant|Iron Valiant|81/100
|turn|11
|
|t:|1743933408
|-end|p1a: Kingambit|fallen2|[silent]
|switch|p1a: Sylveon|Sylveon, F|100/100
|move|p2a: Iron Valiant|Close Combat|p1a: Sylveon
|-resisted|p1a: Sylveon
|-damage|p1a: Sylveon|57/100
|-unboost|p2a: Iron Valiant|def|1
|-unboost|p2a: Iron Valiant|spd|1
|-damage|p2a: Iron Valiant|71/100|[from] item: Life Orb
|
|-heal|p1a: Sylveon|63/100|[from] item: Leftovers
|upkeep
|turn|12
|
|t:|1743933423
|-end|p2a: Iron Valiant|Quark Drive|[silent]
|switch|p2a: Gholdengo|Gholdengo|91/100
|switch|p1a: Kingambit|Kingambit, M|75/100
|-activate|p1a: Kingambit|ability: Supreme Overlord
|-start|p1a: Kingambit|fallen2|[silent]
|
|-heal|p1a: Kingambit|81/100|[from] item: Leftovers
|upkeep
|turn|13
|
|t:|1743933437
|move|p2a: Gholdengo|Nasty Plot|p2a: Gholdengo
|-boost|p2a: Gholdengo|spa|2
|move|p1a: Kingambit|Swords Dance|p1a: Kingambit
|-boost|p1a: Kingambit|atk|2
|
|-heal|p1a: Kingambit|88/100|[from] item: Leftovers
|upkeep
|turn|14
|
|t:|1743933458
|switch|p2a: Ogerpon|Ogerpon-Wellspring-Tera, F, tera:Water|51/100
|-ability|p2a: Ogerpon|Embody Aspect (Wellspring)|boost
|-boost|p2a: Ogerpon|spd|1
|move|p1a: Kingambit|Sucker Punch||[still]
|-fail|p1a: Kingambit
|
|-heal|p1a: Kingambit|94/100|[from] item: Leftovers
|upkeep
|turn|15
|
|t:|1743933468
|move|p1a: Kingambit|Sucker Punch|p2a: Ogerpon
|-damage|p2a: Ogerpon|0 fnt
|faint|p2a: Ogerpon
|
|-heal|p1a: Kingambit|99/100|[from] item: Leftovers
|upkeep
|inactive|timcheesejohnpork has 90 seconds left.
|
|t:|1743933491
|switch|p2a: Iron Valiant|Iron Valiant|71/100
|turn|16
|
|t:|1743933500
|-terastallize|p1a: Kingambit|Ghost
|move|p2a: Iron Valiant|Close Combat|p1a: Kingambit
|-immune|p1a: Kingambit
|move|p1a: Kingambit|Iron Head|p2a: Iron Valiant
|-supereffective|p2a: Iron Valiant
|-damage|p2a: Iron Valiant|0 fnt
|faint|p2a: Iron Valiant
|-end|p2a: Iron Valiant|Quark Drive|[silent]
|
|-heal|p1a: Kingambit|100/100|[from] item: Leftovers
|upkeep
|
|t:|1743933520
|switch|p2a: Gholdengo|Gholdengo|91/100
|turn|17
|
|t:|1743933524
|move|p2a: Gholdengo|Shadow Ball|p1a: Kingambit
|-supereffective|p1a: Kingambit
|-damage|p1a: Kingambit|0 fnt
|faint|p1a: Kingambit
|-end|p1a: Kingambit|fallen2|[silent]
|-damage|p2a: Gholdengo|81/100|[from] item: Life Orb
|
|upkeep
|inactive|Mussolenin has 120 seconds left.
|
|t:|1743933562
|switch|p1a: Zapdos|Zapdos-Galar|100/100
|turn|18
|inactive|Mussolenin has 120 seconds left.
|inactive|timcheesejohnpork has 90 seconds left.
|
|t:|1743933586
|move|p1a: Zapdos|Knock Off|p2a: Gholdengo
|-supereffective|p2a: Gholdengo
|-damage|p2a: Gholdengo|8/100
|-enditem|p2a: Gholdengo|Life Orb|[from] move: Knock Off|[of] p1a: Zapdos
|move|p2a: Gholdengo|Dazzling Gleam|p1a: Zapdos
|-supereffective|p1a: Zapdos
|-damage|p1a: Zapdos|33/100
|
|upkeep
|turn|19
|inactive|Mussolenin has 120 seconds left.
|
|t:|1743933603
|switch|p2a: Darkrai|Darkrai|100/100
|move|p1a: Zapdos|Knock Off|p2a: Darkrai
|-resisted|p2a: Darkrai
|-damage|p2a: Darkrai|78/100
|-enditem|p2a: Darkrai|Choice Scarf|[from] move: Knock Off|[of] p1a: Zapdos
|
|upkeep
|turn|20
|inactive|Mussolenin has 120 seconds left.
|
|t:|1743933621
|switch|p2a: Dragapult|Dragapult, F|100/100
|switch|p1a: Sylveon|Sylveon, F|63/100
|
|-heal|p1a: Sylveon|69/100|[from] item: Leftovers
|upkeep
|turn|21
|inactive|Mussolenin has 120 seconds left.
|
|t:|1743933637
|move|p2a: Dragapult|U-turn|p1a: Sylveon
|-resisted|p1a: Sylveon
|-damage|p1a: Sylveon|46/100
|inactive|timcheesejohnpork has 60 seconds left.
|
|t:|1743933651
|switch|p2a: Darkrai|Darkrai|78/100|[from] U-turn
|move|p1a: Sylveon|Calm Mind|p1a: Sylveon
|-boost|p1a: Sylveon|spa|1
|-boost|p1a: Sylveon|spd|1
|
|-heal|p1a: Sylveon|52/100|[from] item: Leftovers
|upkeep
|turn|22
|
|t:|1743933666
|move|p2a: Darkrai|Sludge Bomb|p1a: Sylveon
|-supereffective|p1a: Sylveon
|-damage|p1a: Sylveon|19/100
|move|p1a: Sylveon|Hyper Voice|p2a: Darkrai
|-supereffective|p2a: Darkrai
|-damage|p2a: Darkrai|0 fnt
|faint|p2a: Darkrai
|
|-heal|p1a: Sylveon|25/100|[from] item: Leftovers
|upkeep
|inactive|timcheesejohnpork has 60 seconds left.
|
|t:|1743933686
|switch|p2a: Gholdengo|Gholdengo|8/100
|turn|23
|inactive|timcheesejohnpork has 60 seconds left.
|
|t:|1743933694
|move|p1a: Sylveon|Protect|p1a: Sylveon
|-singleturn|p1a: Sylveon|Protect
|move|p2a: Gholdengo|Make It Rain|p1a: Sylveon
|-activate|p1a: Sylveon|move: Protect
|
|-heal|p1a: Sylveon|31/100|[from] item: Leftovers
|upkeep
|turn|24
|
|t:|1743933704
|move|p2a: Gholdengo|Make It Rain|p1a: Sylveon
|-supereffective|p1a: Sylveon
|-damage|p1a: Sylveon|0 fnt
|-unboost|p2a: Gholdengo|spa|1
|faint|p1a: Sylveon
|
|upkeep
|
|t:|1743933711
|switch|p1a: Zapdos|Zapdos-Galar|33/100
|turn|25
|
|t:|1743933720
|move|p1a: Zapdos|Knock Off|p2a: Gholdengo
|-supereffective|p2a: Gholdengo
|-damage|p2a: Gholdengo|0 fnt
|faint|p2a: Gholdengo
|
|upkeep
|
|t:|1743933725
|switch|p2a: Dragapult|Dragapult, F|100/100
|turn|26
|
|t:|1743933745
|move|p2a: Dragapult|Dragon Darts|p1a: Zapdos
|-damage|p1a: Zapdos|0 fnt
|faint|p1a: Zapdos
|
|upkeep
|
|t:|1743933749
|switch|p1a: Kyurem|Kyurem|84/100
|-ability|p1a: Kyurem|Pressure
|turn|27
|
|t:|1743933768
|move|p2a: Dragapult|Dragon Darts|p1a: Kyurem
|-supereffective|p1a: Kyurem
|-damage|p1a: Kyurem|0 fnt
|faint|p1a: Kyurem
|
|win|timcheesejohnpork
|raw|Mussolenin's rating: 1261 &rarr; <strong>1237</strong><br />(-24 for losing)
|raw|timcheesejohnpork's rating: 1270 &rarr; <strong>1294</strong><br />(+24 for winning)
|l|☆Mussolenin
|player|p1|
|l|☆timcheesejohnpork
|player|p2|
