|j|☆Hakase42
|j|☆mrguestbs
|t:|1743918265
|gametype|singles
|player|p1|Hakase42|youngster-gen4dp|1147
|player|p2|mrguestbs|roxie|1108
|teamsize|p1|6
|teamsize|p2|6
|gen|9
|tier|[Gen 9] OU
|rated|
|rule|HP Percentage Mod: HP is shown in percentages
|rule|Endless Battle Clause: Forcing endless battles is banned
|rule|Species Clause: Limit one of each Pokémon
|rule|OHKO Clause: OHKO moves are banned
|rule|Evasion Items Clause: Evasion items are banned
|rule|Evasion Moves Clause: Evasion moves are banned
|rule|Sleep Moves Clause: Sleep-inducing moves are banned
|clearpoke
|poke|p1|Swanna, F|
|poke|p1|Victreebel, M|
|poke|p1|Toedscruel, F|
|poke|p1|Cinderace, M|
|poke|p1|Meganium, M|
|poke|p1|Luxray, F|
|poke|p2|Kilowattrel, F|
|poke|p2|Pecharunt|
|poke|p2|Kleavor, F|
|poke|p2|Enamorus, F|
|poke|p2|Maushold-Four|
|poke|p2|Tyranitar, F|
|teampreview
|
|t:|1743918283
|start
|switch|p1a: bird up|Swanna, F|100/100
|switch|p2a: Maushold|Maushold-Four|100/100
|turn|1
|
|t:|1743918290
|move|p2a: Maushold|Tidy Up|p2a: Maushold
|-boost|p2a: Maushold|atk|1
|-boost|p2a: Maushold|spe|1
|move|p1a: bird up|Tailwind|p1a: bird up
|-sidestart|p1: Hakase42|move: Tailwind
|
|upkeep
|turn|2
|
|t:|1743918297
|move|p1a: bird up|Aqua Jet|p2a: Maushold
|-damage|p2a: Maushold|72/100
|move|p2a: Maushold|Tidy Up|p2a: Maushold
|-boost|p2a: Maushold|atk|1
|-boost|p2a: Maushold|spe|1
|
|upkeep
|turn|3
|
|t:|1743918306
|move|p2a: Maushold|Population Bomb|p1a: bird up
|-damage|p1a: bird up|66/100
|-damage|p1a: bird up|32/100
|-damage|p1a: bird up|0 fnt
|faint|p1a: bird up
|-hitcount|p1: bird up|3
|
|upkeep
|
|t:|1743918336
|switch|p1a: blow...|Victreebel, M|100/100
|turn|4
|
|t:|1743918341
|move|p2a: Maushold|Population Bomb|p1a: blow...
|-damage|p1a: blow...|59/100
|-damage|p1a: blow...|21/100
|-damage|p1a: blow...|0 fnt
|faint|p1a: blow...
|-hitcount|p1: blow...|3
|
|-sideend|p1: Hakase42|move: Tailwind
|upkeep
|
|t:|1743918348
|switch|p1a: sup'|Toedscruel, F|100/100
|turn|5
|
|t:|1743918352
|move|p2a: Maushold|Population Bomb|p1a: sup'
|-damage|p1a: sup'|62/100
|-damage|p1a: sup'|28/100
|-damage|p1a: sup'|0 fnt
|faint|p1a: sup'
|-hitcount|p1: sup'|3
|
|upkeep
|
|t:|1743918361
|switch|p1a: FAIRY NOW|Meganium, M|100/100
|turn|6
|
|t:|1743918364
|move|p2a: Maushold|Population Bomb|p1a: FAIRY NOW
|-damage|p1a: FAIRY NOW|75/100
|-damage|p1a: FAIRY NOW|45/100
|-damage|p1a: FAIRY NOW|19/100
|-damage|p1a: FAIRY NOW|0 fnt
|faint|p1a: FAIRY NOW
|-hitcount|p1: FAIRY NOW|4
|
|upkeep
|
|t:|1743918372
|switch|p1a: court. yea.|Cinderace, M, shiny|100/100
|turn|7
|
|t:|1743918374
|move|p2a: Maushold|Population Bomb|p1a: court. yea.
|-damage|p1a: court. yea.|72/100
|-damage|p1a: court. yea.|42/100
|-damage|p1a: court. yea.|13/100
|-damage|p1a: court. yea.|0 fnt
|faint|p1a: court. yea.
|-hitcount|p1: court. yea.|4
|
|upkeep
|
|t:|1743918382
|switch|p1a: rawr|Luxray, F|100/100
|-ability|p1a: rawr|Intimidate|boost
|-unboost|p2a: Maushold|atk|1
|turn|8
|
|t:|1743918386
|move|p2a: Maushold|Population Bomb|p1a: rawr
|-damage|p1a: rawr|79/100
|-damage|p1a: rawr|55/100
|-damage|p1a: rawr|33/100
|-damage|p1a: rawr|10/100
|-damage|p1a: rawr|0 fnt
|faint|p1a: rawr
|-hitcount|p1: rawr|5
|
|win|mrguestbs
|raw|Hakase42's rating: 1147 &rarr; <strong>1119</strong><br />(-28 for losing)
|raw|mrguestbs's rating: 1108 &rarr; <strong>1136</strong><br />(+28 for winning)
|l|☆Hakase42
|player|p1|
|l|☆mrguestbs
|player|p2|
