|j|☆Elcon123_
|j|☆impotent wretch
|t:|1743868514
|gametype|singles
|player|p1|Elcon123_|swimmerf-gen4|1634
|player|p2|impotent wretch|265|1547
|teamsize|p1|6
|teamsize|p2|6
|gen|9
|tier|[Gen 9] OU
|rated|
|rule|HP Percentage Mod: HP is shown in percentages
|rule|Endless Battle Clause: Forcing endless battles is banned
|rule|Species Clause: Limit one of each Pokémon
|rule|OHKO Clause: OHKO moves are banned
|rule|Evasion Items Clause: Evasion items are banned
|rule|Evasion Moves Clause: Evasion moves are banned
|rule|Sleep Moves Clause: Sleep-inducing moves are banned
|clearpoke
|poke|p1|Hoopa-Unbound|
|poke|p1|Ogerpon-Wellspring, F|
|poke|p1|Cinderace, F|
|poke|p1|Primarina, F|
|poke|p1|Corviknight, F|
|poke|p1|Landorus-Therian, M|
|poke|p2|Deoxys-Speed|
|poke|p2|Cinderace, F|
|poke|p2|Tinkaton, F|
|poke|p2|Rotom-Wash|
|poke|p2|Gliscor, F|
|poke|p2|Kommo-o, M|
|teampreview
|
|t:|1743868537
|start
|switch|p1a: Landorus|Landorus-Therian, M|100/100
|switch|p2a: Cinderace|Cinderace, F|100/100
|-ability|p1a: Landorus|Intimidate|boost
|-unboost|p2a: Cinderace|atk|1
|turn|1
|inactive|Battle timer is ON: inactive players will automatically lose when time's up. (requested by Elcon123_)
|
|t:|1743868549
|switch|p2a: Gliscor|Gliscor, F|100/100
|move|p1a: Landorus|Earthquake|p2a: Gliscor
|-immune|p2a: Gliscor
|
|-status|p2a: Gliscor|tox|[from] item: Toxic Orb
|upkeep
|turn|2
|
|t:|1743868563
|switch|p1a: Corviknight|Corviknight, F|100/100
|-ability|p1a: Corviknight|Pressure
|move|p2a: Gliscor|Knock Off|p1a: Corviknight
|-damage|p1a: Corviknight|87/100
|-damage|p2a: Gliscor|84/100 tox|[from] item: Rocky Helmet|[of] p1a: Corviknight
|-enditem|p1a: Corviknight|Rocky Helmet|[from] move: Knock Off|[of] p2a: Gliscor
|
|-heal|p2a: Gliscor|97/100 tox|[from] ability: Poison Heal
|upkeep
|turn|3
|
|t:|1743868573
|switch|p2a: Rotom|Rotom-Wash|100/100
|move|p1a: Corviknight|U-turn|p2a: Rotom
|-damage|p2a: Rotom|88/100
|-damage|p1a: Corviknight|71/100|[from] item: Rocky Helmet|[of] p2a: Rotom
|
|t:|1743868591
|switch|p1a: Hoopa|Hoopa-Unbound|100/100|[from] U-turn
|
|upkeep
|turn|4
|
|t:|1743868598
|switch|p2a: Tinkaton|Tinkaton, F|100/100
|-item|p2a: Tinkaton|Air Balloon
|move|p1a: Hoopa|Psychic|p2a: Tinkaton
|-resisted|p2a: Tinkaton
|-damage|p2a: Tinkaton|57/100
|-enditem|p2a: Tinkaton|Air Balloon
|
|upkeep
|turn|5
|
|t:|1743868611
|switch|p1a: Cinderace|Cinderace, F|100/100
|move|p2a: Tinkaton|Stealth Rock|p1a: Cinderace
|-sidestart|p1: Elcon123_|move: Stealth Rock
|
|upkeep
|turn|6
|
|t:|1743868623
|move|p1a: Cinderace|Court Change|p1a: Cinderace
|-start|p1a: Cinderace|typechange|Normal|[from] ability: Libero
|-swapsideconditions
|-activate|p1a: Cinderace|move: Court Change
|move|p2a: Tinkaton|Thunder Wave|p1a: Cinderace
|-status|p1a: Cinderace|par
|
|upkeep
|turn|7
|
|t:|1743868648
|switch|p2a: Gliscor|Gliscor, F|97/100 tox
|-damage|p2a: Gliscor|84/100 tox|[from] Stealth Rock
|move|p1a: Cinderace|Pyro Ball|p2a: Gliscor
|-damage|p2a: Gliscor|59/100 tox
|
|-heal|p2a: Gliscor|72/100 tox|[from] ability: Poison Heal
|upkeep
|turn|8
|
|t:|1743868660
|switch|p2a: Rotom|Rotom-Wash|88/100
|-damage|p2a: Rotom|75/100|[from] Stealth Rock
|move|p1a: Cinderace|U-turn|p2a: Rotom
|-damage|p2a: Rotom|60/100
|-damage|p1a: Cinderace|84/100 par|[from] item: Rocky Helmet|[of] p2a: Rotom
|
|t:|1743868666
|switch|p1a: Hoopa|Hoopa-Unbound|100/100|[from] U-turn
|
|upkeep
|turn|9
|
|t:|1743868670
|switch|p2a: Tinkaton|Tinkaton, F|57/100
|-damage|p2a: Tinkaton|51/100|[from] Stealth Rock
|move|p1a: Hoopa|Psychic|p2a: Tinkaton
|-resisted|p2a: Tinkaton
|-damage|p2a: Tinkaton|12/100
|
|upkeep
|turn|10
|
|t:|1743868678
|move|p2a: Tinkaton|Gigaton Hammer|p1a: Hoopa
|-damage|p1a: Hoopa|16/100
|move|p1a: Hoopa|Psychic|p2a: Tinkaton
|-resisted|p2a: Tinkaton
|-crit|p2a: Tinkaton
|-damage|p2a: Tinkaton|0 fnt
|faint|p2a: Tinkaton
|
|upkeep
|
|t:|1743868690
|switch|p2a: Cinderace|Cinderace, F|100/100
|turn|11
|
|t:|1743868696
|switch|p1a: Landorus|Landorus-Therian, M|100/100
|-ability|p1a: Landorus|Intimidate|boost
|-unboost|p2a: Cinderace|atk|1
|move|p2a: Cinderace|U-turn|p1a: Landorus
|-start|p2a: Cinderace|typechange|Bug|[from] ability: Libero
|-resisted|p1a: Landorus
|-damage|p1a: Landorus|88/100
|
|t:|1743868709
|switch|p2a: Deoxys|Deoxys-Speed|100/100|[from] U-turn
|-damage|p2a: Deoxys|88/100|[from] Stealth Rock
|-ability|p2a: Deoxys|Pressure
|
|upkeep
|turn|12
|
|t:|1743868718
|switch|p1a: Primarina|Primarina, F|100/100
|move|p2a: Deoxys|Psycho Boost|p1a: Primarina|[miss]
|-miss|p2a: Deoxys|p1a: Primarina
|
|upkeep
|turn|13
|
|t:|1743868736
|switch|p2a: Rotom|Rotom-Wash|60/100
|-damage|p2a: Rotom|48/100|[from] Stealth Rock
|move|p1a: Primarina|Moonblast|p2a: Rotom
|-damage|p2a: Rotom|0 fnt
|faint|p2a: Rotom
|
|upkeep
|
|t:|1743868745
|switch|p2a: Cinderace|Cinderace, F|100/100
|turn|14
|inactive|Elcon123_ has 120 seconds left.
|
|t:|1743868776
|switch|p1a: Hoopa|Hoopa-Unbound|16/100
|move|p2a: Cinderace|Gunk Shot|p1a: Hoopa
|-start|p2a: Cinderace|typechange|Poison|[from] ability: Libero
|-damage|p1a: Hoopa|0 fnt
|faint|p1a: Hoopa
|
|upkeep
|inactive|Elcon123_ has 120 seconds left.
|
|t:|1743868788
|switch|p1a: Landorus|Landorus-Therian, M|88/100
|-ability|p1a: Landorus|Intimidate|boost
|-unboost|p2a: Cinderace|atk|1
|turn|15
|
|t:|1743868793
|move|p1a: Landorus|U-turn|p2a: Cinderace
|-resisted|p2a: Cinderace
|-damage|p2a: Cinderace|81/100
|inactive|Elcon123_ has 120 seconds left.
|
|t:|1743868808
|switch|p1a: Cinderace|Cinderace, F|84/100 par|[from] U-turn
|move|p2a: Cinderace|U-turn|p1a: Cinderace
|-resisted|p1a: Cinderace
|-damage|p1a: Cinderace|75/100 par
|
|t:|1743868826
|switch|p2a: Gliscor|Gliscor, F|72/100 tox|[from] U-turn
|-damage|p2a: Gliscor|59/100 tox|[from] Stealth Rock
|
|-heal|p2a: Gliscor|72/100 tox|[from] ability: Poison Heal
|upkeep
|turn|16
|
|t:|1743868840
|move|p2a: Gliscor|Earthquake|p1a: Cinderace
|-supereffective|p1a: Cinderace
|-damage|p1a: Cinderace|0 fnt
|faint|p1a: Cinderace
|
|-heal|p2a: Gliscor|84/100 tox|[from] ability: Poison Heal
|upkeep
|inactive|Elcon123_ has 120 seconds left.
|
|t:|1743868857
|switch|p1a: Primarina|Primarina, F|100/100
|turn|17
|
|t:|1743868865
|move|p2a: Gliscor|Protect|p2a: Gliscor
|-singleturn|p2a: Gliscor|Protect
|move|p1a: Primarina|Surf|p2a: Gliscor
|-activate|p2a: Gliscor|move: Protect
|
|-heal|p2a: Gliscor|97/100 tox|[from] ability: Poison Heal
|upkeep
|turn|18
|
|t:|1743868876
|move|p2a: Gliscor|Earthquake|p1a: Primarina
|-damage|p1a: Primarina|63/100
|move|p1a: Primarina|Surf|p2a: Gliscor
|-supereffective|p2a: Gliscor
|-damage|p2a: Gliscor|14/100 tox
|
|-heal|p2a: Gliscor|27/100 tox|[from] ability: Poison Heal
|upkeep
|turn|19
|
|t:|1743868883
|move|p2a: Gliscor|Earthquake|p1a: Primarina
|-damage|p1a: Primarina|24/100
|move|p1a: Primarina|Surf|p2a: Gliscor
|-supereffective|p2a: Gliscor
|-crit|p2a: Gliscor
|-damage|p2a: Gliscor|0 fnt
|faint|p2a: Gliscor
|
|upkeep
|
|t:|1743868903
|switch|p2a: Cinderace|Cinderace, F|81/100
|turn|20
|
|t:|1743868910
|switch|p1a: Landorus|Landorus-Therian, M|88/100
|-ability|p1a: Landorus|Intimidate|boost
|-unboost|p2a: Cinderace|atk|1
|move|p2a: Cinderace|Court Change|p2a: Cinderace
|-start|p2a: Cinderace|typechange|Normal|[from] ability: Libero
|-swapsideconditions
|-activate|p2a: Cinderace|move: Court Change
|
|upkeep
|turn|21
|
|t:|1743868932
|-terastallize|p1a: Landorus|Flying
|move|p1a: Landorus|Tera Blast|p2a: Cinderace|[anim] Tera Blast Flying
|-damage|p2a: Cinderace|0 fnt
|faint|p2a: Cinderace
|
|upkeep
|
|t:|1743868939
|switch|p2a: Kommo-o|Kommo-o, M|100/100
|turn|22
|j| SpiderKing3261
|
|t:|1743868965
|-terastallize|p2a: Kommo-o|Steel
|move|p1a: Landorus|Tera Blast|p2a: Kommo-o|[anim] Tera Blast Flying
|-resisted|p2a: Kommo-o
|-damage|p2a: Kommo-o|73/100
|move|p2a: Kommo-o|Clangorous Soul|p2a: Kommo-o
|-boost|p2a: Kommo-o|atk|1
|-boost|p2a: Kommo-o|def|1
|-boost|p2a: Kommo-o|spa|1
|-boost|p2a: Kommo-o|spd|1
|-boost|p2a: Kommo-o|spe|1
|-damage|p2a: Kommo-o|40/100
|-enditem|p2a: Kommo-o|Throat Spray
|-boost|p2a: Kommo-o|spa|1|[from] item: Throat Spray
|
|upkeep
|turn|23
|
|t:|1743868982
|switch|p1a: Primarina|Primarina, F|24/100
|-damage|p1a: Primarina|11/100|[from] Stealth Rock
|move|p2a: Kommo-o|Clangorous Soul|p2a: Kommo-o
|-boost|p2a: Kommo-o|atk|1
|-boost|p2a: Kommo-o|def|1
|-boost|p2a: Kommo-o|spa|1
|-boost|p2a: Kommo-o|spd|1
|-boost|p2a: Kommo-o|spe|1
|-damage|p2a: Kommo-o|7/100
|
|upkeep
|turn|24
|
|t:|1743868997
|move|p2a: Kommo-o|Drain Punch|p1a: Primarina
|-resisted|p1a: Primarina
|-damage|p1a: Primarina|0 fnt
|-heal|p2a: Kommo-o|14/100|[from] drain|[of] p1a: Primarina
|faint|p1a: Primarina
|
|upkeep
|inactive|Elcon123_ has 120 seconds left.
|
|t:|1743869017
|switch|p1a: Corviknight|Corviknight, F|71/100
|-damage|p1a: Corviknight|59/100|[from] Stealth Rock
|-ability|p1a: Corviknight|Pressure
|turn|25
|l| SpiderKing3261
|
|t:|1743869024
|move|p2a: Kommo-o|Flamethrower|p1a: Corviknight
|-supereffective|p1a: Corviknight
|-damage|p1a: Corviknight|0 fnt
|faint|p1a: Corviknight
|
|upkeep
|
|t:|1743869027
|switch|p1a: Landorus|Landorus-Therian, M, tera:Flying|88/100
|-damage|p1a: Landorus|63/100|[from] Stealth Rock
|-ability|p1a: Landorus|Intimidate|boost
|-unboost|p2a: Kommo-o|atk|1
|turn|26
|
|t:|1743869039
|move|p2a: Kommo-o|Clanging Scales|p1a: Landorus
|-damage|p1a: Landorus|0 fnt
|faint|p1a: Landorus
|-unboost|p2a: Kommo-o|def|1
|
|upkeep
|
|t:|1743869041
|switch|p1a: Ogerpon|Ogerpon-Wellspring, F|100/100
|-damage|p1a: Ogerpon|88/100|[from] Stealth Rock
|turn|27
|
|t:|1743869047
|move|p2a: Kommo-o|Clanging Scales|p1a: Ogerpon
|-damage|p1a: Ogerpon|0 fnt
|faint|p1a: Ogerpon
|
|win|impotent wretch
|raw|Elcon123_'s rating: 1634 &rarr; <strong>1609</strong><br />(-25 for losing)
|raw|impotent wretch's rating: 1547 &rarr; <strong>1572</strong><br />(+25 for winning)
|c|☆impotent wretch|gg
|l|☆Elcon123_
|player|p1|
|l|☆impotent wretch
|player|p2|
