|j|‽chessmaster 2000
|j|☆balenciblaziken17
|t:|1743828730
|gametype|singles
|player|p1|chessmaster 2000|scientist-gen4|1086
|player|p2|balenciblaziken17|2|1108
|teamsize|p1|6
|teamsize|p2|6
|gen|9
|tier|[Gen 9] OU
|rated|
|rule|HP Percentage Mod: HP is shown in percentages
|rule|Endless Battle Clause: Forcing endless battles is banned
|rule|Species Clause: Limit one of each Pokémon
|rule|OHKO Clause: OHKO moves are banned
|rule|Evasion Items Clause: Evasion items are banned
|rule|Evasion Moves Clause: Evasion moves are banned
|rule|Sleep Moves Clause: Sleep-inducing moves are banned
|clearpoke
|poke|p1|Kommo-o, F|
|poke|p1|Ogerpon-Wellspring, F|
|poke|p1|Corviknight, F|
|poke|p1|Excadrill, M|
|poke|p1|Hippowdon, F|
|poke|p1|Dragapult, M|
|poke|p2|Skarmory, M|
|poke|p2|Eiscue, M|
|poke|p2|Iron Moth|
|poke|p2|Kingambit, M|
|poke|p2|Rillaboom, M|
|poke|p2|Walking Wake|
|teampreview
|inactive|Battle timer is ON: inactive players will automatically lose when time's up. (requested by chessmaster 2000)
|inactive|chessmaster 2000 has 120 seconds left.
|
|t:|1743828789
|start
|switch|p1a: Ogerpon|Ogerpon-Wellspring, F|100/100
|switch|p2a: Iron Moth|Iron Moth|100/100
|-enditem|p2a: Iron Moth|Booster Energy
|-activate|p2a: Iron Moth|ability: Quark Drive|[fromitem]
|-start|p2a: Iron Moth|quarkdrivespe
|turn|1
|inactive|balenciblaziken17 has 120 seconds left.
|
|t:|1743828824
|move|p2a: Iron Moth|Fiery Dance|p1a: Ogerpon
|-damage|p1a: Ogerpon|54/100
|-boost|p2a: Iron Moth|spa|1
|move|p1a: Ogerpon|Ivy Cudgel|p2a: Iron Moth|[anim] Ivy Cudgel Water
|-supereffective|p2a: Iron Moth
|-damage|p2a: Iron Moth|0 fnt
|faint|p2a: Iron Moth
|-end|p2a: Iron Moth|Quark Drive|[silent]
|
|upkeep
|
|t:|1743828840
|switch|p2a: Rillaboom|Rillaboom, M|100/100
|-fieldstart|move: Grassy Terrain|[from] ability: Grassy Surge|[of] p2a: Rillaboom
|turn|2
|
|t:|1743828847
|switch|p1a: Kommo-o|Kommo-o, F|100/100
|move|p2a: Rillaboom|U-turn|p1a: Kommo-o
|-resisted|p1a: Kommo-o
|-damage|p1a: Kommo-o|91/100
|-damage|p2a: Rillaboom|84/100|[from] item: Rocky Helmet|[of] p1a: Kommo-o
|-damage|p2a: Rillaboom|74/100|[from] item: Life Orb
|
|t:|1743828854
|switch|p2a: Skarmory|Skarmory, M|100/100|[from] U-turn
|
|-heal|p1a: Kommo-o|97/100|[from] Grassy Terrain
|upkeep
|turn|3
|inactive|balenciblaziken17 has 120 seconds left.
|
|t:|1743828859
|move|p1a: Kommo-o|Stealth Rock|p2a: Skarmory
|-sidestart|p2: balenciblaziken17|move: Stealth Rock
|move|p2a: Skarmory|Tailwind|p2a: Skarmory
|-sidestart|p2: balenciblaziken17|move: Tailwind
|
|-heal|p1a: Kommo-o|100/100|[from] Grassy Terrain
|upkeep
|turn|4
|
|t:|1743828865
|move|p2a: Skarmory|Spikes|p1a: Kommo-o
|-sidestart|p1: chessmaster 2000|Spikes
|move|p1a: Kommo-o|Roar|p2a: Skarmory
|drag|p2a: Rillaboom|Rillaboom, M|74/100
|-damage|p2a: Rillaboom|62/100|[from] Stealth Rock
|
|-heal|p2a: Rillaboom|68/100|[from] Grassy Terrain
|upkeep
|turn|5
|inactive|balenciblaziken17 has 120 seconds left.
|
|t:|1743828880
|switch|p1a: Corviknight|Corviknight, F|100/100
|-ability|p1a: Corviknight|Pressure
|move|p2a: Rillaboom|Wood Hammer|p1a: Corviknight
|-resisted|p1a: Corviknight
|-damage|p1a: Corviknight|83/100
|-damage|p2a: Rillaboom|52/100|[from] item: Rocky Helmet|[of] p1a: Corviknight
|-damage|p2a: Rillaboom|45/100|[from] Recoil
|-damage|p2a: Rillaboom|35/100|[from] item: Life Orb
|
|-heal|p2a: Rillaboom|41/100|[from] Grassy Terrain
|upkeep
|turn|6
|inactive|balenciblaziken17 has 120 seconds left.
|
|t:|1743828893
|move|p2a: Rillaboom|Drain Punch|p1a: Corviknight
|-damage|p1a: Corviknight|60/100
|-heal|p2a: Rillaboom|55/100|[from] drain|[of] p1a: Corviknight
|-damage|p2a: Rillaboom|38/100|[from] item: Rocky Helmet|[of] p1a: Corviknight
|-damage|p2a: Rillaboom|28/100|[from] item: Life Orb
|move|p1a: Corviknight|U-turn|p2a: Rillaboom
|-supereffective|p2a: Rillaboom
|-damage|p2a: Rillaboom|0 fnt
|faint|p2a: Rillaboom
|
|t:|1743828901
|switch|p1a: Kommo-o|Kommo-o, F|100/100|[from] U-turn
|-damage|p1a: Kommo-o|88/100|[from] Spikes
|
|-heal|p1a: Kommo-o|94/100|[from] Grassy Terrain
|-sideend|p2: balenciblaziken17|move: Tailwind
|-fieldend|move: Grassy Terrain
|upkeep
|
|t:|1743828909
|switch|p2a: Skarmory|Skarmory, M|100/100
|-damage|p2a: Skarmory|88/100|[from] Stealth Rock
|turn|7
|
|t:|1743828919
|switch|p1a: Dragapult|Dragapult, M|100/100
|-damage|p1a: Dragapult|88/100|[from] Spikes
|move|p2a: Skarmory|Tailwind|p2a: Skarmory
|-sidestart|p2: balenciblaziken17|move: Tailwind
|
|upkeep
|turn|8
|
|t:|1743828936
|switch|p2a: Walking Wake|Walking Wake|100/100
|move|p1a: Dragapult|Flamethrower|p2a: Walking Wake
|-resisted|p2a: Walking Wake
|-damage|p2a: Walking Wake|90/100
|
|upkeep
|turn|9
|
|t:|1743828943
|switch|p1a: Corviknight|Corviknight, F|60/100
|-ability|p1a: Corviknight|Pressure
|move|p2a: Walking Wake|Draco Meteor|p1a: Corviknight
|-resisted|p1a: Corviknight
|-damage|p1a: Corviknight|26/100
|-unboost|p2a: Walking Wake|spa|2
|
|upkeep
|turn|10
|
|t:|1743828951
|move|p2a: Walking Wake|Flamethrower|p1a: Corviknight
|-supereffective|p1a: Corviknight
|-damage|p1a: Corviknight|0 fnt
|faint|p1a: Corviknight
|
|-sideend|p2: balenciblaziken17|move: Tailwind
|upkeep
|
|t:|1743828960
|switch|p1a: Dragapult|Dragapult, M|88/100
|-damage|p1a: Dragapult|76/100|[from] Spikes
|turn|11
|
|t:|1743828972
|move|p1a: Dragapult|Shadow Ball|p2a: Walking Wake
|-damage|p2a: Walking Wake|32/100
|move|p2a: Walking Wake|Draco Meteor|p1a: Dragapult
|-supereffective|p1a: Dragapult
|-damage|p1a: Dragapult|0 fnt
|-unboost|p2a: Walking Wake|spa|2
|faint|p1a: Dragapult
|
|upkeep
|
|t:|1743828980
|switch|p1a: Kommo-o|Kommo-o, F|94/100
|-damage|p1a: Kommo-o|82/100|[from] Spikes
|turn|12
|
|t:|1743828995
|-end|p2a: Walking Wake|Protosynthesis|[silent]
|switch|p2a: Skarmory|Skarmory, M|88/100
|-damage|p2a: Skarmory|76/100|[from] Stealth Rock
|move|p1a: Kommo-o|Vacuum Wave|p2a: Skarmory
|-damage|p2a: Skarmory|58/100
|
|upkeep
|turn|13
|
|t:|1743829001
|switch|p1a: Ogerpon|Ogerpon-Wellspring, F|54/100
|-damage|p1a: Ogerpon|42/100|[from] Spikes
|move|p2a: Skarmory|Tailwind|p2a: Skarmory
|-sidestart|p2: balenciblaziken17|move: Tailwind
|
|upkeep
|turn|14
|
|t:|1743829006
|move|p2a: Skarmory|Spikes|p1a: Ogerpon
|-sidestart|p1: chessmaster 2000|Spikes
|move|p1a: Ogerpon|Swords Dance|p1a: Ogerpon
|-boost|p1a: Ogerpon|atk|2
|
|upkeep
|turn|15
|
|t:|1743829012
|switch|p2a: Eiscue|Eiscue, M, shiny|100/100
|-damage|p2a: Eiscue|76/100|[from] Stealth Rock
|move|p1a: Ogerpon|Ivy Cudgel|p2a: Eiscue|[anim] Ivy Cudgel Water
|-activate|p2a: Eiscue|ability: Ice Face
|-damage|p2a: Eiscue|76/100
|detailschange|p2a: Eiscue|Eiscue-Noice, M, shiny
|
|upkeep
|turn|16
|
|t:|1743829024
|move|p2a: Eiscue|Belly Drum|p2a: Eiscue
|-damage|p2a: Eiscue|26/100
|-setboost|p2a: Eiscue|atk|6|[from] move: Belly Drum
|move|p1a: Ogerpon|Knock Off|p2a: Eiscue
|-damage|p2a: Eiscue|0 fnt
|-enditem|p2a: Eiscue|Salac Berry|[from] move: Knock Off|[of] p1a: Ogerpon
|faint|p2a: Eiscue
|
|-sideend|p2: balenciblaziken17|move: Tailwind
|upkeep
|
|t:|1743829042
|switch|p2a: Skarmory|Skarmory, M|58/100
|-damage|p2a: Skarmory|45/100|[from] Stealth Rock
|turn|17
|
|t:|1743829046
|move|p1a: Ogerpon|Ivy Cudgel|p2a: Skarmory|[anim] Ivy Cudgel Water
|-damage|p2a: Skarmory|0 fnt
|faint|p2a: Skarmory
|
|upkeep
|
|t:|1743829054
|switch|p2a: Kingambit|Kingambit, M|100/100
|-damage|p2a: Kingambit|94/100|[from] Stealth Rock
|-activate|p2a: Kingambit|ability: Supreme Overlord
|-start|p2a: Kingambit|fallen4|[silent]
|turn|18
|
|t:|1743829058
|move|p1a: Ogerpon|Swords Dance|p1a: Ogerpon
|-boost|p1a: Ogerpon|atk|2
|move|p2a: Kingambit|Swords Dance|p2a: Kingambit
|-boost|p2a: Kingambit|atk|2
|
|upkeep
|turn|19
|
|t:|1743829065
|move|p2a: Kingambit|Sucker Punch||[still]
|-fail|p2a: Kingambit
|move|p1a: Ogerpon|Swords Dance|p1a: Ogerpon
|-boost|p1a: Ogerpon|atk|2
|
|upkeep
|turn|20
|
|t:|1743829072
|move|p2a: Kingambit|Sucker Punch||[still]
|-fail|p2a: Kingambit
|move|p1a: Ogerpon|Swords Dance|p1a: Ogerpon
|-boost|p1a: Ogerpon|atk|0
|
|upkeep
|turn|21
|
|t:|1743829077
|move|p2a: Kingambit|Sucker Punch|p1a: Ogerpon
|-damage|p1a: Ogerpon|0 fnt
|faint|p1a: Ogerpon
|
|upkeep
|
|t:|1743829079
|switch|p1a: Kommo-o|Kommo-o, F|82/100
|-damage|p1a: Kommo-o|65/100|[from] Spikes
|turn|22
|
|t:|1743829084
|move|p1a: Kommo-o|Vacuum Wave|p2a: Kingambit
|-supereffective|p2a: Kingambit
|-damage|p2a: Kingambit|27/100
|move|p2a: Kingambit|Kowtow Cleave|p1a: Kommo-o
|-resisted|p1a: Kommo-o
|-damage|p1a: Kommo-o|11/100
|-damage|p2a: Kingambit|11/100|[from] item: Rocky Helmet|[of] p1a: Kommo-o
|
|upkeep
|turn|23
|
|t:|1743829090
|move|p1a: Kommo-o|Vacuum Wave|p2a: Kingambit
|-supereffective|p2a: Kingambit
|-damage|p2a: Kingambit|0 fnt
|faint|p2a: Kingambit
|-end|p2a: Kingambit|fallen4|[silent]
|
|upkeep
|
|t:|1743829094
|switch|p2a: Walking Wake|Walking Wake|32/100
|turn|24
|
|t:|1743829098
|move|p1a: Kommo-o|Vacuum Wave|p2a: Walking Wake
|-damage|p2a: Walking Wake|15/100
|move|p2a: Walking Wake|Hydro Steam|p1a: Kommo-o
|-resisted|p1a: Kommo-o
|-damage|p1a: Kommo-o|0 fnt
|faint|p1a: Kommo-o
|
|upkeep
|
|t:|1743829104
|switch|p1a: Hippowdon|Hippowdon, F|100/100
|-damage|p1a: Hippowdon|84/100|[from] Spikes
|-weather|Sandstorm|[from] ability: Sand Stream|[of] p1a: Hippowdon
|turn|25
|
|t:|1743829112
|move|p2a: Walking Wake|Hydro Steam|p1a: Hippowdon
|-supereffective|p1a: Hippowdon
|-damage|p1a: Hippowdon|20/100
|move|p1a: Hippowdon|Earthquake|p2a: Walking Wake
|-damage|p2a: Walking Wake|0 fnt
|faint|p2a: Walking Wake
|-end|p2a: Walking Wake|Protosynthesis|[silent]
|
|win|chessmaster 2000
|raw|chessmaster 2000's rating: 1086 &rarr; <strong>1115</strong><br />(+29 for winning)
|raw|balenciblaziken17's rating: 1108 &rarr; <strong>1081</strong><br />(-27 for losing)
|l|‽chessmaster 2000
|player|p1|
|l|☆balenciblaziken17
|player|p2|
