|j|☆TobiasAlonso
|j|☆hugobui0105
|t:|1743861509
|gametype|singles
|player|p1|TobiasAlonso|policeman-gen4|1406
|player|p2|hugobui0105|scientist-gen4dp|1477
|teamsize|p1|6
|teamsize|p2|6
|gen|9
|tier|[Gen 9] OU
|rated|
|rule|HP Percentage Mod: HP is shown in percentages
|rule|Endless Battle Clause: Forcing endless battles is banned
|rule|Species Clause: Limit one of each Pokémon
|rule|OHKO Clause: OHKO moves are banned
|rule|Evasion Items Clause: Evasion items are banned
|rule|Evasion Moves Clause: Evasion moves are banned
|rule|Sleep Moves Clause: Sleep-inducing moves are banned
|clearpoke
|poke|p1|Polteageist-Antique|
|poke|p1|Minior-Indigo|
|poke|p1|Cloyster, F|
|poke|p1|Cinderace, M|
|poke|p1|Torterra, F|
|poke|p1|Indeedee, M|
|poke|p2|Kyurem|
|poke|p2|Ting-Lu|
|poke|p2|Corviknight, M|
|poke|p2|Weezing-Galar, M|
|poke|p2|Zamazenta-*|
|poke|p2|Toxapex, M|
|teampreview
|
|t:|1743861542
|start
|switch|p1a: Minior|Minior-Indigo|100/100
|switch|p2a: Goliath|Ting-Lu|100/100
|-ability|p2a: Goliath|Vessel of Ruin
|-formechange|p1a: Minior|Minior-Meteor||[from] ability: Shields Down
|turn|1
|inactive|Battle timer is ON: inactive players will automatically lose when time's up. (requested by hugobui0105)
|
|t:|1743861577
|move|p1a: Minior|Shell Smash|p1a: Minior
|-unboost|p1a: Minior|def|1
|-unboost|p1a: Minior|spd|1
|-boost|p1a: Minior|atk|2
|-boost|p1a: Minior|spa|2
|-boost|p1a: Minior|spe|2
|move|p2a: Goliath|Ruination|p1a: Minior
|-damage|p1a: Minior|51/100
|
|upkeep
|turn|2
|
|t:|1743861589
|move|p1a: Minior|Earth Power|p2a: Goliath
|-damage|p2a: Goliath|83/100
|move|p2a: Goliath|Whirlwind|p1a: Minior
|drag|p1a: Polteageist|Polteageist-Antique|100/100
|
|-heal|p2a: Goliath|90/100|[from] item: Leftovers
|upkeep
|turn|3
|
|t:|1743861594
|switch|p1a: Minior|Minior-Indigo|51/100
|-formechange|p1a: Minior|Minior-Meteor||[from] ability: Shields Down
|move|p2a: Goliath|Ruination|p1a: Minior
|-damage|p1a: Minior|26/100
|
|-heal|p2a: Goliath|96/100|[from] item: Leftovers
|-formechange|p1a: Minior|Minior-Indigo||[from] ability: Shields Down
|upkeep
|turn|4
|
|t:|1743861602
|move|p1a: Minior|Earth Power|p2a: Goliath
|-damage|p2a: Goliath|83/100
|move|p2a: Goliath|Stealth Rock|p1a: Minior
|-sidestart|p1: TobiasAlonso|move: Stealth Rock
|
|-heal|p2a: Goliath|89/100|[from] item: Leftovers
|upkeep
|turn|5
|
|t:|1743861608
|move|p1a: Minior|Earth Power|p2a: Goliath
|-damage|p2a: Goliath|76/100
|move|p2a: Goliath|Whirlwind|p1a: Minior
|drag|p1a: Cloyster|Cloyster, F|100/100
|-damage|p1a: Cloyster|76/100|[from] Stealth Rock
|
|-heal|p2a: Goliath|83/100|[from] item: Leftovers
|upkeep
|turn|6
|
|t:|1743861619
|switch|p2a: Yami|Corviknight, M, shiny|100/100
|-ability|p2a: Yami|Pressure
|move|p1a: Cloyster|Icicle Spear|p2a: Yami
|-damage|p2a: Yami|94/100
|-damage|p2a: Yami|87/100
|-damage|p2a: Yami|81/100
|-damage|p2a: Yami|75/100
|-damage|p2a: Yami|69/100
|-hitcount|p2a: Yami|5
|
|upkeep
|turn|7
|
|t:|1743861623
|move|p1a: Cloyster|Shell Smash|p1a: Cloyster
|-unboost|p1a: Cloyster|def|1
|-unboost|p1a: Cloyster|spd|1
|-boost|p1a: Cloyster|atk|2
|-boost|p1a: Cloyster|spa|2
|-boost|p1a: Cloyster|spe|2
|move|p2a: Yami|U-turn|p1a: Cloyster
|-damage|p1a: Cloyster|56/100
|
|t:|1743861629
|switch|p2a: Serpentine|Toxapex, M, shiny|100/100|[from] U-turn
|
|upkeep
|turn|8
|
|t:|1743861635
|-terastallize|p1a: Cloyster|Ground
|move|p1a: Cloyster|Drill Run|p2a: Serpentine
|-supereffective|p2a: Serpentine
|-damage|p2a: Serpentine|1/100
|move|p2a: Serpentine|Sludge Bomb|p1a: Cloyster
|-resisted|p1a: Cloyster
|-damage|p1a: Cloyster|0 fnt
|faint|p1a: Cloyster
|
|upkeep
|
|t:|1743861640
|switch|p1a: Cinderace|Cinderace, M|100/100
|turn|9
|
|t:|1743861649
|move|p1a: Cinderace|Taunt|p2a: Serpentine
|-start|p1a: Cinderace|typechange|Dark|[from] ability: Libero
|-start|p2a: Serpentine|move: Taunt
|move|p2a: Serpentine|Surf|p1a: Cinderace
|-damage|p1a: Cinderace|58/100
|
|upkeep
|turn|10
|
|t:|1743861653
|switch|p2a: Sentinel|Weezing-Galar, M, shiny|100/100
|-ability|p2a: Sentinel|Neutralizing Gas
|move|p1a: Cinderace|Court Change|p1a: Cinderace
|-swapsideconditions
|-activate|p1a: Cinderace|move: Court Change
|
|upkeep
|turn|11
|
|t:|1743861661
|move|p1a: Cinderace|Taunt|p2a: Sentinel
|-start|p2a: Sentinel|move: Taunt
|cant|p2a: Sentinel|move: Taunt|Defog
|
|upkeep
|turn|12
|
|t:|1743861666
|move|p1a: Cinderace|Pyro Ball|p2a: Sentinel|[miss]
|-miss|p1a: Cinderace|p2a: Sentinel
|move|p2a: Sentinel|Strange Steam|p1a: Cinderace
|-supereffective|p1a: Cinderace
|-damage|p1a: Cinderace|0 fnt
|faint|p1a: Cinderace
|
|upkeep
|
|t:|1743861676
|switch|p1a: Torterra|Torterra, F|100/100
|turn|13
|
|t:|1743861681
|-end|p2a: Sentinel|ability: Neutralizing Gas
|switch|p2a: Yami|Corviknight, M, shiny|69/100
|-damage|p2a: Yami|57/100|[from] Stealth Rock
|-ability|p2a: Yami|Pressure
|move|p1a: Torterra|Shell Smash|p1a: Torterra
|-unboost|p1a: Torterra|def|1
|-unboost|p1a: Torterra|spd|1
|-boost|p1a: Torterra|atk|2
|-boost|p1a: Torterra|spa|2
|-boost|p1a: Torterra|spe|2
|
|upkeep
|turn|14
|
|t:|1743861690
|move|p1a: Torterra|Rock Slide|p2a: Yami
|-damage|p2a: Yami|28/100
|move|p2a: Yami|Body Press|p1a: Torterra
|-damage|p1a: Torterra|60/100
|
|upkeep
|turn|15
|
|t:|1743861699
|move|p1a: Torterra|Rock Slide|p2a: Yami
|-damage|p2a: Yami|0 fnt
|faint|p2a: Yami
|
|upkeep
|
|t:|1743861702
|switch|p2a: Trojan|Zamazenta, shiny|100/100
|-damage|p2a: Trojan|94/100|[from] Stealth Rock
|-ability|p2a: Trojan|Dauntless Shield|boost
|-boost|p2a: Trojan|def|1
|turn|16
|
|t:|1743861713
|switch|p1a: Minior|Minior-Indigo|26/100
|-terastallize|p2a: Trojan|Dark
|move|p2a: Trojan|Crunch|p1a: Minior
|-damage|p1a: Minior|0 fnt
|faint|p1a: Minior
|
|upkeep
|
|t:|1743861718
|switch|p1a: Polteageist|Polteageist-Antique|100/100
|turn|17
|
|t:|1743861721
|move|p2a: Trojan|Crunch|p1a: Polteageist
|-supereffective|p1a: Polteageist
|-enditem|p1a: Polteageist|Focus Sash
|-damage|p1a: Polteageist|1/100
|-ability|p1a: Polteageist|Weak Armor|boost
|-unboost|p1a: Polteageist|def|1
|-boost|p1a: Polteageist|spe|2
|move|p1a: Polteageist|Shell Smash|p1a: Polteageist
|-unboost|p1a: Polteageist|def|1
|-unboost|p1a: Polteageist|spd|1
|-boost|p1a: Polteageist|atk|2
|-boost|p1a: Polteageist|spa|2
|-boost|p1a: Polteageist|spe|2
|
|upkeep
|turn|18
|
|t:|1743861734
|move|p1a: Polteageist|Shell Smash|p1a: Polteageist
|-unboost|p1a: Polteageist|def|1
|-unboost|p1a: Polteageist|spd|1
|-boost|p1a: Polteageist|atk|2
|-boost|p1a: Polteageist|spa|2
|-boost|p1a: Polteageist|spe|2
|move|p2a: Trojan|Crunch|p1a: Polteageist
|-supereffective|p1a: Polteageist
|-damage|p1a: Polteageist|0 fnt
|faint|p1a: Polteageist
|
|upkeep
|
|t:|1743861737
|switch|p1a: Indeedee|Indeedee, M|100/100
|-fieldstart|move: Psychic Terrain|[from] ability: Psychic Surge|[of] p1a: Indeedee
|turn|19
|
|t:|1743861743
|move|p1a: Indeedee|Healing Wish|p1a: Indeedee
|faint|p1a: Indeedee
|move|p2a: Trojan|Crunch|p1: Indeedee|[notarget]
|-fail|p2a: Trojan
|
|upkeep
|
|t:|1743861745
|switch|p1a: Torterra|Torterra, F|60/100
|-heal|p1a: Torterra|100/100|[from] move: Healing Wish
|turn|20
|
|t:|1743861748
|move|p2a: Trojan|Crunch|p1a: Torterra
|-crit|p1a: Torterra
|-damage|p1a: Torterra|12/100
|move|p1a: Torterra|Shell Smash|p1a: Torterra
|-unboost|p1a: Torterra|def|1
|-unboost|p1a: Torterra|spd|1
|-boost|p1a: Torterra|atk|2
|-boost|p1a: Torterra|spa|2
|-boost|p1a: Torterra|spe|2
|
|upkeep
|turn|21
|
|t:|1743861752
|move|p1a: Torterra|Headlong Rush|p2a: Trojan
|-damage|p2a: Trojan|29/100
|-unboost|p1a: Torterra|def|1
|-unboost|p1a: Torterra|spd|1
|move|p2a: Trojan|Crunch|p1a: Torterra
|-damage|p1a: Torterra|0 fnt
|faint|p1a: Torterra
|
|win|hugobui0105
|raw|TobiasAlonso's rating: 1406 &rarr; <strong>1390</strong><br />(-16 for losing)
|raw|hugobui0105's rating: 1477 &rarr; <strong>1493</strong><br />(+16 for winning)
|l|☆TobiasAlonso
|player|p1|
