|j|☆kittensnax
|j|☆Midoriashonen
|t:|1743913124
|gametype|singles
|player|p1|kittensnax|pokekid|1167
|player|p2|Midoriashonen|169|1112
|teamsize|p1|6
|teamsize|p2|6
|gen|9
|tier|[Gen 9] OU
|rated|
|rule|HP Percentage Mod: HP is shown in percentages
|rule|Endless Battle Clause: Forcing endless battles is banned
|rule|Species Clause: Limit one of each Pokémon
|rule|OHKO Clause: OHKO moves are banned
|rule|Evasion Items Clause: Evasion items are banned
|rule|Evasion Moves Clause: Evasion moves are banned
|rule|Sleep Moves Clause: Sleep-inducing moves are banned
|clearpoke
|poke|p1|Porygon2|
|poke|p1|Farigiraf, M|
|poke|p1|Dragonite, F|
|poke|p1|Primarina, F|
|poke|p1|Ursaluna, M|
|poke|p1|Meowscarada, F|
|poke|p2|Pelipper, M|
|poke|p2|Araquanid, M|
|poke|p2|Kingambit, M|
|poke|p2|Slowking-Galar, M|
|poke|p2|Samurott-Hisui, M|
|poke|p2|Zapdos|
|teampreview
|
|t:|1743913135
|start
|switch|p1a: FaRiGiЯaꟻ|Farigiraf, M, shiny|100/100
|switch|p2a: Araquanid|Araquanid, M, shiny|100/100
|turn|1
|
|t:|1743913153
|move|p2a: Araquanid|Sticky Web|p1a: FaRiGiЯaꟻ
|-sidestart|p1: kittensnax|move: Sticky Web
|move|p1a: FaRiGiЯaꟻ|Trick Room|p1a: FaRiGiЯaꟻ
|-fieldstart|move: Trick Room|[of] p1a: FaRiGiЯaꟻ
|
|upkeep
|turn|2
|
|t:|1743913159
|move|p1a: FaRiGiЯaꟻ|Nasty Plot|p1a: FaRiGiЯaꟻ
|-boost|p1a: FaRiGiЯaꟻ|spa|2
|move|p2a: Araquanid|Leech Life|p1a: FaRiGiЯaꟻ
|-supereffective|p1a: FaRiGiЯaꟻ
|-crit|p1a: FaRiGiЯaꟻ
|-damage|p1a: FaRiGiЯaꟻ|28/100
|
|upkeep
|turn|3
|
|t:|1743913181
|move|p1a: FaRiGiЯaꟻ|Psyshock|p2a: Araquanid
|-damage|p2a: Araquanid|38/100
|move|p2a: Araquanid|Leech Life|p1a: FaRiGiЯaꟻ
|-supereffective|p1a: FaRiGiЯaꟻ
|-damage|p1a: FaRiGiЯaꟻ|0 fnt
|-heal|p2a: Araquanid|53/100|[from] drain|[of] p1a: FaRiGiЯaꟻ
|faint|p1a: FaRiGiЯaꟻ
|
|upkeep
|
|t:|1743913186
|switch|p1a: Ursaluna|Ursaluna, M|100/100
|-activate|p1a: Ursaluna|move: Sticky Web
|-unboost|p1a: Ursaluna|spe|1
|turn|4
|
|t:|1743913203
|-terastallize|p1a: Ursaluna|Normal
|move|p1a: Ursaluna|Facade|p2a: Araquanid
|-damage|p2a: Araquanid|12/100
|-enditem|p2a: Araquanid|Figy Berry|[eat]
|-heal|p2a: Araquanid|45/100|[from] item: Figy Berry
|move|p2a: Araquanid|Reflect|p2a: Araquanid
|-sidestart|p2: Midoriashonen|Reflect
|
|-status|p1a: Ursaluna|brn|[from] item: Flame Orb
|upkeep
|turn|5
|
|t:|1743913216
|move|p1a: Ursaluna|Facade|p2a: Araquanid
|-damage|p2a: Araquanid|0 fnt
|faint|p2a: Araquanid
|
|-damage|p1a: Ursaluna|94/100 brn|[from] brn
|-fieldend|move: Trick Room
|upkeep
|
|t:|1743913225
|switch|p2a: Samurott|Samurott-Hisui, M, shiny|100/100
|turn|6
|
|t:|1743913240
|move|p2a: Samurott|Sacred Sword|p1a: Ursaluna
|-supereffective|p1a: Ursaluna
|-damage|p1a: Ursaluna|24/100 brn
|move|p1a: Ursaluna|Drain Punch|p2a: Samurott
|-supereffective|p2a: Samurott
|-damage|p2a: Samurott|43/100
|-heal|p1a: Ursaluna|47/100 brn|[from] drain|[of] p2a: Samurott
|
|-damage|p1a: Ursaluna|41/100 brn|[from] brn
|upkeep
|turn|7
|
|t:|1743913251
|move|p2a: Samurott|Sacred Sword|p1a: Ursaluna
|-supereffective|p1a: Ursaluna
|-damage|p1a: Ursaluna|0 fnt
|faint|p1a: Ursaluna
|
|upkeep
|
|t:|1743913263
|switch|p1a: Primarina|Primarina, F|100/100
|-activate|p1a: Primarina|move: Sticky Web
|-unboost|p1a: Primarina|spe|1
|turn|8
|
|t:|1743913269
|switch|p2a: Slowking|Slowking-Galar, M, shiny|100/100
|move|p1a: Primarina|Draining Kiss|p2a: Slowking
|-resisted|p2a: Slowking
|-damage|p2a: Slowking|92/100
|
|-sideend|p2: Midoriashonen|Reflect
|upkeep
|turn|9
|
|t:|1743913280
|move|p1a: Primarina|Psychic Noise|p2a: Slowking
|-damage|p2a: Slowking|68/100
|-start|p2a: Slowking|move: Heal Block
|move|p2a: Slowking|Future Sight|p1a: Primarina
|-start|p2a: Slowking|move: Future Sight
|
|upkeep
|turn|10
|
|t:|1743913296
|move|p1a: Primarina|Ice Beam|p2a: Slowking
|-damage|p2a: Slowking|48/100
|move|p2a: Slowking|Sludge Bomb|p1a: Primarina
|-supereffective|p1a: Primarina
|-damage|p1a: Primarina|52/100
|
|-end|p2a: Slowking|move: Heal Block
|upkeep
|turn|11
|
|t:|1743913304
|switch|p2a: Pelipper|Pelipper, M|100/100
|-weather|RainDance|[from] ability: Drizzle|[of] p2a: Pelipper
|move|p1a: Primarina|Psychic Noise|p2a: Pelipper
|-resisted|p2a: Pelipper
|-crit|p2a: Pelipper
|-damage|p2a: Pelipper|33/100
|-start|p2a: Pelipper|move: Heal Block
|
|-weather|RainDance|[upkeep]
|-end|p1a: Primarina|move: Future Sight
|-damage|p1a: Primarina|17/100
|upkeep
|turn|12
|
|t:|1743913316
|move|p2a: Pelipper|U-turn|p1a: Primarina
|-resisted|p1a: Primarina
|-damage|p1a: Primarina|12/100
|
|t:|1743913321
|switch|p2a: Kingambit|Kingambit, M|100/100|[from] U-turn
|-activate|p2a: Kingambit|ability: Supreme Overlord
|-start|p2a: Kingambit|fallen1|[silent]
|move|p1a: Primarina|Ice Beam|p2a: Kingambit
|-resisted|p2a: Kingambit
|-damage|p2a: Kingambit|83/100
|-status|p2a: Kingambit|frz
|
|-weather|RainDance|[upkeep]
|upkeep
|turn|13
|
|t:|1743913330
|-end|p2a: Kingambit|fallen1|[silent]
|switch|p2a: Zapdos|Zapdos|100/100
|move|p1a: Primarina|Draining Kiss|p2a: Zapdos
|-damage|p2a: Zapdos|74/100
|-heal|p1a: Primarina|33/100|[from] drain|[of] p2a: Zapdos
|-status|p1a: Primarina|par|[from] ability: Static|[of] p2a: Zapdos
|
|-weather|RainDance|[upkeep]
|-heal|p2a: Zapdos|80/100|[from] item: Leftovers
|upkeep
|turn|14
|
|t:|1743913337
|move|p2a: Zapdos|Thunder|p1a: Primarina
|-supereffective|p1a: Primarina
|-damage|p1a: Primarina|0 fnt
|faint|p1a: Primarina
|
|-weather|RainDance|[upkeep]
|-heal|p2a: Zapdos|86/100|[from] item: Leftovers
|upkeep
|
|t:|1743913341
|switch|p1a: Porygambling2|Porygon2|100/100
|-activate|p1a: Porygambling2|move: Sticky Web
|-unboost|p1a: Porygambling2|spe|1
|-ability|p1a: Porygambling2|Download|boost
|-boost|p1a: Porygambling2|atk|1
|turn|15
|c|☆Midoriashonen|...
|
|t:|1743913354
|move|p2a: Zapdos|Thunder|p1a: Porygambling2
|-damage|p1a: Porygambling2|59/100
|move|p1a: Porygambling2|Thunderbolt|p2a: Zapdos
|-damage|p2a: Zapdos|55/100
|
|-weather|RainDance|[upkeep]
|-heal|p2a: Zapdos|61/100|[from] item: Leftovers
|upkeep
|turn|16
|
|t:|1743913366
|-terastallize|p2a: Zapdos|Electric
|move|p2a: Zapdos|Thunder|p1a: Porygambling2
|-damage|p1a: Porygambling2|11/100
|move|p1a: Porygambling2|Ice Beam|p2a: Zapdos
|-damage|p2a: Zapdos|31/100
|
|-weather|RainDance|[upkeep]
|-heal|p2a: Zapdos|37/100|[from] item: Leftovers
|upkeep
|turn|17
|
|t:|1743913380
|move|p2a: Zapdos|Roost|p2a: Zapdos
|-heal|p2a: Zapdos|87/100
|move|p1a: Porygambling2|Tera Blast|p2a: Zapdos
|-damage|p2a: Zapdos|45/100
|
|-weather|RainDance|[upkeep]
|-heal|p2a: Zapdos|51/100|[from] item: Leftovers
|upkeep
|turn|18
|
|t:|1743913389
|move|p2a: Zapdos|Hurricane|p1a: Porygambling2
|-damage|p1a: Porygambling2|0 fnt
|faint|p1a: Porygambling2
|
|-weather|none
|-heal|p2a: Zapdos|58/100|[from] item: Leftovers
|upkeep
|-message|kittensnax forfeited.
|
|win|Midoriashonen
|raw|kittensnax's rating: 1167 &rarr; <strong>1138</strong><br />(-29 for losing)
|raw|Midoriashonen's rating: 1112 &rarr; <strong>1141</strong><br />(+29 for winning)
|l|☆kittensnax
|player|p1|
|l|☆Midoriashonen
|player|p2|
|j|☆kittensnax
|player|p1|kittensnax|pokekid|
|l|☆kittensnax
|player|p1|
