|j|☆WDF123
|j|☆jgtyfkyk
|t:|1743832451
|gametype|singles
|player|p1|WDF123|steven|1119
|player|p2|jgtyfkyk|2|1053
|teamsize|p1|6
|teamsize|p2|6
|gen|9
|tier|[Gen 9] OU
|rated|
|rule|HP Percentage Mod: HP is shown in percentages
|rule|Endless Battle Clause: Forcing endless battles is banned
|rule|Species Clause: Limit one of each Pokémon
|rule|OHKO Clause: OHKO moves are banned
|rule|Evasion Items Clause: Evasion items are banned
|rule|Evasion Moves Clause: Evasion moves are banned
|rule|Sleep Moves Clause: Sleep-inducing moves are banned
|clearpoke
|poke|p1|Corviknight, M|
|poke|p1|Excadrill, F|
|poke|p1|Metagross|
|poke|p1|Tyranitar, M|
|poke|p1|Chansey, F|
|poke|p1|Inteleon, F|
|poke|p2|Breloom, M|
|poke|p2|Delphox, F|
|poke|p2|Tentacruel, M|
|poke|p2|Registeel|
|poke|p2|Sylveon, F|
|poke|p2|Conkeldurr, F|
|teampreview
|
|t:|1743832465
|start
|switch|p1a: Tyranitar|Tyranitar, M|100/100
|switch|p2a: Delphox|Delphox, F|100/100
|-weather|Sandstorm|[from] ability: Sand Stream|[of] p1a: Tyranitar
|turn|1
|
|t:|1743832473
|switch|p2a: Registeel|Registeel|100/100
|move|p1a: Tyranitar|Earthquake|p2a: Registeel
|-supereffective|p2a: Registeel
|-damage|p2a: Registeel|50/100
|
|-weather|Sandstorm|[upkeep]
|upkeep
|turn|2
|
|t:|1743832481
|move|p1a: Tyranitar|Earthquake|p2a: Registeel
|-supereffective|p2a: Registeel
|-damage|p2a: Registeel|0 fnt
|faint|p2a: Registeel
|
|-weather|Sandstorm|[upkeep]
|upkeep
|
|t:|1743832487
|switch|p2a: Breloom|Breloom, M|100/100
|turn|3
|
|t:|1743832491
|move|p2a: Breloom|Leech Seed|p1a: Tyranitar
|-start|p1a: Tyranitar|move: Leech Seed
|move|p1a: Tyranitar|Ice Punch|p2a: Breloom
|-supereffective|p2a: Breloom
|-damage|p2a: Breloom|26/100
|
|-weather|Sandstorm|[upkeep]
|-damage|p2a: Breloom|20/100|[from] Sandstorm
|-heal|p2a: Breloom|26/100|[from] item: Leftovers
|-damage|p1a: Tyranitar|88/100|[from] Leech Seed|[of] p2a: Breloom
|-heal|p2a: Breloom|39/100|[silent]
|upkeep
|turn|4
|
|t:|1743832500
|move|p2a: Breloom|Mach Punch|p1a: Tyranitar
|-supereffective|p1a: Tyranitar
|-damage|p1a: Tyranitar|0 fnt
|faint|p1a: Tyranitar
|
|-weather|Sandstorm|[upkeep]
|-damage|p2a: Breloom|33/100|[from] Sandstorm
|-heal|p2a: Breloom|39/100|[from] item: Leftovers
|upkeep
|
|t:|1743832516
|switch|p1a: Excadrill|Excadrill, F|100/100
|turn|5
|
|t:|1743832522
|move|p2a: Breloom|Mach Punch|p1a: Excadrill
|-supereffective|p1a: Excadrill
|-damage|p1a: Excadrill|4/100
|move|p1a: Excadrill|Earthquake|p2a: Breloom
|-resisted|p2a: Breloom
|-damage|p2a: Breloom|0 fnt
|faint|p2a: Breloom
|-damage|p1a: Excadrill|0 fnt|[from] item: Life Orb
|faint|p1a: Excadrill
|
|-weather|none
|upkeep
|
|t:|1743832533
|switch|p1a: Inteleon|Inteleon, F|100/100
|switch|p2a: Delphox|Delphox, F|100/100
|turn|6
|
|t:|1743832538
|switch|p2a: Tentacruel|Tentacruel, M|100/100
|move|p1a: Inteleon|Snipe Shot|p2a: Tentacruel
|-resisted|p2a: Tentacruel
|-crit|p2a: Tentacruel
|-damage|p2a: Tentacruel|55/100
|
|-heal|p2a: Tentacruel|61/100|[from] item: Leftovers
|upkeep
|turn|7
|
|t:|1743832548
|switch|p1a: Chansey|Chansey, F|100/100
|move|p2a: Tentacruel|Sludge Bomb|p1a: Chansey
|-damage|p1a: Chansey|91/100
|
|-heal|p2a: Tentacruel|67/100|[from] item: Leftovers
|upkeep
|turn|8
|
|t:|1743832560
|switch|p2a: Conkeldurr|Conkeldurr, F|100/100
|move|p1a: Chansey|Stealth Rock|p2a: Conkeldurr
|-sidestart|p2: jgtyfkyk|move: Stealth Rock
|
|upkeep
|turn|9
|
|t:|1743832568
|switch|p1a: Corviknight|Corviknight, M|100/100
|move|p2a: Conkeldurr|Knock Off|p1a: Corviknight
|-damage|p1a: Corviknight|78/100
|-damage|p2a: Conkeldurr|84/100|[from] item: Rocky Helmet|[of] p1a: Corviknight
|-enditem|p1a: Corviknight|Rocky Helmet|[from] move: Knock Off|[of] p2a: Conkeldurr
|
|upkeep
|turn|10
|
|t:|1743832586
|move|p1a: Corviknight|Body Press|p2a: Conkeldurr
|-damage|p2a: Conkeldurr|64/100
|move|p2a: Conkeldurr|Drain Punch|p1a: Corviknight
|-damage|p1a: Corviknight|48/100
|-heal|p2a: Conkeldurr|81/100|[from] drain|[of] p1a: Corviknight
|
|upkeep
|turn|11
|
|t:|1743832594
|move|p1a: Corviknight|Roost|p1a: Corviknight
|-heal|p1a: Corviknight|98/100
|-singleturn|p1a: Corviknight|move: Roost
|move|p2a: Conkeldurr|Drain Punch|p1a: Corviknight
|-supereffective|p1a: Corviknight
|-damage|p1a: Corviknight|41/100
|-heal|p2a: Conkeldurr|100/100|[from] drain|[of] p1a: Corviknight
|
|upkeep
|turn|12
|
|t:|1743832603
|move|p1a: Corviknight|Reflect|p1a: Corviknight
|-sidestart|p1: WDF123|Reflect
|move|p2a: Conkeldurr|Drain Punch|p1a: Corviknight
|-damage|p1a: Corviknight|26/100
|
|upkeep
|turn|13
|
|t:|1743832610
|switch|p2a: Tentacruel|Tentacruel, M|67/100
|-damage|p2a: Tentacruel|55/100|[from] Stealth Rock
|move|p1a: Corviknight|Roost|p1a: Corviknight
|-heal|p1a: Corviknight|76/100
|-singleturn|p1a: Corviknight|move: Roost
|
|-heal|p2a: Tentacruel|61/100|[from] item: Leftovers
|upkeep
|turn|14
|
|t:|1743832619
|switch|p1a: Chansey|Chansey, F|91/100
|move|p2a: Tentacruel|Rapid Spin|p1a: Chansey
|-damage|p1a: Chansey|88/100
|-boost|p2a: Tentacruel|spe|1
|-sideend|p2: jgtyfkyk|Stealth Rock|[from] move: Rapid Spin|[of] p2a: Tentacruel
|
|-heal|p2a: Tentacruel|67/100|[from] item: Leftovers
|upkeep
|turn|15
|
|t:|1743832627
|move|p2a: Tentacruel|Sludge Bomb|p1a: Chansey
|-damage|p1a: Chansey|77/100
|move|p1a: Chansey|Thunder Wave|p2a: Tentacruel
|-status|p2a: Tentacruel|par
|
|-heal|p2a: Tentacruel|73/100 par|[from] item: Leftovers
|upkeep
|turn|16
|
|t:|1743832636
|move|p2a: Tentacruel|Sludge Bomb|p1a: Chansey
|-crit|p1a: Chansey
|-damage|p1a: Chansey|61/100
|move|p1a: Chansey|Charm|p2a: Tentacruel
|-unboost|p2a: Tentacruel|atk|2
|
|-heal|p2a: Tentacruel|79/100 par|[from] item: Leftovers
|-sideend|p1: WDF123|Reflect
|upkeep
|turn|17
|
|t:|1743832646
|switch|p2a: Conkeldurr|Conkeldurr, F|100/100
|move|p1a: Chansey|Stealth Rock|p2a: Conkeldurr
|-sidestart|p2: jgtyfkyk|move: Stealth Rock
|
|upkeep
|turn|18
|
|t:|1743832658
|switch|p1a: Corviknight|Corviknight, M|76/100
|move|p2a: Conkeldurr|Drain Punch|p1a: Corviknight
|-damage|p1a: Corviknight|49/100
|
|upkeep
|turn|19
|
|t:|1743832665
|move|p1a: Corviknight|Reflect|p1a: Corviknight
|-sidestart|p1: WDF123|Reflect
|move|p2a: Conkeldurr|Stone Edge|p1a: Corviknight
|-damage|p1a: Corviknight|37/100
|
|upkeep
|turn|20
|
|t:|1743832671
|move|p1a: Corviknight|Roost|p1a: Corviknight
|-heal|p1a: Corviknight|87/100
|-singleturn|p1a: Corviknight|move: Roost
|move|p2a: Conkeldurr|Drain Punch|p1a: Corviknight
|-supereffective|p1a: Corviknight
|-damage|p1a: Corviknight|60/100
|
|upkeep
|turn|21
|
|t:|1743832679
|switch|p2a: Tentacruel|Tentacruel, M|79/100 par
|-damage|p2a: Tentacruel|67/100 par|[from] Stealth Rock
|move|p1a: Corviknight|Iron Defense|p1a: Corviknight
|-boost|p1a: Corviknight|def|2
|
|-heal|p2a: Tentacruel|73/100 par|[from] item: Leftovers
|upkeep
|turn|22
|
|t:|1743832688
|move|p2a: Tentacruel|Rapid Spin|p1a: Corviknight
|-resisted|p1a: Corviknight
|-damage|p1a: Corviknight|59/100
|-boost|p2a: Tentacruel|spe|1
|-sideend|p2: jgtyfkyk|Stealth Rock|[from] move: Rapid Spin|[of] p2a: Tentacruel
|move|p1a: Corviknight|Roost|p1a: Corviknight
|-heal|p1a: Corviknight|100/100
|-singleturn|p1a: Corviknight|move: Roost
|
|-heal|p2a: Tentacruel|79/100 par|[from] item: Leftovers
|upkeep
|turn|23
|
|t:|1743832699
|switch|p2a: Delphox|Delphox, F|100/100
|move|p1a: Corviknight|Iron Defense|p1a: Corviknight
|-boost|p1a: Corviknight|def|2
|
|-sideend|p1: WDF123|Reflect
|upkeep
|turn|24
|
|t:|1743832708
|-terastallize|p1a: Corviknight|Flying
|move|p2a: Delphox|Psychic Noise|p1a: Corviknight
|-damage|p1a: Corviknight|64/100
|-start|p1a: Corviknight|move: Heal Block
|move|p1a: Corviknight|Body Press|p2a: Delphox
|-resisted|p2a: Delphox
|-damage|p2a: Delphox|37/100
|
|upkeep
|turn|25
|
|t:|1743832717
|move|p2a: Delphox|Overheat|p1a: Corviknight
|-damage|p1a: Corviknight|0 fnt
|-unboost|p2a: Delphox|spa|2
|-enditem|p2a: Delphox|Eject Pack
|faint|p1a: Corviknight
|
|t:|1743832724
|switch|p2a: Conkeldurr|Conkeldurr, F|100/100
|
|upkeep
|
|t:|1743832735
|switch|p1a: Inteleon|Inteleon, F|100/100
|turn|26
|
|t:|1743832741
|switch|p2a: Sylveon|Sylveon, F|100/100
|move|p1a: Inteleon|Snipe Shot|p2a: Sylveon
|-damage|p2a: Sylveon|84/100
|
|upkeep
|turn|27
|
|t:|1743832747
|switch|p1a: Chansey|Chansey, F|61/100
|move|p2a: Sylveon|Shadow Ball|p1a: Chansey
|-immune|p1a: Chansey
|
|upkeep
|turn|28
|
|t:|1743832756
|switch|p2a: Tentacruel|Tentacruel, M|79/100 par
|move|p1a: Chansey|Thunder Wave|p2a: Tentacruel
|-fail|p2a: Tentacruel|par
|
|-heal|p2a: Tentacruel|85/100 par|[from] item: Leftovers
|upkeep
|turn|29
|
|t:|1743832764
|switch|p2a: Conkeldurr|Conkeldurr, F|100/100
|move|p1a: Chansey|Soft-Boiled|p1a: Chansey
|-heal|p1a: Chansey|100/100
|
|upkeep
|turn|30
|
|t:|1743832770
|move|p2a: Conkeldurr|Knock Off|p1a: Chansey
|-damage|p1a: Chansey|78/100
|-enditem|p1a: Chansey|Eviolite|[from] move: Knock Off|[of] p2a: Conkeldurr
|move|p1a: Chansey|Charm|p2a: Conkeldurr
|-unboost|p2a: Conkeldurr|atk|2
|
|upkeep
|turn|31
|
|t:|1743832781
|switch|p2a: Tentacruel|Tentacruel, M|85/100 par
|switch|p1a: Metagross|Metagross|100/100
|
|-heal|p2a: Tentacruel|91/100 par|[from] item: Leftovers
|upkeep
|turn|32
|
|t:|1743832791
|switch|p2a: Sylveon|Sylveon, F|84/100
|move|p1a: Metagross|Meteor Mash|p2a: Sylveon
|-supereffective|p2a: Sylveon
|-damage|p2a: Sylveon|0 fnt
|faint|p2a: Sylveon
|
|upkeep
|
|t:|1743832795
|switch|p2a: Delphox|Delphox, F|37/100
|turn|33
|
|t:|1743832805
|switch|p1a: Chansey|Chansey, F|78/100
|switch|p2a: Conkeldurr|Conkeldurr, F|100/100
|
|upkeep
|turn|34
|
|t:|1743832812
|move|p2a: Conkeldurr|Drain Punch|p1a: Chansey
|-supereffective|p1a: Chansey
|-damage|p1a: Chansey|0 fnt
|faint|p1a: Chansey
|
|upkeep
|
|t:|1743832817
|switch|p1a: Inteleon|Inteleon, F|100/100
|turn|35
|
|t:|1743832823
|move|p1a: Inteleon|Snipe Shot|p2a: Conkeldurr
|-damage|p2a: Conkeldurr|44/100
|move|p2a: Conkeldurr|Drain Punch|p1a: Inteleon
|-damage|p1a: Inteleon|11/100
|-heal|p2a: Conkeldurr|80/100|[from] drain|[of] p1a: Inteleon
|
|upkeep
|turn|36
|
|t:|1743832832
|move|p2a: Conkeldurr|Mach Punch|p1a: Inteleon
|-damage|p1a: Inteleon|0 fnt
|faint|p1a: Inteleon
|
|upkeep
|
|t:|1743832836
|switch|p1a: Metagross|Metagross|100/100
|turn|37
|
|t:|1743832840
|move|p1a: Metagross|Meteor Mash|p2a: Conkeldurr|[miss]
|-miss|p1a: Metagross|p2a: Conkeldurr
|move|p2a: Conkeldurr|Knock Off|p1a: Metagross
|-supereffective|p1a: Metagross
|-damage|p1a: Metagross|38/100
|-enditem|p1a: Metagross|Choice Scarf|[from] move: Knock Off|[of] p2a: Conkeldurr
|
|upkeep
|turn|38
|
|t:|1743832850
|move|p2a: Conkeldurr|Mach Punch|p1a: Metagross
|-damage|p1a: Metagross|14/100
|move|p1a: Metagross|Meteor Mash|p2a: Conkeldurr
|-damage|p2a: Conkeldurr|44/100
|-boost|p1a: Metagross|atk|1
|
|upkeep
|turn|39
|
|t:|1743832857
|move|p2a: Conkeldurr|Mach Punch|p1a: Metagross
|-damage|p1a: Metagross|0 fnt
|faint|p1a: Metagross
|
|win|jgtyfkyk
|raw|WDF123's rating: 1119 &rarr; <strong>1089</strong><br />(-30 for losing)
|raw|jgtyfkyk's rating: 1053 &rarr; <strong>1091</strong><br />(+38 for winning)
|l|☆WDF123
|player|p1|
|l|☆jgtyfkyk
|player|p2|
