|j|☆yylz
|j|☆fire the frogs
|t:|1743779188
|gametype|singles
|player|p1|yylz|dawn|1126
|player|p2|fire the frogs|iris-gen5bw2|1130
|teamsize|p1|6
|teamsize|p2|6
|gen|9
|tier|[Gen 9] OU
|rated|
|rule|HP Percentage Mod: HP is shown in percentages
|rule|Endless Battle Clause: Forcing endless battles is banned
|rule|Species Clause: Limit one of each Pokémon
|rule|OHKO Clause: OHKO moves are banned
|rule|Evasion Items Clause: Evasion items are banned
|rule|Evasion Moves Clause: Evasion moves are banned
|rule|Sleep Moves Clause: Sleep-inducing moves are banned
|clearpoke
|poke|p1|Pelipper, M|
|poke|p1|Barraskewda, M|
|poke|p1|Zapdos|
|poke|p1|Corviknight, F|
|poke|p1|Clodsire, F|
|poke|p1|Incineroar, M|
|poke|p2|Ogerpon-Wellspring, F|
|poke|p2|Glimmora, F|
|poke|p2|Gliscor, F|
|poke|p2|Meowscarada, M|
|poke|p2|Moltres|
|poke|p2|Kyurem|
|teampreview
|inactive|Battle timer is ON: inactive players will automatically lose when time's up. (requested by fire the frogs)
|
|t:|1743779192
|start
|switch|p1a: Corviknight|Corviknight, F, shiny|100/100
|switch|p2a: Glimmora|Glimmora, F|100/100
|-ability|p1a: Corviknight|Pressure
|turn|1
|
|t:|1743779201
|move|p2a: Glimmora|Toxic|p1a: Corviknight
|-status|p1a: Corviknight|tox
|move|p1a: Corviknight|Body Press|p2a: Glimmora
|-damage|p2a: Glimmora|72/100
|
|-damage|p1a: Corviknight|94/100 tox|[from] psn
|upkeep
|turn|2
|
|t:|1743779219
|switch|p2a: Moltres|Moltres|100/100
|switch|p1a: Clodsire|Clodsire, F|100/100
|
|upkeep
|turn|3
|
|t:|1743779227
|move|p2a: Moltres|Scorching Sands|p1a: Clodsire
|-supereffective|p1a: Clodsire
|-damage|p1a: Clodsire|72/100
|move|p1a: Clodsire|Stealth Rock|p2a: Moltres
|-sidestart|p2: fire the frogs|move: Stealth Rock
|
|-heal|p1a: Clodsire|78/100|[from] item: Leftovers
|upkeep
|turn|4
|
|t:|1743779234
|move|p2a: Moltres|Scorching Sands|p1a: Clodsire
|-supereffective|p1a: Clodsire
|-damage|p1a: Clodsire|52/100
|move|p1a: Clodsire|Toxic|p2a: Moltres
|-status|p2a: Moltres|tox
|
|-heal|p1a: Clodsire|58/100|[from] item: Leftovers
|-damage|p2a: Moltres|94/100 tox|[from] psn
|upkeep
|turn|5
|
|t:|1743779242
|move|p2a: Moltres|Scorching Sands|p1a: Clodsire
|-supereffective|p1a: Clodsire
|-damage|p1a: Clodsire|29/100
|move|p1a: Clodsire|Recover|p1a: Clodsire
|-heal|p1a: Clodsire|79/100
|
|-heal|p1a: Clodsire|86/100|[from] item: Leftovers
|-damage|p2a: Moltres|82/100 tox|[from] psn
|upkeep
|turn|6
|
|t:|1743779249
|move|p2a: Moltres|Scorching Sands|p1a: Clodsire
|-supereffective|p1a: Clodsire
|-damage|p1a: Clodsire|58/100
|-status|p1a: Clodsire|brn
|move|p1a: Clodsire|Recover|p1a: Clodsire
|-heal|p1a: Clodsire|100/100 brn
|
|-damage|p2a: Moltres|64/100 tox|[from] psn
|-damage|p1a: Clodsire|94/100 brn|[from] brn
|upkeep
|turn|7
|
|t:|1743779262
|switch|p1a: Pelipper|Pelipper, M|100/100
|-weather|RainDance|[from] ability: Drizzle|[of] p1a: Pelipper
|move|p2a: Moltres|Scorching Sands|p1a: Pelipper
|-immune|p1a: Pelipper
|
|-weather|RainDance|[upkeep]
|-damage|p2a: Moltres|40/100 tox|[from] psn
|upkeep
|turn|8
|
|t:|1743779273
|switch|p1a: Barraskewda|Barraskewda, M|100/100
|move|p2a: Moltres|Air Slash|p1a: Barraskewda
|-damage|p1a: Barraskewda|14/100
|
|-weather|RainDance|[upkeep]
|-damage|p2a: Moltres|10/100 tox|[from] psn
|upkeep
|turn|9
|inactive|fire the frogs has 120 seconds left.
|
|t:|1743779314
|move|p1a: Barraskewda|Close Combat|p2a: Moltres
|-resisted|p2a: Moltres
|-damage|p2a: Moltres|0 fnt
|-unboost|p1a: Barraskewda|def|1
|-unboost|p1a: Barraskewda|spd|1
|faint|p2a: Moltres
|
|-weather|RainDance|[upkeep]
|upkeep
|
|t:|1743779321
|switch|p2a: Glimmora|Glimmora, F|72/100
|-damage|p2a: Glimmora|59/100|[from] Stealth Rock
|turn|10
|
|t:|1743779326
|move|p1a: Barraskewda|Close Combat|p2a: Glimmora
|-crit|p2a: Glimmora
|-damage|p2a: Glimmora|0 fnt
|-unboost|p1a: Barraskewda|def|1
|-unboost|p1a: Barraskewda|spd|1
|faint|p2a: Glimmora
|
|-weather|RainDance|[upkeep]
|upkeep
|
|t:|1743779355
|switch|p2a: Meowscarada|Meowscarada, M, shiny|100/100
|turn|11
|
|t:|1743779372
|switch|p1a: Incineroar|Incineroar, M, shiny|100/100
|-ability|p1a: Incineroar|Intimidate|boost
|-unboost|p2a: Meowscarada|atk|1
|move|p2a: Meowscarada|Flower Trick|p1a: Incineroar
|-start|p2a: Meowscarada|typechange|Grass|[from] ability: Protean
|-resisted|p1a: Incineroar
|-crit|p1a: Incineroar
|-damage|p1a: Incineroar|83/100
|
|-weather|RainDance|[upkeep]
|upkeep
|turn|12
|
|t:|1743779384
|move|p2a: Meowscarada|U-turn|p1a: Incineroar
|-damage|p1a: Incineroar|73/100
|
|t:|1743779387
|switch|p2a: Gliscor|Gliscor, F|100/100|[from] U-turn
|-damage|p2a: Gliscor|88/100|[from] Stealth Rock
|move|p1a: Incineroar|Knock Off|p2a: Gliscor
|-damage|p2a: Gliscor|53/100
|-enditem|p2a: Gliscor|Toxic Orb|[from] move: Knock Off|[of] p1a: Incineroar
|
|-weather|RainDance|[upkeep]
|upkeep
|turn|13
|
|t:|1743779397
|move|p2a: Gliscor|Earthquake|p1a: Incineroar
|-supereffective|p1a: Incineroar
|-crit|p1a: Incineroar
|-damage|p1a: Incineroar|0 fnt
|faint|p1a: Incineroar
|
|-weather|RainDance|[upkeep]
|upkeep
|
|t:|1743779403
|switch|p1a: Pelipper|Pelipper, M|100/100
|turn|14
|
|t:|1743779406
|move|p2a: Gliscor|Acrobatics|p1a: Pelipper
|-damage|p1a: Pelipper|63/100
|move|p1a: Pelipper|Weather Ball|p2a: Gliscor
|-supereffective|p2a: Gliscor
|-damage|p2a: Gliscor|0 fnt
|faint|p2a: Gliscor
|
|-weather|none
|upkeep
|
|t:|1743779414
|switch|p2a: Ogerpon|Ogerpon-Wellspring, F|100/100
|-damage|p2a: Ogerpon|88/100|[from] Stealth Rock
|turn|15
|
|t:|1743779418
|switch|p1a: Clodsire|Clodsire, F|94/100 brn
|move|p2a: Ogerpon|Encore||[still]
|-fail|p2a: Ogerpon
|
|-heal|p1a: Clodsire|100/100 brn|[from] item: Leftovers
|-damage|p1a: Clodsire|94/100 brn|[from] brn
|upkeep
|turn|16
|
|t:|1743779426
|-terastallize|p2a: Ogerpon|Water
|detailschange|p2a: Ogerpon|Ogerpon-Wellspring-Tera, F, tera:Water
|-ability|p2a: Ogerpon|Embody Aspect (Wellspring)|boost
|-boost|p2a: Ogerpon|spd|1
|move|p2a: Ogerpon|Horn Leech|p1a: Clodsire
|-damage|p1a: Clodsire|57/100 brn
|-heal|p2a: Ogerpon|100/100|[from] drain|[of] p1a: Clodsire
|move|p1a: Clodsire|Toxic|p2a: Ogerpon
|-status|p2a: Ogerpon|tox
|
|-heal|p1a: Clodsire|63/100 brn|[from] item: Leftovers
|-damage|p2a: Ogerpon|94/100 tox|[from] psn
|-damage|p1a: Clodsire|57/100 brn|[from] brn
|upkeep
|turn|17
|
|t:|1743779439
|-terastallize|p1a: Clodsire|Flying
|move|p2a: Ogerpon|Horn Leech|p1a: Clodsire
|-resisted|p1a: Clodsire
|-damage|p1a: Clodsire|38/100 brn
|-heal|p2a: Ogerpon|100/100 tox|[from] drain|[of] p1a: Clodsire
|move|p1a: Clodsire|Recover|p1a: Clodsire
|-heal|p1a: Clodsire|88/100 brn
|
|-heal|p1a: Clodsire|94/100 brn|[from] item: Leftovers
|-damage|p2a: Ogerpon|88/100 tox|[from] psn
|-damage|p1a: Clodsire|88/100 brn|[from] brn
|upkeep
|turn|18
|-message|fire the frogs forfeited.
|
|win|yylz
|raw|yylz's rating: 1126 &rarr; <strong>1151</strong><br />(+25 for winning)
|raw|fire the frogs's rating: 1130 &rarr; <strong>1105</strong><br />(-25 for losing)
|l|☆fire the frogs
|player|p2|
