|j|☆CRPCgaming.TTV
|j|☆Reinii
|t:|1743864410
|gametype|singles
|player|p1|CRPCgaming.TTV|backersf|1317
|player|p2|Reinii|170|1279
|teamsize|p1|6
|teamsize|p2|6
|gen|9
|tier|[Gen 9] OU
|rated|
|rule|HP Percentage Mod: HP is shown in percentages
|rule|Endless Battle Clause: Forcing endless battles is banned
|rule|Species Clause: Limit one of each Pokémon
|rule|OHKO Clause: OHKO moves are banned
|rule|Evasion Items Clause: Evasion items are banned
|rule|Evasion Moves Clause: Evasion moves are banned
|rule|Sleep Moves Clause: Sleep-inducing moves are banned
|clearpoke
|poke|p1|Dragonite, F|
|poke|p1|Glimmora, F|
|poke|p1|Iron Moth|
|poke|p1|Cloyster, F|
|poke|p1|Latias, F|
|poke|p1|Hatterene, F|
|poke|p2|Glastrier|
|poke|p2|Primarina, M|
|poke|p2|Iron Treads|
|poke|p2|Dragapult, F|
|poke|p2|Hoopa-Unbound|
|poke|p2|Leavanny, M|
|teampreview
|inactive|Battle timer is ON: inactive players will automatically lose when time's up. (requested by CRPCgaming.TTV)
|
|t:|1743864423
|start
|switch|p1a: Cloyster|Cloyster, F, shiny|100/100
|switch|p2a: Glastrier|Glastrier|100/100
|turn|1
|
|t:|1743864433
|move|p1a: Cloyster|Shell Smash|p1a: Cloyster
|-unboost|p1a: Cloyster|def|1
|-unboost|p1a: Cloyster|spd|1
|-boost|p1a: Cloyster|atk|2
|-boost|p1a: Cloyster|spa|2
|-boost|p1a: Cloyster|spe|2
|move|p2a: Glastrier|Close Combat|p1a: Cloyster
|-supereffective|p1a: Cloyster
|-enditem|p1a: Cloyster|Focus Sash
|-damage|p1a: Cloyster|1/100
|-unboost|p2a: Glastrier|def|1
|-unboost|p2a: Glastrier|spd|1
|
|upkeep
|turn|2
|
|t:|1743864444
|switch|p2a: Iron Treads|Iron Treads|100/100
|move|p1a: Cloyster|Rock Blast|p2a: Iron Treads|[miss]
|-miss|p1a: Cloyster|p2a: Iron Treads
|
|upkeep
|turn|3
|
|t:|1743864450
|move|p1a: Cloyster|Drill Run|p2a: Iron Treads
|-supereffective|p2a: Iron Treads
|-damage|p2a: Iron Treads|37/100
|move|p2a: Iron Treads|Rapid Spin|p1a: Cloyster
|-damage|p1a: Cloyster|0 fnt
|-boost|p2a: Iron Treads|spe|1
|faint|p1a: Cloyster
|
|-heal|p2a: Iron Treads|43/100|[from] item: Leftovers
|upkeep
|
|t:|1743864461
|switch|p1a: Hatterene|Hatterene, F|100/100
|turn|4
|
|t:|1743864464
|move|p2a: Iron Treads|Heavy Slam|p1a: Hatterene
|-supereffective|p1a: Hatterene
|-damage|p1a: Hatterene|29/100
|move|p1a: Hatterene|Mystical Fire|p2a: Iron Treads
|-supereffective|p2a: Iron Treads
|-damage|p2a: Iron Treads|0 fnt
|faint|p2a: Iron Treads
|-end|p2a: Iron Treads|Quark Drive|[silent]
|
|-heal|p1a: Hatterene|35/100|[from] item: Leftovers
|upkeep
|
|t:|1743864474
|switch|p2a: Glastrier|Glastrier|100/100
|turn|5
|
|t:|1743864478
|move|p1a: Hatterene|Thunder Wave|p2a: Glastrier
|-status|p2a: Glastrier|par
|cant|p2a: Glastrier|par
|
|-heal|p1a: Hatterene|41/100|[from] item: Leftovers
|upkeep
|turn|6
|
|t:|1743864484
|move|p1a: Hatterene|Mystical Fire|p2a: Glastrier
|-supereffective|p2a: Glastrier
|-damage|p2a: Glastrier|66/100 par
|-unboost|p2a: Glastrier|spa|1
|move|p2a: Glastrier|Icicle Crash|p1a: Hatterene
|-damage|p1a: Hatterene|0 fnt
|faint|p1a: Hatterene
|-ability|p2a: Glastrier|Chilling Neigh|boost
|-boost|p2a: Glastrier|atk|1
|
|upkeep
|
|t:|1743864495
|switch|p1a: Iron Moth|Iron Moth, shiny|100/100
|-enditem|p1a: Iron Moth|Booster Energy
|-activate|p1a: Iron Moth|ability: Quark Drive|[fromitem]
|-start|p1a: Iron Moth|quarkdrivespe
|turn|7
|
|t:|1743864505
|move|p1a: Iron Moth|Fiery Dance|p2a: Glastrier
|-supereffective|p2a: Glastrier
|-damage|p2a: Glastrier|0 fnt
|faint|p2a: Glastrier
|
|upkeep
|
|t:|1743864513
|switch|p2a: Hoopa|Hoopa-Unbound|100/100
|turn|8
|
|t:|1743864530
|move|p1a: Iron Moth|Dazzling Gleam|p2a: Hoopa
|-supereffective|p2a: Hoopa
|-damage|p2a: Hoopa|50/100
|move|p2a: Hoopa|Knock Off|p1a: Iron Moth
|-damage|p1a: Iron Moth|29/100
|-damage|p2a: Hoopa|40/100|[from] item: Life Orb
|
|upkeep
|turn|9
|
|t:|1743864539
|move|p1a: Iron Moth|Dazzling Gleam|p2a: Hoopa
|-supereffective|p2a: Hoopa
|-damage|p2a: Hoopa|0 fnt
|faint|p2a: Hoopa
|
|upkeep
|
|t:|1743864541
|switch|p2a: Leavanny|Leavanny, M, shiny|100/100
|turn|10
|
|t:|1743864551
|move|p1a: Iron Moth|Fiery Dance|p2a: Leavanny
|-supereffective|p2a: Leavanny
|-enditem|p2a: Leavanny|Focus Sash
|-damage|p2a: Leavanny|1/100
|move|p2a: Leavanny|Lunge|p1a: Iron Moth
|-resisted|p1a: Iron Moth
|-damage|p1a: Iron Moth|9/100
|-unboost|p1a: Iron Moth|atk|1
|
|upkeep
|turn|11
|
|t:|1743864560
|move|p1a: Iron Moth|Fiery Dance|p2a: Leavanny
|-supereffective|p2a: Leavanny
|-damage|p2a: Leavanny|0 fnt
|-boost|p1a: Iron Moth|spa|1
|faint|p2a: Leavanny
|
|upkeep
|
|t:|1743864568
|switch|p2a: Dragapult|Dragapult, F, shiny|100/100
|turn|12
|
|t:|1743864576
|-terastallize|p2a: Dragapult|Fairy
|move|p1a: Iron Moth|Dazzling Gleam|p2a: Dragapult
|-damage|p2a: Dragapult|50/100
|move|p2a: Dragapult|Shadow Ball|p1a: Iron Moth
|-damage|p1a: Iron Moth|0 fnt
|faint|p1a: Iron Moth
|-end|p1a: Iron Moth|Quark Drive|[silent]
|
|upkeep
|
|t:|1743864586
|switch|p1a: Glimmora|Glimmora, F|100/100
|turn|13
|
|t:|1743864593
|move|p2a: Dragapult|Shadow Ball|p1a: Glimmora
|-damage|p1a: Glimmora|27/100
|move|p1a: Glimmora|Mortal Spin|p2a: Dragapult
|-supereffective|p2a: Dragapult
|-damage|p2a: Dragapult|34/100
|-status|p2a: Dragapult|psn
|
|-damage|p2a: Dragapult|22/100 psn|[from] psn
|upkeep
|turn|14
|
|t:|1743864602
|move|p2a: Dragapult|Shadow Ball|p1a: Glimmora
|-damage|p1a: Glimmora|0 fnt
|faint|p1a: Glimmora
|
|-damage|p2a: Dragapult|10/100 psn|[from] psn
|upkeep
|
|t:|1743864609
|switch|p1a: Latias|Latias, F|100/100
|turn|15
|
|t:|1743864616
|move|p2a: Dragapult|Shadow Ball|p1a: Latias
|-supereffective|p1a: Latias
|-damage|p1a: Latias|1/100
|-enditem|p1a: Latias|Weakness Policy
|-boost|p1a: Latias|atk|2|[from] item: Weakness Policy
|-boost|p1a: Latias|spa|2|[from] item: Weakness Policy
|move|p1a: Latias|Calm Mind|p1a: Latias
|-boost|p1a: Latias|spa|1
|-boost|p1a: Latias|spd|1
|
|-damage|p2a: Dragapult|0 fnt|[from] psn
|faint|p2a: Dragapult
|upkeep
|
|t:|1743864621
|switch|p2a: Primarina|Primarina, M|100/100
|turn|16
|
|t:|1743864631
|move|p1a: Latias|Stored Power|p2a: Primarina
|-crit|p2a: Primarina
|-damage|p2a: Primarina|0 fnt
|faint|p2a: Primarina
|
|win|CRPCgaming.TTV
|raw|CRPCgaming.TTV's rating: 1317 &rarr; <strong>1335</strong><br />(+18 for winning)
|raw|Reinii's rating: 1279 &rarr; <strong>1257</strong><br />(-22 for losing)
|l|☆Reinii
|player|p2|
