|j|☆NGamerOP
|j|☆SlingShotWright
|t:|1743884899
|gametype|singles
|player|p1|NGamerOP|barry|1580
|player|p2|SlingShotWright|169|1582
|teamsize|p1|6
|teamsize|p2|6
|gen|9
|tier|[Gen 9] OU
|rated|
|rule|HP Percentage Mod: HP is shown in percentages
|rule|Endless Battle Clause: Forcing endless battles is banned
|rule|Species Clause: Limit one of each Pokémon
|rule|OHKO Clause: OHKO moves are banned
|rule|Evasion Items Clause: Evasion items are banned
|rule|Evasion Moves Clause: Evasion moves are banned
|rule|Sleep Moves Clause: Sleep-inducing moves are banned
|clearpoke
|poke|p1|Comfey, F|
|poke|p1|Whimsicott, F|
|poke|p1|Iron Moth|
|poke|p1|Walking Wake|
|poke|p1|Great Tusk|
|poke|p1|Ninetales, M|
|poke|p2|Ogerpon-Wellspring, F|
|poke|p2|Tinkaton, F|
|poke|p2|Dragapult, M|
|poke|p2|Samurott-Hisui, F|
|poke|p2|Gliscor, M|
|poke|p2|Talonflame, M|
|teampreview
|inactive|Battle timer is ON: inactive players will automatically lose when time's up. (requested by SlingShotWright)
|
|t:|1743884916
|start
|switch|p1a: Ninetales|Ninetales, M|100/100
|switch|p2a: Samurott|Samurott-Hisui, F|100/100
|-weather|SunnyDay|[from] ability: Drought|[of] p1a: Ninetales
|turn|1
|
|t:|1743884923
|move|p1a: Ninetales|Will-O-Wisp|p2a: Samurott
|-status|p2a: Samurott|brn
|move|p2a: Samurott|Aqua Cutter|p1a: Ninetales
|-supereffective|p1a: Ninetales
|-damage|p1a: Ninetales|61/100
|
|-weather|SunnyDay|[upkeep]
|-damage|p2a: Samurott|94/100 brn|[from] brn
|upkeep
|turn|2
|
|t:|1743884931
|move|p1a: Ninetales|Encore|p2a: Samurott
|-start|p2a: Samurott|Encore
|move|p2a: Samurott|Aqua Cutter|p1a: Ninetales
|-supereffective|p1a: Ninetales
|-damage|p1a: Ninetales|18/100
|
|-weather|SunnyDay|[upkeep]
|-damage|p2a: Samurott|88/100 brn|[from] brn
|upkeep
|turn|3
|
|t:|1743884943
|switch|p1a: Whimsicott|Whimsicott, F|100/100
|switch|p2a: Gliscor|Gliscor, M|100/100
|
|-weather|SunnyDay|[upkeep]
|-status|p2a: Gliscor|tox|[from] item: Toxic Orb
|upkeep
|turn|4
|
|t:|1743884954
|move|p1a: Whimsicott|Growth|p1a: Whimsicott
|-boost|p1a: Whimsicott|atk|2
|-boost|p1a: Whimsicott|spa|2
|move|p2a: Gliscor|Facade|p1a: Whimsicott
|-crit|p1a: Whimsicott
|-damage|p1a: Whimsicott|39/100
|
|-weather|SunnyDay|[upkeep]
|upkeep
|turn|5
|inactive|NGamerOP has 120 seconds left.
|
|t:|1743884988
|move|p1a: Whimsicott|Giga Drain|p2a: Gliscor
|-damage|p2a: Gliscor|37/100 tox
|-heal|p1a: Whimsicott|76/100|[from] drain|[of] p2a: Gliscor
|-damage|p1a: Whimsicott|66/100|[from] item: Life Orb
|move|p2a: Gliscor|Earthquake|p1a: Whimsicott
|-resisted|p1a: Whimsicott
|-damage|p1a: Whimsicott|44/100
|
|-weather|SunnyDay|[upkeep]
|-heal|p2a: Gliscor|49/100 tox|[from] ability: Poison Heal
|upkeep
|turn|6
|
|t:|1743885000
|move|p2a: Gliscor|Protect|p2a: Gliscor
|-singleturn|p2a: Gliscor|Protect
|move|p1a: Whimsicott|Giga Drain|p2a: Gliscor
|-activate|p2a: Gliscor|move: Protect
|
|-weather|SunnyDay|[upkeep]
|-heal|p2a: Gliscor|62/100 tox|[from] ability: Poison Heal
|upkeep
|turn|7
|
|t:|1743885008
|move|p1a: Whimsicott|Giga Drain|p2a: Gliscor
|-damage|p2a: Gliscor|0 fnt
|-heal|p1a: Whimsicott|80/100|[from] drain|[of] p2a: Gliscor
|faint|p2a: Gliscor
|-damage|p1a: Whimsicott|70/100|[from] item: Life Orb
|
|-weather|SunnyDay|[upkeep]
|upkeep
|
|t:|1743885020
|switch|p2a: Talonflame|Talonflame, M|100/100
|turn|8
|
|t:|1743885041
|switch|p1a: Great Tusk|Great Tusk|100/100
|-activate|p1a: Great Tusk|ability: Protosynthesis
|-start|p1a: Great Tusk|protosynthesisspe
|move|p2a: Talonflame|Flamethrower|p1a: Great Tusk
|-damage|p1a: Great Tusk|56/100
|
|-weather|none
|-end|p1a: Great Tusk|Protosynthesis
|upkeep
|turn|9
|
|t:|1743885050
|switch|p2a: Samurott|Samurott-Hisui, F|88/100 brn
|move|p1a: Great Tusk|Stealth Rock|p2a: Samurott
|-sidestart|p2: SlingShotWright|move: Stealth Rock
|
|-damage|p2a: Samurott|82/100 brn|[from] brn
|upkeep
|turn|10
|
|t:|1743885059
|move|p1a: Great Tusk|Rapid Spin|p2a: Samurott
|-damage|p2a: Samurott|63/100 brn
|-boost|p1a: Great Tusk|spe|1
|move|p2a: Samurott|Ceaseless Edge|p1a: Great Tusk
|-resisted|p1a: Great Tusk
|-damage|p1a: Great Tusk|45/100
|-damage|p2a: Samurott|47/100 brn|[from] item: Rocky Helmet|[of] p1a: Great Tusk
|-sidestart|p1: NGamerOP|Spikes
|
|-damage|p2a: Samurott|41/100 brn|[from] brn
|upkeep
|turn|11
|
|t:|1743885078
|move|p1a: Great Tusk|Rapid Spin|p2a: Samurott
|-damage|p2a: Samurott|23/100 brn
|-boost|p1a: Great Tusk|spe|1
|-sideend|p1: NGamerOP|Spikes|[from] move: Rapid Spin|[of] p1a: Great Tusk
|move|p2a: Samurott|Ceaseless Edge|p1a: Great Tusk
|-resisted|p1a: Great Tusk
|-damage|p1a: Great Tusk|34/100
|-damage|p2a: Samurott|6/100 brn|[from] item: Rocky Helmet|[of] p1a: Great Tusk
|-sidestart|p1: NGamerOP|Spikes
|
|-damage|p2a: Samurott|0 fnt|[from] brn
|faint|p2a: Samurott
|upkeep
|inactive|SlingShotWright has 120 seconds left.
|
|t:|1743885105
|switch|p2a: Dragapult|Dragapult, M|100/100
|turn|12
|
|t:|1743885132
|move|p1a: Great Tusk|Headlong Rush|p2a: Dragapult
|-damage|p2a: Dragapult|34/100
|-unboost|p1a: Great Tusk|def|1
|-unboost|p1a: Great Tusk|spd|1
|move|p2a: Dragapult|Hex|p1a: Great Tusk
|-damage|p1a: Great Tusk|0 fnt
|faint|p1a: Great Tusk
|-end|p1a: Great Tusk|Protosynthesis|[silent]
|
|upkeep
|inactive|NGamerOP has 120 seconds left.
|
|t:|1743885142
|switch|p1a: Comfey|Comfey, F|100/100
|-damage|p1a: Comfey|88/100|[from] Spikes
|turn|13
|
|t:|1743885152
|switch|p2a: Tinkaton|Tinkaton, F|100/100
|-damage|p2a: Tinkaton|94/100|[from] Stealth Rock
|-item|p2a: Tinkaton|Air Balloon
|move|p1a: Comfey|Draining Kiss|p2a: Tinkaton
|-resisted|p2a: Tinkaton
|-damage|p2a: Tinkaton|83/100
|-heal|p1a: Comfey|99/100|[from] drain|[of] p2a: Tinkaton
|-enditem|p2a: Tinkaton|Air Balloon
|-enditem|p1a: Comfey|Life Orb|[silent]|[from] ability: Pickpocket|[of] p1a: Comfey
|-item|p2a: Tinkaton|Life Orb|[from] ability: Pickpocket|[of] p1a: Comfey
|
|upkeep
|turn|14
|
|t:|1743885168
|switch|p1a: Ninetales|Ninetales, M|18/100
|-damage|p1a: Ninetales|5/100|[from] Spikes
|-weather|SunnyDay|[from] ability: Drought|[of] p1a: Ninetales
|move|p2a: Tinkaton|Stealth Rock|p1a: Ninetales
|-sidestart|p1: NGamerOP|move: Stealth Rock
|
|-weather|SunnyDay|[upkeep]
|upkeep
|turn|15
|inactive|SlingShotWright has 120 seconds left.
|
|t:|1743885196
|switch|p2a: Talonflame|Talonflame, M|100/100
|move|p1a: Ninetales|Healing Wish|p1a: Ninetales
|faint|p1a: Ninetales
|
|-weather|SunnyDay|[upkeep]
|upkeep
|
|t:|1743885204
|switch|p1a: Walking Wake|Walking Wake|100/100
|-damage|p1a: Walking Wake|88/100|[from] Spikes
|-damage|p1a: Walking Wake|76/100|[from] Stealth Rock
|-activate|p1a: Walking Wake|ability: Protosynthesis
|-start|p1a: Walking Wake|protosynthesisspe
|turn|16
|inactive|SlingShotWright has 120 seconds left.
|
|t:|1743885243
|move|p1a: Walking Wake|Knock Off|p2a: Talonflame
|-damage|p2a: Talonflame|85/100
|-enditem|p2a: Talonflame|Heavy-Duty Boots|[from] move: Knock Off|[of] p1a: Walking Wake
|move|p2a: Talonflame|Flamethrower|p1a: Walking Wake
|-resisted|p1a: Walking Wake
|-damage|p1a: Walking Wake|70/100
|
|-weather|SunnyDay|[upkeep]
|upkeep
|turn|17
|
|t:|1743885252
|move|p1a: Walking Wake|Draco Meteor|p2a: Talonflame
|-damage|p2a: Talonflame|8/100
|-unboost|p1a: Walking Wake|spa|2
|move|p2a: Talonflame|Will-O-Wisp|p1a: Walking Wake
|-status|p1a: Walking Wake|brn
|
|-weather|SunnyDay|[upkeep]
|-damage|p1a: Walking Wake|64/100 brn|[from] brn
|upkeep
|turn|18
|
|t:|1743885264
|switch|p2a: Ogerpon|Ogerpon-Wellspring, F|100/100
|-damage|p2a: Ogerpon|88/100|[from] Stealth Rock
|move|p1a: Walking Wake|Hydro Steam|p2a: Ogerpon
|-heal|p2a: Ogerpon|100/100|[from] ability: Water Absorb|[of] p1a: Walking Wake
|
|-weather|SunnyDay|[upkeep]
|-damage|p1a: Walking Wake|58/100 brn|[from] brn
|upkeep
|turn|19
|
|t:|1743885276
|-end|p1a: Walking Wake|Protosynthesis|[silent]
|switch|p1a: Iron Moth|Iron Moth|100/100
|-damage|p1a: Iron Moth|88/100|[from] Spikes
|-damage|p1a: Iron Moth|63/100|[from] Stealth Rock
|-enditem|p1a: Iron Moth|Booster Energy
|-activate|p1a: Iron Moth|ability: Quark Drive|[fromitem]
|-start|p1a: Iron Moth|quarkdrivespa
|move|p2a: Ogerpon|Swords Dance|p2a: Ogerpon
|-boost|p2a: Ogerpon|atk|2
|
|-weather|SunnyDay|[upkeep]
|upkeep
|turn|20
|
|t:|1743885288
|move|p1a: Iron Moth|Solar Beam||[still]
|-prepare|p1a: Iron Moth|Solar Beam
|-anim|p1a: Iron Moth|Solar Beam|p2a: Ogerpon
|-damage|p2a: Ogerpon|29/100
|move|p2a: Ogerpon|Ivy Cudgel|p1a: Iron Moth|[anim] Ivy Cudgel Water
|-supereffective|p1a: Iron Moth
|-damage|p1a: Iron Moth|0 fnt
|faint|p1a: Iron Moth
|-end|p1a: Iron Moth|Quark Drive|[silent]
|
|-weather|SunnyDay|[upkeep]
|upkeep
|
|t:|1743885291
|switch|p1a: Whimsicott|Whimsicott, F|70/100
|-heal|p1a: Whimsicott|100/100|[from] move: Healing Wish
|-damage|p1a: Whimsicott|88/100|[from] Spikes
|-damage|p1a: Whimsicott|76/100|[from] Stealth Rock
|turn|21
|
|t:|1743885306
|switch|p2a: Talonflame|Talonflame, M|8/100
|-damage|p2a: Talonflame|0 fnt|[from] Stealth Rock
|faint|p2a: Talonflame
|move|p1a: Whimsicott|Moonblast|p2: Talonflame|[notarget]
|-fail|p1a: Whimsicott
|
|-weather|none
|upkeep
|
|t:|1743885313
|switch|p2a: Tinkaton|Tinkaton, F|83/100
|-damage|p2a: Tinkaton|76/100|[from] Stealth Rock
|turn|22
|
|t:|1743885322
|move|p2a: Tinkaton|Gigaton Hammer|p1a: Whimsicott
|-supereffective|p1a: Whimsicott
|-damage|p1a: Whimsicott|0 fnt
|faint|p1a: Whimsicott
|-damage|p2a: Tinkaton|67/100|[from] item: Life Orb
|
|upkeep
|
|t:|1743885324
|switch|p1a: Comfey|Comfey, F|99/100
|-damage|p1a: Comfey|86/100|[from] Spikes
|-damage|p1a: Comfey|74/100|[from] Stealth Rock
|turn|23
|
|t:|1743885339
|move|p2a: Tinkaton|Thunder Wave|p1a: Comfey
|-status|p1a: Comfey|par
|cant|p1a: Comfey|par
|
|upkeep
|turn|24
|
|t:|1743885350
|move|p2a: Tinkaton|Gigaton Hammer|p1a: Comfey
|-supereffective|p1a: Comfey
|-damage|p1a: Comfey|0 fnt
|faint|p1a: Comfey
|-damage|p2a: Tinkaton|57/100|[from] item: Life Orb
|
|upkeep
|-message|NGamerOP forfeited.
|
|win|SlingShotWright
|raw|NGamerOP's rating: 1580 &rarr; <strong>1560</strong><br />(-20 for losing)
|raw|SlingShotWright's rating: 1582 &rarr; <strong>1602</strong><br />(+20 for winning)
|l|☆NGamerOP
|player|p1|
|l|☆SlingShotWright
|player|p2|
