|j|☆TOXICccccccccccccc
|j|☆pokemon showdwon
|t:|1743781965
|gametype|singles
|player|p1|TOXICccccccccccccc|hiker-gen4|1131
|player|p2|pokemon showdwon|170|1087
|teamsize|p1|6
|teamsize|p2|6
|gen|9
|tier|[Gen 9] OU
|rated|
|rule|HP Percentage Mod: HP is shown in percentages
|rule|Endless Battle Clause: Forcing endless battles is banned
|rule|Species Clause: Limit one of each Pokémon
|rule|OHKO Clause: OHKO moves are banned
|rule|Evasion Items Clause: Evasion items are banned
|rule|Evasion Moves Clause: Evasion moves are banned
|rule|Sleep Moves Clause: Sleep-inducing moves are banned
|clearpoke
|poke|p1|Glimmora, M|
|poke|p1|Salazzle, F|
|poke|p1|Pecharunt|
|poke|p1|Alomomola, F|
|poke|p1|Samurott-Hisui, M|
|poke|p1|Garchomp, M|
|poke|p2|Hitmonlee, M|
|poke|p2|Ting-Lu|
|poke|p2|Wo-Chien|
|poke|p2|Chandelure, M|
|poke|p2|Articuno-Galar|
|poke|p2|Drifblim, F|
|teampreview
|inactive|Battle timer is ON: inactive players will automatically lose when time's up. (requested by TOXICccccccccccccc)
|
|t:|1743781983
|start
|switch|p1a: Pecharunt|Pecharunt|100/100
|switch|p2a: Chandelure|Chandelure, M, shiny|100/100
|-item|p1a: Pecharunt|Air Balloon
|turn|1
|
|t:|1743781999
|switch|p1a: Samurott|Samurott-Hisui, M|100/100
|move|p2a: Chandelure|Shadow Ball|p1a: Samurott
|-resisted|p1a: Samurott
|-damage|p1a: Samurott|66/100
|
|upkeep
|turn|2
|
|t:|1743782004
|switch|p2a: Wo-Chien|Wo-Chien|100/100
|-ability|p2a: Wo-Chien|Tablets of Ruin
|move|p1a: Samurott|Flip Turn|p2a: Wo-Chien
|-resisted|p2a: Wo-Chien
|-damage|p2a: Wo-Chien|93/100
|
|t:|1743782024
|switch|p1a: Glimmora|Glimmora, M|100/100|[from] Flip Turn
|
|-heal|p2a: Wo-Chien|99/100|[from] item: Leftovers
|upkeep
|turn|3
|
|t:|1743782042
|switch|p2a: Articuno|Articuno-Galar, shiny|100/100
|move|p1a: Glimmora|Toxic Spikes|p2a: Articuno
|-sidestart|p2: pokemon showdwon|move: Toxic Spikes
|
|upkeep
|turn|4
|
|t:|1743782048
|switch|p1a: Samurott|Samurott-Hisui, M|66/100
|move|p2a: Articuno|Psyshock|p1a: Samurott
|-immune|p1a: Samurott
|
|upkeep
|turn|5
|
|t:|1743782052
|move|p1a: Samurott|Ceaseless Edge|p2a: Articuno
|-supereffective|p2a: Articuno
|-damage|p2a: Articuno|0 fnt
|-sidestart|p2: pokemon showdwon|Spikes
|faint|p2a: Articuno
|
|upkeep
|
|t:|1743782060
|switch|p2a: Ting-Lu|Ting-Lu|100/100
|-status|p2a: Ting-Lu|psn
|-damage|p2a: Ting-Lu|88/100 psn|[from] Spikes
|-ability|p2a: Ting-Lu|Vessel of Ruin
|turn|6
|
|t:|1743782071
|switch|p1a: Glimmora|Glimmora, M|100/100
|move|p2a: Ting-Lu|Stealth Rock|p1a: Glimmora
|-sidestart|p1: TOXICccccccccccccc|move: Stealth Rock
|
|-heal|p2a: Ting-Lu|94/100 psn|[from] item: Leftovers
|-damage|p2a: Ting-Lu|82/100 psn|[from] psn
|upkeep
|turn|7
|
|t:|1743782087
|-terastallize|p1a: Glimmora|Bug
|move|p1a: Glimmora|Toxic Spikes|p2a: Ting-Lu
|-sidestart|p2: pokemon showdwon|move: Toxic Spikes
|move|p2a: Ting-Lu|Earthquake|p1a: Glimmora
|-resisted|p1a: Glimmora
|-damage|p1a: Glimmora|82/100
|
|-heal|p1a: Glimmora|88/100|[from] item: Leftovers
|-heal|p2a: Ting-Lu|88/100 psn|[from] item: Leftovers
|-damage|p2a: Ting-Lu|76/100 psn|[from] psn
|upkeep
|turn|8
|
|t:|1743782094
|move|p1a: Glimmora|Mortal Spin|p2a: Ting-Lu
|-resisted|p2a: Ting-Lu
|-damage|p2a: Ting-Lu|74/100 psn
|-sideend|p1: TOXICccccccccccccc|Stealth Rock|[from] move: Mortal Spin|[of] p1a: Glimmora
|move|p2a: Ting-Lu|Spikes|p1a: Glimmora
|-sidestart|p1: TOXICccccccccccccc|Spikes
|
|-heal|p1a: Glimmora|95/100|[from] item: Leftovers
|-heal|p2a: Ting-Lu|80/100 psn|[from] item: Leftovers
|-damage|p2a: Ting-Lu|68/100 psn|[from] psn
|upkeep
|turn|9
|
|t:|1743782103
|switch|p2a: Drifblim|Drifblim, F, shiny|100/100
|move|p1a: Glimmora|Mortal Spin|p2a: Drifblim
|-resisted|p2a: Drifblim
|-damage|p2a: Drifblim|98/100
|-status|p2a: Drifblim|psn
|-sideend|p1: TOXICccccccccccccc|Spikes|[from] move: Mortal Spin|[of] p1a: Glimmora
|
|-heal|p1a: Glimmora|100/100|[from] item: Leftovers
|-damage|p2a: Drifblim|85/100 psn|[from] psn
|upkeep
|turn|10
|
|t:|1743782114
|switch|p1a: Samurott|Samurott-Hisui, M|66/100
|move|p2a: Drifblim|Thunder Wave|p1a: Samurott
|-status|p1a: Samurott|par
|
|-damage|p2a: Drifblim|73/100 psn|[from] psn
|upkeep
|turn|11
|
|t:|1743782118
|move|p1a: Samurott|Ceaseless Edge|p2a: Drifblim
|-supereffective|p2a: Drifblim
|-damage|p2a: Drifblim|0 fnt
|-damage|p1a: Samurott|41/100 par|[from] ability: Aftermath|[of] p2a: Drifblim
|-sidestart|p2: pokemon showdwon|Spikes
|faint|p2a: Drifblim
|
|upkeep
|-message|pokemon showdwon forfeited.
|
|win|TOXICccccccccccccc
|raw|TOXICccccccccccccc's rating: 1131 &rarr; <strong>1153</strong><br />(+22 for winning)
|raw|pokemon showdwon's rating: 1087 &rarr; <strong>1067</strong><br />(-20 for losing)
|l|☆pokemon showdwon
|player|p2|
