|j|☆keepmomo
|j|☆blazingshadow46
|t:|1743786612
|gametype|singles
|player|p1|keepmomo|dawn|1141
|player|p2|blazingshadow46|ghetsis|1128
|teamsize|p1|6
|teamsize|p2|6
|gen|9
|tier|[Gen 9] OU
|rated|
|rule|HP Percentage Mod: HP is shown in percentages
|rule|Endless Battle Clause: Forcing endless battles is banned
|rule|Species Clause: Limit one of each Pokémon
|rule|OHKO Clause: OHKO moves are banned
|rule|Evasion Items Clause: Evasion items are banned
|rule|Evasion Moves Clause: Evasion moves are banned
|rule|Sleep Moves Clause: Sleep-inducing moves are banned
|clearpoke
|poke|p1|Comfey, F|
|poke|p1|Klefki, F|
|poke|p1|Kingdra, F|
|poke|p1|Whimsicott, M|
|poke|p1|Jumpluff, F|
|poke|p1|Pelipper, F|
|poke|p2|Noivern, F|
|poke|p2|Chandelure, M|
|poke|p2|Crawdaunt, F|
|poke|p2|Garchomp, M|
|poke|p2|Hydrapple, F|
|poke|p2|Corviknight, F|
|teampreview
|inactive|Battle timer is ON: inactive players will automatically lose when time's up. (requested by blazingshadow46)
|
|t:|1743786633
|start
|switch|p1a: Jumpluff|Jumpluff, F|100/100
|switch|p2a: Noivern|Noivern, F|100/100
|turn|1
|
|t:|1743786639
|move|p2a: Noivern|Heat Wave|p1a: Jumpluff
|-supereffective|p1a: Jumpluff
|-damage|p1a: Jumpluff|10/100
|move|p1a: Jumpluff|Light Screen|p1a: Jumpluff
|-sidestart|p1: keepmomo|move: Light Screen
|
|upkeep
|turn|2
|
|t:|1743786644
|move|p2a: Noivern|Heat Wave|p1a: Jumpluff
|-supereffective|p1a: Jumpluff
|-damage|p1a: Jumpluff|0 fnt
|faint|p1a: Jumpluff
|
|upkeep
|
|t:|1743786649
|switch|p1a: Klefki|Klefki, F|100/100
|turn|3
|
|t:|1743786652
|move|p1a: Klefki|Thunder Wave|p2a: Noivern
|-status|p2a: Noivern|par
|move|p2a: Noivern|Heat Wave|p1a: Klefki
|-supereffective|p1a: Klefki
|-damage|p1a: Klefki|1/100
|
|upkeep
|turn|4
|
|t:|1743786655
|move|p1a: Klefki|Reflect|p1a: Klefki
|-sidestart|p1: keepmomo|Reflect
|move|p2a: Noivern|Heat Wave|p1a: Klefki
|-supereffective|p1a: Klefki
|-crit|p1a: Klefki
|-damage|p1a: Klefki|0 fnt
|faint|p1a: Klefki
|
|upkeep
|
|t:|1743786660
|switch|p1a: Whimsicott|Whimsicott, M|100/100
|turn|5
|
|t:|1743786662
|move|p1a: Whimsicott|Memento|p2a: Noivern
|-unboost|p2a: Noivern|atk|2
|-unboost|p2a: Noivern|spa|2
|faint|p1a: Whimsicott
|move|p2a: Noivern|Heat Wave|p1: Whimsicott|[notarget]
|-fail|p2a: Noivern
|
|upkeep
|
|t:|1743786665
|switch|p1a: Comfey|Comfey, F, shiny|100/100
|turn|6
|
|t:|1743786672
|switch|p2a: Corviknight|Corviknight, F|100/100
|move|p1a: Comfey|Calm Mind|p1a: Comfey
|-boost|p1a: Comfey|spa|1
|-boost|p1a: Comfey|spd|1
|
|upkeep
|turn|7
|
|t:|1743786681
|move|p1a: Comfey|Leech Seed|p2a: Corviknight
|-start|p2a: Corviknight|move: Leech Seed
|move|p2a: Corviknight|Defog|p1a: Comfey
|-unboost|p1a: Comfey|evasion|1
|-sideend|p1: keepmomo|Reflect
|-sideend|p1: keepmomo|move: Light Screen
|
|-damage|p2a: Corviknight|88/100|[from] Leech Seed|[of] p1a: Comfey
|upkeep
|turn|8
|
|t:|1743786692
|move|p1a: Comfey|Calm Mind|p1a: Comfey
|-boost|p1a: Comfey|spa|1
|-boost|p1a: Comfey|spd|1
|move|p2a: Corviknight|Brave Bird|p1a: Comfey
|-damage|p1a: Comfey|53/100
|-damage|p2a: Corviknight|75/100|[from] Recoil
|
|-heal|p2a: Corviknight|81/100|[from] item: Leftovers
|-damage|p2a: Corviknight|69/100|[from] Leech Seed|[of] p1a: Comfey
|-heal|p1a: Comfey|68/100|[silent]
|upkeep
|turn|9
|
|t:|1743786698
|move|p1a: Comfey|Calm Mind|p1a: Comfey
|-boost|p1a: Comfey|spa|1
|-boost|p1a: Comfey|spd|1
|move|p2a: Corviknight|Brave Bird|p1a: Comfey
|-damage|p1a: Comfey|25/100
|-damage|p2a: Corviknight|57/100|[from] Recoil
|
|-heal|p2a: Corviknight|63/100|[from] item: Leftovers
|-damage|p2a: Corviknight|51/100|[from] Leech Seed|[of] p1a: Comfey
|-heal|p1a: Comfey|40/100|[silent]
|upkeep
|turn|10
|
|t:|1743786706
|-terastallize|p1a: Comfey|Fairy
|move|p1a: Comfey|Draining Kiss|p2a: Corviknight
|-resisted|p2a: Corviknight
|-damage|p2a: Corviknight|10/100
|-heal|p1a: Comfey|79/100|[from] drain|[of] p2a: Corviknight
|move|p2a: Corviknight|Brave Bird|p1a: Comfey
|-damage|p1a: Comfey|36/100
|-damage|p2a: Corviknight|0 fnt|[from] Recoil
|faint|p2a: Corviknight
|
|upkeep
|
|t:|1743786725
|switch|p2a: Crawdaunt|Crawdaunt, F|100/100
|turn|11
|
|t:|1743786728
|move|p1a: Comfey|Draining Kiss|p2a: Crawdaunt
|-supereffective|p2a: Crawdaunt
|-damage|p2a: Crawdaunt|0 fnt
|-heal|p1a: Comfey|100/100|[from] drain|[of] p2a: Crawdaunt
|faint|p2a: Crawdaunt
|
|upkeep
|
|t:|1743786737
|switch|p2a: Chandelure|Chandelure, M|100/100
|turn|12
|
|t:|1743786744
|-terastallize|p2a: Chandelure|Ghost
|move|p1a: Comfey|Draining Kiss|p2a: Chandelure
|-damage|p2a: Chandelure|0 fnt
|faint|p2a: Chandelure
|
|upkeep
|-message|blazingshadow46 forfeited.
|
|win|keepmomo
|raw|keepmomo's rating: 1141 &rarr; <strong>1165</strong><br />(+24 for winning)
|raw|blazingshadow46's rating: 1128 &rarr; <strong>1104</strong><br />(-24 for losing)
|l|☆blazingshadow46
|player|p2|
|l|☆keepmomo
|player|p1|
