|j|☆oz water
|j|☆Guillemiya07
|t:|1743874353
|gametype|singles
|player|p1|oz water|grimsley|1140
|player|p2|Guillemiya07|hilda|1093
|teamsize|p1|6
|teamsize|p2|6
|gen|9
|tier|[Gen 9] OU
|rated|
|rule|HP Percentage Mod: HP is shown in percentages
|rule|Endless Battle Clause: Forcing endless battles is banned
|rule|Species Clause: Limit one of each Pokémon
|rule|OHKO Clause: OHKO moves are banned
|rule|Evasion Items Clause: Evasion items are banned
|rule|Evasion Moves Clause: Evasion moves are banned
|rule|Sleep Moves Clause: Sleep-inducing moves are banned
|clearpoke
|poke|p1|Samurott-Hisui, F|
|poke|p1|Moltres-Galar|
|poke|p1|Iron Valiant|
|poke|p1|Iron Moth|
|poke|p1|Dragonite, F|
|poke|p1|Kingambit, F|
|poke|p2|Delphox, M|
|poke|p2|Malamar, M|
|poke|p2|Zapdos|
|poke|p2|Virizion|
|poke|p2|Donphan, M|
|poke|p2|Staraptor, M|
|teampreview
|inactive|Battle timer is ON: inactive players will automatically lose when time's up. (requested by oz water)
|
|t:|1743874374
|start
|switch|p1a: Fish Filet|Samurott-Hisui, F|100/100
|switch|p2a: Virizion|Virizion|100/100
|turn|1
|
|t:|1743874386
|move|p2a: Virizion|Swords Dance|p2a: Virizion
|-boost|p2a: Virizion|atk|2
|move|p1a: Fish Filet|Ceaseless Edge|p2a: Virizion|[miss]
|-miss|p1a: Fish Filet|p2a: Virizion
|
|upkeep
|turn|2
|
|t:|1743874400
|move|p2a: Virizion|Leaf Blade|p1a: Fish Filet
|-supereffective|p1a: Fish Filet
|-enditem|p1a: Fish Filet|Focus Sash
|-damage|p1a: Fish Filet|1/100
|move|p1a: Fish Filet|Ceaseless Edge|p2a: Virizion
|-resisted|p2a: Virizion
|-damage|p2a: Virizion|68/100
|-ability|p2a: Virizion|Justified|boost
|-boost|p2a: Virizion|atk|1
|-sidestart|p2: Guillemiya07|Spikes
|
|upkeep
|turn|3
|
|t:|1743874412
|move|p1a: Fish Filet|Sucker Punch|p2a: Virizion
|-resisted|p2a: Virizion
|-damage|p2a: Virizion|44/100
|-ability|p2a: Virizion|Justified|boost
|-boost|p2a: Virizion|atk|1
|move|p2a: Virizion|Leaf Blade|p1a: Fish Filet
|-supereffective|p1a: Fish Filet
|-damage|p1a: Fish Filet|0 fnt
|faint|p1a: Fish Filet
|
|upkeep
|
|t:|1743874417
|switch|p1a: Solar Panel|Iron Moth|100/100
|-enditem|p1a: Solar Panel|Booster Energy
|-activate|p1a: Solar Panel|ability: Quark Drive|[fromitem]
|-start|p1a: Solar Panel|quarkdrivespe
|turn|4
|
|t:|1743874438
|switch|p2a: Staraptor|Staraptor, M|100/100
|move|p1a: Solar Panel|Fiery Dance|p2a: Staraptor
|-damage|p2a: Staraptor|34/100
|-boost|p1a: Solar Panel|spa|1
|
|upkeep
|turn|5
|
|t:|1743874452
|move|p1a: Solar Panel|Fiery Dance|p2a: Staraptor
|-damage|p2a: Staraptor|0 fnt
|-boost|p1a: Solar Panel|spa|1
|faint|p2a: Staraptor
|
|upkeep
|
|t:|1743874458
|switch|p2a: Delphox|Delphox, M|100/100
|turn|6
|
|t:|1743874468
|move|p1a: Solar Panel|Sludge Wave|p2a: Delphox
|-damage|p2a: Delphox|0 fnt
|faint|p2a: Delphox
|
|upkeep
|-message|Guillemiya07 forfeited.
|
|win|oz water
|raw|oz water's rating: 1140 &rarr; <strong>1162</strong><br />(+22 for winning)
|raw|Guillemiya07's rating: 1093 &rarr; <strong>1072</strong><br />(-21 for losing)
|l|☆Guillemiya07
|player|p2|
|l|☆oz water
|player|p1|
