|j|☆Inthefun08
|j|☆Lebello
|inactive|Battle timer is ON: inactive players will automatically lose when time's up.
|t:|1743870271
|gametype|singles
|player|p1|Inthefun08|101|
|player|p2|Lebello|2|
|teamsize|p1|4
|teamsize|p2|4
|gen|9
|tier|[Gen 9] OU
|rated|Tournament battle
|rule|HP Percentage Mod: HP is shown in percentages
|rule|Endless Battle Clause: Forcing endless battles is banned
|rule|Species Clause: Limit one of each Pokémon
|rule|OHKO Clause: OHKO moves are banned
|rule|Evasion Items Clause: Evasion items are banned
|rule|Evasion Moves Clause: Evasion moves are banned
|rule|Sleep Moves Clause: Sleep-inducing moves are banned
|clearpoke
|poke|p1|Bellsprout, F|
|poke|p1|Naclstack, F|
|poke|p1|Weavile, F|
|poke|p1|Mareanie, F|
|poke|p2|Zoroark-Hisui, F|
|poke|p2|Tinkatink, F|
|poke|p2|Wingull, F|
|poke|p2|Persian, F|
|teampreview
|j|*Lady Monita ❄
|
|t:|1743870284
|start
|switch|p1a: Bellsprout|Bellsprout, F|100/100
|switch|p2a: Tinkatink|Tinkatink, F|100/100
|-ability|p2a: Tinkatink|Mold Breaker
|turn|1
|c|☆Lebello|glhf
|
|t:|1743870289
|move|p1a: Bellsprout|Sunny Day|p1a: Bellsprout
|-weather|SunnyDay
|move|p2a: Tinkatink|Thunder Wave|p1a: Bellsprout
|-status|p1a: Bellsprout|par
|
|-weather|SunnyDay|[upkeep]
|upkeep
|turn|2
|c|☆Inthefun08|You too
|
|t:|1743870297
|move|p1a: Bellsprout|Weather Ball|p2a: Tinkatink
|-supereffective|p2a: Tinkatink
|-damage|p2a: Tinkatink|10/100
|move|p2a: Tinkatink|Stealth Rock|p1a: Bellsprout
|-sidestart|p1: Inthefun08|move: Stealth Rock
|
|-weather|SunnyDay|[upkeep]
|upkeep
|turn|3
|
|t:|1743870312
|move|p1a: Bellsprout|Weather Ball|p2a: Tinkatink
|-supereffective|p2a: Tinkatink
|-damage|p2a: Tinkatink|0 fnt
|faint|p2a: Tinkatink
|
|-weather|SunnyDay|[upkeep]
|upkeep
|
|t:|1743870316
|switch|p2a: Wingull|Wingull, F|100/100
|turn|4
|
|t:|1743870322
|move|p2a: Wingull|Hurricane|p1a: Bellsprout|[miss]
|-miss|p2a: Wingull|p1a: Bellsprout
|cant|p1a: Bellsprout|par
|
|-weather|SunnyDay|[upkeep]
|upkeep
|turn|5
|
|t:|1743870325
|move|p2a: Wingull|Hurricane|p1a: Bellsprout|[miss]
|-miss|p2a: Wingull|p1a: Bellsprout
|move|p1a: Bellsprout|Solar Beam||[still]
|-prepare|p1a: Bellsprout|Solar Beam
|-anim|p1a: Bellsprout|Solar Beam|p2a: Wingull
|-damage|p2a: Wingull|0 fnt
|faint|p2a: Wingull
|
|-weather|none
|upkeep
|
|t:|1743870331
|switch|p2a: Persian|Persian, F|100/100
|turn|6
|
|t:|1743870337
|move|p2a: Persian|Flamethrower|p1a: Bellsprout
|-supereffective|p1a: Bellsprout
|-damage|p1a: Bellsprout|0 fnt
|faint|p1a: Bellsprout
|
|upkeep
|
|t:|1743870344
|switch|p1a: Naclstack|Naclstack, F|100/100
|-damage|p1a: Naclstack|88/100|[from] Stealth Rock
|turn|7
|
|t:|1743870350
|-terastallize|p2a: Persian|Fire
|move|p2a: Persian|Flamethrower|p1a: Naclstack
|-resisted|p1a: Naclstack
|-damage|p1a: Naclstack|52/100
|move|p1a: Naclstack|Salt Cure|p2a: Persian
|-supereffective|p2a: Persian
|-damage|p2a: Persian|60/100
|-start|p2a: Persian|Salt Cure
|replace|p2a: Zoroark|Zoroark-Hisui, F
|-end|p2a: Zoroark|Illusion
|
|-damage|p2a: Zoroark|48/100|[from] Salt Cure
|upkeep
|turn|8
|
|t:|1743870356
|switch|p2a: Persian|Persian, F|100/100
|move|p1a: Naclstack|Recover|p1a: Naclstack
|-heal|p1a: Naclstack|100/100
|
|upkeep
|turn|9
|
|t:|1743870360
|move|p2a: Persian|Fake Out|p1a: Naclstack
|-resisted|p1a: Naclstack
|-damage|p1a: Naclstack|94/100
|-damage|p2a: Persian|91/100|[from] item: Life Orb
|cant|p1a: Naclstack|flinch
|
|upkeep
|turn|10
|
|t:|1743870363
|move|p2a: Persian|Trailblaze|p1a: Naclstack
|-supereffective|p1a: Naclstack
|-damage|p1a: Naclstack|68/100
|-boost|p2a: Persian|spe|1
|-damage|p2a: Persian|81/100|[from] item: Life Orb
|move|p1a: Naclstack|Salt Cure|p2a: Persian
|-damage|p2a: Persian|64/100
|-start|p2a: Persian|Salt Cure
|
|-damage|p2a: Persian|51/100|[from] Salt Cure
|upkeep
|turn|11
|
|t:|1743870377
|move|p2a: Persian|Trailblaze|p1a: Naclstack
|-supereffective|p1a: Naclstack
|-damage|p1a: Naclstack|47/100
|-boost|p2a: Persian|spe|1
|-damage|p2a: Persian|41/100|[from] item: Life Orb
|move|p1a: Naclstack|Stealth Rock|p2a: Persian
|-sidestart|p2: Lebello|move: Stealth Rock
|
|-damage|p2a: Persian|29/100|[from] Salt Cure
|upkeep
|turn|12
|
|t:|1743870384
|move|p2a: Persian|Aerial Ace|p1a: Naclstack
|-resisted|p1a: Naclstack
|-damage|p1a: Naclstack|40/100
|-damage|p2a: Persian|19/100|[from] item: Life Orb
|move|p1a: Naclstack|Recover|p1a: Naclstack
|-heal|p1a: Naclstack|90/100
|
|-damage|p2a: Persian|7/100|[from] Salt Cure
|upkeep
|turn|13
|c|☆Lebello|uhhh gg
|
|t:|1743870396
|move|p1a: Naclstack|Protect|p1a: Naclstack
|-singleturn|p1a: Naclstack|Protect
|move|p2a: Persian|Trailblaze|p1a: Naclstack
|-activate|p1a: Naclstack|move: Protect
|
|-damage|p2a: Persian|0 fnt|[from] Salt Cure
|faint|p2a: Persian
|upkeep
|
|t:|1743870398
|switch|p2a: Zoroark|Zoroark-Hisui, F, tera:Fire|48/100
|-damage|p2a: Zoroark|23/100|[from] Stealth Rock
|turn|14
|
|t:|1743870401
|move|p2a: Zoroark|Hyper Voice|p1a: Naclstack
|-resisted|p1a: Naclstack
|-damage|p1a: Naclstack|59/100
|move|p1a: Naclstack|Salt Cure|p2a: Zoroark
|-supereffective|p2a: Zoroark
|-damage|p2a: Zoroark|0 fnt
|faint|p2a: Zoroark
|
|win|Inthefun08
|n|☆Inthefun08|inthefun08
|n|☆Lebello|lebello
|n|*Lady Monita ❄|ladymonita
|l|*Lady Monita ❄
|j| Xx_Wizard_xX
|l|☆Inthefun08
|player|p1|
|l|☆Lebello
|player|p2|
|l| Xx_Wizard_xX
|j|☆Inthefun08
|player|p1|Inthefun08|101|
