|j|☆yylz
|j|☆SlurredMo
|t:|1743783502
|gametype|singles
|player|p1|yylz|dawn|1227
|player|p2|SlurredMo|psychic|1246
|teamsize|p1|6
|teamsize|p2|6
|gen|9
|tier|[Gen 9] OU
|rated|
|rule|HP Percentage Mod: HP is shown in percentages
|rule|Endless Battle Clause: Forcing endless battles is banned
|rule|Species Clause: Limit one of each Pokémon
|rule|OHKO Clause: OHKO moves are banned
|rule|Evasion Items Clause: Evasion items are banned
|rule|Evasion Moves Clause: Evasion moves are banned
|rule|Sleep Moves Clause: Sleep-inducing moves are banned
|clearpoke
|poke|p1|Pelipper, M|
|poke|p1|Barraskewda, F|
|poke|p1|Zapdos|
|poke|p1|Corviknight, F|
|poke|p1|Clodsire, F|
|poke|p1|Incineroar, F|
|poke|p2|Slowking-Galar, F|
|poke|p2|Alomomola, M|
|poke|p2|Florges, F|
|poke|p2|Kyurem|
|poke|p2|Heatran, F|
|poke|p2|Cryogonal|
|teampreview
|inactive|Battle timer is ON: inactive players will automatically lose when time's up. (requested by yylz)
|
|t:|1743783518
|start
|switch|p1a: Zapdos|Zapdos, shiny|100/100
|switch|p2a: Slowking|Slowking-Galar, F|100/100
|turn|1
|
|t:|1743783524
|move|p1a: Zapdos|Volt Switch|p2a: Slowking
|-damage|p2a: Slowking|81/100
|
|t:|1743783530
|switch|p1a: Clodsire|Clodsire, F|100/100|[from] Volt Switch
|-prepare|p2a: Slowking|Chilly Reception|[premajor]
|move|p2a: Slowking|Chilly Reception|p2a: Slowking
|-weather|Snowscape
|
|t:|1743783555
|switch|p2a: Cryogonal|Cryogonal|100/100|[from] Chilly Reception
|
|-weather|Snowscape|[upkeep]
|upkeep
|turn|2
|
|t:|1743783567
|switch|p2a: Slowking|Slowking-Galar, F|100/100
|switch|p1a: Pelipper|Pelipper, M|100/100
|-weather|RainDance|[from] ability: Drizzle|[of] p1a: Pelipper
|
|-weather|RainDance|[upkeep]
|upkeep
|turn|3
|
|t:|1743783577
|switch|p1a: Clodsire|Clodsire, F|100/100
|-prepare|p2a: Slowking|Chilly Reception|[premajor]
|move|p2a: Slowking|Chilly Reception|p2a: Slowking
|-weather|Snowscape
|
|t:|1743783582
|switch|p2a: Kyurem|Kyurem|100/100|[from] Chilly Reception
|-ability|p2a: Kyurem|Pressure
|
|-weather|Snowscape|[upkeep]
|upkeep
|turn|4
|
|t:|1743783610
|move|p2a: Kyurem|Freeze-Dry|p1a: Clodsire
|-supereffective|p1a: Clodsire
|-damage|p1a: Clodsire|63/100
|move|p1a: Clodsire|Toxic|p2a: Kyurem
|-status|p2a: Kyurem|tox
|
|-weather|Snowscape|[upkeep]
|-heal|p1a: Clodsire|69/100|[from] item: Leftovers
|-damage|p2a: Kyurem|94/100 tox|[from] psn
|upkeep
|turn|5
|
|t:|1743783620
|move|p2a: Kyurem|Freeze-Dry|p1a: Clodsire
|-supereffective|p1a: Clodsire
|-damage|p1a: Clodsire|26/100
|move|p1a: Clodsire|Recover|p1a: Clodsire
|-heal|p1a: Clodsire|76/100
|
|-weather|Snowscape|[upkeep]
|-heal|p1a: Clodsire|82/100|[from] item: Leftovers
|-damage|p2a: Kyurem|82/100 tox|[from] psn
|upkeep
|turn|6
|
|t:|1743783628
|move|p2a: Kyurem|Blizzard|p1a: Clodsire
|-supereffective|p1a: Clodsire
|-damage|p1a: Clodsire|19/100
|move|p1a: Clodsire|Recover|p1a: Clodsire
|-heal|p1a: Clodsire|69/100
|
|-weather|Snowscape|[upkeep]
|-heal|p1a: Clodsire|75/100|[from] item: Leftovers
|-damage|p2a: Kyurem|64/100 tox|[from] psn
|upkeep
|turn|7
|
|t:|1743783638
|switch|p2a: Slowking|Slowking-Galar, F|100/100
|move|p1a: Clodsire|Recover|p1a: Clodsire
|-heal|p1a: Clodsire|100/100
|
|-weather|none
|upkeep
|turn|8
|
|t:|1743783644
|move|p1a: Clodsire|Earthquake|p2a: Slowking
|-supereffective|p2a: Slowking
|-damage|p2a: Slowking|40/100
|move|p2a: Slowking|Future Sight|p1a: Clodsire
|-start|p2a: Slowking|move: Future Sight
|
|upkeep
|turn|9
|
|t:|1743783657
|switch|p1a: Incineroar|Incineroar, F, shiny|100/100
|-ability|p1a: Incineroar|Intimidate|boost
|-unboost|p2a: Slowking|atk|1
|-terastallize|p2a: Slowking|Water
|-prepare|p2a: Slowking|Chilly Reception|[premajor]
|move|p2a: Slowking|Chilly Reception|p2a: Slowking
|-weather|Snowscape
|
|t:|1743783674
|switch|p2a: Florges|Florges, F|100/100|[from] Chilly Reception
|
|-weather|Snowscape|[upkeep]
|upkeep
|turn|10
|inactive|SlurredMo has 120 seconds left.
|
|t:|1743783698
|switch|p2a: Heatran|Heatran, F|100/100
|move|p1a: Incineroar|Knock Off|p2a: Heatran
|-damage|p2a: Heatran|68/100
|-enditem|p2a: Heatran|Leftovers|[from] move: Knock Off|[of] p1a: Incineroar
|
|-weather|Snowscape|[upkeep]
|-end|p1a: Incineroar|move: Future Sight
|-immune|p1a: Incineroar
|upkeep
|turn|11
|inactive|SlurredMo has 120 seconds left.
|
|t:|1743783709
|move|p2a: Heatran|Magma Storm|p1a: Incineroar|[miss]
|-miss|p2a: Heatran|p1a: Incineroar
|move|p1a: Incineroar|Drain Punch|p2a: Heatran
|-supereffective|p2a: Heatran
|-damage|p2a: Heatran|33/100
|
|-weather|Snowscape|[upkeep]
|upkeep
|turn|12
|-message|SlurredMo forfeited.
|
|win|yylz
|raw|yylz's rating: 1227 &rarr; <strong>1253</strong><br />(+26 for winning)
|raw|SlurredMo's rating: 1246 &rarr; <strong>1220</strong><br />(-26 for losing)
|l|☆SlurredMo
|player|p2|
|l|☆yylz
|player|p1|
