|j|☆jgtyfkyk
|j|☆Ciuffooo
|t:|1743861576
|gametype|singles
|player|p1|jgtyfkyk|101|1097
|player|p2|Ciuffooo|101|1162
|teamsize|p1|6
|teamsize|p2|6
|gen|9
|tier|[Gen 9] OU
|rated|
|rule|HP Percentage Mod: HP is shown in percentages
|rule|Endless Battle Clause: Forcing endless battles is banned
|rule|Species Clause: Limit one of each Pokémon
|rule|OHKO Clause: OHKO moves are banned
|rule|Evasion Items Clause: Evasion items are banned
|rule|Evasion Moves Clause: Evasion moves are banned
|rule|Sleep Moves Clause: Sleep-inducing moves are banned
|clearpoke
|poke|p1|Breloom, F|
|poke|p1|Delphox, M|
|poke|p1|Tentacruel, M|
|poke|p1|Registeel|
|poke|p1|Sylveon, F|
|poke|p1|Conkeldurr, M|
|poke|p2|Lucario, F|
|poke|p2|Gholdengo|
|poke|p2|Great Tusk|
|poke|p2|Slowking-Galar, F|
|poke|p2|Corviknight, M|
|poke|p2|Alomomola, M|
|teampreview
|inactive|Battle timer is ON: inactive players will automatically lose when time's up. (requested by Ciuffooo)
|
|t:|1743861612
|start
|switch|p1a: Conkeldurr|Conkeldurr, M|100/100
|switch|p2a: Great Tusk|Great Tusk|100/100
|turn|1
|
|t:|1743861624
|-end|p2a: Great Tusk|Protosynthesis|[silent]
|switch|p2a: Corviknight|Corviknight, M|100/100
|move|p1a: Conkeldurr|Drain Punch|p2a: Corviknight
|-damage|p2a: Corviknight|70/100
|-damage|p1a: Conkeldurr|84/100|[from] item: Rocky Helmet|[of] p2a: Corviknight
|
|upkeep
|turn|2
|
|t:|1743861629
|move|p2a: Corviknight|U-turn|p1a: Conkeldurr
|-resisted|p1a: Conkeldurr
|-damage|p1a: Conkeldurr|79/100
|
|t:|1743861633
|switch|p2a: Gholdengo|Gholdengo|100/100|[from] U-turn
|move|p1a: Conkeldurr|Knock Off|p2a: Gholdengo
|-supereffective|p2a: Gholdengo
|-damage|p2a: Gholdengo|26/100
|-enditem|p2a: Gholdengo|Choice Scarf|[from] move: Knock Off|[of] p1a: Conkeldurr
|
|upkeep
|turn|3
|
|t:|1743861640
|switch|p2a: Corviknight|Corviknight, M|70/100
|move|p1a: Conkeldurr|Knock Off|p2a: Corviknight
|-damage|p2a: Corviknight|48/100
|-damage|p1a: Conkeldurr|63/100|[from] item: Rocky Helmet|[of] p2a: Corviknight
|-enditem|p2a: Corviknight|Rocky Helmet|[from] move: Knock Off|[of] p1a: Conkeldurr
|
|upkeep
|turn|4
|
|t:|1743861644
|move|p2a: Corviknight|Roost|p2a: Corviknight
|-heal|p2a: Corviknight|98/100
|-singleturn|p2a: Corviknight|move: Roost
|move|p1a: Conkeldurr|Drain Punch|p2a: Corviknight
|-supereffective|p2a: Corviknight
|-damage|p2a: Corviknight|34/100
|-heal|p1a: Conkeldurr|99/100|[from] drain|[of] p2a: Corviknight
|
|upkeep
|turn|5
|
|t:|1743861653
|move|p2a: Corviknight|Roost|p2a: Corviknight
|-heal|p2a: Corviknight|84/100
|-singleturn|p2a: Corviknight|move: Roost
|move|p1a: Conkeldurr|Knock Off|p2a: Corviknight
|-damage|p2a: Corviknight|70/100
|
|upkeep
|turn|6
|
|t:|1743861657
|switch|p2a: Gholdengo|Gholdengo|26/100
|move|p1a: Conkeldurr|Drain Punch|p2a: Gholdengo
|-immune|p2a: Gholdengo
|
|upkeep
|turn|7
|
|t:|1743861660
|move|p2a: Gholdengo|Psyshock|p1a: Conkeldurr
|-supereffective|p1a: Conkeldurr
|-damage|p1a: Conkeldurr|56/100
|move|p1a: Conkeldurr|Knock Off|p2a: Gholdengo
|-supereffective|p2a: Gholdengo
|-crit|p2a: Gholdengo
|-damage|p2a: Gholdengo|0 fnt
|faint|p2a: Gholdengo
|
|upkeep
|
|t:|1743861664
|switch|p2a: Slowking|Slowking-Galar, F|100/100
|turn|8
|
|t:|1743861667
|move|p1a: Conkeldurr|Knock Off|p2a: Slowking
|-supereffective|p2a: Slowking
|-damage|p2a: Slowking|21/100
|-enditem|p2a: Slowking|Assault Vest|[from] move: Knock Off|[of] p1a: Conkeldurr
|move|p2a: Slowking|Psyshock|p1a: Conkeldurr
|-supereffective|p1a: Conkeldurr
|-damage|p1a: Conkeldurr|0 fnt
|faint|p1a: Conkeldurr
|
|upkeep
|
|t:|1743861680
|switch|p1a: Breloom|Breloom, F|100/100
|turn|9
|
|t:|1743861685
|move|p1a: Breloom|Bulldoze|p2a: Slowking
|-supereffective|p2a: Slowking
|-damage|p2a: Slowking|0 fnt
|faint|p2a: Slowking
|
|upkeep
|
|t:|1743861692
|switch|p2a: Alomomola|Alomomola, M|100/100
|turn|10
|
|t:|1743861695
|move|p1a: Breloom|Bullet Seed|p2a: Alomomola
|-supereffective|p2a: Alomomola
|-damage|p2a: Alomomola|78/100
|-supereffective|p2a: Alomomola
|-damage|p2a: Alomomola|55/100
|-hitcount|p2a: Alomomola|2
|move|p2a: Alomomola|Scald|p1a: Breloom
|-resisted|p1a: Breloom
|-damage|p1a: Breloom|91/100
|
|-heal|p1a: Breloom|97/100|[from] item: Leftovers
|upkeep
|turn|11
|
|t:|1743861701
|move|p2a: Alomomola|Protect|p2a: Alomomola
|-singleturn|p2a: Alomomola|Protect
|move|p1a: Breloom|Leech Seed|p2a: Alomomola
|-activate|p2a: Alomomola|move: Protect
|
|-heal|p1a: Breloom|100/100|[from] item: Leftovers
|upkeep
|turn|12
|
|t:|1743861705
|switch|p2a: Corviknight|Corviknight, M|70/100
|move|p1a: Breloom|Bullet Seed|p2a: Corviknight
|-resisted|p2a: Corviknight
|-crit|p2a: Corviknight
|-damage|p2a: Corviknight|65/100
|-resisted|p2a: Corviknight
|-damage|p2a: Corviknight|62/100
|-resisted|p2a: Corviknight
|-damage|p2a: Corviknight|59/100
|-hitcount|p2a: Corviknight|3
|
|upkeep
|turn|13
|
|t:|1743861710
|move|p1a: Breloom|Leech Seed|p2a: Corviknight
|-start|p2a: Corviknight|move: Leech Seed
|move|p2a: Corviknight|Brave Bird|p1a: Breloom
|-supereffective|p1a: Breloom
|-damage|p1a: Breloom|0 fnt
|faint|p1a: Breloom
|-damage|p2a: Corviknight|32/100|[from] Recoil
|
|upkeep
|
|t:|1743861715
|switch|p1a: Delphox|Delphox, M|100/100
|turn|14
|
|t:|1743861718
|switch|p2a: Alomomola|Alomomola, M|88/100
|move|p1a: Delphox|Grass Knot|p2a: Alomomola
|-supereffective|p2a: Alomomola
|-damage|p2a: Alomomola|42/100
|-damage|p1a: Delphox|84/100|[from] item: Rocky Helmet|[of] p2a: Alomomola
|
|upkeep
|turn|15
|
|t:|1743861724
|move|p2a: Alomomola|Protect|p2a: Alomomola
|-singleturn|p2a: Alomomola|Protect
|move|p1a: Delphox|Psychic Noise|p2a: Alomomola
|-activate|p2a: Alomomola|move: Protect
|
|upkeep
|turn|16
|
|t:|1743861728
|move|p1a: Delphox|Grass Knot|p2a: Alomomola
|-supereffective|p2a: Alomomola
|-damage|p2a: Alomomola|0 fnt
|-damage|p1a: Delphox|68/100|[from] item: Rocky Helmet|[of] p2a: Alomomola
|faint|p2a: Alomomola
|
|upkeep
|
|t:|1743861731
|switch|p2a: Great Tusk|Great Tusk|100/100
|turn|17
|
|t:|1743861737
|move|p1a: Delphox|Psychic Noise|p2a: Great Tusk
|-supereffective|p2a: Great Tusk
|-damage|p2a: Great Tusk|0 fnt
|faint|p2a: Great Tusk
|-end|p2a: Great Tusk|Protosynthesis|[silent]
|
|upkeep
|
|t:|1743861740
|switch|p2a: Lucario|Lucario, F|100/100
|turn|18
|
|t:|1743861743
|-terastallize|p2a: Lucario|Fighting
|move|p1a: Delphox|Overheat|p2a: Lucario
|-damage|p2a: Lucario|3/100
|-unboost|p1a: Delphox|spa|2
|-enditem|p1a: Delphox|Eject Pack
|
|t:|1743861748
|switch|p1a: Registeel|Registeel|100/100
|move|p2a: Lucario|Work Up|p2a: Lucario
|-boost|p2a: Lucario|atk|1
|-boost|p2a: Lucario|spa|1
|
|upkeep
|turn|19
|
|t:|1743861753
|move|p2a: Lucario|Vacuum Wave|p1a: Registeel
|-supereffective|p1a: Registeel
|-damage|p1a: Registeel|40/100
|-damage|p2a: Lucario|0 fnt|[from] item: Life Orb
|faint|p2a: Lucario
|move|p1a: Registeel|Stealth Rock|p2: Lucario
|-sidestart|p2: Ciuffooo|move: Stealth Rock
|
|upkeep
|-message|Ciuffooo forfeited.
|
|win|jgtyfkyk
|raw|jgtyfkyk's rating: 1097 &rarr; <strong>1127</strong><br />(+30 for winning)
|raw|Ciuffooo's rating: 1162 &rarr; <strong>1132</strong><br />(-30 for losing)
|l|☆Ciuffooo
|player|p2|
|l|☆jgtyfkyk
|player|p1|
