|j|☆nautillect
|j|☆Coldwiii
|t:|1743836967
|gametype|singles
|player|p1|nautillect|clair|
|player|p2|Coldwiii|wattson|
|teamsize|p1|6
|teamsize|p2|6
|gen|9
|tier|[Gen 9] OU
|rule|HP Percentage Mod: HP is shown in percentages
|rule|Endless Battle Clause: Forcing endless battles is banned
|rule|Species Clause: Limit one of each Pokémon
|rule|OHKO Clause: OHKO moves are banned
|rule|Evasion Items Clause: Evasion items are banned
|rule|Evasion Moves Clause: Evasion moves are banned
|rule|Sleep Moves Clause: Sleep-inducing moves are banned
|clearpoke
|poke|p1|Samurott-Hisui, F|
|poke|p1|Gholdengo|
|poke|p1|Zamazenta-*|
|poke|p1|Dragapult, M|
|poke|p1|Ogerpon-Wellspring, F|
|poke|p1|Landorus-Therian, M|
|poke|p2|Tentacruel, F|
|poke|p2|Ting-Lu|
|poke|p2|Latios, M|
|poke|p2|Skeledirge, F|
|poke|p2|Corviknight, F|
|poke|p2|Scizor, F|
|teampreview
|c|☆Coldwiii|glhf
|c|☆Coldwiii|wait I dont like this mu
|c|☆Coldwiii|ghold lead
|c|☆Coldwiii|is annoying
|c|☆Coldwiii|I mean not lead
|
|t:|1743837009
|start
|switch|p1a: Samurott|Samurott-Hisui, F|100/100
|switch|p2a: Corviknight|Corviknight, F, shiny|100/100
|-ability|p2a: Corviknight|Pressure
|turn|1
|inactive|Battle timer is ON: inactive players will automatically lose when time's up. (requested by nautillect)
|
|t:|1743837025
|move|p1a: Samurott|Ceaseless Edge|p2a: Corviknight
|-damage|p2a: Corviknight|69/100
|-damage|p1a: Samurott|84/100|[from] item: Rocky Helmet|[of] p2a: Corviknight
|-sidestart|p2: Coldwiii|Spikes
|move|p2a: Corviknight|Defog|p1a: Samurott
|-unboost|p1a: Samurott|evasion|1
|-sideend|p2: Coldwiii|Spikes|[from] move: Defog|[of] p2a: Corviknight
|
|upkeep
|turn|2
|
|t:|1743837042
|move|p1a: Samurott|Knock Off|p2a: Corviknight
|-damage|p2a: Corviknight|38/100
|-damage|p1a: Samurott|67/100|[from] item: Rocky Helmet|[of] p2a: Corviknight
|-enditem|p2a: Corviknight|Rocky Helmet|[from] move: Knock Off|[of] p1a: Samurott
|move|p2a: Corviknight|Roost|p2a: Corviknight
|-heal|p2a: Corviknight|88/100
|-singleturn|p2a: Corviknight|move: Roost
|
|upkeep
|turn|3
|
|t:|1743837054
|switch|p1a: Dragapult|Dragapult, M|100/100
|move|p2a: Corviknight|Body Press|p1a: Dragapult
|-immune|p1a: Dragapult
|
|upkeep
|turn|4
|
|t:|1743837072
|switch|p2a: Ting-Lu|Ting-Lu|100/100
|-ability|p2a: Ting-Lu|Vessel of Ruin
|move|p1a: Dragapult|U-turn|p2a: Ting-Lu
|-supereffective|p2a: Ting-Lu
|-damage|p2a: Ting-Lu|82/100
|
|t:|1743837079
|switch|p1a: Samurott|Samurott-Hisui, F|67/100|[from] U-turn
|
|-heal|p2a: Ting-Lu|88/100|[from] item: Leftovers
|upkeep
|turn|5
|
|t:|1743837104
|switch|p2a: Corviknight|Corviknight, F, shiny|88/100
|-ability|p2a: Corviknight|Pressure
|move|p1a: Samurott|Ceaseless Edge|p2a: Corviknight
|-damage|p2a: Corviknight|60/100
|-sidestart|p2: Coldwiii|Spikes
|
|upkeep
|turn|6
|
|t:|1743837113
|move|p1a: Samurott|Flip Turn|p2a: Corviknight
|-damage|p2a: Corviknight|41/100
|
|t:|1743837115
|switch|p1a: Landorus|Landorus-Therian, M|100/100|[from] Flip Turn
|-ability|p1a: Landorus|Intimidate|boost
|-unboost|p2a: Corviknight|atk|1
|move|p2a: Corviknight|Roost|p2a: Corviknight
|-heal|p2a: Corviknight|91/100
|-singleturn|p2a: Corviknight|move: Roost
|
|upkeep
|turn|7
|
|t:|1743837134
|move|p1a: Landorus|Taunt|p2a: Corviknight
|-start|p2a: Corviknight|move: Taunt
|cant|p2a: Corviknight|move: Taunt|Defog
|
|upkeep
|turn|8
|
|t:|1743837142
|move|p1a: Landorus|Stealth Rock|p2a: Corviknight
|-sidestart|p2: Coldwiii|move: Stealth Rock
|move|p2a: Corviknight|Body Press|p1a: Landorus
|-resisted|p1a: Landorus
|-damage|p1a: Landorus|88/100
|-damage|p2a: Corviknight|75/100|[from] item: Rocky Helmet|[of] p1a: Landorus
|
|upkeep
|turn|9
|inactive|Coldwiii has 270 seconds left.
|
|t:|1743837178
|switch|p2a: Ting-Lu|Ting-Lu|88/100
|-damage|p2a: Ting-Lu|76/100|[from] Spikes
|-damage|p2a: Ting-Lu|69/100|[from] Stealth Rock
|-ability|p2a: Ting-Lu|Vessel of Ruin
|move|p1a: Landorus|U-turn|p2a: Ting-Lu
|-supereffective|p2a: Ting-Lu
|-damage|p2a: Ting-Lu|48/100
|
|t:|1743837187
|switch|p1a: Samurott|Samurott-Hisui, F|67/100|[from] U-turn
|
|-heal|p2a: Ting-Lu|55/100|[from] item: Leftovers
|upkeep
|turn|10
|
|t:|1743837195
|move|p1a: Samurott|Flip Turn|p2a: Ting-Lu
|-supereffective|p2a: Ting-Lu
|-damage|p2a: Ting-Lu|22/100
|
|t:|1743837201
|switch|p1a: Zamazenta|Zamazenta|100/100|[from] Flip Turn
|-ability|p1a: Zamazenta|Dauntless Shield|boost
|-boost|p1a: Zamazenta|def|1
|move|p2a: Ting-Lu|Stealth Rock|p1a: Zamazenta
|-sidestart|p1: nautillect|move: Stealth Rock
|
|-heal|p2a: Ting-Lu|28/100|[from] item: Leftovers
|upkeep
|turn|11
|
|t:|1743837210
|move|p1a: Zamazenta|Crunch|p2a: Ting-Lu
|-resisted|p2a: Ting-Lu
|-damage|p2a: Ting-Lu|22/100
|move|p2a: Ting-Lu|Ruination|p1a: Zamazenta
|-damage|p1a: Zamazenta|51/100
|
|-heal|p2a: Ting-Lu|28/100|[from] item: Leftovers
|upkeep
|turn|12
|
|t:|1743837220
|move|p1a: Zamazenta|Close Combat|p2a: Ting-Lu
|-supereffective|p2a: Ting-Lu
|-damage|p2a: Ting-Lu|0 fnt
|-unboost|p1a: Zamazenta|def|1
|-unboost|p1a: Zamazenta|spd|1
|faint|p2a: Ting-Lu
|
|upkeep
|
|t:|1743837237
|switch|p2a: Skeledirge|Skeledirge, F|100/100
|turn|13
|
|t:|1743837250
|move|p1a: Zamazenta|Crunch|p2a: Skeledirge
|-supereffective|p2a: Skeledirge
|-crit|p2a: Skeledirge
|-damage|p2a: Skeledirge|42/100
|move|p2a: Skeledirge|Will-O-Wisp|p1a: Zamazenta
|-status|p1a: Zamazenta|brn
|
|-damage|p1a: Zamazenta|44/100 brn|[from] brn
|upkeep
|turn|14
|
|t:|1743837258
|switch|p1a: Samurott|Samurott-Hisui, F|67/100
|-damage|p1a: Samurott|55/100|[from] Stealth Rock
|move|p2a: Skeledirge|Slack Off|p2a: Skeledirge
|-heal|p2a: Skeledirge|92/100
|
|upkeep
|turn|15
|inactive|Coldwiii has 270 seconds left.
|
|t:|1743837287
|switch|p2a: Corviknight|Corviknight, F, shiny|75/100
|-damage|p2a: Corviknight|62/100|[from] Stealth Rock
|-ability|p2a: Corviknight|Pressure
|move|p1a: Samurott|Ceaseless Edge|p2a: Corviknight
|-damage|p2a: Corviknight|34/100
|-sidestart|p2: Coldwiii|Spikes
|
|upkeep
|turn|16
|inactive|Coldwiii has 270 seconds left.
|
|t:|1743837297
|move|p1a: Samurott|Ceaseless Edge|p2a: Corviknight|[miss]
|-miss|p1a: Samurott|p2a: Corviknight
|move|p2a: Corviknight|Body Press|p1a: Samurott
|-supereffective|p1a: Samurott
|-damage|p1a: Samurott|0 fnt
|faint|p1a: Samurott
|
|upkeep
|
|t:|1743837301
|switch|p1a: Landorus|Landorus-Therian, M|88/100
|-damage|p1a: Landorus|76/100|[from] Stealth Rock
|-ability|p1a: Landorus|Intimidate|boost
|-unboost|p2a: Corviknight|atk|1
|turn|17
|inactive|Coldwiii has 270 seconds left.
|
|t:|1743837318
|switch|p2a: Latios|Latios, M, shiny|100/100
|-damage|p2a: Latios|88/100|[from] Stealth Rock
|move|p1a: Landorus|Taunt|p2a: Latios
|-start|p2a: Latios|move: Taunt
|
|upkeep
|turn|18
|inactive|Coldwiii has 270 seconds left.
|
|t:|1743837330
|switch|p1a: Zamazenta|Zamazenta|44/100 brn
|-damage|p1a: Zamazenta|38/100 brn|[from] Stealth Rock
|-terastallize|p2a: Latios|Steel
|move|p2a: Latios|Psychic Noise|p1a: Zamazenta
|-supereffective|p1a: Zamazenta
|-damage|p1a: Zamazenta|0 fnt
|faint|p1a: Zamazenta
|
|upkeep
|
|t:|1743837358
|switch|p1a: Ogerpon|Ogerpon-Wellspring, F|100/100
|-damage|p1a: Ogerpon|88/100|[from] Stealth Rock
|turn|19
|
|t:|1743837364
|-terastallize|p1a: Ogerpon|Water
|detailschange|p1a: Ogerpon|Ogerpon-Wellspring-Tera, F, tera:Water
|-ability|p1a: Ogerpon|Embody Aspect (Wellspring)|boost
|-boost|p1a: Ogerpon|spd|1
|move|p2a: Latios|Draco Meteor|p1a: Ogerpon
|-damage|p1a: Ogerpon|27/100
|-unboost|p2a: Latios|spa|2
|move|p1a: Ogerpon|Ivy Cudgel|p2a: Latios|[anim] Ivy Cudgel Water
|-damage|p2a: Latios|0 fnt
|faint|p2a: Latios
|
|upkeep
|inactive|Coldwiii has 270 seconds left.
|
|t:|1743837386
|switch|p2a: Scizor|Scizor, F|100/100
|-damage|p2a: Scizor|84/100|[from] Spikes
|-damage|p2a: Scizor|72/100|[from] Stealth Rock
|turn|20
|
|t:|1743837392
|move|p2a: Scizor|Bullet Punch|p1a: Ogerpon
|-resisted|p1a: Ogerpon
|-damage|p1a: Ogerpon|0 fnt
|faint|p1a: Ogerpon
|
|upkeep
|
|t:|1743837397
|switch|p1a: Gholdengo|Gholdengo|100/100
|-damage|p1a: Gholdengo|94/100|[from] Stealth Rock
|turn|21
|
|t:|1743837412
|switch|p2a: Corviknight|Corviknight, F, shiny|34/100
|-damage|p2a: Corviknight|22/100|[from] Stealth Rock
|-ability|p2a: Corviknight|Pressure
|move|p1a: Gholdengo|Shadow Ball|p2a: Corviknight
|-damage|p2a: Corviknight|0 fnt
|faint|p2a: Corviknight
|
|upkeep
|inactive|Coldwiii has 270 seconds left.
|
|t:|1743837425
|switch|p2a: Skeledirge|Skeledirge, F|92/100
|turn|22
|
|t:|1743837432
|move|p1a: Gholdengo|Shadow Ball|p2a: Skeledirge
|-supereffective|p2a: Skeledirge
|-damage|p2a: Skeledirge|0 fnt
|faint|p2a: Skeledirge
|
|upkeep
|c|☆Coldwiii|dang
|c|☆nautillect|Ggs
|inactive|Coldwiii has 270 seconds left.
|c|☆Coldwiii|earlier crit cooked me
|
|t:|1743837446
|switch|p2a: Scizor|Scizor, F|72/100
|-damage|p2a: Scizor|55/100|[from] Spikes
|-damage|p2a: Scizor|43/100|[from] Stealth Rock
|turn|23
|
|t:|1743837453
|move|p2a: Scizor|Bullet Punch|p1a: Gholdengo
|-resisted|p1a: Gholdengo
|-damage|p1a: Gholdengo|72/100
|move|p1a: Gholdengo|Shadow Ball|p2a: Scizor
|-damage|p2a: Scizor|0 fnt
|faint|p2a: Scizor
|
|upkeep
|inactive|Coldwiii has 270 seconds left.
|c|☆Coldwiii|I mean I was prob still cooked tho
|
|t:|1743837466
|switch|p2a: Tentacruel|Tentacruel, F|100/100
|-damage|p2a: Tentacruel|84/100|[from] Spikes
|-damage|p2a: Tentacruel|72/100|[from] Stealth Rock
|turn|24
|-message|Coldwiii forfeited.
|
|win|nautillect
|l|☆Coldwiii
|player|p2|
