|j|☆Garg749494
|j|☆Fanconni
|t:|1743791913
|gametype|singles
|player|p1|Garg749494|101|1182
|player|p2|Fanconni|102|1172
|teamsize|p1|6
|teamsize|p2|6
|gen|9
|tier|[Gen 9] OU
|rated|
|rule|HP Percentage Mod: HP is shown in percentages
|rule|Endless Battle Clause: Forcing endless battles is banned
|rule|Species Clause: Limit one of each Pokémon
|rule|OHKO Clause: OHKO moves are banned
|rule|Evasion Items Clause: Evasion items are banned
|rule|Evasion Moves Clause: Evasion moves are banned
|rule|Sleep Moves Clause: Sleep-inducing moves are banned
|clearpoke
|poke|p1|Torkoal, M|
|poke|p1|Tinkaton, F|
|poke|p1|Toedscruel, M|
|poke|p1|Serperior, M|
|poke|p1|Mudsdale, M|
|poke|p1|Okidogi, M|
|poke|p2|Golurk|
|poke|p2|Lokix, F|
|poke|p2|Corviknight, F|
|poke|p2|Chandelure, F|
|poke|p2|Keldeo-Resolute|
|poke|p2|Goodra-Hisui, F|
|teampreview
|inactive|Battle timer is ON: inactive players will automatically lose when time's up. (requested by Garg749494)
|
|t:|1743791934
|start
|switch|p1a: Mudsdale|Mudsdale, M|100/100
|switch|p2a: Keldeo|Keldeo-Resolute|100/100
|turn|1
|inactive|Fanconni has 120 seconds left.
|
|t:|1743791992
|switch|p1a: Serperior|Serperior, M, shiny|100/100
|move|p2a: Keldeo|Surf|p1a: Serperior
|-resisted|p1a: Serperior
|-damage|p1a: Serperior|73/100
|
|-heal|p1a: Serperior|79/100|[from] item: Leftovers
|upkeep
|turn|2
|inactive|Fanconni has 90 seconds left.
|
|t:|1743792023
|switch|p2a: Goodra|Goodra-Hisui, F|100/100
|move|p1a: Serperior|Substitute|p1a: Serperior
|-start|p1a: Serperior|Substitute
|-damage|p1a: Serperior|54/100
|
|-heal|p1a: Serperior|60/100|[from] item: Leftovers
|upkeep
|turn|3
|
|t:|1743792034
|move|p1a: Serperior|Glare|p2a: Goodra
|-status|p2a: Goodra|par
|move|p2a: Goodra|Ice Beam|p1a: Serperior
|-supereffective|p1a: Serperior
|-end|p1a: Serperior|Substitute
|
|-heal|p1a: Serperior|66/100|[from] item: Leftovers
|upkeep
|turn|4
|
|t:|1743792045
|switch|p1a: Tinkaton|Tinkaton, F|100/100
|-ability|p1a: Tinkaton|Mold Breaker
|-item|p1a: Tinkaton|Air Balloon
|cant|p2a: Goodra|par
|
|upkeep
|turn|5
|
|t:|1743792055
|switch|p2a: Corviknight|Corviknight, F|100/100
|move|p1a: Tinkaton|Knock Off|p2a: Corviknight
|-damage|p2a: Corviknight|87/100
|-damage|p1a: Tinkaton|84/100|[from] item: Rocky Helmet|[of] p2a: Corviknight
|-enditem|p2a: Corviknight|Rocky Helmet|[from] move: Knock Off|[of] p1a: Tinkaton
|
|upkeep
|turn|6
|inactive|Fanconni has 60 seconds left.
|
|t:|1743792086
|switch|p1a: Mudsdale|Mudsdale, M|100/100
|move|p2a: Corviknight|Body Press|p1a: Mudsdale
|-damage|p1a: Mudsdale|77/100
|-ability|p1a: Mudsdale|Stamina|boost
|-boost|p1a: Mudsdale|def|1
|
|-heal|p1a: Mudsdale|83/100|[from] item: Leftovers
|upkeep
|turn|7
|inactive|Fanconni has 60 seconds left.
|
|t:|1743792105
|switch|p2a: Keldeo|Keldeo-Resolute|100/100
|move|p1a: Mudsdale|Stealth Rock|p2a: Keldeo
|-sidestart|p2: Fanconni|move: Stealth Rock
|
|-heal|p1a: Mudsdale|89/100|[from] item: Leftovers
|upkeep
|turn|8
|
|t:|1743792118
|move|p2a: Keldeo|Icy Wind|p1a: Mudsdale|[miss]
|-miss|p2a: Keldeo|p1a: Mudsdale
|move|p1a: Mudsdale|Earthquake|p2a: Keldeo
|-damage|p2a: Keldeo|48/100
|
|-heal|p2a: Keldeo|54/100|[from] item: Leftovers
|-heal|p1a: Mudsdale|96/100|[from] item: Leftovers
|upkeep
|turn|9
|inactive|Fanconni has 60 seconds left.
|
|t:|1743792132
|move|p2a: Keldeo|Surf|p1a: Mudsdale
|-supereffective|p1a: Mudsdale
|-damage|p1a: Mudsdale|35/100
|-ability|p1a: Mudsdale|Stamina|boost
|-boost|p1a: Mudsdale|def|1
|move|p1a: Mudsdale|Iron Defense|p1a: Mudsdale
|-boost|p1a: Mudsdale|def|2
|
|-heal|p2a: Keldeo|61/100|[from] item: Leftovers
|-heal|p1a: Mudsdale|41/100|[from] item: Leftovers
|upkeep
|turn|10
|inactive|Fanconni has 60 seconds left.
|
|t:|1743792143
|switch|p1a: Serperior|Serperior, M, shiny|66/100
|move|p2a: Keldeo|Surf|p1a: Serperior
|-resisted|p1a: Serperior
|-damage|p1a: Serperior|39/100
|
|-heal|p1a: Serperior|45/100|[from] item: Leftovers
|-heal|p2a: Keldeo|67/100|[from] item: Leftovers
|upkeep
|turn|11
|inactive|Fanconni has 60 seconds left.
|
|t:|1743792154
|switch|p2a: Goodra|Goodra-Hisui, F|100/100 par
|-damage|p2a: Goodra|94/100 par|[from] Stealth Rock
|move|p1a: Serperior|Leaf Storm|p2a: Goodra
|-ability|p2a: Goodra|Sap Sipper|boost
|-boost|p2a: Goodra|atk|1
|
|-heal|p1a: Serperior|51/100|[from] item: Leftovers
|upkeep
|turn|12
|inactive|Fanconni has 60 seconds left.
|
|t:|1743792178
|switch|p1a: Torkoal|Torkoal, M|100/100
|-weather|SunnyDay|[from] ability: Drought|[of] p1a: Torkoal
|move|p2a: Goodra|Ice Beam|p1a: Torkoal
|-resisted|p1a: Torkoal
|-damage|p1a: Torkoal|82/100
|
|-weather|SunnyDay|[upkeep]
|upkeep
|turn|13
|inactive|Fanconni has 30 seconds left.
|inactive|Fanconni has 20 seconds left.
|
|t:|1743792217
|move|p2a: Goodra|Thunderbolt|p1a: Torkoal
|-damage|p1a: Torkoal|43/100
|move|p1a: Torkoal|Clear Smog|p2a: Goodra
|-immune|p2a: Goodra
|
|-weather|SunnyDay|[upkeep]
|upkeep
|turn|14
|inactive|Fanconni has 30 seconds left this turn.
|inactive|Fanconni has 20 seconds left.
|
|t:|1743792229
|cant|p2a: Goodra|par
|move|p1a: Torkoal|Lava Plume|p2a: Goodra
|-damage|p2a: Goodra|73/100 par
|
|-weather|SunnyDay|[upkeep]
|upkeep
|turn|15
|inactive|Fanconni has 30 seconds left this turn.
|
|t:|1743792238
|switch|p1a: Mudsdale|Mudsdale, M|41/100
|move|p2a: Goodra|Draco Meteor|p1a: Mudsdale
|-damage|p1a: Mudsdale|0 fnt
|-unboost|p2a: Goodra|spa|2
|faint|p1a: Mudsdale
|
|-weather|SunnyDay|[upkeep]
|upkeep
|inactive|Fanconni has 30 seconds left this turn.
|
|t:|1743792242
|switch|p1a: Okidogi|Okidogi, M|100/100
|turn|16
|
|t:|1743792251
|switch|p2a: Corviknight|Corviknight, F|87/100
|-damage|p2a: Corviknight|74/100|[from] Stealth Rock
|move|p1a: Okidogi|Bulk Up|p1a: Okidogi
|-boost|p1a: Okidogi|atk|1
|-boost|p1a: Okidogi|def|1
|
|-weather|none
|upkeep
|turn|17
|inactive|Fanconni has 30 seconds left.
|inactive|Fanconni has 20 seconds left.
|inactive|Fanconni has 15 seconds left.
|inactive|Fanconni has 10 seconds left.
|inactive|Fanconni has 5 seconds left.
|-message|Fanconni lost due to inactivity.
|
|win|Garg749494
|raw|Garg749494's rating: 1182 &rarr; <strong>1206</strong><br />(+24 for winning)
|raw|Fanconni's rating: 1172 &rarr; <strong>1148</strong><br />(-24 for losing)
|l|☆Garg749494
|player|p1|
|l|☆Fanconni
|player|p2|
