|j|☆bugs are funny
|j|☆Madolche1102
|t:|1743895594
|gametype|singles
|player|p1|bugs are funny|winona-gen6|1390
|player|p2|Madolche1102|265|1337
|teamsize|p1|6
|teamsize|p2|6
|gen|9
|tier|[Gen 9] OU
|rated|
|rule|HP Percentage Mod: HP is shown in percentages
|rule|Endless Battle Clause: Forcing endless battles is banned
|rule|Species Clause: Limit one of each Pokémon
|rule|OHKO Clause: OHKO moves are banned
|rule|Evasion Items Clause: Evasion items are banned
|rule|Evasion Moves Clause: Evasion moves are banned
|rule|Sleep Moves Clause: Sleep-inducing moves are banned
|clearpoke
|poke|p1|Araquanid, M|
|poke|p1|Gholdengo|
|poke|p1|Glimmora, F|
|poke|p1|Manaphy|
|poke|p1|Great Tusk|
|poke|p1|Kingambit, F|
|poke|p2|Torkoal, F|
|poke|p2|Lilligant-Hisui, F|
|poke|p2|Whimsicott, F|
|poke|p2|Sawsbuck, F|
|poke|p2|Leavanny, F|
|poke|p2|Venusaur, F|
|teampreview
|
|t:|1743895607
|start
|switch|p1a: Araquanid|Araquanid, M|100/100
|switch|p2a: Sol|Torkoal, F, shiny|100/100
|-weather|SunnyDay|[from] ability: Drought|[of] p2a: Sol
|turn|1
|
|t:|1743895614
|move|p1a: Araquanid|Sticky Web|p2a: Sol
|-sidestart|p2: Madolche1102|move: Sticky Web
|move|p2a: Sol|Stealth Rock|p1a: Araquanid
|-sidestart|p1: bugs are funny|move: Stealth Rock
|
|-weather|SunnyDay|[upkeep]
|upkeep
|turn|2
|
|t:|1743895620
|move|p1a: Araquanid|Liquidation|p2a: Sol
|-supereffective|p2a: Sol
|-damage|p2a: Sol|64/100
|-unboost|p2a: Sol|def|1
|move|p2a: Sol|Rapid Spin|p1a: Araquanid
|-damage|p1a: Araquanid|92/100
|-boost|p2a: Sol|spe|1
|-sideend|p2: Madolche1102|Sticky Web|[from] move: Rapid Spin|[of] p2a: Sol
|
|-weather|SunnyDay|[upkeep]
|upkeep
|turn|3
|
|t:|1743895632
|switch|p2a: Ramas|Sawsbuck, F, shiny|100/100
|move|p1a: Araquanid|Liquidation|p2a: Ramas
|-resisted|p2a: Ramas
|-damage|p2a: Ramas|78/100
|
|-weather|SunnyDay|[upkeep]
|upkeep
|turn|4
|
|t:|1743895644
|-terastallize|p2a: Ramas|Ghost
|move|p1a: Araquanid|Endure|p1a: Araquanid
|-singleturn|p1a: Araquanid|move: Endure
|move|p2a: Ramas|Swords Dance|p2a: Ramas
|-boost|p2a: Ramas|atk|2
|
|-weather|SunnyDay|[upkeep]
|upkeep
|turn|5
|
|t:|1743895653
|move|p2a: Ramas|Double-Edge|p1a: Araquanid
|-damage|p1a: Araquanid|0 fnt
|faint|p1a: Araquanid
|-damage|p2a: Ramas|44/100|[from] Recoil
|-damage|p2a: Ramas|34/100|[from] item: Life Orb
|
|-weather|SunnyDay|[upkeep]
|upkeep
|-message|bugs are funny forfeited.
|
|win|Madolche1102
|raw|bugs are funny's rating: 1390 &rarr; <strong>1367</strong><br />(-23 for losing)
|raw|Madolche1102's rating: 1337 &rarr; <strong>1360</strong><br />(+23 for winning)
|l|☆bugs are funny
|player|p1|
