|j|☆Grand Chu
|j|☆sleepdeprevation
|t:|1743833351
|gametype|singles
|player|p1|Grand Chu|1|1473
|player|p2|sleepdeprevation|ruinmaniac|1432
|teamsize|p1|6
|teamsize|p2|6
|gen|9
|tier|[Gen 9] OU
|rated|
|rule|HP Percentage Mod: HP is shown in percentages
|rule|Endless Battle Clause: Forcing endless battles is banned
|rule|Species Clause: Limit one of each Pokémon
|rule|OHKO Clause: OHKO moves are banned
|rule|Evasion Items Clause: Evasion items are banned
|rule|Evasion Moves Clause: Evasion moves are banned
|rule|Sleep Moves Clause: Sleep-inducing moves are banned
|clearpoke
|poke|p1|Enamorus, F|
|poke|p1|Dragapult, M|
|poke|p1|Iron Valiant|
|poke|p1|Gholdengo|
|poke|p1|Iron Treads|
|poke|p1|Dragonite, F|
|poke|p2|Hydrapple, M|
|poke|p2|Excadrill, M|
|poke|p2|Hippowdon, F|
|poke|p2|Garganacl, F|
|poke|p2|Samurott-Hisui, M|
|poke|p2|Skeledirge, M|
|teampreview
|
|t:|1743833356
|start
|switch|p1a: Enamorus|Enamorus, F|100/100
|switch|p2a: Hippowdon|Hippowdon, F|100/100
|-weather|Sandstorm|[from] ability: Sand Stream|[of] p2a: Hippowdon
|turn|1
|
|t:|1743833365
|move|p1a: Enamorus|Moonblast|p2a: Hippowdon
|-damage|p2a: Hippowdon|65/100
|-unboost|p2a: Hippowdon|spa|1
|move|p2a: Hippowdon|Stealth Rock|p1a: Enamorus
|-sidestart|p1: Grand Chu|move: Stealth Rock
|
|-weather|Sandstorm|[upkeep]
|-damage|p1a: Enamorus|94/100|[from] Sandstorm
|-heal|p1a: Enamorus|100/100|[from] item: Leftovers
|-heal|p2a: Hippowdon|72/100|[from] item: Leftovers
|upkeep
|turn|2
|
|t:|1743833373
|move|p1a: Enamorus|Moonblast|p2a: Hippowdon
|-damage|p2a: Hippowdon|34/100
|-unboost|p2a: Hippowdon|spa|1
|move|p2a: Hippowdon|Slack Off|p2a: Hippowdon
|-heal|p2a: Hippowdon|84/100
|
|-weather|Sandstorm|[upkeep]
|-damage|p1a: Enamorus|94/100|[from] Sandstorm
|-heal|p1a: Enamorus|100/100|[from] item: Leftovers
|-heal|p2a: Hippowdon|90/100|[from] item: Leftovers
|upkeep
|turn|3
|
|t:|1743833385
|move|p1a: Enamorus|Moonblast|p2a: Hippowdon
|-damage|p2a: Hippowdon|51/100
|-unboost|p2a: Hippowdon|spa|1
|move|p2a: Hippowdon|Whirlwind|p1a: Enamorus
|drag|p1a: Iron Valiant|Iron Valiant|100/100
|-damage|p1a: Iron Valiant|94/100|[from] Stealth Rock
|-enditem|p1a: Iron Valiant|Booster Energy
|-activate|p1a: Iron Valiant|ability: Quark Drive|[fromitem]
|-start|p1a: Iron Valiant|quarkdrivespe
|
|-weather|Sandstorm|[upkeep]
|-damage|p1a: Iron Valiant|88/100|[from] Sandstorm
|-heal|p2a: Hippowdon|57/100|[from] item: Leftovers
|upkeep
|turn|4
|
|t:|1743833406
|move|p1a: Iron Valiant|Moonblast|p2a: Hippowdon
|-damage|p2a: Hippowdon|23/100
|move|p2a: Hippowdon|Slack Off|p2a: Hippowdon
|-heal|p2a: Hippowdon|73/100
|
|-weather|Sandstorm|[upkeep]
|-damage|p1a: Iron Valiant|82/100|[from] Sandstorm
|-heal|p2a: Hippowdon|79/100|[from] item: Leftovers
|upkeep
|turn|5
|
|t:|1743833415
|move|p1a: Iron Valiant|Encore|p2a: Hippowdon
|-start|p2a: Hippowdon|Encore
|move|p2a: Hippowdon|Slack Off|p2a: Hippowdon
|-heal|p2a: Hippowdon|100/100
|
|-weather|none
|upkeep
|turn|6
|
|t:|1743833420
|switch|p2a: Skeledirge|Skeledirge, M|100/100
|move|p1a: Iron Valiant|Calm Mind|p1a: Iron Valiant
|-boost|p1a: Iron Valiant|spa|1
|-boost|p1a: Iron Valiant|spd|1
|
|upkeep
|turn|7
|
|t:|1743833430
|-end|p1a: Iron Valiant|Quark Drive|[silent]
|switch|p1a: Enamorus|Enamorus, F|100/100
|-damage|p1a: Enamorus|76/100|[from] Stealth Rock
|move|p2a: Skeledirge|Will-O-Wisp|p1a: Enamorus
|-status|p1a: Enamorus|brn
|
|-heal|p1a: Enamorus|82/100 brn|[from] item: Leftovers
|-damage|p1a: Enamorus|76/100 brn|[from] brn
|upkeep
|turn|8
|
|t:|1743833439
|switch|p2a: Hippowdon|Hippowdon, F|100/100
|-weather|Sandstorm|[from] ability: Sand Stream|[of] p2a: Hippowdon
|move|p1a: Enamorus|Earth Power|p2a: Hippowdon
|-damage|p2a: Hippowdon|78/100
|
|-weather|Sandstorm|[upkeep]
|-damage|p1a: Enamorus|69/100 brn|[from] Sandstorm
|-heal|p1a: Enamorus|76/100 brn|[from] item: Leftovers
|-heal|p2a: Hippowdon|84/100|[from] item: Leftovers
|-damage|p1a: Enamorus|69/100 brn|[from] brn
|upkeep
|turn|9
|
|t:|1743833449
|switch|p2a: Samurott|Samurott-Hisui, M|100/100
|move|p1a: Enamorus|Moonblast|p2a: Samurott
|-supereffective|p2a: Samurott
|-damage|p2a: Samurott|0 fnt
|faint|p2a: Samurott
|
|-weather|Sandstorm|[upkeep]
|-damage|p1a: Enamorus|63/100 brn|[from] Sandstorm
|-heal|p1a: Enamorus|69/100 brn|[from] item: Leftovers
|-damage|p1a: Enamorus|63/100 brn|[from] brn
|upkeep
|
|t:|1743833453
|switch|p2a: Excadrill|Excadrill, M|100/100
|-item|p2a: Excadrill|Air Balloon
|turn|10
|
|t:|1743833465
|move|p2a: Excadrill|Iron Head|p1a: Enamorus
|-supereffective|p1a: Enamorus
|-damage|p1a: Enamorus|0 fnt
|-start|p2a: Excadrill|Attract|[from] ability: Cute Charm|[of] p1a: Enamorus
|faint|p1a: Enamorus
|-end|p2a: Excadrill|Attract|[silent]
|
|-weather|Sandstorm|[upkeep]
|upkeep
|
|t:|1743833471
|switch|p1a: Gholdengo|Gholdengo|100/100
|-damage|p1a: Gholdengo|94/100|[from] Stealth Rock
|-item|p1a: Gholdengo|Air Balloon
|turn|11
|
|t:|1743833478
|move|p2a: Excadrill|Iron Head|p1a: Gholdengo
|-resisted|p1a: Gholdengo
|-damage|p1a: Gholdengo|71/100
|-enditem|p1a: Gholdengo|Air Balloon
|move|p1a: Gholdengo|Shadow Ball|p2a: Excadrill
|-damage|p2a: Excadrill|43/100
|-enditem|p2a: Excadrill|Air Balloon
|
|-weather|Sandstorm|[upkeep]
|upkeep
|turn|12
|
|t:|1743833493
|move|p2a: Excadrill|Earthquake|p1a: Gholdengo
|-supereffective|p1a: Gholdengo
|-damage|p1a: Gholdengo|0 fnt
|faint|p1a: Gholdengo
|
|-weather|none
|upkeep
|
|t:|1743833505
|switch|p1a: Iron Treads|Iron Treads|100/100
|-damage|p1a: Iron Treads|97/100|[from] Stealth Rock
|-enditem|p1a: Iron Treads|Booster Energy
|-activate|p1a: Iron Treads|ability: Quark Drive|[fromitem]
|-start|p1a: Iron Treads|quarkdrivespe
|turn|13
|
|t:|1743833512
|switch|p2a: Hydrapple|Hydrapple, M|100/100
|move|p1a: Iron Treads|Rapid Spin|p2a: Hydrapple
|-damage|p2a: Hydrapple|92/100
|-boost|p1a: Iron Treads|spe|1
|-sideend|p1: Grand Chu|Stealth Rock|[from] move: Rapid Spin|[of] p1a: Iron Treads
|
|upkeep
|turn|14
|
|t:|1743833520
|move|p1a: Iron Treads|Stealth Rock|p2a: Hydrapple
|-sidestart|p2: sleepdeprevation|move: Stealth Rock
|move|p2a: Hydrapple|Fickle Beam|p1a: Iron Treads
|-resisted|p1a: Iron Treads
|-damage|p1a: Iron Treads|76/100
|
|upkeep
|turn|15
|
|t:|1743833526
|move|p1a: Iron Treads|Knock Off|p2a: Hydrapple
|-damage|p2a: Hydrapple|78/100
|-enditem|p2a: Hydrapple|Heavy-Duty Boots|[from] move: Knock Off|[of] p1a: Iron Treads
|move|p2a: Hydrapple|Nasty Plot|p2a: Hydrapple
|-boost|p2a: Hydrapple|spa|2
|
|upkeep
|turn|16
|
|t:|1743833535
|-end|p1a: Iron Treads|Quark Drive|[silent]
|switch|p1a: Iron Valiant|Iron Valiant|82/100
|move|p2a: Hydrapple|Giga Drain|p1a: Iron Valiant
|-damage|p1a: Iron Valiant|0 fnt
|-heal|p2a: Hydrapple|100/100|[from] drain|[of] p1a: Iron Valiant
|faint|p1a: Iron Valiant
|-end|p1a: Iron Valiant|Quark Drive|[silent]
|
|upkeep
|
|t:|1743833547
|switch|p1a: Dragonite|Dragonite, F|100/100
|turn|17
|
|t:|1743833556
|-terastallize|p2a: Hydrapple|Steel
|move|p1a: Dragonite|Ice Spinner|p2a: Hydrapple
|-resisted|p2a: Hydrapple
|-damage|p2a: Hydrapple|91/100
|move|p2a: Hydrapple|Fickle Beam|p1a: Dragonite|[anim] Fickle Beam All Out
|-activate|p2a: Hydrapple|move: Fickle Beam
|-supereffective|p1a: Dragonite
|-damage|p1a: Dragonite|0 fnt
|faint|p1a: Dragonite
|
|upkeep
|
|t:|1743833573
|switch|p1a: Iron Treads|Iron Treads|76/100
|turn|18
|
|t:|1743833575
|move|p1a: Iron Treads|Earthquake|p2a: Hydrapple
|-supereffective|p2a: Hydrapple
|-damage|p2a: Hydrapple|46/100
|move|p2a: Hydrapple|Giga Drain|p1a: Iron Treads
|-damage|p1a: Iron Treads|0 fnt
|-heal|p2a: Hydrapple|81/100|[from] drain|[of] p1a: Iron Treads
|faint|p1a: Iron Treads
|-end|p1a: Iron Treads|Quark Drive|[silent]
|
|upkeep
|-message|Grand Chu forfeited.
|
|win|sleepdeprevation
|raw|Grand Chu's rating: 1473 &rarr; <strong>1451</strong><br />(-22 for losing)
|raw|sleepdeprevation's rating: 1432 &rarr; <strong>1454</strong><br />(+22 for winning)
|l|☆Grand Chu
|player|p1|
|l|☆sleepdeprevation
|player|p2|
