|j|☆Vagabond24
|j|☆TheTyranitard
|t:|1743907470
|gametype|singles
|player|p1|Vagabond24|magmagruntf|1575
|player|p2|TheTyranitard|hiker-gen4|1520
|teamsize|p1|6
|teamsize|p2|6
|gen|9
|tier|[Gen 9] OU
|rated|
|rule|HP Percentage Mod: HP is shown in percentages
|rule|Endless Battle Clause: Forcing endless battles is banned
|rule|Species Clause: Limit one of each Pokémon
|rule|OHKO Clause: OHKO moves are banned
|rule|Evasion Items Clause: Evasion items are banned
|rule|Evasion Moves Clause: Evasion moves are banned
|rule|Sleep Moves Clause: Sleep-inducing moves are banned
|clearpoke
|poke|p1|Araquanid, F|
|poke|p1|Raging Bolt|
|poke|p1|Iron Moth|
|poke|p1|Great Tusk|
|poke|p1|Gholdengo|
|poke|p1|Kingambit, F|
|poke|p2|Pelipper, F|
|poke|p2|Basculegion, M|
|poke|p2|Barraskewda, F|
|poke|p2|Dragonite, M|
|poke|p2|Bellibolt, F|
|poke|p2|Iron Treads|
|teampreview
|inactive|Battle timer is ON: inactive players will automatically lose when time's up. (requested by Vagabond24)
|
|t:|1743907492
|start
|switch|p1a: Araquanid|Araquanid, F|100/100
|switch|p2a: Pelipper|Pelipper, F|100/100
|-weather|RainDance|[from] ability: Drizzle|[of] p2a: Pelipper
|turn|1
|
|t:|1743907497
|move|p2a: Pelipper|Hurricane|p1a: Araquanid
|-supereffective|p1a: Araquanid
|-damage|p1a: Araquanid|54/100
|move|p1a: Araquanid|Sticky Web|p2a: Pelipper
|-sidestart|p2: TheTyranitard|move: Sticky Web
|
|-weather|RainDance|[upkeep]
|upkeep
|turn|2
|j| estupendox
|
|t:|1743907517
|switch|p1a: Raging Bolt|Raging Bolt|100/100
|-enditem|p1a: Raging Bolt|Booster Energy
|-activate|p1a: Raging Bolt|ability: Protosynthesis|[fromitem]
|-start|p1a: Raging Bolt|protosynthesisspa
|move|p2a: Pelipper|U-turn|p1a: Raging Bolt
|-damage|p1a: Raging Bolt|95/100
|
|t:|1743907522
|switch|p2a: Iron Treads|Iron Treads|100/100|[from] U-turn
|-activate|p2a: Iron Treads|move: Sticky Web
|-unboost|p2a: Iron Treads|spe|1
|
|-weather|RainDance|[upkeep]
|upkeep
|turn|3
|
|t:|1743907530
|-end|p1a: Raging Bolt|Protosynthesis|[silent]
|switch|p1a: Gholdengo|Gholdengo|100/100
|-item|p1a: Gholdengo|Air Balloon
|move|p2a: Iron Treads|Stealth Rock|p1a: Gholdengo
|-sidestart|p1: Vagabond24|move: Stealth Rock
|
|-weather|RainDance|[upkeep]
|upkeep
|turn|4
|
|t:|1743907539
|-end|p2a: Iron Treads|Quark Drive|[silent]
|switch|p2a: Bellibolt|Bellibolt, F|100/100
|-activate|p2a: Bellibolt|move: Sticky Web
|-unboost|p2a: Bellibolt|spe|1
|move|p1a: Gholdengo|Shadow Ball|p2a: Bellibolt
|-damage|p2a: Bellibolt|73/100
|-start|p2a: Bellibolt|Charge|Shadow Ball|[from] ability: Electromorphosis
|
|-weather|RainDance|[upkeep]
|upkeep
|turn|5
|
|t:|1743907547
|switch|p1a: Araquanid|Araquanid, F|54/100
|-damage|p1a: Araquanid|29/100|[from] Stealth Rock
|move|p2a: Bellibolt|Weather Ball|p1a: Araquanid
|-resisted|p1a: Araquanid
|-damage|p1a: Araquanid|13/100
|
|-weather|RainDance|[upkeep]
|upkeep
|turn|6
|-enditem|p1a: Araquanid|Custap Berry|[eat]
|-activate|p1a: Araquanid|item: Custap Berry|[consumed]
|
|t:|1743907555
|switch|p2a: Basculegion|Basculegion, M|100/100
|-activate|p2a: Basculegion|move: Sticky Web
|-unboost|p2a: Basculegion|spe|1
|move|p1a: Araquanid|Liquidation|p2a: Basculegion
|-resisted|p2a: Basculegion
|-damage|p2a: Basculegion|58/100
|
|-weather|RainDance|[upkeep]
|upkeep
|turn|7
|
|t:|1743907563
|move|p2a: Basculegion|Aqua Jet|p1a: Araquanid
|-resisted|p1a: Araquanid
|-damage|p1a: Araquanid|0 fnt
|faint|p1a: Araquanid
|
|-weather|RainDance|[upkeep]
|upkeep
|
|t:|1743907568
|switch|p1a: Raging Bolt|Raging Bolt|95/100
|-damage|p1a: Raging Bolt|83/100|[from] Stealth Rock
|turn|8
|
|t:|1743907580
|-end|p1a: Raging Bolt|Protosynthesis|[silent]
|switch|p1a: Iron Moth|Iron Moth|100/100
|-damage|p1a: Iron Moth|76/100|[from] Stealth Rock
|-enditem|p1a: Iron Moth|Booster Energy
|-activate|p1a: Iron Moth|ability: Quark Drive|[fromitem]
|-start|p1a: Iron Moth|quarkdrivespa
|switch|p2a: Iron Treads|Iron Treads|100/100
|-activate|p2a: Iron Treads|move: Sticky Web
|-unboost|p2a: Iron Treads|spe|1
|
|-weather|none
|upkeep
|turn|9
|
|t:|1743907593
|-end|p2a: Iron Treads|Quark Drive|[silent]
|switch|p2a: Pelipper|Pelipper, F|100/100
|-weather|RainDance|[from] ability: Drizzle|[of] p2a: Pelipper
|move|p1a: Iron Moth|Fiery Dance|p2a: Pelipper
|-resisted|p2a: Pelipper
|-damage|p2a: Pelipper|80/100
|
|-weather|RainDance|[upkeep]
|upkeep
|turn|10
|
|t:|1743907598
|switch|p2a: Iron Treads|Iron Treads|100/100
|-activate|p2a: Iron Treads|move: Sticky Web
|-unboost|p2a: Iron Treads|spe|1
|move|p1a: Iron Moth|Sludge Wave|p2a: Iron Treads
|-immune|p2a: Iron Treads
|
|-weather|RainDance|[upkeep]
|upkeep
|turn|11
|
|t:|1743907605
|move|p1a: Iron Moth|Fiery Dance|p2a: Iron Treads
|-supereffective|p2a: Iron Treads
|-damage|p2a: Iron Treads|36/100
|-enditem|p2a: Iron Treads|Eject Button
|
|t:|1743907613
|-end|p2a: Iron Treads|Quark Drive|[silent]
|switch|p2a: Barraskewda|Barraskewda, F|100/100
|-activate|p2a: Barraskewda|move: Sticky Web
|-unboost|p2a: Barraskewda|spe|1
|
|-weather|RainDance|[upkeep]
|upkeep
|turn|12
|
|t:|1743907627
|move|p2a: Barraskewda|Flip Turn|p1a: Iron Moth
|-supereffective|p1a: Iron Moth
|-damage|p1a: Iron Moth|0 fnt
|faint|p1a: Iron Moth
|-end|p1a: Iron Moth|Quark Drive|[silent]
|
|t:|1743907637
|switch|p2a: Dragonite|Dragonite, M|100/100|[from] Flip Turn
|
|-weather|RainDance|[upkeep]
|upkeep
|
|t:|1743907645
|switch|p1a: Gholdengo|Gholdengo|100/100
|-damage|p1a: Gholdengo|94/100|[from] Stealth Rock
|-item|p1a: Gholdengo|Air Balloon
|turn|13
|
|t:|1743907655
|switch|p2a: Bellibolt|Bellibolt, F|73/100
|-activate|p2a: Bellibolt|move: Sticky Web
|-unboost|p2a: Bellibolt|spe|1
|move|p1a: Gholdengo|Nasty Plot|p1a: Gholdengo
|-boost|p1a: Gholdengo|spa|2
|
|-weather|RainDance|[upkeep]
|upkeep
|turn|14
|
|t:|1743907669
|move|p1a: Gholdengo|Nasty Plot|p1a: Gholdengo
|-boost|p1a: Gholdengo|spa|2
|move|p2a: Bellibolt|Thunder|p1a: Gholdengo
|-damage|p1a: Gholdengo|27/100
|-status|p1a: Gholdengo|par
|-enditem|p1a: Gholdengo|Air Balloon
|
|-weather|RainDance|[upkeep]
|upkeep
|turn|15
|
|t:|1743907686
|switch|p2a: Iron Treads|Iron Treads|36/100
|-activate|p2a: Iron Treads|move: Sticky Web
|-unboost|p2a: Iron Treads|spe|1
|move|p1a: Gholdengo|Shadow Ball|p2a: Iron Treads
|-damage|p2a: Iron Treads|0 fnt
|faint|p2a: Iron Treads
|-end|p2a: Iron Treads|Quark Drive|[silent]
|
|-weather|RainDance|[upkeep]
|upkeep
|
|t:|1743907691
|switch|p2a: Barraskewda|Barraskewda, F|100/100
|-activate|p2a: Barraskewda|move: Sticky Web
|-unboost|p2a: Barraskewda|spe|1
|turn|16
|
|t:|1743907703
|move|p2a: Barraskewda|Flip Turn|p1a: Gholdengo
|-damage|p1a: Gholdengo|0 fnt
|faint|p1a: Gholdengo
|
|t:|1743907709
|switch|p2a: Bellibolt|Bellibolt, F|73/100|[from] Flip Turn
|-activate|p2a: Bellibolt|move: Sticky Web
|-unboost|p2a: Bellibolt|spe|1
|
|-weather|none
|upkeep
|
|t:|1743907715
|switch|p1a: Raging Bolt|Raging Bolt|83/100
|-damage|p1a: Raging Bolt|70/100|[from] Stealth Rock
|turn|17
|
|t:|1743907733
|move|p1a: Raging Bolt|Calm Mind|p1a: Raging Bolt
|-boost|p1a: Raging Bolt|spa|1
|-boost|p1a: Raging Bolt|spd|1
|move|p2a: Bellibolt|Volt Switch|p1a: Raging Bolt
|-resisted|p1a: Raging Bolt
|-damage|p1a: Raging Bolt|64/100
|
|t:|1743907743
|switch|p2a: Dragonite|Dragonite, M|100/100|[from] Volt Switch
|
|upkeep
|turn|18
|
|t:|1743907770
|move|p2a: Dragonite|Draco Meteor|p1a: Raging Bolt
|-supereffective|p1a: Raging Bolt
|-damage|p1a: Raging Bolt|0 fnt
|-unboost|p2a: Dragonite|spa|2
|-enditem|p2a: Dragonite|Eject Pack
|faint|p1a: Raging Bolt
|-end|p1a: Raging Bolt|Protosynthesis|[silent]
|
|t:|1743907773
|switch|p2a: Pelipper|Pelipper, F|80/100
|-weather|RainDance|[from] ability: Drizzle|[of] p2a: Pelipper
|
|-weather|RainDance|[upkeep]
|upkeep
|
|t:|1743907776
|switch|p1a: Great Tusk|Great Tusk|100/100
|-damage|p1a: Great Tusk|98/100|[from] Stealth Rock
|-enditem|p1a: Great Tusk|Booster Energy
|-activate|p1a: Great Tusk|ability: Protosynthesis|[fromitem]
|-start|p1a: Great Tusk|protosynthesisatk
|turn|19
|
|t:|1743907781
|move|p1a: Great Tusk|Head Smash|p2a: Pelipper
|-supereffective|p2a: Pelipper
|-damage|p2a: Pelipper|0 fnt
|faint|p2a: Pelipper
|-damage|p1a: Great Tusk|63/100|[from] Recoil
|
|-weather|RainDance|[upkeep]
|upkeep
|
|t:|1743907789
|switch|p2a: Barraskewda|Barraskewda, F|100/100
|-activate|p2a: Barraskewda|move: Sticky Web
|-unboost|p2a: Barraskewda|spe|1
|turn|20
|
|t:|1743907801
|move|p2a: Barraskewda|Aqua Jet|p1a: Great Tusk
|-supereffective|p1a: Great Tusk
|-damage|p1a: Great Tusk|0 fnt
|faint|p1a: Great Tusk
|-end|p1a: Great Tusk|Protosynthesis|[silent]
|
|-weather|RainDance|[upkeep]
|upkeep
|
|t:|1743907804
|switch|p1a: Kingambit|Kingambit, F|100/100
|-damage|p1a: Kingambit|94/100|[from] Stealth Rock
|-activate|p1a: Kingambit|ability: Supreme Overlord
|-start|p1a: Kingambit|fallen5|[silent]
|turn|21
|
|t:|1743907807
|move|p2a: Barraskewda|Aqua Jet|p1a: Kingambit
|-damage|p1a: Kingambit|50/100
|move|p1a: Kingambit|Swords Dance|p1a: Kingambit
|-boost|p1a: Kingambit|atk|2
|
|-weather|RainDance|[upkeep]
|upkeep
|turn|22
|
|t:|1743907812
|-terastallize|p2a: Barraskewda|Water
|move|p2a: Barraskewda|Aqua Jet|p1a: Kingambit
|-damage|p1a: Kingambit|0 fnt
|faint|p1a: Kingambit
|-end|p1a: Kingambit|fallen5|[silent]
|
|win|TheTyranitard
|raw|Vagabond24's rating: 1575 &rarr; <strong>1552</strong><br />(-23 for losing)
|raw|TheTyranitard's rating: 1520 &rarr; <strong>1543</strong><br />(+23 for winning)
|l|☆TheTyranitard
|player|p2|
|l| estupendox
