|j|☆smashbros87878
|j|☆tyvubin
|t:|1743866276
|gametype|singles
|player|p1|smashbros87878|101|1066
|player|p2|tyvubin|101|1057
|teamsize|p1|6
|teamsize|p2|6
|gen|9
|tier|[Gen 9] OU
|rated|
|rule|HP Percentage Mod: HP is shown in percentages
|rule|Endless Battle Clause: Forcing endless battles is banned
|rule|Species Clause: Limit one of each Pokémon
|rule|OHKO Clause: OHKO moves are banned
|rule|Evasion Items Clause: Evasion items are banned
|rule|Evasion Moves Clause: Evasion moves are banned
|rule|Sleep Moves Clause: Sleep-inducing moves are banned
|clearpoke
|poke|p1|Dondozo, F|
|poke|p1|Dragonite, M|
|poke|p1|Gholdengo|
|poke|p1|Kingambit, F|
|poke|p1|Porygon2|
|poke|p1|Kommo-o, F|
|poke|p2|Porygon2|
|poke|p2|Skuntank, F|
|poke|p2|Galvantula, F|
|poke|p2|Lilligant-Hisui, F|
|poke|p2|Copperajah, M|
|poke|p2|Swanna, F|
|teampreview
|inactive|Battle timer is ON: inactive players will automatically lose when time's up. (requested by smashbros87878)
|c|☆smashbros87878|Can you sub to my channel
|
|t:|1743866294
|start
|switch|p1a: Dragonite|Dragonite, M, shiny|100/100
|switch|p2a: Galvantula|Galvantula, F|100/100
|turn|1
|
|t:|1743866300
|move|p2a: Galvantula|Sticky Web|p1a: Dragonite
|-sidestart|p1: smashbros87878|move: Sticky Web
|move|p1a: Dragonite|Dragon Dance|p1a: Dragonite
|-boost|p1a: Dragonite|atk|1
|-boost|p1a: Dragonite|spe|1
|
|upkeep
|turn|2
|
|t:|1743866306
|switch|p2a: Porygon2|Porygon2|100/100
|-ability|p2a: Porygon2|Download|boost
|-boost|p2a: Porygon2|atk|1
|move|p1a: Dragonite|Dragon Dance|p1a: Dragonite
|-boost|p1a: Dragonite|atk|1
|-boost|p1a: Dragonite|spe|1
|
|upkeep
|turn|3
|
|t:|1743866313
|-terastallize|p1a: Dragonite|Normal
|move|p1a: Dragonite|Extreme Speed|p2a: Porygon2
|-damage|p2a: Porygon2|25/100
|-damage|p1a: Dragonite|91/100|[from] item: Life Orb
|move|p2a: Porygon2|Ice Beam|p1a: Dragonite
|-damage|p1a: Dragonite|64/100
|
|upkeep
|turn|4
|
|t:|1743866323
|switch|p2a: Copperajah|Copperajah, M|100/100
|move|p1a: Dragonite|Extreme Speed|p2a: Copperajah
|-resisted|p2a: Copperajah
|-damage|p2a: Copperajah|38/100
|-damage|p1a: Dragonite|48/100|[from] item: Rocky Helmet|[of] p2a: Copperajah
|-damage|p1a: Dragonite|38/100|[from] item: Life Orb
|
|upkeep
|turn|5
|
|t:|1743866333
|move|p1a: Dragonite|Earthquake|p2a: Copperajah
|-supereffective|p2a: Copperajah
|-damage|p2a: Copperajah|0 fnt
|faint|p2a: Copperajah
|-damage|p1a: Dragonite|28/100|[from] item: Life Orb
|
|upkeep
|
|t:|1743866338
|switch|p2a: Skuntank|Skuntank, F|100/100
|turn|6
|
|t:|1743866341
|move|p2a: Skuntank|Sucker Punch|p1a: Dragonite
|-crit|p1a: Dragonite
|-damage|p1a: Dragonite|0 fnt
|faint|p1a: Dragonite
|
|upkeep
|
|t:|1743866348
|switch|p1a: Porygon2|Porygon2|100/100
|-activate|p1a: Porygon2|move: Sticky Web
|-unboost|p1a: Porygon2|spe|1
|-ability|p1a: Porygon2|Download|boost
|-boost|p1a: Porygon2|spa|1
|turn|7
|
|t:|1743866354
|move|p2a: Skuntank|Sucker Punch||[still]
|-fail|p2a: Skuntank
|move|p1a: Porygon2|Trick Room|p1a: Porygon2
|-fieldstart|move: Trick Room|[of] p1a: Porygon2
|
|upkeep
|turn|8
|
|t:|1743866361
|move|p2a: Skuntank|Sucker Punch|p1a: Porygon2
|-crit|p1a: Porygon2
|-damage|p1a: Porygon2|55/100
|move|p1a: Porygon2|Thunderbolt|p2a: Skuntank
|-damage|p2a: Skuntank|36/100
|
|upkeep
|turn|9
|
|t:|1743866367
|move|p2a: Skuntank|Sucker Punch|p1a: Porygon2
|-damage|p1a: Porygon2|20/100
|move|p1a: Porygon2|Thunderbolt|p2a: Skuntank
|-damage|p2a: Skuntank|0 fnt
|faint|p2a: Skuntank
|
|upkeep
|
|t:|1743866375
|switch|p2a: Galvantula|Galvantula, F|100/100
|turn|10
|
|t:|1743866384
|-terastallize|p2a: Galvantula|Grass
|move|p1a: Porygon2|Tri Attack|p2a: Galvantula
|-damage|p2a: Galvantula|0 fnt
|faint|p2a: Galvantula
|
|upkeep
|
|t:|1743866390
|switch|p2a: Swanna|Swanna, F|100/100
|turn|11
|c|☆smashbros87878|Porygon2 sweeps the team sweet
|
|t:|1743866408
|move|p2a: Swanna|Aqua Jet|p1a: Porygon2
|-damage|p1a: Porygon2|6/100
|move|p1a: Porygon2|Thunderbolt|p2a: Swanna
|-supereffective|p2a: Swanna
|-damage|p2a: Swanna|0 fnt
|faint|p2a: Swanna
|
|-fieldend|move: Trick Room
|upkeep
|
|t:|1743866416
|switch|p2a: Lilligant|Lilligant-Hisui, F|100/100
|turn|12
|
|t:|1743866419
|move|p2a: Lilligant|Petal Blizzard|p1a: Porygon2
|-damage|p1a: Porygon2|0 fnt
|faint|p1a: Porygon2
|-damage|p2a: Lilligant|91/100|[from] item: Life Orb
|
|upkeep
|
|t:|1743866425
|switch|p1a: Kommo-o|Kommo-o, F|100/100
|-activate|p1a: Kommo-o|move: Sticky Web
|-unboost|p1a: Kommo-o|spe|1
|turn|13
|
|t:|1743866437
|move|p2a: Lilligant|Axe Kick|p1a: Kommo-o
|-damage|p1a: Kommo-o|36/100
|-damage|p2a: Lilligant|81/100|[from] item: Life Orb
|move|p1a: Kommo-o|Flamethrower|p2a: Lilligant
|-supereffective|p2a: Lilligant
|-damage|p2a: Lilligant|0 fnt
|faint|p2a: Lilligant
|
|upkeep
|
|t:|1743866444
|switch|p2a: Porygon2|Porygon2|25/100
|-ability|p2a: Porygon2|Download|boost
|-boost|p2a: Porygon2|spa|1
|turn|14
|
|t:|1743866450
|move|p1a: Kommo-o|Clanging Scales|p2a: Porygon2
|-damage|p2a: Porygon2|0 fnt
|faint|p2a: Porygon2
|-enditem|p1a: Kommo-o|Throat Spray
|
|win|smashbros87878
|raw|smashbros87878's rating: 1066 &rarr; <strong>1095</strong><br />(+29 for winning)
|raw|tyvubin's rating: 1057 &rarr; <strong>1039</strong><br />(-18 for losing)
