|j|☆jibreel69
|j|☆Darky0505
|t:|1743809244
|gametype|singles
|player|p1|jibreel69|clair|1204
|player|p2|Darky0505|101|1234
|teamsize|p1|6
|teamsize|p2|6
|gen|9
|tier|[Gen 9] OU
|rated|
|rule|HP Percentage Mod: HP is shown in percentages
|rule|Endless Battle Clause: Forcing endless battles is banned
|rule|Species Clause: Limit one of each Pokémon
|rule|OHKO Clause: OHKO moves are banned
|rule|Evasion Items Clause: Evasion items are banned
|rule|Evasion Moves Clause: Evasion moves are banned
|rule|Sleep Moves Clause: Sleep-inducing moves are banned
|clearpoke
|poke|p1|Reuniclus, M|
|poke|p1|Dragonite, M|
|poke|p1|Skeledirge, M|
|poke|p1|Great Tusk|
|poke|p1|Zapdos|
|poke|p1|Corviknight, F|
|poke|p2|Walking Wake|
|poke|p2|Corviknight, M|
|poke|p2|Clefable, M|
|poke|p2|Ceruledge, F|
|poke|p2|Kingambit, F|
|poke|p2|Rillaboom, M|
|teampreview
|
|t:|1743809276
|start
|switch|p1a: Skeledirge|Skeledirge, M, shiny|100/100
|switch|p2a: Corviknight|Corviknight, M|100/100
|-ability|p2a: Corviknight|Pressure
|turn|1
|
|t:|1743809286
|switch|p2a: Ceruledge|Ceruledge, F|100/100
|move|p1a: Skeledirge|Torch Song|p2a: Ceruledge
|-resisted|p2a: Ceruledge
|-damage|p2a: Ceruledge|82/100
|-boost|p1a: Skeledirge|spa|1
|
|upkeep
|turn|2
|
|t:|1743809295
|move|p2a: Ceruledge|Poltergeist|p1a: Skeledirge
|-activate|p1a: Skeledirge|move: Poltergeist|Heavy-Duty Boots
|-supereffective|p1a: Skeledirge
|-damage|p1a: Skeledirge|7/100
|move|p1a: Skeledirge|Shadow Ball|p2a: Ceruledge
|-supereffective|p2a: Ceruledge
|-damage|p2a: Ceruledge|0 fnt
|faint|p2a: Ceruledge
|
|upkeep
|
|t:|1743809307
|switch|p2a: Walking Wake|Walking Wake|100/100
|-enditem|p2a: Walking Wake|Booster Energy
|-activate|p2a: Walking Wake|ability: Protosynthesis|[fromitem]
|-start|p2a: Walking Wake|protosynthesisspe
|turn|3
|
|t:|1743809314
|move|p2a: Walking Wake|Hydro Pump|p1a: Skeledirge
|-supereffective|p1a: Skeledirge
|-damage|p1a: Skeledirge|0 fnt
|faint|p1a: Skeledirge
|
|upkeep
|
|t:|1743809321
|switch|p1a: Reuniclus|Reuniclus, M|100/100
|turn|4
|
|t:|1743809327
|move|p2a: Walking Wake|Draco Meteor|p1a: Reuniclus
|-damage|p1a: Reuniclus|61/100
|-unboost|p2a: Walking Wake|spa|2
|move|p1a: Reuniclus|Future Sight|p2a: Walking Wake
|-start|p1a: Reuniclus|move: Future Sight
|
|upkeep
|turn|5
|
|t:|1743809334
|-end|p2a: Walking Wake|Protosynthesis|[silent]
|switch|p2a: Kingambit|Kingambit, F|100/100
|-activate|p2a: Kingambit|ability: Supreme Overlord
|-start|p2a: Kingambit|fallen1|[silent]
|-item|p2a: Kingambit|Air Balloon
|move|p1a: Reuniclus|Shadow Ball|p2a: Kingambit
|-resisted|p2a: Kingambit
|-damage|p2a: Kingambit|87/100
|-enditem|p2a: Kingambit|Air Balloon
|
|upkeep
|turn|6
|
|t:|1743809344
|switch|p1a: Corviknight|Corviknight, F|100/100
|-ability|p1a: Corviknight|Pressure
|move|p2a: Kingambit|Kowtow Cleave|p1a: Corviknight
|-damage|p1a: Corviknight|67/100
|-damage|p2a: Kingambit|71/100|[from] item: Rocky Helmet|[of] p1a: Corviknight
|
|-end|p2a: Kingambit|move: Future Sight
|-immune|p2a: Kingambit
|upkeep
|turn|7
|
|t:|1743809355
|move|p1a: Corviknight|Body Press|p2a: Kingambit
|-supereffective|p2a: Kingambit
|-damage|p2a: Kingambit|0 fnt
|faint|p2a: Kingambit
|-end|p2a: Kingambit|fallen1|[silent]
|
|upkeep
|
|t:|1743809365
|switch|p2a: Clefable|Clefable, M|100/100
|turn|8
|
|t:|1743809373
|move|p1a: Corviknight|Brave Bird|p2a: Clefable
|-damage|p2a: Clefable|72/100
|-damage|p1a: Corviknight|57/100|[from] Recoil
|move|p2a: Clefable|Calm Mind|p2a: Clefable
|-boost|p2a: Clefable|spa|1
|-boost|p2a: Clefable|spd|1
|
|upkeep
|turn|9
|
|t:|1743809382
|move|p1a: Corviknight|Brave Bird|p2a: Clefable
|-damage|p2a: Clefable|45/100
|-damage|p1a: Corviknight|48/100|[from] Recoil
|move|p2a: Clefable|Calm Mind|p2a: Clefable
|-boost|p2a: Clefable|spa|1
|-boost|p2a: Clefable|spd|1
|
|upkeep
|turn|10
|
|t:|1743809389
|move|p1a: Corviknight|Brave Bird|p2a: Clefable
|-damage|p2a: Clefable|16/100
|-damage|p1a: Corviknight|39/100|[from] Recoil
|move|p2a: Clefable|Moonlight|p2a: Clefable
|-heal|p2a: Clefable|66/100
|
|upkeep
|turn|11
|
|t:|1743809395
|move|p1a: Corviknight|Brave Bird|p2a: Clefable
|-damage|p2a: Clefable|40/100
|-damage|p1a: Corviknight|31/100|[from] Recoil
|move|p2a: Clefable|Moonlight|p2a: Clefable
|-heal|p2a: Clefable|90/100
|
|upkeep
|turn|12
|
|t:|1743809403
|move|p1a: Corviknight|Roost|p1a: Corviknight
|-heal|p1a: Corviknight|81/100
|-singleturn|p1a: Corviknight|move: Roost
|move|p2a: Clefable|Flamethrower|p1a: Corviknight
|-supereffective|p1a: Corviknight
|-damage|p1a: Corviknight|0 fnt
|faint|p1a: Corviknight
|
|upkeep
|
|t:|1743809410
|switch|p1a: Great Tusk|Great Tusk, shiny|100/100
|turn|13
|
|t:|1743809416
|move|p1a: Great Tusk|Headlong Rush|p2a: Clefable
|-damage|p2a: Clefable|46/100
|-unboost|p1a: Great Tusk|def|1
|-unboost|p1a: Great Tusk|spd|1
|move|p2a: Clefable|Moonblast|p1a: Great Tusk
|-supereffective|p1a: Great Tusk
|-damage|p1a: Great Tusk|0 fnt
|faint|p1a: Great Tusk
|-end|p1a: Great Tusk|Protosynthesis|[silent]
|
|upkeep
|
|t:|1743809423
|switch|p1a: Dragonite|Dragonite, M, shiny|100/100
|turn|14
|
|t:|1743809431
|-terastallize|p1a: Dragonite|Fire
|move|p1a: Dragonite|Dragon Dance|p1a: Dragonite
|-boost|p1a: Dragonite|atk|1
|-boost|p1a: Dragonite|spe|1
|move|p2a: Clefable|Moonblast|p1a: Dragonite
|-resisted|p1a: Dragonite
|-damage|p1a: Dragonite|80/100
|
|upkeep
|turn|15
|
|t:|1743809439
|move|p1a: Dragonite|Fire Punch|p2a: Clefable
|-damage|p2a: Clefable|0 fnt
|faint|p2a: Clefable
|
|upkeep
|
|t:|1743809444
|switch|p2a: Walking Wake|Walking Wake|100/100
|turn|16
|
|t:|1743809449
|-end|p2a: Walking Wake|Protosynthesis|[silent]
|switch|p2a: Corviknight|Corviknight, M|100/100
|-ability|p2a: Corviknight|Pressure
|move|p1a: Dragonite|Scale Shot|p2a: Corviknight
|-resisted|p2a: Corviknight
|-damage|p2a: Corviknight|93/100
|-resisted|p2a: Corviknight
|-damage|p2a: Corviknight|86/100
|-resisted|p2a: Corviknight
|-crit|p2a: Corviknight
|-damage|p2a: Corviknight|77/100
|-resisted|p2a: Corviknight
|-damage|p2a: Corviknight|70/100
|-hitcount|p2a: Corviknight|4
|-unboost|p1a: Dragonite|def|1
|-boost|p1a: Dragonite|spe|1
|
|upkeep
|turn|17
|
|t:|1743809464
|move|p1a: Dragonite|Fire Punch|p2a: Corviknight
|-supereffective|p2a: Corviknight
|-damage|p2a: Corviknight|0 fnt
|-damage|p1a: Dragonite|64/100|[from] item: Rocky Helmet|[of] p2a: Corviknight
|faint|p2a: Corviknight
|
|upkeep
|
|t:|1743809469
|switch|p2a: Walking Wake|Walking Wake|100/100
|turn|18
|
|t:|1743809475
|-terastallize|p2a: Walking Wake|Water
|move|p1a: Dragonite|Scale Shot|p2a: Walking Wake
|-damage|p2a: Walking Wake|76/100
|-damage|p2a: Walking Wake|53/100
|-damage|p2a: Walking Wake|30/100
|-damage|p2a: Walking Wake|4/100
|-hitcount|p2a: Walking Wake|4
|-unboost|p1a: Dragonite|def|1
|-boost|p1a: Dragonite|spe|1
|move|p2a: Walking Wake|Hydro Pump|p1a: Dragonite
|-supereffective|p1a: Dragonite
|-damage|p1a: Dragonite|0 fnt
|faint|p1a: Dragonite
|
|upkeep
|
|t:|1743809483
|switch|p1a: Zapdos|Zapdos, shiny|100/100
|turn|19
|
|t:|1743809494
|move|p2a: Walking Wake|Draco Meteor|p1a: Zapdos
|-damage|p1a: Zapdos|33/100
|-unboost|p2a: Walking Wake|spa|2
|move|p1a: Zapdos|Volt Switch|p2a: Walking Wake
|-supereffective|p2a: Walking Wake
|-crit|p2a: Walking Wake
|-damage|p2a: Walking Wake|0 fnt
|faint|p2a: Walking Wake
|-end|p2a: Walking Wake|Protosynthesis|[silent]
|
|t:|1743809503
|switch|p1a: Reuniclus|Reuniclus, M|94/100|[from] Volt Switch
|
|upkeep
|
|t:|1743809506
|switch|p2a: Rillaboom|Rillaboom, M|100/100
|-fieldstart|move: Grassy Terrain|[from] ability: Grassy Surge|[of] p2a: Rillaboom
|turn|20
|
|t:|1743809513
|move|p2a: Rillaboom|Knock Off|p1a: Reuniclus
|-supereffective|p1a: Reuniclus
|-damage|p1a: Reuniclus|47/100
|-enditem|p1a: Reuniclus|Assault Vest|[from] move: Knock Off|[of] p2a: Rillaboom
|move|p1a: Reuniclus|Future Sight|p2a: Rillaboom
|-start|p1a: Reuniclus|move: Future Sight
|
|-heal|p1a: Reuniclus|53/100|[from] Grassy Terrain
|upkeep
|turn|21
|
|t:|1743809521
|switch|p1a: Zapdos|Zapdos, shiny|33/100
|move|p2a: Rillaboom|Drum Beating|p1a: Zapdos
|-resisted|p1a: Zapdos
|-damage|p1a: Zapdos|8/100
|-unboost|p1a: Zapdos|spe|1
|
|upkeep
|turn|22
|
|t:|1743809531
|move|p2a: Rillaboom|Knock Off|p1a: Zapdos
|-damage|p1a: Zapdos|0 fnt
|-enditem|p1a: Zapdos|Heavy-Duty Boots|[from] move: Knock Off|[of] p2a: Rillaboom
|faint|p1a: Zapdos
|
|-end|p2a: Rillaboom|move: Future Sight
|-damage|p2a: Rillaboom|71/100
|-heal|p2a: Rillaboom|77/100|[from] Grassy Terrain
|upkeep
|
|t:|1743809540
|switch|p1a: Reuniclus|Reuniclus, M|86/100
|turn|23
|
|t:|1743809545
|move|p2a: Rillaboom|Knock Off|p1a: Reuniclus
|-supereffective|p1a: Reuniclus
|-damage|p1a: Reuniclus|56/100
|move|p1a: Reuniclus|Shadow Ball|p2a: Rillaboom
|-damage|p2a: Rillaboom|63/100
|
|-heal|p2a: Rillaboom|70/100|[from] Grassy Terrain
|-heal|p1a: Reuniclus|62/100|[from] Grassy Terrain
|upkeep
|turn|24
|
|t:|1743809553
|move|p2a: Rillaboom|Knock Off|p1a: Reuniclus
|-supereffective|p1a: Reuniclus
|-damage|p1a: Reuniclus|31/100
|move|p1a: Reuniclus|Future Sight|p2a: Rillaboom
|-start|p1a: Reuniclus|move: Future Sight
|
|-heal|p2a: Rillaboom|76/100|[from] Grassy Terrain
|-heal|p1a: Reuniclus|37/100|[from] Grassy Terrain
|-fieldend|move: Grassy Terrain
|upkeep
|turn|25
|
|t:|1743809564
|move|p2a: Rillaboom|Knock Off|p1a: Reuniclus
|-supereffective|p1a: Reuniclus
|-damage|p1a: Reuniclus|5/100
|move|p1a: Reuniclus|Focus Blast|p2a: Rillaboom
|-damage|p2a: Rillaboom|55/100
|
|upkeep
|turn|26
|
|t:|1743809571
|move|p2a: Rillaboom|Knock Off|p1a: Reuniclus
|-supereffective|p1a: Reuniclus
|-damage|p1a: Reuniclus|0 fnt
|faint|p1a: Reuniclus
|
|win|Darky0505
|raw|jibreel69's rating: 1204 &rarr; <strong>1181</strong><br />(-23 for losing)
|raw|Darky0505's rating: 1234 &rarr; <strong>1257</strong><br />(+23 for winning)
|l|☆Darky0505
|player|p2|
