|j|☆EK_49
|j|☆gaasss
|t:|1743938716
|gametype|singles
|player|p1|EK_49|dawn|1187
|player|p2|gaasss|nate|1200
|teamsize|p1|6
|teamsize|p2|6
|gen|9
|tier|[Gen 9] OU
|rated|
|rule|HP Percentage Mod: HP is shown in percentages
|rule|Endless Battle Clause: Forcing endless battles is banned
|rule|Species Clause: Limit one of each Pokémon
|rule|OHKO Clause: OHKO moves are banned
|rule|Evasion Items Clause: Evasion items are banned
|rule|Evasion Moves Clause: Evasion moves are banned
|rule|Sleep Moves Clause: Sleep-inducing moves are banned
|clearpoke
|poke|p1|Quaquaval, F|
|poke|p1|Incineroar, M|
|poke|p1|Pikachu, M|
|poke|p1|Ariados, M|
|poke|p1|Espeon, F|
|poke|p1|Great Tusk|
|poke|p2|Ursaluna, M|
|poke|p2|Dragonite, F|
|poke|p2|Dondozo, M|
|poke|p2|Ninetales-Alola, F|
|poke|p2|Iron Moth|
|poke|p2|Kingambit, M|
|teampreview
|inactive|Battle timer is ON: inactive players will automatically lose when time's up. (requested by EK_49)
|
|t:|1743938744
|start
|switch|p1a: Ariados|Ariados, M|100/100
|switch|p2a: Ursaluna|Ursaluna, M|100/100
|turn|1
|
|t:|1743938764
|move|p2a: Ursaluna|Swords Dance|p2a: Ursaluna
|-boost|p2a: Ursaluna|atk|2
|move|p1a: Ariados|Sticky Web|p2a: Ursaluna
|-sidestart|p2: gaasss|move: Sticky Web
|
|-status|p2a: Ursaluna|brn|[from] item: Flame Orb
|upkeep
|turn|2
|inactive|EK_49 has 120 seconds left.
|
|t:|1743938794
|move|p2a: Ursaluna|Earthquake|p1a: Ariados
|-damage|p1a: Ariados|0 fnt
|faint|p1a: Ariados
|
|-damage|p2a: Ursaluna|94/100 brn|[from] brn
|upkeep
|
|t:|1743938804
|switch|p1a: Quaquaval|Quaquaval, F|100/100
|turn|3
|
|t:|1743938817
|switch|p2a: Dondozo|Dondozo, M|100/100
|-activate|p2a: Dondozo|move: Sticky Web
|-unboost|p2a: Dondozo|spe|1
|move|p1a: Quaquaval|Wave Crash|p2a: Dondozo
|-resisted|p2a: Dondozo
|-damage|p2a: Dondozo|88/100
|-damage|p1a: Quaquaval|84/100|[from] item: Rocky Helmet|[of] p2a: Dondozo
|-damage|p1a: Quaquaval|78/100|[from] Recoil
|
|upkeep
|turn|4
|inactive|EK_49 has 120 seconds left.
|
|t:|1743938832
|move|p1a: Quaquaval|Close Combat|p2a: Dondozo
|-damage|p2a: Dondozo|61/100
|-unboost|p1a: Quaquaval|def|1
|-unboost|p1a: Quaquaval|spd|1
|-damage|p1a: Quaquaval|61/100|[from] item: Rocky Helmet|[of] p2a: Dondozo
|move|p2a: Dondozo|Body Press|p1a: Quaquaval
|-damage|p1a: Quaquaval|27/100
|
|upkeep
|turn|5
|inactive|EK_49 has 120 seconds left.
|
|t:|1743938843
|move|p1a: Quaquaval|Close Combat|p2a: Dondozo
|-damage|p2a: Dondozo|34/100
|-unboost|p1a: Quaquaval|def|1
|-unboost|p1a: Quaquaval|spd|1
|-damage|p1a: Quaquaval|10/100|[from] item: Rocky Helmet|[of] p2a: Dondozo
|move|p2a: Dondozo|Rest|p2a: Dondozo
|-status|p2a: Dondozo|slp|[from] move: Rest
|-heal|p2a: Dondozo|100/100 slp|[silent]
|
|upkeep
|turn|6
|inactive|EK_49 has 120 seconds left.
|
|t:|1743938856
|move|p1a: Quaquaval|Close Combat|p2a: Dondozo
|-damage|p2a: Dondozo|73/100 slp
|-unboost|p1a: Quaquaval|def|1
|-unboost|p1a: Quaquaval|spd|1
|-damage|p1a: Quaquaval|0 fnt|[from] item: Rocky Helmet|[of] p2a: Dondozo
|faint|p1a: Quaquaval
|cant|p2a: Dondozo|slp
|move|p2a: Dondozo|Sleep Talk|p2a: Dondozo
|move|p2a: Dondozo|Rest||[from] move: Sleep Talk|[still]
|-fail|p2a: Dondozo
|
|upkeep
|
|t:|1743938867
|switch|p1a: Espeon|Espeon, F|100/100
|turn|7
|
|t:|1743938878
|switch|p2a: Kingambit|Kingambit, M|100/100
|move|p1a: Espeon|Grass Knot|p2a: Kingambit
|-resisted|p2a: Kingambit
|-damage|p2a: Kingambit|73/100
|
|upkeep
|turn|8
|inactive|EK_49 has 120 seconds left.
|
|t:|1743938888
|switch|p1a: Incineroar|Incineroar, M|100/100
|-ability|p1a: Incineroar|Intimidate|boost
|-unboost|p2a: Kingambit|atk|1
|-ability|p2a: Kingambit|Defiant|boost
|-boost|p2a: Kingambit|atk|2
|move|p2a: Kingambit|Kowtow Cleave|p1a: Incineroar
|-resisted|p1a: Incineroar
|-damage|p1a: Incineroar|66/100
|
|-heal|p1a: Incineroar|72/100|[from] item: Leftovers
|upkeep
|turn|9
|inactive|EK_49 has 120 seconds left.
|
|t:|1743938901
|switch|p2a: Ursaluna|Ursaluna, M|94/100 brn
|-activate|p2a: Ursaluna|move: Sticky Web
|-unboost|p2a: Ursaluna|spe|1
|move|p1a: Incineroar|Flare Blitz|p2a: Ursaluna
|-damage|p2a: Ursaluna|48/100 brn
|-damage|p1a: Incineroar|54/100|[from] Recoil
|
|-heal|p1a: Incineroar|60/100|[from] item: Leftovers
|-damage|p2a: Ursaluna|41/100 brn|[from] brn
|upkeep
|turn|10
|inactive|EK_49 has 120 seconds left.
|
|t:|1743938917
|move|p1a: Incineroar|Parting Shot|p2a: Ursaluna
|-unboost|p2a: Ursaluna|atk|1
|-unboost|p2a: Ursaluna|spa|1
|inactive|EK_49 has 120 seconds left.
|
|t:|1743938923
|switch|p1a: Espeon|Espeon, F|100/100|[from] Parting Shot
|move|p2a: Ursaluna|Facade|p1a: Espeon
|-crit|p1a: Espeon
|-damage|p1a: Espeon|0 fnt
|faint|p1a: Espeon
|
|-damage|p2a: Ursaluna|35/100 brn|[from] brn
|upkeep
|inactive|EK_49 has 120 seconds left.
|
|t:|1743938932
|switch|p1a: Incineroar|Incineroar, M|60/100
|-ability|p1a: Incineroar|Intimidate|boost
|-unboost|p2a: Ursaluna|atk|1
|turn|11
|
|t:|1743938938
|move|p1a: Incineroar|Knock Off|p2a: Ursaluna
|-damage|p2a: Ursaluna|0 fnt
|-enditem|p2a: Ursaluna|Flame Orb|[from] move: Knock Off|[of] p1a: Incineroar
|faint|p2a: Ursaluna
|
|-heal|p1a: Incineroar|66/100|[from] item: Leftovers
|upkeep
|
|t:|1743938955
|switch|p2a: Iron Moth|Iron Moth|100/100
|turn|12
|
|t:|1743938962
|move|p2a: Iron Moth|Fiery Dance|p1a: Incineroar
|-resisted|p1a: Incineroar
|-damage|p1a: Incineroar|45/100
|-boost|p2a: Iron Moth|spa|1
|move|p1a: Incineroar|Knock Off|p2a: Iron Moth
|-damage|p2a: Iron Moth|12/100
|-enditem|p2a: Iron Moth|Heavy-Duty Boots|[from] move: Knock Off|[of] p1a: Incineroar
|
|-heal|p1a: Incineroar|51/100|[from] item: Leftovers
|upkeep
|turn|13
|
|t:|1743938977
|move|p2a: Iron Moth|Sludge Wave|p1a: Incineroar
|-damage|p1a: Incineroar|0 fnt
|faint|p1a: Incineroar
|
|upkeep
|
|t:|1743938982
|switch|p1a: Pikachu|Pikachu, M|100/100
|turn|14
|
|t:|1743938988
|move|p1a: Pikachu|Fake Out|p2a: Iron Moth
|-damage|p2a: Iron Moth|0 fnt
|faint|p2a: Iron Moth
|-end|p2a: Iron Moth|Quark Drive|[silent]
|
|upkeep
|
|t:|1743939000
|switch|p2a: Kingambit|Kingambit, M|73/100
|turn|15
|
|t:|1743939010
|move|p2a: Kingambit|Sucker Punch|p1a: Pikachu
|-damage|p1a: Pikachu|0 fnt
|faint|p1a: Pikachu
|
|upkeep
|
|t:|1743939015
|switch|p1a: Great Tusk|Great Tusk|100/100
|turn|16
|
|t:|1743939024
|-terastallize|p2a: Kingambit|Water
|move|p1a: Great Tusk|Body Press|p2a: Kingambit
|-damage|p2a: Kingambit|49/100
|move|p2a: Kingambit|Swords Dance|p2a: Kingambit
|-boost|p2a: Kingambit|atk|2
|
|upkeep
|turn|17
|
|t:|1743939038
|-terastallize|p1a: Great Tusk|Ground
|move|p2a: Kingambit|Sucker Punch|p1a: Great Tusk
|-damage|p1a: Great Tusk|44/100
|move|p1a: Great Tusk|Earthquake|p2a: Kingambit
|-damage|p2a: Kingambit|0 fnt
|faint|p2a: Kingambit
|
|upkeep
|
|t:|1743939050
|switch|p2a: Dragonite|Dragonite, F|100/100
|turn|18
|
|t:|1743939053
|move|p2a: Dragonite|Dragon Dance|p2a: Dragonite
|-boost|p2a: Dragonite|atk|1
|-boost|p2a: Dragonite|spe|1
|move|p1a: Great Tusk|Rock Slide|p2a: Dragonite
|-supereffective|p2a: Dragonite
|-damage|p2a: Dragonite|41/100
|
|upkeep
|turn|19
|
|t:|1743939061
|move|p2a: Dragonite|Extreme Speed|p1a: Great Tusk
|-damage|p1a: Great Tusk|14/100
|move|p1a: Great Tusk|Rock Slide|p2a: Dragonite
|-supereffective|p2a: Dragonite
|-damage|p2a: Dragonite|0 fnt
|faint|p2a: Dragonite
|
|upkeep
|
|t:|1743939069
|switch|p2a: Dondozo|Dondozo, M|73/100 slp
|-activate|p2a: Dondozo|move: Sticky Web
|-unboost|p2a: Dondozo|spe|1
|turn|20
|
|t:|1743939074
|move|p1a: Great Tusk|Rapid Spin|p2a: Dondozo
|-damage|p2a: Dondozo|64/100 slp
|-boost|p1a: Great Tusk|spe|1
|-damage|p1a: Great Tusk|0 fnt|[from] item: Rocky Helmet|[of] p2a: Dondozo
|faint|p1a: Great Tusk
|-end|p1a: Great Tusk|Protosynthesis|[silent]
|
|win|gaasss
|raw|EK_49's rating: 1187 &rarr; <strong>1163</strong><br />(-24 for losing)
|raw|gaasss's rating: 1200 &rarr; <strong>1224</strong><br />(+24 for winning)
|l|☆EK_49
|player|p1|
|l|☆gaasss
|player|p2|
