|j|☆ttttllllldibdhejd
|j|☆patobaby1234
|t:|1743828544
|gametype|singles
|player|p1|ttttllllldibdhejd|elesa|1123
|player|p2|patobaby1234|1|1094
|teamsize|p1|6
|teamsize|p2|6
|gen|9
|tier|[Gen 9] OU
|rated|
|rule|HP Percentage Mod: HP is shown in percentages
|rule|Endless Battle Clause: Forcing endless battles is banned
|rule|Species Clause: Limit one of each Pokémon
|rule|OHKO Clause: OHKO moves are banned
|rule|Evasion Items Clause: Evasion items are banned
|rule|Evasion Moves Clause: Evasion moves are banned
|rule|Sleep Moves Clause: Sleep-inducing moves are banned
|clearpoke
|poke|p1|Heatran, M|
|poke|p1|Volcanion|
|poke|p1|Torkoal, M|
|poke|p1|Venusaur, M|
|poke|p1|Walking Wake|
|poke|p1|Cloyster, M|
|poke|p2|Incineroar, M|
|poke|p2|Hydreigon, M|
|poke|p2|Slowking, F|
|poke|p2|Avalugg, M|
|poke|p2|Cetitan, M|
|poke|p2|Clefable, F|
|teampreview
|inactive|Battle timer is ON: inactive players will automatically lose when time's up. (requested by ttttllllldibdhejd)
|inactive|patobaby1234 has 120 seconds left.
|
|t:|1743828589
|start
|switch|p1a: Cloyster|Cloyster, M|100/100
|switch|p2a: Slowking|Slowking, F|100/100
|turn|1
|
|t:|1743828616
|move|p1a: Cloyster|Shell Smash|p1a: Cloyster
|-unboost|p1a: Cloyster|def|1
|-unboost|p1a: Cloyster|spd|1
|-boost|p1a: Cloyster|atk|2
|-boost|p1a: Cloyster|spa|2
|-boost|p1a: Cloyster|spe|2
|-prepare|p2a: Slowking|Chilly Reception|[premajor]
|move|p2a: Slowking|Chilly Reception|p2a: Slowking
|-weather|Snowscape
|
|t:|1743828636
|switch|p2a: Avalugg|Avalugg, M|100/100|[from] Chilly Reception
|
|-weather|Snowscape|[upkeep]
|upkeep
|turn|2
|
|t:|1743828651
|move|p1a: Cloyster|Rock Blast|p2a: Avalugg
|-supereffective|p2a: Avalugg
|-damage|p2a: Avalugg|92/100
|-supereffective|p2a: Avalugg
|-damage|p2a: Avalugg|84/100
|-supereffective|p2a: Avalugg
|-damage|p2a: Avalugg|75/100
|-supereffective|p2a: Avalugg
|-damage|p2a: Avalugg|65/100
|-supereffective|p2a: Avalugg
|-damage|p2a: Avalugg|57/100
|-hitcount|p2a: Avalugg|5
|move|p2a: Avalugg|Body Press|p1a: Cloyster
|-supereffective|p1a: Cloyster
|-damage|p1a: Cloyster|31/100
|
|-weather|Snowscape|[upkeep]
|-heal|p2a: Avalugg|63/100|[from] ability: Ice Body
|upkeep
|turn|3
|inactive|ttttllllldibdhejd has 120 seconds left.
|
|t:|1743828686
|move|p1a: Cloyster|Rock Blast|p2a: Avalugg
|-supereffective|p2a: Avalugg
|-damage|p2a: Avalugg|54/100
|-supereffective|p2a: Avalugg
|-damage|p2a: Avalugg|46/100
|-supereffective|p2a: Avalugg
|-damage|p2a: Avalugg|37/100
|-supereffective|p2a: Avalugg
|-damage|p2a: Avalugg|28/100
|-supereffective|p2a: Avalugg
|-damage|p2a: Avalugg|19/100
|-hitcount|p2a: Avalugg|5
|move|p2a: Avalugg|Recover|p2a: Avalugg
|-heal|p2a: Avalugg|69/100
|
|-weather|Snowscape|[upkeep]
|-heal|p2a: Avalugg|75/100|[from] ability: Ice Body
|upkeep
|turn|4
|
|t:|1743828701
|move|p1a: Cloyster|Shell Smash|p1a: Cloyster
|-unboost|p1a: Cloyster|def|1
|-unboost|p1a: Cloyster|spd|1
|-boost|p1a: Cloyster|atk|2
|-boost|p1a: Cloyster|spa|2
|-boost|p1a: Cloyster|spe|2
|move|p2a: Avalugg|Body Press|p1a: Cloyster
|-supereffective|p1a: Cloyster
|-damage|p1a: Cloyster|0 fnt
|faint|p1a: Cloyster
|
|-weather|Snowscape|[upkeep]
|-heal|p2a: Avalugg|81/100|[from] ability: Ice Body
|upkeep
|
|t:|1743828709
|switch|p1a: Torkoal|Torkoal, M|100/100
|-weather|SunnyDay|[from] ability: Drought|[of] p1a: Torkoal
|turn|5
|
|t:|1743828718
|switch|p2a: Incineroar|Incineroar, M|100/100
|-ability|p2a: Incineroar|Intimidate|boost
|-unboost|p1a: Torkoal|atk|1
|move|p1a: Torkoal|Will-O-Wisp|p2a: Incineroar
|-immune|p2a: Incineroar
|
|-weather|SunnyDay|[upkeep]
|upkeep
|turn|6
|
|t:|1743828729
|switch|p1a: Walking Wake|Walking Wake|100/100
|-activate|p1a: Walking Wake|ability: Protosynthesis
|-start|p1a: Walking Wake|protosynthesisspa
|move|p2a: Incineroar|Knock Off|p1a: Walking Wake
|-damage|p1a: Walking Wake|44/100
|-enditem|p1a: Walking Wake|Life Orb|[from] move: Knock Off|[of] p2a: Incineroar
|
|-weather|SunnyDay|[upkeep]
|upkeep
|turn|7
|
|t:|1743828747
|switch|p2a: Slowking|Slowking, F|100/100
|move|p1a: Walking Wake|Hydro Steam|p2a: Slowking
|-resisted|p2a: Slowking
|-damage|p2a: Slowking|68/100
|
|-weather|SunnyDay|[upkeep]
|-heal|p2a: Slowking|74/100|[from] item: Leftovers
|upkeep
|turn|8
|
|t:|1743828762
|move|p1a: Walking Wake|Dragon Pulse|p2a: Slowking
|-damage|p2a: Slowking|28/100
|move|p2a: Slowking|Psychic|p1a: Walking Wake
|-damage|p1a: Walking Wake|6/100
|
|-weather|SunnyDay|[upkeep]
|-heal|p2a: Slowking|34/100|[from] item: Leftovers
|upkeep
|turn|9
|inactive|ttttllllldibdhejd has 120 seconds left.
|
|t:|1743828771
|switch|p2a: Clefable|Clefable, F|100/100
|move|p1a: Walking Wake|Dragon Pulse|p2a: Clefable
|-immune|p2a: Clefable
|
|-weather|SunnyDay|[upkeep]
|upkeep
|turn|10
|inactive|ttttllllldibdhejd has 120 seconds left.
|
|t:|1743828782
|-end|p1a: Walking Wake|Protosynthesis|[silent]
|switch|p1a: Venusaur|Venusaur, M|100/100
|move|p2a: Clefable|Thunderbolt|p1a: Venusaur
|-resisted|p1a: Venusaur
|-crit|p1a: Venusaur
|-damage|p1a: Venusaur|84/100
|
|-weather|SunnyDay|[upkeep]
|-heal|p1a: Venusaur|90/100|[from] item: Leftovers
|upkeep
|turn|11
|
|t:|1743828793
|switch|p2a: Slowking|Slowking, F|34/100
|move|p1a: Venusaur|Sludge Bomb|p2a: Slowking
|-damage|p2a: Slowking|0 fnt
|faint|p2a: Slowking
|
|-weather|SunnyDay|[upkeep]
|-heal|p1a: Venusaur|96/100|[from] item: Leftovers
|upkeep
|inactive|patobaby1234 has 120 seconds left.
|
|t:|1743828814
|switch|p2a: Avalugg|Avalugg, M|81/100
|turn|12
|
|t:|1743828828
|move|p1a: Venusaur|Sludge Bomb|p2a: Avalugg
|-damage|p2a: Avalugg|16/100
|move|p2a: Avalugg|Avalanche|p1a: Venusaur
|-supereffective|p1a: Venusaur
|-crit|p1a: Venusaur
|-damage|p1a: Venusaur|0 fnt
|faint|p1a: Venusaur
|
|-weather|none
|upkeep
|
|t:|1743828836
|switch|p1a: Torkoal|Torkoal, M|100/100
|-weather|SunnyDay|[from] ability: Drought|[of] p1a: Torkoal
|turn|13
|
|t:|1743828844
|switch|p1a: Heatran|Heatran, M|100/100
|move|p2a: Avalugg|Recover|p2a: Avalugg
|-heal|p2a: Avalugg|66/100
|
|-weather|SunnyDay|[upkeep]
|upkeep
|turn|14
|
|t:|1743828853
|switch|p2a: Incineroar|Incineroar, M|100/100
|-ability|p2a: Incineroar|Intimidate|boost
|-unboost|p1a: Heatran|atk|1
|move|p1a: Heatran|Magma Storm|p2a: Incineroar
|-resisted|p2a: Incineroar
|-damage|p2a: Incineroar|72/100
|-activate|p2a: Incineroar|move: Magma Storm|[of] p1a: Heatran
|
|-weather|SunnyDay|[upkeep]
|-damage|p2a: Incineroar|59/100|[from] move: Magma Storm|[partiallytrapped]
|upkeep
|turn|15
|
|t:|1743828869
|-terastallize|p1a: Heatran|Flying
|move|p1a: Heatran|Power Gem|p2a: Incineroar
|-supereffective|p2a: Incineroar
|-damage|p2a: Incineroar|19/100
|move|p2a: Incineroar|Knock Off|p1a: Heatran
|-damage|p1a: Heatran|59/100
|-enditem|p1a: Heatran|Grip Claw|[from] move: Knock Off|[of] p2a: Incineroar
|
|-weather|SunnyDay|[upkeep]
|-damage|p2a: Incineroar|7/100|[from] move: Magma Storm|[partiallytrapped]
|upkeep
|turn|16
|
|t:|1743828885
|move|p1a: Heatran|Power Gem|p2a: Incineroar
|-supereffective|p2a: Incineroar
|-damage|p2a: Incineroar|0 fnt
|faint|p2a: Incineroar
|
|-weather|SunnyDay|[upkeep]
|upkeep
|
|t:|1743828895
|switch|p2a: Hydreigon|Hydreigon, M|100/100
|turn|17
|
|t:|1743828902
|move|p2a: Hydreigon|Draco Meteor|p1a: Heatran
|-damage|p1a: Heatran|0 fnt
|-unboost|p2a: Hydreigon|spa|2
|faint|p1a: Heatran
|
|-weather|SunnyDay|[upkeep]
|upkeep
|
|t:|1743828910
|switch|p1a: Walking Wake|Walking Wake|6/100
|-activate|p1a: Walking Wake|ability: Protosynthesis
|-start|p1a: Walking Wake|protosynthesisspa
|turn|18
|
|t:|1743828915
|move|p2a: Hydreigon|Draco Meteor|p1a: Walking Wake
|-supereffective|p1a: Walking Wake
|-damage|p1a: Walking Wake|0 fnt
|-unboost|p2a: Hydreigon|spa|2
|faint|p1a: Walking Wake
|-end|p1a: Walking Wake|Protosynthesis|[silent]
|
|-weather|SunnyDay|[upkeep]
|upkeep
|inactive|ttttllllldibdhejd has 120 seconds left.
|inactive|ttttllllldibdhejd has 90 seconds left.
|inactive|ttttllllldibdhejd has 60 seconds left.
|inactive|ttttllllldibdhejd has 30 seconds left.
|inactive|ttttllllldibdhejd has 20 seconds left.
|inactive|ttttllllldibdhejd has 15 seconds left.
|inactive|ttttllllldibdhejd has 10 seconds left.
|inactive|ttttllllldibdhejd has 5 seconds left.
|-message|ttttllllldibdhejd lost due to inactivity.
|
|win|patobaby1234
|raw|ttttllllldibdhejd's rating: 1123 &rarr; <strong>1096</strong><br />(-27 for losing)
|raw|patobaby1234's rating: 1094 &rarr; <strong>1122</strong><br />(+28 for winning)
|l|☆patobaby1234
|player|p2|
|l|☆ttttllllldibdhejd
|player|p1|
