|j|☆imnewbutillbeatu
|j|☆Ry Izzle
|t:|1743914288
|gametype|singles
|player|p1|imnewbutillbeatu|1|1174
|player|p2|Ry Izzle|musician|1159
|teamsize|p1|6
|teamsize|p2|6
|gen|9
|tier|[Gen 9] OU
|rated|
|rule|HP Percentage Mod: HP is shown in percentages
|rule|Endless Battle Clause: Forcing endless battles is banned
|rule|Species Clause: Limit one of each Pokémon
|rule|OHKO Clause: OHKO moves are banned
|rule|Evasion Items Clause: Evasion items are banned
|rule|Evasion Moves Clause: Evasion moves are banned
|rule|Sleep Moves Clause: Sleep-inducing moves are banned
|clearpoke
|poke|p1|Iron Moth|
|poke|p1|Grafaiai, M|
|poke|p1|Dragapult, M|
|poke|p1|Zamazenta-*|
|poke|p1|Hawlucha, F|
|poke|p1|Cloyster, F|
|poke|p2|Glimmora, F|
|poke|p2|Zamazenta-*|
|poke|p2|Latias, F|
|poke|p2|Gholdengo|
|poke|p2|Dragonite, M|
|poke|p2|Weavile, M|
|teampreview
|inactive|Battle timer is ON: inactive players will automatically lose when time's up. (requested by Ry Izzle)
|
|t:|1743914313
|start
|switch|p1a: Cloyster|Cloyster, F|100/100
|switch|p2a: Gholdengo|Gholdengo|100/100
|turn|1
|
|t:|1743914320
|move|p2a: Gholdengo|Shadow Ball|p1a: Cloyster
|-enditem|p1a: Cloyster|Focus Sash
|-damage|p1a: Cloyster|1/100
|move|p1a: Cloyster|Shell Smash|p1a: Cloyster
|-unboost|p1a: Cloyster|def|1
|-unboost|p1a: Cloyster|spd|1
|-boost|p1a: Cloyster|atk|2
|-boost|p1a: Cloyster|spa|2
|-boost|p1a: Cloyster|spe|2
|
|upkeep
|turn|2
|
|t:|1743914325
|move|p1a: Cloyster|Drill Run|p2a: Gholdengo
|-supereffective|p2a: Gholdengo
|-damage|p2a: Gholdengo|2/100
|move|p2a: Gholdengo|Shadow Ball|p1a: Cloyster
|-damage|p1a: Cloyster|0 fnt
|faint|p1a: Cloyster
|
|upkeep
|c|☆imnewbutillbeatu|noooo
|
|t:|1743914336
|switch|p1a: Iron Moth|Iron Moth|100/100
|-enditem|p1a: Iron Moth|Booster Energy
|-activate|p1a: Iron Moth|ability: Quark Drive|[fromitem]
|-start|p1a: Iron Moth|quarkdrivespa
|turn|3
|-enditem|p2a: Gholdengo|Custap Berry|[eat]
|-activate|p2a: Gholdengo|item: Custap Berry|[consumed]
|
|t:|1743914343
|move|p2a: Gholdengo|Shadow Ball|p1a: Iron Moth
|-damage|p1a: Iron Moth|56/100
|move|p1a: Iron Moth|Fiery Dance|p2a: Gholdengo
|-supereffective|p2a: Gholdengo
|-damage|p2a: Gholdengo|0 fnt
|faint|p2a: Gholdengo
|
|upkeep
|c|☆imnewbutillbeatu|oops i'm supposed to be booster speed
|
|t:|1743914358
|switch|p2a: Weavile|Weavile, M|100/100
|turn|4
|
|t:|1743914369
|move|p2a: Weavile|Knock Off|p1a: Iron Moth
|-damage|p1a: Iron Moth|0 fnt
|faint|p1a: Iron Moth
|-end|p1a: Iron Moth|Quark Drive|[silent]
|-damage|p2a: Weavile|91/100|[from] item: Life Orb
|
|upkeep
|
|t:|1743914379
|switch|p1a: Hawlucha|Hawlucha, F|100/100
|turn|5
|
|t:|1743914383
|move|p2a: Weavile|Triple Axel|p1a: Hawlucha|[miss]
|-miss|p2a: Weavile|p1a: Hawlucha
|move|p1a: Hawlucha|Swords Dance|p1a: Hawlucha
|-boost|p1a: Hawlucha|atk|2
|
|upkeep
|turn|6
|
|t:|1743914389
|move|p2a: Weavile|Triple Axel|p1a: Hawlucha
|-supereffective|p1a: Hawlucha
|-damage|p1a: Hawlucha|60/100
|-supereffective|p1a: Hawlucha
|-damage|p1a: Hawlucha|0 fnt
|faint|p1a: Hawlucha
|-hitcount|p1: Hawlucha|2
|-damage|p2a: Weavile|81/100|[from] item: Life Orb
|
|upkeep
|
|t:|1743914395
|switch|p1a: Zamazenta|Zamazenta|100/100
|-ability|p1a: Zamazenta|Dauntless Shield|boost
|-boost|p1a: Zamazenta|def|1
|turn|7
|
|t:|1743914407
|switch|p2a: Latias|Latias, F|100/100
|move|p1a: Zamazenta|Iron Defense|p1a: Zamazenta
|-boost|p1a: Zamazenta|def|2
|
|upkeep
|turn|8
|
|t:|1743914415
|move|p1a: Zamazenta|Substitute|p1a: Zamazenta
|-start|p1a: Zamazenta|Substitute
|-damage|p1a: Zamazenta|76/100
|move|p2a: Latias|Calm Mind|p2a: Latias
|-boost|p2a: Latias|spa|1
|-boost|p2a: Latias|spd|1
|
|-heal|p1a: Zamazenta|82/100|[from] item: Leftovers
|upkeep
|turn|9
|
|t:|1743914421
|move|p1a: Zamazenta|Crunch|p2a: Latias
|-supereffective|p2a: Latias
|-damage|p2a: Latias|61/100
|-unboost|p2a: Latias|def|1
|move|p2a: Latias|Agility|p2a: Latias
|-boost|p2a: Latias|spe|2
|
|-heal|p2a: Latias|68/100|[from] item: Leftovers
|-heal|p1a: Zamazenta|88/100|[from] item: Leftovers
|upkeep
|turn|10
|
|t:|1743914430
|-terastallize|p2a: Latias|Fairy
|move|p2a: Latias|Stored Power|p1a: Zamazenta
|-supereffective|p1a: Zamazenta
|-end|p1a: Zamazenta|Substitute
|move|p1a: Zamazenta|Body Press|p2a: Latias
|-resisted|p2a: Latias
|-damage|p2a: Latias|14/100
|
|-heal|p2a: Latias|20/100|[from] item: Leftovers
|-heal|p1a: Zamazenta|94/100|[from] item: Leftovers
|upkeep
|turn|11
|
|t:|1743914443
|move|p2a: Latias|Stored Power|p1a: Zamazenta
|-supereffective|p1a: Zamazenta
|-damage|p1a: Zamazenta|1/100
|move|p1a: Zamazenta|Body Press|p2a: Latias
|-resisted|p2a: Latias
|-crit|p2a: Latias
|-damage|p2a: Latias|0 fnt
|faint|p2a: Latias
|
|-heal|p1a: Zamazenta|7/100|[from] item: Leftovers
|upkeep
|
|t:|1743914448
|switch|p2a: Dragonite|Dragonite, M|100/100
|turn|12
|
|t:|1743914452
|switch|p1a: Dragapult|Dragapult, M|100/100
|move|p2a: Dragonite|Extreme Speed|p1a: Dragapult
|-immune|p1a: Dragapult
|
|upkeep
|turn|13
|
|t:|1743914458
|switch|p2a: Glimmora|Glimmora, F|100/100
|-terastallize|p1a: Dragapult|Dragon
|move|p1a: Dragapult|Dragon Darts|p2a: Glimmora
|-damage|p2a: Glimmora|55/100
|-activate|p2a: Glimmora|ability: Toxic Debris
|-sidestart|p1: imnewbutillbeatu|move: Toxic Spikes
|-anim|p1a: Dragapult|Dragon Darts|p2a: Glimmora
|-damage|p2a: Glimmora|4/100
|-activate|p2a: Glimmora|ability: Toxic Debris
|-sidestart|p1: imnewbutillbeatu|move: Toxic Spikes
|-enditem|p2a: Glimmora|Red Card|[of] p1a: Dragapult
|drag|p1a: Zamazenta|Zamazenta|7/100
|-status|p1a: Zamazenta|tox
|
|-heal|p1a: Zamazenta|14/100 tox|[from] item: Leftovers
|-damage|p1a: Zamazenta|7/100 tox|[from] psn
|upkeep
|turn|14
|
|t:|1743914473
|move|p1a: Zamazenta|Crunch|p2a: Glimmora
|-damage|p2a: Glimmora|0 fnt
|faint|p2a: Glimmora
|
|-heal|p1a: Zamazenta|14/100 tox|[from] item: Leftovers
|-damage|p1a: Zamazenta|1/100 tox|[from] psn
|upkeep
|
|t:|1743914484
|switch|p2a: Zamazenta|Zamazenta|100/100
|-ability|p2a: Zamazenta|Dauntless Shield|boost
|-boost|p2a: Zamazenta|def|1
|turn|15
|
|t:|1743914491
|move|p1a: Zamazenta|Body Press|p2a: Zamazenta
|-damage|p2a: Zamazenta|85/100
|move|p2a: Zamazenta|Substitute|p2a: Zamazenta
|-start|p2a: Zamazenta|Substitute
|-damage|p2a: Zamazenta|60/100
|
|-heal|p2a: Zamazenta|67/100|[from] item: Leftovers
|-heal|p1a: Zamazenta|7/100 tox|[from] item: Leftovers
|-damage|p1a: Zamazenta|0 fnt|[from] psn
|faint|p1a: Zamazenta
|upkeep
|
|t:|1743914498
|switch|p1a: Grafaiai|Grafaiai, M|100/100
|-sideend|p1: imnewbutillbeatu|move: Toxic Spikes|[of] p1a: Grafaiai
|turn|16
|
|t:|1743914506
|move|p2a: Zamazenta|Body Press|p1a: Grafaiai
|-damage|p1a: Grafaiai|6/100
|move|p1a: Grafaiai|Acrobatics|p2a: Zamazenta
|-supereffective|p2a: Zamazenta
|-activate|p2a: Zamazenta|move: Substitute|[damage]
|
|-heal|p2a: Zamazenta|73/100|[from] item: Leftovers
|upkeep
|turn|17
|
|t:|1743914518
|move|p2a: Zamazenta|Body Press|p1a: Grafaiai
|-damage|p1a: Grafaiai|0 fnt
|faint|p1a: Grafaiai
|
|-heal|p2a: Zamazenta|79/100|[from] item: Leftovers
|upkeep
|
|t:|1743914521
|switch|p1a: Dragapult|Dragapult, M, tera:Dragon|100/100
|turn|18
|
|t:|1743914525
|move|p1a: Dragapult|Dragon Darts|p2a: Zamazenta
|-end|p2a: Zamazenta|Substitute
|-anim|p1a: Dragapult|Dragon Darts|p2a: Zamazenta
|-damage|p2a: Zamazenta|52/100
|move|p2a: Zamazenta|Body Press|p1a: Dragapult
|-damage|p1a: Dragapult|16/100
|
|-heal|p2a: Zamazenta|58/100|[from] item: Leftovers
|upkeep
|turn|19
|
|t:|1743914532
|move|p1a: Dragapult|Dragon Darts|p2a: Zamazenta
|-damage|p2a: Zamazenta|34/100
|-anim|p1a: Dragapult|Dragon Darts|p2a: Zamazenta
|-damage|p2a: Zamazenta|8/100
|move|p2a: Zamazenta|Body Press|p1a: Dragapult
|-damage|p1a: Dragapult|0 fnt
|faint|p1a: Dragapult
|
|win|Ry Izzle
|raw|imnewbutillbeatu's rating: 1174 &rarr; <strong>1148</strong><br />(-26 for losing)
|raw|Ry Izzle's rating: 1159 &rarr; <strong>1185</strong><br />(+26 for winning)
|l|☆imnewbutillbeatu
|player|p1|
|l|☆Ry Izzle
|player|p2|
