|j|☆hugobui0105
|j|☆lupiit
|t:|1743850825
|gametype|singles
|player|p1|hugobui0105|scientist-gen4dp|1553
|player|p2|lupiit|dragontamer|1503
|teamsize|p1|6
|teamsize|p2|6
|gen|9
|tier|[Gen 9] OU
|rated|
|rule|HP Percentage Mod: HP is shown in percentages
|rule|Endless Battle Clause: Forcing endless battles is banned
|rule|Species Clause: Limit one of each Pokémon
|rule|OHKO Clause: OHKO moves are banned
|rule|Evasion Items Clause: Evasion items are banned
|rule|Evasion Moves Clause: Evasion moves are banned
|rule|Sleep Moves Clause: Sleep-inducing moves are banned
|clearpoke
|poke|p1|Kyurem|
|poke|p1|Ting-Lu|
|poke|p1|Corviknight, M|
|poke|p1|Weezing-Galar, M|
|poke|p1|Zamazenta-*|
|poke|p1|Toxapex, M|
|poke|p2|Hoopa-Unbound|
|poke|p2|Glimmora, F|
|poke|p2|Ninetales-Alola, F|
|poke|p2|Incineroar, M|
|poke|p2|Kingambit, M|
|poke|p2|Dragapult, F|
|teampreview
|inactive|Battle timer is ON: inactive players will automatically lose when time's up. (requested by hugobui0105)
|
|t:|1743850857
|start
|switch|p1a: Trojan|Zamazenta, shiny|100/100
|switch|p2a: Glimmora|Glimmora, F|100/100
|-ability|p1a: Trojan|Dauntless Shield|boost
|-boost|p1a: Trojan|def|1
|turn|1
|
|t:|1743850877
|move|p1a: Trojan|Close Combat|p2a: Glimmora
|-enditem|p2a: Glimmora|Focus Sash
|-damage|p2a: Glimmora|1/100
|-unboost|p1a: Trojan|def|1
|-unboost|p1a: Trojan|spd|1
|-activate|p2a: Glimmora|ability: Toxic Debris
|-sidestart|p1: hugobui0105|move: Toxic Spikes
|move|p2a: Glimmora|Mortal Spin|p1a: Trojan
|-damage|p1a: Trojan|94/100
|-status|p1a: Trojan|psn
|
|-damage|p1a: Trojan|82/100 psn|[from] psn
|upkeep
|turn|2
|
|t:|1743850889
|switch|p1a: Sentinel|Weezing-Galar, M, shiny|100/100
|-ability|p1a: Sentinel|Neutralizing Gas
|-sideend|p1: hugobui0105|move: Toxic Spikes|[of] p1a: Sentinel
|switch|p2a: Dragapult|Dragapult, F|100/100
|
|upkeep
|turn|3
|
|t:|1743850899
|switch|p2a: Incineroar|Incineroar, M|100/100
|move|p1a: Sentinel|Strange Steam|p2a: Incineroar
|-damage|p2a: Incineroar|74/100
|-start|p2a: Incineroar|confusion
|
|upkeep
|turn|4
|
|t:|1743850903
|-activate|p2a: Incineroar|confusion
|-damage|p2a: Incineroar|66/100|[from] confusion
|move|p1a: Sentinel|Strange Steam|p2a: Incineroar
|-damage|p2a: Incineroar|39/100
|
|upkeep
|turn|5
|
|t:|1743850909
|move|p1a: Sentinel|Strange Steam|p2a: Incineroar
|-damage|p2a: Incineroar|14/100
|-end|p2a: Incineroar|confusion
|move|p2a: Incineroar|Parting Shot|p1a: Sentinel
|-unboost|p1a: Sentinel|atk|1
|-unboost|p1a: Sentinel|spa|1
|
|t:|1743850912
|switch|p2a: Hoopa|Hoopa-Unbound|100/100|[from] Parting Shot
|
|upkeep
|turn|6
|
|t:|1743850917
|-end|p1a: Sentinel|ability: Neutralizing Gas
|switch|p1a: Goliath|Ting-Lu|100/100
|-ability|p1a: Goliath|Vessel of Ruin
|move|p2a: Hoopa|Calm Mind|p2a: Hoopa
|-boost|p2a: Hoopa|spa|1
|-boost|p2a: Hoopa|spd|1
|
|upkeep
|turn|7
|
|t:|1743850926
|switch|p2a: Glimmora|Glimmora, F|1/100
|move|p1a: Goliath|Ruination|p2a: Glimmora
|-damage|p2a: Glimmora|0 fnt
|faint|p2a: Glimmora
|
|upkeep
|
|t:|1743850932
|switch|p2a: Ninetales|Ninetales-Alola, F|100/100
|-weather|Snowscape|[from] ability: Snow Warning|[of] p2a: Ninetales
|turn|8
|
|t:|1743850941
|move|p2a: Ninetales|Blizzard|p1a: Goliath
|-supereffective|p1a: Goliath
|-damage|p1a: Goliath|66/100
|move|p1a: Goliath|Ruination|p2a: Ninetales
|-damage|p2a: Ninetales|51/100
|
|-weather|Snowscape|[upkeep]
|-heal|p1a: Goliath|72/100|[from] item: Leftovers
|upkeep
|turn|9
|
|t:|1743850948
|move|p2a: Ninetales|Blizzard|p1a: Goliath
|-supereffective|p1a: Goliath
|-damage|p1a: Goliath|36/100
|move|p1a: Goliath|Stealth Rock|p2a: Ninetales
|-sidestart|p2: lupiit|move: Stealth Rock
|
|-weather|Snowscape|[upkeep]
|-heal|p1a: Goliath|42/100|[from] item: Leftovers
|upkeep
|turn|10
|
|t:|1743850953
|switch|p1a: Serpentine|Toxapex, M, shiny|100/100
|move|p2a: Ninetales|Aurora Veil|p2a: Ninetales
|-sidestart|p2: lupiit|move: Aurora Veil
|
|-weather|Snowscape|[upkeep]
|upkeep
|turn|11
|
|t:|1743850956
|move|p2a: Ninetales|Freeze-Dry|p1a: Serpentine
|-supereffective|p1a: Serpentine
|-damage|p1a: Serpentine|71/100
|move|p1a: Serpentine|Sludge Bomb|p2a: Ninetales
|-supereffective|p2a: Ninetales
|-damage|p2a: Ninetales|15/100
|-status|p2a: Ninetales|psn
|
|-weather|Snowscape|[upkeep]
|-damage|p2a: Ninetales|3/100 psn|[from] psn
|upkeep
|turn|12
|
|t:|1743850962
|move|p2a: Ninetales|Freeze-Dry|p1a: Serpentine
|-supereffective|p1a: Serpentine
|-damage|p1a: Serpentine|39/100
|move|p1a: Serpentine|Sludge Bomb|p2a: Ninetales
|-supereffective|p2a: Ninetales
|-damage|p2a: Ninetales|0 fnt
|faint|p2a: Ninetales
|
|-weather|none
|upkeep
|
|t:|1743850970
|switch|p2a: Hoopa|Hoopa-Unbound|100/100
|-damage|p2a: Hoopa|88/100|[from] Stealth Rock
|turn|13
|
|t:|1743850975
|move|p2a: Hoopa|Substitute|p2a: Hoopa
|-start|p2a: Hoopa|Substitute
|-damage|p2a: Hoopa|63/100
|move|p1a: Serpentine|Acid Spray|p2a: Hoopa
|-activate|p2a: Hoopa|move: Substitute|[damage]
|
|-heal|p2a: Hoopa|69/100|[from] item: Leftovers
|upkeep
|turn|14
|
|t:|1743850979
|move|p2a: Hoopa|Calm Mind|p2a: Hoopa
|-boost|p2a: Hoopa|spa|1
|-boost|p2a: Hoopa|spd|1
|move|p1a: Serpentine|Sludge Bomb|p2a: Hoopa
|-activate|p2a: Hoopa|move: Substitute|[damage]
|
|-heal|p2a: Hoopa|75/100|[from] item: Leftovers
|upkeep
|turn|15
|
|t:|1743850982
|move|p2a: Hoopa|Dark Pulse|p1a: Serpentine
|-damage|p1a: Serpentine|0 fnt
|faint|p1a: Serpentine
|
|-heal|p2a: Hoopa|81/100|[from] item: Leftovers
|upkeep
|
|t:|1743851000
|switch|p1a: Goliath|Ting-Lu|42/100
|-ability|p1a: Goliath|Vessel of Ruin
|turn|16
|
|t:|1743851006
|move|p2a: Hoopa|Dark Pulse|p1a: Goliath
|-resisted|p1a: Goliath
|-damage|p1a: Goliath|26/100
|cant|p1a: Goliath|flinch
|
|-heal|p2a: Hoopa|87/100|[from] item: Leftovers
|-heal|p1a: Goliath|32/100|[from] item: Leftovers
|upkeep
|turn|17
|
|t:|1743851011
|move|p2a: Hoopa|Dark Pulse|p1a: Goliath
|-resisted|p1a: Goliath
|-damage|p1a: Goliath|16/100
|move|p1a: Goliath|Whirlwind|p2a: Hoopa
|drag|p2a: Kingambit|Kingambit, M|100/100
|-damage|p2a: Kingambit|94/100|[from] Stealth Rock
|-activate|p2a: Kingambit|ability: Supreme Overlord
|-start|p2a: Kingambit|fallen2|[silent]
|
|-heal|p2a: Kingambit|100/100|[from] item: Leftovers
|-heal|p1a: Goliath|22/100|[from] item: Leftovers
|-sideend|p2: lupiit|move: Aurora Veil
|upkeep
|turn|18
|
|t:|1743851015
|switch|p1a: Yami|Corviknight, M, shiny|100/100
|-ability|p1a: Yami|Pressure
|move|p2a: Kingambit|Iron Head|p1a: Yami
|-resisted|p1a: Yami
|-damage|p1a: Yami|84/100
|-damage|p2a: Kingambit|84/100|[from] item: Rocky Helmet|[of] p1a: Yami
|
|-heal|p2a: Kingambit|90/100|[from] item: Leftovers
|upkeep
|turn|19
|
|t:|1743851025
|move|p2a: Kingambit|Kowtow Cleave|p1a: Yami
|-damage|p1a: Yami|51/100
|-damage|p2a: Kingambit|74/100|[from] item: Rocky Helmet|[of] p1a: Yami
|move|p1a: Yami|U-turn|p2a: Kingambit
|-damage|p2a: Kingambit|61/100
|
|t:|1743851033
|switch|p1a: Trojan|Zamazenta, shiny|82/100 psn|[from] U-turn
|
|-heal|p2a: Kingambit|67/100|[from] item: Leftovers
|-damage|p1a: Trojan|69/100 psn|[from] psn
|upkeep
|turn|20
|
|t:|1743851043
|switch|p1a: Yami|Corviknight, M, shiny|51/100
|-ability|p1a: Yami|Pressure
|-end|p2a: Kingambit|fallen2|[silent]
|switch|p2a: Incineroar|Incineroar, M|14/100
|-ability|p2a: Incineroar|Intimidate|boost
|-unboost|p1a: Yami|atk|1
|
|upkeep
|turn|21
|
|t:|1743851049
|move|p2a: Incineroar|Parting Shot|p1a: Yami
|-unboost|p1a: Yami|atk|1
|-unboost|p1a: Yami|spa|1
|
|t:|1743851051
|switch|p2a: Dragapult|Dragapult, F|100/100|[from] Parting Shot
|-damage|p2a: Dragapult|88/100|[from] Stealth Rock
|move|p1a: Yami|Body Press|p2a: Dragapult
|-immune|p2a: Dragapult
|
|upkeep
|turn|22
|
|t:|1743851056
|switch|p1a: Sentinel|Weezing-Galar, M, shiny|100/100
|-ability|p1a: Sentinel|Neutralizing Gas
|move|p2a: Dragapult|Dragon Dance|p2a: Dragapult
|-boost|p2a: Dragapult|atk|1
|-boost|p2a: Dragapult|spe|1
|
|upkeep
|turn|23
|
|t:|1743851067
|-terastallize|p2a: Dragapult|Fire
|move|p2a: Dragapult|Substitute|p2a: Dragapult
|-start|p2a: Dragapult|Substitute
|-damage|p2a: Dragapult|63/100
|move|p1a: Sentinel|Will-O-Wisp||[still]
|-fail|p1a: Sentinel
|
|upkeep
|turn|24
|
|t:|1743851078
|move|p2a: Dragapult|Dragon Dance|p2a: Dragapult
|-boost|p2a: Dragapult|atk|1
|-boost|p2a: Dragapult|spe|1
|move|p1a: Sentinel|Strange Steam|p2a: Dragapult
|-resisted|p2a: Dragapult
|-activate|p2a: Dragapult|move: Substitute|[damage]
|
|upkeep
|turn|25
|
|t:|1743851084
|move|p2a: Dragapult|Tera Blast|p1a: Sentinel|[anim] Tera Blast Fire
|-damage|p1a: Sentinel|28/100
|-damage|p2a: Dragapult|53/100|[from] item: Life Orb
|move|p1a: Sentinel|Strange Steam|p2a: Dragapult
|-resisted|p2a: Dragapult
|-end|p2a: Dragapult|Substitute
|
|upkeep
|turn|26
|
|t:|1743851088
|move|p2a: Dragapult|Substitute|p2a: Dragapult
|-start|p2a: Dragapult|Substitute
|-damage|p2a: Dragapult|29/100
|move|p1a: Sentinel|Pain Split||[still]
|-fail|p1a: Sentinel
|
|upkeep
|turn|27
|
|t:|1743851091
|move|p2a: Dragapult|Tera Blast|p1a: Sentinel|[anim] Tera Blast Fire
|-damage|p1a: Sentinel|0 fnt
|faint|p1a: Sentinel
|-end|p1a: Sentinel|ability: Neutralizing Gas
|-damage|p2a: Dragapult|19/100|[from] item: Life Orb
|
|upkeep
|
|t:|1743851119
|switch|p1a: Kyurem|Kyurem|100/100
|-ability|p1a: Kyurem|Pressure
|turn|28
|
|t:|1743851125
|-terastallize|p1a: Kyurem|Ice
|move|p2a: Dragapult|Tera Blast|p1a: Kyurem|[anim] Tera Blast Fire
|-supereffective|p1a: Kyurem
|-damage|p1a: Kyurem|0 fnt
|faint|p1a: Kyurem
|-damage|p2a: Dragapult|9/100|[from] item: Life Orb
|
|upkeep
|
|t:|1743851132
|switch|p1a: Goliath|Ting-Lu|22/100
|-ability|p1a: Goliath|Vessel of Ruin
|turn|29
|
|t:|1743851136
|move|p2a: Dragapult|Tera Blast|p1a: Goliath|[anim] Tera Blast Fire
|-damage|p1a: Goliath|0 fnt
|faint|p1a: Goliath
|-damage|p2a: Dragapult|0 fnt|[from] item: Life Orb
|faint|p2a: Dragapult
|
|upkeep
|
|t:|1743851138
|switch|p2a: Incineroar|Incineroar, M|14/100
|switch|p1a: Trojan|Zamazenta, shiny|69/100 psn
|-ability|p2a: Incineroar|Intimidate|boost
|-unboost|p1a: Trojan|atk|1
|turn|30
|
|t:|1743851144
|move|p2a: Incineroar|Fake Out|p1a: Trojan
|-crit|p1a: Trojan
|-damage|p1a: Trojan|55/100 psn
|cant|p1a: Trojan|flinch
|
|-damage|p1a: Trojan|43/100 psn|[from] psn
|upkeep
|turn|31
|
|t:|1743851162
|switch|p2a: Kingambit|Kingambit, M|67/100
|-damage|p2a: Kingambit|61/100|[from] Stealth Rock
|-activate|p2a: Kingambit|ability: Supreme Overlord
|-start|p2a: Kingambit|fallen3|[silent]
|move|p1a: Trojan|Close Combat|p2a: Kingambit
|-supereffective|p2a: Kingambit
|-damage|p2a: Kingambit|0 fnt
|-unboost|p1a: Trojan|def|1
|-unboost|p1a: Trojan|spd|1
|faint|p2a: Kingambit
|-end|p2a: Kingambit|fallen3|[silent]
|
|-damage|p1a: Trojan|30/100 psn|[from] psn
|upkeep
|
|t:|1743851164
|switch|p2a: Incineroar|Incineroar, M|14/100
|-ability|p2a: Incineroar|Intimidate|boost
|-unboost|p1a: Trojan|atk|1
|turn|32
|
|t:|1743851168
|switch|p1a: Yami|Corviknight, M, shiny|51/100
|-ability|p1a: Yami|Pressure
|switch|p2a: Hoopa|Hoopa-Unbound|87/100
|-damage|p2a: Hoopa|75/100|[from] Stealth Rock
|
|-heal|p2a: Hoopa|81/100|[from] item: Leftovers
|upkeep
|turn|33
|
|t:|1743851173
|move|p2a: Hoopa|Dark Pulse|p1a: Yami
|-damage|p1a: Yami|0 fnt
|faint|p1a: Yami
|
|-heal|p2a: Hoopa|87/100|[from] item: Leftovers
|upkeep
|
|t:|1743851176
|switch|p1a: Trojan|Zamazenta, shiny|30/100 psn
|turn|34
|
|t:|1743851178
|move|p1a: Trojan|Close Combat|p2a: Hoopa
|-damage|p2a: Hoopa|0 fnt
|-unboost|p1a: Trojan|def|1
|-unboost|p1a: Trojan|spd|1
|faint|p2a: Hoopa
|
|-damage|p1a: Trojan|18/100 psn|[from] psn
|upkeep
|
|t:|1743851180
|switch|p2a: Incineroar|Incineroar, M|14/100
|-ability|p2a: Incineroar|Intimidate|boost
|-unboost|p1a: Trojan|atk|1
|turn|35
|
|t:|1743851182
|move|p2a: Incineroar|Fake Out|p1a: Trojan
|-damage|p1a: Trojan|4/100 psn
|cant|p1a: Trojan|flinch
|
|-damage|p1a: Trojan|0 fnt|[from] psn
|faint|p1a: Trojan
|
|win|lupiit
|raw|hugobui0105's rating: 1553 &rarr; <strong>1531</strong><br />(-22 for losing)
|raw|lupiit's rating: 1521 &rarr; <strong>1543</strong><br />(+22 for winning)
|c|☆lupiit|nice try
|l|☆lupiit
|player|p2|
|c|☆hugobui0105|gg lol
|l|☆hugobui0105
|player|p1|
|j|☆lupiit
|player|p2|lupiit|dragontamer|
|j| coohoo2023
|l|☆lupiit
|player|p2|
|l| coohoo2023
|j| chickenpeanuts
