|j|☆mongwong
|j|☆chillin a lot
|t:|1743919527
|gametype|singles
|player|p1|mongwong|silver-gen2|1684
|player|p2|chillin a lot|tuberf|1675
|teamsize|p1|6
|teamsize|p2|6
|gen|9
|tier|[Gen 9] OU
|rated|
|rule|HP Percentage Mod: HP is shown in percentages
|rule|Endless Battle Clause: Forcing endless battles is banned
|rule|Species Clause: Limit one of each Pokémon
|rule|OHKO Clause: OHKO moves are banned
|rule|Evasion Items Clause: Evasion items are banned
|rule|Evasion Moves Clause: Evasion moves are banned
|rule|Sleep Moves Clause: Sleep-inducing moves are banned
|clearpoke
|poke|p1|Pelipper, M|
|poke|p1|Barraskewda, F|
|poke|p1|Jolteon, F|
|poke|p1|Kingdra, F|
|poke|p1|Decidueye-Hisui, F|
|poke|p1|Iron Treads|
|poke|p2|Weavile, F|
|poke|p2|Pecharunt|
|poke|p2|Ting-Lu|
|poke|p2|Tinkaton, F|
|poke|p2|Keldeo-Resolute|
|poke|p2|Dragonite, F|
|teampreview
|
|t:|1743919536
|start
|switch|p1a: Decidueye|Decidueye-Hisui, F|100/100
|switch|p2a: Dragonite|Dragonite, F|100/100
|turn|1
|
|t:|1743919539
|move|p2a: Dragonite|Hurricane|p1a: Decidueye
|-supereffective|p1a: Decidueye
|-damage|p1a: Decidueye|11/100
|move|p1a: Decidueye|Knock Off|p2a: Dragonite
|-damage|p2a: Dragonite|89/100
|-enditem|p2a: Dragonite|Heavy-Duty Boots|[from] move: Knock Off|[of] p1a: Decidueye
|
|upkeep
|turn|2
|
|t:|1743919545
|move|p2a: Dragonite|Extreme Speed|p1a: Decidueye
|-damage|p1a: Decidueye|0 fnt
|faint|p1a: Decidueye
|
|upkeep
|
|t:|1743919551
|switch|p1a: Jolteon|Jolteon, F|100/100
|turn|3
|
|t:|1743919555
|switch|p2a: Ting-Lu|Ting-Lu|100/100
|-ability|p2a: Ting-Lu|Vessel of Ruin
|move|p1a: Jolteon|Volt Switch|p2a: Ting-Lu
|-immune|p2a: Ting-Lu
|
|upkeep
|turn|4
|
|t:|1743919562
|switch|p1a: Pelipper|Pelipper, M|100/100
|-weather|RainDance|[from] ability: Drizzle|[of] p1a: Pelipper
|move|p2a: Ting-Lu|Ruination|p1a: Pelipper
|-damage|p1a: Pelipper|51/100
|
|-weather|RainDance|[upkeep]
|upkeep
|turn|5
|
|t:|1743919566
|move|p1a: Pelipper|U-turn|p2a: Ting-Lu
|-supereffective|p2a: Ting-Lu
|-damage|p2a: Ting-Lu|92/100
|-damage|p1a: Pelipper|34/100|[from] item: Rocky Helmet|[of] p2a: Ting-Lu
|
|t:|1743919570
|switch|p1a: Barraskewda|Barraskewda, F|100/100|[from] U-turn
|move|p2a: Ting-Lu|Spikes|p1a: Barraskewda
|-sidestart|p1: mongwong|Spikes
|
|-weather|RainDance|[upkeep]
|upkeep
|turn|6
|
|t:|1743919581
|switch|p2a: Weavile|Weavile, F|100/100
|-ability|p2a: Weavile|Pressure
|move|p1a: Barraskewda|Flip Turn|p2a: Weavile
|-damage|p2a: Weavile|0 fnt
|faint|p2a: Weavile
|
|t:|1743919586
|switch|p1a: Kingdra|Kingdra, F|100/100|[from] Flip Turn
|-damage|p1a: Kingdra|88/100|[from] Spikes
|
|-weather|RainDance|[upkeep]
|upkeep
|
|t:|1743919594
|switch|p2a: Tinkaton|Tinkaton, F|100/100
|-item|p2a: Tinkaton|Air Balloon
|turn|7
|
|t:|1743919601
|move|p1a: Kingdra|Weather Ball|p2a: Tinkaton
|-damage|p2a: Tinkaton|13/100
|-enditem|p2a: Tinkaton|Air Balloon
|move|p2a: Tinkaton|Stealth Rock|p1a: Kingdra
|-sidestart|p1: mongwong|move: Stealth Rock
|
|-weather|RainDance|[upkeep]
|upkeep
|turn|8
|
|t:|1743919609
|move|p1a: Kingdra|Weather Ball|p2a: Tinkaton
|-damage|p2a: Tinkaton|0 fnt
|faint|p2a: Tinkaton
|
|-weather|RainDance|[upkeep]
|upkeep
|
|t:|1743919613
|switch|p2a: Dragonite|Dragonite, F|89/100
|turn|9
|
|t:|1743919621
|-terastallize|p1a: Kingdra|Fairy
|move|p1a: Kingdra|Weather Ball|p2a: Dragonite
|-resisted|p2a: Dragonite
|-damage|p2a: Dragonite|39/100
|move|p2a: Dragonite|Hurricane|p1a: Kingdra
|-damage|p1a: Kingdra|43/100
|
|-weather|RainDance|[upkeep]
|upkeep
|turn|10
|
|t:|1743919640
|move|p2a: Dragonite|Extreme Speed|p1a: Kingdra
|-damage|p1a: Kingdra|8/100
|move|p1a: Kingdra|Weather Ball|p2a: Dragonite
|-resisted|p2a: Dragonite
|-damage|p2a: Dragonite|0 fnt
|faint|p2a: Dragonite
|
|-weather|RainDance|[upkeep]
|upkeep
|
|t:|1743919645
|switch|p2a: Keldeo|Keldeo-Resolute|100/100
|turn|11
|
|t:|1743919654
|move|p2a: Keldeo|Vacuum Wave|p1a: Kingdra
|-resisted|p1a: Kingdra
|-damage|p1a: Kingdra|0 fnt
|faint|p1a: Kingdra
|
|-weather|none
|upkeep
|
|t:|1743919656
|switch|p1a: Pelipper|Pelipper, M|34/100
|-damage|p1a: Pelipper|9/100|[from] Stealth Rock
|-weather|RainDance|[from] ability: Drizzle|[of] p1a: Pelipper
|turn|12
|
|t:|1743919659
|move|p2a: Keldeo|Flip Turn|p1a: Pelipper
|-resisted|p1a: Pelipper
|-damage|p1a: Pelipper|2/100
|
|t:|1743919665
|switch|p2a: Pecharunt|Pecharunt|100/100|[from] Flip Turn
|move|p1a: Pelipper|Hurricane|p2a: Pecharunt
|-damage|p2a: Pecharunt|64/100
|
|-weather|RainDance|[upkeep]
|upkeep
|turn|13
|
|t:|1743919672
|move|p2a: Pecharunt|Recover|p2a: Pecharunt
|-heal|p2a: Pecharunt|100/100
|move|p1a: Pelipper|Weather Ball|p2a: Pecharunt
|-damage|p2a: Pecharunt|54/100
|
|-weather|RainDance|[upkeep]
|upkeep
|turn|14
|
|t:|1743919678
|move|p2a: Pecharunt|Recover|p2a: Pecharunt
|-heal|p2a: Pecharunt|100/100
|move|p1a: Pelipper|Roost|p1a: Pelipper
|-heal|p1a: Pelipper|52/100
|-singleturn|p1a: Pelipper|move: Roost
|
|-weather|RainDance|[upkeep]
|upkeep
|turn|15
|
|t:|1743919681
|switch|p1a: Iron Treads|Iron Treads|100/100
|-damage|p1a: Iron Treads|88/100|[from] Spikes
|-damage|p1a: Iron Treads|85/100|[from] Stealth Rock
|move|p2a: Pecharunt|Malignant Chain|p1a: Iron Treads
|-immune|p1a: Iron Treads
|
|-weather|RainDance|[upkeep]
|-heal|p1a: Iron Treads|91/100|[from] item: Leftovers
|upkeep
|turn|16
|
|t:|1743919684
|move|p1a: Iron Treads|Earthquake|p2a: Pecharunt
|-supereffective|p2a: Pecharunt
|-damage|p2a: Pecharunt|64/100
|move|p2a: Pecharunt|Parting Shot|p1a: Iron Treads
|-unboost|p1a: Iron Treads|atk|1
|-unboost|p1a: Iron Treads|spa|1
|
|t:|1743919687
|switch|p2a: Keldeo|Keldeo-Resolute|100/100|[from] Parting Shot
|
|-weather|RainDance|[upkeep]
|-heal|p1a: Iron Treads|97/100|[from] item: Leftovers
|upkeep
|turn|17
|
|t:|1743919749
|move|p2a: Keldeo|Hydro Pump|p1a: Iron Treads
|-supereffective|p1a: Iron Treads
|-damage|p1a: Iron Treads|0 fnt
|faint|p1a: Iron Treads
|-end|p1a: Iron Treads|Quark Drive|[silent]
|
|-weather|RainDance|[upkeep]
|upkeep
|
|t:|1743919752
|switch|p1a: Jolteon|Jolteon, F|100/100
|turn|18
|
|t:|1743919790
|switch|p2a: Ting-Lu|Ting-Lu|92/100
|-ability|p2a: Ting-Lu|Vessel of Ruin
|move|p1a: Jolteon|Weather Ball|p2a: Ting-Lu
|-supereffective|p2a: Ting-Lu
|-damage|p2a: Ting-Lu|46/100
|
|-weather|RainDance|[upkeep]
|upkeep
|turn|19
|
|t:|1743919800
|switch|p2a: Keldeo|Keldeo-Resolute|100/100
|move|p1a: Jolteon|Weather Ball|p2a: Keldeo
|-resisted|p2a: Keldeo
|-damage|p2a: Keldeo|70/100
|
|-weather|none
|upkeep
|turn|20
|
|t:|1743919806
|switch|p2a: Ting-Lu|Ting-Lu|46/100
|-ability|p2a: Ting-Lu|Vessel of Ruin
|move|p1a: Jolteon|Volt Switch|p2a: Ting-Lu
|-immune|p2a: Ting-Lu
|
|upkeep
|turn|21
|
|t:|1743919812
|switch|p1a: Pelipper|Pelipper, M|52/100
|-damage|p1a: Pelipper|27/100|[from] Stealth Rock
|-weather|RainDance|[from] ability: Drizzle|[of] p1a: Pelipper
|move|p2a: Ting-Lu|Whirlwind|p1a: Pelipper
|drag|p1a: Barraskewda|Barraskewda, F|100/100
|-damage|p1a: Barraskewda|88/100|[from] Spikes
|-damage|p1a: Barraskewda|76/100|[from] Stealth Rock
|
|-weather|RainDance|[upkeep]
|upkeep
|turn|22
|
|t:|1743919835
|switch|p2a: Pecharunt|Pecharunt|64/100
|move|p1a: Barraskewda|Flip Turn|p2a: Pecharunt
|-damage|p2a: Pecharunt|29/100
|
|t:|1743919838
|switch|p1a: Jolteon|Jolteon, F|100/100|[from] Flip Turn
|
|-weather|RainDance|[upkeep]
|upkeep
|turn|23
|
|t:|1743919843
|move|p1a: Jolteon|Weather Ball|p2a: Pecharunt
|-damage|p2a: Pecharunt|0 fnt
|faint|p2a: Pecharunt
|
|-weather|RainDance|[upkeep]
|upkeep
|
|t:|1743919845
|switch|p2a: Ting-Lu|Ting-Lu|46/100
|-ability|p2a: Ting-Lu|Vessel of Ruin
|turn|24
|
|t:|1743919854
|switch|p1a: Pelipper|Pelipper, M|27/100
|-damage|p1a: Pelipper|2/100|[from] Stealth Rock
|move|p2a: Ting-Lu|Earthquake|p1a: Pelipper
|-immune|p1a: Pelipper
|
|-weather|RainDance|[upkeep]
|upkeep
|turn|25
|
|t:|1743919860
|switch|p2a: Keldeo|Keldeo-Resolute|70/100
|move|p1a: Pelipper|Weather Ball|p2a: Keldeo
|-resisted|p2a: Keldeo
|-damage|p2a: Keldeo|39/100
|
|-weather|RainDance|[upkeep]
|upkeep
|turn|26
|
|t:|1743919867
|move|p2a: Keldeo|Secret Sword|p1a: Pelipper
|-resisted|p1a: Pelipper
|-damage|p1a: Pelipper|0 fnt
|faint|p1a: Pelipper
|
|-weather|RainDance|[upkeep]
|upkeep
|
|t:|1743919869
|switch|p1a: Jolteon|Jolteon, F|100/100
|turn|27
|
|t:|1743919880
|move|p1a: Jolteon|Weather Ball|p2a: Keldeo
|-resisted|p2a: Keldeo
|-crit|p2a: Keldeo
|-damage|p2a: Keldeo|0 fnt
|faint|p2a: Keldeo
|
|-weather|RainDance|[upkeep]
|upkeep
|
|t:|1743919888
|switch|p2a: Ting-Lu|Ting-Lu|46/100
|-ability|p2a: Ting-Lu|Vessel of Ruin
|turn|28
|
|t:|1743919893
|-terastallize|p2a: Ting-Lu|Water
|move|p1a: Jolteon|Weather Ball|p2a: Ting-Lu
|-resisted|p2a: Ting-Lu
|-damage|p2a: Ting-Lu|34/100
|move|p2a: Ting-Lu|Earthquake|p1a: Jolteon
|-supereffective|p1a: Jolteon
|-damage|p1a: Jolteon|0 fnt
|faint|p1a: Jolteon
|
|-weather|none
|upkeep
|
|t:|1743919895
|switch|p1a: Barraskewda|Barraskewda, F|76/100
|-damage|p1a: Barraskewda|64/100|[from] Spikes
|-damage|p1a: Barraskewda|52/100|[from] Stealth Rock
|turn|29
|
|t:|1743919899
|move|p1a: Barraskewda|Close Combat|p2a: Ting-Lu
|-damage|p2a: Ting-Lu|1/100
|-unboost|p1a: Barraskewda|def|1
|-unboost|p1a: Barraskewda|spd|1
|-damage|p1a: Barraskewda|35/100|[from] item: Rocky Helmet|[of] p2a: Ting-Lu
|move|p2a: Ting-Lu|Earthquake|p1a: Barraskewda
|-damage|p1a: Barraskewda|0 fnt
|faint|p1a: Barraskewda
|
|win|chillin a lot
|raw|mongwong's rating: 1684 &rarr; <strong>1663</strong><br />(-21 for losing)
|raw|chillin a lot's rating: 1675 &rarr; <strong>1696</strong><br />(+21 for winning)
|l|☆mongwong
|player|p1|
