|j|☆blufferfish2009!
|j|☆PixelPenguin2
|t:|1743878890
|gametype|singles
|player|p1|blufferfish2009!|iris-gen5bw2|1622
|player|p2|PixelPenguin2|guitarist|1551
|teamsize|p1|6
|teamsize|p2|6
|gen|9
|tier|[Gen 9] OU
|rated|
|rule|HP Percentage Mod: HP is shown in percentages
|rule|Endless Battle Clause: Forcing endless battles is banned
|rule|Species Clause: Limit one of each Pokémon
|rule|OHKO Clause: OHKO moves are banned
|rule|Evasion Items Clause: Evasion items are banned
|rule|Evasion Moves Clause: Evasion moves are banned
|rule|Sleep Moves Clause: Sleep-inducing moves are banned
|clearpoke
|poke|p1|Magnezone|
|poke|p1|Ting-Lu|
|poke|p1|Sinistcha|
|poke|p1|Scizor, F|
|poke|p1|Walking Wake|
|poke|p1|Great Tusk|
|poke|p2|Sinistcha|
|poke|p2|Samurott-Hisui, F|
|poke|p2|Blaziken, F|
|poke|p2|Great Tusk|
|poke|p2|Tinkaton, F|
|poke|p2|Dragapult, M|
|teampreview
|inactive|Battle timer is ON: inactive players will automatically lose when time's up. (requested by PixelPenguin2)
|inactive|PixelPenguin2 has 120 seconds left.
|
|t:|1743878922
|start
|switch|p1a: Ting-Lu|Ting-Lu|100/100
|switch|p2a: rotisserie|Blaziken, F|100/100
|-ability|p1a: Ting-Lu|Vessel of Ruin
|turn|1
|
|t:|1743878931
|move|p2a: rotisserie|Close Combat|p1a: Ting-Lu
|-supereffective|p1a: Ting-Lu
|-damage|p1a: Ting-Lu|13/100
|-unboost|p2a: rotisserie|def|1
|-unboost|p2a: rotisserie|spd|1
|-damage|p2a: rotisserie|91/100|[from] item: Life Orb
|move|p1a: Ting-Lu|Earthquake|p2a: rotisserie
|-supereffective|p2a: rotisserie
|-crit|p2a: rotisserie
|-damage|p2a: rotisserie|0 fnt
|faint|p2a: rotisserie
|
|-heal|p1a: Ting-Lu|20/100|[from] item: Leftovers
|upkeep
|
|t:|1743878939
|switch|p2a: ceaselessly edging|Samurott-Hisui, F, shiny|100/100
|turn|2
|
|t:|1743878946
|move|p2a: ceaselessly edging|Razor Shell|p1a: Ting-Lu
|-supereffective|p1a: Ting-Lu
|-damage|p1a: Ting-Lu|0 fnt
|faint|p1a: Ting-Lu
|
|upkeep
|
|t:|1743878949
|switch|p1a: Scizor|Scizor, F|100/100
|turn|3
|
|t:|1743878952
|move|p2a: ceaselessly edging|Ceaseless Edge|p1a: Scizor|[miss]
|-miss|p2a: ceaselessly edging|p1a: Scizor
|move|p1a: Scizor|U-turn|p2a: ceaselessly edging
|-supereffective|p2a: ceaselessly edging
|-enditem|p2a: ceaselessly edging|Focus Sash
|-damage|p2a: ceaselessly edging|1/100
|
|t:|1743878957
|switch|p1a: Walking Wake|Walking Wake|100/100|[from] U-turn
|
|upkeep
|turn|4
|
|t:|1743878961
|switch|p2a: tinkalittle|Tinkaton, F|100/100
|-ability|p2a: tinkalittle|Mold Breaker
|-item|p2a: tinkalittle|Air Balloon
|move|p1a: Walking Wake|Flip Turn|p2a: tinkalittle
|-damage|p2a: tinkalittle|82/100
|-enditem|p2a: tinkalittle|Air Balloon
|
|t:|1743878967
|-end|p1a: Walking Wake|Protosynthesis|[silent]
|switch|p1a: Magnezone|Magnezone, shiny|100/100|[from] Flip Turn
|-item|p1a: Magnezone|Air Balloon
|
|upkeep
|turn|5
|
|t:|1743878971
|move|p2a: tinkalittle|Stealth Rock|p1a: Magnezone
|-sidestart|p1: blufferfish2009!|move: Stealth Rock
|move|p1a: Magnezone|Body Press|p2a: tinkalittle
|-damage|p2a: tinkalittle|53/100
|
|upkeep
|turn|6
|
|t:|1743878978
|move|p2a: tinkalittle|Encore|p1a: Magnezone
|-start|p1a: Magnezone|Encore
|move|p1a: Magnezone|Body Press|p2a: tinkalittle
|-damage|p2a: tinkalittle|23/100
|
|upkeep
|turn|7
|
|t:|1743878982
|move|p2a: tinkalittle|Gigaton Hammer|p1a: Magnezone
|-resisted|p1a: Magnezone
|-damage|p1a: Magnezone|94/100
|-enditem|p1a: Magnezone|Air Balloon
|move|p1a: Magnezone|Body Press|p2a: tinkalittle
|-damage|p2a: tinkalittle|0 fnt
|faint|p2a: tinkalittle
|
|upkeep
|
|t:|1743878986
|switch|p2a: cuppa tea|Sinistcha|100/100
|turn|8
|
|t:|1743878989
|switch|p1a: Scizor|Scizor, F|100/100
|-damage|p1a: Scizor|88/100|[from] Stealth Rock
|move|p2a: cuppa tea|Shadow Ball|p1a: Scizor
|-damage|p1a: Scizor|39/100
|
|upkeep
|turn|9
|
|t:|1743878997
|switch|p2a: ceaselessly edging|Samurott-Hisui, F, shiny|1/100
|move|p1a: Scizor|Bullet Punch|p2a: ceaselessly edging
|-resisted|p2a: ceaselessly edging
|-damage|p2a: ceaselessly edging|0 fnt
|faint|p2a: ceaselessly edging
|
|upkeep
|
|t:|1743879000
|switch|p2a: specs/band/boots|Dragapult, M|100/100
|turn|10
|
|t:|1743879005
|switch|p1a: Magnezone|Magnezone, shiny|94/100
|-damage|p1a: Magnezone|88/100|[from] Stealth Rock
|move|p2a: specs/band/boots|Shadow Ball|p1a: Magnezone
|-damage|p1a: Magnezone|42/100
|-damage|p2a: specs/band/boots|91/100|[from] item: Life Orb
|
|upkeep
|turn|11
|
|t:|1743879010
|move|p2a: specs/band/boots|Shadow Ball|p1a: Magnezone
|-crit|p1a: Magnezone
|-damage|p1a: Magnezone|0 fnt
|faint|p1a: Magnezone
|-damage|p2a: specs/band/boots|81/100|[from] item: Life Orb
|
|upkeep
|
|t:|1743879014
|switch|p1a: Great Tusk|Great Tusk|100/100
|-damage|p1a: Great Tusk|97/100|[from] Stealth Rock
|-enditem|p1a: Great Tusk|Booster Energy
|-activate|p1a: Great Tusk|ability: Protosynthesis|[fromitem]
|-start|p1a: Great Tusk|protosynthesisspe
|turn|12
|
|t:|1743879020
|switch|p2a: cuppa tea|Sinistcha|100/100
|-terastallize|p1a: Great Tusk|Ice
|move|p1a: Great Tusk|Ice Spinner|p2a: cuppa tea
|-supereffective|p2a: cuppa tea
|-damage|p2a: cuppa tea|40/100
|
|upkeep
|turn|13
|
|t:|1743879027
|move|p2a: cuppa tea|Endure|p2a: cuppa tea
|-singleturn|p2a: cuppa tea|move: Endure
|move|p1a: Great Tusk|Ice Spinner|p2a: cuppa tea
|-supereffective|p2a: cuppa tea
|-activate|p2a: cuppa tea|move: Endure
|-damage|p2a: cuppa tea|1/100
|
|upkeep
|turn|14
|-enditem|p2a: cuppa tea|Custap Berry|[eat]
|-activate|p2a: cuppa tea|item: Custap Berry|[consumed]
|
|t:|1743879037
|move|p2a: cuppa tea|Matcha Gotcha|p1a: Great Tusk
|-damage|p1a: Great Tusk|47/100
|-heal|p2a: cuppa tea|33/100|[from] drain|[of] p1a: Great Tusk
|move|p1a: Great Tusk|Ice Spinner|p2a: cuppa tea
|-supereffective|p2a: cuppa tea
|-damage|p2a: cuppa tea|0 fnt
|faint|p2a: cuppa tea
|
|upkeep
|
|t:|1743879047
|switch|p2a: splendid tusk|Great Tusk|100/100
|turn|15
|
|t:|1743879052
|move|p1a: Great Tusk|Ice Spinner|p2a: splendid tusk
|-supereffective|p2a: splendid tusk
|-damage|p2a: splendid tusk|48/100
|move|p2a: splendid tusk|Headlong Rush|p1a: Great Tusk
|-damage|p1a: Great Tusk|10/100
|-unboost|p2a: splendid tusk|def|1
|-unboost|p2a: splendid tusk|spd|1
|
|upkeep
|turn|16
|
|t:|1743879060
|-terastallize|p2a: splendid tusk|Poison
|move|p1a: Great Tusk|Ice Spinner|p2a: splendid tusk
|-damage|p2a: splendid tusk|12/100
|move|p2a: splendid tusk|Rapid Spin|p1a: Great Tusk
|-damage|p1a: Great Tusk|0 fnt
|-boost|p2a: splendid tusk|spe|1
|faint|p1a: Great Tusk
|-end|p1a: Great Tusk|Protosynthesis|[silent]
|
|upkeep
|
|t:|1743879066
|switch|p1a: Scizor|Scizor, F|39/100
|-damage|p1a: Scizor|27/100|[from] Stealth Rock
|turn|17
|
|t:|1743879068
|move|p1a: Scizor|Bullet Punch|p2a: splendid tusk
|-damage|p2a: splendid tusk|0 fnt
|faint|p2a: splendid tusk
|-end|p2a: splendid tusk|Protosynthesis|[silent]
|
|upkeep
|
|t:|1743879069
|switch|p2a: specs/band/boots|Dragapult, M|81/100
|turn|18
|
|t:|1743879071
|move|p1a: Scizor|Bullet Punch|p2a: specs/band/boots
|-damage|p2a: specs/band/boots|15/100
|move|p2a: specs/band/boots|Shadow Ball|p1a: Scizor
|-damage|p1a: Scizor|0 fnt
|faint|p1a: Scizor
|-damage|p2a: specs/band/boots|6/100|[from] item: Life Orb
|
|upkeep
|
|t:|1743879075
|switch|p1a: Walking Wake|Walking Wake|100/100
|turn|19
|c|☆blufferfish2009!|gg
|
|t:|1743879078
|move|p2a: specs/band/boots|Dragon Darts|p1a: Walking Wake
|-supereffective|p1a: Walking Wake
|-damage|p1a: Walking Wake|40/100
|-anim|p2a: specs/band/boots|Dragon Darts|p1a: Walking Wake
|-supereffective|p1a: Walking Wake
|-damage|p1a: Walking Wake|0 fnt
|faint|p1a: Walking Wake
|-end|p1a: Walking Wake|Protosynthesis|[silent]
|-damage|p2a: specs/band/boots|0 fnt|[from] item: Life Orb
|faint|p2a: specs/band/boots
|
|win|blufferfish2009!
|raw|blufferfish2009!'s rating: 1622 &rarr; <strong>1638</strong><br />(+16 for winning)
|raw|PixelPenguin2's rating: 1551 &rarr; <strong>1535</strong><br />(-16 for losing)
|l|☆PixelPenguin2
|player|p2|
|l|☆blufferfish2009!
|player|p1|
