|j|☆trovincea
|j|☆Huauqiwiwi
|t:|1743827815
|gametype|singles
|player|p1|trovincea|hiker|1116
|player|p2|Huauqiwiwi|266|1104
|teamsize|p1|6
|teamsize|p2|6
|gen|9
|tier|[Gen 9] OU
|rated|
|rule|HP Percentage Mod: HP is shown in percentages
|rule|Endless Battle Clause: Forcing endless battles is banned
|rule|Species Clause: Limit one of each Pokémon
|rule|OHKO Clause: OHKO moves are banned
|rule|Evasion Items Clause: Evasion items are banned
|rule|Evasion Moves Clause: Evasion moves are banned
|rule|Sleep Moves Clause: Sleep-inducing moves are banned
|clearpoke
|poke|p1|Salazzle, F|
|poke|p1|Slither Wing|
|poke|p1|Skarmory, M|
|poke|p1|Gardevoir, M|
|poke|p1|Incineroar, M|
|poke|p1|Sinistcha|
|poke|p2|Great Tusk|
|poke|p2|Ogerpon-Wellspring, F|
|poke|p2|Rotom-Heat|
|poke|p2|Iron Valiant|
|poke|p2|Dragapult, M|
|poke|p2|Gholdengo|
|teampreview
|
|t:|1743827843
|start
|switch|p1a: Sinistcha|Sinistcha|100/100
|switch|p2a: Ogerpon|Ogerpon-Wellspring, F|100/100
|turn|1
|
|t:|1743827852
|move|p2a: Ogerpon|U-turn|p1a: Sinistcha
|-damage|p1a: Sinistcha|73/100
|
|t:|1743827864
|switch|p2a: Rotom|Rotom-Heat|100/100|[from] U-turn
|move|p1a: Sinistcha|Reflect|p1a: Sinistcha
|-sidestart|p1: trovincea|Reflect
|
|upkeep
|turn|2
|
|t:|1743827872
|move|p2a: Rotom|Overheat|p1a: Sinistcha
|-supereffective|p1a: Sinistcha
|-damage|p1a: Sinistcha|0 fnt
|-unboost|p2a: Rotom|spa|2
|faint|p1a: Sinistcha
|
|upkeep
|
|t:|1743827891
|switch|p1a: Incineroar|Incineroar, M|100/100
|-ability|p1a: Incineroar|Intimidate|boost
|-unboost|p2a: Rotom|atk|1
|turn|3
|
|t:|1743827898
|move|p2a: Rotom|Volt Switch|p1a: Incineroar
|-damage|p1a: Incineroar|91/100
|
|t:|1743827909
|switch|p2a: Iron Valiant|Iron Valiant|100/100|[from] Volt Switch
|-enditem|p2a: Iron Valiant|Booster Energy
|-activate|p2a: Iron Valiant|ability: Quark Drive|[fromitem]
|-start|p2a: Iron Valiant|quarkdrivespa
|move|p1a: Incineroar|U-turn|p2a: Iron Valiant
|-resisted|p2a: Iron Valiant
|-damage|p2a: Iron Valiant|93/100
|
|t:|1743827921
|switch|p1a: Salazzle|Salazzle, F|100/100|[from] U-turn
|
|upkeep
|turn|4
|
|t:|1743827928
|move|p1a: Salazzle|Sludge Bomb|p2a: Iron Valiant
|-supereffective|p2a: Iron Valiant
|-damage|p2a: Iron Valiant|0 fnt
|faint|p2a: Iron Valiant
|-end|p2a: Iron Valiant|Quark Drive|[silent]
|
|upkeep
|
|t:|1743827951
|switch|p2a: Ogerpon|Ogerpon-Wellspring, F|100/100
|turn|5
|
|t:|1743827957
|-terastallize|p2a: Ogerpon|Water
|detailschange|p2a: Ogerpon|Ogerpon-Wellspring-Tera, F, tera:Water
|-ability|p2a: Ogerpon|Embody Aspect (Wellspring)|boost
|-boost|p2a: Ogerpon|spd|1
|move|p1a: Salazzle|Sludge Bomb|p2a: Ogerpon
|-damage|p2a: Ogerpon|51/100
|move|p2a: Ogerpon|Ivy Cudgel|p1a: Salazzle|[anim] Ivy Cudgel Water
|-supereffective|p1a: Salazzle
|-damage|p1a: Salazzle|0 fnt
|faint|p1a: Salazzle
|
|-sideend|p1: trovincea|Reflect
|upkeep
|
|t:|1743827967
|switch|p1a: Incineroar|Incineroar, M|91/100
|-ability|p1a: Incineroar|Intimidate|boost
|-unboost|p2a: Ogerpon|atk|1
|turn|6
|
|t:|1743827973
|move|p1a: Incineroar|Fake Out|p2a: Ogerpon
|-damage|p2a: Ogerpon|31/100
|cant|p2a: Ogerpon|flinch
|
|upkeep
|turn|7
|
|t:|1743827981
|switch|p1a: Skarmory|Skarmory, M|100/100
|move|p2a: Ogerpon|Ivy Cudgel|p1a: Skarmory|[anim] Ivy Cudgel Water
|-damage|p1a: Skarmory|61/100
|
|-heal|p1a: Skarmory|67/100|[from] item: Leftovers
|upkeep
|turn|8
|
|t:|1743827995
|move|p2a: Ogerpon|Horn Leech|p1a: Skarmory
|-resisted|p1a: Skarmory
|-damage|p1a: Skarmory|62/100
|-heal|p2a: Ogerpon|34/100|[from] drain|[of] p1a: Skarmory
|move|p1a: Skarmory|Body Press|p2a: Ogerpon
|-damage|p2a: Ogerpon|1/100
|
|-heal|p1a: Skarmory|68/100|[from] item: Leftovers
|upkeep
|turn|9
|
|t:|1743828021
|switch|p2a: Great Tusk|Great Tusk|100/100
|-enditem|p2a: Great Tusk|Booster Energy
|-activate|p2a: Great Tusk|ability: Protosynthesis|[fromitem]
|-start|p2a: Great Tusk|protosynthesisatk
|move|p1a: Skarmory|Body Press|p2a: Great Tusk
|-damage|p2a: Great Tusk|82/100
|
|-heal|p1a: Skarmory|74/100|[from] item: Leftovers
|upkeep
|turn|10
|
|t:|1743828055
|move|p2a: Great Tusk|Close Combat|p1a: Skarmory
|-damage|p1a: Skarmory|19/100
|-unboost|p2a: Great Tusk|def|1
|-unboost|p2a: Great Tusk|spd|1
|move|p1a: Skarmory|Curse|p1a: Skarmory
|-unboost|p1a: Skarmory|spe|1
|-boost|p1a: Skarmory|atk|1
|-boost|p1a: Skarmory|def|1
|
|-heal|p1a: Skarmory|26/100|[from] item: Leftovers
|upkeep
|turn|11
|
|t:|1743828067
|move|p2a: Great Tusk|Close Combat|p1a: Skarmory
|-damage|p1a: Skarmory|0 fnt
|-unboost|p2a: Great Tusk|def|1
|-unboost|p2a: Great Tusk|spd|1
|faint|p1a: Skarmory
|
|upkeep
|
|t:|1743828071
|switch|p1a: Incineroar|Incineroar, M|91/100
|-ability|p1a: Incineroar|Intimidate|boost
|-unboost|p2a: Great Tusk|atk|1
|turn|12
|
|t:|1743828077
|move|p1a: Incineroar|Fake Out|p2a: Great Tusk
|-damage|p2a: Great Tusk|60/100
|cant|p2a: Great Tusk|flinch
|
|upkeep
|turn|13
|
|t:|1743828125
|move|p2a: Great Tusk|Close Combat|p1a: Incineroar
|-supereffective|p1a: Incineroar
|-damage|p1a: Incineroar|0 fnt
|-unboost|p2a: Great Tusk|def|1
|-unboost|p2a: Great Tusk|spd|1
|faint|p1a: Incineroar
|
|upkeep
|
|t:|1743828142
|switch|p1a: Slither Wing|Slither Wing|100/100
|turn|14
|
|t:|1743828146
|move|p1a: Slither Wing|First Impression|p2a: Great Tusk
|-resisted|p2a: Great Tusk
|-damage|p2a: Great Tusk|5/100
|move|p2a: Great Tusk|Headlong Rush|p1a: Slither Wing
|-resisted|p1a: Slither Wing
|-damage|p1a: Slither Wing|69/100
|-unboost|p2a: Great Tusk|def|1
|-unboost|p2a: Great Tusk|spd|1
|
|upkeep
|turn|15
|
|t:|1743828193
|-end|p1a: Slither Wing|Protosynthesis|[silent]
|switch|p1a: Gardevoir|Gardevoir, M|100/100
|move|p2a: Great Tusk|Headlong Rush|p1a: Gardevoir
|-damage|p1a: Gardevoir|35/100
|-unboost|p2a: Great Tusk|def|1
|-unboost|p2a: Great Tusk|spd|1
|
|upkeep
|turn|16
|
|t:|1743828203
|move|p2a: Great Tusk|Headlong Rush|p1a: Gardevoir
|-damage|p1a: Gardevoir|0 fnt
|-unboost|p2a: Great Tusk|def|1
|-unboost|p2a: Great Tusk|spd|1
|faint|p1a: Gardevoir
|
|upkeep
|
|t:|1743828205
|switch|p1a: Slither Wing|Slither Wing|69/100
|turn|17
|
|t:|1743828215
|move|p2a: Great Tusk|Headlong Rush|p1a: Slither Wing
|-resisted|p1a: Slither Wing
|-damage|p1a: Slither Wing|37/100
|move|p1a: Slither Wing|Flare Blitz|p2a: Great Tusk
|-damage|p2a: Great Tusk|0 fnt
|faint|p2a: Great Tusk
|-end|p2a: Great Tusk|Protosynthesis|[silent]
|-damage|p1a: Slither Wing|35/100|[from] Recoil
|
|upkeep
|
|t:|1743828231
|switch|p2a: Ogerpon|Ogerpon-Wellspring-Tera, F, tera:Water|1/100
|-ability|p2a: Ogerpon|Embody Aspect (Wellspring)|boost
|-boost|p2a: Ogerpon|spd|1
|turn|18
|
|t:|1743828236
|move|p2a: Ogerpon|Ivy Cudgel|p1a: Slither Wing|[anim] Ivy Cudgel Water
|-damage|p1a: Slither Wing|0 fnt
|faint|p1a: Slither Wing
|-end|p1a: Slither Wing|Protosynthesis|[silent]
|
|win|Huauqiwiwi
|raw|trovincea's rating: 1116 &rarr; <strong>1090</strong><br />(-26 for losing)
|raw|Huauqiwiwi's rating: 1104 &rarr; <strong>1130</strong><br />(+26 for winning)
|l|☆trovincea
|player|p1|
|l|☆Huauqiwiwi
|player|p2|
