|j|☆bacacusdestroyer
|j|☆akko hd
|t:|1743786783
|gametype|singles
|player|p1|bacacusdestroyer|benga|1459
|player|p2|akko hd|169|1501
|teamsize|p1|6
|teamsize|p2|6
|gen|9
|tier|[Gen 9] OU
|rated|
|rule|HP Percentage Mod: HP is shown in percentages
|rule|Endless Battle Clause: Forcing endless battles is banned
|rule|Species Clause: Limit one of each Pokémon
|rule|OHKO Clause: OHKO moves are banned
|rule|Evasion Items Clause: Evasion items are banned
|rule|Evasion Moves Clause: Evasion moves are banned
|rule|Sleep Moves Clause: Sleep-inducing moves are banned
|clearpoke
|poke|p1|Probopass, F|
|poke|p1|Dragonite, F|
|poke|p1|Cresselia, F|
|poke|p1|Hoopa-Unbound|
|poke|p1|Great Tusk|
|poke|p1|Kingambit, F|
|poke|p2|Moltres|
|poke|p2|Kingambit, M|
|poke|p2|Raging Bolt|
|poke|p2|Grimmsnarl, M|
|poke|p2|Great Tusk|
|poke|p2|Ogerpon-Wellspring, F|
|teampreview
|c|☆akko hd|that's a unique team
|
|t:|1743786815
|start
|switch|p1a: Great Tusk|Great Tusk|100/100
|switch|p2a: Grimmsnarl|Grimmsnarl, M|100/100
|turn|1
|
|t:|1743786823
|move|p2a: Grimmsnarl|Reflect|p2a: Grimmsnarl
|-sidestart|p2: akko hd|Reflect
|move|p1a: Great Tusk|Earthquake|p2a: Grimmsnarl
|-damage|p2a: Grimmsnarl|68/100
|
|upkeep
|turn|2
|inactive|Battle timer is ON: inactive players will automatically lose when time's up. (requested by akko hd)
|
|t:|1743786837
|move|p2a: Grimmsnarl|Parting Shot|p1a: Great Tusk
|-unboost|p1a: Great Tusk|atk|1
|-unboost|p1a: Great Tusk|spa|1
|
|t:|1743786846
|switch|p2a: Kingambit|Kingambit, M, shiny|100/100|[from] Parting Shot
|-item|p2a: Kingambit|Air Balloon
|move|p1a: Great Tusk|Earthquake|p2a: Kingambit
|-immune|p2a: Kingambit
|
|upkeep
|turn|3
|
|t:|1743786861
|-end|p1a: Great Tusk|Protosynthesis|[silent]
|switch|p1a: Probopass|Probopass, F|100/100
|move|p2a: Kingambit|Swords Dance|p2a: Kingambit
|-boost|p2a: Kingambit|atk|2
|
|upkeep
|turn|4
|
|t:|1743786866
|move|p2a: Kingambit|Low Kick|p1a: Probopass
|-supereffective|p1a: Probopass
|-damage|p1a: Probopass|0 fnt
|-damage|p2a: Kingambit|84/100|[from] item: Rocky Helmet|[of] p1a: Probopass
|faint|p1a: Probopass
|
|upkeep
|c|☆akko hd|ok
|c|☆akko hd|That helmet did a lot
|
|t:|1743786889
|switch|p1a: Hoopa|Hoopa-Unbound|100/100
|turn|5
|
|t:|1743786892
|move|p1a: Hoopa|Focus Blast|p2a: Kingambit
|-supereffective|p2a: Kingambit
|-damage|p2a: Kingambit|0 fnt
|-enditem|p2a: Kingambit|Air Balloon
|faint|p2a: Kingambit
|-end|p2a: Kingambit|fallenundefined|[silent]
|
|upkeep
|
|t:|1743786895
|switch|p2a: Raging Bolt|Raging Bolt|100/100
|-enditem|p2a: Raging Bolt|Booster Energy
|-activate|p2a: Raging Bolt|ability: Protosynthesis|[fromitem]
|-start|p2a: Raging Bolt|protosynthesisspa
|turn|6
|inactive|bacacusdestroyer has 120 seconds left.
|
|t:|1743786931
|switch|p1a: Great Tusk|Great Tusk|100/100
|move|p2a: Raging Bolt|Calm Mind|p2a: Raging Bolt
|-boost|p2a: Raging Bolt|spa|1
|-boost|p2a: Raging Bolt|spd|1
|
|upkeep
|turn|7
|inactive|bacacusdestroyer has 120 seconds left.
|
|t:|1743786939
|-terastallize|p2a: Raging Bolt|Flying
|move|p1a: Great Tusk|Earthquake|p2a: Raging Bolt
|-immune|p2a: Raging Bolt
|move|p2a: Raging Bolt|Dragon Pulse|p1a: Great Tusk
|-crit|p1a: Great Tusk
|-damage|p1a: Great Tusk|0 fnt
|faint|p1a: Great Tusk
|-end|p1a: Great Tusk|Protosynthesis|[silent]
|
|upkeep
|inactive|bacacusdestroyer has 120 seconds left.
|
|t:|1743786959
|switch|p1a: Hoopa|Hoopa-Unbound|100/100
|turn|8
|
|t:|1743786968
|move|p1a: Hoopa|Thunderbolt|p2a: Raging Bolt
|-supereffective|p2a: Raging Bolt
|-damage|p2a: Raging Bolt|57/100
|move|p2a: Raging Bolt|Thunderbolt|p1a: Hoopa
|-damage|p1a: Hoopa|7/100
|
|-sideend|p2: akko hd|Reflect
|upkeep
|turn|9
|inactive|bacacusdestroyer has 120 seconds left.
|
|t:|1743786978
|move|p1a: Hoopa|Thunderbolt|p2a: Raging Bolt
|-supereffective|p2a: Raging Bolt
|-damage|p2a: Raging Bolt|18/100
|-status|p2a: Raging Bolt|par
|move|p2a: Raging Bolt|Thunderbolt|p1a: Hoopa
|-damage|p1a: Hoopa|0 fnt
|faint|p1a: Hoopa
|
|upkeep
|c|☆akko hd|ok
|inactive|bacacusdestroyer has 120 seconds left.
|
|t:|1743786991
|switch|p1a: Dragonite|Dragonite, F|100/100
|turn|10
|
|t:|1743786994
|move|p1a: Dragonite|Extreme Speed|p2a: Raging Bolt
|-damage|p2a: Raging Bolt|0 fnt
|faint|p2a: Raging Bolt
|-end|p2a: Raging Bolt|Protosynthesis|[silent]
|
|upkeep
|
|t:|1743786997
|switch|p2a: Moltres|Moltres|100/100
|turn|11
|
|t:|1743787003
|switch|p1a: Cresselia|Cresselia, F|100/100
|move|p2a: Moltres|Will-O-Wisp|p1a: Cresselia|[miss]
|-miss|p2a: Moltres|p1a: Cresselia
|
|upkeep
|turn|12
|c|☆akko hd|k
|
|t:|1743787010
|move|p2a: Moltres|U-turn|p1a: Cresselia
|-supereffective|p1a: Cresselia
|-damage|p1a: Cresselia|85/100
|
|t:|1743787014
|switch|p2a: Grimmsnarl|Grimmsnarl, M|68/100|[from] U-turn
|move|p1a: Cresselia|Calm Mind|p1a: Cresselia
|-boost|p1a: Cresselia|spa|1
|-boost|p1a: Cresselia|spd|1
|
|-heal|p1a: Cresselia|91/100|[from] item: Leftovers
|upkeep
|turn|13
|
|t:|1743787020
|move|p2a: Grimmsnarl|Thunder Wave|p1a: Cresselia
|-status|p1a: Cresselia|par
|cant|p1a: Cresselia|par
|
|-heal|p1a: Cresselia|97/100 par|[from] item: Leftovers
|upkeep
|turn|14
|
|t:|1743787025
|move|p2a: Grimmsnarl|Parting Shot|p1a: Cresselia
|-unboost|p1a: Cresselia|atk|1
|-unboost|p1a: Cresselia|spa|1
|
|t:|1743787027
|switch|p2a: Ogerpon|Ogerpon-Wellspring, F|100/100|[from] Parting Shot
|cant|p1a: Cresselia|par
|
|-heal|p1a: Cresselia|100/100 par|[from] item: Leftovers
|upkeep
|turn|15
|
|t:|1743787035
|switch|p1a: Dragonite|Dragonite, F|100/100
|move|p2a: Ogerpon|Swords Dance|p2a: Ogerpon
|-boost|p2a: Ogerpon|atk|2
|
|upkeep
|turn|16
|
|t:|1743787042
|move|p1a: Dragonite|Extreme Speed|p2a: Ogerpon
|-damage|p2a: Ogerpon|41/100
|move|p2a: Ogerpon|Ivy Cudgel|p1a: Dragonite|[anim] Ivy Cudgel Water
|-resisted|p1a: Dragonite
|-damage|p1a: Dragonite|72/100
|
|upkeep
|turn|17
|
|t:|1743787048
|switch|p2a: Moltres|Moltres|100/100
|move|p1a: Dragonite|Extreme Speed|p2a: Moltres
|-damage|p2a: Moltres|58/100
|
|upkeep
|turn|18
|c|☆akko hd|burnnnnn
|
|t:|1743787057
|switch|p1a: Cresselia|Cresselia, F|100/100 par
|move|p2a: Moltres|U-turn|p1a: Cresselia
|-supereffective|p1a: Cresselia
|-damage|p1a: Cresselia|84/100 par
|c|☆akko hd|where is my luck
|
|t:|1743787061
|switch|p2a: Ogerpon|Ogerpon-Wellspring, F|41/100|[from] U-turn
|
|-heal|p1a: Cresselia|90/100 par|[from] item: Leftovers
|upkeep
|turn|19
|
|t:|1743787067
|switch|p1a: Dragonite|Dragonite, F|72/100
|move|p2a: Ogerpon|Ivy Cudgel|p1a: Dragonite|[anim] Ivy Cudgel Water
|-resisted|p1a: Dragonite
|-damage|p1a: Dragonite|47/100
|
|upkeep
|turn|20
|
|t:|1743787076
|switch|p2a: Moltres|Moltres|58/100
|move|p1a: Dragonite|Extreme Speed|p2a: Moltres
|-damage|p2a: Moltres|16/100
|
|upkeep
|turn|21
|c|☆akko hd|bro
|
|t:|1743787084
|move|p1a: Dragonite|Extreme Speed|p2a: Moltres
|-damage|p2a: Moltres|0 fnt
|faint|p2a: Moltres
|
|upkeep
|c|☆akko hd|wtf
|
|t:|1743787088
|switch|p2a: Great Tusk|Great Tusk|100/100
|turn|22
|
|t:|1743787095
|switch|p1a: Cresselia|Cresselia, F|90/100 par
|move|p2a: Great Tusk|Bulk Up|p2a: Great Tusk
|-boost|p2a: Great Tusk|atk|1
|-boost|p2a: Great Tusk|def|1
|
|-heal|p1a: Cresselia|96/100 par|[from] item: Leftovers
|upkeep
|turn|23
|
|t:|1743787100
|move|p2a: Great Tusk|Bulk Up|p2a: Great Tusk
|-boost|p2a: Great Tusk|atk|1
|-boost|p2a: Great Tusk|def|1
|move|p1a: Cresselia|Calm Mind|p1a: Cresselia
|-boost|p1a: Cresselia|spa|1
|-boost|p1a: Cresselia|spd|1
|
|-heal|p1a: Cresselia|100/100 par|[from] item: Leftovers
|upkeep
|turn|24
|
|t:|1743787103
|move|p2a: Great Tusk|Ice Spinner|p1a: Cresselia
|-damage|p1a: Cresselia|73/100 par
|cant|p1a: Cresselia|par
|
|-heal|p1a: Cresselia|79/100 par|[from] item: Leftovers
|upkeep
|turn|25
|
|t:|1743787108
|-end|p2a: Great Tusk|Protosynthesis|[silent]
|switch|p2a: Ogerpon|Ogerpon-Wellspring, F|41/100
|move|p1a: Cresselia|Calm Mind|p1a: Cresselia
|-boost|p1a: Cresselia|spa|1
|-boost|p1a: Cresselia|spd|1
|
|-heal|p1a: Cresselia|85/100 par|[from] item: Leftovers
|upkeep
|turn|26
|
|t:|1743787111
|move|p2a: Ogerpon|Ivy Cudgel|p1a: Cresselia|[anim] Ivy Cudgel Water
|-damage|p1a: Cresselia|55/100 par
|move|p1a: Cresselia|Stored Power|p2a: Ogerpon
|-damage|p2a: Ogerpon|0 fnt
|faint|p2a: Ogerpon
|
|-heal|p1a: Cresselia|61/100 par|[from] item: Leftovers
|upkeep
|
|t:|1743787114
|switch|p2a: Grimmsnarl|Grimmsnarl, M|68/100
|turn|27
|
|t:|1743787125
|move|p2a: Grimmsnarl|Light Screen|p2a: Grimmsnarl
|-sidestart|p2: akko hd|move: Light Screen
|move|p1a: Cresselia|Tera Blast|p2a: Grimmsnarl
|-damage|p2a: Grimmsnarl|57/100
|
|-heal|p1a: Cresselia|67/100 par|[from] item: Leftovers
|upkeep
|turn|28
|
|t:|1743787130
|move|p2a: Grimmsnarl|Parting Shot|p1a: Cresselia
|-unboost|p1a: Cresselia|atk|1
|-unboost|p1a: Cresselia|spa|1
|
|t:|1743787132
|switch|p2a: Great Tusk|Great Tusk|100/100|[from] Parting Shot
|move|p1a: Cresselia|Calm Mind|p1a: Cresselia
|-boost|p1a: Cresselia|spa|1
|-boost|p1a: Cresselia|spd|1
|
|-heal|p1a: Cresselia|73/100 par|[from] item: Leftovers
|upkeep
|turn|29
|
|t:|1743787138
|move|p2a: Great Tusk|Bulk Up|p2a: Great Tusk
|-boost|p2a: Great Tusk|atk|1
|-boost|p2a: Great Tusk|def|1
|move|p1a: Cresselia|Calm Mind|p1a: Cresselia
|-boost|p1a: Cresselia|spa|1
|-boost|p1a: Cresselia|spd|1
|
|-heal|p1a: Cresselia|79/100 par|[from] item: Leftovers
|upkeep
|turn|30
|
|t:|1743787140
|move|p2a: Great Tusk|Bulk Up|p2a: Great Tusk
|-boost|p2a: Great Tusk|atk|1
|-boost|p2a: Great Tusk|def|1
|move|p1a: Cresselia|Stored Power|p2a: Great Tusk
|-supereffective|p2a: Great Tusk
|-damage|p2a: Great Tusk|0 fnt
|faint|p2a: Great Tusk
|-end|p2a: Great Tusk|Protosynthesis|[silent]
|
|-heal|p1a: Cresselia|85/100 par|[from] item: Leftovers
|upkeep
|c|☆akko hd|god tier luck
|-message|akko hd forfeited.
|
|win|bacacusdestroyer
|raw|bacacusdestroyer's rating: 1459 &rarr; <strong>1481</strong><br />(+22 for winning)
|raw|akko hd's rating: 1501 &rarr; <strong>1479</strong><br />(-22 for losing)
|l|☆akko hd
|player|p2|
|l|☆bacacusdestroyer
|player|p1|
