|j|☆Yasin993
|j|☆churrolite92
|t:|1743806909
|gametype|singles
|player|p1|Yasin993|170|1387
|player|p2|churrolite92|schoolkid-gen4|1397
|teamsize|p1|6
|teamsize|p2|6
|gen|9
|tier|[Gen 9] OU
|rated|
|rule|HP Percentage Mod: HP is shown in percentages
|rule|Endless Battle Clause: Forcing endless battles is banned
|rule|Species Clause: Limit one of each Pokémon
|rule|OHKO Clause: OHKO moves are banned
|rule|Evasion Items Clause: Evasion items are banned
|rule|Evasion Moves Clause: Evasion moves are banned
|rule|Sleep Moves Clause: Sleep-inducing moves are banned
|clearpoke
|poke|p1|Poliwrath, M|
|poke|p1|Gyarados, M|
|poke|p1|Salamence, M|
|poke|p1|Grimmsnarl, M|
|poke|p1|Pelipper, M|
|poke|p1|Great Tusk|
|poke|p2|Maushold-Four|
|poke|p2|Mew|
|poke|p2|Garganacl, M|
|poke|p2|Pawmot, M|
|poke|p2|Dondozo, M|
|poke|p2|Polteageist|
|teampreview
|inactive|Battle timer is ON: inactive players will automatically lose when time's up. (requested by Yasin993)
|c|☆churrolite92|glhf
|
|t:|1743806928
|start
|switch|p1a: Grimmsnarl|Grimmsnarl, M|100/100
|switch|p2a: Salt Lick|Garganacl, M|100/100
|turn|1
|
|t:|1743806938
|move|p1a: Grimmsnarl|Reflect|p1a: Grimmsnarl
|-sidestart|p1: Yasin993|Reflect
|move|p2a: Salt Lick|Curse|p2a: Salt Lick
|-unboost|p2a: Salt Lick|spe|1
|-boost|p2a: Salt Lick|atk|1
|-boost|p2a: Salt Lick|def|1
|
|upkeep
|turn|2
|
|t:|1743806941
|move|p1a: Grimmsnarl|Taunt|p2a: Salt Lick
|-start|p2a: Salt Lick|move: Taunt
|move|p2a: Salt Lick|Salt Cure|p1a: Grimmsnarl
|-damage|p1a: Grimmsnarl|86/100
|-start|p1a: Grimmsnarl|Salt Cure
|
|-damage|p1a: Grimmsnarl|73/100|[from] Salt Cure
|upkeep
|turn|3
|
|t:|1743806944
|move|p1a: Grimmsnarl|Parting Shot|p2a: Salt Lick
|-unboost|p2a: Salt Lick|atk|1
|-unboost|p2a: Salt Lick|spa|1
|
|t:|1743806950
|switch|p1a: Pelipper|Pelipper, M|100/100|[from] Parting Shot
|-weather|RainDance|[from] ability: Drizzle|[of] p1a: Pelipper
|move|p2a: Salt Lick|Salt Cure|p1a: Pelipper
|-supereffective|p1a: Pelipper
|-crit|p1a: Pelipper
|-damage|p1a: Pelipper|65/100
|-start|p1a: Pelipper|Salt Cure
|
|-weather|RainDance|[upkeep]
|-damage|p1a: Pelipper|40/100|[from] Salt Cure
|upkeep
|turn|4
|
|t:|1743806962
|switch|p2a: Waillord|Dondozo, M|100/100
|move|p1a: Pelipper|Weather Ball|p2a: Waillord
|-resisted|p2a: Waillord
|-damage|p2a: Waillord|79/100
|
|-weather|RainDance|[upkeep]
|-damage|p1a: Pelipper|15/100|[from] Salt Cure
|upkeep
|turn|5
|
|t:|1743806967
|move|p1a: Pelipper|U-turn|p2a: Waillord
|-damage|p2a: Waillord|74/100
|
|t:|1743806989
|switch|p1a: Poliwrath|Poliwrath, M|100/100|[from] U-turn
|move|p2a: Waillord|Avalanche|p1a: Poliwrath
|-resisted|p1a: Poliwrath
|-damage|p1a: Poliwrath|96/100
|
|-weather|RainDance|[upkeep]
|upkeep
|turn|6
|
|t:|1743806992
|move|p1a: Poliwrath|Knock Off|p2a: Waillord
|-damage|p2a: Waillord|54/100
|-enditem|p2a: Waillord|Weakness Policy|[from] move: Knock Off|[of] p1a: Poliwrath
|move|p2a: Waillord|Aqua Tail|p1a: Poliwrath|[miss]
|-miss|p2a: Waillord|p1a: Poliwrath
|
|-weather|RainDance|[upkeep]
|upkeep
|turn|7
|
|t:|1743807000
|move|p1a: Poliwrath|Liquidation|p2a: Waillord
|-resisted|p2a: Waillord
|-damage|p2a: Waillord|35/100
|move|p2a: Waillord|Rest|p2a: Waillord
|-status|p2a: Waillord|slp|[from] move: Rest
|-heal|p2a: Waillord|100/100 slp|[silent]
|
|-weather|RainDance|[upkeep]
|upkeep
|turn|8
|
|t:|1743807008
|switch|p1a: Pelipper|Pelipper, M|15/100
|cant|p2a: Waillord|slp
|move|p2a: Waillord|Sleep Talk|p2a: Waillord
|move|p2a: Waillord|Rest||[from] move: Sleep Talk|[still]
|-fail|p2a: Waillord
|
|-weather|RainDance|[upkeep]
|-sideend|p1: Yasin993|Reflect
|upkeep
|turn|9
|
|t:|1743807018
|move|p1a: Pelipper|Hurricane|p2a: Waillord
|-damage|p2a: Waillord|72/100 slp
|cant|p2a: Waillord|slp
|move|p2a: Waillord|Sleep Talk|p2a: Waillord
|move|p2a: Waillord|Aqua Tail|p1a: Pelipper|[from] move: Sleep Talk
|-resisted|p1a: Pelipper
|-damage|p1a: Pelipper|0 fnt
|faint|p1a: Pelipper
|
|-weather|RainDance|[upkeep]
|upkeep
|-message|Yasin993 forfeited.
|
|win|churrolite92
|raw|Yasin993's rating: 1387 &rarr; <strong>1368</strong><br />(-19 for losing)
|raw|churrolite92's rating: 1397 &rarr; <strong>1416</strong><br />(+19 for winning)
|l|☆Yasin993
|player|p1|
|l|☆churrolite92
|player|p2|
