|j|☆chinatownbandit
|j|☆jero putero
|t:|1743873062
|gametype|singles
|player|p1|chinatownbandit|burglar|1307
|player|p2|jero putero|169|1358
|teamsize|p1|6
|teamsize|p2|6
|gen|9
|tier|[Gen 9] OU
|rated|
|rule|HP Percentage Mod: HP is shown in percentages
|rule|Endless Battle Clause: Forcing endless battles is banned
|rule|Species Clause: Limit one of each Pokémon
|rule|OHKO Clause: OHKO moves are banned
|rule|Evasion Items Clause: Evasion items are banned
|rule|Evasion Moves Clause: Evasion moves are banned
|rule|Sleep Moves Clause: Sleep-inducing moves are banned
|clearpoke
|poke|p1|Kingambit, F|
|poke|p1|Corviknight, M|
|poke|p1|Darkrai|
|poke|p1|Pelipper, F|
|poke|p1|Clodsire, F|
|poke|p1|Barraskewda, M|
|poke|p2|Torkoal, M|
|poke|p2|Corviknight, F|
|poke|p2|Venusaur, M|
|poke|p2|Great Tusk|
|poke|p2|Typhlosion-Hisui, M|
|poke|p2|Walking Wake|
|teampreview
|inactive|Battle timer is ON: inactive players will automatically lose when time's up. (requested by jero putero)
|inactive|chinatownbandit has 120 seconds left.
|
|t:|1743873104
|start
|switch|p1a: Pelipper|Pelipper, F|100/100
|switch|p2a: Dubya|Walking Wake|100/100
|-weather|RainDance|[from] ability: Drizzle|[of] p1a: Pelipper
|turn|1
|
|t:|1743873123
|move|p2a: Dubya|Draco Meteor|p1a: Pelipper
|-damage|p1a: Pelipper|0 fnt
|-unboost|p2a: Dubya|spa|2
|faint|p1a: Pelipper
|
|-weather|RainDance|[upkeep]
|upkeep
|
|t:|1743873125
|switch|p1a: Barraskewda|Barraskewda, M, shiny|100/100
|turn|2
|
|t:|1743873142
|-end|p2a: Dubya|Protosynthesis|[silent]
|switch|p2a: T= r*Fsin(theta)|Torkoal, M|100/100
|-weather|SunnyDay|[from] ability: Drought|[of] p2a: T= r*Fsin(theta)
|move|p1a: Barraskewda|Flip Turn|p2a: T= r*Fsin(theta)
|-supereffective|p2a: T= r*Fsin(theta)
|-damage|p2a: T= r*Fsin(theta)|67/100
|
|t:|1743873149
|switch|p1a: Darkrai|Darkrai, shiny|100/100|[from] Flip Turn
|
|-weather|SunnyDay|[upkeep]
|upkeep
|turn|3
|
|t:|1743873167
|move|p1a: Darkrai|Sludge Bomb|p2a: T= r*Fsin(theta)
|-crit|p2a: T= r*Fsin(theta)
|-damage|p2a: T= r*Fsin(theta)|17/100
|-status|p2a: T= r*Fsin(theta)|psn
|move|p2a: T= r*Fsin(theta)|Stealth Rock|p1a: Darkrai
|-sidestart|p1: chinatownbandit|move: Stealth Rock
|
|-weather|SunnyDay|[upkeep]
|-damage|p2a: T= r*Fsin(theta)|5/100 psn|[from] psn
|upkeep
|turn|4
|
|t:|1743873174
|switch|p1a: Corviknight|Corviknight, M, shiny|100/100
|-damage|p1a: Corviknight|88/100|[from] Stealth Rock
|-ability|p1a: Corviknight|Pressure
|switch|p2a: Corvfefe|Corviknight, F|100/100
|-ability|p2a: Corvfefe|Pressure
|
|-weather|SunnyDay|[upkeep]
|upkeep
|turn|5
|
|t:|1743873182
|move|p1a: Corviknight|Defog|p2a: Corvfefe
|-unboost|p2a: Corvfefe|evasion|1
|-sideend|p1: chinatownbandit|Stealth Rock|[from] move: Defog|[of] p1a: Corviknight
|move|p2a: Corvfefe|U-turn|p1a: Corviknight
|-resisted|p1a: Corviknight
|-damage|p1a: Corviknight|86/100
|-damage|p2a: Corvfefe|84/100|[from] item: Rocky Helmet|[of] p1a: Corviknight
|
|t:|1743873188
|switch|p2a: Ty Collar Sign|Typhlosion-Hisui, M|100/100|[from] U-turn
|
|-weather|SunnyDay|[upkeep]
|upkeep
|turn|6
|
|t:|1743873191
|switch|p1a: Clodsire|Clodsire, F, shiny|100/100
|move|p2a: Ty Collar Sign|Eruption|p1a: Clodsire
|-damage|p1a: Clodsire|44/100
|
|-weather|SunnyDay|[upkeep]
|-heal|p1a: Clodsire|50/100|[from] item: Leftovers
|upkeep
|turn|7
|
|t:|1743873203
|move|p2a: Ty Collar Sign|Eruption|p1a: Clodsire
|-damage|p1a: Clodsire|0 fnt
|faint|p1a: Clodsire
|
|-weather|SunnyDay|[upkeep]
|upkeep
|
|t:|1743873207
|switch|p1a: Barraskewda|Barraskewda, M, shiny|100/100
|turn|8
|
|t:|1743873212
|switch|p2a: VVS Diamonds|Venusaur, M|100/100
|move|p1a: Barraskewda|Flip Turn|p2a: VVS Diamonds
|-resisted|p2a: VVS Diamonds
|-damage|p2a: VVS Diamonds|84/100
|
|t:|1743873215
|switch|p1a: Darkrai|Darkrai, shiny|100/100|[from] Flip Turn
|
|-weather|SunnyDay|[upkeep]
|upkeep
|turn|9
|
|t:|1743873218
|move|p2a: VVS Diamonds|Sludge Bomb|p1a: Darkrai
|-damage|p1a: Darkrai|30/100
|-damage|p2a: VVS Diamonds|74/100|[from] item: Life Orb
|move|p1a: Darkrai|Nasty Plot|p1a: Darkrai
|-boost|p1a: Darkrai|spa|2
|
|-weather|none
|upkeep
|turn|10
|
|t:|1743873223
|switch|p2a: T= r*Fsin(theta)|Torkoal, M|5/100 psn
|-weather|SunnyDay|[from] ability: Drought|[of] p2a: T= r*Fsin(theta)
|-terastallize|p1a: Darkrai|Poison
|move|p1a: Darkrai|Ice Beam|p2a: T= r*Fsin(theta)
|-resisted|p2a: T= r*Fsin(theta)
|-damage|p2a: T= r*Fsin(theta)|0 fnt
|faint|p2a: T= r*Fsin(theta)
|
|-weather|SunnyDay|[upkeep]
|upkeep
|
|t:|1743873226
|switch|p2a: VVS Diamonds|Venusaur, M|74/100
|turn|11
|
|t:|1743873231
|move|p2a: VVS Diamonds|Giga Drain|p1a: Darkrai
|-resisted|p1a: Darkrai
|-damage|p1a: Darkrai|0 fnt
|-heal|p2a: VVS Diamonds|87/100|[from] drain|[of] p1a: Darkrai
|faint|p1a: Darkrai
|-damage|p2a: VVS Diamonds|77/100|[from] item: Life Orb
|
|-weather|SunnyDay|[upkeep]
|upkeep
|
|t:|1743873242
|switch|p1a: Corviknight|Corviknight, M, shiny|86/100
|-ability|p1a: Corviknight|Pressure
|turn|12
|
|t:|1743873246
|switch|p2a: Dubya|Walking Wake|100/100
|-activate|p2a: Dubya|ability: Protosynthesis
|-start|p2a: Dubya|protosynthesisspe
|move|p1a: Corviknight|Iron Defense|p1a: Corviknight
|-boost|p1a: Corviknight|def|2
|
|-weather|SunnyDay|[upkeep]
|upkeep
|turn|13
|
|t:|1743873253
|move|p2a: Dubya|Draco Meteor|p1a: Corviknight
|-resisted|p1a: Corviknight
|-damage|p1a: Corviknight|35/100
|-unboost|p2a: Dubya|spa|2
|move|p1a: Corviknight|Body Press|p2a: Dubya
|-damage|p2a: Dubya|48/100
|
|-weather|SunnyDay|[upkeep]
|upkeep
|turn|14
|
|t:|1743873257
|-end|p2a: Dubya|Protosynthesis|[silent]
|switch|p2a: Ty Collar Sign|Typhlosion-Hisui, M|100/100
|move|p1a: Corviknight|Roost|p1a: Corviknight
|-heal|p1a: Corviknight|85/100
|-singleturn|p1a: Corviknight|move: Roost
|
|-weather|SunnyDay|[upkeep]
|upkeep
|turn|15
|
|t:|1743873259
|move|p2a: Ty Collar Sign|Eruption|p1a: Corviknight
|-supereffective|p1a: Corviknight
|-damage|p1a: Corviknight|0 fnt
|faint|p1a: Corviknight
|
|-weather|SunnyDay|[upkeep]
|upkeep
|
|t:|1743873266
|switch|p1a: Barraskewda|Barraskewda, M, shiny|100/100
|turn|16
|
|t:|1743873268
|move|p2a: Ty Collar Sign|Eruption|p1a: Barraskewda
|-resisted|p1a: Barraskewda
|-crit|p1a: Barraskewda
|-damage|p1a: Barraskewda|0 fnt
|faint|p1a: Barraskewda
|
|-weather|SunnyDay|[upkeep]
|upkeep
|
|t:|1743873270
|switch|p1a: Kingambit|Kingambit, F|100/100
|-activate|p1a: Kingambit|ability: Supreme Overlord
|-start|p1a: Kingambit|fallen5|[silent]
|turn|17
|
|t:|1743873279
|move|p2a: Ty Collar Sign|Eruption|p1a: Kingambit
|-supereffective|p1a: Kingambit
|-damage|p1a: Kingambit|0 fnt
|faint|p1a: Kingambit
|-end|p1a: Kingambit|fallen5|[silent]
|
|win|jero putero
|raw|chinatownbandit's rating: 1307 &rarr; <strong>1291</strong><br />(-16 for losing)
|raw|jero putero's rating: 1375 &rarr; <strong>1391</strong><br />(+16 for winning)
|l|☆chinatownbandit
|player|p1|
|l|☆jero putero
|player|p2|
