|j|☆Cinder D Ace
|j|☆YIN SUN SHIN
|t:|1743862070
|gametype|singles
|player|p1|Cinder D Ace|parasollady|1487
|player|p2|YIN SUN SHIN|harlequin|1476
|teamsize|p1|6
|teamsize|p2|6
|gen|9
|tier|[Gen 9] OU
|rated|
|rule|HP Percentage Mod: HP is shown in percentages
|rule|Endless Battle Clause: Forcing endless battles is banned
|rule|Species Clause: Limit one of each Pokémon
|rule|OHKO Clause: OHKO moves are banned
|rule|Evasion Items Clause: Evasion items are banned
|rule|Evasion Moves Clause: Evasion moves are banned
|rule|Sleep Moves Clause: Sleep-inducing moves are banned
|clearpoke
|poke|p1|Garganacl, F|
|poke|p1|Iron Valiant|
|poke|p1|Kingambit, F|
|poke|p1|Cinderace, M|
|poke|p1|Ogerpon-Wellspring, F|
|poke|p1|Dragonite, M|
|poke|p2|Ninetales-Alola, F|
|poke|p2|Rhyperior, M|
|poke|p2|Sceptile, M|
|poke|p2|Avalugg-Hisui, M|
|poke|p2|Tatsugiri, M|
|poke|p2|Zoroark-Hisui, F|
|teampreview
|inactive|Battle timer is ON: inactive players will automatically lose when time's up. (requested by Cinder D Ace)
|
|t:|1743862089
|start
|switch|p1a: Garganacl|Garganacl, F|100/100
|switch|p2a: Rhyperior|Rhyperior, M|100/100
|turn|1
|
|t:|1743862094
|switch|p1a: Ogerpon|Ogerpon-Wellspring, F|100/100
|move|p2a: Rhyperior|Earthquake|p1a: Ogerpon
|-resisted|p1a: Ogerpon
|-damage|p1a: Ogerpon|68/100
|
|upkeep
|turn|2
|
|t:|1743862104
|switch|p2a: Avalugg|Avalugg-Hisui, M|100/100
|move|p1a: Ogerpon|Power Whip|p2a: Avalugg
|-supereffective|p2a: Avalugg
|-damage|p2a: Avalugg|30/100
|
|upkeep
|turn|3
|
|t:|1743862118
|move|p1a: Ogerpon|Power Whip|p2a: Avalugg|[miss]
|-miss|p1a: Ogerpon|p2a: Avalugg
|move|p2a: Avalugg|Mountain Gale|p1a: Ogerpon
|-damage|p1a: Ogerpon|0 fnt
|faint|p1a: Ogerpon
|
|upkeep
|
|t:|1743862128
|switch|p1a: Iron Valiant|Iron Valiant|100/100
|-enditem|p1a: Iron Valiant|Booster Energy
|-activate|p1a: Iron Valiant|ability: Quark Drive|[fromitem]
|-start|p1a: Iron Valiant|quarkdrivespe
|turn|4
|
|t:|1743862133
|move|p1a: Iron Valiant|Aura Sphere|p2a: Avalugg
|-supereffective|p2a: Avalugg
|-damage|p2a: Avalugg|0 fnt
|faint|p2a: Avalugg
|
|upkeep
|
|t:|1743862136
|switch|p2a: Ninetales|Ninetales-Alola, F|100/100
|-weather|Snowscape|[from] ability: Snow Warning|[of] p2a: Ninetales
|turn|5
|
|t:|1743862138
|-end|p1a: Iron Valiant|Quark Drive|[silent]
|switch|p1a: Garganacl|Garganacl, F|100/100
|move|p2a: Ninetales|Aurora Veil|p2a: Ninetales
|-sidestart|p2: YIN SUN SHIN|move: Aurora Veil
|
|-weather|Snowscape|[upkeep]
|upkeep
|turn|6
|
|t:|1743862149
|switch|p2a: Sceptile|Sceptile, M|100/100
|move|p1a: Garganacl|Salt Cure|p2a: Sceptile
|-damage|p2a: Sceptile|88/100
|-start|p2a: Sceptile|Salt Cure
|-enditem|p2a: Sceptile|Red Card|[of] p1a: Garganacl
|drag|p1a: Kingambit|Kingambit, F|100/100
|-activate|p1a: Kingambit|ability: Supreme Overlord
|-start|p1a: Kingambit|fallen1|[silent]
|
|-weather|Snowscape|[upkeep]
|-damage|p2a: Sceptile|75/100|[from] Salt Cure
|upkeep
|turn|7
|
|t:|1743862156
|move|p2a: Sceptile|Swords Dance|p2a: Sceptile
|-boost|p2a: Sceptile|atk|2
|move|p1a: Kingambit|Kowtow Cleave|p2a: Sceptile
|-damage|p2a: Sceptile|26/100
|
|-weather|Snowscape|[upkeep]
|-damage|p2a: Sceptile|14/100|[from] Salt Cure
|upkeep
|turn|8
|
|t:|1743862159
|move|p1a: Kingambit|Sucker Punch|p2a: Sceptile
|-damage|p2a: Sceptile|0 fnt
|faint|p2a: Sceptile
|
|-weather|Snowscape|[upkeep]
|upkeep
|
|t:|1743862167
|switch|p2a: Rhyperior|Rhyperior, M|100/100
|turn|9
|
|t:|1743862184
|-end|p1a: Kingambit|fallen1|[silent]
|switch|p1a: Dragonite|Dragonite, M|100/100
|move|p2a: Rhyperior|Swords Dance|p2a: Rhyperior
|-boost|p2a: Rhyperior|atk|2
|
|-weather|none
|upkeep
|turn|10
|
|t:|1743862188
|move|p1a: Dragonite|Earthquake|p2a: Rhyperior
|-supereffective|p2a: Rhyperior
|-damage|p2a: Rhyperior|86/100
|move|p2a: Rhyperior|Stone Edge|p1a: Dragonite|[miss]
|-miss|p2a: Rhyperior|p1a: Dragonite
|
|-heal|p2a: Rhyperior|92/100|[from] item: Leftovers
|upkeep
|turn|11
|
|t:|1743862193
|move|p1a: Dragonite|Earthquake|p2a: Rhyperior
|-supereffective|p2a: Rhyperior
|-damage|p2a: Rhyperior|77/100
|move|p2a: Rhyperior|Stone Edge|p1a: Dragonite
|-supereffective|p1a: Dragonite
|-damage|p1a: Dragonite|0 fnt
|faint|p1a: Dragonite
|
|-heal|p2a: Rhyperior|83/100|[from] item: Leftovers
|upkeep
|
|t:|1743862198
|switch|p1a: Cinderace|Cinderace, M|100/100
|turn|12
|
|t:|1743862200
|move|p1a: Cinderace|Will-O-Wisp|p2a: Rhyperior
|-status|p2a: Rhyperior|brn
|move|p2a: Rhyperior|Earthquake|p1a: Cinderace
|-supereffective|p1a: Cinderace
|-damage|p1a: Cinderace|0 fnt
|faint|p1a: Cinderace
|
|-heal|p2a: Rhyperior|90/100 brn|[from] item: Leftovers
|-damage|p2a: Rhyperior|83/100 brn|[from] brn
|-sideend|p2: YIN SUN SHIN|move: Aurora Veil
|upkeep
|
|t:|1743862203
|switch|p1a: Iron Valiant|Iron Valiant|100/100
|turn|13
|
|t:|1743862211
|move|p1a: Iron Valiant|Aura Sphere|p2a: Rhyperior
|-supereffective|p2a: Rhyperior
|-damage|p2a: Rhyperior|5/100 brn
|move|p2a: Rhyperior|Earthquake|p1a: Iron Valiant
|-damage|p1a: Iron Valiant|38/100
|
|-heal|p2a: Rhyperior|12/100 brn|[from] item: Leftovers
|-damage|p2a: Rhyperior|5/100 brn|[from] brn
|upkeep
|turn|14
|
|t:|1743862217
|move|p1a: Iron Valiant|Moonblast|p2a: Rhyperior
|-damage|p2a: Rhyperior|0 fnt
|faint|p2a: Rhyperior
|
|upkeep
|
|t:|1743862220
|switch|p2a: Ninetales|Ninetales-Alola, F|100/100
|-weather|Snowscape|[from] ability: Snow Warning|[of] p2a: Ninetales
|turn|15
|
|t:|1743862222
|-end|p1a: Iron Valiant|Quark Drive|[silent]
|switch|p1a: Garganacl|Garganacl, F|100/100
|move|p2a: Ninetales|Aurora Veil|p2a: Ninetales
|-sidestart|p2: YIN SUN SHIN|move: Aurora Veil
|
|-weather|Snowscape|[upkeep]
|upkeep
|turn|16
|
|t:|1743862225
|switch|p2a: Tatsugiri|Tatsugiri, M|100/100
|move|p1a: Garganacl|Curse|p1a: Garganacl
|-unboost|p1a: Garganacl|spe|1
|-boost|p1a: Garganacl|atk|1
|-boost|p1a: Garganacl|def|1
|
|-weather|Snowscape|[upkeep]
|upkeep
|turn|17
|
|t:|1743862230
|-terastallize|p1a: Garganacl|Water
|move|p2a: Tatsugiri|Nasty Plot|p2a: Tatsugiri
|-boost|p2a: Tatsugiri|spa|2
|move|p1a: Garganacl|Salt Cure|p2a: Tatsugiri
|-damage|p2a: Tatsugiri|82/100
|-start|p2a: Tatsugiri|Salt Cure
|
|-weather|Snowscape|[upkeep]
|-heal|p2a: Tatsugiri|88/100|[from] item: Leftovers
|-damage|p2a: Tatsugiri|63/100|[from] Salt Cure
|upkeep
|turn|18
|
|t:|1743862235
|move|p2a: Tatsugiri|Draco Meteor|p1a: Garganacl
|-damage|p1a: Garganacl|14/100
|-unboost|p2a: Tatsugiri|spa|2
|move|p1a: Garganacl|Recover|p1a: Garganacl
|-heal|p1a: Garganacl|64/100
|
|-weather|Snowscape|[upkeep]
|-heal|p2a: Tatsugiri|70/100|[from] item: Leftovers
|-heal|p1a: Garganacl|70/100|[from] item: Leftovers
|-damage|p2a: Tatsugiri|45/100|[from] Salt Cure
|upkeep
|turn|19
|
|t:|1743862241
|move|p2a: Tatsugiri|Nasty Plot|p2a: Tatsugiri
|-boost|p2a: Tatsugiri|spa|2
|move|p1a: Garganacl|Recover|p1a: Garganacl
|-heal|p1a: Garganacl|100/100
|
|-weather|none
|-heal|p2a: Tatsugiri|51/100|[from] item: Leftovers
|-damage|p2a: Tatsugiri|26/100|[from] Salt Cure
|upkeep
|turn|20
|
|t:|1743862247
|move|p2a: Tatsugiri|Nasty Plot|p2a: Tatsugiri
|-boost|p2a: Tatsugiri|spa|2
|move|p1a: Garganacl|Recover||[still]
|-fail|p1a: Garganacl|heal
|
|-heal|p2a: Tatsugiri|32/100|[from] item: Leftovers
|-damage|p2a: Tatsugiri|7/100|[from] Salt Cure
|upkeep
|turn|21
|
|t:|1743862252
|switch|p1a: Iron Valiant|Iron Valiant|38/100
|move|p2a: Tatsugiri|Draco Meteor|p1a: Iron Valiant
|-immune|p1a: Iron Valiant
|
|-heal|p2a: Tatsugiri|13/100|[from] item: Leftovers
|-damage|p2a: Tatsugiri|0 fnt|[from] Salt Cure
|faint|p2a: Tatsugiri
|upkeep
|
|t:|1743862257
|switch|p2a: Ninetales|Ninetales-Alola, F|100/100
|-weather|Snowscape|[from] ability: Snow Warning|[of] p2a: Ninetales
|turn|22
|
|t:|1743862262
|-end|p1a: Iron Valiant|Quark Drive|[silent]
|switch|p1a: Garganacl|Garganacl, F, tera:Water|100/100
|move|p2a: Ninetales|Freeze-Dry|p1a: Garganacl
|-supereffective|p1a: Garganacl
|-damage|p1a: Garganacl|65/100
|
|-weather|Snowscape|[upkeep]
|-heal|p1a: Garganacl|71/100|[from] item: Leftovers
|-sideend|p2: YIN SUN SHIN|move: Aurora Veil
|upkeep
|turn|23
|
|t:|1743862266
|move|p2a: Ninetales|Freeze-Dry|p1a: Garganacl
|-supereffective|p1a: Garganacl
|-damage|p1a: Garganacl|32/100
|move|p1a: Garganacl|Salt Cure|p2a: Ninetales
|-supereffective|p2a: Ninetales
|-damage|p2a: Ninetales|71/100
|-start|p2a: Ninetales|Salt Cure
|
|-weather|Snowscape|[upkeep]
|-heal|p1a: Garganacl|38/100|[from] item: Leftovers
|-damage|p2a: Ninetales|59/100|[from] Salt Cure
|upkeep
|turn|24
|
|t:|1743862274
|switch|p1a: Kingambit|Kingambit, F|100/100
|-activate|p1a: Kingambit|ability: Supreme Overlord
|-start|p1a: Kingambit|fallen3|[silent]
|move|p2a: Ninetales|Freeze-Dry|p1a: Kingambit
|-resisted|p1a: Kingambit
|-damage|p1a: Kingambit|87/100
|
|-weather|Snowscape|[upkeep]
|-heal|p1a: Kingambit|94/100|[from] item: Leftovers
|-damage|p2a: Ninetales|46/100|[from] Salt Cure
|upkeep
|turn|25
|
|t:|1743862277
|move|p2a: Ninetales|Aurora Veil|p2a: Ninetales
|-sidestart|p2: YIN SUN SHIN|move: Aurora Veil
|move|p1a: Kingambit|Iron Head|p2a: Ninetales
|-supereffective|p2a: Ninetales
|-damage|p2a: Ninetales|0 fnt
|faint|p2a: Ninetales
|
|-weather|Snowscape|[upkeep]
|-heal|p1a: Kingambit|99/100|[from] item: Leftovers
|upkeep
|
|t:|1743862279
|switch|p2a: Zoroark|Zoroark-Hisui, F|100/100
|turn|26
|
|t:|1743862282
|move|p2a: Zoroark|Nasty Plot|p2a: Zoroark
|-boost|p2a: Zoroark|spa|2
|move|p1a: Kingambit|Kowtow Cleave|p2a: Zoroark
|-supereffective|p2a: Zoroark
|-crit|p2a: Zoroark
|-enditem|p2a: Zoroark|Focus Sash
|-damage|p2a: Zoroark|1/100
|
|-weather|none
|-heal|p1a: Kingambit|100/100|[from] item: Leftovers
|upkeep
|turn|27
|
|t:|1743862291
|move|p1a: Kingambit|Sucker Punch|p2a: Zoroark
|-supereffective|p2a: Zoroark
|-damage|p2a: Zoroark|0 fnt
|faint|p2a: Zoroark
|
|win|Cinder D Ace
|raw|Cinder D Ace's rating: 1487 &rarr; <strong>1506</strong><br />(+19 for winning)
|raw|YIN SUN SHIN's rating: 1476 &rarr; <strong>1457</strong><br />(-19 for losing)
|l|☆YIN SUN SHIN
|player|p2|
|l|☆Cinder D Ace
|player|p1|
