|j|☆picture of
|j|☆ddthejj-test
|t:|1743919439
|gametype|singles
|player|p1|picture of|benga|1232
|player|p2|ddthejj-test|hiker-gen4|1192
|teamsize|p1|6
|teamsize|p2|6
|gen|9
|tier|[Gen 9] OU
|rated|
|rule|HP Percentage Mod: HP is shown in percentages
|rule|Endless Battle Clause: Forcing endless battles is banned
|rule|Species Clause: Limit one of each Pokémon
|rule|OHKO Clause: OHKO moves are banned
|rule|Evasion Items Clause: Evasion items are banned
|rule|Evasion Moves Clause: Evasion moves are banned
|rule|Sleep Moves Clause: Sleep-inducing moves are banned
|clearpoke
|poke|p1|Ting-Lu|
|poke|p1|Toxapex, M|
|poke|p1|Skeledirge, F|
|poke|p1|Dondozo, F|
|poke|p1|Goodra-Hisui, M|
|poke|p1|Dragapult, M|
|poke|p2|Revavroom, F|
|poke|p2|Galvantula, F|
|poke|p2|Great Tusk|
|poke|p2|Probopass, M|
|poke|p2|Iron Moth|
|poke|p2|Ogerpon-Wellspring, F|
|teampreview
|inactive|Battle timer is ON: inactive players will automatically lose when time's up. (requested by ddthejj-test)
|
|t:|1743919445
|start
|switch|p1a: Ting-Lu|Ting-Lu|100/100
|switch|p2a: Galvantula|Galvantula, F|100/100
|-ability|p1a: Ting-Lu|Vessel of Ruin
|turn|1
|
|t:|1743919451
|move|p2a: Galvantula|Sticky Web|p1a: Ting-Lu
|-sidestart|p1: picture of|move: Sticky Web
|move|p1a: Ting-Lu|Ruination|p2a: Galvantula
|-damage|p2a: Galvantula|51/100
|
|upkeep
|turn|2
|
|t:|1743919455
|move|p2a: Galvantula|Bug Buzz|p1a: Ting-Lu
|-supereffective|p1a: Ting-Lu
|-damage|p1a: Ting-Lu|69/100
|move|p1a: Ting-Lu|Stealth Rock|p2a: Galvantula
|-sidestart|p2: ddthejj-test|move: Stealth Rock
|
|-heal|p1a: Ting-Lu|75/100|[from] item: Leftovers
|upkeep
|turn|3
|
|t:|1743919460
|move|p2a: Galvantula|Bug Buzz|p1a: Ting-Lu
|-supereffective|p1a: Ting-Lu
|-damage|p1a: Ting-Lu|43/100
|move|p1a: Ting-Lu|Whirlwind|p2a: Galvantula
|drag|p2a: Iron Moth|Iron Moth|100/100
|-damage|p2a: Iron Moth|76/100|[from] Stealth Rock
|-enditem|p2a: Iron Moth|Booster Energy
|-activate|p2a: Iron Moth|ability: Quark Drive|[fromitem]
|-start|p2a: Iron Moth|quarkdrivespa
|
|-heal|p1a: Ting-Lu|50/100|[from] item: Leftovers
|upkeep
|turn|4
|
|t:|1743919482
|move|p2a: Iron Moth|Dazzling Gleam|p1a: Ting-Lu
|-supereffective|p1a: Ting-Lu
|-damage|p1a: Ting-Lu|18/100
|move|p1a: Ting-Lu|Whirlwind|p2a: Iron Moth
|-end|p2a: Iron Moth|Quark Drive|[silent]
|drag|p2a: Revavroom|Revavroom, F|100/100
|-damage|p2a: Revavroom|95/100|[from] Stealth Rock
|
|-heal|p1a: Ting-Lu|24/100|[from] item: Leftovers
|upkeep
|turn|5
|
|t:|1743919492
|move|p2a: Revavroom|Iron Head|p1a: Ting-Lu
|-damage|p1a: Ting-Lu|2/100
|cant|p1a: Ting-Lu|flinch
|
|-heal|p1a: Ting-Lu|8/100|[from] item: Leftovers
|upkeep
|turn|6
|
|t:|1743919499
|move|p2a: Revavroom|Poison Jab|p1a: Ting-Lu
|-resisted|p1a: Ting-Lu
|-damage|p1a: Ting-Lu|0 fnt
|faint|p1a: Ting-Lu
|
|upkeep
|
|t:|1743919510
|switch|p1a: Dragapult|Dragapult, M|100/100
|turn|7
|
|t:|1743919516
|move|p1a: Dragapult|Thunder Wave|p2a: Revavroom
|-status|p2a: Revavroom|par
|move|p2a: Revavroom|Shift Gear|p2a: Revavroom
|-boost|p2a: Revavroom|spe|2
|-boost|p2a: Revavroom|atk|1
|
|upkeep
|turn|8
|
|t:|1743919522
|move|p1a: Dragapult|Hex|p2a: Revavroom
|-damage|p2a: Revavroom|4/100 par
|move|p2a: Revavroom|Shift Gear|p2a: Revavroom
|-boost|p2a: Revavroom|spe|2
|-boost|p2a: Revavroom|atk|1
|
|upkeep
|turn|9
|
|t:|1743919527
|move|p1a: Dragapult|Hex|p2a: Revavroom
|-damage|p2a: Revavroom|0 fnt
|faint|p2a: Revavroom
|
|upkeep
|l|☆picture of
|inactive|picture of disconnected and has a minute to reconnect!
|player|p1|
|
|t:|1743919543
|switch|p2a: Ogerpon|Ogerpon-Wellspring, F|100/100
|-damage|p2a: Ogerpon|88/100|[from] Stealth Rock
|turn|10
|j|☆picture of
|inactive|picture of reconnected and has 150 seconds left.
|player|p1|picture of|benga|
|
|t:|1743919547
|move|p1a: Dragapult|Thunder Wave|p2a: Ogerpon|[miss]
|-miss|p1a: Dragapult|p2a: Ogerpon
|move|p2a: Ogerpon|Knock Off|p1a: Dragapult
|-supereffective|p1a: Dragapult
|-damage|p1a: Dragapult|0 fnt
|-enditem|p1a: Dragapult|Heavy-Duty Boots|[from] move: Knock Off|[of] p2a: Ogerpon
|faint|p1a: Dragapult
|
|upkeep
|
|t:|1743919554
|switch|p1a: Toxapex|Toxapex, M|100/100
|-activate|p1a: Toxapex|move: Sticky Web
|-unboost|p1a: Toxapex|spe|1
|turn|11
|
|t:|1743919568
|move|p2a: Ogerpon|Knock Off|p1a: Toxapex
|-damage|p1a: Toxapex|75/100
|-enditem|p1a: Toxapex|Black Sludge|[from] move: Knock Off|[of] p2a: Ogerpon
|move|p1a: Toxapex|Toxic|p2a: Ogerpon
|-status|p2a: Ogerpon|tox
|
|-damage|p2a: Ogerpon|82/100 tox|[from] psn
|upkeep
|turn|12
|
|t:|1743919574
|move|p1a: Toxapex|Baneful Bunker|p1a: Toxapex
|-singleturn|p1a: Toxapex|move: Protect
|move|p2a: Ogerpon|Horn Leech|p1a: Toxapex
|-activate|p1a: Toxapex|move: Protect
|
|-damage|p2a: Ogerpon|70/100 tox|[from] psn
|upkeep
|turn|13
|
|t:|1743919581
|move|p2a: Ogerpon|Horn Leech|p1a: Toxapex
|-damage|p1a: Toxapex|48/100
|-heal|p2a: Ogerpon|84/100 tox|[from] drain|[of] p1a: Toxapex
|move|p1a: Toxapex|Recover|p1a: Toxapex
|-heal|p1a: Toxapex|98/100
|
|-damage|p2a: Ogerpon|66/100 tox|[from] psn
|upkeep
|turn|14
|
|t:|1743919587
|switch|p2a: Galvantula|Galvantula, F|51/100
|-damage|p2a: Galvantula|26/100|[from] Stealth Rock
|move|p1a: Toxapex|Recover|p1a: Toxapex
|-heal|p1a: Toxapex|100/100
|
|upkeep
|turn|15
|
|t:|1743919592
|move|p2a: Galvantula|Volt Switch|p1a: Toxapex
|-supereffective|p1a: Toxapex
|-damage|p1a: Toxapex|54/100
|
|t:|1743919598
|switch|p2a: Ogerpon|Ogerpon-Wellspring, F|66/100 tox|[from] Volt Switch
|-damage|p2a: Ogerpon|54/100 tox|[from] Stealth Rock
|move|p1a: Toxapex|Toxic|p2a: Ogerpon
|-fail|p2a: Ogerpon|tox
|
|-damage|p2a: Ogerpon|48/100 tox|[from] psn
|upkeep
|turn|16
|
|t:|1743919602
|move|p2a: Ogerpon|Horn Leech|p1a: Toxapex
|-damage|p1a: Toxapex|25/100
|-heal|p2a: Ogerpon|63/100 tox|[from] drain|[of] p1a: Toxapex
|move|p1a: Toxapex|Recover|p1a: Toxapex
|-heal|p1a: Toxapex|75/100
|
|-damage|p2a: Ogerpon|51/100 tox|[from] psn
|upkeep
|turn|17
|
|t:|1743919607
|move|p1a: Toxapex|Baneful Bunker|p1a: Toxapex
|-singleturn|p1a: Toxapex|move: Protect
|move|p2a: Ogerpon|U-turn|p1a: Toxapex
|-activate|p1a: Toxapex|move: Protect
|
|-damage|p2a: Ogerpon|33/100 tox|[from] psn
|upkeep
|turn|18
|
|t:|1743919619
|move|p2a: Ogerpon|Horn Leech|p1a: Toxapex
|-damage|p1a: Toxapex|49/100
|-heal|p2a: Ogerpon|46/100 tox|[from] drain|[of] p1a: Toxapex
|move|p1a: Toxapex|Toxic|p2a: Ogerpon
|-fail|p2a: Ogerpon|tox
|
|-damage|p2a: Ogerpon|22/100 tox|[from] psn
|upkeep
|turn|19
|
|t:|1743919629
|switch|p2a: Great Tusk|Great Tusk|100/100
|-damage|p2a: Great Tusk|98/100|[from] Stealth Rock
|move|p1a: Toxapex|Recover|p1a: Toxapex
|-heal|p1a: Toxapex|99/100
|
|upkeep
|turn|20
|
|t:|1743919639
|move|p1a: Toxapex|Baneful Bunker|p1a: Toxapex
|-singleturn|p1a: Toxapex|move: Protect
|move|p2a: Great Tusk|Rapid Spin|p1a: Toxapex
|-activate|p1a: Toxapex|move: Protect
|-status|p2a: Great Tusk|psn
|
|-damage|p2a: Great Tusk|85/100 psn|[from] psn
|upkeep
|turn|21
|
|t:|1743919646
|-terastallize|p1a: Toxapex|Grass
|move|p2a: Great Tusk|Headlong Rush|p1a: Toxapex
|-resisted|p1a: Toxapex
|-damage|p1a: Toxapex|83/100
|-unboost|p2a: Great Tusk|def|1
|-unboost|p2a: Great Tusk|spd|1
|move|p1a: Toxapex|Surf|p2a: Great Tusk
|-supereffective|p2a: Great Tusk
|-damage|p2a: Great Tusk|14/100 psn
|
|-damage|p2a: Great Tusk|2/100 psn|[from] psn
|upkeep
|turn|22
|
|t:|1743919653
|move|p1a: Toxapex|Baneful Bunker|p1a: Toxapex
|-singleturn|p1a: Toxapex|move: Protect
|move|p2a: Great Tusk|Rapid Spin|p1a: Toxapex
|-activate|p1a: Toxapex|move: Protect
|
|-damage|p2a: Great Tusk|0 fnt|[from] psn
|faint|p2a: Great Tusk
|-end|p2a: Great Tusk|Protosynthesis|[silent]
|upkeep
|
|t:|1743919657
|switch|p2a: Iron Moth|Iron Moth|76/100
|-damage|p2a: Iron Moth|51/100|[from] Stealth Rock
|turn|23
|
|t:|1743919662
|switch|p1a: Goodra|Goodra-Hisui, M|100/100
|-activate|p1a: Goodra|move: Sticky Web
|-unboost|p1a: Goodra|spe|1
|move|p2a: Iron Moth|Fiery Dance|p1a: Goodra
|-damage|p1a: Goodra|80/100
|
|upkeep
|turn|24
|
|t:|1743919670
|move|p2a: Iron Moth|Fiery Dance|p1a: Goodra
|-damage|p1a: Goodra|61/100
|move|p1a: Goodra|Draco Meteor|p2a: Iron Moth
|-damage|p2a: Iron Moth|0 fnt
|-unboost|p1a: Goodra|spa|2
|faint|p2a: Iron Moth
|-end|p2a: Iron Moth|Quark Drive|[silent]
|
|upkeep
|l|☆picture of
|inactive|picture of disconnected and has a minute to reconnect!
|player|p1|
|
|t:|1743919676
|switch|p2a: Probopass|Probopass, M|100/100
|-damage|p2a: Probopass|94/100|[from] Stealth Rock
|turn|25
|inactive|picture of has 30 seconds to reconnect!
|j|☆picture of
|inactive|picture of reconnected and has 115 seconds left.
|player|p1|picture of|benga|
|
|t:|1743919718
|move|p2a: Probopass|Earth Power|p1a: Goodra
|-supereffective|p1a: Goodra
|-damage|p1a: Goodra|42/100
|move|p1a: Goodra|Flamethrower|p2a: Probopass
|-damage|p2a: Probopass|87/100
|
|upkeep
|turn|26
|
|t:|1743919725
|move|p2a: Probopass|Earth Power|p1a: Goodra
|-supereffective|p1a: Goodra
|-damage|p1a: Goodra|19/100
|move|p1a: Goodra|Flamethrower|p2a: Probopass
|-damage|p2a: Probopass|79/100
|
|upkeep
|turn|27
|
|t:|1743919732
|move|p2a: Probopass|Earth Power|p1a: Goodra
|-supereffective|p1a: Goodra
|-damage|p1a: Goodra|0 fnt
|faint|p1a: Goodra
|
|upkeep
|
|t:|1743919737
|switch|p1a: Skeledirge|Skeledirge, F|100/100
|turn|28
|
|t:|1743919743
|move|p1a: Skeledirge|Torch Song|p2a: Probopass
|-damage|p2a: Probopass|64/100
|-boost|p1a: Skeledirge|spa|1
|move|p2a: Probopass|Power Gem|p1a: Skeledirge
|-supereffective|p1a: Skeledirge
|-damage|p1a: Skeledirge|33/100
|
|upkeep
|turn|29
|
|t:|1743919750
|move|p1a: Skeledirge|Will-O-Wisp|p2a: Probopass
|-status|p2a: Probopass|brn
|move|p2a: Probopass|Power Gem|p1a: Skeledirge
|-supereffective|p1a: Skeledirge
|-damage|p1a: Skeledirge|0 fnt
|faint|p1a: Skeledirge
|
|-damage|p2a: Probopass|58/100 brn|[from] brn
|upkeep
|
|t:|1743919754
|switch|p1a: Toxapex|Toxapex, M, tera:Grass|100/100
|-activate|p1a: Toxapex|move: Sticky Web
|-unboost|p1a: Toxapex|spe|1
|turn|30
|
|t:|1743919761
|move|p1a: Toxapex|Baneful Bunker|p1a: Toxapex
|-singleturn|p1a: Toxapex|move: Protect
|move|p2a: Probopass|Flash Cannon|p1a: Toxapex
|-activate|p1a: Toxapex|move: Protect
|
|-damage|p2a: Probopass|51/100 brn|[from] brn
|upkeep
|turn|31
|
|t:|1743919766
|move|p2a: Probopass|Flash Cannon|p1a: Toxapex
|-damage|p1a: Toxapex|75/100
|move|p1a: Toxapex|Surf|p2a: Probopass
|-supereffective|p2a: Probopass
|-damage|p2a: Probopass|32/100 brn
|
|-damage|p2a: Probopass|26/100 brn|[from] brn
|upkeep
|turn|32
|
|t:|1743919772
|move|p1a: Toxapex|Baneful Bunker|p1a: Toxapex
|-singleturn|p1a: Toxapex|move: Protect
|move|p2a: Probopass|Flash Cannon|p1a: Toxapex
|-activate|p1a: Toxapex|move: Protect
|
|-damage|p2a: Probopass|20/100 brn|[from] brn
|upkeep
|turn|33
|
|t:|1743919778
|move|p2a: Probopass|Flash Cannon|p1a: Toxapex
|-damage|p1a: Toxapex|49/100
|move|p1a: Toxapex|Recover|p1a: Toxapex
|-heal|p1a: Toxapex|99/100
|
|-damage|p2a: Probopass|14/100 brn|[from] brn
|upkeep
|turn|34
|
|t:|1743919781
|move|p2a: Probopass|Flash Cannon|p1a: Toxapex
|-damage|p1a: Toxapex|73/100
|move|p1a: Toxapex|Surf|p2a: Probopass
|-supereffective|p2a: Probopass
|-damage|p2a: Probopass|0 fnt
|faint|p2a: Probopass
|
|upkeep
|
|t:|1743919785
|switch|p2a: Galvantula|Galvantula, F|26/100
|-damage|p2a: Galvantula|1/100|[from] Stealth Rock
|turn|35
|
|t:|1743919793
|move|p1a: Toxapex|Baneful Bunker|p1a: Toxapex
|-singleturn|p1a: Toxapex|move: Protect
|move|p2a: Galvantula|Bug Buzz|p1a: Toxapex
|-activate|p1a: Toxapex|move: Protect
|
|upkeep
|turn|36
|
|t:|1743919800
|move|p2a: Galvantula|Bug Buzz|p1a: Toxapex
|-supereffective|p1a: Toxapex
|-damage|p1a: Toxapex|16/100
|move|p1a: Toxapex|Toxic|p2a: Galvantula
|-status|p2a: Galvantula|tox
|
|-damage|p2a: Galvantula|0 fnt|[from] psn
|faint|p2a: Galvantula
|upkeep
|
|t:|1743919805
|switch|p2a: Ogerpon|Ogerpon-Wellspring, F|22/100 tox
|-damage|p2a: Ogerpon|10/100 tox|[from] Stealth Rock
|turn|37
|
|t:|1743919813
|-terastallize|p2a: Ogerpon|Water
|detailschange|p2a: Ogerpon|Ogerpon-Wellspring-Tera, F, tera:Water
|-ability|p2a: Ogerpon|Embody Aspect (Wellspring)|boost
|-boost|p2a: Ogerpon|spd|1
|move|p1a: Toxapex|Baneful Bunker|p1a: Toxapex
|-singleturn|p1a: Toxapex|move: Protect
|move|p2a: Ogerpon|Horn Leech|p1a: Toxapex
|-activate|p1a: Toxapex|move: Protect
|
|-damage|p2a: Ogerpon|4/100 tox|[from] psn
|upkeep
|turn|38
|
|t:|1743919818
|switch|p1a: mmk|Dondozo, F|100/100
|-activate|p1a: mmk|move: Sticky Web
|-unboost|p1a: mmk|spe|1
|move|p2a: Ogerpon|Horn Leech|p1a: mmk
|-supereffective|p1a: mmk
|-damage|p1a: mmk|60/100
|-heal|p2a: Ogerpon|38/100 tox|[from] drain|[of] p1a: mmk
|
|-heal|p1a: mmk|66/100|[from] item: Leftovers
|-damage|p2a: Ogerpon|26/100 tox|[from] psn
|upkeep
|turn|39
|l|☆picture of
|inactive|picture of disconnected and has a minute to reconnect!
|player|p1|
|j|☆picture of
|inactive|picture of reconnected and has 135 seconds left.
|player|p1|picture of|benga|
|
|t:|1743919838
|move|p2a: Ogerpon|Horn Leech|p1a: mmk
|-supereffective|p1a: mmk
|-damage|p1a: mmk|29/100
|-heal|p2a: Ogerpon|57/100 tox|[from] drain|[of] p1a: mmk
|move|p1a: mmk|Curse|p1a: mmk
|-unboost|p1a: mmk|spe|1
|-boost|p1a: mmk|atk|1
|-boost|p1a: mmk|def|1
|
|-heal|p1a: mmk|35/100|[from] item: Leftovers
|-damage|p2a: Ogerpon|39/100 tox|[from] psn
|upkeep
|turn|40
|
|t:|1743919844
|move|p2a: Ogerpon|Horn Leech|p1a: mmk
|-supereffective|p1a: mmk
|-damage|p1a: mmk|8/100
|-heal|p2a: Ogerpon|62/100 tox|[from] drain|[of] p1a: mmk
|move|p1a: mmk|Rest|p1a: mmk
|-status|p1a: mmk|slp|[from] move: Rest
|-heal|p1a: mmk|100/100 slp|[silent]
|
|-damage|p2a: Ogerpon|38/100 tox|[from] psn
|upkeep
|turn|41
|
|t:|1743919848
|move|p2a: Ogerpon|Horn Leech|p1a: mmk
|-supereffective|p1a: mmk
|-damage|p1a: mmk|75/100 slp
|-heal|p2a: Ogerpon|59/100 tox|[from] drain|[of] p1a: mmk
|cant|p1a: mmk|slp
|move|p1a: mmk|Sleep Talk|p1a: mmk
|move|p1a: mmk|Rest||[from] move: Sleep Talk|[still]
|-fail|p1a: mmk
|
|-heal|p1a: mmk|82/100 slp|[from] item: Leftovers
|-damage|p2a: Ogerpon|29/100 tox|[from] psn
|upkeep
|turn|42
|
|t:|1743919852
|move|p2a: Ogerpon|Horn Leech|p1a: mmk
|-supereffective|p1a: mmk
|-damage|p1a: mmk|56/100 slp
|-heal|p2a: Ogerpon|50/100 tox|[from] drain|[of] p1a: mmk
|cant|p1a: mmk|slp
|move|p1a: mmk|Sleep Talk|p1a: mmk
|move|p1a: mmk|Curse|p1a: mmk|[from] move: Sleep Talk
|-unboost|p1a: mmk|spe|1
|-boost|p1a: mmk|atk|1
|-boost|p1a: mmk|def|1
|
|-heal|p1a: mmk|62/100 slp|[from] item: Leftovers
|-damage|p2a: Ogerpon|14/100 tox|[from] psn
|upkeep
|turn|43
|
|t:|1743919858
|move|p2a: Ogerpon|Horn Leech|p1a: mmk
|-supereffective|p1a: mmk
|-damage|p1a: mmk|44/100 slp
|-heal|p2a: Ogerpon|29/100 tox|[from] drain|[of] p1a: mmk
|-curestatus|p1a: mmk|slp|[msg]
|move|p1a: mmk|Curse|p1a: mmk
|-unboost|p1a: mmk|spe|1
|-boost|p1a: mmk|atk|1
|-boost|p1a: mmk|def|1
|
|-heal|p1a: mmk|50/100|[from] item: Leftovers
|-damage|p2a: Ogerpon|0 fnt|[from] psn
|faint|p2a: Ogerpon
|
|win|picture of
|raw|picture of's rating: 1232 &rarr; <strong>1254</strong><br />(+22 for winning)
|raw|ddthejj-test's rating: 1192 &rarr; <strong>1170</strong><br />(-22 for losing)
|l|☆picture of
|player|p1|
|l|☆ddthejj-test
|player|p2|
