|j|☆mr.diversity
|j|☆sleepdeprevation
|t:|1743888910
|gametype|singles
|player|p1|mr.diversity|bruno|1798
|player|p2|sleepdeprevation|ruinmaniac|1694
|teamsize|p1|6
|teamsize|p2|6
|gen|9
|tier|[Gen 9] OU
|rated|
|rule|HP Percentage Mod: HP is shown in percentages
|rule|Endless Battle Clause: Forcing endless battles is banned
|rule|Species Clause: Limit one of each Pokémon
|rule|OHKO Clause: OHKO moves are banned
|rule|Evasion Items Clause: Evasion items are banned
|rule|Evasion Moves Clause: Evasion moves are banned
|rule|Sleep Moves Clause: Sleep-inducing moves are banned
|clearpoke
|poke|p1|Landorus-Therian, M|
|poke|p1|Cinderace, M|
|poke|p1|Great Tusk|
|poke|p1|Heatran, M|
|poke|p1|Clodsire, M|
|poke|p1|Armarouge, F|
|poke|p2|Zamazenta-*|
|poke|p2|Landorus-Therian, M|
|poke|p2|Iron Valiant|
|poke|p2|Iron Moth|
|poke|p2|Serperior, M|
|poke|p2|Armarouge, F|
|teampreview
|inactive|Battle timer is ON: inactive players will automatically lose when time's up. (requested by mr.diversity)
|
|t:|1743888925
|start
|switch|p1a: Landorus|Landorus-Therian, M|100/100
|switch|p2a: Landorus|Landorus-Therian, M|100/100
|-ability|p2a: Landorus|Intimidate|boost
|-unboost|p1a: Landorus|atk|1
|-ability|p1a: Landorus|Intimidate|boost
|-unboost|p2a: Landorus|atk|1
|turn|1
|
|t:|1743888932
|switch|p1a: Great Tusk|Great Tusk|100/100
|-enditem|p1a: Great Tusk|Booster Energy
|-activate|p1a: Great Tusk|ability: Protosynthesis|[fromitem]
|-start|p1a: Great Tusk|protosynthesisatk
|move|p2a: Landorus|Stealth Rock|p1a: Great Tusk
|-sidestart|p1: mr.diversity|move: Stealth Rock
|
|upkeep
|turn|2
|
|t:|1743888942
|switch|p2a: Zama-magenta|Zamazenta, shiny|100/100
|-ability|p2a: Zama-magenta|Dauntless Shield|boost
|-boost|p2a: Zama-magenta|def|1
|move|p1a: Great Tusk|Rapid Spin|p2a: Zama-magenta
|-damage|p2a: Zama-magenta|89/100
|-boost|p1a: Great Tusk|spe|1
|-sideend|p1: mr.diversity|Stealth Rock|[from] move: Rapid Spin|[of] p1a: Great Tusk
|
|-heal|p2a: Zama-magenta|95/100|[from] item: Leftovers
|upkeep
|turn|3
|
|t:|1743888948
|-end|p1a: Great Tusk|Protosynthesis|[silent]
|switch|p1a: Armarouge|Armarouge, F|100/100
|move|p2a: Zama-magenta|Body Press|p1a: Armarouge
|-resisted|p1a: Armarouge
|-damage|p1a: Armarouge|73/100
|-ability|p1a: Armarouge|Weak Armor|boost
|-unboost|p1a: Armarouge|def|1
|-boost|p1a: Armarouge|spe|2
|
|-heal|p2a: Zama-magenta|100/100|[from] item: Leftovers
|upkeep
|turn|4
|j| Just-JayPe
|
|t:|1743888955
|move|p1a: Armarouge|Endure|p1a: Armarouge
|-singleturn|p1a: Armarouge|move: Endure
|move|p2a: Zama-magenta|Crunch|p1a: Armarouge
|-supereffective|p1a: Armarouge
|-damage|p1a: Armarouge|1/100
|-ability|p1a: Armarouge|Weak Armor|boost
|-unboost|p1a: Armarouge|def|1
|-boost|p1a: Armarouge|spe|2
|-enditem|p1a: Armarouge|Weakness Policy
|-boost|p1a: Armarouge|atk|2|[from] item: Weakness Policy
|-boost|p1a: Armarouge|spa|2|[from] item: Weakness Policy
|
|upkeep
|turn|5
|
|t:|1743888959
|-terastallize|p2a: Zama-magenta|Fire
|move|p1a: Armarouge|Armor Cannon|p2a: Zama-magenta
|-resisted|p2a: Zama-magenta
|-damage|p2a: Zama-magenta|56/100
|-unboost|p1a: Armarouge|def|1
|-unboost|p1a: Armarouge|spd|1
|move|p2a: Zama-magenta|Roar|p1a: Armarouge
|drag|p1a: Great Tusk|Great Tusk|100/100
|
|-heal|p2a: Zama-magenta|62/100|[from] item: Leftovers
|upkeep
|turn|6
|
|t:|1743888975
|move|p2a: Zama-magenta|Iron Defense|p2a: Zama-magenta
|-boost|p2a: Zama-magenta|def|2
|move|p1a: Great Tusk|Headlong Rush|p2a: Zama-magenta
|-supereffective|p2a: Zama-magenta
|-damage|p2a: Zama-magenta|26/100
|-unboost|p1a: Great Tusk|def|1
|-unboost|p1a: Great Tusk|spd|1
|
|-heal|p2a: Zama-magenta|32/100|[from] item: Leftovers
|upkeep
|turn|7
|c| Just-JayPe|no stored power?
|
|t:|1743888979
|move|p2a: Zama-magenta|Body Press|p1a: Great Tusk
|-damage|p1a: Great Tusk|6/100
|move|p1a: Great Tusk|Headlong Rush|p2a: Zama-magenta
|-supereffective|p2a: Zama-magenta
|-damage|p2a: Zama-magenta|0 fnt
|-unboost|p1a: Great Tusk|def|1
|-unboost|p1a: Great Tusk|spd|1
|faint|p2a: Zama-magenta
|
|upkeep
|
|t:|1743888990
|switch|p2a: Iron Valiant|Iron Valiant|100/100
|-enditem|p2a: Iron Valiant|Booster Energy
|-activate|p2a: Iron Valiant|ability: Quark Drive|[fromitem]
|-start|p2a: Iron Valiant|quarkdrivespe
|turn|8
|j| alyras
|c|☆mr.diversity|usually tera steel
|
|t:|1743888997
|-end|p1a: Great Tusk|Protosynthesis|[silent]
|switch|p1a: Clodsire|Clodsire, M|100/100
|move|p2a: Iron Valiant|Psyshock|p1a: Clodsire
|-supereffective|p1a: Clodsire
|-damage|p1a: Clodsire|38/100
|
|-heal|p1a: Clodsire|44/100|[from] item: Leftovers
|upkeep
|turn|9
|c| Just-JayPe|fair
|
|t:|1743889002
|switch|p1a: Armarouge|Armarouge, F|1/100
|move|p2a: Iron Valiant|Psyshock|p1a: Armarouge
|-resisted|p1a: Armarouge
|-damage|p1a: Armarouge|0 fnt
|faint|p1a: Armarouge
|
|upkeep
|
|t:|1743889004
|switch|p1a: Heatran|Heatran, M|100/100
|turn|10
|
|t:|1743889013
|-end|p2a: Iron Valiant|Quark Drive|[silent]
|switch|p2a: Landorus|Landorus-Therian, M|100/100
|-ability|p2a: Landorus|Intimidate|boost
|-unboost|p1a: Heatran|atk|1
|move|p1a: Heatran|Flash Cannon|p2a: Landorus
|-damage|p2a: Landorus|30/100
|
|upkeep
|turn|11
|
|t:|1743889018
|switch|p1a: Landorus|Landorus-Therian, M|100/100
|-ability|p1a: Landorus|Intimidate|boost
|-unboost|p2a: Landorus|atk|1
|move|p2a: Landorus|Stealth Rock|p1a: Landorus
|-sidestart|p1: mr.diversity|move: Stealth Rock
|
|upkeep
|turn|12
|
|t:|1743889022
|move|p2a: Landorus|Taunt|p1a: Landorus
|-start|p1a: Landorus|move: Taunt
|move|p1a: Landorus|U-turn|p2a: Landorus
|-resisted|p2a: Landorus
|-damage|p2a: Landorus|8/100
|-damage|p1a: Landorus|84/100|[from] item: Rocky Helmet|[of] p2a: Landorus
|
|t:|1743889025
|switch|p1a: Great Tusk|Great Tusk|6/100|[from] U-turn
|-damage|p1a: Great Tusk|3/100|[from] Stealth Rock
|
|upkeep
|turn|13
|
|t:|1743889027
|move|p2a: Landorus|Earthquake|p1a: Great Tusk
|-damage|p1a: Great Tusk|0 fnt
|faint|p1a: Great Tusk
|-end|p1a: Great Tusk|Protosynthesis|[silent]
|
|upkeep
|
|t:|1743889031
|switch|p1a: Landorus|Landorus-Therian, M|84/100
|-damage|p1a: Landorus|72/100|[from] Stealth Rock
|-ability|p1a: Landorus|Intimidate|boost
|-unboost|p2a: Landorus|atk|1
|turn|14
|
|t:|1743889035
|move|p2a: Landorus|Taunt|p1a: Landorus
|-start|p1a: Landorus|move: Taunt
|move|p1a: Landorus|U-turn|p2a: Landorus
|-resisted|p2a: Landorus
|-damage|p2a: Landorus|0 fnt
|-damage|p1a: Landorus|55/100|[from] item: Rocky Helmet|[of] p2a: Landorus
|faint|p2a: Landorus
|
|t:|1743889038
|switch|p1a: Heatran|Heatran, M|100/100|[from] U-turn
|-damage|p1a: Heatran|88/100|[from] Stealth Rock
|
|upkeep
|
|t:|1743889050
|switch|p2a: Serperior|Serperior, M|100/100
|turn|15
|
|t:|1743889057
|move|p2a: Serperior|Glare|p1a: Heatran
|-status|p1a: Heatran|par
|move|p1a: Heatran|Magma Storm|p2a: Serperior
|-supereffective|p2a: Serperior
|-damage|p2a: Serperior|0 fnt
|faint|p2a: Serperior
|
|upkeep
|
|t:|1743889059
|switch|p2a: Armarouge|Armarouge, F|100/100
|turn|16
|
|t:|1743889063
|move|p2a: Armarouge|Calm Mind|p2a: Armarouge
|-boost|p2a: Armarouge|spa|1
|-boost|p2a: Armarouge|spd|1
|move|p1a: Heatran|Magma Storm|p2a: Armarouge|[miss]
|-miss|p1a: Heatran|p2a: Armarouge
|
|upkeep
|turn|17
|l| Just-JayPe
|
|t:|1743889068
|switch|p1a: Clodsire|Clodsire, M|44/100
|-damage|p1a: Clodsire|38/100|[from] Stealth Rock
|move|p2a: Armarouge|Focus Blast|p1a: Clodsire
|-resisted|p1a: Clodsire
|-damage|p1a: Clodsire|21/100
|
|-heal|p1a: Clodsire|28/100|[from] item: Leftovers
|upkeep
|turn|18
|
|t:|1743889071
|move|p2a: Armarouge|Psyshock|p1a: Clodsire
|-supereffective|p1a: Clodsire
|-damage|p1a: Clodsire|0 fnt
|faint|p1a: Clodsire
|
|upkeep
|
|t:|1743889072
|switch|p1a: Cinderace|Cinderace, M|100/100
|-damage|p1a: Cinderace|76/100|[from] Stealth Rock
|turn|19
|
|t:|1743889077
|move|p1a: Cinderace|Sucker Punch|p2a: Armarouge
|-start|p1a: Cinderace|typechange|Dark|[from] ability: Libero
|-supereffective|p2a: Armarouge
|-enditem|p2a: Armarouge|Focus Sash
|-damage|p2a: Armarouge|1/100
|-ability|p2a: Armarouge|Weak Armor|boost
|-unboost|p2a: Armarouge|def|1
|-boost|p2a: Armarouge|spe|2
|move|p2a: Armarouge|Psyshock|p1a: Cinderace
|-immune|p1a: Cinderace
|
|upkeep
|turn|20
|
|t:|1743889085
|switch|p2a: Iron Valiant|Iron Valiant|100/100
|move|p1a: Cinderace|Sucker Punch||[still]
|-fail|p1a: Cinderace
|
|upkeep
|turn|21
|
|t:|1743889090
|switch|p1a: Landorus|Landorus-Therian, M|55/100
|-damage|p1a: Landorus|43/100|[from] Stealth Rock
|-ability|p1a: Landorus|Intimidate|boost
|-unboost|p2a: Iron Valiant|atk|1
|move|p2a: Iron Valiant|Moonblast|p1a: Landorus
|-damage|p1a: Landorus|0 fnt
|faint|p1a: Landorus
|
|upkeep
|
|t:|1743889092
|switch|p1a: Cinderace|Cinderace, M|76/100
|-damage|p1a: Cinderace|51/100|[from] Stealth Rock
|turn|22
|
|t:|1743889095
|move|p1a: Cinderace|Pyro Ball|p2a: Iron Valiant
|-damage|p2a: Iron Valiant|0 fnt
|faint|p2a: Iron Valiant
|-end|p2a: Iron Valiant|Quark Drive|[silent]
|
|upkeep
|
|t:|1743889098
|switch|p2a: Iron Moth|Iron Moth|100/100
|-enditem|p2a: Iron Moth|Booster Energy
|-activate|p2a: Iron Moth|ability: Quark Drive|[fromitem]
|-start|p2a: Iron Moth|quarkdrivespe
|turn|23
|
|t:|1743889103
|switch|p1a: Heatran|Heatran, M|88/100 par
|-damage|p1a: Heatran|76/100 par|[from] Stealth Rock
|move|p2a: Iron Moth|Toxic Spikes|p1a: Heatran
|-sidestart|p1: mr.diversity|move: Toxic Spikes
|
|upkeep
|turn|24
|
|t:|1743889110
|move|p2a: Iron Moth|Tera Blast|p1a: Heatran
|-resisted|p1a: Heatran
|-damage|p1a: Heatran|65/100 par
|cant|p1a: Heatran|par
|
|upkeep
|turn|25
|
|t:|1743889112
|move|p2a: Iron Moth|Tera Blast|p1a: Heatran
|-resisted|p1a: Heatran
|-damage|p1a: Heatran|54/100 par
|move|p1a: Heatran|Power Gem|p2a: Iron Moth
|-supereffective|p2a: Iron Moth
|-damage|p2a: Iron Moth|0 fnt
|faint|p2a: Iron Moth
|-end|p2a: Iron Moth|Quark Drive|[silent]
|
|upkeep
|
|t:|1743889115
|switch|p2a: Armarouge|Armarouge, F|1/100
|turn|26
|
|t:|1743889117
|-terastallize|p1a: Heatran|Bug
|move|p2a: Armarouge|Focus Blast|p1a: Heatran
|-resisted|p1a: Heatran
|-damage|p1a: Heatran|36/100 par
|move|p1a: Heatran|Power Gem|p2a: Armarouge
|-supereffective|p2a: Armarouge
|-damage|p2a: Armarouge|0 fnt
|faint|p2a: Armarouge
|
|win|mr.diversity
|raw|mr.diversity's rating: 1798 &rarr; <strong>1812</strong><br />(+14 for winning)
|raw|sleepdeprevation's rating: 1694 &rarr; <strong>1680</strong><br />(-14 for losing)
|c|☆sleepdeprevation|gg
|l|☆mr.diversity
|player|p1|
|l|☆sleepdeprevation
|player|p2|
|l| alyras
