|j|☆akko hd
|j|☆Mky27
|t:|1743791754
|gametype|singles
|player|p1|akko hd|169|1487
|player|p2|Mky27|ltsurge|1523
|teamsize|p1|6
|teamsize|p2|6
|gen|9
|tier|[Gen 9] OU
|rated|
|rule|HP Percentage Mod: HP is shown in percentages
|rule|Endless Battle Clause: Forcing endless battles is banned
|rule|Species Clause: Limit one of each Pokémon
|rule|OHKO Clause: OHKO moves are banned
|rule|Evasion Items Clause: Evasion items are banned
|rule|Evasion Moves Clause: Evasion moves are banned
|rule|Sleep Moves Clause: Sleep-inducing moves are banned
|clearpoke
|poke|p1|Moltres|
|poke|p1|Kingambit, M|
|poke|p1|Raging Bolt|
|poke|p1|Grimmsnarl, M|
|poke|p1|Great Tusk|
|poke|p1|Ogerpon-Wellspring, F|
|poke|p2|Walking Wake|
|poke|p2|Great Tusk|
|poke|p2|Torkoal, F|
|poke|p2|Indeedee, M|
|poke|p2|Kingambit, F|
|poke|p2|Exeggutor, M|
|teampreview
|inactive|Battle timer is ON: inactive players will automatically lose when time's up. (requested by Mky27)
|c|☆akko hd|ffs
|
|t:|1743791764
|start
|switch|p1a: Grimmsnarl|Grimmsnarl, M|100/100
|switch|p2a: Indimacho|Indeedee, M|100/100
|-fieldstart|move: Psychic Terrain|[from] ability: Psychic Surge|[of] p2a: Indimacho
|turn|1
|
|t:|1743791777
|switch|p2a: KingA|Kingambit, F|100/100
|move|p1a: Grimmsnarl|Light Screen|p1a: Grimmsnarl
|-sidestart|p1: akko hd|move: Light Screen
|
|upkeep
|turn|2
|
|t:|1743791784
|switch|p1a: Moltres|Moltres|100/100
|move|p2a: KingA|Iron Head|p1a: Moltres
|-resisted|p1a: Moltres
|-damage|p1a: Moltres|84/100
|
|upkeep
|turn|3
|
|t:|1743791793
|-end|p2a: KingA|fallenundefined|[silent]
|switch|p2a: PaleoRaptor|Walking Wake|100/100
|move|p1a: Moltres|U-turn|p2a: PaleoRaptor
|-damage|p2a: PaleoRaptor|86/100
|
|t:|1743791796
|switch|p1a: Ogerpon|Ogerpon-Wellspring, F|100/100|[from] U-turn
|
|upkeep
|turn|4
|
|t:|1743791807
|-end|p2a: PaleoRaptor|Protosynthesis|[silent]
|switch|p2a: Trollkoal|Torkoal, F, shiny|100/100
|-weather|SunnyDay|[from] ability: Drought|[of] p2a: Trollkoal
|move|p1a: Ogerpon|Swords Dance|p1a: Ogerpon
|-boost|p1a: Ogerpon|atk|2
|
|-weather|SunnyDay|[upkeep]
|upkeep
|turn|5
|
|t:|1743791821
|switch|p2a: Exxegcutor|Exeggutor, M, shiny|100/100
|-terastallize|p1a: Ogerpon|Water
|detailschange|p1a: Ogerpon|Ogerpon-Wellspring-Tera, F, tera:Water
|-ability|p1a: Ogerpon|Embody Aspect (Wellspring)|boost
|-boost|p1a: Ogerpon|spd|1
|move|p1a: Ogerpon|Ivy Cudgel|p2a: Exxegcutor|[anim] Ivy Cudgel Water
|-resisted|p2a: Exxegcutor
|-damage|p2a: Exxegcutor|52/100
|
|-weather|SunnyDay|[upkeep]
|-fieldend|move: Psychic Terrain
|upkeep
|turn|6
|
|t:|1743791841
|switch|p1a: Moltres|Moltres|84/100
|-terastallize|p2a: Exxegcutor|Fire
|move|p2a: Exxegcutor|Energy Ball|p1a: Moltres
|-resisted|p1a: Moltres
|-damage|p1a: Moltres|80/100
|
|-weather|SunnyDay|[upkeep]
|upkeep
|turn|7
|
|t:|1743791853
|move|p1a: Moltres|U-turn|p2a: Exxegcutor
|-resisted|p2a: Exxegcutor
|-damage|p2a: Exxegcutor|43/100
|
|t:|1743791855
|switch|p1a: Grimmsnarl|Grimmsnarl, M|100/100|[from] U-turn
|move|p2a: Exxegcutor|Tera Blast|p1a: Grimmsnarl|[anim] Tera Blast Fire
|-damage|p1a: Grimmsnarl|74/100
|
|-weather|SunnyDay|[upkeep]
|upkeep
|turn|8
|
|t:|1743791867
|switch|p2a: Indimacho|Indeedee, M|100/100
|-fieldstart|move: Psychic Terrain|[from] ability: Psychic Surge|[of] p2a: Indimacho
|move|p1a: Grimmsnarl|Reflect|p1a: Grimmsnarl
|-sidestart|p1: akko hd|Reflect
|
|-weather|SunnyDay|[upkeep]
|-sideend|p1: akko hd|move: Light Screen
|upkeep
|turn|9
|
|t:|1743791877
|move|p1a: Grimmsnarl|Light Screen|p1a: Grimmsnarl
|-sidestart|p1: akko hd|move: Light Screen
|move|p2a: Indimacho|Trick|p1a: Grimmsnarl
|-activate|p2a: Indimacho|move: Trick|[of] p1a: Grimmsnarl
|-item|p1a: Grimmsnarl|Choice Scarf|[from] move: Trick
|-item|p2a: Indimacho|Light Clay|[from] move: Trick
|
|-weather|SunnyDay|[upkeep]
|upkeep
|turn|10
|
|t:|1743791884
|switch|p2a: Exxegcutor|Exeggutor, M, shiny, tera:Fire|43/100
|switch|p1a: Moltres|Moltres|80/100
|
|-weather|SunnyDay|[upkeep]
|upkeep
|turn|11
|
|t:|1743791893
|move|p1a: Moltres|U-turn|p2a: Exxegcutor
|-resisted|p2a: Exxegcutor
|-damage|p2a: Exxegcutor|35/100
|
|t:|1743791896
|switch|p1a: Raging Bolt|Raging Bolt|100/100|[from] U-turn
|-activate|p1a: Raging Bolt|ability: Protosynthesis
|-start|p1a: Raging Bolt|protosynthesisspa
|move|p2a: Exxegcutor|Expanding Force|p1a: Raging Bolt
|-damage|p1a: Raging Bolt|62/100
|
|-weather|none
|-end|p1a: Raging Bolt|Protosynthesis
|upkeep
|-enditem|p1a: Raging Bolt|Booster Energy
|-activate|p1a: Raging Bolt|ability: Protosynthesis|[fromitem]
|-start|p1a: Raging Bolt|protosynthesisspa
|turn|12
|
|t:|1743791911
|switch|p2a: KingA|Kingambit, F|100/100
|move|p1a: Raging Bolt|Dragon Pulse|p2a: KingA
|-resisted|p2a: KingA
|-damage|p2a: KingA|76/100
|
|-heal|p2a: KingA|83/100|[from] item: Leftovers
|-fieldend|move: Psychic Terrain
|upkeep
|turn|13
|
|t:|1743791921
|move|p1a: Raging Bolt|Thunderbolt|p2a: KingA
|-damage|p2a: KingA|33/100
|move|p2a: KingA|Brick Break|p1a: Raging Bolt
|-sideend|p1: akko hd|Reflect
|-sideend|p1: akko hd|move: Light Screen
|-damage|p1a: Raging Bolt|42/100
|
|-heal|p2a: KingA|39/100|[from] item: Leftovers
|upkeep
|turn|14
|
|t:|1743791932
|-end|p1a: Raging Bolt|Protosynthesis|[silent]
|switch|p1a: Moltres|Moltres|80/100
|-end|p2a: KingA|fallenundefined|[silent]
|switch|p2a: Paleomut|Great Tusk, shiny|100/100
|
|upkeep
|turn|15
|
|t:|1743791945
|-end|p2a: Paleomut|Protosynthesis|[silent]
|switch|p2a: PaleoRaptor|Walking Wake|86/100
|move|p1a: Moltres|Will-O-Wisp|p2a: PaleoRaptor
|-status|p2a: PaleoRaptor|brn
|
|-damage|p2a: PaleoRaptor|79/100 brn|[from] brn
|upkeep
|turn|16
|
|t:|1743791956
|switch|p1a: Grimmsnarl|Grimmsnarl, M|74/100
|move|p2a: PaleoRaptor|Flip Turn|p1a: Grimmsnarl
|-damage|p1a: Grimmsnarl|63/100
|inactive|Mky27 has 120 seconds left.
|
|t:|1743791980
|-end|p2a: PaleoRaptor|Protosynthesis|[silent]
|switch|p2a: KingA|Kingambit, F|39/100|[from] Flip Turn
|
|-heal|p2a: KingA|46/100|[from] item: Leftovers
|upkeep
|turn|17
|
|t:|1743791993
|-end|p2a: KingA|fallenundefined|[silent]
|switch|p2a: Indimacho|Indeedee, M|100/100
|-fieldstart|move: Psychic Terrain|[from] ability: Psychic Surge|[of] p2a: Indimacho
|move|p1a: Grimmsnarl|Reflect|p1a: Grimmsnarl
|-sidestart|p1: akko hd|Reflect
|
|upkeep
|turn|18
|
|t:|1743792005
|switch|p1a: Kingambit|Kingambit, M, shiny|100/100
|-item|p1a: Kingambit|Air Balloon
|move|p2a: Indimacho|Dazzling Gleam|p1a: Kingambit
|-damage|p1a: Kingambit|76/100
|-enditem|p1a: Kingambit|Air Balloon
|
|upkeep
|turn|19
|
|t:|1743792015
|switch|p2a: Paleomut|Great Tusk, shiny|100/100
|move|p1a: Kingambit|Swords Dance|p1a: Kingambit
|-boost|p1a: Kingambit|atk|2
|
|upkeep
|turn|20
|
|t:|1743792022
|move|p2a: Paleomut|Bulk Up|p2a: Paleomut
|-boost|p2a: Paleomut|atk|1
|-boost|p2a: Paleomut|def|1
|move|p1a: Kingambit|Low Kick|p2a: Paleomut
|-damage|p2a: Paleomut|64/100
|
|-heal|p2a: Paleomut|71/100|[from] item: Leftovers
|upkeep
|turn|21
|
|t:|1743792035
|-end|p1a: Kingambit|fallenundefined|[silent]
|switch|p1a: Moltres|Moltres|80/100
|move|p2a: Paleomut|Headlong Rush|p1a: Moltres
|-immune|p1a: Moltres
|
|-heal|p2a: Paleomut|77/100|[from] item: Leftovers
|-sideend|p1: akko hd|Reflect
|-fieldend|move: Psychic Terrain
|upkeep
|turn|22
|
|t:|1743792046
|move|p2a: Paleomut|Headlong Rush|p1a: Moltres
|-immune|p1a: Moltres
|move|p1a: Moltres|U-turn|p2a: Paleomut
|-resisted|p2a: Paleomut
|-damage|p2a: Paleomut|74/100
|
|t:|1743792051
|switch|p1a: Grimmsnarl|Grimmsnarl, M|63/100|[from] U-turn
|
|-heal|p2a: Paleomut|80/100|[from] item: Leftovers
|upkeep
|turn|23
|
|t:|1743792067
|move|p1a: Grimmsnarl|Parting Shot|p2a: Paleomut
|-unboost|p2a: Paleomut|atk|1
|-unboost|p2a: Paleomut|spa|1
|
|t:|1743792069
|switch|p1a: Moltres|Moltres|80/100|[from] Parting Shot
|move|p2a: Paleomut|Headlong Rush|p1a: Moltres
|-immune|p1a: Moltres
|
|-heal|p2a: Paleomut|86/100|[from] item: Leftovers
|upkeep
|turn|24
|
|t:|1743792079
|-end|p2a: Paleomut|Protosynthesis|[silent]
|switch|p2a: PaleoRaptor|Walking Wake|79/100 brn
|move|p1a: Moltres|Heat Wave|p2a: PaleoRaptor
|-resisted|p2a: PaleoRaptor
|-damage|p2a: PaleoRaptor|67/100 brn
|
|-damage|p2a: PaleoRaptor|61/100 brn|[from] brn
|upkeep
|turn|25
|
|t:|1743792092
|move|p2a: PaleoRaptor|Hydro Steam|p1a: Moltres
|-supereffective|p1a: Moltres
|-damage|p1a: Moltres|17/100
|move|p1a: Moltres|U-turn|p2a: PaleoRaptor
|-damage|p2a: PaleoRaptor|44/100 brn
|
|t:|1743792097
|switch|p1a: Ogerpon|Ogerpon-Wellspring-Tera, F, tera:Water|100/100|[from] U-turn
|-ability|p1a: Ogerpon|Embody Aspect (Wellspring)|boost
|-boost|p1a: Ogerpon|spd|1
|
|-damage|p2a: PaleoRaptor|38/100 brn|[from] brn
|upkeep
|turn|26
|
|t:|1743792108
|-end|p2a: PaleoRaptor|Protosynthesis|[silent]
|switch|p2a: Trollkoal|Torkoal, F, shiny|100/100
|-weather|SunnyDay|[from] ability: Drought|[of] p2a: Trollkoal
|move|p1a: Ogerpon|Swords Dance|p1a: Ogerpon
|-boost|p1a: Ogerpon|atk|2
|
|-weather|SunnyDay|[upkeep]
|upkeep
|turn|27
|
|t:|1743792123
|switch|p2a: PaleoRaptor|Walking Wake|38/100 brn
|-activate|p2a: PaleoRaptor|ability: Protosynthesis
|-start|p2a: PaleoRaptor|protosynthesisspe
|move|p1a: Ogerpon|Ivy Cudgel|p2a: PaleoRaptor|[anim] Ivy Cudgel Water
|-resisted|p2a: PaleoRaptor
|-damage|p2a: PaleoRaptor|16/100 brn
|
|-weather|SunnyDay|[upkeep]
|-damage|p2a: PaleoRaptor|10/100 brn|[from] brn
|upkeep
|turn|28
|
|t:|1743792134
|move|p2a: PaleoRaptor|Draco Meteor|p1a: Ogerpon
|-damage|p1a: Ogerpon|46/100
|-unboost|p2a: PaleoRaptor|spa|2
|move|p1a: Ogerpon|Trailblaze|p2a: PaleoRaptor
|-damage|p2a: PaleoRaptor|0 fnt
|-boost|p1a: Ogerpon|spe|1
|faint|p2a: PaleoRaptor
|-end|p2a: PaleoRaptor|Protosynthesis|[silent]
|
|-weather|SunnyDay|[upkeep]
|upkeep
|
|t:|1743792146
|switch|p2a: Exxegcutor|Exeggutor, M, shiny, tera:Fire|35/100
|turn|29
|
|t:|1743792151
|move|p2a: Exxegcutor|Endure|p2a: Exxegcutor
|-singleturn|p2a: Exxegcutor|move: Endure
|move|p1a: Ogerpon|Ivy Cudgel|p2a: Exxegcutor|[anim] Ivy Cudgel Water
|-supereffective|p2a: Exxegcutor
|-activate|p2a: Exxegcutor|move: Endure
|-damage|p2a: Exxegcutor|1/100
|
|-weather|SunnyDay|[upkeep]
|upkeep
|turn|30
|-enditem|p2a: Exxegcutor|Custap Berry|[eat]
|-activate|p2a: Exxegcutor|item: Custap Berry|[consumed]
|
|t:|1743792160
|move|p2a: Exxegcutor|Energy Ball|p1a: Ogerpon
|-supereffective|p1a: Ogerpon
|-damage|p1a: Ogerpon|0 fnt
|faint|p1a: Ogerpon
|
|-weather|SunnyDay|[upkeep]
|-item|p2a: Exxegcutor|Custap Berry|[from] ability: Harvest
|upkeep
|
|t:|1743792165
|switch|p1a: Grimmsnarl|Grimmsnarl, M|63/100
|turn|31
|-enditem|p2a: Exxegcutor|Custap Berry|[eat]
|-activate|p2a: Exxegcutor|item: Custap Berry|[consumed]
|
|t:|1743792184
|move|p1a: Grimmsnarl|Light Screen|p1a: Grimmsnarl
|-sidestart|p1: akko hd|move: Light Screen
|move|p2a: Exxegcutor|Tera Blast|p1a: Grimmsnarl|[anim] Tera Blast Fire
|-damage|p1a: Grimmsnarl|38/100
|
|-weather|SunnyDay|[upkeep]
|-item|p2a: Exxegcutor|Custap Berry|[from] ability: Harvest
|upkeep
|turn|32
|-enditem|p2a: Exxegcutor|Custap Berry|[eat]
|-activate|p2a: Exxegcutor|item: Custap Berry|[consumed]
|
|t:|1743792201
|switch|p1a: Raging Bolt|Raging Bolt|42/100
|-activate|p1a: Raging Bolt|ability: Protosynthesis
|-start|p1a: Raging Bolt|protosynthesisspa
|move|p2a: Exxegcutor|Energy Ball|p1a: Raging Bolt
|-resisted|p1a: Raging Bolt
|-damage|p1a: Raging Bolt|31/100
|
|-weather|SunnyDay|[upkeep]
|-item|p2a: Exxegcutor|Custap Berry|[from] ability: Harvest
|upkeep
|turn|33
|
|t:|1743792216
|switch|p2a: Indimacho|Indeedee, M|100/100
|-fieldstart|move: Psychic Terrain|[from] ability: Psychic Surge|[of] p2a: Indimacho
|move|p1a: Raging Bolt|Weather Ball|p2a: Indimacho
|-damage|p2a: Indimacho|0 fnt
|faint|p2a: Indimacho
|
|-weather|none
|-end|p1a: Raging Bolt|Protosynthesis
|upkeep
|
|t:|1743792228
|switch|p2a: Exxegcutor|Exeggutor, M, shiny, tera:Fire|1/100
|turn|34
|-enditem|p2a: Exxegcutor|Custap Berry|[eat]
|-activate|p2a: Exxegcutor|item: Custap Berry|[consumed]
|
|t:|1743792232
|move|p2a: Exxegcutor|Expanding Force|p1a: Raging Bolt
|-damage|p1a: Raging Bolt|0 fnt
|faint|p1a: Raging Bolt
|-end|p1a: Raging Bolt|Protosynthesis|[silent]
|
|-item|p2a: Exxegcutor|Custap Berry|[from] ability: Harvest
|upkeep
|
|t:|1743792242
|switch|p1a: Grimmsnarl|Grimmsnarl, M|38/100
|turn|35
|-enditem|p2a: Exxegcutor|Custap Berry|[eat]
|-activate|p2a: Exxegcutor|item: Custap Berry|[consumed]
|
|t:|1743792249
|move|p1a: Grimmsnarl|Thunder Wave|p2a: Exxegcutor
|-activate|p2a: Exxegcutor|move: Psychic Terrain
|move|p2a: Exxegcutor|Energy Ball|p1a: Grimmsnarl
|-crit|p1a: Grimmsnarl
|-damage|p1a: Grimmsnarl|0 fnt
|faint|p1a: Grimmsnarl
|
|-sideend|p1: akko hd|move: Light Screen
|-item|p2a: Exxegcutor|Custap Berry|[from] ability: Harvest
|upkeep
|
|t:|1743792261
|switch|p1a: Kingambit|Kingambit, M, shiny|76/100
|-activate|p1a: Kingambit|ability: Supreme Overlord
|-start|p1a: Kingambit|fallen3|[silent]
|turn|36
|-enditem|p2a: Exxegcutor|Custap Berry|[eat]
|-activate|p2a: Exxegcutor|item: Custap Berry|[consumed]
|
|t:|1743792267
|move|p2a: Exxegcutor|Tera Blast|p1a: Kingambit|[anim] Tera Blast Fire
|-supereffective|p1a: Kingambit
|-damage|p1a: Kingambit|0 fnt
|faint|p1a: Kingambit
|-end|p1a: Kingambit|fallen3|[silent]
|
|-item|p2a: Exxegcutor|Custap Berry|[from] ability: Harvest
|upkeep
|
|t:|1743792270
|switch|p1a: Moltres|Moltres|17/100
|turn|37
|-enditem|p2a: Exxegcutor|Custap Berry|[eat]
|-activate|p2a: Exxegcutor|item: Custap Berry|[consumed]
|
|t:|1743792278
|move|p2a: Exxegcutor|Expanding Force|p1a: Moltres
|-damage|p1a: Moltres|0 fnt
|faint|p1a: Moltres
|
|-fieldend|move: Psychic Terrain
|-item|p2a: Exxegcutor|Custap Berry|[from] ability: Harvest
|upkeep
|
|t:|1743792284
|switch|p1a: Great Tusk|Great Tusk|100/100
|turn|38
|-enditem|p2a: Exxegcutor|Custap Berry|[eat]
|-activate|p2a: Exxegcutor|item: Custap Berry|[consumed]
|
|t:|1743792290
|move|p2a: Exxegcutor|Energy Ball|p1a: Great Tusk
|-supereffective|p1a: Great Tusk
|-damage|p1a: Great Tusk|0 fnt
|faint|p1a: Great Tusk
|-end|p1a: Great Tusk|Protosynthesis|[silent]
|
|win|Mky27
|raw|akko hd's rating: 1487 &rarr; <strong>1469</strong><br />(-18 for losing)
|raw|Mky27's rating: 1523 &rarr; <strong>1541</strong><br />(+18 for winning)
|c|☆akko hd|sun is such a carry
|l|☆akko hd
|player|p1|
