|j|☆blackpol
|j|☆jeheheyehwuiwhw
|t:|1743901356
|gametype|singles
|player|p1|blackpol|170|1000
|player|p2|jeheheyehwuiwhw|266|1046
|teamsize|p1|6
|teamsize|p2|6
|gen|9
|tier|[Gen 9] OU
|rated|
|rule|HP Percentage Mod: HP is shown in percentages
|rule|Endless Battle Clause: Forcing endless battles is banned
|rule|Species Clause: Limit one of each Pokémon
|rule|OHKO Clause: OHKO moves are banned
|rule|Evasion Items Clause: Evasion items are banned
|rule|Evasion Moves Clause: Evasion moves are banned
|rule|Sleep Moves Clause: Sleep-inducing moves are banned
|clearpoke
|poke|p1|Incineroar, F|
|poke|p1|Garchomp, F|
|poke|p1|Greninja-*, F|
|poke|p1|Slowbro, M|
|poke|p1|Ursaluna, F|
|poke|p1|Grimmsnarl, M|
|poke|p2|Salazzle, F|
|poke|p2|Araquanid, F|
|poke|p2|Dragapult, F|
|poke|p2|Samurott-Hisui, M|
|poke|p2|Kyurem|
|poke|p2|Enamorus, F|
|teampreview
|
|t:|1743901374
|start
|switch|p1a: Grimmsnarl|Grimmsnarl, M|100/100
|switch|p2a: Salazzle|Salazzle, F|100/100
|turn|1
|
|t:|1743901401
|move|p1a: Grimmsnarl|Light Screen|p1a: Grimmsnarl
|-sidestart|p1: blackpol|move: Light Screen
|move|p2a: Salazzle|Sludge Wave|p1a: Grimmsnarl
|-supereffective|p1a: Grimmsnarl
|-damage|p1a: Grimmsnarl|55/100
|
|upkeep
|turn|2
|
|t:|1743901412
|move|p2a: Salazzle|Nasty Plot|p2a: Salazzle
|-boost|p2a: Salazzle|spa|2
|move|p1a: Grimmsnarl|Play Rough|p2a: Salazzle
|-resisted|p2a: Salazzle
|-damage|p2a: Salazzle|83/100
|
|upkeep
|turn|3
|
|t:|1743901419
|move|p1a: Grimmsnarl|Reflect|p1a: Grimmsnarl
|-sidestart|p1: blackpol|Reflect
|move|p2a: Salazzle|Sludge Wave|p1a: Grimmsnarl
|-supereffective|p1a: Grimmsnarl
|-damage|p1a: Grimmsnarl|0 fnt
|faint|p1a: Grimmsnarl
|
|upkeep
|
|t:|1743901425
|switch|p1a: Garchomp|Garchomp, F, shiny|100/100
|turn|4
|
|t:|1743901435
|switch|p2a: Enamorus|Enamorus, F|100/100
|move|p1a: Garchomp|Earthquake|p2a: Enamorus
|-immune|p2a: Enamorus
|
|upkeep
|turn|5
|
|t:|1743901449
|switch|p2a: Araquanid|Araquanid, F|100/100
|switch|p1a: Greninja|Greninja, F, shiny|100/100
|
|upkeep
|turn|6
|
|t:|1743901466
|move|p1a: Greninja|Ice Beam|p2a: Araquanid
|-start|p1a: Greninja|typechange|Ice|[from] ability: Protean
|-resisted|p2a: Araquanid
|-damage|p2a: Araquanid|85/100
|move|p2a: Araquanid|Leech Life|p1a: Greninja
|-damage|p1a: Greninja|77/100
|-heal|p2a: Araquanid|95/100|[from] drain|[of] p1a: Greninja
|
|upkeep
|turn|7
|
|t:|1743901479
|move|p1a: Greninja|Water Shuriken|p2a: Araquanid
|-resisted|p2a: Araquanid
|-damage|p2a: Araquanid|93/100
|-resisted|p2a: Araquanid
|-damage|p2a: Araquanid|91/100
|-resisted|p2a: Araquanid
|-damage|p2a: Araquanid|90/100
|-resisted|p2a: Araquanid
|-damage|p2a: Araquanid|88/100
|-hitcount|p2a: Araquanid|4
|move|p2a: Araquanid|Sticky Web|p1a: Greninja
|-sidestart|p1: blackpol|move: Sticky Web
|
|upkeep
|turn|8
|
|t:|1743901492
|move|p1a: Greninja|Dark Pulse|p2a: Araquanid
|-damage|p2a: Araquanid|70/100
|move|p2a: Araquanid|Leech Life|p1a: Greninja
|-damage|p1a: Greninja|53/100
|-heal|p2a: Araquanid|80/100|[from] drain|[of] p1a: Greninja
|
|-sideend|p1: blackpol|move: Light Screen
|upkeep
|turn|9
|
|t:|1743901520
|switch|p1a: Ursaluna|Ursaluna, F, shiny|100/100
|-activate|p1a: Ursaluna|move: Sticky Web
|-unboost|p1a: Ursaluna|spe|1
|move|p2a: Araquanid|Leech Life|p1a: Ursaluna
|-damage|p1a: Ursaluna|91/100
|-heal|p2a: Araquanid|87/100|[from] drain|[of] p1a: Ursaluna
|
|-status|p1a: Ursaluna|brn|[from] item: Flame Orb
|upkeep
|turn|10
|
|t:|1743901535
|move|p2a: Araquanid|Waterfall|p1a: Ursaluna
|-supereffective|p1a: Ursaluna
|-damage|p1a: Ursaluna|54/100 brn
|move|p1a: Ursaluna|Swords Dance|p1a: Ursaluna
|-boost|p1a: Ursaluna|atk|2
|
|-damage|p1a: Ursaluna|47/100 brn|[from] brn
|-sideend|p1: blackpol|Reflect
|upkeep
|turn|11
|
|t:|1743901544
|move|p2a: Araquanid|Waterfall|p1a: Ursaluna
|-supereffective|p1a: Ursaluna
|-damage|p1a: Ursaluna|0 fnt
|faint|p1a: Ursaluna
|
|upkeep
|
|t:|1743901557
|switch|p1a: Slowbro|Slowbro, M|100/100
|-activate|p1a: Slowbro|move: Sticky Web
|-unboost|p1a: Slowbro|spe|1
|turn|12
|
|t:|1743901567
|move|p2a: Araquanid|Leech Life|p1a: Slowbro
|-supereffective|p1a: Slowbro
|-damage|p1a: Slowbro|63/100
|-heal|p2a: Araquanid|100/100|[from] drain|[of] p1a: Slowbro
|-damage|p2a: Araquanid|84/100|[from] item: Rocky Helmet|[of] p1a: Slowbro
|move|p1a: Slowbro|Ice Beam|p2a: Araquanid
|-resisted|p2a: Araquanid
|-damage|p2a: Araquanid|77/100
|
|upkeep
|turn|13
|
|t:|1743901579
|switch|p1a: Garchomp|Garchomp, F, shiny|100/100
|-activate|p1a: Garchomp|move: Sticky Web
|-unboost|p1a: Garchomp|spe|1
|move|p2a: Araquanid|Leech Life|p1a: Garchomp
|-damage|p1a: Garchomp|74/100
|-heal|p2a: Araquanid|90/100|[from] drain|[of] p1a: Garchomp
|-damage|p2a: Araquanid|78/100|[from] ability: Rough Skin|[of] p1a: Garchomp
|
|upkeep
|turn|14
|
|t:|1743901595
|-terastallize|p1a: Garchomp|Dragon
|move|p1a: Garchomp|Scale Shot|p2a: Araquanid
|-damage|p2a: Araquanid|57/100
|-damage|p2a: Araquanid|37/100
|-damage|p2a: Araquanid|18/100
|-damage|p2a: Araquanid|0 fnt
|faint|p2a: Araquanid
|-hitcount|p2: Araquanid|4
|-unboost|p1a: Garchomp|def|1
|-boost|p1a: Garchomp|spe|1
|
|upkeep
|
|t:|1743901601
|switch|p2a: Enamorus|Enamorus, F|100/100
|turn|15
|
|t:|1743901613
|switch|p1a: Incineroar|Incineroar, F|100/100
|-activate|p1a: Incineroar|move: Sticky Web
|-unboost|p1a: Incineroar|spe|1
|-ability|p1a: Incineroar|Intimidate|boost
|-boost|p2a: Enamorus|atk|1
|move|p2a: Enamorus|Moonblast|p1a: Incineroar
|-damage|p1a: Incineroar|53/100
|-unboost|p1a: Incineroar|spa|1
|-damage|p2a: Enamorus|91/100|[from] item: Life Orb
|
|upkeep
|turn|16
|
|t:|1743901635
|-terastallize|p2a: Enamorus|Fairy
|move|p2a: Enamorus|Moonblast|p1a: Incineroar
|-damage|p1a: Incineroar|0 fnt
|faint|p1a: Incineroar
|-damage|p2a: Enamorus|81/100|[from] item: Life Orb
|
|upkeep
|
|t:|1743901643
|switch|p1a: Greninja|Greninja, F, shiny|53/100
|-activate|p1a: Greninja|move: Sticky Web
|-unboost|p1a: Greninja|spe|1
|turn|17
|
|t:|1743901652
|move|p2a: Enamorus|Moonblast|p1a: Greninja
|-supereffective|p1a: Greninja
|-damage|p1a: Greninja|0 fnt
|faint|p1a: Greninja
|-damage|p2a: Enamorus|71/100|[from] item: Life Orb
|
|upkeep
|
|t:|1743901658
|switch|p1a: Slowbro|Slowbro, M|97/100
|-activate|p1a: Slowbro|move: Sticky Web
|-unboost|p1a: Slowbro|spe|1
|turn|18
|
|t:|1743901666
|switch|p2a: Samurott|Samurott-Hisui, M|100/100
|move|p1a: Slowbro|Psyshock|p2a: Samurott
|-immune|p2a: Samurott
|
|upkeep
|turn|19
|
|t:|1743901673
|move|p2a: Samurott|Ceaseless Edge|p1a: Slowbro
|-supereffective|p1a: Slowbro
|-damage|p1a: Slowbro|36/100
|-damage|p2a: Samurott|84/100|[from] item: Rocky Helmet|[of] p1a: Slowbro
|-sidestart|p1: blackpol|Spikes
|move|p1a: Slowbro|Ice Beam|p2a: Samurott
|-resisted|p2a: Samurott
|-damage|p2a: Samurott|74/100
|
|upkeep
|turn|20
|
|t:|1743901679
|move|p2a: Samurott|Ceaseless Edge|p1a: Slowbro
|-supereffective|p1a: Slowbro
|-damage|p1a: Slowbro|0 fnt
|-damage|p2a: Samurott|58/100|[from] item: Rocky Helmet|[of] p1a: Slowbro
|-sidestart|p1: blackpol|Spikes
|faint|p1a: Slowbro
|
|upkeep
|
|t:|1743901682
|switch|p1a: Garchomp|Garchomp, F, shiny, tera:Dragon|74/100
|-activate|p1a: Garchomp|move: Sticky Web
|-unboost|p1a: Garchomp|spe|1
|-damage|p1a: Garchomp|58/100|[from] Spikes
|turn|21
|
|t:|1743901690
|move|p2a: Samurott|Ceaseless Edge|p1a: Garchomp
|-damage|p1a: Garchomp|15/100
|-damage|p2a: Samurott|45/100|[from] ability: Rough Skin|[of] p1a: Garchomp
|-sidestart|p1: blackpol|Spikes
|move|p1a: Garchomp|Scale Shot|p2a: Samurott
|-damage|p2a: Samurott|23/100
|-damage|p2a: Samurott|0 fnt
|faint|p2a: Samurott
|-hitcount|p2: Samurott|2
|-unboost|p1a: Garchomp|def|1
|-boost|p1a: Garchomp|spe|1
|
|upkeep
|
|t:|1743901694
|switch|p2a: Dragapult|Dragapult, F|100/100
|turn|22
|
|t:|1743901698
|move|p2a: Dragapult|Dragon Darts|p1a: Garchomp
|-supereffective|p1a: Garchomp
|-damage|p1a: Garchomp|0 fnt
|faint|p1a: Garchomp
|
|win|jeheheyehwuiwhw
|raw|blackpol's rating: 1000 &rarr; <strong>1000</strong><br />(+0 for losing)
|raw|jeheheyehwuiwhw's rating: 1046 &rarr; <strong>1075</strong><br />(+29 for winning)
|l|☆blackpol
|player|p1|
