|j|☆awerefgrgrg
|j|☆Shadow4cTest3r
|t:|1743839303
|gametype|singles
|player|p1|awerefgrgrg|265|1452
|player|p2|Shadow4cTest3r|101|1491
|teamsize|p1|6
|teamsize|p2|6
|gen|9
|tier|[Gen 9] OU
|rated|
|rule|HP Percentage Mod: HP is shown in percentages
|rule|Endless Battle Clause: Forcing endless battles is banned
|rule|Species Clause: Limit one of each Pokémon
|rule|OHKO Clause: OHKO moves are banned
|rule|Evasion Items Clause: Evasion items are banned
|rule|Evasion Moves Clause: Evasion moves are banned
|rule|Sleep Moves Clause: Sleep-inducing moves are banned
|clearpoke
|poke|p1|Garganacl, F|
|poke|p1|Cinderace, F|
|poke|p1|Great Tusk|
|poke|p1|Dragapult, M|
|poke|p1|Tornadus-Therian, M|
|poke|p1|Iron Valiant|
|poke|p2|Garganacl, M|
|poke|p2|Hydrapple, F|
|poke|p2|Zamazenta-*|
|poke|p2|Ting-Lu|
|poke|p2|Slowking-Galar, F|
|poke|p2|Weezing-Galar, F|
|teampreview
|
|t:|1743839341
|start
|switch|p1a: Tornadus|Tornadus-Therian, M|100/100
|switch|p2a: Garganacl|Garganacl, M|100/100
|turn|1
|
|t:|1743839346
|move|p1a: Tornadus|Knock Off|p2a: Garganacl
|-damage|p2a: Garganacl|86/100
|-enditem|p2a: Garganacl|Leftovers|[from] move: Knock Off|[of] p1a: Tornadus
|move|p2a: Garganacl|Salt Cure|p1a: Tornadus
|-supereffective|p1a: Tornadus
|-damage|p1a: Tornadus|60/100
|-start|p1a: Tornadus|Salt Cure
|
|-damage|p1a: Tornadus|48/100|[from] Salt Cure
|upkeep
|turn|2
|inactive|Battle timer is ON: inactive players will automatically lose when time's up. (requested by Shadow4cTest3r)
|
|t:|1743839357
|switch|p1a: Garganacl|Garganacl, F|100/100
|move|p2a: Garganacl|Salt Cure|p1a: Garganacl
|-damage|p1a: Garganacl|91/100
|-start|p1a: Garganacl|Salt Cure
|
|-heal|p1a: Garganacl|97/100|[from] item: Leftovers
|-damage|p1a: Garganacl|85/100|[from] Salt Cure
|upkeep
|turn|3
|
|t:|1743839364
|switch|p2a: Ting-Lu|Ting-Lu|100/100
|-ability|p2a: Ting-Lu|Vessel of Ruin
|move|p1a: Garganacl|Salt Cure|p2a: Ting-Lu
|-resisted|p2a: Ting-Lu
|-damage|p2a: Ting-Lu|97/100
|-start|p2a: Ting-Lu|Salt Cure
|
|-heal|p2a: Ting-Lu|100/100|[from] item: Leftovers
|-heal|p1a: Garganacl|91/100|[from] item: Leftovers
|-damage|p2a: Ting-Lu|88/100|[from] Salt Cure
|-damage|p1a: Garganacl|78/100|[from] Salt Cure
|upkeep
|turn|4
|
|t:|1743839371
|move|p2a: Ting-Lu|Stealth Rock|p1a: Garganacl
|-sidestart|p1: awerefgrgrg|move: Stealth Rock
|move|p1a: Garganacl|Stealth Rock|p2a: Ting-Lu
|-sidestart|p2: Shadow4cTest3r|move: Stealth Rock
|
|-heal|p2a: Ting-Lu|94/100|[from] item: Leftovers
|-heal|p1a: Garganacl|85/100|[from] item: Leftovers
|-damage|p2a: Ting-Lu|82/100|[from] Salt Cure
|-damage|p1a: Garganacl|72/100|[from] Salt Cure
|upkeep
|turn|5
|
|t:|1743839378
|switch|p2a: Hydrapple|Hydrapple, F|100/100
|switch|p1a: Tornadus|Tornadus-Therian, M|81/100
|
|upkeep
|turn|6
|
|t:|1743839387
|switch|p2a: Garganacl|Garganacl, M|86/100
|-damage|p2a: Garganacl|74/100|[from] Stealth Rock
|move|p1a: Tornadus|Bleakwind Storm|p2a: Garganacl
|-resisted|p2a: Garganacl
|-damage|p2a: Garganacl|58/100
|
|upkeep
|turn|7
|
|t:|1743839390
|move|p1a: Tornadus|U-turn|p2a: Garganacl
|-damage|p2a: Garganacl|49/100
|
|t:|1743839392
|switch|p1a: Great Tusk|Great Tusk|100/100|[from] U-turn
|-damage|p1a: Great Tusk|98/100|[from] Stealth Rock
|-enditem|p1a: Great Tusk|Booster Energy
|-activate|p1a: Great Tusk|ability: Protosynthesis|[fromitem]
|-start|p1a: Great Tusk|protosynthesisatk
|move|p2a: Garganacl|Salt Cure|p1a: Great Tusk
|-resisted|p1a: Great Tusk
|-damage|p1a: Great Tusk|95/100
|-start|p1a: Great Tusk|Salt Cure
|
|-damage|p1a: Great Tusk|83/100|[from] Salt Cure
|upkeep
|turn|8
|
|t:|1743839406
|switch|p2a: Hydrapple|Hydrapple, F|100/100
|move|p1a: Great Tusk|Headlong Rush|p2a: Hydrapple
|-resisted|p2a: Hydrapple
|-damage|p2a: Hydrapple|79/100
|-unboost|p1a: Great Tusk|def|1
|-unboost|p1a: Great Tusk|spd|1
|
|-damage|p1a: Great Tusk|70/100|[from] Salt Cure
|upkeep
|turn|9
|
|t:|1743839409
|move|p1a: Great Tusk|Ice Spinner|p2a: Hydrapple
|-supereffective|p2a: Hydrapple
|-damage|p2a: Hydrapple|0 fnt
|faint|p2a: Hydrapple
|
|-damage|p1a: Great Tusk|58/100|[from] Salt Cure
|upkeep
|
|t:|1743839413
|switch|p2a: Zamazenta|Zamazenta|100/100
|-ability|p2a: Zamazenta|Dauntless Shield|boost
|-boost|p2a: Zamazenta|def|1
|turn|10
|
|t:|1743839425
|-end|p1a: Great Tusk|Protosynthesis|[silent]
|switch|p1a: Tornadus|Tornadus-Therian, M|100/100
|move|p2a: Zamazenta|Ice Fang|p1a: Tornadus
|-supereffective|p1a: Tornadus
|-damage|p1a: Tornadus|44/100
|
|upkeep
|turn|11
|
|t:|1743839437
|switch|p1a: Cinderace|Cinderace, F|100/100
|move|p2a: Zamazenta|Ice Fang|p1a: Cinderace
|-resisted|p1a: Cinderace
|-crit|p1a: Cinderace
|-damage|p1a: Cinderace|79/100
|
|upkeep
|turn|12
|
|t:|1743839441
|switch|p2a: Garganacl|Garganacl, M|49/100
|-damage|p2a: Garganacl|36/100|[from] Stealth Rock
|switch|p1a: Dragapult|Dragapult, M|100/100
|
|upkeep
|turn|13
|
|t:|1743839453
|move|p1a: Dragapult|U-turn|p2a: Garganacl
|-damage|p2a: Garganacl|23/100
|
|t:|1743839454
|switch|p1a: Great Tusk|Great Tusk|58/100|[from] U-turn
|-damage|p1a: Great Tusk|55/100|[from] Stealth Rock
|move|p2a: Garganacl|Recover|p2a: Garganacl
|-heal|p2a: Garganacl|73/100
|
|upkeep
|turn|14
|
|t:|1743839465
|-terastallize|p2a: Garganacl|Water
|move|p1a: Great Tusk|Headlong Rush|p2a: Garganacl
|-damage|p2a: Garganacl|34/100
|-unboost|p1a: Great Tusk|def|1
|-unboost|p1a: Great Tusk|spd|1
|move|p2a: Garganacl|Curse|p2a: Garganacl
|-unboost|p2a: Garganacl|spe|1
|-boost|p2a: Garganacl|atk|1
|-boost|p2a: Garganacl|def|1
|
|upkeep
|turn|15
|
|t:|1743839476
|-end|p1a: Great Tusk|Protosynthesis|[silent]
|switch|p1a: Iron Valiant|Iron Valiant|100/100
|-damage|p1a: Iron Valiant|94/100|[from] Stealth Rock
|-enditem|p1a: Iron Valiant|Booster Energy
|-activate|p1a: Iron Valiant|ability: Quark Drive|[fromitem]
|-start|p1a: Iron Valiant|quarkdrivespe
|move|p2a: Garganacl|Recover|p2a: Garganacl
|-heal|p2a: Garganacl|84/100
|
|upkeep
|turn|16
|
|t:|1743839480
|move|p1a: Iron Valiant|Encore|p2a: Garganacl
|-start|p2a: Garganacl|Encore
|move|p2a: Garganacl|Recover|p2a: Garganacl
|-heal|p2a: Garganacl|100/100
|
|upkeep
|turn|17
|
|t:|1743839492
|-end|p1a: Iron Valiant|Quark Drive|[silent]
|switch|p1a: Great Tusk|Great Tusk|55/100
|-damage|p1a: Great Tusk|52/100|[from] Stealth Rock
|switch|p2a: Slowking|Slowking-Galar, F|100/100
|-damage|p2a: Slowking|88/100|[from] Stealth Rock
|
|upkeep
|turn|18
|
|t:|1743839509
|switch|p2a: Ting-Lu|Ting-Lu|82/100
|-damage|p2a: Ting-Lu|76/100|[from] Stealth Rock
|-ability|p2a: Ting-Lu|Vessel of Ruin
|move|p1a: Great Tusk|Headlong Rush|p2a: Ting-Lu
|-damage|p2a: Ting-Lu|40/100
|-unboost|p1a: Great Tusk|def|1
|-unboost|p1a: Great Tusk|spd|1
|
|-heal|p2a: Ting-Lu|47/100|[from] item: Leftovers
|upkeep
|turn|19
|
|t:|1743839513
|move|p1a: Great Tusk|Close Combat|p2a: Ting-Lu
|-supereffective|p2a: Ting-Lu
|-damage|p2a: Ting-Lu|0 fnt
|-unboost|p1a: Great Tusk|def|1
|-unboost|p1a: Great Tusk|spd|1
|faint|p2a: Ting-Lu
|
|upkeep
|
|t:|1743839516
|switch|p2a: Zamazenta|Zamazenta|100/100
|turn|20
|
|t:|1743839524
|-end|p1a: Great Tusk|Protosynthesis|[silent]
|switch|p1a: Cinderace|Cinderace, F|79/100
|move|p2a: Zamazenta|Close Combat|p1a: Cinderace
|-damage|p1a: Cinderace|0 fnt
|-unboost|p2a: Zamazenta|def|1
|-unboost|p2a: Zamazenta|spd|1
|faint|p1a: Cinderace
|
|upkeep
|
|t:|1743839526
|switch|p1a: Dragapult|Dragapult, M|100/100
|turn|21
|
|t:|1743839535
|move|p1a: Dragapult|Dragon Darts|p2a: Zamazenta
|-damage|p2a: Zamazenta|68/100
|-anim|p1a: Dragapult|Dragon Darts|p2a: Zamazenta
|-damage|p2a: Zamazenta|36/100
|move|p2a: Zamazenta|Ice Fang|p1a: Dragapult
|-supereffective|p1a: Dragapult
|-damage|p1a: Dragapult|38/100
|
|upkeep
|turn|22
|
|t:|1743839541
|switch|p2a: Weezing|Weezing-Galar, F|100/100
|-ability|p2a: Weezing|Neutralizing Gas
|-damage|p2a: Weezing|88/100|[from] Stealth Rock
|move|p1a: Dragapult|Dragon Darts|p2a: Weezing
|-immune|p2a: Weezing
|
|-heal|p2a: Weezing|94/100|[from] item: Leftovers
|upkeep
|turn|23
|
|t:|1743839544
|move|p1a: Dragapult|U-turn|p2a: Weezing
|-resisted|p2a: Weezing
|-damage|p2a: Weezing|91/100
|
|t:|1743839549
|switch|p1a: Tornadus|Tornadus-Therian, M|77/100|[from] U-turn
|move|p2a: Weezing|Strange Steam|p1a: Tornadus
|-damage|p1a: Tornadus|43/100
|
|-heal|p2a: Weezing|97/100|[from] item: Leftovers
|upkeep
|turn|24
|
|t:|1743839555
|-end|p2a: Weezing|ability: Neutralizing Gas
|switch|p2a: Garganacl|Garganacl, M, tera:Water|100/100
|-damage|p2a: Garganacl|88/100|[from] Stealth Rock
|move|p1a: Tornadus|Bleakwind Storm|p2a: Garganacl
|-damage|p2a: Garganacl|56/100
|
|upkeep
|turn|25
|
|t:|1743839566
|move|p1a: Tornadus|U-turn|p2a: Garganacl
|-damage|p2a: Garganacl|46/100
|
|t:|1743839567
|switch|p1a: Garganacl|Garganacl, F|72/100|[from] U-turn
|-damage|p1a: Garganacl|60/100|[from] Stealth Rock
|move|p2a: Garganacl|Salt Cure|p1a: Garganacl
|-damage|p1a: Garganacl|51/100
|-start|p1a: Garganacl|Salt Cure
|
|-heal|p1a: Garganacl|57/100|[from] item: Leftovers
|-damage|p1a: Garganacl|45/100|[from] Salt Cure
|upkeep
|turn|26
|
|t:|1743839571
|move|p1a: Garganacl|Recover|p1a: Garganacl
|-heal|p1a: Garganacl|95/100
|move|p2a: Garganacl|Recover|p2a: Garganacl
|-heal|p2a: Garganacl|96/100
|
|-heal|p1a: Garganacl|100/100|[from] item: Leftovers
|-damage|p1a: Garganacl|88/100|[from] Salt Cure
|upkeep
|turn|27
|
|t:|1743839575
|switch|p2a: Weezing|Weezing-Galar, F|97/100
|-ability|p2a: Weezing|Neutralizing Gas
|-damage|p2a: Weezing|85/100|[from] Stealth Rock
|move|p1a: Garganacl|Salt Cure|p2a: Weezing
|-damage|p2a: Weezing|75/100
|-start|p2a: Weezing|Salt Cure
|
|-heal|p2a: Weezing|81/100|[from] item: Leftovers
|-heal|p1a: Garganacl|94/100|[from] item: Leftovers
|-damage|p2a: Weezing|69/100|[from] Salt Cure
|-damage|p1a: Garganacl|82/100|[from] Salt Cure
|upkeep
|turn|28
|
|t:|1743839583
|switch|p1a: Tornadus|Tornadus-Therian, M|76/100
|move|p2a: Weezing|Will-O-Wisp|p1a: Tornadus
|-status|p1a: Tornadus|brn
|
|-heal|p2a: Weezing|75/100|[from] item: Leftovers
|-damage|p1a: Tornadus|70/100 brn|[from] brn
|-damage|p2a: Weezing|63/100|[from] Salt Cure
|upkeep
|turn|29
|
|t:|1743839595
|-end|p2a: Weezing|ability: Neutralizing Gas
|switch|p2a: Slowking|Slowking-Galar, F|100/100
|-damage|p2a: Slowking|88/100|[from] Stealth Rock
|move|p1a: Tornadus|Bleakwind Storm|p2a: Slowking
|-damage|p2a: Slowking|70/100
|
|-damage|p1a: Tornadus|64/100 brn|[from] brn
|upkeep
|turn|30
|
|t:|1743839601
|switch|p2a: Garganacl|Garganacl, M, tera:Water|96/100
|-damage|p2a: Garganacl|83/100|[from] Stealth Rock
|move|p1a: Tornadus|U-turn|p2a: Garganacl
|-crit|p2a: Garganacl
|-damage|p2a: Garganacl|76/100
|
|t:|1743839605
|switch|p1a: Garganacl|Garganacl, F|82/100|[from] U-turn
|-damage|p1a: Garganacl|70/100|[from] Stealth Rock
|
|-heal|p1a: Garganacl|76/100|[from] item: Leftovers
|upkeep
|turn|31
|
|t:|1743839610
|move|p1a: Garganacl|Salt Cure|p2a: Garganacl
|-damage|p2a: Garganacl|68/100
|-start|p2a: Garganacl|Salt Cure
|move|p2a: Garganacl|Salt Cure|p1a: Garganacl
|-damage|p1a: Garganacl|67/100
|-start|p1a: Garganacl|Salt Cure
|
|-heal|p1a: Garganacl|73/100|[from] item: Leftovers
|-damage|p1a: Garganacl|61/100|[from] Salt Cure
|-damage|p2a: Garganacl|43/100|[from] Salt Cure
|upkeep
|turn|32
|
|t:|1743839627
|switch|p1a: Great Tusk|Great Tusk|52/100
|-damage|p1a: Great Tusk|49/100|[from] Stealth Rock
|move|p2a: Garganacl|Recover|p2a: Garganacl
|-heal|p2a: Garganacl|93/100
|
|-damage|p2a: Garganacl|68/100|[from] Salt Cure
|upkeep
|turn|33
|
|t:|1743839639
|switch|p2a: Weezing|Weezing-Galar, F|63/100
|-ability|p2a: Weezing|Neutralizing Gas
|-damage|p2a: Weezing|50/100|[from] Stealth Rock
|move|p1a: Great Tusk|Headlong Rush|p2a: Weezing
|-supereffective|p2a: Weezing
|-damage|p2a: Weezing|0 fnt
|-unboost|p1a: Great Tusk|def|1
|-unboost|p1a: Great Tusk|spd|1
|faint|p2a: Weezing
|-end|p2a: Weezing|ability: Neutralizing Gas
|
|upkeep
|
|t:|1743839643
|switch|p2a: Zamazenta|Zamazenta|36/100
|turn|34
|
|t:|1743839654
|-end|p1a: Great Tusk|Protosynthesis|[silent]
|switch|p1a: Iron Valiant|Iron Valiant|94/100
|-damage|p1a: Iron Valiant|88/100|[from] Stealth Rock
|move|p2a: Zamazenta|Ice Fang|p1a: Iron Valiant
|-damage|p1a: Iron Valiant|61/100
|-status|p1a: Iron Valiant|frz
|
|upkeep
|turn|35
|
|t:|1743839662
|move|p2a: Zamazenta|Heavy Slam|p1a: Iron Valiant
|-supereffective|p1a: Iron Valiant
|-damage|p1a: Iron Valiant|0 fnt
|faint|p1a: Iron Valiant
|-end|p1a: Iron Valiant|Quark Drive|[silent]
|
|upkeep
|
|t:|1743839664
|switch|p1a: Dragapult|Dragapult, M|38/100
|turn|36
|
|t:|1743839672
|switch|p2a: Slowking|Slowking-Galar, F|100/100
|-damage|p2a: Slowking|88/100|[from] Stealth Rock
|move|p1a: Dragapult|Dragon Darts|p2a: Slowking
|-damage|p2a: Slowking|64/100
|-anim|p1a: Dragapult|Dragon Darts|p2a: Slowking
|-damage|p2a: Slowking|42/100
|
|upkeep
|turn|37
|
|t:|1743839682
|move|p1a: Dragapult|Dragon Darts|p2a: Slowking
|-damage|p2a: Slowking|18/100
|-anim|p1a: Dragapult|Dragon Darts|p2a: Slowking
|-damage|p2a: Slowking|0 fnt
|faint|p2a: Slowking
|
|upkeep
|
|t:|1743839685
|switch|p2a: Garganacl|Garganacl, M, tera:Water|68/100
|-damage|p2a: Garganacl|55/100|[from] Stealth Rock
|turn|38
|
|t:|1743839690
|move|p1a: Dragapult|U-turn|p2a: Garganacl
|-damage|p2a: Garganacl|43/100
|
|t:|1743839693
|switch|p1a: Garganacl|Garganacl, F|61/100|[from] U-turn
|-damage|p1a: Garganacl|48/100|[from] Stealth Rock
|move|p2a: Garganacl|Curse|p2a: Garganacl
|-unboost|p2a: Garganacl|spe|1
|-boost|p2a: Garganacl|atk|1
|-boost|p2a: Garganacl|def|1
|
|-heal|p1a: Garganacl|54/100|[from] item: Leftovers
|upkeep
|turn|39
|
|t:|1743839695
|move|p1a: Garganacl|Salt Cure|p2a: Garganacl
|-damage|p2a: Garganacl|37/100
|-start|p2a: Garganacl|Salt Cure
|move|p2a: Garganacl|Recover|p2a: Garganacl
|-heal|p2a: Garganacl|87/100
|
|-heal|p1a: Garganacl|61/100|[from] item: Leftovers
|-damage|p2a: Garganacl|62/100|[from] Salt Cure
|upkeep
|turn|40
|
|t:|1743839704
|switch|p1a: Tornadus|Tornadus-Therian, M|97/100 brn
|move|p2a: Garganacl|Curse|p2a: Garganacl
|-unboost|p2a: Garganacl|spe|1
|-boost|p2a: Garganacl|atk|1
|-boost|p2a: Garganacl|def|1
|
|-damage|p1a: Tornadus|91/100 brn|[from] brn
|-damage|p2a: Garganacl|37/100|[from] Salt Cure
|upkeep
|turn|41
|
|t:|1743839709
|move|p1a: Tornadus|Bleakwind Storm|p2a: Garganacl
|-damage|p2a: Garganacl|4/100
|-unboost|p2a: Garganacl|spe|1
|move|p2a: Garganacl|Recover|p2a: Garganacl
|-heal|p2a: Garganacl|54/100
|
|-damage|p1a: Tornadus|85/100 brn|[from] brn
|-damage|p2a: Garganacl|29/100|[from] Salt Cure
|upkeep
|turn|42
|
|t:|1743839715
|move|p1a: Tornadus|Bleakwind Storm|p2a: Garganacl
|-damage|p2a: Garganacl|0 fnt
|faint|p2a: Garganacl
|
|-damage|p1a: Tornadus|79/100 brn|[from] brn
|upkeep
|-message|Shadow4cTest3r forfeited.
|
|win|awerefgrgrg
|raw|awerefgrgrg's rating: 1452 &rarr; <strong>1474</strong><br />(+22 for winning)
|raw|Shadow4cTest3r's rating: 1491 &rarr; <strong>1469</strong><br />(-22 for losing)
|l|☆Shadow4cTest3r
|player|p2|
