|j|☆HiReeceHere
|j|☆keepmomo
|t:|1743790919
|gametype|singles
|player|p1|HiReeceHere|265|1128
|player|p2|keepmomo|dawn|1098
|teamsize|p1|6
|teamsize|p2|6
|gen|9
|tier|[Gen 9] OU
|rated|
|rule|HP Percentage Mod: HP is shown in percentages
|rule|Endless Battle Clause: Forcing endless battles is banned
|rule|Species Clause: Limit one of each Pokémon
|rule|OHKO Clause: OHKO moves are banned
|rule|Evasion Items Clause: Evasion items are banned
|rule|Evasion Moves Clause: Evasion moves are banned
|rule|Sleep Moves Clause: Sleep-inducing moves are banned
|clearpoke
|poke|p1|Hatterene, F|
|poke|p1|Zapdos|
|poke|p1|Gliscor, F|
|poke|p1|Walking Wake|
|poke|p1|Tinkaton, F|
|poke|p1|Serperior, M|
|poke|p2|Comfey, F|
|poke|p2|Klefki, F|
|poke|p2|Ambipom, M|
|poke|p2|Illumise, F|
|poke|p2|Jumpluff, M|
|poke|p2|Alomomola, F|
|teampreview
|
|t:|1743790932
|start
|switch|p1a: Zapdos|Zapdos|100/100
|switch|p2a: Jumpluff|Jumpluff, M|100/100
|turn|1
|
|t:|1743790952
|move|p2a: Jumpluff|Light Screen|p2a: Jumpluff
|-sidestart|p2: keepmomo|move: Light Screen
|move|p1a: Zapdos|Thunder Wave|p2a: Jumpluff
|-status|p2a: Jumpluff|par
|
|upkeep
|turn|2
|
|t:|1743790959
|move|p1a: Zapdos|Tailwind|p1a: Zapdos
|-sidestart|p1: HiReeceHere|move: Tailwind
|cant|p2a: Jumpluff|par
|
|upkeep
|turn|3
|
|t:|1743790966
|move|p1a: Zapdos|Discharge|p2a: Jumpluff
|-damage|p2a: Jumpluff|83/100 par
|move|p2a: Jumpluff|Reflect|p2a: Jumpluff
|-sidestart|p2: keepmomo|Reflect
|
|upkeep
|turn|4
|
|t:|1743790974
|move|p1a: Zapdos|Discharge|p2a: Jumpluff
|-damage|p2a: Jumpluff|66/100 par
|cant|p2a: Jumpluff|par
|
|upkeep
|turn|5
|
|t:|1743790981
|move|p1a: Zapdos|Discharge|p2a: Jumpluff
|-crit|p2a: Jumpluff
|-damage|p2a: Jumpluff|12/100 par
|cant|p2a: Jumpluff|par
|
|-sideend|p1: HiReeceHere|move: Tailwind
|upkeep
|turn|6
|
|t:|1743791000
|move|p1a: Zapdos|Discharge|p2a: Jumpluff
|-damage|p2a: Jumpluff|0 fnt
|faint|p2a: Jumpluff
|
|upkeep
|
|t:|1743791010
|switch|p2a: Comfey|Comfey, F, shiny|100/100
|turn|7
|
|t:|1743791013
|move|p2a: Comfey|Taunt|p1a: Zapdos
|-start|p1a: Zapdos|move: Taunt
|cant|p1a: Zapdos|move: Taunt|Thunder Wave
|
|upkeep
|turn|8
|
|t:|1743791020
|move|p1a: Zapdos|U-turn|p2a: Comfey
|-resisted|p2a: Comfey
|-damage|p2a: Comfey|97/100
|
|t:|1743791037
|switch|p1a: Serperior|Serperior, M|100/100|[from] U-turn
|move|p2a: Comfey|Calm Mind|p2a: Comfey
|-boost|p2a: Comfey|spa|1
|-boost|p2a: Comfey|spd|1
|
|-sideend|p2: keepmomo|move: Light Screen
|upkeep
|turn|9
|
|t:|1743791047
|move|p1a: Serperior|Leaf Storm|p2a: Comfey
|-damage|p2a: Comfey|62/100
|-boost|p1a: Serperior|spa|2
|-damage|p1a: Serperior|91/100|[from] item: Life Orb
|move|p2a: Comfey|Calm Mind|p2a: Comfey
|-boost|p2a: Comfey|spa|1
|-boost|p2a: Comfey|spd|1
|
|upkeep
|turn|10
|
|t:|1743791057
|move|p1a: Serperior|Leaf Storm|p2a: Comfey
|-damage|p2a: Comfey|17/100
|-boost|p1a: Serperior|spa|2
|-damage|p1a: Serperior|81/100|[from] item: Life Orb
|move|p2a: Comfey|Calm Mind|p2a: Comfey
|-boost|p2a: Comfey|spa|1
|-boost|p2a: Comfey|spd|1
|
|-sideend|p2: keepmomo|Reflect
|upkeep
|turn|11
|
|t:|1743791068
|-terastallize|p2a: Comfey|Fairy
|move|p2a: Comfey|Draining Kiss|p1a: Serperior
|-crit|p1a: Serperior
|-damage|p1a: Serperior|0 fnt
|-heal|p2a: Comfey|87/100|[from] drain|[of] p1a: Serperior
|faint|p1a: Serperior
|
|upkeep
|
|t:|1743791080
|switch|p1a: Tinkaton|Tinkaton, F|100/100
|turn|12
|
|t:|1743791085
|move|p1a: Tinkaton|Fake Out|p2a: Comfey
|-damage|p2a: Comfey|75/100
|cant|p2a: Comfey|flinch
|
|upkeep
|turn|13
|
|t:|1743791091
|move|p2a: Comfey|Draining Kiss|p1a: Tinkaton
|-resisted|p1a: Tinkaton
|-damage|p1a: Tinkaton|70/100
|-heal|p2a: Comfey|98/100|[from] drain|[of] p1a: Tinkaton
|move|p1a: Tinkaton|Gigaton Hammer|p2a: Comfey
|-supereffective|p2a: Comfey
|-damage|p2a: Comfey|0 fnt
|faint|p2a: Comfey
|
|upkeep
|
|t:|1743791096
|switch|p2a: Illumise|Illumise, F|100/100
|turn|14
|
|t:|1743791107
|switch|p1a: Zapdos|Zapdos|100/100
|move|p2a: Illumise|Thunder Wave|p1a: Zapdos
|-immune|p1a: Zapdos
|
|upkeep
|turn|15
|
|t:|1743791116
|move|p2a: Illumise|Flatter|p1a: Zapdos
|-boost|p1a: Zapdos|spa|1
|-start|p1a: Zapdos|confusion
|-activate|p1a: Zapdos|confusion
|-damage|p1a: Zapdos|92/100|[from] confusion
|
|upkeep
|turn|16
|
|t:|1743791124
|switch|p2a: Klefki|Klefki, F|100/100
|-activate|p1a: Zapdos|confusion
|move|p1a: Zapdos|Discharge|p2a: Klefki
|-damage|p2a: Klefki|32/100
|
|upkeep
|turn|17
|-message|keepmomo forfeited.
|
|win|HiReeceHere
|raw|HiReeceHere's rating: 1128 &rarr; <strong>1151</strong><br />(+23 for winning)
|raw|keepmomo's rating: 1098 &rarr; <strong>1075</strong><br />(-23 for losing)
|l|☆keepmomo
|player|p2|
|l|☆HiReeceHere
|player|p1|
