|j|☆potato_tomato1
|j|☆kvm9000
|t:|1743913657
|gametype|singles
|player|p1|potato_tomato1|rika|1121
|player|p2|kvm9000|266|1119
|teamsize|p1|6
|teamsize|p2|6
|gen|9
|tier|[Gen 9] OU
|rated|
|rule|HP Percentage Mod: HP is shown in percentages
|rule|Endless Battle Clause: Forcing endless battles is banned
|rule|Species Clause: Limit one of each Pokémon
|rule|OHKO Clause: OHKO moves are banned
|rule|Evasion Items Clause: Evasion items are banned
|rule|Evasion Moves Clause: Evasion moves are banned
|rule|Sleep Moves Clause: Sleep-inducing moves are banned
|clearpoke
|poke|p1|Clodsire, M|
|poke|p1|Quagsire, M|
|poke|p1|Dugtrio, M|
|poke|p1|Donphan, F|
|poke|p1|Camerupt, F|
|poke|p1|Torterra, F|
|poke|p2|Staraptor, M|
|poke|p2|Feraligatr, F|
|poke|p2|Thundurus, M|
|poke|p2|Forretress, M|
|poke|p2|Wartortle, F|
|poke|p2|Frosmoth, F|
|teampreview
|inactive|Battle timer is ON: inactive players will automatically lose when time's up. (requested by kvm9000)
|inactive|kvm9000 has 120 seconds left.
|
|t:|1743913695
|start
|switch|p1a: Camerupt|Camerupt, F|100/100
|switch|p2a: Frosmoth|Frosmoth, F|100/100
|turn|1
|
|t:|1743913705
|switch|p2a: Wartortle|Wartortle, F|100/100
|move|p1a: Camerupt|Lava Plume|p2a: Wartortle
|-resisted|p2a: Wartortle
|-damage|p2a: Wartortle|88/100
|
|upkeep
|turn|2
|
|t:|1743913713
|move|p2a: Wartortle|Icy Wind|p1a: Camerupt
|-damage|p1a: Camerupt|89/100
|-unboost|p1a: Camerupt|spe|1
|move|p1a: Camerupt|Solar Beam||[still]
|-prepare|p1a: Camerupt|Solar Beam
|-enditem|p1a: Camerupt|Power Herb
|-anim|p1a: Camerupt|Solar Beam|p2a: Wartortle
|-supereffective|p2a: Wartortle
|-damage|p2a: Wartortle|43/100
|
|upkeep
|turn|3
|
|t:|1743913728
|move|p2a: Wartortle|Icy Wind|p1a: Camerupt
|-damage|p1a: Camerupt|78/100
|-unboost|p1a: Camerupt|spe|1
|move|p1a: Camerupt|Earth Power|p2a: Wartortle
|-damage|p2a: Wartortle|18/100
|
|upkeep
|turn|4
|
|t:|1743913736
|move|p1a: Camerupt|Earth Power|p2a: Wartortle
|-damage|p2a: Wartortle|0 fnt
|faint|p2a: Wartortle
|
|upkeep
|
|t:|1743913743
|switch|p2a: Feraligatr|Feraligatr, F|100/100
|turn|5
|
|t:|1743913761
|-terastallize|p1a: Camerupt|Grass
|move|p2a: Feraligatr|Liquidation|p1a: Camerupt
|-resisted|p1a: Camerupt
|-damage|p1a: Camerupt|42/100
|move|p1a: Camerupt|Solar Beam||[still]
|-prepare|p1a: Camerupt|Solar Beam
|
|upkeep
|turn|6
|
|t:|1743913771
|move|p2a: Feraligatr|Ice Punch|p1a: Camerupt
|-supereffective|p1a: Camerupt
|-damage|p1a: Camerupt|0 fnt
|faint|p1a: Camerupt
|
|upkeep
|
|t:|1743913782
|switch|p1a: Torterra|Torterra, F|100/100
|turn|7
|
|t:|1743913788
|move|p2a: Feraligatr|Ice Punch|p1a: Torterra
|-supereffective|p1a: Torterra
|-damage|p1a: Torterra|0 fnt
|faint|p1a: Torterra
|
|upkeep
|
|t:|1743913793
|switch|p1a: Dugtrio|Dugtrio, M|100/100
|turn|8
|
|t:|1743913798
|switch|p2a: Forretress|Forretress, M|100/100
|move|p1a: Dugtrio|Sandstorm|p1a: Dugtrio
|-weather|Sandstorm
|
|-weather|Sandstorm|[upkeep]
|upkeep
|turn|9
|
|t:|1743913807
|move|p1a: Dugtrio|Earthquake|p2a: Forretress
|-damage|p2a: Forretress|71/100
|move|p2a: Forretress|Stealth Rock|p1a: Dugtrio
|-sidestart|p1: potato_tomato1|move: Stealth Rock
|
|-weather|Sandstorm|[upkeep]
|-heal|p2a: Forretress|77/100|[from] item: Leftovers
|upkeep
|turn|10
|
|t:|1743913815
|move|p1a: Dugtrio|Earthquake|p2a: Forretress
|-damage|p2a: Forretress|48/100
|move|p2a: Forretress|Gyro Ball|p1a: Dugtrio
|-enditem|p1a: Dugtrio|Focus Sash
|-damage|p1a: Dugtrio|1/100
|
|-weather|Sandstorm|[upkeep]
|-heal|p2a: Forretress|54/100|[from] item: Leftovers
|upkeep
|turn|11
|
|t:|1743913824
|move|p1a: Dugtrio|Earthquake|p2a: Forretress
|-damage|p2a: Forretress|23/100
|move|p2a: Forretress|Gyro Ball|p1a: Dugtrio
|-damage|p1a: Dugtrio|0 fnt
|faint|p1a: Dugtrio
|
|-weather|Sandstorm|[upkeep]
|-heal|p2a: Forretress|29/100|[from] item: Leftovers
|upkeep
|
|t:|1743913841
|switch|p1a: Donphan|Donphan, F|100/100
|turn|12
|
|t:|1743913853
|-terastallize|p2a: Forretress|Ghost
|move|p1a: Donphan|Earthquake|p2a: Forretress
|-damage|p2a: Forretress|0 fnt
|faint|p2a: Forretress
|
|-weather|none
|upkeep
|
|t:|1743913859
|switch|p2a: Feraligatr|Feraligatr, F|100/100
|turn|13
|
|t:|1743913865
|move|p2a: Feraligatr|Liquidation|p1a: Donphan
|-supereffective|p1a: Donphan
|-damage|p1a: Donphan|22/100
|move|p1a: Donphan|Rapid Spin|p2a: Feraligatr
|-damage|p2a: Feraligatr|80/100
|-boost|p1a: Donphan|spe|1
|-sideend|p1: potato_tomato1|Stealth Rock|[from] move: Rapid Spin|[of] p1a: Donphan
|
|upkeep
|turn|14
|
|t:|1743913874
|move|p2a: Feraligatr|Liquidation|p1a: Donphan
|-supereffective|p1a: Donphan
|-damage|p1a: Donphan|0 fnt
|faint|p1a: Donphan
|
|upkeep
|
|t:|1743913880
|switch|p1a: Quagsire|Quagsire, M|100/100
|turn|15
|
|t:|1743913884
|move|p2a: Feraligatr|Liquidation|p1a: Quagsire
|-damage|p1a: Quagsire|55/100
|move|p1a: Quagsire|Earthquake|p2a: Feraligatr
|-damage|p2a: Feraligatr|18/100
|-damage|p1a: Quagsire|45/100|[from] item: Life Orb
|
|upkeep
|turn|16
|
|t:|1743913895
|move|p2a: Feraligatr|Liquidation|p1a: Quagsire
|-damage|p1a: Quagsire|0 fnt
|faint|p1a: Quagsire
|
|upkeep
|
|t:|1743913900
|switch|p1a: Clodsire|Clodsire, M|100/100
|turn|17
|
|t:|1743913903
|move|p2a: Feraligatr|Liquidation|p1a: Clodsire
|-supereffective|p1a: Clodsire
|-damage|p1a: Clodsire|0 fnt
|faint|p1a: Clodsire
|
|win|kvm9000
|raw|potato_tomato1's rating: 1121 &rarr; <strong>1096</strong><br />(-25 for losing)
|raw|kvm9000's rating: 1119 &rarr; <strong>1144</strong><br />(+25 for winning)
|l|☆kvm9000
|player|p2|
|l|☆potato_tomato1
|player|p1|
