|j|☆Rabzzz
|j|☆pulsationplasma
|t:|1743790897
|gametype|singles
|player|p1|Rabzzz|101|1725
|player|p2|pulsationplasma|ghetsis|1774
|teamsize|p1|6
|teamsize|p2|6
|gen|9
|tier|[Gen 9] OU
|rated|
|rule|HP Percentage Mod: HP is shown in percentages
|rule|Endless Battle Clause: Forcing endless battles is banned
|rule|Species Clause: Limit one of each Pokémon
|rule|OHKO Clause: OHKO moves are banned
|rule|Evasion Items Clause: Evasion items are banned
|rule|Evasion Moves Clause: Evasion moves are banned
|rule|Sleep Moves Clause: Sleep-inducing moves are banned
|clearpoke
|poke|p1|Tinkaton, F|
|poke|p1|Moltres|
|poke|p1|Ting-Lu|
|poke|p1|Gholdengo|
|poke|p1|Weavile, F|
|poke|p1|Raging Bolt|
|poke|p2|Ceruledge, F|
|poke|p2|Iron Treads|
|poke|p2|Corviknight, F|
|poke|p2|Salamence, M|
|poke|p2|Dragapult, F|
|poke|p2|Ogerpon-Cornerstone, F|
|teampreview
|j| killabyss
|j| FaronAan
|
|t:|1743790928
|start
|switch|p1a: Ting-Lu|Ting-Lu|100/100
|switch|p2a: Dragapult|Dragapult, F|100/100
|-ability|p1a: Ting-Lu|Vessel of Ruin
|turn|1
|
|t:|1743790932
|move|p2a: Dragapult|U-turn|p1a: Ting-Lu
|-supereffective|p1a: Ting-Lu
|-damage|p1a: Ting-Lu|62/100
|
|t:|1743790935
|switch|p2a: Ogerpon|Ogerpon-Cornerstone, F|100/100|[from] U-turn
|move|p1a: Ting-Lu|Spikes|p2a: Ogerpon
|-sidestart|p2: pulsationplasma|Spikes
|
|-heal|p1a: Ting-Lu|68/100|[from] item: Leftovers
|upkeep
|turn|2
|
|t:|1743790946
|switch|p1a: Tinkaton|Tinkaton, F|100/100
|-item|p1a: Tinkaton|Air Balloon
|move|p2a: Ogerpon|Swords Dance|p2a: Ogerpon
|-boost|p2a: Ogerpon|atk|2
|
|upkeep
|turn|3
|
|t:|1743790954
|switch|p2a: Iron Treads|Iron Treads|100/100
|move|p1a: Tinkaton|Gigaton Hammer|p2a: Iron Treads
|-resisted|p2a: Iron Treads
|-damage|p2a: Iron Treads|80/100
|
|upkeep
|turn|4
|
|t:|1743790965
|switch|p1a: Moltres|Moltres|100/100
|move|p2a: Iron Treads|Knock Off|p1a: Moltres
|-damage|p1a: Moltres|80/100
|-enditem|p1a: Moltres|Heavy-Duty Boots|[from] move: Knock Off|[of] p2a: Iron Treads
|
|upkeep
|turn|5
|
|t:|1743790968
|-end|p2a: Iron Treads|Quark Drive|[silent]
|switch|p2a: Ceruledge|Ceruledge, F|100/100
|move|p1a: Moltres|Flamethrower|p2a: Ceruledge
|-start|p2a: Ceruledge|ability: Flash Fire
|
|upkeep
|turn|6
|
|t:|1743790975
|move|p2a: Ceruledge|Swords Dance|p2a: Ceruledge
|-boost|p2a: Ceruledge|atk|2
|move|p1a: Moltres|U-turn|p2a: Ceruledge
|-resisted|p2a: Ceruledge
|-damage|p2a: Ceruledge|95/100
|j| m0chaman_829
|
|t:|1743791016
|switch|p1a: Weavile|Weavile, F|100/100|[from] U-turn
|-ability|p1a: Weavile|Pressure
|
|upkeep
|turn|7
|
|t:|1743791029
|-terastallize|p2a: Ceruledge|Fairy
|move|p1a: Weavile|Triple Axel|p2a: Ceruledge
|-damage|p2a: Ceruledge|81/100
|-damage|p2a: Ceruledge|54/100
|-damage|p2a: Ceruledge|11/100
|-hitcount|p2a: Ceruledge|3
|move|p2a: Ceruledge|Bitter Blade|p1a: Weavile
|-supereffective|p1a: Weavile
|-damage|p1a: Weavile|0 fnt
|-heal|p2a: Ceruledge|60/100|[from] drain|[of] p1a: Weavile
|faint|p1a: Weavile
|
|upkeep
|j| union boss
|
|t:|1743791041
|switch|p1a: Tinkaton|Tinkaton, F|100/100
|-item|p1a: Tinkaton|Air Balloon
|turn|8
|
|t:|1743791045
|-end|p2a: Ceruledge|ability: Flash Fire|[silent]
|switch|p2a: Iron Treads|Iron Treads|80/100
|move|p1a: Tinkaton|Gigaton Hammer|p2a: Iron Treads
|-resisted|p2a: Iron Treads
|-damage|p2a: Iron Treads|60/100
|
|upkeep
|turn|9
|
|t:|1743791055
|switch|p1a: Moltres|Moltres|80/100
|move|p2a: Iron Treads|Rapid Spin|p1a: Moltres
|-damage|p1a: Moltres|68/100
|-boost|p2a: Iron Treads|spe|1
|-sideend|p2: pulsationplasma|Spikes|[from] move: Rapid Spin|[of] p2a: Iron Treads
|
|upkeep
|turn|10
|j| Despote
|
|t:|1743791066
|-end|p2a: Iron Treads|Quark Drive|[silent]
|switch|p2a: Dragapult|Dragapult, F|100/100
|move|p1a: Moltres|Flamethrower|p2a: Dragapult
|-resisted|p2a: Dragapult
|-damage|p2a: Dragapult|76/100
|
|upkeep
|turn|11
|
|t:|1743791070
|move|p2a: Dragapult|Dragon Darts|p1a: Moltres
|-damage|p1a: Moltres|42/100
|-anim|p2a: Dragapult|Dragon Darts|p1a: Moltres
|-damage|p1a: Moltres|17/100
|move|p1a: Moltres|Roost|p1a: Moltres
|-heal|p1a: Moltres|67/100
|-singleturn|p1a: Moltres|move: Roost
|
|upkeep
|turn|12
|
|t:|1743791076
|move|p2a: Dragapult|Dragon Darts|p1a: Moltres
|-damage|p1a: Moltres|41/100
|-anim|p2a: Dragapult|Dragon Darts|p1a: Moltres
|-damage|p1a: Moltres|14/100
|move|p1a: Moltres|Roost|p1a: Moltres
|-heal|p1a: Moltres|64/100
|-singleturn|p1a: Moltres|move: Roost
|
|upkeep
|turn|13
|
|t:|1743791082
|switch|p1a: Tinkaton|Tinkaton, F|100/100
|-item|p1a: Tinkaton|Air Balloon
|move|p2a: Dragapult|Dragon Darts|p1a: Tinkaton
|-immune|p1a: Tinkaton
|
|upkeep
|turn|14
|l| Despote
|
|t:|1743791087
|switch|p2a: Iron Treads|Iron Treads|60/100
|move|p1a: Tinkaton|Stealth Rock|p2a: Iron Treads
|-sidestart|p2: pulsationplasma|move: Stealth Rock
|
|upkeep
|turn|15
|j| sdksod
|
|t:|1743791090
|-end|p2a: Iron Treads|Quark Drive|[silent]
|switch|p2a: Ceruledge|Ceruledge, F, tera:Fairy|60/100
|switch|p1a: Moltres|Moltres|64/100
|
|upkeep
|turn|16
|
|t:|1743791096
|move|p2a: Ceruledge|Bitter Blade|p1a: Moltres
|-resisted|p1a: Moltres
|-damage|p1a: Moltres|47/100
|-heal|p2a: Ceruledge|71/100|[from] drain|[of] p1a: Moltres
|move|p1a: Moltres|U-turn|p2a: Ceruledge
|-resisted|p2a: Ceruledge
|-damage|p2a: Ceruledge|61/100
|
|t:|1743791101
|switch|p1a: Tinkaton|Tinkaton, F|100/100|[from] U-turn
|-item|p1a: Tinkaton|Air Balloon
|
|upkeep
|turn|17
|
|t:|1743791106
|switch|p2a: Iron Treads|Iron Treads|60/100
|move|p1a: Tinkaton|Gigaton Hammer|p2a: Iron Treads
|-resisted|p2a: Iron Treads
|-damage|p2a: Iron Treads|40/100
|
|upkeep
|turn|18
|
|t:|1743791113
|-end|p2a: Iron Treads|Quark Drive|[silent]
|switch|p2a: Ogerpon|Ogerpon-Cornerstone, F|100/100
|-damage|p2a: Ogerpon|88/100|[from] Stealth Rock
|switch|p1a: Moltres|Moltres|47/100
|
|upkeep
|turn|19
|
|t:|1743791128
|switch|p1a: Gholdengo|Gholdengo|100/100
|move|p2a: Ogerpon|Ivy Cudgel|p1a: Gholdengo|[anim] Ivy Cudgel Rock
|-resisted|p1a: Gholdengo
|-crit|p1a: Gholdengo
|-damage|p1a: Gholdengo|70/100
|
|-heal|p1a: Gholdengo|76/100|[from] item: Leftovers
|upkeep
|turn|20
|
|t:|1743791138
|move|p2a: Ogerpon|Swords Dance|p2a: Ogerpon
|-boost|p2a: Ogerpon|atk|2
|move|p1a: Gholdengo|Make It Rain|p2a: Ogerpon
|-supereffective|p2a: Ogerpon
|-damage|p2a: Ogerpon|0 fnt
|-unboost|p1a: Gholdengo|spa|1
|faint|p2a: Ogerpon
|
|-heal|p1a: Gholdengo|82/100|[from] item: Leftovers
|upkeep
|
|t:|1743791145
|switch|p2a: Ceruledge|Ceruledge, F, tera:Fairy|61/100
|turn|21
|
|t:|1743791161
|switch|p1a: Raging Bolt|Raging Bolt|100/100
|move|p2a: Ceruledge|Swords Dance|p2a: Ceruledge
|-boost|p2a: Ceruledge|atk|2
|
|upkeep
|turn|22
|
|t:|1743791165
|move|p2a: Ceruledge|Poltergeist|p1a: Raging Bolt|[miss]
|-miss|p2a: Ceruledge|p1a: Raging Bolt
|move|p1a: Raging Bolt|Volt Switch|p2a: Ceruledge
|-damage|p2a: Ceruledge|16/100
|c|☆Rabzzz|srry
|
|t:|1743791172
|-end|p1a: Raging Bolt|Protosynthesis|[silent]
|switch|p1a: Tinkaton|Tinkaton, F|100/100|[from] Volt Switch
|-item|p1a: Tinkaton|Air Balloon
|
|upkeep
|turn|23
|
|t:|1743791182
|move|p2a: Ceruledge|Shadow Sneak|p1a: Tinkaton
|-damage|p1a: Tinkaton|51/100
|-enditem|p1a: Tinkaton|Air Balloon
|-enditem|p2a: Ceruledge|Heavy-Duty Boots|[silent]|[from] ability: Pickpocket|[of] p2a: Ceruledge
|-item|p1a: Tinkaton|Heavy-Duty Boots|[from] ability: Pickpocket|[of] p2a: Ceruledge
|move|p1a: Tinkaton|Gigaton Hammer|p2a: Ceruledge
|-supereffective|p2a: Ceruledge
|-crit|p2a: Ceruledge
|-damage|p2a: Ceruledge|0 fnt
|faint|p2a: Ceruledge
|
|upkeep
|
|t:|1743791190
|switch|p2a: Iron Treads|Iron Treads|40/100
|turn|24
|
|t:|1743791193
|-end|p2a: Iron Treads|Quark Drive|[silent]
|switch|p2a: Salamence|Salamence, M|100/100
|-damage|p2a: Salamence|76/100|[from] Stealth Rock
|switch|p1a: Moltres|Moltres|47/100
|
|-heal|p2a: Salamence|82/100|[from] item: Leftovers
|upkeep
|turn|25
|
|t:|1743791201
|move|p2a: Salamence|Outrage|p1a: Moltres
|-damage|p1a: Moltres|5/100
|move|p1a: Moltres|Roost|p1a: Moltres
|-heal|p1a: Moltres|56/100
|-singleturn|p1a: Moltres|move: Roost
|
|-heal|p2a: Salamence|88/100|[from] item: Leftovers
|upkeep
|turn|26
|
|t:|1743791206
|move|p2a: Salamence|Outrage|p1a: Moltres|[from] lockedmove
|-damage|p1a: Moltres|13/100
|-status|p2a: Salamence|brn|[from] ability: Flame Body|[of] p1a: Moltres
|-start|p2a: Salamence|confusion|[fatigue]
|move|p1a: Moltres|Roost|p1a: Moltres
|-heal|p1a: Moltres|63/100
|-singleturn|p1a: Moltres|move: Roost
|
|-heal|p2a: Salamence|94/100 brn|[from] item: Leftovers
|-damage|p2a: Salamence|88/100 brn|[from] brn
|upkeep
|turn|27
|-message|pulsationplasma forfeited.
|
|win|Rabzzz
|raw|Rabzzz's rating: 1725 &rarr; <strong>1748</strong><br />(+23 for winning)
|raw|pulsationplasma's rating: 1774 &rarr; <strong>1751</strong><br />(-23 for losing)
|l|☆pulsationplasma
|player|p2|
|l|☆Rabzzz
|player|p1|
|l| m0chaman_829
|l| FaronAan
|l| sdksod
