|badge|p2|bronze|gen9ou|100-5
|uhtml|medal-msg|<div class="broadcast-blue">Curious what those medals under the avatar are? PS now has Ladder Seasons! For more information, check out the <a href="https://www.smogon.com/forums/threads/3740067/">thread on Smogon.</a></div>
|j|☆2(H2O)
|j|☆Prav33n
|t:|1743814436
|gametype|singles
|player|p1|2(H2O)|chase|1853
|player|p2|Prav33n|koga|1866
|teamsize|p1|6
|teamsize|p2|6
|gen|9
|tier|[Gen 9] OU
|rated|
|rule|HP Percentage Mod: HP is shown in percentages
|rule|Endless Battle Clause: Forcing endless battles is banned
|rule|Species Clause: Limit one of each Pokémon
|rule|OHKO Clause: OHKO moves are banned
|rule|Evasion Items Clause: Evasion items are banned
|rule|Evasion Moves Clause: Evasion moves are banned
|rule|Sleep Moves Clause: Sleep-inducing moves are banned
|clearpoke
|poke|p1|Samurott-Hisui, F|
|poke|p1|Kingambit, M|
|poke|p1|Sandy Shocks|
|poke|p1|Gholdengo|
|poke|p1|Iron Valiant|
|poke|p1|Walking Wake|
|poke|p2|Ogerpon-Wellspring, F|
|poke|p2|Darkrai|
|poke|p2|Hatterene, F|
|poke|p2|Landorus-Therian, M|
|poke|p2|Dragonite, F|
|poke|p2|Zamazenta-*|
|teampreview
|inactive|Battle timer is ON: inactive players will automatically lose when time's up. (requested by Prav33n)
|c|☆2(H2O)|Hf bro
|c|☆Prav33n|u2
|
|t:|1743814467
|start
|switch|p1a: Sandy Shocks|Sandy Shocks|100/100
|switch|p2a: Ogerpon|Ogerpon-Wellspring, F|100/100
|-enditem|p1a: Sandy Shocks|Booster Energy
|-activate|p1a: Sandy Shocks|ability: Protosynthesis|[fromitem]
|-start|p1a: Sandy Shocks|protosynthesisspe
|turn|1
|
|t:|1743814474
|move|p1a: Sandy Shocks|Thunderbolt|p2a: Ogerpon
|-damage|p2a: Ogerpon|53/100
|move|p2a: Ogerpon|Ivy Cudgel|p1a: Sandy Shocks|[anim] Ivy Cudgel Water
|-supereffective|p1a: Sandy Shocks
|-damage|p1a: Sandy Shocks|0 fnt
|faint|p1a: Sandy Shocks
|-end|p1a: Sandy Shocks|Protosynthesis|[silent]
|
|upkeep
|
|t:|1743814479
|switch|p1a: Iron Valiant|Iron Valiant|100/100
|-enditem|p1a: Iron Valiant|Booster Energy
|-activate|p1a: Iron Valiant|ability: Quark Drive|[fromitem]
|-start|p1a: Iron Valiant|quarkdrivespe
|turn|2
|
|t:|1743814482
|switch|p2a: Hatterene|Hatterene, F|100/100
|move|p1a: Iron Valiant|Swords Dance|p1a: Iron Valiant
|-boost|p1a: Iron Valiant|atk|2
|
|upkeep
|turn|3
|
|t:|1743814486
|move|p1a: Iron Valiant|Knock Off|p2a: Hatterene
|-crit|p2a: Hatterene
|-damage|p2a: Hatterene|0 fnt
|-enditem|p2a: Hatterene|Assault Vest|[from] move: Knock Off|[of] p1a: Iron Valiant
|faint|p2a: Hatterene
|
|upkeep
|j| rippedpantsbob
|c|☆2(H2O)|sey
|
|t:|1743814508
|switch|p2a: Landorus|Landorus-Therian, M|100/100
|-ability|p2a: Landorus|Intimidate|boost
|-unboost|p1a: Iron Valiant|atk|1
|turn|4
|c|☆2(H2O)|sry
|j| lowladder alter
|
|t:|1743814523
|move|p1a: Iron Valiant|Knock Off|p2a: Landorus
|-damage|p2a: Landorus|55/100
|-damage|p1a: Iron Valiant|84/100|[from] item: Rocky Helmet|[of] p2a: Landorus
|-enditem|p2a: Landorus|Rocky Helmet|[from] move: Knock Off|[of] p1a: Iron Valiant
|move|p2a: Landorus|Earthquake|p1a: Iron Valiant
|-damage|p1a: Iron Valiant|32/100
|
|upkeep
|turn|5
|c|☆Prav33n|its okay
|
|t:|1743814533
|move|p1a: Iron Valiant|Close Combat|p2a: Landorus
|-resisted|p2a: Landorus
|-damage|p2a: Landorus|9/100
|-unboost|p1a: Iron Valiant|def|1
|-unboost|p1a: Iron Valiant|spd|1
|move|p2a: Landorus|Earthquake|p1a: Iron Valiant
|-damage|p1a: Iron Valiant|0 fnt
|faint|p1a: Iron Valiant
|-end|p1a: Iron Valiant|Quark Drive|[silent]
|
|upkeep
|
|t:|1743814540
|switch|p1a: Samurott|Samurott-Hisui, F|100/100
|turn|6
|
|t:|1743814545
|move|p2a: Landorus|Earthquake|p1a: Samurott
|-damage|p1a: Samurott|49/100
|move|p1a: Samurott|Ceaseless Edge|p2a: Landorus
|-damage|p2a: Landorus|0 fnt
|-sidestart|p2: Prav33n|Spikes
|faint|p2a: Landorus
|
|upkeep
|
|t:|1743814565
|switch|p2a: Ogerpon|Ogerpon-Wellspring, F|53/100
|-damage|p2a: Ogerpon|41/100|[from] Spikes
|turn|7
|
|t:|1743814574
|move|p2a: Ogerpon|Power Whip|p1a: Samurott
|-supereffective|p1a: Samurott
|-damage|p1a: Samurott|0 fnt
|faint|p1a: Samurott
|
|upkeep
|
|t:|1743814577
|switch|p1a: Walking Wake|Walking Wake|100/100
|-enditem|p1a: Walking Wake|Booster Energy
|-activate|p1a: Walking Wake|ability: Protosynthesis|[fromitem]
|-start|p1a: Walking Wake|protosynthesisspa
|turn|8
|
|t:|1743814592
|move|p2a: Ogerpon|Power Whip|p1a: Walking Wake
|-damage|p1a: Walking Wake|19/100
|move|p1a: Walking Wake|Agility|p1a: Walking Wake
|-boost|p1a: Walking Wake|spe|2
|
|upkeep
|turn|9
|j| Duke Guy
|
|t:|1743814599
|move|p1a: Walking Wake|Dragon Pulse|p2a: Ogerpon
|-damage|p2a: Ogerpon|0 fnt
|faint|p2a: Ogerpon
|
|upkeep
|
|t:|1743814603
|switch|p2a: Dragonite|Dragonite, F, shiny|100/100
|turn|10
|j| turquoiselink
|
|t:|1743814626
|-end|p1a: Walking Wake|Protosynthesis|[silent]
|switch|p1a: Gholdengo|Gholdengo|100/100
|-item|p1a: Gholdengo|Air Balloon
|move|p2a: Dragonite|Earthquake|p1a: Gholdengo
|-immune|p1a: Gholdengo
|
|upkeep
|turn|11
|
|t:|1743814631
|switch|p2a: Darkrai|Darkrai|100/100
|move|p1a: Gholdengo|Thunder Wave|p2a: Darkrai
|-status|p2a: Darkrai|par
|
|upkeep
|turn|12
|j| spicy boii
|
|t:|1743814645
|move|p1a: Gholdengo|Focus Blast|p2a: Darkrai
|-supereffective|p2a: Darkrai
|-damage|p2a: Darkrai|0 fnt
|faint|p2a: Darkrai
|
|upkeep
|
|t:|1743814660
|switch|p2a: Zamazenta|Zamazenta|100/100
|-damage|p2a: Zamazenta|88/100|[from] Spikes
|-ability|p2a: Zamazenta|Dauntless Shield|boost
|-boost|p2a: Zamazenta|def|1
|turn|13
|
|t:|1743814665
|move|p2a: Zamazenta|Crunch|p1a: Gholdengo
|-supereffective|p1a: Gholdengo
|-damage|p1a: Gholdengo|59/100
|-enditem|p1a: Gholdengo|Air Balloon
|move|p1a: Gholdengo|Thunder Wave|p2a: Zamazenta
|-status|p2a: Zamazenta|par
|
|upkeep
|turn|14
|
|t:|1743814676
|switch|p2a: Dragonite|Dragonite, F, shiny|100/100
|move|p1a: Gholdengo|Shadow Ball|p2a: Dragonite
|-damage|p2a: Dragonite|79/100
|
|upkeep
|turn|15
|
|t:|1743814696
|switch|p1a: Walking Wake|Walking Wake|19/100
|move|p2a: Dragonite|Dragon Dance|p2a: Dragonite
|-boost|p2a: Dragonite|atk|1
|-boost|p2a: Dragonite|spe|1
|
|upkeep
|turn|16
|
|t:|1743814699
|move|p2a: Dragonite|Earthquake|p1a: Walking Wake
|-damage|p1a: Walking Wake|0 fnt
|faint|p1a: Walking Wake
|-end|p1a: Walking Wake|Protosynthesis|[silent]
|
|upkeep
|
|t:|1743814700
|switch|p1a: Kingambit|Kingambit, M|100/100
|-activate|p1a: Kingambit|ability: Supreme Overlord
|-start|p1a: Kingambit|fallen4|[silent]
|turn|17
|
|t:|1743814707
|-terastallize|p1a: Kingambit|Dark
|move|p2a: Dragonite|Encore||[still]
|-fail|p2a: Dragonite
|move|p1a: Kingambit|Iron Head|p2a: Dragonite
|-damage|p2a: Dragonite|8/100
|
|upkeep
|turn|18
|inactive|Prav33n has 120 seconds left.
|j| ichigo39
|
|t:|1743814743
|-terastallize|p2a: Dragonite|Flying
|move|p2a: Dragonite|Tera Blast|p1a: Kingambit|[anim] Tera Blast Flying
|-damage|p1a: Kingambit|14/100
|move|p1a: Kingambit|Iron Head|p2a: Dragonite
|-damage|p2a: Dragonite|0 fnt
|faint|p2a: Dragonite
|
|upkeep
|
|t:|1743814747
|switch|p2a: Zamazenta|Zamazenta|88/100 par
|-damage|p2a: Zamazenta|76/100 par|[from] Spikes
|turn|19
|
|t:|1743814751
|move|p2a: Zamazenta|Iron Defense|p2a: Zamazenta
|-boost|p2a: Zamazenta|def|2
|move|p1a: Kingambit|Iron Head|p2a: Zamazenta
|-damage|p2a: Zamazenta|50/100 par
|
|upkeep
|turn|20
|
|t:|1743814756
|move|p2a: Zamazenta|Rest|p2a: Zamazenta
|-status|p2a: Zamazenta|slp|[from] move: Rest
|-heal|p2a: Zamazenta|100/100 slp|[silent]
|-enditem|p2a: Zamazenta|Chesto Berry|[eat]
|-curestatus|p2a: Zamazenta|slp|[msg]
|move|p1a: Kingambit|Iron Head|p2a: Zamazenta
|-damage|p2a: Zamazenta|75/100
|
|upkeep
|turn|21
|
|t:|1743814759
|move|p2a: Zamazenta|Body Press|p1a: Kingambit
|-supereffective|p1a: Kingambit
|-damage|p1a: Kingambit|0 fnt
|faint|p1a: Kingambit
|-end|p1a: Kingambit|fallen4|[silent]
|
|upkeep
|
|t:|1743814761
|switch|p1a: Gholdengo|Gholdengo|59/100
|turn|22
|
|t:|1743814764
|move|p2a: Zamazenta|Crunch|p1a: Gholdengo
|-supereffective|p1a: Gholdengo
|-damage|p1a: Gholdengo|19/100
|-unboost|p1a: Gholdengo|def|1
|move|p1a: Gholdengo|Thunder Wave|p2a: Zamazenta
|-status|p2a: Zamazenta|par
|
|upkeep
|turn|23
|
|t:|1743814766
|move|p1a: Gholdengo|Make It Rain|p2a: Zamazenta
|-damage|p2a: Zamazenta|15/100 par
|-unboost|p1a: Gholdengo|spa|1
|move|p2a: Zamazenta|Crunch|p1a: Gholdengo
|-supereffective|p1a: Gholdengo
|-crit|p1a: Gholdengo
|-damage|p1a: Gholdengo|0 fnt
|faint|p1a: Gholdengo
|
|win|Prav33n
|raw|2(H2O)'s rating: 1853 &rarr; <strong>1834</strong><br />(-19 for losing)
|raw|Prav33n's rating: 1866 &rarr; <strong>1885</strong><br />(+19 for winning)
|c|☆2(H2O)|gg
|c|☆Prav33n|gg
|c|☆2(H2O)|wp
|c|☆Prav33n|u2
|l| spicy boii
|l|☆2(H2O)
|player|p1|
|j| spicy boii
|l| spicy boii
|l| turquoiselink
|l|☆Prav33n
|player|p2|
|l| lowladder alter
|j|☆Prav33n
|player|p2|Prav33n|koga|
