|j|☆Ash's First Girl
|j|‽norebuhl
|t:|1743908791
|gametype|singles
|player|p1|Ash's First Girl|bruno-gen2|1402
|player|p2|norebuhl|101|1534
|teamsize|p1|6
|teamsize|p2|6
|gen|9
|tier|[Gen 9] OU
|rated|
|rule|HP Percentage Mod: HP is shown in percentages
|rule|Endless Battle Clause: Forcing endless battles is banned
|rule|Species Clause: Limit one of each Pokémon
|rule|OHKO Clause: OHKO moves are banned
|rule|Evasion Items Clause: Evasion items are banned
|rule|Evasion Moves Clause: Evasion moves are banned
|rule|Sleep Moves Clause: Sleep-inducing moves are banned
|clearpoke
|poke|p1|Scizor, M|
|poke|p1|Tinkaton, F|
|poke|p1|Arcanine-Hisui, M|
|poke|p1|Zapdos|
|poke|p1|Primarina, F|
|poke|p1|Ursaluna, M|
|poke|p2|Dragonite, M|
|poke|p2|Kyurem|
|poke|p2|Ting-Lu|
|poke|p2|Iron Moth|
|poke|p2|Iron Valiant|
|poke|p2|Gholdengo|
|teampreview
|inactive|Battle timer is ON: inactive players will automatically lose when time's up. (requested by norebuhl)
|
|t:|1743908820
|start
|switch|p1a: Baby|Primarina, F|100/100
|switch|p2a: Iron Moth|Iron Moth|100/100
|-enditem|p2a: Iron Moth|Booster Energy
|-activate|p2a: Iron Moth|ability: Quark Drive|[fromitem]
|-start|p2a: Iron Moth|quarkdrivespe
|turn|1
|
|t:|1743908828
|move|p2a: Iron Moth|Sludge Wave|p1a: Baby
|-supereffective|p1a: Baby
|-damage|p1a: Baby|24/100
|move|p1a: Baby|Hyper Voice|p2a: Iron Moth
|-supereffective|p2a: Iron Moth
|-damage|p2a: Iron Moth|0 fnt
|faint|p2a: Iron Moth
|-end|p2a: Iron Moth|Quark Drive|[silent]
|
|-heal|p1a: Baby|30/100|[from] item: Leftovers
|upkeep
|
|t:|1743908852
|switch|p2a: Dragonite|Dragonite, M|100/100
|turn|2
|
|t:|1743908856
|move|p2a: Dragonite|Extreme Speed|p1a: Baby
|-damage|p1a: Baby|0 fnt
|faint|p1a: Baby
|
|upkeep
|
|t:|1743908864
|switch|p1a: Toothfairy|Tinkaton, F|100/100
|turn|3
|
|t:|1743908869
|switch|p2a: Ting-Lu|Ting-Lu|100/100
|-ability|p2a: Ting-Lu|Vessel of Ruin
|move|p1a: Toothfairy|Thunder Wave|p2a: Ting-Lu
|-immune|p2a: Ting-Lu
|
|upkeep
|turn|4
|
|t:|1743908877
|move|p1a: Toothfairy|Stealth Rock|p2a: Ting-Lu
|-sidestart|p2: norebuhl|move: Stealth Rock
|move|p2a: Ting-Lu|Taunt|p1a: Toothfairy
|-start|p1a: Toothfairy|move: Taunt
|
|upkeep
|turn|5
|
|t:|1743908889
|switch|p1a: Night|Ursaluna, M|100/100
|move|p2a: Ting-Lu|Stealth Rock|p1a: Night
|-sidestart|p1: Ash's First Girl|move: Stealth Rock
|
|-status|p1a: Night|brn|[from] item: Flame Orb
|upkeep
|turn|6
|
|t:|1743908902
|move|p2a: Ting-Lu|Ruination|p1a: Night
|-damage|p1a: Night|50/100 brn
|move|p1a: Night|Earthquake|p2a: Ting-Lu
|-damage|p2a: Ting-Lu|46/100
|
|-damage|p1a: Night|44/100 brn|[from] brn
|upkeep
|turn|7
|
|t:|1743908912
|move|p2a: Ting-Lu|Earthquake|p1a: Night
|-damage|p1a: Night|18/100 brn
|move|p1a: Night|Drain Punch|p2a: Ting-Lu
|-supereffective|p2a: Ting-Lu
|-damage|p2a: Ting-Lu|0 fnt
|-heal|p1a: Night|42/100 brn|[from] drain|[of] p2a: Ting-Lu
|-damage|p1a: Night|25/100 brn|[from] item: Rocky Helmet|[of] p2a: Ting-Lu
|faint|p2a: Ting-Lu
|
|-damage|p1a: Night|19/100 brn|[from] brn
|upkeep
|
|t:|1743908925
|switch|p2a: Kyurem|Kyurem|100/100
|-damage|p2a: Kyurem|76/100|[from] Stealth Rock
|-ability|p2a: Kyurem|Pressure
|turn|8
|
|t:|1743908937
|move|p2a: Kyurem|Icicle Spear|p1a: Night
|-supereffective|p1a: Night
|-damage|p1a: Night|1/100 brn
|-supereffective|p1a: Night
|-damage|p1a: Night|0 fnt
|faint|p1a: Night
|-hitcount|p1: Night|2
|
|upkeep
|
|t:|1743908950
|switch|p1a: Sylvester|Scizor, M|100/100
|-damage|p1a: Sylvester|88/100|[from] Stealth Rock
|turn|9
|
|t:|1743908958
|-terastallize|p2a: Kyurem|Fire
|move|p2a: Kyurem|Tera Blast|p1a: Sylvester|[anim] Tera Blast Fire
|-supereffective|p1a: Sylvester
|-damage|p1a: Sylvester|0 fnt
|faint|p1a: Sylvester
|
|upkeep
|
|t:|1743908965
|switch|p1a: Dynamite|Arcanine-Hisui, M|100/100
|-damage|p1a: Dynamite|76/100|[from] Stealth Rock
|turn|10
|
|t:|1743908978
|switch|p2a: Iron Valiant|Iron Valiant|100/100
|-damage|p2a: Iron Valiant|94/100|[from] Stealth Rock
|-enditem|p2a: Iron Valiant|Booster Energy
|-activate|p2a: Iron Valiant|ability: Quark Drive|[fromitem]
|-start|p2a: Iron Valiant|quarkdrivespe
|move|p1a: Dynamite|Head Smash|p2a: Iron Valiant
|-resisted|p2a: Iron Valiant
|-damage|p2a: Iron Valiant|45/100
|
|upkeep
|turn|11
|
|t:|1743908993
|switch|p1a: Toothfairy|Tinkaton, F|100/100
|-damage|p1a: Toothfairy|94/100|[from] Stealth Rock
|move|p2a: Iron Valiant|Knock Off|p1a: Toothfairy
|-resisted|p1a: Toothfairy
|-damage|p1a: Toothfairy|76/100
|-enditem|p1a: Toothfairy|Eject Button|[from] move: Knock Off|[of] p2a: Iron Valiant
|
|upkeep
|turn|12
|
|t:|1743909003
|move|p2a: Iron Valiant|Close Combat|p1a: Toothfairy
|-damage|p1a: Toothfairy|15/100
|-unboost|p2a: Iron Valiant|def|1
|-unboost|p2a: Iron Valiant|spd|1
|move|p1a: Toothfairy|Thunder Wave|p2a: Iron Valiant
|-status|p2a: Iron Valiant|par
|
|upkeep
|turn|13
|
|t:|1743909017
|-end|p2a: Iron Valiant|Quark Drive|[silent]
|switch|p2a: Gholdengo|Gholdengo|100/100
|-damage|p2a: Gholdengo|94/100|[from] Stealth Rock
|move|p1a: Toothfairy|Knock Off|p2a: Gholdengo
|-supereffective|p2a: Gholdengo
|-damage|p2a: Gholdengo|56/100
|-enditem|p2a: Gholdengo|Choice Scarf|[from] move: Knock Off|[of] p1a: Toothfairy
|
|upkeep
|turn|14
|
|t:|1743909027
|move|p1a: Toothfairy|Knock Off|p2a: Gholdengo
|-supereffective|p2a: Gholdengo
|-damage|p2a: Gholdengo|30/100
|move|p2a: Gholdengo|Shadow Ball|p1a: Toothfairy
|-crit|p1a: Toothfairy
|-damage|p1a: Toothfairy|0 fnt
|faint|p1a: Toothfairy
|
|upkeep
|
|t:|1743909040
|switch|p1a: Shawk|Zapdos|100/100
|turn|15
|
|t:|1743909056
|move|p1a: Shawk|Thunderbolt|p2a: Gholdengo
|-damage|p2a: Gholdengo|0 fnt
|faint|p2a: Gholdengo
|
|upkeep
|
|t:|1743909064
|switch|p2a: Kyurem|Kyurem, tera:Fire|76/100
|-damage|p2a: Kyurem|51/100|[from] Stealth Rock
|-ability|p2a: Kyurem|Pressure
|turn|16
|inactive|Ash's First Girl has 120 seconds left.
|
|t:|1743909107
|move|p1a: Shawk|Thunderbolt|p2a: Kyurem
|-damage|p2a: Kyurem|10/100
|move|p2a: Kyurem|Dragon Dance|p2a: Kyurem
|-boost|p2a: Kyurem|atk|1
|-boost|p2a: Kyurem|spe|1
|
|upkeep
|turn|17
|inactive|norebuhl has 120 seconds left.
|
|t:|1743909143
|-terastallize|p1a: Shawk|Electric
|move|p2a: Kyurem|Icicle Spear|p1a: Shawk
|-damage|p1a: Shawk|78/100
|-damage|p1a: Shawk|52/100
|-damage|p1a: Shawk|28/100
|-damage|p1a: Shawk|4/100
|-hitcount|p1a: Shawk|4
|move|p1a: Shawk|Thunderbolt|p2a: Kyurem
|-damage|p2a: Kyurem|0 fnt
|faint|p2a: Kyurem
|
|upkeep
|
|t:|1743909155
|switch|p2a: Dragonite|Dragonite, M|100/100
|turn|18
|
|t:|1743909166
|move|p1a: Shawk|Thunderbolt|p2a: Dragonite
|-damage|p2a: Dragonite|67/100
|move|p2a: Dragonite|Dragon Dance|p2a: Dragonite
|-boost|p2a: Dragonite|atk|1
|-boost|p2a: Dragonite|spe|1
|
|upkeep
|turn|19
|inactive|norebuhl has 120 seconds left.
|
|t:|1743909190
|move|p2a: Dragonite|Extreme Speed|p1a: Shawk
|-damage|p1a: Shawk|0 fnt
|-status|p2a: Dragonite|par|[from] ability: Static|[of] p1a: Shawk
|faint|p1a: Shawk
|
|upkeep
|
|t:|1743909196
|switch|p1a: Dynamite|Arcanine-Hisui, M|76/100
|-damage|p1a: Dynamite|51/100|[from] Stealth Rock
|turn|20
|
|t:|1743909204
|move|p1a: Dynamite|Head Smash|p2a: Dragonite
|-supereffective|p2a: Dragonite
|-damage|p2a: Dragonite|0 fnt
|faint|p2a: Dragonite
|
|upkeep
|
|t:|1743909210
|switch|p2a: Iron Valiant|Iron Valiant|45/100 par
|-damage|p2a: Iron Valiant|39/100 par|[from] Stealth Rock
|turn|21
|
|t:|1743909215
|move|p1a: Dynamite|Head Smash|p2a: Iron Valiant
|-resisted|p2a: Iron Valiant
|-damage|p2a: Iron Valiant|0 fnt
|faint|p2a: Iron Valiant
|-end|p2a: Iron Valiant|Quark Drive|[silent]
|
|win|Ash's First Girl
|raw|Ash&apos;s First Girl's rating: 1402 &rarr; <strong>1429</strong><br />(+27 for winning)
|raw|norebuhl's rating: 1534 &rarr; <strong>1507</strong><br />(-27 for losing)
|l|‽norebuhl
|player|p2|
