|j|☆sergicarrisi01
|j|☆87mcben
|t:|1743779113
|gametype|singles
|player|p1|sergicarrisi01|102|1123
|player|p2|87mcben|marley|1146
|teamsize|p1|6
|teamsize|p2|6
|gen|9
|tier|[Gen 9] OU
|rated|
|rule|HP Percentage Mod: HP is shown in percentages
|rule|Endless Battle Clause: Forcing endless battles is banned
|rule|Species Clause: Limit one of each Pokémon
|rule|OHKO Clause: OHKO moves are banned
|rule|Evasion Items Clause: Evasion items are banned
|rule|Evasion Moves Clause: Evasion moves are banned
|rule|Sleep Moves Clause: Sleep-inducing moves are banned
|clearpoke
|poke|p1|Dragapult, M|
|poke|p1|Corviknight, F|
|poke|p1|Landorus-Therian, M|
|poke|p1|Ogerpon, F|
|poke|p1|Pecharunt|
|poke|p1|Clefable, M|
|poke|p2|Weavile, F|
|poke|p2|Pecharunt|
|poke|p2|Ting-Lu|
|poke|p2|Tinkaton, F|
|poke|p2|Keldeo-Resolute|
|poke|p2|Dragonite, F|
|teampreview
|inactive|Battle timer is ON: inactive players will automatically lose when time's up. (requested by 87mcben)
|
|t:|1743779135
|start
|switch|p1a: Dragapult|Dragapult, M|100/100
|switch|p2a: Ting-Lu|Ting-Lu|100/100
|-ability|p2a: Ting-Lu|Vessel of Ruin
|turn|1
|inactive|sergicarrisi01 has 120 seconds left.
|inactive|sergicarrisi01 has 90 seconds left.
|
|t:|1743779224
|move|p1a: Dragapult|Dragon Dance|p1a: Dragapult
|-boost|p1a: Dragapult|atk|1
|-boost|p1a: Dragapult|spe|1
|move|p2a: Ting-Lu|Spikes|p1a: Dragapult
|-sidestart|p1: sergicarrisi01|Spikes
|
|upkeep
|turn|2
|
|t:|1743779230
|move|p1a: Dragapult|Dragon Dance|p1a: Dragapult
|-boost|p1a: Dragapult|atk|1
|-boost|p1a: Dragapult|spe|1
|move|p2a: Ting-Lu|Whirlwind|p1a: Dragapult
|drag|p1a: Pecharunt|Pecharunt|100/100
|-damage|p1a: Pecharunt|88/100|[from] Spikes
|
|-heal|p1a: Pecharunt|94/100|[from] item: Leftovers
|upkeep
|turn|3
|
|t:|1743779240
|switch|p2a: Tinkaton|Tinkaton, F|100/100
|-item|p2a: Tinkaton|Air Balloon
|move|p1a: Pecharunt|Toxic|p2a: Tinkaton
|-immune|p2a: Tinkaton
|
|-heal|p1a: Pecharunt|99/100|[from] item: Leftovers
|upkeep
|turn|4
|
|t:|1743779251
|move|p2a: Tinkaton|Stealth Rock|p1a: Pecharunt
|-sidestart|p1: sergicarrisi01|move: Stealth Rock
|move|p1a: Pecharunt|Phantom Force||[still]
|-prepare|p1a: Pecharunt|Phantom Force
|
|-heal|p1a: Pecharunt|100/100|[from] item: Leftovers
|upkeep
|turn|5
|inactive|sergicarrisi01 has 90 seconds left.
|
|t:|1743779276
|move|p2a: Tinkaton|Encore|p1a: Pecharunt|[miss]
|-miss|p2a: Tinkaton|p1a: Pecharunt
|move|p1a: Pecharunt|Phantom Force|p2a: Tinkaton|[from] lockedmove
|-crit|p2a: Tinkaton
|-damage|p2a: Tinkaton|55/100
|-enditem|p2a: Tinkaton|Air Balloon
|-enditem|p1a: Pecharunt|Leftovers|[silent]|[from] ability: Pickpocket|[of] p1a: Pecharunt
|-item|p2a: Tinkaton|Leftovers|[from] ability: Pickpocket|[of] p1a: Pecharunt
|
|-heal|p2a: Tinkaton|61/100|[from] item: Leftovers
|upkeep
|turn|6
|
|t:|1743779282
|move|p2a: Tinkaton|Thunder Wave|p1a: Pecharunt
|-status|p1a: Pecharunt|par
|move|p1a: Pecharunt|Phantom Force||[still]
|-prepare|p1a: Pecharunt|Phantom Force
|
|-heal|p2a: Tinkaton|67/100|[from] item: Leftovers
|upkeep
|turn|7
|inactive|sergicarrisi01 has 90 seconds left.
|
|t:|1743779314
|switch|p2a: Ting-Lu|Ting-Lu|100/100
|-ability|p2a: Ting-Lu|Vessel of Ruin
|cant|p1a: Pecharunt|par
|
|upkeep
|turn|8
|
|t:|1743779322
|move|p1a: Pecharunt|Toxic|p2a: Ting-Lu
|-status|p2a: Ting-Lu|tox
|-start|p2a: Ting-Lu|confusion|[from] ability: Poison Puppeteer|[of] p1a: Pecharunt
|-activate|p2a: Ting-Lu|confusion
|-damage|p2a: Ting-Lu|96/100 tox|[from] confusion
|
|-damage|p2a: Ting-Lu|90/100 tox|[from] psn
|upkeep
|turn|9
|
|t:|1743779331
|switch|p2a: Weavile|Weavile, F|100/100
|-ability|p2a: Weavile|Pressure
|move|p1a: Pecharunt|Protect||[still]
|-fail|p1a: Pecharunt
|
|upkeep
|turn|10
|
|t:|1743779336
|move|p2a: Weavile|Swords Dance|p2a: Weavile
|-boost|p2a: Weavile|atk|2
|cant|p1a: Pecharunt|par
|
|upkeep
|turn|11
|
|t:|1743779339
|move|p2a: Weavile|Knock Off|p1a: Pecharunt
|-supereffective|p1a: Pecharunt
|-damage|p1a: Pecharunt|37/100 par
|cant|p1a: Pecharunt|par
|
|upkeep
|turn|12
|
|t:|1743779345
|-terastallize|p1a: Pecharunt|Ground
|move|p2a: Weavile|Knock Off|p1a: Pecharunt
|-damage|p1a: Pecharunt|5/100 par
|move|p1a: Pecharunt|Toxic|p2a: Weavile
|-status|p2a: Weavile|tox
|-start|p2a: Weavile|confusion|[from] ability: Poison Puppeteer|[of] p1a: Pecharunt
|
|-damage|p2a: Weavile|94/100 tox|[from] psn
|upkeep
|turn|13
|
|t:|1743779350
|cant|p1a: Pecharunt|par
|-activate|p2a: Weavile|confusion
|move|p2a: Weavile|Ice Shard|p1a: Pecharunt
|-supereffective|p1a: Pecharunt
|-damage|p1a: Pecharunt|0 fnt
|faint|p1a: Pecharunt
|
|-damage|p2a: Weavile|82/100 tox|[from] psn
|upkeep
|
|t:|1743779359
|switch|p1a: Dragapult|Dragapult, M|100/100
|-damage|p1a: Dragapult|88/100|[from] Spikes
|-damage|p1a: Dragapult|76/100|[from] Stealth Rock
|turn|14
|
|t:|1743779366
|-activate|p2a: Weavile|confusion
|-damage|p2a: Weavile|39/100 tox|[from] confusion
|move|p1a: Dragapult|Phantom Force||[still]
|-prepare|p1a: Dragapult|Phantom Force
|
|-heal|p1a: Dragapult|82/100|[from] item: Leftovers
|-damage|p2a: Weavile|21/100 tox|[from] psn
|upkeep
|turn|15
|
|t:|1743779375
|-end|p2a: Weavile|confusion
|move|p2a: Weavile|Ice Shard|p1a: Dragapult|[miss]
|-miss|p2a: Weavile|p1a: Dragapult
|move|p1a: Dragapult|Phantom Force|p2a: Weavile|[from] lockedmove
|-resisted|p2a: Weavile
|-damage|p2a: Weavile|0 fnt
|faint|p2a: Weavile
|
|-heal|p1a: Dragapult|88/100|[from] item: Leftovers
|upkeep
|
|t:|1743779385
|switch|p2a: Tinkaton|Tinkaton, F|67/100
|turn|16
|
|t:|1743779392
|move|p1a: Dragapult|Phantom Force||[still]
|-prepare|p1a: Dragapult|Phantom Force
|move|p2a: Tinkaton|Thunder Wave|p1a: Dragapult|[miss]
|-miss|p2a: Tinkaton|p1a: Dragapult
|
|-heal|p1a: Dragapult|94/100|[from] item: Leftovers
|-heal|p2a: Tinkaton|74/100|[from] item: Leftovers
|upkeep
|turn|17
|
|t:|1743779400
|move|p1a: Dragapult|Phantom Force|p2a: Tinkaton|[from] lockedmove
|-damage|p2a: Tinkaton|30/100
|move|p2a: Tinkaton|Thunder Wave|p1a: Dragapult
|-status|p1a: Dragapult|par
|
|-heal|p2a: Tinkaton|36/100|[from] item: Leftovers
|-heal|p1a: Dragapult|99/100 par|[from] item: Leftovers
|upkeep
|turn|18
|
|t:|1743779408
|switch|p2a: Ting-Lu|Ting-Lu|90/100 tox
|-ability|p2a: Ting-Lu|Vessel of Ruin
|move|p1a: Dragapult|Phantom Force||[still]
|-prepare|p1a: Dragapult|Phantom Force
|
|-heal|p1a: Dragapult|100/100 par|[from] item: Leftovers
|-damage|p2a: Ting-Lu|83/100 tox|[from] psn
|upkeep
|turn|19
|
|t:|1743779417
|cant|p1a: Dragapult|par
|move|p2a: Ting-Lu|Whirlwind|p1a: Dragapult
|drag|p1a: Clefable|Clefable, M|100/100
|
|-damage|p2a: Ting-Lu|71/100 tox|[from] psn
|upkeep
|turn|20
|
|t:|1743779431
|switch|p2a: Tinkaton|Tinkaton, F|36/100
|move|p1a: Clefable|Moonblast|p2a: Tinkaton
|-resisted|p2a: Tinkaton
|-damage|p2a: Tinkaton|23/100
|-unboost|p2a: Tinkaton|spa|1
|
|-heal|p2a: Tinkaton|29/100|[from] item: Leftovers
|upkeep
|turn|21
|inactive|sergicarrisi01 has 120 seconds left.
|
|t:|1743779483
|move|p2a: Tinkaton|Gigaton Hammer|p1a: Clefable
|-supereffective|p1a: Clefable
|-crit|p1a: Clefable
|-damage|p1a: Clefable|0 fnt
|faint|p1a: Clefable
|
|-heal|p2a: Tinkaton|35/100|[from] item: Leftovers
|upkeep
|
|t:|1743779488
|switch|p1a: Landorus|Landorus-Therian, M|100/100
|-damage|p1a: Landorus|88/100|[from] Stealth Rock
|-ability|p1a: Landorus|Intimidate|boost
|-unboost|p2a: Tinkaton|atk|1
|turn|22
|
|t:|1743779493
|switch|p2a: Keldeo|Keldeo-Resolute|100/100
|move|p1a: Landorus|Earthquake|p2a: Keldeo
|-damage|p2a: Keldeo|37/100
|
|-heal|p1a: Landorus|94/100|[from] item: Leftovers
|upkeep
|turn|23
|
|t:|1743779504
|move|p2a: Keldeo|Flip Turn|p1a: Landorus
|-supereffective|p1a: Landorus
|-damage|p1a: Landorus|58/100
|
|t:|1743779509
|switch|p2a: Dragonite|Dragonite, F|100/100|[from] Flip Turn
|move|p1a: Landorus|Earthquake|p2a: Dragonite
|-immune|p2a: Dragonite
|
|-heal|p1a: Landorus|64/100|[from] item: Leftovers
|upkeep
|turn|24
|inactive|sergicarrisi01 has 120 seconds left.
|
|t:|1743779534
|move|p1a: Landorus|Rock Slide|p2a: Dragonite
|-supereffective|p2a: Dragonite
|-damage|p2a: Dragonite|69/100
|move|p2a: Dragonite|Hurricane|p1a: Landorus
|-damage|p1a: Landorus|12/100
|-start|p1a: Landorus|confusion
|
|-heal|p1a: Landorus|18/100|[from] item: Leftovers
|upkeep
|turn|25
|
|t:|1743779540
|move|p2a: Dragonite|Extreme Speed|p1a: Landorus
|-damage|p1a: Landorus|0 fnt
|faint|p1a: Landorus
|
|upkeep
|inactive|sergicarrisi01 has 90 seconds left.
|
|t:|1743779574
|switch|p1a: Corviknight|Corviknight, F|100/100
|-damage|p1a: Corviknight|88/100|[from] Stealth Rock
|-ability|p1a: Corviknight|Pressure
|turn|26
|
|t:|1743779586
|move|p2a: Dragonite|Roost|p2a: Dragonite
|-heal|p2a: Dragonite|100/100
|-singleturn|p2a: Dragonite|move: Roost
|move|p1a: Corviknight|Bulk Up|p1a: Corviknight
|-boost|p1a: Corviknight|atk|1
|-boost|p1a: Corviknight|def|1
|
|-heal|p1a: Corviknight|94/100|[from] item: Leftovers
|upkeep
|turn|27
|
|t:|1743779599
|switch|p2a: Ting-Lu|Ting-Lu|71/100 tox
|-ability|p2a: Ting-Lu|Vessel of Ruin
|move|p1a: Corviknight|Bulk Up|p1a: Corviknight
|-boost|p1a: Corviknight|atk|1
|-boost|p1a: Corviknight|def|1
|
|-heal|p1a: Corviknight|100/100|[from] item: Leftovers
|-damage|p2a: Ting-Lu|65/100 tox|[from] psn
|upkeep
|turn|28
|
|t:|1743779607
|-terastallize|p2a: Ting-Lu|Water
|move|p1a: Corviknight|Bulk Up|p1a: Corviknight
|-boost|p1a: Corviknight|atk|1
|-boost|p1a: Corviknight|def|1
|move|p2a: Ting-Lu|Whirlwind|p1a: Corviknight
|drag|p1a: Ogerpon|Ogerpon, F|100/100
|-damage|p1a: Ogerpon|88/100|[from] Spikes
|-damage|p1a: Ogerpon|76/100|[from] Stealth Rock
|
|-damage|p2a: Ting-Lu|53/100 tox|[from] psn
|upkeep
|turn|29
|
|t:|1743779619
|move|p1a: Ogerpon|Ivy Cudgel|p2a: Ting-Lu
|-supereffective|p2a: Ting-Lu
|-damage|p2a: Ting-Lu|12/100 tox
|move|p2a: Ting-Lu|Ruination|p1a: Ogerpon|[miss]
|-miss|p2a: Ting-Lu|p1a: Ogerpon
|
|-damage|p2a: Ting-Lu|0 fnt|[from] psn
|faint|p2a: Ting-Lu
|upkeep
|
|t:|1743779632
|switch|p2a: Pecharunt|Pecharunt|100/100
|turn|30
|inactive|sergicarrisi01 has 120 seconds left.
|
|t:|1743779657
|move|p1a: Ogerpon|Leech Seed|p2a: Pecharunt
|-start|p2a: Pecharunt|move: Leech Seed
|move|p2a: Pecharunt|Malignant Chain|p1a: Ogerpon
|-supereffective|p1a: Ogerpon
|-crit|p1a: Ogerpon
|-damage|p1a: Ogerpon|0 fnt
|faint|p1a: Ogerpon
|
|upkeep
|
|t:|1743779661
|switch|p1a: Corviknight|Corviknight, F|100/100
|-damage|p1a: Corviknight|88/100|[from] Stealth Rock
|-ability|p1a: Corviknight|Pressure
|turn|31
|
|t:|1743779667
|move|p2a: Pecharunt|Parting Shot|p1a: Corviknight
|-unboost|p1a: Corviknight|atk|1
|-unboost|p1a: Corviknight|spa|1
|
|t:|1743779671
|switch|p2a: Tinkaton|Tinkaton, F|35/100|[from] Parting Shot
|move|p1a: Corviknight|Bulk Up|p1a: Corviknight
|-boost|p1a: Corviknight|atk|1
|-boost|p1a: Corviknight|def|1
|
|-heal|p2a: Tinkaton|41/100|[from] item: Leftovers
|-heal|p1a: Corviknight|94/100|[from] item: Leftovers
|upkeep
|turn|32
|
|t:|1743779677
|move|p2a: Tinkaton|Thunder Wave|p1a: Corviknight
|-status|p1a: Corviknight|par
|move|p1a: Corviknight|Bulk Up|p1a: Corviknight
|-boost|p1a: Corviknight|atk|1
|-boost|p1a: Corviknight|def|1
|
|-heal|p2a: Tinkaton|48/100|[from] item: Leftovers
|-heal|p1a: Corviknight|100/100 par|[from] item: Leftovers
|upkeep
|turn|33
|
|t:|1743779687
|switch|p2a: Dragonite|Dragonite, F|100/100
|move|p1a: Corviknight|Bulk Up|p1a: Corviknight
|-boost|p1a: Corviknight|atk|1
|-boost|p1a: Corviknight|def|1
|
|upkeep
|turn|34
|
|t:|1743779691
|move|p2a: Dragonite|Hurricane|p1a: Corviknight
|-resisted|p1a: Corviknight
|-damage|p1a: Corviknight|88/100 par
|-start|p1a: Corviknight|confusion
|-activate|p1a: Corviknight|confusion
|cant|p1a: Corviknight|par
|
|-heal|p1a: Corviknight|94/100 par|[from] item: Leftovers
|upkeep
|turn|35
|
|t:|1743779702
|switch|p2a: Keldeo|Keldeo-Resolute|37/100
|-end|p1a: Corviknight|confusion
|move|p1a: Corviknight|Brave Bird|p2a: Keldeo
|-supereffective|p2a: Keldeo
|-damage|p2a: Keldeo|0 fnt
|faint|p2a: Keldeo
|-damage|p1a: Corviknight|85/100 par|[from] Recoil
|
|-heal|p1a: Corviknight|91/100 par|[from] item: Leftovers
|upkeep
|
|t:|1743779709
|switch|p2a: Pecharunt|Pecharunt|100/100
|turn|36
|
|t:|1743779714
|move|p2a: Pecharunt|Hex|p1a: Corviknight
|-damage|p1a: Corviknight|64/100 par
|move|p1a: Corviknight|Brave Bird|p2a: Pecharunt
|-damage|p2a: Pecharunt|65/100
|-damage|p1a: Corviknight|53/100 par|[from] Recoil
|
|-heal|p1a: Corviknight|59/100 par|[from] item: Leftovers
|upkeep
|turn|37
|
|t:|1743779720
|move|p2a: Pecharunt|Hex|p1a: Corviknight
|-damage|p1a: Corviknight|30/100 par
|move|p1a: Corviknight|Bulk Up|p1a: Corviknight
|-boost|p1a: Corviknight|atk|1
|-boost|p1a: Corviknight|def|1
|
|-heal|p1a: Corviknight|37/100 par|[from] item: Leftovers
|upkeep
|turn|38
|
|t:|1743779739
|move|p2a: Pecharunt|Hex|p1a: Corviknight
|-damage|p1a: Corviknight|10/100 par
|move|p1a: Corviknight|Roost|p1a: Corviknight
|-heal|p1a: Corviknight|60/100 par
|-singleturn|p1a: Corviknight|move: Roost
|
|-heal|p1a: Corviknight|66/100 par|[from] item: Leftovers
|upkeep
|turn|39
|
|t:|1743779747
|move|p2a: Pecharunt|Hex|p1a: Corviknight
|-damage|p1a: Corviknight|40/100 par
|move|p1a: Corviknight|Brave Bird|p2a: Pecharunt
|-damage|p2a: Pecharunt|22/100
|-damage|p1a: Corviknight|26/100 par|[from] Recoil
|
|-heal|p1a: Corviknight|33/100 par|[from] item: Leftovers
|upkeep
|turn|40
|
|t:|1743779753
|move|p2a: Pecharunt|Recover|p2a: Pecharunt
|-heal|p2a: Pecharunt|72/100
|move|p1a: Corviknight|Roost|p1a: Corviknight
|-heal|p1a: Corviknight|83/100 par
|-singleturn|p1a: Corviknight|move: Roost
|
|-heal|p1a: Corviknight|89/100 par|[from] item: Leftovers
|upkeep
|turn|41
|
|t:|1743779763
|move|p2a: Pecharunt|Parting Shot|p1a: Corviknight
|-unboost|p1a: Corviknight|atk|1
|-unboost|p1a: Corviknight|spa|1
|
|t:|1743779768
|switch|p2a: Tinkaton|Tinkaton, F|48/100|[from] Parting Shot
|move|p1a: Corviknight|Bulk Up|p1a: Corviknight
|-boost|p1a: Corviknight|atk|1
|-boost|p1a: Corviknight|def|1
|
|-heal|p2a: Tinkaton|54/100|[from] item: Leftovers
|-heal|p1a: Corviknight|95/100 par|[from] item: Leftovers
|upkeep
|turn|42
|
|t:|1743779772
|move|p2a: Tinkaton|Encore|p1a: Corviknight
|-start|p1a: Corviknight|Encore
|move|p1a: Corviknight|Bulk Up|p1a: Corviknight
|-boost|p1a: Corviknight|atk|1
|-boost|p1a: Corviknight|def|1
|
|-heal|p2a: Tinkaton|60/100|[from] item: Leftovers
|-heal|p1a: Corviknight|100/100 par|[from] item: Leftovers
|upkeep
|turn|43
|
|t:|1743779779
|move|p2a: Tinkaton|Gigaton Hammer|p1a: Corviknight
|-resisted|p1a: Corviknight
|-damage|p1a: Corviknight|96/100 par
|move|p1a: Corviknight|Bulk Up|p1a: Corviknight
|-boost|p1a: Corviknight|atk|1
|-boost|p1a: Corviknight|def|0
|
|-heal|p2a: Tinkaton|66/100|[from] item: Leftovers
|-heal|p1a: Corviknight|100/100 par|[from] item: Leftovers
|upkeep
|turn|44
|
|t:|1743779788
|move|p2a: Tinkaton|Thunder Wave|p1a: Corviknight
|-fail|p1a: Corviknight|par
|move|p1a: Corviknight|Bulk Up|p1a: Corviknight
|-boost|p1a: Corviknight|atk|1
|-boost|p1a: Corviknight|def|0
|
|-heal|p2a: Tinkaton|72/100|[from] item: Leftovers
|-end|p1a: Corviknight|Encore
|upkeep
|turn|45
|
|t:|1743779797
|move|p2a: Tinkaton|Encore|p1a: Corviknight
|-start|p1a: Corviknight|Encore
|move|p1a: Corviknight|Bulk Up|p1a: Corviknight
|-boost|p1a: Corviknight|atk|0
|-boost|p1a: Corviknight|def|0
|
|-heal|p2a: Tinkaton|79/100|[from] item: Leftovers
|upkeep
|turn|46
|
|t:|1743779803
|switch|p2a: Pecharunt|Pecharunt|72/100
|move|p1a: Corviknight|Bulk Up|p1a: Corviknight
|-boost|p1a: Corviknight|atk|0
|-boost|p1a: Corviknight|def|0
|
|upkeep
|turn|47
|
|t:|1743779808
|move|p2a: Pecharunt|Parting Shot|p1a: Corviknight
|-unboost|p1a: Corviknight|atk|1
|-unboost|p1a: Corviknight|spa|1
|
|t:|1743779811
|switch|p2a: Tinkaton|Tinkaton, F|79/100|[from] Parting Shot
|move|p1a: Corviknight|Bulk Up|p1a: Corviknight
|-boost|p1a: Corviknight|atk|1
|-boost|p1a: Corviknight|def|0
|
|-heal|p2a: Tinkaton|85/100|[from] item: Leftovers
|-end|p1a: Corviknight|Encore
|upkeep
|turn|48
|
|t:|1743779816
|move|p2a: Tinkaton|Encore|p1a: Corviknight
|-start|p1a: Corviknight|Encore
|cant|p1a: Corviknight|par
|
|-heal|p2a: Tinkaton|91/100|[from] item: Leftovers
|upkeep
|turn|49
|
|t:|1743779833
|move|p2a: Tinkaton|Thunder Wave|p1a: Corviknight|[miss]
|-miss|p2a: Tinkaton|p1a: Corviknight
|move|p1a: Corviknight|Bulk Up|p1a: Corviknight
|-boost|p1a: Corviknight|atk|0
|-boost|p1a: Corviknight|def|0
|
|-heal|p2a: Tinkaton|97/100|[from] item: Leftovers
|upkeep
|turn|50
|
|t:|1743779850
|move|p2a: Tinkaton|Gigaton Hammer|p1a: Corviknight
|-resisted|p1a: Corviknight
|-damage|p1a: Corviknight|96/100 par
|move|p1a: Corviknight|Bulk Up|p1a: Corviknight
|-boost|p1a: Corviknight|atk|0
|-boost|p1a: Corviknight|def|0
|
|-heal|p2a: Tinkaton|100/100|[from] item: Leftovers
|-heal|p1a: Corviknight|100/100 par|[from] item: Leftovers
|-end|p1a: Corviknight|Encore
|upkeep
|turn|51
|
|t:|1743779856
|move|p2a: Tinkaton|Thunder Wave|p1a: Corviknight
|-fail|p1a: Corviknight|par
|move|p1a: Corviknight|Brave Bird|p2a: Tinkaton
|-resisted|p2a: Tinkaton
|-damage|p2a: Tinkaton|17/100
|-damage|p1a: Corviknight|75/100 par|[from] Recoil
|
|-heal|p2a: Tinkaton|23/100|[from] item: Leftovers
|-heal|p1a: Corviknight|81/100 par|[from] item: Leftovers
|upkeep
|turn|52
|
|t:|1743779864
|move|p2a: Tinkaton|Encore|p1a: Corviknight
|-start|p1a: Corviknight|Encore
|cant|p1a: Corviknight|par
|
|-heal|p2a: Tinkaton|30/100|[from] item: Leftovers
|-heal|p1a: Corviknight|87/100 par|[from] item: Leftovers
|upkeep
|turn|53
|
|t:|1743779870
|move|p2a: Tinkaton|Gigaton Hammer|p1a: Corviknight
|-resisted|p1a: Corviknight
|-damage|p1a: Corviknight|83/100 par
|move|p1a: Corviknight|Brave Bird|p2a: Tinkaton
|-resisted|p2a: Tinkaton
|-damage|p2a: Tinkaton|0 fnt
|faint|p2a: Tinkaton
|-damage|p1a: Corviknight|74/100 par|[from] Recoil
|
|-heal|p1a: Corviknight|80/100 par|[from] item: Leftovers
|upkeep
|
|t:|1743779877
|switch|p2a: Pecharunt|Pecharunt|72/100
|turn|54
|
|t:|1743779880
|move|p2a: Pecharunt|Parting Shot|p1a: Corviknight
|-unboost|p1a: Corviknight|atk|1
|-unboost|p1a: Corviknight|spa|1
|
|t:|1743779883
|switch|p2a: Dragonite|Dragonite, F|100/100|[from] Parting Shot
|move|p1a: Corviknight|Brave Bird|p2a: Dragonite
|-damage|p2a: Dragonite|28/100
|-damage|p1a: Corviknight|57/100 par|[from] Recoil
|
|-heal|p1a: Corviknight|64/100 par|[from] item: Leftovers
|-end|p1a: Corviknight|Encore
|upkeep
|turn|55
|c|☆sergicarrisi01|:)
|
|t:|1743779894
|move|p2a: Dragonite|Roost|p2a: Dragonite
|-heal|p2a: Dragonite|79/100
|-singleturn|p2a: Dragonite|move: Roost
|cant|p1a: Corviknight|par
|
|-heal|p1a: Corviknight|70/100 par|[from] item: Leftovers
|upkeep
|turn|56
|c|☆sergicarrisi01|u having fun?
|
|t:|1743779901
|move|p2a: Dragonite|Hurricane|p1a: Corviknight
|-resisted|p1a: Corviknight
|-damage|p1a: Corviknight|56/100 par
|-start|p1a: Corviknight|confusion
|-activate|p1a: Corviknight|confusion
|move|p1a: Corviknight|Brave Bird|p2a: Dragonite
|-damage|p2a: Dragonite|0 fnt
|faint|p2a: Dragonite
|-damage|p1a: Corviknight|32/100 par|[from] Recoil
|
|-heal|p1a: Corviknight|38/100 par|[from] item: Leftovers
|upkeep
|
|t:|1743779910
|switch|p2a: Pecharunt|Pecharunt|72/100
|turn|57
|
|t:|1743779917
|move|p2a: Pecharunt|Hex|p1a: Corviknight
|-damage|p1a: Corviknight|12/100 par
|-activate|p1a: Corviknight|confusion
|cant|p1a: Corviknight|par
|
|-heal|p1a: Corviknight|18/100 par|[from] item: Leftovers
|upkeep
|turn|58
|
|t:|1743779923
|move|p2a: Pecharunt|Hex|p1a: Corviknight
|-damage|p1a: Corviknight|0 fnt
|faint|p1a: Corviknight
|
|upkeep
|
|t:|1743779926
|switch|p1a: Dragapult|Dragapult, M|100/100 par
|-damage|p1a: Dragapult|88/100 par|[from] Spikes
|-damage|p1a: Dragapult|76/100 par|[from] Stealth Rock
|turn|59
|
|t:|1743779934
|move|p2a: Pecharunt|Hex|p1a: Dragapult
|-supereffective|p1a: Dragapult
|-damage|p1a: Dragapult|0 fnt
|faint|p1a: Dragapult
|
|win|87mcben
|raw|sergicarrisi01's rating: 1123 &rarr; <strong>1100</strong><br />(-23 for losing)
|raw|87mcben's rating: 1146 &rarr; <strong>1169</strong><br />(+23 for winning)
|l|☆sergicarrisi01
|player|p1|
|c|☆87mcben|yep :)
|c|☆87mcben|lots of fun :)
