|j|☆Danix507
|j|☆Becham141
|t:|1743829913
|gametype|singles
|player|p1|Danix507|hilbert-wonderlauncher|1193
|player|p2|Becham141|gambler|1174
|teamsize|p1|6
|teamsize|p2|6
|gen|9
|tier|[Gen 9] OU
|rated|
|rule|HP Percentage Mod: HP is shown in percentages
|rule|Endless Battle Clause: Forcing endless battles is banned
|rule|Species Clause: Limit one of each Pokémon
|rule|OHKO Clause: OHKO moves are banned
|rule|Evasion Items Clause: Evasion items are banned
|rule|Evasion Moves Clause: Evasion moves are banned
|rule|Sleep Moves Clause: Sleep-inducing moves are banned
|clearpoke
|poke|p1|Blissey, F|
|poke|p1|Amoonguss, M|
|poke|p1|Bronzong|
|poke|p1|Gliscor, M|
|poke|p1|Dondozo, M|
|poke|p1|Alomomola, F|
|poke|p2|Clefable, F|
|poke|p2|Gholdengo|
|poke|p2|Smeargle, M|
|poke|p2|Dragonite, F|
|poke|p2|Cinderace, F|
|poke|p2|Samurott-Hisui, M|
|teampreview
|
|t:|1743829946
|start
|switch|p1a: Gliscor|Gliscor, M, shiny|100/100
|switch|p2a: Smeargle|Smeargle, M|100/100
|turn|1
|inactive|Battle timer is ON: inactive players will automatically lose when time's up. (requested by Danix507)
|
|t:|1743829994
|move|p1a: Gliscor|Protect|p1a: Gliscor
|-singleturn|p1a: Gliscor|Protect
|move|p2a: Smeargle|Stealth Rock|p1a: Gliscor
|-sidestart|p1: Danix507|move: Stealth Rock
|
|-status|p1a: Gliscor|tox|[from] item: Toxic Orb
|upkeep
|turn|2
|
|t:|1743830003
|switch|p2a: Samurott|Samurott-Hisui, M|100/100
|move|p1a: Gliscor|Spikes|p2a: Samurott
|-sidestart|p2: Becham141|Spikes
|
|upkeep
|turn|3
|
|t:|1743830011
|switch|p1a: Amoonguss|Amoonguss, M|100/100
|move|p2a: Samurott|Ceaseless Edge|p1a: Amoonguss
|-damage|p1a: Amoonguss|61/100
|-sidestart|p1: Danix507|Spikes
|-damage|p2a: Samurott|91/100|[from] item: Life Orb
|
|upkeep
|turn|4
|
|t:|1743830016
|move|p2a: Samurott|Ceaseless Edge|p1a: Amoonguss
|-damage|p1a: Amoonguss|18/100
|-sidestart|p1: Danix507|Spikes
|-damage|p2a: Samurott|81/100|[from] item: Life Orb
|move|p1a: Amoonguss|Toxic|p2a: Samurott
|-status|p2a: Samurott|tox
|
|-damage|p2a: Samurott|74/100 tox|[from] psn
|upkeep
|turn|5
|
|t:|1743830031
|switch|p1a: Gliscor|Gliscor, M, shiny|100/100 tox
|-damage|p1a: Gliscor|88/100 tox|[from] Stealth Rock
|move|p2a: Samurott|Ceaseless Edge|p1a: Gliscor
|-damage|p1a: Gliscor|46/100 tox
|-sidestart|p1: Danix507|Spikes
|-damage|p2a: Samurott|64/100 tox|[from] item: Life Orb
|
|-damage|p2a: Samurott|52/100 tox|[from] psn
|-heal|p1a: Gliscor|58/100 tox|[from] ability: Poison Heal
|upkeep
|turn|6
|
|t:|1743830039
|switch|p2a: Clefable|Clefable, F|100/100
|move|p1a: Gliscor|Protect||[still]
|-fail|p1a: Gliscor
|
|-heal|p1a: Gliscor|71/100 tox|[from] ability: Poison Heal
|upkeep
|turn|7
|
|t:|1743830049
|move|p1a: Gliscor|Protect|p1a: Gliscor
|-singleturn|p1a: Gliscor|Protect
|move|p2a: Clefable|Ice Beam|p1a: Gliscor
|-activate|p1a: Gliscor|move: Protect
|
|-heal|p1a: Gliscor|83/100 tox|[from] ability: Poison Heal
|upkeep
|turn|8
|c|☆Becham141|double protect smh
|c|☆Becham141|lol
|
|t:|1743830066
|switch|p1a: Alomomola|Alomomola, F, shiny|100/100
|switch|p2a: Cinderace|Cinderace, F|100/100
|-damage|p2a: Cinderace|88/100|[from] Spikes
|
|upkeep
|turn|9
|
|t:|1743830071
|move|p2a: Cinderace|Trailblaze|p1a: Alomomola
|-start|p2a: Cinderace|typechange|Grass|[from] ability: Libero
|-supereffective|p1a: Alomomola
|-damage|p1a: Alomomola|57/100
|-boost|p2a: Cinderace|spe|1
|move|p1a: Alomomola|Scald|p2a: Cinderace
|-resisted|p2a: Cinderace
|-damage|p2a: Cinderace|79/100
|
|upkeep
|turn|10
|
|t:|1743830085
|move|p1a: Alomomola|Protect|p1a: Alomomola
|-singleturn|p1a: Alomomola|Protect
|move|p2a: Cinderace|Trailblaze|p1a: Alomomola
|-activate|p1a: Alomomola|move: Protect
|
|upkeep
|turn|11
|
|t:|1743830102
|switch|p1a: Bronzong|Bronzong|100/100
|-damage|p1a: Bronzong|94/100|[from] Stealth Rock
|move|p2a: Cinderace|Trailblaze|p1a: Bronzong
|-resisted|p1a: Bronzong
|-damage|p1a: Bronzong|78/100
|-boost|p2a: Cinderace|spe|1
|
|-heal|p1a: Bronzong|84/100|[from] item: Leftovers
|upkeep
|turn|12
|inactive|Becham141 has 120 seconds left.
|
|t:|1743830146
|switch|p2a: Smeargle|Smeargle, M|100/100
|-damage|p2a: Smeargle|88/100|[from] Spikes
|move|p1a: Bronzong|Protect||[still]
|-fail|p1a: Bronzong
|
|-heal|p1a: Bronzong|91/100|[from] item: Leftovers
|upkeep
|turn|13
|
|t:|1743830158
|move|p2a: Smeargle|Nuzzle|p1a: Bronzong
|-damage|p1a: Bronzong|89/100
|-status|p1a: Bronzong|par
|cant|p1a: Bronzong|par
|
|-heal|p1a: Bronzong|95/100 par|[from] item: Leftovers
|upkeep
|turn|14
|
|t:|1743830167
|move|p2a: Smeargle|Destiny Bond|p2a: Smeargle
|-singlemove|p2a: Smeargle|Destiny Bond
|move|p1a: Bronzong|Stealth Rock|p2a: Smeargle
|-sidestart|p2: Becham141|move: Stealth Rock
|
|-heal|p1a: Bronzong|100/100 par|[from] item: Leftovers
|upkeep
|turn|15
|
|t:|1743830177
|switch|p2a: Cinderace|Cinderace, F|79/100
|-damage|p2a: Cinderace|67/100|[from] Spikes
|-damage|p2a: Cinderace|42/100|[from] Stealth Rock
|switch|p1a: Amoonguss|Amoonguss, M|51/100
|
|upkeep
|turn|16
|
|t:|1743830188
|switch|p1a: Alomomola|Alomomola, F, shiny|91/100
|move|p2a: Cinderace|Pyro Ball|p1a: Alomomola
|-resisted|p1a: Alomomola
|-damage|p1a: Alomomola|66/100
|-status|p1a: Alomomola|brn
|
|-damage|p1a: Alomomola|60/100 brn|[from] brn
|upkeep
|turn|17
|
|t:|1743830205
|switch|p2a: Clefable|Clefable, F|100/100
|move|p1a: Alomomola|Protect||[still]
|-fail|p1a: Alomomola
|
|-damage|p1a: Alomomola|54/100 brn|[from] brn
|upkeep
|turn|18
|
|t:|1743830219
|switch|p1a: Blissey|Blissey, F, shiny|100/100
|move|p2a: Clefable|Thunderbolt|p1a: Blissey
|-damage|p1a: Blissey|90/100
|
|upkeep
|turn|19
|
|t:|1743830225
|switch|p2a: Smeargle|Smeargle, M|88/100
|-damage|p2a: Smeargle|76/100|[from] Spikes
|-damage|p2a: Smeargle|63/100|[from] Stealth Rock
|move|p1a: Blissey|Seismic Toss|p2a: Smeargle
|-damage|p2a: Smeargle|31/100
|
|upkeep
|turn|20
|
|t:|1743830235
|move|p2a: Smeargle|Nuzzle|p1a: Blissey
|-damage|p1a: Blissey|89/100
|-status|p1a: Blissey|par
|cant|p1a: Blissey|par
|
|upkeep
|turn|21
|
|t:|1743830241
|move|p2a: Smeargle|Destiny Bond|p2a: Smeargle
|-singlemove|p2a: Smeargle|Destiny Bond
|cant|p1a: Blissey|par
|
|upkeep
|turn|22
|
|t:|1743830245
|move|p2a: Smeargle|Nuzzle|p1a: Blissey
|-damage|p1a: Blissey|87/100 par
|move|p1a: Blissey|Seismic Toss|p2a: Smeargle
|-damage|p2a: Smeargle|0 fnt
|faint|p2a: Smeargle
|
|upkeep
|
|t:|1743830251
|switch|p2a: Samurott|Samurott-Hisui, M|52/100 tox
|-damage|p2a: Samurott|39/100 tox|[from] Spikes
|-damage|p2a: Samurott|27/100 tox|[from] Stealth Rock
|turn|23
|
|t:|1743830281
|-curestatus|p1a: Blissey|par|[from] ability: Natural Cure
|switch|p1a: Alomomola|Alomomola, F, shiny|87/100 brn
|move|p2a: Samurott|Ceaseless Edge|p1a: Alomomola|[miss]
|-miss|p2a: Samurott|p1a: Alomomola
|
|-damage|p2a: Samurott|21/100 tox|[from] psn
|-damage|p1a: Alomomola|81/100 brn|[from] brn
|upkeep
|turn|24
|
|t:|1743830286
|move|p1a: Alomomola|Protect|p1a: Alomomola
|-singleturn|p1a: Alomomola|Protect
|move|p2a: Samurott|Ceaseless Edge|p1a: Alomomola
|-activate|p1a: Alomomola|move: Protect
|
|-damage|p2a: Samurott|8/100 tox|[from] psn
|-damage|p1a: Alomomola|75/100 brn|[from] brn
|upkeep
|turn|25
|
|t:|1743830300
|switch|p1a: Gliscor|Gliscor, M, shiny|83/100 tox
|-damage|p1a: Gliscor|71/100 tox|[from] Stealth Rock
|move|p2a: Samurott|Ceaseless Edge|p1a: Gliscor
|-damage|p1a: Gliscor|22/100 tox
|-damage|p2a: Samurott|0 fnt|[from] item: Life Orb
|faint|p2a: Samurott
|
|-heal|p1a: Gliscor|34/100 tox|[from] ability: Poison Heal
|upkeep
|
|t:|1743830304
|switch|p2a: Gholdengo|Gholdengo, shiny|100/100
|-damage|p2a: Gholdengo|94/100|[from] Stealth Rock
|-item|p2a: Gholdengo|Air Balloon
|turn|26
|
|t:|1743830314
|move|p1a: Gliscor|Protect|p1a: Gliscor
|-singleturn|p1a: Gliscor|Protect
|move|p2a: Gholdengo|Nasty Plot|p2a: Gholdengo
|-boost|p2a: Gholdengo|spa|2
|
|-heal|p1a: Gliscor|47/100 tox|[from] ability: Poison Heal
|upkeep
|turn|27
|
|t:|1743830321
|switch|p1a: Blissey|Blissey, F, shiny|87/100
|move|p2a: Gholdengo|Nasty Plot|p2a: Gholdengo
|-boost|p2a: Gholdengo|spa|2
|
|upkeep
|turn|28
|
|t:|1743830325
|move|p2a: Gholdengo|Make It Rain|p1a: Blissey
|-damage|p1a: Blissey|32/100
|-unboost|p2a: Gholdengo|spa|1
|move|p1a: Blissey|Calm Mind|p1a: Blissey
|-boost|p1a: Blissey|spa|1
|-boost|p1a: Blissey|spd|1
|
|upkeep
|turn|29
|
|t:|1743830333
|move|p2a: Gholdengo|Make It Rain|p1a: Blissey
|-damage|p1a: Blissey|0 fnt
|-unboost|p2a: Gholdengo|spa|1
|faint|p1a: Blissey
|
|upkeep
|inactive|Danix507 has 120 seconds left.
|
|t:|1743830391
|switch|p1a: Bronzong|Bronzong|100/100 par
|-damage|p1a: Bronzong|94/100 par|[from] Stealth Rock
|turn|30
|inactive|Danix507 has 90 seconds left.
|
|t:|1743830408
|move|p2a: Gholdengo|Shadow Ball|p1a: Bronzong
|-supereffective|p1a: Bronzong
|-damage|p1a: Bronzong|0 fnt
|faint|p1a: Bronzong
|
|upkeep
|inactive|Danix507 has 90 seconds left.
|inactive|Danix507 has 60 seconds left.
|-message|Danix507 forfeited.
|
|win|Becham141
|raw|Danix507's rating: 1193 &rarr; <strong>1167</strong><br />(-26 for losing)
|raw|Becham141's rating: 1174 &rarr; <strong>1200</strong><br />(+26 for winning)
|l|☆Danix507
|player|p1|
