|j|☆blightcorruption
|j|☆tyvubin
|t:|1743865293
|gametype|singles
|player|p1|blightcorruption|skyla|1053
|player|p2|tyvubin|101|1070
|teamsize|p1|6
|teamsize|p2|6
|gen|9
|tier|[Gen 9] OU
|rated|
|rule|HP Percentage Mod: HP is shown in percentages
|rule|Endless Battle Clause: Forcing endless battles is banned
|rule|Species Clause: Limit one of each Pokémon
|rule|OHKO Clause: OHKO moves are banned
|rule|Evasion Items Clause: Evasion items are banned
|rule|Evasion Moves Clause: Evasion moves are banned
|rule|Sleep Moves Clause: Sleep-inducing moves are banned
|clearpoke
|poke|p1|Dragapult, F|
|poke|p1|Goodra-Hisui, F|
|poke|p1|Toxapex, M|
|poke|p1|Gengar, F|
|poke|p1|Alomomola, M|
|poke|p1|Salamence, M|
|poke|p2|Porygon2|
|poke|p2|Skuntank, F|
|poke|p2|Galvantula, F|
|poke|p2|Lilligant-Hisui, F|
|poke|p2|Copperajah, M|
|poke|p2|Swanna, F|
|teampreview
|
|t:|1743865301
|start
|switch|p1a: Toxapex|Toxapex, M, shiny|100/100
|switch|p2a: Galvantula|Galvantula, F|100/100
|turn|1
|
|t:|1743865309
|move|p2a: Galvantula|Sticky Web|p1a: Toxapex
|-sidestart|p1: blightcorruption|move: Sticky Web
|move|p1a: Toxapex|Toxic Spikes|p2a: Galvantula
|-sidestart|p2: tyvubin|move: Toxic Spikes
|
|upkeep
|turn|2
|
|t:|1743865321
|move|p2a: Galvantula|Thunder|p1a: Toxapex|[miss]
|-miss|p2a: Galvantula|p1a: Toxapex
|move|p1a: Toxapex|Venoshock|p2a: Galvantula
|-damage|p2a: Galvantula|75/100
|
|upkeep
|turn|3
|
|t:|1743865334
|switch|p1a: Goodra|Goodra-Hisui, F, shiny|100/100
|move|p2a: Galvantula|Thunder|p1a: Goodra
|-resisted|p1a: Goodra
|-damage|p1a: Goodra|82/100
|
|upkeep
|turn|4
|
|t:|1743865342
|switch|p2a: Skuntank|Skuntank, F|100/100
|-sideend|p2: tyvubin|move: Toxic Spikes|[of] p2a: Skuntank
|move|p1a: Goodra|Knock Off|p2a: Skuntank
|-resisted|p2a: Skuntank
|-damage|p2a: Skuntank|78/100
|-enditem|p2a: Skuntank|Choice Band|[from] move: Knock Off|[of] p1a: Goodra
|
|upkeep
|turn|5
|
|t:|1743865350
|move|p2a: Skuntank|Crunch|p1a: Goodra
|-damage|p1a: Goodra|47/100
|-ability|p1a: Goodra|Gooey
|-unboost|p2a: Skuntank|spe|1
|move|p1a: Goodra|Acid Armor|p1a: Goodra
|-boost|p1a: Goodra|def|2
|
|upkeep
|turn|6
|
|t:|1743865360
|move|p2a: Skuntank|Crunch|p1a: Goodra
|-damage|p1a: Goodra|29/100
|-unboost|p1a: Goodra|def|1
|-ability|p1a: Goodra|Gooey
|-unboost|p2a: Skuntank|spe|1
|move|p1a: Goodra|Iron Head|p2a: Skuntank
|-damage|p2a: Skuntank|23/100
|
|upkeep
|turn|7
|
|t:|1743865371
|move|p1a: Goodra|Iron Head|p2a: Skuntank
|-damage|p2a: Skuntank|0 fnt
|-damage|p1a: Goodra|4/100|[from] ability: Aftermath|[of] p2a: Skuntank
|faint|p2a: Skuntank
|
|upkeep
|
|t:|1743865381
|switch|p2a: Lilligant|Lilligant-Hisui, F|100/100
|turn|8
|
|t:|1743865386
|move|p2a: Lilligant|Petal Blizzard|p1a: Goodra
|-resisted|p1a: Goodra
|-damage|p1a: Goodra|0 fnt
|faint|p1a: Goodra
|-damage|p2a: Lilligant|91/100|[from] item: Life Orb
|
|upkeep
|
|t:|1743865403
|switch|p1a: Toxapex|Toxapex, M, shiny|100/100
|-activate|p1a: Toxapex|move: Sticky Web
|-unboost|p1a: Toxapex|spe|1
|turn|9
|
|t:|1743865409
|switch|p2a: Galvantula|Galvantula, F|75/100
|move|p1a: Toxapex|Toxic Spikes|p2a: Galvantula
|-sidestart|p2: tyvubin|move: Toxic Spikes
|
|upkeep
|turn|10
|
|t:|1743865420
|move|p1a: Toxapex|Baneful Bunker|p1a: Toxapex
|-singleturn|p1a: Toxapex|move: Protect
|move|p2a: Galvantula|Thunder|p1a: Toxapex
|-activate|p1a: Toxapex|move: Protect
|
|upkeep
|turn|11
|
|t:|1743865427
|move|p2a: Galvantula|Thunder|p1a: Toxapex
|-supereffective|p1a: Toxapex
|-damage|p1a: Toxapex|9/100
|-status|p1a: Toxapex|par
|move|p1a: Toxapex|Venoshock|p2a: Galvantula
|-damage|p2a: Galvantula|50/100
|
|upkeep
|turn|12
|
|t:|1743865435
|move|p2a: Galvantula|Thunder|p1a: Toxapex
|-supereffective|p1a: Toxapex
|-damage|p1a: Toxapex|0 fnt
|faint|p1a: Toxapex
|
|upkeep
|
|t:|1743865447
|switch|p1a: Alomomola|Alomomola, M, shiny|100/100
|-activate|p1a: Alomomola|move: Sticky Web
|-unboost|p1a: Alomomola|spe|1
|turn|13
|
|t:|1743865458
|move|p2a: Galvantula|Thunder|p1a: Alomomola
|-supereffective|p1a: Alomomola
|-damage|p1a: Alomomola|0 fnt
|faint|p1a: Alomomola
|
|upkeep
|
|t:|1743865463
|switch|p1a: Gengar|Gengar, F, shiny|100/100
|-item|p1a: Gengar|Air Balloon
|turn|14
|
|t:|1743865480
|switch|p2a: Copperajah|Copperajah, M|100/100
|move|p1a: Gengar|Shadow Ball|p2a: Copperajah
|-damage|p2a: Copperajah|56/100
|
|-heal|p2a: Copperajah|62/100|[from] item: Leftovers
|upkeep
|turn|15
|
|t:|1743865493
|-terastallize|p1a: Gengar|Ghost
|move|p1a: Gengar|Nasty Plot|p1a: Gengar
|-boost|p1a: Gengar|spa|2
|move|p2a: Copperajah|Iron Head|p1a: Gengar
|-damage|p1a: Gengar|0 fnt
|-enditem|p1a: Gengar|Air Balloon
|faint|p1a: Gengar
|
|-heal|p2a: Copperajah|68/100|[from] item: Leftovers
|upkeep
|
|t:|1743865507
|switch|p1a: Salamence|Salamence, M, shiny|100/100
|-ability|p1a: Salamence|Intimidate|boost
|-unboost|p2a: Copperajah|atk|1
|turn|16
|
|t:|1743865517
|move|p1a: Salamence|Dragon Dance|p1a: Salamence
|-boost|p1a: Salamence|atk|1
|-boost|p1a: Salamence|spe|1
|move|p2a: Copperajah|Stealth Rock|p1a: Salamence
|-sidestart|p1: blightcorruption|move: Stealth Rock
|
|-heal|p2a: Copperajah|74/100|[from] item: Leftovers
|upkeep
|turn|17
|
|t:|1743865534
|switch|p2a: Lilligant|Lilligant-Hisui, F|91/100
|-status|p2a: Lilligant|psn
|move|p1a: Salamence|Earthquake|p2a: Lilligant
|-resisted|p2a: Lilligant
|-damage|p2a: Lilligant|44/100 psn
|
|-damage|p2a: Lilligant|31/100 psn|[from] psn
|upkeep
|turn|18
|
|t:|1743865546
|move|p1a: Salamence|Dragon Claw|p2a: Lilligant
|-damage|p2a: Lilligant|0 fnt
|faint|p2a: Lilligant
|
|upkeep
|
|t:|1743865552
|switch|p2a: Porygon2|Porygon2|100/100
|-status|p2a: Porygon2|psn
|-ability|p2a: Porygon2|Download|boost
|-boost|p2a: Porygon2|atk|1
|turn|19
|
|t:|1743865558
|move|p1a: Salamence|Iron Head|p2a: Porygon2
|-crit|p2a: Porygon2
|-damage|p2a: Porygon2|55/100 psn
|move|p2a: Porygon2|Ice Beam|p1a: Salamence
|-supereffective|p1a: Salamence
|-damage|p1a: Salamence|0 fnt
|faint|p1a: Salamence
|
|-damage|p2a: Porygon2|42/100 psn|[from] psn
|upkeep
|
|t:|1743865568
|switch|p1a: Dragapult|Dragapult, F, shiny|100/100
|-activate|p1a: Dragapult|move: Sticky Web
|-fail|p1a: Dragapult|unboost|[from] ability: Clear Body|[of] p1a: Dragapult
|-damage|p1a: Dragapult|88/100|[from] Stealth Rock
|turn|20
|
|t:|1743865577
|move|p1a: Dragapult|Dragon Darts|p2a: Porygon2
|-damage|p2a: Porygon2|24/100 psn
|-anim|p1a: Dragapult|Dragon Darts|p2a: Porygon2
|-damage|p2a: Porygon2|7/100 psn
|move|p2a: Porygon2|Recover|p2a: Porygon2
|-heal|p2a: Porygon2|57/100 psn
|
|-heal|p1a: Dragapult|94/100|[from] item: Leftovers
|-damage|p2a: Porygon2|45/100 psn|[from] psn
|upkeep
|turn|21
|
|t:|1743865590
|move|p1a: Dragapult|Dragon Dance|p1a: Dragapult
|-boost|p1a: Dragapult|atk|1
|-boost|p1a: Dragapult|spe|1
|move|p2a: Porygon2|Recover|p2a: Porygon2
|-heal|p2a: Porygon2|95/100 psn
|
|-heal|p1a: Dragapult|99/100|[from] item: Leftovers
|-damage|p2a: Porygon2|82/100 psn|[from] psn
|upkeep
|turn|22
|
|t:|1743865599
|move|p1a: Dragapult|Dragon Dance|p1a: Dragapult
|-boost|p1a: Dragapult|atk|1
|-boost|p1a: Dragapult|spe|1
|move|p2a: Porygon2|Ice Beam|p1a: Dragapult
|-supereffective|p1a: Dragapult
|-damage|p1a: Dragapult|35/100
|
|-heal|p1a: Dragapult|41/100|[from] item: Leftovers
|-damage|p2a: Porygon2|70/100 psn|[from] psn
|upkeep
|turn|23
|
|t:|1743865609
|move|p1a: Dragapult|Dragon Darts|p2a: Porygon2
|-damage|p2a: Porygon2|34/100 psn
|-anim|p1a: Dragapult|Dragon Darts|p2a: Porygon2
|-damage|p2a: Porygon2|0 fnt
|faint|p2a: Porygon2
|
|-heal|p1a: Dragapult|47/100|[from] item: Leftovers
|upkeep
|
|t:|1743865629
|switch|p2a: Copperajah|Copperajah, M|74/100
|turn|24
|
|t:|1743865636
|move|p1a: Dragapult|Phantom Force||[still]
|-prepare|p1a: Dragapult|Phantom Force
|move|p2a: Copperajah|Iron Head|p1a: Dragapult|[miss]
|-miss|p2a: Copperajah|p1a: Dragapult
|
|-heal|p1a: Dragapult|53/100|[from] item: Leftovers
|-heal|p2a: Copperajah|80/100|[from] item: Leftovers
|upkeep
|turn|25
|
|t:|1743865645
|move|p1a: Dragapult|Phantom Force|p2a: Copperajah|[from] lockedmove
|-damage|p2a: Copperajah|0 fnt
|faint|p2a: Copperajah
|
|-heal|p1a: Dragapult|59/100|[from] item: Leftovers
|upkeep
|
|t:|1743865651
|switch|p2a: Swanna|Swanna, F|100/100
|turn|26
|
|t:|1743865657
|move|p1a: Dragapult|Dragon Darts|p2a: Swanna
|-damage|p2a: Swanna|7/100
|-anim|p1a: Dragapult|Dragon Darts|p2a: Swanna
|-damage|p2a: Swanna|0 fnt
|faint|p2a: Swanna
|
|-heal|p1a: Dragapult|65/100|[from] item: Leftovers
|upkeep
|
|t:|1743865664
|switch|p2a: Galvantula|Galvantula, F|50/100
|-status|p2a: Galvantula|psn
|turn|27
|
|t:|1743865669
|-terastallize|p2a: Galvantula|Grass
|move|p1a: Dragapult|Dragon Darts|p2a: Galvantula
|-damage|p2a: Galvantula|0 fnt
|faint|p2a: Galvantula
|
|win|blightcorruption
|raw|blightcorruption's rating: 1053 &rarr; <strong>1087</strong><br />(+34 for winning)
|raw|tyvubin's rating: 1070 &rarr; <strong>1048</strong><br />(-22 for losing)
|l|☆tyvubin
|player|p2|
