|j|☆purple strix
|j|☆papayarikky
|t:|1743907654
|gametype|singles
|player|p1|purple strix|ogreclan|1214
|player|p2|papayarikky|burglar|1179
|teamsize|p1|6
|teamsize|p2|6
|gen|9
|tier|[Gen 9] OU
|rated|
|rule|HP Percentage Mod: HP is shown in percentages
|rule|Endless Battle Clause: Forcing endless battles is banned
|rule|Species Clause: Limit one of each Pokémon
|rule|OHKO Clause: OHKO moves are banned
|rule|Evasion Items Clause: Evasion items are banned
|rule|Evasion Moves Clause: Evasion moves are banned
|rule|Sleep Moves Clause: Sleep-inducing moves are banned
|clearpoke
|poke|p1|Infernape, F|
|poke|p1|Samurott-Hisui, M|
|poke|p1|Gholdengo|
|poke|p1|Iron Valiant|
|poke|p1|Great Tusk|
|poke|p1|Zamazenta-*|
|poke|p2|Polteageist|
|poke|p2|Electrode-Hisui|
|poke|p2|Incineroar, M|
|poke|p2|Krookodile, M|
|poke|p2|Hitmontop, M|
|poke|p2|Slowbro, F|
|teampreview
|
|t:|1743907686
|start
|switch|p1a: Infernape|Infernape, F|100/100
|switch|p2a: dwb|Incineroar, M, shiny|100/100
|-ability|p2a: dwb|Intimidate|boost
|-unboost|p1a: Infernape|atk|1
|turn|1
|
|t:|1743907694
|move|p1a: Infernape|Stealth Rock|p2a: dwb
|-sidestart|p2: papayarikky|move: Stealth Rock
|move|p2a: dwb|Knock Off|p1a: Infernape
|-resisted|p1a: Infernape
|-damage|p1a: Infernape|73/100
|-enditem|p1a: Infernape|Focus Sash|[from] move: Knock Off|[of] p2a: dwb
|
|upkeep
|turn|2
|
|t:|1743907699
|move|p1a: Infernape|Vacuum Wave|p2a: dwb
|-supereffective|p2a: dwb
|-damage|p2a: dwb|67/100
|move|p2a: dwb|Parting Shot|p1a: Infernape
|-unboost|p1a: Infernape|atk|1
|-unboost|p1a: Infernape|spa|1
|
|t:|1743907705
|switch|p2a: blaka|Hitmontop, M, shiny|100/100|[from] Parting Shot
|
|upkeep
|turn|3
|
|t:|1743907708
|move|p1a: Infernape|Will-O-Wisp|p2a: blaka
|-status|p2a: blaka|brn
|move|p2a: blaka|Bulldoze|p1a: Infernape
|-supereffective|p1a: Infernape
|-damage|p1a: Infernape|39/100
|-unboost|p1a: Infernape|spe|1
|
|-damage|p2a: blaka|94/100 brn|[from] brn
|upkeep
|turn|4
|
|t:|1743907722
|switch|p1a: Gholdengo|Gholdengo|100/100
|-item|p1a: Gholdengo|Air Balloon
|move|p2a: blaka|Rapid Spin|p1a: Gholdengo
|-immune|p1a: Gholdengo
|
|-damage|p2a: blaka|88/100 brn|[from] brn
|upkeep
|turn|5
|
|t:|1743907738
|switch|p1a: Iron Valiant|Iron Valiant|100/100
|-enditem|p1a: Iron Valiant|Booster Energy
|-activate|p1a: Iron Valiant|ability: Quark Drive|[fromitem]
|-start|p1a: Iron Valiant|quarkdrivespe
|move|p2a: blaka|Triple Axel|p1a: Iron Valiant
|-damage|p1a: Iron Valiant|96/100
|-damage|p1a: Iron Valiant|86/100
|-damage|p1a: Iron Valiant|70/100
|-hitcount|p1a: Iron Valiant|3
|
|-damage|p2a: blaka|82/100 brn|[from] brn
|upkeep
|turn|6
|
|t:|1743907755
|switch|p2a: dope|Slowbro, F, shiny|100/100
|-damage|p2a: dope|88/100|[from] Stealth Rock
|move|p1a: Iron Valiant|Calm Mind|p1a: Iron Valiant
|-boost|p1a: Iron Valiant|spa|1
|-boost|p1a: Iron Valiant|spd|1
|
|-heal|p2a: dope|94/100|[from] item: Leftovers
|upkeep
|turn|7
|
|t:|1743907774
|move|p1a: Iron Valiant|Calm Mind|p1a: Iron Valiant
|-boost|p1a: Iron Valiant|spa|1
|-boost|p1a: Iron Valiant|spd|1
|move|p2a: dope|Thunder Wave|p1a: Iron Valiant
|-status|p1a: Iron Valiant|par
|
|-heal|p2a: dope|99/100|[from] item: Leftovers
|upkeep
|turn|8
|
|t:|1743907791
|cant|p1a: Iron Valiant|par
|move|p2a: dope|Future Sight|p1a: Iron Valiant
|-start|p2a: dope|move: Future Sight
|
|-heal|p2a: dope|100/100|[from] item: Leftovers
|upkeep
|turn|9
|
|t:|1743907794
|move|p1a: Iron Valiant|Thunderbolt|p2a: dope
|-supereffective|p2a: dope
|-damage|p2a: dope|0 fnt
|faint|p2a: dope
|
|upkeep
|
|t:|1743907838
|switch|p2a: blaka|Hitmontop, M, shiny|82/100 brn
|turn|10
|inactive|Battle timer is ON: inactive players will automatically lose when time's up. (requested by papayarikky)
|inactive|purple strix has 120 seconds left.
|
|t:|1743907949
|cant|p1a: Iron Valiant|par
|move|p2a: blaka|Rapid Spin|p1a: Iron Valiant
|-damage|p1a: Iron Valiant|58/100 par
|-boost|p2a: blaka|spe|1
|-sideend|p2: papayarikky|Stealth Rock|[from] move: Rapid Spin|[of] p2a: blaka
|
|-end|p1a: Iron Valiant|move: Future Sight
|-supereffective|p1a: Iron Valiant
|-damage|p1a: Iron Valiant|0 fnt
|faint|p1a: Iron Valiant
|-end|p1a: Iron Valiant|Quark Drive|[silent]
|-damage|p2a: blaka|76/100 brn|[from] brn
|upkeep
|c|☆papayarikky|GET OUT
|
|t:|1743907977
|switch|p1a: Zamazenta|Zamazenta|100/100
|-ability|p1a: Zamazenta|Dauntless Shield|boost
|-boost|p1a: Zamazenta|def|1
|turn|11
|inactive|papayarikky has 120 seconds left.
|
|t:|1743908018
|move|p1a: Zamazenta|Iron Defense|p1a: Zamazenta
|-boost|p1a: Zamazenta|def|2
|move|p2a: blaka|Bulldoze|p1a: Zamazenta
|-damage|p1a: Zamazenta|97/100
|-unboost|p1a: Zamazenta|spe|1
|
|-heal|p1a: Zamazenta|100/100|[from] item: Leftovers
|-damage|p2a: blaka|70/100 brn|[from] brn
|upkeep
|turn|12
|
|t:|1743908034
|move|p2a: blaka|Bulldoze|p1a: Zamazenta
|-damage|p1a: Zamazenta|97/100
|-unboost|p1a: Zamazenta|spe|1
|move|p1a: Zamazenta|Iron Defense|p1a: Zamazenta
|-boost|p1a: Zamazenta|def|2
|
|-heal|p1a: Zamazenta|100/100|[from] item: Leftovers
|-damage|p2a: blaka|64/100 brn|[from] brn
|upkeep
|turn|13
|
|t:|1743908040
|move|p2a: blaka|Bulldoze|p1a: Zamazenta
|-damage|p1a: Zamazenta|98/100
|-unboost|p1a: Zamazenta|spe|1
|move|p1a: Zamazenta|Body Press|p2a: blaka
|-damage|p2a: blaka|0 fnt
|faint|p2a: blaka
|
|-heal|p1a: Zamazenta|100/100|[from] item: Leftovers
|upkeep
|
|t:|1743908050
|switch|p2a: entitea|Polteageist, shiny|100/100
|turn|14
|
|t:|1743908073
|move|p2a: entitea|Shell Smash|p2a: entitea
|-unboost|p2a: entitea|def|1
|-unboost|p2a: entitea|spd|1
|-boost|p2a: entitea|atk|2
|-boost|p2a: entitea|spa|2
|-boost|p2a: entitea|spe|2
|move|p1a: Zamazenta|Crunch|p2a: entitea
|-supereffective|p2a: entitea
|-crit|p2a: entitea
|-enditem|p2a: entitea|Focus Sash
|-damage|p2a: entitea|1/100
|-ability|p2a: entitea|Weak Armor|boost
|-unboost|p2a: entitea|def|1
|-boost|p2a: entitea|spe|2
|
|upkeep
|turn|15
|inactive|papayarikky has 120 seconds left.
|
|t:|1743908087
|switch|p1a: Samurott|Samurott-Hisui, M|100/100
|move|p2a: entitea|Stored Power|p1a: Samurott
|-immune|p1a: Samurott
|
|upkeep
|turn|16
|
|t:|1743908092
|move|p1a: Samurott|Aqua Jet|p2a: entitea
|-damage|p2a: entitea|0 fnt
|faint|p2a: entitea
|
|upkeep
|
|t:|1743908095
|switch|p2a: ocho loko|Electrode-Hisui, shiny|100/100
|turn|17
|
|t:|1743908098
|move|p2a: ocho loko|Thunder Wave|p1a: Samurott
|-status|p1a: Samurott|par
|move|p1a: Samurott|Ceaseless Edge|p2a: ocho loko
|-damage|p2a: ocho loko|30/100
|-sidestart|p2: papayarikky|Spikes
|
|upkeep
|turn|18
|inactive|papayarikky has 120 seconds left.
|
|t:|1743908145
|move|p2a: ocho loko|Giga Drain|p1a: Samurott
|-supereffective|p1a: Samurott
|-damage|p1a: Samurott|54/100 par
|-heal|p2a: ocho loko|64/100|[from] drain|[of] p1a: Samurott
|cant|p1a: Samurott|par
|
|upkeep
|turn|19
|inactive|purple strix has 120 seconds left.
|inactive|purple strix has 90 seconds left.
|
|t:|1743908222
|move|p2a: ocho loko|Giga Drain|p1a: Samurott
|-supereffective|p1a: Samurott
|-damage|p1a: Samurott|11/100 par
|-heal|p2a: ocho loko|95/100|[from] drain|[of] p1a: Samurott
|move|p1a: Samurott|Ceaseless Edge|p2a: ocho loko|[miss]
|-miss|p1a: Samurott|p2a: ocho loko
|
|upkeep
|turn|20
|inactive|papayarikky has 90 seconds left.
|
|t:|1743908269
|move|p2a: ocho loko|Giga Drain|p1a: Samurott
|-supereffective|p1a: Samurott
|-damage|p1a: Samurott|0 fnt
|-heal|p2a: ocho loko|100/100|[from] drain|[of] p1a: Samurott
|faint|p1a: Samurott
|
|upkeep
|c|☆papayarikky|GET OUT
|inactive|purple strix has 60 seconds left.
|
|t:|1743908308
|switch|p1a: Great Tusk|Great Tusk|100/100
|-enditem|p1a: Great Tusk|Booster Energy
|-activate|p1a: Great Tusk|ability: Protosynthesis|[fromitem]
|-start|p1a: Great Tusk|protosynthesisspe
|turn|21
|inactive|papayarikky has 60 seconds left.
|
|t:|1743908351
|-terastallize|p1a: Great Tusk|Steel
|move|p1a: Great Tusk|Bulk Up|p1a: Great Tusk
|-boost|p1a: Great Tusk|atk|1
|-boost|p1a: Great Tusk|def|1
|move|p2a: ocho loko|Leech Seed|p1a: Great Tusk
|-start|p1a: Great Tusk|move: Leech Seed
|
|-damage|p1a: Great Tusk|88/100|[from] Leech Seed|[of] p2a: ocho loko
|upkeep
|turn|22
|inactive|purple strix has 60 seconds left.
|inactive|purple strix has 30 seconds left.
|
|t:|1743908405
|move|p1a: Great Tusk|Bulk Up|p1a: Great Tusk
|-boost|p1a: Great Tusk|atk|1
|-boost|p1a: Great Tusk|def|1
|move|p2a: ocho loko|Thunder Wave|p1a: Great Tusk
|-status|p1a: Great Tusk|par
|
|-damage|p1a: Great Tusk|76/100 par|[from] Leech Seed|[of] p2a: ocho loko
|upkeep
|turn|23
|-message|purple strix forfeited.
|
|win|papayarikky
|raw|purple strix's rating: 1214 &rarr; <strong>1186</strong><br />(-28 for losing)
|raw|papayarikky's rating: 1179 &rarr; <strong>1207</strong><br />(+28 for winning)
|l|☆purple strix
|player|p1|
