|j|☆Demonic666999
|j|☆Monssanto
|t:|1743787116
|gametype|singles
|player|p1|Demonic666999|chili|1225
|player|p2|Monssanto|preschooler|1282
|teamsize|p1|6
|teamsize|p2|6
|gen|9
|tier|[Gen 9] OU
|rated|
|rule|HP Percentage Mod: HP is shown in percentages
|rule|Endless Battle Clause: Forcing endless battles is banned
|rule|Species Clause: Limit one of each Pokémon
|rule|OHKO Clause: OHKO moves are banned
|rule|Evasion Items Clause: Evasion items are banned
|rule|Evasion Moves Clause: Evasion moves are banned
|rule|Sleep Moves Clause: Sleep-inducing moves are banned
|clearpoke
|poke|p1|Blastoise, M|
|poke|p1|Scream Tail|
|poke|p1|Salamence, M|
|poke|p1|Tyranitar, M|
|poke|p1|Furret, M|
|poke|p1|Tauros-Paldea-Blaze, M|
|poke|p2|Leavanny, F|
|poke|p2|Walking Wake|
|poke|p2|Torkoal, F|
|poke|p2|Cinderace, F|
|poke|p2|Landorus-Therian, M|
|poke|p2|Raging Bolt|
|teampreview
|inactive|Battle timer is ON: inactive players will automatically lose when time's up. (requested by Monssanto)
|
|t:|1743787137
|start
|switch|p1a: Godzilla|Tyranitar, M|100/100
|switch|p2a: Torkoal|Torkoal, F|100/100
|-weather|Sandstorm|[from] ability: Sand Stream|[of] p1a: Godzilla
|-weather|SunnyDay|[from] ability: Drought|[of] p2a: Torkoal
|turn|1
|
|t:|1743787142
|move|p1a: Godzilla|Knock Off|p2a: Torkoal
|-damage|p2a: Torkoal|65/100
|-enditem|p2a: Torkoal|Heat Rock|[from] move: Knock Off|[of] p1a: Godzilla
|move|p2a: Torkoal|Will-O-Wisp|p1a: Godzilla
|-status|p1a: Godzilla|brn
|
|-weather|SunnyDay|[upkeep]
|-damage|p1a: Godzilla|94/100 brn|[from] brn
|upkeep
|turn|2
|
|t:|1743787149
|move|p1a: Godzilla|Stealth Rock|p2a: Torkoal
|-sidestart|p2: Monssanto|move: Stealth Rock
|move|p2a: Torkoal|Stealth Rock|p1a: Godzilla
|-sidestart|p1: Demonic666999|move: Stealth Rock
|
|-weather|SunnyDay|[upkeep]
|-heal|p1a: Godzilla|100/100 brn|[from] item: Leftovers
|-damage|p1a: Godzilla|94/100 brn|[from] brn
|upkeep
|turn|3
|
|t:|1743787152
|switch|p1a: Floof|Furret, M|100/100
|move|p2a: Torkoal|Rapid Spin|p1a: Floof
|-damage|p1a: Floof|87/100
|-boost|p2a: Torkoal|spe|1
|-sideend|p2: Monssanto|Stealth Rock|[from] move: Rapid Spin|[of] p2a: Torkoal
|
|-weather|SunnyDay|[upkeep]
|upkeep
|turn|4
|
|t:|1743787159
|switch|p1a: Godzilla|Tyranitar, M|94/100 brn
|-damage|p1a: Godzilla|82/100 brn|[from] Stealth Rock
|-weather|Sandstorm|[from] ability: Sand Stream|[of] p1a: Godzilla
|move|p2a: Torkoal|Will-O-Wisp|p1a: Godzilla
|-fail|p1a: Godzilla|brn
|
|-weather|Sandstorm|[upkeep]
|-damage|p2a: Torkoal|59/100|[from] Sandstorm
|-heal|p1a: Godzilla|88/100 brn|[from] item: Leftovers
|-damage|p1a: Godzilla|82/100 brn|[from] brn
|upkeep
|turn|5
|
|t:|1743787166
|move|p1a: Godzilla|Stone Edge|p2a: Torkoal|[miss]
|-miss|p1a: Godzilla|p2a: Torkoal
|move|p2a: Torkoal|Lava Plume|p1a: Godzilla
|-resisted|p1a: Godzilla
|-damage|p1a: Godzilla|75/100 brn
|
|-weather|Sandstorm|[upkeep]
|-damage|p2a: Torkoal|53/100|[from] Sandstorm
|-heal|p1a: Godzilla|81/100 brn|[from] item: Leftovers
|-damage|p1a: Godzilla|75/100 brn|[from] brn
|upkeep
|turn|6
|
|t:|1743787173
|switch|p2a: Landorus|Landorus-Therian, M|100/100
|-ability|p2a: Landorus|Intimidate|boost
|-unboost|p1a: Godzilla|atk|1
|move|p1a: Godzilla|Stone Edge|p2a: Landorus
|-damage|p2a: Landorus|80/100
|
|-weather|Sandstorm|[upkeep]
|-heal|p1a: Godzilla|81/100 brn|[from] item: Leftovers
|-damage|p1a: Godzilla|75/100 brn|[from] brn
|upkeep
|turn|7
|
|t:|1743787181
|move|p2a: Landorus|Sunny Day|p2a: Landorus
|-weather|SunnyDay
|move|p1a: Godzilla|Ice Beam|p2a: Landorus
|-supereffective|p2a: Landorus
|-damage|p2a: Landorus|0 fnt
|faint|p2a: Landorus
|
|-weather|SunnyDay|[upkeep]
|-heal|p1a: Godzilla|81/100 brn|[from] item: Leftovers
|-damage|p1a: Godzilla|75/100 brn|[from] brn
|upkeep
|
|t:|1743787185
|switch|p2a: Walking Wake|Walking Wake|100/100
|-activate|p2a: Walking Wake|ability: Protosynthesis
|-start|p2a: Walking Wake|protosynthesisspa
|turn|8
|
|t:|1743787188
|switch|p1a: Hello Kitty|Scream Tail|100/100
|-damage|p1a: Hello Kitty|88/100|[from] Stealth Rock
|-activate|p1a: Hello Kitty|ability: Protosynthesis
|-start|p1a: Hello Kitty|protosynthesisspe
|move|p2a: Walking Wake|Flip Turn|p1a: Hello Kitty
|-damage|p1a: Hello Kitty|82/100
|
|t:|1743787200
|-end|p2a: Walking Wake|Protosynthesis|[silent]
|switch|p2a: Cinderace|Cinderace, F|100/100|[from] Flip Turn
|
|-weather|SunnyDay|[upkeep]
|-heal|p1a: Hello Kitty|88/100|[from] item: Leftovers
|upkeep
|turn|9
|
|t:|1743787202
|move|p1a: Hello Kitty|Thunder Wave|p2a: Cinderace
|-status|p2a: Cinderace|par
|move|p2a: Cinderace|Pyro Ball|p1a: Hello Kitty
|-damage|p1a: Hello Kitty|14/100
|
|-weather|SunnyDay|[upkeep]
|-heal|p1a: Hello Kitty|20/100|[from] item: Leftovers
|upkeep
|turn|10
|
|t:|1743787215
|-end|p1a: Hello Kitty|Protosynthesis|[silent]
|switch|p1a: Godzilla|Tyranitar, M|75/100 brn
|-damage|p1a: Godzilla|63/100 brn|[from] Stealth Rock
|-weather|Sandstorm|[from] ability: Sand Stream|[of] p1a: Godzilla
|cant|p2a: Cinderace|par
|
|-weather|Sandstorm|[upkeep]
|-damage|p2a: Cinderace|95/100 par|[from] Sandstorm
|-heal|p1a: Godzilla|69/100 brn|[from] item: Leftovers
|-damage|p1a: Godzilla|63/100 brn|[from] brn
|upkeep
|turn|11
|
|t:|1743787223
|switch|p2a: Leavanny|Leavanny, F|100/100
|move|p1a: Godzilla|Knock Off|p2a: Leavanny
|-crit|p2a: Leavanny
|-damage|p2a: Leavanny|38/100
|-enditem|p2a: Leavanny|Focus Sash|[from] move: Knock Off|[of] p1a: Godzilla
|
|-weather|Sandstorm|[upkeep]
|-damage|p2a: Leavanny|32/100|[from] Sandstorm
|-heal|p1a: Godzilla|69/100 brn|[from] item: Leftovers
|-damage|p1a: Godzilla|63/100 brn|[from] brn
|upkeep
|turn|12
|
|t:|1743787228
|move|p2a: Leavanny|Sticky Web|p1a: Godzilla
|-sidestart|p1: Demonic666999|move: Sticky Web
|move|p1a: Godzilla|Ice Beam|p2a: Leavanny
|-supereffective|p2a: Leavanny
|-crit|p2a: Leavanny
|-damage|p2a: Leavanny|0 fnt
|faint|p2a: Leavanny
|
|-weather|Sandstorm|[upkeep]
|-heal|p1a: Godzilla|69/100 brn|[from] item: Leftovers
|-damage|p1a: Godzilla|63/100 brn|[from] brn
|upkeep
|
|t:|1743787240
|switch|p2a: Walking Wake|Walking Wake|100/100
|turn|13
|
|t:|1743787245
|move|p2a: Walking Wake|Hydro Steam|p1a: Godzilla
|-supereffective|p1a: Godzilla
|-damage|p1a: Godzilla|0 fnt
|faint|p1a: Godzilla
|
|-weather|Sandstorm|[upkeep]
|-damage|p2a: Walking Wake|94/100|[from] Sandstorm
|upkeep
|
|t:|1743787250
|switch|p1a: Floof|Furret, M|87/100
|-item|p2a: Walking Wake|Choice Specs|[from] ability: Frisk|[of] p1a: Floof
|turn|14
|
|t:|1743787255
|move|p2a: Walking Wake|Hydro Steam|p1a: Floof
|-damage|p1a: Floof|0 fnt
|faint|p1a: Floof
|
|-weather|none
|upkeep
|
|t:|1743787259
|switch|p1a: El Tauro|Tauros-Paldea-Blaze, M, shiny|100/100
|-damage|p1a: El Tauro|88/100|[from] Stealth Rock
|-activate|p1a: El Tauro|move: Sticky Web
|-unboost|p1a: El Tauro|spe|1
|-ability|p1a: El Tauro|Intimidate|boost
|-unboost|p2a: Walking Wake|atk|1
|turn|15
|
|t:|1743787265
|-terastallize|p1a: El Tauro|Fighting
|move|p2a: Walking Wake|Hydro Steam|p1a: El Tauro
|-damage|p1a: El Tauro|0 fnt
|faint|p1a: El Tauro
|
|upkeep
|-message|Demonic666999 forfeited.
|
|win|Monssanto
|raw|Demonic666999's rating: 1225 &rarr; <strong>1204</strong><br />(-21 for losing)
|raw|Monssanto's rating: 1282 &rarr; <strong>1303</strong><br />(+21 for winning)
|l|☆Demonic666999
|player|p1|
|l|☆Monssanto
|player|p2|
