|j|☆Death4lolz
|j|☆Caiobba
|t:|1743899833
|gametype|singles
|player|p1|Death4lolz|102|1000
|player|p2|Caiobba|266|1040
|teamsize|p1|6
|teamsize|p2|6
|gen|9
|tier|[Gen 9] OU
|rated|
|rule|HP Percentage Mod: HP is shown in percentages
|rule|Endless Battle Clause: Forcing endless battles is banned
|rule|Species Clause: Limit one of each Pokémon
|rule|OHKO Clause: OHKO moves are banned
|rule|Evasion Items Clause: Evasion items are banned
|rule|Evasion Moves Clause: Evasion moves are banned
|rule|Sleep Moves Clause: Sleep-inducing moves are banned
|clearpoke
|poke|p1|Blissey, F|
|poke|p1|Gardevoir, F|
|poke|p1|Jirachi|
|poke|p1|Manaphy|
|poke|p1|Ceruledge, F|
|poke|p1|Altaria, F|
|poke|p2|Heracross, M|
|poke|p2|Meganium, F|
|poke|p2|Skeledirge, M|
|poke|p2|Rotom-Wash|
|poke|p2|Mandibuzz, F|
|poke|p2|Krookodile, M|
|teampreview
|
|t:|1743899838
|start
|switch|p1a: Manaphy|Manaphy|100/100
|switch|p2a: Meganium|Meganium, F|100/100
|turn|1
|
|t:|1743899847
|move|p2a: Meganium|Swords Dance|p2a: Meganium
|-boost|p2a: Meganium|atk|2
|move|p1a: Manaphy|Blizzard|p2a: Meganium|[miss]
|-miss|p1a: Manaphy|p2a: Meganium
|
|upkeep
|turn|2
|
|t:|1743899854
|move|p1a: Manaphy|Protect|p1a: Manaphy
|-singleturn|p1a: Manaphy|Protect
|move|p2a: Meganium|Petal Blizzard|p1a: Manaphy
|-activate|p1a: Manaphy|move: Protect
|
|upkeep
|turn|3
|
|t:|1743899874
|move|p2a: Meganium|Swords Dance|p2a: Meganium
|-boost|p2a: Meganium|atk|2
|move|p1a: Manaphy|Heart Swap|p2a: Meganium
|-swapboost|p1a: Manaphy|p2a: Meganium|[from] move: Heart Swap
|
|upkeep
|turn|4
|
|t:|1743899885
|-terastallize|p2a: Meganium|Grass
|move|p2a: Meganium|Petal Blizzard|p1a: Manaphy
|-supereffective|p1a: Manaphy
|-damage|p1a: Manaphy|19/100
|move|p1a: Manaphy|Blizzard|p2a: Meganium
|-supereffective|p2a: Meganium
|-crit|p2a: Meganium
|-damage|p2a: Meganium|3/100
|
|-heal|p2a: Meganium|9/100|[from] item: Leftovers
|-heal|p1a: Manaphy|25/100|[from] item: Leftovers
|upkeep
|turn|5
|
|t:|1743899903
|move|p1a: Manaphy|Protect|p1a: Manaphy
|-singleturn|p1a: Manaphy|Protect
|move|p2a: Meganium|Petal Blizzard|p1a: Manaphy
|-activate|p1a: Manaphy|move: Protect
|
|-heal|p2a: Meganium|15/100|[from] item: Leftovers
|-heal|p1a: Manaphy|32/100|[from] item: Leftovers
|upkeep
|turn|6
|
|t:|1743899919
|move|p1a: Manaphy|Protect|p1a: Manaphy
|-singleturn|p1a: Manaphy|Protect
|move|p2a: Meganium|Petal Blizzard|p1a: Manaphy
|-activate|p1a: Manaphy|move: Protect
|
|-heal|p2a: Meganium|21/100|[from] item: Leftovers
|-heal|p1a: Manaphy|38/100|[from] item: Leftovers
|upkeep
|turn|7
|
|t:|1743899928
|move|p1a: Manaphy|Protect||[still]
|-fail|p1a: Manaphy
|move|p2a: Meganium|Petal Blizzard|p1a: Manaphy
|-supereffective|p1a: Manaphy
|-damage|p1a: Manaphy|0 fnt
|faint|p1a: Manaphy
|
|-heal|p2a: Meganium|27/100|[from] item: Leftovers
|upkeep
|
|t:|1743899941
|switch|p1a: Altaria|Altaria, F|100/100
|turn|8
|
|t:|1743899948
|move|p2a: Meganium|Synthesis|p2a: Meganium
|-heal|p2a: Meganium|77/100
|move|p1a: Altaria|Flamethrower|p2a: Meganium
|-supereffective|p2a: Meganium
|-damage|p2a: Meganium|36/100
|
|-heal|p2a: Meganium|42/100|[from] item: Leftovers
|upkeep
|turn|9
|
|t:|1743899958
|switch|p2a: Rotom|Rotom-Wash|100/100
|move|p1a: Altaria|Flamethrower|p2a: Rotom
|-resisted|p2a: Rotom
|-damage|p2a: Rotom|92/100
|
|-heal|p2a: Rotom|98/100|[from] item: Leftovers
|upkeep
|turn|10
|
|t:|1743899976
|move|p1a: Altaria|Earthquake|p2a: Rotom
|-immune|p2a: Rotom|[from] ability: Levitate
|move|p2a: Rotom|Will-O-Wisp|p1a: Altaria
|-status|p1a: Altaria|brn
|
|-heal|p2a: Rotom|100/100|[from] item: Leftovers
|-damage|p1a: Altaria|94/100 brn|[from] brn
|upkeep
|turn|11
|
|t:|1743899987
|move|p1a: Altaria|Hurricane|p2a: Rotom
|-resisted|p2a: Rotom
|-damage|p2a: Rotom|85/100
|move|p2a: Rotom|Volt Switch|p1a: Altaria
|-damage|p1a: Altaria|70/100 brn
|
|t:|1743900008
|switch|p2a: Krookodile|Krookodile, M|100/100|[from] Volt Switch
|-ability|p2a: Krookodile|Intimidate|boost
|-unboost|p1a: Altaria|atk|1
|
|-heal|p1a: Altaria|76/100 brn|[from] item: Leftovers
|-damage|p1a: Altaria|70/100 brn|[from] brn
|upkeep
|turn|12
|
|t:|1743900019
|move|p2a: Krookodile|Stone Edge|p1a: Altaria|[miss]
|-miss|p2a: Krookodile|p1a: Altaria
|move|p1a: Altaria|Earthquake|p2a: Krookodile
|-damage|p2a: Krookodile|91/100
|
|-heal|p1a: Altaria|76/100 brn|[from] item: Leftovers
|-damage|p1a: Altaria|70/100 brn|[from] brn
|upkeep
|turn|13
|
|t:|1743900033
|-curestatus|p1a: Altaria|brn|[from] ability: Natural Cure
|switch|p1a: Blissey|Blissey, F|100/100
|move|p2a: Krookodile|Stone Edge|p1a: Blissey
|-damage|p1a: Blissey|17/100
|
|-heal|p1a: Blissey|23/100|[from] item: Leftovers
|upkeep
|turn|14
|
|t:|1743900046
|move|p2a: Krookodile|Stone Edge|p1a: Blissey|[miss]
|-miss|p2a: Krookodile|p1a: Blissey
|move|p1a: Blissey|Focus Blast|p2a: Krookodile|[miss]
|-miss|p1a: Blissey|p2a: Krookodile
|
|-heal|p1a: Blissey|29/100|[from] item: Leftovers
|upkeep
|turn|15
|
|t:|1743900055
|move|p2a: Krookodile|Stone Edge|p1a: Blissey|[miss]
|-miss|p2a: Krookodile|p1a: Blissey
|move|p1a: Blissey|Focus Blast|p2a: Krookodile|[miss]
|-miss|p1a: Blissey|p2a: Krookodile
|
|-heal|p1a: Blissey|35/100|[from] item: Leftovers
|upkeep
|turn|16
|
|t:|1743900082
|switch|p1a: Jirachi|Jirachi|100/100
|move|p2a: Krookodile|Stone Edge|p1a: Jirachi|[miss]
|-miss|p2a: Krookodile|p1a: Jirachi
|
|upkeep
|turn|17
|
|t:|1743900094
|switch|p2a: Mandibuzz|Mandibuzz, F|100/100
|move|p1a: Jirachi|Drain Punch|p2a: Mandibuzz
|-damage|p2a: Mandibuzz|88/100
|-damage|p1a: Jirachi|84/100|[from] item: Rocky Helmet|[of] p2a: Mandibuzz
|
|upkeep
|turn|18
|
|t:|1743900105
|move|p1a: Jirachi|Flash Cannon|p2a: Mandibuzz
|-damage|p2a: Mandibuzz|62/100
|move|p2a: Mandibuzz|Foul Play|p1a: Jirachi
|-supereffective|p1a: Jirachi
|-damage|p1a: Jirachi|3/100
|
|upkeep
|turn|19
|
|t:|1743900118
|move|p1a: Jirachi|Flash Cannon|p2a: Mandibuzz
|-damage|p2a: Mandibuzz|39/100
|move|p2a: Mandibuzz|Foul Play|p1a: Jirachi
|-supereffective|p1a: Jirachi
|-crit|p1a: Jirachi
|-damage|p1a: Jirachi|0 fnt
|faint|p1a: Jirachi
|
|upkeep
|
|t:|1743900128
|switch|p1a: Altaria|Altaria, F|70/100
|turn|20
|
|t:|1743900132
|move|p1a: Altaria|Flamethrower|p2a: Mandibuzz
|-damage|p2a: Mandibuzz|25/100
|move|p2a: Mandibuzz|Roost|p2a: Mandibuzz
|-heal|p2a: Mandibuzz|75/100
|-singleturn|p2a: Mandibuzz|move: Roost
|
|-heal|p1a: Altaria|76/100|[from] item: Leftovers
|upkeep
|turn|21
|
|t:|1743900144
|move|p1a: Altaria|Hurricane|p2a: Mandibuzz
|-damage|p2a: Mandibuzz|54/100
|move|p2a: Mandibuzz|Foul Play|p1a: Altaria
|-damage|p1a: Altaria|38/100
|
|-heal|p1a: Altaria|44/100|[from] item: Leftovers
|upkeep
|turn|22
|
|t:|1743900154
|move|p1a: Altaria|Flamethrower|p2a: Mandibuzz
|-damage|p2a: Mandibuzz|42/100
|move|p2a: Mandibuzz|U-turn|p1a: Altaria
|-resisted|p1a: Altaria
|-crit|p1a: Altaria
|-damage|p1a: Altaria|32/100
|
|t:|1743900166
|switch|p2a: Skeledirge|Skeledirge, M|100/100|[from] U-turn
|
|-heal|p1a: Altaria|38/100|[from] item: Leftovers
|upkeep
|turn|23
|
|t:|1743900174
|move|p1a: Altaria|Earthquake|p2a: Skeledirge
|-supereffective|p2a: Skeledirge
|-damage|p2a: Skeledirge|64/100
|move|p2a: Skeledirge|Shadow Ball|p1a: Altaria
|-damage|p1a: Altaria|0 fnt
|faint|p1a: Altaria
|
|upkeep
|
|t:|1743900185
|switch|p1a: Blissey|Blissey, F|35/100
|turn|24
|
|t:|1743900193
|move|p1a: Blissey|Focus Blast|p2a: Skeledirge
|-immune|p2a: Skeledirge
|move|p2a: Skeledirge|Torch Song|p1a: Blissey
|-damage|p1a: Blissey|20/100
|-boost|p2a: Skeledirge|spa|1
|
|-heal|p1a: Blissey|26/100|[from] item: Leftovers
|upkeep
|turn|25
|
|t:|1743900207
|move|p1a: Blissey|Alluring Voice|p2a: Skeledirge
|-resisted|p2a: Skeledirge
|-damage|p2a: Skeledirge|56/100
|move|p2a: Skeledirge|Torch Song|p1a: Blissey
|-damage|p1a: Blissey|2/100
|-boost|p2a: Skeledirge|spa|1
|
|-heal|p1a: Blissey|9/100|[from] item: Leftovers
|upkeep
|turn|26
|
|t:|1743900218
|move|p1a: Blissey|Thunder|p2a: Skeledirge
|-damage|p2a: Skeledirge|28/100
|-status|p2a: Skeledirge|par
|cant|p2a: Skeledirge|par
|
|-heal|p1a: Blissey|15/100|[from] item: Leftovers
|upkeep
|turn|27
|
|t:|1743900228
|move|p1a: Blissey|Thunder|p2a: Skeledirge
|-damage|p2a: Skeledirge|3/100 par
|cant|p2a: Skeledirge|par
|
|-heal|p1a: Blissey|21/100|[from] item: Leftovers
|upkeep
|turn|28
|
|t:|1743900236
|move|p1a: Blissey|Thunder|p2a: Skeledirge
|-crit|p2a: Skeledirge
|-damage|p2a: Skeledirge|0 fnt
|faint|p2a: Skeledirge
|
|-heal|p1a: Blissey|27/100|[from] item: Leftovers
|upkeep
|
|t:|1743900245
|switch|p2a: Meganium|Meganium, F, tera:Grass|42/100
|turn|29
|
|t:|1743900251
|move|p2a: Meganium|Synthesis|p2a: Meganium
|-heal|p2a: Meganium|92/100
|move|p1a: Blissey|Focus Blast|p2a: Meganium|[miss]
|-miss|p1a: Blissey|p2a: Meganium
|
|-heal|p2a: Meganium|98/100|[from] item: Leftovers
|-heal|p1a: Blissey|33/100|[from] item: Leftovers
|upkeep
|turn|30
|
|t:|1743900262
|move|p2a: Meganium|Swords Dance|p2a: Meganium
|-boost|p2a: Meganium|atk|2
|move|p1a: Blissey|Alluring Voice|p2a: Meganium
|-damage|p2a: Meganium|76/100
|-start|p2a: Meganium|confusion
|
|-heal|p2a: Meganium|82/100|[from] item: Leftovers
|-heal|p1a: Blissey|39/100|[from] item: Leftovers
|upkeep
|turn|31
|
|t:|1743900274
|-activate|p2a: Meganium|confusion
|-damage|p2a: Meganium|58/100|[from] confusion
|move|p1a: Blissey|Body Slam|p2a: Meganium
|-damage|p2a: Meganium|50/100
|-status|p2a: Meganium|par
|
|-heal|p1a: Blissey|46/100|[from] item: Leftovers
|-heal|p2a: Meganium|56/100 par|[from] item: Leftovers
|upkeep
|turn|32
|
|t:|1743900288
|move|p1a: Blissey|Focus Blast|p2a: Meganium|[miss]
|-miss|p1a: Blissey|p2a: Meganium
|-end|p2a: Meganium|confusion
|move|p2a: Meganium|Earthquake|p1a: Blissey
|-damage|p1a: Blissey|0 fnt
|faint|p1a: Blissey
|
|-heal|p2a: Meganium|62/100 par|[from] item: Leftovers
|upkeep
|
|t:|1743900299
|switch|p1a: Gardevoir|Gardevoir, F|100/100
|turn|33
|
|t:|1743900307
|move|p1a: Gardevoir|Encore|p2a: Meganium
|-start|p2a: Meganium|Encore
|move|p2a: Meganium|Earthquake|p1a: Gardevoir
|-damage|p1a: Gardevoir|22/100
|
|-heal|p2a: Meganium|68/100 par|[from] item: Leftovers
|upkeep
|turn|34
|
|t:|1743900318
|move|p1a: Gardevoir|Future Sight|p2a: Meganium
|-start|p1a: Gardevoir|move: Future Sight
|move|p2a: Meganium|Earthquake|p1a: Gardevoir
|-damage|p1a: Gardevoir|0 fnt
|faint|p1a: Gardevoir
|
|-heal|p2a: Meganium|74/100 par|[from] item: Leftovers
|upkeep
|
|t:|1743900326
|switch|p1a: Ceruledge|Ceruledge, F|100/100
|turn|35
|
|t:|1743900335
|move|p1a: Ceruledge|Hex|p2a: Meganium
|-damage|p2a: Meganium|40/100 par
|cant|p2a: Meganium|par
|
|-heal|p2a: Meganium|46/100 par|[from] item: Leftovers
|-end|p2a: Meganium|Encore
|upkeep
|turn|36
|
|t:|1743900344
|move|p1a: Ceruledge|Hex|p2a: Meganium
|-damage|p2a: Meganium|12/100 par
|move|p2a: Meganium|Synthesis|p2a: Meganium
|-heal|p2a: Meganium|62/100 par
|
|-end|p2a: Meganium|move: Future Sight
|-damage|p2a: Meganium|0 fnt
|faint|p2a: Meganium
|upkeep
|
|t:|1743900354
|switch|p2a: Krookodile|Krookodile, M|91/100
|-ability|p2a: Krookodile|Intimidate|boost
|-unboost|p1a: Ceruledge|atk|1
|turn|37
|
|t:|1743900367
|move|p2a: Krookodile|Earthquake|p1a: Ceruledge
|-supereffective|p1a: Ceruledge
|-damage|p1a: Ceruledge|0 fnt
|faint|p1a: Ceruledge
|
|win|Caiobba
|raw|Death4lolz's rating: 1000 &rarr; <strong>1000</strong><br />(+0 for losing)
|raw|Caiobba's rating: 1040 &rarr; <strong>1070</strong><br />(+30 for winning)
