|j|☆Ace_of_Stars02
|j|☆Grunkle G.
|t:|1743778838
|gametype|singles
|player|p1|Ace_of_Stars02|nate|1479
|player|p2|Grunkle G.|sonia-professor|1545
|teamsize|p1|6
|teamsize|p2|6
|gen|9
|tier|[Gen 9] OU
|rated|
|rule|HP Percentage Mod: HP is shown in percentages
|rule|Endless Battle Clause: Forcing endless battles is banned
|rule|Species Clause: Limit one of each Pokémon
|rule|OHKO Clause: OHKO moves are banned
|rule|Evasion Items Clause: Evasion items are banned
|rule|Evasion Moves Clause: Evasion moves are banned
|rule|Sleep Moves Clause: Sleep-inducing moves are banned
|clearpoke
|poke|p1|Snorlax, M|
|poke|p1|Sinistcha|
|poke|p1|Dragonite, F|
|poke|p1|Garganacl, M|
|poke|p1|Corviknight, M|
|poke|p1|Sylveon, F|
|poke|p2|Weavile, F|
|poke|p2|Sinistcha-Masterpiece|
|poke|p2|Ting-Lu|
|poke|p2|Tinkaton, F|
|poke|p2|Keldeo|
|poke|p2|Dragonite, M|
|teampreview
|inactive|Battle timer is ON: inactive players will automatically lose when time's up. (requested by Grunkle G.)
|
|t:|1743778853
|start
|switch|p1a: Sylveon|Sylveon, F|100/100
|switch|p2a: Tink Floyd|Tinkaton, F|100/100
|-ability|p2a: Tink Floyd|Mold Breaker
|-item|p2a: Tink Floyd|Air Balloon
|turn|1
|
|t:|1743778864
|switch|p1a: Corviknight|Corviknight, M|100/100
|-ability|p1a: Corviknight|Pressure
|move|p2a: Tink Floyd|Thunder Wave|p1a: Corviknight
|-status|p1a: Corviknight|par
|
|upkeep
|turn|2
|
|t:|1743778874
|move|p2a: Tink Floyd|Stealth Rock|p1a: Corviknight
|-sidestart|p1: Ace_of_Stars02|move: Stealth Rock
|move|p1a: Corviknight|U-turn|p2a: Tink Floyd
|-resisted|p2a: Tink Floyd
|-damage|p2a: Tink Floyd|97/100
|-enditem|p2a: Tink Floyd|Air Balloon
|
|t:|1743778882
|switch|p1a: Snorlax|Snorlax, M|100/100|[from] U-turn
|-damage|p1a: Snorlax|88/100|[from] Stealth Rock
|
|upkeep
|turn|3
|
|t:|1743778888
|move|p2a: Tink Floyd|Thunder Wave|p1a: Snorlax
|-status|p1a: Snorlax|par
|cant|p1a: Snorlax|par
|
|upkeep
|turn|4
|
|t:|1743778897
|move|p2a: Tink Floyd|Gigaton Hammer|p1a: Snorlax
|-damage|p1a: Snorlax|46/100 par
|move|p1a: Snorlax|Counter|p2a: Tink Floyd
|-damage|p2a: Tink Floyd|0 fnt
|faint|p2a: Tink Floyd
|
|upkeep
|
|t:|1743778915
|switch|p2a: KelDio|Keldeo|100/100
|turn|5
|
|t:|1743778920
|move|p2a: KelDio|Flip Turn|p1a: Snorlax
|-damage|p1a: Snorlax|32/100 par
|
|t:|1743778928
|switch|p2a: Runneth Over|Sinistcha-Masterpiece|100/100|[from] Flip Turn
|move|p1a: Snorlax|Double-Edge|p2a: Runneth Over
|-immune|p2a: Runneth Over
|
|upkeep
|turn|6
|
|t:|1743778938
|switch|p1a: Garganacl|Garganacl, M|100/100
|-damage|p1a: Garganacl|88/100|[from] Stealth Rock
|move|p2a: Runneth Over|Calm Mind|p2a: Runneth Over
|-boost|p2a: Runneth Over|spa|1
|-boost|p2a: Runneth Over|spd|1
|
|-heal|p1a: Garganacl|94/100|[from] item: Leftovers
|upkeep
|turn|7
|
|t:|1743778947
|move|p2a: Runneth Over|Matcha Gotcha|p1a: Garganacl
|-supereffective|p1a: Garganacl
|-damage|p1a: Garganacl|29/100
|move|p1a: Garganacl|Salt Cure|p2a: Runneth Over
|-damage|p2a: Runneth Over|91/100
|-start|p2a: Runneth Over|Salt Cure
|
|-heal|p1a: Garganacl|35/100|[from] item: Leftovers
|-damage|p2a: Runneth Over|78/100|[from] Salt Cure
|upkeep
|turn|8
|
|t:|1743778960
|switch|p1a: Sylveon|Sylveon, F|100/100
|-damage|p1a: Sylveon|88/100|[from] Stealth Rock
|move|p2a: Runneth Over|Matcha Gotcha|p1a: Sylveon
|-damage|p1a: Sylveon|54/100
|-heal|p2a: Runneth Over|98/100|[from] drain|[of] p1a: Sylveon
|
|-damage|p2a: Runneth Over|85/100|[from] Salt Cure
|upkeep
|turn|9
|
|t:|1743778972
|switch|p2a: Fallen Tingdom|Ting-Lu|100/100
|-ability|p2a: Fallen Tingdom|Vessel of Ruin
|move|p1a: Sylveon|Hyper Voice|p2a: Fallen Tingdom
|-supereffective|p2a: Fallen Tingdom
|-crit|p2a: Fallen Tingdom
|-damage|p2a: Fallen Tingdom|0 fnt
|faint|p2a: Fallen Tingdom
|
|upkeep
|
|t:|1743778993
|switch|p2a: Runneth Over|Sinistcha-Masterpiece|85/100
|turn|10
|
|t:|1743778997
|-terastallize|p2a: Runneth Over|Poison
|move|p2a: Runneth Over|Calm Mind|p2a: Runneth Over
|-boost|p2a: Runneth Over|spa|1
|-boost|p2a: Runneth Over|spd|1
|move|p1a: Sylveon|Hyper Voice|p2a: Runneth Over
|-resisted|p2a: Runneth Over
|-damage|p2a: Runneth Over|52/100
|
|upkeep
|turn|11
|
|t:|1743779024
|move|p2a: Runneth Over|Strength Sap|p1a: Sylveon
|-unboost|p1a: Sylveon|atk|1
|-heal|p2a: Runneth Over|95/100
|move|p1a: Sylveon|Hyper Voice|p2a: Runneth Over
|-resisted|p2a: Runneth Over
|-damage|p2a: Runneth Over|65/100
|
|upkeep
|turn|12
|
|t:|1743779032
|move|p2a: Runneth Over|Calm Mind|p2a: Runneth Over
|-boost|p2a: Runneth Over|spa|1
|-boost|p2a: Runneth Over|spd|1
|move|p1a: Sylveon|Hyper Voice|p2a: Runneth Over
|-resisted|p2a: Runneth Over
|-damage|p2a: Runneth Over|41/100
|
|upkeep
|turn|13
|
|t:|1743779039
|move|p2a: Runneth Over|Matcha Gotcha|p1a: Sylveon
|-damage|p1a: Sylveon|8/100
|-heal|p2a: Runneth Over|67/100|[from] drain|[of] p1a: Sylveon
|move|p1a: Sylveon|Hyper Voice|p2a: Runneth Over
|-resisted|p2a: Runneth Over
|-damage|p2a: Runneth Over|43/100
|
|upkeep
|turn|14
|
|t:|1743779051
|move|p2a: Runneth Over|Matcha Gotcha|p1a: Sylveon
|-damage|p1a: Sylveon|0 fnt
|-heal|p2a: Runneth Over|48/100|[from] drain|[of] p1a: Sylveon
|faint|p1a: Sylveon
|
|upkeep
|
|t:|1743779059
|switch|p1a: Snorlax|Snorlax, M|32/100 par
|-damage|p1a: Snorlax|20/100 par|[from] Stealth Rock
|turn|15
|
|t:|1743779067
|-terastallize|p1a: Snorlax|Grass
|move|p2a: Runneth Over|Strength Sap|p1a: Snorlax
|-unboost|p1a: Snorlax|atk|1
|-heal|p2a: Runneth Over|100/100
|move|p1a: Snorlax|Earthquake|p2a: Runneth Over
|-supereffective|p2a: Runneth Over
|-damage|p2a: Runneth Over|69/100
|
|upkeep
|turn|16
|
|t:|1743779080
|switch|p1a: Dragonite|Dragonite, F|100/100
|-damage|p1a: Dragonite|75/100|[from] Stealth Rock
|move|p2a: Runneth Over|Strength Sap|p1a: Dragonite
|-unboost|p1a: Dragonite|atk|1
|-heal|p2a: Runneth Over|100/100
|
|upkeep
|turn|17
|
|t:|1743779088
|switch|p1a: Corviknight|Corviknight, M|100/100 par
|-damage|p1a: Corviknight|88/100 par|[from] Stealth Rock
|-ability|p1a: Corviknight|Pressure
|move|p2a: Runneth Over|Shadow Ball|p1a: Corviknight
|-damage|p1a: Corviknight|29/100 par
|
|upkeep
|turn|18
|
|t:|1743779097
|move|p2a: Runneth Over|Calm Mind|p2a: Runneth Over
|-boost|p2a: Runneth Over|spa|1
|-boost|p2a: Runneth Over|spd|1
|move|p1a: Corviknight|Defog|p2a: Runneth Over
|-unboost|p2a: Runneth Over|evasion|1
|-sideend|p1: Ace_of_Stars02|Stealth Rock|[from] move: Defog|[of] p1a: Corviknight
|
|upkeep
|turn|19
|
|t:|1743779107
|move|p2a: Runneth Over|Strength Sap|p1a: Corviknight
|-unboost|p1a: Corviknight|atk|1
|move|p1a: Corviknight|U-turn|p2a: Runneth Over
|-resisted|p2a: Runneth Over
|-damage|p2a: Runneth Over|97/100
|
|t:|1743779115
|switch|p1a: Dragonite|Dragonite, F|75/100|[from] U-turn
|
|upkeep
|turn|20
|
|t:|1743779120
|move|p1a: Dragonite|Scale Shot|p2a: Runneth Over
|-crit|p2a: Runneth Over
|-damage|p2a: Runneth Over|82/100
|-damage|p2a: Runneth Over|72/100
|-damage|p2a: Runneth Over|63/100
|-damage|p2a: Runneth Over|52/100
|-damage|p2a: Runneth Over|41/100
|-hitcount|p2a: Runneth Over|5
|-unboost|p1a: Dragonite|def|1
|-boost|p1a: Dragonite|spe|1
|move|p2a: Runneth Over|Shadow Ball|p1a: Dragonite
|-damage|p1a: Dragonite|0 fnt
|faint|p1a: Dragonite
|
|upkeep
|-message|Ace_of_Stars02 forfeited.
|
|win|Grunkle G.
|raw|Ace_of_Stars02's rating: 1479 &rarr; <strong>1463</strong><br />(-16 for losing)
|raw|Grunkle G.'s rating: 1545 &rarr; <strong>1561</strong><br />(+16 for winning)
|l|☆Ace_of_Stars02
|player|p1|
|l|☆Grunkle G.
|player|p2|
