|j|☆Marshadowbestboi
|j|☆Mimizy ❤️
|t:|1743875146
|gametype|singles
|player|p1|Marshadowbestboi|cynthia|1223
|player|p2|Mimizy ❤️|rosa-masters2|1158
|teamsize|p1|6
|teamsize|p2|6
|gen|9
|tier|[Gen 9] OU
|rated|
|rule|HP Percentage Mod: HP is shown in percentages
|rule|Endless Battle Clause: Forcing endless battles is banned
|rule|Species Clause: Limit one of each Pokémon
|rule|OHKO Clause: OHKO moves are banned
|rule|Evasion Items Clause: Evasion items are banned
|rule|Evasion Moves Clause: Evasion moves are banned
|rule|Sleep Moves Clause: Sleep-inducing moves are banned
|clearpoke
|poke|p1|Dragapult, F|
|poke|p1|Pelipper, M|
|poke|p1|Arcanine-Hisui, M|
|poke|p1|Iron Treads|
|poke|p1|Iron Valiant|
|poke|p1|Meowscarada, F|
|poke|p2|Jirachi|
|poke|p2|Corviknight, F|
|poke|p2|Blissey, F|
|poke|p2|Zapdos|
|poke|p2|Slowking-Galar, M|
|poke|p2|Great Tusk|
|teampreview
|inactive|Battle timer is ON: inactive players will automatically lose when time's up. (requested by Mimizy ❤️)
|j| Lavisse
|inactive|Mimizy ❤️ has 120 seconds left.
|
|t:|1743875184
|start
|switch|p1a: Pelipper|Pelipper, M|100/100
|switch|p2a: Daily dose of zap|Zapdos|100/100
|-weather|RainDance|[from] ability: Drizzle|[of] p1a: Pelipper
|turn|1
|
|t:|1743875196
|switch|p1a: Iron Treads|Iron Treads|100/100
|move|p2a: Daily dose of zap|U-turn|p1a: Iron Treads
|-resisted|p1a: Iron Treads
|-damage|p1a: Iron Treads|94/100
|
|t:|1743875207
|switch|p2a: 土|Great Tusk|100/100|[from] U-turn
|
|-weather|RainDance|[upkeep]
|upkeep
|turn|2
|l| Lavisse
|
|t:|1743875218
|-end|p1a: Iron Treads|Quark Drive|[silent]
|switch|p1a: Pelipper|Pelipper, M|100/100
|move|p2a: 土|Bulk Up|p2a: 土
|-boost|p2a: 土|atk|1
|-boost|p2a: 土|def|1
|
|-weather|RainDance|[upkeep]
|upkeep
|turn|3
|
|t:|1743875226
|-end|p2a: 土|Protosynthesis|[silent]
|switch|p2a: Slaime|Slowking-Galar, M|100/100
|move|p1a: Pelipper|Weather Ball|p2a: Slaime
|-damage|p2a: Slaime|40/100
|
|-weather|RainDance|[upkeep]
|upkeep
|turn|4
|c|☆Mimizy ❤️|gyattt
|c|☆Mimizy ❤️|specs?
|c|☆Mimizy ❤️|you demon
|
|t:|1743875243
|switch|p2a: Never Exhaust|Blissey, F|100/100
|move|p1a: Pelipper|Weather Ball|p2a: Never Exhaust
|-damage|p2a: Never Exhaust|70/100
|
|-weather|RainDance|[upkeep]
|upkeep
|turn|5
|c|☆Marshadowbestboi|haha
|
|t:|1743875263
|switch|p1a: Arcanine|Arcanine-Hisui, M|100/100
|move|p2a: Never Exhaust|Thunder Wave|p1a: Arcanine
|-status|p1a: Arcanine|par
|
|-weather|none
|upkeep
|turn|6
|
|t:|1743875276
|switch|p2a: 土|Great Tusk|100/100
|move|p1a: Arcanine|Stealth Rock|p2a: 土
|-sidestart|p2: Mimizy ❤️|move: Stealth Rock
|
|upkeep
|turn|7
|
|t:|1743875284
|-end|p2a: 土|Protosynthesis|[silent]
|switch|p2a: Daily dose of zap|Zapdos|100/100
|switch|p1a: Pelipper|Pelipper, M|100/100
|-weather|RainDance|[from] ability: Drizzle|[of] p1a: Pelipper
|
|-weather|RainDance|[upkeep]
|upkeep
|turn|8
|
|t:|1743875299
|-terastallize|p1a: Pelipper|Ice
|move|p2a: Daily dose of zap|Heat Wave|p1a: Pelipper
|-supereffective|p1a: Pelipper
|-damage|p1a: Pelipper|61/100
|move|p1a: Pelipper|Blizzard|p2a: Daily dose of zap|[miss]
|-miss|p1a: Pelipper|p2a: Daily dose of zap
|
|-weather|RainDance|[upkeep]
|upkeep
|turn|9
|
|t:|1743875313
|switch|p2a: Never Exhaust|Blissey, F|70/100
|move|p1a: Pelipper|Blizzard|p2a: Never Exhaust|[miss]
|-miss|p1a: Pelipper|p2a: Never Exhaust
|
|-weather|RainDance|[upkeep]
|upkeep
|turn|10
|
|t:|1743875322
|switch|p1a: Arcanine|Arcanine-Hisui, M|100/100 par
|move|p2a: Never Exhaust|Stealth Rock|p1a: Arcanine
|-sidestart|p1: Marshadowbestboi|move: Stealth Rock
|
|-weather|RainDance|[upkeep]
|upkeep
|turn|11
|
|t:|1743875328
|switch|p2a: 土|Great Tusk|100/100
|-damage|p2a: 土|97/100|[from] Stealth Rock
|move|p1a: Arcanine|Head Smash|p2a: 土
|-resisted|p2a: 土
|-damage|p2a: 土|78/100
|
|-weather|none
|upkeep
|turn|12
|
|t:|1743875341
|switch|p1a: Iron Valiant|Iron Valiant, shiny|100/100
|-damage|p1a: Iron Valiant|94/100|[from] Stealth Rock
|-enditem|p1a: Iron Valiant|Booster Energy
|-activate|p1a: Iron Valiant|ability: Quark Drive|[fromitem]
|-start|p1a: Iron Valiant|quarkdrivespe
|move|p2a: 土|Bulk Up|p2a: 土
|-boost|p2a: 土|atk|1
|-boost|p2a: 土|def|1
|
|upkeep
|turn|13
|
|t:|1743875368
|-terastallize|p2a: 土|Steel
|move|p1a: Iron Valiant|Spirit Break|p2a: 土
|-resisted|p2a: 土
|-damage|p2a: 土|69/100
|-unboost|p2a: 土|spa|1
|move|p2a: 土|Bulk Up|p2a: 土
|-boost|p2a: 土|atk|1
|-boost|p2a: 土|def|1
|
|upkeep
|turn|14
|
|t:|1743875379
|move|p1a: Iron Valiant|Close Combat|p2a: 土
|-supereffective|p2a: 土
|-damage|p2a: 土|24/100
|-unboost|p1a: Iron Valiant|def|1
|-unboost|p1a: Iron Valiant|spd|1
|-enditem|p2a: 土|Salac Berry|[eat]
|-boost|p2a: 土|spe|1|[from] item: Salac Berry
|move|p2a: 土|Earthquake|p1a: Iron Valiant
|-damage|p1a: Iron Valiant|0 fnt
|faint|p1a: Iron Valiant
|-end|p1a: Iron Valiant|Quark Drive|[silent]
|
|upkeep
|
|t:|1743875407
|switch|p1a: Meowscarada|Meowscarada, F|100/100
|-damage|p1a: Meowscarada|88/100|[from] Stealth Rock
|turn|15
|j| shymor
|
|t:|1743875426
|move|p2a: 土|Body Press|p1a: Meowscarada
|-supereffective|p1a: Meowscarada
|-damage|p1a: Meowscarada|0 fnt
|faint|p1a: Meowscarada
|
|upkeep
|
|t:|1743875429
|switch|p1a: Dragapult|Dragapult, F|100/100
|turn|16
|
|t:|1743875432
|move|p2a: 土|Ice Spinner|p1a: Dragapult
|-supereffective|p1a: Dragapult
|-damage|p1a: Dragapult|0 fnt
|faint|p1a: Dragapult
|
|upkeep
|j| revansubs
|j| CrypticDonut
|
|t:|1743875437
|switch|p1a: Arcanine|Arcanine-Hisui, M|100/100 par
|-damage|p1a: Arcanine|75/100 par|[from] Stealth Rock
|turn|17
|j| Youngster Pappy
|j| Stads
|j| faless
|l| Youngster Pappy
|
|t:|1743875453
|move|p1a: Arcanine|Extreme Speed|p2a: 土
|-resisted|p2a: 土
|-damage|p2a: 土|16/100
|move|p2a: 土|Earthquake|p1a: Arcanine
|-supereffective|p1a: Arcanine
|-damage|p1a: Arcanine|0 fnt
|faint|p1a: Arcanine
|
|upkeep
|l| Stads
|
|t:|1743875459
|switch|p1a: Pelipper|Pelipper, M, tera:Ice|61/100
|-damage|p1a: Pelipper|37/100|[from] Stealth Rock
|-weather|RainDance|[from] ability: Drizzle|[of] p1a: Pelipper
|turn|18
|
|t:|1743875461
|move|p2a: 土|Body Press|p1a: Pelipper
|-supereffective|p1a: Pelipper
|-damage|p1a: Pelipper|0 fnt
|faint|p1a: Pelipper
|
|-weather|RainDance|[upkeep]
|upkeep
|
|t:|1743875463
|switch|p1a: Iron Treads|Iron Treads|94/100
|-damage|p1a: Iron Treads|91/100|[from] Stealth Rock
|turn|19
|
|t:|1743875467
|move|p2a: 土|Earthquake|p1a: Iron Treads
|-supereffective|p1a: Iron Treads
|-damage|p1a: Iron Treads|0 fnt
|faint|p1a: Iron Treads
|-end|p1a: Iron Treads|Quark Drive|[silent]
|
|win|Mimizy ❤️
|raw|Marshadowbestboi's rating: 1223 &rarr; <strong>1193</strong><br />(-30 for losing)
|raw|Mimizy ❤️'s rating: 1158 &rarr; <strong>1188</strong><br />(+30 for winning)
|c|☆Marshadowbestboi|gg
|l| revansubs
|c|☆Mimizy ❤️|gg
|l| shymor
