|j|☆Vince1314
|j|☆freakoffweeb
|t:|1743789248
|gametype|singles
|player|p1|Vince1314|1|1557
|player|p2|freakoffweeb|pokemaniac|1502
|teamsize|p1|6
|teamsize|p2|6
|gen|9
|tier|[Gen 9] OU
|rated|
|rule|HP Percentage Mod: HP is shown in percentages
|rule|Endless Battle Clause: Forcing endless battles is banned
|rule|Species Clause: Limit one of each Pokémon
|rule|OHKO Clause: OHKO moves are banned
|rule|Evasion Items Clause: Evasion items are banned
|rule|Evasion Moves Clause: Evasion moves are banned
|rule|Sleep Moves Clause: Sleep-inducing moves are banned
|clearpoke
|poke|p1|Dragonite, F|
|poke|p1|Pelipper, M|
|poke|p1|Floatzel, F|
|poke|p1|Iron Treads|
|poke|p1|Volcanion|
|poke|p1|Kingambit, F|
|poke|p2|Weavile, F|
|poke|p2|Hydrapple, F|
|poke|p2|Moltres|
|poke|p2|Weezing-Galar, M|
|poke|p2|Alomomola, M|
|poke|p2|Ting-Lu|
|teampreview
|inactive|Battle timer is ON: inactive players will automatically lose when time's up. (requested by freakoffweeb)
|inactive|freakoffweeb has 120 seconds left.
|
|t:|1743789305
|start
|switch|p1a: Pelipper|Pelipper, M|100/100
|switch|p2a: Weezing|Weezing-Galar, M|100/100
|-ability|p2a: Weezing|Neutralizing Gas
|turn|1
|
|t:|1743789314
|move|p1a: Pelipper|Hurricane|p2a: Weezing
|-damage|p2a: Weezing|48/100
|move|p2a: Weezing|Strange Steam|p1a: Pelipper
|-damage|p1a: Pelipper|59/100
|
|upkeep
|turn|2
|
|t:|1743789322
|-end|p2a: Weezing|ability: Neutralizing Gas
|-weather|RainDance|[from] ability: Drizzle|[of] p1a: Pelipper
|switch|p2a: Alomomola|Alomomola, M|100/100
|move|p1a: Pelipper|Hurricane|p2a: Alomomola
|-damage|p2a: Alomomola|80/100
|-start|p2a: Alomomola|confusion
|
|-weather|RainDance|[upkeep]
|upkeep
|turn|3
|
|t:|1743789332
|move|p1a: Pelipper|U-turn|p2a: Alomomola
|-damage|p2a: Alomomola|74/100
|
|t:|1743789335
|switch|p1a: Volcanion|Volcanion|100/100|[from] U-turn
|-activate|p2a: Alomomola|confusion
|move|p2a: Alomomola|Flip Turn|p1a: Volcanion
|-immune|p1a: Volcanion|[from] ability: Water Absorb
|
|-weather|RainDance|[upkeep]
|upkeep
|turn|4
|
|t:|1743789342
|move|p1a: Volcanion|Steam Eruption|p2a: Alomomola
|-resisted|p2a: Alomomola
|-damage|p2a: Alomomola|48/100
|-status|p2a: Alomomola|brn
|-activate|p2a: Alomomola|confusion
|move|p2a: Alomomola|Mirror Coat|p1a: Volcanion
|-damage|p1a: Volcanion|31/100
|
|-weather|RainDance|[upkeep]
|-damage|p2a: Alomomola|41/100 brn|[from] brn
|upkeep
|turn|5
|
|t:|1743789351
|move|p1a: Volcanion|Substitute|p1a: Volcanion
|-start|p1a: Volcanion|Substitute
|-damage|p1a: Volcanion|6/100
|-end|p2a: Alomomola|confusion
|move|p2a: Alomomola|Mirror Coat||[still]
|-fail|p2a: Alomomola
|
|-weather|RainDance|[upkeep]
|-damage|p2a: Alomomola|35/100 brn|[from] brn
|upkeep
|turn|6
|
|t:|1743789359
|switch|p2a: Hydrapple|Hydrapple, F|100/100
|move|p1a: Volcanion|Steam Eruption|p2a: Hydrapple
|-resisted|p2a: Hydrapple
|-damage|p2a: Hydrapple|76/100
|
|-weather|RainDance|[upkeep]
|upkeep
|turn|7
|
|t:|1743789366
|move|p1a: Volcanion|Sludge Wave|p2a: Hydrapple
|-supereffective|p2a: Hydrapple
|-damage|p2a: Hydrapple|7/100
|move|p2a: Hydrapple|Giga Drain|p1a: Volcanion
|-end|p1a: Volcanion|Substitute
|-heal|p2a: Hydrapple|18/100|[from] drain|[of] p1a: Volcanion
|
|-weather|RainDance|[upkeep]
|upkeep
|turn|8
|
|t:|1743789375
|switch|p2a: Ting-Lu|Ting-Lu|100/100
|-ability|p2a: Ting-Lu|Vessel of Ruin
|move|p1a: Volcanion|Steam Eruption|p2a: Ting-Lu|[miss]
|-miss|p1a: Volcanion|p2a: Ting-Lu
|
|-weather|RainDance|[upkeep]
|upkeep
|turn|9
|
|t:|1743789382
|move|p1a: Volcanion|Steam Eruption|p2a: Ting-Lu
|-supereffective|p2a: Ting-Lu
|-damage|p2a: Ting-Lu|21/100
|-status|p2a: Ting-Lu|brn
|move|p2a: Ting-Lu|Stealth Rock|p1a: Volcanion
|-sidestart|p1: Vince1314|move: Stealth Rock
|
|-weather|none
|-heal|p2a: Ting-Lu|27/100 brn|[from] item: Leftovers
|-damage|p2a: Ting-Lu|21/100 brn|[from] brn
|upkeep
|turn|10
|
|t:|1743789391
|move|p1a: Volcanion|Steam Eruption|p2a: Ting-Lu
|-supereffective|p2a: Ting-Lu
|-damage|p2a: Ting-Lu|0 fnt
|faint|p2a: Ting-Lu
|
|upkeep
|
|t:|1743789397
|switch|p2a: Weavile|Weavile, F, shiny|100/100
|-ability|p2a: Weavile|Pressure
|turn|11
|
|t:|1743789402
|move|p2a: Weavile|Knock Off|p1a: Volcanion
|-damage|p1a: Volcanion|0 fnt
|-enditem|p1a: Volcanion|Heavy-Duty Boots|[from] move: Knock Off|[of] p2a: Weavile
|faint|p1a: Volcanion
|
|upkeep
|
|t:|1743789409
|switch|p1a: Iron Treads|Iron Treads|100/100
|-damage|p1a: Iron Treads|97/100|[from] Stealth Rock
|-enditem|p1a: Iron Treads|Booster Energy
|-activate|p1a: Iron Treads|ability: Quark Drive|[fromitem]
|-start|p1a: Iron Treads|quarkdrivespe
|turn|12
|
|t:|1743789423
|switch|p2a: Hydrapple|Hydrapple, F|51/100
|move|p1a: Iron Treads|Earthquake|p2a: Hydrapple
|-resisted|p2a: Hydrapple
|-damage|p2a: Hydrapple|36/100
|
|upkeep
|turn|13
|
|t:|1743789430
|switch|p2a: Moltres|Moltres|100/100
|move|p1a: Iron Treads|Earthquake|p2a: Moltres
|-immune|p2a: Moltres
|
|upkeep
|turn|14
|
|t:|1743789440
|move|p1a: Iron Treads|Rapid Spin|p2a: Moltres
|-damage|p2a: Moltres|91/100
|-boost|p1a: Iron Treads|spe|1
|-sideend|p1: Vince1314|Stealth Rock|[from] move: Rapid Spin|[of] p1a: Iron Treads
|move|p2a: Moltres|Roar|p1a: Iron Treads
|-end|p1a: Iron Treads|Quark Drive|[silent]
|drag|p1a: Floatzel|Floatzel, F|100/100
|
|upkeep
|turn|15
|
|t:|1743789447
|switch|p2a: Hydrapple|Hydrapple, F|69/100
|move|p1a: Floatzel|Flip Turn|p2a: Hydrapple
|-resisted|p2a: Hydrapple
|-damage|p2a: Hydrapple|61/100
|
|t:|1743789453
|switch|p1a: Pelipper|Pelipper, M|59/100|[from] Flip Turn
|-weather|RainDance|[from] ability: Drizzle|[of] p1a: Pelipper
|
|-weather|RainDance|[upkeep]
|upkeep
|turn|16
|
|t:|1743789478
|switch|p2a: Alomomola|Alomomola, M|69/100 brn
|move|p1a: Pelipper|U-turn|p2a: Alomomola
|-damage|p2a: Alomomola|63/100 brn
|
|t:|1743789483
|switch|p1a: Dragonite|Dragonite, F|100/100|[from] U-turn
|
|-weather|RainDance|[upkeep]
|-damage|p2a: Alomomola|57/100 brn|[from] brn
|upkeep
|turn|17
|inactive|freakoffweeb has 120 seconds left.
|inactive|freakoffweeb has 90 seconds left.
|
|t:|1743789557
|-terastallize|p1a: Dragonite|Electric
|move|p1a: Dragonite|Thunder|p2a: Alomomola
|-supereffective|p2a: Alomomola
|-damage|p2a: Alomomola|3/100 brn
|move|p2a: Alomomola|Scald|p1a: Dragonite
|-damage|p1a: Dragonite|89/100
|-status|p1a: Dragonite|brn
|
|-weather|RainDance|[upkeep]
|-damage|p1a: Dragonite|83/100 brn|[from] brn
|-damage|p2a: Alomomola|0 fnt|[from] brn
|faint|p2a: Alomomola
|upkeep
|
|t:|1743789568
|switch|p2a: Weavile|Weavile, F, shiny|100/100
|-ability|p2a: Weavile|Pressure
|turn|18
|
|t:|1743789574
|move|p2a: Weavile|Triple Axel|p1a: Dragonite|[miss]
|-miss|p2a: Weavile|p1a: Dragonite
|move|p1a: Dragonite|Thunder|p2a: Weavile
|-damage|p2a: Weavile|35/100
|
|-weather|RainDance|[upkeep]
|-damage|p1a: Dragonite|77/100 brn|[from] brn
|upkeep
|turn|19
|
|t:|1743789583
|switch|p1a: Kingambit|Kingambit, F|100/100
|-activate|p1a: Kingambit|ability: Supreme Overlord
|-start|p1a: Kingambit|fallen1|[silent]
|move|p2a: Weavile|Triple Axel|p1a: Kingambit
|-resisted|p1a: Kingambit
|-damage|p1a: Kingambit|95/100
|-resisted|p1a: Kingambit
|-damage|p1a: Kingambit|84/100
|-resisted|p1a: Kingambit
|-damage|p1a: Kingambit|67/100
|-hitcount|p1a: Kingambit|3
|
|-weather|RainDance|[upkeep]
|-heal|p1a: Kingambit|73/100|[from] item: Leftovers
|upkeep
|turn|20
|inactive|freakoffweeb has 90 seconds left.
|
|t:|1743789595
|switch|p2a: Moltres|Moltres|91/100
|-end|p1a: Kingambit|fallen1|[silent]
|switch|p1a: Floatzel|Floatzel, F|100/100
|
|-weather|RainDance|[upkeep]
|upkeep
|turn|21
|
|t:|1743789602
|move|p1a: Floatzel|Ice Spinner|p2a: Moltres
|-damage|p2a: Moltres|63/100
|move|p2a: Moltres|U-turn|p1a: Floatzel
|-damage|p1a: Floatzel|73/100
|
|t:|1743789607
|switch|p2a: Weezing|Weezing-Galar, M|48/100|[from] U-turn
|-ability|p2a: Weezing|Neutralizing Gas
|
|-weather|RainDance|[upkeep]
|upkeep
|turn|22
|
|t:|1743789615
|switch|p1a: Dragonite|Dragonite, F, tera:Electric|77/100 brn
|move|p2a: Weezing|Pain Split|p1a: Dragonite
|-sethp|p1a: Dragonite|63/100 brn|[from] move: Pain Split|[silent]
|-sethp|p2a: Weezing|61/100|[from] move: Pain Split
|
|-weather|none
|-damage|p1a: Dragonite|57/100 brn|[from] brn
|upkeep
|turn|23
|
|t:|1743789628
|move|p1a: Dragonite|Thunder|p2a: Weezing
|-damage|p2a: Weezing|0 fnt
|faint|p2a: Weezing
|-end|p2a: Weezing|ability: Neutralizing Gas
|
|-damage|p1a: Dragonite|50/100 brn|[from] brn
|upkeep
|
|t:|1743789638
|switch|p2a: Weavile|Weavile, F, shiny|35/100
|-ability|p2a: Weavile|Pressure
|turn|24
|
|t:|1743789643
|switch|p1a: Pelipper|Pelipper, M|59/100
|-weather|RainDance|[from] ability: Drizzle|[of] p1a: Pelipper
|move|p2a: Weavile|Knock Off|p1a: Pelipper
|-damage|p1a: Pelipper|7/100
|-enditem|p1a: Pelipper|Damp Rock|[from] move: Knock Off|[of] p2a: Weavile
|
|-weather|RainDance|[upkeep]
|upkeep
|turn|25
|inactive|freakoffweeb has 120 seconds left.
|inactive|freakoffweeb has 90 seconds left.
|inactive|freakoffweeb has 60 seconds left.
|
|t:|1743789713
|move|p2a: Weavile|Knock Off|p1a: Pelipper
|-damage|p1a: Pelipper|0 fnt
|faint|p1a: Pelipper
|
|-weather|RainDance|[upkeep]
|upkeep
|
|t:|1743789718
|switch|p1a: Floatzel|Floatzel, F|73/100
|turn|26
|
|t:|1743789721
|switch|p2a: Hydrapple|Hydrapple, F|94/100
|move|p1a: Floatzel|Flip Turn|p2a: Hydrapple
|-resisted|p2a: Hydrapple
|-damage|p2a: Hydrapple|82/100
|
|t:|1743789727
|switch|p1a: Dragonite|Dragonite, F, tera:Electric|50/100 brn|[from] Flip Turn
|
|-weather|RainDance|[upkeep]
|-damage|p1a: Dragonite|44/100 brn|[from] brn
|upkeep
|turn|27
|
|t:|1743789733
|move|p1a: Dragonite|Ice Beam|p2a: Hydrapple
|-supereffective|p2a: Hydrapple
|-damage|p2a: Hydrapple|0 fnt
|faint|p2a: Hydrapple
|
|-weather|RainDance|[upkeep]
|-damage|p1a: Dragonite|38/100 brn|[from] brn
|upkeep
|
|t:|1743789735
|switch|p2a: Weavile|Weavile, F, shiny|35/100
|-ability|p2a: Weavile|Pressure
|turn|28
|
|t:|1743789742
|move|p2a: Weavile|Knock Off|p1a: Dragonite
|-damage|p1a: Dragonite|0 fnt
|-enditem|p1a: Dragonite|Heavy-Duty Boots|[from] move: Knock Off|[of] p2a: Weavile
|faint|p1a: Dragonite
|
|-weather|RainDance|[upkeep]
|upkeep
|
|t:|1743789748
|switch|p1a: Floatzel|Floatzel, F|73/100
|turn|29
|
|t:|1743789764
|move|p1a: Floatzel|Wave Crash|p2a: Weavile
|-damage|p2a: Weavile|0 fnt
|faint|p2a: Weavile
|-damage|p1a: Floatzel|63/100|[from] Recoil
|
|-weather|RainDance|[upkeep]
|upkeep
|
|t:|1743789765
|switch|p2a: Moltres|Moltres|63/100
|turn|30
|
|t:|1743789771
|-terastallize|p2a: Moltres|Fairy
|move|p1a: Floatzel|Wave Crash|p2a: Moltres
|-damage|p2a: Moltres|0 fnt
|faint|p2a: Moltres
|-damage|p1a: Floatzel|38/100|[from] Recoil
|
|win|Vince1314
|raw|Vince1314's rating: 1557 &rarr; <strong>1574</strong><br />(+17 for winning)
|raw|freakoffweeb's rating: 1502 &rarr; <strong>1485</strong><br />(-17 for losing)
|l|☆freakoffweeb
|player|p2|
|l|☆Vince1314
|player|p1|
