|j|☆The_Matouflamme
|j|☆KazutoLink13
|t:|1743880802
|gametype|singles
|player|p1|The_Matouflamme|christoph|
|player|p2|KazutoLink13|hilbert-wonderlauncher|
|teamsize|p1|6
|teamsize|p2|6
|gen|9
|tier|[Gen 9] OU
|rule|HP Percentage Mod: HP is shown in percentages
|rule|Endless Battle Clause: Forcing endless battles is banned
|rule|Species Clause: Limit one of each Pokémon
|rule|OHKO Clause: OHKO moves are banned
|rule|Evasion Items Clause: Evasion items are banned
|rule|Evasion Moves Clause: Evasion moves are banned
|rule|Sleep Moves Clause: Sleep-inducing moves are banned
|clearpoke
|poke|p1|Ribombee, F|
|poke|p1|Cinderace, M|
|poke|p1|Serperior, F|
|poke|p1|Mimikyu, M|
|poke|p1|Dragapult, M|
|poke|p1|Bisharp, M|
|poke|p2|Swampert, M|
|poke|p2|Weavile, M|
|poke|p2|Arcanine-Hisui, M|
|poke|p2|Gallade, M|
|poke|p2|Exeggutor, M|
|poke|p2|Skarmory, M|
|teampreview
|inactive|Battle timer is ON: inactive players will automatically lose when time's up. (requested by The_Matouflamme)
|
|t:|1743880823
|start
|switch|p1a: Ribombee|Ribombee, F|100/100
|switch|p2a: Skarmory|Skarmory, M, shiny|100/100
|turn|1
|
|t:|1743880835
|move|p1a: Ribombee|Stun Spore|p2a: Skarmory
|-status|p2a: Skarmory|par
|move|p2a: Skarmory|Icy Wind|p1a: Ribombee|[miss]
|-miss|p2a: Skarmory|p1a: Ribombee
|
|upkeep
|turn|2
|
|t:|1743880842
|move|p1a: Ribombee|Sticky Web|p2a: Skarmory
|-sidestart|p2: KazutoLink13|move: Sticky Web
|move|p2a: Skarmory|Icy Wind|p1a: Ribombee
|-damage|p1a: Ribombee|90/100
|
|upkeep
|turn|3
|
|t:|1743880857
|switch|p1a: Cinderace|Cinderace, M, shiny|100/100
|cant|p2a: Skarmory|par
|
|upkeep
|turn|4
|inactive|KazutoLink13 has 270 seconds left.
|
|t:|1743880888
|move|p1a: Cinderace|Court Change|p1a: Cinderace
|-swapsideconditions
|-activate|p1a: Cinderace|move: Court Change
|move|p2a: Skarmory|Spikes|p1a: Cinderace
|-sidestart|p1: The_Matouflamme|Spikes
|
|upkeep
|turn|5
|
|t:|1743880897
|move|p1a: Cinderace|U-turn|p2a: Skarmory
|-resisted|p2a: Skarmory
|-crit|p2a: Skarmory
|-damage|p2a: Skarmory|96/100 par
|
|t:|1743880900
|switch|p1a: Ribombee|Ribombee, F|90/100|[from] U-turn
|-activate|p1a: Ribombee|move: Sticky Web
|-unboost|p1a: Ribombee|spe|1
|-damage|p1a: Ribombee|78/100|[from] Spikes
|move|p2a: Skarmory|Spikes|p1a: Ribombee
|-sidestart|p1: The_Matouflamme|Spikes
|
|-heal|p2a: Skarmory|100/100 par|[from] item: Leftovers
|upkeep
|turn|6
|
|t:|1743880902
|move|p1a: Ribombee|Sticky Web|p2a: Skarmory
|-sidestart|p2: KazutoLink13|move: Sticky Web
|move|p2a: Skarmory|Spikes|p1a: Ribombee
|-sidestart|p1: The_Matouflamme|Spikes
|
|upkeep
|turn|7
|
|t:|1743880909
|move|p1a: Ribombee|Psychic Noise|p2a: Skarmory
|-resisted|p2a: Skarmory
|-damage|p2a: Skarmory|86/100 par
|-start|p2a: Skarmory|move: Heal Block
|cant|p2a: Skarmory|par
|
|upkeep
|turn|8
|
|t:|1743880916
|move|p1a: Ribombee|Moonblast|p2a: Skarmory
|-resisted|p2a: Skarmory
|-damage|p2a: Skarmory|57/100 par
|-unboost|p2a: Skarmory|spa|1
|move|p2a: Skarmory|Tailwind|p2a: Skarmory
|-sidestart|p2: KazutoLink13|move: Tailwind
|
|-end|p2a: Skarmory|move: Heal Block
|upkeep
|turn|9
|
|t:|1743880923
|move|p1a: Ribombee|Psychic Noise|p2a: Skarmory
|-resisted|p2a: Skarmory
|-damage|p2a: Skarmory|42/100 par
|-start|p2a: Skarmory|move: Heal Block
|move|p2a: Skarmory|Body Press|p1a: Ribombee
|-resisted|p1a: Ribombee
|-damage|p1a: Ribombee|62/100
|
|upkeep
|turn|10
|
|t:|1743880945
|switch|p2a: Arcanine|Arcanine-Hisui, M, shiny|100/100
|-activate|p2a: Arcanine|move: Sticky Web
|-unboost|p2a: Arcanine|spe|1
|move|p1a: Ribombee|Moonblast|p2a: Arcanine
|-resisted|p2a: Arcanine
|-damage|p2a: Arcanine|78/100
|-unboost|p2a: Arcanine|spa|1
|
|upkeep
|turn|11
|
|t:|1743880959
|switch|p1a: Mimikyu|Mimikyu, M|100/100
|-activate|p1a: Mimikyu|move: Sticky Web
|-unboost|p1a: Mimikyu|spe|1
|-damage|p1a: Mimikyu|76/100|[from] Spikes
|move|p2a: Arcanine|Extreme Speed|p1a: Mimikyu
|-immune|p1a: Mimikyu
|
|-sideend|p2: KazutoLink13|move: Tailwind
|upkeep
|turn|12
|
|t:|1743880971
|move|p1a: Mimikyu|Will-O-Wisp|p2a: Arcanine
|-immune|p2a: Arcanine
|move|p2a: Arcanine|Flare Blitz|p1a: Mimikyu
|-activate|p1a: Mimikyu|ability: Disguise
|-damage|p1a: Mimikyu|76/100
|-status|p1a: Mimikyu|brn
|detailschange|p1a: Mimikyu|Mimikyu-Busted, M
|-damage|p1a: Mimikyu|63/100 brn|[from] pokemon: Mimikyu-Busted
|-enditem|p1a: Mimikyu|Red Card|[of] p2a: Arcanine
|drag|p2a: Swampert|Swampert, M|100/100
|-activate|p2a: Swampert|move: Sticky Web
|-unboost|p2a: Swampert|spe|1
|
|-damage|p1a: Mimikyu|57/100 brn|[from] brn
|upkeep
|turn|13
|
|t:|1743880982
|move|p1a: Mimikyu|Will-O-Wisp|p2a: Swampert
|-status|p2a: Swampert|brn
|move|p2a: Swampert|Stealth Rock|p1a: Mimikyu
|-sidestart|p1: The_Matouflamme|move: Stealth Rock
|
|-damage|p1a: Mimikyu|51/100 brn|[from] brn
|-damage|p2a: Swampert|94/100 brn|[from] brn
|upkeep
|turn|14
|
|t:|1743880998
|move|p1a: Mimikyu|Play Rough|p2a: Swampert
|-damage|p2a: Swampert|78/100 brn
|move|p2a: Swampert|Earthquake|p1a: Mimikyu
|-damage|p1a: Mimikyu|13/100 brn
|
|-heal|p2a: Swampert|84/100 brn|[from] item: Leftovers
|-damage|p1a: Mimikyu|7/100 brn|[from] brn
|-damage|p2a: Swampert|78/100 brn|[from] brn
|upkeep
|turn|15
|
|t:|1743881004
|move|p1a: Mimikyu|Destiny Bond|p1a: Mimikyu
|-singlemove|p1a: Mimikyu|Destiny Bond
|move|p2a: Swampert|Waterfall|p1a: Mimikyu
|-damage|p1a: Mimikyu|0 fnt
|faint|p1a: Mimikyu
|-activate|p1a: Mimikyu|move: Destiny Bond
|faint|p2a: Swampert
|
|upkeep
|
|t:|1743881009
|switch|p1a: Cinderace|Cinderace, M, shiny|100/100
|switch|p2a: Skarmory|Skarmory, M, shiny|42/100 par
|turn|16
|
|t:|1743881015
|move|p1a: Cinderace|Court Change|p1a: Cinderace
|-swapsideconditions
|-activate|p1a: Cinderace|move: Court Change
|move|p2a: Skarmory|Tailwind|p2a: Skarmory
|-sidestart|p2: KazutoLink13|move: Tailwind
|
|-heal|p2a: Skarmory|48/100 par|[from] item: Leftovers
|upkeep
|turn|17
|
|t:|1743881021
|move|p1a: Cinderace|Pyro Ball|p2a: Skarmory
|-supereffective|p2a: Skarmory
|-damage|p2a: Skarmory|0 fnt
|faint|p2a: Skarmory
|
|upkeep
|
|t:|1743881028
|switch|p2a: Weavile|Weavile, M|100/100
|-ability|p2a: Weavile|Pressure
|turn|18
|c|☆The_Matouflamme|c fini
|
|t:|1743881035
|move|p2a: Weavile|Knock Off|p1a: Cinderace
|-damage|p1a: Cinderace|31/100
|-enditem|p1a: Cinderace|Heavy-Duty Boots|[from] move: Knock Off|[of] p2a: Weavile
|move|p1a: Cinderace|U-turn|p2a: Weavile
|-supereffective|p2a: Weavile
|-damage|p2a: Weavile|22/100
|inactive|The_Matouflamme has 270 seconds left.
|
|t:|1743881070
|switch|p1a: Serperior|Serperior, F, shiny|100/100|[from] U-turn
|-activate|p1a: Serperior|move: Sticky Web
|-boost|p1a: Serperior|spe|1
|
|upkeep
|turn|19
|
|t:|1743881096
|move|p2a: Weavile|Ice Shard|p1a: Serperior
|-supereffective|p1a: Serperior
|-damage|p1a: Serperior|53/100
|move|p1a: Serperior|Leaf Storm|p2a: Weavile
|-damage|p2a: Weavile|0 fnt
|-boost|p1a: Serperior|spa|2
|faint|p2a: Weavile
|
|-heal|p1a: Serperior|59/100|[from] item: Leftovers
|-sideend|p2: KazutoLink13|move: Tailwind
|upkeep
|
|t:|1743881100
|switch|p2a: Arcanine|Arcanine-Hisui, M, shiny|78/100
|-activate|p2a: Arcanine|move: Sticky Web
|-unboost|p2a: Arcanine|spe|1
|-damage|p2a: Arcanine|53/100|[from] Spikes
|-damage|p2a: Arcanine|28/100|[from] Stealth Rock
|turn|20
|
|t:|1743881113
|move|p2a: Arcanine|Extreme Speed|p1a: Serperior
|-damage|p1a: Serperior|26/100
|move|p1a: Serperior|Leaf Storm|p2a: Arcanine
|-damage|p2a: Arcanine|0 fnt
|-boost|p1a: Serperior|spa|2
|faint|p2a: Arcanine
|
|-heal|p1a: Serperior|32/100|[from] item: Leftovers
|upkeep
|
|t:|1743881121
|switch|p2a: Exeggutor|Exeggutor, M, shiny|100/100
|-activate|p2a: Exeggutor|move: Sticky Web
|-unboost|p2a: Exeggutor|spe|1
|-damage|p2a: Exeggutor|75/100|[from] Spikes
|-damage|p2a: Exeggutor|63/100|[from] Stealth Rock
|turn|21
|
|t:|1743881129
|move|p2a: Exeggutor|Protect|p2a: Exeggutor
|-singleturn|p2a: Exeggutor|Protect
|move|p1a: Serperior|Dragon Pulse|p2a: Exeggutor
|-activate|p2a: Exeggutor|move: Protect
|
|-heal|p1a: Serperior|38/100|[from] item: Leftovers
|upkeep
|turn|22
|
|t:|1743881137
|move|p1a: Serperior|Dragon Pulse|p2a: Exeggutor
|-damage|p2a: Exeggutor|0 fnt
|faint|p2a: Exeggutor
|
|-heal|p1a: Serperior|44/100|[from] item: Leftovers
|upkeep
|
|t:|1743881140
|switch|p2a: Sir gallade|Gallade, M, shiny|100/100
|-activate|p2a: Sir gallade|move: Sticky Web
|-unboost|p2a: Sir gallade|spe|1
|-damage|p2a: Sir gallade|76/100|[from] Spikes
|-damage|p2a: Sir gallade|69/100|[from] Stealth Rock
|turn|23
|
|t:|1743881148
|move|p1a: Serperior|Leaf Storm|p2a: Sir gallade
|-damage|p2a: Sir gallade|0 fnt
|-boost|p1a: Serperior|spa|2
|faint|p2a: Sir gallade
|
|win|The_Matouflamme
