|j|☆opgamer21
|j|☆Hsbdbdbd
|t:|1743797215
|gametype|singles
|player|p1|opgamer21|266|1619
|player|p2|Hsbdbdbd|2|1577
|teamsize|p1|6
|teamsize|p2|6
|gen|9
|tier|[Gen 9] OU
|rated|
|rule|HP Percentage Mod: HP is shown in percentages
|rule|Endless Battle Clause: Forcing endless battles is banned
|rule|Species Clause: Limit one of each Pokémon
|rule|OHKO Clause: OHKO moves are banned
|rule|Evasion Items Clause: Evasion items are banned
|rule|Evasion Moves Clause: Evasion moves are banned
|rule|Sleep Moves Clause: Sleep-inducing moves are banned
|clearpoke
|poke|p1|Tyranitar, M|
|poke|p1|Excadrill, M|
|poke|p1|Sandy Shocks|
|poke|p1|Corviknight, M|
|poke|p1|Clefable, F|
|poke|p1|Landorus-Therian, M|
|poke|p2|Comfey, F|
|poke|p2|Whimsicott, M|
|poke|p2|Iron Moth|
|poke|p2|Walking Wake|
|poke|p2|Great Tusk|
|poke|p2|Ninetales, F|
|teampreview
|
|t:|1743797227
|start
|switch|p1a: Tyranitar|Tyranitar, M|100/100
|switch|p2a: Great Tusk|Great Tusk|100/100
|-weather|Sandstorm|[from] ability: Sand Stream|[of] p1a: Tyranitar
|turn|1
|
|t:|1743797230
|switch|p1a: Landorus|Landorus-Therian, M|100/100
|-ability|p1a: Landorus|Intimidate|boost
|-unboost|p2a: Great Tusk|atk|1
|move|p2a: Great Tusk|Stealth Rock|p1a: Landorus
|-sidestart|p1: opgamer21|move: Stealth Rock
|
|-weather|Sandstorm|[upkeep]
|upkeep
|turn|2
|
|t:|1743797239
|move|p1a: Landorus|Earthquake|p2a: Great Tusk
|-damage|p2a: Great Tusk|65/100
|move|p2a: Great Tusk|Ice Spinner|p1a: Landorus
|-supereffective|p1a: Landorus
|-damage|p1a: Landorus|24/100
|
|-weather|Sandstorm|[upkeep]
|upkeep
|turn|3
|j| BerlinerLuft
|
|t:|1743797252
|switch|p1a: Corviknight|Corviknight, M|100/100
|-damage|p1a: Corviknight|88/100|[from] Stealth Rock
|-ability|p1a: Corviknight|Pressure
|-end|p2a: Great Tusk|Protosynthesis|[silent]
|switch|p2a: Ninetales|Ninetales, F|100/100
|-weather|SunnyDay|[from] ability: Drought|[of] p2a: Ninetales
|
|-weather|SunnyDay|[upkeep]
|-heal|p1a: Corviknight|94/100|[from] item: Leftovers
|upkeep
|turn|4
|
|t:|1743797257
|switch|p1a: Tyranitar|Tyranitar, M|100/100
|-damage|p1a: Tyranitar|88/100|[from] Stealth Rock
|-weather|Sandstorm|[from] ability: Sand Stream|[of] p1a: Tyranitar
|move|p2a: Ninetales|Weather Ball|p1a: Tyranitar
|-damage|p1a: Tyranitar|77/100
|
|-weather|Sandstorm|[upkeep]
|-damage|p2a: Ninetales|94/100|[from] Sandstorm
|upkeep
|turn|5
|
|t:|1743797266
|move|p2a: Ninetales|Will-O-Wisp|p1a: Tyranitar
|-status|p1a: Tyranitar|brn
|move|p1a: Tyranitar|Stealth Rock|p2a: Ninetales
|-sidestart|p2: Hsbdbdbd|move: Stealth Rock
|
|-weather|Sandstorm|[upkeep]
|-damage|p2a: Ninetales|88/100|[from] Sandstorm
|-damage|p1a: Tyranitar|71/100 brn|[from] brn
|upkeep
|turn|6
|
|t:|1743797300
|switch|p2a: Great Tusk|Great Tusk|65/100
|-damage|p2a: Great Tusk|62/100|[from] Stealth Rock
|switch|p1a: Excadrill|Excadrill, M|100/100
|-damage|p1a: Excadrill|97/100|[from] Stealth Rock
|
|-weather|Sandstorm|[upkeep]
|upkeep
|turn|7
|
|t:|1743797323
|move|p1a: Excadrill|Earthquake|p2a: Great Tusk
|-damage|p2a: Great Tusk|9/100
|move|p2a: Great Tusk|Rapid Spin|p1a: Excadrill
|-resisted|p1a: Excadrill
|-damage|p1a: Excadrill|88/100
|-boost|p2a: Great Tusk|spe|1
|-sideend|p2: Hsbdbdbd|Stealth Rock|[from] move: Rapid Spin|[of] p2a: Great Tusk
|
|-weather|Sandstorm|[upkeep]
|upkeep
|turn|8
|
|t:|1743797326
|move|p1a: Excadrill|Earthquake|p2a: Great Tusk
|-damage|p2a: Great Tusk|0 fnt
|faint|p2a: Great Tusk
|-end|p2a: Great Tusk|Protosynthesis|[silent]
|
|-weather|Sandstorm|[upkeep]
|upkeep
|
|t:|1743797328
|switch|p2a: Ninetales|Ninetales, F|88/100
|-weather|SunnyDay|[from] ability: Drought|[of] p2a: Ninetales
|turn|9
|
|t:|1743797354
|switch|p2a: Walking Wake|Walking Wake|100/100
|-activate|p2a: Walking Wake|ability: Protosynthesis
|-start|p2a: Walking Wake|protosynthesisspe
|switch|p1a: Clefable|Clefable, F|100/100
|
|-weather|SunnyDay|[upkeep]
|upkeep
|turn|10
|j| FaronAan
|j| JaimePasLesN
|
|t:|1743797392
|move|p2a: Walking Wake|Flip Turn|p1a: Clefable
|-damage|p1a: Clefable|94/100
|
|t:|1743797397
|-end|p2a: Walking Wake|Protosynthesis|[silent]
|switch|p2a: Iron Moth|Iron Moth|100/100|[from] Flip Turn
|-enditem|p2a: Iron Moth|Booster Energy
|-activate|p2a: Iron Moth|ability: Quark Drive|[fromitem]
|-start|p2a: Iron Moth|quarkdrivespa
|move|p1a: Clefable|Moonblast|p2a: Iron Moth
|-resisted|p2a: Iron Moth
|-damage|p2a: Iron Moth|93/100
|
|-weather|SunnyDay|[upkeep]
|-heal|p1a: Clefable|100/100|[from] item: Leftovers
|upkeep
|turn|11
|
|t:|1743797410
|switch|p1a: Tyranitar|Tyranitar, M|71/100 brn
|-damage|p1a: Tyranitar|59/100 brn|[from] Stealth Rock
|-weather|Sandstorm|[from] ability: Sand Stream|[of] p1a: Tyranitar
|move|p2a: Iron Moth|Sludge Wave|p1a: Tyranitar
|-resisted|p1a: Tyranitar
|-damage|p1a: Tyranitar|38/100 brn
|
|-weather|Sandstorm|[upkeep]
|-damage|p2a: Iron Moth|87/100|[from] Sandstorm
|-damage|p1a: Tyranitar|32/100 brn|[from] brn
|upkeep
|turn|12
|
|t:|1743797424
|switch|p1a: Landorus|Landorus-Therian, M|24/100
|-damage|p1a: Landorus|12/100|[from] Stealth Rock
|-ability|p1a: Landorus|Intimidate|boost
|-unboost|p2a: Iron Moth|atk|1
|-terastallize|p2a: Iron Moth|Fire
|move|p2a: Iron Moth|Overheat|p1a: Landorus|[miss]
|-miss|p2a: Iron Moth|p1a: Landorus
|
|-weather|Sandstorm|[upkeep]
|-damage|p2a: Iron Moth|81/100|[from] Sandstorm
|upkeep
|turn|13
|
|t:|1743797433
|-end|p2a: Iron Moth|Quark Drive|[silent]
|switch|p2a: Whimsicott|Whimsicott, M|100/100
|move|p1a: Landorus|Earthquake|p2a: Whimsicott
|-resisted|p2a: Whimsicott
|-crit|p2a: Whimsicott
|-damage|p2a: Whimsicott|49/100
|
|-weather|Sandstorm|[upkeep]
|-damage|p2a: Whimsicott|42/100|[from] Sandstorm
|upkeep
|turn|14
|
|t:|1743797440
|move|p1a: Landorus|Earthquake|p2a: Whimsicott
|-resisted|p2a: Whimsicott
|-crit|p2a: Whimsicott
|-damage|p2a: Whimsicott|0 fnt
|faint|p2a: Whimsicott
|
|-weather|Sandstorm|[upkeep]
|upkeep
|
|t:|1743797446
|switch|p2a: Comfey|Comfey, F|100/100
|turn|15
|
|t:|1743797457
|switch|p2a: Ninetales|Ninetales, F|88/100
|-weather|SunnyDay|[from] ability: Drought|[of] p2a: Ninetales
|move|p1a: Landorus|Earthquake|p2a: Ninetales
|-supereffective|p2a: Ninetales
|-damage|p2a: Ninetales|0 fnt
|faint|p2a: Ninetales
|
|-weather|SunnyDay|[upkeep]
|upkeep
|c|☆Hsbdbdbd|I love being beyond lucky
|-message|Hsbdbdbd forfeited.
|
|win|opgamer21
|raw|opgamer21's rating: 1619 &rarr; <strong>1637</strong><br />(+18 for winning)
|raw|Hsbdbdbd's rating: 1577 &rarr; <strong>1559</strong><br />(-18 for losing)
|l|☆Hsbdbdbd
|player|p2|
|l| FaronAan
|l| JaimePasLesN
|l| BerlinerLuft
|l|☆opgamer21
|player|p1|
|j| BerlinerLuft
|l| BerlinerLuft
