|j|☆tigerisfizz45
|j|☆l67678
|t:|1743864347
|gametype|singles
|player|p1|tigerisfizz45|170|1155
|player|p2|l67678|lucas|1213
|teamsize|p1|6
|teamsize|p2|6
|gen|9
|tier|[Gen 9] OU
|rated|
|rule|HP Percentage Mod: HP is shown in percentages
|rule|Endless Battle Clause: Forcing endless battles is banned
|rule|Species Clause: Limit one of each Pokémon
|rule|OHKO Clause: OHKO moves are banned
|rule|Evasion Items Clause: Evasion items are banned
|rule|Evasion Moves Clause: Evasion moves are banned
|rule|Sleep Moves Clause: Sleep-inducing moves are banned
|clearpoke
|poke|p1|Corviknight, M|
|poke|p1|Rillaboom, M|
|poke|p1|Araquanid, F|
|poke|p1|Tyranitar, F|
|poke|p1|Gardevoir, F|
|poke|p1|Ting-Lu|
|poke|p2|Iron Treads|
|poke|p2|Araquanid, F|
|poke|p2|Thundurus-Therian, M|
|poke|p2|Indeedee, M|
|poke|p2|Haxorus, F|
|poke|p2|Copperajah, F|
|teampreview
|inactive|Battle timer is ON: inactive players will automatically lose when time's up. (requested by tigerisfizz45)
|
|t:|1743864362
|start
|switch|p1a: Gardevoir|Gardevoir, F|100/100
|switch|p2a: Copperajah|Copperajah, F|100/100
|-ability|p1a: Gardevoir|Sheer Force|[from] ability: Trace|[of] p2a: Copperajah
|turn|1
|
|t:|1743864385
|move|p1a: Gardevoir|Trick|p2a: Copperajah
|-activate|p1a: Gardevoir|move: Trick|[of] p2a: Copperajah
|-item|p2a: Copperajah|Choice Specs|[from] move: Trick
|-item|p1a: Gardevoir|Leftovers|[from] move: Trick
|move|p2a: Copperajah|Heavy Slam|p1a: Gardevoir
|-supereffective|p1a: Gardevoir
|-damage|p1a: Gardevoir|0 fnt
|faint|p1a: Gardevoir
|
|upkeep
|
|t:|1743864394
|switch|p1a: Corviknight|Corviknight, M|100/100
|-ability|p1a: Corviknight|Unnerve
|turn|2
|
|t:|1743864402
|switch|p2a: Thundurus|Thundurus-Therian, M, shiny|100/100
|move|p1a: Corviknight|Light Screen|p1a: Corviknight
|-sidestart|p1: tigerisfizz45|move: Light Screen
|
|upkeep
|turn|3
|
|t:|1743864411
|switch|p1a: Ting-Lu|Ting-Lu|100/100
|-ability|p1a: Ting-Lu|Vessel of Ruin
|move|p2a: Thundurus|Sludge Wave|p1a: Ting-Lu
|-resisted|p1a: Ting-Lu
|-damage|p1a: Ting-Lu|96/100
|
|-heal|p1a: Ting-Lu|100/100|[from] item: Leftovers
|upkeep
|turn|4
|
|t:|1743864423
|switch|p2a: Copperajah|Copperajah, F|100/100
|move|p1a: Ting-Lu|Stealth Rock|p2a: Copperajah
|-sidestart|p2: l67678|move: Stealth Rock
|
|upkeep
|turn|5
|
|t:|1743864432
|move|p1a: Ting-Lu|Earthquake|p2a: Copperajah
|-supereffective|p2a: Copperajah
|-damage|p2a: Copperajah|29/100
|move|p2a: Copperajah|Knock Off|p1a: Ting-Lu
|-resisted|p1a: Ting-Lu
|-damage|p1a: Ting-Lu|91/100
|-enditem|p1a: Ting-Lu|Leftovers|[from] move: Knock Off|[of] p2a: Copperajah
|
|upkeep
|turn|6
|
|t:|1743864438
|move|p1a: Ting-Lu|Earthquake|p2a: Copperajah
|-supereffective|p2a: Copperajah
|-damage|p2a: Copperajah|0 fnt
|faint|p2a: Copperajah
|
|-sideend|p1: tigerisfizz45|move: Light Screen
|upkeep
|
|t:|1743864449
|switch|p2a: Haxorus|Haxorus, F, shiny|100/100
|-damage|p2a: Haxorus|88/100|[from] Stealth Rock
|-ability|p2a: Haxorus|Mold Breaker
|turn|7
|
|t:|1743864458
|move|p2a: Haxorus|Swords Dance|p2a: Haxorus
|-boost|p2a: Haxorus|atk|2
|move|p1a: Ting-Lu|Ruination|p2a: Haxorus
|-damage|p2a: Haxorus|44/100
|
|upkeep
|turn|8
|
|t:|1743864467
|move|p2a: Haxorus|Close Combat|p1a: Ting-Lu
|-supereffective|p1a: Ting-Lu
|-damage|p1a: Ting-Lu|0 fnt
|-unboost|p2a: Haxorus|def|1
|-unboost|p2a: Haxorus|spd|1
|faint|p1a: Ting-Lu
|
|upkeep
|
|t:|1743864472
|switch|p1a: Corviknight|Corviknight, M|100/100
|-ability|p1a: Corviknight|Unnerve
|turn|9
|
|t:|1743864475
|move|p2a: Haxorus|Close Combat|p1a: Corviknight
|-damage|p1a: Corviknight|37/100
|-unboost|p2a: Haxorus|def|1
|-unboost|p2a: Haxorus|spd|1
|-damage|p2a: Haxorus|28/100|[from] item: Rocky Helmet|[of] p1a: Corviknight
|move|p1a: Corviknight|Light Screen|p1a: Corviknight
|-sidestart|p1: tigerisfizz45|move: Light Screen
|
|upkeep
|turn|10
|
|t:|1743864479
|move|p2a: Haxorus|Close Combat|p1a: Corviknight
|-damage|p1a: Corviknight|0 fnt
|-unboost|p2a: Haxorus|def|1
|-unboost|p2a: Haxorus|spd|1
|-damage|p2a: Haxorus|11/100|[from] item: Rocky Helmet|[of] p1a: Corviknight
|faint|p1a: Corviknight
|
|upkeep
|
|t:|1743864484
|switch|p1a: Rillaboom|Rillaboom, M|100/100
|-fieldstart|move: Grassy Terrain|[from] ability: Grassy Surge|[of] p1a: Rillaboom
|turn|11
|
|t:|1743864493
|switch|p2a: Thundurus|Thundurus-Therian, M, shiny|100/100
|-damage|p2a: Thundurus|76/100|[from] Stealth Rock
|move|p1a: Rillaboom|Grassy Glide|p2a: Thundurus
|-resisted|p2a: Thundurus
|-damage|p2a: Thundurus|49/100
|
|upkeep
|turn|12
|
|t:|1743864502
|move|p2a: Thundurus|Volt Switch|p1a: Rillaboom
|-resisted|p1a: Rillaboom
|-damage|p1a: Rillaboom|86/100
|
|t:|1743864506
|switch|p2a: Araquanid|Araquanid, F, shiny|100/100|[from] Volt Switch
|-damage|p2a: Araquanid|75/100|[from] Stealth Rock
|move|p1a: Rillaboom|Knock Off|p2a: Araquanid
|-damage|p2a: Araquanid|38/100
|-enditem|p2a: Araquanid|Iapapa Berry|[from] move: Knock Off|[of] p1a: Rillaboom
|
|-heal|p1a: Rillaboom|92/100|[from] Grassy Terrain
|-heal|p2a: Araquanid|44/100|[from] Grassy Terrain
|upkeep
|turn|13
|
|t:|1743864515
|move|p1a: Rillaboom|Grassy Glide|p2a: Araquanid
|-damage|p2a: Araquanid|3/100
|move|p2a: Araquanid|Leech Life|p1a: Rillaboom
|-supereffective|p1a: Rillaboom
|-damage|p1a: Rillaboom|35/100
|-heal|p2a: Araquanid|32/100|[from] drain|[of] p1a: Rillaboom
|
|-heal|p1a: Rillaboom|41/100|[from] Grassy Terrain
|-heal|p2a: Araquanid|38/100|[from] Grassy Terrain
|-sideend|p1: tigerisfizz45|move: Light Screen
|upkeep
|turn|14
|
|t:|1743864523
|move|p1a: Rillaboom|Grassy Glide|p2a: Araquanid
|-damage|p2a: Araquanid|1/100
|move|p2a: Araquanid|Leech Life|p1a: Rillaboom
|-supereffective|p1a: Rillaboom
|-damage|p1a: Rillaboom|0 fnt
|-heal|p2a: Araquanid|22/100|[from] drain|[of] p1a: Rillaboom
|faint|p1a: Rillaboom
|
|-heal|p2a: Araquanid|28/100|[from] Grassy Terrain
|upkeep
|
|t:|1743864526
|switch|p1a: Araquanid|Araquanid, F|100/100
|turn|15
|
|t:|1743864532
|move|p2a: Araquanid|Leech Life|p1a: Araquanid
|-damage|p1a: Araquanid|73/100
|-heal|p2a: Araquanid|42/100|[from] drain|[of] p1a: Araquanid
|move|p1a: Araquanid|Leech Life|p2a: Araquanid
|-damage|p2a: Araquanid|17/100
|-heal|p1a: Araquanid|85/100|[from] drain|[of] p2a: Araquanid
|
|-heal|p2a: Araquanid|23/100|[from] Grassy Terrain
|-heal|p1a: Araquanid|91/100|[from] Grassy Terrain
|-heal|p1a: Araquanid|98/100|[from] item: Leftovers
|-fieldend|move: Grassy Terrain
|upkeep
|turn|16
|
|t:|1743864542
|move|p2a: Araquanid|Leech Life|p1a: Araquanid
|-damage|p1a: Araquanid|68/100
|-heal|p2a: Araquanid|38/100|[from] drain|[of] p1a: Araquanid
|move|p1a: Araquanid|Sticky Web|p2a: Araquanid
|-sidestart|p2: l67678|move: Sticky Web
|
|-heal|p1a: Araquanid|74/100|[from] item: Leftovers
|upkeep
|turn|17
|
|t:|1743864549
|move|p2a: Araquanid|Leech Life|p1a: Araquanid
|-damage|p1a: Araquanid|45/100
|-heal|p2a: Araquanid|53/100|[from] drain|[of] p1a: Araquanid
|move|p1a: Araquanid|Leech Life|p2a: Araquanid
|-damage|p2a: Araquanid|29/100
|-heal|p1a: Araquanid|57/100|[from] drain|[of] p2a: Araquanid
|
|-heal|p1a: Araquanid|63/100|[from] item: Leftovers
|upkeep
|turn|18
|
|t:|1743864553
|move|p2a: Araquanid|Liquidation|p1a: Araquanid
|-resisted|p1a: Araquanid
|-damage|p1a: Araquanid|31/100
|move|p1a: Araquanid|Infestation|p2a: Araquanid
|-damage|p2a: Araquanid|26/100
|-activate|p2a: Araquanid|move: Infestation|[of] p1a: Araquanid
|
|-heal|p1a: Araquanid|37/100|[from] item: Leftovers
|-damage|p2a: Araquanid|14/100|[from] move: Infestation|[partiallytrapped]
|upkeep
|turn|19
|
|t:|1743864558
|move|p2a: Araquanid|Liquidation|p1a: Araquanid
|-resisted|p1a: Araquanid
|-damage|p1a: Araquanid|4/100
|move|p1a: Araquanid|Leech Life|p2a: Araquanid
|-damage|p2a: Araquanid|0 fnt
|-heal|p1a: Araquanid|11/100|[from] drain|[of] p2a: Araquanid
|faint|p2a: Araquanid
|
|-heal|p1a: Araquanid|17/100|[from] item: Leftovers
|upkeep
|
|t:|1743864561
|switch|p2a: Iron Treads|Iron Treads|100/100
|-damage|p2a: Iron Treads|97/100|[from] Stealth Rock
|-activate|p2a: Iron Treads|move: Sticky Web
|-unboost|p2a: Iron Treads|spe|1
|turn|20
|
|t:|1743864563
|move|p2a: Iron Treads|Rapid Spin|p1a: Araquanid
|-damage|p1a: Araquanid|0 fnt
|-boost|p2a: Iron Treads|spe|1
|-sideend|p2: l67678|Stealth Rock|[from] move: Rapid Spin|[of] p2a: Iron Treads
|-sideend|p2: l67678|Sticky Web|[from] move: Rapid Spin|[of] p2a: Iron Treads
|faint|p1a: Araquanid
|
|-heal|p2a: Iron Treads|100/100|[from] item: Leftovers
|upkeep
|
|t:|1743864566
|switch|p1a: Tyranitar|Tyranitar, F|100/100
|-weather|Sandstorm|[from] ability: Sand Stream|[of] p1a: Tyranitar
|turn|21
|
|t:|1743864568
|move|p2a: Iron Treads|Earthquake|p1a: Tyranitar
|-supereffective|p1a: Tyranitar
|-damage|p1a: Tyranitar|20/100
|move|p1a: Tyranitar|Fire Punch|p2a: Iron Treads
|-supereffective|p2a: Iron Treads
|-damage|p2a: Iron Treads|49/100
|
|-weather|Sandstorm|[upkeep]
|-heal|p2a: Iron Treads|55/100|[from] item: Leftovers
|upkeep
|turn|22
|
|t:|1743864577
|move|p2a: Iron Treads|Earthquake|p1a: Tyranitar
|-supereffective|p1a: Tyranitar
|-damage|p1a: Tyranitar|0 fnt
|faint|p1a: Tyranitar
|
|win|l67678
|raw|tigerisfizz45's rating: 1155 &rarr; <strong>1134</strong><br />(-21 for losing)
|raw|l67678's rating: 1213 &rarr; <strong>1234</strong><br />(+21 for winning)
|l|☆tigerisfizz45
|player|p1|
|l|☆l67678
|player|p2|
