|j|☆DayBreak0911
|j|☆dimamama
|t:|1743937810
|gametype|singles
|player|p1|DayBreak0911|hooligans|1127
|player|p2|dimamama|roxie|1164
|teamsize|p1|6
|teamsize|p2|6
|gen|9
|tier|[Gen 9] OU
|rated|
|rule|HP Percentage Mod: HP is shown in percentages
|rule|Endless Battle Clause: Forcing endless battles is banned
|rule|Species Clause: Limit one of each Pokémon
|rule|OHKO Clause: OHKO moves are banned
|rule|Evasion Items Clause: Evasion items are banned
|rule|Evasion Moves Clause: Evasion moves are banned
|rule|Sleep Moves Clause: Sleep-inducing moves are banned
|clearpoke
|poke|p1|Arboliva, M|
|poke|p1|Sandaconda, F|
|poke|p1|Scream Tail|
|poke|p1|Uxie|
|poke|p1|Deoxys-Defense|
|poke|p1|Tentacruel, F|
|poke|p2|Walking Wake|
|poke|p2|Torkoal, F|
|poke|p2|Corviknight, F|
|poke|p2|Skeledirge, F|
|poke|p2|Great Tusk|
|poke|p2|Umbreon, F|
|teampreview
|inactive|Battle timer is ON: inactive players will automatically lose when time's up. (requested by dimamama)
|inactive|DayBreak0911 also wants the timer to be on.
|
|t:|1743937825
|start
|switch|p1a: Peanut-butterfish|Tentacruel, F, shiny|100/100
|switch|p2a: Umbreon|Umbreon, F, shiny|100/100
|turn|1
|
|t:|1743937829
|move|p1a: Peanut-butterfish|Swords Dance|p1a: Peanut-butterfish
|-boost|p1a: Peanut-butterfish|atk|2
|move|p2a: Umbreon|Thunder Wave|p1a: Peanut-butterfish
|-status|p1a: Peanut-butterfish|par
|
|upkeep
|turn|2
|
|t:|1743937841
|switch|p2a: 泰勒星巴克|Torkoal, F|100/100
|-weather|SunnyDay|[from] ability: Drought|[of] p2a: 泰勒星巴克
|cant|p1a: Peanut-butterfish|par
|
|-weather|SunnyDay|[upkeep]
|upkeep
|turn|3
|
|t:|1743937847
|cant|p1a: Peanut-butterfish|par
|move|p2a: 泰勒星巴克|Clear Smog|p1a: Peanut-butterfish
|-resisted|p1a: Peanut-butterfish
|-damage|p1a: Peanut-butterfish|96/100 par
|-clearboost|p1a: Peanut-butterfish
|
|-weather|SunnyDay|[upkeep]
|-heal|p1a: Peanut-butterfish|100/100 par|[from] item: Leftovers
|upkeep
|turn|4
|
|t:|1743937852
|move|p1a: Peanut-butterfish|Knock Off|p2a: 泰勒星巴克
|-damage|p2a: 泰勒星巴克|88/100
|-enditem|p2a: 泰勒星巴克|Heat Rock|[from] move: Knock Off|[of] p1a: Peanut-butterfish
|move|p2a: 泰勒星巴克|Stealth Rock|p1a: Peanut-butterfish
|-sidestart|p1: DayBreak0911|move: Stealth Rock
|
|-weather|SunnyDay|[upkeep]
|upkeep
|turn|5
|
|t:|1743937858
|switch|p2a: 野猪猪|Great Tusk|100/100
|-activate|p2a: 野猪猪|ability: Protosynthesis
|-start|p2a: 野猪猪|protosynthesisatk
|cant|p1a: Peanut-butterfish|par
|
|-weather|SunnyDay|[upkeep]
|upkeep
|turn|6
|
|t:|1743937864
|move|p2a: 野猪猪|Rapid Spin|p1a: Peanut-butterfish
|-damage|p1a: Peanut-butterfish|66/100 par
|-boost|p2a: 野猪猪|spe|1
|move|p1a: Peanut-butterfish|Liquidation|p2a: 野猪猪
|-supereffective|p2a: 野猪猪
|-damage|p2a: 野猪猪|84/100
|
|-weather|SunnyDay|[upkeep]
|-heal|p1a: Peanut-butterfish|72/100 par|[from] item: Leftovers
|upkeep
|turn|7
|
|t:|1743937873
|move|p2a: 野猪猪|Headlong Rush|p1a: Peanut-butterfish
|-supereffective|p1a: Peanut-butterfish
|-damage|p1a: Peanut-butterfish|0 fnt
|-unboost|p2a: 野猪猪|def|1
|-unboost|p2a: 野猪猪|spd|1
|faint|p1a: Peanut-butterfish
|
|-weather|SunnyDay|[upkeep]
|upkeep
|
|t:|1743937879
|switch|p1a: Pigglyjuff|Scream Tail, shiny|100/100
|-damage|p1a: Pigglyjuff|88/100|[from] Stealth Rock
|-activate|p1a: Pigglyjuff|ability: Protosynthesis
|-start|p1a: Pigglyjuff|protosynthesisspe
|turn|8
|
|t:|1743937885
|move|p1a: Pigglyjuff|Psychic Fangs|p2a: 野猪猪
|-supereffective|p2a: 野猪猪
|-damage|p2a: 野猪猪|30/100
|move|p2a: 野猪猪|Close Combat|p1a: Pigglyjuff
|-resisted|p1a: Pigglyjuff
|-damage|p1a: Pigglyjuff|70/100
|-unboost|p2a: 野猪猪|def|1
|-unboost|p2a: 野猪猪|spd|1
|
|-weather|SunnyDay|[upkeep]
|upkeep
|turn|9
|
|t:|1743937893
|-end|p2a: 野猪猪|Protosynthesis|[silent]
|switch|p2a: Umbreon|Umbreon, F, shiny|100/100
|move|p1a: Pigglyjuff|Psychic Fangs|p2a: Umbreon
|-immune|p2a: Umbreon
|
|-weather|none
|-end|p1a: Pigglyjuff|Protosynthesis
|upkeep
|-enditem|p1a: Pigglyjuff|Booster Energy
|-activate|p1a: Pigglyjuff|ability: Protosynthesis|[fromitem]
|-start|p1a: Pigglyjuff|protosynthesisspe
|turn|10
|
|t:|1743937900
|move|p1a: Pigglyjuff|Drain Punch|p2a: Umbreon
|-supereffective|p2a: Umbreon
|-damage|p2a: Umbreon|74/100
|-heal|p1a: Pigglyjuff|84/100|[from] drain|[of] p2a: Umbreon
|-enditem|p2a: Umbreon|Eject Button
|
|t:|1743937907
|switch|p2a: 泰勒星巴克|Torkoal, F|88/100
|-weather|SunnyDay|[from] ability: Drought|[of] p2a: 泰勒星巴克
|
|-weather|SunnyDay|[upkeep]
|upkeep
|turn|11
|
|t:|1743937913
|switch|p2a: 很讨厌的鸟|Corviknight, F, shiny|100/100
|move|p1a: Pigglyjuff|Bulk Up|p1a: Pigglyjuff
|-boost|p1a: Pigglyjuff|atk|1
|-boost|p1a: Pigglyjuff|def|1
|
|-weather|SunnyDay|[upkeep]
|upkeep
|turn|12
|
|t:|1743937919
|move|p1a: Pigglyjuff|Bulk Up|p1a: Pigglyjuff
|-boost|p1a: Pigglyjuff|atk|1
|-boost|p1a: Pigglyjuff|def|1
|move|p2a: 很讨厌的鸟|U-turn|p1a: Pigglyjuff
|-damage|p1a: Pigglyjuff|78/100
|
|t:|1743937924
|switch|p2a: 番斗花园第一美|Skeledirge, F, shiny|100/100|[from] U-turn
|
|-weather|SunnyDay|[upkeep]
|upkeep
|turn|13
|
|t:|1743937930
|move|p1a: Pigglyjuff|Psychic Fangs|p2a: 番斗花园第一美
|-damage|p2a: 番斗花园第一美|76/100
|move|p2a: 番斗花园第一美|Will-O-Wisp|p1a: Pigglyjuff|[miss]
|-miss|p2a: 番斗花园第一美|p1a: Pigglyjuff
|
|-weather|SunnyDay|[upkeep]
|-heal|p2a: 番斗花园第一美|82/100|[from] item: Leftovers
|upkeep
|turn|14
|
|t:|1743937938
|-end|p1a: Pigglyjuff|Protosynthesis|[silent]
|switch|p1a: Beeg brain|Uxie|100/100
|-damage|p1a: Beeg brain|88/100|[from] Stealth Rock
|move|p2a: 番斗花园第一美|Will-O-Wisp|p1a: Beeg brain
|-status|p1a: Beeg brain|brn
|
|-weather|none
|-heal|p2a: 番斗花园第一美|88/100|[from] item: Leftovers
|-damage|p1a: Beeg brain|82/100 brn|[from] brn
|upkeep
|turn|15
|
|t:|1743937945
|move|p1a: Beeg brain|Nasty Plot|p1a: Beeg brain
|-boost|p1a: Beeg brain|spa|2
|move|p2a: 番斗花园第一美|Hex|p1a: Beeg brain
|-supereffective|p1a: Beeg brain
|-damage|p1a: Beeg brain|0 fnt
|faint|p1a: Beeg brain
|
|-heal|p2a: 番斗花园第一美|94/100|[from] item: Leftovers
|upkeep
|
|t:|1743937951
|switch|p1a: Olive garden|Arboliva, M, shiny|100/100
|-damage|p1a: Olive garden|88/100|[from] Stealth Rock
|turn|16
|
|t:|1743937956
|-terastallize|p1a: Olive garden|Fire
|move|p2a: 番斗花园第一美|Torch Song|p1a: Olive garden
|-resisted|p1a: Olive garden
|-damage|p1a: Olive garden|72/100
|-boost|p2a: 番斗花园第一美|spa|1
|-fieldstart|move: Grassy Terrain|[from] ability: Seed Sower|[of] p1a: Olive garden
|move|p1a: Olive garden|Earth Power|p2a: 番斗花园第一美
|-supereffective|p2a: 番斗花园第一美
|-damage|p2a: 番斗花园第一美|32/100
|
|-heal|p2a: 番斗花园第一美|38/100|[from] Grassy Terrain
|-heal|p2a: 番斗花园第一美|44/100|[from] item: Leftovers
|-heal|p1a: Olive garden|78/100|[from] Grassy Terrain
|upkeep
|turn|17
|
|t:|1743937971
|switch|p2a: 泰勒星巴克|Torkoal, F|88/100
|-weather|SunnyDay|[from] ability: Drought|[of] p2a: 泰勒星巴克
|move|p1a: Olive garden|Earth Power|p2a: 泰勒星巴克
|-supereffective|p2a: 泰勒星巴克
|-damage|p2a: 泰勒星巴克|0 fnt
|faint|p2a: 泰勒星巴克
|
|-weather|SunnyDay|[upkeep]
|-heal|p1a: Olive garden|85/100|[from] Grassy Terrain
|upkeep
|
|t:|1743937978
|switch|p2a: 双尾哈基米|Walking Wake|100/100
|-activate|p2a: 双尾哈基米|ability: Protosynthesis
|-start|p2a: 双尾哈基米|protosynthesisspe
|turn|18
|
|t:|1743937988
|move|p2a: 双尾哈基米|Hydro Steam|p1a: Olive garden
|-supereffective|p1a: Olive garden
|-damage|p1a: Olive garden|0 fnt
|faint|p1a: Olive garden
|-damage|p2a: 双尾哈基米|91/100|[from] item: Life Orb
|
|-weather|SunnyDay|[upkeep]
|-heal|p2a: 双尾哈基米|97/100|[from] Grassy Terrain
|upkeep
|-message|DayBreak0911 forfeited.
|
|win|dimamama
|raw|DayBreak0911's rating: 1127 &rarr; <strong>1105</strong><br />(-22 for losing)
|raw|dimamama's rating: 1164 &rarr; <strong>1186</strong><br />(+22 for winning)
|l|☆DayBreak0911
|player|p1|
|l|☆dimamama
|player|p2|
