|j|☆temperature111
|j|☆mayomama
|t:|1743838100
|gametype|singles
|player|p1|temperature111|2|1208
|player|p2|mayomama|1|1180
|teamsize|p1|6
|teamsize|p2|6
|gen|9
|tier|[Gen 9] OU
|rated|
|rule|HP Percentage Mod: HP is shown in percentages
|rule|Endless Battle Clause: Forcing endless battles is banned
|rule|Species Clause: Limit one of each Pokémon
|rule|OHKO Clause: OHKO moves are banned
|rule|Evasion Items Clause: Evasion items are banned
|rule|Evasion Moves Clause: Evasion moves are banned
|rule|Sleep Moves Clause: Sleep-inducing moves are banned
|clearpoke
|poke|p1|Meowscarada, M|
|poke|p1|Tinkaton, F|
|poke|p1|Tyranitar, F|
|poke|p1|Gholdengo|
|poke|p1|Great Tusk|
|poke|p1|Zapdos|
|poke|p2|Tornadus-Therian, M|
|poke|p2|Meowscarada, F|
|poke|p2|Slither Wing|
|poke|p2|Kyurem|
|poke|p2|Munkidori, M|
|poke|p2|Iron Treads|
|teampreview
|inactive|Battle timer is ON: inactive players will automatically lose when time's up. (requested by mayomama)
|
|t:|1743838113
|start
|switch|p1a: Zapdos|Zapdos|100/100
|switch|p2a: Meowscarada|Meowscarada, F|100/100
|turn|1
|inactive|temperature111 has 120 seconds left.
|inactive|temperature111 has 90 seconds left.
|
|t:|1743838183
|switch|p1a: Tinkaton|Tinkaton, F, shiny|100/100
|-item|p1a: Tinkaton|Air Balloon
|move|p2a: Meowscarada|Triple Axel|p1a: Tinkaton
|-start|p2a: Meowscarada|typechange|Ice|[from] ability: Protean
|-resisted|p1a: Tinkaton
|-crit|p1a: Tinkaton
|-damage|p1a: Tinkaton|92/100
|-enditem|p1a: Tinkaton|Air Balloon
|-resisted|p1a: Tinkaton
|-damage|p1a: Tinkaton|83/100
|-resisted|p1a: Tinkaton
|-damage|p1a: Tinkaton|66/100
|-hitcount|p1a: Tinkaton|3
|-enditem|p2a: Meowscarada|Choice Scarf|[silent]|[from] ability: Pickpocket|[of] p2a: Meowscarada
|-item|p1a: Tinkaton|Choice Scarf|[from] ability: Pickpocket|[of] p2a: Meowscarada
|
|upkeep
|turn|2
|
|t:|1743838197
|switch|p2a: Iron Treads|Iron Treads|100/100
|move|p1a: Tinkaton|Stealth Rock|p2a: Iron Treads
|-sidestart|p2: mayomama|move: Stealth Rock
|
|upkeep
|turn|3
|
|t:|1743838218
|switch|p1a: Zapdos|Zapdos|100/100
|move|p2a: Iron Treads|Stealth Rock|p1a: Zapdos
|-sidestart|p1: temperature111|move: Stealth Rock
|
|upkeep
|turn|4
|
|t:|1743838230
|-end|p2a: Iron Treads|Quark Drive|[silent]
|switch|p2a: Munkidori|Munkidori, M|100/100
|-damage|p2a: Munkidori|88/100|[from] Stealth Rock
|move|p1a: Zapdos|Hurricane|p2a: Munkidori
|-damage|p2a: Munkidori|31/100
|
|upkeep
|turn|5
|
|t:|1743838241
|move|p2a: Munkidori|Parting Shot|p1a: Zapdos
|-unboost|p1a: Zapdos|atk|1
|-unboost|p1a: Zapdos|spa|1
|
|t:|1743838247
|switch|p2a: Iron Treads|Iron Treads|100/100|[from] Parting Shot
|-damage|p2a: Iron Treads|97/100|[from] Stealth Rock
|move|p1a: Zapdos|Hurricane|p2a: Iron Treads|[miss]
|-miss|p1a: Zapdos|p2a: Iron Treads
|
|upkeep
|turn|6
|inactive|temperature111 has 90 seconds left.
|
|t:|1743838282
|switch|p1a: Tinkaton|Tinkaton, F, shiny|66/100
|-damage|p1a: Tinkaton|60/100|[from] Stealth Rock
|move|p2a: Iron Treads|Rapid Spin|p1a: Tinkaton
|-resisted|p1a: Tinkaton
|-damage|p1a: Tinkaton|53/100
|-boost|p2a: Iron Treads|spe|1
|-sideend|p2: mayomama|Stealth Rock|[from] move: Rapid Spin|[of] p2a: Iron Treads
|
|upkeep
|turn|7
|
|t:|1743838290
|move|p2a: Iron Treads|Earthquake|p1a: Tinkaton
|-supereffective|p1a: Tinkaton
|-damage|p1a: Tinkaton|0 fnt
|faint|p1a: Tinkaton
|
|upkeep
|
|t:|1743838303
|switch|p1a: Meowscarada|Meowscarada, M|100/100
|-damage|p1a: Meowscarada|88/100|[from] Stealth Rock
|turn|8
|
|t:|1743838312
|move|p2a: Iron Treads|Iron Head|p1a: Meowscarada
|-damage|p1a: Meowscarada|44/100
|cant|p1a: Meowscarada|flinch
|
|upkeep
|turn|9
|
|t:|1743838319
|move|p1a: Meowscarada|Sucker Punch|p2a: Iron Treads
|-start|p1a: Meowscarada|typechange|Dark|[from] ability: Protean
|-damage|p2a: Iron Treads|71/100
|move|p2a: Iron Treads|Iron Head|p1a: Meowscarada
|-damage|p1a: Meowscarada|0 fnt
|faint|p1a: Meowscarada
|
|upkeep
|
|t:|1743838329
|switch|p1a: Zapdos|Zapdos|100/100
|turn|10
|
|t:|1743838345
|-end|p2a: Iron Treads|Quark Drive|[silent]
|switch|p2a: Tornadus|Tornadus-Therian, M|100/100
|move|p1a: Zapdos|Hurricane|p2a: Tornadus
|-damage|p2a: Tornadus|51/100
|
|upkeep
|turn|11
|inactive|temperature111 has 90 seconds left.
|
|t:|1743838357
|switch|p2a: Kyurem|Kyurem|100/100
|-ability|p2a: Kyurem|Pressure
|move|p1a: Zapdos|Volt Switch|p2a: Kyurem
|-resisted|p2a: Kyurem
|-damage|p2a: Kyurem|86/100
|inactive|temperature111 has 90 seconds left.
|
|t:|1743838390
|switch|p1a: Tyranitar|Tyranitar, F|100/100|[from] Volt Switch
|-damage|p1a: Tyranitar|88/100|[from] Stealth Rock
|-weather|Sandstorm|[from] ability: Sand Stream|[of] p1a: Tyranitar
|
|-weather|Sandstorm|[upkeep]
|-damage|p2a: Kyurem|80/100|[from] Sandstorm
|upkeep
|turn|12
|
|t:|1743838400
|switch|p2a: Slither Wing|Slither Wing|100/100
|move|p1a: Tyranitar|Low Kick|p2a: Slither Wing
|-resisted|p2a: Slither Wing
|-crit|p2a: Slither Wing
|-damage|p2a: Slither Wing|74/100
|
|-weather|Sandstorm|[upkeep]
|-damage|p2a: Slither Wing|68/100|[from] Sandstorm
|upkeep
|turn|13
|
|t:|1743838410
|switch|p1a: Zapdos|Zapdos|100/100
|move|p2a: Slither Wing|Whirlwind|p1a: Zapdos
|drag|p1a: Gholdengo|Gholdengo|100/100
|-damage|p1a: Gholdengo|94/100|[from] Stealth Rock
|-item|p1a: Gholdengo|Air Balloon
|
|-weather|Sandstorm|[upkeep]
|-damage|p2a: Slither Wing|62/100|[from] Sandstorm
|upkeep
|turn|14
|
|t:|1743838425
|move|p2a: Slither Wing|U-turn|p1a: Gholdengo
|-resisted|p1a: Gholdengo
|-damage|p1a: Gholdengo|88/100
|-enditem|p1a: Gholdengo|Air Balloon
|
|t:|1743838428
|-end|p2a: Slither Wing|Protosynthesis|[silent]
|switch|p2a: Meowscarada|Meowscarada, F|100/100|[from] U-turn
|move|p1a: Gholdengo|Hex|p2a: Meowscarada
|-resisted|p2a: Meowscarada
|-damage|p2a: Meowscarada|77/100
|
|-weather|Sandstorm|[upkeep]
|-damage|p2a: Meowscarada|70/100|[from] Sandstorm
|upkeep
|turn|15
|
|t:|1743838444
|-terastallize|p1a: Gholdengo|Flying
|move|p2a: Meowscarada|Knock Off|p1a: Gholdengo
|-start|p2a: Meowscarada|typechange|Dark|[from] ability: Protean
|-damage|p1a: Gholdengo|69/100
|move|p1a: Gholdengo|Thunder Wave|p2a: Meowscarada
|-status|p2a: Meowscarada|par
|
|-weather|none
|upkeep
|turn|16
|
|t:|1743838454
|move|p1a: Gholdengo|Recover|p1a: Gholdengo
|-heal|p1a: Gholdengo|100/100
|move|p2a: Meowscarada|Triple Axel|p1a: Gholdengo
|-supereffective|p1a: Gholdengo
|-damage|p1a: Gholdengo|91/100
|-supereffective|p1a: Gholdengo
|-damage|p1a: Gholdengo|73/100
|-supereffective|p1a: Gholdengo
|-damage|p1a: Gholdengo|45/100
|-hitcount|p1a: Gholdengo|3
|
|upkeep
|turn|17
|
|t:|1743838464
|switch|p1a: Tyranitar|Tyranitar, F|88/100
|-damage|p1a: Tyranitar|76/100|[from] Stealth Rock
|-weather|Sandstorm|[from] ability: Sand Stream|[of] p1a: Tyranitar
|move|p2a: Meowscarada|Triple Axel|p1a: Tyranitar
|-damage|p1a: Tyranitar|70/100
|-hitcount|p1a: Tyranitar|1
|
|-weather|Sandstorm|[upkeep]
|-damage|p2a: Meowscarada|64/100 par|[from] Sandstorm
|upkeep
|turn|18
|
|t:|1743838481
|move|p1a: Tyranitar|Knock Off|p2a: Meowscarada
|-resisted|p2a: Meowscarada
|-damage|p2a: Meowscarada|34/100 par
|move|p2a: Meowscarada|Flower Trick|p1a: Tyranitar
|-supereffective|p1a: Tyranitar
|-crit|p1a: Tyranitar
|-damage|p1a: Tyranitar|15/100
|
|-weather|Sandstorm|[upkeep]
|-damage|p2a: Meowscarada|28/100 par|[from] Sandstorm
|upkeep
|turn|19
|
|t:|1743838489
|move|p1a: Tyranitar|Low Kick|p2a: Meowscarada
|-supereffective|p2a: Meowscarada
|-damage|p2a: Meowscarada|0 fnt
|faint|p2a: Meowscarada
|
|-weather|Sandstorm|[upkeep]
|upkeep
|
|t:|1743838505
|switch|p2a: Kyurem|Kyurem|80/100
|-ability|p2a: Kyurem|Pressure
|turn|20
|
|t:|1743838510
|move|p2a: Kyurem|Icicle Spear|p1a: Tyranitar
|-damage|p1a: Tyranitar|3/100
|-damage|p1a: Tyranitar|0 fnt
|faint|p1a: Tyranitar
|-hitcount|p1: Tyranitar|2
|
|-weather|Sandstorm|[upkeep]
|-damage|p2a: Kyurem|74/100|[from] Sandstorm
|upkeep
|inactive|temperature111 has 90 seconds left.
|
|t:|1743838523
|switch|p1a: Great Tusk|Great Tusk|100/100
|turn|21
|
|t:|1743838540
|switch|p2a: Munkidori|Munkidori, M|31/100
|move|p1a: Great Tusk|Headlong Rush|p2a: Munkidori
|-supereffective|p2a: Munkidori
|-damage|p2a: Munkidori|0 fnt
|-unboost|p1a: Great Tusk|def|1
|-unboost|p1a: Great Tusk|spd|1
|faint|p2a: Munkidori
|
|-weather|none
|upkeep
|
|t:|1743838547
|switch|p2a: Tornadus|Tornadus-Therian, M|85/100
|turn|22
|
|t:|1743838553
|-end|p1a: Great Tusk|Protosynthesis|[silent]
|switch|p1a: Zapdos|Zapdos|100/100
|move|p2a: Tornadus|Heat Wave|p1a: Zapdos
|-damage|p1a: Zapdos|75/100
|
|upkeep
|turn|23
|inactive|temperature111 has 120 seconds left.
|
|t:|1743838560
|move|p2a: Tornadus|Heat Wave|p1a: Zapdos
|-damage|p1a: Zapdos|50/100
|move|p1a: Zapdos|Hurricane|p2a: Tornadus
|-damage|p2a: Tornadus|27/100
|
|upkeep
|turn|24
|
|t:|1743838565
|move|p2a: Tornadus|Heat Wave|p1a: Zapdos
|-damage|p1a: Zapdos|24/100
|move|p1a: Zapdos|Roost|p1a: Zapdos
|-heal|p1a: Zapdos|74/100
|-singleturn|p1a: Zapdos|move: Roost
|
|upkeep
|turn|25
|
|t:|1743838574
|move|p2a: Tornadus|Heat Wave|p1a: Zapdos
|-damage|p1a: Zapdos|47/100
|move|p1a: Zapdos|Volt Switch|p2a: Tornadus
|-supereffective|p2a: Tornadus
|-damage|p2a: Tornadus|0 fnt
|faint|p2a: Tornadus
|
|t:|1743838585
|switch|p1a: Great Tusk|Great Tusk|100/100|[from] Volt Switch
|
|upkeep
|inactive|mayomama has 120 seconds left.
|
|t:|1743838616
|switch|p2a: Kyurem|Kyurem|74/100
|-ability|p2a: Kyurem|Pressure
|turn|26
|
|t:|1743838619
|move|p2a: Kyurem|Icicle Spear|p1a: Great Tusk
|-supereffective|p1a: Great Tusk
|-damage|p1a: Great Tusk|82/100
|-supereffective|p1a: Great Tusk
|-damage|p1a: Great Tusk|62/100
|-supereffective|p1a: Great Tusk
|-damage|p1a: Great Tusk|44/100
|-supereffective|p1a: Great Tusk
|-damage|p1a: Great Tusk|24/100
|-hitcount|p1a: Great Tusk|4
|move|p1a: Great Tusk|Headlong Rush|p2a: Kyurem
|-damage|p2a: Kyurem|16/100
|-unboost|p1a: Great Tusk|def|1
|-unboost|p1a: Great Tusk|spd|1
|
|upkeep
|turn|27
|-message|temperature111 forfeited.
|
|win|mayomama
|raw|temperature111's rating: 1208 &rarr; <strong>1181</strong><br />(-27 for losing)
|raw|mayomama's rating: 1180 &rarr; <strong>1207</strong><br />(+27 for winning)
|l|☆temperature111
|player|p1|
|l|☆mayomama
|player|p2|
