|j|☆Itkenreiza
|j|☆VANYR
|t:|1743857469
|gametype|singles
|player|p1|Itkenreiza|102|1566
|player|p2|VANYR|grimsley|1521
|teamsize|p1|6
|teamsize|p2|6
|gen|9
|tier|[Gen 9] OU
|rated|
|rule|HP Percentage Mod: HP is shown in percentages
|rule|Endless Battle Clause: Forcing endless battles is banned
|rule|Species Clause: Limit one of each Pokémon
|rule|OHKO Clause: OHKO moves are banned
|rule|Evasion Items Clause: Evasion items are banned
|rule|Evasion Moves Clause: Evasion moves are banned
|rule|Sleep Moves Clause: Sleep-inducing moves are banned
|clearpoke
|poke|p1|Cinderace, M|
|poke|p1|Enamorus, F|
|poke|p1|Ogerpon-Wellspring, F|
|poke|p1|Basculegion, M|
|poke|p1|Zapdos-Galar|
|poke|p1|Politoed, F|
|poke|p2|Glimmora, F|
|poke|p2|Samurott-Hisui, F|
|poke|p2|Kleavor, F|
|poke|p2|Sinistcha-Masterpiece|
|poke|p2|Empoleon, M|
|poke|p2|Conkeldurr, M|
|teampreview
|inactive|Battle timer is ON: inactive players will automatically lose when time's up. (requested by Itkenreiza)
|
|t:|1743857479
|start
|switch|p1a: Zapdos|Zapdos-Galar|100/100
|switch|p2a: Kleavor|Kleavor, F|100/100
|turn|1
|
|t:|1743857488
|move|p1a: Zapdos|Thunderous Kick|p2a: Kleavor
|-damage|p2a: Kleavor|51/100
|-unboost|p2a: Kleavor|def|1
|move|p2a: Kleavor|Stone Axe|p1a: Zapdos
|-damage|p1a: Zapdos|0 fnt
|-sidestart|p1: Itkenreiza|move: Stealth Rock
|faint|p1a: Zapdos
|
|upkeep
|
|t:|1743857500
|switch|p1a: Cinderace|Cinderace, M|100/100
|turn|2
|
|t:|1743857505
|move|p1a: Cinderace|High Jump Kick|p2a: Kleavor
|-start|p1a: Cinderace|typechange|Fighting|[from] ability: Libero
|-damage|p2a: Kleavor|0 fnt
|faint|p2a: Kleavor
|
|upkeep
|
|t:|1743857512
|switch|p2a: Conkeldurr|Conkeldurr, M|100/100
|turn|3
|
|t:|1743857516
|move|p1a: Cinderace|Court Change|p1a: Cinderace
|-swapsideconditions
|-activate|p1a: Cinderace|move: Court Change
|move|p2a: Conkeldurr|Knock Off|p1a: Cinderace
|-resisted|p1a: Cinderace
|-damage|p1a: Cinderace|73/100
|-enditem|p1a: Cinderace|Heavy-Duty Boots|[from] move: Knock Off|[of] p2a: Conkeldurr
|
|upkeep
|turn|4
|
|t:|1743857521
|switch|p1a: Politoed|Politoed, F|100/100
|-weather|RainDance|[from] ability: Drizzle|[of] p1a: Politoed
|move|p2a: Conkeldurr|Knock Off|p1a: Politoed
|-damage|p1a: Politoed|55/100
|-enditem|p1a: Politoed|Damp Rock|[from] move: Knock Off|[of] p2a: Conkeldurr
|
|-weather|RainDance|[upkeep]
|upkeep
|turn|5
|
|t:|1743857526
|move|p1a: Politoed|Hydro Pump|p2a: Conkeldurr
|-damage|p2a: Conkeldurr|10/100
|move|p2a: Conkeldurr|Thunder Punch|p1a: Politoed
|-supereffective|p1a: Politoed
|-damage|p1a: Politoed|0 fnt
|faint|p1a: Politoed
|
|-weather|RainDance|[upkeep]
|upkeep
|
|t:|1743857530
|switch|p1a: Basculegion|Basculegion, M|100/100
|turn|6
|
|t:|1743857534
|move|p1a: Basculegion|Flip Turn|p2a: Conkeldurr
|-damage|p2a: Conkeldurr|0 fnt
|faint|p2a: Conkeldurr
|
|t:|1743857547
|switch|p1a: Ogerpon|Ogerpon-Wellspring, F|100/100|[from] Flip Turn
|
|-weather|RainDance|[upkeep]
|upkeep
|
|t:|1743857550
|switch|p2a: Sinistcha|Sinistcha-Masterpiece|100/100
|-damage|p2a: Sinistcha|88/100|[from] Stealth Rock
|turn|7
|
|t:|1743857563
|move|p1a: Ogerpon|Swords Dance|p1a: Ogerpon
|-boost|p1a: Ogerpon|atk|2
|move|p2a: Sinistcha|Strength Sap|p1a: Ogerpon
|-unboost|p1a: Ogerpon|atk|1
|-heal|p2a: Sinistcha|100/100
|
|-weather|RainDance|[upkeep]
|upkeep
|turn|8
|
|t:|1743857568
|-terastallize|p2a: Sinistcha|Grass
|move|p1a: Ogerpon|Swords Dance|p1a: Ogerpon
|-boost|p1a: Ogerpon|atk|2
|move|p2a: Sinistcha|Matcha Gotcha|p1a: Ogerpon
|-damage|p1a: Ogerpon|49/100
|
|-weather|RainDance|[upkeep]
|upkeep
|turn|9
|
|t:|1743857572
|move|p1a: Ogerpon|U-turn|p2a: Sinistcha
|-supereffective|p2a: Sinistcha
|-damage|p2a: Sinistcha|3/100
|
|t:|1743857575
|switch|p1a: Cinderace|Cinderace, M|73/100|[from] U-turn
|move|p2a: Sinistcha|Matcha Gotcha|p1a: Cinderace
|-resisted|p1a: Cinderace
|-damage|p1a: Cinderace|40/100
|-heal|p2a: Sinistcha|18/100|[from] drain|[of] p1a: Cinderace
|
|-weather|RainDance|[upkeep]
|-heal|p2a: Sinistcha|24/100|[from] item: Leftovers
|upkeep
|turn|10
|
|t:|1743857577
|move|p1a: Cinderace|U-turn|p2a: Sinistcha
|-start|p1a: Cinderace|typechange|Bug|[from] ability: Libero
|-supereffective|p2a: Sinistcha
|-damage|p2a: Sinistcha|0 fnt
|faint|p2a: Sinistcha
|
|t:|1743857581
|switch|p1a: Basculegion|Basculegion, M|100/100|[from] U-turn
|
|-weather|RainDance|[upkeep]
|upkeep
|
|t:|1743857587
|switch|p2a: Empoleon|Empoleon, M|100/100
|-damage|p2a: Empoleon|94/100|[from] Stealth Rock
|turn|11
|
|t:|1743857591
|move|p1a: Basculegion|Wave Crash|p2a: Empoleon
|-resisted|p2a: Empoleon
|-damage|p2a: Empoleon|26/100
|-damage|p1a: Basculegion|78/100|[from] Recoil
|move|p2a: Empoleon|Ice Beam|p1a: Basculegion
|-resisted|p1a: Basculegion
|-damage|p1a: Basculegion|62/100
|
|-weather|none
|upkeep
|turn|12
|
|t:|1743857594
|move|p1a: Basculegion|Wave Crash|p2a: Empoleon
|-resisted|p2a: Empoleon
|-damage|p2a: Empoleon|0 fnt
|faint|p2a: Empoleon
|-damage|p1a: Basculegion|54/100|[from] Recoil
|
|upkeep
|
|t:|1743857597
|switch|p2a: Samurott|Samurott-Hisui, F|100/100
|-damage|p2a: Samurott|88/100|[from] Stealth Rock
|turn|13
|
|t:|1743857603
|move|p1a: Basculegion|Wave Crash|p2a: Samurott
|-resisted|p2a: Samurott
|-damage|p2a: Samurott|34/100
|-damage|p1a: Basculegion|36/100|[from] Recoil
|move|p2a: Samurott|Ceaseless Edge|p1a: Basculegion|[miss]
|-miss|p2a: Samurott|p1a: Basculegion
|
|upkeep
|turn|14
|
|t:|1743857605
|move|p2a: Samurott|Sucker Punch|p1a: Basculegion
|-supereffective|p1a: Basculegion
|-damage|p1a: Basculegion|0 fnt
|faint|p1a: Basculegion
|
|upkeep
|
|t:|1743857609
|switch|p1a: Enamorus|Enamorus, F|100/100
|turn|15
|
|t:|1743857611
|move|p1a: Enamorus|Moonblast|p2a: Samurott
|-supereffective|p2a: Samurott
|-damage|p2a: Samurott|0 fnt
|faint|p2a: Samurott
|
|upkeep
|
|t:|1743857613
|switch|p2a: Glimmora|Glimmora, F|100/100
|-damage|p2a: Glimmora|88/100|[from] Stealth Rock
|turn|16
|
|t:|1743857616
|-terastallize|p1a: Enamorus|Ground
|move|p1a: Enamorus|Earth Power|p2a: Glimmora
|-supereffective|p2a: Glimmora
|-damage|p2a: Glimmora|0 fnt
|faint|p2a: Glimmora
|
|win|Itkenreiza
|raw|Itkenreiza's rating: 1566 &rarr; <strong>1583</strong><br />(+17 for winning)
|raw|VANYR's rating: 1521 &rarr; <strong>1504</strong><br />(-17 for losing)
|l|☆VANYR
|player|p2|
|c|☆Itkenreiza|gg
|l|☆Itkenreiza
|player|p1|
