|j|☆SnarfyCow26
|j|☆Be happy every
|t:|1743830805
|gametype|singles
|player|p1|SnarfyCow26|miku-ground|1200
|player|p2|Be happy every|n|1218
|teamsize|p1|6
|teamsize|p2|6
|gen|9
|tier|[Gen 9] OU
|rated|
|rule|HP Percentage Mod: HP is shown in percentages
|rule|Endless Battle Clause: Forcing endless battles is banned
|rule|Species Clause: Limit one of each Pokémon
|rule|OHKO Clause: OHKO moves are banned
|rule|Evasion Items Clause: Evasion items are banned
|rule|Evasion Moves Clause: Evasion moves are banned
|rule|Sleep Moves Clause: Sleep-inducing moves are banned
|clearpoke
|poke|p1|Moltres-Galar|
|poke|p1|Garganacl, F|
|poke|p1|Kingambit, M|
|poke|p1|Iron Boulder|
|poke|p1|Keldeo-Resolute|
|poke|p1|Kyurem|
|poke|p2|Primarina, F|
|poke|p2|Dragapult, F|
|poke|p2|Great Tusk|
|poke|p2|Tinkaton, F|
|poke|p2|Kingambit, M|
|poke|p2|Dondozo, F|
|teampreview
|inactive|Battle timer is ON: inactive players will automatically lose when time's up. (requested by SnarfyCow26)
|inactive|Be happy every also wants the timer to be on.
|c|☆SnarfyCow26|hi glhf
|
|t:|1743830828
|start
|switch|p1a: Kyurem|Kyurem|100/100
|switch|p2a: Primarina|Primarina, F|100/100
|-ability|p1a: Kyurem|Pressure
|turn|1
|
|t:|1743830845
|switch|p1a: Moltres|Moltres-Galar|100/100
|switch|p2a: Tinkaton|Tinkaton, F|100/100
|-item|p2a: Tinkaton|Air Balloon
|
|upkeep
|turn|2
|
|t:|1743830856
|move|p2a: Tinkaton|Thunder Wave|p1a: Moltres|[miss]
|-miss|p2a: Tinkaton|p1a: Moltres
|move|p1a: Moltres|Hurricane|p2a: Tinkaton
|-resisted|p2a: Tinkaton
|-damage|p2a: Tinkaton|80/100
|-enditem|p2a: Tinkaton|Air Balloon
|
|upkeep
|turn|3
|
|t:|1743830864
|move|p2a: Tinkaton|Encore|p1a: Moltres
|-start|p1a: Moltres|Encore
|move|p1a: Moltres|Hurricane|p2a: Tinkaton|[miss]
|-miss|p1a: Moltres|p2a: Tinkaton
|
|upkeep
|turn|4
|
|t:|1743830869
|move|p2a: Tinkaton|Thunder Wave|p1a: Moltres
|-status|p1a: Moltres|par
|move|p1a: Moltres|Hurricane|p2a: Tinkaton|[miss]
|-miss|p1a: Moltres|p2a: Tinkaton
|
|upkeep
|turn|5
|
|t:|1743830875
|move|p2a: Tinkaton|Stealth Rock|p1a: Moltres
|-sidestart|p1: SnarfyCow26|move: Stealth Rock
|move|p1a: Moltres|Hurricane|p2a: Tinkaton
|-resisted|p2a: Tinkaton
|-damage|p2a: Tinkaton|59/100
|
|-end|p1a: Moltres|Encore
|upkeep
|turn|6
|
|t:|1743830884
|move|p2a: Tinkaton|Thunder Wave|p1a: Moltres
|-fail|p1a: Moltres|par
|move|p1a: Moltres|Hurricane|p2a: Tinkaton
|-resisted|p2a: Tinkaton
|-damage|p2a: Tinkaton|38/100
|
|upkeep
|turn|7
|
|t:|1743830891
|move|p2a: Tinkaton|Encore|p1a: Moltres
|-start|p1a: Moltres|Encore
|move|p1a: Moltres|Hurricane|p2a: Tinkaton
|-resisted|p2a: Tinkaton
|-damage|p2a: Tinkaton|19/100
|
|upkeep
|turn|8
|
|t:|1743830896
|switch|p2a: Kingambit|Kingambit, M|100/100
|move|p1a: Moltres|Hurricane|p2a: Kingambit
|-resisted|p2a: Kingambit
|-damage|p2a: Kingambit|72/100
|
|-heal|p2a: Kingambit|79/100|[from] item: Leftovers
|upkeep
|turn|9
|c|☆SnarfyCow26|gambling :)
|
|t:|1743830907
|move|p2a: Kingambit|Swords Dance|p2a: Kingambit
|-boost|p2a: Kingambit|atk|2
|move|p1a: Moltres|Hurricane|p2a: Kingambit|[miss]
|-miss|p1a: Moltres|p2a: Kingambit
|
|-heal|p2a: Kingambit|85/100|[from] item: Leftovers
|-end|p1a: Moltres|Encore
|upkeep
|turn|10
|
|t:|1743830916
|move|p2a: Kingambit|Swords Dance|p2a: Kingambit
|-boost|p2a: Kingambit|atk|2
|move|p1a: Moltres|Hurricane|p2a: Kingambit
|-resisted|p2a: Kingambit
|-damage|p2a: Kingambit|59/100
|
|-heal|p2a: Kingambit|66/100|[from] item: Leftovers
|upkeep
|turn|11
|
|t:|1743830924
|move|p2a: Kingambit|Swords Dance|p2a: Kingambit
|-boost|p2a: Kingambit|atk|2
|move|p1a: Moltres|Hurricane|p2a: Kingambit|[miss]
|-miss|p1a: Moltres|p2a: Kingambit
|
|-heal|p2a: Kingambit|72/100|[from] item: Leftovers
|upkeep
|turn|12
|
|t:|1743830931
|-terastallize|p2a: Kingambit|Dark
|move|p2a: Kingambit|Sucker Punch|p1a: Moltres
|-resisted|p1a: Moltres
|-damage|p1a: Moltres|0 fnt
|faint|p1a: Moltres
|
|-heal|p2a: Kingambit|78/100|[from] item: Leftovers
|upkeep
|c|☆SnarfyCow26|dang
|
|t:|1743830943
|switch|p1a: Kelden|Keldeo-Resolute|100/100
|-damage|p1a: Kelden|94/100|[from] Stealth Rock
|turn|13
|
|t:|1743830947
|move|p1a: Kelden|Vacuum Wave|p2a: Kingambit
|-supereffective|p2a: Kingambit
|-damage|p2a: Kingambit|22/100
|move|p2a: Kingambit|Sucker Punch||[still]
|-fail|p2a: Kingambit
|
|-heal|p2a: Kingambit|28/100|[from] item: Leftovers
|upkeep
|turn|14
|
|t:|1743830954
|-end|p2a: Kingambit|fallenundefined|[silent]
|switch|p2a: Dragapult|Dragapult, F|100/100
|move|p1a: Kelden|Vacuum Wave|p2a: Dragapult
|-immune|p2a: Dragapult
|
|upkeep
|turn|15
|
|t:|1743830959
|move|p2a: Dragapult|Dragon Darts|p1a: Kelden
|-damage|p1a: Kelden|50/100
|-anim|p2a: Dragapult|Dragon Darts|p1a: Kelden
|-damage|p1a: Kelden|5/100
|move|p1a: Kelden|Air Slash|p2a: Dragapult
|-damage|p2a: Dragapult|64/100
|
|upkeep
|turn|16
|
|t:|1743830968
|move|p1a: Kelden|Vacuum Wave|p2a: Dragapult
|-immune|p2a: Dragapult
|move|p2a: Dragapult|Dragon Darts|p1a: Kelden
|-damage|p1a: Kelden|0 fnt
|faint|p1a: Kelden
|
|upkeep
|c|☆SnarfyCow26|incase you terad
|
|t:|1743830984
|switch|p1a: Iron Boulder|Iron Boulder|100/100
|-damage|p1a: Iron Boulder|88/100|[from] Stealth Rock
|-enditem|p1a: Iron Boulder|Booster Energy
|-activate|p1a: Iron Boulder|ability: Quark Drive|[fromitem]
|-start|p1a: Iron Boulder|quarkdrivespe
|turn|17
|
|t:|1743830992
|switch|p2a: Tinkaton|Tinkaton, F|19/100
|-terastallize|p1a: Iron Boulder|Fighting
|move|p1a: Iron Boulder|Swords Dance|p1a: Iron Boulder
|-boost|p1a: Iron Boulder|atk|2
|
|upkeep
|turn|18
|
|t:|1743831004
|move|p1a: Iron Boulder|Mighty Cleave|p2a: Tinkaton
|-resisted|p2a: Tinkaton
|-damage|p2a: Tinkaton|0 fnt
|faint|p2a: Tinkaton
|
|upkeep
|
|t:|1743831013
|switch|p2a: Dondozo|Dondozo, F|100/100
|turn|19
|
|t:|1743831017
|move|p1a: Iron Boulder|Sacred Sword|p2a: Dondozo
|-damage|p2a: Dondozo|82/100
|move|p2a: Dondozo|Liquidation|p1a: Iron Boulder
|-damage|p1a: Iron Boulder|53/100
|
|-heal|p2a: Dondozo|89/100|[from] item: Leftovers
|upkeep
|turn|20
|
|t:|1743831025
|move|p1a: Iron Boulder|Sacred Sword|p2a: Dondozo
|-damage|p2a: Dondozo|69/100
|move|p2a: Dondozo|Liquidation|p1a: Iron Boulder
|-damage|p1a: Iron Boulder|17/100
|
|-heal|p2a: Dondozo|75/100|[from] item: Leftovers
|upkeep
|turn|21
|c|☆SnarfyCow26|i hate dondozo
|c|☆SnarfyCow26|i can never find a counter :(
|
|t:|1743831047
|move|p1a: Iron Boulder|Sacred Sword|p2a: Dondozo
|-damage|p2a: Dondozo|57/100
|move|p2a: Dondozo|Liquidation|p1a: Iron Boulder
|-damage|p1a: Iron Boulder|0 fnt
|faint|p1a: Iron Boulder
|-end|p1a: Iron Boulder|Quark Drive|[silent]
|
|-heal|p2a: Dondozo|63/100|[from] item: Leftovers
|upkeep
|
|t:|1743831056
|switch|p1a: THE CONDIMENT|Garganacl, F, shiny|100/100
|-damage|p1a: THE CONDIMENT|88/100|[from] Stealth Rock
|turn|22
|
|t:|1743831062
|switch|p2a: Primarina|Primarina, F|100/100
|move|p1a: THE CONDIMENT|Salt Cure|p2a: Primarina
|-damage|p2a: Primarina|85/100
|-start|p2a: Primarina|Salt Cure
|
|-heal|p2a: Primarina|91/100|[from] item: Leftovers
|-heal|p1a: THE CONDIMENT|94/100|[from] item: Leftovers
|-damage|p2a: Primarina|66/100|[from] Salt Cure
|upkeep
|turn|23
|c|☆SnarfyCow26|thanks for switching man
|
|t:|1743831081
|move|p2a: Primarina|Flip Turn|p1a: THE CONDIMENT
|-supereffective|p1a: THE CONDIMENT
|-damage|p1a: THE CONDIMENT|75/100
|
|t:|1743831085
|switch|p2a: Great Tusk|Great Tusk|100/100|[from] Flip Turn
|move|p1a: THE CONDIMENT|Iron Defense|p1a: THE CONDIMENT
|-boost|p1a: THE CONDIMENT|def|2
|
|-heal|p1a: THE CONDIMENT|81/100|[from] item: Leftovers
|upkeep
|turn|24
|
|t:|1743831096
|move|p2a: Great Tusk|Earthquake|p1a: THE CONDIMENT
|-supereffective|p1a: THE CONDIMENT
|-damage|p1a: THE CONDIMENT|54/100
|move|p1a: THE CONDIMENT|Body Press|p2a: Great Tusk
|-damage|p2a: Great Tusk|74/100
|
|-heal|p2a: Great Tusk|80/100|[from] item: Leftovers
|-heal|p1a: THE CONDIMENT|60/100|[from] item: Leftovers
|upkeep
|turn|25
|
|t:|1743831105
|move|p2a: Great Tusk|Earthquake|p1a: THE CONDIMENT
|-supereffective|p1a: THE CONDIMENT
|-damage|p1a: THE CONDIMENT|34/100
|move|p1a: THE CONDIMENT|Iron Defense|p1a: THE CONDIMENT
|-boost|p1a: THE CONDIMENT|def|2
|
|-heal|p2a: Great Tusk|86/100|[from] item: Leftovers
|-heal|p1a: THE CONDIMENT|40/100|[from] item: Leftovers
|upkeep
|turn|26
|
|t:|1743831113
|-end|p2a: Great Tusk|Protosynthesis|[silent]
|switch|p2a: Primarina|Primarina, F|66/100
|move|p1a: THE CONDIMENT|Recover|p1a: THE CONDIMENT
|-heal|p1a: THE CONDIMENT|90/100
|
|-heal|p2a: Primarina|72/100|[from] item: Leftovers
|-heal|p1a: THE CONDIMENT|96/100|[from] item: Leftovers
|upkeep
|turn|27
|
|t:|1743831121
|move|p2a: Primarina|Surf|p1a: THE CONDIMENT
|-supereffective|p1a: THE CONDIMENT
|-damage|p1a: THE CONDIMENT|9/100
|move|p1a: THE CONDIMENT|Salt Cure|p2a: Primarina
|-damage|p2a: Primarina|55/100
|-start|p2a: Primarina|Salt Cure
|
|-heal|p2a: Primarina|61/100|[from] item: Leftovers
|-heal|p1a: THE CONDIMENT|15/100|[from] item: Leftovers
|-damage|p2a: Primarina|36/100|[from] Salt Cure
|upkeep
|turn|28
|
|t:|1743831131
|move|p2a: Primarina|Moonblast|p1a: THE CONDIMENT
|-damage|p1a: THE CONDIMENT|0 fnt
|faint|p1a: THE CONDIMENT
|
|-heal|p2a: Primarina|43/100|[from] item: Leftovers
|-damage|p2a: Primarina|18/100|[from] Salt Cure
|upkeep
|
|t:|1743831138
|switch|p1a: Kyurem|Kyurem|100/100
|-damage|p1a: Kyurem|76/100|[from] Stealth Rock
|-ability|p1a: Kyurem|Pressure
|turn|29
|c|☆SnarfyCow26|ggwp
|
|t:|1743831147
|move|p1a: Kyurem|Dragon Dance|p1a: Kyurem
|-boost|p1a: Kyurem|atk|1
|-boost|p1a: Kyurem|spe|1
|move|p2a: Primarina|Moonblast|p1a: Kyurem
|-supereffective|p1a: Kyurem
|-damage|p1a: Kyurem|0 fnt
|faint|p1a: Kyurem
|
|-heal|p2a: Primarina|24/100|[from] item: Leftovers
|-damage|p2a: Primarina|0 fnt|[from] Salt Cure
|faint|p2a: Primarina
|upkeep
|
|t:|1743831157
|switch|p1a: Kingambit|Kingambit, M|100/100
|switch|p2a: Great Tusk|Great Tusk|86/100
|-damage|p1a: Kingambit|94/100|[from] Stealth Rock
|-activate|p1a: Kingambit|ability: Supreme Overlord
|-start|p1a: Kingambit|fallen5|[silent]
|turn|30
|
|t:|1743831165
|move|p2a: Great Tusk|Earthquake|p1a: Kingambit
|-supereffective|p1a: Kingambit
|-damage|p1a: Kingambit|26/100
|move|p1a: Kingambit|Brick Break|p2a: Great Tusk
|-damage|p2a: Great Tusk|66/100
|
|-heal|p2a: Great Tusk|73/100|[from] item: Leftovers
|upkeep
|turn|31
|
|t:|1743831175
|move|p1a: Kingambit|Sucker Punch|p2a: Great Tusk
|-resisted|p2a: Great Tusk
|-damage|p2a: Great Tusk|58/100
|move|p2a: Great Tusk|Earthquake|p1a: Kingambit
|-supereffective|p1a: Kingambit
|-damage|p1a: Kingambit|0 fnt
|faint|p1a: Kingambit
|-end|p1a: Kingambit|fallen5|[silent]
|
|win|Be happy every
|raw|SnarfyCow26's rating: 1200 &rarr; <strong>1176</strong><br />(-24 for losing)
|raw|Be happy every's rating: 1218 &rarr; <strong>1242</strong><br />(+24 for winning)
|l|☆Be happy every
|player|p2|
|c|☆SnarfyCow26|gg
|c|☆SnarfyCow26|:)
|l|☆SnarfyCow26
|player|p1|
