|j|☆Nbr1bleachfan
|j|☆adow
|t:|1743838298
|gametype|singles
|player|p1|Nbr1bleachfan|unknown|1123
|player|p2|adow|veteran|1145
|teamsize|p1|6
|teamsize|p2|6
|gen|9
|tier|[Gen 9] OU
|rated|
|rule|HP Percentage Mod: HP is shown in percentages
|rule|Endless Battle Clause: Forcing endless battles is banned
|rule|Species Clause: Limit one of each Pokémon
|rule|OHKO Clause: OHKO moves are banned
|rule|Evasion Items Clause: Evasion items are banned
|rule|Evasion Moves Clause: Evasion moves are banned
|rule|Sleep Moves Clause: Sleep-inducing moves are banned
|clearpoke
|poke|p1|Zamazenta-*|
|poke|p1|Kingambit, F|
|poke|p1|Samurott-Hisui, M|
|poke|p1|Landorus-Therian, M|
|poke|p1|Iron Valiant|
|poke|p1|Iron Moth|
|poke|p2|Hatterene, F|
|poke|p2|Greninja-*, M|
|poke|p2|Clodsire, M|
|poke|p2|Rotom-Frost|
|poke|p2|Hydrapple, F|
|poke|p2|Metagross|
|teampreview
|
|t:|1743838309
|start
|switch|p1a: Samurott|Samurott-Hisui, M|100/100
|switch|p2a: Rotom|Rotom-Frost|100/100
|turn|1
|
|t:|1743838317
|-terastallize|p1a: Samurott|Ghost
|move|p1a: Samurott|Ceaseless Edge|p2a: Rotom
|-damage|p2a: Rotom|50/100
|-sidestart|p2: adow|Spikes
|move|p2a: Rotom|Volt Switch|p1a: Samurott
|-damage|p1a: Samurott|25/100
|
|t:|1743838326
|switch|p2a: Greninja|Greninja, M|100/100|[from] Volt Switch
|-damage|p2a: Greninja|88/100|[from] Spikes
|
|upkeep
|turn|2
|
|t:|1743838335
|move|p2a: Greninja|Water Shuriken|p1a: Samurott
|-damage|p1a: Samurott|14/100
|-damage|p1a: Samurott|2/100
|-damage|p1a: Samurott|0 fnt
|faint|p1a: Samurott
|-ability|p2a: Greninja|Battle Bond|boost
|-boost|p2a: Greninja|atk|1
|-boost|p2a: Greninja|spa|1
|-boost|p2a: Greninja|spe|1
|-activate|p2a: Greninja|ability: Battle Bond
|-hitcount|p1: Samurott|3
|
|upkeep
|
|t:|1743838345
|switch|p1a: Iron Valiant|Iron Valiant|100/100
|-enditem|p1a: Iron Valiant|Booster Energy
|-activate|p1a: Iron Valiant|ability: Quark Drive|[fromitem]
|-start|p1a: Iron Valiant|quarkdrivespe
|turn|3
|
|t:|1743838351
|-terastallize|p2a: Greninja|Water
|move|p2a: Greninja|Water Shuriken|p1a: Iron Valiant
|-damage|p1a: Iron Valiant|76/100
|-damage|p1a: Iron Valiant|50/100
|-damage|p1a: Iron Valiant|25/100
|-damage|p1a: Iron Valiant|0 fnt
|faint|p1a: Iron Valiant
|-end|p1a: Iron Valiant|Quark Drive|[silent]
|-hitcount|p1: Iron Valiant|4
|
|upkeep
|
|t:|1743838363
|switch|p1a: Zamazenta|Zamazenta|100/100
|-ability|p1a: Zamazenta|Dauntless Shield|boost
|-boost|p1a: Zamazenta|def|1
|turn|4
|inactive|Battle timer is ON: inactive players will automatically lose when time's up. (requested by Nbr1bleachfan)
|
|t:|1743838371
|move|p2a: Greninja|Water Shuriken|p1a: Zamazenta
|-damage|p1a: Zamazenta|89/100
|-damage|p1a: Zamazenta|77/100
|-damage|p1a: Zamazenta|65/100
|-damage|p1a: Zamazenta|52/100
|-damage|p1a: Zamazenta|41/100
|-hitcount|p1a: Zamazenta|5
|move|p1a: Zamazenta|Iron Defense|p1a: Zamazenta
|-boost|p1a: Zamazenta|def|2
|
|-heal|p1a: Zamazenta|48/100|[from] item: Leftovers
|upkeep
|turn|5
|
|t:|1743838384
|move|p2a: Greninja|Water Shuriken|p1a: Zamazenta
|-damage|p1a: Zamazenta|37/100
|-damage|p1a: Zamazenta|26/100
|-damage|p1a: Zamazenta|13/100
|-damage|p1a: Zamazenta|2/100
|-damage|p1a: Zamazenta|0 fnt
|faint|p1a: Zamazenta
|-hitcount|p1: Zamazenta|5
|
|upkeep
|
|t:|1743838394
|switch|p1a: Landorus|Landorus-Therian, M|100/100
|-ability|p1a: Landorus|Intimidate|boost
|-unboost|p2a: Greninja|atk|1
|turn|6
|
|t:|1743838404
|move|p2a: Greninja|Ice Beam|p1a: Landorus
|-supereffective|p1a: Landorus
|-damage|p1a: Landorus|0 fnt
|faint|p1a: Landorus
|
|upkeep
|
|t:|1743838410
|switch|p1a: Iron Moth|Iron Moth|100/100
|-enditem|p1a: Iron Moth|Booster Energy
|-activate|p1a: Iron Moth|ability: Quark Drive|[fromitem]
|-start|p1a: Iron Moth|quarkdrivespe
|turn|7
|
|t:|1743838415
|move|p2a: Greninja|Water Shuriken|p1a: Iron Moth
|-supereffective|p1a: Iron Moth
|-damage|p1a: Iron Moth|69/100
|-supereffective|p1a: Iron Moth
|-damage|p1a: Iron Moth|38/100
|-supereffective|p1a: Iron Moth
|-damage|p1a: Iron Moth|9/100
|-supereffective|p1a: Iron Moth
|-damage|p1a: Iron Moth|0 fnt
|faint|p1a: Iron Moth
|-end|p1a: Iron Moth|Quark Drive|[silent]
|-hitcount|p1: Iron Moth|4
|
|upkeep
|
|t:|1743838425
|switch|p1a: Kingambit|Kingambit, F|100/100
|-activate|p1a: Kingambit|ability: Supreme Overlord
|-start|p1a: Kingambit|fallen5|[silent]
|turn|8
|
|t:|1743838431
|move|p2a: Greninja|Water Shuriken|p1a: Kingambit
|-damage|p1a: Kingambit|86/100
|-damage|p1a: Kingambit|71/100
|-damage|p1a: Kingambit|57/100
|-damage|p1a: Kingambit|43/100
|-damage|p1a: Kingambit|27/100
|-hitcount|p1a: Kingambit|5
|move|p1a: Kingambit|Sucker Punch||[still]
|-fail|p1a: Kingambit
|
|-heal|p1a: Kingambit|33/100|[from] item: Leftovers
|upkeep
|turn|9
|
|t:|1743838444
|move|p2a: Greninja|Water Shuriken|p1a: Kingambit
|-damage|p1a: Kingambit|18/100
|-damage|p1a: Kingambit|2/100
|-crit|p1a: Kingambit
|-damage|p1a: Kingambit|0 fnt
|faint|p1a: Kingambit
|-end|p1a: Kingambit|fallen5|[silent]
|-hitcount|p1: Kingambit|3
|
|win|adow
|raw|Nbr1bleachfan's rating: 1123 &rarr; <strong>1100</strong><br />(-23 for losing)
|raw|adow's rating: 1145 &rarr; <strong>1168</strong><br />(+23 for winning)
|l|☆Nbr1bleachfan
|player|p1|
|l|☆adow
|player|p2|
