|j|☆Vackuum
|j|☆Havestol
|t:|1743801926
|gametype|singles
|player|p1|Vackuum|sage|1330
|player|p2|Havestol|mars|1309
|teamsize|p1|6
|teamsize|p2|6
|gen|9
|tier|[Gen 9] OU
|rated|
|rule|HP Percentage Mod: HP is shown in percentages
|rule|Endless Battle Clause: Forcing endless battles is banned
|rule|Species Clause: Limit one of each Pokémon
|rule|OHKO Clause: OHKO moves are banned
|rule|Evasion Items Clause: Evasion items are banned
|rule|Evasion Moves Clause: Evasion moves are banned
|rule|Sleep Moves Clause: Sleep-inducing moves are banned
|clearpoke
|poke|p1|Clodsire, F|
|poke|p1|Gliscor, F|
|poke|p1|Clefable, M|
|poke|p1|Alomomola, M|
|poke|p1|Blissey, F|
|poke|p1|Corviknight, F|
|poke|p2|Mismagius, M|
|poke|p2|Ting-Lu|
|poke|p2|Alomomola, F|
|poke|p2|Tentacruel, F|
|poke|p2|Corviknight, M|
|poke|p2|Clefable, M|
|teampreview
|c|☆Havestol|ewww
|
|t:|1743801957
|start
|switch|p1a: Clefable|Clefable, M|100/100
|switch|p2a: Mismagius|Mismagius, M|100/100
|turn|1
|
|t:|1743801960
|move|p1a: Clefable|Protect|p1a: Clefable
|-singleturn|p1a: Clefable|Protect
|move|p2a: Mismagius|Substitute|p2a: Mismagius
|-start|p2a: Mismagius|Substitute
|-damage|p2a: Mismagius|76/100
|
|-heal|p2a: Mismagius|82/100|[from] item: Leftovers
|upkeep
|turn|2
|
|t:|1743801966
|move|p2a: Mismagius|Will-O-Wisp|p1a: Clefable
|-status|p1a: Clefable|brn
|move|p1a: Clefable|Knock Off|p2a: Mismagius
|-supereffective|p2a: Mismagius
|-activate|p2a: Mismagius|move: Substitute|[damage]
|
|-heal|p2a: Mismagius|88/100|[from] item: Leftovers
|upkeep
|turn|3
|
|t:|1743801972
|move|p2a: Mismagius|Nasty Plot|p2a: Mismagius
|-boost|p2a: Mismagius|spa|2
|move|p1a: Clefable|Knock Off|p2a: Mismagius
|-supereffective|p2a: Mismagius
|-end|p2a: Mismagius|Substitute
|
|-heal|p2a: Mismagius|94/100|[from] item: Leftovers
|upkeep
|turn|4
|
|t:|1743801974
|move|p2a: Mismagius|Substitute|p2a: Mismagius
|-start|p2a: Mismagius|Substitute
|-damage|p2a: Mismagius|69/100
|move|p1a: Clefable|Knock Off|p2a: Mismagius
|-supereffective|p2a: Mismagius
|-activate|p2a: Mismagius|move: Substitute|[damage]
|
|-heal|p2a: Mismagius|75/100|[from] item: Leftovers
|upkeep
|turn|5
|
|t:|1743801976
|move|p2a: Mismagius|Hex|p1a: Clefable
|-damage|p1a: Clefable|39/100 brn
|move|p1a: Clefable|Knock Off|p2a: Mismagius
|-supereffective|p2a: Mismagius
|-end|p2a: Mismagius|Substitute
|
|-heal|p2a: Mismagius|81/100|[from] item: Leftovers
|-heal|p1a: Clefable|45/100 brn|[from] item: Leftovers
|upkeep
|turn|6
|
|t:|1743801981
|switch|p1a: Blissey|Blissey, F|100/100
|move|p2a: Mismagius|Substitute|p2a: Mismagius
|-start|p2a: Mismagius|Substitute
|-damage|p2a: Mismagius|56/100
|
|-heal|p2a: Mismagius|63/100|[from] item: Leftovers
|upkeep
|turn|7
|
|t:|1743801984
|move|p2a: Mismagius|Will-O-Wisp|p1a: Blissey
|-status|p1a: Blissey|brn
|move|p1a: Blissey|Calm Mind|p1a: Blissey
|-boost|p1a: Blissey|spa|1
|-boost|p1a: Blissey|spd|1
|
|-heal|p2a: Mismagius|69/100|[from] item: Leftovers
|-damage|p1a: Blissey|94/100 brn|[from] brn
|upkeep
|turn|8
|
|t:|1743801994
|switch|p2a: Clefable|Clefable, M|100/100
|move|p1a: Blissey|Flamethrower|p2a: Clefable
|-damage|p2a: Clefable|83/100
|
|-heal|p2a: Clefable|89/100|[from] item: Leftovers
|-damage|p1a: Blissey|88/100 brn|[from] brn
|upkeep
|turn|9
|
|t:|1743802010
|-curestatus|p1a: Blissey|brn|[from] ability: Natural Cure
|switch|p1a: Clefable|Clefable, M|45/100 brn
|move|p2a: Clefable|Knock Off|p1a: Clefable
|-resisted|p1a: Clefable
|-damage|p1a: Clefable|36/100 brn
|-enditem|p1a: Clefable|Leftovers|[from] move: Knock Off|[of] p2a: Clefable
|
|-heal|p2a: Clefable|95/100|[from] item: Leftovers
|upkeep
|turn|10
|
|t:|1743802015
|move|p2a: Clefable|Stealth Rock|p1a: Clefable
|-sidestart|p1: Vackuum|move: Stealth Rock
|move|p1a: Clefable|Wish|p1a: Clefable
|
|-heal|p2a: Clefable|100/100|[from] item: Leftovers
|upkeep
|turn|11
|
|t:|1743802026
|switch|p2a: Alomomola|Alomomola, F|100/100
|move|p1a: Clefable|Knock Off|p2a: Alomomola
|-damage|p2a: Alomomola|96/100
|-enditem|p2a: Alomomola|Heavy-Duty Boots|[from] move: Knock Off|[of] p1a: Clefable
|
|-heal|p1a: Clefable|86/100 brn|[from] move: Wish|[wisher] Clefable
|upkeep
|turn|12
|
|t:|1743802036
|switch|p1a: Alomomola|Alomomola, M|100/100
|-damage|p1a: Alomomola|88/100|[from] Stealth Rock
|move|p2a: Alomomola|Flip Turn|p1a: Alomomola
|-resisted|p1a: Alomomola
|-damage|p1a: Alomomola|84/100
|-damage|p2a: Alomomola|79/100|[from] item: Rocky Helmet|[of] p1a: Alomomola
|
|t:|1743802040
|switch|p2a: Mismagius|Mismagius, M|69/100|[from] Flip Turn
|
|-heal|p2a: Mismagius|75/100|[from] item: Leftovers
|upkeep
|turn|13
|
|t:|1743802044
|switch|p1a: Blissey|Blissey, F|88/100
|move|p2a: Mismagius|Will-O-Wisp|p1a: Blissey
|-status|p1a: Blissey|brn
|
|-heal|p2a: Mismagius|81/100|[from] item: Leftovers
|-damage|p1a: Blissey|82/100 brn|[from] brn
|upkeep
|turn|14
|
|t:|1743802052
|switch|p2a: Ting-Lu|Ting-Lu|100/100
|-ability|p2a: Ting-Lu|Vessel of Ruin
|move|p1a: Blissey|Soft-Boiled|p1a: Blissey
|-heal|p1a: Blissey|100/100 brn
|
|-damage|p1a: Blissey|94/100 brn|[from] brn
|upkeep
|turn|15
|
|t:|1743802056
|-curestatus|p1a: Blissey|brn|[from] ability: Natural Cure
|switch|p1a: Gliscor|Gliscor, F|100/100
|-damage|p1a: Gliscor|88/100|[from] Stealth Rock
|move|p2a: Ting-Lu|Spikes|p1a: Gliscor
|-sidestart|p1: Vackuum|Spikes
|
|-status|p1a: Gliscor|tox|[from] item: Toxic Orb
|upkeep
|turn|16
|
|t:|1743802061
|switch|p2a: Corviknight|Corviknight, M|100/100
|-ability|p2a: Corviknight|Pressure
|move|p1a: Gliscor|Swords Dance|p1a: Gliscor
|-boost|p1a: Gliscor|atk|2
|
|-heal|p1a: Gliscor|100/100 tox|[from] ability: Poison Heal
|upkeep
|turn|17
|
|t:|1743802065
|move|p1a: Gliscor|Protect|p1a: Gliscor
|-singleturn|p1a: Gliscor|Protect
|move|p2a: Corviknight|Iron Defense|p2a: Corviknight
|-boost|p2a: Corviknight|def|2
|
|upkeep
|turn|18
|
|t:|1743802077
|switch|p1a: Clefable|Clefable, M|86/100 brn
|move|p2a: Corviknight|Iron Defense|p2a: Corviknight
|-boost|p2a: Corviknight|def|2
|
|upkeep
|turn|19
|
|t:|1743802083
|move|p2a: Corviknight|Brave Bird|p1a: Clefable
|-damage|p1a: Clefable|42/100 brn
|-damage|p2a: Corviknight|86/100|[from] Recoil
|move|p1a: Clefable|Knock Off|p2a: Corviknight
|-damage|p2a: Corviknight|84/100
|-enditem|p2a: Corviknight|Rocky Helmet|[from] move: Knock Off|[of] p1a: Clefable
|
|upkeep
|turn|20
|
|t:|1743802090
|move|p2a: Corviknight|Brave Bird|p1a: Clefable
|-damage|p1a: Clefable|0 fnt
|faint|p1a: Clefable
|-damage|p2a: Corviknight|71/100|[from] Recoil
|
|upkeep
|
|t:|1743802094
|switch|p1a: Alomomola|Alomomola, M|100/100
|-damage|p1a: Alomomola|88/100|[from] Stealth Rock
|-damage|p1a: Alomomola|76/100|[from] Spikes
|turn|21
|
|t:|1743802105
|switch|p2a: Alomomola|Alomomola, F|100/100
|move|p1a: Alomomola|Wish|p1a: Alomomola
|
|upkeep
|turn|22
|
|t:|1743802110
|move|p1a: Alomomola|Play Rough|p2a: Alomomola
|-damage|p2a: Alomomola|92/100
|move|p2a: Alomomola|Wish|p2a: Alomomola
|
|-heal|p1a: Alomomola|100/100|[from] move: Wish|[wisher] Alomomola
|upkeep
|turn|23
|
|t:|1743802116
|move|p1a: Alomomola|Flip Turn|p2a: Alomomola
|-resisted|p2a: Alomomola
|-damage|p2a: Alomomola|87/100
|
|t:|1743802120
|switch|p1a: Clodsire|Clodsire, F|100/100|[from] Flip Turn
|move|p2a: Alomomola|Flip Turn|p1a: Clodsire
|-supereffective|p1a: Clodsire
|-damage|p1a: Clodsire|64/100
|-message|Vackuum forfeited.
|
|win|Havestol
|raw|Vackuum's rating: 1330 &rarr; <strong>1309</strong><br />(-21 for losing)
|raw|Havestol's rating: 1309 &rarr; <strong>1330</strong><br />(+21 for winning)
|l|☆Vackuum
|player|p1|
|c|☆Havestol|bro
|c|☆Havestol|try hyper offense
|c|☆Havestol|stall aint it for you chief
|l|☆Havestol
|player|p2|
