|j|☆chufaworld
|j|☆JasperHatton
|t:|1743837778
|gametype|singles
|player|p1|chufaworld|266|1130
|player|p2|JasperHatton|palmer|1182
|teamsize|p1|6
|teamsize|p2|6
|gen|9
|tier|[Gen 9] OU
|rated|
|rule|HP Percentage Mod: HP is shown in percentages
|rule|Endless Battle Clause: Forcing endless battles is banned
|rule|Species Clause: Limit one of each Pokémon
|rule|OHKO Clause: OHKO moves are banned
|rule|Evasion Items Clause: Evasion items are banned
|rule|Evasion Moves Clause: Evasion moves are banned
|rule|Sleep Moves Clause: Sleep-inducing moves are banned
|clearpoke
|poke|p1|Torterra, F|
|poke|p1|Cloyster, M|
|poke|p1|Magcargo, M|
|poke|p1|Polteageist|
|poke|p1|Blastoise, M|
|poke|p1|Minior|
|poke|p2|Houndoom, M|
|poke|p2|Lucario, M|
|poke|p2|Gardevoir, F|
|poke|p2|Garchomp, M|
|poke|p2|Leavanny, F|
|poke|p2|Gengar, F|
|teampreview
|inactive|Battle timer is ON: inactive players will automatically lose when time's up. (requested by JasperHatton)
|
|t:|1743837815
|start
|switch|p1a: Cloyster|Cloyster, M|100/100
|switch|p2a: Gengar|Gengar, F|100/100
|turn|1
|
|t:|1743837822
|move|p2a: Gengar|Thunderbolt|p1a: Cloyster
|-supereffective|p1a: Cloyster
|-damage|p1a: Cloyster|0 fnt
|faint|p1a: Cloyster
|
|upkeep
|
|t:|1743837834
|switch|p1a: Torterra|Torterra, F|100/100
|turn|2
|
|t:|1743837842
|move|p2a: Gengar|Sludge Wave|p1a: Torterra
|-damage|p1a: Torterra|40/100
|move|p1a: Torterra|Shell Smash|p1a: Torterra
|-unboost|p1a: Torterra|def|1
|-unboost|p1a: Torterra|spd|1
|-boost|p1a: Torterra|atk|2
|-boost|p1a: Torterra|spa|2
|-boost|p1a: Torterra|spe|2
|
|upkeep
|turn|3
|
|t:|1743837854
|move|p1a: Torterra|Earthquake|p2a: Gengar
|-supereffective|p2a: Gengar
|-enditem|p2a: Gengar|Focus Sash
|-damage|p2a: Gengar|1/100
|move|p2a: Gengar|Sludge Wave|p1a: Torterra
|-damage|p1a: Torterra|0 fnt
|faint|p1a: Torterra
|
|upkeep
|
|t:|1743837866
|switch|p1a: Polteageist|Polteageist|100/100
|turn|4
|
|t:|1743837870
|move|p2a: Gengar|Shadow Ball|p1a: Polteageist
|-supereffective|p1a: Polteageist
|-damage|p1a: Polteageist|2/100
|-unboost|p1a: Polteageist|spd|1
|move|p1a: Polteageist|Shell Smash|p1a: Polteageist
|-unboost|p1a: Polteageist|def|1
|-unboost|p1a: Polteageist|spd|1
|-boost|p1a: Polteageist|atk|2
|-boost|p1a: Polteageist|spa|2
|-boost|p1a: Polteageist|spe|2
|
|upkeep
|turn|5
|
|t:|1743837877
|move|p1a: Polteageist|Giga Drain|p2a: Gengar
|-resisted|p2a: Gengar
|-damage|p2a: Gengar|0 fnt
|-heal|p1a: Polteageist|2/100|[from] drain|[of] p2a: Gengar
|faint|p2a: Gengar
|
|upkeep
|
|t:|1743837881
|switch|p2a: Houndoom|Houndoom, M|100/100
|turn|6
|
|t:|1743837888
|move|p1a: Polteageist|Shadow Ball|p2a: Houndoom
|-resisted|p2a: Houndoom
|-damage|p2a: Houndoom|33/100
|-unboost|p2a: Houndoom|spd|1
|move|p2a: Houndoom|Dark Pulse|p1a: Polteageist
|-supereffective|p1a: Polteageist
|-damage|p1a: Polteageist|0 fnt
|faint|p1a: Polteageist
|
|upkeep
|
|t:|1743837900
|switch|p1a: Blastoise|Blastoise, M|100/100
|turn|7
|
|t:|1743837913
|move|p2a: Houndoom|Dark Pulse|p1a: Blastoise
|-damage|p1a: Blastoise|62/100
|move|p1a: Blastoise|Rapid Spin|p2a: Houndoom
|-crit|p2a: Houndoom
|-damage|p2a: Houndoom|8/100
|-boost|p1a: Blastoise|spe|1
|
|-heal|p1a: Blastoise|68/100|[from] item: Leftovers
|upkeep
|turn|8
|
|t:|1743837919
|move|p1a: Blastoise|Rapid Spin|p2a: Houndoom
|-damage|p2a: Houndoom|0 fnt
|-boost|p1a: Blastoise|spe|1
|faint|p2a: Houndoom
|
|-heal|p1a: Blastoise|74/100|[from] item: Leftovers
|upkeep
|
|t:|1743837923
|switch|p2a: Leavanny|Leavanny, F|100/100
|turn|9
|
|t:|1743837929
|move|p1a: Blastoise|Ice Beam|p2a: Leavanny
|-supereffective|p2a: Leavanny
|-crit|p2a: Leavanny
|-enditem|p2a: Leavanny|Focus Sash
|-damage|p2a: Leavanny|1/100
|-status|p2a: Leavanny|frz
|cant|p2a: Leavanny|frz
|
|-heal|p1a: Blastoise|80/100|[from] item: Leftovers
|upkeep
|turn|10
|
|t:|1743837937
|move|p1a: Blastoise|Rapid Spin|p2a: Leavanny
|-damage|p2a: Leavanny|0 fnt
|-boost|p1a: Blastoise|spe|1
|faint|p2a: Leavanny
|
|-heal|p1a: Blastoise|86/100|[from] item: Leftovers
|upkeep
|
|t:|1743837945
|switch|p2a: Gardevoir|Gardevoir, F|100/100
|-ability|p2a: Gardevoir|Torrent|[from] ability: Trace|[of] p1a: Blastoise
|turn|11
|
|t:|1743837959
|move|p1a: Blastoise|Surf|p2a: Gardevoir
|-damage|p2a: Gardevoir|59/100
|move|p2a: Gardevoir|Energy Ball|p1a: Blastoise
|-supereffective|p1a: Blastoise
|-damage|p1a: Blastoise|0 fnt
|faint|p1a: Blastoise
|-damage|p2a: Gardevoir|49/100|[from] item: Life Orb
|
|upkeep
|
|t:|1743837977
|switch|p1a: Magcargo|Magcargo, M|100/100
|turn|12
|
|t:|1743837986
|move|p2a: Gardevoir|Psychic|p1a: Magcargo
|-damage|p1a: Magcargo|1/100
|-damage|p2a: Gardevoir|39/100|[from] item: Life Orb
|move|p1a: Magcargo|Shell Smash|p1a: Magcargo
|-unboost|p1a: Magcargo|def|1
|-unboost|p1a: Magcargo|spd|1
|-boost|p1a: Magcargo|atk|2
|-boost|p1a: Magcargo|spa|2
|-boost|p1a: Magcargo|spe|2
|
|upkeep
|turn|13
|
|t:|1743838002
|move|p1a: Magcargo|Earth Power|p2a: Gardevoir
|-damage|p2a: Gardevoir|0 fnt
|faint|p2a: Gardevoir
|
|upkeep
|
|t:|1743838004
|switch|p2a: Garchomp|Garchomp, M|100/100
|turn|14
|
|t:|1743838012
|-terastallize|p2a: Garchomp|Water
|move|p1a: Magcargo|Earth Power|p2a: Garchomp
|-damage|p2a: Garchomp|47/100
|move|p2a: Garchomp|Dragon Claw|p1a: Magcargo
|-damage|p1a: Magcargo|0 fnt
|faint|p1a: Magcargo
|
|upkeep
|
|t:|1743838020
|switch|p1a: Minior|Minior|100/100
|-formechange|p1a: Minior|Minior-Meteor||[from] ability: Shields Down
|turn|15
|
|t:|1743838024
|move|p2a: Garchomp|Liquidation|p1a: Minior
|-supereffective|p1a: Minior
|-damage|p1a: Minior|0 fnt
|faint|p1a: Minior
|
|win|JasperHatton
|raw|chufaworld's rating: 1130 &rarr; <strong>1109</strong><br />(-21 for losing)
|raw|JasperHatton's rating: 1182 &rarr; <strong>1203</strong><br />(+21 for winning)
|l|☆chufaworld
|player|p1|
|c|☆JasperHatton|Gg
|l|☆JasperHatton
|player|p2|
