|j|☆phoneshowdown
|j|☆SkarmoryOVO
|t:|1743847818
|gametype|singles
|player|p1|phoneshowdown|ethan|1459
|player|p2|SkarmoryOVO|acetrainer-gen4dp|1573
|teamsize|p1|6
|teamsize|p2|6
|gen|9
|tier|[Gen 9] OU
|rated|
|rule|HP Percentage Mod: HP is shown in percentages
|rule|Endless Battle Clause: Forcing endless battles is banned
|rule|Species Clause: Limit one of each Pokémon
|rule|OHKO Clause: OHKO moves are banned
|rule|Evasion Items Clause: Evasion items are banned
|rule|Evasion Moves Clause: Evasion moves are banned
|rule|Sleep Moves Clause: Sleep-inducing moves are banned
|clearpoke
|poke|p1|Ting-Lu|
|poke|p1|Weezing-Galar, F|
|poke|p1|Kyurem|
|poke|p1|Ogerpon-Wellspring, F|
|poke|p1|Iron Crown|
|poke|p1|Zapdos|
|poke|p2|Pelipper, F|
|poke|p2|Barraskewda, M|
|poke|p2|Zapdos|
|poke|p2|Corviknight, F|
|poke|p2|Clodsire, F|
|poke|p2|Incineroar, M|
|teampreview
|inactive|Battle timer is ON: inactive players will automatically lose when time's up. (requested by SkarmoryOVO)
|
|t:|1743847848
|start
|switch|p1a: Iron Crown|Iron Crown|100/100
|switch|p2a: Pelipper|Pelipper, F, shiny|100/100
|-weather|RainDance|[from] ability: Drizzle|[of] p2a: Pelipper
|turn|1
|
|t:|1743847862
|switch|p2a: Incineroar|Incineroar, M, shiny|100/100
|-ability|p2a: Incineroar|Intimidate|boost
|-unboost|p1a: Iron Crown|atk|1
|move|p1a: Iron Crown|Volt Switch|p2a: Incineroar
|-damage|p2a: Incineroar|76/100
|
|t:|1743847872
|-end|p1a: Iron Crown|Quark Drive|[silent]
|switch|p1a: Zapdos|Zapdos|100/100|[from] Volt Switch
|
|-weather|RainDance|[upkeep]
|upkeep
|turn|2
|
|t:|1743847876
|switch|p2a: Clodsire|Clodsire, F, shiny|100/100
|move|p1a: Zapdos|Hurricane|p2a: Clodsire
|-damage|p2a: Clodsire|75/100
|
|-weather|RainDance|[upkeep]
|-heal|p2a: Clodsire|81/100|[from] item: Leftovers
|upkeep
|turn|3
|
|t:|1743847887
|move|p1a: Zapdos|Hurricane|p2a: Clodsire
|-damage|p2a: Clodsire|56/100
|-start|p2a: Clodsire|confusion
|-activate|p2a: Clodsire|confusion
|move|p2a: Clodsire|Stealth Rock|p1a: Zapdos
|-sidestart|p1: phoneshowdown|move: Stealth Rock
|
|-weather|RainDance|[upkeep]
|-heal|p2a: Clodsire|63/100|[from] item: Leftovers
|upkeep
|turn|4
|
|t:|1743847897
|switch|p1a: Weezing|Weezing-Galar, F|100/100
|-damage|p1a: Weezing|88/100|[from] Stealth Rock
|-activate|p2a: Clodsire|confusion
|-damage|p2a: Clodsire|55/100|[from] confusion
|
|-weather|RainDance|[upkeep]
|-heal|p1a: Weezing|94/100|[from] item: Leftovers
|-heal|p2a: Clodsire|61/100|[from] item: Leftovers
|upkeep
|turn|5
|
|t:|1743847907
|move|p1a: Weezing|Will-O-Wisp|p2a: Clodsire
|-status|p2a: Clodsire|brn
|-activate|p2a: Clodsire|confusion
|-damage|p2a: Clodsire|53/100 brn|[from] confusion
|
|-weather|RainDance|[upkeep]
|-heal|p1a: Weezing|99/100|[from] item: Leftovers
|-heal|p2a: Clodsire|59/100 brn|[from] item: Leftovers
|-damage|p2a: Clodsire|53/100 brn|[from] brn
|upkeep
|turn|6
|
|t:|1743847917
|move|p1a: Weezing|Defog|p2a: Clodsire
|-unboost|p2a: Clodsire|evasion|1
|-sideend|p1: phoneshowdown|Stealth Rock|[from] move: Defog|[of] p1a: Weezing
|-end|p2a: Clodsire|confusion
|move|p2a: Clodsire|Recover|p2a: Clodsire
|-heal|p2a: Clodsire|100/100 brn
|
|-weather|RainDance|[upkeep]
|-heal|p1a: Weezing|100/100|[from] item: Leftovers
|-damage|p2a: Clodsire|94/100 brn|[from] brn
|upkeep
|turn|7
|
|t:|1743847931
|move|p1a: Weezing|Strange Steam|p2a: Clodsire
|-resisted|p2a: Clodsire
|-damage|p2a: Clodsire|87/100 brn
|-start|p2a: Clodsire|confusion
|-activate|p2a: Clodsire|confusion
|-damage|p2a: Clodsire|79/100 brn|[from] confusion
|
|-weather|RainDance|[upkeep]
|-heal|p2a: Clodsire|85/100 brn|[from] item: Leftovers
|-damage|p2a: Clodsire|79/100 brn|[from] brn
|upkeep
|turn|8
|
|t:|1743847943
|switch|p1a: Kyurem|Kyurem|100/100
|-ability|p1a: Kyurem|Pressure
|-activate|p2a: Clodsire|confusion
|-damage|p2a: Clodsire|71/100 brn|[from] confusion
|
|-weather|none
|-heal|p2a: Clodsire|77/100 brn|[from] item: Leftovers
|-damage|p2a: Clodsire|71/100 brn|[from] brn
|upkeep
|turn|9
|
|t:|1743847964
|switch|p2a: Incineroar|Incineroar, M, shiny|76/100
|-ability|p2a: Incineroar|Intimidate|boost
|-unboost|p1a: Kyurem|atk|1
|move|p1a: Kyurem|Ice Beam|p2a: Incineroar
|-resisted|p2a: Incineroar
|-damage|p2a: Incineroar|46/100
|
|upkeep
|turn|10
|inactive|phoneshowdown has 120 seconds left.
|
|t:|1743847992
|switch|p1a: Weezing|Weezing-Galar, F|100/100
|move|p2a: Incineroar|Parting Shot|p1a: Weezing
|-unboost|p1a: Weezing|atk|1
|-unboost|p1a: Weezing|spa|1
|
|t:|1743848007
|switch|p2a: Barraskewda|Barraskewda, M, shiny|100/100|[from] Parting Shot
|
|upkeep
|turn|11
|
|t:|1743848013
|-terastallize|p2a: Barraskewda|Water
|move|p2a: Barraskewda|Flip Turn|p1a: Weezing
|-damage|p1a: Weezing|59/100
|
|t:|1743848020
|switch|p2a: Incineroar|Incineroar, M, shiny|46/100|[from] Flip Turn
|-ability|p2a: Incineroar|Intimidate|boost
|-unboost|p1a: Weezing|atk|1
|move|p1a: Weezing|Will-O-Wisp|p2a: Incineroar
|-immune|p2a: Incineroar
|
|-heal|p1a: Weezing|65/100|[from] item: Leftovers
|upkeep
|turn|12
|
|t:|1743848025
|move|p2a: Incineroar|Knock Off|p1a: Weezing
|-resisted|p1a: Weezing
|-damage|p1a: Weezing|53/100
|-enditem|p1a: Weezing|Leftovers|[from] move: Knock Off|[of] p2a: Incineroar
|move|p1a: Weezing|Pain Split|p2a: Incineroar
|-sethp|p2a: Incineroar|45/100|[from] move: Pain Split|[silent]
|-sethp|p1a: Weezing|53/100|[from] move: Pain Split
|
|upkeep
|turn|13
|
|t:|1743848037
|move|p2a: Incineroar|Will-O-Wisp|p1a: Weezing
|-status|p1a: Weezing|brn
|move|p1a: Weezing|Strange Steam|p2a: Incineroar
|-damage|p2a: Incineroar|28/100
|
|-damage|p1a: Weezing|47/100 brn|[from] brn
|upkeep
|turn|14
|
|t:|1743848049
|move|p1a: Weezing|Pain Split|p2a: Incineroar
|-sethp|p2a: Incineroar|34/100|[from] move: Pain Split|[silent]
|-sethp|p1a: Weezing|40/100 brn|[from] move: Pain Split
|move|p2a: Incineroar|Parting Shot|p1a: Weezing
|-unboost|p1a: Weezing|atk|1
|-unboost|p1a: Weezing|spa|1
|
|t:|1743848058
|switch|p2a: Barraskewda|Barraskewda, M, shiny, tera:Water|100/100|[from] Parting Shot
|
|-damage|p1a: Weezing|34/100 brn|[from] brn
|upkeep
|turn|15
|
|t:|1743848064
|move|p2a: Barraskewda|Close Combat|p1a: Weezing
|-resisted|p1a: Weezing
|-damage|p1a: Weezing|24/100 brn
|-unboost|p2a: Barraskewda|def|1
|-unboost|p2a: Barraskewda|spd|1
|move|p1a: Weezing|Pain Split|p2a: Barraskewda
|-sethp|p2a: Barraskewda|65/100|[from] move: Pain Split|[silent]
|-sethp|p1a: Weezing|51/100 brn|[from] move: Pain Split
|
|-damage|p1a: Weezing|45/100 brn|[from] brn
|upkeep
|turn|16
|
|t:|1743848076
|switch|p2a: Corviknight|Corviknight, F, shiny|100/100
|-ability|p2a: Corviknight|Pressure
|switch|p1a: Ogerpon|Ogerpon-Wellspring, F|100/100
|
|upkeep
|turn|17
|
|t:|1743848085
|move|p1a: Ogerpon|Ivy Cudgel|p2a: Corviknight|[anim] Ivy Cudgel Water
|-damage|p2a: Corviknight|67/100
|move|p2a: Corviknight|U-turn|p1a: Ogerpon
|-supereffective|p1a: Ogerpon
|-damage|p1a: Ogerpon|65/100
|
|t:|1743848092
|switch|p2a: Barraskewda|Barraskewda, M, shiny, tera:Water|65/100|[from] U-turn
|
|upkeep
|turn|18
|
|t:|1743848119
|switch|p1a: Zapdos|Zapdos|100/100
|move|p2a: Barraskewda|Close Combat|p1a: Zapdos
|-resisted|p1a: Zapdos
|-damage|p1a: Zapdos|76/100
|-unboost|p2a: Barraskewda|def|1
|-unboost|p2a: Barraskewda|spd|1
|-status|p2a: Barraskewda|par|[from] ability: Static|[of] p1a: Zapdos
|
|upkeep
|turn|19
|inactive|phoneshowdown has 120 seconds left.
|
|t:|1743848139
|switch|p1a: Kyurem|Kyurem|100/100
|-ability|p1a: Kyurem|Pressure
|switch|p2a: Clodsire|Clodsire, F, shiny|71/100 brn
|
|-heal|p2a: Clodsire|77/100 brn|[from] item: Leftovers
|-damage|p2a: Clodsire|71/100 brn|[from] brn
|upkeep
|turn|20
|inactive|phoneshowdown has 120 seconds left.
|
|t:|1743848152
|move|p1a: Kyurem|Ice Beam|p2a: Clodsire
|-supereffective|p2a: Clodsire
|-damage|p2a: Clodsire|0 fnt
|faint|p2a: Clodsire
|
|upkeep
|
|t:|1743848157
|switch|p2a: Pelipper|Pelipper, F, shiny|100/100
|-weather|RainDance|[from] ability: Drizzle|[of] p2a: Pelipper
|turn|21
|
|t:|1743848164
|move|p1a: Kyurem|Ice Beam|p2a: Pelipper
|-damage|p2a: Pelipper|11/100
|move|p2a: Pelipper|U-turn|p1a: Kyurem
|-damage|p1a: Kyurem|92/100
|
|t:|1743848178
|switch|p2a: Incineroar|Incineroar, M, shiny|34/100|[from] U-turn
|-ability|p2a: Incineroar|Intimidate|boost
|-unboost|p1a: Kyurem|atk|1
|
|-weather|RainDance|[upkeep]
|upkeep
|turn|22
|
|t:|1743848202
|-terastallize|p1a: Kyurem|Ice
|move|p1a: Kyurem|Ice Beam|p2a: Incineroar
|-resisted|p2a: Incineroar
|-damage|p2a: Incineroar|0 fnt
|faint|p2a: Incineroar
|
|-weather|RainDance|[upkeep]
|upkeep
|
|t:|1743848209
|switch|p2a: Barraskewda|Barraskewda, M, shiny, tera:Water|65/100 par
|turn|23
|
|t:|1743848213
|cant|p2a: Barraskewda|par
|move|p1a: Kyurem|Ice Beam|p2a: Barraskewda
|-resisted|p2a: Barraskewda
|-damage|p2a: Barraskewda|0 fnt
|faint|p2a: Barraskewda
|
|-weather|RainDance|[upkeep]
|upkeep
|-message|SkarmoryOVO forfeited.
|
|win|phoneshowdown
|raw|phoneshowdown's rating: 1459 &rarr; <strong>1485</strong><br />(+26 for winning)
|raw|SkarmoryOVO's rating: 1573 &rarr; <strong>1547</strong><br />(-26 for losing)
|l|☆SkarmoryOVO
|player|p2|
|l|☆phoneshowdown
|player|p1|
