|j|☆Scizzor97
|j|☆torito25
|t:|1743886254
|gametype|singles
|player|p1|Scizzor97|101|1365
|player|p2|torito25|169|1356
|teamsize|p1|6
|teamsize|p2|6
|gen|9
|tier|[Gen 9] OU
|rated|
|rule|HP Percentage Mod: HP is shown in percentages
|rule|Endless Battle Clause: Forcing endless battles is banned
|rule|Species Clause: Limit one of each Pokémon
|rule|OHKO Clause: OHKO moves are banned
|rule|Evasion Items Clause: Evasion items are banned
|rule|Evasion Moves Clause: Evasion moves are banned
|rule|Sleep Moves Clause: Sleep-inducing moves are banned
|clearpoke
|poke|p1|Iron Hands|
|poke|p1|Tatsugiri-Stretchy, M|
|poke|p1|Corviknight, M|
|poke|p1|Coalossal, M|
|poke|p1|Dragapult, M|
|poke|p1|Dachsbun, M|
|poke|p2|Deoxys-Speed|
|poke|p2|Iron Valiant|
|poke|p2|Ogerpon-Wellspring, F|
|poke|p2|Gholdengo|
|poke|p2|Dragonite, F|
|poke|p2|Ting-Lu|
|teampreview
|inactive|Battle timer is ON: inactive players will automatically lose when time's up. (requested by torito25)
|inactive|Scizzor97 has 120 seconds left.
|inactive|torito25 has 120 seconds left.
|inactive|torito25 has 90 seconds left.
|
|t:|1743886331
|start
|switch|p1a: Dragapult|Dragapult, M|100/100
|switch|p2a: Deoxys|Deoxys-Speed|100/100
|-ability|p2a: Deoxys|Pressure
|turn|1
|
|t:|1743886341
|switch|p2a: Ting-Lu|Ting-Lu|100/100
|-ability|p2a: Ting-Lu|Vessel of Ruin
|move|p1a: Dragapult|Draco Meteor|p2a: Ting-Lu
|-damage|p2a: Ting-Lu|64/100
|-unboost|p1a: Dragapult|spa|2
|
|-heal|p2a: Ting-Lu|71/100|[from] item: Leftovers
|upkeep
|turn|2
|
|t:|1743886350
|switch|p1a: Corviknight|Corviknight, M, shiny|100/100
|-ability|p1a: Corviknight|Pressure
|move|p2a: Ting-Lu|Ruination|p1a: Corviknight
|-damage|p1a: Corviknight|51/100
|
|-heal|p2a: Ting-Lu|77/100|[from] item: Leftovers
|upkeep
|turn|3
|
|t:|1743886365
|switch|p2a: Ogerpon|Ogerpon-Wellspring, F|100/100
|move|p1a: Corviknight|Roost|p1a: Corviknight
|-heal|p1a: Corviknight|100/100
|-singleturn|p1a: Corviknight|move: Roost
|
|upkeep
|turn|4
|l|☆Scizzor97
|inactive|Scizzor97 disconnected and has a minute to reconnect!
|player|p1|
|j|☆Scizzor97
|inactive|Scizzor97 reconnected and has 135 seconds left.
|player|p1|Scizzor97|101|
|
|t:|1743886382
|move|p2a: Ogerpon|Encore|p1a: Corviknight
|-start|p1a: Corviknight|Encore
|move|p1a: Corviknight|Roost||[still]
|-fail|p1a: Corviknight|heal
|
|upkeep
|turn|5
|inactive|torito25 has 120 seconds left.
|
|t:|1743886440
|switch|p1a: Dragapult|Dragapult, M|100/100
|move|p2a: Ogerpon|Power Whip|p1a: Dragapult
|-resisted|p1a: Dragapult
|-damage|p1a: Dragapult|53/100
|
|upkeep
|turn|6
|
|t:|1743886448
|switch|p2a: Ting-Lu|Ting-Lu|77/100
|-ability|p2a: Ting-Lu|Vessel of Ruin
|move|p1a: Dragapult|U-turn|p2a: Ting-Lu
|-supereffective|p2a: Ting-Lu
|-damage|p2a: Ting-Lu|59/100
|
|t:|1743886453
|switch|p1a: Iron Hands|Iron Hands, shiny|100/100|[from] U-turn
|
|-heal|p2a: Ting-Lu|65/100|[from] item: Leftovers
|upkeep
|turn|7
|
|t:|1743886460
|move|p1a: Iron Hands|Drain Punch|p2a: Ting-Lu
|-supereffective|p2a: Ting-Lu
|-damage|p2a: Ting-Lu|16/100
|-damage|p1a: Iron Hands|91/100|[from] item: Life Orb
|move|p2a: Ting-Lu|Ruination|p1a: Iron Hands
|-damage|p1a: Iron Hands|46/100
|
|-heal|p2a: Ting-Lu|22/100|[from] item: Leftovers
|upkeep
|turn|8
|
|t:|1743886469
|switch|p2a: Iron Valiant|Iron Valiant|100/100
|-enditem|p2a: Iron Valiant|Booster Energy
|-activate|p2a: Iron Valiant|ability: Quark Drive|[fromitem]
|-start|p2a: Iron Valiant|quarkdrivespe
|move|p1a: Iron Hands|Earthquake|p2a: Iron Valiant
|-damage|p2a: Iron Valiant|47/100
|-damage|p1a: Iron Hands|36/100|[from] item: Life Orb
|
|upkeep
|turn|9
|inactive|torito25 has 120 seconds left.
|
|t:|1743886484
|move|p2a: Iron Valiant|Moonblast|p1a: Iron Hands
|-supereffective|p1a: Iron Hands
|-damage|p1a: Iron Hands|0 fnt
|faint|p1a: Iron Hands
|-end|p1a: Iron Hands|Quark Drive|[silent]
|
|upkeep
|
|t:|1743886493
|switch|p1a: Corviknight|Corviknight, M, shiny|100/100
|-ability|p1a: Corviknight|Pressure
|turn|10
|
|t:|1743886502
|-end|p2a: Iron Valiant|Quark Drive|[silent]
|switch|p2a: Gholdengo|Gholdengo|100/100
|move|p1a: Corviknight|Brave Bird|p2a: Gholdengo
|-resisted|p2a: Gholdengo
|-damage|p2a: Gholdengo|78/100
|-damage|p1a: Corviknight|95/100|[from] Recoil
|
|upkeep
|turn|11
|
|t:|1743886509
|move|p2a: Gholdengo|Shadow Ball|p1a: Corviknight
|-damage|p1a: Corviknight|53/100
|-unboost|p1a: Corviknight|spd|1
|move|p1a: Corviknight|Brave Bird|p2a: Gholdengo
|-resisted|p2a: Gholdengo
|-damage|p2a: Gholdengo|57/100
|-damage|p1a: Corviknight|47/100|[from] Recoil
|
|upkeep
|turn|12
|
|t:|1743886519
|move|p2a: Gholdengo|Shadow Ball|p1a: Corviknight
|-crit|p1a: Corviknight
|-damage|p1a: Corviknight|0 fnt
|faint|p1a: Corviknight
|
|upkeep
|
|t:|1743886525
|switch|p1a: Coalossal|Coalossal, M, shiny|100/100
|turn|13
|
|t:|1743886530
|switch|p2a: Ogerpon|Ogerpon-Wellspring, F|100/100
|move|p1a: Coalossal|Meteor Beam||[still]
|-prepare|p1a: Coalossal|Meteor Beam
|-boost|p1a: Coalossal|spa|1
|-enditem|p1a: Coalossal|Power Herb
|-anim|p1a: Coalossal|Meteor Beam|p2a: Ogerpon
|-damage|p2a: Ogerpon|20/100
|
|upkeep
|turn|14
|
|t:|1743886544
|-terastallize|p1a: Coalossal|Ghost
|move|p2a: Ogerpon|Ivy Cudgel|p1a: Coalossal|[anim] Ivy Cudgel Water
|-damage|p1a: Coalossal|57/100
|-ability|p1a: Coalossal|Steam Engine|boost
|-boost|p1a: Coalossal|spe|6
|move|p1a: Coalossal|Meteor Beam||[still]
|-prepare|p1a: Coalossal|Meteor Beam
|-boost|p1a: Coalossal|spa|1
|
|upkeep
|turn|15
|
|t:|1743886557
|move|p1a: Coalossal|Meteor Beam|p2a: Ogerpon|[from] lockedmove
|-damage|p2a: Ogerpon|0 fnt
|faint|p2a: Ogerpon
|
|upkeep
|inactive|torito25 has 120 seconds left.
|
|t:|1743886592
|switch|p2a: Iron Valiant|Iron Valiant|47/100
|turn|16
|
|t:|1743886596
|move|p1a: Coalossal|Fire Blast|p2a: Iron Valiant
|-damage|p2a: Iron Valiant|0 fnt
|faint|p2a: Iron Valiant
|-end|p2a: Iron Valiant|Quark Drive|[silent]
|
|upkeep
|
|t:|1743886602
|switch|p2a: Gholdengo|Gholdengo|57/100
|turn|17
|
|t:|1743886610
|-terastallize|p2a: Gholdengo|Fairy
|move|p1a: Coalossal|Fire Blast|p2a: Gholdengo
|-damage|p2a: Gholdengo|0 fnt
|faint|p2a: Gholdengo
|
|upkeep
|-message|torito25 forfeited.
|
|win|Scizzor97
|raw|Scizzor97's rating: 1365 &rarr; <strong>1384</strong><br />(+19 for winning)
|raw|torito25's rating: 1356 &rarr; <strong>1337</strong><br />(-19 for losing)
|l|☆torito25
|player|p2|
|l|☆Scizzor97
|player|p1|
