|j|☆Scarbo1014
|j|☆Plogop
|t:|1743913020
|gametype|singles
|player|p1|Scarbo1014|cyrus|1464
|player|p2|Plogop|erika|1476
|teamsize|p1|6
|teamsize|p2|6
|gen|9
|tier|[Gen 9] OU
|rated|
|rule|HP Percentage Mod: HP is shown in percentages
|rule|Endless Battle Clause: Forcing endless battles is banned
|rule|Species Clause: Limit one of each Pokémon
|rule|OHKO Clause: OHKO moves are banned
|rule|Evasion Items Clause: Evasion items are banned
|rule|Evasion Moves Clause: Evasion moves are banned
|rule|Sleep Moves Clause: Sleep-inducing moves are banned
|clearpoke
|poke|p1|Latios, M|
|poke|p1|Rotom-Wash|
|poke|p1|Gholdengo|
|poke|p1|Ting-Lu|
|poke|p1|Iron Valiant|
|poke|p1|Hydreigon, M|
|poke|p2|Ceruledge, F|
|poke|p2|Deoxys-Speed|
|poke|p2|Iron Crown|
|poke|p2|Scizor, F|
|poke|p2|Dragonite, F|
|poke|p2|Iron Boulder|
|teampreview
|
|t:|1743913050
|start
|switch|p1a: Ting-Lu|Ting-Lu|100/100
|switch|p2a: Deoxys|Deoxys-Speed|100/100
|-ability|p2a: Deoxys|Pressure
|-ability|p1a: Ting-Lu|Vessel of Ruin
|turn|1
|
|t:|1743913058
|move|p2a: Deoxys|Taunt|p1a: Ting-Lu
|-start|p1a: Ting-Lu|move: Taunt
|cant|p1a: Ting-Lu|move: Taunt|Whirlwind
|
|upkeep
|turn|2
|
|t:|1743913061
|move|p2a: Deoxys|Stealth Rock|p1a: Ting-Lu
|-sidestart|p1: Scarbo1014|move: Stealth Rock
|move|p1a: Ting-Lu|Earthquake|p2a: Deoxys
|-damage|p2a: Deoxys|54/100
|
|upkeep
|turn|3
|
|t:|1743913065
|move|p2a: Deoxys|Spikes|p1a: Ting-Lu
|-sidestart|p1: Scarbo1014|Spikes
|move|p1a: Ting-Lu|Earthquake|p2a: Deoxys
|-damage|p2a: Deoxys|2/100
|
|-end|p1a: Ting-Lu|move: Taunt
|upkeep
|turn|4
|
|t:|1743913071
|move|p2a: Deoxys|Taunt|p1a: Ting-Lu
|-start|p1a: Ting-Lu|move: Taunt
|move|p1a: Ting-Lu|Earthquake|p2a: Deoxys
|-damage|p2a: Deoxys|0 fnt
|faint|p2a: Deoxys
|
|upkeep
|
|t:|1743913088
|switch|p2a: Scizor|Scizor, F|100/100
|turn|5
|
|t:|1743913100
|move|p2a: Scizor|Swords Dance|p2a: Scizor
|-boost|p2a: Scizor|atk|2
|move|p1a: Ting-Lu|Ruination|p2a: Scizor|[miss]
|-miss|p1a: Ting-Lu|p2a: Scizor
|
|upkeep
|turn|6
|
|t:|1743913108
|move|p2a: Scizor|Close Combat|p1a: Ting-Lu
|-supereffective|p1a: Ting-Lu
|-damage|p1a: Ting-Lu|1/100
|-unboost|p2a: Scizor|def|1
|-unboost|p2a: Scizor|spd|1
|move|p1a: Ting-Lu|Earthquake|p2a: Scizor
|-damage|p2a: Scizor|37/100
|-enditem|p2a: Scizor|Sitrus Berry|[eat]
|-heal|p2a: Scizor|62/100|[from] item: Sitrus Berry
|
|-heal|p1a: Ting-Lu|7/100|[from] item: Leftovers
|-end|p1a: Ting-Lu|move: Taunt
|upkeep
|turn|7
|c|☆Plogop|what
|
|t:|1743913115
|move|p2a: Scizor|Bullet Punch|p1a: Ting-Lu
|-damage|p1a: Ting-Lu|0 fnt
|faint|p1a: Ting-Lu
|
|upkeep
|
|t:|1743913140
|switch|p1a: Hydreigon|Hydreigon, M|100/100
|-damage|p1a: Hydreigon|88/100|[from] Stealth Rock
|turn|8
|
|t:|1743913146
|move|p2a: Scizor|Bullet Punch|p1a: Hydreigon
|-crit|p1a: Hydreigon
|-damage|p1a: Hydreigon|0 fnt
|faint|p1a: Hydreigon
|
|upkeep
|
|t:|1743913153
|switch|p1a: Latios|Latios, M|100/100
|-damage|p1a: Latios|88/100|[from] Stealth Rock
|turn|9
|
|t:|1743913169
|move|p2a: Scizor|Bullet Punch|p1a: Latios
|-damage|p1a: Latios|0 fnt
|faint|p1a: Latios
|
|upkeep
|-message|Scarbo1014 forfeited.
|
|win|Plogop
|raw|Scarbo1014's rating: 1464 &rarr; <strong>1445</strong><br />(-19 for losing)
|raw|Plogop's rating: 1476 &rarr; <strong>1495</strong><br />(+19 for winning)
|l|☆Scarbo1014
|player|p1|
|l|☆Plogop
|player|p2|
