|j|☆Samarand
|j|☆Wiizard_64
|t:|1743864490
|gametype|singles
|player|p1|Samarand|darach-caitlin|1261
|player|p2|Wiizard_64|steven|1345
|teamsize|p1|6
|teamsize|p2|6
|gen|9
|tier|[Gen 9] OU
|rated|
|rule|HP Percentage Mod: HP is shown in percentages
|rule|Endless Battle Clause: Forcing endless battles is banned
|rule|Species Clause: Limit one of each Pokémon
|rule|OHKO Clause: OHKO moves are banned
|rule|Evasion Items Clause: Evasion items are banned
|rule|Evasion Moves Clause: Evasion moves are banned
|rule|Sleep Moves Clause: Sleep-inducing moves are banned
|clearpoke
|poke|p1|Delphox, F|
|poke|p1|Ninetales-Alola, F|
|poke|p1|Okidogi, M|
|poke|p1|Kleavor, F|
|poke|p1|Volcanion|
|poke|p1|Scizor, F|
|poke|p2|Scizor, F|
|poke|p2|Great Tusk|
|poke|p2|Samurott-Hisui, M|
|poke|p2|Landorus-Therian, M|
|poke|p2|Raging Bolt|
|poke|p2|Gholdengo|
|teampreview
|
|t:|1743864504
|start
|switch|p1a: Ninetales|Ninetales-Alola, F|100/100
|switch|p2a: Scizor|Scizor, F|100/100
|-weather|Snowscape|[from] ability: Snow Warning|[of] p1a: Ninetales
|turn|1
|
|t:|1743864511
|switch|p1a: Volcanion|Volcanion|100/100
|move|p2a: Scizor|Bullet Punch|p1a: Volcanion
|-resisted|p1a: Volcanion
|-damage|p1a: Volcanion|90/100
|
|-weather|Snowscape|[upkeep]
|upkeep
|turn|2
|
|t:|1743864532
|switch|p2a: Raging Bolt|Raging Bolt|100/100
|move|p1a: Volcanion|Weather Ball|p2a: Raging Bolt
|-supereffective|p2a: Raging Bolt
|-damage|p2a: Raging Bolt|56/100
|
|-weather|Snowscape|[upkeep]
|upkeep
|turn|3
|inactive|Battle timer is ON: inactive players will automatically lose when time's up. (requested by Wiizard_64)
|
|t:|1743864573
|switch|p1a: Ninetales|Ninetales-Alola, F|100/100
|move|p2a: Raging Bolt|Volt Switch|p1a: Ninetales
|-damage|p1a: Ninetales|52/100
|
|t:|1743864579
|-end|p2a: Raging Bolt|Protosynthesis|[silent]
|switch|p2a: Scizor|Scizor, F|100/100|[from] Volt Switch
|
|-weather|Snowscape|[upkeep]
|upkeep
|turn|4
|
|t:|1743864601
|switch|p1a: Volcanion|Volcanion|90/100
|move|p2a: Scizor|Bullet Punch|p1a: Volcanion
|-resisted|p1a: Volcanion
|-crit|p1a: Volcanion
|-damage|p1a: Volcanion|74/100
|
|-weather|Snowscape|[upkeep]
|upkeep
|turn|5
|
|t:|1743864611
|switch|p2a: Samurott|Samurott-Hisui, M|100/100
|move|p1a: Volcanion|Flamethrower|p2a: Samurott
|-resisted|p2a: Samurott
|-damage|p2a: Samurott|63/100
|
|-weather|none
|upkeep
|turn|6
|
|t:|1743864620
|switch|p1a: Okidogi|Okidogi, M|100/100
|move|p2a: Samurott|Ceaseless Edge|p1a: Okidogi
|-resisted|p1a: Okidogi
|-damage|p1a: Okidogi|82/100
|-damage|p2a: Samurott|47/100|[from] item: Rocky Helmet|[of] p1a: Okidogi
|-sidestart|p1: Samarand|Spikes
|
|upkeep
|turn|7
|
|t:|1743864633
|switch|p2a: Gholdengo|Gholdengo|100/100
|move|p1a: Okidogi|Drain Punch|p2a: Gholdengo
|-immune|p2a: Gholdengo
|
|upkeep
|turn|8
|
|t:|1743864640
|move|p2a: Gholdengo|Thunder Wave|p1a: Okidogi|[miss]
|-miss|p2a: Gholdengo|p1a: Okidogi
|move|p1a: Okidogi|Knock Off|p2a: Gholdengo
|-supereffective|p2a: Gholdengo
|-damage|p2a: Gholdengo|45/100
|-enditem|p2a: Gholdengo|Leftovers|[from] move: Knock Off|[of] p1a: Okidogi
|
|upkeep
|turn|9
|
|t:|1743864653
|switch|p1a: Kleavor|Kleavor, F|100/100
|-damage|p1a: Kleavor|88/100|[from] Spikes
|move|p2a: Gholdengo|Recover|p2a: Gholdengo
|-heal|p2a: Gholdengo|95/100
|
|upkeep
|turn|10
|
|t:|1743864663
|move|p1a: Kleavor|Night Slash|p2a: Gholdengo
|-supereffective|p2a: Gholdengo
|-damage|p2a: Gholdengo|37/100
|move|p2a: Gholdengo|Make It Rain|p1a: Kleavor
|-supereffective|p1a: Kleavor
|-damage|p1a: Kleavor|0 fnt
|-unboost|p2a: Gholdengo|spa|1
|faint|p1a: Kleavor
|
|upkeep
|
|t:|1743864674
|switch|p1a: Delphox|Delphox, F|100/100
|turn|11
|
|t:|1743864686
|switch|p2a: Samurott|Samurott-Hisui, M|47/100
|move|p1a: Delphox|Calm Mind|p1a: Delphox
|-boost|p1a: Delphox|spa|1
|-boost|p1a: Delphox|spd|1
|
|upkeep
|turn|12
|
|t:|1743864703
|move|p2a: Samurott|Ceaseless Edge|p1a: Delphox
|-supereffective|p1a: Delphox
|-damage|p1a: Delphox|0 fnt
|-sidestart|p1: Samarand|Spikes
|faint|p1a: Delphox
|
|upkeep
|c|☆Samarand|forgot scarf is common on that oops
|inactive|Samarand has 120 seconds left.
|
|t:|1743864728
|switch|p1a: Ninetales|Ninetales-Alola, F|52/100
|-damage|p1a: Ninetales|36/100|[from] Spikes
|-weather|Snowscape|[from] ability: Snow Warning|[of] p1a: Ninetales
|turn|13
|
|t:|1743864733
|move|p2a: Samurott|Ceaseless Edge|p1a: Ninetales
|-resisted|p1a: Ninetales
|-damage|p1a: Ninetales|14/100
|-sidestart|p1: Samarand|Spikes
|move|p1a: Ninetales|Aurora Veil|p1a: Ninetales
|-sidestart|p1: Samarand|move: Aurora Veil
|
|-weather|Snowscape|[upkeep]
|upkeep
|turn|14
|
|t:|1743864743
|move|p2a: Samurott|Ceaseless Edge|p1a: Ninetales
|-resisted|p1a: Ninetales
|-damage|p1a: Ninetales|4/100
|move|p1a: Ninetales|Moonblast|p2a: Samurott
|-supereffective|p2a: Samurott
|-damage|p2a: Samurott|0 fnt
|faint|p2a: Samurott
|
|-weather|Snowscape|[upkeep]
|upkeep
|
|t:|1743864754
|switch|p2a: Scizor|Scizor, F|100/100
|turn|15
|
|t:|1743864759
|move|p1a: Ninetales|Blizzard|p2a: Scizor
|-resisted|p2a: Scizor
|-damage|p2a: Scizor|74/100
|move|p2a: Scizor|U-turn|p1a: Ninetales
|-resisted|p1a: Ninetales
|-damage|p1a: Ninetales|0 fnt
|faint|p1a: Ninetales
|
|t:|1743864768
|switch|p2a: Gholdengo|Gholdengo|37/100|[from] U-turn
|
|-weather|Snowscape|[upkeep]
|upkeep
|
|t:|1743864784
|switch|p1a: Spades|Scizor, F|100/100
|-damage|p1a: Spades|76/100|[from] Spikes
|turn|16
|
|t:|1743864790
|move|p2a: Gholdengo|Recover|p2a: Gholdengo
|-heal|p2a: Gholdengo|87/100
|move|p1a: Spades|Swords Dance|p1a: Spades
|-boost|p1a: Spades|atk|2
|
|-weather|Snowscape|[upkeep]
|-heal|p1a: Spades|82/100|[from] item: Leftovers
|upkeep
|turn|17
|
|t:|1743864799
|move|p2a: Gholdengo|Thunder Wave|p1a: Spades
|-status|p1a: Spades|par
|move|p1a: Spades|Swords Dance|p1a: Spades
|-boost|p1a: Spades|atk|2
|
|-weather|none
|-heal|p1a: Spades|88/100 par|[from] item: Leftovers
|upkeep
|turn|18
|
|t:|1743864815
|move|p2a: Gholdengo|Hex|p1a: Spades
|-crit|p1a: Spades
|-damage|p1a: Spades|0 fnt
|faint|p1a: Spades
|
|upkeep
|-message|Samarand forfeited.
|
|win|Wiizard_64
|raw|Samarand's rating: 1261 &rarr; <strong>1242</strong><br />(-19 for losing)
|raw|Wiizard_64's rating: 1345 &rarr; <strong>1360</strong><br />(+15 for winning)
|l|☆Samarand
|player|p1|
|l|☆Wiizard_64
|player|p2|
