|j|☆kingblaze22
|j|☆FanetoFloyd
|t:|1743814047
|gametype|singles
|player|p1|kingblaze22|ghetsis-gen5bw|1197
|player|p2|FanetoFloyd|101|1256
|teamsize|p1|6
|teamsize|p2|6
|gen|9
|tier|[Gen 9] OU
|rated|
|rule|HP Percentage Mod: HP is shown in percentages
|rule|Endless Battle Clause: Forcing endless battles is banned
|rule|Species Clause: Limit one of each Pokémon
|rule|OHKO Clause: OHKO moves are banned
|rule|Evasion Items Clause: Evasion items are banned
|rule|Evasion Moves Clause: Evasion moves are banned
|rule|Sleep Moves Clause: Sleep-inducing moves are banned
|clearpoke
|poke|p1|Kyurem|
|poke|p1|Slowking-Galar, M|
|poke|p1|Perrserker, F|
|poke|p1|Zapdos-Galar|
|poke|p1|Weezing-Galar, M|
|poke|p1|Moltres-Galar|
|poke|p2|Landorus-Therian, M|
|poke|p2|Darkrai|
|poke|p2|Iron Moth|
|poke|p2|Iron Crown|
|poke|p2|Dragonite, M|
|poke|p2|Great Tusk|
|teampreview
|
|t:|1743814078
|start
|switch|p1a: Moltres|Moltres-Galar|100/100
|switch|p2a: Iron Crown|Iron Crown|100/100
|-enditem|p2a: Iron Crown|Booster Energy
|-activate|p2a: Iron Crown|ability: Quark Drive|[fromitem]
|-start|p2a: Iron Crown|quarkdrivespa
|turn|1
|
|t:|1743814099
|switch|p1a: Slowking|Slowking-Galar, M|100/100
|move|p2a: Iron Crown|Volt Switch|p1a: Slowking
|-damage|p1a: Slowking|82/100
|inactive|Battle timer is ON: inactive players will automatically lose when time's up. (requested by kingblaze22)
|
|t:|1743814104
|-end|p2a: Iron Crown|Quark Drive|[silent]
|switch|p2a: Landorus|Landorus-Therian, M|100/100|[from] Volt Switch
|-ability|p2a: Landorus|Intimidate|boost
|-unboost|p1a: Slowking|atk|1
|
|upkeep
|turn|2
|inactive|kingblaze22 has 120 seconds left.
|
|t:|1743814155
|switch|p1a: Moltres|Moltres-Galar|100/100
|move|p2a: Landorus|Earthquake|p1a: Moltres
|-immune|p1a: Moltres
|
|upkeep
|turn|3
|
|t:|1743814179
|move|p1a: Moltres|Agility|p1a: Moltres
|-boost|p1a: Moltres|spe|2
|move|p2a: Landorus|Stealth Rock|p1a: Moltres
|-sidestart|p1: kingblaze22|move: Stealth Rock
|
|upkeep
|turn|4
|
|t:|1743814194
|move|p1a: Moltres|Nasty Plot|p1a: Moltres
|-boost|p1a: Moltres|spa|2
|move|p2a: Landorus|Smack Down|p1a: Moltres
|-supereffective|p1a: Moltres
|-damage|p1a: Moltres|51/100
|-start|p1a: Moltres|Smack Down
|
|upkeep
|turn|5
|
|t:|1743814206
|move|p1a: Moltres|Hurricane|p2a: Landorus
|-damage|p2a: Landorus|0 fnt
|faint|p2a: Landorus
|
|upkeep
|
|t:|1743814233
|switch|p2a: Dragonite|Dragonite, M|100/100
|turn|6
|inactive|kingblaze22 has 90 seconds left.
|
|t:|1743814275
|move|p2a: Dragonite|Extreme Speed|p1a: Moltres
|-damage|p1a: Moltres|0 fnt
|faint|p1a: Moltres
|
|upkeep
|
|t:|1743814284
|switch|p1a: Weezing|Weezing-Galar, M|100/100
|-ability|p1a: Weezing|Neutralizing Gas
|turn|7
|
|t:|1743814293
|switch|p2a: Iron Crown|Iron Crown|100/100
|move|p1a: Weezing|Defog|p2a: Iron Crown
|-unboost|p2a: Iron Crown|evasion|1
|-sideend|p1: kingblaze22|Stealth Rock|[from] move: Defog|[of] p1a: Weezing
|
|upkeep
|turn|8
|
|t:|1743814298
|-end|p1a: Weezing|ability: Neutralizing Gas
|switch|p1a: Slowking|Slowking-Galar, M|100/100
|move|p2a: Iron Crown|Psychic Noise|p1a: Slowking
|-damage|p1a: Slowking|77/100
|-start|p1a: Slowking|move: Heal Block
|
|upkeep
|turn|9
|inactive|kingblaze22 has 90 seconds left.
|
|t:|1743814311
|move|p2a: Iron Crown|Air Slash|p1a: Slowking
|-damage|p1a: Slowking|62/100
|move|p1a: Slowking|Thunder Wave|p2a: Iron Crown
|-status|p2a: Iron Crown|par
|
|-end|p1a: Slowking|move: Heal Block
|upkeep
|turn|10
|inactive|kingblaze22 has 90 seconds left.
|
|t:|1743814319
|move|p2a: Iron Crown|Psychic Noise|p1a: Slowking
|-damage|p1a: Slowking|41/100
|-start|p1a: Slowking|move: Heal Block
|move|p1a: Slowking|Future Sight|p2a: Iron Crown
|-start|p1a: Slowking|move: Future Sight
|
|upkeep
|turn|11
|
|t:|1743814328
|move|p2a: Iron Crown|Air Slash|p1a: Slowking
|-damage|p1a: Slowking|26/100
|-prepare|p1a: Slowking|Chilly Reception|[premajor]
|cant|p1a: Slowking|flinch
|
|-end|p1a: Slowking|move: Heal Block
|upkeep
|turn|12
|
|t:|1743814338
|switch|p1a: Perrserker|Perrserker, F|100/100
|cant|p2a: Iron Crown|par
|
|-end|p2a: Iron Crown|move: Future Sight
|-resisted|p2a: Iron Crown
|-damage|p2a: Iron Crown|90/100 par
|upkeep
|turn|13
|
|t:|1743814352
|move|p1a: Perrserker|Fake Out|p2a: Iron Crown
|-resisted|p2a: Iron Crown
|-damage|p2a: Iron Crown|80/100 par
|cant|p2a: Iron Crown|flinch
|
|upkeep
|turn|14
|
|t:|1743814357
|move|p2a: Iron Crown|Tachyon Cutter|p1a: Perrserker
|-resisted|p1a: Perrserker
|-damage|p1a: Perrserker|82/100
|-resisted|p1a: Perrserker
|-damage|p1a: Perrserker|65/100
|-hitcount|p1a: Perrserker|2
|move|p1a: Perrserker|Stealth Rock|p2a: Iron Crown
|-sidestart|p2: FanetoFloyd|move: Stealth Rock
|
|-heal|p1a: Perrserker|71/100|[from] item: Leftovers
|upkeep
|turn|15
|
|t:|1743814372
|move|p2a: Iron Crown|Tachyon Cutter|p1a: Perrserker
|-resisted|p1a: Perrserker
|-damage|p1a: Perrserker|54/100
|-resisted|p1a: Perrserker
|-damage|p1a: Perrserker|35/100
|-hitcount|p1a: Perrserker|2
|move|p1a: Perrserker|U-turn|p2a: Iron Crown
|-damage|p2a: Iron Crown|46/100 par
|inactive|kingblaze22 has 90 seconds left.
|
|t:|1743814403
|switch|p1a: Zapdos|Zapdos-Galar|100/100|[from] U-turn
|
|upkeep
|turn|16
|
|t:|1743814413
|move|p1a: Zapdos|Knock Off|p2a: Iron Crown
|-supereffective|p2a: Iron Crown
|-crit|p2a: Iron Crown
|-damage|p2a: Iron Crown|0 fnt
|faint|p2a: Iron Crown
|-end|p2a: Iron Crown|Quark Drive|[silent]
|
|upkeep
|l|☆kingblaze22
|inactive|kingblaze22 disconnected and has a minute to reconnect!
|player|p1|
|j|☆kingblaze22
|inactive|kingblaze22 reconnected.
|player|p1|kingblaze22|ghetsis-gen5bw|
|inactive|FanetoFloyd has 120 seconds left.
|
|t:|1743814440
|switch|p2a: Iron Moth|Iron Moth|100/100
|-damage|p2a: Iron Moth|76/100|[from] Stealth Rock
|-enditem|p2a: Iron Moth|Booster Energy
|-activate|p2a: Iron Moth|ability: Quark Drive|[fromitem]
|-start|p2a: Iron Moth|quarkdrivespa
|turn|17
|
|t:|1743814458
|switch|p1a: Slowking|Slowking-Galar, M|59/100
|move|p2a: Iron Moth|Hurricane|p1a: Slowking
|-damage|p1a: Slowking|29/100
|
|upkeep
|turn|18
|
|t:|1743814471
|switch|p1a: Perrserker|Perrserker, F|35/100
|move|p2a: Iron Moth|Fiery Dance|p1a: Perrserker
|-supereffective|p1a: Perrserker
|-damage|p1a: Perrserker|0 fnt
|-boost|p2a: Iron Moth|spa|1
|faint|p1a: Perrserker
|
|upkeep
|
|t:|1743814481
|switch|p1a: Zapdos|Zapdos-Galar|100/100
|turn|19
|
|t:|1743814490
|move|p1a: Zapdos|Brave Bird|p2a: Iron Moth
|-damage|p2a: Iron Moth|0 fnt
|faint|p2a: Iron Moth
|-end|p2a: Iron Moth|Quark Drive|[silent]
|-damage|p1a: Zapdos|77/100|[from] Recoil
|
|upkeep
|
|t:|1743814501
|switch|p2a: Darkrai|Darkrai|100/100
|-damage|p2a: Darkrai|88/100|[from] Stealth Rock
|turn|20
|inactive|kingblaze22 has 120 seconds left.
|
|t:|1743814521
|switch|p1a: Slowking|Slowking-Galar, M|62/100
|move|p2a: Darkrai|Ice Beam|p1a: Slowking
|-damage|p1a: Slowking|38/100
|-damage|p2a: Darkrai|78/100|[from] item: Life Orb
|
|upkeep
|turn|21
|
|t:|1743814529
|switch|p1a: Weezing|Weezing-Galar, M|100/100
|-ability|p1a: Weezing|Neutralizing Gas
|move|p2a: Darkrai|Nasty Plot|p2a: Darkrai
|-boost|p2a: Darkrai|spa|2
|
|upkeep
|turn|22
|
|t:|1743814538
|move|p2a: Darkrai|Dark Pulse|p1a: Weezing
|-resisted|p1a: Weezing
|-damage|p1a: Weezing|26/100
|-damage|p2a: Darkrai|68/100|[from] item: Life Orb
|cant|p1a: Weezing|flinch
|
|upkeep
|turn|23
|inactive|kingblaze22 has 120 seconds left.
|
|t:|1743814547
|move|p2a: Darkrai|Dark Pulse|p1a: Weezing
|-resisted|p1a: Weezing
|-damage|p1a: Weezing|0 fnt
|faint|p1a: Weezing
|-end|p1a: Weezing|ability: Neutralizing Gas
|-damage|p2a: Darkrai|58/100|[from] item: Life Orb
|
|upkeep
|inactive|kingblaze22 has 120 seconds left.
|
|t:|1743814557
|switch|p1a: Zapdos|Zapdos-Galar|77/100
|turn|24
|
|t:|1743814563
|move|p1a: Zapdos|Close Combat|p2a: Darkrai
|-supereffective|p2a: Darkrai
|-damage|p2a: Darkrai|0 fnt
|-unboost|p1a: Zapdos|def|1
|-unboost|p1a: Zapdos|spd|1
|faint|p2a: Darkrai
|
|upkeep
|
|t:|1743814566
|switch|p2a: Dragonite|Dragonite, M|100/100
|-damage|p2a: Dragonite|75/100|[from] Stealth Rock
|turn|25
|
|t:|1743814580
|switch|p1a: Slowking|Slowking-Galar, M|71/100
|move|p2a: Dragonite|Extreme Speed|p1a: Slowking
|-damage|p1a: Slowking|23/100
|
|upkeep
|turn|26
|
|t:|1743814603
|move|p2a: Dragonite|Extreme Speed|p1a: Slowking
|-damage|p1a: Slowking|0 fnt
|faint|p1a: Slowking
|
|upkeep
|
|t:|1743814608
|switch|p1a: Kyurem|Kyurem|100/100
|-ability|p1a: Kyurem|Pressure
|turn|27
|
|t:|1743814622
|-terastallize|p2a: Dragonite|Normal
|move|p2a: Dragonite|Extreme Speed|p1a: Kyurem
|-damage|p1a: Kyurem|39/100
|move|p1a: Kyurem|Freeze-Dry|p2a: Dragonite
|-damage|p2a: Dragonite|20/100
|-status|p2a: Dragonite|frz
|
|upkeep
|turn|28
|c|☆FanetoFloyd|No way
|
|t:|1743814643
|cant|p2a: Dragonite|frz
|move|p1a: Kyurem|Freeze-Dry|p2a: Dragonite
|-damage|p2a: Dragonite|0 fnt
|faint|p2a: Dragonite
|
|upkeep
|
|t:|1743814647
|switch|p2a: Great Tusk|Great Tusk|100/100
|-damage|p2a: Great Tusk|98/100|[from] Stealth Rock
|turn|29
|
|t:|1743814656
|-terastallize|p1a: Kyurem|Ice
|move|p1a: Kyurem|Freeze-Dry|p2a: Great Tusk
|-supereffective|p2a: Great Tusk
|-damage|p2a: Great Tusk|0 fnt
|faint|p2a: Great Tusk
|-end|p2a: Great Tusk|Protosynthesis|[silent]
|
|win|kingblaze22
|raw|kingblaze22's rating: 1197 &rarr; <strong>1226</strong><br />(+29 for winning)
|raw|FanetoFloyd's rating: 1256 &rarr; <strong>1227</strong><br />(-29 for losing)
|l|☆FanetoFloyd
|player|p2|
|l|‽kingblaze22
|player|p1|
