|j|☆pandora666
|j|☆DrunkHaxorus◔◔
|t:|1743817737
|gametype|singles
|player|p1|pandora666|flannery|1377
|player|p2|DrunkHaxorus◔◔|unknown|1404
|teamsize|p1|6
|teamsize|p2|6
|gen|9
|tier|[Gen 9] OU
|rated|
|rule|HP Percentage Mod: HP is shown in percentages
|rule|Endless Battle Clause: Forcing endless battles is banned
|rule|Species Clause: Limit one of each Pokémon
|rule|OHKO Clause: OHKO moves are banned
|rule|Evasion Items Clause: Evasion items are banned
|rule|Evasion Moves Clause: Evasion moves are banned
|rule|Sleep Moves Clause: Sleep-inducing moves are banned
|clearpoke
|poke|p1|Raging Bolt|
|poke|p1|Araquanid, F|
|poke|p1|Torkoal, F|
|poke|p1|Walking Wake|
|poke|p1|Blaziken, M|
|poke|p1|Gholdengo|
|poke|p2|Emboar, M|
|poke|p2|Slowking-Galar, M|
|poke|p2|Skarmory, M|
|poke|p2|Meowscarada, F|
|poke|p2|Garganacl, F|
|poke|p2|Dragapult, F|
|teampreview
|inactive|Battle timer is ON: inactive players will automatically lose when time's up. (requested by pandora666)
|
|t:|1743817761
|start
|switch|p1a: Torkoal|Torkoal, F|100/100
|switch|p2a: Dragapult|Dragapult, F|100/100
|-weather|SunnyDay|[from] ability: Drought|[of] p1a: Torkoal
|turn|1
|
|t:|1743817776
|switch|p1a: Araquanid|Araquanid, F, shiny|100/100
|move|p2a: Dragapult|Thunder Wave|p1a: Araquanid
|-status|p1a: Araquanid|par
|
|-weather|SunnyDay|[upkeep]
|upkeep
|turn|2
|
|t:|1743817784
|move|p2a: Dragapult|Dragon Darts|p1a: Araquanid
|-damage|p1a: Araquanid|77/100 par
|-anim|p2a: Dragapult|Dragon Darts|p1a: Araquanid
|-damage|p1a: Araquanid|55/100 par
|move|p1a: Araquanid|Sticky Web|p2a: Dragapult
|-sidestart|p2: DrunkHaxorus◔◔|move: Sticky Web
|
|-weather|SunnyDay|[upkeep]
|upkeep
|turn|3
|
|t:|1743817797
|switch|p1a: Torkoal|Torkoal, F|100/100
|move|p2a: Dragapult|Hex|p1a: Torkoal
|-damage|p1a: Torkoal|64/100
|
|-weather|SunnyDay|[upkeep]
|upkeep
|turn|4
|
|t:|1743817804
|move|p2a: Dragapult|Thunder Wave|p1a: Torkoal|[miss]
|-miss|p2a: Dragapult|p1a: Torkoal
|move|p1a: Torkoal|Stealth Rock|p2a: Dragapult
|-sidestart|p2: DrunkHaxorus◔◔|move: Stealth Rock
|
|-weather|SunnyDay|[upkeep]
|upkeep
|turn|5
|
|t:|1743817815
|switch|p1a: Raging Bolt|Raging Bolt|100/100
|-activate|p1a: Raging Bolt|ability: Protosynthesis
|-start|p1a: Raging Bolt|protosynthesisspa
|move|p2a: Dragapult|Hex|p1a: Raging Bolt
|-damage|p1a: Raging Bolt|74/100
|
|-weather|SunnyDay|[upkeep]
|upkeep
|turn|6
|
|t:|1743817821
|-terastallize|p1a: Raging Bolt|Fairy
|move|p2a: Dragapult|U-turn|p1a: Raging Bolt
|-resisted|p1a: Raging Bolt
|-damage|p1a: Raging Bolt|64/100
|
|t:|1743817838
|switch|p2a: Slowking|Slowking-Galar, M|100/100|[from] U-turn
|move|p1a: Raging Bolt|Tera Blast|p2a: Slowking|[anim] Tera Blast Fairy
|-resisted|p2a: Slowking
|-damage|p2a: Slowking|74/100
|
|-weather|SunnyDay|[upkeep]
|upkeep
|turn|7
|
|t:|1743817853
|-end|p1a: Raging Bolt|Protosynthesis|[silent]
|switch|p1a: Walking Wake|Walking Wake|100/100
|-activate|p1a: Walking Wake|ability: Protosynthesis
|-start|p1a: Walking Wake|protosynthesisspa
|-prepare|p2a: Slowking|Chilly Reception|[premajor]
|move|p2a: Slowking|Chilly Reception|p2a: Slowking
|-weather|Snowscape
|-end|p1a: Walking Wake|Protosynthesis
|
|t:|1743817864
|switch|p2a: Dragapult|Dragapult, F|100/100|[from] Chilly Reception
|
|-weather|Snowscape|[upkeep]
|upkeep
|turn|8
|
|t:|1743817873
|move|p2a: Dragapult|Dragon Darts|p1a: Walking Wake
|-supereffective|p1a: Walking Wake
|-damage|p1a: Walking Wake|52/100
|-anim|p2a: Dragapult|Dragon Darts|p1a: Walking Wake
|-supereffective|p1a: Walking Wake
|-damage|p1a: Walking Wake|8/100
|move|p1a: Walking Wake|Dragon Pulse|p2a: Dragapult
|-supereffective|p2a: Dragapult
|-damage|p2a: Dragapult|0 fnt
|faint|p2a: Dragapult
|
|-weather|Snowscape|[upkeep]
|upkeep
|
|t:|1743817886
|switch|p2a: Meowscarada|Meowscarada, F|100/100
|turn|9
|
|t:|1743817893
|-end|p1a: Walking Wake|Protosynthesis|[silent]
|switch|p1a: Araquanid|Araquanid, F, shiny|55/100 par
|move|p2a: Meowscarada|Knock Off|p1a: Araquanid
|-start|p2a: Meowscarada|typechange|Dark|[from] ability: Protean
|-damage|p1a: Araquanid|5/100 par
|-enditem|p1a: Araquanid|Custap Berry|[from] move: Knock Off|[of] p2a: Meowscarada
|
|-weather|Snowscape|[upkeep]
|upkeep
|turn|10
|
|t:|1743817902
|move|p2a: Meowscarada|Knock Off|p1a: Araquanid
|-damage|p1a: Araquanid|0 fnt
|faint|p1a: Araquanid
|
|-weather|Snowscape|[upkeep]
|upkeep
|
|t:|1743817909
|switch|p1a: Blaziken|Blaziken, M, shiny|100/100
|turn|11
|
|t:|1743817917
|switch|p2a: Skarmory|Skarmory, M|100/100
|-damage|p2a: Skarmory|88/100|[from] Stealth Rock
|move|p1a: Blaziken|Protect||[still]
|-fail|p1a: Blaziken
|
|-weather|none
|-ability|p1a: Blaziken|Speed Boost|boost
|-boost|p1a: Blaziken|spe|1
|upkeep
|turn|12
|
|t:|1743817945
|move|p1a: Blaziken|Flare Blitz|p2a: Skarmory
|-supereffective|p2a: Skarmory
|-damage|p2a: Skarmory|0 fnt
|-damage|p1a: Blaziken|84/100|[from] item: Rocky Helmet|[of] p2a: Skarmory
|faint|p2a: Skarmory
|-damage|p1a: Blaziken|52/100|[from] Recoil
|-damage|p1a: Blaziken|42/100|[from] item: Life Orb
|
|-ability|p1a: Blaziken|Speed Boost|boost
|-boost|p1a: Blaziken|spe|1
|upkeep
|inactive|DrunkHaxorus◔◔ has 120 seconds left.
|
|t:|1743817968
|switch|p2a: Emboar|Emboar, M, shiny|100/100
|-activate|p2a: Emboar|move: Sticky Web
|-unboost|p2a: Emboar|spe|1
|-damage|p2a: Emboar|88/100|[from] Stealth Rock
|turn|13
|l|☆pandora666
|inactive|pandora666 disconnected and has a minute to reconnect!
|player|p1|
|j|☆pandora666
|inactive|pandora666 reconnected and has 140 seconds left.
|player|p1|pandora666|flannery|
|inactive|pandora666 has 120 seconds left.
|l|☆pandora666
|inactive|pandora666 disconnected and has a minute to reconnect!
|player|p1|
|j|☆pandora666
|inactive|pandora666 reconnected and has 110 seconds left.
|player|p1|pandora666|flannery|
|
|t:|1743818014
|move|p1a: Blaziken|Earthquake|p2a: Emboar
|-supereffective|p2a: Emboar
|-damage|p2a: Emboar|0 fnt
|faint|p2a: Emboar
|-damage|p1a: Blaziken|32/100|[from] item: Life Orb
|
|-ability|p1a: Blaziken|Speed Boost|boost
|-boost|p1a: Blaziken|spe|1
|upkeep
|
|t:|1743818022
|switch|p2a: Garganacl|Garganacl, F|100/100
|-activate|p2a: Garganacl|move: Sticky Web
|-unboost|p2a: Garganacl|spe|1
|-damage|p2a: Garganacl|88/100|[from] Stealth Rock
|turn|14
|inactive|DrunkHaxorus◔◔ has 120 seconds left.
|
|t:|1743818029
|-terastallize|p2a: Garganacl|Fairy
|move|p1a: Blaziken|Close Combat|p2a: Garganacl
|-resisted|p2a: Garganacl
|-damage|p2a: Garganacl|61/100
|-unboost|p1a: Blaziken|def|1
|-unboost|p1a: Blaziken|spd|1
|-damage|p1a: Blaziken|22/100|[from] item: Life Orb
|move|p2a: Garganacl|Salt Cure|p1a: Blaziken
|-damage|p1a: Blaziken|0 fnt
|faint|p1a: Blaziken
|
|-heal|p2a: Garganacl|68/100|[from] item: Leftovers
|upkeep
|inactive|pandora666 has 120 seconds left.
|
|t:|1743818037
|switch|p1a: Gholdengo|Gholdengo|100/100
|turn|15
|
|t:|1743818044
|switch|p2a: Slowking|Slowking-Galar, M|100/100
|move|p1a: Gholdengo|Trick|p2a: Slowking
|-activate|p1a: Gholdengo|move: Trick|[of] p2a: Slowking
|-item|p2a: Slowking|Choice Scarf|[from] move: Trick
|-item|p1a: Gholdengo|Heavy-Duty Boots|[from] move: Trick
|
|upkeep
|turn|16
|
|t:|1743818057
|move|p1a: Gholdengo|Shadow Ball|p2a: Slowking
|-supereffective|p2a: Slowking
|-damage|p2a: Slowking|42/100
|-prepare|p2a: Slowking|Chilly Reception|[premajor]
|move|p2a: Slowking|Chilly Reception|p2a: Slowking
|-weather|Snowscape
|
|t:|1743818060
|switch|p2a: Meowscarada|Meowscarada, F|100/100|[from] Chilly Reception
|
|-weather|Snowscape|[upkeep]
|upkeep
|turn|17
|
|t:|1743818080
|switch|p1a: Raging Bolt|Raging Bolt, tera:Fairy|64/100
|move|p2a: Meowscarada|Knock Off|p1a: Raging Bolt
|-start|p2a: Meowscarada|typechange|Dark|[from] ability: Protean
|-resisted|p1a: Raging Bolt
|-damage|p1a: Raging Bolt|44/100
|-enditem|p1a: Raging Bolt|Choice Specs|[from] move: Knock Off|[of] p2a: Meowscarada
|
|-weather|Snowscape|[upkeep]
|upkeep
|turn|18
|
|t:|1743818091
|move|p1a: Raging Bolt|Thunderclap|p2a: Meowscarada
|-damage|p2a: Meowscarada|39/100
|move|p2a: Meowscarada|U-turn|p1a: Raging Bolt
|-resisted|p1a: Raging Bolt
|-damage|p1a: Raging Bolt|33/100
|
|t:|1743818097
|switch|p2a: Slowking|Slowking-Galar, M|75/100|[from] U-turn
|-activate|p2a: Slowking|move: Sticky Web
|-unboost|p2a: Slowking|spe|1
|-damage|p2a: Slowking|63/100|[from] Stealth Rock
|
|-weather|Snowscape|[upkeep]
|upkeep
|turn|19
|
|t:|1743818111
|move|p1a: Raging Bolt|Volt Switch|p2a: Slowking
|-damage|p2a: Slowking|38/100
|
|t:|1743818114
|-end|p1a: Raging Bolt|Protosynthesis|[silent]
|switch|p1a: Gholdengo|Gholdengo|100/100|[from] Volt Switch
|move|p2a: Slowking|Future Sight|p1a: Gholdengo
|-start|p2a: Slowking|move: Future Sight
|
|-weather|Snowscape|[upkeep]
|upkeep
|turn|20
|
|t:|1743818122
|switch|p2a: Garganacl|Garganacl, F, tera:Fairy|68/100
|-activate|p2a: Garganacl|move: Sticky Web
|-unboost|p2a: Garganacl|spe|1
|-damage|p2a: Garganacl|55/100|[from] Stealth Rock
|move|p1a: Gholdengo|Shadow Ball|p2a: Garganacl
|-damage|p2a: Garganacl|38/100
|
|-weather|none
|-heal|p2a: Garganacl|44/100|[from] item: Leftovers
|upkeep
|turn|21
|
|t:|1743818135
|move|p1a: Gholdengo|Make It Rain|p2a: Garganacl
|-supereffective|p2a: Garganacl
|-damage|p2a: Garganacl|0 fnt
|-unboost|p1a: Gholdengo|spa|1
|faint|p2a: Garganacl
|
|-end|p1a: Gholdengo|move: Future Sight
|-resisted|p1a: Gholdengo
|-damage|p1a: Gholdengo|73/100
|upkeep
|
|t:|1743818140
|switch|p2a: Meowscarada|Meowscarada, F|39/100
|turn|22
|
|t:|1743818152
|move|p2a: Meowscarada|Flower Trick|p1a: Gholdengo
|-start|p2a: Meowscarada|typechange|Grass|[from] ability: Protean
|-resisted|p1a: Gholdengo
|-crit|p1a: Gholdengo
|-damage|p1a: Gholdengo|44/100
|move|p1a: Gholdengo|Make It Rain|p2a: Meowscarada
|-damage|p2a: Meowscarada|0 fnt
|-unboost|p1a: Gholdengo|spa|1
|faint|p2a: Meowscarada
|
|upkeep
|-message|DrunkHaxorus◔◔ forfeited.
|
|win|pandora666
|raw|pandora666's rating: 1377 &rarr; <strong>1399</strong><br />(+22 for winning)
|raw|DrunkHaxorus◔◔'s rating: 1404 &rarr; <strong>1382</strong><br />(-22 for losing)
|l|☆DrunkHaxorus◔◔
|player|p2|
|l|☆pandora666
|player|p1|
