|badge|p2|bronze|gen9ou|100-5
|uhtml|medal-msg|<div class="broadcast-blue">Curious what those medals under the avatar are? PS now has Ladder Seasons! For more information, check out the <a href="https://www.smogon.com/forums/threads/3740067/">thread on Smogon.</a></div>
|j|☆Air Glider
|j|☆2(H2O)
|t:|1743833396
|gametype|singles
|player|p1|Air Glider|1|1726
|player|p2|2(H2O)|chase|1842
|teamsize|p1|6
|teamsize|p2|6
|gen|9
|tier|[Gen 9] OU
|rated|
|rule|HP Percentage Mod: HP is shown in percentages
|rule|Endless Battle Clause: Forcing endless battles is banned
|rule|Species Clause: Limit one of each Pokémon
|rule|OHKO Clause: OHKO moves are banned
|rule|Evasion Items Clause: Evasion items are banned
|rule|Evasion Moves Clause: Evasion moves are banned
|rule|Sleep Moves Clause: Sleep-inducing moves are banned
|clearpoke
|poke|p1|Pelipper, F|
|poke|p1|Iron Treads|
|poke|p1|Basculegion, M|
|poke|p1|Latios, M|
|poke|p1|Keldeo-Resolute|
|poke|p1|Dragapult, F|
|poke|p2|Thundurus-Therian, M|
|poke|p2|Goodra-Hisui, F|
|poke|p2|Cinderace, F|
|poke|p2|Landorus-Therian, M|
|poke|p2|Iron Valiant|
|poke|p2|Kingambit, M|
|teampreview
|c|☆2(H2O)|hf big bro
|j| Trucker Hat Mew
|
|t:|1743833429
|start
|switch|p1a: Pelipper|Pelipper, F|100/100
|switch|p2a: Goodra|Goodra-Hisui, F|100/100
|-weather|RainDance|[from] ability: Drizzle|[of] p1a: Pelipper
|turn|1
|inactive|Battle timer is ON: inactive players will automatically lose when time's up. (requested by 2(H2O))
|
|t:|1743833444
|switch|p1a: Iron Treads|Iron Treads|100/100
|move|p2a: Goodra|Draco Meteor|p1a: Iron Treads
|-resisted|p1a: Iron Treads
|-damage|p1a: Iron Treads|74/100
|-unboost|p2a: Goodra|spa|2
|
|-weather|RainDance|[upkeep]
|-heal|p1a: Iron Treads|80/100|[from] item: Leftovers
|upkeep
|turn|2
|
|t:|1743833454
|move|p1a: Iron Treads|Stealth Rock|p2a: Goodra
|-sidestart|p2: 2(H2O)|move: Stealth Rock
|move|p2a: Goodra|Earthquake|p1a: Iron Treads
|-supereffective|p1a: Iron Treads
|-damage|p1a: Iron Treads|47/100
|
|-weather|RainDance|[upkeep]
|-heal|p1a: Iron Treads|54/100|[from] item: Leftovers
|upkeep
|turn|3
|
|t:|1743833469
|switch|p2a: Landorus|Landorus-Therian, M|100/100
|-damage|p2a: Landorus|88/100|[from] Stealth Rock
|-ability|p2a: Landorus|Intimidate|boost
|-unboost|p1a: Iron Treads|atk|1
|move|p1a: Iron Treads|Earthquake|p2a: Landorus
|-immune|p2a: Landorus
|
|-weather|RainDance|[upkeep]
|-heal|p1a: Iron Treads|60/100|[from] item: Leftovers
|upkeep
|turn|4
|
|t:|1743833479
|-end|p1a: Iron Treads|Quark Drive|[silent]
|switch|p1a: Basculegion|Basculegion, M|100/100
|move|p2a: Landorus|U-turn|p1a: Basculegion
|-resisted|p1a: Basculegion
|-damage|p1a: Basculegion|86/100
|
|t:|1743833487
|switch|p2a: Goodra|Goodra-Hisui, F|100/100|[from] U-turn
|-damage|p2a: Goodra|94/100|[from] Stealth Rock
|
|-weather|RainDance|[upkeep]
|upkeep
|turn|5
|
|t:|1743833491
|move|p1a: Basculegion|Flip Turn|p2a: Goodra
|-resisted|p2a: Goodra
|-damage|p2a: Goodra|64/100
|
|t:|1743833494
|switch|p1a: Iron Treads|Iron Treads|60/100|[from] Flip Turn
|move|p2a: Goodra|Earthquake|p1a: Iron Treads
|-supereffective|p1a: Iron Treads
|-damage|p1a: Iron Treads|25/100
|
|-weather|RainDance|[upkeep]
|-heal|p1a: Iron Treads|31/100|[from] item: Leftovers
|upkeep
|turn|6
|
|t:|1743833502
|switch|p2a: Landorus|Landorus-Therian, M|88/100
|-damage|p2a: Landorus|76/100|[from] Stealth Rock
|-ability|p2a: Landorus|Intimidate|boost
|-unboost|p1a: Iron Treads|atk|1
|move|p1a: Iron Treads|Volt Switch|p2a: Landorus
|-immune|p2a: Landorus
|
|-weather|RainDance|[upkeep]
|-heal|p1a: Iron Treads|37/100|[from] item: Leftovers
|upkeep
|turn|7
|
|t:|1743833508
|-end|p1a: Iron Treads|Quark Drive|[silent]
|switch|p1a: Basculegion|Basculegion, M|86/100
|move|p2a: Landorus|U-turn|p1a: Basculegion
|-resisted|p1a: Basculegion
|-damage|p1a: Basculegion|71/100
|
|t:|1743833531
|switch|p2a: Iron Valiant|Iron Valiant|100/100|[from] U-turn
|-damage|p2a: Iron Valiant|94/100|[from] Stealth Rock
|-enditem|p2a: Iron Valiant|Booster Energy
|-activate|p2a: Iron Valiant|ability: Quark Drive|[fromitem]
|-start|p2a: Iron Valiant|quarkdrivespe
|
|-weather|RainDance|[upkeep]
|upkeep
|turn|8
|
|t:|1743833553
|move|p1a: Basculegion|Wave Crash|p2a: Iron Valiant
|-damage|p2a: Iron Valiant|0 fnt
|faint|p2a: Iron Valiant
|-end|p2a: Iron Valiant|Quark Drive|[silent]
|-damage|p1a: Basculegion|48/100|[from] Recoil
|
|-weather|none
|upkeep
|
|t:|1743833558
|switch|p2a: Cinderace|Cinderace, F|100/100
|turn|9
|
|t:|1743833566
|switch|p1a: Pelipper|Pelipper, F|100/100
|-weather|RainDance|[from] ability: Drizzle|[of] p1a: Pelipper
|move|p2a: Cinderace|Court Change|p2a: Cinderace
|-swapsideconditions
|-activate|p2a: Cinderace|move: Court Change
|
|-weather|RainDance|[upkeep]
|upkeep
|turn|10
|
|t:|1743833570
|switch|p2a: Thundurus|Thundurus-Therian, M|100/100
|move|p1a: Pelipper|U-turn|p2a: Thundurus
|-resisted|p2a: Thundurus
|-damage|p2a: Thundurus|93/100
|j| Kovumon
|
|t:|1743833579
|switch|p1a: Basculegion|Basculegion, M|48/100|[from] U-turn
|-damage|p1a: Basculegion|35/100|[from] Stealth Rock
|
|-weather|RainDance|[upkeep]
|upkeep
|turn|11
|
|t:|1743833586
|switch|p2a: Goodra|Goodra-Hisui, F|64/100
|move|p1a: Basculegion|Flip Turn|p2a: Goodra
|-resisted|p2a: Goodra
|-damage|p2a: Goodra|35/100
|
|t:|1743833591
|switch|p1a: Iron Treads|Iron Treads|37/100|[from] Flip Turn
|-damage|p1a: Iron Treads|34/100|[from] Stealth Rock
|
|-weather|RainDance|[upkeep]
|-heal|p1a: Iron Treads|40/100|[from] item: Leftovers
|upkeep
|turn|12
|
|t:|1743833594
|switch|p2a: Landorus|Landorus-Therian, M|76/100
|-ability|p2a: Landorus|Intimidate|boost
|-unboost|p1a: Iron Treads|atk|1
|move|p1a: Iron Treads|Rapid Spin|p2a: Landorus
|-damage|p2a: Landorus|67/100
|-boost|p1a: Iron Treads|spe|1
|-damage|p1a: Iron Treads|24/100|[from] item: Rocky Helmet|[of] p2a: Landorus
|-sideend|p1: Air Glider|Stealth Rock|[from] move: Rapid Spin|[of] p1a: Iron Treads
|
|-weather|RainDance|[upkeep]
|-heal|p1a: Iron Treads|30/100|[from] item: Leftovers
|upkeep
|turn|13
|
|t:|1743833601
|move|p1a: Iron Treads|Stealth Rock|p2a: Landorus
|-sidestart|p2: 2(H2O)|move: Stealth Rock
|move|p2a: Landorus|Stealth Rock|p1a: Iron Treads
|-sidestart|p1: Air Glider|move: Stealth Rock
|
|-weather|RainDance|[upkeep]
|-heal|p1a: Iron Treads|36/100|[from] item: Leftovers
|upkeep
|turn|14
|
|t:|1743833606
|move|p1a: Iron Treads|Volt Switch|p2a: Landorus
|-immune|p2a: Landorus
|move|p2a: Landorus|Stealth Rock||[still]
|-fail|p2a: Landorus
|
|-weather|RainDance|[upkeep]
|-heal|p1a: Iron Treads|42/100|[from] item: Leftovers
|upkeep
|turn|15
|
|t:|1743833611
|move|p1a: Iron Treads|Volt Switch|p2a: Landorus
|-immune|p2a: Landorus
|move|p2a: Landorus|Stealth Rock||[still]
|-fail|p2a: Landorus
|
|-weather|RainDance|[upkeep]
|-heal|p1a: Iron Treads|48/100|[from] item: Leftovers
|upkeep
|turn|16
|
|t:|1743833613
|move|p1a: Iron Treads|Volt Switch|p2a: Landorus
|-immune|p2a: Landorus
|move|p2a: Landorus|Stealth Rock||[still]
|-fail|p2a: Landorus
|
|-weather|none
|-heal|p1a: Iron Treads|54/100|[from] item: Leftovers
|upkeep
|turn|17
|
|t:|1743833616
|-end|p1a: Iron Treads|Quark Drive|[silent]
|switch|p1a: Pelipper|Pelipper, F|100/100
|-damage|p1a: Pelipper|76/100|[from] Stealth Rock
|-weather|RainDance|[from] ability: Drizzle|[of] p1a: Pelipper
|move|p2a: Landorus|Stealth Rock||[still]
|-fail|p2a: Landorus
|
|-weather|RainDance|[upkeep]
|upkeep
|turn|18
|
|t:|1743833634
|switch|p2a: Goodra|Goodra-Hisui, F|35/100
|-damage|p2a: Goodra|29/100|[from] Stealth Rock
|move|p1a: Pelipper|U-turn|p2a: Goodra
|-resisted|p2a: Goodra
|-damage|p2a: Goodra|25/100
|
|t:|1743833655
|switch|p1a: Keldeo|Keldeo-Resolute|100/100|[from] U-turn
|-damage|p1a: Keldeo|94/100|[from] Stealth Rock
|
|-weather|RainDance|[upkeep]
|upkeep
|turn|19
|
|t:|1743833669
|switch|p2a: Thundurus|Thundurus-Therian, M|93/100
|-damage|p2a: Thundurus|69/100|[from] Stealth Rock
|move|p1a: Keldeo|Secret Sword|p2a: Thundurus
|-resisted|p2a: Thundurus
|-damage|p2a: Thundurus|18/100
|
|-weather|RainDance|[upkeep]
|upkeep
|turn|20
|j| frindlebabbin
|
|t:|1743833684
|switch|p1a: Iron Treads|Iron Treads|54/100
|-damage|p1a: Iron Treads|51/100|[from] Stealth Rock
|move|p2a: Thundurus|Hammer Arm|p1a: Iron Treads
|-supereffective|p1a: Iron Treads
|-damage|p1a: Iron Treads|16/100
|-unboost|p2a: Thundurus|spe|1
|
|-weather|RainDance|[upkeep]
|-heal|p1a: Iron Treads|22/100|[from] item: Leftovers
|upkeep
|turn|21
|
|t:|1743833687
|move|p1a: Iron Treads|Rapid Spin|p2a: Thundurus
|-damage|p2a: Thundurus|0 fnt
|-boost|p1a: Iron Treads|spe|1
|-sideend|p1: Air Glider|Stealth Rock|[from] move: Rapid Spin|[of] p1a: Iron Treads
|faint|p2a: Thundurus
|
|-weather|RainDance|[upkeep]
|-heal|p1a: Iron Treads|28/100|[from] item: Leftovers
|upkeep
|
|t:|1743833690
|switch|p2a: Landorus|Landorus-Therian, M|67/100
|-damage|p2a: Landorus|55/100|[from] Stealth Rock
|-ability|p2a: Landorus|Intimidate|boost
|-unboost|p1a: Iron Treads|atk|1
|turn|22
|
|t:|1743833693
|move|p1a: Iron Treads|Rapid Spin|p2a: Landorus
|-damage|p2a: Landorus|46/100
|-boost|p1a: Iron Treads|spe|1
|-damage|p1a: Iron Treads|11/100|[from] item: Rocky Helmet|[of] p2a: Landorus
|move|p2a: Landorus|Stealth Rock|p1a: Iron Treads
|-sidestart|p1: Air Glider|move: Stealth Rock
|
|-weather|RainDance|[upkeep]
|-heal|p1a: Iron Treads|17/100|[from] item: Leftovers
|upkeep
|turn|23
|
|t:|1743833695
|move|p1a: Iron Treads|Rapid Spin|p2a: Landorus
|-damage|p2a: Landorus|39/100
|-boost|p1a: Iron Treads|spe|1
|-damage|p1a: Iron Treads|1/100|[from] item: Rocky Helmet|[of] p2a: Landorus
|-sideend|p1: Air Glider|Stealth Rock|[from] move: Rapid Spin|[of] p1a: Iron Treads
|move|p2a: Landorus|Stealth Rock|p1a: Iron Treads
|-sidestart|p1: Air Glider|move: Stealth Rock
|
|-weather|RainDance|[upkeep]
|-heal|p1a: Iron Treads|7/100|[from] item: Leftovers
|upkeep
|turn|24
|l| Kovumon
|
|t:|1743833700
|move|p1a: Iron Treads|Rapid Spin|p2a: Landorus
|-damage|p2a: Landorus|30/100
|-boost|p1a: Iron Treads|spe|1
|-damage|p1a: Iron Treads|0 fnt|[from] item: Rocky Helmet|[of] p2a: Landorus
|faint|p1a: Iron Treads
|-end|p1a: Iron Treads|Quark Drive|[silent]
|move|p2a: Landorus|Stealth Rock||[still]
|-fail|p2a: Landorus
|
|-weather|none
|upkeep
|
|t:|1743833703
|switch|p1a: Pelipper|Pelipper, F|76/100
|-damage|p1a: Pelipper|51/100|[from] Stealth Rock
|-weather|RainDance|[from] ability: Drizzle|[of] p1a: Pelipper
|turn|25
|j| kyffv
|
|t:|1743833714
|switch|p2a: Goodra|Goodra-Hisui, F|25/100
|-damage|p2a: Goodra|19/100|[from] Stealth Rock
|move|p1a: Pelipper|U-turn|p2a: Goodra
|-resisted|p2a: Goodra
|-damage|p2a: Goodra|14/100
|
|t:|1743833725
|switch|p1a: Dragapult|Dragapult, F|100/100|[from] U-turn
|
|-weather|RainDance|[upkeep]
|upkeep
|turn|26
|inactive|2(H2O) has 120 seconds left.
|
|t:|1743833762
|move|p1a: Dragapult|Dragon Darts|p2a: Goodra
|-damage|p2a: Goodra|0 fnt
|faint|p2a: Goodra
|
|-weather|RainDance|[upkeep]
|upkeep
|
|t:|1743833765
|switch|p2a: Cinderace|Cinderace, F|100/100
|turn|27
|
|t:|1743833773
|-terastallize|p1a: Dragapult|Water
|move|p1a: Dragapult|Tera Blast|p2a: Cinderace|[anim] Tera Blast Water
|-supereffective|p2a: Cinderace
|-damage|p2a: Cinderace|0 fnt
|faint|p2a: Cinderace
|
|-weather|RainDance|[upkeep]
|upkeep
|
|t:|1743833780
|switch|p2a: Landorus|Landorus-Therian, M|30/100
|-damage|p2a: Landorus|18/100|[from] Stealth Rock
|-ability|p2a: Landorus|Intimidate|boost
|-fail|p1a: Dragapult|unboost|[from] ability: Clear Body|[of] p1a: Dragapult
|turn|28
|l| kyffv
|
|t:|1743833786
|move|p1a: Dragapult|Tera Blast|p2a: Landorus|[anim] Tera Blast Water
|-supereffective|p2a: Landorus
|-damage|p2a: Landorus|0 fnt
|faint|p2a: Landorus
|
|-weather|RainDance|[upkeep]
|upkeep
|
|t:|1743833789
|switch|p2a: Kingambit|Kingambit, M|100/100
|-damage|p2a: Kingambit|94/100|[from] Stealth Rock
|-activate|p2a: Kingambit|ability: Supreme Overlord
|-start|p2a: Kingambit|fallen5|[silent]
|turn|29
|
|t:|1743833796
|move|p1a: Dragapult|Tera Blast|p2a: Kingambit|[anim] Tera Blast Water
|-damage|p2a: Kingambit|42/100
|move|p2a: Kingambit|Swords Dance|p2a: Kingambit
|-boost|p2a: Kingambit|atk|2
|
|-weather|RainDance|[upkeep]
|upkeep
|turn|30
|
|t:|1743833801
|move|p2a: Kingambit|Sucker Punch||[still]
|-fail|p2a: Kingambit
|move|p1a: Dragapult|Will-O-Wisp|p2a: Kingambit
|-status|p2a: Kingambit|brn
|
|-weather|RainDance|[upkeep]
|-damage|p2a: Kingambit|36/100 brn|[from] brn
|upkeep
|turn|31
|j| kyffv
|l| kyffv
|c|☆2(H2O)|gg
|
|t:|1743833807
|move|p2a: Kingambit|Sucker Punch|p1a: Dragapult
|-damage|p1a: Dragapult|3/100
|move|p1a: Dragapult|Tera Blast|p2a: Kingambit|[anim] Tera Blast Water
|-damage|p2a: Kingambit|0 fnt
|faint|p2a: Kingambit
|-end|p2a: Kingambit|fallen5|[silent]
|
|win|Air Glider
|raw|Air Glider's rating: 1726 &rarr; <strong>1752</strong><br />(+26 for winning)
|raw|2(H2O)'s rating: 1842 &rarr; <strong>1816</strong><br />(-26 for losing)
|c|☆Air Glider|Gg
|l|☆2(H2O)
|player|p2|
|l| frindlebabbin
|l| Trucker Hat Mew
