|badge|p2|bronze|gen9ou|100-5
|uhtml|medal-msg|<div class="broadcast-blue">Curious what those medals under the avatar are? PS now has Ladder Seasons! For more information, check out the <a href="https://www.smogon.com/forums/threads/3740067/">thread on Smogon.</a></div>
|j|☆okfernankk
|j|☆Rocktar Made
|t:|1743876225
|gametype|singles
|player|p1|okfernankk|2|1609
|player|p2|Rocktar Made|lass-gen4dp|1837
|teamsize|p1|6
|teamsize|p2|6
|gen|9
|tier|[Gen 9] OU
|rated|
|rule|HP Percentage Mod: HP is shown in percentages
|rule|Endless Battle Clause: Forcing endless battles is banned
|rule|Species Clause: Limit one of each Pokémon
|rule|OHKO Clause: OHKO moves are banned
|rule|Evasion Items Clause: Evasion items are banned
|rule|Evasion Moves Clause: Evasion moves are banned
|rule|Sleep Moves Clause: Sleep-inducing moves are banned
|clearpoke
|poke|p1|Hydrapple, M|
|poke|p1|Skarmory, F|
|poke|p1|Tyranitar, M|
|poke|p1|Alomomola, M|
|poke|p1|Clodsire, F|
|poke|p1|Clefable, F|
|poke|p2|Weezing-Galar, F|
|poke|p2|Alomomola, M|
|poke|p2|Zoroark-Hisui, M|
|poke|p2|Iron Treads|
|poke|p2|Enamorus, F|
|poke|p2|Zamazenta-*|
|teampreview
|inactive|Battle timer is ON: inactive players will automatically lose when time's up. (requested by Rocktar Made)
|
|t:|1743876241
|start
|switch|p1a: Tyranitar|Tyranitar, M|100/100
|switch|p2a: Weezing|Weezing-Galar, F|100/100
|-ability|p2a: Weezing|Neutralizing Gas
|turn|1
|
|t:|1743876250
|switch|p1a: Clefable|Clefable, F|100/100
|move|p2a: Weezing|Will-O-Wisp|p1a: Clefable
|-status|p1a: Clefable|brn
|
|-damage|p1a: Clefable|94/100 brn|[from] brn
|-damage|p1a: Clefable|82/100 brn|[from] item: Sticky Barb
|upkeep
|turn|2
|
|t:|1743876253
|-end|p2a: Weezing|ability: Neutralizing Gas
|switch|p2a: Iron Treads|Iron Treads|100/100
|move|p1a: Clefable|Knock Off|p2a: Iron Treads
|-damage|p2a: Iron Treads|95/100
|-enditem|p2a: Iron Treads|Leftovers|[from] move: Knock Off|[of] p1a: Clefable
|
|upkeep
|turn|3
|
|t:|1743876257
|move|p2a: Iron Treads|Knock Off|p1a: Clefable
|-resisted|p1a: Clefable
|-damage|p1a: Clefable|73/100 brn
|move|p1a: Clefable|Wish|p1a: Clefable
|
|-damage|p2a: Iron Treads|82/100|[from] item: Sticky Barb
|upkeep
|turn|4
|
|t:|1743876261
|move|p2a: Iron Treads|Stealth Rock|p1a: Clefable
|-sidestart|p1: okfernankk|move: Stealth Rock
|move|p1a: Clefable|Moonblast|p2a: Iron Treads
|-resisted|p2a: Iron Treads
|-damage|p2a: Iron Treads|69/100
|
|-heal|p1a: Clefable|100/100 brn|[from] move: Wish|[wisher] Clefable
|-damage|p2a: Iron Treads|57/100|[from] item: Sticky Barb
|upkeep
|turn|5
|
|t:|1743876266
|move|p2a: Iron Treads|Earthquake|p1a: Clefable
|-damage|p1a: Clefable|71/100 brn
|move|p1a: Clefable|Wish|p1a: Clefable
|
|-damage|p2a: Iron Treads|44/100|[from] item: Sticky Barb
|upkeep
|turn|6
|
|t:|1743876279
|move|p2a: Iron Treads|Earthquake|p1a: Clefable
|-damage|p1a: Clefable|44/100 brn
|move|p1a: Clefable|Moonblast|p2a: Iron Treads
|-resisted|p2a: Iron Treads
|-damage|p2a: Iron Treads|32/100
|-unboost|p2a: Iron Treads|spa|1
|
|-heal|p1a: Clefable|94/100 brn|[from] move: Wish|[wisher] Clefable
|-damage|p2a: Iron Treads|20/100|[from] item: Sticky Barb
|upkeep
|turn|7
|
|t:|1743876289
|move|p2a: Iron Treads|Earthquake|p1a: Clefable
|-damage|p1a: Clefable|65/100 brn
|move|p1a: Clefable|Wish|p1a: Clefable
|
|-damage|p2a: Iron Treads|7/100|[from] item: Sticky Barb
|upkeep
|turn|8
|
|t:|1743876295
|move|p1a: Clefable|Protect|p1a: Clefable
|-singleturn|p1a: Clefable|Protect
|move|p2a: Iron Treads|Earthquake|p1a: Clefable
|-activate|p1a: Clefable|move: Protect
|
|-heal|p1a: Clefable|100/100 brn|[from] move: Wish|[wisher] Clefable
|-damage|p2a: Iron Treads|0 fnt|[from] item: Sticky Barb
|faint|p2a: Iron Treads
|-end|p2a: Iron Treads|Quark Drive|[silent]
|upkeep
|
|t:|1743876307
|switch|p2a: Weezing|Weezing-Galar, F|100/100
|-ability|p2a: Weezing|Neutralizing Gas
|turn|9
|inactive|okfernankk has 120 seconds left.
|
|t:|1743876344
|move|p1a: Clefable|Wish|p1a: Clefable
|move|p2a: Weezing|Strange Steam|p1a: Clefable
|-damage|p1a: Clefable|73/100 brn
|
|-damage|p1a: Clefable|67/100 brn|[from] brn
|upkeep
|turn|10
|inactive|okfernankk has 120 seconds left.
|
|t:|1743876349
|move|p1a: Clefable|Knock Off|p2a: Weezing
|-resisted|p2a: Weezing
|-damage|p2a: Weezing|98/100
|-enditem|p2a: Weezing|Leftovers|[from] move: Knock Off|[of] p1a: Clefable
|move|p2a: Weezing|Strange Steam|p1a: Clefable
|-damage|p1a: Clefable|41/100 brn
|
|-heal|p1a: Clefable|91/100 brn|[from] move: Wish|[wisher] Clefable
|-damage|p1a: Clefable|85/100 brn|[from] brn
|upkeep
|turn|11
|inactive|okfernankk has 120 seconds left.
|
|t:|1743876377
|move|p1a: Clefable|Wish|p1a: Clefable
|move|p2a: Weezing|Strange Steam|p1a: Clefable
|-damage|p1a: Clefable|60/100 brn
|
|-damage|p1a: Clefable|54/100 brn|[from] brn
|upkeep
|turn|12
|
|t:|1743876380
|move|p1a: Clefable|Moonblast|p2a: Weezing
|-resisted|p2a: Weezing
|-damage|p2a: Weezing|75/100
|move|p2a: Weezing|Strange Steam|p1a: Clefable
|-damage|p1a: Clefable|26/100 brn
|
|-heal|p1a: Clefable|76/100 brn|[from] move: Wish|[wisher] Clefable
|-damage|p1a: Clefable|70/100 brn|[from] brn
|upkeep
|turn|13
|inactive|okfernankk has 120 seconds left.
|
|t:|1743876385
|move|p1a: Clefable|Wish|p1a: Clefable
|move|p2a: Weezing|Strange Steam|p1a: Clefable
|-damage|p1a: Clefable|43/100 brn
|-start|p1a: Clefable|confusion
|
|-damage|p1a: Clefable|37/100 brn|[from] brn
|upkeep
|turn|14
|
|t:|1743876389
|-activate|p1a: Clefable|confusion
|move|p1a: Clefable|Protect|p1a: Clefable
|-singleturn|p1a: Clefable|Protect
|move|p2a: Weezing|Strange Steam|p1a: Clefable
|-activate|p1a: Clefable|move: Protect
|
|-heal|p1a: Clefable|87/100 brn|[from] move: Wish|[wisher] Clefable
|-damage|p1a: Clefable|80/100 brn|[from] brn
|upkeep
|turn|15
|
|t:|1743876394
|switch|p1a: Alomomola|Alomomola, M, shiny|100/100
|-end|p2a: Weezing|ability: Neutralizing Gas
|switch|p2a: Enamorus|Enamorus, F|100/100
|
|upkeep
|turn|16
|
|t:|1743876404
|move|p1a: Alomomola|Protect|p1a: Alomomola
|-singleturn|p1a: Alomomola|Protect
|move|p2a: Enamorus|Hyper Voice|p1a: Alomomola
|-activate|p1a: Alomomola|move: Protect
|
|upkeep
|turn|17
|
|t:|1743876410
|switch|p2a: Weezing|Weezing-Galar, F|75/100
|-ability|p2a: Weezing|Neutralizing Gas
|move|p1a: Alomomola|Play Rough|p2a: Weezing
|-resisted|p2a: Weezing
|-damage|p2a: Weezing|70/100
|
|upkeep
|turn|18
|
|t:|1743876417
|move|p1a: Alomomola|Protect|p1a: Alomomola
|-singleturn|p1a: Alomomola|Protect
|move|p2a: Weezing|Strange Steam|p1a: Alomomola
|-activate|p1a: Alomomola|move: Protect
|
|upkeep
|turn|19
|
|t:|1743876438
|switch|p1a: Clefable|Clefable, F|80/100 brn
|-damage|p1a: Clefable|68/100 brn|[from] Stealth Rock
|move|p2a: Weezing|Will-O-Wisp|p1a: Clefable
|-fail|p1a: Clefable|brn
|
|-damage|p1a: Clefable|62/100 brn|[from] brn
|upkeep
|turn|20
|
|t:|1743876442
|move|p1a: Clefable|Wish|p1a: Clefable
|move|p2a: Weezing|Strange Steam|p1a: Clefable|[miss]
|-miss|p2a: Weezing|p1a: Clefable
|
|-damage|p1a: Clefable|56/100 brn|[from] brn
|upkeep
|turn|21
|
|t:|1743876446
|move|p1a: Clefable|Moonblast|p2a: Weezing
|-resisted|p2a: Weezing
|-damage|p2a: Weezing|50/100
|move|p2a: Weezing|Strange Steam|p1a: Clefable
|-damage|p1a: Clefable|31/100 brn
|
|-heal|p1a: Clefable|81/100 brn|[from] move: Wish|[wisher] Clefable
|-damage|p1a: Clefable|75/100 brn|[from] brn
|upkeep
|turn|22
|
|t:|1743876451
|move|p1a: Clefable|Protect|p1a: Clefable
|-singleturn|p1a: Clefable|Protect
|move|p2a: Weezing|Pain Split|p1a: Clefable
|-activate|p1a: Clefable|move: Protect
|
|-damage|p1a: Clefable|69/100 brn|[from] brn
|upkeep
|turn|23
|
|t:|1743876464
|move|p1a: Clefable|Wish|p1a: Clefable
|move|p2a: Weezing|Strange Steam|p1a: Clefable
|-damage|p1a: Clefable|44/100 brn
|
|-damage|p1a: Clefable|38/100 brn|[from] brn
|upkeep
|turn|24
|
|t:|1743876471
|move|p1a: Clefable|Moonblast|p2a: Weezing
|-resisted|p2a: Weezing
|-damage|p2a: Weezing|29/100
|move|p2a: Weezing|Strange Steam|p1a: Clefable
|-damage|p1a: Clefable|12/100 brn
|
|-heal|p1a: Clefable|62/100 brn|[from] move: Wish|[wisher] Clefable
|-damage|p1a: Clefable|56/100 brn|[from] brn
|upkeep
|turn|25
|
|t:|1743876478
|move|p1a: Clefable|Wish|p1a: Clefable
|move|p2a: Weezing|Strange Steam|p1a: Clefable
|-damage|p1a: Clefable|30/100 brn
|-start|p1a: Clefable|confusion
|
|-damage|p1a: Clefable|24/100 brn|[from] brn
|upkeep
|turn|26
|
|t:|1743876482
|-end|p2a: Weezing|ability: Neutralizing Gas
|switch|p2a: Enamorus|Enamorus, F|100/100
|-activate|p1a: Clefable|confusion
|move|p1a: Clefable|Moonblast|p2a: Enamorus
|-damage|p2a: Enamorus|39/100
|replace|p2a: Zoroark|Zoroark-Hisui, M
|-end|p2a: Zoroark|Illusion
|
|-heal|p1a: Clefable|74/100 brn|[from] move: Wish|[wisher] Clefable
|upkeep
|turn|27
|
|t:|1743876488
|-activate|p1a: Clefable|confusion
|move|p1a: Clefable|Protect|p1a: Clefable
|-singleturn|p1a: Clefable|Protect
|move|p2a: Zoroark|Hyper Voice|p1a: Clefable
|-activate|p1a: Clefable|move: Protect
|
|upkeep
|turn|28
|
|t:|1743876490
|switch|p1a: Tyranitar|Tyranitar, M|100/100
|-weather|Sandstorm|[from] ability: Sand Stream|[of] p1a: Tyranitar
|move|p2a: Zoroark|Hyper Voice|p1a: Tyranitar
|-resisted|p1a: Tyranitar
|-damage|p1a: Tyranitar|85/100
|
|-weather|Sandstorm|[upkeep]
|-damage|p2a: Zoroark|33/100|[from] Sandstorm
|upkeep
|turn|29
|
|t:|1743876496
|switch|p2a: Weezing|Weezing-Galar, F|29/100
|-ability|p2a: Weezing|Neutralizing Gas
|move|p1a: Tyranitar|Stealth Rock|p2a: Weezing
|-sidestart|p2: Rocktar Made|move: Stealth Rock
|
|-weather|Sandstorm|[upkeep]
|-damage|p2a: Weezing|23/100|[from] Sandstorm
|upkeep
|turn|30
|
|t:|1743876500
|move|p2a: Weezing|Pain Split|p1a: Tyranitar
|-sethp|p1a: Tyranitar|52/100|[from] move: Pain Split|[silent]
|-sethp|p2a: Weezing|63/100|[from] move: Pain Split
|move|p1a: Tyranitar|Ice Beam|p2a: Weezing
|-damage|p2a: Weezing|33/100
|
|-weather|Sandstorm|[upkeep]
|-damage|p2a: Weezing|27/100|[from] Sandstorm
|upkeep
|turn|31
|
|t:|1743876511
|move|p2a: Weezing|Defog|p1a: Tyranitar
|-unboost|p1a: Tyranitar|evasion|1
|-sideend|p1: okfernankk|Stealth Rock|[from] move: Defog|[of] p2a: Weezing
|-sideend|p2: Rocktar Made|Stealth Rock|[from] move: Defog|[of] p2a: Weezing
|move|p1a: Tyranitar|Ice Beam|p2a: Weezing
|-damage|p2a: Weezing|2/100
|
|-weather|Sandstorm|[upkeep]
|-damage|p2a: Weezing|0 fnt|[from] Sandstorm
|faint|p2a: Weezing
|-end|p2a: Weezing|ability: Neutralizing Gas
|upkeep
|
|t:|1743876513
|switch|p2a: Zamazenta|Zamazenta|100/100
|-ability|p2a: Zamazenta|Dauntless Shield|boost
|-boost|p2a: Zamazenta|def|1
|turn|32
|
|t:|1743876519
|switch|p1a: Alomomola|Alomomola, M, shiny|100/100
|move|p2a: Zamazenta|Close Combat|p1a: Alomomola
|-crit|p1a: Alomomola
|-damage|p1a: Alomomola|31/100
|-unboost|p2a: Zamazenta|def|1
|-unboost|p2a: Zamazenta|spd|1
|-damage|p2a: Zamazenta|91/100|[from] item: Life Orb
|
|-weather|none
|upkeep
|turn|33
|
|t:|1743876524
|switch|p2a: Enamorus|Enamorus, F|33/100
|move|p1a: Alomomola|Protect||[still]
|-fail|p1a: Alomomola
|
|upkeep
|turn|34
|
|t:|1743876531
|-terastallize|p2a: Enamorus|Ghost
|move|p1a: Alomomola|Protect|p1a: Alomomola
|-singleturn|p1a: Alomomola|Protect
|move|p2a: Enamorus|Shadow Ball|p1a: Alomomola
|-activate|p1a: Alomomola|move: Protect
|
|upkeep
|turn|35
|
|t:|1743876537
|switch|p1a: Tyranitar|Tyranitar, M|52/100
|-weather|Sandstorm|[from] ability: Sand Stream|[of] p1a: Tyranitar
|move|p2a: Enamorus|Shadow Ball|p1a: Tyranitar
|-resisted|p1a: Tyranitar
|-damage|p1a: Tyranitar|36/100
|
|-weather|Sandstorm|[upkeep]
|-damage|p2a: Enamorus|27/100|[from] Sandstorm
|upkeep
|turn|36
|
|t:|1743876544
|switch|p2a: Alomomola|Alomomola, M|100/100
|move|p1a: Tyranitar|Knock Off|p2a: Alomomola
|-damage|p2a: Alomomola|72/100
|-enditem|p2a: Alomomola|Assault Vest|[from] move: Knock Off|[of] p1a: Tyranitar
|
|-weather|Sandstorm|[upkeep]
|-damage|p2a: Alomomola|65/100|[from] Sandstorm
|upkeep
|turn|37
|
|t:|1743876548
|move|p2a: Alomomola|Flip Turn|p1a: Tyranitar
|-supereffective|p1a: Tyranitar
|-damage|p1a: Tyranitar|10/100
|
|t:|1743876553
|switch|p2a: Enamorus|Enamorus, F|100/100|[from] Flip Turn
|move|p1a: Tyranitar|Stealth Rock|p2a: Enamorus
|-sidestart|p2: Rocktar Made|move: Stealth Rock
|
|-weather|Sandstorm|[upkeep]
|-damage|p2a: Enamorus|94/100|[from] Sandstorm
|upkeep
|turn|38
|
|t:|1743876558
|switch|p1a: Clodsire|Clodsire, F|100/100
|move|p2a: Enamorus|Moonblast|p1a: Clodsire
|-resisted|p1a: Clodsire
|-damage|p1a: Clodsire|83/100
|
|-weather|Sandstorm|[upkeep]
|-damage|p2a: Enamorus|88/100|[from] Sandstorm
|upkeep
|turn|39
|
|t:|1743876561
|switch|p2a: Alomomola|Alomomola, M|99/100
|-damage|p2a: Alomomola|86/100|[from] Stealth Rock
|move|p1a: Clodsire|Toxic|p2a: Alomomola
|-status|p2a: Alomomola|tox
|
|-weather|none
|-damage|p2a: Alomomola|80/100 tox|[from] psn
|upkeep
|turn|40
|
|t:|1743876563
|move|p2a: Alomomola|Flip Turn|p1a: Clodsire
|-supereffective|p1a: Clodsire
|-damage|p1a: Clodsire|54/100
|
|t:|1743876566
|switch|p2a: Zamazenta|Zamazenta|91/100|[from] Flip Turn
|-damage|p2a: Zamazenta|84/100|[from] Stealth Rock
|move|p1a: Clodsire|Toxic|p2a: Zamazenta
|-status|p2a: Zamazenta|tox
|
|-damage|p2a: Zamazenta|78/100 tox|[from] psn
|upkeep
|turn|41
|
|t:|1743876570
|move|p2a: Zamazenta|Crunch|p1a: Clodsire
|-damage|p1a: Clodsire|26/100
|-damage|p2a: Zamazenta|68/100 tox|[from] item: Life Orb
|move|p1a: Clodsire|Recover|p1a: Clodsire
|-heal|p1a: Clodsire|77/100
|
|-damage|p2a: Zamazenta|56/100 tox|[from] psn
|upkeep
|turn|42
|
|t:|1743876573
|switch|p1a: Clefable|Clefable, F|74/100 brn
|move|p2a: Zamazenta|Crunch|p1a: Clefable
|-resisted|p1a: Clefable
|-damage|p1a: Clefable|61/100 brn
|-damage|p2a: Zamazenta|46/100 tox|[from] item: Life Orb
|
|-damage|p2a: Zamazenta|28/100 tox|[from] psn
|upkeep
|turn|43
|
|t:|1743876575
|move|p2a: Zamazenta|Heavy Slam|p1a: Clefable
|-supereffective|p1a: Clefable
|-damage|p1a: Clefable|0 fnt
|faint|p1a: Clefable
|-damage|p2a: Zamazenta|18/100 tox|[from] item: Life Orb
|
|-damage|p2a: Zamazenta|0 fnt|[from] psn
|faint|p2a: Zamazenta
|upkeep
|
|t:|1743876582
|switch|p2a: Enamorus|Enamorus, F, tera:Ghost|27/100
|switch|p1a: Tyranitar|Tyranitar, M|10/100
|-damage|p2a: Enamorus|15/100|[from] Stealth Rock
|-weather|Sandstorm|[from] ability: Sand Stream|[of] p1a: Tyranitar
|turn|44
|
|t:|1743876593
|switch|p1a: Hydrapple|Hydrapple, M|100/100
|move|p2a: Enamorus|Shadow Ball|p1a: Hydrapple
|-damage|p1a: Hydrapple|25/100
|
|-weather|Sandstorm|[upkeep]
|-damage|p2a: Enamorus|9/100|[from] Sandstorm
|-damage|p1a: Hydrapple|19/100|[from] Sandstorm
|upkeep
|turn|45
|
|t:|1743876597
|switch|p2a: Alomomola|Alomomola, M|100/100 tox
|-damage|p2a: Alomomola|88/100 tox|[from] Stealth Rock
|switch|p1a: Tyranitar|Tyranitar, M|10/100
|
|-weather|Sandstorm|[upkeep]
|-damage|p2a: Alomomola|82/100 tox|[from] Sandstorm
|-damage|p2a: Alomomola|76/100 tox|[from] psn
|upkeep
|turn|46
|
|t:|1743876601
|switch|p1a: Hydrapple|Hydrapple, M|52/100
|move|p2a: Alomomola|Flip Turn|p1a: Hydrapple
|-resisted|p1a: Hydrapple
|-damage|p1a: Hydrapple|50/100
|
|t:|1743876603
|switch|p2a: Enamorus|Enamorus, F|88/100|[from] Flip Turn
|-damage|p2a: Enamorus|63/100|[from] Stealth Rock
|
|-weather|Sandstorm|[upkeep]
|-damage|p2a: Enamorus|57/100|[from] Sandstorm
|-damage|p1a: Hydrapple|43/100|[from] Sandstorm
|upkeep
|turn|47
|
|t:|1743876608
|switch|p1a: Skarmory|Skarmory, F|100/100
|move|p2a: Enamorus|Healing Wish|p2a: Enamorus
|faint|p2a: Enamorus
|
|-weather|Sandstorm|[upkeep]
|upkeep
|
|t:|1743876609
|switch|p2a: Alomomola|Alomomola, M, tera:Ghost|9/100
|-heal|p2a: Alomomola|100/100|[from] move: Healing Wish
|-damage|p2a: Alomomola|88/100|[from] Stealth Rock
|turn|48
|
|t:|1743876623
|move|p2a: Alomomola|Shadow Ball|p1a: Skarmory
|-ability|p1a: Skarmory|Sturdy
|-damage|p1a: Skarmory|1/100
|move|p1a: Skarmory|Roost|p1a: Skarmory
|-heal|p1a: Skarmory|51/100
|-singleturn|p1a: Skarmory|move: Roost
|
|-weather|none
|upkeep
|turn|49
|
|t:|1743876625
|move|p2a: Alomomola|Shadow Ball|p1a: Skarmory
|-damage|p1a: Skarmory|0 fnt
|faint|p1a: Skarmory
|
|upkeep
|
|t:|1743876634
|switch|p1a: Clodsire|Clodsire, F|77/100
|turn|50
|
|t:|1743876636
|-terastallize|p1a: Clodsire|Dark
|move|p2a: Alomomola|Shadow Ball|p1a: Clodsire
|-resisted|p1a: Clodsire
|-damage|p1a: Clodsire|49/100
|move|p1a: Clodsire|Toxic|p2a: Alomomola
|-status|p2a: Alomomola|tox
|
|-damage|p2a: Alomomola|82/100 tox|[from] psn
|upkeep
|turn|51
|
|t:|1743876640
|switch|p2a: Alomomola|Alomomola, M|100/100 tox
|-damage|p2a: Alomomola|88/100 tox|[from] Stealth Rock
|move|p1a: Clodsire|Recover|p1a: Clodsire
|-heal|p1a: Clodsire|99/100
|
|-damage|p2a: Alomomola|82/100 tox|[from] psn
|upkeep
|turn|52
|
|t:|1743876644
|move|p2a: Alomomola|Play Rough|p1a: Clodsire
|-supereffective|p1a: Clodsire
|-damage|p1a: Clodsire|74/100
|move|p1a: Clodsire|Rock Tomb|p2a: Alomomola
|-damage|p2a: Alomomola|75/100 tox
|-unboost|p2a: Alomomola|spe|1
|
|-damage|p2a: Alomomola|62/100 tox|[from] psn
|upkeep
|turn|53
|
|t:|1743876651
|switch|p1a: Alomomola|Alomomola, M, shiny|64/100
|move|p2a: Alomomola|Flip Turn|p1a: Alomomola
|-resisted|p1a: Alomomola
|-crit|p1a: Alomomola
|-damage|p1a: Alomomola|57/100
|
|t:|1743876653
|switch|p2a: Alomomola|Alomomola, M, tera:Ghost|82/100 tox|[from] Flip Turn
|-damage|p2a: Alomomola|70/100 tox|[from] Stealth Rock
|
|-damage|p2a: Alomomola|64/100 tox|[from] psn
|upkeep
|turn|54
|
|t:|1743876656
|move|p1a: Alomomola|Protect|p1a: Alomomola
|-singleturn|p1a: Alomomola|Protect
|move|p2a: Alomomola|Hyper Voice|p1a: Alomomola
|-activate|p1a: Alomomola|move: Protect
|
|-damage|p2a: Alomomola|52/100 tox|[from] psn
|upkeep
|turn|55
|
|t:|1743876661
|move|p2a: Alomomola|Hyper Voice|p1a: Alomomola
|-damage|p1a: Alomomola|0 fnt
|faint|p1a: Alomomola
|
|-damage|p2a: Alomomola|34/100 tox|[from] psn
|upkeep
|
|t:|1743876670
|switch|p1a: Clodsire|Clodsire, F, tera:Dark|74/100
|turn|56
|
|t:|1743876674
|move|p2a: Alomomola|Hyper Voice|p1a: Clodsire
|-damage|p1a: Clodsire|31/100
|move|p1a: Clodsire|Recover|p1a: Clodsire
|-heal|p1a: Clodsire|81/100
|
|-damage|p2a: Alomomola|10/100 tox|[from] psn
|upkeep
|turn|57
|-message|Rocktar Made forfeited.
|
|win|okfernankk
|raw|okfernankk's rating: 1609 &rarr; <strong>1641</strong><br />(+32 for winning)
|raw|Rocktar Made's rating: 1837 &rarr; <strong>1805</strong><br />(-32 for losing)
|l|☆okfernankk
|player|p1|
