|j|☆vryfast
|j|☆Tkats
|t:|1743917698
|gametype|singles
|player|p1|vryfast|unknown|1227
|player|p2|Tkats|karen|1188
|teamsize|p1|6
|teamsize|p2|6
|gen|9
|tier|[Gen 9] OU
|rated|
|rule|HP Percentage Mod: HP is shown in percentages
|rule|Endless Battle Clause: Forcing endless battles is banned
|rule|Species Clause: Limit one of each Pokémon
|rule|OHKO Clause: OHKO moves are banned
|rule|Evasion Items Clause: Evasion items are banned
|rule|Evasion Moves Clause: Evasion moves are banned
|rule|Sleep Moves Clause: Sleep-inducing moves are banned
|clearpoke
|poke|p1|Emboar, M|
|poke|p1|Landorus-Therian, M|
|poke|p1|Weavile, F|
|poke|p1|Latios, M|
|poke|p1|Typhlosion-Hisui, F|
|poke|p1|Mandibuzz, F|
|poke|p2|Shiftry, M|
|poke|p2|Gallade, M|
|poke|p2|Oricorio-Sensu, F|
|poke|p2|Ninetales-Alola, F|
|poke|p2|Cinderace, F|
|poke|p2|Tatsugiri-Droopy, M|
|teampreview
|inactive|Battle timer is ON: inactive players will automatically lose when time's up. (requested by vryfast)
|inactive|vryfast has 120 seconds left.
|
|t:|1743917734
|start
|switch|p1a: Mandibuzz|Mandibuzz, F|100/100
|switch|p2a: Ninetales|Ninetales-Alola, F|100/100
|-weather|Snowscape|[from] ability: Snow Warning|[of] p2a: Ninetales
|turn|1
|
|t:|1743917744
|move|p2a: Ninetales|Aurora Veil|p2a: Ninetales
|-sidestart|p2: Tkats|move: Aurora Veil
|move|p1a: Mandibuzz|Toxic|p2a: Ninetales
|-status|p2a: Ninetales|tox
|
|-weather|Snowscape|[upkeep]
|-damage|p2a: Ninetales|94/100 tox|[from] psn
|upkeep
|turn|2
|
|t:|1743917762
|move|p2a: Ninetales|Freeze-Dry|p1a: Mandibuzz
|-supereffective|p1a: Mandibuzz
|-damage|p1a: Mandibuzz|72/100
|-status|p1a: Mandibuzz|frz
|cant|p1a: Mandibuzz|frz
|
|-weather|Snowscape|[upkeep]
|-damage|p2a: Ninetales|82/100 tox|[from] psn
|upkeep
|turn|3
|
|t:|1743917777
|switch|p2a: Cinderace|Cinderace, F|100/100
|cant|p1a: Mandibuzz|frz
|
|-weather|Snowscape|[upkeep]
|upkeep
|turn|4
|
|t:|1743917785
|move|p2a: Cinderace|Iron Head|p1a: Mandibuzz
|-start|p2a: Cinderace|typechange|Steel|[from] ability: Libero
|-crit|p1a: Mandibuzz
|-damage|p1a: Mandibuzz|13/100 frz
|cant|p1a: Mandibuzz|frz
|
|-weather|Snowscape|[upkeep]
|upkeep
|turn|5
|
|t:|1743917794
|move|p2a: Cinderace|Iron Head|p1a: Mandibuzz
|-damage|p1a: Mandibuzz|0 fnt
|faint|p1a: Mandibuzz
|
|-weather|none
|upkeep
|
|t:|1743917798
|switch|p1a: Typhlosion|Typhlosion-Hisui, F|100/100
|-item|p2a: Cinderace|Choice Band|[from] ability: Frisk|[of] p1a: Typhlosion
|turn|6
|
|t:|1743917808
|switch|p2a: Tatsugiri|Tatsugiri-Droopy, M|100/100
|-terastallize|p1a: Typhlosion|Fire
|move|p1a: Typhlosion|Eruption|p2a: Tatsugiri
|-resisted|p2a: Tatsugiri
|-damage|p2a: Tatsugiri|89/100
|
|upkeep
|turn|7
|
|t:|1743917826
|switch|p1a: Latios|Latios, M, shiny|100/100
|move|p2a: Tatsugiri|Hydro Pump|p1a: Latios|[miss]
|-miss|p2a: Tatsugiri|p1a: Latios
|
|upkeep
|turn|8
|
|t:|1743917838
|move|p1a: Latios|Luster Purge|p2a: Tatsugiri
|-damage|p2a: Tatsugiri|67/100
|move|p2a: Tatsugiri|Draco Meteor|p1a: Latios
|-supereffective|p1a: Latios
|-damage|p1a: Latios|0 fnt
|-unboost|p2a: Tatsugiri|spa|2
|faint|p1a: Latios
|
|-sideend|p2: Tkats|move: Aurora Veil
|upkeep
|
|t:|1743917853
|switch|p1a: Emboar|Emboar, M|100/100
|turn|9
|
|t:|1743917859
|move|p2a: Tatsugiri|Hydro Pump|p1a: Emboar
|-supereffective|p1a: Emboar
|-crit|p1a: Emboar
|-enditem|p1a: Emboar|Focus Sash
|-damage|p1a: Emboar|1/100
|move|p1a: Emboar|Bulk Up|p1a: Emboar
|-boost|p1a: Emboar|atk|1
|-boost|p1a: Emboar|def|1
|
|upkeep
|turn|10
|
|t:|1743917870
|move|p2a: Tatsugiri|Rapid Spin|p1a: Emboar
|-damage|p1a: Emboar|0 fnt
|-boost|p2a: Tatsugiri|spe|1
|faint|p1a: Emboar
|
|upkeep
|
|t:|1743917894
|switch|p1a: Weavile|Weavile, F|100/100
|-ability|p1a: Weavile|Pressure
|turn|11
|
|t:|1743917902
|switch|p2a: Ninetales|Ninetales-Alola, F|82/100 tox
|-weather|Snowscape|[from] ability: Snow Warning|[of] p2a: Ninetales
|move|p1a: Weavile|Knock Off|p2a: Ninetales
|-resisted|p2a: Ninetales
|-crit|p2a: Ninetales
|-damage|p2a: Ninetales|51/100 tox
|-enditem|p2a: Ninetales|Light Clay|[from] move: Knock Off|[of] p1a: Weavile
|
|-weather|Snowscape|[upkeep]
|-damage|p2a: Ninetales|45/100 tox|[from] psn
|upkeep
|turn|12
|
|t:|1743917913
|move|p1a: Weavile|Poison Jab|p2a: Ninetales
|-supereffective|p2a: Ninetales
|-damage|p2a: Ninetales|5/100 tox
|move|p2a: Ninetales|Aurora Veil|p2a: Ninetales
|-sidestart|p2: Tkats|move: Aurora Veil
|
|-weather|Snowscape|[upkeep]
|-damage|p2a: Ninetales|0 fnt|[from] psn
|faint|p2a: Ninetales
|upkeep
|
|t:|1743917928
|switch|p2a: Gallade|Gallade, M|100/100
|turn|13
|
|t:|1743917939
|move|p1a: Weavile|Swords Dance|p1a: Weavile
|-boost|p1a: Weavile|atk|2
|move|p2a: Gallade|Sacred Sword|p1a: Weavile
|-supereffective|p1a: Weavile
|-enditem|p1a: Weavile|Focus Sash
|-damage|p1a: Weavile|1/100
|
|-weather|Snowscape|[upkeep]
|upkeep
|turn|14
|
|t:|1743917957
|switch|p2a: Oricorio|Oricorio-Sensu, F|100/100
|move|p1a: Weavile|Knock Off|p2a: Oricorio
|-supereffective|p2a: Oricorio
|-damage|p2a: Oricorio|0 fnt
|-enditem|p2a: Oricorio|Mirror Herb|[from] move: Knock Off|[of] p1a: Weavile
|faint|p2a: Oricorio
|
|-weather|Snowscape|[upkeep]
|upkeep
|inactive|Tkats has 120 seconds left.
|
|t:|1743917987
|switch|p2a: Shiftry|Shiftry, M|100/100
|turn|15
|
|t:|1743918003
|move|p1a: Weavile|Ice Spinner|p2a: Shiftry
|-supereffective|p2a: Shiftry
|-enditem|p2a: Shiftry|Focus Sash
|-damage|p2a: Shiftry|1/100
|move|p2a: Shiftry|Leaf Blade|p1a: Weavile
|-damage|p1a: Weavile|0 fnt
|faint|p1a: Weavile
|
|-weather|none
|upkeep
|
|t:|1743918014
|switch|p1a: Landorus|Landorus-Therian, M|100/100
|-ability|p1a: Landorus|Intimidate|boost
|-unboost|p2a: Shiftry|atk|1
|turn|16
|
|t:|1743918019
|move|p1a: Landorus|U-turn|p2a: Shiftry
|-supereffective|p2a: Shiftry
|-damage|p2a: Shiftry|0 fnt
|faint|p2a: Shiftry
|
|t:|1743918028
|switch|p1a: Typhlosion|Typhlosion-Hisui, F, tera:Fire|100/100|[from] U-turn
|
|-sideend|p2: Tkats|move: Aurora Veil
|upkeep
|
|t:|1743918037
|switch|p2a: Tatsugiri|Tatsugiri-Droopy, M|67/100
|turn|17
|
|t:|1743918055
|switch|p1a: Landorus|Landorus-Therian, M|100/100
|-ability|p1a: Landorus|Intimidate|boost
|-unboost|p2a: Tatsugiri|atk|1
|move|p2a: Tatsugiri|Hydro Pump|p1a: Landorus
|-supereffective|p1a: Landorus
|-damage|p1a: Landorus|0 fnt
|faint|p1a: Landorus
|
|upkeep
|
|t:|1743918063
|switch|p1a: Typhlosion|Typhlosion-Hisui, F, tera:Fire|100/100
|-item|p2a: Tatsugiri|Assault Vest|[from] ability: Frisk|[of] p1a: Typhlosion
|turn|18
|
|t:|1743918072
|move|p1a: Typhlosion|Eruption|p2a: Tatsugiri
|-resisted|p2a: Tatsugiri
|-damage|p2a: Tatsugiri|43/100
|move|p2a: Tatsugiri|Hydro Pump|p1a: Typhlosion
|-supereffective|p1a: Typhlosion
|-damage|p1a: Typhlosion|0 fnt
|faint|p1a: Typhlosion
|
|win|Tkats
|raw|vryfast's rating: 1227 &rarr; <strong>1199</strong><br />(-28 for losing)
|raw|Tkats's rating: 1188 &rarr; <strong>1216</strong><br />(+28 for winning)
|c|☆Tkats|Gg
|l|☆Tkats
|player|p2|
|l|☆vryfast
|player|p1|
