|j|☆just4funzzz
|j|☆naotokuro
|t:|1743841941
|gametype|singles
|player|p1|just4funzzz|170|1149
|player|p2|naotokuro|266|1085
|teamsize|p1|6
|teamsize|p2|6
|gen|9
|tier|[Gen 9] OU
|rated|
|rule|HP Percentage Mod: HP is shown in percentages
|rule|Endless Battle Clause: Forcing endless battles is banned
|rule|Species Clause: Limit one of each Pokémon
|rule|OHKO Clause: OHKO moves are banned
|rule|Evasion Items Clause: Evasion items are banned
|rule|Evasion Moves Clause: Evasion moves are banned
|rule|Sleep Moves Clause: Sleep-inducing moves are banned
|clearpoke
|poke|p1|Garganacl, M|
|poke|p1|Weezing-Galar, F|
|poke|p1|Corviknight, M|
|poke|p1|Dragapult, M|
|poke|p1|Slowking-Galar, M|
|poke|p1|Samurott-Hisui, F|
|poke|p2|Sandslash-Alola, M|
|poke|p2|Gardevoir, F|
|poke|p2|Ninetales-Alola, M|
|poke|p2|Charizard, F|
|poke|p2|Blastoise, F|
|poke|p2|Pikachu-Hoenn, M|
|teampreview
|
|t:|1743841961
|start
|switch|p1a: Dr. Garg|Garganacl, M|100/100
|switch|p2a: Gardevoir|Gardevoir, F|100/100
|-ability|p2a: Gardevoir|Purifying Salt|[from] ability: Trace|[of] p1a: Dr. Garg
|turn|1
|
|t:|1743841973
|-terastallize|p2a: Gardevoir|Grass
|move|p2a: Gardevoir|Energy Ball|p1a: Dr. Garg
|-supereffective|p1a: Dr. Garg
|-damage|p1a: Dr. Garg|43/100
|move|p1a: Dr. Garg|Stealth Rock|p2a: Gardevoir
|-sidestart|p2: naotokuro|move: Stealth Rock
|
|-heal|p1a: Dr. Garg|49/100|[from] item: Leftovers
|upkeep
|turn|2
|
|t:|1743841980
|move|p1a: Dr. Garg|Protect|p1a: Dr. Garg
|-singleturn|p1a: Dr. Garg|Protect
|move|p2a: Gardevoir|Energy Ball|p1a: Dr. Garg
|-activate|p1a: Dr. Garg|move: Protect
|
|-heal|p1a: Dr. Garg|55/100|[from] item: Leftovers
|upkeep
|turn|3
|
|t:|1743841993
|switch|p1a: Trudeau-king|Slowking-Galar, M|100/100
|move|p2a: Gardevoir|Energy Ball|p1a: Trudeau-king
|-resisted|p1a: Trudeau-king
|-damage|p1a: Trudeau-king|91/100
|-unboost|p1a: Trudeau-king|spd|1
|
|upkeep
|turn|4
|
|t:|1743842003
|switch|p2a: Ninetales|Ninetales-Alola, M|100/100
|-damage|p2a: Ninetales|76/100|[from] Stealth Rock
|-weather|Snowscape|[from] ability: Snow Warning|[of] p2a: Ninetales
|move|p1a: Trudeau-king|Future Sight|p2a: Ninetales
|-start|p1a: Trudeau-king|move: Future Sight
|
|-weather|Snowscape|[upkeep]
|upkeep
|turn|5
|
|t:|1743842014
|move|p2a: Ninetales|Aurora Veil|p2a: Ninetales
|-sidestart|p2: naotokuro|move: Aurora Veil
|move|p1a: Trudeau-king|Flamethrower|p2a: Ninetales
|-supereffective|p2a: Ninetales
|-damage|p2a: Ninetales|51/100
|
|-weather|Snowscape|[upkeep]
|upkeep
|turn|6
|
|t:|1743842050
|switch|p2a: Pikachu|Pikachu-Hoenn, M|100/100
|-damage|p2a: Pikachu|88/100|[from] Stealth Rock
|switch|p1a: Acupuncturist|Samurott-Hisui, F|100/100
|
|-weather|Snowscape|[upkeep]
|-end|p2a: Pikachu|move: Future Sight
|-damage|p2a: Pikachu|21/100
|upkeep
|turn|7
|
|t:|1743842060
|move|p2a: Pikachu|Fake Out|p1a: Acupuncturist
|-damage|p1a: Acupuncturist|84/100
|cant|p1a: Acupuncturist|flinch
|
|-weather|Snowscape|[upkeep]
|upkeep
|turn|8
|
|t:|1743842066
|move|p1a: Acupuncturist|Ceaseless Edge|p2a: Pikachu
|-damage|p2a: Pikachu|0 fnt
|-sidestart|p2: naotokuro|Spikes
|faint|p2a: Pikachu
|
|-weather|none
|upkeep
|
|t:|1743842073
|switch|p2a: Ninetales|Ninetales-Alola, M|51/100
|-damage|p2a: Ninetales|26/100|[from] Stealth Rock
|-damage|p2a: Ninetales|14/100|[from] Spikes
|-weather|Snowscape|[from] ability: Snow Warning|[of] p2a: Ninetales
|turn|9
|
|t:|1743842077
|move|p1a: Acupuncturist|Ceaseless Edge|p2a: Ninetales
|-resisted|p2a: Ninetales
|-damage|p2a: Ninetales|5/100
|-sidestart|p2: naotokuro|Spikes
|move|p2a: Ninetales|Moonblast|p1a: Acupuncturist
|-supereffective|p1a: Acupuncturist
|-damage|p1a: Acupuncturist|0 fnt
|faint|p1a: Acupuncturist
|
|-weather|Snowscape|[upkeep]
|upkeep
|
|t:|1743842094
|switch|p1a: Trudeau-king|Slowking-Galar, M|100/100
|turn|10
|
|t:|1743842100
|switch|p2a: Sandslash|Sandslash-Alola, M, shiny|100/100
|-damage|p2a: Sandslash|88/100|[from] Stealth Rock
|-damage|p2a: Sandslash|71/100|[from] Spikes
|move|p1a: Trudeau-king|Future Sight|p2a: Sandslash
|-start|p1a: Trudeau-king|move: Future Sight
|
|-weather|Snowscape|[upkeep]
|upkeep
|turn|11
|
|t:|1743842110
|move|p2a: Sandslash|Swords Dance|p2a: Sandslash
|-boost|p2a: Sandslash|atk|2
|move|p1a: Trudeau-king|Flamethrower|p2a: Sandslash
|-supereffective|p2a: Sandslash
|-damage|p2a: Sandslash|5/100
|-enditem|p2a: Sandslash|Red Card|[of] p1a: Trudeau-king
|drag|p1a: Plague Doctor|Corviknight, M|100/100
|-ability|p1a: Plague Doctor|Pressure
|
|-weather|Snowscape|[upkeep]
|upkeep
|turn|12
|
|t:|1743842132
|-terastallize|p1a: Plague Doctor|Fighting
|move|p2a: Sandslash|Icicle Crash|p1a: Plague Doctor
|-damage|p1a: Plague Doctor|52/100
|move|p1a: Plague Doctor|Body Press|p2a: Sandslash
|-supereffective|p2a: Sandslash
|-damage|p2a: Sandslash|0 fnt
|faint|p2a: Sandslash
|
|-weather|Snowscape|[upkeep]
|-hint|Future Sight did not hit because the target is fainted.
|-sideend|p2: naotokuro|move: Aurora Veil
|upkeep
|
|t:|1743842139
|switch|p2a: Ninetales|Ninetales-Alola, M|5/100
|-damage|p2a: Ninetales|0 fnt|[from] Stealth Rock
|faint|p2a: Ninetales
|
|t:|1743842144
|switch|p2a: Gardevoir|Gardevoir, F, tera:Grass|100/100
|-damage|p2a: Gardevoir|88/100|[from] Stealth Rock
|-damage|p2a: Gardevoir|72/100|[from] Spikes
|-ability|p2a: Gardevoir|Pressure
|-ability|p2a: Gardevoir|Pressure|[from] ability: Trace|[of] p1a: Plague Doctor
|turn|13
|
|t:|1743842158
|switch|p1a: Trudeau-king|Slowking-Galar, M|100/100
|move|p2a: Gardevoir|Moonblast|p1a: Trudeau-king
|-resisted|p1a: Trudeau-king
|-damage|p1a: Trudeau-king|90/100
|
|-weather|none
|upkeep
|turn|14
|
|t:|1743842167
|switch|p2a: Blastoise|Blastoise, F|100/100
|-damage|p2a: Blastoise|88/100|[from] Stealth Rock
|-damage|p2a: Blastoise|72/100|[from] Spikes
|move|p1a: Trudeau-king|Future Sight|p2a: Blastoise
|-start|p1a: Trudeau-king|move: Future Sight
|
|upkeep
|turn|15
|inactive|Battle timer is ON: inactive players will automatically lose when time's up. (requested by just4funzzz)
|
|t:|1743842178
|move|p2a: Blastoise|Aqua Ring|p2a: Blastoise
|-start|p2a: Blastoise|Aqua Ring
|move|p1a: Trudeau-king|Psychic Noise|p2a: Blastoise
|-damage|p2a: Blastoise|43/100
|-start|p2a: Blastoise|move: Heal Block
|
|upkeep
|turn|16
|
|t:|1743842185
|move|p2a: Blastoise|Shell Smash|p2a: Blastoise
|-unboost|p2a: Blastoise|def|1
|-unboost|p2a: Blastoise|spd|1
|-boost|p2a: Blastoise|atk|2
|-boost|p2a: Blastoise|spa|2
|-boost|p2a: Blastoise|spe|2
|move|p1a: Trudeau-king|Psychic Noise|p2a: Blastoise
|-crit|p2a: Blastoise
|-damage|p2a: Blastoise|0 fnt
|faint|p2a: Blastoise
|
|-hint|Future Sight did not hit because the target is fainted.
|upkeep
|
|t:|1743842192
|switch|p2a: Gardevoir|Gardevoir, F, tera:Grass|72/100
|-damage|p2a: Gardevoir|59/100|[from] Stealth Rock
|-damage|p2a: Gardevoir|43/100|[from] Spikes
|-ability|p2a: Gardevoir|Regenerator|[from] ability: Trace|[of] p1a: Trudeau-king
|turn|17
|
|t:|1743842199
|move|p2a: Gardevoir|Psychic|p1a: Trudeau-king
|-damage|p1a: Trudeau-king|72/100
|move|p1a: Trudeau-king|Sludge Bomb|p2a: Gardevoir
|-supereffective|p2a: Gardevoir
|-damage|p2a: Gardevoir|0 fnt
|faint|p2a: Gardevoir
|
|upkeep
|
|t:|1743842205
|switch|p2a: Charizard|Charizard, F|100/100
|turn|18
|
|t:|1743842219
|move|p2a: Charizard|Fire Blast|p1a: Trudeau-king
|-damage|p1a: Trudeau-king|50/100
|move|p1a: Trudeau-king|Sludge Bomb|p2a: Charizard
|-damage|p2a: Charizard|54/100
|-status|p2a: Charizard|psn
|
|-damage|p2a: Charizard|41/100 psn|[from] psn
|upkeep
|turn|19
|
|t:|1743842225
|move|p2a: Charizard|Fire Blast|p1a: Trudeau-king
|-damage|p1a: Trudeau-king|28/100
|move|p1a: Trudeau-king|Sludge Bomb|p2a: Charizard
|-damage|p2a: Charizard|0 fnt
|faint|p2a: Charizard
|
|win|just4funzzz
|raw|just4funzzz's rating: 1149 &rarr; <strong>1169</strong><br />(+20 for winning)
|raw|naotokuro's rating: 1085 &rarr; <strong>1066</strong><br />(-19 for losing)
|l|☆naotokuro
|player|p2|
|l|☆just4funzzz
|player|p1|
