|j|☆mio3777
|j|☆VRD4V4
|t:|1743788381
|gametype|singles
|player|p1|mio3777|102|1344
|player|p2|VRD4V4|veteranf|1320
|teamsize|p1|6
|teamsize|p2|6
|gen|9
|tier|[Gen 9] OU
|rated|
|rule|HP Percentage Mod: HP is shown in percentages
|rule|Endless Battle Clause: Forcing endless battles is banned
|rule|Species Clause: Limit one of each Pokémon
|rule|OHKO Clause: OHKO moves are banned
|rule|Evasion Items Clause: Evasion items are banned
|rule|Evasion Moves Clause: Evasion moves are banned
|rule|Sleep Moves Clause: Sleep-inducing moves are banned
|clearpoke
|poke|p1|Glimmora, M|
|poke|p1|Gholdengo|
|poke|p1|Dondozo, F|
|poke|p1|Blissey, F|
|poke|p1|Rotom-Heat|
|poke|p1|Hoopa-Unbound|
|poke|p2|Ogerpon, F|
|poke|p2|Darkrai|
|poke|p2|Tinkaton, F|
|poke|p2|Moltres|
|poke|p2|Primarina, F|
|poke|p2|Ting-Lu|
|teampreview
|inactive|Battle timer is ON: inactive players will automatically lose when time's up. (requested by VRD4V4)
|
|t:|1743788391
|start
|switch|p1a: Hoopa|Hoopa-Unbound|100/100
|switch|p2a: Darkrai|Darkrai|100/100
|turn|1
|
|t:|1743788407
|switch|p1a: Blissey|Blissey, F|100/100
|switch|p2a: Primarina|Primarina, F|100/100
|
|upkeep
|turn|2
|
|t:|1743788413
|move|p2a: Primarina|Moonblast|p1a: Blissey
|-damage|p1a: Blissey|83/100
|move|p1a: Blissey|Trick|p2a: Primarina
|-activate|p1a: Blissey|move: Trick|[of] p2a: Primarina
|-item|p2a: Primarina|Choice Specs|[from] move: Trick
|-item|p1a: Blissey|Assault Vest|[from] move: Trick
|
|upkeep
|turn|3
|
|t:|1743788430
|switch|p1a: Hoopa|Hoopa-Unbound|100/100
|move|p2a: Primarina|Psychic Noise|p1a: Hoopa
|-immune|p1a: Hoopa
|
|upkeep
|turn|4
|
|t:|1743788444
|switch|p2a: Ting-Lu|Ting-Lu|100/100
|-ability|p2a: Ting-Lu|Vessel of Ruin
|move|p1a: Hoopa|Future Sight|p2a: Ting-Lu
|-start|p1a: Hoopa|move: Future Sight
|
|upkeep
|turn|5
|
|t:|1743788459
|switch|p1a: Dondozo|Dondozo, F|100/100
|move|p2a: Ting-Lu|Earthquake|p1a: Dondozo
|-damage|p1a: Dondozo|79/100
|
|upkeep
|turn|6
|
|t:|1743788465
|move|p2a: Ting-Lu|Spikes|p1a: Dondozo
|-sidestart|p1: mio3777|Spikes
|move|p1a: Dondozo|Liquidation|p2a: Ting-Lu
|-supereffective|p2a: Ting-Lu
|-damage|p2a: Ting-Lu|61/100
|
|-end|p2a: Ting-Lu|move: Future Sight
|-immune|p2a: Ting-Lu
|-heal|p2a: Ting-Lu|67/100|[from] item: Leftovers
|upkeep
|turn|7
|
|t:|1743788475
|switch|p2a: Primarina|Primarina, F|100/100
|move|p1a: Dondozo|Curse|p1a: Dondozo
|-unboost|p1a: Dondozo|spe|1
|-boost|p1a: Dondozo|atk|1
|-boost|p1a: Dondozo|def|1
|
|upkeep
|turn|8
|
|t:|1743788483
|switch|p1a: Blissey|Blissey, F|83/100
|-damage|p1a: Blissey|70/100|[from] Spikes
|move|p2a: Primarina|Moonblast|p1a: Blissey
|-damage|p1a: Blissey|55/100
|
|upkeep
|turn|9
|
|t:|1743788491
|move|p2a: Primarina|Moonblast|p1a: Blissey
|-damage|p1a: Blissey|38/100
|move|p1a: Blissey|Ice Beam|p2a: Primarina
|-resisted|p2a: Primarina
|-damage|p2a: Primarina|91/100
|
|upkeep
|turn|10
|
|t:|1743788497
|move|p2a: Primarina|Moonblast|p1a: Blissey
|-damage|p1a: Blissey|22/100
|move|p1a: Blissey|Ice Beam|p2a: Primarina
|-resisted|p2a: Primarina
|-damage|p2a: Primarina|80/100
|
|upkeep
|turn|11
|
|t:|1743788509
|move|p2a: Primarina|Moonblast|p1a: Blissey
|-damage|p1a: Blissey|5/100
|move|p1a: Blissey|Ice Beam|p2a: Primarina
|-resisted|p2a: Primarina
|-damage|p2a: Primarina|70/100
|
|upkeep
|turn|12
|
|t:|1743788515
|move|p2a: Primarina|Moonblast|p1a: Blissey
|-damage|p1a: Blissey|0 fnt
|faint|p1a: Blissey
|
|upkeep
|
|t:|1743788519
|switch|p1a: Glimmora|Glimmora, M|100/100
|-damage|p1a: Glimmora|88/100|[from] Spikes
|turn|13
|
|t:|1743788525
|switch|p2a: Darkrai|Darkrai|100/100
|move|p1a: Glimmora|Mortal Spin|p2a: Darkrai
|-damage|p2a: Darkrai|92/100
|-status|p2a: Darkrai|psn
|-sideend|p1: mio3777|Spikes|[from] move: Mortal Spin|[of] p1a: Glimmora
|
|-damage|p2a: Darkrai|79/100 psn|[from] psn
|upkeep
|turn|14
|
|t:|1743788534
|move|p2a: Darkrai|Dark Pulse|p1a: Glimmora
|-damage|p1a: Glimmora|42/100
|-enditem|p1a: Glimmora|Red Card|[of] p2a: Darkrai
|drag|p2a: Primarina|Primarina, F|70/100
|move|p1a: Glimmora|Stealth Rock|p2a: Primarina
|-sidestart|p2: VRD4V4|move: Stealth Rock
|
|upkeep
|turn|15
|
|t:|1743788545
|switch|p1a: Hoopa|Hoopa-Unbound|100/100
|move|p2a: Primarina|Surf|p1a: Hoopa
|-damage|p1a: Hoopa|32/100
|
|upkeep
|turn|16
|
|t:|1743788561
|switch|p1a: Glimmora|Glimmora, M|42/100
|move|p2a: Primarina|Surf|p1a: Glimmora
|-supereffective|p1a: Glimmora
|-damage|p1a: Glimmora|0 fnt
|faint|p1a: Glimmora
|
|upkeep
|
|t:|1743788568
|switch|p1a: Rotom|Rotom-Heat|100/100
|turn|17
|
|t:|1743788575
|move|p1a: Rotom|Trick|p2a: Primarina
|-activate|p1a: Rotom|move: Trick|[of] p2a: Primarina
|-item|p2a: Primarina|Choice Scarf|[from] move: Trick
|-item|p1a: Rotom|Choice Specs|[from] move: Trick
|move|p2a: Primarina|Surf|p1a: Rotom
|-supereffective|p1a: Rotom
|-damage|p1a: Rotom|0 fnt
|faint|p1a: Rotom
|
|upkeep
|-message|mio3777 forfeited.
|
|win|VRD4V4
|raw|mio3777's rating: 1344 &rarr; <strong>1323</strong><br />(-21 for losing)
|raw|VRD4V4's rating: 1320 &rarr; <strong>1341</strong><br />(+21 for winning)
|l|☆mio3777
|player|p1|
