|j|☆Punfy
|j|☆Urfi Man
|t:|1743847754
|gametype|singles
|player|p1|Punfy|bruno|1129
|player|p2|Urfi Man|101|1188
|teamsize|p1|6
|teamsize|p2|6
|gen|9
|tier|[Gen 9] OU
|rated|
|rule|HP Percentage Mod: HP is shown in percentages
|rule|Endless Battle Clause: Forcing endless battles is banned
|rule|Species Clause: Limit one of each Pokémon
|rule|OHKO Clause: OHKO moves are banned
|rule|Evasion Items Clause: Evasion items are banned
|rule|Evasion Moves Clause: Evasion moves are banned
|rule|Sleep Moves Clause: Sleep-inducing moves are banned
|clearpoke
|poke|p1|Zamazenta-*|
|poke|p1|Scraggy, M|
|poke|p1|Samurott-Hisui, F|
|poke|p1|Landorus-Therian, M|
|poke|p1|Iron Valiant|
|poke|p1|Iron Moth|
|poke|p2|Ceruledge, M|
|poke|p2|Ninetales, M|
|poke|p2|Leavanny, F|
|poke|p2|Great Tusk|
|poke|p2|Walking Wake|
|poke|p2|Raging Bolt|
|teampreview
|inactive|Battle timer is ON: inactive players will automatically lose when time's up. (requested by Urfi Man)
|inactive|Urfi Man has 120 seconds left.
|
|t:|1743847797
|start
|switch|p1a: Samurott|Samurott-Hisui, F|100/100
|switch|p2a: Ninetales|Ninetales, M|100/100
|-weather|SunnyDay|[from] ability: Drought|[of] p2a: Ninetales
|turn|1
|
|t:|1743847804
|switch|p2a: Leavanny|Leavanny, F|100/100
|move|p1a: Samurott|Ceaseless Edge|p2a: Leavanny
|-damage|p2a: Leavanny|33/100
|-sidestart|p2: Urfi Man|Spikes
|
|-weather|SunnyDay|[upkeep]
|upkeep
|turn|2
|
|t:|1743847811
|move|p2a: Leavanny|Leaf Storm|p1a: Samurott
|-supereffective|p1a: Samurott
|-crit|p1a: Samurott
|-enditem|p1a: Samurott|Focus Sash
|-damage|p1a: Samurott|1/100
|-unboost|p2a: Leavanny|spa|2
|-enditem|p2a: Leavanny|Eject Pack
|
|t:|1743847827
|switch|p2a: Great Tusk|Great Tusk|100/100
|-activate|p2a: Great Tusk|ability: Protosynthesis
|-start|p2a: Great Tusk|protosynthesisatk
|move|p1a: Samurott|Ceaseless Edge|p2a: Great Tusk
|-resisted|p2a: Great Tusk
|-damage|p2a: Great Tusk|83/100
|-sidestart|p2: Urfi Man|Spikes
|
|-weather|SunnyDay|[upkeep]
|upkeep
|turn|3
|
|t:|1743847841
|-terastallize|p1a: Samurott|Ghost
|move|p2a: Great Tusk|Rapid Spin|p1a: Samurott
|-immune|p1a: Samurott
|move|p1a: Samurott|Razor Shell|p2a: Great Tusk
|-supereffective|p2a: Great Tusk
|-damage|p2a: Great Tusk|40/100
|
|-weather|SunnyDay|[upkeep]
|upkeep
|turn|4
|
|t:|1743847860
|move|p2a: Great Tusk|Temper Flare|p1a: Samurott
|-damage|p1a: Samurott|0 fnt
|faint|p1a: Samurott
|
|-weather|SunnyDay|[upkeep]
|upkeep
|
|t:|1743847870
|switch|p1a: Iron Valiant|Iron Valiant|100/100
|-enditem|p1a: Iron Valiant|Booster Energy
|-activate|p1a: Iron Valiant|ability: Quark Drive|[fromitem]
|-start|p1a: Iron Valiant|quarkdrivespe
|turn|5
|
|t:|1743847880
|move|p1a: Iron Valiant|Moonblast|p2a: Great Tusk
|-supereffective|p2a: Great Tusk
|-damage|p2a: Great Tusk|0 fnt
|faint|p2a: Great Tusk
|-end|p2a: Great Tusk|Protosynthesis|[silent]
|
|-weather|SunnyDay|[upkeep]
|upkeep
|
|t:|1743847897
|switch|p2a: Ceruledge|Ceruledge, M|100/100
|-damage|p2a: Ceruledge|84/100|[from] Spikes
|turn|6
|
|t:|1743847923
|-end|p1a: Iron Valiant|Quark Drive|[silent]
|switch|p1a: Scraggy|Scraggy, M|100/100
|-ability|p1a: Scraggy|Intimidate|boost
|-unboost|p2a: Ceruledge|atk|1
|move|p2a: Ceruledge|Bitter Blade|p1a: Scraggy
|-damage|p1a: Scraggy|48/100
|-heal|p2a: Ceruledge|100/100|[from] drain|[of] p1a: Scraggy
|
|-weather|SunnyDay|[upkeep]
|upkeep
|turn|7
|
|t:|1743847934
|move|p2a: Ceruledge|Bitter Blade|p1a: Scraggy
|-damage|p1a: Scraggy|0 fnt
|faint|p1a: Scraggy
|
|-weather|SunnyDay|[upkeep]
|upkeep
|
|t:|1743847946
|switch|p1a: Landorus|Landorus-Therian, M|100/100
|-ability|p1a: Landorus|Intimidate|boost
|-unboost|p2a: Ceruledge|atk|1
|turn|8
|
|t:|1743847958
|switch|p2a: Walking Wake|Walking Wake|100/100
|-damage|p2a: Walking Wake|84/100|[from] Spikes
|-activate|p2a: Walking Wake|ability: Protosynthesis
|-start|p2a: Walking Wake|protosynthesisspa
|move|p1a: Landorus|Earthquake|p2a: Walking Wake
|-damage|p2a: Walking Wake|30/100
|
|-weather|none
|-end|p2a: Walking Wake|Protosynthesis
|upkeep
|turn|9
|
|t:|1743847971
|switch|p1a: Zamazenta|Zamazenta|100/100
|-ability|p1a: Zamazenta|Dauntless Shield|boost
|-boost|p1a: Zamazenta|def|1
|move|p2a: Walking Wake|Hydro Steam|p1a: Zamazenta
|-damage|p1a: Zamazenta|49/100
|
|-heal|p1a: Zamazenta|55/100|[from] item: Leftovers
|upkeep
|turn|10
|
|t:|1743847983
|move|p1a: Zamazenta|Body Press|p2a: Walking Wake
|-damage|p2a: Walking Wake|0 fnt
|faint|p2a: Walking Wake
|-end|p2a: Walking Wake|Protosynthesis|[silent]
|
|-heal|p1a: Zamazenta|62/100|[from] item: Leftovers
|upkeep
|
|t:|1743847990
|switch|p2a: Ninetales|Ninetales, M|100/100
|-damage|p2a: Ninetales|84/100|[from] Spikes
|-weather|SunnyDay|[from] ability: Drought|[of] p2a: Ninetales
|turn|11
|
|t:|1743847996
|move|p1a: Zamazenta|Body Press|p2a: Ninetales
|-damage|p2a: Ninetales|28/100
|move|p2a: Ninetales|Weather Ball|p1a: Zamazenta
|-damage|p1a: Zamazenta|27/100
|
|-weather|SunnyDay|[upkeep]
|-heal|p1a: Zamazenta|33/100|[from] item: Leftovers
|upkeep
|turn|12
|
|t:|1743848002
|move|p1a: Zamazenta|Body Press|p2a: Ninetales
|-damage|p2a: Ninetales|0 fnt
|faint|p2a: Ninetales
|
|-weather|SunnyDay|[upkeep]
|-heal|p1a: Zamazenta|39/100|[from] item: Leftovers
|upkeep
|
|t:|1743848017
|switch|p2a: Raging Bolt|Raging Bolt|100/100
|-damage|p2a: Raging Bolt|84/100|[from] Spikes
|-activate|p2a: Raging Bolt|ability: Protosynthesis
|-start|p2a: Raging Bolt|protosynthesisspa
|turn|13
|
|t:|1743848029
|switch|p1a: Landorus|Landorus-Therian, M|100/100
|-ability|p1a: Landorus|Intimidate|boost
|-unboost|p2a: Raging Bolt|atk|1
|move|p2a: Raging Bolt|Calm Mind|p2a: Raging Bolt
|-boost|p2a: Raging Bolt|spa|1
|-boost|p2a: Raging Bolt|spd|1
|
|-weather|SunnyDay|[upkeep]
|-heal|p2a: Raging Bolt|90/100|[from] item: Leftovers
|upkeep
|turn|14
|
|t:|1743848042
|move|p1a: Landorus|Earthquake|p2a: Raging Bolt
|-supereffective|p2a: Raging Bolt
|-damage|p2a: Raging Bolt|4/100
|move|p2a: Raging Bolt|Dragon Pulse|p1a: Landorus
|-damage|p1a: Landorus|0 fnt
|faint|p1a: Landorus
|
|-weather|SunnyDay|[upkeep]
|-heal|p2a: Raging Bolt|10/100|[from] item: Leftovers
|upkeep
|
|t:|1743848050
|switch|p1a: Iron Moth|Iron Moth|100/100
|-enditem|p1a: Iron Moth|Booster Energy
|-activate|p1a: Iron Moth|ability: Quark Drive|[fromitem]
|-start|p1a: Iron Moth|quarkdrivespe
|turn|15
|
|t:|1743848058
|move|p2a: Raging Bolt|Thunderclap|p1a: Iron Moth
|-damage|p1a: Iron Moth|15/100
|move|p1a: Iron Moth|Fiery Dance|p2a: Raging Bolt
|-resisted|p2a: Raging Bolt
|-damage|p2a: Raging Bolt|0 fnt
|faint|p2a: Raging Bolt
|-end|p2a: Raging Bolt|Protosynthesis|[silent]
|
|-weather|SunnyDay|[upkeep]
|upkeep
|
|t:|1743848065
|switch|p2a: Leavanny|Leavanny, F|33/100
|-damage|p2a: Leavanny|17/100|[from] Spikes
|turn|16
|
|t:|1743848072
|move|p2a: Leavanny|Triple Axel|p1a: Iron Moth
|-resisted|p1a: Iron Moth
|-damage|p1a: Iron Moth|10/100
|-resisted|p1a: Iron Moth
|-damage|p1a: Iron Moth|3/100
|-resisted|p1a: Iron Moth
|-damage|p1a: Iron Moth|0 fnt
|faint|p1a: Iron Moth
|-end|p1a: Iron Moth|Quark Drive|[silent]
|-hitcount|p1: Iron Moth|3
|
|-weather|SunnyDay|[upkeep]
|upkeep
|
|t:|1743848094
|switch|p1a: Iron Valiant|Iron Valiant|100/100
|turn|17
|
|t:|1743848102
|move|p2a: Leavanny|Leaf Storm|p1a: Iron Valiant
|-damage|p1a: Iron Valiant|32/100
|-unboost|p2a: Leavanny|spa|2
|move|p1a: Iron Valiant|Moonblast|p2a: Leavanny
|-damage|p2a: Leavanny|0 fnt
|faint|p2a: Leavanny
|
|-weather|SunnyDay|[upkeep]
|upkeep
|
|t:|1743848106
|switch|p2a: Ceruledge|Ceruledge, M|100/100
|-damage|p2a: Ceruledge|84/100|[from] Spikes
|turn|18
|
|t:|1743848123
|-terastallize|p2a: Ceruledge|Grass
|move|p1a: Iron Valiant|Moonblast|p2a: Ceruledge
|-damage|p2a: Ceruledge|27/100
|-unboost|p2a: Ceruledge|spa|1
|move|p2a: Ceruledge|Solar Blade||[still]
|-prepare|p2a: Ceruledge|Solar Blade
|-anim|p2a: Ceruledge|Solar Blade|p1a: Iron Valiant
|-damage|p1a: Iron Valiant|0 fnt
|faint|p1a: Iron Valiant
|-end|p1a: Iron Valiant|Quark Drive|[silent]
|
|-weather|none
|upkeep
|
|t:|1743848129
|switch|p1a: Zamazenta|Zamazenta|39/100
|turn|19
|
|t:|1743848135
|move|p2a: Ceruledge|Shadow Sneak|p1a: Zamazenta
|-damage|p1a: Zamazenta|24/100
|move|p1a: Zamazenta|Body Press|p2a: Ceruledge
|-damage|p2a: Ceruledge|0 fnt
|faint|p2a: Ceruledge
|
|win|Punfy
|raw|Punfy's rating: 1129 &rarr; <strong>1158</strong><br />(+29 for winning)
|raw|Urfi Man's rating: 1188 &rarr; <strong>1159</strong><br />(-29 for losing)
|l|☆Urfi Man
|player|p2|
|l|☆Punfy
|player|p1|
