|j|☆RoutesReborn
|j|☆Idk653
|t:|1743823255
|gametype|singles
|player|p1|RoutesReborn|volkner|1266
|player|p2|Idk653|169|1233
|teamsize|p1|6
|teamsize|p2|6
|gen|9
|tier|[Gen 9] OU
|rated|
|rule|HP Percentage Mod: HP is shown in percentages
|rule|Endless Battle Clause: Forcing endless battles is banned
|rule|Species Clause: Limit one of each Pokémon
|rule|OHKO Clause: OHKO moves are banned
|rule|Evasion Items Clause: Evasion items are banned
|rule|Evasion Moves Clause: Evasion moves are banned
|rule|Sleep Moves Clause: Sleep-inducing moves are banned
|clearpoke
|poke|p1|Slowking-Galar, F|
|poke|p1|Landorus-Therian, M|
|poke|p1|Raging Bolt|
|poke|p1|Iron Valiant|
|poke|p1|Cinderace, F|
|poke|p1|Cacturne, M|
|poke|p2|Ogerpon-Wellspring, F|
|poke|p2|Scizor, M|
|poke|p2|Hatterene, F|
|poke|p2|Zamazenta-*|
|poke|p2|Ting-Lu|
|poke|p2|Thundurus-Therian, M|
|teampreview
|inactive|Battle timer is ON: inactive players will automatically lose when time's up. (requested by RoutesReborn)
|
|t:|1743823271
|start
|switch|p1a: Cacturne|Cacturne, M|100/100
|switch|p2a: Zamazenta|Zamazenta|100/100
|-ability|p2a: Zamazenta|Dauntless Shield|boost
|-boost|p2a: Zamazenta|def|1
|turn|1
|
|t:|1743823282
|switch|p2a: Hatterene|Hatterene, F|100/100
|move|p1a: Cacturne|Counter||[still]
|-fail|p1a: Cacturne
|
|upkeep
|turn|2
|
|t:|1743823312
|switch|p1a: Cinderace|Cinderace, F|100/100
|move|p2a: Hatterene|Calm Mind|p2a: Hatterene
|-boost|p2a: Hatterene|spa|1
|-boost|p2a: Hatterene|spd|1
|
|upkeep
|turn|3
|
|t:|1743823326
|move|p1a: Cinderace|Pyro Ball|p2a: Hatterene
|-damage|p2a: Hatterene|32/100
|move|p2a: Hatterene|Calm Mind|p2a: Hatterene
|-boost|p2a: Hatterene|spa|1
|-boost|p2a: Hatterene|spd|1
|
|-heal|p2a: Hatterene|38/100|[from] item: Leftovers
|upkeep
|turn|4
|
|t:|1743823333
|move|p1a: Cinderace|U-turn|p2a: Hatterene
|-start|p1a: Cinderace|typechange|Bug|[from] ability: Libero
|-damage|p2a: Hatterene|0 fnt
|faint|p2a: Hatterene
|
|t:|1743823343
|switch|p1a: Cacturne|Cacturne, M|100/100|[from] U-turn
|
|upkeep
|inactive|Idk653 has 120 seconds left.
|
|t:|1743823380
|switch|p2a: Ting-Lu|Ting-Lu|100/100
|-ability|p2a: Ting-Lu|Vessel of Ruin
|turn|5
|
|t:|1743823394
|move|p1a: Cacturne|Leaf Storm|p2a: Ting-Lu
|-supereffective|p2a: Ting-Lu
|-damage|p2a: Ting-Lu|29/100
|-unboost|p1a: Cacturne|spa|2
|move|p2a: Ting-Lu|Taunt|p1a: Cacturne
|-start|p1a: Cacturne|move: Taunt
|
|-heal|p2a: Ting-Lu|36/100|[from] item: Leftovers
|upkeep
|turn|6
|inactive|RoutesReborn has 120 seconds left.
|
|t:|1743823416
|move|p1a: Cacturne|Leaf Storm|p2a: Ting-Lu
|-supereffective|p2a: Ting-Lu
|-damage|p2a: Ting-Lu|0 fnt
|-unboost|p1a: Cacturne|spa|2
|faint|p2a: Ting-Lu
|
|upkeep
|inactive|RoutesReborn has 120 seconds left.
|
|t:|1743823426
|switch|p2a: Zamazenta|Zamazenta|100/100
|turn|7
|
|t:|1743823433
|switch|p1a: Landorus|Landorus-Therian, M|100/100
|-ability|p1a: Landorus|Intimidate|boost
|-unboost|p2a: Zamazenta|atk|1
|move|p2a: Zamazenta|Substitute|p2a: Zamazenta
|-start|p2a: Zamazenta|Substitute
|-damage|p2a: Zamazenta|75/100
|
|-heal|p2a: Zamazenta|82/100|[from] item: Leftovers
|upkeep
|turn|8
|
|t:|1743823445
|move|p2a: Zamazenta|Heavy Slam|p1a: Landorus
|-damage|p1a: Landorus|86/100
|-damage|p2a: Zamazenta|65/100|[from] item: Rocky Helmet|[of] p1a: Landorus
|move|p1a: Landorus|Earthquake|p2a: Zamazenta
|-end|p2a: Zamazenta|Substitute
|
|-heal|p2a: Zamazenta|71/100|[from] item: Leftovers
|upkeep
|turn|9
|
|t:|1743823457
|switch|p2a: Thundurus|Thundurus-Therian, M, shiny|100/100
|move|p1a: Landorus|U-turn|p2a: Thundurus
|-resisted|p2a: Thundurus
|-damage|p2a: Thundurus|85/100
|inactive|RoutesReborn has 120 seconds left.
|
|t:|1743823473
|switch|p1a: Slowking|Slowking-Galar, F|100/100|[from] U-turn
|
|upkeep
|turn|10
|
|t:|1743823487
|move|p2a: Thundurus|Dark Pulse|p1a: Slowking
|-supereffective|p1a: Slowking
|-damage|p1a: Slowking|59/100
|cant|p1a: Slowking|flinch
|
|upkeep
|turn|11
|inactive|RoutesReborn has 120 seconds left.
|
|t:|1743823508
|move|p2a: Thundurus|Dark Pulse|p1a: Slowking
|-supereffective|p1a: Slowking
|-damage|p1a: Slowking|17/100
|-prepare|p1a: Slowking|Chilly Reception|[premajor]
|move|p1a: Slowking|Chilly Reception|p1a: Slowking
|-weather|Snowscape
|
|t:|1743823517
|switch|p1a: Raging Bolt|Raging Bolt|100/100|[from] Chilly Reception
|-enditem|p1a: Raging Bolt|Booster Energy
|-activate|p1a: Raging Bolt|ability: Protosynthesis|[fromitem]
|-start|p1a: Raging Bolt|protosynthesisspa
|
|-weather|Snowscape|[upkeep]
|upkeep
|turn|12
|inactive|RoutesReborn has 120 seconds left.
|
|t:|1743823527
|switch|p2a: Zamazenta|Zamazenta|71/100
|move|p1a: Raging Bolt|Calm Mind|p1a: Raging Bolt
|-boost|p1a: Raging Bolt|spa|1
|-boost|p1a: Raging Bolt|spd|1
|
|-weather|Snowscape|[upkeep]
|-heal|p2a: Zamazenta|78/100|[from] item: Leftovers
|upkeep
|turn|13
|inactive|RoutesReborn has 120 seconds left.
|
|t:|1743823541
|move|p2a: Zamazenta|Body Press|p1a: Raging Bolt
|-damage|p1a: Raging Bolt|63/100
|move|p1a: Raging Bolt|Thunderbolt|p2a: Zamazenta
|-damage|p2a: Zamazenta|5/100
|
|-weather|Snowscape|[upkeep]
|-heal|p2a: Zamazenta|11/100|[from] item: Leftovers
|upkeep
|turn|14
|
|t:|1743823548
|move|p1a: Raging Bolt|Thunderclap|p2a: Zamazenta
|-damage|p2a: Zamazenta|0 fnt
|faint|p2a: Zamazenta
|
|-weather|Snowscape|[upkeep]
|upkeep
|
|t:|1743823553
|switch|p2a: Thundurus|Thundurus-Therian, M, shiny|85/100
|turn|15
|
|t:|1743823556
|-terastallize|p2a: Thundurus|Ice
|move|p2a: Thundurus|Tera Blast|p1a: Raging Bolt|[anim] Tera Blast Ice
|-supereffective|p1a: Raging Bolt
|-damage|p1a: Raging Bolt|0 fnt
|faint|p1a: Raging Bolt
|-end|p1a: Raging Bolt|Protosynthesis|[silent]
|
|-weather|none
|upkeep
|
|t:|1743823564
|switch|p1a: Cacturne|Cacturne, M|100/100
|turn|16
|
|t:|1743823570
|move|p2a: Thundurus|Tera Blast|p1a: Cacturne|[anim] Tera Blast Ice
|-supereffective|p1a: Cacturne
|-enditem|p1a: Cacturne|Focus Sash
|-damage|p1a: Cacturne|1/100
|move|p1a: Cacturne|Leaf Storm|p2a: Thundurus
|-damage|p2a: Thundurus|2/100
|-unboost|p1a: Cacturne|spa|2
|
|upkeep
|turn|17
|
|t:|1743823578
|move|p1a: Cacturne|Sucker Punch|p2a: Thundurus
|-damage|p2a: Thundurus|0 fnt
|faint|p2a: Thundurus
|
|upkeep
|
|t:|1743823587
|switch|p2a: Scizor|Scizor, M, shiny|100/100
|turn|18
|
|t:|1743823593
|switch|p1a: Landorus|Landorus-Therian, M|86/100
|-ability|p1a: Landorus|Intimidate|boost
|-unboost|p2a: Scizor|atk|1
|move|p2a: Scizor|Bullet Punch|p1a: Landorus
|-damage|p1a: Landorus|50/100
|-damage|p2a: Scizor|84/100|[from] item: Rocky Helmet|[of] p1a: Landorus
|
|upkeep
|turn|19
|
|t:|1743823608
|switch|p1a: Slowking|Slowking-Galar, F|50/100
|switch|p2a: Ogerpon|Ogerpon-Wellspring, F|100/100
|
|upkeep
|turn|20
|
|t:|1743823619
|move|p2a: Ogerpon|Swords Dance|p2a: Ogerpon
|-boost|p2a: Ogerpon|atk|2
|move|p1a: Slowking|Future Sight|p2a: Ogerpon
|-start|p1a: Slowking|move: Future Sight
|
|upkeep
|turn|21
|
|t:|1743823628
|move|p2a: Ogerpon|Ivy Cudgel|p1a: Slowking|[anim] Ivy Cudgel Water
|-damage|p1a: Slowking|0 fnt
|faint|p1a: Slowking
|
|upkeep
|
|t:|1743823634
|switch|p1a: Cinderace|Cinderace, F|100/100
|turn|22
|
|t:|1743823641
|move|p1a: Cinderace|U-turn|p2a: Ogerpon
|-start|p1a: Cinderace|typechange|Bug|[from] ability: Libero
|-supereffective|p2a: Ogerpon
|-damage|p2a: Ogerpon|12/100
|
|t:|1743823646
|switch|p1a: Cacturne|Cacturne, M|1/100|[from] U-turn
|move|p2a: Ogerpon|Ivy Cudgel|p1a: Cacturne|[anim] Ivy Cudgel Water
|-heal|p1a: Cacturne|26/100|[from] ability: Water Absorb|[of] p2a: Ogerpon
|
|-end|p2a: Ogerpon|move: Future Sight
|-damage|p2a: Ogerpon|0 fnt
|faint|p2a: Ogerpon
|upkeep
|
|t:|1743823653
|switch|p2a: Scizor|Scizor, M, shiny|84/100
|turn|23
|
|t:|1743823664
|switch|p1a: Landorus|Landorus-Therian, M|50/100
|-ability|p1a: Landorus|Intimidate|boost
|-unboost|p2a: Scizor|atk|1
|move|p2a: Scizor|Knock Off|p1a: Landorus
|-damage|p1a: Landorus|13/100
|-damage|p2a: Scizor|67/100|[from] item: Rocky Helmet|[of] p1a: Landorus
|-enditem|p1a: Landorus|Rocky Helmet|[from] move: Knock Off|[of] p2a: Scizor
|
|upkeep
|turn|24
|-message|Idk653 forfeited.
|
|win|RoutesReborn
|raw|RoutesReborn's rating: 1266 &rarr; <strong>1289</strong><br />(+23 for winning)
|raw|Idk653's rating: 1233 &rarr; <strong>1210</strong><br />(-23 for losing)
|l|☆Idk653
|player|p2|
