|j|☆918kw
|j|☆heartsxyz
|t:|1743827428
|gametype|singles
|player|p1|918kw|lucas|1189
|player|p2|heartsxyz|veteran|1186
|teamsize|p1|6
|teamsize|p2|6
|gen|9
|tier|[Gen 9] OU
|rated|
|rule|HP Percentage Mod: HP is shown in percentages
|rule|Endless Battle Clause: Forcing endless battles is banned
|rule|Species Clause: Limit one of each Pokémon
|rule|OHKO Clause: OHKO moves are banned
|rule|Evasion Items Clause: Evasion items are banned
|rule|Evasion Moves Clause: Evasion moves are banned
|rule|Sleep Moves Clause: Sleep-inducing moves are banned
|clearpoke
|poke|p1|Kleavor, M|
|poke|p1|Sandy Shocks|
|poke|p1|Heatran, M|
|poke|p1|Metagross|
|poke|p1|Iron Thorns|
|poke|p1|Thundurus-Therian, M|
|poke|p2|Pelipper, F|
|poke|p2|Zapdos|
|poke|p2|Primarina, F|
|poke|p2|Barraskewda, F|
|poke|p2|Magnezone|
|poke|p2|Tsareena, F|
|teampreview
|inactive|Battle timer is ON: inactive players will automatically lose when time's up. (requested by 918kw)
|
|t:|1743827440
|start
|switch|p1a: Thundurus|Thundurus-Therian, M|100/100
|switch|p2a: Zapdos|Zapdos|100/100
|turn|1
|inactive|heartsxyz has 120 seconds left.
|
|t:|1743827470
|move|p2a: Zapdos|Hurricane|p1a: Thundurus
|-resisted|p1a: Thundurus
|-damage|p1a: Thundurus|61/100
|move|p1a: Thundurus|Thunderbolt|p2a: Zapdos
|-damage|p2a: Zapdos|33/100
|
|upkeep
|turn|2
|
|t:|1743827477
|switch|p2a: Tsareena|Tsareena, F|100/100
|move|p1a: Thundurus|Sludge Wave|p2a: Tsareena
|-supereffective|p2a: Tsareena
|-damage|p2a: Tsareena|42/100
|
|upkeep
|turn|3
|
|t:|1743827483
|move|p1a: Thundurus|Sludge Wave|p2a: Tsareena
|-supereffective|p2a: Tsareena
|-damage|p2a: Tsareena|0 fnt
|faint|p2a: Tsareena
|
|upkeep
|
|t:|1743827485
|switch|p2a: Barraskewda|Barraskewda, F|100/100
|turn|4
|
|t:|1743827490
|move|p2a: Barraskewda|Flip Turn|p1a: Thundurus
|-damage|p1a: Thundurus|0 fnt
|faint|p1a: Thundurus
|
|t:|1743827501
|switch|p2a: Zapdos|Zapdos|33/100|[from] Flip Turn
|
|upkeep
|
|t:|1743827508
|switch|p1a: Sandy Shocks|Sandy Shocks|100/100
|turn|5
|
|t:|1743827514
|switch|p2a: Magnezone|Magnezone|100/100
|move|p1a: Sandy Shocks|Thunderbolt|p2a: Magnezone
|-resisted|p2a: Magnezone
|-damage|p2a: Magnezone|83/100
|
|upkeep
|turn|6
|
|t:|1743827520
|-end|p1a: Sandy Shocks|Protosynthesis|[silent]
|switch|p1a: Kleavor|Kleavor, M|100/100
|move|p2a: Magnezone|Flash Cannon|p1a: Kleavor
|-supereffective|p1a: Kleavor
|-damage|p1a: Kleavor|0 fnt
|faint|p1a: Kleavor
|
|upkeep
|
|t:|1743827523
|switch|p1a: Metagross|Metagross|100/100
|turn|7
|
|t:|1743827529
|move|p1a: Metagross|Knock Off|p2a: Magnezone
|-damage|p2a: Magnezone|59/100
|-enditem|p2a: Magnezone|Assault Vest|[from] move: Knock Off|[of] p1a: Metagross
|move|p2a: Magnezone|Volt Switch|p1a: Metagross
|-damage|p1a: Metagross|64/100
|
|t:|1743827536
|switch|p2a: Barraskewda|Barraskewda, F|100/100|[from] Volt Switch
|
|upkeep
|turn|8
|
|t:|1743827539
|move|p2a: Barraskewda|Flip Turn|p1a: Metagross
|-damage|p1a: Metagross|33/100
|
|t:|1743827543
|switch|p2a: Magnezone|Magnezone|59/100|[from] Flip Turn
|move|p1a: Metagross|Knock Off|p2a: Magnezone
|-damage|p2a: Magnezone|45/100
|
|upkeep
|turn|9
|
|t:|1743827548
|move|p1a: Metagross|Meteor Mash|p2a: Magnezone
|-resisted|p2a: Magnezone
|-damage|p2a: Magnezone|36/100
|move|p2a: Magnezone|Volt Switch|p1a: Metagross
|-damage|p1a: Metagross|0 fnt
|faint|p1a: Metagross
|
|t:|1743827557
|switch|p2a: Barraskewda|Barraskewda, F|100/100|[from] Volt Switch
|
|upkeep
|
|t:|1743827562
|switch|p1a: Iron Thorns|Iron Thorns|100/100
|-item|p1a: Iron Thorns|Air Balloon
|turn|10
|
|t:|1743827574
|-terastallize|p1a: Iron Thorns|Grass
|move|p2a: Barraskewda|Flip Turn|p1a: Iron Thorns
|-resisted|p1a: Iron Thorns
|-damage|p1a: Iron Thorns|80/100
|-enditem|p1a: Iron Thorns|Air Balloon
|
|t:|1743827579
|switch|p2a: Magnezone|Magnezone|36/100|[from] Flip Turn
|move|p1a: Iron Thorns|Dragon Dance|p1a: Iron Thorns
|-boost|p1a: Iron Thorns|atk|1
|-boost|p1a: Iron Thorns|spe|1
|
|upkeep
|turn|11
|
|t:|1743827585
|move|p1a: Iron Thorns|Supercell Slam|p2a: Magnezone
|-resisted|p2a: Magnezone
|-damage|p2a: Magnezone|2/100
|move|p2a: Magnezone|Flash Cannon|p1a: Iron Thorns
|-damage|p1a: Iron Thorns|28/100
|-unboost|p1a: Iron Thorns|spd|1
|
|upkeep
|turn|12
|
|t:|1743827591
|move|p1a: Iron Thorns|Rock Slide|p2a: Magnezone
|-resisted|p2a: Magnezone
|-damage|p2a: Magnezone|0 fnt
|faint|p2a: Magnezone
|
|upkeep
|
|t:|1743827594
|switch|p2a: Zapdos|Zapdos|33/100
|turn|13
|
|t:|1743827597
|move|p2a: Zapdos|Volt Switch|p1a: Iron Thorns
|-resisted|p1a: Iron Thorns
|-damage|p1a: Iron Thorns|0 fnt
|faint|p1a: Iron Thorns
|-end|p1a: Iron Thorns|Quark Drive|[silent]
|
|t:|1743827601
|switch|p2a: Pelipper|Pelipper, F|100/100|[from] Volt Switch
|-weather|RainDance|[from] ability: Drizzle|[of] p2a: Pelipper
|
|-weather|RainDance|[upkeep]
|upkeep
|
|t:|1743827606
|switch|p1a: Heatran|Heatran, M|100/100
|-item|p1a: Heatran|Air Balloon
|turn|14
|
|t:|1743827610
|move|p1a: Heatran|Will-O-Wisp|p2a: Pelipper
|-status|p2a: Pelipper|brn
|move|p2a: Pelipper|U-turn|p1a: Heatran
|-resisted|p1a: Heatran
|-damage|p1a: Heatran|99/100
|-enditem|p1a: Heatran|Air Balloon
|
|t:|1743827614
|switch|p2a: Barraskewda|Barraskewda, F|100/100|[from] U-turn
|
|-weather|RainDance|[upkeep]
|upkeep
|turn|15
|
|t:|1743827616
|move|p2a: Barraskewda|Flip Turn|p1a: Heatran
|-supereffective|p1a: Heatran
|-damage|p1a: Heatran|0 fnt
|faint|p1a: Heatran
|
|t:|1743827620
|switch|p2a: Primarina|Primarina, F|100/100|[from] Flip Turn
|
|-weather|RainDance|[upkeep]
|upkeep
|
|t:|1743827624
|switch|p1a: Sandy Shocks|Sandy Shocks|100/100
|turn|16
|
|t:|1743827629
|move|p1a: Sandy Shocks|Thunderbolt|p2a: Primarina
|-supereffective|p2a: Primarina
|-damage|p2a: Primarina|39/100
|move|p2a: Primarina|Surf|p1a: Sandy Shocks
|-supereffective|p1a: Sandy Shocks
|-damage|p1a: Sandy Shocks|0 fnt
|faint|p1a: Sandy Shocks
|-end|p1a: Sandy Shocks|Protosynthesis|[silent]
|
|win|heartsxyz
|raw|918kw's rating: 1189 &rarr; <strong>1164</strong><br />(-25 for losing)
|raw|heartsxyz's rating: 1186 &rarr; <strong>1211</strong><br />(+25 for winning)
|l|☆918kw
|player|p1|
|l|☆heartsxyz
|player|p2|
