|j|☆dishes_ttv
|j|☆Lilacq
|t:|1743812406
|gametype|singles
|player|p1|dishes_ttv|169|1489
|player|p2|Lilacq|swimmerf|1574
|teamsize|p1|6
|teamsize|p2|6
|gen|9
|tier|[Gen 9] OU
|rated|
|rule|HP Percentage Mod: HP is shown in percentages
|rule|Endless Battle Clause: Forcing endless battles is banned
|rule|Species Clause: Limit one of each Pokémon
|rule|OHKO Clause: OHKO moves are banned
|rule|Evasion Items Clause: Evasion items are banned
|rule|Evasion Moves Clause: Evasion moves are banned
|rule|Sleep Moves Clause: Sleep-inducing moves are banned
|clearpoke
|poke|p1|Dragapult, M|
|poke|p1|Meowscarada, M|
|poke|p1|Tinkaton, F|
|poke|p1|Primarina, F|
|poke|p1|Gholdengo|
|poke|p1|Great Tusk|
|poke|p2|Kyurem|
|poke|p2|Arboliva, F|
|poke|p2|Enamorus, F|
|poke|p2|Rillaboom, F|
|poke|p2|Ninetales-Alola, F|
|poke|p2|Landorus-Therian, M|
|teampreview
|inactive|Battle timer is ON: inactive players will automatically lose when time's up. (requested by dishes_ttv)
|
|t:|1743812413
|start
|switch|p1a: Tinkaton|Tinkaton, F|100/100
|switch|p2a: Landorus|Landorus-Therian, M|100/100
|-ability|p2a: Landorus|Intimidate|boost
|-unboost|p1a: Tinkaton|atk|1
|-ability|p1a: Tinkaton|Mold Breaker
|-item|p1a: Tinkaton|Air Balloon
|turn|1
|
|t:|1743812417
|move|p2a: Landorus|Stealth Rock|p1a: Tinkaton
|-sidestart|p1: dishes_ttv|move: Stealth Rock
|move|p1a: Tinkaton|Thunder Wave|p2a: Landorus
|-immune|p2a: Landorus
|
|upkeep
|turn|2
|
|t:|1743812422
|move|p2a: Landorus|U-turn|p1a: Tinkaton
|-resisted|p1a: Tinkaton
|-damage|p1a: Tinkaton|93/100
|-enditem|p1a: Tinkaton|Air Balloon
|
|t:|1743812431
|switch|p2a: Arboliva|Arboliva, F|100/100|[from] U-turn
|move|p1a: Tinkaton|Stealth Rock|p2a: Arboliva
|-sidestart|p2: Lilacq|move: Stealth Rock
|
|upkeep
|turn|3
|
|t:|1743812439
|move|p1a: Tinkaton|Thunder Wave|p2a: Arboliva
|-status|p2a: Arboliva|par
|cant|p2a: Arboliva|par
|
|upkeep
|turn|4
|
|t:|1743812445
|switch|p1a: Meowscarada|Meowscarada, M|100/100
|-damage|p1a: Meowscarada|88/100|[from] Stealth Rock
|move|p2a: Arboliva|Earth Power|p1a: Meowscarada
|-resisted|p1a: Meowscarada
|-damage|p1a: Meowscarada|62/100
|
|upkeep
|turn|5
|
|t:|1743812449
|move|p1a: Meowscarada|U-turn|p2a: Arboliva
|-start|p1a: Meowscarada|typechange|Bug|[from] ability: Protean
|-supereffective|p2a: Arboliva
|-crit|p2a: Arboliva
|-damage|p2a: Arboliva|0 fnt
|-fieldstart|move: Grassy Terrain|[from] ability: Seed Sower|[of] p2a: Arboliva
|faint|p2a: Arboliva
|
|t:|1743812454
|switch|p1a: Tinkaton|Tinkaton, F|93/100|[from] U-turn
|-damage|p1a: Tinkaton|87/100|[from] Stealth Rock
|-ability|p1a: Tinkaton|Mold Breaker
|
|-heal|p1a: Tinkaton|93/100|[from] Grassy Terrain
|upkeep
|
|t:|1743812461
|switch|p2a: Kyurem|Kyurem|100/100
|-damage|p2a: Kyurem|76/100|[from] Stealth Rock
|-ability|p2a: Kyurem|Pressure
|turn|6
|
|t:|1743812465
|-terastallize|p2a: Kyurem|Ground
|move|p2a: Kyurem|Earth Power|p1a: Tinkaton
|-supereffective|p1a: Tinkaton
|-damage|p1a: Tinkaton|19/100
|move|p1a: Tinkaton|Gigaton Hammer|p2a: Kyurem
|-damage|p2a: Kyurem|32/100
|
|-heal|p2a: Kyurem|38/100|[from] Grassy Terrain
|-heal|p1a: Tinkaton|26/100|[from] Grassy Terrain
|upkeep
|turn|7
|
|t:|1743812471
|move|p2a: Kyurem|Earth Power|p1a: Tinkaton
|-supereffective|p1a: Tinkaton
|-damage|p1a: Tinkaton|0 fnt
|faint|p1a: Tinkaton
|
|-heal|p2a: Kyurem|44/100|[from] Grassy Terrain
|upkeep
|
|t:|1743812474
|switch|p1a: Meowscarada|Meowscarada, M|62/100
|-damage|p1a: Meowscarada|49/100|[from] Stealth Rock
|turn|8
|
|t:|1743812480
|switch|p2a: Landorus|Landorus-Therian, M|100/100
|-damage|p2a: Landorus|88/100|[from] Stealth Rock
|-ability|p2a: Landorus|Intimidate|boost
|-unboost|p1a: Meowscarada|atk|1
|move|p1a: Meowscarada|Flower Trick|p2a: Landorus
|-start|p1a: Meowscarada|typechange|Grass|[from] ability: Protean
|-crit|p2a: Landorus
|-damage|p2a: Landorus|18/100
|
|-heal|p1a: Meowscarada|55/100|[from] Grassy Terrain
|upkeep
|turn|9
|
|t:|1743812483
|move|p1a: Meowscarada|Flower Trick|p2a: Landorus
|-crit|p2a: Landorus
|-damage|p2a: Landorus|0 fnt
|faint|p2a: Landorus
|
|-heal|p1a: Meowscarada|62/100|[from] Grassy Terrain
|-fieldend|move: Grassy Terrain
|upkeep
|
|t:|1743812486
|switch|p2a: Rillaboom|Rillaboom, F|100/100
|-damage|p2a: Rillaboom|88/100|[from] Stealth Rock
|-fieldstart|move: Grassy Terrain|[from] ability: Grassy Surge|[of] p2a: Rillaboom
|turn|10
|
|t:|1743812491
|switch|p1a: Gholdengo|Gholdengo|100/100
|-damage|p1a: Gholdengo|94/100|[from] Stealth Rock
|-item|p1a: Gholdengo|Air Balloon
|move|p2a: Rillaboom|U-turn|p1a: Gholdengo
|-resisted|p1a: Gholdengo
|-damage|p1a: Gholdengo|88/100
|-enditem|p1a: Gholdengo|Air Balloon
|
|t:|1743812495
|switch|p2a: Ninetales|Ninetales-Alola, F|100/100|[from] U-turn
|-damage|p2a: Ninetales|76/100|[from] Stealth Rock
|-weather|Snowscape|[from] ability: Snow Warning|[of] p2a: Ninetales
|
|-weather|Snowscape|[upkeep]
|-heal|p2a: Ninetales|82/100|[from] Grassy Terrain
|-heal|p1a: Gholdengo|94/100|[from] Grassy Terrain
|upkeep
|turn|11
|
|t:|1743812499
|move|p2a: Ninetales|Aurora Veil|p2a: Ninetales
|-sidestart|p2: Lilacq|move: Aurora Veil
|move|p1a: Gholdengo|Make It Rain|p2a: Ninetales
|-supereffective|p2a: Ninetales
|-damage|p2a: Ninetales|0 fnt
|-unboost|p1a: Gholdengo|spa|1
|faint|p2a: Ninetales
|
|-weather|Snowscape|[upkeep]
|-heal|p1a: Gholdengo|100/100|[from] Grassy Terrain
|upkeep
|
|t:|1743812502
|switch|p2a: Kyurem|Kyurem, tera:Ground|44/100
|-damage|p2a: Kyurem|38/100|[from] Stealth Rock
|-ability|p2a: Kyurem|Pressure
|turn|12
|
|t:|1743812507
|switch|p1a: Meowscarada|Meowscarada, M|62/100
|-damage|p1a: Meowscarada|49/100|[from] Stealth Rock
|move|p2a: Kyurem|Earth Power|p1a: Meowscarada
|-resisted|p1a: Meowscarada
|-damage|p1a: Meowscarada|12/100
|
|-weather|Snowscape|[upkeep]
|-heal|p1a: Meowscarada|19/100|[from] Grassy Terrain
|-heal|p2a: Kyurem|44/100|[from] Grassy Terrain
|upkeep
|turn|13
|
|t:|1743812512
|switch|p2a: Rillaboom|Rillaboom, F|88/100
|-damage|p2a: Rillaboom|76/100|[from] Stealth Rock
|move|p1a: Meowscarada|Flower Trick|p2a: Rillaboom
|-start|p1a: Meowscarada|typechange|Grass|[from] ability: Protean
|-resisted|p2a: Rillaboom
|-crit|p2a: Rillaboom
|-damage|p2a: Rillaboom|39/100
|
|-weather|Snowscape|[upkeep]
|-heal|p1a: Meowscarada|25/100|[from] Grassy Terrain
|-heal|p2a: Rillaboom|45/100|[from] Grassy Terrain
|upkeep
|turn|14
|
|t:|1743812515
|move|p1a: Meowscarada|Flower Trick|p2a: Rillaboom
|-resisted|p2a: Rillaboom
|-crit|p2a: Rillaboom
|-damage|p2a: Rillaboom|11/100
|move|p2a: Rillaboom|U-turn|p1a: Meowscarada
|-supereffective|p1a: Meowscarada
|-damage|p1a: Meowscarada|0 fnt
|faint|p1a: Meowscarada
|
|t:|1743812520
|switch|p2a: Kyurem|Kyurem, tera:Ground|44/100|[from] U-turn
|-damage|p2a: Kyurem|38/100|[from] Stealth Rock
|-ability|p2a: Kyurem|Pressure
|
|-weather|none
|-heal|p2a: Kyurem|44/100|[from] Grassy Terrain
|-fieldend|move: Grassy Terrain
|upkeep
|
|t:|1743812523
|switch|p1a: Primarina|Primarina, F|100/100
|-damage|p1a: Primarina|88/100|[from] Stealth Rock
|turn|15
|
|t:|1743812527
|move|p2a: Kyurem|Freeze-Dry|p1a: Primarina
|-supereffective|p1a: Primarina
|-damage|p1a: Primarina|31/100
|move|p1a: Primarina|Surf|p2a: Kyurem
|-supereffective|p2a: Kyurem
|-damage|p2a: Kyurem|0 fnt
|faint|p2a: Kyurem
|
|upkeep
|
|t:|1743812542
|switch|p2a: Rillaboom|Rillaboom, F|11/100
|-damage|p2a: Rillaboom|0 fnt|[from] Stealth Rock
|faint|p2a: Rillaboom
|
|t:|1743812544
|switch|p2a: Enamorus|Enamorus, F|100/100
|-damage|p2a: Enamorus|76/100|[from] Stealth Rock
|turn|16
|
|t:|1743812548
|move|p2a: Enamorus|Moonblast|p1a: Primarina
|-damage|p1a: Primarina|2/100
|-unboost|p1a: Primarina|spa|1
|move|p1a: Primarina|Flip Turn|p2a: Enamorus
|-damage|p2a: Enamorus|60/100
|
|t:|1743812552
|switch|p1a: Gholdengo|Gholdengo|100/100|[from] Flip Turn
|-damage|p1a: Gholdengo|94/100|[from] Stealth Rock
|
|upkeep
|turn|17
|
|t:|1743812554
|move|p2a: Enamorus|Moonblast|p1a: Gholdengo
|-resisted|p1a: Gholdengo
|-damage|p1a: Gholdengo|68/100
|move|p1a: Gholdengo|Make It Rain|p2a: Enamorus
|-supereffective|p2a: Enamorus
|-damage|p2a: Enamorus|0 fnt
|-unboost|p1a: Gholdengo|spa|1
|faint|p2a: Enamorus
|
|win|dishes_ttv
|raw|dishes_ttv's rating: 1489 &rarr; <strong>1514</strong><br />(+25 for winning)
|raw|Lilacq's rating: 1574 &rarr; <strong>1549</strong><br />(-25 for losing)
|l|☆Lilacq
|player|p2|
|l|☆dishes_ttv
|player|p1|
