|j|☆constratusa
|j|☆6ituv
|t:|1743857872
|gametype|singles
|player|p1|constratusa|ghetsis-gen5bw|1058
|player|p2|6ituv|bugcatcher-gen4dp|1066
|teamsize|p1|6
|teamsize|p2|6
|gen|9
|tier|[Gen 9] OU
|rated|
|rule|HP Percentage Mod: HP is shown in percentages
|rule|Endless Battle Clause: Forcing endless battles is banned
|rule|Species Clause: Limit one of each Pokémon
|rule|OHKO Clause: OHKO moves are banned
|rule|Evasion Items Clause: Evasion items are banned
|rule|Evasion Moves Clause: Evasion moves are banned
|rule|Sleep Moves Clause: Sleep-inducing moves are banned
|clearpoke
|poke|p1|Mimikyu, F|
|poke|p1|Espurr, F|
|poke|p1|Smeargle, M|
|poke|p1|Decidueye-Hisui, F|
|poke|p1|Diancie|
|poke|p1|Trapinch, F|
|poke|p2|Iron Moth|
|poke|p2|Mamoswine, M|
|poke|p2|Iron Crown|
|poke|p2|Iron Hands|
|poke|p2|Meowscarada, M|
|poke|p2|Primarina, M|
|teampreview
|inactive|Battle timer is ON: inactive players will automatically lose when time's up. (requested by constratusa)
|
|t:|1743857881
|start
|switch|p1a: Fav pok team|Smeargle, M|100/100
|switch|p2a: Meowscarada|Meowscarada, M, shiny|100/100
|turn|1
|
|t:|1743857899
|move|p1a: Fav pok team|Baneful Bunker|p1a: Fav pok team
|-singleturn|p1a: Fav pok team|move: Protect
|move|p2a: Meowscarada|Knock Off|p1a: Fav pok team
|-start|p2a: Meowscarada|typechange|Dark|[from] ability: Protean
|-activate|p1a: Fav pok team|move: Protect
|-status|p2a: Meowscarada|psn
|
|-damage|p2a: Meowscarada|88/100 psn|[from] psn
|upkeep
|turn|2
|
|t:|1743857913
|move|p2a: Meowscarada|Knock Off|p1a: Fav pok team
|-damage|p1a: Fav pok team|42/100
|-enditem|p1a: Fav pok team|Focus Sash|[from] move: Knock Off|[of] p2a: Meowscarada
|move|p1a: Fav pok team|Skill Swap|p2a: Meowscarada
|-activate|p1a: Fav pok team|move: Skill Swap|Protean|Own Tempo|[of] p2a: Meowscarada
|
|-damage|p2a: Meowscarada|76/100 psn|[from] psn
|upkeep
|turn|3
|
|t:|1743857927
|move|p1a: Fav pok team|Baneful Bunker|p1a: Fav pok team
|-start|p1a: Fav pok team|typechange|Poison|[from] ability: Protean
|-singleturn|p1a: Fav pok team|move: Protect
|move|p2a: Meowscarada|Knock Off|p1a: Fav pok team
|-activate|p1a: Fav pok team|move: Protect
|
|-damage|p2a: Meowscarada|64/100 psn|[from] psn
|upkeep
|turn|4
|
|t:|1743857939
|move|p2a: Meowscarada|Knock Off|p1a: Fav pok team
|-damage|p1a: Fav pok team|0 fnt
|faint|p1a: Fav pok team
|
|-damage|p2a: Meowscarada|51/100 psn|[from] psn
|upkeep
|
|t:|1743857950
|switch|p1a: Me boy|Trapinch, F|100/100
|turn|5
|
|t:|1743857955
|move|p2a: Meowscarada|Knock Off|p1a: Me boy
|-enditem|p1a: Me boy|Focus Sash
|-damage|p1a: Me boy|1/100
|move|p1a: Me boy|Stealth Rock|p2a: Meowscarada
|-sidestart|p2: 6ituv|move: Stealth Rock
|
|-damage|p2a: Meowscarada|39/100 psn|[from] psn
|upkeep
|turn|6
|c|☆6ituv|Noob
|
|t:|1743857969
|move|p1a: Me boy|Protect|p1a: Me boy
|-singleturn|p1a: Me boy|Protect
|move|p2a: Meowscarada|Knock Off|p1a: Me boy
|-activate|p1a: Me boy|move: Protect
|
|-damage|p2a: Meowscarada|27/100 psn|[from] psn
|upkeep
|turn|7
|
|t:|1743857978
|move|p1a: Me boy|Quick Attack|p2a: Meowscarada
|-damage|p2a: Meowscarada|6/100 psn
|move|p2a: Meowscarada|Knock Off|p1a: Me boy
|-damage|p1a: Me boy|0 fnt
|faint|p1a: Me boy
|
|-damage|p2a: Meowscarada|0 fnt|[from] psn
|faint|p2a: Meowscarada
|upkeep
|
|t:|1743857993
|switch|p2a: Iron Moth|Iron Moth, shiny|100/100
|switch|p1a: Espurr|Espurr, F|100/100
|-damage|p2a: Iron Moth|76/100|[from] Stealth Rock
|-enditem|p2a: Iron Moth|Booster Energy
|-activate|p2a: Iron Moth|ability: Quark Drive|[fromitem]
|-start|p2a: Iron Moth|quarkdrivespe
|turn|8
|
|t:|1743858005
|move|p2a: Iron Moth|Tera Blast|p1a: Espurr
|-damage|p1a: Espurr|73/100
|move|p1a: Espurr|Trick Room|p1a: Espurr
|-fieldstart|move: Trick Room|[of] p1a: Espurr
|
|upkeep
|turn|9
|
|t:|1743858013
|-terastallize|p2a: Iron Moth|Ground
|move|p1a: Espurr|Expanding Force|p2a: Iron Moth
|-damage|p2a: Iron Moth|48/100
|move|p2a: Iron Moth|Tera Blast|p1a: Espurr|[anim] Tera Blast Ground
|-damage|p1a: Espurr|30/100
|
|upkeep
|turn|10
|
|t:|1743858025
|move|p1a: Espurr|Shadow Ball|p2a: Iron Moth
|-crit|p2a: Iron Moth
|-damage|p2a: Iron Moth|22/100
|move|p2a: Iron Moth|Tera Blast|p1a: Espurr|[anim] Tera Blast Ground
|-damage|p1a: Espurr|0 fnt
|faint|p1a: Espurr
|
|upkeep
|
|t:|1743858031
|switch|p1a: Decidueye|Decidueye-Hisui, F|100/100
|turn|11
|
|t:|1743858038
|move|p1a: Decidueye|Triple Arrows|p2a: Iron Moth
|-damage|p2a: Iron Moth|0 fnt
|faint|p2a: Iron Moth
|-end|p2a: Iron Moth|Quark Drive|[silent]
|
|upkeep
|
|t:|1743858047
|switch|p2a: Mamoswine|Mamoswine, M, shiny|100/100
|-damage|p2a: Mamoswine|88/100|[from] Stealth Rock
|turn|12
|
|t:|1743858052
|move|p2a: Mamoswine|Ice Shard|p1a: Decidueye
|-supereffective|p1a: Decidueye
|-damage|p1a: Decidueye|57/100
|move|p1a: Decidueye|Triple Arrows|p2a: Mamoswine
|-supereffective|p2a: Mamoswine
|-damage|p2a: Mamoswine|0 fnt
|faint|p2a: Mamoswine
|
|-fieldend|move: Trick Room
|upkeep
|
|t:|1743858063
|switch|p2a: Iron Crown|Iron Crown|100/100
|-damage|p2a: Iron Crown|94/100|[from] Stealth Rock
|turn|13
|
|t:|1743858072
|move|p2a: Iron Crown|Psychic Noise|p1a: Decidueye
|-supereffective|p1a: Decidueye
|-damage|p1a: Decidueye|0 fnt
|faint|p1a: Decidueye
|
|upkeep
|
|t:|1743858095
|switch|p1a: Diancie|Diancie, shiny|100/100
|turn|14
|
|t:|1743858103
|-terastallize|p1a: Diancie|Flying
|move|p2a: Iron Crown|Psychic Noise|p1a: Diancie
|-damage|p1a: Diancie|61/100
|-start|p1a: Diancie|move: Heal Block
|move|p1a: Diancie|Diamond Storm|p2a: Iron Crown
|-resisted|p2a: Iron Crown
|-damage|p2a: Iron Crown|75/100
|-boost|p1a: Diancie|def|2
|
|upkeep
|turn|15
|
|t:|1743858119
|-end|p2a: Iron Crown|Quark Drive|[silent]
|switch|p2a: Iron Hands|Iron Hands, shiny|100/100
|-damage|p2a: Iron Hands|94/100|[from] Stealth Rock
|-enditem|p2a: Iron Hands|Booster Energy
|-activate|p2a: Iron Hands|ability: Quark Drive|[fromitem]
|-start|p2a: Iron Hands|quarkdriveatk
|move|p1a: Diancie|Amnesia|p1a: Diancie
|-boost|p1a: Diancie|spd|2
|
|-end|p1a: Diancie|move: Heal Block
|upkeep
|turn|16
|
|t:|1743858131
|move|p2a: Iron Hands|Wild Charge|p1a: Diancie
|-supereffective|p1a: Diancie
|-damage|p1a: Diancie|11/100
|-damage|p2a: Iron Hands|87/100|[from] Recoil
|move|p1a: Diancie|Stored Power|p2a: Iron Hands
|-supereffective|p2a: Iron Hands
|-damage|p2a: Iron Hands|42/100
|
|-heal|p1a: Diancie|17/100|[from] item: Leftovers
|upkeep
|turn|17
|
|t:|1743858143
|move|p2a: Iron Hands|Wild Charge|p1a: Diancie
|-supereffective|p1a: Diancie
|-damage|p1a: Diancie|0 fnt
|faint|p1a: Diancie
|-damage|p2a: Iron Hands|40/100|[from] Recoil
|
|upkeep
|
|t:|1743858145
|switch|p1a: Mimikyu|Mimikyu, F|100/100
|turn|18
|
|t:|1743858155
|move|p1a: Mimikyu|Substitute|p1a: Mimikyu
|-start|p1a: Mimikyu|Substitute
|-damage|p1a: Mimikyu|76/100
|move|p2a: Iron Hands|Wild Charge|p1a: Mimikyu
|-end|p1a: Mimikyu|Substitute
|-damage|p2a: Iron Hands|36/100|[from] Recoil|[of] p1a: Mimikyu
|
|upkeep
|turn|19
|
|t:|1743858165
|move|p1a: Mimikyu|Play Rough|p2a: Iron Hands|[miss]
|-miss|p1a: Mimikyu|p2a: Iron Hands
|-enditem|p1a: Mimikyu|Blunder Policy
|-boost|p1a: Mimikyu|spe|2
|move|p2a: Iron Hands|Wild Charge|p1a: Mimikyu
|-activate|p1a: Mimikyu|ability: Disguise
|-damage|p1a: Mimikyu|76/100
|detailschange|p1a: Mimikyu|Mimikyu-Busted, F
|-damage|p1a: Mimikyu|63/100|[from] pokemon: Mimikyu-Busted
|
|upkeep
|turn|20
|
|t:|1743858176
|move|p1a: Mimikyu|Play Rough|p2a: Iron Hands
|-supereffective|p2a: Iron Hands
|-damage|p2a: Iron Hands|0 fnt
|faint|p2a: Iron Hands
|-end|p2a: Iron Hands|Quark Drive|[silent]
|
|upkeep
|
|t:|1743858182
|switch|p2a: Primarina|Primarina, M, shiny|100/100
|-damage|p2a: Primarina|88/100|[from] Stealth Rock
|turn|21
|
|t:|1743858194
|move|p1a: Mimikyu|Swords Dance|p1a: Mimikyu
|-boost|p1a: Mimikyu|atk|2
|move|p2a: Primarina|Draining Kiss|p1a: Mimikyu
|-damage|p1a: Mimikyu|40/100
|-heal|p2a: Primarina|100/100|[from] drain|[of] p1a: Mimikyu
|
|upkeep
|turn|22
|
|t:|1743858202
|move|p1a: Mimikyu|Substitute|p1a: Mimikyu
|-start|p1a: Mimikyu|Substitute
|-damage|p1a: Mimikyu|15/100
|move|p2a: Primarina|Psychic Noise|p1a: Mimikyu
|-damage|p1a: Mimikyu|0 fnt
|faint|p1a: Mimikyu
|
|win|6ituv
|raw|constratusa's rating: 1058 &rarr; <strong>1040</strong><br />(-18 for losing)
|raw|6ituv's rating: 1066 &rarr; <strong>1095</strong><br />(+29 for winning)
|l|☆constratusa
|player|p1|
|c|☆6ituv|Gg
|l|☆6ituv
|player|p2|
