|j|☆Harabon
|j|☆srinandhakishore06
|t:|1743930777
|gametype|singles
|player|p1|Harabon|170|1226
|player|p2|srinandhakishore06|265|1151
|teamsize|p1|6
|teamsize|p2|6
|gen|9
|tier|[Gen 9] OU
|rated|
|rule|HP Percentage Mod: HP is shown in percentages
|rule|Endless Battle Clause: Forcing endless battles is banned
|rule|Species Clause: Limit one of each Pokémon
|rule|OHKO Clause: OHKO moves are banned
|rule|Evasion Items Clause: Evasion items are banned
|rule|Evasion Moves Clause: Evasion moves are banned
|rule|Sleep Moves Clause: Sleep-inducing moves are banned
|clearpoke
|poke|p1|Barraskewda, M|
|poke|p1|Overqwil, M|
|poke|p1|Pelipper, M|
|poke|p1|Tornadus-Therian, M|
|poke|p1|Raging Bolt|
|poke|p1|Iron Treads|
|poke|p2|Glimmora, F|
|poke|p2|Hatterene, F|
|poke|p2|Honchkrow, M|
|poke|p2|Alomomola, M|
|poke|p2|Salazzle, F|
|poke|p2|Metagross|
|teampreview
|inactive|Battle timer is ON: inactive players will automatically lose when time's up. (requested by Harabon)
|
|t:|1743930786
|start
|switch|p1a: Iron Treads|Iron Treads|100/100
|switch|p2a: Glimmora|Glimmora, F|100/100
|turn|1
|
|t:|1743930797
|move|p1a: Iron Treads|Stealth Rock|p2a: Glimmora
|-sidestart|p2: srinandhakishore06|move: Stealth Rock
|move|p2a: Glimmora|Earth Power|p1a: Iron Treads
|-supereffective|p1a: Iron Treads
|-damage|p1a: Iron Treads|10/100
|-enditem|p1a: Iron Treads|Eject Button
|
|t:|1743930801
|-end|p1a: Iron Treads|Quark Drive|[silent]
|switch|p1a: Pelipper|Pelipper, M|100/100
|-weather|RainDance|[from] ability: Drizzle|[of] p1a: Pelipper
|
|-weather|RainDance|[upkeep]
|upkeep
|turn|2
|
|t:|1743930811
|move|p2a: Glimmora|Stealth Rock|p1a: Pelipper
|-sidestart|p1: Harabon|move: Stealth Rock
|move|p1a: Pelipper|U-turn|p2a: Glimmora
|-resisted|p2a: Glimmora
|-damage|p2a: Glimmora|96/100
|-activate|p2a: Glimmora|ability: Toxic Debris
|-sidestart|p1: Harabon|move: Toxic Spikes
|
|t:|1743930816
|switch|p1a: Iron Treads|Iron Treads|10/100|[from] U-turn
|-damage|p1a: Iron Treads|6/100|[from] Stealth Rock
|
|-weather|RainDance|[upkeep]
|upkeep
|turn|3
|
|t:|1743930823
|move|p1a: Iron Treads|Earthquake|p2a: Glimmora
|-supereffective|p2a: Glimmora
|-damage|p2a: Glimmora|0 fnt
|-activate|p2a: Glimmora|ability: Toxic Debris
|-sidestart|p1: Harabon|move: Toxic Spikes
|faint|p2a: Glimmora
|
|-weather|RainDance|[upkeep]
|upkeep
|
|t:|1743930832
|switch|p2a: Iron spider|Metagross|100/100
|-damage|p2a: Iron spider|94/100|[from] Stealth Rock
|turn|4
|
|t:|1743930838
|-end|p1a: Iron Treads|Quark Drive|[silent]
|switch|p1a: Tornadus|Tornadus-Therian, M|100/100
|-damage|p1a: Tornadus|76/100|[from] Stealth Rock
|move|p2a: Iron spider|Bullet Punch|p1a: Tornadus
|-damage|p1a: Tornadus|43/100
|
|-weather|RainDance|[upkeep]
|upkeep
|turn|5
|
|t:|1743930850
|move|p1a: Tornadus|Weather Ball|p2a: Iron spider
|-damage|p2a: Iron spider|22/100
|move|p2a: Iron spider|Meteor Mash|p1a: Tornadus
|-damage|p1a: Tornadus|0 fnt
|faint|p1a: Tornadus
|
|-weather|RainDance|[upkeep]
|upkeep
|
|t:|1743930855
|switch|p1a: Overqwil|Overqwil, M|100/100
|-damage|p1a: Overqwil|88/100|[from] Stealth Rock
|-sideend|p1: Harabon|move: Toxic Spikes|[of] p1a: Overqwil
|turn|6
|
|t:|1743930864
|move|p1a: Overqwil|Crunch|p2a: Iron spider
|-supereffective|p2a: Iron spider
|-crit|p2a: Iron spider
|-damage|p2a: Iron spider|0 fnt
|faint|p2a: Iron spider
|-damage|p1a: Overqwil|78/100|[from] item: Life Orb
|
|-weather|RainDance|[upkeep]
|upkeep
|
|t:|1743930874
|switch|p2a: Alomomola|Alomomola, M|100/100
|-damage|p2a: Alomomola|88/100|[from] Stealth Rock
|turn|7
|
|t:|1743930880
|switch|p1a: Raging Bolt|Raging Bolt|100/100
|-damage|p1a: Raging Bolt|88/100|[from] Stealth Rock
|move|p2a: Alomomola|Wish|p2a: Alomomola
|
|-weather|RainDance|[upkeep]
|-heal|p1a: Raging Bolt|94/100|[from] item: Leftovers
|upkeep
|turn|8
|
|t:|1743930895
|move|p1a: Raging Bolt|Thunderbolt|p2a: Alomomola
|-supereffective|p2a: Alomomola
|-damage|p2a: Alomomola|0 fnt
|faint|p2a: Alomomola
|
|-weather|none
|-heal|p1a: Raging Bolt|100/100|[from] item: Leftovers
|upkeep
|
|t:|1743930903
|switch|p2a: Bride|Hatterene, F|100/100
|-damage|p2a: Bride|88/100|[from] Stealth Rock
|turn|9
|
|t:|1743930911
|-end|p1a: Raging Bolt|Protosynthesis|[silent]
|switch|p1a: Iron Treads|Iron Treads|6/100
|-damage|p1a: Iron Treads|3/100|[from] Stealth Rock
|move|p2a: Bride|Trick Room|p2a: Bride
|-fieldstart|move: Trick Room|[of] p2a: Bride
|
|upkeep
|turn|10
|
|t:|1743930919
|move|p2a: Bride|Mystical Fire|p1a: Iron Treads
|-supereffective|p1a: Iron Treads
|-damage|p1a: Iron Treads|0 fnt
|faint|p1a: Iron Treads
|-end|p1a: Iron Treads|Quark Drive|[silent]
|
|upkeep
|
|t:|1743930924
|switch|p1a: Pelipper|Pelipper, M|100/100
|-damage|p1a: Pelipper|76/100|[from] Stealth Rock
|-weather|RainDance|[from] ability: Drizzle|[of] p1a: Pelipper
|turn|11
|
|t:|1743930932
|move|p2a: Bride|Misty Explosion|p1a: Pelipper
|-damage|p1a: Pelipper|2/100
|faint|p2a: Bride
|move|p1a: Pelipper|U-turn|p2: Bride|[notarget]
|-fail|p1a: Pelipper
|
|-weather|RainDance|[upkeep]
|upkeep
|
|t:|1743930939
|switch|p2a: Omnivoracious|Honchkrow, M|100/100
|-damage|p2a: Omnivoracious|76/100|[from] Stealth Rock
|-enditem|p2a: Omnivoracious|Room Service
|-unboost|p2a: Omnivoracious|spe|1|[from] item: Room Service
|turn|12
|
|t:|1743930968
|move|p2a: Omnivoracious|Acrobatics|p1a: Pelipper
|-damage|p1a: Pelipper|0 fnt
|faint|p1a: Pelipper
|-ability|p2a: Omnivoracious|Moxie|boost
|-boost|p2a: Omnivoracious|atk|1
|
|-weather|RainDance|[upkeep]
|upkeep
|
|t:|1743930972
|switch|p1a: Raging Bolt|Raging Bolt|100/100
|-damage|p1a: Raging Bolt|88/100|[from] Stealth Rock
|turn|13
|
|t:|1743930980
|-terastallize|p2a: Omnivoracious|Ground
|move|p1a: Raging Bolt|Thunderclap|p2a: Omnivoracious
|-immune|p2a: Omnivoracious
|move|p2a: Omnivoracious|Tera Blast|p1a: Raging Bolt|[anim] Tera Blast Ground
|-supereffective|p1a: Raging Bolt
|-damage|p1a: Raging Bolt|0 fnt
|faint|p1a: Raging Bolt
|-end|p1a: Raging Bolt|Protosynthesis|[silent]
|-ability|p2a: Omnivoracious|Moxie|boost
|-boost|p2a: Omnivoracious|atk|1
|
|-weather|RainDance|[upkeep]
|-fieldend|move: Trick Room
|upkeep
|-message|Harabon forfeited.
|
|win|srinandhakishore06
|raw|Harabon's rating: 1226 &rarr; <strong>1196</strong><br />(-30 for losing)
|raw|srinandhakishore06's rating: 1151 &rarr; <strong>1181</strong><br />(+30 for winning)
|l|☆Harabon
|player|p1|
