|j|☆yabomboclatt
|j|☆enzofm15
|t:|1743890373
|gametype|singles
|player|p1|yabomboclatt|n-masters|1540
|player|p2|enzofm15|cyrus-masters|1505
|teamsize|p1|6
|teamsize|p2|6
|gen|9
|tier|[Gen 9] OU
|rated|
|rule|HP Percentage Mod: HP is shown in percentages
|rule|Endless Battle Clause: Forcing endless battles is banned
|rule|Species Clause: Limit one of each Pokémon
|rule|OHKO Clause: OHKO moves are banned
|rule|Evasion Items Clause: Evasion items are banned
|rule|Evasion Moves Clause: Evasion moves are banned
|rule|Sleep Moves Clause: Sleep-inducing moves are banned
|clearpoke
|poke|p1|Slowking-Galar, F|
|poke|p1|Raging Bolt|
|poke|p1|Great Tusk|
|poke|p1|Kingambit, M|
|poke|p1|Ogerpon-Wellspring, F|
|poke|p1|Enamorus, F|
|poke|p2|Okidogi, M|
|poke|p2|Ting-Lu|
|poke|p2|Rillaboom, F|
|poke|p2|Zamazenta-*|
|poke|p2|Clefable, M|
|poke|p2|Gholdengo|
|teampreview
|inactive|Battle timer is ON: inactive players will automatically lose when time's up. (requested by yabomboclatt)
|
|t:|1743890404
|start
|switch|p1a: Ogerpon|Ogerpon-Wellspring, F|100/100
|switch|p2a: Rillaboom|Rillaboom, F|100/100
|-fieldstart|move: Grassy Terrain|[from] ability: Grassy Surge|[of] p2a: Rillaboom
|turn|1
|
|t:|1743890432
|move|p1a: Ogerpon|U-turn|p2a: Rillaboom
|-supereffective|p2a: Rillaboom
|-damage|p2a: Rillaboom|38/100
|
|t:|1743890439
|switch|p1a: Great Tusk|Great Tusk|100/100|[from] U-turn
|move|p2a: Rillaboom|U-turn|p1a: Great Tusk
|-resisted|p1a: Great Tusk
|-damage|p1a: Great Tusk|85/100
|-damage|p2a: Rillaboom|22/100|[from] item: Rocky Helmet|[of] p1a: Great Tusk
|
|t:|1743890453
|switch|p2a: Gholdengo|Gholdengo|100/100|[from] U-turn
|-item|p2a: Gholdengo|Air Balloon
|
|-heal|p1a: Great Tusk|91/100|[from] Grassy Terrain
|upkeep
|turn|2
|
|t:|1743890461
|-end|p1a: Great Tusk|Protosynthesis|[silent]
|switch|p1a: Ogerpon|Ogerpon-Wellspring, F|100/100
|move|p2a: Gholdengo|Make It Rain|p1a: Ogerpon
|-resisted|p1a: Ogerpon
|-damage|p1a: Ogerpon|70/100
|-unboost|p2a: Gholdengo|spa|1
|
|-heal|p1a: Ogerpon|76/100|[from] Grassy Terrain
|upkeep
|turn|3
|
|t:|1743890467
|switch|p2a: Zamazenta|Zamazenta|100/100
|-ability|p2a: Zamazenta|Dauntless Shield|boost
|-boost|p2a: Zamazenta|def|1
|move|p1a: Ogerpon|U-turn|p2a: Zamazenta
|-resisted|p2a: Zamazenta
|-damage|p2a: Zamazenta|92/100
|
|t:|1743890474
|switch|p1a: Slowking|Slowking-Galar, F|100/100|[from] U-turn
|
|-heal|p2a: Zamazenta|98/100|[from] Grassy Terrain
|upkeep
|turn|4
|
|t:|1743890502
|switch|p2a: Gholdengo|Gholdengo|100/100
|-item|p2a: Gholdengo|Air Balloon
|move|p1a: Slowking|Sludge Bomb|p2a: Gholdengo
|-immune|p2a: Gholdengo
|
|upkeep
|turn|5
|
|t:|1743890508
|move|p2a: Gholdengo|Shadow Ball|p1a: Slowking
|-supereffective|p1a: Slowking
|-damage|p1a: Slowking|61/100
|-unboost|p1a: Slowking|spd|1
|move|p1a: Slowking|Flamethrower|p2a: Gholdengo
|-supereffective|p2a: Gholdengo
|-damage|p2a: Gholdengo|51/100
|-status|p2a: Gholdengo|brn
|-enditem|p2a: Gholdengo|Air Balloon
|
|-heal|p2a: Gholdengo|57/100 brn|[from] Grassy Terrain
|-heal|p1a: Slowking|67/100|[from] Grassy Terrain
|-damage|p2a: Gholdengo|51/100 brn|[from] brn
|-fieldend|move: Grassy Terrain
|upkeep
|turn|6
|
|t:|1743890515
|switch|p1a: Ogerpon|Ogerpon-Wellspring, F|76/100
|move|p2a: Gholdengo|Shadow Ball|p1a: Ogerpon
|-damage|p1a: Ogerpon|36/100
|
|-damage|p2a: Gholdengo|45/100 brn|[from] brn
|upkeep
|turn|7
|
|t:|1743890520
|move|p1a: Ogerpon|Ivy Cudgel|p2a: Gholdengo|[anim] Ivy Cudgel Water
|-damage|p2a: Gholdengo|5/100 brn
|move|p2a: Gholdengo|Shadow Ball|p1a: Ogerpon
|-damage|p1a: Ogerpon|0 fnt
|faint|p1a: Ogerpon
|
|-damage|p2a: Gholdengo|0 fnt|[from] brn
|faint|p2a: Gholdengo
|upkeep
|inactive|enzofm15 has 120 seconds left.
|
|t:|1743890567
|switch|p1a: Great Tusk|Great Tusk|91/100
|switch|p2a: Rillaboom|Rillaboom, F|22/100
|-fieldstart|move: Grassy Terrain|[from] ability: Grassy Surge|[of] p2a: Rillaboom
|turn|8
|
|t:|1743890587
|-end|p1a: Great Tusk|Protosynthesis|[silent]
|switch|p1a: Raging Bolt|Raging Bolt|100/100
|-enditem|p1a: Raging Bolt|Booster Energy
|-activate|p1a: Raging Bolt|ability: Protosynthesis|[fromitem]
|-start|p1a: Raging Bolt|protosynthesisspa
|switch|p2a: Clefable|Clefable, M|100/100
|
|upkeep
|turn|9
|
|t:|1743890592
|switch|p2a: Ting-Lu|Ting-Lu|100/100
|-ability|p2a: Ting-Lu|Vessel of Ruin
|move|p1a: Raging Bolt|Thunderbolt|p2a: Ting-Lu
|-immune|p2a: Ting-Lu
|
|upkeep
|turn|10
|
|t:|1743890608
|move|p1a: Raging Bolt|Dragon Pulse|p2a: Ting-Lu
|-damage|p2a: Ting-Lu|75/100
|move|p2a: Ting-Lu|Stealth Rock|p1a: Raging Bolt
|-sidestart|p1: yabomboclatt|move: Stealth Rock
|
|-heal|p2a: Ting-Lu|81/100|[from] Grassy Terrain
|-heal|p2a: Ting-Lu|87/100|[from] item: Leftovers
|upkeep
|turn|11
|inactive|enzofm15 has 120 seconds left.
|
|t:|1743890614
|move|p1a: Raging Bolt|Dragon Pulse|p2a: Ting-Lu
|-damage|p2a: Ting-Lu|60/100
|move|p2a: Ting-Lu|Whirlwind|p1a: Raging Bolt
|-end|p1a: Raging Bolt|Protosynthesis|[silent]
|drag|p1a: Slowking|Slowking-Galar, F|99/100
|-damage|p1a: Slowking|88/100|[from] Stealth Rock
|
|-heal|p2a: Ting-Lu|66/100|[from] Grassy Terrain
|-heal|p2a: Ting-Lu|73/100|[from] item: Leftovers
|-heal|p1a: Slowking|94/100|[from] Grassy Terrain
|upkeep
|turn|12
|
|t:|1743890622
|move|p1a: Slowking|Ice Beam|p2a: Ting-Lu
|-supereffective|p2a: Ting-Lu
|-damage|p2a: Ting-Lu|51/100
|move|p2a: Ting-Lu|Whirlwind|p1a: Slowking
|drag|p1a: Kingambit|Kingambit, M|100/100
|-damage|p1a: Kingambit|94/100|[from] Stealth Rock
|-activate|p1a: Kingambit|ability: Supreme Overlord
|-start|p1a: Kingambit|fallen1|[silent]
|
|-heal|p1a: Kingambit|100/100|[from] Grassy Terrain
|-heal|p2a: Ting-Lu|57/100|[from] Grassy Terrain
|-heal|p2a: Ting-Lu|63/100|[from] item: Leftovers
|-fieldend|move: Grassy Terrain
|upkeep
|turn|13
|
|t:|1743890634
|-end|p1a: Kingambit|fallen1|[silent]
|switch|p1a: Great Tusk|Great Tusk|91/100
|-damage|p1a: Great Tusk|88/100|[from] Stealth Rock
|switch|p2a: Zamazenta|Zamazenta|98/100
|
|upkeep
|turn|14
|
|t:|1743890640
|move|p2a: Zamazenta|Close Combat|p1a: Great Tusk
|-damage|p1a: Great Tusk|20/100
|-unboost|p2a: Zamazenta|def|1
|-unboost|p2a: Zamazenta|spd|1
|-damage|p2a: Zamazenta|81/100|[from] item: Rocky Helmet|[of] p1a: Great Tusk
|move|p1a: Great Tusk|Headlong Rush|p2a: Zamazenta
|-damage|p2a: Zamazenta|0 fnt
|-unboost|p1a: Great Tusk|def|1
|-unboost|p1a: Great Tusk|spd|1
|faint|p2a: Zamazenta
|
|upkeep
|
|t:|1743890651
|switch|p2a: Rillaboom|Rillaboom, F|22/100
|-fieldstart|move: Grassy Terrain|[from] ability: Grassy Surge|[of] p2a: Rillaboom
|turn|15
|
|t:|1743890654
|-end|p1a: Great Tusk|Protosynthesis|[silent]
|switch|p1a: Raging Bolt|Raging Bolt|100/100
|-damage|p1a: Raging Bolt|88/100|[from] Stealth Rock
|move|p2a: Rillaboom|Grassy Glide|p1a: Raging Bolt
|-resisted|p1a: Raging Bolt
|-damage|p1a: Raging Bolt|62/100
|
|-heal|p2a: Rillaboom|28/100|[from] Grassy Terrain
|-heal|p1a: Raging Bolt|68/100|[from] Grassy Terrain
|upkeep
|turn|16
|
|t:|1743890657
|switch|p2a: Ting-Lu|Ting-Lu|63/100
|-ability|p2a: Ting-Lu|Vessel of Ruin
|move|p1a: Raging Bolt|Thunderbolt|p2a: Ting-Lu
|-immune|p2a: Ting-Lu
|
|-heal|p1a: Raging Bolt|74/100|[from] Grassy Terrain
|-heal|p2a: Ting-Lu|70/100|[from] Grassy Terrain
|-heal|p2a: Ting-Lu|76/100|[from] item: Leftovers
|upkeep
|turn|17
|
|t:|1743890663
|move|p1a: Raging Bolt|Dragon Pulse|p2a: Ting-Lu
|-damage|p2a: Ting-Lu|56/100
|move|p2a: Ting-Lu|Spikes|p1a: Raging Bolt
|-sidestart|p1: yabomboclatt|Spikes
|
|-heal|p1a: Raging Bolt|81/100|[from] Grassy Terrain
|-heal|p2a: Ting-Lu|63/100|[from] Grassy Terrain
|-heal|p2a: Ting-Lu|69/100|[from] item: Leftovers
|upkeep
|turn|18
|
|t:|1743890673
|move|p1a: Raging Bolt|Dragon Pulse|p2a: Ting-Lu
|-damage|p2a: Ting-Lu|49/100
|move|p2a: Ting-Lu|Spikes|p1a: Raging Bolt
|-sidestart|p1: yabomboclatt|Spikes
|
|-heal|p1a: Raging Bolt|87/100|[from] Grassy Terrain
|-heal|p2a: Ting-Lu|56/100|[from] Grassy Terrain
|-heal|p2a: Ting-Lu|62/100|[from] item: Leftovers
|upkeep
|turn|19
|
|t:|1743890676
|move|p1a: Raging Bolt|Dragon Pulse|p2a: Ting-Lu
|-damage|p2a: Ting-Lu|42/100
|move|p2a: Ting-Lu|Whirlwind|p1a: Raging Bolt
|-end|p1a: Raging Bolt|Protosynthesis|[silent]
|drag|p1a: Enamorus|Enamorus, F|100/100
|-damage|p1a: Enamorus|76/100|[from] Stealth Rock
|
|-heal|p2a: Ting-Lu|48/100|[from] Grassy Terrain
|-heal|p2a: Ting-Lu|54/100|[from] item: Leftovers
|-fieldend|move: Grassy Terrain
|upkeep
|turn|20
|
|t:|1743890700
|move|p1a: Enamorus|Moonblast|p2a: Ting-Lu
|-supereffective|p2a: Ting-Lu
|-damage|p2a: Ting-Lu|5/100
|move|p2a: Ting-Lu|Whirlwind|p1a: Enamorus
|drag|p1a: Kingambit|Kingambit, M|100/100
|-damage|p1a: Kingambit|94/100|[from] Stealth Rock
|-damage|p1a: Kingambit|78/100|[from] Spikes
|-activate|p1a: Kingambit|ability: Supreme Overlord
|-start|p1a: Kingambit|fallen1|[silent]
|
|-heal|p1a: Kingambit|84/100|[from] item: Leftovers
|-heal|p2a: Ting-Lu|12/100|[from] item: Leftovers
|upkeep
|turn|21
|
|t:|1743890711
|move|p1a: Kingambit|Kowtow Cleave|p2a: Ting-Lu
|-resisted|p2a: Ting-Lu
|-damage|p2a: Ting-Lu|0 fnt
|faint|p2a: Ting-Lu
|
|-heal|p1a: Kingambit|90/100|[from] item: Leftovers
|upkeep
|
|t:|1743890714
|switch|p2a: Okidogi|Okidogi, M|100/100
|-item|p2a: Okidogi|Air Balloon
|turn|22
|
|t:|1743890731
|move|p2a: Okidogi|Knock Off|p1a: Kingambit
|-resisted|p1a: Kingambit
|-damage|p1a: Kingambit|76/100
|-enditem|p1a: Kingambit|Leftovers|[from] move: Knock Off|[of] p2a: Okidogi
|move|p1a: Kingambit|Kowtow Cleave|p2a: Okidogi
|-resisted|p2a: Okidogi
|-damage|p2a: Okidogi|77/100
|-enditem|p2a: Okidogi|Air Balloon
|
|upkeep
|turn|23
|
|t:|1743890741
|-end|p1a: Kingambit|fallen1|[silent]
|switch|p1a: Great Tusk|Great Tusk|20/100
|-damage|p1a: Great Tusk|17/100|[from] Stealth Rock
|-damage|p1a: Great Tusk|1/100|[from] Spikes
|move|p2a: Okidogi|Close Combat|p1a: Great Tusk
|-damage|p1a: Great Tusk|0 fnt
|-unboost|p2a: Okidogi|def|1
|-unboost|p2a: Okidogi|spd|1
|-damage|p2a: Okidogi|60/100|[from] item: Rocky Helmet|[of] p1a: Great Tusk
|faint|p1a: Great Tusk
|-end|p1a: Great Tusk|Protosynthesis|[silent]
|
|upkeep
|
|t:|1743890752
|switch|p1a: Raging Bolt|Raging Bolt|87/100
|-damage|p1a: Raging Bolt|74/100|[from] Stealth Rock
|-damage|p1a: Raging Bolt|58/100|[from] Spikes
|turn|24
|
|t:|1743890760
|move|p1a: Raging Bolt|Thunderclap||[still]
|-fail|p1a: Raging Bolt
|move|p2a: Okidogi|Bulk Up|p2a: Okidogi
|-boost|p2a: Okidogi|atk|1
|-boost|p2a: Okidogi|def|1
|
|upkeep
|turn|25
|
|t:|1743890770
|switch|p2a: Clefable|Clefable, M|100/100
|move|p1a: Raging Bolt|Thunderbolt|p2a: Clefable
|-damage|p2a: Clefable|46/100
|
|-heal|p2a: Clefable|52/100|[from] item: Leftovers
|upkeep
|turn|26
|inactive|enzofm15 has 120 seconds left.
|c|☆enzofm15|ive been outplayed
|
|t:|1743890812
|move|p1a: Raging Bolt|Thunderbolt|p2a: Clefable
|-damage|p2a: Clefable|3/100
|move|p2a: Clefable|Moonblast|p1a: Raging Bolt
|-supereffective|p1a: Raging Bolt
|-damage|p1a: Raging Bolt|0 fnt
|faint|p1a: Raging Bolt
|-end|p1a: Raging Bolt|Protosynthesis|[silent]
|
|-heal|p2a: Clefable|9/100|[from] item: Leftovers
|upkeep
|c|☆enzofm15|big roll
|
|t:|1743890834
|switch|p1a: Enamorus|Enamorus, F|76/100
|-damage|p1a: Enamorus|51/100|[from] Stealth Rock
|turn|27
|
|t:|1743890840
|move|p1a: Enamorus|Moonblast|p2a: Clefable
|-damage|p2a: Clefable|0 fnt
|faint|p2a: Clefable
|
|upkeep
|c|☆yabomboclatt|huge roll
|inactive|enzofm15 has 120 seconds left.
|
|t:|1743890859
|switch|p2a: Rillaboom|Rillaboom, F|28/100
|-fieldstart|move: Grassy Terrain|[from] ability: Grassy Surge|[of] p2a: Rillaboom
|turn|28
|inactive|enzofm15 has 120 seconds left.
|
|t:|1743890882
|-terastallize|p2a: Rillaboom|Grass
|move|p2a: Rillaboom|Grassy Glide|p1a: Enamorus
|-resisted|p1a: Enamorus
|-damage|p1a: Enamorus|0 fnt
|faint|p1a: Enamorus
|
|-heal|p2a: Rillaboom|34/100|[from] Grassy Terrain
|upkeep
|
|t:|1743890885
|switch|p1a: Kingambit|Kingambit, M|76/100
|-damage|p1a: Kingambit|70/100|[from] Stealth Rock
|-damage|p1a: Kingambit|54/100|[from] Spikes
|-activate|p1a: Kingambit|ability: Supreme Overlord
|-start|p1a: Kingambit|fallen4|[silent]
|turn|29
|
|t:|1743890891
|switch|p2a: Okidogi|Okidogi, M|60/100
|move|p1a: Kingambit|Kowtow Cleave|p2a: Okidogi
|-resisted|p2a: Okidogi
|-damage|p2a: Okidogi|30/100
|
|-heal|p2a: Okidogi|36/100|[from] Grassy Terrain
|-heal|p1a: Kingambit|60/100|[from] Grassy Terrain
|upkeep
|turn|30
|c|☆enzofm15|why is every turn a 50
|
|t:|1743890920
|-terastallize|p1a: Kingambit|Ghost
|move|p2a: Okidogi|Close Combat|p1a: Kingambit
|-immune|p1a: Kingambit
|move|p1a: Kingambit|Kowtow Cleave|p2a: Okidogi
|-resisted|p2a: Okidogi
|-damage|p2a: Okidogi|6/100
|
|-heal|p2a: Okidogi|12/100|[from] Grassy Terrain
|-heal|p1a: Kingambit|66/100|[from] Grassy Terrain
|upkeep
|turn|31
|
|t:|1743890929
|move|p2a: Okidogi|Bulk Up|p2a: Okidogi
|-boost|p2a: Okidogi|atk|1
|-boost|p2a: Okidogi|def|1
|move|p1a: Kingambit|Kowtow Cleave|p2a: Okidogi
|-resisted|p2a: Okidogi
|-damage|p2a: Okidogi|0 fnt
|faint|p2a: Okidogi
|
|-heal|p1a: Kingambit|72/100|[from] Grassy Terrain
|upkeep
|
|t:|1743890931
|switch|p2a: Rillaboom|Rillaboom, F, tera:Grass|34/100
|turn|32
|
|t:|1743890933
|move|p1a: Kingambit|Sucker Punch|p2a: Rillaboom
|-damage|p2a: Rillaboom|0 fnt
|faint|p2a: Rillaboom
|
|win|yabomboclatt
|raw|yabomboclatt's rating: 1540 &rarr; <strong>1558</strong><br />(+18 for winning)
|raw|enzofm15's rating: 1505 &rarr; <strong>1487</strong><br />(-18 for losing)
|c|☆enzofm15|gg
|c|☆yabomboclatt|gg
