|j|☆lol2kk
|j|☆jp8 the marth main
|t:|1743873929
|gametype|singles
|player|p1|lol2kk|lance|1347
|player|p2|jp8 the marth main|1|1356
|teamsize|p1|6
|teamsize|p2|6
|gen|9
|tier|[Gen 9] OU
|rated|
|rule|HP Percentage Mod: HP is shown in percentages
|rule|Endless Battle Clause: Forcing endless battles is banned
|rule|Species Clause: Limit one of each Pokémon
|rule|OHKO Clause: OHKO moves are banned
|rule|Evasion Items Clause: Evasion items are banned
|rule|Evasion Moves Clause: Evasion moves are banned
|rule|Sleep Moves Clause: Sleep-inducing moves are banned
|clearpoke
|poke|p1|Iron Treads|
|poke|p1|Basculegion-F, F|
|poke|p1|Conkeldurr, M|
|poke|p1|Serperior, F|
|poke|p1|Kingambit, M|
|poke|p1|Electrode-Hisui|
|poke|p2|Fezandipiti, M|
|poke|p2|Great Tusk|
|poke|p2|Hydrapple, F|
|poke|p2|Raging Bolt|
|poke|p2|Salazzle, F|
|poke|p2|Frosmoth, M|
|teampreview
|inactive|Battle timer is ON: inactive players will automatically lose when time's up. (requested by lol2kk)
|
|t:|1743873951
|start
|switch|p1a: Basculegion|Basculegion-F, F, shiny|100/100
|switch|p2a: Salazzle|Salazzle, F|100/100
|turn|1
|inactive|jp8 the marth main has 120 seconds left.
|
|t:|1743873981
|move|p1a: Basculegion|Surf|p2a: Salazzle
|-supereffective|p2a: Salazzle
|-enditem|p2a: Salazzle|Focus Sash
|-damage|p2a: Salazzle|1/100
|move|p2a: Salazzle|Toxic|p1a: Basculegion
|-status|p1a: Basculegion|tox
|
|-damage|p1a: Basculegion|94/100 tox|[from] psn
|upkeep
|turn|2
|
|t:|1743873985
|switch|p2a: Hydrapple|Hydrapple, F, shiny|100/100
|move|p1a: Basculegion|Surf|p2a: Hydrapple
|-resisted|p2a: Hydrapple
|-damage|p2a: Hydrapple|87/100
|
|-damage|p1a: Basculegion|82/100 tox|[from] psn
|upkeep
|turn|3
|
|t:|1743873994
|move|p1a: Basculegion|Surf|p2a: Hydrapple
|-resisted|p2a: Hydrapple
|-damage|p2a: Hydrapple|74/100
|move|p2a: Hydrapple|Fickle Beam|p1a: Basculegion
|-damage|p1a: Basculegion|34/100 tox
|
|-damage|p1a: Basculegion|15/100 tox|[from] psn
|upkeep
|turn|4
|
|t:|1743873999
|move|p1a: Basculegion|Surf|p2a: Hydrapple
|-resisted|p2a: Hydrapple
|-damage|p2a: Hydrapple|62/100
|move|p2a: Hydrapple|Giga Drain|p1a: Basculegion
|-supereffective|p1a: Basculegion
|-damage|p1a: Basculegion|0 fnt
|-heal|p2a: Hydrapple|69/100|[from] drain|[of] p1a: Basculegion
|faint|p1a: Basculegion
|
|upkeep
|
|t:|1743874011
|switch|p1a: Serperior|Serperior, F|100/100
|turn|5
|
|t:|1743874022
|move|p1a: Serperior|Glare|p2a: Hydrapple
|-status|p2a: Hydrapple|par
|cant|p2a: Hydrapple|par
|
|upkeep
|turn|6
|
|t:|1743874025
|move|p1a: Serperior|Leaf Storm|p2a: Hydrapple
|-resisted|p2a: Hydrapple
|-damage|p2a: Hydrapple|57/100 par
|-boost|p1a: Serperior|spa|2
|cant|p2a: Hydrapple|par
|
|upkeep
|turn|7
|
|t:|1743874031
|move|p1a: Serperior|Leaf Storm|p2a: Hydrapple
|-resisted|p2a: Hydrapple
|-damage|p2a: Hydrapple|32/100 par
|-boost|p1a: Serperior|spa|2
|move|p2a: Hydrapple|Fickle Beam|p1a: Serperior|[anim] Fickle Beam All Out
|-activate|p2a: Hydrapple|move: Fickle Beam
|-damage|p1a: Serperior|4/100
|
|-heal|p1a: Serperior|10/100|[from] item: Leftovers
|upkeep
|turn|8
|
|t:|1743874041
|switch|p2a: Salazzle|Salazzle, F|1/100
|move|p1a: Serperior|Dragon Pulse|p2a: Salazzle
|-crit|p2a: Salazzle
|-damage|p2a: Salazzle|0 fnt
|faint|p2a: Salazzle
|
|-heal|p1a: Serperior|16/100|[from] item: Leftovers
|upkeep
|
|t:|1743874051
|switch|p2a: Frosmoth|Frosmoth, M|100/100
|turn|9
|
|t:|1743874056
|move|p1a: Serperior|Glare|p2a: Frosmoth
|-status|p2a: Frosmoth|par
|move|p2a: Frosmoth|Quiver Dance|p2a: Frosmoth
|-boost|p2a: Frosmoth|spa|1
|-boost|p2a: Frosmoth|spd|1
|-boost|p2a: Frosmoth|spe|1
|
|-heal|p1a: Serperior|22/100|[from] item: Leftovers
|upkeep
|turn|10
|
|t:|1743874058
|move|p1a: Serperior|Dragon Pulse|p2a: Frosmoth
|-damage|p2a: Frosmoth|71/100 par
|move|p2a: Frosmoth|Ice Beam|p1a: Serperior
|-supereffective|p1a: Serperior
|-damage|p1a: Serperior|0 fnt
|faint|p1a: Serperior
|
|upkeep
|
|t:|1743874069
|switch|p1a: Iron Treads|Iron Treads|100/100
|-enditem|p1a: Iron Treads|Booster Energy
|-activate|p1a: Iron Treads|ability: Quark Drive|[fromitem]
|-start|p1a: Iron Treads|quarkdrivespe
|turn|11
|
|t:|1743874092
|move|p1a: Iron Treads|Earthquake|p2a: Frosmoth
|-resisted|p2a: Frosmoth
|-damage|p2a: Frosmoth|33/100 par
|move|p2a: Frosmoth|Ice Beam|p1a: Iron Treads
|-damage|p1a: Iron Treads|21/100
|
|upkeep
|turn|12
|
|t:|1743874102
|move|p1a: Iron Treads|Earthquake|p2a: Frosmoth
|-resisted|p2a: Frosmoth
|-damage|p2a: Frosmoth|0 fnt
|faint|p2a: Frosmoth
|
|upkeep
|
|t:|1743874107
|switch|p2a: Great Tusk|Great Tusk|100/100
|turn|13
|
|t:|1743874119
|move|p1a: Iron Treads|Stealth Rock|p2a: Great Tusk
|-sidestart|p2: jp8 the marth main|move: Stealth Rock
|move|p2a: Great Tusk|Headlong Rush|p1a: Iron Treads
|-supereffective|p1a: Iron Treads
|-damage|p1a: Iron Treads|0 fnt
|-unboost|p2a: Great Tusk|def|1
|-unboost|p2a: Great Tusk|spd|1
|faint|p1a: Iron Treads
|-end|p1a: Iron Treads|Quark Drive|[silent]
|
|upkeep
|
|t:|1743874122
|switch|p1a: Kingambit|Kingambit, M, shiny|100/100
|-activate|p1a: Kingambit|ability: Supreme Overlord
|-start|p1a: Kingambit|fallen3|[silent]
|turn|14
|
|t:|1743874129
|-terastallize|p1a: Kingambit|Ghost
|move|p2a: Great Tusk|Rapid Spin|p1a: Kingambit
|-immune|p1a: Kingambit
|move|p1a: Kingambit|Swords Dance|p1a: Kingambit
|-boost|p1a: Kingambit|atk|2
|
|upkeep
|turn|15
|
|t:|1743874142
|move|p2a: Great Tusk|Knock Off|p1a: Kingambit
|-supereffective|p1a: Kingambit
|-damage|p1a: Kingambit|50/100
|-enditem|p1a: Kingambit|Leftovers|[from] move: Knock Off|[of] p2a: Great Tusk
|move|p1a: Kingambit|Iron Head|p2a: Great Tusk
|-damage|p2a: Great Tusk|0 fnt
|faint|p2a: Great Tusk
|-end|p2a: Great Tusk|Protosynthesis|[silent]
|
|upkeep
|
|t:|1743874151
|switch|p2a: Fezandipiti|Fezandipiti, M|100/100
|-damage|p2a: Fezandipiti|88/100|[from] Stealth Rock
|turn|16
|
|t:|1743874158
|move|p1a: Kingambit|Sucker Punch|p2a: Fezandipiti
|-resisted|p2a: Fezandipiti
|-damage|p2a: Fezandipiti|20/100
|move|p2a: Fezandipiti|Poison Jab|p1a: Kingambit
|-resisted|p1a: Kingambit
|-damage|p1a: Kingambit|31/100
|-status|p1a: Kingambit|tox|[from] ability: Toxic Chain|[of] p2a: Fezandipiti
|
|-damage|p1a: Kingambit|25/100 tox|[from] psn
|upkeep
|turn|17
|
|t:|1743874165
|move|p2a: Fezandipiti|Poison Jab|p1a: Kingambit
|-resisted|p1a: Kingambit
|-damage|p1a: Kingambit|9/100 tox
|move|p1a: Kingambit|Iron Head|p2a: Fezandipiti
|-supereffective|p2a: Fezandipiti
|-damage|p2a: Fezandipiti|0 fnt
|faint|p2a: Fezandipiti
|
|-damage|p1a: Kingambit|0 fnt|[from] psn
|faint|p1a: Kingambit
|-end|p1a: Kingambit|fallen3|[silent]
|upkeep
|
|t:|1743874172
|switch|p2a: Hydrapple|Hydrapple, F, shiny|65/100 par
|switch|p1a: Conkeldurr|Conkeldurr, M|100/100
|turn|18
|
|t:|1743874190
|move|p1a: Conkeldurr|Knock Off|p2a: Hydrapple
|-damage|p2a: Hydrapple|37/100 par
|-enditem|p2a: Hydrapple|Heavy-Duty Boots|[from] move: Knock Off|[of] p1a: Conkeldurr
|cant|p2a: Hydrapple|par
|
|-status|p1a: Conkeldurr|brn|[from] item: Flame Orb
|upkeep
|turn|19
|
|t:|1743874203
|move|p1a: Conkeldurr|Facade|p2a: Hydrapple
|-damage|p2a: Hydrapple|0 fnt
|faint|p2a: Hydrapple
|
|-damage|p1a: Conkeldurr|94/100 brn|[from] brn
|upkeep
|
|t:|1743874206
|switch|p2a: Raging Bolt|Raging Bolt|100/100
|-damage|p2a: Raging Bolt|88/100|[from] Stealth Rock
|-enditem|p2a: Raging Bolt|Booster Energy
|-activate|p2a: Raging Bolt|ability: Protosynthesis|[fromitem]
|-start|p2a: Raging Bolt|protosynthesisspa
|turn|20
|
|t:|1743874217
|move|p2a: Raging Bolt|Thunderclap|p1a: Conkeldurr
|-damage|p1a: Conkeldurr|36/100 brn
|move|p1a: Conkeldurr|Facade|p2a: Raging Bolt
|-damage|p2a: Raging Bolt|23/100
|
|-damage|p1a: Conkeldurr|30/100 brn|[from] brn
|upkeep
|turn|21
|
|t:|1743874222
|move|p2a: Raging Bolt|Thunderclap|p1a: Conkeldurr
|-damage|p1a: Conkeldurr|0 fnt
|faint|p1a: Conkeldurr
|
|upkeep
|
|t:|1743874225
|switch|p1a: Electrode|Electrode-Hisui, shiny|100/100
|turn|22
|
|t:|1743874229
|move|p1a: Electrode|Thunderbolt|p2a: Raging Bolt
|-resisted|p2a: Raging Bolt
|-damage|p2a: Raging Bolt|13/100
|move|p2a: Raging Bolt|Draco Meteor|p1a: Electrode
|-damage|p1a: Electrode|0 fnt
|-unboost|p2a: Raging Bolt|spa|2
|faint|p1a: Electrode
|
|win|jp8 the marth main
|raw|lol2kk's rating: 1347 &rarr; <strong>1328</strong><br />(-19 for losing)
|raw|jp8 the marth main's rating: 1356 &rarr; <strong>1375</strong><br />(+19 for winning)
|l|☆lol2kk
|player|p1|
|l|☆jp8 the marth main
|player|p2|
