|j|☆R. Caroline
|j|☆dajiangbanlema
|t:|1743904691
|gametype|singles
|player|p1|R. Caroline|pokemonrangerf-gen4|1623
|player|p2|dajiangbanlema|265|1637
|teamsize|p1|6
|teamsize|p2|6
|gen|9
|tier|[Gen 9] OU
|rated|
|rule|HP Percentage Mod: HP is shown in percentages
|rule|Endless Battle Clause: Forcing endless battles is banned
|rule|Species Clause: Limit one of each Pokémon
|rule|OHKO Clause: OHKO moves are banned
|rule|Evasion Items Clause: Evasion items are banned
|rule|Evasion Moves Clause: Evasion moves are banned
|rule|Sleep Moves Clause: Sleep-inducing moves are banned
|clearpoke
|poke|p1|Latios, M|
|poke|p1|Chansey, F|
|poke|p1|Ursaluna, M|
|poke|p1|Scizor, M|
|poke|p1|Umbreon, F|
|poke|p1|Mew|
|poke|p2|Ting-Lu|
|poke|p2|Hatterene, F|
|poke|p2|Samurott-Hisui, F|
|poke|p2|Deoxys-Defense|
|poke|p2|Glimmora, F|
|poke|p2|Clefable, M|
|teampreview
|
|t:|1743904705
|start
|switch|p1a: Boston|Mew, shiny|100/100
|switch|p2a: Samurott|Samurott-Hisui, F|100/100
|turn|1
|inactive|Battle timer is ON: inactive players will automatically lose when time's up. (requested by dajiangbanlema)
|l|☆dajiangbanlema
|inactive|dajiangbanlema disconnected and has a minute to reconnect!
|player|p2|
|inactive|R. Caroline has 120 seconds left.
|j|☆dajiangbanlema
|inactive|dajiangbanlema reconnected.
|player|p2|dajiangbanlema|265|
|inactive|R. Caroline has 90 seconds left.
|inactiveoff|Battle timer is now OFF.
|
|t:|1743904799
|move|p1a: Boston|Volt Switch|p2a: Samurott
|-supereffective|p2a: Samurott
|-damage|p2a: Samurott|72/100
|
|t:|1743904802
|switch|p1a: Dinah|Umbreon, F|100/100|[from] Volt Switch
|move|p2a: Samurott|Knock Off|p1a: Dinah
|-resisted|p1a: Dinah
|-damage|p1a: Dinah|87/100
|-damage|p2a: Samurott|55/100|[from] item: Rocky Helmet|[of] p1a: Dinah
|-enditem|p1a: Dinah|Rocky Helmet|[from] move: Knock Off|[of] p2a: Samurott
|
|upkeep
|turn|2
|
|t:|1743904815
|move|p2a: Samurott|Sacred Sword|p1a: Dinah
|-supereffective|p1a: Dinah
|-damage|p1a: Dinah|38/100
|move|p1a: Dinah|Foul Play|p2a: Samurott
|-resisted|p2a: Samurott
|-damage|p2a: Samurott|24/100
|
|upkeep
|turn|3
|
|t:|1743904822
|-terastallize|p1a: Dinah|Bug
|move|p2a: Samurott|Sacred Sword|p1a: Dinah
|-resisted|p1a: Dinah
|-damage|p1a: Dinah|25/100
|move|p1a: Dinah|Foul Play|p2a: Samurott
|-resisted|p2a: Samurott
|-damage|p2a: Samurott|0 fnt
|faint|p2a: Samurott
|
|upkeep
|
|t:|1743904837
|switch|p2a: Clefable|Clefable, M|100/100
|turn|4
|
|t:|1743904842
|move|p1a: Dinah|Moonlight|p1a: Dinah
|-heal|p1a: Dinah|75/100
|move|p2a: Clefable|Stealth Rock|p1a: Dinah
|-sidestart|p1: R. Caroline|move: Stealth Rock
|
|upkeep
|turn|5
|
|t:|1743904847
|switch|p2a: Glimmora|Glimmora, F|100/100
|move|p1a: Dinah|Thunder Wave|p2a: Glimmora
|-status|p2a: Glimmora|par
|
|upkeep
|turn|6
|
|t:|1743904853
|switch|p1a: Boston|Mew, shiny|100/100
|-damage|p1a: Boston|88/100|[from] Stealth Rock
|move|p2a: Glimmora|Sand Tomb|p1a: Boston
|-damage|p1a: Boston|83/100
|-activate|p1a: Boston|move: Sand Tomb|[of] p2a: Glimmora
|
|-damage|p1a: Boston|70/100|[from] move: Sand Tomb|[partiallytrapped]
|upkeep
|turn|7
|
|t:|1743904862
|move|p1a: Boston|Earth Power|p2a: Glimmora
|-supereffective|p2a: Glimmora
|-damage|p2a: Glimmora|4/100 par
|move|p2a: Glimmora|Sand Tomb|p1a: Boston
|-damage|p1a: Boston|65/100
|
|-heal|p2a: Glimmora|10/100 par|[from] item: Leftovers
|-damage|p1a: Boston|53/100|[from] move: Sand Tomb|[partiallytrapped]
|upkeep
|turn|8
|
|t:|1743904871
|move|p2a: Glimmora|Spiky Shield|p2a: Glimmora
|-singleturn|p2a: Glimmora|move: Protect
|move|p1a: Boston|Earth Power|p2a: Glimmora
|-activate|p2a: Glimmora|move: Protect
|
|-heal|p2a: Glimmora|16/100 par|[from] item: Leftovers
|-damage|p1a: Boston|41/100|[from] move: Sand Tomb|[partiallytrapped]
|upkeep
|turn|9
|
|t:|1743904880
|switch|p2a: Clefable|Clefable, M|100/100
|move|p1a: Boston|Earth Power|p2a: Clefable
|-damage|p2a: Clefable|84/100
|
|-heal|p2a: Clefable|90/100|[from] item: Leftovers
|-end|p1a: Boston|Sand Tomb|[partiallytrapped]|[silent]
|upkeep
|turn|10
|
|t:|1743904888
|switch|p1a: Etrig|Ursaluna, M, shiny|100/100
|-damage|p1a: Etrig|94/100|[from] Stealth Rock
|move|p2a: Clefable|Wish|p2a: Clefable
|
|-heal|p2a: Clefable|96/100|[from] item: Leftovers
|upkeep
|turn|11
|
|t:|1743904907
|switch|p2a: Deoxys|Deoxys-Defense|100/100
|-ability|p2a: Deoxys|Pressure
|move|p1a: Etrig|Earthquake|p2a: Deoxys
|-damage|p2a: Deoxys|66/100
|
|-heal|p2a: Deoxys|100/100|[from] move: Wish|[wisher] Clefable
|upkeep
|turn|12
|
|t:|1743904931
|move|p2a: Deoxys|Wrap|p1a: Etrig
|-damage|p1a: Etrig|93/100
|-activate|p1a: Etrig|move: Wrap|[of] p2a: Deoxys
|move|p1a: Etrig|Earthquake|p2a: Deoxys
|-damage|p2a: Deoxys|67/100
|
|-damage|p1a: Etrig|76/100|[from] move: Wrap|[partiallytrapped]
|upkeep
|turn|13
|
|t:|1743904941
|move|p2a: Deoxys|Skill Swap|p1a: Etrig
|-activate|p2a: Deoxys|move: Skill Swap|Bulletproof|Pressure|[of] p1a: Etrig
|-ability|p1a: Etrig|Pressure
|move|p1a: Etrig|Earthquake|p2a: Deoxys
|-damage|p2a: Deoxys|31/100
|
|-damage|p1a: Etrig|59/100|[from] move: Wrap|[partiallytrapped]
|upkeep
|turn|14
|
|t:|1743904949
|move|p2a: Deoxys|Protect|p2a: Deoxys
|-singleturn|p2a: Deoxys|Protect
|move|p1a: Etrig|Earthquake|p2a: Deoxys
|-activate|p2a: Deoxys|move: Protect
|
|-damage|p1a: Etrig|43/100|[from] move: Wrap|[partiallytrapped]
|upkeep
|turn|15
|
|t:|1743904956
|move|p2a: Deoxys|Rest|p2a: Deoxys
|-status|p2a: Deoxys|slp|[from] move: Rest
|-heal|p2a: Deoxys|100/100 slp|[silent]
|move|p1a: Etrig|Earthquake|p2a: Deoxys
|-damage|p2a: Deoxys|67/100 slp
|
|-damage|p1a: Etrig|26/100|[from] move: Wrap|[partiallytrapped]
|upkeep
|turn|16
|
|t:|1743904964
|cant|p2a: Deoxys|slp
|move|p1a: Etrig|Earthquake|p2a: Deoxys
|-damage|p2a: Deoxys|30/100 slp
|
|-end|p1a: Etrig|Wrap|[partiallytrapped]
|upkeep
|turn|17
|
|t:|1743904969
|cant|p2a: Deoxys|slp
|move|p1a: Etrig|Earthquake|p2a: Deoxys
|-damage|p2a: Deoxys|0 fnt
|faint|p2a: Deoxys
|
|upkeep
|
|t:|1743904973
|switch|p2a: Ting-Lu|Ting-Lu|100/100
|-ability|p2a: Ting-Lu|Vessel of Ruin
|turn|18
|
|t:|1743904977
|switch|p1a: Garf|Scizor, M, shiny|100/100
|move|p2a: Ting-Lu|Earthquake|p1a: Garf
|-damage|p1a: Garf|71/100
|
|upkeep
|turn|19
|
|t:|1743904987
|-terastallize|p2a: Ting-Lu|Water
|move|p1a: Garf|Knock Off|p2a: Ting-Lu
|-damage|p2a: Ting-Lu|86/100
|-enditem|p2a: Ting-Lu|Leftovers|[from] move: Knock Off|[of] p1a: Garf
|move|p2a: Ting-Lu|Earthquake|p1a: Garf
|-crit|p1a: Garf
|-damage|p1a: Garf|24/100
|
|upkeep
|turn|20
|
|t:|1743904995
|move|p1a: Garf|U-turn|p2a: Ting-Lu
|-damage|p2a: Ting-Lu|70/100
|
|t:|1743904998
|switch|p1a: Corrigan|Latios, M, shiny|100/100|[from] U-turn
|-damage|p1a: Corrigan|88/100|[from] Stealth Rock
|move|p2a: Ting-Lu|Earthquake|p1a: Corrigan
|-immune|p1a: Corrigan|[from] ability: Levitate
|
|upkeep
|turn|21
|
|t:|1743905005
|move|p1a: Corrigan|Thunderbolt|p2a: Ting-Lu
|-supereffective|p2a: Ting-Lu
|-damage|p2a: Ting-Lu|20/100
|move|p2a: Ting-Lu|Mean Look|p1a: Corrigan
|-activate|p1a: Corrigan|trapped
|
|upkeep
|turn|22
|
|t:|1743905012
|switch|p2a: Clefable|Clefable, M|96/100
|move|p1a: Corrigan|Thunderbolt|p2a: Clefable
|-damage|p2a: Clefable|64/100
|
|-heal|p2a: Clefable|71/100|[from] item: Leftovers
|upkeep
|turn|23
|
|t:|1743905019
|switch|p1a: Shay|Chansey, F, shiny|100/100
|-damage|p1a: Shay|88/100|[from] Stealth Rock
|move|p2a: Clefable|Moonblast|p1a: Shay
|-damage|p1a: Shay|80/100
|-unboost|p1a: Shay|spa|1
|
|-heal|p2a: Clefable|77/100|[from] item: Leftovers
|upkeep
|turn|24
|
|t:|1743905028
|move|p2a: Clefable|Stealth Rock||[still]
|-fail|p2a: Clefable
|move|p1a: Shay|Seismic Toss|p2a: Clefable
|-damage|p2a: Clefable|51/100
|
|-heal|p2a: Clefable|57/100|[from] item: Leftovers
|upkeep
|turn|25
|
|t:|1743905034
|move|p2a: Clefable|Wish|p2a: Clefable
|move|p1a: Shay|Seismic Toss|p2a: Clefable
|-damage|p2a: Clefable|32/100
|
|-heal|p2a: Clefable|38/100|[from] item: Leftovers
|upkeep
|turn|26
|
|t:|1743905040
|move|p2a: Clefable|Protect|p2a: Clefable
|-singleturn|p2a: Clefable|Protect
|move|p1a: Shay|Stealth Rock|p2a: Clefable
|-sidestart|p2: dajiangbanlema|move: Stealth Rock
|
|-heal|p2a: Clefable|88/100|[from] move: Wish|[wisher] Clefable
|-heal|p2a: Clefable|94/100|[from] item: Leftovers
|upkeep
|turn|27
|
|t:|1743905048
|switch|p1a: Boston|Mew, shiny|41/100
|-damage|p1a: Boston|28/100|[from] Stealth Rock
|move|p2a: Clefable|Wish|p2a: Clefable
|
|-heal|p2a: Clefable|99/100|[from] item: Leftovers
|upkeep
|turn|28
|
|t:|1743905054
|switch|p2a: Glimmora|Glimmora, F|16/100 par
|-damage|p2a: Glimmora|4/100 par|[from] Stealth Rock
|move|p1a: Boston|Trick|p2a: Glimmora
|-activate|p1a: Boston|move: Trick|[of] p2a: Glimmora
|-item|p2a: Glimmora|Choice Scarf|[from] move: Trick
|-item|p1a: Boston|Leftovers|[from] move: Trick
|
|-heal|p2a: Glimmora|57/100 par|[from] move: Wish|[wisher] Clefable
|-heal|p1a: Boston|35/100|[from] item: Leftovers
|upkeep
|turn|29
|
|t:|1743905066
|switch|p1a: Garf|Scizor, M, shiny|24/100
|switch|p2a: Hatterene|Hatterene, F|100/100
|-damage|p2a: Hatterene|88/100|[from] Stealth Rock
|
|-heal|p2a: Hatterene|94/100|[from] item: Leftovers
|upkeep
|turn|30
|
|t:|1743905073
|switch|p2a: Glimmora|Glimmora, F|57/100 par
|-damage|p2a: Glimmora|45/100 par|[from] Stealth Rock
|move|p1a: Garf|U-turn|p2a: Glimmora
|-resisted|p2a: Glimmora
|-damage|p2a: Glimmora|29/100 par
|
|t:|1743905081
|switch|p1a: Shay|Chansey, F, shiny|80/100|[from] U-turn
|-damage|p1a: Shay|68/100|[from] Stealth Rock
|
|upkeep
|turn|31
|
|t:|1743905086
|move|p2a: Glimmora|Mortal Spin|p1a: Shay
|-damage|p1a: Shay|61/100
|-status|p1a: Shay|psn
|-sideend|p2: dajiangbanlema|Stealth Rock|[from] move: Mortal Spin|[of] p2a: Glimmora
|move|p1a: Shay|Seismic Toss|p2a: Glimmora
|-damage|p2a: Glimmora|2/100 par
|
|-damage|p1a: Shay|48/100 psn|[from] psn
|upkeep
|turn|32
|
|t:|1743905094
|switch|p2a: Hatterene|Hatterene, F|94/100
|move|p1a: Shay|Stealth Rock|p2a: Hatterene
|move|p2a: Hatterene|Stealth Rock||[from] ability: Magic Bounce|[still]
|-fail|p2a: Hatterene
|
|-heal|p2a: Hatterene|99/100|[from] item: Leftovers
|-damage|p1a: Shay|36/100 psn|[from] psn
|upkeep
|turn|33
|
|t:|1743905107
|move|p1a: Shay|Healing Wish|p1a: Shay
|faint|p1a: Shay
|move|p2a: Hatterene|Psychic Noise|p1: Shay|[notarget]
|-fail|p2a: Hatterene
|
|-heal|p2a: Hatterene|100/100|[from] item: Leftovers
|upkeep
|
|t:|1743905113
|switch|p1a: Etrig|Ursaluna, M, shiny|26/100
|-heal|p1a: Etrig|100/100|[from] move: Healing Wish
|-damage|p1a: Etrig|94/100|[from] Stealth Rock
|turn|34
|
|t:|1743905120
|move|p1a: Etrig|Earthquake|p2a: Hatterene
|-damage|p2a: Hatterene|49/100
|move|p2a: Hatterene|Pain Split|p1a: Etrig
|-sethp|p1a: Etrig|62/100|[from] move: Pain Split|[silent]
|-sethp|p2a: Hatterene|99/100|[from] move: Pain Split
|
|-heal|p2a: Hatterene|100/100|[from] item: Leftovers
|upkeep
|turn|35
|
|t:|1743905130
|move|p1a: Etrig|Earthquake|p2a: Hatterene
|-damage|p2a: Hatterene|44/100
|move|p2a: Hatterene|Pain Split|p1a: Etrig
|-sethp|p1a: Etrig|45/100|[from] move: Pain Split|[silent]
|-sethp|p2a: Hatterene|72/100|[from] move: Pain Split
|
|-heal|p2a: Hatterene|78/100|[from] item: Leftovers
|upkeep
|turn|36
|
|t:|1743905139
|move|p1a: Etrig|Earthquake|p2a: Hatterene
|-damage|p2a: Hatterene|26/100
|move|p2a: Hatterene|Pain Split|p1a: Etrig
|-sethp|p1a: Etrig|31/100|[from] move: Pain Split|[silent]
|-sethp|p2a: Hatterene|49/100|[from] move: Pain Split
|
|-heal|p2a: Hatterene|55/100|[from] item: Leftovers
|upkeep
|turn|37
|
|t:|1743905148
|move|p1a: Etrig|Earthquake|p2a: Hatterene
|-damage|p2a: Hatterene|0 fnt
|faint|p2a: Hatterene
|
|upkeep
|
|t:|1743905154
|switch|p2a: Clefable|Clefable, M|99/100
|turn|38
|
|t:|1743905162
|switch|p1a: Dinah|Umbreon, F, tera:Bug|75/100
|-damage|p1a: Dinah|50/100|[from] Stealth Rock
|move|p2a: Clefable|Moonblast|p1a: Dinah
|-damage|p1a: Dinah|27/100
|
|-heal|p2a: Clefable|100/100|[from] item: Leftovers
|upkeep
|turn|39
|
|t:|1743905172
|move|p1a: Dinah|Thunder Wave|p2a: Clefable
|-status|p2a: Clefable|par
|move|p2a: Clefable|Wish|p2a: Clefable
|
|upkeep
|turn|40
|
|t:|1743905177
|switch|p2a: Ting-Lu|Ting-Lu, tera:Water|20/100
|-ability|p2a: Ting-Lu|Vessel of Ruin
|move|p1a: Dinah|Taunt|p2a: Ting-Lu
|-start|p2a: Ting-Lu|move: Taunt
|
|-heal|p2a: Ting-Lu|58/100|[from] move: Wish|[wisher] Clefable
|upkeep
|turn|41
|-message|dajiangbanlema forfeited.
|
|win|R. Caroline
|raw|R. Caroline's rating: 1623 &rarr; <strong>1645</strong><br />(+22 for winning)
|raw|dajiangbanlema's rating: 1661 &rarr; <strong>1639</strong><br />(-22 for losing)
|l|☆dajiangbanlema
|player|p2|
|l|☆R. Caroline
|player|p1|
