|j|☆CO POIS
|j|☆Skedjinet
|t:|1743843294
|gametype|singles
|player|p1|CO POIS|miku-water|1219
|player|p2|Skedjinet|skier|1154
|teamsize|p1|6
|teamsize|p2|6
|gen|9
|tier|[Gen 9] OU
|rated|
|rule|HP Percentage Mod: HP is shown in percentages
|rule|Endless Battle Clause: Forcing endless battles is banned
|rule|Species Clause: Limit one of each Pokémon
|rule|OHKO Clause: OHKO moves are banned
|rule|Evasion Items Clause: Evasion items are banned
|rule|Evasion Moves Clause: Evasion moves are banned
|rule|Sleep Moves Clause: Sleep-inducing moves are banned
|clearpoke
|poke|p1|Pecharunt|
|poke|p1|Iron Valiant|
|poke|p1|Samurott-Hisui, F|
|poke|p1|Kingambit, F|
|poke|p1|Reuniclus, F|
|poke|p1|Darkrai|
|poke|p2|Zamazenta-*|
|poke|p2|Ogerpon-Wellspring, F|
|poke|p2|Slowking-Galar, M|
|poke|p2|Great Tusk|
|poke|p2|Kingambit, M|
|poke|p2|Zapdos|
|teampreview
|inactive|Battle timer is ON: inactive players will automatically lose when time's up. (requested by CO POIS)
|inactive|CO POIS has 120 seconds left.
|
|t:|1743843331
|start
|switch|p1a: Darkrai|Darkrai|100/100
|switch|p2a: Zapdos|Zapdos|100/100
|turn|1
|
|t:|1743843339
|move|p1a: Darkrai|Ice Beam|p2a: Zapdos
|-supereffective|p2a: Zapdos
|-damage|p2a: Zapdos|43/100
|move|p2a: Zapdos|Thunder Wave|p1a: Darkrai
|-status|p1a: Darkrai|par
|
|upkeep
|turn|2
|
|t:|1743843348
|move|p2a: Zapdos|Roost|p2a: Zapdos
|-heal|p2a: Zapdos|93/100
|-singleturn|p2a: Zapdos|move: Roost
|cant|p1a: Darkrai|par
|
|upkeep
|turn|3
|
|t:|1743843355
|move|p2a: Zapdos|Volt Switch|p1a: Darkrai
|-damage|p1a: Darkrai|55/100 par
|
|t:|1743843361
|switch|p2a: Big Zam|Zamazenta|100/100|[from] Volt Switch
|-ability|p2a: Big Zam|Dauntless Shield|boost
|-boost|p2a: Big Zam|def|1
|move|p1a: Darkrai|Dark Pulse|p2a: Big Zam
|-resisted|p2a: Big Zam
|-damage|p2a: Big Zam|76/100
|
|upkeep
|turn|4
|
|t:|1743843374
|switch|p1a: Pecharunt|Pecharunt|100/100
|move|p2a: Big Zam|Close Combat|p1a: Pecharunt
|-immune|p1a: Pecharunt
|
|upkeep
|turn|5
|
|t:|1743843381
|move|p2a: Big Zam|Crunch|p1a: Pecharunt
|-supereffective|p1a: Pecharunt
|-damage|p1a: Pecharunt|56/100
|-unboost|p1a: Pecharunt|def|1
|move|p1a: Pecharunt|Malignant Chain|p2a: Big Zam
|-damage|p2a: Big Zam|38/100
|
|upkeep
|turn|6
|
|t:|1743843403
|switch|p1a: Darkrai|Darkrai|55/100 par
|move|p2a: Big Zam|Crunch|p1a: Darkrai
|-resisted|p1a: Darkrai
|-damage|p1a: Darkrai|37/100 par
|
|upkeep
|turn|7
|
|t:|1743843429
|move|p1a: Darkrai|Sucker Punch|p2a: Big Zam
|-resisted|p2a: Big Zam
|-damage|p2a: Big Zam|30/100
|move|p2a: Big Zam|Stone Edge|p1a: Darkrai|[miss]
|-miss|p2a: Big Zam|p1a: Darkrai
|
|upkeep
|turn|8
|
|t:|1743843435
|move|p2a: Big Zam|Stone Edge|p1a: Darkrai|[miss]
|-miss|p2a: Big Zam|p1a: Darkrai
|move|p1a: Darkrai|Ice Beam|p2a: Big Zam
|-damage|p2a: Big Zam|0 fnt
|faint|p2a: Big Zam
|
|upkeep
|
|t:|1743843445
|switch|p2a: Ogerpon|Ogerpon-Wellspring, F|100/100
|turn|9
|
|t:|1743843451
|move|p2a: Ogerpon|U-turn|p1a: Darkrai
|-supereffective|p1a: Darkrai
|-damage|p1a: Darkrai|0 fnt
|faint|p1a: Darkrai
|
|t:|1743843455
|switch|p2a: Great Tusk|Great Tusk, shiny|100/100|[from] U-turn
|
|upkeep
|inactive|CO POIS has 120 seconds left.
|
|t:|1743843488
|switch|p1a: Reuniclus|Reuniclus, F|100/100
|turn|10
|
|t:|1743843502
|-end|p2a: Great Tusk|Protosynthesis|[silent]
|switch|p2a: Ogerpon|Ogerpon-Wellspring, F|100/100
|move|p1a: Reuniclus|Trick Room|p1a: Reuniclus
|-fieldstart|move: Trick Room|[of] p1a: Reuniclus
|
|upkeep
|turn|11
|
|t:|1743843509
|move|p1a: Reuniclus|Psychic Noise|p2a: Ogerpon
|-damage|p2a: Ogerpon|44/100
|-start|p2a: Ogerpon|move: Heal Block
|move|p2a: Ogerpon|Knock Off|p1a: Reuniclus
|-supereffective|p1a: Reuniclus
|-damage|p1a: Reuniclus|30/100
|-enditem|p1a: Reuniclus|Life Orb|[from] move: Knock Off|[of] p2a: Ogerpon
|
|upkeep
|turn|12
|
|t:|1743843519
|switch|p2a: IBS|Kingambit, M|100/100
|-activate|p2a: IBS|ability: Supreme Overlord
|-start|p2a: IBS|fallen1|[silent]
|move|p1a: Reuniclus|Psychic Noise|p2a: IBS
|-immune|p2a: IBS
|
|upkeep
|turn|13
|
|t:|1743843532
|switch|p1a: Kingambit|Kingambit, F|100/100
|-activate|p1a: Kingambit|ability: Supreme Overlord
|-start|p1a: Kingambit|fallen1|[silent]
|move|p2a: IBS|Sucker Punch||[still]
|-fail|p2a: IBS
|
|upkeep
|turn|14
|
|t:|1743843544
|-end|p2a: IBS|fallen1|[silent]
|switch|p2a: Great Tusk|Great Tusk, shiny|100/100
|move|p1a: Kingambit|Swords Dance|p1a: Kingambit
|-boost|p1a: Kingambit|atk|2
|
|-fieldend|move: Trick Room
|upkeep
|turn|15
|
|t:|1743843556
|-end|p1a: Kingambit|fallen1|[silent]
|switch|p1a: Reuniclus|Reuniclus, F|30/100
|move|p2a: Great Tusk|Headlong Rush|p1a: Reuniclus
|-damage|p1a: Reuniclus|0 fnt
|-unboost|p2a: Great Tusk|def|1
|-unboost|p2a: Great Tusk|spd|1
|faint|p1a: Reuniclus
|
|upkeep
|
|t:|1743843558
|switch|p1a: Iron Valiant|Iron Valiant|100/100
|-enditem|p1a: Iron Valiant|Booster Energy
|-activate|p1a: Iron Valiant|ability: Quark Drive|[fromitem]
|-start|p1a: Iron Valiant|quarkdrivespa
|turn|16
|
|t:|1743843569
|-end|p2a: Great Tusk|Protosynthesis|[silent]
|switch|p2a: Slowking|Slowking-Galar, M|100/100
|move|p1a: Iron Valiant|Calm Mind|p1a: Iron Valiant
|-boost|p1a: Iron Valiant|spa|1
|-boost|p1a: Iron Valiant|spd|1
|
|upkeep
|turn|17
|
|t:|1743843578
|-terastallize|p1a: Iron Valiant|Ghost
|move|p1a: Iron Valiant|Shadow Ball|p2a: Slowking
|-supereffective|p2a: Slowking
|-damage|p2a: Slowking|8/100
|move|p2a: Slowking|Psyshock|p1a: Iron Valiant
|-crit|p1a: Iron Valiant
|-damage|p1a: Iron Valiant|19/100
|
|upkeep
|turn|18
|
|t:|1743843592
|switch|p2a: Great Tusk|Great Tusk, shiny|100/100
|move|p1a: Iron Valiant|Shadow Ball|p2a: Great Tusk
|-damage|p2a: Great Tusk|0 fnt
|faint|p2a: Great Tusk
|-end|p2a: Great Tusk|Protosynthesis|[silent]
|
|upkeep
|
|t:|1743843600
|switch|p2a: IBS|Kingambit, M|100/100
|-activate|p2a: IBS|ability: Supreme Overlord
|-start|p2a: IBS|fallen2|[silent]
|turn|19
|
|t:|1743843605
|move|p1a: Iron Valiant|Vacuum Wave|p2a: IBS
|-supereffective|p2a: IBS
|-damage|p2a: IBS|0 fnt
|faint|p2a: IBS
|-end|p2a: IBS|fallen2|[silent]
|
|upkeep
|
|t:|1743843611
|switch|p2a: Zapdos|Zapdos|93/100
|turn|20
|
|t:|1743843618
|move|p1a: Iron Valiant|Moonblast|p2a: Zapdos
|-damage|p2a: Zapdos|0 fnt
|faint|p2a: Zapdos
|
|upkeep
|-message|Skedjinet forfeited.
|
|win|CO POIS
|raw|CO POIS's rating: 1219 &rarr; <strong>1239</strong><br />(+20 for winning)
|raw|Skedjinet's rating: 1154 &rarr; <strong>1134</strong><br />(-20 for losing)
|l|☆Skedjinet
|player|p2|
|l|☆CO POIS
|player|p1|
