|j|☆billyboy124
|j|☆Andrewtre
|t:|1743787869
|gametype|singles
|player|p1|billyboy124|psychic-gen4|1176
|player|p2|Andrewtre|psychic-gen4|1213
|teamsize|p1|6
|teamsize|p2|6
|gen|9
|tier|[Gen 9] OU
|rated|
|rule|HP Percentage Mod: HP is shown in percentages
|rule|Endless Battle Clause: Forcing endless battles is banned
|rule|Species Clause: Limit one of each Pokémon
|rule|OHKO Clause: OHKO moves are banned
|rule|Evasion Items Clause: Evasion items are banned
|rule|Evasion Moves Clause: Evasion moves are banned
|rule|Sleep Moves Clause: Sleep-inducing moves are banned
|clearpoke
|poke|p1|Gliscor, F|
|poke|p1|Pecharunt|
|poke|p1|Moltres-Galar|
|poke|p1|Samurott-Hisui, F|
|poke|p1|Iron Treads|
|poke|p1|Cinderace, F|
|poke|p2|Farigiraf, M|
|poke|p2|Golurk|
|poke|p2|Slowking, F|
|poke|p2|Gengar, F|
|poke|p2|Golduck, M|
|poke|p2|Hatterene, F|
|teampreview
|inactive|Battle timer is ON: inactive players will automatically lose when time's up. (requested by Andrewtre)
|
|t:|1743787881
|start
|switch|p1a: Gliscor|Gliscor, F|100/100
|switch|p2a: Hatty|Hatterene, F|100/100
|turn|1
|
|t:|1743787887
|move|p1a: Gliscor|Protect|p1a: Gliscor
|-singleturn|p1a: Gliscor|Protect
|move|p2a: Hatty|Trick Room|p2a: Hatty
|-fieldstart|move: Trick Room|[of] p2a: Hatty
|
|-status|p1a: Gliscor|tox|[from] item: Toxic Orb
|upkeep
|turn|2
|
|t:|1743787890
|move|p2a: Hatty|Psychic|p1a: Gliscor
|-damage|p1a: Gliscor|55/100 tox
|move|p1a: Gliscor|Swords Dance|p1a: Gliscor
|-boost|p1a: Gliscor|atk|2
|
|-heal|p1a: Gliscor|68/100 tox|[from] ability: Poison Heal
|upkeep
|turn|3
|
|t:|1743787901
|move|p2a: Hatty|Psychic|p1a: Gliscor
|-damage|p1a: Gliscor|22/100 tox
|move|p1a: Gliscor|Knock Off|p2a: Hatty
|-damage|p2a: Hatty|55/100
|-enditem|p2a: Hatty|Focus Sash|[from] move: Knock Off|[of] p1a: Gliscor
|
|-heal|p1a: Gliscor|34/100 tox|[from] ability: Poison Heal
|upkeep
|turn|4
|
|t:|1743787906
|move|p1a: Gliscor|Protect|p1a: Gliscor
|-singleturn|p1a: Gliscor|Protect
|move|p2a: Hatty|Draining Kiss|p1a: Gliscor
|-activate|p1a: Gliscor|move: Protect
|
|-heal|p1a: Gliscor|47/100 tox|[from] ability: Poison Heal
|upkeep
|turn|5
|
|t:|1743787912
|move|p2a: Hatty|Psychic|p1a: Gliscor
|-crit|p1a: Gliscor
|-damage|p1a: Gliscor|0 fnt
|faint|p1a: Gliscor
|
|-fieldend|move: Trick Room
|upkeep
|
|t:|1743787916
|switch|p1a: Samurott|Samurott-Hisui, F|100/100
|turn|6
|
|t:|1743787924
|move|p1a: Samurott|Ceaseless Edge|p2a: Hatty
|-damage|p2a: Hatty|2/100
|-sidestart|p2: Andrewtre|Spikes
|move|p2a: Hatty|Draining Kiss|p1a: Samurott
|-supereffective|p1a: Samurott
|-damage|p1a: Samurott|7/100
|-heal|p2a: Hatty|73/100|[from] drain|[of] p1a: Samurott
|
|upkeep
|turn|7
|
|t:|1743787929
|move|p1a: Samurott|Ceaseless Edge|p2a: Hatty
|-damage|p2a: Hatty|19/100
|-sidestart|p2: Andrewtre|Spikes
|move|p2a: Hatty|Draining Kiss|p1a: Samurott
|-supereffective|p1a: Samurott
|-damage|p1a: Samurott|0 fnt
|-heal|p2a: Hatty|24/100|[from] drain|[of] p1a: Samurott
|faint|p1a: Samurott
|
|upkeep
|
|t:|1743787934
|switch|p1a: Iron Treads|Iron Treads|100/100
|turn|8
|
|t:|1743787938
|move|p1a: Iron Treads|Earthquake|p2a: Hatty
|-damage|p2a: Hatty|0 fnt
|faint|p2a: Hatty
|
|upkeep
|
|t:|1743787946
|switch|p2a: Queen|Slowking, F|100/100
|-damage|p2a: Queen|84/100|[from] Spikes
|turn|9
|
|t:|1743787949
|move|p1a: Iron Treads|Knock Off|p2a: Queen
|-supereffective|p2a: Queen
|-damage|p2a: Queen|30/100
|-enditem|p2a: Queen|Life Orb|[from] move: Knock Off|[of] p1a: Iron Treads
|move|p2a: Queen|Trick Room|p2a: Queen
|-fieldstart|move: Trick Room|[of] p2a: Queen
|
|upkeep
|turn|10
|
|t:|1743787954
|move|p2a: Queen|Surf|p1a: Iron Treads
|-supereffective|p1a: Iron Treads
|-damage|p1a: Iron Treads|0 fnt
|faint|p1a: Iron Treads
|-end|p1a: Iron Treads|Quark Drive|[silent]
|
|upkeep
|
|t:|1743787957
|switch|p1a: Moltres|Moltres-Galar|100/100
|turn|11
|
|t:|1743787961
|move|p2a: Queen|Surf|p1a: Moltres
|-damage|p1a: Moltres|59/100
|move|p1a: Moltres|Substitute|p1a: Moltres
|-start|p1a: Moltres|Substitute
|-damage|p1a: Moltres|34/100
|
|-heal|p1a: Moltres|41/100|[from] item: Leftovers
|upkeep
|turn|12
|
|t:|1743787967
|move|p2a: Queen|Surf|p1a: Moltres
|-end|p1a: Moltres|Substitute
|move|p1a: Moltres|Fiery Wrath|p2a: Queen
|-supereffective|p2a: Queen
|-damage|p2a: Queen|0 fnt
|faint|p2a: Queen
|
|-heal|p1a: Moltres|47/100|[from] item: Leftovers
|upkeep
|
|t:|1743787973
|switch|p2a: Golurk|Golurk|100/100
|-damage|p2a: Golurk|84/100|[from] Spikes
|turn|13
|
|t:|1743787983
|switch|p1a: Pecharunt|Pecharunt|100/100
|move|p2a: Golurk|Dynamic Punch|p1a: Pecharunt
|-immune|p1a: Pecharunt
|
|-fieldend|move: Trick Room
|upkeep
|turn|14
|
|t:|1743787988
|move|p1a: Pecharunt|Hex|p2a: Golurk
|-supereffective|p2a: Golurk
|-damage|p2a: Golurk|38/100
|move|p2a: Golurk|Stealth Rock|p1a: Pecharunt
|-sidestart|p1: billyboy124|move: Stealth Rock
|
|upkeep
|turn|15
|
|t:|1743787991
|move|p1a: Pecharunt|Malignant Chain|p2a: Golurk
|-resisted|p2a: Golurk
|-damage|p2a: Golurk|29/100
|move|p2a: Golurk|Earthquake|p1a: Pecharunt
|-supereffective|p1a: Pecharunt
|-damage|p1a: Pecharunt|20/100
|-damage|p2a: Golurk|19/100|[from] item: Life Orb
|
|upkeep
|turn|16
|
|t:|1743787994
|move|p1a: Pecharunt|Hex|p2a: Golurk
|-supereffective|p2a: Golurk
|-damage|p2a: Golurk|0 fnt
|faint|p2a: Golurk
|
|upkeep
|
|t:|1743788003
|switch|p2a: Gengar|Gengar, F|100/100
|-damage|p2a: Gengar|84/100|[from] Spikes
|turn|17
|
|t:|1743788010
|move|p2a: Gengar|Night Shade|p1a: Pecharunt
|-damage|p1a: Pecharunt|0 fnt
|faint|p1a: Pecharunt
|-damage|p2a: Gengar|74/100|[from] item: Life Orb
|
|upkeep
|
|t:|1743788012
|switch|p1a: Moltres|Moltres-Galar|47/100
|-damage|p1a: Moltres|22/100|[from] Stealth Rock
|turn|18
|
|t:|1743788016
|move|p2a: Gengar|Sludge Bomb|p1a: Moltres
|-damage|p1a: Moltres|0 fnt
|faint|p1a: Moltres
|-damage|p2a: Gengar|64/100|[from] item: Life Orb
|
|upkeep
|
|t:|1743788018
|switch|p1a: Cinderace|Cinderace, F|100/100
|turn|19
|
|t:|1743788025
|move|p1a: Cinderace|Pyro Ball|p2a: Gengar|[miss]
|-miss|p1a: Cinderace|p2a: Gengar
|move|p2a: Gengar|Sludge Bomb|p1a: Cinderace
|-damage|p1a: Cinderace|15/100
|-damage|p2a: Gengar|54/100|[from] item: Life Orb
|
|upkeep
|turn|20
|
|t:|1743788033
|move|p1a: Cinderace|Pyro Ball|p2a: Gengar
|-damage|p2a: Gengar|0 fnt
|faint|p2a: Gengar
|
|upkeep
|
|t:|1743788037
|switch|p2a: Goldie|Golduck, M|100/100
|-damage|p2a: Goldie|84/100|[from] Spikes
|turn|21
|
|t:|1743788041
|-terastallize|p1a: Cinderace|Fire
|move|p2a: Goldie|Vacuum Wave|p1a: Cinderace
|-damage|p1a: Cinderace|0 fnt
|faint|p1a: Cinderace
|
|win|Andrewtre
|raw|billyboy124's rating: 1176 &rarr; <strong>1154</strong><br />(-22 for losing)
|raw|Andrewtre's rating: 1213 &rarr; <strong>1235</strong><br />(+22 for winning)
|l|☆billyboy124
|player|p1|
