|j|☆insane pastor
|j|☆l1ght1sback
|t:|1743828635
|gametype|singles
|player|p1|insane pastor|lady-gen4|1497
|player|p2|l1ght1sback|2|1528
|teamsize|p1|6
|teamsize|p2|6
|gen|9
|tier|[Gen 9] OU
|rated|
|rule|HP Percentage Mod: HP is shown in percentages
|rule|Endless Battle Clause: Forcing endless battles is banned
|rule|Species Clause: Limit one of each Pokémon
|rule|OHKO Clause: OHKO moves are banned
|rule|Evasion Items Clause: Evasion items are banned
|rule|Evasion Moves Clause: Evasion moves are banned
|rule|Sleep Moves Clause: Sleep-inducing moves are banned
|clearpoke
|poke|p1|Gliscor, F|
|poke|p1|Great Tusk|
|poke|p1|Slowking-Galar, F|
|poke|p1|Zamazenta-*|
|poke|p1|Sinistcha|
|poke|p1|Alomomola, F|
|poke|p2|Walking Wake|
|poke|p2|Meowscarada, F|
|poke|p2|Landorus-Therian, M|
|poke|p2|Hitmonlee, M|
|poke|p2|Slowking-Galar, F|
|poke|p2|Cinderace, F|
|teampreview
|inactive|Battle timer is ON: inactive players will automatically lose when time's up. (requested by insane pastor)
|l|☆l1ght1sback
|inactive|l1ght1sback disconnected and has a minute to reconnect!
|player|p2|
|inactive|insane pastor has 120 seconds left.
|j|☆l1ght1sback
|inactive|l1ght1sback reconnected and has 120 seconds left.
|player|p2|l1ght1sback|2|
|inactive|l1ght1sback has 90 seconds left.
|l|☆l1ght1sback
|inactive|l1ght1sback disconnected and has a minute to reconnect!
|player|p2|
|j|☆l1ght1sback
|inactive|l1ght1sback reconnected and has 75 seconds left.
|player|p2|l1ght1sback|2|
|inactive|l1ght1sback has 60 seconds left.
|
|t:|1743828731
|start
|switch|p1a: Gliscor|Gliscor, F|100/100
|switch|p2a: Walking Wake|Walking Wake|100/100
|turn|1
|
|t:|1743828736
|move|p1a: Gliscor|Protect|p1a: Gliscor
|-singleturn|p1a: Gliscor|Protect
|move|p2a: Walking Wake|Hydro Pump|p1a: Gliscor
|-activate|p1a: Gliscor|move: Protect
|
|-status|p1a: Gliscor|tox|[from] item: Toxic Orb
|upkeep
|turn|2
|
|t:|1743828753
|-end|p2a: Walking Wake|Protosynthesis|[silent]
|switch|p2a: Leeman|Hitmonlee, M|100/100
|switch|p1a: Alomomola|Alomomola, F|100/100
|
|upkeep
|turn|3
|
|t:|1743828769
|move|p2a: Leeman|High Jump Kick|p1a: Alomomola
|-damage|p1a: Alomomola|14/100
|move|p1a: Alomomola|Play Rough|p2a: Leeman
|-supereffective|p2a: Leeman
|-damage|p2a: Leeman|17/100
|
|upkeep
|turn|4
|inactive|insane pastor has 120 seconds left.
|
|t:|1743828807
|switch|p2a: Walking Wake|Walking Wake|100/100
|switch|p1a: Slowking|Slowking-Galar, F|100/100
|
|upkeep
|turn|5
|
|t:|1743828820
|move|p2a: Walking Wake|Flip Turn|p1a: Slowking
|-damage|p1a: Slowking|85/100
|
|t:|1743828828
|-end|p2a: Walking Wake|Protosynthesis|[silent]
|switch|p2a: Slowking|Slowking-Galar, F|100/100|[from] Flip Turn
|move|p1a: Slowking|Sludge Bomb|p2a: Slowking
|-resisted|p2a: Slowking
|-damage|p2a: Slowking|88/100
|
|upkeep
|turn|6
|inactive|insane pastor has 120 seconds left.
|
|t:|1743828834
|switch|p2a: Landorus|Landorus-Therian, M|100/100
|-ability|p2a: Landorus|Intimidate|boost
|-unboost|p1a: Slowking|atk|1
|move|p1a: Slowking|Future Sight|p2a: Landorus
|-start|p1a: Slowking|move: Future Sight
|
|upkeep
|turn|7
|inactive|insane pastor has 120 seconds left.
|
|t:|1743828845
|switch|p1a: Gliscor|Gliscor, F|100/100 tox
|move|p2a: Landorus|Stealth Rock|p1a: Gliscor
|-sidestart|p1: insane pastor|move: Stealth Rock
|
|upkeep
|turn|8
|
|t:|1743828855
|move|p1a: Gliscor|Toxic|p2a: Landorus|[miss]
|-miss|p1a: Gliscor|p2a: Landorus
|move|p2a: Landorus|U-turn|p1a: Gliscor
|-resisted|p1a: Gliscor
|-damage|p1a: Gliscor|93/100 tox
|
|t:|1743828860
|switch|p2a: Meowscarada|Meowscarada, F, shiny|100/100|[from] U-turn
|
|-end|p2a: Meowscarada|move: Future Sight
|-immune|p2a: Meowscarada
|-heal|p1a: Gliscor|100/100 tox|[from] ability: Poison Heal
|upkeep
|turn|9
|
|t:|1743828863
|move|p1a: Gliscor|Protect|p1a: Gliscor
|-singleturn|p1a: Gliscor|Protect
|move|p2a: Meowscarada|Triple Axel|p1a: Gliscor
|-start|p2a: Meowscarada|typechange|Ice|[from] ability: Protean
|-activate|p1a: Gliscor|move: Protect
|
|upkeep
|turn|10
|inactive|insane pastor has 120 seconds left.
|inactive|insane pastor has 90 seconds left.
|
|t:|1743828925
|-terastallize|p1a: Gliscor|Normal
|move|p2a: Meowscarada|Triple Axel|p1a: Gliscor
|-damage|p1a: Gliscor|93/100 tox
|-damage|p1a: Gliscor|77/100 tox
|-damage|p1a: Gliscor|53/100 tox
|-hitcount|p1a: Gliscor|3
|move|p1a: Gliscor|Toxic|p2a: Meowscarada
|-status|p2a: Meowscarada|tox
|
|-damage|p2a: Meowscarada|94/100 tox|[from] psn
|-heal|p1a: Gliscor|65/100 tox|[from] ability: Poison Heal
|upkeep
|turn|11
|inactive|insane pastor has 90 seconds left.
|inactive|l1ght1sback has 120 seconds left.
|inactive|l1ght1sback has 90 seconds left.
|
|t:|1743828986
|switch|p2a: Walking Wake|Walking Wake|100/100
|move|p1a: Gliscor|Stealth Rock|p2a: Walking Wake
|-sidestart|p2: l1ght1sback|move: Stealth Rock
|
|-heal|p1a: Gliscor|78/100 tox|[from] ability: Poison Heal
|upkeep
|turn|12
|
|t:|1743828995
|move|p1a: Gliscor|Protect|p1a: Gliscor
|-singleturn|p1a: Gliscor|Protect
|move|p2a: Walking Wake|Hydro Pump|p1a: Gliscor
|-activate|p1a: Gliscor|move: Protect
|
|-heal|p1a: Gliscor|90/100 tox|[from] ability: Poison Heal
|upkeep
|turn|13
|inactive|l1ght1sback has 90 seconds left.
|
|t:|1743829027
|-end|p2a: Walking Wake|Protosynthesis|[silent]
|switch|p2a: Leeman|Hitmonlee, M|17/100
|-damage|p2a: Leeman|10/100|[from] Stealth Rock
|move|p1a: Gliscor|Toxic|p2a: Leeman|[miss]
|-miss|p1a: Gliscor|p2a: Leeman
|
|-heal|p1a: Gliscor|100/100 tox|[from] ability: Poison Heal
|upkeep
|turn|14
|
|t:|1743829039
|move|p1a: Gliscor|Protect|p1a: Gliscor
|-singleturn|p1a: Gliscor|Protect
|move|p2a: Leeman|Knock Off|p1a: Gliscor
|-activate|p1a: Gliscor|move: Protect
|
|upkeep
|turn|15
|
|t:|1743829048
|move|p2a: Leeman|Knock Off|p1a: Gliscor
|-damage|p1a: Gliscor|61/100 tox
|-enditem|p1a: Gliscor|Toxic Orb|[from] move: Knock Off|[of] p2a: Leeman
|move|p1a: Gliscor|Toxic|p2a: Leeman|[miss]
|-miss|p1a: Gliscor|p2a: Leeman
|
|-heal|p1a: Gliscor|73/100 tox|[from] ability: Poison Heal
|upkeep
|turn|16
|inactive|l1ght1sback has 90 seconds left.
|
|t:|1743829060
|switch|p2a: Slowking|Slowking-Galar, F|100/100
|move|p1a: Gliscor|Protect||[still]
|-fail|p1a: Gliscor
|
|-heal|p1a: Gliscor|86/100 tox|[from] ability: Poison Heal
|upkeep
|turn|17
|inactive|insane pastor has 120 seconds left.
|inactive|l1ght1sback has 90 seconds left.
|
|t:|1743829069
|move|p1a: Gliscor|Protect|p1a: Gliscor
|-singleturn|p1a: Gliscor|Protect
|move|p2a: Slowking|Future Sight|p1a: Gliscor
|-start|p2a: Slowking|move: Future Sight
|
|-heal|p1a: Gliscor|98/100 tox|[from] ability: Poison Heal
|upkeep
|turn|18
|inactive|insane pastor has 120 seconds left.
|
|t:|1743829089
|move|p1a: Gliscor|Earthquake|p2a: Slowking
|-supereffective|p2a: Slowking
|-damage|p2a: Slowking|32/100
|-prepare|p2a: Slowking|Chilly Reception|[premajor]
|move|p2a: Slowking|Chilly Reception|p2a: Slowking
|-weather|Snowscape
|inactive|l1ght1sback has 90 seconds left.
|
|t:|1743829112
|switch|p2a: Leeman|Hitmonlee, M|10/100|[from] Chilly Reception
|-damage|p2a: Leeman|4/100|[from] Stealth Rock
|
|-weather|Snowscape|[upkeep]
|-heal|p1a: Gliscor|100/100 tox|[from] ability: Poison Heal
|upkeep
|turn|19
|inactive|l1ght1sback has 90 seconds left.
|
|t:|1743829119
|move|p1a: Gliscor|Protect|p1a: Gliscor
|-singleturn|p1a: Gliscor|Protect
|move|p2a: Leeman|High Jump Kick|p1a: Gliscor
|-activate|p1a: Gliscor|move: Protect
|-damage|p2a: Leeman|0 fnt|[from] highjumpkick
|faint|p2a: Leeman
|
|-weather|Snowscape|[upkeep]
|-end|p1a: Gliscor|move: Future Sight
|-damage|p1a: Gliscor|64/100 tox
|-heal|p1a: Gliscor|77/100 tox|[from] ability: Poison Heal
|upkeep
|inactive|l1ght1sback has 90 seconds left.
|
|t:|1743829139
|switch|p2a: Walking Wake|Walking Wake|100/100
|-damage|p2a: Walking Wake|88/100|[from] Stealth Rock
|turn|20
|
|t:|1743829142
|-terastallize|p2a: Walking Wake|Water
|move|p1a: Gliscor|Protect||[still]
|-fail|p1a: Gliscor
|move|p2a: Walking Wake|Hydro Pump|p1a: Gliscor
|-damage|p1a: Gliscor|0 fnt
|faint|p1a: Gliscor
|
|-weather|Snowscape|[upkeep]
|upkeep
|inactive|insane pastor has 120 seconds left.
|
|t:|1743829167
|switch|p1a: Slowking|Slowking-Galar, F|100/100
|-damage|p1a: Slowking|88/100|[from] Stealth Rock
|turn|21
|
|t:|1743829173
|-end|p2a: Walking Wake|Protosynthesis|[silent]
|switch|p2a: Slowking|Slowking-Galar, F|65/100
|move|p1a: Slowking|Sludge Bomb|p2a: Slowking
|-resisted|p2a: Slowking
|-damage|p2a: Slowking|52/100
|
|-weather|Snowscape|[upkeep]
|upkeep
|turn|22
|
|t:|1743829178
|move|p1a: Slowking|Future Sight|p2a: Slowking
|-start|p1a: Slowking|move: Future Sight
|move|p2a: Slowking|Future Sight|p1a: Slowking
|-start|p2a: Slowking|move: Future Sight
|
|-weather|none
|upkeep
|turn|23
|inactive|insane pastor has 120 seconds left.
|
|t:|1743829237
|switch|p1a: Great Tusk|Great Tusk|100/100
|-prepare|p2a: Slowking|Chilly Reception|[premajor]
|move|p2a: Slowking|Chilly Reception|p2a: Slowking
|-weather|Snowscape
|
|t:|1743829247
|switch|p2a: Walking Wake|Walking Wake, tera:Water|88/100|[from] Chilly Reception
|-damage|p2a: Walking Wake|76/100|[from] Stealth Rock
|
|-weather|Snowscape|[upkeep]
|upkeep
|turn|24
|
|t:|1743829251
|-end|p1a: Great Tusk|Protosynthesis|[silent]
|switch|p1a: Slowking|Slowking-Galar, F|100/100
|-damage|p1a: Slowking|88/100|[from] Stealth Rock
|move|p2a: Walking Wake|Hydro Pump|p1a: Slowking
|-damage|p1a: Slowking|35/100
|
|-weather|Snowscape|[upkeep]
|-end|p2a: Walking Wake|move: Future Sight
|-damage|p2a: Walking Wake|10/100
|-end|p1a: Slowking|move: Future Sight
|-damage|p1a: Slowking|14/100
|upkeep
|turn|25
|inactive|insane pastor has 90 seconds left.
|
|t:|1743829290
|move|p2a: Walking Wake|Hydro Pump|p1a: Slowking
|-damage|p1a: Slowking|0 fnt
|faint|p1a: Slowking
|
|-weather|Snowscape|[upkeep]
|upkeep
|inactive|insane pastor has 60 seconds left.
|
|t:|1743829324
|switch|p1a: Zamazenta|Zamazenta|100/100
|-damage|p1a: Zamazenta|94/100|[from] Stealth Rock
|-ability|p1a: Zamazenta|Dauntless Shield|boost
|-boost|p1a: Zamazenta|def|1
|turn|26
|inactive|insane pastor has 60 seconds left.
|inactive|l1ght1sback has 120 seconds left.
|
|t:|1743829353
|-end|p2a: Walking Wake|Protosynthesis|[silent]
|switch|p2a: Landorus|Landorus-Therian, M|100/100
|-damage|p2a: Landorus|88/100|[from] Stealth Rock
|-ability|p2a: Landorus|Intimidate|boost
|-unboost|p1a: Zamazenta|atk|1
|move|p1a: Zamazenta|Stone Edge|p2a: Landorus|[miss]
|-miss|p1a: Zamazenta|p2a: Landorus
|
|-weather|Snowscape|[upkeep]
|upkeep
|turn|27
|inactive|insane pastor has 60 seconds left.
|inactive|l1ght1sback has 120 seconds left.
|inactive|insane pastor has 30 seconds left.
|c|☆l1ght1sback|y bro click that
|
|t:|1743829393
|switch|p1a: Alomomola|Alomomola, F|47/100
|-damage|p1a: Alomomola|34/100|[from] Stealth Rock
|move|p2a: Landorus|Earth Power|p1a: Alomomola
|-damage|p1a: Alomomola|18/100
|
|-weather|none
|upkeep
|turn|28
|inactive|insane pastor has 30 seconds left.
|
|t:|1743829407
|switch|p1a: Sinistcha|Sinistcha|100/100
|move|p2a: Landorus|U-turn|p1a: Sinistcha
|-damage|p1a: Sinistcha|85/100
|inactive|insane pastor has 30 seconds left this turn.
|inactive|l1ght1sback has 120 seconds left.
|
|t:|1743829419
|switch|p2a: Slowking|Slowking-Galar, F|86/100|[from] U-turn
|
|upkeep
|turn|29
|inactive|insane pastor has 30 seconds left.
|inactive|insane pastor has 20 seconds left.
|
|t:|1743829443
|move|p1a: Sinistcha|Calm Mind|p1a: Sinistcha
|-boost|p1a: Sinistcha|spa|1
|-boost|p1a: Sinistcha|spd|1
|move|p2a: Slowking|Sludge Bomb|p1a: Sinistcha
|-damage|p1a: Sinistcha|56/100
|
|upkeep
|turn|30
|inactive|insane pastor has 30 seconds left this turn.
|
|t:|1743829452
|switch|p2a: Meowscarada|Meowscarada, F, shiny|94/100 tox
|-damage|p2a: Meowscarada|82/100 tox|[from] Stealth Rock
|move|p1a: Sinistcha|Shadow Ball|p2a: Meowscarada
|-resisted|p2a: Meowscarada
|-damage|p2a: Meowscarada|45/100 tox
|
|-damage|p2a: Meowscarada|39/100 tox|[from] psn
|upkeep
|turn|31
|inactive|insane pastor has 30 seconds left.
|
|t:|1743829462
|switch|p1a: Alomomola|Alomomola, F|52/100
|-damage|p1a: Alomomola|39/100|[from] Stealth Rock
|move|p2a: Meowscarada|Knock Off|p1a: Alomomola
|-start|p2a: Meowscarada|typechange|Dark|[from] ability: Protean
|-damage|p1a: Alomomola|9/100
|-enditem|p1a: Alomomola|Assault Vest|[from] move: Knock Off|[of] p2a: Meowscarada
|
|-damage|p2a: Meowscarada|27/100 tox|[from] psn
|upkeep
|turn|32
|inactive|insane pastor has 30 seconds left.
|inactive|insane pastor has 20 seconds left.
|inactive|insane pastor has 15 seconds left.
|
|t:|1743829484
|switch|p1a: Great Tusk|Great Tusk|100/100
|move|p2a: Meowscarada|Knock Off|p1a: Great Tusk
|-resisted|p1a: Great Tusk
|-damage|p1a: Great Tusk|84/100
|-enditem|p1a: Great Tusk|Heavy-Duty Boots|[from] move: Knock Off|[of] p2a: Meowscarada
|
|-damage|p2a: Meowscarada|8/100 tox|[from] psn
|upkeep
|turn|33
|inactive|insane pastor has 25 seconds left this turn.
|
|t:|1743829501
|switch|p2a: Landorus|Landorus-Therian, M|88/100
|-damage|p2a: Landorus|76/100|[from] Stealth Rock
|-ability|p2a: Landorus|Intimidate|boost
|-unboost|p1a: Great Tusk|atk|1
|move|p1a: Great Tusk|Rapid Spin|p2a: Landorus
|-damage|p2a: Landorus|68/100
|-boost|p1a: Great Tusk|spe|1
|-damage|p1a: Great Tusk|68/100|[from] item: Rocky Helmet|[of] p2a: Landorus
|-sideend|p1: insane pastor|Stealth Rock|[from] move: Rapid Spin|[of] p1a: Great Tusk
|
|upkeep
|turn|34
|inactive|insane pastor has 30 seconds left.
|inactive|insane pastor has 20 seconds left.
|inactive|insane pastor has 15 seconds left.
|inactive|insane pastor has 10 seconds left.
|
|t:|1743829532
|switch|p2a: Cinderace|Cinderace, F|100/100
|move|p1a: Great Tusk|Ice Spinner|p2a: Cinderace
|-resisted|p2a: Cinderace
|-damage|p2a: Cinderace|89/100
|
|upkeep
|turn|35
|inactive|insane pastor has 20 seconds left this turn.
|inactive|insane pastor has 15 seconds left.
|inactive|l1ght1sback has 120 seconds left.
|
|t:|1743829555
|-end|p1a: Great Tusk|Protosynthesis|[silent]
|switch|p1a: Alomomola|Alomomola, F|43/100
|switch|p2a: Landorus|Landorus-Therian, M|68/100
|-damage|p2a: Landorus|55/100|[from] Stealth Rock
|-ability|p2a: Landorus|Intimidate|boost
|-unboost|p1a: Alomomola|atk|1
|
|upkeep
|turn|36
|inactive|insane pastor has 25 seconds left this turn.
|inactive|insane pastor has 20 seconds left.
|inactive|l1ght1sback has 120 seconds left.
|inactive|insane pastor has 15 seconds left.
|inactive|insane pastor has 10 seconds left.
|
|t:|1743829570
|move|p2a: Landorus|U-turn|p1a: Alomomola
|-damage|p1a: Alomomola|29/100
|inactive|insane pastor has 15 seconds left this turn.
|
|t:|1743829572
|switch|p2a: Cinderace|Cinderace, F|89/100|[from] U-turn
|move|p1a: Alomomola|Flip Turn|p2a: Cinderace
|-supereffective|p2a: Cinderace
|-damage|p2a: Cinderace|63/100
|inactive|insane pastor has 20 seconds left this turn.
|inactive|insane pastor has 15 seconds left.
|
|t:|1743829578
|switch|p1a: Zamazenta|Zamazenta|94/100|[from] Flip Turn
|
|upkeep
|turn|37
|inactive|insane pastor has 25 seconds left this turn.
|
|t:|1743829583
|switch|p2a: Landorus|Landorus-Therian, M|55/100
|-damage|p2a: Landorus|43/100|[from] Stealth Rock
|-ability|p2a: Landorus|Intimidate|boost
|-unboost|p1a: Zamazenta|atk|1
|move|p1a: Zamazenta|Close Combat|p2a: Landorus
|-resisted|p2a: Landorus
|-damage|p2a: Landorus|22/100
|-unboost|p1a: Zamazenta|def|1
|-unboost|p1a: Zamazenta|spd|1
|-damage|p1a: Zamazenta|78/100|[from] item: Rocky Helmet|[of] p2a: Landorus
|
|upkeep
|turn|38
|inactive|insane pastor has 30 seconds left.
|inactive|insane pastor has 20 seconds left.
|
|t:|1743829599
|switch|p1a: Alomomola|Alomomola, F|62/100
|move|p2a: Landorus|U-turn|p1a: Alomomola
|-damage|p1a: Alomomola|48/100
|inactive|insane pastor has 25 seconds left this turn.
|
|t:|1743829600
|switch|p2a: Cinderace|Cinderace, F|63/100|[from] U-turn
|
|upkeep
|turn|39
|inactive|insane pastor has 30 seconds left.
|
|t:|1743829607
|move|p2a: Cinderace|Court Change|p2a: Cinderace
|-swapsideconditions
|-activate|p2a: Cinderace|move: Court Change
|move|p1a: Alomomola|Flip Turn|p2a: Cinderace
|-supereffective|p2a: Cinderace
|-damage|p2a: Cinderace|25/100
|inactive|insane pastor has 30 seconds left.
|inactive|insane pastor has 20 seconds left.
|
|t:|1743829624
|switch|p1a: Zamazenta|Zamazenta|78/100|[from] Flip Turn
|-damage|p1a: Zamazenta|72/100|[from] Stealth Rock
|
|upkeep
|turn|40
|inactive|insane pastor has 30 seconds left this turn.
|
|t:|1743829642
|switch|p2a: Landorus|Landorus-Therian, M|22/100
|-ability|p2a: Landorus|Intimidate|boost
|-unboost|p1a: Zamazenta|atk|1
|move|p1a: Zamazenta|Crunch|p2a: Landorus
|-damage|p2a: Landorus|3/100
|-damage|p1a: Zamazenta|55/100|[from] item: Rocky Helmet|[of] p2a: Landorus
|
|upkeep
|turn|41
|inactive|insane pastor has 30 seconds left.
|inactive|l1ght1sback has 120 seconds left.
|
|t:|1743829672
|switch|p2a: Cinderace|Cinderace, F|25/100
|move|p1a: Zamazenta|Crunch|p2a: Cinderace
|-damage|p2a: Cinderace|0 fnt
|faint|p2a: Cinderace
|
|upkeep
|inactive|l1ght1sback has 120 seconds left.
|
|t:|1743829678
|switch|p2a: Slowking|Slowking-Galar, F|100/100
|turn|42
|
|t:|1743829689
|switch|p1a: Alomomola|Alomomola, F|81/100
|-damage|p1a: Alomomola|69/100|[from] Stealth Rock
|move|p2a: Slowking|Future Sight|p1a: Alomomola
|-start|p2a: Slowking|move: Future Sight
|
|upkeep
|turn|43
|inactive|insane pastor has 30 seconds left.
|
|t:|1743829706
|move|p1a: Alomomola|Scald|p2a: Slowking
|-damage|p2a: Slowking|93/100
|-status|p2a: Slowking|brn
|-prepare|p2a: Slowking|Chilly Reception|[premajor]
|move|p2a: Slowking|Chilly Reception|p2a: Slowking
|-weather|Snowscape
|
|t:|1743829722
|switch|p2a: Walking Wake|Walking Wake, tera:Water|10/100|[from] Chilly Reception
|
|-weather|Snowscape|[upkeep]
|upkeep
|turn|44
|
|t:|1743829726
|switch|p1a: Sinistcha|Sinistcha|56/100
|move|p2a: Walking Wake|Draco Meteor|p1a: Sinistcha
|-damage|p1a: Sinistcha|0 fnt
|-unboost|p2a: Walking Wake|spa|2
|faint|p1a: Sinistcha
|
|-weather|Snowscape|[upkeep]
|-hint|Future Sight did not hit because the target is fainted.
|upkeep
|
|t:|1743829733
|switch|p1a: Zamazenta|Zamazenta|55/100
|-damage|p1a: Zamazenta|49/100|[from] Stealth Rock
|turn|45
|
|t:|1743829744
|-end|p2a: Walking Wake|Protosynthesis|[silent]
|switch|p2a: Landorus|Landorus-Therian, M|3/100
|-ability|p2a: Landorus|Intimidate|boost
|-unboost|p1a: Zamazenta|atk|1
|move|p1a: Zamazenta|Crunch|p2a: Landorus
|-damage|p2a: Landorus|0 fnt
|-damage|p1a: Zamazenta|32/100|[from] item: Rocky Helmet|[of] p2a: Landorus
|faint|p2a: Landorus
|
|-weather|Snowscape|[upkeep]
|upkeep
|
|t:|1743829757
|switch|p2a: Slowking|Slowking-Galar, F|100/100 brn
|turn|46
|
|t:|1743829774
|switch|p1a: Great Tusk|Great Tusk|68/100
|-damage|p1a: Great Tusk|65/100|[from] Stealth Rock
|move|p2a: Slowking|Future Sight|p1a: Great Tusk
|-start|p2a: Slowking|move: Future Sight
|
|-weather|Snowscape|[upkeep]
|-damage|p2a: Slowking|94/100 brn|[from] brn
|upkeep
|turn|47
|inactive|insane pastor has 60 seconds left.
|inactive|l1ght1sback has 120 seconds left.
|
|t:|1743829822
|move|p1a: Great Tusk|Headlong Rush|p2a: Slowking
|-supereffective|p2a: Slowking
|-damage|p2a: Slowking|0 fnt
|-unboost|p1a: Great Tusk|def|1
|-unboost|p1a: Great Tusk|spd|1
|faint|p2a: Slowking
|
|-weather|none
|upkeep
|
|t:|1743829827
|switch|p2a: Walking Wake|Walking Wake, tera:Water|10/100
|turn|48
|
|t:|1743829835
|move|p2a: Walking Wake|Hydro Pump|p1a: Great Tusk
|-supereffective|p1a: Great Tusk
|-damage|p1a: Great Tusk|0 fnt
|faint|p1a: Great Tusk
|-end|p1a: Great Tusk|Protosynthesis|[silent]
|
|-hint|Future Sight did not hit because the target is fainted.
|upkeep
|
|t:|1743829839
|switch|p1a: Zamazenta|Zamazenta|32/100
|-damage|p1a: Zamazenta|26/100|[from] Stealth Rock
|turn|49
|
|t:|1743829848
|move|p1a: Zamazenta|Crunch|p2a: Walking Wake
|-damage|p2a: Walking Wake|0 fnt
|faint|p2a: Walking Wake
|-end|p2a: Walking Wake|Protosynthesis|[silent]
|
|upkeep
|
|t:|1743829850
|switch|p2a: Meowscarada|Meowscarada, F, shiny|8/100 tox
|turn|50
|
|t:|1743829856
|move|p2a: Meowscarada|Flower Trick|p1a: Zamazenta
|-start|p2a: Meowscarada|typechange|Grass|[from] ability: Protean
|-crit|p1a: Zamazenta
|-damage|p1a: Zamazenta|0 fnt
|faint|p1a: Zamazenta
|
|-damage|p2a: Meowscarada|2/100 tox|[from] psn
|upkeep
|c|☆l1ght1sback|gg
|
|t:|1743829864
|switch|p1a: Alomomola|Alomomola, F|100/100
|-damage|p1a: Alomomola|88/100|[from] Stealth Rock
|turn|51
|
|t:|1743829869
|move|p2a: Meowscarada|Flower Trick|p1a: Alomomola
|-supereffective|p1a: Alomomola
|-crit|p1a: Alomomola
|-damage|p1a: Alomomola|25/100
|move|p1a: Alomomola|Flip Turn|p2a: Meowscarada
|-resisted|p2a: Meowscarada
|-damage|p2a: Meowscarada|0 fnt
|faint|p2a: Meowscarada
|
|win|insane pastor
|raw|insane pastor's rating: 1497 &rarr; <strong>1519</strong><br />(+22 for winning)
|raw|l1ght1sback's rating: 1528 &rarr; <strong>1506</strong><br />(-22 for losing)
|l|☆l1ght1sback
|player|p2|
|l|☆insane pastor
|player|p1|
