|j|☆Bfbdbshahahdh
|j|☆deadbyu
|t:|1743838266
|gametype|singles
|player|p1|Bfbdbshahahdh|265|1079
|player|p2|deadbyu|hilbert|1045
|teamsize|p1|6
|teamsize|p2|6
|gen|9
|tier|[Gen 9] OU
|rated|
|rule|HP Percentage Mod: HP is shown in percentages
|rule|Endless Battle Clause: Forcing endless battles is banned
|rule|Species Clause: Limit one of each Pokémon
|rule|OHKO Clause: OHKO moves are banned
|rule|Evasion Items Clause: Evasion items are banned
|rule|Evasion Moves Clause: Evasion moves are banned
|rule|Sleep Moves Clause: Sleep-inducing moves are banned
|clearpoke
|poke|p1|Alomomola, M|
|poke|p1|Toxapex, M|
|poke|p1|Blissey, F|
|poke|p1|Forretress, F|
|poke|p1|Sableye, M|
|poke|p1|Clodsire, M|
|poke|p2|Torkoal, F|
|poke|p2|Walking Wake|
|poke|p2|Great Tusk|
|poke|p2|Raging Bolt|
|poke|p2|Incineroar, F|
|poke|p2|Farigiraf, M|
|teampreview
|inactive|Battle timer is ON: inactive players will automatically lose when time's up. (requested by deadbyu)
|
|t:|1743838275
|start
|switch|p1a: Blissey|Blissey, F|100/100
|switch|p2a: Torkoal|Torkoal, F|100/100
|-weather|SunnyDay|[from] ability: Drought|[of] p2a: Torkoal
|turn|1
|
|t:|1743838289
|move|p1a: Blissey|Stealth Rock|p2a: Torkoal
|-sidestart|p2: deadbyu|move: Stealth Rock
|move|p2a: Torkoal|Stealth Rock|p1a: Blissey
|-sidestart|p1: Bfbdbshahahdh|move: Stealth Rock
|
|-weather|SunnyDay|[upkeep]
|upkeep
|turn|2
|
|t:|1743838300
|move|p1a: Blissey|Seismic Toss|p2a: Torkoal
|-damage|p2a: Torkoal|71/100
|move|p2a: Torkoal|Rapid Spin|p1a: Blissey
|-damage|p1a: Blissey|83/100
|-boost|p2a: Torkoal|spe|1
|-sideend|p2: deadbyu|Stealth Rock|[from] move: Rapid Spin|[of] p2a: Torkoal
|
|-weather|SunnyDay|[upkeep]
|upkeep
|turn|3
|
|t:|1743838314
|move|p1a: Blissey|Charm|p2a: Torkoal
|-unboost|p2a: Torkoal|atk|2
|move|p2a: Torkoal|Lava Plume|p1a: Blissey
|-damage|p1a: Blissey|73/100
|
|-weather|SunnyDay|[upkeep]
|upkeep
|turn|4
|inactive|deadbyu has 120 seconds left.
|
|t:|1743838346
|switch|p2a: Raging Bolt|Raging Bolt|100/100
|-activate|p2a: Raging Bolt|ability: Protosynthesis
|-start|p2a: Raging Bolt|protosynthesisspa
|move|p1a: Blissey|Seismic Toss|p2a: Raging Bolt
|-damage|p2a: Raging Bolt|76/100
|
|-weather|SunnyDay|[upkeep]
|-heal|p2a: Raging Bolt|82/100|[from] item: Leftovers
|upkeep
|turn|5
|
|t:|1743838360
|move|p2a: Raging Bolt|Calm Mind|p2a: Raging Bolt
|-boost|p2a: Raging Bolt|spa|1
|-boost|p2a: Raging Bolt|spd|1
|move|p1a: Blissey|Soft-Boiled|p1a: Blissey
|-heal|p1a: Blissey|100/100
|
|-weather|SunnyDay|[upkeep]
|-heal|p2a: Raging Bolt|88/100|[from] item: Leftovers
|upkeep
|turn|6
|inactive|deadbyu has 120 seconds left.
|
|t:|1743838377
|move|p2a: Raging Bolt|Dragon Pulse|p1a: Blissey
|-damage|p1a: Blissey|74/100
|move|p1a: Blissey|Stealth Rock|p2a: Raging Bolt
|-sidestart|p2: deadbyu|move: Stealth Rock
|
|-weather|SunnyDay|[upkeep]
|-heal|p2a: Raging Bolt|94/100|[from] item: Leftovers
|upkeep
|turn|7
|
|t:|1743838387
|move|p2a: Raging Bolt|Calm Mind|p2a: Raging Bolt
|-boost|p2a: Raging Bolt|spa|1
|-boost|p2a: Raging Bolt|spd|1
|move|p1a: Blissey|Seismic Toss|p2a: Raging Bolt
|-damage|p2a: Raging Bolt|70/100
|
|-weather|SunnyDay|[upkeep]
|-heal|p2a: Raging Bolt|76/100|[from] item: Leftovers
|upkeep
|turn|8
|
|t:|1743838409
|move|p2a: Raging Bolt|Weather Ball|p1a: Blissey
|-damage|p1a: Blissey|33/100
|move|p1a: Blissey|Soft-Boiled|p1a: Blissey
|-heal|p1a: Blissey|83/100
|
|-weather|none
|-end|p2a: Raging Bolt|Protosynthesis
|-heal|p2a: Raging Bolt|82/100|[from] item: Leftovers
|upkeep
|turn|9
|
|t:|1743838423
|move|p2a: Raging Bolt|Calm Mind|p2a: Raging Bolt
|-boost|p2a: Raging Bolt|spa|1
|-boost|p2a: Raging Bolt|spd|1
|move|p1a: Blissey|Seismic Toss|p2a: Raging Bolt
|-damage|p2a: Raging Bolt|58/100
|
|-heal|p2a: Raging Bolt|64/100|[from] item: Leftovers
|upkeep
|turn|10
|inactive|Bfbdbshahahdh has 120 seconds left.
|
|t:|1743838440
|switch|p1a: Clodsire|Clodsire, M|100/100
|move|p2a: Raging Bolt|Calm Mind|p2a: Raging Bolt
|-boost|p2a: Raging Bolt|spa|1
|-boost|p2a: Raging Bolt|spd|1
|
|-heal|p2a: Raging Bolt|70/100|[from] item: Leftovers
|upkeep
|turn|11
|inactive|Bfbdbshahahdh has 120 seconds left.
|
|t:|1743838457
|move|p2a: Raging Bolt|Dragon Pulse|p1a: Clodsire
|-damage|p1a: Clodsire|72/100
|move|p1a: Clodsire|Earthquake|p2a: Raging Bolt
|-supereffective|p2a: Raging Bolt
|-damage|p2a: Raging Bolt|19/100
|
|-heal|p2a: Raging Bolt|25/100|[from] item: Leftovers
|upkeep
|turn|12
|inactive|Bfbdbshahahdh has 120 seconds left.
|
|t:|1743838472
|move|p2a: Raging Bolt|Weather Ball|p1a: Clodsire
|-damage|p1a: Clodsire|61/100
|move|p1a: Clodsire|Recover|p1a: Clodsire
|-heal|p1a: Clodsire|100/100
|
|-heal|p2a: Raging Bolt|31/100|[from] item: Leftovers
|upkeep
|turn|13
|inactive|Bfbdbshahahdh has 120 seconds left.
|c|☆deadbyu|that defense much be fkin crazy
|
|t:|1743838480
|move|p2a: Raging Bolt|Dragon Pulse|p1a: Clodsire
|-damage|p1a: Clodsire|74/100
|move|p1a: Clodsire|Earthquake|p2a: Raging Bolt
|-supereffective|p2a: Raging Bolt
|-damage|p2a: Raging Bolt|0 fnt
|faint|p2a: Raging Bolt
|-end|p2a: Raging Bolt|Protosynthesis|[silent]
|
|upkeep
|
|t:|1743838485
|switch|p2a: Torkoal|Torkoal, F|71/100
|-damage|p2a: Torkoal|47/100|[from] Stealth Rock
|-weather|SunnyDay|[from] ability: Drought|[of] p2a: Torkoal
|turn|14
|c|☆Bfbdbshahahdh|It’s his ability
|c|☆Bfbdbshahahdh|doesn’t consider stat boosts
|inactive|Bfbdbshahahdh has 120 seconds left.
|c|☆deadbyu|unawre
|c|☆deadbyu|yea
|
|t:|1743838514
|move|p1a: Clodsire|Earthquake|p2a: Torkoal
|-supereffective|p2a: Torkoal
|-damage|p2a: Torkoal|7/100
|move|p2a: Torkoal|Rapid Spin|p1a: Clodsire
|-damage|p1a: Clodsire|64/100
|-boost|p2a: Torkoal|spe|1
|-sideend|p2: deadbyu|Stealth Rock|[from] move: Rapid Spin|[of] p2a: Torkoal
|
|-weather|SunnyDay|[upkeep]
|upkeep
|turn|15
|
|t:|1743838528
|switch|p2a: Walking Wake|Walking Wake|100/100
|-activate|p2a: Walking Wake|ability: Protosynthesis
|-start|p2a: Walking Wake|protosynthesisspe
|move|p1a: Clodsire|Recover|p1a: Clodsire
|-heal|p1a: Clodsire|100/100
|
|-weather|SunnyDay|[upkeep]
|upkeep
|turn|16
|
|t:|1743838548
|switch|p1a: Sableye|Sableye, M|100/100
|move|p2a: Walking Wake|Hydro Steam|p1a: Sableye
|-damage|p1a: Sableye|10/100
|
|-weather|SunnyDay|[upkeep]
|upkeep
|turn|17
|
|t:|1743838569
|switch|p1a: Blissey|Blissey, F|83/100
|move|p2a: Walking Wake|Hydro Steam|p1a: Blissey
|-damage|p1a: Blissey|57/100
|
|-weather|SunnyDay|[upkeep]
|upkeep
|turn|18
|
|t:|1743838581
|move|p2a: Walking Wake|Hydro Steam|p1a: Blissey
|-damage|p1a: Blissey|32/100
|move|p1a: Blissey|Soft-Boiled|p1a: Blissey
|-heal|p1a: Blissey|82/100
|
|-weather|SunnyDay|[upkeep]
|upkeep
|turn|19
|
|t:|1743838591
|move|p2a: Walking Wake|Hydro Steam|p1a: Blissey
|-damage|p1a: Blissey|58/100
|move|p1a: Blissey|Soft-Boiled|p1a: Blissey
|-heal|p1a: Blissey|100/100
|
|-weather|SunnyDay|[upkeep]
|upkeep
|turn|20
|c|☆deadbyu|guess we are waiting till u run out of softb
|
|t:|1743838606
|move|p2a: Walking Wake|Hydro Steam|p1a: Blissey
|-damage|p1a: Blissey|77/100
|move|p1a: Blissey|Stealth Rock|p2a: Walking Wake
|-sidestart|p2: deadbyu|move: Stealth Rock
|
|-weather|SunnyDay|[upkeep]
|upkeep
|turn|21
|
|t:|1743838626
|move|p2a: Walking Wake|Hydro Steam|p1a: Blissey
|-damage|p1a: Blissey|51/100
|move|p1a: Blissey|Seismic Toss|p2a: Walking Wake
|-damage|p2a: Walking Wake|71/100
|
|-weather|none
|-end|p2a: Walking Wake|Protosynthesis
|upkeep
|turn|22
|
|t:|1743838636
|move|p2a: Walking Wake|Hydro Steam|p1a: Blissey
|-damage|p1a: Blissey|32/100
|move|p1a: Blissey|Soft-Boiled|p1a: Blissey
|-heal|p1a: Blissey|82/100
|
|upkeep
|turn|23
|
|t:|1743838648
|-end|p2a: Walking Wake|Protosynthesis|[silent]
|switch|p2a: Torkoal|Torkoal, F|7/100
|-damage|p2a: Torkoal|0 fnt|[from] Stealth Rock
|faint|p2a: Torkoal
|-terastallize|p1a: Blissey|Water
|move|p1a: Blissey|Seismic Toss|p2: Torkoal|[notarget]
|-fail|p1a: Blissey
|
|upkeep
|
|t:|1743838663
|switch|p2a: Farigiraf|Farigiraf, M|100/100
|-damage|p2a: Farigiraf|88/100|[from] Stealth Rock
|turn|24
|
|t:|1743838684
|move|p2a: Farigiraf|Zen Headbutt|p1a: Blissey
|-damage|p1a: Blissey|29/100
|move|p1a: Blissey|Seismic Toss|p2a: Farigiraf
|-damage|p2a: Farigiraf|64/100
|
|upkeep
|turn|25
|
|t:|1743838693
|switch|p1a: Alomomola|Alomomola, M|100/100
|move|p2a: Farigiraf|Zen Headbutt|p1a: Alomomola
|-damage|p1a: Alomomola|85/100
|
|upkeep
|turn|26
|
|t:|1743838716
|move|p2a: Farigiraf|Shadow Ball|p1a: Alomomola
|-damage|p1a: Alomomola|64/100
|move|p1a: Alomomola|Wish|p1a: Alomomola
|
|upkeep
|turn|27
|
|t:|1743838728
|move|p2a: Farigiraf|Zen Headbutt|p1a: Alomomola
|-damage|p1a: Alomomola|49/100
|move|p1a: Alomomola|Whirlpool|p2a: Farigiraf|[miss]
|-miss|p1a: Alomomola|p2a: Farigiraf
|
|-heal|p1a: Alomomola|99/100|[from] move: Wish|[wisher] Alomomola
|upkeep
|turn|28
|inactive|deadbyu has 120 seconds left.
|
|t:|1743838746
|switch|p2a: Walking Wake|Walking Wake|71/100
|-damage|p2a: Walking Wake|59/100|[from] Stealth Rock
|move|p1a: Alomomola|Whirlpool|p2a: Walking Wake
|-resisted|p2a: Walking Wake
|-damage|p2a: Walking Wake|57/100
|-activate|p2a: Walking Wake|move: Whirlpool|[of] p1a: Alomomola
|
|-damage|p2a: Walking Wake|44/100|[from] move: Whirlpool|[partiallytrapped]
|upkeep
|turn|29
|inactive|deadbyu has 120 seconds left.
|
|t:|1743838757
|move|p1a: Alomomola|Protect|p1a: Alomomola
|-singleturn|p1a: Alomomola|Protect
|move|p2a: Walking Wake|Draco Meteor|p1a: Alomomola
|-activate|p1a: Alomomola|move: Protect
|
|-damage|p2a: Walking Wake|32/100|[from] move: Whirlpool|[partiallytrapped]
|upkeep
|turn|30
|
|t:|1743838774
|switch|p1a: Blissey|Blissey, F, tera:Water|29/100
|move|p2a: Walking Wake|Draco Meteor|p1a: Blissey
|-damage|p1a: Blissey|3/100
|-unboost|p2a: Walking Wake|spa|2
|
|-end|p2a: Walking Wake|Whirlpool|[partiallytrapped]|[silent]
|upkeep
|turn|31
|c|☆deadbyu|really
|
|t:|1743838786
|move|p2a: Walking Wake|Draco Meteor|p1a: Blissey|[miss]
|-miss|p2a: Walking Wake|p1a: Blissey
|move|p1a: Blissey|Soft-Boiled|p1a: Blissey
|-heal|p1a: Blissey|53/100
|
|upkeep
|turn|32
|c|☆deadbyu|really
|c|☆Bfbdbshahahdh|Omg
|-message|deadbyu forfeited.
|
|win|Bfbdbshahahdh
|raw|Bfbdbshahahdh's rating: 1079 &rarr; <strong>1104</strong><br />(+25 for winning)
|raw|deadbyu's rating: 1045 &rarr; <strong>1030</strong><br />(-15 for losing)
|l|☆deadbyu
|player|p2|
