|j|☆pokemon showdwon
|j|☆proman123lol
|t:|1743784694
|gametype|singles
|player|p1|pokemon showdwon|170|1109
|player|p2|proman123lol|101|1125
|teamsize|p1|6
|teamsize|p2|6
|gen|9
|tier|[Gen 9] OU
|rated|
|rule|HP Percentage Mod: HP is shown in percentages
|rule|Endless Battle Clause: Forcing endless battles is banned
|rule|Species Clause: Limit one of each Pokémon
|rule|OHKO Clause: OHKO moves are banned
|rule|Evasion Items Clause: Evasion items are banned
|rule|Evasion Moves Clause: Evasion moves are banned
|rule|Sleep Moves Clause: Sleep-inducing moves are banned
|clearpoke
|poke|p1|Hitmonlee, M|
|poke|p1|Ting-Lu|
|poke|p1|Wo-Chien|
|poke|p1|Chandelure, M|
|poke|p1|Articuno-Galar|
|poke|p1|Cryogonal|
|poke|p2|Gliscor, M|
|poke|p2|Blaziken, F|
|poke|p2|Regidrago|
|poke|p2|Sunflora, F|
|poke|p2|Lapras, F|
|poke|p2|Kingambit, F|
|teampreview
|
|t:|1743784713
|start
|switch|p1a: Hitmonlee|Hitmonlee, M|100/100
|switch|p2a: Gliscor|Gliscor, M|100/100
|turn|1
|
|t:|1743784722
|move|p2a: Gliscor|Knock Off|p1a: Hitmonlee
|-resisted|p1a: Hitmonlee
|-damage|p1a: Hitmonlee|67/100
|-enditem|p1a: Hitmonlee|Choice Band|[from] move: Knock Off|[of] p2a: Gliscor
|move|p1a: Hitmonlee|Knock Off|p2a: Gliscor
|-damage|p2a: Gliscor|72/100
|-enditem|p2a: Gliscor|Toxic Orb|[from] move: Knock Off|[of] p1a: Hitmonlee
|
|upkeep
|turn|2
|inactive|Battle timer is ON: inactive players will automatically lose when time's up. (requested by pokemon showdwon)
|
|t:|1743784740
|move|p2a: Gliscor|Earthquake|p1a: Hitmonlee
|-damage|p1a: Hitmonlee|0 fnt
|faint|p1a: Hitmonlee
|
|upkeep
|
|t:|1743784762
|switch|p1a: Cryogonal|Cryogonal, shiny|100/100
|turn|3
|
|t:|1743784773
|switch|p2a: Blaziken|Blaziken, F|100/100
|move|p1a: Cryogonal|Freeze-Dry|p2a: Blaziken
|-resisted|p2a: Blaziken
|-damage|p2a: Blaziken|78/100
|
|-heal|p2a: Blaziken|84/100|[from] item: Leftovers
|upkeep
|turn|4
|
|t:|1743784785
|switch|p1a: Ting-Lu|Ting-Lu|100/100
|-ability|p1a: Ting-Lu|Vessel of Ruin
|move|p2a: Blaziken|Swords Dance|p2a: Blaziken
|-boost|p2a: Blaziken|atk|2
|
|-heal|p2a: Blaziken|90/100|[from] item: Leftovers
|-ability|p2a: Blaziken|Speed Boost|boost
|-boost|p2a: Blaziken|spe|1
|upkeep
|turn|5
|
|t:|1743784797
|-terastallize|p1a: Ting-Lu|Ghost
|move|p2a: Blaziken|Focus Blast|p1a: Ting-Lu
|-immune|p1a: Ting-Lu
|move|p1a: Ting-Lu|Whirlwind|p2a: Blaziken
|drag|p2a: Kingambit|Kingambit, F|100/100
|
|upkeep
|turn|6
|
|t:|1743784806
|move|p2a: Kingambit|Kowtow Cleave|p1a: Ting-Lu
|-supereffective|p1a: Ting-Lu
|-damage|p1a: Ting-Lu|46/100
|move|p1a: Ting-Lu|Earthquake|p2a: Kingambit
|-supereffective|p2a: Kingambit
|-damage|p2a: Kingambit|50/100
|
|-heal|p2a: Kingambit|56/100|[from] item: Leftovers
|-heal|p1a: Ting-Lu|53/100|[from] item: Leftovers
|upkeep
|turn|7
|
|t:|1743784817
|-end|p2a: Kingambit|fallenundefined|[silent]
|switch|p2a: Regidrago|Regidrago|100/100
|move|p1a: Ting-Lu|Stealth Rock|p2a: Regidrago
|-sidestart|p2: proman123lol|move: Stealth Rock
|
|-heal|p1a: Ting-Lu|59/100|[from] item: Leftovers
|upkeep
|turn|8
|
|t:|1743784826
|move|p2a: Regidrago|Dragon Dance|p2a: Regidrago
|-boost|p2a: Regidrago|atk|1
|-boost|p2a: Regidrago|spe|1
|move|p1a: Ting-Lu|Spikes|p2a: Regidrago
|-sidestart|p2: proman123lol|Spikes
|
|-heal|p1a: Ting-Lu|65/100|[from] item: Leftovers
|upkeep
|turn|9
|
|t:|1743784836
|move|p2a: Regidrago|Scale Shot|p1a: Ting-Lu
|-damage|p1a: Ting-Lu|52/100
|-damage|p1a: Ting-Lu|39/100
|-damage|p1a: Ting-Lu|26/100
|-damage|p1a: Ting-Lu|14/100
|-hitcount|p1a: Ting-Lu|4
|-unboost|p2a: Regidrago|def|1
|-boost|p2a: Regidrago|spe|1
|move|p1a: Ting-Lu|Whirlwind|p2a: Regidrago
|drag|p2a: Gliscor|Gliscor, M|72/100
|-damage|p2a: Gliscor|60/100|[from] Stealth Rock
|
|-heal|p1a: Ting-Lu|20/100|[from] item: Leftovers
|upkeep
|turn|10
|
|t:|1743784849
|move|p2a: Gliscor|Knock Off|p1a: Ting-Lu
|-supereffective|p1a: Ting-Lu
|-damage|p1a: Ting-Lu|0 fnt
|-enditem|p1a: Ting-Lu|Leftovers|[from] move: Knock Off|[of] p2a: Gliscor
|faint|p1a: Ting-Lu
|
|upkeep
|
|t:|1743784854
|switch|p1a: Cryogonal|Cryogonal, shiny|100/100
|turn|11
|
|t:|1743784862
|switch|p2a: Lapras|Lapras, F|100/100
|move|p1a: Cryogonal|Freeze-Dry|p2a: Lapras
|-damage|p2a: Lapras|76/100
|
|upkeep
|turn|12
|
|t:|1743784879
|switch|p1a: Articuno|Articuno-Galar, shiny|100/100
|move|p2a: Lapras|Dragon Dance|p2a: Lapras
|-boost|p2a: Lapras|atk|1
|-boost|p2a: Lapras|spe|1
|
|upkeep
|turn|13
|
|t:|1743784908
|move|p2a: Lapras|Alluring Voice|p1a: Articuno
|-damage|p1a: Articuno|78/100
|move|p1a: Articuno|Future Sight|p2a: Lapras
|-start|p1a: Articuno|move: Future Sight
|
|-heal|p1a: Articuno|84/100|[from] item: Leftovers
|upkeep
|turn|14
|
|t:|1743784925
|move|p2a: Lapras|Hydro Pump|p1a: Articuno
|-damage|p1a: Articuno|32/100
|move|p1a: Articuno|Air Slash|p2a: Lapras
|-damage|p2a: Lapras|41/100
|
|-heal|p1a: Articuno|38/100|[from] item: Leftovers
|upkeep
|turn|15
|
|t:|1743784932
|switch|p1a: Wo-Chien|Wo-Chien|100/100
|-ability|p1a: Wo-Chien|Tablets of Ruin
|move|p2a: Lapras|Hydro Pump|p1a: Wo-Chien|[miss]
|-miss|p2a: Lapras|p1a: Wo-Chien
|
|-end|p2a: Lapras|move: Future Sight
|-damage|p2a: Lapras|0 fnt
|faint|p2a: Lapras
|upkeep
|inactive|proman123lol has 120 seconds left.
|
|t:|1743784955
|switch|p2a: Gliscor|Gliscor, M|60/100
|-damage|p2a: Gliscor|47/100|[from] Stealth Rock
|turn|16
|inactive|proman123lol has 120 seconds left.
|
|t:|1743784972
|switch|p2a: Sunflora|Sunflora, F|100/100
|-damage|p2a: Sunflora|88/100|[from] Stealth Rock
|-damage|p2a: Sunflora|76/100|[from] Spikes
|move|p1a: Wo-Chien|Leech Seed|p2a: Sunflora
|-immune|p2a: Sunflora
|
|upkeep
|turn|17
|inactive|proman123lol has 120 seconds left.
|
|t:|1743784985
|move|p2a: Sunflora|Leech Seed|p1a: Wo-Chien
|-immune|p1a: Wo-Chien
|move|p1a: Wo-Chien|Knock Off|p2a: Sunflora
|-damage|p2a: Sunflora|32/100
|-damage|p1a: Wo-Chien|84/100|[from] item: Rocky Helmet|[of] p2a: Sunflora
|-enditem|p2a: Sunflora|Rocky Helmet|[from] move: Knock Off|[of] p1a: Wo-Chien
|
|-heal|p1a: Wo-Chien|90/100|[from] item: Leftovers
|upkeep
|turn|18
|
|t:|1743784996
|move|p2a: Sunflora|Synthesis|p2a: Sunflora
|-heal|p2a: Sunflora|82/100
|move|p1a: Wo-Chien|Ruination|p2a: Sunflora
|-damage|p2a: Sunflora|41/100
|
|-heal|p1a: Wo-Chien|96/100|[from] item: Leftovers
|upkeep
|turn|19
|
|t:|1743785003
|move|p2a: Sunflora|Sunny Day|p2a: Sunflora
|-weather|SunnyDay
|move|p1a: Wo-Chien|Ruination|p2a: Sunflora
|-damage|p2a: Sunflora|21/100
|
|-weather|SunnyDay|[upkeep]
|-heal|p1a: Wo-Chien|100/100|[from] item: Leftovers
|upkeep
|turn|20
|
|t:|1743785016
|switch|p1a: Chandelure|Chandelure, M, shiny|100/100
|move|p2a: Sunflora|Weather Ball|p1a: Chandelure
|-resisted|p1a: Chandelure
|-damage|p1a: Chandelure|75/100
|
|-weather|SunnyDay|[upkeep]
|upkeep
|turn|21
|
|t:|1743785023
|move|p1a: Chandelure|Flamethrower|p2a: Sunflora
|-supereffective|p2a: Sunflora
|-damage|p2a: Sunflora|0 fnt
|faint|p2a: Sunflora
|
|-weather|SunnyDay|[upkeep]
|upkeep
|
|t:|1743785030
|switch|p2a: Gliscor|Gliscor, M|47/100
|-damage|p2a: Gliscor|35/100|[from] Stealth Rock
|turn|22
|
|t:|1743785045
|move|p1a: Chandelure|Flamethrower|p2a: Gliscor
|-damage|p2a: Gliscor|0 fnt
|faint|p2a: Gliscor
|
|-weather|SunnyDay|[upkeep]
|upkeep
|
|t:|1743785058
|switch|p2a: Regidrago|Regidrago|100/100
|-damage|p2a: Regidrago|88/100|[from] Stealth Rock
|-damage|p2a: Regidrago|76/100|[from] Spikes
|turn|23
|
|t:|1743785075
|switch|p1a: Wo-Chien|Wo-Chien|100/100
|-ability|p1a: Wo-Chien|Tablets of Ruin
|move|p2a: Regidrago|Earthquake|p1a: Wo-Chien
|-resisted|p1a: Wo-Chien
|-damage|p1a: Wo-Chien|92/100
|
|-weather|none
|-heal|p1a: Wo-Chien|98/100|[from] item: Leftovers
|upkeep
|turn|24
|
|t:|1743785092
|move|p2a: Regidrago|Dragon Dance|p2a: Regidrago
|-boost|p2a: Regidrago|atk|1
|-boost|p2a: Regidrago|spe|1
|move|p1a: Wo-Chien|Leech Seed|p2a: Regidrago
|-start|p2a: Regidrago|move: Leech Seed
|
|-heal|p1a: Wo-Chien|100/100|[from] item: Leftovers
|-damage|p2a: Regidrago|63/100|[from] Leech Seed|[of] p1a: Wo-Chien
|upkeep
|turn|25
|
|t:|1743785101
|move|p2a: Regidrago|Scale Shot|p1a: Wo-Chien
|-damage|p1a: Wo-Chien|88/100
|-damage|p1a: Wo-Chien|74/100
|-damage|p1a: Wo-Chien|61/100
|-damage|p1a: Wo-Chien|48/100
|-hitcount|p1a: Wo-Chien|4
|-unboost|p2a: Regidrago|def|1
|-boost|p2a: Regidrago|spe|1
|move|p1a: Wo-Chien|Ruination|p2a: Regidrago
|-damage|p2a: Regidrago|32/100
|
|-heal|p1a: Wo-Chien|54/100|[from] item: Leftovers
|-damage|p2a: Regidrago|20/100|[from] Leech Seed|[of] p1a: Wo-Chien
|-heal|p1a: Wo-Chien|72/100|[silent]
|upkeep
|turn|26
|
|t:|1743785116
|move|p2a: Regidrago|Scale Shot|p1a: Wo-Chien
|-damage|p1a: Wo-Chien|58/100
|-damage|p1a: Wo-Chien|43/100
|-damage|p1a: Wo-Chien|31/100
|-damage|p1a: Wo-Chien|17/100
|-damage|p1a: Wo-Chien|5/100
|-hitcount|p1a: Wo-Chien|5
|-unboost|p2a: Regidrago|def|1
|-boost|p2a: Regidrago|spe|1
|move|p1a: Wo-Chien|Knock Off|p2a: Regidrago
|-damage|p2a: Regidrago|0 fnt
|-enditem|p2a: Regidrago|Loaded Dice|[from] move: Knock Off|[of] p1a: Wo-Chien
|faint|p2a: Regidrago
|
|-heal|p1a: Wo-Chien|11/100|[from] item: Leftovers
|upkeep
|
|t:|1743785131
|switch|p2a: Blaziken|Blaziken, F|90/100
|-damage|p2a: Blaziken|77/100|[from] Stealth Rock
|-damage|p2a: Blaziken|65/100|[from] Spikes
|turn|27
|
|t:|1743785138
|move|p2a: Blaziken|Swords Dance|p2a: Blaziken
|-boost|p2a: Blaziken|atk|2
|move|p1a: Wo-Chien|Leech Seed|p2a: Blaziken
|-start|p2a: Blaziken|move: Leech Seed
|
|-heal|p2a: Blaziken|71/100|[from] item: Leftovers
|-heal|p1a: Wo-Chien|17/100|[from] item: Leftovers
|-damage|p2a: Blaziken|59/100|[from] Leech Seed|[of] p1a: Wo-Chien
|-heal|p1a: Wo-Chien|27/100|[silent]
|-ability|p2a: Blaziken|Speed Boost|boost
|-boost|p2a: Blaziken|spe|1
|upkeep
|turn|28
|
|t:|1743785147
|move|p2a: Blaziken|Focus Blast|p1a: Wo-Chien|[miss]
|-miss|p2a: Blaziken|p1a: Wo-Chien
|move|p1a: Wo-Chien|Knock Off|p2a: Blaziken
|-resisted|p2a: Blaziken
|-crit|p2a: Blaziken
|-damage|p2a: Blaziken|20/100
|-enditem|p2a: Blaziken|Leftovers|[from] move: Knock Off|[of] p1a: Wo-Chien
|
|-heal|p1a: Wo-Chien|33/100|[from] item: Leftovers
|-damage|p2a: Blaziken|7/100|[from] Leech Seed|[of] p1a: Wo-Chien
|-heal|p1a: Wo-Chien|43/100|[silent]
|-ability|p2a: Blaziken|Speed Boost|boost
|-boost|p2a: Blaziken|spe|1
|upkeep
|turn|29
|
|t:|1743785159
|switch|p1a: Chandelure|Chandelure, M, shiny|75/100
|move|p2a: Blaziken|Blaze Kick|p1a: Chandelure
|-resisted|p1a: Chandelure
|-damage|p1a: Chandelure|11/100
|
|-damage|p2a: Blaziken|0 fnt|[from] Leech Seed|[of] p1a: Chandelure
|-heal|p1a: Chandelure|19/100|[silent]
|faint|p2a: Blaziken
|upkeep
|
|t:|1743785168
|switch|p2a: Kingambit|Kingambit, F|56/100
|-damage|p2a: Kingambit|50/100|[from] Stealth Rock
|-damage|p2a: Kingambit|37/100|[from] Spikes
|-activate|p2a: Kingambit|ability: Supreme Overlord
|-start|p2a: Kingambit|fallen5|[silent]
|turn|30
|
|t:|1743785177
|move|p1a: Chandelure|Flamethrower|p2a: Kingambit
|-supereffective|p2a: Kingambit
|-damage|p2a: Kingambit|0 fnt
|faint|p2a: Kingambit
|-end|p2a: Kingambit|fallen5|[silent]
|
|win|pokemon showdwon
|raw|pokemon showdwon's rating: 1109 &rarr; <strong>1135</strong><br />(+26 for winning)
|raw|proman123lol's rating: 1125 &rarr; <strong>1099</strong><br />(-26 for losing)
|l|☆proman123lol
|player|p2|
|l|☆pokemon showdwon
|player|p1|
