|j|☆RSGncMXPGTJxissF
|j|☆MarkusEAVids
|t:|1743785690
|gametype|singles
|player|p1|RSGncMXPGTJxissF|170|1000
|player|p2|MarkusEAVids|170|1000
|teamsize|p1|6
|teamsize|p2|6
|gen|9
|tier|[Gen 9] OU
|rated|
|rule|HP Percentage Mod: HP is shown in percentages
|rule|Endless Battle Clause: Forcing endless battles is banned
|rule|Species Clause: Limit one of each Pokémon
|rule|OHKO Clause: OHKO moves are banned
|rule|Evasion Items Clause: Evasion items are banned
|rule|Evasion Moves Clause: Evasion moves are banned
|rule|Sleep Moves Clause: Sleep-inducing moves are banned
|clearpoke
|poke|p1|Tauros-Paldea-Blaze, M|
|poke|p1|Kingambit, M|
|poke|p1|Ting-Lu|
|poke|p1|Pecharunt|
|poke|p1|Ogerpon-Wellspring, F|
|poke|p1|Great Tusk|
|poke|p2|Clefable, M|
|poke|p2|Corviknight, F|
|poke|p2|Sceptile, M|
|poke|p2|Gengar, M|
|poke|p2|Snorlax, F|
|poke|p2|Greninja-*, M|
|teampreview
|inactive|Battle timer is ON: inactive players will automatically lose when time's up. (requested by RSGncMXPGTJxissF)
|
|t:|1743785698
|start
|switch|p1a: Ting-Lu|Ting-Lu|100/100
|switch|p2a: Sceptile|Sceptile, M|100/100
|-ability|p1a: Ting-Lu|Vessel of Ruin
|turn|1
|
|t:|1743785707
|switch|p1a: Pecharunt|Pecharunt|100/100
|-terastallize|p2a: Sceptile|Grass
|move|p2a: Sceptile|Giga Drain|p1a: Pecharunt
|-resisted|p1a: Pecharunt
|-damage|p1a: Pecharunt|82/100
|
|upkeep
|turn|2
|
|t:|1743785716
|move|p2a: Sceptile|Detect|p2a: Sceptile
|-singleturn|p2a: Sceptile|Protect
|move|p1a: Pecharunt|Malignant Chain|p2a: Sceptile
|-activate|p2a: Sceptile|move: Protect
|
|upkeep
|turn|3
|
|t:|1743785723
|move|p2a: Sceptile|Substitute|p2a: Sceptile
|-start|p2a: Sceptile|Substitute
|-damage|p2a: Sceptile|76/100
|move|p1a: Pecharunt|Malignant Chain|p2a: Sceptile
|-supereffective|p2a: Sceptile
|-end|p2a: Sceptile|Substitute
|
|-heal|p2a: Sceptile|82/100|[from] item: Leftovers
|upkeep
|turn|4
|
|t:|1743785736
|switch|p2a: Gengar|Gengar, M|100/100
|move|p1a: Pecharunt|Malignant Chain|p2a: Gengar
|-resisted|p2a: Gengar
|-damage|p2a: Gengar|89/100
|
|-heal|p2a: Gengar|96/100|[from] item: Leftovers
|upkeep
|turn|5
|
|t:|1743785748
|switch|p1a: Ting-Lu|Ting-Lu|100/100
|-ability|p1a: Ting-Lu|Vessel of Ruin
|move|p2a: Gengar|Shadow Ball|p1a: Ting-Lu
|-resisted|p1a: Ting-Lu
|-damage|p1a: Ting-Lu|94/100
|
|-heal|p2a: Gengar|100/100|[from] item: Leftovers
|-heal|p1a: Ting-Lu|99/100|[from] item: Leftovers
|upkeep
|turn|6
|
|t:|1743785760
|switch|p2a: Corviknight|Corviknight, F|100/100
|move|p1a: Ting-Lu|Stealth Rock|p2a: Corviknight
|-sidestart|p2: MarkusEAVids|move: Stealth Rock
|
|-heal|p1a: Ting-Lu|100/100|[from] item: Leftovers
|upkeep
|turn|7
|
|t:|1743785770
|switch|p1a: Tauros|Tauros-Paldea-Blaze, M|100/100
|-ability|p1a: Tauros|Intimidate|boost
|-ability|p2a: Corviknight|Mirror Armor
|-unboost|p1a: Tauros|atk|1
|move|p2a: Corviknight|Iron Defense|p2a: Corviknight
|-boost|p2a: Corviknight|def|2
|
|upkeep
|turn|8
|
|t:|1743785781
|switch|p2a: Greninja|Greninja, M|100/100
|-damage|p2a: Greninja|88/100|[from] Stealth Rock
|move|p1a: Tauros|Flare Blitz|p2a: Greninja
|-resisted|p2a: Greninja
|-damage|p2a: Greninja|45/100
|-damage|p1a: Tauros|87/100|[from] Recoil
|
|upkeep
|turn|9
|
|t:|1743785797
|switch|p1a: Ogerpon|Ogerpon-Wellspring, F|100/100
|move|p2a: Greninja|Surf|p1a: Ogerpon
|-immune|p1a: Ogerpon|[from] ability: Water Absorb
|
|upkeep
|turn|10
|
|t:|1743785811
|move|p2a: Greninja|Dark Pulse|p1a: Ogerpon
|-damage|p1a: Ogerpon|51/100
|-damage|p2a: Greninja|36/100|[from] item: Life Orb
|move|p1a: Ogerpon|Swords Dance|p1a: Ogerpon
|-boost|p1a: Ogerpon|atk|2
|
|upkeep
|turn|11
|
|t:|1743785819
|-terastallize|p1a: Ogerpon|Water
|detailschange|p1a: Ogerpon|Ogerpon-Wellspring-Tera, F, tera:Water
|-ability|p1a: Ogerpon|Embody Aspect (Wellspring)|boost
|-boost|p1a: Ogerpon|spd|1
|move|p2a: Greninja|Dark Pulse|p1a: Ogerpon
|-damage|p1a: Ogerpon|12/100
|-damage|p2a: Greninja|26/100|[from] item: Life Orb
|move|p1a: Ogerpon|Horn Leech|p2a: Greninja
|-supereffective|p2a: Greninja
|-crit|p2a: Greninja
|-damage|p2a: Greninja|0 fnt
|-heal|p1a: Ogerpon|24/100|[from] drain|[of] p2a: Greninja
|faint|p2a: Greninja
|
|upkeep
|
|t:|1743785840
|switch|p2a: Clefable|Clefable, M|100/100
|turn|12
|
|t:|1743785844
|move|p1a: Ogerpon|Horn Leech|p2a: Clefable
|-damage|p2a: Clefable|0 fnt
|-heal|p1a: Ogerpon|89/100|[from] drain|[of] p2a: Clefable
|faint|p2a: Clefable
|
|upkeep
|
|t:|1743785850
|switch|p2a: Snorlax|Snorlax, F|100/100
|-damage|p2a: Snorlax|88/100|[from] Stealth Rock
|turn|13
|
|t:|1743785858
|move|p1a: Ogerpon|Ivy Cudgel|p2a: Snorlax|[anim] Ivy Cudgel Water
|-damage|p2a: Snorlax|0 fnt
|faint|p2a: Snorlax
|
|upkeep
|
|t:|1743785862
|switch|p2a: Sceptile|Sceptile, M, tera:Grass|82/100
|-damage|p2a: Sceptile|70/100|[from] Stealth Rock
|turn|14
|
|t:|1743785868
|move|p2a: Sceptile|Detect|p2a: Sceptile
|-singleturn|p2a: Sceptile|Protect
|move|p1a: Ogerpon|Horn Leech|p2a: Sceptile
|-activate|p2a: Sceptile|move: Protect
|
|-heal|p2a: Sceptile|76/100|[from] item: Leftovers
|upkeep
|turn|15
|
|t:|1743785877
|move|p2a: Sceptile|Substitute|p2a: Sceptile
|-start|p2a: Sceptile|Substitute
|-damage|p2a: Sceptile|51/100
|move|p1a: Ogerpon|Ivy Cudgel|p2a: Sceptile|[anim] Ivy Cudgel Water
|-resisted|p2a: Sceptile
|-end|p2a: Sceptile|Substitute
|
|-heal|p2a: Sceptile|57/100|[from] item: Leftovers
|upkeep
|turn|16
|
|t:|1743785885
|move|p2a: Sceptile|Leech Seed|p1a: Ogerpon
|-start|p1a: Ogerpon|move: Leech Seed
|move|p1a: Ogerpon|Ivy Cudgel|p2a: Sceptile|[anim] Ivy Cudgel Water
|-resisted|p2a: Sceptile
|-damage|p2a: Sceptile|0 fnt
|faint|p2a: Sceptile
|
|upkeep
|
|t:|1743785892
|switch|p2a: Gengar|Gengar, M|100/100
|-damage|p2a: Gengar|88/100|[from] Stealth Rock
|turn|17
|
|t:|1743785898
|move|p1a: Ogerpon|Ivy Cudgel|p2a: Gengar|[anim] Ivy Cudgel Water
|-damage|p2a: Gengar|0 fnt
|faint|p2a: Gengar
|
|upkeep
|
|t:|1743785903
|switch|p2a: Corviknight|Corviknight, F|100/100
|-damage|p2a: Corviknight|88/100|[from] Stealth Rock
|turn|18
|
|t:|1743785907
|move|p1a: Ogerpon|Ivy Cudgel|p2a: Corviknight|[anim] Ivy Cudgel Water
|-damage|p2a: Corviknight|0 fnt
|faint|p2a: Corviknight
|
|win|RSGncMXPGTJxissF
|raw|RSGncMXPGTJxissF's rating: 1000 &rarr; <strong>1040</strong><br />(+40 for winning)
|raw|MarkusEAVids's rating: 1000 &rarr; <strong>1000</strong><br />(+0 for losing)
