|j|☆hey you're
|j|☆metakill4r
|t:|1743937477
|gametype|singles
|player|p1|hey you're|blackbelt-gen4dp|1472
|player|p2|metakill4r|boarder|1517
|teamsize|p1|6
|teamsize|p2|6
|gen|9
|tier|[Gen 9] OU
|rated|
|rule|HP Percentage Mod: HP is shown in percentages
|rule|Endless Battle Clause: Forcing endless battles is banned
|rule|Species Clause: Limit one of each Pokémon
|rule|OHKO Clause: OHKO moves are banned
|rule|Evasion Items Clause: Evasion items are banned
|rule|Evasion Moves Clause: Evasion moves are banned
|rule|Sleep Moves Clause: Sleep-inducing moves are banned
|clearpoke
|poke|p1|Iron Hands|
|poke|p1|Ogerpon-Wellspring, F|
|poke|p1|Scizor, F|
|poke|p1|Polteageist|
|poke|p1|Indeedee, M|
|poke|p1|Regidrago|
|poke|p2|Landorus-Therian, M|
|poke|p2|Talonflame, M|
|poke|p2|Kyurem|
|poke|p2|Slowking-Galar, F|
|poke|p2|Scizor, F|
|poke|p2|Darkrai|
|teampreview
|inactive|Battle timer is ON: inactive players will automatically lose when time's up. (requested by metakill4r)
|
|t:|1743937496
|start
|switch|p1a: Ogerpon|Ogerpon-Wellspring, F|100/100
|switch|p2a: Scizor|Scizor, F|100/100
|turn|1
|
|t:|1743937505
|switch|p1a: Indeedee|Indeedee, M|100/100
|-fieldstart|move: Psychic Terrain|[from] ability: Psychic Surge|[of] p1a: Indeedee
|move|p2a: Scizor|U-turn|p1a: Indeedee
|-supereffective|p1a: Indeedee
|-damage|p1a: Indeedee|0 fnt
|faint|p1a: Indeedee
|
|t:|1743937512
|switch|p2a: Slowking|Slowking-Galar, F|100/100|[from] U-turn
|
|upkeep
|
|t:|1743937515
|switch|p1a: Regidrago|Regidrago|100/100
|turn|2
|
|t:|1743937522
|move|p1a: Regidrago|Dragon Energy|p2a: Slowking
|-damage|p2a: Slowking|52/100
|move|p2a: Slowking|Ice Beam|p1a: Regidrago
|-supereffective|p1a: Regidrago
|-damage|p1a: Regidrago|37/100
|
|upkeep
|turn|3
|
|t:|1743937531
|switch|p1a: Ogerpon|Ogerpon-Wellspring, F|100/100
|switch|p2a: Scizor|Scizor, F|100/100
|
|upkeep
|turn|4
|
|t:|1743937537
|move|p1a: Ogerpon|Swords Dance|p1a: Ogerpon
|-boost|p1a: Ogerpon|atk|2
|move|p2a: Scizor|U-turn|p1a: Ogerpon
|-supereffective|p1a: Ogerpon
|-damage|p1a: Ogerpon|0 fnt
|faint|p1a: Ogerpon
|
|t:|1743937541
|switch|p2a: Slowking|Slowking-Galar, F|86/100|[from] U-turn
|
|upkeep
|
|t:|1743937542
|switch|p1a: Polteageist|Polteageist|100/100
|turn|5
|
|t:|1743937547
|switch|p2a: Darkrai|Darkrai|100/100
|move|p1a: Polteageist|Shell Smash|p1a: Polteageist
|-unboost|p1a: Polteageist|def|1
|-unboost|p1a: Polteageist|spd|1
|-boost|p1a: Polteageist|atk|2
|-boost|p1a: Polteageist|spa|2
|-boost|p1a: Polteageist|spe|2
|
|upkeep
|turn|6
|
|t:|1743937552
|-terastallize|p1a: Polteageist|Fighting
|move|p2a: Darkrai|Trick|p1a: Polteageist
|-activate|p2a: Darkrai|move: Trick|[of] p1a: Polteageist
|-item|p1a: Polteageist|Choice Scarf|[from] move: Trick
|-item|p2a: Darkrai|Focus Sash|[from] move: Trick
|move|p1a: Polteageist|Tera Blast|p2a: Darkrai|[anim] Tera Blast Fighting
|-supereffective|p2a: Darkrai
|-enditem|p2a: Darkrai|Focus Sash
|-damage|p2a: Darkrai|1/100
|
|upkeep
|turn|7
|
|t:|1743937562
|switch|p2a: Slowking|Slowking-Galar, F|100/100
|move|p1a: Polteageist|Tera Blast|p2a: Slowking|[anim] Tera Blast Fighting
|-resisted|p2a: Slowking
|-damage|p2a: Slowking|90/100
|
|upkeep
|turn|8
|-message|hey you're forfeited.
|
|win|metakill4r
|raw|hey you&apos;re's rating: 1472 &rarr; <strong>1455</strong><br />(-17 for losing)
|raw|metakill4r's rating: 1517 &rarr; <strong>1534</strong><br />(+17 for winning)
|l|☆hey you're
|player|p1|
|l|☆metakill4r
|player|p2|
