|j|☆seaean
|j|☆Violet1994
|t:|1743907157
|gametype|singles
|player|p1|seaean|blue|1265
|player|p2|Violet1994|cheryl|1224
|teamsize|p1|6
|teamsize|p2|6
|gen|9
|tier|[Gen 9] OU
|rated|
|rule|HP Percentage Mod: HP is shown in percentages
|rule|Endless Battle Clause: Forcing endless battles is banned
|rule|Species Clause: Limit one of each Pokémon
|rule|OHKO Clause: OHKO moves are banned
|rule|Evasion Items Clause: Evasion items are banned
|rule|Evasion Moves Clause: Evasion moves are banned
|rule|Sleep Moves Clause: Sleep-inducing moves are banned
|clearpoke
|poke|p1|Ninetales, F|
|poke|p1|Walking Wake|
|poke|p1|Kingambit, M|
|poke|p1|Exeggutor-Alola, M|
|poke|p1|Great Tusk|
|poke|p1|Raging Bolt|
|poke|p2|Meganium, F|
|poke|p2|Clefable, M|
|poke|p2|Gardevoir, F|
|poke|p2|Milotic, F|
|poke|p2|Chandelure, M|
|poke|p2|Dragonite, M|
|teampreview
|inactive|Battle timer is ON: inactive players will automatically lose when time's up. (requested by Violet1994)
|inactive|seaean also wants the timer to be on.
|
|t:|1743907185
|start
|switch|p1a: Ninetales|Ninetales, F|100/100
|switch|p2a: Chandelure|Chandelure, M, shiny|100/100
|-weather|SunnyDay|[from] ability: Drought|[of] p1a: Ninetales
|turn|1
|
|t:|1743907200
|switch|p1a: Walking Wake|Walking Wake|100/100
|-activate|p1a: Walking Wake|ability: Protosynthesis
|-start|p1a: Walking Wake|protosynthesisspe
|move|p2a: Chandelure|Trick Room|p2a: Chandelure
|-fieldstart|move: Trick Room|[of] p2a: Chandelure
|
|-weather|SunnyDay|[upkeep]
|upkeep
|turn|2
|inactive|seaean has 120 seconds left.
|
|t:|1743907231
|move|p2a: Chandelure|Shadow Ball|p1a: Walking Wake
|-damage|p1a: Walking Wake|38/100
|move|p1a: Walking Wake|Hydro Steam|p2a: Chandelure
|-supereffective|p2a: Chandelure
|-enditem|p2a: Chandelure|Focus Sash
|-damage|p2a: Chandelure|1/100
|
|-weather|SunnyDay|[upkeep]
|upkeep
|turn|3
|inactive|seaean has 120 seconds left.
|
|t:|1743907241
|-end|p1a: Walking Wake|Protosynthesis|[silent]
|switch|p1a: Kingambit|Kingambit, M|100/100
|move|p2a: Chandelure|Shadow Ball|p1a: Kingambit
|-resisted|p1a: Kingambit
|-damage|p1a: Kingambit|74/100
|
|-weather|SunnyDay|[upkeep]
|upkeep
|turn|4
|
|t:|1743907250
|move|p1a: Kingambit|Sucker Punch|p2a: Chandelure
|-supereffective|p2a: Chandelure
|-damage|p2a: Chandelure|0 fnt
|faint|p2a: Chandelure
|
|-weather|SunnyDay|[upkeep]
|upkeep
|
|t:|1743907260
|switch|p2a: Meganium|Meganium, F, shiny|100/100
|turn|5
|
|t:|1743907268
|move|p2a: Meganium|Swords Dance|p2a: Meganium
|-boost|p2a: Meganium|atk|2
|move|p1a: Kingambit|Kowtow Cleave|p2a: Meganium
|-crit|p2a: Meganium
|-damage|p2a: Meganium|28/100
|
|-weather|SunnyDay|[upkeep]
|-fieldend|move: Trick Room
|upkeep
|turn|6
|
|t:|1743907279
|move|p1a: Kingambit|Sucker Punch||[still]
|-fail|p1a: Kingambit
|move|p2a: Meganium|Synthesis|p2a: Meganium
|-heal|p2a: Meganium|94/100
|
|-weather|SunnyDay|[upkeep]
|upkeep
|turn|7
|
|t:|1743907291
|-terastallize|p2a: Meganium|Fire
|move|p1a: Kingambit|Sucker Punch|p2a: Meganium
|-damage|p2a: Meganium|58/100
|move|p2a: Meganium|Tera Blast|p1a: Kingambit|[anim] Tera Blast Fire
|-supereffective|p1a: Kingambit
|-damage|p1a: Kingambit|0 fnt
|faint|p1a: Kingambit
|-end|p1a: Kingambit|fallenundefined|[silent]
|
|-weather|SunnyDay|[upkeep]
|upkeep
|
|t:|1743907303
|switch|p1a: Great Tusk|Great Tusk|100/100
|-activate|p1a: Great Tusk|ability: Protosynthesis
|-start|p1a: Great Tusk|protosynthesisspe
|turn|8
|
|t:|1743907309
|move|p1a: Great Tusk|Headlong Rush|p2a: Meganium
|-supereffective|p2a: Meganium
|-damage|p2a: Meganium|0 fnt
|-unboost|p1a: Great Tusk|def|1
|-unboost|p1a: Great Tusk|spd|1
|faint|p2a: Meganium
|
|-weather|none
|-end|p1a: Great Tusk|Protosynthesis
|upkeep
|
|t:|1743907312
|switch|p2a: Milotic|Milotic, F, shiny|100/100
|turn|9
|
|t:|1743907315
|-end|p1a: Great Tusk|Protosynthesis|[silent]
|switch|p1a: Ninetales|Ninetales, F|100/100
|-weather|SunnyDay|[from] ability: Drought|[of] p1a: Ninetales
|move|p2a: Milotic|Scald|p1a: Ninetales
|-supereffective|p1a: Ninetales
|-damage|p1a: Ninetales|73/100
|
|-weather|SunnyDay|[upkeep]
|upkeep
|turn|10
|
|t:|1743907327
|switch|p1a: Raging Bolt|Raging Bolt|100/100
|-activate|p1a: Raging Bolt|ability: Protosynthesis
|-start|p1a: Raging Bolt|protosynthesisspa
|switch|p2a: Clefable|Clefable, M, shiny|100/100
|
|-weather|SunnyDay|[upkeep]
|upkeep
|turn|11
|
|t:|1743907352
|-terastallize|p1a: Raging Bolt|Fire
|move|p1a: Raging Bolt|Calm Mind|p1a: Raging Bolt
|-boost|p1a: Raging Bolt|spa|1
|-boost|p1a: Raging Bolt|spd|1
|move|p2a: Clefable|Meteor Beam||[still]
|-prepare|p2a: Clefable|Meteor Beam
|-boost|p2a: Clefable|spa|1
|-enditem|p2a: Clefable|Power Herb
|-anim|p2a: Clefable|Meteor Beam|p1a: Raging Bolt
|-supereffective|p1a: Raging Bolt
|-damage|p1a: Raging Bolt|42/100
|
|-weather|SunnyDay|[upkeep]
|upkeep
|turn|12
|
|t:|1743907365
|move|p1a: Raging Bolt|Weather Ball|p2a: Clefable
|-damage|p2a: Clefable|0 fnt
|faint|p2a: Clefable
|
|-weather|SunnyDay|[upkeep]
|upkeep
|
|t:|1743907370
|switch|p2a: Dragonite|Dragonite, M, shiny|100/100
|turn|13
|
|t:|1743907373
|move|p2a: Dragonite|Stomping Tantrum|p1a: Raging Bolt
|-supereffective|p1a: Raging Bolt
|-damage|p1a: Raging Bolt|0 fnt
|faint|p1a: Raging Bolt
|-end|p1a: Raging Bolt|Protosynthesis|[silent]
|
|-weather|SunnyDay|[upkeep]
|upkeep
|
|t:|1743907377
|switch|p1a: Exeggutor|Exeggutor-Alola, M|100/100
|turn|14
|
|t:|1743907383
|switch|p2a: Gardevoir|Gardevoir, F, shiny|100/100
|-ability|p2a: Gardevoir|Harvest|[from] ability: Trace|[of] p1a: Exeggutor
|move|p1a: Exeggutor|Growth|p1a: Exeggutor
|-boost|p1a: Exeggutor|atk|2
|-boost|p1a: Exeggutor|spa|2
|
|-weather|SunnyDay|[upkeep]
|upkeep
|turn|15
|
|t:|1743907395
|move|p2a: Gardevoir|Moonblast|p1a: Exeggutor
|-supereffective|p1a: Exeggutor
|-damage|p1a: Exeggutor|7/100
|-enditem|p1a: Exeggutor|Sitrus Berry|[eat]
|-heal|p1a: Exeggutor|32/100|[from] item: Sitrus Berry
|move|p1a: Exeggutor|Trick Room|p1a: Exeggutor
|-fieldstart|move: Trick Room|[of] p1a: Exeggutor
|
|-weather|SunnyDay|[upkeep]
|-item|p1a: Exeggutor|Sitrus Berry|[from] ability: Harvest
|upkeep
|-enditem|p1a: Exeggutor|Sitrus Berry|[eat]
|-heal|p1a: Exeggutor|57/100|[from] item: Sitrus Berry
|turn|16
|
|t:|1743907407
|move|p1a: Exeggutor|Giga Drain|p2a: Gardevoir
|-damage|p2a: Gardevoir|43/100
|-heal|p1a: Exeggutor|82/100|[from] drain|[of] p2a: Gardevoir
|move|p2a: Gardevoir|Moonblast|p1a: Exeggutor
|-supereffective|p1a: Exeggutor
|-damage|p1a: Exeggutor|0 fnt
|faint|p1a: Exeggutor
|
|-weather|none
|upkeep
|
|t:|1743907419
|switch|p1a: Great Tusk|Great Tusk|100/100
|turn|17
|
|t:|1743907424
|move|p2a: Gardevoir|Psychic|p1a: Great Tusk
|-supereffective|p1a: Great Tusk
|-crit|p1a: Great Tusk
|-damage|p1a: Great Tusk|0 fnt
|faint|p1a: Great Tusk
|-end|p1a: Great Tusk|Protosynthesis|[silent]
|
|upkeep
|
|t:|1743907428
|switch|p1a: Ninetales|Ninetales, F|73/100
|-weather|SunnyDay|[from] ability: Drought|[of] p1a: Ninetales
|turn|18
|
|t:|1743907435
|move|p2a: Gardevoir|Psychic|p1a: Ninetales
|-damage|p1a: Ninetales|24/100
|move|p1a: Ninetales|Flamethrower|p2a: Gardevoir
|-damage|p2a: Gardevoir|10/100
|
|-weather|SunnyDay|[upkeep]
|upkeep
|turn|19
|
|t:|1743907440
|move|p2a: Gardevoir|Psychic|p1a: Ninetales
|-damage|p1a: Ninetales|0 fnt
|faint|p1a: Ninetales
|
|-weather|SunnyDay|[upkeep]
|-fieldend|move: Trick Room
|upkeep
|
|t:|1743907441
|switch|p1a: Walking Wake|Walking Wake|38/100
|-activate|p1a: Walking Wake|ability: Protosynthesis
|-start|p1a: Walking Wake|protosynthesisspe
|turn|20
|
|t:|1743907445
|move|p1a: Walking Wake|Hydro Steam|p2a: Gardevoir
|-damage|p2a: Gardevoir|0 fnt
|faint|p2a: Gardevoir
|
|-weather|SunnyDay|[upkeep]
|upkeep
|
|t:|1743907448
|switch|p2a: Dragonite|Dragonite, M, shiny|100/100
|turn|21
|
|t:|1743907450
|move|p2a: Dragonite|Extreme Speed|p1a: Walking Wake
|-damage|p1a: Walking Wake|0 fnt
|faint|p1a: Walking Wake
|-end|p1a: Walking Wake|Protosynthesis|[silent]
|
|win|Violet1994
|raw|seaean's rating: 1265 &rarr; <strong>1237</strong><br />(-28 for losing)
|raw|Violet1994's rating: 1224 &rarr; <strong>1252</strong><br />(+28 for winning)
|l|☆seaean
|player|p1|
|l|☆Violet1994
|player|p2|
