|j|☆coconutwader
|j|☆hollowghoul
|t:|1743915142
|gametype|singles
|player|p1|coconutwader|blue|1150
|player|p2|hollowghoul|doubleteam|1069
|teamsize|p1|6
|teamsize|p2|6
|gen|9
|tier|[Gen 9] OU
|rated|
|rule|HP Percentage Mod: HP is shown in percentages
|rule|Endless Battle Clause: Forcing endless battles is banned
|rule|Species Clause: Limit one of each Pokémon
|rule|OHKO Clause: OHKO moves are banned
|rule|Evasion Items Clause: Evasion items are banned
|rule|Evasion Moves Clause: Evasion moves are banned
|rule|Sleep Moves Clause: Sleep-inducing moves are banned
|clearpoke
|poke|p1|Darkrai|
|poke|p1|Manaphy|
|poke|p1|Landorus-Therian, M|
|poke|p1|Gholdengo|
|poke|p1|Raging Bolt|
|poke|p1|Iron Valiant|
|poke|p2|Tyranitar, M|
|poke|p2|Garganacl, F|
|poke|p2|Probopass, M|
|poke|p2|Duraludon, M|
|poke|p2|Excadrill, F|
|poke|p2|Minior|
|teampreview
|
|t:|1743915151
|start
|switch|p1a: Landorus|Landorus-Therian, M|100/100
|switch|p2a: Garganacl|Garganacl, F|100/100
|-ability|p1a: Landorus|Intimidate|boost
|-unboost|p2a: Garganacl|atk|1
|turn|1
|
|t:|1743915161
|move|p1a: Landorus|Taunt|p2a: Garganacl
|-start|p2a: Garganacl|move: Taunt
|cant|p2a: Garganacl|move: Taunt|Sandstorm
|
|upkeep
|turn|2
|
|t:|1743915167
|switch|p2a: Tyranitar|Tyranitar, M|100/100
|-weather|Sandstorm|[from] ability: Sand Stream|[of] p2a: Tyranitar
|move|p1a: Landorus|Earth Power|p2a: Tyranitar
|-supereffective|p2a: Tyranitar
|-damage|p2a: Tyranitar|61/100
|
|-weather|Sandstorm|[upkeep]
|-heal|p2a: Tyranitar|67/100|[from] item: Leftovers
|upkeep
|turn|3
|
|t:|1743915176
|switch|p2a: Minior|Minior|100/100
|-formechange|p2a: Minior|Minior-Meteor||[from] ability: Shields Down
|move|p1a: Landorus|Stealth Rock|p2a: Minior
|-sidestart|p2: hollowghoul|move: Stealth Rock
|
|-weather|Sandstorm|[upkeep]
|upkeep
|turn|4
|
|t:|1743915185
|move|p1a: Landorus|Taunt|p2a: Minior
|-start|p2a: Minior|move: Taunt
|cant|p2a: Minior|move: Taunt|Shell Smash
|
|-weather|Sandstorm|[upkeep]
|upkeep
|turn|5
|
|t:|1743915199
|switch|p1a: Manaphy|Manaphy|100/100
|switch|p2a: Garganacl|Garganacl, F|100/100
|-damage|p2a: Garganacl|88/100|[from] Stealth Rock
|
|-weather|Sandstorm|[upkeep]
|-damage|p1a: Manaphy|94/100|[from] Sandstorm
|upkeep
|turn|6
|
|t:|1743915212
|move|p1a: Manaphy|Surf|p2a: Garganacl
|-supereffective|p2a: Garganacl
|-damage|p2a: Garganacl|49/100
|move|p2a: Garganacl|Salt Cure|p1a: Manaphy
|-damage|p1a: Manaphy|82/100
|
|-weather|none
|upkeep
|turn|7
|
|t:|1743915224
|move|p1a: Manaphy|Tail Glow|p1a: Manaphy
|-boost|p1a: Manaphy|spa|3
|move|p2a: Garganacl|Sandstorm|p2a: Garganacl
|-weather|Sandstorm
|
|-weather|Sandstorm|[upkeep]
|-damage|p1a: Manaphy|75/100|[from] Sandstorm
|upkeep
|turn|8
|
|t:|1743915230
|move|p1a: Manaphy|Surf|p2a: Garganacl
|-supereffective|p2a: Garganacl
|-damage|p2a: Garganacl|0 fnt
|faint|p2a: Garganacl
|
|-weather|Sandstorm|[upkeep]
|-damage|p1a: Manaphy|69/100|[from] Sandstorm
|upkeep
|
|t:|1743915238
|switch|p2a: Excadrill|Excadrill, F|100/100
|turn|9
|
|t:|1743915244
|move|p2a: Excadrill|Earthquake|p1a: Manaphy
|-damage|p1a: Manaphy|14/100
|move|p1a: Manaphy|Surf|p2a: Excadrill
|-supereffective|p2a: Excadrill
|-damage|p2a: Excadrill|0 fnt
|faint|p2a: Excadrill
|
|-weather|Sandstorm|[upkeep]
|-damage|p1a: Manaphy|8/100|[from] Sandstorm
|upkeep
|
|t:|1743915250
|switch|p2a: Duraludon|Duraludon, M|100/100
|-damage|p2a: Duraludon|94/100|[from] Stealth Rock
|turn|10
|c|☆coconutwader|its so exciting to see a sand team ngl
|c|☆coconutwader|everyone keeps running sun teams
|
|t:|1743915273
|move|p1a: Manaphy|Ice Beam|p2a: Duraludon
|-damage|p2a: Duraludon|16/100
|move|p2a: Duraludon|Thunder|p1a: Manaphy
|-supereffective|p1a: Manaphy
|-damage|p1a: Manaphy|0 fnt
|faint|p1a: Manaphy
|
|-weather|Sandstorm|[upkeep]
|upkeep
|
|t:|1743915282
|switch|p1a: Landorus|Landorus-Therian, M|100/100
|-ability|p1a: Landorus|Intimidate|boost
|-unboost|p2a: Duraludon|atk|1
|turn|11
|
|t:|1743915286
|move|p1a: Landorus|Earth Power|p2a: Duraludon
|-supereffective|p2a: Duraludon
|-damage|p2a: Duraludon|0 fnt
|faint|p2a: Duraludon
|
|-weather|Sandstorm|[upkeep]
|upkeep
|
|t:|1743915290
|switch|p2a: Minior|Minior|100/100
|-damage|p2a: Minior|76/100|[from] Stealth Rock
|-formechange|p2a: Minior|Minior-Meteor||[from] ability: Shields Down
|turn|12
|
|t:|1743915295
|move|p1a: Landorus|Taunt|p2a: Minior
|-start|p2a: Minior|move: Taunt
|cant|p2a: Minior|move: Taunt|Shell Smash
|
|-weather|Sandstorm|[upkeep]
|upkeep
|turn|13
|-message|hollowghoul forfeited.
|
|win|coconutwader
|raw|coconutwader's rating: 1150 &rarr; <strong>1169</strong><br />(+19 for winning)
|raw|hollowghoul's rating: 1069 &rarr; <strong>1053</strong><br />(-16 for losing)
|l|☆hollowghoul
|player|p2|
|l|☆coconutwader
|player|p1|
