|j|☆NowNewOne
|j|☆vergilspard4
|t:|1743887401
|gametype|singles
|player|p1|NowNewOne|jogger|1242
|player|p2|vergilspard4|n|1171
|teamsize|p1|6
|teamsize|p2|6
|gen|9
|tier|[Gen 9] OU
|rated|
|rule|HP Percentage Mod: HP is shown in percentages
|rule|Endless Battle Clause: Forcing endless battles is banned
|rule|Species Clause: Limit one of each Pokémon
|rule|OHKO Clause: OHKO moves are banned
|rule|Evasion Items Clause: Evasion items are banned
|rule|Evasion Moves Clause: Evasion moves are banned
|rule|Sleep Moves Clause: Sleep-inducing moves are banned
|clearpoke
|poke|p1|Ogerpon, F|
|poke|p1|Iron Moth|
|poke|p1|Great Tusk|
|poke|p1|Gholdengo|
|poke|p1|Alomomola, F|
|poke|p1|Kingambit, M|
|poke|p2|Kingambit, M|
|poke|p2|Garganacl, M|
|poke|p2|Greninja-*, M|
|poke|p2|Iron Moth|
|poke|p2|Goodra-Hisui, M|
|poke|p2|Iron Leaves|
|teampreview
|
|t:|1743887420
|start
|switch|p1a: Ogerpon|Ogerpon, F|100/100
|switch|p2a: Garganacl|Garganacl, M, shiny|100/100
|turn|1
|inactive|Battle timer is ON: inactive players will automatically lose when time's up. (requested by vergilspard4)
|
|t:|1743887430
|move|p1a: Ogerpon|Ivy Cudgel|p2a: Garganacl
|-supereffective|p2a: Garganacl
|-damage|p2a: Garganacl|20/100
|move|p2a: Garganacl|Salt Cure|p1a: Ogerpon
|-damage|p1a: Ogerpon|82/100
|-start|p1a: Ogerpon|Salt Cure
|
|-damage|p1a: Ogerpon|69/100|[from] Salt Cure
|upkeep
|turn|2
|
|t:|1743887435
|switch|p1a: Great Tusk|Great Tusk|100/100
|move|p2a: Garganacl|Protect||[still]
|-fail|p2a: Garganacl
|
|upkeep
|turn|3
|
|t:|1743887439
|move|p1a: Great Tusk|Headlong Rush|p2a: Garganacl
|-supereffective|p2a: Garganacl
|-damage|p2a: Garganacl|0 fnt
|-unboost|p1a: Great Tusk|def|1
|-unboost|p1a: Great Tusk|spd|1
|faint|p2a: Garganacl
|
|upkeep
|
|t:|1743887443
|switch|p2a: Iron Moth|Iron Moth, shiny|100/100
|-enditem|p2a: Iron Moth|Booster Energy
|-activate|p2a: Iron Moth|ability: Quark Drive|[fromitem]
|-start|p2a: Iron Moth|quarkdrivespa
|turn|4
|
|t:|1743887446
|-end|p1a: Great Tusk|Protosynthesis|[silent]
|switch|p1a: Iron Moth|Iron Moth|100/100
|-enditem|p1a: Iron Moth|Booster Energy
|-activate|p1a: Iron Moth|ability: Quark Drive|[fromitem]
|-start|p1a: Iron Moth|quarkdrivespe
|move|p2a: Iron Moth|Dazzling Gleam|p1a: Iron Moth
|-resisted|p1a: Iron Moth
|-damage|p1a: Iron Moth|91/100
|
|upkeep
|turn|5
|
|t:|1743887456
|move|p1a: Iron Moth|Psychic|p2a: Iron Moth
|-supereffective|p2a: Iron Moth
|-damage|p2a: Iron Moth|40/100
|move|p2a: Iron Moth|Light Screen|p2a: Iron Moth
|-sidestart|p2: vergilspard4|move: Light Screen
|
|upkeep
|turn|6
|
|t:|1743887461
|-end|p2a: Iron Moth|Quark Drive|[silent]
|switch|p2a: Greninja|Greninja, M, shiny|100/100
|move|p1a: Iron Moth|Fiery Dance|p2a: Greninja
|-resisted|p2a: Greninja
|-damage|p2a: Greninja|86/100
|
|upkeep
|turn|7
|
|t:|1743887480
|-end|p1a: Iron Moth|Quark Drive|[silent]
|switch|p1a: Gholdengo|Gholdengo|100/100
|-item|p1a: Gholdengo|Air Balloon
|move|p2a: Greninja|Surf|p1a: Gholdengo
|-start|p2a: Greninja|typechange|Water|[from] ability: Protean
|-damage|p1a: Gholdengo|51/100
|-enditem|p1a: Gholdengo|Air Balloon
|-damage|p2a: Greninja|76/100|[from] item: Life Orb
|
|upkeep
|turn|8
|
|t:|1743887484
|move|p2a: Greninja|Dark Pulse|p1a: Gholdengo
|-supereffective|p1a: Gholdengo
|-damage|p1a: Gholdengo|0 fnt
|faint|p1a: Gholdengo
|-damage|p2a: Greninja|66/100|[from] item: Life Orb
|
|upkeep
|
|t:|1743887486
|switch|p1a: Ogerpon|Ogerpon, F|69/100
|turn|9
|
|t:|1743887489
|-terastallize|p1a: Ogerpon|Grass
|detailschange|p1a: Ogerpon|Ogerpon-Teal-Tera, F, tera:Grass
|-ability|p1a: Ogerpon|Embody Aspect (Teal)|boost
|-boost|p1a: Ogerpon|spe|1
|move|p1a: Ogerpon|Ivy Cudgel|p2a: Greninja
|-supereffective|p2a: Greninja
|-damage|p2a: Greninja|0 fnt
|faint|p2a: Greninja
|
|-sideend|p2: vergilspard4|move: Light Screen
|upkeep
|
|t:|1743887498
|switch|p2a: Iron Moth|Iron Moth, shiny|40/100
|turn|10
|
|t:|1743887500
|switch|p1a: Iron Moth|Iron Moth|91/100
|move|p2a: Iron Moth|Fiery Dance|p1a: Iron Moth
|-resisted|p1a: Iron Moth
|-crit|p1a: Iron Moth
|-damage|p1a: Iron Moth|59/100
|
|upkeep
|turn|11
|
|t:|1743887507
|move|p2a: Iron Moth|Fiery Dance|p1a: Iron Moth
|-resisted|p1a: Iron Moth
|-damage|p1a: Iron Moth|40/100
|move|p1a: Iron Moth|Psychic|p2a: Iron Moth
|-supereffective|p2a: Iron Moth
|-damage|p2a: Iron Moth|0 fnt
|faint|p2a: Iron Moth
|-end|p2a: Iron Moth|Quark Drive|[silent]
|
|upkeep
|
|t:|1743887515
|switch|p2a: Goodra|Goodra-Hisui, M|100/100
|turn|12
|
|t:|1743887518
|move|p1a: Iron Moth|Fiery Dance|p2a: Goodra
|-damage|p2a: Goodra|75/100
|-boost|p1a: Iron Moth|spa|1
|move|p2a: Goodra|Curse|p2a: Goodra
|-unboost|p2a: Goodra|spe|1
|-boost|p2a: Goodra|atk|1
|-boost|p2a: Goodra|def|1
|
|-heal|p2a: Goodra|81/100|[from] item: Leftovers
|upkeep
|turn|13
|
|t:|1743887523
|move|p1a: Iron Moth|Fiery Dance|p2a: Goodra
|-damage|p2a: Goodra|43/100
|move|p2a: Goodra|Earthquake|p1a: Iron Moth
|-supereffective|p1a: Iron Moth
|-damage|p1a: Iron Moth|0 fnt
|faint|p1a: Iron Moth
|-end|p1a: Iron Moth|Quark Drive|[silent]
|
|-heal|p2a: Goodra|49/100|[from] item: Leftovers
|upkeep
|
|t:|1743887529
|switch|p1a: Great Tusk|Great Tusk|100/100
|turn|14
|
|t:|1743887534
|move|p1a: Great Tusk|Headlong Rush|p2a: Goodra
|-supereffective|p2a: Goodra
|-damage|p2a: Goodra|0 fnt
|-unboost|p1a: Great Tusk|def|1
|-unboost|p1a: Great Tusk|spd|1
|faint|p2a: Goodra
|
|upkeep
|
|t:|1743887537
|switch|p2a: Iron Leaves|Iron Leaves|100/100
|-enditem|p2a: Iron Leaves|Booster Energy
|-activate|p2a: Iron Leaves|ability: Quark Drive|[fromitem]
|-start|p2a: Iron Leaves|quarkdriveatk
|turn|15
|
|t:|1743887540
|-end|p1a: Great Tusk|Protosynthesis|[silent]
|switch|p1a: Alomomola|Alomomola, F|100/100
|move|p2a: Iron Leaves|Leaf Blade|p1a: Alomomola
|-supereffective|p1a: Alomomola
|-damage|p1a: Alomomola|41/100
|
|upkeep
|turn|16
|
|t:|1743887545
|move|p2a: Iron Leaves|Leaf Blade|p1a: Alomomola
|-supereffective|p1a: Alomomola
|-damage|p1a: Alomomola|0 fnt
|faint|p1a: Alomomola
|
|upkeep
|
|t:|1743887547
|switch|p1a: Ogerpon|Ogerpon-Teal-Tera, F, tera:Grass|69/100
|-ability|p1a: Ogerpon|Embody Aspect (Teal)|boost
|-boost|p1a: Ogerpon|spe|1
|turn|17
|
|t:|1743887553
|move|p1a: Ogerpon|U-turn|p2a: Iron Leaves
|-supereffective|p2a: Iron Leaves
|-damage|p2a: Iron Leaves|0 fnt
|faint|p2a: Iron Leaves
|-end|p2a: Iron Leaves|Quark Drive|[silent]
|
|t:|1743887557
|switch|p1a: Great Tusk|Great Tusk|100/100|[from] U-turn
|
|upkeep
|
|t:|1743887561
|switch|p2a: Kingambit|Kingambit, M, shiny|100/100
|-activate|p2a: Kingambit|ability: Supreme Overlord
|-start|p2a: Kingambit|fallen5|[silent]
|turn|18
|
|t:|1743887565
|-terastallize|p2a: Kingambit|Fairy
|move|p1a: Great Tusk|Headlong Rush|p2a: Kingambit
|-damage|p2a: Kingambit|47/100
|-unboost|p1a: Great Tusk|def|1
|-unboost|p1a: Great Tusk|spd|1
|move|p2a: Kingambit|Low Kick|p1a: Great Tusk
|-damage|p1a: Great Tusk|21/100
|
|upkeep
|turn|19
|
|t:|1743887574
|move|p2a: Kingambit|Sucker Punch|p1a: Great Tusk
|-resisted|p1a: Great Tusk
|-damage|p1a: Great Tusk|0 fnt
|faint|p1a: Great Tusk
|-end|p1a: Great Tusk|Protosynthesis|[silent]
|
|upkeep
|
|t:|1743887575
|switch|p1a: Kingambit|Kingambit, M|100/100
|-activate|p1a: Kingambit|ability: Supreme Overlord
|-start|p1a: Kingambit|fallen4|[silent]
|turn|20
|
|t:|1743887582
|move|p1a: Kingambit|Sucker Punch|p2a: Kingambit
|-resisted|p2a: Kingambit
|-damage|p2a: Kingambit|18/100
|move|p2a: Kingambit|Low Kick|p1a: Kingambit
|-supereffective|p1a: Kingambit
|-crit|p1a: Kingambit
|-damage|p1a: Kingambit|0 fnt
|faint|p1a: Kingambit
|-end|p1a: Kingambit|fallen4|[silent]
|
|upkeep
|
|t:|1743887584
|switch|p1a: Ogerpon|Ogerpon-Teal-Tera, F, tera:Grass|69/100
|-ability|p1a: Ogerpon|Embody Aspect (Teal)|boost
|-boost|p1a: Ogerpon|spe|1
|turn|21
|
|t:|1743887588
|move|p2a: Kingambit|Sucker Punch|p1a: Ogerpon
|-damage|p1a: Ogerpon|0 fnt
|faint|p1a: Ogerpon
|
|win|vergilspard4
|raw|NowNewOne's rating: 1242 &rarr; <strong>1212</strong><br />(-30 for losing)
|raw|vergilspard4's rating: 1171 &rarr; <strong>1201</strong><br />(+30 for winning)
|l|☆NowNewOne
|player|p1|
|c|☆vergilspard4|gg
|l|☆vergilspard4
|player|p2|
