|j|☆rolendice
|j|☆the fool of april
|t:|1743841840
|gametype|singles
|player|p1|rolendice|cynthia-gen4|1332
|player|p2|the fool of april|clown|1290
|teamsize|p1|6
|teamsize|p2|6
|gen|9
|tier|[Gen 9] OU
|rated|
|rule|HP Percentage Mod: HP is shown in percentages
|rule|Endless Battle Clause: Forcing endless battles is banned
|rule|Species Clause: Limit one of each Pokémon
|rule|OHKO Clause: OHKO moves are banned
|rule|Evasion Items Clause: Evasion items are banned
|rule|Evasion Moves Clause: Evasion moves are banned
|rule|Sleep Moves Clause: Sleep-inducing moves are banned
|clearpoke
|poke|p1|Ninetales, F|
|poke|p1|Leafeon, F|
|poke|p1|Manaphy|
|poke|p1|Mienshao, F|
|poke|p1|Umbreon, F|
|poke|p1|Espeon, F|
|poke|p2|Electrode-Hisui|
|poke|p2|Corviknight, M|
|poke|p2|Pecharunt|
|poke|p2|Meloetta|
|poke|p2|Diancie|
|poke|p2|Suicune|
|teampreview
|inactive|Battle timer is ON: inactive players will automatically lose when time's up. (requested by the fool of april)
|
|t:|1743841860
|start
|switch|p1a: Mienshao|Mienshao, F, shiny|100/100
|switch|p2a: Electrode|Electrode-Hisui|100/100
|turn|1
|
|t:|1743841865
|move|p1a: Mienshao|U-turn|p2a: Electrode
|-supereffective|p2a: Electrode
|-damage|p2a: Electrode|14/100
|
|t:|1743841894
|switch|p1a: Umbreon|Umbreon, F, shiny|100/100|[from] U-turn
|move|p2a: Electrode|Substitute|p2a: Electrode
|-fail|p2a: Electrode|move: Substitute|[weak]
|
|-heal|p2a: Electrode|20/100|[from] item: Leftovers
|upkeep
|turn|2
|
|t:|1743841901
|move|p2a: Electrode|Taunt|p1a: Umbreon
|-start|p1a: Umbreon|move: Taunt
|move|p1a: Umbreon|Snarl|p2a: Electrode
|-immune|p2a: Electrode|[from] ability: Soundproof
|
|-heal|p2a: Electrode|26/100|[from] item: Leftovers
|upkeep
|turn|3
|
|t:|1743841904
|move|p2a: Electrode|Leech Seed|p1a: Umbreon
|-start|p1a: Umbreon|move: Leech Seed
|move|p1a: Umbreon|Foul Play|p2a: Electrode
|-damage|p2a: Electrode|0 fnt
|faint|p2a: Electrode
|
|upkeep
|
|t:|1743841914
|switch|p2a: Suicune|Suicune|100/100
|-ability|p2a: Suicune|Pressure
|turn|4
|
|t:|1743841930
|switch|p1a: Manaphy|Manaphy, shiny|100/100
|move|p2a: Suicune|Substitute|p2a: Suicune
|-start|p2a: Suicune|Substitute
|-damage|p2a: Suicune|75/100
|
|-heal|p2a: Suicune|82/100|[from] item: Leftovers
|upkeep
|turn|5
|
|t:|1743841934
|switch|p1a: Umbreon|Umbreon, F, shiny|100/100
|move|p2a: Suicune|Calm Mind|p2a: Suicune
|-boost|p2a: Suicune|spa|1
|-boost|p2a: Suicune|spd|1
|
|-heal|p2a: Suicune|88/100|[from] item: Leftovers
|upkeep
|turn|6
|
|t:|1743841936
|move|p2a: Suicune|Protect|p2a: Suicune
|-singleturn|p2a: Suicune|Protect
|move|p1a: Umbreon|Snarl|p2a: Suicune
|-activate|p2a: Suicune|move: Protect
|
|-heal|p2a: Suicune|94/100|[from] item: Leftovers
|upkeep
|turn|7
|
|t:|1743841939
|move|p2a: Suicune|Calm Mind|p2a: Suicune
|-boost|p2a: Suicune|spa|1
|-boost|p2a: Suicune|spd|1
|move|p1a: Umbreon|Snarl|p2a: Suicune
|-damage|p2a: Suicune|89/100
|-unboost|p2a: Suicune|spa|1
|
|-heal|p2a: Suicune|95/100|[from] item: Leftovers
|upkeep
|turn|8
|
|t:|1743841945
|move|p2a: Suicune|Calm Mind|p2a: Suicune
|-boost|p2a: Suicune|spa|1
|-boost|p2a: Suicune|spd|1
|move|p1a: Umbreon|Foul Play|p2a: Suicune
|-activate|p2a: Suicune|move: Substitute|[damage]
|
|-heal|p2a: Suicune|100/100|[from] item: Leftovers
|upkeep
|turn|9
|
|t:|1743841947
|move|p2a: Suicune|Calm Mind|p2a: Suicune
|-boost|p2a: Suicune|spa|1
|-boost|p2a: Suicune|spd|1
|move|p1a: Umbreon|Snarl|p2a: Suicune|[miss]
|-miss|p1a: Umbreon|p2a: Suicune
|
|upkeep
|turn|10
|
|t:|1743841950
|move|p2a: Suicune|Calm Mind|p2a: Suicune
|-boost|p2a: Suicune|spa|1
|-boost|p2a: Suicune|spd|1
|move|p1a: Umbreon|Snarl|p2a: Suicune|[miss]
|-miss|p1a: Umbreon|p2a: Suicune
|
|upkeep
|turn|11
|
|t:|1743841954
|move|p2a: Suicune|Calm Mind|p2a: Suicune
|-boost|p2a: Suicune|spa|1
|-boost|p2a: Suicune|spd|1
|move|p1a: Umbreon|Snarl|p2a: Suicune
|-damage|p2a: Suicune|98/100
|-unboost|p2a: Suicune|spa|1
|
|-heal|p2a: Suicune|100/100|[from] item: Leftovers
|upkeep
|turn|12
|
|t:|1743841957
|move|p2a: Suicune|Protect|p2a: Suicune
|-singleturn|p2a: Suicune|Protect
|move|p1a: Umbreon|Snarl|p2a: Suicune
|-activate|p2a: Suicune|move: Protect
|
|upkeep
|turn|13
|
|t:|1743841960
|move|p2a: Suicune|Calm Mind|p2a: Suicune
|-boost|p2a: Suicune|spa|1
|-boost|p2a: Suicune|spd|0
|move|p1a: Umbreon|Snarl|p2a: Suicune
|-damage|p2a: Suicune|98/100
|-unboost|p2a: Suicune|spa|1
|
|-heal|p2a: Suicune|100/100|[from] item: Leftovers
|upkeep
|turn|14
|
|t:|1743841963
|move|p2a: Suicune|Protect|p2a: Suicune
|-singleturn|p2a: Suicune|Protect
|move|p1a: Umbreon|Foul Play|p2a: Suicune
|-activate|p2a: Suicune|move: Protect
|
|upkeep
|turn|15
|
|t:|1743841966
|move|p2a: Suicune|Calm Mind|p2a: Suicune
|-boost|p2a: Suicune|spa|1
|-boost|p2a: Suicune|spd|0
|move|p1a: Umbreon|Snarl|p2a: Suicune
|-damage|p2a: Suicune|98/100
|-unboost|p2a: Suicune|spa|1
|
|-heal|p2a: Suicune|100/100|[from] item: Leftovers
|upkeep
|turn|16
|
|t:|1743841968
|move|p2a: Suicune|Calm Mind|p2a: Suicune
|-boost|p2a: Suicune|spa|1
|-boost|p2a: Suicune|spd|0
|move|p1a: Umbreon|Snarl|p2a: Suicune
|-damage|p2a: Suicune|98/100
|-unboost|p2a: Suicune|spa|1
|
|-heal|p2a: Suicune|100/100|[from] item: Leftovers
|upkeep
|turn|17
|
|t:|1743841971
|move|p2a: Suicune|Calm Mind|p2a: Suicune
|-boost|p2a: Suicune|spa|1
|-boost|p2a: Suicune|spd|0
|move|p1a: Umbreon|Foul Play|p2a: Suicune
|-activate|p2a: Suicune|move: Substitute|[damage]
|
|upkeep
|turn|18
|
|t:|1743841973
|move|p2a: Suicune|Scald|p1a: Umbreon
|-damage|p1a: Umbreon|46/100
|move|p1a: Umbreon|Foul Play|p2a: Suicune
|-end|p2a: Suicune|Substitute
|
|-heal|p1a: Umbreon|52/100|[from] item: Leftovers
|upkeep
|turn|19
|
|t:|1743841978
|move|p2a: Suicune|Substitute|p2a: Suicune
|-start|p2a: Suicune|Substitute
|-damage|p2a: Suicune|75/100
|move|p1a: Umbreon|Snarl|p2a: Suicune
|-damage|p2a: Suicune|73/100
|-unboost|p2a: Suicune|spa|1
|
|-heal|p2a: Suicune|79/100|[from] item: Leftovers
|-heal|p1a: Umbreon|58/100|[from] item: Leftovers
|upkeep
|turn|20
|
|t:|1743841980
|move|p2a: Suicune|Calm Mind|p2a: Suicune
|-boost|p2a: Suicune|spa|1
|-boost|p2a: Suicune|spd|0
|move|p1a: Umbreon|Snarl|p2a: Suicune
|-damage|p2a: Suicune|77/100
|-unboost|p2a: Suicune|spa|1
|
|-heal|p2a: Suicune|83/100|[from] item: Leftovers
|-heal|p1a: Umbreon|64/100|[from] item: Leftovers
|upkeep
|turn|21
|
|t:|1743841983
|move|p2a: Suicune|Protect|p2a: Suicune
|-singleturn|p2a: Suicune|Protect
|move|p1a: Umbreon|Snarl|p2a: Suicune
|-activate|p2a: Suicune|move: Protect
|
|-heal|p2a: Suicune|89/100|[from] item: Leftovers
|-heal|p1a: Umbreon|70/100|[from] item: Leftovers
|upkeep
|turn|22
|
|t:|1743841987
|switch|p1a: Ninetales|Ninetales, F, shiny|100/100
|-weather|SunnyDay|[from] ability: Drought|[of] p1a: Ninetales
|move|p2a: Suicune|Calm Mind|p2a: Suicune
|-boost|p2a: Suicune|spa|1
|-boost|p2a: Suicune|spd|0
|
|-weather|SunnyDay|[upkeep]
|-heal|p2a: Suicune|95/100|[from] item: Leftovers
|upkeep
|turn|23
|
|t:|1743841989
|move|p1a: Ninetales|Encore|p2a: Suicune
|-start|p2a: Suicune|Encore
|move|p2a: Suicune|Calm Mind|p2a: Suicune
|-boost|p2a: Suicune|spa|1
|-boost|p2a: Suicune|spd|0
|
|-weather|SunnyDay|[upkeep]
|-heal|p2a: Suicune|100/100|[from] item: Leftovers
|upkeep
|turn|24
|
|t:|1743841991
|move|p1a: Ninetales|Nasty Plot|p1a: Ninetales
|-boost|p1a: Ninetales|spa|2
|move|p2a: Suicune|Calm Mind|p2a: Suicune
|-boost|p2a: Suicune|spa|0
|-boost|p2a: Suicune|spd|0
|
|-weather|SunnyDay|[upkeep]
|upkeep
|turn|25
|
|t:|1743841993
|move|p1a: Ninetales|Nasty Plot|p1a: Ninetales
|-boost|p1a: Ninetales|spa|2
|move|p2a: Suicune|Calm Mind|p2a: Suicune
|-boost|p2a: Suicune|spa|0
|-boost|p2a: Suicune|spd|0
|
|-weather|SunnyDay|[upkeep]
|-end|p2a: Suicune|Encore
|upkeep
|turn|26
|
|t:|1743841995
|move|p2a: Suicune|Protect|p2a: Suicune
|-singleturn|p2a: Suicune|Protect
|move|p1a: Ninetales|Encore|p2a: Suicune
|-activate|p2a: Suicune|move: Protect
|
|-weather|SunnyDay|[upkeep]
|upkeep
|turn|27
|
|t:|1743841998
|move|p1a: Ninetales|Encore|p2a: Suicune
|-start|p2a: Suicune|Encore
|move|p2a: Suicune|Protect||[still]
|-fail|p2a: Suicune
|
|-weather|SunnyDay|[upkeep]
|upkeep
|turn|28
|
|t:|1743842000
|move|p2a: Suicune|Protect|p2a: Suicune
|-singleturn|p2a: Suicune|Protect
|move|p1a: Ninetales|Nasty Plot|p1a: Ninetales
|-boost|p1a: Ninetales|spa|2
|
|-weather|SunnyDay|[upkeep]
|upkeep
|turn|29
|
|t:|1743842006
|move|p2a: Suicune|Protect|p2a: Suicune
|-singleturn|p2a: Suicune|Protect
|move|p1a: Ninetales|Flamethrower|p2a: Suicune
|-activate|p2a: Suicune|move: Protect
|
|-weather|none
|-end|p2a: Suicune|Encore
|upkeep
|turn|30
|
|t:|1743842009
|move|p1a: Ninetales|Encore|p2a: Suicune
|-start|p2a: Suicune|Encore
|move|p2a: Suicune|Protect||[still]
|-fail|p2a: Suicune
|
|upkeep
|turn|31
|
|t:|1743842020
|move|p2a: Suicune|Protect|p2a: Suicune
|-singleturn|p2a: Suicune|Protect
|move|p1a: Ninetales|Solar Beam||[still]
|-prepare|p1a: Ninetales|Solar Beam
|
|upkeep
|turn|32
|
|t:|1743842022
|-terastallize|p2a: Suicune|Poison
|move|p2a: Suicune|Protect||[still]
|-fail|p2a: Suicune
|move|p1a: Ninetales|Solar Beam|p2a: Suicune|[from] lockedmove
|-resisted|p2a: Suicune
|-activate|p2a: Suicune|move: Substitute|[damage]
|
|-end|p2a: Suicune|Encore
|upkeep
|turn|33
|
|t:|1743842026
|move|p1a: Ninetales|Flamethrower|p2a: Suicune
|-end|p2a: Suicune|Substitute
|move|p2a: Suicune|Scald|p1a: Ninetales
|-supereffective|p1a: Ninetales
|-damage|p1a: Ninetales|0 fnt
|faint|p1a: Ninetales
|
|upkeep
|
|t:|1743842035
|switch|p1a: Espeon|Espeon, F, shiny|100/100
|turn|34
|
|t:|1743842037
|move|p1a: Espeon|Psyshock|p2a: Suicune
|-supereffective|p2a: Suicune
|-damage|p2a: Suicune|52/100
|move|p2a: Suicune|Scald|p1a: Espeon
|-damage|p1a: Espeon|0 fnt
|faint|p1a: Espeon
|
|-heal|p2a: Suicune|59/100|[from] item: Leftovers
|upkeep
|c|☆rolendice|so u just lose to water absorb
|
|t:|1743842057
|switch|p1a: Mienshao|Mienshao, F, shiny|100/100
|turn|35
|
|t:|1743842067
|move|p2a: Suicune|Protect|p2a: Suicune
|-singleturn|p2a: Suicune|Protect
|move|p1a: Mienshao|Knock Off|p2a: Suicune
|-activate|p2a: Suicune|move: Protect
|
|-heal|p2a: Suicune|65/100|[from] item: Leftovers
|upkeep
|turn|36
|
|t:|1743842069
|move|p1a: Mienshao|Knock Off|p2a: Suicune
|-damage|p2a: Suicune|48/100
|-enditem|p2a: Suicune|Leftovers|[from] move: Knock Off|[of] p1a: Mienshao
|move|p2a: Suicune|Scald|p1a: Mienshao
|-damage|p1a: Mienshao|0 fnt
|faint|p1a: Mienshao
|
|upkeep
|
|t:|1743842074
|switch|p1a: Umbreon|Umbreon, F, shiny|70/100
|turn|37
|
|t:|1743842077
|move|p2a: Suicune|Scald|p1a: Umbreon
|-damage|p1a: Umbreon|11/100
|-status|p1a: Umbreon|brn
|-activate|p1a: Umbreon|ability: Synchronize
|-status|p2a: Suicune|brn
|move|p1a: Umbreon|Thunder Wave||[still]
|-fail|p1a: Umbreon
|
|-heal|p1a: Umbreon|17/100 brn|[from] item: Leftovers
|-damage|p2a: Suicune|42/100 brn|[from] brn
|-damage|p1a: Umbreon|11/100 brn|[from] brn
|upkeep
|turn|38
|
|t:|1743842080
|move|p2a: Suicune|Scald|p1a: Umbreon
|-damage|p1a: Umbreon|0 fnt
|faint|p1a: Umbreon
|
|-damage|p2a: Suicune|36/100 brn|[from] brn
|upkeep
|
|t:|1743842085
|switch|p1a: Leafeon|Leafeon, F, shiny|100/100
|turn|39
|
|t:|1743842089
|-terastallize|p1a: Leafeon|Fire
|move|p1a: Leafeon|Tera Blast|p2a: Suicune|[anim] Tera Blast Fire
|-damage|p2a: Suicune|13/100 brn
|move|p2a: Suicune|Scald|p1a: Leafeon
|-supereffective|p1a: Leafeon
|-damage|p1a: Leafeon|0 fnt
|faint|p1a: Leafeon
|
|-damage|p2a: Suicune|6/100 brn|[from] brn
|upkeep
|
|t:|1743842091
|switch|p1a: Manaphy|Manaphy, shiny|100/100
|turn|40
|
|t:|1743842095
|move|p1a: Manaphy|Scald|p2a: Suicune
|-damage|p2a: Suicune|1/100 brn
|move|p2a: Suicune|Scald|p1a: Manaphy
|-resisted|p1a: Manaphy
|-damage|p1a: Manaphy|67/100
|
|-heal|p1a: Manaphy|73/100|[from] item: Leftovers
|-damage|p2a: Suicune|0 fnt|[from] brn
|faint|p2a: Suicune
|upkeep
|
|t:|1743842100
|switch|p2a: Meloetta|Meloetta|100/100
|turn|41
|
|t:|1743842104
|move|p1a: Manaphy|Take Heart|p1a: Manaphy
|-boost|p1a: Manaphy|spa|1
|-boost|p1a: Manaphy|spd|1
|move|p2a: Meloetta|Hyper Voice|p1a: Manaphy
|-damage|p1a: Manaphy|47/100
|
|-heal|p1a: Manaphy|53/100|[from] item: Leftovers
|upkeep
|turn|42
|
|t:|1743842108
|move|p1a: Manaphy|Take Heart|p1a: Manaphy
|-boost|p1a: Manaphy|spa|1
|-boost|p1a: Manaphy|spd|1
|move|p2a: Meloetta|Psychic|p1a: Manaphy
|-damage|p1a: Manaphy|33/100
|
|-heal|p1a: Manaphy|39/100|[from] item: Leftovers
|upkeep
|turn|43
|
|t:|1743842111
|move|p1a: Manaphy|Take Heart|p1a: Manaphy
|-boost|p1a: Manaphy|spa|1
|-boost|p1a: Manaphy|spd|1
|move|p2a: Meloetta|Psychic|p1a: Manaphy
|-damage|p1a: Manaphy|24/100
|
|-heal|p1a: Manaphy|30/100|[from] item: Leftovers
|upkeep
|turn|44
|
|t:|1743842116
|move|p1a: Manaphy|Scald|p2a: Meloetta
|-damage|p2a: Meloetta|72/100
|move|p2a: Meloetta|Psychic|p1a: Manaphy
|-damage|p1a: Manaphy|15/100
|
|-heal|p1a: Manaphy|21/100|[from] item: Leftovers
|upkeep
|turn|45
|
|t:|1743842124
|move|p1a: Manaphy|Take Heart|p1a: Manaphy
|-boost|p1a: Manaphy|spa|1
|-boost|p1a: Manaphy|spd|1
|move|p2a: Meloetta|Psychic|p1a: Manaphy
|-crit|p1a: Manaphy
|-damage|p1a: Manaphy|0 fnt
|faint|p1a: Manaphy
|
|win|the fool of april
|raw|rolendice's rating: 1332 &rarr; <strong>1310</strong><br />(-22 for losing)
|raw|the fool of april's rating: 1290 &rarr; <strong>1318</strong><br />(+28 for winning)
