|j|☆megustamimir
|j|☆alkaposta
|t:|1743913736
|gametype|singles
|player|p1|megustamimir|palmer|1112
|player|p2|alkaposta|1|1070
|teamsize|p1|6
|teamsize|p2|6
|gen|9
|tier|[Gen 9] OU
|rated|
|rule|HP Percentage Mod: HP is shown in percentages
|rule|Endless Battle Clause: Forcing endless battles is banned
|rule|Species Clause: Limit one of each Pokémon
|rule|OHKO Clause: OHKO moves are banned
|rule|Evasion Items Clause: Evasion items are banned
|rule|Evasion Moves Clause: Evasion moves are banned
|rule|Sleep Moves Clause: Sleep-inducing moves are banned
|clearpoke
|poke|p1|Primarina, F|
|poke|p1|Zapdos|
|poke|p1|Iron Moth|
|poke|p1|Galvantula, F|
|poke|p1|Ogerpon-Cornerstone, F|
|poke|p1|Great Tusk|
|poke|p2|Scyther, F|
|poke|p2|Raikou|
|poke|p2|Kingdra, M|
|poke|p2|Bronzong|
|poke|p2|Hitmonchan, M|
|poke|p2|Gastrodon, M|
|teampreview
|
|t:|1743913741
|start
|switch|p1a: Galvantula|Galvantula, F, shiny|100/100
|switch|p2a: Hitmonchan|Hitmonchan, M|100/100
|turn|1
|
|t:|1743913747
|move|p1a: Galvantula|Thunder Wave|p2a: Hitmonchan
|-status|p2a: Hitmonchan|par
|move|p2a: Hitmonchan|Rapid Spin|p1a: Galvantula
|-damage|p1a: Galvantula|75/100
|-boost|p2a: Hitmonchan|spe|1
|
|upkeep
|turn|2
|
|t:|1743913757
|move|p1a: Galvantula|Thunder|p2a: Hitmonchan
|-damage|p2a: Hitmonchan|61/100 par
|move|p2a: Hitmonchan|Rapid Spin|p1a: Galvantula
|-damage|p1a: Galvantula|52/100
|-boost|p2a: Hitmonchan|spe|1
|
|upkeep
|turn|3
|
|t:|1743913767
|switch|p1a: Zapdos|Zapdos|100/100
|move|p2a: Hitmonchan|Rapid Spin|p1a: Zapdos
|-damage|p1a: Zapdos|83/100
|-boost|p2a: Hitmonchan|spe|1
|
|upkeep
|turn|4
|
|t:|1743913775
|move|p1a: Zapdos|Thunderbolt|p2a: Hitmonchan
|-damage|p2a: Hitmonchan|12/100 par
|move|p2a: Hitmonchan|Ice Punch|p1a: Zapdos
|-supereffective|p1a: Zapdos
|-damage|p1a: Zapdos|24/100
|
|upkeep
|turn|5
|
|t:|1743913781
|move|p1a: Zapdos|Thunderbolt|p2a: Hitmonchan
|-damage|p2a: Hitmonchan|0 fnt
|faint|p2a: Hitmonchan
|
|upkeep
|
|t:|1743913793
|switch|p2a: Scyther|Scyther, F|100/100
|turn|6
|inactive|Battle timer is ON: inactive players will automatically lose when time's up. (requested by alkaposta)
|
|t:|1743913865
|switch|p2a: Gastrodon|Gastrodon, M|100/100
|move|p1a: Zapdos|Thunderbolt|p2a: Gastrodon
|-immune|p2a: Gastrodon
|
|upkeep
|turn|7
|
|t:|1743913881
|move|p1a: Zapdos|U-turn|p2a: Gastrodon
|-damage|p2a: Gastrodon|84/100
|inactive|megustamimir has 120 seconds left.
|
|t:|1743913912
|switch|p1a: Ogerpon|Ogerpon-Cornerstone, F|100/100|[from] U-turn
|move|p2a: Gastrodon|Ice Beam|p1a: Ogerpon
|-supereffective|p1a: Ogerpon
|-damage|p1a: Ogerpon|35/100
|
|-heal|p2a: Gastrodon|90/100|[from] item: Leftovers
|upkeep
|turn|8
|
|t:|1743913931
|-terastallize|p2a: Gastrodon|Fire
|move|p1a: Ogerpon|Seed Bomb|p2a: Gastrodon
|-resisted|p2a: Gastrodon
|-damage|p2a: Gastrodon|57/100
|move|p2a: Gastrodon|Ice Beam|p1a: Ogerpon
|-supereffective|p1a: Ogerpon
|-damage|p1a: Ogerpon|0 fnt
|faint|p1a: Ogerpon
|
|-heal|p2a: Gastrodon|63/100|[from] item: Leftovers
|upkeep
|inactive|megustamimir has 120 seconds left.
|
|t:|1743913948
|switch|p1a: Great Tusk|Great Tusk|100/100
|turn|9
|
|t:|1743913958
|move|p1a: Great Tusk|Headlong Rush|p2a: Gastrodon
|-supereffective|p2a: Gastrodon
|-damage|p2a: Gastrodon|0 fnt
|-unboost|p1a: Great Tusk|def|1
|-unboost|p1a: Great Tusk|spd|1
|faint|p2a: Gastrodon
|
|upkeep
|
|t:|1743913967
|switch|p2a: Scyther|Scyther, F|100/100
|turn|10
|
|t:|1743913974
|-end|p1a: Great Tusk|Protosynthesis|[silent]
|switch|p1a: Zapdos|Zapdos|24/100
|move|p2a: Scyther|Dual Wingbeat|p1a: Zapdos
|-resisted|p1a: Zapdos
|-damage|p1a: Zapdos|12/100
|-resisted|p1a: Zapdos
|-damage|p1a: Zapdos|0 fnt
|faint|p1a: Zapdos
|-hitcount|p1: Zapdos|2
|
|upkeep
|inactive|megustamimir has 120 seconds left.
|
|t:|1743913995
|switch|p1a: Iron Moth|Iron Moth|100/100
|-enditem|p1a: Iron Moth|Booster Energy
|-activate|p1a: Iron Moth|ability: Quark Drive|[fromitem]
|-start|p1a: Iron Moth|quarkdrivespa
|turn|11
|
|t:|1743914011
|switch|p2a: Kingdra|Kingdra, M|100/100
|move|p1a: Iron Moth|Air Slash|p2a: Kingdra
|-damage|p2a: Kingdra|55/100
|
|upkeep
|turn|12
|
|t:|1743914018
|move|p1a: Iron Moth|Sludge Wave|p2a: Kingdra
|-damage|p2a: Kingdra|0 fnt
|faint|p2a: Kingdra
|
|upkeep
|
|t:|1743914028
|switch|p2a: Raikou|Raikou|100/100
|-ability|p2a: Raikou|Pressure
|-item|p2a: Raikou|Air Balloon
|turn|13
|
|t:|1743914035
|move|p2a: Raikou|Scald|p1a: Iron Moth
|-supereffective|p1a: Iron Moth
|-damage|p1a: Iron Moth|47/100
|move|p1a: Iron Moth|Fiery Dance|p2a: Raikou
|-damage|p2a: Raikou|36/100
|-boost|p1a: Iron Moth|spa|1
|-enditem|p2a: Raikou|Air Balloon
|
|upkeep
|turn|14
|
|t:|1743914043
|-end|p1a: Iron Moth|Quark Drive|[silent]
|switch|p1a: Primarina|Primarina, F, shiny|100/100
|move|p2a: Raikou|Scald|p1a: Primarina
|-resisted|p1a: Primarina
|-damage|p1a: Primarina|94/100
|-status|p1a: Primarina|brn
|
|-damage|p1a: Primarina|88/100 brn|[from] brn
|upkeep
|turn|15
|
|t:|1743914056
|move|p2a: Raikou|Thunderbolt|p1a: Primarina
|-supereffective|p1a: Primarina
|-damage|p1a: Primarina|43/100 brn
|move|p1a: Primarina|Sparkling Aria|p2a: Raikou
|-damage|p2a: Raikou|0 fnt
|faint|p2a: Raikou
|
|-damage|p1a: Primarina|37/100 brn|[from] brn
|upkeep
|
|t:|1743914075
|switch|p2a: Bronzong|Bronzong|100/100
|turn|16
|
|t:|1743914079
|move|p1a: Primarina|Sparkling Aria|p2a: Bronzong
|-damage|p2a: Bronzong|66/100
|move|p2a: Bronzong|Grass Knot|p1a: Primarina
|-supereffective|p1a: Primarina
|-damage|p1a: Primarina|26/100 brn
|
|-heal|p2a: Bronzong|72/100|[from] item: Leftovers
|-damage|p1a: Primarina|20/100 brn|[from] brn
|upkeep
|turn|17
|
|t:|1743914088
|move|p1a: Primarina|Sparkling Aria|p2a: Bronzong
|-damage|p2a: Bronzong|24/100
|move|p2a: Bronzong|Iron Head|p1a: Primarina
|-damage|p1a: Primarina|0 fnt
|faint|p1a: Primarina
|
|-heal|p2a: Bronzong|31/100|[from] item: Leftovers
|upkeep
|
|t:|1743914106
|switch|p1a: Iron Moth|Iron Moth|47/100
|turn|18
|
|t:|1743914114
|move|p1a: Iron Moth|Fiery Dance|p2a: Bronzong
|-supereffective|p2a: Bronzong
|-damage|p2a: Bronzong|0 fnt
|faint|p2a: Bronzong
|
|upkeep
|
|t:|1743914119
|switch|p2a: Scyther|Scyther, F|100/100
|turn|19
|inactive|megustamimir has 120 seconds left.
|
|t:|1743914154
|move|p1a: Iron Moth|Fiery Dance|p2a: Scyther
|-supereffective|p2a: Scyther
|-damage|p2a: Scyther|41/100
|move|p2a: Scyther|Dual Wingbeat|p1a: Iron Moth
|-damage|p1a: Iron Moth|7/100
|-damage|p1a: Iron Moth|0 fnt
|faint|p1a: Iron Moth
|-end|p1a: Iron Moth|Quark Drive|[silent]
|-hitcount|p1: Iron Moth|2
|
|upkeep
|inactive|megustamimir has 120 seconds left.
|
|t:|1743914164
|switch|p1a: Galvantula|Galvantula, F, shiny|52/100
|turn|20
|
|t:|1743914170
|move|p1a: Galvantula|Thunder Wave|p2a: Scyther
|-status|p2a: Scyther|par
|move|p2a: Scyther|Dual Wingbeat|p1a: Galvantula
|-damage|p1a: Galvantula|14/100
|-damage|p1a: Galvantula|0 fnt
|faint|p1a: Galvantula
|-hitcount|p1: Galvantula|2
|
|upkeep
|
|t:|1743914172
|switch|p1a: Great Tusk|Great Tusk|100/100
|turn|21
|
|t:|1743914180
|-terastallize|p1a: Great Tusk|Ice
|move|p1a: Great Tusk|Ice Spinner|p2a: Scyther
|-supereffective|p2a: Scyther
|-damage|p2a: Scyther|0 fnt
|faint|p2a: Scyther
|
|win|megustamimir
|raw|megustamimir's rating: 1112 &rarr; <strong>1134</strong><br />(+22 for winning)
|raw|alkaposta's rating: 1070 &rarr; <strong>1052</strong><br />(-18 for losing)
|l|☆alkaposta
|player|p2|
