|j|☆VallNB
|j|☆Shadow4cTest3r
|t:|1743832254
|gametype|singles
|player|p1|VallNB|170|1568
|player|p2|Shadow4cTest3r|101|1565
|teamsize|p1|6
|teamsize|p2|6
|gen|9
|tier|[Gen 9] OU
|rated|
|rule|HP Percentage Mod: HP is shown in percentages
|rule|Endless Battle Clause: Forcing endless battles is banned
|rule|Species Clause: Limit one of each Pokémon
|rule|OHKO Clause: OHKO moves are banned
|rule|Evasion Items Clause: Evasion items are banned
|rule|Evasion Moves Clause: Evasion moves are banned
|rule|Sleep Moves Clause: Sleep-inducing moves are banned
|clearpoke
|poke|p1|Corviknight, F|
|poke|p1|Ogerpon-Wellspring, F|
|poke|p1|Hydrapple, M|
|poke|p1|Garganacl, M|
|poke|p1|Primarina, F|
|poke|p1|Weavile, M|
|poke|p2|Garganacl, M|
|poke|p2|Hydrapple, F|
|poke|p2|Zamazenta-*|
|poke|p2|Ting-Lu|
|poke|p2|Slowking-Galar, F|
|poke|p2|Weezing-Galar, M|
|teampreview
|inactive|Battle timer is ON: inactive players will automatically lose when time's up. (requested by VallNB)
|
|t:|1743832287
|start
|switch|p1a: Primarina|Primarina, F|100/100
|switch|p2a: Weezing|Weezing-Galar, M|100/100
|-ability|p2a: Weezing|Neutralizing Gas
|turn|1
|
|t:|1743832296
|-end|p2a: Weezing|ability: Neutralizing Gas
|switch|p2a: Slowking|Slowking-Galar, F|100/100
|move|p1a: Primarina|Psychic Noise|p2a: Slowking
|-damage|p2a: Slowking|88/100
|-start|p2a: Slowking|move: Heal Block
|
|upkeep
|turn|2
|
|t:|1743832307
|move|p1a: Primarina|Flip Turn|p2a: Slowking
|-damage|p2a: Slowking|73/100
|
|t:|1743832314
|switch|p1a: Ogerpon|Ogerpon-Wellspring, F|100/100|[from] Flip Turn
|move|p2a: Slowking|Psychic Noise|p1a: Ogerpon
|-damage|p1a: Ogerpon|64/100
|-start|p1a: Ogerpon|move: Heal Block
|
|-end|p2a: Slowking|move: Heal Block
|upkeep
|turn|3
|
|t:|1743832319
|switch|p2a: Hydrapple|Hydrapple, F|100/100
|move|p1a: Ogerpon|Swords Dance|p1a: Ogerpon
|-boost|p1a: Ogerpon|atk|2
|
|-end|p1a: Ogerpon|move: Heal Block
|upkeep
|turn|4
|
|t:|1743832323
|switch|p1a: Corviknight|Corviknight, F|100/100
|-ability|p1a: Corviknight|Pressure
|move|p2a: Hydrapple|Draco Meteor|p1a: Corviknight
|-resisted|p1a: Corviknight
|-damage|p1a: Corviknight|77/100
|-unboost|p2a: Hydrapple|spa|2
|
|upkeep
|turn|5
|
|t:|1743832326
|switch|p2a: Ting-Lu|Ting-Lu|100/100
|-ability|p2a: Ting-Lu|Vessel of Ruin
|move|p1a: Corviknight|U-turn|p2a: Ting-Lu
|-supereffective|p2a: Ting-Lu
|-damage|p2a: Ting-Lu|84/100
|
|t:|1743832332
|switch|p1a: Hydrapple|Hydrapple, M|100/100|[from] U-turn
|
|-heal|p2a: Ting-Lu|90/100|[from] item: Leftovers
|upkeep
|turn|6
|
|t:|1743832337
|switch|p2a: Slowking|Slowking-Galar, F|100/100
|move|p1a: Hydrapple|Nasty Plot|p1a: Hydrapple
|-boost|p1a: Hydrapple|spa|2
|
|upkeep
|turn|7
|
|t:|1743832339
|move|p1a: Hydrapple|Earth Power|p2a: Slowking
|-supereffective|p2a: Slowking
|-damage|p2a: Slowking|36/100
|-damage|p1a: Hydrapple|91/100|[from] item: Life Orb
|move|p2a: Slowking|Sludge Bomb|p1a: Hydrapple
|-supereffective|p1a: Hydrapple
|-damage|p1a: Hydrapple|20/100
|
|upkeep
|turn|8
|
|t:|1743832359
|switch|p2a: Zamazenta|Zamazenta|100/100
|-ability|p2a: Zamazenta|Dauntless Shield|boost
|-boost|p2a: Zamazenta|def|1
|move|p1a: Hydrapple|Fickle Beam|p2a: Zamazenta
|-damage|p2a: Zamazenta|2/100
|-damage|p1a: Hydrapple|10/100|[from] item: Life Orb
|
|upkeep
|turn|9
|
|t:|1743832369
|switch|p2a: Ting-Lu|Ting-Lu|90/100
|-ability|p2a: Ting-Lu|Vessel of Ruin
|switch|p1a: Corviknight|Corviknight, F|77/100
|-ability|p1a: Corviknight|Pressure
|
|-heal|p2a: Ting-Lu|96/100|[from] item: Leftovers
|upkeep
|turn|10
|
|t:|1743832372
|move|p1a: Corviknight|U-turn|p2a: Ting-Lu
|-supereffective|p2a: Ting-Lu
|-damage|p2a: Ting-Lu|81/100
|
|t:|1743832374
|switch|p1a: Hydrapple|Hydrapple, M|43/100|[from] U-turn
|move|p2a: Ting-Lu|Stealth Rock|p1a: Hydrapple
|-sidestart|p1: VallNB|move: Stealth Rock
|
|-heal|p2a: Ting-Lu|87/100|[from] item: Leftovers
|upkeep
|turn|11
|
|t:|1743832379
|switch|p2a: Slowking|Slowking-Galar, F|70/100
|move|p1a: Hydrapple|Giga Drain|p2a: Slowking
|-resisted|p2a: Slowking
|-crit|p2a: Slowking
|-damage|p2a: Slowking|54/100
|-heal|p1a: Hydrapple|50/100|[from] drain|[of] p2a: Slowking
|-damage|p1a: Hydrapple|40/100|[from] item: Life Orb
|
|upkeep
|turn|12
|
|t:|1743832386
|switch|p1a: Primarina|Primarina, F|100/100
|-damage|p1a: Primarina|88/100|[from] Stealth Rock
|move|p2a: Slowking|Flamethrower|p1a: Primarina
|-resisted|p1a: Primarina
|-damage|p1a: Primarina|82/100
|
|upkeep
|turn|13
|
|t:|1743832396
|move|p1a: Primarina|Hydro Pump|p2a: Slowking
|-damage|p2a: Slowking|31/100
|move|p2a: Slowking|Sludge Bomb|p1a: Primarina
|-supereffective|p1a: Primarina
|-damage|p1a: Primarina|41/100
|-status|p1a: Primarina|psn
|
|-damage|p1a: Primarina|28/100 psn|[from] psn
|upkeep
|turn|14
|
|t:|1743832401
|move|p1a: Primarina|Hydro Pump|p2a: Slowking
|-damage|p2a: Slowking|0 fnt
|faint|p2a: Slowking
|
|-damage|p1a: Primarina|16/100 psn|[from] psn
|upkeep
|
|t:|1743832408
|switch|p2a: Zamazenta|Zamazenta|2/100
|turn|15
|
|t:|1743832415
|switch|p1a: Corviknight|Corviknight, F|77/100
|-damage|p1a: Corviknight|64/100|[from] Stealth Rock
|-ability|p1a: Corviknight|Pressure
|move|p2a: Zamazenta|Close Combat|p1a: Corviknight
|-crit|p1a: Corviknight
|-damage|p1a: Corviknight|13/100
|-unboost|p2a: Zamazenta|def|1
|-unboost|p2a: Zamazenta|spd|1
|-damage|p2a: Zamazenta|0 fnt|[from] item: Rocky Helmet|[of] p1a: Corviknight
|faint|p2a: Zamazenta
|
|upkeep
|
|t:|1743832424
|switch|p2a: Garganacl|Garganacl, M|100/100
|turn|16
|
|t:|1743832438
|move|p1a: Corviknight|Roost|p1a: Corviknight
|-heal|p1a: Corviknight|63/100
|-singleturn|p1a: Corviknight|move: Roost
|move|p2a: Garganacl|Salt Cure|p1a: Corviknight
|-resisted|p1a: Corviknight
|-damage|p1a: Corviknight|59/100
|-start|p1a: Corviknight|Salt Cure
|
|-damage|p1a: Corviknight|34/100|[from] Salt Cure
|upkeep
|turn|17
|
|t:|1743832441
|move|p1a: Corviknight|Roost|p1a: Corviknight
|-heal|p1a: Corviknight|84/100
|-singleturn|p1a: Corviknight|move: Roost
|move|p2a: Garganacl|Salt Cure|p1a: Corviknight
|-resisted|p1a: Corviknight
|-damage|p1a: Corviknight|80/100
|
|-damage|p1a: Corviknight|55/100|[from] Salt Cure
|upkeep
|turn|18
|
|t:|1743832444
|move|p1a: Corviknight|Defog|p2a: Garganacl
|-unboost|p2a: Garganacl|evasion|1
|-sideend|p1: VallNB|Stealth Rock|[from] move: Defog|[of] p1a: Corviknight
|move|p2a: Garganacl|Salt Cure|p1a: Corviknight
|-damage|p1a: Corviknight|46/100
|
|-damage|p1a: Corviknight|22/100|[from] Salt Cure
|upkeep
|turn|19
|
|t:|1743832448
|switch|p1a: Hydrapple|Hydrapple, M|74/100
|move|p2a: Garganacl|Curse|p2a: Garganacl
|-unboost|p2a: Garganacl|spe|1
|-boost|p2a: Garganacl|atk|1
|-boost|p2a: Garganacl|def|1
|
|upkeep
|turn|20
|
|t:|1743832452
|move|p1a: Hydrapple|Nasty Plot|p1a: Hydrapple
|-boost|p1a: Hydrapple|spa|2
|move|p2a: Garganacl|Salt Cure|p1a: Hydrapple
|-damage|p1a: Hydrapple|59/100
|-start|p1a: Hydrapple|Salt Cure
|
|-damage|p1a: Hydrapple|46/100|[from] Salt Cure
|upkeep
|turn|21
|
|t:|1743832455
|switch|p2a: Hydrapple|Hydrapple, F|100/100
|move|p1a: Hydrapple|Giga Drain|p2a: Hydrapple
|-resisted|p2a: Hydrapple
|-damage|p2a: Hydrapple|74/100
|-heal|p1a: Hydrapple|60/100|[from] drain|[of] p2a: Hydrapple
|-damage|p1a: Hydrapple|50/100|[from] item: Life Orb
|
|-damage|p1a: Hydrapple|37/100|[from] Salt Cure
|upkeep
|turn|22
|
|t:|1743832463
|switch|p2a: Weezing|Weezing-Galar, M|100/100
|-ability|p2a: Weezing|Neutralizing Gas
|switch|p1a: Primarina|Primarina, F|16/100 psn
|
|-damage|p1a: Primarina|4/100 psn|[from] psn
|upkeep
|turn|23
|
|t:|1743832468
|move|p1a: Primarina|Hydro Pump|p2a: Weezing|[miss]
|-miss|p1a: Primarina|p2a: Weezing
|move|p2a: Weezing|Strange Steam|p1a: Primarina
|-damage|p1a: Primarina|0 fnt
|faint|p1a: Primarina
|
|upkeep
|
|t:|1743832477
|switch|p1a: Hydrapple|Hydrapple, M|37/100
|turn|24
|
|t:|1743832479
|switch|p1a: Corviknight|Corviknight, F|22/100
|move|p2a: Weezing|Strange Steam|p1a: Corviknight|[miss]
|-miss|p2a: Weezing|p1a: Corviknight
|
|upkeep
|turn|25
|
|t:|1743832481
|move|p1a: Corviknight|Roost|p1a: Corviknight
|-heal|p1a: Corviknight|72/100
|-singleturn|p1a: Corviknight|move: Roost
|move|p2a: Weezing|Will-O-Wisp|p1a: Corviknight
|-status|p1a: Corviknight|brn
|
|-damage|p1a: Corviknight|66/100 brn|[from] brn
|upkeep
|turn|26
|
|t:|1743832486
|move|p1a: Corviknight|U-turn|p2a: Weezing
|-resisted|p2a: Weezing
|-damage|p2a: Weezing|99/100
|
|t:|1743832490
|switch|p1a: Ogerpon|Ogerpon-Wellspring, F|64/100|[from] U-turn
|move|p2a: Weezing|Strange Steam|p1a: Ogerpon
|-damage|p1a: Ogerpon|30/100
|
|-heal|p2a: Weezing|100/100|[from] item: Leftovers
|upkeep
|turn|27
|
|t:|1743832493
|move|p1a: Ogerpon|Ivy Cudgel|p2a: Weezing|[anim] Ivy Cudgel Water
|-damage|p2a: Weezing|62/100
|move|p2a: Weezing|Strange Steam|p1a: Ogerpon
|-damage|p1a: Ogerpon|0 fnt
|faint|p1a: Ogerpon
|
|-heal|p2a: Weezing|68/100|[from] item: Leftovers
|upkeep
|
|t:|1743832497
|switch|p1a: Garganacl|Garganacl, M|100/100
|turn|28
|
|t:|1743832499
|move|p2a: Weezing|Will-O-Wisp|p1a: Garganacl
|-status|p1a: Garganacl|brn
|move|p1a: Garganacl|Salt Cure|p2a: Weezing
|-damage|p2a: Weezing|63/100
|-start|p2a: Weezing|Salt Cure
|
|-heal|p2a: Weezing|69/100|[from] item: Leftovers
|-damage|p1a: Garganacl|94/100 brn|[from] brn
|-damage|p2a: Weezing|57/100|[from] Salt Cure
|upkeep
|turn|29
|
|t:|1743832503
|-terastallize|p1a: Garganacl|Ghost
|move|p2a: Weezing|Pain Split|p1a: Garganacl
|-sethp|p1a: Garganacl|71/100 brn|[from] move: Pain Split|[silent]
|-sethp|p2a: Weezing|85/100|[from] move: Pain Split
|move|p1a: Garganacl|Curse|p2a: Weezing
|-start|p2a: Weezing|Curse|[of] p1a: Garganacl
|-damage|p1a: Garganacl|21/100 brn
|
|-heal|p2a: Weezing|91/100|[from] item: Leftovers
|-heal|p1a: Garganacl|27/100 brn|[from] item: Leftovers
|-damage|p1a: Garganacl|21/100 brn|[from] brn
|-damage|p2a: Weezing|66/100|[from] Curse
|-damage|p2a: Weezing|54/100|[from] Salt Cure
|upkeep
|turn|30
|
|t:|1743832510
|-end|p2a: Weezing|ability: Neutralizing Gas
|switch|p2a: Garganacl|Garganacl, M|100/100
|move|p1a: Garganacl|Salt Cure|p2a: Garganacl
|-damage|p2a: Garganacl|96/100
|-start|p2a: Garganacl|Salt Cure
|
|-heal|p1a: Garganacl|27/100 brn|[from] item: Leftovers
|-heal|p2a: Garganacl|100/100|[from] item: Leftovers
|-damage|p1a: Garganacl|21/100 brn|[from] brn
|-damage|p2a: Garganacl|88/100|[from] Salt Cure
|upkeep
|turn|31
|
|t:|1743832513
|switch|p2a: Hydrapple|Hydrapple, F|100/100
|switch|p1a: Hydrapple|Hydrapple, M|37/100
|
|upkeep
|turn|32
|
|t:|1743832516
|move|p2a: Hydrapple|Draco Meteor|p1a: Hydrapple
|-supereffective|p1a: Hydrapple
|-damage|p1a: Hydrapple|0 fnt
|-unboost|p2a: Hydrapple|spa|2
|faint|p1a: Hydrapple
|
|upkeep
|
|t:|1743832519
|switch|p1a: Weavile|Weavile, M|100/100
|-ability|p1a: Weavile|Pressure
|turn|33
|
|t:|1743832523
|switch|p2a: Weezing|Weezing-Galar, M|54/100
|-ability|p2a: Weezing|Neutralizing Gas
|move|p1a: Weavile|Triple Axel|p2a: Weezing
|-damage|p2a: Weezing|48/100
|-hitcount|p2a: Weezing|1
|
|-heal|p2a: Weezing|53/100|[from] item: Leftovers
|upkeep
|turn|34
|-message|VallNB forfeited.
|
|win|Shadow4cTest3r
|raw|VallNB's rating: 1568 &rarr; <strong>1548</strong><br />(-20 for losing)
|raw|Shadow4cTest3r's rating: 1565 &rarr; <strong>1585</strong><br />(+20 for winning)
|l|☆VallNB
|player|p1|
|l|☆Shadow4cTest3r
|player|p2|
