|j|☆quanvoytv
|j|☆Somethingsorta
|t:|1743808812
|gametype|singles
|player|p1|quanvoytv|169|1053
|player|p2|Somethingsorta|170|1125
|teamsize|p1|6
|teamsize|p2|6
|gen|9
|tier|[Gen 9] OU
|rated|
|rule|HP Percentage Mod: HP is shown in percentages
|rule|Endless Battle Clause: Forcing endless battles is banned
|rule|Species Clause: Limit one of each Pokémon
|rule|OHKO Clause: OHKO moves are banned
|rule|Evasion Items Clause: Evasion items are banned
|rule|Evasion Moves Clause: Evasion moves are banned
|rule|Sleep Moves Clause: Sleep-inducing moves are banned
|clearpoke
|poke|p1|Sunflora, F|
|poke|p1|Torkoal, F|
|poke|p1|Rotom-Wash|
|poke|p1|Darkrai|
|poke|p1|Iron Moth|
|poke|p1|Clodsire, M|
|poke|p2|Glimmora, F|
|poke|p2|Pawmot, F|
|poke|p2|Polteageist-Antique|
|poke|p2|Lucario, F|
|poke|p2|Indeedee, M|
|poke|p2|Dragapult, M|
|teampreview
|
|t:|1743808815
|start
|switch|p1a: Rotom|Rotom-Wash|100/100
|switch|p2a: Indeedee|Indeedee, M|100/100
|-fieldstart|move: Psychic Terrain|[from] ability: Psychic Surge|[of] p2a: Indeedee
|turn|1
|inactive|Battle timer is ON: inactive players will automatically lose when time's up. (requested by quanvoytv)
|
|t:|1743808824
|switch|p2a: Polteageist|Polteageist-Antique, shiny|100/100
|move|p1a: Rotom|Thunder Wave|p2a: Polteageist
|-status|p2a: Polteageist|par
|
|upkeep
|turn|2
|
|t:|1743808836
|switch|p1a: Torkoal|Torkoal, F|100/100
|-weather|SunnyDay|[from] ability: Drought|[of] p1a: Torkoal
|move|p2a: Polteageist|Shell Smash|p2a: Polteageist
|-unboost|p2a: Polteageist|def|1
|-unboost|p2a: Polteageist|spd|1
|-boost|p2a: Polteageist|atk|2
|-boost|p2a: Polteageist|spa|2
|-boost|p2a: Polteageist|spe|2
|
|-weather|SunnyDay|[upkeep]
|upkeep
|turn|3
|
|t:|1743808850
|move|p2a: Polteageist|Stored Power|p1a: Torkoal
|-damage|p1a: Torkoal|0 fnt
|faint|p1a: Torkoal
|
|-weather|SunnyDay|[upkeep]
|upkeep
|
|t:|1743808858
|switch|p1a: Iron Moth|Iron Moth, shiny|100/100
|turn|4
|
|t:|1743808861
|move|p1a: Iron Moth|Fiery Dance|p2a: Polteageist
|-enditem|p2a: Polteageist|Focus Sash
|-damage|p2a: Polteageist|1/100 par
|-boost|p1a: Iron Moth|spa|1
|move|p2a: Polteageist|Stored Power|p1a: Iron Moth
|-supereffective|p1a: Iron Moth
|-damage|p1a: Iron Moth|0 fnt
|faint|p1a: Iron Moth
|-end|p1a: Iron Moth|Quark Drive|[silent]
|
|-weather|SunnyDay|[upkeep]
|upkeep
|
|t:|1743808871
|switch|p1a: Darkrai|Darkrai, shiny|100/100
|turn|5
|
|t:|1743808887
|-terastallize|p2a: Polteageist|Fighting
|move|p1a: Darkrai|Dark Pulse|p2a: Polteageist
|-resisted|p2a: Polteageist
|-damage|p2a: Polteageist|0 fnt
|faint|p2a: Polteageist
|
|-weather|SunnyDay|[upkeep]
|-fieldend|move: Psychic Terrain
|upkeep
|
|t:|1743808904
|switch|p2a: Dragapult|Dragapult, M|100/100
|turn|6
|
|t:|1743808910
|move|p1a: Darkrai|Dark Pulse|p2a: Dragapult
|-supereffective|p2a: Dragapult
|-enditem|p2a: Dragapult|Focus Sash
|-damage|p2a: Dragapult|1/100
|move|p2a: Dragapult|Dragon Tail|p1a: Darkrai
|-damage|p1a: Darkrai|61/100
|drag|p1a: Clodsire|Clodsire, M, shiny|100/100
|
|-weather|SunnyDay|[upkeep]
|upkeep
|turn|7
|
|t:|1743808922
|move|p2a: Dragapult|Curse|p1a: Clodsire
|-start|p1a: Clodsire|Curse|[of] p2a: Dragapult
|-damage|p2a: Dragapult|0 fnt
|faint|p2a: Dragapult
|move|p1a: Clodsire|Earthquake|p2: Dragapult|[notarget]
|-fail|p1a: Clodsire
|
|-weather|SunnyDay|[upkeep]
|-damage|p1a: Clodsire|75/100|[from] Curse
|upkeep
|
|t:|1743808933
|switch|p2a: Lucario|Lucario, F|100/100
|turn|8
|
|t:|1743808940
|switch|p1a: Sunflora|Sunflora, F, shiny|100/100
|move|p2a: Lucario|Nasty Plot|p2a: Lucario
|-boost|p2a: Lucario|spa|2
|
|-weather|SunnyDay|[upkeep]
|-damage|p1a: Sunflora|88/100|[from] ability: Solar Power|[of] p1a: Sunflora
|upkeep
|turn|9
|
|t:|1743808955
|move|p2a: Lucario|Aura Sphere|p1a: Sunflora
|-damage|p1a: Sunflora|0 fnt
|faint|p1a: Sunflora
|-damage|p2a: Lucario|91/100|[from] item: Life Orb
|
|-weather|none
|upkeep
|
|t:|1743808963
|switch|p1a: Rotom|Rotom-Wash|100/100
|turn|10
|
|t:|1743808970
|move|p2a: Lucario|Aura Sphere|p1a: Rotom
|-damage|p1a: Rotom|0 fnt
|faint|p1a: Rotom
|-damage|p2a: Lucario|81/100|[from] item: Life Orb
|
|upkeep
|
|t:|1743808974
|switch|p1a: Clodsire|Clodsire, M, shiny|75/100
|turn|11
|
|t:|1743808982
|move|p2a: Lucario|Aura Sphere|p1a: Clodsire
|-resisted|p1a: Clodsire
|-damage|p1a: Clodsire|53/100
|-damage|p2a: Lucario|71/100|[from] item: Life Orb
|move|p1a: Clodsire|Earthquake|p2a: Lucario
|-supereffective|p2a: Lucario
|-damage|p2a: Lucario|3/100
|
|-heal|p1a: Clodsire|59/100|[from] item: Leftovers
|upkeep
|turn|12
|
|t:|1743808993
|move|p2a: Lucario|Flash Cannon|p1a: Clodsire
|-damage|p1a: Clodsire|17/100
|-damage|p2a: Lucario|0 fnt|[from] item: Life Orb
|faint|p2a: Lucario
|move|p1a: Clodsire|Recover|p1a: Clodsire
|-heal|p1a: Clodsire|67/100
|
|-heal|p1a: Clodsire|73/100|[from] item: Leftovers
|upkeep
|
|t:|1743809005
|switch|p2a: Pawmot|Pawmot, F|100/100
|turn|13
|
|t:|1743809008
|move|p2a: Pawmot|Revival Blessing|p2a: Pawmot
|
|t:|1743809011
|-heal|p2: Lucario|50/100|[from] move: Revival Blessing
|move|p1a: Clodsire|Earthquake|p2a: Pawmot
|-supereffective|p2a: Pawmot
|-damage|p2a: Pawmot|30/100
|
|-heal|p1a: Clodsire|80/100|[from] item: Leftovers
|upkeep
|turn|14
|
|t:|1743809020
|move|p2a: Pawmot|Rest|p2a: Pawmot
|-status|p2a: Pawmot|slp|[from] move: Rest
|-heal|p2a: Pawmot|100/100 slp|[silent]
|move|p1a: Clodsire|Stealth Rock|p2a: Pawmot
|-sidestart|p2: Somethingsorta|move: Stealth Rock
|
|-heal|p1a: Clodsire|86/100|[from] item: Leftovers
|upkeep
|turn|15
|
|t:|1743809029
|cant|p2a: Pawmot|slp
|move|p2a: Pawmot|Sleep Talk|p2a: Pawmot
|move|p2a: Pawmot|Revival Blessing|p2a: Pawmot|[from] move: Sleep Talk
|
|t:|1743809034
|-heal|p2: Dragapult|50/100|[from] move: Revival Blessing
|move|p1a: Clodsire|Toxic||[still]
|-fail|p1a: Clodsire
|
|-heal|p1a: Clodsire|92/100|[from] item: Leftovers
|upkeep
|turn|16
|
|t:|1743809042
|cant|p2a: Pawmot|slp
|move|p2a: Pawmot|Sleep Talk|p2a: Pawmot
|move|p2a: Pawmot|Revival Blessing|p2a: Pawmot|[from] move: Sleep Talk
|
|t:|1743809047
|-heal|p2: Polteageist|50/100|[from] move: Revival Blessing
|move|p1a: Clodsire|Toxic||[still]
|-fail|p1a: Clodsire
|
|-heal|p1a: Clodsire|98/100|[from] item: Leftovers
|upkeep
|turn|17
|
|t:|1743809057
|-curestatus|p2a: Pawmot|slp|[from] ability: Natural Cure
|switch|p2a: Glimmora|Glimmora, F|100/100
|-damage|p2a: Glimmora|88/100|[from] Stealth Rock
|move|p1a: Clodsire|Toxic|p2a: Glimmora
|-immune|p2a: Glimmora
|
|-heal|p1a: Clodsire|100/100|[from] item: Leftovers
|upkeep
|turn|18
|
|t:|1743809069
|move|p2a: Glimmora|Mortal Spin|p1a: Clodsire
|-resisted|p1a: Clodsire
|-damage|p1a: Clodsire|99/100
|-sideend|p2: Somethingsorta|Stealth Rock|[from] move: Mortal Spin|[of] p2a: Glimmora
|move|p1a: Clodsire|Earthquake|p2a: Glimmora
|-supereffective|p2a: Glimmora
|-damage|p2a: Glimmora|0 fnt
|-activate|p2a: Glimmora|ability: Toxic Debris
|-sidestart|p1: quanvoytv|move: Toxic Spikes
|faint|p2a: Glimmora
|
|-heal|p1a: Clodsire|100/100|[from] item: Leftovers
|upkeep
|
|t:|1743809087
|switch|p2a: Dragapult|Dragapult, M|50/100
|turn|19
|
|t:|1743809091
|move|p2a: Dragapult|Dragon Dance|p2a: Dragapult
|-boost|p2a: Dragapult|atk|1
|-boost|p2a: Dragapult|spe|1
|move|p1a: Clodsire|Earthquake|p2a: Dragapult
|-damage|p2a: Dragapult|13/100
|
|upkeep
|turn|20
|
|t:|1743809099
|move|p2a: Dragapult|Dragon Darts|p1a: Clodsire
|-damage|p1a: Clodsire|55/100
|-anim|p2a: Dragapult|Dragon Darts|p1a: Clodsire
|-damage|p1a: Clodsire|10/100
|move|p1a: Clodsire|Earthquake|p2a: Dragapult
|-damage|p2a: Dragapult|0 fnt
|faint|p2a: Dragapult
|
|-heal|p1a: Clodsire|17/100|[from] item: Leftovers
|upkeep
|
|t:|1743809111
|switch|p2a: Lucario|Lucario, F|50/100
|turn|21
|
|t:|1743809115
|move|p2a: Lucario|Aura Sphere|p1a: Clodsire
|-resisted|p1a: Clodsire
|-damage|p1a: Clodsire|6/100
|-damage|p2a: Lucario|41/100|[from] item: Life Orb
|move|p1a: Clodsire|Earthquake|p2a: Lucario
|-supereffective|p2a: Lucario
|-damage|p2a: Lucario|0 fnt
|faint|p2a: Lucario
|
|-heal|p1a: Clodsire|12/100|[from] item: Leftovers
|upkeep
|
|t:|1743809127
|switch|p2a: Pawmot|Pawmot, F|100/100
|turn|22
|
|t:|1743809132
|move|p2a: Pawmot|Sleep Talk||[still]
|-fail|p2a: Pawmot
|move|p1a: Clodsire|Recover|p1a: Clodsire
|-heal|p1a: Clodsire|62/100
|
|-heal|p1a: Clodsire|68/100|[from] item: Leftovers
|upkeep
|turn|23
|
|t:|1743809140
|move|p2a: Pawmot|Sleep Talk||[still]
|-fail|p2a: Pawmot
|move|p1a: Clodsire|Earthquake|p2a: Pawmot
|-supereffective|p2a: Pawmot
|-damage|p2a: Pawmot|32/100
|
|-heal|p1a: Clodsire|74/100|[from] item: Leftovers
|upkeep
|turn|24
|
|t:|1743809148
|move|p2a: Pawmot|Rest|p2a: Pawmot
|-status|p2a: Pawmot|slp|[from] move: Rest
|-heal|p2a: Pawmot|100/100 slp|[silent]
|move|p1a: Clodsire|Earthquake|p2a: Pawmot
|-supereffective|p2a: Pawmot
|-damage|p2a: Pawmot|32/100 slp
|
|-heal|p1a: Clodsire|81/100|[from] item: Leftovers
|upkeep
|turn|25
|
|t:|1743809159
|cant|p2a: Pawmot|slp
|move|p2a: Pawmot|Sleep Talk|p2a: Pawmot
|move|p2a: Pawmot|Rest||[from] move: Sleep Talk|[still]
|-fail|p2a: Pawmot
|move|p1a: Clodsire|Earthquake|p2a: Pawmot
|-supereffective|p2a: Pawmot
|-damage|p2a: Pawmot|0 fnt
|faint|p2a: Pawmot
|
|-heal|p1a: Clodsire|87/100|[from] item: Leftovers
|upkeep
|
|t:|1743809171
|switch|p2a: Indeedee|Indeedee, M|100/100
|-fieldstart|move: Psychic Terrain|[from] ability: Psychic Surge|[of] p2a: Indeedee
|turn|26
|
|t:|1743809181
|switch|p1a: Darkrai|Darkrai, shiny|61/100
|-status|p1a: Darkrai|psn
|move|p2a: Indeedee|Substitute|p2a: Indeedee
|-start|p2a: Indeedee|Substitute
|-damage|p2a: Indeedee|75/100
|
|-damage|p1a: Darkrai|48/100 psn|[from] psn
|upkeep
|turn|27
|
|t:|1743809195
|move|p1a: Darkrai|Dark Pulse|p2a: Indeedee
|-supereffective|p2a: Indeedee
|-end|p2a: Indeedee|Substitute
|move|p2a: Indeedee|Healing Wish|p2a: Indeedee
|faint|p2a: Indeedee
|
|-damage|p1a: Darkrai|36/100 psn|[from] psn
|upkeep
|
|t:|1743809204
|switch|p2a: Polteageist|Polteageist-Antique, shiny|50/100
|-heal|p2a: Polteageist|100/100|[from] move: Healing Wish
|turn|28
|
|t:|1743809209
|move|p1a: Darkrai|Dark Pulse|p2a: Polteageist
|-supereffective|p2a: Polteageist
|-damage|p2a: Polteageist|6/100
|move|p2a: Polteageist|Shell Smash|p2a: Polteageist
|-unboost|p2a: Polteageist|def|1
|-unboost|p2a: Polteageist|spd|1
|-boost|p2a: Polteageist|atk|2
|-boost|p2a: Polteageist|spa|2
|-boost|p2a: Polteageist|spe|2
|
|-damage|p1a: Darkrai|23/100 psn|[from] psn
|upkeep
|turn|29
|
|t:|1743809224
|move|p1a: Darkrai|Dark Pulse|p2a: Polteageist
|-supereffective|p2a: Polteageist
|-damage|p2a: Polteageist|0 fnt
|faint|p2a: Polteageist
|
|win|quanvoytv
|raw|quanvoytv's rating: 1053 &rarr; <strong>1092</strong><br />(+39 for winning)
|raw|Somethingsorta's rating: 1125 &rarr; <strong>1095</strong><br />(-30 for losing)
|l|☆Somethingsorta
|player|p2|
|c|☆quanvoytv|You stinnnk longest game in the world
