|j|☆freakyuser111
|j|☆romandh
|t:|1743787985
|gametype|singles
|player|p1|freakyuser111|266|1130
|player|p2|romandh|266|1131
|teamsize|p1|6
|teamsize|p2|6
|gen|9
|tier|[Gen 9] OU
|rated|
|rule|HP Percentage Mod: HP is shown in percentages
|rule|Endless Battle Clause: Forcing endless battles is banned
|rule|Species Clause: Limit one of each Pokémon
|rule|OHKO Clause: OHKO moves are banned
|rule|Evasion Items Clause: Evasion items are banned
|rule|Evasion Moves Clause: Evasion moves are banned
|rule|Sleep Moves Clause: Sleep-inducing moves are banned
|clearpoke
|poke|p1|Enamorus, F|
|poke|p1|Araquanid, F|
|poke|p1|Dragapult, F|
|poke|p1|Charizard, M|
|poke|p1|Great Tusk|
|poke|p1|Dragonite, M|
|poke|p2|Comfey, F|
|poke|p2|Dragapult, M|
|poke|p2|Meowscarada, M|
|poke|p2|Avalugg-Hisui, F|
|poke|p2|Glimmora, M|
|poke|p2|Hydrapple, F|
|teampreview
|
|t:|1743787994
|start
|switch|p1a: Araquanid|Araquanid, F|100/100
|switch|p2a: Avalugg|Avalugg-Hisui, F|100/100
|turn|1
|
|t:|1743788000
|move|p1a: Araquanid|Sticky Web|p2a: Avalugg
|-sidestart|p2: romandh|move: Sticky Web
|move|p2a: Avalugg|Stone Edge|p1a: Araquanid
|-supereffective|p1a: Araquanid
|-damage|p1a: Araquanid|0 fnt
|faint|p1a: Araquanid
|
|upkeep
|
|t:|1743788007
|switch|p1a: Enamorus|Enamorus, F|100/100
|turn|2
|
|t:|1743788018
|-terastallize|p1a: Enamorus|Fighting
|move|p1a: Enamorus|Superpower|p2a: Avalugg
|-supereffective|p2a: Avalugg
|-ability|p2a: Avalugg|Sturdy
|-damage|p2a: Avalugg|1/100
|-boost|p1a: Enamorus|atk|1
|-boost|p1a: Enamorus|def|1
|move|p2a: Avalugg|Mountain Gale|p1a: Enamorus
|-damage|p1a: Enamorus|37/100
|
|upkeep
|turn|3
|-enditem|p2a: Avalugg|Custap Berry|[eat]
|-activate|p2a: Avalugg|item: Custap Berry|[consumed]
|
|t:|1743788034
|move|p2a: Avalugg|Rapid Spin|p1a: Enamorus
|-damage|p1a: Enamorus|15/100
|-boost|p2a: Avalugg|spe|1
|-sideend|p2: romandh|Sticky Web|[from] move: Rapid Spin|[of] p2a: Avalugg
|move|p1a: Enamorus|Alluring Voice|p2a: Avalugg
|-damage|p2a: Avalugg|0 fnt
|faint|p2a: Avalugg
|-heal|p1a: Enamorus|15/100|[from] item: Shell Bell|[of] p2: Avalugg
|
|upkeep
|
|t:|1743788047
|switch|p2a: Comfey|Comfey, F|100/100
|turn|4
|
|t:|1743788051
|move|p2a: Comfey|Draining Kiss|p1a: Enamorus
|-supereffective|p1a: Enamorus
|-damage|p1a: Enamorus|0 fnt
|faint|p1a: Enamorus
|
|upkeep
|inactive|Battle timer is ON: inactive players will automatically lose when time's up. (requested by romandh)
|
|t:|1743788064
|switch|p1a: Dragapult|Dragapult, F|100/100
|turn|5
|
|t:|1743788072
|move|p1a: Dragapult|Dragon Darts|p2a: Comfey
|-immune|p2a: Comfey
|move|p2a: Comfey|Calm Mind|p2a: Comfey
|-boost|p2a: Comfey|spa|1
|-boost|p2a: Comfey|spd|1
|
|upkeep
|turn|6
|
|t:|1743788080
|move|p2a: Comfey|Draining Kiss|p1a: Dragapult
|-supereffective|p1a: Dragapult
|-damage|p1a: Dragapult|19/100
|-enditem|p1a: Dragapult|Eject Button
|
|t:|1743788086
|switch|p1a: Dragonite|Dragonite, M|100/100
|
|upkeep
|turn|7
|
|t:|1743788090
|move|p2a: Comfey|Draining Kiss|p1a: Dragonite
|-supereffective|p1a: Dragonite
|-damage|p1a: Dragonite|18/100
|move|p1a: Dragonite|Extreme Speed|p2a: Comfey
|-damage|p2a: Comfey|63/100
|
|-heal|p1a: Dragonite|24/100|[from] item: Leftovers
|upkeep
|turn|8
|
|t:|1743788098
|move|p2a: Comfey|Draining Kiss|p1a: Dragonite
|-supereffective|p1a: Dragonite
|-damage|p1a: Dragonite|0 fnt
|-heal|p2a: Comfey|82/100|[from] drain|[of] p1a: Dragonite
|faint|p1a: Dragonite
|
|upkeep
|
|t:|1743788104
|switch|p1a: Dragapult|Dragapult, F|19/100
|turn|9
|
|t:|1743788107
|move|p2a: Comfey|Draining Kiss|p1a: Dragapult
|-supereffective|p1a: Dragapult
|-damage|p1a: Dragapult|0 fnt
|-heal|p2a: Comfey|97/100|[from] drain|[of] p1a: Dragapult
|faint|p1a: Dragapult
|
|upkeep
|
|t:|1743788112
|switch|p1a: Charizard|Charizard, M|100/100
|turn|10
|
|t:|1743788126
|-terastallize|p2a: Comfey|Fire
|move|p2a: Comfey|Draining Kiss|p1a: Charizard
|-resisted|p1a: Charizard
|-damage|p1a: Charizard|65/100
|-heal|p2a: Comfey|100/100|[from] drain|[of] p1a: Charizard
|move|p1a: Charizard|Belly Drum|p1a: Charizard
|-damage|p1a: Charizard|15/100
|-setboost|p1a: Charizard|atk|6|[from] move: Belly Drum
|-enditem|p1a: Charizard|Sitrus Berry|[eat]
|-heal|p1a: Charizard|40/100|[from] item: Sitrus Berry
|
|upkeep
|turn|11
|
|t:|1743788140
|move|p2a: Comfey|Draining Kiss|p1a: Charizard
|-resisted|p1a: Charizard
|-damage|p1a: Charizard|0 fnt
|faint|p1a: Charizard
|
|upkeep
|
|t:|1743788145
|switch|p1a: Great Tusk|Great Tusk|100/100
|-enditem|p1a: Great Tusk|Booster Energy
|-activate|p1a: Great Tusk|ability: Protosynthesis|[fromitem]
|-start|p1a: Great Tusk|protosynthesisatk
|turn|12
|
|t:|1743788153
|move|p2a: Comfey|Draining Kiss|p1a: Great Tusk
|-supereffective|p1a: Great Tusk
|-damage|p1a: Great Tusk|0 fnt
|faint|p1a: Great Tusk
|-end|p1a: Great Tusk|Protosynthesis|[silent]
|
|win|romandh
|raw|freakyuser111's rating: 1130 &rarr; <strong>1105</strong><br />(-25 for losing)
|raw|romandh's rating: 1131 &rarr; <strong>1156</strong><br />(+25 for winning)
|l|☆freakyuser111
|player|p1|
