|j|☆bade bunningham
|j|☆chip witley
|t:|1743871214
|gametype|singles
|player|p1|bade bunningham|266|1684
|player|p2|chip witley|lance|1717
|teamsize|p1|6
|teamsize|p2|6
|gen|9
|tier|[Gen 9] OU
|rated|
|rule|HP Percentage Mod: HP is shown in percentages
|rule|Endless Battle Clause: Forcing endless battles is banned
|rule|Species Clause: Limit one of each Pokémon
|rule|OHKO Clause: OHKO moves are banned
|rule|Evasion Items Clause: Evasion items are banned
|rule|Evasion Moves Clause: Evasion moves are banned
|rule|Sleep Moves Clause: Sleep-inducing moves are banned
|clearpoke
|poke|p1|Zamazenta-*|
|poke|p1|Pecharunt|
|poke|p1|Moltres|
|poke|p1|Ting-Lu|
|poke|p1|Ogerpon-Wellspring, F|
|poke|p1|Iron Treads|
|poke|p2|Veluza, F|
|poke|p2|Grimmsnarl, M|
|poke|p2|Kommo-o, F|
|poke|p2|Toxtricity, F|
|poke|p2|Maushold|
|poke|p2|Scizor, M|
|teampreview
|
|t:|1743871246
|start
|switch|p1a: Ogerpon|Ogerpon-Wellspring, F|100/100
|switch|p2a: Grimmsnarl|Grimmsnarl, M|100/100
|turn|1
|j| linkin_at
|
|t:|1743871265
|move|p2a: Grimmsnarl|Reflect|p2a: Grimmsnarl
|-sidestart|p2: chip witley|Reflect
|move|p1a: Ogerpon|Knock Off|p2a: Grimmsnarl
|-resisted|p2a: Grimmsnarl
|-damage|p2a: Grimmsnarl|95/100
|-enditem|p2a: Grimmsnarl|Light Clay|[from] move: Knock Off|[of] p1a: Ogerpon
|
|upkeep
|turn|2
|
|t:|1743871271
|move|p2a: Grimmsnarl|Parting Shot|p1a: Ogerpon
|-unboost|p1a: Ogerpon|atk|1
|-unboost|p1a: Ogerpon|spa|1
|
|t:|1743871284
|switch|p2a: Scizor|Scizor, M|100/100|[from] Parting Shot
|move|p1a: Ogerpon|U-turn|p2a: Scizor
|-resisted|p2a: Scizor
|-damage|p2a: Scizor|95/100
|
|t:|1743871288
|switch|p1a: Moltres|Moltres|100/100|[from] U-turn
|-ability|p1a: Moltres|Pressure
|
|upkeep
|turn|3
|
|t:|1743871308
|switch|p2a: Toxtricity|Toxtricity, F|100/100
|move|p1a: Moltres|Flamethrower|p2a: Toxtricity
|-damage|p2a: Toxtricity|40/100
|
|upkeep
|turn|4
|
|t:|1743871344
|switch|p2a: Veluza|Veluza, F|100/100
|switch|p1a: Iron Treads|Iron Treads|100/100
|
|upkeep
|turn|5
|
|t:|1743871374
|-end|p1a: Iron Treads|Quark Drive|[silent]
|switch|p1a: Ogerpon|Ogerpon-Wellspring, F|100/100
|move|p2a: Veluza|Fillet Away|p2a: Veluza
|-boost|p2a: Veluza|atk|2
|-boost|p2a: Veluza|spa|2
|-boost|p2a: Veluza|spe|2
|-damage|p2a: Veluza|50/100
|
|upkeep
|turn|6
|
|t:|1743871381
|move|p2a: Veluza|Psycho Cut|p1a: Ogerpon
|-damage|p1a: Ogerpon|0 fnt
|faint|p1a: Ogerpon
|
|upkeep
|
|t:|1743871390
|switch|p1a: Zamazenta|Zamazenta|100/100
|-ability|p1a: Zamazenta|Dauntless Shield|boost
|-boost|p1a: Zamazenta|def|1
|turn|7
|
|t:|1743871394
|move|p2a: Veluza|Aqua Cutter|p1a: Zamazenta
|-crit|p1a: Zamazenta
|-damage|p1a: Zamazenta|3/100
|move|p1a: Zamazenta|Iron Defense|p1a: Zamazenta
|-boost|p1a: Zamazenta|def|2
|
|-heal|p1a: Zamazenta|9/100|[from] item: Leftovers
|upkeep
|turn|8
|
|t:|1743871399
|move|p2a: Veluza|Aqua Cutter|p1a: Zamazenta
|-damage|p1a: Zamazenta|0 fnt
|faint|p1a: Zamazenta
|
|-sideend|p2: chip witley|Reflect
|upkeep
|
|t:|1743871414
|switch|p1a: Pecharunt|Pecharunt|100/100
|turn|9
|
|t:|1743871425
|move|p2a: Veluza|Psycho Cut|p1a: Pecharunt
|-supereffective|p1a: Pecharunt
|-damage|p1a: Pecharunt|0 fnt
|faint|p1a: Pecharunt
|
|upkeep
|-message|bade bunningham forfeited.
|
|win|chip witley
|raw|bade bunningham's rating: 1684 &rarr; <strong>1666</strong><br />(-18 for losing)
|raw|chip witley's rating: 1717 &rarr; <strong>1735</strong><br />(+18 for winning)
|l|☆bade bunningham
|player|p1|
|l| linkin_at
