|j|☆sauceybake
|j|☆GoldenHer0
|t:|1743820202
|gametype|singles
|player|p1|sauceybake|riley|1127
|player|p2|GoldenHer0|fantina|1109
|teamsize|p1|6
|teamsize|p2|6
|gen|9
|tier|[Gen 9] OU
|rated|
|rule|HP Percentage Mod: HP is shown in percentages
|rule|Endless Battle Clause: Forcing endless battles is banned
|rule|Species Clause: Limit one of each Pokémon
|rule|OHKO Clause: OHKO moves are banned
|rule|Evasion Items Clause: Evasion items are banned
|rule|Evasion Moves Clause: Evasion moves are banned
|rule|Sleep Moves Clause: Sleep-inducing moves are banned
|clearpoke
|poke|p1|Marill, M|
|poke|p1|Mudkip, M|
|poke|p1|Sneasel, M|
|poke|p1|Chandelure, M|
|poke|p1|Gardevoir, F|
|poke|p1|Araquanid, M|
|poke|p2|Dondozo, M|
|poke|p2|Glimmora, F|
|poke|p2|Alomomola, F|
|poke|p2|Landorus-Therian, M|
|poke|p2|Raging Bolt|
|poke|p2|Gholdengo|
|teampreview
|inactive|Battle timer is ON: inactive players will automatically lose when time's up. (requested by GoldenHer0)
|
|t:|1743820232
|start
|switch|p1a: Araquanid|Araquanid, M|100/100
|switch|p2a: Glimmora|Glimmora, F|100/100
|turn|1
|c|☆GoldenHer0|hello again
|
|t:|1743820239
|move|p2a: Glimmora|Power Gem|p1a: Araquanid
|-supereffective|p1a: Araquanid
|-damage|p1a: Araquanid|44/100
|move|p1a: Araquanid|Surf|p2a: Glimmora
|-supereffective|p2a: Glimmora
|-enditem|p2a: Glimmora|Focus Sash
|-damage|p2a: Glimmora|1/100
|
|upkeep
|turn|2
|
|t:|1743820258
|switch|p1a: Gardevoir|Gardevoir, F, shiny|100/100
|-ability|p1a: Gardevoir|Toxic Debris|[from] ability: Trace|[of] p2a: Glimmora
|move|p2a: Glimmora|Power Gem|p1a: Gardevoir
|-crit|p1a: Gardevoir
|-damage|p1a: Gardevoir|50/100
|
|upkeep
|turn|3
|
|t:|1743820273
|move|p1a: Gardevoir|Vacuum Wave|p2a: Glimmora
|-damage|p2a: Glimmora|0 fnt
|faint|p2a: Glimmora
|
|upkeep
|
|t:|1743820282
|switch|p2a: Gholdengo|Gholdengo|100/100
|-item|p2a: Gholdengo|Air Balloon
|turn|4
|
|t:|1743820289
|move|p2a: Gholdengo|Shadow Ball|p1a: Gardevoir
|-supereffective|p1a: Gardevoir
|-damage|p1a: Gardevoir|0 fnt
|faint|p1a: Gardevoir
|
|upkeep
|
|t:|1743820297
|switch|p1a: Chandelure|Chandelure, M|100/100
|turn|5
|
|t:|1743820304
|move|p1a: Chandelure|Flamethrower|p2a: Gholdengo
|-supereffective|p2a: Gholdengo
|-damage|p2a: Gholdengo|0 fnt
|-enditem|p2a: Gholdengo|Air Balloon
|faint|p2a: Gholdengo
|
|upkeep
|
|t:|1743820308
|switch|p2a: Landorus|Landorus-Therian, M|100/100
|-ability|p2a: Landorus|Intimidate|boost
|-unboost|p1a: Chandelure|atk|1
|turn|6
|
|t:|1743820311
|move|p1a: Chandelure|Flamethrower|p2a: Landorus
|-damage|p2a: Landorus|52/100
|move|p2a: Landorus|Earthquake|p1a: Chandelure
|-supereffective|p1a: Chandelure
|-damage|p1a: Chandelure|0 fnt
|faint|p1a: Chandelure
|
|upkeep
|
|t:|1743820313
|switch|p1a: Araquanid|Araquanid, M|44/100
|turn|7
|
|t:|1743820321
|switch|p2a: Raging Bolt|Raging Bolt|100/100
|move|p1a: Araquanid|Surf|p2a: Raging Bolt
|-resisted|p2a: Raging Bolt
|-damage|p2a: Raging Bolt|77/100
|
|upkeep
|turn|8
|
|t:|1743820325
|move|p2a: Raging Bolt|Thunderclap||[still]
|-fail|p2a: Raging Bolt
|move|p1a: Araquanid|Sticky Web|p2a: Raging Bolt
|-sidestart|p2: GoldenHer0|move: Sticky Web
|
|upkeep
|turn|9
|
|t:|1743820332
|move|p2a: Raging Bolt|Thunderclap|p1a: Araquanid
|-supereffective|p1a: Araquanid
|-damage|p1a: Araquanid|0 fnt
|faint|p1a: Araquanid
|
|upkeep
|
|t:|1743820340
|switch|p1a: Sneasel|Sneasel, M|100/100
|turn|10
|
|t:|1743820346
|move|p1a: Sneasel|Fake Out|p2a: Raging Bolt
|-damage|p2a: Raging Bolt|67/100
|cant|p2a: Raging Bolt|flinch
|
|upkeep
|turn|11
|
|t:|1743820350
|move|p2a: Raging Bolt|Thunderclap||[still]
|-fail|p2a: Raging Bolt
|move|p1a: Sneasel|Swords Dance|p1a: Sneasel
|-boost|p1a: Sneasel|atk|2
|
|upkeep
|turn|12
|
|t:|1743820357
|move|p2a: Raging Bolt|Thunderclap||[still]
|-fail|p2a: Raging Bolt
|move|p1a: Sneasel|Swords Dance|p1a: Sneasel
|-boost|p1a: Sneasel|atk|2
|
|upkeep
|turn|13
|
|t:|1743820362
|move|p1a: Sneasel|Swords Dance|p1a: Sneasel
|-boost|p1a: Sneasel|atk|2
|move|p2a: Raging Bolt|Taunt|p1a: Sneasel
|-start|p1a: Sneasel|move: Taunt
|
|upkeep
|turn|14
|
|t:|1743820371
|-terastallize|p2a: Raging Bolt|Fairy
|move|p1a: Sneasel|Ice Shard|p2a: Raging Bolt
|-damage|p2a: Raging Bolt|0 fnt
|faint|p2a: Raging Bolt
|-end|p2a: Raging Bolt|Protosynthesis|[silent]
|
|upkeep
|
|t:|1743820379
|switch|p2a: Alomomola|Alomomola, F|100/100
|turn|15
|
|t:|1743820383
|move|p1a: Sneasel|Knock Off|p2a: Alomomola
|-damage|p2a: Alomomola|0 fnt
|-enditem|p2a: Alomomola|Heavy-Duty Boots|[from] move: Knock Off|[of] p1a: Sneasel
|faint|p2a: Alomomola
|
|upkeep
|
|t:|1743820385
|switch|p2a: Dondozo|Dondozo, M|100/100
|-activate|p2a: Dondozo|move: Sticky Web
|-unboost|p2a: Dondozo|spe|1
|turn|16
|
|t:|1743820391
|move|p1a: Sneasel|Knock Off|p2a: Dondozo
|-damage|p2a: Dondozo|72/100
|-enditem|p2a: Dondozo|Leftovers|[from] move: Knock Off|[of] p1a: Sneasel
|move|p2a: Dondozo|Body Press|p1a: Sneasel
|-supereffective|p1a: Sneasel
|-damage|p1a: Sneasel|7/100
|
|-end|p1a: Sneasel|move: Taunt
|upkeep
|turn|17
|
|t:|1743820405
|move|p1a: Sneasel|Knock Off|p2a: Dondozo
|-damage|p2a: Dondozo|54/100
|move|p2a: Dondozo|Body Press|p1a: Sneasel
|-supereffective|p1a: Sneasel
|-damage|p1a: Sneasel|0 fnt
|faint|p1a: Sneasel
|
|upkeep
|
|t:|1743820409
|switch|p1a: Mudkip|Mudkip, M|100/100
|turn|18
|
|t:|1743820413
|move|p1a: Mudkip|Protect|p1a: Mudkip
|-singleturn|p1a: Mudkip|Protect
|move|p2a: Dondozo|Rest|p2a: Dondozo
|-status|p2a: Dondozo|slp|[from] move: Rest
|-heal|p2a: Dondozo|100/100 slp|[silent]
|
|upkeep
|turn|19
|
|t:|1743820419
|cant|p2a: Dondozo|slp
|move|p2a: Dondozo|Sleep Talk|p2a: Dondozo
|move|p2a: Dondozo|Body Press|p1a: Mudkip|[from] move: Sleep Talk
|-damage|p1a: Mudkip|67/100
|move|p1a: Mudkip|Roar|p2a: Dondozo
|drag|p2a: Landorus|Landorus-Therian, M|52/100
|-ability|p2a: Landorus|Intimidate|boost
|-unboost|p1a: Mudkip|atk|1
|
|upkeep
|turn|20
|
|t:|1743820431
|move|p1a: Mudkip|Protect|p1a: Mudkip
|-singleturn|p1a: Mudkip|Protect
|move|p2a: Landorus|Earthquake|p1a: Mudkip
|-activate|p1a: Mudkip|move: Protect
|
|upkeep
|turn|21
|
|t:|1743820433
|move|p2a: Landorus|Earthquake|p1a: Mudkip
|-damage|p1a: Mudkip|0 fnt
|faint|p1a: Mudkip
|
|upkeep
|
|t:|1743820436
|switch|p1a: Marill|Marill, M|100/100
|turn|22
|
|t:|1743820445
|-terastallize|p1a: Marill|Water
|move|p1a: Marill|Aqua Jet|p2a: Landorus
|-supereffective|p2a: Landorus
|-damage|p2a: Landorus|0 fnt
|faint|p2a: Landorus
|
|upkeep
|
|t:|1743820451
|switch|p2a: Dondozo|Dondozo, M|100/100 slp
|-activate|p2a: Dondozo|move: Sticky Web
|-unboost|p2a: Dondozo|spe|1
|turn|23
|
|t:|1743820456
|move|p1a: Marill|Play Rough|p2a: Dondozo
|-damage|p2a: Dondozo|75/100 slp
|cant|p2a: Dondozo|slp
|move|p2a: Dondozo|Sleep Talk|p2a: Dondozo
|move|p2a: Dondozo|Heavy Slam|p1a: Marill|[from] move: Sleep Talk
|-resisted|p1a: Marill
|-damage|p1a: Marill|85/100
|
|upkeep
|turn|24
|
|t:|1743820466
|move|p1a: Marill|Play Rough|p2a: Dondozo
|-damage|p2a: Dondozo|51/100 slp
|-curestatus|p2a: Dondozo|slp|[msg]
|move|p2a: Dondozo|Body Press|p1a: Marill
|-damage|p1a: Marill|64/100
|
|upkeep
|turn|25
|
|t:|1743820471
|move|p1a: Marill|Play Rough|p2a: Dondozo
|-damage|p2a: Dondozo|29/100
|move|p2a: Dondozo|Rest|p2a: Dondozo
|-status|p2a: Dondozo|slp|[from] move: Rest
|-heal|p2a: Dondozo|100/100 slp|[silent]
|
|upkeep
|turn|26
|
|t:|1743820475
|move|p1a: Marill|Play Rough|p2a: Dondozo
|-damage|p2a: Dondozo|77/100 slp
|-unboost|p2a: Dondozo|atk|1
|cant|p2a: Dondozo|slp
|move|p2a: Dondozo|Sleep Talk|p2a: Dondozo
|move|p2a: Dondozo|Rest||[from] move: Sleep Talk|[still]
|-fail|p2a: Dondozo
|
|upkeep
|turn|27
|
|t:|1743820480
|move|p1a: Marill|Play Rough|p2a: Dondozo
|-damage|p2a: Dondozo|53/100 slp
|cant|p2a: Dondozo|slp
|move|p2a: Dondozo|Sleep Talk|p2a: Dondozo
|move|p2a: Dondozo|Heavy Slam|p1a: Marill|[from] move: Sleep Talk
|-resisted|p1a: Marill
|-damage|p1a: Marill|54/100
|
|upkeep
|turn|28
|inactive|sauceybake has 120 seconds left.
|
|t:|1743820530
|move|p1a: Marill|Play Rough|p2a: Dondozo
|-damage|p2a: Dondozo|30/100 slp
|-curestatus|p2a: Dondozo|slp|[msg]
|move|p2a: Dondozo|Body Press|p1a: Marill
|-damage|p1a: Marill|32/100
|
|upkeep
|turn|29
|inactive|GoldenHer0 has 120 seconds left.
|
|t:|1743820564
|move|p1a: Marill|Play Rough|p2a: Dondozo
|-damage|p2a: Dondozo|6/100
|-unboost|p2a: Dondozo|atk|1
|move|p2a: Dondozo|Rest|p2a: Dondozo
|-status|p2a: Dondozo|slp|[from] move: Rest
|-heal|p2a: Dondozo|100/100 slp|[silent]
|
|upkeep
|turn|30
|
|t:|1743820579
|move|p1a: Marill|Play Rough|p2a: Dondozo
|-damage|p2a: Dondozo|77/100 slp
|cant|p2a: Dondozo|slp
|move|p2a: Dondozo|Sleep Talk|p2a: Dondozo
|move|p2a: Dondozo|Rest||[from] move: Sleep Talk|[still]
|-fail|p2a: Dondozo
|
|upkeep
|turn|31
|
|t:|1743820597
|move|p1a: Marill|Play Rough|p2a: Dondozo
|-damage|p2a: Dondozo|54/100 slp
|cant|p2a: Dondozo|slp
|move|p2a: Dondozo|Sleep Talk|p2a: Dondozo
|move|p2a: Dondozo|Rest||[from] move: Sleep Talk|[still]
|-fail|p2a: Dondozo
|
|upkeep
|turn|32
|inactive|sauceybake has 120 seconds left.
|inactive|GoldenHer0 has 120 seconds left.
|
|t:|1743820614
|move|p1a: Marill|Play Rough|p2a: Dondozo|[miss]
|-miss|p1a: Marill|p2a: Dondozo
|-curestatus|p2a: Dondozo|slp|[msg]
|move|p2a: Dondozo|Sleep Talk||[still]
|-fail|p2a: Dondozo
|
|upkeep
|turn|33
|
|t:|1743820617
|move|p1a: Marill|Play Rough|p2a: Dondozo
|-damage|p2a: Dondozo|30/100
|move|p2a: Dondozo|Body Press|p1a: Marill
|-damage|p1a: Marill|10/100
|
|upkeep
|turn|34
|
|t:|1743820620
|move|p1a: Marill|Play Rough|p2a: Dondozo
|-damage|p2a: Dondozo|6/100
|move|p2a: Dondozo|Sleep Talk||[still]
|-fail|p2a: Dondozo
|
|upkeep
|turn|35
|
|t:|1743820637
|move|p1a: Marill|Play Rough|p2a: Dondozo
|-damage|p2a: Dondozo|0 fnt
|faint|p2a: Dondozo
|
|win|sauceybake
|raw|sauceybake's rating: 1127 &rarr; <strong>1151</strong><br />(+24 for winning)
|raw|GoldenHer0's rating: 1109 &rarr; <strong>1085</strong><br />(-24 for losing)
|l|☆GoldenHer0
|player|p2|
|l|☆sauceybake
|player|p1|
