|j|☆BenjiKong14
|j|☆Nxjxjxnxn
|t:|1743936248
|gametype|singles
|player|p1|BenjiKong14|dancer|1074
|player|p2|Nxjxjxnxn|102|1105
|teamsize|p1|6
|teamsize|p2|6
|gen|9
|tier|[Gen 9] OU
|rated|
|rule|HP Percentage Mod: HP is shown in percentages
|rule|Endless Battle Clause: Forcing endless battles is banned
|rule|Species Clause: Limit one of each Pokémon
|rule|OHKO Clause: OHKO moves are banned
|rule|Evasion Items Clause: Evasion items are banned
|rule|Evasion Moves Clause: Evasion moves are banned
|rule|Sleep Moves Clause: Sleep-inducing moves are banned
|clearpoke
|poke|p1|Avalugg-Hisui, F|
|poke|p1|Tatsugiri-Droopy, M|
|poke|p1|Weezing-Galar, F|
|poke|p1|Metagross|
|poke|p1|Arboliva, F|
|poke|p1|Infernape, F|
|poke|p2|Conkeldurr, F|
|poke|p2|Blissey, F|
|poke|p2|Skarmory, M|
|poke|p2|Mandibuzz, F|
|poke|p2|Latios, M|
|poke|p2|Zarude-Dada|
|teampreview
|inactive|Battle timer is ON: inactive players will automatically lose when time's up. (requested by Nxjxjxnxn)
|
|t:|1743936266
|start
|switch|p1a: The Thing|Avalugg-Hisui, F, shiny|100/100
|switch|p2a: Skarmory|Skarmory, M|100/100
|turn|1
|
|t:|1743936295
|move|p2a: Skarmory|Iron Defense|p2a: Skarmory
|-boost|p2a: Skarmory|def|2
|move|p1a: The Thing|Stealth Rock|p2a: Skarmory
|-sidestart|p2: Nxjxjxnxn|move: Stealth Rock
|
|upkeep
|turn|2
|
|t:|1743936302
|switch|p1a: Steaming|Weezing-Galar, F|100/100
|move|p2a: Skarmory|Spikes|p1a: Steaming
|-sidestart|p1: BenjiKong14|Spikes
|
|upkeep
|turn|3
|
|t:|1743936310
|move|p2a: Skarmory|Iron Defense|p2a: Skarmory
|-boost|p2a: Skarmory|def|2
|move|p1a: Steaming|Will-O-Wisp|p2a: Skarmory|[miss]
|-miss|p1a: Steaming|p2a: Skarmory
|
|upkeep
|turn|4
|
|t:|1743936316
|switch|p2a: Conkeldurr|Conkeldurr, F|100/100
|-damage|p2a: Conkeldurr|94/100|[from] Stealth Rock
|move|p1a: Steaming|Will-O-Wisp|p2a: Conkeldurr
|-status|p2a: Conkeldurr|brn
|
|-heal|p2a: Conkeldurr|100/100 brn|[from] item: Leftovers
|-damage|p2a: Conkeldurr|94/100 brn|[from] brn
|upkeep
|turn|5
|
|t:|1743936331
|move|p1a: Steaming|Strange Steam|p2a: Conkeldurr
|-supereffective|p2a: Conkeldurr
|-damage|p2a: Conkeldurr|50/100 brn
|-start|p2a: Conkeldurr|confusion
|-activate|p2a: Conkeldurr|confusion
|move|p2a: Conkeldurr|Knock Off|p1a: Steaming
|-resisted|p1a: Steaming
|-damage|p1a: Steaming|79/100
|-enditem|p1a: Steaming|Aguav Berry|[from] move: Knock Off|[of] p2a: Conkeldurr
|
|-heal|p2a: Conkeldurr|57/100 brn|[from] item: Leftovers
|-damage|p2a: Conkeldurr|50/100 brn|[from] brn
|upkeep
|turn|6
|
|t:|1743936344
|switch|p2a: Blissey|Blissey, F|100/100
|-damage|p2a: Blissey|88/100|[from] Stealth Rock
|move|p1a: Steaming|Strange Steam|p2a: Blissey
|-damage|p2a: Blissey|80/100
|
|-heal|p2a: Blissey|86/100|[from] item: Leftovers
|upkeep
|turn|7
|
|t:|1743936362
|switch|p1a: Infernape|Infernape, F|100/100
|-damage|p1a: Infernape|88/100|[from] Spikes
|switch|p2a: Skarmory|Skarmory, M|100/100
|-damage|p2a: Skarmory|88/100|[from] Stealth Rock
|
|upkeep
|turn|8
|
|t:|1743936371
|-terastallize|p2a: Skarmory|Dragon
|move|p1a: Infernape|Flare Blitz|p2a: Skarmory
|-resisted|p2a: Skarmory
|-damage|p2a: Skarmory|73/100
|-damage|p1a: Infernape|72/100|[from] item: Rocky Helmet|[of] p2a: Skarmory
|-damage|p1a: Infernape|66/100|[from] Recoil
|move|p2a: Skarmory|Spikes|p1a: Infernape
|-sidestart|p1: BenjiKong14|Spikes
|
|upkeep
|turn|9
|
|t:|1743936385
|switch|p1a: Metagross|Metagross|100/100
|-damage|p1a: Metagross|84/100|[from] Spikes
|move|p2a: Skarmory|Spikes|p1a: Metagross
|-sidestart|p1: BenjiKong14|Spikes
|
|upkeep
|turn|10
|
|t:|1743936393
|switch|p2a: Zarude|Zarude-Dada|100/100
|-damage|p2a: Zarude|88/100|[from] Stealth Rock
|move|p1a: Metagross|Knock Off|p2a: Zarude
|-resisted|p2a: Zarude
|-damage|p2a: Zarude|69/100
|-enditem|p2a: Zarude|Leftovers|[from] move: Knock Off|[of] p1a: Metagross
|
|upkeep
|turn|11
|
|t:|1743936410
|switch|p1a: Steaming|Weezing-Galar, F|79/100
|move|p2a: Zarude|Bulk Up|p2a: Zarude
|-boost|p2a: Zarude|atk|1
|-boost|p2a: Zarude|def|1
|
|upkeep
|turn|12
|
|t:|1743936417
|move|p2a: Zarude|Bulk Up|p2a: Zarude
|-boost|p2a: Zarude|atk|1
|-boost|p2a: Zarude|def|1
|move|p1a: Steaming|Defog|p2a: Zarude
|-unboost|p2a: Zarude|evasion|1
|-sideend|p2: Nxjxjxnxn|Stealth Rock|[from] move: Defog|[of] p1a: Steaming
|-sideend|p1: BenjiKong14|Spikes|[from] move: Defog|[of] p1a: Steaming
|
|upkeep
|turn|13
|
|t:|1743936426
|move|p2a: Zarude|Power Whip|p1a: Steaming
|-resisted|p1a: Steaming
|-damage|p1a: Steaming|36/100
|move|p1a: Steaming|Will-O-Wisp|p2a: Zarude
|-status|p2a: Zarude|brn
|
|-damage|p2a: Zarude|63/100 brn|[from] brn
|upkeep
|turn|14
|
|t:|1743936436
|move|p2a: Zarude|Jungle Healing|p2a: Zarude
|-heal|p2a: Zarude|88/100 brn
|-curestatus|p2a: Zarude|brn|[msg]
|move|p1a: Steaming|Strange Steam|p2a: Zarude
|-supereffective|p2a: Zarude
|-damage|p2a: Zarude|40/100
|
|upkeep
|turn|15
|
|t:|1743936450
|move|p2a: Zarude|Power Whip|p1a: Steaming
|-resisted|p1a: Steaming
|-damage|p1a: Steaming|0 fnt
|faint|p1a: Steaming
|
|upkeep
|
|t:|1743936458
|switch|p1a: The Thing|Avalugg-Hisui, F, shiny|100/100
|turn|16
|
|t:|1743936464
|switch|p2a: Skarmory|Skarmory, M, tera:Dragon|73/100
|move|p1a: The Thing|Body Press|p2a: Skarmory
|-damage|p2a: Skarmory|52/100
|-damage|p1a: The Thing|84/100|[from] item: Rocky Helmet|[of] p2a: Skarmory
|
|upkeep
|turn|17
|
|t:|1743936474
|move|p2a: Skarmory|Body Press|p1a: The Thing
|-supereffective|p1a: The Thing
|-damage|p1a: The Thing|29/100
|move|p1a: The Thing|Mountain Gale|p2a: Skarmory
|-supereffective|p2a: Skarmory
|-damage|p2a: Skarmory|0 fnt
|faint|p2a: Skarmory
|
|upkeep
|
|t:|1743936478
|switch|p2a: Conkeldurr|Conkeldurr, F|50/100 brn
|turn|18
|
|t:|1743936491
|move|p2a: Conkeldurr|Drain Punch|p1a: The Thing
|-supereffective|p1a: The Thing
|-damage|p1a: The Thing|0 fnt
|-heal|p2a: Conkeldurr|64/100 brn|[from] drain|[of] p1a: The Thing
|faint|p1a: The Thing
|
|-heal|p2a: Conkeldurr|70/100 brn|[from] item: Leftovers
|-damage|p2a: Conkeldurr|64/100 brn|[from] brn
|upkeep
|
|t:|1743936504
|switch|p1a: Metagross|Metagross|84/100
|turn|19
|
|t:|1743936511
|move|p1a: Metagross|Psychic Fangs|p2a: Conkeldurr
|-supereffective|p2a: Conkeldurr
|-damage|p2a: Conkeldurr|0 fnt
|faint|p2a: Conkeldurr
|
|upkeep
|
|t:|1743936514
|switch|p2a: Zarude|Zarude-Dada|40/100
|turn|20
|
|t:|1743936527
|-terastallize|p1a: Metagross|Fighting
|move|p2a: Zarude|Knock Off|p1a: Metagross
|-resisted|p1a: Metagross
|-damage|p1a: Metagross|69/100
|-enditem|p1a: Metagross|Assault Vest|[from] move: Knock Off|[of] p2a: Zarude
|move|p1a: Metagross|Hammer Arm|p2a: Zarude
|-supereffective|p2a: Zarude
|-damage|p2a: Zarude|0 fnt
|-unboost|p1a: Metagross|spe|1
|faint|p2a: Zarude
|
|upkeep
|
|t:|1743936537
|switch|p2a: Latios|Latios, M|100/100
|turn|21
|
|t:|1743936561
|move|p2a: Latios|Psyshock|p1a: Metagross
|-supereffective|p1a: Metagross
|-damage|p1a: Metagross|3/100
|move|p1a: Metagross|Knock Off|p2a: Latios
|-supereffective|p2a: Latios
|-damage|p2a: Latios|0 fnt
|-enditem|p2a: Latios|Choice Scarf|[from] move: Knock Off|[of] p1a: Metagross
|faint|p2a: Latios
|
|upkeep
|
|t:|1743936567
|switch|p2a: Mandibuzz|Mandibuzz, F|100/100
|turn|22
|
|t:|1743936575
|move|p2a: Mandibuzz|Knock Off|p1a: Metagross
|-resisted|p1a: Metagross
|-damage|p1a: Metagross|0 fnt
|faint|p1a: Metagross
|
|upkeep
|
|t:|1743936586
|switch|p1a: Arboliva|Arboliva, F|100/100
|turn|23
|inactive|Nxjxjxnxn has 120 seconds left.
|l|☆Nxjxjxnxn
|inactive|Nxjxjxnxn disconnected and has a minute to reconnect!
|player|p2|
|inactive|Nxjxjxnxn has 30 seconds to reconnect!
|inactive|Nxjxjxnxn has 20 seconds to reconnect!
|inactive|Nxjxjxnxn has 15 seconds to reconnect!
|inactive|Nxjxjxnxn has 10 seconds to reconnect!
|inactive|Nxjxjxnxn has 5 seconds to reconnect!
|-message|Nxjxjxnxn lost due to inactivity.
|
|win|BenjiKong14
|raw|BenjiKong14's rating: 1074 &rarr; <strong>1105</strong><br />(+31 for winning)
|raw|Nxjxjxnxn's rating: 1105 &rarr; <strong>1078</strong><br />(-27 for losing)
|l|☆BenjiKong14
|player|p1|
