|j|☆Caiote
|j|☆Gabitchka
|t:|1743879286
|gametype|singles
|player|p1|Caiote|170|1154
|player|p2|Gabitchka|clown|1132
|teamsize|p1|6
|teamsize|p2|6
|gen|9
|tier|[Gen 9] OU
|rated|
|rule|HP Percentage Mod: HP is shown in percentages
|rule|Endless Battle Clause: Forcing endless battles is banned
|rule|Species Clause: Limit one of each Pokémon
|rule|OHKO Clause: OHKO moves are banned
|rule|Evasion Items Clause: Evasion items are banned
|rule|Evasion Moves Clause: Evasion moves are banned
|rule|Sleep Moves Clause: Sleep-inducing moves are banned
|clearpoke
|poke|p1|Garchomp, M|
|poke|p1|Haxorus, M|
|poke|p1|Dragalge, M|
|poke|p1|Espeon, F|
|poke|p1|Cloyster, M|
|poke|p1|Inteleon, M|
|poke|p2|Greninja-*, M|
|poke|p2|Decidueye, F|
|poke|p2|Snorlax, M|
|poke|p2|Jolteon, F|
|poke|p2|Weezing-Galar, F|
|poke|p2|Armarouge, M|
|teampreview
|inactive|Battle timer is ON: inactive players will automatically lose when time's up. (requested by Caiote)
|inactive|Caiote has 120 seconds left.
|
|t:|1743879318
|start
|switch|p1a: Dragalge|Dragalge, M|100/100
|switch|p2a: Greninja|Greninja, M|100/100
|turn|1
|
|t:|1743879325
|move|p2a: Greninja|Ice Beam|p1a: Dragalge
|-start|p2a: Greninja|typechange|Ice|[from] ability: Protean
|-supereffective|p1a: Dragalge
|-crit|p1a: Dragalge
|-damage|p1a: Dragalge|14/100
|-damage|p2a: Greninja|91/100|[from] item: Life Orb
|move|p1a: Dragalge|Thunderbolt|p2a: Greninja
|-damage|p2a: Greninja|44/100
|
|upkeep
|turn|2
|
|t:|1743879340
|move|p2a: Greninja|U-turn|p1a: Dragalge
|-resisted|p1a: Dragalge
|-damage|p1a: Dragalge|2/100
|-damage|p2a: Greninja|34/100|[from] item: Life Orb
|
|t:|1743879347
|switch|p2a: Snorlax|Snorlax, M|100/100|[from] U-turn
|move|p1a: Dragalge|Dragon Pulse|p2a: Snorlax
|-damage|p2a: Snorlax|76/100
|
|upkeep
|turn|3
|
|t:|1743879356
|move|p1a: Dragalge|Sludge Bomb|p2a: Snorlax
|-damage|p2a: Snorlax|49/100
|-enditem|p2a: Snorlax|Sitrus Berry|[eat]
|-heal|p2a: Snorlax|74/100|[from] item: Sitrus Berry
|move|p2a: Snorlax|Curse|p2a: Snorlax
|-unboost|p2a: Snorlax|spe|1
|-boost|p2a: Snorlax|atk|1
|-boost|p2a: Snorlax|def|1
|
|upkeep
|turn|4
|
|t:|1743879368
|move|p1a: Dragalge|Sludge Bomb|p2a: Snorlax
|-damage|p2a: Snorlax|47/100
|move|p2a: Snorlax|Curse|p2a: Snorlax
|-unboost|p2a: Snorlax|spe|1
|-boost|p2a: Snorlax|atk|1
|-boost|p2a: Snorlax|def|1
|
|upkeep
|turn|5
|
|t:|1743879378
|move|p1a: Dragalge|Sludge Bomb|p2a: Snorlax
|-damage|p2a: Snorlax|19/100
|move|p2a: Snorlax|Recycle|p2a: Snorlax
|-item|p2a: Snorlax|Sitrus Berry|[from] move: Recycle
|-enditem|p2a: Snorlax|Sitrus Berry|[eat]
|-heal|p2a: Snorlax|44/100|[from] item: Sitrus Berry
|
|upkeep
|turn|6
|
|t:|1743879392
|move|p1a: Dragalge|Sludge Bomb|p2a: Snorlax
|-damage|p2a: Snorlax|17/100
|move|p2a: Snorlax|Earthquake|p1a: Dragalge
|-supereffective|p1a: Dragalge
|-damage|p1a: Dragalge|0 fnt
|faint|p1a: Dragalge
|
|upkeep
|
|t:|1743879402
|switch|p1a: Garchomp|Garchomp, M|100/100
|turn|7
|
|t:|1743879412
|move|p1a: Garchomp|Earthquake|p2a: Snorlax
|-damage|p2a: Snorlax|0 fnt
|faint|p2a: Snorlax
|
|upkeep
|
|t:|1743879420
|switch|p2a: Greninja|Greninja, M|34/100
|turn|8
|
|t:|1743879433
|switch|p2a: Jolteon|Jolteon, F|100/100
|switch|p1a: Inteleon|Inteleon, M|100/100
|
|upkeep
|turn|9
|
|t:|1743879447
|switch|p1a: Garchomp|Garchomp, M|100/100
|move|p2a: Jolteon|Volt Switch|p1a: Garchomp
|-immune|p1a: Garchomp
|
|upkeep
|turn|10
|
|t:|1743879455
|switch|p2a: Decidueye|Decidueye, F|100/100
|move|p1a: Garchomp|Earthquake|p2a: Decidueye
|-resisted|p2a: Decidueye
|-damage|p2a: Decidueye|59/100
|
|upkeep
|turn|11
|
|t:|1743879467
|move|p2a: Decidueye|Leaf Blade|p1a: Garchomp
|-damage|p1a: Garchomp|71/100
|move|p1a: Garchomp|Stealth Rock|p2a: Decidueye
|-sidestart|p2: Gabitchka|move: Stealth Rock
|
|-heal|p1a: Garchomp|77/100|[from] item: Leftovers
|upkeep
|turn|12
|
|t:|1743879476
|move|p2a: Decidueye|Leaf Blade|p1a: Garchomp
|-crit|p1a: Garchomp
|-damage|p1a: Garchomp|30/100
|move|p1a: Garchomp|Dragon Claw|p2a: Decidueye
|-damage|p2a: Decidueye|0 fnt
|faint|p2a: Decidueye
|
|-heal|p1a: Garchomp|36/100|[from] item: Leftovers
|upkeep
|
|t:|1743879485
|switch|p2a: Jolteon|Jolteon, F|100/100
|-damage|p2a: Jolteon|88/100|[from] Stealth Rock
|turn|13
|
|t:|1743879496
|move|p2a: Jolteon|Alluring Voice|p1a: Garchomp
|-supereffective|p1a: Garchomp
|-damage|p1a: Garchomp|0 fnt
|faint|p1a: Garchomp
|
|upkeep
|
|t:|1743879517
|switch|p1a: Haxorus|Haxorus, M|100/100
|-ability|p1a: Haxorus|Mold Breaker
|turn|14
|
|t:|1743879525
|switch|p2a: Weezing|Weezing-Galar, F|100/100
|-ability|p2a: Weezing|Neutralizing Gas
|-damage|p2a: Weezing|88/100|[from] Stealth Rock
|move|p1a: Haxorus|Dragon Dance|p1a: Haxorus
|-boost|p1a: Haxorus|atk|1
|-boost|p1a: Haxorus|spe|1
|
|-heal|p2a: Weezing|94/100|[from] item: Black Sludge
|upkeep
|turn|15
|
|t:|1743879537
|-terastallize|p1a: Haxorus|Fairy
|move|p1a: Haxorus|Dragon Dance|p1a: Haxorus
|-boost|p1a: Haxorus|atk|1
|-boost|p1a: Haxorus|spe|1
|move|p2a: Weezing|Will-O-Wisp|p1a: Haxorus
|-status|p1a: Haxorus|brn
|
|-heal|p2a: Weezing|99/100|[from] item: Black Sludge
|-damage|p1a: Haxorus|94/100 brn|[from] brn
|upkeep
|turn|16
|
|t:|1743879559
|move|p1a: Haxorus|Dragon Dance|p1a: Haxorus
|-boost|p1a: Haxorus|atk|1
|-boost|p1a: Haxorus|spe|1
|move|p2a: Weezing|Strange Steam|p1a: Haxorus
|-damage|p1a: Haxorus|49/100 brn
|
|-heal|p1a: Haxorus|56/100 brn|[from] item: Leftovers
|-heal|p2a: Weezing|100/100|[from] item: Black Sludge
|-damage|p1a: Haxorus|49/100 brn|[from] brn
|upkeep
|turn|17
|
|t:|1743879570
|move|p1a: Haxorus|Poison Jab|p2a: Weezing
|-damage|p2a: Weezing|73/100
|move|p2a: Weezing|Strange Steam|p1a: Haxorus
|-damage|p1a: Haxorus|6/100 brn
|-start|p1a: Haxorus|confusion
|
|-heal|p1a: Haxorus|12/100 brn|[from] item: Leftovers
|-heal|p2a: Weezing|79/100|[from] item: Black Sludge
|-damage|p1a: Haxorus|6/100 brn|[from] brn
|upkeep
|turn|18
|
|t:|1743879582
|switch|p1a: Espeon|Espeon, F|100/100
|move|p2a: Weezing|Toxic Spikes|p1a: Espeon
|-sidestart|p1: Caiote|move: Toxic Spikes
|
|-heal|p2a: Weezing|85/100|[from] item: Black Sludge
|upkeep
|turn|19
|
|t:|1743879605
|move|p1a: Espeon|Dazzling Gleam|p2a: Weezing
|-resisted|p2a: Weezing
|-damage|p2a: Weezing|64/100
|move|p2a: Weezing|Strange Steam|p1a: Espeon
|-damage|p1a: Espeon|67/100
|
|-heal|p1a: Espeon|73/100|[from] item: Leftovers
|-heal|p2a: Weezing|70/100|[from] item: Black Sludge
|upkeep
|turn|20
|
|t:|1743879615
|move|p1a: Espeon|Future Sight|p2a: Weezing
|-start|p1a: Espeon|move: Future Sight
|move|p2a: Weezing|Strange Steam|p1a: Espeon
|-damage|p1a: Espeon|36/100
|
|-heal|p1a: Espeon|42/100|[from] item: Leftovers
|-heal|p2a: Weezing|76/100|[from] item: Black Sludge
|upkeep
|turn|21
|
|t:|1743879623
|move|p1a: Espeon|Morning Sun|p1a: Espeon
|-heal|p1a: Espeon|92/100
|move|p2a: Weezing|Strange Steam|p1a: Espeon
|-damage|p1a: Espeon|56/100
|
|-heal|p1a: Espeon|62/100|[from] item: Leftovers
|-heal|p2a: Weezing|82/100|[from] item: Black Sludge
|upkeep
|turn|22
|
|t:|1743879633
|move|p1a: Espeon|Dazzling Gleam|p2a: Weezing
|-resisted|p2a: Weezing
|-damage|p2a: Weezing|61/100
|move|p2a: Weezing|Strange Steam|p1a: Espeon
|-damage|p1a: Espeon|26/100
|
|-end|p2a: Weezing|move: Future Sight
|-supereffective|p2a: Weezing
|-damage|p2a: Weezing|0 fnt
|faint|p2a: Weezing
|-end|p2a: Weezing|ability: Neutralizing Gas
|-heal|p1a: Espeon|32/100|[from] item: Leftovers
|upkeep
|
|t:|1743879642
|switch|p2a: Jolteon|Jolteon, F|88/100
|-damage|p2a: Jolteon|76/100|[from] Stealth Rock
|turn|23
|
|t:|1743879650
|move|p2a: Jolteon|Thunderbolt|p1a: Espeon
|-damage|p1a: Espeon|0 fnt
|faint|p1a: Espeon
|
|upkeep
|
|t:|1743879658
|switch|p1a: Haxorus|Haxorus, M, tera:Fairy|6/100 brn
|-ability|p1a: Haxorus|Mold Breaker
|turn|24
|
|t:|1743879666
|move|p1a: Haxorus|First Impression|p2a: Jolteon
|-damage|p2a: Jolteon|41/100
|move|p2a: Jolteon|Thunderbolt|p1a: Haxorus
|-damage|p1a: Haxorus|0 fnt
|faint|p1a: Haxorus
|
|upkeep
|
|t:|1743879674
|switch|p1a: Cloyster|Cloyster, M|100/100
|-status|p1a: Cloyster|psn
|turn|25
|
|t:|1743879680
|move|p1a: Cloyster|Ice Shard|p2a: Jolteon
|-damage|p2a: Jolteon|5/100
|move|p2a: Jolteon|Thunderbolt|p1a: Cloyster
|-supereffective|p1a: Cloyster
|-damage|p1a: Cloyster|0 fnt
|faint|p1a: Cloyster
|
|upkeep
|
|t:|1743879687
|switch|p1a: Inteleon|Inteleon, M|100/100
|-status|p1a: Inteleon|psn
|turn|26
|
|t:|1743879698
|move|p1a: Inteleon|Vacuum Wave|p2a: Jolteon
|-damage|p2a: Jolteon|0 fnt
|faint|p2a: Jolteon
|
|-damage|p1a: Inteleon|88/100 psn|[from] psn
|upkeep
|
|t:|1743879705
|switch|p2a: Armarouge|Armarouge, M|100/100
|turn|27
|
|t:|1743879712
|move|p1a: Inteleon|Snipe Shot|p2a: Armarouge
|-supereffective|p2a: Armarouge
|-damage|p2a: Armarouge|0 fnt
|faint|p2a: Armarouge
|
|-damage|p1a: Inteleon|76/100 psn|[from] psn
|upkeep
|
|t:|1743879714
|switch|p2a: Greninja|Greninja, M|34/100
|-damage|p2a: Greninja|22/100|[from] Stealth Rock
|turn|28
|
|t:|1743879724
|-terastallize|p2a: Greninja|Water
|move|p1a: Inteleon|Vacuum Wave|p2a: Greninja
|-damage|p2a: Greninja|0 fnt
|faint|p2a: Greninja
|
|win|Caiote
|raw|Caiote's rating: 1154 &rarr; <strong>1177</strong><br />(+23 for winning)
|raw|Gabitchka's rating: 1132 &rarr; <strong>1109</strong><br />(-23 for losing)
|l|☆Gabitchka
|player|p2|
|l|☆Caiote
|player|p1|
