|j|☆Dr.Jean Pepper
|j|☆qerwat
|t:|1743939434
|gametype|singles
|player|p1|Dr.Jean Pepper|erika-lgpe|1378
|player|p2|qerwat|266|1415
|teamsize|p1|6
|teamsize|p2|6
|gen|9
|tier|[Gen 9] OU
|rated|
|rule|HP Percentage Mod: HP is shown in percentages
|rule|Endless Battle Clause: Forcing endless battles is banned
|rule|Species Clause: Limit one of each Pokémon
|rule|OHKO Clause: OHKO moves are banned
|rule|Evasion Items Clause: Evasion items are banned
|rule|Evasion Moves Clause: Evasion moves are banned
|rule|Sleep Moves Clause: Sleep-inducing moves are banned
|clearpoke
|poke|p1|Raging Bolt|
|poke|p1|Iron Moth|
|poke|p1|Great Tusk|
|poke|p1|Weavile, M|
|poke|p1|Forretress, M|
|poke|p1|Cinderace, M|
|poke|p2|Hoopa-Unbound|
|poke|p2|Gholdengo|
|poke|p2|Iron Treads|
|poke|p2|Raging Bolt|
|poke|p2|Cinderace, F|
|poke|p2|Araquanid, F|
|teampreview
|inactive|Battle timer is ON: inactive players will automatically lose when time's up. (requested by Dr.Jean Pepper)
|inactive|qerwat also wants the timer to be on.
|
|t:|1743939442
|start
|switch|p1a: Old but Good|Forretress, M, shiny|100/100
|switch|p2a: Araquanid|Araquanid, F|100/100
|turn|1
|
|t:|1743939448
|switch|p2a: Gholdengo|Gholdengo|100/100
|move|p1a: Old but Good|Rapid Spin|p2a: Gholdengo
|-immune|p2a: Gholdengo
|
|upkeep
|turn|2
|
|t:|1743939456
|move|p2a: Gholdengo|Trick|p1a: Old but Good
|-activate|p2a: Gholdengo|move: Trick|[of] p1a: Old but Good
|-item|p1a: Old but Good|Choice Scarf|[from] move: Trick
|-item|p2a: Gholdengo|Custap Berry|[from] move: Trick
|move|p1a: Old but Good|Stealth Rock|p2a: Gholdengo
|-sidestart|p2: qerwat|move: Stealth Rock
|
|upkeep
|turn|3
|
|t:|1743939462
|switch|p2a: Cinderace|Cinderace, F|100/100
|switch|p1a: Silly Lad|Weavile, M|100/100
|-ability|p1a: Silly Lad|Pressure
|
|upkeep
|turn|4
|
|t:|1743939474
|move|p1a: Silly Lad|Knock Off|p2a: Cinderace
|-damage|p2a: Cinderace|0 fnt
|-enditem|p2a: Cinderace|Heavy-Duty Boots|[from] move: Knock Off|[of] p1a: Silly Lad
|faint|p2a: Cinderace
|
|upkeep
|
|t:|1743939478
|switch|p2a: Araquanid|Araquanid, F|100/100
|-damage|p2a: Araquanid|76/100|[from] Stealth Rock
|turn|5
|
|t:|1743939482
|move|p1a: Silly Lad|Knock Off|p2a: Araquanid
|-damage|p2a: Araquanid|2/100
|-enditem|p2a: Araquanid|Custap Berry|[from] move: Knock Off|[of] p1a: Silly Lad
|move|p2a: Araquanid|Leech Life|p1a: Silly Lad
|-supereffective|p1a: Silly Lad
|-damage|p1a: Silly Lad|0 fnt
|-heal|p2a: Araquanid|44/100|[from] drain|[of] p1a: Silly Lad
|faint|p1a: Silly Lad
|
|upkeep
|
|t:|1743939494
|switch|p1a: Fire playboy|Cinderace, M|100/100
|turn|6
|
|t:|1743939500
|move|p1a: Fire playboy|Gunk Shot|p2a: Araquanid
|-start|p1a: Fire playboy|typechange|Poison|[from] ability: Libero
|-damage|p2a: Araquanid|0 fnt
|faint|p2a: Araquanid
|
|upkeep
|
|t:|1743939505
|switch|p2a: Iron Treads|Iron Treads|100/100
|turn|7
|
|t:|1743939512
|-terastallize|p2a: Iron Treads|Flying
|move|p1a: Fire playboy|High Jump Kick|p2a: Iron Treads
|-resisted|p2a: Iron Treads
|-damage|p2a: Iron Treads|81/100
|move|p2a: Iron Treads|Rapid Spin|p1a: Fire playboy
|-damage|p1a: Fire playboy|79/100
|-boost|p2a: Iron Treads|spe|1
|-sideend|p2: qerwat|Stealth Rock|[from] move: Rapid Spin|[of] p2a: Iron Treads
|
|upkeep
|turn|8
|
|t:|1743939521
|switch|p1a: Old but Good|Forretress, M, shiny|100/100
|move|p2a: Iron Treads|Earthquake|p1a: Old but Good
|-damage|p1a: Old but Good|75/100
|
|upkeep
|turn|9
|
|t:|1743939528
|move|p2a: Iron Treads|Stealth Rock|p1a: Old but Good
|-sidestart|p1: Dr.Jean Pepper|move: Stealth Rock
|move|p1a: Old but Good|Stealth Rock|p2a: Iron Treads
|-sidestart|p2: qerwat|move: Stealth Rock
|
|upkeep
|turn|10
|
|t:|1743939536
|switch|p1a: Ultra Tusk|Great Tusk|100/100
|-damage|p1a: Ultra Tusk|98/100|[from] Stealth Rock
|move|p2a: Iron Treads|Rapid Spin|p1a: Ultra Tusk
|-damage|p1a: Ultra Tusk|87/100
|-boost|p2a: Iron Treads|spe|1
|-damage|p2a: Iron Treads|64/100|[from] item: Rocky Helmet|[of] p1a: Ultra Tusk
|-sideend|p2: qerwat|Stealth Rock|[from] move: Rapid Spin|[of] p2a: Iron Treads
|
|upkeep
|turn|11
|
|t:|1743939546
|move|p2a: Iron Treads|Ice Spinner|p1a: Ultra Tusk
|-supereffective|p1a: Ultra Tusk
|-damage|p1a: Ultra Tusk|50/100
|-damage|p2a: Iron Treads|48/100|[from] item: Rocky Helmet|[of] p1a: Ultra Tusk
|move|p1a: Ultra Tusk|Rapid Spin|p2a: Iron Treads
|-damage|p2a: Iron Treads|30/100
|-boost|p1a: Ultra Tusk|spe|1
|-sideend|p1: Dr.Jean Pepper|Stealth Rock|[from] move: Rapid Spin|[of] p1a: Ultra Tusk
|
|upkeep
|turn|12
|
|t:|1743939557
|move|p2a: Iron Treads|Ice Spinner|p1a: Ultra Tusk
|-supereffective|p1a: Ultra Tusk
|-damage|p1a: Ultra Tusk|16/100
|-damage|p2a: Iron Treads|13/100|[from] item: Rocky Helmet|[of] p1a: Ultra Tusk
|move|p1a: Ultra Tusk|Close Combat|p2a: Iron Treads
|-resisted|p2a: Iron Treads
|-damage|p2a: Iron Treads|0 fnt
|-unboost|p1a: Ultra Tusk|def|1
|-unboost|p1a: Ultra Tusk|spd|1
|faint|p2a: Iron Treads
|-end|p2a: Iron Treads|Quark Drive|[silent]
|
|upkeep
|
|t:|1743939561
|switch|p2a: Raging Bolt|Raging Bolt|100/100
|turn|13
|
|t:|1743939568
|move|p1a: Ultra Tusk|Earthquake|p2a: Raging Bolt
|-supereffective|p2a: Raging Bolt
|-crit|p2a: Raging Bolt
|-damage|p2a: Raging Bolt|0 fnt
|faint|p2a: Raging Bolt
|-end|p2a: Raging Bolt|Protosynthesis|[silent]
|
|upkeep
|-message|qerwat forfeited.
|
|win|Dr.Jean Pepper
|raw|Dr.Jean Pepper's rating: 1378 &rarr; <strong>1400</strong><br />(+22 for winning)
|raw|qerwat's rating: 1415 &rarr; <strong>1393</strong><br />(-22 for losing)
|l|☆qerwat
|player|p2|
|l|☆Dr.Jean Pepper
|player|p1|
