|j|☆CapitolG
|j|☆satanice
|t:|1743869523
|gametype|singles
|player|p1|CapitolG|2|1247
|player|p2|satanice|skierf|1217
|teamsize|p1|6
|teamsize|p2|6
|gen|9
|tier|[Gen 9] OU
|rated|
|rule|HP Percentage Mod: HP is shown in percentages
|rule|Endless Battle Clause: Forcing endless battles is banned
|rule|Species Clause: Limit one of each Pokémon
|rule|OHKO Clause: OHKO moves are banned
|rule|Evasion Items Clause: Evasion items are banned
|rule|Evasion Moves Clause: Evasion moves are banned
|rule|Sleep Moves Clause: Sleep-inducing moves are banned
|clearpoke
|poke|p1|Chandelure, M|
|poke|p1|Gothitelle, F|
|poke|p1|Milotic, F|
|poke|p1|Kingambit, M|
|poke|p1|Cinderace, F|
|poke|p1|Leavanny, M|
|poke|p2|Frosmoth, F|
|poke|p2|Cloyster, F|
|poke|p2|Mamoswine, F|
|poke|p2|Ninetales-Alola, M|
|poke|p2|Sandslash-Alola, F|
|poke|p2|Froslass, F|
|teampreview
|inactive|Battle timer is ON: inactive players will automatically lose when time's up. (requested by CapitolG)
|
|t:|1743869580
|start
|switch|p1a: Chandelure|Chandelure, M|100/100
|switch|p2a: Cloyster|Cloyster, F|100/100
|turn|1
|inactive|satanice has 120 seconds left.
|inactive|satanice has 90 seconds left.
|inactive|satanice has 60 seconds left.
|
|t:|1743869689
|move|p2a: Cloyster|Shell Smash|p2a: Cloyster
|-unboost|p2a: Cloyster|def|1
|-unboost|p2a: Cloyster|spd|1
|-boost|p2a: Cloyster|atk|2
|-boost|p2a: Cloyster|spa|2
|-boost|p2a: Cloyster|spe|2
|move|p1a: Chandelure|Trick Room|p1a: Chandelure
|-fieldstart|move: Trick Room|[of] p1a: Chandelure
|
|upkeep
|turn|2
|
|t:|1743869694
|move|p1a: Chandelure|Clear Smog|p2a: Cloyster
|-damage|p2a: Cloyster|33/100
|-clearboost|p2a: Cloyster
|move|p2a: Cloyster|Rock Blast|p1a: Chandelure
|-supereffective|p1a: Chandelure
|-damage|p1a: Chandelure|82/100
|-supereffective|p1a: Chandelure
|-damage|p1a: Chandelure|66/100
|-supereffective|p1a: Chandelure
|-damage|p1a: Chandelure|50/100
|-supereffective|p1a: Chandelure
|-damage|p1a: Chandelure|34/100
|-supereffective|p1a: Chandelure
|-damage|p1a: Chandelure|16/100
|-hitcount|p1a: Chandelure|5
|
|upkeep
|turn|3
|inactive|satanice has 60 seconds left.
|
|t:|1743869702
|move|p1a: Chandelure|Flamethrower|p2a: Cloyster
|-damage|p2a: Cloyster|0 fnt
|faint|p2a: Cloyster
|
|upkeep
|inactive|satanice has 60 seconds left.
|
|t:|1743869711
|switch|p2a: Mamoswine|Mamoswine, F|100/100
|turn|4
|
|t:|1743869724
|move|p2a: Mamoswine|Ice Shard|p1a: Chandelure
|-resisted|p1a: Chandelure
|-damage|p1a: Chandelure|0 fnt
|faint|p1a: Chandelure
|
|upkeep
|
|t:|1743869729
|switch|p1a: Leavanny|Leavanny, M|100/100
|turn|5
|
|t:|1743869740
|move|p2a: Mamoswine|Ice Shard|p1a: Leavanny
|-supereffective|p1a: Leavanny
|-damage|p1a: Leavanny|34/100
|move|p1a: Leavanny|Sticky Web|p2a: Mamoswine
|-sidestart|p2: satanice|move: Sticky Web
|
|-fieldend|move: Trick Room
|upkeep
|turn|6
|
|t:|1743869757
|move|p2a: Mamoswine|Icicle Crash|p1a: Leavanny
|-supereffective|p1a: Leavanny
|-damage|p1a: Leavanny|0 fnt
|faint|p1a: Leavanny
|
|upkeep
|
|t:|1743869760
|switch|p1a: Cinderace|Cinderace, F|100/100
|turn|7
|inactive|satanice has 90 seconds left.
|
|t:|1743869766
|move|p1a: Cinderace|Court Change|p1a: Cinderace
|-start|p1a: Cinderace|typechange|Normal|[from] ability: Libero
|-swapsideconditions
|-activate|p1a: Cinderace|move: Court Change
|move|p2a: Mamoswine|Earthquake|p1a: Cinderace
|-damage|p1a: Cinderace|22/100
|
|upkeep
|turn|8
|
|t:|1743869772
|move|p2a: Mamoswine|Ice Shard|p1a: Cinderace
|-damage|p1a: Cinderace|0 fnt
|faint|p1a: Cinderace
|
|upkeep
|
|t:|1743869776
|switch|p1a: Milotic|Milotic, F|100/100
|-activate|p1a: Milotic|move: Sticky Web
|-unboost|p1a: Milotic|spe|1
|-ability|p1a: Milotic|Competitive|boost
|-boost|p1a: Milotic|spa|2
|turn|9
|c|☆satanice|bruh what are u cooking T_T
|
|t:|1743869786
|move|p2a: Mamoswine|Trailblaze|p1a: Milotic
|-supereffective|p1a: Milotic
|-damage|p1a: Milotic|59/100
|-boost|p2a: Mamoswine|spe|1
|move|p1a: Milotic|Scald|p2a: Mamoswine
|-supereffective|p2a: Mamoswine
|-damage|p2a: Mamoswine|0 fnt
|faint|p2a: Mamoswine
|
|upkeep
|
|t:|1743869794
|switch|p2a: Ninetales|Ninetales-Alola, M|100/100
|-weather|Snowscape|[from] ability: Snow Warning|[of] p2a: Ninetales
|turn|10
|
|t:|1743869799
|switch|p1a: Kingambit|Kingambit, M|100/100
|-activate|p1a: Kingambit|move: Sticky Web
|-unboost|p1a: Kingambit|spe|1
|-ability|p1a: Kingambit|Defiant|boost
|-boost|p1a: Kingambit|atk|2
|move|p2a: Ninetales|Freeze-Dry|p1a: Kingambit
|-resisted|p1a: Kingambit
|-damage|p1a: Kingambit|94/100
|
|-weather|Snowscape|[upkeep]
|upkeep
|turn|11
|inactive|satanice has 120 seconds left.
|
|t:|1743869810
|move|p2a: Ninetales|Aurora Veil|p2a: Ninetales
|-sidestart|p2: satanice|move: Aurora Veil
|move|p1a: Kingambit|Iron Head|p2a: Ninetales
|-supereffective|p2a: Ninetales
|-damage|p2a: Ninetales|0 fnt
|faint|p2a: Ninetales
|
|-weather|Snowscape|[upkeep]
|upkeep
|
|t:|1743869813
|switch|p2a: Froslass|Froslass, F|100/100
|turn|12
|
|t:|1743869823
|move|p2a: Froslass|Taunt|p1a: Kingambit
|-start|p1a: Kingambit|move: Taunt
|move|p1a: Kingambit|Iron Head|p2a: Froslass
|-supereffective|p2a: Froslass
|-enditem|p2a: Froslass|Focus Sash
|-damage|p2a: Froslass|1/100
|-start|p1a: Kingambit|Disable|Iron Head|[from] ability: Cursed Body|[of] p2a: Froslass
|
|-weather|Snowscape|[upkeep]
|upkeep
|turn|13
|
|t:|1743869829
|move|p2a: Froslass|Destiny Bond|p2a: Froslass
|-singlemove|p2a: Froslass|Destiny Bond
|move|p1a: Kingambit|Throat Chop|p2a: Froslass
|-supereffective|p2a: Froslass
|-damage|p2a: Froslass|0 fnt
|faint|p2a: Froslass
|-activate|p2a: Froslass|move: Destiny Bond
|faint|p1a: Kingambit
|
|-weather|Snowscape|[upkeep]
|upkeep
|
|t:|1743869834
|switch|p2a: Frosmoth|Frosmoth, F|100/100
|switch|p1a: Gothitelle|Gothitelle, F|100/100
|-activate|p1a: Gothitelle|move: Sticky Web
|-unboost|p1a: Gothitelle|spe|1
|-ability|p1a: Gothitelle|Competitive|boost
|-boost|p1a: Gothitelle|spa|2
|turn|14
|
|t:|1743869840
|-terastallize|p2a: Frosmoth|Water
|move|p2a: Frosmoth|Quiver Dance|p2a: Frosmoth
|-boost|p2a: Frosmoth|spa|1
|-boost|p2a: Frosmoth|spd|1
|-boost|p2a: Frosmoth|spe|1
|move|p1a: Gothitelle|Trick Room|p1a: Gothitelle
|-fieldstart|move: Trick Room|[of] p1a: Gothitelle
|
|-weather|none
|upkeep
|turn|15
|
|t:|1743869845
|move|p1a: Gothitelle|Psyshock|p2a: Frosmoth
|-damage|p2a: Frosmoth|75/100
|move|p2a: Frosmoth|Bug Buzz|p1a: Gothitelle
|-supereffective|p1a: Gothitelle
|-damage|p1a: Gothitelle|1/100
|
|-heal|p1a: Gothitelle|7/100|[from] item: Leftovers
|upkeep
|turn|16
|
|t:|1743869850
|move|p1a: Gothitelle|Grass Knot|p2a: Frosmoth
|-supereffective|p2a: Frosmoth
|-damage|p2a: Frosmoth|58/100
|move|p2a: Frosmoth|Bug Buzz|p1a: Gothitelle
|-supereffective|p1a: Gothitelle
|-damage|p1a: Gothitelle|0 fnt
|faint|p1a: Gothitelle
|
|upkeep
|
|t:|1743869852
|switch|p1a: Milotic|Milotic, F|59/100
|-activate|p1a: Milotic|move: Sticky Web
|-unboost|p1a: Milotic|spe|1
|-ability|p1a: Milotic|Competitive|boost
|-boost|p1a: Milotic|spa|2
|turn|17
|
|t:|1743869858
|move|p1a: Milotic|Alluring Voice|p2a: Frosmoth
|-damage|p2a: Frosmoth|47/100
|move|p2a: Frosmoth|Bug Buzz|p1a: Milotic
|-damage|p1a: Milotic|34/100
|
|upkeep
|turn|18
|
|t:|1743869863
|move|p1a: Milotic|Alluring Voice|p2a: Frosmoth
|-damage|p2a: Frosmoth|36/100
|move|p2a: Frosmoth|Quiver Dance|p2a: Frosmoth
|-boost|p2a: Frosmoth|spa|1
|-boost|p2a: Frosmoth|spd|1
|-boost|p2a: Frosmoth|spe|1
|
|-sideend|p2: satanice|move: Aurora Veil
|-fieldend|move: Trick Room
|upkeep
|turn|19
|
|t:|1743869871
|move|p2a: Frosmoth|Bug Buzz|p1a: Milotic
|-crit|p1a: Milotic
|-damage|p1a: Milotic|0 fnt
|faint|p1a: Milotic
|
|win|satanice
|raw|CapitolG's rating: 1242 &rarr; <strong>1215</strong><br />(-27 for losing)
|raw|satanice's rating: 1217 &rarr; <strong>1244</strong><br />(+27 for winning)
|l|☆CapitolG
|player|p1|
|c|☆satanice|gg
|l|☆satanice
|player|p2|
