|j|☆mio3777
|j|☆mala☆huju
|t:|1743924012
|gametype|singles
|player|p1|mio3777|102|1515
|player|p2|mala☆huju|steven|1545
|teamsize|p1|6
|teamsize|p2|6
|gen|9
|tier|[Gen 9] OU
|rated|
|rule|HP Percentage Mod: HP is shown in percentages
|rule|Endless Battle Clause: Forcing endless battles is banned
|rule|Species Clause: Limit one of each Pokémon
|rule|OHKO Clause: OHKO moves are banned
|rule|Evasion Items Clause: Evasion items are banned
|rule|Evasion Moves Clause: Evasion moves are banned
|rule|Sleep Moves Clause: Sleep-inducing moves are banned
|clearpoke
|poke|p1|Glimmora, M|
|poke|p1|Gholdengo|
|poke|p1|Dondozo, M|
|poke|p1|Blissey, F|
|poke|p1|Rotom-Heat|
|poke|p1|Hoopa-Unbound|
|poke|p2|Kyurem|
|poke|p2|Corviknight, M|
|poke|p2|Slowking-Galar, F|
|poke|p2|Samurott-Hisui, F|
|poke|p2|Great Tusk|
|poke|p2|Sinistcha|
|teampreview
|c|☆mala☆huju|hf
|inactive|Battle timer is ON: inactive players will automatically lose when time's up. (requested by mio3777)
|c|☆mio3777|gl
|inactive|mala☆huju has 120 seconds left.
|
|t:|1743924073
|start
|switch|p1a: Rotom|Rotom-Heat|100/100
|switch|p2a: Great Tusk|Great Tusk|100/100
|turn|1
|
|t:|1743924081
|-end|p2a: Great Tusk|Protosynthesis|[silent]
|switch|p2a: Slowking|Slowking-Galar, F|100/100
|move|p1a: Rotom|Overheat|p2a: Slowking
|-damage|p2a: Slowking|66/100
|-unboost|p1a: Rotom|spa|2
|
|upkeep
|turn|2
|
|t:|1743924089
|switch|p1a: Blissey|Blissey, F|100/100
|move|p2a: Slowking|Future Sight|p1a: Blissey
|-start|p2a: Slowking|move: Future Sight
|
|upkeep
|turn|3
|
|t:|1743924093
|move|p1a: Blissey|Trick|p2a: Slowking
|-activate|p1a: Blissey|move: Trick|[of] p2a: Slowking
|-item|p2a: Slowking|Choice Specs|[from] move: Trick
|-item|p1a: Blissey|Heavy-Duty Boots|[from] move: Trick
|-prepare|p2a: Slowking|Chilly Reception|[premajor]
|move|p2a: Slowking|Chilly Reception|p2a: Slowking
|-weather|Snowscape
|c|☆mala☆huju|oh no
|
|t:|1743924106
|switch|p2a: Great Tusk|Great Tusk|100/100|[from] Chilly Reception
|
|-weather|Snowscape|[upkeep]
|upkeep
|turn|4
|
|t:|1743924124
|switch|p1a: Hoopa|Hoopa-Unbound|100/100
|move|p2a: Great Tusk|Stealth Rock|p1a: Hoopa
|-sidestart|p1: mio3777|move: Stealth Rock
|
|-weather|Snowscape|[upkeep]
|-end|p1a: Hoopa|move: Future Sight
|-immune|p1a: Hoopa
|upkeep
|turn|5
|
|t:|1743924142
|move|p1a: Hoopa|Hyperspace Fury|p2a: Great Tusk
|-resisted|p2a: Great Tusk
|-damage|p2a: Great Tusk|81/100
|-unboost|p1a: Hoopa|def|1
|move|p2a: Great Tusk|Headlong Rush|p1a: Hoopa
|-damage|p1a: Hoopa|0 fnt
|-unboost|p2a: Great Tusk|def|1
|-unboost|p2a: Great Tusk|spd|1
|faint|p1a: Hoopa
|
|-weather|Snowscape|[upkeep]
|upkeep
|
|t:|1743924157
|switch|p1a: Glimmora|Glimmora, M|100/100
|-damage|p1a: Glimmora|88/100|[from] Stealth Rock
|turn|6
|
|t:|1743924179
|-terastallize|p1a: Glimmora|Ghost
|move|p2a: Great Tusk|Headlong Rush|p1a: Glimmora
|-damage|p1a: Glimmora|39/100
|-unboost|p2a: Great Tusk|def|1
|-unboost|p2a: Great Tusk|spd|1
|-activate|p1a: Glimmora|ability: Toxic Debris
|-sidestart|p2: mala☆huju|move: Toxic Spikes
|-enditem|p1a: Glimmora|Red Card|[of] p2a: Great Tusk
|-end|p2a: Great Tusk|Protosynthesis|[silent]
|drag|p2a: Samurott|Samurott-Hisui, F|100/100
|-status|p2a: Samurott|psn
|move|p1a: Glimmora|Stealth Rock|p2a: Samurott
|-sidestart|p2: mala☆huju|move: Stealth Rock
|
|-weather|Snowscape|[upkeep]
|-damage|p2a: Samurott|88/100 psn|[from] psn
|upkeep
|turn|7
|
|t:|1743924192
|move|p1a: Glimmora|Mortal Spin|p2a: Samurott
|-crit|p2a: Samurott
|-damage|p2a: Samurott|79/100 psn
|-sideend|p1: mio3777|Stealth Rock|[from] move: Mortal Spin|[of] p1a: Glimmora
|move|p2a: Samurott|Ceaseless Edge|p1a: Glimmora
|-supereffective|p1a: Glimmora
|-damage|p1a: Glimmora|0 fnt
|-activate|p1a: Glimmora|ability: Toxic Debris
|-sidestart|p2: mala☆huju|move: Toxic Spikes
|-sidestart|p1: mio3777|Spikes
|faint|p1a: Glimmora
|
|-weather|none
|-damage|p2a: Samurott|67/100 psn|[from] psn
|upkeep
|inactive|mio3777 has 120 seconds left.
|
|t:|1743924207
|switch|p1a: Rotom|Rotom-Heat|100/100
|turn|8
|
|t:|1743924221
|move|p1a: Rotom|Volt Switch|p2a: Samurott
|-supereffective|p2a: Samurott
|-damage|p2a: Samurott|9/100 psn
|
|t:|1743924225
|switch|p1a: Dondozo|Dondozo, M|100/100|[from] Volt Switch
|-damage|p1a: Dondozo|88/100|[from] Spikes
|move|p2a: Samurott|Razor Shell|p1a: Dondozo
|-resisted|p1a: Dondozo
|-damage|p1a: Dondozo|76/100
|-unboost|p1a: Dondozo|def|1
|-damage|p2a: Samurott|0 fnt|[from] item: Rocky Helmet|[of] p1a: Dondozo
|faint|p2a: Samurott
|
|upkeep
|
|t:|1743924235
|switch|p2a: Slowking|Slowking-Galar, F|99/100
|-sideend|p2: mala☆huju|move: Toxic Spikes|[of] p2a: Slowking
|-damage|p2a: Slowking|87/100|[from] Stealth Rock
|turn|9
|
|t:|1743924245
|move|p1a: Dondozo|Liquidation|p2a: Slowking
|-damage|p2a: Slowking|43/100
|move|p2a: Slowking|Future Sight|p1a: Dondozo
|-start|p2a: Slowking|move: Future Sight
|
|upkeep
|turn|10
|
|t:|1743924262
|switch|p1a: Rotom|Rotom-Heat|100/100
|switch|p2a: Great Tusk|Great Tusk|81/100
|-damage|p2a: Great Tusk|78/100|[from] Stealth Rock
|
|upkeep
|turn|11
|
|t:|1743924273
|move|p1a: Rotom|Overheat|p2a: Great Tusk
|-damage|p2a: Great Tusk|0 fnt
|-unboost|p1a: Rotom|spa|2
|faint|p2a: Great Tusk
|-end|p2a: Great Tusk|Protosynthesis|[silent]
|
|-end|p1a: Rotom|move: Future Sight
|-damage|p1a: Rotom|43/100
|upkeep
|
|t:|1743924285
|switch|p2a: Slowking|Slowking-Galar, F|76/100
|-damage|p2a: Slowking|63/100|[from] Stealth Rock
|turn|12
|
|t:|1743924296
|switch|p1a: Gholdengo|Gholdengo|100/100
|-damage|p1a: Gholdengo|88/100|[from] Spikes
|move|p2a: Slowking|Future Sight|p1a: Gholdengo
|-start|p2a: Slowking|move: Future Sight
|
|upkeep
|turn|13
|
|t:|1743924302
|move|p1a: Gholdengo|Shadow Ball|p2a: Slowking
|-supereffective|p2a: Slowking
|-damage|p2a: Slowking|16/100
|move|p2a: Slowking|Future Sight||[still]
|-fail|p2a: Slowking
|
|upkeep
|turn|14
|
|t:|1743924308
|move|p1a: Gholdengo|Shadow Ball|p2a: Slowking
|-supereffective|p2a: Slowking
|-damage|p2a: Slowking|0 fnt
|faint|p2a: Slowking
|
|-end|p1a: Gholdengo|move: Future Sight
|-resisted|p1a: Gholdengo
|-damage|p1a: Gholdengo|60/100
|upkeep
|
|t:|1743924316
|switch|p2a: Sinistcha|Sinistcha|100/100
|turn|15
|
|t:|1743924333
|-terastallize|p2a: Sinistcha|Poison
|move|p1a: Gholdengo|Shadow Ball|p2a: Sinistcha
|-damage|p2a: Sinistcha|48/100
|move|p2a: Sinistcha|Calm Mind|p2a: Sinistcha
|-boost|p2a: Sinistcha|spa|1
|-boost|p2a: Sinistcha|spd|1
|
|upkeep
|turn|16
|
|t:|1743924344
|move|p1a: Gholdengo|Shadow Ball|p2a: Sinistcha
|-damage|p2a: Sinistcha|16/100
|move|p2a: Sinistcha|Shadow Ball|p1a: Gholdengo
|-supereffective|p1a: Gholdengo
|-damage|p1a: Gholdengo|0 fnt
|faint|p1a: Gholdengo
|
|upkeep
|
|t:|1743924354
|switch|p1a: Rotom|Rotom-Heat|43/100
|turn|17
|
|t:|1743924365
|move|p1a: Rotom|Volt Switch|p2a: Sinistcha
|-damage|p2a: Sinistcha|0 fnt
|faint|p2a: Sinistcha
|
|t:|1743924375
|switch|p1a: Dondozo|Dondozo, M|76/100|[from] Volt Switch
|-damage|p1a: Dondozo|64/100|[from] Spikes
|
|upkeep
|
|t:|1743924395
|switch|p2a: Kyurem|Kyurem|100/100
|-damage|p2a: Kyurem|75/100|[from] Stealth Rock
|-ability|p2a: Kyurem|Pressure
|turn|18
|
|t:|1743924407
|move|p2a: Kyurem|Substitute|p2a: Kyurem
|-start|p2a: Kyurem|Substitute
|-damage|p2a: Kyurem|50/100
|move|p1a: Dondozo|Curse|p1a: Dondozo
|-unboost|p1a: Dondozo|spe|1
|-boost|p1a: Dondozo|atk|1
|-boost|p1a: Dondozo|def|1
|
|-heal|p2a: Kyurem|57/100|[from] item: Leftovers
|upkeep
|turn|19
|
|t:|1743924417
|move|p2a: Kyurem|Freeze-Dry|p1a: Dondozo
|-supereffective|p1a: Dondozo
|-crit|p1a: Dondozo
|-damage|p1a: Dondozo|0 fnt
|faint|p1a: Dondozo
|
|-heal|p2a: Kyurem|63/100|[from] item: Leftovers
|upkeep
|
|t:|1743924426
|switch|p1a: Blissey|Blissey, F|100/100
|turn|20
|j| victini05
|
|t:|1743924436
|move|p2a: Kyurem|Protect|p2a: Kyurem
|-singleturn|p2a: Kyurem|Protect
|move|p1a: Blissey|Calm Mind|p1a: Blissey
|-boost|p1a: Blissey|spa|1
|-boost|p1a: Blissey|spd|1
|
|-heal|p2a: Kyurem|69/100|[from] item: Leftovers
|upkeep
|turn|21
|j| iamfrhaan007
|
|t:|1743924453
|switch|p2a: Corviknight|Corviknight, M|100/100
|-damage|p2a: Corviknight|88/100|[from] Stealth Rock
|-ability|p2a: Corviknight|Pressure
|move|p1a: Blissey|Ice Beam|p2a: Corviknight
|-damage|p2a: Corviknight|57/100
|
|upkeep
|turn|22
|
|t:|1743924463
|switch|p1a: Rotom|Rotom-Heat|43/100
|move|p2a: Corviknight|Roost|p2a: Corviknight
|-heal|p2a: Corviknight|100/100
|-singleturn|p2a: Corviknight|move: Roost
|
|upkeep
|turn|23
|
|t:|1743924471
|move|p1a: Rotom|Volt Switch|p2a: Corviknight
|-supereffective|p2a: Corviknight
|-damage|p2a: Corviknight|33/100
|
|t:|1743924476
|switch|p1a: Blissey|Blissey, F|100/100|[from] Volt Switch
|move|p2a: Corviknight|Body Press|p1a: Blissey
|-supereffective|p1a: Blissey
|-damage|p1a: Blissey|0 fnt
|faint|p1a: Blissey
|
|upkeep
|
|t:|1743924483
|switch|p1a: Rotom|Rotom-Heat|43/100
|turn|24
|
|t:|1743924496
|move|p1a: Rotom|Thunderbolt|p2a: Corviknight
|-supereffective|p2a: Corviknight
|-damage|p2a: Corviknight|0 fnt
|faint|p2a: Corviknight
|
|upkeep
|
|t:|1743924500
|switch|p2a: Kyurem|Kyurem|69/100
|-damage|p2a: Kyurem|44/100|[from] Stealth Rock
|-ability|p2a: Kyurem|Pressure
|turn|25
|
|t:|1743924505
|move|p2a: Kyurem|Protect|p2a: Kyurem
|-singleturn|p2a: Kyurem|Protect
|move|p1a: Rotom|Thunderbolt|p2a: Kyurem
|-activate|p2a: Kyurem|move: Protect
|
|-heal|p2a: Kyurem|50/100|[from] item: Leftovers
|upkeep
|turn|26
|
|t:|1743924515
|move|p2a: Kyurem|Protect||[still]
|-fail|p2a: Kyurem
|move|p1a: Rotom|Thunderbolt|p2a: Kyurem
|-resisted|p2a: Kyurem
|-damage|p2a: Kyurem|30/100
|
|-heal|p2a: Kyurem|36/100|[from] item: Leftovers
|upkeep
|turn|27
|
|t:|1743924522
|move|p2a: Kyurem|Protect|p2a: Kyurem
|-singleturn|p2a: Kyurem|Protect
|move|p1a: Rotom|Thunderbolt|p2a: Kyurem
|-activate|p2a: Kyurem|move: Protect
|
|-heal|p2a: Kyurem|42/100|[from] item: Leftovers
|upkeep
|turn|28
|
|t:|1743924532
|move|p1a: Rotom|Thunderbolt|p2a: Kyurem
|-resisted|p2a: Kyurem
|-damage|p2a: Kyurem|22/100
|move|p2a: Kyurem|Substitute|p2a: Kyurem
|-fail|p2a: Kyurem|move: Substitute|[weak]
|
|-heal|p2a: Kyurem|28/100|[from] item: Leftovers
|upkeep
|turn|29
|
|t:|1743924540
|move|p2a: Kyurem|Protect|p2a: Kyurem
|-singleturn|p2a: Kyurem|Protect
|move|p1a: Rotom|Thunderbolt|p2a: Kyurem
|-activate|p2a: Kyurem|move: Protect
|
|-heal|p2a: Kyurem|34/100|[from] item: Leftovers
|upkeep
|turn|30
|
|t:|1743924548
|move|p2a: Kyurem|Protect||[still]
|-fail|p2a: Kyurem
|move|p1a: Rotom|Thunderbolt|p2a: Kyurem
|-resisted|p2a: Kyurem
|-damage|p2a: Kyurem|15/100
|
|-heal|p2a: Kyurem|21/100|[from] item: Leftovers
|upkeep
|turn|31
|
|t:|1743924555
|move|p2a: Kyurem|Protect|p2a: Kyurem
|-singleturn|p2a: Kyurem|Protect
|move|p1a: Rotom|Thunderbolt|p2a: Kyurem
|-activate|p2a: Kyurem|move: Protect
|
|-heal|p2a: Kyurem|27/100|[from] item: Leftovers
|upkeep
|turn|32
|
|t:|1743924562
|move|p2a: Kyurem|Protect||[still]
|-fail|p2a: Kyurem
|move|p1a: Rotom|Thunderbolt|p2a: Kyurem
|-resisted|p2a: Kyurem
|-damage|p2a: Kyurem|6/100
|
|-heal|p2a: Kyurem|12/100|[from] item: Leftovers
|upkeep
|turn|33
|
|t:|1743924569
|move|p2a: Kyurem|Protect|p2a: Kyurem
|-singleturn|p2a: Kyurem|Protect
|move|p1a: Rotom|Thunderbolt|p2a: Kyurem
|-activate|p2a: Kyurem|move: Protect
|
|-heal|p2a: Kyurem|19/100|[from] item: Leftovers
|upkeep
|turn|34
|
|t:|1743924575
|move|p2a: Kyurem|Protect|p2a: Kyurem
|-singleturn|p2a: Kyurem|Protect
|move|p1a: Rotom|Thunderbolt|p2a: Kyurem
|-activate|p2a: Kyurem|move: Protect
|
|-heal|p2a: Kyurem|25/100|[from] item: Leftovers
|upkeep
|turn|35
|
|t:|1743924587
|move|p2a: Kyurem|Protect||[still]
|-fail|p2a: Kyurem
|move|p1a: Rotom|Thunderbolt|p2a: Kyurem
|-resisted|p2a: Kyurem
|-damage|p2a: Kyurem|5/100
|
|-heal|p2a: Kyurem|11/100|[from] item: Leftovers
|upkeep
|turn|36
|
|t:|1743924595
|move|p2a: Kyurem|Protect|p2a: Kyurem
|-singleturn|p2a: Kyurem|Protect
|-activate|p1a: Rotom|move: Struggle
|move|p1a: Rotom|Struggle|p2a: Kyurem
|-activate|p2a: Kyurem|move: Protect
|
|-heal|p2a: Kyurem|18/100|[from] item: Leftovers
|upkeep
|turn|37
|
|t:|1743924604
|move|p2a: Kyurem|Protect||[still]
|-fail|p2a: Kyurem
|-activate|p1a: Rotom|move: Struggle
|move|p1a: Rotom|Struggle|p2a: Kyurem
|-damage|p2a: Kyurem|12/100
|-damage|p1a: Rotom|18/100|[from] recoil
|
|-heal|p2a: Kyurem|18/100|[from] item: Leftovers
|upkeep
|turn|38
|-message|mio3777 forfeited.
|
|win|mala☆huju
|raw|mio3777's rating: 1515 &rarr; <strong>1497</strong><br />(-18 for losing)
|raw|mala☆huju's rating: 1545 &rarr; <strong>1563</strong><br />(+18 for winning)
|l|☆mio3777
|player|p1|
|l| iamfrhaan007
|l|☆mala☆huju
|player|p2|
|l| victini05
