|j|☆baby armadillo
|j|☆mj1707
|t:|1743794954
|gametype|singles
|player|p1|baby armadillo|101|1442
|player|p2|mj1707|102|1415
|teamsize|p1|6
|teamsize|p2|6
|gen|9
|tier|[Gen 9] OU
|rated|
|rule|HP Percentage Mod: HP is shown in percentages
|rule|Endless Battle Clause: Forcing endless battles is banned
|rule|Species Clause: Limit one of each Pokémon
|rule|OHKO Clause: OHKO moves are banned
|rule|Evasion Items Clause: Evasion items are banned
|rule|Evasion Moves Clause: Evasion moves are banned
|rule|Sleep Moves Clause: Sleep-inducing moves are banned
|clearpoke
|poke|p1|Clefable, F|
|poke|p1|Skarmory, M|
|poke|p1|Tyranitar, M|
|poke|p1|Excadrill, M|
|poke|p1|Keldeo|
|poke|p1|Gliscor, M|
|poke|p2|Kingambit, M|
|poke|p2|Salamence, M|
|poke|p2|Rotom-Wash|
|poke|p2|Hatterene, F|
|poke|p2|Landorus-Therian, M|
|poke|p2|Grimmsnarl, M|
|teampreview
|inactive|Battle timer is ON: inactive players will automatically lose when time's up. (requested by baby armadillo)
|
|t:|1743794961
|start
|switch|p1a: Excadrill|Excadrill, M|100/100
|switch|p2a: Grimmsnarl|Grimmsnarl, M|100/100
|turn|1
|
|t:|1743794967
|move|p2a: Grimmsnarl|Reflect|p2a: Grimmsnarl
|-sidestart|p2: mj1707|Reflect
|move|p1a: Excadrill|Iron Head|p2a: Grimmsnarl
|-supereffective|p2a: Grimmsnarl
|-damage|p2a: Grimmsnarl|45/100
|
|upkeep
|turn|2
|
|t:|1743794973
|move|p2a: Grimmsnarl|Light Screen|p2a: Grimmsnarl
|-sidestart|p2: mj1707|move: Light Screen
|move|p1a: Excadrill|Iron Head|p2a: Grimmsnarl
|-supereffective|p2a: Grimmsnarl
|-damage|p2a: Grimmsnarl|0 fnt
|faint|p2a: Grimmsnarl
|
|upkeep
|
|t:|1743794979
|switch|p2a: Salamence|Salamence, M|100/100
|-ability|p2a: Salamence|Intimidate|boost
|-unboost|p1a: Excadrill|atk|1
|turn|3
|
|t:|1743794982
|switch|p1a: Skarmory|Skarmory, M|100/100
|move|p2a: Salamence|Dragon Dance|p2a: Salamence
|-boost|p2a: Salamence|atk|1
|-boost|p2a: Salamence|spe|1
|
|upkeep
|turn|4
|
|t:|1743794985
|move|p2a: Salamence|Dragon Dance|p2a: Salamence
|-boost|p2a: Salamence|atk|1
|-boost|p2a: Salamence|spe|1
|move|p1a: Skarmory|Whirlwind|p2a: Salamence
|drag|p2a: Hatterene|Hatterene, F|100/100
|
|upkeep
|turn|5
|
|t:|1743794993
|switch|p1a: Tyranitar|Tyranitar, M|100/100
|-weather|Sandstorm|[from] ability: Sand Stream|[of] p1a: Tyranitar
|move|p2a: Hatterene|Calm Mind|p2a: Hatterene
|-boost|p2a: Hatterene|spa|1
|-boost|p2a: Hatterene|spd|1
|
|-weather|Sandstorm|[upkeep]
|-damage|p2a: Hatterene|95/100|[from] Sandstorm
|-heal|p2a: Hatterene|100/100|[from] item: Leftovers
|upkeep
|turn|6
|
|t:|1743795003
|move|p1a: Tyranitar|Knock Off|p2a: Hatterene
|-damage|p2a: Hatterene|74/100
|-enditem|p2a: Hatterene|Leftovers|[from] move: Knock Off|[of] p1a: Tyranitar
|move|p2a: Hatterene|Calm Mind|p2a: Hatterene
|-boost|p2a: Hatterene|spa|1
|-boost|p2a: Hatterene|spd|1
|
|-weather|Sandstorm|[upkeep]
|-damage|p2a: Hatterene|68/100|[from] Sandstorm
|upkeep
|turn|7
|
|t:|1743795006
|move|p2a: Hatterene|Draining Kiss|p1a: Tyranitar
|-supereffective|p1a: Tyranitar
|-damage|p1a: Tyranitar|50/100
|-heal|p2a: Hatterene|100/100|[from] drain|[of] p1a: Tyranitar
|move|p1a: Tyranitar|Roar|p2a: Hatterene
|move|p2a: Hatterene|Roar|p1a: Tyranitar|[from] ability: Magic Bounce
|drag|p1a: Clefable|Clefable, F|100/100
|
|-weather|Sandstorm|[upkeep]
|-damage|p2a: Hatterene|95/100|[from] Sandstorm
|upkeep
|turn|8
|
|t:|1743795028
|switch|p1a: Excadrill|Excadrill, M|100/100
|move|p2a: Hatterene|Calm Mind|p2a: Hatterene
|-boost|p2a: Hatterene|spa|1
|-boost|p2a: Hatterene|spd|1
|
|-weather|Sandstorm|[upkeep]
|-damage|p2a: Hatterene|89/100|[from] Sandstorm
|-sideend|p2: mj1707|Reflect
|upkeep
|turn|9
|
|t:|1743795033
|move|p1a: Excadrill|Iron Head|p2a: Hatterene
|-supereffective|p2a: Hatterene
|-damage|p2a: Hatterene|0 fnt
|faint|p2a: Hatterene
|
|-weather|none
|-sideend|p2: mj1707|move: Light Screen
|upkeep
|
|t:|1743795036
|switch|p2a: Salamence|Salamence, M|100/100
|-ability|p2a: Salamence|Intimidate|boost
|-unboost|p1a: Excadrill|atk|1
|turn|10
|
|t:|1743795040
|switch|p1a: Skarmory|Skarmory, M|100/100
|switch|p2a: Rotom|Rotom-Wash|100/100
|
|upkeep
|turn|11
|
|t:|1743795069
|switch|p1a: Clefable|Clefable, F|100/100
|move|p2a: Rotom|Hydro Pump|p1a: Clefable
|-damage|p1a: Clefable|57/100
|
|upkeep
|turn|12
|
|t:|1743795082
|move|p2a: Rotom|Thunder Wave|p1a: Clefable
|-status|p1a: Clefable|par
|move|p1a: Clefable|Moonlight|p1a: Clefable
|-heal|p1a: Clefable|100/100 par
|
|upkeep
|turn|13
|
|t:|1743795088
|move|p2a: Rotom|Volt Switch|p1a: Clefable
|-damage|p1a: Clefable|69/100 par
|
|t:|1743795092
|switch|p2a: Kingambit|Kingambit, M|100/100|[from] Volt Switch
|-activate|p2a: Kingambit|ability: Supreme Overlord
|-start|p2a: Kingambit|fallen2|[silent]
|move|p1a: Clefable|Moonblast|p2a: Kingambit
|-damage|p2a: Kingambit|68/100
|-unboost|p2a: Kingambit|spa|1
|
|-heal|p2a: Kingambit|74/100|[from] item: Leftovers
|upkeep
|turn|14
|
|t:|1743795102
|switch|p1a: Keldeo|Keldeo|100/100
|move|p2a: Kingambit|Swords Dance|p2a: Kingambit
|-boost|p2a: Kingambit|atk|2
|
|-heal|p2a: Kingambit|80/100|[from] item: Leftovers
|upkeep
|turn|15
|
|t:|1743795113
|-terastallize|p2a: Kingambit|Fairy
|move|p1a: Keldeo|Flip Turn|p2a: Kingambit
|-damage|p2a: Kingambit|70/100
|
|t:|1743795124
|switch|p1a: Clefable|Clefable, F|69/100 par|[from] Flip Turn
|move|p2a: Kingambit|Low Kick|p1a: Clefable
|-resisted|p1a: Clefable
|-crit|p1a: Clefable
|-damage|p1a: Clefable|38/100 par
|-damage|p2a: Kingambit|53/100|[from] item: Rocky Helmet|[of] p1a: Clefable
|
|-heal|p2a: Kingambit|59/100|[from] item: Leftovers
|upkeep
|turn|16
|
|t:|1743795130
|move|p2a: Kingambit|Iron Head|p1a: Clefable
|-supereffective|p1a: Clefable
|-damage|p1a: Clefable|0 fnt
|-damage|p2a: Kingambit|43/100|[from] item: Rocky Helmet|[of] p1a: Clefable
|faint|p1a: Clefable
|
|-heal|p2a: Kingambit|49/100|[from] item: Leftovers
|upkeep
|inactive|baby armadillo has 120 seconds left.
|
|t:|1743795157
|switch|p1a: Excadrill|Excadrill, M|100/100
|turn|17
|
|t:|1743795165
|-terastallize|p1a: Excadrill|Fairy
|move|p2a: Kingambit|Sucker Punch|p1a: Excadrill
|-resisted|p1a: Excadrill
|-damage|p1a: Excadrill|32/100
|move|p1a: Excadrill|Iron Head|p2a: Kingambit
|-supereffective|p2a: Kingambit
|-damage|p2a: Kingambit|0 fnt
|faint|p2a: Kingambit
|-end|p2a: Kingambit|fallen2|[silent]
|
|-heal|p1a: Excadrill|38/100|[from] item: Leftovers
|upkeep
|
|t:|1743795170
|switch|p2a: Landorus|Landorus-Therian, M|100/100
|-ability|p2a: Landorus|Intimidate|boost
|-unboost|p1a: Excadrill|atk|1
|turn|18
|
|t:|1743795187
|switch|p1a: Gliscor|Gliscor, M|100/100
|move|p2a: Landorus|Stone Edge|p1a: Gliscor
|-damage|p1a: Gliscor|71/100
|
|-status|p1a: Gliscor|tox|[from] item: Toxic Orb
|upkeep
|turn|19
|
|t:|1743795195
|move|p2a: Landorus|Stone Edge|p1a: Gliscor
|-damage|p1a: Gliscor|40/100 tox
|move|p1a: Gliscor|Swords Dance|p1a: Gliscor
|-boost|p1a: Gliscor|atk|2
|
|-heal|p1a: Gliscor|53/100 tox|[from] ability: Poison Heal
|upkeep
|turn|20
|
|t:|1743795205
|move|p2a: Landorus|Stone Edge|p1a: Gliscor
|-damage|p1a: Gliscor|22/100 tox
|move|p1a: Gliscor|Facade|p2a: Landorus
|-damage|p2a: Landorus|25/100
|
|-heal|p2a: Landorus|31/100|[from] item: Leftovers
|-heal|p1a: Gliscor|34/100 tox|[from] ability: Poison Heal
|upkeep
|turn|21
|
|t:|1743795211
|move|p1a: Gliscor|Protect|p1a: Gliscor
|-singleturn|p1a: Gliscor|Protect
|move|p2a: Landorus|Stone Edge|p1a: Gliscor
|-activate|p1a: Gliscor|move: Protect
|
|-heal|p2a: Landorus|37/100|[from] item: Leftovers
|-heal|p1a: Gliscor|47/100 tox|[from] ability: Poison Heal
|upkeep
|turn|22
|
|t:|1743795215
|move|p2a: Landorus|Stone Edge|p1a: Gliscor
|-damage|p1a: Gliscor|19/100 tox
|move|p1a: Gliscor|Facade|p2a: Landorus
|-damage|p2a: Landorus|0 fnt
|faint|p2a: Landorus
|
|-heal|p1a: Gliscor|32/100 tox|[from] ability: Poison Heal
|upkeep
|
|t:|1743795219
|switch|p2a: Rotom|Rotom-Wash|100/100
|turn|23
|
|t:|1743795222
|move|p1a: Gliscor|Protect|p1a: Gliscor
|-singleturn|p1a: Gliscor|Protect
|move|p2a: Rotom|Hydro Pump|p1a: Gliscor
|-activate|p1a: Gliscor|move: Protect
|
|-heal|p1a: Gliscor|44/100 tox|[from] ability: Poison Heal
|upkeep
|turn|24
|n|!mj1707|mj1707
|
|t:|1743795235
|switch|p1a: Keldeo|Keldeo|100/100
|move|p2a: Rotom|Hydro Pump|p1a: Keldeo
|-resisted|p1a: Keldeo
|-damage|p1a: Keldeo|74/100
|
|upkeep
|turn|25
|
|t:|1743795238
|move|p1a: Keldeo|Aura Sphere|p2a: Rotom
|-damage|p2a: Rotom|40/100
|move|p2a: Rotom|Thunderbolt|p1a: Keldeo
|-supereffective|p1a: Keldeo
|-damage|p1a: Keldeo|0 fnt
|faint|p1a: Keldeo
|
|-heal|p2a: Rotom|47/100|[from] item: Leftovers
|upkeep
|
|t:|1743795256
|switch|p1a: Tyranitar|Tyranitar, M|50/100
|-weather|Sandstorm|[from] ability: Sand Stream|[of] p1a: Tyranitar
|turn|26
|
|t:|1743795269
|move|p2a: Rotom|Hydro Pump|p1a: Tyranitar|[miss]
|-miss|p2a: Rotom|p1a: Tyranitar
|move|p1a: Tyranitar|Roar|p2a: Rotom
|drag|p2a: Salamence|Salamence, M|100/100
|-ability|p2a: Salamence|Intimidate|boost
|-unboost|p1a: Tyranitar|atk|1
|
|-weather|Sandstorm|[upkeep]
|-damage|p2a: Salamence|94/100|[from] Sandstorm
|-heal|p2a: Salamence|100/100|[from] item: Leftovers
|upkeep
|turn|27
|
|t:|1743795272
|switch|p1a: Skarmory|Skarmory, M|100/100
|move|p2a: Salamence|Earthquake|p1a: Skarmory
|-immune|p1a: Skarmory
|
|-weather|Sandstorm|[upkeep]
|-damage|p2a: Salamence|94/100|[from] Sandstorm
|-heal|p2a: Salamence|100/100|[from] item: Leftovers
|upkeep
|turn|28
|
|t:|1743795278
|switch|p2a: Rotom|Rotom-Wash|47/100
|move|p1a: Skarmory|Brave Bird|p2a: Rotom
|-resisted|p2a: Rotom
|-damage|p2a: Rotom|25/100
|-damage|p1a: Skarmory|95/100|[from] Recoil
|
|-weather|Sandstorm|[upkeep]
|-damage|p2a: Rotom|19/100|[from] Sandstorm
|-heal|p2a: Rotom|25/100|[from] item: Leftovers
|upkeep
|turn|29
|
|t:|1743795285
|switch|p1a: Gliscor|Gliscor, M|44/100 tox
|move|p2a: Rotom|Thunderbolt|p1a: Gliscor
|-immune|p1a: Gliscor
|
|-weather|Sandstorm|[upkeep]
|-damage|p2a: Rotom|19/100|[from] Sandstorm
|-heal|p2a: Rotom|25/100|[from] item: Leftovers
|-heal|p1a: Gliscor|57/100 tox|[from] ability: Poison Heal
|upkeep
|turn|30
|
|t:|1743795288
|move|p1a: Gliscor|Protect|p1a: Gliscor
|-singleturn|p1a: Gliscor|Protect
|move|p2a: Rotom|Hydro Pump|p1a: Gliscor
|-activate|p1a: Gliscor|move: Protect
|
|-weather|none
|-heal|p2a: Rotom|32/100|[from] item: Leftovers
|-heal|p1a: Gliscor|69/100 tox|[from] ability: Poison Heal
|upkeep
|turn|31
|inactive|baby armadillo has 120 seconds left.
|
|t:|1743795318
|move|p2a: Rotom|Hydro Pump|p1a: Gliscor
|-supereffective|p1a: Gliscor
|-damage|p1a: Gliscor|0 fnt
|faint|p1a: Gliscor
|
|-heal|p2a: Rotom|38/100|[from] item: Leftovers
|upkeep
|inactive|baby armadillo has 120 seconds left.
|inactive|baby armadillo has 90 seconds left.
|
|t:|1743795360
|switch|p1a: Tyranitar|Tyranitar, M|50/100
|-weather|Sandstorm|[from] ability: Sand Stream|[of] p1a: Tyranitar
|turn|32
|inactive|baby armadillo has 90 seconds left.
|
|t:|1743795368
|move|p2a: Rotom|Hydro Pump|p1a: Tyranitar
|-supereffective|p1a: Tyranitar
|-damage|p1a: Tyranitar|7/100
|move|p1a: Tyranitar|Stealth Rock|p2a: Rotom
|-sidestart|p2: mj1707|move: Stealth Rock
|
|-weather|Sandstorm|[upkeep]
|-damage|p2a: Rotom|32/100|[from] Sandstorm
|-heal|p2a: Rotom|38/100|[from] item: Leftovers
|upkeep
|turn|33
|
|t:|1743795374
|move|p2a: Rotom|Thunderbolt|p1a: Tyranitar
|-damage|p1a: Tyranitar|0 fnt
|faint|p1a: Tyranitar
|
|-weather|Sandstorm|[upkeep]
|-damage|p2a: Rotom|32/100|[from] Sandstorm
|-heal|p2a: Rotom|38/100|[from] item: Leftovers
|upkeep
|
|t:|1743795376
|switch|p1a: Excadrill|Excadrill, M, tera:Fairy|38/100
|turn|34
|
|t:|1743795378
|move|p1a: Excadrill|Tera Blast|p2a: Rotom|[anim] Tera Blast Fairy
|-damage|p2a: Rotom|0 fnt
|faint|p2a: Rotom
|
|-weather|Sandstorm|[upkeep]
|-heal|p1a: Excadrill|44/100|[from] item: Leftovers
|upkeep
|
|t:|1743795380
|switch|p2a: Salamence|Salamence, M|100/100
|-damage|p2a: Salamence|76/100|[from] Stealth Rock
|-ability|p2a: Salamence|Intimidate|boost
|-unboost|p1a: Excadrill|atk|1
|turn|35
|inactive|baby armadillo has 120 seconds left.
|
|t:|1743795390
|move|p1a: Excadrill|Tera Blast|p2a: Salamence|[anim] Tera Blast Fairy
|-supereffective|p2a: Salamence
|-damage|p2a: Salamence|3/100
|move|p2a: Salamence|Earthquake|p1a: Excadrill
|-damage|p1a: Excadrill|0 fnt
|faint|p1a: Excadrill
|
|-weather|Sandstorm|[upkeep]
|-damage|p2a: Salamence|0 fnt|[from] Sandstorm
|faint|p2a: Salamence
|
|win|baby armadillo
