|j|☆big lou 123
|j|☆IPlayOnAToaster
|t:|1743875181
|gametype|singles
|player|p1|big lou 123|102|1374
|player|p2|IPlayOnAToaster|102|1447
|teamsize|p1|6
|teamsize|p2|6
|gen|9
|tier|[Gen 9] OU
|rated|
|rule|HP Percentage Mod: HP is shown in percentages
|rule|Endless Battle Clause: Forcing endless battles is banned
|rule|Species Clause: Limit one of each Pokémon
|rule|OHKO Clause: OHKO moves are banned
|rule|Evasion Items Clause: Evasion items are banned
|rule|Evasion Moves Clause: Evasion moves are banned
|rule|Sleep Moves Clause: Sleep-inducing moves are banned
|clearpoke
|poke|p1|Appletun, F|
|poke|p1|Dondozo, M|
|poke|p1|Latios, M|
|poke|p1|Samurott-Hisui, F|
|poke|p1|Lokix, F|
|poke|p1|Great Tusk|
|poke|p2|Iron Crown|
|poke|p2|Samurott-Hisui, M|
|poke|p2|Moltres|
|poke|p2|Primarina, M|
|poke|p2|Landorus-Therian, M|
|poke|p2|Tentacruel, F|
|teampreview
|inactive|Battle timer is ON: inactive players will automatically lose when time's up. (requested by big lou 123)
|inactive|IPlayOnAToaster has 120 seconds left.
|
|t:|1743875234
|start
|switch|p1a: Lokix|Lokix, F|100/100
|switch|p2a: Iron Crown|Iron Crown|100/100
|turn|1
|
|t:|1743875240
|switch|p1a: Appletun|Appletun, F|100/100
|move|p2a: Iron Crown|Tachyon Cutter|p1a: Appletun
|-damage|p1a: Appletun|84/100
|-damage|p1a: Appletun|66/100
|-hitcount|p1a: Appletun|2
|
|upkeep
|turn|2
|
|t:|1743875243
|move|p2a: Iron Crown|Future Sight|p1a: Appletun
|-start|p2a: Iron Crown|move: Future Sight
|move|p1a: Appletun|Dragon Tail|p2a: Iron Crown
|-resisted|p2a: Iron Crown
|-damage|p2a: Iron Crown|91/100
|-end|p2a: Iron Crown|Quark Drive|[silent]
|drag|p2a: Primarina|Primarina, M|100/100
|
|upkeep
|turn|3
|inactive|big lou 123 has 120 seconds left.
|
|t:|1743875287
|move|p2a: Primarina|Moonblast|p1a: Appletun
|-supereffective|p1a: Appletun
|-damage|p1a: Appletun|0 fnt
|faint|p1a: Appletun
|
|upkeep
|
|t:|1743875292
|switch|p1a: Samurott|Samurott-Hisui, F|100/100
|turn|4
|inactive|IPlayOnAToaster has 120 seconds left.
|
|t:|1743875326
|move|p1a: Samurott|Ceaseless Edge|p2a: Primarina
|-resisted|p2a: Primarina
|-damage|p2a: Primarina|72/100
|-sidestart|p2: IPlayOnAToaster|Spikes
|move|p2a: Primarina|Moonblast|p1a: Samurott
|-supereffective|p1a: Samurott
|-enditem|p1a: Samurott|Focus Sash
|-damage|p1a: Samurott|1/100
|-unboost|p1a: Samurott|spa|1
|
|-end|p1a: Samurott|move: Future Sight
|-immune|p1a: Samurott
|upkeep
|turn|5
|
|t:|1743875336
|switch|p2a: Tentacruel|Tentacruel, F|100/100
|move|p1a: Samurott|Ceaseless Edge|p2a: Tentacruel
|-damage|p2a: Tentacruel|57/100
|-sidestart|p2: IPlayOnAToaster|Spikes
|
|upkeep
|turn|6
|
|t:|1743875345
|move|p1a: Samurott|Ceaseless Edge|p2a: Tentacruel
|-damage|p2a: Tentacruel|16/100
|-sidestart|p2: IPlayOnAToaster|Spikes
|move|p2a: Tentacruel|Rapid Spin|p1a: Samurott
|-damage|p1a: Samurott|0 fnt
|-boost|p2a: Tentacruel|spe|1
|-sideend|p2: IPlayOnAToaster|Spikes|[from] move: Rapid Spin|[of] p2a: Tentacruel
|faint|p1a: Samurott
|
|upkeep
|
|t:|1743875359
|switch|p1a: Latios|Latios, M|100/100
|turn|7
|
|t:|1743875363
|move|p1a: Latios|Draco Meteor|p2a: Tentacruel
|-damage|p2a: Tentacruel|0 fnt
|-unboost|p1a: Latios|spa|2
|faint|p2a: Tentacruel
|
|upkeep
|
|t:|1743875366
|switch|p2a: Samurott|Samurott-Hisui, M|100/100
|turn|8
|-message|big lou 123 forfeited.
|
|win|IPlayOnAToaster
|raw|big lou 123's rating: 1374 &rarr; <strong>1358</strong><br />(-16 for losing)
|raw|IPlayOnAToaster's rating: 1447 &rarr; <strong>1463</strong><br />(+16 for winning)
|l|☆big lou 123
|player|p1|
|l|☆IPlayOnAToaster
|player|p2|
