|j|☆1juantrainer
|j|☆tyvubin
|t:|1743868755
|gametype|singles
|player|p1|1juantrainer|102|1091
|player|p2|tyvubin|101|1105
|teamsize|p1|6
|teamsize|p2|6
|gen|9
|tier|[Gen 9] OU
|rated|
|rule|HP Percentage Mod: HP is shown in percentages
|rule|Endless Battle Clause: Forcing endless battles is banned
|rule|Species Clause: Limit one of each Pokémon
|rule|OHKO Clause: OHKO moves are banned
|rule|Evasion Items Clause: Evasion items are banned
|rule|Evasion Moves Clause: Evasion moves are banned
|rule|Sleep Moves Clause: Sleep-inducing moves are banned
|clearpoke
|poke|p1|Azumarill, F|
|poke|p1|Jirachi|
|poke|p1|Serperior, M|
|poke|p1|Hariyama, F|
|poke|p1|Galvantula, M|
|poke|p1|Cinccino, M|
|poke|p2|Porygon2|
|poke|p2|Skuntank, F|
|poke|p2|Galvantula, M|
|poke|p2|Lilligant-Hisui, F|
|poke|p2|Copperajah, F|
|poke|p2|Cramorant, F|
|teampreview
|
|t:|1743868758
|start
|switch|p1a: Cinccino|Cinccino, M|100/100
|switch|p2a: Galvantula|Galvantula, M|100/100
|turn|1
|inactive|Battle timer is ON: inactive players will automatically lose when time's up. (requested by 1juantrainer)
|
|t:|1743868763
|move|p1a: Cinccino|Tidy Up|p1a: Cinccino
|-boost|p1a: Cinccino|atk|1
|-boost|p1a: Cinccino|spe|1
|move|p2a: Galvantula|Sticky Web|p1a: Cinccino
|-sidestart|p1: 1juantrainer|move: Sticky Web
|
|upkeep
|turn|2
|
|t:|1743868771
|move|p1a: Cinccino|Tidy Up|p1a: Cinccino
|-sideend|p1: 1juantrainer|Sticky Web
|-activate|p1a: Cinccino|move: Tidy Up
|-boost|p1a: Cinccino|atk|1
|-boost|p1a: Cinccino|spe|1
|move|p2a: Galvantula|Thunder|p1a: Cinccino
|-damage|p1a: Cinccino|9/100
|
|upkeep
|turn|3
|
|t:|1743868781
|move|p1a: Cinccino|Rock Blast|p2a: Galvantula
|-supereffective|p2a: Galvantula
|-damage|p2a: Galvantula|45/100
|-supereffective|p2a: Galvantula
|-damage|p2a: Galvantula|0 fnt
|faint|p2a: Galvantula
|-hitcount|p2: Galvantula|2
|
|upkeep
|
|t:|1743868787
|switch|p2a: Skuntank|Skuntank, F|100/100
|turn|4
|
|t:|1743868803
|move|p2a: Skuntank|Sucker Punch|p1a: Cinccino
|-damage|p1a: Cinccino|0 fnt
|faint|p1a: Cinccino
|
|upkeep
|
|t:|1743868807
|switch|p1a: Galvantula|Galvantula, M|100/100
|turn|5
|
|t:|1743868814
|switch|p2a: Copperajah|Copperajah, F|100/100
|move|p1a: Galvantula|Sticky Web|p2a: Copperajah
|-sidestart|p2: tyvubin|move: Sticky Web
|
|upkeep
|turn|6
|
|t:|1743868824
|switch|p1a: Serperior|Serperior, M|100/100
|-terastallize|p2a: Copperajah|Ground
|move|p2a: Copperajah|Earthquake|p1a: Serperior
|-resisted|p1a: Serperior
|-damage|p1a: Serperior|72/100
|
|upkeep
|turn|7
|
|t:|1743868833
|switch|p2a: Cramorant|Cramorant, F|100/100
|-terastallize|p1a: Serperior|Dark
|move|p1a: Serperior|Leaf Storm|p2a: Cramorant
|-damage|p2a: Cramorant|39/100
|-boost|p1a: Serperior|spa|2
|
|upkeep
|turn|8
|
|t:|1743868843
|move|p1a: Serperior|Leaf Storm|p2a: Cramorant
|-damage|p2a: Cramorant|0 fnt
|-boost|p1a: Serperior|spa|2
|faint|p2a: Cramorant
|
|upkeep
|
|t:|1743868854
|switch|p2a: Lilligant|Lilligant-Hisui, F|100/100
|-activate|p2a: Lilligant|move: Sticky Web
|-unboost|p2a: Lilligant|spe|1
|turn|9
|
|t:|1743868864
|move|p1a: Serperior|Dragon Pulse|p2a: Lilligant
|-damage|p2a: Lilligant|4/100
|move|p2a: Lilligant|Axe Kick|p1a: Serperior
|-supereffective|p1a: Serperior
|-damage|p1a: Serperior|0 fnt
|faint|p1a: Serperior
|-damage|p2a: Lilligant|0 fnt|[from] item: Life Orb
|faint|p2a: Lilligant
|
|upkeep
|
|t:|1743868877
|switch|p1a: Hariyama|Hariyama, F|100/100
|switch|p2a: Skuntank|Skuntank, F|100/100
|-activate|p2a: Skuntank|move: Sticky Web
|-unboost|p2a: Skuntank|spe|1
|turn|10
|
|t:|1743868883
|move|p1a: Hariyama|Fake Out|p2a: Skuntank
|-damage|p2a: Skuntank|81/100
|cant|p2a: Skuntank|flinch
|
|upkeep
|turn|11
|
|t:|1743868888
|move|p2a: Skuntank|Gunk Shot|p1a: Hariyama
|-damage|p1a: Hariyama|20/100
|-status|p1a: Hariyama|psn
|-enditem|p1a: Hariyama|Sitrus Berry|[eat]
|-heal|p1a: Hariyama|44/100 psn|[from] item: Sitrus Berry
|move|p1a: Hariyama|Belly Drum||[still]
|-fail|p1a: Hariyama
|
|-damage|p1a: Hariyama|32/100 psn|[from] psn
|upkeep
|turn|12
|
|t:|1743868897
|move|p2a: Skuntank|Gunk Shot|p1a: Hariyama
|-damage|p1a: Hariyama|0 fnt
|faint|p1a: Hariyama
|
|upkeep
|
|t:|1743868899
|switch|p1a: Jirachi|Jirachi|100/100
|turn|13
|
|t:|1743868907
|switch|p2a: Copperajah|Copperajah, F, tera:Ground|100/100
|-activate|p2a: Copperajah|move: Sticky Web
|-unboost|p2a: Copperajah|spe|1
|move|p1a: Jirachi|Body Slam|p2a: Copperajah
|-damage|p2a: Copperajah|76/100
|-status|p2a: Copperajah|par
|-damage|p1a: Jirachi|84/100|[from] item: Rocky Helmet|[of] p2a: Copperajah
|
|-heal|p1a: Jirachi|90/100|[from] item: Leftovers
|upkeep
|turn|14
|
|t:|1743868918
|move|p1a: Jirachi|Ice Punch|p2a: Copperajah
|-supereffective|p2a: Copperajah
|-damage|p2a: Copperajah|32/100 par
|-damage|p1a: Jirachi|74/100|[from] item: Rocky Helmet|[of] p2a: Copperajah
|move|p2a: Copperajah|Earthquake|p1a: Jirachi
|-supereffective|p1a: Jirachi
|-damage|p1a: Jirachi|0 fnt
|faint|p1a: Jirachi
|
|upkeep
|
|t:|1743868929
|switch|p1a: Galvantula|Galvantula, M|100/100
|turn|15
|
|t:|1743868932
|move|p1a: Galvantula|Giga Drain|p2a: Copperajah
|-supereffective|p2a: Copperajah
|-crit|p2a: Copperajah
|-damage|p2a: Copperajah|0 fnt
|faint|p2a: Copperajah
|
|upkeep
|
|t:|1743868941
|switch|p2a: Skuntank|Skuntank, F|81/100
|-activate|p2a: Skuntank|move: Sticky Web
|-unboost|p2a: Skuntank|spe|1
|turn|16
|
|t:|1743868948
|move|p1a: Galvantula|Thunder|p2a: Skuntank
|-damage|p2a: Skuntank|0 fnt
|faint|p2a: Skuntank
|
|upkeep
|
|t:|1743868952
|switch|p2a: Porygon2|Porygon2|100/100
|-activate|p2a: Porygon2|move: Sticky Web
|-unboost|p2a: Porygon2|spe|1
|-ability|p2a: Porygon2|Download|boost
|-boost|p2a: Porygon2|atk|1
|turn|17
|
|t:|1743868957
|move|p1a: Galvantula|Thunder|p2a: Porygon2
|-damage|p2a: Porygon2|67/100
|-status|p2a: Porygon2|par
|move|p2a: Porygon2|Tri Attack|p1a: Galvantula
|-damage|p1a: Galvantula|39/100
|
|upkeep
|turn|18
|
|t:|1743868964
|move|p1a: Galvantula|Infestation|p2a: Porygon2
|-damage|p2a: Porygon2|61/100 par
|-activate|p2a: Porygon2|move: Infestation|[of] p1a: Galvantula
|move|p2a: Porygon2|Tri Attack|p1a: Galvantula
|-damage|p1a: Galvantula|0 fnt
|faint|p1a: Galvantula
|
|-end|p2a: Porygon2|Infestation|[partiallytrapped]|[silent]
|upkeep
|
|t:|1743868969
|switch|p1a: Azumarill|Azumarill, F|100/100
|turn|19
|
|t:|1743868974
|move|p1a: Azumarill|Ice Spinner|p2a: Porygon2
|-damage|p2a: Porygon2|38/100 par
|move|p2a: Porygon2|Discharge|p1a: Azumarill
|-supereffective|p1a: Azumarill
|-damage|p1a: Azumarill|57/100
|
|-heal|p1a: Azumarill|64/100|[from] item: Leftovers
|upkeep
|turn|20
|
|t:|1743868983
|move|p1a: Azumarill|Ice Spinner|p2a: Porygon2
|-damage|p2a: Porygon2|17/100 par
|move|p2a: Porygon2|Recover|p2a: Porygon2
|-heal|p2a: Porygon2|67/100 par
|
|-heal|p1a: Azumarill|70/100|[from] item: Leftovers
|upkeep
|turn|21
|
|t:|1743868997
|move|p1a: Azumarill|Ice Spinner|p2a: Porygon2
|-damage|p2a: Porygon2|46/100 par
|cant|p2a: Porygon2|par
|
|-heal|p1a: Azumarill|76/100|[from] item: Leftovers
|upkeep
|turn|22
|
|t:|1743869002
|move|p1a: Azumarill|Ice Spinner|p2a: Porygon2
|-damage|p2a: Porygon2|24/100 par
|move|p2a: Porygon2|Recover|p2a: Porygon2
|-heal|p2a: Porygon2|74/100 par
|
|-heal|p1a: Azumarill|82/100|[from] item: Leftovers
|upkeep
|turn|23
|
|t:|1743869009
|move|p1a: Azumarill|Belly Drum|p1a: Azumarill
|-damage|p1a: Azumarill|32/100
|-setboost|p1a: Azumarill|atk|6|[from] move: Belly Drum
|move|p2a: Porygon2|Discharge|p1a: Azumarill
|-supereffective|p1a: Azumarill
|-damage|p1a: Azumarill|0 fnt
|faint|p1a: Azumarill
|
|win|tyvubin
|raw|1juantrainer's rating: 1091 &rarr; <strong>1070</strong><br />(-21 for losing)
|raw|tyvubin's rating: 1131 &rarr; <strong>1153</strong><br />(+22 for winning)
|l|☆1juantrainer
|player|p1|
|l|☆tyvubin
|player|p2|
