|j|☆emi-wa
|j|‽Skssn
|t:|1743917857
|gametype|singles
|player|p1|emi-wa|cynthia-masters3|1111
|player|p2|Skssn|n|1143
|teamsize|p1|6
|teamsize|p2|6
|gen|9
|tier|[Gen 9] OU
|rated|
|rule|HP Percentage Mod: HP is shown in percentages
|rule|Endless Battle Clause: Forcing endless battles is banned
|rule|Species Clause: Limit one of each Pokémon
|rule|OHKO Clause: OHKO moves are banned
|rule|Evasion Items Clause: Evasion items are banned
|rule|Evasion Moves Clause: Evasion moves are banned
|rule|Sleep Moves Clause: Sleep-inducing moves are banned
|clearpoke
|poke|p1|Quagsire, M|
|poke|p1|Meowscarada, F|
|poke|p1|Galvantula, M|
|poke|p1|Slowbro-Galar, M|
|poke|p1|Articuno|
|poke|p1|Great Tusk|
|poke|p2|Zamazenta-*|
|poke|p2|Ogerpon-Wellspring, F|
|poke|p2|Slowking-Galar, F|
|poke|p2|Great Tusk|
|poke|p2|Kingambit, M|
|poke|p2|Zapdos|
|teampreview
|inactive|Battle timer is ON: inactive players will automatically lose when time's up. (requested by Skssn)
|
|t:|1743917879
|start
|switch|p1a: お薦|Slowbro-Galar, M|100/100
|switch|p2a: Great Tusk|Great Tusk, shiny|100/100
|turn|1
|-activate|p1a: お薦|item: Quick Claw
|
|t:|1743917892
|-terastallize|p1a: お薦|Ground
|move|p1a: お薦|Ice Beam|p2a: Great Tusk
|-supereffective|p2a: Great Tusk
|-damage|p2a: Great Tusk|17/100
|move|p2a: Great Tusk|Headlong Rush|p1a: お薦
|-damage|p1a: お薦|42/100
|-unboost|p2a: Great Tusk|def|1
|-unboost|p2a: Great Tusk|spd|1
|
|upkeep
|turn|2
|
|t:|1743917911
|-end|p2a: Great Tusk|Protosynthesis|[silent]
|switch|p2a: Ogerpon|Ogerpon-Wellspring, F|100/100
|move|p1a: お薦|Shell Side Arm|p2a: Ogerpon|[anim] Shell Side Arm Special
|-supereffective|p2a: Ogerpon
|-crit|p2a: Ogerpon
|-damage|p2a: Ogerpon|0 fnt
|-hint|Special Shell Side Arm
|faint|p2a: Ogerpon
|
|upkeep
|
|t:|1743917918
|switch|p2a: Zamazenta|Zamazenta|100/100
|-ability|p2a: Zamazenta|Dauntless Shield|boost
|-boost|p2a: Zamazenta|def|1
|turn|3
|
|t:|1743917934
|switch|p1a: すみれの花|Meowscarada, F|100/100
|move|p2a: Zamazenta|Ice Fang|p1a: すみれの花
|-supereffective|p1a: すみれの花
|-damage|p1a: すみれの花|19/100
|-status|p1a: すみれの花|frz
|
|upkeep
|turn|4
|
|t:|1743917942
|cant|p1a: すみれの花|frz
|move|p2a: Zamazenta|Crunch|p1a: すみれの花
|-resisted|p1a: すみれの花
|-damage|p1a: すみれの花|0 fnt
|faint|p1a: すみれの花
|
|upkeep
|
|t:|1743917955
|switch|p1a: リヴァイアサン|Galvantula, M, shiny|100/100
|turn|5
|
|t:|1743917961
|move|p2a: Zamazenta|Stone Edge|p1a: リヴァイアサン
|-supereffective|p1a: リヴァイアサン
|-damage|p1a: リヴァイアサン|0 fnt
|faint|p1a: リヴァイアサン
|
|upkeep
|
|t:|1743917967
|switch|p1a: 運命|Articuno|100/100
|-ability|p1a: 運命|Pressure
|turn|6
|
|t:|1743917974
|move|p2a: Zamazenta|Stone Edge|p1a: 運命
|-supereffective|p1a: 運命
|-damage|p1a: 運命|0 fnt
|faint|p1a: 運命
|
|upkeep
|
|t:|1743917982
|switch|p1a: ヒットラー|Great Tusk|100/100
|turn|7
|
|t:|1743917994
|move|p2a: Zamazenta|Ice Fang|p1a: ヒットラー
|-supereffective|p1a: ヒットラー
|-damage|p1a: ヒットラー|66/100
|move|p1a: ヒットラー|Headlong Rush|p2a: Zamazenta
|-damage|p2a: Zamazenta|58/100
|-unboost|p1a: ヒットラー|def|1
|-unboost|p1a: ヒットラー|spd|1
|
|upkeep
|turn|8
|
|t:|1743918012
|switch|p2a: Zapdos|Zapdos|100/100
|move|p1a: ヒットラー|Headlong Rush|p2a: Zapdos
|-immune|p2a: Zapdos
|
|upkeep
|turn|9
|
|t:|1743918018
|move|p2a: Zapdos|Hurricane|p1a: ヒットラー
|-supereffective|p1a: ヒットラー
|-damage|p1a: ヒットラー|0 fnt
|faint|p1a: ヒットラー
|-end|p1a: ヒットラー|Protosynthesis|[silent]
|
|upkeep
|
|t:|1743918023
|switch|p1a: お薦|Slowbro-Galar, M, tera:Ground|42/100
|turn|10
|
|t:|1743918048
|move|p2a: Zapdos|Hurricane|p1a: お薦
|-crit|p1a: お薦
|-damage|p1a: お薦|0 fnt
|faint|p1a: お薦
|
|upkeep
|
|t:|1743918052
|switch|p1a: ヘルハウンド|Quagsire, M|100/100
|turn|11
|
|t:|1743918057
|move|p2a: Zapdos|Hurricane|p1a: ヘルハウンド
|-damage|p1a: ヘルハウンド|49/100
|move|p1a: ヘルハウンド|Ice Beam|p2a: Zapdos
|-supereffective|p2a: Zapdos
|-damage|p2a: Zapdos|63/100
|
|-heal|p1a: ヘルハウンド|55/100|[from] item: Leftovers
|upkeep
|turn|12
|
|t:|1743918070
|move|p2a: Zapdos|Hurricane|p1a: ヘルハウンド|[miss]
|-miss|p2a: Zapdos|p1a: ヘルハウンド
|move|p1a: ヘルハウンド|Ice Beam|p2a: Zapdos
|-supereffective|p2a: Zapdos
|-damage|p2a: Zapdos|28/100
|
|-heal|p1a: ヘルハウンド|61/100|[from] item: Leftovers
|upkeep
|turn|13
|
|t:|1743918074
|move|p2a: Zapdos|Roost|p2a: Zapdos
|-heal|p2a: Zapdos|78/100
|-singleturn|p2a: Zapdos|move: Roost
|move|p1a: ヘルハウンド|Recover|p1a: ヘルハウンド
|-heal|p1a: ヘルハウンド|100/100
|
|upkeep
|turn|14
|
|t:|1743918081
|move|p2a: Zapdos|Hurricane|p1a: ヘルハウンド
|-damage|p1a: ヘルハウンド|56/100
|-start|p1a: ヘルハウンド|confusion
|-activate|p1a: ヘルハウンド|confusion
|move|p1a: ヘルハウンド|Ice Beam|p2a: Zapdos
|-supereffective|p2a: Zapdos
|-damage|p2a: Zapdos|39/100
|
|-heal|p1a: ヘルハウンド|62/100|[from] item: Leftovers
|upkeep
|turn|15
|
|t:|1743918089
|move|p2a: Zapdos|Roost|p2a: Zapdos
|-heal|p2a: Zapdos|89/100
|-singleturn|p2a: Zapdos|move: Roost
|-end|p1a: ヘルハウンド|confusion
|move|p1a: ヘルハウンド|Ice Beam|p2a: Zapdos
|-damage|p2a: Zapdos|69/100
|
|-heal|p1a: ヘルハウンド|69/100|[from] item: Leftovers
|upkeep
|turn|16
|
|t:|1743918098
|move|p2a: Zapdos|Hurricane|p1a: ヘルハウンド
|-damage|p1a: ヘルハウンド|20/100
|move|p1a: ヘルハウンド|Ice Beam|p2a: Zapdos
|-supereffective|p2a: Zapdos
|-damage|p2a: Zapdos|34/100
|
|-heal|p1a: ヘルハウンド|26/100|[from] item: Leftovers
|upkeep
|turn|17
|
|t:|1743918103
|move|p2a: Zapdos|Hurricane|p1a: ヘルハウンド|[miss]
|-miss|p2a: Zapdos|p1a: ヘルハウンド
|move|p1a: ヘルハウンド|Earth Power|p2a: Zapdos
|-immune|p2a: Zapdos
|
|-heal|p1a: ヘルハウンド|32/100|[from] item: Leftovers
|upkeep
|turn|18
|
|t:|1743918112
|move|p2a: Zapdos|Hurricane|p1a: ヘルハウンド|[miss]
|-miss|p2a: Zapdos|p1a: ヘルハウンド
|move|p1a: ヘルハウンド|Recover|p1a: ヘルハウンド
|-heal|p1a: ヘルハウンド|82/100
|
|-heal|p1a: ヘルハウンド|89/100|[from] item: Leftovers
|upkeep
|turn|19
|
|t:|1743918117
|move|p2a: Zapdos|Roost|p2a: Zapdos
|-heal|p2a: Zapdos|84/100
|-singleturn|p2a: Zapdos|move: Roost
|move|p1a: ヘルハウンド|Earth Power|p2a: Zapdos
|-supereffective|p2a: Zapdos
|-damage|p2a: Zapdos|32/100
|
|-heal|p1a: ヘルハウンド|95/100|[from] item: Leftovers
|upkeep
|turn|20
|
|t:|1743918126
|move|p2a: Zapdos|Roost|p2a: Zapdos
|-heal|p2a: Zapdos|82/100
|-singleturn|p2a: Zapdos|move: Roost
|move|p1a: ヘルハウンド|Ice Beam|p2a: Zapdos
|-damage|p2a: Zapdos|63/100
|
|-heal|p1a: ヘルハウンド|100/100|[from] item: Leftovers
|upkeep
|turn|21
|
|t:|1743918132
|move|p2a: Zapdos|Hurricane|p1a: ヘルハウンド
|-damage|p1a: ヘルハウンド|50/100
|move|p1a: ヘルハウンド|Ice Beam|p2a: Zapdos
|-supereffective|p2a: Zapdos
|-damage|p2a: Zapdos|26/100
|
|-heal|p1a: ヘルハウンド|56/100|[from] item: Leftovers
|upkeep
|turn|22
|
|t:|1743918138
|move|p2a: Zapdos|Hurricane|p1a: ヘルハウンド
|-damage|p1a: ヘルハウンド|11/100
|-start|p1a: ヘルハウンド|confusion
|-activate|p1a: ヘルハウンド|confusion
|-damage|p1a: ヘルハウンド|5/100|[from] confusion
|
|-heal|p1a: ヘルハウンド|11/100|[from] item: Leftovers
|upkeep
|turn|23
|
|t:|1743918143
|move|p2a: Zapdos|Hurricane|p1a: ヘルハウンド
|-damage|p1a: ヘルハウンド|0 fnt
|faint|p1a: ヘルハウンド
|
|win|Skssn
|raw|emi-wa's rating: 1111 &rarr; <strong>1088</strong><br />(-23 for losing)
|raw|Skssn's rating: 1143 &rarr; <strong>1166</strong><br />(+23 for winning)
|l|‽Skssn
|player|p2|
|l|☆emi-wa
|player|p1|
