|j|☆DeaconBlue62
|j|☆acidosis
|t:|1743800562
|gametype|singles
|player|p1|DeaconBlue62|dahlia|1424
|player|p2|acidosis|266|1441
|teamsize|p1|6
|teamsize|p2|6
|gen|9
|tier|[Gen 9] OU
|rated|
|rule|HP Percentage Mod: HP is shown in percentages
|rule|Endless Battle Clause: Forcing endless battles is banned
|rule|Species Clause: Limit one of each Pokémon
|rule|OHKO Clause: OHKO moves are banned
|rule|Evasion Items Clause: Evasion items are banned
|rule|Evasion Moves Clause: Evasion moves are banned
|rule|Sleep Moves Clause: Sleep-inducing moves are banned
|clearpoke
|poke|p1|Ninetales-Alola, F|
|poke|p1|Garganacl, M|
|poke|p1|Skeledirge, F|
|poke|p1|Hoopa-Unbound|
|poke|p1|Scizor, M|
|poke|p1|Tatsugiri, F|
|poke|p2|Araquanid, F|
|poke|p2|Raging Bolt|
|poke|p2|Iron Moth|
|poke|p2|Great Tusk|
|poke|p2|Gholdengo|
|poke|p2|Kingambit, M|
|teampreview
|
|t:|1743800577
|start
|switch|p1a: Stiletto|Scizor, M|100/100
|switch|p2a: Araquanid|Araquanid, F|100/100
|turn|1
|
|t:|1743800583
|move|p1a: Stiletto|Swords Dance|p1a: Stiletto
|-boost|p1a: Stiletto|atk|2
|move|p2a: Araquanid|Liquidation|p1a: Stiletto
|-damage|p1a: Stiletto|52/100
|-unboost|p1a: Stiletto|def|1
|
|-heal|p1a: Stiletto|58/100|[from] item: Leftovers
|upkeep
|turn|2
|
|t:|1743800586
|move|p1a: Stiletto|Dual Wingbeat|p2a: Araquanid|[miss]
|-miss|p1a: Stiletto|p2a: Araquanid
|move|p2a: Araquanid|Liquidation|p1a: Stiletto
|-damage|p1a: Stiletto|0 fnt
|faint|p1a: Stiletto
|
|upkeep
|
|t:|1743800590
|switch|p1a: The Stranger|Garganacl, M|100/100
|turn|3
|
|t:|1743800593
|-terastallize|p1a: The Stranger|Fighting
|move|p2a: Araquanid|Liquidation|p1a: The Stranger
|-damage|p1a: The Stranger|79/100
|move|p1a: The Stranger|Salt Cure|p2a: Araquanid
|-supereffective|p2a: Araquanid
|-damage|p2a: Araquanid|74/100
|-start|p2a: Araquanid|Salt Cure
|
|-heal|p1a: The Stranger|86/100|[from] item: Leftovers
|-damage|p2a: Araquanid|49/100|[from] Salt Cure
|upkeep
|turn|4
|
|t:|1743800599
|move|p2a: Araquanid|Sticky Web|p1a: The Stranger
|-sidestart|p1: DeaconBlue62|move: Sticky Web
|move|p1a: The Stranger|Curse|p1a: The Stranger
|-unboost|p1a: The Stranger|spe|1
|-boost|p1a: The Stranger|atk|1
|-boost|p1a: The Stranger|def|1
|
|-heal|p1a: The Stranger|92/100|[from] item: Leftovers
|-damage|p2a: Araquanid|24/100|[from] Salt Cure
|upkeep
|turn|5
|-enditem|p2a: Araquanid|Custap Berry|[eat]
|-activate|p2a: Araquanid|item: Custap Berry|[consumed]
|
|t:|1743800604
|move|p2a: Araquanid|Lunge|p1a: The Stranger
|-resisted|p1a: The Stranger
|-damage|p1a: The Stranger|89/100
|-unboost|p1a: The Stranger|atk|1
|move|p1a: The Stranger|Salt Cure|p2a: Araquanid
|-supereffective|p2a: Araquanid
|-damage|p2a: Araquanid|0 fnt
|faint|p2a: Araquanid
|
|-heal|p1a: The Stranger|95/100|[from] item: Leftovers
|upkeep
|
|t:|1743800615
|switch|p2a: Raging Bolt|Raging Bolt|100/100
|-enditem|p2a: Raging Bolt|Booster Energy
|-activate|p2a: Raging Bolt|ability: Protosynthesis|[fromitem]
|-start|p2a: Raging Bolt|protosynthesisspa
|turn|6
|
|t:|1743800619
|move|p2a: Raging Bolt|Thunderbolt|p1a: The Stranger
|-damage|p1a: The Stranger|31/100
|move|p1a: The Stranger|Salt Cure|p2a: Raging Bolt
|-damage|p2a: Raging Bolt|87/100
|-start|p2a: Raging Bolt|Salt Cure
|
|-heal|p1a: The Stranger|37/100|[from] item: Leftovers
|-damage|p2a: Raging Bolt|74/100|[from] Salt Cure
|upkeep
|turn|7
|
|t:|1743800627
|switch|p1a: Piano Man|Hoopa-Unbound|100/100
|-activate|p1a: Piano Man|move: Sticky Web
|-unboost|p1a: Piano Man|spe|1
|move|p2a: Raging Bolt|Thunderbolt|p1a: Piano Man
|-damage|p1a: Piano Man|65/100
|
|-damage|p2a: Raging Bolt|62/100|[from] Salt Cure
|upkeep
|turn|8
|
|t:|1743800636
|-end|p2a: Raging Bolt|Protosynthesis|[silent]
|switch|p2a: Great Tusk|Great Tusk|100/100
|-enditem|p2a: Great Tusk|Booster Energy
|-activate|p2a: Great Tusk|ability: Protosynthesis|[fromitem]
|-start|p2a: Great Tusk|protosynthesisatk
|move|p1a: Piano Man|Dark Pulse|p2a: Great Tusk
|-resisted|p2a: Great Tusk
|-damage|p2a: Great Tusk|55/100
|
|upkeep
|turn|9
|
|t:|1743800641
|move|p2a: Great Tusk|Headlong Rush|p1a: Piano Man
|-damage|p1a: Piano Man|0 fnt
|-unboost|p2a: Great Tusk|def|1
|-unboost|p2a: Great Tusk|spd|1
|faint|p1a: Piano Man
|
|upkeep
|
|t:|1743800644
|switch|p1a: Italian Restaurant|Tatsugiri, F|100/100
|turn|10
|
|t:|1743800652
|move|p2a: Great Tusk|Headlong Rush|p1a: Italian Restaurant
|-damage|p1a: Italian Restaurant|0 fnt
|-unboost|p2a: Great Tusk|def|1
|-unboost|p2a: Great Tusk|spd|1
|faint|p1a: Italian Restaurant
|
|upkeep
|
|t:|1743800656
|switch|p1a: Uptown Girl|Ninetales-Alola, F|100/100
|-activate|p1a: Uptown Girl|move: Sticky Web
|-unboost|p1a: Uptown Girl|spe|1
|-weather|Snowscape|[from] ability: Snow Warning|[of] p1a: Uptown Girl
|turn|11
|
|t:|1743800659
|move|p1a: Uptown Girl|Blizzard|p2a: Great Tusk
|-supereffective|p2a: Great Tusk
|-crit|p2a: Great Tusk
|-damage|p2a: Great Tusk|0 fnt
|faint|p2a: Great Tusk
|-end|p2a: Great Tusk|Protosynthesis|[silent]
|
|-weather|Snowscape|[upkeep]
|upkeep
|inactive|Battle timer is ON: inactive players will automatically lose when time's up. (requested by DeaconBlue62)
|
|t:|1743800670
|switch|p2a: Gholdengo|Gholdengo|100/100
|-item|p2a: Gholdengo|Air Balloon
|turn|12
|
|t:|1743800674
|switch|p1a: Anthony's Song|Skeledirge, F|100/100
|move|p2a: Gholdengo|Nasty Plot|p2a: Gholdengo
|-boost|p2a: Gholdengo|spa|2
|
|-weather|Snowscape|[upkeep]
|upkeep
|turn|13
|
|t:|1743800678
|move|p2a: Gholdengo|Shadow Ball|p1a: Anthony's Song
|-supereffective|p1a: Anthony's Song
|-damage|p1a: Anthony's Song|13/100
|move|p1a: Anthony's Song|Torch Song|p2a: Gholdengo
|-supereffective|p2a: Gholdengo
|-damage|p2a: Gholdengo|1/100
|-boost|p1a: Anthony's Song|spa|1
|-enditem|p2a: Gholdengo|Air Balloon
|
|-weather|Snowscape|[upkeep]
|upkeep
|turn|14
|
|t:|1743800683
|move|p2a: Gholdengo|Shadow Ball|p1a: Anthony's Song
|-supereffective|p1a: Anthony's Song
|-damage|p1a: Anthony's Song|0 fnt
|faint|p1a: Anthony's Song
|
|-weather|Snowscape|[upkeep]
|upkeep
|
|t:|1743800685
|switch|p1a: Uptown Girl|Ninetales-Alola, F|100/100
|-activate|p1a: Uptown Girl|move: Sticky Web
|-unboost|p1a: Uptown Girl|spe|1
|turn|15
|
|t:|1743800691
|move|p1a: Uptown Girl|Blizzard|p2a: Gholdengo
|-resisted|p2a: Gholdengo
|-damage|p2a: Gholdengo|0 fnt
|faint|p2a: Gholdengo
|
|-weather|none
|upkeep
|
|t:|1743800694
|switch|p2a: Iron Moth|Iron Moth|100/100
|-enditem|p2a: Iron Moth|Booster Energy
|-activate|p2a: Iron Moth|ability: Quark Drive|[fromitem]
|-start|p2a: Iron Moth|quarkdrivespa
|turn|16
|
|t:|1743800696
|switch|p1a: The Stranger|Garganacl, M, tera:Fighting|37/100
|-activate|p1a: The Stranger|move: Sticky Web
|-unboost|p1a: The Stranger|spe|1
|move|p2a: Iron Moth|Fiery Dance|p1a: The Stranger
|-damage|p1a: The Stranger|0 fnt
|faint|p1a: The Stranger
|
|upkeep
|
|t:|1743800698
|switch|p1a: Uptown Girl|Ninetales-Alola, F|100/100
|-activate|p1a: Uptown Girl|move: Sticky Web
|-unboost|p1a: Uptown Girl|spe|1
|-weather|Snowscape|[from] ability: Snow Warning|[of] p1a: Uptown Girl
|turn|17
|
|t:|1743800701
|move|p2a: Iron Moth|Fiery Dance|p1a: Uptown Girl
|-supereffective|p1a: Uptown Girl
|-damage|p1a: Uptown Girl|0 fnt
|-boost|p2a: Iron Moth|spa|1
|faint|p1a: Uptown Girl
|
|win|acidosis
|raw|DeaconBlue62's rating: 1424 &rarr; <strong>1405</strong><br />(-19 for losing)
|raw|acidosis's rating: 1441 &rarr; <strong>1460</strong><br />(+19 for winning)
|c|☆DeaconBlue62|gg
|l|☆DeaconBlue62
|player|p1|
|l|☆acidosis
|player|p2|
