|j|☆pokpokpoko
|j|☆Zxz08720
|t:|1743812217
|gametype|singles
|player|p1|pokpokpoko|169|1275
|player|p2|Zxz08720|170|1347
|teamsize|p1|6
|teamsize|p2|6
|gen|9
|tier|[Gen 9] OU
|rated|
|rule|HP Percentage Mod: HP is shown in percentages
|rule|Endless Battle Clause: Forcing endless battles is banned
|rule|Species Clause: Limit one of each Pokémon
|rule|OHKO Clause: OHKO moves are banned
|rule|Evasion Items Clause: Evasion items are banned
|rule|Evasion Moves Clause: Evasion moves are banned
|rule|Sleep Moves Clause: Sleep-inducing moves are banned
|clearpoke
|poke|p1|Slowking-Galar, F|
|poke|p1|Indeedee, M|
|poke|p1|Mamoswine, M|
|poke|p1|Kyurem|
|poke|p1|Sandslash-Alola, F|
|poke|p1|Zapdos|
|poke|p2|Garganacl, F|
|poke|p2|Dragapult, M|
|poke|p2|Iron Crown|
|poke|p2|Great Tusk|
|poke|p2|Ogerpon-Wellspring, F|
|poke|p2|Moltres|
|teampreview
|inactive|Battle timer is ON: inactive players will automatically lose when time's up. (requested by pokpokpoko)
|
|t:|1743812258
|start
|switch|p1a: Slowking|Slowking-Galar, F|100/100
|switch|p2a: Iron Crown|Iron Crown|100/100
|turn|1
|
|t:|1743812271
|move|p2a: Iron Crown|Psychic Noise|p1a: Slowking
|-damage|p1a: Slowking|69/100
|-start|p1a: Slowking|move: Heal Block
|-prepare|p1a: Slowking|Chilly Reception|[premajor]
|move|p1a: Slowking|Chilly Reception|p1a: Slowking
|-weather|Snowscape
|inactive|pokpokpoko has 120 seconds left.
|
|t:|1743812303
|switch|p1a: Sandslash|Sandslash-Alola, F|100/100|[from] Chilly Reception
|
|-weather|Snowscape|[upkeep]
|upkeep
|turn|2
|inactive|pokpokpoko has 120 seconds left.
|
|t:|1743812319
|-end|p2a: Iron Crown|Quark Drive|[silent]
|switch|p2a: Moltres|Moltres|100/100
|move|p1a: Sandslash|Knock Off|p2a: Moltres
|-damage|p2a: Moltres|77/100
|-enditem|p2a: Moltres|Choice Specs|[from] move: Knock Off|[of] p1a: Sandslash
|
|-weather|Snowscape|[upkeep]
|upkeep
|turn|3
|inactive|pokpokpoko has 120 seconds left.
|
|t:|1743812340
|switch|p1a: Indeedee|Indeedee, M|100/100
|-fieldstart|move: Psychic Terrain|[from] ability: Psychic Surge|[of] p1a: Indeedee
|move|p2a: Moltres|Flamethrower|p1a: Indeedee
|-damage|p1a: Indeedee|32/100
|
|-weather|Snowscape|[upkeep]
|upkeep
|turn|4
|
|t:|1743812356
|move|p1a: Indeedee|Expanding Force|p2a: Moltres
|-damage|p2a: Moltres|0 fnt
|faint|p2a: Moltres
|
|-weather|Snowscape|[upkeep]
|upkeep
|
|t:|1743812364
|switch|p2a: Dragapult|Dragapult, M|100/100
|turn|5
|
|t:|1743812384
|switch|p1a: Slowking|Slowking-Galar, F|100/100
|move|p2a: Dragapult|U-turn|p1a: Slowking
|-damage|p1a: Slowking|64/100
|
|t:|1743812402
|switch|p2a: Ogerpon|Ogerpon-Wellspring, F|100/100|[from] U-turn
|
|-weather|none
|upkeep
|turn|6
|
|t:|1743812417
|move|p2a: Ogerpon|Substitute|p2a: Ogerpon
|-start|p2a: Ogerpon|Substitute
|-damage|p2a: Ogerpon|76/100
|move|p1a: Slowking|Expanding Force|p2a: Ogerpon
|-end|p2a: Ogerpon|Substitute
|
|upkeep
|turn|7
|inactive|Zxz08720 has 120 seconds left.
|
|t:|1743812448
|move|p2a: Ogerpon|Substitute|p2a: Ogerpon
|-start|p2a: Ogerpon|Substitute
|-damage|p2a: Ogerpon|51/100
|-prepare|p1a: Slowking|Chilly Reception|[premajor]
|move|p1a: Slowking|Chilly Reception|p1a: Slowking
|-weather|Snowscape
|inactive|pokpokpoko has 90 seconds left.
|
|t:|1743812495
|switch|p1a: Mamoswine|Mamoswine, M|100/100|[from] Chilly Reception
|
|-weather|Snowscape|[upkeep]
|upkeep
|turn|8
|inactive|Zxz08720 has 120 seconds left.
|
|t:|1743812520
|-terastallize|p1a: Mamoswine|Grass
|move|p2a: Ogerpon|Ivy Cudgel|p1a: Mamoswine|[anim] Ivy Cudgel Water
|-resisted|p1a: Mamoswine
|-damage|p1a: Mamoswine|68/100
|move|p1a: Mamoswine|Trailblaze|p2a: Ogerpon
|-end|p2a: Ogerpon|Substitute
|-boost|p1a: Mamoswine|spe|1
|
|-weather|Snowscape|[upkeep]
|upkeep
|turn|9
|inactive|pokpokpoko has 60 seconds left.
|inactive|Zxz08720 has 90 seconds left.
|
|t:|1743812544
|switch|p2a: Dragapult|Dragapult, M|100/100
|move|p1a: Mamoswine|Trailblaze|p2a: Dragapult
|-resisted|p2a: Dragapult
|-damage|p2a: Dragapult|79/100
|-boost|p1a: Mamoswine|spe|1
|
|-weather|Snowscape|[upkeep]
|upkeep
|turn|10
|inactive|pokpokpoko has 60 seconds left.
|inactive|Zxz08720 has 90 seconds left.
|
|t:|1743812555
|move|p1a: Mamoswine|Knock Off|p2a: Dragapult
|-supereffective|p2a: Dragapult
|-damage|p2a: Dragapult|0 fnt
|-enditem|p2a: Dragapult|Choice Band|[from] move: Knock Off|[of] p1a: Mamoswine
|faint|p2a: Dragapult
|
|-weather|Snowscape|[upkeep]
|-fieldend|move: Psychic Terrain
|upkeep
|inactive|Zxz08720 has 90 seconds left.
|
|t:|1743812563
|switch|p2a: Great Tusk|Great Tusk|100/100
|turn|11
|
|t:|1743812576
|move|p1a: Mamoswine|Icicle Crash|p2a: Great Tusk
|-supereffective|p2a: Great Tusk
|-damage|p2a: Great Tusk|26/100
|move|p2a: Great Tusk|Ice Spinner|p1a: Mamoswine
|-supereffective|p1a: Mamoswine
|-damage|p1a: Mamoswine|33/100
|
|-weather|none
|upkeep
|turn|12
|-message|Zxz08720 forfeited.
|
|win|pokpokpoko
|raw|pokpokpoko's rating: 1275 &rarr; <strong>1305</strong><br />(+30 for winning)
|raw|Zxz08720's rating: 1347 &rarr; <strong>1323</strong><br />(-24 for losing)
|l|☆Zxz08720
|player|p2|
|l|☆pokpokpoko
|player|p1|
