|j|☆Ceron75
|j|☆BrazilianKickboxer
|t:|1743870741
|gametype|singles
|player|p1|Ceron75|colress|1212
|player|p2|BrazilianKickboxer|palmer|1163
|teamsize|p1|6
|teamsize|p2|6
|gen|9
|tier|[Gen 9] OU
|rated|
|rule|HP Percentage Mod: HP is shown in percentages
|rule|Endless Battle Clause: Forcing endless battles is banned
|rule|Species Clause: Limit one of each Pokémon
|rule|OHKO Clause: OHKO moves are banned
|rule|Evasion Items Clause: Evasion items are banned
|rule|Evasion Moves Clause: Evasion moves are banned
|rule|Sleep Moves Clause: Sleep-inducing moves are banned
|clearpoke
|poke|p1|Samurott-Hisui, M|
|poke|p1|Murkrow, F|
|poke|p1|Ribombee, F|
|poke|p1|Pelipper, F|
|poke|p1|Corviknight, M|
|poke|p1|Kingambit, M|
|poke|p2|Blaziken, M|
|poke|p2|Snorlax, F|
|poke|p2|Torkoal, M|
|poke|p2|Venusaur, M|
|poke|p2|Gliscor, M|
|poke|p2|Scizor, M|
|teampreview
|inactive|Battle timer is ON: inactive players will automatically lose when time's up. (requested by Ceron75)
|
|t:|1743870758
|start
|switch|p1a: Ribombee|Ribombee, F|100/100
|switch|p2a: Tsunade|Torkoal, M, shiny|100/100
|-weather|SunnyDay|[from] ability: Drought|[of] p2a: Tsunade
|turn|1
|
|t:|1743870767
|switch|p2a: Kakashi|Venusaur, M, shiny|100/100
|move|p1a: Ribombee|Sticky Web|p2a: Kakashi
|-sidestart|p2: BrazilianKickboxer|move: Sticky Web
|
|-weather|SunnyDay|[upkeep]
|upkeep
|turn|2
|
|t:|1743870774
|move|p2a: Kakashi|Solar Beam||[still]
|-prepare|p2a: Kakashi|Solar Beam
|-anim|p2a: Kakashi|Solar Beam|p1a: Ribombee
|-resisted|p1a: Ribombee
|-damage|p1a: Ribombee|60/100
|move|p1a: Ribombee|Tailwind|p1a: Ribombee
|-sidestart|p1: Ceron75|move: Tailwind
|
|-weather|SunnyDay|[upkeep]
|upkeep
|turn|3
|
|t:|1743870781
|move|p1a: Ribombee|U-turn|p2a: Kakashi
|-damage|p2a: Kakashi|79/100
|
|t:|1743870785
|switch|p1a: Pelipper|Pelipper, F|100/100|[from] U-turn
|-weather|RainDance|[from] ability: Drizzle|[of] p1a: Pelipper
|move|p2a: Kakashi|Sludge Bomb|p1a: Pelipper
|-damage|p1a: Pelipper|58/100
|-status|p1a: Pelipper|psn
|
|-weather|RainDance|[upkeep]
|-heal|p2a: Kakashi|85/100|[from] item: Leftovers
|-damage|p1a: Pelipper|45/100 psn|[from] psn
|upkeep
|turn|4
|
|t:|1743870796
|move|p1a: Pelipper|Knock Off|p2a: Kakashi
|-damage|p2a: Kakashi|65/100
|-enditem|p2a: Kakashi|Leftovers|[from] move: Knock Off|[of] p1a: Pelipper
|move|p2a: Kakashi|Sludge Bomb|p1a: Pelipper
|-damage|p1a: Pelipper|5/100 psn
|
|-weather|RainDance|[upkeep]
|-damage|p1a: Pelipper|0 fnt|[from] psn
|faint|p1a: Pelipper
|upkeep
|
|t:|1743870802
|switch|p1a: Samurott|Samurott-Hisui, M|100/100
|turn|5
|
|t:|1743870809
|-terastallize|p1a: Samurott|Water
|move|p1a: Samurott|Aqua Cutter|p2a: Kakashi
|-resisted|p2a: Kakashi
|-damage|p2a: Kakashi|0 fnt
|faint|p2a: Kakashi
|-damage|p1a: Samurott|91/100|[from] item: Life Orb
|
|-weather|RainDance|[upkeep]
|-sideend|p1: Ceron75|move: Tailwind
|upkeep
|
|t:|1743870819
|switch|p2a: Tsunade|Torkoal, M, shiny|100/100
|-activate|p2a: Tsunade|move: Sticky Web
|-unboost|p2a: Tsunade|spe|1
|-weather|SunnyDay|[from] ability: Drought|[of] p2a: Tsunade
|turn|6
|
|t:|1743870830
|move|p1a: Samurott|Aqua Cutter|p2a: Tsunade
|-supereffective|p2a: Tsunade
|-damage|p2a: Tsunade|56/100
|-damage|p1a: Samurott|81/100|[from] item: Life Orb
|move|p2a: Tsunade|Lava Plume|p1a: Samurott
|-resisted|p1a: Samurott
|-damage|p1a: Samurott|53/100
|
|-weather|SunnyDay|[upkeep]
|upkeep
|turn|7
|
|t:|1743870839
|move|p1a: Samurott|Ceaseless Edge|p2a: Tsunade
|-damage|p2a: Tsunade|25/100
|-sidestart|p2: BrazilianKickboxer|Spikes
|-damage|p1a: Samurott|43/100|[from] item: Life Orb
|move|p2a: Tsunade|Lava Plume|p1a: Samurott
|-resisted|p1a: Samurott
|-crit|p1a: Samurott
|-damage|p1a: Samurott|5/100
|
|-weather|SunnyDay|[upkeep]
|upkeep
|turn|8
|
|t:|1743870853
|switch|p2a: Chouji|Snorlax, F|100/100
|-activate|p2a: Chouji|move: Sticky Web
|-unboost|p2a: Chouji|spe|1
|-damage|p2a: Chouji|88/100|[from] Spikes
|move|p1a: Samurott|Ceaseless Edge|p2a: Chouji
|-damage|p2a: Chouji|30/100
|-damage|p1a: Samurott|0 fnt|[from] item: Rocky Helmet|[of] p2a: Chouji
|faint|p1a: Samurott
|
|-weather|SunnyDay|[upkeep]
|upkeep
|
|t:|1743870861
|switch|p1a: Murkrow|Murkrow, F|100/100
|turn|9
|
|t:|1743870866
|move|p1a: Murkrow|Taunt|p2a: Chouji
|-start|p2a: Chouji|move: Taunt
|cant|p2a: Chouji|move: Taunt|Rest
|
|-weather|SunnyDay|[upkeep]
|upkeep
|turn|10
|
|t:|1743870875
|move|p1a: Murkrow|Perish Song|p1a: Murkrow
|-start|p1a: Murkrow|perish3|[silent]
|-start|p2a: Chouji|perish3|[silent]
|-fieldactivate|move: Perish Song
|move|p2a: Chouji|Body Slam|p1a: Murkrow
|-damage|p1a: Murkrow|31/100
|
|-weather|SunnyDay|[upkeep]
|-start|p1a: Murkrow|perish3
|-start|p2a: Chouji|perish3
|upkeep
|turn|11
|
|t:|1743870882
|move|p1a: Murkrow|U-turn|p2a: Chouji
|-damage|p2a: Chouji|16/100
|-damage|p1a: Murkrow|14/100|[from] item: Rocky Helmet|[of] p2a: Chouji
|
|t:|1743870887
|switch|p1a: Corviknight|Corviknight, M|100/100|[from] U-turn
|-ability|p1a: Corviknight|Pressure
|move|p2a: Chouji|Body Slam|p1a: Corviknight
|-resisted|p1a: Corviknight
|-damage|p1a: Corviknight|91/100
|
|-weather|SunnyDay|[upkeep]
|-end|p2a: Chouji|move: Taunt
|-start|p2a: Chouji|perish2
|upkeep
|turn|12
|
|t:|1743870897
|move|p1a: Corviknight|Body Press|p2a: Chouji
|-supereffective|p2a: Chouji
|-damage|p2a: Chouji|0 fnt
|-damage|p1a: Corviknight|75/100|[from] item: Rocky Helmet|[of] p2a: Chouji
|faint|p2a: Chouji
|
|-weather|SunnyDay|[upkeep]
|upkeep
|
|t:|1743870911
|switch|p2a: Minato|Scizor, M, shiny|100/100
|-activate|p2a: Minato|move: Sticky Web
|-unboost|p2a: Minato|spe|1
|-damage|p2a: Minato|88/100|[from] Spikes
|turn|13
|
|t:|1743870918
|move|p1a: Corviknight|Body Press|p2a: Minato
|-damage|p2a: Minato|60/100
|-damage|p1a: Corviknight|58/100|[from] item: Rocky Helmet|[of] p2a: Minato
|move|p2a: Minato|Swords Dance|p2a: Minato
|-boost|p2a: Minato|atk|2
|
|-weather|none
|upkeep
|turn|14
|
|t:|1743870927
|switch|p1a: Ribombee|Ribombee, F|60/100
|move|p2a: Minato|Counter||[still]
|-fail|p2a: Minato
|
|upkeep
|turn|15
|
|t:|1743870935
|move|p2a: Minato|Bullet Punch|p1a: Ribombee
|-supereffective|p1a: Ribombee
|-damage|p1a: Ribombee|0 fnt
|faint|p1a: Ribombee
|
|upkeep
|
|t:|1743870938
|switch|p1a: Murkrow|Murkrow, F|14/100
|turn|16
|
|t:|1743870942
|move|p1a: Murkrow|Haze|p1a: Murkrow
|-clearallboost
|move|p2a: Minato|Bullet Punch|p1a: Murkrow
|-damage|p1a: Murkrow|0 fnt
|faint|p1a: Murkrow
|
|upkeep
|
|t:|1743870948
|switch|p1a: Corviknight|Corviknight, M|58/100
|-ability|p1a: Corviknight|Pressure
|turn|17
|
|t:|1743870962
|move|p1a: Corviknight|Body Press|p2a: Minato
|-damage|p2a: Minato|35/100
|-damage|p1a: Corviknight|42/100|[from] item: Rocky Helmet|[of] p2a: Minato
|move|p2a: Minato|Counter|p1a: Corviknight
|-damage|p1a: Corviknight|0 fnt
|faint|p1a: Corviknight
|
|upkeep
|
|t:|1743870966
|switch|p1a: Kingambit|Kingambit, M|100/100
|-activate|p1a: Kingambit|ability: Supreme Overlord
|-start|p1a: Kingambit|fallen5|[silent]
|turn|18
|
|t:|1743870977
|move|p1a: Kingambit|Sucker Punch|p2a: Minato
|-damage|p2a: Minato|0 fnt
|-damage|p1a: Kingambit|84/100|[from] item: Rocky Helmet|[of] p2a: Minato
|faint|p2a: Minato
|
|upkeep
|
|t:|1743870986
|switch|p2a: Tsunade|Torkoal, M, shiny|25/100
|-activate|p2a: Tsunade|move: Sticky Web
|-unboost|p2a: Tsunade|spe|1
|-damage|p2a: Tsunade|13/100|[from] Spikes
|-weather|SunnyDay|[from] ability: Drought|[of] p2a: Tsunade
|turn|19
|
|t:|1743870992
|move|p1a: Kingambit|Sucker Punch|p2a: Tsunade
|-damage|p2a: Tsunade|0 fnt
|faint|p2a: Tsunade
|
|-weather|SunnyDay|[upkeep]
|upkeep
|
|t:|1743870995
|switch|p2a: Naruto|Blaziken, M|100/100
|-activate|p2a: Naruto|move: Sticky Web
|-unboost|p2a: Naruto|spe|1
|-damage|p2a: Naruto|88/100|[from] Spikes
|turn|20
|
|t:|1743870998
|move|p2a: Naruto|Protect|p2a: Naruto
|-singleturn|p2a: Naruto|Protect
|move|p1a: Kingambit|Sucker Punch||[still]
|-fail|p1a: Kingambit
|
|-weather|SunnyDay|[upkeep]
|-ability|p2a: Naruto|Speed Boost|boost
|-boost|p2a: Naruto|spe|1
|upkeep
|turn|21
|inactive|BrazilianKickboxer has 120 seconds left.
|inactive|BrazilianKickboxer has 90 seconds left.
|
|t:|1743871067
|move|p1a: Kingambit|Sucker Punch|p2a: Naruto
|-resisted|p2a: Naruto
|-damage|p2a: Naruto|22/100
|move|p2a: Naruto|Close Combat|p1a: Kingambit
|-supereffective|p1a: Kingambit
|-damage|p1a: Kingambit|0 fnt
|-unboost|p2a: Naruto|def|1
|-unboost|p2a: Naruto|spd|1
|faint|p1a: Kingambit
|-end|p1a: Kingambit|fallen5|[silent]
|
|win|BrazilianKickboxer
|raw|Ceron75's rating: 1212 &rarr; <strong>1183</strong><br />(-29 for losing)
|raw|BrazilianKickboxer's rating: 1163 &rarr; <strong>1192</strong><br />(+29 for winning)
|l|☆BrazilianKickboxer
|player|p2|
