|j|☆weird mon
|j|☆MY爱莉希雅SAMA
|t:|1743936446
|gametype|singles
|player|p1|weird mon|battlegirl-gen4|1680
|player|p2|MY爱莉希雅SAMA|lacey|1628
|teamsize|p1|6
|teamsize|p2|6
|gen|9
|tier|[Gen 9] OU
|rated|
|rule|HP Percentage Mod: HP is shown in percentages
|rule|Endless Battle Clause: Forcing endless battles is banned
|rule|Species Clause: Limit one of each Pokémon
|rule|OHKO Clause: OHKO moves are banned
|rule|Evasion Items Clause: Evasion items are banned
|rule|Evasion Moves Clause: Evasion moves are banned
|rule|Sleep Moves Clause: Sleep-inducing moves are banned
|clearpoke
|poke|p1|Araquanid, M|
|poke|p1|Pecharunt|
|poke|p1|Moltres-Galar|
|poke|p1|Great Tusk|
|poke|p1|Kingambit, F|
|poke|p1|Iron Valiant|
|poke|p2|Glimmora, M|
|poke|p2|Zamazenta-*|
|poke|p2|Latias, F|
|poke|p2|Gholdengo|
|poke|p2|Dragonite, M|
|poke|p2|Weavile, F|
|teampreview
|c|☆weird mon|hf
|inactive|Battle timer is ON: inactive players will automatically lose when time's up. (requested by weird mon)
|
|t:|1743936466
|start
|switch|p1a: Araquanid|Araquanid, M|100/100
|switch|p2a: Weavile|Weavile, F|100/100
|turn|1
|
|t:|1743936471
|move|p2a: Weavile|Knock Off|p1a: Araquanid
|-damage|p1a: Araquanid|18/100
|-enditem|p1a: Araquanid|Custap Berry|[from] move: Knock Off|[of] p2a: Weavile
|move|p1a: Araquanid|Sticky Web|p2a: Weavile
|-sidestart|p2: MY爱莉希雅SAMA|move: Sticky Web
|
|upkeep
|turn|2
|
|t:|1743936478
|move|p2a: Weavile|Knock Off|p1a: Araquanid
|-damage|p1a: Araquanid|0 fnt
|faint|p1a: Araquanid
|
|upkeep
|inactive|weird mon has 120 seconds left.
|
|t:|1743936510
|switch|p1a: Iron Valiant|Iron Valiant|100/100
|-enditem|p1a: Iron Valiant|Booster Energy
|-activate|p1a: Iron Valiant|ability: Quark Drive|[fromitem]
|-start|p1a: Iron Valiant|quarkdrivespa
|turn|3
|
|t:|1743936516
|switch|p2a: Gholdengo|Gholdengo|100/100
|-activate|p2a: Gholdengo|move: Sticky Web
|-unboost|p2a: Gholdengo|spe|1
|move|p1a: Iron Valiant|Moonblast|p2a: Gholdengo
|-resisted|p2a: Gholdengo
|-damage|p2a: Gholdengo|69/100
|
|upkeep
|turn|4
|inactive|weird mon has 120 seconds left.
|
|t:|1743936541
|-end|p1a: Iron Valiant|Quark Drive|[silent]
|switch|p1a: Moltres|Moltres-Galar|100/100
|move|p2a: Gholdengo|Dazzling Gleam|p1a: Moltres
|-supereffective|p1a: Moltres
|-damage|p1a: Moltres|64/100
|
|upkeep
|turn|5
|
|t:|1743936547
|move|p1a: Moltres|Fiery Wrath|p2a: Gholdengo
|-supereffective|p2a: Gholdengo
|-damage|p2a: Gholdengo|0 fnt
|faint|p2a: Gholdengo
|
|upkeep
|
|t:|1743936550
|switch|p2a: Glimmora|Glimmora, M|100/100
|-activate|p2a: Glimmora|move: Sticky Web
|-unboost|p2a: Glimmora|spe|1
|turn|6
|
|t:|1743936564
|move|p1a: Moltres|Fiery Wrath|p2a: Glimmora
|-damage|p2a: Glimmora|66/100
|-enditem|p2a: Glimmora|Red Card|[of] p1a: Moltres
|drag|p1a: Pecharunt|Pecharunt|100/100
|-item|p1a: Pecharunt|Air Balloon
|move|p2a: Glimmora|Mortal Spin|p1a: Pecharunt
|-resisted|p1a: Pecharunt
|-damage|p1a: Pecharunt|99/100
|-enditem|p1a: Pecharunt|Air Balloon
|-sideend|p2: MY爱莉希雅SAMA|Sticky Web|[from] move: Mortal Spin|[of] p2a: Glimmora
|
|upkeep
|turn|7
|
|t:|1743936575
|move|p1a: Pecharunt|Nasty Plot|p1a: Pecharunt
|-boost|p1a: Pecharunt|spa|2
|move|p2a: Glimmora|Stealth Rock|p1a: Pecharunt
|-sidestart|p1: weird mon|move: Stealth Rock
|
|upkeep
|turn|8
|
|t:|1743936590
|move|p1a: Pecharunt|Hex|p2a: Glimmora
|-damage|p2a: Glimmora|26/100
|move|p2a: Glimmora|Earth Power|p1a: Pecharunt
|-supereffective|p1a: Pecharunt
|-damage|p1a: Pecharunt|37/100
|
|upkeep
|turn|9
|
|t:|1743936599
|move|p1a: Pecharunt|Hex|p2a: Glimmora
|-damage|p2a: Glimmora|0 fnt
|faint|p2a: Glimmora
|
|upkeep
|
|t:|1743936609
|switch|p2a: Weavile|Weavile, F|100/100
|turn|10
|
|t:|1743936637
|move|p2a: Weavile|Triple Axel|p1a: Pecharunt
|-damage|p1a: Pecharunt|26/100
|-damage|p1a: Pecharunt|5/100
|-damage|p1a: Pecharunt|0 fnt
|faint|p1a: Pecharunt
|-hitcount|p1: Pecharunt|3
|
|upkeep
|inactive|weird mon has 120 seconds left.
|
|t:|1743936664
|switch|p1a: Kingambit|Kingambit, F|100/100
|-damage|p1a: Kingambit|94/100|[from] Stealth Rock
|-activate|p1a: Kingambit|ability: Supreme Overlord
|-start|p1a: Kingambit|fallen2|[silent]
|turn|11
|
|t:|1743936678
|move|p2a: Weavile|Triple Axel|p1a: Kingambit
|-resisted|p1a: Kingambit
|-damage|p1a: Kingambit|88/100
|-resisted|p1a: Kingambit
|-damage|p1a: Kingambit|78/100
|-hitcount|p1a: Kingambit|2
|move|p1a: Kingambit|Iron Head|p2a: Weavile
|-supereffective|p2a: Weavile
|-damage|p2a: Weavile|0 fnt
|faint|p2a: Weavile
|
|upkeep
|
|t:|1743936683
|switch|p2a: Dragonite|Dragonite, M|100/100
|turn|12
|inactive|weird mon has 120 seconds left.
|
|t:|1743936691
|move|p2a: Dragonite|Dragon Dance|p2a: Dragonite
|-boost|p2a: Dragonite|atk|1
|-boost|p2a: Dragonite|spe|1
|move|p1a: Kingambit|Iron Head|p2a: Dragonite
|-damage|p2a: Dragonite|68/100
|
|upkeep
|turn|13
|inactive|weird mon has 120 seconds left.
|
|t:|1743936705
|-terastallize|p1a: Kingambit|Ghost
|move|p2a: Dragonite|Earthquake|p1a: Kingambit
|-damage|p1a: Kingambit|34/100
|move|p1a: Kingambit|Kowtow Cleave|p2a: Dragonite
|-damage|p2a: Dragonite|1/100
|
|upkeep
|turn|14
|
|t:|1743936713
|move|p1a: Kingambit|Sucker Punch|p2a: Dragonite
|-damage|p2a: Dragonite|0 fnt
|faint|p2a: Dragonite
|
|upkeep
|
|t:|1743936718
|switch|p2a: Zamazenta|Zamazenta|100/100
|-ability|p2a: Zamazenta|Dauntless Shield|boost
|-boost|p2a: Zamazenta|def|1
|turn|15
|
|t:|1743936723
|-end|p1a: Kingambit|fallen2|[silent]
|switch|p1a: Moltres|Moltres-Galar|64/100
|-damage|p1a: Moltres|39/100|[from] Stealth Rock
|-enditem|p1a: Moltres|Sitrus Berry|[eat]
|-heal|p1a: Moltres|64/100|[from] item: Sitrus Berry
|move|p2a: Zamazenta|Crunch|p1a: Moltres
|-resisted|p1a: Moltres
|-damage|p1a: Moltres|53/100
|
|upkeep
|turn|16
|
|t:|1743936731
|switch|p2a: Latias|Latias, F|100/100
|move|p1a: Moltres|Hurricane|p2a: Latias
|-damage|p2a: Latias|66/100
|
|-heal|p2a: Latias|72/100|[from] item: Leftovers
|upkeep
|turn|17
|
|t:|1743936739
|-terastallize|p2a: Latias|Fairy
|move|p2a: Latias|Calm Mind|p2a: Latias
|-boost|p2a: Latias|spa|1
|-boost|p2a: Latias|spd|1
|move|p1a: Moltres|Taunt|p2a: Latias
|-start|p2a: Latias|move: Taunt
|
|-heal|p2a: Latias|78/100|[from] item: Leftovers
|upkeep
|turn|18
|
|t:|1743936745
|move|p2a: Latias|Draining Kiss|p1a: Moltres
|-supereffective|p1a: Moltres
|-damage|p1a: Moltres|5/100
|-heal|p2a: Latias|100/100|[from] drain|[of] p1a: Moltres
|-ability|p1a: Moltres|Berserk|boost
|-boost|p1a: Moltres|spa|1
|move|p1a: Moltres|Hurricane|p2a: Latias
|-damage|p2a: Latias|62/100
|-start|p2a: Latias|confusion
|
|-heal|p2a: Latias|68/100|[from] item: Leftovers
|upkeep
|turn|19
|
|t:|1743936755
|-activate|p2a: Latias|confusion
|-damage|p2a: Latias|63/100|[from] confusion
|move|p1a: Moltres|Hurricane|p2a: Latias|[miss]
|-miss|p1a: Moltres|p2a: Latias
|
|-heal|p2a: Latias|69/100|[from] item: Leftovers
|upkeep
|turn|20
|
|t:|1743936759
|-activate|p2a: Latias|confusion
|-damage|p2a: Latias|64/100|[from] confusion
|move|p1a: Moltres|Hurricane|p2a: Latias
|-damage|p2a: Latias|24/100
|
|-heal|p2a: Latias|30/100|[from] item: Leftovers
|-end|p2a: Latias|move: Taunt
|upkeep
|turn|21
|
|t:|1743936766
|-activate|p2a: Latias|confusion
|move|p2a: Latias|Agility|p2a: Latias
|-boost|p2a: Latias|spe|2
|move|p1a: Moltres|Taunt|p2a: Latias
|-start|p2a: Latias|move: Taunt
|
|-heal|p2a: Latias|36/100|[from] item: Leftovers
|upkeep
|turn|22
|
|t:|1743936772
|-end|p2a: Latias|confusion
|move|p2a: Latias|Draining Kiss|p1a: Moltres
|-supereffective|p1a: Moltres
|-damage|p1a: Moltres|0 fnt
|-heal|p2a: Latias|40/100|[from] drain|[of] p1a: Moltres
|faint|p1a: Moltres
|
|-heal|p2a: Latias|46/100|[from] item: Leftovers
|upkeep
|j| meeweem
|
|t:|1743936778
|switch|p1a: Iron Valiant|Iron Valiant|100/100
|-damage|p1a: Iron Valiant|94/100|[from] Stealth Rock
|turn|23
|
|t:|1743936786
|move|p2a: Latias|Draining Kiss|p1a: Iron Valiant
|-supereffective|p1a: Iron Valiant
|-damage|p1a: Iron Valiant|0 fnt
|-heal|p2a: Latias|100/100|[from] drain|[of] p1a: Iron Valiant
|faint|p1a: Iron Valiant
|-end|p1a: Iron Valiant|Quark Drive|[silent]
|
|upkeep
|-message|weird mon forfeited.
|
|win|MY爱莉希雅SAMA
|raw|weird mon's rating: 1680 &rarr; <strong>1657</strong><br />(-23 for losing)
|raw|MY爱莉希雅SAMA's rating: 1628 &rarr; <strong>1651</strong><br />(+23 for winning)
|l|☆weird mon
|player|p1|
|l|☆MY爱莉希雅SAMA
|player|p2|
|l| meeweem
|j| meeweem
