|j|☆Edge Seven
|j|☆SloopJhonB
|t:|1743838072
|gametype|singles
|player|p1|Edge Seven|maid|1474
|player|p2|SloopJhonB|iono|1381
|teamsize|p1|6
|teamsize|p2|6
|gen|9
|tier|[Gen 9] OU
|rated|
|rule|HP Percentage Mod: HP is shown in percentages
|rule|Endless Battle Clause: Forcing endless battles is banned
|rule|Species Clause: Limit one of each Pokémon
|rule|OHKO Clause: OHKO moves are banned
|rule|Evasion Items Clause: Evasion items are banned
|rule|Evasion Moves Clause: Evasion moves are banned
|rule|Sleep Moves Clause: Sleep-inducing moves are banned
|clearpoke
|poke|p1|Iron Valiant|
|poke|p1|Ogerpon-Wellspring, F|
|poke|p1|Kingambit, F|
|poke|p1|Hatterene, F|
|poke|p1|Zapdos|
|poke|p1|Ting-Lu|
|poke|p2|Hydreigon, M|
|poke|p2|Gholdengo|
|poke|p2|Alomomola, M|
|poke|p2|Great Tusk|
|poke|p2|Slowking-Galar, M|
|poke|p2|Ogerpon-Wellspring, F|
|teampreview
|inactive|Battle timer is ON: inactive players will automatically lose when time's up. (requested by SloopJhonB)
|inactive|Edge Seven also wants the timer to be on.
|c|☆Edge Seven|oh
|c|☆Edge Seven|glhf
|
|t:|1743838094
|start
|switch|p1a: Ogerpon|Ogerpon-Wellspring, F|100/100
|switch|p2a: Great Tusk|Great Tusk|100/100
|turn|1
|c|☆SloopJhonB|wow
|
|t:|1743838111
|-end|p2a: Great Tusk|Protosynthesis|[silent]
|switch|p2a: Hydreigon|Hydreigon, M|100/100
|move|p1a: Ogerpon|Horn Leech|p2a: Hydreigon
|-resisted|p2a: Hydreigon
|-damage|p2a: Hydreigon|76/100
|
|upkeep
|turn|2
|
|t:|1743838116
|switch|p1a: Ting-Lu|Ting-Lu|100/100
|-ability|p1a: Ting-Lu|Vessel of Ruin
|move|p2a: Hydreigon|Draco Meteor|p1a: Ting-Lu
|-damage|p1a: Ting-Lu|71/100
|-unboost|p2a: Hydreigon|spa|2
|
|-heal|p1a: Ting-Lu|77/100|[from] item: Leftovers
|upkeep
|turn|3
|inactive|Edge Seven has 120 seconds left.
|inactive|SloopJhonB has 120 seconds left.
|inactive|Edge Seven has 90 seconds left.
|
|t:|1743838181
|switch|p2a: Ogerpon|Ogerpon-Wellspring, F|100/100
|move|p1a: Ting-Lu|Spikes|p2a: Ogerpon
|-sidestart|p2: SloopJhonB|Spikes
|
|-heal|p1a: Ting-Lu|83/100|[from] item: Leftovers
|upkeep
|turn|4
|
|t:|1743838185
|switch|p1a: Ogerpon|Ogerpon-Wellspring, F|100/100
|move|p2a: Ogerpon|Horn Leech|p1a: Ogerpon
|-damage|p1a: Ogerpon|43/100
|
|upkeep
|turn|5
|
|t:|1743838190
|move|p1a: Ogerpon|Horn Leech|p2a: Ogerpon
|-crit|p2a: Ogerpon
|-damage|p2a: Ogerpon|9/100
|-heal|p1a: Ogerpon|89/100|[from] drain|[of] p2a: Ogerpon
|move|p2a: Ogerpon|Horn Leech|p1a: Ogerpon
|-damage|p1a: Ogerpon|31/100
|-heal|p2a: Ogerpon|38/100|[from] drain|[of] p1a: Ogerpon
|
|upkeep
|turn|6
|
|t:|1743838198
|switch|p1a: Zapdos|Zapdos|100/100
|move|p2a: Ogerpon|Horn Leech|p1a: Zapdos
|-resisted|p1a: Zapdos
|-damage|p1a: Zapdos|84/100
|-heal|p2a: Ogerpon|48/100|[from] drain|[of] p1a: Zapdos
|
|upkeep
|turn|7
|inactive|Edge Seven has 120 seconds left.
|
|t:|1743838207
|switch|p2a: Slowking|Slowking-Galar, M|100/100
|move|p1a: Zapdos|Roost|p1a: Zapdos
|-heal|p1a: Zapdos|100/100
|-singleturn|p1a: Zapdos|move: Roost
|
|upkeep
|turn|8
|
|t:|1743838213
|move|p1a: Zapdos|Thunder Wave|p2a: Slowking
|-status|p2a: Slowking|par
|-prepare|p2a: Slowking|Chilly Reception|[premajor]
|move|p2a: Slowking|Chilly Reception|p2a: Slowking
|-weather|Snowscape
|
|t:|1743838227
|switch|p2a: Gholdengo|Gholdengo|100/100|[from] Chilly Reception
|-item|p2a: Gholdengo|Air Balloon
|
|-weather|Snowscape|[upkeep]
|upkeep
|turn|9
|
|t:|1743838241
|move|p1a: Zapdos|Volt Switch|p2a: Gholdengo
|-damage|p2a: Gholdengo|70/100
|-enditem|p2a: Gholdengo|Air Balloon
|
|t:|1743838247
|switch|p1a: Ting-Lu|Ting-Lu|83/100|[from] Volt Switch
|-ability|p1a: Ting-Lu|Vessel of Ruin
|move|p2a: Gholdengo|Shadow Ball|p1a: Ting-Lu
|-resisted|p1a: Ting-Lu
|-damage|p1a: Ting-Lu|76/100
|-unboost|p1a: Ting-Lu|spd|1
|
|-weather|Snowscape|[upkeep]
|-heal|p1a: Ting-Lu|82/100|[from] item: Leftovers
|upkeep
|turn|10
|
|t:|1743838257
|switch|p2a: Ogerpon|Ogerpon-Wellspring, F|48/100
|-damage|p2a: Ogerpon|36/100|[from] Spikes
|move|p1a: Ting-Lu|Ruination|p2a: Ogerpon
|-damage|p2a: Ogerpon|18/100
|
|-weather|Snowscape|[upkeep]
|-heal|p1a: Ting-Lu|88/100|[from] item: Leftovers
|upkeep
|turn|11
|
|t:|1743838272
|switch|p1a: Kingambit|Kingambit, F|100/100
|move|p2a: Ogerpon|Horn Leech|p1a: Kingambit
|-resisted|p1a: Kingambit
|-damage|p1a: Kingambit|85/100
|-heal|p2a: Ogerpon|29/100|[from] drain|[of] p1a: Kingambit
|
|-weather|Snowscape|[upkeep]
|-heal|p1a: Kingambit|91/100|[from] item: Leftovers
|upkeep
|turn|12
|
|t:|1743838278
|switch|p2a: Great Tusk|Great Tusk|100/100
|-damage|p2a: Great Tusk|88/100|[from] Spikes
|move|p1a: Kingambit|Sucker Punch||[still]
|-fail|p1a: Kingambit
|
|-weather|none
|-heal|p1a: Kingambit|97/100|[from] item: Leftovers
|upkeep
|turn|13
|
|t:|1743838284
|-end|p1a: Kingambit|fallenundefined|[silent]
|switch|p1a: Zapdos|Zapdos|100/100
|move|p2a: Great Tusk|Rapid Spin|p1a: Zapdos
|-damage|p1a: Zapdos|88/100
|-boost|p2a: Great Tusk|spe|1
|-sideend|p2: SloopJhonB|Spikes|[from] move: Rapid Spin|[of] p2a: Great Tusk
|
|upkeep
|turn|14
|
|t:|1743838293
|-end|p2a: Great Tusk|Protosynthesis|[silent]
|switch|p2a: Gholdengo|Gholdengo|70/100
|move|p1a: Zapdos|Hurricane|p2a: Gholdengo|[miss]
|-miss|p1a: Zapdos|p2a: Gholdengo
|
|upkeep
|turn|15
|
|t:|1743838297
|move|p1a: Zapdos|Volt Switch|p2a: Gholdengo
|-damage|p2a: Gholdengo|42/100
|
|t:|1743838301
|switch|p1a: Ting-Lu|Ting-Lu|88/100|[from] Volt Switch
|-ability|p1a: Ting-Lu|Vessel of Ruin
|move|p2a: Gholdengo|Recover|p2a: Gholdengo
|-heal|p2a: Gholdengo|92/100
|
|-heal|p1a: Ting-Lu|94/100|[from] item: Leftovers
|upkeep
|turn|16
|
|t:|1743838314
|move|p2a: Gholdengo|Nasty Plot|p2a: Gholdengo
|-boost|p2a: Gholdengo|spa|2
|move|p1a: Ting-Lu|Earthquake|p2a: Gholdengo
|-supereffective|p2a: Gholdengo
|-damage|p2a: Gholdengo|41/100
|
|-heal|p1a: Ting-Lu|100/100|[from] item: Leftovers
|upkeep
|turn|17
|
|t:|1743838337
|-terastallize|p2a: Gholdengo|Flying
|move|p2a: Gholdengo|Recover|p2a: Gholdengo
|-heal|p2a: Gholdengo|91/100
|move|p1a: Ting-Lu|Earthquake|p2a: Gholdengo
|-immune|p2a: Gholdengo
|
|upkeep
|turn|18
|
|t:|1743838342
|move|p2a: Gholdengo|Nasty Plot|p2a: Gholdengo
|-boost|p2a: Gholdengo|spa|2
|move|p1a: Ting-Lu|Ruination|p2a: Gholdengo
|-damage|p2a: Gholdengo|46/100
|
|upkeep
|turn|19
|inactive|Edge Seven has 120 seconds left.
|inactive|Edge Seven has 90 seconds left.
|
|t:|1743838422
|move|p2a: Gholdengo|Recover|p2a: Gholdengo
|-heal|p2a: Gholdengo|96/100
|move|p1a: Ting-Lu|Whirlwind|p2a: Gholdengo
|-immune|p2a: Gholdengo|[from] ability: Good as Gold
|
|upkeep
|turn|20
|inactive|Edge Seven has 60 seconds left.
|
|t:|1743838462
|move|p2a: Gholdengo|Shadow Ball|p1a: Ting-Lu
|-resisted|p1a: Ting-Lu
|-damage|p1a: Ting-Lu|80/100
|move|p1a: Ting-Lu|Ruination|p2a: Gholdengo
|-damage|p2a: Gholdengo|48/100
|
|-heal|p1a: Ting-Lu|86/100|[from] item: Leftovers
|upkeep
|turn|21
|
|t:|1743838468
|move|p2a: Gholdengo|Nasty Plot|p2a: Gholdengo
|-boost|p2a: Gholdengo|spa|2
|move|p1a: Ting-Lu|Ruination|p2a: Gholdengo
|-damage|p2a: Gholdengo|24/100
|
|-heal|p1a: Ting-Lu|93/100|[from] item: Leftovers
|upkeep
|turn|22
|
|t:|1743838470
|move|p2a: Gholdengo|Recover|p2a: Gholdengo
|-heal|p2a: Gholdengo|74/100
|move|p1a: Ting-Lu|Ruination|p2a: Gholdengo|[miss]
|-miss|p1a: Ting-Lu|p2a: Gholdengo
|
|-heal|p1a: Ting-Lu|99/100|[from] item: Leftovers
|upkeep
|turn|23
|
|t:|1743838479
|move|p2a: Gholdengo|Shadow Ball|p1a: Ting-Lu
|-resisted|p1a: Ting-Lu
|-damage|p1a: Ting-Lu|72/100
|move|p1a: Ting-Lu|Ruination|p2a: Gholdengo
|-damage|p2a: Gholdengo|38/100
|
|-heal|p1a: Ting-Lu|78/100|[from] item: Leftovers
|upkeep
|turn|24
|
|t:|1743838484
|move|p2a: Gholdengo|Shadow Ball|p1a: Ting-Lu
|-resisted|p1a: Ting-Lu
|-damage|p1a: Ting-Lu|48/100
|move|p1a: Ting-Lu|Ruination|p2a: Gholdengo
|-damage|p2a: Gholdengo|19/100
|
|-heal|p1a: Ting-Lu|54/100|[from] item: Leftovers
|upkeep
|turn|25
|
|t:|1743838488
|switch|p1a: Kingambit|Kingambit, F|97/100
|move|p2a: Gholdengo|Shadow Ball|p1a: Kingambit
|-resisted|p1a: Kingambit
|-damage|p1a: Kingambit|27/100
|-unboost|p1a: Kingambit|spd|1
|
|-heal|p1a: Kingambit|34/100|[from] item: Leftovers
|upkeep
|turn|26
|
|t:|1743838497
|switch|p2a: Great Tusk|Great Tusk|88/100
|move|p1a: Kingambit|Kowtow Cleave|p2a: Great Tusk
|-resisted|p2a: Great Tusk
|-damage|p2a: Great Tusk|70/100
|-damage|p1a: Kingambit|17/100|[from] item: Rocky Helmet|[of] p2a: Great Tusk
|
|-heal|p1a: Kingambit|23/100|[from] item: Leftovers
|upkeep
|turn|27
|
|t:|1743838506
|-end|p1a: Kingambit|fallenundefined|[silent]
|switch|p1a: Zapdos|Zapdos|88/100
|move|p2a: Great Tusk|Ice Spinner|p1a: Zapdos
|-supereffective|p1a: Zapdos
|-damage|p1a: Zapdos|49/100
|
|upkeep
|turn|28
|
|t:|1743838512
|-end|p2a: Great Tusk|Protosynthesis|[silent]
|switch|p2a: Hydreigon|Hydreigon, M|76/100
|move|p1a: Zapdos|Roost|p1a: Zapdos
|-heal|p1a: Zapdos|99/100
|-singleturn|p1a: Zapdos|move: Roost
|
|upkeep
|turn|29
|inactive|Edge Seven has 120 seconds left.
|
|t:|1743838532
|move|p2a: Hydreigon|Dark Pulse|p1a: Zapdos
|-damage|p1a: Zapdos|57/100
|move|p1a: Zapdos|Thunder Wave|p2a: Hydreigon
|-status|p2a: Hydreigon|par
|
|upkeep
|turn|30
|
|t:|1743838539
|switch|p1a: Ting-Lu|Ting-Lu|54/100
|-ability|p1a: Ting-Lu|Vessel of Ruin
|cant|p2a: Hydreigon|par
|
|-heal|p1a: Ting-Lu|61/100|[from] item: Leftovers
|upkeep
|turn|31
|inactive|Edge Seven has 90 seconds left.
|
|t:|1743838574
|switch|p2a: Gholdengo|Gholdengo, tera:Flying|19/100
|switch|p1a: Zapdos|Zapdos|57/100
|
|upkeep
|turn|32
|
|t:|1743838589
|switch|p2a: Hydreigon|Hydreigon, M|76/100 par
|move|p1a: Zapdos|Volt Switch|p2a: Hydreigon
|-resisted|p2a: Hydreigon
|-damage|p2a: Hydreigon|60/100 par
|inactive|Edge Seven has 90 seconds left.
|
|t:|1743838609
|switch|p1a: Hatterene|Hatterene, F|100/100|[from] Volt Switch
|
|upkeep
|turn|33
|
|t:|1743838615
|switch|p2a: Ogerpon|Ogerpon-Wellspring, F|29/100
|move|p1a: Hatterene|Draining Kiss|p2a: Ogerpon
|-damage|p2a: Ogerpon|3/100
|
|upkeep
|turn|34
|
|t:|1743838621
|move|p2a: Ogerpon|Horn Leech|p1a: Hatterene
|-damage|p1a: Hatterene|60/100
|-heal|p2a: Ogerpon|25/100|[from] drain|[of] p1a: Hatterene
|move|p1a: Hatterene|Draining Kiss|p2a: Ogerpon
|-damage|p2a: Ogerpon|0 fnt
|-heal|p1a: Hatterene|77/100|[from] drain|[of] p2a: Ogerpon
|faint|p2a: Ogerpon
|
|-heal|p1a: Hatterene|83/100|[from] item: Leftovers
|upkeep
|
|t:|1743838627
|switch|p2a: Gholdengo|Gholdengo, tera:Flying|19/100
|turn|35
|inactive|Edge Seven has 120 seconds left.
|
|t:|1743838635
|switch|p1a: Ogerpon|Ogerpon-Wellspring, F|31/100
|move|p2a: Gholdengo|Make It Rain|p1a: Ogerpon
|-resisted|p1a: Ogerpon
|-damage|p1a: Ogerpon|0 fnt
|-unboost|p2a: Gholdengo|spa|1
|faint|p1a: Ogerpon
|
|upkeep
|inactive|Edge Seven has 120 seconds left.
|inactive|Edge Seven has 90 seconds left.
|inactive|Edge Seven has 60 seconds left.
|inactive|Edge Seven has 30 seconds left.
|
|t:|1743838740
|switch|p1a: Iron Valiant|Iron Valiant|100/100
|-enditem|p1a: Iron Valiant|Booster Energy
|-activate|p1a: Iron Valiant|ability: Quark Drive|[fromitem]
|-start|p1a: Iron Valiant|quarkdrivespe
|turn|36
|inactive|Edge Seven has 30 seconds left.
|
|t:|1743838747
|switch|p2a: Slowking|Slowking-Galar, M|100/100 par
|move|p1a: Iron Valiant|Moonblast|p2a: Slowking
|-resisted|p2a: Slowking
|-damage|p2a: Slowking|86/100 par
|
|upkeep
|turn|37
|
|t:|1743838755
|-terastallize|p1a: Iron Valiant|Steel
|move|p1a: Iron Valiant|Knock Off|p2a: Slowking
|-supereffective|p2a: Slowking
|-damage|p2a: Slowking|25/100 par
|-enditem|p2a: Slowking|Heavy-Duty Boots|[from] move: Knock Off|[of] p1a: Iron Valiant
|move|p2a: Slowking|Sludge Bomb|p1a: Iron Valiant
|-immune|p1a: Iron Valiant
|
|upkeep
|turn|38
|
|t:|1743838767
|move|p1a: Iron Valiant|Knock Off|p2a: Slowking
|-supereffective|p2a: Slowking
|-damage|p2a: Slowking|0 fnt
|faint|p2a: Slowking
|
|upkeep
|
|t:|1743838769
|switch|p2a: Great Tusk|Great Tusk|70/100
|turn|39
|
|t:|1743838773
|move|p1a: Iron Valiant|Moonblast|p2a: Great Tusk
|-supereffective|p2a: Great Tusk
|-damage|p2a: Great Tusk|0 fnt
|faint|p2a: Great Tusk
|-end|p2a: Great Tusk|Protosynthesis|[silent]
|
|upkeep
|-message|SloopJhonB forfeited.
|
|win|Edge Seven
|raw|Edge Seven's rating: 1474 &rarr; <strong>1489</strong><br />(+15 for winning)
|raw|SloopJhonB's rating: 1381 &rarr; <strong>1366</strong><br />(-15 for losing)
