|j|☆ETESANTI
|j|☆Xenduuu
|t:|1743855099
|gametype|singles
|player|p1|ETESANTI|101|1196
|player|p2|Xenduuu|cynthia-gen4|1213
|teamsize|p1|6
|teamsize|p2|6
|gen|9
|tier|[Gen 9] OU
|rated|
|rule|HP Percentage Mod: HP is shown in percentages
|rule|Endless Battle Clause: Forcing endless battles is banned
|rule|Species Clause: Limit one of each Pokémon
|rule|OHKO Clause: OHKO moves are banned
|rule|Evasion Items Clause: Evasion items are banned
|rule|Evasion Moves Clause: Evasion moves are banned
|rule|Sleep Moves Clause: Sleep-inducing moves are banned
|clearpoke
|poke|p1|Serperior, F|
|poke|p1|Gholdengo|
|poke|p1|Kingambit, F|
|poke|p1|Zamazenta-*|
|poke|p1|Gliscor, F|
|poke|p1|Manaphy|
|poke|p2|Alomomola, F|
|poke|p2|Florges-White, F|
|poke|p2|Araquanid, F|
|poke|p2|Ogerpon-Wellspring, F|
|poke|p2|Thundurus-Therian, M|
|poke|p2|Iron Valiant|
|teampreview
|inactive|Battle timer is ON: inactive players will automatically lose when time's up. (requested by Xenduuu)
|inactive|ETESANTI has 120 seconds left.
|l|☆Xenduuu
|inactive|Xenduuu disconnected and has a minute to reconnect!
|player|p2|
|inactive|ETESANTI has 90 seconds left.
|
|t:|1743855164
|start
|switch|p1a: Zamazenta|Zamazenta|100/100
|switch|p2a: Araquanid|Araquanid, F, shiny|100/100
|-ability|p1a: Zamazenta|Dauntless Shield|boost
|-boost|p1a: Zamazenta|def|1
|turn|1
|j|☆Xenduuu
|inactive|Xenduuu reconnected and has 150 seconds left.
|player|p2|Xenduuu|cynthia-gen4|
|
|t:|1743855173
|move|p1a: Zamazenta|Crunch|p2a: Araquanid
|-damage|p2a: Araquanid|58/100
|-unboost|p2a: Araquanid|def|1
|move|p2a: Araquanid|Sticky Web|p1a: Zamazenta
|-sidestart|p1: ETESANTI|move: Sticky Web
|
|upkeep
|turn|2
|
|t:|1743855179
|move|p1a: Zamazenta|Crunch|p2a: Araquanid
|-damage|p2a: Araquanid|0 fnt
|faint|p2a: Araquanid
|
|upkeep
|
|t:|1743855184
|switch|p2a: Florges|Florges-White, F, shiny|100/100
|turn|3
|
|t:|1743855205
|switch|p1a: Gholdengo|Gholdengo|100/100
|-item|p1a: Gholdengo|Air Balloon
|move|p2a: Florges|Moonblast|p1a: Gholdengo
|-resisted|p1a: Gholdengo
|-damage|p1a: Gholdengo|71/100
|-enditem|p1a: Gholdengo|Air Balloon
|
|upkeep
|turn|4
|
|t:|1743855223
|switch|p2a: Finna|Alomomola, F|100/100
|move|p1a: Gholdengo|Make It Rain|p2a: Finna
|-resisted|p2a: Finna
|-damage|p2a: Finna|66/100
|-unboost|p1a: Gholdengo|spa|1
|
|upkeep
|turn|5
|
|t:|1743855236
|move|p1a: Gholdengo|Nasty Plot|p1a: Gholdengo
|-boost|p1a: Gholdengo|spa|2
|move|p2a: Finna|Flip Turn|p1a: Gholdengo
|-damage|p1a: Gholdengo|51/100
|
|t:|1743855246
|switch|p2a: MASKED SINGER|Ogerpon-Wellspring, F|100/100|[from] Flip Turn
|
|upkeep
|turn|6
|
|t:|1743855260
|move|p2a: MASKED SINGER|Ivy Cudgel|p1a: Gholdengo|[anim] Ivy Cudgel Water
|-damage|p1a: Gholdengo|0 fnt
|faint|p1a: Gholdengo
|
|upkeep
|
|t:|1743855270
|switch|p1a: Serperior|Serperior, F|100/100
|-activate|p1a: Serperior|move: Sticky Web
|-boost|p1a: Serperior|spe|1
|turn|7
|
|t:|1743855280
|move|p1a: Serperior|Substitute|p1a: Serperior
|-start|p1a: Serperior|Substitute
|-damage|p1a: Serperior|76/100
|move|p2a: MASKED SINGER|U-turn|p1a: Serperior
|-supereffective|p1a: Serperior
|-end|p1a: Serperior|Substitute
|
|t:|1743855286
|switch|p2a: Thundurus|Thundurus-Therian, M|100/100|[from] U-turn
|
|-heal|p1a: Serperior|82/100|[from] item: Leftovers
|upkeep
|turn|8
|
|t:|1743855303
|-terastallize|p1a: Serperior|Stellar
|move|p1a: Serperior|Tera Blast|p2a: Thundurus|[anim] Tera Blast Stellar
|-damage|p2a: Thundurus|62/100
|-boost|p1a: Serperior|atk|1
|-boost|p1a: Serperior|spa|1
|move|p2a: Thundurus|Sludge Wave|p1a: Serperior
|-supereffective|p1a: Serperior
|-damage|p1a: Serperior|0 fnt
|faint|p1a: Serperior
|
|upkeep
|inactive|ETESANTI has 120 seconds left.
|
|t:|1743855337
|switch|p1a: Kingambit|Kingambit, F|100/100
|-activate|p1a: Kingambit|move: Sticky Web
|-unboost|p1a: Kingambit|spe|1
|-activate|p1a: Kingambit|ability: Supreme Overlord
|-start|p1a: Kingambit|fallen2|[silent]
|turn|9
|
|t:|1743855346
|switch|p2a: Finna|Alomomola, F|99/100
|move|p1a: Kingambit|Kowtow Cleave|p2a: Finna
|-damage|p2a: Finna|61/100
|
|upkeep
|turn|10
|inactive|ETESANTI has 120 seconds left.
|
|t:|1743855354
|-end|p1a: Kingambit|fallen2|[silent]
|switch|p1a: Gliscor|Gliscor, F|100/100
|move|p2a: Finna|Flip Turn|p1a: Gliscor
|-supereffective|p1a: Gliscor
|-damage|p1a: Gliscor|80/100
|
|t:|1743855363
|switch|p2a: Florges|Florges-White, F, shiny|100/100|[from] Flip Turn
|
|-status|p1a: Gliscor|tox|[from] item: Toxic Orb
|upkeep
|turn|11
|
|t:|1743855372
|move|p1a: Gliscor|Toxic|p2a: Florges
|-status|p2a: Florges|tox
|move|p2a: Florges|Psychic Noise|p1a: Gliscor
|-damage|p1a: Gliscor|50/100 tox
|-start|p1a: Gliscor|move: Heal Block
|
|-damage|p2a: Florges|94/100 tox|[from] psn
|upkeep
|turn|12
|
|t:|1743855388
|move|p1a: Gliscor|Protect|p1a: Gliscor
|-singleturn|p1a: Gliscor|Protect
|move|p2a: Florges|Moonblast|p1a: Gliscor
|-activate|p1a: Gliscor|move: Protect
|
|-damage|p2a: Florges|82/100 tox|[from] psn
|-end|p1a: Gliscor|move: Heal Block
|upkeep
|turn|13
|
|t:|1743855397
|switch|p1a: PDARKEAGLE|Manaphy|100/100
|-activate|p1a: PDARKEAGLE|move: Sticky Web
|-unboost|p1a: PDARKEAGLE|spe|1
|move|p2a: Florges|Moonblast|p1a: PDARKEAGLE
|-damage|p1a: PDARKEAGLE|51/100
|
|-heal|p1a: PDARKEAGLE|58/100|[from] item: Leftovers
|-damage|p2a: Florges|64/100 tox|[from] psn
|upkeep
|turn|14
|
|t:|1743855408
|-terastallize|p2a: Florges|Grass
|move|p2a: Florges|Giga Drain|p1a: PDARKEAGLE
|-supereffective|p1a: PDARKEAGLE
|-damage|p1a: PDARKEAGLE|0 fnt
|-heal|p2a: Florges|93/100 tox|[from] drain|[of] p1a: PDARKEAGLE
|faint|p1a: PDARKEAGLE
|
|-damage|p2a: Florges|68/100 tox|[from] psn
|upkeep
|
|t:|1743855421
|switch|p1a: Kingambit|Kingambit, F|100/100
|-activate|p1a: Kingambit|move: Sticky Web
|-unboost|p1a: Kingambit|spe|1
|-activate|p1a: Kingambit|ability: Supreme Overlord
|-start|p1a: Kingambit|fallen3|[silent]
|turn|15
|
|t:|1743855428
|move|p2a: Florges|Moonblast|p1a: Kingambit
|-damage|p1a: Kingambit|47/100
|-unboost|p1a: Kingambit|spa|1
|move|p1a: Kingambit|Kowtow Cleave|p2a: Florges
|-damage|p2a: Florges|0 fnt
|faint|p2a: Florges
|
|upkeep
|
|t:|1743855433
|switch|p2a: Iron Valiant|Iron Valiant|100/100
|-enditem|p2a: Iron Valiant|Booster Energy
|-activate|p2a: Iron Valiant|ability: Quark Drive|[fromitem]
|-start|p2a: Iron Valiant|quarkdrivespe
|turn|16
|
|t:|1743855445
|move|p2a: Iron Valiant|Moonblast|p1a: Kingambit
|-damage|p1a: Kingambit|0 fnt
|faint|p1a: Kingambit
|-end|p1a: Kingambit|fallen3|[silent]
|
|upkeep
|
|t:|1743855452
|switch|p1a: Gliscor|Gliscor, F|50/100 tox
|turn|17
|
|t:|1743855457
|move|p1a: Gliscor|Protect|p1a: Gliscor
|-singleturn|p1a: Gliscor|Protect
|move|p2a: Iron Valiant|Moonblast|p1a: Gliscor
|-activate|p1a: Gliscor|move: Protect
|
|-heal|p1a: Gliscor|62/100 tox|[from] ability: Poison Heal
|upkeep
|turn|18
|
|t:|1743855464
|move|p2a: Iron Valiant|Moonblast|p1a: Gliscor
|-damage|p1a: Gliscor|4/100 tox
|-unboost|p1a: Gliscor|spa|1
|move|p1a: Gliscor|Toxic|p2a: Iron Valiant
|-status|p2a: Iron Valiant|tox
|
|-damage|p2a: Iron Valiant|94/100 tox|[from] psn
|-heal|p1a: Gliscor|16/100 tox|[from] ability: Poison Heal
|upkeep
|turn|19
|
|t:|1743855471
|move|p1a: Gliscor|Protect|p1a: Gliscor
|-singleturn|p1a: Gliscor|Protect
|move|p2a: Iron Valiant|Calm Mind|p2a: Iron Valiant
|-boost|p2a: Iron Valiant|spa|1
|-boost|p2a: Iron Valiant|spd|1
|
|-damage|p2a: Iron Valiant|82/100 tox|[from] psn
|-heal|p1a: Gliscor|28/100 tox|[from] ability: Poison Heal
|upkeep
|turn|20
|
|t:|1743855477
|move|p1a: Gliscor|Protect||[still]
|-fail|p1a: Gliscor
|move|p2a: Iron Valiant|Moonblast|p1a: Gliscor
|-damage|p1a: Gliscor|0 fnt
|faint|p1a: Gliscor
|
|-damage|p2a: Iron Valiant|63/100 tox|[from] psn
|upkeep
|
|t:|1743855479
|switch|p1a: Zamazenta|Zamazenta|100/100
|-activate|p1a: Zamazenta|move: Sticky Web
|-unboost|p1a: Zamazenta|spe|1
|turn|21
|
|t:|1743855483
|move|p2a: Iron Valiant|Moonblast|p1a: Zamazenta
|-supereffective|p1a: Zamazenta
|-damage|p1a: Zamazenta|0 fnt
|faint|p1a: Zamazenta
|
|win|Xenduuu
|raw|ETESANTI's rating: 1196 &rarr; <strong>1172</strong><br />(-24 for losing)
|raw|Xenduuu's rating: 1213 &rarr; <strong>1237</strong><br />(+24 for winning)
|l|☆ETESANTI
|player|p1|
|l|☆Xenduuu
|player|p2|
