|j|☆are you jesus?
|j|☆maemikon
|t:|1743827713
|gametype|singles
|player|p1|are you jesus?|artist|1077
|player|p2|maemikon|169|1069
|teamsize|p1|6
|teamsize|p2|6
|gen|9
|tier|[Gen 9] OU
|rated|
|rule|HP Percentage Mod: HP is shown in percentages
|rule|Endless Battle Clause: Forcing endless battles is banned
|rule|Species Clause: Limit one of each Pokémon
|rule|OHKO Clause: OHKO moves are banned
|rule|Evasion Items Clause: Evasion items are banned
|rule|Evasion Moves Clause: Evasion moves are banned
|rule|Sleep Moves Clause: Sleep-inducing moves are banned
|clearpoke
|poke|p1|Azelf|
|poke|p1|Forretress, M|
|poke|p1|Chansey, F|
|poke|p1|Noivern, F|
|poke|p1|Crawdaunt, M|
|poke|p1|Raikou|
|poke|p2|Ninetales-Alola, M|
|poke|p2|Slowking-Galar, F|
|poke|p2|Weavile, M|
|poke|p2|Greninja-*, M|
|poke|p2|Avalugg, M|
|poke|p2|Frosmoth, F|
|teampreview
|inactive|Battle timer is ON: inactive players will automatically lose when time's up. (requested by maemikon)
|c|☆are you jesus?|hi
|
|t:|1743827722
|start
|switch|p1a: Azelf|Azelf|100/100
|switch|p2a: Frosmoth|Frosmoth, F|100/100
|turn|1
|
|t:|1743827729
|move|p1a: Azelf|U-turn|p2a: Frosmoth
|-damage|p2a: Frosmoth|37/100
|
|t:|1743827739
|switch|p1a: Raikou|Raikou|100/100|[from] U-turn
|-ability|p1a: Raikou|Pressure
|move|p2a: Frosmoth|Quiver Dance|p2a: Frosmoth
|-boost|p2a: Frosmoth|spa|1
|-boost|p2a: Frosmoth|spd|1
|-boost|p2a: Frosmoth|spe|1
|
|upkeep
|turn|2
|
|t:|1743827750
|move|p1a: Raikou|Calm Mind|p1a: Raikou
|-boost|p1a: Raikou|spa|1
|-boost|p1a: Raikou|spd|1
|move|p2a: Frosmoth|Giga Drain|p1a: Raikou
|-damage|p1a: Raikou|72/100
|-heal|p2a: Frosmoth|53/100|[from] drain|[of] p1a: Raikou
|
|-heal|p1a: Raikou|78/100|[from] item: Leftovers
|upkeep
|turn|3
|
|t:|1743827761
|switch|p2a: Ninetales|Ninetales-Alola, M|100/100
|-weather|Snowscape|[from] ability: Snow Warning|[of] p2a: Ninetales
|move|p1a: Raikou|Thunderbolt|p2a: Ninetales
|-damage|p2a: Ninetales|23/100
|-status|p2a: Ninetales|par
|
|-weather|Snowscape|[upkeep]
|-heal|p1a: Raikou|85/100|[from] item: Leftovers
|upkeep
|turn|4
|
|t:|1743827771
|move|p1a: Raikou|Thunderbolt|p2a: Ninetales
|-damage|p2a: Ninetales|0 fnt
|faint|p2a: Ninetales
|
|-weather|Snowscape|[upkeep]
|-heal|p1a: Raikou|91/100|[from] item: Leftovers
|upkeep
|
|t:|1743827779
|switch|p2a: Weavile|Weavile, M|100/100
|-ability|p2a: Weavile|Pressure
|turn|5
|
|t:|1743827790
|switch|p1a: Forretress|Forretress, M|100/100
|move|p2a: Weavile|Knock Off|p1a: Forretress
|-damage|p1a: Forretress|73/100
|-damage|p2a: Weavile|84/100|[from] item: Rocky Helmet|[of] p1a: Forretress
|-enditem|p1a: Forretress|Rocky Helmet|[from] move: Knock Off|[of] p2a: Weavile
|
|-weather|Snowscape|[upkeep]
|upkeep
|turn|6
|
|t:|1743827801
|switch|p2a: Avalugg|Avalugg, M|100/100
|move|p1a: Forretress|Gyro Ball|p2a: Avalugg
|-supereffective|p2a: Avalugg
|-damage|p2a: Avalugg|94/100
|
|-weather|Snowscape|[upkeep]
|upkeep
|turn|7
|
|t:|1743827813
|switch|p1a: Crawdaunt|Crawdaunt, M|100/100
|move|p2a: Avalugg|Body Press|p1a: Crawdaunt
|-supereffective|p1a: Crawdaunt
|-damage|p1a: Crawdaunt|0 fnt
|faint|p1a: Crawdaunt
|
|-weather|Snowscape|[upkeep]
|upkeep
|
|t:|1743827817
|switch|p1a: Azelf|Azelf|100/100
|turn|8
|
|t:|1743827826
|-terastallize|p1a: Azelf|Fighting
|move|p1a: Azelf|Drain Punch|p2a: Avalugg
|-supereffective|p2a: Avalugg
|-damage|p2a: Avalugg|64/100
|move|p2a: Avalugg|Icicle Crash|p1a: Azelf
|-damage|p1a: Azelf|48/100
|
|-weather|Snowscape|[upkeep]
|upkeep
|turn|9
|
|t:|1743827856
|switch|p2a: Slowking|Slowking-Galar, F|100/100
|move|p1a: Azelf|Drain Punch|p2a: Slowking
|-resisted|p2a: Slowking
|-damage|p2a: Slowking|86/100
|-heal|p1a: Azelf|58/100|[from] drain|[of] p2a: Slowking
|
|-weather|Snowscape|[upkeep]
|-heal|p2a: Slowking|92/100|[from] item: Black Sludge
|upkeep
|turn|10
|
|t:|1743827869
|switch|p1a: Harlan Ellison|Noivern, F|100/100
|move|p2a: Slowking|Future Sight|p1a: Harlan Ellison
|-start|p2a: Slowking|move: Future Sight
|
|-weather|none
|-heal|p2a: Slowking|98/100|[from] item: Black Sludge
|upkeep
|turn|11
|
|t:|1743827877
|move|p1a: Harlan Ellison|Boomburst|p2a: Slowking
|-damage|p2a: Slowking|64/100
|-prepare|p2a: Slowking|Chilly Reception|[premajor]
|move|p2a: Slowking|Chilly Reception|p2a: Slowking
|-weather|Snowscape
|inactive|maemikon has 120 seconds left.
|
|t:|1743827892
|switch|p2a: Frosmoth|Frosmoth, F|53/100|[from] Chilly Reception
|
|-weather|Snowscape|[upkeep]
|upkeep
|turn|12
|inactive|maemikon has 120 seconds left.
|
|t:|1743827903
|-terastallize|p2a: Frosmoth|Ice
|move|p1a: Harlan Ellison|Boomburst|p2a: Frosmoth
|-damage|p2a: Frosmoth|13/100
|move|p2a: Frosmoth|Blizzard|p1a: Harlan Ellison
|-supereffective|p1a: Harlan Ellison
|-damage|p1a: Harlan Ellison|0 fnt
|faint|p1a: Harlan Ellison
|
|-weather|Snowscape|[upkeep]
|-hint|Future Sight did not hit because the target is fainted.
|upkeep
|
|t:|1743827912
|switch|p1a: Raikou|Raikou|91/100
|-ability|p1a: Raikou|Pressure
|turn|13
|
|t:|1743827926
|move|p1a: Raikou|Calm Mind|p1a: Raikou
|-boost|p1a: Raikou|spa|1
|-boost|p1a: Raikou|spd|1
|move|p2a: Frosmoth|Blizzard|p1a: Raikou
|-damage|p1a: Raikou|32/100
|
|-weather|Snowscape|[upkeep]
|-heal|p1a: Raikou|38/100|[from] item: Leftovers
|upkeep
|turn|14
|
|t:|1743827935
|move|p1a: Raikou|Thunderbolt|p2a: Frosmoth
|-damage|p2a: Frosmoth|0 fnt
|faint|p2a: Frosmoth
|
|-weather|Snowscape|[upkeep]
|-heal|p1a: Raikou|44/100|[from] item: Leftovers
|upkeep
|
|t:|1743827944
|switch|p2a: Weavile|Weavile, M|84/100
|-ability|p2a: Weavile|Pressure
|turn|15
|
|t:|1743827949
|switch|p1a: Forretress|Forretress, M|73/100
|move|p2a: Weavile|Triple Axel|p1a: Forretress
|-resisted|p1a: Forretress
|-damage|p1a: Forretress|71/100
|-resisted|p1a: Forretress
|-damage|p1a: Forretress|65/100
|-hitcount|p1a: Forretress|2
|
|-weather|none
|upkeep
|turn|16
|
|t:|1743827961
|switch|p2a: Slowking|Slowking-Galar, F|97/100
|move|p1a: Forretress|Stealth Rock|p2a: Slowking
|-sidestart|p2: maemikon|move: Stealth Rock
|
|-heal|p2a: Slowking|100/100|[from] item: Black Sludge
|upkeep
|turn|17
|-message|are you jesus? forfeited.
|
|win|maemikon
|raw|are you jesus?'s rating: 1077 &rarr; <strong>1055</strong><br />(-22 for losing)
|raw|maemikon's rating: 1069 &rarr; <strong>1099</strong><br />(+30 for winning)
|l|☆are you jesus?
|player|p1|
|l|☆maemikon
|player|p2|
