|j|☆Gort dingle
|j|☆trickhouseblitzin
|t:|1743899538
|gametype|singles
|player|p1|Gort dingle|lucas|1025
|player|p2|trickhouseblitzin|waiter-gen4dp|1000
|teamsize|p1|6
|teamsize|p2|6
|gen|9
|tier|[Gen 9] OU
|rated|
|rule|HP Percentage Mod: HP is shown in percentages
|rule|Endless Battle Clause: Forcing endless battles is banned
|rule|Species Clause: Limit one of each Pokémon
|rule|OHKO Clause: OHKO moves are banned
|rule|Evasion Items Clause: Evasion items are banned
|rule|Evasion Moves Clause: Evasion moves are banned
|rule|Sleep Moves Clause: Sleep-inducing moves are banned
|clearpoke
|poke|p1|Snorlax, M|
|poke|p1|Iron Hands|
|poke|p1|Dragapult, M|
|poke|p1|Iron Jugulis|
|poke|p1|Garganacl, M|
|poke|p1|Zapdos|
|poke|p2|Araquanid, F|
|poke|p2|Dragonite, F|
|poke|p2|Cinderace, F|
|poke|p2|Great Tusk|
|poke|p2|Iron Treads|
|poke|p2|Kingambit, M|
|teampreview
|inactive|Battle timer is ON: inactive players will automatically lose when time's up. (requested by trickhouseblitzin)
|c|☆Gort dingle|Hi
|j| The Hisui Region
|c| The Hisui Region|Gort dingle
|
|t:|1743899552
|start
|switch|p1a: Mr Metal|Iron Hands|100/100
|switch|p2a: Araquanid|Araquanid, F|100/100
|turn|1
|c|☆trickhouseblitzin|hi
|
|t:|1743899567
|move|p1a: Mr Metal|Close Combat|p2a: Araquanid
|-resisted|p2a: Araquanid
|-damage|p2a: Araquanid|70/100
|-unboost|p1a: Mr Metal|def|1
|-unboost|p1a: Mr Metal|spd|1
|move|p2a: Araquanid|Sticky Web|p1a: Mr Metal
|-sidestart|p1: Gort dingle|move: Sticky Web
|
|upkeep
|turn|2
|
|t:|1743899575
|move|p1a: Mr Metal|Brick Break|p2a: Araquanid
|-resisted|p2a: Araquanid
|-damage|p2a: Araquanid|50/100
|move|p2a: Araquanid|Liquidation|p1a: Mr Metal
|-damage|p1a: Mr Metal|62/100
|
|upkeep
|turn|3
|
|t:|1743899584
|move|p1a: Mr Metal|Earthquake|p2a: Araquanid
|-resisted|p2a: Araquanid
|-damage|p2a: Araquanid|35/100
|move|p2a: Araquanid|Liquidation|p1a: Mr Metal
|-damage|p1a: Mr Metal|20/100
|
|upkeep
|turn|4
|
|t:|1743899591
|move|p1a: Mr Metal|Close Combat|p2a: Araquanid
|-resisted|p2a: Araquanid
|-damage|p2a: Araquanid|5/100
|-unboost|p1a: Mr Metal|def|1
|-unboost|p1a: Mr Metal|spd|1
|move|p2a: Araquanid|Liquidation|p1a: Mr Metal
|-damage|p1a: Mr Metal|0 fnt
|faint|p1a: Mr Metal
|-end|p1a: Mr Metal|Quark Drive|[silent]
|
|upkeep
|j| toxic boosted
|
|t:|1743899602
|switch|p1a: Boris|Snorlax, M, shiny|100/100
|-activate|p1a: Boris|move: Sticky Web
|-fail|p1a: Boris|unboost|[from] item: Clear Amulet|[of] p1a: Boris
|turn|5
|-enditem|p2a: Araquanid|Custap Berry|[eat]
|-activate|p2a: Araquanid|item: Custap Berry|[consumed]
|
|t:|1743899607
|move|p2a: Araquanid|Endeavor|p1a: Boris
|-damage|p1a: Boris|3/100
|move|p1a: Boris|Lick|p2a: Araquanid
|-damage|p2a: Araquanid|0 fnt
|faint|p2a: Araquanid
|
|upkeep
|
|t:|1743899613
|switch|p2a: Cinderace|Cinderace, F|100/100
|turn|6
|l| toxic boosted
|c|☆Gort dingle|Woah
|
|t:|1743899623
|move|p2a: Cinderace|U-turn|p1a: Boris
|-damage|p1a: Boris|0 fnt
|faint|p1a: Boris
|
|t:|1743899630
|switch|p2a: Dragonite|Dragonite, F|100/100|[from] U-turn
|
|upkeep
|
|t:|1743899635
|switch|p1a: Rock.|Garganacl, M, shiny|100/100
|-activate|p1a: Rock.|move: Sticky Web
|-unboost|p1a: Rock.|spe|1
|turn|7
|
|t:|1743899644
|switch|p2a: Great Tusk|Great Tusk|100/100
|-enditem|p2a: Great Tusk|Booster Energy
|-activate|p2a: Great Tusk|ability: Protosynthesis|[fromitem]
|-start|p2a: Great Tusk|protosynthesisatk
|move|p1a: Rock.|Avalanche|p2a: Great Tusk
|-supereffective|p2a: Great Tusk
|-damage|p2a: Great Tusk|74/100
|
|upkeep
|turn|8
|
|t:|1743899655
|move|p2a: Great Tusk|Headlong Rush|p1a: Rock.
|-supereffective|p1a: Rock.
|-damage|p1a: Rock.|0 fnt
|-unboost|p2a: Great Tusk|def|1
|-unboost|p2a: Great Tusk|spd|1
|faint|p1a: Rock.
|
|upkeep
|
|t:|1743899663
|switch|p1a: Mr Zap|Zapdos, shiny|100/100
|-ability|p1a: Mr Zap|Pressure
|turn|9
|
|t:|1743899674
|-terastallize|p2a: Great Tusk|Ice
|move|p2a: Great Tusk|Ice Spinner|p1a: Mr Zap
|-supereffective|p1a: Mr Zap
|-damage|p1a: Mr Zap|0 fnt
|faint|p1a: Mr Zap
|
|upkeep
|
|t:|1743899681
|switch|p1a: Mr Turret|Dragapult, M|100/100
|-activate|p1a: Mr Turret|move: Sticky Web
|-fail|p1a: Mr Turret|unboost|[from] ability: Clear Body|[of] p1a: Mr Turret
|turn|10
|
|t:|1743899688
|move|p1a: Mr Turret|Hyper Beam|p2a: Great Tusk
|-damage|p2a: Great Tusk|0 fnt
|-mustrecharge|p1a: Mr Turret
|faint|p2a: Great Tusk
|-end|p2a: Great Tusk|Protosynthesis|[silent]
|
|upkeep
|
|t:|1743899692
|switch|p2a: Dragonite|Dragonite, F|100/100
|turn|11
|
|t:|1743899695
|cant|p1a: Mr Turret|recharge
|move|p2a: Dragonite|Dragon Dance|p2a: Dragonite
|-boost|p2a: Dragonite|atk|1
|-boost|p2a: Dragonite|spe|1
|
|upkeep
|turn|12
|
|t:|1743899712
|move|p2a: Dragonite|Ice Spinner|p1a: Mr Turret
|-supereffective|p1a: Mr Turret
|-damage|p1a: Mr Turret|2/100
|move|p1a: Mr Turret|Hyper Beam|p2a: Dragonite
|-damage|p2a: Dragonite|81/100
|-mustrecharge|p1a: Mr Turret
|
|-heal|p1a: Mr Turret|8/100|[from] item: Leftovers
|upkeep
|turn|13
|
|t:|1743899723
|move|p2a: Dragonite|Earthquake|p1a: Mr Turret
|-damage|p1a: Mr Turret|0 fnt
|faint|p1a: Mr Turret
|
|upkeep
|
|t:|1743899728
|switch|p1a: Mr Dragon|Iron Jugulis, shiny|100/100
|turn|14
|
|t:|1743899734
|move|p2a: Dragonite|Ice Spinner|p1a: Mr Dragon
|-supereffective|p1a: Mr Dragon
|-damage|p1a: Mr Dragon|15/100
|move|p1a: Mr Dragon|Dragon Tail|p2a: Dragonite
|-supereffective|p2a: Dragonite
|-damage|p2a: Dragonite|28/100
|drag|p2a: Iron Treads|Iron Treads|100/100
|-enditem|p2a: Iron Treads|Booster Energy
|-activate|p2a: Iron Treads|ability: Quark Drive|[fromitem]
|-start|p2a: Iron Treads|quarkdriveatk
|
|upkeep
|turn|15
|
|t:|1743899746
|move|p2a: Iron Treads|Iron Head|p1a: Mr Dragon
|-damage|p1a: Mr Dragon|0 fnt
|faint|p1a: Mr Dragon
|-end|p1a: Mr Dragon|Quark Drive|[silent]
|
|win|trickhouseblitzin
|raw|Gort dingle's rating: 1025 &rarr; <strong>1012</strong><br />(-13 for losing)
|raw|trickhouseblitzin's rating: 1040 &rarr; <strong>1073</strong><br />(+33 for winning)
