|j|☆Grem2220
|j|☆dtb2good
|t:|1743865016
|gametype|singles
|player|p1|Grem2220|170|1154
|player|p2|dtb2good|cynthia-gen4|1107
|teamsize|p1|6
|teamsize|p2|6
|gen|9
|tier|[Gen 9] OU
|rated|
|rule|HP Percentage Mod: HP is shown in percentages
|rule|Endless Battle Clause: Forcing endless battles is banned
|rule|Species Clause: Limit one of each Pokémon
|rule|OHKO Clause: OHKO moves are banned
|rule|Evasion Items Clause: Evasion items are banned
|rule|Evasion Moves Clause: Evasion moves are banned
|rule|Sleep Moves Clause: Sleep-inducing moves are banned
|clearpoke
|poke|p1|Meowscarada, M|
|poke|p1|Iron Crown|
|poke|p1|Great Tusk|
|poke|p1|Landorus-Therian, M|
|poke|p1|Raging Bolt|
|poke|p1|Ogerpon-Wellspring, F|
|poke|p2|Alcremie, F|
|poke|p2|Spidops, M|
|poke|p2|Latias, F|
|poke|p2|Ogerpon-Wellspring, F|
|poke|p2|Iron Moth|
|poke|p2|Zamazenta-*|
|teampreview
|
|t:|1743865021
|start
|switch|p1a: Landorus|Landorus-Therian, M|100/100
|switch|p2a: Spidops|Spidops, M, shiny|100/100
|-ability|p1a: Landorus|Intimidate|boost
|-unboost|p2a: Spidops|atk|1
|turn|1
|-activate|p2a: Spidops|item: Quick Claw
|
|t:|1743865029
|move|p2a: Spidops|Sticky Web|p1a: Landorus
|-sidestart|p1: Grem2220|move: Sticky Web
|move|p1a: Landorus|Taunt|p2a: Spidops
|-start|p2a: Spidops|move: Taunt
|
|upkeep
|turn|2
|-activate|p2a: Spidops|item: Quick Claw
|
|t:|1743865036
|move|p1a: Landorus|Stealth Rock|p2a: Spidops
|-sidestart|p2: dtb2good|move: Stealth Rock
|move|p2a: Spidops|Circle Throw|p1a: Landorus
|-resisted|p1a: Landorus
|-damage|p1a: Landorus|97/100
|-damage|p2a: Spidops|84/100|[from] item: Rocky Helmet|[of] p1a: Landorus
|drag|p1a: Great Tusk|Great Tusk|100/100
|
|upkeep
|turn|3
|
|t:|1743865053
|move|p1a: Great Tusk|Rapid Spin|p2a: Spidops
|-damage|p2a: Spidops|71/100
|-boost|p1a: Great Tusk|spe|1
|-sideend|p1: Grem2220|Sticky Web|[from] move: Rapid Spin|[of] p1a: Great Tusk
|move|p2a: Spidops|Circle Throw|p1a: Great Tusk
|-damage|p1a: Great Tusk|95/100
|-end|p1a: Great Tusk|Protosynthesis|[silent]
|drag|p1a: Iron Crown|Iron Crown|100/100
|
|upkeep
|turn|4
|
|t:|1743865066
|move|p1a: Iron Crown|Tachyon Cutter|p2a: Spidops
|-damage|p2a: Spidops|43/100
|-damage|p2a: Spidops|15/100
|-hitcount|p2a: Spidops|2
|move|p2a: Spidops|Circle Throw|p1a: Iron Crown
|-damage|p1a: Iron Crown|92/100
|-end|p1a: Iron Crown|Quark Drive|[silent]
|drag|p1a: Raging Bolt|Raging Bolt|100/100
|-enditem|p1a: Raging Bolt|Booster Energy
|-activate|p1a: Raging Bolt|ability: Protosynthesis|[fromitem]
|-start|p1a: Raging Bolt|protosynthesisspa
|
|-end|p2a: Spidops|move: Taunt
|upkeep
|turn|5
|inactive|Battle timer is ON: inactive players will automatically lose when time's up. (requested by dtb2good)
|
|t:|1743865081
|move|p1a: Raging Bolt|Thunderbolt|p2a: Spidops
|-damage|p2a: Spidops|0 fnt
|faint|p2a: Spidops
|
|upkeep
|
|t:|1743865089
|switch|p2a: Alcremie|Alcremie, F, shiny|100/100
|-damage|p2a: Alcremie|88/100|[from] Stealth Rock
|turn|6
|
|t:|1743865095
|move|p1a: Raging Bolt|Calm Mind|p1a: Raging Bolt
|-boost|p1a: Raging Bolt|spa|1
|-boost|p1a: Raging Bolt|spd|1
|move|p2a: Alcremie|Calm Mind|p2a: Alcremie
|-boost|p2a: Alcremie|spa|1
|-boost|p2a: Alcremie|spd|1
|
|-heal|p2a: Alcremie|94/100|[from] item: Leftovers
|upkeep
|turn|7
|
|t:|1743865105
|move|p1a: Raging Bolt|Calm Mind|p1a: Raging Bolt
|-boost|p1a: Raging Bolt|spa|1
|-boost|p1a: Raging Bolt|spd|1
|move|p2a: Alcremie|Calm Mind|p2a: Alcremie
|-boost|p2a: Alcremie|spa|1
|-boost|p2a: Alcremie|spd|1
|
|-heal|p2a: Alcremie|99/100|[from] item: Leftovers
|upkeep
|turn|8
|
|t:|1743865114
|move|p1a: Raging Bolt|Calm Mind|p1a: Raging Bolt
|-boost|p1a: Raging Bolt|spa|1
|-boost|p1a: Raging Bolt|spd|1
|move|p2a: Alcremie|Calm Mind|p2a: Alcremie
|-boost|p2a: Alcremie|spa|1
|-boost|p2a: Alcremie|spd|1
|
|-heal|p2a: Alcremie|100/100|[from] item: Leftovers
|upkeep
|turn|9
|
|t:|1743865123
|move|p1a: Raging Bolt|Calm Mind|p1a: Raging Bolt
|-boost|p1a: Raging Bolt|spa|1
|-boost|p1a: Raging Bolt|spd|1
|move|p2a: Alcremie|Calm Mind|p2a: Alcremie
|-boost|p2a: Alcremie|spa|1
|-boost|p2a: Alcremie|spd|1
|
|upkeep
|turn|10
|
|t:|1743865130
|move|p1a: Raging Bolt|Calm Mind|p1a: Raging Bolt
|-boost|p1a: Raging Bolt|spa|1
|-boost|p1a: Raging Bolt|spd|1
|move|p2a: Alcremie|Calm Mind|p2a: Alcremie
|-boost|p2a: Alcremie|spa|1
|-boost|p2a: Alcremie|spd|1
|
|upkeep
|turn|11
|
|t:|1743865140
|move|p1a: Raging Bolt|Thunderbolt|p2a: Alcremie
|-damage|p2a: Alcremie|40/100
|move|p2a: Alcremie|Calm Mind|p2a: Alcremie
|-boost|p2a: Alcremie|spa|1
|-boost|p2a: Alcremie|spd|1
|
|-heal|p2a: Alcremie|46/100|[from] item: Leftovers
|upkeep
|turn|12
|
|t:|1743865149
|move|p1a: Raging Bolt|Thunderbolt|p2a: Alcremie
|-damage|p2a: Alcremie|0 fnt
|faint|p2a: Alcremie
|
|upkeep
|
|t:|1743865169
|switch|p2a: Iron Moth|Iron Moth, shiny|100/100
|-damage|p2a: Iron Moth|76/100|[from] Stealth Rock
|-enditem|p2a: Iron Moth|Booster Energy
|-activate|p2a: Iron Moth|ability: Quark Drive|[fromitem]
|-start|p2a: Iron Moth|quarkdrivespe
|turn|13
|
|t:|1743865186
|move|p1a: Raging Bolt|Thunderclap|p2a: Iron Moth
|-damage|p2a: Iron Moth|0 fnt
|faint|p2a: Iron Moth
|-end|p2a: Iron Moth|Quark Drive|[silent]
|
|upkeep
|
|t:|1743865190
|switch|p2a: Latias|Latias, F, shiny|100/100
|-damage|p2a: Latias|88/100|[from] Stealth Rock
|turn|14
|
|t:|1743865199
|move|p2a: Latias|Draco Meteor|p1a: Raging Bolt
|-supereffective|p1a: Raging Bolt
|-damage|p1a: Raging Bolt|74/100
|-unboost|p2a: Latias|spa|2
|move|p1a: Raging Bolt|Dragon Pulse|p2a: Latias
|-supereffective|p2a: Latias
|-damage|p2a: Latias|0 fnt
|faint|p2a: Latias
|
|upkeep
|-message|dtb2good forfeited.
|
|win|Grem2220
|raw|Grem2220's rating: 1154 &rarr; <strong>1176</strong><br />(+22 for winning)
|raw|dtb2good's rating: 1107 &rarr; <strong>1085</strong><br />(-22 for losing)
|l|☆dtb2good
|player|p2|
