|j|☆jademaker
|j|☆ASSATFAO
|t:|1743819839
|gametype|singles
|player|p1|jademaker|170|1041
|player|p2|ASSATFAO|ghetsis|1000
|teamsize|p1|6
|teamsize|p2|6
|gen|9
|tier|[Gen 9] OU
|rated|
|rule|HP Percentage Mod: HP is shown in percentages
|rule|Endless Battle Clause: Forcing endless battles is banned
|rule|Species Clause: Limit one of each Pokémon
|rule|OHKO Clause: OHKO moves are banned
|rule|Evasion Items Clause: Evasion items are banned
|rule|Evasion Moves Clause: Evasion moves are banned
|rule|Sleep Moves Clause: Sleep-inducing moves are banned
|clearpoke
|poke|p1|Moltres|
|poke|p1|Clefable, M|
|poke|p1|Ting-Lu|
|poke|p1|Primarina, F|
|poke|p1|Slowking-Galar, F|
|poke|p1|Dragonite, M|
|poke|p2|Inteleon, M|
|poke|p2|Dragapult, M|
|poke|p2|Cinderace, M|
|poke|p2|Corviknight, M|
|poke|p2|Alomomola, M|
|poke|p2|Ting-Lu|
|teampreview
|inactive|Battle timer is ON: inactive players will automatically lose when time's up. (requested by jademaker)
|
|t:|1743819848
|start
|switch|p1a: Clefable|Clefable, M|100/100
|switch|p2a: Dragapult|Dragapult, M|100/100
|turn|1
|
|t:|1743819855
|switch|p1a: Ting-Lu|Ting-Lu|100/100
|-ability|p1a: Ting-Lu|Vessel of Ruin
|move|p2a: Dragapult|U-turn|p1a: Ting-Lu
|-supereffective|p1a: Ting-Lu
|-damage|p1a: Ting-Lu|61/100
|
|t:|1743819862
|switch|p2a: Inteleon|Inteleon, M|100/100|[from] U-turn
|
|-heal|p1a: Ting-Lu|67/100|[from] item: Leftovers
|upkeep
|turn|2
|
|t:|1743819870
|switch|p1a: Slowking|Slowking-Galar, F|100/100
|move|p2a: Inteleon|Surf|p1a: Slowking
|-damage|p1a: Slowking|59/100
|
|upkeep
|turn|3
|
|t:|1743819877
|switch|p2a: Ting-Lu|Ting-Lu|100/100
|-ability|p2a: Ting-Lu|Vessel of Ruin
|move|p1a: Slowking|Thunder Wave|p2a: Ting-Lu
|-immune|p2a: Ting-Lu
|
|upkeep
|turn|4
|
|t:|1743819886
|switch|p1a: Moltres|Moltres|100/100
|move|p2a: Ting-Lu|Earthquake|p1a: Moltres
|-immune|p1a: Moltres
|
|upkeep
|turn|5
|
|t:|1743819893
|switch|p2a: Alomomola|Alomomola, M|100/100
|move|p1a: Moltres|U-turn|p2a: Alomomola
|-damage|p2a: Alomomola|93/100
|
|t:|1743819904
|switch|p1a: Clefable|Clefable, M|100/100|[from] U-turn
|
|upkeep
|turn|6
|
|t:|1743819908
|move|p2a: Alomomola|Flip Turn|p1a: Clefable
|-damage|p1a: Clefable|87/100
|
|t:|1743819914
|switch|p2a: Ting-Lu|Ting-Lu|100/100|[from] Flip Turn
|-ability|p2a: Ting-Lu|Vessel of Ruin
|move|p1a: Clefable|Knock Off|p2a: Ting-Lu
|-resisted|p2a: Ting-Lu
|-damage|p2a: Ting-Lu|97/100
|-enditem|p2a: Ting-Lu|Leftovers|[from] move: Knock Off|[of] p1a: Clefable
|
|-heal|p1a: Clefable|93/100|[from] item: Leftovers
|upkeep
|turn|7
|
|t:|1743819927
|move|p1a: Clefable|Stealth Rock|p2a: Ting-Lu
|-sidestart|p2: ASSATFAO|move: Stealth Rock
|move|p2a: Ting-Lu|Ruination|p1a: Clefable
|-damage|p1a: Clefable|47/100
|
|-heal|p1a: Clefable|53/100|[from] item: Leftovers
|upkeep
|turn|8
|
|t:|1743819934
|move|p1a: Clefable|Moonlight|p1a: Clefable
|-heal|p1a: Clefable|100/100
|move|p2a: Ting-Lu|Earthquake|p1a: Clefable
|-damage|p1a: Clefable|72/100
|
|-heal|p1a: Clefable|78/100|[from] item: Leftovers
|upkeep
|turn|9
|
|t:|1743819943
|move|p1a: Clefable|Moonblast|p2a: Ting-Lu
|-supereffective|p2a: Ting-Lu
|-damage|p2a: Ting-Lu|68/100
|move|p2a: Ting-Lu|Ruination|p1a: Clefable
|-damage|p1a: Clefable|40/100
|
|-heal|p1a: Clefable|46/100|[from] item: Leftovers
|upkeep
|turn|10
|
|t:|1743819952
|move|p1a: Clefable|Moonlight|p1a: Clefable
|-heal|p1a: Clefable|96/100
|move|p2a: Ting-Lu|Ruination|p1a: Clefable
|-damage|p1a: Clefable|48/100
|
|-heal|p1a: Clefable|54/100|[from] item: Leftovers
|upkeep
|turn|11
|
|t:|1743819963
|move|p1a: Clefable|Moonblast|p2a: Ting-Lu
|-supereffective|p2a: Ting-Lu
|-crit|p2a: Ting-Lu
|-damage|p2a: Ting-Lu|22/100
|move|p2a: Ting-Lu|Earthquake|p1a: Clefable
|-damage|p1a: Clefable|28/100
|
|-heal|p1a: Clefable|35/100|[from] item: Leftovers
|upkeep
|turn|12
|
|t:|1743819972
|move|p1a: Clefable|Moonlight|p1a: Clefable
|-heal|p1a: Clefable|85/100
|move|p2a: Ting-Lu|Ruination|p1a: Clefable
|-damage|p1a: Clefable|43/100
|
|-heal|p1a: Clefable|49/100|[from] item: Leftovers
|upkeep
|turn|13
|
|t:|1743819981
|move|p1a: Clefable|Moonlight|p1a: Clefable
|-heal|p1a: Clefable|99/100
|move|p2a: Ting-Lu|Ruination|p1a: Clefable
|-damage|p1a: Clefable|50/100
|
|-heal|p1a: Clefable|56/100|[from] item: Leftovers
|upkeep
|turn|14
|
|t:|1743819995
|switch|p1a: Ting-Lu|Ting-Lu|67/100
|-ability|p1a: Ting-Lu|Vessel of Ruin
|move|p2a: Ting-Lu|Ruination|p1a: Ting-Lu
|-damage|p1a: Ting-Lu|34/100
|
|-heal|p1a: Ting-Lu|40/100|[from] item: Leftovers
|upkeep
|turn|15
|
|t:|1743820007
|switch|p2a: Alomomola|Alomomola, M|100/100
|switch|p1a: Moltres|Moltres|100/100
|
|upkeep
|turn|16
|
|t:|1743820013
|move|p1a: Moltres|U-turn|p2a: Alomomola
|-damage|p2a: Alomomola|92/100
|
|t:|1743820021
|switch|p1a: Primarina|Primarina, F|100/100|[from] U-turn
|move|p2a: Alomomola|Wish|p2a: Alomomola
|
|upkeep
|turn|17
|
|t:|1743820027
|move|p1a: Primarina|Psychic Noise|p2a: Alomomola
|-damage|p2a: Alomomola|57/100
|-start|p2a: Alomomola|move: Heal Block
|move|p2a: Alomomola|Flip Turn|p1a: Primarina
|-resisted|p1a: Primarina
|-damage|p1a: Primarina|90/100
|
|t:|1743820035
|switch|p2a: Ting-Lu|Ting-Lu|22/100|[from] Flip Turn
|-damage|p2a: Ting-Lu|16/100|[from] Stealth Rock
|-ability|p2a: Ting-Lu|Vessel of Ruin
|
|-heal|p2a: Ting-Lu|68/100|[from] move: Wish|[wisher] Alomomola
|upkeep
|turn|18
|
|t:|1743820044
|move|p1a: Primarina|Moonblast|p2a: Ting-Lu
|-supereffective|p2a: Ting-Lu
|-damage|p2a: Ting-Lu|23/100
|move|p2a: Ting-Lu|Earthquake|p1a: Primarina
|-damage|p1a: Primarina|39/100
|
|upkeep
|turn|19
|
|t:|1743820053
|move|p1a: Primarina|Surf|p2a: Ting-Lu
|-supereffective|p2a: Ting-Lu
|-damage|p2a: Ting-Lu|0 fnt
|faint|p2a: Ting-Lu
|
|upkeep
|
|t:|1743820058
|switch|p2a: Cinderace|Cinderace, M|100/100
|turn|20
|
|t:|1743820062
|move|p2a: Cinderace|Court Change|p2a: Cinderace
|-start|p2a: Cinderace|typechange|Normal|[from] ability: Libero
|-swapsideconditions
|-activate|p2a: Cinderace|move: Court Change
|move|p1a: Primarina|Surf|p2a: Cinderace
|-damage|p2a: Cinderace|31/100
|
|upkeep
|turn|21
|
|t:|1743820069
|move|p2a: Cinderace|Pyro Ball|p1a: Primarina|[miss]
|-miss|p2a: Cinderace|p1a: Primarina
|move|p1a: Primarina|Flip Turn|p2a: Cinderace
|-damage|p2a: Cinderace|9/100
|
|t:|1743820084
|switch|p1a: Dragonite|Dragonite, M|100/100|[from] Flip Turn
|
|upkeep
|turn|22
|
|t:|1743820092
|switch|p2a: Corviknight|Corviknight, M|100/100
|-ability|p2a: Corviknight|Pressure
|switch|p1a: Moltres|Moltres|100/100
|
|upkeep
|turn|23
|
|t:|1743820100
|switch|p2a: Alomomola|Alomomola, M|90/100
|move|p1a: Moltres|Flamethrower|p2a: Alomomola
|-resisted|p2a: Alomomola
|-damage|p2a: Alomomola|67/100
|
|upkeep
|turn|24
|
|t:|1743820114
|move|p1a: Moltres|U-turn|p2a: Alomomola
|-damage|p2a: Alomomola|59/100
|
|t:|1743820128
|switch|p1a: Slowking|Slowking-Galar, F|92/100|[from] U-turn
|move|p2a: Alomomola|Flip Turn|p1a: Slowking
|-damage|p1a: Slowking|76/100
|
|t:|1743820134
|switch|p2a: Dragapult|Dragapult, M|100/100|[from] Flip Turn
|
|upkeep
|turn|25
|
|t:|1743820147
|-terastallize|p2a: Dragapult|Ghost
|move|p2a: Dragapult|Tera Blast|p1a: Slowking|[anim] Tera Blast Ghost
|-supereffective|p1a: Slowking
|-damage|p1a: Slowking|0 fnt
|faint|p1a: Slowking
|
|upkeep
|
|t:|1743820152
|switch|p1a: Moltres|Moltres|100/100
|turn|26
|
|t:|1743820157
|switch|p2a: Alomomola|Alomomola, M|93/100
|move|p1a: Moltres|Flamethrower|p2a: Alomomola
|-resisted|p2a: Alomomola
|-damage|p2a: Alomomola|71/100
|-status|p2a: Alomomola|brn
|
|-damage|p2a: Alomomola|65/100 brn|[from] brn
|upkeep
|turn|27
|
|t:|1743820167
|move|p1a: Moltres|Roost||[still]
|-fail|p1a: Moltres|heal
|move|p2a: Alomomola|Flip Turn|p1a: Moltres
|-supereffective|p1a: Moltres
|-damage|p1a: Moltres|90/100
|
|t:|1743820173
|switch|p2a: Inteleon|Inteleon, M|100/100|[from] Flip Turn
|
|upkeep
|turn|28
|
|t:|1743820202
|move|p2a: Inteleon|Surf|p1a: Moltres
|-supereffective|p1a: Moltres
|-damage|p1a: Moltres|0 fnt
|faint|p1a: Moltres
|
|upkeep
|
|t:|1743820204
|switch|p1a: Dragonite|Dragonite, M|100/100
|turn|29
|
|t:|1743820210
|switch|p2a: Corviknight|Corviknight, M|100/100
|-ability|p2a: Corviknight|Pressure
|move|p1a: Dragonite|Dragon Dance|p1a: Dragonite
|-boost|p1a: Dragonite|atk|1
|-boost|p1a: Dragonite|spe|1
|
|upkeep
|turn|30
|
|t:|1743820218
|move|p1a: Dragonite|Dragon Dance|p1a: Dragonite
|-boost|p1a: Dragonite|atk|1
|-boost|p1a: Dragonite|spe|1
|move|p2a: Corviknight|Iron Defense|p2a: Corviknight
|-boost|p2a: Corviknight|def|2
|
|upkeep
|turn|31
|
|t:|1743820225
|move|p1a: Dragonite|Ice Spinner|p2a: Corviknight
|-damage|p2a: Corviknight|82/100
|-damage|p1a: Dragonite|84/100|[from] item: Rocky Helmet|[of] p2a: Corviknight
|move|p2a: Corviknight|Body Press|p1a: Dragonite
|-resisted|p1a: Dragonite
|-damage|p1a: Dragonite|57/100
|
|upkeep
|turn|32
|
|t:|1743820234
|switch|p1a: Clefable|Clefable, M|56/100
|move|p2a: Corviknight|Iron Defense|p2a: Corviknight
|-boost|p2a: Corviknight|def|2
|
|-heal|p1a: Clefable|62/100|[from] item: Leftovers
|upkeep
|turn|33
|-message|jademaker forfeited.
|
|win|ASSATFAO
|raw|jademaker's rating: 1041 &rarr; <strong>1025</strong><br />(-16 for losing)
|raw|ASSATFAO's rating: 1041 &rarr; <strong>1075</strong><br />(+34 for winning)
|l|☆jademaker
|player|p1|
