|j|☆random tera ghost
|j|☆GintamaXXOO
|t:|1743792854
|gametype|singles
|player|p1|random tera ghost|2|1545
|player|p2|GintamaXXOO|magmagruntf|1625
|teamsize|p1|6
|teamsize|p2|6
|gen|9
|tier|[Gen 9] OU
|rated|
|rule|HP Percentage Mod: HP is shown in percentages
|rule|Endless Battle Clause: Forcing endless battles is banned
|rule|Species Clause: Limit one of each Pokémon
|rule|OHKO Clause: OHKO moves are banned
|rule|Evasion Items Clause: Evasion items are banned
|rule|Evasion Moves Clause: Evasion moves are banned
|rule|Sleep Moves Clause: Sleep-inducing moves are banned
|clearpoke
|poke|p1|Ninetales, F|
|poke|p1|Scovillain, M|
|poke|p1|Walking Wake|
|poke|p1|Hatterene, F|
|poke|p1|Great Tusk|
|poke|p1|Ceruledge, M|
|poke|p2|Kyurem|
|poke|p2|Cinderace, M|
|poke|p2|Iron Valiant|
|poke|p2|Kingambit, F|
|poke|p2|Zapdos|
|poke|p2|Landorus-Therian, M|
|teampreview
|inactive|Battle timer is ON: inactive players will automatically lose when time's up. (requested by GintamaXXOO)
|
|t:|1743792880
|start
|switch|p1a: Ninetales|Ninetales, F|100/100
|switch|p2a: Homelandor|Landorus-Therian, M, shiny|100/100
|-weather|SunnyDay|[from] ability: Drought|[of] p1a: Ninetales
|-ability|p2a: Homelandor|Intimidate|boost
|-unboost|p1a: Ninetales|atk|1
|turn|1
|
|t:|1743792887
|move|p1a: Ninetales|Will-O-Wisp|p2a: Homelandor
|-status|p2a: Homelandor|brn
|move|p2a: Homelandor|Earth Power|p1a: Ninetales
|-supereffective|p1a: Ninetales
|-damage|p1a: Ninetales|36/100
|
|-weather|SunnyDay|[upkeep]
|-damage|p2a: Homelandor|94/100 brn|[from] brn
|upkeep
|turn|2
|
|t:|1743792894
|switch|p1a: Hatterene|Hatterene, F|100/100
|move|p2a: Homelandor|Earth Power|p1a: Hatterene
|-damage|p1a: Hatterene|68/100
|-enditem|p1a: Hatterene|Eject Button
|
|t:|1743792906
|switch|p1a: Walking Wake|Walking Wake|100/100
|-activate|p1a: Walking Wake|ability: Protosynthesis
|-start|p1a: Walking Wake|protosynthesisspa
|
|-weather|SunnyDay|[upkeep]
|-damage|p2a: Homelandor|88/100 brn|[from] brn
|upkeep
|turn|3
|
|t:|1743792920
|-terastallize|p2a: Homelandor|Dragon
|move|p1a: Walking Wake|Hydro Steam|p2a: Homelandor
|-resisted|p2a: Homelandor
|-damage|p2a: Homelandor|12/100 brn
|move|p2a: Homelandor|Stealth Rock|p1a: Walking Wake
|-sidestart|p1: random tera ghost|move: Stealth Rock
|
|-weather|SunnyDay|[upkeep]
|-damage|p2a: Homelandor|6/100 brn|[from] brn
|upkeep
|turn|4
|
|t:|1743792928
|move|p1a: Walking Wake|Hydro Steam|p2a: Homelandor
|-resisted|p2a: Homelandor
|-damage|p2a: Homelandor|0 fnt
|faint|p2a: Homelandor
|
|-weather|SunnyDay|[upkeep]
|upkeep
|
|t:|1743792932
|switch|p2a: Mr. Freeze|Kyurem, shiny|100/100
|-ability|p2a: Mr. Freeze|Pressure
|turn|5
|
|t:|1743792935
|-end|p1a: Walking Wake|Protosynthesis|[silent]
|switch|p1a: Hatterene|Hatterene, F|68/100
|-damage|p1a: Hatterene|56/100|[from] Stealth Rock
|move|p2a: Mr. Freeze|Substitute|p2a: Mr. Freeze
|-start|p2a: Mr. Freeze|Substitute
|-damage|p2a: Mr. Freeze|75/100
|
|-weather|SunnyDay|[upkeep]
|-heal|p2a: Mr. Freeze|82/100|[from] item: Leftovers
|upkeep
|turn|6
|
|t:|1743792938
|move|p2a: Mr. Freeze|Freeze-Dry|p1a: Hatterene
|-damage|p1a: Hatterene|25/100
|move|p1a: Hatterene|Draining Kiss|p2a: Mr. Freeze
|-supereffective|p2a: Mr. Freeze
|-end|p2a: Mr. Freeze|Substitute
|-heal|p1a: Hatterene|49/100|[from] drain|[of] p2a: Mr. Freeze
|
|-weather|SunnyDay|[upkeep]
|-heal|p2a: Mr. Freeze|88/100|[from] item: Leftovers
|upkeep
|turn|7
|
|t:|1743792942
|move|p2a: Mr. Freeze|Freeze-Dry|p1a: Hatterene
|-damage|p1a: Hatterene|17/100
|move|p1a: Hatterene|Draining Kiss|p2a: Mr. Freeze
|-supereffective|p2a: Mr. Freeze
|-damage|p2a: Mr. Freeze|49/100
|-heal|p1a: Hatterene|55/100|[from] drain|[of] p2a: Mr. Freeze
|
|-weather|SunnyDay|[upkeep]
|-heal|p2a: Mr. Freeze|55/100|[from] item: Leftovers
|upkeep
|turn|8
|
|t:|1743792947
|switch|p2a: Cinderace|Cinderace, M|100/100
|move|p1a: Hatterene|Draining Kiss|p2a: Cinderace
|-resisted|p2a: Cinderace
|-damage|p2a: Cinderace|83/100
|-heal|p1a: Hatterene|67/100|[from] drain|[of] p2a: Cinderace
|
|-weather|none
|upkeep
|turn|9
|
|t:|1743792951
|move|p2a: Cinderace|Gunk Shot|p1a: Hatterene
|-start|p2a: Cinderace|typechange|Poison|[from] ability: Libero
|-supereffective|p1a: Hatterene
|-damage|p1a: Hatterene|0 fnt
|faint|p1a: Hatterene
|
|upkeep
|
|t:|1743792959
|switch|p1a: Don|Great Tusk|100/100
|-damage|p1a: Don|98/100|[from] Stealth Rock
|turn|10
|
|t:|1743792963
|switch|p2a: Zapdos|Zapdos|100/100
|move|p1a: Don|Rapid Spin|p2a: Zapdos
|-damage|p2a: Zapdos|88/100
|-boost|p1a: Don|spe|1
|-status|p1a: Don|par|[from] ability: Static|[of] p2a: Zapdos
|-sideend|p1: random tera ghost|Stealth Rock|[from] move: Rapid Spin|[of] p1a: Don
|
|upkeep
|turn|11
|
|t:|1743792970
|-end|p1a: Don|Protosynthesis|[silent]
|switch|p1a: Ninetales|Ninetales, F|36/100
|-weather|SunnyDay|[from] ability: Drought|[of] p1a: Ninetales
|move|p2a: Zapdos|Volt Switch|p1a: Ninetales
|-damage|p1a: Ninetales|8/100
|
|t:|1743792976
|switch|p2a: Cinderace|Cinderace, M|83/100|[from] Volt Switch
|
|-weather|SunnyDay|[upkeep]
|upkeep
|turn|12
|
|t:|1743792981
|move|p2a: Cinderace|Low Kick|p1a: Ninetales
|-start|p2a: Cinderace|typechange|Fighting|[from] ability: Libero
|-damage|p1a: Ninetales|0 fnt
|faint|p1a: Ninetales
|
|-weather|SunnyDay|[upkeep]
|upkeep
|
|t:|1743792991
|switch|p1a: Ceruledge|Ceruledge, M|100/100
|turn|13
|
|t:|1743792996
|move|p2a: Cinderace|Pyro Ball|p1a: Ceruledge
|-resisted|p1a: Ceruledge
|-damage|p1a: Ceruledge|58/100
|-ability|p1a: Ceruledge|Weak Armor|boost
|-unboost|p1a: Ceruledge|def|1
|-boost|p1a: Ceruledge|spe|2
|move|p1a: Ceruledge|Swords Dance|p1a: Ceruledge
|-boost|p1a: Ceruledge|atk|2
|
|-weather|SunnyDay|[upkeep]
|upkeep
|turn|14
|
|t:|1743793003
|move|p2a: Cinderace|Sucker Punch|p1a: Ceruledge
|-supereffective|p1a: Ceruledge
|-damage|p1a: Ceruledge|0 fnt
|faint|p1a: Ceruledge
|
|-weather|SunnyDay|[upkeep]
|upkeep
|
|t:|1743793009
|switch|p1a: Scovillain|Scovillain, M, shiny|100/100
|turn|15
|inactive|GintamaXXOO has 120 seconds left.
|
|t:|1743793047
|move|p2a: Cinderace|Sucker Punch|p1a: Scovillain
|-damage|p1a: Scovillain|63/100
|move|p1a: Scovillain|Flamethrower|p2a: Cinderace
|-damage|p2a: Cinderace|0 fnt
|faint|p2a: Cinderace
|-damage|p1a: Scovillain|53/100|[from] item: Life Orb
|
|-weather|SunnyDay|[upkeep]
|upkeep
|
|t:|1743793051
|switch|p2a: Mr. Freeze|Kyurem, shiny|55/100
|-ability|p2a: Mr. Freeze|Pressure
|turn|16
|
|t:|1743793061
|move|p2a: Mr. Freeze|Protect|p2a: Mr. Freeze
|-singleturn|p2a: Mr. Freeze|Protect
|move|p1a: Scovillain|Flamethrower|p2a: Mr. Freeze
|-activate|p2a: Mr. Freeze|move: Protect
|
|-weather|SunnyDay|[upkeep]
|-heal|p2a: Mr. Freeze|61/100|[from] item: Leftovers
|upkeep
|turn|17
|
|t:|1743793074
|switch|p2a: Zapdos|Zapdos|88/100
|move|p1a: Scovillain|Flamethrower|p2a: Zapdos
|-damage|p2a: Zapdos|12/100
|-damage|p1a: Scovillain|43/100|[from] item: Life Orb
|
|-weather|SunnyDay|[upkeep]
|upkeep
|turn|18
|
|t:|1743793079
|move|p1a: Scovillain|Flamethrower|p2a: Zapdos
|-damage|p2a: Zapdos|0 fnt
|faint|p2a: Zapdos
|-damage|p1a: Scovillain|33/100|[from] item: Life Orb
|
|-weather|none
|upkeep
|
|t:|1743793084
|switch|p2a: Mr. Freeze|Kyurem, shiny|61/100
|-ability|p2a: Mr. Freeze|Pressure
|turn|19
|
|t:|1743793090
|move|p2a: Mr. Freeze|Freeze-Dry|p1a: Scovillain
|-damage|p1a: Scovillain|0 fnt
|faint|p1a: Scovillain
|
|-heal|p2a: Mr. Freeze|67/100|[from] item: Leftovers
|upkeep
|
|t:|1743793103
|switch|p1a: Walking Wake|Walking Wake|100/100
|turn|20
|
|t:|1743793106
|-terastallize|p1a: Walking Wake|Water
|move|p2a: Mr. Freeze|Protect|p2a: Mr. Freeze
|-singleturn|p2a: Mr. Freeze|Protect
|move|p1a: Walking Wake|Draco Meteor|p2a: Mr. Freeze
|-activate|p2a: Mr. Freeze|move: Protect
|
|-heal|p2a: Mr. Freeze|74/100|[from] item: Leftovers
|upkeep
|turn|21
|
|t:|1743793115
|switch|p2a: Iron Valiant|Iron Valiant|100/100
|-enditem|p2a: Iron Valiant|Booster Energy
|-activate|p2a: Iron Valiant|ability: Quark Drive|[fromitem]
|-start|p2a: Iron Valiant|quarkdrivespe
|move|p1a: Walking Wake|Draco Meteor|p2a: Iron Valiant
|-immune|p2a: Iron Valiant
|
|upkeep
|turn|22
|
|t:|1743793123
|-end|p1a: Walking Wake|Protosynthesis|[silent]
|switch|p1a: Don|Great Tusk|98/100 par
|move|p2a: Iron Valiant|Moonblast|p1a: Don
|-supereffective|p1a: Don
|-damage|p1a: Don|0 fnt
|faint|p1a: Don
|-end|p1a: Don|Protosynthesis|[silent]
|
|upkeep
|
|t:|1743793126
|switch|p1a: Walking Wake|Walking Wake, tera:Water|100/100
|turn|23
|
|t:|1743793142
|move|p2a: Iron Valiant|Close Combat|p1a: Walking Wake
|-damage|p1a: Walking Wake|40/100
|-unboost|p2a: Iron Valiant|def|1
|-unboost|p2a: Iron Valiant|spd|1
|move|p1a: Walking Wake|Hydro Steam|p2a: Iron Valiant
|-damage|p2a: Iron Valiant|0 fnt
|faint|p2a: Iron Valiant
|-end|p2a: Iron Valiant|Quark Drive|[silent]
|
|upkeep
|
|t:|1743793150
|switch|p2a: Mr. Freeze|Kyurem, shiny|74/100
|-ability|p2a: Mr. Freeze|Pressure
|turn|24
|c|☆GintamaXXOO|Gg
|inactive|random tera ghost has 120 seconds left.
|
|t:|1743793193
|move|p2a: Mr. Freeze|Freeze-Dry|p1a: Walking Wake
|-supereffective|p1a: Walking Wake
|-damage|p1a: Walking Wake|0 fnt
|faint|p1a: Walking Wake
|-end|p1a: Walking Wake|Protosynthesis|[silent]
|
|win|GintamaXXOO
|raw|random tera ghost's rating: 1545 &rarr; <strong>1530</strong><br />(-15 for losing)
|raw|GintamaXXOO's rating: 1625 &rarr; <strong>1640</strong><br />(+15 for winning)
|l|☆random tera ghost
|player|p1|
|l|☆GintamaXXOO
|player|p2|
