|badge|p2|bronze|gen9ou|100-5
|uhtml|medal-msg|<div class="broadcast-blue">Curious what those medals under the avatar are? PS now has Ladder Seasons! For more information, check out the <a href="https://www.smogon.com/forums/threads/3740067/">thread on Smogon.</a></div>
|j|☆ssskgc
|j|☆mr.diversity
|t:|1743877142
|gametype|singles
|player|p1|ssskgc|170|1784
|player|p2|mr.diversity|bruno|1734
|teamsize|p1|6
|teamsize|p2|6
|gen|9
|tier|[Gen 9] OU
|rated|
|rule|HP Percentage Mod: HP is shown in percentages
|rule|Endless Battle Clause: Forcing endless battles is banned
|rule|Species Clause: Limit one of each Pokémon
|rule|OHKO Clause: OHKO moves are banned
|rule|Evasion Items Clause: Evasion items are banned
|rule|Evasion Moves Clause: Evasion moves are banned
|rule|Sleep Moves Clause: Sleep-inducing moves are banned
|clearpoke
|poke|p1|Scizor, M|
|poke|p1|Ditto|
|poke|p1|Raging Bolt|
|poke|p1|Keldeo-Resolute|
|poke|p1|Corviknight, F|
|poke|p1|Clodsire, F|
|poke|p2|Landorus-Therian, M|
|poke|p2|Cinderace, M|
|poke|p2|Great Tusk|
|poke|p2|Heatran, F|
|poke|p2|Clodsire, M|
|poke|p2|Armarouge, M|
|teampreview
|inactive|Battle timer is ON: inactive players will automatically lose when time's up. (requested by mr.diversity)
|
|t:|1743877166
|start
|switch|p1a: Keldeo|Keldeo-Resolute|100/100
|switch|p2a: Cinderace|Cinderace, M|100/100
|turn|1
|
|t:|1743877176
|move|p2a: Cinderace|High Jump Kick|p1a: Keldeo
|-start|p2a: Cinderace|typechange|Fighting|[from] ability: Libero
|-damage|p1a: Keldeo|0 fnt
|faint|p1a: Keldeo
|
|upkeep
|
|t:|1743877189
|switch|p1a: Ditto|Ditto|100/100
|-transform|p1a: Ditto|p2a: Cinderace|[from] ability: Imposter
|turn|2
|j| m0chaman_829
|
|t:|1743877204
|switch|p2a: Landorus|Landorus-Therian, M|100/100
|-ability|p2a: Landorus|Intimidate|boost
|-unboost|p1a: Ditto|atk|1
|move|p1a: Ditto|High Jump Kick|p2a: Landorus
|-resisted|p2a: Landorus
|-damage|p2a: Landorus|79/100
|
|upkeep
|turn|3
|
|t:|1743877220
|switch|p1a: Corviknight|Corviknight, F|100/100
|move|p2a: Landorus|U-turn|p1a: Corviknight
|-resisted|p1a: Corviknight
|-crit|p1a: Corviknight
|-damage|p1a: Corviknight|90/100
|-damage|p2a: Landorus|62/100|[from] item: Rocky Helmet|[of] p1a: Corviknight
|
|t:|1743877226
|switch|p2a: Heatran|Heatran, F|100/100|[from] U-turn
|
|upkeep
|turn|4
|
|t:|1743877240
|switch|p1a: Clodsire|Clodsire, F|100/100
|move|p2a: Heatran|Magma Storm|p1a: Clodsire
|-damage|p1a: Clodsire|58/100
|-activate|p1a: Clodsire|move: Magma Storm|[of] p2a: Heatran
|
|-heal|p1a: Clodsire|65/100|[from] item: Leftovers
|-damage|p1a: Clodsire|52/100|[from] move: Magma Storm|[partiallytrapped]
|upkeep
|turn|5
|
|t:|1743877253
|switch|p2a: Cinderace|Cinderace, M|100/100
|move|p1a: Clodsire|Toxic|p2a: Cinderace
|-status|p2a: Cinderace|tox
|
|-heal|p1a: Clodsire|58/100|[from] item: Leftovers
|-damage|p2a: Cinderace|95/100 tox|[from] psn
|-end|p1a: Clodsire|Magma Storm|[partiallytrapped]|[silent]
|upkeep
|turn|6
|
|t:|1743877274
|switch|p1a: Ditto|Ditto|100/100
|-transform|p1a: Ditto|p2a: Cinderace|[from] ability: Imposter
|move|p2a: Cinderace|Pyro Ball|p1a: Ditto
|-resisted|p1a: Ditto
|-damage|p1a: Ditto|43/100
|
|-damage|p2a: Cinderace|83/100 tox|[from] psn
|upkeep
|turn|7
|inactive|ssskgc has 120 seconds left.
|
|t:|1743877292
|move|p1a: Ditto|U-turn|p2a: Cinderace
|-start|p1a: Ditto|typechange|Bug|[from] ability: Libero
|-resisted|p2a: Cinderace
|-crit|p2a: Cinderace
|-damage|p2a: Cinderace|44/100 tox
|inactive|ssskgc has 120 seconds left.
|
|t:|1743877300
|switch|p1a: Raging Bolt|Raging Bolt|100/100|[from] U-turn
|move|p2a: Cinderace|Pyro Ball|p1a: Raging Bolt
|-resisted|p1a: Raging Bolt
|-damage|p1a: Raging Bolt|65/100
|-status|p1a: Raging Bolt|brn
|
|-heal|p1a: Raging Bolt|71/100 brn|[from] item: Leftovers
|-damage|p2a: Cinderace|26/100 tox|[from] psn
|-damage|p1a: Raging Bolt|65/100 brn|[from] brn
|upkeep
|turn|8
|inactive|ssskgc has 120 seconds left.
|
|t:|1743877319
|-end|p1a: Raging Bolt|Protosynthesis|[silent]
|switch|p1a: Clodsire|Clodsire, F|58/100
|move|p2a: Cinderace|Pyro Ball|p1a: Clodsire
|-damage|p1a: Clodsire|0 fnt
|faint|p1a: Clodsire
|
|-damage|p2a: Cinderace|2/100 tox|[from] psn
|upkeep
|
|t:|1743877330
|switch|p1a: Ditto|Ditto|43/100
|-transform|p1a: Ditto|p2a: Cinderace|[from] ability: Imposter
|turn|9
|
|t:|1743877336
|move|p1a: Ditto|Pyro Ball|p2a: Cinderace
|-resisted|p2a: Cinderace
|-damage|p2a: Cinderace|0 fnt
|faint|p2a: Cinderace
|
|upkeep
|
|t:|1743877344
|switch|p2a: Great Tusk|Great Tusk|100/100
|-enditem|p2a: Great Tusk|Booster Energy
|-activate|p2a: Great Tusk|ability: Protosynthesis|[fromitem]
|-start|p2a: Great Tusk|protosynthesisatk
|turn|10
|
|t:|1743877350
|switch|p1a: Corviknight|Corviknight, F|90/100
|move|p2a: Great Tusk|Close Combat|p1a: Corviknight
|-damage|p1a: Corviknight|41/100
|-unboost|p2a: Great Tusk|def|1
|-unboost|p2a: Great Tusk|spd|1
|-damage|p2a: Great Tusk|84/100|[from] item: Rocky Helmet|[of] p1a: Corviknight
|
|upkeep
|turn|11
|inactive|ssskgc has 120 seconds left.
|
|t:|1743877366
|move|p2a: Great Tusk|Close Combat|p1a: Corviknight
|-damage|p1a: Corviknight|0 fnt
|-unboost|p2a: Great Tusk|def|1
|-unboost|p2a: Great Tusk|spd|1
|-damage|p2a: Great Tusk|68/100|[from] item: Rocky Helmet|[of] p1a: Corviknight
|faint|p1a: Corviknight
|
|upkeep
|inactive|ssskgc has 120 seconds left.
|
|t:|1743877384
|switch|p1a: Scizor|Scizor, M, shiny|100/100
|turn|12
|-message|ssskgc forfeited.
|
|win|mr.diversity
|raw|ssskgc's rating: 1784 &rarr; <strong>1761</strong><br />(-23 for losing)
|raw|mr.diversity's rating: 1734 &rarr; <strong>1757</strong><br />(+23 for winning)
|l|☆ssskgc
|player|p1|
|l|☆mr.diversity
|player|p2|
