|j|☆shnore
|j|☆dr.wahwiee
|t:|1743808763
|gametype|singles
|player|p1|shnore|medium|1261
|player|p2|dr.wahwiee|blaine-gen2|1293
|teamsize|p1|6
|teamsize|p2|6
|gen|9
|tier|[Gen 9] OU
|rated|
|rule|HP Percentage Mod: HP is shown in percentages
|rule|Endless Battle Clause: Forcing endless battles is banned
|rule|Species Clause: Limit one of each Pokémon
|rule|OHKO Clause: OHKO moves are banned
|rule|Evasion Items Clause: Evasion items are banned
|rule|Evasion Moves Clause: Evasion moves are banned
|rule|Sleep Moves Clause: Sleep-inducing moves are banned
|clearpoke
|poke|p1|Pelipper, M|
|poke|p1|Barraskewda, F|
|poke|p1|Swampert, M|
|poke|p1|Primarina, M|
|poke|p1|Maushold-Four|
|poke|p1|Zapdos|
|poke|p2|Lapras, F|
|poke|p2|Rotom-Heat|
|poke|p2|Zapdos|
|poke|p2|Lurantis, F|
|poke|p2|Golurk|
|poke|p2|Jirachi|
|teampreview
|inactive|Battle timer is ON: inactive players will automatically lose when time's up. (requested by shnore)
|
|t:|1743808771
|start
|switch|p1a: Swampert|Swampert, M|100/100
|switch|p2a: Jirachi|Jirachi|100/100
|turn|1
|
|t:|1743808783
|move|p2a: Jirachi|Iron Head|p1a: Swampert
|-resisted|p1a: Swampert
|-damage|p1a: Swampert|75/100
|move|p1a: Swampert|Knock Off|p2a: Jirachi
|-supereffective|p2a: Jirachi
|-damage|p2a: Jirachi|40/100
|-enditem|p2a: Jirachi|Choice Band|[from] move: Knock Off|[of] p1a: Swampert
|
|-heal|p1a: Swampert|81/100|[from] item: Leftovers
|upkeep
|turn|2
|
|t:|1743808791
|move|p2a: Jirachi|Zen Headbutt|p1a: Swampert
|-damage|p1a: Swampert|43/100
|move|p1a: Swampert|Stealth Rock|p2a: Jirachi
|-sidestart|p2: dr.wahwiee|move: Stealth Rock
|
|-heal|p1a: Swampert|49/100|[from] item: Leftovers
|upkeep
|turn|3
|
|t:|1743808794
|move|p2a: Jirachi|Zen Headbutt|p1a: Swampert
|-damage|p1a: Swampert|13/100
|move|p1a: Swampert|Earthquake|p2a: Jirachi
|-supereffective|p2a: Jirachi
|-damage|p2a: Jirachi|0 fnt
|faint|p2a: Jirachi
|
|-heal|p1a: Swampert|20/100|[from] item: Leftovers
|upkeep
|
|t:|1743808798
|switch|p2a: Lurantis|Lurantis, F|100/100
|-damage|p2a: Lurantis|88/100|[from] Stealth Rock
|turn|4
|
|t:|1743808804
|switch|p1a: Zapdos|Zapdos|100/100
|move|p2a: Lurantis|Defog|p1a: Zapdos
|-unboost|p1a: Zapdos|evasion|1
|-sideend|p2: dr.wahwiee|Stealth Rock|[from] move: Defog|[of] p2a: Lurantis
|
|-heal|p2a: Lurantis|94/100|[from] item: Leftovers
|upkeep
|turn|5
|
|t:|1743808807
|switch|p2a: Zapdos|Zapdos|100/100
|-ability|p2a: Zapdos|Pressure
|move|p1a: Zapdos|Volt Switch|p2a: Zapdos
|-damage|p2a: Zapdos|63/100
|
|t:|1743808817
|switch|p1a: Swampert|Swampert, M|20/100|[from] Volt Switch
|
|-heal|p1a: Swampert|26/100|[from] item: Leftovers
|upkeep
|turn|6
|
|t:|1743808821
|move|p2a: Zapdos|Hurricane|p1a: Swampert|[miss]
|-miss|p2a: Zapdos|p1a: Swampert
|move|p1a: Swampert|Stealth Rock|p2a: Zapdos
|-sidestart|p2: dr.wahwiee|move: Stealth Rock
|
|-heal|p1a: Swampert|32/100|[from] item: Leftovers
|upkeep
|turn|7
|
|t:|1743808826
|move|p2a: Zapdos|Roost|p2a: Zapdos
|-heal|p2a: Zapdos|100/100
|-singleturn|p2a: Zapdos|move: Roost
|move|p1a: Swampert|Knock Off|p2a: Zapdos
|-damage|p2a: Zapdos|67/100
|-enditem|p2a: Zapdos|Heavy-Duty Boots|[from] move: Knock Off|[of] p1a: Swampert
|
|-heal|p1a: Swampert|38/100|[from] item: Leftovers
|upkeep
|turn|8
|
|t:|1743808830
|move|p2a: Zapdos|Hurricane|p1a: Swampert
|-damage|p1a: Swampert|0 fnt
|faint|p1a: Swampert
|
|upkeep
|
|t:|1743808835
|switch|p1a: Primarina|Primarina, M|100/100
|turn|9
|
|t:|1743808838
|move|p1a: Primarina|Moonblast|p2a: Zapdos
|-damage|p2a: Zapdos|22/100
|move|p2a: Zapdos|Eerie Impulse|p1a: Primarina
|-unboost|p1a: Primarina|spa|2
|
|upkeep
|turn|10
|
|t:|1743808840
|move|p1a: Primarina|Moonblast|p2a: Zapdos
|-damage|p2a: Zapdos|0 fnt
|faint|p2a: Zapdos
|
|upkeep
|
|t:|1743808843
|switch|p2a: Lurantis|Lurantis, F|94/100
|-damage|p2a: Lurantis|82/100|[from] Stealth Rock
|turn|11
|
|t:|1743808849
|switch|p1a: Pelipper|Pelipper, M|100/100
|-weather|RainDance|[from] ability: Drizzle|[of] p1a: Pelipper
|move|p2a: Lurantis|Defog|p1a: Pelipper
|-unboost|p1a: Pelipper|evasion|1
|-sideend|p2: dr.wahwiee|Stealth Rock|[from] move: Defog|[of] p2a: Lurantis
|
|-weather|RainDance|[upkeep]
|-heal|p2a: Lurantis|88/100|[from] item: Leftovers
|upkeep
|turn|12
|
|t:|1743808853
|switch|p2a: Ice drago|Lapras, F|100/100
|move|p1a: Pelipper|Hurricane|p2a: Ice drago
|-damage|p2a: Ice drago|70/100
|
|-weather|RainDance|[upkeep]
|-heal|p2a: Ice drago|76/100|[from] item: Leftovers
|upkeep
|turn|13
|
|t:|1743808858
|switch|p1a: Zapdos|Zapdos|100/100
|move|p2a: Ice drago|Freeze-Dry|p1a: Zapdos
|-supereffective|p1a: Zapdos
|-damage|p1a: Zapdos|43/100
|
|-weather|RainDance|[upkeep]
|-heal|p2a: Ice drago|82/100|[from] item: Leftovers
|upkeep
|turn|14
|
|t:|1743808861
|move|p1a: Zapdos|Hurricane|p2a: Ice drago
|-damage|p2a: Ice drago|40/100
|-start|p2a: Ice drago|confusion
|-activate|p2a: Ice drago|confusion
|move|p2a: Ice drago|Freeze-Dry|p1a: Zapdos
|-supereffective|p1a: Zapdos
|-damage|p1a: Zapdos|0 fnt
|faint|p1a: Zapdos
|
|-weather|RainDance|[upkeep]
|-heal|p2a: Ice drago|46/100|[from] item: Leftovers
|upkeep
|
|t:|1743808867
|switch|p1a: Barraskewda|Barraskewda, F|100/100
|turn|15
|
|t:|1743808876
|move|p1a: Barraskewda|Close Combat|p2a: Ice drago
|-supereffective|p2a: Ice drago
|-damage|p2a: Ice drago|0 fnt
|-unboost|p1a: Barraskewda|def|1
|-unboost|p1a: Barraskewda|spd|1
|faint|p2a: Ice drago
|
|-weather|RainDance|[upkeep]
|upkeep
|
|t:|1743808892
|switch|p2a: Lurantis|Lurantis, F|88/100
|turn|16
|
|t:|1743808898
|switch|p1a: Maushold|Maushold-Four, shiny|100/100
|move|p2a: Lurantis|Superpower|p1a: Maushold
|-supereffective|p1a: Maushold
|-damage|p1a: Maushold|0 fnt
|-boost|p2a: Lurantis|atk|1
|-boost|p2a: Lurantis|def|1
|faint|p1a: Maushold
|
|-weather|RainDance|[upkeep]
|-heal|p2a: Lurantis|94/100|[from] item: Leftovers
|upkeep
|
|t:|1743808901
|switch|p1a: Barraskewda|Barraskewda, F|100/100
|turn|17
|
|t:|1743808913
|move|p1a: Barraskewda|Ice Fang|p2a: Lurantis
|-supereffective|p2a: Lurantis
|-damage|p2a: Lurantis|45/100
|move|p2a: Lurantis|Leech Life|p1a: Barraskewda
|-damage|p1a: Barraskewda|28/100
|-heal|p2a: Lurantis|73/100|[from] drain|[of] p1a: Barraskewda
|
|-weather|RainDance|[upkeep]
|-heal|p2a: Lurantis|79/100|[from] item: Leftovers
|upkeep
|turn|18
|
|t:|1743808922
|switch|p1a: Primarina|Primarina, M|100/100
|move|p2a: Lurantis|Leech Life|p1a: Primarina
|-resisted|p1a: Primarina
|-damage|p1a: Primarina|72/100
|-heal|p2a: Lurantis|91/100|[from] drain|[of] p1a: Primarina
|
|-weather|none
|-heal|p2a: Lurantis|98/100|[from] item: Leftovers
|upkeep
|turn|19
|
|t:|1743808925
|move|p1a: Primarina|Ice Beam|p2a: Lurantis
|-supereffective|p2a: Lurantis
|-damage|p2a: Lurantis|28/100
|move|p2a: Lurantis|Leaf Blade|p1a: Primarina
|-supereffective|p1a: Primarina
|-damage|p1a: Primarina|0 fnt
|faint|p1a: Primarina
|
|-heal|p2a: Lurantis|34/100|[from] item: Leftovers
|upkeep
|
|t:|1743808928
|switch|p1a: Pelipper|Pelipper, M|100/100
|-weather|RainDance|[from] ability: Drizzle|[of] p1a: Pelipper
|turn|20
|
|t:|1743808938
|move|p1a: Pelipper|Hurricane|p2a: Lurantis
|-supereffective|p2a: Lurantis
|-damage|p2a: Lurantis|0 fnt
|faint|p2a: Lurantis
|
|-weather|RainDance|[upkeep]
|upkeep
|
|t:|1743808940
|switch|p2a: Rotom|Rotom-Heat|100/100
|turn|21
|
|t:|1743808943
|-terastallize|p1a: Pelipper|Ground
|move|p2a: Rotom|Volt Switch|p1a: Pelipper
|-immune|p1a: Pelipper
|move|p1a: Pelipper|Weather Ball|p2a: Rotom
|-supereffective|p2a: Rotom
|-damage|p2a: Rotom|0 fnt
|faint|p2a: Rotom
|
|-weather|RainDance|[upkeep]
|upkeep
|
|t:|1743808946
|switch|p2a: Godhand|Golurk|100/100
|turn|22
|
|t:|1743808950
|move|p1a: Pelipper|Weather Ball|p2a: Godhand
|-supereffective|p2a: Godhand
|-enditem|p2a: Godhand|Focus Sash
|-damage|p2a: Godhand|1/100
|move|p2a: Godhand|Earthquake|p1a: Pelipper
|-damage|p1a: Pelipper|50/100
|
|-weather|RainDance|[upkeep]
|upkeep
|turn|23
|
|t:|1743808953
|move|p1a: Pelipper|U-turn|p2a: Godhand
|-resisted|p2a: Godhand
|-damage|p2a: Godhand|0 fnt
|faint|p2a: Godhand
|
|win|shnore
|raw|shnore's rating: 1261 &rarr; <strong>1288</strong><br />(+27 for winning)
|raw|dr.wahwiee's rating: 1293 &rarr; <strong>1266</strong><br />(-27 for losing)
|l|☆dr.wahwiee
|player|p2|
|c|☆shnore|gg
|l|☆shnore
|player|p1|
