|j|☆Beanworm
|j|☆Araciel
|t:|1743814866
|gametype|singles
|player|p1|Beanworm|baker|1141
|player|p2|Araciel|169|1164
|teamsize|p1|6
|teamsize|p2|6
|gen|9
|tier|[Gen 9] OU
|rated|
|rule|HP Percentage Mod: HP is shown in percentages
|rule|Endless Battle Clause: Forcing endless battles is banned
|rule|Species Clause: Limit one of each Pokémon
|rule|OHKO Clause: OHKO moves are banned
|rule|Evasion Items Clause: Evasion items are banned
|rule|Evasion Moves Clause: Evasion moves are banned
|rule|Sleep Moves Clause: Sleep-inducing moves are banned
|clearpoke
|poke|p1|Dragapult, M|
|poke|p1|Alomomola, F|
|poke|p1|Great Tusk|
|poke|p1|Gholdengo|
|poke|p1|Ogerpon-Wellspring, F|
|poke|p1|Iron Valiant|
|poke|p2|Articuno|
|poke|p2|Greninja-*, M|
|poke|p2|Iron Valiant|
|poke|p2|Iron Moth|
|poke|p2|Excadrill, F|
|poke|p2|Rillaboom, F|
|teampreview
|inactive|Battle timer is ON: inactive players will automatically lose when time's up. (requested by Araciel)
|
|t:|1743814903
|start
|switch|p1a: Ogerpon|Ogerpon-Wellspring, F|100/100
|switch|p2a: Rillaboom|Rillaboom, F|100/100
|-fieldstart|move: Grassy Terrain|[from] ability: Grassy Surge|[of] p2a: Rillaboom
|turn|1
|
|t:|1743814913
|move|p1a: Ogerpon|U-turn|p2a: Rillaboom
|-supereffective|p2a: Rillaboom
|-damage|p2a: Rillaboom|56/100
|-damage|p1a: Ogerpon|84/100|[from] item: Rocky Helmet|[of] p2a: Rillaboom
|
|t:|1743814933
|switch|p1a: Iron Valiant|Iron Valiant|100/100|[from] U-turn
|-enditem|p1a: Iron Valiant|Booster Energy
|-activate|p1a: Iron Valiant|ability: Quark Drive|[fromitem]
|-start|p1a: Iron Valiant|quarkdrivespe
|move|p2a: Rillaboom|Knock Off|p1a: Iron Valiant
|-resisted|p1a: Iron Valiant
|-damage|p1a: Iron Valiant|93/100
|
|-heal|p1a: Iron Valiant|99/100|[from] Grassy Terrain
|-heal|p2a: Rillaboom|62/100|[from] Grassy Terrain
|upkeep
|turn|2
|
|t:|1743814952
|move|p2a: Rillaboom|Grassy Glide|p1a: Iron Valiant
|-damage|p1a: Iron Valiant|44/100
|move|p1a: Iron Valiant|Encore|p2a: Rillaboom
|-start|p2a: Rillaboom|Encore
|
|-heal|p1a: Iron Valiant|50/100|[from] Grassy Terrain
|-heal|p2a: Rillaboom|69/100|[from] Grassy Terrain
|upkeep
|turn|3
|
|t:|1743814961
|move|p2a: Rillaboom|Grassy Glide|p1a: Iron Valiant
|-damage|p1a: Iron Valiant|0 fnt
|faint|p1a: Iron Valiant
|-end|p1a: Iron Valiant|Quark Drive|[silent]
|
|-heal|p2a: Rillaboom|75/100|[from] Grassy Terrain
|upkeep
|
|t:|1743814977
|switch|p1a: Dragapult|Dragapult, M|100/100
|turn|4
|
|t:|1743814984
|switch|p2a: Excadrill|Excadrill, F|100/100
|-ability|p2a: Excadrill|Mold Breaker
|move|p1a: Dragapult|U-turn|p2a: Excadrill
|-resisted|p2a: Excadrill
|-damage|p2a: Excadrill|89/100
|
|t:|1743814990
|switch|p1a: Ogerpon|Ogerpon-Wellspring, F|84/100|[from] U-turn
|
|-heal|p1a: Ogerpon|90/100|[from] Grassy Terrain
|-heal|p2a: Excadrill|95/100|[from] Grassy Terrain
|upkeep
|turn|5
|
|t:|1743815006
|switch|p2a: Rillaboom|Rillaboom, F|75/100
|move|p1a: Ogerpon|Ivy Cudgel|p2a: Rillaboom|[anim] Ivy Cudgel Water
|-resisted|p2a: Rillaboom
|-damage|p2a: Rillaboom|51/100
|
|-heal|p1a: Ogerpon|96/100|[from] Grassy Terrain
|-heal|p2a: Rillaboom|58/100|[from] Grassy Terrain
|-fieldend|move: Grassy Terrain
|upkeep
|turn|6
|
|t:|1743815017
|move|p1a: Ogerpon|U-turn|p2a: Rillaboom
|-supereffective|p2a: Rillaboom
|-damage|p2a: Rillaboom|6/100
|-damage|p1a: Ogerpon|79/100|[from] item: Rocky Helmet|[of] p2a: Rillaboom
|
|t:|1743815024
|switch|p1a: Dragapult|Dragapult, M|100/100|[from] U-turn
|move|p2a: Rillaboom|Knock Off|p1a: Dragapult
|-supereffective|p1a: Dragapult
|-damage|p1a: Dragapult|9/100
|-enditem|p1a: Dragapult|Choice Specs|[from] move: Knock Off|[of] p2a: Rillaboom
|
|upkeep
|turn|7
|
|t:|1743815033
|move|p1a: Dragapult|Flamethrower|p2a: Rillaboom
|-supereffective|p2a: Rillaboom
|-damage|p2a: Rillaboom|0 fnt
|faint|p2a: Rillaboom
|
|upkeep
|
|t:|1743815041
|switch|p2a: Greninja|Greninja, M|100/100
|turn|8
|
|t:|1743815052
|switch|p1a: Alomomola|Alomomola, F|100/100
|move|p2a: Greninja|Water Shuriken|p1a: Alomomola
|-resisted|p1a: Alomomola
|-damage|p1a: Alomomola|97/100
|-resisted|p1a: Alomomola
|-damage|p1a: Alomomola|92/100
|-resisted|p1a: Alomomola
|-damage|p1a: Alomomola|88/100
|-resisted|p1a: Alomomola
|-damage|p1a: Alomomola|84/100
|-hitcount|p1a: Alomomola|4
|
|upkeep
|turn|9
|
|t:|1743815064
|move|p2a: Greninja|Grass Knot|p1a: Alomomola
|-supereffective|p1a: Alomomola
|-damage|p1a: Alomomola|43/100
|move|p1a: Alomomola|Wish|p1a: Alomomola
|
|upkeep
|turn|10
|
|t:|1743815073
|switch|p2a: Iron Valiant|Iron Valiant|100/100
|-enditem|p2a: Iron Valiant|Booster Energy
|-activate|p2a: Iron Valiant|ability: Quark Drive|[fromitem]
|-start|p2a: Iron Valiant|quarkdrivespe
|switch|p1a: Ogerpon|Ogerpon-Wellspring, F|79/100
|
|-heal|p1a: Ogerpon|100/100|[from] move: Wish|[wisher] Alomomola
|upkeep
|turn|11
|inactive|Beanworm has 120 seconds left.
|
|t:|1743815104
|move|p2a: Iron Valiant|Moonblast|p1a: Ogerpon
|-damage|p1a: Ogerpon|49/100
|move|p1a: Ogerpon|Horn Leech|p2a: Iron Valiant
|-damage|p2a: Iron Valiant|52/100
|-heal|p1a: Ogerpon|75/100|[from] drain|[of] p2a: Iron Valiant
|
|upkeep
|turn|12
|
|t:|1743815113
|move|p2a: Iron Valiant|Moonblast|p1a: Ogerpon
|-damage|p1a: Ogerpon|26/100
|-unboost|p1a: Ogerpon|spa|1
|move|p1a: Ogerpon|Horn Leech|p2a: Iron Valiant
|-damage|p2a: Iron Valiant|0 fnt
|-heal|p1a: Ogerpon|54/100|[from] drain|[of] p2a: Iron Valiant
|faint|p2a: Iron Valiant
|-end|p2a: Iron Valiant|Quark Drive|[silent]
|
|upkeep
|
|t:|1743815123
|switch|p2a: Iron Moth|Iron Moth|100/100
|-enditem|p2a: Iron Moth|Booster Energy
|-activate|p2a: Iron Moth|ability: Quark Drive|[fromitem]
|-start|p2a: Iron Moth|quarkdrivespe
|turn|13
|
|t:|1743815129
|switch|p1a: Alomomola|Alomomola, F|76/100
|move|p2a: Iron Moth|Sludge Wave|p1a: Alomomola
|-damage|p1a: Alomomola|20/100
|
|upkeep
|turn|14
|
|t:|1743815138
|move|p2a: Iron Moth|Substitute|p2a: Iron Moth
|-start|p2a: Iron Moth|Substitute
|-damage|p2a: Iron Moth|75/100
|move|p1a: Alomomola|Flip Turn|p2a: Iron Moth
|-supereffective|p2a: Iron Moth
|-end|p2a: Iron Moth|Substitute
|
|t:|1743815147
|switch|p1a: Great Tusk|Great Tusk|100/100|[from] Flip Turn
|
|upkeep
|turn|15
|
|t:|1743815153
|-terastallize|p2a: Iron Moth|Grass
|move|p2a: Iron Moth|Energy Ball|p1a: Great Tusk
|-supereffective|p1a: Great Tusk
|-damage|p1a: Great Tusk|0 fnt
|faint|p1a: Great Tusk
|-end|p1a: Great Tusk|Protosynthesis|[silent]
|
|upkeep
|
|t:|1743815167
|switch|p1a: Gholdengo|Gholdengo|100/100
|-item|p1a: Gholdengo|Air Balloon
|turn|16
|
|t:|1743815172
|move|p2a: Iron Moth|Fiery Dance|p1a: Gholdengo
|-supereffective|p1a: Gholdengo
|-damage|p1a: Gholdengo|3/100
|-boost|p2a: Iron Moth|spa|1
|-enditem|p1a: Gholdengo|Air Balloon
|move|p1a: Gholdengo|Make It Rain|p2a: Iron Moth
|-damage|p2a: Iron Moth|11/100
|-unboost|p1a: Gholdengo|spa|1
|
|upkeep
|turn|17
|
|t:|1743815188
|switch|p1a: Alomomola|Alomomola, F|54/100
|move|p2a: Iron Moth|Fiery Dance|p1a: Alomomola
|-resisted|p1a: Alomomola
|-damage|p1a: Alomomola|15/100
|
|upkeep
|turn|18
|inactive|Beanworm has 120 seconds left.
|inactive|Beanworm has 90 seconds left.
|inactive|Beanworm has 60 seconds left.
|-message|Beanworm forfeited.
|
|win|Araciel
|raw|Beanworm's rating: 1141 &rarr; <strong>1118</strong><br />(-23 for losing)
|raw|Araciel's rating: 1164 &rarr; <strong>1187</strong><br />(+23 for winning)
|l|☆Beanworm
|player|p1|
