|j|☆HiHoItsTime4u2go
|j|☆pian69
|t:|1743843577
|gametype|singles
|player|p1|HiHoItsTime4u2go|benga|1075
|player|p2|pian69|2|1085
|teamsize|p1|6
|teamsize|p2|6
|gen|9
|tier|[Gen 9] OU
|rated|
|rule|HP Percentage Mod: HP is shown in percentages
|rule|Endless Battle Clause: Forcing endless battles is banned
|rule|Species Clause: Limit one of each Pokémon
|rule|OHKO Clause: OHKO moves are banned
|rule|Evasion Items Clause: Evasion items are banned
|rule|Evasion Moves Clause: Evasion moves are banned
|rule|Sleep Moves Clause: Sleep-inducing moves are banned
|clearpoke
|poke|p1|Torkoal, F|
|poke|p1|Victreebel, M|
|poke|p1|Slaking, M|
|poke|p1|Honchkrow, M|
|poke|p1|Maushold-Four|
|poke|p1|Deoxys-Defense|
|poke|p2|Mew|
|poke|p2|Rotom-Mow|
|poke|p2|Cinderace, M|
|poke|p2|Comfey, F|
|poke|p2|Garchomp, M|
|poke|p2|Quaquaval, M|
|teampreview
|inactive|Battle timer is ON: inactive players will automatically lose when time's up. (requested by HiHoItsTime4u2go)
|
|t:|1743843587
|start
|switch|p1a: Torkoal|Torkoal, F, shiny|100/100
|switch|p2a: Garchomp|Garchomp, M, shiny|100/100
|-weather|SunnyDay|[from] ability: Drought|[of] p1a: Torkoal
|turn|1
|
|t:|1743843596
|move|p2a: Garchomp|Earthquake|p1a: Torkoal
|-supereffective|p1a: Torkoal
|-damage|p1a: Torkoal|17/100
|move|p1a: Torkoal|Weather Ball|p2a: Garchomp
|-resisted|p2a: Garchomp
|-damage|p2a: Garchomp|78/100
|
|-weather|SunnyDay|[upkeep]
|upkeep
|turn|2
|
|t:|1743843606
|switch|p1a: Honchkrow|Honchkrow, M, shiny|100/100
|move|p2a: Garchomp|Earthquake|p1a: Honchkrow
|-immune|p1a: Honchkrow
|
|-weather|SunnyDay|[upkeep]
|upkeep
|turn|3
|
|t:|1743843614
|move|p2a: Garchomp|Swords Dance|p2a: Garchomp
|-boost|p2a: Garchomp|atk|2
|move|p1a: Honchkrow|Brave Bird|p2a: Garchomp
|-damage|p2a: Garchomp|34/100
|-damage|p1a: Honchkrow|88/100|[from] ability: Rough Skin|[of] p2a: Garchomp
|-damage|p1a: Honchkrow|72/100|[from] item: Rocky Helmet|[of] p2a: Garchomp
|-damage|p1a: Honchkrow|58/100|[from] Recoil
|
|-weather|SunnyDay|[upkeep]
|upkeep
|turn|4
|
|t:|1743843627
|move|p1a: Honchkrow|Sucker Punch|p2a: Garchomp
|-damage|p2a: Garchomp|8/100
|-damage|p1a: Honchkrow|46/100|[from] ability: Rough Skin|[of] p2a: Garchomp
|-damage|p1a: Honchkrow|29/100|[from] item: Rocky Helmet|[of] p2a: Garchomp
|move|p2a: Garchomp|Scale Shot|p1a: Honchkrow
|-damage|p1a: Honchkrow|0 fnt
|faint|p1a: Honchkrow
|-hitcount|p1: Honchkrow|1
|-unboost|p2a: Garchomp|def|1
|-boost|p2a: Garchomp|spe|1
|
|-weather|SunnyDay|[upkeep]
|upkeep
|
|t:|1743843641
|switch|p1a: Victreebel|Victreebel, M, shiny|100/100
|turn|5
|
|t:|1743843654
|switch|p2a: Cinderace|Cinderace, M|100/100
|move|p1a: Victreebel|Weather Ball|p2a: Cinderace
|-resisted|p2a: Cinderace
|-damage|p2a: Cinderace|75/100
|
|-weather|none
|upkeep
|turn|6
|
|t:|1743843665
|switch|p1a: Torkoal|Torkoal, F, shiny|17/100
|-weather|SunnyDay|[from] ability: Drought|[of] p1a: Torkoal
|move|p2a: Cinderace|U-turn|p1a: Torkoal
|-start|p2a: Cinderace|typechange|Bug|[from] ability: Libero
|-resisted|p1a: Torkoal
|-damage|p1a: Torkoal|0 fnt
|faint|p1a: Torkoal
|
|t:|1743843678
|switch|p2a: Rotom|Rotom-Mow|100/100|[from] U-turn
|
|-weather|SunnyDay|[upkeep]
|upkeep
|
|t:|1743843689
|switch|p1a: Deoxys|Deoxys-Defense, shiny|100/100
|-ability|p1a: Deoxys|Pressure
|turn|7
|
|t:|1743843695
|move|p2a: Rotom|Shadow Ball|p1a: Deoxys
|-supereffective|p1a: Deoxys
|-damage|p1a: Deoxys|55/100
|move|p1a: Deoxys|Meteor Beam||[still]
|-prepare|p1a: Deoxys|Meteor Beam
|-boost|p1a: Deoxys|spa|1
|-enditem|p1a: Deoxys|Power Herb
|-anim|p1a: Deoxys|Meteor Beam|p2a: Rotom
|-damage|p2a: Rotom|39/100
|
|-weather|SunnyDay|[upkeep]
|upkeep
|turn|8
|
|t:|1743843706
|move|p2a: Rotom|Shadow Ball|p1a: Deoxys
|-supereffective|p1a: Deoxys
|-damage|p1a: Deoxys|12/100
|move|p1a: Deoxys|Ice Beam|p2a: Rotom
|-supereffective|p2a: Rotom
|-damage|p2a: Rotom|0 fnt
|faint|p2a: Rotom
|
|-weather|SunnyDay|[upkeep]
|upkeep
|
|t:|1743843719
|switch|p2a: Cinderace|Cinderace, M|75/100
|turn|9
|
|t:|1743843727
|move|p2a: Cinderace|U-turn|p1a: Deoxys
|-start|p2a: Cinderace|typechange|Bug|[from] ability: Libero
|-supereffective|p1a: Deoxys
|-damage|p1a: Deoxys|0 fnt
|faint|p1a: Deoxys
|
|t:|1743843737
|switch|p2a: Mew|Mew, shiny|100/100|[from] U-turn
|
|-weather|SunnyDay|[upkeep]
|upkeep
|
|t:|1743843742
|switch|p1a: Slaking|Slaking, M, shiny|100/100
|turn|10
|
|t:|1743843748
|move|p1a: Slaking|Knock Off|p2a: Mew
|-supereffective|p2a: Mew
|-damage|p2a: Mew|41/100
|-enditem|p2a: Mew|Leftovers|[from] move: Knock Off|[of] p1a: Slaking
|move|p2a: Mew|Fire Spin|p1a: Slaking
|-damage|p1a: Slaking|89/100
|-activate|p1a: Slaking|move: Fire Spin|[of] p2a: Mew
|
|-weather|none
|-damage|p1a: Slaking|76/100|[from] move: Fire Spin|[partiallytrapped]
|upkeep
|turn|11
|
|t:|1743843759
|cant|p1a: Slaking|ability: Truant
|move|p2a: Mew|Imprison|p2a: Mew
|-start|p2a: Mew|move: Imprison
|
|-damage|p1a: Slaking|64/100|[from] move: Fire Spin|[partiallytrapped]
|upkeep
|turn|12
|
|t:|1743843768
|move|p1a: Slaking|Knock Off|p2a: Mew
|-supereffective|p2a: Mew
|-damage|p2a: Mew|0 fnt
|faint|p2a: Mew
|
|-end|p1a: Slaking|Fire Spin|[partiallytrapped]|[silent]
|upkeep
|
|t:|1743843775
|switch|p2a: Quaquaval|Quaquaval, M|100/100
|turn|13
|
|t:|1743843782
|switch|p1a: Victreebel|Victreebel, M, shiny|100/100
|move|p2a: Quaquaval|Close Combat|p1a: Victreebel
|-resisted|p1a: Victreebel
|-damage|p1a: Victreebel|62/100
|-unboost|p2a: Quaquaval|def|1
|-unboost|p2a: Quaquaval|spd|1
|
|upkeep
|turn|14
|
|t:|1743843796
|move|p2a: Quaquaval|Ice Spinner|p1a: Victreebel
|-supereffective|p1a: Victreebel
|-damage|p1a: Victreebel|0 fnt
|faint|p1a: Victreebel
|-ability|p2a: Quaquaval|Moxie|boost
|-boost|p2a: Quaquaval|atk|1
|
|upkeep
|
|t:|1743843806
|switch|p1a: Slaking|Slaking, M, shiny|64/100
|turn|15
|
|t:|1743843817
|switch|p2a: Garchomp|Garchomp, M, shiny|8/100
|move|p1a: Slaking|Drain Punch|p2a: Garchomp
|-damage|p2a: Garchomp|0 fnt
|-heal|p1a: Slaking|67/100|[from] drain|[of] p2a: Garchomp
|-damage|p1a: Slaking|54/100|[from] ability: Rough Skin|[of] p2a: Garchomp
|-damage|p1a: Slaking|38/100|[from] item: Rocky Helmet|[of] p2a: Garchomp
|faint|p2a: Garchomp
|
|upkeep
|
|t:|1743843829
|switch|p2a: Quaquaval|Quaquaval, M|100/100
|turn|16
|
|t:|1743843839
|cant|p1a: Slaking|ability: Truant
|move|p2a: Quaquaval|Close Combat|p1a: Slaking
|-supereffective|p1a: Slaking
|-damage|p1a: Slaking|0 fnt
|-unboost|p2a: Quaquaval|def|1
|-unboost|p2a: Quaquaval|spd|1
|faint|p1a: Slaking
|-ability|p2a: Quaquaval|Moxie|boost
|-boost|p2a: Quaquaval|atk|1
|
|upkeep
|
|t:|1743843848
|switch|p1a: Maushold|Maushold-Four, shiny|100/100
|turn|17
|
|t:|1743843861
|switch|p2a: Comfey|Comfey, F, shiny|100/100
|-terastallize|p1a: Maushold|Ghost
|move|p1a: Maushold|Encore||[still]
|-fail|p1a: Maushold
|
|upkeep
|turn|18
|
|t:|1743843869
|move|p1a: Maushold|Tidy Up|p1a: Maushold
|-boost|p1a: Maushold|atk|1
|-boost|p1a: Maushold|spe|1
|move|p2a: Comfey|Leech Seed|p1a: Maushold
|-start|p1a: Maushold|move: Leech Seed
|
|-damage|p1a: Maushold|88/100|[from] Leech Seed|[of] p2a: Comfey
|upkeep
|turn|19
|
|t:|1743843882
|-terastallize|p2a: Comfey|Steel
|move|p1a: Maushold|Encore|p2a: Comfey
|-start|p2a: Comfey|Encore
|move|p2a: Comfey|Leech Seed||[still]
|-fail|p2a: Comfey
|
|-damage|p1a: Maushold|76/100|[from] Leech Seed|[of] p2a: Comfey
|upkeep
|turn|20
|
|t:|1743843892
|move|p1a: Maushold|Tidy Up|p1a: Maushold
|-boost|p1a: Maushold|atk|1
|-boost|p1a: Maushold|spe|1
|move|p2a: Comfey|Leech Seed||[still]
|-fail|p2a: Comfey
|
|-damage|p1a: Maushold|63/100|[from] Leech Seed|[of] p2a: Comfey
|upkeep
|turn|21
|
|t:|1743843905
|move|p1a: Maushold|Tidy Up|p1a: Maushold
|-boost|p1a: Maushold|atk|1
|-boost|p1a: Maushold|spe|1
|move|p2a: Comfey|Leech Seed|p1a: Maushold|[miss]
|-miss|p2a: Comfey|p1a: Maushold
|
|-damage|p1a: Maushold|51/100|[from] Leech Seed|[of] p2a: Comfey
|-end|p2a: Comfey|Encore
|upkeep
|turn|22
|
|t:|1743843918
|move|p2a: Comfey|Giga Drain|p1a: Maushold
|-damage|p1a: Maushold|24/100
|move|p1a: Maushold|Shadow Claw|p2a: Comfey
|-damage|p2a: Comfey|40/100
|
|-damage|p1a: Maushold|12/100|[from] Leech Seed|[of] p2a: Comfey
|-heal|p2a: Comfey|51/100|[silent]
|upkeep
|turn|23
|c|☆pian69|Lol
|
|t:|1743843930
|move|p2a: Comfey|Giga Drain|p1a: Maushold
|-damage|p1a: Maushold|0 fnt
|-heal|p2a: Comfey|57/100|[from] drain|[of] p1a: Maushold
|faint|p1a: Maushold
|
|win|pian69
|raw|HiHoItsTime4u2go's rating: 1075 &rarr; <strong>1054</strong><br />(-21 for losing)
|raw|pian69's rating: 1085 &rarr; <strong>1111</strong><br />(+26 for winning)
|l|☆HiHoItsTime4u2go
|player|p1|
|l|☆pian69
|player|p2|
|j|☆pian69
|player|p2|pian69|2|
|l|☆pian69
|player|p2|
