|j|☆srinandhakishore06
|j|☆pungpungsy
|t:|1743930483
|gametype|singles
|player|p1|srinandhakishore06|265|1125
|player|p2|pungpungsy|preschooler|1143
|teamsize|p1|6
|teamsize|p2|6
|gen|9
|tier|[Gen 9] OU
|rated|
|rule|HP Percentage Mod: HP is shown in percentages
|rule|Endless Battle Clause: Forcing endless battles is banned
|rule|Species Clause: Limit one of each Pokémon
|rule|OHKO Clause: OHKO moves are banned
|rule|Evasion Items Clause: Evasion items are banned
|rule|Evasion Moves Clause: Evasion moves are banned
|rule|Sleep Moves Clause: Sleep-inducing moves are banned
|clearpoke
|poke|p1|Glimmora, F|
|poke|p1|Hatterene, F|
|poke|p1|Honchkrow, M|
|poke|p1|Alomomola, F|
|poke|p1|Salazzle, F|
|poke|p1|Metagross|
|poke|p2|Ribombee, M|
|poke|p2|Torkoal, M|
|poke|p2|Walking Wake|
|poke|p2|Kingambit, M|
|poke|p2|Hatterene, F|
|poke|p2|Ceruledge, F|
|teampreview
|
|t:|1743930499
|start
|switch|p1a: Glimmora|Glimmora, F|100/100
|switch|p2a: Ribombee|Ribombee, M|100/100
|turn|1
|inactive|Battle timer is ON: inactive players will automatically lose when time's up. (requested by pungpungsy)
|
|t:|1743930508
|move|p2a: Ribombee|Stun Spore|p1a: Glimmora
|-status|p1a: Glimmora|par
|move|p1a: Glimmora|Stealth Rock|p2a: Ribombee
|-sidestart|p2: pungpungsy|move: Stealth Rock
|
|upkeep
|turn|2
|
|t:|1743930517
|move|p2a: Ribombee|Sticky Web|p1a: Glimmora
|-sidestart|p1: srinandhakishore06|move: Sticky Web
|move|p1a: Glimmora|Sludge Bomb|p2a: Ribombee
|-supereffective|p2a: Ribombee
|-enditem|p2a: Ribombee|Focus Sash
|-damage|p2a: Ribombee|1/100
|
|upkeep
|turn|3
|
|t:|1743930525
|move|p2a: Ribombee|U-turn|p1a: Glimmora
|-resisted|p1a: Glimmora
|-damage|p1a: Glimmora|94/100 par
|-activate|p1a: Glimmora|ability: Toxic Debris
|-sidestart|p2: pungpungsy|move: Toxic Spikes
|
|t:|1743930532
|switch|p2a: Kingambit|Kingambit, M|100/100|[from] U-turn
|-damage|p2a: Kingambit|94/100|[from] Stealth Rock
|move|p1a: Glimmora|Power Gem|p2a: Kingambit
|-resisted|p2a: Kingambit
|-damage|p2a: Kingambit|74/100
|
|upkeep
|turn|4
|
|t:|1743930545
|move|p2a: Kingambit|Swords Dance|p2a: Kingambit
|-boost|p2a: Kingambit|atk|2
|move|p1a: Glimmora|Earth Power|p2a: Kingambit
|-supereffective|p2a: Kingambit
|-damage|p2a: Kingambit|12/100
|
|upkeep
|turn|5
|
|t:|1743930557
|move|p2a: Kingambit|Iron Head|p1a: Glimmora
|-supereffective|p1a: Glimmora
|-damage|p1a: Glimmora|0 fnt
|-activate|p1a: Glimmora|ability: Toxic Debris
|-sidestart|p2: pungpungsy|move: Toxic Spikes
|faint|p1a: Glimmora
|
|upkeep
|
|t:|1743930564
|switch|p1a: Lady Lizard|Salazzle, F|100/100
|-item|p1a: Lady Lizard|Air Balloon
|turn|6
|
|t:|1743930571
|move|p2a: Kingambit|Sucker Punch|p1a: Lady Lizard
|-damage|p1a: Lady Lizard|0 fnt
|-enditem|p1a: Lady Lizard|Air Balloon
|faint|p1a: Lady Lizard
|
|upkeep
|
|t:|1743930577
|switch|p1a: Iron spider|Metagross|100/100
|-activate|p1a: Iron spider|move: Sticky Web
|-fail|p1a: Iron spider|unboost|[from] ability: Clear Body|[of] p1a: Iron spider
|turn|7
|
|t:|1743930583
|-end|p2a: Kingambit|fallenundefined|[silent]
|switch|p2a: Torkoal|Torkoal, M|100/100
|-damage|p2a: Torkoal|75/100|[from] Stealth Rock
|-status|p2a: Torkoal|tox
|-weather|SunnyDay|[from] ability: Drought|[of] p2a: Torkoal
|move|p1a: Iron spider|Earthquake|p2a: Torkoal
|-supereffective|p2a: Torkoal
|-damage|p2a: Torkoal|29/100 tox
|
|-weather|SunnyDay|[upkeep]
|-damage|p2a: Torkoal|23/100 tox|[from] psn
|upkeep
|turn|8
|
|t:|1743930595
|move|p1a: Iron spider|Earthquake|p2a: Torkoal
|-supereffective|p2a: Torkoal
|-damage|p2a: Torkoal|0 fnt
|faint|p2a: Torkoal
|
|-weather|SunnyDay|[upkeep]
|upkeep
|
|t:|1743930599
|switch|p2a: Walking Wake|Walking Wake|100/100
|-damage|p2a: Walking Wake|88/100|[from] Stealth Rock
|-status|p2a: Walking Wake|tox
|-activate|p2a: Walking Wake|ability: Protosynthesis
|-start|p2a: Walking Wake|protosynthesisspa
|turn|9
|
|t:|1743930610
|move|p2a: Walking Wake|Flamethrower|p1a: Iron spider
|-supereffective|p1a: Iron spider
|-damage|p1a: Iron spider|0 fnt
|faint|p1a: Iron spider
|
|-weather|SunnyDay|[upkeep]
|-damage|p2a: Walking Wake|82/100 tox|[from] psn
|upkeep
|
|t:|1743930618
|switch|p1a: Alomomola|Alomomola, F|100/100
|-activate|p1a: Alomomola|move: Sticky Web
|-unboost|p1a: Alomomola|spe|1
|turn|10
|
|t:|1743930626
|move|p2a: Walking Wake|Flamethrower|p1a: Alomomola
|-resisted|p1a: Alomomola
|-damage|p1a: Alomomola|61/100
|move|p1a: Alomomola|Mirror Coat|p2a: Walking Wake
|-damage|p2a: Walking Wake|0 fnt
|faint|p2a: Walking Wake
|-end|p2a: Walking Wake|Protosynthesis|[silent]
|
|-weather|SunnyDay|[upkeep]
|upkeep
|
|t:|1743930646
|switch|p2a: Hatterene|Hatterene, F|100/100
|-damage|p2a: Hatterene|88/100|[from] Stealth Rock
|-status|p2a: Hatterene|tox
|turn|11
|
|t:|1743930653
|move|p2a: Hatterene|Mystical Fire|p1a: Alomomola
|-resisted|p1a: Alomomola
|-damage|p1a: Alomomola|44/100
|-unboost|p1a: Alomomola|spa|1
|move|p1a: Alomomola|Mirror Coat|p2a: Hatterene
|-damage|p2a: Hatterene|34/100 tox
|
|-weather|SunnyDay|[upkeep]
|-damage|p2a: Hatterene|28/100 tox|[from] psn
|upkeep
|turn|12
|
|t:|1743930667
|move|p2a: Hatterene|Psychic|p1a: Alomomola
|-damage|p1a: Alomomola|6/100
|move|p1a: Alomomola|Mirror Coat|p2a: Hatterene
|-damage|p2a: Hatterene|0 fnt
|faint|p2a: Hatterene
|
|-weather|SunnyDay|[upkeep]
|upkeep
|
|t:|1743930671
|switch|p2a: Ceruledge|Ceruledge, F|100/100
|-damage|p2a: Ceruledge|75/100|[from] Stealth Rock
|-status|p2a: Ceruledge|tox
|turn|13
|
|t:|1743930680
|move|p2a: Ceruledge|Shadow Sneak|p1a: Alomomola
|-crit|p1a: Alomomola
|-damage|p1a: Alomomola|0 fnt
|-damage|p2a: Ceruledge|59/100 tox|[from] item: Rocky Helmet|[of] p1a: Alomomola
|faint|p1a: Alomomola
|
|-weather|SunnyDay|[upkeep]
|-damage|p2a: Ceruledge|53/100 tox|[from] psn
|upkeep
|
|t:|1743930689
|switch|p1a: Bride|Hatterene, F|100/100
|-activate|p1a: Bride|move: Sticky Web
|-unboost|p1a: Bride|spe|1
|turn|14
|
|t:|1743930698
|-terastallize|p2a: Ceruledge|Fire
|move|p2a: Ceruledge|Bitter Blade|p1a: Bride
|-enditem|p1a: Bride|Focus Sash
|-damage|p1a: Bride|1/100
|-heal|p2a: Ceruledge|99/100 tox|[from] drain|[of] p1a: Bride
|move|p1a: Bride|Trick Room|p1a: Bride
|-fieldstart|move: Trick Room|[of] p1a: Bride
|
|-weather|none
|-damage|p2a: Ceruledge|87/100 tox|[from] psn
|upkeep
|turn|15
|
|t:|1743930710
|move|p2a: Ceruledge|Shadow Sneak|p1a: Bride
|-supereffective|p1a: Bride
|-damage|p1a: Bride|0 fnt
|faint|p1a: Bride
|
|-damage|p2a: Ceruledge|69/100 tox|[from] psn
|upkeep
|
|t:|1743930717
|switch|p1a: Omnivoracious|Honchkrow, M|100/100
|-enditem|p1a: Omnivoracious|Room Service
|-unboost|p1a: Omnivoracious|spe|1|[from] item: Room Service
|turn|16
|
|t:|1743930724
|-terastallize|p1a: Omnivoracious|Ground
|move|p2a: Ceruledge|Shadow Sneak|p1a: Omnivoracious
|-damage|p1a: Omnivoracious|72/100
|move|p1a: Omnivoracious|Tera Blast|p2a: Ceruledge|[anim] Tera Blast Ground
|-supereffective|p2a: Ceruledge
|-damage|p2a: Ceruledge|0 fnt
|faint|p2a: Ceruledge
|-ability|p1a: Omnivoracious|Moxie|boost
|-boost|p1a: Omnivoracious|atk|1
|
|upkeep
|
|t:|1743930738
|switch|p2a: Kingambit|Kingambit, M|12/100
|-damage|p2a: Kingambit|6/100|[from] Stealth Rock
|-activate|p2a: Kingambit|ability: Supreme Overlord
|-start|p2a: Kingambit|fallen4|[silent]
|turn|17
|
|t:|1743930747
|move|p1a: Omnivoracious|Sucker Punch|p2a: Kingambit
|-resisted|p2a: Kingambit
|-damage|p2a: Kingambit|0 fnt
|faint|p2a: Kingambit
|-end|p2a: Kingambit|fallen4|[silent]
|-ability|p1a: Omnivoracious|Moxie|boost
|-boost|p1a: Omnivoracious|atk|1
|
|upkeep
|
|t:|1743930752
|switch|p2a: Ribombee|Ribombee, M|1/100
|-damage|p2a: Ribombee|0 fnt|[from] Stealth Rock
|faint|p2a: Ribombee
|
|win|srinandhakishore06
|raw|srinandhakishore06's rating: 1125 &rarr; <strong>1151</strong><br />(+26 for winning)
|raw|pungpungsy's rating: 1143 &rarr; <strong>1117</strong><br />(-26 for losing)
