|j|☆shuppetLover
|j|☆D3metCalf
|t:|1743921485
|gametype|singles
|player|p1|shuppetLover|scientist-gen4dp|1015
|player|p2|D3metCalf|hilbert|1081
|teamsize|p1|6
|teamsize|p2|6
|gen|9
|tier|[Gen 9] OU
|rated|
|rule|HP Percentage Mod: HP is shown in percentages
|rule|Endless Battle Clause: Forcing endless battles is banned
|rule|Species Clause: Limit one of each Pokémon
|rule|OHKO Clause: OHKO moves are banned
|rule|Evasion Items Clause: Evasion items are banned
|rule|Evasion Moves Clause: Evasion moves are banned
|rule|Sleep Moves Clause: Sleep-inducing moves are banned
|clearpoke
|poke|p1|Drifblim, F|
|poke|p1|Polteageist-Antique|
|poke|p1|Skeledirge, F|
|poke|p1|Golurk|
|poke|p1|Dragapult, F|
|poke|p1|Houndstone, M|
|poke|p2|Dragapult, F|
|poke|p2|Iron Valiant|
|poke|p2|Great Tusk|
|poke|p2|Gholdengo|
|poke|p2|Heatran, F|
|poke|p2|Rillaboom, M|
|teampreview
|
|t:|1743921508
|start
|switch|p1a: Bloom|Drifblim, F|100/100
|switch|p2a: Gholdengo|Gholdengo|100/100
|turn|1
|
|t:|1743921519
|move|p1a: Bloom|Curse|p2a: Gholdengo
|-immune|p2a: Gholdengo|[from] ability: Good as Gold
|move|p2a: Gholdengo|Shadow Ball|p1a: Bloom
|-supereffective|p1a: Bloom
|-damage|p1a: Bloom|27/100
|
|upkeep
|turn|2
|c|☆shuppetLover|Hmmm
|
|t:|1743921532
|switch|p2a: Heatran|Heatran, F|100/100
|move|p1a: Bloom|Destiny Bond|p1a: Bloom
|-singlemove|p1a: Bloom|Destiny Bond
|
|upkeep
|turn|3
|
|t:|1743921541
|move|p2a: Heatran|Taunt|p1a: Bloom
|-start|p1a: Bloom|move: Taunt
|move|p1a: Bloom|Fly||[still]
|-prepare|p1a: Bloom|Fly
|
|upkeep
|turn|4
|
|t:|1743921546
|move|p2a: Heatran|Protect|p2a: Heatran
|-singleturn|p2a: Heatran|Protect
|move|p1a: Bloom|Fly|p2a: Heatran|[from] lockedmove
|-activate|p2a: Heatran|move: Protect
|
|upkeep
|turn|5
|
|t:|1743921556
|move|p2a: Heatran|Magma Storm|p1a: Bloom|[miss]
|-miss|p2a: Heatran|p1a: Bloom
|move|p1a: Bloom|Fly||[still]
|-prepare|p1a: Bloom|Fly
|
|-end|p1a: Bloom|move: Taunt
|upkeep
|turn|6
|
|t:|1743921562
|move|p2a: Heatran|Protect|p2a: Heatran
|-singleturn|p2a: Heatran|Protect
|move|p1a: Bloom|Fly|p2a: Heatran|[from] lockedmove
|-activate|p2a: Heatran|move: Protect
|
|upkeep
|turn|7
|
|t:|1743921567
|move|p2a: Heatran|Magma Storm|p1a: Bloom|[miss]
|-miss|p2a: Heatran|p1a: Bloom
|move|p1a: Bloom|Fly||[still]
|-prepare|p1a: Bloom|Fly
|
|upkeep
|turn|8
|
|t:|1743921572
|move|p2a: Heatran|Protect|p2a: Heatran
|-singleturn|p2a: Heatran|Protect
|move|p1a: Bloom|Fly|p2a: Heatran|[from] lockedmove
|-activate|p2a: Heatran|move: Protect
|
|upkeep
|turn|9
|
|t:|1743921578
|move|p2a: Heatran|Magma Storm|p1a: Bloom
|-damage|p1a: Bloom|0 fnt
|faint|p1a: Bloom
|
|upkeep
|c|☆shuppetLover|...
|inactive|Battle timer is ON: inactive players will automatically lose when time's up. (requested by D3metCalf)
|
|t:|1743921595
|switch|p1a: Stalker|Golurk|100/100
|turn|10
|
|t:|1743921600
|move|p2a: Heatran|Protect|p2a: Heatran
|-singleturn|p2a: Heatran|Protect
|move|p1a: Stalker|Dynamic Punch|p2a: Heatran
|-activate|p2a: Heatran|move: Protect
|
|upkeep
|turn|11
|
|t:|1743921612
|switch|p1a: Fire type|Skeledirge, F|100/100
|switch|p2a: Great Tusk|Great Tusk|100/100
|
|upkeep
|turn|12
|
|t:|1743921620
|move|p2a: Great Tusk|Earthquake|p1a: Fire type
|-supereffective|p1a: Fire type
|-damage|p1a: Fire type|42/100
|-enditem|p1a: Fire type|Sitrus Berry|[eat]
|-heal|p1a: Fire type|67/100|[from] item: Sitrus Berry
|move|p1a: Fire type|Torch Song|p2a: Great Tusk
|-damage|p2a: Great Tusk|59/100
|-boost|p1a: Fire type|spa|1
|
|-heal|p2a: Great Tusk|65/100|[from] item: Leftovers
|upkeep
|turn|13
|
|t:|1743921634
|move|p2a: Great Tusk|Earthquake|p1a: Fire type
|-supereffective|p1a: Fire type
|-damage|p1a: Fire type|3/100
|move|p1a: Fire type|Belch|p2a: Great Tusk
|-resisted|p2a: Great Tusk
|-damage|p2a: Great Tusk|34/100
|
|-heal|p2a: Great Tusk|40/100|[from] item: Leftovers
|upkeep
|turn|14
|
|t:|1743921641
|move|p2a: Great Tusk|Earthquake|p1a: Fire type
|-supereffective|p1a: Fire type
|-damage|p1a: Fire type|0 fnt
|faint|p1a: Fire type
|
|-heal|p2a: Great Tusk|47/100|[from] item: Leftovers
|upkeep
|
|t:|1743921649
|switch|p1a: Stalker|Golurk|100/100
|turn|15
|
|t:|1743921654
|move|p1a: Stalker|Poltergeist|p2a: Great Tusk
|-activate|p2a: Great Tusk|move: Poltergeist|Leftovers
|-damage|p2a: Great Tusk|21/100
|move|p2a: Great Tusk|Knock Off|p1a: Stalker
|-supereffective|p1a: Stalker
|-damage|p1a: Stalker|25/100
|-enditem|p1a: Stalker|Choice Scarf|[from] move: Knock Off|[of] p2a: Great Tusk
|
|-heal|p2a: Great Tusk|27/100|[from] item: Leftovers
|upkeep
|turn|16
|
|t:|1743921664
|move|p1a: Stalker|Poltergeist|p2a: Great Tusk
|-activate|p2a: Great Tusk|move: Poltergeist|Leftovers
|-damage|p2a: Great Tusk|3/100
|move|p2a: Great Tusk|Rapid Spin|p1a: Stalker
|-immune|p1a: Stalker
|
|-heal|p2a: Great Tusk|9/100|[from] item: Leftovers
|upkeep
|turn|17
|
|t:|1743921674
|move|p1a: Stalker|Dynamic Punch|p2a: Great Tusk
|-damage|p2a: Great Tusk|0 fnt
|faint|p2a: Great Tusk
|-end|p2a: Great Tusk|Protosynthesis|[silent]
|
|upkeep
|
|t:|1743921681
|switch|p2a: Rillaboom|Rillaboom, M|100/100
|turn|18
|
|t:|1743921686
|move|p2a: Rillaboom|U-turn|p1a: Stalker
|-resisted|p1a: Stalker
|-damage|p1a: Stalker|2/100
|
|t:|1743921689
|switch|p2a: Heatran|Heatran, F|100/100|[from] U-turn
|move|p1a: Stalker|Dynamic Punch|p2a: Heatran
|-supereffective|p2a: Heatran
|-damage|p2a: Heatran|41/100
|-start|p2a: Heatran|confusion
|
|-heal|p2a: Heatran|48/100|[from] item: Leftovers
|upkeep
|turn|19
|
|t:|1743921701
|-activate|p2a: Heatran|confusion
|move|p2a: Heatran|Earth Power|p1a: Stalker
|-damage|p1a: Stalker|0 fnt
|faint|p1a: Stalker
|
|-heal|p2a: Heatran|54/100|[from] item: Leftovers
|upkeep
|
|t:|1743921709
|switch|p1a: Dawg|Houndstone, M|100/100
|turn|20
|
|t:|1743921713
|-activate|p2a: Heatran|confusion
|move|p2a: Heatran|Protect|p2a: Heatran
|-singleturn|p2a: Heatran|Protect
|move|p1a: Dawg|Stomping Tantrum|p2a: Heatran
|-activate|p2a: Heatran|move: Protect
|
|-heal|p2a: Heatran|60/100|[from] item: Leftovers
|upkeep
|turn|21
|
|t:|1743921721
|-activate|p2a: Heatran|confusion
|move|p2a: Heatran|Protect||[still]
|-fail|p2a: Heatran
|move|p1a: Dawg|Stomping Tantrum|p2a: Heatran
|-supereffective|p2a: Heatran
|-damage|p2a: Heatran|0 fnt
|faint|p2a: Heatran
|
|upkeep
|
|t:|1743921729
|switch|p2a: Dragapult|Dragapult, F|100/100
|turn|22
|
|t:|1743921734
|move|p2a: Dragapult|Shadow Ball|p1a: Dawg
|-supereffective|p1a: Dawg
|-damage|p1a: Dawg|6/100
|move|p1a: Dawg|Poltergeist|p2a: Dragapult|[miss]
|-miss|p1a: Dawg|p2a: Dragapult
|
|-heal|p1a: Dawg|12/100|[from] item: Leftovers
|upkeep
|turn|23
|c|☆shuppetLover|...
|c|☆shuppetLover|Dawg
|
|t:|1743921746
|move|p2a: Dragapult|Shadow Ball|p1a: Dawg
|-supereffective|p1a: Dawg
|-damage|p1a: Dawg|0 fnt
|faint|p1a: Dawg
|
|upkeep
|c|☆D3metCalf|wat
|
|t:|1743921752
|switch|p1a: Polteageist|Polteageist-Antique|100/100
|turn|24
|
|t:|1743921758
|-terastallize|p2a: Dragapult|Ghost
|move|p2a: Dragapult|Shadow Ball|p1a: Polteageist
|-supereffective|p1a: Polteageist
|-enditem|p1a: Polteageist|Focus Sash
|-damage|p1a: Polteageist|1/100
|move|p1a: Polteageist|Shell Smash|p1a: Polteageist
|-unboost|p1a: Polteageist|def|1
|-unboost|p1a: Polteageist|spd|1
|-boost|p1a: Polteageist|atk|2
|-boost|p1a: Polteageist|spa|2
|-boost|p1a: Polteageist|spe|2
|
|upkeep
|turn|25
|c|☆shuppetLover|I missed
|c|☆D3metCalf|tough
|
|t:|1743921772
|move|p2a: Dragapult|Shadow Ball|p1a: Polteageist
|-supereffective|p1a: Polteageist
|-damage|p1a: Polteageist|0 fnt
|faint|p1a: Polteageist
|
|upkeep
|c|☆shuppetLover|Very
|
|t:|1743921780
|switch|p1a: Dragapult|Dragapult, F|100/100
|turn|26
|
|t:|1743921787
|-terastallize|p1a: Dragapult|Dark
|move|p2a: Dragapult|Shadow Ball|p1a: Dragapult
|-resisted|p1a: Dragapult
|-damage|p1a: Dragapult|64/100
|move|p1a: Dragapult|Dragon Dance|p1a: Dragapult
|-boost|p1a: Dragapult|atk|1
|-boost|p1a: Dragapult|spe|1
|
|upkeep
|turn|27
|
|t:|1743921794
|move|p1a: Dragapult|Dragon Dance|p1a: Dragapult
|-boost|p1a: Dragapult|atk|1
|-boost|p1a: Dragapult|spe|1
|move|p2a: Dragapult|Shadow Ball|p1a: Dragapult
|-resisted|p1a: Dragapult
|-damage|p1a: Dragapult|27/100
|-enditem|p1a: Dragapult|Sitrus Berry|[eat]
|-heal|p1a: Dragapult|52/100|[from] item: Sitrus Berry
|
|upkeep
|turn|28
|
|t:|1743921803
|move|p1a: Dragapult|Sucker Punch|p2a: Dragapult
|-supereffective|p2a: Dragapult
|-damage|p2a: Dragapult|0 fnt
|faint|p2a: Dragapult
|
|upkeep
|
|t:|1743921812
|switch|p2a: Iron Valiant|Iron Valiant|100/100
|-enditem|p2a: Iron Valiant|Booster Energy
|-activate|p2a: Iron Valiant|ability: Quark Drive|[fromitem]
|-start|p2a: Iron Valiant|quarkdrivespe
|turn|29
|
|t:|1743921823
|move|p1a: Dragapult|Acrobatics|p2a: Iron Valiant
|-supereffective|p2a: Iron Valiant
|-damage|p2a: Iron Valiant|0 fnt
|faint|p2a: Iron Valiant
|-end|p2a: Iron Valiant|Quark Drive|[silent]
|
|upkeep
|
|t:|1743921828
|switch|p2a: Rillaboom|Rillaboom, M|100/100
|turn|30
|c|☆shuppetLover|Can we say ggs now?
|
|t:|1743921838
|move|p1a: Dragapult|Dragon Darts|p2a: Rillaboom
|-damage|p2a: Rillaboom|54/100
|-anim|p1a: Dragapult|Dragon Darts|p2a: Rillaboom
|-damage|p2a: Rillaboom|9/100
|move|p2a: Rillaboom|Knock Off|p1a: Dragapult
|-resisted|p1a: Dragapult
|-damage|p1a: Dragapult|32/100
|
|upkeep
|turn|31
|
|t:|1743921847
|move|p1a: Dragapult|Sucker Punch|p2a: Rillaboom
|-damage|p2a: Rillaboom|0 fnt
|faint|p2a: Rillaboom
|
|upkeep
|
|t:|1743921851
|switch|p2a: Gholdengo|Gholdengo|100/100
|turn|32
|
|t:|1743921854
|move|p1a: Dragapult|Sucker Punch|p2a: Gholdengo
|-supereffective|p2a: Gholdengo
|-damage|p2a: Gholdengo|0 fnt
|faint|p2a: Gholdengo
|
|win|shuppetLover
|raw|shuppetLover's rating: 1015 &rarr; <strong>1060</strong><br />(+45 for winning)
|raw|D3metCalf's rating: 1081 &rarr; <strong>1055</strong><br />(-26 for losing)
|c|☆shuppetLover|ggs
|c|☆D3metCalf|u suck
|l|☆D3metCalf
|player|p2|
|c|☆shuppetLover|What i do?!
