|j|☆0utOne
|j|☆Arardude
|t:|1743812414
|gametype|singles
|player|p1|0utOne|waiter-gen4dp|1331
|player|p2|Arardude|marlon|1358
|teamsize|p1|6
|teamsize|p2|6
|gen|9
|tier|[Gen 9] OU
|rated|
|rule|HP Percentage Mod: HP is shown in percentages
|rule|Endless Battle Clause: Forcing endless battles is banned
|rule|Species Clause: Limit one of each Pokémon
|rule|OHKO Clause: OHKO moves are banned
|rule|Evasion Items Clause: Evasion items are banned
|rule|Evasion Moves Clause: Evasion moves are banned
|rule|Sleep Moves Clause: Sleep-inducing moves are banned
|clearpoke
|poke|p1|Glimmora, M|
|poke|p1|Polteageist|
|poke|p1|Samurott-Hisui, F|
|poke|p1|Garchomp, F|
|poke|p1|Skeledirge, M|
|poke|p1|Ninetales-Alola, F|
|poke|p2|Iron Hands|
|poke|p2|Ursaluna, F|
|poke|p2|Hydrapple, M|
|poke|p2|Great Tusk|
|poke|p2|Gholdengo|
|poke|p2|Gallade, M|
|teampreview
|inactive|Battle timer is ON: inactive players will automatically lose when time's up. (requested by 0utOne)
|
|t:|1743812442
|start
|switch|p1a: Polteageist|Polteageist|100/100
|switch|p2a: Gholdengo|Gholdengo, shiny|100/100
|turn|1
|
|t:|1743812448
|move|p2a: Gholdengo|Trick|p1a: Polteageist
|-activate|p2a: Gholdengo|move: Trick|[of] p1a: Polteageist
|-item|p1a: Polteageist|Choice Scarf|[from] move: Trick
|-item|p2a: Gholdengo|Focus Sash|[from] move: Trick
|move|p1a: Polteageist|Shell Smash|p1a: Polteageist
|-unboost|p1a: Polteageist|def|1
|-unboost|p1a: Polteageist|spd|1
|-boost|p1a: Polteageist|atk|2
|-boost|p1a: Polteageist|spa|2
|-boost|p1a: Polteageist|spe|2
|
|upkeep
|turn|2
|inactive|Arardude has 120 seconds left.
|
|t:|1743812482
|switch|p1a: Samurott|Samurott-Hisui, F|100/100
|switch|p2a: Hydrapple|Hydrapple, M, shiny|100/100
|
|upkeep
|turn|3
|
|t:|1743812489
|move|p1a: Samurott|Taunt|p2a: Hydrapple
|-start|p2a: Hydrapple|move: Taunt
|move|p2a: Hydrapple|Giga Drain|p1a: Samurott
|-supereffective|p1a: Samurott
|-damage|p1a: Samurott|0 fnt
|faint|p1a: Samurott
|
|upkeep
|
|t:|1743812499
|switch|p1a: Skeledirge|Skeledirge, M|100/100
|turn|4
|
|t:|1743812504
|move|p1a: Skeledirge|Torch Song|p2a: Hydrapple
|-damage|p2a: Hydrapple|72/100
|-boost|p1a: Skeledirge|spa|1
|move|p2a: Hydrapple|Hydro Pump|p1a: Skeledirge|[miss]
|-miss|p2a: Hydrapple|p1a: Skeledirge
|
|upkeep
|turn|5
|
|t:|1743812512
|move|p1a: Skeledirge|Alluring Voice|p2a: Hydrapple
|-supereffective|p2a: Hydrapple
|-damage|p2a: Hydrapple|17/100
|move|p2a: Hydrapple|Hydro Pump|p1a: Skeledirge
|-supereffective|p1a: Skeledirge
|-damage|p1a: Skeledirge|25/100
|
|-heal|p1a: Skeledirge|31/100|[from] item: Leftovers
|-end|p2a: Hydrapple|move: Taunt
|upkeep
|turn|6
|
|t:|1743812525
|move|p1a: Skeledirge|Torch Song|p2a: Hydrapple
|-damage|p2a: Hydrapple|0 fnt
|-boost|p1a: Skeledirge|spa|1
|faint|p2a: Hydrapple
|
|-heal|p1a: Skeledirge|37/100|[from] item: Leftovers
|upkeep
|
|t:|1743812545
|switch|p2a: Gallade|Gallade, M|100/100
|turn|7
|
|t:|1743812551
|switch|p1a: Polteageist|Polteageist|100/100
|move|p2a: Gallade|Psycho Cut|p1a: Polteageist
|-damage|p1a: Polteageist|0 fnt
|faint|p1a: Polteageist
|
|upkeep
|
|t:|1743812558
|switch|p1a: Garchomp|Garchomp, F|100/100
|turn|8
|
|t:|1743812568
|switch|p2a: Great Tusk|Great Tusk|100/100
|move|p1a: Garchomp|Swords Dance|p1a: Garchomp
|-boost|p1a: Garchomp|atk|2
|
|upkeep
|turn|9
|
|t:|1743812575
|-terastallize|p1a: Garchomp|Poison
|move|p1a: Garchomp|Scale Shot|p2a: Great Tusk
|-damage|p2a: Great Tusk|83/100
|-damage|p2a: Great Tusk|62/100
|-damage|p2a: Great Tusk|41/100
|-hitcount|p2a: Great Tusk|3
|-unboost|p1a: Garchomp|def|1
|-boost|p1a: Garchomp|spe|1
|move|p2a: Great Tusk|Ice Spinner|p1a: Garchomp
|-damage|p1a: Garchomp|61/100
|-damage|p2a: Great Tusk|29/100|[from] ability: Rough Skin|[of] p1a: Garchomp
|-damage|p2a: Great Tusk|12/100|[from] item: Rocky Helmet|[of] p1a: Garchomp
|
|upkeep
|turn|10
|
|t:|1743812584
|move|p1a: Garchomp|Earthquake|p2a: Great Tusk
|-damage|p2a: Great Tusk|0 fnt
|faint|p2a: Great Tusk
|-end|p2a: Great Tusk|Protosynthesis|[silent]
|
|upkeep
|
|t:|1743812592
|switch|p2a: Ursaluna|Ursaluna, F, shiny|100/100
|turn|11
|
|t:|1743812598
|move|p2a: Ursaluna|Protect|p2a: Ursaluna
|-singleturn|p2a: Ursaluna|Protect
|move|p1a: Garchomp|Scale Shot|p2a: Ursaluna
|-activate|p2a: Ursaluna|move: Protect
|
|-status|p2a: Ursaluna|brn|[from] item: Flame Orb
|upkeep
|turn|12
|
|t:|1743812603
|move|p1a: Garchomp|Scale Shot|p2a: Ursaluna
|-damage|p2a: Ursaluna|82/100 brn
|-damage|p2a: Ursaluna|65/100 brn
|-damage|p2a: Ursaluna|47/100 brn
|-damage|p2a: Ursaluna|30/100 brn
|-hitcount|p2a: Ursaluna|4
|-unboost|p1a: Garchomp|def|1
|-boost|p1a: Garchomp|spe|1
|move|p2a: Ursaluna|Facade|p1a: Garchomp
|-damage|p1a: Garchomp|0 fnt
|-damage|p2a: Ursaluna|17/100 brn|[from] ability: Rough Skin|[of] p1a: Garchomp
|-damage|p2a: Ursaluna|1/100 brn|[from] item: Rocky Helmet|[of] p1a: Garchomp
|faint|p1a: Garchomp
|
|-damage|p2a: Ursaluna|0 fnt|[from] brn
|faint|p2a: Ursaluna
|upkeep
|
|t:|1743812627
|switch|p1a: Skeledirge|Skeledirge, M|37/100
|switch|p2a: Gholdengo|Gholdengo, shiny|100/100
|turn|13
|
|t:|1743812640
|move|p2a: Gholdengo|Shadow Ball|p1a: Skeledirge
|-supereffective|p1a: Skeledirge
|-damage|p1a: Skeledirge|0 fnt
|faint|p1a: Skeledirge
|
|upkeep
|
|t:|1743812645
|switch|p1a: Glimmora|Glimmora, M|100/100
|turn|14
|
|t:|1743812650
|move|p1a: Glimmora|Earth Power|p2a: Gholdengo
|-supereffective|p2a: Gholdengo
|-damage|p2a: Gholdengo|33/100
|move|p2a: Gholdengo|Psychic|p1a: Glimmora
|-supereffective|p1a: Glimmora
|-damage|p1a: Glimmora|20/100
|
|upkeep
|turn|15
|
|t:|1743812657
|move|p1a: Glimmora|Earth Power|p2a: Gholdengo
|-supereffective|p2a: Gholdengo
|-damage|p2a: Gholdengo|0 fnt
|faint|p2a: Gholdengo
|
|upkeep
|
|t:|1743812665
|switch|p2a: Gallade|Gallade, M|100/100
|turn|16
|
|t:|1743812668
|move|p2a: Gallade|Shadow Sneak|p1a: Glimmora
|-damage|p1a: Glimmora|0 fnt
|-activate|p1a: Glimmora|ability: Toxic Debris
|-sidestart|p2: Arardude|move: Toxic Spikes
|faint|p1a: Glimmora
|
|upkeep
|
|t:|1743812670
|switch|p1a: Ninetales|Ninetales-Alola, F|100/100
|-weather|Snowscape|[from] ability: Snow Warning|[of] p1a: Ninetales
|turn|17
|
|t:|1743812674
|switch|p2a: Iron Hands|Iron Hands, shiny|100/100
|-status|p2a: Iron Hands|psn
|move|p1a: Ninetales|Moonblast|p2a: Iron Hands
|-supereffective|p2a: Iron Hands
|-damage|p2a: Iron Hands|55/100 psn
|-unboost|p2a: Iron Hands|spa|1
|
|-weather|Snowscape|[upkeep]
|-damage|p2a: Iron Hands|42/100 psn|[from] psn
|upkeep
|turn|18
|
|t:|1743812689
|-terastallize|p2a: Iron Hands|Steel
|move|p1a: Ninetales|Moonblast|p2a: Iron Hands
|-resisted|p2a: Iron Hands
|-damage|p2a: Iron Hands|30/100 psn
|move|p2a: Iron Hands|Drain Punch|p1a: Ninetales
|-damage|p1a: Ninetales|54/100
|-heal|p2a: Iron Hands|45/100 psn|[from] drain|[of] p1a: Ninetales
|
|-weather|Snowscape|[upkeep]
|-damage|p2a: Iron Hands|33/100 psn|[from] psn
|upkeep
|turn|19
|
|t:|1743812699
|move|p1a: Ninetales|Moonblast|p2a: Iron Hands
|-resisted|p2a: Iron Hands
|-damage|p2a: Iron Hands|19/100 psn
|move|p2a: Iron Hands|Supercell Slam|p1a: Ninetales
|-damage|p1a: Ninetales|0 fnt
|faint|p1a: Ninetales
|
|win|Arardude
|raw|0utOne's rating: 1331 &rarr; <strong>1313</strong><br />(-18 for losing)
|raw|Arardude's rating: 1358 &rarr; <strong>1376</strong><br />(+18 for winning)
|l|☆0utOne
|player|p1|
|l|☆Arardude
|player|p2|
