|j|☆yylz
|j|☆glazeexpress
|t:|1743779461
|gametype|singles
|player|p1|yylz|dawn|1151
|player|p2|glazeexpress|swimmerf-gen4|1103
|teamsize|p1|6
|teamsize|p2|6
|gen|9
|tier|[Gen 9] OU
|rated|
|rule|HP Percentage Mod: HP is shown in percentages
|rule|Endless Battle Clause: Forcing endless battles is banned
|rule|Species Clause: Limit one of each Pokémon
|rule|OHKO Clause: OHKO moves are banned
|rule|Evasion Items Clause: Evasion items are banned
|rule|Evasion Moves Clause: Evasion moves are banned
|rule|Sleep Moves Clause: Sleep-inducing moves are banned
|clearpoke
|poke|p1|Pelipper, F|
|poke|p1|Barraskewda, F|
|poke|p1|Zapdos|
|poke|p1|Corviknight, F|
|poke|p1|Clodsire, M|
|poke|p1|Incineroar, F|
|poke|p2|Weavile, F|
|poke|p2|Pecharunt|
|poke|p2|Ting-Lu|
|poke|p2|Tinkaton, F|
|poke|p2|Keldeo-Resolute|
|poke|p2|Dragonite, F|
|teampreview
|
|t:|1743779474
|start
|switch|p1a: Corviknight|Corviknight, F, shiny|100/100
|switch|p2a: Tinkaton|Tinkaton, F|100/100
|-item|p2a: Tinkaton|Air Balloon
|-ability|p1a: Corviknight|Pressure
|turn|1
|inactive|Battle timer is ON: inactive players will automatically lose when time's up. (requested by glazeexpress)
|
|t:|1743779483
|move|p2a: Tinkaton|Thunder Wave|p1a: Corviknight
|-status|p1a: Corviknight|par
|move|p1a: Corviknight|Body Press|p2a: Tinkaton
|-damage|p2a: Tinkaton|72/100
|-enditem|p2a: Tinkaton|Air Balloon
|-enditem|p1a: Corviknight|Rocky Helmet|[silent]|[from] ability: Pickpocket|[of] p1a: Corviknight
|-item|p2a: Tinkaton|Rocky Helmet|[from] ability: Pickpocket|[of] p1a: Corviknight
|
|upkeep
|turn|2
|
|t:|1743779493
|switch|p1a: Clodsire|Clodsire, M|100/100
|move|p2a: Tinkaton|Stealth Rock|p1a: Clodsire
|-sidestart|p1: yylz|move: Stealth Rock
|
|upkeep
|turn|3
|
|t:|1743779507
|switch|p2a: Weavile|Weavile, F|100/100
|-ability|p2a: Weavile|Pressure
|move|p1a: Clodsire|Stealth Rock|p2a: Weavile
|-sidestart|p2: glazeexpress|move: Stealth Rock
|
|upkeep
|turn|4
|
|t:|1743779515
|switch|p1a: Incineroar|Incineroar, F, shiny|100/100
|-ability|p1a: Incineroar|Intimidate|boost
|-unboost|p2a: Weavile|atk|1
|move|p2a: Weavile|Triple Axel|p1a: Incineroar
|-resisted|p1a: Incineroar
|-damage|p1a: Incineroar|98/100
|-resisted|p1a: Incineroar
|-damage|p1a: Incineroar|94/100
|-resisted|p1a: Incineroar
|-damage|p1a: Incineroar|88/100
|-hitcount|p1a: Incineroar|3
|
|upkeep
|turn|5
|
|t:|1743779527
|switch|p2a: Pecharunt|Pecharunt|100/100
|move|p1a: Incineroar|Drain Punch|p2a: Pecharunt
|-immune|p2a: Pecharunt
|
|upkeep
|turn|6
|
|t:|1743779536
|move|p2a: Pecharunt|Parting Shot|p1a: Incineroar
|-unboost|p1a: Incineroar|atk|1
|-unboost|p1a: Incineroar|spa|1
|
|t:|1743779540
|switch|p2a: Keldeo|Keldeo-Resolute|100/100|[from] Parting Shot
|move|p1a: Incineroar|Knock Off|p2a: Keldeo
|-resisted|p2a: Keldeo
|-crit|p2a: Keldeo
|-damage|p2a: Keldeo|67/100
|-ability|p2a: Keldeo|Justified|boost
|-boost|p2a: Keldeo|atk|1
|-enditem|p2a: Keldeo|Heavy-Duty Boots|[from] move: Knock Off|[of] p1a: Incineroar
|
|upkeep
|turn|7
|
|t:|1743779554
|switch|p1a: Corviknight|Corviknight, F, shiny|100/100 par
|-damage|p1a: Corviknight|88/100 par|[from] Stealth Rock
|-ability|p1a: Corviknight|Pressure
|move|p2a: Keldeo|Hydro Pump|p1a: Corviknight
|-damage|p1a: Corviknight|32/100 par
|
|upkeep
|turn|8
|
|t:|1743779562
|switch|p1a: Clodsire|Clodsire, M|100/100
|-damage|p1a: Clodsire|94/100|[from] Stealth Rock
|move|p2a: Keldeo|Flip Turn|p1a: Clodsire
|-heal|p1a: Clodsire|100/100|[from] ability: Water Absorb|[of] p2a: Keldeo
|
|upkeep
|turn|9
|
|t:|1743779576
|switch|p2a: Pecharunt|Pecharunt|100/100
|move|p1a: Clodsire|Toxic|p2a: Pecharunt
|-immune|p2a: Pecharunt
|
|upkeep
|turn|10
|
|t:|1743779579
|move|p2a: Pecharunt|Hex|p1a: Clodsire
|-damage|p1a: Clodsire|89/100
|move|p1a: Clodsire|Earthquake|p2a: Pecharunt
|-supereffective|p2a: Pecharunt
|-damage|p2a: Pecharunt|75/100
|
|-heal|p1a: Clodsire|96/100|[from] item: Leftovers
|upkeep
|turn|11
|
|t:|1743779587
|move|p2a: Pecharunt|Parting Shot|p1a: Clodsire
|-unboost|p1a: Clodsire|atk|1
|-unboost|p1a: Clodsire|spa|1
|
|t:|1743779594
|switch|p2a: Weavile|Weavile, F|100/100|[from] Parting Shot
|-ability|p2a: Weavile|Pressure
|move|p1a: Clodsire|Earthquake|p2a: Weavile
|-damage|p2a: Weavile|66/100
|
|-heal|p1a: Clodsire|100/100|[from] item: Leftovers
|upkeep
|turn|12
|
|t:|1743779606
|switch|p1a: Corviknight|Corviknight, F, shiny|32/100 par
|-damage|p1a: Corviknight|20/100 par|[from] Stealth Rock
|-ability|p1a: Corviknight|Pressure
|move|p2a: Weavile|Knock Off|p1a: Corviknight
|-damage|p1a: Corviknight|2/100 par
|
|upkeep
|turn|13
|
|t:|1743779614
|move|p2a: Weavile|Knock Off|p1a: Corviknight
|-damage|p1a: Corviknight|0 fnt
|faint|p1a: Corviknight
|
|upkeep
|
|t:|1743779618
|switch|p1a: Incineroar|Incineroar, F, shiny|88/100
|-ability|p1a: Incineroar|Intimidate|boost
|-unboost|p2a: Weavile|atk|1
|turn|14
|
|t:|1743779623
|switch|p2a: Keldeo|Keldeo-Resolute|67/100
|-damage|p2a: Keldeo|61/100|[from] Stealth Rock
|move|p1a: Incineroar|Knock Off|p2a: Keldeo
|-resisted|p2a: Keldeo
|-damage|p2a: Keldeo|46/100
|-ability|p2a: Keldeo|Justified|boost
|-boost|p2a: Keldeo|atk|1
|
|upkeep
|turn|15
|
|t:|1743779629
|switch|p2a: Weavile|Weavile, F|66/100
|-ability|p2a: Weavile|Pressure
|switch|p1a: Clodsire|Clodsire, M|100/100
|-damage|p1a: Clodsire|94/100|[from] Stealth Rock
|
|-heal|p1a: Clodsire|100/100|[from] item: Leftovers
|upkeep
|turn|16
|
|t:|1743779635
|switch|p1a: Incineroar|Incineroar, F, shiny|88/100
|-ability|p1a: Incineroar|Intimidate|boost
|-unboost|p2a: Weavile|atk|1
|move|p2a: Weavile|Knock Off|p1a: Incineroar
|-resisted|p1a: Incineroar
|-damage|p1a: Incineroar|78/100
|-enditem|p1a: Incineroar|Heavy-Duty Boots|[from] move: Knock Off|[of] p2a: Weavile
|
|upkeep
|turn|17
|
|t:|1743779646
|switch|p2a: Ting-Lu|Ting-Lu|100/100
|-damage|p2a: Ting-Lu|94/100|[from] Stealth Rock
|-ability|p2a: Ting-Lu|Vessel of Ruin
|move|p1a: Incineroar|Will-O-Wisp|p2a: Ting-Lu
|-status|p2a: Ting-Lu|brn
|
|-damage|p2a: Ting-Lu|88/100 brn|[from] brn
|upkeep
|turn|18
|
|t:|1743779650
|move|p1a: Incineroar|Drain Punch|p2a: Ting-Lu
|-supereffective|p2a: Ting-Lu
|-damage|p2a: Ting-Lu|70/100 brn
|-heal|p1a: Incineroar|90/100|[from] drain|[of] p2a: Ting-Lu
|-damage|p1a: Incineroar|73/100|[from] item: Rocky Helmet|[of] p2a: Ting-Lu
|move|p2a: Ting-Lu|Spikes|p1a: Incineroar
|-sidestart|p1: yylz|Spikes
|
|-damage|p2a: Ting-Lu|64/100 brn|[from] brn
|upkeep
|turn|19
|
|t:|1743779669
|switch|p1a: Pelipper|Pelipper, F|100/100
|-damage|p1a: Pelipper|76/100|[from] Stealth Rock
|-weather|RainDance|[from] ability: Drizzle|[of] p1a: Pelipper
|move|p2a: Ting-Lu|Whirlwind|p1a: Pelipper
|drag|p1a: Barraskewda|Barraskewda, F|100/100
|-damage|p1a: Barraskewda|88/100|[from] Stealth Rock
|-damage|p1a: Barraskewda|76/100|[from] Spikes
|
|-weather|RainDance|[upkeep]
|-damage|p2a: Ting-Lu|58/100 brn|[from] brn
|upkeep
|turn|20
|
|t:|1743779688
|switch|p2a: Pecharunt|Pecharunt|75/100
|-terastallize|p1a: Barraskewda|Water
|move|p1a: Barraskewda|Liquidation|p2a: Pecharunt
|-damage|p2a: Pecharunt|11/100
|
|-weather|RainDance|[upkeep]
|upkeep
|turn|21
|
|t:|1743779701
|switch|p2a: Tinkaton|Tinkaton, F|72/100
|-damage|p2a: Tinkaton|66/100|[from] Stealth Rock
|move|p1a: Barraskewda|Liquidation|p2a: Tinkaton
|-damage|p2a: Tinkaton|0 fnt
|-damage|p1a: Barraskewda|60/100|[from] item: Rocky Helmet|[of] p2a: Tinkaton
|faint|p2a: Tinkaton
|
|-weather|RainDance|[upkeep]
|upkeep
|
|t:|1743779704
|switch|p2a: Keldeo|Keldeo-Resolute|46/100
|-damage|p2a: Keldeo|40/100|[from] Stealth Rock
|turn|22
|
|t:|1743779712
|move|p2a: Keldeo|Vacuum Wave|p1a: Barraskewda
|-damage|p1a: Barraskewda|14/100
|move|p1a: Barraskewda|Liquidation|p2a: Keldeo
|-resisted|p2a: Keldeo
|-damage|p2a: Keldeo|0 fnt
|faint|p2a: Keldeo
|
|-weather|RainDance|[upkeep]
|upkeep
|
|t:|1743779716
|switch|p2a: Weavile|Weavile, F|66/100
|-ability|p2a: Weavile|Pressure
|turn|23
|
|t:|1743779718
|move|p2a: Weavile|Ice Shard|p1a: Barraskewda
|-resisted|p1a: Barraskewda
|-damage|p1a: Barraskewda|0 fnt
|faint|p1a: Barraskewda
|
|-weather|RainDance|[upkeep]
|upkeep
|
|t:|1743779722
|switch|p1a: Incineroar|Incineroar, F, shiny|73/100
|-damage|p1a: Incineroar|48/100|[from] Stealth Rock
|-damage|p1a: Incineroar|36/100|[from] Spikes
|-ability|p1a: Incineroar|Intimidate|boost
|-unboost|p2a: Weavile|atk|1
|turn|24
|
|t:|1743779728
|-terastallize|p2a: Weavile|Ghost
|move|p2a: Weavile|Swords Dance|p2a: Weavile
|-boost|p2a: Weavile|atk|2
|move|p1a: Incineroar|Drain Punch|p2a: Weavile
|-immune|p2a: Weavile
|
|-weather|RainDance|[upkeep]
|upkeep
|turn|25
|
|t:|1743779734
|move|p2a: Weavile|Triple Axel|p1a: Incineroar
|-resisted|p1a: Incineroar
|-damage|p1a: Incineroar|31/100
|-resisted|p1a: Incineroar
|-damage|p1a: Incineroar|22/100
|-resisted|p1a: Incineroar
|-damage|p1a: Incineroar|8/100
|-hitcount|p1a: Incineroar|3
|move|p1a: Incineroar|Knock Off|p2a: Weavile
|-supereffective|p2a: Weavile
|-damage|p2a: Weavile|0 fnt
|-enditem|p2a: Weavile|Heavy-Duty Boots|[from] move: Knock Off|[of] p1a: Incineroar
|faint|p2a: Weavile
|
|-weather|RainDance|[upkeep]
|upkeep
|
|t:|1743779749
|switch|p2a: Ting-Lu|Ting-Lu|58/100 brn
|-damage|p2a: Ting-Lu|52/100 brn|[from] Stealth Rock
|-ability|p2a: Ting-Lu|Vessel of Ruin
|turn|26
|
|t:|1743779755
|move|p1a: Incineroar|Drain Punch|p2a: Ting-Lu
|-supereffective|p2a: Ting-Lu
|-damage|p2a: Ting-Lu|33/100 brn
|-heal|p1a: Incineroar|21/100|[from] drain|[of] p2a: Ting-Lu
|-damage|p1a: Incineroar|4/100|[from] item: Rocky Helmet|[of] p2a: Ting-Lu
|move|p2a: Ting-Lu|Earthquake|p1a: Incineroar
|-supereffective|p1a: Incineroar
|-damage|p1a: Incineroar|0 fnt
|faint|p1a: Incineroar
|
|-weather|none
|-damage|p2a: Ting-Lu|27/100 brn|[from] brn
|upkeep
|
|t:|1743779763
|switch|p1a: Pelipper|Pelipper, F|76/100
|-damage|p1a: Pelipper|51/100|[from] Stealth Rock
|-weather|RainDance|[from] ability: Drizzle|[of] p1a: Pelipper
|turn|27
|
|t:|1743779768
|move|p2a: Ting-Lu|Ruination|p1a: Pelipper
|-damage|p1a: Pelipper|26/100
|move|p1a: Pelipper|Weather Ball|p2a: Ting-Lu
|-supereffective|p2a: Ting-Lu
|-damage|p2a: Ting-Lu|0 fnt
|faint|p2a: Ting-Lu
|
|-weather|RainDance|[upkeep]
|upkeep
|
|t:|1743779772
|switch|p2a: Dragonite|Dragonite, F|100/100
|turn|28
|
|t:|1743779778
|move|p2a: Dragonite|Hurricane|p1a: Pelipper
|-damage|p1a: Pelipper|0 fnt
|faint|p1a: Pelipper
|
|-weather|RainDance|[upkeep]
|upkeep
|
|t:|1743779781
|switch|p1a: Clodsire|Clodsire, M|100/100
|-damage|p1a: Clodsire|94/100|[from] Stealth Rock
|-damage|p1a: Clodsire|82/100|[from] Spikes
|turn|29
|
|t:|1743779785
|move|p2a: Dragonite|Earthquake|p1a: Clodsire
|-supereffective|p1a: Clodsire
|-damage|p1a: Clodsire|0 fnt
|faint|p1a: Clodsire
|
|-weather|RainDance|[upkeep]
|upkeep
|
|t:|1743779790
|switch|p1a: Zapdos|Zapdos, shiny|100/100
|turn|30
|
|t:|1743779794
|move|p1a: Zapdos|Thunder|p2a: Dragonite
|-damage|p2a: Dragonite|75/100
|move|p2a: Dragonite|Hurricane|p1a: Zapdos
|-resisted|p1a: Zapdos
|-damage|p1a: Zapdos|81/100
|-start|p1a: Zapdos|confusion
|
|-weather|RainDance|[upkeep]
|upkeep
|turn|31
|
|t:|1743779802
|-activate|p1a: Zapdos|confusion
|move|p1a: Zapdos|Thunder|p2a: Dragonite
|-damage|p2a: Dragonite|21/100
|move|p2a: Dragonite|Hurricane|p1a: Zapdos
|-resisted|p1a: Zapdos
|-damage|p1a: Zapdos|59/100
|
|-weather|RainDance|[upkeep]
|upkeep
|turn|32
|
|t:|1743779809
|-activate|p1a: Zapdos|confusion
|move|p1a: Zapdos|Thunder|p2a: Dragonite
|-damage|p2a: Dragonite|0 fnt
|faint|p2a: Dragonite
|
|-weather|RainDance|[upkeep]
|upkeep
|
|t:|1743779811
|switch|p2a: Pecharunt|Pecharunt|11/100
|turn|33
|
|t:|1743779813
|-end|p1a: Zapdos|confusion
|move|p1a: Zapdos|Thunder|p2a: Pecharunt
|-damage|p2a: Pecharunt|0 fnt
|faint|p2a: Pecharunt
|
|win|yylz
|raw|yylz's rating: 1151 &rarr; <strong>1173</strong><br />(+22 for winning)
|raw|glazeexpress's rating: 1103 &rarr; <strong>1081</strong><br />(-22 for losing)
