|j|☆Pizza raichu
|j|☆Fayge
|t:|1743788623
|gametype|singles
|player|p1|Pizza raichu|shauna|1283
|player|p2|Fayge|101|1267
|teamsize|p1|6
|teamsize|p2|6
|gen|9
|tier|[Gen 9] OU
|rated|
|rule|HP Percentage Mod: HP is shown in percentages
|rule|Endless Battle Clause: Forcing endless battles is banned
|rule|Species Clause: Limit one of each Pokémon
|rule|OHKO Clause: OHKO moves are banned
|rule|Evasion Items Clause: Evasion items are banned
|rule|Evasion Moves Clause: Evasion moves are banned
|rule|Sleep Moves Clause: Sleep-inducing moves are banned
|clearpoke
|poke|p1|Alomomola, F|
|poke|p1|Blissey, F|
|poke|p1|Corviknight, F|
|poke|p1|Gliscor, M|
|poke|p1|Clodsire, M|
|poke|p1|Dondozo, M|
|poke|p2|Arcanine, M|
|poke|p2|Glimmora, F|
|poke|p2|Great Tusk|
|poke|p2|Moltres|
|poke|p2|Greninja-*, M|
|poke|p2|Meowscarada, M|
|teampreview
|inactive|Battle timer is ON: inactive players will automatically lose when time's up. (requested by Pizza raichu)
|c|☆Fayge|Disgusting
|c|☆Pizza raichu|Glhf
|
|t:|1743788651
|start
|switch|p1a: Gliscor|Gliscor, M|100/100
|switch|p2a: Meowscarada|Meowscarada, M|100/100
|turn|1
|
|t:|1743788656
|switch|p2a: Greninja|Greninja, M, shiny|100/100
|move|p1a: Gliscor|Protect||[still]
|-fail|p1a: Gliscor
|
|-status|p1a: Gliscor|tox|[from] item: Toxic Orb
|upkeep
|turn|2
|
|t:|1743788660
|move|p1a: Gliscor|Protect|p1a: Gliscor
|-singleturn|p1a: Gliscor|Protect
|move|p2a: Greninja|Ice Beam|p1a: Gliscor
|-start|p2a: Greninja|typechange|Ice|[from] ability: Protean
|-activate|p1a: Gliscor|move: Protect
|
|upkeep
|turn|3
|
|t:|1743788669
|switch|p2a: Meowscarada|Meowscarada, M|100/100
|switch|p1a: Blissey|Blissey, F|100/100
|
|upkeep
|turn|4
|
|t:|1743788675
|switch|p1a: Corviknight|Corviknight, F|100/100
|-ability|p1a: Corviknight|Pressure
|move|p2a: Meowscarada|Knock Off|p1a: Corviknight
|-start|p2a: Meowscarada|typechange|Dark|[from] ability: Protean
|-damage|p1a: Corviknight|63/100
|-damage|p2a: Meowscarada|84/100|[from] item: Rocky Helmet|[of] p1a: Corviknight
|-enditem|p1a: Corviknight|Rocky Helmet|[from] move: Knock Off|[of] p2a: Meowscarada
|
|upkeep
|turn|5
|
|t:|1743788681
|switch|p2a: Arcanine|Arcanine, M, shiny|100/100
|-ability|p2a: Arcanine|Intimidate|boost
|-unboost|p1a: Corviknight|atk|1
|move|p1a: Corviknight|Roost|p1a: Corviknight
|-heal|p1a: Corviknight|100/100
|-singleturn|p1a: Corviknight|move: Roost
|
|upkeep
|turn|6
|
|t:|1743788688
|switch|p1a: Gliscor|Gliscor, M|100/100 tox
|move|p2a: Arcanine|Curse|p2a: Arcanine
|-unboost|p2a: Arcanine|spe|1
|-boost|p2a: Arcanine|atk|1
|-boost|p2a: Arcanine|def|1
|
|upkeep
|turn|7
|
|t:|1743788694
|move|p2a: Arcanine|Extreme Speed|p1a: Gliscor
|-damage|p1a: Gliscor|78/100 tox
|move|p1a: Gliscor|Toxic|p2a: Arcanine
|-status|p2a: Arcanine|tox
|
|-heal|p1a: Gliscor|90/100 tox|[from] ability: Poison Heal
|-damage|p2a: Arcanine|94/100 tox|[from] psn
|upkeep
|turn|8
|
|t:|1743788703
|switch|p2a: Moltres|Moltres|100/100
|move|p1a: Gliscor|Knock Off|p2a: Moltres
|-damage|p2a: Moltres|86/100
|-enditem|p2a: Moltres|Heavy-Duty Boots|[from] move: Knock Off|[of] p1a: Gliscor
|
|-heal|p1a: Gliscor|100/100 tox|[from] ability: Poison Heal
|upkeep
|turn|9
|
|t:|1743788708
|move|p1a: Gliscor|Spikes|p2a: Moltres
|-sidestart|p2: Fayge|Spikes
|move|p2a: Moltres|Roar|p1a: Gliscor
|drag|p1a: Alomomola|Alomomola, F|100/100
|
|upkeep
|turn|10
|
|t:|1743788719
|move|p1a: Alomomola|Flip Turn|p2a: Moltres
|-supereffective|p2a: Moltres
|-damage|p2a: Moltres|66/100
|
|t:|1743788724
|switch|p1a: Blissey|Blissey, F|100/100|[from] Flip Turn
|move|p2a: Moltres|Roar|p1a: Blissey
|drag|p1a: Gliscor|Gliscor, M|100/100 tox
|
|upkeep
|turn|11
|
|t:|1743788728
|move|p1a: Gliscor|Spikes|p2a: Moltres
|-sidestart|p2: Fayge|Spikes
|move|p2a: Moltres|Roost|p2a: Moltres
|-heal|p2a: Moltres|100/100
|-singleturn|p2a: Moltres|move: Roost
|
|upkeep
|turn|12
|
|t:|1743788732
|switch|p2a: Great Tusk|Great Tusk|100/100
|-damage|p2a: Great Tusk|84/100|[from] Spikes
|move|p1a: Gliscor|Toxic|p2a: Great Tusk
|-status|p2a: Great Tusk|tox
|
|-damage|p2a: Great Tusk|78/100 tox|[from] psn
|upkeep
|turn|13
|
|t:|1743788738
|move|p1a: Gliscor|Protect|p1a: Gliscor
|-singleturn|p1a: Gliscor|Protect
|move|p2a: Great Tusk|Rapid Spin|p1a: Gliscor
|-activate|p1a: Gliscor|move: Protect
|
|-damage|p2a: Great Tusk|65/100 tox|[from] psn
|upkeep
|turn|14
|
|t:|1743788740
|move|p2a: Great Tusk|Ice Spinner|p1a: Gliscor
|-supereffective|p1a: Gliscor
|-damage|p1a: Gliscor|11/100 tox
|move|p1a: Gliscor|Knock Off|p2a: Great Tusk
|-resisted|p2a: Great Tusk
|-damage|p2a: Great Tusk|57/100 tox
|-damage|p1a: Gliscor|0 fnt|[from] item: Rocky Helmet|[of] p2a: Great Tusk
|faint|p1a: Gliscor
|
|-damage|p2a: Great Tusk|39/100 tox|[from] psn
|upkeep
|
|t:|1743788750
|switch|p1a: Alomomola|Alomomola, F|100/100
|turn|15
|
|t:|1743788753
|-terastallize|p1a: Alomomola|Ghost
|move|p2a: Great Tusk|Rapid Spin|p1a: Alomomola
|-immune|p1a: Alomomola
|move|p1a: Alomomola|Scald|p2a: Great Tusk
|-supereffective|p2a: Great Tusk
|-damage|p2a: Great Tusk|0 fnt
|faint|p2a: Great Tusk
|-end|p2a: Great Tusk|Protosynthesis|[silent]
|
|upkeep
|
|t:|1743788764
|switch|p2a: Glimmora|Glimmora, F|100/100
|-damage|p2a: Glimmora|84/100|[from] Spikes
|turn|16
|
|t:|1743788766
|switch|p1a: Corviknight|Corviknight, F|100/100
|-ability|p1a: Corviknight|Pressure
|move|p2a: Glimmora|Mortal Spin|p1a: Corviknight
|-immune|p1a: Corviknight
|
|upkeep
|turn|17
|
|t:|1743788773
|switch|p2a: Arcanine|Arcanine, M, shiny|94/100 tox
|-damage|p2a: Arcanine|78/100 tox|[from] Spikes
|-ability|p2a: Arcanine|Intimidate|boost
|-unboost|p1a: Corviknight|atk|1
|move|p1a: Corviknight|U-turn|p2a: Arcanine
|-resisted|p2a: Arcanine
|-damage|p2a: Arcanine|72/100 tox
|
|t:|1743788780
|switch|p1a: Dondozo|Dondozo, M|100/100|[from] U-turn
|
|-heal|p2a: Arcanine|78/100 tox|[from] item: Leftovers
|-damage|p2a: Arcanine|72/100 tox|[from] psn
|upkeep
|turn|18
|
|t:|1743788785
|move|p2a: Arcanine|Curse|p2a: Arcanine
|-unboost|p2a: Arcanine|spe|1
|-boost|p2a: Arcanine|atk|1
|-boost|p2a: Arcanine|def|1
|move|p1a: Dondozo|Curse|p1a: Dondozo
|-unboost|p1a: Dondozo|spe|1
|-boost|p1a: Dondozo|atk|1
|-boost|p1a: Dondozo|def|1
|
|-heal|p2a: Arcanine|78/100 tox|[from] item: Leftovers
|-damage|p2a: Arcanine|66/100 tox|[from] psn
|upkeep
|turn|19
|
|t:|1743788790
|switch|p2a: Meowscarada|Meowscarada, M|84/100
|-damage|p2a: Meowscarada|68/100|[from] Spikes
|move|p1a: Dondozo|Curse|p1a: Dondozo
|-unboost|p1a: Dondozo|spe|1
|-boost|p1a: Dondozo|atk|1
|-boost|p1a: Dondozo|def|1
|
|upkeep
|turn|20
|
|t:|1743788794
|switch|p1a: Corviknight|Corviknight, F|100/100
|-ability|p1a: Corviknight|Pressure
|move|p2a: Meowscarada|Flower Trick|p1a: Corviknight
|-start|p2a: Meowscarada|typechange|Grass|[from] ability: Protean
|-resisted|p1a: Corviknight
|-crit|p1a: Corviknight
|-damage|p1a: Corviknight|90/100
|
|upkeep
|turn|21
|
|t:|1743788802
|switch|p2a: Arcanine|Arcanine, M, shiny|66/100 tox
|-damage|p2a: Arcanine|49/100 tox|[from] Spikes
|-ability|p2a: Arcanine|Intimidate|boost
|-unboost|p1a: Corviknight|atk|1
|move|p1a: Corviknight|U-turn|p2a: Arcanine
|-resisted|p2a: Arcanine
|-damage|p2a: Arcanine|44/100 tox
|
|t:|1743788806
|switch|p1a: Clodsire|Clodsire, M|100/100|[from] U-turn
|
|-heal|p2a: Arcanine|50/100 tox|[from] item: Leftovers
|-damage|p2a: Arcanine|44/100 tox|[from] psn
|upkeep
|turn|22
|
|t:|1743788812
|move|p2a: Arcanine|Extreme Speed|p1a: Clodsire
|-damage|p1a: Clodsire|79/100
|move|p1a: Clodsire|Toxic|p2a: Arcanine
|-fail|p2a: Arcanine|tox
|
|-heal|p2a: Arcanine|50/100 tox|[from] item: Leftovers
|-damage|p2a: Arcanine|38/100 tox|[from] psn
|upkeep
|turn|23
|
|t:|1743788816
|move|p2a: Arcanine|Extreme Speed|p1a: Clodsire
|-damage|p1a: Clodsire|59/100
|move|p1a: Clodsire|Earthquake|p2a: Arcanine
|-supereffective|p2a: Arcanine
|-crit|p2a: Arcanine
|-damage|p2a: Arcanine|0 fnt
|faint|p2a: Arcanine
|
|upkeep
|
|t:|1743788821
|switch|p2a: Glimmora|Glimmora, F|84/100
|-damage|p2a: Glimmora|67/100|[from] Spikes
|turn|24
|
|t:|1743788825
|switch|p1a: Corviknight|Corviknight, F|90/100
|-ability|p1a: Corviknight|Pressure
|move|p2a: Glimmora|Stealth Rock|p1a: Corviknight
|-sidestart|p1: Pizza raichu|move: Stealth Rock
|
|upkeep
|turn|25
|
|t:|1743788830
|move|p2a: Glimmora|Power Gem|p1a: Corviknight
|-damage|p1a: Corviknight|52/100
|move|p1a: Corviknight|Defog|p2a: Glimmora
|-unboost|p2a: Glimmora|evasion|1
|-sideend|p2: Fayge|Spikes|[from] move: Defog|[of] p1a: Corviknight
|-sideend|p1: Pizza raichu|Stealth Rock|[from] move: Defog|[of] p1a: Corviknight
|
|upkeep
|turn|26
|
|t:|1743788835
|move|p2a: Glimmora|Power Gem|p1a: Corviknight
|-damage|p1a: Corviknight|15/100
|move|p1a: Corviknight|Roost|p1a: Corviknight
|-heal|p1a: Corviknight|65/100
|-singleturn|p1a: Corviknight|move: Roost
|
|upkeep
|turn|27
|
|t:|1743788841
|move|p2a: Glimmora|Power Gem|p1a: Corviknight
|-damage|p1a: Corviknight|25/100
|move|p1a: Corviknight|Roost|p1a: Corviknight
|-heal|p1a: Corviknight|75/100
|-singleturn|p1a: Corviknight|move: Roost
|
|upkeep
|turn|28
|
|t:|1743788844
|move|p2a: Glimmora|Power Gem|p1a: Corviknight
|-damage|p1a: Corviknight|35/100
|move|p1a: Corviknight|U-turn|p2a: Glimmora
|-resisted|p2a: Glimmora
|-damage|p2a: Glimmora|58/100
|-activate|p2a: Glimmora|ability: Toxic Debris
|-sidestart|p1: Pizza raichu|move: Toxic Spikes
|
|t:|1743788849
|switch|p1a: Blissey|Blissey, F|100/100|[from] U-turn
|
|upkeep
|turn|29
|
|t:|1743788854
|move|p2a: Glimmora|Mortal Spin|p1a: Blissey
|-damage|p1a: Blissey|95/100
|-status|p1a: Blissey|psn
|move|p1a: Blissey|Calm Mind|p1a: Blissey
|-boost|p1a: Blissey|spa|1
|-boost|p1a: Blissey|spd|1
|
|-damage|p1a: Blissey|82/100 psn|[from] psn
|upkeep
|turn|30
|
|t:|1743788860
|move|p2a: Glimmora|Stealth Rock|p1a: Blissey
|-sidestart|p1: Pizza raichu|move: Stealth Rock
|move|p1a: Blissey|Seismic Toss|p2a: Glimmora
|-damage|p2a: Glimmora|26/100
|-activate|p2a: Glimmora|ability: Toxic Debris
|-sidestart|p1: Pizza raichu|move: Toxic Spikes
|
|-damage|p1a: Blissey|70/100 psn|[from] psn
|upkeep
|turn|31
|
|t:|1743788867
|switch|p2a: Moltres|Moltres|100/100
|move|p1a: Blissey|Seismic Toss|p2a: Moltres
|-damage|p2a: Moltres|74/100
|
|-damage|p1a: Blissey|58/100 psn|[from] psn
|upkeep
|turn|32
|
|t:|1743788872
|move|p1a: Blissey|Stealth Rock|p2a: Moltres
|-sidestart|p2: Fayge|move: Stealth Rock
|move|p2a: Moltres|Roar|p1a: Blissey
|-curestatus|p1a: Blissey|psn|[from] ability: Natural Cure
|drag|p1a: Dondozo|Dondozo, M|100/100
|-status|p1a: Dondozo|tox
|-damage|p1a: Dondozo|88/100 tox|[from] Stealth Rock
|
|-heal|p1a: Dondozo|94/100 tox|[from] item: Leftovers
|-damage|p1a: Dondozo|88/100 tox|[from] psn
|upkeep
|turn|33
|
|t:|1743788880
|switch|p2a: Glimmora|Glimmora, F|26/100
|-damage|p2a: Glimmora|14/100|[from] Stealth Rock
|switch|p1a: Clodsire|Clodsire, M|59/100
|-sideend|p1: Pizza raichu|move: Toxic Spikes|[of] p1a: Clodsire
|
|upkeep
|turn|34
|
|t:|1743788886
|switch|p1a: Corviknight|Corviknight, F|35/100
|-damage|p1a: Corviknight|23/100|[from] Stealth Rock
|-ability|p1a: Corviknight|Pressure
|move|p2a: Glimmora|Power Gem|p1a: Corviknight
|-damage|p1a: Corviknight|0 fnt
|faint|p1a: Corviknight
|
|upkeep
|
|t:|1743788890
|switch|p1a: Alomomola|Alomomola, F, tera:Ghost|100/100
|turn|35
|
|t:|1743788893
|move|p2a: Glimmora|Mortal Spin|p1a: Alomomola
|-resisted|p1a: Alomomola
|-damage|p1a: Alomomola|99/100
|-status|p1a: Alomomola|psn
|-sideend|p2: Fayge|Stealth Rock|[from] move: Mortal Spin|[of] p2a: Glimmora
|move|p1a: Alomomola|Scald|p2a: Glimmora
|-supereffective|p2a: Glimmora
|-damage|p2a: Glimmora|0 fnt
|faint|p2a: Glimmora
|
|-damage|p1a: Alomomola|86/100 psn|[from] psn
|upkeep
|
|t:|1743788900
|switch|p2a: Meowscarada|Meowscarada, M|68/100
|turn|36
|
|t:|1743788905
|-terastallize|p2a: Meowscarada|Grass
|move|p2a: Meowscarada|Flower Trick|p1a: Alomomola
|-crit|p1a: Alomomola
|-damage|p1a: Alomomola|31/100 psn
|move|p1a: Alomomola|Scald|p2a: Meowscarada
|-resisted|p2a: Meowscarada
|-damage|p2a: Meowscarada|57/100
|
|-damage|p1a: Alomomola|19/100 psn|[from] psn
|upkeep
|turn|37
|
|t:|1743788913
|move|p1a: Alomomola|Protect|p1a: Alomomola
|-singleturn|p1a: Alomomola|Protect
|move|p2a: Meowscarada|Flower Trick|p1a: Alomomola
|-activate|p1a: Alomomola|move: Protect
|
|-damage|p1a: Alomomola|7/100 psn|[from] psn
|upkeep
|turn|38
|
|t:|1743788916
|move|p2a: Meowscarada|Flower Trick|p1a: Alomomola
|-crit|p1a: Alomomola
|-damage|p1a: Alomomola|0 fnt
|faint|p1a: Alomomola
|
|upkeep
|
|t:|1743788917
|switch|p1a: Clodsire|Clodsire, M|59/100
|turn|39
|
|t:|1743788919
|move|p2a: Meowscarada|Flower Trick|p1a: Clodsire
|-crit|p1a: Clodsire
|-damage|p1a: Clodsire|0 fnt
|faint|p1a: Clodsire
|
|upkeep
|
|t:|1743788923
|switch|p1a: Dondozo|Dondozo, M|88/100 tox
|-damage|p1a: Dondozo|75/100 tox|[from] Stealth Rock
|turn|40
|
|t:|1743788924
|move|p2a: Meowscarada|Flower Trick|p1a: Dondozo
|-supereffective|p1a: Dondozo
|-crit|p1a: Dondozo
|-damage|p1a: Dondozo|0 fnt
|faint|p1a: Dondozo
|
|upkeep
|-message|Pizza raichu forfeited.
|
|win|Fayge
|raw|Pizza raichu's rating: 1283 &rarr; <strong>1257</strong><br />(-26 for losing)
|raw|Fayge's rating: 1267 &rarr; <strong>1293</strong><br />(+26 for winning)
|l|☆Pizza raichu
|player|p1|
|c|☆Fayge|CHEH
|c|☆Fayge|I AHTE YU
