|j|☆DangerMouse2
|j|☆BadTeamSimulator
|t:|1743878798
|gametype|singles
|player|p1|DangerMouse2|dragontamer|1232
|player|p2|BadTeamSimulator|zinzolin|1219
|teamsize|p1|6
|teamsize|p2|6
|gen|9
|tier|[Gen 9] OU
|rated|
|rule|HP Percentage Mod: HP is shown in percentages
|rule|Endless Battle Clause: Forcing endless battles is banned
|rule|Species Clause: Limit one of each Pokémon
|rule|OHKO Clause: OHKO moves are banned
|rule|Evasion Items Clause: Evasion items are banned
|rule|Evasion Moves Clause: Evasion moves are banned
|rule|Sleep Moves Clause: Sleep-inducing moves are banned
|clearpoke
|poke|p1|Gholdengo|
|poke|p1|Landorus-Therian, M|
|poke|p1|Samurott-Hisui, M|
|poke|p1|Slowking-Galar, M|
|poke|p1|Iron Valiant|
|poke|p1|Raging Bolt|
|poke|p2|Moltres|
|poke|p2|Araquanid, F|
|poke|p2|Tentacruel, M|
|poke|p2|Landorus-Therian, M|
|poke|p2|Venomoth, M|
|poke|p2|Quaquaval, F|
|teampreview
|
|t:|1743878811
|start
|switch|p1a: Raging Bolt|Raging Bolt|100/100
|switch|p2a: Landorus|Landorus-Therian, M|100/100
|-ability|p2a: Landorus|Intimidate|boost
|-unboost|p1a: Raging Bolt|atk|1
|-enditem|p1a: Raging Bolt|Booster Energy
|-activate|p1a: Raging Bolt|ability: Protosynthesis|[fromitem]
|-start|p1a: Raging Bolt|protosynthesisspa
|turn|1
|
|t:|1743878823
|-terastallize|p1a: Raging Bolt|Bug
|move|p2a: Landorus|Earthquake|p1a: Raging Bolt
|-resisted|p1a: Raging Bolt
|-damage|p1a: Raging Bolt|76/100
|move|p1a: Raging Bolt|Calm Mind|p1a: Raging Bolt
|-boost|p1a: Raging Bolt|spa|1
|-boost|p1a: Raging Bolt|spd|1
|
|upkeep
|turn|2
|
|t:|1743878839
|move|p2a: Landorus|U-turn|p1a: Raging Bolt
|-damage|p1a: Raging Bolt|54/100
|
|t:|1743878845
|switch|p2a: Tentacruel|Tentacruel, M|100/100|[from] U-turn
|move|p1a: Raging Bolt|Calm Mind|p1a: Raging Bolt
|-boost|p1a: Raging Bolt|spa|1
|-boost|p1a: Raging Bolt|spd|1
|
|upkeep
|turn|3
|
|t:|1743878851
|move|p2a: Tentacruel|Haze|p2a: Tentacruel
|-clearallboost
|move|p1a: Raging Bolt|Thunderbolt|p2a: Tentacruel
|-supereffective|p2a: Tentacruel
|-damage|p2a: Tentacruel|11/100
|
|-heal|p2a: Tentacruel|17/100|[from] item: Black Sludge
|upkeep
|turn|4
|
|t:|1743878870
|switch|p2a: Landorus|Landorus-Therian, M|100/100
|-ability|p2a: Landorus|Intimidate|boost
|-unboost|p1a: Raging Bolt|atk|1
|-end|p1a: Raging Bolt|Protosynthesis|[silent]
|switch|p1a: Slowking|Slowking-Galar, M|100/100
|
|upkeep
|turn|5
|
|t:|1743878878
|switch|p1a: Landorus|Landorus-Therian, M|100/100
|-ability|p1a: Landorus|Intimidate|boost
|-unboost|p2a: Landorus|atk|1
|move|p2a: Landorus|Earthquake|p1a: Landorus
|-immune|p1a: Landorus
|
|upkeep
|turn|6
|
|t:|1743878883
|move|p1a: Landorus|Stealth Rock|p2a: Landorus
|-sidestart|p2: BadTeamSimulator|move: Stealth Rock
|move|p2a: Landorus|Stealth Rock|p1a: Landorus
|-sidestart|p1: DangerMouse2|move: Stealth Rock
|
|upkeep
|turn|7
|
|t:|1743878898
|switch|p1a: Slowking|Slowking-Galar, M|100/100
|-damage|p1a: Slowking|88/100|[from] Stealth Rock
|move|p2a: Landorus|U-turn|p1a: Slowking
|-damage|p1a: Slowking|68/100
|
|t:|1743878915
|switch|p2a: Quaquaval|Quaquaval, F|100/100|[from] U-turn
|-damage|p2a: Quaquaval|94/100|[from] Stealth Rock
|
|upkeep
|turn|8
|
|t:|1743878920
|move|p2a: Quaquaval|Knock Off|p1a: Slowking
|-supereffective|p1a: Slowking
|-damage|p1a: Slowking|3/100
|-enditem|p1a: Slowking|Assault Vest|[from] move: Knock Off|[of] p2a: Quaquaval
|move|p1a: Slowking|Psyshock|p2a: Quaquaval
|-supereffective|p2a: Quaquaval
|-damage|p2a: Quaquaval|0 fnt
|faint|p2a: Quaquaval
|
|upkeep
|
|t:|1743878930
|switch|p2a: Araquanid|Araquanid, F|100/100
|-damage|p2a: Araquanid|76/100|[from] Stealth Rock
|turn|9
|
|t:|1743878938
|move|p2a: Araquanid|Liquidation|p1a: Slowking
|-damage|p1a: Slowking|0 fnt
|faint|p1a: Slowking
|
|upkeep
|
|t:|1743878944
|switch|p1a: Raging Bolt|Raging Bolt, tera:Bug|54/100
|-damage|p1a: Raging Bolt|29/100|[from] Stealth Rock
|turn|10
|
|t:|1743878962
|move|p1a: Raging Bolt|Dragon Pulse|p2a: Araquanid
|-damage|p2a: Araquanid|46/100
|move|p2a: Araquanid|Liquidation|p1a: Raging Bolt
|-damage|p1a: Raging Bolt|0 fnt
|faint|p1a: Raging Bolt
|-end|p1a: Raging Bolt|Protosynthesis|[silent]
|
|upkeep
|
|t:|1743878972
|switch|p1a: Samurott|Samurott-Hisui, M|100/100
|-damage|p1a: Samurott|88/100|[from] Stealth Rock
|turn|11
|
|t:|1743878977
|move|p1a: Samurott|Ceaseless Edge|p2a: Araquanid
|-damage|p2a: Araquanid|0 fnt
|-sidestart|p2: BadTeamSimulator|Spikes
|faint|p2a: Araquanid
|
|upkeep
|
|t:|1743878989
|switch|p2a: Landorus|Landorus-Therian, M|100/100
|-damage|p2a: Landorus|88/100|[from] Stealth Rock
|-ability|p2a: Landorus|Intimidate|boost
|-unboost|p1a: Samurott|atk|1
|turn|12
|
|t:|1743878995
|move|p1a: Samurott|Ceaseless Edge|p2a: Landorus
|-damage|p2a: Landorus|47/100
|-damage|p1a: Samurott|72/100|[from] item: Rocky Helmet|[of] p2a: Landorus
|-sidestart|p2: BadTeamSimulator|Spikes
|move|p2a: Landorus|Stone Edge|p1a: Samurott
|-damage|p1a: Samurott|19/100
|
|upkeep
|turn|13
|
|t:|1743879003
|move|p1a: Samurott|Ceaseless Edge|p2a: Landorus|[miss]
|-miss|p1a: Samurott|p2a: Landorus
|move|p2a: Landorus|U-turn|p1a: Samurott
|-supereffective|p1a: Samurott
|-damage|p1a: Samurott|0 fnt
|faint|p1a: Samurott
|
|t:|1743879009
|switch|p2a: Moltres|Moltres|100/100|[from] U-turn
|
|upkeep
|
|t:|1743879031
|switch|p1a: Landorus|Landorus-Therian, M|100/100
|-damage|p1a: Landorus|88/100|[from] Stealth Rock
|-ability|p1a: Landorus|Intimidate|boost
|-unboost|p2a: Moltres|atk|1
|turn|14
|
|t:|1743879081
|switch|p2a: Tentacruel|Tentacruel, M|17/100
|-damage|p2a: Tentacruel|5/100|[from] Stealth Rock
|-damage|p2a: Tentacruel|0 fnt|[from] Spikes
|faint|p2a: Tentacruel
|move|p1a: Landorus|Taunt|p2: Tentacruel|[notarget]
|-fail|p1a: Landorus
|
|upkeep
|
|t:|1743879094
|switch|p2a: Landorus|Landorus-Therian, M|47/100
|-damage|p2a: Landorus|35/100|[from] Stealth Rock
|-ability|p2a: Landorus|Intimidate|boost
|-unboost|p1a: Landorus|atk|1
|turn|15
|
|t:|1743879109
|move|p1a: Landorus|U-turn|p2a: Landorus
|-resisted|p2a: Landorus
|-damage|p2a: Landorus|27/100
|-damage|p1a: Landorus|72/100|[from] item: Rocky Helmet|[of] p2a: Landorus
|
|t:|1743879114
|switch|p1a: Iron Valiant|Iron Valiant|100/100|[from] U-turn
|-damage|p1a: Iron Valiant|94/100|[from] Stealth Rock
|move|p2a: Landorus|Stone Edge|p1a: Iron Valiant
|-resisted|p1a: Iron Valiant
|-damage|p1a: Iron Valiant|69/100
|
|upkeep
|turn|16
|
|t:|1743879123
|move|p1a: Iron Valiant|Shadow Ball|p2a: Landorus
|-damage|p2a: Landorus|0 fnt
|faint|p2a: Landorus
|
|upkeep
|
|t:|1743879126
|switch|p2a: Moltres|Moltres|100/100
|turn|17
|
|t:|1743879132
|move|p1a: Iron Valiant|Shadow Ball|p2a: Moltres
|-damage|p2a: Moltres|61/100
|move|p2a: Moltres|Roar|p1a: Iron Valiant
|-end|p1a: Iron Valiant|Quark Drive|[silent]
|drag|p1a: Landorus|Landorus-Therian, M|72/100
|-damage|p1a: Landorus|59/100|[from] Stealth Rock
|-ability|p1a: Landorus|Intimidate|boost
|-unboost|p2a: Moltres|atk|1
|
|upkeep
|turn|18
|
|t:|1743879145
|-terastallize|p2a: Moltres|Water
|move|p1a: Landorus|Taunt|p2a: Moltres
|-start|p2a: Moltres|move: Taunt
|cant|p2a: Moltres|move: Taunt|Roost
|
|upkeep
|turn|19
|
|t:|1743879152
|move|p1a: Landorus|Earthquake|p2a: Moltres
|-damage|p2a: Moltres|29/100
|move|p2a: Moltres|Flamethrower|p1a: Landorus
|-damage|p1a: Landorus|20/100
|-status|p1a: Landorus|brn
|
|-damage|p1a: Landorus|14/100 brn|[from] brn
|upkeep
|turn|20
|
|t:|1743879159
|move|p1a: Landorus|Earthquake|p2a: Moltres
|-damage|p2a: Moltres|13/100
|move|p2a: Moltres|U-turn|p1a: Landorus
|-resisted|p1a: Landorus
|-damage|p1a: Landorus|9/100 brn
|-damage|p2a: Moltres|0 fnt|[from] item: Rocky Helmet|[of] p1a: Landorus
|faint|p2a: Moltres
|
|-damage|p1a: Landorus|3/100 brn|[from] brn
|upkeep
|
|t:|1743879163
|switch|p2a: Venomoth|Venomoth, M|100/100
|-damage|p2a: Venomoth|76/100|[from] Stealth Rock
|-damage|p2a: Venomoth|59/100|[from] Spikes
|turn|21
|
|t:|1743879169
|move|p1a: Landorus|Taunt|p2a: Venomoth
|-start|p2a: Venomoth|move: Taunt
|-enditem|p2a: Venomoth|Mental Herb
|-end|p2a: Venomoth|move: Taunt
|move|p2a: Venomoth|Quiver Dance|p2a: Venomoth
|-boost|p2a: Venomoth|spa|1
|-boost|p2a: Venomoth|spd|1
|-boost|p2a: Venomoth|spe|1
|
|-damage|p1a: Landorus|0 fnt|[from] brn
|faint|p1a: Landorus
|upkeep
|
|t:|1743879178
|switch|p1a: Gholdengo|Gholdengo|100/100
|-damage|p1a: Gholdengo|94/100|[from] Stealth Rock
|turn|22
|
|t:|1743879188
|move|p2a: Venomoth|Quiver Dance|p2a: Venomoth
|-boost|p2a: Venomoth|spa|1
|-boost|p2a: Venomoth|spd|1
|-boost|p2a: Venomoth|spe|1
|move|p1a: Gholdengo|Nasty Plot|p1a: Gholdengo
|-boost|p1a: Gholdengo|spa|2
|
|upkeep
|turn|23
|
|t:|1743879194
|move|p2a: Venomoth|Quiver Dance|p2a: Venomoth
|-boost|p2a: Venomoth|spa|1
|-boost|p2a: Venomoth|spd|1
|-boost|p2a: Venomoth|spe|1
|move|p1a: Gholdengo|Shadow Ball|p2a: Venomoth
|-damage|p2a: Venomoth|17/100
|-unboost|p2a: Venomoth|spd|1
|
|upkeep
|turn|24
|
|t:|1743879198
|move|p2a: Venomoth|Bug Buzz|p1a: Gholdengo
|-resisted|p1a: Gholdengo
|-damage|p1a: Gholdengo|46/100
|move|p1a: Gholdengo|Shadow Ball|p2a: Venomoth
|-damage|p2a: Venomoth|0 fnt
|faint|p2a: Venomoth
|
|win|DangerMouse2
|raw|DangerMouse2's rating: 1232 &rarr; <strong>1256</strong><br />(+24 for winning)
|raw|BadTeamSimulator's rating: 1219 &rarr; <strong>1195</strong><br />(-24 for losing)
|l|☆BadTeamSimulator
|player|p2|
|l|☆DangerMouse2
|player|p1|
