|j|☆OUs LAST HOPE
|j|☆srgtcobra11
|t:|1743899471
|gametype|singles
|player|p1|OUs LAST HOPE|giovanni|1459
|player|p2|srgtcobra11|266|1413
|teamsize|p1|6
|teamsize|p2|6
|gen|9
|tier|[Gen 9] OU
|rated|
|rule|HP Percentage Mod: HP is shown in percentages
|rule|Endless Battle Clause: Forcing endless battles is banned
|rule|Species Clause: Limit one of each Pokémon
|rule|OHKO Clause: OHKO moves are banned
|rule|Evasion Items Clause: Evasion items are banned
|rule|Evasion Moves Clause: Evasion moves are banned
|rule|Sleep Moves Clause: Sleep-inducing moves are banned
|clearpoke
|poke|p1|Garganacl, M|
|poke|p1|Weezing-Galar, F|
|poke|p1|Corviknight, M|
|poke|p1|Dragapult, M|
|poke|p1|Slowking-Galar, M|
|poke|p1|Samurott-Hisui, F|
|poke|p2|Malamar, M|
|poke|p2|Entei|
|poke|p2|Enamorus, F|
|poke|p2|Dragapult, M|
|poke|p2|Corviknight, M|
|poke|p2|Gastrodon, F|
|teampreview
|inactive|Battle timer is ON: inactive players will automatically lose when time's up. (requested by srgtcobra11)
|
|t:|1743899484
|start
|switch|p1a: Samurott|Samurott-Hisui, F|100/100
|switch|p2a: Entei|Entei|100/100
|turn|1
|
|t:|1743899493
|switch|p2a: Gastrodon|Gastrodon, F|100/100
|move|p1a: Samurott|Ceaseless Edge|p2a: Gastrodon
|-damage|p2a: Gastrodon|66/100
|-sidestart|p2: srgtcobra11|Spikes
|
|upkeep
|turn|2
|
|t:|1743899496
|move|p1a: Samurott|Ceaseless Edge|p2a: Gastrodon
|-damage|p2a: Gastrodon|32/100
|-sidestart|p2: srgtcobra11|Spikes
|move|p2a: Gastrodon|Earth Power|p1a: Samurott
|-damage|p1a: Samurott|53/100
|
|upkeep
|turn|3
|
|t:|1743899498
|move|p1a: Samurott|Ceaseless Edge|p2a: Gastrodon
|-damage|p2a: Gastrodon|0 fnt
|-sidestart|p2: srgtcobra11|Spikes
|faint|p2a: Gastrodon
|
|upkeep
|
|t:|1743899499
|switch|p2a: Corviknight|Corviknight, M|100/100
|-ability|p2a: Corviknight|Pressure
|turn|4
|
|t:|1743899502
|switch|p1a: Dragapult|Dragapult, M|100/100
|move|p2a: Corviknight|Defog|p1a: Dragapult
|-unboost|p1a: Dragapult|evasion|1
|-sideend|p2: srgtcobra11|Spikes|[from] move: Defog|[of] p2a: Corviknight
|
|upkeep
|turn|5
|
|t:|1743899505
|move|p1a: Dragapult|Will-O-Wisp|p2a: Corviknight
|-status|p2a: Corviknight|brn
|move|p2a: Corviknight|U-turn|p1a: Dragapult
|-resisted|p1a: Dragapult
|-damage|p1a: Dragapult|96/100
|
|t:|1743899507
|switch|p2a: Dragapult|Dragapult, M|100/100|[from] U-turn
|
|upkeep
|turn|6
|
|t:|1743899510
|switch|p1a: Garganacl|Garganacl, M|100/100
|move|p2a: Dragapult|Dragon Darts|p1a: Garganacl
|-crit|p1a: Garganacl
|-damage|p1a: Garganacl|66/100
|-anim|p2a: Dragapult|Dragon Darts|p1a: Garganacl
|-damage|p1a: Garganacl|42/100
|
|-heal|p1a: Garganacl|48/100|[from] item: Leftovers
|upkeep
|turn|7
|
|t:|1743899514
|switch|p2a: Entei|Entei|100/100
|move|p1a: Garganacl|Recover|p1a: Garganacl
|-heal|p1a: Garganacl|98/100
|
|-heal|p1a: Garganacl|100/100|[from] item: Leftovers
|upkeep
|turn|8
|
|t:|1743899522
|switch|p2a: Dragapult|Dragapult, M|100/100
|move|p1a: Garganacl|Protect||[still]
|-fail|p1a: Garganacl
|
|upkeep
|turn|9
|
|t:|1743899528
|move|p2a: Dragapult|Dragon Darts|p1a: Garganacl
|-damage|p1a: Garganacl|78/100
|-anim|p2a: Dragapult|Dragon Darts|p1a: Garganacl
|-crit|p1a: Garganacl
|-damage|p1a: Garganacl|42/100
|move|p1a: Garganacl|Salt Cure|p2a: Dragapult
|-damage|p2a: Dragapult|81/100
|-start|p2a: Dragapult|Salt Cure
|
|-heal|p1a: Garganacl|48/100|[from] item: Leftovers
|-damage|p2a: Dragapult|68/100|[from] Salt Cure
|upkeep
|turn|10
|
|t:|1743899533
|move|p2a: Dragapult|Dragon Darts|p1a: Garganacl
|-damage|p1a: Garganacl|25/100
|-anim|p2a: Dragapult|Dragon Darts|p1a: Garganacl
|-damage|p1a: Garganacl|1/100
|move|p1a: Garganacl|Recover|p1a: Garganacl
|-heal|p1a: Garganacl|51/100
|
|-heal|p1a: Garganacl|58/100|[from] item: Leftovers
|-damage|p2a: Dragapult|56/100|[from] Salt Cure
|upkeep
|turn|11
|
|t:|1743899541
|-terastallize|p2a: Dragapult|Dragon
|move|p2a: Dragapult|Dragon Darts|p1a: Garganacl
|-damage|p1a: Garganacl|25/100
|-anim|p2a: Dragapult|Dragon Darts|p1a: Garganacl
|-damage|p1a: Garganacl|0 fnt
|faint|p1a: Garganacl
|
|-damage|p2a: Dragapult|44/100|[from] Salt Cure
|upkeep
|
|t:|1743899546
|switch|p1a: Weezing|Weezing-Galar, F|100/100
|-ability|p1a: Weezing|Neutralizing Gas
|turn|12
|
|t:|1743899552
|switch|p2a: Corviknight|Corviknight, M|100/100 brn
|-end|p1a: Weezing|ability: Neutralizing Gas
|-ability|p2a: Corviknight|Pressure
|switch|p1a: Samurott|Samurott-Hisui, F|53/100
|
|-damage|p2a: Corviknight|94/100 brn|[from] brn
|upkeep
|turn|13
|
|t:|1743899557
|move|p1a: Samurott|Flip Turn|p2a: Corviknight
|-damage|p2a: Corviknight|77/100 brn
|-damage|p1a: Samurott|37/100|[from] item: Rocky Helmet|[of] p2a: Corviknight
|
|t:|1743899560
|switch|p1a: Corviknight|Corviknight, M|100/100|[from] Flip Turn
|-ability|p1a: Corviknight|Pressure
|move|p2a: Corviknight|Brave Bird|p1a: Corviknight
|-resisted|p1a: Corviknight
|-damage|p1a: Corviknight|95/100
|-damage|p2a: Corviknight|60/100 brn|[from] item: Rocky Helmet|[of] p1a: Corviknight
|-damage|p2a: Corviknight|59/100 brn|[from] Recoil
|
|-damage|p2a: Corviknight|53/100 brn|[from] brn
|upkeep
|turn|14
|
|t:|1743899566
|move|p1a: Corviknight|Iron Defense|p1a: Corviknight
|-boost|p1a: Corviknight|def|2
|move|p2a: Corviknight|Roost|p2a: Corviknight
|-heal|p2a: Corviknight|100/100 brn
|-singleturn|p2a: Corviknight|move: Roost
|
|-damage|p2a: Corviknight|94/100 brn|[from] brn
|upkeep
|turn|15
|
|t:|1743899569
|move|p1a: Corviknight|Iron Defense|p1a: Corviknight
|-boost|p1a: Corviknight|def|2
|move|p2a: Corviknight|U-turn|p1a: Corviknight
|-resisted|p1a: Corviknight
|-damage|p1a: Corviknight|95/100
|-damage|p2a: Corviknight|78/100 brn|[from] item: Rocky Helmet|[of] p1a: Corviknight
|
|t:|1743899571
|switch|p2a: Malamar|Malamar, M|100/100|[from] U-turn
|
|upkeep
|turn|16
|
|t:|1743899574
|move|p2a: Malamar|Topsy-Turvy|p1a: Corviknight
|-invertboost|p1a: Corviknight|[from] move: Topsy-Turvy
|move|p1a: Corviknight|Body Press|p2a: Malamar
|-damage|p2a: Malamar|92/100
|
|-heal|p2a: Malamar|98/100|[from] item: Leftovers
|upkeep
|turn|17
|
|t:|1743899581
|switch|p1a: Weezing|Weezing-Galar, F|100/100
|-ability|p1a: Weezing|Neutralizing Gas
|move|p2a: Malamar|Skill Swap||[still]
|-fail|p2a: Malamar
|
|-heal|p2a: Malamar|100/100|[from] item: Leftovers
|upkeep
|turn|18
|
|t:|1743899583
|move|p2a: Malamar|Psychic|p1a: Weezing
|-supereffective|p1a: Weezing
|-damage|p1a: Weezing|39/100
|move|p1a: Weezing|Strange Steam|p2a: Malamar
|-supereffective|p2a: Malamar
|-damage|p2a: Malamar|49/100
|
|-heal|p2a: Malamar|55/100|[from] item: Leftovers
|upkeep
|turn|19
|
|t:|1743899589
|-end|p1a: Weezing|ability: Neutralizing Gas
|switch|p1a: Samurott|Samurott-Hisui, F|37/100
|move|p2a: Malamar|Psychic|p1a: Samurott
|-immune|p1a: Samurott
|
|-heal|p2a: Malamar|61/100|[from] item: Leftovers
|upkeep
|turn|20
|
|t:|1743899597
|switch|p2a: Corviknight|Corviknight, M|78/100 brn
|-ability|p2a: Corviknight|Pressure
|-terastallize|p1a: Samurott|Water
|move|p1a: Samurott|Razor Shell|p2a: Corviknight
|-damage|p2a: Corviknight|35/100 brn
|-unboost|p2a: Corviknight|def|1
|-damage|p1a: Samurott|20/100|[from] item: Rocky Helmet|[of] p2a: Corviknight
|
|-damage|p2a: Corviknight|29/100 brn|[from] brn
|upkeep
|turn|21
|
|t:|1743899603
|move|p1a: Samurott|Razor Shell|p2a: Corviknight
|-damage|p2a: Corviknight|0 fnt
|-damage|p1a: Samurott|4/100|[from] item: Rocky Helmet|[of] p2a: Corviknight
|faint|p2a: Corviknight
|
|upkeep
|
|t:|1743899605
|switch|p2a: Entei|Entei|100/100
|turn|22
|
|t:|1743899607
|switch|p1a: Corviknight|Corviknight, M|95/100
|-ability|p1a: Corviknight|Pressure
|move|p2a: Entei|Extreme Speed|p1a: Corviknight
|-resisted|p1a: Corviknight
|-damage|p1a: Corviknight|86/100
|-damage|p2a: Entei|84/100|[from] item: Rocky Helmet|[of] p1a: Corviknight
|
|upkeep
|turn|23
|
|t:|1743899612
|switch|p2a: Malamar|Malamar, M|61/100
|switch|p1a: Dragapult|Dragapult, M|96/100
|
|-heal|p2a: Malamar|67/100|[from] item: Leftovers
|upkeep
|turn|24
|
|t:|1743899615
|move|p1a: Dragapult|U-turn|p2a: Malamar
|-supereffective|p2a: Malamar
|-damage|p2a: Malamar|0 fnt
|faint|p2a: Malamar
|
|t:|1743899618
|switch|p1a: Samurott|Samurott-Hisui, F, tera:Water|4/100|[from] U-turn
|
|upkeep
|
|t:|1743899619
|switch|p2a: Entei|Entei|84/100
|turn|25
|
|t:|1743899622
|switch|p1a: Dragapult|Dragapult, M|96/100
|move|p2a: Entei|Swagger|p1a: Dragapult
|-boost|p1a: Dragapult|atk|2
|-start|p1a: Dragapult|confusion
|-enditem|p2a: Entei|Mirror Herb
|-boost|p2a: Entei|atk|2|[from] item: Mirror Herb
|
|upkeep
|turn|26
|
|t:|1743899629
|-activate|p1a: Dragapult|confusion
|move|p1a: Dragapult|Dragon Darts|p2a: Entei
|-damage|p2a: Entei|33/100
|-anim|p1a: Dragapult|Dragon Darts|p2a: Entei
|-damage|p2a: Entei|0 fnt
|faint|p2a: Entei
|
|upkeep
|
|t:|1743899632
|switch|p2a: Dragapult|Dragapult, M, tera:Dragon|44/100
|turn|27
|-message|srgtcobra11 forfeited.
|
|win|OUs LAST HOPE
|raw|OUs LAST HOPE's rating: 1459 &rarr; <strong>1476</strong><br />(+17 for winning)
|raw|srgtcobra11's rating: 1413 &rarr; <strong>1396</strong><br />(-17 for losing)
|l|☆srgtcobra11
|player|p2|
|l|☆OUs LAST HOPE
|player|p1|
