|j|☆Tavmor
|j|☆the.ramen.gang
|t:|1743884339
|gametype|singles
|player|p1|Tavmor|veteran|1201
|player|p2|the.ramen.gang|170|1174
|teamsize|p1|6
|teamsize|p2|6
|gen|9
|tier|[Gen 9] OU
|rated|
|rule|HP Percentage Mod: HP is shown in percentages
|rule|Endless Battle Clause: Forcing endless battles is banned
|rule|Species Clause: Limit one of each Pokémon
|rule|OHKO Clause: OHKO moves are banned
|rule|Evasion Items Clause: Evasion items are banned
|rule|Evasion Moves Clause: Evasion moves are banned
|rule|Sleep Moves Clause: Sleep-inducing moves are banned
|clearpoke
|poke|p1|Hatterene, F|
|poke|p1|Pecharunt|
|poke|p1|Garchomp, M|
|poke|p1|Blissey, F|
|poke|p1|Zoroark-Hisui, F|
|poke|p1|Great Tusk|
|poke|p2|Scrafty, M|
|poke|p2|Florges, F|
|poke|p2|Houndstone, F|
|poke|p2|Rotom-Wash|
|poke|p2|Oricorio-Pom-Pom, F|
|poke|p2|Clawitzer, F|
|teampreview
|inactive|Battle timer is ON: inactive players will automatically lose when time's up. (requested by the.ramen.gang)
|
|t:|1743884361
|start
|switch|p1a: Pecharunt|Pecharunt|100/100
|switch|p2a: Clawitzer|Clawitzer, F|100/100
|turn|1
|
|t:|1743884373
|-terastallize|p1a: Pecharunt|Poison
|move|p1a: Pecharunt|Malignant Chain|p2a: Clawitzer
|-damage|p2a: Clawitzer|40/100
|-status|p2a: Clawitzer|tox
|-start|p2a: Clawitzer|confusion|[from] ability: Poison Puppeteer|[of] p1a: Pecharunt
|-activate|p2a: Clawitzer|confusion
|move|p2a: Clawitzer|Dark Pulse|p1a: Pecharunt
|-damage|p1a: Pecharunt|26/100
|
|-damage|p2a: Clawitzer|34/100 tox|[from] psn
|upkeep
|turn|2
|
|t:|1743884385
|move|p1a: Pecharunt|Malignant Chain|p2a: Clawitzer
|-damage|p2a: Clawitzer|0 fnt
|faint|p2a: Clawitzer
|
|upkeep
|
|t:|1743884396
|switch|p2a: Rotom|Rotom-Wash|100/100
|turn|3
|
|t:|1743884399
|move|p1a: Pecharunt|Malignant Chain|p2a: Rotom
|-damage|p2a: Rotom|57/100
|move|p2a: Rotom|Hydro Pump|p1a: Pecharunt|[miss]
|-miss|p2a: Rotom|p1a: Pecharunt
|
|upkeep
|turn|4
|
|t:|1743884405
|move|p1a: Pecharunt|Malignant Chain|p2a: Rotom
|-damage|p2a: Rotom|12/100
|move|p2a: Rotom|Hydro Pump|p1a: Pecharunt
|-damage|p1a: Pecharunt|0 fnt
|faint|p1a: Pecharunt
|
|upkeep
|
|t:|1743884420
|switch|p1a: Garchomp|Garchomp, M|100/100
|turn|5
|
|t:|1743884428
|move|p1a: Garchomp|Dragon Claw|p2a: Rotom
|-damage|p2a: Rotom|0 fnt
|faint|p2a: Rotom
|
|upkeep
|
|t:|1743884444
|switch|p2a: Oricorio|Oricorio-Pom-Pom, F|100/100
|turn|6
|
|t:|1743884452
|move|p2a: Oricorio|Quiver Dance|p2a: Oricorio
|-boost|p2a: Oricorio|spa|1
|-boost|p2a: Oricorio|spd|1
|-boost|p2a: Oricorio|spe|1
|move|p1a: Garchomp|Dragon Claw|p2a: Oricorio
|-damage|p2a: Oricorio|48/100
|
|upkeep
|turn|7
|
|t:|1743884460
|-terastallize|p2a: Oricorio|Ice
|move|p2a: Oricorio|Revelation Dance|p1a: Garchomp
|-supereffective|p1a: Garchomp
|-damage|p1a: Garchomp|0 fnt
|faint|p1a: Garchomp
|
|upkeep
|
|t:|1743884468
|switch|p1a: Blissey|Blissey, F|100/100
|turn|8
|
|t:|1743884480
|switch|p2a: Houndstone|Houndstone, F|100/100
|move|p1a: Blissey|Flamethrower|p2a: Houndstone
|-damage|p2a: Houndstone|32/100
|
|upkeep
|turn|9
|
|t:|1743884487
|move|p1a: Blissey|Flamethrower|p2a: Houndstone
|-damage|p2a: Houndstone|0 fnt
|faint|p2a: Houndstone
|
|upkeep
|
|t:|1743884493
|switch|p2a: Scrafty|Scrafty, M|100/100
|turn|10
|
|t:|1743884496
|move|p1a: Blissey|Flamethrower|p2a: Scrafty
|-damage|p2a: Scrafty|75/100
|move|p2a: Scrafty|Bulk Up|p2a: Scrafty
|-boost|p2a: Scrafty|atk|1
|-boost|p2a: Scrafty|def|1
|
|upkeep
|turn|11
|
|t:|1743884504
|move|p1a: Blissey|Flamethrower|p2a: Scrafty
|-damage|p2a: Scrafty|50/100
|move|p2a: Scrafty|Poison Jab|p1a: Blissey
|-resisted|p1a: Blissey
|-damage|p1a: Blissey|72/100
|replace|p1a: Zoroark|Zoroark-Hisui, F
|-end|p1a: Zoroark|Illusion
|
|upkeep
|turn|12
|
|t:|1743884514
|switch|p1a: Great Tusk|Great Tusk|100/100
|move|p2a: Scrafty|Rest|p2a: Scrafty
|-status|p2a: Scrafty|slp|[from] move: Rest
|-heal|p2a: Scrafty|100/100 slp|[silent]
|-enditem|p2a: Scrafty|Chesto Berry|[eat]
|-curestatus|p2a: Scrafty|slp|[msg]
|
|upkeep
|turn|13
|
|t:|1743884525
|move|p1a: Great Tusk|Close Combat|p2a: Scrafty
|-supereffective|p2a: Scrafty
|-damage|p2a: Scrafty|24/100
|-unboost|p1a: Great Tusk|def|1
|-unboost|p1a: Great Tusk|spd|1
|move|p2a: Scrafty|Bulk Up|p2a: Scrafty
|-boost|p2a: Scrafty|atk|1
|-boost|p2a: Scrafty|def|1
|
|upkeep
|turn|14
|
|t:|1743884535
|move|p1a: Great Tusk|Close Combat|p2a: Scrafty
|-supereffective|p2a: Scrafty
|-damage|p2a: Scrafty|0 fnt
|-unboost|p1a: Great Tusk|def|1
|-unboost|p1a: Great Tusk|spd|1
|faint|p2a: Scrafty
|
|upkeep
|
|t:|1743884541
|switch|p2a: Oricorio|Oricorio-Pom-Pom, F, tera:Ice|48/100
|turn|15
|
|t:|1743884544
|move|p2a: Oricorio|Revelation Dance|p1a: Great Tusk
|-supereffective|p1a: Great Tusk
|-damage|p1a: Great Tusk|0 fnt
|faint|p1a: Great Tusk
|-end|p1a: Great Tusk|Protosynthesis|[silent]
|
|upkeep
|
|t:|1743884554
|switch|p1a: Blissey|Blissey, F|72/100
|turn|16
|
|t:|1743884559
|move|p1a: Blissey|Tera Blast|p2a: Oricorio
|-damage|p2a: Oricorio|0 fnt
|faint|p2a: Oricorio
|
|upkeep
|
|t:|1743884562
|switch|p2a: Florges|Florges, F|100/100
|turn|17
|
|t:|1743884566
|move|p1a: Blissey|Tera Blast|p2a: Florges
|-damage|p2a: Florges|74/100
|move|p2a: Florges|Calm Mind|p2a: Florges
|-boost|p2a: Florges|spa|1
|-boost|p2a: Florges|spd|1
|
|upkeep
|turn|18
|
|t:|1743884575
|switch|p1a: Blissey|Blissey, F|100/100
|move|p2a: Florges|Calm Mind|p2a: Florges
|-boost|p2a: Florges|spa|1
|-boost|p2a: Florges|spd|1
|
|upkeep
|turn|19
|
|t:|1743884582
|move|p2a: Florges|Calm Mind|p2a: Florges
|-boost|p2a: Florges|spa|1
|-boost|p2a: Florges|spd|1
|move|p1a: Blissey|Alluring Voice|p2a: Florges
|-damage|p2a: Florges|70/100
|-start|p2a: Florges|confusion
|
|upkeep
|turn|20
|
|t:|1743884589
|-activate|p2a: Florges|confusion
|move|p2a: Florges|Synthesis|p2a: Florges
|-heal|p2a: Florges|100/100
|move|p1a: Blissey|Seismic Toss|p2a: Florges
|-damage|p2a: Florges|73/100
|
|upkeep
|turn|21
|
|t:|1743884596
|-end|p2a: Florges|confusion
|move|p2a: Florges|Calm Mind|p2a: Florges
|-boost|p2a: Florges|spa|1
|-boost|p2a: Florges|spd|1
|move|p1a: Blissey|Seismic Toss|p2a: Florges
|-damage|p2a: Florges|45/100
|
|upkeep
|turn|22
|
|t:|1743884606
|move|p2a: Florges|Synthesis|p2a: Florges
|-heal|p2a: Florges|95/100
|move|p1a: Blissey|Seismic Toss|p2a: Florges
|-damage|p2a: Florges|67/100
|
|upkeep
|turn|23
|
|t:|1743884612
|move|p2a: Florges|Calm Mind|p2a: Florges
|-boost|p2a: Florges|spa|1
|-boost|p2a: Florges|spd|1
|move|p1a: Blissey|Seismic Toss|p2a: Florges
|-damage|p2a: Florges|39/100
|
|upkeep
|turn|24
|
|t:|1743884619
|move|p2a: Florges|Synthesis|p2a: Florges
|-heal|p2a: Florges|89/100
|move|p1a: Blissey|Seismic Toss|p2a: Florges
|-damage|p2a: Florges|62/100
|
|upkeep
|turn|25
|
|t:|1743884626
|move|p2a: Florges|Calm Mind|p2a: Florges
|-boost|p2a: Florges|spa|1
|-boost|p2a: Florges|spd|1
|move|p1a: Blissey|Seismic Toss|p2a: Florges
|-damage|p2a: Florges|34/100
|
|upkeep
|turn|26
|
|t:|1743884633
|move|p2a: Florges|Synthesis|p2a: Florges
|-heal|p2a: Florges|84/100
|move|p1a: Blissey|Seismic Toss|p2a: Florges
|-damage|p2a: Florges|56/100
|
|upkeep
|turn|27
|
|t:|1743884641
|move|p2a: Florges|Synthesis|p2a: Florges
|-heal|p2a: Florges|100/100
|move|p1a: Blissey|Seismic Toss|p2a: Florges
|-damage|p2a: Florges|73/100
|
|upkeep
|turn|28
|
|t:|1743884647
|move|p2a: Florges|Moonblast|p1a: Blissey
|-damage|p1a: Blissey|37/100
|move|p1a: Blissey|Seismic Toss|p2a: Florges
|-damage|p2a: Florges|45/100
|
|-heal|p1a: Blissey|43/100|[from] item: Leftovers
|upkeep
|turn|29
|
|t:|1743884656
|move|p2a: Florges|Synthesis|p2a: Florges
|-heal|p2a: Florges|95/100
|move|p1a: Blissey|Seismic Toss|p2a: Florges
|-damage|p2a: Florges|67/100
|
|-heal|p1a: Blissey|50/100|[from] item: Leftovers
|upkeep
|turn|30
|
|t:|1743884664
|move|p2a: Florges|Moonblast|p1a: Blissey
|-damage|p1a: Blissey|0 fnt
|faint|p1a: Blissey
|
|upkeep
|
|t:|1743884669
|switch|p1a: Hatterene|Hatterene, F|72/100
|turn|31
|
|t:|1743884675
|move|p1a: Hatterene|Sludge Bomb|p2a: Florges
|-supereffective|p2a: Florges
|-damage|p2a: Florges|56/100
|-status|p2a: Florges|psn
|move|p2a: Florges|Moonblast|p1a: Hatterene
|-crit|p1a: Hatterene
|-damage|p1a: Hatterene|0 fnt
|replace|p1a: Zoroark|Zoroark-Hisui, F
|-end|p1a: Zoroark|Illusion
|faint|p1a: Zoroark
|
|-damage|p2a: Florges|43/100 psn|[from] psn
|upkeep
|
|t:|1743884688
|switch|p1a: Hatterene|Hatterene, F|100/100
|turn|32
|
|t:|1743884695
|move|p2a: Florges|Synthesis|p2a: Florges
|-heal|p2a: Florges|93/100 psn
|move|p1a: Hatterene|Draining Kiss|p2a: Florges
|-damage|p2a: Florges|89/100 psn
|
|-damage|p2a: Florges|76/100 psn|[from] psn
|upkeep
|turn|33
|-message|Tavmor forfeited.
|
|win|the.ramen.gang
|raw|Tavmor's rating: 1201 &rarr; <strong>1174</strong><br />(-27 for losing)
|raw|the.ramen.gang's rating: 1174 &rarr; <strong>1201</strong><br />(+27 for winning)
|l|☆Tavmor
|player|p1|
|l|☆the.ramen.gang
|player|p2|
