|j|☆Mimizy ❤️
|j|☆KL4J
|t:|1743851228
|gametype|singles
|player|p1|Mimizy ❤️|rosa-masters2|1059
|player|p2|KL4J|linebacker|1099
|teamsize|p1|6
|teamsize|p2|6
|gen|9
|tier|[Gen 9] OU
|rated|
|rule|HP Percentage Mod: HP is shown in percentages
|rule|Endless Battle Clause: Forcing endless battles is banned
|rule|Species Clause: Limit one of each Pokémon
|rule|OHKO Clause: OHKO moves are banned
|rule|Evasion Items Clause: Evasion items are banned
|rule|Evasion Moves Clause: Evasion moves are banned
|rule|Sleep Moves Clause: Sleep-inducing moves are banned
|clearpoke
|poke|p1|Goodra-Hisui, M|
|poke|p1|Alomomola, F|
|poke|p1|Latias, F|
|poke|p1|Great Tusk|
|poke|p1|Ogerpon-Wellspring, F|
|poke|p1|Clefable, F|
|poke|p2|Glimmora, F|
|poke|p2|Zamazenta-*|
|poke|p2|Latias, F|
|poke|p2|Gholdengo|
|poke|p2|Dragonite, M|
|poke|p2|Weavile, F|
|teampreview
|inactive|Battle timer is ON: inactive players will automatically lose when time's up. (requested by Mimizy ❤️)
|
|t:|1743851251
|start
|switch|p1a: Goobruh|Goodra-Hisui, M|100/100
|switch|p2a: Weavile|Weavile, F|100/100
|turn|1
|
|t:|1743851262
|move|p2a: Weavile|Swords Dance|p2a: Weavile
|-boost|p2a: Weavile|atk|2
|move|p1a: Goobruh|Flash Cannon|p2a: Weavile
|-supereffective|p2a: Weavile
|-damage|p2a: Weavile|2/100
|
|upkeep
|turn|2
|
|t:|1743851287
|switch|p1a: やめてください|Alomomola, F|100/100
|move|p2a: Weavile|Triple Axel|p1a: やめてください
|-resisted|p1a: やめてください
|-damage|p1a: やめてください|94/100
|-resisted|p1a: やめてください
|-damage|p1a: やめてください|81/100
|-resisted|p1a: やめてください
|-damage|p1a: やめてください|60/100
|-hitcount|p1a: やめてください|3
|-damage|p2a: Weavile|0 fnt|[from] item: Life Orb
|faint|p2a: Weavile
|
|upkeep
|
|t:|1743851302
|switch|p2a: Gholdengo|Gholdengo|100/100
|turn|3
|
|t:|1743851310
|switch|p1a: Goobruh|Goodra-Hisui, M|100/100
|move|p2a: Gholdengo|Nasty Plot|p2a: Gholdengo
|-boost|p2a: Gholdengo|spa|2
|
|upkeep
|turn|4
|
|t:|1743851318
|move|p2a: Gholdengo|Thunderbolt|p1a: Goobruh
|-resisted|p1a: Goobruh
|-damage|p1a: Goobruh|88/100
|move|p1a: Goobruh|Flamethrower|p2a: Gholdengo
|-supereffective|p2a: Gholdengo
|-damage|p2a: Gholdengo|40/100
|
|upkeep
|turn|5
|
|t:|1743851327
|-terastallize|p2a: Gholdengo|Fairy
|move|p2a: Gholdengo|Dazzling Gleam|p1a: Goobruh
|-damage|p1a: Goobruh|54/100
|move|p1a: Goobruh|Earthquake|p2a: Gholdengo
|-damage|p2a: Gholdengo|19/100
|
|upkeep
|turn|6
|-enditem|p2a: Gholdengo|Custap Berry|[eat]
|-activate|p2a: Gholdengo|item: Custap Berry|[consumed]
|
|t:|1743851339
|move|p2a: Gholdengo|Dazzling Gleam|p1a: Goobruh
|-damage|p1a: Goobruh|21/100
|move|p1a: Goobruh|Flash Cannon|p2a: Gholdengo
|-supereffective|p2a: Gholdengo
|-damage|p2a: Gholdengo|0 fnt
|faint|p2a: Gholdengo
|
|upkeep
|
|t:|1743851351
|switch|p2a: Latias|Latias, F|100/100
|turn|7
|
|t:|1743851356
|move|p2a: Latias|Draining Kiss|p1a: Goobruh
|-damage|p1a: Goobruh|15/100
|move|p1a: Goobruh|Dragon Pulse|p2a: Latias
|-supereffective|p2a: Latias
|-damage|p2a: Latias|35/100
|
|-heal|p2a: Latias|42/100|[from] item: Leftovers
|upkeep
|turn|8
|
|t:|1743851368
|move|p2a: Latias|Draining Kiss|p1a: Goobruh
|-damage|p1a: Goobruh|9/100
|-heal|p2a: Latias|46/100|[from] drain|[of] p1a: Goobruh
|move|p1a: Goobruh|Dragon Pulse|p2a: Latias
|-supereffective|p2a: Latias
|-damage|p2a: Latias|0 fnt
|faint|p2a: Latias
|
|upkeep
|-message|KL4J forfeited.
|
|win|Mimizy ❤️
|raw|Mimizy ❤️'s rating: 1059 &rarr; <strong>1094</strong><br />(+35 for winning)
|raw|KL4J's rating: 1099 &rarr; <strong>1071</strong><br />(-28 for losing)
|l|☆KL4J
|player|p2|
