|j|☆Zagerouth
|j|☆chruch
|t:|1743784101
|gametype|singles
|player|p1|Zagerouth|101|1051
|player|p2|chruch|169|1057
|teamsize|p1|6
|teamsize|p2|6
|gen|9
|tier|[Gen 9] OU
|rated|
|rule|HP Percentage Mod: HP is shown in percentages
|rule|Endless Battle Clause: Forcing endless battles is banned
|rule|Species Clause: Limit one of each Pokémon
|rule|OHKO Clause: OHKO moves are banned
|rule|Evasion Items Clause: Evasion items are banned
|rule|Evasion Moves Clause: Evasion moves are banned
|rule|Sleep Moves Clause: Sleep-inducing moves are banned
|clearpoke
|poke|p1|Raichu, F|
|poke|p1|Meganium, M|
|poke|p1|Palossand, M|
|poke|p1|Tentacruel, F|
|poke|p1|Muk, F|
|poke|p1|Malamar, F|
|poke|p2|Ursaluna, M|
|poke|p2|Kingambit, F|
|poke|p2|Glimmora, M|
|poke|p2|Dondozo, M|
|poke|p2|Dragonite, F|
|poke|p2|Rotom-Heat|
|teampreview
|inactive|Battle timer is ON: inactive players will automatically lose when time's up. (requested by Zagerouth)
|
|t:|1743784119
|start
|switch|p1a: Malamar|Malamar, F|100/100
|switch|p2a: Glimmora|Glimmora, M|100/100
|turn|1
|
|t:|1743784128
|move|p2a: Glimmora|Stealth Rock|p1a: Malamar
|-sidestart|p1: Zagerouth|move: Stealth Rock
|move|p1a: Malamar|Psycho Cut|p2a: Glimmora
|-supereffective|p2a: Glimmora
|-damage|p2a: Glimmora|20/100
|-activate|p2a: Glimmora|ability: Toxic Debris
|-sidestart|p1: Zagerouth|move: Toxic Spikes
|
|upkeep
|turn|2
|
|t:|1743784140
|move|p2a: Glimmora|Sludge Wave|p1a: Malamar
|-damage|p1a: Malamar|41/100
|move|p1a: Malamar|Superpower|p2a: Glimmora
|-crit|p2a: Glimmora
|-damage|p2a: Glimmora|0 fnt
|-boost|p1a: Malamar|atk|1
|-boost|p1a: Malamar|def|1
|-activate|p2a: Glimmora|ability: Toxic Debris
|-sidestart|p1: Zagerouth|move: Toxic Spikes
|faint|p2a: Glimmora
|
|-heal|p1a: Malamar|47/100|[from] item: Leftovers
|upkeep
|inactive|chruch has 120 seconds left.
|
|t:|1743784167
|switch|p2a: Kingambit|Kingambit, F|100/100
|-activate|p2a: Kingambit|ability: Supreme Overlord
|-start|p2a: Kingambit|fallen1|[silent]
|turn|3
|
|t:|1743784185
|move|p2a: Kingambit|Sucker Punch|p1a: Malamar
|-damage|p1a: Malamar|13/100
|move|p1a: Malamar|Superpower|p2a: Kingambit
|-supereffective|p2a: Kingambit
|-damage|p2a: Kingambit|0 fnt
|-boost|p1a: Malamar|atk|1
|-boost|p1a: Malamar|def|1
|faint|p2a: Kingambit
|-end|p2a: Kingambit|fallen1|[silent]
|
|-heal|p1a: Malamar|19/100|[from] item: Leftovers
|upkeep
|
|t:|1743784199
|switch|p2a: Dragonite|Dragonite, F|100/100
|turn|4
|
|t:|1743784207
|-terastallize|p2a: Dragonite|Normal
|move|p2a: Dragonite|Extreme Speed|p1a: Malamar
|-damage|p1a: Malamar|0 fnt
|faint|p1a: Malamar
|
|upkeep
|
|t:|1743784221
|switch|p1a: Muk|Muk, F|100/100
|-damage|p1a: Muk|88/100|[from] Stealth Rock
|-sideend|p1: Zagerouth|move: Toxic Spikes|[of] p1a: Muk
|turn|5
|
|t:|1743784238
|move|p2a: Dragonite|Dragon Dance|p2a: Dragonite
|-boost|p2a: Dragonite|atk|1
|-boost|p2a: Dragonite|spe|1
|move|p1a: Muk|Brick Break|p2a: Dragonite
|-supereffective|p2a: Dragonite
|-damage|p2a: Dragonite|75/100
|-status|p2a: Dragonite|psn|[from] ability: Poison Touch|[of] p1a: Muk
|
|-heal|p1a: Muk|94/100|[from] item: Leftovers
|-damage|p2a: Dragonite|63/100 psn|[from] psn
|upkeep
|turn|6
|inactive|Zagerouth has 120 seconds left.
|
|t:|1743784284
|move|p2a: Dragonite|Dragon Dance|p2a: Dragonite
|-boost|p2a: Dragonite|atk|1
|-boost|p2a: Dragonite|spe|1
|move|p1a: Muk|Knock Off|p2a: Dragonite
|-damage|p2a: Dragonite|31/100 psn
|-enditem|p2a: Dragonite|Heavy-Duty Boots|[from] move: Knock Off|[of] p1a: Muk
|
|-heal|p1a: Muk|99/100|[from] item: Leftovers
|-damage|p2a: Dragonite|18/100 psn|[from] psn
|upkeep
|turn|7
|
|t:|1743784292
|move|p2a: Dragonite|Earthquake|p1a: Muk
|-supereffective|p1a: Muk
|-damage|p1a: Muk|0 fnt
|faint|p1a: Muk
|
|-damage|p2a: Dragonite|6/100 psn|[from] psn
|upkeep
|
|t:|1743784298
|switch|p1a: Meganium|Meganium, M|100/100
|-damage|p1a: Meganium|88/100|[from] Stealth Rock
|turn|8
|
|t:|1743784301
|move|p2a: Dragonite|Ice Spinner|p1a: Meganium
|-supereffective|p1a: Meganium
|-damage|p1a: Meganium|0 fnt
|faint|p1a: Meganium
|
|-damage|p2a: Dragonite|0 fnt|[from] psn
|faint|p2a: Dragonite
|upkeep
|inactive|Zagerouth has 120 seconds left.
|
|t:|1743784313
|switch|p2a: Dondozo|Dondozo, M|100/100
|switch|p1a: Tentacruel|Tentacruel, F|100/100
|-damage|p1a: Tentacruel|88/100|[from] Stealth Rock
|turn|9
|
|t:|1743784320
|move|p1a: Tentacruel|Rapid Spin|p2a: Dondozo
|-damage|p2a: Dondozo|96/100
|-boost|p1a: Tentacruel|spe|1
|-sideend|p1: Zagerouth|Stealth Rock|[from] move: Rapid Spin|[of] p1a: Tentacruel
|move|p2a: Dondozo|Earthquake|p1a: Tentacruel
|-supereffective|p1a: Tentacruel
|-damage|p1a: Tentacruel|0 fnt
|faint|p1a: Tentacruel
|
|upkeep
|inactive|Zagerouth has 120 seconds left.
|inactive|Zagerouth has 90 seconds left.
|
|t:|1743784387
|switch|p1a: Raichu|Raichu, F|100/100
|turn|10
|
|t:|1743784391
|move|p1a: Raichu|Thunderbolt|p2a: Dondozo
|-supereffective|p2a: Dondozo
|-damage|p2a: Dondozo|45/100
|-status|p2a: Dondozo|par
|move|p2a: Dondozo|Earthquake|p1a: Raichu
|-supereffective|p1a: Raichu
|-damage|p1a: Raichu|0 fnt
|faint|p1a: Raichu
|
|upkeep
|
|t:|1743784398
|switch|p1a: Palossand|Palossand, M|100/100
|turn|11
|
|t:|1743784405
|move|p1a: Palossand|Giga Drain|p2a: Dondozo
|-supereffective|p2a: Dondozo
|-damage|p2a: Dondozo|22/100 par
|move|p2a: Dondozo|Avalanche|p1a: Palossand
|-supereffective|p1a: Palossand
|-damage|p1a: Palossand|39/100
|
|upkeep
|turn|12
|inactive|Zagerouth has 90 seconds left.
|
|t:|1743784411
|move|p1a: Palossand|Giga Drain|p2a: Dondozo
|-supereffective|p2a: Dondozo
|-damage|p2a: Dondozo|0 fnt
|-heal|p1a: Palossand|54/100|[from] drain|[of] p2a: Dondozo
|faint|p2a: Dondozo
|
|upkeep
|
|t:|1743784425
|switch|p2a: Ursaluna|Ursaluna, M|100/100
|turn|13
|inactive|Zagerouth has 90 seconds left.
|
|t:|1743784465
|-terastallize|p1a: Palossand|Grass
|move|p1a: Palossand|Giga Drain|p2a: Ursaluna
|-supereffective|p2a: Ursaluna
|-damage|p2a: Ursaluna|38/100
|-heal|p1a: Palossand|96/100|[from] drain|[of] p2a: Ursaluna
|move|p2a: Ursaluna|Earthquake|p1a: Palossand
|-resisted|p1a: Palossand
|-damage|p1a: Palossand|70/100
|
|-status|p2a: Ursaluna|brn|[from] item: Flame Orb
|upkeep
|turn|14
|
|t:|1743784477
|move|p1a: Palossand|Giga Drain|p2a: Ursaluna
|-supereffective|p2a: Ursaluna
|-damage|p2a: Ursaluna|0 fnt
|-heal|p1a: Palossand|96/100|[from] drain|[of] p2a: Ursaluna
|faint|p2a: Ursaluna
|
|upkeep
|
|t:|1743784483
|switch|p2a: Rotom|Rotom-Heat|100/100
|turn|15
|
|t:|1743784491
|move|p2a: Rotom|Overheat|p1a: Palossand
|-supereffective|p1a: Palossand
|-damage|p1a: Palossand|27/100
|-unboost|p2a: Rotom|spa|2
|move|p1a: Palossand|Chilling Water|p2a: Rotom
|-supereffective|p2a: Rotom
|-damage|p2a: Rotom|67/100
|-unboost|p2a: Rotom|atk|1
|
|upkeep
|turn|16
|inactive|Zagerouth has 90 seconds left.
|
|t:|1743784501
|move|p2a: Rotom|Overheat|p1a: Palossand
|-supereffective|p1a: Palossand
|-damage|p1a: Palossand|0 fnt
|-unboost|p2a: Rotom|spa|2
|faint|p1a: Palossand
|
|win|chruch
|raw|Zagerouth's rating: 1051 &rarr; <strong>1034</strong><br />(-17 for losing)
|raw|chruch's rating: 1057 &rarr; <strong>1088</strong><br />(+31 for winning)
|l|☆chruch
|player|p2|
|l|☆Zagerouth
|player|p1|
