|j|☆darkid321
|j|☆randomaipom
|t:|1743845537
|gametype|singles
|player|p1|darkid321|policeman-gen4|1333
|player|p2|randomaipom|kieran-champion|1290
|teamsize|p1|6
|teamsize|p2|6
|gen|9
|tier|[Gen 9] OU
|rated|
|rule|HP Percentage Mod: HP is shown in percentages
|rule|Endless Battle Clause: Forcing endless battles is banned
|rule|Species Clause: Limit one of each Pokémon
|rule|OHKO Clause: OHKO moves are banned
|rule|Evasion Items Clause: Evasion items are banned
|rule|Evasion Moves Clause: Evasion moves are banned
|rule|Sleep Moves Clause: Sleep-inducing moves are banned
|clearpoke
|poke|p1|Walking Wake|
|poke|p1|Rillaboom, M|
|poke|p1|Skeledirge, F|
|poke|p1|Azelf|
|poke|p1|Iron Treads|
|poke|p1|Iron Hands|
|poke|p2|Barraskewda, M|
|poke|p2|Tsareena, F|
|poke|p2|Raging Bolt|
|poke|p2|Pelipper, M|
|poke|p2|Cryogonal|
|poke|p2|Iron Treads|
|teampreview
|inactive|Battle timer is ON: inactive players will automatically lose when time's up. (requested by darkid321)
|inactive|randomaipom also wants the timer to be on.
|
|t:|1743845558
|start
|switch|p1a: Iron Hands|Iron Hands|100/100
|switch|p2a: Iron Treads|Iron Treads|100/100
|-enditem|p2a: Iron Treads|Booster Energy
|-activate|p2a: Iron Treads|ability: Quark Drive|[fromitem]
|-start|p2a: Iron Treads|quarkdrivespe
|-enditem|p1a: Iron Hands|Booster Energy
|-activate|p1a: Iron Hands|ability: Quark Drive|[fromitem]
|-start|p1a: Iron Hands|quarkdriveatk
|turn|1
|
|t:|1743845567
|move|p2a: Iron Treads|Stealth Rock|p1a: Iron Hands
|-sidestart|p1: darkid321|move: Stealth Rock
|move|p1a: Iron Hands|Drain Punch|p2a: Iron Treads
|-supereffective|p2a: Iron Treads
|-damage|p2a: Iron Treads|0 fnt
|faint|p2a: Iron Treads
|-end|p2a: Iron Treads|Quark Drive|[silent]
|
|upkeep
|
|t:|1743845596
|switch|p2a: Pelipper|Pelipper, M|100/100
|-weather|RainDance|[from] ability: Drizzle|[of] p2a: Pelipper
|turn|2
|
|t:|1743845609
|-end|p1a: Iron Hands|Quark Drive|[silent]
|switch|p1a: Rillaboom|Rillaboom, M|100/100
|-damage|p1a: Rillaboom|88/100|[from] Stealth Rock
|-fieldstart|move: Grassy Terrain|[from] ability: Grassy Surge|[of] p1a: Rillaboom
|switch|p2a: Tsareena|Tsareena, F|100/100
|
|-weather|RainDance|[upkeep]
|-heal|p1a: Rillaboom|94/100|[from] Grassy Terrain
|-heal|p1a: Rillaboom|100/100|[from] item: Leftovers
|upkeep
|turn|3
|
|t:|1743845622
|move|p2a: Tsareena|U-turn|p1a: Rillaboom
|-supereffective|p1a: Rillaboom
|-damage|p1a: Rillaboom|60/100
|inactive|randomaipom has 120 seconds left.
|
|t:|1743845657
|switch|p2a: Pelipper|Pelipper, M|100/100|[from] U-turn
|move|p1a: Rillaboom|Drum Beating|p2a: Pelipper
|-damage|p2a: Pelipper|61/100
|-unboost|p2a: Pelipper|spe|1
|
|-weather|RainDance|[upkeep]
|-heal|p1a: Rillaboom|67/100|[from] Grassy Terrain
|-heal|p1a: Rillaboom|73/100|[from] item: Leftovers
|upkeep
|turn|4
|
|t:|1743845679
|move|p1a: Rillaboom|Protect|p1a: Rillaboom
|-singleturn|p1a: Rillaboom|Protect
|move|p2a: Pelipper|Hurricane|p1a: Rillaboom
|-activate|p1a: Rillaboom|move: Protect
|
|-weather|RainDance|[upkeep]
|-heal|p1a: Rillaboom|79/100|[from] Grassy Terrain
|-heal|p1a: Rillaboom|85/100|[from] item: Leftovers
|upkeep
|turn|5
|
|t:|1743845701
|switch|p1a: Walking Wake|Walking Wake|100/100
|-damage|p1a: Walking Wake|88/100|[from] Stealth Rock
|-enditem|p1a: Walking Wake|Booster Energy
|-activate|p1a: Walking Wake|ability: Protosynthesis|[fromitem]
|-start|p1a: Walking Wake|protosynthesisspa
|move|p2a: Pelipper|Hurricane|p1a: Walking Wake
|-damage|p1a: Walking Wake|55/100
|
|-weather|RainDance|[upkeep]
|-heal|p1a: Walking Wake|61/100|[from] Grassy Terrain
|upkeep
|turn|6
|inactive|darkid321 has 120 seconds left.
|
|t:|1743845725
|switch|p2a: Cryogonal|Cryogonal|100/100
|move|p1a: Walking Wake|Hydro Steam|p2a: Cryogonal
|-damage|p2a: Cryogonal|49/100
|
|-weather|RainDance|[upkeep]
|-heal|p1a: Walking Wake|67/100|[from] Grassy Terrain
|-fieldend|move: Grassy Terrain
|upkeep
|turn|7
|inactive|darkid321 has 120 seconds left.
|inactive|randomaipom has 90 seconds left.
|
|t:|1743845752
|-end|p1a: Walking Wake|Protosynthesis|[silent]
|switch|p1a: Skeledirge|Skeledirge, F|100/100
|move|p2a: Cryogonal|Freeze-Dry|p1a: Skeledirge
|-resisted|p1a: Skeledirge
|-damage|p1a: Skeledirge|86/100
|
|-weather|RainDance|[upkeep]
|upkeep
|turn|8
|
|t:|1743845759
|move|p2a: Cryogonal|Water Pulse|p1a: Skeledirge
|-supereffective|p1a: Skeledirge
|-damage|p1a: Skeledirge|33/100
|move|p1a: Skeledirge|Torch Song|p2a: Cryogonal
|-supereffective|p2a: Cryogonal
|-damage|p2a: Cryogonal|27/100
|-boost|p1a: Skeledirge|spa|1
|
|-weather|RainDance|[upkeep]
|upkeep
|turn|9
|inactive|darkid321 has 120 seconds left.
|
|t:|1743845775
|move|p2a: Cryogonal|Water Pulse|p1a: Skeledirge
|-supereffective|p1a: Skeledirge
|-damage|p1a: Skeledirge|0 fnt
|faint|p1a: Skeledirge
|
|-weather|none
|upkeep
|inactive|darkid321 has 120 seconds left.
|
|t:|1743845783
|switch|p1a: Iron Treads|Iron Treads|100/100
|-damage|p1a: Iron Treads|97/100|[from] Stealth Rock
|-enditem|p1a: Iron Treads|Booster Energy
|-activate|p1a: Iron Treads|ability: Quark Drive|[fromitem]
|-start|p1a: Iron Treads|quarkdrivespe
|turn|10
|
|t:|1743845793
|move|p1a: Iron Treads|Knock Off|p2a: Cryogonal
|-damage|p2a: Cryogonal|0 fnt
|-enditem|p2a: Cryogonal|Assault Vest|[from] move: Knock Off|[of] p1a: Iron Treads
|faint|p2a: Cryogonal
|
|upkeep
|
|t:|1743845804
|switch|p2a: Pelipper|Pelipper, M|61/100
|-weather|RainDance|[from] ability: Drizzle|[of] p2a: Pelipper
|turn|11
|
|t:|1743845809
|switch|p2a: Tsareena|Tsareena, F|100/100
|move|p1a: Iron Treads|Rapid Spin|p2a: Tsareena
|-damage|p2a: Tsareena|83/100
|-boost|p1a: Iron Treads|spe|1
|-sideend|p1: darkid321|Stealth Rock|[from] move: Rapid Spin|[of] p1a: Iron Treads
|
|-weather|RainDance|[upkeep]
|upkeep
|turn|12
|inactive|randomaipom has 120 seconds left.
|
|t:|1743845821
|-end|p1a: Iron Treads|Quark Drive|[silent]
|switch|p1a: Iron Hands|Iron Hands|100/100
|move|p2a: Tsareena|High Jump Kick|p1a: Iron Hands
|-damage|p1a: Iron Hands|76/100
|
|-weather|RainDance|[upkeep]
|upkeep
|turn|13
|
|t:|1743845831
|move|p2a: Tsareena|High Jump Kick|p1a: Iron Hands
|-damage|p1a: Iron Hands|50/100
|move|p1a: Iron Hands|Ice Punch|p2a: Tsareena
|-supereffective|p2a: Tsareena
|-damage|p2a: Tsareena|14/100
|
|-weather|RainDance|[upkeep]
|upkeep
|turn|14
|
|t:|1743845840
|move|p2a: Tsareena|High Jump Kick|p1a: Iron Hands
|-damage|p1a: Iron Hands|26/100
|move|p1a: Iron Hands|Ice Punch|p2a: Tsareena
|-supereffective|p2a: Tsareena
|-damage|p2a: Tsareena|0 fnt
|faint|p2a: Tsareena
|
|-weather|RainDance|[upkeep]
|upkeep
|
|t:|1743845849
|switch|p2a: Barraskewda|Barraskewda, M, shiny|100/100
|turn|15
|
|t:|1743845865
|-terastallize|p2a: Barraskewda|Water
|move|p2a: Barraskewda|Flip Turn|p1a: Iron Hands
|-damage|p1a: Iron Hands|0 fnt
|faint|p1a: Iron Hands
|-end|p1a: Iron Hands|Quark Drive|[silent]
|
|t:|1743845870
|switch|p2a: Raging Bolt|Raging Bolt|100/100|[from] Flip Turn
|-enditem|p2a: Raging Bolt|Booster Energy
|-activate|p2a: Raging Bolt|ability: Protosynthesis|[fromitem]
|-start|p2a: Raging Bolt|protosynthesisspa
|
|-weather|RainDance|[upkeep]
|upkeep
|
|t:|1743845876
|switch|p1a: Rillaboom|Rillaboom, M|85/100
|-fieldstart|move: Grassy Terrain|[from] ability: Grassy Surge|[of] p1a: Rillaboom
|turn|16
|
|t:|1743845883
|move|p1a: Rillaboom|Leech Seed|p2a: Raging Bolt
|-start|p2a: Raging Bolt|move: Leech Seed
|move|p2a: Raging Bolt|Calm Mind|p2a: Raging Bolt
|-boost|p2a: Raging Bolt|spa|1
|-boost|p2a: Raging Bolt|spd|1
|
|-weather|RainDance|[upkeep]
|-heal|p1a: Rillaboom|91/100|[from] Grassy Terrain
|-heal|p1a: Rillaboom|98/100|[from] item: Leftovers
|-damage|p2a: Raging Bolt|88/100|[from] Leech Seed|[of] p1a: Rillaboom
|-heal|p1a: Rillaboom|100/100|[silent]
|upkeep
|turn|17
|
|t:|1743845896
|move|p1a: Rillaboom|High Horsepower|p2a: Raging Bolt
|-supereffective|p2a: Raging Bolt
|-damage|p2a: Raging Bolt|40/100
|move|p2a: Raging Bolt|Dragon Pulse|p1a: Rillaboom
|-damage|p1a: Rillaboom|19/100
|
|-weather|RainDance|[upkeep]
|-heal|p1a: Rillaboom|25/100|[from] Grassy Terrain
|-heal|p1a: Rillaboom|31/100|[from] item: Leftovers
|-heal|p2a: Raging Bolt|46/100|[from] Grassy Terrain
|-damage|p2a: Raging Bolt|33/100|[from] Leech Seed|[of] p1a: Rillaboom
|-heal|p1a: Rillaboom|45/100|[silent]
|upkeep
|turn|18
|
|t:|1743845909
|move|p1a: Rillaboom|High Horsepower|p2a: Raging Bolt
|-supereffective|p2a: Raging Bolt
|-damage|p2a: Raging Bolt|0 fnt
|faint|p2a: Raging Bolt
|-end|p2a: Raging Bolt|Protosynthesis|[silent]
|
|-weather|none
|-heal|p1a: Rillaboom|51/100|[from] Grassy Terrain
|-heal|p1a: Rillaboom|57/100|[from] item: Leftovers
|upkeep
|
|t:|1743845936
|switch|p2a: Pelipper|Pelipper, M|61/100
|-weather|RainDance|[from] ability: Drizzle|[of] p2a: Pelipper
|turn|19
|
|t:|1743845940
|move|p1a: Rillaboom|Protect|p1a: Rillaboom
|-singleturn|p1a: Rillaboom|Protect
|move|p2a: Pelipper|Hurricane|p1a: Rillaboom
|-activate|p1a: Rillaboom|move: Protect
|
|-weather|RainDance|[upkeep]
|-heal|p1a: Rillaboom|63/100|[from] Grassy Terrain
|-heal|p1a: Rillaboom|70/100|[from] item: Leftovers
|upkeep
|turn|20
|
|t:|1743845949
|switch|p1a: Walking Wake|Walking Wake|67/100
|move|p2a: Pelipper|Hurricane|p1a: Walking Wake
|-damage|p1a: Walking Wake|28/100
|-start|p1a: Walking Wake|confusion
|
|-weather|RainDance|[upkeep]
|-heal|p1a: Walking Wake|35/100|[from] Grassy Terrain
|-fieldend|move: Grassy Terrain
|upkeep
|turn|21
|
|t:|1743845958
|-activate|p1a: Walking Wake|confusion
|move|p1a: Walking Wake|Draco Meteor|p2a: Pelipper|[miss]
|-miss|p1a: Walking Wake|p2a: Pelipper
|move|p2a: Pelipper|Hurricane|p1a: Walking Wake
|-damage|p1a: Walking Wake|0 fnt
|faint|p1a: Walking Wake
|-end|p1a: Walking Wake|Protosynthesis|[silent]
|
|-weather|RainDance|[upkeep]
|upkeep
|
|t:|1743845970
|switch|p1a: Iron Treads|Iron Treads|97/100
|turn|22
|
|t:|1743845982
|move|p1a: Iron Treads|Knock Off|p2a: Pelipper
|-damage|p2a: Pelipper|33/100
|-enditem|p2a: Pelipper|Damp Rock|[from] move: Knock Off|[of] p1a: Iron Treads
|move|p2a: Pelipper|Surf|p1a: Iron Treads
|-supereffective|p1a: Iron Treads
|-damage|p1a: Iron Treads|0 fnt
|faint|p1a: Iron Treads
|-end|p1a: Iron Treads|Quark Drive|[silent]
|
|-weather|RainDance|[upkeep]
|upkeep
|
|t:|1743845991
|switch|p1a: Rillaboom|Rillaboom, M|70/100
|-fieldstart|move: Grassy Terrain|[from] ability: Grassy Surge|[of] p1a: Rillaboom
|turn|23
|
|t:|1743846005
|move|p1a: Rillaboom|Drum Beating|p2a: Pelipper
|-damage|p2a: Pelipper|0 fnt
|faint|p2a: Pelipper
|
|-weather|RainDance|[upkeep]
|-heal|p1a: Rillaboom|76/100|[from] Grassy Terrain
|-heal|p1a: Rillaboom|82/100|[from] item: Leftovers
|upkeep
|
|t:|1743846008
|switch|p2a: Barraskewda|Barraskewda, M, shiny, tera:Water|100/100
|turn|24
|
|t:|1743846014
|move|p1a: Rillaboom|Protect|p1a: Rillaboom
|-singleturn|p1a: Rillaboom|Protect
|move|p2a: Barraskewda|Poison Jab|p1a: Rillaboom
|-activate|p1a: Rillaboom|move: Protect
|
|-weather|RainDance|[upkeep]
|-heal|p1a: Rillaboom|88/100|[from] Grassy Terrain
|-heal|p1a: Rillaboom|94/100|[from] item: Leftovers
|upkeep
|turn|25
|
|t:|1743846023
|-terastallize|p1a: Rillaboom|Water
|move|p2a: Barraskewda|Poison Jab|p1a: Rillaboom
|-damage|p1a: Rillaboom|54/100
|-status|p1a: Rillaboom|psn
|move|p1a: Rillaboom|Drum Beating|p2a: Barraskewda
|-supereffective|p2a: Barraskewda
|-damage|p2a: Barraskewda|0 fnt
|faint|p2a: Barraskewda
|
|win|darkid321
|raw|darkid321's rating: 1333 &rarr; <strong>1351</strong><br />(+18 for winning)
|raw|randomaipom's rating: 1290 &rarr; <strong>1268</strong><br />(-22 for losing)
|l|☆darkid321
|player|p1|
|l|☆randomaipom
|player|p2|
