|j|☆ThylaFishie
|j|☆Beeman1000
|t:|1743867833
|gametype|singles
|player|p1|ThylaFishie|fisherman-gen4|1469
|player|p2|Beeman1000|101|1475
|teamsize|p1|6
|teamsize|p2|6
|gen|9
|tier|[Gen 9] OU
|rated|
|rule|HP Percentage Mod: HP is shown in percentages
|rule|Endless Battle Clause: Forcing endless battles is banned
|rule|Species Clause: Limit one of each Pokémon
|rule|OHKO Clause: OHKO moves are banned
|rule|Evasion Items Clause: Evasion items are banned
|rule|Evasion Moves Clause: Evasion moves are banned
|rule|Sleep Moves Clause: Sleep-inducing moves are banned
|clearpoke
|poke|p1|Tsareena, F|
|poke|p1|Landorus-Therian, M|
|poke|p1|Gastrodon-East, M|
|poke|p1|Great Tusk|
|poke|p1|Tinkaton, F|
|poke|p1|Darkrai|
|poke|p2|Samurott-Hisui, F|
|poke|p2|Gliscor, F|
|poke|p2|Great Tusk|
|poke|p2|Tinkaton, F|
|poke|p2|Dragapult, F|
|poke|p2|Garganacl, M|
|teampreview
|inactive|Battle timer is ON: inactive players will automatically lose when time's up. (requested by ThylaFishie)
|
|t:|1743867858
|start
|switch|p1a: Landorus|Landorus-Therian, M|100/100
|switch|p2a: Garganacl|Garganacl, M|100/100
|-ability|p1a: Landorus|Intimidate|boost
|-unboost|p2a: Garganacl|atk|1
|turn|1
|
|t:|1743867872
|move|p1a: Landorus|Earth Power|p2a: Garganacl
|-supereffective|p2a: Garganacl
|-damage|p2a: Garganacl|59/100
|move|p2a: Garganacl|Salt Cure|p1a: Landorus
|-damage|p1a: Landorus|92/100
|-start|p1a: Landorus|Salt Cure
|
|-heal|p2a: Garganacl|65/100|[from] item: Leftovers
|-damage|p1a: Landorus|79/100|[from] Salt Cure
|upkeep
|turn|2
|
|t:|1743867876
|switch|p2a: Tinkaton|Tinkaton, F|100/100
|-item|p2a: Tinkaton|Air Balloon
|move|p1a: Landorus|Stealth Rock|p2a: Tinkaton
|-sidestart|p2: Beeman1000|move: Stealth Rock
|
|-damage|p1a: Landorus|67/100|[from] Salt Cure
|upkeep
|turn|3
|
|t:|1743867882
|move|p2a: Tinkaton|Stealth Rock|p1a: Landorus
|-sidestart|p1: ThylaFishie|move: Stealth Rock
|move|p1a: Landorus|U-turn|p2a: Tinkaton
|-resisted|p2a: Tinkaton
|-damage|p2a: Tinkaton|95/100
|-enditem|p2a: Tinkaton|Air Balloon
|-enditem|p1a: Landorus|Rocky Helmet|[silent]|[from] ability: Pickpocket|[of] p1a: Landorus
|-item|p2a: Tinkaton|Rocky Helmet|[from] ability: Pickpocket|[of] p1a: Landorus
|
|t:|1743867887
|switch|p1a: Great Tusk|Great Tusk|100/100|[from] U-turn
|
|upkeep
|turn|4
|
|t:|1743867896
|move|p2a: Tinkaton|Knock Off|p1a: Great Tusk
|-resisted|p1a: Great Tusk
|-damage|p1a: Great Tusk|94/100
|-enditem|p1a: Great Tusk|Heavy-Duty Boots|[from] move: Knock Off|[of] p2a: Tinkaton
|move|p1a: Great Tusk|Ice Spinner|p2a: Tinkaton
|-resisted|p2a: Tinkaton
|-damage|p2a: Tinkaton|78/100
|-damage|p1a: Great Tusk|77/100|[from] item: Rocky Helmet|[of] p2a: Tinkaton
|
|upkeep
|turn|5
|
|t:|1743867906
|switch|p2a: Great Tusk|Great Tusk|100/100
|-damage|p2a: Great Tusk|97/100|[from] Stealth Rock
|move|p1a: Great Tusk|Earthquake|p2a: Great Tusk
|-damage|p2a: Great Tusk|65/100
|
|upkeep
|turn|6
|
|t:|1743867919
|move|p1a: Great Tusk|Knock Off|p2a: Great Tusk
|-resisted|p2a: Great Tusk
|-damage|p2a: Great Tusk|55/100
|-damage|p1a: Great Tusk|60/100|[from] item: Rocky Helmet|[of] p2a: Great Tusk
|-enditem|p2a: Great Tusk|Rocky Helmet|[from] move: Knock Off|[of] p1a: Great Tusk
|move|p2a: Great Tusk|Ice Spinner|p1a: Great Tusk
|-supereffective|p1a: Great Tusk
|-crit|p1a: Great Tusk
|-damage|p1a: Great Tusk|3/100
|
|upkeep
|turn|7
|
|t:|1743867933
|move|p2a: Great Tusk|Rapid Spin|p1a: Great Tusk
|-crit|p1a: Great Tusk
|-damage|p1a: Great Tusk|0 fnt
|-boost|p2a: Great Tusk|spe|1
|-sideend|p2: Beeman1000|Stealth Rock|[from] move: Rapid Spin|[of] p2a: Great Tusk
|faint|p1a: Great Tusk
|-end|p1a: Great Tusk|Protosynthesis|[silent]
|
|upkeep
|
|t:|1743867941
|switch|p1a: Gastrodon|Gastrodon-East, M|100/100
|-damage|p1a: Gastrodon|94/100|[from] Stealth Rock
|turn|8
|inactive|Beeman1000 has 120 seconds left.
|
|t:|1743867978
|move|p2a: Great Tusk|Headlong Rush|p1a: Gastrodon
|-crit|p1a: Gastrodon
|-damage|p1a: Gastrodon|5/100
|-unboost|p2a: Great Tusk|def|1
|-unboost|p2a: Great Tusk|spd|1
|move|p1a: Gastrodon|Earth Power|p2a: Great Tusk
|-damage|p2a: Great Tusk|0 fnt
|faint|p2a: Great Tusk
|-end|p2a: Great Tusk|Protosynthesis|[silent]
|
|-heal|p1a: Gastrodon|12/100|[from] item: Leftovers
|upkeep
|
|t:|1743867986
|switch|p2a: Samurott|Samurott-Hisui, F|100/100
|turn|9
|
|t:|1743867991
|switch|p1a: Landorus|Landorus-Therian, M|67/100
|-damage|p1a: Landorus|55/100|[from] Stealth Rock
|-ability|p1a: Landorus|Intimidate|boost
|-unboost|p2a: Samurott|atk|1
|move|p2a: Samurott|Ceaseless Edge|p1a: Landorus
|-damage|p1a: Landorus|25/100
|-sidestart|p1: ThylaFishie|Spikes
|
|upkeep
|turn|10
|
|t:|1743868004
|move|p1a: Landorus|Stealth Rock|p2a: Samurott
|-sidestart|p2: Beeman1000|move: Stealth Rock
|move|p2a: Samurott|Ceaseless Edge|p1a: Landorus
|-damage|p1a: Landorus|0 fnt
|-sidestart|p1: ThylaFishie|Spikes
|faint|p1a: Landorus
|
|upkeep
|
|t:|1743868010
|switch|p1a: Tinkaton|Tinkaton, F|100/100
|-damage|p1a: Tinkaton|94/100|[from] Stealth Rock
|-damage|p1a: Tinkaton|78/100|[from] Spikes
|-ability|p1a: Tinkaton|Mold Breaker
|turn|11
|
|t:|1743868019
|switch|p2a: Tinkaton|Tinkaton, F|78/100
|-damage|p2a: Tinkaton|72/100|[from] Stealth Rock
|move|p1a: Tinkaton|Knock Off|p2a: Tinkaton
|-resisted|p2a: Tinkaton
|-damage|p2a: Tinkaton|59/100
|-damage|p1a: Tinkaton|62/100|[from] item: Rocky Helmet|[of] p2a: Tinkaton
|-enditem|p2a: Tinkaton|Rocky Helmet|[from] move: Knock Off|[of] p1a: Tinkaton
|-enditem|p1a: Tinkaton|Leftovers|[silent]|[from] ability: Pickpocket|[of] p1a: Tinkaton
|-item|p2a: Tinkaton|Leftovers|[from] ability: Pickpocket|[of] p1a: Tinkaton
|
|-heal|p2a: Tinkaton|65/100|[from] item: Leftovers
|upkeep
|turn|12
|
|t:|1743868028
|move|p1a: Tinkaton|Gigaton Hammer|p2a: Tinkaton
|-damage|p2a: Tinkaton|0 fnt
|faint|p2a: Tinkaton
|
|upkeep
|
|t:|1743868034
|switch|p2a: Samurott|Samurott-Hisui, F|100/100
|turn|13
|
|t:|1743868037
|move|p1a: Tinkaton|Thunder Wave|p2a: Samurott|[miss]
|-miss|p1a: Tinkaton|p2a: Samurott
|move|p2a: Samurott|Aqua Cutter|p1a: Tinkaton
|-damage|p1a: Tinkaton|0 fnt
|faint|p1a: Tinkaton
|
|upkeep
|
|t:|1743868054
|switch|p1a: Tsareena|Tsareena, F|100/100
|-damage|p1a: Tsareena|88/100|[from] Stealth Rock
|-damage|p1a: Tsareena|72/100|[from] Spikes
|turn|14
|
|t:|1743868061
|-terastallize|p1a: Tsareena|Fighting
|move|p2a: Samurott|Ceaseless Edge|p1a: Tsareena
|-resisted|p1a: Tsareena
|-damage|p1a: Tsareena|48/100
|-sidestart|p1: ThylaFishie|Spikes
|move|p1a: Tsareena|Power Whip|p2a: Samurott
|-supereffective|p2a: Samurott
|-damage|p2a: Samurott|0 fnt
|faint|p2a: Samurott
|
|upkeep
|
|t:|1743868069
|switch|p2a: Dragapult|Dragapult, F|100/100
|turn|15
|
|t:|1743868074
|move|p2a: Dragapult|Draco Meteor|p1a: Tsareena
|-crit|p1a: Tsareena
|-damage|p1a: Tsareena|0 fnt
|-unboost|p2a: Dragapult|spa|2
|faint|p1a: Tsareena
|
|upkeep
|inactive|ThylaFishie has 120 seconds left.
|c|☆ThylaFishie|How do you show sets again
|c|☆ThylaFishie|Cause I'm AV
|
|t:|1743868112
|switch|p1a: Gastrodon|Gastrodon-East, M|12/100
|-damage|p1a: Gastrodon|5/100|[from] Stealth Rock
|-damage|p1a: Gastrodon|0 fnt|[from] Spikes
|faint|p1a: Gastrodon
|
|t:|1743868113
|switch|p1a: Darkrai|Darkrai|100/100
|-damage|p1a: Darkrai|88/100|[from] Stealth Rock
|-damage|p1a: Darkrai|63/100|[from] Spikes
|turn|16
|c|☆Beeman1000|Damn I don’t know
|c|☆Beeman1000|sorry for crut
|c|☆Beeman1000|i had 286 special attack
|inactive|Beeman1000 has 120 seconds left.
|
|t:|1743868147
|move|p2a: Dragapult|U-turn|p1a: Darkrai
|-supereffective|p1a: Darkrai
|-damage|p1a: Darkrai|17/100
|
|t:|1743868151
|switch|p2a: Garganacl|Garganacl, M|65/100|[from] U-turn
|-damage|p2a: Garganacl|53/100|[from] Stealth Rock
|move|p1a: Darkrai|Dark Pulse|p2a: Garganacl
|-damage|p2a: Garganacl|6/100
|
|-heal|p2a: Garganacl|12/100|[from] item: Leftovers
|upkeep
|turn|17
|
|t:|1743868154
|move|p1a: Darkrai|Dark Pulse|p2a: Garganacl
|-damage|p2a: Garganacl|0 fnt
|faint|p2a: Garganacl
|
|upkeep
|
|t:|1743868156
|switch|p2a: Dragapult|Dragapult, F|100/100
|turn|18
|
|t:|1743868158
|move|p2a: Dragapult|U-turn|p1a: Darkrai
|-supereffective|p1a: Darkrai
|-crit|p1a: Darkrai
|-damage|p1a: Darkrai|0 fnt
|faint|p1a: Darkrai
|
|win|Beeman1000
|raw|ThylaFishie's rating: 1469 &rarr; <strong>1449</strong><br />(-20 for losing)
|raw|Beeman1000's rating: 1475 &rarr; <strong>1495</strong><br />(+20 for winning)
|c|☆Beeman1000|Gg
|l|☆Beeman1000
|player|p2|
|c|☆ThylaFishie|gg
