|j|☆Burgundi
|j|☆Nbr1bleachfan
|t:|1743839798
|gametype|singles
|player|p1|Burgundi|ethan|1119
|player|p2|Nbr1bleachfan|unknown|1101
|teamsize|p1|6
|teamsize|p2|6
|gen|9
|tier|[Gen 9] OU
|rated|
|rule|HP Percentage Mod: HP is shown in percentages
|rule|Endless Battle Clause: Forcing endless battles is banned
|rule|Species Clause: Limit one of each Pokémon
|rule|OHKO Clause: OHKO moves are banned
|rule|Evasion Items Clause: Evasion items are banned
|rule|Evasion Moves Clause: Evasion moves are banned
|rule|Sleep Moves Clause: Sleep-inducing moves are banned
|clearpoke
|poke|p1|Ribombee, M|
|poke|p1|Cinderace, M|
|poke|p1|Serperior, F|
|poke|p1|Kingambit, F|
|poke|p1|Garganacl, F|
|poke|p1|Latias, F|
|poke|p2|Glimmora, M|
|poke|p2|Zamazenta-*|
|poke|p2|Latias, F|
|poke|p2|Gholdengo|
|poke|p2|Dragonite, F|
|poke|p2|Weavile, F|
|teampreview
|inactive|Battle timer is ON: inactive players will automatically lose when time's up. (requested by Burgundi)
|
|t:|1743839823
|start
|switch|p1a: Ribombee|Ribombee, M|100/100
|switch|p2a: Glimmora|Glimmora, M|100/100
|turn|1
|
|t:|1743839830
|move|p1a: Ribombee|Sticky Web|p2a: Glimmora
|-sidestart|p2: Nbr1bleachfan|move: Sticky Web
|move|p2a: Glimmora|Spikes|p1a: Ribombee
|-sidestart|p1: Burgundi|Spikes
|
|upkeep
|turn|2
|
|t:|1743839837
|switch|p1a: Kingambit|Kingambit, F, shiny|100/100
|-damage|p1a: Kingambit|88/100|[from] Spikes
|move|p2a: Glimmora|Spikes|p1a: Kingambit
|-sidestart|p1: Burgundi|Spikes
|
|upkeep
|turn|3
|
|t:|1743839845
|move|p2a: Glimmora|Spikes|p1a: Kingambit
|-sidestart|p1: Burgundi|Spikes
|move|p1a: Kingambit|Swords Dance|p1a: Kingambit
|-boost|p1a: Kingambit|atk|2
|
|upkeep
|turn|4
|
|t:|1743839866
|move|p2a: Glimmora|Power Gem|p1a: Kingambit
|-resisted|p1a: Kingambit
|-damage|p1a: Kingambit|72/100
|move|p1a: Kingambit|Iron Head|p2a: Glimmora
|-supereffective|p2a: Glimmora
|-damage|p2a: Glimmora|0 fnt
|-activate|p2a: Glimmora|ability: Toxic Debris
|-sidestart|p1: Burgundi|move: Toxic Spikes
|faint|p2a: Glimmora
|
|upkeep
|
|t:|1743839876
|switch|p2a: Gholdengo|Gholdengo|100/100
|-activate|p2a: Gholdengo|move: Sticky Web
|-unboost|p2a: Gholdengo|spe|1
|turn|5
|
|t:|1743839884
|switch|p1a: Latias|Latias, F|100/100
|move|p2a: Gholdengo|Nasty Plot|p2a: Gholdengo
|-boost|p2a: Gholdengo|spa|2
|
|upkeep
|turn|6
|
|t:|1743839897
|-terastallize|p2a: Gholdengo|Fairy
|move|p1a: Latias|Light Screen|p1a: Latias
|-sidestart|p1: Burgundi|move: Light Screen
|move|p2a: Gholdengo|Shadow Ball|p1a: Latias
|-supereffective|p1a: Latias
|-damage|p1a: Latias|35/100
|
|upkeep
|turn|7
|
|t:|1743839906
|move|p1a: Latias|Reflect|p1a: Latias
|-sidestart|p1: Burgundi|Reflect
|move|p2a: Gholdengo|Shadow Ball|p1a: Latias
|-supereffective|p1a: Latias
|-damage|p1a: Latias|0 fnt
|faint|p1a: Latias
|
|upkeep
|
|t:|1743839912
|switch|p1a: Cinderace|Cinderace, M|100/100
|turn|8
|
|t:|1743839935
|move|p1a: Cinderace|Pyro Ball|p2a: Gholdengo
|-damage|p2a: Gholdengo|45/100
|move|p2a: Gholdengo|Shadow Ball|p1a: Cinderace
|-damage|p1a: Cinderace|44/100
|
|upkeep
|turn|9
|inactive|Nbr1bleachfan has 120 seconds left.
|
|t:|1743839965
|move|p1a: Cinderace|Pyro Ball|p2a: Gholdengo
|-damage|p2a: Gholdengo|0 fnt
|faint|p2a: Gholdengo
|
|upkeep
|inactive|Nbr1bleachfan has 120 seconds left.
|
|t:|1743839971
|switch|p2a: Latias|Latias, F|100/100
|turn|10
|inactive|Nbr1bleachfan has 120 seconds left.
|
|t:|1743839989
|move|p1a: Cinderace|Court Change|p1a: Cinderace
|-start|p1a: Cinderace|typechange|Normal|[from] ability: Libero
|-swapsideconditions
|-activate|p1a: Cinderace|move: Court Change
|move|p2a: Latias|Calm Mind|p2a: Latias
|-boost|p2a: Latias|spa|1
|-boost|p2a: Latias|spd|1
|
|upkeep
|turn|11
|inactive|Nbr1bleachfan has 120 seconds left.
|
|t:|1743840001
|move|p1a: Cinderace|U-turn|p2a: Latias
|-supereffective|p2a: Latias
|-damage|p2a: Latias|79/100
|
|t:|1743840006
|switch|p1a: Kingambit|Kingambit, F, shiny|72/100|[from] U-turn
|-activate|p1a: Kingambit|move: Sticky Web
|-unboost|p1a: Kingambit|spe|1
|-ability|p1a: Kingambit|Defiant|boost
|-boost|p1a: Kingambit|atk|2
|move|p2a: Latias|Stored Power|p1a: Kingambit
|-immune|p1a: Kingambit
|
|-heal|p2a: Latias|85/100|[from] item: Leftovers
|upkeep
|turn|12
|
|t:|1743840019
|move|p2a: Latias|Draining Kiss|p1a: Kingambit
|-damage|p1a: Kingambit|51/100
|-heal|p2a: Latias|100/100|[from] drain|[of] p1a: Kingambit
|move|p1a: Kingambit|Kowtow Cleave|p2a: Latias
|-supereffective|p2a: Latias
|-damage|p2a: Latias|0 fnt
|faint|p2a: Latias
|
|upkeep
|inactive|Nbr1bleachfan has 120 seconds left.
|
|t:|1743840044
|switch|p2a: Dragonite|Dragonite, F|100/100
|turn|13
|
|t:|1743840065
|switch|p1a: Garganacl|Garganacl, F|100/100
|-activate|p1a: Garganacl|move: Sticky Web
|-unboost|p1a: Garganacl|spe|1
|move|p2a: Dragonite|Ice Spinner|p1a: Garganacl
|-damage|p1a: Garganacl|84/100
|
|-heal|p1a: Garganacl|90/100|[from] item: Leftovers
|-sideend|p2: Nbr1bleachfan|move: Light Screen
|upkeep
|turn|14
|inactive|Nbr1bleachfan has 90 seconds left.
|
|t:|1743840086
|move|p2a: Dragonite|Dragon Dance|p2a: Dragonite
|-boost|p2a: Dragonite|atk|1
|-boost|p2a: Dragonite|spe|1
|move|p1a: Garganacl|Salt Cure|p2a: Dragonite
|-supereffective|p2a: Dragonite
|-damage|p2a: Dragonite|92/100
|-start|p2a: Dragonite|Salt Cure
|
|-heal|p1a: Garganacl|96/100|[from] item: Leftovers
|-damage|p2a: Dragonite|80/100|[from] Salt Cure
|-sideend|p2: Nbr1bleachfan|Reflect
|upkeep
|turn|15
|inactive|Nbr1bleachfan has 90 seconds left.
|
|t:|1743840101
|switch|p1a: Kingambit|Kingambit, F, shiny|51/100
|-activate|p1a: Kingambit|move: Sticky Web
|-unboost|p1a: Kingambit|spe|1
|-ability|p1a: Kingambit|Defiant|boost
|-boost|p1a: Kingambit|atk|2
|move|p2a: Dragonite|Dragon Dance|p2a: Dragonite
|-boost|p2a: Dragonite|atk|1
|-boost|p2a: Dragonite|spe|1
|
|-damage|p2a: Dragonite|67/100|[from] Salt Cure
|upkeep
|turn|16
|l|☆Nbr1bleachfan
|inactive|Nbr1bleachfan disconnected and has a minute to reconnect!
|player|p2|
|inactive|Nbr1bleachfan has 30 seconds to reconnect!
|inactive|Nbr1bleachfan has 20 seconds to reconnect!
|inactive|Nbr1bleachfan has 15 seconds to reconnect!
|inactive|Nbr1bleachfan has 10 seconds to reconnect!
|inactive|Nbr1bleachfan has 5 seconds to reconnect!
|-message|Nbr1bleachfan lost due to inactivity.
|
|win|Burgundi
|inactive|Nbr1bleachfan has 25 seconds left this turn.
|raw|Burgundi's rating: 1119 &rarr; <strong>1143</strong><br />(+24 for winning)
|raw|Nbr1bleachfan's rating: 1101 &rarr; <strong>1077</strong><br />(-24 for losing)
