|j|☆Emmacomedora
|j|☆Kidday
|t:|1743834533
|gametype|singles
|player|p1|Emmacomedora|roughneck-gen4|1341
|player|p2|Kidday|psychic|1252
|teamsize|p1|6
|teamsize|p2|6
|gen|9
|tier|[Gen 9] OU
|rated|
|rule|HP Percentage Mod: HP is shown in percentages
|rule|Endless Battle Clause: Forcing endless battles is banned
|rule|Species Clause: Limit one of each Pokémon
|rule|OHKO Clause: OHKO moves are banned
|rule|Evasion Items Clause: Evasion items are banned
|rule|Evasion Moves Clause: Evasion moves are banned
|rule|Sleep Moves Clause: Sleep-inducing moves are banned
|clearpoke
|poke|p1|Swampert, M|
|poke|p1|Samurott-Hisui, F|
|poke|p1|Dondozo, M|
|poke|p1|Primarina, F|
|poke|p1|Volcanion|
|poke|p1|Rotom-Wash|
|poke|p2|Blastoise, M|
|poke|p2|Sceptile, M|
|poke|p2|Golurk|
|poke|p2|Kingambit, M|
|poke|p2|Magmortar, M|
|poke|p2|Grimmsnarl, M|
|teampreview
|inactive|Battle timer is ON: inactive players will automatically lose when time's up. (requested by Emmacomedora)
|
|t:|1743834545
|start
|switch|p1a: Samurott|Samurott-Hisui, F, shiny|100/100
|switch|p2a: Grimmsnarl|Grimmsnarl, M, shiny|100/100
|turn|1
|
|t:|1743834560
|move|p2a: Grimmsnarl|Reflect|p2a: Grimmsnarl
|-sidestart|p2: Kidday|Reflect
|move|p1a: Samurott|Aqua Cutter|p2a: Grimmsnarl
|-crit|p2a: Grimmsnarl
|-damage|p2a: Grimmsnarl|23/100
|-damage|p1a: Samurott|91/100|[from] item: Life Orb
|
|upkeep
|turn|2
|
|t:|1743834570
|switch|p2a: Sceptile|Sceptile, M|100/100
|move|p1a: Samurott|Aqua Cutter|p2a: Sceptile
|-resisted|p2a: Sceptile
|-damage|p2a: Sceptile|76/100
|-damage|p1a: Samurott|81/100|[from] item: Life Orb
|
|upkeep
|turn|3
|
|t:|1743834585
|-terastallize|p1a: Samurott|Bug
|move|p2a: Sceptile|Leaf Storm|p1a: Samurott
|-resisted|p1a: Samurott
|-damage|p1a: Samurott|35/100
|-unboost|p2a: Sceptile|spa|2
|-enditem|p2a: Sceptile|White Herb
|-clearnegativeboost|p2a: Sceptile|[silent]
|move|p1a: Samurott|Ceaseless Edge|p2a: Sceptile
|-damage|p2a: Sceptile|24/100
|-sidestart|p2: Kidday|Spikes
|-damage|p1a: Samurott|25/100|[from] item: Life Orb
|
|upkeep
|turn|4
|
|t:|1743834603
|move|p1a: Samurott|Sucker Punch|p2a: Sceptile
|-damage|p2a: Sceptile|0 fnt
|faint|p2a: Sceptile
|-damage|p1a: Samurott|15/100|[from] item: Life Orb
|
|upkeep
|c|☆Emmacomedora|gg
|inactive|Kidday has 120 seconds left.
|
|t:|1743834630
|switch|p2a: Magmortar|Magmortar, M, shiny|100/100
|-damage|p2a: Magmortar|88/100|[from] Spikes
|turn|5
|
|t:|1743834636
|switch|p1a: McSapão|Swampert, M|100/100
|move|p2a: Magmortar|Flamethrower|p1a: McSapão
|-resisted|p1a: McSapão
|-damage|p1a: McSapão|76/100
|
|upkeep
|turn|6
|
|t:|1743834642
|move|p2a: Magmortar|Scorching Sands|p1a: McSapão
|-damage|p1a: McSapão|52/100
|-status|p1a: McSapão|brn
|move|p1a: McSapão|Earthquake|p2a: Magmortar
|-supereffective|p2a: Magmortar
|-damage|p2a: Magmortar|35/100
|
|-damage|p1a: McSapão|46/100 brn|[from] brn
|upkeep
|turn|7
|
|t:|1743834655
|move|p2a: Magmortar|Psychic|p1a: McSapão
|-damage|p1a: McSapão|18/100 brn
|move|p1a: McSapão|Earthquake|p2a: Magmortar
|-supereffective|p2a: Magmortar
|-damage|p2a: Magmortar|0 fnt
|faint|p2a: Magmortar
|
|-damage|p1a: McSapão|12/100 brn|[from] brn
|upkeep
|inactive|Kidday has 120 seconds left.
|
|t:|1743834688
|switch|p2a: Kingambit|Kingambit, M, shiny|100/100
|-damage|p2a: Kingambit|88/100|[from] Spikes
|-activate|p2a: Kingambit|ability: Supreme Overlord
|-start|p2a: Kingambit|fallen2|[silent]
|turn|8
|
|t:|1743834693
|move|p2a: Kingambit|Sucker Punch|p1a: McSapão
|-damage|p1a: McSapão|0 fnt
|faint|p1a: McSapão
|
|-sideend|p2: Kidday|Reflect
|upkeep
|
|t:|1743834702
|switch|p1a: Volcanion|Volcanion|100/100
|turn|9
|inactive|Kidday has 120 seconds left.
|
|t:|1743834717
|-end|p2a: Kingambit|fallen2|[silent]
|switch|p2a: Golurk|Golurk, shiny|100/100
|-damage|p2a: Golurk|88/100|[from] Spikes
|move|p1a: Volcanion|Steam Eruption|p2a: Golurk
|-supereffective|p2a: Golurk
|-damage|p2a: Golurk|0 fnt
|faint|p2a: Golurk
|
|upkeep
|
|t:|1743834720
|switch|p2a: Grimmsnarl|Grimmsnarl, M, shiny|23/100
|-damage|p2a: Grimmsnarl|11/100|[from] Spikes
|turn|10
|
|t:|1743834728
|switch|p1a: Samurott|Samurott-Hisui, F, shiny, tera:Bug|15/100
|move|p2a: Grimmsnarl|Light Screen|p2a: Grimmsnarl
|-sidestart|p2: Kidday|move: Light Screen
|
|upkeep
|turn|11
|
|t:|1743834734
|move|p2a: Grimmsnarl|Reflect|p2a: Grimmsnarl
|-sidestart|p2: Kidday|Reflect
|move|p1a: Samurott|Ceaseless Edge|p2a: Grimmsnarl
|-resisted|p2a: Grimmsnarl
|-damage|p2a: Grimmsnarl|5/100
|-sidestart|p2: Kidday|Spikes
|-damage|p1a: Samurott|5/100|[from] item: Life Orb
|
|upkeep
|turn|12
|
|t:|1743834743
|move|p2a: Grimmsnarl|Parting Shot|p1a: Samurott
|-unboost|p1a: Samurott|atk|1
|-unboost|p1a: Samurott|spa|1
|
|t:|1743834751
|switch|p2a: Blastoise|Blastoise, M, shiny|100/100|[from] Parting Shot
|-damage|p2a: Blastoise|84/100|[from] Spikes
|move|p1a: Samurott|Ceaseless Edge|p2a: Blastoise
|-damage|p2a: Blastoise|65/100
|-sidestart|p2: Kidday|Spikes
|-damage|p1a: Samurott|0 fnt|[from] item: Life Orb
|faint|p1a: Samurott
|
|upkeep
|
|t:|1743834762
|switch|p1a: Dondozo|Dondozo, M|100/100
|turn|13
|c|☆Emmacomedora|!dt unaware
|raw|<ul class="utilichart"><li class="result"><span class="col namecol"><a href="https://dex.pokemonshowdown.com/abilities/unaware">Unaware</a></span> <span class="col abilitydesccol">This Pokemon ignores other Pokemon's stat stages when taking or doing damage.</span> </li><li style="clear:both"></li></ul>
|raw|<font size="1"><font color="#686868">Gen:</font> 4&nbsp;|&ThickSpace;&#10003; Ignored by Mold Breaker</font>

|
|t:|1743834782
|switch|p2a: Grimmsnarl|Grimmsnarl, M, shiny|5/100
|-damage|p2a: Grimmsnarl|0 fnt|[from] Spikes
|faint|p2a: Grimmsnarl
|move|p1a: Dondozo|Body Slam|p2: Grimmsnarl|[notarget]
|-fail|p1a: Dondozo
|
|upkeep
|
|t:|1743834791
|switch|p2a: Kingambit|Kingambit, M, shiny|88/100
|-damage|p2a: Kingambit|63/100|[from] Spikes
|-activate|p2a: Kingambit|ability: Supreme Overlord
|-start|p2a: Kingambit|fallen4|[silent]
|turn|14
|
|t:|1743834798
|switch|p1a: Primarina|Primarina, F, shiny|100/100
|move|p2a: Kingambit|Kowtow Cleave|p1a: Primarina
|-resisted|p1a: Primarina
|-damage|p1a: Primarina|56/100
|
|upkeep
|turn|15
|
|t:|1743834805
|move|p1a: Primarina|Hyper Voice|p2a: Kingambit
|-damage|p2a: Kingambit|40/100
|-enditem|p1a: Primarina|Throat Spray
|-boost|p1a: Primarina|spa|1|[from] item: Throat Spray
|move|p2a: Kingambit|Iron Head|p1a: Primarina
|-damage|p1a: Primarina|0 fnt
|faint|p1a: Primarina
|
|upkeep
|
|t:|1743834813
|switch|p1a: Rotom|Rotom-Wash, shiny|100/100
|turn|16
|
|t:|1743834817
|move|p1a: Rotom|Will-O-Wisp|p2a: Kingambit
|-status|p2a: Kingambit|brn
|move|p2a: Kingambit|Kowtow Cleave|p1a: Rotom
|-crit|p1a: Rotom
|-damage|p1a: Rotom|26/100
|
|-damage|p2a: Kingambit|34/100 brn|[from] brn
|upkeep
|turn|17
|
|t:|1743834824
|move|p1a: Rotom|Thunderbolt|p2a: Kingambit
|-damage|p2a: Kingambit|7/100 brn
|-damage|p1a: Rotom|16/100|[from] item: Life Orb
|move|p2a: Kingambit|Kowtow Cleave|p1a: Rotom
|-damage|p1a: Rotom|0 fnt
|faint|p1a: Rotom
|
|-damage|p2a: Kingambit|1/100 brn|[from] brn
|-sideend|p2: Kidday|move: Light Screen
|upkeep
|
|t:|1743834834
|switch|p1a: Volcanion|Volcanion|100/100
|turn|18
|
|t:|1743834838
|switch|p1a: Dondozo|Dondozo, M|100/100
|move|p2a: Kingambit|Sucker Punch||[still]
|-fail|p2a: Kingambit
|
|-damage|p2a: Kingambit|0 fnt|[from] brn
|faint|p2a: Kingambit
|-end|p2a: Kingambit|fallen4|[silent]
|-sideend|p2: Kidday|Reflect
|upkeep
|
|t:|1743834841
|switch|p2a: Blastoise|Blastoise, M, shiny|65/100
|-damage|p2a: Blastoise|40/100|[from] Spikes
|turn|19
|
|t:|1743834848
|move|p2a: Blastoise|Shell Smash|p2a: Blastoise
|-unboost|p2a: Blastoise|def|1
|-unboost|p2a: Blastoise|spd|1
|-boost|p2a: Blastoise|atk|2
|-boost|p2a: Blastoise|spa|2
|-boost|p2a: Blastoise|spe|2
|-enditem|p2a: Blastoise|White Herb
|-clearnegativeboost|p2a: Blastoise|[silent]
|move|p1a: Dondozo|Body Slam|p2a: Blastoise
|-damage|p2a: Blastoise|14/100
|-status|p2a: Blastoise|par
|
|upkeep
|turn|20
|
|t:|1743834858
|switch|p1a: Volcanion|Volcanion|100/100
|-terastallize|p2a: Blastoise|Water
|move|p2a: Blastoise|Surf|p1a: Volcanion
|-immune|p1a: Volcanion|[from] ability: Water Absorb
|
|upkeep
|turn|21
|c|☆Emmacomedora|:D
|
|t:|1743834873
|move|p2a: Blastoise|Flash Cannon|p1a: Volcanion
|-resisted|p1a: Volcanion
|-damage|p1a: Volcanion|89/100
|move|p1a: Volcanion|Sludge Bomb|p2a: Blastoise
|-damage|p2a: Blastoise|0 fnt
|faint|p2a: Blastoise
|
|win|Emmacomedora
|raw|Emmacomedora's rating: 1341 &rarr; <strong>1356</strong><br />(+15 for winning)
|raw|Kidday's rating: 1252 &rarr; <strong>1233</strong><br />(-19 for losing)
|l|☆Emmacomedora
|player|p1|
|l|☆Kidday
|player|p2|
