|j|☆air555
|j|☆AbyssalWerksHATER
|t:|1743859495
|gametype|singles
|player|p1|air555|pokemonranger-gen4|1247
|player|p2|AbyssalWerksHATER|giovanni|1233
|teamsize|p1|6
|teamsize|p2|6
|gen|9
|tier|[Gen 9] OU
|rated|
|rule|HP Percentage Mod: HP is shown in percentages
|rule|Endless Battle Clause: Forcing endless battles is banned
|rule|Species Clause: Limit one of each Pokémon
|rule|OHKO Clause: OHKO moves are banned
|rule|Evasion Items Clause: Evasion items are banned
|rule|Evasion Moves Clause: Evasion moves are banned
|rule|Sleep Moves Clause: Sleep-inducing moves are banned
|clearpoke
|poke|p1|Sceptile, M|
|poke|p1|Gholdengo|
|poke|p1|Great Tusk|
|poke|p1|Ogerpon-Cornerstone, F|
|poke|p1|Araquanid, M|
|poke|p1|Rotom-Heat|
|poke|p2|Azelf|
|poke|p2|Iron Valiant|
|poke|p2|Glimmora, M|
|poke|p2|Great Tusk|
|poke|p2|Kingambit, M|
|poke|p2|Dragonite, M|
|teampreview
|inactive|Battle timer is ON: inactive players will automatically lose when time's up. (requested by AbyssalWerksHATER)
|
|t:|1743859504
|start
|switch|p1a: Gholdengo|Gholdengo|100/100
|switch|p2a: My Main Goal...|Azelf|100/100
|-item|p1a: Gholdengo|Air Balloon
|turn|1
|
|t:|1743859512
|move|p2a: My Main Goal...|Stealth Rock|p1a: Gholdengo
|-sidestart|p1: air555|move: Stealth Rock
|move|p1a: Gholdengo|Shadow Ball|p2a: My Main Goal...
|-supereffective|p2a: My Main Goal...
|-enditem|p2a: My Main Goal...|Focus Sash
|-damage|p2a: My Main Goal...|1/100
|
|upkeep
|turn|2
|
|t:|1743859534
|move|p2a: My Main Goal...|U-turn|p1a: Gholdengo
|-resisted|p1a: Gholdengo
|-damage|p1a: Gholdengo|97/100
|-enditem|p1a: Gholdengo|Air Balloon
|
|t:|1743859537
|switch|p2a: Rocks aren't real|Dragonite, M|100/100|[from] U-turn
|move|p1a: Gholdengo|Shadow Ball|p2a: Rocks aren't real
|-damage|p2a: Rocks aren't real|83/100
|-unboost|p2a: Rocks aren't real|spd|1
|
|upkeep
|turn|3
|
|t:|1743859545
|move|p2a: Rocks aren't real|Dragon Dance|p2a: Rocks aren't real
|-boost|p2a: Rocks aren't real|atk|1
|-boost|p2a: Rocks aren't real|spe|1
|move|p1a: Gholdengo|Thunder Wave|p2a: Rocks aren't real
|-status|p2a: Rocks aren't real|par
|
|upkeep
|turn|4
|c|☆AbyssalWerksHATER|ahh
|
|t:|1743859553
|switch|p1a: Araquanid|Araquanid, M|100/100
|-damage|p1a: Araquanid|75/100|[from] Stealth Rock
|move|p2a: Rocks aren't real|Fire Punch|p1a: Araquanid
|-damage|p1a: Araquanid|56/100
|-damage|p2a: Rocks aren't real|66/100 par|[from] item: Rocky Helmet|[of] p1a: Araquanid
|
|upkeep
|turn|5
|
|t:|1743859562
|move|p2a: Rocks aren't real|Dragon Claw|p1a: Araquanid
|-damage|p1a: Araquanid|0 fnt
|-damage|p2a: Rocks aren't real|50/100 par|[from] item: Rocky Helmet|[of] p1a: Araquanid
|faint|p1a: Araquanid
|
|upkeep
|
|t:|1743859574
|switch|p1a: Great Tusk|Great Tusk|100/100
|-damage|p1a: Great Tusk|98/100|[from] Stealth Rock
|-enditem|p1a: Great Tusk|Booster Energy
|-activate|p1a: Great Tusk|ability: Protosynthesis|[fromitem]
|-start|p1a: Great Tusk|protosynthesisatk
|turn|6
|
|t:|1743859580
|move|p1a: Great Tusk|Rapid Spin|p2a: Rocks aren't real
|-damage|p2a: Rocks aren't real|22/100 par
|-boost|p1a: Great Tusk|spe|1
|-sideend|p1: air555|Stealth Rock|[from] move: Rapid Spin|[of] p1a: Great Tusk
|move|p2a: Rocks aren't real|Dragon Claw|p1a: Great Tusk
|-damage|p1a: Great Tusk|50/100
|
|upkeep
|turn|7
|
|t:|1743859599
|move|p2a: Rocks aren't real|Extreme Speed|p1a: Great Tusk
|-damage|p1a: Great Tusk|16/100
|move|p1a: Great Tusk|Close Combat|p2a: Rocks aren't real
|-resisted|p2a: Rocks aren't real
|-damage|p2a: Rocks aren't real|0 fnt
|-unboost|p1a: Great Tusk|def|1
|-unboost|p1a: Great Tusk|spd|1
|faint|p2a: Rocks aren't real
|
|upkeep
|
|t:|1743859613
|switch|p2a: My Main Goal...|Azelf|1/100
|turn|8
|
|t:|1743859619
|move|p1a: Great Tusk|Rapid Spin|p2a: My Main Goal...
|-damage|p2a: My Main Goal...|0 fnt
|-boost|p1a: Great Tusk|spe|1
|faint|p2a: My Main Goal...
|
|upkeep
|
|t:|1743859621
|switch|p2a: 87 different sets|Iron Valiant|100/100
|-enditem|p2a: 87 different sets|Booster Energy
|-activate|p2a: 87 different sets|ability: Quark Drive|[fromitem]
|-start|p2a: 87 different sets|quarkdrivespe
|turn|9
|
|t:|1743859633
|move|p2a: 87 different sets|Vacuum Wave|p1a: Great Tusk
|-damage|p1a: Great Tusk|0 fnt
|faint|p1a: Great Tusk
|-end|p1a: Great Tusk|Protosynthesis|[silent]
|
|upkeep
|
|t:|1743859640
|switch|p1a: Rotom|Rotom-Heat|100/100
|turn|10
|
|t:|1743859645
|-terastallize|p2a: 87 different sets|Electric
|move|p2a: 87 different sets|Calm Mind|p2a: 87 different sets
|-boost|p2a: 87 different sets|spa|1
|-boost|p2a: 87 different sets|spd|1
|move|p1a: Rotom|Will-O-Wisp|p2a: 87 different sets
|-status|p2a: 87 different sets|brn
|
|-damage|p2a: 87 different sets|94/100 brn|[from] brn
|upkeep
|turn|11
|
|t:|1743859658
|move|p2a: 87 different sets|Calm Mind|p2a: 87 different sets
|-boost|p2a: 87 different sets|spa|1
|-boost|p2a: 87 different sets|spd|1
|move|p1a: Rotom|Volt Switch|p2a: 87 different sets
|-resisted|p2a: 87 different sets
|-damage|p2a: 87 different sets|82/100 brn
|
|t:|1743859665
|switch|p1a: Gholdengo|Gholdengo|97/100|[from] Volt Switch
|
|-damage|p2a: 87 different sets|76/100 brn|[from] brn
|upkeep
|turn|12
|
|t:|1743859672
|move|p2a: 87 different sets|Thunderbolt|p1a: Gholdengo
|-damage|p1a: Gholdengo|15/100
|move|p1a: Gholdengo|Make It Rain|p2a: 87 different sets
|-resisted|p2a: 87 different sets
|-damage|p2a: 87 different sets|53/100 brn
|-unboost|p1a: Gholdengo|spa|1
|
|-damage|p2a: 87 different sets|47/100 brn|[from] brn
|upkeep
|turn|13
|
|t:|1743859687
|switch|p1a: Rotom|Rotom-Heat|100/100
|move|p2a: 87 different sets|Moonblast|p1a: Rotom
|-resisted|p1a: Rotom
|-damage|p1a: Rotom|50/100
|
|-heal|p1a: Rotom|57/100|[from] item: Leftovers
|-damage|p2a: 87 different sets|40/100 brn|[from] brn
|upkeep
|turn|14
|
|t:|1743859703
|move|p2a: 87 different sets|Moonblast|p1a: Rotom
|-resisted|p1a: Rotom
|-damage|p1a: Rotom|0 fnt
|faint|p1a: Rotom
|
|-damage|p2a: 87 different sets|34/100 brn|[from] brn
|upkeep
|
|t:|1743859712
|switch|p1a: Ogerpon|Ogerpon-Cornerstone, F|100/100
|turn|15
|c|☆AbyssalWerksHATER|put some butter on that cus that was a roll
|
|t:|1743859720
|move|p2a: 87 different sets|Vacuum Wave|p1a: Ogerpon
|-supereffective|p1a: Ogerpon
|-damage|p1a: Ogerpon|8/100
|move|p1a: Ogerpon|Swords Dance|p1a: Ogerpon
|-boost|p1a: Ogerpon|atk|2
|
|-damage|p2a: 87 different sets|28/100 brn|[from] brn
|upkeep
|turn|16
|
|t:|1743859729
|move|p2a: 87 different sets|Vacuum Wave|p1a: Ogerpon
|-supereffective|p1a: Ogerpon
|-damage|p1a: Ogerpon|0 fnt
|faint|p1a: Ogerpon
|
|-damage|p2a: 87 different sets|22/100 brn|[from] brn
|upkeep
|-message|air555 forfeited.
|
|win|AbyssalWerksHATER
|raw|air555's rating: 1247 &rarr; <strong>1221</strong><br />(-26 for losing)
|raw|AbyssalWerksHATER's rating: 1233 &rarr; <strong>1259</strong><br />(+26 for winning)
|l|☆air555
|player|p1|
