|j|☆kingCR0C
|j|☆Kamas279
|t:|1743788094
|gametype|singles
|player|p1|kingCR0C|265|1328
|player|p2|Kamas279|waiter|1326
|teamsize|p1|6
|teamsize|p2|6
|gen|9
|tier|[Gen 9] OU
|rated|
|rule|HP Percentage Mod: HP is shown in percentages
|rule|Endless Battle Clause: Forcing endless battles is banned
|rule|Species Clause: Limit one of each Pokémon
|rule|OHKO Clause: OHKO moves are banned
|rule|Evasion Items Clause: Evasion items are banned
|rule|Evasion Moves Clause: Evasion moves are banned
|rule|Sleep Moves Clause: Sleep-inducing moves are banned
|clearpoke
|poke|p1|Minior-Yellow|
|poke|p1|Quaquaval, M|
|poke|p1|Lokix, M|
|poke|p1|Iron Moth|
|poke|p1|Blaziken, M|
|poke|p1|Bisharp, M|
|poke|p2|Glimmora, M|
|poke|p2|Drifblim, F|
|poke|p2|Ursaluna, M|
|poke|p2|Araquanid, F|
|poke|p2|Zapdos|
|poke|p2|Forretress, M|
|teampreview
|
|t:|1743788103
|start
|switch|p1a: Baron|Bisharp, M|100/100
|switch|p2a: Zapdos|Zapdos|100/100
|turn|1
|
|t:|1743788109
|switch|p1a: Brainstorm|Minior-Yellow|100/100
|-formechange|p1a: Brainstorm|Minior-Meteor||[from] ability: Shields Down
|move|p2a: Zapdos|Heat Wave|p1a: Brainstorm
|-resisted|p1a: Brainstorm
|-damage|p1a: Brainstorm|78/100
|
|upkeep
|turn|2
|
|t:|1743788114
|-terastallize|p1a: Brainstorm|Ground
|move|p2a: Zapdos|Discharge|p1a: Brainstorm
|-immune|p1a: Brainstorm
|move|p1a: Brainstorm|Shell Smash|p1a: Brainstorm
|-unboost|p1a: Brainstorm|def|1
|-unboost|p1a: Brainstorm|spd|1
|-boost|p1a: Brainstorm|atk|2
|-boost|p1a: Brainstorm|spa|2
|-boost|p1a: Brainstorm|spe|2
|-enditem|p1a: Brainstorm|White Herb
|-clearnegativeboost|p1a: Brainstorm|[silent]
|
|upkeep
|turn|3
|inactive|Battle timer is ON: inactive players will automatically lose when time's up. (requested by kingCR0C)
|
|t:|1743788129
|-terastallize|p2a: Zapdos|Electric
|move|p1a: Brainstorm|Substitute|p1a: Brainstorm
|-start|p1a: Brainstorm|Substitute
|-damage|p1a: Brainstorm|53/100
|move|p2a: Zapdos|Hurricane|p1a: Brainstorm|[miss]
|-miss|p2a: Zapdos|p1a: Brainstorm
|
|upkeep
|turn|4
|inactive|Kamas279 has 120 seconds left.
|
|t:|1743788164
|move|p1a: Brainstorm|Earthquake|p2a: Zapdos
|-supereffective|p2a: Zapdos
|-damage|p2a: Zapdos|0 fnt
|faint|p2a: Zapdos
|
|upkeep
|inactive|Kamas279 has 120 seconds left.
|
|t:|1743788171
|switch|p2a: Forretress|Forretress, M|100/100
|turn|5
|
|t:|1743788176
|move|p1a: Brainstorm|Acrobatics|p2a: Forretress
|-damage|p2a: Forretress|31/100
|move|p2a: Forretress|Iron Head|p1a: Brainstorm
|-end|p1a: Brainstorm|Substitute
|
|upkeep
|turn|6
|
|t:|1743788189
|switch|p2a: Drifblim|Drifblim, F|100/100
|move|p1a: Brainstorm|Earthquake|p2a: Drifblim
|-immune|p2a: Drifblim
|
|upkeep
|turn|7
|
|t:|1743788193
|move|p1a: Brainstorm|Substitute|p1a: Brainstorm
|-start|p1a: Brainstorm|Substitute
|-damage|p1a: Brainstorm|28/100
|move|p2a: Drifblim|Will-O-Wisp||[still]
|-fail|p2a: Drifblim
|
|-formechange|p1a: Brainstorm|Minior-Yellow||[from] ability: Shields Down
|upkeep
|turn|8
|
|t:|1743788202
|move|p1a: Brainstorm|Acrobatics|p2a: Drifblim
|-damage|p2a: Drifblim|8/100
|-damage|p1a: Brainstorm|11/100|[from] item: Rocky Helmet|[of] p2a: Drifblim
|move|p2a: Drifblim|Hex|p1a: Brainstorm
|-end|p1a: Brainstorm|Substitute
|
|upkeep
|turn|9
|
|t:|1743788210
|move|p1a: Brainstorm|Acrobatics|p2a: Drifblim
|-damage|p2a: Drifblim|0 fnt
|-damage|p1a: Brainstorm|0 fnt|[from] ability: Aftermath|[of] p2a: Drifblim
|faint|p2a: Drifblim
|faint|p1a: Brainstorm
|
|upkeep
|
|t:|1743788216
|switch|p1a: Hack|Blaziken, M|100/100
|switch|p2a: Araquanid|Araquanid, F|100/100
|turn|10
|
|t:|1743788220
|switch|p1a: Stuntman|Lokix, M|100/100
|move|p2a: Araquanid|Sticky Web|p1a: Stuntman
|-sidestart|p1: kingCR0C|move: Sticky Web
|
|upkeep
|turn|11
|
|t:|1743788224
|move|p1a: Stuntman|Knock Off|p2a: Araquanid
|-damage|p2a: Araquanid|30/100
|-enditem|p2a: Araquanid|Leftovers|[from] move: Knock Off|[of] p1a: Stuntman
|-damage|p1a: Stuntman|91/100|[from] item: Life Orb
|move|p2a: Araquanid|Leech Life|p1a: Stuntman
|-supereffective|p1a: Stuntman
|-damage|p1a: Stuntman|0 fnt
|-heal|p2a: Araquanid|68/100|[from] drain|[of] p1a: Stuntman
|faint|p1a: Stuntman
|
|upkeep
|
|t:|1743788233
|switch|p1a: Baron|Bisharp, M|100/100
|-activate|p1a: Baron|move: Sticky Web
|-unboost|p1a: Baron|spe|1
|-ability|p1a: Baron|Defiant|boost
|-boost|p1a: Baron|atk|2
|turn|12
|
|t:|1743788238
|move|p2a: Araquanid|Liquidation|p1a: Baron
|-damage|p1a: Baron|57/100
|move|p1a: Baron|Swords Dance|p1a: Baron
|-boost|p1a: Baron|atk|2
|
|upkeep
|turn|13
|
|t:|1743788243
|move|p1a: Baron|Sucker Punch|p2a: Araquanid
|-damage|p2a: Araquanid|0 fnt
|faint|p2a: Araquanid
|
|upkeep
|
|t:|1743788248
|switch|p2a: Forretress|Forretress, M|31/100
|turn|14
|
|t:|1743788253
|move|p2a: Forretress|Spikes|p1a: Baron
|-sidestart|p1: kingCR0C|Spikes
|move|p1a: Baron|Low Kick|p2a: Forretress
|-damage|p2a: Forretress|0 fnt
|faint|p2a: Forretress
|
|upkeep
|
|t:|1743788259
|switch|p2a: Glimmora|Glimmora, M|100/100
|turn|15
|
|t:|1743788263
|switch|p2a: Ursaluna|Ursaluna, M|100/100
|move|p1a: Baron|Iron Head|p2a: Ursaluna
|-damage|p2a: Ursaluna|5/100
|
|-status|p2a: Ursaluna|brn|[from] item: Flame Orb
|upkeep
|turn|16
|
|t:|1743788269
|move|p1a: Baron|Sucker Punch|p2a: Ursaluna
|-damage|p2a: Ursaluna|0 fnt
|faint|p2a: Ursaluna
|
|upkeep
|
|t:|1743788270
|switch|p2a: Glimmora|Glimmora, M|100/100
|turn|17
|
|t:|1743788274
|move|p2a: Glimmora|Earth Power|p1a: Baron
|-supereffective|p1a: Baron
|-damage|p1a: Baron|0 fnt
|faint|p1a: Baron
|
|upkeep
|
|t:|1743788277
|switch|p1a: Blueprint|Quaquaval, M|100/100
|-activate|p1a: Blueprint|move: Sticky Web
|-unboost|p1a: Blueprint|spe|1
|-damage|p1a: Blueprint|88/100|[from] Spikes
|turn|18
|
|t:|1743788283
|move|p2a: Glimmora|Energy Ball|p1a: Blueprint
|-supereffective|p1a: Blueprint
|-damage|p1a: Blueprint|25/100
|move|p1a: Blueprint|Aqua Step|p2a: Glimmora
|-supereffective|p2a: Glimmora
|-damage|p2a: Glimmora|0 fnt
|-boost|p1a: Blueprint|spe|1
|-activate|p2a: Glimmora|ability: Toxic Debris
|-sidestart|p1: kingCR0C|move: Toxic Spikes
|faint|p2a: Glimmora
|
|win|kingCR0C
|raw|kingCR0C's rating: 1328 &rarr; <strong>1348</strong><br />(+20 for winning)
|raw|Kamas279's rating: 1326 &rarr; <strong>1306</strong><br />(-20 for losing)
|l|☆Kamas279
|player|p2|
|c|☆kingCR0C|Gg
|l|☆kingCR0C
|player|p1|
