|j|☆guesyo
|j|☆mightlad
|t:|1743869727
|gametype|singles
|player|p1|guesyo|unknownf|1487
|player|p2|mightlad|169|1430
|teamsize|p1|6
|teamsize|p2|6
|gen|9
|tier|[Gen 9] OU
|rated|
|rule|HP Percentage Mod: HP is shown in percentages
|rule|Endless Battle Clause: Forcing endless battles is banned
|rule|Species Clause: Limit one of each Pokémon
|rule|OHKO Clause: OHKO moves are banned
|rule|Evasion Items Clause: Evasion items are banned
|rule|Evasion Moves Clause: Evasion moves are banned
|rule|Sleep Moves Clause: Sleep-inducing moves are banned
|clearpoke
|poke|p1|Garganacl, M|
|poke|p1|Weezing-Galar, F|
|poke|p1|Corviknight, M|
|poke|p1|Dragapult, M|
|poke|p1|Slowking-Galar, F|
|poke|p1|Samurott-Hisui, F|
|poke|p2|Typhlosion, M|
|poke|p2|Hatterene, F|
|poke|p2|Torkoal, F|
|poke|p2|Lilligant-Hisui, F|
|poke|p2|Landorus-Therian, M|
|poke|p2|Dragonite, M|
|teampreview
|
|t:|1743869754
|start
|switch|p1a: Samurott|Samurott-Hisui, F|100/100
|switch|p2a: Torkoal|Torkoal, F|100/100
|-weather|SunnyDay|[from] ability: Drought|[of] p2a: Torkoal
|turn|1
|
|t:|1743869760
|move|p1a: Samurott|Flip Turn|p2a: Torkoal
|-supereffective|p2a: Torkoal
|-damage|p2a: Torkoal|81/100
|
|t:|1743869762
|switch|p1a: Garganacl|Garganacl, M|100/100|[from] Flip Turn
|move|p2a: Torkoal|Body Press|p1a: Garganacl
|-supereffective|p1a: Garganacl
|-damage|p1a: Garganacl|67/100
|
|-weather|SunnyDay|[upkeep]
|-heal|p1a: Garganacl|74/100|[from] item: Leftovers
|upkeep
|turn|2
|
|t:|1743869776
|switch|p2a: Landorus|Landorus-Therian, M|100/100
|-ability|p2a: Landorus|Intimidate|boost
|-unboost|p1a: Garganacl|atk|1
|move|p1a: Garganacl|Salt Cure|p2a: Landorus
|-damage|p2a: Landorus|90/100
|-start|p2a: Landorus|Salt Cure
|
|-weather|SunnyDay|[upkeep]
|-heal|p1a: Garganacl|80/100|[from] item: Leftovers
|-damage|p2a: Landorus|77/100|[from] Salt Cure
|upkeep
|turn|3
|
|t:|1743869793
|switch|p2a: Lilligant|Lilligant-Hisui, F|100/100
|switch|p1a: Corviknight|Corviknight, M|100/100
|-ability|p1a: Corviknight|Pressure
|
|-weather|SunnyDay|[upkeep]
|upkeep
|turn|4
|
|t:|1743869812
|switch|p1a: Weezing|Weezing-Galar, F|100/100
|-ability|p1a: Weezing|Neutralizing Gas
|move|p2a: Lilligant|Victory Dance|p2a: Lilligant
|-boost|p2a: Lilligant|atk|1
|-boost|p2a: Lilligant|def|1
|-boost|p2a: Lilligant|spe|1
|
|-weather|SunnyDay|[upkeep]
|upkeep
|turn|5
|
|t:|1743869824
|move|p2a: Lilligant|Triple Axel|p1a: Weezing
|-damage|p1a: Weezing|95/100
|-damage|p1a: Weezing|81/100
|-damage|p1a: Weezing|62/100
|-hitcount|p1a: Weezing|3
|move|p1a: Weezing|Strange Steam|p2a: Lilligant
|-supereffective|p2a: Lilligant
|-damage|p2a: Lilligant|21/100
|
|-weather|SunnyDay|[upkeep]
|-heal|p1a: Weezing|68/100|[from] item: Black Sludge
|upkeep
|turn|6
|
|t:|1743869839
|-end|p1a: Weezing|ability: Neutralizing Gas
|switch|p1a: Corviknight|Corviknight, M|100/100
|-ability|p1a: Corviknight|Pressure
|move|p2a: Lilligant|Triple Axel|p1a: Corviknight
|-damage|p1a: Corviknight|94/100
|-damage|p2a: Lilligant|5/100|[from] item: Rocky Helmet|[of] p1a: Corviknight
|-damage|p1a: Corviknight|82/100
|-damage|p2a: Lilligant|0 fnt|[from] item: Rocky Helmet|[of] p1a: Corviknight
|faint|p2a: Lilligant
|-hitcount|p1a: Corviknight|2
|
|-weather|SunnyDay|[upkeep]
|upkeep
|
|t:|1743869849
|switch|p2a: Typhlosion|Typhlosion, M|100/100
|turn|7
|
|t:|1743869863
|switch|p1a: Slowking|Slowking-Galar, F|100/100
|-terastallize|p2a: Typhlosion|Fire
|move|p2a: Typhlosion|Eruption|p1a: Slowking
|-damage|p1a: Slowking|8/100
|
|-weather|SunnyDay|[upkeep]
|upkeep
|turn|8
|
|t:|1743869871
|switch|p1a: Weezing|Weezing-Galar, F|68/100
|-ability|p1a: Weezing|Neutralizing Gas
|move|p2a: Typhlosion|Eruption|p1a: Weezing
|-damage|p1a: Weezing|0 fnt
|faint|p1a: Weezing
|-end|p1a: Weezing|ability: Neutralizing Gas
|
|-weather|none
|upkeep
|
|t:|1743869874
|switch|p1a: Samurott|Samurott-Hisui, F|100/100
|turn|9
|
|t:|1743869881
|switch|p2a: Torkoal|Torkoal, F|81/100
|-weather|SunnyDay|[from] ability: Drought|[of] p2a: Torkoal
|move|p1a: Samurott|Flip Turn|p2a: Torkoal
|-supereffective|p2a: Torkoal
|-damage|p2a: Torkoal|62/100
|
|t:|1743869884
|switch|p1a: Slowking|Slowking-Galar, F|42/100|[from] Flip Turn
|
|-weather|SunnyDay|[upkeep]
|upkeep
|turn|10
|
|t:|1743869899
|switch|p1a: Garganacl|Garganacl, M|80/100
|move|p2a: Torkoal|Lava Plume|p1a: Garganacl
|-resisted|p1a: Garganacl
|-damage|p1a: Garganacl|67/100
|
|-weather|SunnyDay|[upkeep]
|-heal|p1a: Garganacl|73/100|[from] item: Leftovers
|upkeep
|turn|11
|
|t:|1743869909
|move|p2a: Torkoal|Stealth Rock|p1a: Garganacl
|-sidestart|p1: guesyo|move: Stealth Rock
|move|p1a: Garganacl|Salt Cure|p2a: Torkoal
|-supereffective|p2a: Torkoal
|-damage|p2a: Torkoal|42/100
|-start|p2a: Torkoal|Salt Cure
|
|-weather|SunnyDay|[upkeep]
|-heal|p1a: Garganacl|79/100|[from] item: Leftovers
|-damage|p2a: Torkoal|30/100|[from] Salt Cure
|upkeep
|turn|12
|
|t:|1743869915
|switch|p2a: Landorus|Landorus-Therian, M|77/100
|-ability|p2a: Landorus|Intimidate|boost
|-unboost|p1a: Garganacl|atk|1
|move|p1a: Garganacl|Salt Cure|p2a: Landorus
|-damage|p2a: Landorus|65/100
|-start|p2a: Landorus|Salt Cure
|
|-weather|SunnyDay|[upkeep]
|-heal|p1a: Garganacl|85/100|[from] item: Leftovers
|-damage|p2a: Landorus|53/100|[from] Salt Cure
|upkeep
|turn|13
|
|t:|1743869922
|move|p1a: Garganacl|Protect|p1a: Garganacl
|-singleturn|p1a: Garganacl|Protect
|move|p2a: Landorus|U-turn|p1a: Garganacl
|-activate|p1a: Garganacl|move: Protect
|
|-weather|SunnyDay|[upkeep]
|-heal|p1a: Garganacl|92/100|[from] item: Leftovers
|-damage|p2a: Landorus|40/100|[from] Salt Cure
|upkeep
|turn|14
|
|t:|1743869926
|move|p2a: Landorus|U-turn|p1a: Garganacl
|-damage|p1a: Garganacl|75/100
|
|t:|1743869938
|switch|p2a: Hatterene|Hatterene, F|100/100|[from] U-turn
|move|p1a: Garganacl|Salt Cure|p2a: Hatterene
|-damage|p2a: Hatterene|92/100
|-start|p2a: Hatterene|Salt Cure
|-enditem|p2a: Hatterene|Eject Button
|
|t:|1743869944
|switch|p2a: Typhlosion|Typhlosion, M, tera:Fire|100/100
|
|-weather|SunnyDay|[upkeep]
|-heal|p1a: Garganacl|81/100|[from] item: Leftovers
|upkeep
|turn|15
|
|t:|1743869969
|move|p1a: Garganacl|Protect|p1a: Garganacl
|-singleturn|p1a: Garganacl|Protect
|move|p2a: Typhlosion|Scorching Sands|p1a: Garganacl
|-activate|p1a: Garganacl|move: Protect
|
|-weather|SunnyDay|[upkeep]
|-heal|p1a: Garganacl|87/100|[from] item: Leftovers
|upkeep
|turn|16
|
|t:|1743869981
|move|p2a: Typhlosion|Scorching Sands|p1a: Garganacl
|-supereffective|p1a: Garganacl
|-damage|p1a: Garganacl|39/100
|move|p1a: Garganacl|Stealth Rock|p2a: Typhlosion
|-sidestart|p2: mightlad|move: Stealth Rock
|
|-weather|none
|-heal|p1a: Garganacl|45/100|[from] item: Leftovers
|upkeep
|turn|17
|
|t:|1743869989
|switch|p2a: Torkoal|Torkoal, F|30/100
|-damage|p2a: Torkoal|5/100|[from] Stealth Rock
|-weather|SunnyDay|[from] ability: Drought|[of] p2a: Torkoal
|move|p1a: Garganacl|Protect||[still]
|-fail|p1a: Garganacl
|
|-weather|SunnyDay|[upkeep]
|-heal|p1a: Garganacl|51/100|[from] item: Leftovers
|upkeep
|turn|18
|
|t:|1743870001
|move|p2a: Torkoal|Rapid Spin|p1a: Garganacl
|-resisted|p1a: Garganacl
|-damage|p1a: Garganacl|49/100
|-boost|p2a: Torkoal|spe|1
|-sideend|p2: mightlad|Stealth Rock|[from] move: Rapid Spin|[of] p2a: Torkoal
|move|p1a: Garganacl|Recover|p1a: Garganacl
|-heal|p1a: Garganacl|99/100
|
|-weather|SunnyDay|[upkeep]
|-heal|p1a: Garganacl|100/100|[from] item: Leftovers
|upkeep
|turn|19
|
|t:|1743870009
|move|p2a: Torkoal|Body Press|p1a: Garganacl
|-supereffective|p1a: Garganacl
|-damage|p1a: Garganacl|70/100
|move|p1a: Garganacl|Salt Cure|p2a: Torkoal
|-supereffective|p2a: Torkoal
|-damage|p2a: Torkoal|0 fnt
|faint|p2a: Torkoal
|
|-weather|SunnyDay|[upkeep]
|-heal|p1a: Garganacl|76/100|[from] item: Leftovers
|upkeep
|
|t:|1743870024
|switch|p2a: Landorus|Landorus-Therian, M|40/100
|-ability|p2a: Landorus|Intimidate|boost
|-unboost|p1a: Garganacl|atk|1
|turn|20
|
|t:|1743870033
|move|p1a: Garganacl|Protect|p1a: Garganacl
|-singleturn|p1a: Garganacl|Protect
|move|p2a: Landorus|Earthquake|p1a: Garganacl
|-activate|p1a: Garganacl|move: Protect
|
|-weather|SunnyDay|[upkeep]
|-heal|p1a: Garganacl|83/100|[from] item: Leftovers
|upkeep
|turn|21
|
|t:|1743870037
|switch|p2a: Typhlosion|Typhlosion, M, tera:Fire|100/100
|switch|p1a: Corviknight|Corviknight, M|82/100
|-damage|p1a: Corviknight|69/100|[from] Stealth Rock
|-ability|p1a: Corviknight|Pressure
|
|-weather|SunnyDay|[upkeep]
|upkeep
|turn|22
|
|t:|1743870047
|move|p2a: Typhlosion|Eruption|p1a: Corviknight
|-supereffective|p1a: Corviknight
|-damage|p1a: Corviknight|0 fnt
|faint|p1a: Corviknight
|
|-weather|SunnyDay|[upkeep]
|upkeep
|
|t:|1743870068
|switch|p1a: Samurott|Samurott-Hisui, F|100/100
|-damage|p1a: Samurott|88/100|[from] Stealth Rock
|turn|23
|
|t:|1743870074
|move|p1a: Samurott|Ceaseless Edge|p2a: Typhlosion
|-damage|p2a: Typhlosion|33/100
|-sidestart|p2: mightlad|Spikes
|move|p2a: Typhlosion|Eruption|p1a: Samurott
|-resisted|p1a: Samurott
|-damage|p1a: Samurott|33/100
|
|-weather|SunnyDay|[upkeep]
|upkeep
|turn|24
|
|t:|1743870091
|switch|p1a: Garganacl|Garganacl, M|83/100
|-damage|p1a: Garganacl|70/100|[from] Stealth Rock
|move|p2a: Typhlosion|Eruption|p1a: Garganacl
|-resisted|p1a: Garganacl
|-damage|p1a: Garganacl|46/100
|
|-weather|none
|-heal|p1a: Garganacl|52/100|[from] item: Leftovers
|upkeep
|turn|25
|
|t:|1743870101
|switch|p2a: Hatterene|Hatterene, F|92/100
|-damage|p2a: Hatterene|80/100|[from] Spikes
|move|p1a: Garganacl|Salt Cure|p2a: Hatterene
|-damage|p2a: Hatterene|68/100
|-start|p2a: Hatterene|Salt Cure
|
|-heal|p1a: Garganacl|58/100|[from] item: Leftovers
|-damage|p2a: Hatterene|56/100|[from] Salt Cure
|upkeep
|turn|26
|
|t:|1743870106
|move|p2a: Hatterene|Nuzzle|p1a: Garganacl
|-damage|p1a: Garganacl|55/100
|move|p1a: Garganacl|Recover|p1a: Garganacl
|-heal|p1a: Garganacl|100/100
|
|-damage|p2a: Hatterene|43/100|[from] Salt Cure
|upkeep
|turn|27
|
|t:|1743870119
|move|p2a: Hatterene|Psychic|p1a: Garganacl
|-damage|p1a: Garganacl|71/100
|move|p1a: Garganacl|Salt Cure|p2a: Hatterene
|-damage|p2a: Hatterene|31/100
|
|-heal|p1a: Garganacl|77/100|[from] item: Leftovers
|-damage|p2a: Hatterene|18/100|[from] Salt Cure
|upkeep
|turn|28
|
|t:|1743870134
|move|p1a: Garganacl|Protect|p1a: Garganacl
|-singleturn|p1a: Garganacl|Protect
|move|p2a: Hatterene|Healing Wish|p2a: Hatterene
|faint|p2a: Hatterene
|
|-heal|p1a: Garganacl|83/100|[from] item: Leftovers
|upkeep
|
|t:|1743870140
|switch|p2a: Landorus|Landorus-Therian, M|40/100
|-heal|p2a: Landorus|100/100|[from] move: Healing Wish
|-ability|p2a: Landorus|Intimidate|boost
|-unboost|p1a: Garganacl|atk|1
|turn|29
|
|t:|1743870149
|switch|p1a: Samurott|Samurott-Hisui, F|33/100
|-damage|p1a: Samurott|20/100|[from] Stealth Rock
|move|p2a: Landorus|Earthquake|p1a: Samurott
|-damage|p1a: Samurott|0 fnt
|faint|p1a: Samurott
|
|upkeep
|
|t:|1743870151
|switch|p1a: Dragapult|Dragapult, M|100/100
|turn|30
|
|t:|1743870159
|move|p2a: Landorus|Earthquake|p1a: Dragapult
|-damage|p1a: Dragapult|17/100
|move|p1a: Dragapult|Will-O-Wisp|p2a: Landorus
|-status|p2a: Landorus|brn
|
|-damage|p2a: Landorus|94/100 brn|[from] brn
|upkeep
|turn|31
|
|t:|1743870165
|switch|p1a: Garganacl|Garganacl, M|83/100
|-damage|p1a: Garganacl|71/100|[from] Stealth Rock
|move|p2a: Landorus|Earthquake|p1a: Garganacl
|-supereffective|p1a: Garganacl
|-damage|p1a: Garganacl|34/100
|
|-heal|p1a: Garganacl|41/100|[from] item: Leftovers
|-damage|p2a: Landorus|88/100 brn|[from] brn
|upkeep
|turn|32
|
|t:|1743870168
|move|p2a: Landorus|Earthquake|p1a: Garganacl
|-supereffective|p1a: Garganacl
|-damage|p1a: Garganacl|3/100
|move|p1a: Garganacl|Recover|p1a: Garganacl
|-heal|p1a: Garganacl|53/100
|
|-heal|p1a: Garganacl|59/100|[from] item: Leftovers
|-damage|p2a: Landorus|82/100 brn|[from] brn
|upkeep
|turn|33
|
|t:|1743870174
|move|p1a: Garganacl|Protect|p1a: Garganacl
|-singleturn|p1a: Garganacl|Protect
|move|p2a: Landorus|Earthquake|p1a: Garganacl
|-activate|p1a: Garganacl|move: Protect
|
|-heal|p1a: Garganacl|66/100|[from] item: Leftovers
|-damage|p2a: Landorus|76/100 brn|[from] brn
|upkeep
|turn|34
|
|t:|1743870182
|move|p2a: Landorus|Earthquake|p1a: Garganacl
|-supereffective|p1a: Garganacl
|-damage|p1a: Garganacl|29/100
|move|p1a: Garganacl|Recover|p1a: Garganacl
|-heal|p1a: Garganacl|79/100
|
|-heal|p1a: Garganacl|85/100|[from] item: Leftovers
|-damage|p2a: Landorus|69/100 brn|[from] brn
|upkeep
|turn|35
|
|t:|1743870187
|switch|p2a: Typhlosion|Typhlosion, M, tera:Fire|33/100
|-damage|p2a: Typhlosion|21/100|[from] Spikes
|move|p1a: Garganacl|Protect||[still]
|-fail|p1a: Garganacl
|
|-heal|p1a: Garganacl|92/100|[from] item: Leftovers
|upkeep
|turn|36
|
|t:|1743870192
|-terastallize|p1a: Garganacl|Fairy
|move|p2a: Typhlosion|Scorching Sands|p1a: Garganacl
|-damage|p1a: Garganacl|71/100
|move|p1a: Garganacl|Salt Cure|p2a: Typhlosion
|-supereffective|p2a: Typhlosion
|-damage|p2a: Typhlosion|0 fnt
|faint|p2a: Typhlosion
|
|-heal|p1a: Garganacl|77/100|[from] item: Leftovers
|upkeep
|
|t:|1743870200
|switch|p2a: Dragonite|Dragonite, M|100/100
|turn|37
|
|t:|1743870211
|move|p2a: Dragonite|Extreme Speed|p1a: Garganacl
|-damage|p1a: Garganacl|48/100
|move|p1a: Garganacl|Salt Cure|p2a: Dragonite
|-supereffective|p2a: Dragonite
|-damage|p2a: Dragonite|85/100
|-start|p2a: Dragonite|Salt Cure
|
|-heal|p1a: Garganacl|54/100|[from] item: Leftovers
|-damage|p2a: Dragonite|73/100|[from] Salt Cure
|upkeep
|turn|38
|
|t:|1743870216
|switch|p2a: Landorus|Landorus-Therian, M|69/100 brn
|-ability|p2a: Landorus|Intimidate|boost
|-unboost|p1a: Garganacl|atk|1
|move|p1a: Garganacl|Recover|p1a: Garganacl
|-heal|p1a: Garganacl|100/100
|
|-damage|p2a: Landorus|63/100 brn|[from] brn
|upkeep
|turn|39
|
|t:|1743870224
|move|p1a: Garganacl|Protect|p1a: Garganacl
|-singleturn|p1a: Garganacl|Protect
|move|p2a: Landorus|Earthquake|p1a: Garganacl
|-activate|p1a: Garganacl|move: Protect
|
|-damage|p2a: Landorus|57/100 brn|[from] brn
|upkeep
|turn|40
|
|t:|1743870229
|move|p2a: Landorus|Earthquake|p1a: Garganacl
|-damage|p1a: Garganacl|83/100
|move|p1a: Garganacl|Salt Cure|p2a: Landorus
|-damage|p2a: Landorus|47/100 brn
|-start|p2a: Landorus|Salt Cure
|
|-heal|p1a: Garganacl|89/100|[from] item: Leftovers
|-damage|p2a: Landorus|40/100 brn|[from] brn
|-damage|p2a: Landorus|28/100 brn|[from] Salt Cure
|upkeep
|turn|41
|
|t:|1743870232
|move|p2a: Landorus|Earthquake|p1a: Garganacl
|-damage|p1a: Garganacl|72/100
|move|p1a: Garganacl|Stealth Rock|p2a: Landorus
|-sidestart|p2: mightlad|move: Stealth Rock
|
|-heal|p1a: Garganacl|78/100|[from] item: Leftovers
|-damage|p2a: Landorus|22/100 brn|[from] brn
|-damage|p2a: Landorus|9/100 brn|[from] Salt Cure
|upkeep
|turn|42
|
|t:|1743870236
|move|p1a: Garganacl|Protect|p1a: Garganacl
|-singleturn|p1a: Garganacl|Protect
|move|p2a: Landorus|Earthquake|p1a: Garganacl
|-activate|p1a: Garganacl|move: Protect
|
|-heal|p1a: Garganacl|84/100|[from] item: Leftovers
|-damage|p2a: Landorus|3/100 brn|[from] brn
|-damage|p2a: Landorus|0 fnt|[from] Salt Cure
|faint|p2a: Landorus
|upkeep
|
|t:|1743870239
|switch|p2a: Dragonite|Dragonite, M|73/100
|-damage|p2a: Dragonite|48/100|[from] Stealth Rock
|turn|43
|
|t:|1743870243
|move|p2a: Dragonite|Facade|p1a: Garganacl
|-damage|p1a: Garganacl|57/100
|move|p1a: Garganacl|Salt Cure|p2a: Dragonite
|-supereffective|p2a: Dragonite
|-damage|p2a: Dragonite|26/100
|-start|p2a: Dragonite|Salt Cure
|
|-heal|p1a: Garganacl|63/100|[from] item: Leftovers
|-damage|p2a: Dragonite|14/100|[from] Salt Cure
|upkeep
|turn|44
|
|t:|1743870247
|move|p2a: Dragonite|Facade|p1a: Garganacl
|-damage|p1a: Garganacl|38/100
|move|p1a: Garganacl|Recover|p1a: Garganacl
|-heal|p1a: Garganacl|88/100
|
|-heal|p1a: Garganacl|94/100|[from] item: Leftovers
|-damage|p2a: Dragonite|1/100|[from] Salt Cure
|upkeep
|turn|45
|-message|mightlad forfeited.
|
|win|guesyo
|raw|guesyo's rating: 1487 &rarr; <strong>1504</strong><br />(+17 for winning)
|raw|mightlad's rating: 1430 &rarr; <strong>1413</strong><br />(-17 for losing)
|l|☆mightlad
|player|p2|
|l|☆guesyo
|player|p1|
