|j|☆mops2002
|j|☆mist262
|t:|1743841018
|gametype|singles
|player|p1|mops2002|102|1254
|player|p2|mist262|n|1205
|teamsize|p1|6
|teamsize|p2|6
|gen|9
|tier|[Gen 9] OU
|rated|
|rule|HP Percentage Mod: HP is shown in percentages
|rule|Endless Battle Clause: Forcing endless battles is banned
|rule|Species Clause: Limit one of each Pokémon
|rule|OHKO Clause: OHKO moves are banned
|rule|Evasion Items Clause: Evasion items are banned
|rule|Evasion Moves Clause: Evasion moves are banned
|rule|Sleep Moves Clause: Sleep-inducing moves are banned
|clearpoke
|poke|p1|Rillaboom, F|
|poke|p1|Great Tusk|
|poke|p1|Slowking-Galar, F|
|poke|p1|Iron Crown|
|poke|p1|Zapdos|
|poke|p1|Samurott-Hisui, F|
|poke|p2|Polteageist-Antique|
|poke|p2|Toxapex, M|
|poke|p2|Indeedee, M|
|poke|p2|Iron Treads|
|poke|p2|Cinderace, F|
|poke|p2|Kingambit, F|
|teampreview
|inactive|Battle timer is ON: inactive players will automatically lose when time's up. (requested by mist262)
|inactive|mops2002 has 120 seconds left.
|
|t:|1743841056
|start
|switch|p1a: Samurott|Samurott-Hisui, F|100/100
|switch|p2a: Toxapex|Toxapex, M|100/100
|turn|1
|inactive|mops2002 has 120 seconds left.
|
|t:|1743841089
|switch|p1a: Iron Crown|Iron Crown|100/100
|move|p2a: Toxapex|Infestation|p1a: Iron Crown
|-damage|p1a: Iron Crown|97/100
|-activate|p1a: Iron Crown|move: Infestation|[of] p2a: Toxapex
|
|-damage|p1a: Iron Crown|85/100|[from] move: Infestation|[partiallytrapped]
|upkeep
|turn|2
|inactive|mops2002 has 120 seconds left.
|inactive|mops2002 has 90 seconds left.
|
|t:|1743841140
|move|p2a: Toxapex|Baneful Bunker|p2a: Toxapex
|-singleturn|p2a: Toxapex|move: Protect
|move|p1a: Iron Crown|Volt Switch|p2a: Toxapex
|-activate|p2a: Toxapex|move: Protect
|
|-damage|p1a: Iron Crown|73/100|[from] move: Infestation|[partiallytrapped]
|upkeep
|turn|3
|
|t:|1743841152
|switch|p2a: Indeedee|Indeedee, M|100/100
|-fieldstart|move: Psychic Terrain|[from] ability: Psychic Surge|[of] p2a: Indeedee
|move|p1a: Iron Crown|Volt Switch|p2a: Indeedee
|-damage|p2a: Indeedee|54/100
|inactive|mops2002 has 90 seconds left.
|
|t:|1743841159
|-end|p1a: Iron Crown|Quark Drive|[silent]
|switch|p1a: Samurott|Samurott-Hisui, F|100/100|[from] Volt Switch
|
|upkeep
|turn|4
|inactive|mops2002 has 90 seconds left.
|inactive|mops2002 has 60 seconds left.
|
|t:|1743841200
|move|p2a: Indeedee|Dazzling Gleam|p1a: Samurott
|-supereffective|p1a: Samurott
|-damage|p1a: Samurott|58/100
|move|p1a: Samurott|Ceaseless Edge|p2a: Indeedee
|-supereffective|p2a: Indeedee
|-damage|p2a: Indeedee|0 fnt
|-sidestart|p2: mist262|Spikes
|faint|p2a: Indeedee
|
|upkeep
|
|t:|1743841208
|switch|p2a: Cinderace|Cinderace, F|100/100
|turn|5
|inactive|mops2002 has 60 seconds left.
|inactive|mops2002 has 30 seconds left.
|inactive|mops2002 has 20 seconds left.
|
|t:|1743841263
|switch|p1a: Zapdos|Zapdos|100/100
|move|p2a: Cinderace|Court Change|p2a: Cinderace
|-swapsideconditions
|-activate|p2a: Cinderace|move: Court Change
|
|upkeep
|turn|6
|inactive|mops2002 has 30 seconds left this turn.
|inactive|mops2002 has 20 seconds left.
|
|t:|1743841278
|move|p2a: Cinderace|U-turn|p1a: Zapdos
|-resisted|p1a: Zapdos
|-damage|p1a: Zapdos|92/100
|inactive|mops2002 has 25 seconds left this turn.
|
|t:|1743841283
|switch|p2a: purple tea|Polteageist-Antique|100/100|[from] U-turn
|move|p1a: Zapdos|Volt Switch|p2a: purple tea
|-crit|p2a: purple tea
|-damage|p2a: purple tea|52/100
|inactive|mops2002 has 30 seconds left this turn.
|inactive|mops2002 has 20 seconds left.
|inactive|mops2002 has 15 seconds left.
|inactive|mops2002 has 10 seconds left.
|
|t:|1743841304
|switch|p1a: Samurott|Samurott-Hisui, F|58/100|[from] Volt Switch
|-damage|p1a: Samurott|46/100|[from] Spikes
|
|upkeep
|turn|7
|inactive|mops2002 has 20 seconds left this turn.
|inactive|mops2002 has 15 seconds left.
|inactive|mops2002 has 10 seconds left.
|inactive|mops2002 has 5 seconds left.
|
|t:|1743841322
|move|p2a: purple tea|Shell Smash|p2a: purple tea
|-unboost|p2a: purple tea|def|1
|-unboost|p2a: purple tea|spd|1
|-boost|p2a: purple tea|atk|2
|-boost|p2a: purple tea|spa|2
|-boost|p2a: purple tea|spe|2
|move|p1a: Samurott|Ceaseless Edge|p2a: purple tea
|-supereffective|p2a: purple tea
|-damage|p2a: purple tea|0 fnt
|-sidestart|p2: mist262|Spikes
|faint|p2a: purple tea
|
|upkeep
|inactive|mops2002 has 10 seconds left this turn.
|
|t:|1743841334
|switch|p2a: Iron Treads|Iron Treads|100/100
|-damage|p2a: Iron Treads|88/100|[from] Spikes
|-enditem|p2a: Iron Treads|Booster Energy
|-activate|p2a: Iron Treads|ability: Quark Drive|[fromitem]
|-start|p2a: Iron Treads|quarkdrivespe
|turn|8
|inactive|mops2002 has 20 seconds left this turn.
|inactive|mops2002 has 15 seconds left.
|
|t:|1743841341
|move|p2a: Iron Treads|Rapid Spin|p1a: Samurott
|-damage|p1a: Samurott|33/100
|-boost|p2a: Iron Treads|spe|1
|-sideend|p2: mist262|Spikes|[from] move: Rapid Spin|[of] p2a: Iron Treads
|move|p1a: Samurott|Aqua Cutter|p2a: Iron Treads
|-supereffective|p2a: Iron Treads
|-damage|p2a: Iron Treads|0 fnt
|faint|p2a: Iron Treads
|-end|p2a: Iron Treads|Quark Drive|[silent]
|
|upkeep
|inactive|mops2002 has 20 seconds left this turn.
|
|t:|1743841355
|switch|p2a: Cinderace|Cinderace, F|100/100
|turn|9
|inactive|mops2002 has 30 seconds left this turn.
|
|t:|1743841359
|move|p2a: Cinderace|Gunk Shot|p1a: Samurott
|-damage|p1a: Samurott|0 fnt
|faint|p1a: Samurott
|
|upkeep
|
|t:|1743841364
|switch|p1a: Great Tusk|Great Tusk|100/100
|-damage|p1a: Great Tusk|88/100|[from] Spikes
|turn|10
|
|t:|1743841370
|switch|p2a: Toxapex|Toxapex, M|100/100
|move|p1a: Great Tusk|Headlong Rush|p2a: Toxapex
|-supereffective|p2a: Toxapex
|-damage|p2a: Toxapex|34/100
|-unboost|p1a: Great Tusk|def|1
|-unboost|p1a: Great Tusk|spd|1
|
|-heal|p2a: Toxapex|40/100|[from] item: Leftovers
|-fieldend|move: Psychic Terrain
|upkeep
|turn|11
|
|t:|1743841381
|-terastallize|p2a: Toxapex|Flying
|move|p1a: Great Tusk|Headlong Rush|p2a: Toxapex
|-immune|p2a: Toxapex
|move|p2a: Toxapex|Infestation|p1a: Great Tusk
|-resisted|p1a: Great Tusk
|-damage|p1a: Great Tusk|85/100
|-activate|p1a: Great Tusk|move: Infestation|[of] p2a: Toxapex
|-damage|p2a: Toxapex|24/100|[from] item: Rocky Helmet|[of] p1a: Great Tusk
|
|-heal|p2a: Toxapex|30/100|[from] item: Leftovers
|-damage|p1a: Great Tusk|73/100|[from] move: Infestation|[partiallytrapped]
|upkeep
|turn|12
|inactive|mops2002 has 60 seconds left.
|
|t:|1743841392
|move|p1a: Great Tusk|Ice Spinner|p2a: Toxapex
|-supereffective|p2a: Toxapex
|-damage|p2a: Toxapex|3/100
|move|p2a: Toxapex|Recover|p2a: Toxapex
|-heal|p2a: Toxapex|53/100
|
|-heal|p2a: Toxapex|59/100|[from] item: Leftovers
|-damage|p1a: Great Tusk|60/100|[from] move: Infestation|[partiallytrapped]
|upkeep
|turn|13
|
|t:|1743841400
|move|p1a: Great Tusk|Stealth Rock|p2a: Toxapex
|-sidestart|p2: mist262|move: Stealth Rock
|move|p2a: Toxapex|Toxic|p1a: Great Tusk
|-status|p1a: Great Tusk|tox
|
|-heal|p2a: Toxapex|65/100|[from] item: Leftovers
|-damage|p1a: Great Tusk|54/100 tox|[from] psn
|-damage|p1a: Great Tusk|41/100 tox|[from] move: Infestation|[partiallytrapped]
|upkeep
|turn|14
|
|t:|1743841408
|move|p1a: Great Tusk|Ice Spinner|p2a: Toxapex
|-supereffective|p2a: Toxapex
|-damage|p2a: Toxapex|36/100
|move|p2a: Toxapex|Recover|p2a: Toxapex
|-heal|p2a: Toxapex|87/100
|
|-heal|p2a: Toxapex|93/100|[from] item: Leftovers
|-damage|p1a: Great Tusk|29/100 tox|[from] psn
|-damage|p1a: Great Tusk|16/100 tox|[from] move: Infestation|[partiallytrapped]
|upkeep
|turn|15
|
|t:|1743841417
|move|p2a: Toxapex|Baneful Bunker|p2a: Toxapex
|-singleturn|p2a: Toxapex|move: Protect
|move|p1a: Great Tusk|Ice Spinner|p2a: Toxapex
|-activate|p2a: Toxapex|move: Protect
|
|-heal|p2a: Toxapex|99/100|[from] item: Leftovers
|-damage|p1a: Great Tusk|0 fnt|[from] psn
|faint|p1a: Great Tusk
|-end|p1a: Great Tusk|Protosynthesis|[silent]
|upkeep
|
|t:|1743841422
|switch|p1a: Zapdos|Zapdos|92/100
|turn|16
|
|t:|1743841428
|move|p1a: Zapdos|Volt Switch|p2a: Toxapex
|-supereffective|p2a: Toxapex
|-damage|p2a: Toxapex|48/100
|
|t:|1743841432
|switch|p1a: Slowking|Slowking-Galar, F|100/100|[from] Volt Switch
|move|p2a: Toxapex|Toxic|p1a: Slowking
|-immune|p1a: Slowking
|
|-heal|p2a: Toxapex|54/100|[from] item: Leftovers
|upkeep
|turn|17
|
|t:|1743841440
|move|p2a: Toxapex|Infestation|p1a: Slowking
|-damage|p1a: Slowking|99/100
|-activate|p1a: Slowking|move: Infestation|[of] p2a: Toxapex
|move|p1a: Slowking|Thunder Wave|p2a: Toxapex
|-status|p2a: Toxapex|par
|
|-heal|p2a: Toxapex|60/100 par|[from] item: Leftovers
|-damage|p1a: Slowking|86/100|[from] move: Infestation|[partiallytrapped]
|upkeep
|turn|18
|
|t:|1743841450
|move|p1a: Slowking|Future Sight|p2a: Toxapex
|-start|p1a: Slowking|move: Future Sight
|move|p2a: Toxapex|Recover|p2a: Toxapex
|-heal|p2a: Toxapex|100/100 par
|
|-damage|p1a: Slowking|74/100|[from] move: Infestation|[partiallytrapped]
|upkeep
|turn|19
|
|t:|1743841458
|move|p2a: Toxapex|Baneful Bunker|p2a: Toxapex
|-singleturn|p2a: Toxapex|move: Protect
|-prepare|p1a: Slowking|Chilly Reception|[premajor]
|move|p1a: Slowking|Chilly Reception|p1a: Slowking
|-weather|Snowscape
|
|t:|1743841466
|switch|p1a: Iron Crown|Iron Crown|73/100|[from] Chilly Reception
|-damage|p1a: Iron Crown|61/100|[from] Spikes
|
|-weather|Snowscape|[upkeep]
|upkeep
|turn|20
|
|t:|1743841472
|move|p1a: Iron Crown|Volt Switch|p2a: Toxapex
|-supereffective|p2a: Toxapex
|-damage|p2a: Toxapex|38/100 par
|
|t:|1743841477
|-end|p1a: Iron Crown|Quark Drive|[silent]
|switch|p1a: Zapdos|Zapdos|92/100|[from] Volt Switch
|cant|p2a: Toxapex|par
|
|-weather|Snowscape|[upkeep]
|-end|p2a: Toxapex|move: Future Sight
|-damage|p2a: Toxapex|0 fnt
|faint|p2a: Toxapex
|upkeep
|
|t:|1743841485
|switch|p2a: Cinderace|Cinderace, F|100/100
|turn|21
|
|t:|1743841491
|move|p2a: Cinderace|Pyro Ball|p1a: Zapdos
|-damage|p1a: Zapdos|52/100
|move|p1a: Zapdos|Hurricane|p2a: Cinderace|[miss]
|-miss|p1a: Zapdos|p2a: Cinderace
|
|-weather|Snowscape|[upkeep]
|upkeep
|turn|22
|
|t:|1743841497
|move|p2a: Cinderace|Gunk Shot|p1a: Zapdos
|-damage|p1a: Zapdos|25/100
|-status|p1a: Zapdos|psn
|move|p1a: Zapdos|Hurricane|p2a: Cinderace
|-damage|p2a: Cinderace|35/100
|
|-weather|Snowscape|[upkeep]
|-damage|p1a: Zapdos|12/100 psn|[from] psn
|upkeep
|turn|23
|
|t:|1743841508
|move|p2a: Cinderace|Pyro Ball|p1a: Zapdos
|-damage|p1a: Zapdos|0 fnt
|faint|p1a: Zapdos
|
|-weather|none
|upkeep
|
|t:|1743841511
|switch|p1a: Rillaboom|Rillaboom, F|100/100
|-damage|p1a: Rillaboom|88/100|[from] Spikes
|-fieldstart|move: Grassy Terrain|[from] ability: Grassy Surge|[of] p1a: Rillaboom
|turn|24
|
|t:|1743841517
|-terastallize|p1a: Rillaboom|Grass
|move|p1a: Rillaboom|Grassy Glide|p2a: Cinderace
|-resisted|p2a: Cinderace
|-damage|p2a: Cinderace|0 fnt
|faint|p2a: Cinderace
|
|-heal|p1a: Rillaboom|94/100|[from] Grassy Terrain
|upkeep
|
|t:|1743841524
|switch|p2a: Kingambit|Kingambit, F|100/100
|-damage|p2a: Kingambit|94/100|[from] Stealth Rock
|-activate|p2a: Kingambit|ability: Supreme Overlord
|-start|p2a: Kingambit|fallen5|[silent]
|turn|25
|
|t:|1743841529
|switch|p1a: Slowking|Slowking-Galar, F|100/100
|move|p2a: Kingambit|Swords Dance|p2a: Kingambit
|-boost|p2a: Kingambit|atk|2
|
|-heal|p2a: Kingambit|100/100|[from] Grassy Terrain
|upkeep
|turn|26
|
|t:|1743841536
|move|p2a: Kingambit|Iron Head|p1a: Slowking
|-damage|p1a: Slowking|0 fnt
|faint|p1a: Slowking
|
|upkeep
|
|t:|1743841540
|switch|p1a: Iron Crown|Iron Crown|61/100
|-damage|p1a: Iron Crown|48/100|[from] Spikes
|turn|27
|
|t:|1743841544
|move|p2a: Kingambit|Sucker Punch|p1a: Iron Crown
|-supereffective|p1a: Iron Crown
|-damage|p1a: Iron Crown|0 fnt
|faint|p1a: Iron Crown
|-end|p1a: Iron Crown|Quark Drive|[silent]
|
|upkeep
|
|t:|1743841546
|switch|p1a: Rillaboom|Rillaboom, F, tera:Grass|94/100
|-damage|p1a: Rillaboom|82/100|[from] Spikes
|turn|28
|
|t:|1743841550
|move|p2a: Kingambit|Sucker Punch|p1a: Rillaboom
|-damage|p1a: Rillaboom|0 fnt
|faint|p1a: Rillaboom
|
|win|mist262
|raw|mops2002's rating: 1254 &rarr; <strong>1225</strong><br />(-29 for losing)
|raw|mist262's rating: 1205 &rarr; <strong>1234</strong><br />(+29 for winning)
|l|☆mops2002
|player|p1|
|l|☆mist262
|player|p2|
