|j|☆Sunshinne
|j|☆roaringmoonvicitm
|t:|1743825688
|gametype|singles
|player|p1|Sunshinne|caitlin|1532
|player|p2|roaringmoonvicitm|miku-ground|1532
|teamsize|p1|6
|teamsize|p2|6
|gen|9
|tier|[Gen 9] OU
|rated|
|rule|HP Percentage Mod: HP is shown in percentages
|rule|Endless Battle Clause: Forcing endless battles is banned
|rule|Species Clause: Limit one of each Pokémon
|rule|OHKO Clause: OHKO moves are banned
|rule|Evasion Items Clause: Evasion items are banned
|rule|Evasion Moves Clause: Evasion moves are banned
|rule|Sleep Moves Clause: Sleep-inducing moves are banned
|clearpoke
|poke|p1|Great Tusk|
|poke|p1|Landorus-Therian, M|
|poke|p1|Slowking-Galar, M|
|poke|p1|Ogerpon-Wellspring, F|
|poke|p1|Raging Bolt|
|poke|p1|Kingambit, F|
|poke|p2|Samurott-Hisui, M|
|poke|p2|Iron Treads|
|poke|p2|Iron Valiant|
|poke|p2|Zapdos|
|poke|p2|Iron Moth|
|poke|p2|Corviknight, M|
|teampreview
|inactive|Battle timer is ON: inactive players will automatically lose when time's up. (requested by roaringmoonvicitm)
|inactive|Sunshinne also wants the timer to be on.
|
|t:|1743825709
|start
|switch|p1a: Comme ils disent|Landorus-Therian, M|100/100
|switch|p2a: Zapdos|Zapdos|100/100
|-ability|p1a: Comme ils disent|Intimidate|boost
|-unboost|p2a: Zapdos|atk|1
|turn|1
|
|t:|1743825715
|move|p1a: Comme ils disent|Stone Edge|p2a: Zapdos
|-supereffective|p2a: Zapdos
|-crit|p2a: Zapdos
|-damage|p2a: Zapdos|22/100
|move|p2a: Zapdos|Hurricane|p1a: Comme ils disent
|-damage|p1a: Comme ils disent|40/100
|
|upkeep
|turn|2
|
|t:|1743825730
|switch|p2a: Iron Valiant|Iron Valiant|100/100
|move|p1a: Comme ils disent|Stone Edge|p2a: Iron Valiant
|-resisted|p2a: Iron Valiant
|-damage|p2a: Iron Valiant|77/100
|
|upkeep
|turn|3
|
|t:|1743825734
|switch|p1a: La vie en rose|Slowking-Galar, M|100/100
|move|p2a: Iron Valiant|Knock Off|p1a: La vie en rose
|-supereffective|p1a: La vie en rose
|-damage|p1a: La vie en rose|32/100
|-enditem|p1a: La vie en rose|Assault Vest|[from] move: Knock Off|[of] p2a: Iron Valiant
|-damage|p2a: Iron Valiant|68/100|[from] item: Life Orb
|
|upkeep
|turn|4
|
|t:|1743825741
|switch|p1a: Emmenez-moi|Great Tusk|100/100
|move|p2a: Iron Valiant|Knock Off|p1a: Emmenez-moi
|-resisted|p1a: Emmenez-moi
|-damage|p1a: Emmenez-moi|87/100
|-damage|p2a: Iron Valiant|51/100|[from] item: Rocky Helmet|[of] p1a: Emmenez-moi
|-enditem|p1a: Emmenez-moi|Rocky Helmet|[from] move: Knock Off|[of] p2a: Iron Valiant
|-damage|p2a: Iron Valiant|41/100|[from] item: Life Orb
|
|upkeep
|turn|5
|
|t:|1743825749
|move|p2a: Iron Valiant|Moonblast|p1a: Emmenez-moi
|-supereffective|p1a: Emmenez-moi
|-damage|p1a: Emmenez-moi|0 fnt
|faint|p1a: Emmenez-moi
|-end|p1a: Emmenez-moi|Protosynthesis|[silent]
|-damage|p2a: Iron Valiant|32/100|[from] item: Life Orb
|
|upkeep
|
|t:|1743825751
|switch|p1a: Comme ils disent|Landorus-Therian, M|40/100
|-ability|p1a: Comme ils disent|Intimidate|boost
|-unboost|p2a: Iron Valiant|atk|1
|turn|6
|
|t:|1743825755
|-end|p2a: Iron Valiant|Quark Drive|[silent]
|switch|p2a: Zapdos|Zapdos|22/100
|move|p1a: Comme ils disent|Earthquake|p2a: Zapdos
|-immune|p2a: Zapdos
|
|upkeep
|turn|7
|
|t:|1743825779
|move|p1a: Comme ils disent|Earthquake|p2a: Zapdos
|-immune|p2a: Zapdos
|move|p2a: Zapdos|Volt Switch|p1a: Comme ils disent
|-immune|p1a: Comme ils disent
|
|upkeep
|turn|8
|
|t:|1743825785
|switch|p1a: Hier encore|Raging Bolt|100/100
|-enditem|p1a: Hier encore|Booster Energy
|-activate|p1a: Hier encore|ability: Protosynthesis|[fromitem]
|-start|p1a: Hier encore|protosynthesisspa
|move|p2a: Zapdos|Volt Switch|p1a: Hier encore
|-resisted|p1a: Hier encore
|-damage|p1a: Hier encore|94/100
|
|t:|1743825793
|switch|p2a: Iron Treads|Iron Treads|100/100|[from] Volt Switch
|
|upkeep
|turn|9
|l|☆Sunshinne
|inactive|Sunshinne disconnected and has a minute to reconnect!
|player|p1|
|inactive|Sunshinne has 30 seconds to reconnect!
|inactive|Sunshinne has 20 seconds to reconnect!
|inactive|Sunshinne has 15 seconds to reconnect!
|inactive|Sunshinne has 10 seconds to reconnect!
|inactive|Sunshinne has 5 seconds to reconnect!
|-message|Sunshinne lost due to inactivity.
|
|win|roaringmoonvicitm
|raw|Sunshinne's rating: 1532 &rarr; <strong>1512</strong><br />(-20 for losing)
|raw|roaringmoonvicitm's rating: 1532 &rarr; <strong>1552</strong><br />(+20 for winning)
|l|☆roaringmoonvicitm
|player|p2|
