|j|☆Fent6969
|j|☆Marioshi64
|t:|1743813979
|gametype|singles
|player|p1|Fent6969|boarder|1387
|player|p2|Marioshi64|pokemaniac|1407
|teamsize|p1|6
|teamsize|p2|6
|gen|9
|tier|[Gen 9] OU
|rated|
|rule|HP Percentage Mod: HP is shown in percentages
|rule|Endless Battle Clause: Forcing endless battles is banned
|rule|Species Clause: Limit one of each Pokémon
|rule|OHKO Clause: OHKO moves are banned
|rule|Evasion Items Clause: Evasion items are banned
|rule|Evasion Moves Clause: Evasion moves are banned
|rule|Sleep Moves Clause: Sleep-inducing moves are banned
|clearpoke
|poke|p1|Gholdengo|
|poke|p1|Zamazenta-*|
|poke|p1|Ting-Lu|
|poke|p1|Corviknight, M|
|poke|p1|Walking Wake|
|poke|p1|Meowscarada, M|
|poke|p2|Golurk|
|poke|p2|Ogerpon-Wellspring, F|
|poke|p2|Cyclizar, M|
|poke|p2|Garganacl, M|
|poke|p2|Hatterene, F|
|poke|p2|Heatran, M|
|teampreview
|inactive|Battle timer is ON: inactive players will automatically lose when time's up. (requested by Marioshi64)
|inactive|Fent6969 has 120 seconds left.
|
|t:|1743814017
|start
|switch|p1a: Gholdengo|Gholdengo|100/100
|switch|p2a: Nitro Wheel|Cyclizar, M|100/100
|-item|p1a: Gholdengo|Air Balloon
|turn|1
|
|t:|1743814038
|switch|p1a: Ting-Lu|Ting-Lu|100/100
|-ability|p1a: Ting-Lu|Vessel of Ruin
|move|p2a: Nitro Wheel|U-turn|p1a: Ting-Lu
|-supereffective|p1a: Ting-Lu
|-damage|p1a: Ting-Lu|84/100
|
|t:|1743814040
|switch|p2a: Vivian|Hatterene, F|100/100|[from] U-turn
|
|-heal|p1a: Ting-Lu|90/100|[from] item: Leftovers
|upkeep
|turn|2
|
|t:|1743814048
|switch|p1a: Gholdengo|Gholdengo|100/100
|-item|p1a: Gholdengo|Air Balloon
|move|p2a: Vivian|Draining Kiss|p1a: Gholdengo
|-resisted|p1a: Gholdengo
|-damage|p1a: Gholdengo|92/100
|-enditem|p1a: Gholdengo|Air Balloon
|
|upkeep
|turn|3
|
|t:|1743814056
|move|p1a: Gholdengo|Shadow Ball|p2a: Vivian
|-supereffective|p2a: Vivian
|-damage|p2a: Vivian|25/100
|-unboost|p2a: Vivian|spd|1
|move|p2a: Vivian|Nuzzle|p1a: Gholdengo
|-damage|p1a: Gholdengo|88/100
|-status|p1a: Gholdengo|par
|
|-heal|p2a: Vivian|31/100|[from] item: Leftovers
|upkeep
|turn|4
|
|t:|1743814060
|switch|p2a: Nitro Wheel|Cyclizar, M|100/100
|move|p1a: Gholdengo|Shadow Ball|p2a: Nitro Wheel
|-immune|p2a: Nitro Wheel
|
|upkeep
|turn|5
|
|t:|1743814065
|move|p2a: Nitro Wheel|U-turn|p1a: Gholdengo
|-resisted|p1a: Gholdengo
|-damage|p1a: Gholdengo|85/100 par
|
|t:|1743814068
|switch|p2a: Ogerpon|Ogerpon-Wellspring, F|100/100|[from] U-turn
|move|p1a: Gholdengo|Shadow Ball|p2a: Ogerpon
|-damage|p2a: Ogerpon|65/100
|
|upkeep
|turn|6
|
|t:|1743814073
|switch|p1a: Corviknight|Corviknight, M|100/100
|-ability|p1a: Corviknight|Pressure
|move|p2a: Ogerpon|Horn Leech|p1a: Corviknight
|-resisted|p1a: Corviknight
|-damage|p1a: Corviknight|96/100
|-heal|p2a: Ogerpon|68/100|[from] drain|[of] p1a: Corviknight
|-damage|p2a: Ogerpon|51/100|[from] item: Rocky Helmet|[of] p1a: Corviknight
|
|upkeep
|turn|7
|
|t:|1743814079
|switch|p2a: Nitro Wheel|Cyclizar, M|100/100
|move|p1a: Corviknight|U-turn|p2a: Nitro Wheel
|-damage|p2a: Nitro Wheel|78/100
|
|t:|1743814095
|switch|p1a: Ting-Lu|Ting-Lu|90/100|[from] U-turn
|-ability|p1a: Ting-Lu|Vessel of Ruin
|
|-heal|p1a: Ting-Lu|96/100|[from] item: Leftovers
|upkeep
|turn|8
|
|t:|1743814100
|move|p2a: Nitro Wheel|U-turn|p1a: Ting-Lu
|-supereffective|p1a: Ting-Lu
|-damage|p1a: Ting-Lu|80/100
|
|t:|1743814102
|switch|p2a: Vivian|Hatterene, F|31/100|[from] U-turn
|move|p1a: Ting-Lu|Stealth Rock|p2a: Vivian
|move|p2a: Vivian|Stealth Rock|p1a: Ting-Lu|[from] ability: Magic Bounce
|-sidestart|p1: Fent6969|move: Stealth Rock
|
|-heal|p1a: Ting-Lu|86/100|[from] item: Leftovers
|-heal|p2a: Vivian|37/100|[from] item: Leftovers
|upkeep
|turn|9
|
|t:|1743814106
|switch|p1a: Corviknight|Corviknight, M|96/100
|-damage|p1a: Corviknight|83/100|[from] Stealth Rock
|-ability|p1a: Corviknight|Pressure
|move|p2a: Vivian|Draining Kiss|p1a: Corviknight
|-resisted|p1a: Corviknight
|-damage|p1a: Corviknight|72/100
|-heal|p2a: Vivian|48/100|[from] drain|[of] p1a: Corviknight
|-damage|p2a: Vivian|31/100|[from] item: Rocky Helmet|[of] p1a: Corviknight
|
|-heal|p2a: Vivian|37/100|[from] item: Leftovers
|upkeep
|turn|10
|
|t:|1743814110
|switch|p1a: Ting-Lu|Ting-Lu|86/100
|-damage|p1a: Ting-Lu|80/100|[from] Stealth Rock
|-ability|p1a: Ting-Lu|Vessel of Ruin
|move|p2a: Vivian|Nuzzle|p1a: Ting-Lu
|-immune|p1a: Ting-Lu
|
|-heal|p1a: Ting-Lu|86/100|[from] item: Leftovers
|-heal|p2a: Vivian|43/100|[from] item: Leftovers
|upkeep
|turn|11
|
|t:|1743814120
|move|p1a: Ting-Lu|Earthquake|p2a: Vivian
|-damage|p2a: Vivian|12/100
|move|p2a: Vivian|Draining Kiss|p1a: Ting-Lu
|-supereffective|p1a: Ting-Lu
|-damage|p1a: Ting-Lu|67/100
|-heal|p2a: Vivian|34/100|[from] drain|[of] p1a: Ting-Lu
|
|-heal|p1a: Ting-Lu|74/100|[from] item: Leftovers
|-heal|p2a: Vivian|40/100|[from] item: Leftovers
|upkeep
|turn|12
|
|t:|1743814127
|move|p1a: Ting-Lu|Earthquake|p2a: Vivian
|-damage|p2a: Vivian|7/100
|move|p2a: Vivian|Draining Kiss|p1a: Ting-Lu
|-supereffective|p1a: Ting-Lu
|-damage|p1a: Ting-Lu|52/100
|-heal|p2a: Vivian|33/100|[from] drain|[of] p1a: Ting-Lu
|
|-heal|p1a: Ting-Lu|58/100|[from] item: Leftovers
|-heal|p2a: Vivian|39/100|[from] item: Leftovers
|upkeep
|turn|13
|
|t:|1743814132
|switch|p1a: Corviknight|Corviknight, M|72/100
|-damage|p1a: Corviknight|60/100|[from] Stealth Rock
|-ability|p1a: Corviknight|Pressure
|move|p2a: Vivian|Draining Kiss|p1a: Corviknight
|-resisted|p1a: Corviknight
|-damage|p1a: Corviknight|49/100
|-heal|p2a: Vivian|49/100|[from] drain|[of] p1a: Corviknight
|-damage|p2a: Vivian|33/100|[from] item: Rocky Helmet|[of] p1a: Corviknight
|
|-heal|p2a: Vivian|39/100|[from] item: Leftovers
|upkeep
|turn|14
|
|t:|1743814136
|move|p1a: Corviknight|Roost|p1a: Corviknight
|-heal|p1a: Corviknight|99/100
|-singleturn|p1a: Corviknight|move: Roost
|move|p2a: Vivian|Nuzzle|p1a: Corviknight
|-damage|p1a: Corviknight|97/100
|-status|p1a: Corviknight|par
|-damage|p2a: Vivian|22/100|[from] item: Rocky Helmet|[of] p1a: Corviknight
|
|-heal|p2a: Vivian|28/100|[from] item: Leftovers
|upkeep
|turn|15
|
|t:|1743814140
|switch|p2a: Nitro Wheel|Cyclizar, M|100/100
|move|p1a: Corviknight|Defog|p2a: Nitro Wheel
|-unboost|p2a: Nitro Wheel|evasion|1
|-sideend|p1: Fent6969|Stealth Rock|[from] move: Defog|[of] p1a: Corviknight
|
|upkeep
|turn|16
|
|t:|1743814146
|move|p2a: Nitro Wheel|Overheat|p1a: Corviknight
|-supereffective|p1a: Corviknight
|-damage|p1a: Corviknight|30/100 par
|-unboost|p2a: Nitro Wheel|spa|2
|move|p1a: Corviknight|U-turn|p2a: Nitro Wheel
|-damage|p2a: Nitro Wheel|74/100
|
|t:|1743814164
|switch|p1a: Meowscarada|Meowscarada, M|100/100|[from] U-turn
|
|upkeep
|turn|17
|
|t:|1743814173
|move|p2a: Nitro Wheel|Overheat|p1a: Meowscarada
|-supereffective|p1a: Meowscarada
|-damage|p1a: Meowscarada|45/100
|-unboost|p2a: Nitro Wheel|spa|2
|move|p1a: Meowscarada|Triple Axel|p2a: Nitro Wheel
|-start|p1a: Meowscarada|typechange|Ice|[from] ability: Protean
|-supereffective|p2a: Nitro Wheel
|-damage|p2a: Nitro Wheel|41/100
|-supereffective|p2a: Nitro Wheel
|-damage|p2a: Nitro Wheel|0 fnt
|faint|p2a: Nitro Wheel
|-hitcount|p2: Nitro Wheel|2
|
|upkeep
|
|t:|1743814179
|switch|p2a: Spaceship|Heatran, M|100/100
|-item|p2a: Spaceship|Air Balloon
|turn|18
|
|t:|1743814183
|switch|p1a: Walking Wake|Walking Wake|100/100
|move|p2a: Spaceship|Lava Plume|p1a: Walking Wake
|-resisted|p1a: Walking Wake
|-damage|p1a: Walking Wake|88/100
|
|upkeep
|turn|19
|
|t:|1743814190
|switch|p2a: Ogerpon|Ogerpon-Wellspring, F|51/100
|move|p1a: Walking Wake|Draco Meteor|p2a: Ogerpon
|-damage|p2a: Ogerpon|0 fnt
|-unboost|p1a: Walking Wake|spa|2
|faint|p2a: Ogerpon
|
|upkeep
|
|t:|1743814193
|switch|p2a: Vivian|Hatterene, F|28/100
|turn|20
|
|t:|1743814203
|-end|p1a: Walking Wake|Protosynthesis|[silent]
|switch|p1a: Gholdengo|Gholdengo|85/100 par
|move|p2a: Vivian|Mystical Fire|p1a: Gholdengo
|-supereffective|p1a: Gholdengo
|-damage|p1a: Gholdengo|49/100 par
|-unboost|p1a: Gholdengo|spa|1
|
|-heal|p2a: Vivian|34/100|[from] item: Leftovers
|upkeep
|turn|21
|
|t:|1743814211
|switch|p2a: Morton|Garganacl, M|100/100
|cant|p1a: Gholdengo|par
|
|upkeep
|turn|22
|
|t:|1743814217
|switch|p1a: Ting-Lu|Ting-Lu|58/100
|-ability|p1a: Ting-Lu|Vessel of Ruin
|move|p2a: Morton|Iron Defense|p2a: Morton
|-boost|p2a: Morton|def|2
|
|-heal|p1a: Ting-Lu|65/100|[from] item: Leftovers
|upkeep
|turn|23
|
|t:|1743814221
|move|p2a: Morton|Body Press|p1a: Ting-Lu
|-supereffective|p1a: Ting-Lu
|-damage|p1a: Ting-Lu|15/100
|move|p1a: Ting-Lu|Whirlwind|p2a: Morton
|drag|p2a: Iron Giant|Golurk|100/100
|
|-heal|p1a: Ting-Lu|21/100|[from] item: Leftovers
|upkeep
|turn|24
|
|t:|1743814231
|move|p2a: Iron Giant|Poltergeist|p1a: Ting-Lu
|-activate|p1a: Ting-Lu|move: Poltergeist|Leftovers
|-resisted|p1a: Ting-Lu
|-damage|p1a: Ting-Lu|0 fnt
|faint|p1a: Ting-Lu
|
|upkeep
|
|t:|1743814234
|switch|p1a: Zamazenta|Zamazenta|100/100
|-ability|p1a: Zamazenta|Dauntless Shield|boost
|-boost|p1a: Zamazenta|def|1
|turn|25
|
|t:|1743814247
|switch|p2a: Spaceship|Heatran, M|100/100
|-item|p2a: Spaceship|Air Balloon
|move|p1a: Zamazenta|Iron Defense|p1a: Zamazenta
|-boost|p1a: Zamazenta|def|2
|
|upkeep
|turn|26
|
|t:|1743814256
|switch|p2a: Iron Giant|Golurk|100/100
|-terastallize|p1a: Zamazenta|Fire
|move|p1a: Zamazenta|Body Press|p2a: Iron Giant
|-immune|p2a: Iron Giant
|
|upkeep
|turn|27
|
|t:|1743814275
|move|p1a: Zamazenta|Crunch|p2a: Iron Giant
|-supereffective|p2a: Iron Giant
|-damage|p2a: Iron Giant|43/100
|-unboost|p2a: Iron Giant|def|1
|move|p2a: Iron Giant|Trick|p1a: Zamazenta
|-activate|p2a: Iron Giant|move: Trick|[of] p1a: Zamazenta
|-item|p1a: Zamazenta|Choice Band|[from] move: Trick
|-item|p2a: Iron Giant|Leftovers|[from] move: Trick
|
|-heal|p2a: Iron Giant|49/100|[from] item: Leftovers
|upkeep
|turn|28
|
|t:|1743814280
|switch|p2a: Vivian|Hatterene, F|34/100
|move|p1a: Zamazenta|Crunch|p2a: Vivian
|-damage|p2a: Vivian|5/100
|
|-heal|p2a: Vivian|11/100|[from] item: Leftovers
|upkeep
|turn|29
|
|t:|1743814283
|move|p1a: Zamazenta|Crunch|p2a: Vivian
|-damage|p2a: Vivian|0 fnt
|faint|p2a: Vivian
|
|upkeep
|
|t:|1743814285
|switch|p2a: Morton|Garganacl, M|100/100
|turn|30
|
|t:|1743814292
|switch|p1a: Corviknight|Corviknight, M|30/100 par
|-ability|p1a: Corviknight|Pressure
|move|p2a: Morton|Iron Defense|p2a: Morton
|-boost|p2a: Morton|def|2
|
|upkeep
|turn|31
|
|t:|1743814297
|move|p2a: Morton|Salt Cure|p1a: Corviknight
|-damage|p1a: Corviknight|22/100 par
|-start|p1a: Corviknight|Salt Cure
|move|p1a: Corviknight|U-turn|p2a: Morton
|-damage|p2a: Morton|95/100
|
|t:|1743814300
|switch|p1a: Walking Wake|Walking Wake|88/100|[from] U-turn
|
|upkeep
|turn|32
|
|t:|1743814305
|-terastallize|p2a: Morton|Ghost
|move|p1a: Walking Wake|Hydro Steam|p2a: Morton
|-damage|p2a: Morton|55/100
|move|p2a: Morton|Recover|p2a: Morton
|-heal|p2a: Morton|100/100
|
|upkeep
|turn|33
|
|t:|1743814314
|-end|p1a: Walking Wake|Protosynthesis|[silent]
|switch|p1a: Corviknight|Corviknight, M|22/100 par
|-ability|p1a: Corviknight|Pressure
|move|p2a: Morton|Iron Defense|p2a: Morton
|-boost|p2a: Morton|def|2
|
|upkeep
|turn|34
|
|t:|1743814318
|move|p2a: Morton|Salt Cure|p1a: Corviknight
|-damage|p1a: Corviknight|13/100 par
|-start|p1a: Corviknight|Salt Cure
|move|p1a: Corviknight|Brave Bird|p2a: Morton
|-damage|p2a: Morton|92/100
|-damage|p1a: Corviknight|10/100 par|[from] Recoil
|
|-damage|p1a: Corviknight|0 fnt|[from] Salt Cure
|faint|p1a: Corviknight
|upkeep
|
|t:|1743814331
|switch|p1a: Gholdengo|Gholdengo|49/100 par
|turn|35
|
|t:|1743814333
|move|p1a: Gholdengo|Shadow Ball|p2a: Morton
|-supereffective|p2a: Morton
|-damage|p2a: Morton|67/100
|move|p2a: Morton|Salt Cure|p1a: Gholdengo
|-resisted|p1a: Gholdengo
|-damage|p1a: Gholdengo|43/100 par
|-start|p1a: Gholdengo|Salt Cure
|
|-damage|p1a: Gholdengo|18/100 par|[from] Salt Cure
|upkeep
|turn|36
|
|t:|1743814340
|cant|p1a: Gholdengo|par
|move|p2a: Morton|Recover|p2a: Morton
|-heal|p2a: Morton|100/100
|
|-damage|p1a: Gholdengo|0 fnt|[from] Salt Cure
|faint|p1a: Gholdengo
|upkeep
|
|t:|1743814346
|switch|p1a: Meowscarada|Meowscarada, M|45/100
|turn|37
|
|t:|1743814348
|move|p1a: Meowscarada|Flower Trick|p2a: Morton
|-start|p1a: Meowscarada|typechange|Grass|[from] ability: Protean
|-crit|p2a: Morton
|-damage|p2a: Morton|67/100
|move|p2a: Morton|Body Press|p1a: Meowscarada
|-damage|p1a: Meowscarada|0 fnt
|faint|p1a: Meowscarada
|
|upkeep
|
|t:|1743814351
|switch|p1a: Walking Wake|Walking Wake|88/100
|turn|38
|
|t:|1743814354
|move|p1a: Walking Wake|Draco Meteor|p2a: Morton
|-damage|p2a: Morton|1/100
|-unboost|p1a: Walking Wake|spa|2
|-enditem|p2a: Morton|Sitrus Berry|[eat]
|-heal|p2a: Morton|26/100|[from] item: Sitrus Berry
|move|p2a: Morton|Recover|p2a: Morton
|-heal|p2a: Morton|76/100
|
|upkeep
|turn|39
|
|t:|1743814364
|-end|p1a: Walking Wake|Protosynthesis|[silent]
|switch|p1a: Zamazenta|Zamazenta, tera:Fire|100/100
|move|p2a: Morton|Salt Cure|p1a: Zamazenta
|-supereffective|p1a: Zamazenta
|-damage|p1a: Zamazenta|76/100
|-start|p1a: Zamazenta|Salt Cure
|
|-damage|p1a: Zamazenta|64/100|[from] Salt Cure
|upkeep
|turn|40
|
|t:|1743814368
|switch|p1a: Walking Wake|Walking Wake|88/100
|move|p2a: Morton|Recover|p2a: Morton
|-heal|p2a: Morton|100/100
|
|upkeep
|turn|41
|
|t:|1743814372
|move|p1a: Walking Wake|Hydro Steam|p2a: Morton
|-damage|p2a: Morton|61/100
|move|p2a: Morton|Recover|p2a: Morton
|-heal|p2a: Morton|100/100
|
|upkeep
|turn|42
|
|t:|1743814375
|move|p1a: Walking Wake|Hydro Steam|p2a: Morton
|-damage|p2a: Morton|63/100
|move|p2a: Morton|Salt Cure|p1a: Walking Wake
|-damage|p1a: Walking Wake|74/100
|-start|p1a: Walking Wake|Salt Cure
|
|-damage|p1a: Walking Wake|49/100|[from] Salt Cure
|upkeep
|turn|43
|
|t:|1743814378
|-end|p1a: Walking Wake|Protosynthesis|[silent]
|switch|p1a: Zamazenta|Zamazenta, tera:Fire|64/100
|move|p2a: Morton|Recover|p2a: Morton
|-heal|p2a: Morton|100/100
|
|upkeep
|turn|44
|
|t:|1743814380
|switch|p1a: Walking Wake|Walking Wake|49/100
|move|p2a: Morton|Salt Cure|p1a: Walking Wake
|-damage|p1a: Walking Wake|34/100
|-start|p1a: Walking Wake|Salt Cure
|
|-damage|p1a: Walking Wake|9/100|[from] Salt Cure
|upkeep
|turn|45
|
|t:|1743814384
|-end|p1a: Walking Wake|Protosynthesis|[silent]
|switch|p1a: Zamazenta|Zamazenta, tera:Fire|64/100
|move|p2a: Morton|Recover||[still]
|-fail|p2a: Morton|heal
|
|upkeep
|turn|46
|
|t:|1743814386
|move|p1a: Zamazenta|Crunch|p2a: Morton
|-supereffective|p2a: Morton
|-damage|p2a: Morton|82/100
|move|p2a: Morton|Salt Cure|p1a: Zamazenta
|-supereffective|p1a: Zamazenta
|-damage|p1a: Zamazenta|42/100
|-start|p1a: Zamazenta|Salt Cure
|
|-damage|p1a: Zamazenta|30/100|[from] Salt Cure
|upkeep
|turn|47
|-message|Fent6969 forfeited.
|
|win|Marioshi64
|raw|Fent6969's rating: 1387 &rarr; <strong>1368</strong><br />(-19 for losing)
|raw|Marioshi64's rating: 1407 &rarr; <strong>1426</strong><br />(+19 for winning)
|l|☆Fent6969
|player|p1|
|l|☆Marioshi64
|player|p2|
