|j|☆vanish ct
|j|☆thebacchusbraviary
|t:|1743909534
|gametype|singles
|player|p1|vanish ct|n|1212
|player|p2|thebacchusbraviary|skyla|1241
|teamsize|p1|6
|teamsize|p2|6
|gen|9
|tier|[Gen 9] OU
|rated|
|rule|HP Percentage Mod: HP is shown in percentages
|rule|Endless Battle Clause: Forcing endless battles is banned
|rule|Species Clause: Limit one of each Pokémon
|rule|OHKO Clause: OHKO moves are banned
|rule|Evasion Items Clause: Evasion items are banned
|rule|Evasion Moves Clause: Evasion moves are banned
|rule|Sleep Moves Clause: Sleep-inducing moves are banned
|clearpoke
|poke|p1|Zamazenta-*|
|poke|p1|Ting-Lu|
|poke|p1|Iron Valiant|
|poke|p1|Duraludon, M|
|poke|p1|Alomomola, F|
|poke|p1|Hatterene, F|
|poke|p2|Braviary, M|
|poke|p2|Tyranitar, F|
|poke|p2|Regice|
|poke|p2|Greninja-*, M|
|poke|p2|Arcanine-Hisui, F|
|poke|p2|Thundurus-Therian, M|
|teampreview
|inactive|Battle timer is ON: inactive players will automatically lose when time's up. (requested by thebacchusbraviary)
|
|t:|1743909551
|start
|switch|p1a: Ting-Lu|Ting-Lu|100/100
|switch|p2a: Thundurus|Thundurus-Therian, M|100/100
|-ability|p1a: Ting-Lu|Vessel of Ruin
|turn|1
|
|t:|1743909558
|move|p2a: Thundurus|Grass Knot|p1a: Ting-Lu
|-supereffective|p1a: Ting-Lu
|-damage|p1a: Ting-Lu|35/100
|move|p1a: Ting-Lu|Stealth Rock|p2a: Thundurus
|-sidestart|p2: thebacchusbraviary|move: Stealth Rock
|
|-heal|p1a: Ting-Lu|41/100|[from] item: Leftovers
|upkeep
|turn|2
|
|t:|1743909568
|switch|p1a: Duraludon|Duraludon, M|100/100
|move|p2a: Thundurus|Grass Knot|p1a: Duraludon
|-resisted|p1a: Duraludon
|-damage|p1a: Duraludon|94/100
|
|upkeep
|turn|3
|
|t:|1743909574
|switch|p2a: Regice|Regice|100/100
|-damage|p2a: Regice|75/100|[from] Stealth Rock
|switch|p1a: Ting-Lu|Ting-Lu|41/100
|-ability|p1a: Ting-Lu|Vessel of Ruin
|
|-heal|p2a: Regice|82/100|[from] item: Leftovers
|-heal|p1a: Ting-Lu|47/100|[from] item: Leftovers
|upkeep
|turn|4
|
|t:|1743909579
|move|p2a: Regice|Body Press|p1a: Ting-Lu
|-supereffective|p1a: Ting-Lu
|-damage|p1a: Ting-Lu|24/100
|move|p1a: Ting-Lu|Spikes|p2a: Regice
|-sidestart|p2: thebacchusbraviary|Spikes
|
|-heal|p2a: Regice|88/100|[from] item: Leftovers
|-heal|p1a: Ting-Lu|30/100|[from] item: Leftovers
|upkeep
|turn|5
|
|t:|1743909583
|move|p2a: Regice|Body Press|p1a: Ting-Lu
|-supereffective|p1a: Ting-Lu
|-damage|p1a: Ting-Lu|6/100
|move|p1a: Ting-Lu|Whirlwind|p2a: Regice
|drag|p2a: Arcanine|Arcanine-Hisui, F|100/100
|-damage|p2a: Arcanine|76/100|[from] Stealth Rock
|-item|p2a: Arcanine|Air Balloon
|
|-heal|p1a: Ting-Lu|12/100|[from] item: Leftovers
|upkeep
|turn|6
|
|t:|1743909587
|move|p2a: Arcanine|Flare Blitz|p1a: Ting-Lu
|-damage|p1a: Ting-Lu|0 fnt
|faint|p1a: Ting-Lu
|
|upkeep
|
|t:|1743909593
|switch|p1a: Alomomola|Alomomola, F|100/100
|turn|7
|
|t:|1743909596
|switch|p2a: Regice|Regice|88/100
|-damage|p2a: Regice|63/100|[from] Stealth Rock
|-damage|p2a: Regice|50/100|[from] Spikes
|move|p1a: Alomomola|Flip Turn|p2a: Regice
|-damage|p2a: Regice|39/100
|
|t:|1743909603
|switch|p1a: Duraludon|Duraludon, M|94/100|[from] Flip Turn
|
|-heal|p2a: Regice|45/100|[from] item: Leftovers
|upkeep
|turn|8
|
|t:|1743909605
|move|p1a: Duraludon|Flash Cannon|p2a: Regice
|-supereffective|p2a: Regice
|-damage|p2a: Regice|7/100
|move|p2a: Regice|Thunder Wave|p1a: Duraludon
|-status|p1a: Duraludon|par
|
|-heal|p2a: Regice|13/100|[from] item: Leftovers
|upkeep
|turn|9
|
|t:|1743909608
|move|p2a: Regice|Body Press|p1a: Duraludon
|-supereffective|p1a: Duraludon
|-damage|p1a: Duraludon|61/100 par
|move|p1a: Duraludon|Flash Cannon|p2a: Regice
|-supereffective|p2a: Regice
|-damage|p2a: Regice|0 fnt
|faint|p2a: Regice
|
|upkeep
|
|t:|1743909612
|switch|p2a: Braviary|Braviary, M|100/100
|-damage|p2a: Braviary|76/100|[from] Stealth Rock
|turn|10
|
|t:|1743909617
|move|p2a: Braviary|Defog|p1a: Duraludon
|-unboost|p1a: Duraludon|evasion|1
|-sideend|p2: thebacchusbraviary|Spikes|[from] move: Defog|[of] p2a: Braviary
|-sideend|p2: thebacchusbraviary|Stealth Rock|[from] move: Defog|[of] p2a: Braviary
|move|p1a: Duraludon|Thunder Wave|p2a: Braviary
|-status|p2a: Braviary|par
|
|upkeep
|turn|11
|
|t:|1743909626
|switch|p2a: Tyranitar|Tyranitar, F|100/100
|-weather|Sandstorm|[from] ability: Sand Stream|[of] p2a: Tyranitar
|cant|p1a: Duraludon|par
|
|-weather|Sandstorm|[upkeep]
|upkeep
|turn|12
|
|t:|1743909632
|move|p2a: Tyranitar|Knock Off|p1a: Duraludon
|-damage|p1a: Duraludon|29/100 par
|-enditem|p1a: Duraludon|Eviolite|[from] move: Knock Off|[of] p2a: Tyranitar
|cant|p1a: Duraludon|par
|
|-weather|Sandstorm|[upkeep]
|upkeep
|turn|13
|
|t:|1743909637
|move|p2a: Tyranitar|Low Kick|p1a: Duraludon
|-supereffective|p1a: Duraludon
|-damage|p1a: Duraludon|2/100 par
|cant|p1a: Duraludon|par
|
|-weather|Sandstorm|[upkeep]
|upkeep
|turn|14
|
|t:|1743909640
|move|p2a: Tyranitar|Low Kick|p1a: Duraludon
|-supereffective|p1a: Duraludon
|-damage|p1a: Duraludon|0 fnt
|faint|p1a: Duraludon
|
|-weather|Sandstorm|[upkeep]
|upkeep
|
|t:|1743909643
|switch|p1a: Zamazenta|Zamazenta|100/100
|-ability|p1a: Zamazenta|Dauntless Shield|boost
|-boost|p1a: Zamazenta|def|1
|turn|15
|
|t:|1743909651
|switch|p2a: Braviary|Braviary, M|76/100 par
|move|p1a: Zamazenta|Heavy Slam|p2a: Braviary
|-damage|p2a: Braviary|0 fnt
|faint|p2a: Braviary
|
|-weather|none
|upkeep
|
|t:|1743909654
|switch|p2a: Thundurus|Thundurus-Therian, M|100/100
|turn|16
|
|t:|1743909666
|switch|p1a: Hatterene|Hatterene, F|100/100
|-terastallize|p2a: Thundurus|Fairy
|move|p2a: Thundurus|Thunderbolt|p1a: Hatterene
|-damage|p1a: Hatterene|43/100
|-status|p1a: Hatterene|par
|
|upkeep
|turn|17
|
|t:|1743909677
|move|p2a: Thundurus|Thunderbolt|p1a: Hatterene
|-damage|p1a: Hatterene|0 fnt
|faint|p1a: Hatterene
|
|upkeep
|
|t:|1743909680
|switch|p1a: Zamazenta|Zamazenta|100/100
|turn|18
|
|t:|1743909683
|move|p1a: Zamazenta|Heavy Slam|p2a: Thundurus
|-supereffective|p2a: Thundurus
|-damage|p2a: Thundurus|0 fnt
|faint|p2a: Thundurus
|
|upkeep
|-message|thebacchusbraviary forfeited.
|
|win|vanish ct
|raw|vanish ct's rating: 1212 &rarr; <strong>1239</strong><br />(+27 for winning)
|raw|thebacchusbraviary's rating: 1241 &rarr; <strong>1214</strong><br />(-27 for losing)
|l|☆thebacchusbraviary
|player|p2|
|l|☆vanish ct
|player|p1|
