|j|☆LX1987
|j|☆GhostRiderversionX
|t:|1743846497
|gametype|singles
|player|p1|LX1987|1|1146
|player|p2|GhostRiderversionX|alder|1204
|teamsize|p1|6
|teamsize|p2|6
|gen|9
|tier|[Gen 9] OU
|rated|
|rule|HP Percentage Mod: HP is shown in percentages
|rule|Endless Battle Clause: Forcing endless battles is banned
|rule|Species Clause: Limit one of each Pokémon
|rule|OHKO Clause: OHKO moves are banned
|rule|Evasion Items Clause: Evasion items are banned
|rule|Evasion Moves Clause: Evasion moves are banned
|rule|Sleep Moves Clause: Sleep-inducing moves are banned
|clearpoke
|poke|p1|Torkoal, F|
|poke|p1|Typhlosion-Hisui, F|
|poke|p1|Zamazenta-*|
|poke|p1|Walking Wake|
|poke|p1|Trevenant, M|
|poke|p1|Brute Bonnet|
|poke|p2|Garchomp, F|
|poke|p2|Dondozo, M|
|poke|p2|Heatran, F|
|poke|p2|Dragonite, F|
|poke|p2|Corviknight, M|
|poke|p2|Decidueye, M|
|teampreview
|
|t:|1743846507
|start
|switch|p1a: Torkoal|Torkoal, F|100/100
|switch|p2a: Garchomp|Garchomp, F|100/100
|-weather|SunnyDay|[from] ability: Drought|[of] p1a: Torkoal
|turn|1
|
|t:|1743846516
|move|p2a: Garchomp|Earthquake|p1a: Torkoal
|-supereffective|p1a: Torkoal
|-damage|p1a: Torkoal|31/100
|move|p1a: Torkoal|Will-O-Wisp|p2a: Garchomp
|-status|p2a: Garchomp|brn
|
|-weather|SunnyDay|[upkeep]
|-damage|p2a: Garchomp|94/100 brn|[from] brn
|upkeep
|turn|2
|inactive|Battle timer is ON: inactive players will automatically lose when time's up. (requested by LX1987)
|
|t:|1743846527
|switch|p2a: Heatran|Heatran, F|100/100
|-item|p2a: Heatran|Air Balloon
|switch|p1a: Trevenant|Trevenant, M|100/100
|
|-weather|SunnyDay|[upkeep]
|upkeep
|turn|3
|
|t:|1743846542
|move|p2a: Heatran|Stealth Rock|p1a: Trevenant
|-sidestart|p1: LX1987|move: Stealth Rock
|move|p1a: Trevenant|Earthquake|p2a: Heatran
|-immune|p2a: Heatran
|
|-weather|SunnyDay|[upkeep]
|upkeep
|turn|4
|
|t:|1743846549
|move|p2a: Heatran|Flamethrower|p1a: Trevenant
|-supereffective|p1a: Trevenant
|-damage|p1a: Trevenant|0 fnt
|faint|p1a: Trevenant
|
|-weather|SunnyDay|[upkeep]
|upkeep
|
|t:|1743846557
|switch|p1a: Zamazenta|Zamazenta|100/100
|-damage|p1a: Zamazenta|94/100|[from] Stealth Rock
|-ability|p1a: Zamazenta|Dauntless Shield|boost
|-boost|p1a: Zamazenta|def|1
|turn|5
|c|☆GhostRiderversionX|balloon means immune to ground moves, you need to hit with me a move to break it
|
|t:|1743846576
|move|p1a: Zamazenta|Close Combat|p2a: Heatran
|-supereffective|p2a: Heatran
|-damage|p2a: Heatran|0 fnt
|-unboost|p1a: Zamazenta|def|1
|-unboost|p1a: Zamazenta|spd|1
|-enditem|p2a: Heatran|Air Balloon
|faint|p2a: Heatran
|
|-weather|SunnyDay|[upkeep]
|upkeep
|
|t:|1743846596
|switch|p2a: Decidueye|Decidueye, M|100/100
|turn|6
|
|t:|1743846600
|move|p1a: Zamazenta|Crunch|p2a: Decidueye
|-supereffective|p2a: Decidueye
|-damage|p2a: Decidueye|35/100
|-unboost|p2a: Decidueye|def|1
|move|p2a: Decidueye|Spirit Shackle|p1a: Zamazenta
|-damage|p1a: Zamazenta|42/100
|-activate|p1a: Zamazenta|trapped
|-damage|p2a: Decidueye|25/100|[from] item: Life Orb
|
|-weather|SunnyDay|[upkeep]
|upkeep
|turn|7
|
|t:|1743846612
|switch|p2a: Corviknight|Corviknight, M|100/100
|move|p1a: Zamazenta|Psychic Fangs|p2a: Corviknight
|-resisted|p2a: Corviknight
|-crit|p2a: Corviknight
|-damage|p2a: Corviknight|81/100
|
|-weather|SunnyDay|[upkeep]
|-heal|p2a: Corviknight|87/100|[from] item: Leftovers
|upkeep
|turn|8
|
|t:|1743846625
|switch|p1a: Typhlosion|Typhlosion-Hisui, F|100/100
|-damage|p1a: Typhlosion|76/100|[from] Stealth Rock
|move|p2a: Corviknight|Brave Bird|p1a: Typhlosion
|-damage|p1a: Typhlosion|21/100
|-damage|p2a: Corviknight|74/100|[from] Recoil
|
|-weather|none
|-heal|p2a: Corviknight|80/100|[from] item: Leftovers
|upkeep
|turn|9
|
|t:|1743846637
|switch|p2a: Garchomp|Garchomp, F|94/100 brn
|move|p1a: Typhlosion|Lava Plume|p2a: Garchomp
|-resisted|p2a: Garchomp
|-damage|p2a: Garchomp|60/100 brn
|
|-damage|p2a: Garchomp|54/100 brn|[from] brn
|upkeep
|turn|10
|
|t:|1743846647
|move|p1a: Typhlosion|Lava Plume|p2a: Garchomp
|-resisted|p2a: Garchomp
|-damage|p2a: Garchomp|18/100 brn
|move|p2a: Garchomp|Earthquake|p1a: Typhlosion
|-supereffective|p1a: Typhlosion
|-damage|p1a: Typhlosion|0 fnt
|faint|p1a: Typhlosion
|
|-damage|p2a: Garchomp|12/100 brn|[from] brn
|upkeep
|
|t:|1743846669
|switch|p1a: Torkoal|Torkoal, F|31/100
|-damage|p1a: Torkoal|6/100|[from] Stealth Rock
|-weather|SunnyDay|[from] ability: Drought|[of] p1a: Torkoal
|turn|11
|
|t:|1743846677
|move|p2a: Garchomp|Earthquake|p1a: Torkoal
|-supereffective|p1a: Torkoal
|-damage|p1a: Torkoal|0 fnt
|faint|p1a: Torkoal
|
|-weather|SunnyDay|[upkeep]
|-damage|p2a: Garchomp|6/100 brn|[from] brn
|upkeep
|
|t:|1743846686
|switch|p1a: Brute Bonnet|Brute Bonnet|100/100
|-damage|p1a: Brute Bonnet|88/100|[from] Stealth Rock
|-activate|p1a: Brute Bonnet|ability: Protosynthesis
|-start|p1a: Brute Bonnet|protosynthesisatk
|turn|12
|
|t:|1743846696
|switch|p2a: Corviknight|Corviknight, M|80/100
|move|p1a: Brute Bonnet|Sucker Punch||[still]
|-fail|p1a: Brute Bonnet
|
|-weather|SunnyDay|[upkeep]
|-heal|p2a: Corviknight|86/100|[from] item: Leftovers
|upkeep
|turn|13
|
|t:|1743846709
|-end|p1a: Brute Bonnet|Protosynthesis|[silent]
|switch|p1a: Walking Wake|Walking Wake|100/100
|-damage|p1a: Walking Wake|88/100|[from] Stealth Rock
|-activate|p1a: Walking Wake|ability: Protosynthesis
|-start|p1a: Walking Wake|protosynthesisspa
|move|p2a: Corviknight|Body Press|p1a: Walking Wake
|-damage|p1a: Walking Wake|67/100
|
|-weather|SunnyDay|[upkeep]
|-heal|p2a: Corviknight|92/100|[from] item: Leftovers
|upkeep
|turn|14
|
|t:|1743846722
|switch|p2a: Decidueye|Decidueye, M|25/100
|-terastallize|p1a: Walking Wake|Water
|move|p1a: Walking Wake|Hydro Steam|p2a: Decidueye
|-resisted|p2a: Decidueye
|-damage|p2a: Decidueye|0 fnt
|faint|p2a: Decidueye
|
|-weather|SunnyDay|[upkeep]
|upkeep
|
|t:|1743846731
|switch|p2a: Garchomp|Garchomp, F|6/100 brn
|turn|15
|
|t:|1743846740
|-end|p1a: Walking Wake|Protosynthesis|[silent]
|switch|p1a: Zamazenta|Zamazenta|42/100
|-damage|p1a: Zamazenta|36/100|[from] Stealth Rock
|move|p2a: Garchomp|Outrage|p1a: Zamazenta
|-damage|p1a: Zamazenta|4/100
|
|-weather|SunnyDay|[upkeep]
|-damage|p2a: Garchomp|0 fnt|[from] brn
|faint|p2a: Garchomp
|upkeep
|
|t:|1743846747
|switch|p2a: Dragonite|Dragonite, F|100/100
|turn|16
|
|t:|1743846761
|move|p2a: Dragonite|Extreme Speed|p1a: Zamazenta
|-crit|p1a: Zamazenta
|-damage|p1a: Zamazenta|0 fnt
|faint|p1a: Zamazenta
|
|-weather|SunnyDay|[upkeep]
|upkeep
|
|t:|1743846769
|switch|p1a: Brute Bonnet|Brute Bonnet|88/100
|-damage|p1a: Brute Bonnet|75/100|[from] Stealth Rock
|-activate|p1a: Brute Bonnet|ability: Protosynthesis
|-start|p1a: Brute Bonnet|protosynthesisatk
|turn|17
|
|t:|1743846776
|switch|p2a: Corviknight|Corviknight, M|92/100
|move|p1a: Brute Bonnet|Seed Bomb|p2a: Corviknight
|-resisted|p2a: Corviknight
|-damage|p2a: Corviknight|80/100
|
|-weather|SunnyDay|[upkeep]
|-heal|p2a: Corviknight|86/100|[from] item: Leftovers
|upkeep
|turn|18
|
|t:|1743846786
|-end|p1a: Brute Bonnet|Protosynthesis|[silent]
|switch|p1a: Walking Wake|Walking Wake, tera:Water|67/100
|-damage|p1a: Walking Wake|54/100|[from] Stealth Rock
|-activate|p1a: Walking Wake|ability: Protosynthesis
|-start|p1a: Walking Wake|protosynthesisspa
|move|p2a: Corviknight|Body Press|p1a: Walking Wake
|-damage|p1a: Walking Wake|34/100
|
|-weather|none
|-end|p1a: Walking Wake|Protosynthesis
|-heal|p2a: Corviknight|92/100|[from] item: Leftovers
|upkeep
|turn|19
|
|t:|1743846798
|switch|p2a: Dragonite|Dragonite, F|100/100
|move|p1a: Walking Wake|Hydro Steam|p2a: Dragonite
|-resisted|p2a: Dragonite
|-damage|p2a: Dragonite|77/100
|
|upkeep
|turn|20
|
|t:|1743846807
|-terastallize|p2a: Dragonite|Normal
|move|p2a: Dragonite|Extreme Speed|p1a: Walking Wake
|-damage|p1a: Walking Wake|0 fnt
|faint|p1a: Walking Wake
|-end|p1a: Walking Wake|Protosynthesis|[silent]
|
|upkeep
|-message|LX1987 forfeited.
|
|win|GhostRiderversionX
|raw|LX1987's rating: 1146 &rarr; <strong>1125</strong><br />(-21 for losing)
|raw|GhostRiderversionX's rating: 1204 &rarr; <strong>1225</strong><br />(+21 for winning)
|l|☆LX1987
|player|p1|
|l|☆GhostRiderversionX
|player|p2|
