|j|☆CapitainFreeze1
|j|☆Aure35190
|t:|1743845258
|gametype|singles
|player|p1|CapitainFreeze1|ghetsis|1264
|player|p2|Aure35190|red|1189
|teamsize|p1|6
|teamsize|p2|6
|gen|9
|tier|[Gen 9] OU
|rated|
|rule|HP Percentage Mod: HP is shown in percentages
|rule|Endless Battle Clause: Forcing endless battles is banned
|rule|Species Clause: Limit one of each Pokémon
|rule|OHKO Clause: OHKO moves are banned
|rule|Evasion Items Clause: Evasion items are banned
|rule|Evasion Moves Clause: Evasion moves are banned
|rule|Sleep Moves Clause: Sleep-inducing moves are banned
|clearpoke
|poke|p1|Kingambit, F|
|poke|p1|Quaquaval, M|
|poke|p1|Pecharunt|
|poke|p1|Iron Moth|
|poke|p1|Iron Treads|
|poke|p1|Dragapult, M|
|poke|p2|Ambipom, F|
|poke|p2|Gholdengo|
|poke|p2|Kingambit, M|
|poke|p2|Ogerpon-Wellspring, F|
|poke|p2|Meowscarada, M|
|poke|p2|Corviknight, M|
|teampreview
|inactive|Battle timer is ON: inactive players will automatically lose when time's up. (requested by CapitainFreeze1)
|
|t:|1743845272
|start
|switch|p1a: Gladiator|Iron Treads|100/100
|switch|p2a: Ambipom|Ambipom, F|100/100
|turn|1
|
|t:|1743845288
|-end|p1a: Gladiator|Quark Drive|[silent]
|switch|p1a: Pecharunt|Pecharunt|100/100
|move|p2a: Ambipom|Fake Out|p1a: Pecharunt
|-immune|p1a: Pecharunt
|
|upkeep
|turn|2
|
|t:|1743845297
|switch|p2a: Corviknight|Corviknight, M|100/100
|-ability|p2a: Corviknight|Pressure
|move|p1a: Pecharunt|Parting Shot|p2a: Corviknight
|-unboost|p2a: Corviknight|atk|1
|-unboost|p2a: Corviknight|spa|1
|
|t:|1743845313
|switch|p1a: I...am...Iron-Moth|Iron Moth|100/100|[from] Parting Shot
|-enditem|p1a: I...am...Iron-Moth|Booster Energy
|-activate|p1a: I...am...Iron-Moth|ability: Quark Drive|[fromitem]
|-start|p1a: I...am...Iron-Moth|quarkdrivespe
|
|upkeep
|turn|3
|
|t:|1743845327
|move|p1a: I...am...Iron-Moth|Fiery Dance|p2a: Corviknight
|-supereffective|p2a: Corviknight
|-damage|p2a: Corviknight|30/100
|-boost|p1a: I...am...Iron-Moth|spa|1
|move|p2a: Corviknight|Iron Defense|p2a: Corviknight
|-boost|p2a: Corviknight|def|2
|
|upkeep
|turn|4
|
|t:|1743845336
|move|p1a: I...am...Iron-Moth|Fiery Dance|p2a: Corviknight
|-supereffective|p2a: Corviknight
|-damage|p2a: Corviknight|0 fnt
|-boost|p1a: I...am...Iron-Moth|spa|1
|faint|p2a: Corviknight
|
|upkeep
|
|t:|1743845343
|switch|p2a: Ogerpon|Ogerpon-Wellspring, F|100/100
|turn|5
|
|t:|1743845346
|move|p1a: I...am...Iron-Moth|Sludge Wave|p2a: Ogerpon
|-supereffective|p2a: Ogerpon
|-damage|p2a: Ogerpon|0 fnt
|faint|p2a: Ogerpon
|
|upkeep
|-message|Aure35190 forfeited.
|
|win|CapitainFreeze1
|raw|CapitainFreeze1's rating: 1264 &rarr; <strong>1284</strong><br />(+20 for winning)
|raw|Aure35190's rating: 1189 &rarr; <strong>1169</strong><br />(-20 for losing)
|l|☆Aure35190
|player|p2|
|l|☆CapitainFreeze1
|player|p1|
