|j|☆Kazuelasnt
|j|☆tdd20070515兹伏奇大吾
|t:|1743780902
|gametype|singles
|player|p1|Kazuelasnt|cress|1463
|player|p2|tdd20070515兹伏奇大吾|steven-masters2|1462
|teamsize|p1|6
|teamsize|p2|6
|gen|9
|tier|[Gen 9] OU
|rated|
|rule|HP Percentage Mod: HP is shown in percentages
|rule|Endless Battle Clause: Forcing endless battles is banned
|rule|Species Clause: Limit one of each Pokémon
|rule|OHKO Clause: OHKO moves are banned
|rule|Evasion Items Clause: Evasion items are banned
|rule|Evasion Moves Clause: Evasion moves are banned
|rule|Sleep Moves Clause: Sleep-inducing moves are banned
|clearpoke
|poke|p1|Ninetales, M|
|poke|p1|Lilligant-Hisui, F|
|poke|p1|Walking Wake|
|poke|p1|Great Tusk|
|poke|p1|Iron Moth|
|poke|p1|Heatran, F|
|poke|p2|Darkrai|
|poke|p2|Metagross|
|poke|p2|Hydreigon, F|
|poke|p2|Alomomola, M|
|poke|p2|Ting-Lu|
|poke|p2|Corviknight, F|
|teampreview
|
|t:|1743780932
|start
|switch|p1a: Chujin|Ninetales, M, shiny|100/100
|switch|p2a: 货恶其不弃于地也|Hydreigon, F|100/100
|-weather|SunnyDay|[from] ability: Drought|[of] p1a: Chujin
|turn|1
|
|t:|1743780952
|switch|p1a: Heatrandorus|Heatran, F|100/100
|-item|p1a: Heatrandorus|Air Balloon
|move|p2a: 货恶其不弃于地也|Draco Meteor|p1a: Heatrandorus
|-resisted|p1a: Heatrandorus
|-damage|p1a: Heatrandorus|71/100
|-unboost|p2a: 货恶其不弃于地也|spa|2
|-enditem|p1a: Heatrandorus|Air Balloon
|
|-weather|SunnyDay|[upkeep]
|upkeep
|turn|2
|
|t:|1743780965
|move|p1a: Heatrandorus|Stealth Rock|p2a: 货恶其不弃于地也
|-sidestart|p2: tdd20070515兹伏奇大吾|move: Stealth Rock
|move|p2a: 货恶其不弃于地也|Earth Power|p1a: Heatrandorus
|-supereffective|p1a: Heatrandorus
|-damage|p1a: Heatrandorus|16/100
|
|-weather|SunnyDay|[upkeep]
|upkeep
|turn|3
|
|t:|1743781014
|switch|p1a: Ondulagua|Walking Wake|100/100
|-activate|p1a: Ondulagua|ability: Protosynthesis
|-start|p1a: Ondulagua|protosynthesisspa
|switch|p2a: 不必藏于己|Alomomola, M|100/100
|
|-weather|SunnyDay|[upkeep]
|upkeep
|turn|4
|
|t:|1743781019
|move|p2a: 不必藏于己|Protect|p2a: 不必藏于己
|-singleturn|p2a: 不必藏于己|Protect
|move|p1a: Ondulagua|Draco Meteor|p2a: 不必藏于己
|-activate|p2a: 不必藏于己|move: Protect
|
|-weather|SunnyDay|[upkeep]
|upkeep
|turn|5
|
|t:|1743781026
|switch|p2a: 不以善小而不为|Metagross|100/100
|-damage|p2a: 不以善小而不为|94/100|[from] Stealth Rock
|move|p1a: Ondulagua|Draco Meteor|p2a: 不以善小而不为
|-resisted|p2a: 不以善小而不为
|-damage|p2a: 不以善小而不为|45/100
|-unboost|p1a: Ondulagua|spa|2
|
|-weather|SunnyDay|[upkeep]
|upkeep
|turn|6
|
|t:|1743781030
|-end|p1a: Ondulagua|Protosynthesis|[silent]
|switch|p1a: Ferropolilla|Iron Moth|100/100
|-enditem|p1a: Ferropolilla|Booster Energy
|-activate|p1a: Ferropolilla|ability: Quark Drive|[fromitem]
|-start|p1a: Ferropolilla|quarkdrivespe
|move|p2a: 不以善小而不为|Knock Off|p1a: Ferropolilla
|-damage|p1a: Ferropolilla|63/100
|
|-weather|SunnyDay|[upkeep]
|upkeep
|turn|7
|
|t:|1743781034
|switch|p2a: 不必藏于己|Alomomola, M|100/100
|move|p1a: Ferropolilla|Fiery Dance|p2a: 不必藏于己
|-resisted|p2a: 不必藏于己
|-damage|p2a: 不必藏于己|79/100
|
|-weather|SunnyDay|[upkeep]
|upkeep
|turn|8
|
|t:|1743781039
|move|p2a: 不必藏于己|Protect|p2a: 不必藏于己
|-singleturn|p2a: 不必藏于己|Protect
|move|p1a: Ferropolilla|Substitute|p1a: Ferropolilla
|-start|p1a: Ferropolilla|Substitute
|-damage|p1a: Ferropolilla|38/100
|
|-weather|none
|upkeep
|turn|9
|
|t:|1743781041
|move|p1a: Ferropolilla|Energy Ball|p2a: 不必藏于己
|-supereffective|p2a: 不必藏于己
|-damage|p2a: 不必藏于己|34/100
|move|p2a: 不必藏于己|Flip Turn|p1a: Ferropolilla
|-supereffective|p1a: Ferropolilla
|-end|p1a: Ferropolilla|Substitute
|
|t:|1743781049
|switch|p2a: 货恶其不弃于地也|Hydreigon, F|100/100|[from] Flip Turn
|-damage|p2a: 货恶其不弃于地也|88/100|[from] Stealth Rock
|
|upkeep
|turn|10
|
|t:|1743781054
|move|p1a: Ferropolilla|Sludge Wave|p2a: 货恶其不弃于地也
|-damage|p2a: 货恶其不弃于地也|57/100
|move|p2a: 货恶其不弃于地也|Earth Power|p1a: Ferropolilla
|-supereffective|p1a: Ferropolilla
|-damage|p1a: Ferropolilla|0 fnt
|faint|p1a: Ferropolilla
|-end|p1a: Ferropolilla|Quark Drive|[silent]
|
|upkeep
|
|t:|1743781062
|switch|p1a: Ondulagua|Walking Wake|100/100
|turn|11
|
|t:|1743781068
|-terastallize|p1a: Ondulagua|Fairy
|-terastallize|p2a: 货恶其不弃于地也|Poison
|move|p1a: Ondulagua|Tera Blast|p2a: 货恶其不弃于地也|[anim] Tera Blast Fairy
|-resisted|p2a: 货恶其不弃于地也
|-damage|p2a: 货恶其不弃于地也|35/100
|move|p2a: 货恶其不弃于地也|Draco Meteor|p1a: Ondulagua
|-immune|p1a: Ondulagua
|
|upkeep
|turn|12
|
|t:|1743781077
|-end|p1a: Ondulagua|Protosynthesis|[silent]
|switch|p1a: Chujin|Ninetales, M, shiny|100/100
|-weather|SunnyDay|[from] ability: Drought|[of] p1a: Chujin
|move|p2a: 货恶其不弃于地也|Dark Pulse|p1a: Chujin
|-damage|p1a: Chujin|60/100
|
|-weather|SunnyDay|[upkeep]
|upkeep
|turn|13
|
|t:|1743781082
|switch|p2a: 不必藏于己|Alomomola, M|67/100
|move|p1a: Chujin|Weather Ball|p2a: 不必藏于己
|-resisted|p2a: 不必藏于己
|-damage|p2a: 不必藏于己|52/100
|
|-weather|SunnyDay|[upkeep]
|upkeep
|turn|14
|
|t:|1743781085
|switch|p1a: Mi amada <3|Lilligant-Hisui, F|100/100
|move|p2a: 不必藏于己|Wish|p2a: 不必藏于己
|
|-weather|SunnyDay|[upkeep]
|upkeep
|turn|15
|
|t:|1743781092
|switch|p2a: 货恶其不弃于地也|Hydreigon, F, tera:Poison|35/100
|-damage|p2a: 货恶其不弃于地也|23/100|[from] Stealth Rock
|move|p1a: Mi amada <3|Encore||[still]
|-fail|p1a: Mi amada <3
|
|-weather|SunnyDay|[upkeep]
|-heal|p2a: 货恶其不弃于地也|92/100|[from] move: Wish|[wisher] 不必藏于己
|upkeep
|turn|16
|
|t:|1743781095
|move|p1a: Mi amada <3|Axe Kick|p2a: 货恶其不弃于地也
|-resisted|p2a: 货恶其不弃于地也
|-damage|p2a: 货恶其不弃于地也|54/100
|-damage|p1a: Mi amada <3|91/100|[from] item: Life Orb
|move|p2a: 货恶其不弃于地也|Fire Blast|p1a: Mi amada <3
|-supereffective|p1a: Mi amada <3
|-damage|p1a: Mi amada <3|0 fnt
|faint|p1a: Mi amada <3
|
|-weather|SunnyDay|[upkeep]
|upkeep
|
|t:|1743781100
|switch|p1a: Heatrandorus|Heatran, F|16/100
|turn|17
|
|t:|1743781104
|switch|p2a: 不必藏于己|Alomomola, M|85/100
|move|p1a: Heatrandorus|Magma Storm|p2a: 不必藏于己
|-resisted|p2a: 不必藏于己
|-damage|p2a: 不必藏于己|59/100
|-activate|p2a: 不必藏于己|move: Magma Storm|[of] p1a: Heatrandorus
|
|-weather|SunnyDay|[upkeep]
|-damage|p2a: 不必藏于己|47/100|[from] move: Magma Storm|[partiallytrapped]
|upkeep
|turn|18
|
|t:|1743781110
|move|p1a: Heatrandorus|Earth Power|p2a: 不必藏于己
|-damage|p2a: 不必藏于己|24/100
|move|p2a: 不必藏于己|Wish|p2a: 不必藏于己
|
|-weather|SunnyDay|[upkeep]
|-damage|p2a: 不必藏于己|12/100|[from] move: Magma Storm|[partiallytrapped]
|upkeep
|turn|19
|
|t:|1743781114
|move|p2a: 不必藏于己|Protect|p2a: 不必藏于己
|-singleturn|p2a: 不必藏于己|Protect
|move|p1a: Heatrandorus|Earth Power|p2a: 不必藏于己
|-activate|p2a: 不必藏于己|move: Protect
|
|-weather|none
|-heal|p2a: 不必藏于己|62/100|[from] move: Wish|[wisher] 不必藏于己
|-damage|p2a: 不必藏于己|49/100|[from] move: Magma Storm|[partiallytrapped]
|upkeep
|turn|20
|
|t:|1743781118
|move|p1a: Heatrandorus|Taunt|p2a: 不必藏于己
|-start|p2a: 不必藏于己|move: Taunt
|move|p2a: 不必藏于己|Flip Turn|p1a: Heatrandorus
|-supereffective|p1a: Heatrandorus
|-damage|p1a: Heatrandorus|0 fnt
|faint|p1a: Heatrandorus
|-message|Kazuelasnt forfeited.
|
|win|tdd20070515兹伏奇大吾
|raw|Kazuelasnt's rating: 1463 &rarr; <strong>1443</strong><br />(-20 for losing)
|raw|tdd20070515兹伏奇大吾's rating: 1462 &rarr; <strong>1482</strong><br />(+20 for winning)
|l|☆Kazuelasnt
|player|p1|
