|j|☆AERLZ_
|j|☆rising skies
|t:|1743913991
|gametype|singles
|player|p1|AERLZ_|170|1348
|player|p2|rising skies|2|1387
|teamsize|p1|6
|teamsize|p2|6
|gen|9
|tier|[Gen 9] OU
|rated|
|rule|HP Percentage Mod: HP is shown in percentages
|rule|Endless Battle Clause: Forcing endless battles is banned
|rule|Species Clause: Limit one of each Pokémon
|rule|OHKO Clause: OHKO moves are banned
|rule|Evasion Items Clause: Evasion items are banned
|rule|Evasion Moves Clause: Evasion moves are banned
|rule|Sleep Moves Clause: Sleep-inducing moves are banned
|clearpoke
|poke|p1|Blissey, F|
|poke|p1|Clefable, F|
|poke|p1|Gliscor, F|
|poke|p1|Ting-Lu|
|poke|p1|Dondozo, F|
|poke|p1|Amoonguss, F|
|poke|p2|Iron Crown|
|poke|p2|Great Tusk|
|poke|p2|Lokix, F|
|poke|p2|Ninetales-Alola, F|
|poke|p2|Thundurus, M|
|poke|p2|Infernape, F|
|teampreview
|inactive|Battle timer is ON: inactive players will automatically lose when time's up. (requested by rising skies)
|j| LiDaPang
|inactive|AERLZ_ has 120 seconds left.
|
|t:|1743914024
|start
|switch|p1a: Gliscor|Gliscor, F|100/100
|switch|p2a: Thundurus|Thundurus, M, shiny|100/100
|turn|1
|
|t:|1743914033
|move|p1a: Gliscor|Protect|p1a: Gliscor
|-singleturn|p1a: Gliscor|Protect
|move|p2a: Thundurus|Nasty Plot|p2a: Thundurus
|-boost|p2a: Thundurus|spa|2
|
|-status|p1a: Gliscor|tox|[from] item: Toxic Orb
|upkeep
|turn|2
|
|t:|1743914058
|move|p2a: Thundurus|Nasty Plot|p2a: Thundurus
|-boost|p2a: Thundurus|spa|2
|move|p1a: Gliscor|Toxic|p2a: Thundurus
|-status|p2a: Thundurus|tox
|
|-damage|p2a: Thundurus|94/100 tox|[from] psn
|upkeep
|turn|3
|
|t:|1743914073
|move|p2a: Thundurus|Grass Knot|p1a: Gliscor
|-damage|p1a: Gliscor|25/100 tox
|move|p1a: Gliscor|Knock Off|p2a: Thundurus
|-damage|p2a: Thundurus|61/100 tox
|-enditem|p2a: Thundurus|Focus Sash|[from] move: Knock Off|[of] p1a: Gliscor
|
|-damage|p2a: Thundurus|49/100 tox|[from] psn
|-heal|p1a: Gliscor|38/100 tox|[from] ability: Poison Heal
|upkeep
|turn|4
|l|☆rising skies
|inactive|rising skies disconnected and has a minute to reconnect!
|player|p2|
|j|☆rising skies
|inactive|rising skies reconnected and has 140 seconds left.
|player|p2|rising skies|2|
|
|t:|1743914090
|switch|p1a: Blissey|Blissey, F|100/100
|move|p2a: Thundurus|Nasty Plot|p2a: Thundurus
|-boost|p2a: Thundurus|spa|2
|
|-damage|p2a: Thundurus|31/100 tox|[from] psn
|upkeep
|turn|5
|
|t:|1743914097
|switch|p1a: Gliscor|Gliscor, F|38/100 tox
|move|p2a: Thundurus|Grass Knot|p1a: Gliscor
|-damage|p1a: Gliscor|0 fnt
|faint|p1a: Gliscor
|
|-damage|p2a: Thundurus|7/100 tox|[from] psn
|upkeep
|
|t:|1743914105
|switch|p1a: Ting-Lu|Ting-Lu|100/100
|-ability|p1a: Ting-Lu|Vessel of Ruin
|turn|6
|
|t:|1743914110
|move|p1a: Ting-Lu|Protect|p1a: Ting-Lu
|-singleturn|p1a: Ting-Lu|Protect
|move|p2a: Thundurus|Thunderbolt|p1a: Ting-Lu
|-activate|p1a: Ting-Lu|move: Protect
|
|-damage|p2a: Thundurus|0 fnt|[from] psn
|faint|p2a: Thundurus
|upkeep
|
|t:|1743914130
|switch|p2a: Ninetales|Ninetales-Alola, F|100/100
|-weather|Snowscape|[from] ability: Snow Warning|[of] p2a: Ninetales
|turn|7
|
|t:|1743914138
|switch|p1a: Blissey|Blissey, F|100/100
|move|p2a: Ninetales|Freeze-Dry|p1a: Blissey
|-damage|p1a: Blissey|94/100
|
|-weather|Snowscape|[upkeep]
|upkeep
|turn|8
|
|t:|1743914159
|move|p2a: Ninetales|Aurora Veil|p2a: Ninetales
|-sidestart|p2: rising skies|move: Aurora Veil
|move|p1a: Blissey|Seismic Toss|p2a: Ninetales
|-damage|p2a: Ninetales|72/100
|
|-weather|Snowscape|[upkeep]
|upkeep
|turn|9
|
|t:|1743914176
|switch|p2a: Infernape|Infernape, F|100/100
|move|p1a: Blissey|Seismic Toss|p2a: Infernape
|-damage|p2a: Infernape|66/100
|
|-weather|Snowscape|[upkeep]
|upkeep
|turn|10
|
|t:|1743914187
|switch|p1a: Dondozo|Dondozo, F|100/100
|move|p2a: Infernape|Thunder Punch|p1a: Dondozo
|-supereffective|p1a: Dondozo
|-damage|p1a: Dondozo|70/100
|-damage|p2a: Infernape|56/100|[from] item: Life Orb
|
|-weather|Snowscape|[upkeep]
|upkeep
|turn|11
|
|t:|1743914198
|move|p2a: Infernape|Thunder Punch|p1a: Dondozo
|-supereffective|p1a: Dondozo
|-damage|p1a: Dondozo|38/100
|-status|p1a: Dondozo|par
|-damage|p2a: Infernape|47/100|[from] item: Life Orb
|move|p1a: Dondozo|Curse|p1a: Dondozo
|-unboost|p1a: Dondozo|spe|1
|-boost|p1a: Dondozo|atk|1
|-boost|p1a: Dondozo|def|1
|
|-weather|none
|upkeep
|turn|12
|
|t:|1743914215
|switch|p2a: Iron Crown|Iron Crown|100/100
|-enditem|p2a: Iron Crown|Booster Energy
|-activate|p2a: Iron Crown|ability: Quark Drive|[fromitem]
|-start|p2a: Iron Crown|quarkdrivespe
|cant|p1a: Dondozo|par
|
|upkeep
|turn|13
|
|t:|1743914231
|move|p2a: Iron Crown|Focus Blast|p1a: Dondozo
|-damage|p1a: Dondozo|3/100 par
|move|p1a: Dondozo|Rest|p1a: Dondozo
|-status|p1a: Dondozo|slp|[from] move: Rest
|-heal|p1a: Dondozo|100/100 slp|[silent]
|
|upkeep
|turn|14
|
|t:|1743914241
|switch|p1a: Blissey|Blissey, F|94/100
|move|p2a: Iron Crown|Calm Mind|p2a: Iron Crown
|-boost|p2a: Iron Crown|spa|1
|-boost|p2a: Iron Crown|spd|1
|
|upkeep
|turn|15
|
|t:|1743914248
|move|p2a: Iron Crown|Calm Mind|p2a: Iron Crown
|-boost|p2a: Iron Crown|spa|1
|-boost|p2a: Iron Crown|spd|1
|move|p1a: Blissey|Calm Mind|p1a: Blissey
|-boost|p1a: Blissey|spa|1
|-boost|p1a: Blissey|spd|1
|
|-sideend|p2: rising skies|move: Aurora Veil
|upkeep
|turn|16
|
|t:|1743914254
|-end|p2a: Iron Crown|Quark Drive|[silent]
|switch|p2a: Infernape|Infernape, F|47/100
|move|p1a: Blissey|Calm Mind|p1a: Blissey
|-boost|p1a: Blissey|spa|1
|-boost|p1a: Blissey|spd|1
|
|upkeep
|turn|17
|
|t:|1743914268
|switch|p1a: Clefable|Clefable, F|100/100
|move|p2a: Infernape|Drain Punch|p1a: Clefable
|-resisted|p1a: Clefable
|-damage|p1a: Clefable|79/100
|-heal|p2a: Infernape|61/100|[from] drain|[of] p1a: Clefable
|-damage|p2a: Infernape|51/100|[from] item: Life Orb
|
|upkeep
|turn|18
|
|t:|1743914286
|switch|p2a: Iron Crown|Iron Crown|100/100
|move|p1a: Clefable|Knock Off|p2a: Iron Crown
|-supereffective|p2a: Iron Crown
|-damage|p2a: Iron Crown|80/100
|
|upkeep
|turn|19
|
|t:|1743914300
|-end|p2a: Iron Crown|Quark Drive|[silent]
|switch|p2a: Infernape|Infernape, F|51/100
|switch|p1a: Ting-Lu|Ting-Lu|100/100
|-ability|p1a: Ting-Lu|Vessel of Ruin
|
|upkeep
|turn|20
|inactive|AERLZ_ has 120 seconds left.
|
|t:|1743914347
|-terastallize|p1a: Ting-Lu|Ghost
|move|p2a: Infernape|Drain Punch|p1a: Ting-Lu
|-immune|p1a: Ting-Lu
|move|p1a: Ting-Lu|Stealth Rock|p2a: Infernape
|-sidestart|p2: rising skies|move: Stealth Rock
|
|upkeep
|turn|21
|
|t:|1743914362
|switch|p2a: Great Tusk|Great Tusk|100/100
|-damage|p2a: Great Tusk|98/100|[from] Stealth Rock
|-enditem|p2a: Great Tusk|Booster Energy
|-activate|p2a: Great Tusk|ability: Protosynthesis|[fromitem]
|-start|p2a: Great Tusk|protosynthesisatk
|move|p1a: Ting-Lu|Earthquake|p2a: Great Tusk
|-crit|p2a: Great Tusk
|-damage|p2a: Great Tusk|58/100
|
|upkeep
|turn|22
|
|t:|1743914375
|move|p2a: Great Tusk|Headlong Rush|p1a: Ting-Lu
|-damage|p1a: Ting-Lu|55/100
|-unboost|p2a: Great Tusk|def|1
|-unboost|p2a: Great Tusk|spd|1
|move|p1a: Ting-Lu|Earthquake|p2a: Great Tusk
|-damage|p2a: Great Tusk|17/100
|
|upkeep
|turn|23
|
|t:|1743914389
|move|p1a: Ting-Lu|Protect|p1a: Ting-Lu
|-singleturn|p1a: Ting-Lu|Protect
|move|p2a: Great Tusk|Headlong Rush|p1a: Ting-Lu
|-activate|p1a: Ting-Lu|move: Protect
|
|upkeep
|turn|24
|
|t:|1743914394
|move|p2a: Great Tusk|Headlong Rush|p1a: Ting-Lu
|-damage|p1a: Ting-Lu|10/100
|-unboost|p2a: Great Tusk|def|1
|-unboost|p2a: Great Tusk|spd|1
|move|p1a: Ting-Lu|Rest|p1a: Ting-Lu
|-status|p1a: Ting-Lu|slp|[from] move: Rest
|-heal|p1a: Ting-Lu|100/100 slp|[silent]
|
|upkeep
|turn|25
|inactive|AERLZ_ has 120 seconds left.
|
|t:|1743914405
|cant|p1a: Ting-Lu|slp
|move|p2a: Great Tusk|Headlong Rush|p1a: Ting-Lu
|-damage|p1a: Ting-Lu|53/100 slp
|-unboost|p2a: Great Tusk|def|1
|-unboost|p2a: Great Tusk|spd|1
|
|upkeep
|turn|26
|inactive|AERLZ_ has 120 seconds left.
|
|t:|1743914412
|cant|p1a: Ting-Lu|slp
|move|p2a: Great Tusk|Headlong Rush|p1a: Ting-Lu
|-crit|p1a: Ting-Lu
|-damage|p1a: Ting-Lu|0 fnt
|-unboost|p2a: Great Tusk|def|1
|-unboost|p2a: Great Tusk|spd|1
|faint|p1a: Ting-Lu
|
|upkeep
|inactive|AERLZ_ has 120 seconds left.
|
|t:|1743914428
|switch|p1a: Clefable|Clefable, F|79/100
|turn|27
|
|t:|1743914436
|move|p2a: Great Tusk|Rapid Spin|p1a: Clefable
|-damage|p1a: Clefable|62/100
|-boost|p2a: Great Tusk|spe|1
|-sideend|p2: rising skies|Stealth Rock|[from] move: Rapid Spin|[of] p2a: Great Tusk
|move|p1a: Clefable|Wish|p1a: Clefable
|
|-damage|p2a: Great Tusk|5/100|[from] item: Sticky Barb
|upkeep
|turn|28
|inactive|AERLZ_ has 120 seconds left.
|
|t:|1743914445
|move|p2a: Great Tusk|Headlong Rush|p1a: Clefable
|-damage|p1a: Clefable|1/100
|-unboost|p2a: Great Tusk|def|1
|-unboost|p2a: Great Tusk|spd|1
|move|p1a: Clefable|Knock Off|p2a: Great Tusk
|-resisted|p2a: Great Tusk
|-damage|p2a: Great Tusk|0 fnt
|faint|p2a: Great Tusk
|-end|p2a: Great Tusk|Protosynthesis|[silent]
|
|-heal|p1a: Clefable|51/100|[from] move: Wish|[wisher] Clefable
|upkeep
|inactive|rising skies has 120 seconds left.
|
|t:|1743914476
|switch|p2a: Iron Crown|Iron Crown|80/100
|turn|29
|
|t:|1743914487
|-end|p2a: Iron Crown|Quark Drive|[silent]
|switch|p2a: Infernape|Infernape, F|51/100
|move|p1a: Clefable|Moonlight|p1a: Clefable
|-heal|p1a: Clefable|100/100
|
|upkeep
|turn|30
|
|t:|1743914495
|move|p2a: Infernape|Fire Punch|p1a: Clefable
|-damage|p1a: Clefable|63/100
|-damage|p2a: Infernape|41/100|[from] item: Life Orb
|move|p1a: Clefable|Moonblast|p2a: Infernape
|-damage|p2a: Infernape|0 fnt
|faint|p2a: Infernape
|
|upkeep
|
|t:|1743914505
|switch|p2a: Ninetales|Ninetales-Alola, F|72/100
|-weather|Snowscape|[from] ability: Snow Warning|[of] p2a: Ninetales
|turn|31
|
|t:|1743914510
|move|p2a: Ninetales|Aurora Veil|p2a: Ninetales
|-sidestart|p2: rising skies|move: Aurora Veil
|move|p1a: Clefable|Wish|p1a: Clefable
|
|-weather|Snowscape|[upkeep]
|upkeep
|turn|32
|
|t:|1743914520
|move|p2a: Ninetales|Encore|p1a: Clefable
|-start|p1a: Clefable|Encore
|move|p1a: Clefable|Wish||[still]
|-fail|p1a: Clefable
|
|-weather|Snowscape|[upkeep]
|-heal|p1a: Clefable|100/100|[from] move: Wish|[wisher] Clefable
|upkeep
|turn|33
|
|t:|1743914531
|switch|p2a: Lokix|Lokix, F|100/100
|switch|p1a: Blissey|Blissey, F|94/100
|
|-weather|Snowscape|[upkeep]
|upkeep
|turn|34
|
|t:|1743914538
|switch|p1a: Clefable|Clefable, F|100/100
|move|p2a: Lokix|Leech Life|p1a: Clefable
|-resisted|p1a: Clefable
|-damage|p1a: Clefable|74/100
|
|-weather|Snowscape|[upkeep]
|upkeep
|turn|35
|
|t:|1743914549
|switch|p2a: Iron Crown|Iron Crown|80/100
|move|p1a: Clefable|Moonlight|p1a: Clefable
|-heal|p1a: Clefable|99/100
|
|-weather|none
|upkeep
|turn|36
|
|t:|1743914556
|switch|p1a: Blissey|Blissey, F|94/100
|move|p2a: Iron Crown|Calm Mind|p2a: Iron Crown
|-boost|p2a: Iron Crown|spa|1
|-boost|p2a: Iron Crown|spd|1
|
|upkeep
|turn|37
|
|t:|1743914562
|move|p2a: Iron Crown|Calm Mind|p2a: Iron Crown
|-boost|p2a: Iron Crown|spa|1
|-boost|p2a: Iron Crown|spd|1
|move|p1a: Blissey|Seismic Toss|p2a: Iron Crown
|-damage|p2a: Iron Crown|51/100
|
|upkeep
|turn|38
|
|t:|1743914575
|-terastallize|p2a: Iron Crown|Fighting
|move|p2a: Iron Crown|Focus Blast|p1a: Blissey
|-supereffective|p1a: Blissey
|-damage|p1a: Blissey|29/100
|move|p1a: Blissey|Calm Mind|p1a: Blissey
|-boost|p1a: Blissey|spa|1
|-boost|p1a: Blissey|spd|1
|
|-sideend|p2: rising skies|move: Aurora Veil
|upkeep
|turn|39
|
|t:|1743914585
|move|p2a: Iron Crown|Focus Blast|p1a: Blissey|[miss]
|-miss|p2a: Iron Crown|p1a: Blissey
|move|p1a: Blissey|Soft-Boiled|p1a: Blissey
|-heal|p1a: Blissey|79/100
|
|upkeep
|turn|40
|
|t:|1743914593
|move|p2a: Iron Crown|Focus Blast|p1a: Blissey|[miss]
|-miss|p2a: Iron Crown|p1a: Blissey
|move|p1a: Blissey|Calm Mind|p1a: Blissey
|-boost|p1a: Blissey|spa|1
|-boost|p1a: Blissey|spd|1
|
|upkeep
|turn|41
|
|t:|1743914603
|-end|p2a: Iron Crown|Quark Drive|[silent]
|switch|p2a: Lokix|Lokix, F|100/100
|move|p1a: Blissey|Calm Mind|p1a: Blissey
|-boost|p1a: Blissey|spa|1
|-boost|p1a: Blissey|spd|1
|
|upkeep
|turn|42
|
|t:|1743914608
|switch|p1a: Clefable|Clefable, F|99/100
|move|p2a: Lokix|Swords Dance|p2a: Lokix
|-boost|p2a: Lokix|atk|2
|
|upkeep
|turn|43
|
|t:|1743914626
|move|p2a: Lokix|Swords Dance|p2a: Lokix
|-boost|p2a: Lokix|atk|2
|move|p1a: Clefable|Moonblast|p2a: Lokix
|-supereffective|p2a: Lokix
|-enditem|p2a: Lokix|Focus Sash
|-damage|p2a: Lokix|1/100
|
|upkeep
|turn|44
|
|t:|1743914633
|switch|p1a: Dondozo|Dondozo, F|100/100 slp
|move|p2a: Lokix|Leech Life|p1a: Dondozo
|-damage|p1a: Dondozo|85/100 slp
|-heal|p2a: Lokix|14/100|[from] drain|[of] p1a: Dondozo
|
|upkeep
|turn|45
|
|t:|1743914640
|move|p2a: Lokix|Leech Life|p1a: Dondozo
|-damage|p1a: Dondozo|71/100 slp
|-heal|p2a: Lokix|27/100|[from] drain|[of] p1a: Dondozo
|cant|p1a: Dondozo|slp
|
|upkeep
|turn|46
|
|t:|1743914645
|move|p2a: Lokix|Leech Life|p1a: Dondozo
|-damage|p1a: Dondozo|55/100 slp
|-heal|p2a: Lokix|42/100|[from] drain|[of] p1a: Dondozo
|cant|p1a: Dondozo|slp
|
|upkeep
|turn|47
|
|t:|1743914653
|switch|p2a: Ninetales|Ninetales-Alola, F|72/100
|-weather|Snowscape|[from] ability: Snow Warning|[of] p2a: Ninetales
|-curestatus|p1a: Dondozo|slp|[msg]
|move|p1a: Dondozo|Waterfall|p2a: Ninetales
|-damage|p2a: Ninetales|50/100
|
|-weather|Snowscape|[upkeep]
|upkeep
|turn|48
|
|t:|1743914662
|switch|p2a: Lokix|Lokix, F|42/100
|switch|p1a: Blissey|Blissey, F|79/100
|
|-weather|Snowscape|[upkeep]
|upkeep
|turn|49
|
|t:|1743914670
|switch|p1a: Dondozo|Dondozo, F|55/100
|move|p2a: Lokix|Leech Life|p1a: Dondozo
|-damage|p1a: Dondozo|40/100
|-heal|p2a: Lokix|55/100|[from] drain|[of] p1a: Dondozo
|
|-weather|Snowscape|[upkeep]
|upkeep
|turn|50
|
|t:|1743914687
|switch|p2a: Iron Crown|Iron Crown, tera:Fighting|51/100
|move|p1a: Dondozo|Rest|p1a: Dondozo
|-status|p1a: Dondozo|slp|[from] move: Rest
|-heal|p1a: Dondozo|100/100 slp|[silent]
|
|-weather|Snowscape|[upkeep]
|upkeep
|turn|51
|
|t:|1743914704
|switch|p1a: Blissey|Blissey, F|79/100
|move|p2a: Iron Crown|Calm Mind|p2a: Iron Crown
|-boost|p2a: Iron Crown|spa|1
|-boost|p2a: Iron Crown|spd|1
|
|-weather|none
|upkeep
|turn|52
|
|t:|1743914710
|move|p2a: Iron Crown|Focus Blast|p1a: Blissey|[miss]
|-miss|p2a: Iron Crown|p1a: Blissey
|move|p1a: Blissey|Calm Mind|p1a: Blissey
|-boost|p1a: Blissey|spa|1
|-boost|p1a: Blissey|spd|1
|
|upkeep
|turn|53
|
|t:|1743914717
|-end|p2a: Iron Crown|Quark Drive|[silent]
|switch|p2a: Lokix|Lokix, F|55/100
|move|p1a: Blissey|Soft-Boiled|p1a: Blissey
|-heal|p1a: Blissey|100/100
|
|upkeep
|turn|54
|
|t:|1743914723
|switch|p1a: Dondozo|Dondozo, F|100/100 slp
|move|p2a: Lokix|Leech Life|p1a: Dondozo
|-damage|p1a: Dondozo|85/100 slp
|-heal|p2a: Lokix|69/100|[from] drain|[of] p1a: Dondozo
|
|upkeep
|turn|55
|
|t:|1743914732
|switch|p2a: Iron Crown|Iron Crown, tera:Fighting|51/100
|cant|p1a: Dondozo|slp
|move|p1a: Dondozo|Sleep Talk|p1a: Dondozo
|move|p1a: Dondozo|Rest||[from] move: Sleep Talk|[still]
|-fail|p1a: Dondozo
|
|upkeep
|turn|56
|
|t:|1743914742
|switch|p1a: Blissey|Blissey, F|100/100
|move|p2a: Iron Crown|Calm Mind|p2a: Iron Crown
|-boost|p2a: Iron Crown|spa|1
|-boost|p2a: Iron Crown|spd|1
|
|upkeep
|turn|57
|
|t:|1743914749
|move|p2a: Iron Crown|Calm Mind|p2a: Iron Crown
|-boost|p2a: Iron Crown|spa|1
|-boost|p2a: Iron Crown|spd|1
|move|p1a: Blissey|Seismic Toss|p2a: Iron Crown
|-damage|p2a: Iron Crown|22/100
|
|upkeep
|turn|58
|l| LiDaPang
|
|t:|1743914756
|move|p2a: Iron Crown|Focus Blast|p1a: Blissey|[miss]
|-miss|p2a: Iron Crown|p1a: Blissey
|move|p1a: Blissey|Seismic Toss|p2a: Iron Crown
|-damage|p2a: Iron Crown|0 fnt
|faint|p2a: Iron Crown
|-end|p2a: Iron Crown|Quark Drive|[silent]
|
|upkeep
|c|☆rising skies|awesome
|c|☆AERLZ_|lol
|c|☆rising skies|it missed more than it hit
|inactive|rising skies has 120 seconds left.
|c|☆rising skies|stall is lame asf
|-message|rising skies forfeited.
|
|win|AERLZ_
|raw|AERLZ_'s rating: 1348 &rarr; <strong>1370</strong><br />(+22 for winning)
|raw|rising skies's rating: 1387 &rarr; <strong>1365</strong><br />(-22 for losing)
|l|☆rising skies
|player|p2|
|l|☆AERLZ_
|player|p1|
|j|☆AERLZ_
|player|p1|AERLZ_|170|
