|j|☆bunniiiiiis
|j|☆sdfjisdiosdf
|t:|1743825635
|gametype|singles
|player|p1|bunniiiiiis|dawn-gen4pt|1082
|player|p2|sdfjisdiosdf|cheryl|1078
|teamsize|p1|6
|teamsize|p2|6
|gen|9
|tier|[Gen 9] OU
|rated|
|rule|HP Percentage Mod: HP is shown in percentages
|rule|Endless Battle Clause: Forcing endless battles is banned
|rule|Species Clause: Limit one of each Pokémon
|rule|OHKO Clause: OHKO moves are banned
|rule|Evasion Items Clause: Evasion items are banned
|rule|Evasion Moves Clause: Evasion moves are banned
|rule|Sleep Moves Clause: Sleep-inducing moves are banned
|clearpoke
|poke|p1|Cinderace, M|
|poke|p1|Raging Bolt|
|poke|p1|Alomomola, M|
|poke|p1|Pecharunt|
|poke|p1|Hatterene, F|
|poke|p1|Gliscor, F|
|poke|p2|Hitmonlee, M|
|poke|p2|Polteageist-Antique|
|poke|p2|Greninja-*, M|
|poke|p2|Dragonite, F|
|poke|p2|Pecharunt|
|poke|p2|Iron Boulder|
|teampreview
|inactive|Battle timer is ON: inactive players will automatically lose when time's up. (requested by sdfjisdiosdf)
|
|t:|1743825644
|start
|switch|p1a: Gliscor|Gliscor, F|100/100
|switch|p2a: Greninja|Greninja, M|100/100
|turn|1
|
|t:|1743825649
|move|p2a: Greninja|Ice Beam|p1a: Gliscor
|-supereffective|p1a: Gliscor
|-damage|p1a: Gliscor|0 fnt
|faint|p1a: Gliscor
|-ability|p2a: Greninja|Battle Bond|boost
|-boost|p2a: Greninja|atk|1
|-boost|p2a: Greninja|spa|1
|-boost|p2a: Greninja|spe|1
|-activate|p2a: Greninja|ability: Battle Bond
|
|upkeep
|
|t:|1743825654
|switch|p1a: Hatterene|Hatterene, F|100/100
|turn|2
|
|t:|1743825658
|move|p2a: Greninja|Sludge Wave|p1a: Hatterene
|-supereffective|p1a: Hatterene
|-damage|p1a: Hatterene|6/100
|move|p1a: Hatterene|Draining Kiss|p2a: Greninja
|-supereffective|p2a: Greninja
|-crit|p2a: Greninja
|-enditem|p2a: Greninja|Focus Sash
|-damage|p2a: Greninja|1/100
|-heal|p1a: Hatterene|73/100|[from] drain|[of] p2a: Greninja
|
|-heal|p1a: Hatterene|79/100|[from] item: Leftovers
|upkeep
|turn|3
|
|t:|1743825665
|switch|p1a: Alomomola|Alomomola, M|100/100
|move|p2a: Greninja|Sludge Wave|p1a: Alomomola
|-damage|p1a: Alomomola|52/100
|
|-heal|p1a: Alomomola|58/100|[from] item: Leftovers
|upkeep
|turn|4
|
|t:|1743825670
|move|p2a: Greninja|Hydro Pump|p1a: Alomomola|[miss]
|-miss|p2a: Greninja|p1a: Alomomola
|move|p1a: Alomomola|Ice Beam|p2a: Greninja
|-resisted|p2a: Greninja
|-damage|p2a: Greninja|0 fnt
|faint|p2a: Greninja
|
|-heal|p1a: Alomomola|65/100|[from] item: Leftovers
|upkeep
|
|t:|1743825682
|switch|p2a: Pecharunt|Pecharunt|100/100
|turn|5
|
|t:|1743825688
|move|p2a: Pecharunt|Nasty Plot|p2a: Pecharunt
|-boost|p2a: Pecharunt|spa|2
|move|p1a: Alomomola|Ice Beam|p2a: Pecharunt
|-damage|p2a: Pecharunt|89/100
|
|-heal|p2a: Pecharunt|95/100|[from] item: Leftovers
|-heal|p1a: Alomomola|71/100|[from] item: Leftovers
|upkeep
|turn|6
|
|t:|1743825696
|switch|p1a: Pecharunt|Pecharunt|100/100
|-item|p1a: Pecharunt|Air Balloon
|move|p2a: Pecharunt|Malignant Chain|p1a: Pecharunt
|-resisted|p1a: Pecharunt
|-damage|p1a: Pecharunt|74/100
|-enditem|p1a: Pecharunt|Air Balloon
|
|-heal|p2a: Pecharunt|100/100|[from] item: Leftovers
|upkeep
|turn|7
|
|t:|1743825708
|-terastallize|p1a: Pecharunt|Ghost
|move|p1a: Pecharunt|Hex|p2a: Pecharunt
|-supereffective|p2a: Pecharunt
|-crit|p2a: Pecharunt
|-damage|p2a: Pecharunt|0 fnt
|faint|p2a: Pecharunt
|
|upkeep
|
|t:|1743825727
|switch|p2a: Hitmonlee|Hitmonlee, M|100/100
|turn|8
|
|t:|1743825730
|move|p2a: Hitmonlee|Endure|p2a: Hitmonlee
|-singleturn|p2a: Hitmonlee|move: Endure
|move|p1a: Pecharunt|Hex|p2a: Hitmonlee
|-damage|p2a: Hitmonlee|45/100
|
|upkeep
|turn|9
|
|t:|1743825738
|move|p2a: Hitmonlee|Endure||[still]
|-fail|p2a: Hitmonlee
|move|p1a: Pecharunt|Malignant Chain|p2a: Hitmonlee
|-damage|p2a: Hitmonlee|0 fnt
|faint|p2a: Hitmonlee
|
|upkeep
|
|t:|1743825745
|switch|p2a: Polteageist|Polteageist-Antique|100/100
|turn|10
|
|t:|1743825748
|move|p1a: Pecharunt|Malignant Chain|p2a: Polteageist
|-resisted|p2a: Polteageist
|-damage|p2a: Polteageist|78/100
|move|p2a: Polteageist|Shell Smash|p2a: Polteageist
|-unboost|p2a: Polteageist|def|1
|-unboost|p2a: Polteageist|spd|1
|-boost|p2a: Polteageist|atk|2
|-boost|p2a: Polteageist|spa|2
|-boost|p2a: Polteageist|spe|2
|
|upkeep
|turn|11
|
|t:|1743825753
|move|p2a: Polteageist|Shadow Ball|p1a: Pecharunt
|-supereffective|p1a: Pecharunt
|-damage|p1a: Pecharunt|0 fnt
|faint|p1a: Pecharunt
|
|upkeep
|
|t:|1743825756
|switch|p1a: Cinderace|Cinderace, M|100/100
|turn|12
|
|t:|1743825758
|move|p2a: Polteageist|Stored Power|p1a: Cinderace
|-damage|p1a: Cinderace|0 fnt
|faint|p1a: Cinderace
|
|upkeep
|
|t:|1743825761
|switch|p1a: Raging Bolt|Raging Bolt|100/100
|-enditem|p1a: Raging Bolt|Booster Energy
|-activate|p1a: Raging Bolt|ability: Protosynthesis|[fromitem]
|-start|p1a: Raging Bolt|protosynthesisspa
|turn|13
|
|t:|1743825765
|move|p1a: Raging Bolt|Thunderclap|p2a: Polteageist
|-crit|p2a: Polteageist
|-damage|p2a: Polteageist|0 fnt
|faint|p2a: Polteageist
|
|upkeep
|
|t:|1743825770
|switch|p2a: Iron Boulder|Iron Boulder|100/100
|-enditem|p2a: Iron Boulder|Booster Energy
|-activate|p2a: Iron Boulder|ability: Quark Drive|[fromitem]
|-start|p2a: Iron Boulder|quarkdrivespe
|turn|14
|
|t:|1743825773
|move|p2a: Iron Boulder|Earthquake|p1a: Raging Bolt
|-supereffective|p1a: Raging Bolt
|-damage|p1a: Raging Bolt|44/100
|move|p1a: Raging Bolt|Calm Mind|p1a: Raging Bolt
|-boost|p1a: Raging Bolt|spa|1
|-boost|p1a: Raging Bolt|spd|1
|
|upkeep
|turn|15
|
|t:|1743825780
|move|p1a: Raging Bolt|Thunderclap|p2a: Iron Boulder
|-damage|p2a: Iron Boulder|22/100
|move|p2a: Iron Boulder|Earthquake|p1a: Raging Bolt
|-supereffective|p1a: Raging Bolt
|-damage|p1a: Raging Bolt|0 fnt
|faint|p1a: Raging Bolt
|-end|p1a: Raging Bolt|Protosynthesis|[silent]
|
|upkeep
|
|t:|1743825784
|switch|p1a: Alomomola|Alomomola, M|100/100
|turn|16
|
|t:|1743825795
|move|p2a: Iron Boulder|Mighty Cleave|p1a: Alomomola
|-damage|p1a: Alomomola|76/100
|move|p1a: Alomomola|Ice Beam|p2a: Iron Boulder
|-damage|p2a: Iron Boulder|12/100
|
|-heal|p1a: Alomomola|82/100|[from] item: Leftovers
|upkeep
|turn|17
|
|t:|1743825801
|move|p2a: Iron Boulder|Swords Dance|p2a: Iron Boulder
|-boost|p2a: Iron Boulder|atk|2
|move|p1a: Alomomola|Wish|p1a: Alomomola
|
|-heal|p1a: Alomomola|88/100|[from] item: Leftovers
|upkeep
|turn|18
|
|t:|1743825805
|move|p2a: Iron Boulder|Mighty Cleave|p1a: Alomomola
|-damage|p1a: Alomomola|40/100
|move|p1a: Alomomola|Ice Beam|p2a: Iron Boulder
|-damage|p2a: Iron Boulder|2/100
|-status|p2a: Iron Boulder|frz
|
|-heal|p1a: Alomomola|90/100|[from] move: Wish|[wisher] Alomomola
|-heal|p1a: Alomomola|96/100|[from] item: Leftovers
|upkeep
|turn|19
|
|t:|1743825813
|cant|p2a: Iron Boulder|frz
|move|p1a: Alomomola|Flip Turn|p2a: Iron Boulder
|-supereffective|p2a: Iron Boulder
|-damage|p2a: Iron Boulder|0 fnt
|faint|p2a: Iron Boulder
|-end|p2a: Iron Boulder|Quark Drive|[silent]
|
|t:|1743825815
|switch|p1a: Hatterene|Hatterene, F|79/100|[from] Flip Turn
|
|-heal|p1a: Hatterene|85/100|[from] item: Leftovers
|upkeep
|
|t:|1743825818
|switch|p2a: Dragonite|Dragonite, F|100/100
|turn|20
|
|t:|1743825823
|-terastallize|p2a: Dragonite|Normal
|move|p2a: Dragonite|Dragon Dance|p2a: Dragonite
|-boost|p2a: Dragonite|atk|1
|-boost|p2a: Dragonite|spe|1
|move|p1a: Hatterene|Draining Kiss|p2a: Dragonite
|-damage|p2a: Dragonite|86/100
|-heal|p1a: Hatterene|96/100|[from] drain|[of] p2a: Dragonite
|
|-heal|p1a: Hatterene|100/100|[from] item: Leftovers
|upkeep
|turn|21
|
|t:|1743825828
|move|p2a: Dragonite|Dragon Dance|p2a: Dragonite
|-boost|p2a: Dragonite|atk|1
|-boost|p2a: Dragonite|spe|1
|move|p1a: Hatterene|Calm Mind|p1a: Hatterene
|-boost|p1a: Hatterene|spa|1
|-boost|p1a: Hatterene|spd|1
|
|upkeep
|turn|22
|
|t:|1743825833
|move|p2a: Dragonite|Extreme Speed|p1a: Hatterene
|-damage|p1a: Hatterene|0 fnt
|faint|p1a: Hatterene
|
|upkeep
|
|t:|1743825837
|switch|p1a: Alomomola|Alomomola, M|100/100
|turn|23
|
|t:|1743825839
|move|p2a: Dragonite|Extreme Speed|p1a: Alomomola
|-damage|p1a: Alomomola|37/100
|move|p1a: Alomomola|Ice Beam|p2a: Dragonite
|-damage|p2a: Dragonite|74/100
|
|-heal|p1a: Alomomola|44/100|[from] item: Leftovers
|upkeep
|turn|24
|
|t:|1743825847
|move|p1a: Alomomola|Protect|p1a: Alomomola
|-singleturn|p1a: Alomomola|Protect
|move|p2a: Dragonite|Extreme Speed|p1a: Alomomola
|-activate|p1a: Alomomola|move: Protect
|
|-heal|p1a: Alomomola|50/100|[from] item: Leftovers
|upkeep
|turn|25
|
|t:|1743825851
|move|p2a: Dragonite|Extreme Speed|p1a: Alomomola
|-damage|p1a: Alomomola|0 fnt
|faint|p1a: Alomomola
|
|win|sdfjisdiosdf
|raw|bunniiiiiis's rating: 1057 &rarr; <strong>1040</strong><br />(-17 for losing)
|raw|sdfjisdiosdf's rating: 1078 &rarr; <strong>1105</strong><br />(+27 for winning)
|l|☆bunniiiiiis
|player|p1|
|l|☆sdfjisdiosdf
|player|p2|
