|j|☆VBix
|j|☆hoyinshuang114
|t:|1743901290
|gametype|singles
|player|p1|VBix|steven|1474
|player|p2|hoyinshuang114|102|1450
|teamsize|p1|6
|teamsize|p2|6
|gen|9
|tier|[Gen 9] OU
|rated|
|rule|HP Percentage Mod: HP is shown in percentages
|rule|Endless Battle Clause: Forcing endless battles is banned
|rule|Species Clause: Limit one of each Pokémon
|rule|OHKO Clause: OHKO moves are banned
|rule|Evasion Items Clause: Evasion items are banned
|rule|Evasion Moves Clause: Evasion moves are banned
|rule|Sleep Moves Clause: Sleep-inducing moves are banned
|clearpoke
|poke|p1|Ninetales, F|
|poke|p1|Walking Wake|
|poke|p1|Iron Valiant|
|poke|p1|Great Tusk|
|poke|p1|Venusaur, F|
|poke|p1|Landorus-Therian, M|
|poke|p2|Probopass, M|
|poke|p2|Iron Crown|
|poke|p2|Sinistcha|
|poke|p2|Grimmsnarl, M|
|poke|p2|Kyurem|
|poke|p2|Great Tusk|
|teampreview
|inactive|Battle timer is ON: inactive players will automatically lose when time's up. (requested by hoyinshuang114)
|
|t:|1743901313
|start
|switch|p1a: Landorus|Landorus-Therian, M|100/100
|switch|p2a: Grimmsnarl|Grimmsnarl, M|100/100
|-ability|p1a: Landorus|Intimidate|boost
|-unboost|p2a: Grimmsnarl|atk|1
|turn|1
|
|t:|1743901321
|move|p2a: Grimmsnarl|Reflect|p2a: Grimmsnarl
|-sidestart|p2: hoyinshuang114|Reflect
|move|p1a: Landorus|Earthquake|p2a: Grimmsnarl
|-damage|p2a: Grimmsnarl|64/100
|
|upkeep
|turn|2
|
|t:|1743901326
|move|p2a: Grimmsnarl|Light Screen|p2a: Grimmsnarl
|-sidestart|p2: hoyinshuang114|move: Light Screen
|move|p1a: Landorus|Earthquake|p2a: Grimmsnarl
|-damage|p2a: Grimmsnarl|28/100
|
|upkeep
|turn|3
|
|t:|1743901334
|move|p2a: Grimmsnarl|Parting Shot|p1a: Landorus
|-unboost|p1a: Landorus|atk|1
|-unboost|p1a: Landorus|spa|1
|
|t:|1743901337
|switch|p2a: Iron Crown|Iron Crown|100/100|[from] Parting Shot
|move|p1a: Landorus|Earthquake|p2a: Iron Crown
|-supereffective|p2a: Iron Crown
|-damage|p2a: Iron Crown|42/100
|-enditem|p2a: Iron Crown|Weakness Policy
|-boost|p2a: Iron Crown|atk|2|[from] item: Weakness Policy
|-boost|p2a: Iron Crown|spa|2|[from] item: Weakness Policy
|
|upkeep
|turn|4
|
|t:|1743901343
|move|p1a: Landorus|Earthquake|p2a: Iron Crown
|-supereffective|p2a: Iron Crown
|-damage|p2a: Iron Crown|0 fnt
|faint|p2a: Iron Crown
|-end|p2a: Iron Crown|Quark Drive|[silent]
|
|upkeep
|
|t:|1743901348
|switch|p2a: Kyurem|Kyurem|100/100
|-ability|p2a: Kyurem|Pressure
|turn|5
|
|t:|1743901354
|switch|p1a: Iron Valiant|Iron Valiant|100/100
|-enditem|p1a: Iron Valiant|Booster Energy
|-activate|p1a: Iron Valiant|ability: Quark Drive|[fromitem]
|-start|p1a: Iron Valiant|quarkdrivespe
|move|p2a: Kyurem|Dragon Dance|p2a: Kyurem
|-boost|p2a: Kyurem|atk|1
|-boost|p2a: Kyurem|spe|1
|
|upkeep
|turn|6
|
|t:|1743901360
|-terastallize|p2a: Kyurem|Ice
|move|p1a: Iron Valiant|Encore|p2a: Kyurem
|-start|p2a: Kyurem|Encore
|move|p2a: Kyurem|Dragon Dance|p2a: Kyurem
|-boost|p2a: Kyurem|atk|1
|-boost|p2a: Kyurem|spe|1
|
|upkeep
|turn|7
|
|t:|1743901365
|move|p2a: Kyurem|Dragon Dance|p2a: Kyurem
|-boost|p2a: Kyurem|atk|1
|-boost|p2a: Kyurem|spe|1
|move|p1a: Iron Valiant|Calm Mind|p1a: Iron Valiant
|-boost|p1a: Iron Valiant|spa|1
|-boost|p1a: Iron Valiant|spd|1
|
|upkeep
|turn|8
|
|t:|1743901371
|move|p2a: Kyurem|Dragon Dance|p2a: Kyurem
|-boost|p2a: Kyurem|atk|1
|-boost|p2a: Kyurem|spe|1
|move|p1a: Iron Valiant|Moonblast|p2a: Kyurem
|-damage|p2a: Kyurem|64/100
|
|-end|p2a: Kyurem|Encore
|-sideend|p2: hoyinshuang114|Reflect
|upkeep
|turn|9
|
|t:|1743901381
|-end|p1a: Iron Valiant|Quark Drive|[silent]
|switch|p1a: Ninetales|Ninetales, F|100/100
|-weather|SunnyDay|[from] ability: Drought|[of] p1a: Ninetales
|move|p2a: Kyurem|Icicle Spear|p1a: Ninetales
|-resisted|p1a: Ninetales
|-damage|p1a: Ninetales|54/100
|-resisted|p1a: Ninetales
|-damage|p1a: Ninetales|10/100
|-resisted|p1a: Ninetales
|-damage|p1a: Ninetales|0 fnt
|faint|p1a: Ninetales
|-hitcount|p1: Ninetales|3
|
|-weather|SunnyDay|[upkeep]
|-sideend|p2: hoyinshuang114|move: Light Screen
|upkeep
|
|t:|1743901387
|switch|p1a: Venusaur|Venusaur, F|100/100
|turn|10
|
|t:|1743901397
|-terastallize|p1a: Venusaur|Fire
|move|p2a: Kyurem|Earth Power|p1a: Venusaur
|-supereffective|p1a: Venusaur
|-damage|p1a: Venusaur|35/100
|move|p1a: Venusaur|Weather Ball|p2a: Kyurem
|-supereffective|p2a: Kyurem
|-damage|p2a: Kyurem|0 fnt
|faint|p2a: Kyurem
|-damage|p1a: Venusaur|25/100|[from] item: Life Orb
|
|-weather|SunnyDay|[upkeep]
|upkeep
|
|t:|1743901406
|switch|p2a: Grimmsnarl|Grimmsnarl, M|28/100
|turn|11
|
|t:|1743901409
|move|p2a: Grimmsnarl|Light Screen|p2a: Grimmsnarl
|-sidestart|p2: hoyinshuang114|move: Light Screen
|move|p1a: Venusaur|Sludge Bomb|p2a: Grimmsnarl
|-supereffective|p2a: Grimmsnarl
|-damage|p2a: Grimmsnarl|0 fnt
|faint|p2a: Grimmsnarl
|-damage|p1a: Venusaur|15/100|[from] item: Life Orb
|
|-weather|SunnyDay|[upkeep]
|upkeep
|
|t:|1743901423
|switch|p2a: Sinistcha|Sinistcha|100/100
|turn|12
|
|t:|1743901428
|switch|p1a: Iron Valiant|Iron Valiant|100/100
|switch|p2a: Probopass|Probopass, M|100/100
|
|-weather|SunnyDay|[upkeep]
|upkeep
|turn|13
|
|t:|1743901436
|-end|p1a: Iron Valiant|Quark Drive|[silent]
|switch|p1a: Landorus|Landorus-Therian, M|100/100
|-ability|p1a: Landorus|Intimidate|boost
|-unboost|p2a: Probopass|atk|1
|move|p2a: Probopass|Flash Cannon|p1a: Landorus
|-damage|p1a: Landorus|72/100
|
|-weather|SunnyDay|[upkeep]
|upkeep
|turn|14
|
|t:|1743901440
|move|p1a: Landorus|Earthquake|p2a: Probopass
|-supereffective|p2a: Probopass
|-damage|p2a: Probopass|0 fnt
|faint|p2a: Probopass
|
|-weather|SunnyDay|[upkeep]
|upkeep
|
|t:|1743901442
|switch|p2a: Sinistcha|Sinistcha|100/100
|turn|15
|
|t:|1743901448
|switch|p1a: Venusaur|Venusaur, F, tera:Fire|15/100
|move|p2a: Sinistcha|Calm Mind|p2a: Sinistcha
|-boost|p2a: Sinistcha|spa|1
|-boost|p2a: Sinistcha|spd|1
|
|-weather|SunnyDay|[upkeep]
|upkeep
|turn|16
|
|t:|1743901460
|move|p1a: Venusaur|Weather Ball|p2a: Sinistcha
|-supereffective|p2a: Sinistcha
|-damage|p2a: Sinistcha|66/100
|-damage|p1a: Venusaur|5/100|[from] item: Life Orb
|move|p2a: Sinistcha|Shadow Ball|p1a: Venusaur
|-damage|p1a: Venusaur|0 fnt
|faint|p1a: Venusaur
|
|-weather|none
|upkeep
|
|t:|1743901485
|switch|p1a: Landorus|Landorus-Therian, M|72/100
|-ability|p1a: Landorus|Intimidate|boost
|-unboost|p2a: Sinistcha|atk|1
|turn|17
|
|t:|1743901507
|move|p1a: Landorus|U-turn|p2a: Sinistcha
|-damage|p2a: Sinistcha|39/100
|
|t:|1743901509
|switch|p1a: Iron Valiant|Iron Valiant|100/100|[from] U-turn
|move|p2a: Sinistcha|Matcha Gotcha|p1a: Iron Valiant
|-damage|p1a: Iron Valiant|5/100
|-heal|p2a: Sinistcha|79/100|[from] drain|[of] p1a: Iron Valiant
|
|upkeep
|turn|18
|
|t:|1743901518
|-end|p1a: Iron Valiant|Quark Drive|[silent]
|switch|p1a: Landorus|Landorus-Therian, M|72/100
|-ability|p1a: Landorus|Intimidate|boost
|-unboost|p2a: Sinistcha|atk|1
|move|p2a: Sinistcha|Matcha Gotcha|p1a: Landorus
|-damage|p1a: Landorus|13/100
|-heal|p2a: Sinistcha|100/100|[from] drain|[of] p1a: Landorus
|
|-sideend|p2: hoyinshuang114|move: Light Screen
|upkeep
|turn|19
|
|t:|1743901525
|move|p1a: Landorus|U-turn|p2a: Sinistcha
|-damage|p2a: Sinistcha|70/100
|l|☆VBix
|inactive|VBix disconnected and has a minute to reconnect!
|player|p1|
|inactive|VBix has 30 seconds to reconnect!
|inactive|VBix has 20 seconds to reconnect!
|j|☆VBix
|inactive|VBix reconnected and has 100 seconds left.
|player|p1|VBix|steven|
|
|t:|1743901581
|switch|p1a: Iron Valiant|Iron Valiant|5/100|[from] U-turn
|move|p2a: Sinistcha|Matcha Gotcha|p1a: Iron Valiant
|-damage|p1a: Iron Valiant|0 fnt
|-heal|p2a: Sinistcha|72/100|[from] drain|[of] p1a: Iron Valiant
|faint|p1a: Iron Valiant
|-end|p1a: Iron Valiant|Quark Drive|[silent]
|
|upkeep
|
|t:|1743901583
|switch|p1a: Walking Wake|Walking Wake|100/100
|turn|20
|
|t:|1743901587
|move|p1a: Walking Wake|Flamethrower|p2a: Sinistcha
|-supereffective|p2a: Sinistcha
|-damage|p2a: Sinistcha|33/100
|move|p2a: Sinistcha|Matcha Gotcha|p1a: Walking Wake
|-damage|p1a: Walking Wake|47/100
|-heal|p2a: Sinistcha|59/100|[from] drain|[of] p1a: Walking Wake
|
|upkeep
|turn|21
|
|t:|1743901593
|move|p1a: Walking Wake|Flamethrower|p2a: Sinistcha
|-supereffective|p2a: Sinistcha
|-damage|p2a: Sinistcha|20/100
|move|p2a: Sinistcha|Matcha Gotcha|p1a: Walking Wake|[miss]
|-miss|p2a: Sinistcha|p1a: Walking Wake
|
|upkeep
|turn|22
|inactive|hoyinshuang114 has 120 seconds left.
|inactive|hoyinshuang114 has 90 seconds left.
|
|t:|1743901683
|move|p1a: Walking Wake|Flamethrower|p2a: Sinistcha
|-supereffective|p2a: Sinistcha
|-damage|p2a: Sinistcha|0 fnt
|faint|p2a: Sinistcha
|
|upkeep
|
|t:|1743901685
|switch|p2a: Great Tusk|Great Tusk|100/100
|turn|23
|
|t:|1743901703
|move|p1a: Walking Wake|Flamethrower|p2a: Great Tusk
|-crit|p2a: Great Tusk
|-damage|p2a: Great Tusk|55/100
|move|p2a: Great Tusk|Rapid Spin|p1a: Walking Wake
|-damage|p1a: Walking Wake|28/100
|-boost|p2a: Great Tusk|spe|1
|
|upkeep
|turn|24
|inactive|hoyinshuang114 has 60 seconds left.
|inactive|hoyinshuang114 has 30 seconds left.
|inactive|hoyinshuang114 has 20 seconds left.
|inactive|hoyinshuang114 has 15 seconds left.
|inactive|hoyinshuang114 has 10 seconds left.
|inactive|hoyinshuang114 has 5 seconds left.
|-message|hoyinshuang114 lost due to inactivity.
|
|win|VBix
|raw|VBix's rating: 1474 &rarr; <strong>1493</strong><br />(+19 for winning)
|raw|hoyinshuang114's rating: 1450 &rarr; <strong>1431</strong><br />(-19 for losing)
|l|☆hoyinshuang114
|player|p2|
