|j|☆BIG Ghettie
|j|☆TheLaggyOwl
|t:|1743927818
|gametype|singles
|player|p1|BIG Ghettie|ghetsis|1276
|player|p2|TheLaggyOwl|veteran|1191
|teamsize|p1|6
|teamsize|p2|6
|gen|9
|tier|[Gen 9] OU
|rated|
|rule|HP Percentage Mod: HP is shown in percentages
|rule|Endless Battle Clause: Forcing endless battles is banned
|rule|Species Clause: Limit one of each Pokémon
|rule|OHKO Clause: OHKO moves are banned
|rule|Evasion Items Clause: Evasion items are banned
|rule|Evasion Moves Clause: Evasion moves are banned
|rule|Sleep Moves Clause: Sleep-inducing moves are banned
|clearpoke
|poke|p1|Gengar, F|
|poke|p1|Arcanine-Hisui, F|
|poke|p1|Blastoise, F|
|poke|p1|Skarmory, F|
|poke|p1|Zamazenta-*|
|poke|p1|Metagross|
|poke|p2|Haxorus, M|
|poke|p2|Dusclops, M|
|poke|p2|Chesnaught, M|
|poke|p2|Weavile, F|
|poke|p2|Cinccino, F|
|poke|p2|Latias, F|
|teampreview
|
|t:|1743927832
|start
|switch|p1a: Flow|Blastoise, F, shiny|100/100
|switch|p2a: Weavile|Weavile, F|100/100
|-ability|p2a: Weavile|Pressure
|turn|1
|
|t:|1743927846
|switch|p1a: Sky|Skarmory, F, shiny|100/100
|move|p2a: Weavile|Hone Claws|p2a: Weavile
|-boost|p2a: Weavile|atk|1
|-boost|p2a: Weavile|accuracy|1
|
|upkeep
|turn|2
|
|t:|1743927855
|move|p2a: Weavile|Knock Off|p1a: Sky
|-damage|p1a: Sky|43/100
|-damage|p2a: Weavile|84/100|[from] item: Rocky Helmet|[of] p1a: Sky
|-enditem|p1a: Sky|Rocky Helmet|[from] move: Knock Off|[of] p2a: Weavile
|move|p1a: Sky|Stealth Rock|p2a: Weavile
|-sidestart|p2: TheLaggyOwl|move: Stealth Rock
|
|upkeep
|turn|3
|
|t:|1743927864
|move|p2a: Weavile|Triple Axel|p1a: Sky
|-damage|p1a: Sky|31/100
|-damage|p1a: Sky|9/100
|-damage|p1a: Sky|0 fnt
|faint|p1a: Sky
|-hitcount|p1: Sky|3
|
|upkeep
|
|t:|1743927881
|switch|p1a: Big Ghettie|Metagross|100/100
|turn|4
|
|t:|1743927887
|move|p1a: Big Ghettie|Bullet Punch|p2a: Weavile
|-supereffective|p2a: Weavile
|-crit|p2a: Weavile
|-damage|p2a: Weavile|0 fnt
|faint|p2a: Weavile
|
|upkeep
|
|t:|1743927892
|switch|p2a: Dusclops|Dusclops, M|100/100
|-damage|p2a: Dusclops|88/100|[from] Stealth Rock
|-item|p1a: Big Ghettie|Leftovers|[from] ability: Frisk|[of] p2a: Dusclops
|turn|5
|
|t:|1743927917
|move|p1a: Big Ghettie|Knock Off|p2a: Dusclops
|-supereffective|p2a: Dusclops
|-damage|p2a: Dusclops|37/100
|-enditem|p2a: Dusclops|Eviolite|[from] move: Knock Off|[of] p1a: Big Ghettie
|move|p2a: Dusclops|Will-O-Wisp|p1a: Big Ghettie
|-status|p1a: Big Ghettie|brn
|
|-damage|p1a: Big Ghettie|94/100 brn|[from] brn
|upkeep
|turn|6
|
|t:|1743927933
|move|p1a: Big Ghettie|Psychic Fangs|p2a: Dusclops
|-damage|p2a: Dusclops|13/100
|move|p2a: Dusclops|Pain Split|p1a: Big Ghettie
|-sethp|p1a: Big Ghettie|51/100 brn|[from] move: Pain Split|[silent]
|-sethp|p2a: Dusclops|92/100|[from] move: Pain Split
|
|-heal|p1a: Big Ghettie|57/100 brn|[from] item: Leftovers
|-damage|p1a: Big Ghettie|51/100 brn|[from] brn
|upkeep
|turn|7
|
|t:|1743927947
|move|p1a: Big Ghettie|Knock Off|p2a: Dusclops
|-supereffective|p2a: Dusclops
|-damage|p2a: Dusclops|67/100
|move|p2a: Dusclops|Night Shade|p1a: Big Ghettie
|-damage|p1a: Big Ghettie|23/100 brn
|
|-heal|p1a: Big Ghettie|29/100 brn|[from] item: Leftovers
|-damage|p1a: Big Ghettie|23/100 brn|[from] brn
|upkeep
|turn|8
|
|t:|1743927961
|move|p1a: Big Ghettie|Knock Off|p2a: Dusclops
|-supereffective|p2a: Dusclops
|-damage|p2a: Dusclops|40/100
|move|p2a: Dusclops|Night Shade|p1a: Big Ghettie
|-damage|p1a: Big Ghettie|0 fnt
|faint|p1a: Big Ghettie
|
|upkeep
|
|t:|1743927981
|switch|p1a: Chonker|Zamazenta|100/100
|-ability|p1a: Chonker|Dauntless Shield|boost
|-boost|p1a: Chonker|def|1
|turn|9
|
|t:|1743927989
|move|p1a: Chonker|Crunch|p2a: Dusclops
|-supereffective|p2a: Dusclops
|-damage|p2a: Dusclops|0 fnt
|faint|p2a: Dusclops
|
|upkeep
|
|t:|1743927993
|switch|p2a: Chesnaught|Chesnaught, M, shiny|100/100
|-damage|p2a: Chesnaught|94/100|[from] Stealth Rock
|turn|10
|
|t:|1743928004
|move|p1a: Chonker|Iron Defense|p1a: Chonker
|-boost|p1a: Chonker|def|2
|move|p2a: Chesnaught|Leech Seed|p1a: Chonker|[miss]
|-miss|p2a: Chesnaught|p1a: Chonker
|
|-heal|p2a: Chesnaught|100/100|[from] item: Leftovers
|upkeep
|turn|11
|
|t:|1743928012
|move|p1a: Chonker|Body Press|p2a: Chesnaught
|-damage|p2a: Chesnaught|58/100
|move|p2a: Chesnaught|Leech Seed|p1a: Chonker
|-start|p1a: Chonker|move: Leech Seed
|
|-heal|p2a: Chesnaught|64/100|[from] item: Leftovers
|-damage|p1a: Chonker|88/100|[from] Leech Seed|[of] p2a: Chesnaught
|-heal|p2a: Chesnaught|76/100|[silent]
|upkeep
|turn|12
|
|t:|1743928023
|move|p2a: Chesnaught|Spiky Shield|p2a: Chesnaught
|-singleturn|p2a: Chesnaught|move: Protect
|move|p1a: Chonker|Iron Defense|p1a: Chonker
|-boost|p1a: Chonker|def|2
|
|-heal|p1a: Chonker|94/100|[from] item: Leftovers
|-heal|p2a: Chesnaught|82/100|[from] item: Leftovers
|-damage|p1a: Chonker|82/100|[from] Leech Seed|[of] p2a: Chesnaught
|-heal|p2a: Chesnaught|94/100|[silent]
|upkeep
|turn|13
|
|t:|1743928032
|move|p1a: Chonker|Body Press|p2a: Chesnaught
|-damage|p2a: Chesnaught|35/100
|move|p2a: Chesnaught|Earthquake|p1a: Chonker
|-damage|p1a: Chonker|75/100
|
|-heal|p1a: Chonker|81/100|[from] item: Leftovers
|-heal|p2a: Chesnaught|41/100|[from] item: Leftovers
|-damage|p1a: Chonker|69/100|[from] Leech Seed|[of] p2a: Chesnaught
|-heal|p2a: Chesnaught|53/100|[silent]
|upkeep
|turn|14
|
|t:|1743928045
|move|p1a: Chonker|Iron Defense|p1a: Chonker
|-boost|p1a: Chonker|def|1
|move|p2a: Chesnaught|Drain Punch|p1a: Chonker
|-damage|p1a: Chonker|63/100
|-heal|p2a: Chesnaught|56/100|[from] drain|[of] p1a: Chonker
|
|-heal|p1a: Chonker|69/100|[from] item: Leftovers
|-heal|p2a: Chesnaught|62/100|[from] item: Leftovers
|-damage|p1a: Chonker|57/100|[from] Leech Seed|[of] p2a: Chesnaught
|-heal|p2a: Chesnaught|74/100|[silent]
|upkeep
|turn|15
|
|t:|1743928052
|move|p2a: Chesnaught|Spiky Shield|p2a: Chesnaught
|-singleturn|p2a: Chesnaught|move: Protect
|move|p1a: Chonker|Iron Defense|p1a: Chonker
|-boost|p1a: Chonker|def|0
|
|-heal|p1a: Chonker|63/100|[from] item: Leftovers
|-heal|p2a: Chesnaught|80/100|[from] item: Leftovers
|-damage|p1a: Chonker|50/100|[from] Leech Seed|[of] p2a: Chesnaught
|-heal|p2a: Chesnaught|92/100|[silent]
|upkeep
|turn|16
|
|t:|1743928058
|move|p1a: Chonker|Body Press|p2a: Chesnaught
|-damage|p2a: Chesnaught|25/100
|move|p2a: Chesnaught|Drain Punch|p1a: Chonker
|-damage|p1a: Chonker|45/100
|-heal|p2a: Chesnaught|28/100|[from] drain|[of] p1a: Chonker
|
|-heal|p1a: Chonker|51/100|[from] item: Leftovers
|-heal|p2a: Chesnaught|34/100|[from] item: Leftovers
|-damage|p1a: Chonker|38/100|[from] Leech Seed|[of] p2a: Chesnaught
|-heal|p2a: Chesnaught|46/100|[silent]
|upkeep
|turn|17
|
|t:|1743928068
|move|p1a: Chonker|Body Press|p2a: Chesnaught
|-damage|p2a: Chesnaught|0 fnt
|faint|p2a: Chesnaught
|
|-heal|p1a: Chonker|44/100|[from] item: Leftovers
|upkeep
|
|t:|1743928072
|switch|p2a: Cinccino|Cinccino, F|100/100
|-damage|p2a: Cinccino|88/100|[from] Stealth Rock
|turn|18
|
|t:|1743928085
|move|p1a: Chonker|Iron Defense|p1a: Chonker
|-boost|p1a: Chonker|def|0
|move|p2a: Cinccino|Tidy Up|p2a: Cinccino
|-sideend|p2: TheLaggyOwl|Stealth Rock
|-activate|p2a: Cinccino|move: Tidy Up
|-boost|p2a: Cinccino|atk|1
|-boost|p2a: Cinccino|spe|1
|
|-heal|p1a: Chonker|50/100|[from] item: Leftovers
|-damage|p1a: Chonker|38/100|[from] Leech Seed|[of] p2a: Cinccino
|-heal|p2a: Cinccino|100/100|[silent]
|upkeep
|turn|19
|
|t:|1743928094
|move|p2a: Cinccino|Knock Off|p1a: Chonker
|-resisted|p1a: Chonker
|-damage|p1a: Chonker|33/100
|-enditem|p1a: Chonker|Leftovers|[from] move: Knock Off|[of] p2a: Cinccino
|move|p1a: Chonker|Body Press|p2a: Cinccino
|-supereffective|p2a: Cinccino
|-enditem|p2a: Cinccino|Focus Sash
|-damage|p2a: Cinccino|1/100
|
|-damage|p1a: Chonker|21/100|[from] Leech Seed|[of] p2a: Cinccino
|-heal|p2a: Cinccino|16/100|[silent]
|upkeep
|turn|20
|
|t:|1743928104
|move|p2a: Cinccino|Bullet Seed|p1a: Chonker
|-damage|p1a: Chonker|19/100
|-damage|p1a: Chonker|16/100
|-damage|p1a: Chonker|14/100
|-damage|p1a: Chonker|12/100
|-damage|p1a: Chonker|9/100
|-hitcount|p1a: Chonker|5
|move|p1a: Chonker|Body Press|p2a: Cinccino
|-supereffective|p2a: Cinccino
|-crit|p2a: Cinccino
|-damage|p2a: Cinccino|0 fnt
|faint|p2a: Cinccino
|
|upkeep
|
|t:|1743928121
|switch|p2a: Haxorus|Haxorus, M, shiny|100/100
|-ability|p2a: Haxorus|Mold Breaker
|turn|21
|
|t:|1743928126
|move|p1a: Chonker|Ice Fang|p2a: Haxorus
|-supereffective|p2a: Haxorus
|-damage|p2a: Haxorus|49/100
|move|p2a: Haxorus|Dragon Dance|p2a: Haxorus
|-boost|p2a: Haxorus|atk|1
|-boost|p2a: Haxorus|spe|1
|
|-damage|p1a: Chonker|0 fnt|[from] Leech Seed|[of] p2a: Haxorus
|-heal|p2a: Haxorus|60/100|[silent]
|faint|p1a: Chonker
|upkeep
|
|t:|1743928135
|switch|p1a: Joker|Gengar, F, shiny|100/100
|turn|22
|
|t:|1743928145
|move|p2a: Haxorus|Earthquake|p1a: Joker
|-supereffective|p1a: Joker
|-enditem|p1a: Joker|Focus Sash
|-damage|p1a: Joker|1/100
|move|p1a: Joker|Dazzling Gleam|p2a: Haxorus
|-supereffective|p2a: Haxorus
|-damage|p2a: Haxorus|0 fnt
|faint|p2a: Haxorus
|
|upkeep
|
|t:|1743928151
|switch|p2a: Latias|Latias, F|100/100
|turn|23
|
|t:|1743928158
|-terastallize|p2a: Latias|Fairy
|move|p1a: Joker|Shadow Ball|p2a: Latias
|-damage|p2a: Latias|70/100
|move|p2a: Latias|Calm Mind|p2a: Latias
|-boost|p2a: Latias|spa|1
|-boost|p2a: Latias|spd|1
|
|-heal|p2a: Latias|76/100|[from] item: Leftovers
|upkeep
|turn|24
|
|t:|1743928170
|move|p2a: Latias|Future Sight|p1a: Joker
|-start|p2a: Latias|move: Future Sight
|move|p1a: Joker|Sludge Bomb|p2a: Latias
|-supereffective|p2a: Latias
|-damage|p2a: Latias|30/100
|
|-heal|p2a: Latias|36/100|[from] item: Leftovers
|upkeep
|turn|25
|
|t:|1743928177
|move|p2a: Latias|Draining Kiss|p1a: Joker
|-resisted|p1a: Joker
|-damage|p1a: Joker|0 fnt
|-heal|p2a: Latias|36/100|[from] drain|[of] p1a: Joker
|-start|p2a: Latias|Disable|Draining Kiss|[from] ability: Cursed Body|[of] p1a: Joker
|faint|p1a: Joker
|
|-heal|p2a: Latias|42/100|[from] item: Leftovers
|upkeep
|
|t:|1743928196
|switch|p1a: Flow|Blastoise, F, shiny|100/100
|turn|26
|
|t:|1743928205
|-terastallize|p1a: Flow|Steel
|move|p2a: Latias|Recover|p2a: Latias
|-heal|p2a: Latias|92/100
|move|p1a: Flow|Shell Smash|p1a: Flow
|-unboost|p1a: Flow|def|1
|-unboost|p1a: Flow|spd|1
|-boost|p1a: Flow|atk|2
|-boost|p1a: Flow|spa|2
|-boost|p1a: Flow|spe|2
|-enditem|p1a: Flow|White Herb
|-clearnegativeboost|p1a: Flow|[silent]
|
|-end|p1a: Flow|move: Future Sight
|-resisted|p1a: Flow
|-damage|p1a: Flow|61/100
|-heal|p2a: Latias|98/100|[from] item: Leftovers
|upkeep
|turn|27
|
|t:|1743928222
|move|p1a: Flow|Surf|p2a: Latias
|-damage|p2a: Latias|62/100
|move|p2a: Latias|Calm Mind|p2a: Latias
|-boost|p2a: Latias|spa|1
|-boost|p2a: Latias|spd|1
|
|-heal|p2a: Latias|68/100|[from] item: Leftovers
|upkeep
|turn|28
|
|t:|1743928226
|move|p1a: Flow|Surf|p2a: Latias
|-damage|p2a: Latias|39/100
|move|p2a: Latias|Future Sight|p1a: Flow
|-start|p2a: Latias|move: Future Sight
|
|-heal|p2a: Latias|45/100|[from] item: Leftovers
|-end|p2a: Latias|Disable
|upkeep
|turn|29
|
|t:|1743928246
|move|p1a: Flow|Surf|p2a: Latias
|-damage|p2a: Latias|15/100
|move|p2a: Latias|Recover|p2a: Latias
|-heal|p2a: Latias|65/100
|
|-heal|p2a: Latias|71/100|[from] item: Leftovers
|upkeep
|turn|30
|
|t:|1743928254
|move|p1a: Flow|Surf|p2a: Latias
|-damage|p2a: Latias|44/100
|move|p2a: Latias|Draining Kiss|p1a: Flow
|-resisted|p1a: Flow
|-damage|p1a: Flow|37/100
|-heal|p2a: Latias|62/100|[from] drain|[of] p1a: Flow
|
|-end|p1a: Flow|move: Future Sight
|-resisted|p1a: Flow
|-damage|p1a: Flow|0 fnt
|faint|p1a: Flow
|-heal|p2a: Latias|68/100|[from] item: Leftovers
|upkeep
|
|t:|1743928264
|switch|p1a: Rocky|Arcanine-Hisui, F, shiny|100/100
|turn|31
|
|t:|1743928268
|move|p1a: Rocky|Head Smash|p2a: Latias
|-damage|p2a: Latias|0 fnt
|faint|p2a: Latias
|
|win|BIG Ghettie
|raw|BIG Ghettie's rating: 1276 &rarr; <strong>1295</strong><br />(+19 for winning)
|raw|TheLaggyOwl's rating: 1191 &rarr; <strong>1172</strong><br />(-19 for losing)
|c|☆TheLaggyOwl|gg
|l|☆BIG Ghettie
|player|p1|
|l|☆TheLaggyOwl
|player|p2|
