|j|☆chen0
|j|☆masterbetachi
|t:|1743886401
|gametype|singles
|player|p1|chen0|rocketgruntf|1541
|player|p2|masterbetachi|266|1548
|teamsize|p1|6
|teamsize|p2|6
|gen|9
|tier|[Gen 9] OU
|rated|
|rule|HP Percentage Mod: HP is shown in percentages
|rule|Endless Battle Clause: Forcing endless battles is banned
|rule|Species Clause: Limit one of each Pokémon
|rule|OHKO Clause: OHKO moves are banned
|rule|Evasion Items Clause: Evasion items are banned
|rule|Evasion Moves Clause: Evasion moves are banned
|rule|Sleep Moves Clause: Sleep-inducing moves are banned
|clearpoke
|poke|p1|Kyurem|
|poke|p1|Alomomola, M|
|poke|p1|Tyranitar, M|
|poke|p1|Weezing-Galar, M|
|poke|p1|Amoonguss, F|
|poke|p1|Slowking-Galar, M|
|poke|p2|Zapdos-Galar|
|poke|p2|Iron Moth|
|poke|p2|Deoxys-Speed|
|poke|p2|Dragonite, M|
|poke|p2|Gholdengo|
|poke|p2|Iron Valiant|
|teampreview
|inactive|Battle timer is ON: inactive players will automatically lose when time's up. (requested by masterbetachi)
|inactive|chen0 also wants the timer to be on.
|
|t:|1743886417
|start
|switch|p1a: Amoonguss|Amoonguss, F|100/100
|switch|p2a: Deoxys|Deoxys-Speed|100/100
|-ability|p2a: Deoxys|Pressure
|turn|1
|j| Norigon
|
|t:|1743886429
|move|p2a: Deoxys|Taunt|p1a: Amoonguss
|-start|p1a: Amoonguss|move: Taunt
|move|p1a: Amoonguss|Foul Play|p2a: Deoxys
|-supereffective|p2a: Deoxys
|-damage|p2a: Deoxys|20/100
|
|upkeep
|turn|2
|
|t:|1743886438
|move|p2a: Deoxys|Stealth Rock|p1a: Amoonguss
|-sidestart|p1: chen0|move: Stealth Rock
|move|p1a: Amoonguss|Giga Drain|p2a: Deoxys
|-damage|p2a: Deoxys|0 fnt
|faint|p2a: Deoxys
|
|upkeep
|
|t:|1743886445
|switch|p2a: Iron Moth|Iron Moth|100/100
|-enditem|p2a: Iron Moth|Booster Energy
|-activate|p2a: Iron Moth|ability: Quark Drive|[fromitem]
|-start|p2a: Iron Moth|quarkdrivespe
|turn|3
|
|t:|1743886450
|switch|p1a: Tyranitar|Tyranitar, M|100/100
|-damage|p1a: Tyranitar|88/100|[from] Stealth Rock
|-weather|Sandstorm|[from] ability: Sand Stream|[of] p1a: Tyranitar
|move|p2a: Iron Moth|Fiery Dance|p1a: Tyranitar
|-resisted|p1a: Tyranitar
|-damage|p1a: Tyranitar|80/100
|-boost|p2a: Iron Moth|spa|1
|
|-weather|Sandstorm|[upkeep]
|-damage|p2a: Iron Moth|95/100|[from] Sandstorm
|-heal|p1a: Tyranitar|86/100|[from] item: Leftovers
|upkeep
|turn|4
|
|t:|1743886456
|-terastallize|p2a: Iron Moth|Ground
|move|p2a: Iron Moth|Tera Blast|p1a: Tyranitar|[anim] Tera Blast Ground
|-supereffective|p1a: Tyranitar
|-damage|p1a: Tyranitar|37/100
|move|p1a: Tyranitar|Thunder Wave|p2a: Iron Moth
|-immune|p2a: Iron Moth
|
|-weather|Sandstorm|[upkeep]
|-heal|p1a: Tyranitar|44/100|[from] item: Leftovers
|upkeep
|turn|5
|
|t:|1743886471
|move|p2a: Iron Moth|Tera Blast|p1a: Tyranitar|[anim] Tera Blast Ground
|-supereffective|p1a: Tyranitar
|-damage|p1a: Tyranitar|0 fnt
|faint|p1a: Tyranitar
|
|-weather|Sandstorm|[upkeep]
|upkeep
|
|t:|1743886487
|switch|p1a: Slowking|Slowking-Galar, M|100/100
|-damage|p1a: Slowking|88/100|[from] Stealth Rock
|turn|6
|
|t:|1743886492
|move|p2a: Iron Moth|Fiery Dance|p1a: Slowking
|-damage|p1a: Slowking|55/100
|move|p1a: Slowking|Ice Beam|p2a: Iron Moth
|-supereffective|p2a: Iron Moth
|-damage|p2a: Iron Moth|33/100
|
|-weather|Sandstorm|[upkeep]
|-damage|p1a: Slowking|49/100|[from] Sandstorm
|upkeep
|turn|7
|
|t:|1743886515
|switch|p1a: Amoonguss|Amoonguss, F|100/100
|-damage|p1a: Amoonguss|88/100|[from] Stealth Rock
|move|p2a: Iron Moth|Tera Blast|p1a: Amoonguss|[anim] Tera Blast Ground
|-damage|p1a: Amoonguss|63/100
|
|-weather|none
|upkeep
|turn|8
|
|t:|1743886529
|switch|p1a: Alomomola|Alomomola, M|100/100
|move|p2a: Iron Moth|Sludge Wave|p1a: Alomomola
|-damage|p1a: Alomomola|18/100
|
|upkeep
|turn|9
|
|t:|1743886536
|move|p2a: Iron Moth|Fiery Dance|p1a: Alomomola
|-resisted|p1a: Alomomola
|-damage|p1a: Alomomola|0 fnt
|-boost|p2a: Iron Moth|spa|1
|faint|p1a: Alomomola
|
|upkeep
|
|t:|1743886545
|switch|p1a: Slowking|Slowking-Galar, M|82/100
|-damage|p1a: Slowking|70/100|[from] Stealth Rock
|turn|10
|
|t:|1743886549
|move|p2a: Iron Moth|Tera Blast|p1a: Slowking|[anim] Tera Blast Ground
|-supereffective|p1a: Slowking
|-damage|p1a: Slowking|0 fnt
|faint|p1a: Slowking
|
|upkeep
|-message|chen0 forfeited.
|
|win|masterbetachi
|raw|chen0's rating: 1541 &rarr; <strong>1521</strong><br />(-20 for losing)
|raw|masterbetachi's rating: 1548 &rarr; <strong>1568</strong><br />(+20 for winning)
|l|☆chen0
|player|p1|
|l|☆masterbetachi
|player|p2|
|l| Norigon
