|j|☆lolcano46
|j|☆Bastermater
|t:|1743879552
|gametype|singles
|player|p1|lolcano46|fisherman-gen4|1530
|player|p2|Bastermater|1|1496
|teamsize|p1|6
|teamsize|p2|6
|gen|9
|tier|[Gen 9] OU
|rated|
|rule|HP Percentage Mod: HP is shown in percentages
|rule|Endless Battle Clause: Forcing endless battles is banned
|rule|Species Clause: Limit one of each Pokémon
|rule|OHKO Clause: OHKO moves are banned
|rule|Evasion Items Clause: Evasion items are banned
|rule|Evasion Moves Clause: Evasion moves are banned
|rule|Sleep Moves Clause: Sleep-inducing moves are banned
|clearpoke
|poke|p1|Azelf|
|poke|p1|Ogerpon-Wellspring, F|
|poke|p1|Scizor, F|
|poke|p1|Gengar, M|
|poke|p1|Raging Bolt|
|poke|p1|Cinderace, F|
|poke|p2|Frosmoth, M|
|poke|p2|Chesnaught, F|
|poke|p2|Primarina, F|
|poke|p2|Dragonite, F|
|poke|p2|Iron Boulder|
|poke|p2|Iron Treads|
|teampreview
|inactive|Battle timer is ON: inactive players will automatically lose when time's up. (requested by Bastermater)
|inactive|lolcano46 also wants the timer to be on.
|
|t:|1743879569
|start
|switch|p1a: Azelf|Azelf|100/100
|switch|p2a: Primarina|Primarina, F|100/100
|turn|1
|
|t:|1743879580
|move|p1a: Azelf|Thunderbolt|p2a: Primarina
|-supereffective|p2a: Primarina
|-damage|p2a: Primarina|38/100
|move|p2a: Primarina|Moonblast|p1a: Azelf
|-damage|p1a: Azelf|18/100
|
|upkeep
|turn|2
|
|t:|1743879588
|switch|p2a: Iron Treads|Iron Treads|100/100
|-enditem|p2a: Iron Treads|Booster Energy
|-activate|p2a: Iron Treads|ability: Quark Drive|[fromitem]
|-start|p2a: Iron Treads|quarkdrivespe
|move|p1a: Azelf|Thunderbolt|p2a: Iron Treads
|-immune|p2a: Iron Treads
|
|upkeep
|turn|3
|
|t:|1743879591
|move|p2a: Iron Treads|Knock Off|p1a: Azelf
|-supereffective|p1a: Azelf
|-damage|p1a: Azelf|0 fnt
|-enditem|p1a: Azelf|Expert Belt|[from] move: Knock Off|[of] p2a: Iron Treads
|faint|p1a: Azelf
|
|upkeep
|
|t:|1743879594
|switch|p1a: Ogerpon|Ogerpon-Wellspring, F|100/100
|turn|4
|
|t:|1743879597
|move|p2a: Iron Treads|Stealth Rock|p1a: Ogerpon
|-sidestart|p1: lolcano46|move: Stealth Rock
|move|p1a: Ogerpon|Swords Dance|p1a: Ogerpon
|-boost|p1a: Ogerpon|atk|2
|
|upkeep
|turn|5
|
|t:|1743879603
|-end|p2a: Iron Treads|Quark Drive|[silent]
|switch|p2a: Chesnaught|Chesnaught, F|100/100
|move|p1a: Ogerpon|Horn Leech|p2a: Chesnaught
|-resisted|p2a: Chesnaught
|-damage|p2a: Chesnaught|77/100
|-damage|p1a: Ogerpon|84/100|[from] item: Rocky Helmet|[of] p2a: Chesnaught
|
|upkeep
|turn|6
|
|t:|1743879606
|move|p1a: Ogerpon|Play Rough|p2a: Chesnaught
|-supereffective|p2a: Chesnaught
|-damage|p2a: Chesnaught|0 fnt
|-damage|p1a: Ogerpon|67/100|[from] item: Rocky Helmet|[of] p2a: Chesnaught
|faint|p2a: Chesnaught
|
|upkeep
|
|t:|1743879611
|switch|p2a: Iron Boulder|Iron Boulder|100/100
|-enditem|p2a: Iron Boulder|Booster Energy
|-activate|p2a: Iron Boulder|ability: Quark Drive|[fromitem]
|-start|p2a: Iron Boulder|quarkdrivespe
|turn|7
|
|t:|1743879618
|move|p2a: Iron Boulder|Mighty Cleave|p1a: Ogerpon
|-damage|p1a: Ogerpon|11/100
|move|p1a: Ogerpon|Horn Leech|p2a: Iron Boulder
|-supereffective|p2a: Iron Boulder
|-damage|p2a: Iron Boulder|0 fnt
|-heal|p1a: Ogerpon|65/100|[from] drain|[of] p2a: Iron Boulder
|faint|p2a: Iron Boulder
|-end|p2a: Iron Boulder|Quark Drive|[silent]
|
|upkeep
|
|t:|1743879624
|switch|p2a: Dragonite|Dragonite, F|100/100
|turn|8
|
|t:|1743879628
|move|p1a: Ogerpon|Play Rough|p2a: Dragonite
|-supereffective|p2a: Dragonite
|-damage|p2a: Dragonite|16/100
|move|p2a: Dragonite|Scale Shot|p1a: Ogerpon
|-damage|p1a: Ogerpon|46/100
|-damage|p1a: Ogerpon|25/100
|-damage|p1a: Ogerpon|4/100
|-damage|p1a: Ogerpon|0 fnt
|faint|p1a: Ogerpon
|-hitcount|p1: Ogerpon|4
|-unboost|p2a: Dragonite|def|1
|-boost|p2a: Dragonite|spe|1
|
|upkeep
|
|t:|1743879633
|switch|p1a: Gengar|Gengar, M|100/100
|-damage|p1a: Gengar|88/100|[from] Stealth Rock
|turn|9
|
|t:|1743879637
|move|p1a: Gengar|Shadow Ball|p2a: Dragonite
|-damage|p2a: Dragonite|0 fnt
|faint|p2a: Dragonite
|
|upkeep
|
|t:|1743879644
|switch|p2a: Frosmoth|Frosmoth, M|100/100
|turn|10
|
|t:|1743879648
|switch|p1a: Cinderace|Cinderace, F|100/100
|move|p2a: Frosmoth|Quiver Dance|p2a: Frosmoth
|-boost|p2a: Frosmoth|spa|1
|-boost|p2a: Frosmoth|spd|1
|-boost|p2a: Frosmoth|spe|1
|
|upkeep
|turn|11
|
|t:|1743879655
|-terastallize|p2a: Frosmoth|Electric
|move|p1a: Cinderace|Pyro Ball|p2a: Frosmoth
|-damage|p2a: Frosmoth|19/100
|move|p2a: Frosmoth|Quiver Dance|p2a: Frosmoth
|-boost|p2a: Frosmoth|spa|1
|-boost|p2a: Frosmoth|spd|1
|-boost|p2a: Frosmoth|spe|1
|
|-heal|p2a: Frosmoth|25/100|[from] item: Leftovers
|upkeep
|turn|12
|
|t:|1743879664
|move|p1a: Cinderace|Sucker Punch|p2a: Frosmoth
|-start|p1a: Cinderace|typechange|Dark|[from] ability: Libero
|-damage|p2a: Frosmoth|0 fnt
|faint|p2a: Frosmoth
|
|upkeep
|
|t:|1743879667
|switch|p2a: Primarina|Primarina, F|38/100
|turn|13
|
|t:|1743879671
|move|p1a: Cinderace|U-turn|p2a: Primarina
|-resisted|p2a: Primarina
|-damage|p2a: Primarina|23/100
|
|t:|1743879674
|switch|p1a: Scizor|Scizor, F|100/100|[from] U-turn
|-damage|p1a: Scizor|88/100|[from] Stealth Rock
|move|p2a: Primarina|Moonblast|p1a: Scizor
|-resisted|p1a: Scizor
|-damage|p1a: Scizor|51/100
|
|upkeep
|turn|14
|
|t:|1743879682
|switch|p2a: Iron Treads|Iron Treads|100/100
|move|p1a: Scizor|Bullet Punch|p2a: Iron Treads
|-resisted|p2a: Iron Treads
|-damage|p2a: Iron Treads|82/100
|
|upkeep
|turn|15
|
|t:|1743879687
|move|p2a: Iron Treads|Earthquake|p1a: Scizor
|-damage|p1a: Scizor|0 fnt
|faint|p1a: Scizor
|
|upkeep
|
|t:|1743879690
|switch|p1a: Cinderace|Cinderace, F|100/100
|turn|16
|
|t:|1743879692
|move|p1a: Cinderace|Pyro Ball|p2a: Iron Treads
|-supereffective|p2a: Iron Treads
|-damage|p2a: Iron Treads|0 fnt
|faint|p2a: Iron Treads
|-end|p2a: Iron Treads|Quark Drive|[silent]
|
|upkeep
|
|t:|1743879694
|switch|p2a: Primarina|Primarina, F|23/100
|turn|17
|-enditem|p2a: Primarina|Custap Berry|[eat]
|-activate|p2a: Primarina|item: Custap Berry|[consumed]
|
|t:|1743879698
|move|p2a: Primarina|Surf|p1a: Cinderace
|-supereffective|p1a: Cinderace
|-damage|p1a: Cinderace|0 fnt
|faint|p1a: Cinderace
|
|upkeep
|
|t:|1743879701
|switch|p1a: Gengar|Gengar, M|88/100
|-damage|p1a: Gengar|76/100|[from] Stealth Rock
|turn|18
|
|t:|1743879705
|move|p1a: Gengar|Sludge Bomb|p2a: Primarina
|-supereffective|p2a: Primarina
|-damage|p2a: Primarina|0 fnt
|faint|p2a: Primarina
|
|win|lolcano46
|raw|lolcano46's rating: 1530 &rarr; <strong>1548</strong><br />(+18 for winning)
|raw|Bastermater's rating: 1496 &rarr; <strong>1478</strong><br />(-18 for losing)
|l|☆lolcano46
|player|p1|
|l|☆Bastermater
|player|p2|
