|j|☆a jellyfish
|j|☆pulsationplasma
|t:|1743879699
|gametype|singles
|player|p1|a jellyfish|yellow|1765
|player|p2|pulsationplasma|ghetsis|1822
|teamsize|p1|6
|teamsize|p2|6
|gen|9
|tier|[Gen 9] OU
|rated|
|rule|HP Percentage Mod: HP is shown in percentages
|rule|Endless Battle Clause: Forcing endless battles is banned
|rule|Species Clause: Limit one of each Pokémon
|rule|OHKO Clause: OHKO moves are banned
|rule|Evasion Items Clause: Evasion items are banned
|rule|Evasion Moves Clause: Evasion moves are banned
|rule|Sleep Moves Clause: Sleep-inducing moves are banned
|clearpoke
|poke|p1|Tyranitar, M|
|poke|p1|Excadrill, M|
|poke|p1|Mandibuzz, F|
|poke|p1|Thundurus, M|
|poke|p1|Skarmory, M|
|poke|p1|Keldeo-Resolute|
|poke|p2|Ceruledge, F|
|poke|p2|Salamence, F|
|poke|p2|Flamigo, F|
|poke|p2|Zapdos|
|poke|p2|Ting-Lu|
|poke|p2|Cinderace, F|
|teampreview
|inactive|Battle timer is ON: inactive players will automatically lose when time's up. (requested by a jellyfish)
|inactive|pulsationplasma has 120 seconds left.
|
|t:|1743879729
|start
|switch|p1a: Thundurus|Thundurus, M|100/100
|switch|p2a: Cinderace|Cinderace, F|100/100
|turn|1
|
|t:|1743879732
|switch|p2a: Ting-Lu|Ting-Lu|100/100
|-ability|p2a: Ting-Lu|Vessel of Ruin
|move|p1a: Thundurus|Knock Off|p2a: Ting-Lu
|-resisted|p2a: Ting-Lu
|-damage|p2a: Ting-Lu|95/100
|-enditem|p2a: Ting-Lu|Leftovers|[from] move: Knock Off|[of] p1a: Thundurus
|
|upkeep
|turn|2
|
|t:|1743879735
|move|p1a: Thundurus|Grass Knot|p2a: Ting-Lu
|-supereffective|p2a: Ting-Lu
|-damage|p2a: Ting-Lu|56/100
|move|p2a: Ting-Lu|Stealth Rock|p1a: Thundurus
|-sidestart|p1: a jellyfish|move: Stealth Rock
|
|upkeep
|turn|3
|j| ssskgc
|
|t:|1743879741
|move|p1a: Thundurus|Grass Knot|p2a: Ting-Lu
|-supereffective|p2a: Ting-Lu
|-damage|p2a: Ting-Lu|18/100
|move|p2a: Ting-Lu|Whirlwind|p1a: Thundurus
|drag|p1a: Tyranitar|Tyranitar, M, shiny|100/100
|-damage|p1a: Tyranitar|88/100|[from] Stealth Rock
|-weather|Sandstorm|[from] ability: Sand Stream|[of] p1a: Tyranitar
|
|-weather|Sandstorm|[upkeep]
|upkeep
|turn|4
|
|t:|1743879753
|move|p1a: Tyranitar|Stealth Rock|p2a: Ting-Lu
|-sidestart|p2: pulsationplasma|move: Stealth Rock
|move|p2a: Ting-Lu|Whirlwind|p1a: Tyranitar
|drag|p1a: Excadrill|Excadrill, M|100/100
|-damage|p1a: Excadrill|97/100|[from] Stealth Rock
|
|-weather|Sandstorm|[upkeep]
|-heal|p1a: Excadrill|100/100|[from] item: Leftovers
|upkeep
|turn|5
|
|t:|1743879757
|move|p1a: Excadrill|Earthquake|p2a: Ting-Lu
|-damage|p2a: Ting-Lu|0 fnt
|faint|p2a: Ting-Lu
|
|-weather|Sandstorm|[upkeep]
|upkeep
|
|t:|1743879764
|switch|p2a: Flamigo|Flamigo, F|100/100
|-damage|p2a: Flamigo|88/100|[from] Stealth Rock
|turn|6
|inactive|a jellyfish has 120 seconds left.
|
|t:|1743879802
|-terastallize|p1a: Excadrill|Ghost
|move|p1a: Excadrill|Iron Head|p2a: Flamigo
|-damage|p2a: Flamigo|22/100
|move|p2a: Flamigo|Close Combat|p1a: Excadrill
|-damage|p1a: Excadrill|14/100
|-unboost|p2a: Flamigo|def|1
|-unboost|p2a: Flamigo|spd|1
|
|-weather|Sandstorm|[upkeep]
|-damage|p2a: Flamigo|16/100|[from] Sandstorm
|-heal|p1a: Excadrill|20/100|[from] item: Leftovers
|-heal|p2a: Flamigo|22/100|[from] item: Leftovers
|upkeep
|turn|7
|inactive|a jellyfish has 120 seconds left.
|
|t:|1743879815
|move|p1a: Excadrill|Rapid Spin|p2a: Flamigo
|-damage|p2a: Flamigo|0 fnt
|-boost|p1a: Excadrill|spe|1
|-sideend|p1: a jellyfish|Stealth Rock|[from] move: Rapid Spin|[of] p1a: Excadrill
|faint|p2a: Flamigo
|
|-weather|Sandstorm|[upkeep]
|-heal|p1a: Excadrill|26/100|[from] item: Leftovers
|upkeep
|
|t:|1743879820
|switch|p2a: Ceruledge|Ceruledge, F|100/100
|turn|8
|
|t:|1743879823
|switch|p1a: Mandibuzz|Mandibuzz, F|100/100
|move|p2a: Ceruledge|Shadow Sneak|p1a: Mandibuzz
|-resisted|p1a: Mandibuzz
|-damage|p1a: Mandibuzz|95/100
|
|-weather|Sandstorm|[upkeep]
|-damage|p2a: Ceruledge|94/100|[from] Sandstorm
|upkeep
|turn|9
|
|t:|1743879826
|switch|p2a: Cinderace|Cinderace, F|100/100
|move|p1a: Mandibuzz|Foul Play|p2a: Cinderace
|-damage|p2a: Cinderace|32/100
|
|-weather|Sandstorm|[upkeep]
|-damage|p2a: Cinderace|26/100|[from] Sandstorm
|upkeep
|turn|10
|
|t:|1743879835
|move|p2a: Cinderace|Will-O-Wisp|p1a: Mandibuzz|[miss]
|-miss|p2a: Cinderace|p1a: Mandibuzz
|move|p1a: Mandibuzz|Foul Play|p2a: Cinderace
|-damage|p2a: Cinderace|0 fnt
|faint|p2a: Cinderace
|
|-weather|none
|upkeep
|-message|pulsationplasma forfeited.
|
|win|a jellyfish
|raw|a jellyfish's rating: 1765 &rarr; <strong>1788</strong><br />(+23 for winning)
|raw|pulsationplasma's rating: 1822 &rarr; <strong>1799</strong><br />(-23 for losing)
|l|☆pulsationplasma
|player|p2|
|l|☆a jellyfish
|player|p1|
|l| ssskgc
