|j|☆glubbles
|j|☆maybeshinkuu
|t:|1743930948
|gametype|singles
|player|p1|glubbles|beauty|1233
|player|p2|maybeshinkuu|gentleman-gen4|1211
|teamsize|p1|6
|teamsize|p2|6
|gen|9
|tier|[Gen 9] OU
|rated|
|rule|HP Percentage Mod: HP is shown in percentages
|rule|Endless Battle Clause: Forcing endless battles is banned
|rule|Species Clause: Limit one of each Pokémon
|rule|OHKO Clause: OHKO moves are banned
|rule|Evasion Items Clause: Evasion items are banned
|rule|Evasion Moves Clause: Evasion moves are banned
|rule|Sleep Moves Clause: Sleep-inducing moves are banned
|clearpoke
|poke|p1|Tinkaton, F|
|poke|p1|Alomomola, M|
|poke|p1|Slowking-Galar, M|
|poke|p1|Dragapult, M|
|poke|p1|Gyarados, M|
|poke|p1|Goodra-Hisui, M|
|poke|p2|Darkrai|
|poke|p2|Great Tusk|
|poke|p2|Ogerpon-Wellspring, F|
|poke|p2|Gholdengo|
|poke|p2|Dragonite, F|
|poke|p2|Ting-Lu|
|teampreview
|inactive|Battle timer is ON: inactive players will automatically lose when time's up. (requested by maybeshinkuu)
|
|t:|1743930964
|start
|switch|p1a: Alomomola|Alomomola, M|100/100
|switch|p2a: Great Tusk|Great Tusk|100/100
|turn|1
|
|t:|1743930969
|-end|p2a: Great Tusk|Protosynthesis|[silent]
|switch|p2a: Ogerpon|Ogerpon-Wellspring, F|100/100
|move|p1a: Alomomola|Flip Turn|p2a: Ogerpon
|-immune|p2a: Ogerpon|[from] ability: Water Absorb
|
|upkeep
|turn|2
|
|t:|1743930973
|switch|p1a: Tinkaton|Tinkaton, F|100/100
|-item|p1a: Tinkaton|Air Balloon
|move|p2a: Ogerpon|Knock Off|p1a: Tinkaton
|-resisted|p1a: Tinkaton
|-damage|p1a: Tinkaton|73/100
|-enditem|p1a: Tinkaton|Air Balloon
|
|upkeep
|turn|3
|
|t:|1743930979
|move|p2a: Ogerpon|U-turn|p1a: Tinkaton
|-resisted|p1a: Tinkaton
|-damage|p1a: Tinkaton|64/100
|
|t:|1743930985
|switch|p2a: Gholdengo|Gholdengo|100/100|[from] U-turn
|-item|p2a: Gholdengo|Air Balloon
|move|p1a: Tinkaton|Thunder Wave|p2a: Gholdengo
|-immune|p2a: Gholdengo|[from] ability: Good as Gold
|
|upkeep
|turn|4
|
|t:|1743930993
|move|p1a: Tinkaton|Gigaton Hammer|p2a: Gholdengo
|-resisted|p2a: Gholdengo
|-damage|p2a: Gholdengo|79/100
|-enditem|p2a: Gholdengo|Air Balloon
|move|p2a: Gholdengo|Nasty Plot|p2a: Gholdengo
|-boost|p2a: Gholdengo|spa|2
|
|upkeep
|turn|5
|
|t:|1743930999
|move|p1a: Tinkaton|Stealth Rock|p2a: Gholdengo
|-sidestart|p2: maybeshinkuu|move: Stealth Rock
|move|p2a: Gholdengo|Shadow Ball|p1a: Tinkaton
|-crit|p1a: Tinkaton
|-damage|p1a: Tinkaton|0 fnt
|faint|p1a: Tinkaton
|
|upkeep
|
|t:|1743931010
|switch|p1a: Dragapult|Dragapult, M|100/100
|turn|6
|
|t:|1743931012
|switch|p2a: Ting-Lu|Ting-Lu|100/100
|-damage|p2a: Ting-Lu|94/100|[from] Stealth Rock
|-ability|p2a: Ting-Lu|Vessel of Ruin
|move|p1a: Dragapult|Phantom Force||[still]
|-prepare|p1a: Dragapult|Phantom Force
|
|-heal|p2a: Ting-Lu|100/100|[from] item: Leftovers
|upkeep
|turn|7
|
|t:|1743931026
|move|p1a: Dragapult|Phantom Force|p2a: Ting-Lu|[from] lockedmove
|-resisted|p2a: Ting-Lu
|-damage|p2a: Ting-Lu|81/100
|move|p2a: Ting-Lu|Spikes|p1a: Dragapult
|-sidestart|p1: glubbles|Spikes
|
|-heal|p2a: Ting-Lu|87/100|[from] item: Leftovers
|upkeep
|turn|8
|
|t:|1743931034
|switch|p1a: Alomomola|Alomomola, M|100/100
|-damage|p1a: Alomomola|88/100|[from] Spikes
|move|p2a: Ting-Lu|Spikes|p1a: Alomomola
|-sidestart|p1: glubbles|Spikes
|
|-heal|p2a: Ting-Lu|93/100|[from] item: Leftovers
|upkeep
|turn|9
|
|t:|1743931039
|switch|p2a: Ogerpon|Ogerpon-Wellspring, F|100/100
|-damage|p2a: Ogerpon|88/100|[from] Stealth Rock
|move|p1a: Alomomola|Scald|p2a: Ogerpon
|-heal|p2a: Ogerpon|100/100|[from] ability: Water Absorb|[of] p1a: Alomomola
|
|upkeep
|turn|10
|
|t:|1743931049
|switch|p1a: Goodra|Goodra-Hisui, M|100/100
|-damage|p1a: Goodra|84/100|[from] Spikes
|move|p2a: Ogerpon|Knock Off|p1a: Goodra
|-damage|p1a: Goodra|48/100
|-enditem|p1a: Goodra|Assault Vest|[from] move: Knock Off|[of] p2a: Ogerpon
|
|upkeep
|turn|11
|
|t:|1743931057
|move|p2a: Ogerpon|U-turn|p1a: Goodra
|-resisted|p1a: Goodra
|-damage|p1a: Goodra|36/100
|
|t:|1743931064
|switch|p2a: Ting-Lu|Ting-Lu|93/100|[from] U-turn
|-damage|p2a: Ting-Lu|87/100|[from] Stealth Rock
|-ability|p2a: Ting-Lu|Vessel of Ruin
|move|p1a: Goodra|Heavy Slam|p2a: Ting-Lu
|-damage|p2a: Ting-Lu|76/100
|
|-heal|p2a: Ting-Lu|83/100|[from] item: Leftovers
|upkeep
|turn|12
|
|t:|1743931070
|switch|p1a: Alomomola|Alomomola, M|100/100
|-damage|p1a: Alomomola|84/100|[from] Spikes
|move|p2a: Ting-Lu|Earthquake|p1a: Alomomola
|-damage|p1a: Alomomola|64/100
|
|-heal|p2a: Ting-Lu|89/100|[from] item: Leftovers
|upkeep
|turn|13
|
|t:|1743931073
|move|p1a: Alomomola|Wish|p1a: Alomomola
|move|p2a: Ting-Lu|Spikes|p1a: Alomomola
|-sidestart|p1: glubbles|Spikes
|
|-heal|p2a: Ting-Lu|95/100|[from] item: Leftovers
|upkeep
|turn|14
|
|t:|1743931083
|switch|p2a: Ogerpon|Ogerpon-Wellspring, F|100/100
|-damage|p2a: Ogerpon|88/100|[from] Stealth Rock
|move|p1a: Alomomola|Alluring Voice|p2a: Ogerpon
|-damage|p2a: Ogerpon|77/100
|
|-heal|p1a: Alomomola|100/100|[from] move: Wish|[wisher] Alomomola
|upkeep
|turn|15
|
|t:|1743931092
|move|p2a: Ogerpon|Power Whip|p1a: Alomomola
|-supereffective|p1a: Alomomola
|-damage|p1a: Alomomola|26/100
|-damage|p2a: Ogerpon|61/100|[from] item: Rocky Helmet|[of] p1a: Alomomola
|move|p1a: Alomomola|Wish|p1a: Alomomola
|
|upkeep
|turn|16
|
|t:|1743931102
|move|p2a: Ogerpon|U-turn|p1a: Alomomola
|-damage|p1a: Alomomola|12/100
|-damage|p2a: Ogerpon|44/100|[from] item: Rocky Helmet|[of] p1a: Alomomola
|
|t:|1743931117
|switch|p2a: Gholdengo|Gholdengo|79/100|[from] U-turn
|-damage|p2a: Gholdengo|73/100|[from] Stealth Rock
|move|p1a: Alomomola|Alluring Voice|p2a: Gholdengo
|-resisted|p2a: Gholdengo
|-damage|p2a: Gholdengo|69/100
|
|-heal|p1a: Alomomola|62/100|[from] move: Wish|[wisher] Alomomola
|upkeep
|turn|17
|
|t:|1743931122
|move|p2a: Gholdengo|Recover|p2a: Gholdengo
|-heal|p2a: Gholdengo|100/100
|move|p1a: Alomomola|Flip Turn|p2a: Gholdengo
|-damage|p2a: Gholdengo|90/100
|
|t:|1743931131
|switch|p1a: Gyarados|Gyarados, M|100/100|[from] Flip Turn
|-ability|p1a: Gyarados|Intimidate|boost
|-unboost|p2a: Gholdengo|atk|1
|
|upkeep
|turn|18
|
|t:|1743931145
|switch|p2a: Dragonite|Dragonite, F|100/100
|move|p1a: Gyarados|Dragon Dance|p1a: Gyarados
|-boost|p1a: Gyarados|atk|1
|-boost|p1a: Gyarados|spe|1
|
|upkeep
|turn|19
|
|t:|1743931148
|move|p1a: Gyarados|Ice Fang|p2a: Dragonite
|-supereffective|p2a: Dragonite
|-damage|p2a: Dragonite|29/100
|move|p2a: Dragonite|Dragon Tail|p1a: Gyarados
|-damage|p1a: Gyarados|55/100
|drag|p1a: Alomomola|Alomomola, M|95/100
|-damage|p1a: Alomomola|70/100|[from] Spikes
|
|upkeep
|turn|20
|
|t:|1743931154
|move|p2a: Dragonite|Roost|p2a: Dragonite
|-heal|p2a: Dragonite|79/100
|-singleturn|p2a: Dragonite|move: Roost
|move|p1a: Alomomola|Wish|p1a: Alomomola
|
|upkeep
|turn|21
|
|t:|1743931160
|switch|p1a: Goodra|Goodra-Hisui, M|36/100
|-damage|p1a: Goodra|11/100|[from] Spikes
|move|p2a: Dragonite|Dragon Tail|p1a: Goodra
|-damage|p1a: Goodra|0 fnt
|faint|p1a: Goodra
|
|upkeep
|
|t:|1743931166
|switch|p1a: Gyarados|Gyarados, M|55/100
|-ability|p1a: Gyarados|Intimidate|boost
|-unboost|p2a: Dragonite|atk|1
|turn|22
|
|t:|1743931169
|move|p1a: Gyarados|Ice Fang|p2a: Dragonite
|-supereffective|p2a: Dragonite
|-damage|p2a: Dragonite|0 fnt
|faint|p2a: Dragonite
|
|upkeep
|
|t:|1743931181
|switch|p2a: Ogerpon|Ogerpon-Wellspring, F|44/100
|-damage|p2a: Ogerpon|32/100|[from] Stealth Rock
|turn|23
|
|t:|1743931188
|switch|p1a: Alomomola|Alomomola, M|100/100
|-damage|p1a: Alomomola|76/100|[from] Spikes
|move|p2a: Ogerpon|Power Whip|p1a: Alomomola
|-supereffective|p1a: Alomomola
|-damage|p1a: Alomomola|0 fnt
|-damage|p2a: Ogerpon|15/100|[from] item: Rocky Helmet|[of] p1a: Alomomola
|faint|p1a: Alomomola
|
|upkeep
|
|t:|1743931197
|switch|p1a: Dragapult|Dragapult, M|100/100
|-damage|p1a: Dragapult|76/100|[from] Spikes
|turn|24
|
|t:|1743931199
|move|p1a: Dragapult|U-turn|p2a: Ogerpon
|-supereffective|p2a: Ogerpon
|-damage|p2a: Ogerpon|0 fnt
|faint|p2a: Ogerpon
|
|t:|1743931203
|switch|p1a: Slowking|Slowking-Galar, M|100/100|[from] U-turn
|-damage|p1a: Slowking|76/100|[from] Spikes
|
|upkeep
|
|t:|1743931210
|switch|p2a: Great Tusk|Great Tusk|100/100
|turn|25
|
|t:|1743931215
|-terastallize|p1a: Slowking|Grass
|move|p2a: Great Tusk|Rapid Spin|p1a: Slowking
|-damage|p1a: Slowking|58/100
|-boost|p2a: Great Tusk|spe|1
|-sideend|p2: maybeshinkuu|Stealth Rock|[from] move: Rapid Spin|[of] p2a: Great Tusk
|-prepare|p1a: Slowking|Chilly Reception|[premajor]
|move|p1a: Slowking|Chilly Reception|p1a: Slowking
|-weather|Snowscape
|
|t:|1743931221
|switch|p1a: Dragapult|Dragapult, M|76/100|[from] Chilly Reception
|-damage|p1a: Dragapult|51/100|[from] Spikes
|
|-weather|Snowscape|[upkeep]
|upkeep
|turn|26
|
|t:|1743931224
|move|p2a: Great Tusk|Headlong Rush|p1a: Dragapult
|-damage|p1a: Dragapult|0 fnt
|-unboost|p2a: Great Tusk|def|1
|-unboost|p2a: Great Tusk|spd|1
|faint|p1a: Dragapult
|
|-weather|Snowscape|[upkeep]
|upkeep
|
|t:|1743931228
|switch|p1a: Gyarados|Gyarados, M|55/100
|-ability|p1a: Gyarados|Intimidate|boost
|-unboost|p2a: Great Tusk|atk|1
|turn|27
|
|t:|1743931235
|move|p2a: Great Tusk|Ice Spinner|p1a: Gyarados
|-damage|p1a: Gyarados|31/100
|move|p1a: Gyarados|Waterfall|p2a: Great Tusk
|-supereffective|p2a: Great Tusk
|-damage|p2a: Great Tusk|3/100
|
|-weather|Snowscape|[upkeep]
|upkeep
|turn|28
|
|t:|1743931240
|switch|p1a: Slowking|Slowking-Galar, M, tera:Grass|91/100
|-damage|p1a: Slowking|66/100|[from] Spikes
|move|p2a: Great Tusk|Ice Spinner|p1a: Slowking
|-supereffective|p1a: Slowking
|-damage|p1a: Slowking|27/100
|
|-weather|Snowscape|[upkeep]
|upkeep
|turn|29
|
|t:|1743931251
|move|p2a: Great Tusk|Stealth Rock|p1a: Slowking
|-sidestart|p1: glubbles|move: Stealth Rock
|move|p1a: Slowking|Sludge Bomb|p2a: Great Tusk
|-resisted|p2a: Great Tusk
|-damage|p2a: Great Tusk|0 fnt
|faint|p2a: Great Tusk
|-end|p2a: Great Tusk|Protosynthesis|[silent]
|-damage|p1a: Slowking|17/100|[from] item: Life Orb
|
|-weather|none
|upkeep
|
|t:|1743931255
|switch|p2a: Darkrai|Darkrai|100/100
|turn|30
|
|t:|1743931259
|move|p2a: Darkrai|Ice Beam|p1a: Slowking
|-supereffective|p1a: Slowking
|-damage|p1a: Slowking|0 fnt
|faint|p1a: Slowking
|
|upkeep
|c|☆maybeshinkuu|gg
|
|t:|1743931260
|switch|p1a: Gyarados|Gyarados, M|31/100
|-ability|p1a: Gyarados|Intimidate|boost
|-unboost|p2a: Darkrai|atk|1
|turn|31
|
|t:|1743931262
|move|p2a: Darkrai|Dark Pulse|p1a: Gyarados
|-damage|p1a: Gyarados|0 fnt
|faint|p1a: Gyarados
|
|win|maybeshinkuu
|raw|glubbles's rating: 1233 &rarr; <strong>1206</strong><br />(-27 for losing)
|raw|maybeshinkuu's rating: 1211 &rarr; <strong>1238</strong><br />(+27 for winning)
|l|☆glubbles
|player|p1|
|l|☆maybeshinkuu
|player|p2|
