|j|☆dracula drip
|j|☆lupiit
|t:|1743817607
|gametype|singles
|player|p1|dracula drip|266|1370
|player|p2|lupiit|dragontamer|1327
|teamsize|p1|6
|teamsize|p2|6
|gen|9
|tier|[Gen 9] OU
|rated|
|rule|HP Percentage Mod: HP is shown in percentages
|rule|Endless Battle Clause: Forcing endless battles is banned
|rule|Species Clause: Limit one of each Pokémon
|rule|OHKO Clause: OHKO moves are banned
|rule|Evasion Items Clause: Evasion items are banned
|rule|Evasion Moves Clause: Evasion moves are banned
|rule|Sleep Moves Clause: Sleep-inducing moves are banned
|clearpoke
|poke|p1|Great Tusk|
|poke|p1|Ting-Lu|
|poke|p1|Iron Moth|
|poke|p1|Ogerpon-Wellspring, F|
|poke|p1|Gholdengo|
|poke|p1|Dragonite, F|
|poke|p2|Garchomp, M|
|poke|p2|Glimmora, F|
|poke|p2|Blissey, F|
|poke|p2|Hoopa-Unbound|
|poke|p2|Smeargle, M|
|poke|p2|Lokix, M|
|teampreview
|inactive|Battle timer is ON: inactive players will automatically lose when time's up. (requested by dracula drip)
|
|t:|1743817619
|start
|switch|p1a: Th|Iron Moth|100/100
|switch|p2a: Glimmora|Glimmora, F|100/100
|-enditem|p1a: Th|Booster Energy
|-activate|p1a: Th|ability: Quark Drive|[fromitem]
|-start|p1a: Th|quarkdrivespe
|turn|1
|
|t:|1743817627
|-terastallize|p1a: Th|Ground
|move|p1a: Th|Substitute|p1a: Th
|-start|p1a: Th|Substitute
|-damage|p1a: Th|76/100
|move|p2a: Glimmora|Earth Power|p1a: Th
|-end|p1a: Th|Substitute
|
|upkeep
|turn|2
|
|t:|1743817631
|move|p1a: Th|Tera Blast|p2a: Glimmora|[anim] Tera Blast Ground
|-supereffective|p2a: Glimmora
|-enditem|p2a: Glimmora|Focus Sash
|-damage|p2a: Glimmora|1/100
|move|p2a: Glimmora|Energy Ball|p1a: Th
|-supereffective|p1a: Th
|-damage|p1a: Th|12/100
|
|upkeep
|turn|3
|c|☆lupiit|christ
|
|t:|1743817637
|move|p1a: Th|Fiery Dance|p2a: Glimmora
|-resisted|p2a: Glimmora
|-damage|p2a: Glimmora|0 fnt
|-boost|p1a: Th|spa|1
|faint|p2a: Glimmora
|
|upkeep
|
|t:|1743817638
|switch|p2a: Lokix|Lokix, M|100/100
|turn|4
|
|t:|1743817641
|-end|p1a: Th|Quark Drive|[silent]
|switch|p1a: Patricinha|Great Tusk|100/100
|-enditem|p1a: Patricinha|Booster Energy
|-activate|p1a: Patricinha|ability: Protosynthesis|[fromitem]
|-start|p1a: Patricinha|protosynthesisspe
|move|p2a: Lokix|First Impression|p1a: Patricinha
|-resisted|p1a: Patricinha
|-damage|p1a: Patricinha|71/100
|
|upkeep
|turn|5
|
|t:|1743817644
|switch|p2a: Garchomp|Garchomp, M|100/100
|move|p1a: Patricinha|Bulk Up|p1a: Patricinha
|-boost|p1a: Patricinha|atk|1
|-boost|p1a: Patricinha|def|1
|
|upkeep
|turn|6
|
|t:|1743817648
|move|p1a: Patricinha|Ice Spinner|p2a: Garchomp
|-supereffective|p2a: Garchomp
|-damage|p2a: Garchomp|10/100
|-damage|p1a: Patricinha|59/100|[from] ability: Rough Skin|[of] p2a: Garchomp
|-damage|p1a: Patricinha|42/100|[from] item: Rocky Helmet|[of] p2a: Garchomp
|move|p2a: Garchomp|Earthquake|p1a: Patricinha
|-damage|p1a: Patricinha|25/100
|
|upkeep
|turn|7
|
|t:|1743817656
|move|p2a: Garchomp|Endure|p2a: Garchomp
|-singleturn|p2a: Garchomp|move: Endure
|move|p1a: Patricinha|Rapid Spin|p2a: Garchomp
|-activate|p2a: Garchomp|move: Endure
|-damage|p2a: Garchomp|1/100
|-boost|p1a: Patricinha|spe|1
|-damage|p1a: Patricinha|13/100|[from] ability: Rough Skin|[of] p2a: Garchomp
|-damage|p1a: Patricinha|0 fnt|[from] item: Rocky Helmet|[of] p2a: Garchomp
|faint|p1a: Patricinha
|-end|p1a: Patricinha|Protosynthesis|[silent]
|
|upkeep
|
|t:|1743817660
|switch|p1a: Th|Iron Moth, tera:Ground|12/100
|turn|8
|
|t:|1743817664
|switch|p2a: Blissey|Blissey, F|100/100
|move|p1a: Th|Fiery Dance|p2a: Blissey
|-damage|p2a: Blissey|85/100
|
|upkeep
|turn|9
|
|t:|1743817667
|move|p1a: Th|Fiery Dance|p2a: Blissey
|-damage|p2a: Blissey|67/100
|-boost|p1a: Th|spa|1
|move|p2a: Blissey|Seismic Toss|p1a: Th
|-damage|p1a: Th|0 fnt
|faint|p1a: Th
|-end|p1a: Th|Quark Drive|[silent]
|
|upkeep
|
|t:|1743817669
|switch|p1a: Tnykplays|Ogerpon-Wellspring, F|100/100
|turn|10
|
|t:|1743817676
|move|p1a: Tnykplays|Swords Dance|p1a: Tnykplays
|-boost|p1a: Tnykplays|atk|2
|move|p2a: Blissey|Seismic Toss|p1a: Tnykplays
|-damage|p1a: Tnykplays|67/100
|
|upkeep
|turn|11
|
|t:|1743817679
|switch|p2a: Garchomp|Garchomp, M|1/100
|move|p1a: Tnykplays|Ivy Cudgel|p2a: Garchomp|[anim] Ivy Cudgel Water
|-damage|p2a: Garchomp|0 fnt
|faint|p2a: Garchomp
|
|upkeep
|
|t:|1743817681
|switch|p2a: Lokix|Lokix, M|100/100
|turn|12
|
|t:|1743817687
|switch|p1a: Stonks|Gholdengo|100/100
|move|p2a: Lokix|First Impression|p1a: Stonks
|-resisted|p1a: Stonks
|-damage|p1a: Stonks|78/100
|
|upkeep
|turn|13
|
|t:|1743817691
|switch|p1a: Tnykplays|Ogerpon-Wellspring, F|67/100
|switch|p2a: Hoopa|Hoopa-Unbound|100/100
|
|upkeep
|turn|14
|
|t:|1743817697
|switch|p2a: Blissey|Blissey, F|67/100
|move|p1a: Tnykplays|Ivy Cudgel|p2a: Blissey|[anim] Ivy Cudgel Water
|-damage|p2a: Blissey|14/100
|
|upkeep
|turn|15
|
|t:|1743817699
|move|p1a: Tnykplays|Horn Leech|p2a: Blissey
|-damage|p2a: Blissey|0 fnt
|-heal|p1a: Tnykplays|82/100|[from] drain|[of] p2a: Blissey
|faint|p2a: Blissey
|
|upkeep
|
|t:|1743817701
|switch|p2a: Lokix|Lokix, M|100/100
|turn|16
|
|t:|1743817703
|switch|p1a: Britt|Ting-Lu|100/100
|-ability|p1a: Britt|Vessel of Ruin
|move|p2a: Lokix|U-turn|p1a: Britt
|-supereffective|p1a: Britt
|-damage|p1a: Britt|61/100
|-enditem|p1a: Britt|Red Card|[of] p2a: Lokix
|drag|p2a: Hoopa|Hoopa-Unbound|100/100
|
|upkeep
|turn|17
|
|t:|1743817708
|switch|p2a: Lokix|Lokix, M|100/100
|move|p1a: Britt|Stealth Rock|p2a: Lokix
|-sidestart|p2: lupiit|move: Stealth Rock
|
|upkeep
|turn|18
|
|t:|1743817711
|move|p2a: Lokix|Leech Life|p1a: Britt
|-supereffective|p1a: Britt
|-damage|p1a: Britt|16/100
|move|p1a: Britt|Ruination|p2a: Lokix
|-damage|p2a: Lokix|51/100
|
|upkeep
|turn|19
|
|t:|1743817716
|switch|p1a: Stonks|Gholdengo|78/100
|move|p2a: Lokix|Leech Life|p1a: Stonks
|-resisted|p1a: Stonks
|-damage|p1a: Stonks|56/100
|-heal|p2a: Lokix|63/100|[from] drain|[of] p1a: Stonks
|
|upkeep
|turn|20
|
|t:|1743817720
|move|p2a: Lokix|Sucker Punch|p1a: Stonks
|-supereffective|p1a: Stonks
|-damage|p1a: Stonks|0 fnt
|faint|p1a: Stonks
|
|upkeep
|
|t:|1743817724
|switch|p1a: Luizytbr|Dragonite, F, shiny|100/100
|turn|21
|
|t:|1743817737
|move|p1a: Luizytbr|Extreme Speed|p2a: Lokix
|-damage|p2a: Lokix|0 fnt
|-damage|p1a: Luizytbr|84/100|[from] item: Rocky Helmet|[of] p2a: Lokix
|faint|p2a: Lokix
|
|upkeep
|
|t:|1743817747
|switch|p2a: Smeargle|Smeargle, M|100/100
|-damage|p2a: Smeargle|88/100|[from] Stealth Rock
|turn|22
|
|t:|1743817751
|move|p2a: Smeargle|Burning Bulwark|p2a: Smeargle
|-singleturn|p2a: Smeargle|move: Protect
|move|p1a: Luizytbr|Extreme Speed|p2a: Smeargle
|-activate|p2a: Smeargle|move: Protect
|-status|p1a: Luizytbr|brn
|
|-damage|p1a: Luizytbr|78/100 brn|[from] brn
|upkeep
|turn|23
|
|t:|1743817759
|move|p1a: Luizytbr|Extreme Speed|p2a: Smeargle
|-damage|p2a: Smeargle|31/100
|move|p2a: Smeargle|Counter|p1a: Luizytbr
|-damage|p1a: Luizytbr|0 fnt
|faint|p1a: Luizytbr
|
|upkeep
|
|t:|1743817763
|switch|p1a: Tnykplays|Ogerpon-Wellspring, F|82/100
|turn|24
|
|t:|1743817766
|move|p1a: Tnykplays|Ivy Cudgel|p2a: Smeargle|[anim] Ivy Cudgel Water
|-damage|p2a: Smeargle|0 fnt
|faint|p2a: Smeargle
|
|upkeep
|
|t:|1743817767
|switch|p2a: Hoopa|Hoopa-Unbound|100/100
|-damage|p2a: Hoopa|88/100|[from] Stealth Rock
|turn|25
|
|t:|1743817783
|move|p1a: Tnykplays|Ivy Cudgel|p2a: Hoopa|[anim] Ivy Cudgel Water
|-crit|p2a: Hoopa
|-damage|p2a: Hoopa|0 fnt
|faint|p2a: Hoopa
|
|win|dracula drip
|raw|dracula drip's rating: 1370 &rarr; <strong>1388</strong><br />(+18 for winning)
|raw|lupiit's rating: 1327 &rarr; <strong>1309</strong><br />(-18 for losing)
|l|☆lupiit
|player|p2|
|l|☆dracula drip
|player|p1|
