|j|☆smashbros87878
|j|☆Midoriashonen
|t:|1743913401
|gametype|singles
|player|p1|smashbros87878|2|1109
|player|p2|Midoriashonen|169|1141
|teamsize|p1|6
|teamsize|p2|6
|gen|9
|tier|[Gen 9] OU
|rated|
|rule|HP Percentage Mod: HP is shown in percentages
|rule|Endless Battle Clause: Forcing endless battles is banned
|rule|Species Clause: Limit one of each Pokémon
|rule|OHKO Clause: OHKO moves are banned
|rule|Evasion Items Clause: Evasion items are banned
|rule|Evasion Moves Clause: Evasion moves are banned
|rule|Sleep Moves Clause: Sleep-inducing moves are banned
|clearpoke
|poke|p1|Dondozo, F|
|poke|p1|Dragonite, M|
|poke|p1|Gholdengo|
|poke|p1|Kingambit, F|
|poke|p1|Porygon2|
|poke|p1|Kommo-o, M|
|poke|p2|Pelipper, M|
|poke|p2|Araquanid, M|
|poke|p2|Kingambit, M|
|poke|p2|Slowking-Galar, M|
|poke|p2|Samurott-Hisui, M|
|poke|p2|Zapdos|
|teampreview
|inactive|Battle timer is ON: inactive players will automatically lose when time's up. (requested by smashbros87878)
|
|t:|1743913410
|start
|switch|p1a: Dragonite|Dragonite, M, shiny|100/100
|switch|p2a: Pelipper|Pelipper, M|100/100
|-weather|RainDance|[from] ability: Drizzle|[of] p2a: Pelipper
|turn|1
|
|t:|1743913417
|move|p1a: Dragonite|Dragon Dance|p1a: Dragonite
|-boost|p1a: Dragonite|atk|1
|-boost|p1a: Dragonite|spe|1
|move|p2a: Pelipper|Tailwind|p2a: Pelipper
|-sidestart|p2: Midoriashonen|move: Tailwind
|
|-weather|RainDance|[upkeep]
|upkeep
|turn|2
|
|t:|1743913423
|move|p1a: Dragonite|Dragon Dance|p1a: Dragonite
|-boost|p1a: Dragonite|atk|1
|-boost|p1a: Dragonite|spe|1
|move|p2a: Pelipper|U-turn|p1a: Dragonite
|-resisted|p1a: Dragonite
|-damage|p1a: Dragonite|98/100
|
|t:|1743913427
|switch|p2a: Araquanid|Araquanid, M, shiny|100/100|[from] U-turn
|
|-weather|RainDance|[upkeep]
|upkeep
|turn|3
|
|t:|1743913432
|-terastallize|p1a: Dragonite|Normal
|-terastallize|p2a: Araquanid|Steel
|move|p1a: Dragonite|Extreme Speed|p2a: Araquanid
|-resisted|p2a: Araquanid
|-damage|p2a: Araquanid|55/100
|-damage|p1a: Dragonite|88/100|[from] item: Life Orb
|move|p2a: Araquanid|Reflect|p2a: Araquanid
|-sidestart|p2: Midoriashonen|Reflect
|
|-weather|RainDance|[upkeep]
|upkeep
|turn|4
|
|t:|1743913445
|move|p1a: Dragonite|Earthquake|p2a: Araquanid
|-supereffective|p2a: Araquanid
|-damage|p2a: Araquanid|0 fnt
|faint|p2a: Araquanid
|-damage|p1a: Dragonite|78/100|[from] item: Life Orb
|
|-weather|RainDance|[upkeep]
|-sideend|p2: Midoriashonen|move: Tailwind
|upkeep
|
|t:|1743913456
|switch|p2a: Zapdos|Zapdos|100/100
|turn|5
|
|t:|1743913460
|move|p1a: Dragonite|Dragon Dance|p1a: Dragonite
|-boost|p1a: Dragonite|atk|1
|-boost|p1a: Dragonite|spe|1
|move|p2a: Zapdos|Thunder|p1a: Dragonite
|-damage|p1a: Dragonite|17/100
|
|-weather|RainDance|[upkeep]
|upkeep
|turn|6
|
|t:|1743913476
|move|p1a: Dragonite|Extreme Speed|p2a: Zapdos
|-damage|p2a: Zapdos|27/100
|-status|p1a: Dragonite|par|[from] ability: Static|[of] p2a: Zapdos
|-damage|p1a: Dragonite|7/100 par|[from] item: Life Orb
|move|p2a: Zapdos|Thunder|p1a: Dragonite
|-damage|p1a: Dragonite|0 fnt
|faint|p1a: Dragonite
|
|-weather|RainDance|[upkeep]
|-heal|p2a: Zapdos|33/100|[from] item: Leftovers
|upkeep
|
|t:|1743913486
|switch|p1a: Porygon2|Porygon2|100/100
|-ability|p1a: Porygon2|Download|boost
|-boost|p1a: Porygon2|atk|1
|turn|7
|
|t:|1743913490
|move|p2a: Zapdos|Roost|p2a: Zapdos
|-heal|p2a: Zapdos|83/100
|-singleturn|p2a: Zapdos|move: Roost
|move|p1a: Porygon2|Trick Room|p1a: Porygon2
|-fieldstart|move: Trick Room|[of] p1a: Porygon2
|
|-weather|RainDance|[upkeep]
|-heal|p2a: Zapdos|89/100|[from] item: Leftovers
|-sideend|p2: Midoriashonen|Reflect
|upkeep
|turn|8
|
|t:|1743913498
|move|p1a: Porygon2|Tri Attack|p2a: Zapdos
|-damage|p2a: Zapdos|51/100
|-status|p2a: Zapdos|brn
|move|p2a: Zapdos|Thunder|p1a: Porygon2
|-damage|p1a: Porygon2|60/100
|
|-weather|none
|-heal|p2a: Zapdos|57/100 brn|[from] item: Leftovers
|-damage|p2a: Zapdos|51/100 brn|[from] brn
|upkeep
|turn|9
|
|t:|1743913508
|switch|p2a: Slowking|Slowking-Galar, M, shiny|100/100
|move|p1a: Porygon2|Tri Attack|p2a: Slowking
|-damage|p2a: Slowking|78/100
|-status|p2a: Slowking|brn
|
|-damage|p2a: Slowking|72/100 brn|[from] brn
|upkeep
|turn|10
|c|☆Midoriashonen|dude
|
|t:|1743913519
|move|p2a: Slowking|Future Sight|p1a: Porygon2
|-start|p2a: Slowking|move: Future Sight
|move|p1a: Porygon2|Thunderbolt|p2a: Slowking
|-damage|p2a: Slowking|54/100 brn
|
|-damage|p2a: Slowking|48/100 brn|[from] brn
|upkeep
|turn|11
|c|☆Midoriashonen|porigon have serene grace???
|
|t:|1743913530
|move|p2a: Slowking|Flamethrower|p1a: Porygon2
|-damage|p1a: Porygon2|43/100
|move|p1a: Porygon2|Tri Attack|p2a: Slowking
|-damage|p2a: Slowking|22/100 brn
|
|-damage|p2a: Slowking|16/100 brn|[from] brn
|-fieldend|move: Trick Room
|upkeep
|turn|12
|c|☆smashbros87878|I have no idea how it is working
|
|t:|1743913555
|switch|p2a: Samurott|Samurott-Hisui, M, shiny|100/100
|move|p1a: Porygon2|Tri Attack|p2a: Samurott
|-damage|p2a: Samurott|50/100
|
|-end|p1a: Porygon2|move: Future Sight
|-damage|p1a: Porygon2|9/100
|upkeep
|turn|13
|
|t:|1743913564
|move|p2a: Samurott|Ceaseless Edge|p1a: Porygon2
|-damage|p1a: Porygon2|0 fnt
|-sidestart|p1: smashbros87878|Spikes
|faint|p1a: Porygon2
|
|upkeep
|
|t:|1743913567
|switch|p1a: Kommo-o|Kommo-o, M, shiny|100/100
|-damage|p1a: Kommo-o|88/100|[from] Spikes
|turn|14
|
|t:|1743913572
|switch|p2a: Pelipper|Pelipper, M|100/100
|-weather|RainDance|[from] ability: Drizzle|[of] p2a: Pelipper
|move|p1a: Kommo-o|Clangorous Soul|p1a: Kommo-o
|-boost|p1a: Kommo-o|atk|1
|-boost|p1a: Kommo-o|def|1
|-boost|p1a: Kommo-o|spa|1
|-boost|p1a: Kommo-o|spd|1
|-boost|p1a: Kommo-o|spe|1
|-damage|p1a: Kommo-o|55/100
|-enditem|p1a: Kommo-o|Throat Spray
|-boost|p1a: Kommo-o|spa|1|[from] item: Throat Spray
|
|-weather|RainDance|[upkeep]
|upkeep
|turn|15
|
|t:|1743913580
|move|p1a: Kommo-o|Boomburst|p2a: Pelipper
|-damage|p2a: Pelipper|0 fnt
|faint|p2a: Pelipper
|
|-weather|RainDance|[upkeep]
|upkeep
|
|t:|1743913591
|switch|p2a: Samurott|Samurott-Hisui, M, shiny|50/100
|turn|16
|
|t:|1743913603
|move|p1a: Kommo-o|Boomburst|p2a: Samurott
|-damage|p2a: Samurott|0 fnt
|faint|p2a: Samurott
|
|-weather|RainDance|[upkeep]
|upkeep
|
|t:|1743913613
|switch|p2a: Kingambit|Kingambit, M|100/100
|-activate|p2a: Kingambit|ability: Supreme Overlord
|-start|p2a: Kingambit|fallen3|[silent]
|turn|17
|c|☆smashbros87878|Why no one is using kommo-o when it is powerful
|inactive|smashbros87878 has 120 seconds left.
|
|t:|1743913644
|move|p1a: Kommo-o|Flamethrower|p2a: Kingambit
|-supereffective|p2a: Kingambit
|-damage|p2a: Kingambit|53/100
|-status|p2a: Kingambit|brn
|move|p2a: Kingambit|Kowtow Cleave|p1a: Kommo-o
|-resisted|p1a: Kommo-o
|-damage|p1a: Kommo-o|45/100
|
|-weather|RainDance|[upkeep]
|-damage|p2a: Kingambit|47/100 brn|[from] brn
|upkeep
|turn|18
|c|☆Midoriashonen|good lucke
|-message|Midoriashonen forfeited.
|
|win|smashbros87878
|raw|smashbros87878's rating: 1109 &rarr; <strong>1136</strong><br />(+27 for winning)
|raw|Midoriashonen's rating: 1141 &rarr; <strong>1114</strong><br />(-27 for losing)
|l|☆Midoriashonen
|player|p2|
|c|☆smashbros87878|Bruhhhh
|l|☆smashbros87878
|player|p1|
