|j|☆WengusOlibieru
|j|☆HWH8SB
|t:|1743890382
|gametype|singles
|player|p1|WengusOlibieru|169|1389
|player|p2|HWH8SB|101|1372
|teamsize|p1|6
|teamsize|p2|6
|gen|9
|tier|[Gen 9] OU
|rated|
|rule|HP Percentage Mod: HP is shown in percentages
|rule|Endless Battle Clause: Forcing endless battles is banned
|rule|Species Clause: Limit one of each Pokémon
|rule|OHKO Clause: OHKO moves are banned
|rule|Evasion Items Clause: Evasion items are banned
|rule|Evasion Moves Clause: Evasion moves are banned
|rule|Sleep Moves Clause: Sleep-inducing moves are banned
|clearpoke
|poke|p1|Mienshao, F|
|poke|p1|Kingambit, M|
|poke|p1|Rillaboom, M|
|poke|p1|Darkrai|
|poke|p1|Cinderace, M|
|poke|p1|Zapdos|
|poke|p2|Gengar, M|
|poke|p2|Kingambit, F|
|poke|p2|Great Tusk|
|poke|p2|Zapdos|
|poke|p2|Ogerpon-Wellspring, F|
|poke|p2|Kyurem|
|teampreview
|inactive|Battle timer is ON: inactive players will automatically lose when time's up. (requested by WengusOlibieru)
|
|t:|1743890395
|start
|switch|p1a: Darkrai|Darkrai|100/100
|switch|p2a: Gengar|Gengar, M|100/100
|turn|1
|c|☆WengusOlibieru|!dt gengar
|raw|<div class="message"><ul class="utilichart"><li class="result"><span class="col numcol">RU</span> <span class="col iconcol"><psicon pokemon="gengar"/></span> <span class="col pokemonnamecol" style="white-space:nowrap"><a href="https://dex.pokemonshowdown.com/pokemon/gengar" target="_blank">Gengar</a></span> <span class="col typecol"><img src="https://play.pokemonshowdown.com/sprites/types/Ghost.png" alt="Ghost" height="14" width="32"><img src="https://play.pokemonshowdown.com/sprites/types/Poison.png" alt="Poison" height="14" width="32"></span> <span style="float:left;min-height:26px"><span class="col abilitycol">Cursed Body</span><span class="col abilitycol"></span></span><span style="float:left;min-height:26px"><span class="col statcol"><em>HP</em><br />60</span> <span class="col statcol"><em>Atk</em><br />65</span> <span class="col statcol"><em>Def</em><br />60</span> <span class="col statcol"><em>SpA</em><br />130</span> <span class="col statcol"><em>SpD</em><br />75</span> <span class="col statcol"><em>Spe</em><br />110</span> <span class="col bstcol"><em>BST<br />500</em></span> </span></li><li style="clear:both"></li></ul></div>
|raw|<font size="1"><font color="#686868">Dex#:</font> 94&nbsp;|&ThickSpace;<font color="#686868">Gen:</font> 1&nbsp;|&ThickSpace;<font color="#686868">Height:</font> 1.5 m&nbsp;|&ThickSpace;<font color="#686868">Weight:</font> 40.5 kg <em>(60 BP)</em>&nbsp;|&ThickSpace;<font color="#686868">Dex Colour:</font> Purple&nbsp;|&ThickSpace;<font color="#686868">Egg Group(s):</font> Amorphous&nbsp;|&ThickSpace;<font color="#686868">Pre-Evolution:</font> Haunter&nbsp;|&ThickSpace;<font color="#686868">Does Not Evolve</font></font>

|
|t:|1743890415
|-terastallize|p2a: Gengar|Fairy
|move|p1a: Darkrai|Dark Pulse|p2a: Gengar
|-resisted|p2a: Gengar
|-damage|p2a: Gengar|56/100
|-start|p1a: Darkrai|Disable|Dark Pulse|[from] ability: Cursed Body|[of] p2a: Gengar
|-damage|p1a: Darkrai|91/100|[from] item: Life Orb
|move|p2a: Gengar|Dazzling Gleam|p1a: Darkrai
|-supereffective|p1a: Darkrai
|-damage|p1a: Darkrai|0 fnt
|faint|p1a: Darkrai
|
|upkeep
|inactive|WengusOlibieru has 120 seconds left.
|c|☆HWH8SB|its spd max gengar
|
|t:|1743890446
|switch|p1a: Rillaboom|Rillaboom, M|100/100
|-fieldstart|move: Grassy Terrain|[from] ability: Grassy Surge|[of] p1a: Rillaboom
|turn|2
|
|t:|1743890464
|switch|p2a: Zapdos|Zapdos|100/100
|move|p1a: Rillaboom|U-turn|p2a: Zapdos
|-resisted|p2a: Zapdos
|-damage|p2a: Zapdos|81/100
|
|t:|1743890473
|switch|p1a: Mienshao|Mienshao, F|100/100|[from] U-turn
|
|upkeep
|turn|3
|
|t:|1743890484
|-terastallize|p1a: Mienshao|Fighting
|move|p1a: Mienshao|High Jump Kick|p2a: Zapdos
|-resisted|p2a: Zapdos
|-damage|p2a: Zapdos|0 fnt
|-status|p1a: Mienshao|par|[from] ability: Static|[of] p2a: Zapdos
|faint|p2a: Zapdos
|
|upkeep
|
|t:|1743890490
|switch|p2a: Gengar|Gengar, M, tera:Fairy|56/100
|turn|4
|
|t:|1743890496
|switch|p1a: Zapdos|Zapdos|100/100
|move|p2a: Gengar|Dazzling Gleam|p1a: Zapdos
|-damage|p1a: Zapdos|39/100
|
|-heal|p2a: Gengar|62/100|[from] Grassy Terrain
|upkeep
|turn|5
|
|t:|1743890506
|move|p2a: Gengar|Dazzling Gleam|p1a: Zapdos
|-damage|p1a: Zapdos|0 fnt
|faint|p1a: Zapdos
|
|-heal|p2a: Gengar|68/100|[from] Grassy Terrain
|upkeep
|
|t:|1743890510
|switch|p1a: Rillaboom|Rillaboom, M|100/100
|turn|6
|inactive|WengusOlibieru has 120 seconds left.
|
|t:|1743890521
|switch|p2a: Kyurem|Kyurem|100/100
|-ability|p2a: Kyurem|Pressure
|move|p1a: Rillaboom|Grassy Glide|p2a: Kyurem
|-resisted|p2a: Kyurem
|-damage|p2a: Kyurem|71/100
|
|-heal|p2a: Kyurem|77/100|[from] Grassy Terrain
|-fieldend|move: Grassy Terrain
|upkeep
|turn|7
|
|t:|1743890528
|switch|p1a: Cinderace|Cinderace, M|100/100
|move|p2a: Kyurem|Draco Meteor|p1a: Cinderace
|-damage|p1a: Cinderace|0 fnt
|-unboost|p2a: Kyurem|spa|2
|faint|p1a: Cinderace
|
|upkeep
|
|t:|1743890537
|switch|p1a: Rillaboom|Rillaboom, M|100/100
|-fieldstart|move: Grassy Terrain|[from] ability: Grassy Surge|[of] p1a: Rillaboom
|turn|8
|
|t:|1743890545
|switch|p2a: Kingambit|Kingambit, F|100/100
|-activate|p2a: Kingambit|ability: Supreme Overlord
|-start|p2a: Kingambit|fallen1|[silent]
|move|p1a: Rillaboom|U-turn|p2a: Kingambit
|-damage|p2a: Kingambit|70/100
|
|t:|1743890550
|switch|p1a: Mienshao|Mienshao, F, tera:Fighting|100/100 par|[from] U-turn
|
|-heal|p2a: Kingambit|76/100|[from] Grassy Terrain
|upkeep
|turn|9
|
|t:|1743890559
|-end|p2a: Kingambit|fallen1|[silent]
|switch|p2a: Great Tusk|Great Tusk|100/100
|move|p1a: Mienshao|High Jump Kick|p2a: Great Tusk
|-damage|p2a: Great Tusk|0 fnt
|-damage|p1a: Mienshao|84/100 par|[from] item: Rocky Helmet|[of] p2a: Great Tusk
|faint|p2a: Great Tusk
|-end|p2a: Great Tusk|Protosynthesis|[silent]
|
|-heal|p1a: Mienshao|90/100 par|[from] Grassy Terrain
|upkeep
|
|t:|1743890563
|switch|p2a: Gengar|Gengar, M, tera:Fairy|68/100
|turn|10
|inactive|WengusOlibieru has 120 seconds left.
|
|t:|1743890595
|switch|p1a: Rillaboom|Rillaboom, M|100/100
|move|p2a: Gengar|Sludge Wave|p1a: Rillaboom
|-supereffective|p1a: Rillaboom
|-damage|p1a: Rillaboom|0 fnt
|faint|p1a: Rillaboom
|
|-heal|p2a: Gengar|74/100|[from] Grassy Terrain
|upkeep
|
|t:|1743890599
|switch|p1a: Kingambit|Kingambit, M|100/100
|-activate|p1a: Kingambit|ability: Supreme Overlord
|-start|p1a: Kingambit|fallen4|[silent]
|turn|11
|
|t:|1743890603
|switch|p2a: Ogerpon|Ogerpon-Wellspring, F|100/100
|move|p1a: Kingambit|Swords Dance|p1a: Kingambit
|-boost|p1a: Kingambit|atk|2
|
|upkeep
|turn|12
|
|t:|1743890613
|move|p2a: Ogerpon|Ivy Cudgel|p1a: Kingambit|[anim] Ivy Cudgel Water
|-damage|p1a: Kingambit|49/100
|move|p1a: Kingambit|Kowtow Cleave|p2a: Ogerpon
|-damage|p2a: Ogerpon|0 fnt
|faint|p2a: Ogerpon
|
|-heal|p1a: Kingambit|56/100|[from] Grassy Terrain
|-heal|p1a: Kingambit|62/100|[from] item: Leftovers
|-fieldend|move: Grassy Terrain
|upkeep
|
|t:|1743890636
|switch|p2a: Kyurem|Kyurem|77/100
|-ability|p2a: Kyurem|Pressure
|turn|13
|
|t:|1743890640
|move|p1a: Kingambit|Sucker Punch|p2a: Kyurem
|-damage|p2a: Kyurem|0 fnt
|faint|p2a: Kyurem
|
|-heal|p1a: Kingambit|68/100|[from] item: Leftovers
|upkeep
|
|t:|1743890644
|switch|p2a: Kingambit|Kingambit, F|76/100
|-activate|p2a: Kingambit|ability: Supreme Overlord
|-start|p2a: Kingambit|fallen4|[silent]
|turn|14
|
|t:|1743890653
|move|p2a: Kingambit|Sucker Punch|p1a: Kingambit
|-resisted|p1a: Kingambit
|-damage|p1a: Kingambit|38/100
|move|p1a: Kingambit|Iron Head|p2a: Kingambit
|-resisted|p2a: Kingambit
|-damage|p2a: Kingambit|24/100
|
|-heal|p1a: Kingambit|44/100|[from] item: Leftovers
|upkeep
|turn|15
|
|t:|1743890662
|move|p2a: Kingambit|Sucker Punch|p1a: Kingambit
|-resisted|p1a: Kingambit
|-damage|p1a: Kingambit|15/100
|move|p1a: Kingambit|Iron Head|p2a: Kingambit
|-resisted|p2a: Kingambit
|-damage|p2a: Kingambit|0 fnt
|faint|p2a: Kingambit
|-end|p2a: Kingambit|fallen4|[silent]
|
|-heal|p1a: Kingambit|22/100|[from] item: Leftovers
|upkeep
|
|t:|1743890666
|switch|p2a: Gengar|Gengar, M, tera:Fairy|74/100
|turn|16
|
|t:|1743890668
|move|p1a: Kingambit|Sucker Punch|p2a: Gengar
|-resisted|p2a: Gengar
|-damage|p2a: Gengar|0 fnt
|faint|p2a: Gengar
|
|win|WengusOlibieru
|raw|WengusOlibieru's rating: 1389 &rarr; <strong>1408</strong><br />(+19 for winning)
|raw|HWH8SB's rating: 1372 &rarr; <strong>1353</strong><br />(-19 for losing)
|l|☆HWH8SB
|player|p2|
