|j|☆meggomyeggo23
|j|☆Cricket_Mayhem
|t:|1743804908
|gametype|singles
|player|p1|meggomyeggo23|aromalady|
|player|p2|Cricket_Mayhem|2|
|teamsize|p1|6
|teamsize|p2|6
|gen|9
|tier|[Gen 9] OU
|rule|HP Percentage Mod: HP is shown in percentages
|rule|Endless Battle Clause: Forcing endless battles is banned
|rule|Species Clause: Limit one of each Pokémon
|rule|OHKO Clause: OHKO moves are banned
|rule|Evasion Items Clause: Evasion items are banned
|rule|Evasion Moves Clause: Evasion moves are banned
|rule|Sleep Moves Clause: Sleep-inducing moves are banned
|clearpoke
|poke|p1|Kingdra, F|
|poke|p1|Pelipper, M|
|poke|p1|Raging Bolt|
|poke|p1|Forretress, M|
|poke|p1|Mudsdale, M|
|poke|p1|Ogerpon, F|
|poke|p2|Alomomola, F|
|poke|p2|Kingambit, F|
|poke|p2|Dragonite, M|
|poke|p2|Tyranitar, M|
|poke|p2|Excadrill, M|
|poke|p2|Ogerpon-Cornerstone, F|
|teampreview
|j| JustBlissful
|c| JustBlissful|You are good to start
|
|t:|1743804976
|start
|switch|p1a: Forretress|Forretress, M|100/100
|switch|p2a: Tyranitar|Tyranitar, M|100/100
|-weather|Sandstorm|[from] ability: Sand Stream|[of] p2a: Tyranitar
|turn|1
|
|t:|1743805020
|move|p2a: Tyranitar|Stone Edge|p1a: Forretress
|-damage|p1a: Forretress|69/100
|move|p1a: Forretress|Spikes|p2a: Tyranitar
|-sidestart|p2: Cricket_Mayhem|Spikes
|
|-weather|Sandstorm|[upkeep]
|-heal|p1a: Forretress|75/100|[from] item: Leftovers
|upkeep
|turn|2
|
|t:|1743805066
|move|p2a: Tyranitar|Stealth Rock|p1a: Forretress
|-sidestart|p1: meggomyeggo23|move: Stealth Rock
|move|p1a: Forretress|Body Press|p2a: Tyranitar
|-supereffective|p2a: Tyranitar
|-damage|p2a: Tyranitar|0 fnt
|faint|p2a: Tyranitar
|
|-weather|Sandstorm|[upkeep]
|-heal|p1a: Forretress|82/100|[from] item: Leftovers
|upkeep
|
|t:|1743805078
|switch|p2a: Excadrill|Excadrill, M|100/100
|-damage|p2a: Excadrill|88/100|[from] Spikes
|turn|3
|
|t:|1743805126
|move|p2a: Excadrill|Swords Dance|p2a: Excadrill
|-boost|p2a: Excadrill|atk|2
|move|p1a: Forretress|Body Press|p2a: Excadrill
|-supereffective|p2a: Excadrill
|-damage|p2a: Excadrill|2/100
|
|-weather|Sandstorm|[upkeep]
|-heal|p1a: Forretress|88/100|[from] item: Leftovers
|upkeep
|turn|4
|
|t:|1743805177
|move|p2a: Excadrill|Rapid Spin|p1a: Forretress
|-resisted|p1a: Forretress
|-damage|p1a: Forretress|74/100
|-boost|p2a: Excadrill|spe|1
|-sideend|p2: Cricket_Mayhem|Spikes|[from] move: Rapid Spin|[of] p2a: Excadrill
|-damage|p2a: Excadrill|0 fnt|[from] item: Life Orb
|faint|p2a: Excadrill
|move|p1a: Forretress|Gyro Ball|p2: Excadrill|[notarget]
|-fail|p1a: Forretress
|
|-weather|Sandstorm|[upkeep]
|-heal|p1a: Forretress|80/100|[from] item: Leftovers
|upkeep
|
|t:|1743805195
|switch|p2a: Ogerpon|Ogerpon-Cornerstone, F|100/100
|turn|5
|
|t:|1743805236
|move|p2a: Ogerpon|Play Rough|p1a: Forretress
|-resisted|p1a: Forretress
|-damage|p1a: Forretress|70/100
|move|p1a: Forretress|Body Press|p2a: Ogerpon
|-supereffective|p2a: Ogerpon
|-damage|p2a: Ogerpon|16/100
|
|-weather|Sandstorm|[upkeep]
|-heal|p1a: Forretress|76/100|[from] item: Leftovers
|upkeep
|turn|6
|
|t:|1743805254
|move|p2a: Ogerpon|Power Whip|p1a: Forretress
|-resisted|p1a: Forretress
|-damage|p1a: Forretress|66/100
|move|p1a: Forretress|Spikes|p2a: Ogerpon
|-sidestart|p2: Cricket_Mayhem|Spikes
|
|-weather|Sandstorm|[upkeep]
|-heal|p1a: Forretress|72/100|[from] item: Leftovers
|upkeep
|turn|7
|
|t:|1743805276
|move|p2a: Ogerpon|U-turn|p1a: Forretress
|-resisted|p1a: Forretress
|-damage|p1a: Forretress|63/100
|
|t:|1743805280
|switch|p2a: Alomomola|Alomomola, F|100/100|[from] U-turn
|move|p1a: Forretress|Body Press|p2a: Alomomola
|-damage|p2a: Alomomola|81/100
|
|-weather|Sandstorm|[upkeep]
|-damage|p2a: Alomomola|74/100|[from] Sandstorm
|-heal|p1a: Forretress|70/100|[from] item: Leftovers
|upkeep
|turn|8
|
|t:|1743805335
|switch|p1a: Pelipper|Pelipper, M|100/100
|-damage|p1a: Pelipper|76/100|[from] Stealth Rock
|-weather|RainDance|[from] ability: Drizzle|[of] p1a: Pelipper
|move|p2a: Alomomola|Scald|p1a: Pelipper
|-resisted|p1a: Pelipper
|-damage|p1a: Pelipper|61/100
|
|-weather|RainDance|[upkeep]
|upkeep
|turn|9
|
|t:|1743805402
|switch|p1a: Kingdra|Kingdra, F|100/100
|-damage|p1a: Kingdra|88/100|[from] Stealth Rock
|move|p2a: Alomomola|Flip Turn|p1a: Kingdra
|-resisted|p1a: Kingdra
|-damage|p1a: Kingdra|80/100
|
|t:|1743805451
|switch|p2a: Kingambit|Kingambit, F|100/100|[from] Flip Turn
|-activate|p2a: Kingambit|ability: Supreme Overlord
|-start|p2a: Kingambit|fallen2|[silent]
|
|-weather|RainDance|[upkeep]
|upkeep
|turn|10
|
|t:|1743805463
|-terastallize|p2a: Kingambit|Fairy
|move|p1a: Kingdra|Weather Ball|p2a: Kingambit
|-crit|p2a: Kingambit
|-damage|p2a: Kingambit|0 fnt
|faint|p2a: Kingambit
|-end|p2a: Kingambit|fallen2|[silent]
|
|-weather|RainDance|[upkeep]
|upkeep
|
|t:|1743805480
|switch|p2a: Ogerpon|Ogerpon-Cornerstone, F|16/100
|-damage|p2a: Ogerpon|4/100|[from] Spikes
|turn|11
|
|t:|1743805491
|move|p1a: Kingdra|Weather Ball|p2a: Ogerpon
|-damage|p2a: Ogerpon|0 fnt
|faint|p2a: Ogerpon
|
|-weather|RainDance|[upkeep]
|upkeep
|
|t:|1743805500
|switch|p2a: Alomomola|Alomomola, F|100/100
|turn|12
|
|t:|1743805523
|move|p1a: Kingdra|Weather Ball|p2a: Alomomola
|-resisted|p2a: Alomomola
|-damage|p2a: Alomomola|56/100
|move|p2a: Alomomola|Scald|p1a: Kingdra
|-resisted|p1a: Kingdra
|-damage|p1a: Kingdra|74/100
|
|-weather|RainDance|[upkeep]
|upkeep
|turn|13
|
|t:|1743805541
|move|p1a: Kingdra|Weather Ball|p2a: Alomomola
|-resisted|p2a: Alomomola
|-damage|p2a: Alomomola|6/100
|move|p2a: Alomomola|Flip Turn|p1a: Kingdra
|-resisted|p1a: Kingdra
|-damage|p1a: Kingdra|66/100
|
|t:|1743805553
|switch|p2a: Dragonite|Dragonite, M|100/100|[from] Flip Turn
|
|-weather|RainDance|[upkeep]
|upkeep
|turn|14
|j| DorianInAHat
|
|t:|1743805569
|move|p1a: Kingdra|Weather Ball|p2a: Dragonite
|-resisted|p2a: Dragonite
|-damage|p2a: Dragonite|75/100
|move|p2a: Dragonite|Earthquake|p1a: Kingdra
|-damage|p1a: Kingdra|18/100
|
|-weather|RainDance|[upkeep]
|upkeep
|turn|15
|
|t:|1743805587
|switch|p1a: Ogerpon|Ogerpon, F|100/100
|move|p2a: Dragonite|Earthquake|p1a: Ogerpon
|-resisted|p1a: Ogerpon
|-damage|p1a: Ogerpon|75/100
|
|-weather|none
|upkeep
|turn|16
|
|t:|1743805613
|move|p1a: Ogerpon|Ivy Cudgel|p2a: Dragonite
|-resisted|p2a: Dragonite
|-damage|p2a: Dragonite|61/100
|move|p2a: Dragonite|Ice Spinner|p1a: Ogerpon
|-supereffective|p1a: Ogerpon
|-damage|p1a: Ogerpon|0 fnt
|faint|p1a: Ogerpon
|
|upkeep
|
|t:|1743805623
|switch|p1a: Mudsdale|Mudsdale, M|100/100
|-damage|p1a: Mudsdale|94/100|[from] Stealth Rock
|turn|17
|
|t:|1743805650
|move|p2a: Dragonite|Ice Spinner|p1a: Mudsdale
|-supereffective|p1a: Mudsdale
|-damage|p1a: Mudsdale|57/100
|-ability|p1a: Mudsdale|Stamina|boost
|-boost|p1a: Mudsdale|def|1
|move|p1a: Mudsdale|Body Press|p2a: Dragonite
|-resisted|p2a: Dragonite
|-damage|p2a: Dragonite|42/100
|
|-heal|p1a: Mudsdale|63/100|[from] item: Leftovers
|upkeep
|turn|18
|
|t:|1743805695
|switch|p2a: Alomomola|Alomomola, F|40/100
|move|p1a: Mudsdale|Stealth Rock|p2a: Alomomola
|-sidestart|p2: Cricket_Mayhem|move: Stealth Rock
|
|-heal|p1a: Mudsdale|70/100|[from] item: Leftovers
|upkeep
|turn|19
|
|t:|1743805710
|move|p2a: Alomomola|Scald|p1a: Mudsdale
|-supereffective|p1a: Mudsdale
|-damage|p1a: Mudsdale|44/100
|-ability|p1a: Mudsdale|Stamina|boost
|-boost|p1a: Mudsdale|def|1
|move|p1a: Mudsdale|Body Press|p2a: Alomomola
|-damage|p2a: Alomomola|8/100
|
|-heal|p1a: Mudsdale|50/100|[from] item: Leftovers
|upkeep
|turn|20
|
|t:|1743805747
|move|p2a: Alomomola|Scald|p1a: Mudsdale
|-supereffective|p1a: Mudsdale
|-damage|p1a: Mudsdale|26/100
|-ability|p1a: Mudsdale|Stamina|boost
|-boost|p1a: Mudsdale|def|1
|move|p1a: Mudsdale|Earthquake|p2a: Alomomola
|-damage|p2a: Alomomola|0 fnt
|faint|p2a: Alomomola
|
|-heal|p1a: Mudsdale|32/100|[from] item: Leftovers
|upkeep
|
|t:|1743805759
|switch|p2a: Dragonite|Dragonite, M|42/100
|turn|21
|
|t:|1743805771
|switch|p1a: Pelipper|Pelipper, M|61/100
|-damage|p1a: Pelipper|36/100|[from] Stealth Rock
|-weather|RainDance|[from] ability: Drizzle|[of] p1a: Pelipper
|move|p2a: Dragonite|Ice Spinner|p1a: Pelipper
|-damage|p1a: Pelipper|10/100
|
|-weather|RainDance|[upkeep]
|upkeep
|turn|22
|
|t:|1743805818
|switch|p1a: Raging Bolt|Raging Bolt|100/100
|-damage|p1a: Raging Bolt|88/100|[from] Stealth Rock
|move|p2a: Dragonite|Earthquake|p1a: Raging Bolt
|-supereffective|p1a: Raging Bolt
|-damage|p1a: Raging Bolt|16/100
|
|-weather|RainDance|[upkeep]
|-heal|p1a: Raging Bolt|22/100|[from] item: Leftovers
|upkeep
|turn|23
|
|t:|1743805834
|move|p1a: Raging Bolt|Thunderclap|p2a: Dragonite
|-crit|p2a: Dragonite
|-damage|p2a: Dragonite|0 fnt
|faint|p2a: Dragonite
|
|win|meggomyeggo23
|c| DorianInAHat|GG
|l|☆Cricket_Mayhem
|player|p2|
|l| JustBlissful
|l|☆meggomyeggo23
|player|p1|
