|j|☆bigdongbongdong
|j|‽SkyN64
|t:|1743843971
|gametype|singles
|player|p1|bigdongbongdong|1|1264
|player|p2|SkyN64|1|1318
|teamsize|p1|6
|teamsize|p2|6
|gen|9
|tier|[Gen 9] OU
|rated|
|rule|HP Percentage Mod: HP is shown in percentages
|rule|Endless Battle Clause: Forcing endless battles is banned
|rule|Species Clause: Limit one of each Pokémon
|rule|OHKO Clause: OHKO moves are banned
|rule|Evasion Items Clause: Evasion items are banned
|rule|Evasion Moves Clause: Evasion moves are banned
|rule|Sleep Moves Clause: Sleep-inducing moves are banned
|clearpoke
|poke|p1|Samurott-Hisui, F|
|poke|p1|Gliscor, F|
|poke|p1|Great Tusk|
|poke|p1|Tinkaton, F|
|poke|p1|Dragapult, F|
|poke|p1|Garganacl, M|
|poke|p2|Hatterene, F|
|poke|p2|Meowscarada, M|
|poke|p2|Corviknight, M|
|poke|p2|Garchomp, M|
|poke|p2|Quaquaval, F|
|poke|p2|Toxtricity, F|
|teampreview
|inactive|Battle timer is ON: inactive players will automatically lose when time's up. (requested by bigdongbongdong)
|
|t:|1743843978
|start
|switch|p1a: Tinkaton|Tinkaton, F|100/100
|switch|p2a: Toxtricity|Toxtricity, F|100/100
|-item|p1a: Tinkaton|Air Balloon
|turn|1
|
|t:|1743843989
|move|p1a: Tinkaton|Stealth Rock|p2a: Toxtricity
|-sidestart|p2: SkyN64|move: Stealth Rock
|move|p2a: Toxtricity|Overdrive|p1a: Tinkaton
|-damage|p1a: Tinkaton|43/100
|-enditem|p1a: Tinkaton|Air Balloon
|-damage|p2a: Toxtricity|91/100|[from] item: Life Orb
|
|upkeep
|turn|2
|
|t:|1743844011
|switch|p1a: Gliscor|Gliscor, F|100/100
|move|p2a: Toxtricity|Boomburst|p1a: Gliscor
|-damage|p1a: Gliscor|29/100
|-damage|p2a: Toxtricity|81/100|[from] item: Life Orb
|
|-status|p1a: Gliscor|tox|[from] item: Toxic Orb
|upkeep
|turn|3
|
|t:|1743844026
|move|p1a: Gliscor|Protect|p1a: Gliscor
|-singleturn|p1a: Gliscor|Protect
|move|p2a: Toxtricity|Boomburst|p1a: Gliscor
|-activate|p1a: Gliscor|move: Protect
|
|-heal|p1a: Gliscor|42/100 tox|[from] ability: Poison Heal
|upkeep
|turn|4
|
|t:|1743844039
|move|p2a: Toxtricity|Boomburst|p1a: Gliscor
|-damage|p1a: Gliscor|0 fnt
|faint|p1a: Gliscor
|-damage|p2a: Toxtricity|71/100|[from] item: Life Orb
|
|upkeep
|
|t:|1743844047
|switch|p1a: Great Tusk|Great Tusk|100/100
|turn|5
|
|t:|1743844053
|switch|p2a: Corviknight|Corviknight, M|100/100
|-damage|p2a: Corviknight|88/100|[from] Stealth Rock
|-ability|p2a: Corviknight|Pressure
|move|p1a: Great Tusk|Headlong Rush|p2a: Corviknight
|-immune|p2a: Corviknight
|
|upkeep
|turn|6
|
|t:|1743844068
|-end|p1a: Great Tusk|Protosynthesis|[silent]
|switch|p1a: Garganacl|Garganacl, M|100/100
|move|p2a: Corviknight|Defog|p1a: Garganacl
|-unboost|p1a: Garganacl|evasion|1
|-sideend|p2: SkyN64|Stealth Rock|[from] move: Defog|[of] p2a: Corviknight
|
|upkeep
|turn|7
|
|t:|1743844080
|switch|p2a: Hatterene|Hatterene, F|100/100
|move|p1a: Garganacl|Salt Cure|p2a: Hatterene
|-damage|p2a: Hatterene|89/100
|-start|p2a: Hatterene|Salt Cure
|
|-heal|p2a: Hatterene|95/100|[from] item: Leftovers
|-damage|p2a: Hatterene|83/100|[from] Salt Cure
|upkeep
|turn|8
|
|t:|1743844099
|move|p2a: Hatterene|Future Sight|p1a: Garganacl
|-start|p2a: Hatterene|move: Future Sight
|move|p1a: Garganacl|Earthquake|p2a: Hatterene
|-damage|p2a: Hatterene|63/100
|
|-heal|p2a: Hatterene|69/100|[from] item: Leftovers
|-damage|p2a: Hatterene|57/100|[from] Salt Cure
|upkeep
|turn|9
|
|t:|1743844110
|move|p2a: Hatterene|Calm Mind|p2a: Hatterene
|-boost|p2a: Hatterene|spa|1
|-boost|p2a: Hatterene|spd|1
|move|p1a: Garganacl|Recover||[still]
|-fail|p1a: Garganacl|heal
|
|-heal|p2a: Hatterene|63/100|[from] item: Leftovers
|-damage|p2a: Hatterene|50/100|[from] Salt Cure
|upkeep
|turn|10
|
|t:|1743844120
|move|p2a: Hatterene|Draining Kiss|p1a: Garganacl
|-damage|p1a: Garganacl|79/100
|-heal|p2a: Hatterene|71/100|[from] drain|[of] p1a: Garganacl
|move|p1a: Garganacl|Earthquake|p2a: Hatterene
|-damage|p2a: Hatterene|51/100
|
|-end|p1a: Garganacl|move: Future Sight
|-damage|p1a: Garganacl|20/100
|-heal|p2a: Hatterene|57/100|[from] item: Leftovers
|-heal|p1a: Garganacl|26/100|[from] item: Leftovers
|-damage|p2a: Hatterene|45/100|[from] Salt Cure
|upkeep
|turn|11
|
|t:|1743844140
|move|p2a: Hatterene|Calm Mind|p2a: Hatterene
|-boost|p2a: Hatterene|spa|1
|-boost|p2a: Hatterene|spd|1
|move|p1a: Garganacl|Recover|p1a: Garganacl
|-heal|p1a: Garganacl|76/100
|
|-heal|p2a: Hatterene|51/100|[from] item: Leftovers
|-heal|p1a: Garganacl|82/100|[from] item: Leftovers
|-damage|p2a: Hatterene|39/100|[from] Salt Cure
|upkeep
|turn|12
|inactive|bigdongbongdong has 120 seconds left.
|
|t:|1743844157
|switch|p1a: Tinkaton|Tinkaton, F|43/100
|move|p2a: Hatterene|Draining Kiss|p1a: Tinkaton
|-resisted|p1a: Tinkaton
|-damage|p1a: Tinkaton|25/100
|-heal|p2a: Hatterene|55/100|[from] drain|[of] p1a: Tinkaton
|-enditem|p2a: Hatterene|Leftovers|[silent]|[from] ability: Pickpocket|[of] p2a: Hatterene
|-item|p1a: Tinkaton|Leftovers|[from] ability: Pickpocket|[of] p2a: Hatterene
|
|-heal|p1a: Tinkaton|31/100|[from] item: Leftovers
|-damage|p2a: Hatterene|42/100|[from] Salt Cure
|upkeep
|turn|13
|inactive|bigdongbongdong has 120 seconds left.
|
|t:|1743844178
|switch|p2a: Toxtricity|Toxtricity, F|71/100
|move|p1a: Tinkaton|Gigaton Hammer|p2a: Toxtricity
|-resisted|p2a: Toxtricity
|-damage|p2a: Toxtricity|38/100
|
|-heal|p1a: Tinkaton|37/100|[from] item: Leftovers
|upkeep
|turn|14
|inactive|bigdongbongdong has 120 seconds left.
|
|t:|1743844193
|move|p1a: Tinkaton|Stealth Rock|p2a: Toxtricity
|-sidestart|p2: SkyN64|move: Stealth Rock
|move|p2a: Toxtricity|Shift Gear|p2a: Toxtricity
|-boost|p2a: Toxtricity|spe|2
|-boost|p2a: Toxtricity|atk|1
|
|-heal|p1a: Tinkaton|43/100|[from] item: Leftovers
|upkeep
|turn|15
|inactive|bigdongbongdong has 120 seconds left.
|
|t:|1743844203
|move|p2a: Toxtricity|Overdrive|p1a: Tinkaton
|-damage|p1a: Tinkaton|0 fnt
|faint|p1a: Tinkaton
|-damage|p2a: Toxtricity|28/100|[from] item: Life Orb
|
|upkeep
|
|t:|1743844209
|switch|p1a: Samurott|Samurott-Hisui, F|100/100
|turn|16
|
|t:|1743844216
|switch|p2a: Corviknight|Corviknight, M|88/100
|-damage|p2a: Corviknight|76/100|[from] Stealth Rock
|-ability|p2a: Corviknight|Pressure
|move|p1a: Samurott|Sucker Punch||[still]
|-fail|p1a: Samurott
|
|upkeep
|turn|17
|inactive|bigdongbongdong has 120 seconds left.
|
|t:|1743844232
|move|p1a: Samurott|Ceaseless Edge|p2a: Corviknight
|-damage|p2a: Corviknight|47/100
|-damage|p1a: Samurott|84/100|[from] item: Rocky Helmet|[of] p2a: Corviknight
|-sidestart|p2: SkyN64|Spikes
|move|p2a: Corviknight|Defog|p1a: Samurott
|-unboost|p1a: Samurott|evasion|1
|-sideend|p2: SkyN64|Spikes|[from] move: Defog|[of] p2a: Corviknight
|-sideend|p2: SkyN64|Stealth Rock|[from] move: Defog|[of] p2a: Corviknight
|
|upkeep
|turn|18
|
|t:|1743844244
|move|p1a: Samurott|Ceaseless Edge|p2a: Corviknight
|-damage|p2a: Corviknight|18/100
|-damage|p1a: Samurott|67/100|[from] item: Rocky Helmet|[of] p2a: Corviknight
|-sidestart|p2: SkyN64|Spikes
|move|p2a: Corviknight|Roost|p2a: Corviknight
|-heal|p2a: Corviknight|68/100
|-singleturn|p2a: Corviknight|move: Roost
|
|upkeep
|turn|19
|
|t:|1743844255
|switch|p1a: Dragapult|Dragapult, F|100/100
|move|p2a: Corviknight|Defog|p1a: Dragapult
|-unboost|p1a: Dragapult|evasion|1
|-sideend|p2: SkyN64|Spikes|[from] move: Defog|[of] p2a: Corviknight
|
|upkeep
|turn|20
|
|t:|1743844263
|move|p1a: Dragapult|Will-O-Wisp|p2a: Corviknight|[miss]
|-miss|p1a: Dragapult|p2a: Corviknight
|move|p2a: Corviknight|Brave Bird|p1a: Dragapult
|-damage|p1a: Dragapult|55/100
|-damage|p2a: Corviknight|56/100|[from] Recoil
|
|upkeep
|turn|21
|-message|bigdongbongdong forfeited.
|
|win|SkyN64
|raw|bigdongbongdong's rating: 1264 &rarr; <strong>1243</strong><br />(-21 for losing)
|raw|SkyN64's rating: 1318 &rarr; <strong>1335</strong><br />(+17 for winning)
|l|☆bigdongbongdong
|player|p1|
|l|‽SkyN64
|player|p2|
