|j|☆osab
|j|☆Luca1996
|t:|1743789244
|gametype|singles
|player|p1|osab|2|1347
|player|p2|Luca1996|boarder|1289
|teamsize|p1|6
|teamsize|p2|6
|gen|9
|tier|[Gen 9] OU
|rated|
|rule|HP Percentage Mod: HP is shown in percentages
|rule|Endless Battle Clause: Forcing endless battles is banned
|rule|Species Clause: Limit one of each Pokémon
|rule|OHKO Clause: OHKO moves are banned
|rule|Evasion Items Clause: Evasion items are banned
|rule|Evasion Moves Clause: Evasion moves are banned
|rule|Sleep Moves Clause: Sleep-inducing moves are banned
|clearpoke
|poke|p1|Great Tusk|
|poke|p1|Raging Bolt|
|poke|p1|Iron Crown|
|poke|p1|Moltres|
|poke|p1|Rillaboom, M|
|poke|p1|Primarina, M|
|poke|p2|Goodra, F|
|poke|p2|Snorlax, M|
|poke|p2|Breloom, M|
|poke|p2|Primarina, M|
|poke|p2|Cinderace, F|
|poke|p2|Salazzle, F|
|teampreview
|inactive|Battle timer is ON: inactive players will automatically lose when time's up. (requested by Luca1996)
|
|t:|1743789263
|start
|switch|p1a: Rillaboom|Rillaboom, M|100/100
|switch|p2a: Cinderace|Cinderace, F|100/100
|-fieldstart|move: Grassy Terrain|[from] ability: Grassy Surge|[of] p1a: Rillaboom
|turn|1
|
|t:|1743789272
|switch|p2a: Salazzle|Salazzle, F|100/100
|switch|p1a: Primarina|Primarina, M|100/100
|
|upkeep
|turn|2
|
|t:|1743789291
|switch|p2a: Goodra|Goodra, F|100/100
|move|p1a: Primarina|Surf|p2a: Goodra
|-resisted|p2a: Goodra
|-damage|p2a: Goodra|90/100
|
|-heal|p2a: Goodra|96/100|[from] Grassy Terrain
|upkeep
|turn|3
|
|t:|1743789298
|move|p1a: Primarina|Moonblast|p2a: Goodra
|-supereffective|p2a: Goodra
|-damage|p2a: Goodra|54/100
|-unboost|p2a: Goodra|spa|1
|move|p2a: Goodra|Sludge Wave|p1a: Primarina
|-supereffective|p1a: Primarina
|-damage|p1a: Primarina|71/100
|
|-heal|p1a: Primarina|77/100|[from] Grassy Terrain
|-heal|p2a: Goodra|60/100|[from] Grassy Terrain
|upkeep
|turn|4
|
|t:|1743789312
|move|p1a: Primarina|Moonblast|p2a: Goodra
|-supereffective|p2a: Goodra
|-damage|p2a: Goodra|14/100
|-unboost|p2a: Goodra|spa|1
|move|p2a: Goodra|Sludge Wave|p1a: Primarina
|-supereffective|p1a: Primarina
|-damage|p1a: Primarina|58/100
|
|-heal|p1a: Primarina|64/100|[from] Grassy Terrain
|-heal|p2a: Goodra|20/100|[from] Grassy Terrain
|upkeep
|turn|5
|
|t:|1743789322
|move|p1a: Primarina|Moonblast|p2a: Goodra
|-supereffective|p2a: Goodra
|-damage|p2a: Goodra|0 fnt
|faint|p2a: Goodra
|
|-heal|p1a: Primarina|71/100|[from] Grassy Terrain
|upkeep
|
|t:|1743789325
|switch|p2a: Breloom|Breloom, M|100/100
|turn|6
|
|t:|1743789334
|switch|p1a: Moltres|Moltres|100/100
|move|p2a: Breloom|Bullet Seed|p1a: Moltres
|-resisted|p1a: Moltres
|-damage|p1a: Moltres|96/100
|-resisted|p1a: Moltres
|-damage|p1a: Moltres|92/100
|-resisted|p1a: Moltres
|-damage|p1a: Moltres|87/100
|-resisted|p1a: Moltres
|-damage|p1a: Moltres|83/100
|-hitcount|p1a: Moltres|4
|
|upkeep
|turn|7
|
|t:|1743789351
|move|p2a: Breloom|Rock Tomb|p1a: Moltres
|-supereffective|p1a: Moltres
|-damage|p1a: Moltres|0 fnt
|faint|p1a: Moltres
|
|upkeep
|inactive|osab has 120 seconds left.
|
|t:|1743789384
|switch|p1a: Iron Crown|Iron Crown|100/100
|-enditem|p1a: Iron Crown|Booster Energy
|-activate|p1a: Iron Crown|ability: Quark Drive|[fromitem]
|-start|p1a: Iron Crown|quarkdrivespe
|turn|8
|
|t:|1743789391
|switch|p2a: Snorlax|Snorlax, M|100/100
|move|p1a: Iron Crown|Calm Mind|p1a: Iron Crown
|-boost|p1a: Iron Crown|spa|1
|-boost|p1a: Iron Crown|spd|1
|
|-fieldend|move: Grassy Terrain
|upkeep
|turn|9
|inactive|osab has 120 seconds left.
|
|t:|1743789411
|move|p1a: Iron Crown|Focus Blast|p2a: Snorlax
|-supereffective|p2a: Snorlax
|-damage|p2a: Snorlax|34/100
|move|p2a: Snorlax|Earthquake|p1a: Iron Crown
|-supereffective|p1a: Iron Crown
|-damage|p1a: Iron Crown|37/100
|
|-heal|p2a: Snorlax|41/100|[from] item: Leftovers
|upkeep
|turn|10
|
|t:|1743789429
|move|p1a: Iron Crown|Tachyon Cutter|p2a: Snorlax
|-damage|p2a: Snorlax|19/100
|-damage|p2a: Snorlax|0 fnt
|faint|p2a: Snorlax
|-hitcount|p2: Snorlax|2
|
|upkeep
|
|t:|1743789435
|switch|p2a: Cinderace|Cinderace, F|100/100
|turn|11
|inactive|osab has 90 seconds left.
|
|t:|1743789461
|move|p2a: Cinderace|Sucker Punch|p1a: Iron Crown
|-start|p2a: Cinderace|typechange|Dark|[from] ability: Libero
|-supereffective|p1a: Iron Crown
|-damage|p1a: Iron Crown|0 fnt
|faint|p1a: Iron Crown
|-end|p1a: Iron Crown|Quark Drive|[silent]
|-damage|p2a: Cinderace|91/100|[from] item: Life Orb
|
|upkeep
|inactive|osab has 90 seconds left.
|
|t:|1743789475
|switch|p1a: Primarina|Primarina, M|71/100
|turn|12
|inactive|osab has 90 seconds left.
|
|t:|1743789482
|switch|p2a: Salazzle|Salazzle, F|100/100
|move|p1a: Primarina|Flip Turn|p2a: Salazzle
|-supereffective|p2a: Salazzle
|-damage|p2a: Salazzle|46/100
|inactive|osab has 90 seconds left.
|
|t:|1743789492
|switch|p1a: Great Tusk|Great Tusk|100/100|[from] Flip Turn
|
|upkeep
|turn|13
|inactive|osab has 90 seconds left.
|
|t:|1743789499
|move|p2a: Salazzle|Fire Blast|p1a: Great Tusk
|-damage|p1a: Great Tusk|23/100
|move|p1a: Great Tusk|Headlong Rush|p2a: Salazzle
|-supereffective|p2a: Salazzle
|-damage|p2a: Salazzle|0 fnt
|-unboost|p1a: Great Tusk|def|1
|-unboost|p1a: Great Tusk|spd|1
|faint|p2a: Salazzle
|
|upkeep
|
|t:|1743789507
|switch|p2a: Cinderace|Cinderace, F|91/100
|turn|14
|inactive|osab has 90 seconds left.
|
|t:|1743789530
|move|p2a: Cinderace|Pyro Ball|p1a: Great Tusk
|-damage|p1a: Great Tusk|0 fnt
|faint|p1a: Great Tusk
|-end|p1a: Great Tusk|Protosynthesis|[silent]
|-damage|p2a: Cinderace|81/100|[from] item: Life Orb
|
|upkeep
|
|t:|1743789535
|switch|p1a: Raging Bolt|Raging Bolt|100/100
|turn|15
|inactive|osab has 90 seconds left.
|
|t:|1743789545
|move|p2a: Cinderace|High Jump Kick|p1a: Raging Bolt
|-start|p2a: Cinderace|typechange|Fighting|[from] ability: Libero
|-damage|p1a: Raging Bolt|25/100
|-damage|p2a: Cinderace|71/100|[from] item: Life Orb
|move|p1a: Raging Bolt|Dragon Pulse|p2a: Cinderace
|-damage|p2a: Cinderace|0 fnt
|faint|p2a: Cinderace
|
|upkeep
|
|t:|1743789552
|switch|p2a: Breloom|Breloom, M|100/100
|turn|16
|
|t:|1743789563
|move|p2a: Breloom|Mach Punch|p1a: Raging Bolt
|-damage|p1a: Raging Bolt|0 fnt
|faint|p1a: Raging Bolt
|-end|p1a: Raging Bolt|Protosynthesis|[silent]
|
|upkeep
|inactive|osab has 90 seconds left.
|
|t:|1743789591
|switch|p1a: Primarina|Primarina, M|71/100
|turn|17
|
|t:|1743789608
|-terastallize|p1a: Primarina|Steel
|move|p2a: Breloom|Bullet Seed|p1a: Primarina
|-resisted|p1a: Primarina
|-damage|p1a: Primarina|58/100
|-resisted|p1a: Primarina
|-damage|p1a: Primarina|43/100
|-resisted|p1a: Primarina
|-damage|p1a: Primarina|31/100
|-hitcount|p1a: Primarina|3
|move|p1a: Primarina|Moonblast|p2a: Breloom
|-supereffective|p2a: Breloom
|-enditem|p2a: Breloom|Focus Sash
|-damage|p2a: Breloom|1/100
|
|upkeep
|turn|18
|
|t:|1743789620
|move|p2a: Breloom|Mach Punch|p1a: Primarina
|-supereffective|p1a: Primarina
|-crit|p1a: Primarina
|-damage|p1a: Primarina|0 fnt
|faint|p1a: Primarina
|
|upkeep
|
|t:|1743789624
|switch|p1a: Rillaboom|Rillaboom, M|100/100
|-fieldstart|move: Grassy Terrain|[from] ability: Grassy Surge|[of] p1a: Rillaboom
|turn|19
|
|t:|1743789633
|move|p2a: Breloom|Mach Punch|p1a: Rillaboom
|-damage|p1a: Rillaboom|70/100
|move|p1a: Rillaboom|Grassy Glide|p2a: Breloom
|-resisted|p2a: Breloom
|-damage|p2a: Breloom|0 fnt
|faint|p2a: Breloom
|
|-heal|p1a: Rillaboom|76/100|[from] Grassy Terrain
|upkeep
|
|t:|1743789636
|switch|p2a: Primarina|Primarina, M|100/100
|turn|20
|inactive|osab has 90 seconds left.
|
|t:|1743789647
|-terastallize|p2a: Primarina|Steel
|move|p1a: Rillaboom|Wood Hammer|p2a: Primarina
|-resisted|p2a: Primarina
|-damage|p2a: Primarina|46/100
|-damage|p1a: Rillaboom|59/100|[from] Recoil
|move|p2a: Primarina|Moonblast|p1a: Rillaboom
|-damage|p1a: Rillaboom|0 fnt
|faint|p1a: Rillaboom
|
|win|Luca1996
|raw|osab's rating: 1347 &rarr; <strong>1324</strong><br />(-23 for losing)
|raw|Luca1996's rating: 1289 &rarr; <strong>1318</strong><br />(+29 for winning)
|l|☆Luca1996
|player|p2|
|l|☆osab
|player|p1|
