|j|☆Brutalshaman
|j|☆StarDio
|t:|1743784974
|gametype|singles
|player|p1|Brutalshaman|170|1496
|player|p2|StarDio|proton|1472
|teamsize|p1|6
|teamsize|p2|6
|gen|9
|tier|[Gen 9] OU
|rated|
|rule|HP Percentage Mod: HP is shown in percentages
|rule|Endless Battle Clause: Forcing endless battles is banned
|rule|Species Clause: Limit one of each Pokémon
|rule|OHKO Clause: OHKO moves are banned
|rule|Evasion Items Clause: Evasion items are banned
|rule|Evasion Moves Clause: Evasion moves are banned
|rule|Sleep Moves Clause: Sleep-inducing moves are banned
|clearpoke
|poke|p1|Torkoal, F|
|poke|p1|Scovillain, F|
|poke|p1|Walking Wake|
|poke|p1|Hatterene, F|
|poke|p1|Great Tusk|
|poke|p1|Ceruledge, M|
|poke|p2|Ting-Lu|
|poke|p2|Gliscor, F|
|poke|p2|Sinistcha|
|poke|p2|Keldeo|
|poke|p2|Tinkaton, F|
|poke|p2|Dragonite, F|
|teampreview
|inactive|Battle timer is ON: inactive players will automatically lose when time's up. (requested by StarDio)
|
|t:|1743784980
|start
|switch|p1a: Torkoal|Torkoal, F|100/100
|switch|p2a: Ting-Lu|Ting-Lu|100/100
|-ability|p2a: Ting-Lu|Vessel of Ruin
|-weather|SunnyDay|[from] ability: Drought|[of] p1a: Torkoal
|turn|1
|
|t:|1743784983
|switch|p1a: Hatterene|Hatterene, F, shiny|100/100
|move|p2a: Ting-Lu|Ruination|p1a: Hatterene
|-damage|p1a: Hatterene|50/100
|-enditem|p1a: Hatterene|Eject Button
|
|t:|1743784995
|switch|p1a: Ceruledge|Ceruledge, M|100/100
|
|-weather|SunnyDay|[upkeep]
|upkeep
|turn|2
|
|t:|1743785010
|move|p1a: Ceruledge|Swords Dance|p1a: Ceruledge
|-boost|p1a: Ceruledge|atk|2
|move|p2a: Ting-Lu|Whirlwind|p1a: Ceruledge
|drag|p1a: Scovillain|Scovillain, F|100/100
|
|-weather|SunnyDay|[upkeep]
|upkeep
|turn|3
|
|t:|1743785018
|move|p1a: Scovillain|Giga Drain|p2a: Ting-Lu
|-supereffective|p2a: Ting-Lu
|-damage|p2a: Ting-Lu|64/100
|-damage|p1a: Scovillain|91/100|[from] item: Life Orb
|move|p2a: Ting-Lu|Spikes|p1a: Scovillain
|-sidestart|p1: Brutalshaman|Spikes
|
|-weather|SunnyDay|[upkeep]
|-heal|p2a: Ting-Lu|70/100|[from] item: Leftovers
|upkeep
|turn|4
|
|t:|1743785029
|switch|p1a: Don|Great Tusk, shiny|100/100
|-damage|p1a: Don|88/100|[from] Spikes
|-activate|p1a: Don|ability: Protosynthesis
|-start|p1a: Don|protosynthesisatk
|switch|p2a: Dragonite|Dragonite, F|100/100
|
|-weather|SunnyDay|[upkeep]
|upkeep
|turn|5
|
|t:|1743785033
|move|p1a: Don|Rapid Spin|p2a: Dragonite
|-damage|p2a: Dragonite|90/100
|-boost|p1a: Don|spe|1
|-sideend|p1: Brutalshaman|Spikes|[from] move: Rapid Spin|[of] p1a: Don
|move|p2a: Dragonite|Dragon Tail|p1a: Don
|-damage|p1a: Don|63/100
|-damage|p2a: Dragonite|73/100|[from] item: Rocky Helmet|[of] p1a: Don
|-end|p1a: Don|Protosynthesis|[silent]
|drag|p1a: Hatterene|Hatterene, F, shiny|50/100
|
|-weather|SunnyDay|[upkeep]
|upkeep
|turn|6
|
|t:|1743785038
|move|p2a: Dragonite|Earthquake|p1a: Hatterene
|-damage|p1a: Hatterene|19/100
|move|p1a: Hatterene|Draining Kiss|p2a: Dragonite
|-supereffective|p2a: Dragonite
|-damage|p2a: Dragonite|32/100
|-heal|p1a: Hatterene|56/100|[from] drain|[of] p2a: Dragonite
|
|-weather|SunnyDay|[upkeep]
|upkeep
|turn|7
|
|t:|1743785046
|switch|p2a: Ting-Lu|Ting-Lu|70/100
|-ability|p2a: Ting-Lu|Vessel of Ruin
|move|p1a: Hatterene|Mystical Fire|p2a: Ting-Lu
|-damage|p2a: Ting-Lu|57/100
|-unboost|p2a: Ting-Lu|spa|1
|
|-weather|SunnyDay|[upkeep]
|-heal|p2a: Ting-Lu|63/100|[from] item: Leftovers
|upkeep
|turn|8
|
|t:|1743785053
|move|p2a: Ting-Lu|Earthquake|p1a: Hatterene
|-damage|p1a: Hatterene|22/100
|move|p1a: Hatterene|Draining Kiss|p2a: Ting-Lu
|-supereffective|p2a: Ting-Lu
|-damage|p2a: Ting-Lu|45/100
|-heal|p1a: Hatterene|44/100|[from] drain|[of] p2a: Ting-Lu
|
|-weather|none
|-heal|p2a: Ting-Lu|52/100|[from] item: Leftovers
|upkeep
|turn|9
|
|t:|1743785081
|switch|p2a: Gliscor|Gliscor, F|100/100
|switch|p1a: Torkoal|Torkoal, F|100/100
|-weather|SunnyDay|[from] ability: Drought|[of] p1a: Torkoal
|
|-weather|SunnyDay|[upkeep]
|-status|p2a: Gliscor|tox|[from] item: Toxic Orb
|upkeep
|turn|10
|
|t:|1743785097
|move|p2a: Gliscor|Knock Off|p1a: Torkoal
|-crit|p1a: Torkoal
|-damage|p1a: Torkoal|73/100
|-enditem|p1a: Torkoal|Heat Rock|[from] move: Knock Off|[of] p2a: Gliscor
|move|p1a: Torkoal|Stealth Rock|p2a: Gliscor
|-sidestart|p2: StarDio|move: Stealth Rock
|
|-weather|SunnyDay|[upkeep]
|upkeep
|turn|11
|
|t:|1743785109
|move|p2a: Gliscor|Swords Dance|p2a: Gliscor
|-boost|p2a: Gliscor|atk|2
|move|p1a: Torkoal|Flamethrower|p2a: Gliscor
|-damage|p2a: Gliscor|24/100 tox
|
|-weather|SunnyDay|[upkeep]
|-heal|p2a: Gliscor|36/100 tox|[from] ability: Poison Heal
|upkeep
|turn|12
|
|t:|1743785121
|switch|p1a: Ceruledge|Ceruledge, M|100/100
|move|p2a: Gliscor|Protect||[still]
|-fail|p2a: Gliscor
|
|-weather|SunnyDay|[upkeep]
|-heal|p2a: Gliscor|49/100 tox|[from] ability: Poison Heal
|upkeep
|turn|13
|
|t:|1743785125
|move|p2a: Gliscor|Knock Off|p1a: Ceruledge
|-supereffective|p1a: Ceruledge
|-enditem|p1a: Ceruledge|Focus Sash
|-damage|p1a: Ceruledge|1/100
|-ability|p1a: Ceruledge|Weak Armor|boost
|-unboost|p1a: Ceruledge|def|1
|-boost|p1a: Ceruledge|spe|2
|move|p1a: Ceruledge|Bitter Blade|p2a: Gliscor
|-damage|p2a: Gliscor|0 fnt
|-heal|p1a: Ceruledge|30/100|[from] drain|[of] p2a: Gliscor
|faint|p2a: Gliscor
|
|-weather|SunnyDay|[upkeep]
|upkeep
|
|t:|1743785132
|switch|p2a: Keldeo|Keldeo|100/100
|turn|14
|
|t:|1743785137
|move|p1a: Ceruledge|Solar Blade||[still]
|-prepare|p1a: Ceruledge|Solar Blade
|-anim|p1a: Ceruledge|Solar Blade|p2a: Keldeo
|-supereffective|p2a: Keldeo
|-damage|p2a: Keldeo|0 fnt
|faint|p2a: Keldeo
|
|-weather|SunnyDay|[upkeep]
|upkeep
|
|t:|1743785145
|switch|p2a: Sinistcha|Sinistcha|100/100
|turn|15
|
|t:|1743785150
|-terastallize|p2a: Sinistcha|Poison
|move|p1a: Ceruledge|Bitter Blade|p2a: Sinistcha
|-damage|p2a: Sinistcha|75/100
|-heal|p1a: Ceruledge|45/100|[from] drain|[of] p2a: Sinistcha
|move|p2a: Sinistcha|Strength Sap|p1a: Ceruledge
|-unboost|p1a: Ceruledge|atk|1
|-heal|p2a: Sinistcha|100/100
|
|-weather|SunnyDay|[upkeep]
|upkeep
|turn|16
|
|t:|1743785165
|switch|p1a: Walking Wake|Walking Wake|100/100
|-activate|p1a: Walking Wake|ability: Protosynthesis
|-start|p1a: Walking Wake|protosynthesisspa
|move|p2a: Sinistcha|Calm Mind|p2a: Sinistcha
|-boost|p2a: Sinistcha|spa|1
|-boost|p2a: Sinistcha|spd|1
|
|-weather|none
|-end|p1a: Walking Wake|Protosynthesis
|upkeep
|turn|17
|
|t:|1743785175
|move|p1a: Walking Wake|Draco Meteor|p2a: Sinistcha
|-damage|p2a: Sinistcha|21/100
|-unboost|p1a: Walking Wake|spa|2
|move|p2a: Sinistcha|Calm Mind|p2a: Sinistcha
|-boost|p2a: Sinistcha|spa|1
|-boost|p2a: Sinistcha|spd|1
|
|upkeep
|turn|18
|
|t:|1743785180
|move|p1a: Walking Wake|Draco Meteor|p2a: Sinistcha
|-damage|p2a: Sinistcha|0 fnt
|-unboost|p1a: Walking Wake|spa|2
|faint|p2a: Sinistcha
|
|upkeep
|
|t:|1743785192
|switch|p2a: Dragonite|Dragonite, F|32/100
|turn|19
|
|t:|1743785196
|move|p1a: Walking Wake|Draco Meteor|p2a: Dragonite
|-supereffective|p2a: Dragonite
|-damage|p2a: Dragonite|0 fnt
|-unboost|p1a: Walking Wake|spa|2
|faint|p2a: Dragonite
|
|upkeep
|
|t:|1743785201
|switch|p2a: Tinkaton|Tinkaton, F|100/100
|-damage|p2a: Tinkaton|94/100|[from] Stealth Rock
|-ability|p2a: Tinkaton|Mold Breaker
|-item|p2a: Tinkaton|Air Balloon
|turn|20
|
|t:|1743785203
|-end|p1a: Walking Wake|Protosynthesis|[silent]
|switch|p1a: Torkoal|Torkoal, F|73/100
|-weather|SunnyDay|[from] ability: Drought|[of] p1a: Torkoal
|move|p2a: Tinkaton|Gigaton Hammer|p1a: Torkoal
|-resisted|p1a: Torkoal
|-damage|p1a: Torkoal|56/100
|
|-weather|SunnyDay|[upkeep]
|upkeep
|turn|21
|
|t:|1743785206
|move|p2a: Tinkaton|Stealth Rock|p1a: Torkoal
|-sidestart|p1: Brutalshaman|move: Stealth Rock
|move|p1a: Torkoal|Flamethrower|p2a: Tinkaton
|-supereffective|p2a: Tinkaton
|-damage|p2a: Tinkaton|0 fnt
|-enditem|p2a: Tinkaton|Air Balloon
|faint|p2a: Tinkaton
|
|-weather|SunnyDay|[upkeep]
|upkeep
|
|t:|1743785208
|switch|p2a: Ting-Lu|Ting-Lu|52/100
|-damage|p2a: Ting-Lu|45/100|[from] Stealth Rock
|-ability|p2a: Ting-Lu|Vessel of Ruin
|turn|22
|
|t:|1743785212
|move|p2a: Ting-Lu|Earthquake|p1a: Torkoal
|-supereffective|p1a: Torkoal
|-damage|p1a: Torkoal|0 fnt
|faint|p1a: Torkoal
|
|-weather|SunnyDay|[upkeep]
|-heal|p2a: Ting-Lu|52/100|[from] item: Leftovers
|upkeep
|
|t:|1743785215
|switch|p1a: Ceruledge|Ceruledge, M|45/100
|-damage|p1a: Ceruledge|20/100|[from] Stealth Rock
|turn|23
|
|t:|1743785231
|-terastallize|p1a: Ceruledge|Grass
|move|p1a: Ceruledge|Solar Blade||[still]
|-prepare|p1a: Ceruledge|Solar Blade
|-anim|p1a: Ceruledge|Solar Blade|p2a: Ting-Lu
|-supereffective|p2a: Ting-Lu
|-damage|p2a: Ting-Lu|0 fnt
|faint|p2a: Ting-Lu
|
|win|Brutalshaman
|raw|Brutalshaman's rating: 1496 &rarr; <strong>1515</strong><br />(+19 for winning)
|raw|StarDio's rating: 1472 &rarr; <strong>1453</strong><br />(-19 for losing)
|l|☆StarDio
|player|p2|
|l|☆Brutalshaman
|player|p1|
