|j|☆juanitron23
|j|☆piikaachuuu
|t:|1743937700
|gametype|singles
|player|p1|juanitron23|2|1193
|player|p2|piikaachuuu|hilbert|1210
|teamsize|p1|6
|teamsize|p2|6
|gen|9
|tier|[Gen 9] OU
|rated|
|rule|HP Percentage Mod: HP is shown in percentages
|rule|Endless Battle Clause: Forcing endless battles is banned
|rule|Species Clause: Limit one of each Pokémon
|rule|OHKO Clause: OHKO moves are banned
|rule|Evasion Items Clause: Evasion items are banned
|rule|Evasion Moves Clause: Evasion moves are banned
|rule|Sleep Moves Clause: Sleep-inducing moves are banned
|clearpoke
|poke|p1|Garchomp, F|
|poke|p1|Enamorus, F|
|poke|p1|Corviknight, F|
|poke|p1|Slowking-Galar, F|
|poke|p1|Ting-Lu|
|poke|p1|Meowscarada, F|
|poke|p2|Crabominable, F|
|poke|p2|Clawitzer, M|
|poke|p2|Crawdaunt, M|
|poke|p2|Klawf, F|
|poke|p2|Iron Moth|
|poke|p2|Forretress, F|
|teampreview
|inactive|Battle timer is ON: inactive players will automatically lose when time's up. (requested by piikaachuuu)
|
|t:|1743937709
|start
|switch|p1a: Garchomp|Garchomp, F|100/100
|switch|p2a: Forretress|Forretress, F|100/100
|turn|1
|
|t:|1743937715
|move|p1a: Garchomp|Swords Dance|p1a: Garchomp
|-boost|p1a: Garchomp|atk|2
|move|p2a: Forretress|Body Press|p1a: Garchomp
|-damage|p1a: Garchomp|74/100
|-damage|p2a: Forretress|88/100|[from] ability: Rough Skin|[of] p1a: Garchomp
|
|-heal|p2a: Forretress|94/100|[from] item: Leftovers
|upkeep
|turn|2
|
|t:|1743937726
|move|p1a: Garchomp|Scale Shot|p2a: Forretress
|-resisted|p2a: Forretress
|-damage|p2a: Forretress|85/100
|-resisted|p2a: Forretress
|-damage|p2a: Forretress|77/100
|-resisted|p2a: Forretress
|-crit|p2a: Forretress
|-damage|p2a: Forretress|63/100
|-resisted|p2a: Forretress
|-damage|p2a: Forretress|55/100
|-hitcount|p2a: Forretress|4
|-unboost|p1a: Garchomp|def|1
|-boost|p1a: Garchomp|spe|1
|move|p2a: Forretress|Stealth Rock|p1a: Garchomp
|-sidestart|p1: juanitron23|move: Stealth Rock
|
|-heal|p2a: Forretress|62/100|[from] item: Leftovers
|upkeep
|turn|3
|
|t:|1743937738
|move|p1a: Garchomp|Earthquake|p2a: Forretress
|-damage|p2a: Forretress|0 fnt
|faint|p2a: Forretress
|
|upkeep
|
|t:|1743937748
|switch|p2a: Crawdaunt|Crawdaunt, M|100/100
|turn|4
|
|t:|1743937759
|move|p1a: Garchomp|Scale Shot|p2a: Crawdaunt|[miss]
|-miss|p1a: Garchomp|p2a: Crawdaunt
|move|p2a: Crawdaunt|Crabhammer|p1a: Garchomp
|-damage|p1a: Garchomp|0 fnt
|-damage|p2a: Crawdaunt|88/100|[from] ability: Rough Skin|[of] p1a: Garchomp
|faint|p1a: Garchomp
|
|-heal|p2a: Crawdaunt|94/100|[from] item: Leftovers
|upkeep
|
|t:|1743937774
|switch|p1a: Meowscarada|Meowscarada, F|100/100
|-damage|p1a: Meowscarada|88/100|[from] Stealth Rock
|turn|5
|
|t:|1743937782
|switch|p2a: Crabominable|Crabominable, F|100/100
|move|p1a: Meowscarada|Flower Trick|p2a: Crabominable
|-start|p1a: Meowscarada|typechange|Grass|[from] ability: Protean
|-crit|p2a: Crabominable
|-damage|p2a: Crabominable|56/100
|
|upkeep
|turn|6
|
|t:|1743937790
|switch|p1a: Corviknight|Corviknight, F|100/100
|-damage|p1a: Corviknight|88/100|[from] Stealth Rock
|-ability|p1a: Corviknight|Pressure
|move|p2a: Crabominable|Knock Off|p1a: Corviknight
|-damage|p1a: Corviknight|72/100
|-enditem|p1a: Corviknight|Leftovers|[from] move: Knock Off|[of] p2a: Crabominable
|
|upkeep
|turn|7
|
|t:|1743937800
|move|p1a: Corviknight|Brave Bird|p2a: Crabominable
|-supereffective|p2a: Crabominable
|-damage|p2a: Crabominable|0 fnt
|faint|p2a: Crabominable
|-damage|p1a: Corviknight|53/100|[from] Recoil
|
|upkeep
|
|t:|1743937805
|switch|p2a: Crawdaunt|Crawdaunt, M|94/100
|turn|8
|
|t:|1743937814
|move|p2a: Crawdaunt|Dragon Dance|p2a: Crawdaunt
|-boost|p2a: Crawdaunt|atk|1
|-boost|p2a: Crawdaunt|spe|1
|move|p1a: Corviknight|U-turn|p2a: Crawdaunt
|-supereffective|p2a: Crawdaunt
|-damage|p2a: Crawdaunt|48/100
|l|☆juanitron23
|inactive|juanitron23 disconnected and has a minute to reconnect!
|player|p1|
|j|☆juanitron23
|inactive|juanitron23 reconnected and has 125 seconds left.
|player|p1|juanitron23|2|
|inactive|juanitron23 has 120 seconds left.
|
|t:|1743937849
|switch|p1a: Meowscarada|Meowscarada, F|88/100|[from] U-turn
|-damage|p1a: Meowscarada|76/100|[from] Stealth Rock
|
|-heal|p2a: Crawdaunt|54/100|[from] item: Leftovers
|upkeep
|turn|9
|
|t:|1743937862
|-terastallize|p2a: Crawdaunt|Fire
|move|p1a: Meowscarada|Play Rough|p2a: Crawdaunt|[miss]
|-start|p1a: Meowscarada|typechange|Fairy|[from] ability: Protean
|-miss|p1a: Meowscarada|p2a: Crawdaunt
|move|p2a: Crawdaunt|Knock Off|p1a: Meowscarada
|-resisted|p1a: Meowscarada
|-damage|p1a: Meowscarada|22/100
|-enditem|p1a: Meowscarada|Choice Scarf|[from] move: Knock Off|[of] p2a: Crawdaunt
|
|-heal|p2a: Crawdaunt|60/100|[from] item: Leftovers
|upkeep
|turn|10
|
|t:|1743937873
|switch|p1a: Ting-Lu|Ting-Lu|100/100
|-damage|p1a: Ting-Lu|94/100|[from] Stealth Rock
|-ability|p1a: Ting-Lu|Vessel of Ruin
|move|p2a: Crawdaunt|Aqua Jet|p1a: Ting-Lu
|-supereffective|p1a: Ting-Lu
|-damage|p1a: Ting-Lu|63/100
|
|-heal|p2a: Crawdaunt|66/100|[from] item: Leftovers
|-heal|p1a: Ting-Lu|69/100|[from] item: Leftovers
|upkeep
|turn|11
|inactive|juanitron23 has 120 seconds left.
|
|t:|1743937894
|move|p2a: Crawdaunt|Crabhammer|p1a: Ting-Lu
|-supereffective|p1a: Ting-Lu
|-damage|p1a: Ting-Lu|0 fnt
|faint|p1a: Ting-Lu
|
|-heal|p2a: Crawdaunt|72/100|[from] item: Leftovers
|upkeep
|inactive|juanitron23 has 120 seconds left.
|
|t:|1743937906
|switch|p1a: Tapu-Lele|Enamorus, F|100/100
|-damage|p1a: Tapu-Lele|76/100|[from] Stealth Rock
|turn|12
|
|t:|1743937912
|move|p2a: Crawdaunt|Crabhammer|p1a: Tapu-Lele
|-crit|p1a: Tapu-Lele
|-damage|p1a: Tapu-Lele|0 fnt
|-start|p2a: Crawdaunt|Attract|[from] ability: Cute Charm|[of] p1a: Tapu-Lele
|faint|p1a: Tapu-Lele
|-end|p2a: Crawdaunt|Attract|[silent]
|
|-heal|p2a: Crawdaunt|78/100|[from] item: Leftovers
|upkeep
|inactive|juanitron23 has 120 seconds left.
|
|t:|1743937925
|switch|p1a: Slowking|Slowking-Galar, F|100/100
|-damage|p1a: Slowking|88/100|[from] Stealth Rock
|turn|13
|
|t:|1743937928
|move|p2a: Crawdaunt|Knock Off|p1a: Slowking
|-supereffective|p1a: Slowking
|-damage|p1a: Slowking|0 fnt
|-enditem|p1a: Slowking|Assault Vest|[from] move: Knock Off|[of] p2a: Crawdaunt
|faint|p1a: Slowking
|
|-heal|p2a: Crawdaunt|84/100|[from] item: Leftovers
|upkeep
|inactive|juanitron23 has 120 seconds left.
|
|t:|1743937944
|switch|p1a: Meowscarada|Meowscarada, F|22/100
|-damage|p1a: Meowscarada|10/100|[from] Stealth Rock
|turn|14
|
|t:|1743937952
|move|p2a: Crawdaunt|Aqua Jet|p1a: Meowscarada
|-resisted|p1a: Meowscarada
|-damage|p1a: Meowscarada|0 fnt
|faint|p1a: Meowscarada
|
|-heal|p2a: Crawdaunt|90/100|[from] item: Leftovers
|upkeep
|
|t:|1743937954
|switch|p1a: Corviknight|Corviknight, F|53/100
|-damage|p1a: Corviknight|41/100|[from] Stealth Rock
|-ability|p1a: Corviknight|Pressure
|turn|15
|
|t:|1743937962
|move|p2a: Crawdaunt|Crabhammer|p1a: Corviknight
|-damage|p1a: Corviknight|2/100
|move|p1a: Corviknight|Brave Bird|p2a: Crawdaunt
|-damage|p2a: Crawdaunt|35/100
|-damage|p1a: Corviknight|0 fnt|[from] Recoil
|faint|p1a: Corviknight
|
|win|piikaachuuu
|raw|juanitron23's rating: 1193 &rarr; <strong>1169</strong><br />(-24 for losing)
|raw|piikaachuuu's rating: 1210 &rarr; <strong>1234</strong><br />(+24 for winning)
|l|☆juanitron23
|player|p1|
|l|☆piikaachuuu
|player|p2|
