|j|☆zamnazenta
|j|☆lupiit
|t:|1743851469
|gametype|singles
|player|p1|zamnazenta|miku-water|1557
|player|p2|lupiit|dragontamer|1522
|teamsize|p1|6
|teamsize|p2|6
|gen|9
|tier|[Gen 9] OU
|rated|
|rule|HP Percentage Mod: HP is shown in percentages
|rule|Endless Battle Clause: Forcing endless battles is banned
|rule|Species Clause: Limit one of each Pokémon
|rule|OHKO Clause: OHKO moves are banned
|rule|Evasion Items Clause: Evasion items are banned
|rule|Evasion Moves Clause: Evasion moves are banned
|rule|Sleep Moves Clause: Sleep-inducing moves are banned
|clearpoke
|poke|p1|Ting-Lu|
|poke|p1|Gliscor, F|
|poke|p1|Sinistcha|
|poke|p1|Keldeo|
|poke|p1|Tinkaton, F|
|poke|p1|Dragonite, M|
|poke|p2|Hoopa-Unbound|
|poke|p2|Glimmora, F|
|poke|p2|Ninetales-Alola, M|
|poke|p2|Incineroar, F|
|poke|p2|Kingambit, M|
|poke|p2|Dragapult, F|
|teampreview
|inactive|Battle timer is ON: inactive players will automatically lose when time's up. (requested by lupiit)
|
|t:|1743851478
|start
|switch|p1a: Tinkaton|Tinkaton, F|100/100
|switch|p2a: Glimmora|Glimmora, F|100/100
|-ability|p1a: Tinkaton|Mold Breaker
|-item|p1a: Tinkaton|Air Balloon
|turn|1
|
|t:|1743851484
|move|p1a: Tinkaton|Gigaton Hammer|p2a: Glimmora
|-supereffective|p2a: Glimmora
|-damage|p2a: Glimmora|4/100
|-activate|p2a: Glimmora|ability: Toxic Debris
|-sidestart|p1: zamnazenta|move: Toxic Spikes
|move|p2a: Glimmora|Spikes|p1a: Tinkaton
|-sidestart|p1: zamnazenta|Spikes
|
|upkeep
|turn|2
|
|t:|1743851490
|move|p1a: Tinkaton|Stealth Rock|p2a: Glimmora
|-sidestart|p2: lupiit|move: Stealth Rock
|move|p2a: Glimmora|Spikes|p1a: Tinkaton
|-sidestart|p1: zamnazenta|Spikes
|
|upkeep
|turn|3
|
|t:|1743851492
|move|p1a: Tinkaton|Gigaton Hammer|p2a: Glimmora
|-supereffective|p2a: Glimmora
|-damage|p2a: Glimmora|0 fnt
|-activate|p2a: Glimmora|ability: Toxic Debris
|-sidestart|p1: zamnazenta|move: Toxic Spikes
|faint|p2a: Glimmora
|
|upkeep
|
|t:|1743851498
|switch|p2a: Incineroar|Incineroar, F|100/100
|-ability|p2a: Incineroar|Intimidate|boost
|-unboost|p1a: Tinkaton|atk|1
|turn|4
|
|t:|1743851503
|move|p1a: Tinkaton|Thunder Wave|p2a: Incineroar
|-status|p2a: Incineroar|par
|move|p2a: Incineroar|Flare Blitz|p1a: Tinkaton
|-supereffective|p1a: Tinkaton
|-damage|p1a: Tinkaton|0 fnt
|-enditem|p1a: Tinkaton|Air Balloon
|faint|p1a: Tinkaton
|-damage|p2a: Incineroar|69/100 par|[from] Recoil
|
|upkeep
|c|☆lupiit|I dont bluff
|
|t:|1743851510
|switch|p1a: Gliscor|Gliscor, F|100/100
|turn|5
|
|t:|1743851513
|move|p1a: Gliscor|Protect|p1a: Gliscor
|-singleturn|p1a: Gliscor|Protect
|move|p2a: Incineroar|Knock Off|p1a: Gliscor
|-activate|p1a: Gliscor|move: Protect
|
|-status|p1a: Gliscor|tox|[from] item: Toxic Orb
|upkeep
|turn|6
|
|t:|1743851516
|move|p1a: Gliscor|Swords Dance|p1a: Gliscor
|-boost|p1a: Gliscor|atk|2
|move|p2a: Incineroar|Parting Shot|p1a: Gliscor
|-unboost|p1a: Gliscor|atk|1
|-unboost|p1a: Gliscor|spa|1
|
|t:|1743851519
|switch|p2a: Ninetales|Ninetales-Alola, M|100/100|[from] Parting Shot
|-damage|p2a: Ninetales|76/100|[from] Stealth Rock
|-weather|Snowscape|[from] ability: Snow Warning|[of] p2a: Ninetales
|
|-weather|Snowscape|[upkeep]
|upkeep
|turn|7
|c|☆lupiit|tera
|
|t:|1743851525
|-terastallize|p1a: Gliscor|Normal
|move|p2a: Ninetales|Blizzard|p1a: Gliscor
|-damage|p1a: Gliscor|45/100 tox
|move|p1a: Gliscor|Swords Dance|p1a: Gliscor
|-boost|p1a: Gliscor|atk|2
|
|-weather|Snowscape|[upkeep]
|-heal|p1a: Gliscor|57/100 tox|[from] ability: Poison Heal
|upkeep
|turn|8
|
|t:|1743851529
|move|p2a: Ninetales|Aurora Veil|p2a: Ninetales
|-sidestart|p2: lupiit|move: Aurora Veil
|move|p1a: Gliscor|Facade|p2a: Ninetales
|-damage|p2a: Ninetales|18/100
|
|-weather|Snowscape|[upkeep]
|-heal|p1a: Gliscor|70/100 tox|[from] ability: Poison Heal
|upkeep
|turn|9
|
|t:|1743851532
|move|p2a: Ninetales|Blizzard|p1a: Gliscor
|-damage|p1a: Gliscor|14/100 tox
|move|p1a: Gliscor|Knock Off|p2a: Ninetales
|-resisted|p2a: Ninetales
|-damage|p2a: Ninetales|4/100
|-enditem|p2a: Ninetales|Light Clay|[from] move: Knock Off|[of] p1a: Gliscor
|
|-weather|Snowscape|[upkeep]
|-heal|p1a: Gliscor|27/100 tox|[from] ability: Poison Heal
|upkeep
|turn|10
|
|t:|1743851535
|move|p1a: Gliscor|Protect|p1a: Gliscor
|-singleturn|p1a: Gliscor|Protect
|move|p2a: Ninetales|Blizzard|p1a: Gliscor
|-activate|p1a: Gliscor|move: Protect
|
|-weather|none
|-heal|p1a: Gliscor|39/100 tox|[from] ability: Poison Heal
|upkeep
|turn|11
|
|t:|1743851541
|switch|p1a: Keldeo|Keldeo|100/100
|move|p2a: Ninetales|Moonblast|p1a: Keldeo
|-supereffective|p1a: Keldeo
|-damage|p1a: Keldeo|11/100
|
|upkeep
|turn|12
|
|t:|1743851544
|move|p1a: Keldeo|Vacuum Wave|p2a: Ninetales
|-damage|p2a: Ninetales|0 fnt
|faint|p2a: Ninetales
|
|upkeep
|
|t:|1743851548
|switch|p2a: Incineroar|Incineroar, F|69/100 par
|-ability|p2a: Incineroar|Intimidate|boost
|-unboost|p1a: Keldeo|atk|1
|turn|13
|
|t:|1743851554
|switch|p1a: Dragonite|Dragonite, M|100/100
|move|p2a: Incineroar|Fake Out|p1a: Dragonite
|-damage|p1a: Dragonite|96/100
|
|upkeep
|turn|14
|
|t:|1743851560
|move|p2a: Incineroar|Parting Shot|p1a: Dragonite
|-unboost|p1a: Dragonite|atk|1
|-unboost|p1a: Dragonite|spa|1
|
|t:|1743851564
|switch|p2a: Kingambit|Kingambit, M|100/100|[from] Parting Shot
|-damage|p2a: Kingambit|94/100|[from] Stealth Rock
|-activate|p2a: Kingambit|ability: Supreme Overlord
|-start|p2a: Kingambit|fallen2|[silent]
|move|p1a: Dragonite|Dragon Tail|p2a: Kingambit|[miss]
|-miss|p1a: Dragonite|p2a: Kingambit
|
|-heal|p2a: Kingambit|100/100|[from] item: Leftovers
|upkeep
|turn|15
|
|t:|1743851568
|move|p2a: Kingambit|Kowtow Cleave|p1a: Dragonite
|-damage|p1a: Dragonite|48/100
|move|p1a: Dragonite|Dragon Tail|p2a: Kingambit
|-resisted|p2a: Kingambit
|-damage|p2a: Kingambit|96/100
|-end|p2a: Kingambit|fallen2|[silent]
|drag|p2a: Hoopa|Hoopa-Unbound|100/100
|-damage|p2a: Hoopa|88/100|[from] Stealth Rock
|
|-heal|p2a: Hoopa|94/100|[from] item: Leftovers
|-sideend|p2: lupiit|move: Aurora Veil
|upkeep
|turn|16
|
|t:|1743851577
|move|p1a: Dragonite|Extreme Speed|p2a: Hoopa
|-damage|p2a: Hoopa|59/100
|move|p2a: Hoopa|Dark Pulse|p1a: Dragonite
|-damage|p1a: Dragonite|0 fnt
|faint|p1a: Dragonite
|
|-heal|p2a: Hoopa|65/100|[from] item: Leftovers
|upkeep
|j| kingambit player
|l| kingambit player
|
|t:|1743851580
|switch|p1a: Ting-Lu|Ting-Lu|100/100
|-status|p1a: Ting-Lu|tox
|-damage|p1a: Ting-Lu|84/100 tox|[from] Spikes
|-ability|p1a: Ting-Lu|Vessel of Ruin
|turn|17
|
|t:|1743851585
|switch|p2a: Incineroar|Incineroar, F|69/100 par
|-ability|p2a: Incineroar|Intimidate|boost
|-unboost|p1a: Ting-Lu|atk|1
|move|p1a: Ting-Lu|Earthquake|p2a: Incineroar
|-supereffective|p2a: Incineroar
|-damage|p2a: Incineroar|34/100 par
|
|-heal|p1a: Ting-Lu|90/100 tox|[from] item: Leftovers
|-damage|p1a: Ting-Lu|84/100 tox|[from] psn
|upkeep
|turn|18
|
|t:|1743851590
|move|p1a: Ting-Lu|Spikes|p2a: Incineroar
|-sidestart|p2: lupiit|Spikes
|cant|p2a: Incineroar|par
|
|-heal|p1a: Ting-Lu|90/100 tox|[from] item: Leftovers
|-damage|p1a: Ting-Lu|78/100 tox|[from] psn
|upkeep
|turn|19
|
|t:|1743851592
|move|p1a: Ting-Lu|Spikes|p2a: Incineroar
|-sidestart|p2: lupiit|Spikes
|move|p2a: Incineroar|Parting Shot|p1a: Ting-Lu
|-unboost|p1a: Ting-Lu|atk|1
|-unboost|p1a: Ting-Lu|spa|1
|
|t:|1743851599
|switch|p2a: Dragapult|Dragapult, F|100/100|[from] Parting Shot
|-damage|p2a: Dragapult|88/100|[from] Stealth Rock
|-damage|p2a: Dragapult|72/100|[from] Spikes
|
|-heal|p1a: Ting-Lu|84/100 tox|[from] item: Leftovers
|-damage|p1a: Ting-Lu|65/100 tox|[from] psn
|upkeep
|turn|20
|
|t:|1743851609
|move|p2a: Dragapult|Dragon Darts|p1a: Ting-Lu
|-damage|p1a: Ting-Lu|44/100 tox
|-anim|p2a: Dragapult|Dragon Darts|p1a: Ting-Lu
|-damage|p1a: Ting-Lu|24/100 tox
|-damage|p2a: Dragapult|62/100|[from] item: Life Orb
|move|p1a: Ting-Lu|Whirlwind|p2a: Dragapult
|drag|p2a: Incineroar|Incineroar, F|34/100 par
|-ability|p2a: Incineroar|Intimidate|boost
|-unboost|p1a: Ting-Lu|atk|1
|
|-heal|p1a: Ting-Lu|30/100 tox|[from] item: Leftovers
|-damage|p1a: Ting-Lu|5/100 tox|[from] psn
|upkeep
|turn|21
|
|t:|1743851612
|switch|p1a: Sinistcha|Sinistcha|100/100
|cant|p2a: Incineroar|par
|
|upkeep
|turn|22
|
|t:|1743851620
|move|p1a: Sinistcha|Strength Sap|p2a: Incineroar
|-unboost|p2a: Incineroar|atk|1
|move|p2a: Incineroar|Knock Off|p1a: Sinistcha
|-supereffective|p1a: Sinistcha
|-damage|p1a: Sinistcha|66/100
|-enditem|p1a: Sinistcha|Heavy-Duty Boots|[from] move: Knock Off|[of] p2a: Incineroar
|
|upkeep
|turn|23
|
|t:|1743851627
|move|p1a: Sinistcha|Calm Mind|p1a: Sinistcha
|-boost|p1a: Sinistcha|spa|1
|-boost|p1a: Sinistcha|spd|1
|move|p2a: Incineroar|Parting Shot|p1a: Sinistcha
|-unboost|p1a: Sinistcha|atk|1
|-unboost|p1a: Sinistcha|spa|1
|
|t:|1743851629
|switch|p2a: Kingambit|Kingambit, M|96/100|[from] Parting Shot
|-damage|p2a: Kingambit|89/100|[from] Stealth Rock
|-damage|p2a: Kingambit|73/100|[from] Spikes
|-activate|p2a: Kingambit|ability: Supreme Overlord
|-start|p2a: Kingambit|fallen2|[silent]
|
|-heal|p2a: Kingambit|79/100|[from] item: Leftovers
|upkeep
|turn|24
|
|t:|1743851637
|switch|p1a: Ting-Lu|Ting-Lu|5/100 tox
|-damage|p1a: Ting-Lu|0 fnt|[from] Spikes
|faint|p1a: Ting-Lu
|move|p2a: Kingambit|Swords Dance|p2a: Kingambit
|-boost|p2a: Kingambit|atk|2
|
|-heal|p2a: Kingambit|85/100|[from] item: Leftovers
|upkeep
|
|t:|1743851638
|switch|p1a: Keldeo|Keldeo|11/100
|turn|25
|
|t:|1743851641
|-terastallize|p2a: Kingambit|Ghost
|move|p1a: Keldeo|Vacuum Wave|p2a: Kingambit
|-immune|p2a: Kingambit
|move|p2a: Kingambit|Kowtow Cleave|p1a: Keldeo
|-resisted|p1a: Keldeo
|-damage|p1a: Keldeo|0 fnt
|faint|p1a: Keldeo
|
|-heal|p2a: Kingambit|91/100|[from] item: Leftovers
|upkeep
|-message|zamnazenta forfeited.
|
|win|lupiit
|raw|zamnazenta's rating: 1557 &rarr; <strong>1535</strong><br />(-22 for losing)
|raw|lupiit's rating: 1522 &rarr; <strong>1544</strong><br />(+22 for winning)
|c|☆lupiit|?
|l|☆zamnazenta
|player|p1|
