|j|☆berkano
|j|☆Banned6Times
|t:|1743891919
|gametype|singles
|player|p1|berkano|giovanni|1166
|player|p2|Banned6Times|101|1172
|teamsize|p1|6
|teamsize|p2|6
|gen|9
|tier|[Gen 9] OU
|rated|
|rule|HP Percentage Mod: HP is shown in percentages
|rule|Endless Battle Clause: Forcing endless battles is banned
|rule|Species Clause: Limit one of each Pokémon
|rule|OHKO Clause: OHKO moves are banned
|rule|Evasion Items Clause: Evasion items are banned
|rule|Evasion Moves Clause: Evasion moves are banned
|rule|Sleep Moves Clause: Sleep-inducing moves are banned
|clearpoke
|poke|p1|Flareon, M|
|poke|p1|Umbreon, F|
|poke|p1|Espeon, M|
|poke|p1|Sylveon, M|
|poke|p1|Vaporeon, F|
|poke|p1|Jolteon, M|
|poke|p2|Incineroar, M|
|poke|p2|Landorus-Therian, M|
|poke|p2|Espeon, M|
|poke|p2|Mimikyu, F|
|poke|p2|Cinccino, M|
|poke|p2|Thundurus-Therian, M|
|teampreview
|inactive|Battle timer is ON: inactive players will automatically lose when time's up. (requested by Banned6Times)
|
|t:|1743891936
|start
|switch|p1a: Sylveon|Sylveon, M|100/100
|switch|p2a: Chee toh Vera|Incineroar, M, shiny|100/100
|-ability|p2a: Chee toh Vera|Intimidate|boost
|-unboost|p1a: Sylveon|atk|1
|turn|1
|
|t:|1743891962
|switch|p2a: Mimikyu|Mimikyu, F|100/100
|move|p1a: Sylveon|Hyper Voice|p2a: Mimikyu
|-activate|p2a: Mimikyu|ability: Disguise
|-damage|p2a: Mimikyu|100/100
|detailschange|p2a: Mimikyu|Mimikyu-Busted, F
|-damage|p2a: Mimikyu|88/100|[from] pokemon: Mimikyu-Busted
|-enditem|p2a: Mimikyu|Red Card|[of] p1a: Sylveon
|drag|p1a: Umbreon|Umbreon, F|100/100
|
|upkeep
|turn|2
|
|t:|1743891974
|switch|p2a: Espeon|Espeon, M|100/100
|move|p1a: Umbreon|Foul Play|p2a: Espeon
|-supereffective|p2a: Espeon
|-damage|p2a: Espeon|63/100
|
|upkeep
|turn|3
|
|t:|1743891984
|move|p2a: Espeon|Wish|p2a: Espeon
|move|p1a: Umbreon|Foul Play|p2a: Espeon
|-supereffective|p2a: Espeon
|-damage|p2a: Espeon|30/100
|
|upkeep
|turn|4
|
|t:|1743891989
|move|p2a: Espeon|Draining Kiss|p1a: Umbreon
|-supereffective|p1a: Umbreon
|-damage|p1a: Umbreon|84/100
|-heal|p2a: Espeon|45/100|[from] drain|[of] p1a: Umbreon
|move|p1a: Umbreon|Foul Play|p2a: Espeon
|-supereffective|p2a: Espeon
|-damage|p2a: Espeon|13/100
|
|-heal|p2a: Espeon|63/100|[from] move: Wish|[wisher] Espeon
|-heal|p1a: Umbreon|90/100|[from] item: Leftovers
|upkeep
|turn|5
|
|t:|1743891999
|-terastallize|p2a: Espeon|Fairy
|move|p2a: Espeon|Wish|p2a: Espeon
|move|p1a: Umbreon|Wish|p1a: Umbreon
|
|-heal|p1a: Umbreon|96/100|[from] item: Leftovers
|upkeep
|turn|6
|
|t:|1743892010
|switch|p1a: Flareon|Flareon, M|100/100
|move|p2a: Espeon|Calm Mind|p2a: Espeon
|-boost|p2a: Espeon|spa|1
|-boost|p2a: Espeon|spd|1
|
|-heal|p2a: Espeon|100/100|[from] move: Wish|[wisher] Espeon
|-status|p1a: Flareon|tox|[from] item: Toxic Orb
|upkeep
|turn|7
|
|t:|1743892023
|-terastallize|p1a: Flareon|Normal
|move|p2a: Espeon|Stored Power|p1a: Flareon
|-damage|p1a: Flareon|62/100 tox
|move|p1a: Flareon|Facade|p2a: Espeon
|-enditem|p2a: Espeon|Focus Sash
|-damage|p2a: Espeon|1/100
|
|-damage|p1a: Flareon|56/100 tox|[from] psn
|upkeep
|turn|8
|
|t:|1743892032
|move|p1a: Flareon|Quick Attack|p2a: Espeon
|-damage|p2a: Espeon|0 fnt
|faint|p2a: Espeon
|
|-damage|p1a: Flareon|44/100 tox|[from] psn
|upkeep
|
|t:|1743892036
|switch|p2a: Landorus|Landorus-Therian, M|100/100
|-ability|p2a: Landorus|Intimidate|boost
|-unboost|p1a: Flareon|atk|1
|turn|9
|
|t:|1743892040
|switch|p1a: Vaporeon|Vaporeon, F|100/100
|move|p2a: Landorus|Earthquake|p1a: Vaporeon
|-damage|p1a: Vaporeon|58/100
|
|-heal|p1a: Vaporeon|64/100|[from] item: Leftovers
|upkeep
|turn|10
|
|t:|1743892048
|move|p2a: Landorus|Earthquake|p1a: Vaporeon
|-damage|p1a: Vaporeon|24/100
|move|p1a: Vaporeon|Ice Beam|p2a: Landorus
|-supereffective|p2a: Landorus
|-damage|p2a: Landorus|0 fnt
|faint|p2a: Landorus
|
|-heal|p1a: Vaporeon|30/100|[from] item: Leftovers
|upkeep
|
|t:|1743892054
|switch|p2a: Thundurus|Thundurus-Therian, M|100/100
|turn|11
|
|t:|1743892061
|switch|p1a: Sylveon|Sylveon, M|100/100
|move|p2a: Thundurus|Flash Cannon|p1a: Sylveon
|-supereffective|p1a: Sylveon
|-damage|p1a: Sylveon|43/100
|
|-heal|p1a: Sylveon|49/100|[from] item: Leftovers
|upkeep
|turn|12
|
|t:|1743892070
|switch|p1a: Umbreon|Umbreon, F|96/100
|move|p2a: Thundurus|Flash Cannon|p1a: Umbreon
|-damage|p1a: Umbreon|71/100
|
|-heal|p1a: Umbreon|77/100|[from] item: Leftovers
|upkeep
|turn|13
|
|t:|1743892075
|switch|p2a: Chee toh Vera|Incineroar, M, shiny|100/100
|-ability|p2a: Chee toh Vera|Intimidate|boost
|-unboost|p1a: Umbreon|atk|1
|move|p1a: Umbreon|Toxic|p2a: Chee toh Vera
|-status|p2a: Chee toh Vera|tox
|
|-heal|p1a: Umbreon|83/100|[from] item: Leftovers
|-damage|p2a: Chee toh Vera|94/100 tox|[from] psn
|upkeep
|turn|14
|
|t:|1743892083
|move|p1a: Umbreon|Protect|p1a: Umbreon
|-singleturn|p1a: Umbreon|Protect
|move|p2a: Chee toh Vera|Drain Punch|p1a: Umbreon
|-activate|p1a: Umbreon|move: Protect
|
|-heal|p1a: Umbreon|90/100|[from] item: Leftovers
|-damage|p2a: Chee toh Vera|82/100 tox|[from] psn
|upkeep
|turn|15
|
|t:|1743892098
|switch|p1a: Vaporeon|Vaporeon, F|30/100
|move|p2a: Chee toh Vera|Parting Shot|p1a: Vaporeon
|-unboost|p1a: Vaporeon|atk|1
|-unboost|p1a: Vaporeon|spa|1
|
|t:|1743892116
|switch|p2a: euie|Cinccino, M|100/100|[from] Parting Shot
|
|-heal|p1a: Vaporeon|36/100|[from] item: Leftovers
|upkeep
|turn|16
|
|t:|1743892123
|switch|p1a: Umbreon|Umbreon, F|90/100
|move|p2a: euie|Tidy Up|p2a: euie
|-boost|p2a: euie|atk|1
|-boost|p2a: euie|spe|1
|
|-heal|p1a: Umbreon|96/100|[from] item: Leftovers
|upkeep
|turn|17
|
|t:|1743892131
|move|p2a: euie|Tail Slap|p1a: Umbreon
|-damage|p1a: Umbreon|79/100
|-damage|p1a: Umbreon|61/100
|-damage|p1a: Umbreon|44/100
|-damage|p1a: Umbreon|26/100
|-hitcount|p1a: Umbreon|4
|move|p1a: Umbreon|Foul Play|p2a: euie
|-damage|p2a: euie|0 fnt
|faint|p2a: euie
|
|-heal|p1a: Umbreon|32/100|[from] item: Leftovers
|upkeep
|
|t:|1743892141
|switch|p2a: Thundurus|Thundurus-Therian, M|100/100
|turn|18
|
|t:|1743892146
|switch|p1a: Espeon|Espeon, M|100/100
|move|p2a: Thundurus|Volt Switch|p1a: Espeon
|-damage|p1a: Espeon|28/100
|
|t:|1743892151
|switch|p2a: Mimikyu|Mimikyu-Busted, F|88/100|[from] Volt Switch
|
|upkeep
|turn|19
|
|t:|1743892158
|move|p2a: Mimikyu|Shadow Sneak|p1a: Espeon
|-supereffective|p1a: Espeon
|-damage|p1a: Espeon|0 fnt
|faint|p1a: Espeon
|
|upkeep
|
|t:|1743892166
|switch|p1a: Jolteon|Jolteon, M|100/100
|turn|20
|
|t:|1743892183
|move|p1a: Jolteon|Substitute|p1a: Jolteon
|-start|p1a: Jolteon|Substitute
|-damage|p1a: Jolteon|76/100
|move|p2a: Mimikyu|Play Rough|p1a: Jolteon
|-end|p1a: Jolteon|Substitute
|
|-status|p1a: Jolteon|brn|[from] item: Flame Orb
|upkeep
|turn|21
|
|t:|1743892203
|switch|p2a: Thundurus|Thundurus-Therian, M|100/100
|move|p1a: Jolteon|Shadow Ball|p2a: Thundurus
|-damage|p2a: Thundurus|67/100
|
|-damage|p1a: Jolteon|70/100 brn|[from] brn
|upkeep
|turn|22
|
|t:|1743892215
|move|p1a: Jolteon|Shadow Ball|p2a: Thundurus
|-damage|p2a: Thundurus|32/100
|move|p2a: Thundurus|Thunderbolt|p1a: Jolteon
|-resisted|p1a: Jolteon
|-damage|p1a: Jolteon|18/100 brn
|
|-damage|p1a: Jolteon|12/100 brn|[from] brn
|upkeep
|turn|23
|
|t:|1743892219
|switch|p2a: Chee toh Vera|Incineroar, M, shiny|82/100 tox
|-ability|p2a: Chee toh Vera|Intimidate|boost
|-unboost|p1a: Jolteon|atk|1
|move|p1a: Jolteon|Shadow Ball|p2a: Chee toh Vera
|-resisted|p2a: Chee toh Vera
|-damage|p2a: Chee toh Vera|71/100 tox
|
|-damage|p2a: Chee toh Vera|65/100 tox|[from] psn
|-damage|p1a: Jolteon|6/100 brn|[from] brn
|upkeep
|turn|24
|
|t:|1743892226
|switch|p1a: Vaporeon|Vaporeon, F|36/100
|move|p2a: Chee toh Vera|Drain Punch|p1a: Vaporeon
|-damage|p1a: Vaporeon|15/100
|-heal|p2a: Chee toh Vera|77/100 tox|[from] drain|[of] p1a: Vaporeon
|
|-heal|p1a: Vaporeon|21/100|[from] item: Leftovers
|-damage|p2a: Chee toh Vera|65/100 tox|[from] psn
|upkeep
|turn|25
|
|t:|1743892234
|move|p1a: Vaporeon|Wish|p1a: Vaporeon
|move|p2a: Chee toh Vera|Parting Shot|p1a: Vaporeon
|-unboost|p1a: Vaporeon|atk|1
|-unboost|p1a: Vaporeon|spa|1
|
|t:|1743892237
|switch|p2a: Thundurus|Thundurus-Therian, M|32/100|[from] Parting Shot
|
|-heal|p1a: Vaporeon|27/100|[from] item: Leftovers
|upkeep
|turn|26
|
|t:|1743892249
|move|p1a: Vaporeon|Protect|p1a: Vaporeon
|-singleturn|p1a: Vaporeon|Protect
|move|p2a: Thundurus|Volt Switch|p1a: Vaporeon
|-activate|p1a: Vaporeon|move: Protect
|
|-heal|p1a: Vaporeon|77/100|[from] move: Wish|[wisher] Vaporeon
|-heal|p1a: Vaporeon|83/100|[from] item: Leftovers
|upkeep
|turn|27
|
|t:|1743892254
|switch|p1a: Jolteon|Jolteon, M|6/100 brn
|move|p2a: Thundurus|Volt Switch|p1a: Jolteon
|-resisted|p1a: Jolteon
|-damage|p1a: Jolteon|0 fnt
|faint|p1a: Jolteon
|
|t:|1743892259
|switch|p2a: Mimikyu|Mimikyu-Busted, F|88/100|[from] Volt Switch
|
|upkeep
|
|t:|1743892263
|switch|p1a: Vaporeon|Vaporeon, F|83/100
|turn|28
|
|t:|1743892266
|move|p2a: Mimikyu|Wood Hammer|p1a: Vaporeon
|-supereffective|p1a: Vaporeon
|-damage|p1a: Vaporeon|34/100
|-damage|p2a: Mimikyu|58/100|[from] Recoil
|move|p1a: Vaporeon|Scald|p2a: Mimikyu
|-damage|p2a: Mimikyu|22/100
|
|-heal|p1a: Vaporeon|40/100|[from] item: Leftovers
|upkeep
|turn|29
|
|t:|1743892277
|move|p2a: Mimikyu|Wood Hammer|p1a: Vaporeon
|-supereffective|p1a: Vaporeon
|-damage|p1a: Vaporeon|0 fnt
|faint|p1a: Vaporeon
|-damage|p2a: Mimikyu|0 fnt|[from] Recoil
|faint|p2a: Mimikyu
|
|upkeep
|
|t:|1743892283
|switch|p2a: Thundurus|Thundurus-Therian, M|32/100
|switch|p1a: Sylveon|Sylveon, M|49/100
|turn|30
|
|t:|1743892286
|move|p2a: Thundurus|Flash Cannon|p1a: Sylveon
|-supereffective|p1a: Sylveon
|-damage|p1a: Sylveon|0 fnt
|faint|p1a: Sylveon
|
|upkeep
|
|t:|1743892288
|switch|p1a: Umbreon|Umbreon, F|32/100
|turn|31
|
|t:|1743892296
|move|p2a: Thundurus|Flash Cannon|p1a: Umbreon
|-damage|p1a: Umbreon|7/100
|move|p1a: Umbreon|Wish|p1a: Umbreon
|
|-heal|p1a: Umbreon|13/100|[from] item: Leftovers
|upkeep
|turn|32
|
|t:|1743892305
|switch|p2a: Chee toh Vera|Incineroar, M, shiny|65/100 tox
|-ability|p2a: Chee toh Vera|Intimidate|boost
|-unboost|p1a: Umbreon|atk|1
|move|p1a: Umbreon|Protect||[still]
|-fail|p1a: Umbreon
|
|-heal|p1a: Umbreon|63/100|[from] move: Wish|[wisher] Umbreon
|-heal|p1a: Umbreon|69/100|[from] item: Leftovers
|-damage|p2a: Chee toh Vera|59/100 tox|[from] psn
|upkeep
|turn|33
|
|t:|1743892314
|move|p1a: Umbreon|Protect|p1a: Umbreon
|-singleturn|p1a: Umbreon|Protect
|move|p2a: Chee toh Vera|Drain Punch|p1a: Umbreon
|-activate|p1a: Umbreon|move: Protect
|
|-heal|p1a: Umbreon|75/100|[from] item: Leftovers
|-damage|p2a: Chee toh Vera|47/100 tox|[from] psn
|upkeep
|turn|34
|
|t:|1743892317
|move|p1a: Umbreon|Wish|p1a: Umbreon
|move|p2a: Chee toh Vera|Drain Punch|p1a: Umbreon
|-supereffective|p1a: Umbreon
|-damage|p1a: Umbreon|31/100
|-heal|p2a: Chee toh Vera|69/100 tox|[from] drain|[of] p1a: Umbreon
|
|-heal|p1a: Umbreon|37/100|[from] item: Leftovers
|-damage|p2a: Chee toh Vera|51/100 tox|[from] psn
|upkeep
|turn|35
|
|t:|1743892330
|switch|p2a: Thundurus|Thundurus-Therian, M|32/100
|move|p1a: Umbreon|Protect||[still]
|-fail|p1a: Umbreon
|
|-heal|p1a: Umbreon|87/100|[from] move: Wish|[wisher] Umbreon
|-heal|p1a: Umbreon|93/100|[from] item: Leftovers
|upkeep
|turn|36
|
|t:|1743892335
|move|p2a: Thundurus|Thunderbolt|p1a: Umbreon
|-crit|p1a: Umbreon
|-damage|p1a: Umbreon|38/100
|move|p1a: Umbreon|Foul Play|p2a: Thundurus
|-damage|p2a: Thundurus|0 fnt
|faint|p2a: Thundurus
|
|-heal|p1a: Umbreon|44/100|[from] item: Leftovers
|upkeep
|
|t:|1743892338
|switch|p2a: Chee toh Vera|Incineroar, M, shiny|51/100 tox
|-ability|p2a: Chee toh Vera|Intimidate|boost
|-unboost|p1a: Umbreon|atk|1
|turn|37
|
|t:|1743892349
|move|p1a: Umbreon|Protect|p1a: Umbreon
|-singleturn|p1a: Umbreon|Protect
|move|p2a: Chee toh Vera|Drain Punch|p1a: Umbreon
|-activate|p1a: Umbreon|move: Protect
|
|-heal|p1a: Umbreon|50/100|[from] item: Leftovers
|-damage|p2a: Chee toh Vera|45/100 tox|[from] psn
|upkeep
|turn|38
|
|t:|1743892352
|move|p1a: Umbreon|Wish|p1a: Umbreon
|move|p2a: Chee toh Vera|Drain Punch|p1a: Umbreon
|-supereffective|p1a: Umbreon
|-damage|p1a: Umbreon|5/100
|-heal|p2a: Chee toh Vera|67/100 tox|[from] drain|[of] p1a: Umbreon
|
|-heal|p1a: Umbreon|11/100|[from] item: Leftovers
|-damage|p2a: Chee toh Vera|55/100 tox|[from] psn
|upkeep
|turn|39
|-message|Banned6Times forfeited.
|
|win|berkano
|raw|berkano's rating: 1166 &rarr; <strong>1191</strong><br />(+25 for winning)
|raw|Banned6Times's rating: 1172 &rarr; <strong>1147</strong><br />(-25 for losing)
|l|☆Banned6Times
|player|p2|
|l|☆berkano
|player|p1|
