|j|☆Al-my69
|j|☆chip witley
|t:|1743879811
|gametype|singles
|player|p1|Al-my69|yellow|1570
|player|p2|chip witley|lance|1622
|teamsize|p1|6
|teamsize|p2|6
|gen|9
|tier|[Gen 9] OU
|rated|
|rule|HP Percentage Mod: HP is shown in percentages
|rule|Endless Battle Clause: Forcing endless battles is banned
|rule|Species Clause: Limit one of each Pokémon
|rule|OHKO Clause: OHKO moves are banned
|rule|Evasion Items Clause: Evasion items are banned
|rule|Evasion Moves Clause: Evasion moves are banned
|rule|Sleep Moves Clause: Sleep-inducing moves are banned
|clearpoke
|poke|p1|Okidogi, M|
|poke|p1|Gliscor, F|
|poke|p1|Kyurem|
|poke|p1|Great Tusk|
|poke|p1|Kingambit, F|
|poke|p1|Zamazenta-*|
|poke|p2|Cramorant, M|
|poke|p2|Pecharunt|
|poke|p2|Clefable, M|
|poke|p2|Dragapult, F|
|poke|p2|Great Tusk|
|poke|p2|Kingambit, M|
|teampreview
|inactive|Battle timer is ON: inactive players will automatically lose when time's up. (requested by Al-my69)
|
|t:|1743879830
|start
|switch|p1a: No Hyper Cutter?|Gliscor, F|100/100
|switch|p2a: Cramorant|Cramorant, M|100/100
|turn|1
|
|t:|1743879846
|move|p1a: No Hyper Cutter?|Protect|p1a: No Hyper Cutter?
|-singleturn|p1a: No Hyper Cutter?|Protect
|move|p2a: Cramorant|Surf|p1a: No Hyper Cutter?
|-activate|p1a: No Hyper Cutter?|move: Protect
|
|-status|p1a: No Hyper Cutter?|tox|[from] item: Toxic Orb
|upkeep
|turn|2
|
|t:|1743879851
|move|p2a: Cramorant|Surf|p1a: No Hyper Cutter?
|-formechange|p2a: Cramorant|Cramorant-Gulping|
|-supereffective|p1a: No Hyper Cutter?
|-damage|p1a: No Hyper Cutter?|44/100 tox
|move|p1a: No Hyper Cutter?|Knock Off|p2a: Cramorant
|-damage|p2a: Cramorant|61/100
|-damage|p1a: No Hyper Cutter?|19/100 tox|[from] ability: Gulp Missile|[of] p2a: Cramorant
|-unboost|p1a: No Hyper Cutter?|def|1
|-formechange|p2a: Cramorant|Cramorant|
|-enditem|p2a: Cramorant|Salac Berry|[from] move: Knock Off|[of] p1a: No Hyper Cutter?
|
|-heal|p1a: No Hyper Cutter?|31/100 tox|[from] ability: Poison Heal
|upkeep
|turn|3
|
|t:|1743879860
|move|p1a: No Hyper Cutter?|Protect|p1a: No Hyper Cutter?
|-singleturn|p1a: No Hyper Cutter?|Protect
|move|p2a: Cramorant|Surf|p1a: No Hyper Cutter?
|-activate|p1a: No Hyper Cutter?|move: Protect
|
|-heal|p1a: No Hyper Cutter?|44/100 tox|[from] ability: Poison Heal
|upkeep
|turn|4
|
|t:|1743879866
|switch|p1a: The Dawg House|Okidogi, M|100/100
|move|p2a: Cramorant|Surf|p1a: The Dawg House
|-formechange|p2a: Cramorant|Cramorant-Gulping|
|-damage|p1a: The Dawg House|77/100
|
|upkeep
|turn|5
|
|t:|1743879870
|move|p2a: Cramorant|Hurricane|p1a: The Dawg House
|-supereffective|p1a: The Dawg House
|-damage|p1a: The Dawg House|18/100
|-start|p1a: The Dawg House|confusion
|-activate|p1a: The Dawg House|confusion
|move|p1a: The Dawg House|Gunk Shot|p2a: Cramorant
|-damage|p2a: Cramorant|0 fnt
|-damage|p1a: The Dawg House|0 fnt|[from] ability: Gulp Missile|[of] p2a: Cramorant
|-formechange|p2a: Cramorant|Cramorant|
|faint|p2a: Cramorant
|faint|p1a: The Dawg House
|
|upkeep
|
|t:|1743879882
|switch|p2a: Clefable|Clefable, M|100/100
|switch|p1a: No Hyper Cutter?|Gliscor, F|44/100 tox
|turn|6
|
|t:|1743879884
|switch|p2a: Great Tusk|Great Tusk|100/100
|move|p1a: No Hyper Cutter?|Protect||[still]
|-fail|p1a: No Hyper Cutter?
|
|-heal|p1a: No Hyper Cutter?|56/100 tox|[from] ability: Poison Heal
|upkeep
|turn|7
|
|t:|1743879887
|move|p1a: No Hyper Cutter?|Protect|p1a: No Hyper Cutter?
|-singleturn|p1a: No Hyper Cutter?|Protect
|move|p2a: Great Tusk|Stealth Rock|p1a: No Hyper Cutter?
|-sidestart|p1: Al-my69|move: Stealth Rock
|
|-heal|p1a: No Hyper Cutter?|69/100 tox|[from] ability: Poison Heal
|upkeep
|turn|8
|
|t:|1743879890
|switch|p1a: Lando Tusk|Great Tusk|100/100
|-damage|p1a: Lando Tusk|98/100|[from] Stealth Rock
|move|p2a: Great Tusk|Ice Spinner|p1a: Lando Tusk
|-supereffective|p1a: Lando Tusk
|-crit|p1a: Lando Tusk
|-damage|p1a: Lando Tusk|45/100
|-damage|p2a: Great Tusk|84/100|[from] item: Rocky Helmet|[of] p1a: Lando Tusk
|
|upkeep
|turn|9
|
|t:|1743879895
|move|p2a: Great Tusk|Ice Spinner|p1a: Lando Tusk
|-supereffective|p1a: Lando Tusk
|-damage|p1a: Lando Tusk|11/100
|-damage|p2a: Great Tusk|67/100|[from] item: Rocky Helmet|[of] p1a: Lando Tusk
|move|p1a: Lando Tusk|Rapid Spin|p2a: Great Tusk
|-damage|p2a: Great Tusk|57/100
|-boost|p1a: Lando Tusk|spe|1
|-sideend|p1: Al-my69|Stealth Rock|[from] move: Rapid Spin|[of] p1a: Lando Tusk
|
|upkeep
|turn|10
|
|t:|1743879900
|move|p1a: Lando Tusk|Headlong Rush|p2a: Great Tusk
|-damage|p2a: Great Tusk|16/100
|-unboost|p1a: Lando Tusk|def|1
|-unboost|p1a: Lando Tusk|spd|1
|move|p2a: Great Tusk|Stealth Rock|p1a: Lando Tusk
|-sidestart|p1: Al-my69|move: Stealth Rock
|
|upkeep
|turn|11
|
|t:|1743879913
|-end|p2a: Great Tusk|Protosynthesis|[silent]
|switch|p2a: Kingambit|Kingambit, M|100/100
|-activate|p2a: Kingambit|ability: Supreme Overlord
|-start|p2a: Kingambit|fallen1|[silent]
|-item|p2a: Kingambit|Air Balloon
|move|p1a: Lando Tusk|Knock Off|p2a: Kingambit
|-resisted|p2a: Kingambit
|-damage|p2a: Kingambit|85/100
|-enditem|p2a: Kingambit|Air Balloon
|
|upkeep
|turn|12
|
|t:|1743879921
|move|p1a: Lando Tusk|Rapid Spin|p2a: Kingambit
|-resisted|p2a: Kingambit
|-damage|p2a: Kingambit|77/100
|-boost|p1a: Lando Tusk|spe|1
|-sideend|p1: Al-my69|Stealth Rock|[from] move: Rapid Spin|[of] p1a: Lando Tusk
|move|p2a: Kingambit|Kowtow Cleave|p1a: Lando Tusk
|-resisted|p1a: Lando Tusk
|-damage|p1a: Lando Tusk|0 fnt
|-damage|p2a: Kingambit|61/100|[from] item: Rocky Helmet|[of] p1a: Lando Tusk
|faint|p1a: Lando Tusk
|-end|p1a: Lando Tusk|Protosynthesis|[silent]
|
|upkeep
|
|t:|1743879928
|switch|p1a: No Hyper Cutter?|Gliscor, F|69/100 tox
|turn|13
|
|t:|1743879931
|move|p1a: No Hyper Cutter?|Swords Dance|p1a: No Hyper Cutter?
|-boost|p1a: No Hyper Cutter?|atk|2
|move|p2a: Kingambit|Kowtow Cleave|p1a: No Hyper Cutter?
|-damage|p1a: No Hyper Cutter?|25/100 tox
|
|-heal|p1a: No Hyper Cutter?|37/100 tox|[from] ability: Poison Heal
|upkeep
|turn|14
|
|t:|1743879937
|move|p1a: No Hyper Cutter?|Protect|p1a: No Hyper Cutter?
|-singleturn|p1a: No Hyper Cutter?|Protect
|move|p2a: Kingambit|Swords Dance|p2a: Kingambit
|-boost|p2a: Kingambit|atk|2
|
|-heal|p1a: No Hyper Cutter?|50/100 tox|[from] ability: Poison Heal
|upkeep
|turn|15
|
|t:|1743879944
|switch|p1a: Dem Dawgs Boy|Zamazenta|100/100
|-ability|p1a: Dem Dawgs Boy|Dauntless Shield|boost
|-boost|p1a: Dem Dawgs Boy|def|1
|move|p2a: Kingambit|Sucker Punch||[still]
|-fail|p2a: Kingambit
|
|upkeep
|turn|16
|
|t:|1743879952
|-end|p2a: Kingambit|fallen1|[silent]
|switch|p2a: Pecharunt|Pecharunt|100/100
|move|p1a: Dem Dawgs Boy|Crunch|p2a: Pecharunt
|-supereffective|p2a: Pecharunt
|-damage|p2a: Pecharunt|80/100
|
|upkeep
|turn|17
|
|t:|1743879957
|switch|p1a: A queen's gambit|Kingambit, F, shiny|100/100
|-activate|p1a: A queen's gambit|ability: Supreme Overlord
|-start|p1a: A queen's gambit|fallen2|[silent]
|move|p2a: Pecharunt|Hex|p1a: A queen's gambit
|-resisted|p1a: A queen's gambit
|-damage|p1a: A queen's gambit|90/100
|
|-heal|p1a: A queen's gambit|96/100|[from] item: Leftovers
|upkeep
|turn|18
|
|t:|1743879962
|switch|p2a: Great Tusk|Great Tusk|16/100
|-end|p1a: A queen's gambit|fallen2|[silent]
|switch|p1a: Cheating a vote?|Kyurem|100/100
|-ability|p1a: Cheating a vote?|Pressure
|
|upkeep
|turn|19
|
|t:|1743879966
|move|p1a: Cheating a vote?|Dragon Dance|p1a: Cheating a vote?
|-boost|p1a: Cheating a vote?|atk|1
|-boost|p1a: Cheating a vote?|spe|1
|move|p2a: Great Tusk|Stealth Rock|p1a: Cheating a vote?
|-sidestart|p1: Al-my69|move: Stealth Rock
|
|upkeep
|turn|20
|
|t:|1743879973
|move|p1a: Cheating a vote?|Icicle Spear|p2a: Great Tusk
|-supereffective|p2a: Great Tusk
|-damage|p2a: Great Tusk|0 fnt
|faint|p2a: Great Tusk
|-end|p2a: Great Tusk|Protosynthesis|[silent]
|-hitcount|p2: Great Tusk|1
|
|upkeep
|
|t:|1743879975
|switch|p2a: Clefable|Clefable, M|100/100
|turn|21
|
|t:|1743879982
|-terastallize|p1a: Cheating a vote?|Ground
|move|p1a: Cheating a vote?|Icicle Spear|p2a: Clefable
|-damage|p2a: Clefable|87/100
|-damage|p2a: Clefable|71/100
|-crit|p2a: Clefable
|-damage|p2a: Clefable|49/100
|-damage|p2a: Clefable|34/100
|-damage|p2a: Clefable|18/100
|-hitcount|p2a: Clefable|5
|move|p2a: Clefable|Thunder Wave|p1a: Cheating a vote?
|-immune|p1a: Cheating a vote?
|
|upkeep
|turn|22
|
|t:|1743879990
|move|p1a: Cheating a vote?|Dragon Dance|p1a: Cheating a vote?
|-boost|p1a: Cheating a vote?|atk|1
|-boost|p1a: Cheating a vote?|spe|1
|move|p2a: Clefable|Moonblast|p1a: Cheating a vote?
|-damage|p1a: Cheating a vote?|68/100
|
|upkeep
|turn|23
|
|t:|1743879993
|move|p1a: Cheating a vote?|Icicle Spear|p2a: Clefable
|-damage|p2a: Clefable|2/100
|-damage|p2a: Clefable|0 fnt
|faint|p2a: Clefable
|-hitcount|p2: Clefable|2
|
|upkeep
|
|t:|1743880000
|switch|p2a: Pecharunt|Pecharunt|80/100
|turn|24
|
|t:|1743880004
|-terastallize|p2a: Pecharunt|Dark
|move|p1a: Cheating a vote?|Earth Power|p2a: Pecharunt
|-damage|p2a: Pecharunt|41/100
|move|p2a: Pecharunt|Malignant Chain|p1a: Cheating a vote?
|-resisted|p1a: Cheating a vote?
|-damage|p1a: Cheating a vote?|52/100
|-status|p1a: Cheating a vote?|tox
|-start|p1a: Cheating a vote?|confusion|[from] ability: Poison Puppeteer|[of] p2a: Pecharunt
|
|-damage|p1a: Cheating a vote?|46/100 tox|[from] psn
|upkeep
|turn|25
|
|t:|1743880009
|-activate|p1a: Cheating a vote?|confusion
|-damage|p1a: Cheating a vote?|21/100 tox|[from] confusion
|move|p2a: Pecharunt|Recover|p2a: Pecharunt
|-heal|p2a: Pecharunt|91/100
|
|-damage|p1a: Cheating a vote?|8/100 tox|[from] psn
|upkeep
|turn|26
|
|t:|1743880013
|-activate|p1a: Cheating a vote?|confusion
|move|p1a: Cheating a vote?|Icicle Spear|p2a: Pecharunt
|-damage|p2a: Pecharunt|78/100
|-damage|p2a: Pecharunt|65/100
|-damage|p2a: Pecharunt|54/100
|-damage|p2a: Pecharunt|40/100
|-damage|p2a: Pecharunt|28/100
|-hitcount|p2a: Pecharunt|5
|move|p2a: Pecharunt|Recover|p2a: Pecharunt
|-heal|p2a: Pecharunt|78/100
|
|-damage|p1a: Cheating a vote?|0 fnt|[from] psn
|faint|p1a: Cheating a vote?
|upkeep
|
|t:|1743880018
|switch|p1a: Dem Dawgs Boy|Zamazenta|100/100
|-damage|p1a: Dem Dawgs Boy|94/100|[from] Stealth Rock
|turn|27
|
|t:|1743880021
|switch|p2a: Dragapult|Dragapult, F|100/100
|move|p1a: Dem Dawgs Boy|Iron Defense|p1a: Dem Dawgs Boy
|-boost|p1a: Dem Dawgs Boy|def|2
|
|-heal|p1a: Dem Dawgs Boy|100/100|[from] item: Leftovers
|upkeep
|turn|28
|
|t:|1743880023
|move|p2a: Dragapult|Will-O-Wisp|p1a: Dem Dawgs Boy|[miss]
|-miss|p2a: Dragapult|p1a: Dem Dawgs Boy
|move|p1a: Dem Dawgs Boy|Crunch|p2a: Dragapult
|-supereffective|p2a: Dragapult
|-damage|p2a: Dragapult|42/100
|-unboost|p2a: Dragapult|def|1
|
|-heal|p2a: Dragapult|48/100|[from] item: Leftovers
|upkeep
|turn|29
|
|t:|1743880030
|switch|p1a: No Hyper Cutter?|Gliscor, F|50/100 tox
|-damage|p1a: No Hyper Cutter?|37/100 tox|[from] Stealth Rock
|move|p2a: Dragapult|Will-O-Wisp||[still]
|-fail|p2a: Dragapult
|
|-heal|p2a: Dragapult|54/100|[from] item: Leftovers
|-heal|p1a: No Hyper Cutter?|50/100 tox|[from] ability: Poison Heal
|upkeep
|turn|30
|
|t:|1743880035
|switch|p2a: Kingambit|Kingambit, M|61/100
|-activate|p2a: Kingambit|ability: Supreme Overlord
|-start|p2a: Kingambit|fallen3|[silent]
|move|p1a: No Hyper Cutter?|Knock Off|p2a: Kingambit
|-resisted|p2a: Kingambit
|-damage|p2a: Kingambit|55/100
|
|-heal|p1a: No Hyper Cutter?|62/100 tox|[from] ability: Poison Heal
|upkeep
|turn|31
|
|t:|1743880040
|move|p1a: No Hyper Cutter?|Facade|p2a: Kingambit
|-resisted|p2a: Kingambit
|-damage|p2a: Kingambit|41/100
|move|p2a: Kingambit|Iron Head|p1a: No Hyper Cutter?
|-damage|p1a: No Hyper Cutter?|17/100 tox
|
|-heal|p1a: No Hyper Cutter?|29/100 tox|[from] ability: Poison Heal
|upkeep
|turn|32
|
|t:|1743880043
|move|p1a: No Hyper Cutter?|Protect|p1a: No Hyper Cutter?
|-singleturn|p1a: No Hyper Cutter?|Protect
|move|p2a: Kingambit|Iron Head|p1a: No Hyper Cutter?
|-activate|p1a: No Hyper Cutter?|move: Protect
|
|-heal|p1a: No Hyper Cutter?|42/100 tox|[from] ability: Poison Heal
|upkeep
|turn|33
|
|t:|1743880048
|move|p1a: No Hyper Cutter?|Facade|p2a: Kingambit
|-resisted|p2a: Kingambit
|-crit|p2a: Kingambit
|-damage|p2a: Kingambit|22/100
|move|p2a: Kingambit|Iron Head|p1a: No Hyper Cutter?
|-damage|p1a: No Hyper Cutter?|0 fnt
|faint|p1a: No Hyper Cutter?
|
|upkeep
|
|t:|1743880051
|switch|p1a: Dem Dawgs Boy|Zamazenta|100/100
|-damage|p1a: Dem Dawgs Boy|94/100|[from] Stealth Rock
|turn|34
|
|t:|1743880054
|move|p1a: Dem Dawgs Boy|Crunch|p2a: Kingambit
|-resisted|p2a: Kingambit
|-damage|p2a: Kingambit|14/100
|move|p2a: Kingambit|Iron Head|p1a: Dem Dawgs Boy
|-damage|p1a: Dem Dawgs Boy|47/100
|
|-heal|p1a: Dem Dawgs Boy|53/100|[from] item: Leftovers
|upkeep
|turn|35
|
|t:|1743880059
|move|p1a: Dem Dawgs Boy|Iron Defense|p1a: Dem Dawgs Boy
|-boost|p1a: Dem Dawgs Boy|def|2
|move|p2a: Kingambit|Iron Head|p1a: Dem Dawgs Boy
|-damage|p1a: Dem Dawgs Boy|31/100
|
|-heal|p1a: Dem Dawgs Boy|38/100|[from] item: Leftovers
|upkeep
|turn|36
|
|t:|1743880063
|move|p1a: Dem Dawgs Boy|Body Press|p2a: Kingambit
|-supereffective|p2a: Kingambit
|-damage|p2a: Kingambit|0 fnt
|faint|p2a: Kingambit
|-end|p2a: Kingambit|fallen3|[silent]
|
|-heal|p1a: Dem Dawgs Boy|44/100|[from] item: Leftovers
|upkeep
|
|t:|1743880065
|switch|p2a: Dragapult|Dragapult, F|54/100
|turn|37
|
|t:|1743880067
|move|p2a: Dragapult|Will-O-Wisp|p1a: Dem Dawgs Boy
|-status|p1a: Dem Dawgs Boy|brn
|move|p1a: Dem Dawgs Boy|Crunch|p2a: Dragapult
|-supereffective|p2a: Dragapult
|-damage|p2a: Dragapult|26/100
|
|-heal|p2a: Dragapult|32/100|[from] item: Leftovers
|-heal|p1a: Dem Dawgs Boy|50/100 brn|[from] item: Leftovers
|-damage|p1a: Dem Dawgs Boy|44/100 brn|[from] brn
|upkeep
|turn|38
|
|t:|1743880070
|move|p2a: Dragapult|Hex|p1a: Dem Dawgs Boy
|-damage|p1a: Dem Dawgs Boy|5/100 brn
|move|p1a: Dem Dawgs Boy|Crunch|p2a: Dragapult
|-supereffective|p2a: Dragapult
|-damage|p2a: Dragapult|3/100
|
|-heal|p2a: Dragapult|9/100|[from] item: Leftovers
|-heal|p1a: Dem Dawgs Boy|11/100 brn|[from] item: Leftovers
|-damage|p1a: Dem Dawgs Boy|5/100 brn|[from] brn
|upkeep
|turn|39
|
|t:|1743880074
|move|p2a: Dragapult|Hex|p1a: Dem Dawgs Boy
|-damage|p1a: Dem Dawgs Boy|0 fnt
|faint|p1a: Dem Dawgs Boy
|
|-heal|p2a: Dragapult|15/100|[from] item: Leftovers
|upkeep
|
|t:|1743880076
|switch|p1a: A queen's gambit|Kingambit, F, shiny|96/100
|-damage|p1a: A queen's gambit|90/100|[from] Stealth Rock
|-activate|p1a: A queen's gambit|ability: Supreme Overlord
|-start|p1a: A queen's gambit|fallen5|[silent]
|turn|40
|
|t:|1743880078
|move|p2a: Dragapult|Will-O-Wisp|p1a: A queen's gambit|[miss]
|-miss|p2a: Dragapult|p1a: A queen's gambit
|move|p1a: A queen's gambit|Kowtow Cleave|p2a: Dragapult
|-supereffective|p2a: Dragapult
|-damage|p2a: Dragapult|0 fnt
|faint|p2a: Dragapult
|
|-heal|p1a: A queen's gambit|96/100|[from] item: Leftovers
|upkeep
|
|t:|1743880080
|switch|p2a: Pecharunt|Pecharunt, tera:Dark|78/100
|turn|41
|
|t:|1743880083
|move|p2a: Pecharunt|Foul Play|p1a: A queen's gambit
|-resisted|p1a: A queen's gambit
|-damage|p1a: A queen's gambit|71/100
|move|p1a: A queen's gambit|Swords Dance|p1a: A queen's gambit
|-boost|p1a: A queen's gambit|atk|2
|
|-heal|p1a: A queen's gambit|77/100|[from] item: Leftovers
|upkeep
|turn|42
|
|t:|1743880088
|move|p2a: Pecharunt|Foul Play|p1a: A queen's gambit
|-resisted|p1a: A queen's gambit
|-damage|p1a: A queen's gambit|32/100
|move|p1a: A queen's gambit|Iron Head|p2a: Pecharunt
|-damage|p2a: Pecharunt|18/100
|
|-heal|p1a: A queen's gambit|38/100|[from] item: Leftovers
|upkeep
|turn|43
|
|t:|1743880097
|move|p2a: Pecharunt|Recover|p2a: Pecharunt
|-heal|p2a: Pecharunt|68/100
|move|p1a: A queen's gambit|Iron Head|p2a: Pecharunt
|-damage|p2a: Pecharunt|1/100
|
|-heal|p1a: A queen's gambit|44/100|[from] item: Leftovers
|upkeep
|turn|44
|
|t:|1743880102
|move|p1a: A queen's gambit|Sucker Punch||[still]
|-fail|p1a: A queen's gambit
|move|p2a: Pecharunt|Recover|p2a: Pecharunt
|-heal|p2a: Pecharunt|51/100
|
|-heal|p1a: A queen's gambit|50/100|[from] item: Leftovers
|upkeep
|turn|45
|
|t:|1743880106
|move|p2a: Pecharunt|Recover|p2a: Pecharunt
|-heal|p2a: Pecharunt|100/100
|move|p1a: A queen's gambit|Iron Head|p2a: Pecharunt
|-damage|p2a: Pecharunt|40/100
|
|-heal|p1a: A queen's gambit|57/100|[from] item: Leftovers
|upkeep
|turn|46
|
|t:|1743880109
|move|p2a: Pecharunt|Foul Play|p1a: A queen's gambit
|-resisted|p1a: A queen's gambit
|-damage|p1a: A queen's gambit|7/100
|move|p1a: A queen's gambit|Iron Head|p2a: Pecharunt
|-damage|p2a: Pecharunt|0 fnt
|faint|p2a: Pecharunt
|
|win|Al-my69
|raw|Al-my69's rating: 1570 &rarr; <strong>1593</strong><br />(+23 for winning)
|raw|chip witley's rating: 1622 &rarr; <strong>1599</strong><br />(-23 for losing)
|c|☆Al-my69|gg
|c|☆chip witley|gg
|l|☆chip witley
|player|p2|
