|j|☆dmac99
|j|☆jiotave
|t:|1743852580
|gametype|singles
|player|p1|dmac99|veteran|1513
|player|p2|jiotave|hilbert|1544
|teamsize|p1|6
|teamsize|p2|6
|gen|9
|tier|[Gen 9] OU
|rated|
|rule|HP Percentage Mod: HP is shown in percentages
|rule|Endless Battle Clause: Forcing endless battles is banned
|rule|Species Clause: Limit one of each Pokémon
|rule|OHKO Clause: OHKO moves are banned
|rule|Evasion Items Clause: Evasion items are banned
|rule|Evasion Moves Clause: Evasion moves are banned
|rule|Sleep Moves Clause: Sleep-inducing moves are banned
|clearpoke
|poke|p1|Zapdos|
|poke|p1|Volcanion|
|poke|p1|Dragapult, F|
|poke|p1|Indeedee, M|
|poke|p1|Goodra-Hisui, F|
|poke|p1|Great Tusk|
|poke|p2|Torkoal, M|
|poke|p2|Hatterene, F|
|poke|p2|Walking Wake|
|poke|p2|Iron Moth|
|poke|p2|Venusaur, M|
|poke|p2|Great Tusk|
|teampreview
|inactive|Battle timer is ON: inactive players will automatically lose when time's up. (requested by jiotave)
|inactive|dmac99 also wants the timer to be on.
|
|t:|1743852595
|start
|switch|p1a: Volcanion|Volcanion|100/100
|switch|p2a: Torkoal|Torkoal, M|100/100
|-weather|SunnyDay|[from] ability: Drought|[of] p2a: Torkoal
|turn|1
|
|t:|1743852608
|switch|p2a: Hatterene|Hatterene, F|100/100
|move|p1a: Volcanion|Sludge Bomb|p2a: Hatterene
|-supereffective|p2a: Hatterene
|-damage|p2a: Hatterene|0 fnt
|faint|p2a: Hatterene
|
|-weather|SunnyDay|[upkeep]
|upkeep
|
|t:|1743852621
|switch|p2a: Venusaur|Venusaur, M|100/100
|turn|2
|
|t:|1743852632
|switch|p1a: Goodra|Goodra-Hisui, F|100/100
|move|p2a: Venusaur|Growth|p2a: Venusaur
|-boost|p2a: Venusaur|atk|2
|-boost|p2a: Venusaur|spa|2
|
|-weather|SunnyDay|[upkeep]
|upkeep
|turn|3
|
|t:|1743852642
|move|p2a: Venusaur|Weather Ball|p1a: Goodra
|-damage|p1a: Goodra|58/100
|-damage|p2a: Venusaur|91/100|[from] item: Life Orb
|move|p1a: Goodra|Dragon Tail|p2a: Venusaur
|-damage|p2a: Venusaur|66/100
|drag|p2a: Dreamfyre|Walking Wake|100/100
|-activate|p2a: Dreamfyre|ability: Protosynthesis
|-start|p2a: Dreamfyre|protosynthesisspe
|
|-weather|SunnyDay|[upkeep]
|upkeep
|turn|4
|
|t:|1743852655
|move|p2a: Dreamfyre|Flamethrower|p1a: Goodra
|-damage|p1a: Goodra|31/100
|move|p1a: Goodra|Dragon Tail|p2a: Dreamfyre
|-supereffective|p2a: Dreamfyre
|-damage|p2a: Dreamfyre|59/100
|-end|p2a: Dreamfyre|Protosynthesis|[silent]
|drag|p2a: Venusaur|Venusaur, M|66/100
|
|-weather|SunnyDay|[upkeep]
|upkeep
|turn|5
|
|t:|1743852665
|move|p2a: Venusaur|Weather Ball|p1a: Goodra
|-damage|p1a: Goodra|5/100
|-damage|p2a: Venusaur|56/100|[from] item: Life Orb
|move|p1a: Goodra|Flamethrower|p2a: Venusaur
|-supereffective|p2a: Venusaur
|-damage|p2a: Venusaur|0 fnt
|faint|p2a: Venusaur
|
|-weather|SunnyDay|[upkeep]
|upkeep
|
|t:|1743852676
|switch|p2a: Iron Moth|Iron Moth|100/100
|-enditem|p2a: Iron Moth|Booster Energy
|-activate|p2a: Iron Moth|ability: Quark Drive|[fromitem]
|-start|p2a: Iron Moth|quarkdrivespe
|turn|6
|
|t:|1743852686
|switch|p1a: Volcanion|Volcanion|100/100
|move|p2a: Iron Moth|Fiery Dance|p1a: Volcanion
|-resisted|p1a: Volcanion
|-damage|p1a: Volcanion|83/100
|-boost|p2a: Iron Moth|spa|1
|
|-weather|SunnyDay|[upkeep]
|upkeep
|turn|7
|
|t:|1743852697
|-terastallize|p2a: Iron Moth|Fairy
|move|p2a: Iron Moth|Sludge Wave|p1a: Volcanion
|-damage|p1a: Volcanion|0 fnt
|faint|p1a: Volcanion
|
|-weather|SunnyDay|[upkeep]
|upkeep
|c|☆jiotave|Wow
|
|t:|1743852714
|switch|p1a: Goodra|Goodra-Hisui, F|5/100
|turn|8
|
|t:|1743852727
|move|p2a: Iron Moth|Fiery Dance|p1a: Goodra
|-damage|p1a: Goodra|0 fnt
|faint|p1a: Goodra
|
|-weather|none
|upkeep
|
|t:|1743852739
|switch|p1a: Zapdos|Zapdos|100/100
|turn|9
|
|t:|1743852742
|move|p2a: Iron Moth|Fiery Dance|p1a: Zapdos
|-damage|p1a: Zapdos|43/100
|-boost|p2a: Iron Moth|spa|1
|move|p1a: Zapdos|Discharge|p2a: Iron Moth
|-damage|p2a: Iron Moth|64/100
|
|upkeep
|turn|10
|
|t:|1743852751
|move|p2a: Iron Moth|Fiery Dance|p1a: Zapdos
|-damage|p1a: Zapdos|0 fnt
|-boost|p2a: Iron Moth|spa|1
|faint|p1a: Zapdos
|
|upkeep
|
|t:|1743852754
|switch|p1a: Indeedee|Indeedee, M|100/100
|-fieldstart|move: Psychic Terrain|[from] ability: Psychic Surge|[of] p1a: Indeedee
|turn|11
|c|☆jiotave|Yeah, baby. Revenger lol
|
|t:|1743852762
|move|p2a: Iron Moth|Dazzling Gleam|p1a: Indeedee
|-damage|p1a: Indeedee|0 fnt
|faint|p1a: Indeedee
|
|upkeep
|-message|dmac99 forfeited.
|
|win|jiotave
|raw|dmac99's rating: 1513 &rarr; <strong>1495</strong><br />(-18 for losing)
|raw|jiotave's rating: 1544 &rarr; <strong>1562</strong><br />(+18 for winning)
|l|☆dmac99
|player|p1|
|l|☆jiotave
|player|p2|
