|j|☆killerx100pre
|j|☆jeffwme
|t:|1743825847
|gametype|singles
|player|p1|killerx100pre|alder|1189
|player|p2|jeffwme|crasherwake|1188
|teamsize|p1|6
|teamsize|p2|6
|gen|9
|tier|[Gen 9] OU
|rated|
|rule|HP Percentage Mod: HP is shown in percentages
|rule|Endless Battle Clause: Forcing endless battles is banned
|rule|Species Clause: Limit one of each Pokémon
|rule|OHKO Clause: OHKO moves are banned
|rule|Evasion Items Clause: Evasion items are banned
|rule|Evasion Moves Clause: Evasion moves are banned
|rule|Sleep Moves Clause: Sleep-inducing moves are banned
|clearpoke
|poke|p1|Ninetales, F|
|poke|p1|Walking Wake|
|poke|p1|Raging Bolt|
|poke|p1|Scovillain, F|
|poke|p1|Lilligant-Hisui, F|
|poke|p1|Torkoal, F|
|poke|p2|Ninetales, F|
|poke|p2|Walking Wake|
|poke|p2|Raging Bolt|
|poke|p2|Venusaur, F|
|poke|p2|Garganacl, M|
|poke|p2|Hoopa-Unbound|
|teampreview
|
|t:|1743825869
|start
|switch|p1a: Lilligant|Lilligant-Hisui, F|100/100
|switch|p2a: Garganacl|Garganacl, M|100/100
|turn|1
|
|t:|1743825883
|-terastallize|p2a: Garganacl|Fairy
|move|p1a: Lilligant|Victory Dance|p1a: Lilligant
|-boost|p1a: Lilligant|atk|1
|-boost|p1a: Lilligant|def|1
|-boost|p1a: Lilligant|spe|1
|move|p2a: Garganacl|Salt Cure|p1a: Lilligant
|-resisted|p1a: Lilligant
|-damage|p1a: Lilligant|94/100
|-start|p1a: Lilligant|Salt Cure
|
|-damage|p1a: Lilligant|82/100|[from] Salt Cure
|upkeep
|turn|2
|
|t:|1743825898
|move|p1a: Lilligant|Victory Dance|p1a: Lilligant
|-boost|p1a: Lilligant|atk|1
|-boost|p1a: Lilligant|def|1
|-boost|p1a: Lilligant|spe|1
|move|p2a: Garganacl|Stealth Rock|p1a: Lilligant
|-sidestart|p1: killerx100pre|move: Stealth Rock
|
|-damage|p1a: Lilligant|69/100|[from] Salt Cure
|upkeep
|turn|3
|
|t:|1743825911
|move|p2a: Garganacl|Protect|p2a: Garganacl
|-singleturn|p2a: Garganacl|Protect
|move|p1a: Lilligant|Triple Axel|p2a: Garganacl
|-activate|p2a: Garganacl|move: Protect
|
|-damage|p1a: Lilligant|57/100|[from] Salt Cure
|upkeep
|turn|4
|
|t:|1743825929
|switch|p2a: Ninetales|Ninetales, F, shiny|100/100
|-weather|SunnyDay|[from] ability: Drought|[of] p2a: Ninetales
|move|p1a: Lilligant|Triple Axel|p2a: Ninetales
|-resisted|p2a: Ninetales
|-damage|p2a: Ninetales|90/100
|-resisted|p2a: Ninetales
|-damage|p2a: Ninetales|71/100
|-resisted|p2a: Ninetales
|-damage|p2a: Ninetales|42/100
|-hitcount|p2a: Ninetales|3
|
|-weather|SunnyDay|[upkeep]
|-damage|p1a: Lilligant|44/100|[from] Salt Cure
|upkeep
|turn|5
|
|t:|1743825952
|switch|p2a: Garganacl|Garganacl, M, tera:Fairy|100/100
|move|p1a: Lilligant|Axe Kick|p2a: Garganacl
|-resisted|p2a: Garganacl
|-damage|p2a: Garganacl|73/100
|-damage|p1a: Lilligant|28/100|[from] item: Rocky Helmet|[of] p2a: Garganacl
|
|-weather|SunnyDay|[upkeep]
|-damage|p1a: Lilligant|15/100|[from] Salt Cure
|upkeep
|turn|6
|
|t:|1743825967
|move|p2a: Garganacl|Protect|p2a: Garganacl
|-singleturn|p2a: Garganacl|Protect
|move|p1a: Lilligant|Solar Blade||[still]
|-prepare|p1a: Lilligant|Solar Blade
|-anim|p1a: Lilligant|Solar Blade|p2a: Garganacl
|-activate|p2a: Garganacl|move: Protect
|
|-weather|SunnyDay|[upkeep]
|-damage|p1a: Lilligant|3/100|[from] Salt Cure
|upkeep
|turn|7
|
|t:|1743825989
|move|p1a: Lilligant|Triple Axel|p2a: Garganacl
|-damage|p2a: Garganacl|66/100
|-damage|p1a: Lilligant|0 fnt|[from] item: Rocky Helmet|[of] p2a: Garganacl
|faint|p1a: Lilligant
|-hitcount|p2a: Garganacl|1
|move|p2a: Garganacl|Recover|p2a: Garganacl
|-heal|p2a: Garganacl|100/100
|
|-weather|SunnyDay|[upkeep]
|upkeep
|
|t:|1743826034
|switch|p1a: Walking Wake|Walking Wake|100/100
|-damage|p1a: Walking Wake|88/100|[from] Stealth Rock
|-activate|p1a: Walking Wake|ability: Protosynthesis
|-start|p1a: Walking Wake|protosynthesisspe
|turn|8
|
|t:|1743826045
|move|p1a: Walking Wake|Flamethrower|p2a: Garganacl
|-damage|p2a: Garganacl|40/100
|move|p2a: Garganacl|Salt Cure|p1a: Walking Wake
|-damage|p1a: Walking Wake|72/100
|-start|p1a: Walking Wake|Salt Cure
|
|-weather|SunnyDay|[upkeep]
|-damage|p1a: Walking Wake|47/100|[from] Salt Cure
|upkeep
|turn|9
|
|t:|1743826060
|-end|p1a: Walking Wake|Protosynthesis|[silent]
|switch|p1a: Scovillain|Scovillain, F|100/100
|-damage|p1a: Scovillain|75/100|[from] Stealth Rock
|move|p2a: Garganacl|Protect||[still]
|-fail|p2a: Garganacl
|
|-weather|SunnyDay|[upkeep]
|upkeep
|turn|10
|
|t:|1743826073
|move|p1a: Scovillain|Fire Blast|p2a: Garganacl
|-damage|p2a: Garganacl|0 fnt
|faint|p2a: Garganacl
|
|-weather|SunnyDay|[upkeep]
|upkeep
|
|t:|1743826089
|switch|p2a: Venusaur|Venusaur, F|100/100
|turn|11
|
|t:|1743826093
|move|p2a: Venusaur|Sludge Bomb|p1a: Scovillain
|-supereffective|p1a: Scovillain
|-damage|p1a: Scovillain|0 fnt
|faint|p1a: Scovillain
|-damage|p2a: Venusaur|91/100|[from] item: Life Orb
|
|-weather|none
|upkeep
|
|t:|1743826113
|switch|p1a: Walking Wake|Walking Wake|47/100
|-damage|p1a: Walking Wake|35/100|[from] Stealth Rock
|turn|12
|
|t:|1743826129
|switch|p2a: Ninetales|Ninetales, F, shiny|42/100
|-weather|SunnyDay|[from] ability: Drought|[of] p2a: Ninetales
|-activate|p1a: Walking Wake|ability: Protosynthesis
|-start|p1a: Walking Wake|protosynthesisspe
|move|p1a: Walking Wake|Flamethrower|p2a: Ninetales
|-resisted|p2a: Ninetales
|-damage|p2a: Ninetales|3/100
|
|-weather|SunnyDay|[upkeep]
|upkeep
|turn|13
|
|t:|1743826143
|switch|p2a: Hoopa|Hoopa-Unbound|100/100
|move|p1a: Walking Wake|Flamethrower|p2a: Hoopa
|-damage|p2a: Hoopa|64/100
|
|-weather|SunnyDay|[upkeep]
|upkeep
|turn|14
|
|t:|1743826161
|-end|p1a: Walking Wake|Protosynthesis|[silent]
|switch|p1a: Ninetales|Ninetales, F|100/100
|-damage|p1a: Ninetales|75/100|[from] Stealth Rock
|move|p2a: Hoopa|Drain Punch|p1a: Ninetales
|-damage|p1a: Ninetales|36/100
|-heal|p2a: Hoopa|80/100|[from] drain|[of] p1a: Ninetales
|
|-weather|SunnyDay|[upkeep]
|upkeep
|turn|15
|
|t:|1743826175
|move|p1a: Ninetales|Will-O-Wisp|p2a: Hoopa|[miss]
|-miss|p1a: Ninetales|p2a: Hoopa
|move|p2a: Hoopa|Knock Off|p1a: Ninetales
|-damage|p1a: Ninetales|0 fnt
|-enditem|p1a: Ninetales|Heat Rock|[from] move: Knock Off|[of] p2a: Hoopa
|faint|p1a: Ninetales
|
|-weather|SunnyDay|[upkeep]
|upkeep
|
|t:|1743826186
|switch|p1a: Raging Bolt|Raging Bolt|100/100
|-damage|p1a: Raging Bolt|88/100|[from] Stealth Rock
|-activate|p1a: Raging Bolt|ability: Protosynthesis
|-start|p1a: Raging Bolt|protosynthesisspa
|turn|16
|
|t:|1743826197
|move|p1a: Raging Bolt|Calm Mind|p1a: Raging Bolt
|-boost|p1a: Raging Bolt|spa|1
|-boost|p1a: Raging Bolt|spd|1
|move|p2a: Hoopa|Drain Punch|p1a: Raging Bolt
|-damage|p1a: Raging Bolt|68/100
|-heal|p2a: Hoopa|93/100|[from] drain|[of] p1a: Raging Bolt
|
|-weather|SunnyDay|[upkeep]
|-heal|p1a: Raging Bolt|74/100|[from] item: Leftovers
|upkeep
|turn|17
|
|t:|1743826212
|move|p1a: Raging Bolt|Thunderclap|p2a: Hoopa
|-damage|p2a: Hoopa|53/100
|move|p2a: Hoopa|Psychic Noise|p1a: Raging Bolt
|-damage|p1a: Raging Bolt|48/100
|-start|p1a: Raging Bolt|move: Heal Block
|
|-weather|SunnyDay|[upkeep]
|upkeep
|turn|18
|
|t:|1743826225
|move|p1a: Raging Bolt|Draco Meteor|p2a: Hoopa
|-damage|p2a: Hoopa|0 fnt
|-unboost|p1a: Raging Bolt|spa|2
|faint|p2a: Hoopa
|
|-weather|SunnyDay|[upkeep]
|-end|p1a: Raging Bolt|move: Heal Block
|upkeep
|
|t:|1743826234
|switch|p2a: Venusaur|Venusaur, F|91/100
|turn|19
|
|t:|1743826247
|move|p2a: Venusaur|Earth Power|p1a: Raging Bolt
|-supereffective|p1a: Raging Bolt
|-damage|p1a: Raging Bolt|11/100
|-damage|p2a: Venusaur|81/100|[from] item: Life Orb
|move|p1a: Raging Bolt|Volt Switch|p2a: Venusaur
|-resisted|p2a: Venusaur
|-damage|p2a: Venusaur|61/100
|
|t:|1743826257
|-end|p1a: Raging Bolt|Protosynthesis|[silent]
|switch|p1a: Walking Wake|Walking Wake|35/100|[from] Volt Switch
|-damage|p1a: Walking Wake|23/100|[from] Stealth Rock
|-activate|p1a: Walking Wake|ability: Protosynthesis
|-start|p1a: Walking Wake|protosynthesisspe
|
|-weather|none
|-end|p1a: Walking Wake|Protosynthesis
|upkeep
|turn|20
|
|t:|1743826274
|move|p1a: Walking Wake|Flamethrower|p2a: Venusaur
|-supereffective|p2a: Venusaur
|-damage|p2a: Venusaur|0 fnt
|faint|p2a: Venusaur
|
|upkeep
|
|t:|1743826287
|switch|p2a: Raging Bolt|Raging Bolt|100/100
|turn|21
|
|t:|1743826298
|-end|p1a: Walking Wake|Protosynthesis|[silent]
|switch|p1a: Raging Bolt|Raging Bolt|11/100
|-damage|p1a: Raging Bolt|0 fnt|[from] Stealth Rock
|faint|p1a: Raging Bolt
|-end|p1a: Raging Bolt|Protosynthesis|[silent]
|move|p2a: Raging Bolt|Thunderclap|p1: Raging Bolt|[notarget]
|-fail|p2a: Raging Bolt
|
|upkeep
|
|t:|1743826308
|switch|p1a: Torkoal|Torkoal, F|100/100
|-damage|p1a: Torkoal|75/100|[from] Stealth Rock
|-weather|SunnyDay|[from] ability: Drought|[of] p1a: Torkoal
|-activate|p2a: Raging Bolt|ability: Protosynthesis
|-start|p2a: Raging Bolt|protosynthesisspa
|turn|22
|
|t:|1743826323
|-end|p2a: Raging Bolt|Protosynthesis|[silent]
|switch|p2a: Ninetales|Ninetales, F, shiny|3/100
|move|p1a: Torkoal|Fire Blast|p2a: Ninetales
|-resisted|p2a: Ninetales
|-damage|p2a: Ninetales|0 fnt
|faint|p2a: Ninetales
|
|-weather|SunnyDay|[upkeep]
|upkeep
|
|t:|1743826333
|switch|p2a: Walking Wake|Walking Wake|100/100
|-activate|p2a: Walking Wake|ability: Protosynthesis
|-start|p2a: Walking Wake|protosynthesisspe
|turn|23
|
|t:|1743826341
|move|p2a: Walking Wake|Hydro Steam|p1a: Torkoal
|-supereffective|p1a: Torkoal
|-damage|p1a: Torkoal|0 fnt
|faint|p1a: Torkoal
|
|-weather|SunnyDay|[upkeep]
|upkeep
|
|t:|1743826349
|switch|p1a: Walking Wake|Walking Wake|23/100
|-damage|p1a: Walking Wake|10/100|[from] Stealth Rock
|-activate|p1a: Walking Wake|ability: Protosynthesis
|-start|p1a: Walking Wake|protosynthesisspe
|turn|24
|
|t:|1743826359
|-terastallize|p1a: Walking Wake|Fairy
|move|p1a: Walking Wake|Draco Meteor|p2a: Walking Wake|[miss]
|-miss|p1a: Walking Wake|p2a: Walking Wake
|move|p2a: Walking Wake|Dragon Pulse|p1a: Walking Wake
|-immune|p1a: Walking Wake
|
|-weather|SunnyDay|[upkeep]
|upkeep
|turn|25
|
|t:|1743826371
|move|p1a: Walking Wake|Draco Meteor|p2a: Walking Wake
|-supereffective|p2a: Walking Wake
|-damage|p2a: Walking Wake|0 fnt
|-unboost|p1a: Walking Wake|spa|2
|faint|p2a: Walking Wake
|-end|p2a: Walking Wake|Protosynthesis|[silent]
|
|-weather|SunnyDay|[upkeep]
|upkeep
|
|t:|1743826379
|switch|p2a: Raging Bolt|Raging Bolt|100/100
|-activate|p2a: Raging Bolt|ability: Protosynthesis
|-start|p2a: Raging Bolt|protosynthesisspa
|turn|26
|
|t:|1743826385
|move|p2a: Raging Bolt|Thunderclap|p1a: Walking Wake
|-damage|p1a: Walking Wake|0 fnt
|faint|p1a: Walking Wake
|-end|p1a: Walking Wake|Protosynthesis|[silent]
|
|win|jeffwme
|raw|killerx100pre's rating: 1189 &rarr; <strong>1164</strong><br />(-25 for losing)
|raw|jeffwme's rating: 1188 &rarr; <strong>1213</strong><br />(+25 for winning)
|l|☆killerx100pre
|player|p1|
|l|☆jeffwme
|player|p2|
|j|☆jeffwme
|player|p2|jeffwme|crasherwake|
|l|☆jeffwme
|player|p2|
