|j|☆94every1
|j|☆Skibidi Toothpaste
|t:|1743837263
|gametype|singles
|player|p1|94every1|skyla|1268
|player|p2|Skibidi Toothpaste|volkner|1304
|teamsize|p1|6
|teamsize|p2|6
|gen|9
|tier|[Gen 9] OU
|rated|
|rule|HP Percentage Mod: HP is shown in percentages
|rule|Endless Battle Clause: Forcing endless battles is banned
|rule|Species Clause: Limit one of each Pokémon
|rule|OHKO Clause: OHKO moves are banned
|rule|Evasion Items Clause: Evasion items are banned
|rule|Evasion Moves Clause: Evasion moves are banned
|rule|Sleep Moves Clause: Sleep-inducing moves are banned
|clearpoke
|poke|p1|Weavile, M|
|poke|p1|Pecharunt|
|poke|p1|Tinkaton, F|
|poke|p1|Ting-Lu|
|poke|p1|Dragonite, F|
|poke|p1|Keldeo-Resolute|
|poke|p2|Araquanid, M|
|poke|p2|Feraligatr, M|
|poke|p2|Gholdengo|
|poke|p2|Iron Moth|
|poke|p2|Great Tusk|
|poke|p2|Ogerpon-Cornerstone, F|
|teampreview
|inactive|Battle timer is ON: inactive players will automatically lose when time's up. (requested by Skibidi Toothpaste)
|c|☆Skibidi Toothpaste|Hf
|c|☆94every1|u2
|inactive|94every1 has 120 seconds left.
|
|t:|1743837303
|start
|switch|p1a: Tinkaton|Tinkaton, F|100/100
|switch|p2a: Araquanid|Araquanid, M|100/100
|-item|p1a: Tinkaton|Air Balloon
|turn|1
|
|t:|1743837319
|move|p1a: Tinkaton|Stealth Rock|p2a: Araquanid
|-sidestart|p2: Skibidi Toothpaste|move: Stealth Rock
|move|p2a: Araquanid|Sticky Web|p1a: Tinkaton
|-sidestart|p1: 94every1|move: Sticky Web
|
|upkeep
|turn|2
|
|t:|1743837325
|switch|p2a: Great Tusk|Great Tusk|100/100
|move|p1a: Tinkaton|Encore||[still]
|-fail|p1a: Tinkaton
|
|upkeep
|turn|3
|
|t:|1743837330
|switch|p1a: Pecharunt|Pecharunt|100/100
|move|p2a: Great Tusk|Ice Spinner|p1a: Pecharunt
|-damage|p1a: Pecharunt|88/100
|
|upkeep
|turn|4
|
|t:|1743837341
|switch|p1a: Dragonite|Dragonite, F|100/100
|-terastallize|p2a: Great Tusk|Poison
|move|p2a: Great Tusk|Bulk Up|p2a: Great Tusk
|-boost|p2a: Great Tusk|atk|1
|-boost|p2a: Great Tusk|def|1
|
|upkeep
|turn|5
|l|☆Skibidi Toothpaste
|inactive|Skibidi Toothpaste disconnected and has a minute to reconnect!
|player|p2|
|inactive|94every1 has 120 seconds left.
|j|☆Skibidi Toothpaste
|inactive|Skibidi Toothpaste reconnected.
|player|p2|Skibidi Toothpaste|volkner|
|
|t:|1743837380
|move|p2a: Great Tusk|Ice Spinner|p1a: Dragonite
|-supereffective|p1a: Dragonite
|-damage|p1a: Dragonite|27/100
|move|p1a: Dragonite|Hurricane|p2a: Great Tusk|[miss]
|-miss|p1a: Dragonite|p2a: Great Tusk
|
|upkeep
|turn|6
|inactive|94every1 has 120 seconds left.
|
|t:|1743837388
|move|p1a: Dragonite|Extreme Speed|p2a: Great Tusk
|-damage|p2a: Great Tusk|86/100
|move|p2a: Great Tusk|Ice Spinner|p1a: Dragonite
|-supereffective|p1a: Dragonite
|-damage|p1a: Dragonite|0 fnt
|faint|p1a: Dragonite
|
|upkeep
|
|t:|1743837392
|switch|p1a: Tinkaton|Tinkaton, F|100/100
|-item|p1a: Tinkaton|Air Balloon
|turn|7
|
|t:|1743837395
|move|p1a: Tinkaton|Encore|p2a: Great Tusk
|-start|p2a: Great Tusk|Encore
|move|p2a: Great Tusk|Ice Spinner|p1a: Tinkaton
|-resisted|p1a: Tinkaton
|-damage|p1a: Tinkaton|80/100
|-enditem|p1a: Tinkaton|Air Balloon
|-enditem|p2a: Great Tusk|Heavy-Duty Boots|[silent]|[from] ability: Pickpocket|[of] p2a: Great Tusk
|-item|p1a: Tinkaton|Heavy-Duty Boots|[from] ability: Pickpocket|[of] p2a: Great Tusk
|
|upkeep
|turn|8
|
|t:|1743837399
|move|p1a: Tinkaton|Thunder Wave|p2a: Great Tusk
|-status|p2a: Great Tusk|par
|move|p2a: Great Tusk|Ice Spinner|p1a: Tinkaton
|-resisted|p1a: Tinkaton
|-damage|p1a: Tinkaton|61/100
|
|upkeep
|turn|9
|
|t:|1743837411
|switch|p1a: Keldeo|Keldeo-Resolute|100/100
|-end|p2a: Great Tusk|Protosynthesis|[silent]
|switch|p2a: Iron Moth|Iron Moth|100/100
|-damage|p2a: Iron Moth|75/100|[from] Stealth Rock
|-enditem|p2a: Iron Moth|Booster Energy
|-activate|p2a: Iron Moth|ability: Quark Drive|[fromitem]
|-start|p2a: Iron Moth|quarkdrivespe
|
|upkeep
|turn|10
|
|t:|1743837420
|switch|p1a: Ting-Lu|Ting-Lu|100/100
|-activate|p1a: Ting-Lu|move: Sticky Web
|-unboost|p1a: Ting-Lu|spe|1
|-ability|p1a: Ting-Lu|Vessel of Ruin
|move|p2a: Iron Moth|Dazzling Gleam|p1a: Ting-Lu
|-supereffective|p1a: Ting-Lu
|-damage|p1a: Ting-Lu|77/100
|
|upkeep
|turn|11
|
|t:|1743837428
|move|p2a: Iron Moth|Substitute|p2a: Iron Moth
|-start|p2a: Iron Moth|Substitute
|-damage|p2a: Iron Moth|50/100
|move|p1a: Ting-Lu|Earthquake|p2a: Iron Moth
|-supereffective|p2a: Iron Moth
|-end|p2a: Iron Moth|Substitute
|
|upkeep
|turn|12
|
|t:|1743837433
|move|p2a: Iron Moth|Dazzling Gleam|p1a: Ting-Lu
|-supereffective|p1a: Ting-Lu
|-damage|p1a: Ting-Lu|52/100
|move|p1a: Ting-Lu|Earthquake|p2a: Iron Moth
|-supereffective|p2a: Iron Moth
|-damage|p2a: Iron Moth|0 fnt
|faint|p2a: Iron Moth
|-end|p2a: Iron Moth|Quark Drive|[silent]
|
|upkeep
|
|t:|1743837440
|switch|p2a: Feraligatr|Feraligatr, M|100/100
|-damage|p2a: Feraligatr|88/100|[from] Stealth Rock
|turn|13
|
|t:|1743837444
|switch|p1a: Pecharunt|Pecharunt|88/100
|move|p2a: Feraligatr|Dragon Dance|p2a: Feraligatr
|-boost|p2a: Feraligatr|atk|1
|-boost|p2a: Feraligatr|spe|1
|
|upkeep
|turn|14
|
|t:|1743837449
|move|p2a: Feraligatr|Crunch|p1a: Pecharunt
|-supereffective|p1a: Pecharunt
|-damage|p1a: Pecharunt|28/100
|move|p1a: Pecharunt|Malignant Chain|p2a: Feraligatr
|-damage|p2a: Feraligatr|50/100
|
|upkeep
|turn|15
|
|t:|1743837455
|switch|p1a: Ting-Lu|Ting-Lu|52/100
|-activate|p1a: Ting-Lu|move: Sticky Web
|-unboost|p1a: Ting-Lu|spe|1
|-ability|p1a: Ting-Lu|Vessel of Ruin
|move|p2a: Feraligatr|Crunch|p1a: Ting-Lu
|-resisted|p1a: Ting-Lu
|-damage|p1a: Ting-Lu|36/100
|-damage|p2a: Feraligatr|33/100|[from] item: Rocky Helmet|[of] p1a: Ting-Lu
|
|upkeep
|turn|16
|
|t:|1743837462
|move|p2a: Feraligatr|Liquidation|p1a: Ting-Lu
|-supereffective|p1a: Ting-Lu
|-damage|p1a: Ting-Lu|0 fnt
|-damage|p2a: Feraligatr|17/100|[from] item: Rocky Helmet|[of] p1a: Ting-Lu
|faint|p1a: Ting-Lu
|
|upkeep
|
|t:|1743837473
|switch|p1a: Keldeo|Keldeo-Resolute|100/100
|turn|17
|
|t:|1743837475
|move|p2a: Feraligatr|Aqua Jet|p1a: Keldeo
|-resisted|p1a: Keldeo
|-damage|p1a: Keldeo|80/100
|-damage|p2a: Feraligatr|7/100|[from] item: Life Orb
|move|p1a: Keldeo|Vacuum Wave|p2a: Feraligatr
|-damage|p2a: Feraligatr|0 fnt
|faint|p2a: Feraligatr
|
|upkeep
|
|t:|1743837480
|switch|p2a: Great Tusk|Great Tusk, tera:Poison|86/100 par
|-damage|p2a: Great Tusk|74/100 par|[from] Stealth Rock
|turn|18
|
|t:|1743837484
|move|p1a: Keldeo|Hydro Pump|p2a: Great Tusk
|-damage|p2a: Great Tusk|0 fnt
|faint|p2a: Great Tusk
|-end|p2a: Great Tusk|Protosynthesis|[silent]
|
|upkeep
|
|t:|1743837493
|switch|p2a: Ogerpon|Ogerpon-Cornerstone, F|100/100
|-damage|p2a: Ogerpon|88/100|[from] Stealth Rock
|turn|19
|
|t:|1743837499
|-terastallize|p1a: Keldeo|Fighting
|move|p2a: Ogerpon|Power Whip|p1a: Keldeo
|-crit|p1a: Keldeo
|-damage|p1a: Keldeo|0 fnt
|faint|p1a: Keldeo
|
|upkeep
|
|t:|1743837509
|switch|p1a: Tinkaton|Tinkaton, F|61/100
|turn|20
|
|t:|1743837516
|move|p2a: Ogerpon|Swords Dance|p2a: Ogerpon
|-boost|p2a: Ogerpon|atk|2
|move|p1a: Tinkaton|Gigaton Hammer|p2a: Ogerpon
|-supereffective|p2a: Ogerpon
|-damage|p2a: Ogerpon|0 fnt
|faint|p2a: Ogerpon
|
|upkeep
|
|t:|1743837521
|switch|p2a: Araquanid|Araquanid, M|100/100
|-damage|p2a: Araquanid|75/100|[from] Stealth Rock
|turn|21
|
|t:|1743837528
|move|p1a: Tinkaton|Thunder Wave|p2a: Araquanid
|-status|p2a: Araquanid|par
|move|p2a: Araquanid|Lunge|p1a: Tinkaton
|-resisted|p1a: Tinkaton
|-damage|p1a: Tinkaton|56/100
|-unboost|p1a: Tinkaton|atk|1
|
|upkeep
|turn|22
|
|t:|1743837537
|move|p1a: Tinkaton|Encore|p2a: Araquanid
|-start|p2a: Araquanid|Encore
|cant|p2a: Araquanid|par
|
|upkeep
|turn|23
|
|t:|1743837540
|move|p1a: Tinkaton|Gigaton Hammer|p2a: Araquanid
|-resisted|p2a: Araquanid
|-damage|p2a: Araquanid|58/100 par
|move|p2a: Araquanid|Lunge|p1a: Tinkaton
|-resisted|p1a: Tinkaton
|-damage|p1a: Tinkaton|50/100
|-unboost|p1a: Tinkaton|atk|1
|
|upkeep
|turn|24
|
|t:|1743837547
|switch|p1a: Pecharunt|Pecharunt|28/100
|move|p2a: Araquanid|Lunge|p1a: Pecharunt
|-resisted|p1a: Pecharunt
|-damage|p1a: Pecharunt|26/100
|-unboost|p1a: Pecharunt|atk|1
|
|-end|p2a: Araquanid|Encore
|upkeep
|turn|25
|
|t:|1743837552
|move|p1a: Pecharunt|Recover|p1a: Pecharunt
|-heal|p1a: Pecharunt|76/100
|move|p2a: Araquanid|Surf|p1a: Pecharunt
|-damage|p1a: Pecharunt|26/100
|
|upkeep
|turn|26
|
|t:|1743837557
|move|p1a: Pecharunt|Recover|p1a: Pecharunt
|-heal|p1a: Pecharunt|76/100
|move|p2a: Araquanid|Surf|p1a: Pecharunt
|-damage|p1a: Pecharunt|24/100
|
|upkeep
|turn|27
|
|t:|1743837560
|move|p1a: Pecharunt|Recover|p1a: Pecharunt
|-heal|p1a: Pecharunt|74/100
|cant|p2a: Araquanid|par
|
|upkeep
|turn|28
|
|t:|1743837564
|move|p1a: Pecharunt|Parting Shot|p2a: Araquanid
|-unboost|p2a: Araquanid|atk|1
|-unboost|p2a: Araquanid|spa|1
|
|t:|1743837565
|switch|p1a: Tinkaton|Tinkaton, F|50/100|[from] Parting Shot
|move|p2a: Araquanid|Surf|p1a: Tinkaton
|-damage|p1a: Tinkaton|14/100
|
|upkeep
|turn|29
|
|t:|1743837570
|move|p1a: Tinkaton|Encore|p2a: Araquanid
|-start|p2a: Araquanid|Encore
|move|p2a: Araquanid|Surf|p1a: Tinkaton
|-damage|p1a: Tinkaton|0 fnt
|faint|p1a: Tinkaton
|
|upkeep
|
|t:|1743837573
|switch|p1a: Weavile|Weavile, M|100/100
|-ability|p1a: Weavile|Pressure
|turn|30
|
|t:|1743837579
|switch|p2a: Gholdengo|Gholdengo|100/100
|-damage|p2a: Gholdengo|94/100|[from] Stealth Rock
|-item|p2a: Gholdengo|Air Balloon
|move|p1a: Weavile|Swords Dance|p1a: Weavile
|-boost|p1a: Weavile|atk|2
|
|upkeep
|turn|31
|
|t:|1743837582
|move|p1a: Weavile|Knock Off|p2a: Gholdengo
|-supereffective|p2a: Gholdengo
|-damage|p2a: Gholdengo|0 fnt
|-enditem|p2a: Gholdengo|Air Balloon
|faint|p2a: Gholdengo
|
|upkeep
|
|t:|1743837584
|switch|p2a: Araquanid|Araquanid, M|58/100 par
|-damage|p2a: Araquanid|33/100 par|[from] Stealth Rock
|turn|32
|
|t:|1743837589
|move|p2a: Araquanid|Endure|p2a: Araquanid
|-singleturn|p2a: Araquanid|move: Endure
|move|p1a: Weavile|Knock Off|p2a: Araquanid
|-activate|p2a: Araquanid|move: Endure
|-damage|p2a: Araquanid|1/100 par
|-enditem|p2a: Araquanid|Custap Berry|[from] move: Knock Off|[of] p1a: Weavile
|
|upkeep
|turn|33
|
|t:|1743837592
|move|p1a: Weavile|Ice Shard|p2a: Araquanid
|-resisted|p2a: Araquanid
|-damage|p2a: Araquanid|0 fnt
|faint|p2a: Araquanid
|
|win|94every1
|raw|94every1's rating: 1268 &rarr; <strong>1296</strong><br />(+28 for winning)
|raw|Skibidi Toothpaste's rating: 1304 &rarr; <strong>1282</strong><br />(-22 for losing)
|l|☆94every1
|player|p1|
|l|☆Skibidi Toothpaste
|player|p2|
