|j|☆d7n1el
|j|☆Piplup Waltz
|t:|1743833876
|gametype|singles
|player|p1|d7n1el|2|1217
|player|p2|Piplup Waltz|dawn|1179
|teamsize|p1|6
|teamsize|p2|6
|gen|9
|tier|[Gen 9] OU
|rated|
|rule|HP Percentage Mod: HP is shown in percentages
|rule|Endless Battle Clause: Forcing endless battles is banned
|rule|Species Clause: Limit one of each Pokémon
|rule|OHKO Clause: OHKO moves are banned
|rule|Evasion Items Clause: Evasion items are banned
|rule|Evasion Moves Clause: Evasion moves are banned
|rule|Sleep Moves Clause: Sleep-inducing moves are banned
|clearpoke
|poke|p1|Iron Valiant|
|poke|p1|Gliscor, F|
|poke|p1|Slowking-Galar, F|
|poke|p1|Great Tusk|
|poke|p1|Dragapult, F|
|poke|p1|Skarmory, F|
|poke|p2|Empoleon, M|
|poke|p2|Electivire, M|
|poke|p2|Infernape, M|
|poke|p2|Weavile, M|
|poke|p2|Garchomp, M|
|poke|p2|Clefable, F|
|teampreview
|inactive|Battle timer is ON: inactive players will automatically lose when time's up. (requested by Piplup Waltz)
|
|t:|1743833902
|start
|switch|p1a: $pin|Great Tusk|100/100
|switch|p2a: Clefable|Clefable, F, shiny|100/100
|turn|1
|
|t:|1743833913
|-end|p1a: $pin|Protosynthesis|[silent]
|switch|p1a: Bricks|Slowking-Galar, F|100/100
|move|p2a: Clefable|Moonblast|p1a: Bricks
|-resisted|p1a: Bricks
|-damage|p1a: Bricks|86/100
|-unboost|p1a: Bricks|spa|1
|
|upkeep
|turn|2
|
|t:|1743833934
|switch|p2a: Infernape|Infernape, M, shiny|100/100
|move|p1a: Bricks|Future Sight|p2a: Infernape
|-start|p1a: Bricks|move: Future Sight
|
|upkeep
|turn|3
|inactive|d7n1el has 120 seconds left.
|
|t:|1743833957
|switch|p1a: $pin|Great Tusk|100/100
|move|p2a: Infernape|U-turn|p1a: $pin
|-resisted|p1a: $pin
|-crit|p1a: $pin
|-damage|p1a: $pin|83/100
|
|t:|1743833981
|switch|p2a: Clefable|Clefable, F, shiny|100/100|[from] U-turn
|
|upkeep
|turn|4
|
|t:|1743833995
|-end|p1a: $pin|Protosynthesis|[silent]
|switch|p1a: Bricks|Slowking-Galar, F|100/100
|move|p2a: Clefable|Moonblast|p1a: Bricks
|-resisted|p1a: Bricks
|-damage|p1a: Bricks|84/100
|
|-end|p2a: Clefable|move: Future Sight
|-damage|p2a: Clefable|59/100
|upkeep
|turn|5
|
|t:|1743834003
|switch|p2a: Weavile|Weavile, M|100/100
|-ability|p2a: Weavile|Pressure
|move|p1a: Bricks|Toxic|p2a: Weavile
|-status|p2a: Weavile|tox
|
|-damage|p2a: Weavile|95/100 tox|[from] psn
|upkeep
|turn|6
|
|t:|1743834013
|switch|p1a: D Boi|Skarmory, F|100/100
|move|p2a: Weavile|Knock Off|p1a: D Boi
|-damage|p1a: D Boi|75/100
|-damage|p2a: Weavile|78/100 tox|[from] item: Rocky Helmet|[of] p1a: D Boi
|-enditem|p1a: D Boi|Rocky Helmet|[from] move: Knock Off|[of] p2a: Weavile
|
|-damage|p2a: Weavile|66/100 tox|[from] psn
|upkeep
|turn|7
|
|t:|1743834025
|switch|p2a: Infernape|Infernape, M, shiny|100/100
|move|p1a: D Boi|Spikes|p2a: Infernape
|-sidestart|p2: Piplup Waltz|Spikes
|
|upkeep
|turn|8
|
|t:|1743834037
|switch|p1a: $pin|Great Tusk|83/100
|move|p2a: Infernape|Flare Blitz|p1a: $pin
|-damage|p1a: $pin|28/100
|-damage|p2a: Infernape|78/100|[from] Recoil
|
|upkeep
|turn|9
|inactive|d7n1el has 120 seconds left.
|
|t:|1743834068
|move|p2a: Infernape|Flare Blitz|p1a: $pin
|-damage|p1a: $pin|0 fnt
|faint|p1a: $pin
|-end|p1a: $pin|Protosynthesis|[silent]
|-damage|p2a: Infernape|67/100|[from] Recoil
|
|upkeep
|
|t:|1743834079
|switch|p1a: SABRINA|Iron Valiant|100/100
|-enditem|p1a: SABRINA|Booster Energy
|-activate|p1a: SABRINA|ability: Quark Drive|[fromitem]
|-start|p1a: SABRINA|quarkdrivespe
|turn|10
|
|t:|1743834098
|switch|p2a: Empoleon|Empoleon, M|100/100
|-damage|p2a: Empoleon|88/100|[from] Spikes
|move|p1a: SABRINA|Calm Mind|p1a: SABRINA
|-boost|p1a: SABRINA|spa|1
|-boost|p1a: SABRINA|spd|1
|
|upkeep
|turn|11
|
|t:|1743834110
|move|p1a: SABRINA|Vacuum Wave|p2a: Empoleon
|-supereffective|p2a: Empoleon
|-damage|p2a: Empoleon|26/100
|move|p2a: Empoleon|Hydro Pump|p1a: SABRINA
|-damage|p1a: SABRINA|36/100
|
|upkeep
|turn|12
|
|t:|1743834117
|move|p1a: SABRINA|Vacuum Wave|p2a: Empoleon
|-supereffective|p2a: Empoleon
|-damage|p2a: Empoleon|0 fnt
|faint|p2a: Empoleon
|
|upkeep
|
|t:|1743834133
|switch|p2a: Garchomp|Garchomp, M|100/100
|-damage|p2a: Garchomp|88/100|[from] Spikes
|turn|13
|
|t:|1743834142
|-terastallize|p2a: Garchomp|Ghost
|move|p1a: SABRINA|Moonblast|p2a: Garchomp
|-damage|p2a: Garchomp|26/100
|move|p2a: Garchomp|Earthquake|p1a: SABRINA
|-damage|p1a: SABRINA|0 fnt
|faint|p1a: SABRINA
|-end|p1a: SABRINA|Quark Drive|[silent]
|
|upkeep
|inactive|d7n1el has 120 seconds left.
|
|t:|1743834153
|switch|p1a: Skuddy|Dragapult, F|100/100
|turn|14
|inactive|d7n1el has 120 seconds left.
|
|t:|1743834167
|switch|p2a: Electivire|Electivire, M, shiny|100/100
|-damage|p2a: Electivire|88/100|[from] Spikes
|move|p1a: Skuddy|Hex|p2a: Electivire
|-damage|p2a: Electivire|51/100
|
|-heal|p2a: Electivire|57/100|[from] item: Leftovers
|upkeep
|turn|15
|inactive|d7n1el has 120 seconds left.
|
|t:|1743834178
|move|p1a: Skuddy|Will-O-Wisp|p2a: Electivire
|-status|p2a: Electivire|brn
|move|p2a: Electivire|Ice Punch|p1a: Skuddy
|-supereffective|p1a: Skuddy
|-damage|p1a: Skuddy|65/100
|
|-heal|p2a: Electivire|63/100 brn|[from] item: Leftovers
|-damage|p2a: Electivire|57/100 brn|[from] brn
|upkeep
|turn|16
|inactive|d7n1el has 120 seconds left.
|
|t:|1743834189
|move|p1a: Skuddy|Hex|p2a: Electivire
|-damage|p2a: Electivire|0 fnt
|faint|p2a: Electivire
|
|upkeep
|
|t:|1743834198
|switch|p2a: Clefable|Clefable, F, shiny|59/100
|turn|17
|
|t:|1743834204
|move|p1a: Skuddy|U-turn|p2a: Clefable
|-resisted|p2a: Clefable
|-damage|p2a: Clefable|48/100
|
|t:|1743834207
|switch|p1a: Bricks|Slowking-Galar, F|100/100|[from] U-turn
|move|p2a: Clefable|Moonlight|p2a: Clefable
|-heal|p2a: Clefable|98/100
|
|upkeep
|turn|18
|
|t:|1743834217
|switch|p2a: Infernape|Infernape, M, shiny|67/100
|-damage|p2a: Infernape|54/100|[from] Spikes
|move|p1a: Bricks|Sludge Bomb|p2a: Infernape
|-damage|p2a: Infernape|5/100
|-status|p2a: Infernape|psn
|
|-damage|p2a: Infernape|0 fnt|[from] psn
|faint|p2a: Infernape
|upkeep
|
|t:|1743834233
|switch|p2a: Garchomp|Garchomp, M, tera:Ghost|26/100
|-damage|p2a: Garchomp|14/100|[from] Spikes
|turn|19
|
|t:|1743834246
|switch|p1a: Trap God|Gliscor, F|100/100
|move|p2a: Garchomp|Stealth Rock|p1a: Trap God
|-sidestart|p1: d7n1el|move: Stealth Rock
|
|-status|p1a: Trap God|tox|[from] item: Toxic Orb
|upkeep
|turn|20
|
|t:|1743834271
|switch|p2a: Clefable|Clefable, F, shiny|98/100
|-terastallize|p1a: Trap God|Water
|move|p1a: Trap God|Knock Off|p2a: Clefable
|-resisted|p2a: Clefable
|-damage|p2a: Clefable|87/100
|-enditem|p2a: Clefable|Life Orb|[from] move: Knock Off|[of] p1a: Trap God
|
|upkeep
|turn|21
|
|t:|1743834277
|move|p1a: Trap God|U-turn|p2a: Clefable
|-resisted|p2a: Clefable
|-crit|p2a: Clefable
|-damage|p2a: Clefable|74/100
|
|t:|1743834284
|switch|p1a: Bricks|Slowking-Galar, F|100/100|[from] U-turn
|move|p2a: Clefable|Moonblast|p1a: Bricks
|-resisted|p1a: Bricks
|-damage|p1a: Bricks|89/100
|
|upkeep
|turn|22
|
|t:|1743834290
|switch|p2a: Garchomp|Garchomp, M, tera:Ghost|14/100
|-damage|p2a: Garchomp|1/100|[from] Spikes
|move|p1a: Bricks|Sludge Bomb|p2a: Garchomp
|-resisted|p2a: Garchomp
|-damage|p2a: Garchomp|0 fnt
|faint|p2a: Garchomp
|
|upkeep
|
|t:|1743834293
|switch|p2a: Weavile|Weavile, M|66/100 tox
|-ability|p2a: Weavile|Pressure
|turn|23
|
|t:|1743834300
|switch|p1a: D Boi|Skarmory, F|75/100
|-damage|p1a: D Boi|63/100|[from] Stealth Rock
|move|p2a: Weavile|Swords Dance|p2a: Weavile
|-boost|p2a: Weavile|atk|2
|
|-damage|p2a: Weavile|60/100 tox|[from] psn
|upkeep
|turn|24
|
|t:|1743834304
|move|p2a: Weavile|Triple Axel|p1a: D Boi
|-damage|p1a: D Boi|52/100
|-hitcount|p1a: D Boi|1
|move|p1a: D Boi|Whirlwind|p2a: Weavile
|drag|p2a: Clefable|Clefable, F, shiny|74/100
|
|upkeep
|turn|25
|
|t:|1743834311
|move|p1a: D Boi|Spikes|p2a: Clefable
|-sidestart|p2: Piplup Waltz|Spikes
|move|p2a: Clefable|Flamethrower|p1a: D Boi
|-supereffective|p1a: D Boi
|-damage|p1a: D Boi|0 fnt
|faint|p1a: D Boi
|
|upkeep
|
|t:|1743834318
|switch|p1a: Bricks|Slowking-Galar, F|100/100
|turn|26
|
|t:|1743834329
|move|p2a: Clefable|Ice Beam|p1a: Bricks
|-damage|p1a: Bricks|83/100
|move|p1a: Bricks|Sludge Bomb|p2a: Clefable
|-supereffective|p2a: Clefable
|-damage|p2a: Clefable|5/100
|
|upkeep
|turn|27
|
|t:|1743834337
|move|p2a: Clefable|Ice Beam|p1a: Bricks
|-damage|p1a: Bricks|68/100
|move|p1a: Bricks|Sludge Bomb|p2a: Clefable
|-supereffective|p2a: Clefable
|-damage|p2a: Clefable|0 fnt
|faint|p2a: Clefable
|
|upkeep
|
|t:|1743834342
|switch|p2a: Weavile|Weavile, M|60/100 tox
|-ability|p2a: Weavile|Pressure
|turn|28
|
|t:|1743834348
|move|p2a: Weavile|Swords Dance|p2a: Weavile
|-boost|p2a: Weavile|atk|2
|move|p1a: Bricks|Sludge Bomb|p2a: Weavile
|-damage|p2a: Weavile|12/100 tox
|
|-damage|p2a: Weavile|6/100 tox|[from] psn
|upkeep
|turn|29
|
|t:|1743834353
|move|p2a: Weavile|Knock Off|p1a: Bricks
|-supereffective|p1a: Bricks
|-damage|p1a: Bricks|0 fnt
|-enditem|p1a: Bricks|Heavy-Duty Boots|[from] move: Knock Off|[of] p2a: Weavile
|faint|p1a: Bricks
|
|-damage|p2a: Weavile|0 fnt|[from] psn
|faint|p2a: Weavile
|
|win|d7n1el
|raw|d7n1el's rating: 1217 &rarr; <strong>1239</strong><br />(+22 for winning)
|raw|Piplup Waltz's rating: 1179 &rarr; <strong>1157</strong><br />(-22 for losing)
|l|☆Piplup Waltz
|player|p2|
|l|☆d7n1el
|player|p1|
