|j|☆venator
|j|☆Letnat3103
|t:|1743874501
|gametype|singles
|player|p1|venator|acetrainer-gen4dp|1115
|player|p2|Letnat3103|169|1159
|teamsize|p1|6
|teamsize|p2|6
|gen|9
|tier|[Gen 9] OU
|rated|
|rule|HP Percentage Mod: HP is shown in percentages
|rule|Endless Battle Clause: Forcing endless battles is banned
|rule|Species Clause: Limit one of each Pokémon
|rule|OHKO Clause: OHKO moves are banned
|rule|Evasion Items Clause: Evasion items are banned
|rule|Evasion Moves Clause: Evasion moves are banned
|rule|Sleep Moves Clause: Sleep-inducing moves are banned
|clearpoke
|poke|p1|Magmortar, M|
|poke|p1|Azumarill, F|
|poke|p1|Vileplume, F|
|poke|p1|Clefable, F|
|poke|p1|Mightyena, F|
|poke|p1|Metagross|
|poke|p2|Slowking-Galar, F|
|poke|p2|Primarina, M|
|poke|p2|Dragapult, F|
|poke|p2|Lokix, F|
|poke|p2|Great Tusk|
|poke|p2|Iron Crown|
|teampreview
|
|t:|1743874509
|start
|switch|p1a: Mightyena|Mightyena, F|100/100
|switch|p2a: Great Tusk|Great Tusk|100/100
|-ability|p1a: Mightyena|Intimidate|boost
|-unboost|p2a: Great Tusk|atk|1
|turn|1
|
|t:|1743874518
|-terastallize|p1a: Mightyena|Ghost
|move|p2a: Great Tusk|Stealth Rock|p1a: Mightyena
|-sidestart|p1: venator|move: Stealth Rock
|move|p1a: Mightyena|Taunt|p2a: Great Tusk
|-start|p2a: Great Tusk|move: Taunt
|
|upkeep
|turn|2
|
|t:|1743874530
|move|p1a: Mightyena|Sucker Punch|p2a: Great Tusk
|-resisted|p2a: Great Tusk
|-damage|p2a: Great Tusk|92/100
|move|p2a: Great Tusk|Knock Off|p1a: Mightyena
|-supereffective|p1a: Mightyena
|-damage|p1a: Mightyena|42/100
|-enditem|p1a: Mightyena|Focus Sash|[from] move: Knock Off|[of] p2a: Great Tusk
|
|-heal|p2a: Great Tusk|98/100|[from] item: Leftovers
|upkeep
|turn|3
|
|t:|1743874540
|move|p2a: Great Tusk|Earthquake|p1a: Mightyena
|-damage|p1a: Mightyena|0 fnt
|faint|p1a: Mightyena
|
|-heal|p2a: Great Tusk|100/100|[from] item: Leftovers
|upkeep
|
|t:|1743874547
|switch|p1a: Clefable|Clefable, F|100/100
|turn|4
|
|t:|1743874553
|-end|p2a: Great Tusk|Protosynthesis|[silent]
|switch|p2a: Slowking|Slowking-Galar, F|100/100
|move|p1a: Clefable|Calm Mind|p1a: Clefable
|-boost|p1a: Clefable|spa|1
|-boost|p1a: Clefable|spd|1
|
|upkeep
|turn|5
|
|t:|1743874562
|move|p1a: Clefable|Blizzard|p2a: Slowking|[miss]
|-miss|p1a: Clefable|p2a: Slowking
|move|p2a: Slowking|Sludge Bomb|p1a: Clefable
|-supereffective|p1a: Clefable
|-damage|p1a: Clefable|55/100
|-status|p1a: Clefable|psn
|
|upkeep
|turn|6
|
|t:|1743874572
|move|p1a: Clefable|Blizzard|p2a: Slowking|[miss]
|-miss|p1a: Clefable|p2a: Slowking
|move|p2a: Slowking|Sludge Bomb|p1a: Clefable
|-supereffective|p1a: Clefable
|-damage|p1a: Clefable|6/100 psn
|
|upkeep
|turn|7
|
|t:|1743874579
|move|p1a: Clefable|Blizzard|p2a: Slowking|[miss]
|-miss|p1a: Clefable|p2a: Slowking
|move|p2a: Slowking|Sludge Bomb|p1a: Clefable
|-supereffective|p1a: Clefable
|-damage|p1a: Clefable|0 fnt
|faint|p1a: Clefable
|
|upkeep
|-message|venator forfeited.
|
|win|Letnat3103
|raw|venator's rating: 1115 &rarr; <strong>1093</strong><br />(-22 for losing)
|raw|Letnat3103's rating: 1159 &rarr; <strong>1181</strong><br />(+22 for winning)
|l|☆venator
|player|p1|
|l|☆Letnat3103
|player|p2|
