|j|☆Fenua dream
|j|☆Hitcritical
|t:|1743911895
|gametype|singles
|player|p1|Fenua dream|102|1056
|player|p2|Hitcritical|policeman-gen4|1061
|teamsize|p1|6
|teamsize|p2|6
|gen|9
|tier|[Gen 9] OU
|rated|
|rule|HP Percentage Mod: HP is shown in percentages
|rule|Endless Battle Clause: Forcing endless battles is banned
|rule|Species Clause: Limit one of each Pokémon
|rule|OHKO Clause: OHKO moves are banned
|rule|Evasion Items Clause: Evasion items are banned
|rule|Evasion Moves Clause: Evasion moves are banned
|rule|Sleep Moves Clause: Sleep-inducing moves are banned
|clearpoke
|poke|p1|Samurott-Hisui, M|
|poke|p1|Cinderace, F|
|poke|p1|Deoxys-Speed|
|poke|p1|Serperior, F|
|poke|p1|Kyurem|
|poke|p1|Iron Valiant|
|poke|p2|Polteageist|
|poke|p2|Ting-Lu|
|poke|p2|Goodra-Hisui, F|
|poke|p2|Rotom-Heat|
|poke|p2|Ogerpon-Wellspring, F|
|poke|p2|Great Tusk|
|teampreview
|
|t:|1743911909
|start
|switch|p1a: Deoxys|Deoxys-Speed, shiny|100/100
|switch|p2a: Ting-Lu|Ting-Lu|100/100
|-ability|p1a: Deoxys|Pressure
|-ability|p2a: Ting-Lu|Vessel of Ruin
|turn|1
|
|t:|1743911925
|move|p1a: Deoxys|Focus Blast|p2a: Ting-Lu
|-supereffective|p2a: Ting-Lu
|-damage|p2a: Ting-Lu|61/100
|-damage|p1a: Deoxys|91/100|[from] item: Life Orb
|move|p2a: Ting-Lu|Spikes|p1a: Deoxys
|-sidestart|p1: Fenua dream|Spikes
|
|-heal|p2a: Ting-Lu|67/100|[from] item: Leftovers
|upkeep
|turn|2
|
|t:|1743911938
|-terastallize|p1a: Deoxys|Fighting
|move|p1a: Deoxys|Focus Blast|p2a: Ting-Lu
|-supereffective|p2a: Ting-Lu
|-damage|p2a: Ting-Lu|3/100
|-damage|p1a: Deoxys|81/100|[from] item: Life Orb
|move|p2a: Ting-Lu|Spikes|p1a: Deoxys
|-sidestart|p1: Fenua dream|Spikes
|
|-heal|p2a: Ting-Lu|9/100|[from] item: Leftovers
|upkeep
|turn|3
|
|t:|1743911951
|move|p1a: Deoxys|Dark Pulse|p2a: Ting-Lu
|-resisted|p2a: Ting-Lu
|-damage|p2a: Ting-Lu|2/100
|-damage|p1a: Deoxys|71/100|[from] item: Life Orb
|move|p2a: Ting-Lu|Stealth Rock|p1a: Deoxys
|-sidestart|p1: Fenua dream|move: Stealth Rock
|
|-heal|p2a: Ting-Lu|8/100|[from] item: Leftovers
|upkeep
|turn|4
|
|t:|1743911966
|move|p1a: Deoxys|Focus Blast|p2a: Ting-Lu
|-supereffective|p2a: Ting-Lu
|-damage|p2a: Ting-Lu|0 fnt
|faint|p2a: Ting-Lu
|-damage|p1a: Deoxys|61/100|[from] item: Life Orb
|
|upkeep
|
|t:|1743911975
|switch|p2a: Polteageist|Polteageist|100/100
|turn|5
|
|t:|1743911979
|move|p1a: Deoxys|Dark Pulse|p2a: Polteageist
|-supereffective|p2a: Polteageist
|-damage|p2a: Polteageist|30/100
|-damage|p1a: Deoxys|51/100|[from] item: Life Orb
|move|p2a: Polteageist|Shell Smash|p2a: Polteageist
|-unboost|p2a: Polteageist|def|1
|-unboost|p2a: Polteageist|spd|1
|-boost|p2a: Polteageist|atk|2
|-boost|p2a: Polteageist|spa|2
|-boost|p2a: Polteageist|spe|2
|
|upkeep
|turn|6
|
|t:|1743911998
|move|p2a: Polteageist|Shadow Ball|p1a: Deoxys
|-damage|p1a: Deoxys|0 fnt
|faint|p1a: Deoxys
|
|upkeep
|
|t:|1743912005
|switch|p1a: Samurott|Samurott-Hisui, M, shiny|100/100
|turn|7
|
|t:|1743912013
|-terastallize|p2a: Polteageist|Fighting
|move|p2a: Polteageist|Tera Blast|p1a: Samurott|[anim] Tera Blast Fighting
|-supereffective|p1a: Samurott
|-damage|p1a: Samurott|0 fnt
|faint|p1a: Samurott
|
|upkeep
|
|t:|1743912020
|switch|p1a: Iron Valiant|Iron Valiant, shiny|100/100
|-damage|p1a: Iron Valiant|84/100|[from] Spikes
|-damage|p1a: Iron Valiant|78/100|[from] Stealth Rock
|-enditem|p1a: Iron Valiant|Booster Energy
|-activate|p1a: Iron Valiant|ability: Quark Drive|[fromitem]
|-start|p1a: Iron Valiant|quarkdriveatk
|turn|8
|
|t:|1743912033
|move|p2a: Polteageist|Stored Power|p1a: Iron Valiant
|-supereffective|p1a: Iron Valiant
|-damage|p1a: Iron Valiant|0 fnt
|faint|p1a: Iron Valiant
|-end|p1a: Iron Valiant|Quark Drive|[silent]
|
|upkeep
|
|t:|1743912041
|switch|p1a: Cinderace|Cinderace, F, shiny|100/100
|-damage|p1a: Cinderace|84/100|[from] Spikes
|-damage|p1a: Cinderace|59/100|[from] Stealth Rock
|turn|9
|
|t:|1743912048
|move|p1a: Cinderace|Pyro Ball|p2a: Polteageist
|-damage|p2a: Polteageist|0 fnt
|faint|p2a: Polteageist
|
|upkeep
|
|t:|1743912064
|switch|p2a: Great Tusk|Great Tusk|100/100
|turn|10
|
|t:|1743912068
|switch|p1a: Serperior|Serperior, F, shiny|100/100
|-damage|p1a: Serperior|84/100|[from] Spikes
|-damage|p1a: Serperior|72/100|[from] Stealth Rock
|move|p2a: Great Tusk|Headlong Rush|p1a: Serperior
|-resisted|p1a: Serperior
|-damage|p1a: Serperior|35/100
|-unboost|p2a: Great Tusk|def|1
|-unboost|p2a: Great Tusk|spd|1
|
|-heal|p1a: Serperior|41/100|[from] item: Leftovers
|upkeep
|turn|11
|
|t:|1743912081
|-end|p2a: Great Tusk|Protosynthesis|[silent]
|switch|p2a: Rotom|Rotom-Heat|100/100
|move|p1a: Serperior|Leaf Storm|p2a: Rotom
|-resisted|p2a: Rotom
|-damage|p2a: Rotom|76/100
|-boost|p1a: Serperior|spa|2
|
|-heal|p1a: Serperior|47/100|[from] item: Leftovers
|upkeep
|turn|12
|
|t:|1743912091
|move|p1a: Serperior|Dragon Pulse|p2a: Rotom
|-damage|p2a: Rotom|31/100
|move|p2a: Rotom|Volt Switch|p1a: Serperior
|-resisted|p1a: Serperior
|-damage|p1a: Serperior|31/100
|
|t:|1743912104
|switch|p2a: Goodra|Goodra-Hisui, F|100/100|[from] Volt Switch
|
|-heal|p1a: Serperior|37/100|[from] item: Leftovers
|upkeep
|turn|13
|
|t:|1743912110
|move|p1a: Serperior|Dragon Pulse|p2a: Goodra
|-damage|p2a: Goodra|83/100
|move|p2a: Goodra|Flamethrower|p1a: Serperior
|-supereffective|p1a: Serperior
|-damage|p1a: Serperior|0 fnt
|faint|p1a: Serperior
|
|upkeep
|
|t:|1743912119
|switch|p1a: Cinderace|Cinderace, F, shiny|59/100
|-damage|p1a: Cinderace|42/100|[from] Spikes
|-damage|p1a: Cinderace|17/100|[from] Stealth Rock
|turn|14
|
|t:|1743912129
|move|p1a: Cinderace|High Jump Kick|p2a: Goodra
|-start|p1a: Cinderace|typechange|Fighting|[from] ability: Libero
|-supereffective|p2a: Goodra
|-damage|p2a: Goodra|0 fnt
|faint|p2a: Goodra
|
|upkeep
|
|t:|1743912142
|switch|p2a: Rotom|Rotom-Heat|31/100
|turn|15
|
|t:|1743912146
|move|p1a: Cinderace|High Jump Kick|p2a: Rotom
|-damage|p2a: Rotom|0 fnt
|faint|p2a: Rotom
|
|upkeep
|
|t:|1743912155
|switch|p2a: Ogerpon|Ogerpon-Wellspring, F|100/100
|turn|16
|
|t:|1743912159
|move|p1a: Cinderace|High Jump Kick|p2a: Ogerpon
|-damage|p2a: Ogerpon|17/100
|move|p2a: Ogerpon|Play Rough|p1a: Cinderace|[miss]
|-miss|p2a: Ogerpon|p1a: Cinderace
|
|upkeep
|turn|17
|
|t:|1743912167
|move|p1a: Cinderace|High Jump Kick|p2a: Ogerpon
|-damage|p2a: Ogerpon|0 fnt
|faint|p2a: Ogerpon
|
|upkeep
|
|t:|1743912172
|switch|p2a: Great Tusk|Great Tusk|100/100
|turn|18
|
|t:|1743912175
|move|p1a: Cinderace|High Jump Kick|p2a: Great Tusk
|-damage|p2a: Great Tusk|58/100
|-damage|p1a: Cinderace|1/100|[from] item: Rocky Helmet|[of] p2a: Great Tusk
|move|p2a: Great Tusk|Headlong Rush|p1a: Cinderace
|-damage|p1a: Cinderace|0 fnt
|-unboost|p2a: Great Tusk|def|1
|-unboost|p2a: Great Tusk|spd|1
|faint|p1a: Cinderace
|
|upkeep
|
|t:|1743912186
|switch|p1a: Kyurem|Kyurem, shiny|100/100
|-damage|p1a: Kyurem|84/100|[from] Spikes
|-damage|p1a: Kyurem|59/100|[from] Stealth Rock
|-ability|p1a: Kyurem|Pressure
|turn|19
|
|t:|1743912208
|move|p2a: Great Tusk|Headlong Rush|p1a: Kyurem
|-damage|p1a: Kyurem|4/100
|-unboost|p2a: Great Tusk|def|1
|-unboost|p2a: Great Tusk|spd|1
|move|p1a: Kyurem|Blizzard|p2a: Great Tusk|[miss]
|-miss|p1a: Kyurem|p2a: Great Tusk
|
|upkeep
|turn|20
|
|t:|1743912218
|move|p2a: Great Tusk|Headlong Rush|p1a: Kyurem
|-damage|p1a: Kyurem|0 fnt
|-unboost|p2a: Great Tusk|def|1
|-unboost|p2a: Great Tusk|spd|1
|faint|p1a: Kyurem
|
|win|Hitcritical
|raw|Fenua dream's rating: 1056 &rarr; <strong>1038</strong><br />(-18 for losing)
|raw|Hitcritical's rating: 1061 &rarr; <strong>1091</strong><br />(+30 for winning)
|l|☆Hitcritical
|player|p2|
|l|☆Fenua dream
|player|p1|
