|j|☆Talonshadow
|j|☆OUZQ Kus
|t:|1743902419
|gametype|singles
|player|p1|Talonshadow|101|1673
|player|p2|OUZQ Kus|rosa-masters|1724
|teamsize|p1|6
|teamsize|p2|6
|gen|9
|tier|[Gen 9] OU
|rated|
|rule|HP Percentage Mod: HP is shown in percentages
|rule|Endless Battle Clause: Forcing endless battles is banned
|rule|Species Clause: Limit one of each Pokémon
|rule|OHKO Clause: OHKO moves are banned
|rule|Evasion Items Clause: Evasion items are banned
|rule|Evasion Moves Clause: Evasion moves are banned
|rule|Sleep Moves Clause: Sleep-inducing moves are banned
|clearpoke
|poke|p1|Ceruledge, F|
|poke|p1|Great Tusk|
|poke|p1|Ninetales, M|
|poke|p1|Walking Wake|
|poke|p1|Venusaur, M|
|poke|p1|Hatterene, F|
|poke|p2|Ting-Lu|
|poke|p2|Corviknight, M|
|poke|p2|Darkrai|
|poke|p2|Cinderace, F|
|poke|p2|Kyurem|
|poke|p2|Slowking-Galar, F|
|teampreview
|j| MiniLarry
|inactive|Battle timer is ON: inactive players will automatically lose when time's up. (requested by OUZQ Kus)
|
|t:|1743902457
|start
|switch|p1a: Ninetales|Ninetales, M|100/100
|switch|p2a: Hide and Seek|Slowking-Galar, F|100/100
|-weather|SunnyDay|[from] ability: Drought|[of] p1a: Ninetales
|turn|1
|
|t:|1743902464
|move|p1a: Ninetales|Weather Ball|p2a: Hide and Seek
|-damage|p2a: Hide and Seek|67/100
|-prepare|p2a: Hide and Seek|Chilly Reception|[premajor]
|move|p2a: Hide and Seek|Chilly Reception|p2a: Hide and Seek
|-weather|Snowscape
|
|t:|1743902474
|switch|p2a: Daylight Robbery|Cinderace, F|100/100|[from] Chilly Reception
|
|-weather|Snowscape|[upkeep]
|upkeep
|turn|2
|
|t:|1743902483
|move|p2a: Daylight Robbery|U-turn|p1a: Ninetales
|-resisted|p1a: Ninetales
|-damage|p1a: Ninetales|87/100
|
|t:|1743902486
|switch|p2a: Hide and Seek|Slowking-Galar, F|99/100|[from] U-turn
|move|p1a: Ninetales|Scorching Sands|p2a: Hide and Seek
|-supereffective|p2a: Hide and Seek
|-damage|p2a: Hide and Seek|80/100
|
|-weather|Snowscape|[upkeep]
|upkeep
|turn|3
|
|t:|1743902495
|switch|p1a: Great Tusk|Great Tusk|100/100
|move|p2a: Hide and Seek|Sludge Bomb|p1a: Great Tusk
|-resisted|p1a: Great Tusk
|-damage|p1a: Great Tusk|74/100
|
|-weather|Snowscape|[upkeep]
|upkeep
|turn|4
|j| poli sci
|
|t:|1743902505
|-end|p1a: Great Tusk|Protosynthesis|[silent]
|switch|p1a: Ceruledge|Ceruledge, F|100/100
|switch|p2a: The Walk|Kyurem|100/100
|-ability|p2a: The Walk|Pressure
|
|-weather|Snowscape|[upkeep]
|upkeep
|turn|5
|
|t:|1743902511
|move|p2a: The Walk|Earth Power|p1a: Ceruledge
|-supereffective|p1a: Ceruledge
|-enditem|p1a: Ceruledge|Focus Sash
|-damage|p1a: Ceruledge|1/100
|move|p1a: Ceruledge|Swords Dance|p1a: Ceruledge
|-boost|p1a: Ceruledge|atk|2
|
|-weather|none
|upkeep
|turn|6
|
|t:|1743902527
|switch|p1a: Hatterene|Hatterene, F|100/100
|move|p2a: The Walk|Earth Power|p1a: Hatterene
|-damage|p1a: Hatterene|54/100
|
|-heal|p1a: Hatterene|60/100|[from] item: Leftovers
|upkeep
|turn|7
|
|t:|1743902535
|switch|p2a: Hide and Seek|Slowking-Galar, F|100/100
|move|p1a: Hatterene|Nuzzle|p2a: Hide and Seek
|-damage|p2a: Hide and Seek|97/100
|-status|p2a: Hide and Seek|par
|
|-heal|p1a: Hatterene|66/100|[from] item: Leftovers
|upkeep
|turn|8
|
|t:|1743902544
|switch|p1a: Ceruledge|Ceruledge, F|1/100
|-prepare|p2a: Hide and Seek|Chilly Reception|[premajor]
|cant|p2a: Hide and Seek|par
|
|upkeep
|turn|9
|
|t:|1743902555
|switch|p2a: Daylight Robbery|Cinderace, F|100/100
|move|p1a: Ceruledge|Bitter Blade|p2a: Daylight Robbery
|-resisted|p2a: Daylight Robbery
|-damage|p2a: Daylight Robbery|71/100
|-heal|p1a: Ceruledge|19/100|[from] drain|[of] p2a: Daylight Robbery
|
|upkeep
|turn|10
|
|t:|1743902566
|switch|p1a: Ninetales|Ninetales, M|87/100
|-weather|SunnyDay|[from] ability: Drought|[of] p1a: Ninetales
|move|p2a: Daylight Robbery|Pyro Ball|p1a: Ninetales
|-resisted|p1a: Ninetales
|-damage|p1a: Ninetales|34/100
|
|-weather|SunnyDay|[upkeep]
|upkeep
|turn|11
|
|t:|1743902572
|switch|p1a: Walking Wake|Walking Wake|100/100
|-activate|p1a: Walking Wake|ability: Protosynthesis
|-start|p1a: Walking Wake|protosynthesisspe
|move|p2a: Daylight Robbery|U-turn|p1a: Walking Wake
|-damage|p1a: Walking Wake|79/100
|
|t:|1743902578
|switch|p2a: Hide and Seek|Slowking-Galar, F|100/100 par|[from] U-turn
|
|-weather|SunnyDay|[upkeep]
|upkeep
|turn|12
|
|t:|1743902584
|-terastallize|p1a: Walking Wake|Water
|move|p1a: Walking Wake|Hydro Steam|p2a: Hide and Seek
|-damage|p2a: Hide and Seek|35/100 par
|-prepare|p2a: Hide and Seek|Chilly Reception|[premajor]
|move|p2a: Hide and Seek|Chilly Reception|p2a: Hide and Seek
|-weather|Snowscape
|-end|p1a: Walking Wake|Protosynthesis
|
|t:|1743902587
|switch|p2a: The Walk|Kyurem|100/100|[from] Chilly Reception
|-ability|p2a: The Walk|Pressure
|
|-weather|Snowscape|[upkeep]
|upkeep
|turn|13
|
|t:|1743902596
|-end|p1a: Walking Wake|Protosynthesis|[silent]
|switch|p1a: Hatterene|Hatterene, F|66/100
|move|p2a: The Walk|Earth Power|p1a: Hatterene
|-damage|p1a: Hatterene|17/100
|
|-weather|Snowscape|[upkeep]
|-heal|p1a: Hatterene|23/100|[from] item: Leftovers
|upkeep
|turn|14
|
|t:|1743902601
|switch|p1a: Venusaur|Venusaur, M|100/100
|move|p2a: The Walk|Earth Power|p1a: Venusaur
|-damage|p1a: Venusaur|49/100
|
|-weather|Snowscape|[upkeep]
|upkeep
|turn|15
|
|t:|1743902606
|switch|p1a: Ninetales|Ninetales, M|34/100
|-weather|SunnyDay|[from] ability: Drought|[of] p1a: Ninetales
|move|p2a: The Walk|Earth Power|p1a: Ninetales
|-supereffective|p1a: Ninetales
|-damage|p1a: Ninetales|0 fnt
|faint|p1a: Ninetales
|
|-weather|SunnyDay|[upkeep]
|upkeep
|
|t:|1743902612
|switch|p1a: Walking Wake|Walking Wake, tera:Water|79/100
|-activate|p1a: Walking Wake|ability: Protosynthesis
|-start|p1a: Walking Wake|protosynthesisspe
|turn|16
|
|t:|1743902623
|switch|p2a: Daylight Robbery|Cinderace, F|71/100
|move|p1a: Walking Wake|Hydro Steam|p2a: Daylight Robbery
|-supereffective|p2a: Daylight Robbery
|-damage|p2a: Daylight Robbery|0 fnt
|faint|p2a: Daylight Robbery
|
|-weather|SunnyDay|[upkeep]
|upkeep
|
|t:|1743902629
|switch|p2a: The Walk|Kyurem|100/100
|-ability|p2a: The Walk|Pressure
|turn|17
|
|t:|1743902637
|-end|p1a: Walking Wake|Protosynthesis|[silent]
|switch|p1a: Hatterene|Hatterene, F|23/100
|move|p2a: The Walk|Freeze-Dry|p1a: Hatterene
|-damage|p1a: Hatterene|0 fnt
|faint|p1a: Hatterene
|
|-weather|SunnyDay|[upkeep]
|upkeep
|
|t:|1743902640
|switch|p1a: Walking Wake|Walking Wake, tera:Water|79/100
|-activate|p1a: Walking Wake|ability: Protosynthesis
|-start|p1a: Walking Wake|protosynthesisspe
|turn|18
|
|t:|1743902651
|switch|p2a: Clear the Area|Corviknight, M|100/100
|-ability|p2a: Clear the Area|Pressure
|move|p1a: Walking Wake|Hydro Steam|p2a: Clear the Area
|-damage|p2a: Clear the Area|0 fnt
|faint|p2a: Clear the Area
|
|-weather|SunnyDay|[upkeep]
|upkeep
|
|t:|1743902654
|switch|p2a: Hide and Seek|Slowking-Galar, F|68/100 par
|turn|19
|
|t:|1743902667
|-terastallize|p2a: Hide and Seek|Water
|move|p1a: Walking Wake|Hydro Steam|p2a: Hide and Seek
|-resisted|p2a: Hide and Seek
|-damage|p2a: Hide and Seek|31/100 par
|-prepare|p2a: Hide and Seek|Chilly Reception|[premajor]
|move|p2a: Hide and Seek|Chilly Reception|p2a: Hide and Seek
|-weather|Snowscape
|-end|p1a: Walking Wake|Protosynthesis
|
|t:|1743902674
|switch|p2a: The Walk|Kyurem|100/100|[from] Chilly Reception
|-ability|p2a: The Walk|Pressure
|
|-weather|Snowscape|[upkeep]
|upkeep
|turn|20
|-message|Talonshadow forfeited.
|
|win|OUZQ Kus
|raw|Talonshadow's rating: 1673 &rarr; <strong>1656</strong><br />(-17 for losing)
|raw|OUZQ Kus's rating: 1724 &rarr; <strong>1741</strong><br />(+17 for winning)
|l|☆Talonshadow
|player|p1|
|l| poli sci
|l|☆OUZQ Kus
|player|p2|
