|badge|p1|bronze|gen9ou|100-5
|uhtml|medal-msg|<div class="broadcast-blue">Curious what those medals under the avatar are? PS now has Ladder Seasons! For more information, check out the <a href="https://www.smogon.com/forums/threads/3740067/">thread on Smogon.</a></div>
|badge|p2|bronze|gen9ou|100-5
|uhtml|medal-msg|<div class="broadcast-blue">Curious what those medals under the avatar are? PS now has Ladder Seasons! For more information, check out the <a href="https://www.smogon.com/forums/threads/3740067/">thread on Smogon.</a></div>
|j|☆Billygunter
|j|☆2(H2O)
|t:|1743832203
|gametype|singles
|player|p1|Billygunter|266|1878
|player|p2|2(H2O)|chase|1824
|teamsize|p1|6
|teamsize|p2|6
|gen|9
|tier|[Gen 9] OU
|rated|
|rule|HP Percentage Mod: HP is shown in percentages
|rule|Endless Battle Clause: Forcing endless battles is banned
|rule|Species Clause: Limit one of each Pokémon
|rule|OHKO Clause: OHKO moves are banned
|rule|Evasion Items Clause: Evasion items are banned
|rule|Evasion Moves Clause: Evasion moves are banned
|rule|Sleep Moves Clause: Sleep-inducing moves are banned
|clearpoke
|poke|p1|Cobalion|
|poke|p1|Pecharunt|
|poke|p1|Ting-Lu|
|poke|p1|Ogerpon-Wellspring, F|
|poke|p1|Dragapult, M|
|poke|p1|Great Tusk|
|poke|p2|Thundurus-Therian, M|
|poke|p2|Goodra-Hisui, F|
|poke|p2|Cinderace, F|
|poke|p2|Landorus-Therian, M|
|poke|p2|Iron Valiant|
|poke|p2|Kingambit, F|
|teampreview
|inactive|Battle timer is ON: inactive players will automatically lose when time's up. (requested by Billygunter)
|c|☆2(H2O)|hf big bro
|
|t:|1743832253
|start
|switch|p1a: Dragapult|Dragapult, M|100/100
|switch|p2a: Goodra|Goodra-Hisui, F|100/100
|turn|1
|
|t:|1743832260
|move|p1a: Dragapult|U-turn|p2a: Goodra
|-resisted|p2a: Goodra
|-damage|p2a: Goodra|90/100
|
|t:|1743832263
|switch|p1a: Ting-Lu|Ting-Lu|100/100|[from] U-turn
|-ability|p1a: Ting-Lu|Vessel of Ruin
|move|p2a: Goodra|Draco Meteor|p1a: Ting-Lu
|-damage|p1a: Ting-Lu|72/100
|-unboost|p2a: Goodra|spa|2
|
|-heal|p1a: Ting-Lu|78/100|[from] item: Leftovers
|upkeep
|turn|2
|
|t:|1743832279
|switch|p2a: Thundurus|Thundurus-Therian, M|100/100
|move|p1a: Ting-Lu|Ruination|p2a: Thundurus
|-damage|p2a: Thundurus|51/100
|
|-heal|p1a: Ting-Lu|85/100|[from] item: Leftovers
|upkeep
|turn|3
|
|t:|1743832287
|move|p2a: Thundurus|Grass Knot|p1a: Ting-Lu
|-supereffective|p1a: Ting-Lu
|-damage|p1a: Ting-Lu|20/100
|move|p1a: Ting-Lu|Spikes|p2a: Thundurus
|-sidestart|p2: 2(H2O)|Spikes
|
|-heal|p1a: Ting-Lu|27/100|[from] item: Leftovers
|upkeep
|turn|4
|
|t:|1743832302
|switch|p2a: Goodra|Goodra-Hisui, F|90/100
|-damage|p2a: Goodra|78/100|[from] Spikes
|switch|p1a: Dragapult|Dragapult, M|100/100
|
|upkeep
|turn|5
|
|t:|1743832311
|move|p1a: Dragapult|U-turn|p2a: Goodra
|-resisted|p2a: Goodra
|-damage|p2a: Goodra|69/100
|
|t:|1743832317
|switch|p1a: Cobalion|Cobalion|100/100|[from] U-turn
|move|p2a: Goodra|Flash Cannon|p1a: Cobalion
|-resisted|p1a: Cobalion
|-damage|p1a: Cobalion|73/100
|
|upkeep
|turn|6
|
|t:|1743832325
|switch|p1a: Ogerpon|Ogerpon-Wellspring, F|100/100
|switch|p2a: Landorus|Landorus-Therian, M|100/100
|-ability|p2a: Landorus|Intimidate|boost
|-unboost|p1a: Ogerpon|atk|1
|
|upkeep
|turn|7
|
|t:|1743832344
|switch|p2a: Goodra|Goodra-Hisui, F|69/100
|-damage|p2a: Goodra|57/100|[from] Spikes
|move|p1a: Ogerpon|Ivy Cudgel|p2a: Goodra|[anim] Ivy Cudgel Water
|-resisted|p2a: Goodra
|-damage|p2a: Goodra|34/100
|
|upkeep
|turn|8
|
|t:|1743832360
|switch|p2a: Cinderace|Cinderace, F|100/100
|move|p1a: Ogerpon|Knock Off|p2a: Cinderace
|-damage|p2a: Cinderace|63/100
|-enditem|p2a: Cinderace|Heavy-Duty Boots|[from] move: Knock Off|[of] p1a: Ogerpon
|
|upkeep
|turn|9
|
|t:|1743832368
|switch|p1a: Dragapult|Dragapult, M|100/100
|move|p2a: Cinderace|Court Change|p2a: Cinderace
|-swapsideconditions
|-activate|p2a: Cinderace|move: Court Change
|
|upkeep
|turn|10
|
|t:|1743832374
|switch|p2a: Kingambit|Kingambit, F|100/100
|move|p1a: Dragapult|U-turn|p2a: Kingambit
|-damage|p2a: Kingambit|83/100
|
|t:|1743832392
|switch|p1a: Great Tusk|Great Tusk|100/100|[from] U-turn
|
|upkeep
|turn|11
|j| PQPP214
|
|t:|1743832398
|-end|p2a: Kingambit|fallenundefined|[silent]
|switch|p2a: Iron Valiant|Iron Valiant|100/100
|-enditem|p2a: Iron Valiant|Booster Energy
|-activate|p2a: Iron Valiant|ability: Quark Drive|[fromitem]
|-start|p2a: Iron Valiant|quarkdrivespe
|move|p1a: Great Tusk|Ice Spinner|p2a: Iron Valiant
|-crit|p2a: Iron Valiant
|-damage|p2a: Iron Valiant|47/100
|
|upkeep
|turn|12
|
|t:|1743832408
|-end|p1a: Great Tusk|Protosynthesis|[silent]
|switch|p1a: Pecharunt|Pecharunt|100/100
|-item|p1a: Pecharunt|Air Balloon
|move|p2a: Iron Valiant|Swords Dance|p2a: Iron Valiant
|-boost|p2a: Iron Valiant|atk|2
|
|upkeep
|turn|13
|
|t:|1743832417
|-terastallize|p2a: Iron Valiant|Steel
|move|p2a: Iron Valiant|Knock Off|p1a: Pecharunt
|-supereffective|p1a: Pecharunt
|-damage|p1a: Pecharunt|34/100
|-enditem|p1a: Pecharunt|Air Balloon
|move|p1a: Pecharunt|Malignant Chain|p2a: Iron Valiant
|-immune|p2a: Iron Valiant
|
|upkeep
|turn|14
|l|☆Billygunter
|inactive|Billygunter disconnected and has a minute to reconnect!
|player|p1|
|inactive|Billygunter has 30 seconds to reconnect!
|inactive|Billygunter has 20 seconds to reconnect!
|inactive|Billygunter has 15 seconds to reconnect!
|inactive|Billygunter has 10 seconds to reconnect!
|inactive|Billygunter has 5 seconds to reconnect!
|-message|Billygunter lost due to inactivity.
|
|win|2(H2O)
|raw|Billygunter's rating: 1878 &rarr; <strong>1855</strong><br />(-23 for losing)
|raw|2(H2O)'s rating: 1824 &rarr; <strong>1847</strong><br />(+23 for winning)
|l|☆2(H2O)
|player|p2|
