|j|☆Tacoloney3
|j|☆Catryepie
|t:|1743827134
|gametype|singles
|player|p1|Tacoloney3|n|1108
|player|p2|Catryepie|preschoolerf|1068
|teamsize|p1|6
|teamsize|p2|6
|gen|9
|tier|[Gen 9] OU
|rated|
|rule|HP Percentage Mod: HP is shown in percentages
|rule|Endless Battle Clause: Forcing endless battles is banned
|rule|Species Clause: Limit one of each Pokémon
|rule|OHKO Clause: OHKO moves are banned
|rule|Evasion Items Clause: Evasion items are banned
|rule|Evasion Moves Clause: Evasion moves are banned
|rule|Sleep Moves Clause: Sleep-inducing moves are banned
|clearpoke
|poke|p1|Tyranitar, F|
|poke|p1|Lycanroc-Dusk, F|
|poke|p1|Excadrill, M|
|poke|p1|Corviknight, F|
|poke|p1|Rotom-Heat|
|poke|p1|Clodsire, F|
|poke|p2|Morpeko, F|
|poke|p2|Tinkaton, F|
|poke|p2|Chespin, M|
|poke|p2|Pecharunt|
|poke|p2|Manaphy|
|poke|p2|Clefable, M|
|teampreview
|
|t:|1743827159
|start
|switch|p1a: Clodsire|Clodsire, F|100/100
|switch|p2a: Chespin|Chespin, M|100/100
|turn|1
|
|t:|1743827167
|move|p2a: Chespin|Leech Seed|p1a: Clodsire
|-start|p1a: Clodsire|move: Leech Seed
|move|p1a: Clodsire|Stealth Rock|p2a: Chespin
|-sidestart|p2: Catryepie|move: Stealth Rock
|
|-damage|p1a: Clodsire|88/100|[from] Leech Seed|[of] p2a: Chespin
|upkeep
|turn|2
|
|t:|1743827173
|move|p2a: Chespin|Substitute|p2a: Chespin
|-start|p2a: Chespin|Substitute
|-damage|p2a: Chespin|75/100
|move|p1a: Clodsire|Toxic||[still]
|-fail|p1a: Clodsire
|
|-heal|p1a: Clodsire|94/100|[from] item: Black Sludge
|-damage|p1a: Clodsire|82/100|[from] Leech Seed|[of] p2a: Chespin
|-heal|p2a: Chespin|93/100|[silent]
|upkeep
|turn|3
|
|t:|1743827182
|move|p2a: Chespin|Sunny Day|p2a: Chespin
|-weather|SunnyDay
|move|p1a: Clodsire|Poison Jab|p2a: Chespin
|-supereffective|p2a: Chespin
|-end|p2a: Chespin|Substitute
|
|-weather|SunnyDay|[upkeep]
|-heal|p1a: Clodsire|88/100|[from] item: Black Sludge
|-damage|p1a: Clodsire|75/100|[from] Leech Seed|[of] p2a: Chespin
|-heal|p2a: Chespin|100/100|[silent]
|upkeep
|turn|4
|
|t:|1743827195
|move|p2a: Chespin|Substitute|p2a: Chespin
|-start|p2a: Chespin|Substitute
|-damage|p2a: Chespin|75/100
|move|p1a: Clodsire|Poison Jab|p2a: Chespin
|-supereffective|p2a: Chespin
|-end|p2a: Chespin|Substitute
|
|-weather|SunnyDay|[upkeep]
|-heal|p1a: Clodsire|82/100|[from] item: Black Sludge
|-damage|p1a: Clodsire|69/100|[from] Leech Seed|[of] p2a: Chespin
|-heal|p2a: Chespin|93/100|[silent]
|upkeep
|turn|5
|
|t:|1743827208
|move|p2a: Chespin|Substitute|p2a: Chespin
|-start|p2a: Chespin|Substitute
|-damage|p2a: Chespin|68/100
|move|p1a: Clodsire|Poison Jab|p2a: Chespin
|-supereffective|p2a: Chespin
|-end|p2a: Chespin|Substitute
|
|-weather|SunnyDay|[upkeep]
|-heal|p1a: Clodsire|75/100|[from] item: Black Sludge
|-damage|p1a: Clodsire|63/100|[from] Leech Seed|[of] p2a: Chespin
|-heal|p2a: Chespin|85/100|[silent]
|upkeep
|turn|6
|
|t:|1743827218
|move|p2a: Chespin|Substitute|p2a: Chespin
|-start|p2a: Chespin|Substitute
|-damage|p2a: Chespin|60/100
|move|p1a: Clodsire|Poison Jab|p2a: Chespin
|-supereffective|p2a: Chespin
|-end|p2a: Chespin|Substitute
|
|-weather|SunnyDay|[upkeep]
|-heal|p1a: Clodsire|69/100|[from] item: Black Sludge
|-damage|p1a: Clodsire|57/100|[from] Leech Seed|[of] p2a: Chespin
|-heal|p2a: Chespin|78/100|[silent]
|upkeep
|turn|7
|
|t:|1743827229
|move|p2a: Chespin|Substitute|p2a: Chespin
|-start|p2a: Chespin|Substitute
|-damage|p2a: Chespin|53/100
|move|p1a: Clodsire|Poison Jab|p2a: Chespin
|-supereffective|p2a: Chespin
|-end|p2a: Chespin|Substitute
|
|-weather|none
|-heal|p1a: Clodsire|63/100|[from] item: Black Sludge
|-damage|p1a: Clodsire|50/100|[from] Leech Seed|[of] p2a: Chespin
|-heal|p2a: Chespin|70/100|[silent]
|upkeep
|turn|8
|
|t:|1743827243
|move|p2a: Chespin|Substitute|p2a: Chespin
|-start|p2a: Chespin|Substitute
|-damage|p2a: Chespin|45/100
|move|p1a: Clodsire|Poison Jab|p2a: Chespin
|-supereffective|p2a: Chespin
|-end|p2a: Chespin|Substitute
|
|-heal|p1a: Clodsire|56/100|[from] item: Black Sludge
|-damage|p1a: Clodsire|44/100|[from] Leech Seed|[of] p2a: Chespin
|-heal|p2a: Chespin|63/100|[silent]
|upkeep
|turn|9
|
|t:|1743827252
|switch|p1a: Corviknight|Corviknight, F|100/100
|move|p2a: Chespin|Substitute|p2a: Chespin
|-start|p2a: Chespin|Substitute
|-damage|p2a: Chespin|38/100
|
|upkeep
|turn|10
|
|t:|1743827264
|move|p2a: Chespin|Synthesis|p2a: Chespin
|-heal|p2a: Chespin|88/100
|move|p1a: Corviknight|Iron Defense|p1a: Corviknight
|-boost|p1a: Corviknight|def|2
|
|upkeep
|turn|11
|
|t:|1743827275
|move|p2a: Chespin|Leech Seed|p1a: Corviknight
|-start|p1a: Corviknight|move: Leech Seed
|move|p1a: Corviknight|Iron Defense|p1a: Corviknight
|-boost|p1a: Corviknight|def|2
|
|-damage|p1a: Corviknight|88/100|[from] Leech Seed|[of] p2a: Chespin
|-heal|p2a: Chespin|100/100|[silent]
|upkeep
|turn|12
|
|t:|1743827293
|move|p2a: Chespin|Sunny Day|p2a: Chespin
|-weather|SunnyDay
|move|p1a: Corviknight|Body Press|p2a: Chespin
|-end|p2a: Chespin|Substitute
|
|-weather|SunnyDay|[upkeep]
|-damage|p1a: Corviknight|76/100|[from] Leech Seed|[of] p2a: Chespin
|upkeep
|turn|13
|
|t:|1743827303
|move|p2a: Chespin|Substitute|p2a: Chespin
|-start|p2a: Chespin|Substitute
|-damage|p2a: Chespin|75/100
|move|p1a: Corviknight|Body Press|p2a: Chespin
|-end|p2a: Chespin|Substitute
|
|-weather|SunnyDay|[upkeep]
|-damage|p1a: Corviknight|63/100|[from] Leech Seed|[of] p2a: Chespin
|-heal|p2a: Chespin|91/100|[silent]
|upkeep
|turn|14
|
|t:|1743827312
|move|p2a: Chespin|Substitute|p2a: Chespin
|-start|p2a: Chespin|Substitute
|-damage|p2a: Chespin|66/100
|move|p1a: Corviknight|Tailwind|p1a: Corviknight
|-sidestart|p1: Tacoloney3|move: Tailwind
|
|-weather|SunnyDay|[upkeep]
|-damage|p1a: Corviknight|51/100|[from] Leech Seed|[of] p2a: Chespin
|-heal|p2a: Chespin|82/100|[silent]
|upkeep
|turn|15
|
|t:|1743827322
|move|p1a: Corviknight|Body Press|p2a: Chespin
|-end|p2a: Chespin|Substitute
|move|p2a: Chespin|Synthesis|p2a: Chespin
|-heal|p2a: Chespin|100/100
|
|-weather|SunnyDay|[upkeep]
|-damage|p1a: Corviknight|38/100|[from] Leech Seed|[of] p2a: Chespin
|upkeep
|turn|16
|
|t:|1743827329
|move|p1a: Corviknight|Body Press|p2a: Chespin
|-enditem|p2a: Chespin|Focus Sash
|-damage|p2a: Chespin|1/100
|move|p2a: Chespin|Substitute|p2a: Chespin
|-fail|p2a: Chespin|move: Substitute|[weak]
|
|-weather|none
|-damage|p1a: Corviknight|26/100|[from] Leech Seed|[of] p2a: Chespin
|-heal|p2a: Chespin|16/100|[silent]
|upkeep
|turn|17
|
|t:|1743827339
|move|p1a: Corviknight|Body Press|p2a: Chespin
|-damage|p2a: Chespin|0 fnt
|faint|p2a: Chespin
|
|-sideend|p1: Tacoloney3|move: Tailwind
|upkeep
|
|t:|1743827345
|switch|p2a: Morpeko|Morpeko, F, shiny|100/100
|turn|18
|
|t:|1743827356
|move|p2a: Morpeko|Aura Wheel|p1a: Corviknight
|-supereffective|p1a: Corviknight
|-damage|p1a: Corviknight|3/100
|-boost|p2a: Morpeko|spe|1
|move|p1a: Corviknight|Tailwind|p1a: Corviknight
|-sidestart|p1: Tacoloney3|move: Tailwind
|
|-damage|p1a: Corviknight|0 fnt|[from] Leech Seed|[of] p2a: Morpeko
|faint|p1a: Corviknight
|-formechange|p2a: Morpeko|Morpeko-Hangry||[from] ability: Hunger Switch
|upkeep
|
|t:|1743827374
|switch|p1a: Tyranitar|Tyranitar, F|100/100
|-weather|Sandstorm|[from] ability: Sand Stream|[of] p1a: Tyranitar
|turn|19
|
|t:|1743827391
|move|p2a: Morpeko|Rapid Spin|p1a: Tyranitar
|-resisted|p1a: Tyranitar
|-damage|p1a: Tyranitar|95/100
|-boost|p2a: Morpeko|spe|1
|-sideend|p2: Catryepie|Stealth Rock|[from] move: Rapid Spin|[of] p2a: Morpeko
|move|p1a: Tyranitar|Earthquake|p2a: Morpeko
|-supereffective|p2a: Morpeko
|-damage|p2a: Morpeko|0 fnt
|faint|p2a: Morpeko
|
|-weather|Sandstorm|[upkeep]
|upkeep
|
|t:|1743827402
|switch|p2a: Manaphy|Manaphy|100/100
|turn|20
|
|t:|1743827420
|move|p2a: Manaphy|Surf|p1a: Tyranitar
|-supereffective|p1a: Tyranitar
|-damage|p1a: Tyranitar|46/100
|move|p1a: Tyranitar|Knock Off|p2a: Manaphy
|-crit|p2a: Manaphy
|-damage|p2a: Manaphy|10/100
|-enditem|p2a: Manaphy|Leftovers|[from] move: Knock Off|[of] p1a: Tyranitar
|
|-weather|Sandstorm|[upkeep]
|-damage|p2a: Manaphy|4/100|[from] Sandstorm
|upkeep
|turn|21
|
|t:|1743827430
|move|p2a: Manaphy|Surf|p1a: Tyranitar
|-supereffective|p1a: Tyranitar
|-damage|p1a: Tyranitar|0 fnt
|faint|p1a: Tyranitar
|
|-weather|Sandstorm|[upkeep]
|-damage|p2a: Manaphy|0 fnt|[from] Sandstorm
|faint|p2a: Manaphy
|-sideend|p1: Tacoloney3|move: Tailwind
|upkeep
|
|t:|1743827442
|switch|p2a: Tinkaton|Tinkaton, F|100/100
|switch|p1a: Clodsire|Clodsire, F|44/100
|-ability|p2a: Tinkaton|Mold Breaker
|-item|p2a: Tinkaton|Air Balloon
|turn|22
|
|t:|1743827460
|switch|p1a: Rotom|Rotom-Heat|100/100
|move|p2a: Tinkaton|Gigaton Hammer|p1a: Rotom
|-resisted|p1a: Rotom
|-damage|p1a: Rotom|85/100
|
|-weather|Sandstorm|[upkeep]
|-damage|p1a: Rotom|79/100|[from] Sandstorm
|upkeep
|turn|23
|inactive|Battle timer is ON: inactive players will automatically lose when time's up. (requested by Tacoloney3)
|
|t:|1743827485
|switch|p2a: Pecharunt|Pecharunt|100/100
|-item|p2a: Pecharunt|Air Balloon
|move|p1a: Rotom|Overheat|p2a: Pecharunt
|-damage|p2a: Pecharunt|38/100
|-unboost|p1a: Rotom|spa|2
|-enditem|p2a: Pecharunt|Air Balloon
|
|-weather|Sandstorm|[upkeep]
|-damage|p1a: Rotom|73/100|[from] Sandstorm
|-damage|p2a: Pecharunt|32/100|[from] Sandstorm
|upkeep
|turn|24
|
|t:|1743827501
|switch|p1a: Excadrill|Excadrill, M|100/100
|move|p2a: Pecharunt|Recover|p2a: Pecharunt
|-heal|p2a: Pecharunt|82/100
|
|-weather|Sandstorm|[upkeep]
|-damage|p2a: Pecharunt|76/100|[from] Sandstorm
|upkeep
|turn|25
|
|t:|1743827521
|move|p1a: Excadrill|Iron Head|p2a: Pecharunt
|-damage|p2a: Pecharunt|39/100
|-damage|p1a: Excadrill|91/100|[from] item: Life Orb
|move|p2a: Pecharunt|Hex|p1a: Excadrill
|-damage|p1a: Excadrill|65/100
|
|-weather|Sandstorm|[upkeep]
|-damage|p2a: Pecharunt|33/100|[from] Sandstorm
|upkeep
|turn|26
|
|t:|1743827534
|switch|p2a: Tinkaton|Tinkaton, F|100/100
|-ability|p2a: Tinkaton|Mold Breaker
|-item|p2a: Tinkaton|Air Balloon
|move|p1a: Excadrill|Earthquake|p2a: Tinkaton
|-immune|p2a: Tinkaton
|
|-weather|none
|upkeep
|turn|27
|
|t:|1743827559
|move|p2a: Tinkaton|Stealth Rock|p1a: Excadrill
|-sidestart|p1: Tacoloney3|move: Stealth Rock
|move|p1a: Excadrill|Rapid Spin|p2a: Tinkaton
|-resisted|p2a: Tinkaton
|-damage|p2a: Tinkaton|87/100
|-boost|p1a: Excadrill|spe|1
|-enditem|p2a: Tinkaton|Air Balloon
|-sideend|p1: Tacoloney3|Stealth Rock|[from] move: Rapid Spin|[of] p1a: Excadrill
|-damage|p1a: Excadrill|55/100|[from] item: Life Orb
|
|upkeep
|turn|28
|
|t:|1743827575
|-terastallize|p1a: Excadrill|Fire
|move|p1a: Excadrill|Tera Blast|p2a: Tinkaton|[anim] Tera Blast Fire
|-supereffective|p2a: Tinkaton
|-damage|p2a: Tinkaton|0 fnt
|faint|p2a: Tinkaton
|-damage|p1a: Excadrill|45/100|[from] item: Life Orb
|
|upkeep
|
|t:|1743827583
|switch|p2a: Clefable|Clefable, M|100/100
|turn|29
|
|t:|1743827593
|-terastallize|p2a: Clefable|Water
|move|p1a: Excadrill|Iron Head|p2a: Clefable
|-resisted|p2a: Clefable
|-damage|p2a: Clefable|76/100
|-damage|p1a: Excadrill|28/100|[from] item: Rocky Helmet|[of] p2a: Clefable
|-damage|p1a: Excadrill|18/100|[from] item: Life Orb
|move|p2a: Clefable|Moonblast|p1a: Excadrill
|-resisted|p1a: Excadrill
|-damage|p1a: Excadrill|0 fnt
|faint|p1a: Excadrill
|
|upkeep
|
|t:|1743827607
|switch|p1a: Rotom|Rotom-Heat|73/100
|turn|30
|
|t:|1743827619
|move|p1a: Rotom|Thunderbolt|p2a: Clefable
|-supereffective|p2a: Clefable
|-damage|p2a: Clefable|0 fnt
|faint|p2a: Clefable
|
|upkeep
|
|t:|1743827624
|switch|p2a: Pecharunt|Pecharunt|33/100
|turn|31
|
|t:|1743827631
|move|p1a: Rotom|Thunderbolt|p2a: Pecharunt
|-damage|p2a: Pecharunt|0 fnt
|faint|p2a: Pecharunt
|
|win|Tacoloney3
|raw|Tacoloney3's rating: 1108 &rarr; <strong>1130</strong><br />(+22 for winning)
|raw|Catryepie's rating: 1068 &rarr; <strong>1050</strong><br />(-18 for losing)
|l|☆Catryepie
|player|p2|
|l|☆Tacoloney3
|player|p1|
