|j|☆sapgotti
|j|☆SGT89
|t:|1743873753
|gametype|singles
|player|p1|sapgotti|266|1225
|player|p2|SGT89|collector|1260
|teamsize|p1|6
|teamsize|p2|6
|gen|9
|tier|[Gen 9] OU
|rated|
|rule|HP Percentage Mod: HP is shown in percentages
|rule|Endless Battle Clause: Forcing endless battles is banned
|rule|Species Clause: Limit one of each Pokémon
|rule|OHKO Clause: OHKO moves are banned
|rule|Evasion Items Clause: Evasion items are banned
|rule|Evasion Moves Clause: Evasion moves are banned
|rule|Sleep Moves Clause: Sleep-inducing moves are banned
|clearpoke
|poke|p1|Crabominable, M|
|poke|p1|Brute Bonnet|
|poke|p1|Braviary-Hisui, M|
|poke|p1|Lapras, M|
|poke|p1|Cinccino, F|
|poke|p1|Hoopa|
|poke|p2|Torkoal, F|
|poke|p2|Scovillain, F|
|poke|p2|Walking Wake|
|poke|p2|Hatterene, F|
|poke|p2|Great Tusk|
|poke|p2|Ceruledge, M|
|teampreview
|inactive|Battle timer is ON: inactive players will automatically lose when time's up. (requested by SGT89)
|
|t:|1743873772
|start
|switch|p1a: Braviary|Braviary-Hisui, M|100/100
|switch|p2a: Torkoal|Torkoal, F|100/100
|-weather|SunnyDay|[from] ability: Drought|[of] p2a: Torkoal
|turn|1
|
|t:|1743873781
|move|p1a: Braviary|Esper Wing|p2a: Torkoal
|-damage|p2a: Torkoal|46/100
|-boost|p1a: Braviary|spe|1
|move|p2a: Torkoal|Flamethrower|p1a: Braviary
|-damage|p1a: Braviary|26/100
|
|-weather|SunnyDay|[upkeep]
|upkeep
|turn|2
|
|t:|1743873791
|switch|p2a: Hatterene|Hatterene, F, shiny|100/100
|move|p1a: Braviary|Esper Wing|p2a: Hatterene
|-resisted|p2a: Hatterene
|-damage|p2a: Hatterene|51/100
|-boost|p1a: Braviary|spe|1
|-enditem|p2a: Hatterene|Eject Button
|
|t:|1743873799
|switch|p2a: Ceruledge|Ceruledge, M, shiny|100/100
|
|-weather|SunnyDay|[upkeep]
|upkeep
|turn|3
|
|t:|1743873806
|move|p2a: Ceruledge|Shadow Sneak|p1a: Braviary
|-supereffective|p1a: Braviary
|-damage|p1a: Braviary|0 fnt
|faint|p1a: Braviary
|
|-weather|SunnyDay|[upkeep]
|upkeep
|
|t:|1743873813
|switch|p1a: Cinccino|Cinccino, F|100/100
|-item|p1a: Cinccino|Air Balloon
|turn|4
|
|t:|1743873821
|switch|p2a: Great Tusk|Great Tusk|100/100
|-activate|p2a: Great Tusk|ability: Protosynthesis
|-start|p2a: Great Tusk|protosynthesisatk
|move|p1a: Cinccino|Rock Blast|p2a: Great Tusk
|-resisted|p2a: Great Tusk
|-damage|p2a: Great Tusk|99/100
|-resisted|p2a: Great Tusk
|-damage|p2a: Great Tusk|98/100
|-resisted|p2a: Great Tusk
|-damage|p2a: Great Tusk|96/100
|-resisted|p2a: Great Tusk
|-damage|p2a: Great Tusk|95/100
|-resisted|p2a: Great Tusk
|-damage|p2a: Great Tusk|94/100
|-hitcount|p2a: Great Tusk|5
|
|-weather|SunnyDay|[upkeep]
|upkeep
|turn|5
|
|t:|1743873837
|switch|p1a: Hoopa|Hoopa|100/100
|move|p2a: Great Tusk|Rapid Spin|p1a: Hoopa
|-immune|p1a: Hoopa
|
|-weather|SunnyDay|[upkeep]
|upkeep
|turn|6
|
|t:|1743873846
|switch|p1a: Cinccino|Cinccino, F|100/100
|-item|p1a: Cinccino|Air Balloon
|move|p2a: Great Tusk|Temper Flare|p1a: Cinccino
|-damage|p1a: Cinccino|0 fnt
|-enditem|p1a: Cinccino|Air Balloon
|faint|p1a: Cinccino
|
|-weather|SunnyDay|[upkeep]
|upkeep
|
|t:|1743873861
|switch|p1a: Lapras|Lapras, M|100/100
|turn|7
|
|t:|1743873873
|-end|p2a: Great Tusk|Protosynthesis|[silent]
|switch|p2a: Hatterene|Hatterene, F, shiny|51/100
|move|p1a: Lapras|Freeze-Dry|p2a: Hatterene
|-damage|p2a: Hatterene|21/100
|
|-weather|SunnyDay|[upkeep]
|upkeep
|turn|8
|
|t:|1743873884
|move|p1a: Lapras|Freeze-Dry|p2a: Hatterene
|-damage|p2a: Hatterene|0 fnt
|faint|p2a: Hatterene
|
|-weather|none
|upkeep
|
|t:|1743873891
|switch|p2a: Torkoal|Torkoal, F|46/100
|-weather|SunnyDay|[from] ability: Drought|[of] p2a: Torkoal
|turn|9
|
|t:|1743873896
|move|p1a: Lapras|Brine|p2a: Torkoal
|-supereffective|p2a: Torkoal
|-damage|p2a: Torkoal|0 fnt
|faint|p2a: Torkoal
|
|-weather|SunnyDay|[upkeep]
|upkeep
|
|t:|1743873903
|switch|p2a: Scovillain|Scovillain, F, shiny|100/100
|turn|10
|
|t:|1743873925
|move|p2a: Scovillain|Growth|p2a: Scovillain
|-boost|p2a: Scovillain|atk|2
|-boost|p2a: Scovillain|spa|2
|move|p1a: Lapras|Freeze-Dry|p2a: Scovillain
|-crit|p2a: Scovillain
|-damage|p2a: Scovillain|22/100
|
|-weather|SunnyDay|[upkeep]
|upkeep
|turn|11
|
|t:|1743873936
|move|p2a: Scovillain|Giga Drain|p1a: Lapras
|-supereffective|p1a: Lapras
|-enditem|p1a: Lapras|Focus Sash
|-damage|p1a: Lapras|1/100
|-heal|p2a: Scovillain|100/100|[from] drain|[of] p1a: Lapras
|-damage|p2a: Scovillain|91/100|[from] item: Life Orb
|move|p1a: Lapras|Freeze-Dry|p2a: Scovillain
|-crit|p2a: Scovillain
|-damage|p2a: Scovillain|5/100
|
|-weather|SunnyDay|[upkeep]
|upkeep
|turn|12
|
|t:|1743873948
|move|p2a: Scovillain|Flamethrower|p1a: Lapras
|-damage|p1a: Lapras|0 fnt
|faint|p1a: Lapras
|-damage|p2a: Scovillain|0 fnt|[from] item: Life Orb
|faint|p2a: Scovillain
|
|-weather|SunnyDay|[upkeep]
|upkeep
|
|t:|1743873964
|switch|p2a: Ceruledge|Ceruledge, M, shiny|100/100
|switch|p1a: Hoopa|Hoopa|100/100
|turn|13
|
|t:|1743873970
|move|p2a: Ceruledge|Swords Dance|p2a: Ceruledge
|-boost|p2a: Ceruledge|atk|2
|move|p1a: Hoopa|Shadow Ball|p2a: Ceruledge
|-supereffective|p2a: Ceruledge
|-enditem|p2a: Ceruledge|Focus Sash
|-damage|p2a: Ceruledge|1/100
|
|-weather|SunnyDay|[upkeep]
|upkeep
|turn|14
|
|t:|1743873981
|move|p2a: Ceruledge|Shadow Sneak|p1a: Hoopa
|-supereffective|p1a: Hoopa
|-damage|p1a: Hoopa|0 fnt
|faint|p1a: Hoopa
|
|-weather|SunnyDay|[upkeep]
|upkeep
|
|t:|1743873987
|switch|p1a: Brute Bonnet|Brute Bonnet|100/100
|-activate|p1a: Brute Bonnet|ability: Protosynthesis
|-start|p1a: Brute Bonnet|protosynthesisatk
|turn|15
|
|t:|1743873992
|move|p2a: Ceruledge|Shadow Sneak|p1a: Brute Bonnet
|-resisted|p1a: Brute Bonnet
|-damage|p1a: Brute Bonnet|84/100
|move|p1a: Brute Bonnet|Sucker Punch||[still]
|-fail|p1a: Brute Bonnet
|
|-weather|SunnyDay|[upkeep]
|upkeep
|turn|16
|
|t:|1743873999
|move|p2a: Ceruledge|Shadow Sneak|p1a: Brute Bonnet
|-resisted|p1a: Brute Bonnet
|-damage|p1a: Brute Bonnet|67/100
|move|p1a: Brute Bonnet|Sucker Punch||[still]
|-fail|p1a: Brute Bonnet
|
|-weather|none
|-end|p1a: Brute Bonnet|Protosynthesis
|upkeep
|turn|17
|
|t:|1743874006
|move|p1a: Brute Bonnet|Sucker Punch|p2a: Ceruledge
|-supereffective|p2a: Ceruledge
|-damage|p2a: Ceruledge|0 fnt
|faint|p2a: Ceruledge
|
|upkeep
|
|t:|1743874011
|switch|p2a: Walking Wake|Walking Wake|100/100
|turn|18
|
|t:|1743874021
|-terastallize|p1a: Brute Bonnet|Grass
|move|p2a: Walking Wake|Draco Meteor|p1a: Brute Bonnet
|-damage|p1a: Brute Bonnet|11/100
|-unboost|p2a: Walking Wake|spa|2
|move|p1a: Brute Bonnet|Bullet Seed|p2a: Walking Wake
|-damage|p2a: Walking Wake|80/100
|-damage|p2a: Walking Wake|61/100
|-hitcount|p2a: Walking Wake|2
|
|upkeep
|turn|19
|
|t:|1743874032
|move|p1a: Brute Bonnet|Sucker Punch|p2a: Walking Wake
|-damage|p2a: Walking Wake|17/100
|move|p2a: Walking Wake|Draco Meteor|p1a: Brute Bonnet
|-damage|p1a: Brute Bonnet|0 fnt
|-unboost|p2a: Walking Wake|spa|2
|faint|p1a: Brute Bonnet
|-end|p1a: Brute Bonnet|Protosynthesis|[silent]
|
|upkeep
|
|t:|1743874037
|switch|p1a: Crabominable|Crabominable, M|100/100
|turn|20
|
|t:|1743874043
|-end|p2a: Walking Wake|Protosynthesis|[silent]
|switch|p2a: Great Tusk|Great Tusk|94/100
|move|p1a: Crabominable|Ice Hammer|p2a: Great Tusk
|-supereffective|p2a: Great Tusk
|-damage|p2a: Great Tusk|0 fnt
|-unboost|p1a: Crabominable|spe|1
|faint|p2a: Great Tusk
|-end|p2a: Great Tusk|Protosynthesis|[silent]
|
|upkeep
|
|t:|1743874052
|switch|p2a: Walking Wake|Walking Wake|17/100
|turn|21
|
|t:|1743874056
|move|p2a: Walking Wake|Draco Meteor|p1a: Crabominable
|-damage|p1a: Crabominable|0 fnt
|-unboost|p2a: Walking Wake|spa|2
|faint|p1a: Crabominable
|
|win|SGT89
|raw|sapgotti's rating: 1225 &rarr; <strong>1203</strong><br />(-22 for losing)
|raw|SGT89's rating: 1260 &rarr; <strong>1282</strong><br />(+22 for winning)
|l|☆sapgotti
|player|p1|
|l|☆SGT89
|player|p2|
