|badge|p1|bronze|gen9ou|100-5
|uhtml|medal-msg|<div class="broadcast-blue">Curious what those medals under the avatar are? PS now has Ladder Seasons! For more information, check out the <a href="https://www.smogon.com/forums/threads/3740067/">thread on Smogon.</a></div>
|j|☆Sebas99sevilla
|j|☆54 Insane Rats
|t:|1743795202
|gametype|singles
|player|p1|Sebas99sevilla|linebacker|1777
|player|p2|54 Insane Rats|supernerd|1757
|teamsize|p1|6
|teamsize|p2|6
|gen|9
|tier|[Gen 9] OU
|rated|
|rule|HP Percentage Mod: HP is shown in percentages
|rule|Endless Battle Clause: Forcing endless battles is banned
|rule|Species Clause: Limit one of each Pokémon
|rule|OHKO Clause: OHKO moves are banned
|rule|Evasion Items Clause: Evasion items are banned
|rule|Evasion Moves Clause: Evasion moves are banned
|rule|Sleep Moves Clause: Sleep-inducing moves are banned
|clearpoke
|poke|p1|Diancie|
|poke|p1|Kyurem|
|poke|p1|Necrozma|
|poke|p1|Hatterene, F|
|poke|p1|Iron Hands|
|poke|p1|Landorus-Therian, M|
|poke|p2|Hoopa-Unbound|
|poke|p2|Zamazenta-*|
|poke|p2|Ogerpon-Wellspring, F|
|poke|p2|Kyurem|
|poke|p2|Corviknight, F|
|poke|p2|Weezing-Galar, F|
|teampreview
|inactive|Battle timer is ON: inactive players will automatically lose when time's up. (requested by 54 Insane Rats)
|j| sasukeuchiwho
|
|t:|1743795224
|start
|switch|p1a: Necrozma|Necrozma|100/100
|switch|p2a: Hoopa|Hoopa-Unbound|100/100
|turn|1
|
|t:|1743795233
|switch|p1a: Landorus|Landorus-Therian, M|100/100
|-ability|p1a: Landorus|Intimidate|boost
|-unboost|p2a: Hoopa|atk|1
|move|p2a: Hoopa|Knock Off|p1a: Landorus
|-damage|p1a: Landorus|68/100
|-damage|p2a: Hoopa|84/100|[from] item: Rocky Helmet|[of] p1a: Landorus
|-enditem|p1a: Landorus|Rocky Helmet|[from] move: Knock Off|[of] p2a: Hoopa
|
|upkeep
|turn|2
|
|t:|1743795239
|switch|p2a: Corviknight|Corviknight, F|100/100
|-ability|p2a: Corviknight|Pressure
|move|p1a: Landorus|Stealth Rock|p2a: Corviknight
|-sidestart|p2: 54 Insane Rats|move: Stealth Rock
|
|upkeep
|turn|3
|
|t:|1743795242
|move|p1a: Landorus|Taunt|p2a: Corviknight
|-start|p2a: Corviknight|move: Taunt
|cant|p2a: Corviknight|move: Taunt|Defog
|
|upkeep
|turn|4
|
|t:|1743795252
|move|p1a: Landorus|U-turn|p2a: Corviknight
|-resisted|p2a: Corviknight
|-damage|p2a: Corviknight|97/100
|-damage|p1a: Landorus|51/100|[from] item: Rocky Helmet|[of] p2a: Corviknight
|
|t:|1743795253
|switch|p1a: El Manitas|Iron Hands, shiny|100/100|[from] U-turn
|-enditem|p1a: El Manitas|Booster Energy
|-activate|p1a: El Manitas|ability: Quark Drive|[fromitem]
|-start|p1a: El Manitas|quarkdriveatk
|move|p2a: Corviknight|U-turn|p1a: El Manitas
|-resisted|p1a: El Manitas
|-crit|p1a: El Manitas
|-damage|p1a: El Manitas|94/100
|
|t:|1743795260
|switch|p2a: Hoopa|Hoopa-Unbound|84/100|[from] U-turn
|-damage|p2a: Hoopa|72/100|[from] Stealth Rock
|
|upkeep
|turn|5
|
|t:|1743795263
|move|p2a: Hoopa|Psychic Noise|p1a: El Manitas
|-supereffective|p1a: El Manitas
|-damage|p1a: El Manitas|8/100
|-start|p1a: El Manitas|move: Heal Block
|cant|p1a: El Manitas|move: Heal Block|Drain Punch
|
|upkeep
|turn|6
|
|t:|1743795272
|move|p2a: Hoopa|Drain Punch|p1a: El Manitas
|-damage|p1a: El Manitas|0 fnt
|-heal|p2a: Hoopa|76/100|[from] drain|[of] p1a: El Manitas
|faint|p1a: El Manitas
|-end|p1a: El Manitas|Quark Drive|[silent]
|
|upkeep
|
|t:|1743795277
|switch|p1a: Kyurem|Kyurem|100/100
|-ability|p1a: Kyurem|Pressure
|turn|7
|j| LudocyelZ
|
|t:|1743795282
|move|p1a: Kyurem|Icicle Spear|p2a: Hoopa
|-damage|p2a: Hoopa|60/100
|-damage|p2a: Hoopa|42/100
|-damage|p2a: Hoopa|25/100
|-damage|p2a: Hoopa|8/100
|-hitcount|p2a: Hoopa|4
|move|p2a: Hoopa|Knock Off|p1a: Kyurem
|-damage|p1a: Kyurem|56/100
|-enditem|p1a: Kyurem|Loaded Dice|[from] move: Knock Off|[of] p2a: Hoopa
|
|upkeep
|turn|8
|
|t:|1743795291
|move|p1a: Kyurem|Dragon Dance|p1a: Kyurem
|-boost|p1a: Kyurem|atk|1
|-boost|p1a: Kyurem|spe|1
|move|p2a: Hoopa|Drain Punch|p1a: Kyurem
|-supereffective|p1a: Kyurem
|-damage|p1a: Kyurem|3/100
|-heal|p2a: Hoopa|36/100|[from] drain|[of] p1a: Kyurem
|
|upkeep
|turn|9
|
|t:|1743795297
|move|p1a: Kyurem|Icicle Spear|p2a: Hoopa
|-damage|p2a: Hoopa|10/100
|-damage|p2a: Hoopa|0 fnt
|faint|p2a: Hoopa
|-hitcount|p2: Hoopa|2
|
|upkeep
|
|t:|1743795308
|switch|p2a: Zamazenta|Zamazenta|100/100
|-damage|p2a: Zamazenta|94/100|[from] Stealth Rock
|-ability|p2a: Zamazenta|Dauntless Shield|boost
|-boost|p2a: Zamazenta|def|1
|turn|10
|
|t:|1743795314
|move|p1a: Kyurem|Icicle Spear|p2a: Zamazenta
|-damage|p2a: Zamazenta|84/100
|-damage|p2a: Zamazenta|74/100
|-damage|p2a: Zamazenta|65/100
|-hitcount|p2a: Zamazenta|3
|move|p2a: Zamazenta|Crunch|p1a: Kyurem
|-damage|p1a: Kyurem|0 fnt
|faint|p1a: Kyurem
|
|-heal|p2a: Zamazenta|71/100|[from] item: Leftovers
|upkeep
|
|t:|1743795320
|switch|p1a: Necrozma|Necrozma|100/100
|turn|11
|
|t:|1743795331
|move|p2a: Zamazenta|Substitute|p2a: Zamazenta
|-start|p2a: Zamazenta|Substitute
|-damage|p2a: Zamazenta|46/100
|move|p1a: Necrozma|Trick Room|p1a: Necrozma
|-fieldstart|move: Trick Room|[of] p1a: Necrozma
|
|-heal|p2a: Zamazenta|52/100|[from] item: Leftovers
|upkeep
|turn|12
|
|t:|1743795338
|move|p1a: Necrozma|Photon Geyser|p2a: Zamazenta
|-supereffective|p2a: Zamazenta
|-end|p2a: Zamazenta|Substitute
|move|p2a: Zamazenta|Iron Defense|p2a: Zamazenta
|-boost|p2a: Zamazenta|def|2
|
|-heal|p2a: Zamazenta|58/100|[from] item: Leftovers
|upkeep
|turn|13
|
|t:|1743795342
|move|p1a: Necrozma|Photon Geyser|p2a: Zamazenta
|-supereffective|p2a: Zamazenta
|-damage|p2a: Zamazenta|0 fnt
|faint|p2a: Zamazenta
|
|upkeep
|
|t:|1743795352
|switch|p2a: Corviknight|Corviknight, F|97/100
|-damage|p2a: Corviknight|85/100|[from] Stealth Rock
|-ability|p2a: Corviknight|Pressure
|turn|14
|
|t:|1743795359
|move|p1a: Necrozma|Meteor Beam||[still]
|-prepare|p1a: Necrozma|Meteor Beam
|-boost|p1a: Necrozma|spa|1
|-enditem|p1a: Necrozma|Power Herb
|-anim|p1a: Necrozma|Meteor Beam|p2a: Corviknight|[miss]
|-miss|p1a: Necrozma|p2a: Corviknight
|move|p2a: Corviknight|Defog|p1a: Necrozma
|-unboost|p1a: Necrozma|evasion|1
|-sideend|p2: 54 Insane Rats|Stealth Rock|[from] move: Defog|[of] p2a: Corviknight
|
|upkeep
|turn|15
|c|☆Sebas99sevilla|This move
|c|☆Sebas99sevilla|Misses
|c|☆54 Insane Rats|The move of all time
|c|☆Sebas99sevilla|So fucking muchb
|c|☆Sebas99sevilla|Last Game Lost for the same reason
|
|t:|1743795379
|move|p1a: Necrozma|Heat Wave|p2a: Corviknight
|-supereffective|p2a: Corviknight
|-damage|p2a: Corviknight|0 fnt
|faint|p2a: Corviknight
|
|-fieldend|move: Trick Room
|upkeep
|
|t:|1743795390
|switch|p2a: Ogerpon|Ogerpon-Wellspring, F|100/100
|turn|16
|
|t:|1743795400
|-terastallize|p2a: Ogerpon|Water
|detailschange|p2a: Ogerpon|Ogerpon-Wellspring-Tera, F, tera:Water
|-ability|p2a: Ogerpon|Embody Aspect (Wellspring)|boost
|-boost|p2a: Ogerpon|spd|1
|move|p2a: Ogerpon|Encore|p1a: Necrozma
|-start|p1a: Necrozma|Encore
|move|p1a: Necrozma|Heat Wave|p2a: Ogerpon
|-resisted|p2a: Ogerpon
|-damage|p2a: Ogerpon|79/100
|
|upkeep
|turn|17
|
|t:|1743795406
|switch|p1a: Diancie|Diancie|100/100
|move|p2a: Ogerpon|Ivy Cudgel|p1a: Diancie|[anim] Ivy Cudgel Water
|-supereffective|p1a: Diancie
|-damage|p1a: Diancie|0 fnt
|faint|p1a: Diancie
|
|upkeep
|
|t:|1743795413
|switch|p1a: Necrozma|Necrozma|100/100
|turn|18
|
|t:|1743795416
|move|p2a: Ogerpon|Ivy Cudgel|p1a: Necrozma|[anim] Ivy Cudgel Water
|-damage|p1a: Necrozma|27/100
|move|p1a: Necrozma|Trick Room|p1a: Necrozma
|-fieldstart|move: Trick Room|[of] p1a: Necrozma
|
|upkeep
|turn|19
|
|t:|1743795420
|move|p1a: Necrozma|Photon Geyser|p2a: Ogerpon
|-damage|p2a: Ogerpon|34/100
|move|p2a: Ogerpon|U-turn|p1a: Necrozma
|-supereffective|p1a: Necrozma
|-damage|p1a: Necrozma|0 fnt
|faint|p1a: Necrozma
|
|t:|1743795430
|switch|p2a: Kyurem|Kyurem|100/100|[from] U-turn
|-ability|p2a: Kyurem|Pressure
|
|upkeep
|
|t:|1743795432
|switch|p1a: Rebeca|Hatterene, F, shiny|100/100
|turn|20
|
|t:|1743795448
|-terastallize|p1a: Rebeca|Steel
|move|p2a: Kyurem|Protect|p2a: Kyurem
|-singleturn|p2a: Kyurem|Protect
|move|p1a: Rebeca|Mystical Fire|p2a: Kyurem
|-activate|p2a: Kyurem|move: Protect
|
|upkeep
|turn|21
|
|t:|1743795456
|move|p1a: Rebeca|Draining Kiss|p2a: Kyurem
|-supereffective|p2a: Kyurem
|-damage|p2a: Kyurem|28/100
|-damage|p1a: Rebeca|91/100|[from] item: Life Orb
|move|p2a: Kyurem|Dragon Dance|p2a: Kyurem
|-boost|p2a: Kyurem|atk|1
|-boost|p2a: Kyurem|spe|1
|
|-heal|p2a: Kyurem|35/100|[from] item: Leftovers
|upkeep
|turn|22
|
|t:|1743795462
|move|p2a: Kyurem|Protect|p2a: Kyurem
|-singleturn|p2a: Kyurem|Protect
|move|p1a: Rebeca|Draining Kiss|p2a: Kyurem
|-activate|p2a: Kyurem|move: Protect
|
|-heal|p2a: Kyurem|41/100|[from] item: Leftovers
|-fieldend|move: Trick Room
|upkeep
|turn|23
|
|t:|1743795464
|move|p2a: Kyurem|Icicle Spear|p1a: Rebeca
|-resisted|p1a: Rebeca
|-damage|p1a: Rebeca|80/100
|-resisted|p1a: Rebeca
|-damage|p1a: Rebeca|69/100
|-hitcount|p1a: Rebeca|2
|move|p1a: Rebeca|Trick Room|p1a: Rebeca
|-fieldstart|move: Trick Room|[of] p1a: Rebeca
|
|-heal|p2a: Kyurem|47/100|[from] item: Leftovers
|upkeep
|turn|24
|
|t:|1743795471
|move|p2a: Kyurem|Protect|p2a: Kyurem
|-singleturn|p2a: Kyurem|Protect
|move|p1a: Rebeca|Draining Kiss|p2a: Kyurem
|-activate|p2a: Kyurem|move: Protect
|
|-heal|p2a: Kyurem|53/100|[from] item: Leftovers
|upkeep
|turn|25
|
|t:|1743795474
|move|p1a: Rebeca|Psyshock|p2a: Kyurem
|-damage|p2a: Kyurem|0 fnt
|faint|p2a: Kyurem
|-damage|p1a: Rebeca|60/100|[from] item: Life Orb
|
|upkeep
|
|t:|1743795477
|switch|p2a: Weezing|Weezing-Galar, F|100/100
|-ability|p2a: Weezing|Neutralizing Gas
|turn|26
|
|t:|1743795482
|move|p1a: Rebeca|Psyshock|p2a: Weezing
|-supereffective|p2a: Weezing
|-damage|p2a: Weezing|26/100
|-damage|p1a: Rebeca|50/100|[from] item: Life Orb
|move|p2a: Weezing|Will-O-Wisp|p1a: Rebeca
|-status|p1a: Rebeca|brn
|
|-heal|p2a: Weezing|32/100|[from] item: Leftovers
|-damage|p1a: Rebeca|44/100 brn|[from] brn
|upkeep
|turn|27
|j| Hampsteads
|
|t:|1743795505
|switch|p1a: Landorus|Landorus-Therian, M|51/100
|-end|p2a: Weezing|ability: Neutralizing Gas
|-ability|p1a: Landorus|Intimidate|boost
|-unboost|p2a: Weezing|atk|1
|switch|p2a: Ogerpon|Ogerpon-Wellspring-Tera, F, tera:Water|34/100
|-ability|p2a: Ogerpon|Embody Aspect (Wellspring)|boost
|-boost|p2a: Ogerpon|spd|1
|
|-fieldend|move: Trick Room
|upkeep
|turn|28
|c|☆Sebas99sevilla|Gg
|c|☆54 Insane Rats|Gg
|
|t:|1743795525
|move|p2a: Ogerpon|Ivy Cudgel|p1a: Landorus|[anim] Ivy Cudgel Water
|-supereffective|p1a: Landorus
|-damage|p1a: Landorus|0 fnt
|faint|p1a: Landorus
|
|upkeep
|
|t:|1743795527
|switch|p1a: Rebeca|Hatterene, F, shiny, tera:Steel|44/100 brn
|turn|29
|
|t:|1743795528
|move|p2a: Ogerpon|Ivy Cudgel|p1a: Rebeca|[anim] Ivy Cudgel Water
|-damage|p1a: Rebeca|0 fnt
|faint|p1a: Rebeca
|
|win|54 Insane Rats
|raw|Sebas99sevilla's rating: 1777 &rarr; <strong>1756</strong><br />(-21 for losing)
|raw|54 Insane Rats's rating: 1757 &rarr; <strong>1778</strong><br />(+21 for winning)
|l| LudocyelZ
|c|☆Sebas99sevilla|Gonna stop using this
|l| Hampsteads
|c|☆Sebas99sevilla|Only wins when meteor Beam hits
|l|☆Sebas99sevilla
|player|p1|
|l|☆54 Insane Rats
|player|p2|
|l| sasukeuchiwho
