|badge|p1|silver|gen9ou|30-5
|uhtml|medal-msg|<div class="broadcast-blue">Curious what those medals under the avatar are? PS now has Ladder Seasons! For more information, check out the <a href="https://www.smogon.com/forums/threads/3740067/">thread on Smogon.</a></div>
|j|☆tonyrayyy
|j|☆Xwipe Serious
|t:|1743821791
|gametype|singles
|player|p1|tonyrayyy|cynthia-gen4|1917
|player|p2|Xwipe Serious|101|1742
|teamsize|p1|6
|teamsize|p2|6
|gen|9
|tier|[Gen 9] OU
|rated|
|rule|HP Percentage Mod: HP is shown in percentages
|rule|Endless Battle Clause: Forcing endless battles is banned
|rule|Species Clause: Limit one of each Pokémon
|rule|OHKO Clause: OHKO moves are banned
|rule|Evasion Items Clause: Evasion items are banned
|rule|Evasion Moves Clause: Evasion moves are banned
|rule|Sleep Moves Clause: Sleep-inducing moves are banned
|clearpoke
|poke|p1|Gholdengo|
|poke|p1|Samurott-Hisui, M|
|poke|p1|Kingambit, F|
|poke|p1|Zapdos|
|poke|p1|Great Tusk|
|poke|p1|Slowking-Galar, F|
|poke|p2|Kingambit, M|
|poke|p2|Garchomp, F|
|poke|p2|Dragonite, F|
|poke|p2|Iron Moth|
|poke|p2|Iron Crown|
|poke|p2|Samurott-Hisui, F|
|teampreview
|c|☆Xwipe Serious|hf
|
|t:|1743821800
|start
|switch|p1a: Samurott|Samurott-Hisui, M|100/100
|switch|p2a: do not spin|Garchomp, F|100/100
|turn|1
|c|☆tonyrayyy|u2 boss
|
|t:|1743821810
|move|p1a: Samurott|Ceaseless Edge|p2a: do not spin
|-damage|p2a: do not spin|54/100
|-damage|p1a: Samurott|88/100|[from] ability: Rough Skin|[of] p2a: do not spin
|-damage|p1a: Samurott|72/100|[from] item: Rocky Helmet|[of] p2a: do not spin
|-sidestart|p2: Xwipe Serious|Spikes
|move|p2a: do not spin|Earthquake|p1a: Samurott
|-damage|p1a: Samurott|19/100
|
|upkeep
|turn|2
|
|t:|1743821818
|switch|p1a: Great Tusk|Great Tusk|100/100
|move|p2a: do not spin|Stealth Rock|p1a: Great Tusk
|-sidestart|p1: tonyrayyy|move: Stealth Rock
|
|upkeep
|turn|3
|
|t:|1743821823
|move|p2a: do not spin|Draco Meteor|p1a: Great Tusk
|-damage|p1a: Great Tusk|36/100
|-unboost|p2a: do not spin|spa|2
|move|p1a: Great Tusk|Ice Spinner|p2a: do not spin
|-supereffective|p2a: do not spin
|-damage|p2a: do not spin|0 fnt
|-damage|p1a: Great Tusk|24/100|[from] ability: Rough Skin|[of] p2a: do not spin
|-damage|p1a: Great Tusk|7/100|[from] item: Rocky Helmet|[of] p2a: do not spin
|faint|p2a: do not spin
|
|upkeep
|j| nd9gfzgougingfuck
|
|t:|1743821849
|switch|p2a: Iron Moth|Iron Moth|100/100
|turn|4
|
|t:|1743821858
|-end|p1a: Great Tusk|Protosynthesis|[silent]
|switch|p1a: Slowking|Slowking-Galar, F|100/100
|move|p2a: Iron Moth|Fiery Dance|p1a: Slowking
|-damage|p1a: Slowking|78/100
|
|upkeep
|turn|5
|
|t:|1743821872
|move|p2a: Iron Moth|U-turn|p1a: Slowking
|-damage|p1a: Slowking|66/100
|
|t:|1743821875
|-end|p2a: Iron Moth|Quark Drive|[silent]
|switch|p2a: Samurott|Samurott-Hisui, F|100/100|[from] U-turn
|-prepare|p1a: Slowking|Chilly Reception|[premajor]
|move|p1a: Slowking|Chilly Reception|p1a: Slowking
|-weather|Snowscape
|
|t:|1743821881
|switch|p1a: Samurott|Samurott-Hisui, M|19/100|[from] Chilly Reception
|-damage|p1a: Samurott|7/100|[from] Stealth Rock
|
|-weather|Snowscape|[upkeep]
|upkeep
|turn|6
|
|t:|1743821886
|move|p2a: Samurott|Aqua Jet|p1a: Samurott
|-resisted|p1a: Samurott
|-damage|p1a: Samurott|0 fnt
|faint|p1a: Samurott
|
|-weather|Snowscape|[upkeep]
|upkeep
|
|t:|1743821892
|switch|p1a: Zapdos|Zapdos|100/100
|turn|7
|
|t:|1743821896
|switch|p2a: Iron Moth|Iron Moth|100/100
|move|p1a: Zapdos|Thunder Wave|p2a: Iron Moth|[miss]
|-miss|p1a: Zapdos|p2a: Iron Moth
|
|-weather|Snowscape|[upkeep]
|upkeep
|turn|8
|
|t:|1743821904
|move|p2a: Iron Moth|Fiery Dance|p1a: Zapdos
|-damage|p1a: Zapdos|64/100
|move|p1a: Zapdos|Thunder Wave|p2a: Iron Moth
|-status|p2a: Iron Moth|par
|
|-weather|Snowscape|[upkeep]
|upkeep
|turn|9
|c|☆Xwipe Serious|mb
|
|t:|1743821911
|move|p1a: Zapdos|Volt Switch|p2a: Iron Moth
|-damage|p2a: Iron Moth|76/100 par
|
|t:|1743821915
|switch|p1a: Slowking|Slowking-Galar, F|99/100|[from] Volt Switch
|move|p2a: Iron Moth|U-turn|p1a: Slowking
|-damage|p1a: Slowking|89/100
|
|t:|1743821917
|-end|p2a: Iron Moth|Quark Drive|[silent]
|switch|p2a: Samurott|Samurott-Hisui, F|100/100|[from] U-turn
|
|-weather|none
|upkeep
|turn|10
|
|t:|1743821925
|switch|p1a: Zapdos|Zapdos|64/100
|move|p2a: Samurott|Ceaseless Edge|p1a: Zapdos
|-damage|p1a: Zapdos|28/100
|-status|p2a: Samurott|par|[from] ability: Static|[of] p1a: Zapdos
|-sidestart|p1: tonyrayyy|Spikes
|
|upkeep
|turn|11
|
|t:|1743821933
|-terastallize|p2a: Samurott|Water
|move|p2a: Samurott|Aqua Jet|p1a: Zapdos
|-damage|p1a: Zapdos|10/100
|move|p1a: Zapdos|Roost|p1a: Zapdos
|-heal|p1a: Zapdos|60/100
|-singleturn|p1a: Zapdos|move: Roost
|
|upkeep
|turn|12
|c|☆Xwipe Serious|shit
|
|t:|1743821956
|move|p1a: Zapdos|Volt Switch|p2a: Samurott
|-supereffective|p2a: Samurott
|-damage|p2a: Samurott|23/100 par
|
|t:|1743821961
|switch|p1a: Great Tusk|Great Tusk|7/100|[from] Volt Switch
|cant|p2a: Samurott|par
|
|upkeep
|turn|13
|
|t:|1743821969
|move|p2a: Samurott|Aqua Jet|p1a: Great Tusk
|-supereffective|p1a: Great Tusk
|-damage|p1a: Great Tusk|0 fnt
|faint|p1a: Great Tusk
|-end|p1a: Great Tusk|Protosynthesis|[silent]
|
|upkeep
|
|t:|1743821974
|switch|p1a: Zapdos|Zapdos|60/100
|turn|14
|
|t:|1743821982
|move|p1a: Zapdos|Volt Switch|p2a: Samurott
|-supereffective|p2a: Samurott
|-damage|p2a: Samurott|0 fnt
|faint|p2a: Samurott
|
|t:|1743822000
|switch|p1a: Kingambit|Kingambit, F|100/100|[from] Volt Switch
|-damage|p1a: Kingambit|94/100|[from] Stealth Rock
|-damage|p1a: Kingambit|82/100|[from] Spikes
|-activate|p1a: Kingambit|ability: Supreme Overlord
|-start|p1a: Kingambit|fallen2|[silent]
|
|upkeep
|
|t:|1743822007
|switch|p2a: Armani style|Kingambit, M|100/100
|-damage|p2a: Armani style|88/100|[from] Spikes
|-activate|p2a: Armani style|ability: Supreme Overlord
|-start|p2a: Armani style|fallen2|[silent]
|turn|15
|
|t:|1743822014
|move|p2a: Armani style|Low Kick|p1a: Kingambit
|-supereffective|p1a: Kingambit
|-damage|p1a: Kingambit|0 fnt
|faint|p1a: Kingambit
|-end|p1a: Kingambit|fallen2|[silent]
|
|upkeep
|
|t:|1743822019
|switch|p1a: Zapdos|Zapdos|60/100
|turn|16
|
|t:|1743822023
|-end|p2a: Armani style|fallen2|[silent]
|switch|p2a: Iron Moth|Iron Moth|76/100 par
|move|p1a: Zapdos|Thunder Wave|p2a: Iron Moth|[miss]
|-miss|p1a: Zapdos|p2a: Iron Moth
|
|upkeep
|turn|17
|c|☆tonyrayyy|r u jollly or did i just lose a speed tie
|
|t:|1743822040
|move|p1a: Zapdos|Hurricane|p2a: Iron Moth
|-damage|p2a: Iron Moth|38/100 par
|move|p2a: Iron Moth|U-turn|p1a: Zapdos
|-resisted|p1a: Zapdos
|-damage|p1a: Zapdos|56/100
|
|t:|1743822044
|-end|p2a: Iron Moth|Quark Drive|[silent]
|switch|p2a: Iron Crown|Iron Crown|100/100|[from] U-turn
|-damage|p2a: Iron Crown|88/100|[from] Spikes
|
|upkeep
|turn|18
|
|t:|1743822049
|move|p2a: Iron Crown|Psychic Noise|p1a: Zapdos
|-damage|p1a: Zapdos|18/100
|-start|p1a: Zapdos|move: Heal Block
|move|p1a: Zapdos|Thunder Wave|p2a: Iron Crown
|-status|p2a: Iron Crown|par
|
|upkeep
|turn|19
|
|t:|1743822058
|-end|p2a: Iron Crown|Quark Drive|[silent]
|switch|p2a: Iron Moth|Iron Moth|38/100 par
|move|p1a: Zapdos|Volt Switch|p2a: Iron Moth
|-damage|p2a: Iron Moth|11/100 par
|
|t:|1743822063
|switch|p1a: Slowking|Slowking-Galar, F|100/100|[from] Volt Switch
|
|upkeep
|turn|20
|c|☆Xwipe Serious|jolly
|
|t:|1743822069
|move|p2a: Iron Moth|Fiery Dance|p1a: Slowking
|-damage|p1a: Slowking|78/100
|move|p1a: Slowking|Future Sight|p2a: Iron Moth
|-start|p1a: Slowking|move: Future Sight
|
|upkeep
|turn|21
|
|t:|1743822076
|-end|p2a: Iron Moth|Quark Drive|[silent]
|switch|p2a: Kababoum|Dragonite, F|100/100
|-prepare|p1a: Slowking|Chilly Reception|[premajor]
|move|p1a: Slowking|Chilly Reception|p1a: Slowking
|-weather|Snowscape
|
|t:|1743822085
|switch|p1a: Gholdengo|Gholdengo|100/100|[from] Chilly Reception
|-damage|p1a: Gholdengo|94/100|[from] Stealth Rock
|-item|p1a: Gholdengo|Air Balloon
|
|-weather|Snowscape|[upkeep]
|upkeep
|turn|22
|
|t:|1743822091
|switch|p1a: Zapdos|Zapdos|18/100
|move|p2a: Kababoum|Fire Punch|p1a: Zapdos
|-damage|p1a: Zapdos|0 fnt
|-status|p2a: Kababoum|par|[from] ability: Static|[of] p1a: Zapdos
|faint|p1a: Zapdos
|
|-weather|Snowscape|[upkeep]
|-end|p2a: Kababoum|move: Future Sight
|-damage|p2a: Kababoum|78/100 par
|upkeep
|
|t:|1743822101
|switch|p1a: Gholdengo|Gholdengo|94/100
|-damage|p1a: Gholdengo|88/100|[from] Stealth Rock
|-item|p1a: Gholdengo|Air Balloon
|turn|23
|
|t:|1743822121
|-terastallize|p1a: Gholdengo|Fairy
|move|p1a: Gholdengo|Nasty Plot|p1a: Gholdengo
|-boost|p1a: Gholdengo|spa|2
|move|p2a: Kababoum|Fire Punch|p1a: Gholdengo
|-damage|p1a: Gholdengo|45/100
|-enditem|p1a: Gholdengo|Air Balloon
|
|-weather|Snowscape|[upkeep]
|upkeep
|turn|24
|
|t:|1743822129
|switch|p2a: Iron Moth|Iron Moth|11/100 par
|move|p1a: Gholdengo|Recover|p1a: Gholdengo
|-heal|p1a: Gholdengo|95/100
|
|-weather|Snowscape|[upkeep]
|upkeep
|turn|25
|
|t:|1743822135
|move|p1a: Gholdengo|Shadow Ball|p2a: Iron Moth
|-damage|p2a: Iron Moth|0 fnt
|faint|p2a: Iron Moth
|-end|p2a: Iron Moth|Quark Drive|[silent]
|
|-weather|none
|upkeep
|
|t:|1743822141
|switch|p2a: Iron Crown|Iron Crown|88/100 par
|-damage|p2a: Iron Crown|76/100 par|[from] Spikes
|turn|26
|
|t:|1743822145
|cant|p2a: Iron Crown|par
|move|p1a: Gholdengo|Shadow Ball|p2a: Iron Crown
|-supereffective|p2a: Iron Crown
|-damage|p2a: Iron Crown|0 fnt
|faint|p2a: Iron Crown
|-end|p2a: Iron Crown|Quark Drive|[silent]
|
|upkeep
|c|☆Xwipe Serious|nahhh
|
|t:|1743822152
|switch|p2a: Armani style|Kingambit, M|88/100
|-damage|p2a: Armani style|76/100|[from] Spikes
|-activate|p2a: Armani style|ability: Supreme Overlord
|-start|p2a: Armani style|fallen4|[silent]
|turn|27
|c|☆tonyrayyy|oh its scarf
|c|☆Xwipe Serious|^^
|
|t:|1743822159
|move|p2a: Armani style|Iron Head|p1a: Gholdengo
|-supereffective|p1a: Gholdengo
|-damage|p1a: Gholdengo|0 fnt
|faint|p1a: Gholdengo
|
|upkeep
|c|☆tonyrayyy|gg
|c|☆Xwipe Serious|gg
|-message|tonyrayyy forfeited.
|
|win|Xwipe Serious
|raw|tonyrayyy's rating: 1917 &rarr; <strong>1888</strong><br />(-29 for losing)
|raw|Xwipe Serious's rating: 1742 &rarr; <strong>1771</strong><br />(+29 for winning)
|l|☆tonyrayyy
|player|p1|
|j| xhawiwihawawax
|l|☆Xwipe Serious
|player|p2|
