|j|☆LaBaleada
|j|☆Rabzzz
|t:|1743868511
|gametype|singles
|player|p1|LaBaleada|2|1852
|player|p2|Rabzzz|170|1823
|teamsize|p1|6
|teamsize|p2|6
|gen|9
|tier|[Gen 9] OU
|rated|
|rule|HP Percentage Mod: HP is shown in percentages
|rule|Endless Battle Clause: Forcing endless battles is banned
|rule|Species Clause: Limit one of each Pokémon
|rule|OHKO Clause: OHKO moves are banned
|rule|Evasion Items Clause: Evasion items are banned
|rule|Evasion Moves Clause: Evasion moves are banned
|rule|Sleep Moves Clause: Sleep-inducing moves are banned
|clearpoke
|poke|p1|Metagross|
|poke|p1|Ogerpon-Wellspring, F|
|poke|p1|Raging Bolt|
|poke|p1|Cinderace, M|
|poke|p1|Landorus-Therian, M|
|poke|p1|Slowking-Galar, M|
|poke|p2|Tinkaton, F|
|poke|p2|Moltres|
|poke|p2|Ting-Lu|
|poke|p2|Gholdengo|
|poke|p2|Weavile, M|
|poke|p2|Raging Bolt|
|teampreview
|inactive|Battle timer is ON: inactive players will automatically lose when time's up. (requested by LaBaleada)
|j| Xzbjhrw
|
|t:|1743868526
|start
|switch|p1a: Cinderace|Cinderace, M|100/100
|switch|p2a: Raging Bolt|Raging Bolt|100/100
|turn|1
|
|t:|1743868531
|move|p1a: Cinderace|U-turn|p2a: Raging Bolt
|-damage|p2a: Raging Bolt|85/100
|
|t:|1743868533
|switch|p1a: Slowking|Slowking-Galar, M|100/100|[from] U-turn
|move|p2a: Raging Bolt|Volt Switch|p1a: Slowking
|-damage|p1a: Slowking|75/100
|
|t:|1743868548
|-end|p2a: Raging Bolt|Protosynthesis|[silent]
|switch|p2a: Weavile|Weavile, M|100/100|[from] Volt Switch
|-ability|p2a: Weavile|Pressure
|
|upkeep
|turn|2
|
|t:|1743868552
|move|p2a: Weavile|Knock Off|p1a: Slowking
|-supereffective|p1a: Slowking
|-enditem|p1a: Slowking|Colbur Berry|[eat]
|-enditem|p1a: Slowking|Colbur Berry|[weaken]
|-damage|p1a: Slowking|25/100
|move|p1a: Slowking|Thunder Wave|p2a: Weavile
|-status|p2a: Weavile|par
|
|upkeep
|turn|3
|
|t:|1743868561
|switch|p1a: Ogerpon|Ogerpon-Wellspring, F|100/100
|cant|p2a: Weavile|par
|
|upkeep
|turn|4
|j| ShaqFromBasketball
|
|t:|1743868570
|move|p2a: Weavile|Ice Shard|p1a: Ogerpon
|-damage|p1a: Ogerpon|73/100
|move|p1a: Ogerpon|Ivy Cudgel|p2a: Weavile|[anim] Ivy Cudgel Water
|-damage|p2a: Weavile|0 fnt
|faint|p2a: Weavile
|
|upkeep
|
|t:|1743868581
|switch|p2a: Raging Bolt|Raging Bolt|85/100
|turn|5
|
|t:|1743868587
|switch|p1a: Metagross|Metagross|100/100
|move|p2a: Raging Bolt|Dragon Pulse|p1a: Metagross
|-resisted|p1a: Metagross
|-damage|p1a: Metagross|71/100
|
|upkeep
|turn|6
|
|t:|1743868593
|move|p2a: Raging Bolt|Volt Switch|p1a: Metagross
|-damage|p1a: Metagross|22/100
|j| kingambit player
|
|t:|1743868605
|-end|p2a: Raging Bolt|Protosynthesis|[silent]
|switch|p2a: Ting-Lu|Ting-Lu|100/100|[from] Volt Switch
|-ability|p2a: Ting-Lu|Vessel of Ruin
|move|p1a: Metagross|Ice Punch|p2a: Ting-Lu
|-supereffective|p2a: Ting-Lu
|-damage|p2a: Ting-Lu|71/100
|
|-heal|p2a: Ting-Lu|77/100|[from] item: Leftovers
|upkeep
|turn|7
|l| kingambit player
|
|t:|1743868614
|switch|p2a: Moltres|Moltres|100/100
|move|p1a: Metagross|Hammer Arm|p2a: Moltres
|-resisted|p2a: Moltres
|-damage|p2a: Moltres|87/100
|-unboost|p1a: Metagross|spe|1
|
|upkeep
|turn|8
|
|t:|1743868623
|switch|p1a: Slowking|Slowking-Galar, M|58/100
|move|p2a: Moltres|U-turn|p1a: Slowking
|-damage|p1a: Slowking|43/100
|
|t:|1743868645
|switch|p2a: Ting-Lu|Ting-Lu|77/100|[from] U-turn
|-ability|p2a: Ting-Lu|Vessel of Ruin
|
|-heal|p2a: Ting-Lu|83/100|[from] item: Leftovers
|upkeep
|turn|9
|
|t:|1743868651
|switch|p1a: Ogerpon|Ogerpon-Wellspring, F|73/100
|move|p2a: Ting-Lu|Spikes|p1a: Ogerpon
|-sidestart|p1: LaBaleada|Spikes
|
|-heal|p2a: Ting-Lu|89/100|[from] item: Leftovers
|upkeep
|turn|10
|
|t:|1743868656
|move|p1a: Ogerpon|Ivy Cudgel|p2a: Ting-Lu|[anim] Ivy Cudgel Water
|-supereffective|p2a: Ting-Lu
|-damage|p2a: Ting-Lu|30/100
|move|p2a: Ting-Lu|Whirlwind|p1a: Ogerpon
|drag|p1a: Metagross|Metagross|22/100
|-damage|p1a: Metagross|10/100|[from] Spikes
|
|-heal|p2a: Ting-Lu|36/100|[from] item: Leftovers
|upkeep
|turn|11
|
|t:|1743868663
|switch|p2a: Moltres|Moltres|87/100
|move|p1a: Metagross|Hammer Arm|p2a: Moltres
|-resisted|p2a: Moltres
|-damage|p2a: Moltres|73/100
|-unboost|p1a: Metagross|spe|1
|
|upkeep
|turn|12
|
|t:|1743868670
|switch|p1a: Slowking|Slowking-Galar, M|76/100
|-damage|p1a: Slowking|64/100|[from] Spikes
|move|p2a: Moltres|U-turn|p1a: Slowking
|-damage|p1a: Slowking|48/100
|
|t:|1743868684
|switch|p2a: Ting-Lu|Ting-Lu|36/100|[from] U-turn
|-ability|p2a: Ting-Lu|Vessel of Ruin
|
|-heal|p2a: Ting-Lu|42/100|[from] item: Leftovers
|upkeep
|turn|13
|
|t:|1743868690
|switch|p1a: Ogerpon|Ogerpon-Wellspring, F|73/100
|-damage|p1a: Ogerpon|61/100|[from] Spikes
|move|p2a: Ting-Lu|Whirlwind|p1a: Ogerpon
|drag|p1a: Slowking|Slowking-Galar, M|82/100
|-damage|p1a: Slowking|69/100|[from] Spikes
|
|-heal|p2a: Ting-Lu|48/100|[from] item: Leftovers
|upkeep
|turn|14
|
|t:|1743868699
|switch|p1a: Landorus|Landorus-Therian, M|100/100
|-ability|p1a: Landorus|Intimidate|boost
|-unboost|p2a: Ting-Lu|atk|1
|move|p2a: Ting-Lu|Earthquake|p1a: Landorus
|-immune|p1a: Landorus
|
|-heal|p2a: Ting-Lu|55/100|[from] item: Leftovers
|upkeep
|turn|15
|j| atatakaidon
|
|t:|1743868702
|switch|p2a: Moltres|Moltres|73/100
|move|p1a: Landorus|Taunt|p2a: Moltres
|-start|p2a: Moltres|move: Taunt
|
|upkeep
|turn|16
|l| atatakaidon
|
|t:|1743868712
|switch|p1a: Slowking|Slowking-Galar, M|100/100
|-damage|p1a: Slowking|88/100|[from] Spikes
|move|p2a: Moltres|Flamethrower|p1a: Slowking
|-damage|p1a: Slowking|64/100
|
|upkeep
|turn|17
|
|t:|1743868719
|move|p2a: Moltres|Flamethrower|p1a: Slowking
|-damage|p1a: Slowking|43/100
|-prepare|p1a: Slowking|Chilly Reception|[premajor]
|move|p1a: Slowking|Chilly Reception|p1a: Slowking
|-weather|Snowscape
|
|t:|1743868721
|switch|p1a: Ogerpon|Ogerpon-Wellspring, F|61/100|[from] Chilly Reception
|-damage|p1a: Ogerpon|49/100|[from] Spikes
|
|-weather|Snowscape|[upkeep]
|-end|p2a: Moltres|move: Taunt
|upkeep
|turn|18
|
|t:|1743868739
|switch|p1a: Slowking|Slowking-Galar, M|76/100
|-damage|p1a: Slowking|64/100|[from] Spikes
|switch|p2a: Raging Bolt|Raging Bolt|85/100
|
|-weather|Snowscape|[upkeep]
|upkeep
|turn|19
|
|t:|1743868747
|move|p2a: Raging Bolt|Volt Switch|p1a: Slowking
|-damage|p1a: Slowking|38/100
|
|t:|1743868751
|-end|p2a: Raging Bolt|Protosynthesis|[silent]
|switch|p2a: Gholdengo|Gholdengo|100/100|[from] Volt Switch
|-prepare|p1a: Slowking|Chilly Reception|[premajor]
|move|p1a: Slowking|Chilly Reception|p1a: Slowking
|
|t:|1743868753
|switch|p1a: Cinderace|Cinderace, M|100/100|[from] Chilly Reception
|
|-weather|Snowscape|[upkeep]
|upkeep
|turn|20
|
|t:|1743868759
|switch|p2a: Moltres|Moltres|73/100
|move|p1a: Cinderace|Pyro Ball|p2a: Moltres
|-resisted|p2a: Moltres
|-damage|p2a: Moltres|56/100
|
|-weather|Snowscape|[upkeep]
|upkeep
|turn|21
|
|t:|1743868766
|move|p1a: Cinderace|Court Change|p1a: Cinderace
|-swapsideconditions
|-activate|p1a: Cinderace|move: Court Change
|move|p2a: Moltres|Will-O-Wisp|p1a: Cinderace
|-immune|p1a: Cinderace
|
|-weather|none
|upkeep
|turn|22
|
|t:|1743868772
|move|p1a: Cinderace|U-turn|p2a: Moltres
|-resisted|p2a: Moltres
|-damage|p2a: Moltres|54/100
|
|t:|1743868774
|switch|p1a: Slowking|Slowking-Galar, M|71/100|[from] U-turn
|move|p2a: Moltres|Roost|p2a: Moltres
|-heal|p2a: Moltres|100/100
|-singleturn|p2a: Moltres|move: Roost
|
|upkeep
|turn|23
|
|t:|1743868784
|move|p2a: Moltres|U-turn|p1a: Slowking
|-damage|p1a: Slowking|56/100
|
|t:|1743868785
|switch|p2a: Raging Bolt|Raging Bolt|85/100|[from] U-turn
|-prepare|p1a: Slowking|Chilly Reception|[premajor]
|move|p1a: Slowking|Chilly Reception|p1a: Slowking
|-weather|Snowscape
|
|t:|1743868790
|switch|p1a: Landorus|Landorus-Therian, M|100/100|[from] Chilly Reception
|-ability|p1a: Landorus|Intimidate|boost
|-unboost|p2a: Raging Bolt|atk|1
|
|-weather|Snowscape|[upkeep]
|upkeep
|turn|24
|
|t:|1743868799
|-end|p2a: Raging Bolt|Protosynthesis|[silent]
|switch|p2a: Moltres|Moltres|100/100
|move|p1a: Landorus|Earth Power|p2a: Moltres
|-immune|p2a: Moltres
|
|-weather|Snowscape|[upkeep]
|upkeep
|turn|25
|
|t:|1743868807
|move|p1a: Landorus|Stealth Rock|p2a: Moltres
|-sidestart|p2: Rabzzz|move: Stealth Rock
|move|p2a: Moltres|Will-O-Wisp|p1a: Landorus
|-status|p1a: Landorus|brn
|
|-weather|Snowscape|[upkeep]
|-damage|p1a: Landorus|94/100 brn|[from] brn
|upkeep
|turn|26
|
|t:|1743868812
|move|p1a: Landorus|U-turn|p2a: Moltres
|-resisted|p2a: Moltres
|-damage|p2a: Moltres|99/100
|
|t:|1743868815
|switch|p1a: Slowking|Slowking-Galar, M|89/100|[from] U-turn
|move|p2a: Moltres|U-turn|p1a: Slowking
|-damage|p1a: Slowking|74/100
|j| lowladderubersnoob
|inactive|Rabzzz has 120 seconds left.
|
|t:|1743868851
|switch|p2a: Gholdengo|Gholdengo|100/100|[from] U-turn
|-damage|p2a: Gholdengo|88/100|[from] Spikes
|-damage|p2a: Gholdengo|82/100|[from] Stealth Rock
|
|-weather|Snowscape|[upkeep]
|-heal|p2a: Gholdengo|88/100|[from] item: Leftovers
|upkeep
|turn|27
|
|t:|1743868859
|move|p2a: Gholdengo|Thunder Wave|p1a: Slowking
|-status|p1a: Slowking|par
|-prepare|p1a: Slowking|Chilly Reception|[premajor]
|move|p1a: Slowking|Chilly Reception|p1a: Slowking
|
|t:|1743868865
|switch|p1a: Cinderace|Cinderace, M|100/100|[from] Chilly Reception
|
|-weather|none
|-heal|p2a: Gholdengo|94/100|[from] item: Leftovers
|upkeep
|turn|28
|l| Xzbjhrw
|
|t:|1743868872
|switch|p2a: Moltres|Moltres|99/100
|move|p1a: Cinderace|U-turn|p2a: Moltres
|-resisted|p2a: Moltres
|-damage|p2a: Moltres|95/100
|
|t:|1743868874
|switch|p1a: Ogerpon|Ogerpon-Wellspring, F|49/100|[from] U-turn
|
|upkeep
|turn|29
|
|t:|1743868880
|switch|p2a: Raging Bolt|Raging Bolt|85/100
|move|p1a: Ogerpon|Knock Off|p2a: Raging Bolt
|-damage|p2a: Raging Bolt|48/100
|-enditem|p2a: Raging Bolt|Heavy-Duty Boots|[from] move: Knock Off|[of] p1a: Ogerpon
|
|upkeep
|turn|30
|
|t:|1743868890
|switch|p1a: Landorus|Landorus-Therian, M|94/100 brn
|-ability|p1a: Landorus|Intimidate|boost
|-unboost|p2a: Raging Bolt|atk|1
|move|p2a: Raging Bolt|Volt Switch|p1a: Landorus
|-immune|p1a: Landorus
|
|-damage|p1a: Landorus|88/100 brn|[from] brn
|upkeep
|turn|31
|
|t:|1743868895
|-end|p2a: Raging Bolt|Protosynthesis|[silent]
|switch|p2a: Moltres|Moltres|95/100
|move|p1a: Landorus|U-turn|p2a: Moltres
|-resisted|p2a: Moltres
|-damage|p2a: Moltres|93/100
|
|t:|1743868899
|switch|p1a: Ogerpon|Ogerpon-Wellspring, F|49/100|[from] U-turn
|
|upkeep
|turn|32
|
|t:|1743868911
|switch|p2a: Raging Bolt|Raging Bolt|48/100
|-damage|p2a: Raging Bolt|35/100|[from] Spikes
|-damage|p2a: Raging Bolt|23/100|[from] Stealth Rock
|move|p1a: Ogerpon|Knock Off|p2a: Raging Bolt
|-damage|p2a: Raging Bolt|0 fnt
|faint|p2a: Raging Bolt
|-end|p2a: Raging Bolt|Protosynthesis|[silent]
|
|upkeep
|
|t:|1743868922
|switch|p2a: Gholdengo|Gholdengo|94/100
|-damage|p2a: Gholdengo|82/100|[from] Spikes
|-damage|p2a: Gholdengo|76/100|[from] Stealth Rock
|turn|33
|
|t:|1743868927
|switch|p1a: Landorus|Landorus-Therian, M|88/100 brn
|-ability|p1a: Landorus|Intimidate|boost
|-unboost|p2a: Gholdengo|atk|1
|move|p2a: Gholdengo|Thunder Wave|p1a: Landorus
|-immune|p1a: Landorus
|
|-heal|p2a: Gholdengo|82/100|[from] item: Leftovers
|-damage|p1a: Landorus|82/100 brn|[from] brn
|upkeep
|turn|34
|
|t:|1743868932
|switch|p2a: Moltres|Moltres|93/100
|move|p1a: Landorus|Earth Power|p2a: Moltres
|-immune|p2a: Moltres
|
|-damage|p1a: Landorus|76/100 brn|[from] brn
|upkeep
|turn|35
|
|t:|1743868941
|switch|p1a: Cinderace|Cinderace, M|100/100
|move|p2a: Moltres|Flamethrower|p1a: Cinderace
|-resisted|p1a: Cinderace
|-damage|p1a: Cinderace|77/100
|
|upkeep
|turn|36
|
|t:|1743868945
|move|p1a: Cinderace|Pyro Ball|p2a: Moltres
|-resisted|p2a: Moltres
|-damage|p2a: Moltres|76/100
|move|p2a: Moltres|U-turn|p1a: Cinderace
|-resisted|p1a: Cinderace
|-damage|p1a: Cinderace|69/100
|l| lowladderubersnoob
|
|t:|1743868952
|switch|p2a: Tinkaton|Tinkaton, F|100/100|[from] U-turn
|-damage|p2a: Tinkaton|94/100|[from] Stealth Rock
|-item|p2a: Tinkaton|Air Balloon
|
|upkeep
|turn|37
|
|t:|1743868956
|switch|p2a: Moltres|Moltres|76/100
|move|p1a: Cinderace|Pyro Ball|p2a: Moltres
|-resisted|p2a: Moltres
|-damage|p2a: Moltres|60/100
|
|upkeep
|turn|38
|j| lowladderubersnoob
|
|t:|1743868962
|move|p1a: Cinderace|U-turn|p2a: Moltres
|-resisted|p2a: Moltres
|-damage|p2a: Moltres|56/100
|
|t:|1743868964
|switch|p1a: Slowking|Slowking-Galar, M|100/100 par|[from] U-turn
|move|p2a: Moltres|Roost|p2a: Moltres
|-heal|p2a: Moltres|100/100
|-singleturn|p2a: Moltres|move: Roost
|
|upkeep
|turn|39
|
|t:|1743868973
|move|p2a: Moltres|U-turn|p1a: Slowking
|-damage|p1a: Slowking|85/100 par
|
|t:|1743868976
|switch|p2a: Gholdengo|Gholdengo|82/100|[from] U-turn
|-damage|p2a: Gholdengo|69/100|[from] Spikes
|-damage|p2a: Gholdengo|63/100|[from] Stealth Rock
|move|p1a: Slowking|Sludge Bomb|p2a: Gholdengo
|-immune|p2a: Gholdengo
|
|-heal|p2a: Gholdengo|69/100|[from] item: Leftovers
|upkeep
|turn|40
|
|t:|1743868982
|-terastallize|p1a: Slowking|Normal
|move|p2a: Gholdengo|Hex|p1a: Slowking
|-immune|p1a: Slowking
|-prepare|p1a: Slowking|Chilly Reception|[premajor]
|move|p1a: Slowking|Chilly Reception|p1a: Slowking
|-weather|Snowscape
|
|t:|1743868987
|switch|p1a: Cinderace|Cinderace, M|69/100|[from] Chilly Reception
|
|-weather|Snowscape|[upkeep]
|-heal|p2a: Gholdengo|75/100|[from] item: Leftovers
|upkeep
|turn|41
|
|t:|1743868995
|switch|p2a: Moltres|Moltres|100/100
|move|p1a: Cinderace|U-turn|p2a: Moltres
|-resisted|p2a: Moltres
|-damage|p2a: Moltres|98/100
|
|t:|1743868997
|switch|p1a: Ogerpon|Ogerpon-Wellspring, F|49/100|[from] U-turn
|
|-weather|Snowscape|[upkeep]
|upkeep
|turn|42
|j| plaketdefrein
|
|t:|1743869018
|-terastallize|p2a: Moltres|Fairy
|move|p1a: Ogerpon|Knock Off|p2a: Moltres
|-resisted|p2a: Moltres
|-damage|p2a: Moltres|84/100
|-status|p1a: Ogerpon|brn|[from] ability: Flame Body|[of] p2a: Moltres
|-enditem|p2a: Moltres|Heavy-Duty Boots|[from] move: Knock Off|[of] p1a: Ogerpon
|move|p2a: Moltres|Will-O-Wisp|p1a: Ogerpon
|-fail|p1a: Ogerpon|brn
|
|-weather|Snowscape|[upkeep]
|-damage|p1a: Ogerpon|43/100 brn|[from] brn
|upkeep
|turn|43
|
|t:|1743869034
|move|p1a: Ogerpon|Encore|p2a: Moltres
|-start|p2a: Moltres|Encore
|move|p2a: Moltres|Will-O-Wisp|p1a: Ogerpon
|-fail|p1a: Ogerpon|brn
|
|-weather|Snowscape|[upkeep]
|-damage|p1a: Ogerpon|37/100 brn|[from] brn
|upkeep
|turn|44
|
|t:|1743869043
|switch|p2a: Gholdengo|Gholdengo|75/100
|-damage|p2a: Gholdengo|63/100|[from] Spikes
|-damage|p2a: Gholdengo|57/100|[from] Stealth Rock
|move|p1a: Ogerpon|Ivy Cudgel|p2a: Gholdengo|[anim] Ivy Cudgel Water
|-damage|p2a: Gholdengo|35/100
|
|-weather|none
|-heal|p2a: Gholdengo|41/100|[from] item: Leftovers
|-damage|p1a: Ogerpon|31/100 brn|[from] brn
|upkeep
|turn|45
|
|t:|1743869046
|move|p1a: Ogerpon|Knock Off|p2a: Gholdengo
|-supereffective|p2a: Gholdengo
|-damage|p2a: Gholdengo|13/100
|-enditem|p2a: Gholdengo|Leftovers|[from] move: Knock Off|[of] p1a: Ogerpon
|move|p2a: Gholdengo|Recover|p2a: Gholdengo
|-heal|p2a: Gholdengo|63/100
|
|-damage|p1a: Ogerpon|25/100 brn|[from] brn
|upkeep
|turn|46
|l| lowladderubersnoob
|j| lowladderubersnoob
|
|t:|1743869054
|switch|p1a: Metagross|Metagross|10/100
|move|p2a: Gholdengo|Recover|p2a: Gholdengo
|-heal|p2a: Gholdengo|100/100
|
|upkeep
|turn|47
|
|t:|1743869061
|switch|p2a: Tinkaton|Tinkaton, F|94/100
|-damage|p2a: Tinkaton|88/100|[from] Stealth Rock
|-item|p2a: Tinkaton|Air Balloon
|move|p1a: Metagross|Psychic Noise|p2a: Tinkaton
|-resisted|p2a: Tinkaton
|-damage|p2a: Tinkaton|78/100
|-start|p2a: Tinkaton|move: Heal Block
|-enditem|p2a: Tinkaton|Air Balloon
|
|upkeep
|turn|48
|
|t:|1743869072
|move|p1a: Metagross|Bullet Punch|p2a: Tinkaton
|-damage|p2a: Tinkaton|49/100
|-enditem|p1a: Metagross|Shuca Berry|[silent]|[from] ability: Pickpocket|[of] p1a: Metagross
|-item|p2a: Tinkaton|Shuca Berry|[from] ability: Pickpocket|[of] p1a: Metagross
|move|p2a: Tinkaton|Stealth Rock|p1a: Metagross
|-sidestart|p1: LaBaleada|move: Stealth Rock
|
|-end|p2a: Tinkaton|move: Heal Block
|upkeep
|turn|49
|
|t:|1743869076
|move|p1a: Metagross|Bullet Punch|p2a: Tinkaton
|-damage|p2a: Tinkaton|24/100
|move|p2a: Tinkaton|Knock Off|p1a: Metagross
|-supereffective|p1a: Metagross
|-damage|p1a: Metagross|0 fnt
|faint|p1a: Metagross
|
|upkeep
|
|t:|1743869079
|switch|p1a: Cinderace|Cinderace, M|69/100
|turn|50
|j| 54 insane rats
|
|t:|1743869088
|move|p1a: Cinderace|Pyro Ball|p2a: Tinkaton|[miss]
|-miss|p1a: Cinderace|p2a: Tinkaton
|move|p2a: Tinkaton|Knock Off|p1a: Cinderace
|-damage|p1a: Cinderace|47/100
|-enditem|p1a: Cinderace|Heavy-Duty Boots|[from] move: Knock Off|[of] p2a: Tinkaton
|
|upkeep
|turn|51
|
|t:|1743869093
|move|p1a: Cinderace|Pyro Ball|p2a: Tinkaton
|-supereffective|p2a: Tinkaton
|-damage|p2a: Tinkaton|0 fnt
|faint|p2a: Tinkaton
|
|upkeep
|
|t:|1743869107
|switch|p2a: Moltres|Moltres, tera:Fairy|84/100
|-damage|p2a: Moltres|72/100|[from] Spikes
|-damage|p2a: Moltres|59/100|[from] Stealth Rock
|turn|52
|
|t:|1743869110
|move|p1a: Cinderace|Will-O-Wisp|p2a: Moltres
|-status|p2a: Moltres|brn
|move|p2a: Moltres|Roost|p2a: Moltres
|-heal|p2a: Moltres|100/100 brn
|
|-damage|p2a: Moltres|94/100 brn|[from] brn
|upkeep
|turn|53
|
|t:|1743869120
|move|p1a: Cinderace|Pyro Ball|p2a: Moltres
|-damage|p2a: Moltres|61/100 brn
|move|p2a: Moltres|Flamethrower|p1a: Cinderace
|-resisted|p1a: Cinderace
|-damage|p1a: Cinderace|25/100
|
|-damage|p2a: Moltres|55/100 brn|[from] brn
|upkeep
|turn|54
|
|t:|1743869124
|move|p1a: Cinderace|Pyro Ball|p2a: Moltres
|-damage|p2a: Moltres|3/100 brn
|move|p2a: Moltres|Roost|p2a: Moltres
|-heal|p2a: Moltres|53/100 brn
|
|-damage|p2a: Moltres|47/100 brn|[from] brn
|upkeep
|turn|55
|
|t:|1743869131
|switch|p1a: Slowking|Slowking-Galar, M, tera:Normal|100/100 par
|-damage|p1a: Slowking|88/100 par|[from] Stealth Rock
|move|p2a: Moltres|Roost|p2a: Moltres
|-heal|p2a: Moltres|97/100 brn
|
|-damage|p2a: Moltres|91/100 brn|[from] brn
|upkeep
|turn|56
|
|t:|1743869143
|move|p2a: Moltres|U-turn|p1a: Slowking
|-damage|p1a: Slowking|81/100 par
|
|t:|1743869155
|switch|p2a: Gholdengo|Gholdengo|100/100|[from] U-turn
|-damage|p2a: Gholdengo|88/100|[from] Spikes
|-damage|p2a: Gholdengo|82/100|[from] Stealth Rock
|-prepare|p1a: Slowking|Chilly Reception|[premajor]
|move|p1a: Slowking|Chilly Reception|p1a: Slowking
|-weather|Snowscape
|
|t:|1743869158
|switch|p1a: Landorus|Landorus-Therian, M|76/100 brn|[from] Chilly Reception
|-damage|p1a: Landorus|64/100 brn|[from] Stealth Rock
|-ability|p1a: Landorus|Intimidate|boost
|-unboost|p2a: Gholdengo|atk|1
|
|-weather|Snowscape|[upkeep]
|-damage|p1a: Landorus|58/100 brn|[from] brn
|upkeep
|turn|57
|j| IGN Careless
|
|t:|1743869172
|switch|p2a: Ting-Lu|Ting-Lu|55/100
|-damage|p2a: Ting-Lu|42/100|[from] Spikes
|-damage|p2a: Ting-Lu|36/100|[from] Stealth Rock
|-ability|p2a: Ting-Lu|Vessel of Ruin
|move|p1a: Landorus|Earth Power|p2a: Ting-Lu
|-damage|p2a: Ting-Lu|24/100
|
|-weather|Snowscape|[upkeep]
|-heal|p2a: Ting-Lu|30/100|[from] item: Leftovers
|-damage|p1a: Landorus|52/100 brn|[from] brn
|upkeep
|turn|58
|
|t:|1743869186
|move|p1a: Landorus|Taunt|p2a: Ting-Lu
|-start|p2a: Ting-Lu|move: Taunt
|move|p2a: Ting-Lu|Ruination|p1a: Landorus
|-damage|p1a: Landorus|26/100 brn
|
|-weather|Snowscape|[upkeep]
|-heal|p2a: Ting-Lu|36/100|[from] item: Leftovers
|-damage|p1a: Landorus|20/100 brn|[from] brn
|upkeep
|turn|59
|
|t:|1743869197
|move|p1a: Landorus|U-turn|p2a: Ting-Lu
|-supereffective|p2a: Ting-Lu
|-damage|p2a: Ting-Lu|25/100
|
|t:|1743869200
|switch|p1a: Ogerpon|Ogerpon-Wellspring, F|25/100 brn|[from] U-turn
|-damage|p1a: Ogerpon|12/100 brn|[from] Stealth Rock
|move|p2a: Ting-Lu|Ruination|p1a: Ogerpon
|-damage|p1a: Ogerpon|6/100 brn
|
|-weather|Snowscape|[upkeep]
|-heal|p2a: Ting-Lu|31/100|[from] item: Leftovers
|-damage|p1a: Ogerpon|0 fnt|[from] brn
|faint|p1a: Ogerpon
|upkeep
|l| plaketdefrein
|
|t:|1743869219
|switch|p1a: Landorus|Landorus-Therian, M|20/100 brn
|-damage|p1a: Landorus|8/100 brn|[from] Stealth Rock
|-ability|p1a: Landorus|Intimidate|boost
|-unboost|p2a: Ting-Lu|atk|1
|turn|60
|
|t:|1743869239
|move|p1a: Landorus|Earth Power|p2a: Ting-Lu
|-damage|p2a: Ting-Lu|18/100
|move|p2a: Ting-Lu|Ruination|p1a: Landorus
|-damage|p1a: Landorus|4/100 brn
|
|-weather|none
|-heal|p2a: Ting-Lu|24/100|[from] item: Leftovers
|-damage|p1a: Landorus|0 fnt|[from] brn
|faint|p1a: Landorus
|-end|p2a: Ting-Lu|move: Taunt
|upkeep
|
|t:|1743869241
|switch|p1a: Raging Bolt|Raging Bolt|100/100
|-damage|p1a: Raging Bolt|88/100|[from] Stealth Rock
|-enditem|p1a: Raging Bolt|Booster Energy
|-activate|p1a: Raging Bolt|ability: Protosynthesis|[fromitem]
|-start|p1a: Raging Bolt|protosynthesisspa
|turn|61
|
|t:|1743869256
|move|p1a: Raging Bolt|Dragon Pulse|p2a: Ting-Lu
|-damage|p2a: Ting-Lu|0 fnt
|faint|p2a: Ting-Lu
|
|upkeep
|
|t:|1743869277
|switch|p2a: Moltres|Moltres, tera:Fairy|91/100 brn
|-damage|p2a: Moltres|79/100 brn|[from] Spikes
|-damage|p2a: Moltres|66/100 brn|[from] Stealth Rock
|turn|62
|
|t:|1743869287
|move|p1a: Raging Bolt|Calm Mind|p1a: Raging Bolt
|-boost|p1a: Raging Bolt|spa|1
|-boost|p1a: Raging Bolt|spd|1
|move|p2a: Moltres|Will-O-Wisp|p1a: Raging Bolt|[miss]
|-miss|p2a: Moltres|p1a: Raging Bolt
|
|-damage|p2a: Moltres|60/100 brn|[from] brn
|upkeep
|turn|63
|
|t:|1743869293
|move|p1a: Raging Bolt|Thunderbolt|p2a: Moltres
|-damage|p2a: Moltres|0 fnt
|faint|p2a: Moltres
|
|upkeep
|
|t:|1743869295
|switch|p2a: Gholdengo|Gholdengo|82/100
|-damage|p2a: Gholdengo|70/100|[from] Spikes
|-damage|p2a: Gholdengo|63/100|[from] Stealth Rock
|turn|64
|
|t:|1743869297
|move|p1a: Raging Bolt|Thunderbolt|p2a: Gholdengo
|-damage|p2a: Gholdengo|0 fnt
|faint|p2a: Gholdengo
|
|win|LaBaleada
|raw|LaBaleada's rating: 1852 &rarr; <strong>1870</strong><br />(+18 for winning)
|raw|Rabzzz's rating: 1823 &rarr; <strong>1805</strong><br />(-18 for losing)
|c|☆Rabzzz|gg
|c|☆LaBaleada|gg
|l|☆LaBaleada
|player|p1|
|l| lowladderubersnoob
|l|☆Rabzzz
|player|p2|
|l| ShaqFromBasketball
|l| 54 insane rats
