|j|☆R. Caroline
|j|☆Shadow4cTest3r
|t:|1743833277
|gametype|singles
|player|p1|R. Caroline|pokemonrangerf-gen4|1586
|player|p2|Shadow4cTest3r|101|1536
|teamsize|p1|6
|teamsize|p2|6
|gen|9
|tier|[Gen 9] OU
|rated|
|rule|HP Percentage Mod: HP is shown in percentages
|rule|Endless Battle Clause: Forcing endless battles is banned
|rule|Species Clause: Limit one of each Pokémon
|rule|OHKO Clause: OHKO moves are banned
|rule|Evasion Items Clause: Evasion items are banned
|rule|Evasion Moves Clause: Evasion moves are banned
|rule|Sleep Moves Clause: Sleep-inducing moves are banned
|clearpoke
|poke|p1|Latias, F|
|poke|p1|Chansey, F|
|poke|p1|Ursaluna, M|
|poke|p1|Scizor, M|
|poke|p1|Umbreon, F|
|poke|p1|Mew|
|poke|p2|Ting-Lu|
|poke|p2|Gliscor, F|
|poke|p2|Sinistcha|
|poke|p2|Keldeo|
|poke|p2|Tinkaton, F|
|poke|p2|Dragonite, F|
|teampreview
|inactive|Battle timer is ON: inactive players will automatically lose when time's up. (requested by Shadow4cTest3r)
|
|t:|1743833325
|start
|switch|p1a: Etrig|Ursaluna, M, shiny|100/100
|switch|p2a: Tinkki Minaj|Tinkaton, F|100/100
|-ability|p2a: Tinkki Minaj|Mold Breaker
|-item|p2a: Tinkki Minaj|Air Balloon
|turn|1
|
|t:|1743833336
|switch|p1a: Boston|Mew, shiny|100/100
|move|p2a: Tinkki Minaj|Stealth Rock|p1a: Boston
|-sidestart|p1: R. Caroline|move: Stealth Rock
|
|upkeep
|turn|2
|
|t:|1743833349
|move|p1a: Boston|Volt Switch|p2a: Tinkki Minaj
|-damage|p2a: Tinkki Minaj|83/100
|-enditem|p2a: Tinkki Minaj|Air Balloon
|
|t:|1743833365
|switch|p1a: Etrig|Ursaluna, M, shiny|100/100|[from] Volt Switch
|-damage|p1a: Etrig|94/100|[from] Stealth Rock
|move|p2a: Tinkki Minaj|Thunder Wave|p1a: Etrig
|-immune|p1a: Etrig
|
|upkeep
|turn|3
|
|t:|1743833371
|switch|p2a: Tchavis Scott|Sinistcha|100/100
|move|p1a: Etrig|Earthquake|p2a: Tchavis Scott
|-resisted|p2a: Tchavis Scott
|-damage|p2a: Tchavis Scott|82/100
|
|upkeep
|turn|4
|
|t:|1743833377
|switch|p1a: Shay|Chansey, F, shiny|100/100
|-damage|p1a: Shay|88/100|[from] Stealth Rock
|move|p2a: Tchavis Scott|Matcha Gotcha|p1a: Shay
|-damage|p1a: Shay|80/100
|-heal|p2a: Tchavis Scott|90/100|[from] drain|[of] p1a: Shay
|
|upkeep
|turn|5
|
|t:|1743833385
|switch|p2a: Dance Armstrong|Gliscor, F|100/100
|move|p1a: Shay|Stealth Rock|p2a: Dance Armstrong
|-sidestart|p2: Shadow4cTest3r|move: Stealth Rock
|
|-status|p2a: Dance Armstrong|tox|[from] item: Toxic Orb
|upkeep
|turn|6
|
|t:|1743833392
|switch|p1a: Garf|Scizor, M, shiny|100/100
|move|p2a: Dance Armstrong|Knock Off|p1a: Garf
|-damage|p1a: Garf|83/100
|-enditem|p1a: Garf|Heavy-Duty Boots|[from] move: Knock Off|[of] p2a: Dance Armstrong
|
|upkeep
|turn|7
|
|t:|1743833398
|move|p2a: Dance Armstrong|Swords Dance|p2a: Dance Armstrong
|-boost|p2a: Dance Armstrong|atk|2
|move|p1a: Garf|U-turn|p2a: Dance Armstrong
|-resisted|p2a: Dance Armstrong
|-damage|p2a: Dance Armstrong|85/100 tox
|
|t:|1743833409
|switch|p1a: Etrig|Ursaluna, M, shiny|94/100|[from] U-turn
|-damage|p1a: Etrig|88/100|[from] Stealth Rock
|
|-heal|p2a: Dance Armstrong|97/100 tox|[from] ability: Poison Heal
|upkeep
|turn|8
|
|t:|1743833414
|move|p2a: Dance Armstrong|Protect|p2a: Dance Armstrong
|-singleturn|p2a: Dance Armstrong|Protect
|move|p1a: Etrig|Avalanche|p2a: Dance Armstrong
|-activate|p2a: Dance Armstrong|move: Protect
|
|-heal|p2a: Dance Armstrong|100/100 tox|[from] ability: Poison Heal
|upkeep
|turn|9
|
|t:|1743833421
|-terastallize|p2a: Dance Armstrong|Normal
|move|p2a: Dance Armstrong|Facade|p1a: Etrig
|-damage|p1a: Etrig|29/100
|move|p1a: Etrig|Avalanche|p2a: Dance Armstrong
|-damage|p2a: Dance Armstrong|63/100 tox
|
|-heal|p2a: Dance Armstrong|75/100 tox|[from] ability: Poison Heal
|upkeep
|turn|10
|
|t:|1743833430
|switch|p1a: Dinah|Umbreon, F|100/100
|-damage|p1a: Dinah|88/100|[from] Stealth Rock
|move|p2a: Dance Armstrong|Knock Off|p1a: Dinah
|-resisted|p1a: Dinah
|-damage|p1a: Dinah|75/100
|-damage|p2a: Dance Armstrong|59/100 tox|[from] item: Rocky Helmet|[of] p1a: Dinah
|-enditem|p1a: Dinah|Rocky Helmet|[from] move: Knock Off|[of] p2a: Dance Armstrong
|
|-heal|p2a: Dance Armstrong|71/100 tox|[from] ability: Poison Heal
|upkeep
|turn|11
|
|t:|1743833439
|move|p2a: Dance Armstrong|Protect|p2a: Dance Armstrong
|-singleturn|p2a: Dance Armstrong|Protect
|move|p1a: Dinah|Moonlight|p1a: Dinah
|-heal|p1a: Dinah|100/100
|
|-heal|p2a: Dance Armstrong|84/100 tox|[from] ability: Poison Heal
|upkeep
|turn|12
|
|t:|1743833448
|switch|p2a: Tinkki Minaj|Tinkaton, F|83/100
|-damage|p2a: Tinkki Minaj|77/100|[from] Stealth Rock
|-ability|p2a: Tinkki Minaj|Mold Breaker
|move|p1a: Dinah|Foul Play|p2a: Tinkki Minaj
|-resisted|p2a: Tinkki Minaj
|-damage|p2a: Tinkki Minaj|64/100
|
|upkeep
|turn|13
|
|t:|1743833457
|switch|p1a: Garf|Scizor, M, shiny|83/100
|-damage|p1a: Garf|71/100|[from] Stealth Rock
|move|p2a: Tinkki Minaj|Thunder Wave|p1a: Garf|[miss]
|-miss|p2a: Tinkki Minaj|p1a: Garf
|
|upkeep
|turn|14
|
|t:|1743833464
|move|p1a: Garf|Bullet Punch|p2a: Tinkki Minaj
|-damage|p2a: Tinkki Minaj|30/100
|move|p2a: Tinkki Minaj|Thunder Wave|p1a: Garf
|-status|p1a: Garf|par
|
|upkeep
|turn|15
|
|t:|1743833469
|switch|p2a: Dance Armstrong|Gliscor, F, tera:Normal|84/100 tox
|-damage|p2a: Dance Armstrong|71/100 tox|[from] Stealth Rock
|move|p1a: Garf|U-turn|p2a: Dance Armstrong
|-damage|p2a: Dance Armstrong|44/100 tox
|
|t:|1743833476
|switch|p1a: Dinah|Umbreon, F|100/100|[from] U-turn
|-damage|p1a: Dinah|88/100|[from] Stealth Rock
|
|-heal|p2a: Dance Armstrong|56/100 tox|[from] ability: Poison Heal
|upkeep
|turn|16
|
|t:|1743833482
|move|p2a: Dance Armstrong|Protect|p2a: Dance Armstrong
|-singleturn|p2a: Dance Armstrong|Protect
|move|p1a: Dinah|Foul Play|p2a: Dance Armstrong
|-activate|p2a: Dance Armstrong|move: Protect
|
|-heal|p2a: Dance Armstrong|69/100 tox|[from] ability: Poison Heal
|upkeep
|turn|17
|
|t:|1743833488
|switch|p2a: Cuphead|Ting-Lu|100/100
|-damage|p2a: Cuphead|94/100|[from] Stealth Rock
|-ability|p2a: Cuphead|Vessel of Ruin
|move|p1a: Dinah|Foul Play|p2a: Cuphead
|-resisted|p2a: Cuphead
|-damage|p2a: Cuphead|84/100
|
|-heal|p2a: Cuphead|90/100|[from] item: Leftovers
|upkeep
|turn|18
|
|t:|1743833497
|move|p1a: Dinah|Taunt|p2a: Cuphead
|-start|p2a: Cuphead|move: Taunt
|cant|p2a: Cuphead|move: Taunt|Spikes
|
|-heal|p2a: Cuphead|96/100|[from] item: Leftovers
|upkeep
|turn|19
|
|t:|1743833503
|move|p1a: Dinah|Foul Play|p2a: Cuphead
|-resisted|p2a: Cuphead
|-crit|p2a: Cuphead
|-damage|p2a: Cuphead|83/100
|move|p2a: Cuphead|Earthquake|p1a: Dinah
|-damage|p1a: Dinah|67/100
|
|-heal|p2a: Cuphead|89/100|[from] item: Leftovers
|upkeep
|turn|20
|
|t:|1743833510
|move|p1a: Dinah|Foul Play|p2a: Cuphead
|-resisted|p2a: Cuphead
|-damage|p2a: Cuphead|78/100
|move|p2a: Cuphead|Ruination|p1a: Dinah
|-damage|p1a: Dinah|34/100
|
|-heal|p2a: Cuphead|85/100|[from] item: Leftovers
|-end|p2a: Cuphead|move: Taunt
|upkeep
|turn|21
|
|t:|1743833518
|move|p1a: Dinah|Moonlight|p1a: Dinah
|-heal|p1a: Dinah|84/100
|move|p2a: Cuphead|Earthquake|p1a: Dinah
|-crit|p1a: Dinah
|-damage|p1a: Dinah|53/100
|
|-heal|p2a: Cuphead|91/100|[from] item: Leftovers
|upkeep
|turn|22
|
|t:|1743833525
|move|p1a: Dinah|Taunt|p2a: Cuphead
|-start|p2a: Cuphead|move: Taunt
|move|p2a: Cuphead|Ruination|p1a: Dinah
|-damage|p1a: Dinah|27/100
|
|-heal|p2a: Cuphead|97/100|[from] item: Leftovers
|upkeep
|turn|23
|
|t:|1743833532
|move|p1a: Dinah|Moonlight|p1a: Dinah
|-heal|p1a: Dinah|77/100
|move|p2a: Cuphead|Ruination|p1a: Dinah
|-damage|p1a: Dinah|39/100
|
|-heal|p2a: Cuphead|100/100|[from] item: Leftovers
|upkeep
|turn|24
|
|t:|1743833539
|switch|p1a: Boston|Mew, shiny|100/100
|-damage|p1a: Boston|88/100|[from] Stealth Rock
|move|p2a: Cuphead|Ruination|p1a: Boston
|-damage|p1a: Boston|44/100
|
|-end|p2a: Cuphead|move: Taunt
|upkeep
|turn|25
|
|t:|1743833548
|switch|p2a: Tinkki Minaj|Tinkaton, F|30/100
|-damage|p2a: Tinkki Minaj|24/100|[from] Stealth Rock
|-ability|p2a: Tinkki Minaj|Mold Breaker
|move|p1a: Boston|Trick|p2a: Tinkki Minaj
|-activate|p1a: Boston|move: Trick|[of] p2a: Tinkki Minaj
|-item|p2a: Tinkki Minaj|Choice Scarf|[from] move: Trick
|-enditem|p1a: Boston|Choice Scarf|[silent]|[from] move: Trick
|
|upkeep
|turn|26
|
|t:|1743833556
|switch|p1a: Dinah|Umbreon, F|39/100
|-damage|p1a: Dinah|26/100|[from] Stealth Rock
|move|p2a: Tinkki Minaj|Gigaton Hammer|p1a: Dinah
|-damage|p1a: Dinah|2/100
|
|upkeep
|turn|27
|
|t:|1743833562
|-activate|p2a: Tinkki Minaj|move: Struggle
|move|p2a: Tinkki Minaj|Struggle|p1a: Dinah
|-damage|p1a: Dinah|0 fnt
|faint|p1a: Dinah
|-damage|p2a: Tinkki Minaj|0 fnt|[from] recoil
|faint|p2a: Tinkki Minaj
|
|upkeep
|
|t:|1743833575
|switch|p2a: My Little Pwny|Keldeo|100/100
|switch|p1a: Kori|Latias, F, shiny|100/100
|-damage|p1a: Kori|88/100|[from] Stealth Rock
|turn|28
|
|t:|1743833583
|switch|p2a: Cuphead|Ting-Lu|100/100
|-damage|p2a: Cuphead|94/100|[from] Stealth Rock
|-ability|p2a: Cuphead|Vessel of Ruin
|move|p1a: Kori|Alluring Voice|p2a: Cuphead
|-supereffective|p2a: Cuphead
|-damage|p2a: Cuphead|65/100
|
|-heal|p2a: Cuphead|72/100|[from] item: Leftovers
|upkeep
|turn|29
|
|t:|1743833593
|-terastallize|p1a: Kori|Fairy
|move|p1a: Kori|Alluring Voice|p2a: Cuphead
|-supereffective|p2a: Cuphead
|-damage|p2a: Cuphead|24/100
|move|p2a: Cuphead|Spikes|p1a: Kori
|-sidestart|p1: R. Caroline|Spikes
|
|-heal|p2a: Cuphead|30/100|[from] item: Leftovers
|upkeep
|turn|30
|
|t:|1743833600
|switch|p2a: Tchavis Scott|Sinistcha|90/100
|move|p1a: Kori|Alluring Voice|p2a: Tchavis Scott
|-damage|p2a: Tchavis Scott|22/100
|
|upkeep
|turn|31
|
|t:|1743833608
|switch|p2a: Cuphead|Ting-Lu|30/100
|-damage|p2a: Cuphead|24/100|[from] Stealth Rock
|-ability|p2a: Cuphead|Vessel of Ruin
|move|p1a: Kori|Alluring Voice|p2a: Cuphead
|-supereffective|p2a: Cuphead
|-damage|p2a: Cuphead|0 fnt
|faint|p2a: Cuphead
|
|upkeep
|
|t:|1743833617
|switch|p2a: Secret Service|Dragonite, F|100/100
|turn|32
|
|t:|1743833621
|move|p2a: Secret Service|Extreme Speed|p1a: Kori
|-damage|p1a: Kori|51/100
|move|p1a: Kori|Alluring Voice|p2a: Secret Service
|-supereffective|p2a: Secret Service
|-damage|p2a: Secret Service|54/100
|
|upkeep
|turn|33
|
|t:|1743833627
|move|p2a: Secret Service|Extreme Speed|p1a: Kori
|-crit|p1a: Kori
|-damage|p1a: Kori|0 fnt
|faint|p1a: Kori
|
|upkeep
|
|t:|1743833633
|switch|p1a: Garf|Scizor, M, shiny|71/100 par
|-damage|p1a: Garf|59/100 par|[from] Stealth Rock
|-damage|p1a: Garf|46/100 par|[from] Spikes
|turn|34
|
|t:|1743833638
|move|p2a: Secret Service|Earthquake|p1a: Garf
|-damage|p1a: Garf|14/100 par
|cant|p1a: Garf|par
|
|upkeep
|turn|35
|-message|R. Caroline forfeited.
|
|win|Shadow4cTest3r
|raw|R. Caroline's rating: 1586 &rarr; <strong>1563</strong><br />(-23 for losing)
|raw|Shadow4cTest3r's rating: 1536 &rarr; <strong>1559</strong><br />(+23 for winning)
|l|☆R. Caroline
|player|p1|
|l|☆Shadow4cTest3r
|player|p2|
