|j|☆a jellyfish
|j|☆ridlostar
|t:|1743789673
|gametype|singles
|player|p1|a jellyfish|fisherman-gen4|1647
|player|p2|ridlostar|hilbert|1578
|teamsize|p1|6
|teamsize|p2|6
|gen|9
|tier|[Gen 9] OU
|rated|
|rule|HP Percentage Mod: HP is shown in percentages
|rule|Endless Battle Clause: Forcing endless battles is banned
|rule|Species Clause: Limit one of each Pokémon
|rule|OHKO Clause: OHKO moves are banned
|rule|Evasion Items Clause: Evasion items are banned
|rule|Evasion Moves Clause: Evasion moves are banned
|rule|Sleep Moves Clause: Sleep-inducing moves are banned
|clearpoke
|poke|p1|Hatterene, F|
|poke|p1|Primarina, F|
|poke|p1|Ting-Lu|
|poke|p1|Ogerpon-Wellspring, F|
|poke|p1|Darkrai|
|poke|p1|Moltres|
|poke|p2|Darkrai|
|poke|p2|Alomomola, F|
|poke|p2|Clodsire, M|
|poke|p2|Dragonite, M|
|poke|p2|Cresselia, F|
|poke|p2|Toedscruel, M|
|teampreview
|inactive|Battle timer is ON: inactive players will automatically lose when time's up. (requested by a jellyfish)
|
|t:|1743789689
|start
|switch|p1a: Moltres|Moltres, shiny|100/100
|switch|p2a: Shadow|Darkrai|100/100
|turn|1
|
|t:|1743789698
|move|p2a: Shadow|Knock Off|p1a: Moltres
|-damage|p1a: Moltres|81/100
|-status|p2a: Shadow|brn|[from] ability: Flame Body|[of] p1a: Moltres
|-enditem|p1a: Moltres|Heavy-Duty Boots|[from] move: Knock Off|[of] p2a: Shadow
|move|p1a: Moltres|U-turn|p2a: Shadow
|-supereffective|p2a: Shadow
|-damage|p2a: Shadow|59/100 brn
|
|t:|1743789713
|switch|p1a: Hatterene|Hatterene, F|100/100|[from] U-turn
|
|-damage|p2a: Shadow|52/100 brn|[from] brn
|upkeep
|turn|2
|
|t:|1743789725
|switch|p2a: Why|Cresselia, F, shiny|100/100
|move|p1a: Hatterene|Draining Kiss|p2a: Why
|-damage|p2a: Why|87/100
|
|-heal|p2a: Why|93/100|[from] item: Leftovers
|upkeep
|turn|3
|
|t:|1743789730
|switch|p1a: Darkrai|Darkrai|100/100
|move|p2a: Why|Calm Mind|p2a: Why
|-boost|p2a: Why|spa|1
|-boost|p2a: Why|spd|1
|
|-heal|p2a: Why|99/100|[from] item: Leftovers
|upkeep
|turn|4
|
|t:|1743789737
|switch|p2a: a fish|Alomomola, F|100/100
|move|p1a: Darkrai|Knock Off|p2a: a fish
|-damage|p2a: a fish|80/100
|-enditem|p2a: a fish|Heavy-Duty Boots|[from] move: Knock Off|[of] p1a: Darkrai
|
|upkeep
|turn|5
|
|t:|1743789748
|switch|p1a: Ogerpon|Ogerpon-Wellspring, F|100/100
|move|p2a: a fish|Wish|p2a: a fish
|
|upkeep
|turn|6
|
|t:|1743789755
|switch|p2a: him|Dragonite, M|100/100
|move|p1a: Ogerpon|Knock Off|p2a: him
|-damage|p2a: him|83/100
|-enditem|p2a: him|Leftovers|[from] move: Knock Off|[of] p1a: Ogerpon
|
|-heal|p2a: him|100/100|[from] move: Wish|[wisher] a fish
|upkeep
|turn|7
|
|t:|1743789760
|switch|p1a: Ting-Lu|Ting-Lu|100/100
|-ability|p1a: Ting-Lu|Vessel of Ruin
|move|p2a: him|Dragon Dance|p2a: him
|-boost|p2a: him|atk|1
|-boost|p2a: him|spe|1
|
|upkeep
|turn|8
|
|t:|1743789766
|move|p2a: him|Dragon Dance|p2a: him
|-boost|p2a: him|atk|1
|-boost|p2a: him|spe|1
|move|p1a: Ting-Lu|Spikes|p2a: him
|-sidestart|p2: ridlostar|Spikes
|
|upkeep
|turn|9
|
|t:|1743789773
|move|p2a: him|Outrage|p1a: Ting-Lu
|-damage|p1a: Ting-Lu|37/100
|move|p1a: Ting-Lu|Whirlwind|p2a: him
|drag|p2a: Squidward?|Toedscruel, M|100/100
|-damage|p2a: Squidward?|88/100|[from] Spikes
|
|-heal|p2a: Squidward?|94/100|[from] item: Leftovers
|-heal|p1a: Ting-Lu|43/100|[from] item: Leftovers
|upkeep
|turn|10
|
|t:|1743789795
|switch|p1a: Moltres|Moltres, shiny|81/100
|move|p2a: Squidward?|Toxic|p1a: Moltres
|-status|p1a: Moltres|tox
|
|-heal|p2a: Squidward?|99/100|[from] item: Leftovers
|-damage|p1a: Moltres|75/100 tox|[from] psn
|upkeep
|turn|11
|
|t:|1743789803
|switch|p2a: a fish|Alomomola, F|100/100
|-damage|p2a: a fish|88/100|[from] Spikes
|move|p1a: Moltres|U-turn|p2a: a fish
|-damage|p2a: a fish|78/100
|
|t:|1743789808
|switch|p1a: Primarina|Primarina, F, shiny|100/100|[from] U-turn
|
|upkeep
|turn|12
|
|t:|1743789816
|move|p1a: Primarina|Calm Mind|p1a: Primarina
|-boost|p1a: Primarina|spa|1
|-boost|p1a: Primarina|spd|1
|move|p2a: a fish|Flip Turn|p1a: Primarina
|-resisted|p1a: Primarina
|-damage|p1a: Primarina|91/100
|
|t:|1743789818
|switch|p2a: Why|Cresselia, F, shiny|99/100|[from] Flip Turn
|
|-heal|p2a: Why|100/100|[from] item: Leftovers
|-heal|p1a: Primarina|97/100|[from] item: Leftovers
|upkeep
|turn|13
|
|t:|1743789826
|move|p2a: Why|Calm Mind|p2a: Why
|-boost|p2a: Why|spa|1
|-boost|p2a: Why|spd|1
|move|p1a: Primarina|Moonblast|p2a: Why
|-damage|p2a: Why|67/100
|
|-heal|p2a: Why|73/100|[from] item: Leftovers
|-heal|p1a: Primarina|100/100|[from] item: Leftovers
|upkeep
|turn|14
|
|t:|1743789830
|move|p2a: Why|Calm Mind|p2a: Why
|-boost|p2a: Why|spa|1
|-boost|p2a: Why|spd|1
|move|p1a: Primarina|Psychic Noise|p2a: Why
|-damage|p2a: Why|51/100
|-start|p2a: Why|move: Heal Block
|
|upkeep
|turn|15
|
|t:|1743789836
|switch|p1a: Ting-Lu|Ting-Lu|43/100
|-ability|p1a: Ting-Lu|Vessel of Ruin
|move|p2a: Why|Calm Mind|p2a: Why
|-boost|p2a: Why|spa|1
|-boost|p2a: Why|spd|1
|
|-heal|p1a: Ting-Lu|50/100|[from] item: Leftovers
|-end|p2a: Why|move: Heal Block
|upkeep
|turn|16
|
|t:|1743789842
|move|p2a: Why|Moonblast|p1a: Ting-Lu
|-supereffective|p1a: Ting-Lu
|-crit|p1a: Ting-Lu
|-damage|p1a: Ting-Lu|0 fnt
|faint|p1a: Ting-Lu
|
|-heal|p2a: Why|57/100|[from] item: Leftovers
|upkeep
|
|t:|1743789847
|switch|p1a: Ogerpon|Ogerpon-Wellspring, F|100/100
|turn|17
|
|t:|1743789859
|move|p1a: Ogerpon|Knock Off|p2a: Why
|-supereffective|p2a: Why
|-damage|p2a: Why|18/100
|-enditem|p2a: Why|Leftovers|[from] move: Knock Off|[of] p1a: Ogerpon
|move|p2a: Why|Stored Power|p1a: Ogerpon
|-damage|p1a: Ogerpon|0 fnt
|faint|p1a: Ogerpon
|
|upkeep
|
|t:|1743789862
|switch|p1a: Darkrai|Darkrai|100/100
|turn|18
|
|t:|1743789868
|switch|p2a: a fish|Alomomola, F|100/100
|-damage|p2a: a fish|88/100|[from] Spikes
|move|p1a: Darkrai|Knock Off|p2a: a fish
|-damage|p2a: a fish|75/100
|
|upkeep
|turn|19
|
|t:|1743789873
|switch|p1a: Primarina|Primarina, F, shiny|100/100
|move|p2a: a fish|Healing Wish|p2a: a fish
|faint|p2a: a fish
|
|upkeep
|
|t:|1743789875
|switch|p2a: Why|Cresselia, F, shiny|18/100
|-heal|p2a: Why|100/100|[from] move: Healing Wish
|turn|20
|
|t:|1743789887
|move|p2a: Why|Calm Mind|p2a: Why
|-boost|p2a: Why|spa|1
|-boost|p2a: Why|spd|1
|move|p1a: Primarina|Calm Mind|p1a: Primarina
|-boost|p1a: Primarina|spa|1
|-boost|p1a: Primarina|spd|1
|
|upkeep
|turn|21
|
|t:|1743789889
|move|p2a: Why|Calm Mind|p2a: Why
|-boost|p2a: Why|spa|1
|-boost|p2a: Why|spd|1
|move|p1a: Primarina|Calm Mind|p1a: Primarina
|-boost|p1a: Primarina|spa|1
|-boost|p1a: Primarina|spd|1
|
|upkeep
|turn|22
|
|t:|1743789894
|move|p2a: Why|Calm Mind|p2a: Why
|-boost|p2a: Why|spa|1
|-boost|p2a: Why|spd|1
|move|p1a: Primarina|Moonblast|p2a: Why
|-damage|p2a: Why|74/100
|
|upkeep
|turn|23
|
|t:|1743789896
|move|p2a: Why|Calm Mind|p2a: Why
|-boost|p2a: Why|spa|1
|-boost|p2a: Why|spd|1
|move|p1a: Primarina|Moonblast|p2a: Why
|-damage|p2a: Why|52/100
|
|upkeep
|turn|24
|
|t:|1743789899
|move|p2a: Why|Moonlight|p2a: Why
|-heal|p2a: Why|100/100
|move|p1a: Primarina|Moonblast|p2a: Why
|-damage|p2a: Why|78/100
|-unboost|p2a: Why|spa|1
|
|upkeep
|turn|25
|
|t:|1743789903
|move|p2a: Why|Calm Mind|p2a: Why
|-boost|p2a: Why|spa|1
|-boost|p2a: Why|spd|1
|move|p1a: Primarina|Psychic Noise|p2a: Why
|-damage|p2a: Why|62/100
|-start|p2a: Why|move: Heal Block
|
|upkeep
|turn|26
|
|t:|1743789906
|move|p2a: Why|Calm Mind|p2a: Why
|-boost|p2a: Why|spa|1
|-boost|p2a: Why|spd|1
|move|p1a: Primarina|Moonblast|p2a: Why
|-damage|p2a: Why|46/100
|-unboost|p2a: Why|spa|1
|
|-end|p2a: Why|move: Heal Block
|upkeep
|turn|27
|-message|a jellyfish forfeited.
|
|win|ridlostar
|raw|a jellyfish's rating: 1647 &rarr; <strong>1623</strong><br />(-24 for losing)
|raw|ridlostar's rating: 1578 &rarr; <strong>1602</strong><br />(+24 for winning)
|l|☆a jellyfish
|player|p1|
|l|☆ridlostar
|player|p2|
