|j|‽jsdkaasdads
|j|☆CapitolG
|t:|1743914717
|gametype|singles
|player|p1|jsdkaasdads|265|1121
|player|p2|CapitolG|266|1099
|teamsize|p1|6
|teamsize|p2|6
|gen|9
|tier|[Gen 9] OU
|rated|
|rule|HP Percentage Mod: HP is shown in percentages
|rule|Endless Battle Clause: Forcing endless battles is banned
|rule|Species Clause: Limit one of each Pokémon
|rule|OHKO Clause: OHKO moves are banned
|rule|Evasion Items Clause: Evasion items are banned
|rule|Evasion Moves Clause: Evasion moves are banned
|rule|Sleep Moves Clause: Sleep-inducing moves are banned
|clearpoke
|poke|p1|Pelipper, M|
|poke|p1|Basculegion, M|
|poke|p1|Kilowattrel, M|
|poke|p1|Corviknight, F|
|poke|p1|Kingdra, M|
|poke|p1|Dragonite, M|
|poke|p2|Chandelure, M|
|poke|p2|Gothitelle, M|
|poke|p2|Milotic, M|
|poke|p2|Kingambit, F|
|poke|p2|Cinderace, M|
|poke|p2|Leavanny, M|
|teampreview
|
|t:|1743914724
|start
|switch|p1a: Pelipper|Pelipper, M, shiny|100/100
|switch|p2a: Leavanny|Leavanny, M|100/100
|-weather|RainDance|[from] ability: Drizzle|[of] p1a: Pelipper
|turn|1
|inactive|Battle timer is ON: inactive players will automatically lose when time's up. (requested by jsdkaasdads)
|
|t:|1743914735
|switch|p1a: Corviknight|Corviknight, F|100/100
|move|p2a: Leavanny|Sticky Web|p1a: Corviknight
|-sidestart|p1: jsdkaasdads|move: Sticky Web
|
|-weather|RainDance|[upkeep]
|upkeep
|turn|2
|
|t:|1743914750
|switch|p2a: Milotic|Milotic, M|100/100
|move|p1a: Corviknight|Defog|p2a: Milotic
|-unboost|p2a: Milotic|evasion|1
|-ability|p2a: Milotic|Competitive|boost
|-boost|p2a: Milotic|spa|2
|-sideend|p1: jsdkaasdads|Sticky Web|[from] move: Defog|[of] p1a: Corviknight
|
|-weather|RainDance|[upkeep]
|upkeep
|turn|3
|
|t:|1743914772
|switch|p1a: Basculegion|Basculegion, M|100/100
|move|p2a: Milotic|Scald|p1a: Basculegion
|-resisted|p1a: Basculegion
|-crit|p1a: Basculegion
|-damage|p1a: Basculegion|0 fnt
|faint|p1a: Basculegion
|
|-weather|RainDance|[upkeep]
|upkeep
|inactive|jsdkaasdads has 120 seconds left.
|
|t:|1743914792
|switch|p1a: Kilowattrel|Kilowattrel, M|100/100
|turn|4
|
|t:|1743914800
|-terastallize|p2a: Milotic|Ground
|move|p1a: Kilowattrel|Thunder|p2a: Milotic
|-immune|p2a: Milotic
|move|p2a: Milotic|Ice Beam|p1a: Kilowattrel
|-supereffective|p1a: Kilowattrel
|-crit|p1a: Kilowattrel
|-damage|p1a: Kilowattrel|0 fnt
|faint|p1a: Kilowattrel
|
|-weather|RainDance|[upkeep]
|upkeep
|
|t:|1743914806
|switch|p1a: Kingdra|Kingdra, M|100/100
|turn|5
|
|t:|1743914814
|move|p1a: Kingdra|Surf|p2a: Milotic
|-supereffective|p2a: Milotic
|-damage|p2a: Milotic|13/100
|move|p2a: Milotic|Alluring Voice|p1a: Kingdra
|-supereffective|p1a: Kingdra
|-damage|p1a: Kingdra|0 fnt
|faint|p1a: Kingdra
|
|-weather|RainDance|[upkeep]
|upkeep
|
|t:|1743914818
|switch|p1a: Dragonite|Dragonite, M|100/100
|turn|6
|
|t:|1743914823
|move|p1a: Dragonite|Extreme Speed|p2a: Milotic
|-damage|p2a: Milotic|0 fnt
|faint|p2a: Milotic
|
|-weather|RainDance|[upkeep]
|upkeep
|
|t:|1743914827
|switch|p2a: Leavanny|Leavanny, M|100/100
|turn|7
|
|t:|1743914834
|move|p1a: Dragonite|Dragon Dance|p1a: Dragonite
|-boost|p1a: Dragonite|atk|1
|-boost|p1a: Dragonite|spe|1
|move|p2a: Leavanny|Sticky Web|p1a: Dragonite
|-sidestart|p1: jsdkaasdads|move: Sticky Web
|
|-weather|RainDance|[upkeep]
|upkeep
|turn|8
|
|t:|1743914840
|move|p1a: Dragonite|Dragon Dance|p1a: Dragonite
|-boost|p1a: Dragonite|atk|1
|-boost|p1a: Dragonite|spe|1
|move|p2a: Leavanny|Triple Axel|p1a: Dragonite
|-supereffective|p1a: Dragonite
|-damage|p1a: Dragonite|87/100
|-supereffective|p1a: Dragonite
|-damage|p1a: Dragonite|37/100
|-supereffective|p1a: Dragonite
|-damage|p1a: Dragonite|0 fnt
|faint|p1a: Dragonite
|-hitcount|p1: Dragonite|3
|
|-weather|none
|upkeep
|-message|jsdkaasdads forfeited.
|
|win|CapitolG
|raw|jsdkaasdads's rating: 1121 &rarr; <strong>1094</strong><br />(-27 for losing)
|raw|CapitolG's rating: 1099 &rarr; <strong>1126</strong><br />(+27 for winning)
|l|‽jsdkaasdads
|player|p1|
|l|☆CapitolG
|player|p2|
