|j|☆ariquinha10
|j|☆zaR34
|t:|1743879085
|gametype|singles
|player|p1|ariquinha10|harlequin|1062
|player|p2|zaR34|benga|1117
|teamsize|p1|6
|teamsize|p2|6
|gen|9
|tier|[Gen 9] OU
|rated|
|rule|HP Percentage Mod: HP is shown in percentages
|rule|Endless Battle Clause: Forcing endless battles is banned
|rule|Species Clause: Limit one of each Pokémon
|rule|OHKO Clause: OHKO moves are banned
|rule|Evasion Items Clause: Evasion items are banned
|rule|Evasion Moves Clause: Evasion moves are banned
|rule|Sleep Moves Clause: Sleep-inducing moves are banned
|clearpoke
|poke|p1|Arcanine, F|
|poke|p1|Flygon, M|
|poke|p1|Lucario, M|
|poke|p1|Swampert, M|
|poke|p1|Zapdos|
|poke|p1|Dragonite, F|
|poke|p2|Zapdos|
|poke|p2|Tyranitar, M|
|poke|p2|Primarina, M|
|poke|p2|Cinderace, M|
|poke|p2|Meowscarada, M|
|poke|p2|Toxapex, M|
|teampreview
|
|t:|1743879105
|start
|switch|p1a: Flygon|Flygon, M|100/100
|switch|p2a: Zapdos|Zapdos|100/100
|turn|1
|
|t:|1743879125
|move|p2a: Zapdos|Hurricane|p1a: Flygon
|-damage|p1a: Flygon|43/100
|move|p1a: Flygon|Stealth Rock|p2a: Zapdos
|-sidestart|p2: zaR34|move: Stealth Rock
|
|upkeep
|turn|2
|
|t:|1743879144
|move|p2a: Zapdos|Hurricane|p1a: Flygon|[miss]
|-miss|p2a: Zapdos|p1a: Flygon
|move|p1a: Flygon|Boomburst|p2a: Zapdos
|-damage|p2a: Zapdos|66/100
|
|upkeep
|turn|3
|
|t:|1743879163
|switch|p1a: Swampert|Swampert, M|100/100
|move|p2a: Zapdos|Hurricane|p1a: Swampert
|-damage|p1a: Swampert|52/100
|
|-heal|p1a: Swampert|58/100|[from] item: Leftovers
|upkeep
|turn|4
|
|t:|1743879177
|switch|p2a: Toxapex|Toxapex, M|100/100
|move|p1a: Swampert|Ice Punch|p2a: Toxapex
|-resisted|p2a: Toxapex
|-damage|p2a: Toxapex|93/100
|-status|p2a: Toxapex|frz
|
|-heal|p1a: Swampert|64/100|[from] item: Leftovers
|upkeep
|turn|5
|
|t:|1743879186
|move|p1a: Swampert|Bulk Up|p1a: Swampert
|-boost|p1a: Swampert|atk|1
|-boost|p1a: Swampert|def|1
|cant|p2a: Toxapex|frz
|
|-heal|p1a: Swampert|70/100|[from] item: Leftovers
|upkeep
|turn|6
|
|t:|1743879193
|move|p1a: Swampert|Bulk Up|p1a: Swampert
|-boost|p1a: Swampert|atk|1
|-boost|p1a: Swampert|def|1
|cant|p2a: Toxapex|frz
|
|-heal|p1a: Swampert|77/100|[from] item: Leftovers
|upkeep
|turn|7
|
|t:|1743879202
|move|p1a: Swampert|Earthquake|p2a: Toxapex
|-supereffective|p2a: Toxapex
|-damage|p2a: Toxapex|0 fnt
|faint|p2a: Toxapex
|
|-heal|p1a: Swampert|83/100|[from] item: Leftovers
|upkeep
|
|t:|1743879207
|switch|p2a: Meowscarada|Meowscarada, M|100/100
|-damage|p2a: Meowscarada|88/100|[from] Stealth Rock
|turn|8
|
|t:|1743879217
|switch|p1a: Zapdos|Zapdos|100/100
|move|p2a: Meowscarada|Flower Trick|p1a: Zapdos
|-start|p2a: Meowscarada|typechange|Grass|[from] ability: Protean
|-resisted|p1a: Zapdos
|-crit|p1a: Zapdos
|-damage|p1a: Zapdos|72/100
|
|upkeep
|turn|9
|
|t:|1743879233
|switch|p2a: Tyranitar|Tyranitar, M|100/100
|-damage|p2a: Tyranitar|88/100|[from] Stealth Rock
|-weather|Sandstorm|[from] ability: Sand Stream|[of] p2a: Tyranitar
|move|p1a: Zapdos|Heat Wave|p2a: Tyranitar
|-resisted|p2a: Tyranitar
|-damage|p2a: Tyranitar|83/100
|
|-weather|Sandstorm|[upkeep]
|-damage|p1a: Zapdos|66/100|[from] Sandstorm
|upkeep
|turn|10
|
|t:|1743879254
|switch|p1a: Arcanine|Arcanine, F|100/100
|-ability|p1a: Arcanine|Intimidate|boost
|-unboost|p2a: Tyranitar|atk|1
|move|p2a: Tyranitar|Stone Edge|p1a: Arcanine
|-supereffective|p1a: Arcanine
|-damage|p1a: Arcanine|17/100
|
|-weather|Sandstorm|[upkeep]
|-damage|p1a: Arcanine|11/100|[from] Sandstorm
|upkeep
|turn|11
|
|t:|1743879265
|switch|p2a: Primarina|Primarina, M|100/100
|-damage|p2a: Primarina|88/100|[from] Stealth Rock
|move|p1a: Arcanine|Close Combat|p2a: Primarina
|-resisted|p2a: Primarina
|-damage|p2a: Primarina|56/100
|-unboost|p1a: Arcanine|def|1
|-unboost|p1a: Arcanine|spd|1
|
|-weather|Sandstorm|[upkeep]
|-damage|p1a: Arcanine|4/100|[from] Sandstorm
|-damage|p2a: Primarina|50/100|[from] Sandstorm
|upkeep
|turn|12
|
|t:|1743879303
|switch|p2a: Zapdos|Zapdos|66/100
|move|p1a: Arcanine|Close Combat|p2a: Zapdos
|-resisted|p2a: Zapdos
|-damage|p2a: Zapdos|33/100
|-unboost|p1a: Arcanine|def|1
|-unboost|p1a: Arcanine|spd|1
|
|-weather|Sandstorm|[upkeep]
|-damage|p2a: Zapdos|27/100|[from] Sandstorm
|-damage|p1a: Arcanine|0 fnt|[from] Sandstorm
|faint|p1a: Arcanine
|upkeep
|
|t:|1743879324
|switch|p1a: Dragonite|Dragonite, F|100/100
|turn|13
|
|t:|1743879335
|move|p2a: Zapdos|Discharge|p1a: Dragonite
|-damage|p1a: Dragonite|70/100
|-status|p1a: Dragonite|par
|cant|p1a: Dragonite|par
|
|-weather|none
|upkeep
|turn|14
|
|t:|1743879343
|move|p2a: Zapdos|Roost|p2a: Zapdos
|-heal|p2a: Zapdos|77/100
|-singleturn|p2a: Zapdos|move: Roost
|move|p1a: Dragonite|Dragon Dance|p1a: Dragonite
|-boost|p1a: Dragonite|atk|1
|-boost|p1a: Dragonite|spe|1
|
|upkeep
|turn|15
|
|t:|1743879352
|move|p2a: Zapdos|Discharge|p1a: Dragonite
|-damage|p1a: Dragonite|34/100 par
|move|p1a: Dragonite|Dragon Dance|p1a: Dragonite
|-boost|p1a: Dragonite|atk|1
|-boost|p1a: Dragonite|spe|1
|
|upkeep
|turn|16
|
|t:|1743879360
|move|p2a: Zapdos|Hurricane|p1a: Dragonite
|-damage|p1a: Dragonite|0 fnt
|faint|p1a: Dragonite
|
|upkeep
|
|t:|1743879369
|switch|p1a: Zapdos|Zapdos|66/100
|turn|17
|
|t:|1743879383
|move|p1a: Zapdos|Thunderbolt|p2a: Zapdos
|-damage|p2a: Zapdos|33/100
|move|p2a: Zapdos|Discharge|p1a: Zapdos
|-damage|p1a: Zapdos|28/100
|
|upkeep
|turn|18
|
|t:|1743879389
|-terastallize|p2a: Zapdos|Electric
|move|p1a: Zapdos|Thunderbolt|p2a: Zapdos
|-resisted|p2a: Zapdos
|-damage|p2a: Zapdos|10/100
|move|p2a: Zapdos|Discharge|p1a: Zapdos
|-crit|p1a: Zapdos
|-damage|p1a: Zapdos|0 fnt
|faint|p1a: Zapdos
|
|upkeep
|
|t:|1743879398
|switch|p1a: Lucario|Lucario, M|100/100
|-item|p1a: Lucario|Air Balloon
|turn|19
|
|t:|1743879403
|move|p1a: Lucario|Bullet Punch|p2a: Zapdos
|-resisted|p2a: Zapdos
|-damage|p2a: Zapdos|0 fnt
|-status|p1a: Lucario|par|[from] ability: Static|[of] p2a: Zapdos
|faint|p2a: Zapdos
|
|upkeep
|
|t:|1743879407
|switch|p2a: Cinderace|Cinderace, M|100/100
|turn|20
|
|t:|1743879418
|switch|p1a: Swampert|Swampert, M|83/100
|move|p2a: Cinderace|Pyro Ball|p1a: Swampert
|-resisted|p1a: Swampert
|-damage|p1a: Swampert|61/100
|-status|p1a: Swampert|brn
|
|-heal|p1a: Swampert|67/100 brn|[from] item: Leftovers
|-damage|p1a: Swampert|61/100 brn|[from] brn
|upkeep
|turn|21
|
|t:|1743879431
|switch|p2a: Primarina|Primarina, M|50/100
|-damage|p2a: Primarina|38/100|[from] Stealth Rock
|move|p1a: Swampert|Ice Punch|p2a: Primarina
|-resisted|p2a: Primarina
|-damage|p2a: Primarina|32/100
|
|-heal|p1a: Swampert|67/100 brn|[from] item: Leftovers
|-damage|p1a: Swampert|61/100 brn|[from] brn
|upkeep
|turn|22
|
|t:|1743879441
|move|p2a: Primarina|Draining Kiss|p1a: Swampert
|-damage|p1a: Swampert|39/100 brn
|-heal|p2a: Primarina|49/100|[from] drain|[of] p1a: Swampert
|move|p1a: Swampert|Earthquake|p2a: Primarina
|-damage|p2a: Primarina|25/100
|
|-heal|p1a: Swampert|45/100 brn|[from] item: Leftovers
|-damage|p1a: Swampert|39/100 brn|[from] brn
|upkeep
|turn|23
|
|t:|1743879457
|move|p2a: Primarina|Energy Ball|p1a: Swampert
|-supereffective|p1a: Swampert
|-damage|p1a: Swampert|0 fnt
|faint|p1a: Swampert
|
|upkeep
|-message|ariquinha10 forfeited.
|
|win|zaR34
|raw|ariquinha10's rating: 1062 &rarr; <strong>1046</strong><br />(-16 for losing)
|raw|zaR34's rating: 1117 &rarr; <strong>1138</strong><br />(+21 for winning)
|l|☆ariquinha10
|player|p1|
