|j|☆Rhodod'
|j|☆alexismarelli
|t:|1743850187
|gametype|singles
|player|p1|Rhodod'|blaine|1107
|player|p2|alexismarelli|102|1126
|teamsize|p1|6
|teamsize|p2|6
|gen|9
|tier|[Gen 9] OU
|rated|
|rule|HP Percentage Mod: HP is shown in percentages
|rule|Endless Battle Clause: Forcing endless battles is banned
|rule|Species Clause: Limit one of each Pokémon
|rule|OHKO Clause: OHKO moves are banned
|rule|Evasion Items Clause: Evasion items are banned
|rule|Evasion Moves Clause: Evasion moves are banned
|rule|Sleep Moves Clause: Sleep-inducing moves are banned
|clearpoke
|poke|p1|Landorus-Therian, M|
|poke|p1|Slowking-Galar, M|
|poke|p1|Ting-Lu|
|poke|p1|Ogerpon-Wellspring, F|
|poke|p1|Iron Valiant|
|poke|p1|Dragapult, M|
|poke|p2|Scrafty, F|
|poke|p2|Porygon2|
|poke|p2|Jirachi|
|poke|p2|Dewgong, F|
|poke|p2|Mandibuzz, F|
|poke|p2|Veluza, M|
|teampreview
|
|t:|1743850226
|start
|switch|p1a: Dragapult|Dragapult, M|100/100
|switch|p2a: Mandibuzz|Mandibuzz, F|100/100
|turn|1
|
|t:|1743850247
|move|p1a: Dragapult|U-turn|p2a: Mandibuzz
|-damage|p2a: Mandibuzz|90/100
|
|t:|1743850250
|switch|p1a: Landorus|Landorus-Therian, M|100/100|[from] U-turn
|-ability|p1a: Landorus|Intimidate|boost
|-unboost|p2a: Mandibuzz|atk|1
|move|p2a: Mandibuzz|Toxic|p1a: Landorus
|-status|p1a: Landorus|tox
|
|-damage|p1a: Landorus|94/100 tox|[from] psn
|upkeep
|turn|2
|
|t:|1743850261
|move|p1a: Landorus|Stealth Rock|p2a: Mandibuzz
|-sidestart|p2: alexismarelli|move: Stealth Rock
|move|p2a: Mandibuzz|Knock Off|p1a: Landorus
|-damage|p1a: Landorus|79/100 tox
|-damage|p2a: Mandibuzz|74/100|[from] item: Rocky Helmet|[of] p1a: Landorus
|-enditem|p1a: Landorus|Rocky Helmet|[from] move: Knock Off|[of] p2a: Mandibuzz
|
|-damage|p1a: Landorus|67/100 tox|[from] psn
|upkeep
|turn|3
|
|t:|1743850272
|move|p1a: Landorus|U-turn|p2a: Mandibuzz
|-damage|p2a: Mandibuzz|61/100
|
|t:|1743850315
|switch|p1a: Ogerpon|Ogerpon-Wellspring, F|100/100|[from] U-turn
|move|p2a: Mandibuzz|Roost|p2a: Mandibuzz
|-heal|p2a: Mandibuzz|100/100
|-singleturn|p2a: Mandibuzz|move: Roost
|
|upkeep
|turn|4
|
|t:|1743850334
|move|p1a: Ogerpon|Ivy Cudgel|p2a: Mandibuzz|[anim] Ivy Cudgel Water
|-damage|p2a: Mandibuzz|69/100
|move|p2a: Mandibuzz|Toxic|p1a: Ogerpon
|-status|p1a: Ogerpon|tox
|
|-damage|p1a: Ogerpon|95/100 tox|[from] psn
|upkeep
|turn|5
|
|t:|1743850344
|move|p1a: Ogerpon|Knock Off|p2a: Mandibuzz
|-resisted|p2a: Mandibuzz
|-damage|p2a: Mandibuzz|57/100
|-enditem|p2a: Mandibuzz|Heavy-Duty Boots|[from] move: Knock Off|[of] p1a: Ogerpon
|move|p2a: Mandibuzz|Roost|p2a: Mandibuzz
|-heal|p2a: Mandibuzz|100/100
|-singleturn|p2a: Mandibuzz|move: Roost
|
|-damage|p1a: Ogerpon|83/100 tox|[from] psn
|upkeep
|turn|6
|
|t:|1743850363
|move|p1a: Ogerpon|Ivy Cudgel|p2a: Mandibuzz|[anim] Ivy Cudgel Water
|-damage|p2a: Mandibuzz|66/100
|move|p2a: Mandibuzz|Knock Off|p1a: Ogerpon
|-damage|p1a: Ogerpon|69/100 tox
|
|-damage|p1a: Ogerpon|51/100 tox|[from] psn
|upkeep
|turn|7
|
|t:|1743850372
|switch|p1a: Ting-Lu|Ting-Lu|100/100
|-ability|p1a: Ting-Lu|Vessel of Ruin
|move|p2a: Mandibuzz|Roost|p2a: Mandibuzz
|-heal|p2a: Mandibuzz|100/100
|-singleturn|p2a: Mandibuzz|move: Roost
|
|upkeep
|turn|8
|inactive|Battle timer is ON: inactive players will automatically lose when time's up. (requested by alexismarelli)
|
|t:|1743850426
|-terastallize|p1a: Ting-Lu|Poison
|move|p2a: Mandibuzz|Toxic|p1a: Ting-Lu
|-immune|p1a: Ting-Lu
|move|p1a: Ting-Lu|Whirlwind|p2a: Mandibuzz
|drag|p2a: Dewgong|Dewgong, F|100/100
|
|upkeep
|turn|9
|
|t:|1743850441
|move|p2a: Dewgong|Encore|p1a: Ting-Lu
|-start|p1a: Ting-Lu|Encore
|move|p1a: Ting-Lu|Whirlwind|p2a: Dewgong
|drag|p2a: Veluza|Veluza, M|100/100
|-damage|p2a: Veluza|88/100|[from] Stealth Rock
|
|upkeep
|turn|10
|
|t:|1743850459
|switch|p1a: Landorus|Landorus-Therian, M|67/100 tox
|-ability|p1a: Landorus|Intimidate|boost
|-unboost|p2a: Veluza|atk|1
|move|p2a: Veluza|Psycho Cut|p1a: Landorus
|-damage|p1a: Landorus|33/100 tox
|
|-damage|p1a: Landorus|27/100 tox|[from] psn
|upkeep
|turn|11
|
|t:|1743850468
|switch|p1a: Dragapult|Dragapult, M|100/100
|move|p2a: Veluza|Fillet Away|p2a: Veluza
|-boost|p2a: Veluza|atk|2
|-boost|p2a: Veluza|spa|2
|-boost|p2a: Veluza|spe|2
|-damage|p2a: Veluza|38/100
|-enditem|p2a: Veluza|Sitrus Berry|[eat]
|-heal|p2a: Veluza|63/100|[from] item: Sitrus Berry
|
|upkeep
|turn|12
|
|t:|1743850481
|-terastallize|p2a: Veluza|Water
|move|p1a: Dragapult|Hex|p2a: Veluza
|-damage|p2a: Veluza|27/100
|move|p2a: Veluza|Night Slash|p1a: Dragapult
|-supereffective|p1a: Dragapult
|-damage|p1a: Dragapult|0 fnt
|faint|p1a: Dragapult
|
|upkeep
|
|t:|1743850492
|switch|p1a: Iron Valiant|Iron Valiant|100/100
|turn|13
|
|t:|1743850496
|move|p1a: Iron Valiant|Vacuum Wave|p2a: Veluza
|-damage|p2a: Veluza|0 fnt
|faint|p2a: Veluza
|
|upkeep
|
|t:|1743850501
|switch|p2a: Jirachi|Jirachi|100/100
|-damage|p2a: Jirachi|94/100|[from] Stealth Rock
|turn|14
|
|t:|1743850512
|-end|p1a: Iron Valiant|Quark Drive|[silent]
|switch|p1a: Landorus|Landorus-Therian, M|27/100 tox
|-ability|p1a: Landorus|Intimidate|boost
|-unboost|p2a: Jirachi|atk|1
|move|p2a: Jirachi|Body Slam|p1a: Landorus
|-damage|p1a: Landorus|10/100 tox
|
|-heal|p2a: Jirachi|100/100|[from] item: Leftovers
|-damage|p1a: Landorus|4/100 tox|[from] psn
|upkeep
|turn|15
|
|t:|1743850528
|move|p1a: Landorus|Earthquake|p2a: Jirachi
|-supereffective|p2a: Jirachi
|-damage|p2a: Jirachi|14/100
|move|p2a: Jirachi|Stealth Rock|p1a: Landorus
|-sidestart|p1: Rhodod'|move: Stealth Rock
|
|-heal|p2a: Jirachi|20/100|[from] item: Leftovers
|-damage|p1a: Landorus|0 fnt|[from] psn
|faint|p1a: Landorus
|upkeep
|
|t:|1743850545
|switch|p1a: Iron Valiant|Iron Valiant|100/100
|-damage|p1a: Iron Valiant|94/100|[from] Stealth Rock
|turn|16
|
|t:|1743850554
|move|p1a: Iron Valiant|Vacuum Wave|p2a: Jirachi
|-damage|p2a: Jirachi|0 fnt
|faint|p2a: Jirachi
|
|upkeep
|
|t:|1743850559
|switch|p2a: Porygon2|Porygon2|100/100
|-damage|p2a: Porygon2|88/100|[from] Stealth Rock
|-ability|p2a: Porygon2|Download|boost
|-boost|p2a: Porygon2|spa|1
|turn|17
|
|t:|1743850567
|move|p1a: Iron Valiant|Vacuum Wave|p2a: Porygon2
|-supereffective|p2a: Porygon2
|-damage|p2a: Porygon2|59/100
|move|p2a: Porygon2|Thunder Wave|p1a: Iron Valiant
|-status|p1a: Iron Valiant|par
|
|upkeep
|turn|18
|
|t:|1743850574
|-end|p1a: Iron Valiant|Quark Drive|[silent]
|switch|p1a: Ting-Lu|Ting-Lu, tera:Poison|100/100
|-damage|p1a: Ting-Lu|88/100|[from] Stealth Rock
|-ability|p1a: Ting-Lu|Vessel of Ruin
|move|p2a: Porygon2|Recover|p2a: Porygon2
|-heal|p2a: Porygon2|100/100
|
|-heal|p1a: Ting-Lu|94/100|[from] item: Leftovers
|upkeep
|turn|19
|
|t:|1743850586
|move|p2a: Porygon2|Thunder Wave|p1a: Ting-Lu
|-status|p1a: Ting-Lu|par
|cant|p1a: Ting-Lu|par
|
|-heal|p1a: Ting-Lu|100/100 par|[from] item: Leftovers
|upkeep
|turn|20
|-message|Rhodod' forfeited.
|
|win|alexismarelli
|raw|Rhodod&apos;'s rating: 1107 &rarr; <strong>1083</strong><br />(-24 for losing)
|raw|alexismarelli's rating: 1126 &rarr; <strong>1150</strong><br />(+24 for winning)
|l|☆Rhodod'
|player|p1|
|l|☆alexismarelli
|player|p2|
