|j|☆ploxay
|j|☆praveenkumart236
|t:|1743912751
|gametype|singles
|player|p1|ploxay|alder|1391
|player|p2|praveenkumart236|1|1432
|teamsize|p1|6
|teamsize|p2|6
|gen|9
|tier|[Gen 9] OU
|rated|
|rule|HP Percentage Mod: HP is shown in percentages
|rule|Endless Battle Clause: Forcing endless battles is banned
|rule|Species Clause: Limit one of each Pokémon
|rule|OHKO Clause: OHKO moves are banned
|rule|Evasion Items Clause: Evasion items are banned
|rule|Evasion Moves Clause: Evasion moves are banned
|rule|Sleep Moves Clause: Sleep-inducing moves are banned
|clearpoke
|poke|p1|Deoxys-Speed|
|poke|p1|Dragonite, F|
|poke|p1|Samurott-Hisui, M|
|poke|p1|Great Tusk|
|poke|p1|Gholdengo|
|poke|p1|Tornadus-Therian, M|
|poke|p2|Ceruledge, F|
|poke|p2|Ninetales, F|
|poke|p2|Leavanny, M|
|poke|p2|Great Tusk|
|poke|p2|Kingambit, M|
|poke|p2|Walking Wake|
|teampreview
|inactive|Battle timer is ON: inactive players will automatically lose when time's up. (requested by ploxay)
|
|t:|1743912760
|start
|switch|p1a: Samurott|Samurott-Hisui, M|100/100
|switch|p2a: Ninetales|Ninetales, F|100/100
|-weather|SunnyDay|[from] ability: Drought|[of] p2a: Ninetales
|turn|1
|
|t:|1743912766
|switch|p2a: Leavanny|Leavanny, M|100/100
|move|p1a: Samurott|Ceaseless Edge|p2a: Leavanny
|-damage|p2a: Leavanny|40/100
|-sidestart|p2: praveenkumart236|Spikes
|
|-weather|SunnyDay|[upkeep]
|upkeep
|turn|2
|
|t:|1743912778
|switch|p1a: Tornadus|Tornadus-Therian, M|100/100
|move|p2a: Leavanny|Leaf Storm|p1a: Tornadus
|-resisted|p1a: Tornadus
|-damage|p1a: Tornadus|80/100
|-unboost|p2a: Leavanny|spa|2
|
|-weather|SunnyDay|[upkeep]
|upkeep
|turn|3
|
|t:|1743912788
|switch|p1a: Samurott|Samurott-Hisui, M|100/100
|move|p2a: Leavanny|Sticky Web|p1a: Samurott
|-sidestart|p1: ploxay|move: Sticky Web
|
|-weather|SunnyDay|[upkeep]
|upkeep
|turn|4
|
|t:|1743912795
|switch|p2a: Great Tusk|Great Tusk|100/100
|-damage|p2a: Great Tusk|88/100|[from] Spikes
|-activate|p2a: Great Tusk|ability: Protosynthesis
|-start|p2a: Great Tusk|protosynthesisatk
|move|p1a: Samurott|Ceaseless Edge|p2a: Great Tusk
|-resisted|p2a: Great Tusk
|-damage|p2a: Great Tusk|73/100
|-sidestart|p2: praveenkumart236|Spikes
|
|-weather|SunnyDay|[upkeep]
|upkeep
|turn|5
|
|t:|1743912808
|switch|p1a: Gholdengo|Gholdengo|100/100
|-item|p1a: Gholdengo|Air Balloon
|move|p2a: Great Tusk|Rapid Spin|p1a: Gholdengo
|-immune|p1a: Gholdengo
|
|-weather|SunnyDay|[upkeep]
|upkeep
|turn|6
|
|t:|1743912812
|move|p2a: Great Tusk|Temper Flare|p1a: Gholdengo
|-supereffective|p1a: Gholdengo
|-damage|p1a: Gholdengo|0 fnt
|-enditem|p1a: Gholdengo|Air Balloon
|faint|p1a: Gholdengo
|
|-weather|SunnyDay|[upkeep]
|upkeep
|
|t:|1743912817
|switch|p1a: Tornadus|Tornadus-Therian, M|100/100
|turn|7
|
|t:|1743912841
|-end|p2a: Great Tusk|Protosynthesis|[silent]
|switch|p2a: Kingambit|Kingambit, M|100/100
|-damage|p2a: Kingambit|84/100|[from] Spikes
|move|p1a: Tornadus|Bleakwind Storm|p2a: Kingambit
|-resisted|p2a: Kingambit
|-damage|p2a: Kingambit|62/100
|
|-weather|SunnyDay|[upkeep]
|-heal|p2a: Kingambit|68/100|[from] item: Leftovers
|upkeep
|turn|8
|
|t:|1743912850
|move|p1a: Tornadus|Heat Wave|p2a: Kingambit
|-supereffective|p2a: Kingambit
|-damage|p2a: Kingambit|0 fnt
|faint|p2a: Kingambit
|-end|p2a: Kingambit|fallenundefined|[silent]
|
|-weather|none
|upkeep
|
|t:|1743912861
|switch|p2a: Ninetales|Ninetales, F|100/100
|-damage|p2a: Ninetales|84/100|[from] Spikes
|-weather|SunnyDay|[from] ability: Drought|[of] p2a: Ninetales
|turn|9
|
|t:|1743912876
|move|p1a: Tornadus|Bleakwind Storm|p2a: Ninetales
|-damage|p2a: Ninetales|50/100
|move|p2a: Ninetales|Weather Ball|p1a: Tornadus
|-crit|p1a: Tornadus
|-damage|p1a: Tornadus|32/100
|
|-weather|SunnyDay|[upkeep]
|upkeep
|turn|10
|inactive|praveenkumart236 has 120 seconds left.
|
|t:|1743912900
|move|p1a: Tornadus|U-turn|p2a: Ninetales
|-resisted|p2a: Ninetales
|-damage|p2a: Ninetales|41/100
|
|t:|1743912903
|switch|p1a: Samurott|Samurott-Hisui, M|100/100|[from] U-turn
|-activate|p1a: Samurott|move: Sticky Web
|-unboost|p1a: Samurott|spe|1
|move|p2a: Ninetales|Healing Wish|p2a: Ninetales
|faint|p2a: Ninetales
|
|-weather|SunnyDay|[upkeep]
|upkeep
|
|t:|1743912911
|switch|p2a: Walking Wake|Walking Wake|100/100
|-damage|p2a: Walking Wake|84/100|[from] Spikes
|-activate|p2a: Walking Wake|ability: Protosynthesis
|-start|p2a: Walking Wake|protosynthesisspa
|turn|11
|
|t:|1743912927
|move|p2a: Walking Wake|Dragon Pulse|p1a: Samurott
|-damage|p1a: Samurott|0 fnt
|faint|p1a: Samurott
|-damage|p2a: Walking Wake|74/100|[from] item: Life Orb
|
|-weather|SunnyDay|[upkeep]
|upkeep
|
|t:|1743912941
|switch|p1a: Deoxys|Deoxys-Speed|100/100
|-ability|p1a: Deoxys|Pressure
|turn|12
|
|t:|1743912958
|-end|p2a: Walking Wake|Protosynthesis|[silent]
|switch|p2a: Leavanny|Leavanny, M|40/100
|-heal|p2a: Leavanny|100/100|[from] move: Healing Wish
|-damage|p2a: Leavanny|84/100|[from] Spikes
|move|p1a: Deoxys|Psycho Boost|p2a: Leavanny
|-damage|p2a: Leavanny|0 fnt
|-unboost|p1a: Deoxys|spa|2
|faint|p2a: Leavanny
|
|-weather|SunnyDay|[upkeep]
|upkeep
|
|t:|1743912967
|switch|p2a: Ceruledge|Ceruledge, F|100/100
|-damage|p2a: Ceruledge|84/100|[from] Spikes
|turn|13
|inactive|praveenkumart236 has 120 seconds left.
|
|t:|1743912982
|switch|p1a: Dragonite|Dragonite, F|100/100
|move|p2a: Ceruledge|Shadow Sneak|p1a: Dragonite
|-damage|p1a: Dragonite|89/100
|
|-weather|SunnyDay|[upkeep]
|upkeep
|turn|14
|
|t:|1743912990
|move|p2a: Ceruledge|Swords Dance|p2a: Ceruledge
|-boost|p2a: Ceruledge|atk|2
|move|p1a: Dragonite|Scale Shot|p2a: Ceruledge|[miss]
|-miss|p1a: Dragonite|p2a: Ceruledge
|
|-weather|SunnyDay|[upkeep]
|upkeep
|turn|15
|
|t:|1743912998
|-terastallize|p1a: Dragonite|Fire
|move|p2a: Ceruledge|Bitter Blade|p1a: Dragonite
|-resisted|p1a: Dragonite
|-damage|p1a: Dragonite|2/100
|-heal|p2a: Ceruledge|100/100|[from] drain|[of] p1a: Dragonite
|move|p1a: Dragonite|Scale Shot|p2a: Ceruledge
|-damage|p2a: Ceruledge|78/100
|-ability|p2a: Ceruledge|Weak Armor|boost
|-unboost|p2a: Ceruledge|def|1
|-boost|p2a: Ceruledge|spe|2
|-damage|p2a: Ceruledge|46/100
|-ability|p2a: Ceruledge|Weak Armor|boost
|-unboost|p2a: Ceruledge|def|1
|-boost|p2a: Ceruledge|spe|2
|-damage|p2a: Ceruledge|4/100
|-ability|p2a: Ceruledge|Weak Armor|boost
|-unboost|p2a: Ceruledge|def|1
|-boost|p2a: Ceruledge|spe|2
|-damage|p2a: Ceruledge|0 fnt
|faint|p2a: Ceruledge
|-hitcount|p2: Ceruledge|4
|-unboost|p1a: Dragonite|def|1
|-boost|p1a: Dragonite|spe|1
|
|-weather|SunnyDay|[upkeep]
|upkeep
|inactive|praveenkumart236 has 120 seconds left.
|
|t:|1743913023
|switch|p2a: Great Tusk|Great Tusk|73/100
|-damage|p2a: Great Tusk|57/100|[from] Spikes
|-activate|p2a: Great Tusk|ability: Protosynthesis
|-start|p2a: Great Tusk|protosynthesisatk
|turn|16
|
|t:|1743913029
|move|p1a: Dragonite|Fire Punch|p2a: Great Tusk
|-damage|p2a: Great Tusk|6/100
|move|p2a: Great Tusk|Rapid Spin|p1a: Dragonite
|-crit|p1a: Dragonite
|-damage|p1a: Dragonite|0 fnt
|-boost|p2a: Great Tusk|spe|1
|-sideend|p2: praveenkumart236|Spikes|[from] move: Rapid Spin|[of] p2a: Great Tusk
|faint|p1a: Dragonite
|
|-weather|none
|-end|p2a: Great Tusk|Protosynthesis
|upkeep
|
|t:|1743913034
|switch|p1a: Great Tusk|Great Tusk|100/100
|turn|17
|
|t:|1743913041
|move|p2a: Great Tusk|Headlong Rush|p1a: Great Tusk
|-damage|p1a: Great Tusk|62/100
|-unboost|p2a: Great Tusk|def|1
|-unboost|p2a: Great Tusk|spd|1
|move|p1a: Great Tusk|Rapid Spin|p2a: Great Tusk
|-damage|p2a: Great Tusk|0 fnt
|-boost|p1a: Great Tusk|spe|1
|-sideend|p1: ploxay|Sticky Web|[from] move: Rapid Spin|[of] p1a: Great Tusk
|faint|p2a: Great Tusk
|-end|p2a: Great Tusk|Protosynthesis|[silent]
|
|upkeep
|
|t:|1743913050
|switch|p2a: Walking Wake|Walking Wake|74/100
|turn|18
|
|t:|1743913080
|-terastallize|p2a: Walking Wake|Water
|move|p1a: Great Tusk|Headlong Rush|p2a: Walking Wake
|-damage|p2a: Walking Wake|21/100
|-unboost|p1a: Great Tusk|def|1
|-unboost|p1a: Great Tusk|spd|1
|move|p2a: Walking Wake|Hydro Steam|p1a: Great Tusk
|-supereffective|p1a: Great Tusk
|-damage|p1a: Great Tusk|0 fnt
|faint|p1a: Great Tusk
|-end|p1a: Great Tusk|Protosynthesis|[silent]
|-damage|p2a: Walking Wake|11/100|[from] item: Life Orb
|
|upkeep
|
|t:|1743913085
|switch|p1a: Deoxys|Deoxys-Speed|100/100
|-ability|p1a: Deoxys|Pressure
|turn|19
|
|t:|1743913094
|move|p1a: Deoxys|Thunderbolt|p2a: Walking Wake
|-supereffective|p2a: Walking Wake
|-damage|p2a: Walking Wake|0 fnt
|faint|p2a: Walking Wake
|-end|p2a: Walking Wake|Protosynthesis|[silent]
|
|win|ploxay
|raw|ploxay's rating: 1391 &rarr; <strong>1413</strong><br />(+22 for winning)
|raw|praveenkumart236's rating: 1432 &rarr; <strong>1410</strong><br />(-22 for losing)
|l|☆praveenkumart236
|player|p2|
|l|☆ploxay
|player|p1|
