|j|☆Hyde-D-Rastom
|j|☆Caffeine Badger
|t:|1743798027
|gametype|singles
|player|p1|Hyde-D-Rastom|calem|1353
|player|p2|Caffeine Badger|lady-gen4|1337
|teamsize|p1|6
|teamsize|p2|6
|gen|9
|tier|[Gen 9] OU
|rated|
|rule|HP Percentage Mod: HP is shown in percentages
|rule|Endless Battle Clause: Forcing endless battles is banned
|rule|Species Clause: Limit one of each Pokémon
|rule|OHKO Clause: OHKO moves are banned
|rule|Evasion Items Clause: Evasion items are banned
|rule|Evasion Moves Clause: Evasion moves are banned
|rule|Sleep Moves Clause: Sleep-inducing moves are banned
|clearpoke
|poke|p1|Typhlosion, M|
|poke|p1|Espeon, F|
|poke|p1|Azumarill, F|
|poke|p1|Scizor, M|
|poke|p1|Raikou|
|poke|p1|Tyranitar, M|
|poke|p2|Grimmsnarl, M|
|poke|p2|Gyarados, F|
|poke|p2|Iron Valiant|
|poke|p2|Dragapult, F|
|poke|p2|Ogerpon, F|
|poke|p2|Glimmora, M|
|teampreview
|inactive|Battle timer is ON: inactive players will automatically lose when time's up. (requested by Hyde-D-Rastom)
|j| Rizzofreko
|
|t:|1743798038
|start
|switch|p1a: Typhlosion|Typhlosion, M|100/100
|switch|p2a: Grimmsnarl|Grimmsnarl, M, shiny|100/100
|turn|1
|
|t:|1743798047
|move|p2a: Grimmsnarl|Trick|p1a: Typhlosion
|-activate|p2a: Grimmsnarl|move: Trick|[of] p1a: Typhlosion
|-item|p1a: Typhlosion|Choice Band|[from] move: Trick
|-item|p2a: Grimmsnarl|Choice Scarf|[from] move: Trick
|move|p1a: Typhlosion|Eruption|p2a: Grimmsnarl
|-damage|p2a: Grimmsnarl|45/100
|
|upkeep
|turn|2
|
|t:|1743798056
|move|p2a: Grimmsnarl|Thunder Wave|p1a: Typhlosion
|-status|p1a: Typhlosion|par
|cant|p1a: Typhlosion|par
|
|upkeep
|turn|3
|
|t:|1743798059
|switch|p2a: Glimmora|Glimmora, M|100/100
|cant|p1a: Typhlosion|par
|
|upkeep
|turn|4
|
|t:|1743798076
|switch|p1a: Espeon|Espeon, F|100/100
|move|p2a: Glimmora|Stealth Rock|p1a: Espeon
|move|p1a: Espeon|Stealth Rock|p2a: Glimmora|[from] ability: Magic Bounce
|-sidestart|p2: Caffeine Badger|move: Stealth Rock
|
|upkeep
|turn|5
|
|t:|1743798080
|move|p1a: Espeon|Psyshock|p2a: Glimmora
|-supereffective|p2a: Glimmora
|-enditem|p2a: Glimmora|Focus Sash
|-damage|p2a: Glimmora|1/100
|move|p2a: Glimmora|Mortal Spin|p1a: Espeon
|-damage|p1a: Espeon|88/100
|-status|p1a: Espeon|psn
|-sideend|p2: Caffeine Badger|Stealth Rock|[from] move: Mortal Spin|[of] p2a: Glimmora
|
|-damage|p1a: Espeon|76/100 psn|[from] psn
|upkeep
|turn|6
|
|t:|1743798088
|switch|p2a: Grimmsnarl|Grimmsnarl, M, shiny|45/100
|move|p1a: Espeon|Psyshock|p2a: Grimmsnarl
|-immune|p2a: Grimmsnarl
|
|-damage|p1a: Espeon|64/100 psn|[from] psn
|upkeep
|turn|7
|
|t:|1743798091
|switch|p1a: Typhlosion|Typhlosion, M|100/100 par
|move|p2a: Grimmsnarl|Spirit Break|p1a: Typhlosion
|-resisted|p1a: Typhlosion
|-damage|p1a: Typhlosion|80/100 par
|-unboost|p1a: Typhlosion|spa|1
|
|upkeep
|turn|8
|
|t:|1743798096
|switch|p1a: Schtium|Scizor, M|100/100
|move|p2a: Grimmsnarl|Spirit Break|p1a: Schtium
|-resisted|p1a: Schtium
|-damage|p1a: Schtium|87/100
|-unboost|p1a: Schtium|spa|1
|
|upkeep
|turn|9
|
|t:|1743798102
|switch|p2a: Glimmora|Glimmora, M|1/100
|move|p1a: Schtium|Bullet Punch|p2a: Glimmora
|-supereffective|p2a: Glimmora
|-damage|p2a: Glimmora|0 fnt
|-activate|p2a: Glimmora|ability: Toxic Debris
|-sidestart|p1: Hyde-D-Rastom|move: Toxic Spikes
|faint|p2a: Glimmora
|
|upkeep
|
|t:|1743798104
|switch|p2a: Ogerpon|Ogerpon, F|100/100
|turn|10
|
|t:|1743798115
|move|p2a: Ogerpon|Swords Dance|p2a: Ogerpon
|-boost|p2a: Ogerpon|atk|2
|move|p1a: Schtium|U-turn|p2a: Ogerpon
|-supereffective|p2a: Ogerpon
|-damage|p2a: Ogerpon|5/100
|-enditem|p2a: Ogerpon|Red Card|[of] p1a: Schtium
|drag|p1a: Typhlosion|Typhlosion, M|80/100 par
|
|upkeep
|turn|11
|
|t:|1743798119
|move|p2a: Ogerpon|Superpower|p1a: Typhlosion
|-damage|p1a: Typhlosion|0 fnt
|-unboost|p2a: Ogerpon|atk|1
|-unboost|p2a: Ogerpon|def|1
|faint|p1a: Typhlosion
|
|upkeep
|
|t:|1743798127
|switch|p1a: Schtium|Scizor, M|87/100
|turn|12
|
|t:|1743798131
|move|p1a: Schtium|Bullet Punch|p2a: Ogerpon
|-damage|p2a: Ogerpon|0 fnt
|faint|p2a: Ogerpon
|
|upkeep
|
|t:|1743798133
|switch|p2a: Gyarados|Gyarados, F, shiny|100/100
|turn|13
|
|t:|1743798141
|move|p2a: Gyarados|Dragon Dance|p2a: Gyarados
|-boost|p2a: Gyarados|atk|1
|-boost|p2a: Gyarados|spe|1
|move|p1a: Schtium|U-turn|p2a: Gyarados
|-resisted|p2a: Gyarados
|-damage|p2a: Gyarados|78/100
|
|t:|1743798144
|switch|p1a: Tarium|Tyranitar, M|100/100|[from] U-turn
|-status|p1a: Tarium|psn
|-weather|Sandstorm|[from] ability: Sand Stream|[of] p1a: Tarium
|
|-weather|Sandstorm|[upkeep]
|-damage|p2a: Gyarados|71/100|[from] Sandstorm
|-heal|p2a: Gyarados|78/100|[from] item: Leftovers
|-damage|p1a: Tarium|88/100 psn|[from] psn
|upkeep
|turn|14
|
|t:|1743798147
|switch|p1a: Azumarill|Azumarill, F|100/100
|-status|p1a: Azumarill|psn
|move|p2a: Gyarados|Waterfall|p1a: Azumarill
|-resisted|p1a: Azumarill
|-damage|p1a: Azumarill|66/100 psn
|
|-weather|Sandstorm|[upkeep]
|-damage|p2a: Gyarados|71/100|[from] Sandstorm
|-damage|p1a: Azumarill|60/100 psn|[from] Sandstorm
|-heal|p2a: Gyarados|78/100|[from] item: Leftovers
|-damage|p1a: Azumarill|47/100 psn|[from] psn
|upkeep
|-enditem|p1a: Azumarill|Sitrus Berry|[eat]
|-heal|p1a: Azumarill|72/100 psn|[from] item: Sitrus Berry
|turn|15
|
|t:|1743798154
|move|p2a: Gyarados|Earthquake|p1a: Azumarill
|-damage|p1a: Azumarill|18/100 psn
|move|p1a: Azumarill|Play Rough|p2a: Gyarados
|-damage|p2a: Gyarados|5/100
|
|-weather|Sandstorm|[upkeep]
|-damage|p2a: Gyarados|0 fnt|[from] Sandstorm
|-damage|p1a: Azumarill|11/100 psn|[from] Sandstorm
|faint|p2a: Gyarados
|-damage|p1a: Azumarill|0 fnt|[from] psn
|faint|p1a: Azumarill
|upkeep
|
|t:|1743798169
|switch|p2a: Grimmsnarl|Grimmsnarl, M, shiny|45/100
|switch|p1a: Espeon|Espeon, F|64/100 psn
|turn|16
|
|t:|1743798185
|move|p1a: Espeon|Alluring Voice|p2a: Grimmsnarl
|-supereffective|p2a: Grimmsnarl
|-damage|p2a: Grimmsnarl|0 fnt
|faint|p2a: Grimmsnarl
|
|-weather|Sandstorm|[upkeep]
|-damage|p1a: Espeon|58/100 psn|[from] Sandstorm
|-damage|p1a: Espeon|46/100 psn|[from] psn
|upkeep
|l| Rizzofreko
|
|t:|1743798189
|switch|p2a: Dragapult|Dragapult, F|100/100
|turn|17
|
|t:|1743798196
|move|p2a: Dragapult|Dragon Dance|p2a: Dragapult
|-boost|p2a: Dragapult|atk|1
|-boost|p2a: Dragapult|spe|1
|move|p1a: Espeon|Alluring Voice|p2a: Dragapult
|-supereffective|p2a: Dragapult
|-damage|p2a: Dragapult|0 fnt
|faint|p2a: Dragapult
|
|-weather|none
|-damage|p1a: Espeon|34/100 psn|[from] psn
|upkeep
|inactive|Caffeine Badger has 120 seconds left.
|inactive|Caffeine Badger has 90 seconds left.
|
|t:|1743798259
|switch|p2a: Iron Valiant|Iron Valiant|100/100
|-enditem|p2a: Iron Valiant|Booster Energy
|-activate|p2a: Iron Valiant|ability: Quark Drive|[fromitem]
|-start|p2a: Iron Valiant|quarkdrivespe
|turn|18
|
|t:|1743798274
|-terastallize|p2a: Iron Valiant|Steel
|move|p2a: Iron Valiant|Calm Mind|p2a: Iron Valiant
|-boost|p2a: Iron Valiant|spa|1
|-boost|p2a: Iron Valiant|spd|1
|move|p1a: Espeon|Alluring Voice|p2a: Iron Valiant
|-resisted|p2a: Iron Valiant
|-damage|p2a: Iron Valiant|75/100
|-start|p2a: Iron Valiant|confusion
|
|-damage|p1a: Espeon|22/100 psn|[from] psn
|upkeep
|turn|19
|
|t:|1743798280
|-activate|p2a: Iron Valiant|confusion
|move|p2a: Iron Valiant|Calm Mind|p2a: Iron Valiant
|-boost|p2a: Iron Valiant|spa|1
|-boost|p2a: Iron Valiant|spd|1
|move|p1a: Espeon|Alluring Voice|p2a: Iron Valiant
|-resisted|p2a: Iron Valiant
|-damage|p2a: Iron Valiant|55/100
|
|-damage|p1a: Espeon|9/100 psn|[from] psn
|upkeep
|turn|20
|
|t:|1743798296
|-activate|p2a: Iron Valiant|confusion
|move|p2a: Iron Valiant|Calm Mind|p2a: Iron Valiant
|-boost|p2a: Iron Valiant|spa|1
|-boost|p2a: Iron Valiant|spd|1
|move|p1a: Espeon|Alluring Voice|p2a: Iron Valiant
|-resisted|p2a: Iron Valiant
|-damage|p2a: Iron Valiant|40/100
|
|-damage|p1a: Espeon|0 fnt|[from] psn
|faint|p1a: Espeon
|upkeep
|
|t:|1743798312
|switch|p1a: Schtium|Scizor, M|87/100
|turn|21
|
|t:|1743798325
|move|p1a: Schtium|Bullet Punch|p2a: Iron Valiant
|-resisted|p2a: Iron Valiant
|-damage|p2a: Iron Valiant|21/100
|-activate|p2a: Iron Valiant|confusion
|move|p2a: Iron Valiant|Aura Sphere|p1a: Schtium
|-damage|p1a: Schtium|0 fnt
|faint|p1a: Schtium
|
|upkeep
|
|t:|1743798329
|switch|p1a: Raikou|Raikou|100/100
|-status|p1a: Raikou|psn
|turn|22
|
|t:|1743798336
|-end|p2a: Iron Valiant|confusion
|move|p2a: Iron Valiant|Moonblast|p1a: Raikou
|-damage|p1a: Raikou|0 fnt
|faint|p1a: Raikou
|
|upkeep
|
|t:|1743798341
|switch|p1a: Tarium|Tyranitar, M|88/100 psn
|-weather|Sandstorm|[from] ability: Sand Stream|[of] p1a: Tarium
|turn|23
|
|t:|1743798345
|-terastallize|p1a: Tarium|Flying
|move|p2a: Iron Valiant|Moonblast|p1a: Tarium
|-damage|p1a: Tarium|0 fnt
|faint|p1a: Tarium
|
|win|Caffeine Badger
|raw|Hyde-D-Rastom's rating: 1335 &rarr; <strong>1315</strong><br />(-20 for losing)
|raw|Caffeine Badger's rating: 1337 &rarr; <strong>1357</strong><br />(+20 for winning)
|l|☆Caffeine Badger
|player|p2|
|l|☆Hyde-D-Rastom
|player|p1|
