|j|☆jatt on a sidewalk
|j|☆Adoptapet
|inactive|Battle timer is ON: inactive players will automatically lose when time's up.
|t:|1743864030
|gametype|singles
|player|p1|jatt on a sidewalk|rancher|
|player|p2|Adoptapet|nita|
|teamsize|p1|6
|teamsize|p2|6
|gen|9
|tier|[Gen 9] OU
|rated|Tournament battle
|rule|HP Percentage Mod: HP is shown in percentages
|rule|Endless Battle Clause: Forcing endless battles is banned
|rule|Species Clause: Limit one of each Pokémon
|rule|OHKO Clause: OHKO moves are banned
|rule|Evasion Items Clause: Evasion items are banned
|rule|Evasion Moves Clause: Evasion moves are banned
|rule|Sleep Moves Clause: Sleep-inducing moves are banned
|clearpoke
|poke|p1|Ogerpon, F|
|poke|p1|Clefable, F|
|poke|p1|Corviknight, M|
|poke|p1|Great Tusk|
|poke|p1|Ting-Lu|
|poke|p1|Darkrai|
|poke|p2|Iron Moth|
|poke|p2|Gholdengo|
|poke|p2|Quaquaval, M|
|poke|p2|Ting-Lu|
|poke|p2|Primarina, M|
|poke|p2|Gliscor, M|
|teampreview
|j| zamnazenta
|j| N0AH__123__
|c|☆Adoptapet|um
|j| TheRealNUnova
|j| Punfy
|c|☆jatt on a sidewalk|hf
|c|☆Adoptapet|u too
|l| TheRealNUnova
|j| TheRealNUnova
|j| loafc4t
|c| Punfy|cooked
|l| TheRealNUnova
|j| linkin_at
|j| TheRealNUnova
|j| Aquamonali
|
|t:|1743864057
|start
|switch|p1a: Great Tusk|Great Tusk|100/100
|switch|p2a: Quaquaval|Quaquaval, M, shiny|100/100
|turn|1
|
|t:|1743864063
|-end|p1a: Great Tusk|Protosynthesis|[silent]
|switch|p1a: Corviknight|Corviknight, M|100/100
|-ability|p1a: Corviknight|Pressure
|move|p2a: Quaquaval|Aqua Step|p1a: Corviknight
|-damage|p1a: Corviknight|67/100
|-boost|p2a: Quaquaval|spe|1
|
|-heal|p1a: Corviknight|73/100|[from] item: Leftovers
|upkeep
|turn|2
|j| shymor
|j| why clap
|l| why clap
|c| zamnazenta|that was big damage
|c|☆jatt on a sidewalk|is this mystic water
|c|☆Adoptapet|uh
|inactive|jatt on a sidewalk has 120 seconds left.
|
|t:|1743864097
|-terastallize|p2a: Quaquaval|Steel
|move|p2a: Quaquaval|Aqua Step|p1a: Corviknight
|-damage|p1a: Corviknight|44/100
|-boost|p2a: Quaquaval|spe|1
|move|p1a: Corviknight|Roost|p1a: Corviknight
|-heal|p1a: Corviknight|94/100
|-singleturn|p1a: Corviknight|move: Roost
|
|-heal|p1a: Corviknight|99/100|[from] item: Leftovers
|upkeep
|turn|3
|c|☆jatt on a sidewalk|wtf...
|
|t:|1743864109
|move|p2a: Quaquaval|U-turn|p1a: Corviknight
|-resisted|p1a: Corviknight
|-damage|p1a: Corviknight|96/100
|j| lunar gleck
|c|☆Adoptapet|idk how to play leave me alone
|
|t:|1743864120
|switch|p2a: Gliscor|Gliscor, M|100/100|[from] U-turn
|move|p1a: Corviknight|Iron Defense|p1a: Corviknight
|-boost|p1a: Corviknight|def|2
|
|-heal|p1a: Corviknight|100/100|[from] item: Leftovers
|-status|p2a: Gliscor|tox|[from] item: Toxic Orb
|upkeep
|turn|4
|
|t:|1743864125
|move|p2a: Gliscor|Knock Off|p1a: Corviknight
|-crit|p1a: Corviknight
|-damage|p1a: Corviknight|76/100
|-enditem|p1a: Corviknight|Leftovers|[from] move: Knock Off|[of] p2a: Gliscor
|move|p1a: Corviknight|U-turn|p2a: Gliscor
|-resisted|p2a: Gliscor
|-damage|p2a: Gliscor|93/100 tox
|j|+nastynastygirl7
|
|t:|1743864134
|switch|p1a: Great Tusk|Great Tusk|100/100|[from] U-turn
|
|-heal|p2a: Gliscor|100/100 tox|[from] ability: Poison Heal
|upkeep
|turn|5
|
|t:|1743864140
|move|p2a: Gliscor|Toxic|p1a: Great Tusk
|-status|p1a: Great Tusk|tox
|move|p1a: Great Tusk|Stealth Rock|p2a: Gliscor
|-sidestart|p2: Adoptapet|move: Stealth Rock
|
|-damage|p1a: Great Tusk|94/100 tox|[from] psn
|upkeep
|turn|6
|l| TheRealNUnova
|
|t:|1743864153
|move|p2a: Gliscor|Knock Off|p1a: Great Tusk
|-resisted|p1a: Great Tusk
|-damage|p1a: Great Tusk|85/100 tox
|-damage|p2a: Gliscor|84/100 tox|[from] item: Rocky Helmet|[of] p1a: Great Tusk
|-enditem|p1a: Great Tusk|Rocky Helmet|[from] move: Knock Off|[of] p2a: Gliscor
|move|p1a: Great Tusk|Ice Spinner|p2a: Gliscor
|-supereffective|p2a: Gliscor
|-damage|p2a: Gliscor|0 fnt
|faint|p2a: Gliscor
|
|-damage|p1a: Great Tusk|72/100 tox|[from] psn
|upkeep
|j| ffa goat
|l| ffa goat
|c| zamnazenta|ouch
|
|t:|1743864162
|switch|p2a: Ting-Lu|Ting-Lu|100/100
|-damage|p2a: Ting-Lu|94/100|[from] Stealth Rock
|-ability|p2a: Ting-Lu|Vessel of Ruin
|turn|7
|c| Punfy|i think quaquaval is adamant
|
|t:|1743864174
|-end|p1a: Great Tusk|Protosynthesis|[silent]
|switch|p1a: Corviknight|Corviknight, M|76/100
|-ability|p1a: Corviknight|Pressure
|move|p2a: Ting-Lu|Stealth Rock|p1a: Corviknight
|-sidestart|p1: jatt on a sidewalk|move: Stealth Rock
|
|-heal|p2a: Ting-Lu|100/100|[from] item: Leftovers
|upkeep
|turn|8
|c|☆jatt on a sidewalk|its adamant but it did more than a normal adamant one would
|
|t:|1743864187
|move|p1a: Corviknight|U-turn|p2a: Ting-Lu
|-supereffective|p2a: Ting-Lu
|-damage|p2a: Ting-Lu|85/100
|
|t:|1743864190
|switch|p1a: Clefable|Clefable, F|100/100|[from] U-turn
|move|p2a: Ting-Lu|Whirlwind|p1a: Clefable
|drag|p1a: Great Tusk|Great Tusk|72/100 tox
|-damage|p1a: Great Tusk|69/100 tox|[from] Stealth Rock
|
|-heal|p2a: Ting-Lu|91/100|[from] item: Leftovers
|-damage|p1a: Great Tusk|63/100 tox|[from] psn
|upkeep
|turn|9
|
|t:|1743864198
|switch|p2a: Primarina|Primarina, M|100/100
|-damage|p2a: Primarina|88/100|[from] Stealth Rock
|move|p1a: Great Tusk|Rapid Spin|p2a: Primarina
|-damage|p2a: Primarina|65/100
|-boost|p1a: Great Tusk|spe|1
|-sideend|p1: jatt on a sidewalk|Stealth Rock|[from] move: Rapid Spin|[of] p1a: Great Tusk
|
|-heal|p2a: Primarina|71/100|[from] item: Leftovers
|-damage|p1a: Great Tusk|51/100 tox|[from] psn
|upkeep
|turn|10
|c| Punfy|yeah probably mystic water + adamant
|
|t:|1743864207
|move|p1a: Great Tusk|Headlong Rush|p2a: Primarina
|-damage|p2a: Primarina|0 fnt
|-unboost|p1a: Great Tusk|def|1
|-unboost|p1a: Great Tusk|spd|1
|faint|p2a: Primarina
|
|-damage|p1a: Great Tusk|32/100 tox|[from] psn
|upkeep
|c|☆jatt on a sidewalk|lol
|c| zamnazenta|damn
|
|t:|1743864219
|switch|p2a: Ting-Lu|Ting-Lu|91/100
|-damage|p2a: Ting-Lu|85/100|[from] Stealth Rock
|-ability|p2a: Ting-Lu|Vessel of Ruin
|turn|11
|
|t:|1743864225
|-end|p1a: Great Tusk|Protosynthesis|[silent]
|switch|p1a: Darkrai|Darkrai|100/100
|move|p2a: Ting-Lu|Whirlwind|p1a: Darkrai
|drag|p1a: Ogerpon|Ogerpon, F|100/100
|
|-heal|p2a: Ting-Lu|91/100|[from] item: Leftovers
|upkeep
|turn|12
|j| betelmaxchoose
|c|☆Adoptapet|shit
|
|t:|1743864235
|move|p1a: Ogerpon|Knock Off|p2a: Ting-Lu
|-resisted|p2a: Ting-Lu
|-damage|p2a: Ting-Lu|83/100
|-enditem|p2a: Ting-Lu|Leftovers|[from] move: Knock Off|[of] p1a: Ogerpon
|move|p2a: Ting-Lu|Ruination|p1a: Ogerpon
|-damage|p1a: Ogerpon|51/100
|
|upkeep
|turn|13
|c| zamnazenta|hard reads?!?!
|
|t:|1743864244
|switch|p2a: Gholdengo|Gholdengo|100/100
|-damage|p2a: Gholdengo|94/100|[from] Stealth Rock
|move|p1a: Ogerpon|U-turn|p2a: Gholdengo
|-resisted|p2a: Gholdengo
|-damage|p2a: Gholdengo|88/100
|l| betelmaxchoose
|
|t:|1743864253
|switch|p1a: Darkrai|Darkrai|100/100|[from] U-turn
|
|upkeep
|turn|14
|
|t:|1743864260
|move|p1a: Darkrai|Dark Pulse|p2a: Gholdengo
|-supereffective|p2a: Gholdengo
|-damage|p2a: Gholdengo|0 fnt
|faint|p2a: Gholdengo
|
|upkeep
|
|t:|1743864266
|switch|p2a: Quaquaval|Quaquaval, M, shiny, tera:Steel|100/100
|-damage|p2a: Quaquaval|94/100|[from] Stealth Rock
|turn|15
|c|☆jatt on a sidewalk|thrilling
|
|t:|1743864270
|move|p1a: Darkrai|Will-O-Wisp|p2a: Quaquaval
|-status|p2a: Quaquaval|brn
|move|p2a: Quaquaval|Aqua Step|p1a: Darkrai
|-damage|p1a: Darkrai|68/100
|-boost|p2a: Quaquaval|spe|1
|
|-heal|p1a: Darkrai|74/100|[from] item: Leftovers
|-damage|p2a: Quaquaval|88/100 brn|[from] brn
|upkeep
|turn|16
|
|t:|1743864278
|switch|p1a: Corviknight|Corviknight, M|76/100
|-ability|p1a: Corviknight|Pressure
|move|p2a: Quaquaval|Aqua Step|p1a: Corviknight
|-damage|p1a: Corviknight|61/100
|-boost|p2a: Quaquaval|spe|1
|
|-damage|p2a: Quaquaval|82/100 brn|[from] brn
|upkeep
|turn|17
|j| jibreel69
|
|t:|1743864285
|move|p2a: Quaquaval|U-turn|p1a: Corviknight
|-resisted|p1a: Corviknight
|-damage|p1a: Corviknight|59/100
|
|t:|1743864287
|switch|p2a: Iron Moth|Iron Moth|100/100|[from] U-turn
|-damage|p2a: Iron Moth|76/100|[from] Stealth Rock
|-enditem|p2a: Iron Moth|Booster Energy
|-activate|p2a: Iron Moth|ability: Quark Drive|[fromitem]
|-start|p2a: Iron Moth|quarkdrivespa
|move|p1a: Corviknight|U-turn|p2a: Iron Moth
|-resisted|p2a: Iron Moth
|-damage|p2a: Iron Moth|70/100
|
|t:|1743864293
|switch|p1a: Ting-Lu|Ting-Lu|100/100|[from] U-turn
|-ability|p1a: Ting-Lu|Vessel of Ruin
|
|upkeep
|turn|18
|c|☆jatt on a sidewalk|gg bro
|
|t:|1743864302
|move|p2a: Iron Moth|Energy Ball|p1a: Ting-Lu
|-supereffective|p1a: Ting-Lu
|-damage|p1a: Ting-Lu|62/100
|move|p1a: Ting-Lu|Earthquake|p2a: Iron Moth
|-supereffective|p2a: Iron Moth
|-damage|p2a: Iron Moth|0 fnt
|faint|p2a: Iron Moth
|-end|p2a: Iron Moth|Quark Drive|[silent]
|
|-heal|p1a: Ting-Lu|69/100|[from] item: Leftovers
|upkeep
|c|☆Adoptapet|gg
|c|☆Adoptapet|x
|
|t:|1743864310
|switch|p2a: Quaquaval|Quaquaval, M, shiny, tera:Steel|82/100 brn
|-damage|p2a: Quaquaval|76/100 brn|[from] Stealth Rock
|turn|19
|
|t:|1743864313
|move|p2a: Quaquaval|Aqua Step|p1a: Ting-Lu
|-supereffective|p1a: Ting-Lu
|-damage|p1a: Ting-Lu|42/100
|-boost|p2a: Quaquaval|spe|1
|move|p1a: Ting-Lu|Earthquake|p2a: Quaquaval
|-supereffective|p2a: Quaquaval
|-damage|p2a: Quaquaval|0 fnt
|faint|p2a: Quaquaval
|
|-heal|p1a: Ting-Lu|48/100|[from] item: Leftovers
|upkeep
|c| zamnazenta|that was fast
|c|☆Adoptapet|lmfao x
|
|t:|1743864323
|switch|p2a: Ting-Lu|Ting-Lu|83/100
|-damage|p2a: Ting-Lu|76/100|[from] Stealth Rock
|-ability|p2a: Ting-Lu|Vessel of Ruin
|turn|20
|
|t:|1743864327
|switch|p1a: Ogerpon|Ogerpon, F|51/100
|move|p2a: Ting-Lu|Stealth Rock|p1a: Ogerpon
|-sidestart|p1: jatt on a sidewalk|move: Stealth Rock
|
|upkeep
|turn|21
|c|☆Adoptapet|ting lu solo trust
|l| linkin_at
|
|t:|1743864335
|move|p1a: Ogerpon|Encore|p2a: Ting-Lu
|-start|p2a: Ting-Lu|Encore
|move|p2a: Ting-Lu|Stealth Rock||[still]
|-fail|p2a: Ting-Lu
|
|upkeep
|turn|22
|
|t:|1743864338
|-terastallize|p1a: Ogerpon|Grass
|detailschange|p1a: Ogerpon|Ogerpon-Teal-Tera, F, tera:Grass
|-ability|p1a: Ogerpon|Embody Aspect (Teal)|boost
|-boost|p1a: Ogerpon|spe|1
|move|p1a: Ogerpon|Ivy Cudgel|p2a: Ting-Lu
|-supereffective|p2a: Ting-Lu
|-damage|p2a: Ting-Lu|10/100
|move|p2a: Ting-Lu|Stealth Rock||[still]
|-fail|p2a: Ting-Lu
|
|upkeep
|turn|23
|c|☆Adoptapet|gg
|
|t:|1743864346
|move|p1a: Ogerpon|Ivy Cudgel|p2a: Ting-Lu
|-supereffective|p2a: Ting-Lu
|-damage|p2a: Ting-Lu|0 fnt
|faint|p2a: Ting-Lu
|
|win|jatt on a sidewalk
|n|☆jatt on a sidewalk|jattonasidewalk
|n|☆Adoptapet|adoptapet
|n| zamnazenta|zamnazenta
|n| N0AH__123__|n0ah123
|n| Punfy|punfy
|n| loafc4t|loafc4t
|n| Aquamonali|aquamonali
|n| shymor|shymor
|n| lunar gleck|lunargleck
|n| nastynastygirl7|nastynastygirl7
|n| jibreel69|jibreel69
