|j|☆truffle buddah
|j|☆bloodhspeherd
|t:|1743889324
|gametype|singles
|player|p1|truffle buddah|li|1626
|player|p2|bloodhspeherd|silver|1696
|teamsize|p1|6
|teamsize|p2|6
|gen|9
|tier|[Gen 9] OU
|rated|
|rule|HP Percentage Mod: HP is shown in percentages
|rule|Endless Battle Clause: Forcing endless battles is banned
|rule|Species Clause: Limit one of each Pokémon
|rule|OHKO Clause: OHKO moves are banned
|rule|Evasion Items Clause: Evasion items are banned
|rule|Evasion Moves Clause: Evasion moves are banned
|rule|Sleep Moves Clause: Sleep-inducing moves are banned
|clearpoke
|poke|p1|Sinistcha|
|poke|p1|Mimikyu, M|
|poke|p1|Diancie|
|poke|p1|Ursaluna, M|
|poke|p1|Hoopa-Unbound|
|poke|p1|Iron Hands|
|poke|p2|Cinderace, F|
|poke|p2|Darkrai|
|poke|p2|Gholdengo|
|poke|p2|Hatterene, F|
|poke|p2|Zamazenta-*|
|poke|p2|Samurott-Hisui, F|
|teampreview
|inactive|Battle timer is ON: inactive players will automatically lose when time's up. (requested by bloodhspeherd)
|inactive|truffle buddah has 120 seconds left.
|j| Just-JayPe
|
|t:|1743889389
|start
|switch|p1a: Iron Hands|Iron Hands|100/100
|switch|p2a: Cinderace|Cinderace, F|100/100
|turn|1
|
|t:|1743889396
|-end|p1a: Iron Hands|Quark Drive|[silent]
|switch|p1a: Diancie|Diancie|100/100
|move|p2a: Cinderace|U-turn|p1a: Diancie
|-start|p2a: Cinderace|typechange|Bug|[from] ability: Libero
|-resisted|p1a: Diancie
|-damage|p1a: Diancie|81/100
|
|t:|1743889403
|switch|p2a: Zamazenta|Zamazenta|100/100|[from] U-turn
|-ability|p2a: Zamazenta|Dauntless Shield|boost
|-boost|p2a: Zamazenta|def|1
|
|upkeep
|turn|2
|
|t:|1743889407
|switch|p1a: Sinistcha|Sinistcha|100/100
|move|p2a: Zamazenta|Close Combat|p1a: Sinistcha
|-immune|p1a: Sinistcha
|
|upkeep
|turn|3
|
|t:|1743889414
|switch|p2a: Cinderace|Cinderace, F|100/100
|move|p1a: Sinistcha|Shadow Ball|p2a: Cinderace
|-damage|p2a: Cinderace|44/100
|
|upkeep
|turn|4
|
|t:|1743889418
|move|p2a: Cinderace|Pyro Ball|p1a: Sinistcha
|-supereffective|p1a: Sinistcha
|-damage|p1a: Sinistcha|36/100
|-status|p1a: Sinistcha|brn
|move|p1a: Sinistcha|Strength Sap|p2a: Cinderace
|-unboost|p2a: Cinderace|atk|1
|-heal|p1a: Sinistcha|100/100 brn
|
|-damage|p1a: Sinistcha|98/100 brn|[from] brn
|upkeep
|turn|5
|
|t:|1743889425
|switch|p2a: Darkrai|Darkrai|100/100
|move|p1a: Sinistcha|Trick Room|p1a: Sinistcha
|-fieldstart|move: Trick Room|[of] p1a: Sinistcha
|
|-damage|p1a: Sinistcha|95/100 brn|[from] brn
|upkeep
|turn|6
|
|t:|1743889429
|switch|p1a: Diancie|Diancie|81/100
|-terastallize|p2a: Darkrai|Dark
|move|p2a: Darkrai|Dark Pulse|p1a: Diancie
|-resisted|p1a: Diancie
|-damage|p1a: Diancie|50/100
|
|upkeep
|turn|7
|
|t:|1743889438
|switch|p2a: Samurott|Samurott-Hisui, F|100/100
|move|p1a: Diancie|Stealth Rock|p2a: Samurott
|-sidestart|p2: bloodhspeherd|move: Stealth Rock
|
|upkeep
|turn|8
|
|t:|1743889442
|move|p1a: Diancie|Moonblast|p2a: Samurott
|-supereffective|p2a: Samurott
|-enditem|p2a: Samurott|Focus Sash
|-damage|p2a: Samurott|1/100
|move|p2a: Samurott|Ceaseless Edge|p1a: Diancie
|-resisted|p1a: Diancie
|-damage|p1a: Diancie|31/100
|-sidestart|p1: truffle buddah|Spikes
|
|upkeep
|turn|9
|-message|truffle buddah forfeited.
|
|win|bloodhspeherd
|raw|truffle buddah's rating: 1626 &rarr; <strong>1610</strong><br />(-16 for losing)
|raw|bloodhspeherd's rating: 1696 &rarr; <strong>1712</strong><br />(+16 for winning)
|l|☆truffle buddah
|player|p1|
|l|☆bloodhspeherd
|player|p2|
|c| Just-JayPe|wait heatprove halves burn dmg?
|l| Just-JayPe
