|j|☆Jinghan Yu
|j|☆bor3dlol
|t:|1743803501
|gametype|singles
|player|p1|Jinghan Yu|nate|1103
|player|p2|bor3dlol|101|1112
|teamsize|p1|6
|teamsize|p2|6
|gen|9
|tier|[Gen 9] OU
|rated|
|rule|HP Percentage Mod: HP is shown in percentages
|rule|Endless Battle Clause: Forcing endless battles is banned
|rule|Species Clause: Limit one of each Pokémon
|rule|OHKO Clause: OHKO moves are banned
|rule|Evasion Items Clause: Evasion items are banned
|rule|Evasion Moves Clause: Evasion moves are banned
|rule|Sleep Moves Clause: Sleep-inducing moves are banned
|clearpoke
|poke|p1|Scizor, M|
|poke|p1|Heracross, M|
|poke|p1|Gengar, M|
|poke|p1|Gyarados, M|
|poke|p1|Garchomp, M|
|poke|p1|Umbreon, M|
|poke|p2|Landorus-Therian, M|
|poke|p2|Scizor, M|
|poke|p2|Primarina, M|
|poke|p2|Raging Bolt|
|poke|p2|Pecharunt|
|poke|p2|Ogerpon-Wellspring, F|
|teampreview
|inactive|Battle timer is ON: inactive players will automatically lose when time's up. (requested by bor3dlol)
|
|t:|1743803509
|start
|switch|p1a: Osten|Gyarados, M, shiny|100/100
|switch|p2a: Landorus|Landorus-Therian, M|100/100
|-ability|p2a: Landorus|Intimidate|boost
|-unboost|p1a: Osten|atk|1
|-ability|p1a: Osten|Intimidate|boost
|-unboost|p2a: Landorus|atk|1
|turn|1
|c|☆bor3dlol|glhf
|
|t:|1743803534
|switch|p1a: Boden|Scizor, M, shiny|100/100
|move|p2a: Landorus|U-turn|p1a: Boden
|-resisted|p1a: Boden
|-damage|p1a: Boden|93/100
|inactive|bor3dlol has 120 seconds left.
|
|t:|1743803559
|switch|p2a: Raging Bolt|Raging Bolt|100/100|[from] U-turn
|-enditem|p2a: Raging Bolt|Booster Energy
|-activate|p2a: Raging Bolt|ability: Protosynthesis|[fromitem]
|-start|p2a: Raging Bolt|protosynthesisspa
|
|upkeep
|turn|2
|
|t:|1743803573
|switch|p1a: Avedis|Umbreon, M, shiny|100/100
|move|p2a: Raging Bolt|Thunderbolt|p1a: Avedis
|-damage|p1a: Avedis|51/100
|
|-heal|p1a: Avedis|57/100|[from] item: Leftovers
|upkeep
|turn|3
|
|t:|1743803584
|move|p2a: Raging Bolt|Calm Mind|p2a: Raging Bolt
|-boost|p2a: Raging Bolt|spa|1
|-boost|p2a: Raging Bolt|spd|1
|move|p1a: Avedis|Toxic|p2a: Raging Bolt
|-status|p2a: Raging Bolt|tox
|
|-heal|p1a: Avedis|63/100|[from] item: Leftovers
|-damage|p2a: Raging Bolt|94/100 tox|[from] psn
|upkeep
|turn|4
|
|t:|1743803588
|move|p1a: Avedis|Protect|p1a: Avedis
|-singleturn|p1a: Avedis|Protect
|move|p2a: Raging Bolt|Thunderbolt|p1a: Avedis
|-activate|p1a: Avedis|move: Protect
|
|-heal|p1a: Avedis|69/100|[from] item: Leftovers
|-damage|p2a: Raging Bolt|82/100 tox|[from] psn
|upkeep
|turn|5
|
|t:|1743803593
|move|p2a: Raging Bolt|Thunderbolt|p1a: Avedis
|-crit|p1a: Avedis
|-damage|p1a: Avedis|0 fnt
|faint|p1a: Avedis
|
|-damage|p2a: Raging Bolt|64/100 tox|[from] psn
|upkeep
|
|t:|1743803596
|switch|p1a: Mangus|Garchomp, M, shiny|100/100
|turn|6
|inactive|bor3dlol has 120 seconds left.
|
|t:|1743803624
|-terastallize|p2a: Raging Bolt|Fairy
|move|p1a: Mangus|Earthquake|p2a: Raging Bolt
|-damage|p2a: Raging Bolt|13/100 tox
|move|p2a: Raging Bolt|Dragon Pulse|p1a: Mangus
|-supereffective|p1a: Mangus
|-damage|p1a: Mangus|0 fnt
|faint|p1a: Mangus
|
|-damage|p2a: Raging Bolt|0 fnt|[from] psn
|faint|p2a: Raging Bolt
|-end|p2a: Raging Bolt|Protosynthesis|[silent]
|upkeep
|inactive|bor3dlol has 120 seconds left.
|
|t:|1743803659
|switch|p1a: Osten|Gyarados, M, shiny|100/100
|switch|p2a: Landorus|Landorus-Therian, M|100/100
|-ability|p2a: Landorus|Intimidate|boost
|-unboost|p1a: Osten|atk|1
|-ability|p1a: Osten|Intimidate|boost
|-unboost|p2a: Landorus|atk|1
|turn|7
|
|t:|1743803677
|switch|p1a: Boden|Scizor, M, shiny|93/100
|move|p2a: Landorus|U-turn|p1a: Boden
|-resisted|p1a: Boden
|-damage|p1a: Boden|84/100
|inactive|bor3dlol has 90 seconds left.
|
|t:|1743803694
|switch|p2a: Primarina|Primarina, M|100/100|[from] U-turn
|
|upkeep
|turn|8
|inactive|bor3dlol has 90 seconds left.
|
|t:|1743803701
|move|p2a: Primarina|Sparkling Aria|p1a: Boden
|-damage|p1a: Boden|22/100
|move|p1a: Boden|Swords Dance|p1a: Boden
|-boost|p1a: Boden|atk|2
|
|upkeep
|turn|9
|
|t:|1743803710
|switch|p2a: Landorus|Landorus-Therian, M|100/100
|-ability|p2a: Landorus|Intimidate|boost
|-unboost|p1a: Boden|atk|1
|move|p1a: Boden|Bullet Punch|p2a: Landorus
|-damage|p2a: Landorus|47/100
|-damage|p1a: Boden|6/100|[from] item: Rocky Helmet|[of] p2a: Landorus
|
|upkeep
|turn|10
|
|t:|1743803723
|move|p1a: Boden|Bullet Punch|p2a: Landorus
|-damage|p2a: Landorus|0 fnt
|-damage|p1a: Boden|0 fnt|[from] item: Rocky Helmet|[of] p2a: Landorus
|faint|p2a: Landorus
|faint|p1a: Boden
|
|upkeep
|
|t:|1743803731
|switch|p2a: Pecharunt|Pecharunt|100/100
|switch|p1a: Kaden|Heracross, M|100/100
|turn|11
|
|t:|1743803735
|move|p2a: Pecharunt|Malignant Chain|p1a: Kaden
|-damage|p1a: Kaden|66/100
|move|p1a: Kaden|Trailblaze|p2a: Pecharunt
|-resisted|p2a: Pecharunt
|-damage|p2a: Pecharunt|95/100
|-boost|p1a: Kaden|spe|1
|
|-status|p1a: Kaden|brn|[from] item: Flame Orb
|upkeep
|turn|12
|
|t:|1743803746
|move|p1a: Kaden|Swords Dance|p1a: Kaden
|-boost|p1a: Kaden|atk|2
|move|p2a: Pecharunt|Hex|p1a: Kaden
|-crit|p1a: Kaden
|-damage|p1a: Kaden|0 fnt
|faint|p1a: Kaden
|
|upkeep
|
|t:|1743803753
|switch|p1a: Nasim|Gengar, M|100/100
|turn|13
|inactive|bor3dlol has 120 seconds left.
|
|t:|1743803761
|-terastallize|p1a: Nasim|Fairy
|move|p1a: Nasim|Nasty Plot|p1a: Nasim
|-boost|p1a: Nasim|spa|2
|move|p2a: Pecharunt|Hex|p1a: Nasim
|-damage|p1a: Nasim|64/100
|-start|p2a: Pecharunt|Disable|Hex|[from] ability: Cursed Body|[of] p1a: Nasim
|
|upkeep
|turn|14
|inactive|bor3dlol has 120 seconds left.
|
|t:|1743803771
|switch|p2a: Scizor|Scizor, M|100/100
|move|p1a: Nasim|Hex|p2a: Scizor
|-damage|p2a: Scizor|11/100
|
|upkeep
|turn|15
|
|t:|1743803776
|switch|p1a: Osten|Gyarados, M, shiny|100/100
|-ability|p1a: Osten|Intimidate|boost
|-unboost|p2a: Scizor|atk|1
|move|p2a: Scizor|Bullet Punch|p1a: Osten
|-resisted|p1a: Osten
|-damage|p1a: Osten|82/100
|-damage|p2a: Scizor|2/100|[from] item: Life Orb
|
|-heal|p1a: Osten|88/100|[from] item: Leftovers
|upkeep
|turn|16
|
|t:|1743803782
|move|p1a: Osten|Dragon Dance|p1a: Osten
|-boost|p1a: Osten|atk|1
|-boost|p1a: Osten|spe|1
|move|p2a: Scizor|Knock Off|p1a: Osten
|-damage|p1a: Osten|47/100
|-enditem|p1a: Osten|Leftovers|[from] move: Knock Off|[of] p2a: Scizor
|-damage|p2a: Scizor|0 fnt|[from] item: Life Orb
|faint|p2a: Scizor
|
|upkeep
|
|t:|1743803800
|switch|p2a: Pecharunt|Pecharunt|95/100
|turn|17
|
|t:|1743803807
|move|p1a: Osten|Crunch|p2a: Pecharunt
|-supereffective|p2a: Pecharunt
|-damage|p2a: Pecharunt|38/100
|move|p2a: Pecharunt|Malignant Chain|p1a: Osten
|-damage|p1a: Osten|15/100
|-status|p1a: Osten|tox
|-start|p1a: Osten|confusion|[from] ability: Poison Puppeteer|[of] p2a: Pecharunt
|
|-damage|p1a: Osten|9/100 tox|[from] psn
|upkeep
|turn|18
|
|t:|1743803816
|-activate|p1a: Osten|confusion
|-damage|p1a: Osten|0 fnt|[from] confusion
|faint|p1a: Osten
|move|p2a: Pecharunt|Recover|p2a: Pecharunt
|-heal|p2a: Pecharunt|88/100
|
|upkeep
|
|t:|1743803819
|switch|p1a: Nasim|Gengar, M, tera:Fairy|64/100
|turn|19
|
|t:|1743803826
|move|p1a: Nasim|Hex|p2a: Pecharunt
|-supereffective|p2a: Pecharunt
|-damage|p2a: Pecharunt|13/100
|move|p2a: Pecharunt|Parting Shot|p1a: Nasim
|-unboost|p1a: Nasim|atk|1
|-unboost|p1a: Nasim|spa|1
|
|t:|1743803837
|switch|p2a: Primarina|Primarina, M|100/100|[from] Parting Shot
|
|upkeep
|turn|20
|
|t:|1743803842
|move|p1a: Nasim|Nasty Plot|p1a: Nasim
|-boost|p1a: Nasim|spa|2
|move|p2a: Primarina|Sparkling Aria|p1a: Nasim
|-damage|p1a: Nasim|0 fnt
|-start|p2a: Primarina|Disable|Sparkling Aria|[from] ability: Cursed Body|[of] p1a: Nasim
|faint|p1a: Nasim
|
|win|bor3dlol
|raw|Jinghan Yu's rating: 1103 &rarr; <strong>1079</strong><br />(-24 for losing)
|raw|bor3dlol's rating: 1112 &rarr; <strong>1136</strong><br />(+24 for winning)
|l|☆Jinghan Yu
|player|p1|
