|j|☆Impostorlol
|j|‽Uvah
|t:|1743796663
|gametype|singles
|player|p1|Impostorlol|iono|1197
|player|p2|Uvah|clown|1203
|teamsize|p1|6
|teamsize|p2|6
|gen|9
|tier|[Gen 9] OU
|rated|
|rule|HP Percentage Mod: HP is shown in percentages
|rule|Endless Battle Clause: Forcing endless battles is banned
|rule|Species Clause: Limit one of each Pokémon
|rule|OHKO Clause: OHKO moves are banned
|rule|Evasion Items Clause: Evasion items are banned
|rule|Evasion Moves Clause: Evasion moves are banned
|rule|Sleep Moves Clause: Sleep-inducing moves are banned
|clearpoke
|poke|p1|Gliscor, F|
|poke|p1|Garganacl, F|
|poke|p1|Iron Treads|
|poke|p1|Raging Bolt|
|poke|p1|Blissey, F|
|poke|p1|Dragapult, F|
|poke|p2|Corviknight, M|
|poke|p2|Torkoal, F|
|poke|p2|Scizor, M|
|poke|p2|Raging Bolt|
|poke|p2|Pachirisu, M|
|poke|p2|Typhlosion, F|
|teampreview
|inactive|Battle timer is ON: inactive players will automatically lose when time's up. (requested by Uvah)
|inactive|Uvah has 120 seconds left.
|
|t:|1743796702
|start
|switch|p1a: big poo|Raging Bolt|100/100
|switch|p2a: Scizor|Scizor, M|100/100
|turn|1
|
|t:|1743796713
|switch|p2a: Pachirisu|Pachirisu, M|100/100
|move|p1a: big poo|Volt Switch|p2a: Pachirisu
|-immune|p2a: Pachirisu|[from] ability: Volt Absorb
|
|upkeep
|turn|2
|
|t:|1743796723
|move|p2a: Pachirisu|Encore|p1a: big poo
|-start|p1a: big poo|Encore
|move|p1a: big poo|Volt Switch|p2a: Pachirisu
|-immune|p2a: Pachirisu|[from] ability: Volt Absorb
|
|upkeep
|turn|3
|
|t:|1743796729
|-end|p1a: big poo|Protosynthesis|[silent]
|switch|p1a: egg baby|Blissey, F|100/100
|move|p2a: Pachirisu|U-turn|p1a: egg baby
|-damage|p1a: egg baby|85/100
|
|t:|1743796744
|switch|p2a: Scizor|Scizor, M|100/100|[from] U-turn
|
|-heal|p1a: egg baby|91/100|[from] item: Leftovers
|upkeep
|turn|4
|
|t:|1743796755
|switch|p1a: that bird tht i h8|Dragapult, F|100/100
|-terastallize|p2a: Scizor|Steel
|move|p2a: Scizor|Bullet Punch|p1a: that bird tht i h8
|-damage|p1a: that bird tht i h8|26/100
|-damage|p2a: Scizor|91/100|[from] item: Life Orb
|
|upkeep
|turn|5
|
|t:|1743796762
|switch|p1a: ace eater|Iron Treads|100/100
|move|p2a: Scizor|Bullet Punch|p1a: ace eater
|-resisted|p1a: ace eater
|-damage|p1a: ace eater|75/100
|-damage|p2a: Scizor|81/100|[from] item: Life Orb
|
|-heal|p1a: ace eater|81/100|[from] item: Leftovers
|upkeep
|turn|6
|
|t:|1743796772
|switch|p2a: Corviknight|Corviknight, M|100/100
|move|p1a: ace eater|Knock Off|p2a: Corviknight
|-damage|p2a: Corviknight|84/100
|-enditem|p2a: Corviknight|Leftovers|[from] move: Knock Off|[of] p1a: ace eater
|
|-heal|p1a: ace eater|87/100|[from] item: Leftovers
|upkeep
|turn|7
|
|t:|1743796789
|move|p1a: ace eater|Volt Switch|p2a: Corviknight
|-supereffective|p2a: Corviknight
|-damage|p2a: Corviknight|61/100
|
|t:|1743796795
|-end|p1a: ace eater|Quark Drive|[silent]
|switch|p1a: chud|Gliscor, F|100/100|[from] Volt Switch
|move|p2a: Corviknight|Body Press|p1a: chud
|-resisted|p1a: chud
|-damage|p1a: chud|92/100
|
|-status|p1a: chud|tox|[from] item: Toxic Orb
|upkeep
|turn|8
|
|t:|1743796800
|move|p1a: chud|Spikes|p2a: Corviknight
|-sidestart|p2: Uvah|Spikes
|move|p2a: Corviknight|Roost|p2a: Corviknight
|-heal|p2a: Corviknight|100/100
|-singleturn|p2a: Corviknight|move: Roost
|
|-heal|p1a: chud|100/100 tox|[from] ability: Poison Heal
|upkeep
|turn|9
|
|t:|1743796805
|move|p1a: chud|Spikes|p2a: Corviknight
|-sidestart|p2: Uvah|Spikes
|move|p2a: Corviknight|Brave Bird|p1a: chud
|-damage|p1a: chud|77/100 tox
|-damage|p2a: Corviknight|93/100|[from] Recoil
|
|-heal|p1a: chud|89/100 tox|[from] ability: Poison Heal
|upkeep
|turn|10
|
|t:|1743796810
|move|p1a: chud|Spikes|p2a: Corviknight
|-sidestart|p2: Uvah|Spikes
|move|p2a: Corviknight|Brave Bird|p1a: chud
|-damage|p1a: chud|66/100 tox
|-damage|p2a: Corviknight|87/100|[from] Recoil
|
|-heal|p1a: chud|78/100 tox|[from] ability: Poison Heal
|upkeep
|turn|11
|
|t:|1743796817
|switch|p1a: anti british wall|Garganacl, F|100/100
|move|p2a: Corviknight|Defog|p1a: anti british wall
|-unboost|p1a: anti british wall|evasion|1
|-sideend|p2: Uvah|Spikes|[from] move: Defog|[of] p2a: Corviknight
|
|upkeep
|turn|12
|
|t:|1743796831
|move|p2a: Corviknight|Body Press|p1a: anti british wall
|-supereffective|p1a: anti british wall
|-damage|p1a: anti british wall|70/100
|move|p1a: anti british wall|Salt Cure|p2a: Corviknight
|-damage|p2a: Corviknight|78/100
|-start|p2a: Corviknight|Salt Cure
|
|-heal|p1a: anti british wall|76/100|[from] item: Leftovers
|-damage|p2a: Corviknight|53/100|[from] Salt Cure
|upkeep
|turn|13
|
|t:|1743796841
|move|p2a: Corviknight|Roost|p2a: Corviknight
|-heal|p2a: Corviknight|100/100
|-singleturn|p2a: Corviknight|move: Roost
|move|p1a: anti british wall|Salt Cure|p2a: Corviknight
|-resisted|p2a: Corviknight
|-damage|p2a: Corviknight|96/100
|
|-heal|p1a: anti british wall|82/100|[from] item: Leftovers
|-damage|p2a: Corviknight|71/100|[from] Salt Cure
|upkeep
|turn|14
|
|t:|1743796855
|switch|p2a: Pachirisu|Pachirisu, M|100/100
|move|p1a: anti british wall|Salt Cure|p2a: Pachirisu
|-damage|p2a: Pachirisu|75/100
|-start|p2a: Pachirisu|Salt Cure
|
|-heal|p1a: anti british wall|88/100|[from] item: Leftovers
|-damage|p2a: Pachirisu|63/100|[from] Salt Cure
|upkeep
|turn|15
|
|t:|1743796865
|switch|p1a: big poo|Raging Bolt|100/100
|move|p2a: Pachirisu|Super Fang|p1a: big poo
|-damage|p1a: big poo|51/100
|
|-damage|p2a: Pachirisu|51/100|[from] Salt Cure
|upkeep
|turn|16
|
|t:|1743796872
|move|p2a: Pachirisu|U-turn|p1a: big poo
|-damage|p1a: big poo|43/100
|
|t:|1743796880
|switch|p2a: Corviknight|Corviknight, M|71/100|[from] U-turn
|move|p1a: big poo|Dragon Pulse|p2a: Corviknight
|-resisted|p2a: Corviknight
|-damage|p2a: Corviknight|48/100
|
|upkeep
|turn|17
|
|t:|1743796886
|switch|p2a: Pachirisu|Pachirisu, M|51/100
|move|p1a: big poo|Volt Switch|p2a: Pachirisu
|-heal|p2a: Pachirisu|76/100|[from] ability: Volt Absorb|[of] p1a: big poo
|
|upkeep
|turn|18
|
|t:|1743796895
|-end|p1a: big poo|Protosynthesis|[silent]
|switch|p1a: chud|Gliscor, F|78/100 tox
|move|p2a: Pachirisu|Nuzzle|p1a: chud
|-immune|p1a: chud
|
|-heal|p1a: chud|91/100 tox|[from] ability: Poison Heal
|upkeep
|turn|19
|
|t:|1743796903
|switch|p2a: Corviknight|Corviknight, M|48/100
|move|p1a: chud|Toxic|p2a: Corviknight
|-immune|p2a: Corviknight
|
|-heal|p1a: chud|100/100 tox|[from] ability: Poison Heal
|upkeep
|turn|20
|
|t:|1743796907
|move|p1a: chud|Spikes|p2a: Corviknight
|-sidestart|p2: Uvah|Spikes
|move|p2a: Corviknight|Roost|p2a: Corviknight
|-heal|p2a: Corviknight|98/100
|-singleturn|p2a: Corviknight|move: Roost
|
|upkeep
|turn|21
|
|t:|1743796917
|switch|p1a: anti british wall|Garganacl, F|88/100
|switch|p2a: Scizor|Scizor, M, tera:Steel|81/100
|-damage|p2a: Scizor|68/100|[from] Spikes
|
|-heal|p1a: anti british wall|95/100|[from] item: Leftovers
|upkeep
|turn|22
|
|t:|1743796934
|move|p1a: anti british wall|Protect|p1a: anti british wall
|-singleturn|p1a: anti british wall|Protect
|move|p2a: Scizor|U-turn|p1a: anti british wall
|-activate|p1a: anti british wall|move: Protect
|
|-heal|p1a: anti british wall|100/100|[from] item: Leftovers
|upkeep
|turn|23
|
|t:|1743796941
|move|p2a: Scizor|Swords Dance|p2a: Scizor
|-boost|p2a: Scizor|atk|2
|move|p1a: anti british wall|Salt Cure|p2a: Scizor
|-resisted|p2a: Scizor
|-damage|p2a: Scizor|62/100
|-start|p2a: Scizor|Salt Cure
|
|-damage|p2a: Scizor|37/100|[from] Salt Cure
|upkeep
|turn|24
|
|t:|1743796945
|move|p1a: anti british wall|Protect|p1a: anti british wall
|-singleturn|p1a: anti british wall|Protect
|move|p2a: Scizor|Bullet Punch|p1a: anti british wall
|-activate|p1a: anti british wall|move: Protect
|
|-damage|p2a: Scizor|12/100|[from] Salt Cure
|upkeep
|turn|25
|
|t:|1743796949
|switch|p1a: ace eater|Iron Treads|87/100
|move|p2a: Scizor|Bullet Punch|p1a: ace eater
|-resisted|p1a: ace eater
|-damage|p1a: ace eater|32/100
|-damage|p2a: Scizor|2/100|[from] item: Life Orb
|
|-heal|p1a: ace eater|38/100|[from] item: Leftovers
|-damage|p2a: Scizor|0 fnt|[from] Salt Cure
|faint|p2a: Scizor
|upkeep
|
|t:|1743796961
|switch|p2a: Torkoal|Torkoal, F|100/100
|-weather|SunnyDay|[from] ability: Drought|[of] p2a: Torkoal
|turn|26
|
|t:|1743796971
|move|p1a: ace eater|Volt Switch|p2a: Torkoal
|-damage|p2a: Torkoal|86/100
|
|t:|1743796973
|-end|p1a: ace eater|Quark Drive|[silent]
|switch|p1a: big poo|Raging Bolt|43/100|[from] Volt Switch
|-activate|p1a: big poo|ability: Protosynthesis
|-start|p1a: big poo|protosynthesisspa
|move|p2a: Torkoal|Rapid Spin|p1a: big poo
|-damage|p1a: big poo|33/100
|-boost|p2a: Torkoal|spe|1
|-sideend|p2: Uvah|Spikes|[from] move: Rapid Spin|[of] p2a: Torkoal
|
|-weather|SunnyDay|[upkeep]
|upkeep
|turn|27
|
|t:|1743796995
|switch|p2a: Pachirisu|Pachirisu, M|76/100
|move|p1a: big poo|Dragon Pulse|p2a: Pachirisu
|-damage|p2a: Pachirisu|11/100
|
|-weather|SunnyDay|[upkeep]
|upkeep
|turn|28
|
|t:|1743797004
|move|p2a: Pachirisu|U-turn|p1a: big poo
|-damage|p1a: big poo|26/100
|
|t:|1743797007
|switch|p2a: Corviknight|Corviknight, M|98/100|[from] U-turn
|move|p1a: big poo|Dragon Pulse|p2a: Corviknight
|-resisted|p2a: Corviknight
|-damage|p2a: Corviknight|64/100
|
|-weather|SunnyDay|[upkeep]
|upkeep
|turn|29
|
|t:|1743797026
|move|p1a: big poo|Dragon Pulse|p2a: Corviknight
|-resisted|p2a: Corviknight
|-damage|p2a: Corviknight|29/100
|move|p2a: Corviknight|Body Press|p1a: big poo
|-damage|p1a: big poo|0 fnt
|faint|p1a: big poo
|-end|p1a: big poo|Protosynthesis|[silent]
|
|-weather|SunnyDay|[upkeep]
|upkeep
|
|t:|1743797044
|switch|p1a: anti british wall|Garganacl, F|100/100
|turn|30
|
|t:|1743797049
|move|p2a: Corviknight|Roost|p2a: Corviknight
|-heal|p2a: Corviknight|79/100
|-singleturn|p2a: Corviknight|move: Roost
|move|p1a: anti british wall|Salt Cure|p2a: Corviknight
|-resisted|p2a: Corviknight
|-damage|p2a: Corviknight|75/100
|-start|p2a: Corviknight|Salt Cure
|
|-weather|none
|-damage|p2a: Corviknight|50/100|[from] Salt Cure
|upkeep
|turn|31
|
|t:|1743797054
|move|p2a: Corviknight|Roost|p2a: Corviknight
|-heal|p2a: Corviknight|99/100
|-singleturn|p2a: Corviknight|move: Roost
|move|p1a: anti british wall|Salt Cure|p2a: Corviknight
|-resisted|p2a: Corviknight
|-damage|p2a: Corviknight|96/100
|
|-damage|p2a: Corviknight|71/100|[from] Salt Cure
|upkeep
|turn|32
|
|t:|1743797069
|switch|p2a: Torkoal|Torkoal, F|86/100
|-weather|SunnyDay|[from] ability: Drought|[of] p2a: Torkoal
|move|p1a: anti british wall|Salt Cure|p2a: Torkoal
|-supereffective|p2a: Torkoal
|-damage|p2a: Torkoal|69/100
|-start|p2a: Torkoal|Salt Cure
|
|-weather|SunnyDay|[upkeep]
|-damage|p2a: Torkoal|57/100|[from] Salt Cure
|upkeep
|turn|33
|
|t:|1743797076
|move|p1a: anti british wall|Stealth Rock|p2a: Torkoal
|-sidestart|p2: Uvah|move: Stealth Rock
|move|p2a: Torkoal|Earthquake|p1a: anti british wall
|-supereffective|p1a: anti british wall
|-damage|p1a: anti british wall|79/100
|
|-weather|SunnyDay|[upkeep]
|-heal|p1a: anti british wall|85/100|[from] item: Leftovers
|-damage|p2a: Torkoal|45/100|[from] Salt Cure
|upkeep
|turn|34
|
|t:|1743797081
|move|p1a: anti british wall|Salt Cure|p2a: Torkoal
|-supereffective|p2a: Torkoal
|-damage|p2a: Torkoal|27/100
|move|p2a: Torkoal|Rapid Spin|p1a: anti british wall
|-resisted|p1a: anti british wall
|-damage|p1a: anti british wall|82/100
|-boost|p2a: Torkoal|spe|1
|-sideend|p2: Uvah|Stealth Rock|[from] move: Rapid Spin|[of] p2a: Torkoal
|
|-weather|SunnyDay|[upkeep]
|-heal|p1a: anti british wall|88/100|[from] item: Leftovers
|-damage|p2a: Torkoal|15/100|[from] Salt Cure
|upkeep
|turn|35
|
|t:|1743797087
|move|p1a: anti british wall|Salt Cure|p2a: Torkoal
|-supereffective|p2a: Torkoal
|-damage|p2a: Torkoal|0 fnt
|faint|p2a: Torkoal
|
|-weather|SunnyDay|[upkeep]
|-heal|p1a: anti british wall|95/100|[from] item: Leftovers
|upkeep
|
|t:|1743797090
|switch|p2a: Raging Bolt|Raging Bolt|100/100
|-activate|p2a: Raging Bolt|ability: Protosynthesis
|-start|p2a: Raging Bolt|protosynthesisspa
|turn|36
|
|t:|1743797094
|switch|p1a: egg baby|Blissey, F|91/100
|move|p2a: Raging Bolt|Calm Mind|p2a: Raging Bolt
|-boost|p2a: Raging Bolt|spa|1
|-boost|p2a: Raging Bolt|spd|1
|
|-weather|none
|-end|p2a: Raging Bolt|Protosynthesis
|-heal|p1a: egg baby|97/100|[from] item: Leftovers
|upkeep
|turn|37
|
|t:|1743797100
|move|p2a: Raging Bolt|Calm Mind|p2a: Raging Bolt
|-boost|p2a: Raging Bolt|spa|1
|-boost|p2a: Raging Bolt|spd|1
|move|p1a: egg baby|Calm Mind|p1a: egg baby
|-boost|p1a: egg baby|spa|1
|-boost|p1a: egg baby|spd|1
|
|-heal|p1a: egg baby|100/100|[from] item: Leftovers
|upkeep
|turn|38
|
|t:|1743797106
|-end|p2a: Raging Bolt|Protosynthesis|[silent]
|switch|p2a: Corviknight|Corviknight, M|71/100
|move|p1a: egg baby|Ice Beam|p2a: Corviknight
|-damage|p2a: Corviknight|36/100
|
|upkeep
|turn|39
|
|t:|1743797113
|switch|p1a: that bird tht i h8|Dragapult, F|26/100
|move|p2a: Corviknight|Body Press|p1a: that bird tht i h8
|-immune|p1a: that bird tht i h8
|
|upkeep
|turn|40
|
|t:|1743797126
|switch|p2a: Pachirisu|Pachirisu, M|11/100
|move|p1a: that bird tht i h8|Will-O-Wisp|p2a: Pachirisu
|-status|p2a: Pachirisu|brn
|
|-damage|p2a: Pachirisu|5/100 brn|[from] brn
|upkeep
|turn|41
|
|t:|1743797133
|move|p1a: that bird tht i h8|Dragon Darts|p2a: Pachirisu
|-damage|p2a: Pachirisu|0 fnt
|faint|p2a: Pachirisu
|
|upkeep
|
|t:|1743797151
|switch|p2a: Typhlosion|Typhlosion, F|100/100
|turn|42
|
|t:|1743797158
|move|p1a: that bird tht i h8|Dragon Darts|p2a: Typhlosion
|-damage|p2a: Typhlosion|72/100
|-anim|p1a: that bird tht i h8|Dragon Darts|p2a: Typhlosion
|-damage|p2a: Typhlosion|42/100
|move|p2a: Typhlosion|Shadow Ball|p1a: that bird tht i h8
|-supereffective|p1a: that bird tht i h8
|-damage|p1a: that bird tht i h8|0 fnt
|faint|p1a: that bird tht i h8
|
|upkeep
|
|t:|1743797166
|switch|p1a: egg baby|Blissey, F|100/100
|turn|43
|
|t:|1743797169
|switch|p2a: Corviknight|Corviknight, M|36/100
|move|p1a: egg baby|Calm Mind|p1a: egg baby
|-boost|p1a: egg baby|spa|1
|-boost|p1a: egg baby|spd|1
|
|upkeep
|turn|44
|
|t:|1743797174
|switch|p1a: anti british wall|Garganacl, F|95/100
|move|p2a: Corviknight|Roost|p2a: Corviknight
|-heal|p2a: Corviknight|86/100
|-singleturn|p2a: Corviknight|move: Roost
|
|-heal|p1a: anti british wall|100/100|[from] item: Leftovers
|upkeep
|turn|45
|
|t:|1743797181
|move|p2a: Corviknight|Body Press|p1a: anti british wall
|-supereffective|p1a: anti british wall
|-damage|p1a: anti british wall|74/100
|move|p1a: anti british wall|Salt Cure|p2a: Corviknight
|-damage|p2a: Corviknight|78/100
|-start|p2a: Corviknight|Salt Cure
|
|-heal|p1a: anti british wall|80/100|[from] item: Leftovers
|-damage|p2a: Corviknight|53/100|[from] Salt Cure
|upkeep
|turn|46
|
|t:|1743797186
|move|p2a: Corviknight|Roost|p2a: Corviknight
|-heal|p2a: Corviknight|100/100
|-singleturn|p2a: Corviknight|move: Roost
|move|p1a: anti british wall|Stealth Rock|p2a: Corviknight
|-sidestart|p2: Uvah|move: Stealth Rock
|
|-heal|p1a: anti british wall|86/100|[from] item: Leftovers
|-damage|p2a: Corviknight|75/100|[from] Salt Cure
|upkeep
|turn|47
|
|t:|1743797193
|switch|p1a: chud|Gliscor, F|100/100 tox
|move|p2a: Corviknight|Defog|p1a: chud
|-unboost|p1a: chud|evasion|1
|-sideend|p2: Uvah|Stealth Rock|[from] move: Defog|[of] p2a: Corviknight
|
|-damage|p2a: Corviknight|50/100|[from] Salt Cure
|upkeep
|turn|48
|
|t:|1743797201
|move|p1a: chud|Spikes|p2a: Corviknight
|-sidestart|p2: Uvah|Spikes
|move|p2a: Corviknight|Roost|p2a: Corviknight
|-heal|p2a: Corviknight|100/100
|-singleturn|p2a: Corviknight|move: Roost
|
|-damage|p2a: Corviknight|75/100|[from] Salt Cure
|upkeep
|turn|49
|
|t:|1743797216
|switch|p2a: Typhlosion|Typhlosion, F|42/100
|-damage|p2a: Typhlosion|29/100|[from] Spikes
|move|p1a: chud|Spikes|p2a: Typhlosion
|-sidestart|p2: Uvah|Spikes
|
|upkeep
|turn|50
|
|t:|1743797225
|switch|p1a: egg baby|Blissey, F|100/100
|move|p2a: Typhlosion|Fire Blast|p1a: egg baby
|-crit|p1a: egg baby
|-damage|p1a: egg baby|58/100
|
|-heal|p1a: egg baby|64/100|[from] item: Leftovers
|upkeep
|turn|51
|
|t:|1743797232
|move|p2a: Typhlosion|Fire Blast|p1a: egg baby
|-damage|p1a: egg baby|36/100
|move|p1a: egg baby|Thunderbolt|p2a: Typhlosion
|-damage|p2a: Typhlosion|0 fnt
|faint|p2a: Typhlosion
|
|-heal|p1a: egg baby|42/100|[from] item: Leftovers
|upkeep
|
|t:|1743797242
|switch|p2a: Corviknight|Corviknight, M|75/100
|turn|52
|
|t:|1743797247
|switch|p1a: anti british wall|Garganacl, F|86/100
|move|p2a: Corviknight|Body Press|p1a: anti british wall
|-supereffective|p1a: anti british wall
|-damage|p1a: anti british wall|58/100
|
|-heal|p1a: anti british wall|65/100|[from] item: Leftovers
|upkeep
|turn|53
|
|t:|1743797252
|move|p2a: Corviknight|Defog|p1a: anti british wall
|-unboost|p1a: anti british wall|evasion|1
|-sideend|p2: Uvah|Spikes|[from] move: Defog|[of] p2a: Corviknight
|move|p1a: anti british wall|Salt Cure|p2a: Corviknight
|-damage|p2a: Corviknight|67/100
|-start|p2a: Corviknight|Salt Cure
|
|-heal|p1a: anti british wall|71/100|[from] item: Leftovers
|-damage|p2a: Corviknight|42/100|[from] Salt Cure
|upkeep
|turn|54
|
|t:|1743797261
|move|p1a: anti british wall|Protect|p1a: anti british wall
|-singleturn|p1a: anti british wall|Protect
|move|p2a: Corviknight|Body Press|p1a: anti british wall
|-activate|p1a: anti british wall|move: Protect
|
|-heal|p1a: anti british wall|77/100|[from] item: Leftovers
|-damage|p2a: Corviknight|17/100|[from] Salt Cure
|upkeep
|turn|55
|
|t:|1743797266
|move|p2a: Corviknight|Brave Bird|p1a: anti british wall
|-resisted|p1a: anti british wall
|-damage|p1a: anti british wall|67/100
|-damage|p2a: Corviknight|14/100|[from] Recoil
|move|p1a: anti british wall|Salt Cure|p2a: Corviknight
|-damage|p2a: Corviknight|5/100
|
|-heal|p1a: anti british wall|73/100|[from] item: Leftovers
|-damage|p2a: Corviknight|0 fnt|[from] Salt Cure
|faint|p2a: Corviknight
|upkeep
|
|t:|1743797272
|switch|p2a: Raging Bolt|Raging Bolt|100/100
|turn|56
|
|t:|1743797276
|switch|p1a: egg baby|Blissey, F|42/100
|move|p2a: Raging Bolt|Calm Mind|p2a: Raging Bolt
|-boost|p2a: Raging Bolt|spa|1
|-boost|p2a: Raging Bolt|spd|1
|
|-heal|p1a: egg baby|48/100|[from] item: Leftovers
|upkeep
|turn|57
|
|t:|1743797282
|move|p2a: Raging Bolt|Thunderbolt|p1a: egg baby
|-damage|p1a: egg baby|20/100
|move|p1a: egg baby|Soft-Boiled|p1a: egg baby
|-heal|p1a: egg baby|70/100
|
|-heal|p1a: egg baby|76/100|[from] item: Leftovers
|upkeep
|turn|58
|
|t:|1743797286
|move|p2a: Raging Bolt|Calm Mind|p2a: Raging Bolt
|-boost|p2a: Raging Bolt|spa|1
|-boost|p2a: Raging Bolt|spd|1
|move|p1a: egg baby|Calm Mind|p1a: egg baby
|-boost|p1a: egg baby|spa|1
|-boost|p1a: egg baby|spd|1
|
|-heal|p1a: egg baby|82/100|[from] item: Leftovers
|upkeep
|turn|59
|-message|Uvah forfeited.
|
|win|Impostorlol
|raw|Impostorlol's rating: 1197 &rarr; <strong>1222</strong><br />(+25 for winning)
|raw|Uvah's rating: 1203 &rarr; <strong>1178</strong><br />(-25 for losing)
|l|‽Uvah
|player|p2|
|l|☆Impostorlol
|player|p1|
