|j|☆hardwoodfanatic
|j|☆THRZ_Dayy
|t:|1743901679
|gametype|singles
|player|p1|hardwoodfanatic|hiker-gen4|1649
|player|p2|THRZ_Dayy|janitor|1678
|teamsize|p1|6
|teamsize|p2|6
|gen|9
|tier|[Gen 9] OU
|rated|
|rule|HP Percentage Mod: HP is shown in percentages
|rule|Endless Battle Clause: Forcing endless battles is banned
|rule|Species Clause: Limit one of each Pokémon
|rule|OHKO Clause: OHKO moves are banned
|rule|Evasion Items Clause: Evasion items are banned
|rule|Evasion Moves Clause: Evasion moves are banned
|rule|Sleep Moves Clause: Sleep-inducing moves are banned
|clearpoke
|poke|p1|Iron Crown|
|poke|p1|Zamazenta-*|
|poke|p1|Ting-Lu|
|poke|p1|Tinkaton, F|
|poke|p1|Gholdengo|
|poke|p1|Iron Valiant|
|poke|p2|Hippowdon, M|
|poke|p2|Garganacl, M|
|poke|p2|Gholdengo|
|poke|p2|Hatterene, F|
|poke|p2|Excadrill, M|
|poke|p2|Ogerpon-Wellspring, F|
|teampreview
|inactive|Battle timer is ON: inactive players will automatically lose when time's up. (requested by hardwoodfanatic)
|
|t:|1743901695
|start
|switch|p1a: Tinkaton|Tinkaton, F|100/100
|switch|p2a: On my wrist|Ogerpon-Wellspring, F|100/100
|-item|p1a: Tinkaton|Air Balloon
|turn|1
|
|t:|1743901697
|move|p2a: On my wrist|U-turn|p1a: Tinkaton
|-resisted|p1a: Tinkaton
|-damage|p1a: Tinkaton|92/100
|-enditem|p1a: Tinkaton|Air Balloon
|
|t:|1743901702
|switch|p2a: Diamonds Tucked|Hippowdon, M|100/100|[from] U-turn
|-weather|Sandstorm|[from] ability: Sand Stream|[of] p2a: Diamonds Tucked
|move|p1a: Tinkaton|Stealth Rock|p2a: Diamonds Tucked
|-sidestart|p2: THRZ_Dayy|move: Stealth Rock
|
|-weather|Sandstorm|[upkeep]
|upkeep
|turn|2
|
|t:|1743901705
|move|p1a: Tinkaton|Knock Off|p2a: Diamonds Tucked
|-damage|p2a: Diamonds Tucked|91/100
|-damage|p1a: Tinkaton|76/100|[from] item: Rocky Helmet|[of] p2a: Diamonds Tucked
|-enditem|p2a: Diamonds Tucked|Rocky Helmet|[from] move: Knock Off|[of] p1a: Tinkaton
|move|p2a: Diamonds Tucked|Stealth Rock|p1a: Tinkaton
|-sidestart|p1: hardwoodfanatic|move: Stealth Rock
|
|-weather|Sandstorm|[upkeep]
|upkeep
|turn|3
|
|t:|1743901710
|move|p1a: Tinkaton|Encore|p2a: Diamonds Tucked
|-start|p2a: Diamonds Tucked|Encore
|move|p2a: Diamonds Tucked|Stealth Rock||[still]
|-fail|p2a: Diamonds Tucked
|
|-weather|Sandstorm|[upkeep]
|upkeep
|turn|4
|
|t:|1743901716
|move|p1a: Tinkaton|Knock Off|p2a: Diamonds Tucked
|-damage|p2a: Diamonds Tucked|85/100
|move|p2a: Diamonds Tucked|Stealth Rock||[still]
|-fail|p2a: Diamonds Tucked
|
|-weather|Sandstorm|[upkeep]
|upkeep
|turn|5
|
|t:|1743901720
|move|p1a: Tinkaton|Knock Off|p2a: Diamonds Tucked
|-damage|p2a: Diamonds Tucked|79/100
|move|p2a: Diamonds Tucked|Stealth Rock||[still]
|-fail|p2a: Diamonds Tucked
|
|-weather|none
|-end|p2a: Diamonds Tucked|Encore
|upkeep
|turn|6
|
|t:|1743901724
|switch|p2a: On my wrist|Ogerpon-Wellspring, F|100/100
|-damage|p2a: On my wrist|88/100|[from] Stealth Rock
|move|p1a: Tinkaton|Encore||[still]
|-fail|p1a: Tinkaton
|
|upkeep
|turn|7
|
|t:|1743901728
|move|p2a: On my wrist|Ivy Cudgel|p1a: Tinkaton|[anim] Ivy Cudgel Water
|-damage|p1a: Tinkaton|5/100
|move|p1a: Tinkaton|Gigaton Hammer|p2a: On my wrist
|-resisted|p2a: On my wrist
|-damage|p2a: On my wrist|59/100
|
|upkeep
|turn|8
|
|t:|1743901732
|move|p2a: On my wrist|Knock Off|p1a: Tinkaton
|-resisted|p1a: Tinkaton
|-damage|p1a: Tinkaton|0 fnt
|faint|p1a: Tinkaton
|
|upkeep
|
|t:|1743901746
|switch|p1a: Iron Valiant|Iron Valiant|100/100
|-damage|p1a: Iron Valiant|95/100|[from] Stealth Rock
|-enditem|p1a: Iron Valiant|Booster Energy
|-activate|p1a: Iron Valiant|ability: Quark Drive|[fromitem]
|-start|p1a: Iron Valiant|quarkdriveatk
|turn|9
|
|t:|1743901759
|move|p1a: Iron Valiant|Close Combat|p2a: On my wrist
|-damage|p2a: On my wrist|0 fnt
|-unboost|p1a: Iron Valiant|def|1
|-unboost|p1a: Iron Valiant|spd|1
|faint|p2a: On my wrist
|
|upkeep
|
|t:|1743901770
|switch|p2a: Diamonds Tucked|Hippowdon, M|79/100
|-damage|p2a: Diamonds Tucked|72/100|[from] Stealth Rock
|-weather|Sandstorm|[from] ability: Sand Stream|[of] p2a: Diamonds Tucked
|turn|10
|
|t:|1743901773
|move|p1a: Iron Valiant|Ice Punch|p2a: Diamonds Tucked
|-supereffective|p2a: Diamonds Tucked
|-damage|p2a: Diamonds Tucked|35/100
|move|p2a: Diamonds Tucked|Earthquake|p1a: Iron Valiant
|-damage|p1a: Iron Valiant|29/100
|
|-weather|Sandstorm|[upkeep]
|-damage|p1a: Iron Valiant|23/100|[from] Sandstorm
|upkeep
|turn|11
|
|t:|1743901785
|move|p1a: Iron Valiant|Close Combat|p2a: Diamonds Tucked
|-crit|p2a: Diamonds Tucked
|-damage|p2a: Diamonds Tucked|0 fnt
|-unboost|p1a: Iron Valiant|def|1
|-unboost|p1a: Iron Valiant|spd|1
|faint|p2a: Diamonds Tucked
|
|-weather|Sandstorm|[upkeep]
|-damage|p1a: Iron Valiant|17/100|[from] Sandstorm
|upkeep
|
|t:|1743901788
|switch|p2a: Spin ona ghost|Excadrill, M|100/100
|-damage|p2a: Spin ona ghost|97/100|[from] Stealth Rock
|-item|p2a: Spin ona ghost|Air Balloon
|turn|12
|
|t:|1743901792
|move|p2a: Spin ona ghost|Earthquake|p1a: Iron Valiant
|-damage|p1a: Iron Valiant|0 fnt
|faint|p1a: Iron Valiant
|-end|p1a: Iron Valiant|Quark Drive|[silent]
|
|-weather|Sandstorm|[upkeep]
|upkeep
|
|t:|1743901797
|switch|p1a: Ting-Lu|Ting-Lu|100/100
|-damage|p1a: Ting-Lu|94/100|[from] Stealth Rock
|-ability|p1a: Ting-Lu|Vessel of Ruin
|turn|13
|
|t:|1743901800
|move|p2a: Spin ona ghost|Iron Head|p1a: Ting-Lu
|-damage|p1a: Ting-Lu|70/100
|-damage|p2a: Spin ona ghost|81/100|[from] item: Rocky Helmet|[of] p1a: Ting-Lu
|move|p1a: Ting-Lu|Ruination|p2a: Spin ona ghost
|-damage|p2a: Spin ona ghost|41/100
|-enditem|p2a: Spin ona ghost|Air Balloon
|
|-weather|Sandstorm|[upkeep]
|upkeep
|turn|14
|
|t:|1743901806
|move|p2a: Spin ona ghost|Rapid Spin|p1a: Ting-Lu
|-damage|p1a: Ting-Lu|60/100
|-boost|p2a: Spin ona ghost|spe|1
|-damage|p2a: Spin ona ghost|24/100|[from] item: Rocky Helmet|[of] p1a: Ting-Lu
|-sideend|p2: THRZ_Dayy|Stealth Rock|[from] move: Rapid Spin|[of] p2a: Spin ona ghost
|move|p1a: Ting-Lu|Earthquake|p2a: Spin ona ghost
|-supereffective|p2a: Spin ona ghost
|-damage|p2a: Spin ona ghost|0 fnt
|faint|p2a: Spin ona ghost
|
|-weather|none
|upkeep
|
|t:|1743901814
|switch|p2a: Don't want ur swag|Hatterene, F|100/100
|turn|15
|
|t:|1743901817
|move|p1a: Ting-Lu|Ruination|p2a: Don't want ur swag
|-damage|p2a: Don't want ur swag|51/100
|move|p2a: Don't want ur swag|Draining Kiss|p1a: Ting-Lu
|-supereffective|p1a: Ting-Lu
|-damage|p1a: Ting-Lu|36/100
|-heal|p2a: Don't want ur swag|80/100|[from] drain|[of] p1a: Ting-Lu
|-damage|p2a: Don't want ur swag|63/100|[from] item: Rocky Helmet|[of] p1a: Ting-Lu
|
|upkeep
|turn|16
|
|t:|1743901825
|move|p1a: Ting-Lu|Earthquake|p2a: Don't want ur swag
|-crit|p2a: Don't want ur swag
|-damage|p2a: Don't want ur swag|0 fnt
|faint|p2a: Don't want ur swag
|
|upkeep
|
|t:|1743901829
|switch|p2a: In the cut|Garganacl, M|100/100
|turn|17
|
|t:|1743901833
|-terastallize|p2a: In the cut|Bug
|move|p2a: In the cut|Curse|p2a: In the cut
|-unboost|p2a: In the cut|spe|1
|-boost|p2a: In the cut|atk|1
|-boost|p2a: In the cut|def|1
|move|p1a: Ting-Lu|Whirlwind|p2a: In the cut
|drag|p2a: Fly as a kite|Gholdengo|100/100
|-item|p2a: Fly as a kite|Air Balloon
|
|upkeep
|turn|18
|
|t:|1743901836
|move|p2a: Fly as a kite|Make It Rain|p1a: Ting-Lu
|-damage|p1a: Ting-Lu|14/100
|-unboost|p2a: Fly as a kite|spa|1
|move|p1a: Ting-Lu|Ruination|p2a: Fly as a kite
|-damage|p2a: Fly as a kite|51/100
|-enditem|p2a: Fly as a kite|Air Balloon
|
|upkeep
|turn|19
|
|t:|1743901843
|move|p2a: Fly as a kite|Nasty Plot|p2a: Fly as a kite
|-boost|p2a: Fly as a kite|spa|2
|move|p1a: Ting-Lu|Earthquake|p2a: Fly as a kite
|-supereffective|p2a: Fly as a kite
|-damage|p2a: Fly as a kite|0 fnt
|faint|p2a: Fly as a kite
|
|upkeep
|
|t:|1743901845
|switch|p2a: In the cut|Garganacl, M, tera:Bug|100/100
|turn|20
|
|t:|1743901846
|move|p1a: Ting-Lu|Ruination|p2a: In the cut
|-damage|p2a: In the cut|50/100
|move|p2a: In the cut|Curse|p2a: In the cut
|-unboost|p2a: In the cut|spe|1
|-boost|p2a: In the cut|atk|1
|-boost|p2a: In the cut|def|1
|
|-heal|p2a: In the cut|57/100|[from] item: Leftovers
|upkeep
|turn|21
|
|t:|1743901849
|switch|p1a: Iron Crown|Iron Crown|100/100
|-damage|p1a: Iron Crown|94/100|[from] Stealth Rock
|-enditem|p1a: Iron Crown|Booster Energy
|-activate|p1a: Iron Crown|ability: Quark Drive|[fromitem]
|-start|p1a: Iron Crown|quarkdrivespa
|move|p2a: In the cut|Curse|p2a: In the cut
|-unboost|p2a: In the cut|spe|1
|-boost|p2a: In the cut|atk|1
|-boost|p2a: In the cut|def|1
|
|-heal|p2a: In the cut|63/100|[from] item: Leftovers
|upkeep
|turn|22
|
|t:|1743901856
|-terastallize|p1a: Iron Crown|Fighting
|move|p1a: Iron Crown|Calm Mind|p1a: Iron Crown
|-boost|p1a: Iron Crown|spa|1
|-boost|p1a: Iron Crown|spd|1
|move|p2a: In the cut|Salt Cure|p1a: Iron Crown
|-resisted|p1a: Iron Crown
|-damage|p1a: Iron Crown|79/100
|-start|p1a: Iron Crown|Salt Cure
|
|-heal|p2a: In the cut|69/100|[from] item: Leftovers
|-damage|p1a: Iron Crown|67/100|[from] Salt Cure
|upkeep
|turn|23
|
|t:|1743901861
|move|p1a: Iron Crown|Tachyon Cutter|p2a: In the cut
|-damage|p2a: In the cut|37/100
|-damage|p2a: In the cut|6/100
|-hitcount|p2a: In the cut|2
|move|p2a: In the cut|Recover|p2a: In the cut
|-heal|p2a: In the cut|56/100
|
|-heal|p2a: In the cut|62/100|[from] item: Leftovers
|-damage|p1a: Iron Crown|54/100|[from] Salt Cure
|upkeep
|turn|24
|
|t:|1743901868
|move|p1a: Iron Crown|Tachyon Cutter|p2a: In the cut
|-damage|p2a: In the cut|26/100
|-damage|p2a: In the cut|0 fnt
|faint|p2a: In the cut
|-hitcount|p2: In the cut|2
|
|win|hardwoodfanatic
|raw|hardwoodfanatic's rating: 1649 &rarr; <strong>1671</strong><br />(+22 for winning)
|raw|THRZ_Dayy's rating: 1678 &rarr; <strong>1656</strong><br />(-22 for losing)
|l|☆THRZ_Dayy
|player|p2|
|l|☆hardwoodfanatic
|player|p1|
