|j|☆aex27
|j|☆Erizz8964
|t:|1743808274
|gametype|singles
|player|p1|aex27|cynthia-gen4|1292
|player|p2|Erizz8964|veteran|1356
|teamsize|p1|6
|teamsize|p2|6
|gen|9
|tier|[Gen 9] OU
|rated|
|rule|HP Percentage Mod: HP is shown in percentages
|rule|Endless Battle Clause: Forcing endless battles is banned
|rule|Species Clause: Limit one of each Pokémon
|rule|OHKO Clause: OHKO moves are banned
|rule|Evasion Items Clause: Evasion items are banned
|rule|Evasion Moves Clause: Evasion moves are banned
|rule|Sleep Moves Clause: Sleep-inducing moves are banned
|clearpoke
|poke|p1|Serperior, M|
|poke|p1|Enamorus, F|
|poke|p1|Ribombee, F|
|poke|p1|Gholdengo|
|poke|p1|Landorus-Therian, M|
|poke|p1|Weavile, M|
|poke|p2|Kingambit, F|
|poke|p2|Ursaluna, F|
|poke|p2|Raging Bolt|
|poke|p2|Gholdengo|
|poke|p2|Dragapult, F|
|poke|p2|Araquanid, M|
|teampreview
|inactive|Battle timer is ON: inactive players will automatically lose when time's up. (requested by aex27)
|
|t:|1743808301
|start
|switch|p1a: Ribombee|Ribombee, F|100/100
|switch|p2a: Spider Man|Araquanid, M|100/100
|turn|1
|
|t:|1743808313
|move|p1a: Ribombee|Sticky Web|p2a: Spider Man
|-sidestart|p2: Erizz8964|move: Sticky Web
|move|p2a: Spider Man|Sticky Web|p1a: Ribombee
|-sidestart|p1: aex27|move: Sticky Web
|
|upkeep
|turn|2
|
|t:|1743808317
|move|p1a: Ribombee|Stun Spore|p2a: Spider Man
|-status|p2a: Spider Man|par
|cant|p2a: Spider Man|par
|
|upkeep
|turn|3
|
|t:|1743808322
|move|p1a: Ribombee|Moonblast|p2a: Spider Man
|-damage|p2a: Spider Man|68/100 par
|move|p2a: Spider Man|Liquidation|p1a: Ribombee
|-enditem|p1a: Ribombee|Focus Sash
|-damage|p1a: Ribombee|1/100
|
|upkeep
|turn|4
|
|t:|1743808328
|move|p1a: Ribombee|Moonblast|p2a: Spider Man
|-damage|p2a: Spider Man|38/100 par
|move|p2a: Spider Man|Liquidation|p1a: Ribombee
|-damage|p1a: Ribombee|0 fnt
|faint|p1a: Ribombee
|
|upkeep
|
|t:|1743808335
|switch|p1a: Landorus|Landorus-Therian, M|100/100
|-ability|p1a: Landorus|Intimidate|boost
|-unboost|p2a: Spider Man|atk|1
|turn|5
|
|t:|1743808338
|move|p1a: Landorus|Stealth Rock|p2a: Spider Man
|-sidestart|p2: Erizz8964|move: Stealth Rock
|move|p2a: Spider Man|Liquidation|p1a: Landorus
|-supereffective|p1a: Landorus
|-damage|p1a: Landorus|19/100
|-damage|p2a: Spider Man|21/100 par|[from] item: Rocky Helmet|[of] p1a: Landorus
|
|upkeep
|turn|6
|
|t:|1743808344
|move|p1a: Landorus|Taunt|p2a: Spider Man
|-start|p2a: Spider Man|move: Taunt
|move|p2a: Spider Man|Liquidation|p1a: Landorus
|-supereffective|p1a: Landorus
|-damage|p1a: Landorus|0 fnt
|-damage|p2a: Spider Man|5/100 par|[from] item: Rocky Helmet|[of] p1a: Landorus
|faint|p1a: Landorus
|
|upkeep
|
|t:|1743808356
|switch|p1a: Serperior|Serperior, M|100/100
|-activate|p1a: Serperior|move: Sticky Web
|-boost|p1a: Serperior|spe|1
|turn|7
|
|t:|1743808360
|move|p1a: Serperior|Leaf Storm|p2a: Spider Man
|-damage|p2a: Spider Man|0 fnt
|-boost|p1a: Serperior|spa|2
|faint|p2a: Spider Man
|
|upkeep
|
|t:|1743808368
|switch|p2a: Ghost Busters|Dragapult, F|100/100
|-activate|p2a: Ghost Busters|move: Sticky Web
|-unboost|p2a: Ghost Busters|spe|1
|-damage|p2a: Ghost Busters|88/100|[from] Stealth Rock
|turn|8
|
|t:|1743808376
|move|p1a: Serperior|Leaf Storm|p2a: Ghost Busters
|-resisted|p2a: Ghost Busters
|-damage|p2a: Ghost Busters|0 fnt
|-boost|p1a: Serperior|spa|2
|faint|p2a: Ghost Busters
|
|upkeep
|
|t:|1743808400
|switch|p2a: Giraffe|Raging Bolt|100/100
|-activate|p2a: Giraffe|move: Sticky Web
|-unboost|p2a: Giraffe|spe|1
|-damage|p2a: Giraffe|88/100|[from] Stealth Rock
|-enditem|p2a: Giraffe|Booster Energy
|-activate|p2a: Giraffe|ability: Protosynthesis|[fromitem]
|-start|p2a: Giraffe|protosynthesisspa
|turn|9
|
|t:|1743808407
|move|p1a: Serperior|Leaf Storm|p2a: Giraffe
|-resisted|p2a: Giraffe
|-damage|p2a: Giraffe|0 fnt
|-boost|p1a: Serperior|spa|2
|faint|p2a: Giraffe
|-end|p2a: Giraffe|Protosynthesis|[silent]
|
|upkeep
|
|t:|1743808413
|switch|p2a: Cheese Stick|Gholdengo|100/100
|-damage|p2a: Cheese Stick|94/100|[from] Stealth Rock
|-item|p2a: Cheese Stick|Air Balloon
|turn|10
|
|t:|1743808418
|move|p1a: Serperior|Leaf Storm|p2a: Cheese Stick
|-resisted|p2a: Cheese Stick
|-damage|p2a: Cheese Stick|0 fnt
|-enditem|p2a: Cheese Stick|Air Balloon
|faint|p2a: Cheese Stick
|
|upkeep
|-message|Erizz8964 forfeited.
|
|win|aex27
|raw|aex27's rating: 1292 &rarr; <strong>1322</strong><br />(+30 for winning)
|raw|Erizz8964's rating: 1356 &rarr; <strong>1332</strong><br />(-24 for losing)
|l|☆Erizz8964
|player|p2|
