|j|☆R10Luke
|j|☆LT02
|t:|1743832895
|gametype|singles
|player|p1|R10Luke|riley|1150
|player|p2|LT02|265|1171
|teamsize|p1|6
|teamsize|p2|6
|gen|9
|tier|[Gen 9] OU
|rated|
|rule|HP Percentage Mod: HP is shown in percentages
|rule|Endless Battle Clause: Forcing endless battles is banned
|rule|Species Clause: Limit one of each Pokémon
|rule|OHKO Clause: OHKO moves are banned
|rule|Evasion Items Clause: Evasion items are banned
|rule|Evasion Moves Clause: Evasion moves are banned
|rule|Sleep Moves Clause: Sleep-inducing moves are banned
|clearpoke
|poke|p1|Toxapex, M|
|poke|p1|Lucario, M|
|poke|p1|Zoroark-Hisui, M|
|poke|p1|Salamence, M|
|poke|p1|Kilowattrel, F|
|poke|p1|Corviknight, F|
|poke|p2|Samurott-Hisui, F|
|poke|p2|Walking Wake|
|poke|p2|Meowscarada, F|
|poke|p2|Slowking-Galar, M|
|poke|p2|Great Tusk|
|poke|p2|Landorus-Therian, M|
|teampreview
|inactive|Battle timer is ON: inactive players will automatically lose when time's up. (requested by LT02)
|
|t:|1743832907
|start
|switch|p1a: Karasuno|Corviknight, F|100/100
|switch|p2a: Walking Wake|Walking Wake|100/100
|turn|1
|
|t:|1743832915
|move|p2a: Walking Wake|Scald|p1a: Karasuno
|-damage|p1a: Karasuno|64/100
|move|p1a: Karasuno|Brave Bird|p2a: Walking Wake
|-damage|p2a: Walking Wake|61/100
|-damage|p1a: Karasuno|52/100|[from] Recoil
|
|upkeep
|turn|2
|
|t:|1743832929
|move|p2a: Walking Wake|Scald|p1a: Karasuno
|-damage|p1a: Karasuno|19/100
|move|p1a: Karasuno|Roost|p1a: Karasuno
|-heal|p1a: Karasuno|69/100
|-singleturn|p1a: Karasuno|move: Roost
|
|upkeep
|turn|3
|
|t:|1743832935
|move|p2a: Walking Wake|Scald|p1a: Karasuno
|-damage|p1a: Karasuno|32/100
|-status|p1a: Karasuno|brn
|move|p1a: Karasuno|U-turn|p2a: Walking Wake
|-damage|p2a: Walking Wake|54/100
|
|t:|1743832944
|switch|p1a: Broly|Salamence, M|100/100|[from] U-turn
|
|upkeep
|turn|4
|
|t:|1743832948
|-terastallize|p1a: Broly|Steel
|move|p2a: Walking Wake|Draco Meteor|p1a: Broly
|-resisted|p1a: Broly
|-damage|p1a: Broly|61/100
|-unboost|p2a: Walking Wake|spa|2
|move|p1a: Broly|Dragon Dance|p1a: Broly
|-boost|p1a: Broly|atk|1
|-boost|p1a: Broly|spe|1
|
|upkeep
|turn|5
|
|t:|1743832958
|-end|p2a: Walking Wake|Protosynthesis|[silent]
|switch|p2a: Landorus|Landorus-Therian, M|100/100
|-ability|p2a: Landorus|Intimidate|boost
|-unboost|p1a: Broly|atk|1
|move|p1a: Broly|Earthquake|p2a: Landorus
|-immune|p2a: Landorus
|
|upkeep
|turn|6
|
|t:|1743832962
|move|p1a: Broly|Outrage|p2a: Landorus
|-damage|p2a: Landorus|29/100
|-damage|p1a: Broly|44/100|[from] item: Rocky Helmet|[of] p2a: Landorus
|move|p2a: Landorus|Earthquake|p1a: Broly
|-supereffective|p1a: Broly
|-damage|p1a: Broly|0 fnt
|faint|p1a: Broly
|
|upkeep
|
|t:|1743832983
|switch|p1a: Suijinheki|Toxapex, M|100/100
|turn|7
|
|t:|1743832994
|move|p1a: Suijinheki|Hyper Voice|p2a: Landorus
|-damage|p2a: Landorus|0 fnt
|faint|p2a: Landorus
|-damage|p1a: Suijinheki|91/100|[from] item: Life Orb
|
|upkeep
|
|t:|1743832998
|switch|p2a: Samurott|Samurott-Hisui, F|100/100
|turn|8
|
|t:|1743833004
|move|p2a: Samurott|Sucker Punch|p1a: Suijinheki
|-supereffective|p1a: Suijinheki
|-damage|p1a: Suijinheki|0 fnt
|replace|p1a: Itachi|Zoroark-Hisui, M
|-end|p1a: Itachi|Illusion
|faint|p1a: Itachi
|
|upkeep
|
|t:|1743833007
|switch|p1a: Eren|Kilowattrel, F|100/100
|turn|9
|-message|R10Luke forfeited.
|
|win|LT02
|raw|R10Luke's rating: 1150 &rarr; <strong>1127</strong><br />(-23 for losing)
|raw|LT02's rating: 1171 &rarr; <strong>1194</strong><br />(+23 for winning)
|l|☆R10Luke
|player|p1|
|l|☆LT02
|player|p2|
