|j|☆TheBulbasaurFan55
|j|☆sapgotti
|t:|1743869999
|gametype|singles
|player|p1|TheBulbasaurFan55|allister|1177
|player|p2|sapgotti|266|1241
|teamsize|p1|6
|teamsize|p2|6
|gen|9
|tier|[Gen 9] OU
|rated|
|rule|HP Percentage Mod: HP is shown in percentages
|rule|Endless Battle Clause: Forcing endless battles is banned
|rule|Species Clause: Limit one of each Pokémon
|rule|OHKO Clause: OHKO moves are banned
|rule|Evasion Items Clause: Evasion items are banned
|rule|Evasion Moves Clause: Evasion moves are banned
|rule|Sleep Moves Clause: Sleep-inducing moves are banned
|clearpoke
|poke|p1|Ceruledge, F|
|poke|p1|Gholdengo|
|poke|p1|Samurott-Hisui, M|
|poke|p1|Ting-Lu|
|poke|p1|Enamorus, F|
|poke|p1|Great Tusk|
|poke|p2|Magnezone|
|poke|p2|Toucannon, M|
|poke|p2|Infernape, F|
|poke|p2|Ditto|
|poke|p2|Alomomola, M|
|poke|p2|Gogoat, M|
|teampreview
|inactive|Battle timer is ON: inactive players will automatically lose when time's up. (requested by TheBulbasaurFan55)
|
|t:|1743870027
|start
|switch|p1a: Samurott|Samurott-Hisui, M|100/100
|switch|p2a: Toucannon|Toucannon, M|100/100
|turn|1
|
|t:|1743870041
|-singleturn|p2a: Toucannon|move: Beak Blast
|move|p1a: Samurott|Taunt|p2a: Toucannon
|-start|p2a: Toucannon|move: Taunt
|move|p2a: Toucannon|Beak Blast|p1a: Samurott
|-damage|p1a: Samurott|6/100
|-damage|p2a: Toucannon|91/100|[from] item: Life Orb
|
|upkeep
|turn|2
|
|t:|1743870051
|-singleturn|p2a: Toucannon|move: Beak Blast
|move|p1a: Samurott|Ceaseless Edge|p2a: Toucannon
|-crit|p2a: Toucannon
|-damage|p2a: Toucannon|16/100
|-status|p1a: Samurott|brn
|-sidestart|p2: sapgotti|Spikes
|move|p2a: Toucannon|Beak Blast|p1a: Samurott
|-damage|p1a: Samurott|0 fnt
|faint|p1a: Samurott
|-damage|p2a: Toucannon|6/100|[from] item: Life Orb
|
|upkeep
|inactive|TheBulbasaurFan55 has 120 seconds left.
|
|t:|1743870082
|switch|p1a: Great Tusk|Great Tusk|100/100
|turn|3
|
|t:|1743870087
|-singleturn|p2a: Toucannon|move: Beak Blast
|move|p1a: Great Tusk|Rapid Spin|p2a: Toucannon
|-damage|p2a: Toucannon|0 fnt
|-status|p1a: Great Tusk|brn
|-boost|p1a: Great Tusk|spe|1
|faint|p2a: Toucannon
|
|-damage|p1a: Great Tusk|94/100 brn|[from] brn
|upkeep
|
|t:|1743870098
|switch|p2a: Ditto|Ditto|100/100
|-damage|p2a: Ditto|88/100|[from] Spikes
|-transform|p2a: Ditto|p1a: Great Tusk|[from] ability: Imposter
|turn|4
|
|t:|1743870108
|move|p1a: Great Tusk|Ice Spinner|p2a: Ditto
|-supereffective|p2a: Ditto
|-damage|p2a: Ditto|64/100
|move|p2a: Ditto|Ice Spinner|p1a: Great Tusk
|-supereffective|p1a: Great Tusk
|-damage|p1a: Great Tusk|43/100 brn
|
|-damage|p1a: Great Tusk|36/100 brn|[from] brn
|upkeep
|turn|5
|
|t:|1743870121
|move|p1a: Great Tusk|Headlong Rush|p2a: Ditto
|-damage|p2a: Ditto|36/100
|-unboost|p1a: Great Tusk|def|1
|-unboost|p1a: Great Tusk|spd|1
|move|p2a: Ditto|Rapid Spin|p1a: Great Tusk
|-damage|p1a: Great Tusk|18/100 brn
|-boost|p2a: Ditto|spe|1
|-sideend|p2: sapgotti|Spikes|[from] move: Rapid Spin|[of] p2a: Ditto
|
|-damage|p1a: Great Tusk|12/100 brn|[from] brn
|upkeep
|turn|6
|
|t:|1743870127
|move|p2a: Ditto|Ice Spinner|p1a: Great Tusk
|-supereffective|p1a: Great Tusk
|-damage|p1a: Great Tusk|0 fnt
|faint|p1a: Great Tusk
|-end|p1a: Great Tusk|Protosynthesis|[silent]
|
|upkeep
|inactive|TheBulbasaurFan55 has 120 seconds left.
|
|t:|1743870157
|switch|p1a: Enamorus|Enamorus, F|100/100
|turn|7
|
|t:|1743870168
|-end|p2a: Ditto|Protosynthesis|[silent]
|switch|p2a: Gogoat|Gogoat, M|100/100
|move|p1a: Enamorus|Moonblast|p2a: Gogoat
|-damage|p2a: Gogoat|72/100
|
|upkeep
|turn|8
|
|t:|1743870177
|switch|p1a: Gholdengo|Gholdengo|100/100
|move|p2a: Gogoat|Surf|p1a: Gholdengo
|-damage|p1a: Gholdengo|79/100
|
|-heal|p1a: Gholdengo|85/100|[from] item: Leftovers
|upkeep
|turn|9
|
|t:|1743870188
|move|p1a: Gholdengo|Thunder Wave|p2a: Gogoat
|-status|p2a: Gogoat|par
|cant|p2a: Gogoat|par
|
|-heal|p1a: Gholdengo|91/100|[from] item: Leftovers
|upkeep
|turn|10
|
|t:|1743870195
|move|p1a: Gholdengo|Shadow Ball|p2a: Gogoat
|-damage|p2a: Gogoat|42/100 par
|move|p2a: Gogoat|Mud Shot|p1a: Gholdengo
|-supereffective|p1a: Gholdengo
|-damage|p1a: Gholdengo|64/100
|-unboost|p1a: Gholdengo|spe|1
|
|-heal|p1a: Gholdengo|70/100|[from] item: Leftovers
|upkeep
|turn|11
|c|☆TheBulbasaurFan55|what is this moveset
|
|t:|1743870209
|move|p1a: Gholdengo|Make It Rain|p2a: Gogoat
|-damage|p2a: Gogoat|0 fnt
|-unboost|p1a: Gholdengo|spa|1
|faint|p2a: Gogoat
|
|-heal|p1a: Gholdengo|76/100|[from] item: Leftovers
|upkeep
|
|t:|1743870223
|switch|p2a: Magnezone|Magnezone|100/100
|turn|12
|
|t:|1743870230
|switch|p1a: Ting-Lu|Ting-Lu|100/100
|-ability|p1a: Ting-Lu|Vessel of Ruin
|move|p2a: Magnezone|Steel Beam|p1a: Ting-Lu|[miss]
|-miss|p2a: Magnezone|p1a: Ting-Lu
|-damage|p2a: Magnezone|50/100|[from] steelbeam
|
|upkeep
|turn|13
|c|☆TheBulbasaurFan55|bro what
|
|t:|1743870242
|move|p2a: Magnezone|Steel Beam|p1a: Ting-Lu
|-damage|p1a: Ting-Lu|29/100
|-damage|p2a: Magnezone|0 fnt|[from] steelbeam
|faint|p2a: Magnezone
|move|p1a: Ting-Lu|Stealth Rock|p2: Magnezone
|-sidestart|p2: sapgotti|move: Stealth Rock
|
|-heal|p1a: Ting-Lu|36/100|[from] item: Leftovers
|upkeep
|
|t:|1743870260
|switch|p2a: Infernape|Infernape, F|100/100
|-damage|p2a: Infernape|88/100|[from] Stealth Rock
|-item|p2a: Infernape|Air Balloon
|turn|14
|
|t:|1743870270
|move|p2a: Infernape|Encore|p1a: Ting-Lu
|-start|p1a: Ting-Lu|Encore
|move|p1a: Ting-Lu|Stealth Rock||[still]
|-fail|p1a: Ting-Lu
|
|-heal|p1a: Ting-Lu|42/100|[from] item: Leftovers
|upkeep
|turn|15
|
|t:|1743870281
|switch|p1a: Enamorus|Enamorus, F|100/100
|move|p2a: Infernape|Nasty Plot|p2a: Infernape
|-boost|p2a: Infernape|spa|2
|
|upkeep
|turn|16
|c|☆TheBulbasaurFan55|ok ive seen everything now
|
|t:|1743870290
|-terastallize|p2a: Infernape|Fire
|move|p1a: Enamorus|Moonblast|p2a: Infernape
|-resisted|p2a: Infernape
|-crit|p2a: Infernape
|-damage|p2a: Infernape|32/100
|-enditem|p2a: Infernape|Air Balloon
|move|p2a: Infernape|Flamethrower|p1a: Enamorus
|-damage|p1a: Enamorus|0 fnt
|faint|p1a: Enamorus
|
|upkeep
|
|t:|1743870297
|switch|p1a: Ceruledge|Ceruledge, F|100/100
|turn|17
|
|t:|1743870312
|move|p1a: Ceruledge|Shadow Sneak|p2a: Infernape
|-damage|p2a: Infernape|0 fnt
|faint|p2a: Infernape
|-damage|p1a: Ceruledge|91/100|[from] item: Life Orb
|
|upkeep
|
|t:|1743870315
|switch|p2a: Alomomola|Alomomola, M|100/100
|turn|18
|
|t:|1743870325
|switch|p1a: Gholdengo|Gholdengo|76/100
|move|p2a: Alomomola|Flip Turn|p1a: Gholdengo
|-damage|p1a: Gholdengo|60/100
|
|t:|1743870330
|switch|p2a: Ditto|Ditto|36/100|[from] Flip Turn
|-damage|p2a: Ditto|23/100|[from] Stealth Rock
|-transform|p2a: Ditto|p1a: Gholdengo|[from] ability: Imposter
|
|-heal|p1a: Gholdengo|66/100|[from] item: Leftovers
|upkeep
|turn|19
|
|t:|1743870356
|-terastallize|p1a: Gholdengo|Fairy
|move|p2a: Ditto|Shadow Ball|p1a: Gholdengo
|-damage|p1a: Gholdengo|23/100
|move|p1a: Gholdengo|Shadow Ball|p2a: Ditto
|-supereffective|p2a: Ditto
|-damage|p2a: Ditto|0 fnt
|faint|p2a: Ditto
|
|-heal|p1a: Gholdengo|29/100|[from] item: Leftovers
|upkeep
|
|t:|1743870364
|switch|p2a: Alomomola|Alomomola, M|100/100
|turn|20
|
|t:|1743870368
|move|p1a: Gholdengo|Thunder Wave|p2a: Alomomola
|-status|p2a: Alomomola|par
|move|p2a: Alomomola|Scald|p1a: Gholdengo
|-damage|p1a: Gholdengo|17/100
|
|-heal|p1a: Gholdengo|23/100|[from] item: Leftovers
|upkeep
|turn|21
|
|t:|1743870378
|move|p1a: Gholdengo|Recover|p1a: Gholdengo
|-heal|p1a: Gholdengo|73/100
|cant|p2a: Alomomola|par
|
|-heal|p1a: Gholdengo|79/100|[from] item: Leftovers
|upkeep
|turn|22
|
|t:|1743870382
|move|p1a: Gholdengo|Shadow Ball|p2a: Alomomola
|-damage|p2a: Alomomola|64/100 par
|move|p2a: Alomomola|Mirror Coat|p1a: Gholdengo
|-damage|p1a: Gholdengo|0 fnt
|faint|p1a: Gholdengo
|
|upkeep
|
|t:|1743870392
|switch|p1a: Ting-Lu|Ting-Lu|42/100
|-ability|p1a: Ting-Lu|Vessel of Ruin
|turn|23
|
|t:|1743870398
|move|p1a: Ting-Lu|Ruination|p2a: Alomomola
|-damage|p2a: Alomomola|32/100 par
|move|p2a: Alomomola|Wish|p2a: Alomomola
|
|-heal|p1a: Ting-Lu|48/100|[from] item: Leftovers
|upkeep
|turn|24
|
|t:|1743870403
|move|p1a: Ting-Lu|Ruination|p2a: Alomomola
|-damage|p2a: Alomomola|16/100 par
|cant|p2a: Alomomola|par
|
|-heal|p2a: Alomomola|66/100 par|[from] move: Wish|[wisher] Alomomola
|-heal|p1a: Ting-Lu|54/100|[from] item: Leftovers
|upkeep
|turn|25
|
|t:|1743870409
|move|p1a: Ting-Lu|Ruination|p2a: Alomomola
|-damage|p2a: Alomomola|33/100 par
|move|p2a: Alomomola|Wish|p2a: Alomomola
|
|-heal|p1a: Ting-Lu|60/100|[from] item: Leftovers
|upkeep
|turn|26
|
|t:|1743870412
|move|p1a: Ting-Lu|Ruination|p2a: Alomomola
|-damage|p2a: Alomomola|17/100 par
|move|p2a: Alomomola|Scald|p1a: Ting-Lu
|-supereffective|p1a: Ting-Lu
|-damage|p1a: Ting-Lu|45/100
|-status|p1a: Ting-Lu|brn
|
|-heal|p2a: Alomomola|67/100 par|[from] move: Wish|[wisher] Alomomola
|-heal|p1a: Ting-Lu|51/100 brn|[from] item: Leftovers
|-damage|p1a: Ting-Lu|45/100 brn|[from] brn
|upkeep
|turn|27
|
|t:|1743870421
|move|p1a: Ting-Lu|Ruination|p2a: Alomomola
|-damage|p2a: Alomomola|34/100 par
|move|p2a: Alomomola|Wish|p2a: Alomomola
|
|-heal|p1a: Ting-Lu|51/100 brn|[from] item: Leftovers
|-damage|p1a: Ting-Lu|45/100 brn|[from] brn
|upkeep
|turn|28
|
|t:|1743870427
|move|p1a: Ting-Lu|Ruination|p2a: Alomomola
|-damage|p2a: Alomomola|17/100 par
|move|p2a: Alomomola|Scald|p1a: Ting-Lu
|-supereffective|p1a: Ting-Lu
|-damage|p1a: Ting-Lu|32/100 brn
|
|-heal|p2a: Alomomola|67/100 par|[from] move: Wish|[wisher] Alomomola
|-heal|p1a: Ting-Lu|38/100 brn|[from] item: Leftovers
|-damage|p1a: Ting-Lu|32/100 brn|[from] brn
|upkeep
|turn|29
|
|t:|1743870436
|move|p1a: Ting-Lu|Ruination|p2a: Alomomola
|-damage|p2a: Alomomola|34/100 par
|move|p2a: Alomomola|Wish|p2a: Alomomola
|
|-heal|p1a: Ting-Lu|38/100 brn|[from] item: Leftovers
|-damage|p1a: Ting-Lu|32/100 brn|[from] brn
|upkeep
|turn|30
|
|t:|1743870441
|move|p1a: Ting-Lu|Ruination|p2a: Alomomola
|-damage|p2a: Alomomola|17/100 par
|move|p2a: Alomomola|Scald|p1a: Ting-Lu
|-supereffective|p1a: Ting-Lu
|-damage|p1a: Ting-Lu|17/100 brn
|
|-heal|p2a: Alomomola|67/100 par|[from] move: Wish|[wisher] Alomomola
|-heal|p1a: Ting-Lu|23/100 brn|[from] item: Leftovers
|-damage|p1a: Ting-Lu|17/100 brn|[from] brn
|upkeep
|turn|31
|
|t:|1743870450
|move|p1a: Ting-Lu|Ruination|p2a: Alomomola
|-damage|p2a: Alomomola|34/100 par
|move|p2a: Alomomola|Wish|p2a: Alomomola
|
|-heal|p1a: Ting-Lu|23/100 brn|[from] item: Leftovers
|-damage|p1a: Ting-Lu|17/100 brn|[from] brn
|upkeep
|turn|32
|
|t:|1743870458
|move|p1a: Ting-Lu|Ruination|p2a: Alomomola
|-damage|p2a: Alomomola|17/100 par
|move|p2a: Alomomola|Scald|p1a: Ting-Lu
|-supereffective|p1a: Ting-Lu
|-damage|p1a: Ting-Lu|2/100 brn
|
|-heal|p2a: Alomomola|67/100 par|[from] move: Wish|[wisher] Alomomola
|-heal|p1a: Ting-Lu|8/100 brn|[from] item: Leftovers
|-damage|p1a: Ting-Lu|2/100 brn|[from] brn
|upkeep
|turn|33
|
|t:|1743870470
|move|p1a: Ting-Lu|Ruination|p2a: Alomomola
|-damage|p2a: Alomomola|34/100 par
|move|p2a: Alomomola|Wish|p2a: Alomomola
|
|-heal|p1a: Ting-Lu|8/100 brn|[from] item: Leftovers
|-damage|p1a: Ting-Lu|2/100 brn|[from] brn
|upkeep
|turn|34
|c|☆TheBulbasaurFan55|a single parry is crazy
|c|☆TheBulbasaurFan55|para
|
|t:|1743870483
|move|p1a: Ting-Lu|Ruination|p2a: Alomomola
|-damage|p2a: Alomomola|17/100 par
|move|p2a: Alomomola|Wish||[still]
|-fail|p2a: Alomomola
|
|-heal|p2a: Alomomola|67/100 par|[from] move: Wish|[wisher] Alomomola
|-heal|p1a: Ting-Lu|8/100 brn|[from] item: Leftovers
|-damage|p1a: Ting-Lu|2/100 brn|[from] brn
|upkeep
|turn|35
|
|t:|1743870492
|move|p1a: Ting-Lu|Ruination|p2a: Alomomola
|-damage|p2a: Alomomola|34/100 par
|cant|p2a: Alomomola|par
|
|-heal|p1a: Ting-Lu|8/100 brn|[from] item: Leftovers
|-damage|p1a: Ting-Lu|2/100 brn|[from] brn
|upkeep
|turn|36
|
|t:|1743870500
|move|p1a: Ting-Lu|Ruination|p2a: Alomomola
|-damage|p2a: Alomomola|17/100 par
|cant|p2a: Alomomola|par
|
|-heal|p1a: Ting-Lu|8/100 brn|[from] item: Leftovers
|-damage|p1a: Ting-Lu|2/100 brn|[from] brn
|upkeep
|turn|37
|
|t:|1743870505
|move|p1a: Ting-Lu|Ruination|p2a: Alomomola
|-damage|p2a: Alomomola|9/100 par
|move|p2a: Alomomola|Wish|p2a: Alomomola
|
|-heal|p1a: Ting-Lu|8/100 brn|[from] item: Leftovers
|-damage|p1a: Ting-Lu|2/100 brn|[from] brn
|upkeep
|turn|38
|
|t:|1743870513
|move|p1a: Ting-Lu|Body Press|p2a: Alomomola
|-damage|p2a: Alomomola|0 fnt
|faint|p2a: Alomomola
|
|win|TheBulbasaurFan55
|raw|TheBulbasaurFan55's rating: 1177 &rarr; <strong>1207</strong><br />(+30 for winning)
|raw|sapgotti's rating: 1241 &rarr; <strong>1211</strong><br />(-30 for losing)
|l|☆sapgotti
|player|p2|
|l|☆TheBulbasaurFan55
|player|p1|
