|j|☆SushiSlice
|j|☆mr tickley
|t:|1743886965
|gametype|singles
|player|p1|SushiSlice|dawn|1589
|player|p2|mr tickley|101|1560
|teamsize|p1|6
|teamsize|p2|6
|gen|9
|tier|[Gen 9] OU
|rated|
|rule|HP Percentage Mod: HP is shown in percentages
|rule|Endless Battle Clause: Forcing endless battles is banned
|rule|Species Clause: Limit one of each Pokémon
|rule|OHKO Clause: OHKO moves are banned
|rule|Evasion Items Clause: Evasion items are banned
|rule|Evasion Moves Clause: Evasion moves are banned
|rule|Sleep Moves Clause: Sleep-inducing moves are banned
|clearpoke
|poke|p1|Zamazenta-*|
|poke|p1|Gliscor, M|
|poke|p1|Kingambit, F|
|poke|p1|Hatterene, F|
|poke|p1|Gholdengo|
|poke|p1|Ogerpon-Wellspring, F|
|poke|p2|Jirachi|
|poke|p2|Empoleon, M|
|poke|p2|Meowscarada, M|
|poke|p2|Landorus-Therian, M|
|poke|p2|Skeledirge, M|
|poke|p2|Dragonite, F|
|teampreview
|inactive|Battle timer is ON: inactive players will automatically lose when time's up. (requested by mr tickley)
|inactive|mr tickley has 120 seconds left.
|
|t:|1743887020
|start
|switch|p1a: Zamazenta|Zamazenta|100/100
|switch|p2a: Jirachi|Jirachi|100/100
|-ability|p1a: Zamazenta|Dauntless Shield|boost
|-boost|p1a: Zamazenta|def|1
|turn|1
|
|t:|1743887026
|move|p1a: Zamazenta|Reflect|p1a: Zamazenta
|-sidestart|p1: SushiSlice|Reflect
|move|p2a: Jirachi|Doom Desire|p1a: Zamazenta
|-start|p2a: Jirachi|Doom Desire
|
|upkeep
|turn|2
|
|t:|1743887030
|move|p1a: Zamazenta|Light Screen|p1a: Zamazenta
|-sidestart|p1: SushiSlice|move: Light Screen
|move|p2a: Jirachi|U-turn|p1a: Zamazenta
|-resisted|p1a: Zamazenta
|-damage|p1a: Zamazenta|99/100
|
|t:|1743887035
|switch|p2a: Skeledirge|Skeledirge, M|100/100|[from] U-turn
|
|upkeep
|turn|3
|
|t:|1743887052
|move|p2a: Skeledirge|Torch Song|p1a: Zamazenta
|-damage|p1a: Zamazenta|87/100
|-boost|p2a: Skeledirge|spa|1
|move|p1a: Zamazenta|Roar|p2a: Skeledirge
|drag|p2a: Empoleon|Empoleon, M|100/100
|
|-end|p1a: Zamazenta|move: Doom Desire
|-damage|p1a: Zamazenta|65/100
|upkeep
|turn|4
|
|t:|1743887063
|switch|p1a: Ogerpon|Ogerpon-Wellspring, F|100/100
|switch|p2a: Skeledirge|Skeledirge, M|100/100
|
|upkeep
|turn|5
|
|t:|1743887072
|move|p1a: Ogerpon|Ivy Cudgel|p2a: Skeledirge|[anim] Ivy Cudgel Water
|-supereffective|p2a: Skeledirge
|-damage|p2a: Skeledirge|24/100
|move|p2a: Skeledirge|Will-O-Wisp|p1a: Ogerpon
|-status|p1a: Ogerpon|brn
|
|-damage|p1a: Ogerpon|95/100 brn|[from] brn
|upkeep
|turn|6
|
|t:|1743887084
|switch|p2a: Empoleon|Empoleon, M|100/100
|move|p1a: Ogerpon|Ivy Cudgel|p2a: Empoleon|[anim] Ivy Cudgel Water
|-resisted|p2a: Empoleon
|-damage|p2a: Empoleon|85/100
|
|-heal|p2a: Empoleon|91/100|[from] item: Leftovers
|-damage|p1a: Ogerpon|89/100 brn|[from] brn
|upkeep
|turn|7
|
|t:|1743887094
|switch|p1a: Gholdengo|Gholdengo|100/100
|move|p2a: Empoleon|Ice Beam|p1a: Gholdengo
|-resisted|p1a: Gholdengo
|-damage|p1a: Gholdengo|95/100
|
|-heal|p2a: Empoleon|98/100|[from] item: Leftovers
|upkeep
|turn|8
|
|t:|1743887100
|move|p1a: Gholdengo|Substitute|p1a: Gholdengo
|-start|p1a: Gholdengo|Substitute
|-damage|p1a: Gholdengo|70/100
|move|p2a: Empoleon|Flip Turn|p1a: Gholdengo
|-activate|p1a: Gholdengo|move: Substitute|[damage]
|
|t:|1743887111
|switch|p2a: Landorus|Landorus-Therian, M|100/100|[from] Flip Turn
|-ability|p2a: Landorus|Intimidate|boost
|-immune|p1a: Gholdengo
|
|-sideend|p1: SushiSlice|Reflect
|upkeep
|turn|9
|
|t:|1743887113
|move|p2a: Landorus|Earthquake|p1a: Gholdengo
|-supereffective|p1a: Gholdengo
|-end|p1a: Gholdengo|Substitute
|move|p1a: Gholdengo|Shadow Ball|p2a: Landorus
|-damage|p2a: Landorus|50/100
|
|-sideend|p1: SushiSlice|move: Light Screen
|upkeep
|turn|10
|
|t:|1743887120
|switch|p1a: Zamazenta|Zamazenta|65/100
|move|p2a: Landorus|Stealth Rock|p1a: Zamazenta
|-sidestart|p1: SushiSlice|move: Stealth Rock
|
|upkeep
|turn|11
|
|t:|1743887124
|move|p1a: Zamazenta|Reflect|p1a: Zamazenta
|-sidestart|p1: SushiSlice|Reflect
|move|p2a: Landorus|U-turn|p1a: Zamazenta
|-resisted|p1a: Zamazenta
|-damage|p1a: Zamazenta|60/100
|
|t:|1743887128
|switch|p2a: Skeledirge|Skeledirge, M|24/100|[from] U-turn
|
|upkeep
|turn|12
|
|t:|1743887131
|move|p1a: Zamazenta|Light Screen|p1a: Zamazenta
|-sidestart|p1: SushiSlice|move: Light Screen
|move|p2a: Skeledirge|Slack Off|p2a: Skeledirge
|-heal|p2a: Skeledirge|74/100
|
|upkeep
|turn|13
|
|t:|1743887139
|switch|p1a: Ogerpon|Ogerpon-Wellspring, F|89/100 brn
|-damage|p1a: Ogerpon|76/100 brn|[from] Stealth Rock
|move|p2a: Skeledirge|Torch Song|p1a: Ogerpon
|-damage|p1a: Ogerpon|59/100 brn
|-boost|p2a: Skeledirge|spa|1
|
|-damage|p1a: Ogerpon|53/100 brn|[from] brn
|upkeep
|turn|14
|
|t:|1743887146
|move|p1a: Ogerpon|Ivy Cudgel|p2a: Skeledirge|[anim] Ivy Cudgel Water
|-supereffective|p2a: Skeledirge
|-damage|p2a: Skeledirge|33/100
|move|p2a: Skeledirge|Slack Off|p2a: Skeledirge
|-heal|p2a: Skeledirge|83/100
|
|-damage|p1a: Ogerpon|47/100 brn|[from] brn
|upkeep
|turn|15
|
|t:|1743887156
|move|p1a: Ogerpon|Ivy Cudgel|p2a: Skeledirge|[anim] Ivy Cudgel Water
|-supereffective|p2a: Skeledirge
|-crit|p2a: Skeledirge
|-damage|p2a: Skeledirge|28/100
|move|p2a: Skeledirge|Slack Off|p2a: Skeledirge
|-heal|p2a: Skeledirge|78/100
|
|-damage|p1a: Ogerpon|41/100 brn|[from] brn
|upkeep
|turn|16
|
|t:|1743887163
|switch|p2a: Meowscarada|Meowscarada, M|100/100
|move|p1a: Ogerpon|Ivy Cudgel|p2a: Meowscarada|[anim] Ivy Cudgel Water
|-resisted|p2a: Meowscarada
|-damage|p2a: Meowscarada|77/100
|
|-damage|p1a: Ogerpon|35/100 brn|[from] brn
|upkeep
|turn|17
|
|t:|1743887175
|move|p2a: Meowscarada|U-turn|p1a: Ogerpon
|-start|p2a: Meowscarada|typechange|Bug|[from] ability: Protean
|-supereffective|p1a: Ogerpon
|-damage|p1a: Ogerpon|0 fnt
|faint|p1a: Ogerpon
|
|t:|1743887198
|switch|p2a: Landorus|Landorus-Therian, M|50/100|[from] U-turn
|
|upkeep
|
|t:|1743887208
|switch|p1a: Gliscor|Gliscor, M|100/100
|-damage|p1a: Gliscor|88/100|[from] Stealth Rock
|turn|18
|
|t:|1743887214
|move|p2a: Landorus|U-turn|p1a: Gliscor
|-resisted|p1a: Gliscor
|-damage|p1a: Gliscor|82/100
|
|t:|1743887221
|switch|p2a: Dragonite|Dragonite, F|100/100|[from] U-turn
|move|p1a: Gliscor|Agility|p1a: Gliscor
|-boost|p1a: Gliscor|spe|2
|
|-sideend|p1: SushiSlice|Reflect
|-status|p1a: Gliscor|tox|[from] item: Toxic Orb
|upkeep
|turn|19
|
|t:|1743887228
|move|p1a: Gliscor|Knock Off|p2a: Dragonite
|-damage|p2a: Dragonite|83/100
|-enditem|p2a: Dragonite|Heavy-Duty Boots|[from] move: Knock Off|[of] p1a: Gliscor
|move|p2a: Dragonite|Ice Spinner|p1a: Gliscor
|-supereffective|p1a: Gliscor
|-damage|p1a: Gliscor|0 fnt
|faint|p1a: Gliscor
|
|-sideend|p1: SushiSlice|move: Light Screen
|upkeep
|
|t:|1743887245
|switch|p1a: Kingambit|Kingambit, F|100/100
|-damage|p1a: Kingambit|94/100|[from] Stealth Rock
|-activate|p1a: Kingambit|ability: Supreme Overlord
|-start|p1a: Kingambit|fallen2|[silent]
|turn|20
|
|t:|1743887251
|move|p2a: Dragonite|Earthquake|p1a: Kingambit
|-supereffective|p1a: Kingambit
|-damage|p1a: Kingambit|35/100
|move|p1a: Kingambit|Kowtow Cleave|p2a: Dragonite
|-damage|p2a: Dragonite|13/100
|
|-heal|p1a: Kingambit|41/100|[from] item: Leftovers
|upkeep
|turn|21
|
|t:|1743887261
|move|p2a: Dragonite|Extreme Speed|p1a: Kingambit
|-resisted|p1a: Kingambit
|-damage|p1a: Kingambit|31/100
|move|p1a: Kingambit|Sucker Punch||[still]
|-fail|p1a: Kingambit
|
|-heal|p1a: Kingambit|37/100|[from] item: Leftovers
|upkeep
|turn|22
|
|t:|1743887269
|switch|p2a: Landorus|Landorus-Therian, M|50/100
|-ability|p2a: Landorus|Intimidate|boost
|-unboost|p1a: Kingambit|atk|1
|move|p1a: Kingambit|Sucker Punch||[still]
|-fail|p1a: Kingambit
|
|-heal|p1a: Kingambit|43/100|[from] item: Leftovers
|upkeep
|turn|23
|-message|SushiSlice forfeited.
|
|win|mr tickley
|raw|SushiSlice's rating: 1589 &rarr; <strong>1567</strong><br />(-22 for losing)
|raw|mr tickley's rating: 1560 &rarr; <strong>1582</strong><br />(+22 for winning)
|l|☆SushiSlice
|player|p1|
|l|☆mr tickley
|player|p2|
