|j|☆Crabish29
|j|☆berlious
|t:|1743892946
|gametype|singles
|player|p1|Crabish29|brycenman|1233
|player|p2|berlious|102|1271
|teamsize|p1|6
|teamsize|p2|6
|gen|9
|tier|[Gen 9] OU
|rated|
|rule|HP Percentage Mod: HP is shown in percentages
|rule|Endless Battle Clause: Forcing endless battles is banned
|rule|Species Clause: Limit one of each Pokémon
|rule|OHKO Clause: OHKO moves are banned
|rule|Evasion Items Clause: Evasion items are banned
|rule|Evasion Moves Clause: Evasion moves are banned
|rule|Sleep Moves Clause: Sleep-inducing moves are banned
|clearpoke
|poke|p1|Gliscor, F|
|poke|p1|Metagross|
|poke|p1|Rotom-Wash|
|poke|p1|Venusaur, F|
|poke|p1|Scrafty, F|
|poke|p1|Clefable, F|
|poke|p2|Ogerpon-Wellspring, F|
|poke|p2|Iron Valiant|
|poke|p2|Kyurem|
|poke|p2|Iron Moth|
|poke|p2|Iron Treads|
|poke|p2|Dragonite, F|
|teampreview
|
|t:|1743892960
|start
|switch|p1a: Spin cycle|Rotom-Wash|100/100
|switch|p2a: Ogerpon|Ogerpon-Wellspring, F|100/100
|turn|1
|inactive|Battle timer is ON: inactive players will automatically lose when time's up. (requested by berlious)
|
|t:|1743892966
|move|p2a: Ogerpon|Horn Leech|p1a: Spin cycle
|-supereffective|p1a: Spin cycle
|-damage|p1a: Spin cycle|6/100
|move|p1a: Spin cycle|Will-O-Wisp|p2a: Ogerpon|[miss]
|-miss|p1a: Spin cycle|p2a: Ogerpon
|
|upkeep
|turn|2
|
|t:|1743892978
|move|p2a: Ogerpon|Ivy Cudgel|p1a: Spin cycle|[anim] Ivy Cudgel Water
|-resisted|p1a: Spin cycle
|-damage|p1a: Spin cycle|0 fnt
|faint|p1a: Spin cycle
|
|upkeep
|
|t:|1743892983
|switch|p1a: Saurrrrrrrr|Venusaur, F|100/100
|turn|3
|
|t:|1743892991
|move|p2a: Ogerpon|U-turn|p1a: Saurrrrrrrr
|-damage|p1a: Saurrrrrrrr|77/100
|
|t:|1743892994
|switch|p2a: Iron Moth|Iron Moth|100/100|[from] U-turn
|-enditem|p2a: Iron Moth|Booster Energy
|-activate|p2a: Iron Moth|ability: Quark Drive|[fromitem]
|-start|p2a: Iron Moth|quarkdrivespa
|move|p1a: Saurrrrrrrr|Sludge Bomb|p2a: Iron Moth
|-resisted|p2a: Iron Moth
|-damage|p2a: Iron Moth|82/100
|
|upkeep
|turn|4
|
|t:|1743893006
|-terastallize|p1a: Saurrrrrrrr|Water
|move|p2a: Iron Moth|Fiery Dance|p1a: Saurrrrrrrr
|-resisted|p1a: Saurrrrrrrr
|-damage|p1a: Saurrrrrrrr|50/100
|move|p1a: Saurrrrrrrr|Earth Power|p2a: Iron Moth
|-supereffective|p2a: Iron Moth
|-damage|p2a: Iron Moth|0 fnt
|faint|p2a: Iron Moth
|-end|p2a: Iron Moth|Quark Drive|[silent]
|
|upkeep
|
|t:|1743893016
|switch|p2a: Ogerpon|Ogerpon-Wellspring, F|100/100
|turn|5
|
|t:|1743893025
|switch|p1a: Thugnifacint|Scrafty, F|100/100
|-ability|p1a: Thugnifacint|Intimidate|boost
|-unboost|p2a: Ogerpon|atk|1
|move|p2a: Ogerpon|Horn Leech|p1a: Thugnifacint
|-crit|p1a: Thugnifacint
|-damage|p1a: Thugnifacint|31/100
|
|-heal|p1a: Thugnifacint|37/100|[from] item: Leftovers
|upkeep
|turn|6
|
|t:|1743893049
|-terastallize|p2a: Ogerpon|Water
|detailschange|p2a: Ogerpon|Ogerpon-Wellspring-Tera, F, tera:Water
|-ability|p2a: Ogerpon|Embody Aspect (Wellspring)|boost
|-boost|p2a: Ogerpon|spd|1
|move|p2a: Ogerpon|Ivy Cudgel|p1a: Thugnifacint|[anim] Ivy Cudgel Water
|-damage|p1a: Thugnifacint|0 fnt
|faint|p1a: Thugnifacint
|
|upkeep
|
|t:|1743893057
|switch|p1a: Saurrrrrrrr|Venusaur, F, tera:Water|50/100
|turn|7
|
|t:|1743893061
|switch|p1a: Daddy metal legs|Metagross|100/100
|move|p2a: Ogerpon|Horn Leech|p1a: Daddy metal legs
|-resisted|p1a: Daddy metal legs
|-damage|p1a: Daddy metal legs|90/100
|
|upkeep
|turn|8
|
|t:|1743893082
|move|p2a: Ogerpon|U-turn|p1a: Daddy metal legs
|-damage|p1a: Daddy metal legs|77/100
|
|t:|1743893090
|switch|p2a: Dragonite|Dragonite, F|100/100|[from] U-turn
|move|p1a: Daddy metal legs|Meteor Mash|p2a: Dragonite
|-damage|p2a: Dragonite|70/100
|
|upkeep
|turn|9
|
|t:|1743893099
|move|p2a: Dragonite|Earthquake|p1a: Daddy metal legs
|-supereffective|p1a: Daddy metal legs
|-damage|p1a: Daddy metal legs|20/100
|move|p1a: Daddy metal legs|Psychic Fangs|p2a: Dragonite
|-damage|p2a: Dragonite|11/100
|
|upkeep
|turn|10
|-message|Crabish29 forfeited.
|
|win|berlious
|raw|Crabish29's rating: 1233 &rarr; <strong>1211</strong><br />(-22 for losing)
|raw|berlious's rating: 1271 &rarr; <strong>1293</strong><br />(+22 for winning)
|l|☆Crabish29
|player|p1|
|l|☆berlious
|player|p2|
