|j|☆bsp1
|j|☆Jebus1989_
|t:|1743936167
|gametype|singles
|player|p1|bsp1|2|1697
|player|p2|Jebus1989_|ethan|1690
|teamsize|p1|6
|teamsize|p2|6
|gen|9
|tier|[Gen 9] OU
|rated|
|rule|HP Percentage Mod: HP is shown in percentages
|rule|Endless Battle Clause: Forcing endless battles is banned
|rule|Species Clause: Limit one of each Pokémon
|rule|OHKO Clause: OHKO moves are banned
|rule|Evasion Items Clause: Evasion items are banned
|rule|Evasion Moves Clause: Evasion moves are banned
|rule|Sleep Moves Clause: Sleep-inducing moves are banned
|clearpoke
|poke|p1|Dragapult, M|
|poke|p1|Lokix, F|
|poke|p1|Alomomola, M|
|poke|p1|Great Tusk|
|poke|p1|Enamorus, F|
|poke|p1|Iron Crown|
|poke|p2|Hawlucha, F|
|poke|p2|Weezing-Galar, M|
|poke|p2|Kingambit, M|
|poke|p2|Frosmoth, F|
|poke|p2|Vaporeon, F|
|poke|p2|Great Tusk|
|teampreview
|inactive|Battle timer is ON: inactive players will automatically lose when time's up. (requested by Jebus1989_)
|
|t:|1743936187
|start
|switch|p1a: Iron Crown|Iron Crown|100/100
|switch|p2a: Weezing|Weezing-Galar, M, shiny|100/100
|-fieldstart|move: Misty Terrain|[from] ability: Misty Surge|[of] p2a: Weezing
|turn|1
|
|t:|1743936197
|switch|p2a: Vaporeon|Vaporeon, F|100/100
|move|p1a: Iron Crown|Volt Switch|p2a: Vaporeon
|-supereffective|p2a: Vaporeon
|-damage|p2a: Vaporeon|48/100
|
|t:|1743936206
|-end|p1a: Iron Crown|Quark Drive|[silent]
|switch|p1a: Lokix|Lokix, F|100/100|[from] Volt Switch
|
|-heal|p2a: Vaporeon|55/100|[from] item: Leftovers
|upkeep
|turn|2
|
|t:|1743936214
|move|p2a: Vaporeon|Protect|p2a: Vaporeon
|-singleturn|p2a: Vaporeon|Protect
|move|p1a: Lokix|Knock Off|p2a: Vaporeon
|-activate|p2a: Vaporeon|move: Protect
|
|-heal|p2a: Vaporeon|61/100|[from] item: Leftovers
|upkeep
|turn|3
|
|t:|1743936219
|switch|p2a: Weezing|Weezing-Galar, M, shiny|100/100
|move|p1a: Lokix|Knock Off|p2a: Weezing
|-resisted|p2a: Weezing
|-damage|p2a: Weezing|40/100
|-enditem|p2a: Weezing|Terrain Extender|[from] move: Knock Off|[of] p1a: Lokix
|
|upkeep
|turn|4
|
|t:|1743936232
|switch|p1a: Iron Crown|Iron Crown|100/100
|move|p2a: Weezing|Pain Split|p1a: Iron Crown
|-sethp|p1a: Iron Crown|69/100|[from] move: Pain Split|[silent]
|-sethp|p2a: Weezing|74/100|[from] move: Pain Split
|
|upkeep
|turn|5
|
|t:|1743936242
|switch|p2a: Vaporeon|Vaporeon, F|61/100
|move|p1a: Iron Crown|Psychic Noise|p2a: Vaporeon
|-damage|p2a: Vaporeon|19/100
|-start|p2a: Vaporeon|move: Heal Block
|
|upkeep
|turn|6
|
|t:|1743936253
|-end|p1a: Iron Crown|Quark Drive|[silent]
|switch|p1a: Lokix|Lokix, F|100/100
|switch|p2a: Kingambit|Kingambit, M|100/100
|
|upkeep
|turn|7
|
|t:|1743936261
|-end|p2a: Kingambit|fallenundefined|[silent]
|switch|p2a: Great Tusk|Great Tusk|100/100
|move|p1a: Lokix|U-turn|p2a: Great Tusk
|-resisted|p2a: Great Tusk
|-damage|p2a: Great Tusk|77/100
|-damage|p1a: Lokix|84/100|[from] item: Rocky Helmet|[of] p2a: Great Tusk
|
|t:|1743936273
|switch|p1a: Iron Crown|Iron Crown|69/100|[from] U-turn
|
|upkeep
|turn|8
|j| hbaichi
|
|t:|1743936284
|-end|p2a: Great Tusk|Protosynthesis|[silent]
|switch|p2a: Kingambit|Kingambit, M|100/100
|move|p1a: Iron Crown|Tachyon Cutter|p2a: Kingambit
|-resisted|p2a: Kingambit
|-damage|p2a: Kingambit|82/100
|-resisted|p2a: Kingambit
|-crit|p2a: Kingambit
|-damage|p2a: Kingambit|54/100
|-hitcount|p2a: Kingambit|2
|
|-heal|p2a: Kingambit|60/100|[from] item: Leftovers
|-fieldend|Misty Terrain
|upkeep
|turn|9
|
|t:|1743936300
|-end|p1a: Iron Crown|Quark Drive|[silent]
|switch|p1a: Great Tusk|Great Tusk|100/100
|-end|p2a: Kingambit|fallenundefined|[silent]
|switch|p2a: Vaporeon|Vaporeon, F|19/100
|
|-heal|p2a: Vaporeon|26/100|[from] item: Leftovers
|upkeep
|turn|10
|j| Sanesa8724
|
|t:|1743936320
|-end|p1a: Great Tusk|Protosynthesis|[silent]
|switch|p1a: Iron Crown|Iron Crown|69/100
|move|p2a: Vaporeon|Scald|p1a: Iron Crown
|-damage|p1a: Iron Crown|42/100
|
|-heal|p2a: Vaporeon|32/100|[from] item: Leftovers
|upkeep
|turn|11
|
|t:|1743936333
|move|p2a: Vaporeon|Protect|p2a: Vaporeon
|-singleturn|p2a: Vaporeon|Protect
|move|p1a: Iron Crown|Tachyon Cutter|p2a: Vaporeon
|-activate|p2a: Vaporeon|move: Protect
|
|-heal|p2a: Vaporeon|38/100|[from] item: Leftovers
|upkeep
|turn|12
|l| Sanesa8724
|
|t:|1743936349
|move|p1a: Iron Crown|Tachyon Cutter|p2a: Vaporeon
|-resisted|p2a: Vaporeon
|-damage|p2a: Vaporeon|26/100
|-resisted|p2a: Vaporeon
|-damage|p2a: Vaporeon|14/100
|-hitcount|p2a: Vaporeon|2
|move|p2a: Vaporeon|Wish|p2a: Vaporeon
|
|-heal|p2a: Vaporeon|20/100|[from] item: Leftovers
|upkeep
|turn|13
|
|t:|1743936364
|-end|p1a: Iron Crown|Quark Drive|[silent]
|switch|p1a: Lokix|Lokix, F|84/100
|move|p2a: Vaporeon|Protect||[still]
|-fail|p2a: Vaporeon
|
|-heal|p2a: Vaporeon|70/100|[from] move: Wish|[wisher] Vaporeon
|-heal|p2a: Vaporeon|77/100|[from] item: Leftovers
|upkeep
|turn|14
|
|t:|1743936377
|move|p2a: Vaporeon|Protect|p2a: Vaporeon
|-singleturn|p2a: Vaporeon|Protect
|move|p1a: Lokix|U-turn|p2a: Vaporeon
|-activate|p2a: Vaporeon|move: Protect
|
|-heal|p2a: Vaporeon|83/100|[from] item: Leftovers
|upkeep
|turn|15
|
|t:|1743936382
|move|p1a: Lokix|U-turn|p2a: Vaporeon
|-damage|p2a: Vaporeon|45/100
|
|t:|1743936392
|switch|p1a: Iron Crown|Iron Crown|42/100|[from] U-turn
|move|p2a: Vaporeon|Wish|p2a: Vaporeon
|
|-heal|p2a: Vaporeon|51/100|[from] item: Leftovers
|upkeep
|turn|16
|
|t:|1743936403
|move|p2a: Vaporeon|Protect|p2a: Vaporeon
|-singleturn|p2a: Vaporeon|Protect
|move|p1a: Iron Crown|Psychic Noise|p2a: Vaporeon
|-activate|p2a: Vaporeon|move: Protect
|
|-heal|p2a: Vaporeon|100/100|[from] move: Wish|[wisher] Vaporeon
|upkeep
|turn|17
|
|t:|1743936411
|-end|p1a: Iron Crown|Quark Drive|[silent]
|switch|p1a: Alomomola|Alomomola, M|100/100
|move|p2a: Vaporeon|Scald|p1a: Alomomola
|-resisted|p1a: Alomomola
|-damage|p1a: Alomomola|92/100
|-status|p1a: Alomomola|brn
|
|-damage|p1a: Alomomola|86/100 brn|[from] brn
|upkeep
|turn|18
|
|t:|1743936425
|switch|p1a: Enamorus|Enamorus, F|100/100
|move|p2a: Vaporeon|Scald|p1a: Enamorus
|-damage|p1a: Enamorus|57/100
|
|upkeep
|turn|19
|
|t:|1743936433
|move|p2a: Vaporeon|Protect|p2a: Vaporeon
|-singleturn|p2a: Vaporeon|Protect
|move|p1a: Enamorus|Moonblast|p2a: Vaporeon
|-activate|p2a: Vaporeon|move: Protect
|
|upkeep
|turn|20
|
|t:|1743936438
|move|p1a: Enamorus|Moonblast|p2a: Vaporeon
|-damage|p2a: Vaporeon|63/100
|-unboost|p2a: Vaporeon|spa|1
|move|p2a: Vaporeon|Scald|p1a: Enamorus
|-damage|p1a: Enamorus|31/100
|
|-heal|p2a: Vaporeon|69/100|[from] item: Leftovers
|upkeep
|turn|21
|
|t:|1743936450
|move|p2a: Vaporeon|Protect|p2a: Vaporeon
|-singleturn|p2a: Vaporeon|Protect
|move|p1a: Enamorus|Moonblast|p2a: Vaporeon
|-activate|p2a: Vaporeon|move: Protect
|
|-heal|p2a: Vaporeon|75/100|[from] item: Leftovers
|upkeep
|turn|22
|
|t:|1743936456
|move|p1a: Enamorus|Moonblast|p2a: Vaporeon
|-damage|p2a: Vaporeon|38/100
|-unboost|p2a: Vaporeon|spa|1
|move|p2a: Vaporeon|Wish|p2a: Vaporeon
|
|-heal|p2a: Vaporeon|44/100|[from] item: Leftovers
|upkeep
|turn|23
|
|t:|1743936469
|switch|p1a: Lokix|Lokix, F|84/100
|move|p2a: Vaporeon|Protect||[still]
|-fail|p2a: Vaporeon
|
|-heal|p2a: Vaporeon|94/100|[from] move: Wish|[wisher] Vaporeon
|-heal|p2a: Vaporeon|100/100|[from] item: Leftovers
|upkeep
|turn|24
|
|t:|1743936484
|move|p2a: Vaporeon|Protect|p2a: Vaporeon
|-singleturn|p2a: Vaporeon|Protect
|move|p1a: Lokix|Knock Off|p2a: Vaporeon
|-activate|p2a: Vaporeon|move: Protect
|
|upkeep
|turn|25
|
|t:|1743936489
|switch|p2a: Weezing|Weezing-Galar, M, shiny|74/100
|-fieldstart|move: Misty Terrain|[from] ability: Misty Surge|[of] p2a: Weezing
|move|p1a: Lokix|Knock Off|p2a: Weezing
|-resisted|p2a: Weezing
|-damage|p2a: Weezing|29/100
|
|upkeep
|turn|26
|
|t:|1743936497
|move|p1a: Lokix|Knock Off|p2a: Weezing
|-resisted|p2a: Weezing
|-damage|p2a: Weezing|0 fnt
|faint|p2a: Weezing
|
|upkeep
|
|t:|1743936504
|switch|p2a: Hawlucha|Hawlucha, F, shiny|100/100
|-enditem|p2a: Hawlucha|Misty Seed
|-boost|p2a: Hawlucha|spd|1|[from] item: Misty Seed
|turn|27
|
|t:|1743936529
|switch|p1a: Dragapult|Dragapult, M|100/100
|move|p2a: Hawlucha|Swords Dance|p2a: Hawlucha
|-boost|p2a: Hawlucha|atk|2
|
|upkeep
|turn|28
|
|t:|1743936540
|move|p2a: Hawlucha|Acrobatics|p1a: Dragapult
|-damage|p1a: Dragapult|0 fnt
|faint|p1a: Dragapult
|
|upkeep
|inactive|bsp1 has 120 seconds left.
|
|t:|1743936560
|switch|p1a: Alomomola|Alomomola, M|100/100 brn
|turn|29
|
|t:|1743936566
|move|p2a: Hawlucha|Acrobatics|p1a: Alomomola
|-damage|p1a: Alomomola|39/100 brn
|move|p1a: Alomomola|Play Rough|p2a: Hawlucha
|-supereffective|p2a: Hawlucha
|-damage|p2a: Hawlucha|76/100
|
|-damage|p1a: Alomomola|33/100 brn|[from] brn
|-fieldend|Misty Terrain
|upkeep
|turn|30
|
|t:|1743936577
|move|p2a: Hawlucha|Acrobatics|p1a: Alomomola
|-damage|p1a: Alomomola|0 fnt
|faint|p1a: Alomomola
|
|upkeep
|
|t:|1743936582
|switch|p1a: Lokix|Lokix, F|84/100
|turn|31
|
|t:|1743936589
|-terastallize|p1a: Lokix|Bug
|move|p1a: Lokix|First Impression|p2a: Hawlucha
|-resisted|p2a: Hawlucha
|-damage|p2a: Hawlucha|14/100
|move|p2a: Hawlucha|Acrobatics|p1a: Lokix
|-supereffective|p1a: Lokix
|-damage|p1a: Lokix|0 fnt
|faint|p1a: Lokix
|
|upkeep
|
|t:|1743936600
|switch|p1a: Great Tusk|Great Tusk|100/100
|turn|32
|
|t:|1743936604
|move|p2a: Hawlucha|Acrobatics|p1a: Great Tusk
|-supereffective|p1a: Great Tusk
|-damage|p1a: Great Tusk|0 fnt
|faint|p1a: Great Tusk
|-end|p1a: Great Tusk|Protosynthesis|[silent]
|
|upkeep
|c|☆bsp1|gg
|-message|bsp1 forfeited.
|
|win|Jebus1989_
|raw|bsp1's rating: 1697 &rarr; <strong>1677</strong><br />(-20 for losing)
|raw|Jebus1989_'s rating: 1690 &rarr; <strong>1710</strong><br />(+20 for winning)
|l|☆bsp1
|player|p1|
|l|☆Jebus1989_
|player|p2|
|l| hbaichi
