|j|☆uqamgaming
|j|☆Dr. Drake6782
|t:|1743821434
|gametype|singles
|player|p1|uqamgaming|266|1492
|player|p2|Dr. Drake6782|lance-lgpe|1533
|teamsize|p1|6
|teamsize|p2|6
|gen|9
|tier|[Gen 9] OU
|rated|
|rule|HP Percentage Mod: HP is shown in percentages
|rule|Endless Battle Clause: Forcing endless battles is banned
|rule|Species Clause: Limit one of each Pokémon
|rule|OHKO Clause: OHKO moves are banned
|rule|Evasion Items Clause: Evasion items are banned
|rule|Evasion Moves Clause: Evasion moves are banned
|rule|Sleep Moves Clause: Sleep-inducing moves are banned
|clearpoke
|poke|p1|Weavile, M|
|poke|p1|Dragonite, F|
|poke|p1|Dragapult, M|
|poke|p1|Tinkaton, F|
|poke|p1|Ting-Lu|
|poke|p1|Keldeo-Resolute|
|poke|p2|Alomomola, F|
|poke|p2|Weezing-Galar, M|
|poke|p2|Garganacl, F|
|poke|p2|Kyurem|
|poke|p2|Zamazenta-*|
|poke|p2|Ting-Lu|
|teampreview
|inactive|Battle timer is ON: inactive players will automatically lose when time's up. (requested by Dr. Drake6782)
|j| zzxccc
|
|t:|1743821440
|start
|switch|p1a: Keldeo|Keldeo-Resolute|100/100
|switch|p2a: Garganacl|Garganacl, F, shiny|100/100
|turn|1
|j| Dream Nuzlocke
|inactive|Dr. Drake6782 has 120 seconds left.
|
|t:|1743821492
|-terastallize|p2a: Garganacl|Water
|move|p1a: Keldeo|Secret Sword|p2a: Garganacl
|-damage|p2a: Garganacl|57/100
|move|p2a: Garganacl|Salt Cure|p1a: Keldeo
|-resisted|p1a: Keldeo
|-damage|p1a: Keldeo|92/100
|-start|p1a: Keldeo|Salt Cure
|
|-heal|p2a: Garganacl|63/100|[from] item: Leftovers
|-damage|p1a: Keldeo|67/100|[from] Salt Cure
|upkeep
|turn|2
|
|t:|1743821512
|switch|p1a: Ting-Lu|Ting-Lu|100/100
|-ability|p1a: Ting-Lu|Vessel of Ruin
|move|p2a: Garganacl|Stealth Rock|p1a: Ting-Lu
|-sidestart|p1: uqamgaming|move: Stealth Rock
|
|-heal|p2a: Garganacl|70/100|[from] item: Leftovers
|upkeep
|turn|3
|
|t:|1743821526
|switch|p2a: Weezing|Weezing-Galar, M, shiny|100/100
|-ability|p2a: Weezing|Neutralizing Gas
|move|p1a: Ting-Lu|Spikes|p2a: Weezing
|-sidestart|p2: Dr. Drake6782|Spikes
|
|upkeep
|turn|4
|
|t:|1743821535
|move|p2a: Weezing|Will-O-Wisp|p1a: Ting-Lu
|-status|p1a: Ting-Lu|brn
|move|p1a: Ting-Lu|Earthquake|p2a: Weezing
|-supereffective|p2a: Weezing
|-damage|p2a: Weezing|77/100
|
|-damage|p1a: Ting-Lu|94/100 brn|[from] brn
|upkeep
|turn|5
|
|t:|1743821547
|move|p2a: Weezing|Pain Split|p1a: Ting-Lu
|-sethp|p1a: Ting-Lu|72/100 brn|[from] move: Pain Split|[silent]
|-sethp|p2a: Weezing|100/100|[from] move: Pain Split
|move|p1a: Ting-Lu|Ruination|p2a: Weezing|[miss]
|-miss|p1a: Ting-Lu|p2a: Weezing
|
|-damage|p1a: Ting-Lu|66/100 brn|[from] brn
|upkeep
|turn|6
|
|t:|1743821559
|move|p2a: Weezing|Strange Steam|p1a: Ting-Lu
|-supereffective|p1a: Ting-Lu
|-damage|p1a: Ting-Lu|34/100 brn
|move|p1a: Ting-Lu|Ruination|p2a: Weezing
|-damage|p2a: Weezing|50/100
|
|-damage|p1a: Ting-Lu|28/100 brn|[from] brn
|upkeep
|turn|7
|
|t:|1743821576
|move|p2a: Weezing|Strange Steam|p1a: Ting-Lu
|-supereffective|p1a: Ting-Lu
|-damage|p1a: Ting-Lu|0 fnt
|faint|p1a: Ting-Lu
|
|upkeep
|
|t:|1743821584
|switch|p1a: Keldeo|Keldeo-Resolute|67/100
|-damage|p1a: Keldeo|61/100|[from] Stealth Rock
|turn|8
|
|t:|1743821593
|-end|p2a: Weezing|ability: Neutralizing Gas
|switch|p2a: Alomomola|Alomomola, F|100/100
|move|p1a: Keldeo|Surf|p2a: Alomomola
|-resisted|p2a: Alomomola
|-damage|p2a: Alomomola|67/100
|
|upkeep
|turn|9
|
|t:|1743821605
|move|p1a: Keldeo|Surf|p2a: Alomomola
|-resisted|p2a: Alomomola
|-damage|p2a: Alomomola|37/100
|move|p2a: Alomomola|Wish|p2a: Alomomola
|
|upkeep
|turn|10
|
|t:|1743821614
|switch|p1a: Tinkaton|Tinkaton, F|100/100
|-damage|p1a: Tinkaton|94/100|[from] Stealth Rock
|-ability|p1a: Tinkaton|Mold Breaker
|-item|p1a: Tinkaton|Air Balloon
|move|p2a: Alomomola|Flip Turn|p1a: Tinkaton
|-damage|p1a: Tinkaton|77/100
|-enditem|p1a: Tinkaton|Air Balloon
|
|t:|1743821616
|switch|p2a: Weezing|Weezing-Galar, M, shiny|50/100|[from] Flip Turn
|-ability|p2a: Weezing|Neutralizing Gas
|
|-heal|p2a: Weezing|100/100|[from] move: Wish|[wisher] Alomomola
|upkeep
|turn|11
|
|t:|1743821641
|move|p1a: Tinkaton|Gigaton Hammer|p2a: Weezing
|-supereffective|p2a: Weezing
|-damage|p2a: Weezing|46/100
|move|p2a: Weezing|Will-O-Wisp|p1a: Tinkaton
|-status|p1a: Tinkaton|brn
|
|-damage|p1a: Tinkaton|71/100 brn|[from] brn
|upkeep
|turn|12
|
|t:|1743821657
|move|p1a: Tinkaton|Encore|p2a: Weezing
|-start|p2a: Weezing|Encore
|move|p2a: Weezing|Will-O-Wisp|p1a: Tinkaton
|-fail|p1a: Tinkaton|brn
|
|-damage|p1a: Tinkaton|65/100 brn|[from] brn
|upkeep
|turn|13
|inactive|uqamgaming has 120 seconds left.
|
|t:|1743821673
|-end|p2a: Weezing|ability: Neutralizing Gas
|-ability|p1a: Tinkaton|Mold Breaker
|switch|p2a: Alomomola|Alomomola, F|71/100
|move|p1a: Tinkaton|Stealth Rock|p2a: Alomomola
|-sidestart|p2: Dr. Drake6782|move: Stealth Rock
|
|-damage|p1a: Tinkaton|58/100 brn|[from] brn
|upkeep
|turn|14
|inactive|uqamgaming has 120 seconds left.
|
|t:|1743821690
|move|p1a: Tinkaton|Thunder Wave|p2a: Alomomola
|-status|p2a: Alomomola|par
|move|p2a: Alomomola|Wish|p2a: Alomomola
|
|-damage|p1a: Tinkaton|52/100 brn|[from] brn
|upkeep
|turn|15
|inactive|uqamgaming has 120 seconds left.
|
|t:|1743821704
|switch|p2a: Garganacl|Garganacl, F, shiny, tera:Water|70/100
|-damage|p2a: Garganacl|57/100|[from] Spikes
|-damage|p2a: Garganacl|45/100|[from] Stealth Rock
|move|p1a: Tinkaton|Encore||[still]
|-fail|p1a: Tinkaton
|
|-heal|p2a: Garganacl|100/100|[from] move: Wish|[wisher] Alomomola
|-damage|p1a: Tinkaton|46/100 brn|[from] brn
|upkeep
|turn|16
|inactive|uqamgaming has 120 seconds left.
|
|t:|1743821732
|switch|p1a: Dragapult|Dragapult, M|100/100
|-damage|p1a: Dragapult|88/100|[from] Stealth Rock
|-item|p1a: Dragapult|Air Balloon
|move|p2a: Garganacl|Salt Cure|p1a: Dragapult
|-damage|p1a: Dragapult|71/100
|-start|p1a: Dragapult|Salt Cure
|-enditem|p1a: Dragapult|Air Balloon
|
|-damage|p1a: Dragapult|59/100|[from] Salt Cure
|upkeep
|turn|17
|inactive|uqamgaming has 90 seconds left.
|
|t:|1743821756
|move|p1a: Dragapult|Draco Meteor|p2a: Garganacl
|-damage|p2a: Garganacl|67/100
|-unboost|p1a: Dragapult|spa|2
|move|p2a: Garganacl|Salt Cure|p1a: Dragapult
|-damage|p1a: Dragapult|40/100
|
|-heal|p2a: Garganacl|73/100|[from] item: Leftovers
|-damage|p1a: Dragapult|28/100|[from] Salt Cure
|upkeep
|turn|18
|inactive|uqamgaming has 90 seconds left.
|
|t:|1743821779
|move|p1a: Dragapult|U-turn|p2a: Garganacl
|-damage|p2a: Garganacl|62/100
|
|t:|1743821784
|switch|p1a: Keldeo|Keldeo-Resolute|61/100|[from] U-turn
|-damage|p1a: Keldeo|55/100|[from] Stealth Rock
|move|p2a: Garganacl|Recover|p2a: Garganacl
|-heal|p2a: Garganacl|100/100
|
|upkeep
|turn|19
|
|t:|1743821805
|move|p1a: Keldeo|Secret Sword|p2a: Garganacl
|-damage|p2a: Garganacl|54/100
|move|p2a: Garganacl|Salt Cure|p1a: Keldeo
|-resisted|p1a: Keldeo
|-damage|p1a: Keldeo|47/100
|-start|p1a: Keldeo|Salt Cure
|
|-heal|p2a: Garganacl|60/100|[from] item: Leftovers
|-damage|p1a: Keldeo|22/100|[from] Salt Cure
|upkeep
|turn|20
|inactive|uqamgaming has 60 seconds left.
|
|t:|1743821828
|switch|p1a: Dragonite|Dragonite, F|100/100
|move|p2a: Garganacl|Protect||[still]
|-fail|p2a: Garganacl
|
|-heal|p2a: Garganacl|66/100|[from] item: Leftovers
|upkeep
|turn|21
|inactive|uqamgaming has 60 seconds left.
|
|t:|1743821845
|move|p1a: Dragonite|Dragon Dance|p1a: Dragonite
|-boost|p1a: Dragonite|atk|1
|-boost|p1a: Dragonite|spe|1
|move|p2a: Garganacl|Salt Cure|p1a: Dragonite
|-supereffective|p1a: Dragonite
|-damage|p1a: Dragonite|86/100
|-start|p1a: Dragonite|Salt Cure
|
|-heal|p2a: Garganacl|72/100|[from] item: Leftovers
|-damage|p1a: Dragonite|73/100|[from] Salt Cure
|upkeep
|turn|22
|inactive|uqamgaming has 60 seconds left.
|
|t:|1743821868
|-terastallize|p1a: Dragonite|Fairy
|move|p1a: Dragonite|Dragon Dance|p1a: Dragonite
|-boost|p1a: Dragonite|atk|1
|-boost|p1a: Dragonite|spe|1
|move|p2a: Garganacl|Salt Cure|p1a: Dragonite
|-damage|p1a: Dragonite|59/100
|
|-heal|p2a: Garganacl|78/100|[from] item: Leftovers
|-damage|p1a: Dragonite|47/100|[from] Salt Cure
|upkeep
|turn|23
|inactive|uqamgaming has 30 seconds left.
|
|t:|1743821896
|move|p1a: Dragonite|Dragon Dance|p1a: Dragonite
|-boost|p1a: Dragonite|atk|1
|-boost|p1a: Dragonite|spe|1
|move|p2a: Garganacl|Recover|p2a: Garganacl
|-heal|p2a: Garganacl|100/100
|
|-damage|p1a: Dragonite|35/100|[from] Salt Cure
|upkeep
|turn|24
|inactive|uqamgaming has 30 seconds left.
|inactive|uqamgaming has 20 seconds left.
|
|t:|1743821917
|move|p2a: Garganacl|Protect|p2a: Garganacl
|-singleturn|p2a: Garganacl|Protect
|move|p1a: Dragonite|Encore|p2a: Garganacl
|-activate|p2a: Garganacl|move: Protect
|
|-damage|p1a: Dragonite|22/100|[from] Salt Cure
|upkeep
|turn|25
|inactive|uqamgaming has 30 seconds left this turn.
|inactive|uqamgaming has 20 seconds left.
|inactive|uqamgaming has 15 seconds left.
|inactive|uqamgaming has 10 seconds left.
|
|t:|1743821939
|switch|p2a: Weezing|Weezing-Galar, M, shiny|46/100
|-ability|p2a: Weezing|Neutralizing Gas
|move|p1a: Dragonite|Tera Blast|p2a: Weezing|[anim] Tera Blast Fairy
|-resisted|p2a: Weezing
|-damage|p2a: Weezing|13/100
|
|-damage|p1a: Dragonite|10/100|[from] Salt Cure
|upkeep
|turn|26
|inactive|uqamgaming has 20 seconds left this turn.
|
|t:|1743821946
|move|p1a: Dragonite|Earthquake|p2a: Weezing
|-supereffective|p2a: Weezing
|-damage|p2a: Weezing|0 fnt
|faint|p2a: Weezing
|-end|p2a: Weezing|ability: Neutralizing Gas
|
|-damage|p1a: Dragonite|0 fnt|[from] Salt Cure
|faint|p1a: Dragonite
|upkeep
|inactive|uqamgaming has 30 seconds left this turn.
|
|t:|1743821952
|switch|p1a: Weavile|Weavile, M|100/100
|switch|p2a: Garganacl|Garganacl, F, shiny, tera:Water|100/100
|-ability|p1a: Weavile|Pressure
|-damage|p2a: Garganacl|88/100|[from] Spikes
|-damage|p2a: Garganacl|76/100|[from] Stealth Rock
|turn|27
|
|t:|1743821957
|move|p1a: Weavile|Swords Dance|p1a: Weavile
|-boost|p1a: Weavile|atk|2
|move|p2a: Garganacl|Salt Cure|p1a: Weavile
|-supereffective|p1a: Weavile
|-damage|p1a: Weavile|54/100
|-start|p1a: Weavile|Salt Cure
|
|-heal|p2a: Garganacl|82/100|[from] item: Leftovers
|-damage|p1a: Weavile|41/100|[from] Salt Cure
|upkeep
|turn|28
|
|t:|1743821964
|move|p1a: Weavile|Knock Off|p2a: Garganacl
|-damage|p2a: Garganacl|19/100
|-enditem|p2a: Garganacl|Leftovers|[from] move: Knock Off|[of] p1a: Weavile
|move|p2a: Garganacl|Recover|p2a: Garganacl
|-heal|p2a: Garganacl|69/100
|
|-damage|p1a: Weavile|29/100|[from] Salt Cure
|upkeep
|turn|29
|
|t:|1743821968
|move|p2a: Garganacl|Protect|p2a: Garganacl
|-singleturn|p2a: Garganacl|Protect
|move|p1a: Weavile|Knock Off|p2a: Garganacl
|-activate|p2a: Garganacl|move: Protect
|
|-damage|p1a: Weavile|16/100|[from] Salt Cure
|upkeep
|turn|30
|inactive|uqamgaming has 60 seconds left.
|
|t:|1743821974
|move|p1a: Weavile|Triple Axel|p2a: Garganacl
|-resisted|p2a: Garganacl
|-damage|p2a: Garganacl|62/100
|-resisted|p2a: Garganacl
|-damage|p2a: Garganacl|50/100
|-resisted|p2a: Garganacl
|-damage|p2a: Garganacl|30/100
|-hitcount|p2a: Garganacl|3
|move|p2a: Garganacl|Recover|p2a: Garganacl
|-heal|p2a: Garganacl|80/100
|
|-damage|p1a: Weavile|4/100|[from] Salt Cure
|upkeep
|turn|31
|
|t:|1743821978
|move|p2a: Garganacl|Protect|p2a: Garganacl
|-singleturn|p2a: Garganacl|Protect
|move|p1a: Weavile|Knock Off|p2a: Garganacl
|-activate|p2a: Garganacl|move: Protect
|
|-damage|p1a: Weavile|0 fnt|[from] Salt Cure
|faint|p1a: Weavile
|upkeep
|-message|uqamgaming forfeited.
|
|win|Dr. Drake6782
|raw|uqamgaming's rating: 1492 &rarr; <strong>1473</strong><br />(-19 for losing)
|raw|Dr. Drake6782's rating: 1512 &rarr; <strong>1531</strong><br />(+19 for winning)
|l|☆uqamgaming
|player|p1|
