|j|☆blufferfish2009!
|j|☆Pedro_Gil_2502
|t:|1743878453
|gametype|singles
|player|p1|blufferfish2009!|iris-gen5bw2|1620
|player|p2|Pedro_Gil_2502|waiter-gen4dp|1657
|teamsize|p1|6
|teamsize|p2|6
|gen|9
|tier|[Gen 9] OU
|rated|
|rule|HP Percentage Mod: HP is shown in percentages
|rule|Endless Battle Clause: Forcing endless battles is banned
|rule|Species Clause: Limit one of each Pokémon
|rule|OHKO Clause: OHKO moves are banned
|rule|Evasion Items Clause: Evasion items are banned
|rule|Evasion Moves Clause: Evasion moves are banned
|rule|Sleep Moves Clause: Sleep-inducing moves are banned
|clearpoke
|poke|p1|Magnezone|
|poke|p1|Ting-Lu|
|poke|p1|Sinistcha|
|poke|p1|Scizor, F|
|poke|p1|Walking Wake|
|poke|p1|Great Tusk|
|poke|p2|Ting-Lu|
|poke|p2|Kyurem|
|poke|p2|Great Tusk|
|poke|p2|Ogerpon-Cornerstone, F|
|poke|p2|Samurott-Hisui, F|
|poke|p2|Pecharunt|
|teampreview
|inactive|Battle timer is ON: inactive players will automatically lose when time's up. (requested by Pedro_Gil_2502)
|
|t:|1743878467
|start
|switch|p1a: Scizor|Scizor, F|100/100
|switch|p2a: Pecharunt|Pecharunt|100/100
|turn|1
|
|t:|1743878472
|move|p2a: Pecharunt|Recover||[still]
|-fail|p2a: Pecharunt|heal
|move|p1a: Scizor|Knock Off|p2a: Pecharunt
|-supereffective|p2a: Pecharunt
|-damage|p2a: Pecharunt|15/100
|-enditem|p2a: Pecharunt|Heavy-Duty Boots|[from] move: Knock Off|[of] p1a: Scizor
|
|upkeep
|turn|2
|
|t:|1743878476
|move|p2a: Pecharunt|Parting Shot|p1a: Scizor
|-unboost|p1a: Scizor|atk|1
|-unboost|p1a: Scizor|spa|1
|
|t:|1743878479
|switch|p2a: Samurott|Samurott-Hisui, F|100/100|[from] Parting Shot
|move|p1a: Scizor|Knock Off|p2a: Samurott
|-resisted|p2a: Samurott
|-crit|p2a: Samurott
|-damage|p2a: Samurott|46/100
|-enditem|p2a: Samurott|Focus Sash|[from] move: Knock Off|[of] p1a: Scizor
|
|upkeep
|turn|3
|c|☆Pedro_Gil_2502|hmm
|c|☆blufferfish2009!|sorry brother
|
|t:|1743878497
|switch|p1a: Great Tusk|Great Tusk|100/100
|-enditem|p1a: Great Tusk|Booster Energy
|-activate|p1a: Great Tusk|ability: Protosynthesis|[fromitem]
|-start|p1a: Great Tusk|protosynthesisspe
|move|p2a: Samurott|Ceaseless Edge|p1a: Great Tusk
|-resisted|p1a: Great Tusk
|-damage|p1a: Great Tusk|87/100
|-sidestart|p1: blufferfish2009!|Spikes
|
|upkeep
|turn|4
|
|t:|1743878505
|move|p1a: Great Tusk|Close Combat|p2a: Samurott
|-supereffective|p2a: Samurott
|-damage|p2a: Samurott|0 fnt
|-unboost|p1a: Great Tusk|def|1
|-unboost|p1a: Great Tusk|spd|1
|faint|p2a: Samurott
|
|upkeep
|
|t:|1743878514
|switch|p2a: Great Tusk|Great Tusk|100/100
|turn|5
|
|t:|1743878523
|-end|p1a: Great Tusk|Protosynthesis|[silent]
|switch|p1a: Sinistcha|Sinistcha|100/100
|move|p2a: Great Tusk|Earthquake|p1a: Sinistcha
|-resisted|p1a: Sinistcha
|-damage|p1a: Sinistcha|79/100
|
|upkeep
|turn|6
|
|t:|1743878529
|move|p2a: Great Tusk|Knock Off|p1a: Sinistcha
|-supereffective|p1a: Sinistcha
|-damage|p1a: Sinistcha|31/100
|-enditem|p1a: Sinistcha|Heavy-Duty Boots|[from] move: Knock Off|[of] p2a: Great Tusk
|move|p1a: Sinistcha|Shadow Ball|p2a: Great Tusk
|-damage|p2a: Great Tusk|52/100
|
|-heal|p2a: Great Tusk|58/100|[from] item: Leftovers
|upkeep
|turn|7
|
|t:|1743878536
|move|p2a: Great Tusk|Knock Off|p1a: Sinistcha
|-supereffective|p1a: Sinistcha
|-damage|p1a: Sinistcha|0 fnt
|faint|p1a: Sinistcha
|
|-heal|p2a: Great Tusk|64/100|[from] item: Leftovers
|upkeep
|
|t:|1743878539
|switch|p1a: Walking Wake|Walking Wake|100/100
|turn|8
|
|t:|1743878543
|move|p1a: Walking Wake|Scald|p2a: Great Tusk
|-supereffective|p2a: Great Tusk
|-damage|p2a: Great Tusk|0 fnt
|faint|p2a: Great Tusk
|-end|p2a: Great Tusk|Protosynthesis|[silent]
|
|upkeep
|
|t:|1743878546
|switch|p2a: Ogerpon|Ogerpon-Cornerstone, F|100/100
|turn|9
|
|t:|1743878550
|move|p2a: Ogerpon|Swords Dance|p2a: Ogerpon
|-boost|p2a: Ogerpon|atk|2
|move|p1a: Walking Wake|Draco Meteor|p2a: Ogerpon
|-damage|p2a: Ogerpon|22/100
|-unboost|p1a: Walking Wake|spa|2
|
|upkeep
|turn|10
|
|t:|1743878558
|-end|p1a: Walking Wake|Protosynthesis|[silent]
|switch|p1a: Magnezone|Magnezone, shiny|100/100
|-item|p1a: Magnezone|Air Balloon
|move|p2a: Ogerpon|Horn Leech|p1a: Magnezone
|-resisted|p1a: Magnezone
|-damage|p1a: Magnezone|72/100
|-heal|p2a: Ogerpon|39/100|[from] drain|[of] p1a: Magnezone
|-enditem|p1a: Magnezone|Air Balloon
|
|upkeep
|turn|11
|
|t:|1743878564
|move|p2a: Ogerpon|Low Kick|p1a: Magnezone
|-supereffective|p1a: Magnezone
|-damage|p1a: Magnezone|0 fnt
|faint|p1a: Magnezone
|
|upkeep
|
|t:|1743878566
|switch|p1a: Scizor|Scizor, F|100/100
|-damage|p1a: Scizor|88/100|[from] Spikes
|turn|12
|
|t:|1743878570
|switch|p2a: Pecharunt|Pecharunt|15/100
|move|p1a: Scizor|Bullet Punch|p2a: Pecharunt
|-damage|p2a: Pecharunt|0 fnt
|faint|p2a: Pecharunt
|
|upkeep
|
|t:|1743878573
|switch|p2a: Ting-Lu|Ting-Lu|100/100
|-ability|p2a: Ting-Lu|Vessel of Ruin
|turn|13
|
|t:|1743878579
|switch|p1a: Great Tusk|Great Tusk|87/100
|-damage|p1a: Great Tusk|75/100|[from] Spikes
|move|p2a: Ting-Lu|Earthquake|p1a: Great Tusk
|-damage|p1a: Great Tusk|49/100
|
|upkeep
|turn|14
|
|t:|1743878584
|move|p1a: Great Tusk|Close Combat|p2a: Ting-Lu
|-supereffective|p2a: Ting-Lu
|-damage|p2a: Ting-Lu|57/100
|-unboost|p1a: Great Tusk|def|1
|-unboost|p1a: Great Tusk|spd|1
|move|p2a: Ting-Lu|Ruination|p1a: Great Tusk
|-damage|p1a: Great Tusk|25/100
|
|-heal|p2a: Ting-Lu|64/100|[from] item: Leftovers
|upkeep
|turn|15
|
|t:|1743878595
|move|p1a: Great Tusk|Rapid Spin|p2a: Ting-Lu
|-damage|p2a: Ting-Lu|57/100
|-boost|p1a: Great Tusk|spe|1
|-sideend|p1: blufferfish2009!|Spikes|[from] move: Rapid Spin|[of] p1a: Great Tusk
|move|p2a: Ting-Lu|Earthquake|p1a: Great Tusk
|-damage|p1a: Great Tusk|0 fnt
|faint|p1a: Great Tusk
|-end|p1a: Great Tusk|Protosynthesis|[silent]
|
|-heal|p2a: Ting-Lu|64/100|[from] item: Leftovers
|upkeep
|
|t:|1743878599
|switch|p1a: Walking Wake|Walking Wake|100/100
|turn|16
|
|t:|1743878602
|move|p1a: Walking Wake|Scald|p2a: Ting-Lu
|-supereffective|p2a: Ting-Lu
|-damage|p2a: Ting-Lu|16/100
|-status|p2a: Ting-Lu|brn
|move|p2a: Ting-Lu|Ruination|p1a: Walking Wake
|-damage|p1a: Walking Wake|51/100
|
|-heal|p2a: Ting-Lu|23/100 brn|[from] item: Leftovers
|-damage|p2a: Ting-Lu|16/100 brn|[from] brn
|upkeep
|turn|17
|
|t:|1743878606
|move|p1a: Walking Wake|Flip Turn|p2a: Ting-Lu
|-supereffective|p2a: Ting-Lu
|-damage|p2a: Ting-Lu|2/100 brn
|
|t:|1743878612
|-end|p1a: Walking Wake|Protosynthesis|[silent]
|switch|p1a: Scizor|Scizor, F|88/100|[from] Flip Turn
|move|p2a: Ting-Lu|Stealth Rock|p1a: Scizor
|-sidestart|p1: blufferfish2009!|move: Stealth Rock
|
|-heal|p2a: Ting-Lu|8/100 brn|[from] item: Leftovers
|-damage|p2a: Ting-Lu|2/100 brn|[from] brn
|upkeep
|turn|18
|
|t:|1743878615
|move|p1a: Scizor|Bullet Punch|p2a: Ting-Lu
|-damage|p2a: Ting-Lu|0 fnt
|faint|p2a: Ting-Lu
|
|upkeep
|
|t:|1743878623
|switch|p2a: Kyurem|Kyurem|100/100
|-ability|p2a: Kyurem|Pressure
|turn|19
|
|t:|1743878626
|switch|p1a: Ting-Lu|Ting-Lu|100/100
|-damage|p1a: Ting-Lu|94/100|[from] Stealth Rock
|-ability|p1a: Ting-Lu|Vessel of Ruin
|-terastallize|p2a: Kyurem|Fairy
|move|p2a: Kyurem|Ice Beam|p1a: Ting-Lu
|-supereffective|p1a: Ting-Lu
|-damage|p1a: Ting-Lu|55/100
|
|-heal|p1a: Ting-Lu|62/100|[from] item: Leftovers
|upkeep
|turn|20
|
|t:|1743878632
|switch|p2a: Ogerpon|Ogerpon-Cornerstone, F|39/100
|move|p1a: Ting-Lu|Earthquake|p2a: Ogerpon
|-damage|p2a: Ogerpon|0 fnt
|faint|p2a: Ogerpon
|
|-heal|p1a: Ting-Lu|68/100|[from] item: Leftovers
|upkeep
|
|t:|1743878635
|switch|p2a: Kyurem|Kyurem, tera:Fairy|100/100
|-ability|p2a: Kyurem|Pressure
|turn|21
|c|☆Pedro_Gil_2502|Wp
|
|t:|1743878643
|-terastallize|p1a: Ting-Lu|Ghost
|move|p2a: Kyurem|Ice Beam|p1a: Ting-Lu
|-damage|p1a: Ting-Lu|47/100
|move|p1a: Ting-Lu|Earthquake|p2a: Kyurem
|-damage|p2a: Kyurem|66/100
|
|-heal|p1a: Ting-Lu|53/100|[from] item: Leftovers
|upkeep
|turn|22
|c|☆blufferfish2009!|ty gg wp
|-message|Pedro_Gil_2502 forfeited.
|
|win|blufferfish2009!
|raw|blufferfish2009!'s rating: 1620 &rarr; <strong>1642</strong><br />(+22 for winning)
|raw|Pedro_Gil_2502's rating: 1657 &rarr; <strong>1635</strong><br />(-22 for losing)
|l|☆Pedro_Gil_2502
|player|p2|
|l|☆blufferfish2009!
|player|p1|
