|j|☆Quintesshou
|j|☆dajen_c17
|t:|1743874262
|gametype|singles
|player|p1|Quintesshou|clerkf|1119
|player|p2|dajen_c17|roxie|1174
|teamsize|p1|6
|teamsize|p2|6
|gen|9
|tier|[Gen 9] OU
|rated|
|rule|HP Percentage Mod: HP is shown in percentages
|rule|Endless Battle Clause: Forcing endless battles is banned
|rule|Species Clause: Limit one of each Pokémon
|rule|OHKO Clause: OHKO moves are banned
|rule|Evasion Items Clause: Evasion items are banned
|rule|Evasion Moves Clause: Evasion moves are banned
|rule|Sleep Moves Clause: Sleep-inducing moves are banned
|clearpoke
|poke|p1|Hatterene, F|
|poke|p1|Alcremie-Ruby-Cream, F|
|poke|p1|Alomomola, F|
|poke|p1|Medicham, F|
|poke|p1|Diancie|
|poke|p1|Vivillon, F|
|poke|p2|Weavile, F|
|poke|p2|Corviknight, F|
|poke|p2|Great Tusk|
|poke|p2|Cinderace, F|
|poke|p2|Iron Valiant|
|poke|p2|Primarina, F|
|teampreview
|inactive|Battle timer is ON: inactive players will automatically lose when time's up. (requested by Quintesshou)
|c|☆dajen_c17|Pink Panther
|c|☆Quintesshou|yes :D
|inactive|dajen_c17 has 120 seconds left.
|c|☆dajen_c17|I love ur team
|c|☆Quintesshou|tyyy <3
|
|t:|1743874303
|start
|switch|p1a: Hatterene|Hatterene, F, shiny|100/100
|switch|p2a: Corviknight|Corviknight, F|100/100
|-ability|p2a: Corviknight|Pressure
|turn|1
|
|t:|1743874312
|move|p2a: Corviknight|U-turn|p1a: Hatterene
|-damage|p1a: Hatterene|84/100
|
|t:|1743874320
|switch|p2a: Cinderace|Cinderace, F|100/100|[from] U-turn
|move|p1a: Hatterene|Reflect|p1a: Hatterene
|-sidestart|p1: Quintesshou|Reflect
|
|upkeep
|turn|2
|
|t:|1743874328
|move|p2a: Cinderace|U-turn|p1a: Hatterene
|-start|p2a: Cinderace|typechange|Bug|[from] ability: Libero
|-damage|p1a: Hatterene|63/100
|
|t:|1743874332
|switch|p2a: Corviknight|Corviknight, F|100/100|[from] U-turn
|-ability|p2a: Corviknight|Pressure
|move|p1a: Hatterene|Light Screen|p1a: Hatterene
|-sidestart|p1: Quintesshou|move: Light Screen
|
|upkeep
|turn|3
|
|t:|1743874343
|move|p2a: Corviknight|U-turn|p1a: Hatterene
|-damage|p1a: Hatterene|55/100
|
|t:|1743874346
|switch|p2a: Great Tusk|Great Tusk|100/100|[from] U-turn
|move|p1a: Hatterene|Nuzzle|p2a: Great Tusk
|-immune|p2a: Great Tusk
|
|upkeep
|turn|4
|
|t:|1743874364
|switch|p1a: Vivillon|Vivillon, F, shiny|100/100
|move|p2a: Great Tusk|Stealth Rock|p1a: Vivillon
|-sidestart|p1: Quintesshou|move: Stealth Rock
|
|upkeep
|turn|5
|
|t:|1743874375
|move|p1a: Vivillon|Tailwind|p1a: Vivillon
|-sidestart|p1: Quintesshou|move: Tailwind
|move|p2a: Great Tusk|Ice Spinner|p1a: Vivillon
|-supereffective|p1a: Vivillon
|-damage|p1a: Vivillon|58/100
|
|upkeep
|turn|6
|
|t:|1743874382
|switch|p1a: Medicham|Medicham, F|100/100
|-damage|p1a: Medicham|94/100|[from] Stealth Rock
|move|p2a: Great Tusk|Ice Spinner|p1a: Medicham
|-damage|p1a: Medicham|69/100
|
|upkeep
|turn|7
|
|t:|1743874396
|move|p1a: Medicham|Fake Out|p2a: Great Tusk
|-crit|p2a: Great Tusk
|-damage|p2a: Great Tusk|81/100
|-damage|p1a: Medicham|53/100|[from] item: Rocky Helmet|[of] p2a: Great Tusk
|cant|p2a: Great Tusk|flinch
|
|upkeep
|turn|8
|
|t:|1743874403
|move|p1a: Medicham|Trailblaze|p2a: Great Tusk
|-supereffective|p2a: Great Tusk
|-damage|p2a: Great Tusk|47/100
|-boost|p1a: Medicham|spe|1
|-damage|p1a: Medicham|37/100|[from] item: Rocky Helmet|[of] p2a: Great Tusk
|move|p2a: Great Tusk|Headlong Rush|p1a: Medicham
|-damage|p1a: Medicham|0 fnt
|-unboost|p2a: Great Tusk|def|1
|-unboost|p2a: Great Tusk|spd|1
|faint|p1a: Medicham
|
|-sideend|p1: Quintesshou|Reflect
|-sideend|p1: Quintesshou|move: Tailwind
|upkeep
|
|t:|1743874419
|switch|p1a: Vivillon|Vivillon, F, shiny|58/100
|-damage|p1a: Vivillon|8/100|[from] Stealth Rock
|turn|9
|
|t:|1743874426
|move|p1a: Vivillon|Tailwind|p1a: Vivillon
|-sidestart|p1: Quintesshou|move: Tailwind
|move|p2a: Great Tusk|Ice Spinner|p1a: Vivillon
|-supereffective|p1a: Vivillon
|-damage|p1a: Vivillon|0 fnt
|faint|p1a: Vivillon
|
|-sideend|p1: Quintesshou|move: Light Screen
|upkeep
|
|t:|1743874442
|switch|p1a: Alomomola|Alomomola, F|100/100
|turn|10
|
|t:|1743874451
|-end|p2a: Great Tusk|Protosynthesis|[silent]
|switch|p2a: Corviknight|Corviknight, F|100/100
|-ability|p2a: Corviknight|Pressure
|move|p1a: Alomomola|Aqua Jet|p2a: Corviknight
|-damage|p2a: Corviknight|94/100
|
|-heal|p2a: Corviknight|100/100|[from] item: Leftovers
|upkeep
|turn|11
|
|t:|1743874463
|move|p1a: Alomomola|Wish|p1a: Alomomola
|move|p2a: Corviknight|Brave Bird|p1a: Alomomola
|-damage|p1a: Alomomola|82/100
|-damage|p2a: Corviknight|92/100|[from] Recoil
|
|-heal|p2a: Corviknight|98/100|[from] item: Leftovers
|upkeep
|turn|12
|
|t:|1743874471
|move|p1a: Alomomola|Flip Turn|p2a: Corviknight
|-damage|p2a: Corviknight|90/100
|
|t:|1743874474
|switch|p1a: Hatterene|Hatterene, F, shiny|55/100|[from] Flip Turn
|-damage|p1a: Hatterene|43/100|[from] Stealth Rock
|move|p2a: Corviknight|U-turn|p1a: Hatterene
|-damage|p1a: Hatterene|27/100
|
|t:|1743874487
|switch|p2a: Weavile|Weavile, F|100/100|[from] U-turn
|-ability|p2a: Weavile|Pressure
|
|-heal|p1a: Hatterene|100/100|[from] move: Wish|[wisher] Alomomola
|-sideend|p1: Quintesshou|move: Tailwind
|upkeep
|turn|13
|
|t:|1743874505
|-terastallize|p2a: Weavile|Dark
|move|p2a: Weavile|Knock Off|p1a: Hatterene
|-damage|p1a: Hatterene|0 fnt
|-enditem|p1a: Hatterene|Light Clay|[from] move: Knock Off|[of] p2a: Weavile
|faint|p1a: Hatterene
|
|upkeep
|
|t:|1743874515
|switch|p1a: Diancie|Diancie, shiny|100/100
|-damage|p1a: Diancie|88/100|[from] Stealth Rock
|turn|14
|
|t:|1743874524
|switch|p2a: Primarina|Primarina, F|100/100
|move|p1a: Diancie|Trick Room|p1a: Diancie
|-fieldstart|move: Trick Room|[of] p1a: Diancie
|
|upkeep
|turn|15
|
|t:|1743874541
|-terastallize|p1a: Diancie|Rock
|move|p1a: Diancie|Diamond Storm|p2a: Primarina
|-damage|p2a: Primarina|34/100
|-boost|p1a: Diancie|def|2
|move|p2a: Primarina|Surf|p1a: Diancie
|-supereffective|p1a: Diancie
|-damage|p1a: Diancie|0 fnt
|faint|p1a: Diancie
|
|upkeep
|
|t:|1743874552
|switch|p1a: Alcremie|Alcremie-Ruby-Cream, F|100/100
|-damage|p1a: Alcremie|88/100|[from] Stealth Rock
|turn|16
|
|t:|1743874559
|switch|p2a: Corviknight|Corviknight, F|90/100
|-ability|p2a: Corviknight|Pressure
|move|p1a: Alcremie|Calm Mind|p1a: Alcremie
|-boost|p1a: Alcremie|spa|1
|-boost|p1a: Alcremie|spd|1
|
|-heal|p2a: Corviknight|96/100|[from] item: Leftovers
|-heal|p1a: Alcremie|94/100|[from] item: Leftovers
|upkeep
|turn|17
|
|t:|1743874568
|move|p2a: Corviknight|Brave Bird|p1a: Alcremie
|-damage|p1a: Alcremie|47/100
|-damage|p2a: Corviknight|83/100|[from] Recoil
|move|p1a: Alcremie|Acid Armor|p1a: Alcremie
|-boost|p1a: Alcremie|def|2
|
|-heal|p2a: Corviknight|89/100|[from] item: Leftovers
|-heal|p1a: Alcremie|53/100|[from] item: Leftovers
|upkeep
|turn|18
|
|t:|1743874577
|move|p2a: Corviknight|Brave Bird|p1a: Alcremie
|-damage|p1a: Alcremie|28/100
|-damage|p2a: Corviknight|82/100|[from] Recoil
|move|p1a: Alcremie|Recover|p1a: Alcremie
|-heal|p1a: Alcremie|78/100
|
|-heal|p2a: Corviknight|88/100|[from] item: Leftovers
|-heal|p1a: Alcremie|84/100|[from] item: Leftovers
|-fieldend|move: Trick Room
|upkeep
|turn|19
|
|t:|1743874601
|move|p1a: Alcremie|Acid Armor|p1a: Alcremie
|-boost|p1a: Alcremie|def|2
|move|p2a: Corviknight|U-turn|p1a: Alcremie
|-resisted|p1a: Alcremie
|-damage|p1a: Alcremie|81/100
|
|t:|1743874610
|switch|p2a: Primarina|Primarina, F|34/100|[from] U-turn
|
|-heal|p1a: Alcremie|87/100|[from] item: Leftovers
|upkeep
|turn|20
|
|t:|1743874616
|move|p1a: Alcremie|Calm Mind|p1a: Alcremie
|-boost|p1a: Alcremie|spa|1
|-boost|p1a: Alcremie|spd|1
|move|p2a: Primarina|Surf|p1a: Alcremie
|-damage|p1a: Alcremie|56/100
|
|-heal|p1a: Alcremie|62/100|[from] item: Leftovers
|upkeep
|turn|21
|
|t:|1743874623
|move|p1a: Alcremie|Calm Mind|p1a: Alcremie
|-boost|p1a: Alcremie|spa|1
|-boost|p1a: Alcremie|spd|1
|move|p2a: Primarina|Flip Turn|p1a: Alcremie
|-damage|p1a: Alcremie|52/100
|
|t:|1743874635
|switch|p2a: Iron Valiant|Iron Valiant|100/100|[from] Flip Turn
|-enditem|p2a: Iron Valiant|Booster Energy
|-activate|p2a: Iron Valiant|ability: Quark Drive|[fromitem]
|-start|p2a: Iron Valiant|quarkdrivespe
|
|-heal|p1a: Alcremie|58/100|[from] item: Leftovers
|upkeep
|turn|22
|
|t:|1743874644
|move|p2a: Iron Valiant|Swords Dance|p2a: Iron Valiant
|-boost|p2a: Iron Valiant|atk|2
|move|p1a: Alcremie|Recover|p1a: Alcremie
|-heal|p1a: Alcremie|100/100
|
|upkeep
|turn|23
|
|t:|1743874653
|move|p2a: Iron Valiant|Spirit Break|p1a: Alcremie
|-damage|p1a: Alcremie|68/100
|-unboost|p1a: Alcremie|spa|1
|move|p1a: Alcremie|Stored Power|p2a: Iron Valiant
|-supereffective|p2a: Iron Valiant
|-damage|p2a: Iron Valiant|0 fnt
|faint|p2a: Iron Valiant
|-end|p2a: Iron Valiant|Quark Drive|[silent]
|
|-heal|p1a: Alcremie|74/100|[from] item: Leftovers
|upkeep
|
|t:|1743874668
|switch|p2a: Cinderace|Cinderace, F|100/100
|turn|24
|
|t:|1743874680
|move|p2a: Cinderace|Pyro Ball|p1a: Alcremie
|-damage|p1a: Alcremie|50/100
|-status|p1a: Alcremie|brn
|move|p1a: Alcremie|Calm Mind|p1a: Alcremie
|-boost|p1a: Alcremie|spa|1
|-boost|p1a: Alcremie|spd|1
|
|-heal|p1a: Alcremie|56/100 brn|[from] item: Leftovers
|-damage|p1a: Alcremie|50/100 brn|[from] brn
|upkeep
|turn|25
|
|t:|1743874690
|move|p2a: Cinderace|Pyro Ball|p1a: Alcremie
|-damage|p1a: Alcremie|25/100 brn
|move|p1a: Alcremie|Recover|p1a: Alcremie
|-heal|p1a: Alcremie|75/100 brn
|
|-heal|p1a: Alcremie|81/100 brn|[from] item: Leftovers
|-damage|p1a: Alcremie|75/100 brn|[from] brn
|upkeep
|turn|26
|
|t:|1743874698
|move|p2a: Cinderace|Pyro Ball|p1a: Alcremie
|-damage|p1a: Alcremie|48/100 brn
|move|p1a: Alcremie|Recover|p1a: Alcremie
|-heal|p1a: Alcremie|98/100 brn
|
|-heal|p1a: Alcremie|100/100 brn|[from] item: Leftovers
|-damage|p1a: Alcremie|95/100 brn|[from] brn
|upkeep
|turn|27
|
|t:|1743874706
|move|p2a: Cinderace|Pyro Ball|p1a: Alcremie
|-damage|p1a: Alcremie|68/100 brn
|move|p1a: Alcremie|Calm Mind|p1a: Alcremie
|-boost|p1a: Alcremie|spa|1
|-boost|p1a: Alcremie|spd|1
|
|-heal|p1a: Alcremie|74/100 brn|[from] item: Leftovers
|-damage|p1a: Alcremie|68/100 brn|[from] brn
|upkeep
|turn|28
|
|t:|1743874714
|move|p2a: Cinderace|Pyro Ball|p1a: Alcremie
|-damage|p1a: Alcremie|43/100 brn
|move|p1a: Alcremie|Calm Mind|p1a: Alcremie
|-boost|p1a: Alcremie|spa|1
|-boost|p1a: Alcremie|spd|1
|
|-heal|p1a: Alcremie|49/100 brn|[from] item: Leftovers
|-damage|p1a: Alcremie|43/100 brn|[from] brn
|upkeep
|turn|29
|
|t:|1743874721
|move|p2a: Cinderace|Pyro Ball|p1a: Alcremie
|-damage|p1a: Alcremie|17/100 brn
|move|p1a: Alcremie|Recover|p1a: Alcremie
|-heal|p1a: Alcremie|67/100 brn
|
|-heal|p1a: Alcremie|73/100 brn|[from] item: Leftovers
|-damage|p1a: Alcremie|67/100 brn|[from] brn
|upkeep
|turn|30
|
|t:|1743874730
|move|p2a: Cinderace|Pyro Ball|p1a: Alcremie
|-damage|p1a: Alcremie|42/100 brn
|move|p1a: Alcremie|Recover|p1a: Alcremie
|-heal|p1a: Alcremie|92/100 brn
|
|-heal|p1a: Alcremie|98/100 brn|[from] item: Leftovers
|-damage|p1a: Alcremie|92/100 brn|[from] brn
|upkeep
|turn|31
|
|t:|1743874738
|move|p2a: Cinderace|Pyro Ball|p1a: Alcremie
|-damage|p1a: Alcremie|68/100 brn
|move|p1a: Alcremie|Stored Power|p2a: Cinderace
|-damage|p2a: Cinderace|0 fnt
|faint|p2a: Cinderace
|
|-heal|p1a: Alcremie|74/100 brn|[from] item: Leftovers
|-damage|p1a: Alcremie|68/100 brn|[from] brn
|upkeep
|
|t:|1743874742
|switch|p2a: Weavile|Weavile, F, tera:Dark|100/100
|-ability|p2a: Weavile|Pressure
|turn|32
|
|t:|1743874752
|move|p2a: Weavile|Triple Axel|p1a: Alcremie
|-damage|p1a: Alcremie|61/100 brn
|-hitcount|p1a: Alcremie|1
|move|p1a: Alcremie|Stored Power|p2a: Weavile
|-immune|p2a: Weavile
|
|-heal|p1a: Alcremie|67/100 brn|[from] item: Leftovers
|-damage|p1a: Alcremie|61/100 brn|[from] brn
|upkeep
|turn|33
|
|t:|1743874762
|switch|p1a: Alomomola|Alomomola, F|100/100
|move|p2a: Weavile|Triple Axel|p1a: Alomomola
|-resisted|p1a: Alomomola
|-damage|p1a: Alomomola|97/100
|-resisted|p1a: Alomomola
|-damage|p1a: Alomomola|89/100
|-resisted|p1a: Alomomola
|-damage|p1a: Alomomola|78/100
|-hitcount|p1a: Alomomola|3
|
|upkeep
|turn|34
|
|t:|1743874774
|switch|p2a: Corviknight|Corviknight, F|88/100
|-ability|p2a: Corviknight|Pressure
|move|p1a: Alomomola|Aqua Jet|p2a: Corviknight
|-damage|p2a: Corviknight|83/100
|
|-heal|p2a: Corviknight|89/100|[from] item: Leftovers
|upkeep
|turn|35
|inactive|Quintesshou has 120 seconds left.
|inactive|dajen_c17 has 120 seconds left.
|c|☆Quintesshou|i can't do anything anymore with my pink team :< good game! i still need a few changes... goodbye!
|-message|Quintesshou forfeited.
|
|win|dajen_c17
|raw|Quintesshou's rating: 1119 &rarr; <strong>1098</strong><br />(-21 for losing)
|raw|dajen_c17's rating: 1174 &rarr; <strong>1195</strong><br />(+21 for winning)
|l|☆Quintesshou
|player|p1|
|c|☆dajen_c17|bro
|l|☆dajen_c17
|player|p2|
