|j|☆Crabish29
|j|☆SunSpike
|t:|1743914464
|gametype|singles
|player|p1|Crabish29|brycenman|1212
|player|p2|SunSpike|n|1112
|teamsize|p1|6
|teamsize|p2|6
|gen|9
|tier|[Gen 9] OU
|rated|
|rule|HP Percentage Mod: HP is shown in percentages
|rule|Endless Battle Clause: Forcing endless battles is banned
|rule|Species Clause: Limit one of each Pokémon
|rule|OHKO Clause: OHKO moves are banned
|rule|Evasion Items Clause: Evasion items are banned
|rule|Evasion Moves Clause: Evasion moves are banned
|rule|Sleep Moves Clause: Sleep-inducing moves are banned
|clearpoke
|poke|p1|Chandelure, M|
|poke|p1|Conkeldurr, M|
|poke|p1|Torterra, F|
|poke|p1|Grimmsnarl, M|
|poke|p1|Tentacruel, M|
|poke|p1|Salamence, F|
|poke|p2|Lucario, M|
|poke|p2|Ninetales-Alola, F|
|poke|p2|Garganacl, M|
|poke|p2|Araquanid, F|
|poke|p2|Zamazenta-*|
|poke|p2|Kyurem|
|teampreview
|
|t:|1743914471
|start
|switch|p1a: The big liz|Salamence, F|100/100
|switch|p2a: Garganacl|Garganacl, M|100/100
|-ability|p1a: The big liz|Intimidate|boost
|-unboost|p2a: Garganacl|atk|1
|turn|1
|
|t:|1743914481
|switch|p1a: Mr.gains|Conkeldurr, M|100/100
|move|p2a: Garganacl|Stealth Rock|p1a: Mr.gains
|-sidestart|p1: Crabish29|move: Stealth Rock
|
|-status|p1a: Mr.gains|brn|[from] item: Flame Orb
|upkeep
|turn|2
|
|t:|1743914504
|switch|p2a: Ninetales|Ninetales-Alola, F|100/100
|-weather|Snowscape|[from] ability: Snow Warning|[of] p2a: Ninetales
|move|p1a: Mr.gains|Knock Off|p2a: Ninetales
|-resisted|p2a: Ninetales
|-crit|p2a: Ninetales
|-damage|p2a: Ninetales|60/100
|-enditem|p2a: Ninetales|Aguav Berry|[from] move: Knock Off|[of] p1a: Mr.gains
|
|-weather|Snowscape|[upkeep]
|-damage|p1a: Mr.gains|94/100 brn|[from] brn
|upkeep
|turn|3
|
|t:|1743914521
|switch|p1a: Squidward|Tentacruel, M|100/100
|-damage|p1a: Squidward|88/100|[from] Stealth Rock
|move|p2a: Ninetales|Aurora Veil|p2a: Ninetales
|-sidestart|p2: SunSpike|move: Aurora Veil
|
|-weather|Snowscape|[upkeep]
|-heal|p1a: Squidward|94/100|[from] item: Leftovers
|upkeep
|turn|4
|
|t:|1743914529
|switch|p2a: Lucario|Lucario, M, shiny|100/100
|move|p1a: Squidward|Rapid Spin|p2a: Lucario
|-resisted|p2a: Lucario
|-damage|p2a: Lucario|98/100
|-boost|p1a: Squidward|spe|1
|-sideend|p1: Crabish29|Stealth Rock|[from] move: Rapid Spin|[of] p1a: Squidward
|
|-weather|Snowscape|[upkeep]
|-heal|p1a: Squidward|99/100|[from] item: Leftovers
|upkeep
|turn|5
|
|t:|1743914540
|switch|p1a: The big liz|Salamence, F|100/100
|-ability|p1a: The big liz|Intimidate|boost
|-unboost|p2a: Lucario|atk|1
|move|p2a: Lucario|Nasty Plot|p2a: Lucario
|-boost|p2a: Lucario|spa|2
|
|-weather|Snowscape|[upkeep]
|upkeep
|turn|6
|
|t:|1743914565
|move|p2a: Lucario|Flash Cannon|p1a: The big liz
|-damage|p1a: The big liz|0 fnt
|faint|p1a: The big liz
|-damage|p2a: Lucario|88/100|[from] item: Life Orb
|
|-weather|none
|upkeep
|
|t:|1743914571
|switch|p1a: Reddit mod|Grimmsnarl, M|100/100
|turn|7
|
|t:|1743914577
|move|p1a: Reddit mod|Trick|p2a: Lucario
|-activate|p1a: Reddit mod|move: Trick|[of] p2a: Lucario
|-item|p2a: Lucario|Choice Scarf|[from] move: Trick
|-item|p1a: Reddit mod|Life Orb|[from] move: Trick
|move|p2a: Lucario|Flash Cannon|p1a: Reddit mod
|-supereffective|p1a: Reddit mod
|-damage|p1a: Reddit mod|0 fnt
|faint|p1a: Reddit mod
|
|-sideend|p2: SunSpike|move: Aurora Veil
|upkeep
|
|t:|1743914586
|switch|p1a: Turt boi|Torterra, F|100/100
|turn|8
|
|t:|1743914599
|switch|p2a: Kyurem|Kyurem|100/100
|-ability|p2a: Kyurem|Pressure
|move|p1a: Turt boi|Earthquake|p2a: Kyurem
|-damage|p2a: Kyurem|64/100
|
|upkeep
|turn|9
|
|t:|1743914613
|switch|p1a: Squidward|Tentacruel, M|99/100
|move|p2a: Kyurem|Earth Power|p1a: Squidward
|-supereffective|p1a: Squidward
|-damage|p1a: Squidward|26/100
|
|-heal|p1a: Squidward|32/100|[from] item: Leftovers
|upkeep
|turn|10
|
|t:|1743914622
|switch|p2a: Lucario|Lucario, M, shiny|88/100
|move|p1a: Squidward|Sludge Bomb|p2a: Lucario
|-immune|p2a: Lucario
|
|-heal|p1a: Squidward|38/100|[from] item: Leftovers
|upkeep
|turn|11
|
|t:|1743914631
|move|p2a: Lucario|Nasty Plot|p2a: Lucario
|-boost|p2a: Lucario|spa|2
|move|p1a: Squidward|Hydro Pump|p2a: Lucario|[miss]
|-miss|p1a: Squidward|p2a: Lucario
|
|-heal|p1a: Squidward|44/100|[from] item: Leftovers
|upkeep
|turn|12
|
|t:|1743914647
|switch|p2a: Araquanid|Araquanid, F, shiny|100/100
|move|p1a: Squidward|Hydro Pump|p2a: Araquanid
|-resisted|p2a: Araquanid
|-damage|p2a: Araquanid|86/100
|
|-heal|p1a: Squidward|50/100|[from] item: Leftovers
|upkeep
|turn|13
|inactive|Battle timer is ON: inactive players will automatically lose when time's up. (requested by SunSpike)
|
|t:|1743914663
|switch|p1a: Mr.gains|Conkeldurr, M|94/100 brn
|move|p2a: Araquanid|Leech Life|p1a: Mr.gains
|-resisted|p1a: Mr.gains
|-damage|p1a: Mr.gains|86/100 brn
|-heal|p2a: Araquanid|91/100|[from] drain|[of] p1a: Mr.gains
|
|-damage|p1a: Mr.gains|79/100 brn|[from] brn
|upkeep
|turn|14
|
|t:|1743914681
|switch|p2a: Ninetales|Ninetales-Alola, F|60/100
|-weather|Snowscape|[from] ability: Snow Warning|[of] p2a: Ninetales
|move|p1a: Mr.gains|Facade|p2a: Ninetales
|-damage|p2a: Ninetales|0 fnt
|faint|p2a: Ninetales
|
|-weather|Snowscape|[upkeep]
|-damage|p1a: Mr.gains|73/100 brn|[from] brn
|upkeep
|
|t:|1743914686
|switch|p2a: Kyurem|Kyurem|64/100
|-ability|p2a: Kyurem|Pressure
|turn|15
|
|t:|1743914698
|move|p2a: Kyurem|Ice Beam|p1a: Mr.gains
|-damage|p1a: Mr.gains|0 fnt
|faint|p1a: Mr.gains
|
|-weather|Snowscape|[upkeep]
|upkeep
|
|t:|1743914706
|switch|p1a: Bayblade|Chandelure, M|100/100
|turn|16
|
|t:|1743914717
|switch|p2a: Garganacl|Garganacl, M|100/100
|-terastallize|p1a: Bayblade|Fairy
|move|p1a: Bayblade|Tera Blast|p2a: Garganacl|[anim] Tera Blast Fairy
|-damage|p2a: Garganacl|67/100
|
|-weather|Snowscape|[upkeep]
|-heal|p2a: Garganacl|73/100|[from] item: Leftovers
|upkeep
|turn|17
|
|t:|1743914728
|switch|p1a: Turt boi|Torterra, F|100/100
|move|p2a: Garganacl|Stealth Rock|p1a: Turt boi
|-sidestart|p1: Crabish29|move: Stealth Rock
|
|-weather|Snowscape|[upkeep]
|-heal|p2a: Garganacl|79/100|[from] item: Leftovers
|upkeep
|turn|18
|
|t:|1743914736
|move|p1a: Turt boi|Stealth Rock|p2a: Garganacl
|-sidestart|p2: SunSpike|move: Stealth Rock
|move|p2a: Garganacl|Ice Punch|p1a: Turt boi
|-supereffective|p1a: Turt boi
|-damage|p1a: Turt boi|42/100
|-damage|p2a: Garganacl|63/100|[from] item: Rocky Helmet|[of] p1a: Turt boi
|
|-weather|none
|-heal|p2a: Garganacl|69/100|[from] item: Leftovers
|upkeep
|turn|19
|
|t:|1743914747
|move|p1a: Turt boi|Earthquake|p2a: Garganacl
|-supereffective|p2a: Garganacl
|-damage|p2a: Garganacl|24/100
|move|p2a: Garganacl|Ice Punch|p1a: Turt boi
|-supereffective|p1a: Turt boi
|-damage|p1a: Turt boi|0 fnt
|-damage|p2a: Garganacl|7/100|[from] item: Rocky Helmet|[of] p1a: Turt boi
|faint|p1a: Turt boi
|
|-heal|p2a: Garganacl|14/100|[from] item: Leftovers
|upkeep
|
|t:|1743914758
|switch|p1a: Squidward|Tentacruel, M|50/100
|-damage|p1a: Squidward|38/100|[from] Stealth Rock
|turn|20
|
|t:|1743914771
|move|p2a: Garganacl|Protect|p2a: Garganacl
|-singleturn|p2a: Garganacl|Protect
|move|p1a: Squidward|Hydro Pump|p2a: Garganacl
|-activate|p2a: Garganacl|move: Protect
|
|-heal|p1a: Squidward|44/100|[from] item: Leftovers
|-heal|p2a: Garganacl|20/100|[from] item: Leftovers
|upkeep
|turn|21
|
|t:|1743914780
|move|p1a: Squidward|Hydro Pump|p2a: Garganacl|[miss]
|-miss|p1a: Squidward|p2a: Garganacl
|move|p2a: Garganacl|Ice Punch|p1a: Squidward
|-resisted|p1a: Squidward
|-damage|p1a: Squidward|32/100
|-status|p1a: Squidward|frz
|
|-heal|p1a: Squidward|38/100 frz|[from] item: Leftovers
|-heal|p2a: Garganacl|26/100|[from] item: Leftovers
|upkeep
|turn|22
|
|t:|1743914794
|switch|p2a: Zamazenta|Zamazenta|100/100
|-damage|p2a: Zamazenta|94/100|[from] Stealth Rock
|-ability|p2a: Zamazenta|Dauntless Shield|boost
|-boost|p2a: Zamazenta|def|1
|cant|p1a: Squidward|frz
|
|-heal|p2a: Zamazenta|100/100|[from] item: Leftovers
|-heal|p1a: Squidward|44/100 frz|[from] item: Leftovers
|upkeep
|turn|23
|-message|Crabish29 forfeited.
|
|win|SunSpike
|raw|Crabish29's rating: 1212 &rarr; <strong>1180</strong><br />(-32 for losing)
|raw|SunSpike's rating: 1112 &rarr; <strong>1144</strong><br />(+32 for winning)
|l|☆Crabish29
|player|p1|
|j|☆Crabish29
|player|p1|Crabish29|brycenman|
|l|☆Crabish29
|player|p1|
|l|☆SunSpike
|player|p2|
