|j|‽Rykuto
|j|☆Overripe
|t:|1743875661
|gametype|singles
|player|p1|Rykuto|ruinmaniac|1330
|player|p2|Overripe|iris-gen5bw2|1428
|teamsize|p1|6
|teamsize|p2|6
|gen|9
|tier|[Gen 9] OU
|rated|
|rule|HP Percentage Mod: HP is shown in percentages
|rule|Endless Battle Clause: Forcing endless battles is banned
|rule|Species Clause: Limit one of each Pokémon
|rule|OHKO Clause: OHKO moves are banned
|rule|Evasion Items Clause: Evasion items are banned
|rule|Evasion Moves Clause: Evasion moves are banned
|rule|Sleep Moves Clause: Sleep-inducing moves are banned
|clearpoke
|poke|p1|Raging Bolt|
|poke|p1|Kingambit, F|
|poke|p1|Enamorus, F|
|poke|p1|Iron Treads|
|poke|p1|Dragonite, M|
|poke|p1|Gholdengo|
|poke|p2|Toxapex, F|
|poke|p2|Darkrai|
|poke|p2|Corviknight, M|
|poke|p2|Dragonite, F|
|poke|p2|Landorus-Therian, M|
|poke|p2|Kyurem|
|teampreview
|l|☆Overripe
|player|p2|
|j|☆Overripe
|player|p2|Overripe|iris-gen5bw2|
|inactive|Battle timer is ON: inactive players will automatically lose when time's up. (requested by Overripe)
|
|t:|1743875692
|start
|switch|p1a: Iron Treads|Iron Treads|100/100
|switch|p2a: 天地|Landorus-Therian, M, shiny|100/100
|-ability|p2a: 天地|Intimidate|boost
|-unboost|p1a: Iron Treads|atk|1
|-enditem|p1a: Iron Treads|Booster Energy
|-activate|p1a: Iron Treads|ability: Quark Drive|[fromitem]
|-start|p1a: Iron Treads|quarkdrivespe
|turn|1
|
|t:|1743875699
|move|p1a: Iron Treads|Stealth Rock|p2a: 天地
|-sidestart|p2: Overripe|move: Stealth Rock
|move|p2a: 天地|Earthquake|p1a: Iron Treads
|-supereffective|p1a: Iron Treads
|-damage|p1a: Iron Treads|9/100
|
|upkeep
|turn|2
|
|t:|1743875722
|switch|p2a: メタナイト|Corviknight, M, shiny|100/100
|-damage|p2a: メタナイト|88/100|[from] Stealth Rock
|-ability|p2a: メタナイト|Pressure
|move|p1a: Iron Treads|Steel Beam|p2a: メタナイト
|-resisted|p2a: メタナイト
|-damage|p2a: メタナイト|73/100
|-damage|p1a: Iron Treads|0 fnt|[from] steelbeam
|faint|p1a: Iron Treads
|-end|p1a: Iron Treads|Quark Drive|[silent]
|
|upkeep
|
|t:|1743875731
|switch|p1a: Raging Bolt|Raging Bolt|100/100
|-enditem|p1a: Raging Bolt|Booster Energy
|-activate|p1a: Raging Bolt|ability: Protosynthesis|[fromitem]
|-start|p1a: Raging Bolt|protosynthesisspa
|turn|3
|
|t:|1743875740
|switch|p2a: TouchMeI’mSick ;(|Toxapex, F, shiny|100/100
|-damage|p2a: TouchMeI’mSick ;(|88/100|[from] Stealth Rock
|move|p1a: Raging Bolt|Dragon Pulse|p2a: TouchMeI’mSick ;(
|-damage|p2a: TouchMeI’mSick ;(|43/100
|
|-heal|p2a: TouchMeI’mSick ;(|49/100|[from] item: Leftovers
|upkeep
|turn|4
|
|t:|1743875747
|switch|p2a: 天地|Landorus-Therian, M, shiny|100/100
|-damage|p2a: 天地|88/100|[from] Stealth Rock
|-ability|p2a: 天地|Intimidate|boost
|-unboost|p1a: Raging Bolt|atk|1
|move|p1a: Raging Bolt|Thunderbolt|p2a: 天地
|-immune|p2a: 天地
|
|upkeep
|turn|5
|
|t:|1743875756
|move|p2a: 天地|U-turn|p1a: Raging Bolt
|-damage|p1a: Raging Bolt|77/100
|
|t:|1743875759
|switch|p2a: TouchMeI’mSick ;(|Toxapex, F, shiny|82/100|[from] U-turn
|-damage|p2a: TouchMeI’mSick ;(|70/100|[from] Stealth Rock
|move|p1a: Raging Bolt|Dragon Pulse|p2a: TouchMeI’mSick ;(
|-damage|p2a: TouchMeI’mSick ;(|28/100
|
|-heal|p2a: TouchMeI’mSick ;(|34/100|[from] item: Leftovers
|upkeep
|turn|6
|
|t:|1743875767
|switch|p2a: メタナイト|Corviknight, M, shiny|73/100
|-damage|p2a: メタナイト|60/100|[from] Stealth Rock
|-ability|p2a: メタナイト|Pressure
|move|p1a: Raging Bolt|Dragon Pulse|p2a: メタナイト
|-resisted|p2a: メタナイト
|-damage|p2a: メタナイト|34/100
|
|upkeep
|turn|7
|
|t:|1743875774
|switch|p2a: 天地|Landorus-Therian, M, shiny|88/100
|-damage|p2a: 天地|76/100|[from] Stealth Rock
|-ability|p2a: 天地|Intimidate|boost
|-unboost|p1a: Raging Bolt|atk|1
|move|p1a: Raging Bolt|Thunderbolt|p2a: 天地
|-immune|p2a: 天地
|
|upkeep
|turn|8
|
|t:|1743875780
|-end|p1a: Raging Bolt|Protosynthesis|[silent]
|switch|p1a: Gholdengo|Gholdengo|100/100
|-item|p1a: Gholdengo|Air Balloon
|move|p2a: 天地|Earthquake|p1a: Gholdengo
|-immune|p1a: Gholdengo
|
|upkeep
|turn|9
|
|t:|1743875787
|switch|p2a: ファントム|Darkrai, shiny|100/100
|move|p1a: Gholdengo|Nasty Plot|p1a: Gholdengo
|-boost|p1a: Gholdengo|spa|2
|
|upkeep
|turn|10
|
|t:|1743875797
|switch|p2a: TouchMeI’mSick ;(|Toxapex, F, shiny|67/100
|-damage|p2a: TouchMeI’mSick ;(|55/100|[from] Stealth Rock
|-terastallize|p1a: Gholdengo|Flying
|move|p1a: Gholdengo|Make It Rain|p2a: TouchMeI’mSick ;(
|-resisted|p2a: TouchMeI’mSick ;(
|-damage|p2a: TouchMeI’mSick ;(|15/100
|-unboost|p1a: Gholdengo|spa|1
|
|-heal|p2a: TouchMeI’mSick ;(|22/100|[from] item: Leftovers
|upkeep
|turn|11
|
|t:|1743875803
|move|p1a: Gholdengo|Nasty Plot|p1a: Gholdengo
|-boost|p1a: Gholdengo|spa|2
|move|p2a: TouchMeI’mSick ;(|Recover|p2a: TouchMeI’mSick ;(
|-heal|p2a: TouchMeI’mSick ;(|72/100
|
|-heal|p2a: TouchMeI’mSick ;(|78/100|[from] item: Leftovers
|upkeep
|turn|12
|
|t:|1743875818
|switch|p2a: メタナイト|Corviknight, M, shiny|34/100
|-damage|p2a: メタナイト|22/100|[from] Stealth Rock
|-ability|p2a: メタナイト|Pressure
|move|p1a: Gholdengo|Psyshock|p2a: メタナイト
|-resisted|p2a: メタナイト
|-damage|p2a: メタナイト|0 fnt
|faint|p2a: メタナイト
|
|upkeep
|
|t:|1743875824
|switch|p2a: Dragonite|Dragonite, F|100/100
|turn|13
|
|t:|1743875848
|move|p1a: Gholdengo|Shadow Ball|p2a: Dragonite
|-damage|p2a: Dragonite|48/100
|move|p2a: Dragonite|Ice Spinner|p1a: Gholdengo
|-supereffective|p1a: Gholdengo
|-damage|p1a: Gholdengo|31/100
|-enditem|p1a: Gholdengo|Air Balloon
|
|upkeep
|turn|14
|
|t:|1743875853
|move|p2a: Dragonite|Extreme Speed|p1a: Gholdengo
|-damage|p1a: Gholdengo|0 fnt
|faint|p1a: Gholdengo
|
|upkeep
|
|t:|1743875856
|switch|p1a: Enamorus|Enamorus, F|100/100
|turn|15
|
|t:|1743875867
|-terastallize|p2a: Dragonite|Steel
|move|p1a: Enamorus|Moonblast|p2a: Dragonite
|-resisted|p2a: Dragonite
|-damage|p2a: Dragonite|23/100
|move|p2a: Dragonite|Ice Spinner|p1a: Enamorus
|-supereffective|p1a: Enamorus
|-damage|p1a: Enamorus|8/100
|
|upkeep
|turn|16
|
|t:|1743875873
|switch|p1a: Kingambit|Kingambit, F|100/100
|-activate|p1a: Kingambit|ability: Supreme Overlord
|-start|p1a: Kingambit|fallen2|[silent]
|move|p2a: Dragonite|Extreme Speed|p1a: Kingambit
|-resisted|p1a: Kingambit
|-damage|p1a: Kingambit|88/100
|
|upkeep
|turn|17
|
|t:|1743875878
|switch|p2a: TouchMeI’mSick ;(|Toxapex, F, shiny|100/100
|-damage|p2a: TouchMeI’mSick ;(|88/100|[from] Stealth Rock
|move|p1a: Kingambit|Kowtow Cleave|p2a: TouchMeI’mSick ;(
|-damage|p2a: TouchMeI’mSick ;(|50/100
|
|-heal|p2a: TouchMeI’mSick ;(|56/100|[from] item: Leftovers
|upkeep
|turn|18
|
|t:|1743875885
|move|p1a: Kingambit|Swords Dance|p1a: Kingambit
|-boost|p1a: Kingambit|atk|2
|move|p2a: TouchMeI’mSick ;(|Chilling Water|p1a: Kingambit
|-damage|p1a: Kingambit|77/100
|-unboost|p1a: Kingambit|atk|1
|
|-heal|p2a: TouchMeI’mSick ;(|63/100|[from] item: Leftovers
|upkeep
|turn|19
|
|t:|1743875890
|move|p1a: Kingambit|Kowtow Cleave|p2a: TouchMeI’mSick ;(
|-damage|p2a: TouchMeI’mSick ;(|4/100
|move|p2a: TouchMeI’mSick ;(|Chilling Water|p1a: Kingambit
|-damage|p1a: Kingambit|65/100
|-unboost|p1a: Kingambit|atk|1
|
|-heal|p2a: TouchMeI’mSick ;(|10/100|[from] item: Leftovers
|upkeep
|turn|20
|
|t:|1743875893
|move|p1a: Kingambit|Swords Dance|p1a: Kingambit
|-boost|p1a: Kingambit|atk|2
|move|p2a: TouchMeI’mSick ;(|Chilling Water|p1a: Kingambit
|-damage|p1a: Kingambit|54/100
|-unboost|p1a: Kingambit|atk|1
|
|-heal|p2a: TouchMeI’mSick ;(|17/100|[from] item: Leftovers
|upkeep
|turn|21
|
|t:|1743875897
|move|p1a: Kingambit|Kowtow Cleave|p2a: TouchMeI’mSick ;(
|-damage|p2a: TouchMeI’mSick ;(|0 fnt
|faint|p2a: TouchMeI’mSick ;(
|
|upkeep
|
|t:|1743875898
|switch|p2a: 天地|Landorus-Therian, M, shiny|76/100
|-damage|p2a: 天地|64/100|[from] Stealth Rock
|-ability|p2a: 天地|Intimidate|boost
|-unboost|p1a: Kingambit|atk|1
|turn|22
|
|t:|1743875906
|-end|p1a: Kingambit|fallen2|[silent]
|switch|p1a: Dragonite|Dragonite, M|100/100
|move|p2a: 天地|U-turn|p1a: Dragonite
|-resisted|p1a: Dragonite
|-damage|p1a: Dragonite|94/100
|
|t:|1743875913
|switch|p2a: ファントム|Darkrai, shiny|100/100|[from] U-turn
|
|upkeep
|turn|23
|
|t:|1743875924
|switch|p1a: Raging Bolt|Raging Bolt|77/100
|move|p2a: ファントム|Ice Beam|p1a: Raging Bolt
|-supereffective|p1a: Raging Bolt
|-damage|p1a: Raging Bolt|12/100
|
|upkeep
|turn|24
|
|t:|1743875938
|switch|p2a: Dragonite|Dragonite, F, tera:Steel|23/100
|move|p1a: Raging Bolt|Thunderclap||[still]
|-fail|p1a: Raging Bolt
|
|upkeep
|turn|25
|
|t:|1743875942
|move|p2a: Dragonite|Extreme Speed|p1a: Raging Bolt
|-damage|p1a: Raging Bolt|0 fnt
|faint|p1a: Raging Bolt
|-end|p1a: Raging Bolt|Protosynthesis|[silent]
|
|upkeep
|
|t:|1743875949
|switch|p1a: Dragonite|Dragonite, M|94/100
|turn|26
|
|t:|1743875954
|move|p2a: Dragonite|Extreme Speed|p1a: Dragonite
|-damage|p1a: Dragonite|61/100
|move|p1a: Dragonite|Earthquake|p2a: Dragonite
|-supereffective|p2a: Dragonite
|-damage|p2a: Dragonite|0 fnt
|faint|p2a: Dragonite
|
|upkeep
|
|t:|1743875966
|switch|p2a: バハムート|Kyurem|100/100
|-ability|p2a: バハムート|Pressure
|turn|27
|
|t:|1743875978
|move|p2a: バハムート|Freeze-Dry|p1a: Dragonite
|-supereffective|p1a: Dragonite
|-damage|p1a: Dragonite|0 fnt
|faint|p1a: Dragonite
|
|upkeep
|
|t:|1743875982
|switch|p1a: Enamorus|Enamorus, F|8/100
|turn|28
|
|t:|1743875986
|move|p1a: Enamorus|Healing Wish|p1a: Enamorus
|faint|p1a: Enamorus
|move|p2a: バハムート|Freeze-Dry|p1: Enamorus|[notarget]
|-fail|p2a: バハムート
|
|upkeep
|
|t:|1743875988
|switch|p1a: Kingambit|Kingambit, F|54/100
|-heal|p1a: Kingambit|100/100|[from] move: Healing Wish
|-activate|p1a: Kingambit|ability: Supreme Overlord
|-start|p1a: Kingambit|fallen5|[silent]
|turn|29
|
|t:|1743876000
|switch|p2a: 天地|Landorus-Therian, M, shiny|64/100
|-damage|p2a: 天地|52/100|[from] Stealth Rock
|-ability|p2a: 天地|Intimidate|boost
|-unboost|p1a: Kingambit|atk|1
|move|p1a: Kingambit|Low Kick|p2a: 天地
|-resisted|p2a: 天地
|-damage|p2a: 天地|35/100
|
|upkeep
|turn|30
|
|t:|1743876011
|switch|p2a: ファントム|Darkrai, shiny|100/100
|move|p1a: Kingambit|Swords Dance|p1a: Kingambit
|-boost|p1a: Kingambit|atk|2
|
|upkeep
|turn|31
|
|t:|1743876015
|move|p2a: ファントム|Focus Blast|p1a: Kingambit
|-supereffective|p1a: Kingambit
|-damage|p1a: Kingambit|0 fnt
|faint|p1a: Kingambit
|-end|p1a: Kingambit|fallen5|[silent]
|
|win|Overripe
|raw|Rykuto's rating: 1330 &rarr; <strong>1315</strong><br />(-15 for losing)
|raw|Overripe's rating: 1428 &rarr; <strong>1443</strong><br />(+15 for winning)
|l|‽Rykuto
|player|p1|
