|j|☆jihikoi
|j|☆sakanachi
|t:|1743836853
|gametype|singles
|player|p1|jihikoi|riley|1413
|player|p2|sakanachi|265|1457
|teamsize|p1|6
|teamsize|p2|6
|gen|9
|tier|[Gen 9] OU
|rated|
|rule|HP Percentage Mod: HP is shown in percentages
|rule|Endless Battle Clause: Forcing endless battles is banned
|rule|Species Clause: Limit one of each Pokémon
|rule|OHKO Clause: OHKO moves are banned
|rule|Evasion Items Clause: Evasion items are banned
|rule|Evasion Moves Clause: Evasion moves are banned
|rule|Sleep Moves Clause: Sleep-inducing moves are banned
|clearpoke
|poke|p1|Darkrai|
|poke|p1|Wo-Chien|
|poke|p1|Skeledirge, F|
|poke|p1|Hatterene, F|
|poke|p1|Dragapult, F|
|poke|p1|Garganacl, F|
|poke|p2|Indeedee, M|
|poke|p2|Armarouge, F|
|poke|p2|Hatterene, F|
|poke|p2|Polteageist|
|poke|p2|Hawlucha, F|
|poke|p2|Deoxys-Speed|
|teampreview
|inactive|Battle timer is ON: inactive players will automatically lose when time's up. (requested by jihikoi)
|
|t:|1743836877
|start
|switch|p1a: Skeledirge|Skeledirge, F|100/100
|switch|p2a: Indeedee|Indeedee, M|100/100
|-fieldstart|move: Psychic Terrain|[from] ability: Psychic Surge|[of] p2a: Indeedee
|turn|1
|
|t:|1743836882
|move|p2a: Indeedee|Expanding Force|p1a: Skeledirge
|-damage|p1a: Skeledirge|59/100
|move|p1a: Skeledirge|Torch Song|p2a: Indeedee
|-damage|p2a: Indeedee|68/100
|-boost|p1a: Skeledirge|spa|1
|
|-heal|p1a: Skeledirge|65/100|[from] item: Leftovers
|upkeep
|turn|2
|
|t:|1743836886
|switch|p2a: Hatterene|Hatterene, F|100/100
|move|p1a: Skeledirge|Slack Off|p1a: Skeledirge
|-heal|p1a: Skeledirge|100/100
|
|upkeep
|turn|3
|
|t:|1743836888
|move|p1a: Skeledirge|Torch Song|p2a: Hatterene
|-damage|p2a: Hatterene|57/100
|-boost|p1a: Skeledirge|spa|1
|-enditem|p2a: Hatterene|Eject Button
|
|t:|1743836894
|switch|p2a: Deoxys|Deoxys-Speed|100/100
|-ability|p2a: Deoxys|Pressure
|
|upkeep
|turn|4
|
|t:|1743836898
|move|p2a: Deoxys|Expanding Force|p1a: Skeledirge
|-damage|p1a: Skeledirge|31/100
|-damage|p2a: Deoxys|91/100|[from] item: Life Orb
|move|p1a: Skeledirge|Torch Song|p2a: Deoxys
|-damage|p2a: Deoxys|6/100
|-boost|p1a: Skeledirge|spa|1
|
|-heal|p1a: Skeledirge|37/100|[from] item: Leftovers
|upkeep
|turn|5
|
|t:|1743836904
|move|p2a: Deoxys|Expanding Force|p1a: Skeledirge
|-damage|p1a: Skeledirge|0 fnt
|faint|p1a: Skeledirge
|-damage|p2a: Deoxys|0 fnt|[from] item: Life Orb
|faint|p2a: Deoxys
|
|upkeep
|
|t:|1743836924
|switch|p2a: Hawlucha|Hawlucha, F|100/100
|switch|p1a: Darkrai|Darkrai|100/100
|-enditem|p2a: Hawlucha|Psychic Seed
|-boost|p2a: Hawlucha|spd|1|[from] item: Psychic Seed
|turn|6
|
|t:|1743836937
|move|p2a: Hawlucha|Swords Dance|p2a: Hawlucha
|-boost|p2a: Hawlucha|atk|2
|move|p1a: Darkrai|Ice Beam|p2a: Hawlucha
|-supereffective|p2a: Hawlucha
|-damage|p2a: Hawlucha|40/100
|
|upkeep
|turn|7
|
|t:|1743836940
|move|p2a: Hawlucha|Close Combat|p1a: Darkrai
|-supereffective|p1a: Darkrai
|-enditem|p1a: Darkrai|Focus Sash
|-damage|p1a: Darkrai|1/100
|-unboost|p2a: Hawlucha|def|1
|-unboost|p2a: Hawlucha|spd|1
|move|p1a: Darkrai|Ice Beam|p2a: Hawlucha
|-supereffective|p2a: Hawlucha
|-damage|p2a: Hawlucha|0 fnt
|faint|p2a: Hawlucha
|
|upkeep
|
|t:|1743836947
|switch|p2a: Hatterene|Hatterene, F|57/100
|turn|8
|
|t:|1743836949
|move|p1a: Darkrai|Dark Pulse|p2a: Hatterene
|-damage|p2a: Hatterene|9/100
|move|p2a: Hatterene|Nuzzle|p1a: Darkrai
|-damage|p1a: Darkrai|0 fnt
|faint|p1a: Darkrai
|
|-fieldend|move: Psychic Terrain
|upkeep
|
|t:|1743836957
|switch|p1a: Dragapult|Dragapult, F|100/100
|turn|9
|
|t:|1743836958
|switch|p2a: Indeedee|Indeedee, M|68/100
|-fieldstart|move: Psychic Terrain|[from] ability: Psychic Surge|[of] p2a: Indeedee
|move|p1a: Dragapult|U-turn|p2a: Indeedee
|-supereffective|p2a: Indeedee
|-crit|p2a: Indeedee
|-damage|p2a: Indeedee|0 fnt
|faint|p2a: Indeedee
|
|t:|1743836968
|switch|p1a: Wo-Chien|Wo-Chien|100/100|[from] U-turn
|-ability|p1a: Wo-Chien|Tablets of Ruin
|
|upkeep
|
|t:|1743836971
|switch|p2a: Armarouge|Armarouge, F|100/100
|turn|10
|
|t:|1743836975
|-terastallize|p1a: Wo-Chien|Fire
|move|p2a: Armarouge|Armor Cannon|p1a: Wo-Chien
|-resisted|p1a: Wo-Chien
|-damage|p1a: Wo-Chien|81/100
|-unboost|p2a: Armarouge|def|1
|-unboost|p2a: Armarouge|spd|1
|move|p1a: Wo-Chien|Leech Seed|p2a: Armarouge
|-start|p2a: Armarouge|move: Leech Seed
|
|-heal|p1a: Wo-Chien|87/100|[from] item: Leftovers
|-damage|p2a: Armarouge|88/100|[from] Leech Seed|[of] p1a: Wo-Chien
|-heal|p1a: Wo-Chien|98/100|[silent]
|upkeep
|turn|11
|
|t:|1743836981
|move|p2a: Armarouge|Calm Mind|p2a: Armarouge
|-boost|p2a: Armarouge|spa|1
|-boost|p2a: Armarouge|spd|1
|move|p1a: Wo-Chien|Foul Play|p2a: Armarouge
|-supereffective|p2a: Armarouge
|-damage|p2a: Armarouge|36/100
|-ability|p2a: Armarouge|Weak Armor|boost
|-unboost|p2a: Armarouge|def|1
|-boost|p2a: Armarouge|spe|2
|
|-heal|p1a: Wo-Chien|100/100|[from] item: Leftovers
|-damage|p2a: Armarouge|23/100|[from] Leech Seed|[of] p1a: Wo-Chien
|upkeep
|turn|12
|
|t:|1743836991
|move|p1a: Wo-Chien|Protect|p1a: Wo-Chien
|-singleturn|p1a: Wo-Chien|Protect
|move|p2a: Armarouge|Expanding Force|p1a: Wo-Chien
|-activate|p1a: Wo-Chien|move: Protect
|
|-damage|p2a: Armarouge|11/100|[from] Leech Seed|[of] p1a: Wo-Chien
|upkeep
|turn|13
|
|t:|1743836997
|move|p2a: Armarouge|Expanding Force|p1a: Wo-Chien
|-damage|p1a: Wo-Chien|28/100
|move|p1a: Wo-Chien|Foul Play|p2a: Armarouge
|-supereffective|p2a: Armarouge
|-damage|p2a: Armarouge|0 fnt
|faint|p2a: Armarouge
|
|-heal|p1a: Wo-Chien|34/100|[from] item: Leftovers
|upkeep
|
|t:|1743837004
|switch|p2a: Polteageist|Polteageist|100/100
|turn|14
|
|t:|1743837007
|move|p1a: Wo-Chien|Protect|p1a: Wo-Chien
|-singleturn|p1a: Wo-Chien|Protect
|move|p2a: Polteageist|Shell Smash|p2a: Polteageist
|-unboost|p2a: Polteageist|def|1
|-unboost|p2a: Polteageist|spd|1
|-boost|p2a: Polteageist|atk|2
|-boost|p2a: Polteageist|spa|2
|-boost|p2a: Polteageist|spe|2
|
|-heal|p1a: Wo-Chien|40/100|[from] item: Leftovers
|upkeep
|turn|15
|
|t:|1743837010
|move|p2a: Polteageist|Stored Power|p1a: Wo-Chien
|-damage|p1a: Wo-Chien|0 fnt
|faint|p1a: Wo-Chien
|
|upkeep
|
|t:|1743837018
|switch|p1a: Hatterene|Hatterene, F|100/100
|turn|16
|
|t:|1743837020
|move|p2a: Polteageist|Shadow Ball|p1a: Hatterene
|-supereffective|p1a: Hatterene
|-damage|p1a: Hatterene|0 fnt
|faint|p1a: Hatterene
|
|-fieldend|move: Psychic Terrain
|upkeep
|
|t:|1743837024
|switch|p1a: Dragapult|Dragapult, F|100/100
|turn|17
|
|t:|1743837026
|move|p2a: Polteageist|Shadow Ball|p1a: Dragapult
|-supereffective|p1a: Dragapult
|-damage|p1a: Dragapult|0 fnt
|faint|p1a: Dragapult
|
|upkeep
|
|t:|1743837028
|switch|p1a: Garganacl|Garganacl, F|100/100
|turn|18
|
|t:|1743837031
|-terastallize|p2a: Polteageist|Fighting
|move|p2a: Polteageist|Tera Blast|p1a: Garganacl|[anim] Tera Blast Fighting
|-supereffective|p1a: Garganacl
|-crit|p1a: Garganacl
|-damage|p1a: Garganacl|0 fnt
|faint|p1a: Garganacl
|
|win|sakanachi
|raw|jihikoi's rating: 1413 &rarr; <strong>1396</strong><br />(-17 for losing)
|raw|sakanachi's rating: 1457 &rarr; <strong>1474</strong><br />(+17 for winning)
|l|☆jihikoi
|player|p1|
|l|☆sakanachi
|player|p2|
|j|☆sakanachi
|player|p2|sakanachi|265|
|l|☆sakanachi
|player|p2|
|j|☆sakanachi
|player|p2|sakanachi|265|
