|j|☆Mamoswine247
|j|☆ItsE
|t:|1743785197
|gametype|singles
|player|p1|Mamoswine247|2|1373
|player|p2|ItsE|ethan-gen2c|1354
|teamsize|p1|6
|teamsize|p2|6
|gen|9
|tier|[Gen 9] OU
|rated|
|rule|HP Percentage Mod: HP is shown in percentages
|rule|Endless Battle Clause: Forcing endless battles is banned
|rule|Species Clause: Limit one of each Pokémon
|rule|OHKO Clause: OHKO moves are banned
|rule|Evasion Items Clause: Evasion items are banned
|rule|Evasion Moves Clause: Evasion moves are banned
|rule|Sleep Moves Clause: Sleep-inducing moves are banned
|clearpoke
|poke|p1|Raging Bolt|
|poke|p1|Arcanine-Hisui, M|
|poke|p1|Enamorus, F|
|poke|p1|Gholdengo|
|poke|p1|Crawdaunt, M|
|poke|p1|Great Tusk|
|poke|p2|Exeggutor, F|
|poke|p2|Ninetales, F|
|poke|p2|Hatterene, F|
|poke|p2|Great Tusk|
|poke|p2|Dragonite, F|
|poke|p2|Kingambit, F|
|teampreview
|inactive|Battle timer is ON: inactive players will automatically lose when time's up. (requested by ItsE)
|inactive|ItsE has 120 seconds left.
|
|t:|1743785246
|start
|switch|p1a: Melman|Raging Bolt|100/100
|switch|p2a: Ninetales|Ninetales, F|100/100
|-weather|SunnyDay|[from] ability: Drought|[of] p2a: Ninetales
|-activate|p1a: Melman|ability: Protosynthesis
|-start|p1a: Melman|protosynthesisspa
|turn|1
|
|t:|1743785253
|move|p2a: Ninetales|Will-O-Wisp|p1a: Melman
|-status|p1a: Melman|brn
|move|p1a: Melman|Draco Meteor|p2a: Ninetales
|-damage|p2a: Ninetales|9/100
|-unboost|p1a: Melman|spa|2
|
|-weather|SunnyDay|[upkeep]
|-damage|p1a: Melman|94/100 brn|[from] brn
|upkeep
|turn|2
|
|t:|1743785263
|switch|p2a: Hatterene|Hatterene, F, shiny|100/100
|-end|p1a: Melman|Protosynthesis|[silent]
|switch|p1a: Arcanine|Arcanine-Hisui, M|100/100
|
|-weather|SunnyDay|[upkeep]
|upkeep
|turn|3
|
|t:|1743785269
|move|p1a: Arcanine|Flare Blitz|p2a: Hatterene
|-damage|p2a: Hatterene|0 fnt
|faint|p2a: Hatterene
|-damage|p1a: Arcanine|91/100|[from] item: Life Orb
|
|-weather|SunnyDay|[upkeep]
|upkeep
|inactive|ItsE has 120 seconds left.
|
|t:|1743785313
|switch|p2a: Dragonite|Dragonite, F|100/100
|turn|4
|
|t:|1743785318
|switch|p2a: Great Tusk|Great Tusk|100/100
|-activate|p2a: Great Tusk|ability: Protosynthesis
|-start|p2a: Great Tusk|protosynthesisspe
|move|p1a: Arcanine|Head Smash|p2a: Great Tusk
|-resisted|p2a: Great Tusk
|-crit|p2a: Great Tusk
|-damage|p2a: Great Tusk|77/100
|-damage|p1a: Arcanine|81/100|[from] item: Life Orb
|
|-weather|SunnyDay|[upkeep]
|upkeep
|turn|5
|
|t:|1743785329
|switch|p1a: Enamorus|Enamorus, F|100/100
|move|p2a: Great Tusk|Stealth Rock|p1a: Enamorus
|-sidestart|p1: Mamoswine247|move: Stealth Rock
|
|-weather|SunnyDay|[upkeep]
|upkeep
|turn|6
|
|t:|1743785340
|move|p1a: Enamorus|Moonblast|p2a: Great Tusk
|-supereffective|p2a: Great Tusk
|-damage|p2a: Great Tusk|0 fnt
|faint|p2a: Great Tusk
|-end|p2a: Great Tusk|Protosynthesis|[silent]
|
|-weather|SunnyDay|[upkeep]
|upkeep
|
|t:|1743785343
|switch|p2a: Exeggutor|Exeggutor, F|100/100
|turn|7
|
|t:|1743785355
|switch|p1a: Melman|Raging Bolt|94/100 brn
|-damage|p1a: Melman|82/100 brn|[from] Stealth Rock
|-activate|p1a: Melman|ability: Protosynthesis
|-start|p1a: Melman|protosynthesisspa
|move|p2a: Exeggutor|Growth|p2a: Exeggutor
|-boost|p2a: Exeggutor|atk|2
|-boost|p2a: Exeggutor|spa|2
|
|-weather|SunnyDay|[upkeep]
|-damage|p1a: Melman|76/100 brn|[from] brn
|upkeep
|turn|8
|
|t:|1743785362
|move|p2a: Exeggutor|Psyshock|p1a: Melman
|-damage|p1a: Melman|3/100 brn
|-damage|p2a: Exeggutor|91/100|[from] item: Life Orb
|move|p1a: Melman|Thunderbolt|p2a: Exeggutor
|-resisted|p2a: Exeggutor
|-damage|p2a: Exeggutor|46/100
|
|-weather|none
|-end|p1a: Melman|Protosynthesis
|-damage|p1a: Melman|0 fnt|[from] brn
|faint|p1a: Melman
|-end|p1a: Melman|Protosynthesis|[silent]
|upkeep
|
|t:|1743785369
|switch|p1a: Arcanine|Arcanine-Hisui, M|81/100
|-damage|p1a: Arcanine|56/100|[from] Stealth Rock
|turn|9
|
|t:|1743785373
|switch|p2a: Ninetales|Ninetales, F|9/100
|-weather|SunnyDay|[from] ability: Drought|[of] p2a: Ninetales
|move|p1a: Arcanine|Extreme Speed|p2a: Ninetales
|-damage|p2a: Ninetales|0 fnt
|faint|p2a: Ninetales
|-damage|p1a: Arcanine|46/100|[from] item: Life Orb
|
|-weather|SunnyDay|[upkeep]
|upkeep
|
|t:|1743785376
|switch|p2a: Dragonite|Dragonite, F|100/100
|turn|10
|
|t:|1743785383
|move|p1a: Arcanine|Head Smash|p2a: Dragonite|[miss]
|-miss|p1a: Arcanine|p2a: Dragonite
|move|p2a: Dragonite|Dragon Dance|p2a: Dragonite
|-boost|p2a: Dragonite|atk|1
|-boost|p2a: Dragonite|spe|1
|
|-weather|SunnyDay|[upkeep]
|upkeep
|turn|11
|
|t:|1743785387
|move|p1a: Arcanine|Extreme Speed|p2a: Dragonite
|-damage|p2a: Dragonite|83/100
|-damage|p1a: Arcanine|36/100|[from] item: Life Orb
|move|p2a: Dragonite|Scale Shot|p1a: Arcanine
|-damage|p1a: Arcanine|6/100
|-damage|p1a: Arcanine|0 fnt
|faint|p1a: Arcanine
|-hitcount|p1: Arcanine|2
|-unboost|p2a: Dragonite|def|1
|-boost|p2a: Dragonite|spe|1
|
|-weather|SunnyDay|[upkeep]
|upkeep
|
|t:|1743785394
|switch|p1a: Great Tusk|Great Tusk|100/100
|-damage|p1a: Great Tusk|98/100|[from] Stealth Rock
|-activate|p1a: Great Tusk|ability: Protosynthesis
|-start|p1a: Great Tusk|protosynthesisatk
|turn|12
|
|t:|1743785399
|-terastallize|p2a: Dragonite|Fire
|move|p2a: Dragonite|Dragon Dance|p2a: Dragonite
|-boost|p2a: Dragonite|atk|1
|-boost|p2a: Dragonite|spe|1
|move|p1a: Great Tusk|Rapid Spin|p2a: Dragonite
|-damage|p2a: Dragonite|44/100
|-boost|p1a: Great Tusk|spe|1
|-sideend|p1: Mamoswine247|Stealth Rock|[from] move: Rapid Spin|[of] p1a: Great Tusk
|
|-weather|SunnyDay|[upkeep]
|-heal|p1a: Great Tusk|100/100|[from] item: Leftovers
|upkeep
|turn|13
|
|t:|1743785406
|move|p2a: Dragonite|Encore|p1a: Great Tusk
|-start|p1a: Great Tusk|Encore
|move|p1a: Great Tusk|Rapid Spin|p2a: Dragonite
|-damage|p2a: Dragonite|0 fnt
|-boost|p1a: Great Tusk|spe|1
|faint|p2a: Dragonite
|
|-weather|SunnyDay|[upkeep]
|upkeep
|
|t:|1743785408
|switch|p2a: Kingambit|Kingambit, F|100/100
|-activate|p2a: Kingambit|ability: Supreme Overlord
|-start|p2a: Kingambit|fallen4|[silent]
|turn|14
|
|t:|1743785412
|-end|p1a: Great Tusk|Protosynthesis|[silent]
|switch|p1a: Clawdia|Crawdaunt, M, shiny|100/100
|move|p2a: Kingambit|Swords Dance|p2a: Kingambit
|-boost|p2a: Kingambit|atk|2
|
|-weather|SunnyDay|[upkeep]
|upkeep
|turn|15
|
|t:|1743785416
|move|p1a: Clawdia|Close Combat|p2a: Kingambit
|-supereffective|p2a: Kingambit
|-damage|p2a: Kingambit|0 fnt
|-unboost|p1a: Clawdia|def|1
|-unboost|p1a: Clawdia|spd|1
|faint|p2a: Kingambit
|-end|p2a: Kingambit|fallen4|[silent]
|
|-weather|SunnyDay|[upkeep]
|upkeep
|-message|ItsE forfeited.
|
|win|Mamoswine247
|raw|Mamoswine247's rating: 1373 &rarr; <strong>1391</strong><br />(+18 for winning)
|raw|ItsE's rating: 1336 &rarr; <strong>1318</strong><br />(-18 for losing)
|l|☆ItsE
|player|p2|
|l|☆Mamoswine247
|player|p1|
