|j|☆tohelpu
|j|☆arboxen
|t:|1743851739
|gametype|singles
|player|p1|tohelpu|1|1204
|player|p2|arboxen|medium|1273
|teamsize|p1|6
|teamsize|p2|6
|gen|9
|tier|[Gen 9] OU
|rated|
|rule|HP Percentage Mod: HP is shown in percentages
|rule|Endless Battle Clause: Forcing endless battles is banned
|rule|Species Clause: Limit one of each Pokémon
|rule|OHKO Clause: OHKO moves are banned
|rule|Evasion Items Clause: Evasion items are banned
|rule|Evasion Moves Clause: Evasion moves are banned
|rule|Sleep Moves Clause: Sleep-inducing moves are banned
|clearpoke
|poke|p1|Reuniclus, M|
|poke|p1|Slither Wing|
|poke|p1|Jirachi|
|poke|p1|Primarina, F|
|poke|p1|Excadrill, M|
|poke|p1|Vikavolt, M|
|poke|p2|Zamazenta-*|
|poke|p2|Kingambit, F|
|poke|p2|Samurott-Hisui, F|
|poke|p2|Landorus-Therian, M|
|poke|p2|Iron Valiant|
|poke|p2|Iron Moth|
|teampreview
|
|t:|1743851754
|start
|switch|p1a: Jirachi|Jirachi|100/100
|switch|p2a: Landorus|Landorus-Therian, M|100/100
|-ability|p2a: Landorus|Intimidate|boost
|-unboost|p1a: Jirachi|atk|1
|turn|1
|
|t:|1743851764
|move|p1a: Jirachi|Iron Head|p2a: Landorus
|-damage|p2a: Landorus|68/100
|-damage|p1a: Jirachi|84/100|[from] item: Rocky Helmet|[of] p2a: Landorus
|cant|p2a: Landorus|flinch
|
|upkeep
|turn|2
|
|t:|1743851772
|move|p1a: Jirachi|Iron Head|p2a: Landorus
|-damage|p2a: Landorus|37/100
|-damage|p1a: Jirachi|67/100|[from] item: Rocky Helmet|[of] p2a: Landorus
|cant|p2a: Landorus|flinch
|
|upkeep
|turn|3
|
|t:|1743851781
|move|p1a: Jirachi|Iron Head|p2a: Landorus
|-damage|p2a: Landorus|5/100
|-damage|p1a: Jirachi|50/100|[from] item: Rocky Helmet|[of] p2a: Landorus
|move|p2a: Landorus|Stealth Rock|p1a: Jirachi
|-sidestart|p1: tohelpu|move: Stealth Rock
|
|upkeep
|turn|4
|
|t:|1743851791
|move|p1a: Jirachi|Iron Head|p2a: Landorus
|-damage|p2a: Landorus|0 fnt
|-damage|p1a: Jirachi|34/100|[from] item: Rocky Helmet|[of] p2a: Landorus
|faint|p2a: Landorus
|
|upkeep
|
|t:|1743851798
|switch|p2a: Samurott|Samurott-Hisui, F|100/100
|turn|5
|
|t:|1743851805
|move|p1a: Jirachi|Iron Head|p2a: Samurott
|-resisted|p2a: Samurott
|-damage|p2a: Samurott|80/100
|cant|p2a: Samurott|flinch
|
|upkeep
|turn|6
|
|t:|1743851811
|move|p1a: Jirachi|Iron Head|p2a: Samurott
|-resisted|p2a: Samurott
|-damage|p2a: Samurott|58/100
|cant|p2a: Samurott|flinch
|
|upkeep
|turn|7
|
|t:|1743851817
|move|p1a: Jirachi|Iron Head|p2a: Samurott
|-resisted|p2a: Samurott
|-damage|p2a: Samurott|37/100
|move|p2a: Samurott|Ceaseless Edge|p1a: Jirachi
|-supereffective|p1a: Jirachi
|-damage|p1a: Jirachi|0 fnt
|-sidestart|p1: tohelpu|Spikes
|faint|p1a: Jirachi
|
|upkeep
|
|t:|1743851834
|switch|p1a: Slither Wing|Slither Wing|100/100
|-damage|p1a: Slither Wing|88/100|[from] Stealth Rock
|-damage|p1a: Slither Wing|76/100|[from] Spikes
|turn|8
|
|t:|1743851847
|-terastallize|p2a: Samurott|Ghost
|move|p1a: Slither Wing|U-turn|p2a: Samurott
|-resisted|p2a: Samurott
|-damage|p2a: Samurott|8/100
|
|t:|1743851852
|-end|p1a: Slither Wing|Protosynthesis|[silent]
|switch|p1a: Primarina|Primarina, F|100/100|[from] U-turn
|-damage|p1a: Primarina|88/100|[from] Stealth Rock
|-damage|p1a: Primarina|76/100|[from] Spikes
|move|p2a: Samurott|Swords Dance|p2a: Samurott
|-boost|p2a: Samurott|atk|2
|
|upkeep
|turn|9
|
|t:|1743851862
|move|p2a: Samurott|Razor Shell|p1a: Primarina
|-resisted|p1a: Primarina
|-damage|p1a: Primarina|11/100
|-unboost|p1a: Primarina|def|1
|move|p1a: Primarina|Surf|p2a: Samurott
|-crit|p2a: Samurott
|-damage|p2a: Samurott|0 fnt
|faint|p2a: Samurott
|
|upkeep
|
|t:|1743851873
|switch|p2a: Iron Valiant|Iron Valiant|100/100
|-enditem|p2a: Iron Valiant|Booster Energy
|-activate|p2a: Iron Valiant|ability: Quark Drive|[fromitem]
|-start|p2a: Iron Valiant|quarkdrivespe
|turn|10
|
|t:|1743851879
|move|p2a: Iron Valiant|Thunderbolt|p1a: Primarina
|-supereffective|p1a: Primarina
|-damage|p1a: Primarina|0 fnt
|faint|p1a: Primarina
|
|upkeep
|l|☆tohelpu
|player|p1|
|j|☆tohelpu
|player|p1|tohelpu|1|
|
|t:|1743851901
|switch|p1a: Reuniclus|Reuniclus, M|100/100
|turn|11
|
|t:|1743851910
|move|p2a: Iron Valiant|Calm Mind|p2a: Iron Valiant
|-boost|p2a: Iron Valiant|spa|1
|-boost|p2a: Iron Valiant|spd|1
|move|p1a: Reuniclus|Trick Room|p1a: Reuniclus
|-fieldstart|move: Trick Room|[of] p1a: Reuniclus
|
|upkeep
|turn|12
|
|t:|1743851917
|move|p1a: Reuniclus|Psyshock|p2a: Iron Valiant
|-supereffective|p2a: Iron Valiant
|-damage|p2a: Iron Valiant|0 fnt
|faint|p2a: Iron Valiant
|-end|p2a: Iron Valiant|Quark Drive|[silent]
|
|upkeep
|
|t:|1743851925
|switch|p2a: Kingambit|Kingambit, F|100/100
|-activate|p2a: Kingambit|ability: Supreme Overlord
|-start|p2a: Kingambit|fallen3|[silent]
|turn|13
|
|t:|1743851932
|-terastallize|p1a: Reuniclus|Fighting
|move|p2a: Kingambit|Sucker Punch|p1a: Reuniclus
|-resisted|p1a: Reuniclus
|-damage|p1a: Reuniclus|81/100
|move|p1a: Reuniclus|Focus Blast|p2a: Kingambit
|-supereffective|p2a: Kingambit
|-damage|p2a: Kingambit|0 fnt
|faint|p2a: Kingambit
|-end|p2a: Kingambit|fallen3|[silent]
|
|upkeep
|
|t:|1743851954
|switch|p2a: Iron Moth|Iron Moth|100/100
|-enditem|p2a: Iron Moth|Booster Energy
|-activate|p2a: Iron Moth|ability: Quark Drive|[fromitem]
|-start|p2a: Iron Moth|quarkdrivespe
|turn|14
|
|t:|1743851959
|move|p1a: Reuniclus|Psyshock|p2a: Iron Moth
|-supereffective|p2a: Iron Moth
|-damage|p2a: Iron Moth|0 fnt
|faint|p2a: Iron Moth
|-end|p2a: Iron Moth|Quark Drive|[silent]
|
|upkeep
|
|t:|1743851964
|switch|p2a: Zamazenta|Zamazenta|100/100
|-ability|p2a: Zamazenta|Dauntless Shield|boost
|-boost|p2a: Zamazenta|def|1
|turn|15
|
|t:|1743851970
|move|p1a: Reuniclus|Focus Blast|p2a: Zamazenta|[miss]
|-miss|p1a: Reuniclus|p2a: Zamazenta
|move|p2a: Zamazenta|Body Press|p1a: Reuniclus
|-damage|p1a: Reuniclus|49/100
|
|-fieldend|move: Trick Room
|upkeep
|turn|16
|
|t:|1743851978
|move|p2a: Zamazenta|Body Press|p1a: Reuniclus
|-damage|p1a: Reuniclus|17/100
|move|p1a: Reuniclus|Trick Room|p1a: Reuniclus
|-fieldstart|move: Trick Room|[of] p1a: Reuniclus
|
|upkeep
|turn|17
|
|t:|1743851987
|move|p1a: Reuniclus|Psyshock|p2a: Zamazenta
|-supereffective|p2a: Zamazenta
|-damage|p2a: Zamazenta|54/100
|move|p2a: Zamazenta|Body Press|p1a: Reuniclus
|-damage|p1a: Reuniclus|0 fnt
|faint|p1a: Reuniclus
|
|-heal|p2a: Zamazenta|60/100|[from] item: Leftovers
|upkeep
|
|t:|1743851995
|switch|p1a: Vikavolt|Vikavolt, M|100/100
|-damage|p1a: Vikavolt|75/100|[from] Stealth Rock
|turn|18
|
|t:|1743852003
|move|p1a: Vikavolt|Thunderbolt|p2a: Zamazenta
|-damage|p2a: Zamazenta|5/100
|move|p2a: Zamazenta|Body Press|p1a: Vikavolt
|-resisted|p1a: Vikavolt
|-damage|p1a: Vikavolt|58/100
|
|-heal|p2a: Zamazenta|12/100|[from] item: Leftovers
|upkeep
|turn|19
|c|☆tohelpu|gg
|
|t:|1743852017
|move|p1a: Vikavolt|Thunderbolt|p2a: Zamazenta
|-damage|p2a: Zamazenta|0 fnt
|faint|p2a: Zamazenta
|
|win|tohelpu
|raw|tohelpu's rating: 1204 &rarr; <strong>1234</strong><br />(+30 for winning)
|raw|arboxen's rating: 1273 &rarr; <strong>1243</strong><br />(-30 for losing)
|l|☆arboxen
|player|p2|
