|j|☆Zayzay62777
|j|☆Deatheye44
|t:|1743822585
|gametype|singles
|player|p1|Zayzay62777|ingo|1119
|player|p2|Deatheye44|lance|1156
|teamsize|p1|6
|teamsize|p2|6
|gen|9
|tier|[Gen 9] OU
|rated|
|rule|HP Percentage Mod: HP is shown in percentages
|rule|Endless Battle Clause: Forcing endless battles is banned
|rule|Species Clause: Limit one of each Pokémon
|rule|OHKO Clause: OHKO moves are banned
|rule|Evasion Items Clause: Evasion items are banned
|rule|Evasion Moves Clause: Evasion moves are banned
|rule|Sleep Moves Clause: Sleep-inducing moves are banned
|clearpoke
|poke|p1|Tauros-Paldea-Aqua, M|
|poke|p1|Lumineon, F|
|poke|p1|Skeledirge, F|
|poke|p1|Kilowattrel, M|
|poke|p1|Hydrapple, F|
|poke|p1|Mew|
|poke|p2|Corviknight, M|
|poke|p2|Clodsire, F|
|poke|p2|Kyurem|
|poke|p2|Gholdengo|
|poke|p2|Raging Bolt|
|poke|p2|Great Tusk|
|teampreview
|
|t:|1743822594
|start
|switch|p1a: Kilowattrel|Kilowattrel, M|100/100
|switch|p2a: Raging Bolt|Raging Bolt|100/100
|turn|1
|
|t:|1743822604
|move|p1a: Kilowattrel|Tailwind|p1a: Kilowattrel
|-sidestart|p1: Zayzay62777|move: Tailwind
|-start|p1a: Kilowattrel|Charge|Tailwind|[from] ability: Wind Power
|move|p2a: Raging Bolt|Dragon Pulse|p1a: Kilowattrel
|-damage|p1a: Kilowattrel|15/100
|
|upkeep
|turn|2
|
|t:|1743822612
|move|p1a: Kilowattrel|Volt Switch|p2a: Raging Bolt
|-resisted|p2a: Raging Bolt
|-damage|p2a: Raging Bolt|87/100
|-end|p1a: Kilowattrel|Charge|[silent]
|
|t:|1743822625
|switch|p1a: Lumineon|Lumineon, F|100/100|[from] Volt Switch
|move|p2a: Raging Bolt|Tera Blast|p1a: Lumineon
|-damage|p1a: Lumineon|61/100
|
|-heal|p1a: Lumineon|67/100|[from] item: Leftovers
|upkeep
|turn|3
|
|t:|1743822636
|-terastallize|p1a: Lumineon|Grass
|move|p1a: Lumineon|Agility|p1a: Lumineon
|-boost|p1a: Lumineon|spe|2
|move|p2a: Raging Bolt|Thunderbolt|p1a: Lumineon
|-resisted|p1a: Lumineon
|-damage|p1a: Lumineon|23/100
|
|-heal|p1a: Lumineon|30/100|[from] item: Leftovers
|upkeep
|turn|4
|
|t:|1743822647
|move|p2a: Raging Bolt|Thunderclap|p1a: Lumineon
|-resisted|p1a: Lumineon
|-damage|p1a: Lumineon|0 fnt
|faint|p1a: Lumineon
|
|-sideend|p1: Zayzay62777|move: Tailwind
|upkeep
|inactive|Battle timer is ON: inactive players will automatically lose when time's up. (requested by Deatheye44)
|
|t:|1743822682
|switch|p1a: Hydrapple|Hydrapple, F|100/100
|turn|5
|
|t:|1743822697
|-end|p2a: Raging Bolt|Protosynthesis|[silent]
|switch|p2a: Corviknight|Corviknight, M|100/100
|-ability|p2a: Corviknight|Pressure
|move|p1a: Hydrapple|Fickle Beam|p2a: Corviknight
|-resisted|p2a: Corviknight
|-damage|p2a: Corviknight|80/100
|
|upkeep
|turn|6
|
|t:|1743822716
|switch|p1a: Kilowattrel|Kilowattrel, M|15/100
|move|p2a: Corviknight|U-turn|p1a: Kilowattrel
|-resisted|p1a: Kilowattrel
|-damage|p1a: Kilowattrel|3/100
|
|t:|1743822726
|switch|p2a: Clodsire|Clodsire, F|100/100|[from] U-turn
|
|upkeep
|turn|7
|
|t:|1743822732
|move|p1a: Kilowattrel|Air Slash|p2a: Clodsire
|-damage|p2a: Clodsire|82/100
|move|p2a: Clodsire|Stealth Rock|p1a: Kilowattrel
|-sidestart|p1: Zayzay62777|move: Stealth Rock
|
|-heal|p2a: Clodsire|89/100|[from] item: Black Sludge
|upkeep
|turn|8
|
|t:|1743822740
|move|p1a: Kilowattrel|Tailwind|p1a: Kilowattrel
|-sidestart|p1: Zayzay62777|move: Tailwind
|-start|p1a: Kilowattrel|Charge|Tailwind|[from] ability: Wind Power
|move|p2a: Clodsire|Toxic|p1a: Kilowattrel
|-status|p1a: Kilowattrel|tox
|
|-heal|p2a: Clodsire|95/100|[from] item: Black Sludge
|-damage|p1a: Kilowattrel|0 fnt|[from] psn
|faint|p1a: Kilowattrel
|upkeep
|
|t:|1743822759
|switch|p1a: Tauros|Tauros-Paldea-Aqua, M, shiny|100/100
|-damage|p1a: Tauros|94/100|[from] Stealth Rock
|-ability|p1a: Tauros|Intimidate|boost
|-unboost|p2a: Clodsire|atk|1
|turn|9
|
|t:|1743822768
|move|p1a: Tauros|High Horsepower|p2a: Clodsire
|-supereffective|p2a: Clodsire
|-damage|p2a: Clodsire|32/100
|move|p2a: Clodsire|Toxic|p1a: Tauros
|-status|p1a: Tauros|tox
|
|-heal|p2a: Clodsire|39/100|[from] item: Black Sludge
|-damage|p1a: Tauros|88/100 tox|[from] psn
|upkeep
|turn|10
|inactive|Zayzay62777 has 120 seconds left.
|
|t:|1743822820
|switch|p2a: Gholdengo|Gholdengo|100/100
|-item|p2a: Gholdengo|Air Balloon
|move|p1a: Tauros|High Horsepower|p2a: Gholdengo
|-immune|p2a: Gholdengo
|
|-damage|p1a: Tauros|76/100 tox|[from] psn
|upkeep
|turn|11
|
|t:|1743822834
|move|p1a: Tauros|Aqua Jet|p2a: Gholdengo
|-damage|p2a: Gholdengo|80/100
|-enditem|p2a: Gholdengo|Air Balloon
|move|p2a: Gholdengo|Substitute|p2a: Gholdengo
|-start|p2a: Gholdengo|Substitute
|-damage|p2a: Gholdengo|55/100
|
|-damage|p1a: Tauros|57/100 tox|[from] psn
|-sideend|p1: Zayzay62777|move: Tailwind
|upkeep
|turn|12
|
|t:|1743822845
|move|p1a: Tauros|High Horsepower|p2a: Gholdengo
|-supereffective|p2a: Gholdengo
|-end|p2a: Gholdengo|Substitute
|move|p2a: Gholdengo|Thunderbolt|p1a: Tauros
|-supereffective|p1a: Tauros
|-damage|p1a: Tauros|0 fnt
|faint|p1a: Tauros
|
|upkeep
|inactive|Zayzay62777 has 90 seconds left.
|
|t:|1743822866
|switch|p1a: Skeledirge|Skeledirge, F|100/100
|-damage|p1a: Skeledirge|75/100|[from] Stealth Rock
|turn|13
|inactive|Zayzay62777 has 90 seconds left.
|
|t:|1743822873
|move|p2a: Gholdengo|Shadow Ball|p1a: Skeledirge
|-supereffective|p1a: Skeledirge
|-damage|p1a: Skeledirge|0 fnt
|faint|p1a: Skeledirge
|
|upkeep
|inactive|Zayzay62777 has 90 seconds left.
|
|t:|1743822879
|switch|p1a: Hydrapple|Hydrapple, F|100/100
|-damage|p1a: Hydrapple|88/100|[from] Stealth Rock
|turn|14
|
|t:|1743822884
|move|p2a: Gholdengo|Substitute|p2a: Gholdengo
|-start|p2a: Gholdengo|Substitute
|-damage|p2a: Gholdengo|31/100
|move|p1a: Hydrapple|Hydro Pump|p2a: Gholdengo|[miss]
|-miss|p1a: Hydrapple|p2a: Gholdengo
|
|upkeep
|turn|15
|inactive|Zayzay62777 has 90 seconds left.
|-message|Zayzay62777 forfeited.
|
|win|Deatheye44
|raw|Zayzay62777's rating: 1119 &rarr; <strong>1097</strong><br />(-22 for losing)
|raw|Deatheye44's rating: 1156 &rarr; <strong>1178</strong><br />(+22 for winning)
|l|☆Zayzay62777
|player|p1|
