|j|☆SmolTuna
|j|☆The Pokemon Place
|t:|1743785934
|gametype|singles
|player|p1|SmolTuna|pokefanf-gen2|1701
|player|p2|The Pokemon Place|1|1729
|teamsize|p1|6
|teamsize|p2|6
|gen|9
|tier|[Gen 9] OU
|rated|
|rule|HP Percentage Mod: HP is shown in percentages
|rule|Endless Battle Clause: Forcing endless battles is banned
|rule|Species Clause: Limit one of each Pokémon
|rule|OHKO Clause: OHKO moves are banned
|rule|Evasion Items Clause: Evasion items are banned
|rule|Evasion Moves Clause: Evasion moves are banned
|rule|Sleep Moves Clause: Sleep-inducing moves are banned
|clearpoke
|poke|p1|Landorus-Therian, M|
|poke|p1|Great Tusk|
|poke|p1|Raging Bolt|
|poke|p1|Slowking-Galar, F|
|poke|p1|Ogerpon-Wellspring, F|
|poke|p1|Kingambit, F|
|poke|p2|Garchomp, F|
|poke|p2|Iron Valiant|
|poke|p2|Iron Treads|
|poke|p2|Ogerpon-Wellspring, F|
|poke|p2|Deoxys-Speed|
|poke|p2|Zamazenta-*|
|teampreview
|inactive|Battle timer is ON: inactive players will automatically lose when time's up. (requested by SmolTuna)
|j| STKXY1
|
|t:|1743785961
|start
|switch|p1a: Landorus|Landorus-Therian, M, shiny|100/100
|switch|p2a: Deoxys|Deoxys-Speed|100/100
|-ability|p2a: Deoxys|Pressure
|-ability|p1a: Landorus|Intimidate|boost
|-unboost|p2a: Deoxys|atk|1
|turn|1
|
|t:|1743785967
|move|p2a: Deoxys|Ice Beam|p1a: Landorus
|-supereffective|p1a: Landorus
|-damage|p1a: Landorus|0 fnt
|faint|p1a: Landorus
|-damage|p2a: Deoxys|91/100|[from] item: Life Orb
|
|upkeep
|
|t:|1743785971
|switch|p1a: Kingambit|Kingambit, F|100/100
|-activate|p1a: Kingambit|ability: Supreme Overlord
|-start|p1a: Kingambit|fallen1|[silent]
|turn|2
|l| STKXY1
|
|t:|1743785977
|switch|p2a: Garchomp|Garchomp, F|100/100
|move|p1a: Kingambit|Sucker Punch||[still]
|-fail|p1a: Kingambit
|
|upkeep
|turn|3
|
|t:|1743785982
|-end|p1a: Kingambit|fallen1|[silent]
|switch|p1a: Great Tusk|Great Tusk, shiny|100/100
|move|p2a: Garchomp|Earthquake|p1a: Great Tusk
|-damage|p1a: Great Tusk|65/100
|-damage|p2a: Garchomp|91/100|[from] item: Life Orb
|
|upkeep
|turn|4
|j| union boss
|
|t:|1743785987
|move|p2a: Garchomp|Draco Meteor|p1a: Great Tusk
|-damage|p1a: Great Tusk|0 fnt
|-unboost|p2a: Garchomp|spa|2
|faint|p1a: Great Tusk
|-end|p1a: Great Tusk|Protosynthesis|[silent]
|-damage|p2a: Garchomp|81/100|[from] item: Life Orb
|
|upkeep
|
|t:|1743785991
|switch|p1a: Ogerpon|Ogerpon-Wellspring, F|100/100
|turn|5
|
|t:|1743785998
|switch|p2a: Deoxys|Deoxys-Speed|91/100
|-ability|p2a: Deoxys|Pressure
|move|p1a: Ogerpon|Ivy Cudgel|p2a: Deoxys|[anim] Ivy Cudgel Water
|-damage|p2a: Deoxys|0 fnt
|faint|p2a: Deoxys
|
|upkeep
|
|t:|1743786002
|switch|p2a: Iron Valiant|Iron Valiant|100/100
|turn|6
|
|t:|1743786005
|switch|p1a: Slowking|Slowking-Galar, F, shiny|100/100
|move|p2a: Iron Valiant|Moonblast|p1a: Slowking
|-resisted|p1a: Slowking
|-damage|p1a: Slowking|84/100
|
|upkeep
|turn|7
|
|t:|1743786009
|-end|p2a: Iron Valiant|Quark Drive|[silent]
|switch|p2a: Garchomp|Garchomp, F|81/100
|switch|p1a: Ogerpon|Ogerpon-Wellspring, F|100/100
|
|upkeep
|turn|8
|
|t:|1743786013
|move|p2a: Garchomp|Draco Meteor|p1a: Ogerpon
|-damage|p1a: Ogerpon|27/100
|-unboost|p2a: Garchomp|spa|2
|-damage|p2a: Garchomp|71/100|[from] item: Life Orb
|move|p1a: Ogerpon|Ivy Cudgel|p2a: Garchomp|[anim] Ivy Cudgel Water
|-crit|p2a: Garchomp
|-damage|p2a: Garchomp|0 fnt
|faint|p2a: Garchomp
|
|upkeep
|
|t:|1743786017
|switch|p2a: Iron Treads|Iron Treads|100/100
|-item|p2a: Iron Treads|Air Balloon
|turn|9
|
|t:|1743786022
|move|p2a: Iron Treads|Ice Spinner|p1a: Ogerpon
|-damage|p1a: Ogerpon|0 fnt
|faint|p1a: Ogerpon
|
|upkeep
|
|t:|1743786026
|switch|p1a: Kingambit|Kingambit, F|100/100
|-activate|p1a: Kingambit|ability: Supreme Overlord
|-start|p1a: Kingambit|fallen3|[silent]
|turn|10
|
|t:|1743786029
|-end|p2a: Iron Treads|Quark Drive|[silent]
|switch|p2a: Iron Valiant|Iron Valiant|100/100
|move|p1a: Kingambit|Low Kick|p2a: Iron Valiant
|-resisted|p2a: Iron Valiant
|-damage|p2a: Iron Valiant|82/100
|
|upkeep
|turn|11
|
|t:|1743786034
|-terastallize|p1a: Kingambit|Ghost
|move|p2a: Iron Valiant|Trick|p1a: Kingambit
|-activate|p2a: Iron Valiant|move: Trick|[of] p1a: Kingambit
|-item|p1a: Kingambit|Choice Specs|[from] move: Trick
|-item|p2a: Iron Valiant|Leftovers|[from] move: Trick
|move|p1a: Kingambit|Swords Dance|p1a: Kingambit
|-boost|p1a: Kingambit|atk|2
|
|-heal|p2a: Iron Valiant|88/100|[from] item: Leftovers
|upkeep
|turn|12
|-message|SmolTuna forfeited.
|
|win|The Pokemon Place
|raw|SmolTuna's rating: 1701 &rarr; <strong>1683</strong><br />(-18 for losing)
|raw|The Pokemon Place's rating: 1729 &rarr; <strong>1747</strong><br />(+18 for winning)
|l|☆SmolTuna
|player|p1|
|l|☆The Pokemon Place
|player|p2|
