|j|☆Tapuuuuuuu
|j|☆abrr6
|t:|1743840589
|gametype|singles
|player|p1|Tapuuuuuuu|169|1294
|player|p2|abrr6|shadowtriad|1242
|teamsize|p1|6
|teamsize|p2|6
|gen|9
|tier|[Gen 9] OU
|rated|
|rule|HP Percentage Mod: HP is shown in percentages
|rule|Endless Battle Clause: Forcing endless battles is banned
|rule|Species Clause: Limit one of each Pokémon
|rule|OHKO Clause: OHKO moves are banned
|rule|Evasion Items Clause: Evasion items are banned
|rule|Evasion Moves Clause: Evasion moves are banned
|rule|Sleep Moves Clause: Sleep-inducing moves are banned
|clearpoke
|poke|p1|Iron Crown|
|poke|p1|Ogerpon-Wellspring, F|
|poke|p1|Blissey, F|
|poke|p1|Medicham, F|
|poke|p1|Staraptor, F|
|poke|p1|Comfey, M|
|poke|p2|Moltres|
|poke|p2|Samurott-Hisui, M|
|poke|p2|Sinistcha|
|poke|p2|Tinkaton, F|
|poke|p2|Latios, M|
|poke|p2|Landorus-Therian, M|
|teampreview
|inactive|Battle timer is ON: inactive players will automatically lose when time's up. (requested by abrr6)
|inactive|Tapuuuuuuu has 120 seconds left.
|
|t:|1743840658
|start
|switch|p1a: Medicham|Medicham, F|100/100
|switch|p2a: Landorus|Landorus-Therian, M, shiny|100/100
|-ability|p2a: Landorus|Intimidate|boost
|-unboost|p1a: Medicham|atk|1
|turn|1
|
|t:|1743840672
|move|p2a: Landorus|U-turn|p1a: Medicham
|-damage|p1a: Medicham|60/100
|
|t:|1743840679
|switch|p2a: Samurott|Samurott-Hisui, M, shiny|100/100|[from] U-turn
|move|p1a: Medicham|Ice Punch|p2a: Samurott
|-resisted|p2a: Samurott
|-damage|p2a: Samurott|79/100
|
|upkeep
|turn|2
|
|t:|1743840690
|switch|p1a: Ogerpon|Ogerpon-Wellspring, F|100/100
|move|p2a: Samurott|Ceaseless Edge|p1a: Ogerpon|[miss]
|-miss|p2a: Samurott|p1a: Ogerpon
|
|upkeep
|turn|3
|
|t:|1743840702
|switch|p2a: Landorus|Landorus-Therian, M, shiny|100/100
|-ability|p2a: Landorus|Intimidate|boost
|-unboost|p1a: Ogerpon|atk|1
|move|p1a: Ogerpon|Knock Off|p2a: Landorus
|-damage|p2a: Landorus|70/100
|-enditem|p2a: Landorus|Choice Scarf|[from] move: Knock Off|[of] p1a: Ogerpon
|
|upkeep
|turn|4
|
|t:|1743840718
|switch|p2a: Sinistcha|Sinistcha|100/100
|move|p1a: Ogerpon|Ivy Cudgel|p2a: Sinistcha|[anim] Ivy Cudgel Water
|-resisted|p2a: Sinistcha
|-damage|p2a: Sinistcha|87/100
|
|upkeep
|turn|5
|
|t:|1743840737
|move|p1a: Ogerpon|Knock Off|p2a: Sinistcha
|-supereffective|p2a: Sinistcha
|-damage|p2a: Sinistcha|51/100
|-enditem|p2a: Sinistcha|Heavy-Duty Boots|[from] move: Knock Off|[of] p1a: Ogerpon
|move|p2a: Sinistcha|Strength Sap|p1a: Ogerpon
|-unboost|p1a: Ogerpon|atk|1
|-heal|p2a: Sinistcha|100/100
|
|upkeep
|turn|6
|
|t:|1743840742
|switch|p1a: Staraptor|Staraptor, F|100/100
|move|p2a: Sinistcha|Calm Mind|p2a: Sinistcha
|-boost|p2a: Sinistcha|spa|1
|-boost|p2a: Sinistcha|spd|1
|
|upkeep
|turn|7
|
|t:|1743840754
|switch|p2a: Moltres|Moltres|100/100
|move|p1a: Staraptor|Brave Bird|p2a: Moltres
|-damage|p2a: Moltres|31/100
|-damage|p1a: Staraptor|72/100|[from] Recoil
|
|upkeep
|turn|8
|
|t:|1743840760
|move|p1a: Staraptor|Brave Bird|p2a: Moltres
|-damage|p2a: Moltres|0 fnt
|faint|p2a: Moltres
|-damage|p1a: Staraptor|60/100|[from] Recoil
|
|upkeep
|
|t:|1743840763
|switch|p2a: Tinkaton|Tinkaton, F|100/100
|-item|p2a: Tinkaton|Air Balloon
|turn|9
|
|t:|1743840779
|switch|p1a: Ogerpon|Ogerpon-Wellspring, F|100/100
|move|p2a: Tinkaton|Stealth Rock|p1a: Ogerpon
|-sidestart|p1: Tapuuuuuuu|move: Stealth Rock
|
|upkeep
|turn|10
|
|t:|1743840786
|move|p1a: Ogerpon|Ivy Cudgel|p2a: Tinkaton|[anim] Ivy Cudgel Water
|-damage|p2a: Tinkaton|32/100
|-enditem|p2a: Tinkaton|Air Balloon
|move|p2a: Tinkaton|Thunder Wave|p1a: Ogerpon
|-status|p1a: Ogerpon|par
|
|upkeep
|turn|11
|
|t:|1743840806
|switch|p2a: Sinistcha|Sinistcha|100/100
|move|p1a: Ogerpon|Ivy Cudgel|p2a: Sinistcha|[anim] Ivy Cudgel Water
|-resisted|p2a: Sinistcha
|-damage|p2a: Sinistcha|82/100
|
|upkeep
|turn|12
|
|t:|1743840812
|switch|p1a: Staraptor|Staraptor, F|60/100
|-damage|p1a: Staraptor|35/100|[from] Stealth Rock
|move|p2a: Sinistcha|Strength Sap|p1a: Staraptor
|-unboost|p1a: Staraptor|atk|1
|-heal|p2a: Sinistcha|100/100
|
|upkeep
|turn|13
|
|t:|1743840836
|switch|p2a: Tinkaton|Tinkaton, F|32/100
|move|p1a: Staraptor|Brave Bird|p2a: Tinkaton
|-resisted|p2a: Tinkaton
|-damage|p2a: Tinkaton|6/100
|-damage|p1a: Staraptor|25/100|[from] Recoil
|-enditem|p1a: Staraptor|Choice Scarf|[silent]|[from] ability: Pickpocket|[of] p1a: Staraptor
|-item|p2a: Tinkaton|Choice Scarf|[from] ability: Pickpocket|[of] p1a: Staraptor
|
|upkeep
|turn|14
|
|t:|1743840842
|move|p2a: Tinkaton|Gigaton Hammer|p1a: Staraptor
|-damage|p1a: Staraptor|0 fnt
|faint|p1a: Staraptor
|
|upkeep
|
|t:|1743840861
|switch|p1a: Iron Crown|Iron Crown|100/100
|-damage|p1a: Iron Crown|94/100|[from] Stealth Rock
|turn|15
|
|t:|1743840864
|-activate|p2a: Tinkaton|move: Struggle
|move|p2a: Tinkaton|Struggle|p1a: Iron Crown
|-damage|p1a: Iron Crown|84/100
|-damage|p2a: Tinkaton|0 fnt|[from] recoil
|faint|p2a: Tinkaton
|move|p1a: Iron Crown|Future Sight|p2: Tinkaton
|-start|p1a: Iron Crown|move: Future Sight
|
|upkeep
|
|t:|1743840876
|switch|p2a: Landorus|Landorus-Therian, M, shiny|70/100
|-ability|p2a: Landorus|Intimidate|boost
|-unboost|p1a: Iron Crown|atk|1
|turn|16
|
|t:|1743840887
|-terastallize|p1a: Iron Crown|Fighting
|move|p1a: Iron Crown|Tachyon Cutter|p2a: Landorus
|-damage|p2a: Landorus|36/100
|-damage|p2a: Landorus|3/100
|-hitcount|p2a: Landorus|2
|move|p2a: Landorus|Earthquake|p1a: Iron Crown
|-damage|p1a: Iron Crown|28/100
|
|upkeep
|turn|17
|
|t:|1743840902
|move|p1a: Iron Crown|Tachyon Cutter|p2a: Landorus
|-damage|p2a: Landorus|0 fnt
|faint|p2a: Landorus
|-hitcount|p2: Landorus|1
|
|-hint|Future Sight did not hit because the target is fainted.
|upkeep
|
|t:|1743840908
|switch|p2a: Latios|Latios, M|100/100
|turn|18
|
|t:|1743840917
|move|p2a: Latios|Calm Mind|p2a: Latios
|-boost|p2a: Latios|spa|1
|-boost|p2a: Latios|spd|1
|move|p1a: Iron Crown|Volt Switch|p2a: Latios
|-resisted|p2a: Latios
|-damage|p2a: Latios|93/100
|
|t:|1743840924
|-end|p1a: Iron Crown|Quark Drive|[silent]
|switch|p1a: Comfey|Comfey, M|100/100|[from] Volt Switch
|-damage|p1a: Comfey|88/100|[from] Stealth Rock
|
|upkeep
|turn|19
|
|t:|1743840934
|-terastallize|p2a: Latios|Steel
|move|p2a: Latios|Calm Mind|p2a: Latios
|-boost|p2a: Latios|spa|1
|-boost|p2a: Latios|spd|1
|move|p1a: Comfey|Calm Mind|p1a: Comfey
|-boost|p1a: Comfey|spa|1
|-boost|p1a: Comfey|spd|1
|
|upkeep
|turn|20
|
|t:|1743840944
|switch|p1a: Ogerpon|Ogerpon-Wellspring, F|100/100 par
|-damage|p1a: Ogerpon|88/100 par|[from] Stealth Rock
|move|p2a: Latios|Psychic Noise|p1a: Ogerpon
|-damage|p1a: Ogerpon|0 fnt
|faint|p1a: Ogerpon
|
|upkeep
|
|t:|1743840956
|switch|p1a: Blissey|Blissey, F|100/100
|turn|21
|
|t:|1743840962
|move|p2a: Latios|Calm Mind|p2a: Latios
|-boost|p2a: Latios|spa|1
|-boost|p2a: Latios|spd|1
|move|p1a: Blissey|Seismic Toss|p2a: Latios
|-damage|p2a: Latios|59/100
|
|upkeep
|turn|22
|
|t:|1743840968
|move|p2a: Latios|Calm Mind|p2a: Latios
|-boost|p2a: Latios|spa|1
|-boost|p2a: Latios|spd|1
|move|p1a: Blissey|Calm Mind|p1a: Blissey
|-boost|p1a: Blissey|spa|1
|-boost|p1a: Blissey|spd|1
|
|upkeep
|turn|23
|
|t:|1743840973
|move|p2a: Latios|Psychic Noise|p1a: Blissey
|-damage|p1a: Blissey|73/100
|-start|p1a: Blissey|move: Heal Block
|move|p1a: Blissey|Calm Mind|p1a: Blissey
|-boost|p1a: Blissey|spa|1
|-boost|p1a: Blissey|spd|1
|
|upkeep
|turn|24
|
|t:|1743840983
|move|p2a: Latios|Calm Mind|p2a: Latios
|-boost|p2a: Latios|spa|1
|-boost|p2a: Latios|spd|1
|move|p1a: Blissey|Seismic Toss|p2a: Latios
|-damage|p2a: Latios|26/100
|
|-end|p1a: Blissey|move: Heal Block
|upkeep
|turn|25
|
|t:|1743840989
|move|p2a: Latios|Recover|p2a: Latios
|-heal|p2a: Latios|76/100
|move|p1a: Blissey|Seismic Toss|p2a: Latios
|-damage|p2a: Latios|43/100
|
|upkeep
|turn|26
|
|t:|1743840993
|move|p2a: Latios|Psychic Noise|p1a: Blissey
|-damage|p1a: Blissey|46/100
|-start|p1a: Blissey|move: Heal Block
|move|p1a: Blissey|Seismic Toss|p2a: Latios
|-damage|p2a: Latios|10/100
|
|upkeep
|turn|27
|
|t:|1743841000
|move|p2a: Latios|Recover|p2a: Latios
|-heal|p2a: Latios|60/100
|move|p1a: Blissey|Seismic Toss|p2a: Latios
|-damage|p2a: Latios|27/100
|
|-end|p1a: Blissey|move: Heal Block
|upkeep
|turn|28
|
|t:|1743841007
|move|p2a: Latios|Recover|p2a: Latios
|-heal|p2a: Latios|77/100
|move|p1a: Blissey|Seismic Toss|p2a: Latios
|-damage|p2a: Latios|44/100
|
|upkeep
|turn|29
|
|t:|1743841013
|move|p2a: Latios|Psychic Noise|p1a: Blissey
|-damage|p1a: Blissey|19/100
|-start|p1a: Blissey|move: Heal Block
|move|p1a: Blissey|Seismic Toss|p2a: Latios
|-damage|p2a: Latios|10/100
|
|upkeep
|turn|30
|
|t:|1743841024
|move|p2a: Latios|Recover|p2a: Latios
|-heal|p2a: Latios|61/100
|move|p1a: Blissey|Seismic Toss|p2a: Latios
|-damage|p2a: Latios|27/100
|
|-end|p1a: Blissey|move: Heal Block
|upkeep
|turn|31
|
|t:|1743841030
|move|p2a: Latios|Psychic Noise|p1a: Blissey
|-damage|p1a: Blissey|0 fnt
|faint|p1a: Blissey
|
|upkeep
|
|t:|1743841035
|switch|p1a: Medicham|Medicham, F|60/100
|-damage|p1a: Medicham|54/100|[from] Stealth Rock
|turn|32
|
|t:|1743841051
|move|p2a: Latios|Psychic Noise|p1a: Medicham
|-crit|p1a: Medicham
|-damage|p1a: Medicham|0 fnt
|faint|p1a: Medicham
|
|upkeep
|-message|Tapuuuuuuu forfeited.
|
|win|abrr6
|raw|Tapuuuuuuu's rating: 1294 &rarr; <strong>1265</strong><br />(-29 for losing)
|raw|abrr6's rating: 1242 &rarr; <strong>1271</strong><br />(+29 for winning)
|l|☆Tapuuuuuuu
|player|p1|
|l|☆abrr6
|player|p2|
